4468 6440
748 411 852 476 547

1978 402 2462 460 PANTALEONIS
2499 403 2781 460 DIACONI
2820 403 2920 460 CP.

4061 420 4170 476 5L8

754 542 911 610 sinu,
935 545 1228 609 tanquam
1248 548 1322 589 ex
1339 546 1482 588 arca
1493 507 1735 601 fructus,
1764 528 1858 585 vel
1873 527 2103 599 aliquid
2115 526 2397 584 vescibile
2449 533 2488 581 Α
2524 526 2962 587 Suffocatornm
2993 547 3102 590 nec
3119 536 3420 596 abstinent
3441 543 3734 613 sanguine
3758 559 3771 606 :
3791 558 3935 598 nam
3953 542 4164 598 turbos

749 630 1147 692 extrahentes,
1176 619 1891 678 manducant.l)eclinant
1924 625 1982 671 ut
2026 621 2416 687 caupones,et

751 719 946 778 calido
977 723 1130 790 lyaeo
1153 717 1419 770 comesta
1448 709 1729 765 inferiora
1757 707 2028 763 credunt.

821 812 1005 865 Penes
1042 802 1371 859 monachos
1393 812 1514 854 non
1536 802 1626 852 est
1646 812 1835 851 unum
1864 794 2265 865 mursupium,
2301 791 2408 846 sed

751 897 916 955 obliti
945 895 1263 950 dicentem:
1316 889 1448 944 Nisi
1487 887 1614 958 quis
1653 885 2088 941 renuntiaverit
2119 881 2409 943 omnibus,

751 1003 883 1061 quae
898 983 1158 1054 possidet
1189 981 1256 1045 ³¹,
1284 983 1421 1046 etc.,
1443 974 1664 1045 singuli
1687 974 1910 1028 habent
1934 972 2190 1042 singula.
2226 969 2412 1061 Graeci

753 1059 1144 1147 nequaquam
1188 1070 1542 1122 venerantes
1587 1067 1952 1134 praeceptum
2008 1059 2412 1131 apostolicum

752 1164 920 1222 illud:
965 1162 1066 1215 Vir
1088 1160 1140 1213 si
1166 1170 1395 1212 comam
1423 1153 1678 1217 nutriat,
1706 1150 2035 1220 ignominia
2060 1154 2145 1203 est
2199 1148 2297 1201 illi
2341 1148 2411 1199 δι.

755 1258 976 1312 Omnes
1008 1264 1147 1304 cum
1180 1245 1446 1301 maximo
1477 1240 1673 1297 studio
1729 1237 2111 1294 incrementis
2160 1251 2412 1308 Operam

756 1344 1060 1417 praestant.
1087 1336 1270 1406 Hujus
1299 1332 1510 1403 lapsus
1539 1329 1734 1384 clerici
1762 1327 2025 1383 maxime
2047 1342 2126 1417 rei
2169 1331 2327 1417 sunt,
2356 1328 2416 1417 et

753 1414 952 1496 etiam,
979 1441 1134 1499 quos
1162 1422 1326 1477 nullo
1373 1419 1556 1474 modo
1585 1417 1756 1474 decet
1786 1461 1800 1485 ,
1823 1415 2100 1470 monachi
2122 1414 2410 1468 nutriunt.

757 1519 982 1577 Etenim
1010 1517 1069 1570 in
1099 1525 1338 1569 coronas
1369 1507 1643 1572 modum,
1674 1506 1829 1560 sicut
1869 1504 2074 1575 regula
2124 1501 2408 1574 principii,

755 1617 1065 1668 tonsuram
1096 1599 1456 1672 capillorum
1480 1611 1602 1651 non
1629 1594 1874 1661 faciunt,
1901 1593 2006 1647 sed
2026 1607 2176 1663 pene
2194 1599 2255 1645 ut
2285 1606 2420 1645 mu-

754 1701 926 1756 lieres
947 1696 1006 1752 in
1039 1693 1229 1748 fronte
1276 1685 1603 1743 dividendo
1656 1683 2095 1738 discriminant.
2168 1678 2416 1734 servazis

759 1787 1025 1857 undique
1048 1779 1301 1852 capillis,
1327 1782 1390 1832 ut
1417 1774 1553 1831 colli
1573 1773 1759 1843 nuda,
1780 1778 1841 1827 et
1866 1772 2104 1827 aurium
2122 1767 2416 1835 cartilagi-

758 1892 864 1933 nes
894 1873 1232 1946 protegant.
1263 1864 1529 1922 Mulieres
1557 1863 1795 1917 deserto
1829 1859 2084 1915 naturali
2115 1858 2278 1913 cultu
2315 1871 2413 1911 ca-
2448 1866 2490 1918 Β

757 1965 1063 2038 pillorum,
1081 1956 1272 2014 comis
1295 1959 1670 2009 mortuorum
1691 1949 2066 2005 densissimis
2083 1947 2418 2001 subornan-

759 2035 875 2122 tur,
908 2055 1117 2106 contra
1143 2044 1535 2101 monitionem
1567 2040 1724 2094 beati
1746 2038 1888 2092 Petri
1911 2035 2185 2108 apostoli,
2217 2035 2418 2090 dicen-

759 2146 854 2202 tis:
886 2137 1238 2198 Mulieribus
1267 2148 1387 2189 non
1417 2134 1493 2186 sit
1516 2130 1884 2186 extrinsecus
1904 2127 2296 2195 capillatum,
2313 2133 2422 2181 aut

760 2228 1154 2293 circumdatis
1163 2224 1432 2291 auri,aut
1451 2219 1788 2276 indumenti
1798 2218 2278 2273 vestimentomm
2295 2217 2434 2270 cul-

761 2329 857 2381 tus
887 2322 959 2376 '3.
982 2315 1247 2376 Mulieres
1275 2312 1447 2368 fusco
1476 2306 1664 2382 [fuco]
1696 2311 1754 2363 et
1782 2305 2042 2378 puniceo
2071 2305 2251 2361 facies
2282 2320 2426 2360 suas

760 2413 1039 2487 pingunt,
1067 2412 1126 2462 et
1151 2402 1333 2459 variis
1357 2398 1662 2456 coloribus
1694 2395 2126 2487 insigniuntur.

833 2501 949 2556 Viri
975 2503 1034 2555 et
1075 2493 1353 2550 mulieres
1374 2492 1820 2545 sacramentum
1843 2483 2108 2554 conjugii
2140 2499 2248 2550 pro
2278 2483 2428 2538 futili

763 2594 1066 2664 reputant.
1102 2588 1250 2641 Nam
1283 2579 1518 2652 quoties
1542 2577 1690 2632 alter
1740 2573 2063 2664 displicet,
2097 2573 2190 2629 vel
2243 2573 2428 2628 altera

764 2663 954 2743 alteri,
985 2689 1188 2732 coram
1215 2673 1470 2743 praetore
1499 2666 1732 2721 urbano
1756 2663 2166 2718 voluntatibus
2215 2677 2426 2718 eorum

764 2767 1078 2843 expositis,
1105 2757 1518 2817 instrumentis
1542 2760 1598 2810 et
1652 2752 1909 2820 cingulis
1965 2752 2244 2823 praecisis.
2300 2752 2427 2806 sine

765 2840 1236 2916 contradictione
1261 2846 1370 2902 viri
1398 2858 1633 2912 uxores,
1669 2847 1725 2896 et
1755 2840 2037 2896 mulieres
2096 2840 2259 2894 viros
2317 2855 2427 2910 pro

763 2947 934 3005 libitu
984 2938 1304 3011 accipiunt,
1351 2939 1560 2989 contra
1589 2929 1972 2997 mandatum,
2023 2928 2188 3000 quod
2239 2928 2424 2982 dicit;

770 3033 927 3106 Quod
951 3033 1107 3086 Deus
1133 3024 1470 3095 conjunxit,
1491 3021 1659 3076 homo
1682 3034 1762 3075 ne
1788 3023 2021 3088 separet
2049 3018 2119 3074 ³⁸.
2146 3019 2210 3072 In
2234 3016 2430 3072 domi-

765 3129 881 3185 bus
902 3121 1026 3178 suis
1066 3111 1518 3175 mansiunculas
1548 3113 1925 3174 construunt,
1955 3107 2016 3162 in
2040 3107 2263 3179 quibus
2292 3122 2428 3162 san-

2522 618 2847 674 comedunt
2871 620 3100 693 laqueis
3132 630 3559 698 strangulatos,
3607 637 3663 688 et
3702 631 3850 687 alias
3904 647 4063 696 aves,
4115 636 4174 686 et

2521 704 2800 763 intestina
2829 713 3120 778 sanguine
3143 719 3390 784 porcino
3420 719 3755 791 implentes,
3790 735 3900 791 pro
3942 719 4167 775 deliciis

2523 803 2863 861 vescuntur,
2893 805 3099 856 contra
3125 805 3540 874 apOStolorum
3571 808 3828 864 decreta.
3870 809 4172 877 Sanguine

2521 883 2788 939 humano
2818 903 3033 958 porcos
3071 890 3258 952 alunt.
3299 896 3403 965 qui
3459 903 3645 952 artem
3702 897 4012 952 minuendi
4058 897 4170 965 (38)

2521 982 2813 1029 exercent.
2849 978 2996 1032 Cum
3028 979 3102 1033 ad
3138 988 3440 1039 mortuum
3491 985 3901 1057 sepeliendum
3961 999 4176 1040 conve-

2523 1062 2712 1129 niunt,
2744 1065 2862 1117 noti
2887 1067 3062 1121 amici
3085 1072 3142 1122 et
3163 1072 3402 1138 cognati
3430 1073 3800 1134 accedentes.
3819 1075 3868 1128 ei
3894 1073 4172 1129 osculum

2523 1153 3356 1229 priestantsinguliJanquam
3388 1159 3684 1217 licentiam
3701 1163 4023 1234 accepturi,
4055 1176 4177 1216 mo-

2523 1254 2996 1310 repaganorum,
3037 1245 3138 1316 qui
3155 1246 3230 1299 ad
3256 1255 3544 1304 -mortuos
3569 1249 3962 1305 intendebant
3993 1249 4177 1304 verba

2523 1327 2650 1381 haec
2672 1350 2699 1376 ‹‹
2726 1328 3048 1394 Vade,cum
3074 1340 3356 1390 naturate
3378 1338 3672 1392 vocaverit
3698 1354 4050 1410 ;sequemur
4067 1344 4176 1392 te.»

2526 1416 2822 1471 Misturam
2847 1421 3156 1487 sanguinis
3195 1423 3562 1492 prohibitam
3585 1441 3620 1481 a
3651 1429 3871 1482 sanctis
3898 1426 4177 1482 Patribus

2526 1503 3003 1575 faciuntjugiter.
3026 1511 3170 1564 Nam
3196 1513 3536 1568 consobrini
3551 1514 3948 1570 consobrinus
3966 1513 4179 1570 uiores

2528 1592 2775 1648 ducunt.
2808 1595 2872 1648 ln
2927 1595 3287 1668 baptizando
3332 1609 3546 1672 praeter
3581 1602 3902 1658 Salvatoris
3960 1618 4181 1676 praece-

2530 1687 2698 1752 ptum
2719 1685 3252 1759 apostolorumque
3273 1692 3795 1761 consuetudinem,
3811 1692 3935 1746 duo
3958 1691 4183 1747 faciunt

2530 1771 2786 1826 multum
2832 1775 3265 1843 superstitiosa.
3298 1780 3490 1834 Unum
3520 1780 3789 1851 quidem,
3836 1779 4001 1852 quod
4049 1781 4181 1835 oleo

2528 1875 2636 1930 per
2681 1867 2890 1930 totum,
2937 1863 3368 1933 baptizaudum
3421 1872 3697 1937 perungit
3741 1871 4043 1936 sacer-los,
4108 1885 4181 1923 ne

2531 1965 2702 2020 aquae
2737 1950 2990 2006 tinctura
3011 1952 3176 2008 illum
3201 1957 3496 2026 pertingat
3521 1973 3533 2021 ;
3559 1957 3812 2013 alterum
3831 1974 3986 2026 vero,
4014 1957 4179 2029 quod

2529 2054 2752 2109 aquam
2767 2041 2893 2094 ﬁeri
2908 2042 3469 2100 mandantcalidam
3483 2045 3844 2102 infantulum
3859 2062 4185 2118 perpurga-

2533 2134 2728 2183 turam
2752 2145 2765 2181 :
2792 2129 2957 2200 quod
2981 2145 3197 2202 neque,
3221 2134 3487 2188 Christus
3525 2150 3722 2206 neque
3749 2134 3967 2207 aliquis
4013 2132 4181 2191 disci-

2536 2217 2814 2288 pulorum
2847 2218 3055 2273 fecisse
3083 2220 3329 2289 legitur:
3359 2237 3547 2293 quare
3567 2223 3689 2278 duo
3709 2223 4080 2295 baptismate
4103 2224 4187 2280 fa-

2536 2307 2718 2375 ciunt,
2761 2323 2898 2361 cum
2928 2309 3213 2379 scriptum
3267 2310 3378 2366 sit:
3425 2311 3586 2367 Unus
3637 2313 3947 2382 Dominus,
3999 2329 4187 2370 unum

2538 2397 2857 2466 baptisma,
2886 2414 3011 2454 una
3033 2399 3178 2466 fides
3199 2401 3270 2454 ³⁸.

2612 2489 2846 2542 Frustra
2874 2487 3121 2558 quidem
3166 2495 3428 2554 arguunt
3463 2490 3698 2546 Latinos
3745 2493 3950 2558 Graeci,
4012 2508 4190 2565 aqua;

2537 2590 2885 2648 causa,quae
2909 2592 3014 2648 per
3041 2577 3168 2632 dies
3200 2579 3540 2635 Dominicos
3574 2581 3634 2635 in
3662 2579 3927 2636 ecclesiis
3951 2581 4031 2636 ad
4057 2597 4193 2637 san-

2537 2664 2922 2721 ctiﬁcandum
2950 2667 3245 2739 populum
3276 2669 3744 2733 benedicuntur;
3782 2668 3921 2725 cum
3970 2669 4015 2724 si
4065 2669 4193 2724 haec

2539 2754 2715 2824 culpa
2737 2753 2829 2824 sit,
2867 2754 2981 2825 ipsi
3011 2755 3412 2826 multipliciter
3439 2756 3522 2811 rei
3576 2757 3711 2812 sint.
3762 2759 3909 2813 Nam
3973 2754 4193 2827 singuli

2537 2843 2786 2914 papyris
2806 2843 2937 2897 oleo
2954 2843 3072 2898 lam
3084 2844 3379 2915 padarum
3400 2844 3740 2901 ardentium
3756 2862 3961 2902 coram
3977 2845 4190 2915 imagi-

2538 2932 2717 2986 nibus
2739 2937 3086 2987 sanctorum
3110 2933 3387 2998 intinctis,
3412 2934 3638 2990 frontes
3660 2950 3803 2989 suas
3823 2940 4189 3006 perungunt,

2538 3027 2594 3076 et
2617 3035 2780 3091 aqua
2804 3035 2866 3074 se
2887 3028 3229 3092 aspergunt,
3266 3031 3304 3078 a
3342 3020 3606 3094 reliquiis
3650 3029 3996 3078 sanctorum
4053 3037 4192 3078 con-

2540 3114 2729 3173 tacta;
2759 3116 2816 3163 et
2836 3109 2897 3163 in
2918 3110 3171 3180 singulis
3193 3111 3473 3166 Kalendis
3495 3110 3945 3181 diligentissime
3961 3126 4189 3183 aquam

765 3221 1002 3272 ctorum
1031 3205 1327 3275 imagines
1343 3200 1662 3263 collocant,
1681 3203 1739 3253 et
1755 3197 1840 3252 eis
1859 3211 2041 3252 omne
2067 3195 2430 3267 obsequium
2465 3213 2503 3266 (;
2543 3197 2933 3253 sanctiﬁcant.
2983 3199 3071 3254 Ad
3115 3216 3300 3271 quam
3329 3199 3679 3270 tollendam,
3712 3199 3789 3255 de
3836 3200 4056 3255 vicinia
4102 3203 4198 3255 ve-

769 3301 1051 3361 exhibent
1086 3291 1540 3365 lampadarum,
1583 3302 1918 3352 carcerum,
1977 3291 2035 3340 et
2059 3285 2324 3350 incensi;
2375 3289 2438 3339 et

768 3387 1115 3467 synodales,
1145 3397 1304 3454 quas
1329 3384 1532 3452 patres
1557 3392 1770 3467 eorum
1819 3380 2301 3467 construxerunt,
2344 3389 2438 3429 ec-

768 3463 1013 3543 clesias,
1042 3474 1102 3529 in
1137 3468 1520 3526 solitudinem
1537 3466 1743 3520 sinunt
1758 3463 1892 3518 etin
1913 3469 2329 3534 paupertatem
2347 3476 2439 3517 re-

767 3569 933 3639 digi:
964 3570 1022 3622 et
1052 3576 1206 3635 pene
1226 3559 1286 3614 in
1318 3555 1622 3612 cubitibus
1653 3553 1777 3608 suis
1826 3551 2054 3608 faciunt
2108 3553 2434 3608 missarum

769 3654 1065 3716 solemnia
1083 3645 1392 3707 celebrari,
1419 3644 1599 3698 beato
1629 3641 1930 3713 Sylvestro
1961 3641 2076 3696 hoc
2101 3640 2428 3696 inhibente.

769 3751 912 3806 Can.
935 3766 963 3795 ‹‹
992 3739 1196 3799 Nullus
1222 3734 1537 3808 presbyter
1557 3730 1859 3786 celebrare
1921 3736 2266 3800 praesumat,
2317 3731 2408 3786 nis

769 3839 832 3894 in
855 3827 1282 3892 sacratislocis,
1301 3824 1360 3878 in
1376 3821 1547 3887 villis,
1568 3821 1626 3875 in
1645 3818 1887 3890 oppidis
1906 3818 2376 3889 provinciarum.
2398 3843 2425 3869 ››

771 3929 996 3984 Uxores
1019 3916 1425 3976 sacerdotum,
1457 3910 1711 3965 chorum
1737 3907 2158 3979 ingredientes,
2193 3908 2428 3964 oblatas

769 4028 961 4088 panes
984 4009 1061 4064 de
1085 4005 1252 4063 altari
1275 4001 1511 4064 tollunt,
1546 4004 1603 4054 et
1630 3998 1997 4088 obsequium
2023 3996 2260 4052 diaconi
2294 4014 2426 4068 per-

771 4087 1038 4175 agentes,
1083 4099 1300 4152 cuncta
1352 4106 1490 4162 quin
1534 4090 1594 4143 in
1633 4088 1862 4142 cunctis
1911 4087 2036 4141 suis
2089 4089 2428 4142 necessaria

772 4197 912 4250 sunt
931 4187 1143 4246 oﬁiciis
1187 4183 1532 4244 missarum,
1576 4183 1938 4249 praeparant.
2003 4177 2237 4231 Missam
2270 4178 2430 4231 circa

770 4285 985 4342 horam
1013 4275 1269 4342 tertiam,
1300 4284 1455 4343 pene
1485 4267 1684 4322 nullos
1725 4265 2030 4320 auditores
2071 4265 2302 4321 habens
2338 4281 2430 4320 sa-

772 4371 984 4430 cerdos
1000 4364 1280 4422 celebrat.
1297 4356 1532 4430 thuod
1550 4355 1718 4411 nefas
1730 4359 1896 4426 puto,
1925 4353 2117 4420 uxori,
2135 4354 2228 4409 vel
2245 4370 2430 4424 puero

771 4462 897 4519 ﬁlio
917 4454 1274 4519 assOciatus,
1296 4463 1450 4520 quos
1472 4461 1594 4500 non
1612 4444 1797 4499 habet
1817 4443 2034 4513 socios,
2068 4443 2162 4497 vel
2183 4443 2432 4499 comites

2549 3287 2775 3343 cientes
2803 3293 2984 3359 atque
3013 3293 3388 3359 asportantes
3417 3288 3474 3343 in
3496 3289 3714 3344 domos
3746 3304 3913 3357 suas,
3951 3305 4075 3345 non
4105 3304 4198 3345 so-

2549 3376 2673 3431 lum
2703 3377 2813 3448 ipsi
2843 3381 3193 3447 aspergunt,
3225 3377 3331 3432 sed
3360 3379 3559 3432 verius
3599 3377 3884 3433 delibant.
3927 3377 4199 3450 Apostoli

2547 3467 3081 3538 apostolorumque
3127 3481 3506 3522 successores
3550 3481 3799 3537 prorsus
3829 3467 4011 3522 etiam
4057 3483 4198 3522 cum

2546 3572 2727 3612 uxore
2747 3557 2926 3622 coire,
2941 3571 3016 3611 ne
3037 3555 3443 3611 sacerdotium
3464 3555 3818 3626 polluerent,
3839 3556 4196 3623 omiserunt;

2543 3647 2726 3701 Graeci
2756 3660 2898 3700 vero
2929 3645 3285 3708 sacerdotes,
3319 3645 3613 3700 derelictis
3640 3649 3991 3700 sanctorum
4022 3645 4197 3700 vesti-

2540 3735 2668 3806 giis,
2695 3743 2757 3789 ut
2791 3734 3100 3803 animales,
3136 3734 3555 3788 contrahentes
3587 3733 4196 3799 matrimonium,non

2533 3825 2878 3894 percipiunt
2898 3839 2964 3880 ea
2985 3839 3117 3894 quae
3137 3825 3246 3879 Dei
3263 3831 3396 3877 sunt
3419 3824 3488 3872 3".
3521 3826 3585 3878 Et
3605 3824 3772 3894 quod
3815 3823 4195 3878 abominabi-

2536 3915 2648 3971 lius
2679 3922 2783 3976 est,
2813 3931 2849 3969 a
2905 3913 3228 3968 concubitu
3284 3913 3546 3968 mulieris
3602 3919 3937 3983 surgentes,
3981 3920 4198 3970 sancta

2539 4005 2858 4076 profanant
2881 4004 3187 4073 mysteria,
3219 4018 3355 4074 quae
3384 4002 3638 4074 pollutos
3669 4009 3726 4058 et
3763 4009 4028 4058 recenter
4056 4020 4196 4058 cum

2539 4092 2891 4149 mulieribus
2922 4093 3343 4163 coinquinatos
3382 4091 3546 4147 nullo
3606 4091 3790 4147 modo
3849 4091 4198 4146 admittunt.

2539 4182 2839 4238 Christum
2865 4181 3064 4235 minus
3085 4195 3282 4252 posse,
3302 4196 3488 4251 quam
3519 4183 3700 4253 κῦριον
3755 4183 3992 4251 putant.
4049 4182 4199 4235 Nam

2540 4287 2612 4326 ex
2641 4271 2755 4325 hoc
2805 4269 3049 4341 probari
3095 4274 3306 4340 potest,
3335 4268 3500 4339 quod
3533 4269 3762 4325 Christe
3789 4269 4003 4324 eleison
4047 4283 4199 4324 nun-

2539 4375 2724 4431 quam
2747 4358 3070 4413 concinunt
3091 4376 3103 4412 :
3128 4360 3304 4427 Kyrie
3318 4359 3536 4413 eleison
3554 4357 4036 4429 frequentissime
4056 4374 4198 4413 can-

2542 4454 2668 4504 tant
2699 4448 2757 4501 in
2781 4446 2993 4502 ofﬁciis
3026 4447 3167 4501 suis.
3206 4446 3472 4502 Praelatio
3503 4447 3821 4502 sacerdotii
3872 4447 4035 4518 apud
4095 4462 4199 4501 eos

774 4546 1097 4609 salutando
1124 4542 1268 4597 dicit
1297 4556 1310 4594 :
1344 4556 1376 4590 ‹
1402 4539 1522 4592 Pax
1547 4533 1746 4590 vobis.
1776 4555 1803 4583 ››
1848 4532 2143 4589 Omnibus
2185 4533 2246 4588 in
2279 4534 2432 4598 Qua-
2466 4570 2507 4622 υ
2543 4545 2776 4593 tantum
2804 4537 2956 4592 inter
2992 4536 3328 4591 monachos
3375 4551 3503 4591 esse
3556 4536 3809 4592 videtur.
3864 4536 3985 4592 Soli
4037 4537 4197 4591 enim

773 4631 1160 4710 dragesimali
1181 4636 1452 4700 tempore
1477 4623 1848 4688 Sabbati8,el
1869 4622 2191 4678 Dominicis
2219 4622 2433 4678 diebus
2524 4626 2824 4696 monachi
2855 4631 3209 4698 potestatem
3242 4625 3515 4681 solvendi
3555 4632 3736 4697 atque
3762 4624 3988 4693 ligandi
4030 4641 4195 4681 exer-

775 4731 994 4788 missas
1019 4720 1345 4784 celebrant,
1368 4721 1426 4770 et
1445 4712 1823 4769 Dominicum
1842 4727 2064 4782 corpus
2083 4712 2431 4767 conﬁciunt.

775 4815 1039 4891 Reliquis
1065 4826 1204 4868 vero
1219 4822 1359 4864 cum
1386 4803 1582 4874 major
1605 4800 1902 4859 incumbit
1925 4801 2275 4871 necessitas,
2299 4802 2437 4857 mis~

774 4925 980 4969 sarum
1003 4898 1408 4960 solemnitates
1430 4908 1678 4967 prorsus
1698 4891 2076 4955 abdicantes.
2096 4893 2438 4964 praesancti-

775 4999 968 5059 ﬁcatis
991 4995 1258 5051 utuntur.
1285 4989 1346 5042 In
1369 4981 1854 5051 Quadragesima
1879 4981 2114 5038 silentio
2135 4998 2441 5039 commen-

776 5094 960 5150 dant:
994 5087 1150 5145 Deus
1167 5077 1479 5140 Dominus,
1505 5078 1558 5128 et
1581 5072 1788 5128 illuxit
1809 5071 1982 5127 nobis
2015 5072 2084 5137 ⁸⁵,
2112 5073 2280 5144 quod
2315 5073 2441 5130 reli-

776 5180 914 5252 quis
936 5173 1079 5235 anni
1101 5164 1478 5240 temporibus
1494 5162 1839 5252 decantant.
1859 5160 2212 5217 Sacerdotes
2230 5178 2440 5219 eorum

778 5249 947 5329 more
971 5260 1242 5324 Judaico,
1274 5252 1627 5328 promittunt
1655 5249 1900 5313 barbas,
1920 5265 2056 5321 quae
2071 5257 2212 5306 sunt
2243 5253 2441 5307 Domi-

779 5362 916 5419 nico
966 5349 1284 5422 sanguine,
1327 5359 1464 5399 cum
1516 5340 1595 5396 ab
1634 5338 1746 5394 illis
1802 5337 2050 5408 bibitur,
2107 5340 2440 5397 madentes.

853 5535 895 5567 3|
936 5532 1071 5584 Luc.
1101 5537 1221 5580 xlv.
1265 5517 1352 5574 33.
1431 5511 1523 5569 ⁸²Ι
1556 5513 1684 5567 Cor.
1712 5527 1792 5579 X1,
1830 5511 1913 5566 14.
1994 5512 2040 5546 ³³
2090 5514 2288 5570 lPetr.
2337 5530 2416 5584 ΙΙΙ,
2460 5517 2521 5572 3ο

779 5623 861 5674 ιγ,
904 5608 932 5659 5
1008 5599 1051 5632 ³⁷
1106 5595 1276 5649 lCor.
1317 5604 1378 5654 ιι,
1417 5588 1501 5643 14.

851 5745 968 5824 (38)
995 5735 1254 5800 Secandi
1279 5745 1492 5791 venas.

2542 4723 2838 4787 cent,quaa
2866 4718 3051 4779 Petro,
3095 4715 3362 4786 Petrique
3403 4714 3852 4770 successoribus
3893 4714 4196 4786 principa-

2543 4808 2672 4863 liter
2697 4811 2787 4861 est
2813 4805 3048 4860 tradita.
3075 4806 3204 4870 Qua
3225 4804 3301 4860 de
3330 4819 3520 4860 causa
3574 4803 3845 4859 studium
3891 4803 4201 4873 singulare

2544 4898 2814 4969 pecunia:
2831 4895 3173 4950 sacerdotes
3192 4894 3254 4949 in
3269 4893 3603 4949 monastico
3616 4893 3827 4949 habitu
3840 4893 4200 4949 constitutos

2547 4985 2980 5058 complectitur,
2998 4981 3457 5055 multaqueinde
3473 4982 3744 5038 facinora
3769 4982 4101 5054 proﬂuunt,
4141 4988 4208 5040 ut

2549 5074 2986 5131 evanescantin
3013 5073 3480 5142 cogitationibus
3510 5073 3637 5127 suis
3685 5078 3742 5127 et
3770 5071 4210 5141 redargutioni-

2550 5164 2666 5221 bus
2690 5166 2813 5218 suis
2839 5169 3062 5219 truces.
3090 5165 3238 5217 Nam
3270 5161 3438 5233 quod
3462 5161 3523 5216 in
3556 5177 3780 5234 magno
3834 5161 4214 5217 Constantini

2553 5252 2772 5324 palatio
2801 5251 3253 5321 diligentissime
3278 5250 3656 5315 observatur,
3686 5251 3796 5306 hoc
3840 5251 4077 5306 Latinos
4126 5249 4218 5307 fa-

2554 5344 2770 5398 cientes
2801 5346 3157 5410 coarguunt.
3179 5343 3239 5394 ln
3277 5339 3542 5396 Ecclesia
3567 5340 3772 5412 utique
3810 5337 3952 5395 dicti
3980 5338 4212 5411 palatii,

2604 5513 2652 5547 "
2688 5511 2884 5570 Matth.
2942 5526 3062 5576 xxx,
3101 5513 3152 5566 6.
3231 5511 3278 5544 ³⁵
3324 5508 3477 5565 Psal.
3538 5524 3710 5577 cxvii,
3743 5512 3835 5566 27.
3911 5508 3958 5543 ³⁸
3992 5508 4222 5581 Epheso
