4468 6440
285 381 388 437 διο

1716 392 1993 451 CONTRA
2029 383 2342 454 amcos.

3590 419 3694 472 550

279 502 386 559 ubi
417 509 638 560 sanctas
657 506 1030 574 constituunt
1069 508 1357 582 reliquias,
1399 516 1619 568 sancte
1641 514 1741 568 Dei
1771 516 1938 571 Geni-
1966 521 2011 572 Α
2042 520 2240 574 carnis
2269 519 2561 578 edulium.
2589 521 2796 581 Omnis
2825 527 3006 594 enim,
3038 532 3143 602 qui
3164 531 3224 587 in
3244 533 3410 604 regia
3429 536 3578 592 urbe
3615 537 3692 593 de

280 591 442 646 tricis
470 592 675 664 imago
702 599 839 664 post
867 594 1052 651 altare
1087 597 1220 662 sita,
1248 614 1436 670 quam
1459 602 1727 672 quodam
1749 603 1939 659 excel-

278 677 475 735 lentia:
512 681 821 753 privilegio
847 690 1065 739 vocant
1093 684 1407 743 deminam
1448 687 1669 744 domus
1696 709 1709 756 ;
1740 693 1938 747 statim

281 782 321 821 a
344 768 537 839 capite
557 769 636 839 jej
649 770 768 824 unii
795 771 855 825 in
883 772 1151 827 conclavi
1183 774 1478 830 clauditur
1495 792 1684 849 usque
1707 779 1784 834 ad
1818 796 1939 836 ma-

280 870 470 925 gnum
499 858 850 926 Sabbatnm,
873 873 1077 931 panno
1125 862 1280 918 illius
1325 870 1511 934 porta:
1564 868 1936 938 operiuntur,

279 944 551 1002 similiter
575 951 780 1004 autem
807 951 996 1005 sancti
1024 951 1344 1016 mantellis,
1387 956 1697 1027 sanctique
1754 957 1939 1012 Κονδ-

279 1033 448 1089 midii
471 1035 583 1104 (39)
603 1035 790 1104 lecos,
817 1039 1303 1109 Quadragesimm
1325 1047 1616 1114 tempore,
1644 1060 1839 1117 usque
1859 1047 1937 1104 ad

276 1122 429 1180 illud
473 1125 810 1182 Sabbatum
864 1128 1264 1186 velaminibus
1305 1138 1492 1187 tectos
1549 1135 1936 1201 custodiunt;

280 1217 506 1268 sanctte
538 1214 635 1269 Dei
690 1216 994 1272 Genitricis
1038 1218 1388 1289 imaginem,
1426 1227 1491 1277 ut
1539 1223 1690 1277 ﬁlios
1737 1230 1938 1296 partu-

277 1301 394 1356 riat
418 1302 802 1375 compellant,
853 1318 1048 1378 eaque
1094 1307 1410 1364 mediante.
1453 1310 1652 1382 ipsam
1701 1313 1934 1369 Domini

277 1391 542 1456 Matrem,
574 1399 636 1446 ut
678 1399 1010 1448 commater
1037 1393 1158 1458 ﬂat,
1193 1405 1527 1463 accersunt,
1575 1399 1687 1454 hoc
1727 1401 1927 1456 modo.

274 1477 531 1546 lmagini
561 1477 877 1534 sindonem
894 1489 1274 1548 connectunt,
1311 1490 1372 1538 ut
1399 1484 1761 1555 baptizatum
1786 1503 1929 1558 pue-

273 1579 414 1619 rum
443 1565 518 1620 de
543 1581 730 1622 manu
761 1569 1113 1637 sacerdotis,
1137 1570 1273 1641 ipsa
1305 1579 1368 1626 ut
1395 1581 1728 1630 commater
1774 1577 1925 1631 acci-

271 1652 420 1723 piat.
448 1655 640 1719 Quam
663 1657 1150 1727 superstitionem
1183 1675 1215 1714 a
1248 1677 1310 1715 se
1341 1659 1465 1716 ﬁeri
1487 1678 1762 1718 sermone
1794 1680 1927 1735 pro-

270 1741 538 1800 ﬁtentur.
564 1743 676 1799 Sed
705 1745 853 1817 quid
878 1746 1394 1820 imagoloquatur,
1426 1756 1530 1804 aut
1554 1750 1928 1824 ﬁdemspon-

270 1829 415 1885 deat
436 1845 546 1900 pro
571 1845 774 1904 puero,
799 1839 901 1889 aut
932 1836 1339 1892 testimonium
1367 1838 1580 1894 reddat
1619 1839 1923 1912 baptismi,
1957 1853 1995 1907 Β

271 1920 390 1974 nisi
423 1920 611 1976 Deum
641 1913 1007 1987 contemnat,
1031 1926 1168 1997 quis
1195 1927 1417 1982 audeat
1445 1944 1712 1985 asserere
1737 1931 1764 1986 ?
1793 1932 1928 1986 Nul-

265 2008 395 2063 lam
427 2011 862 2081 superstitionis
914 2015 1175 2084 speciem
1225 2016 1489 2072 volentes
1541 2019 1829 2089 omittere,
1877 2027 1934 2076 et

267 2097 445 2153 vivos
470 2097 680 2155 fratres
709 2101 1002 2170 habentes
1027 2104 1186 2170 odio,
1215 2112 1457 2161 sanctos
1475 2123 1580 2179 per
1613 2124 1757 2163 suas
1784 2109 1931 2164 ima-

266 2185 681 2255 ginesinvitos
711 2189 827 2245 sibi
866 2190 1079 2247 fratres
1129 2191 1373 2249 faciunt.
1425 2195 1538 2260 Qui
1589 2197 1749 2251 enim
1807 2213 1931 2255 non

266 2273 462 2346 diligit
481 2275 724 2332 fratrem
750 2295 1148 2351 suum,quem
1178 2281 1351 2347 videt,
1374 2282 1776 2356 Deum,quem
1802 2301 1928 2341 non

265 2361 550 2430 intuetur,
573 2379 772 2436 neque
792 2368 1122 2436 cognoscit,
1149 2371 1463 2440 quomodo
1478 2371 1719 2441 diliget?
1740 2374 1928 2444 Magis

265 2456 479 2508 autem
495 2467 636 2509 cum
655 2453 796 2511 ﬁcta
815 2461 874 2511 et
890 2455 1174 2514 simulata
1195 2464 1282 2519 est
1303 2465 1360 2513 et
1387 2459 1622 2515 inunita
1658 2460 1925 2517 fraterni-

266 2545 361 2597 tas
389 2540 766 2612 huiusmodi,
796 2560 912 2601 iere
939 2545 1290 2602 conducunt
1328 2548 1724 2616 sacerdotem,
1784 2567 1924 2608 cum

263 2629 329 2684 in
372 2629 632 2686 Ecclesia
667 2638 941 2689 cantatur
979 2634 1204 2701 missa;
1246 2634 1578 2693 funduntur
1624 2654 1733 2710 pro
1762 2655 1924 2696 exse-

265 2717 478 2773 crabili
507 2717 877 2780 fraternitate
907 2737 1115 2796 preces
1173 2739 1295 2780 non
1324 2726 1741 2786 exaudiendaa.
1792 2730 1926 2784 Ani-

267 2805 447 2861 malis
481 2808 643 2863 enim
673 2815 762 2863 est
797 2809 1149 2880 hujusmodi
1182 2811 1542 2880 fraternitas,
1582 2831 1704 2872 non
1752 2818 1924 2890 spiri-

263 2893 444 2950 tualis
467 2937 480 2949 .
519 2897 681 2952 Cerei
699 2897 776 2953 ad
805 2899 1005 2954 minus
1025 2902 1589 2969 accendunturduo,
1619 2910 1676 2958 et
1705 2921 1925 2976 perun-

258 2983 423 3053 gitur
450 2983 586 3041 oleo
613 2984 789 3042 ﬁctus
845 2986 1043 3055 frater,
1105 2995 1156 3044 et
1209 2996 1480 3047 sanctam
1547 2994 1928 3065 amplectitur

260 3073 618 3144 imaginem,
645 3092 832 3147 quam
859 3093 1044 3132 ausus
1063 3085 1151 3134 est
1175 3080 1370 3136 dicere
1401 3081 1664 3146 fratrem;
1697 3085 1798 3154 qui
1821 3084 1922 3139 ho-

260 3163 489 3218 micida
521 3179 654 3220 esse
675 3167 1068 3233 convincitur,
1097 3184 1238 3224 cum
1263 3169 1473 3226 fratres
1495 3187 1638 3227 suos
1661 3172 1922 3228 viventes

259 3250 408 3307 odio
439 3251 665 3310 habeat
698 3296 710 3307 .

335 3342 767 3402 Contradicunt
799 3345 1030 3403 Christo
1061 3351 1349 3418 patenter,
1384 3353 1441 3403 et
1471 3364 1652 3421 super
1674 3352 1921 3406 sanctis-

265 3428 431 3485 °imo
461 3429 624 3487 illius
636 3447 885 3506 corpore
907 3434 1107 3490 verbis
1128 3435 1532 3509 operibusque
1563 3446 1883 3495 occursant
1909 3481 1921 3494 .

261 3521 414 3574 Nam
438 3536 578 3577 cum
626 3522 754 3593 ipse
781 3538 1136 3594 azymorum
1196 3525 1370 3596 panis
1427 3526 1622 3598 specie
1681 3544 1924 3586 carnem

261 3623 443 3663 suam
474 3608 789 3684 discipulis
814 3611 1046 3668 dederit
1064 3614 1126 3669 bi
1147 3619 1422 3670 asserunt
1449 3631 1694 3688 azymos
1738 3633 1925 3688 panes

257 3695 325 3751 in
354 3712 600 3755 carnem
629 3715 752 3755 non
783 3715 961 3774 posse
999 3703 1267 3758 converti
1293 3718 1400 3774 per
1418 3703 1924 3761 benedictionem.

265 3786 401 3851 Qua
428 3803 501 3843 ex
530 3803 612 3860 re,
642 3791 1007 3848 sacramenti
1060 3791 1329 3863 corporis
1390 3793 1623 3848 Domini
1691 3795 1925 3850 Latinos

262 3875 436 3932 aiunt
465 3882 738 3950 expertes
771 3920 784 3932 .
819 3877 935 3936 Sed
965 3895 1001 3936 ο
1033 3879 1359 3950 Pelagiana
1389 3881 1777 3938 incredulitas
1808 3884 1819 3938 l
1876 3883 1923 3938 si

258 3979 387 4020 non
407 3966 624 4022 credas
649 3967 925 4041 Latinum
974 3969 1350 4026 sacerdotem
1390 3970 1767 4028 incruentam
1817 3973 1921 4052 im-

255 4053 491 4110 molare
516 4053 798 4122 hostiam,
831 4057 1126 4114 conficere
1158 4074 1378 4130 corpus
1410 4059 1642 4131 Christi,
1694 4060 1920 4117 haereti-

254 4160 364 4198 cus
395 4160 460 4198 es
489 4187 502 4198 .
528 4147 676 4201 Nam
707 4146 878 4202 multi
900 4163 1006 4219 per
1035 4148 1231 4224 ipsam
1263 4147 1742 4207 immolationem
1785 4166 1919 4206 san-

252 4231 596 4289 ctiﬁcantur
677 4249 785 4306 per
854 4251 1118 4308 quorum
1167 4237 1450 4309 reliquias
1495 4238 1715 4308 jugiter
1766 4239 1920 4297 ﬁunt

251 4321 572 4378 miracula.
617 4326 841 4380 Rursus
890 4325 941 4381 si
971 4325 1182 4391 credis,
1215 4327 1538 4382 hereticus.
1580 4331 1727 4384 Nam
1759 4329 1916 4384 dete-

251 4411 431 4466 staris
452 4412 619 4483 quod
647 4412 907 4469 Ecclesia
931 4415 1272 4470 Latinorum
1297 4416 1538 4472 conﬁcit
1560 4433 1780 4489 corpus
1809 4420 1914 4474 Do-

251 4501 547 4556 minicum
583 4519 596 4568 ;
643 4509 699 4557 et
736 4502 936 4575 potius
975 4503 1066 4558 vis
1105 4503 1166 4558 in
1206 4509 1362 4560 sorte
1399 4504 1566 4561 Judm
1614 4507 1916 4564 traditoris

253 4591 862 4663 annumerari,quam
893 4591 1051 4647 illius
1074 4592 1445 4649 sanctissimi
1472 4595 1739 4667 corporis
1769 4613 1915 4669 par-

251 4674 501 4746 ticipare
534 4691 548 4742 ;
580 4674 687 4731 sed
743 4676 1047 4732 attendere
1077 4677 1259 4733 debet
1313 4679 1703 4747 Christianus,
1748 4682 1914 4753 quod

250 4764 408 4819 sicut
438 4764 575 4827 vina
600 4765 844 4821 diversa
881 4766 1132 4822 verbum
1181 4767 1280 4822 Dei
1311 4768 1371 4822 in
1398 4769 1778 4840 sanguinem,
1833 4772 1916 4828 ita

248 4867 444 4923 panes
465 4868 712 4926 azymos
729 4859 786 4912 et
815 4853 1226 4918 fermentatos,
1250 4871 1373 4911 non
1400 4856 1552 4913 adeo
1572 4855 1916 4915 differentes

246 4948 558 5014 permutat
579 4945 644 5000 in
673 4960 917 5002 carnem
951 4987 963 5000 .
1004 4945 1060 5002 Si
1104 4945 1256 5001 forte
1309 4947 1549 5002 Latinus
1608 4948 1915 5020 sacerdos,

244 5034 415 5106 quod
431 5035 530 5090 vix
552 5034 908 5107 permittitur
933 5035 995 5090 in
1032 5034 1304 5091 Ecclesiis
1338 5051 1571 5104 eorum,
1609 5039 1918 5097 Dominica

240 5133 521 5202 peragat,
562 5127 800 5182 Graecus
831 5140 954 5180 non
983 5125 1098 5180 nisi
1129 5124 1335 5181 abluto
1365 5125 1538 5182 altari
1569 5127 1792 5184 ibidem
1825 5145 1921 5188 ce-

237 5217 462 5274 lebrat.
494 5215 767 5281 Ulterius,
810 5213 1055 5270 Latinus
1094 5229 1235 5270 cum
1275 5217 1480 5271 Graeca
1517 5216 1767 5274 muliere
1807 5236 1915 5277 vo-

235 5308 372 5364 lens
399 5305 856 5363 matrimonium
880 5303 1255 5369 contrahere,
1277 5304 1624 5375 juramento
1651 5310 1916 5380 compel-

235 5400 380 5456 litur
396 5397 674 5454 deserere
704 5395 1196 5451 communionem
1229 5411 1426 5461 suam,
1468 5397 1910 5457 confessionem

238 5504 444 5558 suam,
474 5483 1675 5560 baptismum,jejuniumSabbatorum,et
1701 5489 1912 5548 Christi

311 5696 428 5770 (59)
461 5698 656 5755 Locus
683 5695 1022 5766 corruptus.

2043 604 2324 663 fratribus
2354 611 2692 667 Graecorum
2725 629 2971 672 uxorem
2989 617 3407 693 ducit,scripto
3438 624 3696 695 spondet

2037 696 2383 765 juramento
2401 700 2570 770 quod
2589 700 2806 758 deinde
2825 719 2943 760 non
2976 707 3370 766 manducabit
3387 712 3445 766 in
3463 714 3693 785 azymis

2044 798 2288 839 carnem
2321 788 2575 850 Domini,
2609 804 2717 845 nec
2738 791 2892 847 ﬁlios
2920 797 3256 853 secundum
3293 800 3473 856 ritum
3517 801 3696 858 faciet

2045 870 2356 943 baptizari,
2384 888 2579 948 neque
2610 879 2905 936 sacerdoti
2967 885 3172 942 Latino
3225 893 3473 957 peccata
3511 889 3693 945 conﬁ-

2045 959 2282 1027 tebitur,
2304 978 2503 1036 neque
2522 966 2583 1020 in
2611 966 2874 1025 Sabbato
2898 969 3199 1040 jcjunabit
3233 982 3446 1046 praeter
3501 981 3693 1034 unum

2047 1048 2264 1138 solum,
2286 1063 2483 1124 neque
2495 1068 2614 1108 non
2627 1069 2664 1110 a
2679 1057 2985 1113 Dominica
2996 1060 3486 1133 Quadragesime
3499 1081 3694 1138 usque

2045 1136 2122 1192 ad
2153 1138 2383 1195 Pascha
2417 1147 2688 1198 vescetur
2715 1146 3023 1204 carnibus.

2115 1228 2454 1284 Grecorum
2486 1233 2829 1288 sacerdotes
2851 1235 3137 1293 omnibus
3169 1239 3367 1296 modis
3417 1241 3695 1300 laborant

2040 1315 2354 1371 ostendere
2394 1317 2528 1386 plus
2554 1318 2724 1375 factis
2752 1337 2939 1392 quam
2967 1324 3162 1388 dictis,
3191 1327 3357 1398 quod
3407 1329 3694 1388 inviolata

2039 1403 2191 1458 ﬁdes
2210 1411 2610 1462 sacrosancta
2634 1410 2918 1466 Romanas
2953 1413 3229 1469 Ecclesiae
3247 1416 3408 1472 irrita
3431 1419 3520 1472 sit.
3544 1421 3692 1475 Nam

2036 1508 2461 1566 quemcunque
2496 1496 2764 1552 Latinum
2815 1500 2928 1556 sibi
2974 1504 3279 1559 associant
3323 1521 3432 1577 per
3484 1507 3690 1575 ﬁdem,

2035 1581 2159 1637 sive
2176 1581 2447 1651 latenter,
2485 1584 2609 1640 sive
2660 1592 2930 1656 patenter
2959 1590 3289 1661 baptizant.
3338 1595 3504 1650 Unde
3546 1597 3697 1654 Lati-

2035 1685 2252 1727 norum
2279 1672 2453 1742 ﬁlios,
2505 1674 2913 1730 mediantibus
2967 1679 3282 1745 matribus,
3327 1681 3467 1738 dicti
3499 1699 3692 1740 sacer-

2033 1761 2224 1820 dotes,
2257 1762 2531 1832 patribus
2563 1763 2984 1832 nescientibus,
3014 1766 3404 1838 rebaptizant,
3427 1770 3694 1844 baptiza-

2035 1853 2128 1904 tos
2143 1848 2265 1919 jam
2285 1851 2622 1907 secundum
2635 1852 2816 1907 ritum
2832 1852 3384 1921 Latinorum.0uod
3406 1860 3692 1918 omnibus

2036 1937 2211 1993 dictis
2241 1954 2427 2011 supra
2457 1941 3012 1998 abominationibus
3037 1945 3444 2003 detestabilius
3471 1955 3577 2006 est.
3610 1953 3692 2008 Ex

2038 2027 2232 2082 indice
2255 2028 2369 2083 hoc
2401 2030 2689 2085 mellitum
2739 2029 2832 2085 lac
2861 2031 3013 2087 inter
3053 2040 3299 2090 caeteras
3349 2039 3689 2097 Graecorum

2039 2118 2502 2173 consuetudines
2543 2124 2844 2190 repertum
2871 2123 3179 2192 expressi:
3220 2130 3284 2179 ut
3311 2142 3453 2182 cum
3483 2129 3690 2201 eoipsi

2041 2211 2281 2275 pectora
2296 2208 2700 2278 purgaverint,
2730 2215 2816 2264 ter
2825 2208 3088 2281 plurium
3109 2213 3452 2271 animarum
3469 2232 3532 2272 se
3551 2233 3690 2274 reos

2035 2301 2492 2365 recognoscant.

2457 2440 2544 2496 De
2580 2442 2852 2497 conciliis
2881 2422 3280 2512 yeneralibus.

2102 2567 2547 2638 Consequenter
2599 2572 2740 2639 post
2781 2569 3065 2640 prasdiota
3110 2572 3568 2646 videndumest
3610 2578 3688 2636 de

2033 2654 2299 2710 conciliis
2338 2656 2720 2725 generalibus
2784 2663 2841 2714 et
2881 2659 3364 2734 particularibus,
3417 2665 3688 2732 videlicet

2037 2742 2161 2810 ubi,
2182 2759 2345 2816 quan
2360 2743 2452 2810 io,
2473 2751 2531 2800 et
2550 2761 2586 2800 a
2605 2746 2845 2818 quibus,
2881 2754 2937 2803 et
2959 2764 3067 2824 pro
3089 2749 3310 2821 quibus
3335 2754 3533 2810 causis
3560 2754 3687 2825 fue-

2035 2838 2173 2888 runt
2193 2831 2527 2889 celebrata:
2562 2840 2619 2890 et
2637 2836 2818 2891 etiam
2844 2837 2950 2908 qui
2978 2837 3116 2904 sint,
3173 2840 3278 2911 qui
3333 2840 3505 2898 dictis
3547 2860 3686 2901 con-

2034 2921 2182 2977 ciliis
2216 2923 2453 2980 fuerunt
2477 2924 2883 2999 condemnati.
3331 3001 3359 3011 η
3533 3003 3537 3008 η

2108 3011 2448 3084 Sciendum,
2477 3013 2644 3085 quod
2674 3013 2808 3070 licet
2847 3020 3076 3087 septem
3107 3015 3199 3072 vel
3245 3024 3379 3075 octo
3410 3017 3686 3083 dicantur

2032 3101 2284 3157 concilia
2333 3102 2496 3173 apud
2551 3103 2848 3174 sapientes
2898 3105 3263 3177 Graecorum,
3316 3109 3376 3186 in
3405 3110 3686 3185 librolqui

1955 3197 1995 3251 C
2029 3190 2414 3246 Nomocanon
2454 3190 2687 3256 dicitur,
2706 3193 3044 3249 invenimus
3061 3198 3544 3273 tamenquinque
3558 3206 3688 3284 tan-

2032 3283 2159 3334 tum
2197 3295 2270 3334 ex
2298 3279 2447 3352 ipsis
2477 3295 2613 3353 quae
2635 3280 2941 3351 generalia
2968 3283 3268 3340 habentur
3311 3288 3600 3364 concilia,

2032 3384 2154 3424 non
2187 3368 2380 3441 plura,
2414 3375 2471 3424 et
2499 3369 2636 3426 ideo
2664 3371 2986 3441 contigisse
3015 3373 3291 3445 credunt,
3335 3377 3504 3450 quod
3562 3367 3686 3442 non

2031 3456 2363 3514 intercessit
2393 3458 2453 3513 in
2475 3458 2559 3515 eis
2581 3457 2877 3532 pontiﬁcis
2932 3462 3186 3519 Romani
3232 3466 3556 3523 auctoritas
3583 3487 3600 3540 ί
3628 3475 3688 3527 et

2030 3547 2297 3618 episcopi
2328 3562 2450 3603 non
2475 3547 2715 3603 fuerunt
2744 3549 3158 3607 universaliter
3185 3553 3364 3625 citati,
3408 3555 3504 3612 vel
3527 3543 3686 3616 certe

2032 3635 2177 3708 quia
2198 3652 2318 3691 non
2350 3635 2666 3692 ediderunt
2695 3652 2978 3708 canones,
3010 3639 3150 3696 ﬁdei
3179 3639 3516 3703 doctrinam
3546 3661 3686 3704 con-

2033 3725 2306 3792 tinentes,
2330 3728 2436 3780 sed
2467 3726 2888 3782 tantummodo
2916 3727 3017 3784 illa
3035 3745 3171 3801 quae
3206 3730 3286 3786 ad
3303 3717 3686 3794 honestatem

2033 3819 2091 3870 et
2111 3830 2309 3872 mores
2330 3814 2597 3894 Ecclesiae
2625 3816 3020 3887 pertinebant.
3072 3819 3292 3876 Verum
3344 3821 3467 3878 sive
3509 3838 3686 3895 gene-

2033 3903 2202 3974 ralia,
2250 3904 2373 3960 sive
2432 3904 2836 3976 particularia,
2898 3907 2990 3961 vel
3035 3923 3402 3982 quocunque
3440 3899 3686 3990 nomine

2032 3998 2409 4061 censeantur,
2441 4000 2660 4050 cuncta
2689 4000 2911 4067 tamen,
2960 4011 3099 4068 quae
3123 3997 3184 4070 in
3236 3999 3382 4072 ipsis
3434 3999 3688 4074 ﬁdeliter

2031 4087 2198 4151 gesta
2228 4089 2385 4153 sunt,
2419 4083 2819 4139 communiter
2867 4091 3005 4140 sunt
3032 4093 3274 4158 recepta
3334 4106 3346 4143 :
3377 4093 3433 4146 et
3475 4105 3687 4164 eorum

2029 4174 2371 4239 auctoritas,
2395 4178 2519 4230 tam
2549 4173 2608 4229 in
2640 4175 2893 4245 negotiis
2914 4175 3074 4243 ﬁdei,
3106 4191 3296 4249 quam
3320 4179 3383 4235 in
3399 4179 3549 4249 aliis,
3582 4198 3686 4256 pa-

2026 4276 2154 4317 rem
2179 4261 2406 4318 obtinet
2433 4262 2797 4319 ﬁrmitatem.

2025 4408 2110 4463 De
2132 4407 2335 4476 prima
2359 4413 2572 4462 sancta
2598 4412 2653 4463 et
2676 4408 3012 4464 universali
3029 4410 3259 4479 synodo
3270 4411 3553 4484 Nicana;
3583 4414 3684 4471 Ito-

2092 4497 2362 4552 γηοαεὶοη
2400 4497 2627 4551 Filium
2652 4497 2830 4552 Patri
2855 4498 3083 4567 deﬁnit,
3119 4513 3325 4556 verum
3383 4501 3574 4558 Deum
3629 4511 3686 4561 et

2099 4585 2413 4652 hominem,
2436 4590 2760 4642 creatorem
2782 4588 3068 4654 omnium,
3092 4603 3214 4644 non
3239 4595 3611 4649 creaturam.

2099 4711 2293 4766 Prima
2329 4710 2509 4782 igitur
2547 4717 2757 4767 sancta
2803 4716 2861 4768 et
2907 4713 3261 4771 universalis
3319 4715 3592 4788 synodus
3621 4719 3686 4792 in

2030 4800 2334 4872 provincia
2365 4799 2669 4873 Bithynia,
2703 4801 2935 4858 civitate
2965 4802 3183 4869 Nicaea,
3216 4808 3484 4878 tempore
3539 4807 3685 4865 Con-

2029 4889 2271 4946 stantini
2301 4890 2494 4960 Magni
2522 4889 2831 4963 principis,
2854 4906 3038 4963 quem
3070 4892 3256 4949 Graeci
3285 4893 3347 4950 in
3398 4894 3685 4969 Catalogo

2031 4985 2381 5036 sanctorum
2409 4985 2753 5045 numerant.
2783 4980 2898 5038 sub
2919 4980 3269 5040 beatissimo
3290 4978 3454 5057 papa
3487 4984 3686 5059 Sylva-

2030 5075 2169 5142 stro,
2194 5068 2300 5124 ubi
2336 5068 2602 5126 interfuit
2647 5068 2819 5126 Osius
2875 5071 3197 5144 episcopus
3254 5073 3568 5143 Cordubae,
3627 5079 3687 5134 et

2030 5159 2220 5215 Victor
2245 5158 2319 5215 de
2350 5160 2538 5227 Italia,
2565 5158 2772 5214 vicarii
2790 5159 3024 5216 domini
3045 5163 3237 5234 Papia,
3268 5163 3683 5236 Metrophanes

2027 5249 2514 5321 archiepiscopus
2536 5249 3258 5323 Constantinopolitanus,
3277 5257 3333 5309 et
3347 5253 3685 5332 Alexander

2028 5339 2368 5411 patriarcha
2393 5337 2849 5406 Alexandrinus,
2878 5340 3221 5396 Eustathius
3251 5340 3682 5413 Antiochenus,

2024 5429 2314 5485 Macarius
2345 5427 2939 5500 Hierosolymitanus.
2999 5429 3262 5487 Fuerunt
3310 5436 3514 5488 autem
3539 5439 3683 5490 cum

2021 5519 2147 5575 istis
2162 5524 2220 5576 et
2248 5518 2346 5576 alii
2379 5521 2579 5575 Patres
2598 5517 2809 5588 sancti,
2856 5535 3110 5578 numero
3167 5521 3409 5579 trecenti
3433 5526 3492 5580 et
3544 5527 3682 5583 octo

2023 5613 2078 5666 et
2098 5609 2327 5665 decem.
3616 5679 3644 5686 α

2084 5698 2504 5757 Convenerunt
2527 5702 2737 5758 autem
2761 5703 2974 5759 contra
2992 5697 3201 5758 Arium
3251 5715 3411 5764 vana
3440 5698 3683 5776 sapien-
