4468 6440
857 375 951 432 εει
2091 361 2567 441 PANTALEONIS
2605 383 2621 439 1

2482 371 2567 441 iis
2605 377 2890 442 DIACONI
2929 385 3033 444 CP.
4159 401 4246 458 532

852 501 993 588 tem,
1037 498 1142 588 qui
1194 499 1304 556 fuit
1341 502 1482 557 tunc
1532 498 1821 588 temporis
1876 499 2189 574 presbyter
2218 504 2584 586 Ecclesiae'A
2614 507 2849 565 tellectu
2885 509 3156 568 humano
3195 515 3252 569 et
3287 512 3348 570 in
3395 515 3586 572 morte
3635 517 3904 588 corporis
3969 535 4248 581 commor-

849 587 1286 684 Alexandrinm.
1322 587 1901 684 Hic_quidem_Arius
1919 588 2366 663 blasphemavit
2397 597 2508 651 Do-
2613 600 2779 655 tuam
2803 598 3200 671 divinitatem,
3224 587 3801 671 asserebant,Sancti
3833 624 3973 665 vero
3996 612 4248 684 praedicti

848 675 1084 733 minum
1114 683 1388 734 nostrum
1420 680 1643 744 Jesum,
1705 680 1892 733 Deum
1944 693 2176 742 verum.
2221 685 2278 737 et
2295 698 2504 740 verum
2612 688 2811 744 Patres
2839 688 3040 760 ipsam
3065 705 3310 747 carnem
3339 692 3668 749 animatam
3697 698 3755 750 et
3797 675 4244 758 intellectualem

847 763 1178 823 hominem.
1238 766 1482 824 Dicebat
1527 766 1686 823 enim
1742 766 1916 824 illum
1964 782 2095 823 esse
2143 775 2498 828 creaturam.
2610 775 3136 842 conﬁrmaverunt,
3179 779 3501 838 habentem
3522 782 4246 848 animamnostrisanima-

847 853 986 910 Ideo
1015 853 1258 927 impius,
1311 859 1367 911 et
1409 855 1988 912 consubstantialem
2023 858 2141 912 Deo
2193 859 2347 915 Patri
2390 876 2501 916 nec
2608 863 2725 920 bus
2753 865 3006 922 similem
3046 869 3529 927 etrationalem.

845 958 1117 1037 pnquam
1145 944 1431 1012 conﬁteri,
1454 959 1565 1001 nec
1590 943 1968 1001 considerare
1989 960 2126 1002 cum
2150 947 2278 1003 aliis
2295 949 2498 1006 catho-
2679 958 2743 1010 In
2768 959 2976 1013 sancta
3005 961 3206 1014 tamen
3239 960 3476 1031 synodo
3505 960 3702 1017 dictus
3732 963 4058 1037 imperator
4081 967 4246 1026 Theo-

843 1012 969 1087 licis
997 1031 1142 1087 viris
1182 1032 1401 1124 voluit;
1453 1050 1592 1089 cum
1647 1034 1762 1090 ista
1798 1034 2108 1124 confessio
2155 1039 2497 1094 communis
2607 1042 2813 1100 dosius
2843 1044 3101 1102 multum
3125 1012 3404 1117 excessit,
3439 1050 3670 1106 faciens
3708 1012 4013 1124 quaedam,
4053 1064 4248 1115 contra

843 1126 999 1178 esset
1033 1122 1338 1190 omnibus,
1371 1124 1602 1180 cunctis
1649 1122 1997 1195 praedicata,
2057 1124 2278 1183 scilicet
2328 1128 2494 1200 quod
2603 1131 2815 1202 primae
2852 1138 2910 1189 et
2948 1139 3169 1191 sanctae
3209 1137 3447 1208 synodi,
3490 1153 3561 1194 ac
3599 1122 3944 1199 reverendae
3970 1122 4245 1204 instituta.

839 1211 1038 1308 omnis
1064 1211 1220 1308 filius
1242 1211 1801 1308 ejusdem-patara
1847 1212 1923 1270 sit
1973 1229 2112 1269 cum
2151 1215 2414 1286 genitore
2436 1221 2493 1274 et
2602 1222 2831 1308 Etenim
2890 1227 3081 1308 coegit
3110 1241 3296 1298 supra
3325 1228 3665 1286 nominatos
3696 1235 3936 1289 centum
3961 1234 4248 1308 quinqua-

838 1298 1221 1371 substantiae;
1247 1305 1322 1368 et,
1355 1300 1459 1373 qui
1489 1299 1695 1356 Filium
1719 1302 1874 1356 inter
1916 1307 2220 1359 creaturas
2242 1321 2486 1378 compu-
2599 1301 2761 1370 ginta
2800 1305 2999 1359 Patres
3023 1304 3178 1361 clam
3201 1322 3444 1363 summo
3466 1308 3748 1380 pontiﬁce
3765 1316 3821 1367 et
3847 1298 4067 1370 vicario
4105 1298 4243 1387 ejus,

836 1391 939 1453 tat,
971 1387 1048 1443 de
1083 1389 1430 1445 necessitate
1452 1389 1630 1446 etiam
1663 1393 1892 1446 Patrem
1916 1396 2253 1447 creaturam
2305 1395 2486 1450 conﬁ-
2598 1395 2662 1446 ut
2701 1393 3430 1466 Constantinopolitanam
3473 1397 3678 1453 sedem
3719 1399 4113 1459 sublimarent
4147 1420 4245 1461 no-

834 1480 1010 1534 tetur,
1043 1477 1230 1542 Unde,
1284 1477 1446 1533 hunc
1486 1483 1779 1550 tanquam
1833 1479 2145 1536 inimicum
2199 1482 2482 1550 veritatis,
2597 1471 2757 1526 mine
2788 1472 3160 1544 patriarchae.
3194 1475 3278 1530 illi
3304 1476 3714 1548 attribuentes,
3744 1481 3911 1552 quod
3950 1488 4089 1540 ante
4128 1499 4244 1541 non

833 1565 1014 1624 simul
1042 1582 1178 1623 cum
1196 1566 1327 1633 illis,
1370 1567 1476 1640 qui
1502 1567 1663 1623 idem
1703 1568 2040 1639 sapiebam,
2094 1570 2485 1628 anathemati.
2595 1559 2877 1616 habebat.
2913 1563 3055 1627 Quae
3078 1578 3170 1618 res
3202 1565 3571 1620 vehementis
3596 1566 3913 1625 discordiae
3942 1576 4000 1626 et
4027 1578 4244 1645 pertur-

832 1660 1052 1724 zantes,
1076 1656 1154 1712 ab
1186 1656 1445 1713 Ecclesia
1473 1656 1795 1728 ejecerunt,
1827 1657 1945 1713 hoc
1992 1663 2102 1729 est,
2157 1660 2484 1718 Eusebium
2592 1648 2596 1702 Ᾰ

2477 1680 2484 1718 ι
2592 1646 2853 1705 bationis
2892 1650 3126 1707 sentina
3162 1656 3220 1708 et
3256 1668 3444 1709 causa
3465 1654 3704 1724 exstitit,
3736 1661 3794 1712 et
3831 1673 4024 1731 usque
4072 1660 4241 1718 hodie

831 1743 1212 1814 Nicomediae,
1268 1745 1630 1802 Eunomium
1668 1749 1725 1802 et
1753 1745 2187 1804 Macedonium.
2221 1749 2291 1805 Hi
2324 1750 2481 1806 enim
2595 1744 2954 1809 Perseverat-

829 1834 1110 1904 quamvis
1129 1835 1192 1889 in
1220 1833 1586 1890 dictionibus
1635 1835 1757 1890 suis
1809 1834 2134 1904 differrent,
2185 1841 2389 1895 tamen
2421 1843 2485 1896 ut

830 1897 1004 1979 Arius
1041 1939 1080 1980 a
1130 1924 1374 1981 veritate
1429 1923 1797 1982 exciderunt.
1830 1897 2237 1984 Orthodoxam
2281 1934 2483 1986 autem
2525 1897 2594 1964 Β·

2476 1952 2483 1986 ι
2525 1897 2564 1951 Β
2591 1909 2679 1966 De
2709 1913 2886 1967 tertia
2907 1910 3158 1982 synodo,
3181 1911 3458 1982 Ephsi'na
3487 1913 3689 1983 prima
3724 1931 3737 1972 :
3772 1916 3881 1973 Dei
3902 1913 4240 1979 Genitricem

828 2011 1012 2068 ﬁdem
1036 2013 1565 2080 conﬁrmaverunt,
1599 2013 2173 2072 consubstantialem
2217 2018 2370 2074 Patri
2399 2019 2483 2075 Fi-
3089 2004 3411 2071 σοηβίείιιν
3447 2003 3709 2062 Mariam

825 2100 973 2156 lium
1004 2101 1434 2158 conﬁrmantes
1464 2106 1519 2158 et
1549 2103 1972 2175 praedicantes,
2027 2111 2481 2180 creatoremque

2479 2149 2481 2157 π
2660 2133 2850 2191 Tertia
2877 2140 3086 2192 sancta
3115 2140 3173 2192 et
3209 2137 3566 2193 universalis
3609 2139 3880 2210 synodus
3952 2141 4243 2203 celebrata

1352 2206 1476 2299 n92
1507 2193 2000 2299 Er°a_t}’rf“?’1se‘.1
2049 2210 2259 2299 vernn}
2291 2199 2480 2299 De“?
2589 2220 2698 2278 fuit
2736 2225 2899 2296 apud
2924 2225 3223 2298 Ephesum
3255 2193 4242 2299 tcmporisbusTheodosiiJunioris

824 2279 1486 2394 ffqurggtogfgtjf
1517 2281 1833 2394 ﬁgi-333313]
1846 2283 2294 2394 gesserim:
2310 2286 2481 2394 ξιξοά
2589 2310 2701 2367 sub
2725 2279 3223 2387 ςὲειεειίὶιᾶρειρέ
3252 2279 3696 2372 agragas;
3710 2279 4242 2394 ἧιίῐεῖῐιιέἰῖεξνῑέἧὶῖέ

825 2373 1157 2483 ipsisancti
1196 2373 1476 2483 Patres-ip
1528 2373 1919 2483 inspiratione
1975 2376 2165 2431 sancti
2225 2375 2476 2448 Spiritus
2587 2417 2848 2472 magnus
2877 2373 3546 2477 docto},étpatriarcha
3579 2373 4064 2467 Alexanggiggt“

825 2463 968 2515 tunc
1004 2464 1289 2532 tempom
1318 2458 1653 2517 ed‘demm'
2586 2497 2887 2563 pugnator
2917 2458 3234 2562 Ecclesiae,r
3253 2496 3513 2550 Joannes
3543 2495 3888 2564 Antiochiae,
3942 2458 4237 2557 Iuvenalis

827 2571 915 2626 De
940 2570 1203 2626 secunda
1244 2569 1492 2640 synodo,
1540 2571 2214 2640 Constantinopolitana
2253 2576 2473 2644 prima,
2587 2581 3525 2655 Hierosolymorum,elMemnon
3549 2585 3961 2656 Ephesiorum.
3990 2592 4239 2647 Praeerat

899 2673 1034 2729 quae
1047 2658 1339 2727 Spiritum
1359 2663 1632 2714 sanctum
1655 2657 2056 2716 Patri'etFitio
2083 2663 2474 2719 consubstan-
2586 2687 2662 2727 au

2586 2677 2786 2728 autem
2813 2678 2955 2728 tunc
2985 2674 3271 2745 temporis
3290 2673 3414 2729 sedi
3434 2675 4239 2748 Constantinopolitante‘im-

897 2748 1101 2804 ti'alem
1135 2748 1511 2817 pronuntiat.
2584 2760 2720 2833 pius
2768 2762 3070 2817 Nestorius
3124 2764 3272 2817 Cum
3323 2762 3417 2817 his
3474 2763 3676 2837 itaque
3717 2766 3937 2821 sanctis
3971 2766 4243 2823 Patribus

895 2853 1171 2912 Secunda
1227 2859 1429 2911 autem
1466 2858 1674 2912 sancta
1726 2859 1783 2912 et
1820 2856 2171 2914 universalis
2199 2859 2471 2932 synodus
2585 2851 2911 2907 fueruntet
2949 2851 3045 2908 alii
3086 2852 3278 2907 Sancti
3317 2868 3504 2924 quam
3545 2854 3766 2926 plureS,
3807 2871 4064 2912 numero
4138 2856 4245 2912 du-

819 2941 1914 3017 fuitConstantinopolitana,tempore
1934 2948 2137 3017 magni
2158 2949 2472 3005 Theodosii
2582 2942 3194 2998 centi.Convenerunt
3222 2947 3422 2997 autem
3441 2946 3867 3018 contraipsum
3916 2946 4245 3001 Nestorium

817 3033 1214 3107 imperatoris,
1242 3033 1354 3089 sub
1377 3037 1635 3090 Damaso
1664 3050 1849 3107 papa.
1876 3035 1983 3092 Ubi
2013 3037 2124 3093 fuit
2165 3039 2468 3094 Nectarius
2581 3031 3320 3104 anthropolatriensem,id
3339 3037 3426 3087 est
3445 3032 3708 3090 hominis
3739 3035 4025 3091 cultorem
4053 3035 4250 3092 :Chri-

818 3123 1091 3194 ejusdem
1117 3122 1283 3178 urbis
1315 3123 1827 3196 archiepiscopus,
1887 3130 1944 3181 et
1972 3126 2314 3182 Timotheus
2368 3144 2471 3201 pa-
2581 3126 2738 3176 stum
2771 3127 3154 3192 separantem
3194 3125 3249 3176 et
3278 3120 3664 3179 dividentem.
3736 3124 3978 3180 Dicebat
4038 3125 4243 3196 ipsum

811 3213 1074 3308 triarcha
1111 3211 1504 3279 Alexandriae,
1533 3214 1792 3270 Meletius
1818 3215 2165 3282 Antiochiae,
2193 3217 2298 3289 qui
2327 3224 2384 3273 et
2408 3217 2467 3274 in
2510 3253 2550 3308 ε
2578 3210 2886 3266 hominem
2915 3227 3043 3266 esse
3072 3226 3315 3281 purum.
3359 3215 3559 3266 etnon
3590 3213 3781 3268 Deum
3834 3214 4243 3270 incarnatum.

809 3289 945 3375 ipsa
966 3301 1203 3376 synodo
1222 3302 1785 3359 vitaeiiniitcursum
1810 3321 1821 3371 ;
1853 3304 2106 3377 Cyrillus
2131 3306 2465 3379 Hierosoly-
2510 3289 2548 3308 υ
2581 3302 2739 3356 Duos
2769 3299 2924 3356 filios
2954 3301 3014 3354 in
3046 3315 3169 3355 uno
3193 3299 3422 3356 Christo
3455 3303 3573 3356 Deo
3605 3302 3829 3357 docens
3853 3307 3908 3358 et
3930 3302 4083 3358 duas
4110 3317 4243 3375 per-

809 3406 1067 3468 morum,
1112 3390 1378 3446 Gelasius
1411 3393 1694 3448 Caesareae
1750 3392 2097 3464 Palaestinae,
2150 3397 2466 3465 Gregorius
2578 3389 2967 3446 sonas.Unde
2993 3404 3102 3444 nec
3131 3394 3403 3445 sanctam
3435 3391 3682 3446 Mariam
3726 3392 4042 3460 Virginem,
4106 3408 4241 3462 quae

809 3484 1134 3554 Nyssenus,
1166 3481 1482 3550 Gregorius
1505 3482 1842 3552 Theologus
1865 3485 1988 3539 sive
2036 3485 2462 3554 Nazianzenus,
2574 3481 2802 3553 peperit
2861 3479 3062 3552 ipsum
3122 3479 3418 3534 Christum
3471 3482 3695 3547 Jesum,
3747 3483 3981 3533 θεοτόκον
4015 3482 4077 3537 id
4127 3487 4234 3547 est,

805 3573 913 3644 qui
941 3577 1084 3628 tunc
1112 3571 2461 3643 temporisthronumobtinebatConstantino-
2575 3571 2676 3626 Dei
2720 3569 3095 3638 Genitricem,
3129 3569 3234 3624 sed
3295 3574 3647 3641 Χριστοτόχον
3702 3563 4059 3626 nominibat.
4117 3573 4236 3626 Hu-

805 3659 990 3733 polis:
1032 3659 1136 3732 qui
1158 3657 1425 3731 quidem,
1458 3659 1821 3716 discessione
1843 3661 2020 3732 facta,
2049 3663 2459 3721 voluntariein
2566 3660 2667 3730 jus
2700 3659 2780 3714 rei
2804 3660 2991 3730 gratia
3008 3658 3165 3714 dicta
3181 3658 3452 3729 synodus
3471 3665 3951 3730 perseverantem
3974 3659 4036 3714 in
4073 3659 4236 3714 dicta

802 3747 1189 3822 ipsasynodo
1209 3749 2122 3817 renuntiavithonori,secedens
2149 3753 2209 3808 in
2230 3753 2455 3824 locum,
2569 3749 2950 3820 blasphemia
2987 3747 3284 3820 deposuit,
3329 3753 3624 3820 tanquam
3665 3748 3932 3812 Judaice,
3969 3747 4235 3821 ἀνθρωπο-

801 3839 906 3912 qui
933 3837 1147 3894 dicitur
1176 3837 1554 3893 Nazianzum.
1609 3841 1867 3896 Fuerunt
1903 3846 2104 3897 autem
2137 3859 2273 3898 cum
2330 3843 2458 3900 istis
2569 3837 2761 3912 λάτρην
2802 3843 2859 3893 et
2899 3838 3160 3909 proprie,
3203 3842 3258 3892 et
3297 3853 3429 3891 vere
3464 3837 3562 3892 Dei
3595 3838 3970 3902 Genitricem,
4031 3838 4235 3893 omni-

801 3932 860 3984 et
905 3927 1007 3984 alii
1073 3927 1267 3982 sancti
1323 3926 1526 3984 Patres
1579 3943 1836 3985 numero
1881 3935 2120 3986 centum
2160 3933 2456 4005 quinqua-
2568 3927 2783 3982 fariam
2806 3931 3078 3983 sanctam
3104 3926 3401 3997 Virginem
3432 3926 3674 3982 Mariam
3717 3926 4236 3994 demonstrarunt,

800 4017 986 4087 ginta.
2568 4021 2626 4072 et
2662 4033 2823 4087 eum,
2864 4016 2969 4087 qui
3007 4033 3078 4072 ex
3118 4016 3251 4087 ipsa
3286 4015 3412 4071 sine
3456 4017 3681 4072 semine
3721 4017 4069 4071 incarnatns
4120 4022 4235 4083 est,

871 4107 1502 4164 Conveneruntautem
1517 4107 1991 4181 contraimpium
2017 4110 2452 4179 Macedonium,
2567 4107 2890 4162 Dominum
2921 4112 3194 4162 nostrum
3226 4108 3434 4161 Jesum
3463 4106 3770 4164 Christum
3792 4105 4005 4161 Filium
4039 4106 4160 4171 Dei,
4181 4110 4242 4161 et

797 4196 900 4270 qui
925 4194 1392 4268 patriarchalem
1422 4195 1627 4251 sedem
1652 4196 1903 4252 civitatis
1931 4197 2146 4254 furtive
2178 4203 2234 4255 et
2254 4204 2454 4271 tyran-
2567 4199 2756 4251 Deum
2782 4212 2992 4251 verum
3024 4195 3522 4270 prmdicaverunt.

794 4285 927 4343 nice
956 4288 1259 4357 rapuerat,
1291 4289 1346 4340 et
1374 4283 1818 4356 blasphemavit
1859 4287 1921 4341 in
1973 4287 2257 4358 Spiritum
2315 4305 2454 4345 san-
2635 4286 2900 4342 Joannes
2935 4286 3507 4354 vero,Antiochenus
3537 4285 3901 4358 patriarcha,
3925 4285 4240 4342 contrista-

794 4379 958 4431 ctum
980 4373 1208 4438 dicens,
1241 4373 1408 4445 quod
1439 4388 1562 4429 non
1585 4379 1739 4430 esset
1771 4378 1942 4432 Deus.
1993 4378 2121 4442 Quo
2166 4377 2324 4448 juste
2354 4378 2452 4434 de-
2564 4380 2678 4447 tus,
2703 4376 2868 4449 quod
2884 4377 3012 4431 sine
3042 4376 3176 4448 ipso
3204 4374 3517 4447 depositus
3557 4375 3767 4431 fuisset
3792 4376 4240 4441 Nestorius,ac-

791 4466 1012 4538 posito,
1040 4463 1353 4520 ordinatus
1384 4463 1490 4518 fuit
1513 4465 1715 4520 statim
1739 4466 2042 4522 Nectarius
2075 4468 2149 4522 de
2207 4485 2329 4540 quo
2355 4485 2450 4524 su-
2564 4466 2789 4538 cipiens
2820 4466 2924 4537 qui
2947 4481 3152 4521 secum
3181 4471 3468 4520 venerant
3507 4465 3846 4537 episcopos,
3890 4466 3951 4520 in
4007 4465 4240 4537 quibus

789 4572 903 4630 pra
926 4555 1180 4611 fecimus
1211 4554 1601 4612 mentionem.
1651 4557 1979 4628 Eapropter
2033 4559 2447 4615 Macedonium
2483 4606 2528 4661 Β
2562 4555 3171 4611 eteratTheodoritus
3203 4556 3481 4627 deposuit
3523 4554 3829 4624 Cyrillum,
3864 4554 4031 4626 quod
4061 4553 4240 4610 nefas

789 4652 857 4702 ut
884 4644 1205 4701 inimicum
1235 4643 1491 4716 pietatis,
1542 4643 1626 4699 ibi
1685 4661 1824 4700 cum
1875 4648 2000 4702 suis
2047 4649 2447 4720 complicibus
2483 4643 2897 4713 “estdicere,
2921 4646 3025 4717 qui
3055 4645 3235 4701 etiam
3264 4646 3324 4699 in
3361 4646 3496 4716 ipso
3527 4644 3826 4715 Ephesino
3867 4643 4122 4699 concilio
4145 4643 4239 4700 lo-

788 4733 1362 4792 anathematizantes
1393 4733 1976 4792 condemnaverunt.
2024 4739 2210 4792 Deum
2242 4744 2444 4794 autem
2559 4751 2699 4791 cum
2727 4737 2947 4789 summi
2979 4734 3277 4806 pontiﬁcis
3304 4733 3633 4798 obtinebat,
3659 4733 3840 4788 veluti
3864 4737 4082 4804 praeter
4136 4748 4238 4788 ca—

785 4839 1019 4887 verum,
1053 4838 1124 4878 ac
1162 4821 1566 4878 universitatis
1619 4823 1938 4880 dominum
1994 4827 2444 4884 sanctissimum
2557 4824 3037 4881 nonesEcclesiae
3058 4821 4239 4895 dictamfecissetsynodum.Etitafecit.

787 4912 1072 4987 Spiritum
1090 4912 1150 4967 in
1169 4910 1457 4983 Symbolo
1488 4911 1930 4984 ampliaverunt
1979 4931 1990 4967 :
2026 4919 2083 4970 et
2111 4916 2276 4988 quod
2300 4933 2443 4973 con-
2557 4915 2991 4974 schismainter
3021 4931 3143 4971 eos.
3179 4918 3387 4970 Postea
3416 4931 3559 4970 vero
3587 4930 3731 4970 cura
3753 4919 3809 4968 et
3831 4912 4246 4968 sollicitudine

785 5001 1204 5060 substantialis
1231 5000 1306 5056 sit
1333 5001 1508 5068 Patri,
1537 5007 1596 5057 et
1626 5001 1788 5071 Filio,
1820 5009 1876 5058 et
1905 5004 2180 5075 ejusdem
2234 5006 2446 5063 divini-
2557 5006 2830 5079 ejusdem
2860 5004 3243 5077 imperatoris
3270 5003 3486 5059 iterum
3512 5003 3660 5059 uniti
3691 5003 3934 5058 fuerunt
3968 5017 4247 5057 consen-

782 5092 948 5158 tatis,
980 5094 1162 5164 prout
1191 5089 1253 5145 in
1285 5089 1574 5162 Symbolo
1596 5091 1737 5146 ﬁdei
1767 5093 2126 5161 continetur,
2149 5096 2315 5166 quod
2333 5097 2447 5169 ipsi
2557 5097 2766 5153 tientes
2792 5094 2854 5150 in
2894 5110 3104 5149 unum.
3149 5093 3453 5150 Nestorius
3491 5093 3694 5165 itaque
3734 5091 3959 5164 impius
4007 5090 4251 5146 missus

779 5181 960 5239 latius
991 5185 1049 5236 et
1076 5178 1350 5236 diﬂusius
1375 5180 1568 5250 gratia
1614 5180 1888 5251 ejusdem
1933 5183 2182 5255 Spiritus
2253 5187 2446 5242 sancti
2555 5185 2734 5250 estin
2766 5183 3063 5240 exsilium.

781 5270 1288 5346 praedicaverunt.
2631 5273 2908 5331 Secunda
2939 5289 3080 5343 ergo
3121 5272 3412 5344 synodus,
3456 5288 3594 5344 quae
3635 5270 3851 5327 eodem
3896 5269 4251 5325 Theodosio

852 5365 1106 5433 Insuper
1126 5363 1338 5415 contra
1358 5359 1792 5431 Apollinarium
1809 5361 2444 5432 Laodiceaa,etSabel-
2558 5366 2802 5420 Juniore
2831 5363 2892 5418 in
2925 5363 3156 5434 Epheso
3197 5363 3355 5418 facta
3393 5367 3502 5429 est,
3545 5366 3838 5432 tanquam
3879 5358 4102 5415 furtiva
4185 5363 4252 5415 et

777 5451 928 5508 lium
951 5449 1174 5521 Libyae,
1206 5448 1624 5521 blasphemos,
1656 5456 1712 5507 et
1762 5452 1867 5524 qui
1895 5469 2035 5508 cum
2094 5453 2183 5510 his
2230 5455 2448 5512 similia
2558 5452 2820 5527 reproba
2848 5451 3124 5508 habetur.
3159 5450 3228 5506 Et
3252 5451 3545 5524 quoniam
3580 5449 3845 5505 Dioscori
3886 5463 4076 5520 prava
4143 5464 4251 5503 sa-

777 5540 1061 5608 sentiunt,
1094 5539 1744 5597 excommunicationis
1774 5544 2132 5600 sententiam
2179 5545 2444 5615 protule-
2559 5545 2801 5618 pientis,
2843 5547 2898 5599 et
2937 5541 3276 5613 Eutychetis
3316 5541 3619 5598 fatuitates
3650 5540 3956 5595 consensit
4005 5543 4244 5600 tenere,

775 5634 936 5689 runt.
956 5629 1067 5695 Qui
1085 5628 1366 5685 dicebant
1387 5645 1631 5687 carnem
1647 5633 1885 5688 Domini
1915 5634 2104 5690 nostri
2126 5637 2263 5689 Jesu
2286 5636 2445 5692 Chri-
2558 5643 2617 5693 et
2642 5633 3020 5708 approbavit,
3055 5649 3090 5688 a
3113 5635 3320 5688 sancta
3340 5631 3637 5687 catholica
3655 5635 3711 5685 et
3732 5627 4063 5702 apostolica
4128 5629 4252 5683 Ec-

777 5721 850 5781 sti
873 5719 1296 5792 inanimatam,
1321 5719 1385 5777 id
1414 5724 1525 5792 est,
1551 5721 1679 5780 sine
1726 5724 1934 5782 anima
1957 5723 2322 5794 rationali,et
2359 5727 2447 5783 in-
2559 5728 2744 5784 clesia
2773 5726 2981 5784 merito
3011 5728 3101 5781 est
3136 5723 3378 5795 repulsa
3416 5721 3706 5796 praedicta
3746 5718 4043 5792 synodus.
