4468 6440
275 401 380 458 353

1680 389 1961 450 CONTRA
2001 385 2319 447 GRAECOS.

3595 395 3702 453 554

280 526 369 579 De
397 528 620 594 quarta
640 521 864 593 synodo
896 520 1599 579 Chateedonensiwerum
1624 517 1940 580 hominem,
1973 515 2020 568 A
2052 511 2398 582 Antiochiae,
2429 515 2486 569 et
2508 513 2803 585 Eutyches
2828 511 3373 587 HierOsolymorum
3387 529 3526 573 cum
3574 518 3705 574 aliis

354 610 410 659 et
441 619 642 660 verum
674 603 982 659 Christum
1003 604 1327 670 conﬁtetur
1356 603 1418 656 in
1440 601 1667 657 duabus
1682 596 1942 661 naturis,

357 693 487 749 sine
511 693 861 761 confusione
888 698 941 748 et
972 692 1275 747 divisione.

361 837 586 900 Quarta
625 851 765 890 vero
813 840 1024 890 sancta
1054 838 1110 890 et
1136 833 1492 890 universalis
1543 829 1817 904 synodus
1859 841 1946 881 ce-

286 925 521 981 lebrata
560 925 668 980 fuit
699 925 761 980 in
793 925 1260 981 Chalcedonensi
1293 923 1460 989 urbe,
1496 928 1762 994 tempore
1801 920 1949 974 Mar-

289 1014 440 1070 ciani
477 1014 877 1086 imperatoris,
929 1014 1043 1069 sub
1096 1012 1476 1070 sanctissimo
1531 1014 1718 1066 Leone
1767 1021 1947 1081 papa,

291 1119 522 1173 magna
539 1101 825 1157 columna
848 1101 1140 1158 Ecclesiae.
1164 1106 1223 1156 In
1241 1117 1364 1173 qua
1392 1101 1630 1156 fuerunt
1646 1096 1955 1154 Anatolius

291 1192 787 1263 archiepiscopus
804 1190 1519 1262 Constantinopolitanus,
1544 1187 1830 1245 Maximus
1847 1192 1960 1242 An-

301 1281 638 1347 tiochenus,
659 1280 686 1332 J
698 1297 849 1335 uven
860 1280 969 1335 alis
983 1279 1558 1351 Hierosolymorum;
1592 1275 1961 1332 Alexandriae

295 1385 435 1428 vero
466 1368 576 1424 fuit
600 1369 919 1425 Dioscorus
950 1368 1272 1440 superbus,
1329 1383 1467 1423 cum
1490 1365 1712 1438 quibus
1760 1369 1817 1421 et
1864 1361 1962 1420 alii

289 1458 480 1514 sancti
509 1458 711 1513 Patres
731 1473 986 1513 numero
1010 1472 1144 1512 DCCL
1176 1455 1433 1529 [ccxxx].

367 1549 790 1603 Convenerunt
821 1551 1024 1602 autem
1057 1550 1266 1601 contra
1293 1545 1493 1617 ipsum
1527 1543 1877 1599 Dioscorum
1909 1545 1966 1596 et

295 1636 603 1708 Eutychen
624 1635 976 1691 archimand
989 1637 1162 1691 ritam
1179 1634 1548 1701 monasterii,
1564 1635 1967 1703 cognomento

299 1726 508 1792 Studii,
538 1725 704 1798 quod
733 1727 790 1780 in
825 1726 955 1798 ipsa
984 1725 1148 1795 regia
1180 1724 1329 1779 urbe
1361 1729 1467 1779 est.
1488 1723 1551 1778 Hi
1579 1723 1738 1778 enim
1771 1721 1970 1778 Salva-

295 1817 444 1873 toris
476 1820 530 1872 et
564 1815 659 1871 Dei
691 1815 881 1871 nostri
929 1817 1065 1870 Jesu
1100 1813 1311 1870 Cbristi
1362 1813 1841 1868 incarnationem
1884 1826 1971 1865 re-

296 1905 616 1975 cusabant,
699 1905 983 1960 facientes
1033 1919 1281 1976 prorsus
1341 1902 1540 1973 ipsum
1589 1900 1969 1974 phanlastice

295 1994 578 2050 indutum
608 2009 872 2050 carnem.
905 1995 1070 2049 Unde
1128 1993 1264 2048 etin
1323 2006 1444 2047 una
1494 1994 1713 2046 natura
1771 1990 1970 2062 ipsum

299 2083 588 2139 exsistere
652 2082 957 2152 dicebant,
1029 2081 1327 2137 divinitati
1372 2079 1763 2135 attribuentes
1819 2094 1973 2150 quas

303 2171 594 2226 sustinuit
622 2170 960 2244 passiones.
997 2170 1244 2242 Pr0pter
1274 2169 1385 2224 hoc
1418 2184 1581 2237 ergo,
1604 2167 1748 2240 ipsis
1781 2183 1974 2239 perse-

295 2261 650 2318 verantibus
682 2261 742 2316 in
773 2259 1124 2331 hujusmodi
1151 2274 1371 2325 errore,
1418 2256 1968 2313 excommunicavit

299 2357 357 2408 et
411 2349 937 2407 anathematizavit
988 2354 1044 2405 et
1113 2363 1325 2404 omnes
1382 2347 1467 2403 eis
1523 2347 1971 2402 consentientes

302 2445 518 2497 sancta
557 2439 851 2512 synodus.

376 2529 778 2600 Promulgavit
810 2544 951 2598 ergo
984 2543 1168 2600 super
1198 2528 1328 2583 haec
1351 2531 1735 2583 sacramenta
1765 2525 1976 2581 deﬁni-

303 2621 563 2687 tionem,
599 2619 764 2692 quod
794 2620 922 2691 ipse
954 2619 1026 2673 sit
1055 2618 1354 2690 perfectus
1386 2619 1560 2682 Deus,
1594 2622 1648 2671 et
1677 2615 1976 2688 perfectus

301 2711 492 2767 homo
524 2709 586 2765 in
617 2709 859 2764 duabus
897 2707 1152 2775 naturis,
1187 2709 1314 2763 sine
1342 2706 1692 2763 confusione
1723 2710 1779 2762 et
1827 2705 1974 2760 divi-

319 2800 511 2855 sione.

379 2888 705 2961 Epistolam
749 2903 993 2960 quoque
1074 2887 1435 2943 sanctissimi
1493 2885 1725 2956 Leonis,
1788 2901 1976 2958 quam

305 2979 467 3034 misit
499 2977 784 3033 Flaviano
835 2992 1118 3049 episcopo
1171 2975 1798 3047 Constantinopoleos,
1851 2981 1976 3029 tan-

303 3083 497 3138 quam
524 3067 874 3123 columnam
933 3065 1285 3122 orthodoxae
1343 3064 1506 3131 ﬁdei,
1558 3067 1971 3136 susceperunt,

304 3163 362 3214 et
394 3173 588 3228 usque
620 3156 792 3212 hodie
825 3155 909 3211 sic
941 3155 1303 3227 appellatur.

383 3247 540 3303 Scire
573 3247 752 3301 etiam
775 3249 1025 3317 oportet,
1059 3245 1224 3316 quod
1251 3244 1330 3309 hi,
1365 3243 1761 3315 quidicuntur
1788 3242 1972 3297 Theo-

307 3336 526 3391 dositae
557 3352 594 3391 a
623 3335 895 3408 quodam
920 3333 1276 3402 Theodosio,
1305 3338 1362 3388 et
1417 3332 1696 3389 Jacobitae
1734 3348 1770 3387 a
1826 3348 1971 3403 quo—

307 3424 714 3492 damJacobo,
737 3423 1448 3495 etSeverianiaquodam
1483 3423 1719 3487 Severo,
1758 3420 1973 3476 similia

309 3513 537 3569 scilicet
623 3513 922 3585 praedictis
985 3512 1244 3568 Dioscori
1275 3516 1332 3567 et
1405 3510 1784 3583 Euthychetis
1833 3509 1974 3565 abo-

310 3602 692 3659 minabilium
725 3602 1143 3657 haereticorum
1172 3606 1229 3656 et
1259 3601 1765 3656 exsecrandorum
1815 3616 1974 3655 erro-

311 3692 504 3759 ribus,
550 3698 840 3764 tanquam
899 3690 1013 3762 ipsi
1069 3691 1378 3755 exsecrati,
1439 3705 1546 3744 seu
1604 3688 1974 3754 exsecrandi,

312 3782 580 3836 sentiunt
610 3784 665 3836 et
695 3779 958 3850 sapiunt,
991 3784 1046 3834 et
1075 3779 1377 3848 resistunt,
1407 3795 1544 3834 cum
1579 3778 1709 3833 aliis
1785 3779 1983 3834 haere-

311 3871 462 3933 ticis,
481 3870 708 3942 seipsos
723 3869 1052 3925 alienantes
1079 3872 1333 3924 asancta
1358 3867 1620 3922 Ecclesia
1651 3867 1970 3923 catholica.

388 3962 681 4032 Tempore
706 3959 894 4030 ipsius
925 3957 1200 4014 Marciani
1233 3959 1503 4029 pervenit
1533 3957 1608 4012 ad
1625 3973 1798 4012 aures
1820 3957 1982 4012 beati

318 4049 554 4118 Leonis,
593 4049 665 4104 de
694 4065 816 4120 quo
847 4047 1003 4104 facta
1035 4052 1122 4103 est
1158 4048 1402 4117 mentio,
1433 4047 1598 4120 quod
1648 4048 1976 4112 Anatolius,

317 4139 992 4211 Constantinopolitanae
1026 4138 1183 4194 sedis
1215 4137 1478 4200 antistes,
1500 4138 1810 4194 invaderet
1835 4155 1981 4210 pau-

313 4231 486 4288 latim
515 4229 740 4286 alienas
772 4228 940 4285 sedes
972 4227 1344 4300 suoqueillas
1374 4227 1621 4284 adderet
1650 4227 1980 4300 pontiﬁcio,

319 4320 584 4392 ideoque
613 4319 809 4374 dictus
839 4334 1003 4392 papa
1040 4317 1335 4386 Anatolio,
1370 4322 1432 4372 ut
1487 4317 1564 4372 ab
1628 4317 1982 4389 hujusmodi

318 4409 541 4482 rapina
571 4413 854 4476 cessaret,
890 4407 1144 4479 scripsit.
1182 4407 1295 4462 Sed
1326 4409 1526 4462 omnis
1560 4408 1689 4478 ejus
1733 4406 1985 4462 monitio

322 4515 466 4555 cum
497 4497 641 4554 nibil
681 4497 1009 4570 proliceret,
1044 4497 1221 4552 cessit
1249 4496 1308 4552 in
1339 4497 1591 4553 irritum.
1630 4500 1711 4552 Ex
1764 4497 1988 4569 quibus

323 4596 469 4647 tunc
495 4603 618 4643 non
650 4592 1036 4642 cessaverunt
1060 4585 1233 4642 dictae
1263 4586 1421 4642 sedis
1449 4586 1739 4660 praesules
1792 4588 1994 4642 fovere

325 4677 721 4742 discordiam,
755 4681 810 4732 et
840 4676 918 4732 ob
951 4676 1292 4749 depositum
1324 4693 1464 4732 cum
1496 4679 1767 4733 Romana
1807 4675 1997 4732 Eeclc-

328 4769 422 4824 sia
455 4766 838 4823 contendere.
897 4765 1063 4821 Unde
1091 4770 1148 4822 et
1202 4764 1263 4820 in
1290 4769 1507 4838 quarto
1566 4767 1818 4822 concilio
1873 4767 1998 4821 sine

329 4872 637 4914 consensu
667 4871 838 4929 papae
864 4859 922 4910 et
950 4854 1290 4926 legatorum
1323 4854 1474 4927 ejus,
1500 4855 1658 4912 sicut
1714 4856 1884 4922 alias,
1937 4857 2000 4912 in

327 4951 592 5004 tractatu
622 4947 706 5002 De
731 4950 1024 5015 potestate
1052 4961 1222 5016 papae
1250 4943 1484 5004 dictum
1533 4950 1637 5009 est,
1703 4962 1999 5002 eanonem

329 5053 443 5111 pro
475 5052 537 5092 se
577 5034 918 5101 ediderunt,
978 5033 1053 5091 de
1098 5051 1220 5107 quo
1277 5035 1339 5090 in
1393 5035 1513 5092 fine
1565 5035 1747 5107 hujus
1803 5036 2001 5110 operis

329 5126 540 5200 aliqua
568 5125 964 5181 disseremus.

328 5265 420 5318 De
447 5263 662 5334 quinta
692 5260 942 5331 synodo,
982 5260 1660 5331 Constantinopolitana
1713 5264 1996 5318 secunda.

407 5387 627 5454 Quinta
660 5391 870 5443 sancta
909 5389 966 5442 et
992 5386 1347 5443 universalis
1378 5388 1650 5460 synodus
1700 5389 2004 5445 celebrata

333 5483 428 5536 est
457 5476 996 5550 Constantinopoli,
1025 5477 1399 5550 temporibus
1450 5479 1763 5535 Justiniani
1818 5480 2005 5552 impe-

331 5569 571 5639 ratoris,
607 5568 720 5624 sub
747 5584 910 5641 papa
938 5568 1146 5638 Vigilio
1207 5571 1500 5626 Romano.
1561 5571 1670 5626 Ubi
1731 5569 2005 5626 interfue-

333 5665 477 5718 runt
508 5658 808 5731 Eutyches
859 5658 1354 5732 archiepiscopus
1401 5661 2008 5734 Constantinopolita-

335 5747 889 5824 nus,Apollinarius
904 5748 1245 5820 patriarcha
1256 5750 1718 5818 Alexandrinus,
1738 5751 1926 5808 Domn
1937 5767 2006 5806 us

737 5846 983 5904 PATROL.
1025 5849 1127 5904 GR.
1170 5849 1320 5910 CXL.

2053 605 2294 656 centum
2323 603 2724 674 septuaginta.

2127 692 2269 755 Quae
2301 696 2510 748 sancta
2562 692 2836 765 synodus
2869 694 2930 749 in
2983 694 3193 765 primis
3242 695 3605 767 approbavit
3651 699 3709 752 et

2057 781 2434 838 confirmavit
2473 783 3030 841 Chalcedonensem
3087 785 3392 856 synodum
3434 790 3709 843 sanctam

2058 885 2167 926 nec
2197 886 2319 926 non
2352 874 2407 927 et
2435 873 2773 930 orthodoxa
2802 878 2858 929 et
2901 874 3184 931 salutaria
3213 874 3340 945 ejus
3396 875 3722 945 dogmata.

2061 961 2127 1014 Et
2151 975 2285 1030 quae
2315 976 2350 1016 a
2372 960 2618 1018 diversis
2643 968 2864 1019 exortae
2897 968 3036 1019 sunt
3057 963 3315 1019 haereses
3357 964 3712 1020 anathema.-

2063 1047 2280 1115 tizavit,
2300 1052 2357 1104 ct
2385 1050 2931 1106 excommunicavit
2959 1050 3173 1106 eadem
3204 1055 3412 1107 sancta
3434 1051 3710 1123 synodus

2067 1136 2404 1206 Origenem,
2432 1143 2490 1194 et
2509 1139 2714 1195 omnia
2736 1140 2865 1210 ejus
2893 1140 3079 1211 impia
3101 1140 3341 1211 scripta,
3368 1140 3711 1210 Evagrium,

2068 1229 2125 1280 et
2155 1225 2494 1298 Didymum,
2526 1233 2583 1284 et
2611 1227 2854 1296 similes,
2899 1233 2956 1284 et
3001 1228 3259 1300 aequalia
3287 1230 3605 1300 sapientes,
3661 1236 3719 1286 et

2069 1315 2353 1370 doctrinis
2382 1317 2690 1384 gentilium
2723 1322 3174 1373 contemnentes
3220 1318 3599 1387 [inhaerentes
3626 1318 3720 1373 vel

2071 1405 2444 1475 insistentes]
2479 1406 2705 1462 Etenim
2732 1405 2844 1478 ipsi
2873 1421 3148 1478 corpora,
3195 1406 3254 1460 in
3308 1406 3530 1478 quibus
3559 1423 3723 1462 nunc

2075 1509 2310 1561 sumus,
2342 1493 2639 1562 dixerunt,
2665 1498 2956 1566 tanquam
2988 1495 3112 1550 sine
3136 1494 3433 1551 intellectu
3477 1499 3534 1552 et
3580 1496 3726 1551 insi-

2076 1582 2326 1653 pienter,
2357 1599 2478 1638 non
2509 1599 2644 1639 esse
2675 1589 3098 1654 resurrectura,
3129 1583 3368 1656 etquod
3402 1585 3728 1656 paradisus

2078 1671 2374 1726 sensibilis
2401 1687 2523 1727 non
2550 1678 2637 1727 est
2667 1672 2857 1728 factus
2885 1687 2920 1728 a
2949 1673 3087 1739 Deo,
3138 1687 3248 1727 nec
3297 1676 3424 1738 est;
3453 1678 3511 1728 et
3561 1673 3732 1746 quod

2077 1761 2270 1816 Adam
2300 1776 2423 1817 non
2453 1761 2557 1817 fuit
2582 1761 2873 1818 formatus
2900 1777 2935 1816 a
2961 1764 3078 1816 Deo
3110 1761 3168 1816 in
3211 1776 3419 1830 carne;
3455 1766 3513 1818 et
3564 1762 3732 1834 quod

2081 1866 2262 1922 paena
2291 1851 2686 1923 reproborum
2715 1851 2899 1906 finem
2931 1849 3191 1918 habeat;
3226 1856 3280 1906 et
3310 1851 3477 1923 quod
3507 1851 3734 1908 daemo-

2080 1955 2186 1994 nes
2215 1939 2574 1996 reducentur
2591 1940 2650 1995 in
2681 1944 2904 1995 statum
2929 1940 3272 2011 pristinum,
3304 1956 3482 2012 quem
3508 1939 3735 1996 habue-

2081 2034 2238 2098 runt,
2309 2030 2529 2086 scilicet
2585 2035 2911 2100 antequam
2973 2029 3274 2086 caderent.
3353 2032 3481 2085 Non
3540 2030 3737 2086 solum

2085 2124 2286 2175 autem
2315 2119 2450 2188 hoc,
2480 2117 2584 2174 sed
2607 2123 2663 2173 et
2691 2117 2839 2174 alias
2869 2117 3130 2173 infinitas
3161 2117 3572 2190 blasphemias
3621 2117 3740 2173 col-

2083 2208 2332 2279 ligentes
2364 2208 2594 2280 seipsos
2620 2207 3047 2262 immerserunt
3071 2207 3132 2262 in
3166 2206 3559 2279 profundum.
3596 2209 3741 2273 Quae

2086 2304 2286 2354 tamen
2314 2313 2504 2369 usque
2534 2297 2594 2352 in
2617 2296 2948 2368 publicum,
2981 2296 3074 2350 vel
3105 2297 3166 2350 in
3196 2295 3743 2352 manifestationem

2087 2403 2208 2443 non
2238 2387 2738 2458 praedicaverunt,
2774 2386 2879 2441 sed
2911 2384 3077 2457 apud
3118 2385 3356 2456 aliquos
3402 2387 3463 2440 in
3510 2384 3746 2441 occulto

2089 2475 2490 2542 habebantur,
2515 2491 2624 2532 nec
2651 2479 2974 2547 potuerunt
3002 2473 3258 2546 perfecte
3282 2474 3566 2530 aestimari
3594 2490 3748 2546 prae-

2089 2567 2248 2623 dicta
2279 2566 2568 2636 dogmata
2597 2565 2671 2620 de
2703 2570 2910 2622 sancta
2939 2563 3197 2635 synodo.
3232 2565 3381 2629 Quia
3412 2579 3551 2619 cum
3609 2563 3750 2619 dicti

2089 2661 2206 2712 tres
2261 2655 2521 2710 haeretici
2573 2653 2762 2710 multo
2821 2653 3188 2726 antiquiores
3254 2652 3505 2708 fuissent
3591 2667 3750 2724 prae-

2089 2745 2248 2800 dicto
2278 2744 2487 2816 quinto
2519 2743 2789 2807 concilio,
2821 2742 3042 2798 multos
3077 2742 3137 2796 in
3189 2741 3436 2797 diversis
3471 2741 3750 2813 partibus

2087 2834 2300 2890 mundi
2319 2838 2688 2890 attraxerunt
2709 2832 2842 2888 sibi.
2878 2834 3145 2903 Cumque
3169 2830 3425 2886 multum
3456 2831 3749 2903 populum

2093 2924 2415 2994 coepissent
2443 2920 2796 2992 hujusmodi
2826 2920 3014 2991 impia
3035 2919 3327 2988 dogmata
3346 2934 3753 2990 corrumpere,

2089 3013 2289 3067 statim
2316 3016 2372 3066 et
2402 3011 2684 3081 quintum
2739 3009 3062 3064 concilium
3119 3008 3424 3064 voluntate
3484 3008 3585 3063 Dei
3639 3008 3752 3065 fuit

2085 3101 2470 3165 celebratum,
2506 3098 2611 3154 ubi
2632 3099 2816 3171 ipsos,
2861 3103 3146 3153 eteorum
3199 3096 3615 3169 blasphemias
3658 3113 3748 3153 re-

2006 3215 2043 3267 α
2082 3191 2372 3263 probans,
2405 3205 2507 3244 eos
2539 3193 2823 3244 etomnes
2875 3186 3094 3242 similia
3132 3190 3451 3259 sequentes
3493 3186 3749 3243 anathe-

2083 3281 2265 3335 matis
2300 3278 2504 3348 gladio
2535 3277 2848 3350 percussit.

2153 3374 2406 3441 Insuper
2421 3374 2478 3424 et
2493 3368 2873 3423 Theodorum
2898 3365 3272 3438 Mopsuestiae
3298 3363 3469 3437 impii
3499 3363 3754 3438 Nestorii

2081 3458 2444 3530 discipulum
2459 3473 2596 3513 cum
2612 3455 2735 3511 suis
2757 3455 3080 3511 exsecratis
3095 3452 3482 3525 dogmatibus
3505 3470 3750 3511 excom-

2083 3547 2414 3604 municavit
2442 3552 2498 3601 et
2536 3545 2708 3617 ejecit
2746 3544 2824 3601 ab
2881 3543 3163 3600 Ecclesia.
3218 3545 3362 3599 Cum
3416 3543 3639 3616 quibus
3694 3548 3752 3601 et

2085 3636 2464 3704 Antiochum,
2498 3640 2553 3690 et
2574 3638 2808 3690 Petrum
2840 3635 3019 3688 Zoam
3052 3632 3414 3699 eliminavit,
3466 3649 3575 3688 nec
3599 3645 3752 3693 non

2087 3733 2143 3782 et
2175 3725 2622 3792 Theodoritum,
2674 3723 2778 3794 qui
2810 3727 3021 3777 contra
3054 3730 3571 3794 propugnatorem
3628 3723 3752 3794 pie-

2089 3815 2224 3872 tatis
2246 3820 2302 3870 et
2330 3813 2616 3879 veritatis,
2646 3811 2895 3868 beatum
2928 3811 3237 3883 Cyrillum,
3269 3809 3528 3867 multum
3568 3810 3751 3885 impie

2088 3911 2144 3960 et
2171 3903 2326 3960 male
2359 3904 2744 3974 scripserunt,
2777 3907 2833 3956 et
2859 3901 3039 3956 etiam
3072 3905 3280 3956 contra
3301 3901 3564 3972 primam
3607 3916 3750 3957 san-

2089 4001 2248 4050 ctam
2276 3993 2580 4066 synodum
2615 3990 3002 4062 Ephesinam,
3045 3995 3101 4046 et
3141 3995 3351 4046 contra
3371 3989 3509 4045 ﬁdei
3531 3995 3752 4046 nostrae

2089 4087 2457 4142 documenta
2483 4083 2773 4139 mentitus
2797 4085 2902 4148 est,
2928 4081 3168 4137 donans
3197 4097 3258 4136 se
3289 4080 3515 4136 infideli
3557 4083 3758 4137 Nesto-

2087 4177 2175 4232 rio
2202 4182 2258 4232 et
2289 4175 2564 4248 profano,
2639 4171 2719 4227 ab
2760 4170 3019 4226 Ecclesia
3067 4177 3362 4242 tanquam
3403 4171 3756 4227 heereticum

2089 4267 2413 4336 ejecerunt,
2471 4263 2664 4319 donec
2725 4261 2932 4316 omnia
2972 4263 3313 4330 revocaret;
3356 4276 3493 4332 quae
3546 4259 3756 4317 omnia

2090 4366 2384 4430 tanquam
2416 4352 2694 4426 pestifera
2723 4367 2860 4407 cum
2893 4349 2992 4406 illa
3013 4349 3287 4422 epistola,
3312 4365 3448 4421 quae
3504 4350 3622 4405 lbae
3671 4348 3758 4406 di-

2098 4449 2267 4518 citur,
2291 4461 2428 4518 quae
2461 4443 2648 4498 missa
2673 4440 2862 4497 fuitin
2894 4440 3197 4495 Persidem
3230 4439 3308 4495 ad
3334 4439 3559 4507 Marim,
3596 4438 3762 4512 peni-

2025 4563 2070 4615 D
2104 4546 2197 4596 tus
2254 4536 2773 4607 exstiparverunt;
2825 4546 2948 4588 non
3013 4529 3209 4586 solum
3260 4530 3435 4585 rectis
3469 4529 3760 4586 doctrinis

2106 4625 2486 4688 adversantia
2500 4619 3052 4693 eranthujusmodi,
3083 4619 3190 4676 sed
3214 4635 3352 4674 cum
3370 4619 3538 4675 omni
3556 4620 3764 4692 impie-

2109 4724 2228 4776 tate
2250 4713 2718 4790 participabant.
2749 4711 2847 4767 His
2878 4711 3082 4781 itaque
3110 4709 3220 4764 rite
3251 4710 3509 4781 peractis
3545 4709 3766 4766 conﬁr-

2108 4810 2444 4866 maverunt,
2477 4807 2544 4858 ut
2580 4801 2829 4869 dictum,
2881 4799 3171 4869 dogmata
3223 4796 3517 4864 Ecclesiae,
3570 4803 3626 4854 et
3668 4813 3767 4855 ro-

2108 4898 2491 4955 boraverunt.

2109 5009 2194 5063 De
2209 5010 2376 5062 sexta
2399 5000 2646 5072 synodo.
2676 4996 3567 5066 Constantinopolitanatertia.
3595 4996 3772 5052 Dam-

2179 5101 2289 5152 nat
2319 5107 2501 5149 unam
2525 5092 2583 5146 in
2617 5089 2857 5145 Christo
2886 5089 3256 5143 voluntatem
3272 5092 3324 5141 et
3339 5089 3769 5155 operationem.

2186 5207 2361 5261 Sexta
2397 5204 2607 5257 sancta
2636 5202 2693 5253 et
2718 5194 3074 5251 universalis
3107 5193 3383 5266 synodus
3411 5193 3568 5250 facta
3589 5193 3773 5250 etiam

2113 5295 2221 5351 fuit
2279 5286 2814 5359 Constantinopoli,
2866 5285 3238 5341 Constantini
3279 5284 3590 5354 Pogonati,
3668 5282 3776 5338 ﬁlii

2113 5381 2450 5449 Justiniani,
2480 5377 2872 5450 Temporibus,
2921 5375 3035 5430 sub
3087 5375 3395 5445 Agathone
3443 5391 3606 5446 papa
3667 5376 3776 5430 Ro-

2116 5487 2319 5530 mano.
2354 5473 2415 5525 In
2445 5485 2565 5542 qua
2587 5465 3034 5535 fuitGregorius
3083 5464 3424 5536 patriarcha
3482 5466 3778 5519 Constan-

2116 5563 2571 5637 tinopolitanus,
2629 5556 3026 5628 Theophanes
3067 5554 3417 5615 Antiochiae,
3466 5559 3523 5608 et
3571 5553 3780 5608 Petrus

2117 5653 2454 5712 monachus
2506 5647 2757 5704 vicarius
2819 5645 3194 5701 Alexandriae
3260 5643 3544 5710 (vacabat
3619 5643 3780 5700 enim

2119 5746 2339 5815 sedes),
2367 5758 2506 5799 cum
2541 5739 2671 5798 aliis
2697 5741 2940 5795 centum
2975 5734 3383 5810 septuaginta,

3288 5836 3350 5892 18
