4468 6440
775 402 879 461 555

2011 381 2496 452 PANTALEONIS
2531 380 2795 444 DIAGON
2798 387 2822 442 Ι
2860 391 2961 447 CP.

4090 399 4194 456 556

847 526 1204 598 Congregati
1232 529 1434 582 autem
1463 523 1704 580 fuerunt
1728 526 1938 579 contra
1964 518 2288 606 quosdam,
2312 509 2424 606 Qui
2459 510 2506 562 Α
2533 525 2681 606 IIqu
2693 516 2986 606 populum
2998 532 3281 586 revocare
3293 521 3573 594 gestiens,
3608 521 3916 606 synodum
3947 537 4194 602 congre-

773 633 998 674 novam
1027 615 1304 674 haresim
1329 613 1745 670 conﬁnxerunt
1771 611 1835 667 in
1876 613 2088 666 sancta
2132 601 2426 662 catholica

776 711 834 762 et
863 704 1193 778 apostolica
1225 702 1507 758 Ecclesia.
1561 700 1699 756 Dico
1745 704 1946 755 autem
1989 701 2198 753 contra
2240 692 2424 748 Theo-

774 794 1355 867 dorumepiscopum
1366 791 1442 846 de
1453 790 1709 856 Pharan,
1726 787 2049 845 Honorium
2062 788 2398 841 Romanum
2410 822 2423 845 ,

776 888 998 957 Cyrum
1022 881 1410 946 Alexandria,
1438 879 1708 950 Sergium
1737 883 1793 933 et
1811 875 2127 950 Pyrrhum,
2171 870 2426 926 Paulum

776 977 835 1030 et
886 974 1127 1029 Petrum
1170 971 1488 1044 episcopos
1545 964 2261 1039 Constantinopolitanos,
2316 972 2427 1013 nec

775 1079 900 1120 non
931 1067 1138 1118 contra
1166 1076 1268 1116 eos
1288 1059 1394 1132 qui
1411 1057 1613 1113 denuo
1639 1056 1918 1111 haresim
1948 1055 2220 1126 ipsorum
2257 1050 2428 1104 inno-

775 1153 1073 1208 vaverunt
1095 1150 1157 1205 in
1182 1148 1316 1221 ipsa
1347 1149 1556 1202 sancta
1599 1143 1855 1217 synodo,
1904 1142 2239 1204 hareticos;
2293 1138 2429 1192 dico

777 1244 990 1297 contra
1016 1237 1338 1295 Macarium
1365 1235 1689 1308 prasulem
1721 1231 2067 1296 Antiochia,
2094 1229 2197 1302 qui
2246 1225 2430 1298 depo-

779 1330 929 1386 situs
944 1327 1074 1394 fuit,
1098 1341 1169 1382 eo
1186 1323 1352 1398 quod
1373 1323 1642 1379 obviaret
1665 1321 1759 1376 his
1785 1336 1921 1393 qua
1942 1319 2021 1375 ab
2038 1320 2170 1391 ipsa
2195 1313 2430 1388 synodo

776 1415 1065 1474 catholico
1081 1411 1542 1479 deﬁniebantur,
1563 1413 1622 1464 et
1643 1408 2012 1480 Stephanum
2031 1406 2221 1479 ipsius
2255 1401 2428 1458 disci-

773 1506 1008 1580 pulum.
1041 1497 1744 1576 Hiprascriptiharetici
1783 1496 1914 1552 ausi
1962 1494 2205 1564 fuerunt
2251 1496 2431 1546 teme-

775 1596 930 1651 rarie
950 1594 1168 1664 dicere,
1201 1605 1389 1645 unam
1413 1586 1784 1644 voluntatem
1806 1589 1864 1640 et
1899 1599 2084 1639 unam
2129 1582 2429 1654 operatio-

774 1700 915 1742 nem
937 1699 1073 1740 esse
1099 1682 1161 1738 in
1192 1679 1421 1735 Christo
1441 1681 1579 1750 post
1615 1673 2090 1731 incarnationem
2115 1690 2129 1740 ;
2173 1670 2425 1740 conjun-

776 1774 1179 1845 ctionemque,
1237 1783 1374 1841 qua
1431 1763 1780 1821 orthodoxa
1835 1761 1976 1818 ﬁdei
2027 1764 2137 1825 est,
2197 1757 2431 1814 solvere

2534 601 2664 667 gari
2686 601 2882 674 jussit,
2912 620 3097 679 quam
3130 610 3449 681 septimam
3472 613 3535 671 et
3564 601 3967 666 universaiem
4025 601 4192 686 visus

2534 696 2622 744 est
2651 707 2884 754 vocare,
2918 712 3056 751 cum
3085 697 3318 753 nullum
3352 697 3618 753 favorem
3644 703 3871 754 sancta
3903 695 4193 755 Romana

2536 779 2828 851 Ecclesia,
2858 788 2918 838 et
2943 785 3290 856 apostolica
3322 785 3480 843 sedis
3536 786 3805 853 haberet,
3857 789 4195 852 secundum

2533 870 2699 940 quod
2720 872 2970 943 quidam
3001 873 3211 930 volunt
3235 877 3366 946 (40).
3398 875 3929 934 Attameninlihris
3960 878 4193 934 Gracc-

2537 973 2671 1015 rum
2695 957 2909 1028 legitur
2932 964 3297 1039 contrarium
3319 963 3382 1029 in
3411 964 3571 1020 hunc
3602 964 3878 1030 modum,
4149 994 4152 996 τ

2611 1047 2874 1118 Septima
2902 1054 3113 1107 sancta
3135 1056 3195 1106 et
3231 1052 3588 1108 universalis
3614 1054 3887 1125 synodus
3913 1055 4198 1114 convenit

2538 1136 2769 1205 Nicaa,
2800 1139 2906 1194 ubi
2932 1145 2992 1195 et
3017 1141 3213 1212 prima
3240 1143 3516 1207 omnium
3543 1141 3656 1199 fuit
3681 1143 4006 1214 celebrata,
4048 1149 4196 1202 tem-

2538 1240 2683 1296 pore
2709 1228 3078 1284 Constantini
3108 1230 3415 1301 principis;
3442 1231 3554 1302 qui
3598 1230 3755 1288 ﬁlius
3807 1233 4050 1294 Heremo
4082 1249 4196 1290 .re-

2539 1315 2695 1382 gina
2727 1315 2840 1370 sub
2869 1317 3135 1380 Adriano
3164 1333 3328 1391 papa
3360 1320 3727 1388 Romano,in
3753 1336 3883 1392 qua
3907 1321 4016 1378 fuit
4043 1322 4197 1378 Tha-

2541 1401 2732 1456 rasius
2771 1405 3115 1474 patriarcha
3172 1407 3893 1480 Constantinopolitanus,
3948 1409 4198 1469 Alexan-

2537 1489 2705 1559 dria,
2737 1492 3129 1549 Theodoritus
3157 1494 3547 1567 Anthiochia,
3595 1501 3655 1556 et
3700 1497 3873 1555 Helia
3926 1498 4197 1556 Hieroso-

2536 1577 2862 1648 lymorum,
2891 1598 3029 1637 cum
3056 1583 3279 1655 quibus
3301 1591 3361 1639 et
3391 1584 3488 1640 alii
3515 1585 3708 1642 sancti
3732 1588 3951 1652 Patres,
3986 1587 4047 1642 in
4077 1602 4197 1644 nu-

2541 1683 2705 1724 mero
2735 1670 3039 1738 sexaginta
3071 1687 3173 1727 sex
3200 1672 3367 1742 (350).
3403 1673 3614 1730 Vicarii
3635 1689 3776 1731 vero
3821 1674 3962 1730 dicti
4019 1690 4198 1747 papa

2536 1755 2778 1813 fuerunt
2805 1761 3009 1815 Petrus
3038 1759 3370 1833 presbyter,
3425 1761 3770 1832 cardinalis,
3831 1764 4196 1828 monachus,

774 1863 1076 1920 volebant.
1109 1859 1297 1930 Hujus
1320 1855 1512 1926 gratia
1538 1857 1747 1909 sancta
1769 1849 2127 1907 universalis
2157 1846 2428 1920 synodus
2457 1853 2500 1904 Β
2536 1851 2592 1902 et
2622 1846 2829 1902 Petrus
2855 1846 3049 1906 abbas
3080 1849 3430 1905 monasterii
3461 1852 3692 1907 Sancta
3723 1850 3979 1919 Sabina,
4025 1851 4195 1924 quod

775 1958 942 2010 sexta
971 1949 1291 2025 pradictos
1315 1944 1628 2002 hareticos
1649 1946 1942 2014 tanquam
1973 1941 2429 2012 impugnatores

773 2043 875 2100 Dei
897 2033 1281 2099 anathemate
1300 2032 1571 2108 perculit,
1586 2035 1643 2088 et
1666 2030 1872 2087 omnia
1893 2045 2101 2086 eorum
2114 2028 2424 2097 dogmata,

776 2137 835 2190 et
883 2145 1097 2188 omnes
1137 2125 1355 2183 similia
1387 2122 1473 2178 eis
1514 2120 1837 2193 sapientes,
1887 2123 1943 2174 et
1998 2118 2101 2191 qui
2153 2129 2427 2188 unquam

774 2222 1128 2294 sapuerunt,
1161 2214 1252 2271 vel
1281 2211 1464 2269 futuri
1487 2213 1628 2266 sunt
1673 2221 1904 2281 sapere,
1955 2211 2012 2262 et
2057 2221 2180 2262 non
2236 2202 2428 2276 pani-

777 2315 990 2377 tentes,
1019 2322 1157 2364 cum
1180 2304 1273 2360 his
1298 2306 1356 2358 et
1385 2297 1876 2372 Polychronium,
1904 2294 2156 2368 puerilia
2196 2294 2433 2365 sapien-

772 2404 892 2456 tem
915 2411 1138 2466 senem,
1182 2391 1287 2466 qui
1325 2393 1598 2447 mortuos
1651 2388 2091 2442 resurrecturos
2142 2381 2428 2451 negabat,

770 2487 1038 2546 similiter
1057 2477 1751 2542 excommunicaverunt.

836 2573 1161 2634 Roboravit
1171 2571 1351 2642 igitur
1362 2570 1573 2623 sancta
1585 2563 1856 2637 synodus
1867 2562 2052 2618 ﬁdem
2066 2559 2426 2617 catholicam

768 2670 844 2727 de
870 2665 1111 2725 duabus
1138 2657 1552 2719 voluntatibus
1583 2652 1960 2711 naturalibus
1986 2657 2042 2708 et
2069 2650 2426 2724 operationi-

768 2760 886 2817 bus
913 2759 1055 2831 post
1083 2752 1366 2824 unionem
1399 2744 1572 2802 Verbi
1597 2743 1676 2800 ad
1733 2744 2070 2798 humanam
2119 2745 2420 2831 naturam,

768 2828 984 2906 nonin
1014 2841 1308 2901 divisione
1338 2840 1540 2893 autem
1569 2846 1989 2906 personarum,
2022 2829 2184 2903 quod
2229 2828 2383 2885 absit
2407 2829 2420 2884 ι

769 2937 873 2994 sed
895 2935 1040 3008 quia
1064 2931 1267 2998 unita,
1297 2940 1436 3000 qua
1465 2924 1524 2979 in
1543 2921 1772 2978 Christo
1795 2923 1932 2975 sunt
1955 2924 2208 2989 natura,
2250 2934 2422 3008 suam

767 3006 1051 3101 qualibet
1068 3017 1283 3078 habuit
1304 3014 1675 3101 voluntatem
1696 3009 2005 3101 propriam
2039 3012 2096 3064 et
2132 3006 2425 3101 operatiof

768 3095 930 3173 nem.
965 3111 1078 3167 Alii
1124 3107 1305 3171 enim,
1340 3102 1444 3176 qui
1473 3097 1820 3171 hujusmodi
1870 3101 2100 3153 natura
2149 3095 2427 3152 auferunt

768 3203 1178 3279 proprietates,
1204 3200 1308 3252 aut
1331 3194 1649 3279 destruunt
1675 3187 2060 3260 operationes
2082 3191 2138 3279 et
2157 3186 2424 3242 volunta-
2455 3206 2495 3260 ρ

769 3275 1256 3363 tes,autnaturas
1275 3278 1673 3344 confundunt,
1697 3291 1958 3348 quarum
1988 3275 2424 3363 exsistuntpro-

769 3362 1069 3457 prietates.
1105 3374 1342 3432 Nullum
1372 3374 1576 3426 tamen
1616 3380 1914 3457 canonem
1965 3364 2097 3419 hac
2151 3362 2425 3457 synodus

771 3454 975 3539 edidit,
997 3470 1178 3543 prout
1207 3463 1386 3520 etiam
1414 3458 1533 3532 ipsi
1562 3455 1747 3513 Graci
1771 3454 2059 3510 mirantes
2111 3456 2420 3508 testantur.

770 3564 1047 3621 Secunda
1067 3562 1239 3614 sexta
1262 3549 1526 3624 synodus
1547 3545 1890 3617 reprobata,
1914 3550 1969 3600 et
1985 3558 2242 3600 canones
2272 3544 2423 3612 ejus.

843 3651 1031 3723 Hujus
1054 3641 1423 3705 Constantini
1469 3637 1582 3708 (39)
1629 3634 1786 3690 ﬁlius
1838 3632 2224 3723 Justinianus,
2288 3630 2426 3686 Rhi-

771 3722 1075 3800 notmetus
1094 3733 1362 3797 nomine,
1386 3730 1522 3802 post
1571 3725 1805 3782 obitum
1868 3722 2057 3793 patris
2117 3722 2228 3790 sui,
2287 3736 2422 3776 cum

771 3829 1132 3903 suscepisset
1154 3820 1369 3896 sceptri
1437 3812 1878 3878 moderamina,
1934 3811 1995 3866 in
2049 3809 2323 3866 fraudem
2371 3814 2427 3865 et

772 3900 1060 3994 injuriam
1087 3910 1428 3988 apostolica
1479 3905 1638 3962 sedis
1694 3901 2000 3994 synodum
2044 3900 2428 3994 congregavit

770 3988 1053 4069 in'Trullo
1093 4001 1294 4079 palatii
1349 3997 1463 4064 sui,
1514 4000 1570 4051 et
1616 3990 1942 4066 appellavit
1984 4005 2120 4046 eam
2165 3988 2430 4079 similiter

773 4104 1006 4160 sextam
1021 4077 1324 4170 synodum
1336 4134 1350 4160 ,
1363 4102 1501 4161 qua
1513 4098 1636 4140 non
1664 4085 1893 4148 sancta,
1919 4080 2026 4135 sed
2047 4077 2428 4134 exsecrabilis

771 4197 865 4249 est
887 4169 1178 4246 dicenda:
1212 4195 1352 4237 cum
1378 4176 1535 4232 clam
1559 4170 1839 4246 pontiﬁce
1870 4172 2142 4225 Romano
2175 4169 2251 4224 ad
2288 4185 2426 4224 con-

770 4277 1222 4341 demnationem
1252 4272 1473 4326 sancta
1502 4262 1604 4319 Dei
1637 4260 1980 4317 Latinorum
2013 4257 2305 4323 Ecclesia,
2330 4274 2424 4314 ca-

767 4387 961 4432 nones
1014 4365 1331 4424 ediderunt
1371 4358 1613 4414 centum
1660 4365 1916 4408 numero
1967 4365 2106 4404 cum
2159 4347 2418 4404 duobus.

765 4462 1173 4521 Adversantur
1196 4456 1397 4509 autem
1417 4447 1640 4502 sancta
1663 4440 1765 4497 Dei
1803 4442 2088 4496 Romana
2130 4437 2420 4505 Ecclesiae,

765 4551 1070 4628 pracipue
1101 4542 1327 4605 tertius,
1355 4534 1648 4597 decimus,
1682 4528 2038 4628 tricesimus,
2085 4526 2422 4628 quadrage-
2452 4559 2496 4614 Β

763 4615 1247 4711 simus-quintus,
1280 4635 1338 4685 et
1377 4619 1935 4711 quinquagesimus‘
1973 4615 2275 4671 secundus
2325 4631 2419 4711 ca-

759 4705 1126 4800 nonem-qui
1154 4722 1313 4780 infra
1339 4718 1402 4774 in
1428 4707 1866 4785 objectionibus
1895 4707 2240 4762 Gracorum
2280 4705 2418 4760 sub-

974 4834 1066 4876 ur.

974 4834 1066 4876 ur.

756 4823 1182 4982 Ποιῗῖξξρεὶητα
1206 4897 1454 4974 synodo,
1477 4895 1729 4982 Nicano
1753 4887 2034 4956 secunda,
2058 4887 2346 4944 adversus

1366 4980 1806 5043 Iconomachos.

823 5069 1748 5166 Septimaquoquefuitsynodus
1760 5066 1987 5166 Nicaa,
2137 5066 2194 5163 et
2216 5061 2413 5134 prima

747 5153 1025 5247 omnium
1083 5153 1195 5232 fuit
1243 5153 1567 5232 celebrata,
1619 5169 1893 5230 tempore
1939 5153 2188 5247 Adriani
2232 5167 2410 5224 papa

743 5243 1024 5335 Pomani.
1058 5257 1484 5323 Constantinus
1505 5262 1773 5321 namque
1803 5262 1942 5302 cum
1980 5243 2410 5335 Helena-matre

745 5330 858 5424 QQ;
873 5377 1013 5421 cum
1025 5344 1592 5432 pariterapiissimis
1605 5337 2119 5432 pradecessorum
2137 5330 2409 5432 scitisde-

737 5459 924 5515 viaret
966 5424 1325 5507 Nosimutili
1363 5429 1680 5493 Justiniani
1725 5424 2121 5522 pertinaciam
2161 5426 2404 5522 secutus

734 5552 849 5606 est.
881 5541 1312 5599 Verumtamen
1343 5526 1422 5585 ad
1449 5533 1761 5580 sacrarum
1800 5529 2161 5572 memoriam
2189 5526 2402 5582 imagi-

2535 1939 2624 1990 est
2653 1935 2714 1990 in
2743 1935 2881 2006 ipsa
2910 1937 3058 1992 urbe
3084 1939 3297 1993 Roma.

2608 2025 2674 2080 Hi
2698 2040 2910 2081 omnes
2946 2027 3292 2097 congregati
3351 2033 3493 2083 sunt
3539 2034 3748 2086 contra
3784 2029 4190 2103 ιίκονομοὶχους,

2533 2112 2596 2168 id
2629 2118 2736 2182 est,
2767 2115 3444 2187 contraimpugnatores
3469 2117 3829 2187 imaginum,
3859 2118 4196 2188 ﬁgurarum

2537 2202 2769 2269 Christi,
2804 2204 2997 2258 crucis
3022 2209 3080 2260 et
3105 2204 3297 2260 beata
3331 2206 3525 2261 Maria
3548 2206 3821 2276 Virginis,
3841 2211 3900 2263 et
3935 2207 4196 2264 aliorum

2537 2297 2906 2363 sanctorum,
2921 2308 3074 2365 quas
3086 2294 3617 2353 asserebantnullo
3640 2296 3827 2354 modo
3838 2312 3969 2354 esse
3996 2297 4201 2358 colen-

2537 2379 2667 2436 das:
2703 2382 3048 2451 ignorantes
3081 2382 3227 2438 tales
3256 2382 3520 2439 infelices
3553 2384 3834 2452 haretici,
3865 2385 4034 2457 quod
4084 2386 4198 2442 ho-

2537 2486 2668 2534 nor,
2696 2470 2799 2543 qui
2828 2470 3046 2526 talibus
3065 2471 3454 2544 impenditur,
3485 2488 3607 2533 non
3648 2477 3891 2546 propter
3945 2490 4032 2537 se,
4090 2474 4198 2531 sed

2536 2564 2780 2632 propter
2807 2559 2998 2625 illum,
3032 2576 3216 2633 quem
3247 2561 3450 2632 imago
3492 2566 3902 2634 reprasentat,
3955 2562 4198 2625 exhibe-

2537 2655 2652 2706 tur.
2685 2652 2746 2705 Et
2775 2649 2940 2722 quod
2973 2655 3216 2722 propter
3245 2650 3597 2721 hujusmodi
3626 2652 3912 2724 picturas,
3943 2653 4197 2725 antiqua

2535 2743 2590 2794 et
2621 2744 2864 2794 strenua
2893 2737 3050 2795 facta
3097 2747 3445 2795 sanctorum
3498 2739 3832 2810 inﬁguntur
3881 2741 4194 2798 memoria

2535 2827 2918 2899 simplicium,
2951 2828 3056 2900 qui
3107 2844 3213 2900 per
3259 2829 3586 2901 scripturas
3639 2845 3744 2885 eas
3802 2845 4018 2903 capere
4069 2846 4193 2886 non

2535 2909 2859 2981 suﬁiciunt,
2895 2921 2951 2973 et
2981 2917 3325 2974 successive
3357 2919 3566 2974 ordine
3591 2919 4076 2979 transmittuntur
4132 2920 4193 2975 in

2534 3011 2831 3078 posteros,
2871 3011 2935 3062 ut
2986 3022 3197 3062 eorum
3256 3007 3500 3078 gloriosi
3560 3007 3847 3080 triumphi
3893 3007 4197 3064 oblivione

2534 3111 2655 3150 non
2684 3095 3019 3159 deleantur,
3051 3096 3156 3151 sed
3187 3113 3326 3152 cum
3353 3098 3516 3154 omni
3550 3098 3766 3169 pietate
3815 3104 4194 3161 venerentur,

2535 3200 2746 3239 eorum
2781 3183 3088 3241 imitentur
3118 3185 3277 3242 facta
3306 3201 3412 3259 per
3469 3186 3812 3259 exemplum
3870 3186 4196 3245 bonorum.

2536 3273 2674 3328 Ideo
2705 3273 3029 3329 barbaram
3060 3279 3119 3328 et
3143 3290 3456 3332 erroneam
3483 3276 3834 3346 opinionem
3867 3275 4196 3333 multorum

2535 3379 2722 3419 sacra
2757 3363 3071 3435 Scriptura
3099 3364 3450 3421 testimoniis
3479 3365 3859 3422 confutantes
3891 3365 3969 3422 ab
3999 3365 4198 3423 Eccle-

2536 3453 2624 3508 sia
2645 3452 3126 3521 eliminaverunt,
3154 3459 3446 3526 perpetuo
3476 3454 3862 3510 anathemate
3890 3453 4195 3510 damnan—

2534 3547 2622 3598 tes
2651 3557 2756 3596 eos
2782 3541 2888 3614 qui
2914 3540 2990 3597 de
3020 3549 3233 3597 catero
3290 3558 3471 3616 super
3519 3543 3636 3599 hoc
3687 3543 3917 3615 aliquid
3973 3548 4196 3601 temere

2535 3635 2910 3687 attentarent.
2983 3631 3083 3687 Hic
3133 3637 3219 3687 est
3272 3636 3441 3688 tenor
3498 3632 3736 3704 septimi
3787 3632 4040 3703 concilii,
4087 3633 4193 3705 qui

2537 3718 2897 3790 supradictis
2925 3718 3182 3774 multum
3213 3735 3550 3791 repugnare
3582 3720 3834 3778 videtur.

2611 3808 2722 3863 Sed
2754 3806 2866 3862 ista
2897 3807 3286 3863 contrarietas
3313 3807 3483 3863 citius
3515 3807 3780 3880 solvitur,
3815 3808 3865 3863 si
3891 3807 3973 3863 rei
4012 3811 4196 3878 gesta

2536 3902 2774 3968 tempus
2799 3900 2856 3952 et
2884 3896 3033 3952 ordo
3054 3896 3386 3952 videantur.
3445 3900 3669 3953 Revera
3720 3897 3863 3954 dicti
3909 3896 4198 3953 monachi

2539 3984 2731 4041 nuntii
2759 3984 3000 4042 fuerunt
3025 3984 3185 4040 sedis
3213 3985 3580 4057 apostolica,
3618 4001 3741 4042 non
3764 3990 3829 4056 ut
3887 3985 4192 4058 synodum

2537 4074 2927 4140 celebrarent,
2960 4073 3065 4128 sed
3087 4079 3152 4129 ut
3175 4073 3404 4130 dictum
3429 4076 3856 4146 imperatorem
3910 4092 3984 4131 ex
4023 4078 4196 4146 parte

2536 4181 2709 4236 papa
2737 4161 2875 4219 cum
2919 4162 3126 4219 litteris
3179 4163 3302 4218 suis
3350 4163 3696 4234 diligentius
3740 4169 4075 4232 monerent,
4129 4169 4198 4220 ut

2534 4252 2736 4308 relicto
2767 4268 2963 4308 errore
2996 4267 3304 4308 sacrarum
3333 4253 3692 4324 imaginum,
3720 4269 3844 4326 quo
3870 4263 4014 4309 tunc
4072 4257 4200 4309 tota

2535 4342 2760 4398 Gracia
2798 4342 3016 4398 infecta
3069 4347 3216 4410 erat,
3274 4340 3352 4398 ad
3403 4343 3722 4415 antiquum
3769 4347 3828 4399 et
3873 4342 4196 4416 pristinum

2530 4431 2823 4488 honorem
2843 4430 3231 4487 ecclesiarum
3257 4431 3506 4504 pictura
3537 4431 4005 4502 restituerentur,
4041 4430 4198 4486 sicut

2532 4529 2587 4577 et
2612 4520 2767 4579 fecit.
2800 4526 3058 4594 Accepta
3082 4522 3259 4594 igitur
3285 4522 3600 4578 occasione
3621 4522 3817 4584 dictus
3841 4522 4190 4595 imperator,
4221 4519 4224 4521 λ

2531 4628 2601 4668 ex
2615 4611 2821 4668 litteris
2835 4627 3028 4683 papa,
3047 4611 3436 4682 congregavit
3448 4612 3772 4684 septimum
3795 4611 4116 4668 concilium
4128 4611 4193 4668 in

2527 4691 2661 4776 ipsa
2679 4701 2844 4772 regia
2854 4700 3004 4756 urbe
3015 4700 3319 4774 primitus,
3333 4700 3440 4756 sed
3457 4700 3614 4757 facta
3629 4699 4027 4764 dissensione,
4049 4716 4192 4757 cum

2529 4807 2652 4848 non
2682 4794 2931 4864 possent
2957 4789 3347 4861 concordare,
3382 4790 3877 4850 discesseruntab
3905 4790 4188 4859 invicem,

2527 4880 2634 4956 qui
2663 4885 3092 4937 convenerant.

2599 4972 2813 5026 Verum
2829 4968 3048 5025 detenti
3061 4967 3302 5024 fuerunt
3326 4969 3386 5024 in
3399 4968 3613 5026 eadem
3648 4968 3793 5025 urbe
3810 4984 3917 5044 per
3954 4983 4188 5040 annum

2524 5060 2846 5132 integrum,
2877 5063 2936 5114 et
2952 5059 3036 5114 sic
3047 5059 3436 5132 postmodum
3444 5059 3618 5130 jussu
3639 5058 3779 5115 dicti
3807 5059 4188 5132 imperatoris

2523 5155 2950 5206 convenerunt.
2984 5149 3089 5205 Cui
3120 5148 3373 5205 concilio
3408 5148 3777 5222 praefuerunt
3801 5148 3943 5205 dicti
3989 5144 4187 5205 nuntii

2521 5255 2722 5313 papa,
2752 5244 2810 5296 et
2861 5238 3184 5294 Tharasius
3243 5238 3608 5310 patriarcha,
3661 5254 3847 5312 quem
3904 5242 4184 5294 sanctum

2518 5329 2857 5398 nominant,
2889 5332 2947 5384 et
2973 5327 3072 5384 alii
3103 5327 3330 5402 pralati
3358 5344 3545 5400 supra
3575 5328 3889 5386 nominati.
3941 5330 4090 5386 Pace
4122 5329 4202 5394 in,

2517 5418 2793 5476 Ecclesiis
2825 5418 3122 5492 peristum
3142 5417 3392 5474 modum
3418 5419 3710 5485 restituta,
3732 5418 3947 5486 retulit,
3975 5423 4183 5475 utmos

2517 5513 2662 5577 erat,
2708 5507 3028 5564 Tharasius
3081 5507 3427 5581 patriarcha
3476 5507 4184 5582 ConstantinOpolitanus

803 5691 919 5765 (39)
955 5677 1264 5765 Pogonati.
1300 5656 2142 5765 Vigega‘igoeioméleccl.
2174 5655 2386 5712 Histor.
2424 5669 2589 5712 anno
2624 5650 2840 5708 Christi
2873 5654 2995 5707 680.

953 5731 1275 5832 Perei'am
1306 5743 1402 5803 isti
1435 5735 1795 5798 sentiebant.
1831 5731 2022 5786 Srsw.
