  <div class='ocr_page' id='page_1' title='image "/cluster/home/n/w/nwhite01/storage/ocr_20150623/140/nnc1.0046979905/290.png"; bbox 0 0 4468 6440; ppageno 0'>
   <div class='ocr_carea' id='block_1_1' title="bbox 219 414 309 478">
    <p class='ocr_par' dir='ltr' id='par_1_1' title="bbox 219 414 309 478">
     <span class='ocr_line' id='line_1_1' title="bbox 219 414 309 478; baseline -0.022 -1"><span class='ocrx_word' id='word_1_1' title='bbox 219 414 309 478; x_wconf 64' lang='lat'>557</span> 
     </span>
    </p>
   </div>
   <div class='ocr_carea' id='block_1_2' title="bbox 1601 400 2233 465">
    <p class='ocr_par' dir='ltr' id='par_1_2' title="bbox 1601 400 2233 465">
     <span class='ocr_line' id='line_1_2' title="bbox 1601 400 2233 465; baseline -0.005 0"><span class='ocrx_word' id='word_1_2' title='bbox 1601 405 1881 465; x_wconf 68' lang='grc' dir='ltr'>ΟΟΝἹἩΛ</span> <span class='ocrx_word' id='word_1_3' title='bbox 1919 400 2233 464; x_wconf 74' lang='lat' dir='ltr'>GRECOS.</span> 
     </span>
    </p>
   </div>
   <div class='ocr_carea' id='block_1_3' title="bbox 3521 404 3624 473">
    <p class='ocr_par' dir='ltr' id='par_1_3' title="bbox 3521 404 3624 473">
     <span class='ocr_line' id='line_1_3' title="bbox 3521 404 3624 473; baseline 0 0"><span class='ocrx_word' id='word_1_4' title='bbox 3521 404 3624 473; x_wconf 66' lang='lat'>553</span> 
     </span>
    </p>
   </div>
   <div class='ocr_carea' id='block_1_4' title="bbox 218 529 3617 614">
    <p class='ocr_par' dir='ltr' id='par_1_4' title="bbox 218 529 3617 614">
     <span class='ocr_line' id='line_1_4' title="bbox 218 529 3617 614; baseline -0.001 -16"><span class='ocrx_word' id='word_1_5' title='bbox 218 549 390 604; x_wconf 82' lang='lat' dir='ltr'>totum</span> <span class='ocrx_word' id='word_1_6' title='bbox 413 557 766 614; x_wconf 79' lang='lat' dir='ltr'>processum</span> <span class='ocrx_word' id='word_1_7' title='bbox 787 553 1029 595; x_wconf 70' lang='lat' dir='ltr'>summa</span> <span class='ocrx_word' id='word_1_8' title='bbox 1051 536 1337 609; x_wconf 76' lang='lat' dir='ltr'>pontiﬁci,</span> <span class='ocrx_word' id='word_1_9' title='bbox 1357 540 1424 590; x_wconf 78' lang='lat' dir='ltr'>ut</span> <span class='ocrx_word' id='word_1_10' title='bbox 1443 535 1526 594; x_wconf 84' lang='lat' dir='ltr'>sie</span> <span class='ocrx_word' id='word_1_11' title='bbox 1557 533 1673 589; x_wconf 98' lang='lat' dir='ltr'>tale</span> <span class='ocrx_word' id='word_1_12' title='bbox 1717 546 1857 587; x_wconf 93' lang='lat' dir='ltr'>con-</span> <span class='ocrx_word' id='word_1_13' title='bbox 1886 531 1932 585; x_wconf 73' lang='grc' dir='ltr'><strong>Α</strong></span> <span class='ocrx_word' id='word_1_14' title='bbox 1965 529 2187 588; x_wconf 90' lang='lat' dir='ltr'>tiochia</span> <span class='ocrx_word' id='word_1_15' title='bbox 2241 534 2443 605; x_wconf 82' lang='lat' dir='ltr'>Syriae,</span> <span class='ocrx_word' id='word_1_16' title='bbox 2508 537 2779 608; x_wconf 89' lang='lat' dir='ltr'>tempore</span> <span class='ocrx_word' id='word_1_17' title='bbox 2833 538 3207 594; x_wconf 81' lang='lat' dir='ltr'>Constantini</span> <span class='ocrx_word' id='word_1_18' title='bbox 3241 539 3617 613; x_wconf 78' lang='lat' dir='ltr'>[Constantii]</span> 
     </span>
    </p>
   </div>
   <div class='ocr_carea' id='block_1_5' title="bbox 216 619 1859 687">
    <p class='ocr_par' dir='ltr' id='par_1_5' title="bbox 216 619 1859 687">
     <span class='ocr_line' id='line_1_5' title="bbox 216 619 1859 687; baseline -0.009 0"><span class='ocrx_word' id='word_1_19' title='bbox 216 633 532 687; x_wconf 74' lang='lat' dir='ltr'>ciliumsua</span> <span class='ocrx_word' id='word_1_20' title='bbox 583 630 932 684; x_wconf 78' lang='lat' dir='ltr'>auctoritate</span> <span class='ocrx_word' id='word_1_21' title='bbox 980 626 1457 681; x_wconf 87' lang='lat' dir='ltr'>conﬁrmaretur.</span> <span class='ocrx_word' id='word_1_22' title='bbox 1503 626 1650 678; x_wconf 87' lang='lat' dir='ltr'>Nam</span> <span class='ocrx_word' id='word_1_23' title='bbox 1700 619 1859 675; x_wconf 90' lang='lat' dir='ltr'>colli-</span> 
     </span>
    </p>
   </div>
   <div class='ocr_carea' id='block_1_6' title="bbox 218 714 1858 789">
    <p class='ocr_par' dir='ltr' id='par_1_6' title="bbox 218 714 1858 789">
     <span class='ocr_line' id='line_1_6' title="bbox 218 714 1858 789; baseline -0.008 -14"><span class='ocrx_word' id='word_1_24' title='bbox 218 729 424 789; x_wconf 86' lang='lat' dir='ltr'>guntur</span> <span class='ocrx_word' id='word_1_25' title='bbox 441 725 667 789; x_wconf 81' lang='lat' dir='ltr'>septem</span> <span class='ocrx_word' id='word_1_26' title='bbox 683 716 1006 772; x_wconf 87' lang='lat' dir='ltr'>conciliain</span> <span class='ocrx_word' id='word_1_27' title='bbox 1030 715 1317 785; x_wconf 80' lang='lat' dir='ltr'>libro,qui</span> <span class='ocrx_word' id='word_1_28' title='bbox 1341 714 1726 768; x_wconf 82' lang='lat' dir='ltr'>Nomocanon</span> <span class='ocrx_word' id='word_1_29' title='bbox 1751 725 1858 780; x_wconf 92' lang='lat' dir='ltr'>ap-</span> 
     </span>
    </p>
   </div>
   <div class='ocr_carea' id='block_1_7' title="bbox 219 799 1859 880">
    <p class='ocr_par' dir='ltr' id='par_1_7' title="bbox 219 799 1859 880">
     <span class='ocr_line' id='line_1_7' title="bbox 219 799 1859 880; baseline -0.008 -16"><span class='ocrx_word' id='word_1_30' title='bbox 219 808 480 880; x_wconf 76' lang='lat' dir='ltr'>pellatur.</span> <span class='ocrx_word' id='word_1_31' title='bbox 499 807 648 870; x_wconf 84' lang='lat' dir='ltr'>Quid</span> <span class='ocrx_word' id='word_1_32' title='bbox 673 813 874 861; x_wconf 90' lang='lat' dir='ltr'>tamen</span> <span class='ocrx_word' id='word_1_33' title='bbox 897 820 1056 876; x_wconf 90' lang='lat' dir='ltr'>papa</span> <span class='ocrx_word' id='word_1_34' title='bbox 1078 802 1470 874; x_wconf 89' lang='lat' dir='ltr'>responderit,</span> <span class='ocrx_word' id='word_1_35' title='bbox 1491 816 1612 855; x_wconf 90' lang='lat' dir='ltr'>non</span> <span class='ocrx_word' id='word_1_36' title='bbox 1635 799 1859 854; x_wconf 84' lang='lat' dir='ltr'>inveni.</span> 
     </span>
    </p>
   </div>
   <div class='ocr_carea' id='block_1_8' title="bbox 605 945 1470 1018">
    <p class='ocr_par' dir='ltr' id='par_1_8' title="bbox 605 945 1470 1018">
     <span class='ocr_line' id='line_1_8' title="bbox 605 945 1470 1018; baseline -0.008 -14"><span class='ocrx_word' id='word_1_37' title='bbox 605 950 686 1004; x_wconf 89' lang='lat' dir='ltr'>De</span> <span class='ocrx_word' id='word_1_38' title='bbox 700 947 942 1018; x_wconf 66' lang='lat' dir='ltr'>synodi:</span> <span class='ocrx_word' id='word_1_39' title='bbox 972 945 1470 1015; x_wconf 72' lang='lat' dir='ltr'>particularzbus.</span> 
     </span>
    </p>
   </div>
   <div class='ocr_carea' id='block_1_9' title="bbox 283 1065 1865 1143">
    <p class='ocr_par' dir='ltr' id='par_1_9' title="bbox 283 1065 1865 1143">
     <span class='ocr_line' id='line_1_9' title="bbox 283 1065 1865 1143; baseline -0.006 -15"><span class='ocrx_word' id='word_1_40' title='bbox 283 1072 610 1129; x_wconf 79' lang='lat' dir='ltr'>Dicendum</span> <span class='ocrx_word' id='word_1_41' title='bbox 651 1087 917 1143; x_wconf 88' lang='lat' dir='ltr'>quoque.</span> <span class='ocrx_word' id='word_1_42' title='bbox 962 1074 1176 1142; x_wconf 82' lang='lat' dir='ltr'>prater</span> <span class='ocrx_word' id='word_1_43' title='bbox 1196 1069 1342 1124; x_wconf 86' lang='lat' dir='ltr'>istas</span> <span class='ocrx_word' id='word_1_44' title='bbox 1369 1073 1598 1138; x_wconf 89' lang='lat' dir='ltr'>septem</span> <span class='ocrx_word' id='word_1_45' title='bbox 1624 1065 1865 1120; x_wconf 90' lang='lat' dir='ltr'>univer-</span> 
     </span>
    </p>
   </div>
   <div class='ocr_carea' id='block_1_10' title="bbox 221 1153 1863 1233">
    <p class='ocr_par' dir='ltr' id='par_1_10' title="bbox 221 1153 1863 1233">
     <span class='ocr_line' id='line_1_10' title="bbox 221 1153 1863 1233; baseline -0.005 -17"><span class='ocrx_word' id='word_1_46' title='bbox 221 1163 370 1218; x_wconf 83' lang='lat' dir='ltr'>sales</span> <span class='ocrx_word' id='word_1_47' title='bbox 397 1160 687 1233; x_wconf 77' lang='lat' dir='ltr'>synodos,</span> <span class='ocrx_word' id='word_1_48' title='bbox 710 1159 887 1215; x_wconf 89' lang='lat' dir='ltr'>fuitet</span> <span class='ocrx_word' id='word_1_49' title='bbox 910 1158 1178 1225; x_wconf 86' lang='lat' dir='ltr'>unaalia,</span> <span class='ocrx_word' id='word_1_50' title='bbox 1204 1155 1556 1212; x_wconf 85' lang='lat' dir='ltr'>universalis</span> <span class='ocrx_word' id='word_1_51' title='bbox 1595 1153 1863 1226; x_wconf 85' lang='lat' dir='ltr'>quidem,</span> 
     </span>
    </p>
   </div>
   <div class='ocr_carea' id='block_1_11' title="bbox 221 1242 1866 1323">
    <p class='ocr_par' dir='ltr' id='par_1_11' title="bbox 221 1242 1866 1323">
     <span class='ocr_line' id='line_1_11' title="bbox 221 1242 1866 1323; baseline -0.005 -17"><span class='ocrx_word' id='word_1_52' title='bbox 221 1252 315 1306; x_wconf 86' lang='lat' dir='ltr'>sed</span> <span class='ocrx_word' id='word_1_53' title='bbox 336 1251 479 1323; x_wconf 85' lang='lat' dir='ltr'>quia</span> <span class='ocrx_word' id='word_1_54' title='bbox 496 1265 617 1304; x_wconf 88' lang='lat' dir='ltr'>non</span> <span class='ocrx_word' id='word_1_55' title='bbox 640 1250 762 1320; x_wconf 92' lang='lat' dir='ltr'>agit</span> <span class='ocrx_word' id='word_1_56' title='bbox 783 1248 857 1302; x_wconf 90' lang='lat' dir='ltr'>de</span> <span class='ocrx_word' id='word_1_57' title='bbox 874 1246 1138 1302; x_wconf 87' lang='lat' dir='ltr'>articulis</span> <span class='ocrx_word' id='word_1_58' title='bbox 1159 1245 1318 1311; x_wconf 81' lang='lat' dir='ltr'>ﬁdei,</span> <span class='ocrx_word' id='word_1_59' title='bbox 1363 1261 1484 1300; x_wconf 91' lang='lat' dir='ltr'>non</span> <span class='ocrx_word' id='word_1_60' title='bbox 1521 1244 1764 1317; x_wconf 85' lang='lat' dir='ltr'>ponitur</span> <span class='ocrx_word' id='word_1_61' title='bbox 1807 1242 1866 1296; x_wconf 88' lang='lat' dir='ltr'>in</span> 
     </span>
    </p>
   </div>
   <div class='ocr_carea' id='block_1_12' title="bbox 220 1328 1868 1405">
    <p class='ocr_par' dir='ltr' id='par_1_12' title="bbox 220 1328 1868 1405">
     <span class='ocr_line' id='line_1_12' title="bbox 220 1328 1868 1405; baseline -0.008 -12"><span class='ocrx_word' id='word_1_62' title='bbox 220 1353 468 1394; x_wconf 91' lang='lat' dir='ltr'>numero</span> <span class='ocrx_word' id='word_1_63' title='bbox 487 1336 854 1405; x_wconf 80' lang='lat' dir='ltr'>generalium</span> <span class='ocrx_word' id='word_1_64' title='bbox 871 1337 1248 1405; x_wconf 89' lang='lat' dir='ltr'>synodorum</span> <span class='ocrx_word' id='word_1_65' title='bbox 1271 1333 1348 1388; x_wconf 90' lang='lat' dir='ltr'>ab</span> <span class='ocrx_word' id='word_1_66' title='bbox 1371 1332 1635 1403; x_wconf 84' lang='lat' dir='ltr'>antiquis</span> <span class='ocrx_word' id='word_1_67' title='bbox 1651 1328 1868 1386; x_wconf 81' lang='lat' dir='ltr'>Gracis</span> 
     </span>
    </p>
   </div>
   <div class='ocr_carea' id='block_1_13' title="bbox 221 1412 1871 1495">
    <p class='ocr_par' dir='ltr' id='par_1_13' title="bbox 221 1412 1871 1495">
     <span class='ocr_line' id='line_1_13' title="bbox 221 1412 1871 1495; baseline -0.007 -14"><span class='ocrx_word' id='word_1_68' title='bbox 221 1426 318 1481; x_wconf 89' lang='lat' dir='ltr'>sed</span> <span class='ocrx_word' id='word_1_69' title='bbox 355 1427 507 1480; x_wconf 90' lang='lat' dir='ltr'>inter</span> <span class='ocrx_word' id='word_1_70' title='bbox 528 1424 677 1479; x_wconf 89' lang='lat' dir='ltr'>alias</span> <span class='ocrx_word' id='word_1_71' title='bbox 716 1439 848 1495; x_wconf 73' lang='lat' dir='ltr'>qua</span> <span class='ocrx_word' id='word_1_72' title='bbox 881 1421 1103 1477; x_wconf 88' lang='lat' dir='ltr'>locales</span> <span class='ocrx_word' id='word_1_73' title='bbox 1152 1421 1561 1476; x_wconf 87' lang='lat' dir='ltr'>nominantur.</span> <span class='ocrx_word' id='word_1_74' title='bbox 1606 1412 1871 1474; x_wconf 84' lang='lat' dir='ltr'>Moderni</span> 
     </span>
    </p>
   </div>
   <div class='ocr_carea' id='block_1_14' title="bbox 221 1509 1870 1582">
    <p class='ocr_par' dir='ltr' id='par_1_14' title="bbox 221 1509 1870 1582">
     <span class='ocr_line' id='line_1_14' title="bbox 221 1509 1870 1582; baseline -0.002 -14"><span class='ocrx_word' id='word_1_75' title='bbox 221 1512 944 1582; x_wconf 79' lang='lat' dir='ltr'>veroGraci,schismatici</span> <span class='ocrx_word' id='word_1_76' title='bbox 969 1527 1108 1566; x_wconf 93' lang='lat' dir='ltr'>cum</span> <span class='ocrx_word' id='word_1_77' title='bbox 1128 1510 1266 1573; x_wconf 85' lang='lat' dir='ltr'>sint,</span> <span class='ocrx_word' id='word_1_78' title='bbox 1292 1510 1369 1566; x_wconf 89' lang='lat' dir='ltr'>ab</span> <span class='ocrx_word' id='word_1_79' title='bbox 1411 1509 1577 1565; x_wconf 82' lang='lat' dir='ltr'>omni</span> <span class='ocrx_word' id='word_1_80' title='bbox 1617 1525 1870 1564; x_wconf 91' lang='lat' dir='ltr'>numero</span> 
     </span>
    </p>
   </div>
   <div class='ocr_carea' id='block_1_15' title="bbox 219 1598 1870 1669">
    <p class='ocr_par' dir='ltr' id='par_1_15' title="bbox 219 1598 1870 1669">
     <span class='ocr_line' id='line_1_15' title="bbox 219 1598 1870 1669; baseline -0.004 -10"><span class='ocrx_word' id='word_1_81' title='bbox 219 1603 377 1659; x_wconf 79' lang='lat' dir='ltr'>illam</span> <span class='ocrx_word' id='word_1_82' title='bbox 400 1603 1109 1661; x_wconf 77' lang='lat' dir='ltr'>excluserunt,etnomen</span> <span class='ocrx_word' id='word_1_83' title='bbox 1144 1601 1274 1669; x_wconf 86' lang='lat' dir='ltr'>ejus</span> <span class='ocrx_word' id='word_1_84' title='bbox 1321 1598 1529 1654; x_wconf 88' lang='lat' dir='ltr'>audire</span> <span class='ocrx_word' id='word_1_85' title='bbox 1571 1598 1870 1654; x_wconf 77' lang='lat' dir='ltr'>subticue-</span> 
     </span>
    </p>
   </div>
   <div class='ocr_carea' id='block_1_16' title="bbox 218 1686 1876 1763">
    <p class='ocr_par' dir='ltr' id='par_1_16' title="bbox 218 1686 1876 1763">
     <span class='ocr_line' id='line_1_16' title="bbox 218 1686 1876 1763; baseline -0.004 -16"><span class='ocrx_word' id='word_1_86' title='bbox 218 1697 450 1759; x_wconf 85' lang='lat' dir='ltr'>runt,eo</span> <span class='ocrx_word' id='word_1_87' title='bbox 493 1689 663 1763; x_wconf 86' lang='lat' dir='ltr'>quod</span> <span class='ocrx_word' id='word_1_88' title='bbox 711 1705 922 1744; x_wconf 88' lang='lat' dir='ltr'>eorum</span> <span class='ocrx_word' id='word_1_89' title='bbox 979 1688 1321 1760; x_wconf 86' lang='lat' dir='ltr'>patriarcha</span> <span class='ocrx_word' id='word_1_90' title='bbox 1378 1687 1644 1754; x_wconf 82' lang='lat' dir='ltr'>Photius,</span> <span class='ocrx_word' id='word_1_91' title='bbox 1692 1686 1876 1742; x_wconf 87' lang='lat' dir='ltr'>hare-</span> 
     </span>
    </p>
   </div>
   <div class='ocr_carea' id='block_1_17' title="bbox 223 1775 1874 1850">
    <p class='ocr_par' dir='ltr' id='par_1_17' title="bbox 223 1775 1874 1850">
     <span class='ocr_line' id='line_1_17' title="bbox 223 1775 1874 1850; baseline -0.001 -18"><span class='ocrx_word' id='word_1_92' title='bbox 223 1779 613 1843; x_wconf 83' lang='lat' dir='ltr'>siarcha,fuit</span> <span class='ocrx_word' id='word_1_93' title='bbox 654 1778 716 1833; x_wconf 89' lang='lat' dir='ltr'>in</span> <span class='ocrx_word' id='word_1_94' title='bbox 749 1777 880 1850; x_wconf 80' lang='lat' dir='ltr'>ipsa</span> <span class='ocrx_word' id='word_1_95' title='bbox 925 1776 1214 1846; x_wconf 82' lang='lat' dir='ltr'>dignitate</span> <span class='ocrx_word' id='word_1_96' title='bbox 1266 1775 1649 1848; x_wconf 87' lang='lat' dir='ltr'>patriarchali</span> <span class='ocrx_word' id='word_1_97' title='bbox 1685 1791 1874 1847; x_wconf 90' lang='lat' dir='ltr'>quam</span> 
     </span>
    </p>
   </div>
   <div class='ocr_carea' id='block_1_18' title="bbox 1969 619 3625 700">
    <p class='ocr_par' dir='ltr' id='par_1_18' title="bbox 1969 619 3625 700">
     <span class='ocr_line' id='line_1_18' title="bbox 1969 619 3625 700; baseline 0.008 -28"><span class='ocrx_word' id='word_1_98' title='bbox 1969 619 2272 691; x_wconf 87' lang='lat' dir='ltr'>principis,</span> <span class='ocrx_word' id='word_1_99' title='bbox 2335 623 2434 677; x_wconf 83' lang='lat' dir='ltr'>ﬁlii</span> <span class='ocrx_word' id='word_1_100' title='bbox 2496 625 2864 680; x_wconf 85' lang='lat' dir='ltr'>Constantini</span> <span class='ocrx_word' id='word_1_101' title='bbox 2914 628 3128 696; x_wconf 81' lang='lat' dir='ltr'>Magni,</span> <span class='ocrx_word' id='word_1_102' title='bbox 3193 643 3329 699; x_wconf 83' lang='lat' dir='ltr'>qua</span> <span class='ocrx_word' id='word_1_103' title='bbox 3415 630 3625 700; x_wconf 86' lang='lat' dir='ltr'>viginti</span> 
     </span>
    </p>
   </div>
   <div class='ocr_carea' id='block_1_19' title="bbox 1970 710 3628 786">
    <p class='ocr_par' dir='ltr' id='par_1_19' title="bbox 1970 710 3628 786">
     <span class='ocr_line' id='line_1_19' title="bbox 1970 710 3628 786; baseline 0.008 -26"><span class='ocrx_word' id='word_1_104' title='bbox 1970 710 2232 764; x_wconf 81' lang='lat' dir='ltr'>canones</span> <span class='ocrx_word' id='word_1_105' title='bbox 2251 713 2686 769; x_wconf 89' lang='lat' dir='ltr'>ecclesiasticos</span> <span class='ocrx_word' id='word_1_106' title='bbox 2708 713 3132 786; x_wconf 87' lang='lat' dir='ltr'>promulgavit.</span> <span class='ocrx_word' id='word_1_107' title='bbox 3162 716 3300 771; x_wconf 88' lang='lat' dir='ltr'>Post</span> <span class='ocrx_word' id='word_1_108' title='bbox 3320 717 3495 773; x_wconf 89' lang='lat' dir='ltr'>istam</span> <span class='ocrx_word' id='word_1_109' title='bbox 3520 718 3628 774; x_wconf 85' lang='lat' dir='ltr'>fuit</span> 
     </span>
    </p>
   </div>
   <div class='ocr_carea' id='block_1_20' title="bbox 1971 797 3629 875">
    <p class='ocr_par' dir='ltr' id='par_1_20' title="bbox 1971 797 3629 875">
     <span class='ocr_line' id='line_1_20' title="bbox 1971 797 3629 875; baseline 0.008 -26"><span class='ocrx_word' id='word_1_110' title='bbox 1971 801 2028 849; x_wconf 90' lang='lat' dir='ltr'>et</span> <span class='ocrx_word' id='word_1_111' title='bbox 2055 797 2172 851; x_wconf 83' lang='lat' dir='ltr'>alia</span> <span class='ocrx_word' id='word_1_112' title='bbox 2203 799 2475 869; x_wconf 87' lang='lat' dir='ltr'>synodus</span> <span class='ocrx_word' id='word_1_113' title='bbox 2506 802 2564 856; x_wconf 93' lang='lat' dir='ltr'>in</span> <span class='ocrx_word' id='word_1_114' title='bbox 2592 803 2844 867; x_wconf 84' lang='lat' dir='ltr'>civitate,</span> <span class='ocrx_word' id='word_1_115' title='bbox 2877 819 3012 875; x_wconf 80' lang='lat' dir='ltr'>quae</span> <span class='ocrx_word' id='word_1_116' title='bbox 3040 803 3253 860; x_wconf 82' lang='lat' dir='ltr'>dicitur</span> <span class='ocrx_word' id='word_1_117' title='bbox 3276 807 3534 874; x_wconf 86' lang='lat' dir='ltr'>Gangra,</span> <span class='ocrx_word' id='word_1_118' title='bbox 3567 808 3629 862; x_wconf 92' lang='lat' dir='ltr'>in</span> 
     </span>
    </p>
   </div>
   <div class='ocr_carea' id='block_1_21' title="bbox 1973 885 3632 965">
    <p class='ocr_par' dir='ltr' id='par_1_21' title="bbox 1973 885 3632 965">
     <span class='ocr_line' id='line_1_21' title="bbox 1973 885 3632 965; baseline 0.007 -26"><span class='ocrx_word' id='word_1_119' title='bbox 1973 885 2214 953; x_wconf 81' lang='lat' dir='ltr'>regione</span> <span class='ocrx_word' id='word_1_120' title='bbox 2232 886 2711 958; x_wconf 81' lang='lat' dir='ltr'>Paphlagonum.</span> <span class='ocrx_word' id='word_1_121' title='bbox 2744 891 2884 951; x_wconf 85' lang='lat' dir='ltr'>Qua</span> <span class='ocrx_word' id='word_1_122' title='bbox 2914 891 3123 960; x_wconf 85' lang='lat' dir='ltr'>viginti</span> <span class='ocrx_word' id='word_1_123' title='bbox 3149 893 3415 965; x_wconf 87' lang='lat' dir='ltr'>quinque</span> <span class='ocrx_word' id='word_1_124' title='bbox 3452 909 3632 950; x_wconf 85' lang='lat' dir='ltr'>cano-</span> 
     </span>
    </p>
   </div>
   <div class='ocr_carea' id='block_1_22' title="bbox 1974 975 3588 1045">
    <p class='ocr_par' dir='ltr' id='par_1_22' title="bbox 1974 975 3588 1045">
     <span class='ocr_line' id='line_1_22' title="bbox 1974 975 3588 1045; baseline 0.009 -18"><span class='ocrx_word' id='word_1_125' title='bbox 1974 988 2082 1028; x_wconf 88' lang='lat' dir='ltr'>nes</span> <span class='ocrx_word' id='word_1_126' title='bbox 2113 989 2223 1045; x_wconf 90' lang='lat' dir='ltr'>pro</span> <span class='ocrx_word' id='word_1_127' title='bbox 2253 975 2564 1033; x_wconf 87' lang='lat' dir='ltr'>honestate</span> <span class='ocrx_word' id='word_1_128' title='bbox 2593 978 2946 1036; x_wconf 91' lang='lat' dir='ltr'>clericorum</span> <span class='ocrx_word' id='word_1_129' title='bbox 2977 979 3164 1036; x_wconf 90' lang='lat' dir='ltr'>edidit</span> <span class='ocrx_word' id='word_1_130' title='bbox 3192 986 3249 1036; x_wconf 93' lang='lat' dir='ltr'>et</span> <span class='ocrx_word' id='word_1_131' title='bbox 3273 981 3588 1041; x_wconf 85' lang='lat' dir='ltr'>ordinavit.</span> 
     </span>
    </p>
   </div>
   <div class='ocr_carea' id='block_1_23' title="bbox 2047 1062 3626 1144">
    <p class='ocr_par' dir='ltr' id='par_1_23' title="bbox 2047 1062 3626 1144">
     <span class='ocr_line' id='line_1_23' title="bbox 2047 1062 3626 1144; baseline 0.006 -27"><span class='ocrx_word' id='word_1_132' title='bbox 2047 1062 2174 1118; x_wconf 82' lang='lat' dir='ltr'>Alia</span> <span class='ocrx_word' id='word_1_133' title='bbox 2221 1064 2414 1120; x_wconf 84' lang='lat' dir='ltr'>fuitin</span> <span class='ocrx_word' id='word_1_134' title='bbox 2474 1067 2729 1136; x_wconf 87' lang='lat' dir='ltr'>civitate,</span> <span class='ocrx_word' id='word_1_135' title='bbox 2790 1083 2926 1140; x_wconf 83' lang='lat' dir='ltr'>qua</span> <span class='ocrx_word' id='word_1_136' title='bbox 2983 1067 3185 1124; x_wconf 88' lang='lat' dir='ltr'>Sardis</span> <span class='ocrx_word' id='word_1_137' title='bbox 3233 1069 3448 1126; x_wconf 91' lang='lat' dir='ltr'>dicitur</span> <span class='ocrx_word' id='word_1_138' title='bbox 3491 1070 3626 1144; x_wconf 76' lang='grc'>(41),</span> 
     </span>
    </p>
   </div>
   <div class='ocr_carea' id='block_1_24' title="bbox 1977 1154 3634 1230">
    <p class='ocr_par' dir='ltr' id='par_1_24' title="bbox 1977 1154 3634 1230">
     <span class='ocr_line' id='line_1_24' title="bbox 1977 1154 3634 1230; baseline 0.005 -23"><span class='ocrx_word' id='word_1_139' title='bbox 1977 1157 2219 1224; x_wconf 90' lang='lat' dir='ltr'>propter</span> <span class='ocrx_word' id='word_1_140' title='bbox 2254 1154 2671 1212; x_wconf 91' lang='lat' dir='ltr'>Constantium</span> <span class='ocrx_word' id='word_1_141' title='bbox 2705 1157 3154 1228; x_wconf 90' lang='lat' dir='ltr'>imperatorem,</span> <span class='ocrx_word' id='word_1_142' title='bbox 3184 1158 3374 1214; x_wconf 87' lang='lat' dir='ltr'>ﬁlium</span> <span class='ocrx_word' id='word_1_143' title='bbox 3424 1161 3634 1230; x_wconf 90' lang='lat' dir='ltr'>magni</span> 
     </span>
    </p>
   </div>
   <div class='ocr_carea' id='block_1_25' title="bbox 1978 1241 3630 1314">
    <p class='ocr_par' dir='ltr' id='par_1_25' title="bbox 1978 1241 3630 1314">
     <span class='ocr_line' id='line_1_25' title="bbox 1978 1241 3630 1314; baseline 0.006 -21"><span class='ocrx_word' id='word_1_144' title='bbox 1978 1241 2365 1304; x_wconf 89' lang='lat' dir='ltr'>Constantini,</span> <span class='ocrx_word' id='word_1_145' title='bbox 2393 1243 2496 1314; x_wconf 91' lang='lat' dir='ltr'>qui</span> <span class='ocrx_word' id='word_1_146' title='bbox 2527 1243 2850 1299; x_wconf 88' lang='lat' dir='ltr'>declinavit</span> <span class='ocrx_word' id='word_1_147' title='bbox 2877 1245 2937 1299; x_wconf 93' lang='lat' dir='ltr'>in</span> <span class='ocrx_word' id='word_1_148' title='bbox 2960 1245 3214 1300; x_wconf 88' lang='lat' dir='ltr'>haresin</span> <span class='ocrx_word' id='word_1_149' title='bbox 3245 1247 3630 1303; x_wconf 84' lang='lat' dir='ltr'>Arianorum.</span> 
     </span>
    </p>
   </div>
   <div class='ocr_carea' id='block_1_26' title="bbox 1980 1327 3633 1405">
    <p class='ocr_par' dir='ltr' id='par_1_26' title="bbox 1980 1327 3633 1405">
     <span class='ocr_line' id='line_1_26' title="bbox 1980 1327 3633 1405; baseline 0.007 -25"><span class='ocrx_word' id='word_1_150' title='bbox 1980 1327 2124 1383; x_wconf 83' lang='lat' dir='ltr'>Huic</span> <span class='ocrx_word' id='word_1_151' title='bbox 2155 1328 2334 1384; x_wconf 77' lang='lat' dir='ltr'>frater</span> <span class='ocrx_word' id='word_1_152' title='bbox 2363 1347 2508 1385; x_wconf 91' lang='lat' dir='ltr'>suus</span> <span class='ocrx_word' id='word_1_153' title='bbox 2540 1331 2900 1403; x_wconf 85' lang='lat' dir='ltr'>[Constans].</span> <span class='ocrx_word' id='word_1_154' title='bbox 2929 1334 3033 1405; x_wconf 90' lang='lat' dir='ltr'>qui</span> <span class='ocrx_word' id='word_1_155' title='bbox 3064 1334 3358 1403; x_wconf 87' lang='lat' dir='ltr'>regnabat</span> <span class='ocrx_word' id='word_1_156' title='bbox 3389 1335 3449 1390; x_wconf 93' lang='lat' dir='ltr'>in</span> <span class='ocrx_word' id='word_1_157' title='bbox 3475 1337 3633 1392; x_wconf 88' lang='lat' dir='ltr'>occi-</span> 
     </span>
    </p>
   </div>
   <div class='ocr_carea' id='block_1_27' title="bbox 1979 1416 3638 1492">
    <p class='ocr_par' dir='ltr' id='par_1_27' title="bbox 1979 1416 3638 1492">
     <span class='ocr_line' id='line_1_27' title="bbox 1979 1416 3638 1492; baseline 0.005 -21"><span class='ocrx_word' id='word_1_158' title='bbox 1979 1416 2176 1484; x_wconf 88' lang='lat' dir='ltr'>dente,</span> <span class='ocrx_word' id='word_1_159' title='bbox 2210 1418 2286 1472; x_wconf 89' lang='lat' dir='ltr'>ad</span> <span class='ocrx_word' id='word_1_160' title='bbox 2312 1420 2702 1475; x_wconf 90' lang='lat' dir='ltr'>monitionem</span> <span class='ocrx_word' id='word_1_161' title='bbox 2729 1436 2924 1492; x_wconf 77' lang='lat' dir='ltr'>papa.</span> <span class='ocrx_word' id='word_1_162' title='bbox 2951 1422 3110 1477; x_wconf 89' lang='lat' dir='ltr'>misit</span> <span class='ocrx_word' id='word_1_163' title='bbox 3134 1422 3359 1479; x_wconf 89' lang='lat' dir='ltr'>litteras</span> <span class='ocrx_word' id='word_1_164' title='bbox 3385 1426 3638 1480; x_wconf 86' lang='lat' dir='ltr'>commi-</span> 
     </span>
    </p>
   </div>
   <div class='ocr_carea' id='block_1_28' title="bbox 1980 1505 3637 1580">
    <p class='ocr_par' dir='ltr' id='par_1_28' title="bbox 1980 1505 3637 1580">
     <span class='ocr_line' id='line_1_28' title="bbox 1980 1505 3637 1580; baseline 0.005 -21"><span class='ocrx_word' id='word_1_165' title='bbox 1980 1506 2265 1574; x_wconf 88' lang='lat' dir='ltr'>natorias,</span> <span class='ocrx_word' id='word_1_166' title='bbox 2296 1505 2534 1574; x_wconf 91' lang='lat' dir='ltr'>scilicet,</span> <span class='ocrx_word' id='word_1_167' title='bbox 2567 1507 2733 1580; x_wconf 90' lang='lat' dir='ltr'>quod</span> <span class='ocrx_word' id='word_1_168' title='bbox 2766 1516 3061 1580; x_wconf 88' lang='lat' dir='ltr'>pugnaret</span> <span class='ocrx_word' id='word_1_169' title='bbox 3091 1515 3298 1566; x_wconf 88' lang='lat' dir='ltr'>contra</span> <span class='ocrx_word' id='word_1_170' title='bbox 3327 1527 3489 1578; x_wconf 91' lang='lat' dir='ltr'>eum,</span> <span class='ocrx_word' id='word_1_171' title='bbox 3522 1513 3637 1567; x_wconf 86' lang='lat' dir='ltr'>nisi</span> 
     </span>
    </p>
   </div>
   <div class='ocr_carea' id='block_1_29' title="bbox 1982 1593 3638 1673">
    <p class='ocr_par' dir='ltr' id='par_1_29' title="bbox 1982 1593 3638 1673">
     <span class='ocr_line' id='line_1_29' title="bbox 1982 1593 3638 1673; baseline 0.006 -26"><span class='ocrx_word' id='word_1_172' title='bbox 1982 1609 2018 1648; x_wconf 91' lang='lat' dir='ltr'>a</span> <span class='ocrx_word' id='word_1_173' title='bbox 2039 1593 2198 1648; x_wconf 89' lang='lat' dir='ltr'>dicto</span> <span class='ocrx_word' id='word_1_174' title='bbox 2224 1609 2420 1650; x_wconf 87' lang='lat' dir='ltr'>errore</span> <span class='ocrx_word' id='word_1_175' title='bbox 2442 1594 2769 1654; x_wconf 90' lang='lat' dir='ltr'>desisteret.</span> <span class='ocrx_word' id='word_1_176' title='bbox 2790 1597 3054 1653; x_wconf 91' lang='lat' dir='ltr'>Tandem</span> <span class='ocrx_word' id='word_1_177' title='bbox 3077 1599 3150 1653; x_wconf 92' lang='lat' dir='ltr'>de</span> <span class='ocrx_word' id='word_1_178' title='bbox 3206 1601 3515 1673; x_wconf 89' lang='lat' dir='ltr'>utriusque</span> <span class='ocrx_word' id='word_1_179' title='bbox 3535 1617 3638 1657; x_wconf 88' lang='lat' dir='ltr'>vo-</span> 
     </span>
    </p>
   </div>
   <div class='ocr_carea' id='block_1_30' title="bbox 1982 1681 3641 1762">
    <p class='ocr_par' dir='ltr' id='par_1_30' title="bbox 1982 1681 3641 1762">
     <span class='ocr_line' id='line_1_30' title="bbox 1982 1681 3641 1762; baseline 0.006 -26"><span class='ocrx_word' id='word_1_180' title='bbox 1982 1681 2210 1737; x_wconf 89' lang='lat' dir='ltr'>luntate</span> <span class='ocrx_word' id='word_1_181' title='bbox 2255 1682 2494 1752; x_wconf 82' lang='lat' dir='ltr'>exstitit,</span> <span class='ocrx_word' id='word_1_182' title='bbox 2524 1690 2589 1739; x_wconf 90' lang='lat' dir='ltr'>ut</span> <span class='ocrx_word' id='word_1_183' title='bbox 2635 1685 2905 1758; x_wconf 82' lang='lat' dir='ltr'>synodus</span> <span class='ocrx_word' id='word_1_184' title='bbox 2934 1694 3396 1756; x_wconf 88' lang='lat' dir='ltr'>congregaretur</span> <span class='ocrx_word' id='word_1_185' title='bbox 3413 1690 3474 1745; x_wconf 90' lang='lat' dir='ltr'>in</span> <span class='ocrx_word' id='word_1_186' title='bbox 3500 1705 3641 1762; x_wconf 87' lang='lat' dir='ltr'>par-</span> 
     </span>
    </p>
   </div>
   <div class='ocr_carea' id='block_1_31' title="bbox 1988 1772 3642 1849">
    <p class='ocr_par' dir='ltr' id='par_1_31' title="bbox 1988 1772 3642 1849">
     <span class='ocr_line' id='line_1_31' title="bbox 1988 1772 3642 1849; baseline 0.005 -23"><span class='ocrx_word' id='word_1_187' title='bbox 1988 1772 2147 1826; x_wconf 90' lang='lat' dir='ltr'>tibus</span> <span class='ocrx_word' id='word_1_188' title='bbox 2180 1772 2450 1839; x_wconf 88' lang='lat' dir='ltr'>Orientis,</span> <span class='ocrx_word' id='word_1_189' title='bbox 2483 1780 2538 1829; x_wconf 92' lang='lat' dir='ltr'>et</span> <span class='ocrx_word' id='word_1_190' title='bbox 2562 1775 2858 1847; x_wconf 89' lang='lat' dir='ltr'>quidquid</span> <span class='ocrx_word' id='word_1_191' title='bbox 2891 1779 3088 1832; x_wconf 90' lang='lat' dir='ltr'>Patres</span> <span class='ocrx_word' id='word_1_192' title='bbox 3123 1793 3305 1849; x_wconf 89' lang='lat' dir='ltr'>super</span> <span class='ocrx_word' id='word_1_193' title='bbox 3331 1779 3444 1835; x_wconf 88' lang='lat' dir='ltr'>hoc</span> <span class='ocrx_word' id='word_1_194' title='bbox 3499 1779 3642 1835; x_wconf 85' lang='lat' dir='ltr'>deﬁ-</span> 
     </span>
    </p>
   </div>
   <div class='ocr_carea' id='block_1_32' title="bbox 220 1860 3646 1940">
    <p class='ocr_par' dir='ltr' id='par_1_32' title="bbox 220 1860 3646 1940">
     <span class='ocr_line' id='line_1_32' title="bbox 220 1860 3646 1940; baseline 0 -16"><span class='ocrx_word' id='word_1_195' title='bbox 220 1870 562 1940; x_wconf 69' lang='lat' dir='ltr'>sibiiujuste</span> <span class='ocrx_word' id='word_1_196' title='bbox 584 1866 1557 1939; x_wconf 81' lang='lat' dir='ltr'>usurpaverat,nuperdepositus,</span> <span class='ocrx_word' id='word_1_197' title='bbox 1591 1866 1879 1922; x_wconf 86' lang='lat' dir='ltr'>Etbeatus</span> <span class='ocrx_word' id='word_1_198' title='bbox 1921 1879 1959 1932; x_wconf 79' lang='grc' dir='ltr'><strong>Β</strong></span> <span class='ocrx_word' id='word_1_199' title='bbox 1990 1860 2201 1920; x_wconf 88' lang='lat' dir='ltr'>nirent.</span> <span class='ocrx_word' id='word_1_200' title='bbox 2248 1877 2458 1917; x_wconf 91' lang='lat' dir='ltr'>eorum</span> <span class='ocrx_word' id='word_1_201' title='bbox 2523 1869 2748 1919; x_wconf 88' lang='lat' dir='ltr'>starent</span> <span class='ocrx_word' id='word_1_202' title='bbox 2803 1865 3049 1920; x_wconf 91' lang='lat' dir='ltr'>consilio</span> <span class='ocrx_word' id='word_1_203' title='bbox 3104 1871 3160 1921; x_wconf 93' lang='lat' dir='ltr'>et</span> <span class='ocrx_word' id='word_1_204' title='bbox 3207 1867 3530 1923; x_wconf 88' lang='lat' dir='ltr'>sententia.</span> <span class='ocrx_word' id='word_1_205' title='bbox 3578 1869 3646 1924; x_wconf 88' lang='lat' dir='ltr'>Et</span> 
     </span>
    </p>
   </div>
   <div class='ocr_carea' id='block_1_33' title="bbox 226 1954 1881 2038">
    <p class='ocr_par' dir='ltr' id='par_1_33' title="bbox 226 1954 1881 2038">
     <span class='ocr_line' id='line_1_33' title="bbox 226 1954 1881 2038; baseline -0.002 -24"><span class='ocrx_word' id='word_1_206' title='bbox 226 1959 504 2028; x_wconf 80' lang='lat' dir='ltr'>lgnatius,</span> <span class='ocrx_word' id='word_1_207' title='bbox 529 1957 632 2030; x_wconf 90' lang='lat' dir='ltr'>qui</span> <span class='ocrx_word' id='word_1_208' title='bbox 648 1956 846 2012; x_wconf 90' lang='lat' dir='ltr'>studio</span> <span class='ocrx_word' id='word_1_209' title='bbox 867 1955 1007 2010; x_wconf 89' lang='lat' dir='ltr'>dicti</span> <span class='ocrx_word' id='word_1_210' title='bbox 1029 1955 1210 2010; x_wconf 79' lang='lat' dir='ltr'>Photii</span> <span class='ocrx_word' id='word_1_211' title='bbox 1231 1954 1445 2010; x_wconf 90' lang='lat' dir='ltr'>adicta</span> <span class='ocrx_word' id='word_1_212' title='bbox 1484 1955 1624 2010; x_wconf 88' lang='lat' dir='ltr'>sede</span> <span class='ocrx_word' id='word_1_213' title='bbox 1662 1955 1881 2038; x_wconf 82' lang='lat' dir='ltr'>injuste</span> 
     </span>
    </p>
   </div>
   <div class='ocr_carea' id='block_1_34' title="bbox 223 2044 1881 2119">
    <p class='ocr_par' dir='ltr' id='par_1_34' title="bbox 223 2044 1881 2119">
     <span class='ocr_line' id='line_1_34' title="bbox 223 2044 1881 2119; baseline -0.002 -15"><span class='ocrx_word' id='word_1_214' title='bbox 223 2048 507 2119; x_wconf 83' lang='lat' dir='ltr'>expulsus</span> <span class='ocrx_word' id='word_1_215' title='bbox 528 2046 740 2107; x_wconf 87' lang='lat' dir='ltr'>fuerat.</span> <span class='ocrx_word' id='word_1_216' title='bbox 760 2044 1088 2101; x_wconf 88' lang='lat' dir='ltr'>honoriﬁce</span> <span class='ocrx_word' id='word_1_217' title='bbox 1110 2045 1438 2100; x_wconf 90' lang='lat' dir='ltr'>restitutus.</span> <span class='ocrx_word' id='word_1_218' title='bbox 1461 2047 1728 2100; x_wconf 86' lang='lat' dir='ltr'>Testatur</span> <span class='ocrx_word' id='word_1_219' title='bbox 1768 2046 1881 2100; x_wconf 87' lang='lat' dir='ltr'>hoc</span> 
     </span>
    </p>
   </div>
   <div class='ocr_carea' id='block_1_35' title="bbox 229 2132 1882 2206">
    <p class='ocr_par' dir='ltr' id='par_1_35' title="bbox 229 2132 1882 2206">
     <span class='ocr_line' id='line_1_35' title="bbox 229 2132 1882 2206; baseline -0.001 -15"><span class='ocrx_word' id='word_1_220' title='bbox 229 2137 570 2192; x_wconf 90' lang='lat' dir='ltr'>Chronicon</span> <span class='ocrx_word' id='word_1_221' title='bbox 587 2136 832 2191; x_wconf 89' lang='lat' dir='ltr'>nomine</span> <span class='ocrx_word' id='word_1_222' title='bbox 857 2132 1279 2205; x_wconf 86' lang='lat' dir='ltr'>Paphlagonis,</span> <span class='ocrx_word' id='word_1_223' title='bbox 1321 2134 1381 2187; x_wconf 89' lang='lat' dir='ltr'>in</span> <span class='ocrx_word' id='word_1_224' title='bbox 1429 2149 1553 2205; x_wconf 90' lang='lat' dir='ltr'>quo</span> <span class='ocrx_word' id='word_1_225' title='bbox 1602 2149 1753 2206; x_wconf 91' lang='lat' dir='ltr'>pene</span> <span class='ocrx_word' id='word_1_226' title='bbox 1797 2135 1882 2189; x_wconf 90' lang='lat' dir='ltr'>in-</span> 
     </span>
    </p>
   </div>
   <div class='ocr_carea' id='block_1_36' title="bbox 226 2221 1884 2282">
    <p class='ocr_par' dir='ltr' id='par_1_36' title="bbox 226 2221 1884 2282">
     <span class='ocr_line' id='line_1_36' title="bbox 226 2221 1884 2282; baseline -0.002 -1"><span class='ocrx_word' id='word_1_227' title='bbox 226 2225 433 2282; x_wconf 85' lang='lat' dir='ltr'>audita</span> <span class='ocrx_word' id='word_1_228' title='bbox 459 2232 816 2280; x_wconf 86' lang='lat' dir='ltr'>enarrantur</span> <span class='ocrx_word' id='word_1_229' title='bbox 839 2223 912 2278; x_wconf 90' lang='lat' dir='ltr'>de</span> <span class='ocrx_word' id='word_1_230' title='bbox 938 2223 1146 2278; x_wconf 86' lang='lat' dir='ltr'>Photio</span> <span class='ocrx_word' id='word_1_231' title='bbox 1169 2222 1542 2278; x_wconf 88' lang='lat' dir='ltr'>exsecranda</span> <span class='ocrx_word' id='word_1_232' title='bbox 1587 2221 1884 2279; x_wconf 88' lang='lat' dir='ltr'>maleﬁcia</span> 
     </span>
    </p>
   </div>
   <div class='ocr_carea' id='block_1_37' title="bbox 226 2313 1886 2407">
    <p class='ocr_par' dir='ltr' id='par_1_37' title="bbox 226 2313 1886 2407">
     <span class='ocr_line' id='line_1_37' title="bbox 226 2313 1886 2407; baseline -0.001 -36"><span class='ocrx_word' id='word_1_233' title='bbox 226 2317 286 2371; x_wconf 85' lang='lat' dir='ltr'>in</span> <span class='ocrx_word' id='word_1_234' title='bbox 300 2313 973 2386; x_wconf 76' lang='lat' dir='ltr'>damnationemipsius.</span> <span class='ocrx_word' id='word_1_235' title='bbox 1003 2313 1536 2369; x_wconf 76' lang='lat' dir='ltr'>Eluxeruntautem</span> <span class='ocrx_word' id='word_1_236' title='bbox 1559 2329 1594 2368; x_wconf 90' lang='lat' dir='ltr'>a</span> <span class='ocrx_word' id='word_1_237' title='bbox 1632 2314 1886 2407; x_wconf 77' lang='lat' dir='ltr'>septima</span> 
     </span>
    </p>
   </div>
   <div class='ocr_carea' id='block_1_38' title="bbox 233 2402 1890 2475">
    <p class='ocr_par' dir='ltr' id='par_1_38' title="bbox 233 2402 1890 2475">
     <span class='ocr_line' id='line_1_38' title="bbox 233 2402 1890 2475; baseline -0.001 -16"><span class='ocrx_word' id='word_1_238' title='bbox 233 2402 1006 2475; x_wconf 83' lang='lat' dir='ltr'>universalisynodousque</span> <span class='ocrx_word' id='word_1_239' title='bbox 1035 2402 1112 2456; x_wconf 85' lang='lat' dir='ltr'>ad</span> <span class='ocrx_word' id='word_1_240' title='bbox 1131 2403 1302 2457; x_wconf 89' lang='lat' dir='ltr'>istam</span> <span class='ocrx_word' id='word_1_241' title='bbox 1315 2406 1613 2470; x_wconf 88' lang='lat' dir='ltr'>octavam,</span> <span class='ocrx_word' id='word_1_242' title='bbox 1629 2402 1774 2459; x_wconf 82' lang='lat' dir='ltr'>anni</span> <span class='ocrx_word' id='word_1_243' title='bbox 1794 2419 1890 2458; x_wconf 86' lang='lat' dir='ltr'>oc-</span> 
     </span>
    </p>
   </div>
   <div class='ocr_carea' id='block_1_39' title="bbox 229 2492 1886 2564">
    <p class='ocr_par' dir='ltr' id='par_1_39' title="bbox 229 2492 1886 2564">
     <span class='ocr_line' id='line_1_39' title="bbox 229 2492 1886 2564; baseline -0.001 -15"><span class='ocrx_word' id='word_1_244' title='bbox 229 2495 464 2563; x_wconf 78' lang='lat' dir='ltr'>toginta</span> <span class='ocrx_word' id='word_1_245' title='bbox 479 2493 622 2562; x_wconf 77' lang='lat' dir='ltr'>duo;</span> <span class='ocrx_word' id='word_1_246' title='bbox 641 2492 718 2546; x_wconf 90' lang='lat' dir='ltr'>ab</span> <span class='ocrx_word' id='word_1_247' title='bbox 731 2492 943 2546; x_wconf 86' lang='lat' dir='ltr'>eadem</span> <span class='ocrx_word' id='word_1_248' title='bbox 967 2499 1170 2547; x_wconf 82' lang='lat' dir='ltr'>autem</span> <span class='ocrx_word' id='word_1_249' title='bbox 1185 2497 1354 2546; x_wconf 87' lang='lat' dir='ltr'>sexta</span> <span class='ocrx_word' id='word_1_250' title='bbox 1379 2493 1622 2547; x_wconf 85' lang='lat' dir='ltr'>trecenti</span> <span class='ocrx_word' id='word_1_251' title='bbox 1637 2497 1886 2564; x_wconf 88' lang='lat' dir='ltr'>septem.</span> 
     </span>
    </p>
   </div>
   <div class='ocr_carea' id='block_1_40' title="bbox 307 2580 1890 2654">
    <p class='ocr_par' dir='ltr' id='par_1_40' title="bbox 307 2580 1890 2654">
     <span class='ocr_line' id='line_1_40' title="bbox 307 2580 1890 2654; baseline -0.001 -17"><span class='ocrx_word' id='word_1_252' title='bbox 307 2582 718 2638; x_wconf 89' lang='lat' dir='ltr'>Particulares.</span> <span class='ocrx_word' id='word_1_253' title='bbox 769 2581 889 2636; x_wconf 87' lang='lat' dir='ltr'>sive</span> <span class='ocrx_word' id='word_1_254' title='bbox 953 2580 1175 2636; x_wconf 90' lang='lat' dir='ltr'>locales</span> <span class='ocrx_word' id='word_1_255' title='bbox 1245 2580 1463 2653; x_wconf 87' lang='lat' dir='ltr'>synodi</span> <span class='ocrx_word' id='word_1_256' title='bbox 1503 2582 1564 2636; x_wconf 92' lang='lat' dir='ltr'>in</span> <span class='ocrx_word' id='word_1_257' title='bbox 1612 2581 1890 2654; x_wconf 89' lang='lat' dir='ltr'>partibus</span> 
     </span>
    </p>
   </div>
   <div class='ocr_carea' id='block_1_41' title="bbox 237 2668 962 2728">
    <p class='ocr_par' dir='ltr' id='par_1_41' title="bbox 237 2668 962 2728">
     <span class='ocr_line' id='line_1_41' title="bbox 237 2668 962 2728; baseline -0.006 0"><span class='ocrx_word' id='word_1_258' title='bbox 237 2672 493 2728; x_wconf 83' lang='lat' dir='ltr'>Orientis</span> <span class='ocrx_word' id='word_1_259' title='bbox 530 2670 770 2726; x_wconf 89' lang='lat' dir='ltr'>fuerunt</span> <span class='ocrx_word' id='word_1_260' title='bbox 817 2668 962 2725; x_wconf 83' lang='lat' dir='ltr'>ista:</span> 
     </span>
    </p>
   </div>
   <div class='ocr_carea' id='block_1_42' title="bbox 308 2757 1892 2824">
    <p class='ocr_par' dir='ltr' id='par_1_42' title="bbox 308 2757 1892 2824">
     <span class='ocr_line' id='line_1_42' title="bbox 308 2757 1892 2824; baseline 0 -9"><span class='ocrx_word' id='word_1_261' title='bbox 308 2759 506 2815; x_wconf 87' lang='lat' dir='ltr'>Prima</span> <span class='ocrx_word' id='word_1_262' title='bbox 524 2758 950 2814; x_wconf 76' lang='lat' dir='ltr'>fuitcele‘brata</span> <span class='ocrx_word' id='word_1_263' title='bbox 981 2757 1042 2812; x_wconf 87' lang='lat' dir='ltr'>in</span> <span class='ocrx_word' id='word_1_264' title='bbox 1090 2759 1405 2814; x_wconf 79' lang='lat' dir='ltr'>Antiochia</span> <span class='ocrx_word' id='word_1_265' title='bbox 1459 2758 1715 2824; x_wconf 87' lang='lat' dir='ltr'>Pisidia,</span> <span class='ocrx_word' id='word_1_266' title='bbox 1747 2764 1892 2815; x_wconf 88' lang='lat' dir='ltr'>tem-</span> 
     </span>
    </p>
   </div>
   <div class='ocr_carea' id='block_1_43' title="bbox 237 2848 1893 2922">
    <p class='ocr_par' dir='ltr' id='par_1_43' title="bbox 237 2848 1893 2922">
     <span class='ocr_line' id='line_1_43' title="bbox 237 2848 1893 2922; baseline 0 -18"><span class='ocrx_word' id='word_1_267' title='bbox 237 2865 383 2922; x_wconf 93' lang='lat' dir='ltr'>pore</span> <span class='ocrx_word' id='word_1_268' title='bbox 409 2849 706 2904; x_wconf 77' lang='lat' dir='ltr'>Aureliani</span> <span class='ocrx_word' id='word_1_269' title='bbox 729 2848 1353 2919; x_wconf 83' lang='lat' dir='ltr'>imperatoris,comra</span> <span class='ocrx_word' id='word_1_270' title='bbox 1390 2848 1646 2904; x_wconf 89' lang='lat' dir='ltr'>Paulum</span> <span class='ocrx_word' id='word_1_271' title='bbox 1685 2851 1893 2905; x_wconf 85' lang='lat' dir='ltr'>Samo-</span> 
     </span>
    </p>
   </div>
   <div class='ocr_carea' id='block_1_44' title="bbox 235 2935 1898 3011">
    <p class='ocr_par' dir='ltr' id='par_1_44' title="bbox 235 2935 1898 3011">
     <span class='ocr_line' id='line_1_44' title="bbox 235 2935 1898 3011; baseline -0.002 -16"><span class='ocrx_word' id='word_1_272' title='bbox 235 2944 559 3002; x_wconf 79' lang='lat' dir='ltr'>satensem,</span> <span class='ocrx_word' id='word_1_273' title='bbox 577 2938 681 3010; x_wconf 90' lang='lat' dir='ltr'>qui</span> <span class='ocrx_word' id='word_1_274' title='bbox 701 2936 935 3011; x_wconf 90' lang='lat' dir='ltr'>primus</span> <span class='ocrx_word' id='word_1_275' title='bbox 956 2951 1140 2991; x_wconf 88' lang='lat' dir='ltr'>ausus</span> <span class='ocrx_word' id='word_1_276' title='bbox 1164 2941 1251 2992; x_wconf 90' lang='lat' dir='ltr'>est</span> <span class='ocrx_word' id='word_1_277' title='bbox 1271 2935 1692 3009; x_wconf 90' lang='lat' dir='ltr'>blasphemare</span> <span class='ocrx_word' id='word_1_278' title='bbox 1739 2938 1898 2994; x_wconf 89' lang='lat' dir='ltr'>Chri-</span> 
     </span>
    </p>
   </div>
   <div class='ocr_carea' id='block_1_45' title="bbox 235 3024 1899 3098">
    <p class='ocr_par' dir='ltr' id='par_1_45' title="bbox 235 3024 1899 3098">
     <span class='ocr_line' id='line_1_45' title="bbox 235 3024 1899 3098; baseline 0.001 -17"><span class='ocrx_word' id='word_1_279' title='bbox 235 3034 398 3083; x_wconf 84' lang='lat' dir='ltr'>stum</span> <span class='ocrx_word' id='word_1_280' title='bbox 423 3027 744 3083; x_wconf 85' lang='lat' dir='ltr'>Dominum</span> <span class='ocrx_word' id='word_1_281' title='bbox 760 3032 1032 3081; x_wconf 86' lang='lat' dir='ltr'>nostrum</span> <span class='ocrx_word' id='word_1_282' title='bbox 1050 3024 1266 3080; x_wconf 80' lang='lat' dir='ltr'>Filium</span> <span class='ocrx_word' id='word_1_283' title='bbox 1289 3025 1409 3093; x_wconf 82' lang='lat' dir='ltr'>Dei,</span> <span class='ocrx_word' id='word_1_284' title='bbox 1432 3025 1638 3081; x_wconf 90' lang='lat' dir='ltr'>dicens</span> <span class='ocrx_word' id='word_1_285' title='bbox 1677 3042 1899 3098; x_wconf 90' lang='lat' dir='ltr'>purum</span> 
     </span>
    </p>
   </div>
   <div class='ocr_carea' id='block_1_46' title="bbox 231 3113 1901 3186">
    <p class='ocr_par' dir='ltr' id='par_1_46' title="bbox 231 3113 1901 3186">
     <span class='ocr_line' id='line_1_46' title="bbox 231 3113 1901 3186; baseline -0.001 -14"><span class='ocrx_word' id='word_1_286' title='bbox 231 3129 376 3172; x_wconf 83' lang='lat' dir='ltr'>eum</span> <span class='ocrx_word' id='word_1_287' title='bbox 391 3116 573 3172; x_wconf 87' lang='lat' dir='ltr'>fuisse</span> <span class='ocrx_word' id='word_1_288' title='bbox 613 3114 918 3170; x_wconf 84' lang='lat' dir='ltr'>hominem</span> <span class='ocrx_word' id='word_1_289' title='bbox 930 3113 1056 3180; x_wconf 85' lang='lat' dir='ltr'>;sed</span> <span class='ocrx_word' id='word_1_290' title='bbox 1069 3128 1174 3186; x_wconf 89' lang='lat' dir='ltr'>per</span> <span class='ocrx_word' id='word_1_291' title='bbox 1185 3114 1442 3184; x_wconf 86' lang='lat' dir='ltr'>gratiam</span> <span class='ocrx_word' id='word_1_292' title='bbox 1457 3114 1481 3170; x_wconf 86' lang='lat' dir='ltr'>f</span> <span class='ocrx_word' id='word_1_293' title='bbox 1483 3115 1639 3170; x_wconf 90' lang='lat' dir='ltr'>uisse</span> <span class='ocrx_word' id='word_1_294' title='bbox 1654 3115 1712 3170; x_wconf 91' lang='lat' dir='ltr'>in</span> <span class='ocrx_word' id='word_1_295' title='bbox 1720 3115 1901 3186; x_wconf 89' lang='lat' dir='ltr'>signi-</span> 
     </span>
    </p>
   </div>
   <div class='ocr_carea' id='block_1_47' title="bbox 1991 1951 3645 2027">
    <p class='ocr_par' dir='ltr' id='par_1_47' title="bbox 1991 1951 3645 2027">
     <span class='ocr_line' id='line_1_47' title="bbox 1991 1951 3645 2027; baseline 0.004 -21"><span class='ocrx_word' id='word_1_296' title='bbox 1991 1967 2126 2006; x_wconf 92' lang='lat' dir='ltr'>cum</span> <span class='ocrx_word' id='word_1_297' title='bbox 2147 1951 2371 2007; x_wconf 92' lang='lat' dir='ltr'>factum</span> <span class='ocrx_word' id='word_1_298' title='bbox 2390 1957 2564 2017; x_wconf 90' lang='lat' dir='ltr'>esset,</span> <span class='ocrx_word' id='word_1_299' title='bbox 2582 1953 3153 2025; x_wconf 85' lang='lat' dir='ltr'>deﬁnivitpradicta</span> <span class='ocrx_word' id='word_1_300' title='bbox 3189 1956 3460 2027; x_wconf 89' lang='lat' dir='ltr'>synodus</span> <span class='ocrx_word' id='word_1_301' title='bbox 3515 1959 3645 2014; x_wconf 88' lang='lat' dir='ltr'>Sar—</span> 
     </span>
    </p>
   </div>
   <div class='ocr_carea' id='block_1_48' title="bbox 1991 2039 3642 2112">
    <p class='ocr_par' dir='ltr' id='par_1_48' title="bbox 1991 2039 3642 2112">
     <span class='ocr_line' id='line_1_48' title="bbox 1991 2039 3642 2112; baseline 0.004 -17"><span class='ocrx_word' id='word_1_302' title='bbox 1991 2040 2150 2106; x_wconf 90' lang='lat' dir='ltr'>dica,</span> <span class='ocrx_word' id='word_1_303' title='bbox 2171 2039 2530 2112; x_wconf 85' lang='lat' dir='ltr'>Symbolum</span> <span class='ocrx_word' id='word_1_304' title='bbox 2548 2043 2854 2098; x_wconf 84' lang='lat' dir='ltr'>Nicanum</span> <span class='ocrx_word' id='word_1_305' title='bbox 2878 2059 3116 2099; x_wconf 88' lang='lat' dir='ltr'>summe</span> <span class='ocrx_word' id='word_1_306' title='bbox 3129 2060 3260 2099; x_wconf 90' lang='lat' dir='ltr'>esse</span> <span class='ocrx_word' id='word_1_307' title='bbox 3279 2045 3607 2102; x_wconf 91' lang='lat' dir='ltr'>tenendum</span> <span class='ocrx_word' id='word_1_308' title='bbox 3630 2063 3642 2101; x_wconf 91' lang='lat'><strong>:</strong></span> 
     </span>
    </p>
   </div>
   <div class='ocr_carea' id='block_1_49' title="bbox 1993 2128 3649 2199">
    <p class='ocr_par' dir='ltr' id='par_1_49' title="bbox 1993 2128 3649 2199">
     <span class='ocr_line' id='line_1_49' title="bbox 1993 2128 3649 2199; baseline 0.003 -15"><span class='ocrx_word' id='word_1_309' title='bbox 1993 2128 2224 2184; x_wconf 81' lang='lat' dir='ltr'>addens</span> <span class='ocrx_word' id='word_1_310' title='bbox 2256 2128 2466 2199; x_wconf 87' lang='lat' dir='ltr'>viginti</span> <span class='ocrx_word' id='word_1_311' title='bbox 2509 2145 2699 2185; x_wconf 89' lang='lat' dir='ltr'>unum</span> <span class='ocrx_word' id='word_1_312' title='bbox 2741 2146 3005 2187; x_wconf 90' lang='lat' dir='ltr'>canones</span> <span class='ocrx_word' id='word_1_313' title='bbox 3035 2130 3113 2186; x_wconf 91' lang='lat' dir='ltr'>ad</span> <span class='ocrx_word' id='word_1_314' title='bbox 3139 2130 3477 2189; x_wconf 88' lang='lat' dir='ltr'>doctrinam</span> <span class='ocrx_word' id='word_1_315' title='bbox 3507 2132 3649 2189; x_wconf 88' lang='lat' dir='ltr'>ﬁdei</span> 
     </span>
    </p>
   </div>
   <div class='ocr_carea' id='block_1_50' title="bbox 1994 2219 2373 2289">
    <p class='ocr_par' dir='ltr' id='par_1_50' title="bbox 1994 2219 2373 2289">
     <span class='ocr_line' id='line_1_50' title="bbox 1994 2219 2373 2289; baseline -0.008 -15"><span class='ocrx_word' id='word_1_316' title='bbox 1994 2219 2373 2289; x_wconf 81' lang='lat' dir='ltr'>pertinentes.</span> 
     </span>
    </p>
   </div>
   <div class='ocr_carea' id='block_1_51' title="bbox 2065 2307 3654 2383">
    <p class='ocr_par' dir='ltr' id='par_1_51' title="bbox 2065 2307 3654 2383">
     <span class='ocr_line' id='line_1_51' title="bbox 2065 2307 3654 2383; baseline 0.005 -22"><span class='ocrx_word' id='word_1_317' title='bbox 2065 2307 2336 2363; x_wconf 87' lang='lat' dir='ltr'>Similiter</span> <span class='ocrx_word' id='word_1_318' title='bbox 2379 2309 2438 2363; x_wconf 90' lang='lat' dir='ltr'>in</span> <span class='ocrx_word' id='word_1_319' title='bbox 2493 2309 2788 2364; x_wconf 84' lang='lat' dir='ltr'>Laodicea</span> <span class='ocrx_word' id='word_1_320' title='bbox 2838 2310 3152 2382; x_wconf 87' lang='lat' dir='ltr'>metropoli</span> <span class='ocrx_word' id='word_1_321' title='bbox 3193 2310 3479 2383; x_wconf 86' lang='lat' dir='ltr'>quadam</span> <span class='ocrx_word' id='word_1_322' title='bbox 3534 2313 3654 2370; x_wconf 88' lang='lat' dir='ltr'>alia</span> 
     </span>
    </p>
   </div>
   <div class='ocr_carea' id='block_1_52' title="bbox 1996 2396 3434 2471">
    <p class='ocr_par' dir='ltr' id='par_1_52' title="bbox 1996 2396 3434 2471">
     <span class='ocr_line' id='line_1_52' title="bbox 1996 2396 3434 2471; baseline 0.003 -20"><span class='ocrx_word' id='word_1_323' title='bbox 1996 2396 2104 2452; x_wconf 87' lang='lat' dir='ltr'>fuit</span> <span class='ocrx_word' id='word_1_324' title='bbox 2132 2397 2427 2467; x_wconf 87' lang='lat' dir='ltr'>synodus,</span> <span class='ocrx_word' id='word_1_325' title='bbox 2459 2413 2594 2469; x_wconf 85' lang='lat' dir='ltr'>qua</span> <span class='ocrx_word' id='word_1_326' title='bbox 2626 2402 2694 2453; x_wconf 83' lang='lat'><strong>59</strong></span> <span class='ocrx_word' id='word_1_327' title='bbox 2719 2413 2981 2454; x_wconf 89' lang='lat' dir='ltr'>canones</span> <span class='ocrx_word' id='word_1_328' title='bbox 3011 2399 3434 2471; x_wconf 89' lang='lat' dir='ltr'>promulgavit.</span> 
     </span>
    </p>
   </div>
   <div class='ocr_carea' id='block_1_53' title="bbox 2069 2478 3659 2557">
    <p class='ocr_par' dir='ltr' id='par_1_53' title="bbox 2069 2478 3659 2557">
     <span class='ocr_line' id='line_1_53' title="bbox 2069 2478 3659 2557; baseline 0.004 -17"><span class='ocrx_word' id='word_1_329' title='bbox 2069 2487 2204 2540; x_wconf 88' lang='lat' dir='ltr'>Post</span> <span class='ocrx_word' id='word_1_330' title='bbox 2258 2478 2415 2541; x_wconf 86' lang='lat' dir='ltr'>hanc</span> <span class='ocrx_word' id='word_1_331' title='bbox 2460 2501 2602 2542; x_wconf 90' lang='lat' dir='ltr'>vero</span> <span class='ocrx_word' id='word_1_332' title='bbox 2646 2492 3008 2557; x_wconf 91' lang='lat' dir='ltr'>congregata</span> <span class='ocrx_word' id='word_1_333' title='bbox 3053 2494 3142 2544; x_wconf 91' lang='lat' dir='ltr'>est</span> <span class='ocrx_word' id='word_1_334' title='bbox 3174 2489 3441 2546; x_wconf 92' lang='lat' dir='ltr'>secunda</span> <span class='ocrx_word' id='word_1_335' title='bbox 3461 2492 3659 2547; x_wconf 89' lang='lat' dir='ltr'>etuni-</span> 
     </span>
    </p>
   </div>
   <div class='ocr_carea' id='block_1_54' title="bbox 1997 2575 3656 2651">
    <p class='ocr_par' dir='ltr' id='par_1_54' title="bbox 1997 2575 3656 2651">
     <span class='ocr_line' id='line_1_54' title="bbox 1997 2575 3656 2651; baseline 0.005 -23"><span class='ocrx_word' id='word_1_336' title='bbox 1997 2575 2243 2631; x_wconf 84' lang='lat' dir='ltr'>versalis</span> <span class='ocrx_word' id='word_1_337' title='bbox 2265 2575 2556 2647; x_wconf 87' lang='lat' dir='ltr'>synodus,</span> <span class='ocrx_word' id='word_1_338' title='bbox 2585 2592 2722 2648; x_wconf 86' lang='lat' dir='ltr'>qua</span> <span class='ocrx_word' id='word_1_339' title='bbox 2741 2578 3401 2650; x_wconf 89' lang='lat' dir='ltr'>Constantinopolitana</span> <span class='ocrx_word' id='word_1_340' title='bbox 3421 2580 3656 2651; x_wconf 90' lang='lat' dir='ltr'>dicitur,</span> 
     </span>
    </p>
   </div>
   <div class='ocr_carea' id='block_1_55' title="bbox 2001 2664 3662 2741">
    <p class='ocr_par' dir='ltr' id='par_1_55' title="bbox 2001 2664 3662 2741">
     <span class='ocr_line' id='line_1_55' title="bbox 2001 2664 3662 2741; baseline 0.004 -22"><span class='ocrx_word' id='word_1_341' title='bbox 2001 2669 2209 2720; x_wconf 91' lang='lat' dir='ltr'>contra</span> <span class='ocrx_word' id='word_1_342' title='bbox 2223 2664 2658 2734; x_wconf 83' lang='lat' dir='ltr'>Macedonium,</span> <span class='ocrx_word' id='word_1_343' title='bbox 2672 2665 2934 2736; x_wconf 75' lang='lat' dir='ltr'>prafata</span> <span class='ocrx_word' id='word_1_344' title='bbox 2982 2667 3152 2722; x_wconf 91' lang='lat' dir='ltr'>urbis</span> <span class='ocrx_word' id='word_1_345' title='bbox 3171 2668 3662 2741; x_wconf 89' lang='lat' dir='ltr'>episcopum,sic-</span> 
     </span>
    </p>
   </div>
   <div class='ocr_carea' id='block_1_56' title="bbox 2005 2753 3662 2831">
    <p class='ocr_par' dir='ltr' id='par_1_56' title="bbox 2005 2753 3662 2831">
     <span class='ocr_line' id='line_1_56' title="bbox 2005 2753 3662 2831; baseline 0.004 -23"><span class='ocrx_word' id='word_1_346' title='bbox 2005 2760 2066 2809; x_wconf 88' lang='lat' dir='ltr'>ut</span> <span class='ocrx_word' id='word_1_347' title='bbox 2095 2769 2281 2828; x_wconf 73' lang='lat' dir='ltr'>supra</span> <span class='ocrx_word' id='word_1_348' title='bbox 2312 2753 2562 2809; x_wconf 86' lang='lat' dir='ltr'>fecimus</span> <span class='ocrx_word' id='word_1_349' title='bbox 2585 2754 2972 2819; x_wconf 86' lang='lat' dir='ltr'>mentionem,</span> <span class='ocrx_word' id='word_1_350' title='bbox 3006 2757 3109 2828; x_wconf 92' lang='lat' dir='ltr'>qui</span> <span class='ocrx_word' id='word_1_351' title='bbox 3140 2761 3349 2813; x_wconf 88' lang='lat' dir='ltr'>contra</span> <span class='ocrx_word' id='word_1_352' title='bbox 3378 2758 3662 2831; x_wconf 88' lang='lat' dir='ltr'>Spiritum</span> 
     </span>
    </p>
   </div>
   <div class='ocr_carea' id='block_1_57' title="bbox 2003 2842 3666 2915">
    <p class='ocr_par' dir='ltr' id='par_1_57' title="bbox 2003 2842 3666 2915">
     <span class='ocr_line' id='line_1_57' title="bbox 2003 2842 3666 2915; baseline 0.003 -18"><span class='ocrx_word' id='word_1_353' title='bbox 2003 2848 2282 2898; x_wconf 88' lang='lat' dir='ltr'>sanctum</span> <span class='ocrx_word' id='word_1_354' title='bbox 2325 2842 2508 2914; x_wconf 91' lang='lat' dir='ltr'>impie</span> <span class='ocrx_word' id='word_1_355' title='bbox 2535 2842 3004 2915; x_wconf 83' lang='lat' dir='ltr'>blasphemavit.</span> <span class='ocrx_word' id='word_1_356' title='bbox 3054 2847 3169 2902; x_wconf 90' lang='lat' dir='ltr'>Sed</span> <span class='ocrx_word' id='word_1_357' title='bbox 3222 2861 3490 2904; x_wconf 88' lang='lat' dir='ltr'>canones</span> <span class='ocrx_word' id='word_1_358' title='bbox 3539 2862 3666 2904; x_wconf 92' lang='lat' dir='ltr'>non</span> 
     </span>
    </p>
   </div>
   <div class='ocr_carea' id='block_1_58' title="bbox 2007 2932 2658 3008">
    <p class='ocr_par' dir='ltr' id='par_1_58' title="bbox 2007 2932 2658 3008">
     <span class='ocr_line' id='line_1_58' title="bbox 2007 2932 2658 3008; baseline -0.002 -19"><span class='ocrx_word' id='word_1_359' title='bbox 2007 2932 2194 3008; x_wconf 87' lang='lat' dir='ltr'>edidit</span> <span class='ocrx_word' id='word_1_360' title='bbox 2226 2933 2340 2988; x_wconf 86' lang='lat' dir='ltr'>nisi</span> <span class='ocrx_word' id='word_1_361' title='bbox 2369 2932 2658 3005; x_wconf 90' lang='lat' dir='ltr'>quinque.</span> 
     </span>
    </p>
   </div>
   <div class='ocr_carea' id='block_1_59' title="bbox 2083 3022 3667 3093">
    <p class='ocr_par' dir='ltr' id='par_1_59' title="bbox 2083 3022 3667 3093">
     <span class='ocr_line' id='line_1_59' title="bbox 2083 3022 3667 3093; baseline 0.004 -16"><span class='ocrx_word' id='word_1_362' title='bbox 2083 3023 2243 3078; x_wconf 88' lang='lat' dir='ltr'>Hanc</span> <span class='ocrx_word' id='word_1_363' title='bbox 2295 3027 2498 3077; x_wconf 87' lang='lat' dir='ltr'>secuta</span> <span class='ocrx_word' id='word_1_364' title='bbox 2548 3025 2642 3077; x_wconf 90' lang='lat' dir='ltr'>est</span> <span class='ocrx_word' id='word_1_365' title='bbox 2695 3022 2866 3078; x_wconf 90' lang='lat' dir='ltr'>tertia</span> <span class='ocrx_word' id='word_1_366' title='bbox 2920 3024 3241 3093; x_wconf 89' lang='lat' dir='ltr'>generalis,</span> <span class='ocrx_word' id='word_1_367' title='bbox 3295 3024 3356 3081; x_wconf 91' lang='lat' dir='ltr'>in</span> <span class='ocrx_word' id='word_1_368' title='bbox 3429 3025 3667 3083; x_wconf 90' lang='lat' dir='ltr'>civitate</span> 
     </span>
    </p>
   </div>
   <div class='ocr_carea' id='block_1_60' title="bbox 2009 3109 3670 3185">
    <p class='ocr_par' dir='ltr' id='par_1_60' title="bbox 2009 3109 3670 3185">
     <span class='ocr_line' id='line_1_60' title="bbox 2009 3109 3670 3185; baseline 0.002 -19"><span class='ocrx_word' id='word_1_369' title='bbox 2009 3111 2241 3182; x_wconf 83' lang='lat' dir='ltr'>Epheso</span> <span class='ocrx_word' id='word_1_370' title='bbox 2269 3109 2586 3177; x_wconf 88' lang='lat' dir='ltr'>celebrata,</span> <span class='ocrx_word' id='word_1_371' title='bbox 2618 3115 2828 3167; x_wconf 89' lang='lat' dir='ltr'>contra</span> <span class='ocrx_word' id='word_1_372' title='bbox 2857 3111 3111 3184; x_wconf 92' lang='lat' dir='ltr'>impium</span> <span class='ocrx_word' id='word_1_373' title='bbox 3132 3114 3492 3185; x_wconf 88' lang='lat' dir='ltr'>Nestorium,</span> <span class='ocrx_word' id='word_1_374' title='bbox 3517 3115 3670 3172; x_wconf 90' lang='lat' dir='ltr'>sicut</span> 
     </span>
    </p>
   </div>
   <div class='ocr_carea' id='block_1_61' title="bbox 234 3198 3431 3286">
    <p class='ocr_par' dir='ltr' id='par_1_61' title="bbox 234 3198 3431 3286">
     <span class='ocr_line' id='line_1_61' title="bbox 234 3198 3431 3286; baseline 0 -26"><span class='ocrx_word' id='word_1_375' title='bbox 234 3211 365 3260; x_wconf 86' lang='lat' dir='ltr'>tum</span> <span class='ocrx_word' id='word_1_376' title='bbox 383 3211 443 3260; x_wconf 92' lang='lat' dir='ltr'>et</span> <span class='ocrx_word' id='word_1_377' title='bbox 462 3203 875 3260; x_wconf 77' lang='lat' dir='ltr'>sublimatum.</span> <span class='ocrx_word' id='word_1_378' title='bbox 903 3201 1076 3268; x_wconf 86' lang='lat' dir='ltr'>Quod</span> <span class='ocrx_word' id='word_1_379' title='bbox 1093 3201 1406 3258; x_wconf 88' lang='lat' dir='ltr'>audientes</span> <span class='ocrx_word' id='word_1_380' title='bbox 1434 3203 1666 3275; x_wconf 86' lang='lat' dir='ltr'>pralati</span> <span class='ocrx_word' id='word_1_381' title='bbox 1714 3204 1904 3286; x_wconf 80' lang='lat' dir='ltr'>Eccle-</span> <span class='ocrx_word' id='word_1_382' title='bbox 1921 3230 1975 3286; x_wconf 58' lang='grc' dir='ltr'><strong><em>ε</em></strong></span> <span class='ocrx_word' id='word_1_383' title='bbox 2009 3198 2262 3286; x_wconf 82' lang='lat' dir='ltr'>habetur</span> <span class='ocrx_word' id='word_1_384' title='bbox 2291 3213 2493 3271; x_wconf 89' lang='lat' dir='ltr'>supra.</span> <span class='ocrx_word' id='word_1_385' title='bbox 2529 3199 2711 3270; x_wconf 88' lang='lat' dir='ltr'>Cujus</span> <span class='ocrx_word' id='word_1_386' title='bbox 2741 3215 3006 3257; x_wconf 88' lang='lat' dir='ltr'>canones</span> <span class='ocrx_word' id='word_1_387' title='bbox 3035 3201 3276 3258; x_wconf 91' lang='lat' dir='ltr'>fuerunt</span> <span class='ocrx_word' id='word_1_388' title='bbox 3305 3219 3431 3262; x_wconf 87' lang='lat' dir='ltr'>sex.</span> 
     </span>
    </p>
   </div>
   <div class='ocr_carea' id='block_1_62' title="bbox 235 3285 1902 3365">
    <p class='ocr_par' dir='ltr' id='par_1_62' title="bbox 235 3285 1902 3365">
     <span class='ocr_line' id='line_1_62' title="bbox 235 3285 1902 3365; baseline 0.001 -17"><span class='ocrx_word' id='word_1_389' title='bbox 235 3294 492 3360; x_wconf 82' lang='lat' dir='ltr'>siarum,</span> <span class='ocrx_word' id='word_1_390' title='bbox 506 3292 928 3349; x_wconf 81' lang='lat' dir='ltr'>confluxerunt</span> <span class='ocrx_word' id='word_1_391' title='bbox 941 3291 1205 3363; x_wconf 90' lang='lat' dir='ltr'>undique</span> <span class='ocrx_word' id='word_1_392' title='bbox 1217 3292 1550 3365; x_wconf 89' lang='lat' dir='ltr'>complures</span> <span class='ocrx_word' id='word_1_393' title='bbox 1570 3293 1648 3350; x_wconf 88' lang='lat' dir='ltr'>ad</span> <span class='ocrx_word' id='word_1_394' title='bbox 1679 3285 1902 3350; x_wconf 80' lang='lat' dir='ltr'>dictam</span> 
     </span>
    </p>
   </div>
   <div class='ocr_carea' id='block_1_63' title="bbox 236 3381 1904 3454">
    <p class='ocr_par' dir='ltr' id='par_1_63' title="bbox 236 3381 1904 3454">
     <span class='ocr_line' id='line_1_63' title="bbox 236 3381 1904 3454; baseline -0.001 -15"><span class='ocrx_word' id='word_1_395' title='bbox 236 3386 561 3450; x_wconf 85' lang='lat' dir='ltr'>civitatem,</span> <span class='ocrx_word' id='word_1_396' title='bbox 597 3381 905 3437; x_wconf 85' lang='lat' dir='ltr'>obviantes</span> <span class='ocrx_word' id='word_1_397' title='bbox 952 3382 1135 3436; x_wconf 89' lang='lat' dir='ltr'>errori</span> <span class='ocrx_word' id='word_1_398' title='bbox 1164 3396 1346 3445; x_wconf 89' lang='lat' dir='ltr'>novo,</span> <span class='ocrx_word' id='word_1_399' title='bbox 1370 3387 1426 3454; x_wconf 85' lang='lat' dir='ltr'>et</span> <span class='ocrx_word' id='word_1_400' title='bbox 1488 3383 1760 3454; x_wconf 90' lang='lat' dir='ltr'>primitus</span> <span class='ocrx_word' id='word_1_401' title='bbox 1808 3399 1904 3440; x_wconf 80' lang='lat' dir='ltr'>ex-</span> 
     </span>
    </p>
   </div>
   <div class='ocr_carea' id='block_1_64' title="bbox 224 3469 1904 3545">
    <p class='ocr_par' dir='ltr' id='par_1_64' title="bbox 224 3469 1904 3545">
     <span class='ocr_line' id='line_1_64' title="bbox 224 3469 1904 3545; baseline -0.001 -16"><span class='ocrx_word' id='word_1_402' title='bbox 224 3471 653 3530; x_wconf 59' lang='lat' dir='ltr'>orta-Praefuit</span> <span class='ocrx_word' id='word_1_403' title='bbox 671 3477 874 3527; x_wconf 84' lang='lat' dir='ltr'>autem</span> <span class='ocrx_word' id='word_1_404' title='bbox 893 3469 986 3524; x_wconf 86' lang='lat' dir='ltr'>isti</span> <span class='ocrx_word' id='word_1_405' title='bbox 1022 3470 1422 3542; x_wconf 82' lang='lat' dir='ltr'>synodotunc</span> <span class='ocrx_word' id='word_1_406' title='bbox 1461 3472 1748 3543; x_wconf 88' lang='lat' dir='ltr'>temporis</span> <span class='ocrx_word' id='word_1_407' title='bbox 1792 3475 1904 3545; x_wconf 85' lang='lat' dir='ltr'>Hy-</span> 
     </span>
    </p>
   </div>
   <div class='ocr_carea' id='block_1_65' title="bbox 243 3549 1902 3632">
    <p class='ocr_par' dir='ltr' id='par_1_65' title="bbox 243 3549 1902 3632">
     <span class='ocr_line' id='line_1_65' title="bbox 243 3549 1902 3632; baseline -0.002 -12"><span class='ocrx_word' id='word_1_408' title='bbox 243 3549 524 3620; x_wconf 81' lang='lat' dir='ltr'>menaus</span> <span class='ocrx_word' id='word_1_409' title='bbox 573 3559 1132 3632; x_wconf 80' lang='lat' dir='ltr'>Hierosolymorum</span> <span class='ocrx_word' id='word_1_410' title='bbox 1198 3559 1616 3632; x_wconf 87' lang='lat' dir='ltr'>episcopus,et</span> <span class='ocrx_word' id='word_1_411' title='bbox 1687 3560 1902 3618; x_wconf 88' lang='lat' dir='ltr'>beatus</span> 
     </span>
    </p>
   </div>
   <div class='ocr_carea' id='block_1_66' title="bbox 240 3648 1904 3722">
    <p class='ocr_par' dir='ltr' id='par_1_66' title="bbox 240 3648 1904 3722">
     <span class='ocr_line' id='line_1_66' title="bbox 240 3648 1904 3722; baseline -0.001 -14"><span class='ocrx_word' id='word_1_412' title='bbox 240 3651 568 3722; x_wconf 77' lang='lat' dir='ltr'>Gregorius</span> <span class='ocrx_word' id='word_1_413' title='bbox 586 3652 987 3706; x_wconf 81' lang='lat' dir='ltr'>Neocasarea</span> <span class='ocrx_word' id='word_1_414' title='bbox 998 3648 1527 3722; x_wconf 83' lang='lat' dir='ltr'>Cappadocia,qui</span> <span class='ocrx_word' id='word_1_415' title='bbox 1549 3650 1904 3720; x_wconf 90' lang='lat' dir='ltr'>agnomina-</span> 
     </span>
    </p>
   </div>
   <div class='ocr_carea' id='block_1_67' title="bbox 235 3737 1900 3812">
    <p class='ocr_par' dir='ltr' id='par_1_67' title="bbox 235 3737 1900 3812">
     <span class='ocr_line' id='line_1_67' title="bbox 235 3737 1900 3812; baseline -0.001 -15"><span class='ocrx_word' id='word_1_416' title='bbox 235 3748 340 3797; x_wconf 87' lang='lat' dir='ltr'>tur</span> <span class='ocrx_word' id='word_1_417' title='bbox 360 3737 1057 3808; x_wconf 72' lang='lat' dir='ltr'>Thaumaturgus,idest.</span> <span class='ocrx_word' id='word_1_418' title='bbox 1102 3737 1472 3807; x_wconf 85' lang='lat' dir='ltr'>miriﬁcus,et</span> <span class='ocrx_word' id='word_1_419' title='bbox 1496 3739 1614 3806; x_wconf 88' lang='lat' dir='ltr'>alii,</span> <span class='ocrx_word' id='word_1_420' title='bbox 1630 3739 1900 3812; x_wconf 86' lang='lat' dir='ltr'>quiPau-</span> 
     </span>
    </p>
   </div>
   <div class='ocr_carea' id='block_1_68' title="bbox 235 3827 1900 3902">
    <p class='ocr_par' dir='ltr' id='par_1_68' title="bbox 235 3827 1900 3902">
     <span class='ocr_line' id='line_1_68' title="bbox 235 3827 1900 3902; baseline -0.002 -14"><span class='ocrx_word' id='word_1_421' title='bbox 235 3833 370 3888; x_wconf 83' lang='lat' dir='ltr'>lum</span> <span class='ocrx_word' id='word_1_422' title='bbox 398 3828 704 3886; x_wconf 87' lang='lat' dir='ltr'>communi</span> <span class='ocrx_word' id='word_1_423' title='bbox 719 3827 1391 3899; x_wconf 88' lang='lat' dir='ltr'>sententiadeponentes</span> <span class='ocrx_word' id='word_1_424' title='bbox 1405 3827 1486 3885; x_wconf 89' lang='lat' dir='ltr'>ab</span> <span class='ocrx_word' id='word_1_425' title='bbox 1501 3827 1756 3885; x_wconf 88' lang='lat' dir='ltr'>Ecclesia</span> <span class='ocrx_word' id='word_1_426' title='bbox 1782 3830 1900 3902; x_wconf 91' lang='lat' dir='ltr'>eje-</span> 
     </span>
    </p>
   </div>
   <div class='ocr_carea' id='block_1_69' title="bbox 237 3915 1896 3983">
    <p class='ocr_par' dir='ltr' id='par_1_69' title="bbox 237 3915 1896 3983">
     <span class='ocr_line' id='line_1_69' title="bbox 237 3915 1896 3983; baseline 0.001 -7"><span class='ocrx_word' id='word_1_427' title='bbox 237 3925 474 3976; x_wconf 88' lang='lat' dir='ltr'>cerunt.</span> <span class='ocrx_word' id='word_1_428' title='bbox 500 3919 707 3974; x_wconf 88' lang='lat' dir='ltr'>Utrum</span> <span class='ocrx_word' id='word_1_429' title='bbox 728 3932 870 3972; x_wconf 88' lang='lat' dir='ltr'>vero</span> <span class='ocrx_word' id='word_1_430' title='bbox 891 3915 1144 3972; x_wconf 87' lang='lat' dir='ltr'>ediderit</span> <span class='ocrx_word' id='word_1_431' title='bbox 1163 3931 1452 3983; x_wconf 89' lang='lat' dir='ltr'>canones,</span> <span class='ocrx_word' id='word_1_432' title='bbox 1471 3933 1591 3974; x_wconf 88' lang='lat' dir='ltr'>non</span> <span class='ocrx_word' id='word_1_433' title='bbox 1619 3918 1896 3978; x_wconf 89' lang='lat' dir='ltr'>habetur.</span> 
     </span>
    </p>
   </div>
   <div class='ocr_carea' id='block_1_70' title="bbox 314 4005 1895 4079">
    <p class='ocr_par' dir='ltr' id='par_1_70' title="bbox 314 4005 1895 4079">
     <span class='ocr_line' id='line_1_70' title="bbox 314 4005 1895 4079; baseline 0.001 -15"><span class='ocrx_word' id='word_1_434' title='bbox 314 4010 458 4066; x_wconf 82' lang='lat' dir='ltr'>Post</span> <span class='ocrx_word' id='word_1_435' title='bbox 499 4008 676 4064; x_wconf 89' lang='lat' dir='ltr'>istam</span> <span class='ocrx_word' id='word_1_436' title='bbox 718 4005 1064 4062; x_wconf 81' lang='lat' dir='ltr'>immediate</span> <span class='ocrx_word' id='word_1_437' title='bbox 1084 4005 1195 4062; x_wconf 89' lang='lat' dir='ltr'>fuit</span> <span class='ocrx_word' id='word_1_438' title='bbox 1244 4005 1514 4063; x_wconf 90' lang='lat' dir='ltr'>secunda</span> <span class='ocrx_word' id='word_1_439' title='bbox 1543 4008 1602 4064; x_wconf 90' lang='lat' dir='ltr'>in</span> <span class='ocrx_word' id='word_1_440' title='bbox 1638 4008 1895 4079; x_wconf 90' lang='lat' dir='ltr'>civitate,</span> 
     </span>
    </p>
   </div>
   <div class='ocr_carea' id='block_1_71' title="bbox 229 4095 1894 4172">
    <p class='ocr_par' dir='ltr' id='par_1_71' title="bbox 229 4095 1894 4172">
     <span class='ocr_line' id='line_1_71' title="bbox 229 4095 1894 4172; baseline 0.001 -19"><span class='ocrx_word' id='word_1_441' title='bbox 229 4114 378 4172; x_wconf 82' lang='lat' dir='ltr'>qua</span> <span class='ocrx_word' id='word_1_442' title='bbox 399 4097 617 4154; x_wconf 85' lang='lat' dir='ltr'>dicitur</span> <span class='ocrx_word' id='word_1_443' title='bbox 637 4097 900 4166; x_wconf 84' lang='lat' dir='ltr'>Anguria</span> <span class='ocrx_word' id='word_1_444' title='bbox 915 4095 1215 4167; x_wconf 83' lang='lat' dir='ltr'>[Ancyra];</span> <span class='ocrx_word' id='word_1_445' title='bbox 1230 4095 1288 4151; x_wconf 93' lang='lat' dir='ltr'>in</span> <span class='ocrx_word' id='word_1_446' title='bbox 1305 4096 1615 4168; x_wconf 86' lang='lat' dir='ltr'>provincia</span> <span class='ocrx_word' id='word_1_447' title='bbox 1629 4098 1894 4168; x_wconf 88' lang='lat' dir='ltr'>Galatia,</span> 
     </span>
    </p>
   </div>
   <div class='ocr_carea' id='block_1_72' title="bbox 229 4183 1893 4261">
    <p class='ocr_par' dir='ltr' id='par_1_72' title="bbox 229 4183 1893 4261">
     <span class='ocr_line' id='line_1_72' title="bbox 229 4183 1893 4261; baseline 0.001 -17"><span class='ocrx_word' id='word_1_448' title='bbox 229 4190 330 4244; x_wconf 89' lang='lat' dir='ltr'>cui</span> <span class='ocrx_word' id='word_1_449' title='bbox 351 4186 592 4260; x_wconf 72' lang='lat' dir='ltr'>prrefuit</span> <span class='ocrx_word' id='word_1_450' title='bbox 613 4183 1485 4257; x_wconf 76' lang='lat' dir='ltr'>Jutellius[Vitalis]Antiochia</span> <span class='ocrx_word' id='word_1_451' title='bbox 1515 4187 1698 4258; x_wconf 60' lang='lat' dir='ltr'>Syria.</span> <span class='ocrx_word' id='word_1_452' title='bbox 1744 4204 1893 4261; x_wconf 88' lang='lat' dir='ltr'>pra-</span> 
     </span>
    </p>
   </div>
   <div class='ocr_carea' id='block_1_73' title="bbox 229 4267 1895 4347">
    <p class='ocr_par' dir='ltr' id='par_1_73' title="bbox 229 4267 1895 4347">
     <span class='ocr_line' id='line_1_73' title="bbox 229 4267 1895 4347; baseline 0.001 -14"><span class='ocrx_word' id='word_1_453' title='bbox 229 4277 348 4342; x_wconf 83' lang='lat' dir='ltr'>sul,</span> <span class='ocrx_word' id='word_1_454' title='bbox 373 4283 433 4333; x_wconf 91' lang='lat' dir='ltr'>et</span> <span class='ocrx_word' id='word_1_455' title='bbox 447 4275 796 4346; x_wconf 77' lang='lat' dir='ltr'>Agricolaus</span> <span class='ocrx_word' id='word_1_456' title='bbox 819 4277 1102 4332; x_wconf 78' lang='lat' dir='ltr'>Casarea</span> <span class='ocrx_word' id='word_1_457' title='bbox 1126 4267 1541 4347; x_wconf 83' lang='lat' dir='ltr'>Cappadocia.</span> <span class='ocrx_word' id='word_1_458' title='bbox 1595 4277 1895 4335; x_wconf 87' lang='lat' dir='ltr'>Convene-</span> 
     </span>
    </p>
   </div>
   <div class='ocr_carea' id='block_1_74' title="bbox 229 4362 1896 4438">
    <p class='ocr_par' dir='ltr' id='par_1_74' title="bbox 229 4362 1896 4438">
     <span class='ocr_line' id='line_1_74' title="bbox 229 4362 1896 4438; baseline 0.001 -15"><span class='ocrx_word' id='word_1_459' title='bbox 229 4362 1328 4438; x_wconf 81' lang='lat' dir='ltr'>runtpradictiPatres,etmulticnm</span> <span class='ocrx_word' id='word_1_460' title='bbox 1345 4364 1511 4421; x_wconf 89' lang='lat' dir='ltr'>eisin</span> <span class='ocrx_word' id='word_1_461' title='bbox 1560 4365 1720 4423; x_wconf 87' lang='lat' dir='ltr'>dicto</span> <span class='ocrx_word' id='word_1_462' title='bbox 1763 4367 1896 4426; x_wconf 90' lang='lat' dir='ltr'>loco</span> 
     </span>
    </p>
   </div>
   <div class='ocr_carea' id='block_1_75' title="bbox 227 4452 1898 4529">
    <p class='ocr_par' dir='ltr' id='par_1_75' title="bbox 227 4452 1898 4529">
     <span class='ocr_line' id='line_1_75' title="bbox 227 4452 1898 4529; baseline 0.001 -17"><span class='ocrx_word' id='word_1_463' title='bbox 227 4458 484 4529; x_wconf 85' lang='lat' dir='ltr'>propter</span> <span class='ocrx_word' id='word_1_464' title='bbox 519 4452 843 4526; x_wconf 85' lang='lat' dir='ltr'>quosdam,</span> <span class='ocrx_word' id='word_1_465' title='bbox 891 4453 1000 4524; x_wconf 87' lang='lat' dir='ltr'>qui</span> <span class='ocrx_word' id='word_1_466' title='bbox 1041 4457 1315 4525; x_wconf 85' lang='lat' dir='ltr'>tempore</span> <span class='ocrx_word' id='word_1_467' title='bbox 1365 4455 1797 4526; x_wconf 84' lang='lat' dir='ltr'>persecutionis</span> <span class='ocrx_word' id='word_1_468' title='bbox 1835 4458 1898 4513; x_wconf 87' lang='lat' dir='ltr'>in</span> 
     </span>
    </p>
   </div>
   <div class='ocr_carea' id='block_1_76' title="bbox 224 4541 1975 4629">
    <p class='ocr_par' dir='ltr' id='par_1_76' title="bbox 224 4541 1975 4629">
     <span class='ocr_line' id='line_1_76' title="bbox 224 4541 1975 4629; baseline 0.001 -28"><span class='ocrx_word' id='word_1_469' title='bbox 224 4545 522 4610; x_wconf 73' lang='lat' dir='ltr'>Ecclesia,</span> <span class='ocrx_word' id='word_1_470' title='bbox 545 4545 788 4614; x_wconf 88' lang='lat' dir='ltr'>propter</span> <span class='ocrx_word' id='word_1_471' title='bbox 810 4541 996 4597; x_wconf 83' lang='lat' dir='ltr'>nimia</span> <span class='ocrx_word' id='word_1_472' title='bbox 1013 4545 1312 4599; x_wconf 85' lang='lat' dir='ltr'>tormenta</span> <span class='ocrx_word' id='word_1_473' title='bbox 1333 4550 1703 4612; x_wconf 87' lang='lat' dir='ltr'>negaverunt</span> <span class='ocrx_word' id='word_1_474' title='bbox 1738 4547 1897 4603; x_wconf 90' lang='lat' dir='ltr'>Chri-</span> <span class='ocrx_word' id='word_1_475' title='bbox 1929 4573 1975 4629; x_wconf 75' lang='grc' dir='ltr'>ι)</span> 
     </span>
    </p>
   </div>
   <div class='ocr_carea' id='block_1_77' title="bbox 233 4630 1903 4706">
    <p class='ocr_par' dir='ltr' id='par_1_77' title="bbox 233 4630 1903 4706">
     <span class='ocr_line' id='line_1_77' title="bbox 233 4630 1903 4706; baseline 0.002 -16"><span class='ocrx_word' id='word_1_476' title='bbox 233 4639 425 4690; x_wconf 57' lang='lat' dir='ltr'>dum:</span> <span class='ocrx_word' id='word_1_477' title='bbox 449 4633 598 4688; x_wconf 88' lang='lat' dir='ltr'>scire</span> <span class='ocrx_word' id='word_1_478' title='bbox 620 4632 1130 4701; x_wconf 48' lang='lat' dir='ltr'>volentes,&#39;utrum</span> <span class='ocrx_word' id='word_1_479' title='bbox 1153 4630 1301 4687; x_wconf 88' lang='lat' dir='ltr'>tales</span> <span class='ocrx_word' id='word_1_480' title='bbox 1331 4633 1655 4706; x_wconf 91' lang='lat' dir='ltr'>recipiendi</span> <span class='ocrx_word' id='word_1_481' title='bbox 1705 4642 1903 4694; x_wconf 90' lang='lat' dir='ltr'>essent</span> 
     </span>
    </p>
   </div>
   <div class='ocr_carea' id='block_1_78' title="bbox 230 4712 1901 4784">
    <p class='ocr_par' dir='ltr' id='par_1_78' title="bbox 230 4712 1901 4784">
     <span class='ocr_line' id='line_1_78' title="bbox 230 4712 1901 4784; baseline 0.002 -13"><span class='ocrx_word' id='word_1_482' title='bbox 230 4715 323 4771; x_wconf 81' lang='lat' dir='ltr'>ad</span> <span class='ocrx_word' id='word_1_483' title='bbox 343 4714 533 4770; x_wconf 83' lang='lat' dir='ltr'>ﬁdem</span> <span class='ocrx_word' id='word_1_484' title='bbox 569 4713 644 4768; x_wconf 89' lang='lat' dir='ltr'>de</span> <span class='ocrx_word' id='word_1_485' title='bbox 675 4717 909 4781; x_wconf 77' lang='lat' dir='ltr'>catero,</span> <span class='ocrx_word' id='word_1_486' title='bbox 941 4719 999 4767; x_wconf 90' lang='lat' dir='ltr'>et</span> <span class='ocrx_word' id='word_1_487' title='bbox 1044 4712 1356 4784; x_wconf 91' lang='lat' dir='ltr'>quomodo</span> <span class='ocrx_word' id='word_1_488' title='bbox 1395 4720 1595 4771; x_wconf 89' lang='lat' dir='ltr'>essent</span> <span class='ocrx_word' id='word_1_489' title='bbox 1637 4718 1901 4774; x_wconf 52' lang='lat' dir='ltr'>reconci-</span> 
     </span>
    </p>
   </div>
   <div class='ocr_carea' id='block_1_79' title="bbox 231 4800 1903 4875">
    <p class='ocr_par' dir='ltr' id='par_1_79' title="bbox 231 4800 1903 4875">
     <span class='ocr_line' id='line_1_79' title="bbox 231 4800 1903 4875; baseline 0.002 -14"><span class='ocrx_word' id='word_1_490' title='bbox 231 4800 666 4870; x_wconf 68' lang='lat' dir='ltr'>liandiJJnde,</span> <span class='ocrx_word' id='word_1_491' title='bbox 690 4801 1082 4875; x_wconf 87' lang='lat' dir='ltr'>inquisitione</span> <span class='ocrx_word' id='word_1_492' title='bbox 1121 4800 1299 4867; x_wconf 83' lang='lat' dir='ltr'>facta,</span> <span class='ocrx_word' id='word_1_493' title='bbox 1321 4801 1683 4861; x_wconf 85' lang='lat' dir='ltr'>deﬁnierunt</span> <span class='ocrx_word' id='word_1_494' title='bbox 1713 4807 1903 4865; x_wconf 90' lang='lat' dir='ltr'>multa</span> 
     </span>
    </p>
   </div>
   <div class='ocr_carea' id='block_1_80' title="bbox 232 4890 1899 4970">
    <p class='ocr_par' dir='ltr' id='par_1_80' title="bbox 232 4890 1899 4970">
     <span class='ocr_line' id='line_1_80' title="bbox 232 4890 1899 4970; baseline 0.005 -25"><span class='ocrx_word' id='word_1_495' title='bbox 232 4909 431 4966; x_wconf 72' lang='lat' dir='ltr'>super</span> <span class='ocrx_word' id='word_1_496' title='bbox 471 4892 608 4959; x_wconf 89' lang='lat' dir='ltr'>hoc,</span> <span class='ocrx_word' id='word_1_497' title='bbox 640 4895 699 4947; x_wconf 87' lang='lat' dir='ltr'>et</span> <span class='ocrx_word' id='word_1_498' title='bbox 732 4890 999 4947; x_wconf 82' lang='lat' dir='ltr'>fecerunt</span> <span class='ocrx_word' id='word_1_499' title='bbox 1045 4905 1310 4947; x_wconf 87' lang='lat' dir='ltr'>canones</span> <span class='ocrx_word' id='word_1_500' title='bbox 1357 4892 1564 4963; x_wconf 90' lang='lat' dir='ltr'>viginti</span> <span class='ocrx_word' id='word_1_501' title='bbox 1610 4895 1899 4970; x_wconf 89' lang='lat' dir='ltr'>quinque.</span> 
     </span>
    </p>
   </div>
   <div class='ocr_carea' id='block_1_81' title="bbox 312 4981 1901 5057">
    <p class='ocr_par' dir='ltr' id='par_1_81' title="bbox 312 4981 1901 5057">
     <span class='ocr_line' id='line_1_81' title="bbox 312 4981 1901 5057; baseline 0.003 -16"><span class='ocrx_word' id='word_1_502' title='bbox 312 4985 522 5042; x_wconf 81' lang='lat' dir='ltr'>Fuitet</span> <span class='ocrx_word' id='word_1_503' title='bbox 543 4983 710 5039; x_wconf 79' lang='lat' dir='ltr'>tertia</span> <span class='ocrx_word' id='word_1_504' title='bbox 744 4981 1018 5055; x_wconf 87' lang='lat' dir='ltr'>synodus</span> <span class='ocrx_word' id='word_1_505' title='bbox 1053 4987 1490 5054; x_wconf 84' lang='lat' dir='ltr'>consequenter</span> <span class='ocrx_word' id='word_1_506' title='bbox 1530 4990 1667 5057; x_wconf 91' lang='lat' dir='ltr'>post</span> <span class='ocrx_word' id='word_1_507' title='bbox 1713 4986 1901 5056; x_wconf 88' lang='lat' dir='ltr'>illam,</span> 
     </span>
    </p>
   </div>
   <div class='ocr_carea' id='block_1_82' title="bbox 231 5071 1904 5144">
    <p class='ocr_par' dir='ltr' id='par_1_82' title="bbox 231 5071 1904 5144">
     <span class='ocr_line' id='line_1_82' title="bbox 231 5071 1904 5144; baseline 0.002 -12"><span class='ocrx_word' id='word_1_508' title='bbox 231 5075 380 5132; x_wconf 77' lang='lat' dir='ltr'>etin</span> <span class='ocrx_word' id='word_1_509' title='bbox 440 5073 827 5129; x_wconf 82' lang='lat' dir='ltr'>Neocasarea</span> <span class='ocrx_word' id='word_1_510' title='bbox 875 5071 1062 5128; x_wconf 86' lang='lat' dir='ltr'>Ponti:</span> <span class='ocrx_word' id='word_1_511' title='bbox 1095 5085 1252 5144; x_wconf 68' lang='lat' dir='ltr'>qua</span> <span class='ocrx_word' id='word_1_512' title='bbox 1306 5072 1578 5130; x_wconf 88' lang='lat' dir='ltr'>similiter</span> <span class='ocrx_word' id='word_1_513' title='bbox 1640 5091 1904 5135; x_wconf 83' lang='lat' dir='ltr'>canones</span> 
     </span>
    </p>
   </div>
   <div class='ocr_carea' id='block_1_83' title="bbox 235 5159 937 5234">
    <p class='ocr_par' dir='ltr' id='par_1_83' title="bbox 235 5159 937 5234">
     <span class='ocr_line' id='line_1_83' title="bbox 235 5159 937 5234; baseline -0.006 -14"><span class='ocrx_word' id='word_1_514' title='bbox 235 5163 440 5221; x_wconf 86' lang='lat' dir='ltr'>edidit</span> <span class='ocrx_word' id='word_1_515' title='bbox 457 5159 937 5234; x_wconf 86' lang='lat' dir='ltr'>qnatuordeoim.</span> 
     </span>
    </p>
   </div>
   <div class='ocr_carea' id='block_1_84' title="bbox 341 5249 1904 5324">
    <p class='ocr_par' dir='ltr' id='par_1_84' title="bbox 341 5249 1904 5324">
     <span class='ocr_line' id='line_1_84' title="bbox 341 5249 1904 5324; baseline 0.003 -15"><span class='ocrx_word' id='word_1_516' title='bbox 341 5255 518 5309; x_wconf 70' lang='lat' dir='ltr'>lianc</span> <span class='ocrx_word' id='word_1_517' title='bbox 563 5258 772 5308; x_wconf 86' lang='lat' dir='ltr'>secuta</span> <span class='ocrx_word' id='word_1_518' title='bbox 792 5256 879 5308; x_wconf 90' lang='lat' dir='ltr'>est</span> <span class='ocrx_word' id='word_1_519' title='bbox 925 5249 1124 5324; x_wconf 89' lang='lat' dir='ltr'>prima</span> <span class='ocrx_word' id='word_1_520' title='bbox 1169 5251 1540 5321; x_wconf 88' lang='lat' dir='ltr'>generalium</span> <span class='ocrx_word' id='word_1_521' title='bbox 1561 5253 1623 5310; x_wconf 91' lang='lat' dir='ltr'>in</span> <span class='ocrx_word' id='word_1_522' title='bbox 1656 5255 1904 5313; x_wconf 85' lang='lat' dir='ltr'>civi-tate</span> 
     </span>
    </p>
   </div>
   <div class='ocr_carea' id='block_1_85' title="bbox 229 5340 1904 5417">
    <p class='ocr_par' dir='ltr' id='par_1_85' title="bbox 229 5340 1904 5417">
     <span class='ocr_line' id='line_1_85' title="bbox 229 5340 1904 5417; baseline 0.002 -17"><span class='ocrx_word' id='word_1_523' title='bbox 229 5344 463 5413; x_wconf 66' lang='lat' dir='ltr'>Nicon,</span> <span class='ocrx_word' id='word_1_524' title='bbox 533 5348 712 5399; x_wconf 79' lang='lat' dir='ltr'>conta</span> <span class='ocrx_word' id='word_1_525' title='bbox 789 5340 1019 5404; x_wconf 82' lang='lat' dir='ltr'>Arium,</span> <span class='ocrx_word' id='word_1_526' title='bbox 1047 5343 1119 5396; x_wconf 87' lang='lat' dir='ltr'>.ut</span> <span class='ocrx_word' id='word_1_527' title='bbox 1187 5341 1463 5413; x_wconf 84' lang='lat' dir='ltr'>superius</span> <span class='ocrx_word' id='word_1_528' title='bbox 1548 5358 1904 5417; x_wconf 84' lang='lat' dir='ltr'>expressum</span> 
     </span>
    </p>
   </div>
   <div class='ocr_carea' id='block_1_86' title="bbox 231 5431 1297 5505">
    <p class='ocr_par' dir='ltr' id='par_1_86' title="bbox 231 5431 1297 5505">
     <span class='ocr_line' id='line_1_86' title="bbox 231 5431 1297 5505; baseline -0.007 -13"><span class='ocrx_word' id='word_1_529' title='bbox 231 5440 356 5501; x_wconf 72' lang='lat' dir='ltr'>est,</span> <span class='ocrx_word' id='word_1_530' title='bbox 379 5433 567 5505; x_wconf 84' lang='lat' dir='ltr'>cujus</span> <span class='ocrx_word' id='word_1_531' title='bbox 589 5444 855 5498; x_wconf 83' lang='lat' dir='ltr'>canones</span> <span class='ocrx_word' id='word_1_532' title='bbox 883 5436 1025 5486; x_wconf 85' lang='lat' dir='ltr'>sunt</span> <span class='ocrx_word' id='word_1_533' title='bbox 1068 5431 1297 5502; x_wconf 86' lang='lat' dir='ltr'>viginti.</span> 
     </span>
    </p>
   </div>
   <div class='ocr_carea' id='block_1_87' title="bbox 321 5519 1907 5595">
    <p class='ocr_par' dir='ltr' id='par_1_87' title="bbox 321 5519 1907 5595">
     <span class='ocr_line' id='line_1_87' title="bbox 321 5519 1907 5595; baseline 0.003 -17"><span class='ocrx_word' id='word_1_534' title='bbox 321 5522 456 5578; x_wconf 81' lang='lat' dir='ltr'>Alia</span> <span class='ocrx_word' id='word_1_535' title='bbox 485 5521 756 5595; x_wconf 87' lang='lat' dir='ltr'>synodus</span> <span class='ocrx_word' id='word_1_536' title='bbox 782 5519 1084 5576; x_wconf 90' lang='lat' dir='ltr'>celebrata</span> <span class='ocrx_word' id='word_1_537' title='bbox 1122 5519 1230 5577; x_wconf 88' lang='lat' dir='ltr'>fuit</span> <span class='ocrx_word' id='word_1_538' title='bbox 1271 5522 1659 5594; x_wconf 90' lang='lat' dir='ltr'>postmodum</span> <span class='ocrx_word' id='word_1_539' title='bbox 1705 5525 1763 5581; x_wconf 92' lang='lat' dir='ltr'>in</span> <span class='ocrx_word' id='word_1_540' title='bbox 1795 5530 1907 5582; x_wconf 84' lang='lat' dir='ltr'>An-</span> 
     </span>
    </p>
   </div>
   <div class='ocr_carea' id='block_1_88' title="bbox 2082 3281 3668 3351">
    <p class='ocr_par' dir='ltr' id='par_1_88' title="bbox 2082 3281 3668 3351">
     <span class='ocr_line' id='line_1_88' title="bbox 2082 3281 3668 3351; baseline 0.004 -7"><span class='ocrx_word' id='word_1_541' title='bbox 2082 3281 2226 3344; x_wconf 64' lang='lat' dir='ltr'>Post&#39;</span> <span class='ocrx_word' id='word_1_542' title='bbox 2245 3289 2423 3344; x_wconf 87' lang='lat' dir='ltr'>istam</span> <span class='ocrx_word' id='word_1_543' title='bbox 2449 3304 2592 3344; x_wconf 91' lang='lat' dir='ltr'>vero</span> <span class='ocrx_word' id='word_1_544' title='bbox 2626 3288 2738 3344; x_wconf 85' lang='lat' dir='ltr'>fuit</span> <span class='ocrx_word' id='word_1_545' title='bbox 2764 3290 2937 3346; x_wconf 89' lang='lat' dir='ltr'>tertia</span> <span class='ocrx_word' id='word_1_546' title='bbox 2964 3290 3026 3346; x_wconf 90' lang='lat' dir='ltr'>in</span> <span class='ocrx_word' id='word_1_547' title='bbox 3058 3289 3207 3348; x_wconf 86' lang='lat' dir='ltr'>urbe</span> <span class='ocrx_word' id='word_1_548' title='bbox 3255 3294 3668 3351; x_wconf 90' lang='lat' dir='ltr'>Constantino-</span> 
     </span>
    </p>
   </div>
   <div class='ocr_carea' id='block_1_89' title="bbox 2013 3377 3668 3452">
    <p class='ocr_par' dir='ltr' id='par_1_89' title="bbox 2013 3377 3668 3452">
     <span class='ocr_line' id='line_1_89' title="bbox 2013 3377 3668 3452; baseline 0.002 -18"><span class='ocrx_word' id='word_1_549' title='bbox 2013 3377 2279 3449; x_wconf 89' lang='lat' dir='ltr'>politana</span> <span class='ocrx_word' id='word_1_550' title='bbox 2302 3384 2510 3434; x_wconf 89' lang='lat' dir='ltr'>contra</span> <span class='ocrx_word' id='word_1_551' title='bbox 2539 3378 2866 3450; x_wconf 82' lang='lat' dir='ltr'>Eutychen,</span> <span class='ocrx_word' id='word_1_552' title='bbox 2890 3379 2996 3435; x_wconf 89' lang='lat' dir='ltr'>sed</span> <span class='ocrx_word' id='word_1_553' title='bbox 3019 3380 3396 3452; x_wconf 89' lang='lat' dir='ltr'>particularis</span> <span class='ocrx_word' id='word_1_554' title='bbox 3421 3401 3434 3438; x_wconf 88' lang='lat'>:</span> <span class='ocrx_word' id='word_1_555' title='bbox 3463 3383 3668 3440; x_wconf 85' lang='lat' dir='ltr'>nullos</span> 
     </span>
    </p>
   </div>
   <div class='ocr_carea' id='block_1_90' title="bbox 2011 3458 3470 3529">
    <p class='ocr_par' dir='ltr' id='par_1_90' title="bbox 2011 3458 3470 3529">
     <span class='ocr_line' id='line_1_90' title="bbox 2011 3458 3470 3529; baseline 0.003 -7"><span class='ocrx_word' id='word_1_556' title='bbox 2011 3471 2210 3522; x_wconf 89' lang='lat' dir='ltr'>tamen</span> <span class='ocrx_word' id='word_1_557' title='bbox 2243 3481 2506 3522; x_wconf 88' lang='lat' dir='ltr'>canones</span> <span class='ocrx_word' id='word_1_558' title='bbox 2531 3465 2736 3529; x_wconf 83' lang='lat' dir='ltr'>edidit,</span> <span class='ocrx_word' id='word_1_559' title='bbox 2768 3482 2878 3522; x_wconf 92' lang='lat' dir='ltr'>nec</span> <span class='ocrx_word' id='word_1_560' title='bbox 2906 3467 3222 3526; x_wconf 86' lang='lat' dir='ltr'>habentur.</span> <span class='ocrx_word' id='word_1_561' title='bbox 3466 3458 3470 3462; x_wconf 63' lang='grc'><em>’</em></span> 
     </span>
    </p>
   </div>
   <div class='ocr_carea' id='block_1_91' title="bbox 2055 3555 3667 3627">
    <p class='ocr_par' dir='ltr' id='par_1_91' title="bbox 2055 3555 3667 3627">
     <span class='ocr_line' id='line_1_91' title="bbox 2055 3555 3667 3627; baseline 0.006 -17"><span class='ocrx_word' id='word_1_562' title='bbox 2055 3555 2306 3611; x_wconf 80' lang='lat' dir='ltr'>&#39;Deinde</span> <span class='ocrx_word' id='word_1_563' title='bbox 2335 3559 2540 3611; x_wconf 88' lang='lat' dir='ltr'>secuta</span> <span class='ocrx_word' id='word_1_564' title='bbox 2563 3559 2651 3611; x_wconf 89' lang='lat' dir='ltr'>est</span> <span class='ocrx_word' id='word_1_565' title='bbox 2678 3555 2798 3622; x_wconf 87' lang='lat' dir='ltr'>illa,</span> <span class='ocrx_word' id='word_1_566' title='bbox 2829 3559 3045 3627; x_wconf 86' lang='lat' dir='ltr'>quain</span> <span class='ocrx_word' id='word_1_567' title='bbox 3092 3557 3469 3616; x_wconf 89' lang='lat' dir='ltr'>Chalcedone</span> <span class='ocrx_word' id='word_1_568' title='bbox 3517 3562 3667 3619; x_wconf 90' lang='lat' dir='ltr'>urbe</span> 
     </span>
    </p>
   </div>
   <div class='ocr_carea' id='block_1_92' title="bbox 2012 3643 3656 3717">
    <p class='ocr_par' dir='ltr' id='par_1_92' title="bbox 2012 3643 3656 3717">
     <span class='ocr_line' id='line_1_92' title="bbox 2012 3643 3656 3717; baseline 0.005 -16"><span class='ocrx_word' id='word_1_569' title='bbox 2012 3663 2046 3702; x_wconf 92' lang='lat' dir='ltr'>a</span> <span class='ocrx_word' id='word_1_570' title='bbox 2076 3644 2369 3701; x_wconf 79' lang='lat' dir='ltr'>sexcentis</span> <span class='ocrx_word' id='word_1_571' title='bbox 2404 3644 2644 3715; x_wconf 86' lang='lat' dir='ltr'>triginta</span> <span class='ocrx_word' id='word_1_572' title='bbox 2669 3643 2944 3700; x_wconf 89' lang='lat' dir='ltr'>Patribus</span> <span class='ocrx_word' id='word_1_573' title='bbox 2962 3647 3182 3702; x_wconf 88' lang='lat' dir='ltr'>sanctis</span> <span class='ocrx_word' id='word_1_574' title='bbox 3204 3646 3501 3707; x_wconf 91' lang='lat' dir='ltr'>celebrata</span> <span class='ocrx_word' id='word_1_575' title='bbox 3524 3651 3656 3717; x_wconf 78' lang='lat' dir='ltr'>fuit.</span> 
     </span>
    </p>
   </div>
   <div class='ocr_carea' id='block_1_93' title="bbox 2011 3733 3199 3808">
    <p class='ocr_par' dir='ltr' id='par_1_93' title="bbox 2011 3733 3199 3808">
     <span class='ocr_line' id='line_1_93' title="bbox 2011 3733 3199 3808; baseline 0.003 -20"><span class='ocrx_word' id='word_1_576' title='bbox 2011 3736 2195 3804; x_wconf 87' lang='lat' dir='ltr'>Cujus</span> <span class='ocrx_word' id='word_1_577' title='bbox 2219 3748 2484 3789; x_wconf 92' lang='lat' dir='ltr'>canones</span> <span class='ocrx_word' id='word_1_578' title='bbox 2516 3737 2656 3788; x_wconf 92' lang='lat' dir='ltr'>sunt</span> <span class='ocrx_word' id='word_1_579' title='bbox 2682 3733 2884 3802; x_wconf 81' lang='lat' dir='ltr'>viginti</span> <span class='ocrx_word' id='word_1_580' title='bbox 2909 3734 3199 3808; x_wconf 90' lang='lat' dir='ltr'>quinque.</span> 
     </span>
    </p>
   </div>
   <div class='ocr_carea' id='block_1_94' title="bbox 2083 3822 3664 3898">
    <p class='ocr_par' dir='ltr' id='par_1_94' title="bbox 2083 3822 3664 3898">
     <span class='ocr_line' id='line_1_94' title="bbox 2083 3822 3664 3898; baseline 0.004 -19"><span class='ocrx_word' id='word_1_581' title='bbox 2083 3824 2210 3879; x_wconf 86' lang='lat' dir='ltr'>Fuit</span> <span class='ocrx_word' id='word_1_582' title='bbox 2233 3829 2289 3877; x_wconf 93' lang='lat' dir='ltr'>et</span> <span class='ocrx_word' id='word_1_583' title='bbox 2309 3822 2425 3878; x_wconf 87' lang='lat' dir='ltr'>alia</span> <span class='ocrx_word' id='word_1_584' title='bbox 2442 3822 2635 3894; x_wconf 87' lang='lat' dir='ltr'>synod</span> <span class='ocrx_word' id='word_1_585' title='bbox 2647 3838 2714 3877; x_wconf 92' lang='lat' dir='ltr'>us</span> <span class='ocrx_word' id='word_1_586' title='bbox 2731 3822 3378 3896; x_wconf 88' lang='lat' dir='ltr'>Contantinopolitana,</span> <span class='ocrx_word' id='word_1_587' title='bbox 3403 3829 3664 3898; x_wconf 85' lang='lat' dir='ltr'>particu-</span> 
     </span>
    </p>
   </div>
   <div class='ocr_carea' id='block_1_95' title="bbox 2005 3911 3663 3988">
    <p class='ocr_par' dir='ltr' id='par_1_95' title="bbox 2005 3911 3663 3988">
     <span class='ocr_line' id='line_1_95' title="bbox 2005 3911 3663 3988; baseline 0.004 -20"><span class='ocrx_word' id='word_1_588' title='bbox 2005 3913 2148 3969; x_wconf 88' lang='lat' dir='ltr'>laris</span> <span class='ocrx_word' id='word_1_589' title='bbox 2175 3917 2377 3968; x_wconf 89' lang='lat' dir='ltr'>tamen</span> <span class='ocrx_word' id='word_1_590' title='bbox 2405 3916 2613 3967; x_wconf 91' lang='lat' dir='ltr'>contra</span> <span class='ocrx_word' id='word_1_591' title='bbox 2649 3911 2952 3966; x_wconf 88' lang='lat' dir='ltr'>Severum.</span> <span class='ocrx_word' id='word_1_592' title='bbox 2976 3914 3327 3970; x_wconf 85' lang='lat' dir='ltr'>Anastasius</span> <span class='ocrx_word' id='word_1_593' title='bbox 3363 3915 3663 3988; x_wconf 90' lang='lat' dir='ltr'>siquidem</span> 
     </span>
    </p>
   </div>
   <div class='ocr_carea' id='block_1_96' title="bbox 2005 3999 3662 4076">
    <p class='ocr_par' dir='ltr' id='par_1_96' title="bbox 2005 3999 3662 4076">
     <span class='ocr_line' id='line_1_96' title="bbox 2005 3999 3662 4076; baseline 0.003 -21"><span class='ocrx_word' id='word_1_594' title='bbox 2005 4003 2356 4074; x_wconf 87' lang='lat' dir='ltr'>imperator,</span> <span class='ocrx_word' id='word_1_595' title='bbox 2382 3999 2782 4056; x_wconf 88' lang='lat' dir='ltr'>declinansin</span> <span class='ocrx_word' id='word_1_596' title='bbox 2811 4000 3084 4058; x_wconf 81' lang='lat' dir='ltr'>haeresim</span> <span class='ocrx_word' id='word_1_597' title='bbox 3113 4003 3475 4076; x_wconf 86' lang='lat' dir='ltr'>Eutychetis,</span> <span class='ocrx_word' id='word_1_598' title='bbox 3513 4007 3662 4062; x_wconf 85' lang='lat' dir='ltr'>mul-</span> 
     </span>
    </p>
   </div>
   <div class='ocr_carea' id='block_1_97' title="bbox 2004 4089 3663 4162">
    <p class='ocr_par' dir='ltr' id='par_1_97' title="bbox 2004 4089 3663 4162">
     <span class='ocr_line' id='line_1_97' title="bbox 2004 4089 3663 4162; baseline 0.003 -14"><span class='ocrx_word' id='word_1_599' title='bbox 2004 4098 2098 4148; x_wconf 90' lang='lat' dir='ltr'>tos</span> <span class='ocrx_word' id='word_1_600' title='bbox 2125 4097 2181 4148; x_wconf 92' lang='lat' dir='ltr'>et</span> <span class='ocrx_word' id='word_1_601' title='bbox 2211 4105 2464 4162; x_wconf 90' lang='lat' dir='ltr'>magnos</span> <span class='ocrx_word' id='word_1_602' title='bbox 2489 4091 2768 4162; x_wconf 86' lang='lat' dir='ltr'>pralatos</span> <span class='ocrx_word' id='word_1_603' title='bbox 2815 4089 2988 4162; x_wconf 90' lang='lat' dir='ltr'>ejecit</span> <span class='ocrx_word' id='word_1_604' title='bbox 3009 4091 3086 4149; x_wconf 90' lang='lat' dir='ltr'>de</span> <span class='ocrx_word' id='word_1_605' title='bbox 3114 4091 3260 4149; x_wconf 88' lang='lat' dir='ltr'>locis</span> <span class='ocrx_word' id='word_1_606' title='bbox 3289 4094 3438 4161; x_wconf 90' lang='lat' dir='ltr'>suis,</span> <span class='ocrx_word' id='word_1_607' title='bbox 3478 4097 3663 4153; x_wconf 87' lang='lat' dir='ltr'>susci-</span> 
     </span>
    </p>
   </div>
   <div class='ocr_carea' id='block_1_98' title="bbox 2005 4179 3661 4254">
    <p class='ocr_par' dir='ltr' id='par_1_98' title="bbox 2005 4179 3661 4254">
     <span class='ocr_line' id='line_1_98' title="bbox 2005 4179 3661 4254; baseline 0.003 -16"><span class='ocrx_word' id='word_1_608' title='bbox 2005 4189 2138 4238; x_wconf 85' lang='lat' dir='ltr'>tans</span> <span class='ocrx_word' id='word_1_609' title='bbox 2153 4196 2259 4253; x_wconf 88' lang='lat' dir='ltr'>per</span> <span class='ocrx_word' id='word_1_610' title='bbox 2279 4179 2626 4235; x_wconf 87' lang='lat' dir='ltr'>universum</span> <span class='ocrx_word' id='word_1_611' title='bbox 2649 4179 2966 4251; x_wconf 89' lang='lat' dir='ltr'>imperium</span> <span class='ocrx_word' id='word_1_612' title='bbox 2979 4197 3156 4237; x_wconf 90' lang='lat' dir='ltr'>suum</span> <span class='ocrx_word' id='word_1_613' title='bbox 3181 4179 3661 4254; x_wconf 78' lang='lat' dir='ltr'>persecutionem</span> 
     </span>
    </p>
   </div>
   <div class='ocr_carea' id='block_1_99' title="bbox 2004 4268 3664 4346">
    <p class='ocr_par' dir='ltr' id='par_1_99' title="bbox 2004 4268 3664 4346">
     <span class='ocr_line' id='line_1_99' title="bbox 2004 4268 3664 4346; baseline 0.002 -19"><span class='ocrx_word' id='word_1_614' title='bbox 2004 4273 2297 4328; x_wconf 88' lang='lat' dir='ltr'>universa</span> <span class='ocrx_word' id='word_1_615' title='bbox 2325 4268 2597 4325; x_wconf 85' lang='lat' dir='ltr'>Ecclesia</span> <span class='ocrx_word' id='word_1_616' title='bbox 2629 4268 2865 4326; x_wconf 89' lang='lat' dir='ltr'>Christi.</span> <span class='ocrx_word' id='word_1_617' title='bbox 2925 4269 3090 4326; x_wconf 88' lang='lat' dir='ltr'>Unde</span> <span class='ocrx_word' id='word_1_618' title='bbox 3122 4287 3262 4328; x_wconf 91' lang='lat' dir='ltr'>cum</span> <span class='ocrx_word' id='word_1_619' title='bbox 3292 4274 3664 4346; x_wconf 87' lang='lat' dir='ltr'>prastitisset</span> 
     </span>
    </p>
   </div>
   <div class='ocr_carea' id='block_1_100' title="bbox 2005 4357 3661 4433">
    <p class='ocr_par' dir='ltr' id='par_1_100' title="bbox 2005 4357 3661 4433">
     <span class='ocr_line' id='line_1_100' title="bbox 2005 4357 3661 4433; baseline 0.002 -17"><span class='ocrx_word' id='word_1_620' title='bbox 2005 4360 2273 4417; x_wconf 88' lang='lat' dir='ltr'>favorem</span> <span class='ocrx_word' id='word_1_621' title='bbox 2310 4360 2526 4415; x_wconf 89' lang='lat' dir='ltr'>Severo</span> <span class='ocrx_word' id='word_1_622' title='bbox 2557 4357 2860 4426; x_wconf 85' lang='lat' dir='ltr'>haretico,</span> <span class='ocrx_word' id='word_1_623' title='bbox 2895 4359 3141 4416; x_wconf 78' lang='lat' dir='ltr'>utﬁeret</span> <span class='ocrx_word' id='word_1_624' title='bbox 3171 4364 3518 4433; x_wconf 87' lang='lat' dir='ltr'>patriarcha</span> <span class='ocrx_word' id='word_1_625' title='bbox 3563 4367 3661 4420; x_wconf 90' lang='lat' dir='ltr'>Ec-</span> 
     </span>
    </p>
   </div>
   <div class='ocr_carea' id='block_1_101' title="bbox 2007 4447 3659 4519">
    <p class='ocr_par' dir='ltr' id='par_1_101' title="bbox 2007 4447 3659 4519">
     <span class='ocr_line' id='line_1_101' title="bbox 2007 4447 3659 4519; baseline 0.002 -14"><span class='ocrx_word' id='word_1_626' title='bbox 2007 4449 2199 4506; x_wconf 84' lang='lat' dir='ltr'>clesia</span> <span class='ocrx_word' id='word_1_627' title='bbox 2257 4447 2618 4503; x_wconf 84' lang='lat' dir='ltr'>Antochena</span> <span class='ocrx_word' id='word_1_628' title='bbox 2647 4450 2773 4503; x_wconf 87' lang='lat' dir='ltr'>sine</span> <span class='ocrx_word' id='word_1_629' title='bbox 2813 4447 2977 4504; x_wconf 89' lang='lat' dir='ltr'>irrita</span> <span class='ocrx_word' id='word_1_630' title='bbox 3033 4448 3320 4507; x_wconf 92' lang='lat' dir='ltr'>electione</span> <span class='ocrx_word' id='word_1_631' title='bbox 3362 4451 3659 4519; x_wconf 89' lang='lat' dir='ltr'>Flaviani,</span> 
     </span>
    </p>
   </div>
   <div class='ocr_carea' id='block_1_102' title="bbox 2005 4535 3664 4613">
    <p class='ocr_par' dir='ltr' id='par_1_102' title="bbox 2005 4535 3664 4613">
     <span class='ocr_line' id='line_1_102' title="bbox 2005 4535 3664 4613; baseline 0.001 -17"><span class='ocrx_word' id='word_1_632' title='bbox 2005 4555 2189 4613; x_wconf 90' lang='lat' dir='ltr'>quem</span> <span class='ocrx_word' id='word_1_633' title='bbox 2210 4550 2473 4595; x_wconf 91' lang='lat' dir='ltr'>canones</span> <span class='ocrx_word' id='word_1_634' title='bbox 2485 4535 2870 4593; x_wconf 87' lang='lat' dir='ltr'>advocabant</span> <span class='ocrx_word' id='word_1_635' title='bbox 2883 4542 3209 4611; x_wconf 85' lang='lat' dir='ltr'>martyrem</span> <span class='ocrx_word' id='word_1_636' title='bbox 3232 4541 3344 4612; x_wconf 79' lang='grc'>(42)</span> <span class='ocrx_word' id='word_1_637' title='bbox 3371 4559 3384 4609; x_wconf 90' lang='grc'>;</span> <span class='ocrx_word' id='word_1_638' title='bbox 3409 4541 3664 4598; x_wconf 86' lang='lat' dir='ltr'>scanda-</span> 
     </span>
    </p>
   </div>
   <div class='ocr_carea' id='block_1_103' title="bbox 2007 4626 3664 4702">
    <p class='ocr_par' dir='ltr' id='par_1_103' title="bbox 2007 4626 3664 4702">
     <span class='ocr_line' id='line_1_103' title="bbox 2007 4626 3664 4702; baseline 0.001 -16"><span class='ocrx_word' id='word_1_639' title='bbox 2007 4629 2100 4696; x_wconf 92' lang='lat' dir='ltr'>lis,</span> <span class='ocrx_word' id='word_1_640' title='bbox 2127 4635 2185 4685; x_wconf 90' lang='lat' dir='ltr'>et</span> <span class='ocrx_word' id='word_1_641' title='bbox 2215 4626 2753 4700; x_wconf 89' lang='lat' dir='ltr'>persecutionibus,</span> <span class='ocrx_word' id='word_1_642' title='bbox 2791 4631 2848 4682; x_wconf 91' lang='lat' dir='ltr'>et</span> <span class='ocrx_word' id='word_1_643' title='bbox 2875 4627 3214 4684; x_wconf 91' lang='lat' dir='ltr'>homicidiis</span> <span class='ocrx_word' id='word_1_644' title='bbox 3244 4630 3516 4702; x_wconf 87' lang='lat' dir='ltr'>implevit</span> <span class='ocrx_word' id='word_1_645' title='bbox 3564 4634 3664 4688; x_wconf 81' lang='lat' dir='ltr'>Ec-</span> 
     </span>
    </p>
   </div>
   <div class='ocr_carea' id='block_1_104' title="bbox 2009 4716 3665 4789">
    <p class='ocr_par' dir='ltr' id='par_1_104' title="bbox 2009 4716 3665 4789">
     <span class='ocr_line' id='line_1_104' title="bbox 2009 4716 3665 4789; baseline 0.001 -12"><span class='ocrx_word' id='word_1_646' title='bbox 2009 4719 2256 4777; x_wconf 90' lang='lat' dir='ltr'>clesiam</span> <span class='ocrx_word' id='word_1_647' title='bbox 2287 4716 2500 4773; x_wconf 88' lang='lat' dir='ltr'>Christi</span> <span class='ocrx_word' id='word_1_648' title='bbox 2528 4716 2850 4789; x_wconf 84' lang='lat' dir='ltr'>pradictus</span> <span class='ocrx_word' id='word_1_649' title='bbox 2876 4718 3132 4773; x_wconf 82' lang='lat' dir='ltr'>Severus</span> <span class='ocrx_word' id='word_1_650' title='bbox 3160 4736 3172 4773; x_wconf 93' lang='lat'><strong>:</strong></span> <span class='ocrx_word' id='word_1_651' title='bbox 3201 4721 3282 4776; x_wconf 90' lang='lat' dir='ltr'>ita</span> <span class='ocrx_word' id='word_1_652' title='bbox 3330 4726 3391 4776; x_wconf 93' lang='lat' dir='ltr'>ut</span> <span class='ocrx_word' id='word_1_653' title='bbox 3419 4725 3665 4779; x_wconf 86' lang='lat' dir='ltr'>Anasta-</span> 
     </span>
    </p>
   </div>
   <div class='ocr_carea' id='block_1_105' title="bbox 2010 4805 3667 4884">
    <p class='ocr_par' dir='ltr' id='par_1_105' title="bbox 2010 4805 3667 4884">
     <span class='ocr_line' id='line_1_105' title="bbox 2010 4805 3667 4884; baseline 0.001 -18"><span class='ocrx_word' id='word_1_654' title='bbox 2010 4811 2135 4866; x_wconf 89' lang='lat' dir='ltr'>sius</span> <span class='ocrx_word' id='word_1_655' title='bbox 2164 4809 2293 4881; x_wconf 90' lang='lat' dir='ltr'>ipse</span> <span class='ocrx_word' id='word_1_656' title='bbox 2325 4809 2625 4879; x_wconf 86' lang='lat' dir='ltr'>protector</span> <span class='ocrx_word' id='word_1_657' title='bbox 2655 4821 2803 4861; x_wconf 90' lang='lat' dir='ltr'>suus</span> <span class='ocrx_word' id='word_1_658' title='bbox 2834 4811 2890 4862; x_wconf 92' lang='lat' dir='ltr'>et</span> <span class='ocrx_word' id='word_1_659' title='bbox 2919 4805 3131 4870; x_wconf 82' lang='lat' dir='ltr'>fautor.</span> <span class='ocrx_word' id='word_1_660' title='bbox 3167 4824 3275 4880; x_wconf 90' lang='lat' dir='ltr'>per</span> <span class='ocrx_word' id='word_1_661' title='bbox 3302 4809 3526 4867; x_wconf 92' lang='lat' dir='ltr'>litteras</span> <span class='ocrx_word' id='word_1_662' title='bbox 3551 4812 3667 4884; x_wconf 90' lang='lat' dir='ltr'>ipsi</span> 
     </span>
    </p>
   </div>
   <div class='ocr_carea' id='block_1_106' title="bbox 2009 4894 3666 4970">
    <p class='ocr_par' dir='ltr' id='par_1_106' title="bbox 2009 4894 3666 4970">
     <span class='ocr_line' id='line_1_106' title="bbox 2009 4894 3666 4970; baseline 0 -14"><span class='ocrx_word' id='word_1_663' title='bbox 2009 4897 2498 4962; x_wconf 89' lang='lat' dir='ltr'>comminaretur,</span> <span class='ocrx_word' id='word_1_664' title='bbox 2529 4895 2698 4968; x_wconf 90' lang='lat' dir='ltr'>quod</span> <span class='ocrx_word' id='word_1_665' title='bbox 2727 4894 2840 4951; x_wconf 91' lang='lat' dir='ltr'>nisi</span> <span class='ocrx_word' id='word_1_666' title='bbox 2870 4896 3180 4953; x_wconf 88' lang='lat' dir='ltr'>desisteret</span> <span class='ocrx_word' id='word_1_667' title='bbox 3216 4913 3251 4954; x_wconf 91' lang='lat' dir='ltr'>a</span> <span class='ocrx_word' id='word_1_668' title='bbox 3277 4898 3379 4955; x_wconf 89' lang='lat' dir='ltr'>tali</span> <span class='ocrx_word' id='word_1_669' title='bbox 3403 4901 3666 4970; x_wconf 89' lang='lat' dir='ltr'>insania,</span> 
     </span>
    </p>
   </div>
   <div class='ocr_carea' id='block_1_107' title="bbox 2011 4985 3669 5060">
    <p class='ocr_par' dir='ltr' id='par_1_107' title="bbox 2011 4985 3669 5060">
     <span class='ocr_line' id='line_1_107' title="bbox 2011 4985 3669 5060; baseline -0.001 -14"><span class='ocrx_word' id='word_1_670' title='bbox 2011 5005 2151 5046; x_wconf 90' lang='lat' dir='ltr'>eum</span> <span class='ocrx_word' id='word_1_671' title='bbox 2173 4988 2251 5044; x_wconf 92' lang='lat' dir='ltr'>ab</span> <span class='ocrx_word' id='word_1_672' title='bbox 2275 4988 2503 5043; x_wconf 88' lang='lat' dir='ltr'>honore</span> <span class='ocrx_word' id='word_1_673' title='bbox 2524 4985 2966 5058; x_wconf 84' lang='lat' dir='ltr'>patriarchatus</span> <span class='ocrx_word' id='word_1_674' title='bbox 2986 4986 3333 5060; x_wconf 89' lang='lat' dir='ltr'>deponeret.</span> <span class='ocrx_word' id='word_1_675' title='bbox 3359 4989 3488 5055; x_wconf 88' lang='lat' dir='ltr'>Quo</span> <span class='ocrx_word' id='word_1_676' title='bbox 3514 4995 3669 5046; x_wconf 82' lang='lat' dir='ltr'>Ana-</span> 
     </span>
    </p>
   </div>
   <div class='ocr_carea' id='block_1_108' title="bbox 2013 5075 3671 5147">
    <p class='ocr_par' dir='ltr' id='par_1_108' title="bbox 2013 5075 3671 5147">
     <span class='ocr_line' id='line_1_108' title="bbox 2013 5075 3671 5147; baseline 0 -11"><span class='ocrx_word' id='word_1_677' title='bbox 2013 5079 2197 5136; x_wconf 85' lang='lat' dir='ltr'>stasio</span> <span class='ocrx_word' id='word_1_678' title='bbox 2226 5075 2530 5146; x_wconf 89' lang='lat' dir='ltr'>defuncto,</span> <span class='ocrx_word' id='word_1_679' title='bbox 2556 5075 2816 5147; x_wconf 89' lang='lat' dir='ltr'>suscepit</span> <span class='ocrx_word' id='word_1_680' title='bbox 2839 5075 3105 5132; x_wconf 75' lang='lat' dir='ltr'>Justinus</span> <span class='ocrx_word' id='word_1_681' title='bbox 3126 5076 3312 5134; x_wconf 86' lang='lat' dir='ltr'>homo</span> <span class='ocrx_word' id='word_1_682' title='bbox 3339 5078 3671 5136; x_wconf 84' lang='lat' dir='ltr'>catholicus</span> 
     </span>
    </p>
   </div>
   <div class='ocr_carea' id='block_1_109' title="bbox 2013 5164 3670 5240">
    <p class='ocr_par' dir='ltr' id='par_1_109' title="bbox 2013 5164 3670 5240">
     <span class='ocr_line' id='line_1_109' title="bbox 2013 5164 3670 5240; baseline 0.001 -16"><span class='ocrx_word' id='word_1_683' title='bbox 2013 5171 2314 5240; x_wconf 88' lang='lat' dir='ltr'>sceptrum</span> <span class='ocrx_word' id='word_1_684' title='bbox 2332 5164 2586 5239; x_wconf 87' lang='lat' dir='ltr'>imperii.</span> <span class='ocrx_word' id='word_1_685' title='bbox 2616 5164 2789 5230; x_wconf 86' lang='lat' dir='ltr'>Quod</span> <span class='ocrx_word' id='word_1_686' title='bbox 2804 5164 3024 5221; x_wconf 88' lang='lat' dir='ltr'>timens</span> <span class='ocrx_word' id='word_1_687' title='bbox 3049 5172 3106 5223; x_wconf 90' lang='lat' dir='ltr'>et</span> <span class='ocrx_word' id='word_1_688' title='bbox 3131 5167 3340 5224; x_wconf 88' lang='lat' dir='ltr'>videns</span> <span class='ocrx_word' id='word_1_689' title='bbox 3389 5171 3670 5238; x_wconf 89' lang='lat' dir='ltr'>Severus,</span> 
     </span>
    </p>
   </div>
   <div class='ocr_carea' id='block_1_110' title="bbox 2012 5252 3676 5326">
    <p class='ocr_par' dir='ltr' id='par_1_110' title="bbox 2012 5252 3676 5326">
     <span class='ocr_line' id='line_1_110' title="bbox 2012 5252 3676 5326; baseline 0.001 -12"><span class='ocrx_word' id='word_1_690' title='bbox 2012 5255 2341 5314; x_wconf 86' lang='lat' dir='ltr'>voluntarie</span> <span class='ocrx_word' id='word_1_691' title='bbox 2371 5253 2547 5310; x_wconf 78' lang='lat' dir='ltr'>cessit</span> <span class='ocrx_word' id='word_1_692' title='bbox 2573 5253 2810 5319; x_wconf 89' lang='lat' dir='ltr'>honori,</span> <span class='ocrx_word' id='word_1_693' title='bbox 2842 5252 3092 5312; x_wconf 85' lang='lat' dir='ltr'>latenter</span> <span class='ocrx_word' id='word_1_694' title='bbox 3118 5256 3326 5326; x_wconf 89' lang='lat' dir='ltr'>fugam</span> <span class='ocrx_word' id='word_1_695' title='bbox 3358 5258 3572 5323; x_wconf 89' lang='lat' dir='ltr'>iniens,</span> <span class='ocrx_word' id='word_1_696' title='bbox 3617 5263 3676 5315; x_wconf 90' lang='lat' dir='ltr'>et</span> 
     </span>
    </p>
   </div>
   <div class='ocr_carea' id='block_1_111' title="bbox 2011 5341 3675 5420">
    <p class='ocr_par' dir='ltr' id='par_1_111' title="bbox 2011 5341 3675 5420">
     <span class='ocr_line' id='line_1_111' title="bbox 2011 5341 3675 5420; baseline 0.001 -17"><span class='ocrx_word' id='word_1_697' title='bbox 2011 5361 2270 5420; x_wconf 87' lang='lat' dir='ltr'>pergens</span> <span class='ocrx_word' id='word_1_698' title='bbox 2289 5342 2710 5400; x_wconf 88' lang='lat' dir='ltr'>Alexandriam</span> <span class='ocrx_word' id='word_1_699' title='bbox 2735 5341 2810 5398; x_wconf 91' lang='lat' dir='ltr'>ad</span> <span class='ocrx_word' id='word_1_700' title='bbox 2840 5359 2984 5399; x_wconf 84' lang='lat' dir='ltr'>suos</span> <span class='ocrx_word' id='word_1_701' title='bbox 3017 5345 3366 5418; x_wconf 91' lang='lat' dir='ltr'>complices.</span> <span class='ocrx_word' id='word_1_702' title='bbox 3401 5349 3675 5420; x_wconf 90' lang='lat' dir='ltr'>Cumque</span> 
     </span>
    </p>
   </div>
   <div class='ocr_carea' id='block_1_112' title="bbox 2014 5432 3677 5506">
    <p class='ocr_par' dir='ltr' id='par_1_112' title="bbox 2014 5432 3677 5506">
     <span class='ocr_line' id='line_1_112' title="bbox 2014 5432 3677 5506; baseline 0 -13"><span class='ocrx_word' id='word_1_703' title='bbox 2014 5435 2240 5492; x_wconf 90' lang='lat' dir='ltr'>ibidem</span> <span class='ocrx_word' id='word_1_704' title='bbox 2265 5435 2326 5489; x_wconf 92' lang='lat' dir='ltr'>in</span> <span class='ocrx_word' id='word_1_705' title='bbox 2340 5432 2692 5506; x_wconf 83' lang='lat' dir='ltr'>pradictum</span> <span class='ocrx_word' id='word_1_706' title='bbox 2714 5448 2978 5489; x_wconf 89' lang='lat' dir='ltr'>errorem</span> <span class='ocrx_word' id='word_1_707' title='bbox 3001 5433 3294 5506; x_wconf 90' lang='lat' dir='ltr'>plurimos</span> <span class='ocrx_word' id='word_1_708' title='bbox 3319 5436 3677 5505; x_wconf 88' lang='lat' dir='ltr'>induxisset,</span> 
     </span>
    </p>
   </div>
   <div class='ocr_carea' id='block_1_113' title="bbox 2017 5521 3682 5595">
    <p class='ocr_par' dir='ltr' id='par_1_113' title="bbox 2017 5521 3682 5595">
     <span class='ocr_line' id='line_1_113' title="bbox 2017 5521 3682 5595; baseline 0.001 -14"><span class='ocrx_word' id='word_1_709' title='bbox 2017 5524 2388 5582; x_wconf 87' lang='lat' dir='ltr'>Justinianus</span> <span class='ocrx_word' id='word_1_710' title='bbox 2419 5521 2766 5594; x_wconf 88' lang='lat' dir='ltr'>imperator,</span> <span class='ocrx_word' id='word_1_711' title='bbox 2799 5524 2904 5594; x_wconf 90' lang='lat' dir='ltr'>qui</span> <span class='ocrx_word' id='word_1_712' title='bbox 2945 5524 3230 5595; x_wconf 87' lang='lat' dir='ltr'>pradicto</span> <span class='ocrx_word' id='word_1_713' title='bbox 3269 5526 3504 5583; x_wconf 88' lang='lat' dir='ltr'>Justino</span> <span class='ocrx_word' id='word_1_714' title='bbox 3549 5543 3682 5584; x_wconf 90' lang='lat' dir='ltr'>suc-</span> 
     </span>
    </p>
   </div>
   <div class='ocr_carea' id='block_1_114' title="bbox 325 5644 3361 5728">
    <p class='ocr_par' dir='ltr' id='par_1_114' title="bbox 325 5644 3361 5728">
     <span class='ocr_line' id='line_1_114' title="bbox 325 5644 3361 5728; baseline 0.005 -28"><span class='ocrx_word' id='word_1_715' title='bbox 325 5649 439 5728; x_wconf 58' lang='grc' dir='ltr'>(ιξῃ</span> <span class='ocrx_word' id='word_1_716' title='bbox 471 5646 752 5728; x_wconf 82' lang='lat' dir='ltr'>Synodus</span> <span class='ocrx_word' id='word_1_717' title='bbox 773 5646 889 5728; x_wconf 77' lang='lat' dir='ltr'>ista</span> <span class='ocrx_word' id='word_1_718' title='bbox 917 5650 1004 5702; x_wconf 86' lang='lat' dir='ltr'>est</span> <span class='ocrx_word' id='word_1_719' title='bbox 1029 5646 1402 5716; x_wconf 88' lang='lat' dir='ltr'>universalis,</span> <span class='ocrx_word' id='word_1_720' title='bbox 1432 5649 1672 5705; x_wconf 90' lang='lat' dir='ltr'>tametsi</span> <span class='ocrx_word' id='word_1_721' title='bbox 1703 5650 1956 5708; x_wconf 77' lang='lat' dir='ltr'>Nicana</span> <span class='ocrx_word' id='word_1_722' title='bbox 1987 5648 2205 5725; x_wconf 89' lang='lat' dir='ltr'>synodi</span> <span class='ocrx_word' id='word_1_723' title='bbox 2231 5645 2538 5721; x_wconf 86' lang='lat' dir='ltr'>appendix</span> <span class='ocrx_word' id='word_1_724' title='bbox 2561 5644 2847 5720; x_wconf 68' lang='lat' dir='ltr'>quaedam</span> <span class='ocrx_word' id='word_1_725' title='bbox 2878 5648 3110 5706; x_wconf 81' lang='lat' dir='ltr'>censeri</span> <span class='ocrx_word' id='word_1_726' title='bbox 3146 5649 3361 5728; x_wconf 51' lang='lat' dir='ltr'>soleat.</span> 
     </span>
    </p>
   </div>
   <div class='ocr_carea' id='block_1_115' title="bbox 329 5711 1048 5796">
    <p class='ocr_par' dir='ltr' id='par_1_115' title="bbox 329 5711 1048 5796">
     <span class='ocr_line' id='line_1_115' title="bbox 329 5711 1048 5796; baseline 0.004 -19"><span class='ocrx_word' id='word_1_727' title='bbox 329 5711 444 5796; x_wconf 72' lang='grc'>(42)</span> <span class='ocrx_word' id='word_1_728' title='bbox 478 5711 668 5778; x_wconf 65' lang='lat' dir='ltr'>L&#39;ocus</span> <span class='ocrx_word' id='word_1_729' title='bbox 689 5718 1048 5780; x_wconf 61' lang='lat' dir='ltr'>mendosus.</span> 
     </span>
    </p>
   </div>
  </div>
