4468 6440
891 413 992 468 i559

887 711 1441 785 stantinopolitana.
1478 711 1701 767 Eodem
1722 715 1990 784 tempore
2016 727 2179 784 papa
2208 716 2532 785 Agapetus,

885 806 1131 874 propter
1149 799 1648 873 persecutionem,
1664 815 1800 871 quze
1822 804 2010 856 totam
2032 800 2260 857 Italiam
2281 817 2534 874 occupa-

885 895 1072 958 verat,
1106 905 1243 945 cum
1273 887 1477 945 multis
1509 887 1736 943 clericis
1763 892 1820 943 et
1845 888 2146 960 episcopis
2197 890 2362 945 venit
2389 892 2532 946 Con-

884 977 1356 1051 stantinopolim.
1405 977 1592 1048 Hujus
1639 981 1841 1034 autem
1893 978 2206 1034 autoritate
2233 978 2391 1034 dicta
2437 995 2532 1051 sy-

881 1068 1082 1125 nodus
1110 1066 1539 1123 condemnavit
1590 1066 1848 1138 impium
1897 1068 2182 1122 Severum
2220 1073 2278 1123 et
2317 1083 2530 1124 omnes

878 1157 1008 1228 ejus
1038 1155 1279 1212 similes.
1307 1159 1457 1212 Nam
1480 1154 1882 1218 Anthemium,
1906 1155 2200 1228 prrefectaa
2222 1156 2386 1212 urbis
2406 1157 2526 1229 epi-

878 1262 1152 1318 scopum.
1185 1244 1539 1314 complicem
1570 1244 1787 1315 Severi,
1817 1244 1921 1316 qui
1952 1249 2160 1300 contra
2181 1245 2321 1315 jura
2345 1260 2527 1301 cano-

873 1351 1022 1390 num
1053 1335 1225 1390 dicta:
1268 1332 1519 1389 civitatis
1576 1337 1980 1405 occupaverat
2033 1333 2258 1404 sedem,
2313 1334 2528 1390 beatus

871 1439 1033 1496 papa
1047 1425 1351 1495 Agapetus
1365 1422 1443 1477 ab
1457 1421 1687 1477 honore
1704 1421 1983 1493 deposuit
1995 1427 2051 1476 et
2080 1422 2523 1478 condemnavit.

940 1514 1079 1568 Post
1097 1511 1260 1568 illam
1282 1509 1390 1566 fuit
1409 1509 1508 1566 illa
1523 1509 1735 1582 quinta
1754 1509 2027 1581 synodus
2047 1510 2364 1580 generalis,
2386 1525 2524 1583 quae

861 1598 972 1658 {uit
995 1597 1074 1653 ab
1098 1597 1433 1653 Justiniano
1451 1596 1736 1669 principe,
1762 1602 1970 1654 contra
1986 1598 2301 1668 Origenem
2320 1603 2377 1654 et
2400 1599 2523 1654 the-

863 1688 1122 1743 odorum
1152 1678 1548 1759 Mopsuestias,
1581 1689 1640 1741 et
1671 1685 1932 1758 reliquos
1981 1686 2315 1756 haereticos,
2347 1692 2527 1760 prout

863 1777 1142 1848 superius
1167 1777 1418 1832 fecimus
1439 1775 1808 1832 mentionem
1833 1794 1855 1832 >
1869 1792 2007 1848 quae
2028 1776 2241 1833 habuit
2259 1792 2522 1833 canones

856 1866 1066 1936 viginti
1094 1864 1270 1922 duos.

930 1956 1073 2012 Post
1118 1955 1296 2012 istam
1328 1954 1436 2011 fuit
1485 1957 1655 2011 sexta
1679 1958 1740 2026 et
1786 1955 2061 2028 septima,
2112 1971 2250 2028 quas
2307 1955 2517 2013 ultimo

854 2044 1301 2109 describuntur,
1324 2045 1479 2100 inter
1497 2044 1767 2117 quinque
1790 2063 1804 2115 ;
1831 2050 1887 2100 et
1906 2045 2182 2117 superius
2203 2045 2516 2102 nominata

855 2134 988 2192 fuit.
1021 2133 1400 2191 Celebratum
1452 2139 1542 2189 est
1588 2133 1738 2188 illud
1797 2132 2274 2189 famosissimum
2320 2134 2515 2190 conci-

855 2223 1002 2279 lium
1035 2227 1168 2294 (43).
1191 2222 1481 2280 Plurimos
1511 2237 1778 2279 canones
1801 2221 2007 2291 edidit,
2032 2222 2252 2279 scilicet
2271 2227 2513 2280 centum

853 2312 1097 2384 triginta
1123 2317 1262 2368 tres.

925 2402 1040 2458 Sed
1069 2407 1127 2458 et
1183 2401 1428 2458 Photius
1476 2399 1838 2474 patriarcha,
1882 2400 1988 2473 qui
2032 2405 2159 2457 erat
2207 2401 2515 2458 haeresiar-

853 2491 988 2560 cha,
1033 2491 1156 2548 duo
1187 2490 1522 2547 successive
1569 2489 1825 2546 concilia
1875 2489 2197 2546 celebravit
2253 2492 2312 2546 in
2365 2491 2513 2547 urbe

854 2581 1392 2653 Constantinopoli.
1454 2579 1718 2636 Primum
1765 2579 1825 2634 in
1874 2579 2099 2651 templo
2155 2583 2512 2637 Sanctorum

855 2669 1282 2743 Apostolorum
1317 2687 1329 2725 :
1364 2668 1684 2742 reliquum,
1711 2669 1808 2724 cui
1850 2668 2129 2741 praebuit,
2174 2675 2239 2725 ut
2282 2669 2508 2741 dicunt,

849 2776 1014 2834 papa
1032 2762 1297 2816 Joannes
1319 2759 1608 2830 favorem,
1641 2759 1704 2814 in
1726 2758 1976 2815 ecclesia
1997 2759 2228 2815 Sancta:
2253 2760 2508 2831 Sophiae.

927 2852 1048 2905 Ista
1076 2848 1255 2918 igitur
1281 2852 1420 2903 sunt
1468 2846 1718 2903 concilia
1744 2863 1881 2919 quae
1912 2847 2118 2919 recipit
2170 2850 2512 2904 Graecorum

858 2938 1121 2995 Ecclesia
1147 2945 1205 2994 et
1232 2939 1481 2994 retinet:
1513 2937 1588 2993 de
1618 2953 1879 3009 quorum
1911 2937 2248 2994 canonibus
2303 2939 2511 2994 adver-

858 3045 965 3084 sus
1022 3031 1356 3085 Romanam
1402 3027 1728 3084 Ecclesiam
1767 3025 2056 3098 gloriatur
2101 3027 2333 3083 addens
2384 3027 2511 3083 istis

857 3133 1123 3175 canones
1162 3117 1595 3190 apostolorum,
1625 3131 1780 3188 quos
1811 3133 1844 3172 a
1893 3116 2071 3171 beato
2122 3117 2419 3174 Clemente
2451 3133 2514 3173 se

857 3208 1162 3281 accepisse
1184 3213 1435 3264 testatur
1458 3226 1470 3275 ;
1489 3222 1751 3279 quorum
1771 3221 2092 3262 numerum
2119 3207 2179 3261 in
2203 3207 2326 3261 suis
2347 3207 2514 3263 libris

858 3298 1201 3369 assignans,
1233 3297 1404 3370 ponit
1428 3311 1533 3352 eos
1563 3311 1693 3351 esse
1718 3295 2025 3365 octoginta
2048 3296 2339 3368 quinque.

934 3387 1174 3444 Furtiva
1225 3387 1474 3458 insuper
1503 3385 1796 3458 synodus,
1826 3401 1963 3457 quas
1995 3385 2056 3440 in
2085 3385 2282 3441 Trullo
2313 3386 2515 3458 palatii

858 3477 969 3534 fuit
1017 3477 1188 3544 facta,
1219 3475 1355 3532 fecit
1400 3490 1666 3532 canones
1686 3473 1764 3530 ad
1792 3474 2025 3530 libitum
2058 3476 2512 3547 imperatorum,

861 3572 927 3624 ut
950 3567 1181 3623 dictum
1216 3571 1304 3621 est
1335 3580 1538 3637 supra,
1567 3568 1808 3621 centum
1835 3568 1891 3620 et
1920 3564 2094 3619 duos.

935 3656 1050 3715 Sed
1079 3661 1136 3712 et
1179 3654 1450 3728 synodus
1504 3653 1716 3717 Photii,
1768 3653 1865 3709 cui
1916 3653 2186 3725 prmstitit
2245 3653 2515 3711 favorem

862 3749 1123 3803 Joannes
1150 3761 1330 3818 papa,
1365 3749 1431 3800 ut
1485 3742 1601 3815 ipsi
1655 3742 1887 3810 volunt,
1939 3742 2075 3798 fecit
2119 3757 2382 3799 canones
2425 3760 2516 3799 se-

861 3843 1027 3910 ptem
1057 3839 1115 3891 et
1142 3834 1374 3891 decem.
1409 3835 1678 3900 Quorum
1704 3831 1949 3888 ultimus
1972 3830 2209 3888 videtur
2258 3833 2516 3888 multum

861 3925 1051 3982 facere
1081 3940 1191 3997 pro
1225 3923 1465 3980 Latinis.

935 4016 1084 4072 Sunt
1133 4012 1312 4084 igitur
1339 4012 1400 4068 in
1433 4011 1708 4068 universo
1757 4025 1969 4066 omnes
2016 4025 2280 4067 canones
2327 4011 2519 4068 nomi-

858 4105 1002 4175 nati,
1038 4101 1370 4175 computati
1397 4099 1736 4158 canonibus
1767 4099 2204 4172 apostolorum,
2235 4115 2372 4155 cum
2401 4100 2515 4172 his,

860 4193 1039 4266 etqui
1063 4194 1124 4248 in
1151 4193 1369 4249 furtiva
1402 4191 1640 4263 synodo
1681 4189 1756 4245 de
1813 4188 2009 4245 Trullo
2067 4189 2207 4244 editi
2256 4189 2517 4257 fuerunt,

856 4300 1069 4344 cccxxx.
1099 4281 1329 4340 Habent
1350 4282 1596 4355 insuper
1619 4279 1920 4353 quasdam
1940 4279 2229 4352 epistolas
2288 4286 2518 4337 sancto-

852 4392 991 4432 rum
1023 4390 1292 4440 suorum,
1325 4371 1538 4437 Basilii,
1569 4370 1785 4444 Cyrilli,
1820 4369 2128 4425 Athanasii
2158 4375 2214 4425 et
2235 4369 2513 4440 aliorum,

851 4466 912 4521 in
942 4464 1165 4536 quibus
1195 4462 1573 4518 continentur
1604 4475 1868 4516 canones
1905 4461 2131 4531 plures,
2180 4475 2336 4532 quos
2363 4459 2515 4516 inter

850 4555 1004 4611 alios
1052 4552 1430 4610 authenticos
1475 4549 1788 4622 recipiunt,
1853 4552 1910 4605 et
1951 4548 2083 4621 pari
2126 4549 2509 4607 veneratione
2541 4601 2582 4622 ,
2617 4543 2869 4599 tionem.
2929 4542 3078 4599 Dicit
3116 4543 3278 4601 enim
3307 4544 3626 4600 concilium
3658 4563 3671 4600 :

2615 4631 2890 4704 pluribus
2962 4633 3166 4705 nuptis
3238 4633 3596 4690 ceciderunt.
3677 4635 3966 4707 Equidem
4029 4641 4274 4711 tempus

845 4643 1177 4701 imitantur.

2121 409 2605 468 PANTALEONIS
2641 407 2927 473 DIACONI
2965 413 3070 472 (.

889 537 1171 602 cesserat,
1197 535 1410 603 rogatu
1430 530 1854 605 episcoporum
1878 532 2354 625 orthodoxorum
2378 533 2536 590 illius

887 624 1118 696 patriae,
1150 621 1501 692 congregari
1543 621 1848 694 synodum
1899 623 2066 695 petiit
2091 623 2155 679 in
2209 621 2360 680 urbe
2390 627 2537 681 Con-

4191 418 4298 477 860

2931 556 3337 627 Oppositiones
3383 557 3776 618 Graecorum;

2717 713 2797 769 Sit
2817 728 2958 784 ergo
2993 730 3150 771 unus
3167 731 3360 772 canon
3405 717 3839 790 apostolorum:
3940 721 4288 793 Episcopus,

2642 803 3093 875 autpresbyter,
3117 809 3221 861 aut
3251 805 3545 862 diaconus
3593 823 3844 864 uxorem
3887 808 4063 866 suam
4115 825 4290 866 occa-

2641 889 2806 946 sione
2828 892 3172 963 honestatis,
3218 893 3312 950 vel
3360 895 3649 951 castitatis
3672 912 3795 952 non
3844 897 4059 967 ejiciat.
4080 899 4139 954 Si
4185 915 4291 954 -

2640 983 2758 1035 tem
2779 981 3032 1052 ejecerit,
3049 984 3624 1040 excommunicetur.
3648 988 4033 1042 Perseverans
4062 992 4287 1050 autem.

2638 1067 2993 1140 deponatur.
3102 1071 3218 1127 Sed
3266 1088 3392 1139 vos,
3427 1073 3729 1144 inquiunt,
3788 1075 4140 1131 accedentes
4207 1076 4289 1131 ad

2637 1171 2839 1214 sacros
2860 1159 3120 1229 ordines,
3145 1164 3353 1215 votum
3374 1161 3643 1216 emittere
3693 1163 3982 1218 castitatis
4025 1163 4284 1234 adigitis.

2638 1246 2790 1314 Ergo
2832 1246 3186 1318 compellitis
3223 1263 3332 1304 vos
3382 1264 3599 1304 uxores
3647 1249 3966 1320 dimittere,
3984 1251 4033 1307 si
4079 1252 4292 1310 volunt

2635 1333 2877 1405 assequi
2899 1333 3079 1390 talem
3101 1335 3383 1404 gradum.
3417 1339 3714 1406 Ergo,etc.

2705 1420 2851 1476 Item
2897 1422 3218 1478 vicesimus
3265 1425 3557 1497 septimus
3601 1441 3798 1482 canon
3842 1426 4032 1484 dicit:
4159 1428 4290 1500 Epi-

2635 1524 2904 1582 scopum,
2926 1511 3370 1583 presbyterum,
3390 1519 3494 1570 aut
3513 1513 3842 1570 diaconum
3863 1516 4287 1573 verberantem

2635 1597 2858 1664 fideles,
2881 1599 2986 1670 qui
3021 1605 3293 1671 peccant,
3319 1606 3423 1658 aut
3460 1602 3735 1659 indeles
3783 1603 3989 1676 inique
4018 1611 4288 1675 agentes,

2634 1691 2811 1759 etper
2855 1687 2971 1744 hoc
3021 1689 3215 1744 timeri
3261 1689 3495 1759 volunt,
3544 1691 3772 1763 deponi
3821 1693 4225 1765 praecipimus.

2631 1777 3025 1848 Nequaquam
3047 1782 3249 1833 autem
3285 1778 3401 1835 hoc
3452 1778 3782 1836 docuitvos
3832 1783 4142 1849 Dominus;
4181 1783 4287 1839 sed

2629 1880 2764 1921 cum
2781 1867 3262 1923 malediceretur.
3290 1883 3409 1924 non
3433 1870 3978 1927 remaledicebat.
4013 1873 4128 1929 Sed
4173 1889 4283 1928 vos

2628 1953 2816 2009 Latini
2839 1954 3152 2011 manifeste
3173 1956 3564 2029 disciplinatis
3586 1975 3707 2029 eos,
3740 1976 3895 2032 quos
3945 1959 4279 2028 absolvitis,

2623 2043 2683 2099 et
2701 2041 3070 2115 quandoque
3091 2059 3281 2116 usque
3297 2044 3375 2100 ad
3391 2044 3743 2101 effusionem
3768 2048 4096 2117 sanguinis.
4129 2051 4284 2120 Ergo

2618 2133 2790 2202 juxta
2811 2131 3153 2187 sanctiones
3177 2132 3419 2189 Patrum
3459 2134 3600 2189 estis
3628 2133 3993 2207 deponendi.

2696 2223 2840 2275 Item
2924 2221 3336 2290 sexagesimus
3419 2222 3624 2278 tertius
3713 2223 3876 2280 dicit:
3945 2226 4154 2292 Quod
4229 2226 4283 2282 si

2621 2308 2964 2381 episcopus,
2988 2314 3092 2365 aut
3109 2311 3392 2367 sacerdos
3417 2311 3845 2379 autdiaconus,
3866 2329 3972 2370 seu
4028 2315 4282 2372 omnino

2622 2397 2696 2454 de
2720 2398 2993 2470 catalogo
3010 2399 3361 2456 clericorum
3401 2417 3610 2457 carnes
3659 2404 3985 2460 comederit
4026 2406 4089 2460 in
4139 2421 4285 2462 san-

2624 2487 2804 2557 guine
2846 2489 3064 2544 animae
3129 2490 3338 2561 ipsius,
3383 2496 3487 2546 aut
3533 2496 3836 2564 captuma
3903 2493 4111 2560 bestia,
4183 2494 4283 2550 vel

2622 2578 3048 2644 morticinium,
3081 2578 3441 2651 deponatur.
3483 2583 3600 2636 Hoc
3650 2581 3808 2637 enim
3831 2582 3920 2639 lex
3981 2583 4282 2656 prohibet.

2626 2666 2683 2723 Si
2741 2682 2882 2722 vero
2956 2667 3144 2723 laicus
3210 2668 3405 2734 fuerit,
3471 2671 4084 2728 excommunicatur.
4164 2675 4283 2731 Sed

2623 2760 2879 2819 constat,
2904 2755 3134 2825 dicunt,
3153 2757 3320 2829 quod
3353 2758 3538 2815 Latini
3580 2759 3986 2818 indifferenter
4031 2779 4285 2820 vescan-

2623 2850 2718 2900 tur
2745 2845 3200 2916 talibus.lgitur,
3237 2852 3349 2905 etc.

2698 2939 2841 2990 Item
2894 2936 3310 3004 sexagesimus
3383 2943 3635 3010 quartus
3689 2941 4015 3013 praecipita
4077 2945 4282 3016 Neque

2623 3023 2760 3097 quis
2784 3023 3014 3095 jejunet
3036 3026 3281 3082 Sabbati
3301 3026 3556 3091 die,nisi
3579 3030 3653 3083 sit
3673 3029 3875 3097 vigilia
3922 3032 4181 3088 Paschm.
4221 3033 4284 3090 Si

2624 3113 2760 3185 quis
2782 3113 3032 3170 clericus
3063 3116 3343 3171 inventus
3375 3116 3551 3173 fuerit
3595 3117 3756 3173 diem
3793 3120 4166 3176 Dominicum
4193 3121 4285 3192 je-

2554 3245 2596 3302 C
2620 3203 2843 3272 junans
2873 3209 2976 3260 aut
3005 3204 3358 3272 Sabbatum,
3387 3212 3600 3278 praeter
3631 3223 3821 3264 unum
3849 3209 4066 3277 solum,
4099 3210 4286 3283 depo

2623 3297 2824 3347 natur.
2879 3293 2934 3348 Si
2989 3293 3178 3348 laicus
3245 3301 3357 3363 est,
3431 3299 4007 3354 excommunicetur.
4165 3300 4285 3356 Sed

2627 3381 2814 3437 Latini
2846 3383 2963 3438 fere
2997 3385 3160 3439 omni
3209 3384 3303 3439 die
3337 3385 3581 3442 Sabbati
3612 3387 3914 3458 jejunant.
3957 3390 4129 3459 Ergo,
4165 3395 4281 3446 etc.

2696 3474 2837 3526 Item
2871 3472 3276 3543 octogesimus
3306 3474 3528 3531 clamat
3574 3477 3656 3532 sic
3692 3493 3704 3531 :
3821 3479 4153 3551 Episcopus
4184 3481 4286 3536 vel

2621 3558 2936 3632 presbyter
2964 3566 3070 3617 aut
3111 3560 3405 3618 diaconus
3437 3563 3659 3620 militiae
3689 3580 3938 3636 vacans,
3985 3571 4041 3623 et
4069 3567 4284 3624 volens

2623 3652 2948 3720 utrumque
2969 3654 3186 3720 tenere,
3211 3650 3433 3707 scilicet
3461 3653 3844 3709 mundanum
3869 3655 4282 3728 principatum

2625 3741 2682 3792 et
2711 3739 3144 3794 sacerdotalem
3175 3740 3502 3810 dioecesim,
3523 3741 3884 3814 deponatur.
3973 3748 4122 3801 Nam
4145 3761 4287 3818 quae

2625 3833 2764 3883 sunt
2790 3828 3059 3898 Caesaris,
3093 3829 3326 3898 Caesari,
3360 3836 3580 3902 etquae
3614 3833 3733 3897 Dei,
3787 3834 3926 3888 Deo.
3973 3835 4087 3890 Sed
4127 3851 4288 3906 prm-

2625 3917 2728 3973 lati
2781 3917 3146 3987 Latinorum,
3200 3923 3258 3974 et
3285 3920 3465 3975 etiam
3497 3920 3624 3992 ipse
3651 3923 3832 3993 Papa,
3882 3924 4135 3980 assumit
4166 3925 4290 3981 sibi

2626 4005 2837 4062 talium
2867 4006 3205 4077 dignitates,
3240 4012 3296 4064 et
3325 4013 3616 4066 vocantur
3643 4010 3894 4082 quidam
3925 4013 4120 4084 duces,
4147 4015 4288 4087 qui-

2627 4095 2771 4151 dam
2792 4098 3048 4160 comites,
3071 4095 3321 4168 quidam
3341 4098 3520 4153 etiam
3542 4099 3938 4156 marchiones.
3970 4103 4142 4172 Ergo,
4167 4108 4286 4160 etc.

2698 4189 2841 4240 Item
2871 4200 3070 4241 canon
3101 4186 3303 4241 tertius
3349 4186 3580 4243 consilii
3610 4189 3670 4243 in
3702 4192 4088 4248 Neocaesarea
4134 4193 4288 4249 cele-

2624 4274 2781 4331 brati
2811 4274 3069 4345 injungit
3096 4276 3510 4348 pmnitentiam
3538 4277 3818 4347 bigamis.
3853 4282 3919 4336 Et
3943 4281 4132 4338 multo
4153 4299 4286 4342 ma-

2618 4365 2814 4436 jorem
2845 4365 2960 4432 his,
2989 4365 3093 4436 qui
3123 4365 3184 4419 in
3215 4364 3508 4436 trigamia,
3560 4371 3618 4423 et
3647 4367 3800 4425 ultra
3830 4369 4194 4439 ceciderunt,
4223 4378 4287 4430 et

2620 4453 2847 4509 indicat
2876 4453 3089 4509 beatus
3119 4453 3374 4510 Basilius
3403 4455 3515 4511 tale
3544 4457 3997 4515 matrimonium
4026 4459 4284 4518 fornica-

3791 4549 3871 4603 De
3916 4547 4030 4616 his,
4076 4550 4183 4622 qui
4211 4551 4280 4609 in

916 4737 1141 4790 Horum
1179 4731 1360 4802 igitur
1398 4728 1748 4787 auctoritate
1800 4725 1986 4783 Grmci
2030 4725 2274 4794 suulti,
2315 4742 2500 4800 quam

2594 4721 2978 4794 paenitentiae
3016 4721 3400 4778 manifestum
3450 4729 3557 4794 est,
3606 4724 3773 4794 quod
3810 4725 4127 4782 definitum
4159 4733 4276 4796 est,

839 4823 1137 4897 plurimos
1169 4821 1419 4877 latratus
1449 4823 1657 4876 contra
1683 4821 2020 4874 Romanam
2051 4816 2378 4872 Ecclesiam
2412 4816 2500 4874 la-

837 4913 1055 4972 trando
1077 4911 1388 4968 emittunt:
1415 4925 1527 4982 pro
1557 4925 1650 4975 eo,
1683 4907 1852 4981 quod
1881 4905 2070 4962 multa
2119 4907 2181 4962 in
2210 4907 2316 4976 eis,
2358 4922 2496 4978 quae

2611 4810 2716 4867 sed
2740 4813 3114 4868 conversatio
3141 4827 3350 4868 eorum
3383 4817 3438 4868 et
3462 4813 3612 4869 des
3634 4813 3948 4872 abbreviat
3969 4820 4274 4889 tempus.

2681 4904 2824 4958 Item
2855 4901 3146 4974 septimus
3176 4917 3373 4957 canon
3403 4902 3486 4958 ait
3518 4919 3531 4957 :
3611 4904 3922 4976 Presbyter
3948 4905 4010 4961 in
4039 4907 4273 4980 nuptiis

834 5009 1045 5061 contra
1073 5001 1342 5068 Latinos,
1380 5004 1437 5054 et
1459 5013 1572 5070 pro
1602 4996 1821 5054 Graecis
1865 4995 2063 5068 prima
2109 4994 2262 5051 facie
2316 5010 2494 5066 agere
2594 4988 2833 5062 bigami
2858 5005 2981 5046 non
3014 4990 3295 5047 comedat
3324 5008 3337 5046 :
3372 4993 3518 5064 quia
3547 5008 3684 5048 cum
3718 4994 3954 5051 vcniam
3989 5001 4153 5068 petat
4175 4997 4271 5053 bi-

832 5094 1130 5149 videntur.
1165 5092 1435 5156 Quorum
1458 5093 1725 5144 tenorem
1752 5085 2020 5154 diligenti
2040 5084 2493 5155 investigatione
2602 5095 2839 5151 gamus,
2874 5080 3011 5153 quis
3041 5081 3149 5136 erit
3176 5080 3272 5136 ille
3303 5081 3634 5154 presbyter,
3669 5083 3764 5139 cui
3794 5091 4038 5157 propter
4067 5102 4271 5144 come-

827 5182 1298 5251 considerantes,
1346 5178 1422 5234 de
1453 5178 1659 5233 Graeco
1689 5176 1750 5232 in
1801 5175 2076 5232 Latinum
2133 5190 2243 5248 pro
2292 5173 2492 5244 legen-

824 5274 972 5329 tium
1016 5268 1432 5327 exercitatione
1477 5264 1901 5336 tractabimus,
1923 5263 2062 5320 huic
2093 5262 2262 5335 operi
2282 5279 2486 5336 super-

818 5361 1249 5440 immiscentes.

966 5527 986 5580 l
1017 5523 1170 5579 Petr.
1202 5536 1259 5592 ,
1303 5523 1393 5576 23.

2601 5171 2856 5226 stionem
2884 5177 3114 5242 quaerat
3143 5171 3425 5241 bigamus
3456 5172 3724 5229 conteri

2669 5260 2813 5315 Item
2842 5261 2903 5315 in
2935 5261 3271 5316 canonibus
3296 5260 3455 5317 beati
3485 5262 3679 5318 Basilii
3718 5262 3793 5318 de
3824 5264 4041 5322 eodem
4071 5266 4268 5323 habe-

2595 5354 2690 5406 tur
2738 5351 2866 5407 sic:
2902 5351 2977 5405 de
3009 5351 3302 5420 trigamis,
3361 5355 3417 5407 et
3454 5351 3730 5424 pluribus
3782 5355 4009 5426 nuptiis
4065 5372 4266 5430 copu-

2591 5439 2748 5507 latis,
2809 5440 3094 5498 eumdem
3133 5441 3457 5498 denimus
3505 5458 3823 5512 canonem,
3865 5461 4046 5518 quem
4078 5452 4137 5506 et
4179 5448 4264 5508 de

879 5749 993 5825 (43)
1035 5749 1223 5806 Locus
1255 5741 1526 5804 mutilus.
1561 5741 1733 5800 Forte
1761 5737 2274 5814 Carthaginiense,
2305 5739 2480 5815 cujus
2512 5735 2680 5816 apud
2710 5734 3134 5798 Balsamonem
3159 5742 3395 5798 exstant
3426 5754 3690 5802 canones
3726 5744 3848 5806 136.
