4468 6440
281 414 386 473 881

1683 411 1961 471 CONTRA
2000 408 2312 471 GRAECOS.

3603 413 3708 470 562

283 539 552 610 bigamis
604 538 1151 614 proportionaliter,
1199 555 1430 598 annum
1473 539 1723 613 quidem
1769 552 1946 610 super
1979 539 2026 592 Α
2127 537 2271 594 Item
2301 553 2497 596 canon
2534 537 3079 614 quinquagesimus
3131 537 3437 596 secundus
3470 537 3709 611 septimi

282 627 548 699 bigamis
573 648 586 697 ;
615 630 713 686 alii
743 629 1023 687 dixerunt
1046 630 1221 687 duos.
1255 628 1515 697 Quidam
1553 628 1869 700 trigamos,
1891 630 1950 682 et

284 717 466 786 ultra,
499 718 708 785 tribus,
742 723 800 776 et
827 723 1089 793 quatuor
1109 719 1383 792 puniunt,
1406 718 1661 792 quidam
1700 717 1948 789 insuper

288 806 820 863 excommunicant
849 823 979 866 eos.
1014 829 1043 857 »

361 893 510 950 Item
554 894 770 951 eodem
801 894 961 952 dicto
990 909 1222 952 canone
1253 912 1266 950 :
1302 918 1329 945 ››
1365 897 1442 952 De
1472 893 1699 968 nuptiis
1727 892 1951 966 pluries

283 981 603 1039 celebratis
631 983 835 1040 Patres
889 985 1329 1053 conticuerunt,
1385 980 1954 1057 tanquamincenti-

282 1087 433 1127 vum
459 1076 678 1139 essent,
735 1073 906 1146 quod
959 1077 1017 1130 et
1067 1074 1319 1130 omnino
1374 1074 1952 1141 alienumagenere

283 1159 558 1216 humano
583 1175 596 1216 :
625 1161 798 1217 nobis
825 1166 1028 1218 autem
1069 1163 1316 1219 evidens
1347 1167 1454 1228 est,
1497 1161 1666 1236 quod
1712 1159 1849 1233 plus
1880 1158 1954 1214 sit

279 1265 473 1321 quam
495 1257 810 1322 peccatum
861 1251 1289 1309 fornicationis.
1353 1277 1372 1303 ι
1412 1251 1526 1309 Sed
1583 1249 1773 1308 Latini
1807 1247 1954 1304 cele-

280 1335 465 1393 brant
485 1338 633 1393 tales
656 1340 900 1411 nuptias
951 1341 1079 1397 sine
1127 1340 1621 1397 contradictione.
1679 1341 1830 1407 Ergo
1861 1335 1948 1392 fa-

281 1427 451 1481 ciunt
503 1432 716 1483 contra
782 1429 1056 1485 instituta
1113 1445 1442 1497 canonum,
1490 1433 1547 1484 et
1598 1433 1946 1484 sanctorum

282 1513 553 1570 Patrum.
604 1515 718 1571 Sed
772 1517 878 1589 qui
918 1517 1058 1574 talia
1130 1525 1338 1588 agunt,
1380 1513 1947 1574 excommunicandi

283 1607 452 1658 sunt.
495 1606 670 1674 Ergo,
703 1609 814 1660 etc.

357 1695 504 1746 ltem
536 1707 733 1748 canon
747 1693 1038 1750 Timothei
1068 1693 1338 1766 episcopi
1366 1691 1743 1749 Alexandria
1763 1693 1904 1749 dicit
1929 1709 1941 1748 :

283 1800 314 1828 ‹‹
358 1779 535 1844 Quod
557 1776 836 1837 mulieres
868 1786 1255 1838 menstruata
1274 1797 1395 1839 non
1417 1782 1640 1838 debent
1661 1783 1945 1838 accedere

2056 627 2308 694 concilii,
2336 627 2504 701 quod
2528 628 2754 686 factum
2793 628 2903 685 fuit
2948 629 3008 685 in
3055 628 3274 699 Trullo,
3319 627 3598 701 prohibet
3618 642 3709 683 ce-

2055 714 2448 772 lebrationem
2468 718 2656 774 Missa
2696 719 2757 774 in
2791 717 3292 787 Quadragesima,
3316 715 3532 772 diebus
3567 715 3726 773 Sab-_

2055 802 2210 860 batis
2236 808 2294 861 et
2312 806 2631 862 Dominicis
2660 809 2942 880 exceptis,
2973 806 3180 863 dicens
3213 823 3226 860 :
3257 827 3284 856 «
3313 806 3377 860 In
3423 803 3710 860 omnibus

2057 891 2272 949 diebus
2295 894 2508 966 jejunii
2537 901 2759 953 sancta
2788 895 3298 966 Quadragesima,
3327 897 3541 966 prater
3568 891 3713 948 Sab-

2059 980 2270 1038 batum
2319 987 2377 1040 et
2424 985 2818 1056 Dominicam,
2869 982 3474 1054 Annuntiationisque
3525 979 3711 1043 diem,

2059 1069 2166 1129 ﬁat
2183 1071 2257 1128 de
2277 1074 2792 1146 prasanctiﬁcatis
2825 1090 2998 1131 sacra
3036 1074 3226 1130 missa
3258 1091 3273 1140 ;
3307 1093 3334 1122 ››
3385 1070 3490 1126 sed
3521 1068 3709 1126 Latini

2060 1163 2226 1218 omni
2253 1161 2348 1219 die
2387 1163 2448 1220 in
2497 1163 2976 1234 Quadragesima
3029 1162 3349 1231 celebrant,
3384 1165 3441 1216 et
3463 1159 3708 1232 ubique,

2058 1251 2237 1307 etiam
2267 1252 2360 1308 bis
2409 1253 2472 1309 in
2514 1253 2630 1309 die.
2691 1257 2844 1323 Ergo
2882 1253 3108 1310 faciunt
3155 1256 3364 1308 contra
3421 1248 3707 1306 instituta.

2058 1339 2210 1408 Ergo
2241 1344 2380 1397 sunt
2402 1342 2904 1399 cxcommunicati
2936 1346 2994 1398 et
3017 1338 3528 1398 anathematizati.

2113 1473 2432 1544 Responsio
2447 1475 2802 1532 Latinorum
2816 1475 2897 1532 ad
2911 1474 3301 1532 auctoritates
3322 1487 3642 1530 canonum.

2125 1599 2246 1669 llis,
2276 1606 2341 1657 ut
2361 1601 2588 1658 dictum
2614 1607 2720 1670 est,
2753 1600 3209 1659 auctoritatibus
3259 1599 3519 1656 Ecclesia
3545 1601 3704 1655 Gra-

2054 1705 2264 1746 corum
2295 1706 2357 1746 se
2388 1691 2666 1747 muniens
2693 1696 2750 1748 et
2774 1691 3011 1761 erigens
3057 1694 3265 1746 contra
3293 1689 3551 1744 Latinos.
3584 1703 3708 1743 non

2055 1785 2254 1836 cessat
2280 1779 2496 1836 iisdem
2517 1780 2822 1847 insultare,
2855 1779 3085 1837 rabiem
3113 1778 3622 1852 pravaricationis
3652 1781 3710 1832 et

281 1867 363 1922 ad
387 1868 726 1938 ecclesiam,
758 1871 939 1927 etiam
970 1887 1080 1943 pro
1109 1871 1413 1943 baptismo
1442 1871 1808 1943 recipiendo,
1839 1871 1944 1926 sed
1975 1886 2018 1940 Β
2058 1869 2456 1925 anathematis
2486 1869 2877 1942 imponendo.
2912 1872 2979 1925 Et
3002 1868 3138 1924 licet
3161 1871 3380 1923 nostra
3412 1866 3710 1923 facultatis

281 1956 513 2013 debent
541 1958 841 2017 abstinere
871 1961 949 2017 ab
980 1961 1257 2031 ingressu
1307 1961 1592 2025 ecclesiae,
1624 1967 1682 2018 et
1709 1961 1947 2020 differre

281 2048 683 2118 baptismum,
711 2051 1031 2122 quousque
1053 2049 1463 2122 puriﬁcentur.
1498 2072 1526 2100 »

363 2141 510 2192 ltcm
533 2137 916 2195 Laodicensis
933 2140 1167 2196 concilii
1199 2156 1393 2196 canon
1437 2139 1947 2212 quadragesimus

286 2230 548 2298 quartus
604 2227 886 2299 prohibet
930 2245 1006 2284 ne
1053 2229 1334 2285 mulieres
1384 2234 1617 2302 partem
1666 2229 1828 2286 illam
1851 2229 1951 2286 ali-

285 2316 604 2386 quomodo
633 2318 921 2390 ecclesia,
981 2335 1168 2392 quam
1228 2335 1339 2374 nos
1385 2319 1638 2374 chorum
1670 2318 1948 2391 dicimus,

283 2405 528 2459 intrent.
613 2409 758 2463 Item
802 2423 996 2464 canon
1045 2408 1316 2480 ejusdem
1369 2407 1603 2464 concilii
1657 2408 1950 2480 septimus

283 2493 590 2564 prohibet,
623 2510 698 2550 ne
723 2496 859 2568 quis
901 2497 1421 2570 presbyterorum,
1468 2502 1572 2553 aut
1631 2499 1952 2570 episcopus

281 2580 502 2638 offerat
552 2584 913 2641 sacrificium
945 2586 1005 2642 in
1063 2585 1269 2658 aliqua
1315 2585 1521 2653 domo,
1583 2587 1700 2642 nisi
1731 2586 1835 2642 ubi
1865 2591 1954 2643 est

282 2671 557 2730 ecclesia.
591 2675 734 2739 Qua
761 2679 998 2740 cuncta,
1049 2675 1304 2748 qualiter
1330 2676 1392 2731 in
1427 2675 1687 2731 Ecclesia
1719 2677 1952 2733 Latino-

281 2774 422 2814 rum
456 2766 768 2817 serventur
798 2768 851 2818 et
893 2778 930 2819 a
957 2763 1120 2830 viris,
1166 2768 1222 2819 et
1248 2779 1284 2819 a
1314 2763 1572 2829 feminis,
1602 2763 1820 2830 omnis,
1850 2765 1955 2837 qui

284 2849 498 2906 oculos
523 2851 728 2919 habet,
759 2853 961 2909 videre
993 2858 1207 2926 potest.

359 2943 506 2994 item
542 2942 752 2997 tertius
799 2958 998 2999 canon
1043 2942 1296 2999 secundi
1347 2943 1582 2999 concilii
1636 2944 1717 3000 ita
1774 2944 1953 3018 dicit:

288 3049 315 3076 ‹‹
348 3030 1082 3103 ConstantinOpolitanum
1105 3033 1463 3105 episcopum
1485 3033 1711 3089 habere
1731 3050 1958 3106 praro-

284 3120 558 3186 gativam
611 3121 856 3177 honoris
916 3128 1053 3194 post
1103 3126 1445 3179 Romanum
1505 3123 1884 3195 episcopum,
1928 3147 1954 3176 ς

2055 1964 2114 2015 et
2158 1959 2377 2031 ingenii
2408 1975 2530 2016 non
2559 1961 2653 2030 sit,
2679 1960 2757 2016 ad
2783 1959 3037 2030 singula,
3065 1961 3243 2032 prout
3287 1957 3594 2030 competit,
3623 1972 3710 2013 re-

2058 2049 2358 2121 spondere
2375 2066 2386 2104 :
2403 2049 2689 2122 quadam
2705 2055 2904 2105 tamen
2926 2049 3228 2118 lectorem,
3239 2048 3260 2118 j
3273 2047 3390 2104 uris
3404 2047 3706 2116 ignarum,

2057 2139 2386 2194 cautiorem
2416 2138 2609 2194 facere
2638 2143 2913 2211 possunt,
2971 2138 3124 2193 sicut
3173 2151 3500 2208 possumus
3541 2151 3710 2191 com-

2057 2228 2407 2301 pendiosius
2447 2243 2555 2300 pro
2585 2233 2753 2300 parte
2774 2228 3140 2294 Latinorum,
3172 2229 3290 2283 Deo
3321 2229 3585 2294 auctore,
3607 2225 3712 2281 ob-

2057 2317 2361 2372 viabimus
2392 2317 2769 2390 supradictis.

2133 2408 2659 2480 Respondentibus
2685 2410 2864 2479 igitur
2882 2407 3114 2480 primis,
3138 2405 3402 2478 generali
3425 2404 3608 2461 modo
3629 2404 3715 2461 lo-

2059 2497 2306 2571 quendi,
2354 2497 2652 2553 dicimus:
2702 2498 2872 2570 quod
2920 2496 3117 2554 omnis
3166 2496 3482 2568 scriptura,
3531 2509 3716 2567 quam

2062 2589 2298 2643 Gracus
2324 2602 2433 2659 pro
2459 2603 2526 2642 so
2552 2592 2760 2643 contra
2792 2587 3088 2655 Latinum,
3117 2590 3334 2658 prater
3364 2589 3591 2640 textum
3628 2583 3717 2639 Bi-

2060 2675 2219 2746 blia,
2253 2673 2518 2740 adducit,
2571 2679 2852 2746 suspecta
2877 2679 2966 2731 est
2994 2679 3052 2730 et
3079 2689 3211 2729 esse
3254 2672 3434 2729 debet
3481 2672 3724 2728 cuilibet

2061 2766 2191 2820 viro
2219 2764 2490 2838 sapienti,
2521 2779 2590 2820 eo
2607 2763 2775 2837 quod
2797 2763 2876 2820 ab
2898 2763 3064 2820 initio
3094 2763 3396 2819 nascentis
3427 2760 3718 2832 Ecclesia,

2063 2858 2299 2910 tantum
2350 2853 2610 2910 exercuit
2669 2854 2754 2925 [se
2807 2852 3086 2927 exseruit]
3116 2867 3467 2925 perversum
3496 2849 3724 2921 dogma

2065 2943 2482 2999 haereticorum
2509 2943 2568 2997 in
2603 2947 2778 3012 gente
2807 2943 3114 3015 pradicta,
3147 2940 3316 3015 quod
3363 2957 3573 2998 eorum
3606 2946 3724 2996 stu-

2065 3031 2235 3087 dium
2265 3036 2321 3088 et
2341 3031 2587 3087 intentio
2606 3031 2732 3101 fuit,
2764 3047 3004 3104 semper
3034 3031 3193 3087 dicta
3215 3034 3564 3086 sanctorum
3581 3044 3726 3085 vera

2065 3121 2452 3192 removendo,
2480 3127 2583 3177 aut
2610 3121 2764 3177 falsa
2789 3120 3134 3191 inserendo,
3181 3135 3588 3192 corrumpere,
3616 3119 3721 3176 de-

282 3207 522 3278 supple,
564 3209 976 3267 decrevimus:
1007 3227 1076 3267 eo
1103 3212 1267 3285 quod
1292 3212 1425 3284 ipsa
1455 3213 1529 3269 sit
1557 3228 1717 3268 nova
1739 3216 1950 3269 Roma.
1995 3247 2034 3302 Ο
2067 3217 2312 3279 struere,
2371 3215 2429 3266 et
2473 3211 2821 3278 dilacerare,
2873 3212 3133 3267 Probant
3178 3211 3292 3266 hoc
3343 3209 3617 3274 concilia,
3668 3213 3725 3265 et

284 3296 390 3350 Cui
433 3300 713 3354 convenit
741 3301 1064 3357 vicesimus
1101 3306 1353 3358 octavus
1398 3317 1597 3358 canon
1628 3301 1952 3358 Chalcedo-

280 3386 494 3440 nensis
527 3388 778 3460 concilii,
815 3391 919 3462 qui
965 3392 1050 3446 sic
1093 3390 1334 3447 deﬁnit:
1384 3413 1412 3440 »
1459 3391 1688 3464 Ubique
1717 3397 1951 3448 sancto-

280 3489 422 3529 rum
446 3477 686 3532 Patrum
717 3477 1094 3536 deﬁnitiones
1149 3484 1493 3552 sequentes,
1538 3486 1594 3536 et
1623 3496 1946 3549 canonem,

279 3564 388 3635 qui
428 3580 620 3637 nuper
666 3566 855 3623 lectus
903 3574 1010 3638 est,
1062 3563 1303 3626 centum
1354 3569 1799 3642 quinquaginta
1845 3570 1949 3628 Dei

280 3655 841 3712 amantissimorum
871 3660 1299 3731 episcoporum
1333 3659 1469 3724 (sub
1491 3660 1605 3730 pia
1640 3661 1946 3716 memoria

278 3743 616 3800 Theodosio
648 3748 879 3816 Magno,
933 3747 1041 3819 qui
1084 3747 1194 3803 fuit
1238 3747 1586 3819 imperator,
1644 3748 1703 3803 in
1760 3749 1947 3819 regali

281 3833 803 3907 Constantinopoli
853 3836 1020 3904 urbe,
1083 3852 1244 3893 nova
1297 3839 1529 3909 Roma),
1583 3853 1947 3907 cognoscen-

280 3927 391 3982 tes,
420 3943 447 3971 »
495 3923 777 3981 eumdem
818 3930 876 3982 et
902 3943 1014 3982 nos
1043 3927 1368 3983 definimus
1406 3933 1463 3983 et
1519 3929 1839 3985 statuimus
1869 3929 1944 3986 de

278 4014 699 4083 prarogativis
726 4016 1118 4072 sanctissima
1167 4016 1444 4087 ejusdem
1490 4017 1764 4073 Ecclesia
1797 4021 1943 4075 Con-

278 4102 778 4174 stantinopoleos,
806 4121 981 4162 nova
1013 4109 1234 4163 Roma.
1290 4106 1521 4162 Etenim
1549 4108 1764 4164 throno
1797 4109 1943 4165 anti-

275 4193 513 4263 quioris
537 4194 760 4262 Roma,
780 4210 851 4251 eo
871 4195 1040 4268 quod-
1063 4201 1340 4266 regnaret
1364 4196 1465 4252 illa
1482 4196 1708 4266 civitas,
1741 4201 1939 4254 Patres

275 4297 544 4353 congrue
570 4288 627 4339 ct
652 4283 932 4341 decenter
960 4285 1336 4342 tradiderunt
1390 4290 1533 4341 tunc
1566 4286 1939 4358 primitivum

272 4369 575 4427 honoris:
625 4380 682 4428 et
710 4373 925 4429 eodem
972 4380 1246 4447 respectu
1294 4374 1734 4449 motu-centum
1765 4376 1938 4451 quin-

271 4460 570 4530 quaginta
593 4462 692 4517 Dei
723 4463 1122 4519 amantissimi
1142 4464 1433 4536 episcopi,
1462 4463 1759 4536 aqualem
1785 4481 1936 4537 pra-

269 4549 614 4618 rogativam
634 4551 880 4608 honoris
909 4553 1309 4610 attribuerunt
1332 4552 1512 4608 etiam
1539 4553 1934 4610 sanctissima

270 4653 452 4694 nova
520 4641 723 4696 Roma
754 4660 766 4708 ;
797 4647 855 4698 et
873 4647 938 4698 ut
965 4643 1025 4698 in
1082 4642 1501 4699 ecclesiasticis
1554 4642 1756 4709 rebus,
1787 4644 1937 4701 sicut

269 4731 431 4802 ipsa,
452 4732 886 4800 magnificetur,
910 4732 1178 4789 secunda
1199 4732 1544 4805 postipsam
1568 4733 1880 4789 exsistens.

349 4817 474 4873 Hoc
495 4819 654 4876 idem
708 4821 920 4878 deﬁnit
964 4827 1132 4878 sexta
1190 4820 1482 4894 synodus.
1516 4821 1628 4877 Sed
1681 4822 1787 4877 etsi
1813 4838 1937 4879 non

271 4909 558 4965 eamdem
580 4917 935 4983 potestatem
956 4911 1138 4968 habet
1154 4911 1495 4984 patriarcha
1521 4912 1938 4969 Constantino-

272 4998 607 5071 politanus,
631 5017 818 5072 quam
839 5001 1024 5058 habet
1047 5017 1231 5076 papa,
1253 5005 1488 5058 constat
1507 5003 1670 5074 quod
1703 5017 1814 5075 par
1852 5006 1941 5059 est

272 5094 334 5145 et
362 5089 574 5145 similis
600 5091 662 5146 in
693 5096 1008 5163 potestate.
1043 5092 1158 5148 Sed
1206 5107 1317 5164 par
1347 5091 1408 5147 in
1438 5107 1647 5163 parem
1679 5107 1803 5148 non
1831 5092 1939 5148 ha-

270 5178 379 5234 bct
405 5179 749 5252 imperium.
776 5181 941 5238 Unde
971 5197 1114 5252 ergo
1145 5182 1198 5238 ei
1225 5186 1390 5238 tanta
1415 5183 1834 5255 prasumptio,
1874 5186 1941 5240 ut

273 5268 443 5325 dicat
459 5285 524 5325 se
551 5270 885 5344 principem
904 5287 1085 5346 super
1099 5288 1345 5328 omnem
1363 5277 1584 5328 terram
1605 5272 1633 5328 ?
1655 5275 1714 5328 et
1735 5273 1939 5342 etiam,

272 5359 447 5434 quod
475 5360 636 5418 dicta
666 5361 839 5418 sedes
882 5377 1056 5421 nova
1110 5365 1312 5419 Romae
1370 5361 1616 5418 subdita
1650 5361 1728 5419 sit
1770 5362 1942 5420 sibi?

275 5451 403 5507 Hoc
424 5450 571 5508 nihil
596 5455 704 5516 est,
730 5452 842 5509 nisi
872 5451 1158 5509 invadere
1181 5452 1353 5508 sedes
1402 5451 1652 5511 alienas.
1693 5451 1810 5510 Sed
1834 5451 1942 5528 qui

275 5541 396 5600 hoc
418 5546 626 5613 agunt,
650 5543 978 5601 anathema
1008 5546 1164 5600 sunt.
1198 5545 1368 5615 Ergo,
1396 5546 1508 5600 etc.

354 5759 402 5795 ⁸³
433 5761 622 5833 Apoc.
645 5774 766 5831 xxi,
797 5764 828 5818 7
849 5775 1023 5842 seqq.

2062 3302 2327 3357 maxime
2355 3317 2580 3367 unum;
2615 3301 2717 3356 ubi
2743 3317 2815 3356 ex
2845 3307 3014 3374 parte
3074 3300 3618 3368 Monothelitarum,
3655 3300 3724 3355 li-

2061 3389 2184 3446 bris
2215 3391 2509 3463 corruptis
2553 3391 2613 3446 in
2674 3390 2943 3446 medium
2997 3389 3266 3462 prolatis,
3322 3389 3722 3461 imponebant

2057 3480 2238 3536 beato
2259 3495 2435 3554 papa
2467 3480 2697 3551 Vigilio,
2723 3479 2890 3552 quod
2913 3479 3216 3547 quosdam
3243 3479 3719 3536 anathematizao

2057 3575 2225 3626 verat
2245 3571 2349 3641 qui
2371 3585 2493 3626 non
2516 3569 2959 3626 conﬁtebantur
2983 3567 3138 3624 duas
3163 3573 3430 3634 naturas,
3456 3573 3716 3623 etunam

2056 3659 2424 3716 voluntatem
2445 3663 2503 3715 et
2529 3658 2941 3731 operationem
2987 3657 3168 3714 fuisse
3211 3659 3272 3714 in
3305 3657 3552 3713 Christo.
3587 3658 3714 3713 Imo

2054 3749 2136 3805 ita
2160 3748 2269 3805 fuit
2294 3754 2348 3805 et
2377 3753 2466 3805 est
2494 3748 2786 3805 familiare
2836 3747 3052 3804 Gracis
3093 3753 3150 3804 et
3199 3748 3536 3821 proprium,
3567 3745 3712 3803 Scri-

2054 3843 2262 3912 pturas
2279 3855 2484 3894 sacras
2498 3854 2881 3910 corrumpere
2898 3856 2910 3905 ;
2926 3837 3092 3910 quod
3109 3836 3184 3893 ad
3199 3836 3712 3909 compescendam

2053 3928 2401 3999 hujusmodi
2422 3928 2718 3984 insaniam
2745 3928 2936 3983 sancti
2950 3931 3150 3984 Patres
3167 3927 3282 3983 sub
3305 3927 3709 3984 anathematis

2052 4018 2428 4075 attestatione
2458 4018 2655 4073 hocin
2681 4018 2803 4072 suis
2834 4016 2962 4073 ﬁeri
2981 4017 3438 4090 prohibuerunt,
3474 4021 3708 4072 utentes

2048 4107 2249 4163 verbis
2279 4107 2673 4180 Apocalypsis
2719 4108 2766 4142 ³⁸
2823 4123 2962 4163 cum
3011 4106 3114 4163 tali
3145 4105 3486 4163 additione:
3524 4128 3551 4156 «
3578 4106 3709 4170 Qui-

2049 4212 2288 4270 cunque
2320 4196 2798 4269 apposuerithis,
2829 4196 2922 4252 vel
2952 4195 3300 4252 diminuerit
3327 4213 3340 4250 :
3376 4196 3424 4251 si
3452 4195 3705 4252 clericus

2047 4291 2157 4352 est,
2191 4286 2549 4359 deponatur;
2581 4287 2630 4341 si
2654 4285 2865 4355 laicus,
2899 4284 3475 4354 excommunicetur,
3511 4306 3540 4335 »
3568 4290 3704 4353 etc.,

2032 4378 2113 4431 -ut
2139 4391 2326 4448 supra
2359 4375 2608 4431 fecimus
2638 4377 3026 4431 mentionem.
3061 4379 3128 4431 Et
3157 4380 3224 4431 ut
3253 4375 3451 4430 omnis
3485 4375 3580 4431 via
3596 4377 3705 4431 eis-

2045 4463 2184 4520 dem
2217 4465 2503 4520 hareticis
2554 4464 3040 4533 praeludcrctur,
3072 4463 3506 4520 ordinaverunt
3536 4465 3704 4520 insu-

2044 4570 2171 4628 per,
2191 4559 2255 4610 ut
2279 4557 2682 4611 communiter
2712 4554 2946 4621 dicitur,
2963 4553 3194 4624 utlibri,
3211 4553 3516 4627 pracipuo
3534 4569 3703 4610 sanc-

2045 4649 2244 4701 torum
2273 4645 2687 4715 conciliorum,
2711 4647 2771 4700 in
2802 4644 3025 4700 chartis
3064 4643 3450 4716 bombycinis
3484 4645 3705 4701 scribe-

2008 4739 2271 4800 'rentur,
2301 4749 2372 4789 eo
2420 4734 2663 4800 scilicet,
2721 4733 2888 4806 quod
2937 4749 3210 4790 rasuram
3258 4749 3382 4790 non
3415 4735 3708 4792 sustineat

2045 4823 2229 4895 hujus
2261 4823 2612 4895 pergameni
2637 4823 2704 4894 (Γ.
2739 4823 2892 4885 sicut
2910 4823 3327 4896 pergamena).

2120 4915 2336 4970 Contra
2357 4927 2622 4968 canones
2672 4928 2816 4970 vero
2864 4912 3282 4986 apostolorum
3335 4917 3393 4971 et
3421 4914 3702 4981 aliorum,

2048 5002 2150 5077 qui
2170 5003 2347 5058 nobis
2375 5001 2594 5073 objecti
2618 5008 2777 5070 sunt,
2811 5003 3125 5076 multiplex
3150 5004 3258 5060 erit
3289 5005 3626 5078 responsio,
3651 5009 3709 5062 et

2046 5091 2448 5150 diversimode
2478 5094 3079 5166 possuntadversarii
3109 5095 3426 5152 confutari.
3460 5098 3712 5154 Constat

2049 5183 2229 5255 enim,
2265 5183 2416 5240 sicut
2459 5183 2572 5257 ipsi
2605 5184 2833 5254 dicunt,
2893 5200 3182 5248 canones,
3215 5191 3364 5259 quot
3418 5187 3708 5261 apostolis

2049 5274 2477 5343 inscribuntur,
2508 5274 2584 5330 de
2615 5275 2821 5332 Latino
2846 5275 2908 5332 in
2966 5277 3238 5334 Gracum
3258 5293 3295 5334 a
3343 5276 3521 5334 beato
3545 5292 3712 5351 papa

2051 5365 2348 5422 Clemente
2367 5363 2555 5422 fuisse
2581 5365 2924 5423 translatos.
2953 5367 3099 5423 Cum
3117 5367 3298 5438 igitur
3317 5367 3520 5425 omnis
3547 5384 3713 5441 aqua

2050 5456 2244 5513 ﬂuens
2294 5455 2357 5512 in
2416 5456 2579 5514 fonte
2620 5461 2678 5515 et
2706 5457 2935 5529 origine
2996 5457 3326 5516 naturalior
3381 5463 3441 5517 et
3489 5460 3711 5523 verior,

2051 5562 2238 5621 quam
2269 5546 2332 5604 in
2355 5546 2584 5620 rivulis,
2613 5548 2718 5622 qui
2747 5548 3087 5623 procedunt
3117 5549 3196 5610 ah
3228 5565 3319 5624 eo,
3347 5550 3713 5623 inveniatur,
