4468 6440
852 425 953 483 563

2002 431 2488 490 PANTALEONIS
2526 435 2812 493 BIACONI
2848 439 2951 494 (ΞΡ.

4161 432 4264 486 5M

852 549 1321 622 supponendum
1351 555 1407 606 et
1432 551 1797 609 credendum
1831 560 1937 626 est,
1966 555 2220 628 quodin
2247 555 2506 613 Ecclesia
2535 572 2582 624 Α
2613 558 2816 628 legum
2851 561 3138 618 Dominus
3159 574 3266 631 pro
3305 557 3590 613 varietate
3632 561 3975 629 temporum
4027 554 4265 610 diversa

853 639 1083 702 Latina,
1117 654 1152 694 a
1171 638 1393 710 quibus
1423 645 1716 713 tanquam
1744 658 1778 698 a
1809 643 1970 699 fonte
1999 643 2175 699 rivuli
2201 660 2507 716 processe-

850 732 1012 791 runt,
1038 727 1175 782 dicti
1201 743 1463 783 canones
1489 731 1748 786 veriores
1765 737 1821 787 et
1842 733 2112 803 puriores
2133 738 2290 800 sunt,
2317 749 2506 805 quam

853 813 915 869 in
935 815 1193 870 Ecclesia
1211 817 1585 872 Graecorum:
1613 820 1942 890 praesertim
1967 836 2103 875 cum
2126 837 2232 892 per
2251 837 2355 878 ora
2378 823 2507 894 plu-

853 901 1009 956 rium
1039 903 1450 961 haereticorum
1488 910 1545 960 et
1574 906 2118 974 schismaticorum,
2151 923 2187 963 a
2236 909 2509 964 trecentis

854 990 1159 1060 octoginta
1189 992 1386 1057 annis,
1411 998 1468 1048 et
1488 993 1635 1049 citra
1657 996 2059 1052 transierunt:
2099 997 2266 1068 quod
2289 996 2507 1053 multas

854 1078 1002 1133 alias
1034 1078 1190 1134 soliti
1214 1085 1351 1135 sunt
1373 1097 1760 1154 corrumpere
1779 1085 2129 1155 scripturas.
2149 1083 2263 1140 Sed
2283 1101 2420 1140 cum
2448 1085 2509 1140 in

855 1169 1123 1224 Ecclesia
1138 1167 1414 1225 Romana
1428 1171 1628 1242 plures
1642 1188 1715 1227 ex
1727 1173 2194 1244 eis,etmaxime,
2212 1175 2313 1246 qui
2329 1175 2511 1232 modo

855 1255 1073 1311 Latinis
1099 1256 1317 1327 objecti
1340 1263 1496 1329 sunt,
1525 1259 1770 1315 minime
1788 1260 2178 1332 reperiantur,
2223 1262 2508 1335 sequitur,

852 1343 1020 1414 quod
1051 1350 1153 1399 aut
1179 1346 1551 1417 superadditi
1585 1353 1726 1402 sunt
1751 1348 1830 1403 ab
1862 1348 1977 1403 eis:
2013 1366 2147 1403 cum
2181 1352 2255 1404 sit
2282 1350 2512 1405 verissi-

851 1446 1045 1494 mum,
1069 1433 1230 1503 quod
1251 1433 1326 1488 de
1347 1435 1553 1491 Latino
1571 1436 1629 1489 in
1650 1438 1918 1492 Graecum
1935 1436 2174 1492 fuerunt
2190 1439 2511 1511 assumpti,

926 1519 1040 1576 Sed
1068 1525 1117 1576 si
1146 1537 1356 1577 verum
1388 1527 1497 1592 est,
1532 1525 1697 1594 quod
1731 1524 1848 1579 sint
1874 1523 1989 1579 ﬁcti
2037 1525 2114 1580 ab
2144 1525 2436 1582 haereticis
2460 1534 2516 1581 et

854 1608 1273 1677 schismaticis,
1304 1615 1361 1666 et
1389 1611 1519 1666 aliis
1545 1612 1882 1669 canonibus
1938 1613 2095 1669 veris
2143 1615 2365 1681 inserti,
2399 1632 2518 1671 me-

851 1697 964 1752 rito
989 1701 1047 1752 et
1072 1697 1305 1770 absque
1332 1700 1664 1772 quaestione
1699 1700 1905 1773 aliqua
1954 1708 2094 1757 sunt
2119 1703 2504 1774 repudiandi.

854 1786 910 1840 Si
933 1801 1075 1841 vero
1101 1786 1179 1841 ab
1201 1786 1426 1860 aliquo,
1449 1787 1759 1844 nescimus
1777 1805 1923 1861 quo,
1945 1789 2126 1846 talem
2153 1792 2511 1862 scripturam

850 1874 1115 1946 suscepit
1160 1880 1216 1930 et
1246 1876 1434 1932 tenuit
1481 1877 1732 1933 Ecclesia
1808 1879 2172 1949 Graecorum,
2229 1879 2508 1947 dicimus,

849 1962 1098 2034 quodin
1131 1966 1333 2019 Greca
1361 1967 1711 2022 auctoritate
1732 1966 2044 2034 ignoratur
2063 1968 2252 2040 ipsius
2274 1969 2506 2034 veritas,

849 2055 904 2107 et
959 2051 1111 2107 inter
1157 2055 1510 2126 apocrypha
1561 2059 1620 2110 et
1663 2054 1854 2111 dubia
1885 2061 2026 2111 sunt
2063 2057 2505 2128 computanda:

850 2141 1204 2213 apocrypha
1235 2149 1439 2199 autem
1473 2144 1730 2200 Ecclesia
1755 2145 1962 2211 nescit,
1997 2144 2100 2200 ubi
2127 2147 2389 2202 maxime
2409 2164 2507 2202 eo-

846 2245 983 2285 rum
1019 2230 1252 2287 silentio
1283 2233 1512 2288 veritati
1537 2234 1774 2306 penitus
1833 2235 2202 2290 convincitur
2243 2236 2508 2292 obviare.

851 2317 1001 2382 Quid
1020 2335 1162 2389 ergo
1185 2326 1272 2376 est
1293 2321 1321 2376 ?
1343 2321 1462 2377 Nos
1485 2338 1629 2378 sane
1677 2323 1937 2394 primam
1961 2328 2192 2394 partem
2216 2324 2396 2394 hujus
2422 2340 2512 2380 ar-

849 2409 1319 2478 gumentationis
1352 2410 1657 2480 eligentes,
1702 2411 1966 2468 dicimus
2013 2428 2150 2468 cum
2174 2414 2511 2484 expositore

850 2513 1178 2563 canonum,
1209 2515 1272 2554 re
1304 2505 1359 2556 et
1383 2501 1628 2556 nomine
1654 2501 1917 2558 maxime
1948 2501 2100 2557 inter
2131 2504 2365 2558 Graecos
2397 2503 2509 2574 (44)

848 2586 1016 2660 quod
1060 2588 1318 2660 Photius,
1367 2589 1464 2645 vel
1521 2590 1812 2647 Photinus
1887 2591 2248 2664 patriarcha,
2304 2597 2513 2648 auctor

852 2676 1220 2746 schismatis,
1272 2680 1378 2751 qui
1425 2680 1618 2736 multa
1644 2680 1720 2736 de
1772 2681 1953 2735 corde
1985 2696 2097 2735 suo
2148 2680 2276 2736 ﬁxit
2302 2686 2513 2737 contra

852 2763 1115 2835 Latinos,
1144 2765 1363 2822 dubios
1394 2783 1680 2833 canones,
1705 2773 1758 2824 et
1815 2767 2017 2840 plures
2039 2768 2190 2824 alios
2213 2769 2512 2841 apostolo-

851 2869 986 2908 rum
1016 2856 1377 2923 canonibus,
1407 2863 1463 2913 et
1487 2857 1744 2913 aliorum
1773 2862 2120 2913 sanctorum
2153 2861 2395 2913 Patrum
2428 2859 2515 2913 in-

850 2944 1145 3010 terseruit,
1179 2949 1235 3000 et
1255 2945 1314 3000 in
1344 2945 1545 3001 multis
1567 2945 1714 3002 locis
1738 2945 1931 3002 libens
1956 2947 2267 3002 veritatem
2298 2946 2514 3003 conde-

849 3033 1102 3088 mnavit.

923 3118 1204 3178 Secundo
1231 3122 1310 3178 ad
1337 3123 1497 3178 idem
1530 3123 1808 3189 dicimus,
1873 3122 2040 3195 quod
2073 3123 2232 3179 beati
2258 3125 2515 3194 apostoli

847 3213 906 3263 et
937 3211 1126 3266 sancti
1159 3213 1358 3268 Patres
1389 3213 1569 3268 etiam
1597 3212 1914 3284 complura
1965 3211 2328 3268 deﬁnierunt
2346 3218 2403 3268 et
2426 3228 2518 3269 or-

2614 648 2774 702 visus
2792 655 2879 704 est
2900 651 3195 721 imperare
3217 646 3526 718 apostolis,
3549 661 3689 710 cum
3709 645 3930 703 scilicet
3951 660 4053 699 cos
4083 641 4265 699 modo

2617 752 2755 791 cum
2786 737 2963 792 unica
2990 737 3215 810 tunica,
3244 741 3301 790 et
3332 734 3458 789 sine
3487 733 3778 803 sandalis,
3801 737 3860 788 et
3902 733 4133 803 absque
4156 730 4267 785 ha-

2618 823 2771 893 culo,
2793 824 2977 880 modo
2999 841 3136 879 cum
3155 823 3417 891 duabus,
3440 827 3496 876 et
3512 819 3806 877 calceatos
3829 820 4004 875 mittit
4021 819 4098 874 ad
4119 833 4268 891 prai-

2618 911 2968 968 dicandum.

2690 1003 2752 1054 lu
2773 1000 3222 1056 deﬁnitionibus
3250 1015 3497 1072 quoque
3530 1000 3791 1068 Patrum,
3812 998 3962 1053 sicut
3980 995 4269 1060 diximus,

2618 1089 3222 1153 multainveniuntur,
3245 1103 3381 1160 quae
3399 1087 3512 1143 hoc
3529 1086 3689 1143 idem
3708 1086 3966 1151 probant
3982 1082 4270 1148 similiter,

2619 1178 2735 1233 hoc
2765 1182 2869 1244 est,
2903 1177 3186 1250 quasdam
3220 1193 3328 1248 pro
3355 1183 3642 1247 tempore,
3671 1182 3726 1232 et
3753 1174 3831 1230 ad
3885 1181 4125 1244 tempus
4156 1175 4246 1227 sta

2621 1270 2749 1320 tuta
2777 1265 2976 1331 fuisse,
3009 1267 3217 1320 Dicunt
3247 1265 3405 1329 enim
3427 1265 3486 1320 in
3517 1262 3885 1336 quibusdam
3915 1261 4038 1316 suis
4066 1259 4278 1317 deﬁni-

2623 1354 2907 1424 tionibus,
2925 1361 3101 1426 prout
3121 1356 3461 1409 Graacorum
3485 1353 3744 1425 probant
3760 1349 4145 1422 exemplaria,
4173 1346 4278 1403 tali

2625 1443 2849 1498 modo:
2890 1445 2944 1499 Si
2971 1444 3107 1515 quis
3141 1459 3349 1497 carnes
3398 1450 3453 1496 et
3476 1441 3676 1498 caules
3718 1441 3778 1496 in
3809 1440 3906 1494 die
3966 1438 4277 1494 Dominico

2623 1548 2744 1588 non
2769 1533 3112 1598 comederit,
3137 1535 3180 1586 si
3204 1532 3452 1588 clericus
3475 1538 3583 1593 est,
3629 1531 3970 1602 deponatur
3993 1546 4006 1596 ;
4027 1528 4072 1581 si
4090 1526 4279 1582 laicus

2625 1626 2731 1685 est,
2783 1622 3358 1676 excommunicetur.
3403 1623 3467 1674 Et
3514 1623 3759 1674 iterum:
3819 1618 3875 1673 Si
3929 1617 4066 1688 quis
4116 1615 4279 1669 diem

2624 1709 2999 1766 Dominicum
3035 1710 3304 1780 jejunare
3352 1710 3630 1764 iuventus
3678 1707 3869 1768 fuerit,
3923 1704 4012 1760 vel
4053 1703 4278 1761 Sabba-

2621 1803 2748 1853 tum
2783 1804 2997 1866 printer
3028 1814 3238 1862 unum,
3271 1797 3596 1853 anathema
3619 1797 3707 1852 sit.
3735 1798 3867 1851 Haec
3889 1800 3947 1850 et
3964 1793 4037 1849 iis
4058 1791 4276 1848 similia

2619 1887 2812 1943 multa
2841 1892 3193 1944 statuerunt.
3223 1887 3416 1955 Quod,
3447 1892 3513 1942 ut
3541 1902 3702 1958 stupe
3731 1884 4020 1951 diximus,
4048 1882 4273 1938 factum

2619 1982 2730 2044 est,
2758 1982 2822 2031 ut
2843 1992 2916 2031 ex
2948 1976 3165 2031 talibus
3199 1976 3435 2032 statutis
3463 1990 3715 2041 errores,
3760 1976 3864 2046 qui
3886 1977 4056 2029 erant
4079 1971 4139 2026 in
4171 1972 4274 2026 Ec-

2620 2065 2820 2133 clesia,
2853 2064 3170 2120 evellerent
3191 2083 3204 2131 ;
3227 2081 3372 2133 non,
3391 2070 3455 2119 ut
3473 2064 3668 2133 legem
3687 2069 4037 2135 perpetuam
4063 2077 4135 2116 ex
4159 2060 4274 2114 hoc

2617 2154 2967 2210 hominibus
3012 2153 3464 2225 persuaderent.
3499 2153 3603 2209 Cui
3660 2153 3820 2207 enim
3851 2150 4108 2208 dubium
4155 2153 4268 2212 est,

2619 2242 2785 2314 quod
2817 2241 2985 2298 multi
3032 2242 3302 2298 ﬁdelium
3344 2242 3646 2298 abstinent
3689 2258 3723 2297 a
3770 2239 4054 2296 carnibus
4103 2236 4272 2294 omni

2620 2338 2889 2403 tempore
2908 2332 2936 2387 ?
2965 2339 3022 2387 et
3042 2337 3242 2387 tamen
3276 2348 3398 2387 non
3452 2337 3736 2403 peccant;
3767 2335 3823 2386 et
3879 2327 4045 2402 quod
4072 2326 4274 2398 plures

2621 2421 2719 2476 alii
2750 2426 2873 2476 tam
2899 2421 2958 2476 in
2987 2421 3170 2485 festis,
3200 2436 3388 2493 quam
3420 2422 3477 2474 iu
3504 2405 3634 2476 aliis
3658 2436 3770 2492 pro
3810 2419 3999 2475 salute
4055 2429 4270 2487 corpo—

2619 2510 2722 2578 ris,
2748 2509 3001 2582 quidam
3034 2525 3143 2581 pro
3171 2511 3357 2565 salute
3407 2509 3669 2566 animai?
3697 2514 3752 2564 et
3801 2512 4007 2564 tamen
4056 2506 4116 2560 in
4170 2502 4272 2559 tali

2619 2617 2800 2672 opere
2823 2600 2986 2656 nullo
3009 2599 3194 2656 modo
3216 2605 3484 2673 peccant,
3517 2600 3662 2672 quia
3689 2597 3940 2655 intentio
3959 2596 4142 2651 ﬁnem
4165 2594 4278 2649 im-

2620 2690 2791 2762 ponit
2817 2690 3003 2761 operi,
3034 2705 3157 2745 non
3183 2705 3341 2761 opus
3370 2689 3703 2752 intentioni,
3731 2685 4068 2744 secundum
4111 2681 4280 2755 quod

2618 2779 2802 2835 iidem
2835 2781 3033 2834 Patres
3063 2779 3250 2834 sancti
3283 2779 3341 2834 in
3395 2777 3694 2850 plerisque
3742 2778 3867 2832 suis
3925 2771 4278 2831 tractatibus

2623 2875 2822 2941 aperte
2843 2875 3270 2936 exposuerunt.
3297 2869 3409 2926 Sed
3433 2885 3506 2924 ne
3537 2875 3878 2924 nostrorum
3904 2863 4280 2921 adversario-

2621 2975 2755 3014 rum
2781 2974 3022 3022 manus,
3047 2958 3128 3013 sic
3150 2957 3501 3028 generaliter
3520 2955 3969 3029 respondendo,
3995 2953 4281 3022 effugisse

2621 3047 2958 3117 videamur,
3004 3048 3328 3103 redeamus
3384 3047 3462 3102 ad
3518 3045 3777 3114 singula,
3828 3051 3884 3100 et
3938 3042 4277 3104 videamus,

2627 3142 2825 3192 utrum
2849 3152 2960 3193 nos
2986 3137 3243 3207 objecta,
3277 3152 3354 3191 an
3386 3138 3642 3202 Graecos,
3676 3136 3780 3208 qui
3840 3149 3912 3189 ea
3963 3132 4279 3202 objiciunt,

2625 3225 3042 3282 miserabiliter
3071 3225 3383 3280 damnent.

847 3296 1213 3356 dinaverunt
1237 3301 1298 3357 in
1332 3302 1609 3371 Ecclesia,
1643 3317 1755 3375 pro
1783 3302 1960 3357 variis
1987 3302 2186 3357 causis
2238 3307 2294 3356 et
2342 3317 2516 3357 even-
2550 3297 2588 3351 C
2700 3316 2844 3371 Dicit
2865 3331 3021 3370 unus
3045 3331 3262 3380 canon,
3285 3330 3467 3388 quem
3490 3313 3903 3387 apostolorum
3941 3313 4281 3373 mmmam,

847 3385 1033 3456 tibus,
1066 3389 1340 3446 locorum
1367 3390 1654 3446 nimirum
1682 3397 1737 3446 et
1768 3397 2135 3462 temporum,
2168 3393 2347 3445 etiam
2377 3406 2518 3463 per-

847 3490 1160 3544 sonarum,
1180 3479 1404 3551 quibus
1429 3479 1636 3552 procul
1657 3479 1845 3535 dubio
1863 3478 2147 3534 causisde
2164 3478 2366 3534 medio
2381 3478 2495 3535 sub

843 3562 1000 3634 latis,
1035 3583 1246 3624 eorum
1277 3569 1547 3625 similiter
1572 3569 1816 3624 effectus
1846 3568 2074 3632 debuit,
2131 3575 2188 3623 et
2215 3568 2400 3624 debet
2428 3565 2522 3648 ra:

849 3654 1212 3714 tionabiliter
1264 3664 1321 3715 et
1378 3659 1506 3714 sine
1590 3674 1777 3714 causa
1830 3658 2142 3713 removeri.
2215 3657 2360 3712 Hinc
2410 3664 2518 3742 est,

846 3745 1012 3815 quod
1039 3747 1340 3803 interdum
1370 3749 1582 3818 rigida,
1603 3748 1903 3804 interdum
1926 3747 2177 3803 remissa
2198 3747 2516 3819 imperant.

851 3833 1228 3906 Quandoque
1257 3837 1510 3893 etiamin
1534 3837 1627 3892 his
1648 3852 1783 3908 quas
1810 3843 1949 3890 sunt
1969 3836 2091 3889 suis
2139 3835 2519 3906 prmdicatio-

848 3922 1030 3978 nibus
1062 3926 1379 3992 contraria,
1419 3926 1805 3981 inveniuntur
1823 3925 2231 3996 dispensasse.
2260 3924 2520 3980 Probant

847 4011 964 4068 hoc
996 4021 1169 4069 actus
1211 4015 1564 4071 earumdem
1621 4014 2056 4087 apostolorum,
2116 4013 2220 4068 ubi
2251 4013 2324 4068 de
2378 4029 2518 4068 cou—

851 4117 1037 4158 sensu
1071 4105 1344 4160 unanimi
1393 4121 1592 4178 pauca
1611 4105 1918 4178 quadam,
1950 4102 2059 4159 sed
2091 4108 2289 4158 tamen
2313 4103 2519 4180 gravia

851 4193 1134 4260 gentibus
1161 4195 1559 4266 imponentes,
1622 4194 1849 4249 scilicet
1879 4194 2184 4249 abstinere
2231 4192 2308 4247 ab
2340 4193 2517 4247 idolis

849 4282 1196 4349 immolatis,
1213 4283 1903 4354 etsanguinesu/I‘ocato,
1931 4287 1986 4338 et
2008 4280 2515 4350 fornicatione”;

853 4371 1139 4442 quedam
1203 4372 1598 4445 postmodum
1623 4371 1842 4428 Paulus
1861 4371 2071 4426 doctor
2091 4370 2386 4440 gentium,
2412 4371 2516 4442 qui

848 4460 1063 4516 eodem
1096 4461 1306 4534 spiritu
1338 4462 1550 4535 plenus
1583 4467 1727 4527 erat,
1756 4467 1816 4516 ut
1845 4459 1996 4516 infra
2051 4457 2301 4525 dicitur,
2360 4459 2517 4513 salu-

846 4548 1030 4606 briter
1059 4553 1378 4607 revocavit.
1422 4551 1582 4607 Idem
1611 4552 1791 4627 etiam
1847 4548 2187 4622 Apostolus,
2223 4564 2333 4622 pro
2371 4553 2516 4605 tem-

2626 3405 2778 3460 sicut
2819 3421 3006 3477 supra
3062 3410 3378 3462 ostensum
3407 3409 3516 3471 est,
3581 3405 3694 3460 isto
3741 3403 3963 3458 modo:
4004 3427 4023 3450 ι
4059 3401 4113 3457 Si
4145 3401 4287 3472 quis

2627 3495 2967 3567 episcopus,
3006 3501 3106 3551 aut
3133 3494 3467 3566 presbyter,
3491 3500 3594 3550 aut
3617 3493 3912 3549 diaconus
3933 3507 4106 3546 suam
4141 3505 4288 3544 uxo-

2627 3599 2774 3650 rem,
2813 3606 2833 3632 ι
2870 3590 2982 3641 etc.

2703 3674 2986 3739 Dicimus,
3017 3673 3181 3746 quod
3215 3675 3274 3728 in
3331 3672 3592 3728 Ecclesia
3637 3671 3736 3727 Dei
3767 3669 4119 3726 occidentali
4145 3683 4289 3722 nus-

2629 3779 2814 3835 quam
2867 3763 2980 3818 tale
3035 3763 3311 3830 vidimus,
3346 3778 3456 3818 nec
3490 3762 3889 3833 permittimus
3922 3759 4049 3814 ﬁeri
4107 3757 4290 3831 quale

2628 3852 2804 3908 nobis
2827 3853 3008 3907 Graeci
3039 3851 3367 3922 objiciunt;
3403 3851 3691 3917 videlicet,
3735 3855 3798 3905 ut
3834 3849 4050 3921 aliquis
4083 3847 4289 3902 matri-

2628 3941 2836 3997 monio
2857 3941 3116 4010 legitime
3163 3940 3480 4012 copulatus
3531 3939 3644 3995 sub
3671 3943 3959 4010 praetextu
4025 3936 4286 4006 alicujus

2627 4030 2928 4098 religionis
2958 4029 3047 4084 vel
3088 4030 3435 4093 honestatis,
3487 4044 3661 4086 suam
3721 4027 3976 4083 dimittat
4008 4041 4283 4084 uxorem.

2626 4120 2758 4191 ipsa
2785 4118 3167 4187 reclamante,
3195 4123 3295 4173 aut
3337 4119 3646 4173 renitente.
3683 4116 3795 4172 Sed
3828 4116 4025 4188 potius
4057 4130 4168 4169 nos
4203 4122 4290 4168 ta-

2625 4207 2711 4262 les
2739 4225 2844 4279 per
2875 4223 3193 4262 censuram
3246 4207 3711 4263 ecclesiasticam
3758 4204 4198 4276 compellimus,
4235 4204 4289 4258 si

2624 4313 2809 4368 quam
2844 4296 3192 4365 religionem
3223 4296 3476 4365 ingressi
3523 4301 3681 4365 sunt,
3723 4294 4039 4356 dimittere,
4073 4298 4129 4348 et
4159 4308 4288 4347 suae

2625 4401 2866 4457 sponsae
2887 4385 3146 4454 legitime
3177 4384 3467 4457 copulari.
3502 4386 3715 4438 Verum
3737 4383 3787 4438 si
3831 4382 4007 4438 soluti
4034 4387 4194 4446 sunt,
4229 4387 4291 4436 et

2624 4475 2701 4529 ad
2725 4491 2964 4530 sacrum
2992 4473 3267 4529 ordinem
3295 4480 3506 4545 sponte
3529 4479 3585 4528 et
3605 4472 3936 4528 voluntarie
3958 4471 4288 4540 confugere

2623 4563 2852 4625 volunt,
2890 4581 3026 4619 cum
3061 4580 3195 4620 mos
3223 4564 3586 4636 autiquusin
3618 4560 3974 4618 occidentali
3998 4561 4286 4625 Ecclesia,

847 4657 1014 4713 pore,
1047 4658 1158 4713 pro
1212 4658 1396 4697 causa
1453 4643 1634 4696 etiam
1693 4640 1845 4708 utili,
1896 4638 2268 4694 circumcidit
2321 4639 2514 4694 'l‘imo—

2623 4654 2702 4709 ob
2730 4654 3080 4724 religionem
3126 4653 3265 4708 ﬁdei
3324 4660 3380 4707 et
3433 4653 3791 4708 sacramenti
3860 4651 4287 4714 reverentiam,

844 4731 1070 4796 theum,
1104 4736 1160 4786 et
1192 4731 1582 4801 postmodum
1609 4729 1755 4785 dixit
1777 4729 2040 4785 Galatia:
2093 4728 2161 4784 Si
2193 4730 2511 4783 circumci-

846 4821 1080 4888 dimini,
1104 4820 1383 4876 Christus
1401 4820 1562 4875 vobis
1576 4819 1735 4875 nihil
1746 4819 1989 4902 prodest
2005 4819 2072 4872 ‘0.
2090 4817 2233 4872 Hinc
2247 4817 2511 4902 estquod

844 4910 1076 4981 Cepbas
1108 4903 1395 4983 quaedam
1423 4908 1642 4979 legalia
1666 4924 1869 4964 coram
1898 4899 2117 4962 Iudaeis
2138 4907 2343 4988 tenuit,
2375 4899 2510 4975 licet

842 5006 1161 5072 appareret
1206 4999 1720 5072 reprehensibilis,
1795 5003 2040 5071 propter
2086 4996 2377 5052 inﬁrmos.
2445 5000 2507 5054 Et

839 5088 1061 5146 Paulus
1093 5089 1363 5145 similiter
1385 5089 1643 5145 totondit
1696 5087 1811 5144 sibi
1865 5093 2049 5161 caput
2103 5087 2162 5166 in
2197 5087 2499 5158 Cenchris,

838 5185 1194 5236 coruscante
1215 5180 1344 5250 jam
1373 5178 1712 5249 Evangelia,
1746 5176 2239 5251 etpuriﬁcandus
2292 5192 2504 5232 secun-

831 5270 982 5327 dum
1011 5269 1208 5338 legem
1239 5267 1511 5324 ascendit
1564 5267 2070 5339 Hierosolymam,
2103 5272 2166 5321 ut
2219 5272 2501 5323 tractaret

836 5377 974 5417 cum
1005 5358 1398 5432 quibusdam,
1432 5357 1535 5429 qui
1569 5362 1771 5412 votum
1804 5357 2066 5414 fecerant
2111 5356 2171 5411 in
2208 5355 2495 5426 templum

835 5450 1094 5508 Domini.
1124 5448 1266 5504 Hinc
1297 5453 1383 5503 est
1409 5447 1610 5514 etiam,
1635 5446 1800 5519 quod
1861 5447 2133 5504 Salvator
2188 5437 2409 5512 noster,
2441 5451 2497 5502 et

903 5561 950 5596 ⁸⁸
987 5564 1111 5615 Act.
1146 5575 1240 5630 xv,
1276 5561 1364 5613 20.
1446 5557 1492 5591 ‘°
1524 5555 1710 5612 Galat.
1745 5572 1801 5626 v,
1834 5560 1866 5610 2

901 5741 1013 5812 (44)
1038 5739 1383 5804 Nominato,
1413 5736 1502 5793 vel
1533 5734 1722 5792 simile
1754 5734 1900 5807 quid
1924 5733 2113 5789 defuit
2138 5733 2197 5788 in
2231 5749 2343 5788 ms.

2622 4742 2963 4802 obtinuerit.
3004 4749 3066 4798 ut
3100 4743 3355 4798 ministri
3410 4741 3780 4796 immaculati
3809 4739 4032 4802 altaris,
4055 4746 4110 4796 et
4157 4757 4284 4795 non

2619 4832 2854 4887 umbrae
2885 4838 2941 4886 et
2968 4831 3311 4886 carnalibus
3331 4831 3659 4895 sacriﬁciis,
3691 4829 3794 4884 sed
3825 4829 4048 4884 veritati
4077 4836 4135 4883 et
4164 4829 4272 4900 spi-

2616 4922 2752 4977 ritui
2777 4923 3087 4986 servirent,
3131 4921 3449 4992 exiguntur
3485 4936 3694 4977 revera
3724 4925 3930 4975 votum
3993 4919 4290 4974 castitatis

2615 5012 2902 5078 emittere,
2939 5009 3464 5083 quemadmodum
3496 5011 3580 5073 hi,
3624 5010 3728 5081 qui
3773 5009 4004 5080 seipsos
4036 5016 4290 5081 propter

2614 5116 2864 5170 regnum
2891 5100 3178 5156 cmlorum
3212 5105 3620 5155 castraverunt
3650 5101 3924 5168 ingressu
3949 5098 4284 5169 religionis.

2612 5196 2817 5245 votum
2845 5190 3220 5256 obedientias,
3255 5189 3541 5245 castitatis
3575 5193 3631 5245 et
3661 5188 4032 5260 paupertatis
4091 5188 4286 5259 proﬁ-

2610 5285 2807 5335 tentur
2831 5298 2843 5348 ;
2869 5287 2924 5335 et
2944 5280 3229 5352 quadam
3253 5278 3369 5334 alia
3383 5278 3715 5334 secundum
3743 5277 3961 5339 regulas
3985 5278 4282 5334 instituta.

2608 5372 2731 5425 Non
2767 5385 2911 5439 ergo
2942 5371 3214 5440 cogimus
3237 5369 3481 5424 clericos
3514 5369 3587 5422 ad
3620 5369 4000 5422 continentiae
4054 5376 4280 5423 sortem

2605 5459 2994 5529 descendere,
3023 5460 3128 5514 sed
3155 5461 3239 5514 eis
3295 5459 3570 5529 religiose
3602 5466 3658 5515 et
3710 5461 3802 5528 pie
3863 5456 4279 5528 prtedicimus,
