4468 6440
264 412 368 464 565

259 532 449 604 quod,
474 531 526 586 si
554 529 733 586 talem
754 528 1029 585 ordinem
1057 533 1115 589 et
1134 528 1393 600 gradum
1423 525 1747 583 ascendere
1772 520 1921 577 desi-

258 620 495 685 derant,
529 623 764 692 oportet
792 633 895 673 e0s
914 619 1056 688 jura
1085 618 1176 673 sui
1221 616 1447 691 ordinis
1503 610 1924 671 inviolabiliter

258 708 605 765 observare.
632 709 976 776 Congruum
1000 712 1091 762 est
1111 707 1360 778 quippe,
1388 711 1444 760 et
1466 716 1805 759 consonum
1832 714 1921 753 ra-

259 800 430 866 tioni,
465 803 526 853 ut
553 798 603 853 si
635 796 917 853 sacerdos
938 796 1146 865 legalis
1167 796 1550 865 ingressurus
1570 791 1918 847 tabernacu-

256 888 409 951 lum.
444 887 537 942 vel
566 886 854 959 templum
886 886 964 941 ad
996 884 1430 941 immolandam
1471 882 1797 946 victimam,
1829 877 1921 933 vel

256 978 575 1032 incensum
590 976 864 1044 Domino,
886 980 1151 1047 tempore
1166 975 1309 1029 vicis
1329 990 1469 1041 suae,
1487 985 1729 1027 carnem
1745 983 1918 1023 suam

256 1064 431 1122 freno
482 1064 855 1121 continentiae
908 1063 1375 1126 moderabatur;
1426 1060 1594 1133 quod
1641 1055 1920 1114 sacerdos

257 1153 667 1223 evangelicus.
684 1153 786 1225 qui
805 1152 1062 1207 hostiam
1083 1150 1798 1217 immaculatam,Agnum
1812 1145 1914 1199 sci-

250 1242 391 1297 licet
422 1256 654 1305 verum,
704 1256 827 1295 non
867 1239 1357 1295 obumbraticum
1411 1236 1677 1310 quotidie
1706 1232 1917 1289 offerre

252 1330 456 1395 debet,
489 1328 756 1401 quotidie
789 1334 843 1383 et
882 1328 1164 1383 continue
1194 1326 1486 1382 castitatis
1537 1329 1595 1380 et
1645 1321 1917 1395 puritatis

250 1426 419 1475 veste
449 1418 759 1482 induatur,
792 1418 840 1473 si
870 1418 1266 1489 omnipotenti
1293 1420 1409 1472 Deo
1434 1413 1791 1471 sacriﬁcium
1818 1426 1915 1465 ac-

257 1506 561 1578 ceptabile
591 1505 801 1561 offerre
832 1506 1220 1577 concupiscit.
1270 1508 1394 1560 Non
1445 1503 1625 1572 igitur
1672 1516 1785 1555 nos
1816 1498 1916 1553 illa

246 1596 550 1665 inhibitio,
584 1595 690 1649 sed
724 1597 1063 1651 Griecorum
1097 1593 1419 1649 Ecclesiam
1451 1591 1659 1661 tangit,
1688 1604 1823 1662 qua:
1853 1589 1912 1643 in

245 1684 428 1740 istam
477 1683 959 1740 maledictionem
1011 1682 1089 1737 ab
1136 1683 1300 1737 initio
1348 1680 1587 1745 corruit,
1617 1684 1673 1734 et
1724 1692 1914 1748 usque

248 1772 434 1827 hodie
465 1772 881 1828 miserabiliter
911 1772 972 1826 in
1002 1787 1074 1826 eo
1092 1776 1455 1843 perseverat.
1486 1774 1619 1841 Ipsa
1649 1782 1914 1838 namque

246 1868 362 1930 est,
395 1878 531 1933 qua:
562 1860 749 1917 laicos
776 1866 833 1916 et
862 1860 1127 1933 plebeios
1164 1860 1342 1923 viros,
1375 1863 1657 1914 uxoratos
1690 1864 1908 1926 tamen,
1944 1899 1987 1953 Β

245 1966 567 2007 assumens
596 1951 656 2005 in
689 1950 1032 2022 episcopos,
1061 1949 1147 2005 vel
1192 1953 1419 2014 contra,
1452 1948 1610 2017 cogit
1638 1961 1741 2001 eos
1768 1960 1909 1999 con-

244 2039 680 2095 tradicentibus
732 2055 941 2094 eorum
994 2037 1302 2104 uxoribus,
1365 2037 1648 2092 castitatis
1702 2039 1909 2088 votum

248 2129 540 2197 emittere,
576 2129 669 2182 vel
698 2129 1134 2183 monasterium
1167 2126 1410 2197 aliquod
1437 2125 1699 2190 introire,
1743 2122 1909 2193 ipsas

250 2232 533 2288 sponsas,
564 2216 995 2272 continentiam
1028 2216 1310 2287 proﬁteri.
1349 2214 1508 2269 istud
1551 2212 1907 2284 probatione

246 2321 373 2361 non
406 2304 653 2376 indiget,
678 2305 821 2377 quia
849 2320 999 2377 pene
1030 2311 1113 2360 tot
1136 2311 1311 2359 testes
1343 2309 1499 2371 sunt,
1531 2309 1677 2373 quot
1714 2300 1904 2369 gentis

244 2379 405 2449 illius
423 2395 888 2450 consuetudines
911 2410 1032 2450 non
1060 2394 1357 2463 ignorant.
1385 2396 1590 2448 Nonne
1614 2391 1705 2445 hic
1728 2395 1908 2460 caput

244 2484 503 2539 Goliathi
556 2484 800 2556 proprio
845 2500 985 2538 ense
1029 2482 1356 2538 inciditur?
1414 2496 1616 2536 nonne
1670 2477 1904 2548 gladius

241 2588 478 2641 eorum,
516 2588 698 2644 super
732 2572 968 2627 Latinos
1005 2573 1287 2638 vibratus,
1308 2573 1499 2626 intrat
1520 2572 1578 2625 in
1600 2568 1782 2624 corda
1814 2582 1904 2623 eo-

246 2678 411 2729 rum,
444 2668 500 2719 et
530 2677 709 2718 arcus
741 2665 781 2697 "
822 2662 1085 2717 indebite
1119 2668 1340 2726 tensus,
1374 2662 1435 2714 in
1467 2659 1591 2714 suis
1622 2656 1904 2713 manibus

243 2749 472 2806 fractus
499 2767 628 2806 esse
660 2757 1033 2806 monstratur
1052 2751 1079 2805 ?

320 2839 436 2896 Sed
460 2856 655 2895 canon
692 2840 1105 2912 apostolorum
1138 2844 1247 2906 est,
1274 2838 1377 2910 qui
1408 2837 1586 2893 dicit:
1621 2860 1646 2887 ‹‹
1682 2837 1748 2892 Si
1779 2836 1908 2907 quis

244 2930 577 2997 episcopus,
604 2953 629 2976 ››
660 2933 771 2984 etc.
797 2931 990 2994 Quare
1019 2944 1139 2983 non
1163 2928 1519 2982 observatur
1535 2924 1612 2981 ab
1635 2925 1719 2980 eis
1744 2924 1770 2978 ?
1800 2926 1909 2977 Cur

244 3017 426 3072 nobis
452 3017 871 3073 innocentibus
895 3034 1069 3072 suam
1092 3016 1544 3072 damnationem
1579 3019 1630 3069 et
1664 3014 1908 3085 turpitu-

243 3104 455 3160 dinem
493 3106 619 3161 tam
661 3106 963 3161 obstinato
1000 3108 1203 3161 animo
1225 3104 1564 3175 objiciunt?
1590 3104 1734 3157 Cum
1768 3116 1910 3171 ergo

245 3194 618 3265 respondere
638 3210 761 3249 non
783 3194 1036 3265 possint,
1056 3200 1437 3249 transeamus
1459 3192 1535 3248 ad
1555 3191 1911 3246 vicesimum

1660 400 1938 456 CONTRA
1976 398 2302 461 GRECOS.

3591 397 3697 451 566

2035 525 2213 583 trium
2262 529 2611 586 sacerdotis.
2660 527 3071 584 Discernentes
3104 527 3307 581 autem
3343 517 3692 577 sacerdotes

2034 615 2331 683 Ecclesiae,
2362 633 2624 690 quorum
2642 621 2733 672 est
2754 615 3096 671 discernere
3124 612 3281 667 inter
3309 608 3584 665 ﬁdelium
3614 607 3693 663 le-

2031 720 2225 776 pram,
2258 711 2316 762 et
2343 721 2464 763 non
2494 706 2748 778 lepram,
2772 703 3220 774 judicaverunt,
3278 702 3341 754 ut
3370 698 3419 753 is
3451 696 3553 769 qui
3585 710 3693 768 per

2031 795 2477 850 contumaciam
2501 794 2579 849 ab
2606 792 2831 849 unitate
2862 790 3131 846 ﬁdelium
3156 790 3469 860 separatus
3500 788 3606 850 est,
3634 788 3693 839 et

2031 888 2283 938 matrem
2306 898 2501 947 suam,
2535 882 2595 937 id
2626 887 2716 937 est
2746 880 3093 942 Ecclesiam,
3121 877 3244 933 imo
3269 878 3455 931 Deum
3478 873 3538 928 in
3556 872 3691 943 ipsa

2029 971 2338 1027 contristat
2366 970 2833 1038 contemnendo,
2857 972 3194 1041 prostratus
3217 979 3421 1019 coram
3438 976 3509 1017 eo
3526 964 3690 1032 petat

2028 1062 2294 1126 veniam,
2341 1065 2401 1116 et
2440 1060 2500 1115 in
2532 1059 2773 1128 signum
2807 1055 3195 1127 subjectionis
3224 1058 3283 1109 et
3337 1048 3687 1107 humilitatis

2028 1165 2248 1220 corpus
2279 1147 2737 1221 percutiendum
2776 1152 2831 1202 et
2854 1142 3298 1201 verberandum
3325 1137 3690 1205 offerat,imi-

2028 1243 2186 1294 tatus
2205 1254 2343 1293 eum
2369 1239 2499 1310 ;qui
2520 1237 2693 1293 dicit:
2719 1237 2953 1305 Corpus
2975 1249 3170 1289 meum
3191 1231 3331 1287 dedi
3345 1228 3682 1298 percutien-

2027 1330 2204 1393 tibus,
2228 1335 2282 1385 et
2294 1344 2477 1398 genas
2494 1343 2653 1384 mea:
2669 1324 3021 1383 vellentibus
3036 1325 3102 1377 ".
3123 1325 3186 1378 Et
3207 1322 3423 1377 iterum
3446 1336 3459 1373 :
3488 1317 3680 1372 Disci-

2023 1421 2198 1488 plina
2221 1420 2392 1487 pacis
2412 1430 2631 1473 nostra
2660 1432 2841 1485 super
2866 1430 3001 1471 eum
3033 1414 3101 1480 ⁸³,
3134 1417 3246 1468 etc.
3275 1412 3341 1465 Et
3380 1412 3444 1463 ut
3467 1423 3539 1463 ex
3566 1406 3679 1463 hoc

2024 1507 2302 1563 ostendat
2320 1506 2635 1579 paenitens,
2662 1504 2983 1561 Ecclesiam
3006 1501 3107 1558 Dei
3132 1504 3385 1556 matrem
3408 1501 3465 1553 et
3489 1494 3676 1565 magi~

2025 1601 2210 1652 stram
2226 1611 2355 1651 esse
2377 1595 2508 1650 vitm
2530 1600 2587 1651 et
2607 1593 2881 1649 moribus
2903 1589 3315 1665 parvulorum,
3336 1588 3399 1642 in
3420 1599 3675 1657 quorum

2023 1684 2304 1739 nimirum
2359 1682 2635 1739 cordibus
2690 1680 3027 1737 secundum
3088 1675 3407 1749 Sapientiae
3462 1687 3671 1741 voces,

2020 1775 2283 1829 stultitia
2316 1773 2602 1843 colligata
2626 1774 2729 1837 est,
2761 1776 2815 1825 et
2845 1772 3015 1840 virga
3043 1767 3379 1835 disciplina
3407 1760 3674 1832 fulgabit

2022 1878 2149 1919 eam
2174 1865 2239 1917 “.
2268 1866 2402 1918 Esto
2418 1862 2621 1929 etiam,
2638 1860 2804 1933 quod
2824 1875 3035 1915 verum
3056 1858 3149 1923 sit,
3172 1855 3336 1929 quod
3362 1867 3557 1909 canon
3575 1850 3673 1906 ille

2024 1952 2097 2007 sit
2122 1951 2535 2023 apostolorum
2580 1954 2966 2011 sanctorum;
3000 1947 3239 2003 Latinos
3289 1948 3491 1999 tamen
3549 1954 3671 1995 non

2019 2042 2230 2111 tangit,
2253 2041 2398 2111 quia
2422 2054 2538 2095 non
2561 2038 2776 2093 dicitur
2792 2037 3051 2093 ibidem:
3083 2058 3103 2085 ι
3131 2033 3303 2101 Quod
3323 2032 3671 2105 quicunque

2018 2130 2341 2201 episcopus
2356 2127 2626 2194 voluerit,
2651 2132 2759 2183 etc.
2772 2172 2785 2195 ,
2804 2140 3167 2199 quacunque
3184 2140 3256 2179 ex
3277 2136 3483 2187 causa,
3511 2141 3537 2167 »ι
3563 2118 3668 2173 sed

2016 2218 2265 2274 dicitur:
2301 2241 2327 2266 ‹‹
2366 2218 2713 2289 Episcopus,
2740 2223 2873 2282 etc.,
2934 2216 3316 2270 verberantes
3346 2208 3575 2274 ﬁdeles,
3612 2210 3669 2264 et

2016 2314 2259 2381 propter
2275 2307 2389 2362 hoc
2413 2307 2603 2361 timeri
2626 2305 2855 2375 volunt,
2882 2328 2909 2355 υ
2940 2310 3050 2360 etc.
3075 2307 3201 2359 Non
3222 2302 3379 2356 enim
3411 2299 3527 2355 hoc
3547 2297 3669 2366 agit

2018 2396 2275 2453 Ecclesia
2294 2399 2564 2450 Romana
2580 2395 2639 2450 in
2661 2396 2783 2450 suis
2797 2394 2953 2461 ﬁliis,
2972 2399 3268 2466 tanquam
3287 2388 3666 2463 tyrannicam

2015 2502 2298 2545 exercens
2327 2490 2705 2557 potestatem,
2732 2485 2827 2540 vel
2856 2484 2995 2540 odio
3024 2486 3349 2547 commota,
3382 2478 3489 2535 sed
3531 2491 3664 2549 pro-

2015 2584 2144 2650 pter
2173 2576 2303 2631 illas
2328 2589 2566 2645 causas,
2595 2589 2751 2646 quas
2774 2573 3188 2646 praediximus,
3222 2576 3279 2627 et
3308 2568 3480 2633 alias,
3509 2582 3664 2638 quas

2014 2672 2259 2740 propter
2288 2665 2638 2721 brevitatem
2663 2663 3010 2735 judicamus
3038 2660 3396 2718 reticendas.

2090 2756 2205 2814 Sed
2248 2754 2505 2811 Ecclesia
2534 2755 2900 2820 Graecorum,
2941 2770 3078 2825 quas
3124 2750 3359 2808 trabem
3386 2753 3578 2820 gestat
3603 2748 3665 2803 in

2016 2846 2213 2907 oculo,
2247 2861 2432 2917 quam
2457 2859 2578 2900 non
2600 2843 2781 2910 videt,
2806 2844 2910 2899 sed
2933 2844 3129 2916 potius
3153 2842 3446 2897 festucam
3478 2837 3669 2894 modi-

2019 2952 2151 2991 cam
2186 2935 2244 2989 in
2267 2933 2442 2989 oculo
2463 2931 2661 2988 fratris
2696 2934 2790 2988 sui
2814 2934 2883 2997 ⁸⁵,
2918 2933 3052 3000 hoc,
3084 2930 3251 3003 quod
3281 2928 3459 2985 nobis
3514 2926 3671 2998 obji-

2019 3027 2117 3090 cit,
2152 3023 2477 3079 studiosius
2507 3022 2735 3095 implet,
2770 3038 2891 3079 non
2924 3022 3060 3078 dico
3085 3021 3147 3076 in
3192 3020 3317 3075 suis
3372 3018 3563 3086 laicis,
3596 3016 3674 3074 ad

2020 3130 2175 3187 quos
2194 3114 2477 3168 nimirum
2499 3128 2717 3167 manus
2731 3112 3051 3169 extendere
3072 3126 3194 3166 non
3217 3107 3547 3181 praesumit,
3569 3106 3677 3163 sed

2021 3204 2081 3259 in
2113 3204 2237 3257 suis
2261 3200 2587 3273 papatibus
2614 3207 2671 3257 et
2691 3201 2939 3268 clericis,
2961 3216 3115 3271 quos
3136 3204 3430 3271 tanquam
3452 3196 3598 3253 viles
3620 3202 3680 3253 et

245 3281 575 3354 septimum
609 3298 927 3350 canoneui,
960 3282 1065 3354 qui
1092 3281 1231 3337 dicit
1260 3302 1270 3340 :
1307 3304 1327 3331 ι
1367 3281 1748 3353 Episcopum,
1790 3279 1912 3333 sive

2024 3292 2296 3349 rusticos.
2329 3289 2552 3362 pugnis
2577 3289 2797 3347 faciunt
2826 3290 3146 3358 verberari,
3187 3276 3425 3344 sublato
3478 3290 3680 3343 tamen

244 3370 698 3443 presbyterum,
725 3370 812 3426 vel
842 3371 1170 3427 diaconum
1205 3370 1589 3426 verberantes
1622 3367 1851 3434 ﬁdeles,
1884 3392 1910 3415 ››

245 3466 359 3515 etc.

321 3549 717 3621 Respondeo:
754 3549 816 3604 In
838 3549 1108 3622 quolibet
1153 3554 1398 3621 peccato
1430 3547 1747 3603 manifesto
1805 3547 1914 3602 tria

242 3639 323 3694 ad
386 3639 586 3693 minus
640 3640 1042 3710 reperiuntur,
1098 3639 1339 3705 scilicet,
1401 3637 1588 3693 libido
1646 3637 1911 3702 interior,

241 3745 401 3801 opus
423 3729 701 3795 exterius,
726 3736 779 3784 et
801 3729 1100 3785 evidentia
1126 3728 1403 3783 libidinis.
1432 3726 1693 3782 lnteriori
1726 3725 1912 3781 offen-

240 3818 408 3873 ditur
422 3815 594 3873 Deus.
628 3816 1007 3874 Difformatur
1022 3818 1250 3891 quippe
1274 3818 1479 3872 anima
1495 3817 1571 3872 ad
1586 3817 1913 3887 imaginem

242 3908 348 3963 Dei
376 3907 554 3975 facta,
590 3915 645 3962 et
675 3909 847 3965 Deus.
878 3908 982 3979 qui
1012 3908 1113 3963 tibi
1161 3906 1487 3979 prohibuit,
1519 3906 1850 3979 despicitur
1879 3922 1915 3962 a

240 4005 539 4053 creatura.
572 3998 760 4069 Opere
784 3997 1058 4053 exteriori
1087 3996 1417 4069 corrumpit
1444 3997 1629 4052 homo
1648 3996 1913 4068 seipsum

239 4094 299 4142 et
321 4086 535 4143 alium.
571 4087 885 4143 Evidentia
917 4104 1075 4151 vero,
1109 4086 1195 4141 vel
1238 4087 1609 4155 enormitate,
1658 4102 1792 4158 quae
1825 4092 1916 4141 est

236 4174 473 4231 clamor
501 4192 637 4230 cum
668 4192 832 4241 voce,
868 4182 1051 4231 totam
1082 4175 1403 4231 Ecclesium
1439 4175 1705 4230 offendit.
1734 4177 1913 4246 Opor-

236 4272 321 4321 tet
376 4280 542 4335 ergo,
574 4266 621 4319 si
672 4265 793 4321 vult
824 4275 978 4321 recte
1028 4266 1335 4338 pwnitere,
1392 4271 1456 4320 ut
1513 4273 1721 4320 contra
1770 4267 1914 4320 istos

240 4366 363 4415 tres
398 4356 641 4412 morbos
674 4356 782 4412 tria
803 4356 1088 4429 quaedam
1117 4356 1356 4428 objecta
1380 4352 1649 4411 remedia
1672 4358 1911 4427 penitus

238 4445 553 4511 adhibeat,
579 4446 801 4501 scilicet
822 4444 1095 4502 dolorem
1120 4446 1517 4511 contritionis,
1543 4451 1753 4501 contra
1778 4445 1907 4501 libi-

232 4535 445 4591 dinem
470 4537 687 4591 mentis
717 4554 730 4603 ;
758 4535 1033 4592 laborem
1064 4534 1509 4605 satisfactionis,
1531 4552 1638 4607 per
1663 4552 1907 4591 exsecu-

2021 3380 2190 3452 prius
2220 3388 2293 3449 τῷ
2327 3380 2532 3451 ἱματίῳ,
2556 3378 2618 3433 id
2661 3385 2769 3443 est,
2810 3385 2972 3435 veste
3010 3378 3288 3446 clericali,
3322 3376 3403 3433 ad
3438 3376 3675 3447 horam,

2024 3473 2203 3543 prout
2228 3468 2485 3540 propriis
2518 3467 2709 3524 oculis
2736 3469 3085 3541 aspeximus
3113 3468 3174 3523 in
3194 3466 3432 3523 civitate
3462 3465 3676 3533 Nicma.
3734 3512 3739 3517 .

2096 3562 2261 3613 Nunc
2291 3572 2457 3629 ergo,
2490 3557 2539 3612 si
2568 3557 2650 3613 ita
2678 3563 2790 3627 est,
2822 3559 2945 3614 imo
2974 3558 3121 3630 quia
3149 3556 3228 3614 ita
3274 3559 3383 3623 est,
3434 3553 3679 3611 stultam

2025 3647 2163 3702 fecit
2192 3646 2481 3702 Dominus
2512 3648 2851 3702 Graecorum
2888 3645 3265 3719 sapientiam.
3300 3647 3471 3700 Hunc
3500 3642 3681 3715 igitur

2024 3751 2320 3792 canonem
2355 3740 2647 3807 tanquam
2678 3735 2950 3793 inutilem
2979 3736 3382 3808 relinquentes
3413 3732 3491 3790 ad
3519 3748 3683 3788 sexa-

2026 3826 2322 3895 gesimum
2353 3827 2610 3895 tertium,
2643 3825 2747 3898 qui
2805 3826 2880 3881 de
2933 3825 3228 3895 sanguine
3281 3828 3339 3880 et
3388 3822 3681 3879 suffocato

2022 3914 2308 3987 loquitur,
2338 3930 2679 3970 sermonem
2709 3919 3151 3971 convertamus.

2100 4007 2159 4059 Et
2187 4002 2323 4058 licet
2352 4002 2649 4072 generalis
2681 4003 3002 4077 responsio
3054 4001 3370 4076 supposita
3400 4000 3679 4070 sufﬁciat,

2022 4100 2227 4149 tamen
2243 4092 2465 4163 aliquid
2485 4091 2661 4148 latius
2681 4094 3185 4165 respondeamus.
3212 4094 3487 4148 Fatemur
3508 4105 3678 4159 sane,

2022 4198 2231 4237 verum
2265 4182 2574 4237 decretum
2620 4181 2803 4239 fuisse
2856 4182 2935 4239 ab
2981 4182 3268 4255 apostolis
3314 4182 3375 4236 in
3433 4178 3679 4236 Actibus

2022 4288 2255 4338 eorum,
2289 4277 2353 4326 ut
2376 4270 2459 4338 hi,
2490 4272 2595 4344 qui
2622 4272 2895 4328 conversi
2920 4278 3089 4328 erant
3109 4272 3184 4327 de
3209 4270 3507 4342 gentibus,
3542 4268 3681 4326 abs-

2021 4364 2364 4418 tinerent“.
2400 4361 2571 4426 Quod
2596 4361 2847 4434 quidem
2896 4360 3257 4434 expediebat
3312 4358 3569 4432 tempori
3597 4357 3680 4415 illi

2020 4455 2076 4507 et
2104 4451 2283 4507 statui
2312 4450 2713 4519 inﬁrmorum,
2754 4467 2825 4507 eo
2860 4451 3026 4524 quod
3073 4466 3390 4524 synagoga
3435 4464 3681 4506 conver-

2018 4558 2224 4597 sorum
2253 4543 2622 4608 Judaeorum,
2656 4558 2795 4598 cum
2822 4542 3051 4599 honore
3081 4548 3137 4599 et
3162 4542 3481 4615 obsequio,
3524 4540 3681 4597 sicut

232 4626 465 4703 tionem
500 4626 697 4696 cperis
729 4644 749 4690 ,-
779 4625 1061 4697 privatim
1097 4632 1299 4681 tamen
1331 4641 1442 4697 pro
1473 4625 1745 4697 privatis,
1801 4640 1906 4696 pu-
1940 4638 1983 4692 D
2017 4631 2157 4687 dicit
2205 4631 2419 4688 beatus
2451 4632 2841 4703 Augustinus,
2872 4631 3155 4689 ducenda
3191 4635 3321 4688 erat
3357 4631 3437 4688 ad
3479 4629 3677 4703 sepul-

233 4702 392 4770 blice
427 4730 536 4786 pro
568 4714 917 4770 manifestis.

309 4805 457 4858 Item
493 4810 875 4874 peccatorum
909 4802 1195 4875 quendam
1244 4809 1383 4859 sunt
1412 4820 1481 4858 cx
1542 4803 1901 4872 ignorantia,

230 4892 524 4965 quaedam
541 4909 609 4948 ex
632 4892 993 4964 inﬁrmitate,
1010 4893 1295 4964 quaedam
1310 4910 1379 4948 ex
1396 4894 1591 4949 studio
1610 4892 1903 4948 etmalitia

234 4988 597 5056 perpetrata.
616 4983 870 5048 Quando
884 4999 1030 5054 ergo
1042 4984 1259 5057 aliquis
1277 4983 1350 5038 de
1366 4999 1618 5038 numero
1631 4982 1898 5040 ﬁdelium

229 5088 358 5127 non
407 5072 707 5143 privatim,
742 5072 847 5127 sed
897 5072 1155 5145 publice,
1206 5090 1324 5128 non
1376 5075 1740 5142 ignoranter,
1794 5074 1898 5129 sed

230 5161 508 5217 studiose
536 5170 591 5217 et
623 5161 879 5233 superbe
914 5179 1190 5235 peccans,
1226 5170 1543 5234 separatus
1575 5168 1662 5217 est
1689 5164 1766 5218 ab
1800 5167 1898 5221 Ec-

226 5249 436 5309 clesia.
474 5255 596 5304 tam
618 5250 826 5305 merito
854 5249 1074 5319 delicti,
1104 5267 1286 5322 quam
1314 5251 1604 5306 sententia
1644 5253 1895 5323 praelati,

219 5341 465 5410 justum
499 5348 606 5407 est,
642 5346 703 5394 ut
736 5340 781 5393 si
806 5341 926 5395 vult
949 5341 1318 5396 reconciliari
1349 5341 1641 5399 Ecclesiae.
1666 5359 1699 5396 a
1726 5342 1897 5413 cujus

2014 4726 2235 4777 turam.
2270 4719 2563 4776 Processu
2594 4736 2738 4777 vero
2771 4722 3080 4793 temporis,
3128 4721 3417 4779 roborata
3460 4720 3676 4794 praedi-

2013 4808 2247 4866 catione
2279 4810 2604 4881 Evangelii,
2636 4816 2693 4867 et
2736 4811 3114 4868 multitudine
3144 4813 3415 4883 gentium
3474 4811 3551 4868 ad
3604 4810 3673 4865 ﬁ-

2010 4900 2150 4956 dem
2182 4906 2473 4967 currente,
2504 4917 2611 4974 per
2658 4902 2909 4959 Paulum
2956 4902 3271 4959 doctorem
3312 4903 3580 4974 gentium
3616 4906 3675 4958 et

2013 4991 2355 5063 apostolum
2390 4991 2712 5063 specialem
2744 5008 2977 5059 earum,
3009 4994 3132 5049 imo
3171 5009 3279 5067 per
3328 4994 3532 5066 ipsum
3562 4994 3671 5048 Do-

2009 5082 2265 5139 minum.
2288 5080 2392 5152 qui
2417 5096 2520 5152 per
2542 5082 2897 5154 Apostolum
2912 5082 3295 5155 loquebatur,
3318 5082 3671 5153 hujusmodi

2008 5170 2299 5224 sententia
2323 5176 2602 5227 revocata
2633 5176 2739 5227 est.
2773 5172 2921 5229 Dicit
2962 5174 3121 5229 enim
3170 5173 3247 5229 ad
3289 5172 3668 5229 Corinthios:

2009 5260 2193 5315 Omne
2220 5260 2381 5328 quod
2414 5261 2476 5314 in
2507 5262 2761 5317 macello
2813 5263 2992 5327 venit,
3042 5264 3345 5329 comedite,
3379 5262 3537 5319 nihil
3584 5263 3674 5318 in-

2007 5354 2397 5417 terrogantes,
2430 5357 2679 5417 propter
2694 5354 3119 5408 conscientiam
3147 5354 3215 5407 ιτ.
3248 5353 3427 5409 Item:
3456 5353 3673 5411 Omnia

223 5431 568 5499 integritate
583 5430 885 5485 abscissus
905 5431 1515 5504 estpeccando,quod
1530 5434 1893 5502 condignam
2004 5438 2232 5493 munda
2267 5440 2507 5494 mundis
2541 5441 2607 5496 ⁸⁸.
2643 5443 2705 5496 Et
2736 5440 2915 5497 alibi:
2948 5442 3081 5497 Scio
3110 5448 3164 5498 et
3197 5444 3431 5512 conﬁdo
3462 5446 3523 5499 in
3558 5446 3673 5500 Do-

224 5528 285 5576 et
316 5536 651 5590 congruam
677 5520 874 5577 delicti
902 5523 1366 5577 satisfactionem
1391 5521 1604 5577 offerat
1631 5523 1707 5577 ad
1741 5524 1894 5580 arbi-

303 5648 346 5681 ⁸¹
394 5646 524 5701 Psal
555 5662 756 5716 xxxvi,
794 5652 879 5703 l3.
982 5650 1027 5682 ⁵³
1060 5651 1174 5711 lsa.
1206 5664 1259 5709 ι,
1285 5653 1335 5703 6.
1443 5650 1489 5682 ’⁸³
1519 5651 1627 5702 lsa.
1662 5665 1774 5715 Liu,
1809 5656 1859 5706 5.

226 5721 273 5753 ⁸⁷
312 5722 330 5773 l
364 5719 478 5775 Cor
505 5735 561 5783 x,
596 5724 684 5775 25.
763 5721 810 5754 ⁸⁸
839 5720 943 5775 Tit.
979 5738 1016 5789 ι,
1045 5726 1126 5776 15.
1208 5722 1253 5755 δν
1288 5722 1459 5777 Rom.
1485 5736 1602 5787 xiv,
1638 5726 1688 5777 4.

1976 5653 2025 5687 ⁸⁸
2058 5652 2230 5709 Prov.
2265 5668 2401 5717 xxn,
2441 5659 2520 5709 15.

2008 5529 2165 5583 mino
2194 5530 2336 5584 Jesu
2358 5548 2379 5592 ;
2407 5531 2539 5601 quis
2561 5546 2640 5599 es,
2661 5534 2766 5601 qui
2773 5532 3011 5601 judicas
3030 5534 3295 5589 alienum
3314 5549 3551 5590 servum
3576 5536 3621 5570 ‘9
3646 5535 3674 5590 ?

2629 5658 2675 5689 ‘5
2710 5656 2907 5712 Matth.
2936 5674 3039 5727 vn,
3079 5663 3129 5715 3.
3246 5660 3291 5694 ιδ
3323 5663 3446 5715 Act.
3476 5676 3573 5727 xv,
3606 5663 3675 5717 29
