4468 6440
815 408 921 465 567

2051 400 2535 463 PANTALEONIS
2574 403 2860 466 DiACONI
2899 408 3004 466 ΟΡ.

4133 409 4233 466 568

814 530 1064 596 Scilicet,
1098 528 1201 603 qui
1230 529 1394 587 salva
1414 544 1567 602 pura
1590 529 1956 587 conscientia
1984 531 2264 601 comedit,
2298 526 2471 603 quid-
2504 531 2552 586 A
2580 546 2687 587 nes
2718 532 2880 589 enim
2909 532 3186 607 discipuli
3218 533 3453 591 Domini
3480 532 3690 591 ﬂetum
3720 495 4065 591 habuerunt
4095 533 4235 591 Sab-

816 620 966 693 quid
996 634 1033 676 a
1058 619 1396 691 majoribus
1419 619 1865 677 comedendum
1885 620 2131 694 accepit.
2153 620 2342 677 Idem:
2358 620 2472 676 Ne-

816 724 911 765 mo
929 708 1276 778 vosjudicet
1300 709 1365 764 in
1392 708 1515 765 cibo
1541 714 1597 764 et
1619 713 1768 778 potu
1795 710 1863 763 ⁵ο.
1886 713 1967 765 Ac
2000 709 2049 765 si
2069 709 2231 765 dicat
2254 726 2267 764 :
2288 711 2473 765 Nemo

816 813 923 853 vos
952 796 1117 852 velut
1147 796 1387 852 Judaeos
1419 796 1721 854 discernat
1751 797 1831 853 ab
1859 797 1975 867 his,
2009 799 2161 854 inter
2188 813 2342 871 quos
2371 797 2473 852 ha-

815 884 1037 952 bitatis,
1071 886 1132 941 in
1163 885 1497 942 differentia
1527 885 1821 950 ciborum,
1851 891 1907 942 et
1935 886 1997 942 in
2026 886 2287 959 reliquis,
2337 898 2473 958 quae.

818 973 983 1030 idem
1008 973 1316 1046 apostolus
1347 973 1584 1044 adjecit.
1618 974 1705 1030 Ad
1738 975 1899 1031 idem
1919 974 2061 1031 facit
2084 974 2251 1049 quod
2280 974 2476 1030 Domi-

820 1078 937 1119 nus
960 1063 1023 1119 in
1054 1062 1379 1133 Evangelio
1426 1063 1571 1119 dicit
1620 1065 1797 1121 :Non
1850 1065 2012 1136 quod
2038 1066 2233 1121 intrat
2275 1067 2334 1120 in
2389 1079 2471 1130 os,

823 1154 1167 1223 coinquinat
1221 1153 1516 1208 hominem
1548 1154 1617 1221 δι,
1653 1157 1765 1209 etc.
1799 1154 1971 1219 Quod
2001 1153 2248 1227 quidem
2283 1152 2475 1226 primo

822 1241 1045 1317 pastori
1076 1240 1381 1299 declarare
1433 1241 1639 1297 volens
1685 1243 1974 1299 Dominus
2005 1243 2068 1298 in
2122 1243 2351 1299 visione
2376 1242 2478 1298 illa

825 1330 1055 1388 caelesti
1084 1334 1141 1387 et
1183 1328 1548 1397 admirabili,
1581 1331 1724 1403 quia
1780 1331 1943 1388 idem
1972 1336 2177 1404 pastor
2209 1330 2478 1387 Ecclesiae

825 1421 1030 1475 Petrus
1058 1418 1308 1475 linteum
1338 1424 1599 1492 quatuor
1618 1419 1797 1476 initiis
1827 1420 1901 1476 de
1948 1420 2097 1476 ccelo
2128 1421 2206 1477 ad
2258 1425 2482 1477 terram

827 1508 1097 1565 submitti
1109 1508 1371 1576 videbat,
1396 1508 2029 1581 postadmirationem,
2049 1526 2235 1583 quam
2247 1509 2480 1579 habuit,

827 1597 972 1653 dixit
992 1598 1081 1653 ei:
1118 1598 1288 1667 Quod
1317 1599 1475 1654 Deus
1502 1600 1955 1668 permundavz't,
1985 1606 2048 1655 tu
2076 1615 2150 1656 ne
2178 1612 2484 1656 commune

827 1686 1056 1744 dixeris
1083 1688 1150 1743 ⁵³.

900 1776 997 1831 His
1028 1775 1484 1832 auctoritatibus
1516 1780 1573 1833 et
1614 1776 1818 1833 multis
1863 1777 2194 1834 rationibus
2226 1776 2485 1833 Ecclesia

2579 619 2744 691 bato,
2774 622 3077 695 sepultum
3108 623 3509 695 suspicantes,
3528 623 3819 680 etJudaeis
3848 622 4232 697 epulantibus

2580 708 2782 766 laetitia
2808 710 3036 780 inerat;
3069 711 3380 785 discipulis
3421 716 3625 769 autem
3669 711 4088 784 jejunantibus
4137 712 4234 769 tri-

2583 798 2741 855 stitia
2766 800 3122 873 imperabat.
3149 802 3470 858 Tristemur
3500 817 3642 872 ergo
3668 817 3808 858 cum
3858 800 4232 858 tristantibus

2581 886 2657 942 de
2688 888 2996 960 sepultura
3038 889 3289 957 domini,
3322 890 3370 945 si
3418 889 3701 958 volumus
3750 906 3888 946 cum
3917 889 4132 946 iisdem
4161 889 4233 946 de

2583 977 2819 1033 Domini
2843 978 3276 1035 resurrectione
3306 978 3588 1050 gaudere.
3623 981 3824 1051 Neque
3845 978 4007 1035 enim
4027 978 4120 1034 fas
4152 982 4239 1035 est

2583 1070 2649 1122 ut
2666 1065 3076 1123 distinctiones
3092 1068 3386 1136 ciborum,
3410 1073 3467 1124 et
3486 1068 3875 1126 caeremonias
3894 1068 4235 1125 Iudaeorum

2584 1170 2752 1211 more
2780 1156 3027 1213 Judaico
3052 1157 3463 1213 observemus.
3499 1180 3527 1208 υ

2658 1244 2793 1300 Haec
2824 1250 2881 1301 et
2908 1245 3000 1301 his
3034 1246 3249 1302 similia
3279 1246 3512 1302 dicente
3538 1246 3711 1303 beato
3740 1245 4065 1319 Sylvestro,
4104 1246 4237 1320 pla—

2587 1332 2709 1389 cuit
2733 1333 3101 1406 quibusdam
3130 1335 3521 1392 orientalibus
3554 1335 3948 1392 conventibus
3978 1335 4079 1393 illa
4126 1341 4237 1392 tra-

2589 1422 2734 1478 ditio
2759 1423 3105 1496 apostolicae
3123 1424 3302 1480 sedis.
3330 1424 3443 1479 Sed
3467 1426 3661 1494 magis
3688 1424 3996 1495 elegerunt
4017 1424 4244 1481 Sabba-

2594 1517 2720 1568 tum
2752 1512 3050 1570 celebrare
3081 1530 3216 1571 cum
3248 1514 3485 1570 Judaeis.
3537 1515 3713 1585 Cujus
3764 1515 4072 1571 sententiis
4102 1530 4245 1570 con-

2593 1603 2853 1659 cordans
2883 1602 3100 1660 beatus
3152 1604 3533 1659 Innocentius
3576 1619 3741 1678 papa
3770 1603 3887 1659 ait:
3922 1623 3953 1658 ‹
3986 1604 4250 1660 Sabbato

2589 1692 2990 1766 jejunandum
3016 1708 3165 1761 esse,
3194 1692 3347 1748 ratio
3378 1692 3827 1748 evidentissima
3854 1692 4250 1749 demonstrat.

2596 1787 2743 1839 Nam
2771 1781 2819 1837 si
2848 1781 3009 1837 diem
3039 1781 3414 1837 Dominicum
3454 1781 3531 1837 ob
3588 1781 3984 1837 reverentiam
4017 1782 4254 1837 Domini

826 1867 925 1923 Dei
955 1868 1226 1922 Romana
1248 1866 1492 1921 suffulta
1515 1865 1648 1922 loco
1679 1871 1736 1923 et
1761 1871 2026 1940 tempore
2054 1867 2273 1923 talibus
2304 1866 2487 1922 utitur
2515 1882 2556 1937 Β
2594 1888 2716 1929 non
2743 1872 3110 1943 jejunamus,
3147 1870 3481 1927 Sabbatum
3503 1871 3949 1942 praetermittere
3994 1886 4116 1926 non
4142 1870 4252 1927 de-

826 1955 1059 2028 absque
1084 1954 1449 2011 offendiculo
1481 1960 1537 2011 et
1565 1957 1929 2013 cOnscientia
1959 1958 2210 2029 peccati.
2244 1956 2356 2013 Sed
2387 1959 2485 2012 Ec-

826 2044 1007 2100 clesia
1032 2047 1391 2113 Graecorum,
1417 2046 1512 2100 cui
1532 2046 1738 2102 omnia
1758 2046 1819 2101 in
1843 2046 2198 2103 scandalum
2228 2046 2487 2102 etoffen-

827 2132 1097 2189 diculum
1125 2134 1504 2190 conscientite
1532 2150 1711 2191 versa
1746 2141 1903 2201 sunt,
1942 2152 2063 2191 non
2100 2137 2329 2209 absque
2360 2151 2481 2192 ma-

825 2221 963 2277 cula
1014 2221 1280 2277 criminis
1332 2222 1553 2279 talibus
1601 2223 1887 2281 abutitur.
1943 2226 2085 2290 Quis
2140 2225 2483 2281 Latinorum

825 2326 964 2368 cum
996 2315 1158 2367 tanto
1190 2312 1390 2369 studio
1416 2316 1473 2368 et
1502 2314 1824 2369 attentione
1847 2314 2028 2371 utitur
2057 2315 2306 2386 porcino
2339 2331 2482 2371 san-

824 2402 1024 2471 guine,
1056 2402 1207 2459 sicut
1235 2402 1497 2476 populus
1529 2405 1862 2459 Graecorum
1888 2404 1916 2458 ?
1946 2407 2012 2460 Et
2041 2422 2104 2459 u.
2134 2405 2323 2460 oculis
2347 2421 2485 2477 pro-

823 2491 971 2565 priis
999 2492 1283 2560 vidimus,
1317 2508 1428 2565 pro
1469 2493 1724 2548 summis
1768 2498 2006 2566 reputat
2034 2494 2258 2550 deliciis
2290 2511 2302 2550 :
2336 2510 2482 2567 quo-

822 2580 932 2637 ties
983 2580 1083 2637 illo
1133 2582 1428 2651 sanguine
1484 2581 1777 2650 confecto,
1846 2583 2011 2655 quod
2069 2588 2134 2639 ut
2180 2583 2482 2639 credimus

822 2670 1089 2742 cipuncti
1119 2670 1229 2743 (45)
1276 2677 1497 2727 vocant
1534 2672 1597 2726 in
1651 2671 1775 2727 suis
1824 2671 2036 2744 epulis,
2083 2672 2244 2728 velut
2301 2688 2484 2729 canes

821 2759 1353 2831 impudentissimi,
1402 2760 1759 2831 ingurgitari
1788 2766 2050 2834 possunt
2080 2763 2107 2819 ’ἲ
2138 2762 2281 2818 Item
2314 2778 2481 2817 num-

820 2849 972 2923 quid
994 2864 1119 2906 non
1167 2853 1415 2906 utuntur
1447 2850 1779 2916 suffocatis,
1830 2855 1888 2908 et
1935 2852 2128 2923 captis
2181 2868 2217 2909 a
2267 2851 2482 2922 bestia,

819 2938 1070 3011 quando
1127 2938 1419 2996 venatitiis
1468 2940 1772 3009 carnibus,
1825 2944 1889 2996 ut
1930 2939 2186 3013 leprum,
2229 2941 2332 3013 qui
2391 2956 2485 2997 ca-

818 3044 969 3085 num
992 3028 1278 3085 dentibus
1300 3029 1724 3102 praefocantur,
1743 3036 1800 3087 et
1826 3030 2081 3087 aliorum
2103 3030 2482 3101 animalium,

817 3134 932 3176 nec
960 3135 1085 3176 non
1112 3124 1169 3175 et
1220 3120 1446 3192 avium,
1479 3138 1616 3194 quae
1651 3121 1873 3194 loqueo
1932 3127 2123 3195 captaa
2180 3127 2340 3190 sunt,
2394 3121 2486 3178 vel

818 3209 950 3279 reti,
1003 3217 1063 3265 et
1112 3210 1399 3267 manibus
1436 3226 1743 3282 aucupum
1796 3226 2007 3267 eorum
2059 3212 2260 3283 capita
2297 3216 2484 3267 retor-
2516 3243 2557 3298 Ο

820 3303 1101 3371 quentur,
1136 3303 1193 3355 et
1220 3304 1344 3356 tam
1376 3299 1687 3370 diligenter
1713 3303 1771 3356 et
1822 3300 2055 3356 curiose
2108 3305 2435 3356 vescuntur
2458 3302 2486 3357 ?

823 3387 993 3445 Unde
1023 3404 1167 3459 ergo
1190 3389 1273 3444 eis
1304 3392 1469 3445 tanta
1492 3390 1748 3459 insania,
1771 3394 1837 3446 ut
1864 3389 2001 3459 hoc,
2033 3389 2199 3462 quod
2222 3390 2334 3462 ipsi
2361 3394 2484 3445 tam

824 3494 1067 3534 summo
1100 3478 1299 3534 studio
1332 3483 1648 3551 peragunt,
1678 3479 1739 3535 in
1771 3495 1834 3535 se
1867 3478 2228 3552 approbent,
2262 3480 2322 3534 in
2354 3478 2484 3535 aliis

823 3567 1167 3640 reprobent,
1199 3568 1528 3633 derideant,
1563 3574 1620 3624 et
1648 3569 1977 3641 depravent
2000 3569 2027 3623 ?
2055 3568 2486 3625 Obmutescant

827 3656 1039 3712 saltem
1071 3672 1232 3712 nunc
1279 3672 1489 3713 eorum
1520 3657 1731 3713 dolosa
1759 3657 1943 3728 labia,
1997 3661 2055 3714 et
2100 3657 2485 3730 impudentes

826 3746 1053 3801 frontes
1082 3745 1363 3802 decidant
1383 3748 1511 3818 jam
1544 3746 1823 3803 confusae.

900 3834 1042 3891 Post
1068 3835 1231 3891 hunc
1258 3836 1527 3908 sequitur
1546 3852 1743 3893 canon
1768 3836 2184 3907 sexagesimus
2213 3839 2486 3908 quartus,

828 3924 936 3997 qui
966 3924 1049 3980 sic
1077 3926 1331 4000 incipit:
1370 3948 1395 3975 ιι
1422 3926 1477 3982 Si
1504 3927 1640 3999 quis
1679 3926 1928 3983 clericus
1985 3928 2264 3982 inventus
2317 3925 2492 3981 fuerit

824 4015 1109 4086 jejunans
1139 4017 1299 4073 diem
1334 4015 1735 4089 Dominicum,
1766 4016 1857 4073 vel
1877 4017 2037 4073 diem
2066 4015 2310 4073 Sabbati
2341 4031 2491 4088 prte-

831 4109 920 4161 ter
945 4122 1156 4178 unum,
1192 4129 1219 4159 »
1257 4114 1367 4164 etc.

905 4197 1258 4268 Respondeo
1302 4215 1316 4252 :
1359 4200 1562 4253 Canon
1607 4198 1714 4253 iste
1752 4212 1874 4253 non
1912 4202 2000 4252 est
2051 4193 2487 4267 apostolorum,

833 4285 937 4342 sed
967 4286 1399 4358 quorumdam,
1455 4287 1581 4359 qui,
1614 4292 1857 4359 propter
1904 4302 2153 4342 causam
2217 4285 2492 4357 superius

834 4376 1231 4445 assignatam,
1256 4376 1431 4432 talem
1458 4378 1815 4432 sententiam
1842 4375 2403 4448 promulgaverunt.
2436 4372 2491 4430 Si

831 4464 995 4521 enim
1024 4468 1178 4519 esset
1203 4480 1400 4520 canon
1431 4464 1821 4537 apostolicus,
1849 4464 2055 4521 fuisset
2108 4464 2314 4536 utique
2344 4466 2491 4517 tem-

831 4570 979 4628 pore
1012 4552 1288 4626 Sylvestri
1317 4570 1512 4627 papae.
1547 4556 1788 4640 Constat
1812 4558 2035 4623 autem,
2068 4555 2233 4628 quod
2260 4554 2320 4611 in
2374 4552 2493 4609 die-

831 4646 951 4702 bus
985 4646 1111 4699 suis
1140 4649 1306 4700 mota
1335 4644 1445 4700 fuit
1468 4645 1722 4717 quaestio
1753 4661 1790 4701 a
1821 4645 2053 4712 Graecis,
2107 4646 2274 4718 quod
2326 4646 2491 4702 vide-

832 4735 970 4792 licet
997 4748 1121 4789 non
1146 4734 1447 4805 jejunaret
1486 4734 1838 4804 Sabbatum,
1872 4740 2085 4807 praeter
2141 4752 2354 4807 unum,
2412 4736 2494 4792 al-

833 4823 1179 4895 legantibus
1193 4824 1566 4896 quibusdam
1584 4823 1659 4879 de
1674 4823 1803 4894 lege
1821 4826 2059 4896 Moysis,
2076 4825 2226 4882 sicut
2241 4825 2496 4881 habetur

835 4917 899 4973 in
929 4916 1060 4972 Vita
1089 4915 1278 4988 ipsius
1303 4930 1476 4987 papae
1507 4934 1519 4981 ;
1549 4914 1656 4971 sed
1703 4930 1843 4970 cum
1890 4914 2123 4971 nullum
2176 4931 2497 4972 assensum

835 5006 1108 5077 praebere
1136 5004 1440 5062 voluisset.
1476 5004 1772 5076 Sylvestcr
1798 5019 1961 5076 papa
1990 5005 2072 5061 ait
2100 5022 2111 5061 :
2149 5027 2176 5057 ‹‹
2212 5006 2267 5062 Si
2298 5006 2496 5062 omnis

838 5096 1187 5153 Dominicus
1210 5096 1660 5150 resurrectionis
1690 5099 1779 5149 est
1801 5094 2092 5150 colendus
2120 5096 2179 5151 in
2207 5096 2497 5167 gaudium

839 5187 1333 5251 Christianorum,
1362 5190 1420 5240 et
1466 5185 1665 5240 omnis
1713 5183 1964 5241 Sabbati
1992 5184 2121 5241 dies
2176 5186 2497 5259 sepulturae

836 5283 921 5336 est
940 5275 1329 5351 deputandus
1360 5275 1439 5332 ad
1470 5275 1951 5332 exercitationem
1974 5275 2337 5332 Judaeorum.
2365 5278 2500 5333 Om-

906 5442 955 5478 ⁵ο
982 5439 1207 5499 Coloss.
1239 5454 1300 5508 ιι,
1331 5442 1414 5494 16.
1449 5439 1492 5474 ⁵¹
1525 5438 1722 5496 Matth.
1755 5454 1855 5511 xv,
1890 5441 1973 5494 ll.
2008 5438 2056 5473 ⁸³
2115 5440 2240 5495 Act.
2274 5454 2313 5495 x
2348 5478 2362 5503 ,
2397 5441 2487 5495 15.

901 5601 1488 5733 (45)Βεῗι·1)ω“ίιιθχὶε,
1511 5601 1826 5671 fartorum,
1851 5601 2191 5660 Blutwurst
2222 5602 2364 5661 oder
2383 5602 2494 5660 Ro-

901 5693 1092 5733 νηοωέ
1126 5719 1137 5731 .

824 5693 1137 5741 senwurst.

898 5769 1011 5845 (46)
1041 5766 1227 5843 Epist.
1265 5771 1315 5839 1,
1347 5764 1429 5828 ad
1447 5762 1824 5825 Decentium.

2594 1962 2810 2018 bemus
2838 1978 2849 2017 :
2883 1960 3051 2033 quod
3080 1961 3233 2016 inter
3258 1960 3552 2017 tristitiam
3582 1966 3636 2015 et
3664 1960 3936 2017 laetitiam
3965 1960 4251 2033 temporis

2594 2051 2751 2107 illius
2779 2051 3014 2106 videtur
3040 2050 3518 2106 inclusum.Nam
3550 2050 3755 2123 utique
3778 2050 4082 2122 apostolos
4108 2065 4252 2106 con-

2597 2144 2714 2196 stat
2737 2138 2924 2195 biduo
2958 2138 3092 2205 isto,
3127 2143 3184 2194 et
3213 2139 3273 2193 in
3314 2153 3571 2194 maerore
3620 2137 3827 2205 fuisse,
3892 2141 3949 2193 et
4002 2143 4251 2211 propter

2594 2228 3178 2285 metumJudaaorum
3211 2243 3272 2283 se
3303 2226 3656 2283 occultasse.
3688 2227 3860 2292 Quod
3887 2226 4091 2299 utique
4124 2242 4247 2282 non

2594 2322 2681 2373 est
2710 2317 2983 2382 dubium,
3013 2316 3150 2372 etin
3179 2320 3412 2371 tantum
3438 2315 3749 2385 jcjunasse
3801 2314 3988 2371 biduo
4019 2331 4249 2371 memo-

2591 2412 2742 2475 rato,
2777 2412 2839 2462 ut
2867 2406 3104 2462 traditio
3134 2404 3406 2461 Ecclesiae
3433 2404 3672 2472 habeat,
3697 2405 3809 2460 isto
3836 2403 4023 2460 biduo
4051 2420 4251 2460 sacra-

2595 2503 2799 2553 menta
2828 2497 3065 2569 penitus
3096 2511 3218 2551 non
3245 2494 3566 2550 celebrare.
3601 2495 3742 2560 Quae
3770 2494 3964 2549 forma
3995 2510 4101 2566 per
4133 2493 4245 2550 sin—

2594 2588 2761 2655 gulas
2793 2582 3216 2639 hebdomadas
3245 2588 3334 2639 est
3364 2582 3642 2638 tenenda.
3694 2582 3793 2637 Hic
3824 2582 4133 2655 loquimur
4162 2598 4252 2637 se-

2594 2674 2860 2730 cundum
2883 2672 3154 2743 modum,
3180 2672 3285 2743 qui
3306 2677 3445 2728 tunc
3468 2676 3612 2736 erat,
3641 2676 3885 2744 propter
3900 2672 4063 2744 quod
4088 2687 4253 2727 com-

2593 2763 2947 2819 memoratio
2973 2761 3128 2817 illius
3156 2763 3275 2833 (47)
3303 2761 3421 2816 diei
3452 2776 3690 2832 semper
3726 2765 3813 2816 est
3860 2759 4245 2816 celebranda.

2595 2852 2767 2919 Quod
2789 2851 2837 2907 si
2865 2855 3077 2924 putant
3099 2849 3302 2917 semel,
3332 2854 3512 2922 atque
3534 2865 3655 2905 uno
3689 2848 3952 2906 Sabbato
3969 2850 4255 2921 jejunan-

2593 2942 2775 3007 dum;
2808 2957 2949 3012 ergo
2975 2945 3031 2996 et
3057 2939 3187 2995 dies
3218 2939 3549 3008 Dominica,
3581 2944 3639 2995 et
3668 2944 3835 2994 sexta
3866 2938 4035 3006 feria,
4054 2938 4257 2995 semel

2592 3031 2654 3087 in
2688 3030 2907 3088 Pascha
2942 3030 3050 3085 erit
3079 3029 3286 3101 utique
3317 3027 3697 3084 celebranda.
3734 3028 3790 3085 Si
3817 3032 4018 3083 autem
4054 3028 4255 3083 Domi-

2592 3120 2711 3176 nici
2741 3119 2878 3188 diei,
2905 3124 3011 3175 aut
3031 3122 3214 3175 sextae
3230 3118 3388 3173 feriae
3413 3132 3519 3190 per
3539 3116 3809 3187 singulas
3830 3116 4256 3174 hebdomadas

2594 3208 2934 3282 reparanda
2963 3212 3051 3264 est
3075 3208 3300 3278 imago,
3345 3207 3643 3263 dementis
3694 3210 3801 3271 est,
3860 3206 4030 3262 bidui
4075 3222 4257 3272 agere

2594 3298 3111 3362 consuetudinem,
3163 3296 3429 3353 Sabbato
3476 3295 3896 3368 praetermisso,
3956 3312 4091 3351 cum
4129 3311 4259 3351 non

2595 3389 2901 3461 disparem
2927 3388 3145 3443 habeat
3176 3402 3448 3453 causam,
3473 3390 3692 3442 asexta
3713 3385 3881 3452 feria,
3909 3385 3973 3440 in
3997 3401 4121 3457 qua
4145 3387 4259 3441 Do-

2596 3478 2795 3533 minus
2825 3493 3045 3550 passus
3076 3480 3183 3545 est,
3215 3475 3465 3549 quando
3497 3480 3553 3530 et
3582 3474 3749 3547 apud
3778 3474 4000 3530 inferos
4026 3473 4157 3542 fuit,
4187 3480 4258 3531 ut

2596 3567 2691 3623 die
2725 3568 2889 3623 tertia
2921 3582 3242 3635 resurgens
3271 3565 3547 3621 redderet
3565 3564 3854 3631 laetitiam,
3886 3569 4024 3637 post
4048 3563 4265 3621 bidua-

2595 3674 2741 3714 nam
2772 3656 3211 3729 praecedentem
3247 3655 3565 3711 tristitiam.
3597 3658 3725 3711 Non
3758 3669 3901 3725 ergo
3938 3670 4049 3710 nos
4079 3670 4268 3725 nega-

2598 3764 2755 3815 mus,
2791 3752 3019 3802 sextam
3050 3745 3259 3801 feriam
3288 3744 3689 3817 jejunandam
3717 3761 3730 3812 ;
3760 3744 3865 3799 sed
3894 3743 4174 3811 dicimus,
4208 3748 4269 3800 et

2601 3836 2864 3894 Sabbato
2896 3837 3011 3893 hoc
3043 3835 3373 3907 agendum,
3404 3835 3549 3909 quia
3576 3820 3762 3891 ambo
3792 3833 3920 3890 dies
3964 3833 4268 3890 tristitiam

2602 3926 2908 3999 apostolis,
2933 3942 3003 3982 ac
3028 3926 3098 3981 iis
3125 3924 3229 3999 qui
3251 3924 3550 3981 Christum
3575 3923 3760 3980 secuti
3788 3927 3948 3991 sunt,
3986 3946 4013 3974 »
4035 3923 4271 3979 indixe-

2599 4020 2756 4083 runt,
2782 4016 2885 4090 qui
2906 4015 3000 4072 die
3020 4015 3327 4071 Dominica
3348 4013 3678 4085 exhilarati,
3704 4029 3827 4069 non
3849 4012 4043 4069 solum
4062 4013 4271 4086 ipsum

2600 4105 2870 4162 festivum
2900 4121 3027 4161 esse
3043 4104 3382 4174 voluerunt,
3406 4103 3513 4159 sed
3539 4104 3716 4159 etiam
3742 4117 3851 4175 per
3876 4118 4089 4159 omnes
4118 4102 4270 4159 heb-

2602 4195 2900 4252 domadas
2932 4194 3438 4267 frequentandum
3469 4208 3603 4249 esse
3628 4192 3925 4248 dixerunt.

2678 4289 2747 4342 Ut
2767 4301 2910 4355 ergo
2927 4286 3001 4342 ad
3025 4284 3288 4357 primum
3310 4282 3557 4340 verbum
3579 4286 3857 4338 nostrum
3875 4282 4271 4353 revertamur,

2602 4391 2796 4431 canon
2816 4376 2943 4445 iste,
2967 4391 3151 4448 quem
3174 4374 3360 4431 Graeci
3377 4372 3792 4446 apostolorum
3816 4388 3945 4427 esse
3968 4372 4276 4428 mentiun-

2602 4471 2716 4530 tur,
2751 4467 2797 4520 si
2828 4465 3036 4520 fuisset
3066 4471 3207 4520 tunc
3233 4463 3540 4535 temporis,
3566 4461 3899 4517 suffecisset
3928 4460 4045 4516 illis
4075 4461 4137 4516 in
4170 4460 4279 4517 ad-

2598 4555 2887 4628 jutorium
2922 4571 3044 4609 sure
3078 4554 3396 4628 petitionis,
3432 4569 3538 4608 seu
3567 4550 3896 4625 opinionis,
3926 4551 4040 4606 hoc
4072 4550 4281 4606 decre-

2583 4649 2729 4708 tum
2744 4643 3161 4716 apostolicum,
3179 4642 3342 4715 quod
3359 4641 3644 4697 nimirum
3665 4638 4043 4701 immutabile
4064 4654 4281 4694 secun-

2603 4735 2751 4791 dum
2782 4749 2885 4791 eos
2918 4724 3270 4805 permanet;
3301 4732 3585 4797 maxime,
3615 4729 3664 4785 si
3688 4729 3849 4785 istud
3878 4728 3977 4784 Dei
4009 4729 4280 4801 apostoli

2605 4823 3063 4881 immutabiliter
3093 4822 3379 4878 omnibus
3410 4819 3783 4877 servandum
3806 4818 4275 4875 mandaverunt.

2608 4916 2748 4982 Quae
2780 4912 2891 4969 fuit
2914 4928 3055 4984 ergo
3087 4927 3294 4981 causa,
3322 4927 3456 4983 quae
3486 4925 3697 4966 eorum
3729 4908 3942 4964 clausit
3984 4907 4171 4974 labia,
4204 4914 4279 4965 ut

2607 5018 2729 5059 non
2760 5002 3053 5059 haberent
3080 5016 3392 5058 recursum
3435 5001 3496 5056 in
3528 4998 3746 5055 diebus
3778 4996 3892 5053 illis
3922 4997 4000 5053 ad
4033 4997 4280 5053 certitu-

2609 5093 2813 5149 dinem
2843 5093 3187 5165 apostolicae
3216 5089 3540 5147 sanctionis
3561 5089 3589 5145 ?
3635 5087 3808 5143 Nulla
3838 5102 4085 5159 prorsus
4117 5086 4229 5142 fuit
4258 5105 4273 5141 :

2608 5184 2754 5257 quia
2778 5199 2889 5240 nec
2919 5183 3112 5239 editus
3141 5187 3283 5253 erat,
3318 5196 3428 5237 nec
3459 5194 3655 5236 canon
3686 5177 3805 5235 dici
3836 5182 4089 5251 poterat,
4124 5177 4280 5249 quia

2608 5289 2718 5332 nec
2743 5280 2888 5331 erat.

2676 5619 2789 5687 (47)
2822 5620 2966 5686 Quae
2995 5618 3200 5690 utique
3229 5614 3425 5690 forma
3449 5628 3559 5690 per
3583 5609 3852 5683 singulas
3885 5606 4285 5690 tenendaest

2600 5679 3041 5825 h‘ebdomadas,
3055 5679 3300 5764 propter
3314 5686 3378 5746 id
3396 5679 3566 5761 quod
3580 5679 4077 5746 commemoratio
4101 5679 4278 5739 illius

2601 5780 2632 5823 ο
2659 5779 2716 5824 οδ
