4468 6440
344 365 453 420 569

1730 357 2015 418 CONTRA
2058 355 2369 415 GRECOS.

3648 354 3759 417 570

420 487 535 546 Sed
588 487 1017 559 octogesimus,
1086 486 1385 561 inquiunt.
1454 488 1559 562 qui
1598 487 1681 543 sic
1734 475 1940 559 incipit
1980 502 1993 540 :
2028 483 2076 537 Α
2104 484 2291 541 verbo
2312 488 2370 541 et
2385 498 2584 558 opere,
2608 484 2857 542 reddere
2888 486 3171 554 satagunt
3188 480 3667 555 animasquiores.
3687 482 3754 538 Et

352 601 381 628 ‹‹
413 578 761 652 Episcopus,
792 577 888 635 vel
917 577 1252 651 presbyter,
1284 593 1393 635 seu
1419 577 1714 634 diaconus
1775 576 1998 633 militias

346 682 600 735 vacans,
630 689 657 717 ››
687 673 823 736 etc.,
850 683 1095 724 rursum
1126 667 1348 724 clamat
1375 672 1585 724 contra
1614 666 1872 724 Latinos.

382 756 952 829 Respondeo,sivim
965 754 2000 829 canonisinspiciatlector,supposi-

346 848 407 902 to
436 845 617 902 etiam
645 850 791 918 quot
819 846 892 902 sit
920 845 1579 919 apostolorum,Latinis
1620 860 1745 901 non
1774 843 1997 901 obviat.

342 934 500 1013 Quia
512 933 861 991 necmilitiae
878 935 1370 1007 vacantepiscopi
1382 935 1665 1001 nostri,eo
1684 932 1867 990 modo
1878 948 1999 1006 quo

343 1038 544 1079 canon
558 1024 909 1096 accipit;uec
921 1024 1254 1096 [quisquam
1268 1023 1493 1098 eorum]
1510 1028 1831 1095 utrumque
1844 1022 2001 1095 prin-

342 1111 613 1182 cipatum
630 1126 901 1183 unquam
925 1113 1130 1179 tenuit,
1156 1111 1247 1167 vel
1276 1115 1454 1181 tenet,
1494 1115 1559 1167 ut
1588 1111 1769 1167 simul
1804 1126 1909 1166 rex
1946 1114 2004 1166 et

342 1198 629 1255 sacerdos
647 1199 738 1268 sit,
756 1199 847 1255 vel
864 1203 1123 1265 vocetur,
1138 1200 1254 1256 nisi
1272 1199 1671 1273 spiritualiter,
1693 1200 1848 1255 sicut
1862 1198 2005 1256 dicit

341 1288 647 1360 Scriptura
671 1307 682 1344 :
710 1290 930 1345 Fecisti
938 1304 1044 1345 nos
1070 1291 1190 1347 Deo
1215 1296 1421 1345 nostro
1459 1305 1707 1360 regnum
1732 1296 1785 1346 et
1809 1303 2001 1345 sacer-

340 1377 652 1432 dotium”.
671 1378 727 1433 Si
749 1393 891 1433 vero
914 1379 1109 1452 ipsam
1137 1378 1631 1449 exhortationem,
1657 1393 1844 1450 quam
1870 1377 2004 1432 fecit

338 1465 603 1521 Ecclesia
630 1466 886 1539 principi
913 1466 1206 1535 saeculari,
1240 1468 1331 1523 vel
1352 1467 1785 1528 auctoritatem,
1813 1481 2001 1539 quam

340 1553 469 1623 dat,
495 1553 585 1610 vel
608 1553 1001 1626 adjutorium,
1022 1555 1189 1628 quod
1216 1560 1459 1629 praestat
1488 1558 1696 1611 contra
1725 1571 2000 1626 persecu-

339 1642 537 1698 tiones
564 1643 754 1715 ipsius
780 1644 1072 1711 Ecclesias,
1104 1649 1159 1701 et
1189 1646 1347 1700 viros
1379 1644 1693 1711 nefandos,
1728 1643 2000 1699 militiam

338 1736 643 1803 reputant,
674 1733 811 1806 quis
842 1732 903 1787 in
942 1733 1057 1789 hoc
1088 1749 1210 1789 non
1239 1732 1608 1790 offenditur?
1647 1736 1851 1789 Nonne
1903 1734 2001 1787 Ec-

2103 573 2205 640 ita,
2228 590 2366 647 qua:
2391 575 2641 631 Caesaris
2688 578 2828 632 sunt
2876 574 3096 632 Ctesari
3133 571 3502 648 persolvunt,
3521 573 3578 628 et
3615 586 3751 645 quas

2106 666 2247 718 sunt
2268 663 2387 731 Dei,
2412 664 2531 719 Deo
2572 663 2872 721 exhibent.

2177 750 2258 807 De
2278 750 2538 822 bigamis
2560 756 2783 820 autem,
2803 758 2861 809 et
2898 752 3072 819 ultra,
3103 750 3280 808 nobis
3301 748 3495 805 brevis
3515 748 3752 805 incum-

2105 840 2541 913 bitresponsio.
2582 843 2696 898 Aut
2738 842 2898 898 enim
2944 842 3048 915 qui
3092 841 3234 897 talia
3280 841 3629 907 statuerunt,
3677 836 3754 892 de

2106 929 2352 997 clericis,
2374 935 2430 987 et
2454 946 2576 987 non
2610 930 2685 987 de
2722 930 2909 998 laicis,
2942 930 3187 1002 intelligi
3228 928 3587 986 voluerunt:
3629 929 3752 994 aut,

2106 1019 2249 1075 side
2282 1020 2565 1076 omnibus
2598 1020 3019 1095 accipiendum
3071 1025 3180 1087 est,
3216 1018 3292 1075 de
3333 1016 3448 1072 illis
3491 1015 3632 1072 solis
3663 1014 3753 1071 lo-

2106 1114 2391 1181 quuntur,
2423 1110 2527 1182 qui
2558 1110 2791 1166 virente
2824 1110 3023 1183 prima
3064 1108 3426 1165 contrahunt
3461 1121 3601 1162 cum
3640 1120 3753 1161 seu

2107 1199 2327 1269 cunda,
2350 1205 2406 1255 et
2426 1200 2627 1257 tertia:
2652 1205 2755 1257 aut
2784 1206 2959 1266 certe,
2983 1203 3048 1256 ut
3074 1198 3323 1271 quidam
3354 1210 3565 1252 eorum
3609 1208 3753 1251 sane

2106 1287 2470 1359 interpretati
2488 1294 2647 1357 sunt,
2672 1304 2791 1345 non
2812 1294 2899 1344 est
2924 1289 3037 1347 hoc
3078 1284 3496 1359 accipiendum
3538 1282 3613 1340 de
3657 1297 3755 1339 co-

2106 1376 2249 1449 pula
2272 1377 2717 1444 matrimoniali,
2732 1377 2836 1433 sed
2858 1377 2932 1433 de
2953 1376 3369 1433 benedictione
3394 1372 3753 1429 nubentium

2106 1472 2163 1521 et
2184 1466 2555 1522 solemnitate
2574 1468 3089 1539 nuptiarum,qua3
3116 1465 3283 1522 aliter
3330 1478 3473 1532 erga
3512 1461 3750 1526 viduas,

2106 1555 2275 1611 aliter
2294 1570 2437 1624 erga
2456 1555 2711 1625 virgines
2722 1556 3096 1612 observatur.
3115 1555 3216 1610 Cui
3233 1554 3413 1609 etiam
3446 1549 3753 1606 sententiae

2107 1644 2470 1700 concordare
2490 1644 2932 1700 videturlittera
2971 1643 3240 1709 canonis,
3272 1641 3377 1714 qui
3406 1640 3548 1695 dicit
3579 1657 3637 1694 :u
3674 1641 3755 1693 De

2106 1734 2329 1805 nuptiis
2386 1732 2611 1805 pluries
2663 1733 2971 1789 celebratis
3040 1738 3240 1805 patres
3305 1726 3751 1793 conticuerint,»

340 1819 525 1875 clesia
555 1823 895 1877 Graecorum
927 1821 1031 1879 dat
1055 1838 1341 1878 coronam
1390 1822 1855 1895 imperatoribus
1907 1836 2002 1891 ge-
2036 1841 2079 1895 Β
2107 1827 2215 1878 etc.
2244 1822 2297 1878 Si
2339 1827 2560 1887 autem,
2607 1822 2865 1879 utGrasci
2909 1825 3249 1886 autumant,
3298 1817 3643 1891 simpliciter
3698 1818 3756 1871 et

340 1908 630 1965 standam
661 1910 720 1965 in
762 1911 1004 1981 signum
1042 1911 1517 1984 pulchritudinis,
1553 1916 1609 1967 et
1638 1910 1907 1981 gladium
1940 1910 1998 1965 in

340 2014 532 2055 manu
562 1999 890 2056 tenendum
912 2001 990 2057 ad
1018 2001 1347 2057 vindictam
1378 2001 1692 2071 sanguinis
1722 2015 2000 2056 exercen-

341 2086 491 2143 dam
512 2087 540 2143 ‘P
566 2091 769 2145 Nonne
797 2105 935 2145 cum
957 2090 1101 2163 ipsis
1122 2091 1354 2147 vadunt
1376 2091 1433 2146 in
1448 2089 1876 2157 exercitium,et
1898 2105 2002 2162 pu-

339 2178 615 2247 gnaturis
652 2179 936 2236 exhibent
956 2186 1333 2237 sacramenta
1355 2197 1483 2245 sua,
1506 2184 1561 2236 et
1582 2185 1755 2237 orant
1782 2196 1892 2253 pro
1915 2181 1999 2235 eis

340 2267 697 2335 generaliter
727 2273 783 2323 et
811 2269 1148 2341 specialiter
1177 2274 1237 2326 in
1278 2276 1509 2327 secreto
1540 2272 1723 2328 Missas
1775 2272 1801 2325 ?
1851 2272 2003 2327 sicut

340 2355 633 2427 scriptum
666 2363 753 2413 cst
785 2377 797 2413 :
835 2362 1179 2425 «Memento,
1208 2360 1477 2420 Domine.
1510 2360 1925 2432 piissimorum
1949 2364 2004 2415 et

334 2442 835 2502 ﬁdelissimorum
858 2450 1350 2520 imperatorum,»
1377 2456 1485 2505 etc.
1511 2453 1575 2505 Et
1608 2455 1741 2522 post
1764 2465 1959 2522 pauca
1986 2466 1999 2504 :

340 2554 361 2583 ι
406 2534 643 2590 Robora
665 2552 872 2593 eorum
926 2537 1196 2605 brachia,
1240 2539 1437 2595 exalta
1475 2554 1685 2594 eorum
1709 2539 2002 2605 dextram,

334 2623 634 2681 confirma
655 2642 862 2682 eorum
888 2644 1160 2698 regnum,
1188 2629 1415 2700 sulijice
1433 2629 1517 2684 eis
1553 2644 1764 2684 omnes
1784 2627 2007 2684 barba-

334 2714 439 2770 l’as
470 2716 853 2786 nationes,et
906 2735 1010 2774 eos
1065 2720 1170 2792 qui
1223 2720 1381 2775 bella
1432 2719 1700 2785 volunt,»
1729 2724 1837 2774 etc.
1895 2722 2007 2774 Nec

334 2819 697 2862 recusamus
747 2812 1069 2880 utrumque
1129 2808 1396 2878 gladium
1457 2808 2009 2876 essc,materialem

339 2894 566 2950 scilicet
598 2901 654 2951 et
685 2897 1083 2970 spiritualem.
1116 2898 1228 2953 Sed
1281 2915 1471 2954 unum
1520 2898 1796 2954 concedit
1842 2897 2009 2953 militi

340 2984 423 3039 ad
457 2990 675 3040 nutum
700 2987 1025 3043 sacerdotis
1046 2987 1450 3055 educendum,
1480 2988 1732 3043 alterum
1754 3002 1894 3043 vero
1914 3001 2009 3042 re-

339 3075 519 3130 tinuit
549 3075 680 3133 sibi.
714 3077 886 3147 Ecce,
934 3078 1215 3150 inquiunt
1260 3078 1519 3151 apostoli
1561 3080 1622 3134 in
1666 3078 2005 3148 Evangelio:

2106 1910 2661 1982 nudeintelligenda
2678 1917 2817 1967 sunt
2833 1911 3016 1967 verba
3038 1910 3306 1979 canonis,
3333 1906 3501 1963 verbi
3541 1904 3752 1975 gratia,

2107 2006 2171 2056 ut
2190 2000 2441 2069 dicatur,
2458 2017 2581 2056 non
2601 2001 2775 2057 licere
2796 2000 3025 2057 homini
3066 2000 3262 2072 prima
3296 2011 3478 2053 uxore
3515 1997 3758 2051 mortua

2106 2092 2607 2148 contraherecum
2638 2092 2924 2152 secunda.
2973 2092 3248 2155 dicimus,
3291 2087 3457 2161 quod
3504 2101 3640 2141 cum
3682 2083 3758 2144 sit

2108 2184 2314 2236 contra
2335 2180 2669 2238 doctrinam
2688 2181 2979 2255 Apostoli,
3001 2184 3058 2236 et
3079 2179 3333 2235 salutem
3352 2177 3751 2238 intirmorum,

2106 2270 2271 2326 nulla
2291 2271 2521 2328 ratione
2568 2273 2747 2329 debet
2782 2271 3070 2328 exaudiri.
3096 2271 3187 2325 Ait
3230 2267 3391 2324 enim
3435 2261 3756 2338 Apostolus

2107 2360 2185 2415 ad
2207 2361 2538 2418 Corinthios
2562 2364 2785 2419 Mulier
2805 2369 2886 2419 est
2922 2362 3180 2431 alligata
3208 2354 3627 2429 legi,quandiu
3660 2352 3758 2408 vir

2107 2464 2248 2505 suus
2270 2453 2433 2506 vivit.
2452 2452 2521 2508 Si
2531 2458 2728 2508 autem
2742 2459 3010 2508 mortuus
3035 2450 3242 2521 fuerit,
3269 2448 3369 2504 cui
3387 2446 3517 2502 vult
3543 2441 3752 2512 nubat,

2112 2543 2345 2595 tantum
2368 2541 2429 2595 in
2448 2542 2697 2597 Domino
2715 2543 2781 2597 ⁵⁵.
2811 2540 3098 2596 Dominus
3129 2551 3372 2610 quoque
3404 2535 3465 2590 in
3498 2535 3759 2602 Evange-

2110 2627 2189 2684 lio
2211 2628 2285 2684 de
2308 2629 2573 2693 muliere,
2588 2646 2723 2704 quas
2741 2627 3296 2687 causasuscitandas
3311 2624 3493 2698 prolis
3527 2625 3759 2693 septem

2112 2720 2273 2774 viros
2302 2719 2512 2777 fratres
2566 2722 2898 2778 successive
2938 2720 3255 2785 habuerat,
3280 2731 3404 2773 non
3450 2710 3760 2781 redarguit

2113 2807 2292 2863 talem
2320 2809 2602 2883 copulam
2651 2811 2823 2866 toties
2870 2809 3207 2882 repetitam,
3243 2805 3348 2861 sed
3387 2806 3621 2859 tantum
3664 2814 3759 2855 er-

2111 2913 2362 2955 roneam
2385 2901 2731 2972 opinionem
2758 2916 2966 2957 eorum
2988 2899 3091 2973 qui
3107 2898 3335 2954 futuras
3348 2892 3618 2950 carnales
3644 2905 3758 2945 nu-

2116 2987 2543 3059 ptiasinregno
2569 2990 2867 3061 justorum
2907 2988 3232 3061 sperabant
3261 2986 3328 3041 57.
3364 2988 3507 3039 Item
3553 2982 3759 3037 Sama-

2114 3077 2344 3144 ritante,
2376 3095 2512 3151 qua:
2544 3080 2743 3151 plures
2766 3081 2924 3136 viros
2958 3079 3269 3143 habuerat,
3309 3076 3480 3147 juxta
3511 3075 3760 3144 puteum

338 3165 543 3235 gladii
570 3166 689 3222 duo
715 3166 880 3223 hic“.
909 3170 974 3224 Et
1022 3184 1230 3224 rursus
1279 3169 1535 3241 loquens
1592 3169 1665 3224 de
1716 3167 2006 3224 materiali
2042 3197 2081 3251 ο
2112 3164 2477 3238 loquens,de
2496 3168 2594 3224 illo
2618 3170 2744 3225 solo
2780 3170 2943 3225 illam
2981 3167 3309 3237 redarguit,
3355 3177 3537 3237 quem
3579 3172 3758 3251 suum

342 3255 634 3311 Dominus
648 3256 1333 3328 ait:Convertegladium
1362 3265 1527 3313 tuum
1558 3260 1620 3313 in
1653 3258 2001 3329 vaginam“.

341 3344 610 3401 Dicendo
644 3353 829 3415 tuum,
865 3347 1236 3404 materialem
1268 3347 1537 3419 gladium
1556 3348 2006 3419 significatquo

341 3440 725 3508 percusserat
747 3452 989 3492 servum
1020 3437 1311 3511 principis
1337 3436 1755 3493 Sacerdotum.
1793 3438 1869 3491 Dc
1894 3435 2010 3507 spi-

341 3523 542 3579 rituali
574 3540 715 3580 vero
746 3526 975 3581 nemini
1008 3528 1167 3582 venit
1197 3528 1256 3582 in
1313 3526 1590 3593 dubium,
1652 3542 1791 3581 cum
1848 3524 2007 3581 idem

338 3616 509 3669 Petro
541 3629 648 3687 per
677 3616 1003 3688 cujusdam
1038 3616 1420 3691 specialitatis
1472 3617 1729 3691 apicem,
1779 3615 2007 3687 ligandi

342 3707 526 3776 atque
540 3703 810 3762 solvendi
833 3708 1532 3781 concessitpotestatcm.
1565 3706 2010 3780 Uterqueigitur

344 3792 585 3864 gladius
624 3796 899 3853 Ecclesiae
948 3797 1221 3855 traditur.
1284 3797 1397 3853 Sed
1432 3797 1508 3853 ab
1562 3798 1694 3870 ipsa
1748 3795 2009 3853 Ecclesia

345 3899 510 3939 unus
542 3887 910 3942 exercendus
944 3905 957 3954 ;
992 3887 1163 3959 alius,
1196 3887 1348 3943 sicut
1379 3902 1562 3960 supra
1590 3885 1873 3956 diximus,
1896 3902 2008 3959 pro

347 3973 611 4030 Ecclesia
639 3991 828 4031 manu
856 3977 1161 4033 saecularis
1201 3977 1484 4051 principis
1516 3975 1888 4032 eximendus.
1945 3980 2007 4032 In

344 4079 472 4137 quo
502 4080 643 4134 ergo
675 4071 885 4138 peccat
914 4066 1197 4135 Ecclesia,
1235 4068 1280 4122 si
1315 4083 1427 4143 suo
1454 4067 1587 4138 jure
1622 4066 1800 4121 utitur
1832 4082 1867 4121 a
1898 4065 2008 4121 Do-

344 4154 515 4210 mino
540 4155 653 4210 sibi
675 4171 995 4213 conccesso
1020 4157 1047 4213 ?
1073 4159 1327 4231 Uterque
1347 4157 1531 4225 igitur
1552 4156 1809 4227 gladius.
1842 4160 1904 4211 ut
1924 4155 2006 4211 di-

343 4246 512 4299 ctum
561 4249 668 4313 est,
695 4244 773 4300 ad
826 4245 1150 4303 Ecclesiam
1202 4246 1473 4319 pertinet,
1532 4251 1588 4301 et
1639 4245 1713 4300 de
1754 4249 2007 4317 utroque

342 4331 661 4405 disposuit,
691 4334 840 4390 sicut
862 4335 975 4391 sibi
996 4335 1251 4403 videtur,
1277 4336 1348 4392 ad
1378 4336 1689 4392 tuitionem
1713 4334 2003 4404 ﬁdelium,

343 4424 403 4477 et
424 4422 767 4494 reipublicae
796 4424 1339 4480 conservationem.

420 4512 615 4577 Quam
645 4512 997 4584 dignitatem
1038 4530 1143 4569 scu
1175 4518 1527 4587 potestatem
1586 4517 2006 4573 Constantinus

346 4601 582 4674 primus
610 4603 1077 4660 Christianorum
1106 4604 1432 4677 imperator
1465 4605 1786 4676 providens
1806 4606 1864 4661 in
1892 4607 2006 4680 spi-

343 4689 463 4745 ritu
481 4708 619 4747 mox
642 4697 967 4766 postquam
991 4694 1069 4749 ad
1089 4694 1270 4749 tidem
1290 4710 1616 4749 conversus
1635 4700 1740 4762 est,
1762 4696 2008 4754 contulit

345 4795 421 4835 eo
436 4781 618 4836 modo
632 4782 826 4838 eidem
844 4782 1116 4839 Ecclesia-:-
1133 4782 1334 4849 libere,
1364 4800 1486 4856 quo
1514 4800 1697 4856 supra
1723 4784 1781 4839 in
1796 4792 2010 4858 quarta

344 4871 733 4929 distinctione
764 4872 947 4943 hujus
980 4875 1180 4946 operis
1215 4874 1451 4946 plenius
1482 4880 1571 4931 est
1619 4891 1998 4947 expressum.

347 4961 635 5027 Quamvis
664 4962 823 5018 enim
855 4962 1108 5035 quidam
1140 4963 1543 5036 prmlatorum,
1577 4980 1685 5037 pro
1731 4966 1898 5021 terris
1954 4972 2011 5022 et

342 5051 715 5121 regionibus,
745 5068 898 5124 quas
924 5053 1002 5108 ad
1028 5070 1174 5109 usus
1196 5053 1471 5109 Ecclesiae
1501 5055 1770 5125 retinent,
1796 5071 2009 5110 vocen-

345 5145 442 5196 tur
471 5139 673 5212 duces,
712 5142 982 5211 comites,
1017 5158 1121 5199 seu
1157 5142 1558 5213 marchiones,
1601 5148 1657 5199 et
1708 5144 2007 5201 interdum

340 5230 681 5303 procedunt
707 5231 769 5287 in
816 5232 1276 5305 expeditionem,
1328 5238 1530 5289 tamen
1589 5250 1809 5289 manus
1866 5250 2008 5290 suas

339 5321 856 5393 sempermundas
874 5322 1265 5379 custodiunta
1279 5322 1574 5393 sanguine
1597 5327 2002 5396 peccatorum.

340 5412 473 5466 Non
503 5410 661 5467 enim
688 5412 1093 5485 pugnantipsi
1108 5412 1506 5486 personaliter
1526 5412 1631 5469 sed
1646 5414 2003 5487 pugnaturis

337 5499 624 5558 ﬁdelibus
678 5506 887 5559 contra
930 5502 1171 5576 iniquos
1200 5503 1675 5576 assistentes,eos
1706 5505 1809 5576 sic,
1858 5509 2005 5577 puta

416 5617 466 5690 'f’
491 5620 676 5690 Apoc.
705 5622 881 5690 v.10.
978 5620 1193 5679 “huc.
1242 5633 1383 5688 χιιι,
1435 5623 1523 5677 38.

339 5681 392 5725 ⁸⁸
416 5681 588 5749 toan,
617 5697 697 5759 tv,
734 5688 818 5747 t8“.

1619 5620 1665 5657 ³⁵
1696 5621 1871 5680 Joan.
1908 5636 2068 5697 xvm,
2102 5626 2191 5694 tt,

2115 3270 2239 3311 non
2288 3272 2414 3313 esse
2470 3258 2668 3314 virum
2724 3258 3009 3314 divinitus
3072 3256 3377 3314 intellexit.
3419 3254 3510 3308 Ait
3575 3249 3756 3304 enim:

2120 3346 2391 3419 Quinque
2420 3350 2577 3405 viros
2613 3349 2894 3415 habuisti,
2925 3354 2979 3405 et
3014 3348 3195 3415 hunc,
3222 3360 3390 3418 quem
3425 3341 3616 3407 habes,
3638 3353 3761 3393 non

2118 3442 2201 3492 est
2238 3442 2375 3492 tuus
2394 3440 2559 3494 vir".
2594 3438 2868 3511 Copulari
2905 3453 3048 3508 ergo
3065 3435 3339 3509 pluribus
3359 3432 3595 3487 vicibus
3629 3442 3763 3482 suc-

2119 3526 2342 3581 cessive
2369 3543 2491 3584 non
2518 3534 2604 3585 est
2630 3528 3018 3601 prohibitum,
3052 3527 3157 3583 sed
3179 3538 3553 3587 concessum;
3582 3520 3764 3575 etiam

2119 3616 2670 3675 statustaliumnon
2688 3622 2775 3675 est
2800 3615 3324 3681 condemnandus,
3366 3612 3470 3668 sed
3511 3610 3763 3667 toleran-

2118 3703 2400 3769 dus,cum
2438 3707 2637 3763 necab
2678 3706 2879 3779 aliquo
2922 3706 3167 3763 homine
3208 3702 3395 3777 possit
3436 3698 3763 3773 prohiberi,

2118 3794 2174 3850 id
2199 3796 2363 3867 quod
2384 3811 2490 3868 per
2513 3797 2759 3870 Spiritus
2783 3796 3040 3868 gratiam
3057 3810 3166 3869 pro
3185 3792 3369 3851 salute
3387 3790 3766 3847 inﬁrmorum

2118 3885 2418 3941 cernimus
2439 3902 2567 3942 esse
2600 3886 2922 3944 indultum.

2190 3976 2330 4029 Item
2354 3975 2640 4046 quaeritur
2660 3992 2693 4031 a
2721 3975 2956 4041 Graecis,
2988 3976 3261 4030 Potestne
3306 3971 3433 4028 ﬁeri
3460 3970 3769 4042 dispensa-

2117 4064 2196 4120 tio
2221 4063 2472 4135 alicujus
2494 4064 2757 4121 concilii?
2775 4065 2830 4121 Si
2850 4064 3074 4135 dicunt,
3094 4062 3257 4136 quod
3280 4078 3424 4129 non,
3447 4060 3583 4133 quis
3625 4073 3767 4129 ergo

2119 4158 2455 4212 Graecorum
2481 4154 2829 4223 salvabitur,
2855 4154 3072 4227 posito,
3096 4151 3259 4225 quod
3284 4151 3403 4208 sint
3422 4151 3482 4206 in
3507 4148 3625 4204 ﬁde
3675 4163 3768 4202 ca-

2116 4245 2396 4309 toholica,
2432 4261 2538 4301 seu
2573 4245 2910 4301 orthodoxa
2943 4259 3080 4299 vere
3124 4240 3520 4298 obedientes?
3563 4242 3769 4294 Nonne

2116 4341 2325 4392 contra
2346 4336 2527 4392 istum
2550 4351 2869 4401 canonem,
2886 4339 2942 4391 et
2960 4334 3091 4389 illos
3115 4348 3297 4403 supra
3314 4331 3560 4403 positos,
3578 4329 3770 4401 quoti-

2116 4425 2211 4481 die
2234 4425 2508 4481 veniunt?
2529 4426 2586 4481 Si
2607 4425 2832 4495 dicunt,
2848 4424 3011 4497 quod
3030 4424 3135 4490 sic;
3160 4422 3287 4490 sed,
3304 4421 3354 4476 si
3372 4418 3771 4492 prtelatusali-

2116 4515 2272 4587 quis,
2296 4514 2482 4571 multo
2520 4515 2713 4583 magis
2737 4529 3013 4569 summus
3052 4510 3340 4584 pontifex,
3374 4509 3478 4582 qui
3514 4512 3773 4581 potesta-

2116 4608 2235 4659 tem
2260 4605 2645 4675 plenitudinis
2671 4604 2899 4660 obtinet
2920 4621 2955 4659 a
2983 4603 3230 4670 Christo,
3261 4599 3561 4656 mediante
3602 4600 3770 4653 Petro

2116 4693 2407 4767 apostolo.
2434 4697 2644 4768 Dequa
2664 4693 2897 4767 require
2920 4708 3103 4765 supra
3123 4695 3340 4765 quarta
3371 4687 3766 4745 distinctione.

2189 4789 2416 4840 interea
2442 4784 2815 4840 consulimus
2837 4783 3054 4839 Graecis
3076 4797 3294 4837 aurum
3335 4777 3639 4851 sapientiai
3692 4775 3771 4833 ab

2118 4873 2376 4929 Ecclesia
2403 4872 2678 4928 Romana
2699 4888 2915 4943 emere,
2940 4887 3126 4944 quam
3150 4868 3589 4941 despiciunt,ut
3611 4865 3775 4921 locu-

2117 4962 2302 5035 pletes
2330 4961 2499 5031 fiant,
2522 4966 2580 5017 et
2617 4961 2960 5031 caliginosis
2994 4959 3182 5016 oculis
3222 4958 3772 5030 collyriumvappo-

2117 5058 2301 5109 nant:
2327 5056 2389 5107 ut
2409 5052 2469 5107 in
2502 5052 2747 5124 Speculo
2774 5050 2925 5107 sacri
2960 5050 3185 5122 Eloquii
3209 5048 3363 5105 clare
3392 5046 3773 5120 inspicientes

2117 5146 2549 5214 recognoscant
2577 5144 2909 5197 Romanam
2946 5139 3281 5205 ecclesiam,
3319 5152 3454 5210 quae
3497 5136 3773 5192 omnium

2118 5232 2516 5289 Ecclesiarum
2562 5237 2741 5304 caput
2787 5234 2891 5302 est,
2927 5232 3173 5304 insuper
3220 5234 3277 5286 et
3315 5229 3608 5300 magistra
3655 5242 3772 5282 :eo

2115 5323 2282 5397 quod
2334 5322 2416 5379 nil
2465 5323 2525 5378 in
2568 5321 2739 5378 dictis
2814 5320 3175 5391 evangelicis
3238 5324 3295 5377 et
3348 5318 3770 5393 Epistolarum.

2115 5419 2172 5470 et
2224 5413 2403 5470 etiam
2447 5411 2787 5479 doctorum,
2844 5410 3212 5469 contrarium
3278 5410 3524 5479 invenit,
3583 5408 3771 5483 quod,

2113 5504 2575 5579 interpretative,
2598 5503 2693 5560 vel
2740 5503 3151 5577 dispensative
3197 5500 3535 5559 secundum
3590 5504 3773 5558 statu-

2293 5622 2341 5659 “
2373 5624 2396 5680 Ι
2434 5623 2566 5681 Cora
2596 5636 2690 5691 vn,
2723 5624 2812 5679 39.
2913 5619 2959 5657 ⁸⁷
2989 5619 3189 5680 Matth.
3231 5634 3371 5691 nu,
3412 5622 3483 5677 24
3527 5632 3699 5691 seqq.
