4468 6440
732 383 834 437 I’H

1965 381 2459 441 PANTALEONIS
2501 382 2787 441 DIACONI
2827 386 2931 440 ΟΡ.

4054 386 4156 439 572

732 510 792 563 ta
819 510 1164 562 sanctorum
1194 508 1457 576 Patrum,
1484 506 1546 564 in
1578 508 1799 565 unitate
1827 510 2076 582 Spiritus
2101 522 2223 564 non
2269 522 2383 561 con
2418 506 2461 559 A
2498 507 2836 572 nominant,
2868 525 3005 581 quae
3036 508 3252 565 dicitur
3278 507 3496 565 furtiva
3523 507 3729 570 fuisse,
3757 506 4154 564 similiterdic-

733 594 961 652 cordat.

807 682 1264 751 Distinguentes,
1312 686 1514 758 itaque
1554 688 1704 742 inter
1729 704 1798 744 ea
1820 705 1953 761 quae
1993 686 2384 761 dispensatio-

732 786 875 826 nem
897 772 1207 843 recipiunt,
1235 778 1291 828 et
1306 773 1427 838 illa,
1451 791 1587 847 quin
1608 776 1775 832 aliter
1796 794 1857 832 se
1879 777 2102 832 habent
2126 777 2383 831 dicimus

729 859 895 930 quod
928 866 1068 915 sunt
1090 867 1393 933 praecepta
1416 864 1624 935 primae
1646 865 2038 928 necessitatis,
2060 881 2196 937 qua:
2238 863 2381 919 assi-

729 947 940 1003 milant
969 949 1237 1005 animam
1270 954 1408 1016 Deo,
1456 954 1607 1007 sicut
1652 959 1953 1025 praecepta
1997 953 2292 1020 Decalogi;
2326 959 2384 1007 et

727 1034 829 1090 illa
856 1052 976 1091 non
1000 1038 1291 1109 recipiunt
1311 1039 1841 1111 dispensationem.
1867 1045 2007 1098 Item
2058 1047 2199 1097 sunt
2226 1056 2379 1113 prae-

727 1131 900 1195 cepta
932 1126 1215 1182 secunda;
1248 1130 1636 1197 necessitatis,
1659 1136 1723 1185 ut
1744 1147 1900 1187 unus
1944 1131 2046 1186 uni
2093 1132 2382 1201 jungatur

730 1217 789 1267 et
810 1213 939 1268 haec
957 1216 1327 1287 quandoque
1355 1217 1594 1273 fuerunt
1620 1219 1986 1291 dispensata,
2018 1226 2081 1274 ut
2105 1224 2265 1290 patet
2318 1218 2378 1272 in

726 1306 895 1371 patre
926 1302 1250 1373 Abraham,
1277 1312 1331 1359 et
1360 1306 1568 1370 Jacob,
1606 1309 1810 1371 David,
1840 1315 1893 1363 et
1946 1309 2075 1363 aliis
2133 1307 2374 1374 sanctis,

724 1390 830 1462 qui
856 1392 1127 1460 pluribus
1159 1395 1464 1464 conjuncti
1492 1397 1753 1453 fuerunt-
1783 1401 1931 1454 Sunt
1981 1404 2038 1453 et
2080 1402 2378 1467 praecepta

725 1478 910 1557 tertia;
933 1482 1331 1549 necessitatis,
1357 1489 1418 1537 ut
1436 1490 1524 1539 est
1546 1491 1751 1539 votum
1775 1486 2177 1541 voluntarium
2195 1485 2377 1539 ethoc

728 1566 1130 1638 quadruplex,
1162 1571 1561 1632 continentiae.
1597 1572 1917 1641 religionis.
1978 1572 2375 1639 abstinentiae,

725 1655 1243 1724 peregrinationis.
1279 1661 1401 1713 Duo
1434 1660 1631 1729 prima
1660 1676 1777 1716 non
1810 1661 2103 1733 recipiunt
2133 1660 2374 1731 dispen-

725 1742 1022 1799 sationem
1048 1747 1158 1814 (48)
1187 1764 1199 1811 ;
1231 1745 1348 1801 alia
1380 1747 1502 1802 duo
1536 1749 1849 1820 recipiunt,
1901 1766 2037 1804 cum
2089 1746 2377 1820 tequipol-

2494 599 2621 649 tum
2655 611 2947 652 canonem
2984 602 3446 653 renovaverunt.
3482 600 3686 669 Itaque
3731 611 3924 668 usque
3973 594 4153 651 hodie

2493 683 2752 740 Ecclesia
2778 686 3119 742 Graecorum
3136 701 3256 741 non
3270 701 3555 741 concessa
3569 684 3853 756 possndet,
3886 688 4060 749 tenet,
4096 688 4154 738 et

2492 771 2695 835 utitur,
2731 774 2881 829 sicut
2912 780 3088 846 patet.
3128 774 3267 839 Quis
3302 774 3462 829 enim
3513 773 3574 828 in
3633 772 3986 845 pontiﬁcatu
4045 774 4152 827 Ro-

2492 875 2688 915 manas
2719 862 2874 916 sedis
2906 862 3100 933 potuit
3131 878 3194 917 se
3216 861 3549 934 exspoliare
3572 862 3862 933 potestate
3885 860 4147 932 propria,

2491 953 2549 1003 et
2577 948 2723 1003 dare
2752 949 2919 1005 alteri
2947 952 2974 1006 ?
3003 958 3066 1005 ut
3096 951 3210 1005 sint
3236 952 3294 1005 in
3330 965 3450 1005 uno
3476 938 3726 1021 corpore
3756 949 3879 1005 duo
3929 948 4147 1020 capita,

2490 1034 2709 1093 scilicet
2729 1038 2788 1093 in
2816 1039 3076 1094 Ecclesia
3106 1039 3238 1103 Dei;
3268 1042 3378 1094 Res
3407 1041 3613 1110 utique
3645 1043 4047 1093 monstruosa.

2560 1126 2706 1183 ltem
2736 1143 2749 1181 ε
2785 1129 2840 1182 Si
2866 1128 3207 1184 habuerunt
3236 1127 3296 1183 in
3322 1129 3455 1198 jure
3485 1143 3557 1183 ex
3606 1127 3661 1182 vi
3710 1126 4149 1182 constitutionis

2488 1215 2549 1268 in
2565 1216 2832 1270 secunda
2846 1216 3078 1287 synodo
3089 1216 3405 1287 factaeque;
3420 1217 3746 1271 necessitas
3762 1214 3869 1269 fuit
3884 1220 4149 1286 repetere

2487 1302 2549 1358 in
2575 1310 2791 1374 quarta
2815 1307 2843 1358 ?
2874 1312 2951 1372 et,
2986 1307 3033 1359 si
3060 1305 3117 1359 in
3150 1310 3367 1376 quarta
3399 1304 3982 1359 obtinueruntsuum
4011 1319 4146 1373 pro-

2488 1398 2751 1463 posntum
2782 1394 2985 1456 Graeci,
3017 1401 3203 1464 quare
3231 1393 3443 1447 iterum
3476 1392 3533 1446 in
3551 1391 3985 1463 sextasynodo,
4007 1407 4145 1463 quae

2486 1485 2622 1551 post
2655 1480 2841 1535 multa
2874 1486 3142 1553 tempora
3188 1481 3316 1545 fuit,
3352 1482 3463 1536 hoc
3521 1479 3681 1535 idem
3732 1479 4094 1551 repetierunt
4121 1479 4149 1535 ?

2487 1568 2616 1623 Non
2630 1567 2735 1623 fuit
2750 1568 2885 1630 alia,
2907 1570 3015 1623 nisi
3029 1571 3171 1640 quia
3192 1569 3442 1637 urgebat
3456 1585 3557 1622 eos
3572 1583 3759 1639 prava
3774 1583 3982 1622 eorum
4011 1582 4151 1622 con-

2487 1656 2755 1723 scientia,
2789 1657 2933 1730 quia
2962 1658 3161 1713 videre
3192 1664 3487 1729 poterant,
3513 1665 3570 1713 et
3594 1673 3699 1730 per
3721 1655 4149 1712 conciliaintel-

2484 1743 2687 1815 ligere,
2722 1748 2881 1819 quod
2926 1747 3124 1802 nullus
3156 1763 3353 1803 canon
3384 1747 3649 1817 vigorem
3684 1752 3742 1801 et
3802 1746 4145 1802 ﬁrmitatem

724 1831 893 1890 lenti.
922 1835 1069 1889 Sunt
1098 1835 1346 1907 insuper
1366 1842 1423 1892 et
1445 1844 1673 1910 quarta-3
1706 1839 2093 1904 necessitatis,
2114 1842 2177 1893 ut
2203 1837 2373 1892 insti-
2401 1859 2447 1915 Β
2485 1835 2706 1891 obtinet
2734 1836 3022 1909 aliquam,
3056 1838 3166 1891 nisi
3194 1836 3461 1892 favorem
3489 1837 3707 1909 pariter
3738 1841 3795 1891 et
3824 1851 4145 1891 assensum

726 1921 983 1978 tutiones
1011 1923 1394 1994 prtelatorum
1423 1945 1435 1993 ;
1465 1932 1522 1983 et
1560 1927 1689 1983 haec
1740 1927 2035 2000 recipiunt
2062 1927 2371 1999 dispensa-

719 2010 964 2077 tionem,
992 2014 1229 2084 quoties
1257 2019 1314 2069 et
1357 2016 1605 2087 quando
1638 2016 1722 2071 eis
1769 2032 1878 2089 pro
1930 2032 2113 2072 causa
2169 2015 2295 2071 utili
2318 2020 2373 2070 et

719 2101 1083 2167 necessaria,
1127 2102 1362 2159 videtur
1395 2105 1703 2176 expedire.

796 2188 966 2245 Hisce
1002 2191 1076 2246 sit
1122 2191 1506 2257 habentidus,
1564 2200 1620 2250 et
1665 2196 1774 2250 rite
1825 2194 2154 2261 intellectis,
2212 2198 2372 2265 patet

718 2279 935 2335 solutio
976 2280 1052 2334 ad
1088 2281 1368 2353 plurima,
1402 2300 1538 2356 quae
1570 2285 1839 2341 nondum
1892 2285 2069 2341 etiam
2128 2283 2371 2339 fuerunt

714 2369 986 2441 quaesita.
1005 2372 1083 2425 De
1106 2371 1196 2426 his
1223 2378 1443 2443 autem,
1466 2390 1600 2445 quas
1615 2380 1946 2447 sequuntur
1976 2380 2031 2430 et
2052 2373 2126 2428 de
2161 2373 2370 2429 mulie-

712 2456 881 2513 ribus
914 2466 1317 2531 menstruatis,
1347 2468 1404 2518 et
1442 2480 1579 2535 quas
1630 2465 2045 2534 ingrediuntur
2093 2464 2370 2532 chorum,

714 2548 958 2616 propter
978 2546 1069 2601 sui
1099 2546 1532 2617 ignobilitatem
1558 2549 1834 2606 auditum
1869 2553 2150 2622 prtnstare
2206 2548 2373 2604 nolu-

714 2648 852 2688 mus
885 2651 898 2689 :
926 2636 1038 2690 nisi
1070 2641 1301 2693 tantum
1329 2638 1403 2694 de
1434 2639 1779 2711 patriarcha
1831 2639 2372 2710 Constantinopoli-

713 2727 877 2792 tano,
901 2726 1004 2797 qui
1028 2743 1151 2782 suae
1184 2728 1480 2799 superbiae
1503 2730 1843 2794 consulens,
1879 2728 2076 2803 plures
2108 2729 2251 2800 ﬁngi
2288 2728 2370 2785 fe-

713 2814 792 2868 cit
816 2830 1079 2870 canones
1112 2816 1242 2871 talis
1265 2819 1627 2883 ambitionis,
1647 2824 1709 2875 ut
1734 2836 1914 2891 super
1934 2835 2143 2875 omnes
2171 2818 2374 2890 praela-

713 2908 804 2958 tos
848 2904 1118 2960 videatur
1148 2906 1445 2977 praelatus.
1484 2912 1663 2965 Vocat
1690 2916 1890 2964 autem
1924 2925 1985 2963 se
2018 2909 2370 2979 οἰκουμενικὸν

713 2993 1143 3063 patriarcham,
1176 2995 1233 3050 id
1279 3002 1363 3053 est
1394 2998 1792 3055 orbicularem
1823 2998 2279 3067 patriarcham:
2314 3000 2372 3053 et

709 3080 846 3136 licet
869 3082 929 3137 in
951 3090 1164 3154 quarta
1190 3085 1569 3143 distinctione
1587 3087 1765 3157 hujus
1786 3088 2002 3159 operis,
2020 3086 2162 3142 satis
2184 3085 2258 3141 de
2297 3100 2369 3141 eo

709 3169 1084 3242 disputatum
1107 3174 1405 3238 sit,tamen
1428 3176 1547 3231 adh
1557 3176 1713 3244 uc,in
1730 3176 2185 3232 detestationem
2200 3180 2256 3230 et
2272 3190 2368 3230 su-

708 3258 1057 3328 gilationem
1081 3262 1179 3331 huj
1192 3279 1259 3317 us
1273 3264 1515 3336 superbi
1531 3265 2017 3337 nominis,pauca
2030 3269 2370 3335 repetemus

780 3348 892 3416 (49)
926 3348 1126 3404 Canon
1150 3351 1255 3406 iste
1278 3352 1351 3407 de
1396 3352 1727 3409 ambitione
1774 3352 1948 3409 dicta:
1994 3352 2151 3408 sedis
2174 3351 2369 3407 editus

706 3435 816 3491 fuit
838 3438 897 3491 in
929 3439 1195 3495 secunda
1228 3438 1481 3513 synodo,
1509 3428 1662 3497 clam
1700 3459 1939 3497 summo
1971 3443 2271 3514 pontiﬁce,
2304 3444 2369 3495 ut

706 3525 991 3594 magister
1026 3526 1197 3595 Hugo
1236 3530 1583 3583 Etherianus
1632 3529 1829 3595 refert,
1882 3529 1970 3584 vir
2019 3530 2223 3600 utique
2265 3544 2365 3581 sa-

704 3614 897 3683 piens,
950 3619 1006 3669 et
1052 3616 1275 3686 peritus
1319 3617 1377 3672 in
1444 3622 1694 3689 utraque
1741 3618 1965 3685 lingua.
2039 3617 2365 3689 Responsio

707 3719 893 3773 supra
915 3704 1080 3759 estin
1106 3706 1373 3761 secunda
1419 3707 1653 3777 synodo
1690 3708 1751 3762 in
1796 3707 1931 3762 ﬁne.
1956 3708 2021 3761 Et
2064 3707 2207 3779 quia
2238 3704 2362 3759 ﬁeri

703 3807 826 3847 non
854 3794 1061 3864 potuit,
1084 3811 1191 3848 nec
1222 3795 1451 3861 debuit,
1485 3799 1617 3867 ipso
1640 3797 1796 3852 facto
1841 3796 2149 3852 suscitavit
2189 3812 2362 3849 scau-

703 3880 912 3935 dalum
936 3882 1375 3939 etdiscordiam
1401 3884 1552 3940 inter
1571 3888 1802 3941 Grtecos
1863 3890 1919 3941 et
1966 3884 2198 3940 Latinos
2244 3900 2362 3938 non

711 3970 1044 4034 modicam,
1071 3988 1260 4044 usque
1280 3974 1353 4027 ad
1384 3982 1651 4046 tempora
1678 3992 1851 4047 papas
1872 3974 2079 4043 Vigilii.
2124 3972 2361 4029 Nullum

708 4066 911 4115 tamen
937 4061 984 4115 is
1008 4061 1271 4117 favorem
1301 4064 1724 4134 praebuitdicto
1752 4066 1989 4132 canoni,
2036 4062 2201 4137 quod
2252 4078 2364 4117 nos

704 4147 953 4215 scimus,
981 4150 1160 4207 etiam
1196 4152 1357 4217 dato,
1406 4154 1563 4225 quod
1616 4154 1899 4225 possetin
1943 4152 2362 4226 przejudicium

698 4238 1211 4309 praedecessorum
1236 4258 1482 4297 suorum
1502 4243 1769 4314 praebere
1789 4245 2362 4298 assensum.lnterea

696 4336 835 4401 post
856 4328 1216 4400 Ephesinain
1252 4331 1585 4387 celebratur
1605 4340 1821 4403 quarta
1839 4332 2110 4405 synodus
2136 4332 2192 4385 in
2218 4330 2362 4386 civi-

697 4422 813 4473 tate
836 4418 1209 4474 Chalcedone
1240 4420 1330 4473 :in
1356 4436 1477 4491 qua
1507 4420 1754 4493 quidem
1803 4420 2107 4477 Anatolius
2139 4417 2359 4493 prmsul

696 4508 874 4576 regiae
909 4508 1091 4565 urbis.
1118 4512 1260 4564 satis
1292 4510 1409 4577 egit
1439 4527 1544 4580 pro
1577 4511 1913 4583 principatu
1950 4511 2041 4565 sui
2088 4510 2361 4564 sacerdo—

695 4597 775 4652 tii.
812 4600 877 4653 Et
915 4597 1107 4653 factus
1146 4604 1233 4655 est
1266 4599 1399 4653 inde
1447 4616 1671 4655 canon.
1729 4582 1942 4655 Verum
1988 4600 2129 4672 quia
2180 4598 2357 4667 legati
2393 4582 2432 4636 ι)

698 4688 905 4742 Leonis
938 4686 1109 4759 primi
1148 4688 1385 4743 viriliter
1414 4688 1796 4756 obstiterunt,
1816 4690 1980 4761 petiit
2002 4696 2190 4744 totum
2219 4705 2355 4743 eon~

693 4775 896 4830 cilium
928 4793 1036 4847 pro
1088 4794 1172 4836 se.
1207 4778 1613 4849 etirnperator
1657 4794 1947 4842 seorsum,
1980 4795 2086 4833 nec
2137 4794 2257 4832 non
2302 4782 2358 4833 et

696 4865 891 4921 dictus
926 4866 1239 4922 Anatolius
1274 4885 1308 4922 a
1335 4867 1493 4921 dicto
1529 4869 1717 4923 Leone
1746 4868 2046 4925 humiliter
2094 4867 2231 4921 dicti
2264 4884 2357 4922 ca-

691 4956 867 5011 nonis
900 4955 1447 5013 conﬁrmationem.
1478 4955 1589 5012 Sed
1622 4974 1759 5011 cum
1790 4973 2001 5011 omnes
2036 4974 2238 5029 preres
2267 4957 2354 5011 in-

690 5060 936 5100 cassum
966 5046 1266 5103 caderent.
1302 5047 1590 5101 remansit
1620 5047 1814 5101 dictus
1842 5062 2036 5101 canon
2080 5046 2355 5101 inﬁrmus

687 5140 745 5193 et
772 5133 996 5189 inutilis
1028 5134 1275 5205 dejure,
1299 5137 1405 5191 etsi
1437 5151 1553 5190 non
1584 5136 1656 5190 de
1682 5134 1855 5202 facto,
1883 5141 2057 5207 prout
2086 5152 2271 5209 supra
2296 5137 2351 5191 in

686 5214 906 5297 quarta
929 5224 1329 5292 distinctione,
1349 5226 1483 5281 etin
1509 5232 1720 5297 quarta
1738 5226 1973 5299 synodo
1997 5226 2349 5282 continetur.

690 5306 1019 5385 Nam,sicut
1038 5326 1222 5387 supra
1243 5314 1437 5370 dictus
1461 5316 1771 5370 Anatolius
1796 5314 2095 5387 superbus
2128 5314 2355 5371 alienas

688 5404 862 5460 sedes
879 5404 1169 5478 paulatim
1194 5411 1249 5458 et
1268 5404 1497 5459 occulte
1517 5404 1754 5475 rapiens
1780 5422 1889 5459 suo
1913 5403 2043 5459 illos
2066 5422 2249 5459 ansus
2266 5410 2353 5461 est

687 5486 908 5551 addere
934 5493 1262 5567 pontiticio;
1287 5496 1343 5549 in
1373 5494 1609 5565 synodo
1633 5510 2097 5566 quoque,quam
2119 5500 2350 5549 sextam

782 5643 870 5707 48)
905 5640 1017 5694 Cur
1040 5655 1159 5693 non
1184 5637 1531 5693 auctoritate
1556 5638 1775 5693 summi
1797 5637 2125 5709 pontiﬁcis?
2148 5640 2331 5693 Srew.

782 5643 870 5707 48)
905 5642 1017 5694 Cur
1040 5655 1159 5693 non
1184 5642 1531 5693 auctoritate
1556 5642 1775 5693 summi
1797 5642 2125 5709 pontiﬁcis?
2148 5642 2331 5693 Srew.

756 5642 865 5783 iw)
909 5712 1043 5767 Haec
1074 5712 1285 5767 addita
1304 5716 1445 5767 sunt
1464 5726 1501 5767 a
1528 5708 1827 5767 Fratribus
1851 5700 2343 5785 Praedicatoribus

910 6310 1149 6407 Δ

2485 1926 2708 1980 summi
2739 1926 3028 1981 Pontificis
3050 1925 3334 1984 obtineat.
3362 1928 3440 1981 De
3470 1941 3593 1999 quo
3622 1940 3805 1996 supra
3833 1924 3892 1980 in
3927 1930 4144 1997 quarta

2480 2011 2877 2069 distinctione.
2914 2014 3082 2069 Unde
3113 2015 3296 2070 istum
3311 2030 3629 2079 canonem,
3647 2020 3940 2086 tanquam
3967 2014 4141 2069 inuti-

2478 2101 2597 2157 lem
2628 2110 2683 2158 et
2706 2102 2920 2159 furtive
2952 2104 3253 2159 intrusum
3286 2108 3655 2174 respuentes,
3688 2102 3963 2171 dicimus,
3992 2102 4144 2157 sicut

2479 2190 2626 2248 alias
2657 2210 2668 2247 :
2704 2209 2917 2247 omnes
2952 2192 3517 2264 illos,quiasserunt
3544 2196 3881 2247 Romanum
3901 2190 4139 2263 pontiﬁ-

2479 2296 2609 2337 cem
2639 2296 2760 2336 non
2783 2297 2913 2337 esse
2938 2287 3122 2353 caput
3155 2281 3505 2336 universalis
3540 2281 3833 2348 Ecclesiae,
3851 2296 3955 2352 per
3977 2281 4139 2337 viam

2472 2360 2755 2439 incedere
2785 2371 3193 2426 damnationis
3224 2370 3313 2425 vel
3365 2370 3719 2443 perditionis
3764 2376 3820 2425 et
3878 2386 4008 2426 esse
4067 2369 4142 2424 de

2480 2475 2733 2515 numero
2766 2462 2928 2523 Core,
2965 2461 3217 2526 Dathan,
3252 2465 3307 2516 et
3341 2460 3563 2515 Abiron
3592 2460 4139 2527 schismaticorum,

2479 2549 2581 2621 qui
2611 2548 2671 2603 in
2702 2549 2944 2618 signum
2967 2548 3377 2605 damnationis
3406 2554 3642 2605 aeternas
3676 2548 4144 2621 absorptisunta

2480 2642 2655 2694 terra.

2554 2726 2633 2781 De
2664 2724 3070 2783 celebratione
3092 2733 3291 2783 autem
3325 2728 3513 2783 Missae
3543 2727 3600 2781 in
3634 2727 4136 2796 Quadragesima,

2480 2815 2999 2888 etdequibusdam
3015 2817 3302 2884 aliis,non
3351 2817 3811 2889 respondemus,
3848 2823 3973 2872 tum
3996 2817 4142 2888 quia

2479 2904 2693 2960 frivola
2724 2912 2865 2960 sunt
2896 2913 3021 2961 tum
3052 2907 3196 2974 quia
3228 2906 3288 2960 in
3320 2906 3535 2961 furtiva
3578 2906 3815 2978 synodo
3843 2903 3915 2961 de
3947 2906 4139 2961 Trullo

2481 2993 2745 3049 similiter
2776 2995 3066 3050 fabricata
3094 3002 3250 3049 sunt.
3271 2994 4139 3066 Siveroobjiciuntnobisillud

2479 3082 2783 3157 decretum
2800 3092 2973 3139 sextae
2988 3084 3227 3155 synodi,
3244 3080 3406 3157 quod
3426 3100 3584 3156 papa
3602 3080 3894 3139 Adrianus
3920 3100 4139 3156 appro-

2478 3152 2671 3228 bavit:
2706 3174 2858 3241 Quia
2888 3176 2949 3228 in
2981 3152 3045 3229 eo
3075 3152 3367 3229 statui—mn
3402 3152 3483 3229 eis!
3512 3152 3654 3237 ,etc.
3696 3179 3751 3228 et
3779 3172 3923 3228 illud
3960 3152 4137 3228 trino-

2478 3262 2672 3323 centii,
2708 3263 3096 3331 Renovantes,
3135 3267 3266 3318 etc..
3306 3262 3782 3334 Respondemus.
3814 3262 3981 3334 quod
4037 3261 4139 3317 illa

2478 3351 2784 3423 propriam
2815 3344 3359 3422 interpretationem
3375 3349 3799 3406 etcatholicam
3819 3350 4135 3422 recipiunt,

2478 3445 2533 3495 et
2563 3456 2685 3495 non
2717 3443 3050 3495 secundum
3085 3456 3334 3511 pravum
3368 3440 3728 3495 intellectum
3763 3443 4125 3497 Graecorum.

2476 3529 2607 3585 Alia
2636 3545 2773 3583 vero
2805 3528 3165 3584 discussioni
3192 3530 3675 3601 jurisperitorum
3710 3528 4023 3585 etarbitrio
4045 3545 4139 3584 re-

2475 3616 2848 3689 linquamus.

2545 3710 2661 3778 (50)
2698 3711 3005 3779 Tempore,
3044 3725 3167 3780 quo
3228 3708 3752 3764 victoriosissimus
3812 3710 4139 3781 imperator

2476 3798 2921 3865 Constantinus,
2961 3803 3364 3864 cognomento
3404 3798 3853 3863 Monomachus,
3899 3797 4133 3870 imperii

2472 3887 2893 3958 perspicaciter
2908 3904 3009 3941 mo«
3022 3886 3886 3957 lerabaturdignitatibus,erat
3900 3886 4133 3959 quidam

2473 3974 2718 4031 Michael
2744 3975 3418 4047 Constantinopolitanae
3436 3976 3596 4031 sedis
3629 3976 3971 4047 patriarcha
3991 3976 4134 4032 acti-

2472 4062 2587 4118 bus
2610 4070 2665 4120 et
2691 4064 2988 4120 intellectu
3013 4064 3415 4133 stultissimus,
3440 4065 3564 4137 qui,
3596 4072 3772 4137 prout
3798 4065 3980 4121 verba
4004 4066 4133 4137 ejus

2474 4161 2856 4217 attestantur,
2897 4154 3293 4209 lueresiarcha
3328 4154 3543 4225 potius,
3575 4170 3762 4227 quam
3794 4156 4137 4227 patriarcha

2473 4241 2904 4297 esseomnibus
2921 4244 3195 4305 innotuit,
3215 4242 3479 4299 Hiclaeva
3501 4244 3783 4299 suasione
3807 4244 3894 4299 sui
3932 4244 4132 4299 cordis

2472 4339 2968 4398 exactus,sanct&3
2996 4337 3276 4388 Romanae
3292 4332 3447 4387 sedis
3466 4333 3898 4389 Eucharistiam
3925 4333 4131 4389 nefan-

2470 4421 2622 4477 diter
2648 4421 3001 4481 infamabat.
3038 4428 3296 4477 tractans
3322 4422 3731 4495 secum,quod
3747 4422 3958 4479 melius
3979 4430 4137 4478 esset

2472 4514 2809 4567 Graecorum
2841 4512 3223 4566 sacriticium.
3258 4527 3444 4583 quam
3477 4512 3843 4579 Latinorum,
3869 4528 3939 4567 eo
3966 4512 4129 4584 quod

2468 4601 2581 4672 ipsi
2612 4600 3053 4664 fermentatum,
3079 4606 3135 4655 et
3168 4604 3436 4656 Romana
3473 4600 3747 4670 Ecclesia,
3778 4607 3842 4656 ut
3872 4601 3951 4656 ab
3984 4617 4130 4673 apo-

2467 4682 2632 4743 stolis
2667 4696 2998 4759 acceperat,
3032 4705 3314 4759 azymum
3353 4689 3677 4745 sacrificat.
3723 4693 3951 4746 Interea
3980 4691 4127 4746 dum

2466 4778 2745 4850 praefatus
2778 4778 3137 4850 patriarcha.
3169 4778 3740 4851 utlibellisuiapices
3757 4785 4126 4849 asseverant,

2468 4866 2828 4922 sacriﬁcium
2866 4868 3204 4922 Latinorum
3241 4884 3488 4931 arguere
3502 4872 3843 4926 conaretur.
3862 4869 3975 4923 hoc
3990 4885 4127 4923 san-

2467 4956 2775 5011 ctissimus
2810 4959 2917 5011 Leo
2947 4973 3104 5029 papa
3140 4960 3198 5012 IX
3231 4958 3505 5022 audiens,
3536 4974 3701 5013 more
3734 4957 3904 5013 solito
3927 4956 4003 5013 ad
4028 4974 4126 5015 ne-

2466 5045 2715 5103 fandam
2739 5046 3148 5101 alterationem
3171 5046 3644 5118 exstirpandam,
3662 5047 3977 5102 dominum
4003 5049 4126 5103 Ste-

2466 5135 2739 5208 phanum
2771 5136 3194 5191 cancellarium
3228 5136 3745 5205 religiosissimum
3776 5136 3970 5192 virum
4020 5136 4127 5209 qui

2462 5224 2669 5281 tertius
2694 5230 2827 5297 post
2854 5242 2990 5280 eum
3024 5242 3186 5297 papa
3211 5228 3496 5281 Romanas
3515 5226 3673 5281 sedis
3696 5226 4127 5291 exstitit,etho-

2464 5321 2648 5370 nestze
2675 5314 2832 5369 sedis
2863 5314 3229 5386 pontiﬁcem,
3262 5320 3317 5369 et
3348 5331 3485 5370 cum
3536 5315 3648 5370 illis
3703 5315 3942 5371 Petrum
3997 5315 4127 5372 Mel-

2464 5406 2778 5478 phitanum
2810 5404 3188 5475 magistrum,
3226 5412 3280 5460 et
3314 5406 3524 5460 doctos
3556 5422 3691 5460 cum
3710 5405 3833 5460 suis
3849 5407 4123 5478 apicibus

2462 5494 2810 5551 transmisit.
2847 5496 2956 5560 Qui
2990 5494 3710 5567 Constantinopolitanam
3770 5495 3982 5551 urbem
4037 5497 4126 5551 in-

2466 5639 2570 5712 qui
2603 5640 2963 5712 superiorae
2990 5639 3152 5694 libris
3186 5640 3938 5712 Etherianiexcerpserant.

2528 5712 2638 5783 (50)
2683 5710 2813 5767 Haec
2844 5715 2986 5767 sunt
3038 5710 3415 5769 Pantaleonis
3448 5727 3628 5767 mene
3659 5710 3896 5767 fabulae.
3945 5714 4115 5767 BASN.
