4468 6440
327 440 436 494 573
1378 479 1383 483 .
1728 437 2010 493 CONTRA
2046 436 2091 492 ϐ

1982 437 2010 490 ι
2046 435 2356 493 (ηεροδ.
3641 437 3746 492 ΜΕ

328 561 544 631 gressi,
578 564 635 616 et
658 559 956 632 imperiali
979 558 1434 615 honoriﬁcentia
1463 558 1788 628 sublimati,
1827 560 1983 630 ejus-
2013 565 2055 615 A
2089 558 2358 616 raculum
2375 563 2576 616 actum
2593 565 2700 615 est.
2726 559 3019 616 Liminare
3033 572 3443 616 marmoreum
3468 558 3743 628 ejusdem

329 649 474 705 dem
500 648 666 704 urbis
693 648 1099 721 patriarcham
1124 645 1460 718 (adeuntes)
1486 653 1697 720 quater
1727 664 1865 704 cum
1914 663 1986 702 eo
2091 647 2357 703 ecclesia:
2386 648 2552 703 mirae
2575 647 3004 718 magnitudinis
3028 646 3386 711 dissolvitur;
3428 646 3746 717 statimque

330 737 700 810 colloquium
721 737 797 792 de
817 737 1126 793 nominato
1143 736 1433 792 sacriﬁcio
1447 737 1850 793 habuerunt...
1873 738 1987 807 (51)
2093 735 2228 791 talis
2259 741 2348 792 est
2375 735 2578 792 clades
2617 736 2956 800 subsecuta,
2989 741 3055 791 ut
3089 735 3305 790 diebus
3335 734 3544 806 paucis
3583 750 3748 790 sexa-

332 841 442 897 per
462 826 739 881 nuntium
766 826 1122 880 asciverunt.
1154 826 1319 890 Quod
1353 826 1477 898 ipse
1503 826 1755 881 audiens
1795 842 1856 880 se
1910 824 1991 879 ab

333 929 545 973 eorum
573 913 881 986 colloquio
901 913 1174 968 deviavit.
1201 917 1329 971 Mox
1355 913 1468 986 ipsi
1501 917 1730 970 Sanctae
1755 913 1990 984 Sophiaa

329 1000 645 1058 basilicam
669 1001 1090 1072 ingredientes,
1109 1015 1288 1073 super
1311 999 1494 1056 altare
1517 999 1862 1072 paginulam
1889 1017 1970 1074 po

335 1096 607 1146 suerunt.
638 1093 890 1154 Excutes
943 1095 1146 1144 autem
1174 1088 1252 1144 ab
1301 1088 1553 1145 ecclesia
1601 1089 1850 1146 sublatis
1896 1105 2017 1162 pe-.

332 1180 485 1235 dum
535 1179 825 1236 sandaliis
880 1180 1365 1252 pavimentorum
1418 1195 1727 1236 marmora
1779 1195 1992 1252 percu-

330 1268 571 1335 tientes,
629 1270 691 1324 in
738 1269 890 1324 mari
947 1267 1262 1341 pulverem
1323 1269 1716 1339 projecerunt,
1767 1275 1825 1324 et
1880 1270 1993 1325 hoc

331 1358 670 1414 secundum
689 1358 987 1428 Evangelii
1007 1374 1214 1413 vocem
1231 1359 1993 1429 egeruntdicenteszouam-

329 1462 566 1517 cunque
585 1448 886 1504 civitatem
917 1449 1334 1510 introvieritis,
1355 1455 1409 1503 et
1441 1451 1748 1503 renuerint
1777 1450 1994 1517 dogma

329 1543 615 1600 vestrum,
647 1537 805 1592 nihil
823 1537 1041 1592 exinde
1061 1537 1339 1605 e/femtis.
1371 1537 1484 1592 Sed
1510 1537 1650 1592 inde
1715 1537 1994 1592 abeuntes

327 1624 637 1692 pulverem
663 1623 883 1691 pedum
911 1629 1243 1678 vestrorum
1271 1627 1534 1680 exeunte
1583 1627 1651 1677 ⁵ο.
1712 1627 1999 1679 Praeterea

328 1709 484 1782 ipsis
504 1726 535 1765 e
552 1710 789 1766 civitate
805 1710 1255 1766 discedentibus
1281 1712 1652 1783 stupendum
1682 1711 1857 1768 valde
1886 1711 1997 1767 mi-

407 1852 457 1887 ⁵9
488 1842 686 1909 Matth.
719 1869 797 1922 x;
830 1851 1005 1910 Marc.
1037 1857 1128 1920 vt;
1161 1855 1297 1911 an.
1330 1869 1368 1908 ι.

407 1977 531 2047 (51)
570 1977 810 2033 Lacuna
839 1976 900 2032 in
932 1993 1051 2032 ms.

2097 825 2259 895 ginta
2271 825 2608 880 Graecorum
2629 824 2814 880 millia
2831 829 3222 892 morerentur,
3235 839 3346 879 nec
3363 822 3519 878 ullus
3540 822 3749 878 aliena:

2098 914 2308 980 gentis:
2339 913 2574 968 interim
2606 921 2660 968 et
2691 929 2798 985 per
2817 912 3082 968 triduum
3111 910 3553 968 intestimabiles
3580 926 3750 966 coru-

2099 1002 2414 1069 scationes,
2448 1005 2506 1056 et
2533 1002 2814 1072 tonitrua,
2839 1008 2896 1057 et
2943 1001 3229 1057 imbrium
3281 1003 3340 1056 et
3382 999 3746 1071 grandinum

2101 1089 2514 1146 multitudines
2545 1090 2918 1145 exstiterunt.

2174 1185 2305 1233 Haec
2333 1194 2477 1235 vero
2515 1183 2682 1247 gesta
2712 1183 2854 1233 sunt
2879 1193 3042 1234 anno
3072 1178 3152 1235 ab
3179 1176 3592 1234 lncarnatione
3642 1177 3750 1232 Do—

2104 1267 2244 1321 mini
2279 1266 2597 1321 millesimo
2625 1266 3131 1339 quinquagesimo
3164 1266 3394 1338 quinto,
3426 1264 3751 1320 indictione

2101 1362 2335 1411 octava.
2368 1355 2538 1420 Qnod
2569 1370 2683 1422 ego
2714 1356 3056 1422 Pantaleon,
3083 1371 3220 1410 cum
3248 1366 3445 1409 essem
3473 1353 3555 1408 ibi
3604 1355 3753 1409 Con-

2105 1444 2512 1516 stantinopoli,
2533 1445 2634 1499 ubi
2655 1443 2771 1498 hoc
2786 1449 2986 1498 actum
3010 1449 3118 1510 est,
3147 1444 3260 1498 hoc
3285 1442 3507 1498 idcirco
3525 1457 3752 1497 memo-

2103 1533 2288 1588 rabile
2320 1533 2447 1602 feci,
2499 1548 2623 1603 quo
2687 1531 3024 1600 legentibus
3089 1537 3292 1603 pateat
3347 1530 3566 1586 Latinae
3621 1543 3752 1584 sere

2105 1621 2304 1676 nitatis
2334 1621 2644 1686 institutio,
2675 1625 2732 1675 et
2752 1635 2931 1675 nemo
2957 1619 3180 1675 audeat
3198 1619 3345 1675 talia
3365 1633 3748 1691 praesumere.

1373 2292 2003 2442 PANTA
2030 2287 2719 2443 LEONIS

917 2551 1283 2625 DIACONI
1332 2555 1443 2624 ET
1492 2553 2298 2626 CHARTOPHYLACIS
2345 2552 2692 2624 MAGNE
2738 2551 3197 2624 ECCLESL/E

1771 2731 2334 2819 NARRATIO

724 2935 1484 3114 Mllllﬂllmllllll
1558 2959 1942 3113 MAXIMI
2021 2960 2683 3114 ABCHANGELI
2758 2947 3390 3112 MllllllllllilS‘

413 3369 450 3426 Ι.
482 3366 710 3441 Magna:
732 3376 786 3428 et
812 3369 1015 3427 multis
1037 3376 1095 3428 et
1116 3372 1297 3428 variae
1330 3377 1469 3429 sunt
1491 3378 1606 3429 tua:
1627 3373 1992 3447 incorporeas
2029 3376 2067 3429 Β
2104 3374 2382 3430 homines
2413 3373 2492 3430 ab
2523 3390 2658 3429 eam
2686 3377 2698 3409 ¹
2728 3392 2740 3430 :
2775 3370 3063 3430 ita'etiam
3093 3371 3522 3444 archangelicse
3552 3386 3760 3426 essen-

332 3465 392 3516 et
417 3459 756 3530 magniﬁcae
769 3459 1200 3530 archangelicaa
1218 3461 1446 3517 virtutis
1471 3471 1527 3516 et
1557 3454 1863 3532 dignitatis
1892 3479 1996 3518 no-

331 3551 550 3619 tiones,
576 3551 860 3624 donaque
886 3557 942 3607 et
963 3551 1188 3621 gratiae,
1225 3553 1267 3607 Ο
1296 3551 1725 3622 gloriosissime
1755 3552 1999 3608 Michael

331 3641 616 3712 princeps
646 3639 889 3707 militiae,
931 3639 1294 3712 amplusque
1324 3643 1381 3696 et
1407 3656 1614 3696 revera
1645 3641 1919 3698 sublimis
1945 3648 2001 3698 et

334 3727 648 3800 multiplex
675 3729 908 3784 decorae
937 3735 1052 3784 tute
1100 3729 1384 3794 materiae,
1440 3731 1696 3810 expertis
1769 3730 1997 3796 formae,

334 3823 394 3874 et
425 3817 557 3874 vitae
590 3823 796 3874 status.
828 3821 927 3874 Est
951 3823 1153 3873 autem
1188 3834 1374 3889 parva
1403 3826 1458 3874 et
1488 3818 1652 3874 nihili
1728 3818 2002 3877 facienda

333 3907 850 3976 humanaelingner
866 3923 1084 3962 carnea
1095 3911 1381 3979 potestas,
1400 3909 2001 3982 angustusqueethu-

331 3995 494 4052 milis
525 4003 581 4051 et
615 4013 667 4052 ai
686 3996 862 4052 titlcio
889 4010 1120 4062 carens,
1147 3995 1251 4068 qui
1280 4011 1385 4068 per
1414 3995 1815 4053 instrumenta
1876 4014 2001 4053 cor-

333 4101 524 4159 porea
544 4103 577 4140 a
595 4089 802 4141 nostro
817 4083 996 4141 cerde
1020 4100 1218 4140 sermo
1233 4083 1652 4157 proﬁciscitur.
1685 4087 2000 4153 Quomodo

333 4191 481 4246 ergo
514 4180 586 4238 te,
621 4191 657 4230 ο
687 4172 1119 4248 omnipotentis
1147 4173 1245 4229 Dei
1280 4175 1560 4248 princeps
1593 4175 1839 4245 militiae,
1890 4192 1999 4249 pro

240 4335 245 4339 ~
345 4264 664 4334 dignitate,
719 4265 856 4319 licet
907 4258 1223 4326 conemur,
1281 4261 1563 4318 laudibus
1595 4265 2002 4322 effecerimus?

331 4356 526 4418 Quam
563 4357 769 4408 vocem
796 4343 1240 4424 incorpoream.
1273 4348 1629 4423 incorporeo
1684 4359 1785 4409 tuo
1837 4339 1999 4410 inlel-

330 4443 538 4512 ligenti
565 4441 762 4499 ordini
791 4440 1277 4514 respondentem,
1302 4457 1408 4512 per
1439 4443 1769 4499 uiaterialia
1790 4440 1846 4499 et
1875 4462 1998 4499 cor-

329 4548 517 4605 porea
542 4531 715 4588 labra
741 4530 1094 4587 offeramus?
1127 4527 1356 4595 Quibus
1372 4537 1609 4587 utemur
1642 4533 1830 4598 sonis,
1860 4550 1996 4606 quae

329 4621 669 4693 signiﬁcent
690 4619 1055 4678 ineffabilem
1086 4617 1640 4690 etinexplicabilem
1677 4626 1841 4677 tuam
1876 4621 1998 4691 glo-

2105 3462 2262 3518 tialis
2289 3469 2402 3518 [iure
2425 3461 2706 3519 bonitatis
2736 3468 2790 3518 et
2811 3462 3119 3536 potestatis
3141 3462 3372 3518 inﬁnita
3416 3459 3758 3527 multitudo,

2107 3568 2143 3608 a
2171 3569 2295 3625 qua
2321 3570 2543 3610 arcana
2573 3560 2628 3609 et
2657 3553 2861 3609 divina
2884 3561 3171 3610 emanant
3197 3553 3495 3617 ﬁdelibus,
3544 3566 3760 3624 appre-

2106 3642 2223 3698 hen
2239 3642 2288 3697 ii
2311 3651 2366 3698 et
2395 3643 2738 3716 investigari
2769 3660 2890 3699 non
2920 3650 3111 3716 potest
3140 3644 3424 3700 humanis
3462 3641 3761 3712 cogitatio-

2107 3731 2307 3786 nibus.
3646 3754 3648 3756 τ

2109 3821 2171 3875 ll.
2205 3821 2316 3876 Sed
2345 3821 2634 3894 quoniam
2663 3821 2884 3889 alicubi
2908 3817 3051 3879 dicit
3097 3823 3368 3878 divinum
3422 3819 3756 3893 Eloquium:

2112 3909 2314 3976 «Quod
2347 3900 2689 3975 didicimus,
2718 3911 3142 3984 praedicamus:
3186 3917 3240 3968 et
3289 3911 3454 3984 quod
3512 3910 3759 3979 scimus,

2109 4001 2542 4056 annuntiamus
2564 4001 2584 4036 ²
2620 4018 2632 4065 ;
2667 3983 2776 4058 nea
2791 3983 3761 4058 decausamiitentesinﬁnitama-

2109 4088 2311 4160 gnalia
2342 4095 2580 4145 tuorum
2613 4090 3064 4159 miraculorum,
3096 4107 3292 4163 pauca
3320 4089 3625 4164 quaedam,
3659 4103 3761 4159 ap-

2108 4179 2298 4251 posite
2320 4185 2376 4233 et
2405 4181 2828 4236 convenienter
2857 4179 3109 4237 collecta
3139 4196 3209 4236 ex
3242 4178 3445 4235 divini.
3509 4177 3761 4250 Spiritus

2107 4266 2379 4342 eloquiis,
2403 4271 3039 4343 conamurexprimere
3055 4278 3397 4326 nostrorum
3440 4267 3760 4324 verborum

2107 4357 2428 4423 coloribus,
2462 4359 3068 4432 etgraphicenarrare
3097 4357 3604 4430 magniﬁcentiam
3639 4356 3762 4424 glo-

2105 4450 2209 4504 riae
2243 4450 2569 4505 sanctitatis
2603 4456 2741 4518 tuae,
2773 4456 2828 4505 et
2855 4448 3206 4506 terribilium
3232 4455 3474 4505 tuorum
3508 4447 3764 4503 miracu-

2106 4538 2302 4595 lorum
2333 4545 2599 4595 eructare
2630 4540 2981 4612 potentiam,
3015 4547 3070 4595 et
3090 4537 3369 4611 prodigia
3400 4543 3500 4593 tua
3524 4551 3761 4593 annun-

2107 4628 2252 4684 tiare
2282 4623 2352 4684 iis
2380 4629 2482 4701 qui
2519 4629 2694 4686 hodie
2725 4627 2844 4685 ﬁde
2877 4635 3015 4684 sunt
3064 4628 3411 4697 congregati
3446 4628 3508 4682 in
3559 4625 3762 4682 divino

327 4710 517 4768 riam?
549 4711 786 4768 Dubitat
807 4727 1015 4767 revera
1054 4708 1339 4790 universa
1396 4715 1612 4767 natura
1664 4711 1992 4782 terrigena-
2029 4734 2069 4788 ρ
2108 4723 2209 4774 tuo
2242 4718 2412 4782 festo,
2447 4723 2508 4773 ut
2536 4717 2744 4774 salutis
2769 4719 2898 4790 jam
2931 4717 3303 4792 propositum
3335 4721 3762 4787 argumentum

327 4818 465 4857 rum
499 4806 552 4857 te
574 4796 822 4857 laudare
853 4786 1244 4868 eteelebrare,
1271 4802 1738 4874 quiesprinceps
1771 4801 1997 4858 ordinis

329 4890 1096 4963 supercmlestis.Enarrari
1137 4894 1302 4950 enim
1357 4900 1414 4951 et
1461 4892 1658 4948 verbis
1714 4893 1995 4965 explicari

327 4997 454 5036 non
487 4986 685 5052 potest
727 4979 899 5036 locus
955 4980 1176 5037 divina:
1236 4985 1351 5039 tua:
1417 4979 1876 5055 pulchritudinis
1943 4988 1999 5036 et

327 5070 692 5144 splendoris.
755 5071 1074 5138 Quomodo
1145 5073 1306 5132 enim
1373 5068 1663 5129 mirabilis
1706 5072 1863 5128 facta
1912 5078 2000 5128 est

329 5157 583 5215 scientia
610 5157 710 5214 Dei
751 5173 825 5215 ex
848 5157 1044 5214 nobis!
1078 5159 1346 5224 invaluit,
1371 5164 1492 5218 non
1530 5161 1859 5235 poterimus
1889 5175 2000 5216 nos

404 5304 418 5337 ¹
452 5304 609 5359 Psal.
638 5318 913 5371 cxnvm,
945 5306 999 5372 6,
1022 5306 1044 5338 ⁸
1077 5305 1291 5359 lJoan.
1329 5322 1363 5374 ι,
1410 5311 1457 5360 t.

398 5482 419 5502 "
459 5480 526 5536 In
555 5480 762 5555 codice
804 5484 1004 5538 Graeco
1051 5482 1155 5539 308
1203 5482 1368 5555 apud
1419 5484 1641 5540 Nanios
1689 5489 1998 5540 asservato

321 5553 608 5624 leguntur
652 5553 836 5624 hujus
885 5558 1184 5610 sermonis
1237 5553 1439 5610 titulus
1488 5563 1545 5611 et
1587 5555 1994 5612 initium:Tit.

324 5625 707 5712 [lavrals'orroc
720 5625 965 5679 διακόνου
994 5630 1084 5677 καί
1113 5627 1514 5699 χαρτοφύλακος
1528 5637 1588 5686 τῆ
1601 5649 1621 5690 ς
1648 5628 1890 5712 Μεγάλης
1921 5627 1998 5680 ἐκ·

320 5697 551 5773 ξι).ησίας
577 5693 829 5773 διήγησις
878 5693 1155 5773 θαυμάῖώῦ
1188 5693 1695 5773 ἐοίτςᾳμμεγίστου
1729 5693 1996 5773 ἆρχαγσγέ-

319 5769 416 5824 λου
460 5769 705 5841 Μιχαὴλ.
757 5775 874 5827 lnc.
908 5769 1150 5843 Μεγάλαι
1186 5775 1243 5824 αἶ
1279 5769 1468 5824 πολλα-ἰ
1511 5769 1601 5825 irai.
1647 5769 1998 5835 ποικίίλὰι-τλῆς

2106 4807 2409 4864 omnibus.
2443 4809 2546 4880 qui
2577 4807 2856 4864 ardenter
2875 4807 2952 4862 ad
2975 4807 3034 4862 id
3057 4811 3440 4872 accurrunt,o
3500 4806 3764 4862 maxime

2106 4903 2159 4954 et
2191 4897 2487 4969 imprimis
2512 4897 2882 4953 admirabilis
2911 4895 3154 4953 Michael
3171 4897 3447 4969 princeps
3480 4897 3576 4952 Dei
3604 4894 3763 4951 mili-

2107 4977 2415 5042 tiisllodie
2445 4986 2604 5042 enim
2638 4993 2930 5060 tanquam
2963 4983 3598 5066 magniﬁcentissimus
3634 4985 3763 5059 qui-

2107 5076 2248 5133 dam
2278 5075 2646 5143 convivator,
2680 5072 2982 5132 convocas
3037 5092 3147 5132 nos
3207 5092 3417 5132 omnes
3466 5073 3763 5148 spiritales

2108 5163 2219 5223 cOn
2229 5167 2354 5222 viva
2366 5185 2392 5220 s
2406 5166 2479 5221 ad
2495 5166 2744 5238 epulum
2759 5167 2839 5222 tui
2859 5165 3010 5235 festi,
3031 5165 3200 5239 quod
3230 5172 3506 5252 extortum
3521 5171 3609 5223 est
3637 5165 3763 5222 sole

2107 5482 2410 5555 ἀσωμάτου»
2431 5486 2520 5534 καὶ
2555 5479 2981 5555 μεγαλοςτρεποῡς
3023 5479 3419 5555 ἀρχαγγελικῆς
3451 5500 3548 5534 σου
3577 5480 3765 5555 ἀρετῆς

2105 5560 2195 5608 καί
2219 5537 2580 5629 ἄξιας,ἕννοιοίι
2611 5537 2700 5606 and
2737 5537 2933 5629 δῶρεαί
2967 5573 3019 5606 τε
3162 5537 3410 5626 iapix“,
3443 5537 3766 5628 #mao‘idips

2104 5626 2330 5699 Μιχαὴλ
2352 5625 2775 5699 ἀρχιστράτηγε’
2801 5625 2889 5678 iui
2911 5626 3132 5678 πλατεῖα
3147 5630 3237 5677 καί
3251 5625 3328 5695 ίτῷ
3351 5630 3457 5678 ὄντι
3490 5625 3762 5702 μετέωρός

2104 5697 2518 5760 καίίπολυέιὸἡς
2552 5697 2648 5758 ῒῆς
2687 5707 3077 5772 πανβυπρεποῡς
3103 5697 3262 5749 ἁΰλου
3283 5716 3384 5772 Ᾱσου
3415 5697 3766 5772 μορφῆς,’καί

2107 5773 2244 5833 ζωῆς
2268 5773 2298 5830 ὴ
2333 5754 2649 5832 aurci-arari;
2680 5769 2828 5828 Cod.
3031 5754 3174 5843 pag.
3200 5770 3324 5827 521.
