4468 6440
773 408 877 468 B75

2010 406 2486 468 PANTALEONIS
2523 408 2811 469 DIACONI
2849 411 2950 468 CP.

4081 407 4183 467 876

771 530 1608 607 luminosius,quodpositum
1621 541 1711 592 est
1731 536 1810 593 ad
1823 535 2420 608 principiaorhister-
2453 564 2500 618 Α
2535 534 2613 590 ad
2640 534 2757 590 hoc
2787 537 2852 590 ut
2879 536 3095 603 essent,
3128 536 3184 590 et
3213 532 3419 590 omnia
3450 531 3529 590 ad
3559 532 3885 590 essentiam
3937 533 4186 590 deduxit

772 640 876 693 ra,
907 623 1014 696 qui
1038 627 1124 679 est
1153 639 1190 680 a
1218 622 1440 680 ﬁnibus
1454 625 1734 697 usquead
1751 625 1994 682 ﬁneszin
2018 641 2139 698 quo
2168 624 2422 680 miracu-

773 711 970 769 lorum
993 716 1049 768 ct
1079 713 1297 768 anima
1327 713 1592 770 utilitatis
1619 714 1847 771 deliciis
1863 731 1927 772 se
1957 716 2196 786 explent
2219 715 2422 768 omnia

771 801 959 857 corda
987 800 1279 857 ﬁdelium.
1309 802 1422 857 Sed
1442 818 1603 858 nunc
1633 819 1902 876 quoque,
1937 808 2001 859 ut
2029 818 2285 875 semper,
2317 801 2424 857 mi-

773 904 965 945 serere
993 894 1213 946 nostra
1243 890 1614 961 humilitatis,
1653 893 2112 965 quiesexcelsus
2147 905 2424 948 assessor

771 978 939 1047 regni
962 977 1268 1045 calorum,
1297 984 1354 1035 et
1383 995 1624 1036 exorere
1666 981 1842 1036 nobis
1876 980 2298 1053 splendoribus
2326 979 2426 1034 he-

775 1066 977 1137 nigna
1008 1073 1123 1121 tua
1155 1067 1566 1139 providentia,
1596 1069 1700 1140 qui
1727 1085 1762 1125 a
1791 1068 2055 1137 benigno
2089 1072 2207 1124 Deo
2257 1082 2427 1123 acce-

768 1153 912 1226 pisti
973 1153 1426 1225 benignitatem,
1475 1155 1735 1227 benigne
1756 1157 1996 1214 Michael
2027 1157 2303 1229 princeps
2324 1155 2430 1210 mi-

769 1235 934 1298 litia.
967 1244 1076 1308 Qui
1105 1259 1168 1299 es
1202 1243 1355 1300 lecta
1381 1249 1437 1300 et
1484 1245 1808 1317 luminosa,
1873 1247 2343 1317 signiﬁcansque
2377 1248 2433 1298 et

770 1330 1091 1402 splendida
1139 1332 1306 1388 stella
1333 1333 1476 1389 solis
1506 1333 1728 1402 gloria.
1747 1335 1857 1400 Qui
1877 1335 2428 1405 esfortissimuspu-

769 1424 985 1488 gnator
1011 1426 1066 1476 et
1104 1428 1520 1493 propugnator
1551 1440 1622 1479 ac
1653 1424 1935 1479 defensor
1966 1440 2173 1479 eorum
2192 1423 2297 1495 qui
2321 1426 2429 1478 Do-

768 1509 1002 1564 minum
1029 1509 1304 1580 diligunt.
1335 1512 1445 1576 Qui
1475 1512 1754 1584 provides
1791 1518 1847 1568 et
1865 1513 2178 1584 prospicis,
2205 1527 2429 1584 eosque

765 1596 944 1653 firmo
971 1602 1073 1654 tuo
1102 1600 1432 1671 patrocinio
1478 1601 1735 1670 adjuvas
1763 1606 1819 1657 et
1864 1601 2158 1664 defendis,
2213 1602 2316 1672 qui
2374 1605 2427 1655 te

767 1685 1072 1755 invocant,
1103 1692 1158 1743 et
1189 1703 1413 1758 magno
1461 1689 1758 1745 desiderio
1790 1691 1933 1746 adte
1951 1691 2314 1745 acceduntin
2345 1689 2428 1744 di-

764 1774 970 1830 vinam
1000 1770 1175 1830 tuam'
1193 1777 1386 1832 adem
1427 1783 1483 1833 et
1527 1779 1791 1833 maxime
1845 1778 2280 1834 venerandam.
2343 1781 2425 1833 Tu

763 1863 1036 1919 illumina
1068 1869 1303 1920 nostros
1347 1866 1738 1936 intelligentes
1763 1867 1960 1922 cordis
1983 1867 2212 1932 oculos,
2245 1874 2307 1921 ut
2338 1867 2423 1921 in—
2457 1905 2494 1958 Β

769 1951 1131 2022 telligamus,
1160 1961 1478 2027 menteque
1507 1957 2038 2027 apprehendamus
2071 1961 2126 2012 et
2157 1956 2423 2011 enuntie-

769 2055 928 2108 mus,
949 2041 1156 2112 quoad
1183 2043 1310 2112 ejus
1338 2043 1462 2099 tieri
1491 2048 1726 2116 poterit,
1761 2044 2053 2101 miracula
2087 2049 2198 2099 tua
2233 2045 2420 2114 maje-

767 2129 959 2184 statis.
986 2132 1132 2185 Nam
1165 2146 1269 2202 per
1290 2135 1343 2186 te
1367 2133 1647 2189 universa
1673 2133 1919 2205 copiosa
1936 2135 2207 2188 omnium
2230 2131 2442 2187 bono-.

765 2233 902 2273 rum
933 2220 1340 2289 suppeditatio
1362 2221 1540 2277 datur
1563 2222 1639 2277 ab
1663 2223 2055 2294 omnipotenti
2090 2221 2190 2276 Dei
2221 2222 2421 2293 provi-

768 2305 992 2374 dentia,
1023 2307 1094 2361 iis
1120 2309 1222 2379 qui
1249 2309 1309 2363 in
1339 2315 1392 2365 te
1425 2317 1667 2382 sperant
1693 2313 1841 2367 citra
1883 2311 2067 2366 ullam
2099 2310 2422 2366 dubitatio-

768 2410 929 2466 nem,
963 2401 1020 2452 et
1045 2413 1105 2452 se
1128 2398 1442 2456 conferunt
1467 2401 1544 2456 ad
1569 2417 1812 2456 omnem
1841 2401 1922 2456 tui
1955 2400 2385 2456 laudationem.

838 2485 927 2540 ΙΙΙ.
989 2486 1139 2552 Quid
1193 2492 1394 2544 autem
1442 2491 1791 2559 cogitantes,
1823 2496 1926 2546 aut
1955 2490 2176 2562 quibus
2227 2490 2423 2544 verbis

769 2579 1001 2630 utentes
1021 2576 1338 2648 imprimis,
1364 2583 1692 2651 poterimus
1719 2579 2081 2635 sufficienter
2112 2579 2424 2634 ostendere

769 2664 988 2719 divina
1019 2667 1409 2737 providentia
1438 2674 1493 2725 et
1518 2670 1904 2739 benignitatis
1936 2669 2235 2724 infinitum
2269 2668 2427 2740 pela-

768 2758 909 2822 gus?
939 2755 1026 2809 Ad
1057 2758 1321 2827 primum
1355 2759 1513 2813 enim
1546 2759 1773 2815 bonum
1809 2763 1864 2813 et
1903 2759 2067 2830 quod
2127 2758 2426 2830 pracipue

767 2841 966 2912 primo
999 2849 1301 2916 operatur,
1338 2847 1542 2918 quoad
1573 2849 1701 2914 ejus
1735 2846 1862 2902 ﬁeri
1921 2851 2134 2918 potest,
2192 2851 2427 2916 oportet

767 2936 970 3002 aperte
992 2948 1204 2990 omnes
1232 2936 1448 2992 extolli.
1479 2936 1887 3009 Principaliter
1915 2951 2057 3006 ergo
2107 2941 2166 2991 et
2221 2939 2424 3007 aperte

767 3023 824 3075 et
848 3036 920 3075 ex
945 3022 1150 3079 debito
1181 3025 1475 3081 debemus
1503 3032 1699 3082 mente
1721 3027 2007 3095 cogitare,
2031 3025 2135 3098 qui
2164 3025 2423 3094 ﬁguram

766 3109 1018 3166 ferimus
1061 3119 1117 3169 et
1145 3114 1470 3184 imaginem
1509 3117 1658 3187 ejus,
1695 3133 1797 3188 qm
1830 3133 1901 3170 ex
1945 3132 2005 3170 se
2055 3115 2234 3170 habet
2257 3121 2422 3187 pote-

767 3203 982 3255 statem
1013 3206 1069 3257 et
1101 3201 1438 3259 dominium
1474 3205 1692 3260 divina
1726 3207 2021 3268 essentia,
2051 3205 2215 3276 quod
2269 3221 2424 3259 unus

766 3291 854 3343 est
883 3288 1047 3344 solus
1076 3293 1368 3364 Deus,qui
1398 3293 2302 3366 propterinfinitambonitatem
2337 3298 2424 3348 est

767 3377 974 3434 omnia
999 3379 1349 3448 fabricatus,
1383 3399 1518 3454 qua
1552 3388 1691 3438 sunt
1714 3383 1773 3437 in
1797 3383 1958 3438 calls
1984 3386 2040 3437 et
2068 3383 2128 3436 in
2154 3387 2327 3450 terra,
2365 3387 2427 3436 ut

766 3465 908 3522 dicit
936 3467 1175 3533 divinus
1207 3472 1590 3543 Apostolusm
1651 3473 1772 3527 sive
1829 3471 2106 3536 visibilia,
2166 3472 2284 3526 sive
2343 3471 2429 3525 in-

767 3555 1047 3625 visibilia,
1112 3559 1230 3614 sive
1284 3561 1520 3631 Throni,
1599 3561 2065 3626 Dominationes,
2143 3561 2266 3616 sive
2325 3561 2429 3615 Po-

771 3648 1030 3712 testates,
1055 3649 1180 3704 sive
1207 3651 1479 3718 Virtutes,
1507 3652 1627 3707 sive
1651 3651 2044 3723 Principatus,
2076 3651 2198 3706 sive
2246 3650 2431 3708 Arch-

767 3738 985 3807 angeli,
1013 3739 1135 3794 sive
1158 3741 1385 3809 Angeli,
1419 3742 1540 3797 sive
1566 3741 1897 3814 Seraphim,
1928 3741 2051 3796 sive
2079 3740 2428 3800 Cherubim:

768 3833 821 3881 et
852 3828 978 3898 ipse
1003 3833 1090 3884 est
1112 3833 1248 3885 ante
1273 3830 1546 3888 omniaet
1576 3832 1782 3886 omnia
1804 3832 1865 3886 in
1895 3831 2027 3903 ipso
2057 3830 2432 3886 constant?»

768 3917 1048 3981 Quibanc
1078 3919 1258 3974 etiam
1282 3921 1512 3976 variam
1537 3919 1809 3976 condidit
1835 3925 2100 3976 creatam
2151 3924 2433 3975 naturam

764 4006 825 4061 in
851 4023 1036 4062 unam
1065 4008 1246 4062 unius
1280 4010 1489 4065 mundi
1517 4011 1899 4066 harmoniam
1935 4017 1990 4064 et
2029 4009 2434 4082 complemen-

767 4100 916 4150 tum.
949 4096 1056 4161 Qui
1086 4096 1252 4152 solus
1279 4103 1368 4154 est
1393 4099 1693 4168 ingenitus
1716 4105 1771 4154 et
1802 4104 2084 4156 aternus.
2122 4099 2231 4164 Qui
2272 4098 2432 4154 solus

768 4189 854 4240 est
879 4200 1092 4257 expers
1117 4187 1414 4259 principii,
1449 4193 1501 4243 et
1528 4189 1586 4243 in
1621 4205 1802 4261 quem
1827 4205 1948 4244 non
1978 4187 2136 4244 cadit
2161 4187 2432 4244 interitus

768 4279 824 4328 et
848 4274 1005 4329 ﬁnis.
1041 4276 1148 4341 Qui
1178 4275 1340 4332 solus
1374 4283 1461 4333 est
1487 4277 1804 4348 ejusmodi,
1825 4285 1885 4333 ut
1915 4277 2353 4350 comprehendi
2377 4281 2433 4332 et

766 4363 1112 4434 investigari
1143 4371 1199 4420 et
1227 4366 1409 4421 videri
1453 4372 1734 4439 nequeat.
1796 4368 1905 4432 Qui
1964 4367 2131 4422 omni
2179 4368 2430 4421 circum-

766 4454 1084 4526 scriptione
1107 4460 1159 4510 et
1186 4456 1723 4526 comprehensione
1761 4457 2083 4511 essentiam
2120 4456 2304 4510 habet
2337 4472 2430 4510 su-

765 4544 1082 4615 periorem.
1110 4545 1461 4609 Quinullam
1485 4551 1682 4618 potest
1702 4548 2004 4618 suscipere
2035 4546 2429 4602 mutationem

765 4637 821 4687 et
846 4633 1277 4690 alterationem:
1310 4639 1521 4707 estque
1548 4636 1954 4708 omnipotens,
1991 4641 2047 4690 et
2076 4636 2153 4690 ab
2168 4635 2347 4690 exitio
2375 4639 2430 4691 et

765 4723 1003 4779 interitu
1035 4725 1230 4781 aliena
1259 4731 1493 4789 natura,
1528 4726 1662 4781 fons
1698 4726 1998 4797 perennis,
2034 4730 2089 4780 et
2119 4726 2222 4796 qui
2271 4741 2426 4780 nun-

765 4829 950 4886 quam
982 4816 1340 4884 exinanitur,
1372 4815 1831 4870 miscrationum
1862 4822 1917 4870 et
1952 4815 2254 4870 bonitatis:
2303 4831 2428 4870 om-

765 4904 936 4958 nium
954 4903 1294 4960 divinorum
1315 4904 1618 4960 donorum
1635 4913 1687 4960 ct
1707 4905 2057 4974 gratiarum,
2077 4904 2180 4976 qui
2199 4905 2425 4960 exhau-

764 4993 864 5049 riri
897 4994 1144 5049 minime
1175 4999 1385 5067 potest,
1421 4995 1679 5066 ahyssus
1716 5015 1727 5051 :
1760 4994 2204 5060 misericordia,
2262 4994 2427 5066 quod

765 5100 887 5138 non
919 5089 1114 5156 potest
1135 5084 1406 5156 exprimi,
1433 5085 1701 5155 pelagus:
1725 5085 2074 5140 beatissima
2106 5088 2162 5139 et
2186 5100 2428 5140 summa

766 5173 1170 5247 pulchritudo,
1206 5179 1262 5229 et
1292 5174 1418 5230 sola
1448 5191 1658 5230 revera
1711 5174 1914 5244 digna,
1973 5191 2108 5246 qua
2171 5180 2424 5229 ametur.

771 5266 1058 5329 liniversi,
1091 5265 1256 5337 quod
1288 5265 1502 5321 dicitur
1519 5265 1956 5334 etintelligitur,
1987 5265 2132 5320 boni
2164 5264 2429 5320 efﬁciens

766 5363 822 5411 et
851 5357 1200 5429 impertiens
1228 5360 1283 5412 et
1311 5356 1574 5426 largiens
1606 5371 1810 5421 causa,
1869 5362 1925 5410 et
1977 5356 2172 5428 prima
2220 5370 2424 5411 causa.

767 5447 869 5506 llic
901 5453 1012 5515 est,
1041 5447 1145 5520 qui
1168 5452 1410 5521 propter
1441 5445 1636 5502 solam
1664 5445 1994 5502 bonitatem
2050 5444 2429 5501 essentialem

765 5543 822 5596 et
851 5537 1209 5605 naturalem,
1235 5553 1308 5596 ea
1327 5553 1464 5611 qua
1482 5552 1605 5594 non
1631 5540 1801 5595 erant
1821 5535 2173 5609 aliquando,
2188 5535 2428 5592 vocavit

2533 628 2588 678 et
2618 623 2944 686 constituit,
2977 637 3175 694 eaque
3207 622 3669 695 comprehendit
3697 627 3754 678 et
3783 623 4066 690 continet,
4097 622 4184 678 di-

2532 712 2670 782 rigit
2698 711 2962 781 etducit,
2989 711 3185 768 ferens
3213 711 3341 768 solo
3369 716 3522 767 nutu
3575 727 3699 767 sua
3746 711 4084 784 maiestatis
4128 715 4185 767 et

2533 803 2829 874 potentiae.

2607 893 2694 945 ιν.
2736 892 2926 962 Atque
2944 890 3205 962 primum
3218 889 3486 962 quidem,
3506 889 3928 950 convenienter
3950 888 4186 961 etquod

2535 979 2678 1034 dicit
2697 978 3038 1047 Theologus
3060 979 3400 1048 Gregorius,
3416 984 3613 1035 mente
3625 977 4187 1048 agitavitangelicas

2537 1073 2595 1124 et
2619 1067 2884 1124 calestes
2906 1071 3232 1140 potestates
3257 1084 3268 1122 :
3299 1073 3356 1124 et
3378 1067 3544 1139 quod
3565 1072 3764 1123 mente
3785 1067 4053 1136 agitavit,
4079 1065 4188 1121 fuit

2538 1172 2693 1229 opus
2722 1156 2907 1212 verbo
2941 1156 3330 1228 completum,
3361 1161 3418 1212 et
3445 1157 3654 1228 spiritu
3685 1155 4041 1228 perfectum.
4075 1155 4190 1211 Sic-

2537 1262 2656 1319 que
2673 1247 3064 1302 constiterunt
3082 1247 3330 1302 secundi
3347 1245 3718 1318 splendores,
3739 1243 3991 1301 ministri
4011 1243 4191 1316 primi

2541 1335 2896 1406 splendoris,
2929 1335 3053 1390 sive
3084 1334 3477 1405 intelligentes
3509 1335 3906 1406 spiritus,sive
3964 1334 4188 1402 ignem,

2539 1429 2743 1497 utpote
2773 1424 3037 1479 materia
3071 1429 3371 1496 expertem
3401 1429 3458 1479 et
3486 1423 4063 1495 incorporeum,sive
4093 1421 4194 1477 ali-

2537 1528 2726 1584 quam
2757 1511 2936 1567 aliam
2967 1517 3268 1577 naturam,
3301 1512 3465 1585 quod
3497 1528 3686 1584 quam
3713 1511 3983 1583 proxime
4013 1510 4092 1566 ad
4122 1524 4194 1565 ea

2537 1617 2670 1672 qua
2697 1600 2858 1656 dicta
2887 1606 3043 1667 sunt,
3077 1600 3345 1663 accedat,
3377 1615 3478 1655 eos
3506 1599 3849 1655 existimare
3897 1601 4190 1672 oporteat.

2537 1689 2678 1745 Volo
2699 1689 2965 1761 quidem,
2999 1690 3212 1763 inquit,
3241 1689 3430 1744 dicere
3455 1704 3557 1744 eos
3570 1689 3833 1760 primum
3857 1688 3934 1742 ad
3961 1687 4193 1743 malum

2533 1778 2894 1841 immobiles,
2929 1783 2984 1834 et
3011 1780 3114 1850 qui
3147 1779 3348 1834 solum
3376 1777 3604 1833 habent
3631 1777 3776 1833 boni
3826 1781 4078 1843 motum,
4128 1782 4194 1832 ut

2535 1869 2636 1940 qui
2670 1869 2787 1923 sint
2818 1869 2975 1923 circa
3008 1871 3216 1938 Deum,
3251 1873 3305 1922 et
3335 1867 3529 1939 primo
3561 1883 3597 1922 a
3632 1869 3747 1922 Deo
3778 1866 4192 1930 iluminantur,

2533 1973 2676 2013 nam
2709 1973 2842 2029 qua
2874 1957 2969 2012 hic
2997 1963 3152 2027 sunt,
3189 1962 3326 2012 sunt
3374 1956 3653 2012 secunda
3711 1953 4188 2022 illuminationis,

2537 2047 2670 2103 Mihi
2701 2052 2903 2102 autem
2934 2046 3276 2118 persuadet,
3313 2052 3375 2100 ut
3404 2061 3526 2100 non
3557 2044 3921 2114 immobiles,
3953 2043 4061 2099 sed
4111 2043 4191 2099 ad

2533 2135 2903 2190 movendum
2935 2135 3206 2190 difﬁciles
3239 2150 3342 2190 eos
3385 2135 3739 2197 existimem,
3796 2133 3900 2206 qui
3947 2137 4194 2206 propter

2532 2225 2913 2296 splendorem
2944 2224 3194 2289 Lucifer,
3223 2225 3480 2279 etfactus
3500 2224 3899 2279 estetdicetur
3931 2221 4191 2277 tenehra

2533 2319 2774 2386 prOpter
2799 2313 3138 2382 elationem,
3173 2319 3226 2368 et
3257 2329 3394 2385 qua
3427 2313 3538 2368 sub
3565 2328 3636 2367 eo
3686 2312 4021 2368 consistunt
4077 2326 4187 2382 po-

2533 2407 2794 2467 testates,
2827 2403 3329 2458 architectatrices
3362 2403 3502 2468 vitii,
3536 2402 3680 2457 boni
3713 2401 3877 2471 fuga,
3910 2407 3967 2456 et
4013 2399 4192 2455 nobis

2533 2492 2986 2549 conciliatrices.
3021 2498 3209 2565 Atque
3241 2492 3322 2548 sic
3336 2491 3582 2564 quidem
3596 2492 3699 2564 qui
3722 2489 4197 2563 apprehenditur

2533 2581 2940 2653 intelligentia,
2979 2587 3034 2638 et
3061 2587 3300 2654 propter
3331 2581 3458 2636 hac
3485 2581 3751 2636 mundus
3803 2579 3913 2635 fuit
3969 2578 4194 2635 consti—

2535 2675 2718 2727 tutus.

2605 2765 2665 2817 V.
2714 2766 2859 2817 Cum
2896 2766 3096 2816 autem
3131 2762 3326 2834 prima
3356 2761 3407 2817 ei
3439 2765 3594 2816 recte
3628 2776 3691 2816 se
3740 2759 4053 2823 haberent,
4104 2773 4197 2812 se-

2534 2852 2803 2906 cundum
2838 2859 3035 2906 mente
3060 2853 3246 2921 agitat
3279 2851 3573 2906 mundum
3595 2851 3844 2906 materia
3859 2848 4196 2920 praditum,

2532 2946 2588 2995 et
2617 2941 2719 3012 qui
2751 2943 3028 2996 cernitur.
3060 2943 3126 2996 Et
3151 2941 3200 2995 is
3229 2939 3475 3012 quidem
3507 2945 3598 2995 est
3621 2939 3700 3008 id,
3735 2938 3901 3010 quod
3932 2952 4004 2992 ex
4044 2935 4197 2991 calo

2532 3033 2589 3106 et
2622 3033 2798 3094 terra,
2828 3035 2885 3084 et
2909 3028 2980 3083 iis
3009 3045 3145 3100 qua
3177 3028 3677 3093 intercedunt,est
3713 3027 4104 3082 constitutum
4137 3028 4195 3078 et

2533 3122 3044 3188 coagmentatum.
3083 3117 3413 3175 Luciferum
3443 3123 3665 3182 autem,
3696 3132 3834 3171 eum
3865 3115 3969 3188 qui
4007 3129 4044 3170 a
4077 3116 4196 3168 Deo

2533 3207 2746 3263 defecit
2773 3213 2827 3262 et
2854 3224 2989 3263 cum
3028 3223 3098 3262 eo
3130 3207 3421 3278 pugnavit
3451 3212 3507 3262 et
3538 3205 3902 3262 estinsolens
3931 3209 3988 3259 et
4011 3203 4200 3273 jacta-

2536 3297 2800 3363 bundus,
2830 3296 3144 3352 diabolum
3174 3302 3349 3352 vocat
3377 3296 3733 3365 Theologus,
3768 3311 3841 3350 ex
3865 3308 4004 3350 voce
4029 3292 4196 3348 Isaia

2534 3386 2864 3459 propheta,
2898 3387 3001 3458 qui
3030 3387 3158 3457 ejus
3190 3402 3399 3442 casum
3421 3384 3966 3456 deplorat,etdicit:
3987 3403 4015 3436 ‹
4039 3383 4196 3448 Quo-

2539 3475 2722 3531 modo
2755 3476 2964 3531 cecidit
2993 3492 3023 3531 e
3054 3475 3203 3531 calo
3235 3475 3460 3530 Lucifer
3487 3475 3590 3547 qui
3644 3490 3824 3530 mane
3870 3471 4196 3536 oriebatur,

2540 3570 2609 3631 et,
2626 3566 2912 3620 contritus
2937 3569 3021 3620 est
3048 3581 3223 3637 super
3250 3569 3468 3620 terram
3492 3566 3511 3598 ‘
3542 3564 3569 3619 ?
3599 3564 3676 3618 De
3692 3580 3760 3619 eo
3784 3564 3944 3618 enim
3959 3560 4200 3616 divinus

2541 3670 2784 3726 quoque
2815 3653 3019 3723 David,
3051 3653 3129 3709 ad
3156 3670 3256 3709 eos
3284 3653 3390 3726 qui
3420 3653 3687 3708 similiter
3718 3651 3977 3707 adivina
4005 3647 4199 3704 chari-

2541 3747 2660 3798 tate
2686 3743 3079 3808 deﬂuxerant,
3109 3749 3287 3816 atque
3335 3742 3656 3798 sceleratus
3713 3741 3807 3796 ille
3863 3745 3920 3797 et
3949 3738 4203 3795 malitio-

2544 3849 2666 3898 sus,
2725 3832 2827 3903 qui
2856 3832 3172 3899 defecerat,
3229 3832 3367 3887 dicit
3401 3851 3412 3886 :
3450 3852 3477 3880 «
3512 3834 3577 3886 Et
3603 3836 3898 3902 tanquam
3933 3844 4087 3883 unus
4119 3842 4193 3882 ex

2545 3920 2917 3993 principibus
2948 3921 3172 3976 cadetis
3202 3923 3246 3974 ⁵.
3287 3943 3305 3969 ι
3342 3921 3620 3991 Princeps
3652 3919 3811 3975 enim
3839 3921 3965 3974 erat
4020 3915 4203 3971 unius

2545 4008 2798 4078 angelici
2824 4009 3051 4065 ordinis
3082 4010 3142 4064 in
3173 4008 3337 4064 catis
3371 4007 3672 4078 diabolus,
3744 4023 3867 4063 non
3917 4003 4202 4061 diabolus

2546 4098 2623 4153 ah
2653 4099 2817 4154 initio
2845 4099 3176 4170 productus
3211 4103 3266 4154 et
3297 4097 3512 4164 factus,
3540 4097 3647 4153 sed
3676 4097 3876 4153 bonus
3903 4112 3975 4152 ex
4002 4095 4192 4165 bono,

2543 4193 2598 4244 et
2623 4188 2869 4260 pulcher
2899 4205 2969 4243 ex
2996 4188 3246 4261 pulchro
3280 4192 3334 4243 et
3360 4188 3462 4260 qui
3495 4187 3656 4242 solus
3682 4187 3845 4242 bona
3878 4185 4036 4250 facit,
4065 4184 4202 4256 opi-

2540 4276 2651 4332 ﬁce
2679 4277 3116 4332 universorum.
3152 4279 3457 4331 Postremo
3492 4281 3692 4332 autem
3736 4280 3952 4347 prater
4001 4272 4204 4342 legem

2540 4369 2790 4431 natura,
2827 4365 3253 4436 decretumque
3285 4369 3340 4419 et
3371 4364 3665 4420 rationem
3692 4363 3910 4419 divina
3934 4360 4203 4432 justitia,

2539 4454 2774 4526 imperii
2804 4454 3143 4526 cupiditatis
3183 4458 3363 4509 oestro
3419 4453 3694 4525 percitus,
3751 4450 4063 4507 rebellavit
4092 4449 4206 4504 ad-

2539 4560 2750 4599 versus
2787 4546 3148 4613 Creatorem,
3176 4559 3432 4612 regnum
3466 4550 3521 4598 et
3546 4541 3798 4612 gloriam
3829 4540 3945 4596 sibi
3969 4554 4206 4595 conans

2495 4686 2504 4699 ,
2539 4649 2854 4704 usurpare.
2889 4633 3101 4688 Secum
3137 4638 3337 4688 autem
3379 4631 3617 4689 attraxit
3663 4631 3842 4686 etiam
3899 4627 4206 4685 inﬁnitam

2535 4723 2847 4778 rebellium
2870 4723 3338 4790 multitudinem,
3373 4739 3508 4795 qua
3542 4738 3667 4777 sua
3699 4721 3957 4776 stultitia
3983 4724 4040 4774 et
4065 4735 4202 4774 ma-

2535 4813 2670 4868 litia
2704 4829 2842 4867 eum
2875 4811 3488 4884 accepitadjutorem.
3534 4814 3681 4867 Nam
3735 4814 3980 4883 propter
4037 4808 4204 4864 hanc

2537 4918 2786 4958 causam
2817 4902 3018 4973 impia
3048 4902 3448 4970 cogitationis,
3482 4916 3554 4956 ex
3608 4899 3740 4956 cali
3793 4898 4072 4955 convexis
4101 4913 4207 4954 ve-

2535 4992 2801 5048 hementi
2832 4990 3061 5064 impetu
3100 4992 3321 5047 cecidit
3350 4990 3774 5047 exsecrandus.
3835 4993 3984 5046 Nam
4015 4988 4219 5072 simul.

2537 5083 2800 5155 atque.ei
2829 5084 2989 5137 venit
3007 5083 3067 5137 in
3084 5087 3347 5137 mentem
3370 5081 3828 5137 sceleratissima
3848 5084 3905 5135 et
3931 5077 4208 5150 maxime

2538 5171 2725 5244 impia
2754 5172 3053 5243 cogitatio,
3086 5171 3195 5228 fuit
3223 5171 3542 5227 confestim
3568 5171 3858 5227 contritus
3901 5169 3978 5224 ah
4009 5169 4215 5224 omni—

2539 5262 2764 5335 potenti
2797 5263 3070 5332 Domino,
3103 5262 3207 5334 qui
3274 5260 3459 5317 dixit:
3500 5284 3520 5310 ε
3575 5259 3870 5317 Videbam
3913 5261 4212 5315 Satanam

2539 5358 2832 5425 tanquam
2859 5352 3058 5424 fulgur
3087 5367 3118 5408 e
3140 5352 3290 5408 calo
3313 5351 3631 5409 cadentem
3655 5353 3696 5406 ⁸.
3724 5371 3753 5399 κ
3783 5348 4061 5407 Similiter
4099 5365 4215 5405 au-

2539 5447 2661 5498 tem
2691 5441 2765 5498 de
2780 5457 2850 5499 eo
2863 5458 3107 5516 quoque
3129 5442 3279 5498 dixit
3292 5457 3395 5515 per
3411 5439 4168 5513 Ezechielemeprophetam
4196 5457 4210 5496 :

2539 5555 2569 5584 «
2604 5531 2792 5592 Simul
2821 5537 3001 5606 atque
3027 5532 3251 5593 elatum
3273 5532 3383 5592 fuit
3425 5547 3530 5592 cor
3585 5535 3754 5590 tuum
3797 5534 4045 5604 propter
4074 5530 4214 5604 pul-

836 5761 858 5798 ³
889 5759 1114 5826 Colon.
1141 5776 1181 5833 ι,
1218 5762 1305 5820 t6.
1381 5760 1402 5798 ⁸
1433 5759 1529 5822 lla
1554 5775 1673 5835 xiv,
1706 5763 1788 5818 t2.
1867 5760 1888 5796 ⁸
1915 5756 2070 5819 Psal'.
2102 5772 2300 5832 um,
2330 5761 2384 5819 7.
2463 5757 2484 5798 ⁸
2513 5758 2653 5819 Luc.
2683 5771 2745 5829 ι,
2779 5758 2864 5815 l8.
