4468 6440
315 431 420 489 577

1481 427 1570 484 DE
1608 431 1665 488 S.
1705 427 2050 486 MlCﬂAELE
2087 424 2576 484 ARCHANGELO.

3627 423 3729 484 378

314 556 720 613 chritudinem
761 559 949 624 tuam,
1018 559 1074 612 et
1111 554 1313 611 dixisti
1352 554 1410 610 in
1449 555 1806 625 cogitatione
1845 557 1969 624 tua,
2002 553 2048 605 A
2079 551 2221 607 dam
2251 567 2387 623 quae
2419 567 2521 606 eos
2548 549 2876 606 contineret
2914 547 3339 621 hymnodiam,
3390 553 3454 604 ut
3505 550 3610 622 qui
3667 551 3728 607 in

316 649 478 701 Deus
511 661 622 716 ego
655 662 823 700 sum:
855 645 1054 701 statim
1085 661 1121 700 a
1143 649 1351 700 sancto
1375 649 1576 699 monte
1597 658 1733 699 meo
1755 644 1814 698 in
1865 647 1973 697 ter-

314 751 452 790 ram
492 739 547 789 te
587 735 777 804 dejeci
816 749 923 806 per
986 733 1324 798 Cherubim,
1380 737 1437 788 et
1476 732 1690 787 interiit
1728 731 1974 786 scientia

315 828 421 879 tua
453 839 590 879 cum
614 823 1056 895 pulchritudine
1087 828 1220 878 tua:
1252 827 1307 877 et
1339 821 1499 877 dabo
1533 827 1583 876 te
1613 822 1669 876 in
1713 822 1971 875 cinerem

318 928 503 984 snper
521 918 739 968 terram
760 928 962 968 coram
981 911 1264 967 omnibus
1288 917 1339 966 te
1361 911 1702 966 videntibus
1720 912 1762 973 τ,
1795 935 1818 957 ››
1838 909 1973 963 tide-

316 1001 480 1058 libus
521 1001 762 1057 scilicet.
797 1001 1114 1067 Quomodo
1145 1002 1322 1056 etiam
1381 1001 1527 1055 dixit
1583 1000 1867 1054 Dominus
1915 999 1973 1053 in

316 1091 540 1146 divinis
588 1091 956 1160 Evangeliis:
993 1113 1012 1140 ι
1059 1092 1206 1145 Ecce
1265 1089 1343 1144 do
1399 1089 1571 1144 vobis
1623 1091 1973 1160 potestatem

316 1178 794 1251 calcandisuper
817 1184 1123 1250 serpentes
1156 1183 1212 1233 et
1261 1178 1556 1250 scorpios,
1613 1191 1794 1248 super
1849 1191 1972 1230 om-

315 1285 457 1324 nem
483 1274 803 1341 potstatem
832 1269 1058 1324 inimici
1096 1271 1140 1326 ⁸.
1169 1291 1196 1316 ››

391 1358 478 1413 Vl.
507 1357 787 1414 Nonnulli
837 1363 1037 1414 autem
1069 1357 1336 1412 discendi
1393 1355 1595 1428 cupidi
1642 1355 1970 1426 inquirunt,

318 1463 471 1502 num
512 1453 828 1520 propterea
859 1447 1198 1517 sitejectus,
1239 1446 1402 1517 quod
1443 1445 1633 1500 Adam
1674 1460 1809 1497 cum
1852 1457 1973 1497 non

315 1538 676 1594 adoraverit.
699 1540 1014 1594 Estautem
1035 1536 1350 1592 stultorum
1369 1534 1841 1606 etinsipientium
1861 1534 1974 1588 hoc

315 1627 536 1682 dicere.
585 1626 805 1682 Cecidit
831 1625 1110 1681 diabolus
1169 1625 1528 1696 priusquam
1586 1621 1774 1677 factus
1823 1626 1977 1676 esset

314 1717 536 1782 Adam,
561 1715 871 1787 quomodo
895 1717 1091 1770 Patres
1117 1718 1322 1785 aperte
1348 1712 1740 1785 pronuntiant
1765 1725 1975 1766 omnes

316 1805 570 1874 angelos
597 1805 783 1860 fuisse
806 1805 993 1860 factos
1011 1809 1148 1859 ante
1171 1802 1387 1858 ecelum
1408 1807 1461 1857 et
1487 1806 1728 1857 terram.
1766 1799 1976 1854 Diabo-

2080 641 2275 712 primo
2295 639 2426 695 loco
2450 643 2803 706 staret,cum
2833 636 3214 708 Seraphimet
3233 637 3520 694 omnibus
3549 639 3730 694 simul

2081 728 2297 783 divinis
2324 734 2377 784 et
2407 727 2746 783 cmlestibus
2768 725 3186 798 potestatibus,
3213 741 3439 795 magna
3459 742 3606 783 voce
3639 744 3729 783 ce-

2083 817 2242 884 cinit,
2274 817 2537 871 divinam
2571 815 2732 871 illam
2766 821 2976 886 etquae
3007 830 3323 886 nunquam
3354 819 3551 887 potest
3575 816 3730 872 desi-

2083 922 2221 960 nere
2249 905 2672 976 omnipotentis
2699 904 3047 968 divinitatis,
3073 919 3208 975 quas
3253 909 3343 958 est
3366 904 3731 976 principium

2083 993 2345 1059 luminis,
2372 995 2667 1065 unicaque
2696 998 2783 1048 est
2805 992 2980 1051 trina.
3005 1007 3110 1062 per
3137 997 3408 1047 sanctam
3433 991 3729 1062 gloriﬁca-

2085 1083 2342 1137 tionem:
2372 1084 2643 1149 Sanctus,
2677 1086 2945 1143 sanctus,
2985 1086 3228 1136 sanctus
3285 1081 3573 1136 Dominus
3627 1084 3730 1138 Ξει-

2084 1171 2298 1226 baoth:
2333 1171 2506 1242 plena
2528 1175 2614 1224 est
2632 1171 2914 1225 universa
2933 1175 3084 1224 terra.
3103 1169 3292 1237 gloria
3315 1170 3443 1239 ejus
3470 1172 3533 1224 ¹⁰.
3559 1174 3602 1225 Α
3631 1170 3732 1225 Dei

2083 1275 2224 1314 vero
2253 1259 2766 1314 administratoria
2791 1258 2997 1313 divina
3015 1257 3202 1327 gloria
3224 1257 3514 1313 alienatus
3545 1259 3734 1314 male-

2083 1348 2231 1403 ficus
2261 1349 2557 1407 diabolus.
2583 1363 2720 1402 cum
2751 1347 2997 1402 vidisset
3029 1351 3368 1402 terrestrem
3421 1348 3732 1403 hominem

2083 1455 2211 1493 esse
2237 1440 2450 1510 quavis
2483 1455 2542 1492 re
2571 1443 2771 1492 creata
2805 1435 3275 1502 honoratiorem,
3299 1441 3363 1491 ut
3413 1438 3515 1508 qui
3540 1437 3734 1492 Domi-

2085 1527 2232 1582 nicis
2270 1526 2549 1588 manibus
2581 1526 2772 1581 factus
2803 1525 3057 1581 essetad
3102 1541 3274 1580 suam
3328 1524 3652 1596 imaginem
3678 1528 3736 1582 et

2087 1615 2559 1680 similitudinem,
2593 1615 2795 1670 statuit
2826 1630 2966 1669 eum
3012 1614 3149 1669 totis
3181 1613 3408 1669 viribus
3455 1629 3735 1685 separare

2085 1711 2139 1761 et
2171 1706 2397 1777 eripere
2425 1704 2501 1759 ad
2529 1705 2682 1775 ejus,
2717 1704 2818 1775 qui
2845 1704 3049 1774 ipsum
3079 1703 3297 1758 fecerat
3326 1707 3382 1758 et
3411 1703 3738 1759 bonorave-

2086 1800 2195 1858 rat,
2221 1794 2465 1850 salutari
2496 1798 2815 1865 praecepto.
2852 1792 3064 1847 Videns
3106 1792 3264 1847 enim
3325 1792 3625 1863 malignus
3681 1797 3739 1850 et

315 1895 447 1951 lum
498 1912 640 1950 vero
695 1900 783 1950 est
839 1894 1153 1967 probabile
1210 1897 1427 1966 quarto
1493 1892 1587 1947 die
1668 1891 1972 1959 cecidisse,
2009 1901 2046 1955 Β
2085 1884 2405 1940 sceleratus
2433 1885 2563 1938 sein
2587 1888 2852 1937 extrema
2873 1881 3369 1950 esseignominia,
3404 1881 3580 1964 valde
3605 1897 3735 1938 cru-

317 1986 573 2060 quando
606 1988 754 2042 Deus
788 1985 1288 2046 facitluminaria.
1313 1985 1466 2039 sicut
1497 1984 1781 2055 scriptum
1809 1983 1975 2038 estin

315 2077 465 2133 Job:
494 2100 518 2125 ‹‹
547 2075 803 2140 Quando
824 2074 981 2130 facta
1004 2080 1140 2130 sunt
1161 2078 1343 2141 astra,
1371 2072 1696 2128 laudarunt
1720 2087 1812 2127 me
1849 2087 1974 2126 ma-

318 2181 443 2237 gna
465 2179 612 2220 voce
631 2179 844 2219 omnes
861 2164 1055 2233 angeli
1071 2163 1208 2228 mei,
1229 2162 1536 2234 ethymnis
1551 2161 1975 2216 celebrarunt“.

329 2256 580 2325 Semper
609 2253 768 2308 enim
797 2253 977 2308 etiam
1025 2268 1146 2307 non
1179 2252 1351 2306 tacite
1395 2251 1621 2320 angelis
1657 2250 1976 2305 Dominum

319 2343 816 2413 gloriﬁcantibus,
847 2347 988 2397 tunc
1034 2342 1250 2412 majori
1299 2356 1445 2396 voce
1499 2356 1639 2394 eum
1695 2338 1978 2395 laudibus

320 2433 721 2498 celebrarunt,
756 2438 820 2487 ut
851 2431 1211 2501 significavit
1237 2431 1561 2503 Scriptura,
1615 2434 1858 2502 propter
1886 2430 1978 2500 ju-

321 2527 486 2578 stum
511 2521 733 2577 scilicet
765 2536 973 2576 casum
1015 2521 1264 2589 maligni
1296 2519 1470 2585 illius,
1499 2519 1601 2592 qui
1659 2519 1976 2574 defecerat.

323 2616 569 2672 Oportet
621 2616 820 2667 autem
856 2611 1006 2666 scire
1037 2626 1110 2666 ex
1145 2611 1362 2666 nostris
1410 2610 1662 2681 scriptis,
1695 2624 1729 2663 o
1760 2607 1980 2676 dilecti,

320 2700 494 2774 quod
523 2702 719 2757 omnis
751 2701 970 2755 chorea
999 2704 1055 2755 et
1084 2699 1232 2754 ordo
1279 2697 1461 2754 habet
1484 2698 1699 2753 ducem
1731 2697 1980 2766 ordinis,

321 2792 428 2863 qui
453 2789 660 2862 incipit
686 2788 1031 2844 melodiam.
1059 2789 1150 2844 Sic
1174 2787 1347 2843 etiam
1382 2788 1455 2842 de
1487 2787 1708 2842 sanctis
1756 2785 1983 2856 angelis

321 2882 468 2936 dicit
484 2880 825 2952 Dionysius,
845 2878 1251 2948 angelicorum
1272 2878 1552 2933 ordinum
1575 2877 1982 2932 divinissimus

321 2971 616 3042 interpres
639 2987 650 3024 :
672 2973 797 3025 Non
814 2968 1075 3024 absurde
1094 2968 1299 3023 divina
1313 2972 1369 3022 et
1386 2967 1671 3036 caelostia,
1693 2966 1983 3022 materiali

321 3065 543 3116 nostrae
561 3058 910 3126 hierarchae,
928 3073 1038 3130 pro
1057 3056 1282 3112 viribus
1301 3056 1612 3118 sensiliter,
1632 3055 1833 3128 quoad
1855 3056 1983 3125 ejus

321 3149 455 3204 ﬁeri
478 3152 690 3220 potest,
714 3152 852 3202 sunt
869 3146 1216 3202 assimilata.
1242 3148 1461 3201 Ducem
1484 3161 1624 3200 vero
1642 3144 1866 3200 ordinis
1885 3161 1986 3200 an-

2084 1973 2386 2028 ciabatur:
2423 1977 2477 2026 et
2498 1987 2635 2025 cum
2663 1986 2783 2024 non
2814 1974 3022 2041 posset
3051 1970 3128 2024 ad
3156 1971 3341 2025 Deum
3373 1969 3652 2037 converti,
3676 1971 3737 2026 in

2089 2063 2187 2117 Dei
2219 2061 2542 2129 imaginem
2560 2076 2734 2114 suam
2748 2058 2958 2115 effudit
2978 2058 3446 2131 improbitatem,
3471 2063 3526 2115 et
3547 2059 3739 2116 effecit

2087 2156 2147 2205 ut
2172 2151 2352 2206 homo
2379 2155 2532 2204 esset
2563 2148 2862 2204 obnoxius
2895 2148 3152 2203 interitui
3183 2154 3237 2203 et
3266 2148 3461 2214 morti,
3500 2164 3571 2204 eo
3619 2149 3738 2219 eje-

2088 2247 2180 2296 cto
2212 2257 2240 2295 e
2262 2239 2483 2294 divinis
2511 2245 2567 2294 et
2593 2238 2842 2293 viviticis
2873 2237 3137 2310 paradisi
3167 2237 3416 2304 deliciis,
3452 2241 3514 2293 Et
3535 2238 3740 2295 statuit

2089 2334 2242 2386 Deus
2269 2328 2585 2384 Cherubim
2611 2327 3030 2383 etﬂammeam
3052 2327 3472 2398 rhomphteam
3494 2327 3740 2383 versati-

2087 2419 2224 2483 lem,
2260 2424 2321 2472 ut
2351 2417 2679 2473 custodiret
2704 2417 3078 2489 paradisum.
3109 2416 3221 2473 Sed
3253 2417 3359 2471 etsi
3389 2417 3471 2472 sic
3493 2416 3739 2489 quidem

2090 2509 2396 2565 cecidisset
2424 2507 2629 2571 homo,
2664 2507 2766 2578 qui
2800 2506 3054 2561 liberum
3090 2505 3356 2561 habebat
3405 2505 3737 2573 arbitrium,

2091 2605 2145 2654 et
2163 2616 2196 2653 a
2218 2599 2378 2653 bono
2402 2602 2559 2652 statu
2579 2596 2942 2665 deﬂuxisset,
2966 2611 3083 2650 non
3107 2611 3244 2651 eum
3267 2595 3539 2667 despexit
3561 2596 3739 2664 Deus,

2091 2689 2194 2743 sed
2228 2691 2290 2742 ut
2319 2687 2420 2758 qui
2449 2688 2518 2741 sit
2543 2690 2753 2741 natura
2800 2684 3098 2753 benignus
3126 2689 3182 2740 et
3204 2684 3414 2754 ingens
3442 2701 3608 2741 mare
3637 2686 3743 2741 ha-

2091 2777 2228 2832 beat
2248 2775 2548 2841 bonitatis,
2568 2774 2746 2830 veluti
2768 2773 3054 2846 quaedam
3075 2789 3245 2829 arma
3267 2773 3345 2829 ad
3380 2789 3743 2830 conservan-

2091 2867 2237 2921 dum
2271 2864 2644 2920 validissima
2685 2863 2735 2918 ei
2765 2862 3024 2935 praebuit
3060 2878 3351 2932 magnum
3399 2863 3743 2920 Michaelem

2088 2953 2308 3010 militia:
2342 2952 2674 3024 principem
2720 2951 3005 3006 adversus
3035 2950 3260 3006 diaboli
3283 2951 3610 3022 potentiam
3639 2968 3651 3006 :
3683 2955 3746 3008 ut

2090 3041 2414 3099 custodiret
2479 3047 2535 3096 et
2590 3040 2935 3096 defenderet
2983 3040 3314 3108 hominem,
3373 3041 3477 3112 qui
3530 3041 3743 3112 lapsus

2091 3133 2301 3197 fuerat,
2340 3135 2398 3186 ut
2422 3129 2732 3201 quomodo
2760 3129 3056 3184 ceciderat
3089 3144 3192 3200 per
3221 3129 3608 3201 imperitiam,
3638 3144 3745 3202 per

324 3219 537 3307 gelidae
570 3237 803 3291 chorea;
835 3234 1272 3290 lucidissimum
1306 3240 1362 3290 et
1392 3235 1727 3289 maximum
1758 3234 1984 3290 militia;
2017 3257 2055 3312 ρ
2091 3221 2541 3278 laboriosiorem
2564 3235 2777 3275 cursus
2798 3219 3036 3273 vivendi
3067 3219 3354 3274 rationem
3378 3223 3434 3274 et
3471 3219 3744 3275 divinam

324 3326 663 3398 principem
690 3325 1029 3381 Michaelem
1063 3325 1408 3394 intelligere,
1443 3343 1474 3380 a
1505 3325 1738 3398 superis
1785 3325 1984 3396 accepi

327 3431 491 3471 mus.

326 3504 696 3560 Miraculum
704 3506 970 3574 primum
991 3504 1060 3560 de
1075 3504 1290 3561 rebelli
1300 3511 1352 3560 et
1374 3504 1626 3573 superbo
1647 3505 1900 3568 Satana,
1930 3509 1983 3559 et

725 3595 1050 3650 immundis
1077 3598 1202 3665 ejus
1230 3595 1560 3664 spiritibus.

404 3685 519 3740 Vll.
558 3683 663 3739 Hic
692 3698 835 3752 ergo
876 3667 1263 3739 ﬁdelissimus
1287 3688 1342 3739 et
1386 3683 1821 3749 sanctissimus,
1856 3699 1985 3740 ma-

335 3788 496 3842 gnus
522 3773 816 3828 exercitus
846 3772 970 3828 dux
1015 3773 1277 3841 Michael,
1338 3773 1522 3828 divini
1575 3773 1804 3828 consilii
1855 3774 1987 3844 pius

333 3862 628 3930 minister,
662 3862 765 3934 qui
797 3867 1041 3934 propter
1093 3863 1470 3918 Dominicum
1501 3866 1558 3918 et
1609 3863 1987 3934 omnipoten-

330 3953 455 4005 tem
482 3951 1040 4022 divinumjussum,
1064 3951 1124 4007 in
1145 3955 1361 4007 terram
1382 3951 1519 4022 jecit
1545 3968 1616 4007 ex
1648 3951 1988 4007 ccelestibus

330 4039 648 4095 absidibus
670 4039 954 4097 rebellem
967 4045 1024 4096 et
1045 4040 1374 4113 superbum
1399 4041 1688 4097 Satanam
1703 4057 1838 4096 cum
1860 4043 1988 4112 ejus

325 4128 684 4195 immundis,
716 4133 772 4185 et
797 4129 1080 4200 malignis
1107 4129 1414 4202 spiritibus
1441 4148 1453 4186 :
1487 4135 1624 4186 tunc
1653 4131 1714 4185 in
1755 4146 1857 4186 eos
1897 4131 1986 4185 in-

325 4222 561 4286 vectus,
593 4223 650 4274 et
691 4219 1063 4291 triumphum
1113 4235 1299 4289 agens
1348 4219 1421 4274 de
1475 4235 1684 4274 eorum
1737 4219 1984 4287 malitia,

324 4307 710 4377 congregatis
724 4310 950 4364 cunctis
964 4308 1315 4377 angelorum
1330 4309 1588 4381 populis.
1605 4325 1986 4378 magnavoce

327 4396 599 4452 laudavit
646 4398 832 4453 Deum
888 4399 1310 4453 universorum
1388 4403 1443 4452 et
1513 4399 1986 4470 omnipotentem

326 4486 674 4555 Dominum,
706 4486 1011 4557 angelicos
1044 4501 1255 4556 greges
1284 4503 1356 4542 eo
1405 4486 1586 4542 veluti
1643 4487 1867 4542 ducens
1926 4493 1989 4542 ut

2093 3313 2358 3368 virtutem
2376 3312 2706 3365 instaurato
2721 3307 3389 3373 praelio,victoreffectus
3404 3313 3744 3369 coronetur.

2167 3419 2280 3474 VII.
2312 3422 2488 3473 Porro
2518 3420 2716 3472 autem
2747 3414 3092 3483 archangeli
3125 3414 3419 3470 Michaelis
3451 3415 3748 3470 suasioni-

2095 3508 2212 3565 bus
2246 3513 2300 3563 et
2329 3506 2569 3562 monitis
2597 3505 2921 3560 instructus
2952 3503 3169 3566 Adam,
3201 3508 3257 3559 et
3284 3503 3483 3573 ligone
3526 3509 3747 3561 terram

2097 3599 2350 3666 fodiens,
2392 3602 2446 3652 et
2475 3595 2695 3651 sudore
2747 3599 2802 3650 et
2856 3593 3061 3650 labore
3115 3592 3418 3662 frugaliter
3466 3594 3746 3665 nutritus,

2098 3704 2219 3743 non
2248 3687 2356 3741 fuit
2383 3685 2643 3756 amplius
2677 3684 2959 3738 seductus
2992 3683 3068 3737 ad
3097 3682 3360 3738 hominis
3390 3682 3634 3740 inimico
3691 3688 3750 3740 et

2101 3779 2198 3834 Dei
2221 3778 2411 3841 hoste,
2447 3791 2554 3830 nec
2612 3790 2833 3847 passus
2884 3778 2972 3829 est
3018 3773 3200 3829 aliam
3253 3773 3745 3830 commotionem.

2101 3870 2248 3923 Nam
2280 3866 2357 3922 ab
2389 3882 2459 3921 eo
2484 3870 2752 3936 tempore
2783 3863 3032 3918 omnino
3073 3879 3212 3917 eum
3266 3861 3442 3918 valde
3486 3862 3751 3919 habebat

2099 3958 2236 4013 odio
2263 3959 2462 4011 mente
2489 3953 2722 4024 agitans
2749 3968 2854 4024 per
2893 3951 3308 4024 prOpheticum
3367 3967 3586 4017 rorem,
3644 3951 3752 4024 qui

2099 4046 2297 4101 adhuc
2321 4045 2380 4100 in
2402 4059 2472 4099 eo
2499 4044 2690 4098 inerat
2711 4040 2857 4096 illud
2883 4059 2941 4096 ;‹‹
2969 4045 3045 4096 Ne
3064 4041 3170 4096 des
3194 4041 3255 4096 in
3278 4041 3750 4097 commotionem

2097 4135 2314 4208 pedem
2330 4139 2520 4200 tuum,
2556 4137 2609 4188 et
2635 4147 2756 4188 non
2778 4131 3145 4197 dormitabit,
3165 4131 3266 4203 qui
3284 4134 3339 4186 te
3361 4130 3704 4202 custodit“,
3721 4153 3751 4184 »

2099 4224 2370 4294 angelus.
2401 4223 2487 4278 Ab
2518 4239 2588 4278 eo
2616 4223 2776 4277 enim
2807 4225 3075 4292 tempore
3129 4220 3430 4276 credimus
3479 4235 3591 4276 nos
3647 4220 3752 4278 ha-

2096 4314 2237 4369 bere
2269 4312 2554 4383 angelum
2584 4311 2908 4382 unicuique
2936 4309 3152 4366 animae
3196 4309 3433 4374 ducem,
3492 4313 3558 4365 ut
3611 4309 3755 4367 dicit

2101 4403 2385 4458 Dominus
2399 4402 2456 4456 in
2470 4399 2803 4470 Evangeliis
2825 4419 2835 4451 :
2855 4423 2880 4450 ς(
2899 4400 3096 4454 Videte
3113 4414 3187 4454 ne
3201 4399 3547 4471 despietatis
3560 4414 3752 4454 unum

2101 4493 2281 4547 exhis
2303 4492 2524 4565 parvis,
2555 4490 2658 4562 qui
2685 4494 2823 4545 sunt
2861 4489 3132 4544 minimi:
3191 4489 3388 4560 angeli
3445 4490 3608 4545 enim
3657 4506 3754 4546 eo-

328 4579 521 4631 status
548 4577 962 4633 meminissent
990 4577 1340 4647 immobilis,
1370 4582 1426 4632 et
1455 4593 1589 4649 quas
1640 4577 1803 4634 bona
1851 4577 1990 4634 facit
2024 4615 2066 4666 Ι)
2099 4598 2233 4636 rum
2265 4580 2503 4635 assidue
2535 4579 2738 4635 vident
2770 4578 2984 4633 faciem
3012 4579 3196 4634 Patris
3222 4577 3421 4648 vestri,
3445 4579 3551 4651 qui
3577 4583 3667 4636 est
3692 4581 3753 4637 in

328 4665 687 4730 stabilitatis,
719 4671 776 4722 et
803 4667 947 4722 dicit
971 4685 983 4723 :
1014 4666 1427 4733 Attendamus,
1453 4667 1699 4738 perinde
1730 4683 1799 4722 ac
1822 4668 1868 4722 si
1897 4667 1986 4722 di-

328 4760 518 4811 ceret:
552 4755 662 4821 Qui
689 4757 867 4812 creati
897 4755 1149 4822 fuerant,
1183 4762 1238 4812 et
1276 4757 1499 4829 quibus
1557 4756 1868 4828 obtigerat,
1924 4762 1990 4814 ut

328 4847 488 4901 Deus
509 4845 806 4902 increatus
829 4852 884 4902 et
905 4845 1352 4918 inaspectabilis
1367 4862 1467 4901 eos
1482 4846 1837 4918 produceret
1851 4863 1986 4919 pro-

325 4938 462 5006 pter
487 4934 826 4990 naturalem
853 4951 1028 4991 suam
1058 4935 1410 5001 bonitatem,
1436 4935 1583 5007 quid
1642 4935 1725 4991 eis
1773 4937 1992 4992 accidit

325 5024 434 5097 qui
487 5023 806 5080 nobiscum
860 5025 1174 5097 hucusque
1249 5025 1468 5080 divinis
1535 5026 1989 5083 illustrabantur

326 5113 758 5184 splendoribus
771 5115 796 5168 ἶ)
811 5115 1378 5170 Animadvertamus
1396 5132 1581 5187 quam
1598 5133 1658 5172 re
1669 5133 1776 5188 pen
1789 5122 1839 5172 te
1857 5133 1986 5172 mu-

324 5204 430 5259 tati
481 5209 619 5259 suut
683 5204 740 5258 in
807 5203 1086 5260 tenebras
1157 5211 1401 5277 propter
1462 5206 1870 5275 arrogantiam
1934 5212 1989 5261 ct

320 5294 837 5364 contemptionem
865 5295 993 5364 ejus
1015 5296 1119 5366 qui
1143 5311 1244 5349 eos
1267 5295 1502 5350 fecerat.
1539 5297 1986 5364 Coguoscamus

321 5399 482 5456 quos
504 5382 734 5440 fructus
757 5383 1030 5440 conciliet
1045 5384 1215 5439 liberi
1241 5384 1758 5441 arbitriivoluntas
1778 5386 1986 5442 incon-

318 5473 607 5542 siderata,
640 5477 698 5528 et
723 5477 948 5529 stemus
971 5473 1358 5529 immobiliter
1378 5475 1436 5529 in
1461 5475 1692 5538 timore,
1712 5476 1983 5548 quotidie

317 5562 598 5619 divinum
628 5561 898 5618 ofﬁcium
928 5562 1264 5619 offerentes.
1292 5567 1472 5620 Porro
1515 5569 1718 5620 autem
1771 5582 1983 5637 quam-

1302 5690 1322 5724 ⁸
1357 5691 1492 5746 Luc.
1529 5707 1587 5760 x,
1624 5694 1708 5748 19.

1383 5763 1428 5799 ¹⁴
1456 5767 1579 5822 Act.
1615 5778 1718 5836 xu,
1754 5767 1795 5820 6
1816 5779 1989 5844 seqq.

389 5689 410 5721 ⁷
446 5688 654 5746 Ezech.
683 5702 931 5758 xxxvm,
963 5693 994 5743 7
1027 5704 1197 5762 seqq.

313 5766 476 5832 Xvui,
514 5764 597 5818 to.
705 5762 750 5798 ¹³
783 5764 925 5820 Gen.
958 5777 1155 5830 XLVIII,
1191 5765 1277 5823 16.

1784 5692 1804 5724 9
1836 5690 1950 5746 Job
1981 5705 2223 5762 xxxvui,
2256 5696 2309 5747 7.

2100 4671 2261 4726 caelis
2287 4673 2350 4724 ¹².
2379 4693 2406 4720 ››
2437 4668 2710 4725 Similiter
2745 4667 2924 4723 etiam
2956 4667 3099 4723 dicit
3135 4667 3320 4724 Jacob
3364 4668 3708 4740 patriarcha
3738 4686 3752 4725 :

2101 4784 2125 4813 ι
2160 4759 2439 4830 Angelus,
2475 4758 2578 4830 qui
2599 4773 2695 4813 me
2721 4757 2934 4813 liberat
2990 4772 3026 4812 a
3066 4757 3244 4813 malis
3304 4758 3591 4814 omnibus
3622 4760 3686 4814 ¹³.
3727 4778 3756 4808 ››

2099 4853 2224 4906 Non
2259 4849 2440 4904 dixit:
2478 4848 2587 4913 Qui
2615 4863 2710 4902 me
2743 4845 3034 4912 liberavit,
3066 4847 3211 4902 sed:
3251 4847 3359 4912 Qui
3387 4863 3485 4903 me
3518 4847 3753 4904 liberat.

2101 4940 2250 5004 Quin
2285 4938 2465 4994 etiam
2516 4937 2758 4994 beatum
2813 4935 3153 5007 apostolum
3213 4938 3450 4992 Petrum
3510 4953 3758 4995 amanu

2101 5027 2347 5084 Herodis
2375 5027 2624 5097 angelus
2662 5027 2896 5082 Domini
2925 5026 3200 5082 liberavit
3235 5028 3299 5081 “.
3333 5027 3519 5084 Simul
3575 5033 3757 5102 atque

2099 5119 2259 5173 enim
2289 5118 2676 5173 constitutum
2703 5115 2811 5171 fuit
2834 5116 3173 5171 humanum
3193 5132 3407 5188 genus,
3436 5118 3592 5188 jussi
3619 5123 3760 5176 sunt

2100 5207 2297 5276 angeli
2325 5208 2456 5276 ejus
2484 5207 2618 5261 vitae
2651 5222 2858 5262 curam
2896 5221 3120 5276 gerere,
3150 5211 3208 5262 et
3255 5222 3757 5279 unumquemque

2098 5297 2408 5352 hominem
2445 5295 2686 5351 fidelem
2727 5295 2969 5351 sortitus
3007 5301 3096 5351 est
3134 5295 3333 5352 bonus
3376 5295 3652 5365 angelus,
3692 5301 3759 5353 ut

2099 5387 2229 5456 ejus
2257 5387 2440 5442 vitam
2468 5390 2877 5458 componeret,
2901 5384 3098 5456 etejus
3121 5387 3389 5441 animam
3422 5385 3754 5457 perliceret.

2098 5476 2255 5532 Multi
2279 5479 2482 5532 autem
2505 5492 2643 5531 cum
2673 5491 2744 5530 eo
2765 5475 3068 5531 luctantur
3087 5474 3398 5531 daemones
3423 5491 3459 5530 a
3477 5475 3575 5532 via
3599 5479 3761 5533 recta

2097 5582 2237 5621 eum
2250 5565 2534 5622 facientes
2547 5565 2844 5622 aberrare.
2863 5565 3197 5621 immundis
3209 5565 3370 5621 enim
3383 5564 3762 5622 daemonibus

2418 5691 2464 5726 ιο
2497 5692 2611 5748 Isa.
2639 5706 2719 5759 vr,
2756 5693 2808 5760 3,
2909 5691 2951 5727 “
2986 5689 3141 5748 Psal.
3168 5707 3301 5762 cxx,
3335 5694 3385 5748 3.
3487 5691 3531 5726 ¹²
3558 5689 3760 5754 Matth.
