4468 6440
728 402 836 463 579

1940 395 2421 466 PANTALEONIS
2460 382 2745 467 omnem
2791 388 2897 468 cr.

4034 388 4142 470 eeo

729 547 852 589 non
882 534 1020 587 sunt
1044 546 1202 587 curre
1221 529 1512 598 inﬁdeles,
1538 531 1641 590 sed
1671 532 1711 604 ii
1741 532 1846 613 qui
1874 533 1970 615 pie
2000 533 2244 610 vivunt;
2290 533 2376 589 eis
2407 537 2457 588 A
2485 532 2824 612 effectorem
2849 548 3178 607 agnoscere
3207 549 3279 611 ex
3300 533 3714 615 magnitudine
3726 538 3782 591 et
3810 535 4137 607 pulchritu-

730 621 888 676 enim
916 619 1202 684 invident,
1233 623 1290 674 et
1317 635 1454 690 cum
1486 620 1569 676 eis
1598 611 1824 676 bellum
1855 611 2087 691 gerunt.
2122 620 2377 698 Quando
2415 627 2424 636 ‘

731 715 932 775 autem
981 707 1253 763 ambulat
1296 708 1543 784 quidem
1587 709 1648 764 in
1694 710 2002 785 sanctitate
2050 715 2108 766 et
2150 710 2381 781 justitia

727 797 913 852 homo
943 795 1157 862 ﬁdelis,
1187 795 1422 851 laetatur
1452 795 1726 866 angelus,
1751 798 1855 869 qui
1882 805 1937 853 et
1967 797 2076 853 fuit
2102 798 2278 853 datus
2300 797 2378 852 ad

727 886 928 959 ipsum
949 884 1429 941 custodiendum.
1450 885 1703 951 Quando
1734 903 1871 942 vero
1902 903 1938 942 a
1967 889 2062 943 via
2083 893 2244 942 recta
2276 886 2378 942 de-

728 974 1053 1044 clinaverit,
1087 973 1267 1029 tristis
1294 973 1542 1046 quidem
1572 981 1660 1029 est
1713 971 1910 1030 bOnus
1963 975 2234 1047 angelus,
2261 975 2378 1029 dte-

729 1078 940 1119 mones
970 1067 1171 1119 autem
1201 1060 1498 1120 exsiliunt.
1527 1065 1658 1119 Jam
1689 1080 1825 1118 vero
1852 1079 2109 1133 magnus
2135 1079 2380 1136 quoque

726 1152 873 1208 dicit
896 1151 1142 1208 Basilius
1171 1168 1182 1206 :
1217 1153 1365 1208 Sunt
1395 1153 1613 1222 angeli,
1644 1153 1747 1226 qui
1773 1153 1833 1208 in
1886 1159 2136 1226 utraque
2187 1152 2380 1210 eccle—

729 1241 818 1297 sia
847 1239 1195 1297 describunt
1221 1255 1325 1295 eos
1356 1240 1459 1313 qui
1493 1247 1667 1296 orant
1709 1247 1763 1297 et
1798 1241 2097 1312 jejunant.
2149 1241 2311 1303 Vide.
2344 1257 2382 1297 o

725 1330 934 1397 homo,
949 1345 1022 1385 ne
1041 1336 1286 1400 propter
1297 1343 1550 1401 parvam
1567 1327 1929 1402 voluptatem
1944 1336 2002 1385 et
2014 1331 2253 1386 brevem
2269 1330 2383 1385 hoc

724 1418 1021 1476 damnum
1033 1418 1310 1489 accipias,
1327 1417 1487 1491 quod
1505 1422 1560 1474 te
1581 1434 1702 1473 non
1716 1419 2096 1490 descripserit
2111 1419 2381 1494 angelus.

797 1508 886 1563 Ix.
917 1509 983 1563 Et
1006 1507 1066 1562 in
1115 1505 1394 1561 fidelibus
1439 1505 1708 1578 quidem,
1777 1513 1840 1563 ut
1879 1510 2043 1578 prius
2089 1507 2372 1563 diximus.

728 1613 884 1655 unus
915 1595 1162 1666 angelus
1190 1610 1224 1650 a
1257 1594 1377 1650 Deo
1410 1594 1586 1651 datus
1607 1606 1702 1651 est
1733 1596 2072 1668 unicuique.
2138 1600 2197 1651 In
2250 1595 2379 1650 inﬁ-

723 1685 962 1744 delibus
994 1688 1194 1740 autem
1239 1698 1737 1756 unamquamque
1793 1685 2087 1754 integram
2141 1689 2378 1754 gentem

724 1774 967 1832 sortitus
991 1777 1081 1828 est
1105 1787 1260 1827 unus
1286 1770 1555 1841 angelus,
1583 1777 1645 1827 ut
1669 1772 1812 1829 dicit
1837 1773 2171 1846 Scriptura:
2202 1795 2228 1824 «
2251 1775 2375 1829 Sta-

2484 622 2623 679 dine
2653 639 2853 681 rerum
2903 622 2981 679 ab
3020 638 3091 679 eo
3117 627 3476 695 creatarum,
3531 624 3667 695 pius
3688 623 3784 681 ille
3810 625 4135 691 Abraham,

2486 727 2621 766 cum
2655 728 2724 768 ex
2751 711 2932 767 rebus
2953 712 3164 767 creatis
3183 716 3379 767 mente
3392 712 3947 785 comprehendisset
3967 715 4138 769 Crea-

2487 805 2694 867 torem,
2729 807 2786 857 et
2813 800 3059 857 inﬁnitae
3091 800 3370 871 potentias
3400 800 3733 857 admiratus
3766 806 3920 856 esset
3950 801 4135 858 artiﬁ-

2485 888 2667 957 cium,
2700 888 2993 961 valdeque
3051 904 3208 958 aegre
3267 889 3438 944 ferret
3493 894 3552 944 et
3603 889 4020 958 indignaretur
4075 890 4136 945 in

2488 976 2721 1048 stultos,
2757 983 2812 1032 et
2840 977 3203 1038 incredulos,
3236 977 3339 1049 qui
3387 991 3514 1032 rem
3549 983 3811 1034 creatam
3862 977 4139 1034 colebant

2488 1066 2642 1121 ultra
2671 1066 3031 1131 Creatorem,
3072 1069 3223 1120 Deus
3263 1081 3295 1120 e
3325 1066 3471 1121 calo
3500 1081 3640 1122 eum
3666 1070 3768 1122 .est
3820 1066 4135 1133 allocutus,

2487 1154 2693 1209 dicens
2719 1172 2732 1206 :
2770 1153 3091 1224 «Egredere
3113 1170 3144 1208 e
3173 1159 3324 1209 terra
3349 1158 3454 1209 tua
3486 1161 3544 1209 et
3561 1170 3634 1209 ex
3664 1154 4139 1224 cognationetua

2489 1247 2546 1298 et
2572 1242 2756 1298 domo
2785 1243 2969 1314 patris
2999 1242 3104 1310 tui,
3135 1247 3192 1297 et
3216 1241 3352 1296 veni
3380 1242 3440 1296 in
3472 1246 3710 1308 terram,
3747 1258 3932 1314 quam
3990 1242 4140 1297 indi-

2489 1331 2643 1386 cabo
2663 1331 2767 1386 tibi
2797 1333 2865 1384 ²⁰.
2892 1352 2918 1378 ››
2950 1329 3168 1386 Deinde
3194 1329 3278 1385 sic
3303 1329 3355 1385 ei
3377 1329 3722 1402 apparuitin
3748 1330 3940 1402 specie
3961 1330 4140 1385 trium

2492 1418 2842 1489 angelorum
2871 1419 2936 1472 ".
2970 1419 3058 1473 Ab
3083 1433 3154 1473 eo
3175 1425 3377 1473 autem
3392 1417 3653 1489 hospitio
3675 1423 3959 1489 acceptus
3974 1416 4139 1490 apud

2487 1524 2779 1582 quercum
2797 1509 3077 1571 lambre,
3097 1506 3380 1579 praeclare
3401 1507 3528 1577 ejus
3548 1506 3962 1578 hospitalitatis
3985 1522 4142 1562 mer-

2489 1597 2697 1653 cedem
2725 1595 2979 1670 prasbuit
3005 1594 3054 1650 ei
3078 1596 3210 1665 jam
3240 1595 3386 1658 seni,
3417 1600 3474 1650 et
3524 1610 3663 1650 cum
3724 1594 3932 1650 sterilis
3986 1599 4142 1650 esset

2489 1702 2640 1741 uxor
2661 1688 2823 1753 Sara,
2855 1685 3021 1755 pium
3049 1683 3242 1739 ﬁlium
3274 1687 3435 1739 Isaac
3467 1689 3524 1739 et
3553 1683 3615 1738 in
3667 1683 3936 1739 moribus
3958 1688 4013 1739 et
4028 1684 4143 1740 vir-

2488 1781 2605 1830 tute
2632 1774 2681 1829 ei
2711 1772 2967 1829 similem
2990 1775 3057 1826 ³³.
3103 1776 3423 1846 Postquam
3481 1778 3684 1828 autem
3724 1778 3941 1844 praeter
3969 1787 4140 1844 spem

721 1863 834 1920 tuit
864 1861 1146 1918 terminos
1177 1861 1441 1930 gentium
1475 1861 1810 1917 secundum
1838 1877 2158 1917 numerum
2194 1877 2374 1932 ange-
2410 1881 2444 1933 Β
2484 1868 2661 1919 natus
2691 1867 2847 1918 esset
2879 1862 3056 1930 ﬁlius,
3089 1862 3374 1917 omnibus
3413 1861 3818 1932 probatiorem
3882 1861 4142 1918 reddens

721 1952 919 2009 lorum
950 1950 1190 2007 Dei".»
1220 1951 1284 2005 Et
1333 1953 1396 2004 ut
1439 1948 1782 2005 Judaeorum
1830 1951 2078 2024 quidem
2137 1955 2374 2021 gentem

723 2040 1067 2102 custodiret.
1081 2040 1438 2096 constitutus
1453 2043 1540 2094 est
1553 2038 1817 2104 Michael,
1840 2055 2098 2109 magnus
2113 2040 2214 2096 Dei
2228 2039 2377 2095 mili-

723 2131 819 2188 tite
875 2129 1154 2202 princeps
1181 2129 1243 2193 ⁸⁸,
1261 2130 1465 2206 utpote
1483 2127 1646 2200 quod
1674 2127 1736 2182 in
1757 2126 1939 2183 Deum
1959 2127 2370 2186 credidissent.

722 2220 886 2276 Alius
918 2233 1059 2274 vero
1079 2216 1396 2289 praefectus
1424 2215 1531 2271 fuit
1559 2217 1767 2287 Persis,
1793 2216 1946 2272 alius
1973 2233 2114 2272 vero
2141 2218 2374 2283 Grecis,

721 2314 780 2365 et
806 2308 1091 2380 deinceps
1122 2303 1411 2361 similiter.
1445 2306 1736 2361 Caeterum
1766 2305 2005 2361 divinus
2033 2304 2282 2377 quidem
2326 2311 2383 2361 et

721 2413 983 2469 magnus
995 2396 1119 2452 dux
1135 2393 1427 2450 exercitus
1447 2393 1687 2450 Michael
1706 2400 1797 2449 est
1817 2395 2089 2466 princeps
2107 2394 2383 2450 omnium

720 2487 1049 2544 caelestium
1064 2487 1449 2564 potestatum,
1464 2488 1866 2564 praeestqueet
1895 2499 2103 2539 curam
2126 2484 2274 2553 gerit
2294 2489 2386 2540 to-

722 2577 840 2634 tius
869 2574 1063 2648 gentis
1087 2571 1403 2628 ﬁdeliszet
1430 2586 1642 2627 rursus
1685 2571 1911 2640 ﬁdeles,
1959 2572 2063 2644 qui
2107 2572 2389 2648 laborant

722 2665 1019 2741 praevenit
1047 2667 1105 2718 et
1131 2665 1468 2728 conservat,
1491 2665 1555 2716 ut
1582 2662 1684 2732 qui
1709 2678 1746 2718 a
1774 2661 1890 2717 Deo
1913 2661 2117 2732 jussus
2147 2662 2220 2717 sit
2239 2662 2387 2718 cele-

719 2772 847 2813 rem
878 2753 1100 2817 habere
1130 2755 1504 2816 naturam,et
1524 2754 1842 2823 tamquam
1855 2750 2108 2822 fulguris
2123 2751 2384 2824 adeptus

721 2844 1121 2906 velocitatem,
1145 2841 1489 2896 universam
1508 2844 1728 2895 terram
1744 2840 2090 2896 etaetherem
2116 2836 2378 2896 uno‘mo-

721 2937 922 2992 mento
943 2945 1309 3005 percurrere.
1334 2951 1362 2978 ‹‹
1392 2926 1617 2984 Exsiliit
1654 2928 1817 2984 enim
1856 2929 2073 3001 inquit,
2105 2928 2378 2999 angelus,

717 3023 825 3097 qui
841 3020 1195 3096 ambulabat
1218 3022 1357 3076 ante
1378 3023 1572 3074 castra
1595 3015 1856 3072 ﬁliorum
1886 3016 2065 3074 lsrael
2094 3019 2198 3072 ιτ.»
2216 3020 2380 3074 Hunc

718 3119 923 3172 autem
981 3110 1289 3184 angelum,
1340 3107 1562 3165 militias
1619 3108 1953 3182 principem
2035 3108 2378 3165 Michealem

717 3220 847 3260 esse
877 3203 1025 3259 dixit
1045 3201 1350 3271 Scriptura
1387 3198 1450 3254 in
1470 3198 1613 3253 Jesu
1644 3200 1804 3254 Nave
1842 3197 1910 3253 ⁸¹.
1952 3201 2100 3254 Nam
2154 3213 2375 3255 nomen
2405 3227 2450 3284 ς

717 3293 850 3365 ejus
883 3297 1086 3364 aperte
1118 3287 1447 3344 declaravit
1476 3287 1536 3342 in
1557 3286 1853 3358 propheta
1887 3285 2123 3343 Daniele
2146 3287 2216 3343 ".
2294 3309 2297 3313 -

788 3383 864 3437 X.
891 3377 989 3438 Hic
1011 3394 1153 3449 ergo
1173 3391 1434 3446 magnus
1455 3381 1510 3432 et
1525 3375 1819 3446 gloriosus
1845 3375 1943 3431 Dei
1962 3375 2184 3431 militiae
2207 3376 2378 3448 prin-

717 3487 859 3546 ceps
893 3467 1157 3534 Michael,
1191 3472 1247 3522 et
1273 3465 1477 3530 veteri,
1507 3469 1571 3520 ut
1611 3463 1911 3530 convenit,
1963 3463 2072 3520 fuit
2123 3463 2378 3520 admini'

713 3568 852 3629 ster,
885 3567 942 3617 et
962 3556 1337 3625 novomagis
1375 3553 1774 3620 administrat,
1837 3569 1974 3626 quae
2034 3559 2173 3610 sunt
2223 3553 2378 3611 salu-

711 3655 884 3713 taria.
916 3653 1242 3722 Postquam
1272 3644 1433 3701 enim
1463 3642 1638 3699 valde
1677 3642 1987 3699 irritarunt
2026 3647 2082 3698 et
2139 3644 2378 3715 penitus

713 3741 1162 3813 d‘ereliquerunt
1178 3734 1499 3791 Dominum
1523 3735 1708 3788 Deum
1732 3731 2025 3787 increduli
2076 3731 2376 3793 lsraelitea,

713 3839 772 3892 et
799 3847 872 3889 ea
899 3830 974 3886 de
1005 3841 1191 3884 causa
1221 3825 1462 3880 fuerunt
1491 3821 1732 3894 penitus
1756 3822 2156 3889 exterminati,
2197 3826 2255 3877 et
2275 3822 2378 3877 ad-

709 3920 906 3981 vocati
936 3912 1279 3988 sumus-qni
1300 3911 1670 3969 credidimus
1722 3925 1795 3966 ex
1821 3909 2123 3980 gentibus,
2179 3915 2236 3966 et
2291 3910 2375 3966 fa-

714 4017 846 4071 ctus
873 4011 963 4067 est
987 4021 1182 4063 novus
1210 4001 1407 4072 lsrael,
1442 4016 1479 4057 a
1521 4000 1753 4056 Christo
1805 4000 2259 4062 denominatus.
2320 4005 2377 4057 et

717 4101 1018 4160 Christum
1047 4093 1382 4164 intelligens
1410 4094 1572 4161 (nam
1613 4089 1662 4144 si
1710 4089 2121 4162 interpreteris
2175 4089 2372 4157 lsrael,

710 4192 764 4250 is
781 4195 871 4248 est
890 4202 1052 4246 mens
1075 4184 1277 4242 videns
1302 4180 1527 4251 Deum),
1541 4184 1686 4234 tunc
1706 4177 1983 4234 divinum
2005 4193 2249 4251 quoque
2267 4178 2376 4234 mi-

708 4281 851 4340 litiae
880 4276 1212 4352 principem
1246 4269 1592 4329 Michaelem
1638 4267 1900 4324 removit
1951 4283 1988 4324 a
2030 4267 2373 4325 Judasorum

713 4365 1149 4430 censuetndine
1177 4363 1377 4420 bonus
1409 4359 1586 4423 Deus,
1620 4363 1678 4413 et
1699 4356 1778 4414 ab
1804 4373 1875 4414 eo
1916 4362 2184 4430 tempore
2234 4372 2374 4413 eum

711 4461 890 4520 nobis
919 4456 1118 4516 electis
1146 4450 1496 4510 Christianis
1519 4447 1827 4505 constituit
1869 4448 2211 4503 maximum
2268 4447 2372 4503 de-

2484 1954 2614 2023 ejus
2642 1953 2826 2007 animi
2860 1951 3360 2021 magnitudinem,
3394 1949 3653 2024 ﬁdeique
3672 1957 3728 2007 et
3753 1952 3940 2007 animi
3959 1953 4142 2024 pieta-

2485 2046 2624 2106 tem,
2649 2042 2700 2096 ei
2722 2057 2927 2096 rursus
2953 2041 3138 2095 dixit:
3169 2063 3188 2090 ι
3225 2031 3551 2101 Abraham.
3575 2041 3900 2110 Abraham,
3927 2041 4134 2111 accipe

2487 2131 2676 2186 ﬁlium
2698 2135 2871 2186 tuum
2896 2130 3202 2186 dilectum.
3219 2145 3401 2202 quem
3433 2130 3690 2199 genuisti
3712 2133 3897 2196 Isaac,
3920 2135 3977 2186 et
4000 2145 4143 2185 eum

2488 2219 2635 2275 mihi
2655 2218 2803 2274 offer
2819 2221 2876 2274 in
2896 2218 3315 2276 sacriﬁci0.|lle
3333 2223 3537 2275 autem
3559 2219 3741 2275 simul
3757 2223 3936 2291 atque
3952 2218 4148 2274 fuerat

2489 2309 2540 2363 ei
2567 2308 2951 2380 imperatum,
2982 2324 3108 2363 rem
3135 2307 3597 2379 exsequebatur,
3627 2313 3684 2363 et
3705 2323 3843 2363 cum
3901 2307 4150 2378 ligasset

2491 2400 2682 2464 Isaac,
2701 2403 2759 2452 et
2777 2396 3143 2452 extendisset
3161 2411 3411 2452 manum
3427 2411 3565 2469 quae
3584 2396 3827 2453 tenebat
3849 2395 4144 2468 gladium,

2487 2486 2616 2557 jam
2647 2490 2849 2555 guttur
2873 2485 3028 2541 illius
3055 2492 3378 2547 tacturum,
3408 2501 3547 2541 eum
3579 2487 3864 2558 repressit
3892 2483 4144 2555 angelus

2499 2574 3020 2638 Domini.Michael
3052 2574 3290 2642 scilicet,
3325 2575 3530 2630 dicens
3594 2591 3606 2628 :
3665 2598 3693 2623 «
3725 2577 3804 2630 Ne
3857 2574 4147 2630 immittas

2495 2679 2745 2718 manum
2781 2669 2944 2719 tuam
2978 2663 3038 2717 in
3064 2662 3280 2718 ﬁlium.
3304 2666 3469 2719 Nunc
3498 2662 3660 2718 enim
3693 2661 3853 2729 novi,
3886 2661 4050 2734 quod
4084 2666 4148 2716 tu

2493 2751 2705 2807 timeas
2731 2754 3051 2807 Dominum
3077 2770 3089 2817 ;
3120 2751 3226 2807 sed
3249 2752 3449 2823 aspice
3473 2751 3589 2806 tuis
3636 2751 3846 2817 oculis,
3903 2755 3959 2806 et
4012 2749 4148 2806 vide

2491 2839 2569 2896 ad
2594 2845 2651 2895 te
2684 2840 2936 2894 missum
2968 2841 3211 2895 arietem
3239 2841 3508 2909 ligatum,
3540 2845 3597 2895 et
3638 2856 3778 2896 eum
3838 2837 3988 2895 oﬁ'er
4038 2852 4150 2910 pro

2491 2931 2660 2984 Isaac
2689 2928 2811 2983 ﬁlio
2842 2933 2944 2984 tuo
2977 2929 3080 2984 ιε.»
3114 2928 3284 2984 Hunc
3314 2934 3515 2984 autem
3548 2928 3858 2999 angelum,
3887 2927 3989 3000 qui
4019 2926 4151 2982 haec

2489 3016 2637 3074 dixit
2691 3017 3067 3090 patriarche',
3129 3016 3350 3073 militiae
3409 3017 3747 3089 principem
3807 3014 4150 3073 lichaelem

2489 3112 2692 3178 aperte
2718 3121 2847 3161 esse
2869 3106 3194 3161 credimus.
3221 3106 3446 3162 Etenim
3469 3107 3657 3161 Jaeob
3678 3120 3941 3178 quoque,
3965 3120 4150 3178 quem

2490 3195 2668 3250 frater
2690 3194 3171 3270 persequebatur
3201 3197 3376 3264 Esau,
3427 3194 3650 3251 militias
3678 3194 3961 3268 princeps
4004 3192 4151 3250 libe-

2491 3284 2643 3340 ravit
2661 3293 2717 3339 et
2740 3283 3020 3339 servavit.
3049 3283 3161 3349 Qui
3191 3284 3375 3340 etiam
3401 3283 3454 3340 ei
3483 3282 3754 3339 animum
3783 3281 4038 3350 addens,
4069 3294 4150 3338 ne

2488 3374 2725 3429 timeret
2753 3390 2889 3429 eum
2921 3374 3025 3446 qui
3065 3374 3556 3445 persequebatur.
3608 3389 3747 3428 cum
3792 3388 3867 3429 eo
3889 3372 4149 3428 luctatur

2488 3463 2550 3517 in
2581 3465 2774 3526 nocte,
2805 3465 2866 3517 et
2905 3462 3094 3532 tangit
3132 3461 3262 3532 ejus
3306 3460 3519 3532 temur,
3567 3459 4011 3533 propemodum
4059 3458 4147 3515 di-

2488 3567 2630 3607 cens
2660 3569 2672 3605 :
2712 3574 2731 3599 σ
2771 3551 2828 3607 Si
2857 3566 2997 3605 cum
3023 3550 3256 3621 angelis
3281 3549 3516 3606 valuisti
3536 3549 3778 3616 luctari,
3799 3549 3947 3623 quid
3969 3548 4146 3605 times

2440 3631 2446 3638 ’
2487 3640 2797 3696 hominem
2828 3640 2887 3695 in
2915 3654 3100 3711 quem
3125 3639 3285 3695 cadit
3309 3639 3578 3696 interitus
3603 3641 3647 3674 “
3671 3640 3701 3696 ?

2560 3740 2696 3796 Xlll.
2739 3739 2888 3794 Cum
2916 3743 3120 3794 autem
3166 3736 3540 3811 multiplicati
3567 3742 3790 3807 essent,
3818 3737 3925 3811 qui
3950 3753 4024 3794 ex
4061 3736 4145 3810 pii

2485 3828 2741 3886 Abrahm
2775 3842 2992 3897 genere
3020 3827 3476 3893 descenderant,
3504 3831 3570 3883 ut
3597 3827 3895 3900 pollicitus
3936 3827 3991 3883 ei
4018 3826 4144 3882 fue-

2448 3933 2450 3936 '
2486 3925 2578 3974 rat
2608 3916 2882 3987 angelus,
2911 3915 2949 3971 ii
2985 3931 3125 3972 vero
3150 3917 3215 3971 in
3246 3919 3502 3989 .Egypto
3548 3915 3705 3972 male
3749 3915 4142 3977 haberentur.

2486 4021 2695 4062 eorum
2721 4005 2996 4061 misertus
3026 4009 3118 4060 est
3147 4003 3324 4073 Deus,
3355 4004 3461 4077 qui
3482 4008 3572 4060 est
3587 4003 4144 4077 naturabenignus,

2487 4101 2543 4150 et
2569 4093 2743 4164 elegit
2772 4097 3012 4166 Moysen
3042 4093 3339 4150 famulum
3371 4109 3570 4159 suum,
3604 4098 3661 4150 et
3684 4108 3794 4166 per
3815 4087 4019 4167 ipsum
4049 4108 4148 4149 ar-

2486 4183 2845 4254 changelum
2873 4182 3237 4253 Michaelem,
3267 4199 3404 4240 eum
3425 4182 4152 4240 constituitducemtotius

2487 4273 2722 4344 generis
2754 4271 3113 4339 Abralise,.ut
3142 4271 3424 4328 educeret
3454 4287 3556 4329 eos
3586 4276 3788 4330 eterra
3819 4272 4073 4345 Egypti,
4092 4277 4154 4328 et

2484 4377 2592 4435 per
2621 4377 2785 4418 mare
2813 4361 3081 4418 Rubrum
3107 4367 3397 4434 tanquam
3415 4376 3524 4434 per
3542 4362 3766 4418 siccam
3791 4365 4013 4417 terram
4042 4375 4151 4418 eos

2480 4451 2931 4521 transmitteret,
2967 4456 3329 4524 properante
3384 4450 3612 4524 populo
3659 4451 3740 4507 ad
3785 4455 4010 4507 terram
4061 4451 4147 4507 eis

696 4551 1013 4635 {anserem
1043 4551 1102 4603 et
1130 4548 1522 4608 servatorem,
1551 4538 2143 4637 aliarum-gentium“
2163 4552 2372 4593 curam
2409 4583 2451 4637 Β
2481 4540 2871 4614 promissam.
2899 4556 3037 4613 quas
3062 4539 3290 4597 ﬂuebat
3316 4539 3468 4597 lacte
3519 4544 3576 4597 et
3620 4539 3814 4607 melle,
3864 4539 4146 4596 lichaele

711 4625 1184 4715 suscipientibus
1199 4636 1416 4706 aperte
1441 4628 1572 4686 aliis
1591 4626 1927 4684 minoribus
1949 4626 2199 4696 angelis.
2221 4628 2373 4682 Nam
2409 4625 2448 4700 ’ἶ
2483 4628 2852 4700 archangelo
2881 4633 3134 4702 parante
3164 4630 3325 4686 viam
3352 4630 3485 4701 ejus
3513 4633 3651 4687 ante
3678 4630 3884 4702 ipsum
3896 4631 3970 4684 ³⁸.
3990 4628 4145 4686 Cum

711 4739 836 4808 quo
860 4733 954 4788 est
979 4741 1127 4799 gens
1141 4721 1397 4798 quidem
1410 4723 1623 4775 sancta
1638 4715 2109 4774 Christianorum
2126 4715 2373 4808 reliquis

710 4805 1000 4881 omnibus
1019 4810 1420 4890 praestantior,
1453 4823 1525 4864 eo
1551 4821 1800 4864 necesse
1814 4811 1906 4861 est
1933 4820 2062 4861 esse
2077 4805 2371 4876 majorem

710 4909 1065 4985 dignitatem
1090 4897 1439 4972 archangeli
1467 4895 1789 4966 Michaelis,
1825 4895 1934 4969 qui
1955 4909 2166 4985 curam
2224 4894 2375 4967 gerit

710 4983 947 5075 generis
978 4992 1474 5055 Christianorum.
1507 4989 1636 5043 Non
1663 4985 1824 5075 enim
1869 4983 2138 5075 essentia
2192 4997 2374 5075 ange-

697 5072 902 5149 iorum
927 5086 1118 5145 habet
1145 5077 1567 5146 diﬁarentiam,
1594 5075 1700 5132 sed
1715 5073 2018 5147 dignitatis
2052 5072 2370 5146 excellen-

705 5163 812 5240 tia.
831 5176 964 5235 Vult
989 5175 1150 5234 enim
1198 5185 1417 5228 omnes
1468 5164 1746 5225 homines
1801 5178 1946 5222 esse
1991 5162 2208 5230 salvos,
2262 5162 2370 5236 qui

709 5271 1134 5331 universorum
1164 5275 1374 5321 curam
1392 5258 1552 5330 gerit
1578 5261 1633 5313 et
1657 5260 1746 5312 est
1770 5258 1989 5312 natura
2043 5253 2368 5326 benignus.

774 5360 862 5420 XI.
922 5355 1040 5419 Sed
1081 5369 1222 5413 cum
1263 5349 1468 5408 miseri
1506 5346 1791 5404 homines
1837 5359 1954 5401 sua
2011 5342 2257 5400 stultitia
2306 5342 2368 5400 in

703 5465 902 5513 errore
927 5446 1387 5526 perseverarent
1405 5444 1464 5496 et
1479 5436 1642 5494 cultu
1660 5434 2145 5526 simulacrorum,
2177 5437 2236 5490 et
2252 5447 2367 5490 -υο-

702 5523 1019 5619 quaquam
1044 5535 1268 5594 vellent
1295 5532 1358 5589 id
1384 5527 1555 5606 quod
1571 5525 1900 5600 oportebat
1928 5523 2277 5596 intelligere,
2309 5528 2367 5580 et

776 5680 822 5716 ¹⁸
853 5679 1020 5733 Deut.
1054 5686 1240 5737 xxxu,
1273 5669 1324 5724 8.
1422 5665 1468 5702 ¹⁶
1499 5665 1646 5721 Dan.
1672 5677 1734 5728 x,
1765 5665 1855 5716 2'7.

1947 5661 1995 5698 "7
2025 5659 2211 5717 Exod.
2239 5674 2359 5725 xrv,
2386 5662 2485 5718 i9.

2481 4725 2682 4778 autem
2715 4720 3087 4793 pervenisset
3132 4721 3193 4776 in
3246 4721 3557 4790 regionem
3609 4717 4023 4785 Moabitarum,
4077 4725 4148 4776 ut

2479 4811 2758 4867 transiret
2781 4825 2887 4882 per
2951 4825 3163 4866 eorum
3222 4810 3397 4879 ﬁnes,
3453 4811 3507 4866 ei
3559 4810 3769 4866 restitit
3825 4808 3999 4866 Balac
4037 4824 4146 4866 rex

2478 4898 2671 4968 Ioab,
2701 4898 3029 4971 prohibens
3059 4913 3200 4954 eum
3225 4897 3503 4955 transire.
3565 4898 3860 4975 Accersiit
3895 4913 4145 4972 quoque

2479 4989 2608 5062 ipse
2633 5003 2734 5044 rex
2763 4986 2941 5043 Balac
2972 4989 3168 5044 vatem
3209 4987 3543 5059 quemdam
3575 5002 3788 5044 senem
3811 4987 4142 5057 insignem,

2477 5077 2724 5135 nomine
2749 5075 3014 5141 Balaam,
3033 5075 3572 5134 ad-exsecrandum
3588 5075 4145 5150 populnm‘loysis,

2479 5169 2546 5223 ut
2568 5166 2920 5222 vinceretur.
2968 5164 3370 5221 Proﬁciscenti
3427 5170 3632 5222 autem
3689 5164 3881 5222 Balate
3905 5152 3994 5232 :in
4037 5164 4146 5224 via

2475 5255 2733 5313 occurrit
2762 5253 3015 5328 angelus
3042 5254 3300 5324 Domini,
3335 5255 3584 5313 Michael
3614 5256 3836 5314 scilicet
3854 5255 4149 5314 defensor

2478 5345 2899 5402 lsraelitarum.
2928 5345 3124 5410 Quem
3143 5359 3295 5402 cum
3318 5344 3567 5402 vidisset
3595 5345 3768 5404 asina
3798 5342 4014 5413 Balaae,
4043 5344 4147 5402 de-

2476 5433 2740 5505 clinavit,
2763 5439 2821 5490 et
2844 5432 3256 5506 atlisit-pedem
3269 5433 3471 5492 Baiae!
3488 5434 3567 5492 ad
3577 5434 3890 5507 parietem,
3919 5438 3978 5491 et
3997 5449 4145 5491 enm

2475 5525 2673 5596 arguit
2691 5523 3154 5582 asina'humana
3167 5523 3329 5596 voce,
3355 5523 4013 5582 ostendensterribilem
4041 5539 4144 5580 ar-

2589 5657 2843 5734 ”Jpsne
2870 5675 2932 5732 ττ,
2968 5662 3054 5718 ίϐο
3151 5661 3594 5734 ηυδβοκῖηνδ
3677 5659 4046 5734 "meum,
4080 5657 4142 5732 1..

696 5754 750 5794 ἰ
784 5721 1239 5817 Geni-xitum?
1281 5721 1332 5778 δέ
1364 5741 1506 5799 Gen.
1537 5750 1661 5805 xxi,
1694 5721 1732 5792 ι’
1755 5748 1929 5808 seqq.
2006 5733 2056 5769 ”
2085 5734 2226 5791 Gen.
2256 5721 2403 5800 xxii,
2435 5754 2437 5760 ·

2448 5731 2587 5790 ι-ιι.
2661 5721 2710 5768 ⁸*
2740 5721 3094 5806 ϐω.ἆκιιι,
3126 5735 3218 5790 28.
3293 5729 3343 5770 “
3595 5747 3722 5802 xrv,
3753 5731 3782 5787 1
3817 5721 3989 5805 seqq.
