4468 6440
267 377 364 432 ssi
1420 376 1512 436 DE
1551 378 1609 436 s.
1649 357 2003 436 meum!
2039 355 2556 442 iiscausam)

3583 373 3687 452 δῶ

262 500 548 572 changeti
922 501 1166 568 Balaam
1188 508 1394 582 autern
1429 520 1570 573 cum
1598 499 1926 578 aspexisset
1962 518 2006 572 Α
2035 499 2250 587 acerbe
2275 501 2442 576 dixit,
2493 510 2556 578 ut
2587 512 2680 564 est
2706 509 3025 581 verisimile
3066 529 3080 567 :
3139 515 3422 587 Nosterne
3474 530 3560 578 es,
3605 532 3688 581 an

264 588 654 660 splendorem
680 590 785 663 qui
805 607 878 646 ex
909 606 982 647 eo
1001 591 1320 672 emicabat,
1353 591 1526 658 valde
1557 591 1812 662 territus.
1836 588 1924 643 di-

263 677 380 738 xit;
404 680 582 743 Parce
605 678 776 747 mihi,
799 694 980 750 parce
1001 680 1150 738 mihi
1173 681 1445 746 Domine.
1471 684 1617 738 Nam
1639 680 1925 753 ignorans

265 765 552 835 peccavi.
585 767 698 825 Sed
730 768 888 826 hanc
935 767 1072 826 licet.
1124 770 1411 828 visionem
1462 770 1790 845 aspexisset
1823 770 1923 834 Ba.

264 853 456 926 laam,
474 868 600 917 non
621 857 822 922 statim
842 862 934 912 est
960 872 1234 914 reversus
1257 874 1272 924 ;
1296 859 1401 936 sed
1429 860 1586 920 venit
1611 857 1689 913 ad
1719 873 1924 928 regem

264 942 464 1010 Balac,
490 944 598 1016 qui
617 959 758 1016 eum
788 951 1143 1016 accerseret,
1170 950 1236 1010 ut
1275 944 1573 1010 desiderio
1598 946 1727 1019 ejus
1753 945 1922 1002 satis-

258 1023 504 1088 faceret.
537 1031 652 1098 Sed
683 1029 868 1097 ambo
908 1049 946 1089 a
977 1049 1163 1105 scopo
1196 1032 1566 1096 exciderunt.
1593 1037 1737 1090 Nam
1782 1050 1921 1088 cum

261 1119 323 1182 in
349 1119 642 1189 altissimo
671 1111 805 1177 loco
836 1122 1094 1192 stetisset
1117 1122 1382 1188 Balaam,
1412 1129 1469 1191 et
1517 1123 1925 1198 conspexisset

259 1213 460 1287 castra
483 1197 673 1288 'Israel
702 1215 1002 1286 tanquam
1037 1211 1252 1269 cedr'os
1280 1219 1526 1290 propter
1547 1197 1763 1291 aquas,
1786 1226 1922 1286 pro-

264 1296 574 1372 pheticam
592 1291 1080 1365 benedictionem
1104 1300 1238 1357 loco
1264 1293 1692 1369 exsecrationis
1721 1301 1809 1356 vel
1839 1300 1923 1355 in-

259 1385 422 1446 vitus
442 1375 611 1450 vates
631 1383 848 1446 eﬁatus
873 1393 965 1444 est
1017 1377 1244 1464 populo
1296 1389 1633 1458 Israelitico,
1681 1389 1920 1445 dicens:

264 1495 291 1522 «
324 1473 557 1529 Orietur
581 1474 754 1531 stella
783 1491 854 1531 ex
883 1478 1091 1545 Jacob,
1114 1483 1172 1533 et
1202 1484 1405 1547 surget
1434 1479 1616 1534 homo
1643 1494 1714 1534 ex
1749 1479 1924 1538 Israel

261 1567 321 1621 et
336 1561 677 1633 confringet
695 1563 880 1620 duces
900 1565 1091 1632 Moab,
1121 1588 1142 1614 ι
1168 1572 1278 1622 etc.
1305 1568 1552 1638 Propter
1571 1567 1799 1623 malum
1822 1583 1924 1624 au-

264 1656 386 1715 tem
413 1651 665 1710 omnino
682 1654 1190 1726 etexsecrandum
1203 1672 1379 1711 suum
1400 1655 1923 1731 consilium.quod

261 1739 557 1809 merebat,
590 1741 829 1805 Balaam
853 1743 1086 1815 accepit
1117 1746 1364 1801 exitium

2033 585 2516 651 adversariorum
2541 596 2570 652 ?
2608 595 2936 654 Prmclarus
2989 599 3150 658 enim
3198 585 3338 657 tuus
3370 608 3428 658 et
3484 605 3688 680 varius

2032 685 2314 764 aspectus
2341 680 2547 739 incitat
2578 701 2692 755 me,
2752 692 2815 740 ut
2862 693 2913 742 te
2958 689 3339 758 interrogem.
3401 692 3500 747 Dic
3545 708 3689 764 ergo

2034 763 2179 820 mibi
2208 767 2395 833 ocius,
2450 772 2801 846 priusquam
2844 780 2902 830 te
2933 776 3139 834 casim
3182 779 3524 850 aggrediar.
3559 763 3688 838 Non

2032 852 2190 908 enim
2222 859 2513 930 convenit,
2549 866 2611 918 ut
2631 863 2756 918 acie
2806 862 3009 920 relicta
3035 865 3094 920 in
3152 865 3519 933 discrimine,
3574 883 3688 939 ego

2032 944 2084 995 te
2117 956 2366 1019 pergam
2416 947 2660 1024 alloqui.
2716 951 2983 1012 Arbitror
3021 954 3184 1009 enim
3215 959 3268 1014 te
3330 958 3529 1014 venire
3568 973 3683 1015 nos

2032 1030 2426 1102 speculatum.
2450 1037 2547 1092 Sin
2598 1045 2801 1096 autem
2829 1042 3036 1097 venisti
3066 1043 3396 1122 transfuga,
3451 1045 3687 1118 abjecto

2030 1118 2145 1178 hoc
2167 1125 2270 1176 tuo
2295 1124 2549 1202 micante
2579 1127 2799 1202 gladio,
2834 1130 2914 1185 sis
2942 1131 3059 1186 cito
3088 1120 3429 1199 nobiscum,
3457 1139 3517 1202 et
3543 1122 3691 1202 libe—

2031 1221 2162 1263 rare
2189 1209 2267 1265 ab
2299 1197 2508 1291 exitio,
2523 1197 2689 1288 quod
2716 1197 2918 1301 impiae
2960 1217 3096 1281 urbi
3138 1221 3369 1277 Iericho
3394 1223 3685 1323 imminet,

2034 1296 2128 1323 οἷς.
2165 1305 2358 1323 -..ιλ-Α
2414 1319 2470 1323 __
2505 1310 2701 1323 _-,n_,4
2975 1308 2989 1323 ι
3136 1316 3146 1323 .
3330 1316 3339 1323 .
3550 1315 3560 1323 .

2034 1296 2132 1352 Sin
2162 1305 2362 1357 autem
2408 1319 2473 1358 es
2505 1310 2724 1372 noster,
2772 1296 2878 1362 cur
2904 1308 3069 1364 solus
3102 1316 3222 1366 stas
3249 1316 3416 1368 extra
3472 1296 3688 1388 aciem:

2031 1399 2169 1464 quae
2193 1395 2460 1447 versatur
2480 1393 2541 1448 in
2568 1395 2940 1452 certamine?
2973 1398 3073 1453 Dic
3110 1399 3254 1454 mihi
3287 1407 3487 1457 autem
3537 1388 3691 1461 ocis;

2033 1475 2204 1542 sime,
2245 1493 2357 1548 ego
2391 1481 2551 1538 enim
2578 1499 2648 1537 ex
2674 1483 2881 1554 lingua
2912 1485 3220 1543 Hebraica‘
3245 1493 3300 1544 te
3329 1505 3686 1561 agnoscam.

2034 1565 2167 1619 Hac
2210 1579 2348 1622 cum
2397 1564 2787 1641 interrogaret
2827 1575 3000 1629 lesus
3042 1577 3218 1647 Nave,
3270 1579 3581 1651 respondit
3634 1582 3690 1636 ei

2032 1652 2273 1710 lichael
2299 1672 2558 1726 magnus
2587 1657 2801 1738 ductor
2830 1662 2930 1718 Dei
2961 1663 3245 1726 ordinum
3269 1682 3283 1720 :
3331 1669 3452 1737 ligo
3477 1671 3688 1742 praeci-

2029 1755 2190 1812 puus
2220 1742 2344 1799 dux
2365 1746 2677 1818 copiarum
2712 1751 2943 1806 Domini
2966 1765 3126 1808 nunc
3145 1756 3392 1823 accessi.
3413 1747 3690 1814 Protinus

337 1829 479 1884 xw,
509 1828 681 1895 Quod
700 1835 904 1898 autem
933 1837 1089 1888 esset
1115 1833 1359 1890 Michael
1380 1835 1660 1909 princeps
1689 1835 1924 1893 Domini
1956 1847 1996 1903 Β
2030 1836 2254 1899 autem,
2289 1833 2537 1906 abjectis
2569 1839 2753 1894 armis
2781 1839 2926 1907 suis,
2957 1840 3132 1897 Jesus
3155 1844 3313 1899 Nave
3351 1844 3517 1901 humi
3542 1847 3685 1904 ceci~

260 1917 510 1995 militis,
533 1920 638 1991 qui
669 1915 928 1976 occurrit
957 1920 1170 1992 Baiana,
1217 1928 1274 1979 et
1304 1924 1356 1978 ei
1408 1924 1808 1994 denuntiavit,
1859 1931 1923 1980 ut

258 2007 366 2082 qui
392 2014 554 2063 esset
574 2007 698 2063 dux
745 2008 955 2081 populi
1000 2011 1368 2083 Judaaorum,
1414 2029 1674 2085 eumque
1704 2029 1920 2086 praece-

257 2095 431 2152 deret
482 2101 537 2156 et
583 2096 880 2169 educeret,
948 2105 1150 2176 aperte
1189 2101 1449 2158 ostendit
1507 2102 1810 2174 Scriptura
1860 2103 1920 2157 in

257 2200 514 2258 corpore
559 2185 797 2257 Moysis,
827 2192 891 2243 ut
935 2186 1345 2245 divinissimus
1381 2191 1566 2246 ludas
1611 2191 1920 2265 apostolus

257 2273 444 2329 frater
472 2274 730 2343 Domini,
783 2275 934 2332 dixit
982 2277 1042 2332 in
1097 2294 1209 2334 sua
1259 2274 1566 2335 Catholica
1617 2279 1916 2354 Epistola:

256 2361 506 2422 Iichael
536 2369 738 2426 autem
768 2365 1188 2438 archangelns,
1239 2367 1491 2440 quando
1550 2368 1921 2426 contendens

257 2467 404 2507 cum
456 2450 726 2530 diabolo,
773 2451 1108 2512 disserebat
1136 2453 1211 2511 de
1235 2471 1485 2530 corpore
1528 2459 1766 2530 Moysis,
1798 2474 1920 2513 non

257 2555 450 2611 ausus
471 2526 564 2596 est
589 2539 796 2598 eﬂ'erre
817 2541 1116 2612 judicium
1159 2526 1575 2618 blasphemia,
1617 2526 1741 2601 ised
1774 2548 1921 2602 dixit

261 2629 316 2684 ei
349 2625 605 2700 angelus
630 2646 643 2683 :
669 2632 938 2703 lncrepet
954 2636 1006 2687 te
1030 2633 1341 2699 Dominus.
1362 2635 1516 2701 Quid
1547 2641 1747 2692 autem
1781 2652 1920 2692 cum

258 2716 514 2786 diabolo
539 2717 856 2796 dissereret
880 2719 1102 2780 militia
1122 2723 1403 2796 princeps
1453 2723 1717 2791 Michael,
1775 2725 1920 2780 scie-

260 2791 773 2862 mus.Conabatur
789 2806 996 2875 hostis,
1019 2814 1077 2864 et
1095 2791 1392 2876 inimicus,
1414 2817 1471 2867 et
1487 2811 1777 2888 profanus
1799 2814 1922 2870 dia-

257 2893 439 2950 bolus
471 2911 610 2952 cum
642 2912 883 2953 summa
909 2898 1304 2971 impudentia,
1338 2907 1395 2956 et
1423 2899 1820 2958 contendebat
1859 2903 1918 2958 in

257 2983 516 3039 decessu
531 2983 774 3056 Hoysis,
805 2985 911 3058 qui
941 2989 1128 3064 Deum
1148 2989 1410 3045 maxime
1438 2998 1525 3046 est
1554 2992 1920 3065 contempla-

251 3078 356 3128 tus
375 3071 633 3142 eﬁ‘icere,
665 3080 731 3130 ut
759 3075 890 3147 ejus
927 3092 1148 3150 corpus
1172 3079 1540 3150 redigeretur
1594 3081 1709 3136 sub
1758 3090 1920 3153 pote-

2030 1920 2116 1976 dit
2147 1921 2209 1976 in
2237 1927 2477 1992 terram,
2509 1925 2588 2000 et}
2604 1942 2741 1983 eum
2763 1927 3058 1996 adoravit,
3117 1929 3361 1988 dicens:
3415 1937 3686 2003 Domine,

2027 2005 2294 2075 domine,
2323 2013 2469 2084 quid
2494 2014 2756 2087 imperas
2778 2023 2881 2072 tuo
2909 2018 3184 2075 famulo?
3215 2023 3365 2078 Nam
3395 2039 3507 2093 ego
3535 2041 3687 2098 quo-

2027 2111 2145 2169 que
2171 2113 2307 2153 sum
2341 2108 2478 2155 tuus
2502 2102 2786 2174 famulus,
2815 2106 2966 2162 sicut
2994 2107 3175 2164 etiam
3201 2108 3490 2167 dominus
3510 2128 3689 2169 meus

2029 2173 2283 2256 Hoyses.
2319 2188 2399 2244 Tu
2459 2205 2695 2246 mecum
2747 2209 2992 2266 quoque
3043 2195 3160 2250 duc
3204 2199 3556 2266 exercitum,
3590 2217 3687 2258 me

2031 2281 2340 2346 perpetuo,
2392 2278 2546 2336 sicut
2617 2279 2810 2351 illum,
2867 2283 3290 2341 corroborans.
3354 2290 3500 2344 Ecce
3524 2291 3687 2347 enim

2029 2361 2324 2419 adversus
2350 2366 2554 2424 hostes
2581 2368 2807 2426 fortiter
2835 2371 3023 2428 direxi
3054 2374 3269 2446 aciem,
3302 2374 3488 2432 fretus
3536 2378 3685 2434 invi-

2029 2450 2136 2507 ctis
2165 2454 2282 2509 tuis
2306 2455 2551 2523 viribus,
2583 2472 2691 2529 per
2719 2475 2874 2532 quas
2900 2477 3095 2518 saevus
3134 2467 3191 2519 et
3215 2464 3500 2522 immanis
3539 2468 3686 2525 Pha-

2025 2556 2135 2596 rao
2181 2558 2318 2599 cum
2367 2549 2491 2601 toto
2521 2548 2804 2617 exercitu,
2837 2550 3130 2620 colligatis
3171 2553 3362 2609 simul
3395 2571 3684 2613 curruum

2028 2631 2268 2701 axibus,
2301 2640 2365 2689 ut
2395 2635 2547 2691 mari
2586 2635 2856 2694 funditus
2902 2632 3270 2697 obrueretur
3286 2642 3569 2701 effecisti:
3622 2655 3688 2703 et

2028 2721 2133 2792 qui
2163 2720 2480 2780 dominum
2503 2741 2707 2781 meum
2733 2729 2971 2799 Moysen
2993 2729 3052 2784 in
3079 2731 3176 2786 via
3201 2732 3553 2791 obsistendo
3569 2735 3684 2793 im-

2028 2808 2362 2880 pedierunt,
2396 2814 2615 2885 impios
2646 2815 2932 2871 hloabitas
2953 2817 3030 2872 ad
3063 2819 3532 2879 internecionem
3587 2825 3686 2881 de-

2028 2897 2235 2954 levisti.
2256 2900 2408 2965 Quid
2425 2901 2688 2974 imperas
2705 2903 2933 2960 famulo
2953 2911 3081 2972 tuo,
3111 2907 3352 2966 domine
3376 2914 3404 2966 ?
3425 2913 3683 2970 Sanctis-

2031 2986 2220 3042 simus
2250 2995 2453 3046 autem
2485 2993 2765 3066 princeps
2792 2995 2890 3049 Dei
2922 2995 3143 3052 militiae
3192 2997 3334 3054 dicit
3380 3000 3470 3057 ei:
3508 3002 3684 3060 Solve

2028 3074 2264 3133 calceos
2312 3095 2379 3134 es
2410 3079 2667 3152 pedibus
2695 3082 2830 3139 tuis.
2865 3083 3054 3140 Locus
3108 3087 3268 3143 enim
3293 3088 3352 3144 in
3379 3105 3504 3162 quo
3538 3099 3684 3160 stas,

255 3167 474 3219 atatem
503 3163 796 3230 interitus,
825 3172 889 3238 ut
919 3167 1120 3223 nullus
1149 3168 1375 3225 videret
1402 3169 1631 3227 bonum
1674 3173 1917 3243 signum
1957 3198 1997 3253 ρ
2029 3169 2117 3222 est
2135 3173 2396 3224 sanctus.
2424 3169 2600 3235 Quod
2630 3187 2768 3226 cum
2799 3173 2996 3229 statim
3030 3174 3257 3231 factum
3285 3184 3465 3248 esset,
3507 3181 3686 3252 jussit

256 3253 320 3309 in
347 3251 618 3309 futurum
646 3253 726 3309 ad
753 3252 1090 3313 humanam
1119 3259 1464 3316 essentiam.
1488 3262 1552 3316 Et
1579 3259 1715 3316 ideo
1765 3259 1921 3318 dice-

256 3340 369 3403 bat
396 3341 817 3399 tenebricosus
835 3342 1016 3401 Satan
1041 3345 1515 3412 luminosissimo
1565 3349 1666 3404 Dei
1695 3351 1918 3406 militiae

161 3431 164 3433 λ
255 3417 517 3502 principi
545 3431 832 3495 lichaeli,
854 3435 1124 3508 Moysem
1151 3434 1363 3492 fecisse
1389 3437 1615 3495 caedem
1639 3438 1917 3512 Egyptii,

257 3524 317 3575 et
341 3517 463 3576 alia
487 3519 548 3575 in
577 3536 718 3577 eum
738 3517 1123 3594 Conﬁngebat
1143 3524 1479 3583 calumnias
1525 3542 1584 3584 et
1631 3529 1917 3586 crimina-

258 3607 478 3663 tiones.
513 3609 786 3680 Superbo
815 3625 958 3680 ergo
979 3617 1036 3667 et
1045 3613 1424 3684 jactabundo
1446 3616 1690 3686 maligni
1713 3618 1918 3675 animo

259 3695 548 3752 resistens
577 3696 821 3754 Michael
850 3699 1249 3771 archangelus
1278 3706 1336 3758 et
1390 3705 1828 3778 contradicens,
1862 3714 1920 3763 et

257 3800 427 3858 nunc
441 3784 578 3854 hoc,
595 3801 758 3843 nunc
777 3785 928 3843 illud
938 3789 1315 3862 respondens
1338 3790 1416 3847 ad
1438 3809 1510 3849 ea
1525 3793 1916 3854 confutanda.

2027 3260 2094 3310 ut
2120 3255 2405 3332 audacter
2423 3259 2734 3316 invaderet
2753 3259 2963 3317 urbem
2996 3261 3183 3331 illam,
3217 3270 3447 3338 septem
3495 3285 3684 3328 muris

2028 3346 2442 3402 circundatam
2465 3353 2520 3404 et
2533 3349 3067 3421 inexpugnabilem
3088 3370 3101 3408 :
3121 3357 3179 3409 et
3197 3354 3377 3412 simul
3397 3363 3576 3431 atque
3597 3361 3684 3417 in-

2028 3434 2285 3491 vasisset
2295 3452 2432 3492 cum
2446 3440 2674 3510 septem
2687 3440 3107 3496 sacerdotibus
3127 3442 3275 3500 tuba
3297 3449 3678 3509 canentibus.

2027 3538 2164 3580 eam
2191 3524 2267 3580 ad
2298 3525 2495 3582 solum
2522 3541 2713 3600 usque
2742 3528 2924 3585 diruit
2953 3530 3410 3600 admirabiliter,
3459 3542 3517 3593 et
3537 3554 3684 3597 eam

2027 3617 2216 3670 totam
2242 3629 2381 3670 cum
2420 3615 2706 3672 omnibus
2735 3617 2968 3674 aedibus
3006 3625 3064 3676 et
3099 3620 3318 3678 divitiis
3342 3627 3587 3696 exussit,
3618 3634 3688 3686 ut

2027 3703 2133 3774 qui
2180 3717 2316 3758 eam
2378 3706 2652 3770 Domino,
2703 3711 2999 3779 tanquam
3039 3717 3462 3770 consecratum
3491 3715 3684 3775 dona-

2024 3793 2183 3847 rium
2212 3798 2270 3848 et
2315 3794 2538 3865 praedae
2595 3796 2912 3868 primitias,
2968 3797 3266 3855 obtulerit.
3329 3803 3550 3860 Deinde
3597 3807 3686 3864 sic

258 3888 400 3946 quae
432 3871 511 3932 ab
530 3872 631 3930 illo
665 3875 1021 3932 dicebantur
1048 3877 1346 3951 improbe,
1375 3886 1680 3953 postremo
1709 3886 1919 3942 videns
2027 3885 2238 3954 postea
2265 3882 2475 3953 viginti
2501 3889 2558 3940 et
2580 3899 2798 3940 novem
2823 3901 3018 3956 reges,
3039 3893 3257 3959 praeter
3281 3892 3514 3950 Jericho
3543 3910 3684 3952 cum

258 3962 394 4033 ejus
424 3961 724 4034 insignem
753 3964 1216 4038 impudentiam,
1266 3984 1404 4025 eum
1454 3971 1801 4044 increpavit,
1833 3975 1919 4030 di-
2028 3988 2236 4028 eorum
2286 3973 2641 4031 exercitibus
2700 3981 2757 4030 et
2807 3974 3059 4032 urbibus
3085 3979 3253 4034 Jesus
3306 3983 3466 4038 Nave
3519 3983 3683 4042 ﬁlius

257 4053 734 4125 censzlncrepet
771 4058 827 4110 te
876 4054 1206 4122 Dominus;
1239 4056 1355 4114 hoc
1402 4064 1526 4115 est:
1576 4062 1671 4131 Te,
1700 4079 1736 4119 ο
1793 4064 1915 4120 dia-
2029 4064 2426 4134 consumpsit,
2471 4079 2594 4120 non
2650 4064 2886 4121 habens
2941 4065 3263 4134 civitatem,
3321 4082 3448 4126 non
3495 4072 3685 4132 ullam

253 4138 419 4207 bole,
449 4139 663 4220 perdat
688 4143 863 4198 Deus.
925 4143 1256 4218 Statimque
1303 4149 1547 4204 evanuit
1592 4151 1916 4210 sceleratus
2027 4150 2167 4206 belli
2196 4150 2424 4218 sedem,
2450 4164 2580 4208 non
2603 4151 2840 4215 milites,
2863 4153 2968 4226 qui
3002 4153 3185 4211 ullam
3210 4157 3511 4217 haberent
3536 4161 3679 4220 belli

255 4227 665 4285 adversarius.
689 4229 841 4288 Talis
866 4235 954 4287 est
978 4232 1142 4288 enim
1165 4235 1431 4305 potentia
1452 4237 1707 4296 diviniet
1727 4243 1916 4298 Deum
2025 4240 2321 4313 peritiam,
2350 4240 2456 4296 sed
2479 4240 2683 4297 divino
2701 4245 2870 4308 nutu,
2898 4247 2954 4299 et
2985 4243 3209 4300 auxilio
3237 4247 3490 4304 maximi
3510 4249 3684 4309 ducis

254 4317 722 4390 contemplanth
753 4319 1075 4388 Michaelis,
1108 4328 1166 4378 et
1193 4323 1323 4381 haec
1347 4323 1454 4397 est,
1511 4342 1648 4400 quas
1677 4329 1785 4386 fuit
1832 4331 1916 4388 di-

256 4406 525 4478 sputatio
553 4411 611 4463 et
641 4409 941 4466 contentio
991 4410 1052 4466 in
1105 4411 1362 4468 decessu
1419 4417 1625 4487 magni
1676 4421 1914 4492 Moysis.

255 4493 509 4566 quando
537 4495 671 4568 ejus
696 4512 919 4571 corpus
971 4500 1293 4557 abscondit
1339 4503 1582 4561 Michael
1635 4510 1916 4582 princeps

253 4583 512 4654 militiae,
542 4585 758 4660 quiest
781 4586 1192 4660 angelicarum
1221 4595 1585 4663 potestatum
1631 4603 1918 4668 praestan-

251 4671 544 4732 tissimus.

326 4763 442 4818 XV.
475 4761 662 4819 Sedis
692 4778 936 4838 quoque
967 4760 1149 4824 etiam
1179 4775 1318 4840 post
1359 4770 1680 4831 decessum
1728 4776 1916 4835 divini

251 4850 455 4928 Hosis,
488 4855 818 4910 oumJesus
833 4857 994 4913 Nave
1023 4857 1308 4914 divinitus
1332 4860 1394 4916 in
1416 4863 1712 4935 populum
1737 4869 1914 4924 Israe-

248 4939 484 4997 liticum
509 4941 867 5000 obtinuisset
909 4945 1248 5019 imperium,
1295 4954 1353 5006 et
1395 4966 1533 5007 eum
1582 4953 1827 5013 duceret
1853 4957 1913 5013 in

2026 4332 2300 4389 omnium
2326 4329 2655 4389 caelestium
2683 4337 3068 4406 potestatum.
3629 4422 3635 4429 .

2097 4420 2229 4478 XVI.
2255 4423 2400 4477 ‘Erat
2427 4422 2587 4478 enim
2611 4421 2708 4478 hic
2739 4422 2960 4480 militiae
3011 4424 3315 4498 princeps,
3343 4429 3452 4502 qui
3498 4422 3680 4490 etiam

1951 4551 1996 4606 Β
2025 4511 2087 4566 in
2113 4511 2343 4567 Goliath
2365 4526 2522 4606 pone
2543 4518 2634 4606 est
2647 4511 2971 4606 jaculatus,
2987 4517 3059 4606 et
3082 4529 3222 4570 eum
3251 4531 3516 4588 pronum
3546 4535 3684 4593 pro-

2025 4601 2251 4672 stravit,
2268 4599 2518 4673 quando
2540 4600 2747 4657 divina
2763 4600 2954 4658 t‘uuda
2978 4601 3088 4659 fuit
3105 4618 3432 4676 percussus
3453 4608 3552 4665 Dei
3576 4622 3684 4684 pa-

2024 4690 2207 4746 rentis
2238 4690 2447 4748 David.
2479 4690 2598 4746 Nisi
2628 4691 2789 4747 enim
2820 4690 3071 4762 angelus
3097 4695 3332 4750 Domini
3352 4711 3493 4754 eum
3521 4711 3683 4771 pone

2025 4781 2437 4854 percussisset,
2468 4780 2720 4854 supinus
2751 4780 3061 4837 cecidisset
3086 4781 3145 4837 iu
3184 4783 3379 4842 fronte
3433 4795 3682 4863 accepto

2021 4871 2273 4927 vulnere
2295 4871 2366 4925 ²⁹.

2094 4960 2253 5016 XVII.
2280 4959 2813 5040 Eumdemautem
2842 4961 3180 5018 maximum
3210 4964 3433 5022 militias
3462 4968 3682 5041 princi-

247 5032 945 5132 terramprcmiseionis,
997 5041 1053 5091 et
1081 5040 1398 5095 struxisset
1447 5041 1639 5098 aciem
1705 5050 1915 5103 contra
2019 5062 2162 5122 pem
2184 5049 2350 5106 videt
2395 5038 2709 5106 etiam—Dei
2739 5067 3018 5108 summus
3045 5032 3486 5127 contemplator
3536 5074 3679 5132 pro-

245 5113 631 5177 adversarios
655 5126 714 5178 et
739 5114 815 5179 de
845 5126 1282 5184 committenda
1307 5129 1517 5201 praelia
1571 5132 1906 5209 dissereret,
2020 5113 2204 5212 pheta
2225 5137 2451 5210 Daniel,
2487 5153 2748 5209 arguens
2770 5139 3108 5213 sceleratos,
3136 5143 3241 5215 qui
3268 5113 3565 5204 adversus
3582 5113 3680 5208 ca-

241 5209 416 5265 visus
438 5209 497 5298 ei
524 5213 819 5286 tauquam
863 5211 1226 5272 fortissimus
1269 5217 1440 5274 miles
1488 5220 1710 5280 militia:
1747 5227 1910 5298 prin-
2021 5209 2177 5284 stam
2210 5227 3034 5294 Susannaminsanierant,et
3064 5209 3206 5287 dicit
3234 5230 3402 5288 alteri
3433 5249 3675 5296 eorum:

242 5312 393 5372 ceps
420 5297 685 5385 lichael,
720 5306 888 5358 stans
914 5304 1163 5362 omnino
1189 5312 1442 5378 erectus,
1467 5309 1604 5367 laeto
1654 5297 1822 5371 vultu
1857 5319 1912 5372 et
2021 5338 2050 5366 ‹‹
2074 5317 2394 5388 Exspectat
2422 5315 2673 5387 angelus
2705 5315 2808 5372 Dei
2821 5316 2952 5388 jam
2975 5320 3187 5374 tenens
3212 5319 3502 5396 gladium,
3537 5330 3604 5384 ut
3621 5330 3679 5386 te

239 5392 410 5444 veste
438 5384 716 5460 insignis,
743 5397 993 5465 eratque
1046 5395 1286 5451 strictus
1338 5397 1575 5468 gladius
1601 5400 1662 5457 in
1719 5419 1910 5462 manu
2018 5410 2178 5462 secet
2197 5384 2484 5462 'medium
2504 5384 2572 5460 ίο.
2601 5427 2629 5456 ››
2655 5405 2808 5472 Quin
2823 5384 3021 5463 etiam
3055 5384 3392 5482 postquam
3421 5384 3586 5471 venit
3613 5384 3677 5474 in

240 5476 401 5549 ejus.
446 5478 752 5536 Accedens
781 5496 926 5538 vero
972 5484 1161 5556 Jesus,
1195 5486 1300 5558 qui
1355 5492 1482 5545 erat
1537 5496 1826 5563 armatus,
1855 5495 1907 5551 ei
2018 5502 2283 5552 mentem
2317 5496 2417 5552 Dei
2437 5497 2677 5569 parenti
2696 5501 2754 5553 et
2775 5496 2903 5567 regi
2928 5476 3137 5569 David,
3171 5476 3309 5557 facti
3335 5501 3676 5579 abeopec-

314 5696 366 5731 ³⁸
389 5697 568 5753 Num.
600 5713 907 5756 xxii-xxxi.
959 5702 1036 5786 ,³⁷
1061 5702 1250 5772 Judaa,
1278 5709 1333 5763 9.
1433 5706 1482 5742 ³³
1509 5709 1690 5768 Iosue
1719 5727 1882 5772 v-xu.
1957 5714 2006 5752 ²⁹
2032 5716 2076 5772 l.
2108 5717 2248 5789 Reg.
2279 5731 2420 5786 xvn,
2459 5721 2478 5775 l
2511 5730 2685 5793 seqq.
2759 5714 2808 5756 ⁸ο
2838 5715 3012 5793 Dan.,
3041 5731 3160 5786 nu,
3183 5720 3270 5778 ὅθ.
