4468 6440
803 406 910 463 583

2038 386 2520 460 PANTALEONlS
2557 397 2843 462 DIACONI
2880 392 2985 462 cp.

4113 397 4224 464 584

806 530 942 597 cati,
967 531 1024 584 et
1040 527 1342 599 egregiam
1359 526 1523 583 illam
1541 526 2073 600 compunctionem
2095 530 2152 583 et
2173 527 2461 599 poeniten-
2492 532 2538 583 Α
2567 526 2765 584 lorum
2795 528 3311 585 infestissimorum
3335 528 3556 586 factam
3609 530 3863 602 cladem,
3897 533 3954 587 et
3981 533 4219 603 turpem

805 619 950 676 tiam
976 618 1091 674 cito
1109 616 1385 684 ostendit,
1410 632 1550 672 cum
1580 632 1705 688 qua
1730 616 1881 672 ﬂens
1908 631 1980 672 ex
2005 616 2306 688 profundo
2328 632 2457 672 cor-

804 709 896 764 dis
926 707 1242 763 clamavit:
1272 705 1564 762 «Peccavi
1588 707 1838 762 Domino
1866 725 1877 775 ;
1903 728 1930 754 ν)
1955 711 2281 778 postquam
2309 701 2458 761 vidit

801 798 1096 870 propheta
1124 796 1356 851 Nathan
1378 794 1682 863 angelum,
1706 795 1809 866 qui
1829 799 1952 850 erat
1972 799 2242 867 paratus,
2265 810 2455 850 reces-

801 886 973 953 sisse,
1003 885 1150 940 dixit
1174 884 1379 939 divino
1407 883 1616 939 Davidi
1646 905 1657 940 :
1695 907 1714 932 ε
1743 883 2033 940 Dominus
2055 899 2298 956 quoque
2321 883 2453 939 abs-

800 975 931 1032 tulit
960 979 1274 1046 peccatum
1296 977 1465 1029 tuum
1493 991 1505 1040 ;
1535 989 1660 1028 non
1698 973 1970 1029 morieris
2000 975 2067 1040 δι,
2104 996 2132 1022 ››
2163 987 2452 1043 magnam

799 1063 1232 1120 etinetfabilem
1256 1062 1501 1132 benigni
1525 1061 1621 1118 Dei
1644 1062 1972 1118 bonitatem
1995 1061 2047 1118 ei
2063 1062 2450 1130 annuntians,

797 1159 856 1210 et
887 1169 1024 1209 eum
1054 1151 1390 1208 consolans.

871 1245 1053 1298 XVIII.
1093 1243 1222 1297 Jam
1253 1256 1395 1297 vero
1435 1256 1571 1296 cum
1604 1241 2012 1297 exsecrandus
2044 1239 2451 1297 Sennacherib

793 1346 900 1389 rex
924 1331 1328 1404 Assyriorum,
1349 1330 1639 1402 plurimas
1658 1334 1864 1401 gentes
1896 1330 2227 1399 redegisset
2248 1329 2307 1385 in
2330 1345 2450 1384 ser-

793 1420 1064 1488 vitutem,
1081 1418 1598 1475 etmultasludaatn
1615 1419 1874 1475 munitas
1894 1419 2448 1490 cepissetcivitatese

792 1507 1428 1566 venitetcircumdedit
1446 1507 1774 1563 Jerusalem
1789 1525 1926 1563 cum
1944 1507 2224 1563 maximis
2241 1507 2452 1588 copiis,

794 1607 847 1654 et
876 1598 1081 1654 statuit
1141 1597 1495 1667 Rasphacen
1546 1597 1944 1652 saevissimum
2007 1613 2186 1651 suum
2235 1596 2452 1651 ducem

792 1688 870 1743 ad
899 1687 1198 1760 piscinam
1219 1684 1332 1740 vim
1362 1685 1712 1758 superioris,
1755 1691 1812 1741 et
1843 1684 2126 1741 clamavit
2167 1685 2450 1741 Ilebraice

792 1777 872 1834 ad
902 1776 1214 1832 Ezechiam
1240 1775 1572 1844 etJudaeos,
1604 1775 1706 1847 qui
1731 1780 1898 1831 erant
1919 1774 1979 1830 in
2003 1775 2259 1844 civitate,
2283 1774 2447 1830 blas-

791 1869 1017 1941 phema
1039 1867 1224 1922 verba
1253 1866 1458 1921 dicens
1488 1871 1544 1920 et
1574 1865 1878 1921 satanica:
1915 1886 1943 1914 «
1975 1865 2108 1920 Haec
2131 1870 2331 1921 autem
2360 1865 2445 1921 di-
2477 1882 2517 1936 Β

790 1959 865 2014 cit
894 1957 1066 2012 vobis
1100 1972 1202 2012 rex
1232 1971 1492 2025 magnus
1542 1955 1966 2027 Assyriorum:
2032 1957 2173 2020 Qute
2205 1959 2292 2010 est
2316 1955 2445 2012 haec

789 2048 1032 2116 fiducia,
1063 2061 1186 2118 qua
1217 2044 1534 2111 conﬁditis,
1567 2045 1731 2116 quod
1764 2043 1958 2099 dicitis
1985 2061 1996 2098 :
2028 2047 2091 2099 In
2123 2045 2442 2100 Dominum

791 2141 978 2194 Deum
1004 2135 1364 2192 confidimus
1381 2138 1408 2189 7
1423 2133 1874 2202 Egrediminiad
1888 2132 2204 2188 dominum
2238 2149 2442 2188 meum

787 2230 1091 2296 potentem
1150 2238 1354 2293 regem
1408 2222 1833 2291 Sennacherib,
1867 2227 1923 2278 et
1971 2222 2200 2286 vivetis,
2238 2227 2438 2278 etnon

788 2315 1158 2373 moriemini:
1201 2318 1257 2367 et
1287 2312 1561 2367 comedet
1590 2312 1679 2366 vir
1730 2312 1916 2366 ﬁcum
1945 2327 2140 2380 suam,
2173 2316 2228 2367 et
2277 2311 2443 2368 bibet

785 2406 963 2462 vitem
987 2419 1158 2459 suam
1180 2421 1192 2458 :
1219 2406 1275 2456 et
1290 2400 1582 2472 accipiam
1605 2416 1676 2455 ex
1695 2400 1865 2455 vobis
1885 2401 1941 2455 in
1969 2405 2187 2455 terram
2216 2417 2434 2470 meam,

787 2500 844 2552 et
871 2493 1129 2564 gloriﬁca
1144 2493 1218 2546 bo
1240 2490 1411 2547 valde
1436 2495 1492 2545 et
1522 2489 1928 2560 magniﬁcabo
1954 2505 1965 2545 :
2005 2495 2062 2545 et
2086 2505 2159 2546 ne
2183 2491 2439 2546 audiatis

786 2583 1115 2644 Ezechiam,
1148 2580 1438 2653 quoniam
1468 2595 1572 2633 vos
1603 2578 1842 2650 decipit,
1870 2577 2076 2634 dicens
2102 2598 2113 2634 :
2153 2580 2436 2634 Dominus

786 2670 1206 2729 nosliberabit:
1226 2668 2055 2726 Numliberantesliberarunt
2071 2669 2150 2723 dii
2171 2670 2437 2738 gentium

785 2763 1205 2834 unusquisque
1229 2775 1403 2814 suam
1418 2758 1725 2827 regionem
1745 2775 1780 2814 a
1793 2774 1978 2813 manu
2000 2759 2157 2827 regis
2172 2759 2434 2831 Assyrio-

783 2870 915 2910 rum
937 2855 964 2909 ?
993 2875 1010 2902 ι
1031 2854 1315 2907 llzeccum
1334 2847 1935 2918 audiissetlﬂzechias,
1951 2847 2146 2903 induit
2167 2865 2430 2920 saccum,

782 2950 838 3000 et
856 2944 1160 3012 ingressus
1182 2944 1270 2995 est
1286 2940 1344 2993 in
1367 2939 1618 2994 domum
1636 2953 1828 3007 suam,
1855 2942 1910 2992 et
1932 2937 2093 2992 flevit
2119 2938 2435 2993 vehemen-

780 3039 887 3099 ter,
917 3033 1124 3088 dicens
1156 3047 1168 3083 :
1199 3053 1225 3080 ››
1254 3028 1502 3084 Domine
1529 3030 1683 3083 Deus
1706 3027 1902 3095 Israel,
1927 3043 2031 3099 qui
2052 3027 2224 3082 sedes
2255 3045 2435 3100 super

779 3122 1112 3189 cherubim,
1145 3126 1200 3175 et
1230 3121 1290 3174 in
1321 3118 1529 3173 orbem
1563 3117 1954 3174 circumdaris
2003 3122 2058 3172 et
2088 3117 2436 3186 glorificaris

779 3229 900 3269 non
917 3212 1089 3268 tacite
1106 3227 1141 3266 a
1156 3208 1546 3280 seraphim,et
1562 3206 1638 3262 ab
1661 3207 1934 3262 omnibus
1952 3207 2171 3262 sanctis
2186 3207 2430 3276 angelis.
2464 3238 2503 3294 Ο

778 3305 860 3358 Tu
890 3304 1040 3356 Deus
1064 3298 1225 3353 solus
1251 3297 1311 3351 in
1342 3295 1625 3351 omnibus
1657 3295 1853 3366 regnis
1895 3301 2082 3351 terrae.
2117 3295 2202 3350 Tu
2247 3296 2434 3352 fecisti

776 3391 996 3448 caelum
1018 3393 1073 3444 et
1091 3393 1330 3456 terram,
1356 3391 1411 3441 et
1434 3385 1638 3441 omnia
1659 3401 1792 3456 qum
1813 3389 1950 3440 sunt
1976 3385 2035 3439 in
2058 3385 2162 3441 eis.
2185 3385 2431 3454 Inclina,

777 3480 1045 3543 Domine,
1072 3493 1282 3533 aurem
1301 3481 1488 3544 tuam,
1512 3479 1569 3529 et
1590 3473 1730 3530 audi
1757 3494 1767 3531 :
1797 3474 1984 3545 aperi,
2012 3475 2431 3541 Domine,oeu-

773 3571 865 3626 los
897 3576 1051 3635 tuos,
1093 3571 1149 3621 et
1170 3565 1325 3631 vide,
1352 3569 1407 3619 et
1428 3562 1668 3619 attende
1692 3578 2004 3618 sermones
2029 3564 2434 3620 Sennacherib

771 3676 925 3733 quos
956 3653 1551 3726 emisit,exprobrans
1579 3656 1764 3707 Deum
1793 3652 2106 3722 viventem,
2133 3653 2431 3718 Quoniam

772 3751 832 3806 in
855 3749 1116 3814 veritate,
1142 3744 1412 3811 Domine,
1429 3742 1696 3797 desertas
1710 3741 2101 3797 reddiderunt
2117 3748 2322 3813 gentes
2342 3759 2431 3799 re-

773 3855 875 3909 ges
892 3835 1301 3909 Assyriorum.
1318 3835 1382 3888 Et
1395 3848 1574 3901 nunc,
1595 3832 1842 3886 Domine
1858 3834 2009 3886 Deus
2022 3838 2243 3903 noster,
2262 3850 2433 3890 serva

770 3946 883 3987 nos
907 3944 943 3984 a
965 3941 1152 3983 manu
1185 3924 1333 3994 ejus,
1361 3927 1413 3978 et
1432 3925 1798 3991 cognoscent
1819 3921 2024 3977 omnia
2049 3937 2235 3992 regna
2261 3929 2432 3979 teme

771 4020 938 4095 quod
968 4023 1032 4074 tu
1062 4034 1123 4072 es
1159 4015 1445 4071 Dominus
1480 4017 1633 4068 Deus
1694 4011 1880 4067 solus.
1917 4015 1983 4068 Et
2039 4027 2314 4082 egressus
2346 4020 2433 4072 est

770 4108 1020 4181 angelus
1052 4103 1287 4161 Domini
1325 4106 1498 4158 nocte
1538 4101 1658 4172 illa,
1693 4106 1750 4157 et
1778 4101 2072 4157 interfecit
2103 4118 2169 4157 ex
2221 4105 2432 4160 castris

768 4198 1152 4272 Assyriorum
1183 4197 1424 4249 centum
1463 4189 1770 4262 octoginta
1821 4190 2090 4263 quinque
2130 4191 2334 4249 millia.
2369 4197 2435 4252 Et

769 4306 908 4347 cum
936 4303 1114 4343 mane
1146 4281 1564 4350 surrexissent,
1597 4281 1955 4336 invenerunt
1987 4296 2242 4352 corpora
2271 4299 2432 4339 mor-

765 4387 887 4438 tua.
919 4377 986 4433 Et
1009 4377 1155 4431 dum
1182 4376 1541 4428 averteretur
1567 4376 1623 4424 et
1643 4369 1874 4439 fugeret
1915 4369 2016 4424 Dei
2045 4369 2233 4426 hostis
2254 4376 2432 4445 Assy-

763 4471 887 4527 rius
928 4461 1356 4527 Sennacherib,
1387 4475 1525 4515 eum
1553 4460 1985 4514 interemerunt
2026 4460 2148 4514 duo
2174 4459 2276 4515 filii
2302 4462 2432 4533 ejus

764 4555 1099 4631 graviterin
1122 4551 1348 4623 gladio,
1378 4565 1549 4605 «cum
1574 4549 2004 4621 permansisset
2023 4549 2189 4606 nulla
2214 4550 2432 4608 ductus

760 4644 1115 4722 poenitentia
1143 4641 1211 4694 ³³.
1247 4638 1431 4710 Cujus
1485 4643 1690 4694 autem
1728 4637 1840 4692 fuit
1869 4636 1984 4693 hoc
2035 4639 2425 4724 stupendum,

761 4737 1240 4812 prseclarumque
1267 4734 1323 4785 et
1349 4727 1705 4784 admirabile
1733 4726 1966 4782 facinus
2004 4733 2061 4783 et
2105 4731 2370 4800 potentia
2400 4732 2428 4787 ‘I

761 4841 965 4884 nonne
983 4821 1257 4880 omnium
1279 4817 1438 4886 regis
1464 4816 1698 4872 Domini
1721 4814 1996 4871 Sabaoth
2019 4816 2308 4889 principis
2331 4835 2426 4875 co-

761 4918 1002 4991 piarum
1025 4909 1290 4975 Michael,
1323 4905 1426 4979 qui
1449 4920 1572 4961 non
1603 4904 1764 4960 visus
1790 4903 1960 4961 duxit
1989 4905 2336 4978 exercitum,
2368 4913 2426 4966 et

763 5003 1146 5065 adversarios
1177 4997 1465 5071 temporis
1495 4999 1806 5052 momento
1835 4996 1960 5050 sine
1990 4995 2189 5075 gladio
2220 5004 2423 5070 aperte

760 5096 1039 5160 concidit,
1073 5093 1134 5147 in
1167 5087 1484 5164 auxilium
1516 5090 1569 5141 et
1628 5085 1964 5141 custodiam
2021 5102 2292 5155 suorum,
2318 5090 2422 5162 qui

759 5203 931 5262 spem
967 5198 1143 5240 suam
1171 5179 1546 5235 collocarunt
1569 5175 1630 5230 in
1663 5177 1849 5231 Deum
1870 5175 2076 5231 vivum
2098 5176 2417 5250 ultionum,

757 5285 815 5336 et
843 5277 942 5349 qui
965 5274 1129 5330 solus
1154 5273 1350 5343 potest
1385 5281 1626 5322 servare
1659 5265 1687 5320 ‘I

828 5370 956 5424 XIX.
993 5363 1108 5421 Sed
1163 5357 1379 5429 ingrati
1427 5355 1642 5424 Judaei,
1684 5358 1742 5411 et
1770 5353 1949 5422 stulti,
2005 5359 2062 5411 et
2106 5356 2417 5424 increduli,

755 5463 812 5515 et
837 5454 1048 5527 ignari,
1077 5451 1183 5524 qui
1203 5446 1600 5521 plurimorum
1624 5445 1969 5500 divinorum
1987 5443 2418 5504 beneﬁciorum

753 5549 996 5605 fuerunt
1021 5545 1433 5602 immemores,
1458 5540 1592 5608 post
1615 5551 1805 5591 manu
1827 5533 2027 5604 angeli
2056 5535 2326 5594 hostium
2347 5537 2417 5594 il-

827 5712 867 5745 3'
904 5712 948 5764 ll
981 5710 1122 5776 Reg.
1154 5720 1248 5776 xu,
1277 5705 1364 5759 13.
1445 5700 1490 5734 ³²
1521 5701 1589 5776 IV
1619 5701 1762 5772 Reg.
1795 5713 1945 5768 xvm,
1975 5700 2168 5758 28-33.

754 5789 779 5848 1
815 5798 986 5858 seqq.
1021 5773 1259 5836 3tt'Psal.
1292 5787 1498 5841 χχχιιι,
1526 5773 1576 5828 8.

2264 5703 2312 5738 ³³
2343 5704 2412 5757 IV
2443 5704 2582 5773 Reg.
2616 5717 2729 5770 XIX,
2765 5704 2923 5756 15-57

2567 616 2808 674 illorum
2824 618 3057 688 fugam,
3079 634 3155 674 ne
3168 619 3250 674 sic
3266 619 3514 691 quidem
3541 624 3863 691 potuerunt
3889 620 4220 688 intelligere

2567 710 2623 762 et
2648 722 2999 776 agnoscere.
3028 707 3138 764 sed
3174 706 3458 764 dicebant
3481 711 3716 765 :Manus
3745 715 3950 766 nostra
3980 706 4219 764 excelsa

2564 793 2701 851 fecit
2724 795 2852 851 haec
2878 798 3084 852 omnia
3111 796 3408 869 prodigia.
3443 798 3764 869 Propterea
3816 797 4059 854 tradidit
4111 810 4217 852 eos

2563 885 2717 939 Deus
2729 885 2976 941 omnino
2990 886 3047 941 in
3065 902 3280 942 manus
3295 885 3850 943 Nabuchodonosor
3865 887 4023 956 regis
4045 884 4217 942 Chal-

2561 973 2852 1045 daeorum,
2886 976 2981 1048 qui
3003 977 3183 1032 etiam
3205 976 3612 1032 diruitomnes
3635 993 3842 1033 muros
3857 976 4215 1043 Jerusalem,

2561 1067 2617 1118 et
2637 1063 2899 1121 incendit
2922 1064 3220 1121 civitatem
3249 1069 3452 1134 totam,
3490 1069 3549 1121 et
3575 1065 3828 1122 domum
3877 1065 4131 1133 Domini,
4159 1069 4219 1121 et

2559 1152 2717 1209 bello
2747 1158 2925 1226 capta
2954 1154 3183 1227 accepit
3221 1171 3368 1211 vasa
3416 1171 3608 1224 sacra,
3665 1160 3722 1211 et
3768 1154 4216 1211 multitudinem

2560 1241 2901 1299 divitiarum
2933 1260 3162 1314 eorum,
3195 1249 3251 1301 et
3277 1243 3448 1299 duxit
3474 1243 3680 1300 omnia
3728 1244 4114 1316 Babylonem.
4148 1245 4219 1299 Et

2562 1330 2802 1386 fuerunt
2829 1332 3018 1388 Judaai
3039 1333 3358 1388 servientes
3381 1333 3442 1388 in
3473 1333 3807 1406 captivitate
3823 1348 3964 1389 cum
3989 1346 4217 1402 magno

2565 1426 2725 1476 metu
2752 1422 3062 1490 Chaldaeis,
3087 1422 3348 1479 colentes
3377 1439 3590 1479 omnes
3614 1439 3824 1479 eorum
3869 1422 4215 1492 simulacra,

2564 1516 2772 1583 praeter
2797 1517 3180 1568 sanctostres
3223 1527 3442 1584 pueros
3485 1517 3542 1568 et
3599 1511 3956 1585 prophetam
4010 1510 4218 1567 Danie-

2561 1600 2702 1657 lem.

2633 1693 2735 1746 XX.
2772 1690 2840 1746 Hi
2862 1690 3019 1747 enim
3049 1689 3157 1746 soli
3187 1691 3294 1746 viri
3321 1691 3422 1762 pii,
3456 1691 3686 1746 etiamsi
3743 1689 3921 1762 plane
3955 1689 4214 1746 infantes

2558 1779 3025 1837 abductiessent
3052 1782 3112 1835 in
3135 1781 3559 1853 captivitatem,
3589 1780 3689 1836 Dei
3747 1780 4027 1836 timorem
4059 1794 4214 1835 sem-

2556 1870 2987 1942 perhabentes,
3020 1885 3142 1925 non
3182 1886 3320 1925 cum
3371 1869 3461 1924 sui
3520 1869 3751 1940 generis
3800 1868 4208 1942 pontiﬁcibus,

2557 1959 2776 2015 Scribis
2810 1964 2866 2016 et
2909 1958 3224 2015 Pharisaais
3255 1974 3325 2014 eo
3375 1958 3614 2014 deducti
3648 1964 3804 2023 sunt,
3861 1962 3925 2014 ut
3949 1956 4215 2013 colerent

2555 2048 2723 2114 deos,
2779 2048 2882 2121 qui
2935 2063 3058 2104 non
3110 2051 3252 2102 sunt
3294 2063 3488 2119 neque
3516 2046 3750 2119 regium
3778 2046 3926 2102 illud
3967 2046 4210 2117 jussum

2554 2138 2917 2194 timuerunt:
2949 2137 3056 2193 sed
3094 2137 3155 2192 in
3179 2139 3366 2192 Deum
3395 2136 3616 2204 vivum,
3649 2136 3752 2209 qui
3800 2136 3906 2191 dat
3931 2134 4206 2205 salutem,

2553 2226 2941 2292 conﬁdentes,
2977 2244 3114 2284 cum
3139 2227 3299 2282 ducti
3329 2231 3529 2282 essent
3548 2226 3624 2283 ad
3648 2231 3993 2298 tyrannum,
4022 2224 4210 2281 auda-

2552 2321 2674 2371 cter
2727 2315 3042 2372 dixerunt:
3101 2320 3316 2372 Notum
3373 2315 3479 2371 tibi
3551 2316 3641 2382 sit,
3676 2330 3800 2384 rex,
3852 2313 4019 2387 quod
4061 2313 4209 2369 deos

2551 2409 2684 2462 tuos
2709 2421 2832 2461 non
2860 2405 3132 2476 colimus,
3165 2405 3564 2475 etimaginem
3587 2420 3853 2471 auream,
3883 2419 4069 2477 quam
4101 2417 4208 2474 po-

2551 2496 2739 2566 suisti,
2764 2510 2886 2550 non
2919 2495 3270 2551 adoramus.
3298 2519 3317 2544 ι
3345 2498 3506 2551 Tunc
3526 2494 4080 2550 Nabuchodonoser
4101 2508 4206 2548 rex

2550 2586 2608 2640 in
2638 2586 2726 2641 ira
2757 2585 3029 2641 etfurore
3054 2584 3588 2656 injecitAnaniam,
3612 2583 3882 2639 Azariam
3905 2586 3962 2638 et
4007 2580 4209 2638 Misael

2549 2676 2607 2730 in
2633 2674 3126 2743 fornacemfignis
3159 2674 3490 2730 ardentem.
3520 2673 3618 2729 Dei
3669 2678 3870 2728 autem
3927 2669 4202 2741 angelus,

2550 2764 2794 2820 Michael
2826 2763 3070 2828 scilicet,
3107 2763 3446 2818 simulcum
3479 2763 3560 2817 eis
3585 2759 3894 2817 descendit
3922 2761 3983 2816 in
4008 2759 4208 2814 forna-

2548 2871 2674 2910 cem
2705 2871 2717 2921 ;
2751 2859 2936 2909 etnec
2962 2853 3210 2909 omnino
3240 2852 3488 2925 quidem
3535 2867 3636 2907 eos
3682 2850 3865 2920 tetigit
3894 2849 4069 2920 ignis,
4098 2847 4205 2903 sed

2546 2944 2805 2999 excussit
2825 2942 3077 3012 angelus
3095 2941 3407 2997 ﬂammam
3427 2939 3706 3008 fornacis,
3727 2944 3784 2995 et
3806 2939 4032 2995 transiit
4050 2937 4204 3008 ignis

2546 3033 2950 3104 circumcirca,
2985 3037 3039 3088 et
3069 3030 3404 3087 combussit
3429 3031 3584 3086 viros
3614 3046 3849 3094 omnes,
3904 3028 4007 3101 qui
4038 3029 4204 3100 ipsos

2543 3123 2891 3194 injecerant,
2933 3122 3048 3177 hoc
3074 3125 3179 3191 est,
3212 3121 3600 3176 administros
3654 3119 3830 3188 regis.
3885 3119 4046 3173 Tunc
4088 3121 4205 3172 tres

2545 3218 2838 3284 tanquam
2859 3226 2981 3266 uno
3004 3225 3105 3265 ore
3127 3210 3417 3279 laetantes,
3457 3208 3792 3264 laudabant
3812 3210 3867 3263 et
3891 3205 4203 3262 benedice-

2545 3301 2693 3357 bant
2721 3304 2777 3355 et
2807 3299 3004 3354 solum
3033 3299 3217 3353 Deum
3250 3296 3692 3367 gloriﬁcabant.
3717 3299 3837 3351 Rex
3868 3299 4071 3351 autem
4103 3311 4206 3350 au-

2545 3389 2692 3445 divit
2719 3390 2883 3461 ipsos
2917 3391 3103 3443 Deum
3131 3385 3529 3443 laudantesin
3577 3385 3779 3443 medio
3823 3383 4112 3448 fornacis,
4144 3388 4202 3439 et

2545 3479 2659 3535 cito
2683 3493 2957 3547 surgens,
2991 3477 3138 3532 dixit
3159 3475 3548 3546 magnatibus
3575 3475 3732 3530 suis:
3763 3496 3788 3524 ››
3820 3477 3948 3530 Non
3976 3481 4091 3528 tres
4111 3472 4199 3528 vi-

2543 3585 2641 3624 ros
2657 3569 2890 3622 vinctos
2914 3566 3230 3637 injecimus
3257 3565 3318 3620 in
3340 3564 3610 3620 medium
3637 3564 3812 3634 ignis,
3839 3569 3895 3618 et
3923 3566 4201 3635 aspectus

2542 3657 2739 3730 quarti
2770 3661 2857 3712 est
2887 3655 3095 3711 similis
3132 3655 3272 3710 Filio
3335 3655 3434 3710 Dei
3475 3655 3502 3710 ?
3558 3656 3721 3709 Tunc
3765 3669 3906 3708 cum
3961 3667 4067 3707 rex
4095 3667 4200 3706 eos

2543 3745 2912 3815 accersisset,
2947 3743 3169 3814 egressi
3200 3742 3545 3798 suntillaasi.
3578 3743 3724 3797 Cum
3781 3745 3983 3796 autem
4010 3739 4198 3794 divini

2542 3835 2712 3908 pueri
2733 3835 2956 3903 egressi
2980 3837 3180 3888 essent
3201 3831 3432 3904 absque
3453 3831 3578 3887 ulla
3597 3831 3861 3901 laesione,
3885 3845 4089 3885 coram
4113 3827 4199 3883 eis

2542 3924 2815 3981 adoravit
2845 3940 2970 3989 rex,
2999 3922 3214 3979 etdixit
3242 3941 3254 3978 :
3287 3945 3307 3972 ‹
3341 3921 3694 3977 Benedictus
3718 3919 4007 3976 Dominus
4039 3921 4196 3974 Deus

2545 4014 2814 4083 Sidrach,
2841 4013 3082 4080 Misacb,
3117 4011 3545 4082 etAbdenago,
3573 4009 3677 4083 qui
3722 4009 3882 4065 misit
3912 4007 4197 4078 angelum

2543 4121 2743 4171 suum,
2775 4109 2831 4160 et
2860 4104 3077 4175 eripuit
3105 4117 3325 4175 pueros
3356 4117 3498 4157 suos
3529 4117 3602 4156 ex
3658 4100 3795 4169 igne
3827 4097 4087 4154 fornacis
4103 4095 4202 4152 ar-

2543 4199 2756 4254 dentis.
2785 4199 2946 4252 'I‘unc
2973 4211 3077 4250 rex
3120 4193 3424 4251 constituit
3451 4207 3553 4248 eos
3609 4191 3933 4264 principes,
3963 4195 4020 4245 et
4075 4205 4200 4245 ma-

2541 4287 2705 4343 ximo
2735 4301 2837 4342 eos
2867 4285 3095 4341 honore
3122 4282 3317 4339 affecit
3343 4298 3481 4338 cum
3507 4281 3803 4354 propheta
3849 4278 4089 4335 Daniele
4148 4278 4196 4312 ³⁵

2542 4377 2788 4433 Pulchre
2809 4390 3018 4430 revera
3037 4373 3281 4429 divinus
3309 4378 3518 4427 cantor
3544 4369 3732 4426 David
3757 4368 4002 4442 psallit:
4037 4389 4056 4416 ι
4089 4367 4199 4424 Ca-

2543 4465 2991 4523 strametabitur
3037 4462 3291 4534 angelus
3321 4461 3558 4517 Domini
3588 4463 3649 4517 in
3681 4460 3930 4516 circuitu
3973 4458 4197 4513 timen-

2540 4557 2691 4613 tium
2723 4571 2884 4622 eum,
2912 4559 2968 4610 et
2997 4552 3273 4609 liberabit
3299 4567 3400 4609 eos
3431 4553 3499 4606 ³⁵.
3539 4574 3566 4601 ››

2537 4679 2546 4692 ο
2609 4649 2739 4702 XXI.
2799 4644 2998 4702 Simile
3046 4648 3249 4700 autem
3300 4657 3509 4697 rursus
3541 4637 3899 4695 miraculum
3932 4635 4200 4693 ostendit

2539 4739 2693 4793 Deus
2725 4733 3194 4796 admirabilium,
3226 4747 3333 4804 per
3380 4730 3708 4802 gloriosum
3758 4723 4195 4796 archangelum

2537 4841 2716 4881 suum
2746 4822 3110 4887 Michaelem,
3142 4821 3201 4876 in
3231 4819 3459 4875 famulo
3492 4833 3735 4891 quoque
3762 4832 3870 4872 suo
3928 4813 4194 4876 Daniele,

2533 4915 2750 4986 injecto
2792 4913 2853 4968 in
2877 4913 3078 4969 lacum
3107 4911 3372 4966 leonum.
3438 4911 3587 4964 Nam
3626 4911 3950 4980 postquam
3980 4918 4200 4974 regna-

2532 5008 2672 5060 runt
2693 5017 2865 5073 reges
2897 5001 2995 5057 alii
3027 5017 3062 5057 a
3088 4997 3669 5066 Nabuchodonosor,
3712 4994 4074 5065 diligebatur
4113 4992 4195 5050 ab

2532 5092 2818 5149 omnibus
2836 5089 3314 5163 sapientissimus
3338 5086 3563 5153 Daniel,
3583 5085 3767 5158 utqui
3789 5100 3861 5139 ex
3885 5085 4195 5139 Deosom-

2529 5182 2632 5238 nia
2662 5182 2998 5253 conjiceret.
3033 5177 3345 5251 Babylonii
3389 5181 3592 5233 autem
3628 5165 3858 5231 invidia
3888 5171 4056 5240 moti,
4107 5172 4198 5226 in-

2531 5275 2915 5328 surrexerunt
2944 5287 3014 5326 eo
3037 5275 3307 5340 tempore
3327 5267 3619 5323 adversus
3646 5267 3887 5337 Cyrum,
3916 5262 4022 5334 qui
4049 5266 4219 5318 tunc~

2529 5361 2695 5434 apud
2711 5377 2814 5418 eos
2831 5359 3312 5431 regnabat,sicut
3330 5356 3494 5429 prius
3519 5355 3813 5411 adversus
3839 5352 4108 5419 Darium,
4137 5355 4200 5408 et

2528 5451 2735 5507 dicunt
2763 5450 2848 5506 ei:
2886 5472 2912 5500 ‹‹
2963 5453 3104 5518 Rex,
3133 5448 3214 5504 da
3260 5446 3460 5512 nobis,
3509 5449 3576 5500 ut
3604 5449 3797 5500 morte
3851 5440 4198 5498 afﬁciamus

2529 5539 2845 5596 Hebraeum
2876 5538 3180 5596 Danielem
3209 5554 3222 5592 :
3256 5535 3549 5610 quoniam
3581 5533 3679 5590 Bel
3697 5533 3880 5590 deum
3911 5534 4199 5587 nostrum

3018 5701 3065 5735 ³⁵
3099 5699 3166 5754 IV
3197 5700 3338 5772 Reg.
3368 5713 3504 5761 xxv,
3545 5701 3562 5752 1
3603 5710 3774 5770 seqq.
3854 5694 3902 5730 ³³
3930 5694 4076 5749 Dan.
4115 5705 4200 5763 ιιι,
