4468 6440
229 427 328 480 585

1380 415 1469 469 DE
1510 413 1567 469 S.
1607 413 1956 469 MICHAELE
1993 413 2487 472 ARCHANGELO.

3533 420 3636 473 586

223 547 508 616 contrivit,
552 551 607 602 et
654 545 1069 602 venerandum
1113 542 1440 596 draconem
1488 536 1794 603 interfecit,
1827 541 1884 593 et
1915 542 1960 593 Α
1991 539 2235 594 enimet
2253 539 2469 611 caligat
2489 539 2688 596 omnis
2706 539 2795 596 vis
2816 539 3072 610 dicendi,
3097 539 3336 595 intuens
3383 539 3458 596 ad
3510 540 3638 596 alti-

222 634 563 691 sacerdotes
576 639 632 690 et
646 634 1047 689 incantatores
1061 633 1294 685 nostros
1308 625 1648 681 occidit.Sin
1662 625 1882 694 minus,

222 729 274 781 te
290 726 701 780 interimemus
719 729 776 779 et
795 723 1047 778 domum
1078 725 1266 786 tuam,
1295 715 1800 789 utjudaizantem.
1853 739 1881 765 ››

221 814 368 870 Cum
391 829 525 869 vere
547 808 1123 883 vidissetrexzquod
1167 822 1306 862 eum
1357 803 1528 860 valde
1582 808 1880 875 urgerent,

221 907 482 968 coactus,
509 901 752 956 tradidit
767 900 852 955 eis
877 897 1198 954 Danielem.
1218 894 1302 949 Illi
1326 897 1527 949 autem
1554 892 1886 963 injecerunt

222 990 661 1046 cuminlacum
704 989 950 1044 leonum
992 992 1048 1042 et
1082 985 1191 1040 fuit
1249 983 1484 1038 illicsex
1557 981 1885 1038 dies.Erant

221 1085 421 1136 autem
442 1079 502 1134 in
523 1078 659 1135 lacu
680 1084 910 1151 septem
930 1076 1155 1132 leones.
1176 1071 1438 1129 Occlusit
1459 1086 1597 1127 vero
1633 1071 1884 1128 archan-

220 1168 386 1241 gelus
407 1167 653 1223 Michael
673 1166 1058 1232 oraleonnm,
1084 1168 1142 1219 et
1187 1177 1310 1217 non
1352 1159 1628 1216 molestia
1674 1159 1884 1216 affece-

219 1263 358 1313 runt
391 1257 721 1325 Danielem,
762 1270 956 1327 neque
1000 1253 1323 1323 attigerunt
1367 1248 1617 1306 omnino
1666 1265 1886 1323 corpus

220 1348 367 1418 ejus.
394 1347 541 1402 Cum
564 1332 705 1401 vero
724 1345 990 1400 venisset
1020 1358 1124 1398 rex
1145 1341 1402 1412 septimo
1450 1339 1568 1401 die,
1611 1343 1676 1395 ut
1720 1339 1884 1412 luge-

220 1432 886 1500 retDanieleminlacu,
911 1429 1324 1486 invenitsalva
1366 1444 1501 1500 quae
1559 1427 1770 1484 ﬁxerat
1810 1429 1884 1483 si-

223 1522 738 1594 gnacula.etlacu
777 1526 1006 1594 aperto,
1055 1519 1221 1575 videt
1281 1517 1585 1574 Danielem
1629 1521 1886 1573 stantem

218 1615 554 1678 rectum,et
604 1626 824 1666 manus
873 1609 1199 1665 habentem
1258 1611 1556 1668 extensas.
1603 1610 1660 1662 et
1699 1609 1886 1662 Deum

219 1702 595 1769 laudantem,
617 1699 1047 1756 etdicentemm
1073 1697 1424 1753 Benedictus
1463 1698 1745 1765 es,Deus,
1783 1695 1891 1768 qui

221 1789 434 1845 misisti
450 1787 736 1858 angelum
760 1791 951 1855 tuum,
971 1790 1028 1843 et
1066 1784 1479 1841 obstruxitora
1523 1783 1790 1851 leonum,
1835 1786 1891 1840 et

1991 626 2259 683 tudinem
2280 628 2794 685 etmultitudinem
2833 628 3321 685 etexcellentiam
3370 629 3638 685 inﬁnito-

1991 732 2126 772 rum
2146 718 2517 774 etvariorum
2539 723 2595 774 et
2631 719 2828 775 omnis
2869 719 3101 789 generis
3145 719 3275 788 ejus
3318 718 3639 775 miraculo-

1991 821 2148 875 rum,
2172 812 2230 862 et
2261 813 2499 864 recusat
2544 810 2793 865 omnino
2837 808 2912 864 de
2960 808 3034 864 iis
3093 807 3371 864 scribere.
3403 808 3644 865 Deﬁciet

1992 895 2152 952 enim
2167 895 2346 967 plane
2367 902 2606 968 tempus
2631 913 2742 954 nos
2769 901 2832 953 ut
2871 897 3108 953 divinus
3161 896 3244 951 ait
3296 896 3642 969 Apostolus,

1991 989 2324 1043 narrantes.
2393 989 2491 1042 Est
2535 987 2696 1042 enim
2744 986 2996 1059 pelagus
3045 986 3240 1043 metiri
3291 985 3542 1053 facilius,
3589 990 3648 1043 et

1994 1073 2193 1130 stellas
2213 1089 2550 1141 numerare,
2577 1091 2766 1148 quam
2799 1075 3088 1145 maxima,
3135 1091 3272 1147 quae
3313 1090 3349 1130 a
3377 1075 3646 1132 maximo

1992 1161 2346 1235 incorporeo
2371 1163 2638 1236 quotidie
2657 1165 2719 1221 in
2741 1179 2852 1221 nos
2867 1163 3040 1230 ﬁunt,
3064 1163 3374 1220 miracula.
3399 1166 3484 1220 Ex
3521 1179 3650 1221 ma-

1993 1253 2128 1327 gnis
2189 1268 2332 1323 ergo
2377 1259 2435 1310 et
2475 1254 2812 1324 insignibus
2859 1254 2988 1326 ejus
3031 1253 3363 1321 miraculis,
3409 1253 3650 1310 audebo

1992 1358 2191 1414 pauca
2224 1343 2507 1416 quaedam
2531 1343 2698 1400 vobis
2725 1359 2970 1400 narrare
3022 1344 3405 1410 admirabilia
3443 1360 3650 1417 opera.

2065 1435 2241 1488 XXVI.
2291 1435 2580 1505 Tempore
2634 1433 2933 1490 Michaelis
2978 1433 3356 1506 imperatoris
3399 1434 3654 1490 etTheo-

1993 1520 2157 1575 doree
2179 1520 2551 1590 ejusmatris,
2592 1526 2719 1577 erat
2765 1521 2855 1576 vir
2901 1520 3440 1592 quidam,nomine
3511 1524 3656 1578 Mar-

1996 1609 2348 1680 cianus,qui
2373 1625 2408 1665 a
2434 1610 2649 1666 teneris
2686 1609 3028 1679 unguiculis
3070 1609 3265 1665 fuerat
3316 1610 3522 1666 cerifer
3560 1626 3657 1667 ve-

1996 1698 2247 1754 nerandi
2277 1699 2459 1770 hujus
2481 1699 2711 1771 templi.
2739 1702 2802 1755 ln
2819 1700 2956 1771 ipso
2977 1699 3140 1754 enim
3160 1699 3375 1755 divino
3398 1703 3455 1756 et
3480 1715 3657 1756 vene-

1997 1787 2188 1844 rando
2212 1794 2269 1844 et
2288 1788 2690 1861 pulcherrimo
2713 1790 2938 1861 templo
2961 1790 3401 1860 archangelico,
3447 1806 3660 1847 omnes

221 1879 370 1935 mihi
389 1894 514 1934 non
535 1881 889 1933 nocuerunt.
917 1878 1121 1931 nTunc
1164 1890 1268 1929 rex
1319 1873 1435 1930 cito
1479 1888 1619 1928 cum
1667 1873 1888 1943 gaudio
1927 1900 1969 1953 Β
1998 1879 2101 1950 qui
2119 1879 2777 1949 mariagitanturomne
2808 1895 3000 1952 genus
3026 1880 3659 1947 morborum,etacce-

229 1970 417 2024 Deum
442 1966 806 2038 gloriﬁcans,
833 1963 1076 2020 sustulis
1100 1962 1404 2019 Danielem
1425 1961 1606 2017 elacu
1633 1961 1890 2018 illaesum

224 2062 279 2113 et
300 2056 584 2114 adoravit
604 2071 766 2120 eum;
791 2054 958 2110 Viros
982 2057 1208 2118 autem,
1247 2051 1353 2124 qui
1375 2050 1679 2107 Danielem
1717 2067 1888 2108 accu-

226 2151 531 2212 saverant,
558 2146 760 2217 injecit
804 2145 866 2200 in
912 2143 1112 2200 lacum
1153 2142 1396 2197 leonum
1427 2141 1493 2196 ⁸⁷.
1553 2143 1682 2196 Νοῑι
1723 2138 1889 2210 prius

223 2243 428 2293 autem
450 2236 692 2292 fuerunt
712 2235 773 2290 in
801 2233 929 2289 solo
950 2233 1138 2300 lacus,
1161 2246 1350 2303 quam
1391 2245 1492 2285 eos
1535 2228 1886 2285 invadentes

221 2325 431 2381 leones
457 2324 841 2387 devorarunt,
862 2325 919 2377 et
941 2321 1150 2377 omnia
1171 2335 1309 2376 ossa
1333 2334 1564 2384 eorum,
1596 2321 1886 2389 tanquam

222 2416 283 2470 in
305 2413 614 2487 pulverem
638 2412 1145 2468 comminuerunt.
1172 2410 1271 2465 llic
1293 2423 1436 2478 ergo
1461 2409 1551 2463 vir
1567 2405 1889 2463 desiderio-

222 2521 360 2560 rum
380 2502 604 2573 Daniel,
635 2501 1083 2558 sanctissimum
1101 2497 1448 2568 archangeli
1475 2511 1696 2553 nomen
1709 2495 1887 2552 nobis

221 2593 503 2663 ostendit,
527 2590 697 2664 quod
717 2593 1035 2648 vocaretur
1074 2586 1341 2653 Michael,
1385 2586 1575 2655 idest,
1613 2585 1742 2641 dux
1782 2585 1890 2641 Dei

220 2683 546 2751 exercitus,
569 2687 634 2738 ut
649 2681 753 2754 qui
768 2681 885 2738 hoc
905 2679 1260 2752 mysterium
1307 2675 1599 2750 acceperit
1647 2675 1726 2732 ab
1771 2675 1888 2732 alio

236 2772 478 2845 angelo.

291 2864 452 2920 XXII.
481 2861 664 2917 Porro
684 2875 826 2916 vero
853 2858 1132 2915 Habacuc
1149 2873 1395 2931 quoque
1415 2854 1711 2929 propheta
1763 2857 1892 2910 erat

225 2952 289 3008 in
310 2951 548 3008 Judaea.
572 2954 703 3023 lpse
720 2955 924 3005 autem
951 2953 1191 3004 coxerat
1213 2945 1590 3019 pulmentum
1610 2949 1668 3001 et
1697 2959 1889 3016 panes

224 3041 557 3098 intinxerat
619 3038 697 3096 ad
744 3039 1203 3103 nutrimentum,
1245 3041 1302 3092 et
1355 3035 1480 3092 ibat
1521 3038 1583 3089 ut
1629 3033 1689 3089 id
1714 3033 1892 3090 ferret

223 3133 350 3188 suis
375 3130 766 3187 messoribus.
795 3128 1057 3198 Angelus
1079 3125 1314 3182 Domini
1344 3123 1741 3198 apprehendit
1763 3139 1890 3179 ver-

227 3223 408 3277 ticem
457 3219 765 3280 Habacuc,
790 3223 846 3273 et
868 3216 1096 3290 impetu
1118 3215 1463 3287 suispiritus
1481 3229 1619 3270 eum
1632 3213 1890 3286 portavit

221 3327 258 3366 a
276 3310 487 3366 Iudaea
517 3307 886 3381 Babylonem
911 3323 1051 3362 cum
1071 3306 1247 3362 lentis
1269 3305 1578 3372 alimento;
1606 3309 1662 3359 et
1694 3303 1892 3359 intulit

223 3401 431 3472 ipsum
455 3396 858 3470 archangelus
880 3396 940 3452 in
964 3395 1166 3452 lacum
1189 3394 1460 3457 leonum.
1497 3409 1621 3450 non
1676 3391 1888 3448 solutis

215 3489 336 3546 illic
359 3487 705 3559 signaculis.
733 3485 1121 3558 Comeditque
1144 3484 1348 3541 Daniel
1373 3500 1581 3540 servus
1624 3483 1883 3550 Domini,

221 3586 279 3636 et
297 3580 539 3636 lmiatus
563 3582 672 3633 est.
698 3579 764 3634 Et
785 3593 990 3633 rursus
1029 3575 1191 3631 idem
1217 3573 1468 3644 angelus
1509 3572 1754 3630 Michael
1803 3588 1888 3628 re-

233 3669 424 3726 stituit
442 3668 757 3724 confestim
780 3666 1060 3723 Habacuc
1082 3666 1144 3721 in
1163 3664 1367 3721 locum
1396 3680 1597 3729 suum,
1643 3662 1790 3718 nihil
1837 3672 1890 3728 ei

215 3758 640 3833 impedimenti
677 3756 956 3826 ai’ferens,
975 3753 1307 3829 quominus
1355 3753 1570 3810 eadem
1593 3753 1744 3809 hora
1791 3768 1889 3808 ve-

217 3850 377 3906 niret
415 3853 471 3904 et
503 3847 717 3904 eodem
761 3845 898 3902 cibo
941 3860 1240 3901 messores
1294 3859 1437 3900 suos
1484 3842 1726 3915 copiose
1770 3842 1889 3898 ale-

218 3942 318 3996 ret
340 3938 414 3992 ”.
439 3937 638 4010 Papa,
661 3939 891 4009 quanta
929 3939 1022 3991 est
1065 3932 1254 3990 divini
1301 3930 1648 4004 archangeli
1694 3931 1891 4004 perni-

233 4029 410 4086 citas.

295 4117 468 4175 XXlll.
518 4114 895 4172 Validissimo
943 4129 1191 4188 quoque
1216 4130 1323 4171 suo
1363 4114 1612 4186 impetu,
1688 4111 1894 4169 divino

215 4203 675 4276 nutu,similiter
693 4220 903 4260 rursus
929 4203 1080 4261 alias
1111 4202 1724 4276 assumpsitdivinum
1740 4217 1891 4274 quo-

217 4313 342 4372 que
366 4295 726 4369 prophetam
747 4292 1129 4361 Ezechielem,
1175 4297 1240 4349 ut
1259 4293 1404 4350 dicit
1449 4293 1578 4366 ipse
1633 4292 1894 4349 Ezechiel

216 4389 282 4444 in
304 4402 423 4444 sua
469 4384 825 4459 prophetia:
859 4403 891 4438 ‹
916 4386 981 4440 Et
1016 4383 1248 4455 aspexi,
1281 4393 1337 4439 et
1374 4398 1511 4439 ecce
1543 4382 1890 4449 similitudo,

219 4475 649 4534 virialumbis
686 4475 830 4538 suis,
884 4478 942 4530 et
982 4473 1231 4530 inferius
1274 4473 1452 4544 ignis:
1497 4477 1554 4529 et
1591 4489 1628 4530 a
1668 4472 1894 4528 lumbis

219 4569 356 4640 ejus
377 4570 436 4623 et
456 4563 738 4638 superius
778 4569 1073 4637 tanquam
1095 4563 1245 4619 visio
1280 4562 1501 4620 electri.
1532 4565 1598 4619 Et
1660 4564 1895 4635 accepit

1999 1967 2149 2023 dunt
2175 1967 2237 2024 in
2267 1967 2404 2039 ﬁde,
2428 1973 2487 2025 et
2533 1985 2607 2025 ex
2654 1969 3012 2027 intemerata
3066 1969 3166 2026 illa
3215 1970 3346 2040 ejus
3394 1969 3659 2040 imagine

1997 2054 2215 2112 bibunt
2239 2061 2618 2127 unguentum
2644 2073 2964 2128 emanans,
2991 2057 3193 2114 statim
3229 2064 3657 2129 assequuntur,

1998 2161 2134 2217 quae
2162 2150 2456 2218 speratur,
2486 2146 2879 2203 curationem.
2911 2146 2975 2202 In
3000 2147 3115 2203 hoc
3160 2161 3303 2218 ergo
3357 2147 3564 2202 divino
3609 2150 3665 2203 et

1999 2233 2275 2304 religioso
2303 2235 2524 2307 templo
2551 2236 2795 2292 assidue
2867 2236 3297 2308 perseverabat
3347 2235 3664 2308 praedictus

1999 2323 2330 2380 Marcianus
2360 2325 2707 2394 archangeli
2746 2325 3147 2398 ceifer,usque
3177 2326 3257 2382 ad
3298 2329 3662 2382 senectutem

1999 2427 2137 2469 cum
2153 2429 2376 2483 magno
2402 2429 2607 2470 amore
2639 2419 2696 2471 et
2737 2414 2858 2470 ﬁde
2882 2429 3080 2487 neque
3108 2430 3382 2488 unquam
3413 2414 3665 2472 omnino

1997 2519 2150 2576 opus
2180 2503 2474 2560 habuerat
2497 2504 2748 2572 medico,
2782 2505 2888 2561 sed
2911 2505 3084 2561 simul
3110 2509 3290 2578 atque
3332 2503 3663 2577 aliquando

2000 2591 2313 2649 incidisset
2341 2594 2400 2648 in
2423 2592 2592 2649 illum
2642 2592 2946 2660 morbum,
2997 2594 3267 2667 protinus
3315 2592 3668 2667 procidebat

1999 2681 2059 2737 in
2080 2681 2242 2738 dicto
2265 2682 2489 2756 templo
2515 2682 2780 2740 ductoris
2832 2683 3120 2739 ordinum
3175 2682 3470 2740 Michaelis
3527 2682 3659 2740 bre-

1997 2771 2178 2845 vique
2205 2788 2390 2828 sanus
2413 2772 2648 2829 redibat
2669 2773 2730 2829 in
2752 2772 3009 2830 domum
3049 2789 3225 2831 suam
3272 2777 3519 2847 propter
3577 2777 3660 2831 to-

1999 2868 2123 2918 tam
2153 2877 2331 2919 suam
2369 2864 2430 2918 in
2451 2878 2604 2919 eum
2635 2861 3036 2925 affectionem.

2071 2952 2423 3008 XXVII.Cum
2453 2968 2593 3009 eum
2615 2967 2756 3025 ergo
2798 2952 3126 3026 aliquando
3169 2953 3371 3024 gravis
3409 2952 3662 3010 morbus

1998 3043 2055 3096 et
2073 3039 2252 3112 plane
2281 3040 2634 3114 desperatus
2656 3041 2992 3110 invasisset,
3039 3043 3229 3114 jacuit
3286 3043 3348 3099 in
3395 3042 3662 3100 inferiori

1997 3133 2165 3200 parte
2188 3129 2394 3201 templi
2414 3130 2757 3202 archangeli
2781 3130 3010 3203 aliquot
3046 3130 3174 3187 dies
3197 3147 3337 3187 cum
3385 3130 3582 3188 stabili
3607 3131 3663 3188 et

1996 3217 2174 3274 ﬁrma
2189 3218 2249 3273 in
2271 3234 2410 3274 eum
2431 3218 2678 3275 ﬁducia.
2727 3218 2877 3274 Cum
2898 3218 3142 3290 plurimi
3165 3224 3367 3276 autem
3391 3219 3572 3275 amici
3605 3223 3663 3276 et

1998 3306 2214 3363 medici
2238 3307 2315 3363 ad
2337 3323 2477 3364 eum
2489 3312 3018 3381 congregarentur,
3040 3311 3096 3363 et
3113 3307 3378 3365 dicerent
3397 3308 3498 3364 alii
3519 3308 3662 3378 alia,

1997 3412 2134 3468 quae
2163 3397 2239 3453 ad
2261 3396 2391 3469 ejus
2416 3396 3206 3470 pertinebantcurationem,
3229 3398 3361 3470 ipso
3401 3414 3540 3455 vero
3586 3413 3662 3454 ne

1998 3501 2101 3541 eos
2124 3487 2371 3558 quidem
2393 3486 2643 3543 omnino
2666 3486 2740 3543 de
2765 3486 2862 3542 hic
2902 3485 3112 3542 audire
3156 3487 3506 3557 sustinente,
3557 3503 3661 3544 au-

1999 3590 2102 3630 sus
2125 3580 2389 3632 estunus
2414 3591 2486 3632 ex
2506 3575 2757 3632 medicis
2807 3576 3001 3631 facere
3054 3590 3148 3645 ea,
3191 3591 3329 3648 qua:
3378 3576 3662 3632 dicuntur

1999 3667 2286 3733 fomenta,
2326 3671 2382 3722 et
2416 3666 2592 3738 jussit
2613 3667 2683 3722 iis
2703 3666 2939 3739 quiipsi
2989 3665 3438 3734 ministrabant,
3493 3671 3559 3723 ut
3606 3666 3660 3724 ei

1998 3755 2382 3812 mederentur
2410 3759 2548 3812 ante
2579 3755 2964 3822 matutinum,
2991 3754 3163 3810 vellet
3183 3771 3261 3812 an
3313 3771 3457 3813 non.
3509 3758 3660 3813 Cum

1999 3850 2200 3901 autem
2222 3845 2486 3902 fomenta
2509 3846 2956 3918 composuisset
2975 3844 3270 3915 medicus,
3294 3845 3549 3903 domum
3575 3862 3662 3917 re,

1999 3934 2470 3992 d1it.lllaautem
2511 3940 2685 3992 nocte
2733 3935 3064 3992 Marcianus
3131 3951 3328 3991 cuma
3371 3952 3434 3992 se
3476 3935 3664 3992 veluti

1999 4025 2373 4082 discessisset
2396 4031 2452 4083 et
2474 4031 2629 4082 esset
2653 4026 2713 4082 in
2743 4025 2983 4096 exstasi,
3012 4024 3325 4099 quomodo
3347 4029 3404 4082 et
3424 4026 3513 4083 vir
3565 4025 3664 4082 hic

2001 4116 2136 4188 pius
2161 4117 2447 4188 narravit,
2466 4121 2523 4174 et
2553 4116 2892 4188 subjectum
2937 4120 3364 4187 argumentum
3401 4115 3663 4173 ostendit

1999 4206 2329 4275 veritatem,
2355 4222 2566 4263 omnes
2594 4206 2799 4279 templi
2822 4209 3027 4278 portas
3055 4205 3204 4262 vidit
3221 4209 3467 4278 repente
3493 4221 3667 4279 aper-

2000 4303 2111 4364 tas,
2129 4300 2186 4352 et
2207 4295 2538 4368 lavacrum,
2567 4297 2736 4369 quod
2757 4295 3054 4362 exstabat,
3097 4295 3292 4352 virum
3340 4295 3666 4352 terribilem

2002 4401 2140 4442 cum
2163 4384 2615 4457 impetuecmlo
2643 4388 2906 4458 equitem
2954 4383 3363 4440 descendisse.
3421 4385 3566 4440 Cum
3613 4385 3666 4440 is

2003 4479 2207 4531 autem
2227 4489 2300 4529 ex
2316 4489 2473 4547 equo
2494 4473 2909 4530 descendisset
2931 4472 2992 4528 in
3010 4488 3340 4544 purpureo,
3361 4472 3527 4546 quod
3551 4471 3668 4528 illic

2006 4569 2149 4635 erat,
2174 4579 2498 4636 marmore,
2521 4564 2827 4636 ingressus
2851 4562 3021 4619 estin
3043 4562 3360 4635 templum,
3412 4579 3450 4619 a
3493 4561 3671 4635 pluri-

217 4674 322 4716 me
352 4673 391 4715 ει
428 4659 649 4712 vertice
671 4655 733 4711 in
758 4653 973 4727 spiritu
999 4669 1109 4710 suo
1130 4654 1195 4709 in
1219 4655 1422 4711 medio
1457 4653 1591 4710 cceli
1637 4657 1896 4726 etterrte,
1930 4642 1973 4696 ι)
2007 4655 2124 4711 mis
2149 4655 2420 4728 stipatus,
2446 4658 2738 4728 tanquam
2759 4651 3068 4727 praepositi
3091 4656 3254 4708 veste
3299 4652 3566 4722 indutus,
3618 4655 3676 4709 et

219 4754 280 4806 et
299 4747 555 4805 deduxit
575 4761 672 4802 me
707 4744 1036 4802 Jerusalem
1087 4744 1197 4799 δ’.»

299 4838 648 4905 XXIV.Quid
679 4837 859 4895 etiam
904 4835 1248 4910 apostolum
1292 4853 1538 4910 quoque
1567 4836 1901 4910 Philippum

222 4929 502 4988 similiter
523 4928 724 5002 rapuit
758 4926 1012 4998 angelus
1051 4926 1288 4983 Domini
1315 4928 1456 4997 mei,
1485 4932 1542 4984 et
1601 4926 1901 5000 transtulig

209 5026 290 5082 in
319 5024 597 5088 Azotum,
629 5023 687 5075 et
714 5034 839 5076 non
868 5017 1012 5074 vidit
1039 5016 1304 5090 amplius
1351 5018 1556 5090 ipsum
1587 5018 1904 5074 eunuchus

216 5111 454 5185 regina:
471 5109 837 5182 Ethiopum,
876 5112 1208 5183 postquam
1246 5108 1326 5166 ab
1345 5124 1416 5166 eo
1438 5108 1669 5181 accepit
1686 5108 1906 5182 baptis-

222 5218 406 5260 mum
435 5200 765 5258 salutarem
795 5201 866 5256 ‘°.

293 5293 451 5350 XXV.
488 5292 742 5348 Mentem
777 5294 980 5348 autem
1028 5288 1299 5364 impellit,
1358 5294 1413 5347 et
1444 5289 1592 5346 mihi
1627 5289 1902 5346 animum

214 5383 443 5441 excitat
473 5381 694 5439 eximia
727 5381 919 5452 gratia
958 5384 1017 5437 et
1045 5381 1234 5436 virtus
1263 5379 1452 5436 divini
1477 5381 1763 5437 ordinum
1797 5379 1904 5436 du-

216 5471 407 5531 ctoris
435 5486 839 5544 supernarum
874 5473 1260 5543 potestatum,
1300 5473 1359 5526 et
1411 5468 1576 5526 ducit
1634 5469 1714 5527 ad
1762 5485 1905 5526 nar-

2008 4745 2323 4818 impletum
2348 4749 2436 4802 est
2460 4746 2810 4802 universum
2839 4743 3130 4816 templum
3154 4743 3339 4800 odore
3361 4742 3673 4801 ineﬁabili.

2012 4836 2193 4892 Paulo
2223 4840 2364 4908 post
2390 4851 2534 4892 vero
2573 4852 2713 4892 cum
2737 4834 3092 4892 accessisset
3128 4831 3209 4889 ad
3254 4832 3477 4890 lectum
3531 4836 3675 4891 Mar-

2011 4926 2186 4993 ciani,
2211 4926 2385 4983 ﬁnxit
2401 4943 2464 4983 se
2484 4941 2556 4982 ea
2576 4930 2910 4993 attrectare,
2936 4941 3070 4997 quae
3095 4927 3265 4980 erant
3299 4924 3360 4979 in
3402 4939 3677 4993 scamno,

2011 5022 2297 5090 etrapere
2318 5032 2454 5090 quae
2481 5017 2544 5073 in
2565 5033 2636 5074 eo
2654 5020 2824 5074 erant
2850 5014 3048 5088 posita
3090 5014 3167 5072 ad
3219 5013 3574 5073 alimentum
3623 5019 3683 5072 et

2012 5124 2213 5175 usum;
2241 5111 2446 5164 etcum
2468 5106 2876 5164 invenissetin
2897 5106 3096 5163 catino
3118 5105 3340 5178 posita,
3358 5121 3495 5179 quae
3520 5106 3685 5164 dicta

2013 5203 2171 5264 sunt,
2195 5197 2490 5262 fomenta,
2514 5213 2587 5254 ea
2616 5201 2866 5270 accepta
2916 5194 3143 5252 tulitad
3160 5195 3552 5266 Marcianum,
3579 5211 3687 5253 ro-

2013 5304 2166 5360 gans
2187 5287 2334 5360 quid
2354 5288 2485 5344 haec
2508 5287 2626 5344 sibi
2645 5286 2878 5356 vellent,
2924 5289 2980 5342 et
3026 5284 3311 5359 quisnam
3356 5289 3534 5352 esset,
3581 5293 3690 5359 qui

2013 5395 2085 5436 ea
2105 5384 2326 5436 temere
2343 5377 2578 5435 fecisset
2596 5378 2660 5434 in
2678 5377 2863 5434 domo
2887 5392 3018 5434 sua.
3055 5378 3203 5433 Cum
3255 5376 3306 5433 is
3354 5381 3557 5433 autem
3601 5393 3691 5434 re-

2017 5468 2806 5542 spondissetcumtremore,
2827 5466 2970 5523 dicit
3013 5465 3108 5522 ille
3157 5465 3434 5523 terribilis
3486 5469 3542 5523 et
3566 5466 3694 5539 glo-

218 5561 498 5623 randum
526 5577 723 5619 unum
780 5560 977 5620 solum
1031 5559 1162 5632 ejus
1212 5559 1596 5617 miraculum.
1651 5559 1910 5618 Vincitur
2019 5560 2218 5618 riosus
2235 5558 2480 5616 duobus
2500 5559 2624 5616 suis
2648 5557 3007 5617 satellitibus
3043 5573 3058 5614 :
3092 5556 3295 5616 Tollite
3321 5573 3413 5630 ea,
3461 5560 3518 5616 et
3551 5573 3696 5616 eun-

311 5740 357 5778 ⁸⁷
390 5738 544 5800 Dan.
577 5755 697 5809 xxv,
733 5742 879 5796 1-42.
957 5739 1004 5775 ³⁸
1031 5738 1180 5796 Ibid.
1215 5742 1405 5822 33_-38.
1485 5739 1532 5778 ³ο
1559 5739 1772 5801 Ezech.
1802 5755 1921 5810 Vill,
1953 5744 2015 5815 2,
2089 5741 2136 5776 ‘0
2165 5740 2294 5798 Act.
2324 5755 2452 5815 vm,
2481 5743 2677 5800 26-39.

707 5842 959 5901 Punct.
993 5840 1095 5899 Gn.
1130 5839 1282 5898 CXL.

3424 5840 3488 5895 i9
