4468 6440
865 414 978 470 587

2102 415 2585 473 PANTALEONIS
2624 417 2907 476 DlACONI
2946 421 3050 478 CP.

4177 442 4280 497 588

858 539 970 609 tes,
1003 540 1459 614 quamprimum
1484 540 1780 615 perforate
1815 541 1998 613 caput
2047 540 2197 611 ejus,
2256 541 2362 614 qui
2413 556 2510 598 me
2543 537 2589 590 Α
2619 539 2729 598 fuit
2749 543 2922 600 velox
2944 545 3022 602 ad
3039 545 3356 606 ferendum
3387 552 3675 610 auxilium
3705 557 3763 611 et
3785 571 3926 614 eum
3955 558 4279 622 defenden~

857 631 1232 702 contempsit,
1257 635 1311 686 et
1333 631 1464 704 ipsa
1501 630 1563 687 in
1611 631 1671 687 id
1712 629 1954 700 injicite.
2018 630 2287 702 Cumque
2339 630 2506 687 intin-

856 718 1042 775 xisset
1062 736 1366 776 summum
1391 720 1558 792 digiti
1581 720 1673 775 sui
1696 720 1755 776 in
1780 718 2053 787 candela,
2099 734 2235 790 qua
2278 719 2511 792 impen-

851 807 1035 864 debat
1061 809 1189 879 ejus
1212 809 1662 866 admirabilium
1683 824 1886 865 rerum
1922 807 2199 864 effectrici
2236 808 2504 880 imagini,

850 896 1109 968 signavit
1127 899 1597 970 caputMarciani
1620 902 1830 954 sancto
1844 896 1977 954 oleo
2000 897 2061 952 in
2087 897 2343 967 ﬁguram
2369 912 2503 952 cru-

847 985 952 1055 cis,
974 991 1030 1042 et
1046 1003 1116 1043 ex
1139 987 1392 1044 ecclesia
1411 1003 1709 1059 egressus,
1737 1003 1894 1060 equo
1914 1002 2120 1043 rursus
2147 1001 2496 1053 conscenso,

842 1074 1116 1131 sublatus
1142 1079 1234 1134 est
1253 1077 1330 1132 ad
1353 1076 1592 1148 calum,
1617 1077 1938 1148 statimque
1965 1074 2182 1132 clausa
2204 1079 2343 1130 sunt
2371 1089 2496 1131 om-

840 1169 1137 1238 nesporta
1164 1166 1450 1237 ecclesia,
1482 1166 1563 1224 ita
1594 1171 1677 1236 ut,
1734 1165 2066 1239 quomodo,
2117 1164 2316 1221 videri
2369 1179 2492 1220 non

838 1255 1114 1325 potuerit.
1146 1257 1478 1314 Marcianus
1500 1261 1700 1314 autem
1717 1272 1943 1327 magno
1970 1256 2180 1312 timore
2218 1255 2489 1322 affectus,

835 1347 894 1400 et
915 1345 1117 1402 animo
1135 1347 1348 1403 anxius
1386 1363 1575 1419 usque
1602 1347 1680 1402 ad
1701 1346 2335 1418 matutinum,propter
2372 1351 2486 1402 ter-

831 1433 1067 1492 ribilem
1089 1436 1401 1504 visionem,
1438 1437 1686 1492 accersit
1724 1436 2142 1509 presbyterum
2199 1435 2480 1506 ecclesia,

832 1525 1170 1580 etnarravit
1192 1525 1245 1581 ei
1260 1525 1666 1582 omnia.’l‘unc
1702 1525 2013 1598 presbyter
2033 1540 2168 1580 cum
2218 1524 2483 1597 quasiis~

830 1619 936 1682 set,
973 1632 1109 1688 qua
1131 1633 1164 1672 a
1186 1616 1421 1672 medico
1447 1620 1660 1688 parata
1679 1615 1933 1684 fuerant,
1957 1615 2243 1680 fomenta,
2269 1630 2378 1670 nec
2395 1615 2482 1671 in-

826 1705 1102 1771 venisset,
1125 1705 1401 1762 Marciani
1424 1721 1668 1778 quoque
1711 1709 1896 1777 caput
1942 1704 2479 1771 animadvertisset,

825 1799 884 1850 et
903 1793 1150 1851 vidisset
1207 1798 1478 1850 sanctam
1549 1810 1787 1849 crucem
1817 1795 1876 1848 in
1909 1809 1980 1850 eo
2029 1809 2135 1866 per
2204 1797 2479 1848 sanctum

2618 628 2787 696 dum,
2821 633 3042 691 militia
3073 637 3405 712 principem
3443 642 3811 702 Michaelem.

2687 723 2857 778 XXIX.
2882 727 3072 796 Atque
3093 727 3366 783 nonnulli
3387 729 3637 800 quidem
3663 731 3870 789 dicunt
3900 751 4028 792 esse
4048 753 4271 797 novem

2615 823 2826 866 eorum
2850 812 3113 882 ordines,
3145 816 3567 874 convenienter
3588 820 3894 891 parabolae
3914 825 4275 898 Servatoris,‘

2611 913 2744 970 qua
2775 901 2946 961 dicit:
2975 925 3002 953 »
3022 904 3079 960 Si
3099 904 3316 962 mulier
3334 907 3539 980 aliqua
3564 909 3800 967 habens
3821 913 4031 971 decem
4051 917 4266 974 drach-

2606 1003 2758 1057 mas,
2792 1006 2978 1048 unam
3009 1007 3080 1048 ex
3101 993 3186 1048 eis
3211 994 3559 1066 perdiderit,
3591 1014 3712 1055 non
3739 1016 3996 1060 accensa
4016 1004 4264 1065 lucerna

2604 1091 2737 1133 eam
2770 1081 3002 1151 quarit,
3032 1085 3090 1137 et
3139 1083 3390 1154 quando
3438 1101 3572 1142 eam
3633 1087 3945 1160 invenerit,
3972 1101 4264 1154 convocat

2602 1166 2849 1235 amicas,
2872 1168 3076 1226 dicens
3101 1188 3114 1225 :
3135 1172 3522 1230 Gratulamini
3552 1175 3722 1244 mihi,
3741 1181 4034 1250 quoniam
4055 1183 4261 1241 inveni

2599 1253 2956 1314 drachmam
2971 1275 3157 1331 quam
3181 1260 3560 1332 perdideram
3597 1266 3664 1321 ".
3691 1288 3720 1315 »
3753 1269 3900 1323 Sunt
3929 1275 4132 1328 autem
4153 1289 4262 1330 no-

2597 1359 2730 1400 vem
2745 1346 2988 1403 ordines
3000 1349 3489 1422 incorporeorum
3500 1369 3738 1426 ,nempe
3751 1358 4254 1428 Angeli,Archan-

2595 1434 2732 1504 geli,
2748 1435 3137 1508 Principatus,
3154 1441 3498 1506 Potestates,
3512 1443 3779 1516 Virtutes,
3796 1448 4254 1517 Dominationes,

2592 1523 2828 1591 Throni,
2859 1526 3199 1594 Cherubim,
3235 1531 3546 1602 Seraphim
3573 1549 3586 1587 :
3616 1537 3673 1590 et
3688 1533 3959 1592 decimus
3995 1539 4144 1596 ordo
4160 1546 4257 1598 est

2590 1612 2927 1672 hominum.
2950 1617 3226 1672 Nonnulli
3258 1635 3396 1674 vero
3426 1619 3634 1677 dicunt
3674 1626 4004 1696 nonaginta
4033 1644 4252 1686 novem

2590 1717 2726 1759 esse
2756 1719 2964 1760 eorum
2982 1711 3180 1777 partes
3205 1726 3216 1762 :
3243 1709 3634 1766 centesimam
3665 1717 3865 1770 autem
3898 1731 4032 1772 esse
4057 1718 4251 1776 homi-

2589 1808 2758 1856 num,
2791 1796 3218 1852 convenienter
3269 1798 3577 1870 parabola
3620 1807 3862 1859 centum
3915 1805 4138 1877 ovium,
4171 1808 4249 1866 de

822 1885 1022 1942 oleum
1047 1901 1415 1958 expressam,
1467 1884 1918 1958 obstupefactus
1988 1884 2133 1940 abiit
2172 1884 2478 1958 quampri~
2507 1884 2549 1940 Β
2588 1882 2810 1954 quibus
2842 1883 2985 1940 dicit
3016 1885 3315 1942 Christus:
3355 1909 3376 1937 ι
3415 1888 3471 1944 Si
3510 1888 3728 1947 fuerint
3780 1892 3957 1949 alicui
4013 1896 4246 1954 homini

818 1991 991 2032 mum
1009 1975 1086 2032 ad
1105 1975 1427 2042 medicum,
1452 1979 1517 2031 ut
1539 1974 1592 2030 ei
1614 1980 1881 2031 narraret
1900 1976 2126 2044 omnia,
2169 1981 2225 2031 et
2263 1991 2476 2032 consu‘

815 2064 981 2133 leret,
1007 2070 1073 2122 ut
1097 2065 1224 2139 ipse
1255 2080 1500 2138 quoque
1530 2069 1755 2137 peteret
1793 2066 2034 2122 veniam
2083 2066 2162 2122 ab
2191 2066 2472 2122 ordinum

815 2156 1063 2213 ductore
1119 2155 1397 2212 Michaele
1472 2155 1546 2210 de
1591 2156 1681 2224 iis,
1729 2172 1866 2228 qua
1932 2157 2062 2229 ipse
2123 2156 2468 2214 admiserat.

885 2246 1109 2302 XXVIII.
1137 2249 1284 2303 Cum
1306 2249 1506 2301 autem
1527 2246 1786 2302 venisset
1805 2246 2121 2319 presbyter
2141 2248 2198 2302 in
2219 2248 2471 2304 domum

809 2335 1051 2400 medici,
1076 2335 1305 2392 invenit
1325 2334 1442 2390 illic
1472 2335 1920 2391 multitudinem
1964 2338 2468 2395 innumerabilem

806 2430 862 2483 et
885 2425 1113 2482 luctum
1137 2427 1241 2500 qui
1270 2442 1392 2483 non
1410 2428 1647 2498 poterat
1686 2426 2022 2499 comprimi,
2071 2432 2466 2499 cognatorum

803 2521 860 2573 et
886 2517 1219 2573 amicorum
1242 2517 1370 2588 ejus
1404 2516 1708 2572 sociorum
1737 2533 1750 2570 :
1789 2517 1894 2589 qui
1926 2533 2137 2573 omnes
2185 2518 2470 2576 defebant

799 2606 1205 2679 repentinum,
1230 2610 1285 2661 et
1310 2621 1432 2661 non
1454 2605 1620 2678 prius
1645 2605 2160 2673 animadversum,
2185 2607 2462 2664 lethalem

798 2695 1488 2767 ejusmorbum,ipsum
1543 2699 1745 2751 autem
1797 2696 2099 2767 jacentem
2150 2697 2209 2752 in
2265 2698 2466 2755 medio

791 2785 1412 2857 omnium,totamque
1435 2785 1562 2855 ejus
1589 2783 1802 2840 faciem
1823 2785 2170 2855 ustulatam,
2193 2787 2466 2844 claman-

793 2879 1041 2948 temque
1063 2876 1338 2945 graviter,
1365 2879 1420 2931 et
1442 2890 1666 2946 magna
1711 2891 1857 2932 voce
1905 2875 2230 2947 ejulantem
2263 2895 2274 2932 :
2305 2879 2465 2935 Mise-

799 2964 1021 3021 remini
1047 2965 1189 3034 mei,
1212 2965 1316 3038 qui
1341 2964 1530 3021 Deum
1553 2964 1792 3022 timetis.
1826 2965 2100 3035 Scindite,
2127 2967 2458 3032 Christiani,

798 3057 983 3126 caput
1007 3069 1382 3120 meum,non
1435 3052 1558 3109 fero
1611 3053 1769 3109 enim
1821 3053 2078 3110 dolores.
2130 3055 2459 3130 Postquam

796 3158 940 3199 vero
972 3143 1201 3199 audivit
1229 3159 1264 3198 a
1285 3142 1637 3215 presbytero
1657 3142 1840 3199 verba
1865 3143 2165 3213 terribilia,
2193 3162 2327 3218 qua
2354 3164 2456 3204 au-

796 3231 1211 3305 diveratapio
1263 3233 1582 3304 Marciano,
1639 3238 1780 3288 tunc
1854 3233 2137 3290 intellexit
2180 3236 2453 3292 medicus
2487 3237 2528 3294 C

797 3335 926 3377 esse
938 3321 1185 3395 plagam
1205 3320 1455 3392 dignam
1476 3336 1587 3376 sua
1611 3321 1887 3390 audacia,
1903 3325 1960 3378 et
1999 3323 2198 3379 statim
2241 3329 2454 3381 acerbe

796 3410 1178 3467 exclamavit:
1203 3413 1324 3480 Ego
1353 3427 1491 3466 sum
1517 3426 1704 3467 causa
1715 3411 1914 3481 gravis
1935 3411 2116 3484 hujus
2142 3430 2291 3470 mea
2314 3431 2468 3471 mor-

794 3501 891 3557 tis:
921 3500 1028 3557 sed
1054 3516 1152 3556 me
1192 3500 1375 3556 tollite
1430 3505 1486 3556 et
1532 3500 1834 3563 abducite,
1884 3506 1940 3558 et
1978 3502 2156 3573 jacite
2208 3504 2269 3559 in
2323 3522 2457 3562 san-

798 3594 959 3647 ctam
991 3590 1186 3646 adem
1209 3589 1362 3662 ejus,
1387 3595 1443 3646 et
1473 3606 1521 3646 sx
1551 3590 1700 3663 quid
1725 3591 1898 3662 jubet
1944 3591 2074 3662 ejus
2127 3593 2456 3651 misericor-

791 3680 914 3750 dia,
935 3680 1114 3737 faciet
1133 3680 1194 3736 in
1216 3696 1312 3736 me
1329 3679 1648 3750 indignum
1667 3697 1844 3736 suum
1860 3696 2124 3738 servum.
2151 3685 2454 3741 Portantes

793 3774 997 3828 autem
1028 3787 1190 3840 eum,
1214 3769 1614 3827 tuleruntuna
1635 3787 1773 3826 cum
1792 3770 1966 3827 lecto.
1988 3773 2322 3829 Marcianus
2349 3790 2453 3830 au-

791 3865 912 3918 tem
942 3877 1081 3917 cum
1109 3860 1397 3917 sensisset
1418 3859 1741 3916 tumultum
1775 3860 2016 3916 assedit:
2046 3865 2102 3916 et
2122 3878 2259 3918 cum
2315 3880 2451 3921 cau-

789 3967 923 4008 sam
946 3950 1303 4016 rescivisset,
1334 3949 1600 4022 seipsum
1634 3950 2054 4019 consideravit,
2077 3956 2132 4007 et
2173 3953 2450 4009 inventus

787 4045 880 4098 est
908 4041 1160 4098 omnino
1183 4055 1386 4096 sanus.
1416 4042 1578 4095 Tunc
1602 4039 1717 4096 cito
1738 4040 2114 4096 descendens
2171 4042 2247 4097 de
2294 4042 2447 4098 lecto

785 4147 917 4199 suo,
946 4134 1136 4188 Deum
1166 4129 1536 4201 glorificavit,
1599 4145 1898 4202 suumque
1969 4129 2346 4188 defensorem
2392 4137 2449 4188 ct

782 4217 1104 4277 dominum
1133 4223 1190 4276 et
1217 4233 1511 4290 magnum
1536 4217 1839 4274 medicum
1867 4223 1923 4274 et
1951 4219 2174 4275 militia
2225 4221 2443 4292 princi-

780 4325 922 4385 pem
949 4309 1316 4368 Michaelem:
1370 4309 1715 4382 cursimque
1772 4325 2070 4381 egressus,
2150 4312 2446 4383 processit

779 4401 1046 4472 obviam,
1074 4399 1388 4458 etsustulit
1428 4398 1729 4456 medicum
1796 4416 1826 4454 e
1879 4399 2051 4468 lecto,
2078 4404 2130 4456 et
2183 4401 2441 4473 portavit

778 4507 917 4547 eum
941 4490 1063 4546 suis
1084 4490 1370 4547 manibus
1391 4487 1570 4544 simul
1592 4504 1730 4544 cum
1788 4488 2160 4561 presbytero,
2220 4495 2277 4546 ct
2327 4506 2438 4562 po-

776 4582 896 4637 suit
915 4597 1054 4637 eum
1071 4585 1206 4637 ante
1230 4583 1504 4636 sanctam
1526 4594 1717 4647 aram,
1747 4578 2164 4635 miserabiliter
2217 4579 2437 4635 deﬂen-

773 4673 894 4727 tem
919 4675 974 4727 et
996 4671 1402 4734 conﬁtentem,
1442 4673 1508 4725 ut
1527 4669 1578 4724 ei
1639 4673 1791 4725 esset
1843 4670 2136 4741 propitius
2187 4677 2435 4727 sanctus

769 4761 1052 4835 princeps
1073 4761 1318 4817 militia.
1344 4760 1674 4817 Marcianus
1704 4763 1904 4815 autem
1928 4775 2066 4815 cum
2089 4775 2196 4833 per
2221 4777 2283 4818 se
2309 4778 2430 4818 ma-

768 4867 914 4908 nare
940 4851 1174 4909 fecisset
1195 4855 1576 4922 unguentum
1593 4866 1624 4906 e
1647 4865 1820 4906 sacra
1842 4849 1942 4906 illa
1965 4851 2247 4922 imagine.
2269 4853 2431 4909 unxit

767 4947 950 5015 caput
979 4942 1260 5015 patientis
1279 4940 1495 4997 medici
1519 4939 1840 5013 statimque
1863 4940 2140 5012 fugatum
2162 4949 2335 5003 este-
2363 4957 2430 4999 ,r-

763 5032 914 5089 bum
936 5031 1488 5098 illudtormentum,
1517 5035 1574 5086 et
1625 5031 1904 5087 ardentes
1948 5030 2116 5088 faciei
2167 5032 2424 5105 pustula

765 5126 907 5179 sunt
931 5122 1329 5186 exstincta,et
1349 5120 1542 5177 factus
1576 5125 1661 5176 est
1718 5137 1902 5177 sanus
1978 5123 2226 5180 omnino
2274 5123 2427 5180 sicut

759 5214 944 5287 prius,
981 5213 1322 5284 gloriﬁcans
1355 5215 1541 5268 Deum
1571 5216 1629 5268 et
1658 5212 2107 5269 sanctissimum
2156 5214 2285 5286 ejus
2310 5215 2421 5271 mi-

755 5302 893 5360 litia
926 5303 1261 5375 principem
1298 5301 1665 5357 Michaelem.
1695 5303 2066 5359 Mansitvero
2089 5303 2162 5359 de
2207 5308 2421 5361 catero

754 5393 1028 5450 medicus
1061 5392 1155 5449 ille
1191 5405 1581 5465 perseverans
1631 5396 1687 5448 et
1730 5392 2011 5448 muniﬁce
2067 5393 2326 5450 offerens
2358 5395 2418 5450 in

753 5483 965 5540 eodem
990 5483 1255 5555 glorioso
1273 5482 1496 5556 templo
1533 5482 1972 5552 archangelico,
2000 5489 2120 5541 toto
2148 5490 2418 5559 tempore

749 5574 886 5633 vita
909 5589 1032 5632 sua
1063 5573 1385 5632 Dominum
1405 5573 1690 5631 laudibus
1725 5573 2036 5644 extollens,
2056 5581 2114 5634 et
2133 5593 2273 5634 eum
2309 5577 2417 5651 qui

817 5787 861 5826 ⁴¹
895 5787 1034 5847 Luc.
1062 5799 1157 5856 xv,
1189 5788 1244 5859 8,
1273 5787 1327 5845 9.
1405 5786 1452 5823 ⁴²
1485 5782 1632 5846 Ibid.
1665 5786 1788 5847 4-6.
1867 5782 1916 5824 ‘3
1941 5784 2081 5848 Luc.
2108 5804 2148 5862 ι,
2182 5791 2371 5849 26-38.
2427 5783 2442 5793 ’

2587 1977 2827 2028 centum
2857 1989 3024 2041 oves,
3059 1978 3115 2030 et
3144 1975 3511 2034 aberraverit
3538 1994 3659 2035 una
3681 1996 3756 2036 ex
3782 1981 3949 2052 ipsis,
3968 1999 4090 2041 non
4114 1986 4247 2043 reli-

2584 2061 2692 2118 ctis
2723 2064 3053 2133 nonaginta
3083 2079 3304 2121 novem
3331 2066 3390 2121 in
3419 2072 3653 2124 montes
3674 2070 3996 2142 profectus,
4029 2077 4245 2146 quarit

2582 2165 2716 2206 eam
2739 2168 2874 2224 qua
2897 2154 3094 2210 errat?
3115 2157 3172 2209 et
3192 2154 3240 2209 si
3261 2156 3575 2225 contigerit
3593 2173 3729 2215 eam
3755 2159 4045 2234 invenire,
4072 2163 4147 2220 de
4167 2181 4243 2222 ea

2582 2243 3037 2313 magislatatur,
3055 2261 3242 2317 quam
3255 2245 3327 2301 de
3341 2247 3676 2318 nonaginta
3696 2265 3911 2308 novem
3924 2292 3938 2316 ,
3961 2270 4096 2326 qua
4114 2270 4240 2312 non

2581 2331 3013 2388 aberraverunt
3035 2335 3101 2388 ⁸³.
3137 2356 3162 2384 ››
3193 2336 3418 2392 Revera
3434 2336 3594 2393 enim
3608 2354 3720 2394 nos
3743 2356 3980 2407 sumus,
4004 2342 4237 2415 fratres,

2579 2421 2682 2492 qui
2703 2421 2858 2478 male
2876 2422 3250 2494 aufugimus,
3269 2429 3326 2480 et
3347 2425 3704 2483 aberramus
3730 2445 3912 2501 super
3931 2437 4166 2489 montes
4183 2440 4243 2492 et

2580 2510 2760 2566 colles
2792 2512 3034 2568 nefaria
3066 2513 3319 2569 actionis
3347 2519 3404 2570 et
3433 2515 3864 2575 incredulitatis
3891 2536 3903 2574 :
3930 2536 4085 2593 quos
4114 2538 4241 2580 non

2579 2599 2851 2673 despexit
2879 2607 3088 2674 pastor
3101 2602 3304 2658 bonus
3335 2602 3721 2676 etbenignus,
3742 2607 3850 2664 sed
3863 2611 4161 2682 quasivit,
4181 2617 4241 2670 et

2581 2707 2766 2764 supra
2787 2708 2963 2748 suum
2991 2693 3312 2749 humerum
3341 2695 3620 2766 portavit,
3648 2701 3706 2753 et
3725 2697 3923 2755 retulit
3942 2699 4002 2755 in
4029 2716 4240 2758 nume-

2575 2796 2710 2836 rum
2743 2781 2940 2853 gregis
2974 2782 3112 2837 boni
3143 2786 3199 2837 ct
3224 2798 3347 2838 non
3375 2784 3649 2842 errantis.

2930 2927 3017 2981 De
3045 2926 3100 2983 S.
3124 2924 3493 2998 archangelo
3527 2924 3831 2988 Gabriele.

2644 3050 2792 3104 XXX.
2825 3049 3170 3106 Laudemus
3201 3066 3344 3122 ergo
3373 3066 3587 3108 omnes
3620 3054 3964 3123 Dominum,
3991 3056 4228 3123 fratres,

2571 3140 2626 3193 et
2654 3153 2878 3195 nomen
2919 3141 3048 3210 ejus
3086 3139 3265 3196 simul
3290 3140 3670 3208 extollamus,
3704 3143 3809 3215 qui
3837 3142 4224 3218 facitmagna

2570 3231 2626 3282 et
2655 3245 2791 3300 qua
2815 3229 3161 3300 investigari
3182 3234 3510 3302 nequeunt,
3534 3230 3920 3305 gloriosaque
3944 3239 4002 3291 et
4029 3236 4229 3294 admi-

2567 3318 2780 3376 rabilia
2792 3335 3052 3392 quorum
3070 3336 3193 3376 non
3215 3325 3303 3376 est
3322 3336 3632 3390 numerus,
3657 3338 3764 3395 per
3785 3325 4230 3385 sanctissimum

2569 3409 2913 3466 Michaelem
2961 3410 3248 3483 quotidie,
3294 3416 3351 3468 et
3395 3411 3540 3468 olim
3597 3417 3656 3469 et
3699 3429 3883 3484 nunc,
3911 3419 3970 3471 et
4020 3416 4117 3474 hic
4173 3424 4235 3476 et

2567 3498 2728 3567 alibi,
2763 3503 2818 3556 et
2843 3500 3044 3557 multis
3066 3505 3124 3556 et
3153 3499 3424 3570 singulis.
3454 3504 3605 3557 Nam
3631 3502 3740 3558 etsi
3768 3519 3876 3576 per
3905 3504 4055 3561 alios
4085 3523 4227 3565 san-

2566 3594 2692 3645 ctos
2721 3590 2970 3660 angelos
3007 3589 3498 3660 innumerabiles,
3529 3591 3664 3648 fecit
3697 3595 3849 3650 Deus
3896 3593 4224 3655 admirabi-

2562 3678 2709 3735 lium
2729 3679 3194 3735 innumerabilia
3209 3679 3500 3737 miracula
3517 3697 3623 3753 per
3653 3683 4000 3742 universum
4013 3686 4229 3746 orbem

2563 3774 2751 3836 terra,
2773 3769 2949 3825 trium
2963 3775 3165 3826 tamen
3180 3769 3377 3826 solum
3395 3771 3656 3827 ostendit
3683 3771 3890 3830 divina
3916 3776 4228 3848 Scriptura

2560 3861 2824 3932 pretiosa
2841 3865 2897 3915 et
2917 3859 3264 3916 veneranda
3279 3861 3550 3931 nomina,
3575 3861 3871 3920 Michaelis
3894 3870 3952 3922 et
3977 3865 4224 3924 Gabrie-

2558 3949 2651 4015 lis,
2694 3955 2750 4005 et
2781 3955 2982 4022 aperte
3017 3949 3251 4006 colendi
3304 3950 3642 4022 Raphaelis.
3679 3953 3744 4007 Et
3767 3953 3936 4026 quod
3967 3957 4223 4013 sanctis-

2557 4040 2746 4095 simus
2768 4041 3014 4114 quidem
3037 4039 3281 4097 Michael
3300 4040 3643 4097 fecerithac
3664 4043 3891 4114 omnia,
3915 4061 4050 4117 qua
4079 4053 4224 4105 sunt

2556 4128 2733 4184 simul
2783 4130 2984 4202 posita
3028 4128 3312 4186 terribilia
3360 4129 3681 4202 miracula,
3730 4131 3870 4188 hinc
3926 4139 4094 4206 patet
4142 4152 4220 4194 ex

2555 4218 2770 4273 divinis
2829 4219 3164 4292 Scripturis.
3248 4219 3663 4276 Divinissimus
3715 4226 3919 4279 autem
3975 4224 4220 4283 Gabriel

2552 4308 2773 4363 missus
2793 4308 2902 4364 fuit
2931 4309 3010 4365 ab
3039 4309 3449 4381 omnipotente
3481 4308 3601 4365 Deo
3632 4313 3688 4366 et
3717 4313 3905 4378 Patre,
3935 4317 4216 4387 tempore

2551 4397 2736 4454 divini
2759 4402 2816 4454 et
2843 4398 3088 4468 benigni
3117 4399 3175 4453 in
3204 4402 3424 4454 terram
3463 4398 3810 4470 descensus,
3855 4401 4032 4459 veluti
4081 4406 4221 4476 qni-

2548 4491 2689 4546 dam
2718 4489 3033 4562 pronubus
3085 4489 3187 4544 Dei
3239 4488 3436 4558 Verbi,
3483 4488 3562 4544 ad
3585 4495 3858 4547 sanctam
3883 4492 4213 4566 Virginem,

2548 4584 2602 4634 et
2635 4580 2815 4634 Dixit:
2850 4601 2877 4629 ‹‹
2933 4581 3056 4634 Ave
3107 4577 3299 4649 gratia
3345 4577 3543 4650 plena,
3599 4579 3888 4636 Dominus
3921 4585 4144 4651 tecum,
4183 4607 4207 4634 ι

2529 4677 2601 4726 'et
2623 4672 2736 4726 hac
2754 4685 2896 4726 voce
2921 4668 3153 4742 depulit
3198 4668 3680 4740 antiquissimam
3735 4674 3792 4726 et
3827 4670 4215 4730 diuturnissi-

2543 4777 2705 4817 mam
2738 4759 3075 4816 molestiam
3097 4758 3307 4831 prima
3357 4758 3624 4830 parentis
3655 4761 3809 4826 Eva,
3855 4765 3913 4817 et
3934 4761 4215 4835 implevit

2540 4851 2742 4906 latitia
2775 4850 3121 4905 universum
3149 4847 3358 4904 orbem
3384 4852 3551 4903 terra
3576 4849 3643 4905 ⁸³.
3666 4849 3836 4905 Prius
3864 4866 4001 4909 vero
4024 4854 4212 4911 sterili

2537 4955 2782 5012 quoque
2813 4938 3158 4994 clarissima
3189 4941 3396 5004 Anna,
3421 4953 3558 5010 qua
3584 4937 3645 4993 in
3667 4937 3840 4995 horto
3893 4955 4006 4996 suo
4033 4939 4212 5000 obse-

2537 5031 2745 5086 crabat
2779 5030 3122 5099 Dominum,
3155 5027 3431 5101 pradixit
3459 5026 3608 5097 fore,
3639 5031 3704 5085 ut
3734 5044 3807 5084 ex
3835 5044 3906 5086 ea
3929 5045 4210 5090 nascere-

2534 5125 2629 5176 tur
2652 5121 2751 5176 Dei
2790 5134 3029 5192 parens.
3065 5117 3220 5184 Quin
3243 5117 3425 5174 etiam
3455 5116 3766 5190 prapheta
3806 5118 4110 5186 Zacharia
4140 5121 4208 5179 in

2533 5212 2757 5285 templo
2818 5209 3082 5266 suﬂienti
3127 5209 3255 5281 ipse
3309 5208 3460 5264 dixit
3504 5206 3652 5278 fore,
3683 5211 3746 5264 ut
3801 5207 3864 5264 in
3895 5214 4210 5269 senectute

2530 5303 2800 5375 gigneret
2829 5303 3263 5356 Pracursorem
3293 5315 3306 5353 :
3341 5313 3464 5370 quo
3523 5301 3795 5370 tempore
3833 5313 3975 5354 eum
4019 5299 4209 5358 etiam

2529 5392 2666 5448 fecit
2685 5391 3100 5448 obmutescere
3121 5389 3182 5446 in
3200 5403 3448 5462 panam
3476 5386 3910 5444 incredulitatis
3936 5389 4004 5443 “.
4025 5391 4211 5447 Eum-

2528 5485 2672 5540 dcm
2703 5498 2846 5553 ergo
2894 5480 3341 5538 divinissimum
3373 5477 3708 5536 Gabrielem
3772 5478 3918 5534 vidit
3984 5494 4208 5538 rursus

2526 5574 2689 5632 idem
2719 5573 3039 5633 Zacharias
3085 5572 3149 5630 in
3207 5569 3430 5631 sanctis
3491 5574 3861 5640 sanctorum,
3930 5568 4139 5630 cibum
4171 5587 4206 5630 θ

2593 5784 2642 5830 ⁴⁴
2670 5780 2821 5850 Ibid.
2857 5783 3004 5850 5-20.
