4468 6440
221 399 324 451 589

217 519 384 576 cmlis
417 520 762 576 aﬁ‘erentem
795 520 874 576 ad
899 518 996 574 Dei
1025 521 1302 574 matrem.
1335 515 1626 570 Eumdem
1676 519 1874 569 autem
1905 518 1950 569 A

223 609 563 666 Gabrielem
585 610 862 665 viderunt
885 611 1063 664 etiam
1086 613 1354 678 pastores
1384 606 1443 660 in
1488 610 1619 660 ortu
1647 603 1875 667 Christi,

220 698 686 754 annuntiantem
718 699 802 753 eis
832 712 1124 768 magnum
1177 695 1468 765 gaudium
1500 700 1556 748 et
1602 692 1878 747 universo

223 787 454 843 mundo
478 789 546 842 ⁸⁵.
580 787 689 843 Alii
719 803 963 860 quoque
991 785 1255 840 similiter
1287 783 1522 855 plurimi
1550 781 1712 847 boni,
1741 779 1880 836 insi-

223 889 374 943 gnes
405 880 462 930 et
491 875 678 931 divini
710 875 944 937 fratres,
971 879 1109 929 sunt
1138 873 1216 928 ab
1245 888 1315 926 eo
1344 871 1401 926 in
1431 871 1648 926 divinis
1671 870 1879 926 initiati

225 964 544 1033 mysteriis.
575 967 722 1020 Nam
745 980 849 1036 per
876 963 988 1018 hos
1019 961 1196 1027 duos,
1219 959 1582 1024 Michaelem,
1605 959 1880 1031 inquam,

226 1055 282 1105 et
313 1051 668 1117 Gabrielem,
702 1051 1222 1108 descenditomnis
1245 1051 1408 1105 datio
1437 1048 1598 1104 bona
1620 1053 1676 1103 et
1702 1064 1882 1104 omne

225 1139 459 1196 bonum
484 1141 834 1214 perfectum,
858 1141 1021 1214 quod
1043 1140 1300 1212 desuper
1320 1139 1566 1194 mittitur
1582 1139 1642 1194 in
1665 1143 1882 1194 terram

227 1245 264 1286 a
295 1233 416 1287 Deo
447 1233 878 1304 omnipotente.
927 1233 1024 1288 Hae
1055 1233 1218 1286 enim
1249 1234 1388 1286 sunt
1415 1229 1549 1284 duae
1601 1229 1882 1284 maximas

226 1323 283 1374 et
332 1321 497 1379 naris
545 1321 837 1377 momenti
888 1320 1148 1377 lucernas
1209 1318 1554 1385 Divinitatis,
1607 1333 1744 1390 quae
1798 1322 1886 1373 est

229 1407 594 1479 principium
627 1408 894 1479 luminis,
927 1413 983 1464 et
1013 1415 1103 1464 est
1146 1408 1323 1464 unica
1363 1412 1420 1463 et
1446 1406 1629 1463 trina:
1664 1411 1721 1462 et
1749 1422 1884 1478 quas

227 1511 353 1552 non
403 1496 688 1553 occidunt
714 1497 1040 1553 luminaria
1090 1497 1270 1553 totius
1317 1495 1482 1551 orbis
1540 1501 1728 1561 terrae,
1782 1496 1887 1567 qui

227 1592 318 1641 est
345 1585 462 1641 sub
487 1585 657 1654 coelo,
689 1591 1022 1661 mystasque
1052 1602 1434 1653 arcanorum,
1462 1589 1520 1641 et
1544 1585 1622 1642 ad
1665 1585 1889 1641 futuro—

229 1691 367 1732 rum
392 1675 839 1733 introducentes
871 1676 1173 1748 mysteria.

627 1820 712 1875 De
737 1818 1106 1889 archangelo
1134 1817 1458 1888 Raphaele.
1930 1873 1967 1925 Β

305 1952 484 2009 XXXI.
552 1951 854 2009 Inducitur
935 1957 1139 2009 autem
1213 1952 1536 2025 praeclarus
1603 1951 1890 2023 Baphael,

229 2042 483 2115 quando
511 2041 704 2098 Tobiae
733 2048 1063 2099 excmcatos
1091 2042 1298 2098 oculos
1329 2042 1646 2098 artiﬁciose
1677 2042 1889 2098 illumi-

231 2131 400 2187 navit
439 2132 507 2188 “.
542 2131 641 2187 Hic
671 2131 833 2188 enim
871 2131 1086 2189 Tobias
1137 2131 1328 2188 fuerat
1357 2131 1656 2187 abductus
1706 2132 1890 2204 capti-

229 2237 345 2276 vus
371 2221 431 2276 in
462 2221 660 2292 prima
690 2221 1076 2277 Hebrasorum
1115 2221 1455 2293 captivitate
1487 2220 1709 2276 Ninive.
1744 2223 1892 2277 Cum

231 2316 437 2365 autem
486 2315 644 2366 esset
673 2311 806 2382 pius
859 2311 1078 2381 justus,
1133 2311 1553 2366 convenienter
1604 2309 1739 2380 legi,
1795 2326 1893 2366 eo-

231 2414 371 2455 rum
400 2400 506 2471 qui
532 2404 702 2456 erant
727 2399 815 2454 sui
847 2415 1099 2470 generis,
1127 2399 1511 2456 morientium
1538 2399 1599 2454 in
1651 2400 1896 2472 captivi-

233 2493 356 2545 tate
384 2505 638 2562 corpora
665 2489 824 2545 clam
850 2489 1195 2562 sepeliebat,
1223 2490 1328 2562 qui
1375 2491 1743 2562 contemptui
1793 2490 1896 2546 ha-

234 2576 561 2645 bebantur,
589 2582 778 2634 etnon
794 2577 1251 2650 sepeliebantur.
1278 2578 1554 2644 Quodam
1579 2584 1781 2634 autem
1801 2579 1898 2635 die

237 2683 382 2722 cum
396 2683 669 2723 reversus
686 2672 844 2723 esset
863 2683 934 2723 ex
946 2668 1060 2723 hoc
1077 2667 1175 2740 pio
1188 2683 1386 2740 opere,
1403 2668 1476 2723 de
1483 2669 1900 2741 posuissetque

238 2755 508 2826 ligonem
540 2756 930 2829 etbipalium,
963 2757 1207 2812 dormiit
1227 2762 1393 2814 extra
1422 2757 1676 2819 domum
1704 2774 1896 2827 suam,

239 2850 566 2917 propterea
594 2845 760 2917 quod
789 2845 921 2917 ipse
948 2850 1106 2901 esset
1148 2845 1434 2918 pollutus,
1486 2847 1904 2902 convenienter

236 2933 378 3006 legi,
412 2951 549 3007 quas
591 2935 774 2991 dixit:
817 2958 844 2986 «
897 2936 1253 3008 Quicunque
1303 2937 1552 3006 tetigerit
1579 2942 1904 3005 mortuum,

239 3023 600 3079 immundus
622 3024 729 3080 erit
755 3023 1046 3096 usque'ad
1067 3023 1430 3080 matutinum
1450 3026 1515 3078 ‘7.
1538 3049 1558 3073 ι
1586 3025 1690 3081 Illa
1701 3031 1902 3082 autem

237 3118 416 3169 nocte
441 3113 706 3169 calidum
729 3118 1176 3169 excrementum
1199 3113 1260 3169 in
1278 3114 1407 3185 ejus
1437 3114 1644 3170 oculos
1666 3114 1903 3170 demisit

238 3207 548 3274 passer,et
579 3203 780 3259 statim
810 3201 919 3258 fuit
947 3207 1299 3258 excaecatus.
1335 3205 1732 3276 Nequaquam
1763 3220 1900 3259 vero
1935 3232 1974 3286 ρ

234 3291 633 3363 blasphemiis
692 3291 1018 3358 incessens,
1071 3296 1359 3364 perpetuo
1412 3291 1630 3361 agebat
1677 3292 1900 3364 gratias

239 3382 388 3449 Deo,
421 3381 523 3453 qui
554 3381 614 3436 id
635 3381 1004 3454 permiserat.
1036 3383 1168 3436 Post
1195 3381 1324 3436 haec
1382 3385 1586 3437 autem
1634 3399 1772 3438 cum
1809 3399 1902 3438 ac-

242 3470 586 3527 cersivisset
613 3471 828 3527 Tobias
874 3470 1064 3526 ﬁlium
1096 3487 1299 3539 suum,
1359 3471 1507 3527 dixit
1549 3471 1639 3527 ei:
1677 3494 1704 3520 «
1758 3475 1903 3528 Ecce

243 3575 413 3631 ergo,
444 3565 509 3616 ut
536 3560 720 3628 vides,
754 3559 836 3616 ﬁli
885 3564 942 3616 et
971 3575 1166 3616 caacus
1197 3566 1251 3616 et
1296 3576 1477 3616 senex
1525 3559 1718 3616 factus
1767 3578 1904 3618 sum

243 3654 494 3723 propter
519 3648 962 3706 multitudinem
993 3665 1269 3705 meorum
1312 3654 1720 3722 peccatorum.
1785 3655 1906 3721 Age

247 3754 418 3810 ergo,
451 3740 685 3795 mittam
729 3744 780 3795 te
830 3739 907 3795 ad
954 3738 1246 3795 Gabelum
1301 3745 1626 3811 cognatum
1680 3757 1904 3796 meum.

251 3829 515 3903 Deposui
539 3829 702 3885 enim
729 3828 892 3902 apud
918 3845 1057 3885 eum
1085 3832 1221 3885 ante
1248 3829 1651 3901 captivitatem
1682 3831 1910 3904 aliquot

250 3919 386 3975 auri
415 3917 678 3975 talenta:
714 3922 771 3974 et
799 3917 947 3974 aﬂ'er
993 3933 1065 3975 ea
1116 3917 1195 3974 ad
1260 3918 1691 3976 sustentandas
1743 3935 1912 3976 meas

251 4010 645 4066 calamitates.
676 4008 791 4065 Sed
820 4008 1000 4078 viam,
1050 4024 1086 4065 o
1113 4008 1216 4077 ﬁli,
1248 4009 1467 4077 nescis,
1507 4009 1797 4082 quoniam
1827 4015 1915 4066 est

251 4114 500 4170 magna.
561 4099 942 4155 Inveniamus
994 4101 1196 4154 autem
1245 4098 1576 4168 hominem,
1634 4099 1738 4172 qui
1769 4099 1916 4156 sciat

249 4191 438 4258 viam,
473 4188 780 4245 timentem
828 4191 1037 4258 Deum,
1065 4192 1122 4244 et
1178 4204 1317 4244 cum
1362 4204 1433 4244 eo
1482 4189 1916 4246 conveniamus

249 4278 328 4336 de
356 4279 526 4350 justa
553 4277 845 4334 mercede.
881 4278 993 4344 Qui
1036 4278 1142 4334 tibi
1176 4277 1251 4334 sit
1304 4294 1506 4334 comes
1544 4283 1684 4350 post
1733 4281 1916 4334 Deum

250 4374 309 4425 et
339 4372 398 4424 te
428 4383 633 4423 rursus
684 4367 934 4424 reducat
963 4366 1041 4423 ad
1089 4383 1259 4423 meos
1313 4367 1668 4423 obscuratos
1715 4368 1922 4424 oculos

251 4458 514 4514 illesum
545 4461 602 4512 et
625 4457 851 4513 laetum.
886 4458 1032 4512 Cum
1063 4461 1264 4513 autem
1297 4455 1428 4513 talis
1488 4457 1673 4513 homo
1705 4457 1784 4513 ab
1841 4457 1925 4513 eis

254 4551 691 4620 qumrerentur,
727 4546 982 4603 accessit
1013 4546 1091 4602 ab
1118 4562 1221 4602 eos
1254 4546 1492 4602 divinus
1523 4547 1925 4619 archangelus

1369 393 1455 447 DE
1496 392 1552 446 S.
1593 388 1939 446 MICHAELE
1976 388 2467 444 ARCHANGELO.

3532 390 3635 446 590

1983 516 2186 568 autem
2235 511 2543 566 venissent
2575 509 2652 566 ad
2705 509 2923 579 Tigrim
2974 507 3252 580 ﬂuvium,
3310 512 3461 568 sedit
3487 529 3636 585 puer

1982 609 2198 664 Tobias
2223 609 2301 665 ad
2329 607 2624 664 lavandos
2651 607 2856 680 pedes,
2889 612 2946 663 et
2966 610 3198 681 aspexit
3223 611 3449 680 piscem
3484 611 3639 666 exsi-

1984 696 2246 766 lientem,
2295 703 2360 752 ut
2389 713 2528 752 eum
2575 696 2928 758 devoraret;
2982 703 3040 753 et
3089 697 3445 756 exclamavit
3474 715 3638 772 puer.

1989 786 2132 842 Dicit
2158 801 2300 856 ergo
2327 786 2379 841 ei
2409 786 2520 841 via:
2561 802 2764 842 comes
2804 785 3094 855 angelus:
3129 789 3206 842 Ne
3238 787 3473 853 timeas,
3533 791 3641 846 sed

1988 890 2128 931 eum
2161 880 2362 931 teneas
2389 875 2696 931 audacter.
2733 875 2796 930 Id
2821 879 3022 931 autem
3054 893 3192 932 cum
3216 876 3438 933 factum
3465 884 3638 951 esset,

1987 980 2195 1019 rursus
2224 965 2371 1020 dixit
2399 965 2486 1019 ei:
2524 965 2766 1020 Disseca
2817 980 2978 1030 eum,
3034 971 3091 1021 et
3141 981 3242 1022 cor
3286 967 3535 1039 quidem
3587 974 3644 1025 et

1985 1053 2155 1123 jecur
2182 1053 2494 1122 diligenter
2525 1069 2698 1110 serva
2729 1055 2790 1109 in
2822 1069 2988 1121 vase,
3031 1053 3109 1110 fel
3153 1070 3295 1111 vero
3351 1057 3412 1111 in
3459 1057 3644 1114 altero

1996 1158 2152 1199 vase.
2186 1142 2372 1198 Habet
2399 1143 2560 1198 enim
2609 1159 2790 1199 senex
2838 1143 3112 1215 quidam,
3144 1144 3222 1200 ad
3256 1161 3438 1218 quem
3469 1147 3646 1218 proﬁ-

1992 1231 2296 1297 ciscimur,
2357 1231 2688 1288 formosam
2749 1232 2939 1288 ﬁliam
2995 1231 3318 1294 habentem
3373 1236 3642 1307 spiritum

1993 1320 2400 1386 immundum,
2430 1321 2535 1394 qui
2565 1327 2813 1378 vocatur
2845 1322 3219 1378 Asmodaaus.
3250 1325 3360 1389 Qui
3406 1331 3650 1398 propter

1994 1409 2124 1480 ejus
2153 1425 2424 1465 amorem
2439 1408 2754 1466 suﬁ‘ocavit
2770 1416 2998 1482 septem
3019 1412 3200 1476 viros,
3225 1411 3331 1482 qui
3357 1426 3492 1466 eam
3513 1411 3651 1466 des-

1995 1499 2354 1570 ponderant.
2385 1501 2622 1572 Loquar
2653 1503 2854 1555 autem
2886 1514 2998 1570 ego
3046 1515 3186 1555 cum
3217 1515 3357 1554 sene
3389 1499 3463 1555 de
3511 1513 3649 1556 con-

1996 1590 2206 1652 tractu,
2236 1596 2293 1641 et
2320 1586 2702 1658 persuadebo
2743 1588 2817 1655 ei,
2867 1591 2932 1643 ut
2973 1588 3234 1660 accipias
3282 1587 3470 1644 tiliam
3521 1589 3652 1659 ejus

1997 1675 2058 1730 in
2108 1691 2387 1730 uxorum.
2443 1675 2779 1746 Suflumiga
2836 1681 3034 1732 autem
3065 1692 3201 1732 eam
3249 1692 3322 1732 ex
3351 1678 3551 1747 jecore
3598 1681 3656 1733 et

1999 1762 2200 1834 corde,
2233 1769 2288 1820 et
2311 1763 2496 1835 fugiet
2523 1763 2602 1820 ab
2643 1781 2715 1821 ea
2760 1765 3137 1834 Asmodteus,
3193 1767 3472 1822 homines
3503 1767 3655 1822 occi-

1999 1852 2151 1909 dens
2178 1854 2571 1925 daemonium,
2599 1855 2661 1910 in
2695 1871 3013 1928 supremas
3036 1860 3236 1927 partes
3258 1856 3504 1929 Egypti
3551 1869 3657 1930 per

2001 1959 2096 1998 me
2132 1943 2386 2013 ligatum
2412 1944 2661 2000 vinculis
2687 1944 3128 2012 insolubilibus,
3156 1950 3212 2001 et
3249 1961 3374 2002 non
3413 1951 3656 2018 repente

2000 2032 2292 2088 morieris.
2359 2035 2422 2089 Et
2476 2039 2801 2090 revertetur
2858 2034 2993 2106 ipsa
3042 2050 3288 2107 quoque
3336 2035 3656 2092 nobiscum

2001 2137 2136 2178 cum
2195 2122 2394 2178 multis
2423 2122 2808 2179 facultatibus
2850 2123 2912 2179 in
2946 2123 3199 2180 domum
3248 2129 3437 2182 tuam.
3486 2125 3660 2192 Quod

2002 2211 2183 2268 etiam
2215 2212 2440 2268 factum
2470 2219 2575 2281 est,
2613 2218 2674 2268 ut
2705 2213 3057 2269 summatim
3078 2214 3298 2270 dicam.
3331 2217 3492 2270 Tunc
3513 2231 3664 2287 puer

1972 2315 1976 2319 ·
2005 2302 2264 2357 servavit
2284 2317 2386 2358 cor
2415 2306 2471 2358 et
2494 2301 2665 2373 jecur
2693 2307 2750 2359 et
2778 2301 2875 2372 fel,
2898 2303 3130 2374 piscem
3157 2308 3360 2360 autem
3386 2305 3664 2362 comede-

2001 2393 2160 2446 runt.

2079 2481 2300 2536 XXXIII.
2367 2482 2515 2538 Cum
2596 2486 2799 2538 autem
2882 2483 3207 2554 venissent,
3284 2488 3340 2541 et
3393 2485 3666 2544 alacriter

2006 2571 2235 2642 accepti
2263 2576 2460 2626 essent
2489 2587 2526 2628 a
2550 2587 2690 2628 sene
2721 2572 3001 2643 Raguele,
3029 2578 3086 2630 et
3114 2575 3302 2632 verba
3332 2577 3664 2635 movissent

2009 2658 2084 2714 de
2115 2665 2447 2727 contractu,
2482 2661 2727 2718 nolebat
2753 2678 2955 2731 senex,
2991 2664 3206 2720 timens
3237 2666 3501 2723 maxime
3526 2683 3667 2740 pro-

2012 2753 2216 2820 pterea
2240 2749 2408 2821 quod
2439 2755 2597 2806 esset
2626 2751 2678 2806 ei
2705 2751 3086 2825 propinquus
3111 2769 3349 2825 genere,
3376 2761 3434 2812 et
3464 2767 3668 2814 osten-

2013 2835 2196 2893 debat
2216 2838 2301 2893 eis
2326 2838 2602 2910 sepulcra
2619 2844 2849 2912 septem
2870 2842 3155 2897 virorum.
3178 2843 3446 2901 Tandem
3468 2849 3672 2903 autem

2016 2941 2345 2998 persuasus
2375 2944 2512 2983 cum
2545 2928 2910 2987 celebrasset
2938 2933 3203 3004 nuptias,
3237 2938 3294 2989 et
3324 2950 3462 2990 eum
3501 2951 3673 3008 aspe-

2011 3015 2193 3071 xisset
2220 3016 2438 3080 virum,
2488 3018 2800 3090 quomodo
2849 3020 2902 3076 ei
2941 3028 3322 3091 suggesserat
3376 3025 3506 3095 ejus
3559 3026 3673 3081 vias

2011 3120 2235 3174 comes,
2290 3109 2409 3162 Deo
2448 3123 2704 3179 magnas
2755 3109 2874 3180 egit
2929 3112 3175 3181 gratias,
3219 3118 3276 3169 et
3322 3129 3458 3170 eam
3508 3113 3677 3172 dedit

2011 3211 2195 3250 senex
2222 3211 2471 3252 uxorem
2519 3198 2737 3264 Tobiae,
2795 3205 2852 3255 et
2903 3199 3225 3258 dimidium
3273 3220 3521 3260 suorum
3571 3204 3674 3262 bo-

2009 3299 2250 3352 norum,
2274 3286 2507 3341 etmisit
2535 3301 2637 3342 eos
2663 3303 2802 3343 cum
2832 3304 3057 3358 magno
3089 3291 3332 3360 gaudio.
3365 3293 3515 3364 Ipsis
3535 3309 3673 3350 vero

2011 3374 2282 3444 reversis,
2312 3380 2368 3430 et
2389 3375 2567 3431 simul
2598 3393 2736 3433 cum
2761 3394 2832 3434 ea
2853 3379 3082 3435 ancillis
3111 3385 3168 3436 et
3191 3381 3435 3438 famulis
3460 3388 3517 3440 et
3540 3384 3674 3440 inﬁ-

2011 3462 2136 3518 nita
2152 3464 2411 3535 pecunia
2430 3471 2678 3538 accepto
2700 3468 2881 3524 etiam
2902 3483 2939 3524 a
2959 3468 3180 3526 Gabelo
3206 3470 3501 3544 deposito,
3528 3489 3669 3530 cum

2015 3553 2317 3609 venissent
2342 3569 2528 3626 prope
2563 3555 2816 3612 domum
2840 3556 3059 3628 Tobias,
3089 3561 3253 3616 canis
3283 3560 3417 3618 loco
3463 3564 3668 3634 agnito

2017 3657 2393 3714 procurrens,
2425 3644 2733 3712 ingressus
2776 3650 2868 3702 est
2909 3646 3182 3720 domum,
3215 3655 3271 3706 et
3317 3652 3670 3725 complexus

2018 3731 2204 3803 pedes
2235 3731 2452 3801 Tobias,
2486 3733 2536 3788 ei
2581 3733 3021 3793 blandiebatur.
3056 3737 3154 3794 Ille
3193 3744 3395 3797 autem
3426 3759 3566 3800 cum
3596 3759 3672 3800 ex

2019 3837 2089 3878 eo
2138 3823 2524 3895 cognovisset
2553 3824 2879 3882 adventum
2930 3827 3054 3896 ﬁlii,
3097 3832 3356 3888 surrexit
3391 3849 3669 3907 propere,

2020 3917 2077 3970 et
2105 3911 2205 3968 ivit
2233 3912 2284 3968 ei
2313 3913 2583 3982 obviam,
2610 3918 2666 3970 et
2712 3915 2811 3971 hic
2843 3920 2900 3972 et
2954 3917 3071 3973 illic
3128 3919 3546 3980 offendebatur
3593 3925 3675 3983 ad

2021 4003 2310 4076 parietem
2339 4019 2461 4059 non
2495 4003 2724 4061 videns.
2759 4006 2880 4062 Vim
2913 4023 3054 4065 vero
3084 4025 3287 4068 comes
3316 4012 3460 4070 dicit
3478 4015 3676 4073 Tobias

2027 4115 2053 4144 «
2084 4095 2300 4166 Accipe
2330 4093 2408 4150 fel
2437 4095 2639 4167 piscis,
2689 4101 2746 4153 et
2775 4113 2913 4154 cum
2972 4098 3035 4155 in
3082 4099 3310 4162 foribus
3348 4107 3680 4163 occurreris

2025 4184 2181 4257 patri
2212 4189 2334 4249 tuo,
2369 4184 2726 4258 priusquam
2780 4187 2907 4259 ipse
2963 4192 3018 4244 te
3050 4190 3466 4263 amplectatur,
3521 4211 3682 4267 unge

2028 4273 2229 4330 oculos
2258 4274 2406 4344 ejus,
2441 4280 2497 4330 et
2528 4275 2729 4332 statim
2757 4277 3019 4350 ascipiet.
3052 4303 3071 4328 ι
3106 4282 3277 4347 Quod
3303 4300 3441 4341 cum
3459 4285 3686 4344 factum

2031 4369 2188 4421 esset
2216 4369 2272 4420 et
2296 4364 2568 4437 protinus
2613 4367 2806 4423 visum
2843 4369 3183 4443 recepisset,
3222 4378 3511 4432 steterunt
3540 4377 3686 4434 obs-

2033 4453 2336 4527 tupefacti,
2369 4458 2552 4510 Deum
2579 4455 2897 4513 laudantes
2951 4466 3195 4533 propter
3237 4465 3443 4522 omnia
3501 4466 3685 4536 bona,

2035 4562 2171 4618 quae
2205 4545 2288 4600 eis
2315 4544 2554 4603 fecerat.
2585 4547 2930 4605 Volentibus
2983 4557 3186 4608 autem
3239 4553 3386 4626 ipsis
3435 4573 3695 4629 magnas

256 4617 532 4710 ﬁaphael
560 4637 834 4693 humana
877 4637 1096 4709 specie,
1124 4653 1248 4711 prae
1302 4654 1364 4694 se
1408 4637 1604 4693 ferens
1664 4655 1726 4694 se
1766 4617 1927 4694 Vvelle
1962 4617 2005 4670 D
2037 4617 2254 4692 referre
2317 4635 2539 4707 gratias
2604 4636 2715 4692 vias
2774 4639 2995 4708 comiti,
3072 4644 3178 4715 qui
3239 4617 3699 4706 existimabvatur

259 4727 524 4786 conduci
575 4725 942 4794 mercedula,
996 4732 1051 4783 et
1105 4726 1246 4783 dicit
1299 4727 1422 4783 eis:
1460 4751 1487 4777 ‹‹
1547 4727 1932 4785 Paciscimini

259 4833 529 4884 mecum,
578 4823 641 4872 ut
695 4833 806 4890 par
847 4821 954 4888 est,
990 4821 1046 4873 et
1099 4832 1242 4887 ergo
1298 4818 1499 4890 ipsum
1561 4818 1935 4875 concervabo

263 4912 408 4981 post
461 4909 668 4963 Deum.
723 4906 898 4963 Recte
949 4907 1109 4963 enim
1165 4908 1287 4964 scio
1336 4910 1393 4963 et
1456 4906 1679 4976 locum,
1728 4913 1785 4964 et
1840 4925 1935 4964 co-

262 4999 521 5069 gnatum
547 5000 719 5052 tuum
752 4995 1065 5068 Gabelum,
1092 5001 1149 5053 et
1192 4997 1322 5068 ejus
1349 5012 1623 5065 uxorem,
1655 5001 1713 5054 et
1751 4996 1937 5055 ﬁliam

261 5087 424 5158 ejus.
463 5110 490 5135 »
1834 5073 1845 5087 ’

332 5175 543 5232 XXXII.
573 5177 722 5233 Cum
761 5176 801 5232 ii
829 5192 973 5248 ergo
1030 5175 1113 5232 sic
1162 5174 1611 5246 convenissent,
1665 5180 1722 5233 et
1776 5193 1940 5235 acce-

256 5267 459 5341 pisset
499 5283 756 5338 puerum
811 5265 1082 5338 angelus,
1134 5265 1240 5339 qui
1295 5265 1609 5323 videbatur
1662 5268 1938 5324 mercede

255 5355 628 5426 conductus,
661 5373 800 5413 cum
831 5356 1108 5431 plurimis
1139 5357 1293 5413 votis
1315 5373 1384 5412 ex
1438 5357 1598 5413 senis
1630 5357 1937 5428 manibus,

257 5445 736 5506 ambulaverunt
767 5447 896 5504 sine
922 5447 1131 5512 labore
1160 5446 1383 5504 multos
1425 5447 1571 5504 dies.
1635 5451 1748 5505 Eos
1797 5464 1939 5506 vero

257 5541 628 5597 consecutus
657 5542 746 5595 est
795 5537 962 5597 canis
996 5554 1241 5613 quoque
1272 5554 1303 5594 e
1352 5537 1564 5595 domo.
1619 5540 1769 5596 Cum
1823 5536 1941 5612 ipsi

339 5746 394 5787 “
418 5749 558 5806 Luc.
591 5763 655 5821 ιι,
678 5751 835 5805 9-12.
869 5748 917 5784 ⁸⁸
945 5747 1089 5810 Tob.
1127 5763 1207 5820 xi,
1246 5749 1336 5817 14,
1372 5752 1459 5806 I5.
1494 5749 1539 5788 ⁸⁷
1581 5749 1763 5810 Levit.
1786 5765 1867 5822 xi,
1894 5750 1984 5810 39.

2041 4725 2467 4792 mercenarius,
2517 4731 2881 4800 etprompto
2937 4735 2994 4786 et
3014 4730 3194 4788 alacri
3225 4735 3432 4793 animo
3474 4739 3527 4794 ei
3556 4744 3702 4797 dare

2044 4815 2361 4871 dimidium
2384 4817 2652 4887 pecuniae
2670 4833 2858 4890 quam
2885 4821 3225 4888 attulerant,
3252 4841 3315 4882 se
3347 4827 3431 4883 eis
3471 4830 3706 4901 aperuit

2047 4904 2449 4975 archangelus
2482 4906 2812 4974 Domini,et
2831 4909 3014 4966 dixit:
3049 4934 3076 4962 «
3104 4915 3225 4984 Ego
3257 4932 3393 4972 sum
3417 4919 3705 4991 Raphael,

2047 5012 2204 5052 unus
2262 5011 2336 5051 ex
2390 4999 2619 5068 septem
2677 4997 3072 5072 archangelis,
3118 5005 3224 5076 qui
3279 5007 3396 5062 Deo
3451 5007 3716 5068 offerunt

2047 5102 2258 5160 preces
2282 5087 2587 5159 justorum
2634 5107 2645 5143 :
2703 5093 2760 5146 et
2787 5105 2984 5164 neque
3030 5094 3288 5165 comedi,
3346 5111 3543 5171 neque
3588 5097 3719 5157 bibi

2050 5175 2284 5232 etiamsi
2308 5192 2418 5232 vos
2444 5178 2754 5249 putaretis.
2790 5181 3043 5238 Domino
3064 5199 3204 5240 vero
3235 5193 3528 5259 perpetuo
3559 5189 3719 5259 agite

2052 5266 2298 5338 gratias,
2332 5271 2390 5323 et
2425 5283 2662 5339 semper
2707 5269 2760 5323 ei
2809 5270 3199 5342 conﬁtemini,
3233 5275 3402 5348 quod
3431 5279 3718 5349 magniﬁ-

2051 5357 2208 5414 cavit
2237 5356 2713 5414 misericordiam
2765 5375 2940 5416 suam
2968 5377 3150 5434 super
3195 5380 3326 5421 vos.
3388 5368 3529 5433 Quae
3585 5385 3726 5426 cum

2053 5447 2320 5514 dixisset,
2350 5446 2551 5504 statim
2573 5446 2683 5504 fuit
2702 5447 2975 5506 sublatus
2993 5452 3072 5509 ab
3095 5469 3307 5512 eorum
3329 5457 3539 5514 oculis.
3561 5481 3588 5508 »
3608 5461 3730 5516 Hoc

2054 5554 2198 5611 ergo
2244 5537 2438 5596 solum
2495 5537 2643 5597 dixit
2702 5540 3008 5616 Scriptura
3072 5544 3284 5604 fecisse
3340 5549 3731 5626 Raphaelem,
