4468 6440
793 374 889 427 591

1748 371 2032 428 MANUEL
2070 368 2614 428 CHARITOPULUS
2652 371 3107 430 PATRIARCHA
3144 374 3246 431 (ΣΡ.

4102 382 4202 437 592

792 495 958 568 quod
983 494 1094 553 fuit
1111 495 1410 570 optimum
1439 498 1497 553 et
1523 494 1860 554 maximum
1889 496 2270 554 miraculum.
2304 496 2452 554 Dicit
2479 498 2528 551 A
2560 501 2960 571 assequentur
2988 498 3258 570 trophaaa
3276 498 3558 557 victoriae.
3592 500 3706 558 Per
3733 504 3790 559 te
3818 500 4004 558 duces
4035 517 4206 561 exer-

793 589 994 642 autem
1021 601 1084 643 se
1103 602 1297 642 unum
1326 601 1400 642 ex
1429 589 1662 658 septem
1694 586 2094 658 archangelis,
2153 586 2450 659 quoniam
2558 586 2708 643 citus
2787 587 3100 644 Christiani
3175 587 3404 660 populi,
3467 590 3717 647 vincunt
3799 595 3856 648 et
3911 590 4202 651 dedecore

793 675 1066 731 omnium
1077 675 1355 732 ordinum
1370 675 1901 749 superccelestium,
1916 681 1972 733 et
1983 692 2113 748 quae
2123 675 2451 745 intelligen-

2555 674 2823 732 aﬁiciunt
2867 675 3200 749 phalanges
3252 677 3520 748 gentium
3573 678 3928 736 inﬁdelium.
3983 681 4094 737 Per
4146 686 4202 740 te

794 765 877 822 tia
913 765 1468 838 apprehenduntur,
1534 765 1822 823 classium
1864 769 1923 823 et
1953 770 2216 822 coetuum
2263 765 2447 822 duces
2554 765 2751 821 omnis
2783 765 2977 835 gratia
3017 764 3388 832 illuminans,
3418 770 3476 823 et
3499 767 3826 841 praedictio,
3858 774 3917 826 et
3967 769 4204 842 sapien-

795 859 1014 911 suntet
1037 855 1339 928 principes
1369 855 1442 925 ‘3,
1475 855 1628 911 sicut
1655 855 1882 912 dictum
1908 860 1998 912 est
2029 855 2325 927 superius.

849 943 1456 1001 XXXIV.Celebremus
1472 948 1673 1001 autem
1691 960 1803 1001 nos
1821 945 1917 1000 hic
1933 959 2176 1018 quoque
2194 944 2441 1015 sincere,

790 1037 858 1090 ut
878 1032 1192 1105 debemus,
1215 1049 1251 1091 ο
1273 1037 1650 1090 sacrosancte
1675 1037 1733 1090 et
1749 1050 1786 1091 a
1811 1035 1930 1089 Deo
1961 1032 2203 1090 collecte
2231 1037 2440 1103 ccetus,

787 1121 991 1180 laetum
1011 1128 1067 1181 et
1091 1123 1379 1180 illustrem
1404 1127 1462 1180 et
1488 1122 1906 1180 admirabilem
1931 1123 2092 1180 diem
2111 1123 2327 1180 festum
2351 1139 2443 1180 or-

789 1211 1002 1270 dinum
1029 1213 1293 1270 ductoris
1323 1212 1642 1282 Michaelis,
1673 1212 1780 1286 qui
1825 1214 2061 1270 animas
2102 1217 2160 1269 et
2187 1228 2441 1285 corpora

785 1300 1081 1358 beneﬁcio
1111 1301 1327 1359 afﬁcit:
1361 1306 1419 1358 et
1447 1303 1499 1358 ei
1523 1301 1850 1359 offeramus
1891 1302 2054 1358 dona
2100 1306 2347 1375 accepta
2381 1307 2438 1360 et

787 1391 992 1462 digna,
1021 1397 1077 1449 et
1104 1392 1235 1465 pios
1265 1393 1319 1448 ei
1342 1392 1607 1465 hymnos
1636 1396 1926 1465 perpetuo
1963 1407 2086 1448 non
2123 1408 2434 1449 cessemus

783 1481 1056 1555 psallere,
1092 1487 1156 1539 ut
1201 1482 1332 1554 ipse
1374 1498 1617 1555 quoque
1670 1487 1912 1538 moveat
1963 1481 2433 1539 vehementiores

780 1570 1238 1628 intercessiones
1262 1571 1340 1628 ad
1361 1586 1748 1628 communem
1771 1571 2090 1627 Dominum
2113 1576 2170 1628 et
2200 1574 2432 1628 Creato-

777 1676 931 1729 rem,
963 1663 1030 1716 ut
1052 1660 1229 1717 nobis
1268 1660 1368 1717 det
1390 1660 1651 1727 veniam,
1708 1660 1813 1733 qui
1846 1660 2265 1732 multiplicium
2295 1677 2427 1733 pec--

779 1754 1051 1808 catorum
1080 1750 1353 1806 humana
1377 1748 1785 1806 imbecillitate
1814 1749 2164 1805 circumdati
2216 1767 2426 1807 sumus

2552 853 2654 921 tia,
2678 859 2733 910 et
2762 853 2948 909 virtus
2968 857 3034 910 ut
3059 858 3151 909 est
3177 853 3458 911 ﬁdelibus
3488 855 3858 920 hominibus.
3888 860 3967 914 De
3988 863 4198 916 caetero

2550 947 2617 1000 ut
2641 945 2749 1017 qui
2768 944 3000 1001 habeas
3021 944 3200 1001 etiam
3216 945 3383 1018 quod
3409 950 3602 1018 potes,
3628 946 3710 1005 da
3736 948 3918 1005 etiam
3937 948 4197 1006 vicissim

2549 1037 2828 1090 eventum
2855 1033 3222 1106 petitionum.
3257 1037 3502 1105 Protege
3532 1051 3772 1110 semper
3817 1041 3877 1094 et
3903 1052 4198 1095 conserva

2548 1121 2731 1178 vitam
2761 1127 3031 1179 nostram
3087 1123 3304 1195 pennis
3344 1123 3459 1180 tuis
3488 1125 3942 1197 archangelicis,
3972 1130 4032 1183 et
4083 1141 4195 1184 nos

2544 1210 2734 1268 libera
2757 1211 2838 1268 ab
2853 1211 3020 1268 omni
3038 1217 3424 1270 nocumento.
3448 1215 3603 1271 Cura
3621 1213 3965 1272 aﬁectiones
3986 1231 4194 1273 eorum

2545 1301 2650 1374 qui
2687 1306 2997 1372 aegrotant.
3036 1303 3149 1358 Fac
3195 1305 3262 1360 ut
3313 1302 3377 1358 in
3434 1317 3649 1360 auram
3705 1308 4091 1375 evanescant,
4139 1309 4194 1363 et

2543 1390 2953 1448 dissolvantur
2982 1391 3222 1464 spiritus
3247 1407 3457 1448 eorum
3492 1393 3599 1465 qui
3626 1393 3865 1466 probris
3908 1391 4196 1452 insultant

2542 1485 2598 1538 et
2625 1481 2875 1552 injuriis.
2908 1481 3120 1538 Adhuc
3149 1482 3345 1552 magis
3369 1482 3640 1556 deprime
3669 1488 3727 1540 et
3752 1483 3942 1555 dejice
3969 1483 4194 1541 elatum

2539 1575 2596 1626 et
2653 1570 2980 1640 gloriosum
3063 1571 3443 1643 supercilium
3495 1575 3554 1628 et
3604 1572 4191 1645 magniloquentiam

2536 1659 2799 1732 perversi
2845 1664 2903 1716 et
2935 1659 3034 1716 Dei
3078 1660 3290 1732 hostis,
3326 1665 3382 1716 et
3430 1660 3780 1718 hominibus
3834 1661 4031 1718 infesti
4085 1661 4191 1720 Sa-

2534 1753 2709 1816 tanae,
2742 1753 2797 1805 et
2825 1748 2918 1805 fac
2969 1752 3032 1805 ut
3083 1753 3320 1806 cessent
3369 1754 3426 1806 et
3472 1750 3664 1807 otiose
3711 1750 4042 1808 reddantur
4084 1752 4194 1808 im-

776 1844 835 1897 et
861 1840 1125 1896 miseria.
1159 1839 1248 1895 Ad
1277 1855 1416 1894 eum
1458 1854 1600 1909 ergo
1644 1839 1977 1895 clamemus
2017 1844 2074 1896 et
2101 1840 2374 1898 dicamus
2408 1857 2420 1896 :
2458 1857 2496 1910 Β
2532 1839 2736 1912 probae
2784 1840 2914 1910 ejus
2970 1839 3473 1897 machinationes.
3537 1840 3770 1913 Depelle
3838 1841 4190 1898 demonum

776 1929 1036 2001 Benigne
1067 1928 1336 1985 minister
1363 1928 1608 2000 benigni
1656 1929 1913 2000 Domini,
1946 1930 2049 2002 qui
2096 1930 2160 1987 in
2208 1936 2425 2005 myste-

771 2019 877 2075 riis
929 2017 1149 2086 initias,
1204 2017 1451 2074 Michael
1507 2017 1786 2089 princeps
1856 2017 2098 2086 militiae,
2162 2019 2424 2075 assiduis

771 2109 889 2165 tuis
917 2106 1085 2180 apud
1113 2109 1334 2177 Regem
1368 2106 1573 2178 gloria:
1623 2106 2168 2178 intercessionibus,
2213 2124 2424 2166 omnes

771 2202 908 2256 tuos
934 2197 1280 2255 laudatores
1308 2201 1366 2254 et
1386 2196 1596 2253 ﬁdeles
1628 2200 1764 2253 tuos
1817 2197 2097 2265 famulos,
2131 2215 2268 2254 cum
2318 2215 2424 2272 per

769 2287 1206 2362 paenitentiam,
1234 2290 1300 2343 ut
1346 2286 1622 2343 meliores
1650 2286 1931 2354 evadant,
1983 2287 2324 2358 deduxeris,
2369 2295 2425 2346 et

770 2382 838 2434 ut
883 2380 1127 2434 sanctos
1172 2376 1343 2433 decet
1397 2378 1618 2447 vivant,
1670 2375 1976 2446 erudieris,
2027 2377 2144 2433 illic
2196 2379 2424 2436 colloca

769 2467 833 2524 in
853 2467 1107 2525 statione
1115 2467 1440 2537 justorum.
1456 2467 1530 2522 Te
1547 2465 1707 2522 enim
1728 2466 1925 2521 omnis
1946 2471 2134 2522 cretus
2152 2468 2424 2525 Christia-

769 2571 1012 2622 norum,
1043 2559 1184 2628 post
1211 2558 1401 2611 Deum
1448 2558 1506 2611 et
1532 2555 1947 2612 intemeratam
1988 2557 2118 2628 ejus
2159 2561 2418 2625 Matrem,

768 2651 1096 2720 patronum
1120 2644 1420 2701 habemus
1444 2645 1783 2701 maximum
1808 2650 1865 2702 et
1918 2645 2125 2702 salutis
2151 2646 2422 2705 defenso-

767 2753 917 2795 rem.
942 2739 1017 2794 Te
1036 2735 1223 2793 nostri
1250 2735 1455 2794 auxilii
1501 2751 1674 2792 arma
1699 2735 2064 2793 validissima
2093 2742 2148 2794 et
2203 2741 2424 2796 maenia

770 2826 1064 2884 adversus
1087 2841 1299 2882 omnes
1324 2825 1548 2896 hostes,
1581 2830 1707 2882 tam
1747 2825 1853 2898 qui
1877 2826 1938 2882 iu
1969 2826 2422 2898 intelligentiam

771 2915 1019 2988 cadunt,
1066 2932 1256 2988 quam
1284 2915 1390 2989 qui
1445 2914 1560 2971 sub
1619 2930 1884 2985 sensum,
1929 2918 2316 2989 opponimus.
2349 2923 2423 2977 Te

769 3010 991 3063 nostrae
1039 3003 1406 3063 defensionis
1466 3003 1738 3060 divinam
1795 3009 1852 3061 et
1909 3005 2424 3066 evidentissimam

771 3094 1250 3155 circumferimus
1296 3095 1732 3169 gloriationem.
1766 3097 1873 3152 Per
1914 3099 1970 3154 te
2006 3095 2212 3155 ﬁdeles
2254 3115 2425 3172 reges

842 3250 890 3288 “
920 3250 1064 3309 Tob.
1091 3265 1257 3309 1-x1v.

2531 1928 2804 1995 insidias,
2835 1945 2970 2001 quae
3005 1928 3296 1985 adversus
3337 1945 3449 1985 nos
3479 1933 3719 1986 structas
3762 1935 3923 1988 sunt.
3971 1930 4186 1999 Evelle,

2531 2033 2668 2090 quae
2699 2016 2776 2074 ab
2798 2017 3041 2074 inimico
3069 2021 3198 2074 sata
3219 2022 3356 2074 sunt
3376 2018 3603 2075 zizania
3619 2018 3681 2075 in
3712 2035 3860 2090 agro
3889 2018 4186 2077 Ecclesiae.

2533 2105 2732 2177 Purga
2763 2106 2888 2163 veri
2917 2106 3102 2163 Patris
3127 2106 3385 2164 familias
3437 2111 3494 2164 et
3542 2107 3777 2164 Domini
3832 2112 4184 2165 sementem.

2533 2197 2851 2269 Oppugna,
2883 2202 2940 2252 et
2972 2195 3306 2266 ignominia
3336 2195 3528 2264 αωοβ,
3584 2201 3642 2254 et
3678 2197 3939 2254 dissolve
3995 2202 4187 2256 coetus

2531 2301 2742 2342 eorum
2762 2287 2866 2359 qui
2894 2286 3050 2344 male
3082 2287 3365 2353 sentiunt,
3398 2291 3456 2344 et
3479 2291 3618 2344 sunt
3640 2287 3829 2361 impii.
3887 2291 4003 2345 Nos
4057 2303 4190 2361 per-

2530 2379 2710 2448 petuo
2742 2375 3035 2432 conﬁrma
3063 2380 3121 2432 et
3149 2374 3476 2433 corrobora
3521 2375 4023 2434 intercessionum
4062 2382 4189 2435 tua-

2528 2480 2664 2522 rum
2686 2465 3137 2522 defensionibus
3167 2465 3246 2522 ad
3269 2465 3404 2537 hoc,
3429 2469 3494 2523 ut
3518 2466 3665 2523 citra
3683 2465 4187 2539 impedimentum

2528 2553 2822 2612 faciamus
2854 2554 3226 2613 Dominicam
3265 2560 3325 2611 et
3367 2553 3638 2612 divinam
3683 2555 4089 2614 voluntatem:
4125 2560 4191 2614 ut

2529 2659 2637 2716 per
2651 2649 2812 2700 tuam
2832 2644 3273 2716 providentiam
3291 2643 3774 2702 etdefensionem
3790 2643 3958 2715 digni
3972 2644 4183 2714 habiti,

2530 2732 2635 2806 qui
2655 2733 2842 2790 vitam
2872 2749 3133 2805 agamus
3161 2733 3224 2790 in
3263 2734 3507 2791 veritate
3537 2738 3594 2791 et
3621 2734 3869 2805 justitia,
3901 2749 4189 2807 assequa-

2531 2838 2669 2878 mur
2698 2827 2919 2880 aeterna
2950 2824 3165 2881 Christi
3193 2823 3358 2882 bona
3377 2824 3440 2880 in
3478 2838 3668 2895 regno
3694 2824 4001 2895 ccelorum,
4037 2839 4182 2895 gra-

2531 2911 2612 2968 tia
2640 2917 2697 2967 et
2719 2912 3126 2970 misericordia
3155 2913 3390 2970 Domini
3419 2912 3605 2970 nostri
3630 2913 3773 2970 Jesu
3802 2913 4032 2981 Christi,
4085 2913 4188 2970 cui

2533 2999 2723 3072 gloria
2744 3006 2801 3060 et
2830 3002 3100 3075 potentia
3131 3003 3193 3060 in
3215 3002 3437 3062 saecula
3456 3002 3837 3061 saeculorum.
3864 3009 4073 3060 Amen.

768 3455 4192 3496 Μ

2103 3626 2294 3682 ΑΝΝο
2334 3625 2584 3684 DOMINI
2623 3626 2850 3684 MCCXL
2939 3645 2941 3647 ‘

981 3855 2181 4026 MANUELIS
2406 3855 3958 4026 CHARITOPULI

2125 4184 2242 4249 ΟΡ.
2290 4185 2817 4247 PATRIARCHIE

1647 4368 2126 4433 SOLUTIONES
2171 4369 2668 4443 QUARUMDAM
2712 4369 3271 4448 QUxESTIONUM,

2006 4558 2107 4619 DE
2147 4558 2346 4619 JURE
2390 4557 2938 4657 PATRONATUS.

1775 4802 1878 4864 DE
1919 4802 2510 4866 TRANSLATIONE
2553 4801 3124 4869 EPISCOPORUM.

1904 4994 2061 5058 Vide
2092 4997 2248 5059 tom.
2281 4994 2492 5070 CXIX,
2529 4995 2652 5059 col.
2688 4995 2979 5060 807-815.
