4468 6450
791 420 893 474 595
1915 413 2291 474 GERMANUS
2348 419 2394 472 ΙΙ
2453 416 2553 473 CP.

2453 416 2553 473 CP.
2617 413 3078 473 PATRIARCHA.
4092 420 4194 475 596

782 541 986 613 judice
1018 542 1320 615 Stephano
1349 543 1423 600 de
1444 543 1738 601 Altimura
1767 544 2096 600 Ponticensi
2125 544 2186 600 in
2214 543 2506 618 Panoplia
2548 545 2757 600 contra
2797 540 3060 598 schisma
3089 539 3427 594 Graacorum
3454 554 3512 612 p.
3551 543 3673 596 358.
3702 543 3873 599 FABR.
3906 543 4105 597 Exstat
4133 541 4193 598 in

795 630 929 687 cod.
962 632 1214 688 Vindob.
1246 635 1394 690 Caes.
1427 633 1611 688 modo
1635 632 1903 702 laudato,
1941 637 1997 688 et
2024 634 2206 704 Paris,
2240 633 2300 688 in
2322 633 2468 689 bibl.
2495 631 2665 706 publ.
2698 630 2829 686 cod.
2861 630 3106 694 MCCXV,
3130 642 3193 682 n.
3225 631 3276 691 3,
3309 629 3481 683 Hau.

857 723 946 776 Ill.
974 722 1060 777 De
1083 723 1462 792 purgatorio,
1496 726 1551 778 et
1581 722 1678 779 IV.
1708 723 1795 778 De
1824 723 2014 777 tribus
2060 723 2248 778 modis
2288 721 2765 779 administrandi
2797 720 3113 789 baptisma.
3156 715 3409 771 Allatius
3443 716 3482 770 Ι.
3518 732 3566 772 c.
3600 733 3735 788 pag.
3769 723 3895 774 712.

857 811 922 864 V.
960 809 1240 866 Πονηίίίῶ⁹
1257 810 1456 882 plures
1480 815 1536 866 et
1566 811 1920 876 Calecheses,
1972 828 2110 867 cum
2138 812 2385 881 epistola
2415 811 2496 868 ad
2514 809 2818 866 Nicolaum
2861 805 3348 879 grammaticum,
3386 810 3636 861 servatae
3671 807 3732 862 in
3771 807 3977 864 codice
3995 807 4198 865 Coisli-

784 896 989 958 niano,
1023 898 1196 968 cujus
1220 898 1494 954 notitiam
1520 915 1592 954 ex
1620 898 1916 954 eruditiss.
1941 898 2630 969 Montfauconicatalogo
2657 914 2795 972 pag.
2827 901 2925 954 391
2962 896 3052 952 hic
3085 910 3388 968 apponere
3421 910 3541 950 non
3573 896 3892 966 gravabor.
3927 920 3947 947 ι
4002 897 4201 954 Codex

785 986 1143 1052 CCLXXVIII,
1168 985 1311 1042 olim
1334 987 1643 1059 CCCLXIII,
1675 988 2106 1061 bombycinus,
2137 1005 2232 1045 xw
2262 989 2490 1046 circiter
2537 987 2760 1057 saeculi,
2791 986 3070 1043 foliorum
3121 989 3243 1040 236.
3302 984 3498 1043 Sancti
3525 986 3802 1042 Germani
3843 986 4200 1059 patriarchas

792 1074 898 1130 ΟΡ.
927 1076 1243 1132 Sermones
1269 1076 1621 1132 ethomilias.

861 1187 880 1211 ι
929 1162 1044 1218 F01.
1079 1167 1129 1219 4.
1167 1165 1220 1221 S.
1259 1165 1539 1221 Germani
1604 1165 1868 1238 archiep.
1904 1167 2004 1222 CP.
2037 1167 2374 1222 Sermones.
2434 1166 2665 1222 Primus
2691 1167 2751 1223 in
2811 1164 3186 1222 ordinatione
3215 1164 3344 1234 ejus
3366 1163 3426 1220 in
3457 1163 3862 1237 patriarcham
3890 1165 3996 1221 CP.
4029 1164 4155 1221 init.
4186 1180 4200 1220 :

786 1252 945 1304 Πάλιν
1002 1252 1079 1303 ἐπ’
1123 1256 1210 1325 ὶμὶ
1273 1260 1487 1328 χρίσμα
1533 1259 1623 1307 καί
1665 1261 1886 1326 πνεῦμα.
1923 1255 2093 1310 FABR.
2143 1256 2246 1311 Hic
2293 1260 2350 1311 et
2379 1271 2550 1328 seque

2439 1271 2638 1328 :quens
2688 1256 2906 1328 aliique
2955 1269 3264 1310 sermones
3305 1258 3586 1326 quatuor,
3633 1269 3741 1309 nec
3770 1269 3891 1310 non
3914 1254 4091 1326 epist.
4120 1253 4203 1309 ad

786 1340 1082 1413 papulum
1115 1341 1277 1415 Cpol.
1304 1347 1630 1416 postquam
1663 1343 1985 1416 episcopus
2013 1343 2203 1400 factus
2228 1350 2405 1411 esset,
2440 1349 2496 1400 et
2524 1344 2777 1418 epistola
2803 1344 2882 1401 ad
2912 1345 3229 1400 Nicolaum
3255 1344 3733 1413 grammaticum,
3763 1343 3866 1416 qui
3897 1343 3976 1398 ad
3999 1347 4203 1416 partes

783 1430 1296 1487 Musulmanorum
1323 1433 1657 1502 transierat,
1707 1437 1762 1488 et
1787 1433 2007 1504 scripta
2037 1434 2440 1503 ignominiosa
2465 1438 2670 1489 contra
2694 1432 3087 1490 orthodoxam
3113 1431 3298 1487 ﬁdem
3323 1432 3691 1503 vulgaverat,
3722 1435 3935 1504 postea
3951 1448 4091 1488 vero
4122 1430 4204 1488 ad

787 1533 1002 1574 sanam
1027 1524 1290 1575 mentem
1320 1521 1595 1587 redierat,
1620 1521 1809 1577 Oxon.
1841 1523 1901 1576 in
1932 1522 2066 1577 cod.
2099 1525 2334 1578 Barocc.
2367 1525 2582 1578 CXXXI.
2607 1555 2674 1562 —
2704 1522 2982 1579 Germani
3025 1536 3242 1588 sermo,
3275 1520 3525 1592 quando
3555 1521 4046 1592 archiepiscopus
4075 1521 4205 1593 ipse

787 1613 1173 1663 consecratus
1202 1613 1391 1676 esset;
1425 1609 1701 1680 ejusdem
1734 1626 1930 1666 sermo
1959 1611 2296 1666 indictionis
2319 1611 2518 1678 initio;
2543 1611 2818 1682 ejusdem
2845 1610 3093 1666 homilia
3121 1613 3329 1665 contra
3347 1609 3594 1665 clericos
3617 1625 3833 1665 avaros
3860 1614 3915 1665 et
3944 1623 4208 1680 paraene-

789 1695 869 1750 sis
899 1695 978 1750 ad
1002 1700 1280 1767 parentes
1309 1697 1384 1753 de
1411 1697 1650 1767 liberis;
1683 1699 1931 1754 homilia
1960 1699 2033 1754 de
2065 1715 2237 1754 sacra
2263 1700 2496 1770 synaxi,
2533 1704 2588 1754 et
2617 1700 2780 1771 quod
2813 1699 3013 1755 adhuc
3042 1698 3264 1752 durant
3293 1697 3605 1763 miracula,
3625 1699 3885 1770 denique
3919 1713 4116 1754 sermo
4141 1697 4207 1753 in

786 1784 1315 1842 Annuntiationem
1349 1789 1407 1841 Β.
1468 1787 1743 1856 Virginis,
1772 1788 1832 1843 in
1860 1789 2101 1845 Thema:
2134 1788 2273 1844 Gale
2315 1787 2448 1843 cod.
2481 1791 2654 1853 XLVI,
2680 1788 2718 1843 f.
2754 1791 2892 1844 5880
2945 1792 3058 1843 cat.
3089 1802 3238 1842 mss.
3302 1787 3471 1855 Aug].
3501 1787 3599 1842 vol
3633 1803 3698 1844 ιι.
3738 1793 3913 1842 Hm“
3941 1818 4005 1826 —
4032 1789 4088 1856 2)
4117 1789 4209 1847 Εις

791 1875 967 1944 ἀρχὴν
1000 1869 1257 1932 ινδίκτου.
1287 1875 1420 1931 Init.
1444 1880 1660 1949 Χαίρετε
1718 1881 1766 1928 ἓν
1800 1882 1975 1948 Κυρὶῳ
2004 1879 2242 1942 πάντοτε,
2303 1876 2455 1928 πάλιν
2480 1880 2555 1949 ὶρά

2446 1880 2603 1949 Vspen.
2633 1908 2701 1916 —
2732 1879 2785 1946 3)
2817 1881 2878 1931 In
2935 1875 3363 1931 Exaltationem
3400 1875 3460 1932 S.
3499 1875 3719 1931 Crucis.
3754 1876 3882 1938 Init,
3910 1875 4070 1928 Πάλιν
4101 1879 4210 1950 ἐορ-

794 1969 887 2023 τῆς
916 1967 1227 2035 μυστήριον,
1256 1968 1344 2016 καί
1381 1964 1638 2020 πάλιν.-
1668 1965 1909 2037 4)Ερὶεῑ.
1938 1971 2076 2037 post
2091 1966 2530 2021 ordinationem

2449 1982 2530 2020 3m
2561 1965 2715 2036 ejus.
2758 1966 2883 2020 lnit.
2921 1964 3226 2037 Ἀϐϐακοὺμ
3271 1964 3434 2016 πὰλαι
3498 1967 3682 2016 ἐκεῖνον
3712 1968 3798 2016 τὸν
3825 1969 3873 2016 ἐν
3919 1969 4213 2041 προφήταις

795 2051 955 2122 θαυμ.
990 2081 1056 2092 --
1078 2052 1244 2124 5)Αά
1298 2054 2014 2125 Constantinopolitanos,
2049 2060 2257 2110 contra
2304 2054 2550 2124 Bogomi

2448 2054 2668 2110 )milos.
2701 2055 2850 2111 linit.
2903 2055 3129 2126 Ἀνάγκη
3163 2054 3320 2107 ἐλθεῖν
3351 2056 3417 2106 τά
3441 2050 3730 2106 σκάνδαλα.
3768 2053 3960 2126 [Conf.
4002 2053 4212 2109 Schro-

791 2138 965 2197 eckh.
995 2139 1128 2195 libr.
1152 2141 1250 2197 cit.
1277 2145 1422 2198 tom.
1457 2145 1561 2212 XX,
1592 2159 1656 2215 p.
1702 2147 1826 2199 475.
1860 2146 2034 2198 HARL.
2061 2143 2082 2217 ]
2108 2175 2174 2183 —
2206 2148 2284 2212 6.)
2317 2144 2534 2198 Contra
2563 2159 2686 2211 eos,
2718 2143 2822 2214 qui
2871 2143 3235 2198 conveniunt
3259 2142 3322 2197 in
3373 2141 3706 2198 ecclesiam.
3763 2142 3872 2197 Init
3927 2138 4067 2200 Ἤδη
4122 2144 4215 2213 μὶν

795 2231 822 2281 6
852 2236 948 2290 τῆς
984 2231 1179 2303 ἠμὲρας
1227 2230 1483 2302 ὀφθαλμός
1514 2231 1673 2292 ἣλιος.
1701 2263 1768 2272 -
1797 2232 1851 2302 7)
1887 2231 2215 2287 Gratiarum
2245 2232 2398 2288 actio
2433 2249 2541 2304 pro

2449 2249 2541 2304 pro
2572 2247 2871 2288 concursu
2898 2231 3126 2303 populi,
3160 2235 3218 2287 et
3271 2237 3478 2287 contra
3515 2231 3841 2287 vanitatem
3889 2231 4042 2288 vitaz.
4086 2230 4213 2288 Init.

796 2318 1096 2389 Εὑλογμτὸς
1144 2322 1333 2392 Κύριος
1377 2324 1403 2372 6
1433 2329 1592 2373 ποιῶν
1623 2323 1914 2394 θαυμάσια.
1963 2354 2031 2360 -
2060 2323 2109 2391 8)
2137 2322 2474 2377 Gratiarum
2527 2337 2560 2376 a

2449 2338 2474 2377 1
2527 2321 2679 2377 actio
2709 2321 2784 2376 de
2817 2323 3170 2391 Sampsone,
3203 2321 3275 2376 de
3313 2319 3553 2387 Davide,
3602 2325 3659 2376 et
3684 2324 3891 2376 contra
3921 2319 4213 2380 moechos.

799 2407 928 2462 lnit.
972 2407 1206 2481 ηὨσπερ
1240 2412 1305 2461 τά
1357 2413 1405 2462 ἓν
1445 2414 1728 2485 αὐχμηρίᾳ
1789 2415 1942 2484 φυτά,
2003 2413 2123 2463 ὅταν
2175 2415 2263 2484 μὲν
2308 2408 2431 2484 αρδ.
2465 2431 2563 2450 —‘

2465 2442 2532 2450 —
2562 2415 2619 2474 9)
2677 2413 2813 2482 Πρὸς
2879 2413 3000 2470 τοὺς
3065 2412 3388 2485 ιιρωμὶνους,
3474 2413 3585 2464 etc.
3641 2409 3770 2464 lnit.
3801 2450 3814 2463 .
3841 2449 3854 2464 .
3875 2453 3885 2463 .
3911 2452 3926 2467 .
3953 2452 3964 2464 .
3995 2453 4005 2464 .
4031 2451 4043 2464 .
4070 2452 4082 2466 .
4108 2451 4120 2462 .
4145 2450 4163 2468 .
4196 2449 4210 2465 .

797 2499 867 2549 Τό
912 2505 1002 2549 τοῦ
1042 2505 1324 2570 προσώπου
1355 2501 1801 2574 ὲρύθῆμα.-1Ο)
1833 2503 1912 2555 De
1964 2501 2376 2556 misericordia
2402 2506 2458 2556 et
2482 2500 2561 2555 fut

2452 2500 2681 2556 :futuro
2702 2498 2947 2568 judicio.
2980 2498 3109 2554 lnit.
3165 2496 3490 2570 Ἐϐουλόμην
3521 2504 3610 2549 καὶ
3651 2502 3708 2550 τὸ
3738 2503 3962 2572 σήμερον
4002 2501 4216 2573 καιριὼ·

797 2605 939 2660 τιρα.
961 2619 1028 2626 —
1064 2588 1148 2657 tl)
1183 2589 1311 2653 Quo
1338 2603 1522 2660 scopo
1550 2589 1734 2645 homo
1770 2590 2145 2661 compositus
2187 2591 2378 2645 factus
2413 2590 2503 2659 sit,
2537 2605 2561 2643 e

2447 2590 2503 2659 it,
2537 2593 2646 2643 etc.
2680 2589 2815 2644 lnit.
2867 2587 3205 2660 Ἀσπάζομαί
3240 2607 3317 2658 σε,
3349 2592 3746 2662 πρωτίστητῶν.
3773 2619 3840 2627 ——
3867 2589 3959 2658 12)
3993 2590 4071 2644 De
4100 2587 4211 2644 bo-

800 2688 880 2729 no
919 2674 978 2729 in
1031 2675 1290 2731 Ecclesia
1333 2677 1565 2744 ordine,
1610 2681 1721 2732 etc.
1767 2677 1896 2732 lnit.
1943 2683 2009 2731 Αί
2049 2681 2264 2753 μητὲρες
2321 2678 2440 2730 ὃταν
2489 2680 2562 2730 ait:

2489 2676 3038 2748 άπογαλακτίζειν.--
3085 2682 3168 2748 13)
3220 2681 3298 2733 De
3339 2677 3555 2733 eodem
3611 2681 3992 2748 argumento.
4078 2677 4210 2733 lnit.

801 2758 1185 2834 Ἀδολεσχήσω
1247 2768 1338 2816 καί
1387 2765 1560 2831 πάλιν,
1627 2767 1688 2816 ἵν’
1748 2766 1892 2837 ὑμεῖς
1943 2766 2267 2837 άσχολίμ-
2329 2765 2414 2838 14)
2481 2769 2559 2821 De

2481 2769 2559 2821 De
2613 2767 3054 2840 praeparatione
3112 2767 3190 2822 ad
3264 2767 3558 2839 mysteria
3625 2767 4002 2839 accipienda.
4072 2765 4210 2822 luit.

799 2851 935 2905 Ἀλλ’
983 2849 1106 2905 οῦδὲ
1154 2857 1179 2905 ὁ
1224 2853 1440 2915 παλαιός
1487 2858 1696 2920 ἐκεῖνος,
1749 2860 1837 2906 καί
1883 2863 1944 2926 τῇ
2003 2851 2146 2927 σκιᾷ.
2174 2857 2347 2924 -15)
2406 2857 2482 2911 De
2515 2873 2563 2910 St

2457 2871 2482 2911 e
2515 2855 2993 2928 superhumerali
3067 2857 3290 2911 summi
3337 2857 3653 2928 pontificis,
3715 2861 3828 2912 etc.
3880 2856 4221 2927 1ηἱι.’ομὶν

797 2944 1008 3013 νομικὸς
1055 2943 1245 3006 ἐκεῖνος
1293 2944 1565 3018 ἱεράρχης,
1617 2949 1704 2996 καὶ
1748 2949 2070 3005 τυπικός.-
2126 2946 2208 3014 16)
2258 2947 2474 3001 Contra
2520 2945 2561 3000 ci

2460 2963 2474 3000 I.
2520 2945 2762 3001 clericos
2809 2945 3207 3016 inordinatos,
3268 2950 3379 3000 etc.
3433 2945 3562 3001 lnit.
3623 2947 3735 3002 Οὐκ
3788 2947 3952 3017 ἀφυής
3999 2947 4099 3016 ὶγὼ
4127 2948 4224 3003 τὴν

796 3048 1069 3101 magna.
1101 3060 1169 3070 —
1206 3033 1287 3099 l7)
1325 3033 1404 3086 De
1453 3047 1658 3087 amore
1713 3032 1810 3087 Dei
1841 3047 1985 3102 erga
2013 3032 2310 3102 homines,
2359 3039 2468 3090 etc.
2526 3038 2560 3089 ll

2463 3077 2468 3088 .
2526 3034 2654 3089 lnit.
2711 3037 2796 3094 Τίς
2855 3039 2883 3092 ἡ
2938 3055 3175 3109 τυραννις
3216 3038 3275 3093 ἦν
3319 3039 3372 3087 ἐκ
3430 3043 3520 3095 τῆς
3546 3038 3673 3107 πρὸς
3705 3037 3947 3106 ύμᾶς.-
3977 3036 4060 3105 18)
4091 3020 4227 3090 P03t

793 3116 1052 3174 reditum
1095 3133 1168 3174 ex
1200 3119 1405 3191 Lydia,
1458 3123 1514 3176 et
1562 3120 1637 3176 de
1669 3119 2172 3178 condemnatione
2203 3122 2461 3177 haeretici
2495 3125 2557 3179 Le

2459 3172 2461 3177 ,
2495 3124 2737 3180 Leontii.
2772 3124 2898 3180 lnit.
2940 3128 3066 3178 Λὺει
3119 3143 3218 3197 μου
3278 3128 3372 3182 τὴν
3429 3123 3673 3195 ’γλῶσσαν
3714 3126 3742 3182 ἡ
3773 3131 4020 3196 παροῦσα
4055 3127 4223 3180 πανή-

790 3226 956 3281 γορις.
981 3239 1048 3248 —-
1073 3209 1158 3275 19)
1191 3209 1445 3265 Homilia
1482 3216 1863 3268 κατανυκτική,
1891 3210 2018 3265 Init.
2055 3210 2113 3262 ’11
2142 3214 2231 3283 μὲν
2295 3211 2548 3283 άπολογια

2450 3233 2548 3283 qm
2604 3221 2698 3275 τῆς
2732 3217 2876 3286 ian“;
2927 3216 3055 3286 ἐμῆς
3131 3222 3347 3273 σιωπῆς.
3377 3245 3437 3252 -
3470 3217 3559 3277 20)
3596 3215 3674 3269 De
3702 3217 4000 3270 conventu
4026 3211 4088 3267 in
4115 3214 4214 3268 Ec-

790 3295 1109 3362 clesia,etc.
1139 3297 1268 3353 Init.
1291 3300 1355 3354 Τί
1377 3301 1437 3350 οἷν
1460 3298 1755 3373 ἃνθορωπος
1798 3302 1953 3352 meo:
1985 3303 2397 3355 ὲπιστασίαν.-
2431 3303 2520 3367 21)
2553 3324 2554 3339 ι

2453 3303 2520 3367 Et)
2553 3284 2915 3367 Quod-Deus
2947 3284 3202 3358 multum
3233 3307 3398 3357 curet
3443 3301 3516 3358 de
3547 3302 3916 3367 hominibus,
3949 3305 4058 3358 etc.
4089 3300 4217 3358 luit.

789 3390 908 3460 Φέρε
966 3383 1025 3439 δὲ
1082 3391 1172 3439 καὶ
1223 3387 1376 3440 πάλιν
1425 3390 1509 3441 ἐπὶ
1561 3392 1647 3441 τὸν
1704 3394 2063 3462 τεχνίτην.--
2113 3394 2204 3457 22)
2245 3391 2388 3445 Cum
2435 3393 2553 3447 Can

2457 3390 2743 3447 Ianicleus
2809 3391 2892 3464 (α)
2943 3391 3269 3448 diaconum
3325 3391 3634 3463 percussit.
3693 3391 3820 3447 lnit°
3880 3391 3950 3443 Ὠ
4001 3386 4221 3462 ’γλυκεῖα

787 3473 926 3545 ὄψις,
984 3484 1023 3527 ῶ
1081 3477 1560 3548 γάνοςψυχῆς.-
1609 3482 1700 3546 23)
1751 3481 1830 3535 De
1897 3478 2110 3534 eodem
2168 3479 2465 3535 Canicleo.
2537 3483 2551 3534 l

2455 3522 2465 3533 .
2537 3483 2660 3546 lnit.
2721 3481 2880 3554 Οῖμοι
2946 3485 3064 3554 ἐγὼ,
3116 3501 3301 3555 μητιρ,
3371 3486 3440 3543 ὡς
3484 3502 3596 3534 τινα
3651 3501 3714 3554 με
3777 3481 3966 3543 ἔτεκες.
4004 3511 4069 3521 -—
4123 3483 4213 3546 24)

784 3562 876 3618 Ad
909 3564 1226 3638 populum,
1255 3566 1423 3638 quod
1447 3583 1571 3624 non
1603 3569 1787 3623 semel
1812 3584 1919 3641 per
1950 3567 2398 3624 hebdomadem
2434 3568 2512 3624 ad
2545 3571 2775 3643 vigilias
2825 3572 2886 3627 in
2937 3571 3252 3627 ecclesiam
3301 3576 3687 3628 concurrant.
3723 3571 3853 3627 Init.
3900 3573 3962 3626 Ti
4001 3589 4144 3636 ποτι,
4175 3569 4215 3620 ὧ

782 3659 1044 3726 ταρόντες,
1076 3655 1262 3710 οἴεσθε.
1289 3687 1357 3696 -
1387 3658 1478 3728 25)
1511 3658 1679 3722 Quod
1705 3662 1977 3730 oporteat
2007 3674 2076 3713 os
2107 3658 2463 3730 psalmodiis
2491 3675 2546 3715 sa

2449 3677 2463 3714 ς
2491 3661 2886 3716 sanctiﬁcare.
2921 3660 3030 3716 luit
3078 3663 3259 3734 Κύρίε,
3289 3662 3547 3732 ἠγάπησα
3587 3665 3889 3732 εὐπρέπεια)
3915 3658 4059 3712 οἶκον
4094 3679 4213 3728 σου,

781 3747 896 3798 κία.
919 3775 988 3783 -
1018 3745 1107 3815 26)
1138 3747 1201 3800 ln
1229 3745 1593 3817 parabolam
1619 3762 1810 3802 ccenze
1842 3746 2008 3818 apud
2039 3749 2284 3802 Lucam.
2327 3751 2453 3803 lmt.
2477 3747 2545 3819 Ἐ

2451 3789 2453 3798 ,
2477 3747 2631 3820 Ἔχει
2671 3735 2761 3821 μὲν
2790 3757 2884 3812 τῆς
2931 3749 3265 3821 mnam;
3319 3758 3604 3824 περικοπῆς
3639 3758 3735 3811 τῆς
3759 3753 4004 3825 σήμερον.
4032 3780 4099 3789 -
4121 3741 4215 3806 27)

785 3832 1126 3889 Gratiarum
1170 3835 1344 3900 actio,
1397 3836 1563 3908 quod
1588 3836 1860 3892 inciderit
1882 3836 1942 3891 in
1975 3837 2258 3892 morbum
2306 3837 2365 3892 in
2414 3838 2772 3894 adornanda
2799 3872 2802 3876 -
2833 3839 2948 3895 hac
2977 3838 3247 3908 homilia,
3302 3843 3360 3894 et
3398 3839 3471 3894 de
3504 3839 3802 3911 mysteriis
3829 3839 4040 3894 sacris.
4082 3837 4216 3895 lnit.

782 3921 1172 3995 Υπολαμϐάνειν
1203 3943 1293 3997 μοι
1327 3923 1528 3992 ἔπεισα,
1568 3949 1606 3977 ω
1634 3926 1845 4001 φιλοχρ.
1873 3957 1940 3965 -
1971 3926 2060 3996 28)
2092 3926 2344 3982 llomilia
2369 3929 2546 3999 μεθεόρ

2445 3929 2660 3999 mpm;
2687 3927 2899 3988 Christi
2928 3928 3276 3984 nativitatis.
3315 3929 3441 3984 lnit.
3474 3930 3580 3990 Τῆς
3609 3948 3728 4000 περι
3748 3928 3919 4000 λόγοις
3949 3947 4209 4002 μεγιστης

784 4019 1054 4085 πτωχείας
1102 4034 1233 4086 μου.
1263 4045 1328 4053 -
1368 4015 1467 4084 29)
1524 4019 1694 4072 Hom.
1765 4020 1901 4088 post
1950 4015 2168 4071 festum
2238 4016 2548 4072 Luminum

2456 4034 2582 4074 um.
2654 4017 2781 4074 Init.
2835 4017 2931 4075 ’ον
2988 4022 3176 4093 τρόπον
3239 4021 3494 4074 ἐπιποθεῖ.
3537 4050 3602 4058 -
3664 4019 3757 4091 30)
3822 4021 3916 4078 Et;
3978 4020 4043 4070 τά
4114 4019 4217 4070 άπὸ

781 4107 1129 4178 κρεωφαγίας.
1178 4103 1304 4160 lnit.
1330 4101 1473 4171 οἰδα,
1507 4110 1576 4167 ὡς
1603 4108 1652 4158 ἒν
1682 4107 1910 4179 θαύματι
1935 4110 2166 4158 κείσεται
2196 4109 2305 4166 τοῖς
2331 4106 2545 4169 πολλοιςη

2460 4125 2632 4169 οις.-
2662 4107 2754 4177 3t)
2785 4107 3038 4164 Homilia
3061 4107 3436 4180 apologetica
3464 4107 3538 4164 de
3559 4107 3932 4164 diuturniore
3960 4107 4218 4164 silentio.

781 4192 1006 4264 Ἀγαθὸν
1027 4214 1139 4265 μοι,
1163 4195 1241 4246 ὅτι
1271 4197 1621 4257 ἓταπείνωσάς
1650 4215 1731 4267 με,
1762 4198 1916 4256 ὅπως.
1941 4227 2008 4235 -
2041 4198 2129 4264 32)
2157 4199 2292 4251 Post
2320 4197 2545 4250 nativit:

2455 4195 2690 4251 vitatem
2733 4197 2939 4252 Christi
2962 4201 3018 4252 et
3046 4202 3184 4252 ante
3235 4197 3508 4253 Lumina.
3542 4199 3670 4251 lnit.
3736 4199 3861 4258 X6‘s;
3924 4199 4031 4258 τοῖς
4085 4197 4219 4270 λαμ-

781 4289 933 4357 προῖς
969 4283 1243 4354 γενεθλίοις
1272 4280 1384 4339 τοῦ.
1415 4315 1491 4325 ---
1523 4286 1613 4355 33)
1642 4289 1703 4340 ln
1735 4285 1996 4358 primam
2031 4285 2404 4340 Dominicam
2432 4285 2545 4356 Jejt

2451 4285 2823 4356 iejuniorum.
2868 4286 3000 4341 lnit.
3060 4287 3150 4348 Ὠς
3179 4286 3495 4358 ἐμεγαλύνθη
3563 4289 3627 4337 τά
3684 4285 3812 4359 ἓργα
3869 4305 3985 4351 σου,
4034 4288 4215 4360 Κύριε,

783 4373 966 4444 -34)
1012 4376 1075 4428 In
1120 4373 1588 4430 infanticidium.
1659 4375 1792 4430 lnit.
1855 4376 1946 4436 Τίς
2000 4379 2127 4435 Θεὸς
2160 4373 2291 4431 πλὴν
2345 4383 2433 4426 τοῦ
2494 4383 2547 4427 ΘΑ

2494 4383 2627 4427 Θεοῦ
2685 4379 2849 4447 ἡμῶν,
2901 4379 2926 4426 ὀ
2969 4380 3122 4436 Θεὸς.
3150 4406 3217 4414 —-
3250 4379 3339 4442 35)
3384 4377 3461 4429 De
3493 4374 3708 4431 eodem
3754 4375 3924 4431 festo.
3975 4376 4107 4430 lnit.
4151 4373 4221 4432 Οἰ

789 4462 1094 4536 μικρολόγοι
1140 4471 1240 4515 τῶν
1297 4468 1850 4537 ἐστιατόρων.-36)
1883 4463 2011 4518 Alia
2078 4464 2204 4518 sine
2265 4464 2458 4518 titulo.
2534 4468 2551 4518 1

2453 4507 2458 4518 .
2534 4464 2667 4519 lnit.
2726 4465 2934 4536 Ὁρᾶτε,
2992 4468 3061 4534 μὴ
3131 4468 3564 4536 καταφρονήσητε
3631 4462 3759 4523 ἐνὸς.
3796 4493 3862 4505 -
3933 4468 4023 4532 37)
4084 4463 4217 4521 Alia

787 4551 915 4608 sine
973 4551 1167 4609 titulo.
1239 4552 1376 4608 Init.
1441 4555 1523 4608 Τῶ
1589 4561 1754 4628 καιρῶ
1819 4558 2128 4626 εισὴρχετο.
2203 4583 2273 4593 -
2330 4553 2420 4623 38)
2497 4557 2551 4607 In

2497 4557 2558 4607 In
2627 4553 2886 4624 primam
2963 4552 3335 4608 Dominicam
3418 4551 3821 4628 Jejuniorum.
3900 4553 4035 4608 lnit.
4129 4553 4217 4615 Ὠς

791 4641 1040 4714 ἀγαπητά
1064 4644 1128 4694 τά
1159 4647 1478 4715 ακηνὼματα
1507 4645 1600 4699 σά.
1640 4624 1706 4683 4
1739 4645 1827 4714 39)
1862 4647 1922 4697 In
1957 4641 2288 4698 secundam
2345 4645 2555 4709 Βοωιη

2455 4642 2717 4709 niqicam
2765 4641 3162 4712 Jejuniorum.
3206 4641 3336 4696 lnit.
3406 4641 3654 4696 Ἠνυσται
3686 4624 3777 4714 μή
3817 4638 3935 4694 ἰδοὺ
3970 4645 4062 4694 σὺν
4104 4649 4219 4695 Θεῶ

793 4737 883 4784 καὶ
904 4734 965 4790 ἠ.
991 4763 1059 4773 -
1088 4734 1177 4802 40)
1208 4736 1272 4788 ln
1303 4733 1533 4788 tertiam
1568 4733 1943 4788 Dominicam
1971 4731 2370 4802 Jejuniorum.
2402 4732 2536 4786 lnit.

2455 4732 2536 4786 llt.
2580 4732 2643 4783 ’ll
2667 4735 2755 4804 μὲν
2773 4741 2872 4782 τῶν
2901 4730 3226 4802 anqanva
3249 4735 3486 4804 πανὶερος
3519 4730 3720 4802 βιϐλος.
3745 4762 3812 4771 —
3834 4735 3924 4796 41)
3949 4730 4014 4786 In
4037 4747 4219 4804 quar-

795 4827 920 4878 tam
969 4821 1315 4877 )ominicam
1343 4821 1859 4892 Quadragesimoe.
1896 4821 2027 4876 lnit.
2066 4824 2147 4891 Τῷ
2173 4829 2338 4894 καιρῷ
2380 4823 2553 4872 enim

2457 4824 2553 4870 τίνώ
2583 4822 2853 4895 ἅνθρωπός
2890 4841 2991 4882 τις,
3022 4853 3090 4861 -
3119 4822 3210 4889 42)
3235 4825 3294 4874 In
3343 4821 3618 4892 quintam
3662 4819 4035 4876 Dominicam
4058 4821 4221 4891 Jeju-

799 4912 1063 4969 niorum.
1106 4911 1238 4967 lnit.
1282 4910 1389 4964 Τὸν
1438 4913 1528 4982 μὶν
1561 4909 1628 4970 δὴ
1661 4921 1752 4972 τῆς
1809 4912 2388 4985 τεσσαρακονθημερου.
2418 4939 2491 4950 —
2555 4930 2563 4953 ι

2460 4939 2491 4950 -
2555 4912 2643 4981 43)
2680 4910 2744 4964 In
2813 4911 3182 4966 Dominicam
3247 4914 3384 4965 ante
3439 4910 3835 4978 nativitatem,
3896 4915 3952 4966 et
4000 4910 4062 4966 in
4101 4915 4224 4966 tres

801 5016 1048 5075 pueros.
1116 4997 1334 5058 Ἐπειδὴ
1398 5001 1923 5076 πολυανθρωπὸτιρον
1969 5005 2195 5073 σήμερον
2248 5005 2305 5052 τὸ
2354 5000 2565 5074 ἂθροισι

2463 5019 2645 5072 οισμα.
2674 5029 2741 5038 -
2796 4998 2888 5068 44)
2945 4998 3112 5065 Quod
3173 5014 3295 5054 non
3332 4999 3407 5054 sit
3435 4998 3847 5055 accedendum
3877 4998 3955 5054 ad
3987 4998 4227 5056 divinos

801 5097 859 5149 et
900 5091 1396 5164 prestigiatores.
1471 5092 1583 5147 lnit
1633 5094 1826 5166 Χριστὶ
1883 5091 2012 5153 ἄναξ
2070 5092 2494 5162 αύτοσυμπαθὶς,
2558 5111 2565 5141 ι

2465 5111 2494 5155 ;,
2558 5092 2949 5143 αύτὸνυκτε.--
2999 5089 3091 5160 45)
3141 5092 3202 5144 In
3264 5089 3433 5145 tertia
3491 5088 3800 5145 Dominica
3853 5088 4229 5159 Jejuniorum

800 5185 858 5238 et
880 5182 942 5238 in
962 5185 1235 5238 sanctam
1265 5182 1532 5237 Crucem.
1574 5181 1705 5237 lnit.
1740 5178 1879 5236 Ἰδοὺ
1921 5186 1950 5239 ὴ
1983 5179 2129 5238 κλίνη
2167 5180 2406 5253 Σαλομὼν
2453 5179 2564 5242 ἐξῆν

2466 5179 2704 5242 εξὴκοντα
2743 5175 2984 5236 δυνατοί.
3015 5209 3084 5218 -
3115 5179 3209 5248 46)
3253 5176 3510 5235 Homilia
3541 5177 3668 5233 sine
3689 5177 3881 5234 titulo.
3909 5178 4037 5234 lnit.
4065 5176 4230 5234 Ὅταν

802 5267 1383 5346 στρατοπεδευσάμενον
1424 5269 1649 5324 ἐνταῦθα
1673 5266 1894 5325 κατίδω.
1927 5293 1955 5320 ››

853 5561 950 5692 ἑο)
980 5562 1041 5620 Ὀ
1090 5559 1411 5630 Κανίκλιιος,
1454 5558 1550 5616 vel
1580 5563 1605 5612 ό
1632 5557 1920 5626 Κανὶκλης,
1954 5557 2046 5614 vel
2077 5561 2102 5610 6
2133 5556 2444 5612 Κανικ).είων
2557 5572 2617 5612 en

902 5635 1194 5692 vzantinis
1243 5632 1636 5692 scriptoribus
1677 5632 1726 5687 is
1760 5629 2096 5692 appellatur
2134 5631 2238 5692 qui
2273 5631 2439 5686 cani-
2555 5635 2617 5684 ta

2557 5556 2715 5613 enim
2740 5555 2911 5625 illud,
2935 5555 3312 5620 caniculum,
3345 5569 3388 5628 pa
3419 5553 3706 5610 caniculis
3744 5551 3964 5612 ﬁctitiis
3993 5558 4226 5612 susten-

2555 5629 2961 5684 tabatur.Vide
2993 5627 3269 5683 Villoison
3300 5625 3362 5683 in
3382 5626 3694 5684 Anecdotc's
3720 5626 3823 5682 Gr.
3857 5631 4008 5683 tom.
4046 5629 4117 5684 ll.
4161 5645 4224 5692 p.

791 5652 828 5692 a
853 5626 1194 5708 By'zantinis
1243 5626 1636 5708 scriptoribus
1677 5632 1726 5687 is
1760 5629 2096 5708 appellatur
2134 5631 2248 5708 qui
2273 5631 2439 5708 σᾳτιί-
2555 5629 2961 5708 tabaturNide
2993 5627 3269 5683 Villoison
3300 5626 3694 5684 inAnecdotc's
3720 5626 3823 5682 Gr.
3857 5631 4008 5683 tom.
4046 5629 4117 5684 ll.
4160 5645 4224 5704 p.

791 5703 949 5776 culo,
989 5707 1113 5762 sive
1167 5703 1503 5763 atramento
1559 5703 1939 5776 imperatoris
2005 5707 2276 5778 praeerat.
2329 5704 2438 5759 Vas
2551 5703 2642 5757 72.
2685 5703 2889 5760 llAltL.
