4468 6450
801 382 905 436 599
1980 372 2291 430 GERMANI
2328 375 2377 430 II
2415 373 2516 430 (ΞΡ.
2557 374 3038 432 PATRIARCHE.
4108 378 4211 432 600

797 523 954 565 τησις
1000 503 1129 576 πρὸς
1171 502 1266 558 τὴν
1315 499 1562 557 τοιαύτην
1611 497 1889 570 ὁμολογίαν
1919 503 2009 550 τοῦ
2040 499 2248 568 πάππα,
2282 501 2370 549 καὶ
2400 499 2528 570 πρὸς
2555 501 2670 558 τοὺς
2700 497 2790 549 ὑπ’
2827 497 3019 551 ἐκείνου
3043 499 3320 563 σταλέντας
3342 505 3747 576 Φρεμσνουρίους
3769 502 3852 573 (a)
3882 504 3973 552 καὶ
4000 498 4213 561 λοιποὺς

796 599 1039 668 περὶτῆς
1077 591 1426 664 ἐκπορεύσεως
1453 595 1545 641 τοῦ
1587 588 1741 660 ἁγίου
1773 591 2088 660 Πνεύματος.
2132 589 2295 642 Hanc
2335 587 2535 642 Latine

2448 587 2535 642 ine
2572 586 2837 656 vulgavit
2879 587 3070 644 Lucas
3117 589 3506 660 Waddingus
3534 591 3596 646 in
3625 589 3958 645 Annalibus
3989 588 4212 644 ordinis

795 685 1108 742 Minorum.
1171 679 1473 735 diversam
1529 695 1565 734 a
1635 678 1833 749 priore
1890 676 2169 734 Germani
2237 674 2457 747 scripto
2523 675 2598 730 de
2655 677 3038 748 processione
3099 679 3351 750 Spiritus
3405 679 3598 734 sancti
3653 678 3820 750 quod
3877 693 3950 733 ex
4005 676 4214 732 Allatio

797 771 980 847 paulo
1017 774 1153 826 ante
1193 766 1547 836 memoravi,
1600 766 1883 838 illiusque
1928 764 2110 820 veluti
2152 779 2394 820 summa
2437 779 2508 818 ac
2549 766 2999 836 compendium.
3049 767 3260 822 Confer
3308 767 3669 824 Altimuram
3717 782 3862 839 pag.
3911 770 4036 834 359,
4084 768 4211 825 360.

797 860 1113 929 Ραηορίίεε
1153 863 1366 914 contra
1396 856 1655 912 schisma
1683 857 2058 911 Graecorum.
2092 855 2267 910 FABR.
2300 853 2467 908 Edita
2497 857 2585 909 est
2615 855 2810 909 Graace
2843 869 2915 910 ex
2946 854 3082 910 cod.
3117 857 3388 912 Caesareo
3420 855 3756 912 Vindobon.
3789 871 3825 911 a
3858 857 4061 910 Franc.
4105 856 4211 910 Ca-

795 949 924 1006 rolo
954 948 1168 1013 Altero,
1205 945 1282 1001 ad
1315 944 1542 1000 calcem
1575 943 1696 999 edit
1719 943 1891 998 libri:
1941 946 2204 1017 Χρονυκόν
2250 947 2507 1014 Γεῷργίου
2547 958 2559 984 ε

2449 962 2507 994 ου
2547 943 2806 1015 Φραντζῆ,
2853 949 2963 999 etc.
2997 943 3332 1000 Vindobon.
3367 949 3560 1000 Austr.
3595 946 3753 1010 1796,
3787 943 3912 1010 ἰοΙ.,
3945 957 4084 1015 pag.
4112 943 4211 998 139

798 1054 923 1111 seq.
955 1035 1217 1105 Gregorii
1237 1036 1435 1094 ἕκθεσις
1463 1065 1529 1073 -
1562 1033 1749 1088 missa
1781 1032 1856 1087 ad
1892 1033 2275 1087 Germanum.
2307 1032 2372 1085 In
2399 1031 2548 1086 ﬁne:

2450 1047 2548 1086 ne:
2583 1033 2878 1107 ὑπογραφαὶ
2907 1041 3004 1086 τῶν
3044 1032 3478 1108 ἁποκρισιαρίων.
3509 1036 3652 1104 Pag.
3687 1036 3785 1088 140
3816 1048 3983 1104 seqq.
4016 1030 4214 1103 sequi-

798 1132 894 1184 tur
916 1123 1192 1183 Germani
1223 1129 1277 1179 et
1303 1121 1519 1194 synodi
1551 1138 1689 1176 cum
1720 1121 1817 1177 illo
1839 1121 2174 1192 responsio,
2207 1120 2244 1175 f.
2284 1119 2597 1190 ἀπάντησις,
2630 1126 2762 1191 etc.,
2795 1123 2854 1177 in
2885 1138 3006 1194 qua
3038 1122 3225 1178 multa
3254 1127 3310 1179 et
3351 1138 3663 1179 sacrorum
3703 1126 3757 1177 et
3783 1121 4214 1177 ecclesiastico-

798 1233 936 1274 rum
966 1214 1325 1286 scriptorum
1348 1213 1484 1268 loca
1515 1210 1981 1281 testimoniaque
2013 1208 2360 1266 afferuntur.
2385 1212 2449 1264 In
2479 1210 2707 1282 praefat.
2746 1215 2948 1267 autem
2982 1226 3117 1284 pag.
3157 1228 3195 1267 ιι
3238 1227 3366 1285 seq.
3398 1211 3580 1270 Alter.
3608 1211 3731 1282 agit
3754 1209 3829 1266 de
3859 1209 4041 1266 codd.
4076 1208 4215 1264 Vin-

799 1303 1136 1361 dobonensi
1169 1305 1350 1374 atque
1371 1299 1676 1356 Vaticano.
1704 1301 1880 1355 HABL.

873 1432 940 1484 ΙΙ.
981 1427 1264 1484 Homilim
1303 1425 1507 1481 variae.
1561 1425 1615 1495 1)
1672 1425 1743 1479 In
1787 1423 2050 1493 infantes
2094 1424 2590 1481 Betlehemiticos.

2451 1425 2590 1481 i008.
2643 1431 2817 1496 Κυροῡ
2855 1431 3116 1498 Γερμανοῦ
3169 1426 3240 1487 εἰς
3287 1431 3381 1485 τὴν
3423 1431 3628 1499 σφαγὴν
3659 1434 3757 1479 τῶν
3789 1427 3952 1496 οἶγίων
3997 1429 4214 1496 νηπίῶν,

802 1523 892 1572 καὶ
958 1518 1029 1579 εἰς
1102 1521 1194 1573 τὴν
1265 1513 1435 1590 ἀρχὴν
1494 1520 1585 1566 τοῦ
1644 1515 1778 1565 κατὰ
1839 1515 2052 1588 Μάρκον
2121 1513 2456 1585 Εὐαγγελίου,
2527 1513 2979 1587 ἀναγινωσκομένη
3053 1523 3288 1588 κυριακῇ
3353 1520 3454 1590 πρὸ
3516 1524 3615 1568 τῶν
3683 1521 3887 1570 Φώτων.
3955 1514 4214 1586 Incipit:

800 1613 894 1669 Τίς
924 1610 1053 1668 Θεὸς
1083 1605 1213 1664 πλὴν
1245 1612 1337 1657 τοῦ
1365 1610 1499 1656 Θεοῦ
1529 1605 1696 1676 ἡμῶν.
1734 1605 1929 1659 Graece
1955 1619 2027 1658 ex
2065 1603 2270 1658 codice
2300 1606 2564 1674 Augusta

2449 1606 2648 1658 istano
2679 1602 2865 1658 edidit
2905 1604 3093 1660 David
3124 1605 3489 1660 Hceschelius
3521 1605 3672 1661 inter
3694 1603 3975 1659 homilias
4009 1619 4213 1659 sacras

801 1696 1109 1754 variorum
1155 1695 1420 1761 Patrum,
1456 1693 1739 1763 Augustae
1768 1691 1992 1747 Vindel.
2025 1693 2181 1756 1586,
2214 1707 2352 1763 pag.
2392 1693 2639 1747 154-181.
2669 1692 2841 1748 FABR.
2868 1695 2946 1748 De
2974 1693 3254 1749 Germani
3279 1693 3541 1750 homiliis
3567 1697 3624 1750 et
3652 1693 3829 1749 codd.
3863 1693 3925 1748 in
3954 1690 4210 1747 bibloth.

803 1785 1029 1855 Anglice
1056 1782 1396 1850 asservatis,
1428 1781 1490 1836 in
1520 1781 1742 1853 quibus
1767 1780 1880 1837 illae
1904 1780 2140 1853 aliaque
2161 1780 2435 1838 Germani
2457 1780 2676 1852 scripta
2697 1785 2948 1848 exstant,
2975 1782 3215 1854 copiose
3242 1783 3364 1852 agit
3385 1783 3600 1838 Oudin.
3635 1781 3672 1838 1.
3705 1798 3754 1837 c.
3783 1785 3926 1837 tom.
3961 1783 4050 1836 ΙΙΙ.
4076 1794 4216 1852 pag.

803 1879 860 1931 61
891 1891 1022 1946 seq.
1064 1902 1127 1914 —
1160 1877 1219 1928 In
1248 1871 1380 1927 cod.
1412 1874 1744 1941 Augustan.
1779 1870 1947 1925 Vind.
1983 1870 2315 1926 secundum
2349 1870 2569 1925 Reiseri
2599 1869 2857 1925 indicem
2878 1888 3019 1926 mss.
3045 1871 3189 1927 bibl.
3217 1875 3604 1941 Augustanee,
3635 1886 3774 1943 pag.
3806 1875 3860 1939 8,
3894 1886 3952 1925 n.
3986 1872 4222 1936 20,sunt

805 1969 1035 2037 septem
1068 1976 1378 2018 sermones
1402 1960 1702 2026 Germani,
1735 1959 1997 2031 archiep.
2029 1959 2317 2031 Cpolitani
2341 1979 2352 2013 :
2378 1961 2425 2029 1)
2454 1959 2527 2014 [η
2561 1961 2945 2028 sepulturam
2971 1961 3226 2029 Christi,
3259 1961 3454 2016 dictus
3481 1961 3577 2016 die
3613 1959 3815 2030 magni
3851 1957 4129 2025 Sabbati;
4165 1958 4218 2028 2)

803 2055 877 2110 In
907 2053 1338 2109 annuntz’anem
1373 2051 1598 2121 Marie;
1630 2048 1685 2120 3)
1719 2049 1788 2104 In
1816 2050 2075 2118 primam
2093 2051 2469 2119 jejuniorum
2493 2049 2888 2115 Dominicam,
2921 2050 3117 2121 deque
3148 2050 3485 2118 imaginum
3513 2049 3882 2105 restitutione
3911 2065 3924 2114 ;
3953 2050 4006 2118 4)
4035 2049 4105 2101 In
4128 2061 4223 2103 ve.

804 2144 1174 2200 nerationem
1199 2141 1448 2208 viviﬁca:
1473 2139 1687 2208 crucis,
1718 2137 1912 2193 dictus
1946 2142 2206 2210 tempore
2233 2138 2442 2209 jejunii
2475 2138 2562 2206 ;5)
2592 2139 2674 2193 De
2695 2139 3056 2207 infantibus,
3078 2139 3150 2193 ab
3181 2139 3411 2195 Herode
3442 2140 3683 2207 occisis;
3718 2139 3770 2207 6)
3797 2140 3869 2193 In
3903 2137 4222 2194 exaltatio-

805 2248 938 2289 nem
958 2236 1184 2287 sancta?
1208 2229 1453 2300 Crucis,’
1478 2229 1533 2297 7)
1566 2229 1637 2282 In
1668 2227 2042 2282 Dominicam
2073 2233 2212 2282 ante
2236 2228 2516 2284 Natalem
2550 2227 2797 2293 Christi,
2831 2230 3020 2300 deque
3047 2230 3239 2284 tribus
3269 2230 3469 2298 pueris
3500 2231 3560 2283 in
3577 2229 3887 2298 fornacem
3921 2227 4222 2283 missis.—

805 2325 889 2378 Ex
919 2319 1198 2376 Germani
1229 2316 1612 2374 sermonibus
1640 2314 1952 2387 permultis
1982 2315 2156 2388 plura
2181 2316 2419 2386 collegit
2448 2323 2727 2389 excerpta
2756 2318 3044 2374 Macarius
3089 2317 3610 2390 Cbrysocephalus
3645 2318 3704 2372 in
3742 2331 3945 2389 opere,
3974 2311 4225 2368 Ῥοδωνιὰ

804 2411 1114 2484 inscripto,
1149 2407 1314 2481 quod
1345 2409 1539 2462 exstat
1563 2406 1626 2461 in
1655 2405 1790 2462 cod.
1823 2405 2048 2461 Veneto
2081 2404 2348 2462 CCCCLII
2380 2406 2527 2464 bibl.
2550 2409 2723 2463 Marc.
2754 2406 2900 2462 Vide
2932 2407 3235 2476 V'illoison,
3258 2407 3319 2462 in
3349 2408 3673 2463 Anecdotis
3698 2406 3939 2472 Graecis,
3977 2410 4117 2460 tom.
4152 2405 4218 2469 ΙΙ,

805 2518 865 2575 p.
898 2505 986 2556 7'2.
1022 2531 1087 2539 —
1122 2504 1184 2554 In
1214 2495 1410 2553 indice
1441 2495 1519 2551 ad
1540 2495 1701 2549 hunc
1727 2497 1978 2565 tomum,
2015 2510 2142 2549 voc.
2174 2494 2478 2565 Germani,
2511 2495 2725 2551 citatur
2755 2497 3162 2569 fragmentum
3196 2513 3268 2552 ex
3307 2495 3578 2569 quadam
3617 2494 3775 2550 illius
3823 2493 4115 2560 oratione,
4158 2491 4222 2546 in

803 2606 928 2664 qua
957 2587 1273 2662 explicatio
1295 2584 1616 2655 allegdrica
1645 2583 1877 2638 arboris
1897 2582 2078 2654 illius,
2111 2584 2172 2639 in
2194 2584 2396 2640 medio
2422 2585 2703 2658 paradiso
2735 2585 2966 2656 positae.
3002 2588 3176 2640 HARL.

875 2714 930 2784 2)
970 2712 1040 2768 In
1073 2710 1504 2768 exaltationem
1553 2707 1904 2765 venerandae
1945 2709 2160 2776 crucis,
2197 2715 2252 2764 et
2289 2716 2503 2765 contra
2541 2710 2639 2780 Βοε

2457 2725 2503 2765 ἀ
2541 2710 2898 2780 Bogomilos.
2937 2710 3019 2771 Εἰς
3073 2709 3279 2780 ὖψωσιν
3320 2716 3412 2762 τοῦ
3457 2714 3632 2782 τιμίου
3684 2716 3935 2781 σταυροῦ,
3965 2713 4055 2760 καὶ
4085 2709 4221 2759 κατά

805 2801 1121 2874 Βογομίὶων.
1153 2799 1362 2872 Incipit
1384 2796 1566 2853 εῐΙάλιν
1598 2797 1780 2870 ἑορτῆς
1804 2802 2114 2870 μυστήριον,
2148 2803 2237 2850 καὶ
2267 2797 2419 2850 πάλιν
2450 2800 2474 2850 ὁ
2507 2797 2567 2870 ἐμ.

2458 2800 2474 2850 5
2507 2797 2622 2870 ἐμὸς
2652 2799 2774 2862 λαὸς
2804 2804 3052 2874 χορευτὴς
3081 2804 3353 2872 μυστικὸς.
3380 2800 3577 2856 Graece
3607 2803 3663 2856 et
3695 2799 3895 2856 Latine
3922 2796 4222 2854 ediditJa-

805 2893 996 2950 cobus
1029 2894 1338 2948 Cretserus
1369 2893 1518 2945 tom.
1554 2889 1600 2943 ll
1630 2889 1716 2944 De
1746 2902 1938 2954 cruce,
1971 2903 2114 2960 pag.
2147 2892 2402 2946 156-173.
2438 2889 2759 2960 lngolstad.
2790 2892 2946 2956 1600,
2975 2893 3027 2944 4.

877 2983 930 3052 3)
972 2985 1038 3038 ln
1095 2979 1402 3036 viviﬁcam
1454 2993 1715 3043 crucem,
1749 2977 1918 3033 tertia
1965 2978 2338 3048 Jejuniorum
2373 2979 2638 3035 Dominic

2460 2979 2698 3035 minica.
2759 2985 2833 3036 Τῆ
2889 2983 3038 3053 τρίτῃ
3096 2985 3332 3054 κυριακῇ·
3385 2986 3483 3031 τῶν
3537 2981 3827 3045 Νηστειών,
3873 2982 3963 3030 καὶ
4014 2975 4086 3038 εἰς
4138 2978 4223 3028 τὸν

807 3073 1061 3134 ξωοποιὸν
1097 3072 1343 3142 σταυρόν.
1387 3066 1633 3140 Incipit:
1669 3062 1807 3119 Ἰδού
1838 3068 1864 3124 ὁ
1899 3065 2044 3124 κλίνη
2079 3066 2330 3139 Σολομὼν.
2368 3070 2565 3124 Graece

2457 3084 2565 3124 iace
2595 3074 2651 3124 et
2676 3068 2876 3124 Latine
2906 3067 3070 3140 apud
3102 3067 3386 3124 eumdem
3414 3070 3773 3136 Gretserum,
3795 3082 3934 3140 pag.
3969 3066 4221 3122 294-308.

875 3163 931 3230 4)
967 3161 1039 3216 In
1077 3159 1494 3216 adorationem
1536 3156 1761 3223 Crucis,
1798 3162 2061 3226 tempore
2097 3157 2282 3223 medii
2317 3159 2567 3228 Jejunii.
2600 3164 2638 3211 Ε

2462 3160 2567 3214 nii.
2600 3157 2688 3220 Εἰς
2733 3161 2826 3216 τὴν
2871 3159 3234 3232 προσκύνησιν
3263 3166 3354 3210 τοῦ
3384 3177 3558 3231 τιμίου
3591 3162 3681 3210 καὶ
3710 3157 3968 3218 ζωοποιοῡ
3992 3161 4225 3228 σταυροῦ

807 3251 855 3304 ἐν
883 3259 955 3322 τῷ
986 3257 1154 3324 καιρῷ
1184 3256 1256 3320 τῷ
1288 3250 1694 3319 Μεσονηστίμῳ.
1728 3245 1973 3318 Incipit:
2033 3247 2288 3314 Φωτίζου,
2349 3247 2571 3323 Ἰερουσο

2458 3247 2702 3320 ουσαλήμ.
2761 3249 2959 3303 Graece
3005 3251 3061 3303 et
3103 3247 3304 3304 Latine
3354 3247 3520 3321 apud
3551 3245 3836 3303 eumdem
3863 3248 4222 3310 Gretserum,

802 3357 862 3414 p.
901 3341 1159 3397 308-311.

877 3435 930 3497 5)
971 3430 1045 3486 In
1071 3428 1332 3501 primam
1360 3425 1735 3496 Jejuniorum
1773 3426 2172 3494 Dominicam,
2209 3432 2264 3483 et
2307 3428 2369 3482 in
2401 3432 2641 3482 sanctar

2463 3432 2753 3482 :nctarum
2792 3426 3124 3497 imaginum
3157 3427 3610 3484 restitutionem.
3646 3425 3727 3486 Εἰς
3757 3430 3851 3484 τὴν
3880 3430 4091 3500 πρώτην
4124 3429 4227 3477 Κυ-

801 3524 991 3594 ριακὴν
1040 3527 1139 3571 τῶν
1188 3524 1479 3582 Νηστειῶν,
1544 3519 1634 3568 καὶ
1684 3515 1752 3576 εἰς
1799 3519 1892 3574 τὴν
1939 3525 2036 3568 τῶν
2089 3517 2247 3588 ἁγίων
2294 3520 2383 3568 καὶ
2433 3523 2633 3568 σεπτών
2681 3516 2886 3569 εἰκόνων
2935 3513 3320 3574 ἀναστήλωσιν,
3388 3517 3598 3588 Incipit
3639 3534 3652 3570 :
3707 3515 3794 3576 Ὠς
3851 3513 4102 3586 ἀγαπητα
4159 3514 4226 3565 τὰ

805 3611 1128 3681 σκηνώματα
1179 3626 1294 3674 σου,
1349 3609 1507 3680 Κύριε
1553 3613 1653 3657 τῶν
1703 3601 1992 3679 δυνάμεων.
2045 3607 2242 3663 Graece
2291 3610 2348 3662 et
2391 3606 2569 3662 Latini

2456 3606 2592 3662 Ltine
2635 3605 2802 3677 apud
2848 3604 3130 3661 eumdem
3161 3607 3524 3672 Gretserum,
3559 3620 3698 3678 pag.
3724 3608 3980 3662 549-565.
4017 3606 4080 3658 In
4104 3602 4220 3658 hac

801 3713 1049 3772 quoque
1095 3695 1348 3753 homilia
1402 3693 1851 3766 Bogomilorum
1897 3695 2122 3751 mentio
2162 3710 2303 3767 pag.
2347 3698 2468 3751 552.
2514 3695 2565 3748 Ἠ

2464 3736 2468 3748 .
2514 3695 2782 3769 Ἠρώτησέ
2825 3699 2889 3767 μέ
2933 3714 3010 3756 τις
3052 3703 3153 3747 τῶν
3200 3691 3702 3768 δαιμονοπροσώπον
3751 3697 3947 3746 τούτων
4003 3696 4228 3764 Βογομί-

800 3788 917 3841 λων·
981 3789 1076 3839 Διά
1126 3790 1197 3852 τί,
1259 3784 1408 3858 φησί,
1469 3791 1807 3858 προσκυνεῖτε
1859 3789 2090 3856 τοίχους,
2153 3790 2243 3838 καὶ
2301 3780 2522 3845 σανίδας
2577 3791 2666 3836 καὶ
2719 3783 2974 3837 ἄσϐεστον
3024 3789 3114 3836 καὶ
3163 3781 3394 3858 διάφορα
3441 3791 3741 3860 χρώματας
3789 3783 3997 3839 Latine
4028 3784 4225 3838 exstat

805 3877 986 3933 etiam
1029 3891 1103 3931 ex
1148 3873 1400 3931 Gretseri
1434 3872 1708 3930 versione
1749 3872 1811 3928 in
1847 3873 2272 3946 supplemento
2323 3873 2465 3932 Bibl.
2499 3877 2739 3930 Patrum
2770 3874 3124 3931 Morelliano
3149 3874 3326 3931 Paris.
3361 3876 3519 3944 1639,
3547 3878 3693 3931 tom.
3721 3873 3764 3941 Ι,
3796 3888 3936 3946 pag.
3964 3866 4055 3941 70,
4088 3874 4143 3927 et
4168 3870 4232 3926 in

807 3965 956 4024 Bibl.
997 3965 1247 4022 Patrum
1279 3961 1618 4021 Coloniensi
1649 3977 1704 4020 a.
1744 3965 1902 4034 1618,
1935 3967 2081 4020 tom.
2116 3964 2204 4032 1X,
2241 3965 2296 4019 et
2326 3962 2388 4021 in
2421 3963 2806 4036 Lugdunensi
2841 3980 2899 4022 a.
2938 3967 3094 4033 1672,
3137 3969 3300 4022 tomo
3346 3966 3452 4022 XX.
3493 3964 3580 4036 [ΙΙ.
3615 3967 3731 4022 cat.
3763 3962 3911 4020 bibl.
3954 3959 4230 4018 Leidens.

805 4070 951 4129 pag.
983 4054 1099 4127 44].

877 4180 932 4251 6)
964 4179 1038 4234 Ῑη
1068 4176 1371 4235 Dominici
1401 4176 1670 4248 corporis
1691 4178 2088 4248 sepulturam,
2122 4183 2178 4236 et
2207 4179 2272 4234 in
2303 4194 2591 4252 magnum
2617 4181 2641 4237 ἑ

2469 4195 2591 4236 tum
2617 4181 2970 4238 Sabbatum.
3002 4183 3172 4252 Λόγος
3199 4179 3272 4243 εἰς
3299 4185 3395 4240 τὴν
3432 4183 3695 4255 θεόσωμον
3721 4184 3887 4254 ταφὴν
3913 4187 4005 4233 τοῦ
4035 4184 4233 4255 Κυρίου

805 4274 897 4322 καὶ
963 4276 1202 4344 Σωτῆρος
1267 4269 1413 4340 ἡμῶν
1481 4266 1657 4325 Ἰησοῦ
1725 4275 1981 4341 Χριστου,
2049 4268 2231 4343 ῥηθεὶς
2295 4267 2343 4321 ἐν
2409 4277 2470 4342 τῇ
2542 4271 2713 4345 ἡμέρᾳ
2772 4277 2863 4323 τοῦ
2923 4270 3150 4342 μεγάλου
3190 4269 3478 4326 Σαϐϐάτου.
3533 4270 3779 4344 Incipit:
3838 4269 4100 4325 Σάϐϐατον
4143 4274 4235 4344 μέν

807 4358 921 4412 ἐστι
968 4364 1214 4432 σήμερον.
1263 4357 1461 4412 Grmce
1507 4360 1564 4413 et
1612 4357 1814 4413 Latine
1851 4356 2114 4428 vulgavit
2165 4358 2560 4414 Combefisius
2594 4359 2789 4415 tom.I
2843 4360 3093 4416 auctarii
3131 4361 3295 4428 novi,
3322 4376 3462 4432 pag.
3494 4365 3648 4429 1469,
3687 4364 3841 4416 1524.
3877 4360 4056 4416 Paris.
4097 4363 4232 4418 1648

805 4448 908 4505 fol.
946 4448 1147 4504 Latine
1175 4462 1247 4502 ex
1276 4445 1620 4503 Combeﬁsii
1648 4447 1922 4502 versione
1950 4447 2010 4502 in
2038 4451 2180 4503 tom.
2221 4451 2303 4504 ΧΧ
2337 4448 2481 4503 Bibl.
2516 4452 2755 4504 Patrum
2779 4449 2900 4504 edit
2933 4449 3120 4519 Lugd.
3155 4455 3211 4506 et
3235 4450 3295 4505 in
3327 4451 3692 4506 Bibliotheca
3723 4453 3964 4506 Patrum
3995 4450 4233 4507 concio-

805 4537 1042 4595 natoria
1087 4535 1548 4593 Combeﬁsiana.
1601 4538 1763 4592 FABR.
1798 4536 1861 4591 In
1888 4537 2021 4592 cod.
2075 4543 2253 4593 antea
2287 4539 2463 4594 citato
2503 4542 2851 4608 Augustano
2889 4536 3117 4593 Vindel.
3148 4567 3216 4577 —-
3242 4540 3432 4594 Oxon.
3465 4538 3526 4594 in
3557 4538 3690 4594 cod.
3735 4541 3972 4594 Barocc.
4007 4539 4226 4594 CCXLI.

805 4660 874 4669 —
897 4627 1267 4683 Vindobonea
1293 4627 1354 4682 in
1379 4626 1514 4682 cod.
1549 4627 1763 4682 Ctesar.
1799 4626 1975 4692 LXIV,
2009 4642 2068 4681 n.
2098 4629 2184 4683 20.
2223 4629 2283 4682 V.
2311 4627 2586 4684 Lambeo.
2622 4628 2715 4696 ΙΙΙ,
2738 4644 2798 4700 ρ.
2827 4630 2952 4695 299,
2983 4627 3202 4683 Kollar.
3232 4659 3299 4668 -—
3331 4627 3511 4700 Paris,
3547 4627 3609 4683 in
3640 4627 3792 4683 bibl.
3835 4627 4002 4700 publ.
4037 4627 4223 4684 codd.

806 4717 1128 4786 DCCCLIV,
1158 4733 1220 4772 n.
1260 4719 1343 4782 14,
1377 4720 1434 4771 et
1458 4715 1824 4782 MCLXXXVI,
1851 4731 1912 4771 n.
1945 4720 2034 4773 22.
2065 4719 2240 4772 ΗΑηι..

879 4808 964 4880 [In
1003 4806 1438 4864 dedicationem
1484 4806 1691 4874 templi
1737 4807 1798 4861 B.
1834 4805 2068 4871 Μανίαν,
2117 4811 2226 4861 etc.
2279 4807 2459 4869 Paris,
2502 4808 2561 4863 in
2612 4806 2757 4864 bibl.
2793 4806 2958 4880 publ.
2985 4806 3166 4864 codd.
3201 4806 3530 4874 MCLXXVI,
3562 4822 3624 4862 n.
3655 4807 4132 4878 42;MCLXXVll,
4167 4821 4227 4862 n.

805 4900 894 4970 34,
920 4901 978 4954 et
1007 4895 1294 4965 MCXCIV,
1323 4896 1405 4951 11.
1434 4893 1587 4950 Add.
1627 4911 1833 4967 supra,
1868 4895 1986 4951 vol.
2012 4897 2071 4961 Χ,
2098 4911 2238 4968 pag.
2271 4901 2373 4951 285
2406 4896 2515 4952 bis.
2553 4899 2754 4970 HARL.]

879 4988 944 5043 ln
965 4985 1428 5044 decollationem
1462 4984 1660 5041 Sancti
1688 4985 1938 5040 Joannis
1973 4985 2246 5056 Baptistae
2279 4985 2591 5043 homiliam
2623 4987 2899 5044 Germani
2943 5003 2980 5043 a
3009 4986 3373 5043 Combeﬁsio
3408 4987 3632 5043 editam
3665 4986 3842 5042 tradit
3862 4985 4237 5058 praestantis-

805 5077 997 5135 simus
1025 5079 1275 5144 Caveus,
1308 5075 1520 5148 lapsus
1550 5075 1881 5131 memoria:
1925 5075 2176 5131 Andreae
2218 5076 2377 5130 enim
2419 5077 2740 5140 Cretensis,
2774 5093 2898 5133 non
2938 5076 3220 5133 Germani
3261 5093 3605 5132 sermonem
3647 5093 3718 5132 eo
3757 5076 3832 5132 de
3872 5081 4234 5148 argumento

805 5166 1205 5227 Combeﬁsius
1225 5164 1572 5239 publicavit.
1607 5165 1858 5221 Andreae
1889 5165 2067 5221 etiam
2089 5168 2197 5232 est,
2227 5180 2349 5221 non
2381 5167 2660 5223 Germani
2689 5167 3020 5224 ldiomelon
3046 5167 3107 5222 in
3141 5166 3634 5223 Annuntiationis
3664 5166 3884 5222 festum
3907 5165 3986 5222 ab
4016 5165 4232 5223 eodem

803 5260 1002 5317 Caveo
1024 5260 1450 5314 memoratum.

873 5350 964 5405 ΙΙΙ.
982 5348 1271 5420 Epistolw
1291 5347 1425 5404 duae
1446 5360 1556 5403 suo
1578 5347 1636 5403 et
1655 5344 1873 5419 synodi
1893 5345 2139 5402 nomine
2156 5344 2362 5402 missae
2380 5347 2458 5403 ad
2484 5346 2764 5418 Cyprios,
2791 5361 3111 5418 eorumque
3135 5345 3650 5417 archiepiscopum
3669 5345 4066 5419 Neophytum,
4093 5361 4234 5404 cum

870 5600 950 5674 (a)
990 5599 1079 5657 Al.
1113 5602 1535 5740 Φρερινουρίονς,
1581 5597 1833 5654 Fratres
1863 5595 2090 5654 ordinis
2131 5595 2436 5653 Minorum
2482 5595 2760 5668 intellige.
2796 5597 2883 5670 [V.
2930 5597 3017 5651 Jo.
3063 5594 3294 5652 Meursii
3340 5593 3598 5651 Glossar.
3655 5596 3748 5652 Gr.
3797 5593 4042 5652 barbar.
4093 5610 4227 5653 voc.

878 5693 1205 5740 εμηνοραιος.
1238 5716 1249 5728 .

801 5681 1249 5752 Φρεμηνοραῖος.].
