4468 6450
784 410 886 470 603

785 537 973 595 maris
1018 536 1169 594 uber
1195 538 1377 595 bonis
1405 539 1748 609 abundans,
1781 545 1838 597 et
1863 541 1922 596 in
1949 541 2083 597 loco
2111 539 2290 597 sterili
2316 539 2424 596 ho-
2455 541 2501 595 A

789 633 940 691 tum,
969 628 1295 698 salsuginis
1324 628 1522 685 solum
1569 629 1806 686 dulcem
1855 647 2106 686 succum
2143 629 2424 696 fundens,

784 715 966 772 aliam
985 715 1320 786 beatorum,
1344 717 1435 772 ins
1445 717 1601 772 ulam
1628 722 1843 774 terram
1863 718 2015 774 lacte
2037 722 2386 775 manantem
2410 733 2425 785 ;

780 820 918 877 quae
948 819 1070 860 non
1095 805 1279 861 modo
1295 821 1368 860 ex
1389 806 1589 878 seipsa
1622 806 1988 863 feracitatem
2020 822 2265 863 omnem
2293 820 2428 879 pro-

781 891 1016 957 fundat,
1049 893 1158 950 sed
1177 894 1355 950 etiam
1387 896 1636 951 externis
1666 896 1964 969 repleatur
2009 895 2207 964 bonis,
2252 897 2428 968 quot-

783 988 933 1055 quot
951 983 1234 1038 nimirum
1256 999 1363 1057 per
1378 983 1678 1056 liquidum
1704 985 1766 1040 in
1783 1001 1918 1042 eam
1941 984 2295 1041 inferuntur.

856 1076 911 1128 2.
943 1074 1076 1127 Haec
1123 1087 1304 1144 porro
1352 1072 1486 1146 ipsa
1537 1075 1784 1147 Cyprus,
1835 1079 2014 1132 antea
2057 1073 2194 1129 felix
2246 1077 2426 1144 atque

786 1159 1124 1232 splendida,
1148 1175 1272 1218 non
1288 1161 1441 1218 adeo
1462 1177 1535 1219 ex
1550 1168 1780 1220 naturai
1818 1163 1992 1219 donis
2010 1163 2264 1232 insignis
2277 1163 2423 1232 erat,

781 1249 1304 1320 quemadmobum
1327 1252 1456 1323 jam
1479 1267 1675 1308 sermo
1704 1251 2171 1325 repraesentavit,
2231 1263 2429 1322 neque

782 1353 918 1395 eam
949 1339 1284 1412 quidquam
1315 1355 1346 1396 e
1373 1341 1596 1397 caateris
1622 1342 1790 1398 aliud
1814 1345 2048 1398 tantum
2082 1340 2429 1406 decorabat,

779 1433 1075 1499 quantum
1118 1427 1246 1500 ipse
1307 1429 1539 1500 pietatis
1594 1431 1840 1498 fructus,
1891 1435 2070 1501 atque
2129 1425 2431 1496 Evangelii

780 1531 973 1585 seges,
1001 1515 1080 1572 ad
1104 1517 1453 1588 centuplum
1475 1518 1649 1574 bonis
1696 1518 1875 1591 spicis
1927 1517 2066 1583 feta,
2130 1522 2428 1589 quantum

777 1605 939 1676 lerge
971 1606 1222 1664 ﬂuentes
1268 1608 1551 1664 doctrinas
1592 1609 1819 1671 latices,
1868 1609 2430 1680 Scripturarumque

777 1693 1061 1750 ﬂoridum
1081 1701 1340 1766 pratum,
1370 1700 1427 1752 et
1463 1697 1735 1753 Ecclesia:
1785 1696 2067 1752 ﬁiliorum
2115 1693 2432 1751 maltitudo

779 1783 965 1839 instar
988 1786 1451 1853 omnigenarum
1467 1785 1792 1841 herbarum
1817 1785 1965 1856 agri;
1992 1784 2148 1840 velut
2167 1783 2429 1840 insulam

783 1872 1156 1940 innovatam,
1189 1880 1255 1931 ut
1276 1891 1415 1930 cum
1443 1875 1746 1948 Scriptura
1769 1875 1985 1948 loquar
2005 1877 2044 1940 ί,
2079 1879 2136 1930 et
2164 1872 2429 1944 quotidie
2461 1899 2504 1954 Β

783 1960 842 2016 in
865 1961 1077 2017 melius
1096 1967 1451 2019 renovatam
1471 1981 1540 2020 ac
1561 1964 1992 2036 proﬁcientem.
2017 1961 2182 2019 Unde
2204 1961 2429 2018 factum

781 2055 888 2112 est,
919 2055 984 2106 ut
1002 2051 1064 2105 in
1091 2067 1276 2107 unam
1298 2053 1701 2108 maximarum
1719 2052 2166 2124 provinciarum
2189 2065 2430 2123 promo-

777 2145 1034 2207 veretur,
1058 2146 1115 2197 et
1144 2141 1222 2197 ad
1251 2142 1800 2215 archiepiscopatus
1843 2143 2190 2198 eveheretur
2235 2139 2431 2212 digni-

779 2232 985 2301 tatem,
1013 2246 1140 2286 sors
1166 2231 1388 2287 eximia
1411 2231 1621 2288 Christi
1667 2230 1896 2297 effecta,
1958 2236 2138 2304 atque
2184 2245 2291 2302 per
2343 2245 2431 2286 se-

779 2318 1102 2390 metipsam
1113 2319 1337 2378 directa
1354 2321 1789 2394 propriumque
1803 2320 1916 2376 sub
1938 2319 2285 2393 pastoribus
2305 2318 2432 2374 suis

781 2406 1069 2464 ordinans
1102 2424 1366 2479 gregem.

854 2500 909 2555 3.
937 2497 1159 2554 Verum
1179 2513 1301 2555 non
1324 2501 1451 2556 erat
1471 2498 1702 2555 scelesti
1732 2499 1989 2565 Satanae,
2021 2499 2179 2555 hanc
2200 2497 2435 2570 absque

781 2585 1009 2644 invidia
1027 2587 1263 2657 intueri,
1293 2588 1397 2660 qui
1418 2591 1638 2644 terram
1658 2587 1921 2644 minatur
1959 2591 2138 2660 atque
2183 2602 2350 2643 mare
2371 2601 2434 2642 se

784 2675 1140 2732 deleturum.
1167 2676 1396 2734 Scilicet
1425 2682 1622 2734 armat
1675 2692 1894 2733 manus
1949 2676 2317 2742 barbaricas,
2377 2679 2435 2731 et

783 2771 1024 2836 gentem
1050 2765 1358 2823 inimicam
1382 2767 1597 2822 excitat
1617 2767 1907 2823 adversus
1934 2767 2280 2833 Ecclesiam,
2311 2766 2434 2821 imo

782 2854 1156 2925 beneﬁcam;
1198 2860 1459 2926 gentem,
1512 2872 1649 2929 quae
1692 2856 1815 2912 haec
1866 2855 2114 2928 quidem
2150 2854 2434 2910 dentibus

780 2944 1060 3009 comedit,
1092 2943 1191 3000 illa
1211 2960 1348 3000 vero
1375 2945 1680 3016 unguibus
1712 2944 2018 3008 dilacerat,
2063 2944 2184 3001 alia
2228 2948 2429 2999 autem

778 3032 1038 3106 pedibus
1066 3033 1396 3104 conculcat,
1417 3049 1784 3107 prorsusqus
1817 3034 2024 3091 omnia
2050 3033 2128 3090 ad
2145 3031 2435 3106 disperdi-

782 3125 1006 3180 tionem
1027 3127 1242 3189 vastat,
1265 3124 1438 3194 juxta
1467 3125 1723 3180 Danielis
1763 3124 2060 3181 visionem
2107 3126 2152 3178 ³.
2200 3122 2431 3179 Consti-

779 3212 905 3310 pati
952 3213 1112 3310 enim
1159 3213 1365 3279 Latini,
1419 3213 1597 3269 etiam
1663 3214 1912 3286 Cyprios
1975 3213 2168 3310 adorti
2243 3216 2428 3268 sunt:
2465 3255 2505 3310 Ο

779 3301 932 3358 alius
961 3300 1212 3374 quidam
1243 3307 1463 3373 pontus
1490 3303 1825 3358 immensus
1855 3306 1911 3358 et
1935 3302 2118 3358 obvia
2169 3317 2429 3374 quasque

775 3391 1106 3456 inundans,
1148 3392 1477 3464 conspicuo
1530 3392 1632 3448 illo
1686 3391 2068 3465 insulamque
2127 3391 2431 3448 ambiente

774 3480 1202 3552 impetuosior;
1230 3480 1730 3553 quandoquidem
1757 3482 2122 3553 conspicuus
2149 3497 2271 3537 non
2295 3496 2431 3536 eam

775 3569 1056 3640 obtegere
1085 3569 1410 3637 contendit,
1445 3570 1551 3626 sed
1583 3570 1842 3643 propriis
1873 3570 2144 3626 terminis
2175 3570 2429 3625 circum-

776 3659 1071 3727 scribitur,
1130 3659 1189 3715 in
1241 3660 1565 3732 semetipso
1616 3660 1836 3716 ﬂuctus
1908 3660 2313 3730 confringens,
2375 3664 2431 3717 et

775 3747 1068 3806 Creatoris
1091 3749 1479 3821 providentia:
1501 3749 1683 3806 frenis
1709 3749 2133 3806 obsecundans
2168 3751 2211 3807 ³.

843 3931 899 3985 4.
927 3929 1000 3984 At
1022 3929 1039 3983 l
1048 3928 1304 3985 talorum
1328 3929 1587 3985 audacia
1613 3929 1887 4002 proprias
1910 3928 2161 3986 transilit
2219 3928 2428 3986 statio-

773 4032 903 4082 nes,
931 4022 988 4074 et
1011 4016 1229 4074 ﬂuctus
1259 4017 1360 4073 iraa
1405 4017 1602 4085 volvit,
1655 4023 1822 4074 extra
1876 4017 2164 4074 terminos
2222 4017 2427 4087 currit,

774 4111 956 4179 atque
981 4107 1040 4163 in
1071 4111 1303 4163 exteros
1327 4107 1515 4163 irruit.
1550 4107 1856 4177 Ejusmodi
1878 4112 2050 4163 atrox
2107 4113 2428 4180 tempestas

774 4197 1031 4252 excitata
1061 4196 1227 4252 estin
1258 4195 1541 4269 praeclara
1562 4197 1757 4268 Cypro
1788 4213 1802 4264 ;
1862 4213 2002 4252 cum
2055 4214 2180 4270 qua
2231 4195 2430 4253 fmdus

776 4291 975 4342 servat
1006 4301 1191 4350 mare.
1215 4291 1272 4343 et
1300 4287 1560 4342 cicurem
1592 4303 1653 4341 se
1693 4286 1889 4342 reddit
1931 4287 2112 4343 unda.
2183 4287 2248 4341 1d
2285 4301 2430 4341 sane

772 4375 1087 4444 diluvium,
1137 4376 1213 4432 ad
1252 4375 1501 4448 aliquod
1557 4392 1746 4449 usque
1809 4381 2044 4448 tempus
2084 4375 2432 4432 venustiora

770 4481 1031 4540 quasque
1056 4469 1341 4540 corrupit,
1371 4472 1429 4522 et
1454 4467 1515 4522 in
1550 4472 1766 4523 terram
1792 4467 2110 4538 prostravit
2143 4481 2428 4538 quaecun-

770 4573 891 4628 que
920 4556 1286 4613 eminebant.
1337 4559 1466 4613 Mox
1501 4572 1640 4612 vero
1691 4562 1747 4612 et
1803 4556 2122 4612 hominum
2173 4571 2431 4629 corpora

773 4646 983 4716 attigit.
1017 4648 1440 4703 Verumtamen
1471 4645 1795 4702 tolerabilis
1826 4651 1953 4701 erat
1977 4645 2310 4708 calamitas,
2367 4645 2429 4700 li-

771 4741 861 4792 cet
884 4741 1042 4792 esset
1057 4735 1392 4792 admodum
1411 4736 1611 4806 gravis
1636 4755 1648 4803 ;
1670 4735 1964 4808 quoniam
1977 4734 2058 4791 ad
2075 4751 2429 4808 corpoream

772 4826 1087 4900 spectabat
1111 4842 1357 4896 noxam,
1389 4833 1443 4882 et
1464 4842 1786 4899 corporum
1808 4825 2159 4900 perniciem,
2189 4842 2325 4898 quas
2353 4825 2430 4883 ad

2463 4614 2505 4667 D

848 5009 864 5042 ¹
898 5010 1011 5065 lsa.
1044 5023 1174 5073 xxv,
1212 5009 1296 5074 16,
1374 5007 1395 5041 ³
1430 5004 1557 5062 Dan
1583 5021 1678 5073 vu,
1703 5012 1757 5074 7,
1782 5006 1869 5061 19.
1904 5005 2056 5063 3Job
2083 5021 2326 5076 xxxvm,
2355 5009 2440 5061 11.

846 5189 924 5260 (2)
952 5183 1092 5260 _Ka0'
1115 5183 1302 5260 ἑαυτὴν
1335 5180 1696 5260 διεξαγομένη.
1732 5187 1867 5260 [loc
1911 5189 1998 5260 est
2053 5185 2426 5260 gdroxégmlog.

772 5255 915 5324 Qua’
931 5257 1006 5313 de
1031 5271 1093 5312 re
1123 5255 1262 5312 vide
1287 5255 1570 5313 Allatium
1609 5259 1694 5314 De
1720 5258 2002 5314 Ecclesia
2039 5255 2438 5314 Occidentalis

771 5329 1535 5409 et_0:icn‘talis_perpbtua
1587 5331 1989 5409 consensione,
2038 5329 2141 5384 lib.
2195 5345 2235 5398 1,
2289 5344 2428 5409 cap.

769 5407 862 5470 25,
886 5407 944 5459 et
969 5399 1401 5458 Adnotationes
1425 5401 1853 5471 Beveregianas
1880 5401 1944 5457 in
1969 5415 2234 5457 canones
2264 5416 2323 5472 p.
2349 5399 2437 5468 58,

841 5550 919 5618 (3)
960 5552 1062 5600 Τοῦ
1096 5553 1195 5616 γῆν
1227 5548 1583 5616 ἁπειγοῦντος.
1637 5544 1855 5618 Habuit
1910 5544 1968 5598 in
2033 5544 2239 5599 animo
2297 5542 2442 5598 illud

772 5616 881 5675 lsﬂ.
931 5635 987 5684 ι,
1061 5619 1182 5673 14ε
1239 5621 1340 5671 Καί
1389 5623 1549 5670 σείσω
1603 5616 1773 5677 πόλεις
1848 5620 2273 5688 κατοικουμένας,
2357 5620 2447 5666 καί

770 5695 865 5750 τὴν
931 5695 1237 5762 οὶκουμένην
1295 5689 1416 5762 ὅλην
1477 5688 1844 5761 καταλήψομοι
1911 5693 2176 5762 τῆλειρὶ,
2217 5694 2281 5747 ως
2330 5706 2450 5762 νοσ-

774 5709 865 5750 την
931 5709 1237 5762 οικουμενην
1295 5709 1416 5747 οΑην
1477 5709 1844 5761 καταληψομοι
1911 5709 1971 5760 τῃ
2071 5709 2176 5761 ειρι,
2217 5709 2281 5747 ως
2330 5709 2449 5740 νοσο

774 5782 915 5832 σιαν,
950 5768 1039 5817 καὶ
1069 5768 1138 5826 ὼς
1181 5761 1620 5835 καταλελειμμενα
1673 5764 1748 5815 ώὰ
1803 5763 1916 5814 ὰσῶ
1979 5709 2066 5820 Εᾷ
2111 5760 2449 5819 concutiam

1885 414 2201 474 GERMANI
2240 415 2288 470 Il
2327 413 2433 472 ΟΡ.
2475 411 2938 470 ΡΑΤΒΙΑΒΟΗΑΞ

4034 399 4136 465 604

2543 537 2702 597 θηλὴν
2761 536 3029 596 Θαλάσσης
3087 534 3378 611 βρίθουσαν
3433 534 3666 608 ἀγαθοῖς,
3721 538 3810 588 καὶ
3866 529 3914 586 ἓν
3981 531 4136 606 ἀτρυ-

2535 631 2681 698 γήτῳ
2746 622 3089 698 παράδεισον,
3134 629 3224 677 καὶ
3293 631 3388 685 τῆς
3439 624 3610 698 ἅλμης
3650 619 3808 677 πέδον
3859 623 4135 694 γλυκύχυ-

2535 734 2651 786 μον,
2719 719 2807 767 καὶ
2859 722 3016 773 νῆσον
3071 713 3227 772 ἄλλην
3297 717 3564 789 μακάρων,
3616 718 3703 765 καὶ
3763 711 4134 786 μελιτόϐρυτον

2535 811 2650 875 γῆν
2711 802 2769 856 ού
2817 806 2969 875 μόνον
3043 800 3095 865 ἐξ
3143 802 3328 862 ἑαυτῆς
3394 806 3452 854 τό
3499 804 3767 875 πάμφορον
3838 799 4132 874 βλύσασαν,

2537 890 2664 944 ἀλλά
2744 896 2833 944 καὶ
2916 898 3024 954 τοῖς
3112 891 3291 953 ἔξωθεν
3381 890 3844 965 περιαντλουμένην
3937 892 4133 951 καλοῖς,

2536 980 2707 1034 ὁπόσα
2733 983 2897 1053 ταύτῃ
2929 983 3074 1053 παρὰ
3097 989 3193 1042 τῆς
3217 981 3382 1056 ὑγρᾶς
3403 979 3845 1033 ἐπεισϐάλλουσιν.

2609 1068 2680 1141 β’.
2717 1066 2849 1122 Ἠδε
2912 1071 2942 1127 ἡ
3015 1072 3217 1142 Κύπρος
3282 1070 3435 1139 αὕτη,
3503 1072 3532 1128 ἠ
3596 1071 3713 1142 πρὶν
3754 1063 4016 1141 εὐδαίμων
4084 1085 4140 1119 τε

2536 1163 2626 1211 καὶ
2676 1157 2908 1232 λαμπρὰ,
2978 1159 3036 1211 ού
3092 1162 3245 1211 τόσον
3310 1158 3365 1211 έκ
3421 1167 3520 1211 τῶν
3607 1165 3838 1231 φυσικῶν
3899 1162 4138 1232 χαρίτων

2539 1247 2796 1318 ἐπίσημος
2848 1244 2907 1305 ἧν
2953 1250 3017 1308 ὡς
3073 1249 3098 1299 ὁ
3145 1247 3294 1319 λόγος
3341 1244 3819 1321 προδιεμόρφωσεν,
3854 1243 3971 1299 οὐδ’
4005 1246 4140 1298 οὕτω

2539 1338 2733 1393 ταύτην
2791 1335 2912 1388 ἄλλο
2972 1356 3023 1388 τι
3079 1344 3175 1388 τῶν
3231 1337 3454 1389 ἁπάντον
3513 1335 3798 1409 ἐσέμνυνεν,
3864 1339 3930 1398 ὡς
3992 1336 4017 1386 ό
4047 1342 4141 1397 τῆς

2540 1424 2798 1487 εὐσεϐείας
2861 1424 3050 1496 μᾶλλον
3116 1429 3333 1498 καρπός,
3398 1431 3488 1478 καὶ⁹
3552 1427 3577 1477 ό
3643 1432 3735 1477 τοῦ
3819 1423 4141 1496 Εύαγγελίοῦ

2542 1518 2755 1588 σπόρος,
2815 1514 3162 1566 έκατοστεύων
3215 1515 3282 1575 εἰς
3352 1519 3640 1586 εῦσταχυν,
3699 1517 3765 1566 τὰ
3793 1533 3848 1566 τε
3905 1522 4001 1575 τῆς
4061 1508 4143 1564 δι-

2541 1599 2829 1663 δασκαλίας
2880 1603 3071 1676 εύρυτα
3119 1605 3326 1675 νάματα
3383 1609 3470 1656 καὶ
3527 1605 3557 1661 ἡ
3620 1602 3912 1663 πολυανθὴς
3951 1601 4142 1674 λειμω-

2539 1696 2623 1743 νία
2667 1700 2766 1743 τῶν
2825 1698 3059 1764 Γραφῶν,
3116 1712 3205 1745 και
3262 1694 3291 1750 ἡ
3360 1701 3460 1745 τῶν
3516 1696 3702 1744 τέκνων
3763 1700 3854 1752 τῆς
3920 1690 4141 1748 Ἐκκλη-

2545 1786 2663 1842 σίας
2716 1780 2932 1852 πληθύς,
2986 1784 3051 1842 ὡς
3097 1790 3189 1834 τοῦ
3243 1778 3406 1855 ἀγροῦ
3456 1784 3514 1834 τὸ
3577 1779 3923 1854 παμϐότανον·
3967 1783 4142 1853 ὥσπερ

2542 1878 2700 1928 νῆσον
2746 1868 3188 1943 έγκαινιζομένην,
3239 1875 3297 1923 τὸ
3357 1880 3449 1932 τῆς
3507 1877 3734 1945 Γραφῆς,
3804 1876 3893 1922 καὶ
3941 1871 4144 1942 ὁσημέ-

2543 1979 2633 2032 ραι
2687 1963 2816 2032 πρός
2863 1963 2921 2012 τὸ
2979 1967 3210 2035 κρεῖττον
3257 1962 3628 2033 ἀνανεουμένην
3677 1980 3730 2013 τε
3778 1964 3868 2012 καὶ
3921 1957 4144 2033 προϐαῖ-

2541 2067 2752 2103 νουσαν.
2813 2049 3071 2102 Ἐντεῦθεν
3130 2049 3196 2110 εἰς
3241 2055 3365 2122 μίαν
3412 2051 3663 2124 προήχθη
3729 2057 3828 2101 τῶν
3885 2053 4146 2121 μεγίστων

2541 2136 2828 2212 ἐπαρχιῶν,
2875 2144 2964 2190 καὶ
3019 2143 3148 2214 πρός
3197 2138 3623 2213 ἀρχιεπισκοπῆς
3676 2138 3878 2211 ἐπήρθη
3913 2137 4143 2208 ἀξίωμω

2540 2227 2708 2298 λάχος
2758 2230 2991 2303 ἔκκριτον
3039 2231 3401 2286 καθεστηκυῖα
3442 2235 3699 2304 Χριστοῦ,
3749 2234 3840 2281 καὶ
3882 2226 3996 2280 καθ’
4031 2227 4150 2280 ἐαυ-

2541 2321 2636 2374 την
2695 2313 3038 2390 διεξαγομένη
3101 2320 3201 2390 (2),
3279 2317 3370 2371 καί
3425 2321 3483 2370 τὸ
3542 2318 3726 2372 οἰκεῖον
3783 2319 3883 2370 ὑπὸ
3931 2320 4148 2388 ποιμέσι

2544 2402 2578 2458 δ
2585 2409 2829 2459 ιατάττου
2838 2426 2906 2460 σα
2932 2411 3190 2480 ποίμνιον,

2609 2495 2674 2566 γ’.
2725 2495 2861 2550 Ἀλλ’
2921 2500 3109 2550 οὔκουν
3158 2497 3275 2570 [An
3342 2496 3436 2550 οῦκ
3470 2494 3554 2569 ἦν]
3611 2496 3716 2572 ἄρα
3764 2503 3855 2549 τοῦ
3913 2494 4147 2566 τελχῖνος

2541 2587 2704 2637 Σατὰν
2751 2590 2821 2658 μὴ
2859 2592 2948 2638 καὶ
2983 2605 3146 2660 ταυτῃ
3194 2586 3460 2659 βάσκανον
3514 2587 3630 2658 [Αη
3669 2602 3786 2656 pro
3838 2583 4147 2658 βατιανως]

2540 2671 2745 2743 ένιδείν,
2801 2683 2892 2728 τοῦ
2949 2685 3046 2747 γῆν
3102 2675 3425 2737 ἀπειλοῦντος
3478 2677 3561 2748 (3)
3603 2675 3877 2749 ἑξαλείφειν
3917 2681 4007 2727 καὶ
4048 2675 4143 2726 θά-

2539 2763 2762 2819 λασσαν.
2834 2765 3034 2837 Ἀμέλει
3089 2770 3178 2818 καὶ
3245 2773 3434 2839 χεῖρας
3520 2765 3722 2826 ὁπλίζει
3787 2763 4142 2840 βαρϐαρικὰς,

2540 2859 2628 2906 καὶ
2690 2854 2929 2927 πολέμιον
2987 2857 3128 2918 ἔθνος
3176 2855 3417 2929 ἐπήγειρε
3472 2858 3608 2908 κατὰ
3663 2865 3758 2918 τῆς
3815 2854 4144 2920 Ἐκκλησίας,

2541 2949 2630 2995 καὶ
2681 2943 2870 3015 μᾶλλον
2931 2941 3322 3019 ύποδρηστεῦον
3377 2945 3530 3017 αὐτῇ·
3590 2946 3754 3014 ἔθνος,
3801 2946 3867 2996 τὰ
3909 2947 3999 3016 μὲν
4040 2951 4152 3006 τοῖς

2541 3028 2757 3085 ὀδοῦσιν
2807 3032 3001 3101 ἐσθίον,
3049 3036 3116 3086 τὰ
3163 3030 3220 3086 δε
3271 3036 3569 3108 σπαράσσει
3623 3041 3731 3097 τοῖς
3775 3033 3965 3103 ὄνυξιν,
4023 3032 4154 3085 ἀλλὰ

2545 3119 2606 3174 δέ
2640 3141 2768 3174 ποσι
2823 3130 3152 3195 συμπατοῦν,
3198 3129 3287 3176 καὶ
3335 3122 3509 3184 ἁπλῶς
3563 3127 3628 3176 τὰ
3654 3126 3826 3176 πάντα
3877 3127 4004 3197 πρὸς
4029 3121 4158 3194 ἁφα-

2539 3214 2724 3283 νισμόν
2774 3210 3042 3285 ἀχρειοῦν,
3111 3215 3247 3265 κατὰ
3297 3215 3384 3264 τὸν
3425 3212 3614 3271 Δανιὴλ
3648 3215 4023 3285 θεαματισμόν.
4087 3211 4156 3264 Οἱ

2539 3303 2641 3372 γὰρ
2690 3307 2908 3375 φρακτοὶ
2961 3308 3175 3355 Λατῖνοι
3227 3307 3315 3354 καὶ
3368 3304 3480 3365 τοῖς
3540 3307 3794 3375 Κυπρίοις
3851 3301 4152 3376 έπέϐρισαν.

2539 3395 2722 3450 πόντος
2775 3390 2924 3454 ἀλλος
2961 3411 3041 3454 τις
3071 3391 3279 3465 ἀχανής
3327 3397 3418 3444 καὶ
3457 3391 3796 3452 κατακλυζων
3828 3394 3885 3443 τό
3920 3409 4154 3466 προστυ-

2539 3483 2661 3551 χόν,
2742 3489 2834 3532 τού
2912 3491 3207 3556 προφανοῦς
3267 3487 3357 3534 καὶ
3424 3486 3514 3540 τὴν
3590 3491 3749 3541 νῆσον
3802 3483 4159 3553 ύπανέχοντος

2542 3567 2858 3644 βιαιότερος,
2918 3571 3037 3644 παρ’
3091 3572 3212 3625 ὃσον
3269 3575 3357 3644 μεν
3417 3574 3475 3624 ού
3506 3571 3739 3643 καλύψαι
3789 3573 3983 3628 ταύτην
4016 3569 4157 3642 φιλο-

2537 3667 2708 3722 νεικεῖ,
2767 3658 2893 3713 ἀλλά
2923 3665 3026 3722 τοῖς
3094 3662 3303 3724 οἰκείοις
3353 3661 3494 3736 ὁροις
3541 3663 4046 3734 συμπεριγροίφεται,
4104 3661 4156 3711 ἓν

2533 3751 2700 3818 έκυτῷ
2747 3753 3048 3825 συνθραύων
3095 3754 3162 3804 τά
3213 3755 3442 3824 κύματα,
3505 3756 3593 3803 καὶ
3637 3756 3880 3823 προνοίας
3914 3749 4160 3821 χαλινοῖς

2535 3838 2781 3891 έὺπείκων
2807 3847 3158 3916 Δημιουργοῦ.

2610 3925 2678 3980 δ’·
2739 3935 2810 3981 Τό
2863 3927 2920 3982 δε
2971 3929 3158 4005 θράσος
3210 3939 3307 3982 τῶν
3335 3929 3541 3985 Ἰταλῶν
3571 3934 3685 3991 τοὺς
3731 3934 3946 3991 οὶκείους
3995 3930 4160 4002 ὑπερ-

2539 4019 2700 4072 ϐαίνει
2745 4022 3030 4093 σταθμούς,
3085 4027 3174 4073 καὶ
3228 4025 3438 4094 κύματα
3493 4017 3726 4074 κυλίνδει
3794 4023 3981 4093 θυμοῦ,
4068 4024 4162 4072 καὶ

2538 4108 2788 4183 ὑπερόρια
2852 4115 3051 4185 τρέχει,
3107 4117 3197 4164 καὶ
3246 4119 3345 4163 τῶν
3395 4113 3599 4164 ὀθνείων
3665 4107 4000 4184 κατεμπηδᾷ.
4053 4117 4159 4167 Τη-

2540 4198 2679 4260 λίκος
2727 4199 2983 4275 επερῥάγη
3041 4209 3102 4274 τῇ
3161 4200 3291 4273 καλῇ
3357 4204 3552 4275 Κύπρώ
3602 4198 3808 4254 κλύδων
3867 4200 4167 4262 ἀλλόκοτος.

2542 4295 2675 4362 πρός
2715 4289 2774 4347 ἣν
2835 4290 2861 4347 ὴ
2937 4289 3179 4342 θάλασσα
3233 4285 3531 4356 σπένδεται,
3607 4293 3698 4342 καὶ
3758 4290 4043 4363 ἡμεροῦται
4110 4292 4170 4341 τὸ

2541 4376 2741 4451 ῥόθιον.
2809 4377 2870 4430 Ὀ
2922 4375 2981 4430 δε
3029 4387 3263 4439 τοιοῦτος
3311 4383 3680 4451 κατακλυσμὸς
3739 4384 3904 4452 μέχρι
3950 4382 4040 4449 μέν
4092 4396 4172 4428 τι-

2542 4487 2622 4528 νος
2675 4470 2739 4519 τοί
2777 4468 2946 4540 ὡραῖα
3004 4464 3283 4540 διέφθειρε,
3344 4489 3434 4520 και
3490 4474 3591 4520 πᾶν
3628 4465 3928 4540 ·ἀνίιστημα
3986 4464 4173 4540 κατέρ-

2544 4556 2666 4632 Prlia
2706 4566 2773 4629 γῆ
2790 4577 2828 4618 ςο

2876 4553 3027 4616 Ἤδη
3100 4553 3158 4610 δὲ
3221 4562 3310 4610 καὶ
3387 4561 3640 4630 σωμάτων
3699 4559 3978 4632 ἁνθρωπων
4039 4575 4173 4629 παρ-

2489 4643 2505 4697 .'
2545 4646 2734 4717 ἡψατο.
2797 4645 2929 4700 Ἀλλ’
2979 4643 3039 4705 ἦν
3088 4647 3225 4719 ὅμως
3274 4650 3494 4722 φορητὸν
3554 4652 3610 4699 τό
3643 4643 3831 4718 δεινόν,
3885 4665 4070 4717 καίπερ
4114 4647 4169 4697 ὄν

2547 4735 2976 4810 βαρυσύμφορον·
3025 4741 3133 4790 έπεί
3191 4743 3280 4789 καὶ
3325 4757 3450 4810 προς
3526 4742 3830 4808 σωματικὴν
3916 4733 4172 4788 ἀπέϐλεπε

2545 4825 2712 4899 λύμην
2805 4832 2894 4879 καὶ
2978 4828 3331 4899 σκηνωμάτων
3428 4827 3708 4896 ἀπώλειαν,
3796 4828 4172 4898 συντιθεμένων

2546 5186 2816 5242 civitates
2857 5185 3179 5254 habitatas,
3223 5191 3276 5242 et
3298 5186 3498 5242 orbem
3535 5191 3717 5243 terra
3754 5189 3940 5240 totum
3961 5199 4184 5254 appre-

2549 5258 2806 5314 hendam
2839 5274 3023 5314 manu
3038 5260 3214 5328 quasi
3225 5258 3461 5326 nidum,
3482 5263 3537 5314 et
3559 5259 3736 5329 quasi
3755 5272 3868 5313 ova
3886 5257 4186 5329 derelicta

2551 5330 2786 5385 tollam.
2812 5332 2975 5386 Unde
2999 5327 3338 5400 Gregorius.
3360 5327 3670 5401 Nyssenus
3693 5333 3848 5401 orat.
3869 5333 3898 5383 5
3907 5327 3975 5401 in
3991 5327 4186 5382 Canti-

2553 5417 2690 5456 cum
2744 5397 3141 5466 canticorum,
3185 5417 3244 5474 p.
3278 5405 3378 5458 551
3408 5397 3502 5455 'D:
3538 5401 3602 5456 0'
3638 5397 4061 5474 aettulaygaivmv
4087 5404 4184 5474 τὴν

2554 5477 2861 5545 οἰκουμένην
2891 5479 2954 5535 ὼς
3003 5471 3237 5530 νοσσιὰν.
3273 5481 3362 5527 καὶ
3392 5478 3462 5535 ὡς
3499 5471 3940 5544 καταλελειμμένα
3970 5474 4045 5522 ὠά
4070 5471 4186 5546 αἰρ-

2555 5568 2622 5598 ων
2645 5551 2798 5610 αὐτὰ,
2824 5561 2928 5601 seu
2958 5546 3158 5618 potius
3190 5547 3370 5613 αὐτὰν,
3405 5561 3542 5600 cum
3575 5545 3910 5616 interprete.
3935 5545 4182 5618 acems.

2559 5621 2695 5690 Reg.
2736 5620 2892 5685 1797,
2927 5613 3100 5691 Ᾰριιό
3133 5619 3460 5675 Caesarium
3491 5623 3687 5690 quaest
3730 5613 3864 5681 1°21,
3897 5613 4185 5689 περιλήψο-

2557 5711 2676 5764 μαι.
