4468 6450
334 393 441 448 σοις
1585 379 1920 438 smsrou
1954 380 2102 436 un
2143 380 2454 441 cvrmos.
3593 399 3696 454 οοο

333 516 422 566 επὶ
481 510 666 586 βραχύ
728 515 817 563 καὶ
864 509 1123 582 λυομένων
1168 507 1280 582 μετ’
1333 505 1392 560 ού
1445 505 1594 560 πολύ.
1652 508 1730 560 Τὰ
1757 512 1845 556 νῦν
1877 501 1936 556 δι
1965 504 2013 560 Α
2046 503 2097 561 b1

1933 525 1936 553 ς
1965 504 2013 560 Α
2046 503 2224 563 breve
2243 508 2532 581 temporis
2561 513 2821 585 spatium
2855 517 3340 591 compinguntur,
3373 521 3430 577 et
3457 519 3697 578 solvun-

335 601 469 654 ἆλλᾶ
531 605 617 652 καὶ
671 599 864 673 ψυχῶν
920 603 978 651 τὸ
1039 604 1261 674 πρᾶγμα
1323 600 1788 668 κατεκαυχὴσατο,
1847 598 1937 646 καὶ
2044 598 2099 650 tu

1933 634 1937 644 .
2044 598 2143 650 tur
2171 596 2352 669 paulo
2382 601 2682 672 post.Jam
2710 619 2852 661 vero
2882 611 2938 663 et
2967 623 3060 663 res
3099 609 3424 666 adversum
3461 611 3697 668 animas

332 694 424 743 τὸν
477 690 626 765 ὀρθὸν
679 679 830 761 λόγον
882 696 978 750 τῆς
1030 686 1290 747 εὐσεϐείας
1349 681 1676 738 διασαλεύειν
1725 684 1936 754 έπιχει-
2046 699 2096 739 se

1931 713 1936 723 ι
2046 699 2179 740 sese
2209 689 2467 759 superbe
2491 691 2720 761 extulit,
2747 699 3118 769 conaturque
3174 703 3402 755 rectum
3457 700 3695 771 pietatis

331 787 432 853 ρεῖ.
485 785 604 840 Τοῖς
652 780 754 852 γὰρ
812 777 1148 850 πολεμισταίς
1209 779 1473 840 Λατίνοις,
1537 777 1627 825 καὶ
1683 775 1936 848 ἱερατικὸν
2046 788 2095 828 δε

1932 793 1936 814 ν
2046 788 2387 832 sermonem
2417 785 2754 838 concutere.
2787 782 2938 839 Nam
2968 801 3092 841 una
3129 802 3269 842 cum
3307 786 3696 845 bellatoribus

333 869 391 922 έκ
438 876 530 921 τοῦ
576 873 748 940 γένους
803 867 898 920 οὐκ
945 867 1114 939 ὀλίγον
1161 873 1223 939 τῇ
1269 869 1407 937 νήσῳ
1454 861 1798 938 προσέπιϐὰν,
1844 863 1935 922 τὰς
2047 861 2097 916 L1

1932 883 1935 920 :
2047 861 2265 918 Latinis
2290 879 2412 921 non
2445 869 2616 939 pauci
2649 871 2919 941 ejusdem
2953 875 3184 943 generis
3241 875 3581 933 sacerdotes
3634 877 3696 933 in

331 957 615 1020 έκκλησίας
671 959 904 1030 συνέχεε,
950 960 1038 1009 καὶ
1087 958 1219 1030 πρὸς
1276 953 1428 1007 έαυτὸ
1481 956 1652 1004 πάντα
1700 953 1767 1002 τὰ
1827 951 1937 1002 θεῖα
2044 950 2095 1006 in

1932 970 1937 1002 :
2044 950 2304 1009 insulam
2334 955 2605 1025 ingressi,
2638 958 2930 1018 Ecclesias
2960 965 3416 1028 conturbarunt,
3445 968 3501 1021 et
3529 964 3606 1021 ad
3633 982 3696 1022 se

331 1046 610 1120 έφελκύσαι
641 1049 970 1102 νεανιεύεται.
2044 1054 2095 1095 οι

2044 1045 2261 1098 cuncta
2287 1042 2492 1100 divina
2518 1048 2858 1118 pertrahere
2883 1051 3216 1124 petulanter
3240 1055 3532 1111 nituntur.

405 1137 462 1191 ε’.
520 1136 695 1190 Ἐνθεν
754 1137 780 1187 ό
836 1139 926 1208 μὶν
981 1139 1196 1207 γνήσιος
1261 1136 1350 1185 καὶ
1409 1133 1678 1192 κανονικὸς
1740 1145 1935 1203 πρωτο-
2117 1134 2166 1184 5,

1932 1160 1935 1168 -
2117 1134 2166 1184 5.
2210 1131 2352 1188 Hinc
2377 1133 2678 1205 legitimus
2726 1143 2782 1194 et
2835 1142 3163 1197 canonicus
3207 1148 3519 1214 pastorum
3577 1143 3696 1216 pri-

329 1231 548 1298 ποίμην,
638 1228 664 1278 ό
761 1230 1157 1298 μακαριώτατος
1196 1223 1616 1298 ἁρχιεπίσκοπος
1671 1223 1933 1294 Κυπρίων,
2045 1233 2093 1274 m

1928 1263 1933 1283 ,
2045 1233 2203 1290 mus,
2231 1219 2614 1281 beatissimus
2644 1228 2997 1299 Cypriorum
3029 1231 3537 1304 archiepiscopus,
3588 1232 3692 1290 do-

328 1316 534 1391 ὄκῦρις
579 1318 860 1388 Νέοφυτος,
919 1322 1010 1367 τοῦ
1054 1315 1245 1366 οἰκείου
1318 1315 1499 1386 θρόνου
1559 1305 1930 1363 ἁποδιώκεται·
2043 1323 2092 1363 m

2043 1308 2244 1364 minus
2269 1312 2640 1385 Neophytus,
2674 1331 2710 1371 a
2740 1333 2850 1372 sua
2880 1318 3019 1374 sede
3045 1319 3254 1391 pulsus
3309 1324 3416 1386 est,
3462 1320 3697 1378 adsciti-

326 1408 640 1479 παρένθετος
671 1402 732 1459 δέ
787 1425 868 1468 τις
922 1409 1012 1457 καὶ
1071 1403 1341 1476 ἁλλόθροος
1398 1404 1669 1475 ἄνθρωπος
1721 1400 1775 1451 ἑκ
1829 1403 1935 1451 Λα·
2043 1397 2083 1452 ti

1929 1427 1935 1438 ι
2043 1397 2158 1452 tius
2179 1404 2382 1455 autem
2411 1401 2663 1474 quidam
2688 1408 2745 1460 et
2783 1408 3111 1478 peregrinae
3142 1408 3362 1482 linguas
3399 1410 3605 1480 homo,
3661 1425 3693 1467 e

326 1504 530 1556 τινικῆς
583 1494 747 1568 φυλῆς
791 1501 863 1566 τῷ
928 1496 1149 1566 τοιούτῳ
1215 1495 1378 1568 θρόνῳ
1430 1490 1778 1563 έγκαθεσθεὶς,
1839 1487 1934 1538 οὐκ
2046 1488 2090 1542 L;

1928 1507 1934 1537 ι
2046 1488 2388 1545 Latinorum
2419 1505 2653 1563 genere,
2675 1494 2734 1550 in
2755 1496 2970 1552 eodem
2995 1497 3210 1554 throno
3237 1498 3522 1563 insidens,
3568 1513 3692 1555 non

327 1583 392 1635 ἃν
454 1583 617 1646 ἄλλως
666 1583 874 1642 ἀνήσειν
927 1587 1048 1646 τοὺς
1097 1585 1372 1657 ἡμετέρους
1440 1581 1722 1653 ἰερατικούς
1777 1577 1934 1648 ἰσχυ-
2044 1576 2091 1631 al

1927 1611 1934 1622 -
2044 1576 2160 1633 alia
2186 1579 2415 1636 ratione
2447 1597 2508 1637 se
2537 1584 2971 1654 permissurum
3012 1591 3338 1657 asseverat,
3391 1593 3458 1644 ut
3503 1587 3691 1644 nostri

325 1674 534 1748 ρίζεται
587 1673 899 1734 έπισκόπους
951 1692 1004 1725 τε
1060 1676 1147 1724 καὶ
1214 1671 1426 1732 λοιποὺς
1495 1672 1580 1721 τὸν
1648 1667 1934 1739 Ῥωμαϊκὸν
2042 1681 2089 1722 ει

1929 1687 1934 1711 ν
2042 1669 2258 1724 sacrati
2286 1669 2578 1735 homines,
2614 1675 2742 1728 tum
2773 1674 3056 1748 episcopi,
3092 1679 3218 1732 tum
3247 1677 3464 1744 centeri,
3497 1691 3693 1750 popu-

328 1768 626 1835 παιμαίνειν
655 1769 744 1816 καὶ
774 1759 1050 1815 διδάσκειν
1107 1762 1248 1826 λαόν,
1307 1760 1350 1813 ιί
1405 1764 1476 1834 μὴ
1531 1763 1778 1833 πρότερον
1839 1762 1933 1815 την
2040 1755 2092 1812 lu

1922 1778 1933 1807 ι
2040 1755 2167 1813 lum
2197 1761 2537 1817 Romanum
2565 1778 2672 1818 seu
2694 1765 2966 1819 Graecum
3010 1768 3262 1838 pascant
3311 1770 3368 1822 et
3413 1765 3686 1838 doceant,

325 1871 403 1904 πα
432 1851 483 1926 ρ’
547 1851 721 1914 αὐτοῖς
775 1853 1043 1926 ὑποταγὴν
1099 1851 1465 1919 ύπεισέλθωσι,
1523 1853 1612 1900 καὶ
1670 1849 1932 1909 συνθήκας
1963 1860 2003 1915 Β
2041 1847 2089 1902 ni

1929 1869 1932 1906 :
1963 1860 2003 1915 Β
2041 1847 2153 1903 nisi
2183 1848 2347 1921 prius
2379 1850 2814 1922 subjectionem
2845 1851 3010 1909 illam
3038 1870 3248 1911 eorum
3295 1854 3604 1924 subierint,
3635 1857 3693 1912 et

327 1943 693 2015 καταθυμίους
740 1949 812 2013 τῷ
859 1946 953 2015 νέῳ
1001 1942 1240 2016 ἀρχιερεῖ
1281 1944 1370 1992 καὶ
1425 1941 1557 2011 νόθῳ
1595 1939 1928 2014 παρέξουσινο
2041 1953 2091 1994 at

1926 1961 1928 1968 ·
2041 1938 2492 2012 astipulationes
2515 1957 2674 1998 novo
2701 1942 3007 2016 nothoque
3027 1944 3292 2017 pontiﬁci
3314 1948 3516 2015 gratas
3541 1960 3690 2017 prm-

325 2031 356 2088 ἦ
408 2035 512 2103 μὴν
555 2036 646 2084 καὶ
686 2034 902 2093 τούτους
949 2030 1421 2106 ἐξοστρακισθῆναι
1463 2049 1552 2089 της
1598 2033 1762 2086 νήσου
1808 2047 1931 2080 παν-
2041 2032 2089 2084 st

1924 2059 1931 2067 -
2041 2029 2616 2104 stiterint;alioquin
2665 2048 2769 2089 eos
2822 2034 3072 2092 omnino
3101 2051 3176 2092 ex
3225 2034 3422 2093 insula
3450 2035 3688 2107 ejicien-

320 2123 576 2174 τάπασινο
629 2124 698 2184 ὡς
744 2130 844 2174 τῶν
884 2125 1137 2194 ποιμένων
1175 2125 1265 2174 καὶ
1310 2117 1648 2173 διδασκάλων
1699 2115 1929 2172 διασπα-
2039 2117 2078 2172 d

1921 2151 1929 2159 -
2039 2117 2150 2174 dos
2172 2134 2329 2188 esse,
2363 2120 2516 2177 adeo
2547 2126 2608 2177 ut
2634 2123 2979 2194 pastoribus
3003 2129 3060 2180 et
3084 2124 3430 2180 doctoribus
3456 2123 3685 2197 disper-

323 2215 516 2286 ρέντων
583 2208 898 2265 κινδυνεύειν
972 2215 1066 2271 τήν
1134 2211 1322 2283 ἀγέλην
1389 2218 1624 2286 Χριστοῦ
1678 2210 1747 2271 εἰς
1805 2228 1931 2284 κρη-
2040 2210 2085 2264 si

1925 2239 1931 2250 -
2040 2210 2140 2280 sis,
2167 2210 2502 2281 periculum
2525 2212 2598 2268 sit
2628 2228 2701 2268 ne
2729 2213 2940 2270 Christi
2971 2229 3114 2284 grex
3140 2214 3202 2270 in
3252 2213 3580 2286 praecipitia
3631 2217 3689 2270 et

320 2304 484 2372 μνούς
524 2299 924 2354 ἀποπλανᾶσθαι
953 2306 1042 2353 καὶ
1068 2299 1332 2375 βάραθρα.
2039 2299 2084 2356 δη

922 2343 924 2351 ,
953 2306 1042 2353 καὶ
1068 2299 1332 2375 βάραθρα.
2039 2299 2324 2358 barathra
2353 2303 2686 2374 divagetur.

401 2391 473 2453 ς’.
537 2389 634 2442 Ἦν
696 2393 786 2462 μεν
841 2393 942 2463 πρὸ
999 2389 1187 2442 πολλοῦ
1234 2388 1551 2464 θρυλούμενα
1600 2396 1782 2456 ταῦτα,
1841 2394 1930 2442 καὶ
2113 2396 2143 2447 6

1923 2411 1930 2442 ι
2113 2396 2143 2447 6
2185 2395 2376 2464 Atque
2397 2393 2526 2449 haec
2549 2395 2798 2466 quidem
2827 2394 2956 2465 jam
2987 2410 3023 2450 a
3046 2395 3227 2464 longo
3280 2399 3545 2467 tempore
3601 2393 3687 2450 di-

324 2478 398 2541 εὶς
468 2477 626 2541 ἀκοὰς
691 2488 783 2540 τῆς
843 2481 1088 2553 ἡμετέρᾶς
1145 2479 1404 2555 έρχόμενα
1457 2484 1813 2554 μετριότητος·
1865 2482 1931 2532 τὰ
2041 2497 2088 2535 ν]

1922 2501 1931 2532 ι
2041 2479 2285 2551 vulgata
2308 2481 2561 2548 fuerant,
2595 2488 2653 2540 et
2680 2483 2759 2539 ad
2783 2497 2960 2540 aures
2991 2482 3414 2540 mediocritatis
3466 2487 3686 2541 nostras

322 2572 415 2620 νὺν
475 2565 533 2622 δε
583 2575 672 2622 καὶ
730 2571 756 2621 ό
813 2569 1202 2642 θεοφιλέστατος
1256 2579 1352 2632 τῆς
1399 2572 1531 2622 κατὰ
1577 2573 1665 2628 την
1722 2572 1928 2645 Κύπρον
2037 2585 2086 2639 pi

1923 2591 1928 2613 ν
2037 2576 2455 2639 pervenerant.
2487 2575 2652 2630 Nunc
2667 2589 2805 2630 vero
2826 2572 3308 2643 religiosissimus
3325 2572 3687 2630 sanctissimi

322 2657 614 2728 ἁγιώτατος
671 2658 961 2720 ἐπισκοπῆς
1010 2658 1214 2721 Σολείας
1280 2663 1536 2722 Λεόντιος,
1613 2658 1702 2711 καί
1748 2660 1773 2710 ὁ
1845 2660 1924 2712 εύ-
2035 2675 2086 2732 el

1917 2692 1924 2700 -
2035 2660 2416 2733 episcopatus
2448 2662 2632 2720 Soleae
2663 2665 2721 2720 in
2753 2665 2966 2736 Cypro,
3002 2663 3296 2730 Leontius,
3327 2668 3384 2719 et
3409 2678 3681 2720 reveren-

322 2746 490 2810 λαϐὴς
537 2749 921 2821 καθηγούμενος
973 2755 1068 2810 τῆς
1126 2756 1226 2800 τῶν
1285 2747 1567 2819 Ἀψινθίων
1633 2756 1790 2820 μονῆς
1859 2751 1924 2802 ἱε-
2035 2748 2086 2805 dl

1919 2780 1924 2789 -
2035 2748 2150 2805 dus
2178 2751 2523 2808 monasterii
2568 2752 3022 2824 Apsinthiorum
3077 2753 3457 2825 praepositus,
3512 2767 3683 2809 sacer

318 2842 622 2911 ρνμόναχος
689 2841 947 2906 Λεόντιος,
1021 2840 1150 2911 πρὸς
1205 2841 1299 2895 τήν
1361 2838 1502 2909 ἡμῶν
1578 2835 1925 2910 ἀναπεμφθέν-
2035 2855 2082 2894 m

1921 2870 1925 2877 -
2035 2839 2370 2895 monachus
2402 2841 2702 2911 Leontius,
2734 2842 2812 2898 ad
2837 2846 3110 2898 nostram
3123 2841 3289 2898 missi
3309 2841 3685 2900 mediocrita-

317 2946 404 2987 τες
449 2930 765 3001 μετριότητα
818 2928 962 3001 παρά
1015 2946 1071 2980 τε
1122 2933 1214 2980 τοῦ
1270 2926 1462 2978 οἰκείου
1519 2929 1922 3002 μακαριωτάτου
2033 2931 2081 2984 te

2033 2931 2174 2996 tem,
2208 2933 2332 2985 tum
2360 2946 2395 2986 a
2421 2947 2530 2986 suo
2567 2931 2885 2988 batissimo
2935 2931 3406 3005 archiepiscopo,
3467 2935 3595 2988 tum
3651 2948 3688 2990 a

317 3015 747 3091 ἁρχιεπισκόπου
797 3035 887 3068 και
933 3024 1032 3069 τῶν
1071 3016 1260 3070 λοι-πῶν
1304 3020 1620 3083 επισκοπων,
1673 3016 1800 3070 ἀλλὰ
1851 3014 1917 3078 δὴ
2031 3033 2081 3073 re

2031 3017 2273 3090 reliquis
2327 3019 2640 3093 episcopis,
2701 3036 2937 3076 nencon
2969 3021 3045 3076 ab
3071 3020 3235 3076 omni
3287 3036 3457 3076 sacro
3506 3024 3683 3085 coetu,

315 3127 408 3159 και
474 3111 662 3168 παντὸς
725 3115 816 3159 τοῦ
886 3108 1159 3181 ἱερωμένου
1244 3108 1592 3183 πληρώματος
1674 3109 1764 3160 καὶ
1829 3116 1921 3161 τοῦ
1954 3139 1996 3196 c
2032 3107 2079 3181 ip

1954 3139 1996 3196 ρ
2032 3107 2282 3182 ipsaque
2317 3108 2513 3181 plebe,
2543 3109 2722 3166 hasce
2754 3110 3043 3183 synodice
3086 3109 3453 3167 calamitates
3479 3126 3686 3168 coram

318 3193 601 3269 ὀχλώδους
650 3196 796 3264 λαοῦ,
842 3199 937 3261 τὰς
981 3200 1246 3258 τοιαύτας·
1273 3194 1561 3258 συνοδικῶς
1616 3196 1922 3269 ἀνήγγειλαν
1965 3193 1994 3196 ⁷
2033 3213 2082 3252 ω

1965 3193 1994 3196 ⁷
2033 3203 2237 3254 nostra
2267 3198 2672 3256 mediocritate
2701 3199 3030 3256 retulerunt
3064 3198 3402 3272 ;hodieqne
3456 3200 3517 3255 in
3569 3215 3688 3256 me.

319 3289 596 3359 συμφορὰς
661 3276 873 3338 ένὼπιον
926 3295 1021 3348 τῆς
1079 3290 1224 3360 ἡμῶν
1277 3291 1604 3360 μετριόητός·
1665 3294 1754 3341 καὶ
1819 3309 1922 3341 πα-
2032 3286 2083 3343 di

2032 3286 2202 3343 dium
2227 3288 2571 3360 prodentes,
2603 3305 2674 3345 ex
2699 3288 2995 3359 legatione
3024 3304 3160 3360 quae
3193 3289 3271 3343 ab
3299 3289 3410 3344 illis
3439 3289 3687 3346 deman-

315 3377 602 3449 ραστάντες
654 3379 749 3434 τήν
805 3379 1029 3449 σήμερον
1082 3375 1167 3430 έπὶ
1221 3384 1312 3430 τοῦ
1351 3381 1536 3450 μέσου,
1579 3374 1922 3453 διεπρεσϐεύ-
2032 3376 2079 3432 di

1920 3411 1922 3419 ι
2032 3376 2175 3434 data
2201 3376 2315 3434 sibi
2345 3377 2580 3435 fuerant
2613 3378 2903 3452 prolocuti
2938 3382 3094 3434 sunt.
3134 3381 3358 3449 Nempe
3387 3377 3684 3448 dixerunt,

319 3483 481 3518 σαντο
532 3466 704 3518 ὁπόσα
758 3465 879 3541 παρ’
931 3464 1136 3519 ἐκείνων
1190 3469 1471 3540 ἀνενεγκεῖν
1530 3465 1919 3543 ἐπετράπησαν.
2032 3483 2083 3525 ιιι

1918 3514 1919 3522 χ
2032 3483 2423 3544 nequaquam
2461 3471 2726 3528 aLatinis
2755 3484 3255 3528 concessumesse
3275 3469 3682 3529 dominoNeo-

316 3553 586 3626 Ἐφασκον
606 3557 708 3629 γὰρ
731 3557 794 3615 ὡς
820 3562 892 3625 τῷ
924 3557 1328 3629 ἁρχιεπισκόπῳ
1347 3561 1488 3632 κυρῷ
1513 3560 1758 3630 Νεοφύτῳ
1779 3561 1923 3632 παρὰ
2033 3560 2080 3633 ρῖ

1922 3602 1923 3608 η
2033 3560 2222 3633 phyto
2244 3560 2697 3635 archiepiscovo
2725 3566 2789 3618 ut
2818 3561 2918 3618 illo
2949 3561 3132 3618 modo
3158 3561 3217 3616 in
3248 3561 3444 3618 insula
3481 3577 3686 3619 mane-

316 3651 423 3697 τῶν
471 3648 707 3697 Λατίνων
751 3648 810 3698 οὐ
873 3650 1282 3720 συγκεχώρηται
1306 3654 1368 3705 τῆ
1401 3652 1548 3720 νήσῳ
1579 3643 1921 3723 ενδιατρίϐειν
2030 3666 2080 3707 re

2030 3653 2138 3718 ret,
2161 3666 2298 3707 cum
2327 3650 2473 3708 alter
2498 3651 2596 3709 ille
2627 3668 2835 3708 eorum
2888 3651 3379 3724 archiepiscopus
3434 3651 3686 3708 nullate-

335 3738 404 3787 76
457 3733 690 3787 σύνολον⁹
734 3736 821 3788 ἅτε
861 3743 954 3788 τοῦ
996 3745 1135 3809 σφῶν
1165 3741 1255 3790 καὶ
1281 3737 1451 3810 ἐτέρου
1492 3737 1920 3811 ἀρχιεπισκοπου
2031 3756 2099 3796 [ιι

2031 3756 2144 3796 nus
2173 3740 2358 3796 alium
2387 3741 2702 3798 sustineret
2720 3740 2929 3797 audire
2955 3740 3496 3814 archiepiscopum.
3519 3739 3686 3798 Unde

314 3820 568 3898 μηδολως
631 3824 780 3878 ἄλλον
855 3823 1058 3879 ἀκούειν
1124 3825 1540 3900 ἀρχιεπίσκοπον
1622 3832 1916 3900 στέγοντος.
2030 3846 2078 3903 μ

2030 3831 2267 3903 penitus
2323 3846 2464 3887 eum
2517 3831 2894 3904 expulerunt,
2953 3833 3017 3887 Et
3073 3845 3236 3888 nunc
3284 3844 3391 3904 per
3434 3831 3685 3889 Orientis

334 3915 523 3983 Δμέλει
551 3918 641 3968 καὶ
666 3914 829 3968 τέλεον
851 3915 1069 3978 έκείνους
1089 3916 1163 3989 ff.
1214 3915 1425 3992 ἐκεῖνον]
1479 3917 1773 3976 ἀπήλασαν.
1821 3925 1920 3973 Καὶ
2029 3920 2098 3994 pl.

776 3934 829 3968 ον
851 3915 1069 3978 έκείνους
1089 3916 1163 3989 ff.
1214 3915 1425 3992 ἐκεῖνον]
1479 3917 1773 3976 ἀπήλασαν.
1821 3925 1920 3973 Καὶ
2029 3920 2244 3994 plagas
2283 3920 2537 3978 oberrat.

313 4011 404 4058 νῦν
427 4007 478 4057 εν
498 4011 608 4068 τοῖς
627 4009 810 4080 μέρεσι
839 4014 934 4069 τῆς
965 4007 1212 4069 ἀνατολῆς
1238 4004 1414 4079 διάγει
1437 4007 1755 4081 πλανώμενος

390 4093 462 4155 ξ’.
494 4093 694 4156 Δύτοὺς
730 4092 789 4148 δέ
835 4115 895 4168 γε
934 4099 1054 4159 τοὺς
1103 4095 1439 4166 ἐπισκόπους,
1497 4102 1641 4171 φασὶ,
1676 4103 1766 4151 καὶ
1798 4102 1919 4161 τοὺς

311 4183 527 4246 λοιπούς
577 4186 888 4258 ἱερατικοὺς,
947 4186 1017 4248 εἰς
1071 4187 1336 4258 ὑποταγὴν
1392 4186 1692 4248 ἐκϐιάζεται
1748 4190 1773 4240 ό
1821 4198 1917 4241 τῶν

2100 4199 2152 4248 7.
2195 4191 2568 4249 Addiderunt
2595 4190 2794 4262 legati,
2825 4190 3010 4264 quod‘
3039 4191 3353 4265 episcopos
3382 4191 3549 4266 ipsos
3577 4210 3685 4252 ca:-

314 4277 552 4328 Λατίνων
623 4273 919 4348 ἀρχιερεύς,
975 4281 1064 4328 καὶ
1113 4276 1274 4337 οὕτως
1337 4275 1506 4330 ἐάσειν
1564 4281 1782 4341 τούτους
1830 4300 1920 4332 κα-
2028 4288 2078 4340 te

2028 4288 2310 4356 terosque
2370 4282 2525 4338 sacri
2574 4281 2802 4338 ordinis
2858 4281 2936 4337 ad
2963 4280 3422 4353 subjectionem,
3457 4283 3686 4341 Latino-

315 4366 701 4436 θυπισχνεῖται-
748 4367 836 4426 τὰς
888 4365 1078 4428 οἰκείας
1125 4368 1266 4439 ἔχειν
1315 4365 1600 4430 έπισκοπὰς
1655 4374 1744 4421 καὶ
1791 4371 1921 4445 ἱερα-
1949 4364 1994 4420 D
2029 4387 2079 4428 ιιι

1949 4364 1994 4420 D
2029 4387 2165 4428 rum
2187 4371 2450 4445 pontifex
2474 4372 2652 4442 cogit,
2681 4375 2860 4443 atque
2885 4386 2956 4427 ea
2985 4370 3327 4428 conditione
3373 4371 3686 4444 pollicetur

312 4461 476 4513 τικῶς
559 4451 794 4529 ἐνεργεῖν.
890 4460 990 4507 Καὶ
1070 4456 1486 4529 παρηκλήτευον
1546 4461 1603 4510 τὸ
1679 4465 1919 4516 ποιητέον
2033 4478 2076 4516 St

2033 4478 2094 4516 se
2115 4461 2184 4516 iis
2207 4462 2650 4534 permissurum
2700 4460 2924 4516 habere
2978 4460 3362 4533 episcopatus
3395 4478 3559 4529 suos,
3592 4479 3686 4520 sa-

314 4544 500 4616 μαθεῖν
549 4545 690 4617 παρά
743 4562 798 4597 τε
843 4551 939 4607 τῆς
986 4546 1132 4618 ἡμῶν
1185 4552 1519 4621 μετριότητος
1567 4554 1656 4601 καὶ
1703 4557 1795 4612 τῆς
1857 4552 1920 4603 ῐε-
2032 4568 2078 4606 Cl

2032 4567 2250 4624 eraque
2273 4550 2436 4607 obire
2495 4550 2723 4606 munia.
2781 4553 2929 4606 Tum
2987 4550 3474 4618 obsecraverunt,
3522 4553 3605 4608 uti
3649 4568 3686 4611 a

311 4638 413 4708 ρᾶς
465 4629 828 4704 ἀδελφότητος.
879 4636 975 4686 Διὰ
1016 4637 1116 4711 γὰρ
1168 4643 1261 4698 τῆς
1309 4639 1502 4689 τούτων
1546 4637 1792 4711 γλώσσης
1831 4643 1920 4703 τὰς
2031 4658 2071 4697 n

1919 4690 1920 4697 η
2031 4640 2207 4697 nobis
2237 4645 2293 4697 et
2325 4655 2497 4697 sacra
2545 4639 2908 4696 fraternitate
2952 4639 3252 4696 discerent
3300 4640 3449 4712 quid
3501 4657 3683 4714 agen-

312 4731 416 4774 τῶν
501 4718 743 4796 Κυπρίων
824 4725 1030 4776 πάντων
1094 4724 1263 4797 ἔλεγον
1329 4730 1650 4799 παρεστάναι
1714 4728 1915 4803 ψυχὰς,
2030 4731 2070 4786 d

2030 4731 2177 4788 dum
2199 4737 2372 4788 esset.
2404 4731 2658 4788 Aiebant
2676 4732 2924 4804 quippe,
2957 4736 3310 4787 cunctorum
3329 4733 3684 4806 Cypriorum

311 4817 407 4864 καὶ
450 4817 544 4870 τὴν
602 4815 747 4884 ἡμῶν
802 4814 1152 4884 γουνάζεσθαι
1203 4821 1518 4890 μετριότητα
1575 4827 1665 4879 τῆς
1718 4817 1917 4873 ἐκείνων
2028 4838 2075 4879 a1

2028 4821 2263 4879 animas
2290 4837 2396 4894 per
2413 4837 2586 4878 suam
2612 4821 2880 4892 linguam
2901 4820 3136 4888 adesse,
3167 4825 3225 4878 et
3254 4822 3684 4882 mediocritatis

314 4906 585 4974 σωτηρίας
620 4899 1083 4973 ἀντιποιήσασθαι,
1125 4910 1218 4958 καὶ
1266 4910 1338 4978 μὴ
1386 4912 1566 4981 χώραν
1609 4908 1744 4961 οὕτω
1789 4909 1917 4963 πλα-
2027 4927 2078 4967 ιιι

2027 4917 2246 4969 nostras
2279 4928 2479 4984 genua
2526 4912 2824 4985 amplecti,
2878 4911 3340 4987 suppliciterque
3397 4930 3569 4971 orare
3621 4918 3685 4974 ut

308 4998 454 5043 τεῖαν
524 4996 615 5044 καὶ
689 4991 1094 5068 πολυάνθρωπον
1177 4995 1475 5049 καταλιπεῖν
1561 4996 1915 5073 ἀπροστάτευο
2028 5020 2072 5059 St

2028 5003 2233 5060 salutis
2260 5019 2467 5061 eorum
2517 5020 2726 5060 curam
2776 5003 3202 5078 suscipiamus,
3234 5021 3345 5061 nec
3372 5004 3683 5076 regionem

306 5101 418 5144 τον,
481 5084 550 5143 ὡς
598 5081 746 5169 λιμὸν
793 5082 1017 5156 λιμῶξαι
1075 5087 1154 5155 (4)
1217 5090 1306 5138 καὶ
1360 5082 1524 5158 δίψαν
1590 5087 1793 5160 παθεῖν,
1854 5091 1914 5144 ού
2025 5109 2070 5150 ω

2025 5093 2178 5151 adeo
2205 5095 2474 5168 amplam
2505 5099 2561 5151 et
2586 5093 2948 5168 populosam
2973 5095 3306 5169 patrocinio
3332 5095 3683 5154 destitutam

305 5169 592 5244 βρώματος
652 5168 776 5225 οὐδὲ
841 5178 1100 5247 πόματος,
1158 5174 1286 5228 άλλὰ
1347 5185 1437 5229 τοῦ
1504 5177 1704 5232 ἀκούειν
1765 5180 1913 5253 λογον
2022 5200 2069 5240 ι’(

2022 5183 2456 5256 relinquamus,
2480 5184 2563 5241 ita
2595 5189 2657 5242 ut
2677 5185 2898 5242 esuriat
2927 5168 2990 5242 et
3012 5185 3170 5243 sitim
3224 5186 3504 5259 patiatur,
3557 5201 3682 5245 non

301 5267 464 5315 Θεοῦ.
2022 5273 2258 5331 defectu
2288 5274 2406 5330 cibi
2436 5280 2493 5331 et
2517 5280 2720 5348 potus,
2745 5275 2850 5332 sed
2880 5275 3169 5334 audiendi
3194 5276 3446 5333 verbum
3501 5277 3603 5334 Dei
3635 5279 3681 5335 ‘.

375 5366 603 5426 ‘Amos
629 5384 745 5439 vm,
777 5369 869 5428 11.

379 5476 988 5567 ριξῄΛιμόνωλιμῶξαι.
1058 5482 1269 5567 Fames
1300 5482 1634 5567 .spiritalis,
1683 5485 1758 5567 de
1787 5502 1914 5567 qua
2022 5488 2143 5567 eos:

2022 5488 2178 5567 ϐάντι
2209 5490 2351 5565 ἄρτῳ
2377 5495 2606 5567 τραερείς.
2654 5492 2743 5567 Διά
2782 5496 2870 5548 est
2916 5510 2930 5549 :
3001 5494 3097 5550 Da
3149 5493 3342 5550 cibum
3396 5495 3685 5552 esurienti

301 5562 547 5619 expono
562 5547 762 5608 locum
781 5547 1110 5608 obscurum
1130 5553 1344 5610 Leonis
1362 5547 1742 5628 imperatoris
1758 5547 1910 5617 orat.
2022 5580 2059 5635 q

301 5623 525 5698 oiAuc‘.
559 5621 912 5698 Combef._l,
954 5641 1006 5679 c.
1062 5628 1218 5691 1690,
1265 5628 1344 5682 D:
1388 5631 1484 5691 Δὸς
1524 5639 1763 5683 πεινῶντι
1796 5650 1912 5698 τρο-
2022 5635 2063 5691 d

2022 5564 2130 5635 qui
2141 5547 2304 5633 fanie
2316 5547 2770 5633 λυεί-ιεὶιεάνὶεβί
2785 5547 2944 5634 pane
2964 5547 3188 5638 ιιῐοῇιὶι
3201 5547 3274 5623 ἀὲ
3288 5547 3683 5624 έέιόᾱέέᾱέῆξ

2022 5635 2112 5691 dit
2134 5637 2410 5692 nutrz'ris.
2441 5636 2534 5692 Sic
2560 5636 2720 5692 idem
2762 5643 3066 5698 Augustus
3092 5644 3241 5694 orat.
3285 5639 3387 5696 ult.
3412 5655 3464 5694 c.
3494 5644 3514 5694 t
3553 5644 3681 5698 743.

301 5623 336 5675 6
379 5625 525 5702 Αιιος
559 5623 826 5680 Combef.
869 5626 912 5686 l.
954 5641 1006 5679 ο·
1062 5628 1218 5691 1690,
1265 5628 1344 5682 D:
1388 5623 1484 5691 Δίς
1524 5639 1763 5683 πεινῶντι
1796 5650 1912 5708 τρο·
2022 5623 2112 5691 itit
2134 5623 2410 5692 humi-is.
2441 5636 2534 5692 Sic
2560 5623 2720 5692 idem
2762 5623 3066 5708 angustus
3092 5623 3241 5694 orat.
3285 5639 3387 5696 ult.
3412 5655 3464 5694 c.
3494 5623 3681 5700 t743.

301 5697 428 5766 γὴν,
496 5711 522 5744 ο
568 5691 702 5767 λιμῷ
748 5691 1082 5764 κινδυνεύων,
1137 5701 1227 5750 καὶ
1279 5707 1349 5772 τῷ
1393 5698 1446 5765 ἐξ
1494 5701 1714 5776 ούρανοῦ
1752 5723 1911 5759 κατα⁶
1994 5709 2046 5768 λ
2104 5705 2181 5762 de
2255 5707 2454 5765 Maria.
2519 5715 2684 5785 Χαῖρε
2744 5713 2773 5767 ὴ
2840 5713 2926 5763 τὸν
2970 5729 3003 5765 κ
3070 5719 3183 5772 ινῶς
3258 5717 3348 5765 καὶ
3408 5714 3682 5787 ὑπερφυῶς
