4468 6450
736 430 838 486 607

735 641 1231 710 obsecraret,rem
1259 642 1639 700 mediocritas
1664 647 1867 699 nostra
1894 655 2020 697 una
2047 653 2186 696 cum
2214 649 2388 692 sacra

735 731 1099 789 fraternitate
1163 731 1622 789 deliberandam
1687 730 2017 805 proposuit.
2062 726 2387 798 Visumque

738 823 832 877 est
859 820 1082 894 duplex
1128 821 1408 894 utrinque
1432 821 1746 878 imminere
1770 817 2128 894 periculum,
2189 819 2247 872 et
2293 828 2387 870 ca-

743 925 880 967 sum
909 925 983 967 ex
1007 913 1257 984 utraque
1283 914 1451 982 parte
1503 910 1894 983 praecipitem.
1925 911 2181 966 Tantum
2227 902 2388 960 enim

740 999 1036 1073 populum
1061 999 1290 1072 absque
1309 999 1594 1072 pastorali
1617 998 1951 1073 patrocinio
1975 994 2193 1064 deseri,
2246 1007 2391 1066 quo-

738 1103 876 1145 rum
907 1088 1155 1159 sanguis
1177 1103 1286 1161 per
1315 1090 1503 1145 Deum
1531 1104 1564 1146 e
1613 1087 1897 1146 manibus
1947 1090 2260 1160 pastorum
2305 1096 2391 1137 re-

742 1178 1073 1250 quirendus
1115 1181 1205 1236 est
1253 1178 1296 1246 ⁸,
1350 1183 1668 1253 peccatum
1725 1182 1814 1235 est
1856 1175 2083 1248 ingenti
2137 1185 2393 1230 censura

741 1267 1273 1331 condemnandum
1302 1296 1316 1331 :
1349 1272 1696 1330 Latinorum
1726 1271 1928 1326 autem
1964 1261 2255 1322 voluntati
2304 1274 2395 1316 ce-

744 1355 905 1426 dere,
934 1363 1152 1418 etcum
1173 1362 1565 1420 schismaticis
1612 1354 2022 1416 consensionis
2067 1353 2262 1410 facere
2289 1349 2395 1406 fua-

745 1443 879 1518 dus,
910 1447 1227 1508 dissonum
1254 1452 1490 1510 videtur
1513 1462 1864 1507 acanonum
1884 1441 2396 1516 rigore,alienum-

747 1551 866 1609 que
893 1538 972 1595 ab
1001 1540 1379 1599 ecclesiaticis
1427 1536 1985 1598 consuetudinibus.
2035 1535 2172 1589 Erat
2217 1530 2396 1601 igitur

746 1639 974 1700 anceps
993 1629 1364 1704 disceptatio,
1388 1634 1446 1688 et
1473 1631 1552 1688 ad
1571 1630 1920 1686 alterutrum
1939 1620 2266 1698 propensio
2291 1618 2397 1674 du-

747 1712 871 1771 bia.
904 1719 1120 1775 Verum
1149 1724 1475 1793 postquam
1522 1722 1579 1775 et
1646 1713 2029 1774 mediocritas
2078 1712 2286 1767 nostra
2341 1710 2398 1763 et

751 1819 925 1862 sacra
952 1806 1290 1866 fraternitas
1311 1809 1536 1866 multas
1555 1805 1844 1864 volutavit
1863 1798 2394 1864 considerationes,

749 1893 999 1953 demum
1024 1899 1256 1955 censuit
1284 1898 1662 1956 mediocritas
1681 1899 1908 1964 nostra,
1957 1893 2090 1965 ipsa
2137 1888 2398 1962 speciem

752 1982 1142 2056 subjectionis
1170 2003 1357 2061 quam
1389 1986 1599 2045 Latani
1624 1983 2014 2060 postulabant
2042 1978 2292 2054 proferri
2322 1975 2402 2034 ad

753 2074 1057 2146 synodum
1086 2077 1324 2135 debere.
1350 2078 1514 2136 Unde
1534 2078 1844 2134 cohortata
1865 2077 1953 2130 est
1972 2072 2325 2146 episcopum
2346 2072 2402 2126 et

753 2161 1146 2234 abbatem,ut
1175 2167 1514 2241 spiritaliter
1559 2182 1700 2222 cum
1749 2164 1995 2221 veritate
2039 2159 2404 2234 explicarent

753 2268 1037 2326 quaenam
1064 2255 1167 2314 illa
1196 2261 1393 2316 essent
1421 2272 1554 2330 quae
1586 2272 1622 2313 a
1653 2254 1873 2312 Latinis
1923 2250 2393 2326 postularentur.

827 2527 879 2582 9.
921 2526 1377 2599 Responderunt
1403 2525 1485 2584 illi
1511 2526 1619 2584 tria
1639 2525 1768 2582 hac
1821 2523 2054 2581 Latinos
2101 2519 2408 2578 inevitabi-

754 2613 886 2672 liter
903 2616 1245 2689 requirere:
1280 2617 1564 2691 primum,
1597 2631 1818 2672 manus
1859 2611 2140 2675 manibus
2187 2609 2408 2667 immit-

757 2707 899 2773 tere,
932 2705 1331 2764 sacerdotales
1362 2705 1856 2776 sacerdotalibus,
1883 2707 2124 2760 nostros
2155 2700 2406 2758 Latinis:

755 2793 872 2851 hoc
899 2810 1167 2868 namque
1197 2811 1326 2853 esse
1356 2797 1581 2854 infestis
1617 2800 1811 2852 tutam
1840 2792 2201 2854 cautionem,
2235 2790 2411 2847 servi-

756 2882 829 2941 lis
848 2884 909 2940 in
928 2885 1181 2956 negotiis
1201 2886 1582 2944 demissionis
1605 2905 1619 2956 ;
1643 2885 1997 2952 secundum,
2021 2887 2086 2938 ut
2100 2883 2411 2938 Romanus

1891 424 2197 483 GERMANI
2234 423 2283 479 ll
2318 419 2424 480 ΟΡ.
2464 416 2930 476 ΡΛΤΒῙΛΒΟΗΛΕ

809 557 860 611 8.
908 556 1025 612 Ista
1052 568 1191 612 cum
1220 553 1539 628 episcopus
1563 554 1760 611 oraret
1787 551 2062 625 supplex,
2094 551 2152 606 et
2189 545 2383 604 abbas
2413 543 2463 599 Δ

3989 414 4092 472 608

2569 542 2642 602 η’.
2715 550 2895 598 Ταῦτα
2952 549 3043 597 τοῦ
3108 542 3394 598 ὶπισκόπου
3484 539 3920 610 καθικετεύοντος,
4003 558 4094 592 και

2496 639 2589 686 τοῦ
2636 635 2923 706 ἡγουμένου
2969 631 3466 708 προσλιπαροῦντος,
3521 631 3552 689 ἡ
3615 633 3896 702 μετριότης
3945 629 4092 701 ἡμῶν

2495 723 2626 794 μετά
2675 729 2770 785 τῆς
2829 723 2962 798 ἱερᾶς
3029 719 3381 795 ἀδελφότητος
3427 718 3501 781 εἰς
3557 717 3740 790 σκέψιν
3801 719 3942 771 ἔθετο
4023 718 4092 769 τά

2495 818 2589 864 τοῦ
2653 813 2979 885 πράγματος.
3052 813 3154 864 Καὶ
3233 805 3406 862 ἐδόκει
3485 803 3706 869 διπλοῦς
3773 805 4088 879 ἱκατίρωθεν

2495 897 2733 962 κίνδυνος
2771 906 2861 953 καὶ
2918 899 3277 974 ἀμφίκρημνος
3332 897 3556 959 ὃλισθος.
3615 901 3686 950 Τό
3735 915 3790 949 τε
3842 896 3945 972 ’γὰρ
4010 914 4093 948 το-

2503 986 2687 1043 σοῦτον
2740 988 3204 1062 ἐγκαταλειφθῆναι
3255 987 3378 1041 λαὸν
3423 987 3754 1062 προστασίας
3812 985 3933 1060 ἄτερ
3984 1001 4100 1037 ποι-

2500 1087 2777 1150 μαντικῆς,
2827 1077 2895 1131 ὦν
2951 1082 3018 1132 τὰ
3069 1081 3265 1152 αἷματα
3309 1077 3562 1139 ίζήτηται
3617 1074 3751 1150 [Αη.
3806 1073 4100 1137 ἒκζητεῖται

2502 1170 2595 1228 vel
2625 1168 2988 1244 ἕκξητήσεται]
3016 1170 3160 1243 παρά
3187 1175 3260 1240 τῷ
3308 1173 3424 1238 Θεῷ
3473 1165 3529 1218 ἐκ
3581 1172 3673 1228 τῆς
3733 1171 3832 1217 τῶν
3889 1183 4102 1237 ποιμαι-

2501 1261 2687 1311 υόντων
2715 1259 2918 1332 χειρὸς,
2961 1254 3191 1330 μεγάλην
3239 1258 3333 1314 τήν
3385 1253 3601 1313 εὐθύνην
3652 1253 3769 1325 ἔχει
3836 1253 3896 1304 τὸ
3943 1251 4104 1305 κατά·

2503 1366 2686 1424 κριμα,
2717 1347 2808 1399 καί
2842 1349 2900 1400 τὸ
2938 1342 3178 1398 ἐνδοῦναι
3216 1340 3276 1398 δι
3308 1343 3514 1403 θελήσει
3557 1347 3811 1414 Λατινικῇ
3861 1344 3954 1394 καὶ
3980 1356 4105 1413 σχι-

2506 1441 2779 1511 σματικοῖς
2846 1436 3130 1490 συνθέσθαι
3194 1437 3285 1487 καὶ
3368 1433 3694 1486 σπείσασθαι
3759 1426 3966 1502 ἀπᾷδον
4038 1437 4101 1502 τῇ

2503 1535 2601 1581 τῶν
2660 1528 2882 1580 κανόνων
2936 1523 3175 1598 ἀκριϐείᾳ
3242 1519 3407 1593 δοκεῖ,
3491 1525 3581 1574 καὶ
3653 1518 4104 1578 ἕκκλησιαστικῶν

2505 1615 2694 1689 ἕθίμων
2743 1614 3027 1690 ἀλλότριον,
3079 1612 3176 1666 Ἦν
3222 1618 3345 1685 γοῦν
3395 1613 3421 1664 ό
3467 1610 3616 1683 λόγος
3660 1608 3964 1683 ἀμφίϐολος,
4015 1610 4107 1660 καὶ

2505 1707 2536 1765 ή
2565 1708 2690 1781 πρὸς
2713 1706 2923 1778 θάτερον
2969 1709 3144 1766 νεῦσις
3172 1699 3660 1776 ἀμφισϐητήσιμος.
3718 1697 3803 1760 Ὠς
3861 1693 3922 1751 δε
3975 1695 4108 1749 πολ-

2504 1794 2620 1856 λοὺς
2650 1797 2681 1853 ἧ
2725 1813 2780 1848 τε
2842 1797 3115 1869 μετριότης
3179 1794 3324 1865 ἡμῶν
3391 1793 3482 1843 καὶ
3548 1791 3578 1847 ἡ
3652 1788 3764 1863 ἱερά
3819 1785 4107 1860 ἀδελφότης

2507 1882 2748 1937 ἀνείλιττε
2796 1882 3102 1956 λογισμοὺς,
3152 1880 3290 1943 τέλος
3347 1882 3437 1933 καὶ
3507 1880 3635 1932 αὐτὸ
3692 1879 3750 1930 τό
3821 1872 3959 1938 εἶδος
4014 1881 4108 1935 τῆς

2511 1973 2897 2047 ἀπαιτουμένης
2948 1974 3091 2047 παρὰ
3144 1979 3242 2024 τῶν
3299 1975 3534 2024 Λατίνων
3608 1968 3881 2041 ὖμοταγῆς
3955 1982 4107 2018 συνο-

2513 2060 2729 2126 δικῶςή
2772 2066 3050 2139 μετριότης
3097 2063 3240 2135 ἡμῶν
3284 2059 3729 2134 χρωματισθῆναι
3900 2053 4101 2129 χρημ.]

2513 2149 2846 2211 διενοήσατο.
2869 2152 3021 2206 Ὀθεν
3050 2155 3458 2228 παρεγγυήσατο
3487 2154 3560 2219 τῷ
3603 2146 3872 2216 ἓπισκόπῳ
3914 2163 3969 2197 τε
4019 2143 4110 2196 καί

2511 2258 2583 2320 τῷ
2647 2248 3019 2318 καθηγουμίνῳ
3097 2247 3449 2314 πνευματικῶς
3535 2234 3902 2311 διευκρινῆσαι
4000 2233 4110 2306 μετ’

2513 2342 2774 2403 ἀληθείας,
2843 2340 2956 2388 τίνα
3005 2352 3062 2406 γε
3117 2333 3221 2407 ἄρα
3274 2332 3343 2384 τὰ
3395 2330 3541 2402 παρὰ
3567 2336 3665 2381 τῶν
3695 2330 3932 2381 Λατίνων
3983 2321 4114 2396 ἀπῃ-

2514 2453 2576 2491 τη
2583 2435 2711 2506 μένα
2741 2427 2864 2481 εἰσί.

2590 2520 2651 2576 θ’.
2681 2517 2813 2574 .Καί
2872 2522 3015 2568 οῦτοι
3089 2515 3212 2583 τρία
3260 2516 3430 2564 ταῦτα
3492 2509 3666 2571 ζητεῖν
3738 2505 4116 2580 ἀπαραιτήτως

2515 2614 2709 2685 ἔφασαν
2777 2610 2897 2668 τοὺς
2973 2607 3264 2663 Λατίνους·
3332 2606 3522 2676 χεῖρας
3593 2600 3783 2672 χερσὶν
3879 2593 4114 2667 ἐμϐαλεῖν

2521 2700 2798 2775 ἱερατικαῖς
2830 2714 2843 2727 ο
2939 2700 3093 2747 τοῦτο
3174 2693 3276 2766 γὰρ
3353 2690 3483 2743 εἶναι
3564 2695 3671 2749 τοῖς
3773 2689 4119 2760 ἐπηρεασταῖς

2518 2774 2770 2863 ἐχέγγυον
2827 2783 3069 2857 ἀσφαλες,
3126 2778 3448 2840 δουλωτικῆς
3515 2777 3564 2831 ἕν
3628 2777 3936 2852 πράγμασιν
3997 2774 4120 2829 ὑπο-

2517 2862 2730 2939 κλίσεως
2757 2893 2770 2908 ⁸
2837 2872 3074 2946 δεύτερον
3149 2873 3206 2924 τό
3281 2873 3368 2922 τὸν
3443 2867 3694 2942 μέλλοντα
3727 2864 3976 2938 Ῥωμαῖον
4052 2862 4121 2924 si;

759 2974 841 3033 ad
868 2953 1301 3034 sacerdotalem
1321 2953 1615 3034 honorem
1641 2973 2084 3050 provehendus.
2115 2978 2252 3045 post
2298 2969 2409 3027 ele-
2442 2985 2482 3041 ο

2355 2986 2409 3026 e-
2442 2985 2482 3041 ο
2523 2969 2784 3044 ἱερατικὴν
2844 2962 3138 3040 προϐαίνειν
3197 2962 3378 3033 τιμὴν,
3439 2959 3572 3031 μετά
3629 2960 3721 3016 τὴν
3775 2962 3875 3007 τῶν
3928 2953 4119 3026 ὁμοφύ-

760 3063 1017 3121 ctionem
1042 3081 1081 3123 a
1103 3067 1499 3139 popularibus
1521 3066 1643 3123 suis
1671 3067 1912 3133 factam,
1953 3064 2075 3120 sive
2095 3062 2157 3118 in
2187 3061 2412 3135 episco-

760 3168 911 3228 pum
934 3157 1514 3229 promoveatur,sive
1540 3156 1617 3214 ad
1641 3155 1845 3212 alitam
1859 3152 2302 3210 ordinationem
2316 3148 2412 3206 vel

762 3243 843 3301 ad
880 3245 1304 3303 monachalem
1357 3246 1776 3319 praefecturam
1823 3246 2174 3314 assumptus
2216 3238 2409 3305 fuerit,

760 3335 964 3392 nullus
989 3337 1238 3394 omnino
1262 3336 1494 3411 absque
1521 3337 1709 3395 Latini
1754 3335 1965 3393 notitia
2018 3332 2416 3390 constituatur

761 3425 1138 3498 indignitate
1185 3427 1264 3484 ad
1319 3443 1383 3484 se
1429 3427 1779 3501 pertinente.
1831 3425 1894 3481 ld
1935 3439 2116 3500 porro
2176 3420 2414 3478 Latinos

762 3523 1009 3591 propter
1035 3523 1208 3592 turpe
1230 3519 1456 3576 lucrem
1482 3518 1776 3576 duntaxat
1803 3520 2077 3589 expetere
2103 3511 2418 3569 contestati

767 3612 925 3664 sunt.
949 3608 1206 3666 Tertium
1227 3609 1305 3667 ad
1328 3609 1458 3666 haec
1480 3608 1846 3681 adjecerunt,
1883 3609 1948 3661 ut
1981 3602 2158 3661 Graaci
2206 3617 2244 3658 a
2295 3599 2419 3655 suis

765 3696 1014 3771 quidem
1039 3699 1357 3771 episcopis,
1390 3715 1528 3756 cum
1545 3712 1789 3754 necesse
1810 3694 2003 3759 fuerit.
2031 3692 2374 3766 judicentur
2403 3706 2417 3757 ;

769 3785 822 3843 si
849 3787 985 3861 quis
1015 3791 1216 3844 tamen
1246 3804 1278 3845 e
1301 3788 1587 3862 judicatis
1614 3787 1818 3845 forsan
1862 3783 2112 3842 voluerit
2164 3781 2242 3838 ad
2273 3778 2422 3836 Lati-

767 3891 987 3934 norum
1018 3877 1542 3953 archiepiscopum
1581 3891 1933 3953 provocare,
1977 3878 2270 3947 tanquam
2316 3883 2422 3940 op-

768 3982 1012 4041 pressus
1036 3967 1330 4036 videlicet,
1376 3984 1483 4025 seu
1529 3966 1777 4024 clericus
1824 3982 1932 4023 seu
1976 3962 2164 4021 laicus
2197 3959 2303 4027 -sit,
2345 3956 2424 4015 ab

769 4055 870 4114 illo
892 4057 1302 4116 controversia
1331 4057 1704 4116 discutiatur.
1737 4057 1927 4130 Super
1972 4053 2067 4111 his
2110 4047 2426 4109 mediocri—

770 4150 863 4205 tas
889 4151 1097 4205 nostra
1120 4151 1258 4221 post
1299 4147 1776 4222 disquisitionem
1822 4161 1948 4203 una
1993 4159 2133 4201 cum
2175 4140 2427 4197 fratrum

773 4239 1258 4310 congregatione,
1319 4243 1376 4296 et
1427 4238 1710 4296 inchoato
1784 4235 2091 4294 deﬁnitivo
2165 4231 2426 4294 decreto,

772 4341 1012 4385 necnon
1034 4342 1106 4385 ea
1128 4343 1264 4402 quas
1293 4328 1425 4387 visa
1451 4332 1590 4387 sunt
1613 4327 1948 4395 declarans,
1975 4325 2139 4382 hunc
2187 4321 2251 4377 in
2298 4333 2429 4375 mo-

772 4416 922 4477 dum
939 4418 1368 4492 pronuntiavit.

852 4512 938 4566 10.
979 4509 1200 4566 Omnes
1225 4524 1430 4567 sacros
1455 4523 1742 4579 canones,
1772 4509 2021 4565 cunctas
2077 4499 2431 4561 traditiones

775 4596 1032 4669 divinas,
1095 4598 1407 4656 universas
1481 4597 1846 4656 venerabiles
1882 4595 2168 4671 piissimae
2215 4593 2435 4648 nostra;

778 4687 1054 4746 Ecclesiae
1082 4689 1230 4746 ritus
1255 4689 1538 4764 amplecti
1565 4695 1623 4747 et
1649 4704 1886 4747 servare
1911 4682 2129 4743 illaasos
2150 4697 2220 4739 ac
2247 4679 2438 4737 invio-

776 4779 953 4851 latos,
969 4781 1098 4852 jam
1111 4781 1423 4837 sanximus
1451 4787 1576 4838 tam
1595 4796 1779 4837 manu
1794 4795 1981 4852 quam
1993 4776 2202 4845 lingua
2214 4770 2437 4828 adhuc-

779 4887 900 4944 que
925 4871 1253 4944 sancimus,
1282 4871 1492 4929 Christi
1519 4872 1722 4943 gratiae
1752 4867 1983 4926 conﬁsi.
2013 4869 2096 4922 Ita
2135 4860 2437 4936 siquidem

782 4965 841 5018 et
867 4960 1222 5034 scripsimus
1253 4966 1310 5018 et
1329 4961 1588 5019 confessi
1618 4963 1988 5033 sumus,tum
2019 4953 2270 5027 singulis
2317 4953 2439 5009 die-

780 5049 899 5108 bus
926 5065 1037 5123 pro
1065 5049 1137 5106 iis
1167 5050 1568 5115 decertamus,
1600 5055 1781 5124 atque
1809 5064 2077 5114 oramus,
2103 5050 2169 5104 ut
2218 5061 2438 5103 manus

781 5141 1007 5216 pariter
1035 5145 1091 5198 et
1127 5157 1246 5200 vox
1293 5143 1499 5200 Jacobi
1548 5140 1904 5216 patriarcha;
1938 5139 2286 5208 consistant,
2334 5136 2441 5209 qui

785 5231 970 5289 etiam
1000 5237 1331 5306 antequam
1379 5237 1780 5290 nasceretura
1824 5234 1943 5289 Deo
1987 5227 2238 5286 dilectus
2282 5229 2371 5284 est
2396 5226 2439 5281 θ.

857 5377 880 5413 ⁸
900 5376 1107 5435 Ezech.
1135 5391 1219 5448 ιιι,
1247 5378 1335 5434 18.
1413 5379 1435 5415 ⁶
1464 5380 1738 5448 Rom.1x,
1774 5379 1968 5434 H-l3.

787 5563 1151 5640 γεωργηθέντα
1204 5564 1372 5640 ,ἄρτον
1435 5564 1666 5640 φέρουσα
1731 5556 1985 5640 τράπεζαί
2041 5554 2123 5640 οὗ,
2179 5556 2446 5640 τραφέντες

790 5626 840 5690 ὁὶ
1015 5626 1260 5709 γεωργία
1304 5643 1400 5696 τῆς
1441 5626 1684 5709 ίάκάνθης
1734 5626 1869 5704 λίμῷ
1938 5626 2299 5698 ἀπολλύμενοι,
2357 5631 2446 5677 τοῦ

789 5705 1036 5762 κινδύνου
1091 5705 1521 5781 διασισώσμιθα·
1578 5706 1713 5773 Ave,
1766 5716 1972 5781 mensa
2033 5714 2169 5781 qua:
2233 5712 2449 5781 partem

2519 3041 2616 3111 λων
2692 3054 2958 3127 ἓπιλογὴν,
3055 3054 3155 3105 εἴτε
3230 3049 3297 3110 εἰς
3361 3047 3646 3101 ἐπίσκοπον
3719 3041 4121 3118 προϐιϐάζεται,

2521 3151 2621 3201 εἴτε
2668 3145 2854 3206 καίεῖς
2899 3142 3106 3195 ἀλλοίαν
3162 3142 3488 3214 χειροτονίαν
3544 3143 3574 3194 ἥ
3635 3133 3726 3188 καί
3782 3134 4121 3206 ήγουμενείαν

2523 3235 2833 3310 ἐγκέκριται,
2869 3233 2939 3305 μή
2993 3227 3135 3302 δίχα
3184 3237 3275 3289 τῆς
3325 3233 3419 3280 τοῦ
3472 3227 3699 3280 Λατίνου
3749 3219 3997 3282 εἰδήσεως
4055 3226 4119 3292 τῇ

2522 3328 2802 3399 προσφόρῳ
2846 3321 2968 3394 ἀξίᾳ
3022 3314 3393 3376 όποιονδήτινα
3445 3312 3904 3388 ἐγκαθίστασθαι·
3966 3315 4119 3362 τοῦτο

2526 3411 2585 3468 δέ
2626 3416 2788 3489 χάριν
2837 3404 3280 3484 αἰσχροκερδείας
3338 3405 3430 3458 καί
3485 3408 3647 3478 μόνης
3694 3399 3934 3454 ἀπαιτεῖν
4000 3401 4122 3459 τοὺς

2527 3507 2784 3566 Λατίνους
2811 3498 3262 3574 διεμαρτύροντο⁶
3321 3499 3492 3570 τρίτον
3541 3491 3629 3546 ἐπὶ
3672 3493 3883 3552 τούτοις
3932 3492 4130 3560 imi-7a:-

2525 3614 2618 3668 γον
2668 3598 2727 3646 τὸ
2779 3596 2901 3654 τοὺς
2947 3590 3229 3664 Ῥωμαίους
3311 3586 3584 3662 κρίνεσθαι
3651 3584 3741 3656 μὲν
3802 3581 3948 3654 παρά
4020 3583 4131 3639 τοίς

2529 3685 2735 3745 οἰκείοις
2828 3683 3136 3743 ἐπισκόποις
3224 3679 3303 3732 ὅτε
3401 3673 3674 3734 δεήσειεν·
3763 3670 3807 3725 εἰ
3879 3666 3932 3723 δ’
4005 3671 4132 3729 ἴσως

2529 3795 2622 3838 τυς
2693 3780 2794 3826 τῶν
2877 3773 3185 3847 κρινομένων
3271 3766 3502 3826 θελήσειε
3586 3764 3718 3838 πρὸς
3798 3762 3886 3816 τὸν
3949 3757 4133 3834 ἀρχιε-

3524 3849 3682 3912 δῆθεν
3763 3848 4134 3926 βαρυνόμενος,

2533 3955 2617 4008 ἱνα
2667 3953 2790 4030 παρ’
2844 3950 2985 4024 αὐτῷ
3038 3952 3070 4011 ή
3125 3949 3375 4009 ὑπόθεσις
3431 3945 3792 4018 ἀνακρίνηται.
3848 3938 3968 3994 Ἐπί
4018 3939 4134 3991 τού-

2533 4064 2644 4107 τοις
2705 4045 2735 4104 ή
2804 4045 3077 4118 μετριότης
3138 4041 3285 4114 ἡμῶν
3354 4032 3850 4106 συνδιασκεψαμίνη
3883 4030 4012 4103 μετά
4040 4035 4137 4090 τῆς

2535 4142 2635 4188 τῶν
2714 4130 2946 4207 ἀδελφῶν
3017 4132 3341 4205 όμησγύρεως,
3409 4125 3501 4180 καί
3586 4130 3683 4186 τῆς
3784 4119 4140 4193 ἀποφατικῆς

2539 4204 2915 4301 ἀπαρχομένης
2977 4204 3300 4294 ἀπαγγελίας
3359 4216 3452 4270 καί
3514 4214 3582 4268 τὰ
3641 4207 3871 4278 δόξαντα
3936 4204 4140 4263 διασα-

2540 4323 2733 4389 φοῦσα,
2764 4314 2929 4378 οὕτως
2959 4315 3150 4388 εἴρηκε.

2613 4406 2671 4464 ι’.
2716 4384 2931 4468 ’Πάντας
2982 4384 3072 4478 μὲν
3129 4402 3296 4477 ἱεροὺς
3323 4399 3560 4467 κανόνας,
3591 4391 3764 4452 πάσας
3791 4384 4141 4465 παραδόσεις,

2541 4499 2712 4553 πάντα
2760 4476 3026 4568 σεϐάσμιοι
3066 4476 3222 4566 ἔθιμα
3267 4497 3359 4551 τῆς
3418 4485 3537 4540 καθ’
3603 4485 3744 4557 ἡμᾶς
3799 4476 4148 4539 πανευσεϐοῦς

2544 4587 2879 4655 Ἐκκλησίας,
2958 4587 3186 4660 στέργειν
3277 4577 3368 4632 καί
3456 4575 3727 4651 φυλάττειν
3789 4570 4147 4646 ἀπαράτρωτά

2528 3867 2788 3934 πίσκοπον
2861 3869 2961 3914 τῶν
3040 3862 3299 3928 Λατίνων,
3374 3857 3439 3917 ὣς

2497 4696 2599 4732 ’τε
2688 4677 2778 4731 καί
2855 4659 3288 4750 άπαρὴχείρητα
3377 4666 3469 4720 καί
3563 4663 3712 4740 χιιρί
3785 4660 3876 4714 καί
3937 4659 4145 4733 ⁹γλώττῃ

2547 4767 3031 4840 διεϐεϐαιωσάμεθά
3085 4783 3138 4817 τε
3188 4761 3278 4814 καί
3346 4758 3501 4812 εἰσέτι
3558 4750 4001 4824 διαϐέϐαιούμεθα
4053 4756 4149 4802 τοῦ

2546 4863 2775 4936 Χριστοῦ
2832 4839 2907 4931 rp”,
2973 4857 3162 4928 χάριτι
3225 4850 3546 4909 πεποιθότες.
3615 4844 3718 4899 Καὶ
3811 4843 3913 4916 ’γάρ
4010 4839 4149 4891 οὕτω

2545 4928 2635 5004 καί
2707 4928 3102 5025 ὶνεγραψάμεθα
3174 4942 3265 4995 καί
3342 4938 3774 5014 ὡμολογήσαμεν,
3842 4929 3959 4984 καθ’
4023 4928 4152 5002 ήμί-

2546 5063 2640 5118 ραν
2688 5040 2779 5092 καί
2871 5037 2996 5110 ὑπερ
3063 5036 3254 5088 τούτων
3320 5031 3640 5100 πυκτεύομεν
3703 5021 3795 5076 καί
3862 5019 4150 5092 εὐχόμεθα,

2549 5112 2687 5195 όπως
2735 5129 2792 5183 αἶ
2845 5147 2898 5182 τε
2956 5132 3153 5200 χεῖρες,
3204 5125 3234 5182 ἦ
3297 5140 3351 5174 τε
3435 5121 3598 5192 φωνὴ,
3652 5121 3742 5169 τοῦ
3803 5112 4144 5184 πατριάρχου

2557 5625 2611 5679 et
2628 5618 2953 5689 confectum
2973 5616 3162 5684 gestas
3174 5623 3206 5689 ,'_
3217 5623 3333 5682 quo
3353 5604 3574 5689 nutrfti
3595 5601 3700 5686 qui
3713 5595 4166 5689 spiam-sulfura

2557 5676 2612 5750 et
2627 5676 2809 5749 inesse
2822 5676 3420 5761 famicnecdbamur,
3433 5694 3464 5737 e
3479 5676 3825 5734 discrimine
3844 5676 4162 5728 evasimus.

790 5783 967 5840 illum
985 5762 1139 5842 nov—0
1155 5762 1562 5852 naturamque
1589 5762 1911 5850 superante
1930 5762 2103 5831 modo
2142 5762 2479 5829 excultum.
2560 5767 2703 5823 Gen.
2728 5778 2811 5834 ιιι,
2856 5762 2943 5817 18.
