4468 6450
326 339 434 399 609

1560 355 1896 417 EPISTOLA
1932 362 1954 417 Ι
1992 363 2086 420 ΔΙ)
2121 363 2444 428 CYPRIOS.

3569 393 3675 450 6l0

321 460 420 517 εἶεν
478 465 682 537 Ἰακὼϐ,
742 476 836 522 τοῦ
885 475 974 525 καὶ
1031 476 1132 546 πρὸ
1169 479 1412 546 γενέσεως
1437 477 1794 551 ἀγαπηθέντος
1822 484 1922 538 ὑπό
1951 490 1999 544 Α
2031 490 2085 544 γε

321 560 458 584 n--.-.
501 553 669 584 'n--..
712 553 771 584 ,ΩΑ
822 579 881 584 _._
939 561 1024 584 μοί-
1087 561 1269 584 ria},
1353 571 1364 584 .
1547 567 1628 584 ι...
1866 581 1885 584 -
2036 580 2044 584 .

1904 487 1922 538 5
1951 490 1999 544 Α
2031 490 2452 550 Verumtamen
2469 494 2570 584 ubi
2581 496 2748 554 nulla
2758 499 3018 571 injicitur
3029 503 3332 567 abdicatio
3344 526 3668 584 canonum,

320 553 669 609 Θεοῡ.’οπου
710 553 771 611 δέ
821 579 881 630 γε
935 561 1028 613 οὑκ
1081 561 1364 618 έπισείεταί
1406 587 1486 630 τις
1537 567 1778 633 ἀθέτησις
1822 581 1922 626 τῶν

317 647 565 712 κανόνων,
622 653 724 698 τῶν
777 646 1142 722 παραδόσεων,
1196 661 1295 706 τῶν
1357 653 1563 729 έθίμων,
1612 658 1773 722 αὑτῆς
1826 669 1925 725 τῆς

317 735 567 804 πίστεως,
615 738 660 788 εἶ
712 741 765 790 τί
815 758 915 792 που
965 738 1259 814 εὖμεθόδως
1314 750 1405 798 καὶ
1457 745 1801 823 ἀπροσκόπως
1858 759 1918 824 τῇ

317 820 608 896 Ἐκκλησία
689 832 924 900 Χριστοῦ
1001 830 1256 902 μετελθεῖν
1333 820 1651 894 δυνήσονται
1707 844 1756 891 οί
1812 820 1922 892 Ku-

316 928 466 982 πριοι
495 909 792 982 έπίσκοποι,
849 915 950 969 κὸα
995 927 1086 972 τοῦ
1149 916 1321 974 δοκεῖν
1375 925 1703 993 ὑποπίπτειν,
1763 947 1922 982 κατα-

316 1003 618 1063 πιπτοὺσας
682 1011 794 1066 ταῖς
858 1004 1142 1076 ἀληθείαις,
1208 1013 1301 1074 τὰς
1376 1012 1569 1067 ἑαυτῶν
1635 1018 1920 1090 ὑποστηρί-

317 1085 459 1149 Eata
511 1091 808 1180 ἰχιλησίας,
863 1100 954 1148 καὶ
1009 1105 1103 1161 τῆς
1160 1097 1526 1175 ἀπειλουμένης
1582 1085 1917 1180 ψυχολέθρου

317 1177 600 1251 συντριϐῆς
651 1179 1018 1258 ἁπαλλήξαιεν,
1068 1195 1428 1260 συγγνωστέον
1480 1192 1542 1244 οἶν
1610 1189 1758 1266 οἶμαι
1824 1177 1917 1256 ἧς

310 1270 565 1331 τοιαύτης
630 1271 948 1346 οἰκονομίας,
1015 1275 1045 1335 ἣ
1105 1276 1296 1348 μᾶλλον
1352 1279 1508 1333 εἰπεῖν
1565 1283 1913 1356 ὑποκρίσεως,

310 1359 402 1408 καὶ
457 1355 826 1414 ὅσιαταιτίατον
1027 1364 1416 1442 ἁκαταιτίατοι]
1480 1369 1914 1442 λογισθήσονται,

308 1447 402 1496 τόν
429 1450 594 1518 μέγαν
621 1450 821 1504 Παῦλον
851 1452 924 1514 είς
948 1460 1102 1508 τοῦτο
1143 1462 1428 1530 συνήγορον
1455 1462 1683 1531 ἔχοντες.

387 1533 471 1591 ια’.
537 1535 683 1592 Ἑπεὶ
747 1535 835 1592 οὖν
895 1542 1054 1605 οὕτως
1124 1547 1154 1603 ἡ
1218 1555 1313 1608 τῆς
1370 1549 1515 1620 ἡμῶν
1576 1555 1915 1624 μετριότητος

312 1619 605 1695 διάγνωσις
679 1627 1047 1702 ἐπηγγέλλετο,
1127 1639 1216 1687 καὶ
1294 1619 1590 1710 παρίστατό
1667 1619 1918 1698 τηνικάδε

307 1711 512 1777 πλῆθος
562 1719 623 1768 οὐ
679 1722 935 1792 μετρητὸν
983 1730 1083 1773 τῶν
1146 1732 1240 1785 τῆς
1306 1731 1698 1781 Κωνσταντίνου
1767 1731 1920 1804 θρεμ-

2033 579 2440 680 ςοῶϋοῑιιιω,
2470 583 2714 653 rituum,
2745 588 2934 660 ipsius
2959 591 3118 660 ﬁdei,
3153 596 3201 652 si
3228 599 3376 670 quid
3405 579 3674 680 episcopi

2032 666 2231 739 Cyprii
2256 687 2324 726 ex
2352 671 2648 731 industria
2673 679 2731 732 et
2758 678 2902 734 citra
2934 681 3209 740 Ecclesiae
3239 666 3462 747 Christi.
3489 666 3672 752 offen-

2033 755 2262 815 sionem
2291 762 2594 832 potuerint
2618 767 2886 838 exsequi,
2920 773 3100 842 atque
3128 788 3201 829 ex
3221 790 3293 832 eo
3317 779 3485 848 quod
3513 783 3675 841 vide-

2028 841 2254 902 buntur
2282 846 2482 906 delabi
2511 867 2618 922 per
2645 852 2706 908 id
2739 841 3030 914 Ecclesias
3066 877 3206 917 suas
3252 841 3461 924 revera
3506 869 3672 929 deci-

2028 931 2257 1002 dentes,
2301 937 2688 1008 suﬂ'ulserint,
2761 943 3264 1024 liberaverintque
3317 957 3396 1011 ab
3451 960 3671 1019 animm

2026 1024 2363 1094 perniciosa
2388 1030 2738 1088 contritione
2773 1050 2908 1105 qum
2937 1035 3281 1110 intentatur;
3312 1043 3375 1100 in
3406 1045 3521 1104 hac
3558 1066 3673 1122 ego

2027 1116 2362 1173 meonomia
2393 1133 2497 1173 seu
2522 1117 2974 1192 dispensatione
2995 1127 3232 1185 veniam
3260 1130 3530 1193 dandam
3565 1116 3670 1198 ar-

2024 1199 2230 1270 bitror,
2257 1209 2362 1261 aut
2387 1210 2452 1262 ut
2493 1209 2690 1265 verius
2741 1210 2974 1270 dicatur
3025 1215 3089 1271 in
3117 1217 3231 1274 hac
3251 1220 3669 1301 simulatione;

2024 1296 2080 1348 et
2107 1291 2299 1365 culpas
2329 1294 2631 1353 immunes
2661 1301 3113 1388 reputabuntur,
3147 1310 3213 1363 ut
3240 1309 3345 1380 qui
3369 1326 3442 1369 eo
3464 1313 3527 1371 in
3553 1291 3674 1388 [ne-'-

2021 1382 2183 1454 gotio
2211 1398 2507 1454 magnum
2537 1385 2793 1444 Paulum
2819 1394 3141 1461 patronum
3168 1395 3458 1457 habeant.

2094 1541 2180 1596 11.
2223 1544 2545 1616 Postquam
2601 1545 2779 1616 igitur
2801 1563 2917 1621 poc
2943 1556 3120 1622 pacto
3148 1559 3537 1626 pronuntiata
3564 1561 3674 1623 fuit

2024 1636 2245 1688 nostrai
2271 1632 2698 1691 mediocritatis
2718 1641 3027 1711 sententia,
3045 1657 3184 1699 cum
3217 1648 3356 1703 tunc
3386 1652 3674 1723 temporis

2025 1721 2260 1778 adesset
2274 1736 2395 1778 non
2409 1723 2648 1781 modica
2669 1728 3267 1804 Constantinopoleos
3287 1721 3676 1800 alumnorum

307 1803 510 1874 μάτων,
567 1808 784 1880 τριχθεν
844 1805 1186 1884 δεδασμένον,
1244 1813 1312 1874 εἰς
1366 1815 1666 1890 κληρικοὺς,
1726 1803 1988 1892 sirpe-3

1907 1851 1918 1862 .
1948 1837 1988 1890 Β
2026 1826 2185 1883 pars,
2215 1826 2405 1884 eaque
2437 1812 2736 1884 tripliciter
2769 1815 2984 1888 divisa,
3024 1803 3243 1894 nempe
3287 1824 3349 1881 in
3406 1827 3671 1904 clericos,

305 1891 574 1964 νάζοντας,
637 1895 704 1956 εἰς
753 1895 984 1968 λαῐκοὺς,
1043 1908 1143 1953 τῶν
1188 1905 1279 1975 μεν
1338 1899 1444 1963 ἤδη
1501 1911 1590 1958 καὶ
1631 1891 1918 1981 δεδιωγμέ-

305 1999 407 2031 νων
460 1979 670 2051 hac”,
731 1989 820 2038 καὶ
875 1992 1078 2061 μητέρα
1124 1993 1340 2059 ταύτην,
1391 1998 1485 2052 τὴν
1527 2001 1917 2050 Κωνσταντίνου

307 2074 466 2142 φημὶ,
515 2075 908 2145 μεμισηθέντων
966 2074 1060 2131 διὰ
1106 2083 1200 2138 τήν
1249 2085 1378 2155 πρὸς
1429 2085 1516 2135 τόν
1583 2087 1631 2137 εν
1683 2085 1919 2160 οὐρανοῖς

306 2163 522 2232 Πατέρα
582 2162 777 2217 τελείαν
847 2163 1116 2238 ἀγάπησιν
1183 2175 1273 2223 καὶ
1339 2171 1641 2244 ὁμολογίαν,
1729 2172 1923 2249 ἱδρῶσι

305 2256 692 2324 σεμνυνομένων
725 2273 741 2288 ο
810 2263 912 2308 τῶν
981 2254 1035 2310 δ’
1100 2255 1274 2331 αὖθις,
1338 2263 1402 2322 ὡς
1458 2266 1517 2314 τὸ
1570 2262 1922 2338 ’ἀπογεγαλα-

302 2344 604 2414 κτισμένον,
637 2344 722 2396 ἰπὶ
768 2348 862 2403 τὴν
916 2351 1118 2421 μητέρα
1168 2347 1625 2423 ἀναστρεψάντων,
1673 2360 1762 2408 καὶ
1811 2363 1921 2420 τοῖς

301 2438 555 2504 γηραιαίς
585 2431 749 2496 αὐτῆς
779 2438 869 2487 καὶ
916 2445 1219 2509 πτωχικαῖς
1266 2437 1520 2512 ἀγκάλαις
1571 2448 1660 2495 καὶ
1705 2447 1780 2497 ἔτι
1838 2445 1919 2498 έν-

304 2517 663 2592 θαλπομένων,
715 2525 764 2576 οἱ
813 2532 1043 2579 τοιοῦτοι
1108 2532 1203 2587 τὴν
1233 2525 1457 2604 καρδίαν
1487 2529 1790 2597 ἐκζέσαντες
1818 2536 1919 2589 ὑπὸ

301 2616 407 2660 τῶν
437 2613 818 2685 πυρανθροὶκων
843 2622 936 2668 τοῦ
969 2615 1155 2687 ζήλου,
1184 2622 1276 2670 καὶ
1319 2619 1422 2695 πῦρ
1473 2625 1626 2695 οίονεξ
1670 2625 1920 2678 πνεύσαν.

302 2717 409 2769 τες,
443 2701 531 2751 τὸν
556 2699 706 2773 λόγον
735 2699 1164 2778 σφοδρυνόμενοι,
1198 2711 1330 2783 πρὸς
1356 2710 1498 2781 ἡμᾶς
1554 2709 1875 2784 ἆμετείνοντο
1901 2737 1914 2750 ·

521 2791 822 2864 Λαμψάτω,
869 2793 1120 2867 λέγοντες,
1186 2801 1244 2850 τό
1299 2806 1402 2871 φῶς
1454 2801 1595 2872 ὑμῶν
1627 2804 1915 2878 ἔμπροσθεν

303 2886 408 2929 τῶν
465 2878 746 2954 ἀνθρώπων
797 2888 869 2956 μὴ
927 2889 1080 2957 μόνον
1134 2885 1187 2950 ἐξ
1234 2890 1417 2961 ἔργων,
1476 2889 1583 2942 ἀλλ’
1651 2888 1759 2950 ἤδη
1822 2898 1913 2947 καὶ

302 2969 363 3020 εκ
416 2977 514 3021 τῶν
571 2969 734 3043 λόγων
807 2977 974 3027 αὑτων
1005 2995 1018 3009 ο
1081 2981 1170 3030 καὶ
1242 2982 1500 3031 σκοτεινόν
1555 2977 1722 3052 μηδὲν
1774 2979 1915 3054 μηδὲ

303 3055 502 3130 ἀσαφὲς
572 3068 686 3123 ταῖς
771 3062 1040 3140 ὑμετέραις
1107 3062 1456 3139 διαγνώσεσιν
1553 3068 1908 3142 ὶγιιυπτέσθω.

2024 1902 2086 1956 in
2117 1901 2470 1971 monachos,
2501 1901 2561 1957 in
2585 1902 2790 1973 laicos;
2826 1922 3087 1978 quorum
3115 1910 3213 1966 alii
3237 1913 3366 1984 jam
3390 1915 3551 1974 illinc
3579 1901 3675 1978 fu;

2027 1990 2148 2061 gati
2173 1990 2407 2046 fuerant
2433 1995 2613 2062 atque
2643 1991 2784 2049 odio
2812 1993 3000 2051 habiti
3047 2004 3290 2072 propter
3345 2004 3674 2075 perfectam

2026 2095 2170 2150 erga
2185 2079 2488 2136 cmlestem
2518 2081 2754 2137 Patrem
2776 2082 3124 2142 charitatem
3145 2093 3200 2144 et
3237 2091 3677 2154 confessionem

2025 2170 2132 2241 qui
2162 2175 2218 2224 et
2246 2169 2568 2225 sudoribus
2589 2169 3021 2246 laboribusque
3059 2176 3182 2232 suis
3210 2177 3675 2256 decorabantur;

2028 2257 2128 2314 alii
2148 2274 2374 2325 rursus,
2407 2263 2698 2331 tanquam
2721 2260 3094 2321 ablactatum
3124 2267 3167 2332 7,
3193 2267 3272 2323 ad
3302 2276 3555 2330 matrem
3585 2289 3676 2332 re-

2028 2347 2262 2403 dierant
2288 2349 2568 2437 (matrem
2595 2348 2731 2405 dico
2777 2349 2934 2407 hanc
2989 2354 3357 2415 Constantini
3410 2361 3672 2437 urbem),

2028 2435 2347 2510 adhucque
2376 2436 2635 2494 anilibus
2665 2443 2722 2494 et
2751 2438 3035 2512 inopibus
3083 2444 3213 2515 ejus
3259 2447 3417 2504 ulnis
3472 2435 3677 2510 confo-

2029 2531 2256 2590 ventur;
2285 2526 2639 2597 hujusmodi
2661 2528 2938 2586 homines
2967 2533 3147 2590 corde
3186 2552 3260 2592 ex
3310 2537 3510 2609 ignitis
3566 2542 3678 2601 zeli

2027 2615 2391 2672 carbonibus
2420 2616 2650 2687 fervidi,
2673 2633 2743 2675 ac
2769 2619 2933 2678 velut
2960 2621 3162 2692 ignem
3185 2626 3504 2699 spirantes,
3529 2631 3674 2690 aerii

2024 2721 2171 2762 voce
2201 2706 2313 2772 usi,
2344 2706 2406 2761 in
2431 2721 2546 2762 nos
2577 2708 3041 2768 contendebant.

2100 2801 2180 2851 t2.
2234 2795 2522 2851 Dicentes:
2558 2798 2893 2854 Luceatlux
2924 2805 3122 2859 vestra
3157 2819 3364 2863 coram
3415 2807 3675 2868 homini-

2019 2884 2158 2954 bus,
2188 2901 2312 2942 non
2333 2885 2529 2942 solum
2550 2901 2621 2943 ex
2668 2889 2970 2962 operibus,
3021 2891 3126 2948 sed
3152 2898 3210 2950 et
3230 2895 3361 2964 jam
3416 2912 3489 2953 ex
3527 2900 3676 2972 ipsis

2020 2973 2220 3031 verbis
2248 2973 2599 3048 ';nihilque
2649 2977 3035 3036 tenebrosum
3093 2985 3196 3040 aut
3245 2983 3576 3045 obscurum
3612 2989 3676 3048 in

2020 3065 2234 3122 vestris
2261 3065 2512 3122 decretis
2550 3067 2899 3125 occultetur.
2955 3073 3039 3126 Ex
3083 3071 3156 3128 iis
3211 3089 3348 3147 quas
3403 3079 3675 3151 perpessi

303 3145 594 3222 Ἐμοὶθομεν
662 3149 747 3224 ἀφ’
813 3149 882 3205 ὧν
941 3152 1195 3228 έπάθομεν
1260 3161 1354 3215 τὴν
1421 3163 1705 3218 Λατινιχὴν
1767 3157 1914 3215 δολο·
1943 3156 1984 3213 C
2024 3170 2067 3209 8|

1911 3194 1914 3203 .
1943 3156 1984 3213 C
2024 3170 2254 3223 sumus,
2273 3155 2619 3212 Latinorum
2633 3155 2878 3214 fraudes
2905 3145 3249 3220 didicimus:
3281 3145 3675 3225 Nos—abunde

301 3234 545 3293 πλοκίαν.
631 3236 802 3314 Ἠμείς
877 3241 1171 3316 ἀρκούντως
1245 3245 1424 3310 αὑτοῖς
1502 3248 1908 3324 συνεπλάκημεν,

301 3326 467 3380 πολὺν
548 3325 825 3404 ἀνέτλημεν
913 3335 1178 3407 κάματον,
1271 3334 1742 3413 ἕγκαρτερήσαντες
1825 3362 1916 3414 φυ-

301 3415 508 3485 λακαῖς,
584 3426 678 3481 τῆς
755 3418 1089 3495 ἔνεκγαμένης
1159 3422 1514 3497 ἀπελαθέντες,
1591 3426 1918 3504 έξυϐρισθέν-

302 3525 386 3569 τες
415 3506 488 3571 εἰς
511 3510 572 3561 τὸ
627 3516 718 3563 τοῦ
769 3516 1019 3585 πώγωνος
1074 3518 1322 3588 σέμνωμα
1372 3517 1450 3590 (5)
1498 3538 1510 3552 ·
1566 3521 1668 3572 κὰκ
1720 3523 1915 3574 τούτων

303 3598 513 3650 πάντων
595 3600 690 3662 τὰς
770 3603 939 3655 αὑτῶν
1017 3600 1370 3679 ῥᾳδιουργίας
1445 3607 1916 3683 ἐκμεμελετήκαμεν

306 3683 554 3760 ἀκριϐῶς.
618 3693 836 3743 Λατῖνοι
889 3690 1018 3745 ἄλλα
1083 3696 1173 3766 μεν
1242 3693 1525 3768 βάζουσιν,
1579 3697 1709 3751 ἄλλα
1766 3694 1816 3752 δ’
1870 3698 1918 3752 έν

307 3779 464 3849 φρεσὶ
518 3778 788 3835 κεύθουσι.
854 3786 1019 3857 Χερσι
1083 3789 1270 3857 χεῖρας
1335 3783 1574 3858 ἐμϐαλεῖν
1633 3785 1920 3842 ἀπαιτοῦσι

305 3866 398 3924 τὰς
462 3864 715 3940 ἡμετέρας
778 3875 897 3932 ταῖς
953 3869 1171 3941 ἑαυτῶν,
1231 3878 1322 3926 καὶ
1377 3881 1529 3927 τοῦτο
1585 3879 1917 3930 παντάπασιν

308 3952 682 4010 ἁκαταετίατον
757 3963 848 4013 καὶ
932 3957 1275 4020 ἀνεπίληπτον
1356 3963 1748 4040 ἰσχυρίζονται.
1847 3971 1918 4022 Τὸ

307 4040 372 4097 δι
423 4041 576 4099 οὐδέν
626 4065 680 4100 τι
735 4048 900 4123 ἔτερόν
964 4048 1107 4104 ἔστιν
1173 4050 1281 4106 ἀλλ’
1348 4053 1378 4114 ἦ
1440 4053 1916 4131 πατροπαραδότου

302 4137 533 4198 πίστεως
586 4132 855 4212 προδοσία
909 4143 999 4194 καὶ
1065 4146 1404 4216 χειραγωγία
1459 4148 1587 4220 πρὸς
1645 4147 1915 4221 ὑποταγὴν

300 4231 399 4287 τῆς
459 4233 600 4299 σφῶν
653 4225 987 4303 Ἐκκλησίας,
1055 4236 1145 4285 καὶ
1198 4236 1271 4294 εὶς
1323 4233 1478 4288 πάνθ’
1534 4237 1638 4289 ὅσα
1699 4239 1765 4291 τὰ
1817 4246 1916 4302 τῆς

295 4311 556 4390 γηραλέας
576 4318 806 4373 εἴθισται
835 4318 1040 4394 Ῥώμης
1064 4321 1672 4400 παραληραφρονήματα.

2024 3260 2162 3300 cum
2191 3244 2262 3301 iis
2284 3245 2590 3316 congressi
2621 3249 3127 3316 sumus,multum
3155 3250 3379 3310 laboris
3408 3254 3678 3315 toleravi-

2023 3349 2182 3401 mus,
2214 3333 2612 3407 perdurantes
2637 3336 2698 3393 in
2730 3337 3094 3408 carceribus,
3121 3355 3158 3398 a
3181 3342 3375 3414 patria
3417 3345 3674 3418 expulsi,

2024 3422 2086 3478 in
2114 3422 2322 3480 barbm
2342 3424 2526 3481 decus
2572 3427 2936 3484 contumelia
2974 3427 3190 3499 affecti;
3245 3435 3427 3505 atque
3479 3450 3554 3491 ex
3602 3435 3677 3492 iis

2026 3513 2332 3584 omnibus,
2360 3513 2534 3587 plene
2563 3514 2803 3572 illorum
2848 3516 3118 3576 fallacias
3174 3517 3371 3579 edocti
3437 3539 3676 3584 sumus.

2029 3602 2219 3660 Latini
2248 3603 2367 3661 alia
2395 3603 2646 3677 quidem
2671 3604 3022 3679 loquuntur,
3046 3607 3165 3666 alia
3192 3625 3334 3667 vero
3357 3612 3420 3668 in
3459 3615 3676 3672 menti-

2026 3690 2142 3748 bus
2168 3692 2470 3750 occulunt.
2503 3694 2817 3752 Postulant
2852 3701 2919 3752 ut
2948 3698 3236 3755 manibus
3266 3701 3486 3758 man’us
3543 3703 3677 3775 inji-

2028 3779 2280 3849 cientur,
2308 3787 2526 3840 nostra
2556 3783 2703 3852 suis,
2730 3784 2912 3859 idque
2937 3787 3189 3844 omnino
3226 3793 3392 3848 extra
3434 3791 3678 3864 culpam

2027 3875 2085 3928 et
2109 3872 2642 3944 reprehensionem
2663 3889 2793 3931 esse
2819 3881 3185 3947 asseverant;
3217 3894 3358 3935 cum
3377 3879 3494 3937 hoc
3528 3880 3681 3938 nihil

2025 3959 2190 4018 aliud
2218 3964 2311 4032 sit,
2332 3977 2522 4037 quam
2548 3961 2690 4022 ﬁdei
2710 3979 2746 4022 a
2770 3965 3105 4038 majoribus
3135 3968 3366 4027 tradita
3396 3971 3679 4044 proditio,

2026 4055 2085 4110 et
2107 4052 2501 4110 manuductio
2531 4053 2611 4111 ad
2639 4053 3052 4114 obedientiam
3110 4057 3352 4116 illorum
3406 4059 3679 4120 Ecclesia:

2026 4141 2455 4212 exhibendam,
2483 4147 2664 4218 atque
2696 4145 2777 4202 ad
2798 4147 3008 4205 omnia
3031 4146 3211 4221 plane
3260 4147 3677 4212 deliramenta.

2023 4248 2162 4306 qua:
2183 4234 2246 4291 in
2275 4232 2446 4292 senili
2469 4235 2661 4294 Roma
2685 4241 3076 4310 usurpantur.

374 4405 464 4478 ιγ’·
527 4405 630 4461 Οἴα
690 4410 790 4484 γὰρ
851 4407 931 4465 ἀεὶ
997 4410 1241 4486 πολέμοις
1306 4411 1758 4490 ἀναστρεφόμενοι,
1826 4431 1912 4482 καὶ
1941 4405 1988 4461 D
2099 4418 2138 4470 1:

1941 4405 1988 4461 D
2099 4418 2184 4472 13.
2226 4417 2378 4472 Nam
2407 4417 2611 4489 utpote
2633 4429 2872 4489 semper
2897 4415 2962 4473 in
2989 4415 3161 4474 bellis
3184 4417 3426 4483 versati,
3453 4419 3681 4493 quique

296 4496 538 4573 καθαρῶς
589 4501 939 4573 τυγχάνοντες
992 4500 1286 4578 ἁρειμοὲνιοι
1327 4507 1514 4569 πάντες
1564 4507 1695 4580 όμοῦ
1739 4506 1912 4562 λαῑκοί

294 4603 355 4638 τε
403 4590 495 4640 καὶ
545 4587 694 4663 ἱερεῖς
742 4588 931 4660 αὑτῶν,
987 4596 1079 4646 καὶ
1134 4594 1291 4667 ἔθιμα
1343 4603 1444 4648 τῶν
1488 4594 1721 4670 πολέμων
1761 4596 1912 4672 ἠκρί-

296 4674 565 4750 suam“,
619 4685 710 4734 καὶ
755 4682 900 4735 τοῦτ’
957 4685 1085 4737 αὐτὸ
1133 4687 1194 4738 τὸ
1242 4681 1457 4741 διδόναι
1485 4695 1668 4764 χεῖρας
1699 4695 1913 4762 σημεῖον

293 4770 458 4831 ἣττης
520 4770 612 4822 καὶ
667 4770 946 4834 παντελοῦς
1015 4769 1339 4840 δουλοσύνης
1385 4778 1713 4852 νομίζουσιν,
1766 4777 1912 4841 ὡςέν

290 4862 415 4921 ταῖς
465 4859 669 4934 μάχαις
719 4859 965 4918 εἰώθασιν
1013 4865 1064 4918 οἱ
1115 4864 1450 4942 ἁλισκόμενοι
1511 4864 1666 4944 δρᾷν.
1725 4874 1911 4947 Παρα-

369 4984 752 5063 Psal."cxxx,
784 4991 1068 5051 2.'latth.
1105 5009 1227 5068 xvr,
1265 4998 1320 5053 5.

368 5109 910 5196 (5)."l'16u69t00éyrs;
966 5122 1037 5196 εζς
1103 5120 1164 5172 τὸ
1216 5126 1311 5174 τοῦ
1375 5124 1624 5194 πώγωνος
1705 5123 1908 5196 σίμνω-

286 5199 390 5257 μα.
422 5185 492 5269 ει
515 5184 672 5269 intra
704 5202 767 5246 n.
795 5189 863 5246 15
891 5205 930 5269 :_
948 5193 1018 5269 Τό
1069 5184 1480 5269 πετριχρμένοί
1509 5184 1617 5248 τοῦθ
1656 5184 1909 5269 πώγωνος

283 5260 864 5339 κειρόμεναεχόσμημα.
896 5260 1491 5339 Dpﬂrb'm'ae'core,
1532 5270 1590 5323 et
1637 5265 1712 5324 de
1747 5260 1906 5339 iniu-

281 5328 385 5386 ria
405 5328 553 5412 erga
574 5328 855 5412 barbam,
883 5333 1342 5412 adWillelmum
1362 5328 1605 5412 Tyrium
1615 5328 1904 5411 ,aliosq'ue

2025 4501 2141 4562 sint
2173 4503 2355 4579 plane
2384 4504 2568 4562 Martii
2597 4505 2817 4576 cuncti,
2847 4504 2987 4563 laici
3028 4506 3208 4564 simul
3236 4512 3292 4565 et
3339 4508 3682 4567 sacerdotes

2023 4609 2255 4664 eorum,
2278 4598 2457 4667 atqne
2479 4593 2774 4652 bellorum
2802 4594 3070 4654 instituta
3090 4597 3281 4670 probe
3304 4598 3597 4666 noverint,
3618 4598 3684 4657 id

2021 4684 2244 4758 ipsum,
2275 4684 2509 4742 tradere
2529 4697 2771 4756 manus,
2803 4690 3051 4743 censent
3077 4701 3212 4744 esse
3233 4687 3476 4760 signum
3520 4688 3683 4746 devi‘

2022 4773 2233 4832 ctionis
2262 4778 2319 4833 et
2346 4772 2715 4832 omnimodas
2767 4774 3088 4833 servitutis:
3157 4777 3684 4851 quemadmodum

2019 4864 2083 4923 in
2108 4863 2328 4939 praah'is
2369 4864 2413 4924 ii
2451 4864 2648 4925 facere
2705 4863 2901 4924 solent
2950 4866 3057 4940 qui
3111 4867 3379 4941 superati
3418 4868 3682 4928 fuerunt.

2018 5119 2289 5195 oratione
2309 5118 2596 5195 historica
2619 5117 2695 5195 de
2715 5117 2869 5176 festo
2898 5118 3288 5195 restitutionis
3309 5121 3681 5195 imaginum,

2016 5197 2183 5249 Auct.
2218 5193 2261 5249 ll
2299 5190 2570 5269 Combef.
2600 5190 2852 5269 refertur
2897 5191 3066 5265 quod
3101 5190 3479 5269 Theophilus"
3492 5190 3682 5269 impeL

2015 5270 2178 5322 rator
2211 5268 2585 5339 quaestorem
2631 5264 2936 5339 iniquum,
2981 5265 3240 5336 graviter
3257 5264 3681 5339 :ﬂagellatu‘m,

2014 5335 2319 5413 caputque
2349 5352 2490 5393 cum
2523 5335 2717 5392 barba
2737 5335 3059 5413 adustum,
3103 5342 3160 5394 et
3217 5335 3473 5396 oblitum
3526 5335 3684 5413 pice,

285 5400 724 5494 εισιέι-Ῑεεὶςιιίε.
742 5400 884 5488 γῆς-ίῖ
908 5407 1139 5494 οίξαιοε,
1171 5406 1329 5467 adde
1350 5400 1685 5494 ⁸ιξι-Ξειίρίιθ
1712 5400 1903 5494 vitam
1986 5400 2940 5494 “exsilio-perpetuomultaverit;
2990 5400 3168 5494 Teste.
3187 5416 3424 5494 Aautem
3454 5400 3686 5494 Joanne

285 5473 581 5556 Stephani
593 5474 853 5556 junioris
870 5476 931 5534 in
953 5473 1329 5556 Damasceno
1345 5473 1698 5556 _f.’_4789,dum
1719 5483 1902 5556 histo-
1981 5473 2307 5556 3’Cinnam'p
2327 5473 2738 5556 Historiarum
2761 5479 3111 5556 lib.__ll,_cap.
3137 5482 3236 5556 io,
3258 5481 3516 5556 Niphon,
3566 5484 3688 5542 hm-

279 5545 427 5602 ricis
442 5545 961 5629 IOrientaliurnque
983 5552 1278 5625 synodica
1287 5553 1368 5612 ad
1379 5545 1778 5629 Theophilum
1793 5555 1901 5629 im-

2009 5554 2230 5626 reticus
2254 5553 2599 5626 Bogomilus
2623 5552 2924 5626 synodali,
2960 5552 3190 5626 judicio
3220 5552 3683 5626 condemnatus,

277 5619 742 5709 perat‘otrémnde
763 5619 1626 5709 CapronimomecnonVitam
1647 5629 1705 5686 S.
1727 5626 1898 5709 Sab_se
2006 5625 2219 5709 barba,
2252 5619 2440 5709 quam
2477 5625 2557 5684 ad
2586 5619 2754 5693 talos
2781 5619 2980 5709 usque
3021 5630 3374 5709 protensam
3416 5619 3682 5704 gerebat,

279 5703 423 5762 cap.
451 5693 541 5762 22,
573 5697 632 5752 et
652 5691 969 5756 Clementis
987 5691 1375 5761 Alexandrini
1391 5700 1814 5775 Pardagogum.
1831 5703 1898 5759 1n

2009 5698 2247 5772 derasa,
2270 5698 2338 5759 in
2361 5712 2668 5760 carcerem
2715 5698 3167 5774 conje'etus’est.
