4468 6450
778 423 875 486 6M
1927 365 2237 444 GERMANi
2276 388 2323 441 11
2363 384 2466 440 CP.
2507 377 2974 437 PATRIABCHzE
4033 376 4136 437 θη

776 519 1092 576 Hortamur
1119 534 1260 590 ergo
1290 523 1356 574 ut
1392 515 1697 591 synodicis
1748 514 1998 570 decretis
2081 513 2197 568 hoc
2248 510 2429 566 etiam
2458 511 2506 566 A

2374 525 2429 564 m
2458 511 2506 566 Α
2544 507 2792 579 καλοῦμεν
2850 501 2937 557 οὖν
2977 503 3236 563 ἐντεθῆναι
3292 503 3459 577 ῥητῶς
3512 510 3624 563 ταῖς
3679 501 3982 569 συνοδικαῖς
4024 504 4138 559 δια-

777 624 1055 681 expresse
1075 588 1390 676 inseratur,
1405 588 1480 663 ne
1509 605 1665 662 Italis
1697 604 1894 676 Cyprii
1925 618 2146 658 manus
2172 600 2427 666 tradant;
2539 621 2541 628 λ

2373 603 2427 666 ιι;
2539 601 2767 667 γνώσεσι
2801 599 2889 646 καὶ
2953 597 3012 646 τὸ
3079 589 3217 665 μηδὲ
3282 600 3469 665 χεῖρας
3531 588 3714 645 δοῦναι
3773 603 3878 656 τοῖς
3940 595 4137 658 Ιταλοῖς

774 697 908 752 licet
931 713 1025 753 res
1063 713 1186 753 non
1216 697 1400 766 digna
1430 695 1561 750 visa
1589 693 1780 758 fuerit,
1842 692 2015 763 cujus
2071 705 2178 763 per
2224 703 2430 744 sacros

2375 703 2430 742 )s
2538 689 2654 744 τούς
2704 687 2962 758 Κυπρίους
2991 703 3002 716 ·
3064 682 3107 734 εἰ
3152 685 3240 733 καὶ
3291 689 3401 743 τοῖς
3454 683 3606 756 ἱεροῖς
3655 687 3867 735 κανόσιν
3899 683 4139 757 ἀμνημό-

775 800 1040 841 canones
1070 788 1294 841 mentio
1323 784 1510 840 ﬁeret.
1542 782 1690 837 Nam
1725 781 1841 836 nisi
1870 783 1953 836 ita
1989 779 2113 846 ﬁat,
2154 781 2430 849 apertum
2537 795 2539 801 ε

2373 791 2430 830 m
2537 791 2709 824 νευτον
2761 773 3221 846 παρατεθεώρηται
3273 777 3442 825 τοῦτο.
3504 771 3563 824 Εἰ
3612 773 3714 846 γὰρ
3771 776 3842 844 μὴ
3894 773 4028 825 οὕτω
4055 794 4137 845 γε-

772 872 1103 944 periculum
1155 879 1262 942 est,
1311 877 1376 928 ut
1423 886 1566 927 mox
1610 868 1889 926 concidat
1937 864 2430 944 quadrangulum

2374 881 2430 920 [η
2537 866 2771 926 νήσεται,
2846 857 3087 922 κίνδυνος
3159 864 3426 933 προφανὴς
3490 864 3584 918 τήν
3657 863 3974 935 τετράγωνον
4049 867 4138 915 καὶ

770 962 1223 1035 ﬁrmumqueac
1251 959 1768 1034 irreprehensibile
1806 956 2157 1030 pontiﬁcum
2213 955 2318 1028 qui
2375 960 2429 1010 te

2375 960 2429 1010 te
2541 952 2746 1024 στερεὰν
2803 953 2891 1001 καὶ
2945 945 3083 1021 δίχα
3141 947 3311 1019 ψόγου
3365 956 3462 1000 τῶν
3493 953 3592 1024 πρὸ
3626 955 3719 1001 σοῦ
3751 947 4034 1024 ἀρχιερέων
4066 950 4138 1003 οἱ·

773 1057 1204 1123 ρνεεοθεεθτυυι
1233 1050 1574 1120 aedificium,
1602 1047 1769 1122 quod
1795 1047 1875 1103 illi
1905 1045 2214 1119 permultis
2246 1044 2427 1101 sudo-
2536 1061 2537 1065 ‘

2372 1061 2427 1100 ο-
2536 1036 2764 1110 κοδομὴν
2852 1040 2974 1112 οἶρτι
3072 1045 3404 1104 καταπεσεῖν,
3505 1039 3566 1096 ἣν
3668 1037 3848 1091 ἐκεῖνοι
3917 1046 4136 1111 συχνοῖς

773 1140 941 1197 ridus
969 1139 1287 1212 longisque
1313 1153 1567 1211 operum
1597 1137 1908 1194 laboribus
1947 1138 2424 1199 construxerunt,

2371 1138 2424 1199 ιι,
2540 1123 2732 1212 ἱδρῶσι
2824 1132 2914 1178 καὶ
3002 1128 3381 1200 ἐργομοχθίαις
3469 1133 3691 1199 μακραῖς
3776 1124 4135 1200 ἀνεδείμαντο,

772 1227 1039 1303 quotidie
1069 1211 1326 1284 suisnos
1356 1227 1665 1283 ﬁrmantes
1690 1225 1950 1296 monitis,
1980 1232 2037 1280 et
2068 1239 2247 1296 super
2286 1237 2430 1295 apo-

2371 1237 2430 1278 ο-
2536 1211 2879 1289 ἐπερείδοντες
2931 1217 3260 1274 καθεκάστην
3315 1217 3455 1288 ἡμᾶς
3506 1224 3623 1278 ταῖς
3686 1219 3980 1278 νουθεσίαις
4041 1217 4135 1269 αύ-

773 1317 1066 1373 stolorum
1095 1316 1558 1373 fundamentum
1595 1313 1987 1379 stabilientes,
2037 1327 2187 1368 neve
2242 1318 2426 1368 tenta-
2534 1327 2537 1335 ί

2371 1327 2426 1368 ει-
2534 1311 2657 1373 τῶν,
2720 1304 2809 1356 καί
2864 1313 2937 1376 τῷ
2992 1304 3204 1377 θεμελίῳ
3269 1313 3370 1357 τῶν
3443 1304 3746 1358 ἀποστολων
3811 1303 4135 1378 ἐδράζοντες,

771 1394 1002 1464 tionum
1037 1406 1255 1462 ﬂuvios
1310 1421 1382 1462 ac
1437 1409 1649 1462 ventos
1699 1405 2048 1460 timeremus
2103 1402 2421 1459 adhortati.
2533 1413 2535 1421 ‘

2374 1402 2421 1458 ἀ,
2533 1397 2622 1445 καὶ
2685 1397 2755 1465 μὴ
2817 1389 3110 1446 δεδοικέναι
3164 1397 3282 1454 τοὺς
3345 1402 3444 1446 τῶν
3511 1403 3814 1470 πειρασμῶν
3874 1397 4138 1467 ποταμοὺς

1016 1486 1032 1499 '
2532 1477 2672 1554 μηδέ
2700 1485 2816 1542 τοὺς
2846 1480 3063 1554 ἀνέμους
3087 1484 3465 1555 ὑποτιθέμενοι.

842 1571 1095 1634 14.Οιιεθ
1117 1583 1256 1623 cum
1281 1569 1487 1623 astans
1518 1565 1791 1638 piissima
1818 1563 2010 1637 plebs,
2043 1563 2269 1619 fervido
2298 1563 2424 1619 zelo

2371 1563 2424 1619 l0
2607 1567 2695 1624 ιδ’.
2747 1577 2923 1623 Ταῦτα
2968 1579 3060 1624 τοῦ
3109 1578 3495 1645 παρεστηκότος
3520 1571 3982 1645 φιλευσεϐεοκτάτου
4007 1572 4135 1626 λαοῦ

770 1661 1232 1730 prosequeretur
1271 1655 1348 1713 ad
1378 1661 1649 1711 nostram
1677 1653 2150 1709 mediocritatem
2190 1651 2423 1725 synodo

2369 1651 2423 1707 l0
2536 1658 2704 1730 θερμῷ
2751 1666 2822 1729 τῷ
2878 1657 3017 1731 ζήλῳ
3072 1664 3204 1734 πρὸς
3249 1664 3341 1718 τὴν
3398 1663 3544 1733 ἡμῶν
3605 1659 3997 1735 ἀποτεινομένου
4038 1680 4133 1733 με-

767 1745 1600 1817 praesidentem,conspiciens
1614 1741 1992 1799 mediocritas
2015 1745 2239 1804 nostra,
2257 1740 2424 1812 quod

2372 1740 2424 1795 id
2533 1750 2785 1820 τριότητα
2860 1751 3260 1822 προκαθημένην
3349 1746 3655 1819 συνοδικῶς,
3743 1754 3771 1810 ἠ
3863 1755 4136 1825 μετριότης

767 1833 864 1892 hic
890 1835 1243 1891 oeconomiae
1270 1833 1420 1890 ratio
1445 1833 1686 1904 juvaret
1702 1831 1868 1899 nihil,
1892 1831 1998 1887 sed
2029 1830 2224 1900 magis
2256 1829 2423 1886 ﬁeret
2454 1827 2493 1882 Β

2371 1834 2423 1886 et
2454 1827 2493 1882 Β
2533 1836 2678 1908 ἡμῶν
2711 1832 3004 1889 συνιδοῦσα
3034 1839 3098 1898 ὡς
3125 1837 3346 1891 ἐνταῦθα
3371 1840 3397 1890 ὁ
3427 1847 3520 1902 τῆς
3551 1839 3843 1913 οἰκονομίας
3872 1839 4022 1912 λόγος
4051 1839 4135 1892 ού-

767 1924 1078 1993 tumultus;
1106 1923 1392 1998 quodque
1422 1938 1545 1979 non
1572 1921 1756 1978 modo
1786 1937 1908 1977 non
1953 1925 2115 1976 recta
2164 1921 2297 1992 ipsa
2343 1919 2422 1975 ad

2368 1919 2422 1975 Ld
2534 1921 2619 1977 δεν
2647 1925 2841 1997 ὠφελεῖ,
2876 1925 3003 1979 ἀλλά
3047 1927 3236 2000 μᾶλλον
3284 1926 3499 2001 θόρυϐος
3541 1934 3742 2000 γίνεται
3771 1951 3783 1963 ο
3837 1934 3926 1982 καὶ
3969 1932 4034 1990 ὡς
4073 1928 4132 1981 ού

767 2014 1132 2072 servandam
1162 2012 1567 2086 percelebrem
1598 2013 1860 2084 Cyprum
1888 2011 2016 2082 jam
2037 2008 2420 2078 naufragium
2530 2079 2531 2084 η

2369 2024 2420 2063 m
2530 2018 2681 2087 μόνον
2731 2015 2825 2067 ούκ
2880 2015 3148 2070 εύθυπ).οεῖ
3192 2018 3324 2076 αὕτη
3370 2021 3499 2092 πρὸς
3527 2023 3619 2077 τὴν
3649 2023 3970 2092 περιώνυμον
4025 2021 4133 2073 Κύ-

766 2105 1106 2174 facientem,
1159 2101 1444 2167 tenderet,
1500 2102 1648 2156 dum
1692 2101 1865 2172 juxta
1911 2099 2183 2155 nauticas
2235 2098 2420 2172 leges,
2529 2130 2530 2133 η

2371 2115 2420 2168 s,
2529 2123 2658 2178 προν
2679 2113 3011 2177 ναυαγοῦσαν
3033 2103 3136 2166 ἢδη
3163 2102 3865 2177 διασώσασθαι,ἐνδιδοῦσα
3883 2111 3970 2160 τὸν
3993 2104 4135 2161 πόδα

766 2194 986 2267 pedem
1042 2191 1239 2259 refert,
1293 2195 1619 2263 velumque
1665 2190 1980 2245 intinctum
2059 2188 2239 2255 laxat;
2314 2189 2419 2244 sed
2529 2214 2530 2220 η

2368 2189 2419 2244 ad
2529 2211 2663 2245 κατα
2704 2199 2892 2268 νόμους
2947 2196 3311 2269 ναυτηλικούς,
3362 2201 3538 2250 καὶτὸ
3572 2200 3738 2251 ἱστίον
3766 2197 3969 2272 βάπτον
4001 2197 4132 2250 ἀπο-

764 2283 946 2339 etiam
963 2281 1306 2356 periculum
1333 2283 1509 2346 esset,
1540 2295 1616 2335 ne
1641 2278 1898 2351 propria:
1931 2277 2105 2334 navis
2151 2281 2418 2333 vectores

2370 2293 2418 2333 38
2527 2289 2750 2334 κενοῦσα
2782 2305 2794 2316 ο
2843 2282 2970 2336 ἀλλά
3026 2305 3085 2358 γε
3134 2282 3202 2344 δὴ
3239 2291 3328 2340 καὶ
3376 2290 3490 2348 τοὺς
3517 2295 3612 2350 τῆς
3641 2288 3832 2349 οἰκείας
3861 2283 4134 2362 φροντίδος

765 2371 1239 2446 compelleretad
1261 2369 1701 2438 seditionem;et
1727 2367 1906 2440 quasi
1935 2367 2011 2423 ad
2040 2368 2418 2422 vexationem
2527 2385 2529 2437 ς

2367 2383 2418 2422 m
2663 2369 2933 2446 φορτίδος]
2982 2372 3233 2436 ἐπιϐάτας
3284 2379 3614 2438 στασιαστὰς
3661 2375 3980 2452 ἐργάζεσθαι
4023 2397 4131 2428 κιν-

764 2477 888 2519 non
909 2461 1248 2518 sufficerent
1274 2459 1500 2515 externi
1531 2457 1759 2531 piratae,
1785 2461 1986 2529 aperte
2024 2457 2417 2512 metuendum

2366 2473 2417 2512 ω
2529 2453 2731 2512 δυνεύει
2794 2466 2884 2514 καὶ
2945 2464 3014 2523 ὡς
3074 2467 3145 2537 μὴ
3227 2462 3518 2538 ἀρκούντων
3585 2465 3656 2528 εἰς
3720 2467 3952 2518 κάκωσιν
4031 2474 4130 2517 τῶν

763 2557 939 2621 esset,
966 2567 1041 2608 ne
1066 2551 1235 2624 ipsos
1257 2548 1406 2605 inter
1451 2564 1513 2603 se
1563 2547 1960 2603 committeret
2017 2545 2416 2618 navigationis

2367 2547 2416 2601 is
2527 2546 2705 2610 ἔξωθεν
2759 2559 3032 2624 πειρατῶν,
3113 2557 3202 2605 καὶ
3287 2553 3472 2615 αύτούς
3531 2554 3649 2607 καθ’
3713 2553 3906 2607 ἐαυτῶν
3981 2553 4130 2606 ἐκπο-

763 2642 978 2713 socios;
1010 2641 1139 2696 haec
1170 2638 1250 2696 ad
1285 2638 1535 2711 Cyprios
1579 2636 1893 2710 prolocuta
1943 2641 2048 2693 est:
2110 2636 2296 2692 Chrisi
2347 2652 2416 2692 os
2524 2635 2527 2686 Τ

2364 2652 2416 2692 )3
2524 2635 2756 2709 λεμῶσαι
2834 2644 2953 2702 τοὺς
3043 2641 3427 2718 συμπλωτῆρας
3511 2642 3666 2716 φόϐος
3735 2643 3829 2695 ούκ
3894 2643 4128 2716 αξυμφα-

760 2730 1112 2803 Paulus,per
1136 2745 1205 2786 os
1230 2743 1434 2785 meum
1456 2726 1681 2800 profert
1703 2727 2082 2793 sententiam,
2125 2731 2306 2798 atque
2336 2726 2413 2781 ad

2365 2726 2413 2781 .d
2524 2731 2615 2789 νὴς
2646 2749 2657 2760 ⁸
2727 2733 2853 2803 πρὸς
2899 2733 3017 2793 τοὺς
3075 2738 3338 2806 Κυπρίους
3393 2741 3560 2786 ταῦτα
3589 2733 3755 2797 ἐξεῖπε
3789 2756 3800 2766 ·
3839 2733 4044 2795 Παῦλος
4071 2735 4129 2785 τὸ

757 2820 1284 2892 interrogationem
1315 2823 1576 2874 vestram
1605 2817 1688 2872 ita
1715 2816 2056 2888 respondet:
2090 2817 2250 2886 Rogo
2289 2830 2408 2886 vos,

2365 2831 2408 2886 ε,
2523 2822 2615 2868 τοῦ
2664 2823 2901 2890 Χριστοῦ
2953 2824 3141 2892 στόμα,
3200 2818 3294 2874 διὰ
3316 2829 3408 2874 τοῦ
3453 2821 3580 2895 ἐμοῦ
3622 2823 3882 2896 στόματος
3927 2843 4129 2894 γνωμο-

760 2913 1002 2982 fratres,
1020 2915 1086 2964 ut
1105 2908 1418 2964 observetis
1439 2922 1531 2963 eos
1552 2907 1656 2978 qui
1670 2906 2060 2962 dissensiones
2077 2911 2130 2961 et
2163 2905 2412 2975 o/fendi-

2370 2907 2412 2959 ἱ·
2525 2900 2686 2973 δοτεῖ,
2742 2911 2831 2959 καὶ
2882 2912 3012 2984 πρὸς
3069 2914 3162 2969 τὴν
3219 2912 3360 2984 ὑμῶν
3413 2911 3664 2987 ἐρώτησιν
3721 2917 3874 2965 ταυτὶ
3918 2911 4134 2985 ἀποκρί-

763 3015 835 3056 cu
844 3001 925 3069 la,
934 3006 1158 3068 prater
1166 2997 1504 3054 doctrinam
1517 3011 1695 3068 quam
1710 3011 1810 3051 vos
1822 2994 2134 3060 didicistis,
2147 2993 2409 3064 faciunt;
2522 3014 2527 3024 ε

2369 3000 2409 3062 l;
2522 3013 2660 3046 νεται
2695 3033 2706 3045 .
2744 3014 2747 3018 ·
2781 2997 3076 3070 Παρακαλῶ
3168 3002 3322 3073 ὑμᾶς,
3408 2998 3639 3074 ἀδελφοὶ,
3718 3008 3929 3054 σκοπεῖν
4009 3004 4133 3063 τοὺς

762 3096 816 3147 et
833 3089 1126 3146 declinale
1145 3087 1219 3144 ab
1236 3087 1358 3143 illis
1377 3085 1721 3156 hujusmodi
1735 3086 1891 3140 enim
1906 3084 2144 3140 Christo
2160 3084 2414 3141 Domino
2452 3157 2485 3167 Α
2524 3108 2526 3115 ι

2369 3100 2414 3141 ιο
2452 3157 2485 3167 Α
2524 3085 2618 3145 τὰς
2677 3081 3040 3158 διχοστασίας
3091 3094 3181 3142 καὶ
3227 3092 3294 3142 τὰ
3343 3087 3615 3143 σκάνδαλα
3666 3093 3811 3167 παρὰ
3875 3095 3968 3149 τὴν
4047 3086 4133 3142 δι-

760 3195 883 3235 ηοη
908 3179 1191 3243 serviunt,
1206 3177 1308 3233 sed
1322 3191 1444 3232 sua
1456 3175 1755 3247 nequitia;
1766 3180 1820 3230 et
1837 3190 1950 3244 per
1973 3173 2176 3230 dulces
2197 3189 2414 3230 sermo-
2445 3157 2486 3214 C

2367 3157 2486 3230 J-C
2527 3169 2706 3245 δαχὴν
2790 3177 2851 3236 ἣν
2931 3180 3078 3251 ύμεῖς
3156 3177 3368 3252 ἐμάθετε
3445 3157 3752 3247 ποιοῦντας,
3806 3184 3897 3232 καὶ
3963 3179 4131 3232 ἐκκλί-

759 3283 863 3325 nes
878 3271 933 3324 et
954 3267 1377 3324 benedictiones
1397 3265 1689 3321 seducunt
1709 3264 1897 3321 corda
1924 3264 2326 3320 innocentium
2351 3265 2372 3298 ⁹
2401 3320 2414 3333 ,

2367 3267 2414 3333 ’0
2524 3282 2641 3316 νατε
2694 3263 2782 3317 ἀπ’
2849 3267 3038 3325 αὐτῶν.
3102 3271 3167 3321 Οἱ
3222 3272 3324 3343 γὰρ
3369 3278 3597 3324 τοιοῦτοι
3647 3278 3720 3342 τῷ
3781 3274 3960 3342 Κυρίῳ
3984 3271 4131 3342 ἡμῶν

760 3355 942 3413 Nobis
971 3357 1222 3412 omnino
1252 3352 1469 3411 sufﬁcit
1497 3352 1625 3408 haec
1665 3351 1954 3422 defensio,
1987 3357 2044 3409 et
2072 3351 2149 3408 ad
2173 3351 2418 3408 interro-

2366 3367 2418 3407 ο·
2527 3353 2704 3411 Ἰησοῦ
2758 3362 2974 3429 Χριστῶ
3037 3358 3096 3410 ού
3175 3355 3532 3427 δουλεύουσιν,
3598 3358 3726 3412 ἀλλὰ
3791 3367 3852 3433 τῇ
3938 3358 4130 3411 ἑαυτῶν

759 3446 1064 3519 gationem
1091 3443 1402 3517 aptissime
1435 3459 1496 3499 se
1521 3441 1720 3499 habet‘
1751 3441 2118 3516 abundeque
2139 3446 2336 3516 potest
2354 3440 2417 3497 id

2369 3440 2417 3497 .d
2524 3448 2684 3516 κακίᾳ
2722 3467 2734 3478 ο
2799 3451 2887 3499 καὶ
2953 3443 3047 3500 διὰ
3111 3457 3207 3510 τῆς
3273 3448 3669 3524 χρηστολογίας
3736 3453 3826 3502 καὶ
3899 3448 4133 3520 εὐλογίας

759 3536 926 3609 quod
958 3533 1096 3592 utile
1127 3534 1394 3591 futurum
1425 3539 1513 3590 est
1552 3532 1822 3590 edocere.

2525 3530 2824 3596 ἐξαπατῶσι
2915 3541 3004 3598 τὰς
3083 3535 3311 3612 καρδίας
3384 3548 3484 3591 τῶν
3563 3526 3792 3594 ἀκάκων.
3865 3539 4131 3612 Ἀρκοῦσα

758 3644 960 3686 παντως
1044 3627 1167 3697 ἡμῖν
1247 3625 1277 3681 ἡ
1360 3621 1633 3695 ἀπολογία,
1711 3627 1800 3674 καὶ
1885 3618 2296 3699 ἁρμοδιῶτάτως
2371 3623 2501 3695 πρὸς
2565 3627 2660 3681 τὴν
2735 3623 3008 3700 ἐρώτησιν,
3078 3633 3168 3681 καὶ
3237 3630 3422 3691 ἱκανῶς
3490 3631 3695 3701 ἔχουσα
3755 3632 3814 3682 τὸ
3883 3628 4127 3682 συνοῖσον

757 3711 858 3767 ἆνδ
864 3711 920 3767 ιδ
922 3714 1065 3777 άξαι.

833 3806 897 3860 15
924 3847 935 3858 .
961 3805 1082 3860 Vos
1109 3807 1333 3870 autem,
1366 3817 1402 3858 o
1433 3800 1642 3858 fratres
1673 3801 1734 3858 in
1757 3801 1986 3858 Christo
2018 3801 2238 3874 Cyprii,
2279 3798 2410 3855 imi-
2596 3841 2597 3848 η

2360 3798 2410 3854 ἱ·
2596 3802 2667 3856 ιε’.
2705 3803 2868 3877 Ὑμεῖς
2898 3803 2978 3874 δέ,
3005 3805 3047 3858 ὦ
3077 3810 3213 3860 κατὰ
3237 3811 3466 3883 Χριστόν
3495 3805 3709 3881 ἀδελφοὶ
3744 3811 3990 3885 Κύπριοι,
4032 3829 4124 3882 μι-

755 3897 974 3952 tatores
1003 3893 1129 3950 sitis
1162 3891 1831 3964 Constantinopolitanae
1890 3890 2183 3959 Ecclesiae;
2230 3886 2411 3960 hujus

2363 3903 2411 3942 Is
2521 3896 2686 3964 μηταὶ
2705 3897 2912 3965 γίνεσθε
2936 3903 3029 3960 τῆς
3081 3907 3181 3950 τῶν
3239 3898 3856 3952 Κωνσταντινουπολιτῶν
3909 3897 4127 3957 Ἐκκλη-

753 3988 1026 4058 pastores
1053 3981 1360 4039 imitentur
1387 3980 1490 4054 qui
1519 3981 1698 4053 Cypri
1755 3986 2026 4053 pastores
2079 3985 2238 4048 sunt,
2289 3992 2410 4033 ser-

2361 3992 2410 4032 r-
2522 3986 2643 4045 σίας
2676 4006 2687 4018 ο
2743 3989 2861 4048 τοὺς
2907 3987 3067 4050 αύτῆς
3109 3994 3352 4064 ποιμένας
3409 3993 3457 4043 οἱ
3513 3997 3608 4052 τῆς
3671 3992 3884 4065 Κύπρου
3939 3993 4125 4063 ποιμέ-

752 4089 1008 4131 monum
1036 4070 1239 4129 ﬁstula
1264 4071 1673 4128 indesinenter
1717 4069 2116 4140 insuﬂ'lantes,
2173 4075 2230 4126 et
2285 4069 2410 4127 alli-

2363 4070 2410 4126 i-
2519 4091 2595 4134 νες
2675 4079 3078 4148 μιμείσθωσαν·
3155 4087 3217 4152 τῇ
3299 4087 3399 4132 τῶν
3469 4079 3634 4152 λόγων
3701 4078 3981 4143 ἀπαύστως
4041 4078 4127 4153 ἐμ-

758 4162 983 4220 cientes
1006 4161 1251 4219 canticis
1281 4158 1706 4216 adhortatoriis
1726 4163 1782 4216 et
1801 4159 2187 4216 salutaribus.
2213 4159 2407 4233 Cyprii
2442 4169 2486 4224 ι)
2518 4187 2522 4196 ι

2364 4159 2407 4216 ’ii
2442 4169 2486 4224 ι)
2518 4167 2748 4225 πνέοντες
2809 4169 3047 4242 σύριγγι,
3113 4172 3200 4221 καὶ
3265 4167 3607 4228 ἀνακλητικὸν
3679 4166 3955 4244 ἐπᾴδοντες
4036 4171 4128 4222 καὶ

755 4252 984 4326 greges’
1015 4248 1617 4324 Constantinopoleos
1641 4265 1862 4322 pecora
1891 4248 2248 4306 aemulentur
2277 4255 2410 4306 Haec

2365 4265 2410 4305 ac
2523 4259 2794 4330 σωτήριον.
2875 4259 2952 4310 Τὰ
3030 4260 3240 4333 Κύπρια
3307 4264 3526 4333 ποίμνια
3585 4264 3806 4333 ποίμνια
3863 4268 3963 4312 τῶν
4031 4269 4129 4322 τῆς

753 4343 980 4418 quippe
1008 4341 1191 4415 longo
1216 4338 1528 4397 intervallo
1559 4355 1595 4395 a
1619 4338 1964 4411 pastoribus
1995 4339 2224 4408 dissita,
2270 4355 2410 4395 cum

2362 4355 2410 4394 cn
2524 4348 2916 4399 Κωνσταντίνου
3003 4347 3340 4409 ζηλούτωσαν
3427 4352 3749 4425 θρεμμάτων.
3830 4355 3932 4404 Καὶ
4023 4353 4126 4425 γάρ

751 4431 1123 4489 immanibus
1141 4430 1300 4503 lupis
1317 4443 1708 4486 communem
1724 4433 1967 4502 pastum
1987 4427 2295 4498 habentia,
2318 4444 2412 4484 ca-

2362 4444 2412 4484 3—
2520 4441 2688 4487 ταῦτα
2711 4443 2824 4498 τοῖς
2864 4443 3086 4511 μακροῖς
3134 4438 3276 4510 ὅροις
3321 4445 3422 4490 τῶν
3479 4442 3732 4512 ποιμένων
3783 4434 4126 4506 διεστηκότα,

749 4522 1026 4598 pillatum
1054 4519 1258 4577 barbae
1284 4523 1709 4576 ornamentum
1743 4517 2014 4591 detonsa,
2044 4523 2102 4575 et
2124 4519 2411 4575 carnibus

2361 4534 2411 4574 18
2519 4528 2609 4577 καὶ
2633 4524 2807 4587 λύκοις
2838 4522 3028 4588 δεινοῖς
3060 4525 3484 4600 συμϐοσκόμενα,
3512 4532 3602 4580 καὶ
3646 4532 3704 4582 τὸ
3743 4533 4125 4605 τετριχωμένον

751 4614 1016 4682 concisa,
1037 4610 1179 4668 ﬁdei
1209 4609 1470 4682 sigillum
1493 4609 1572 4666 ab
1591 4607 1820 4666 insidiis
1844 4615 2034 4667 tutum
2069 4613 2405 4677 servarunt,
2458 4676 2467 4686 .

2357 4613 2405 4677 ι,
2458 4676 2467 4686 ⁸
2518 4620 2610 4666 τοῦ
2639 4620 2886 4687 πώγωνος
2942 4620 3212 4690 κειρόμένα
3261 4622 3536 4691 κόσμημα,
3567 4623 3657 4671 καὶ
3687 4621 4121 4696 κρεουργούμενα.

749 4704 1050 4777 luposque
1080 4701 1300 4758 frustra
1324 4699 1557 4758 hiantes
1583 4705 1928 4770 arguerunt.
1960 4699 2130 4767 Quod
2155 4701 2204 4756 si
2234 4717 2304 4757 ex
2336 4699 2407 4755 iis

2358 4699 2407 4754 is
2519 4702 2946 4758 ἀνεπιϐούλευτον
2994 4706 3090 4765 τήν
3140 4704 3414 4782 σφραγῖδα
3452 4715 3547 4770 τῆς
3598 4712 3824 4770 πίστεως
3877 4705 4122 4781 διεφυλά-

750 4791 1048 4860 nonnulli,
1081 4788 1370 4865 perpauci
1411 4804 1681 4862 numero.
1713 4789 1970 4862 alicujus
2010 4789 2254 4857 scabiei,
2314 4789 2406 4846 vel

2359 4789 2406 4846 el
2518 4793 2687 4857 ξαντο,
2737 4797 2826 4847 καὶ
2881 4798 3003 4858 τοὺς
3051 4795 3240 4858 λύκους
3297 4801 3559 4869 χανόντας
3606 4800 3777 4871 μάτην
3810 4797 4123 4870 ἀπήλεγξαν.

751 4881 930 4939 etiam
958 4880 1182 4938 rabiosi
1213 4895 1454 4936 morsus
1481 4877 1804 4951 participes
1822 4878 2061 4947 fuerint,
2087 4895 2297 4936 verum
2327 4877 2406 4935 ad

2360 4877 2406 4935 .d
2516 4888 2578 4936 Ei
2599 4881 2660 4937 δε
2687 4889 2778 4936 καί
2832 4903 2964 4947 τινες
2995 4883 3048 4948 ἐξ
3077 4885 3246 4939 αὐτῶν
3297 4883 3506 4960 σφόδρα
3559 4886 3723 4960 ὀλίγοι
3775 4887 3959 4963 ψωρας
3989 4891 4124 4949 τινός

750 4973 1012 5030 resinam
1042 4972 1106 5027 in
1138 4968 1379 5028 Galaad
1409 4969 1454 5006 ¹⁰
1476 4974 1532 5025 et
1564 4968 1643 5025 ad
1674 4968 1968 5041 spiritales
1999 4969 2250 5041 hujusce
2290 4969 2406 5027 loci

2362 4969 2406 5026 ci
2516 4966 2875 5046 μετέσχον,⁴εἶ
2902 4979 2992 5027 καὶ
3029 4971 3344 5037 λυσσώδους
3392 4984 3483 5029 τοῦ
3527 4973 3819 5050 δήγματος,
3865 4975 3993 5030 ἀλλὰ
4035 4998 4126 5031 ται

749 5062 1021 5120 medicos
1052 5064 1458 5128 accurrerunt;
1485 5075 1594 5132 per
1633 5074 1788 5132 quos
1834 5063 1890 5116 et
1947 5059 2025 5116 ad
2091 5059 2406 5132 pristinam

2361 5075 2406 5115 n
2516 5066 2657 5136 χέως
2707 5067 2834 5138 πρὸς
2898 5068 2992 5122 τὴν
3046 5063 3094 5116 ἐν
3152 5061 3364 5118 Γαλαὰδ
3416 5070 3505 5119 καὶ
3566 5071 3688 5130 τοὺς
3741 5063 3955 5138 ἐντῷδε
3982 5072 4125 5140 τόπῳ

748 5154 1056 5212 redierunt
1085 5153 1420 5223 sanitatem,
1440 5165 1563 5206 non
1586 5150 1884 5206 minorem
1905 5166 1975 5206 ac
2002 5150 2171 5206 illaesi
2215 5150 2408 5207 invul-

2364 5150 2408 5206 l-
2517 5157 2896 5226 πνευματικοὺς
2940 5152 3228 5229 ἀκέστορας
3280 5154 3422 5226 [Am
3476 5156 3715 5230 ῥητίνην]
3771 5157 4128 5211 ὑπαινίττεται

749 5244 1061 5316 neratique
1085 5241 1332 5298 laudem
1357 5240 1475 5314 ipsi
1505 5255 1750 5312 quoque
1779 5240 2104 5306 consecuti,
2156 5240 2236 5296 ob
2284 5257 2408 5297 sum

2365 5257 2408 5296 ω
2519 5244 2661 5316 [Αη.
2703 5244 3106 5316 ύπανίστανται]
3133 5243 3254 5319 παρ’
3308 5252 3376 5296 ῶν
3419 5250 3510 5297 καὶ
3561 5249 3687 5320 πρὸς
3734 5249 3822 5304 τὴν
3874 5249 4129 5321 προτέραν

749 5332 1114 5392 inﬁrmitatis
1128 5331 1516 5403 agnitionem,
1541 5329 1776 5402 etquod
1797 5329 2078 5386 velociter
2106 5329 2408 5388 medelam

2366 5347 2408 5387 n
2519 5332 2802 5391 ἐπανῆλθον
2877 5335 3076 5406 ὑγίειαν
3111 5355 3124 5368 ·
3193 5333 3288 5386 ούκ
3345 5334 3549 5388 ἔλαττον
3601 5344 3705 5388 τῶν
3752 5334 3989 5394 amre.»
4038 5342 4130 5390 καὶ

747 5422 1110 5498 quaesierint.

2523 5422 2962 5498 ἀτραυματίστων
3010 5425 3100 5477 καὶ
3155 5422 3298 5477 οὗτοι
3364 5423 3709 5490 ἐπαινεθέντες
3763 5422 3859 5479 διὰ
3897 5430 3990 5486 τὴν
4035 5435 4132 5490 τῆς

747 5513 944 5576 οἰκείας
974 5511 1242 5576 ἀσθενείας
1269 5510 1569 5586 ἐπίγνωσιν,
1603 5515 1692 5564 καὶ
1720 5513 1777 5563 τὸ
1805 5510 2040 5573 ζητῆσαι
2071 5515 2280 5586 ταχέως
2305 5517 2396 5575 τὴν
2428 5515 2596 5576 τισιν.

823 5700 845 5739 ⁸
874 5699 1046 5759 Rom.
1079 5709 1158 5770 vr,
1191 5695 1281 5770 17,
1314 5695 1406 5774 18..
1430 5693 1476 5732 ¹⁰
1503 5695 1726 5757 Jerem.
1759 5707 1874 5766 vui,
1904 5696 1996 5754 22.
