4468 6450
316 391 423 446 613

393 512 482 577 ις’.
534 515 635 567 Καὶ
690 512 812 574 τοὺς
878 512 1142 585 Κυπρίους
1204 513 1482 581 τοιγαροῦν
1542 508 1812 580 ποιμένας,
1875 505 1990 562 εἰΑ

315 601 658 674 συμϐήσεται
718 607 823 661 τοῖς
879 599 1055 660 λύκοις
1126 597 1599 671 συμπλεκομένους,
1661 601 1751 649 καὶ
1817 603 1917 647 τῶν

316 692 522 743 οἰκείων
587 693 1021 764 ύπερμαχοῦντας
1086 692 1358 760 ποιμνίων,
1433 691 1522 738 καὶ
1586 694 1680 748 τῆς
1751 685 1918 736 αὐτῶν

320 779 694 853 φροντίζοντας
740 782 1024 850 σωτηρίας,
1073 776 1368 829 ύποκλάσαι
1424 794 1477 828 τι
1521 779 1612 827 καὶ
1667 770 1920 826 ύπενδοῦ-

316 888 406 920 ναι
453 870 663 942 μικρὸν,
706 869 827 940 ὅπερ
881 865 1054 937 ἀπείη,
1106 865 1503 938 παρακαλοῦμεν
1550 867 1621 936 μὴ
1671 866 1737 922 εὶς
1785 860 1918 914 ἀπό-

315 975 514 1028 γνωσιν
568 957 720 1018 εὐθὺς
777 955 1036 1028 έμπεσεῖν,
1081 951 1220 1026 μηδε
1276 951 1559 1006 ἀπελπίσαι
1601 956 1695 1009 τὴν
1743 970 1920 1008 σωτη-

318 1049 460 1120 ρίαν,
528 1042 668 1118 μηδε
726 1043 942 1117 ἀνομίαν
1009 1043 1092 1097 έπὶ
1155 1047 1247 1101 τήν
1316 1041 1531 1114 ἀνομίαν
1593 1041 1918 1116 προσθεῖναι,

319 1141 412 1188 καὶ
451 1140 544 1194 τὴν
602 1133 686 1188 ἐπὶ
744 1138 803 1187 τὸ
851 1141 1032 1208 χεῖρον
1076 1131 1463 1185 ἀσπάσσασθαι
1502 1134 1790 1204 προκοπὴν,
1833 1132 1921 1181 καὶ

316 1233 542 1296 μιγῆναι
598 1232 703 1285 τοῖς
761 1224 947 1289 ἔθνεσι,
989 1227 1078 1276 καὶ
1133 1224 1316 1295 μαθεῖν
1375 1223 1442 1274 τὰ
1507 1223 1634 1294 ἔργα
1689 1220 1858 1271 αύτών
1907 1239 1919 1251 ·

318 1312 431 1364 ἀλλ’
487 1313 640 1374 εὐθύς
693 1311 973 1365 ἀνανεῦσαι
1028 1319 1120 1364 τοῦ
1171 1317 1470 1382 πτώματος,
1525 1314 1614 1361 καὶ
1671 1311 1796 1381 πρὸς
1833 1311 1920 1360 τόν

319 1402 498 1475 ἰατρὸν
526 1398 928 1475 έπαναδραμεῖν.
964 1400 1110 1454 ’Δλλὸ
1140 1407 1307 1453 ταῦτα
1331 1403 1420 1472 μεν
1449 1398 1632 1460 οὕτως.

395 1508 482 1572 ιζ’.
525 1511 604 1562 Τά
640 1513 816 1582 μέντοι
852 1512 1002 1584 ἔτερα
1050 1505 1148 1560 δύο
1196 1507 1450 1580 κεφάλαια
1477 1523 1489 1536 ’
1535 1509 1594 1558 τὸ
1653 1509 1724 1578 μὴ
1782 1501 1922 1575 δίχα

319 1593 534 1654 δηλαδὴ
588 1607 684 1658 τῆς
759 1604 858 1649 τῶν
918 1601 1155 1650 Λατίνων
1203 1591 1452 1655 είδήσεως
1506 1602 1568 1666 τῇ
1638 1598 1919 1668 προσφόρῳ

320 1683 655 1758 πνευματικῇ
710 1685 832 1758 ἀξίᾳ
888 1681 1260 1744 ὀποιονδήτινα
1325 1684 1762 1756 έγκαθίστασθαι,
1830 1687 1920 1735 καὶ

318 1779 379 1828 τό
437 1781 510 1848 μὴ
575 1775 869 1828 κωλύεσθαι
927 1779 1050 1837 τοὺς
1107 1775 1419 1847 Ῥωμαίους,
1488 1776 1585 1826 εἶτε
1658 1775 1920 1847 ίερωμένοι

1549 380 1882 440 EPISTOLA
1918 380 1969 437 II
2002 382 2099 447 AD
2138 379 2432 441 CYPRIOS

3564 388 3669 444 614

2098 508 2180 560 l6.
2209 508 2414 579 Itaque
2445 506 2533 562 sic
2559 505 2740 563 etiam
2769 506 3098 580 contigerit,
3133 513 3200 564 ut
3224 512 3496 581 pastores
3556 513 3670 583 Cy-

2025 593 2158 665 prii,
2185 610 2324 649 cum
2353 593 2510 667 lupis
2534 595 2860 666 congressi,
2890 601 2946 652 et
2974 611 3084 668 pro
3136 597 3394 654 ovilibus
3420 599 3542 654 suis
3567 615 3674 670 pu-

2027 688 2300 753 gnantes,
2332 699 2662 756 eorumque
2691 683 2896 740 salutis
2943 701 3150 741 curam
3204 692 3493 756 gerentes,
3521 703 3675 744 non-

2027 770 2174 826 nihil
2202 771 2536 841 labascunt,
2577 773 2949 845 paulumque
3001 773 3236 842 cedant,
3289 775 3457 847 quod
3496 776 3673 846 absit,

2029 859 2344 916 hortamur
2385 876 2508 928 eos,
2539 877 2614 916 ne
2661 862 2860 917 statim
2892 862 2952 917 in
3010 862 3489 935 desperationem
3535 864 3678 920 inci-

2029 948 2194 1019 dant,
2224 965 2373 1006 neve
2406 949 2616 1006 salutis
2639 965 2812 1022 spem
2836 951 3140 1022 abjiciant,
3172 968 3368 1025 neque
3395 954 3676 1026 iniquita-

2029 1041 2149 1094 tem
2179 1037 2478 1110 iniquitati
2507 1038 2861 1110 adjungant,
2895 1045 2952 1095 et
2981 1042 3043 1096 in
3073 1040 3354 1097 deterius
3399 1058 3676 1115 progres-

2033 1142 2170 1182 sum
2221 1126 2695 1198 apprehendant,
2749 1128 3110 1184 misceantur
3182 1146 3321 1186 cum
3373 1131 3675 1202 gentibus,

2030 1229 2360 1287 earumque
2388 1215 2622 1271 discant
2683 1231 2906 1288 opera;
2940 1216 3049 1273 sed
3090 1217 3402 1274 confestim
3432 1235 3469 1276 a
3495 1219 3677 1292 lapsu

2029 1305 2261 1373 erigant
2289 1318 2438 1370 sese,
2465 1310 2523 1359 et
2551 1303 2631 1360 ad
2662 1303 2965 1361 medicum
2987 1311 3313 1363 recurrant.
3337 1312 3528 1380 Atque
3549 1308 3677 1364 haec

2028 1392 2272 1465 quidem
2308 1391 2388 1448 ad
2416 1392 2578 1449 hunc
2605 1392 2880 1451 modum.

2101 1505 2187 1555 l7.
2221 1502 2510 1556 Cmterum
2540 1501 2706 1573 quod
2745 1506 2971 1574 spectat
3021 1504 3100 1560 ad
3145 1504 3269 1561 duo
3317 1504 3436 1562 alia
3455 1506 3676 1579 capita,

2028 1588 2320 1659 videlicet,
2352 1604 2426 1645 ne
2470 1590 2618 1646 citra
2665 1591 3007 1648 Latinorum
3044 1593 3320 1650 notitiam
3348 1594 3677 1667 quilibetin

2029 1694 2297 1750 congrua
2326 1679 2438 1735 sibi
2463 1680 2751 1751 dignitate
2782 1682 3034 1755 spiritali
3080 1685 3493 1753 constituatur,
3521 1690 3579 1743 et
3601 1701 3677 1742 ne

2031 1771 2280 1826 Romani
2321 1770 2443 1826 sive
2474 1769 2668 1826 clerici
2698 1771 2821 1826 sive
2846 1771 2981 1828 laici
3010 1773 3442 1844 prohibeantur
3466 1776 3545 1831 ad
3576 1778 3681 1832 La-

319 1865 453 1918 εἰσὶν
510 1869 609 1918 εἴτε
663 1864 856 1931 λαῐκοὶ,
916 1864 1235 1938 έγκλητεύειν
1295 1868 1424 1938 πρὸς
1475 1868 1592 1923 τοὺς
1649 1868 1916 1932 Λατίνους,
1951 1854 1992 1909 Β
2031 1859 2083 1915 tit

1913 1908 1916 1927 ,
1951 1854 1992 1909 Β
2031 1859 2185 1915 tinos
2205 1858 2529 1932 appellare,
2557 1860 2617 1916 in
2644 1861 3131 1917 contentionibus
3159 1863 3677 1920 vehementiorum

317 1953 373 2006 έν
439 1962 556 2017 ταῖς
618 1959 737 2030 περὶ
794 1953 1102 2027 βιαιοτέρων
1179 1955 1502 2026 πραγμάτων
1569 1952 1922 2025 φιλονεικείαις

319 2042 588 2114 οἰομένους
642 2045 787 2117 παρά
841 2050 939 2094 τῶν
1005 2044 1261 2115 ὁμογενῶν
1323 2050 1512 2115 κριτῶν
1567 2037 1871 2094 ἀδικεῖσθαι
1906 2057 1917 2070 ⁸

317 2128 590 2205 ἀδιάφορα
641 2129 788 2185 δοκεῖ
833 2139 896 2204 τῇ
959 2134 1106 2204 ἡμῶν
1157 2136 1480 2207 μετριότητι,
1534 2136 1624 2183 καὶ
1680 2127 1774 2183 διὰ
1826 2135 1920 2204 μό-

315 2242 410 2279 νην
464 2229 690 2295 φανερῶς
745 2218 1188 2295 αἰσχροκέρδειαν
1253 2229 1364 2282 τοῖς
1428 2225 1668 2282 Λατίνοις
1729 2220 1920 2280 ζητού-

316 2331 467 2384 μενα.
523 2311 598 2363 Ou’
645 2314 834 2386 μικρὸς
882 2313 984 2386 γὰρ
1043 2309 1268 2364 ἐντεῦθεν
1321 2310 1500 2371 αὐτοῖς
1559 2311 1586 2362 ό
1647 2328 1917 2385 χρηματι-

316 2405 450 2474 σμός
499 2399 848 2474 ἀναφαίνεται,
911 2405 1012 2454 Καὶ
1064 2402 1091 2459 ἠ
1154 2401 1298 2473 ἡμῶν
1347 2404 1622 2474 μετριότης
1680 2399 1918 2472 συμϐου-

311 2490 448 2543 λεύει
491 2497 596 2550 τοῖς
647 2498 747 2542 τῶν
798 2494 1042 2564 Κυπρίων
1090 2494 1353 2562 ποιμέσιν,
1393 2488 1441 2542 ἐν
1499 2490 1640 2550 ὂσοις
1687 2488 1920 2542 ένστατι-

313 2584 404 2632 κοί
436 2598 566 2641 τινες
611 2583 702 2632 καὶ
750 2578 1029 2651 φιλόνεικοι
1073 2583 1342 2652 φαίνονται
1393 2581 1442 2631 οἱ
1488 2585 1702 2632 Λατῖνοι
1754 2578 1920 2651 έφέσει

311 2668 725 2741 λημματισμῶν,
784 2665 1054 2722 ενδιδόναι
1106 2673 1332 2737 τούτοις,
1396 2674 1486 2722 καὶ
1546 2673 1617 2742 μὴ
1678 2668 1920 2720 ἀνθίστα-

315 2760 466 2811 σθαι.
525 2759 818 2812 Ἐπαινετόν
882 2761 984 2833 γὰρ
1053 2766 1357 2832 σωματικῆς
1423 2759 1620 2832 ζημίας
1685 2758 1920 2830 ψυχικὸν

313 2845 661 2900 ἀλλάττεσθαι
717 2843 902 2921 κέρδος
927 2865 941 2878 '
1006 2849 1239 2921 καθάπερ
1289 2853 1377 2901 καὶ
1420 2852 1478 2900 τὸ
1522 2847 1759 2920 χαλκέων
1800 2847 1921 2901 ἀντ-

315 2937 630 3008 αμείϐεσθαι
685 2940 915 3011 χρύσεα.
960 2937 1115 2998 Ἴσως
1166 2941 1287 3012 γὰρ,
1347 2937 1721 3014 πλωρωσαντες
1785 2957 1925 3012 χρη-

316 3028 498 3100 μάτων
564 3029 659 3088 τὰς
722 3033 933 3101 χεῖρας,
1012 3025 1339 3080 ἀπολύσουσι
1405 3030 1623 3090 τούτους
1681 3034 1775 3080 τοῦ
1830 3036 1922 3088 τῆς

317 3111 665 3189 χειροδοσίας
756 3121 1059 3189 ζητήματος
1099 3132 1112 3146 ⁶
1197 3115 1443 3169 κάκείνων
1534 3119 1924 3170 κατασπασθει-

2030 1949 2431 2018 negotiorum,
2457 1948 2506 2004 si
2528 1951 2869 2021 putaverint
2890 1966 3001 2007 sea
3021 1952 3212 2021 gentis
3234 1967 3360 2008 sua:
3373 1953 3682 2024 judicibus

2030 2038 2250 2108 injuria
2277 2037 2437 2094 afﬁci
2462 2055 2475 2105 ;
2509 2054 2582 2094 ea
2606 2043 2825 2095 nostrae
2854 2039 3248 2097 mediocritati
3286 2041 3559 2099 videntur
3588 2043 3681 2099 in-

2029 2124 2385 2193 differentia,
2419 2131 2742 2200 aperteque
2773 2129 2852 2184 ob
2885 2129 3076 2186 solam
3129 2131 3318 2203 turpis
3346 2131 3494 2187 lucri
3522 2148 3685 2188 com-

2030 2217 2405 2288 parationem
2435 2233 2471 2272 a
2499 2217 2716 2274 Latinis
2753 2218 3062 2291 requisita.
3094 2222 3222 2276 Non
3268 2236 3488 2294 parvus
3517 2223 3678 2278 enim

2029 2304 2142 2361 illis
2183 2305 2322 2362 inde
2373 2310 2643 2379 quaestus
2682 2307 3015 2364 exhibetur.
3073 2311 3265 2382 Atque
3303 2311 3683 2367 mediocritas

2031 2399 2235 2452 nostra
2263 2395 2378 2452 hoc
2405 2397 2762 2469 Cypriorum
2811 2399 3155 2470 pastoribus
3209 2401 3529 2457 consilium
3555 2400 3677 2466 dat,

2031 2489 2095 2542 ut
2122 2484 2183 2540 in
2215 2485 2682 2560 quibuscunque
2714 2487 2901 2544 Latini
2929 2488 3266 2561 pervicaces
3306 2490 3683 2546 contentiosi-

2029 2591 2148 2648 que
2160 2575 2560 2648 apparebunt,
2580 2575 2900 2648 cupiditate
2912 2582 3172 2650 capturis
3185 2593 3255 2636 ac
3271 2579 3680 2650 emolumenti,

2030 2665 2092 2722 in
2129 2666 2200 2721 iis
2239 2665 2478 2736 cedant,
2539 2682 2648 2722 nec
2708 2666 2856 2738 ipsis
2902 2667 3301 2725 obluctentur.
3337 2672 3436 2726 Est
3462 2669 3690 2743 quippe

2031 2769 2126 2810 res
2186 2753 2364 2810 laude
2425 2754 2630 2824 digna,
2690 2754 2986 2827 corporali
3049 2755 3407 2813 detrimento
3452 2757 3691 2813 lucrum

2033 2841 2250 2898 animus
2305 2857 2658 2914 comparare
2706 2859 2719 2908 ;
2768 2843 3292 2916 quemadmodum
3343 2861 3482 2901 cum
3535 2845 3690 2902 areis

2034 2946 2429 3004 compensare
2440 2947 2644 2988 aurea.
2668 2932 2936 2988 Forsitan
2954 2933 3114 2989 enim
3133 2938 3458 3006 postquam
3472 2950 3693 2992 manus

2035 3020 2304 3094 pecuniis
2317 3019 2691 3092 repleverint,
2705 3036 2808 3076 eos
2822 3020 3136 3078 absolvent
3154 3037 3190 3078 a
3202 3024 3385 3095 petita
3397 3038 3693 3080 manuum

2039 3109 2355 3166 traditione
2371 3127 2384 3176 ;
2403 3109 2763 3183 illorumque
2775 3109 3061 3167 manibus
3076 3112 3343 3183 pondere
3369 3112 3692 3186 depressis,

325 3214 432 3258 σῶν
487 3209 627 3258 κάτω
681 3215 752 3278 τῷ
813 3205 990 3280 βάρει,
1044 3206 1250 3268 ἐξέσθαι
1307 3209 1488 3270 αὐτοῖς
1537 3209 1689 3270 ὁσίας
1739 3215 1926 3282 χεῖρας
1959 3212 1999 3268 C
2038 3199 2089 3254 hi

1959 3212 1999 3268 (ς
2038 3199 2201 3254 hisce
2252 3198 2450 3255 licebit
2480 3203 2717 3255 sanctas
2747 3215 2968 3256 manus
3007 3199 3240 3257 elevare
3281 3201 3360 3257 ad
3405 3203 3615 3271 Deum,
3638 3207 3695 3259 et

321 3293 555 3370 ἐπαίρειν
589 3299 722 3369 πρός
768 3300 854 3349 τόν
912 3299 1062 3363 Θεὸν,
1109 3301 1199 3349 καὶ
1237 3292 1377 3368 δίχα
1425 3293 1749 3370 σκινδαλμοῦ
1797 3315 1931 3357 τινος

321 3389 414 3438 καὶ
493 3390 867 3459 προκρίματος,
945 3387 1013 3438 τὰ
1093 3393 1190 3448 τῆς
1271 3385 1634 3462 ἱεροτελεστίας
1701 3385 1933 3445 ἀποπλη-

319 3481 470 3551 ροῦν.

405 3581 498 3642 ιη’.
526 3590 706 3637 Ταῦτα
722 3582 1146 3657 παραϐληθέντα
1182 3585 1284 3640 ἀπὸ
1314 3595 1414 3640 τῶν
1441 3587 1742 3664 ἡμερησίων
1776 3591 1933 3641 συνό-

328 3670 436 3727 δων
472 3673 609 3745 [Αη.
656 3671 968 3747 συνοδικῶν]
996 3683 1500 3751 παρασημειώσεων,
1535 3682 1626 3730 καὶ
1663 3686 1724 3736 τῆ
1757 3686 1930 3751 γραφῆ

328 3762 400 3838 [ί.
431 3765 735 3841 ὑπογραφῇ]
759 3771 850 3819 καὶ
892 3763 1151 3839 σφραγῖδι
1189 3775 1281 3820 τοῦ
1306 3770 1624 3841 τιμιωτάτου
1655 3772 1934 3844 χαρτοφύ-

326 3853 484 3915 λακος
516 3863 578 3914 τῆ
591 3874 613 3916 ς
632 3853 927 3927 ἁγιωτάτης
943 3863 1034 3908 τοῦ
1052 3863 1188 3909 Θεου
1211 3857 1444 3930 μεγάλης
1475 3857 1786 3921 Ἐκκλησίας
1809 3865 1938 3912 Θεο-

333 3940 512 4019 δώρου
540 3953 634 3998 τοῦ
664 3944 848 4005 antea
886 3943 1259 4018 βεϐαιωθέντα,
1292 3944 1514 4006 έπεδόϐη
1547 3954 1674 4022 μηνὶ
1704 3953 1793 4002 καὶ
1819 3947 1937 4001 έπι-

328 4040 550 4107 νεμήσει
575 4043 673 4096 τῆς
695 4039 1160 4110 προγεγραμμένης
1293 4044 1403 4100 τοῖς
1439 4037 1935 4113 προγεγραμμένοις]

329 4126 478 4185 ἔτους
509 4122 665 4195 ς-ψλά
691 4123 939 4196 [Christi
974 4126 1149 4197 I223].

441 4256 546 4303 Τοῦ
575 4249 737 4302 αὐτοῦ
771 4249 1064 4322 ἀγιωτάτου
1094 4259 1256 4326 κυροῦ
1289 4259 1550 4326 Γερμανοῦ
1581 4253 1830 4313 ἐπιστολὴ

715 4336 936 4412 δευτέρα
962 4344 1093 4414 πρὸς
1122 4346 1246 4403 τοὺς
1273 4347 1554 4418 Κυπρίους.

410 4468 479 4520 α’.
540 4463 764 4541 ’Ἄνδρες
811 4467 1282 4543 φιλοχριστότατοι
1320 4476 1410 4524 καὶ
1457 4471 1793 4544 φιλευσεϐεῖς,
1824 4476 1941 4526 ὅσοι

2040 3289 2271 3362 absque
2330 3288 2451 3345 ullo
2489 3295 2623 3346 astu
2665 3292 2724 3347 et
2779 3289 3131 3362 prtejudicio
3170 3305 3344 3348 sacra
3395 3290 3696 3349 celebrare

2039 3377 2346 3452 mysteria.

2120 3584 2202 3639 18.
2236 3585 2354 3638 Ista
2380 3579 2706 3654 desumpta
2730 3597 2761 3638 e
2791 3579 3021 3638 didrnis
3040 3582 3414 3656 synodorum
3444 3583 3698 3642 adnota-

2041 3670 2328 3737 tionibus,
2351 3675 2408 3727 et
2434 3687 2543 3744 per
2567 3672 3076 3744 subscriptionem
3123 3673 3508 3746 sigilluinque
3531 3689 3699 3730 reve-

2043 3760 2388 3816 rendissimi
2417 3760 2812 3817 sanctissimae
2845 3761 2946 3818 Dei
2965 3777 3204 3833 magna;
3236 3761 3505 3819 Ecclesiae
3531 3763 3700 3820 char-

2044 3849 2382 3922 tophylacis
2433 3849 2726 3907 Theodori
2776 3850 2956 3907 Stilbe
2987 3851 3364 3922 conﬁrmata,
3394 3852 3537 3910 data
3561 3857 3705 3911 sunt

2047 3955 2254 3996 mense
2282 3944 2340 3997 et
2363 3937 2685 3997 indictione
2718 3955 2904 4014 supra
2928 3941 3184 4014 scriptis,
3213 3956 3375 3999 anno
3395 3943 3556 3999 673i.

2046 4254 2334 4325 Ejusdem
2363 4257 2725 4312 sanctissimi
2749 4246 2979 4312 domini
3007 4255 3296 4314 Germani
3331 4255 3586 4327 epistola
3624 4269 3706 4315 se-

2547 4345 2749 4402 cunda
2777 4345 2860 4408 ad
2885 4345 3169 4417 Cyprios.

2122 4472 2173 4527 1.
2206 4470 2695 4529 Christianissimi
2721 4469 2832 4528 viri
2855 4475 2912 4528 et
2941 4471 3177 4544 pietatis
3203 4474 3498 4541 amantes,
3532 4475 3706 4546 quot-

331 4562 430 4618 τήν
480 4565 802 4635 περιώνυμον
853 4567 1010 4618 νῆσον
1067 4565 1160 4619 τὴν
1221 4563 1428 4637 Κύπρον
1490 4561 1703 4635 ἂάχετε
1759 4583 1940 4616 κατοι·
1976 4582 2020 4636 ι)
2049 4577 2090 4635 q

1976 4582 2020 4636 ι)
2049 4565 2200 4635 quot
2245 4563 2511 4634 Cyprum
2554 4560 2962 4634 percelebrem
3032 4561 3293 4619 insulam
3338 4562 3707 4637 inhabitatis,

333 4655 465 4714 κεῖν,
536 4648 782 4722 Ῥωμαῖοί
843 4668 898 4701 τε
962 4655 1052 4702 καὶ
1125 4653 1300 4723 Σύροι,
1375 4653 1561 4714 πάντες
1636 4649 1942 4740 ὁρθοδοξξας

335 4738 580 4813 ἐρασταὶ,
663 4738 882 4811 φύλακες
967 4737 1200 4813 ἀκριϐεῖς
1288 4749 1384 4803 τῆς
1466 4737 1941 4817 πατροπαραδότου

335 4831 487 4900 ἡμῶν
530 4832 781 4898 πίστεως,
817 4827 892 4902 ἐφ’
935 4829 996 4891 ἧς
1041 4831 1066 4881 ό
1117 4826 1514 4904 παντοδύναμος
1559 4831 1804 4908 βραχίων
1852 4841 1943 4887 τοῦ

336 4925 476 4972 Θεοῦ
523 4923 612 4971 καὶ
661 4921 866 4992 Πατρός
914 4920 940 4971 ό
994 4923 1222 4994 Χριστὸς
1272 4925 1363 4979 τὴν
1421 4921 1732 4981 Ἐκκλησίαν
1786 4924 1944 4977 αὐτοῦ

335 5005 675 5082 ᾠκοδόμησε,
744 5013 835 5061 καὶ
876 5007 1037 5062 πύλαι
1083 5006 1219 5081 ᾅδου
1268 5010 1327 5062 ού
1372 5015 1800 5086 κατισχύσουσιν
1849 5015 1944 5068 αύ-

333 5107 398 5157 τῆ
412 5120 433 5160 ς
458 5119 470 5132 ·
532 5100 652 5151 ὅσον
700 5102 803 5174 γὰρ
843 5097 904 5150 ἃν
937 5100 1068 5158 αὑτὴ
1109 5099 1424 5172 πολεμῆται,
1475 5110 1722 5156 τοσοῦτον
1753 5103 1944 5176 μᾶλλον

333 5191 668 5262 κρατύνεται,
733 5187 1220 5263 έγκαλλωπιζομένη
1288 5198 1351 5263 τῇ
1416 5198 1509 5244 τοῦ
1574 5200 1809 5266 Χριστου
1844 5185 1944 5246 Δεκ-

333 5284 583 5352 μιμὴσει.
626 5277 798 5330 Αᾷτοῦ
841 5281 944 5352 γάρ
1009 5298 1172 5350 εστιν,
1204 5276 1597 5352 ἀψευδέστατός
1648 5281 1800 5356 λόγος
1858 5285 1945 5336 ού-

331 5374 470 5423 τωσὶ
527 5370 759 5441 φάσκων.
808 5374 871 5422 Εἰ
924 5366 1011 5441 ἔμε
1068 5366 1310 5440 έδίωξαν,
1378 5377 1467 5424 καὶ
1524 5372 1655 5445 ύμᾶς
1723 5369 1945 5437 διώξου-

335 5475 466 5514 σιν·
531 5456 574 5512 εί
624 5463 712 5512 τὸν
769 5457 922 5532 λόγον
988 5479 1089 5532 μου
1146 5463 1434 5537 ἐτήρησαν,
1502 5468 1592 5517 καὶ
1659 5465 1746 5517 τὸν
1813 5467 1943 5538 ὑμέ-

414 5680 458 5716 ¹¹
500 5678 706 5738 latth.
732 5693 855 5751 xvr,
875 5681 968 5740 18.
1049 5681 1094 5720 ι’
1123 5681 1294 5751 Joan,
1325 5695 1424 5757 xv,
1455 5686 1547 5741 20.

2052 4651 2309 4707 Romani
2336 4655 2394 4706 et
2421 4650 2573 4723 Syri,
2605 4650 2804 4706 cuncti
2850 4650 3222 4707 orthodoxiaa
3253 4656 3578 4722 amatores,
3609 4667 3708 4710 ac-

2053 4741 2242 4797 curati
2267 4739 2409 4796 ﬁdei
2435 4740 2612 4797 nobis
2637 4757 2673 4798 a
2693 4740 2966 4797 Patribus
2991 4741 3222 4798 traditas
3279 4741 3582 4815 custodes,
3609 4759 3708 4800 su-

2053 4846 2161 4903 per
2222 4846 2411 4903 quam
2486 4830 2871 4904 omnipotens
2912 4831 3014 4887 Dei
3056 4835 3115 4887 et
3157 4831 3347 4888 Patris
3390 4831 3711 4890 brachium

2055 4921 2338 4992 Christus,
2367 4919 2687 4977 Ecclesiam
2712 4935 2888 4977 suam
2949 4920 3285 4990 aediﬁcavit,
3319 4925 3376 4978 et
3404 4927 3590 4994 porte
3620 4921 3709 4979 in-

2054 5009 2160 5067 feri
2173 5025 2296 5066 non
2307 5009 2724 5082 prmvalebunt
2742 5009 3031 5068 adversus
3062 5025 3200 5067 eam
3222 5012 3284 5066 ¹¹.
3301 5012 3538 5077 Quanto
3550 5012 3712 5069 enim

2055 5099 2252 5170 magis
2271 5099 2404 5172 ipsa
2423 5104 2780 5173 oppugnata
2794 5099 2992 5170 fuerit,
3014 5115 3086 5157 eo
3105 5099 3243 5173 plus
3264 5100 3710 5170 corroboratur,

2054 5205 2162 5263 per
2184 5189 2394 5246 Christi
2417 5189 2812 5246 imitationem
2836 5205 2968 5247 sese
2985 5189 3465 5264 eﬁ'erenstsius
3486 5191 3714 5266 quippe

2055 5279 2409 5336 verissimus
2433 5284 2523 5336 est
2551 5296 2769 5348 sermo,
2799 5297 2924 5354 quo
2948 5280 3031 5337 ita
3052 5280 3135 5337 ait
3161 5297 3174 5335 :
3207 5281 3280 5336 Si
3302 5296 3395 5337 me
3411 5285 3715 5351 persecuti

2056 5376 2219 5441 sunt,
2244 5378 2295 5427 et
2319 5386 2419 5428 vos
2438 5375 2918 5443 persequentur;
2939 5373 2995 5426 si
3019 5385 3350 5427 sermonem
3372 5386 3570 5428 meum
3596 5387 3716 5428 ser-

2055 5467 2386 5534 vaverunt;
2418 5467 2474 5519 et
2505 5467 2761 5520 vestrum
2791 5461 3115 5520 servabunt
3150 5462 3215 5514 ¹².
3246 5461 3451 5539 Igitur,
3480 5460 3714 5547 fratres,
