4468 6450
764 426 867 492 615

1896 417 2207 478 GERIANI
2246 416 2295 472 II
2335 415 2441 473 CP.
2483 415 2980 481 PATRIARCHIE.

4016 407 4117 484 eis

765 558 1030 617 Gaudete
1055 556 1118 611 in
1159 552 1408 609 Domino
1455 562 1718 618 semper;
1747 551 1800 602 et
1842 545 2054 602 iterum
2084 544 2238 613 dico,
2267 556 2404 614 gau-
2437 540 2484 595 A
2522 563 2529 573 ·

2354 559 2404 597 u-
2437 540 2484 595 A
2522 561 2663 615 τερον
2717 555 3046 625 τηρήσουσι*
3105 557 3321 628 χαίρετε
3374 552 3462 607 οὖν
3514 554 3562 607 ἓν
3626 558 3820 628 Κυρίῳ,
3871 548 4118 623 ἀδελφοὶ-

762 649 892 705 dete
924 647 990 700 ¹³.
1023 644 1126 699 Dei
1162 642 1342 698 frater
1365 637 1624 696 Jacobus
1653 652 1791 691 cum
1824 633 2007 689 Paulo
2038 631 2169 688 coeli
2199 647 2408 687 ascen-

761 754 896 795 sore
949 734 1299 792 charitatem
1345 733 1606 785 vestram
1663 725 1742 782 ad
1787 722 2125 796 spirituales
2185 735 2410 792 agones

760 827 1100 900 perungant
1134 825 1313 893 atque
1350 818 1616 873 incitent.
1652 814 1914 870 Jacobus
1969 811 2220 884 quidem
2269 825 2410 865 cum

763 915 940 971 dicit:
967 914 1151 969 Omne
1164 909 1454 981 gaudium
1481 907 1833 968 existimate,
1856 904 2083 973 fratres
2109 901 2244 968 mei,
2277 915 2411 955 cum

761 1008 826 1061 in
856 1003 1252 1060 tentationnes
1278 997 1480 1054 varias
1499 994 1828 1051 incideritis
1860 993 1928 1047 “.
1952 990 2053 1046 Hic
2074 1005 2236 1054 vero,
2264 988 2413 1043 dum

761 1091 1014 1148 libenter
1044 1087 1330 1162 gloriatur
1350 1085 1410 1140 in
1429 1081 1880 1140 inﬁrmitatibus
1933 1079 2076 1147 suis,
2105 1082 2163 1135 et
2208 1077 2318 1133 sibi
2351 1076 2414 1131 in

763 1175 1246 1238 tribulationibus
1276 1171 1608 1246 complacet
1639 1172 1707 1228 η.

685 1419 708 1430 ,,
833 1362 890 1414 2.
922 1358 1045 1426 Ego
1070 1355 1224 1409 certe
1253 1349 1542 1407 minimus
1567 1351 1624 1402 et
1647 1344 1870 1402 inutilis
1895 1344 2048 1400 inter
2075 1340 2413 1416 pontiﬁces,

762 1448 1009 1505 beatum
1030 1459 1126 1499 me
1153 1439 1362 1497 censui
1391 1439 1451 1493 in
1481 1434 1952 1500 inﬁrmitatibus,
1985 1432 2147 1505 quod
2199 1431 2278 1488 ad
2308 1446 2416 1502 po-

764 1535 976 1609 pulum
995 1527 1569 1588 obedientissimum
1604 1528 1662 1580 et
1699 1523 1777 1579 ad
1828 1538 2004 1578 aures
2042 1519 2418 1578 audientium

763 1624 999 1681 locutus
1035 1619 1271 1676 fuerim.
1310 1619 1511 1688 Neque
1543 1614 1705 1670 enim
1735 1611 1946 1668 cecidit
1974 1625 2155 1683 super
2183 1613 2416 1682 petram

766 1727 974 1771 semen
993 1708 1162 1767 verbi
1188 1706 1379 1763 nostri
1414 1705 1476 1772 ιδ,
1505 1718 1701 1776 neque
1730 1702 1791 1757 in
1819 1699 1993 1773 aquis
2047 1697 2414 1770 scripsimus,

764 1817 962 1876 neque
987 1799 1277 1857 doctrinae
1294 1794 1440 1852 retia
1469 1792 1692 1849 frustra
1715 1790 2055 1847 laxavimus
2079 1789 2118 1824 ιτ
2144 1806 2156 1855 ;
2193 1787 2298 1843 sed
2328 1801 2418 1841 se-

2519 638 2756 708 πάντοτε,
2825 645 2913 693 καὶ
2972 641 3124 693 πάλιν
3177 641 3276 716 ἐρῶ
3317 649 3549 718 χαίρετε.
3623 641 3864 704 Ἰάκωϐος
3938 643 3963 693 6
4030 642 4115 693 θι-

2521 719 2739 795 ἀδελφος
2808 731 2900 779 σῦν
2966 728 3152 802 Παύλῷ
3216 738 3288 802 τῷ
3354 730 3734 805 οὐρανοϐάμονι
3803 733 3928 804 πρὸς
3996 732 4118 788 τοὺς

2519 820 2898 886 πνευματικοῦς
2958 816 3160 889 ἀγῶνας
3221 825 3315 878 τὴν
3375 821 3516 893 ὑμῶν
3579 819 3789 892 ἀγάπην
3852 817 4121 889 ἐπαλειφέ-

2518 921 2688 954 τωσαν
2724 921 2736 933 ·
2796 907 2821 956 ό
2874 909 2962 977 μὲν
3017 903 3084 966 δὴ
3140 907 3399 976 Ἰάκωϐος,
3447 914 3630 962 Πᾶσαν
3678 909 3853 981 χαρὰν
3911 907 4118 977 ἡγήσα-

2525 993 2634 1059 σθε,
2701 991 2877 1065 λέγων,
2947 992 3159 1069 ἀδελφοί
3223 1017 3345 1070 μου,
3413 999 3533 1050 ὅταν
3595 1002 3910 1071 πειρασμοῖς
3971 1013 4119 1068 περι-

2521 1084 2711 1139 πέσητε
2766 1084 3025 1148 ποικίλοις
3084 1107 3096 1119 ·
3161 1087 3187 1138 ό
3257 1084 3334 1154 δε,
3405 1083 3608 1146 ἣδιστα
3671 1090 4012 1158 καυχώμενος
4071 1080 4120 1135 ἐν

2523 1176 2634 1230 ταῖς
2681 1169 2962 1234 ἀσθενείαις
3029 1174 3211 1245 αὐτου,
3260 1180 3350 1228 καὶ
3399 1171 3690 1229 ἑπευδοκῶν
3744 1172 3792 1226 έν
3849 1180 3964 1236 ταῖς
4019 1170 4123 1224 θλίο

2523 1258 2696 1329 ψεσιν,

2596 1346 2666 1420 β’.
2706 1347 2837 1421 Ἐγώ
2874 1353 2964 1423 μὲν
3019 1353 3044 1404 6
3097 1351 3378 1425 ἐλάχιστος
3431 1358 3522 1406 καὶ
3577 1353 3790 1425 ἀχρεῖος
3837 1348 3885 1402 ἐν
3937 1347 4124 1422 ἀρχιε-

2523 1444 2674 1510 ρεῦσι
2720 1442 2977 1514 μακάριον
3021 1442 3242 1515 έμαυτὸν
3296 1443 3343 1496 έν
3397 1463 3512 1506 ταις
3572 1442 3859 1502 ἀσθενείαις
3898 1444 4124 1512 ἥγημαι,

2526 1528 2605 1578 ὅτι
2661 1532 2786 1600 πρὸς
2832 1529 2952 1582 λαόν
2997 1531 3410 1600 εὐπειθέστατον,
3470 1537 3561 1584 καὶ
3611 1535 3740 1605 πρὸς
3792 1530 3902 1582 ὦτα
3967 1527 4125 1581 ἀκου-

2526 1618 2682 1667 όντων
2734 1617 3009 1678 λελάληκα.
3061 1621 3136 1672 Οὐ
3193 1624 3293 1697 γὰρ
3343 1621 3418 1683 εἰς
3462 1625 3651 1696 πέτραν
3705 1621 3731 1672 6
3788 1637 3982 1694 σπόρος
4033 1624 4126 1669 τοῦ

2525 1704 2679 1777 λόγου
2737 1709 2879 1780 ὑμῶν
2932 1712 3128 1780 ἔπεσεν,
3185 1707 3308 1763 οὐδὲ
3361 1710 3478 1763 καθ’
3537 1706 3746 1763 ὐδάτων
3804 1706 4125 1783 ἔγράψαμιν,

2529 1792 2653 1848 οὐδὲ
2694 1799 2760 1849 τὰ
2802 1794 2996 1851 δικτυα
3037 1808 3132 1862 τῆς
3172 1795 3529 1862 διδασκαλίας
3568 1795 3812 1860 διακενῆς
3852 1796 4128 1868 έχαλάσα-

765 1890 1134 1950 minavimus
1166 1885 1364 1959 potius
1391 1884 1452 1940 in
1480 1887 1637 1939 terra
1662 1881 1826 1937 bona
1864 1883 1922 1935 et
1968 1878 2148 1950 spicis
2200 1876 2415 1946 ferace,
2446 1893 2491 1946 Β

2363 1890 2491 1946 θνΒ
2529 1904 2616 1957 μεν
2651 1902 2664 1915 ·
2721 1885 2827 1938 ἀλλ’
2886 1887 3191 1962 ἐσπείραμεν
3248 1888 3436 1961 μᾶλλον
3488 1888 3558 1951 εἰς
3614 1891 3708 1947 τὴν
3768 1885 3971 1958 ἀγαθὴν
4027 1893 4126 1957 γῆν

765 1981 1115 2054 scripsimus
1133 1981 1334 2034 autem
1351 1974 1410 2030 in
1429 1971 1714 2029 cordibus
1762 1967 2112 2026 illuminatis
2138 1983 2207 2023 ac
2229 1965 2415 2039 puris,
2526 2002 2529 2027 η

2357 1983 2415 2033 [ει
2526 1982 2616 2030 καὶ
2689 1980 2975 2050 εῦσταχυν,
3053 1976 3343 2051 ἐγράμαπεν
3433 1974 3493 2030 δε
3581 1977 3651 2039 εἰς
3725 1977 4121 2049 περωτισμένας

765 2077 932 2130 mota
958 2071 1167 2140 lingua
1196 2070 1405 2122 nostra
1445 2064 1636 2119 instar
1665 2060 1883 2116 calami
1922 2058 2132 2115 scribae
2161 2056 2319 2113 illius
2342 2055 2417 2111 de
2525 2088 2529 2118 ε

2361 2055 2417 2111 Ῐθ
2525 2062 2750 2140 καρδίας
2805 2072 2895 2119 καὶ
2968 2070 3216 2141 καθαρὰς,
3276 2071 3344 2131 ὡς
3411 2067 3639 2139 κάλαμον
3703 2073 3795 2118 τοῦ
3860 2064 4125 2137 ψαλμικοῦ

764 2177 888 2235 quo
912 2161 972 2216 in
1003 2155 1252 2215 Psalmis
1286 2155 1365 2219 ¹⁸;
1406 2166 1668 2223 cumque
1693 2149 1756 2205 in
1780 2147 1967 2204 verbo
1989 2145 2207 2203 Christi
2227 2144 2417 2201 demi-
2524 2177 2528 2191 ι

2363 2160 2417 2235 ’δ’
2524 2160 2867 2229 ’γραμματέως
2921 2161 3015 2216 τὸν
3066 2157 3300 2228 γλῶτταν
3351 2161 3653 2217 κινήσαντες
3686 2176 3699 2190 ·
3760 2159 3850 2208 καὶ
3907 2154 3991 2207 ἐπὶ
4055 2160 4127 2223 τῷ

766 2209 885 2235 *ι’-ν
912 2209 972 2216 --
1005 2209 1023 2215 -
1046 2209 1246 2214 -ν---υ
1355 2209 1365 2219 ι
1569 2209 1589 2223 ι

765 2251 1053 2307 sissemus
1090 2251 1231 2316 rete,
1283 2242 1553 2316 cepimus
1578 2255 1688 2295 vos
1718 2238 1792 2294 ad
1821 2236 2226 2295 obedientiam
2254 2233 2416 2304 ﬁdei,
2524 2289 2529 2319 1

2380 2233 2389 2243 .
2531 2209 2567 2228 ⁸⁸
2627 2209 2635 2228 ι
2667 2209 2677 2229 ⁸
2853 2209 2867 2218 ’
2970 2209 2980 2216 '
3073 2209 3087 2228 1
3189 2209 3194 2210 ν
3220 2209 3225 2210 ν
3358 2209 3361 2210 ν
3455 2209 3464 2216 -
3488 2209 3495 2210 ί
3520 2209 3543 2210 ~
3588 2209 3591 2210 ν
3618 2209 3652 2217 ν-
4099 2209 4108 2223 ,

2367 2250 2416 2304 ⁵1,
2524 2247 2722 2319 ῥήματι
2770 2254 2861 2299 τοῦ
2914 2255 3151 2320 Χριστοῦ
3189 2249 3429 2309 καθέντες
3473 2251 3532 2300 τὸ
3583 2243 3817 2316 δικτῦον,
3871 2245 4131 2317 ἠγρεύσα-

765 2344 823 2396 et
847 2338 1078 2397 Christo
1099 2332 1428 2392 obtulimus
1449 2328 1776 2402 opsonium
1799 2325 2022 2382 cmlesti
2051 2325 2183 2396 ejus
2205 2337 2419 2379 mensa
2527 2391 2529 2408 Ι

2356 2337 2419 2378 58
2527 2355 2615 2408 μεν
2669 2335 2803 2408 ὐμᾶς
2853 2340 2979 2410 πρὸς
3027 2337 3261 2395 ὐπακοήν
3319 2341 3570 2405 πίστεως,
3623 2339 3713 2387 καὶ
3771 2333 3992 2405 ὀψώνιον
4045 2338 4120 2402 τῷ

764 2386 1546 2500 ἆίξηᾜῶίνίίιῖἀξοῖιωωίει
1575 2416 1771 2474 aﬂ‘ecti
1801 2416 1880 2472 ob
1919 2386 2181 2486 primam
2211 2416 2417 2486 captu-
2527 2394 2528 2407 “

2359 2428 2417 2467 η’
2528 2433 2744 2498 Χριστῷ
2796 2429 3201 2500 προσηγάγομεν
3259 2426 3402 2489 ἄξιον
3463 2435 3554 2486 τῆς
3623 2425 3866 2498 οὐρανίου
3938 2423 4123 2496 τραπέ-

764 2534 917 2585 ram,
949 2517 1237 2589 ipsosque
1267 2528 1381 2568 nos
1412 2509 1626 2566 beatos
1655 2506 1768 2563 rati
1815 2504 1983 2578 quod
2035 2503 2418 2577 propositum

2356 2518 2418 2557 ΠΙ
2530 2515 2625 2577 ζης
2658 2515 2838 2568 αὐτοῦ.
2871 2515 3048 2569 Ἔνθεν
3083 2535 3163 2568 τοι
3207 2521 3297 2568 καὶ
3325 2515 3684 2588 εὐφρανθέντες
3724 2512 3808 2566 ἔπι
3846 2519 3908 2584 τῇ
3942 2516 4120 2585 πρώτῃ

765 2567 1231 2589 -__,-,---1_-
1834 2567 1852 2578 _
2038 2567 2056 2577 ,
2149 2567 2168 2576 _

765 2604 1170 2672 successisset,
1209 2616 1418 2658 rursus
1466 2598 1528 2654 in
1582 2595 1803 2652 Christi
1849 2592 2095 2650 nomine
2143 2591 2418 2663 linguam
2527 2635 2529 2652 ,

2538 2567 2625 2577 μ’
2768 2567 2803 2568 κν
2897 2567 3015 2569 -η
3094 2567 3131 2568 η
3389 2567 3427 2588 Η
3670 2567 3683 2575 ,
3884 2567 3991 2585 ί,
4101 2567 4117 2580 ,ν

2366 2606 2418 2646 [Π
2527 2606 2686 2680 ἄγρᾳ,
2737 2610 2827 2658 καὶ
2871 2612 2966 2667 τῆς
3021 2605 3302 2678 εὐστοχίας
3354 2604 3568 2666 ἑαυτοὺς
3623 2606 4034 2677 μακαρίσαντες,
4084 2597 4130 2650 ἒν

763 2695 927 2754 velut
947 2691 1308 2752 verriculum
1338 2688 1419 2746 ad
1447 2686 1786 2745 doctrinam
1817 2683 2211 2740 demittimus.
2525 2720 2527 2728 λ

2525 2703 2596 2766 τῷ
2637 2696 2851 2768 ὀνόματι
2904 2702 2996 2748 τοῦ
3039 2701 3284 2768 Χρισποῦ
3329 2694 3481 2747 πάλιν
3527 2697 3620 2752 τὴν
3665 2691 3900 2764 γλῶτταν
3950 2691 4122 2761 ὥσπερ

2530 2783 2923 2859 ἀμφίϐληστρον
2955 2783 3040 2837 ἐπὶ
3064 2792 3162 2846 τῆς
3193 2780 3546 2846 διδασκαλίας
3567 2780 3968 2855 καταχαλᾶψεν.

2526 1982 2616 2030 καὶ
2689 1980 2975 2050 εῦσταχυν,

837 2899 888 2954 3.
920 2897 1318 2966 Nequaquam
1345 2904 1457 2944 vos
1478 2886 1640 2956 latet,
1662 2882 1942 2941 homines
1970 2881 2302 2938 litterarum
2334 2878 2418 2934 di-

765 2985 1278 3058 sciplinarumque
1301 2975 1800 3045 studiosissimos,
1825 2971 1992 3046 quod
2014 2970 2119 3044 qui
2146 2986 2182 3027 a
2205 2969 2420 3042 princi-

764 3075 865 3150 pio
886 3073 1240 3130 exstiterunt
1267 3066 1476 3125 Deiferi
1514 3070 1571 3122 et
1620 3063 1808 3120 divini
1864 3076 2174 3134 praecones
2218 3062 2420 3115 Patres

2374 3074 2420 3114 53
2536 3073 2846 3145 θεοκὴρυκες
2906 3075 3129 3145 Πατέρες
3205 3071 3372 3141 ἡμῶν,
3437 3070 3554 3141 θείῳ
3622 3069 3906 3141 κινούρενοι
3981 3065 4138 3117 ΙΙνεύ-

763 3162 973 3233 nostri,
1008 3160 1226 3234 Spiritu
1247 3157 1452 3213 divino
1477 3153 1644 3220 moti,
1677 3157 1733 3209 et
1758 3150 2088 3224 apostolica
2131 3149 2422 3220 dogmata

2375 3162 2422 3204 ἶᾶ
2531 3181 2660 3233 ματι
2697 3165 2787 3213 καὶ
2827 3160 3202 3220 ἁποοτολικαῖς
3245 3154 3623 3219 διδασκαλίαις
3674 3155 3929 3229 ἑπόμενοι,
3970 3156 4139 3207 πάντα

765 3251 973 3321 secuti,
1005 3252 1224 3306 cuncta
1250 3263 1388 3319 quas
1417 3245 1496 3302 ad
1533 3241 1894 3300 catholicam
1933 3239 2259 3296 Ecclesiam
2285 3253 2418 3309 spe-
2451 3246 2491 3302 c

2375 3253 2418 3292 Ξ·
2451 3246 2491 3302 C
2529 3257 2591 3310 τη
2643 3259 2737 3312 τῆς
2794 3250 3072 3310 καθολικῆς
3112 3247 3424 3309 Ἐκκλησίας
3477 3246 3525 3299 έν
3592 3250 3815 3318 σχοινίῳ
3860 3261 4139 3316 πνευματι-

765 3344 947 3409 ctant,
977 3340 1038 3396 in
1065 3335 1332 3395 funiculo
1389 3331 1670 3406 spiritalis
1718 3328 2153 3387 distributionis
2183 3326 2421 3406 ordina-

2376 3342 2421 3406 ἦ·
2529 3348 2624 3401 κῆς
2686 3335 3038 3414 κληροδοσίας
3094 3340 3402 3399 θεοκινὴτως
3453 3335 3633 3399 ἔταξαν
3692 3353 3747 3387 τε
3802 3337 3892 3385 καὶ
3956 3332 4140 3406 ὡροθέ-

763 3431 958 3490 verint
984 3445 1055 3487 ac
1104 3422 1651 3492 determinaverint,
1697 3421 1872 3492 juxta
1929 3418 2032 3475 Dei
2084 3416 2423 3490 inspiratio-

2374 3432 2423 3472 )⁶
2529 3449 2719 3502 τησαν,
2782 3434 2870 3482 καὶ
2935 3436 3053 3491 ταῖς
3112 3424 3362 3500 διαφόρος
3420 3434 3520 3478 τῶν
3586 3423 3909 3482 Ἐκκλησιῶν
3968 3422 4138 3497 ὁροθε-

763 3537 931 3587 nem,
989 3516 1291 3588 variisque
1350 3511 1749 3569 Ecclesiarum
1797 3505 2421 3572 determinationibus,

2375 3522 2421 3572 5:
2533 3524 2677 3581 σίαις
2728 3523 2994 3594 φραγμοὺς
3058 3519 3390 3593 περιέθηκαν,
3452 3519 3540 3567 καὶ
3605 3517 3998 3588 περιετείχισαν
4051 3512 4139 3570 τὰς

766 3614 938 3683 septa
995 3601 1562 3677 circumposuerint,
1621 3603 1803 3672 atque
1876 3596 2143 3668 singulas
2195 3595 2424 3668 ubique

2379 3610 2424 3651 ιθ
2535 3611 2840 3682 ἑκασταχοῦ
2887 3607 3082 3683 ἐνορίας
3132 3609 3259 3679 πρὸς
3309 3603 3591 3678 ἀσφάλειαν
3638 3624 3652 3637 ·
3714 3603 3849 3655 ὥστε
3901 3604 3972 3674 μὴ
4025 3604 4143 3662 τοὺς

763 3697 1108 3774 provincias
1178 3689 1758 3750 circumvallaverint
1823 3686 1902 3743 ad
1957 3687 2323 3754 cautionem,
2349 3699 2425 3740 ne

2377 3699 2425 3740 ιθ
2537 3696 2844 3773 φιλοδόξους
2890 3718 2944 3751 τε
3009 3701 3098 3750 καὶ
3157 3695 3415 3757 ἀλαζόνας
3471 3693 3570 3746 ἀπὸ
3625 3700 3726 3745 τῶν
3791 3691 3992 3744 οἰκείων
4058 3687 4141 3741 ἐπὶ

766 3786 1072 3850 ambitiosi
1093 3790 1151 3842 et
1181 3785 1530 3854 arrogantes
1558 3777 1732 3837 facile
1753 3794 1790 3834 a
1819 3777 1944 3833 suis
1984 3776 2065 3833 ad
2095 3775 2319 3832 alienas
2339 3774 2426 3830 in-

2382 3789 2426 3829 ι’
2535 3793 2626 3852 τὰς
2682 3788 2952 3864 ἀλλοτρίας
3010 3785 3225 3847 εὐκόλως
3279 3780 3545 3854 έπιπηδᾷν
3578 3803 3594 3818 ·
3648 3780 3779 3835 ἀλλὰ
3834 3776 4146 3841 δεδοικότας

765 3880 993 3938 silirent
1043 3894 1056 3946 ;
1109 3874 1218 3931 sed
1266 3871 1438 3930 veriti
1509 3868 1804 3927 macerias
1853 3865 2430 3923 terribilissimarum

2381 3879 2430 3920 ω
2536 3882 2631 3943 τὰς
2691 3879 2950 3952 αἱμασιὰς
3012 3885 3111 3928 τῶν
3179 3871 3618 3950 φρικωδεστάτων
3684 3871 3987 3944 ἀφορισμῶν
4053 3870 4145 3920 καὶ

765 3963 1466 4029 excommunicationum
1519 3964 1757 4033 atquea
1809 3959 1929 4014 Deo
1977 3955 2427 4023 alienationum,

2382 3971 2427 4023 ειν
2538 3979 2638 4022 τῶν
2697 3968 2798 4021 ἀπὸ
2865 3974 2999 4022 Θεοῦ
3058 3964 3464 4038 ἀλλοτριώσεων,
3502 3965 3731 4038 στέργειν
3799 3962 4019 4012 ἕκαστον
4082 3957 4146 4016 ἣν

764 4058 1104 4117 excolerent
1141 4051 1360 4124 singuli
1388 4055 1655 4124 spartam
1677 4047 1791 4104 sibi
1838 4046 2240 4116 designatam,
2285 4059 2431 4117 pro-

2378 4060 2431 4101 )··
2539 4059 2698 4132 ἔλαχε
2736 4059 2995 4132 Σπάρταν,
3041 4059 3132 4108 καὶ
3173 4054 3450 4131 ἀρκεῖσθαι
3497 4047 3570 4125 τῷ
3622 4046 3744 4124 ἰδίῳ
3771 4048 3930 4123 λάχει
3959 4051 4050 4101 καὶ
4078 4051 4142 4120 τῇ

763 4149 1020 4223 priaque
1051 4147 1210 4202 sorte
1235 4157 1308 4200 ac
1333 4138 1679 4199 haereditate
1731 4133 2201 4194 accommodata
2225 4132 2434 4191 essent

1581 4142 1679 4196 ate
1731 4133 2201 4194 accommodata
2225 4132 2434 4191 essent
2540 4150 2962 4224 προσαρμοσάση
2995 4140 3345 4219 κληροδοσίᾳ,

763 4236 1048 4298 contenti.

835 4330 896 4385 4.
930 4324 1069 4390 Sed,
1096 4339 1134 4381 ο
1168 4337 1308 4379 mea
1359 4322 1554 4377 errata
1577 4317 1589 4373 l
1613 4332 1651 4374 o
1703 4312 2128 4388 inexplebilem
2155 4311 2433 4370 ambitio-

2385 4327 2433 4369 )-
2614 4325 2681 4384 δ’,
2722 4325 2858 4381 Ἀλλ’
2903 4325 2942 4377 ὢ
2988 4333 3089 4378 τῶν
3143 4322 3274 4397 έμῶν
3335 4317 3707 4394 ἀγνοημάτωνί
3755 4317 3796 4369 ὦ
3841 4325 3938 4377 τῆς
3982 4313 4149 4375 ἀπ’)ή·

764 4434 908 4477 nem
932 4417 946 4474 1
974 4431 1113 4490 quae
1142 4427 1390 4472 omnem
1416 4409 1601 4468 modo
1639 4408 1998 4464 canonicam
2051 4403 2432 4477 disciplinam

2385 4419 2432 4460 ω
2544 4437 2670 4471 στου
2726 4412 3065 4490 φιλοδοξίαςι
3122 4418 3298 4466 πᾶσαν
3339 4410 3530 4484 ἀρτίως
3580 4410 3855 4466 κανονικὴν
3910 4403 4149 4468 εὐταξίαν

765 4507 1012 4582 abjecit,
1081 4515 1454 4575 omnemque
1538 4496 1942 4556 Christianam
1996 4493 2432 4551 institutionem

2385 4509 2432 4548 Ἠ
2542 4503 2988 4572 έξουδενωσάσης,
3062 4502 3152 4556 καί
3228 4500 3525 4578 ἀνατρέπειν
3599 4498 3972 4571 επιχειρούσης
4051 4498 4149 4552 τήν

764 4599 1030 4672 evertere
1056 4591 1400 4660 connititur,
1436 4588 1562 4644 imo
1610 4600 1752 4642 vero
1780 4589 1838 4641 et
1880 4582 2174 4641 adversus
2226 4582 2431 4654 ipsum
2462 4610 2508 4668 Β

2385 4598 2431 4639 Ἠ
2462 4610 2508 4668 D
2541 4601 2921 4673 Χριστιανικὴν
2977 4595 3308 4649 κατάστασιν
3374 4597 3588 4645 πᾶσαν·
3655 4587 3845 4663 μᾶλλον
3907 4587 3997 4656 μεν
4058 4583 4149 4637 οὖν

765 4671 1043 4744 Ecclesia:
1069 4686 1254 4758 caput
1277 4678 1446 4754 quod
1480 4680 1567 4776 est
1597 4675 1885 4746 Christus,
1941 4672 2314 4730 conﬁdenter
2332 4671 2464 4729 den

2389 4689 2464 4729 δ”
2539 4671 2641 4759 κάλ,
2672 4686 2782 4742 κατ’
2843 4687 3002 4748 αὐτῆς
3057 4692 3153 4748 τῆς
3214 4681 3439 4755 κεφαλῆς
3497 4687 3592 4742 τῆς
3647 4677 3981 4746 Ἐκκλησίας,
4030 4676 4153 4735 ἣτις

767 4777 905 4845 silit,
955 4789 1156 4848 neque
1204 4769 1480 4828 stimulos
1530 4765 1833 4870 formidat,
1879 4778 2036 4838 quos
2073 4762 2218 4819 olim
2252 4762 2430 4820 Saulo

2382 4762 2430 4819 ίο
2541 4779 2682 4834 ἐστίν
2742 4780 2768 4831 ὁ
2836 4779 3091 4854 Χριστός,
3159 4775 3388 4850 θρασέως
3446 4768 3857 4843 κῆθαλλομένης,
3924 4769 4013 4817 καὶ
4071 4767 4146 4836 μὴ

763 4867 1172 4926 comminatus
1191 4865 1282 4920 est
1310 4859 1602 4930 Christus,
1651 4855 1858 4912 dicens
1908 4853 1988 4911 ad
2009 4868 2150 4911 eum
2174 4853 2430 4910 :Durum

2389 4869 2430 4910 n
2539 4869 2853 4945 φοϐουμένης
2888 4852 2980 4920 Ὕτὰ
3025 4869 3212 4939 κέντρα
3268 4862 3304 4916 ἆ
3351 4865 3443 4914 καί
3500 4868 3574 4932 τῷ
3637 4856 3815 4930 Σαύλῳ
3873 4852 4153 4914 ἐπηπειλὴ-

763 4964 855 5018 εδτ
876 4955 986 5016 “bi
1005 4959 1220 5014 contra
1245 4950 1518 5010 sumat“
1543 4947 1869 5006 σαισίίνανθ
1903 4945 1974 5000 ’θ’
2542 4943 2672 5014 σατό
2697 4977 2822 5013 ποτε
2842 4959 2868 5010 ὁ
2897 4958 3151 5034 Χριστὸς,
3183 4951 3408 5028 Σκληρόν
3434 4969 3540 5022 σοι,
3563 4951 3786 5024 φάμενος
3804 4949 3933 5020 πρὸς
3965 4943 4145 5011 αὐτόν,

2538 5053 2671 5126 πρὸς
2699 5054 2886 5124 κέντρα
2903 5046 3190 5108 λακτιζειν.

2599 2899 2667 2964 γ’.
2717 2891 2828 2944 Οὐκ
2868 2890 3096 2963 ἀγνοεῖτε
3133 2892 3354 2957 πάντως,
3400 2888 3809 2963 φιλώλογοτατοι
3875 2887 4139 2960 ἄνθρωποι

2529 2986 2620 3034 καὶ
2685 2981 3151 3054 φιλομαθέστατοι,
3214 2981 3284 3042 ὡς
3352 2981 3401 3031 οἱ
3465 2978 3704 3032 ἀνέκαθεν
3763 2979 3997 3050 θεοφοροι
4048 2979 4139 3027 καὶ

2611 5160 2668 5213 ε’.
2720 5153 2954 5231 Οἴδαμεν
3018 5155 3120 5228 γὰρ
3189 5151 3410 5214 ἅπαντες
3466 5149 3582 5203 ὅσοι
3647 5149 3708 5199 τό
3773 5142 4155 5220 Χριστιανικὸν

2541 5249 2938 5326 βεϐαπτίσμεθα
3014 5244 3321 5320 βάπτισμα,
3398 5242 3471 5302 ὡς
3547 5233 3622 5300 εἷς
3689 5235 3830 5290 ἐστιν
3903 5236 4050 5308 ἡμῶν
4126 5233 4156 5284 ὀ

2537 5322 2863 5414 καθηγητης,
2897 5339 2922 5390 6
2978 5338 3242 5412 Χριστός’
3293 5335 3383 5384 καί
3428 5329 3583 5391 αὐτός
3627 5325 3742 5380 ἐστι
3801 5322 3996 5397 κεφαλὴ
4050 5329 4157 5374 τῶν

2539 5433 2850 5504 ἁπανταχοῦ
2895 5433 2990 5491 τᾶς
3041 5425 3344 5498 οἰκουμένης
3416 5425 3748 5497 Χριστιανῶν
3780 5436 3793 5450 ο
3857 5415 4043 5474 πάντες
4092 5407 4157 5464 δε

2539 5527 2589 5578 οἶ
2643 5532 2716 5596 τῷ
2782 5520 3141 5597 ἀρχιερατικῷ
3198 5515 3530 5588 τετιμημένοι
3611 5507 3870 5582 ἀξιώματι
3937 5499 4159 5576 ἀδελφοί

776 5221 782 5226 ι
835 5184 886 5237 5.
919 5174 1210 5237 Novimus
1257 5170 1421 5231 enim
1448 5167 1647 5227 cuncti
1675 5165 1784 5242 qui
1838 5162 2175 5224 Christiano
2201 5162 2432 5221 intincti

762 5269 992 5328 fuimus
1009 5264 1339 5341 baptismo,
1362 5257 1531 5335 quod
1545 5273 1704 5316 unus
1725 5260 1818 5313 est
1829 5253 2118 5326 magister
2133 5257 2192 5312 et
2217 5253 2433 5311 ductor

761 5365 988 5426 noster,
1022 5356 1312 5426 Christus,
1343 5353 1596 5427 ipseque
1627 5352 1718 5406 est
1755 5347 2032 5404 omnium
2081 5361 2190 5420 per
2217 5345 2430 5403 orbem

761 5449 1240 5512 Christianorum
1269 5446 1492 5518 caput;
1524 5436 1790 5496 universi
1840 5440 2045 5495 autem
2098 5434 2429 5508 pontiﬁcali

758 5540 1042 5602 h'Onorati
1069 5535 1378 5608 dignitate,
1403 5531 1616 5590 fratres
1646 5543 1859 5586 sumus
1892 5530 1950 5584 et
1990 5525 2270 5583 membra
2299 5540 2428 5584 cor-

831 5724 878 5761 ¹³
907 5720 1163 5850 Philipp.
1196 5732 1274 5777 iv.
1305 5717 1361 5774 4.
1442 5713 1488 5751 ¹⁴
1526 5713 1651 5771 Jac.
1689 5725 1728 5783 ι,
1762 5711 1816 5767 2.
1897 5708 1942 5744 ⁸⁵
1975 5705 2022 5762 II
2057 5707 2189 5766 Cor.
2221 5721 2329 5778 xu,
2363 5707 2418 5778 9,
2453 5706 2527 5763 1οι

763 5798 810 5836 ¹⁹
835 5798 963 5856 Act.
995 5810 1075 5856 ιι.
1142 5833 1158 5854 .
1452 5840 1456 5844 ,

2382 5708 2418 5778 t,
2453 5706 2540 5763 10.
2621 5704 2668 5742 η
2699 5701 2842 5760 Luc.
2873 5715 2977 5771 vn,
3002 5703 3055 5756 ὅ.
3135 5697 3179 5735 1⁷
3211 5696 3351 5764 Luc,
3382 5707 3444 5760 v,
3481 5695 3538 5748 ὅ.
3626 5687 3672 5727 *⁸
3697 5683 3867 5745 Psal.
3895 5696 4053 5752 Inv,
4082 5683 4146 5739 2.

776 5833 802 5863 Ῐ“
835 5833 963 5856 τινι.
996 5833 1075 5868 1A,
1104 5833 1158 5854 νο
1452 5840 1456 5844 ,
