4468 6450
325 392 434 452 M7

1559 371 1913 440 EPISTOLA
1950 370 2002 434 Il
2036 373 2131 429 AD
2166 374 2462 436 CYPRIOS

3587 385 3693 444 618

325 516 486 589 ἔσμεν
526 516 614 568 καὶ
659 513 787 588 με’λη
835 518 929 566 τοῦ
971 516 1214 587 σώματος
1257 516 1352 565 τοῦ
1402 513 1661 584 Χριστοῦ.
1715 504 1818 556 Καὶ
1867 499 1927 552 τὸ
1956 499 2004 554 Α
2042 513 2089 571 ρ

1956 499 2004 554 Α
2042 499 2206 571 poris
2231 500 2470 559 Christi.
2495 503 2581 560 Ac
2599 501 2820 561 veritas
2871 501 3122 576 quidem
3148 504 3235 561 ita
3268 501 3487 576 habet;
3519 509 3697 567 testa-

326 607 422 676 μὶν
489 604 670 664 ἄληθες
751 606 916 666 οὕτως
989 604 1122 675 ἔχει’
1199 605 1290 654 καὶ
1359 603 1614 674 μαρτυρεῖ
1688 591 1842 653 αὐτὸς
1901 589 1928 640 ὁ

327 696 564 766 Χριστός
597 695 627 751 ἡ
685 691 1048 758 αῦτοαλήθεια,
1105 694 1196 743 καὶ
1225 689 1275 742 οἰ
1327 689 1582 741 αὐτόπται
1625 684 1812 736 τούτου
1840 682 1928 730 καὶ

328 783 606 857 ὑπηρέται·
656 783 682 834 ὁ
737 778 797 834 δέ
841 800 901 852 γε
947 779 1200 842 Ἰταλικὸς
1241 785 1400 852 τῦφος
1443 783 1594 829 τοῦτο
1632 772 1692 825 ού
1743 767 1930 857 βούλε-

326 891 438 936 ται,
492 867 608 923 οὐδ’
665 869 909 941 ἀνέχεται
956 873 1043 922 τόν
1097 871 1329 942 Χριστὸν
1382 865 1603 938 κεφαλὴν
1659 865 1749 913 καὶ
1802 855 1931 910 εἶναι

326 964 421 1011 καὶ
508 958 876 1030 ὀνομάζεσθαι·
969 955 1075 1008 ἀλλ’
1132 954 1387 1008 ἐκϐάλλων
1468 959 1648 1004 τοῦτον
1734 949 1930 1006 ταύτης

326 1056 424 1109 τῆς
474 1047 686 1113 τάξεως,
739 1055 812 1117 τῷ
882 1045 1120 1122 ἀρχιερεῖ
1164 1053 1261 1105 τῆς
1314 1041 1670 1116 πρεσϐυτέρας
1733 1036 1932 1108 Ῥώμης

326 1139 527 1194 ταύτην
589 1137 894 1210 χαρίζεται·
962 1140 1053 1188 καὶ
1115 1132 1459 1206 ἁναχωνεύειν
1526 1129 1785 1202 ἐπιχειρεῖ
1866 1129 1934 1178 τὰ

327 1221 657 1286 πενταδικῶς
736 1223 1092 1301 ἀριθμούμενα
1165 1229 1544 1298 πατριαρχεία,
1602 1223 1693 1271 καὶ
1770 1217 1820 1269 ἓν
1878 1213 1933 1267 ίκ

325 1317 527 1367 τούτων
575 1314 858 1383 ἀποτελεῖν,
903 1319 994 1367 καὶ
1034 1315 1232 1367 τιθέναι
1276 1316 1365 1365 τόν
1417 1312 1593 1384 θρόνον
1646 1307 1803 1360 αὐτοῦ
1849 1302 1934 1357 ἐπὶ

325 1413 430 1456 τῶν
479 1404 694 1476 τεφελῶν
742 1402 1127 1479 ἀποθραάϐεται
1177 1402 1195 1474 [
1327 1400 1746 1473 ἀποθρασύνεται
1767 1396 1807 1467 ],
1839 1399 1930 1447 καὶ

325 1502 402 1564 τῷ
449 1493 681 1565 ’Υψίστῳ
736 1491 1038 1566 ἀφομοιοῦν.
1089 1491 1316 1564 Νεφέλας
1368 1486 1420 1543 δ’
1475 1487 1574 1560 ἐγώ
1622 1505 1756 1559 φημι
1811 1487 1930 1545 τοὺς

325 1584 684 1656 ὑπερέχοντας
755 1581 1156 1658 ἀρχιερατικοὺς
1230 1582 1439 1656 θρόνους
1511 1581 1601 1630 καὶ
1674 1574 1928 1646 ὑψηλούς,

326 1677 420 1724 καὶ
483 1670 931 1744 ἀποτεταγμένους
977 1670 1050 1732 εἰς
1129 1674 1507 1742 πατριαρχεῑα·
1569 1665 1622 1729 ἐξ
1678 1662 1746 1715 ὧν
1810 1664 1931 1734 ὑψί-

328 1761 478 1821 ζεται
528 1764 587 1813 τό
639 1765 896 1834 περίγειον
947 1759 1104 1827 ἁπαν,
1155 1757 1368 1832 βροχήν
1420 1756 1655 1808 ἑκούσιον
1703 1757 1793 1806 καὶ
1825 1773 1930 1826 μν-

2041 590 2256 662 turque
2277 592 2408 665 ipse
2433 592 2726 664 Christus,
2756 593 2861 667 qui
2886 596 2974 650 est
3001 592 3136 666 ipsa
3171 594 3414 667 veritas,
3459 611 3697 655 necnon

2039 677 2144 750 qui
2165 694 2306 738 eum
2335 681 2450 755 ipsi
2475 682 2771 755 viderunt,
2800 687 2858 739 et
2885 682 3126 741 fuerunt
3153 684 3283 755 ejus
3319 684 3576 743 ministri
3623 688 3695 743 ³ο.

2042 768 2258 824 Verum
2288 769 2476 827 fastus
2497 771 2733 829 ltalicus
2763 771 2825 828 id
2848 787 2972 828 non
3001 772 3147 842 vult,
3201 788 3401 846 neque
3443 775 3700 833 sustinet

2041 855 2332 915 Christum
2356 865 2539 933 caput
2562 877 2691 918 esse
2712 865 2769 917 et
2788 861 2989 918 vocari
3014 879 3027 930 ;
3058 862 3165 918 sed
3191 878 3331 918 eum
3353 862 3432 919 ab
3455 863 3572 921 hoc
3600 879 3698 922 or-

2039 944 2180 1002 dine
2208 948 2472 1019 ejiciens,
2504 951 2753 1008 senioris
2783 954 2985 1008 Romae
3008 951 3275 1023 pontiﬁci
3317 951 3490 1008 illum
3518 953 3698 1024 largi-

2042 1038 2174 1104 tur;
2208 1041 2336 1094 tum
2364 1039 2873 1111 quinariinumeri
2894 1040 3338 1111 patriarchatus
3363 1043 3698 1100 reconﬂare

2043 1138 2114 1180 ac
2134 1140 2326 1182 unum
2346 1127 2507 1184 exiis
2528 1129 2822 1186 coniicere
2843 1133 3047 1197 tentat,
3070 1129 3372 1202 audetque
3409 1130 3698 1188 thronum

2042 1211 2200 1269 illius
2226 1229 2448 1286 ponere
2472 1233 2653 1290 super
2680 1216 2893 1288 nubes,
2928 1223 3110 1290 atque
3141 1217 3440 1276 Altissimo
3467 1220 3702 1277 assimi-

2042 1299 2167 1358 lare
2197 1303 2267 1360 “.
2294 1304 2492 1362 Nubes
2521 1310 2723 1362 autem
2753 1321 2866 1378 ego
2891 1305 3028 1363 dico
3078 1307 3410 1365 eminentes
3459 1308 3699 1381 pontifi-

2043 1390 2167 1447 cias
2193 1391 2388 1465 sede,
2423 1393 2720 1468 altasque,
2749 1400 2806 1452 et
2835 1395 2897 1451 in
2922 1394 3290 1468 patriarchia
3317 1396 3653 1454 destinatas
3679 1412 3696 1463 ;

2041 1493 2150 1550 per
2167 1495 2324 1553 quas
2343 1483 2685 1540 exaltantur
2703 1488 2922 1542 cuncta
2943 1484 3260 1554 terrestria,
3291 1484 3698 1543 voluntarium

2041 1569 2490 1644 mysticumque
2515 1572 2838 1645 spiritualis
2890 1572 3176 1630 doctrinm
3226 1573 3485 1631 imbrem
3515 1574 3698 1631 susci-

2040 1656 2284 1728 pientia.
2301 1660 2346 1715 0
2359 1661 2604 1732 quantis
2628 1661 2915 1735 lacrymis
2928 1663 3058 1719 haec
3069 1661 3256 1733 digna
3275 1667 3435 1731 sunt,
3451 1664 3698 1737 quantis

2043 1746 2411 1814 gemitibus!
2457 1750 2625 1822 quod
2655 1750 2950 1824 superbiae
3000 1750 3264 1822 spiritus,
3320 1751 3696 1822 tenebrosus,

328 1854 517 1907 στικήν
582 1857 673 1910 τῆς
733 1857 1090 1922 πνευματικῆς
1174 1843 1532 1906 διδασκαλίας
1610 1839 1921 1915 δεχόμενον.
1959 1837 2004 1892 Β
2041 1849 2092 1906 ql

1959 1837 2004 1892 Β
2041 1835 2268 1908 quique
2298 1838 2704 1896 maximorum
2753 1839 3108 1896 delictorum
3138 1844 3348 1897 auctor
3398 1845 3506 1910 est,
3559 1856 3696 1898 ma-

324 1938 396 1991 Ὣ
441 1943 614 1992 πόσων
662 1946 831 1992 ταῦτα
873 1935 1117 2012 δακρύων
1170 1937 1315 2003 ἄξια,
1362 1940 1539 1988 πόσων
1572 1940 1871 2006 στεναγμῶν
1915 1930 1927 1984 l

324 2030 406 2081 ὅτι
466 2032 524 2080 τὸ
578 2036 669 2090 τῆς
720 2030 1073 2103 ὑπερηφανίας
1137 2033 1340 2099 πνεῦμα
1390 2029 1448 2077 τὸ
1516 2026 1776 2077 σκοτεινόν
1841 2027 1932 2075 καὶ

322 2122 589 2190 μεγίστων
642 2119 931 2191 πτωμάτων
978 2121 1256 2190 παραίτιον
1321 2120 1414 2167 τοῦ
1462 2111 1688 2186 μεγάλου
1746 2114 1930 2164 τούτου

322 2211 508 2280 γένους
534 2213 626 2260 καὶ
655 2207 1063 2280 πολυανθρώπου
1087 2207 1395 2280 κικροίτηκε.

405 2295 457 2358 ς’.
527 2301 714 2372 Πρώτη
783 2300 874 2369 μεν
955 2293 1044 2348 οὖν
1126 2299 1217 2347 καὶ
1280 2298 1502 2367 μεγίστη
1587 2293 1756 2366 τόλμα
1829 2299 1930 2344 τῶν

323 2384 530 2438 Ἰταλῶν
580 2388 610 2443 ἠ
669 2385 718 2438 ἐν
769 2393 840 2457 τῷ
890 2385 1022 2457 ἁγίῳ
1082 2382 1324 2456 συμϐόλῳ
1399 2391 1494 2445 τῆς
1557 2387 1781 2443 πίστεως
1834 2380 1931 2434 ἁπ-

326 2479 654 2548 ηγορευμίνη
729 2477 1030 2548 προσθήκη·
1107 2475 1228 2547 ὅπερ
1298 2475 1380 2524 ἱνα
1443 2476 1645 2545 μήποτε
1707 2471 1930 2524 ἀποτολ-

325 2566 498 2637 μηθῇ,
555 2563 839 2637 ἁναθίματι
892 2565 1081 2634 αἰωνίῳ
1139 2563 1193 2614 αἱ
1230 2561 1585 2634 οἰκουμενικαὶ
1633 2565 1723 2614 καὶ
1779 2562 1930 2633 ἅγιαι

323 2649 545 2705 σύνοδοι
573 2656 696 2714 τούς
749 2653 1112 2725 τολμήσαντας
1167 2649 1542 2704 καθυπίϐαλον.
1583 2655 1684 2703 Καὶ
1738 2652 1764 2702 ὁ
1796 2649 1928 2722 βου-

317 2741 533 2814 λόμενος
585 2740 979 2813 ἀναγινωσκέτω
1045 2743 1132 2794 τόν
1193 2748 1284 2801 τῆς
1349 2740 1708 2813 οἰκουμενικῆς
1772 2741 1927 2803 ἕκτης

319 2827 550 2883 συνόδου
601 2840 805 2905 πρῶτον
857 2835 1064 2896 κανόνα,
1124 2829 1260 2881 οὕτω
1287 2830 1455 2904 ῥητῶς
1503 2833 1624 2903 περὶ
1667 2832 1726 2881 τὸ
1782 2829 1925 2891 τέλος

312 2918 550 2991 λέγοντα.
602 2919 664 2972 Εἰ
722 2916 801 2981 δέ¹
832 2939 912 2982 τις
965 2928 1065 2972 τῶν
1117 2918 1354 2971 ἁπάντων
1411 2923 1482 2991 μὴ
1539 2921 1605 2970 τὰ
1667 2937 1920 2992 προειρη-

311 3012 445 3080 μένα
512 3015 608 3070 τῆς
680 3007 943 3069 εὐσεϐείας
1021 3004 1266 3080 δόγματα
1331 3027 1506 3080 κρατει
1570 3012 1661 3060 καὶ
1749 3007 1921 3061 ἀσπα-

313 3098 483 3163 ζεται,
539 3104 628 3151 καὶ
692 3097 824 3151 οὕτω
882 3095 1095 3162 δοξάζει
1152 3117 1207 3150 τε
1253 3102 1342 3150 καὶ
1396 3101 1656 3172 κηρύττει,
1707 3096 1818 3150 ἀλλ’
1864 3097 1918 3162 ἐξ

2043 1940 2232 1995 gnum
2259 1927 2376 1985 hoc
2418 1928 2774 1986 hominibus
2812 1929 3263 1987 refertissimum
3305 1945 3496 2002 genu
3535 1931 3698 1988 devi-

2043 2014 2200 2072 cerit.

2060 2303 2062 2307 ·
2112 2287 2164 2340 6.
2187 2285 2452 2342 Primum
2476 2286 2761 2360 equidem
2790 2287 3248 2360 maximumque
3290 2287 3575 2346 Italorum
3605 2284 3696 2347 fa-

2041 2372 2211 2429 cinus
2233 2379 2320 2430 est
2357 2375 2672 2433 interdicta
2695 2375 2798 2433 illa
2817 2376 2897 2433 ad
2926 2376 3067 2432 tidei
3115 2376 3474 2449 Symbolum
3527 2378 3697 2434 addi-

2040 2461 2122 2518 tio
2136 2481 2153 2534 ,-
2187 2463 2354 2536 quod
2410 2480 2486 2520 ne
2543 2464 2896 2538 aliquando
2931 2469 3273 2537 tentaretur,
3325 2467 3698 2524 anathemati

2037 2556 2327 2624 perpetuo
2348 2569 2449 2610 eos
2469 2554 2576 2626 qui
2605 2555 2736 2610 ausi
2761 2559 2960 2610 essent
3009 2554 3392 2626 subjecerunt
3440 2571 3698 2613 cacume-

2038 2641 2186 2696 nicae
2209 2647 2551 2716 sanctasque
2577 2644 2814 2716 synodi.
2841 2646 3023 2714 Legat
3059 2643 3461 2716 quivoluerit,
3513 2659 3698 2715 gene-

2033 2729 2175 2785 ralis
2206 2737 2386 2787 sextae
2438 2732 2657 2804 synodi
2701 2747 2997 2788 canonem
3040 2731 3325 2803 primum,
3384 2733 3489 2805 qui
3520 2733 3601 2789 ita
3621 2733 3700 2791 ad

2032 2819 2286 2876 verbum
2313 2821 2474 2878 circa
2501 2822 2687 2878 tinem
2709 2821 2927 2878 habet:
2954 2822 3014 2876 Si
3040 2823 3172 2893 quis
3200 2827 3399 2878 autem
3416 2837 3487 2878 ex
3513 2830 3703 2879 omni-

2032 2909 2138 2965 bus
2157 2912 2710 2981 prcedictapietatis
2735 2912 2974 2968 decreta
2989 2915 3279 2968 nontenet
3306 2916 3360 2967 et
3393 2912 3695 2981 amplecti-

2031 2991 2150 3065 tur,
2182 3001 2383 3071 sicque
2403 3003 2692 3070 opinatur
2717 3007 2771 3057 et
2791 3000 3112 3070 praedicat,
3136 3000 3237 3056 sed
3262 3001 3332 3055 iis
3357 3007 3568 3056 contra
3588 3001 3692 3056 ad-

2028 3091 2547 3157 versariconatur,
2569 3093 2645 3147 sit
2660 3091 3345 3153 anathema,secundum
3350 3093 3484 3160 jam
3508 3106 3696 3161 expo-

311 3185 543 3248 ἒναντίας
625 3187 750 3240 ἰέναι
830 3189 1025 3240 τούτων
1111 3185 1370 3260 ἐπιχειρεί
1435 3189 1568 3238 ἔστω
1660 3184 1911 3260 ἀνάθεμα,
1947 3190 1987 3245 C
2026 3180 2075 3234 Si

1947 3190 1987 3245 (ι
2026 3180 2206 3235 situm
2235 3182 2408 3250 prius
2428 3181 2879 3238 declaratorum
2902 3186 3246 3236 sanctorum
3277 3186 3330 3236 et
3363 3180 3694 3248 beatorum,

309 3281 448 3330 κατὰ
513 3281 600 3331 τόν
663 3274 770 3336 ἤδη
843 3276 1111 3330 ἐκτεθέντα
1173 3277 1290 3350 ὁρον
1383 3278 1483 3330 ὑπὸ
1544 3285 1646 3329 τῶν
1710 3276 1912 3353 προδη-

307 3366 568 3419 λωθέντων
631 3366 789 3439 ἁγίων
872 3373 962 3420 καὶ
1021 3372 1292 3440 μακαρίων
1347 3371 1608 3439 Πατέρωψ
1668 3372 1758 3420 καὶ
1823 3377 1916 3421 τοῦ

309 3463 693 3530 Χριστιανικοῦ
787 3456 1080 3528 καταλόγου
1168 3458 1237 3516 ως
1342 3455 1609 3530 ἀλλότριος
1712 3457 1913 3521 ἐξωθείο

312 3547 426 3598 σθω
477 3552 567 3599 καί
633 3545 939 3600 ὰπιπτέτω·
1003 3546 1177 3618 Ἡμεῖς
1234 3548 1333 3620 γὰρ
1401 3549 1517 3599 οὔτε
1580 3551 1918 3622 προστιθέναι

787 3456 1080 3528 καταλόγου
1168 3458 1237 3516 ως

307 3654 385 3701 τι,
474 3638 590 3688 οὔτε
677 3640 780 3707 μὴν
873 3637 1108 3709 ὑφαιρεῖν
1199 3639 1335 3687 κατα
1399 3637 1466 3687 τὰ
1537 3639 1918 3711 προορισθέντα

308 3723 574 3786 παντελῶς
663 3720 1036 3796 διεγνώκαμεν,
1121 3728 1148 3782 ἦ
1238 3723 1355 3776 καθ’
1421 3725 1686 3777 ὁντιναοῦν
1762 3722 1918 3779 δεδυ-

306 3816 514 3886 νήμεθα
570 3813 744 3884 λόγον,
814 3819 914 3867 Καὶ
975 3823 1144 3866 ταῦτα
1189 3817 1280 3886 μεν
1337 3816 1361 3866 ὁ
1417 3811 1671 3878 ὃηλωθεὶς
1726 3822 1912 3868 κανών·

303 3891 432 3955 Ὀτι
483 3899 542 3956 δε
589 3906 726 3956 κατὰ
776 3910 951 3956 πᾶσαν
995 3902 1356 3976 οἰκούμενικήν
1403 3901 1624 3958 σύνοδον
1670 3903 1918 3960 συνευδο-

303 4001 411 4044 κῶν
448 3989 510 4051 ἧν
557 3998 647 4045 καὶ
681 3995 707 4044 ό
746 3996 882 4046 κατὰ
924 3998 1018 4052 τὴν
1068 3995 1264 4069 ἡμέραν
1311 3996 1525 4056 πάππας
1568 3991 1662 4048 διὰ
1695 4016 1916 4055 τοποτη·

301 4091 480 4157 ρητῶν
529 4090 638 4145 τοῖς
687 4087 1066 4158 κεκυρωμένοις
1118 4079 1357 4155 δόγμασί
1411 4104 1466 4138 τε
1521 4090 1611 4138 καὶ
1677 4106 1909 4159 κανοσιν,

303 4168 482 4232 οὐδεὶς
511 4180 612 4223 τῶν
636 4177 894 4248 τροφίμων
921 4173 1077 4244 λόγου
1119 4174 1364 4244 ἠγνόησε.

378 4260 436 4324 ς’.
465 4265 530 4314 Τί
570 4269 658 4313 νῦν
713 4265 770 4314 τό
833 4261 1056 4315 ἐνταῦθα
1111 4267 1458 4336 συναγόμενον
1510 4281 1522 4331 ;
1587 4263 1803 4342 Ὀτιπερ
1863 4269 1910 4319 οί

299 4359 394 4403 νῦν
445 4359 538 4412 τῆς
588 4350 941 4426 πρεσϐυτέρας
975 4351 1201 4424 ’Ῥώμης
1257 4351 1544 4429 ἀρχιειρείς
1610 4352 1735 4408 οὐδὲ
1794 4361 1909 4419 τούς

302 4439 390 4492 ἐπὶ
461 4449 560 4492 τῶν
618 4441 984 4514 οἰκουμενικῶν
1047 4446 1139 4494 καὶ
1219 4441 1380 4513 ἁγίων
1465 4443 1596 4496 ἑπτὰ
1673 4443 1906 4498 συνόδων

2025 3268 2275 3325 Patrum
2319 3271 2671 3340 decretum;
2719 3275 2775 3326 et
2828 3285 2865 3326 ιι
2906 3270 3256 3326 Christiano
3295 3272 3596 3341 catalogo,
3625 3278 3692 3326 ut

2027 3360 2261 3416 alienus
2296 3362 2667 3417 extrudatur
2686 3365 2739 3417 et
2757 3360 3010 3417 excidat.
3037 3360 3158 3415 Nos
3180 3361 3336 3416 enim
3363 3375 3552 3432 neque
3579 3361 3690 3416 ati-

2029 3450 2174 3520 quid
2199 3450 2480 3520 adjicere,
2513 3464 2702 3522 neque
2726 3450 3054 3521 quidquam
3089 3449 3370 3518 adimere,
3395 3451 3689 3520 juxtaoea

2027 3553 2161 3609 quae
2177 3541 2348 3608 prius
2378 3540 2625 3608 deﬁnita
2651 3540 2928 3609 fuerunt,
2961 3539 3158 3594 omnio
3219 3540 3560 3607 statuimus,
3593 3539 3690 3595 vel

2026 3631 2155 3685 ulto
2187 3631 2358 3686 modo
2379 3633 2702 3700 potuimus.
2742 3632 2809 3686 Et
2836 3629 2967 3685 haec
3019 3629 3266 3699 quidem
3315 3633 3689 3685 memoratus

2027 3734 2246 3777 canon.
2278 3720 2450 3786 Quod
2475 3725 2676 3776 autem
2701 3719 2761 3774 in
2792 3719 2960 3774 omni
3009 3718 3382 3774 oecumenica
3422 3718 3685 3791 synodo,

2027 3809 2362 3864 constitutis
2414 3808 2802 3878 dogmatibus
2847 3813 2901 3863 et
2951 3807 3290 3863 canonibus
3319 3823 3688 3863 consensum

2025 3913 2134 3970 per
2161 3899 2416 3954 vicarios
2441 3896 2764 3970 praebuerit
2781 3912 2944 3970 papa
2964 3895 3122 3952 illius
3150 3896 3455 3969 temporis,
3480 3895 3685 3954 nullus

2025 3987 2379 4045 eruditionis
2406 3988 2690 4045 alumnus
2714 3987 2972 4057 ignorat.

2092 4265 2147 4315 7.
2187 4261 2320 4315 .Iam
2375 4257 2524 4331 quid
2588 4256 2729 4313 inde
2773 4255 3050 4326 colligere
3104 4255 3234 4311 est?
3265 4253 3440 4320 Quod
3499 4254 3683 4326 hujus

2021 4348 2308 4420 temporis
2332 4347 2543 4403 veteris
2572 4349 2776 4402 Romm
2802 4344 3116 4418 pontiﬁces
3135 4359 3530 4416 nequaquam
3558 4361 3686 4399 sus-

2020 4437 2250 4509 cipiunt
2272 4442 2329 4492 et
2351 4435 2799 4508 amplectuntur
2846 4449 2950 4489 eos
2988 4433 3200 4488 veteris
3256 4435 3460 4487 Romae
3490 4433 3684 4502 ponti-

302 4529 571 4605 ἀρχιερεῑς
641 4539 734 4593 τῆς
807 4529 1182 4606 πρεσϐυτέρας.
1262 4531 1463 4605 Ῥώμης
1547 4531 1905 4606 ἀποδέχονται
1935 4527 2066 4604 ΠΗ

1935 4527 2180 4604 nﬁces,
2210 4526 2316 4600 qui
2341 4525 2713 4598 temporibus
2739 4523 3016 4579 vixerunt
3047 4526 3277 4594 septem
3307 4519 3679 4592 generalium

299 4626 394 4672 καὶ
462 4619 811 4682 ἀσπάζονται·
891 4619 998 4673 ἀλλ’
1079 4625 1146 4684 ὡς
1228 4625 1367 4696 ἡμᾶς
1427 4627 1547 4685 τοὺς
1630 4629 1902 4700 Γραικούς,

300 4709 576 4773 κάκείνους
625 4710 1035 4784 ἀποστρέφονται
1087 4716 1177 4764 καὶ
1228 4711 1575 4780 ἔξουθενοῦσι,
1625 4720 1696 4788 μὴ
1749 4713 1906 4789 δεχό-

298 4820 448 4876 μενοι
512 4803 578 4854 τὰ
640 4803 764 4876 παρ’

294 4892 619 4965 κυρωθέντα.
676 4889 764 4952 Ὠς
819 4887 946 4943 εἶναι
1007 4895 1128 4953 τοὺς
1198 4899 1286 4944 νῦν
1347 4891 1578 4954 Ἰταλοὺς
1641 4898 1752 4956 νέας
1809 4900 1903 4949 πί-

296 5000 466 5042 στεως
532 4976 913 5052 δογματιστὰς,
982 4985 1072 5033 καὶ
1137 4979 1318 5055 ἐτέρων

841 4801 1042 4854 ἐκείνων
1117 4799 1410 4866 συνοδικώς
1472 4803 1757 4863 λαληθέντα
1815 4813 1904 4860 καὶ

1419 4987 1642 5036 κανόνων
1708 4983 1905 5060 ἐφευρε-

287 5073 404 5132 τὰς.
459 5074 782 5128 Ζητείτωσαν
835 5065 923 5122 οὖν
978 5076 1070 5123 καὶ
1124 5071 1355 5146 Χριστόν
1401 5073 1567 5148 ἕτερον
1627 5080 1718 5127 καὶ
1779 5073 1903 5128 ἀπο-

288 5158 508 5220 στόλους
555 5158 784 5233 ἐτέρους.
851 5164 950 5213 Καὶ
1002 5163 1103 5233 γὰρ
1157 5163 1207 5213 οἱ
1251 5159 1334 5214 ἐπὶ
1364 5171 1463 5215 τῶν
1497 5160 1732 5216 συνόδων
1794 5167 1899 5218 θεο-

283 5255 440 5325 φόροι
495 5254 586 5302 καὶ
653 5251 956 5325 θεοκήρυκες
1033 5255 1253 5326 Πατέρες
1333 5251 1391 5304 οὐ
1484 5257 1898 5308 πεπιστεύκασιν

284 5340 362 5402 εἰς
432 5345 642 5412 Πνεῦμα
695 5339 844 5410 ἅγιον
901 5337 957 5391 ἐκ
1010 5335 1109 5392 δύο
1185 5347 1477 5412 προσώπων
1530 5348 1624 5402 τὴν
1677 5345 1898 5418 ὓπαρξιν

284 5433 436 5503 ἔχον·
471 5427 602 5481 ἀλλὰ
655 5431 1040 5482 πεπιστεύκασι
1095 5438 1167 5502 τῷ
1212 5439 1450 5504 Χριστῷ,
1492 5436 1556 5494 ὡς
1591 5439 1680 5487 καὶ
1718 5433 1766 5486 ἐν
1794 5441 1899 5497 τοῖς

287 5519 468 5581 ἄλλοις
529 5517 719 5591 ἅπασι,
789 5524 880 5572 καὶ
959 5517 1008 5572 ἓν
1066 5528 1178 5583 τοῖς
1236 5527 1355 5597 περὶ
1419 5530 1512 5577 τοῦ
1577 5527 1895 5599 Πνεύματος.

367 5700 420 5742 ³ο
453 5699 593 5757 Luc.
616 5714 656 5767 ι,
688 5702 741 5756 2.
773 5698 822 5735 ’ί
859 5701 967 5756 lsa.
997 5716 1118 5772 XIV,
1152 5704 1236 5772 l3,
1267 5701 1354 5760 14.

519 5787 772 5850 Ριτιιοι..
808 5790 908 5850 Gn.
934 5791 1085 5853 CXL.

2021 4623 2490 4689 sanctorumque
2506 4614 2900 4672 conciliorum
2928 4631 2940 4680 ;
2967 4611 3072 4667 sed
3091 4611 3264 4666 sicuti
3285 4626 3396 4666 nos
3419 4613 3679 4680 Graacos,

2015 4709 2100 4764 ita
2128 4714 2186 4764 et
2209 4707 2340 4763 illos
2370 4709 2726 4763 aversantur
2754 4709 2814 4759 et
2842 4702 3013 4758 nihili
3064 4702 3360 4773 pendunt,
3419 4701 3567 4756 dum
3608 4718 3681 4759 ea

2014 4813 2138 4854 non
2170 4796 2463 4870 recipiunt
2505 4810 2643 4867 quae
2677 4792 2754 4850 ab
2811 4791 2927 4847 illis
2966 4789 3254 4862 synodica
3287 4789 3678 4862 pronuntiata

2017 4893 2158 4944 sunt
2177 4892 2355 4960 atque
2371 4883 2745 4942 conﬁrmata.
2765 4881 2930 4938 Adeo
2949 4885 3014 4936 ut
3032 4896 3196 4936 nunc
3218 4879 3345 4935 ltali
3370 4879 3489 4936 sint
3505 4895 3676 4937 nova:

2011 4978 2151 5034 ﬁdei
2191 4976 2451 5048 novique
2483 4971 2784 5043 dogmatis
2816 4969 3280 5039 introductores,
3313 4973 3370 5024 et
3417 4968 3674 5026 aliorum

2010 5067 2348 5124 inventores
2375 5079 2700 5120 canonum.
2752 5062 3032 5127 Quaerant
3076 5058 3256 5130 igitur
3310 5063 3438 5114 tum
3483 5058 3668 5114 alium

2011 5157 2307 5216 Christum
2349 5159 2480 5210 tum
2508 5152 2657 5208 alios
2681 5149 3012 5223 apostolos.
3040 5146 3264 5203 Etenim
3291 5147 3670 5219 synodorum

2007 5249 2085 5305 illi
2115 5249 2318 5304 Patres
2350 5243 2603 5301 Numine
2624 5239 2833 5304 afﬂati,
2867 5255 2938 5295 ac
2971 5238 3072 5294 Dei
3111 5253 3443 5309 praecones,
3476 5237 3669 5293 nulla-

2007 5345 2181 5398 tenus
2230 5339 2292 5393 in
2331 5335 2616 5408 Spiritum
2664 5336 2943 5388 sanctum
2999 5327 3402 5396 crediderunt,
3435 5328 3539 5400 qui
3597 5342 3672 5385 ex

2006 5429 2249 5487 duabus
2274 5425 2551 5500 personis
2607 5419 3016 5477 exsistentiam
3060 5417 3300 5488 habeat,
3352 5416 3458 5473 sed
3485 5417 3671 5475 tidem

2010 5520 2416 5594 adjunxerunt
2463 5513 2716 5583 Christo,
2761 5515 2827 5568 ut
2874 5510 2938 5568 in
2969 5508 3196 5567 caeteris
3253 5507 3560 5576 omnibus,
3586 5507 3671 5567 sic

3071 5784 3142 5840 20
