4468 6450
288 453 396 507 629

286 573 340 624 έν
468 575 743 646 ὑποκρίσει
851 569 1186 645 ψευδλοόγων
1217 618 1234 639 ,

285 667 383 720 τήν
468 659 608 713 ἰδίαν
677 658 982 718 συνείδησιν
1016 707 1029 726 ,
1105 663 1406 716 κωλυόντων
1488 670 1696 734 γαμεῖν,
1772 660 1894 711 ἀπέ-

284 753 486 821 χεσθαι
567 749 879 823 βρωμάτων,
933 749 968 801 ἆ
1023 753 1048 802 6
1104 756 1230 812 Θεὸς
1291 755 1490 805 ἔκτισεν
1538 753 1608 813 εἰς
1666 749 1892 822 μετάλη-

281 839 380 908 ψιν
445 840 558 910 μετ’
621 839 968 909 εῦχαριστιας
1025 847 1128 900 τοῖς
1187 848 1396 902 πιστοῖς
1460 846 1550 892 καὶ
1616 831 1920 909 iur/voide

287 946 345 980 σι
408 933 503 986 τὴν
571 926 830 985 ἀληθειαν,
895 927 1012 980 Ὀτι
1073 935 1175 980 πᾶν
1257 930 1456 1001 κτίσμα
1521 934 1648 982 Θεοῦ
1714 927 1889 990 καλὸν,

281 1021 372 1068 καὶ
436 1013 588 1068 οὐδὲν
653 1015 944 1073 ἀπόϐλητον
1009 1020 1138 1089 μετά
1205 1019 1550 1092 εὐχαριστίας
1634 1015 1889 1088 λαμϐανό-

281 1124 454 1176 μενον.
520 1112 699 1157 Ταῦτα
761 1108 1106 1178 κηρύττοντες
1170 1114 1258 1158 νῦν
1325 1107 1374 1158 οἱ
1437 1105 1732 1158 ἀποστάται
1793 1112 1890 1165 τῆς

279 1198 511 1255 πίστεως
575 1198 664 1245 καὶ
715 1193 992 1266 λατρευταὶ
1052 1204 1150 1246 τῶν
1216 1197 1518 1266 πνευμάτων
1598 1203 1688 1254 τῆς
1760 1192 1885 1244 πλά-

1630 447 1906 506 CONTRA
1943 444 2207 501 BOGOMI
2216 447 2342 502 LOS

1368 576 1891 647 κεκαυτηριασμνων
1921 570 1968 623 Α
2005 584 2138 624 cum
2164 571 2500 639 gratiarum
2523 571 2756 627 actione
2777 569 3132 639 ﬁdelibus.et

1921 570 1968 623 A
2005 584 2138 624 cum
2164 571 2500 639 gratiarum
2523 571 2756 627 actione
2777 569 3136 639 ﬁdelibus,et
3153 568 3224 622 iis
3245 566 3354 636 qui
3378 581 3659 637 cognove-

3554 439 3662 495 630

2003 665 2149 713 runt
2165 661 2493 715 veritatem.
2511 660 2664 726 Quia
2675 662 2864 716 omnis
2879 665 3159 715 creatura
3173 658 3282 711 Dei
3307 656 3458 710 bona
3483 661 3588 724 est,
3603 659 3657 711 et

2001 747 2157 802 nihil
2171 749 2559 816 reﬁciendum
2571 791 2584 813 ,
2597 750 2757 820 quod
2768 765 2902 805 cum
2915 748 3254 816 gratiarum
3267 746 3503 819 actione
3517 759 3658 813 per-

2002 837 2273 903 cipitur“.
2306 839 2438 891 Hinc
2450 853 2590 892 cum
2604 837 3098 906 annuntientjam
3121 834 3451 889 desertores
3490 831 3654 900 ﬁdei,

2002 927 2058 978 et
2089 923 2344 979 cultores
2376 925 2690 996 spirituum
2718 925 2952 986 erroris,
2978 929 3034 978 et
3059 923 3409 977 daemonum
3429 918 3654 974 doctri-

2000 1012 2092 1066 nis
2105 1012 2477 1069 attendentes
2497 1013 2744 1086 planum
2761 1013 3006 1080 faciunt,
3026 1018 3318 1082 tempora,
3336 1024 3473 1080 quae
3503 1010 3653 1062 Pau-

1996 1099 2092 1156 lus
2123 1101 2454 1158 novissima
2473 1109 2667 1167 vocat,
2702 1119 2836 1159 esse
2859 1101 3124 1168 illaipsa,
3142 1097 3365 1170 quibus
3380 1097 3474 1153 isti
3496 1095 3650 1151 adeo

1997 1189 2310 1246 scelestam
2330 1197 2386 1246 et
2415 1191 2655 1263 plenam
2682 1192 2984 1264 impietate
3000 1189 3334 1245 doctrinam
3353 1184 3646 1240 effutiunt.

278 1301 394 1342 νης,
460 1287 549 1332 καὶ
618 1278 878 1353 δαιμόνων
944 1280 1323 1345 διδασκαλίαις
1381 1288 1752 1356 προσέχοντες,
1816 1286 2038 1354 φανερῶς
2097 1288 2425 1353 παριστῶσιν
2487 1281 2568 1331 ὄτι
2614 1300 2708 1352 περ
2758 1285 2845 1340 οῦς
2895 1282 2920 1330 6
2967 1277 3165 1337 Παῦλος
3213 1277 3463 1346 ὑστέρους
3504 1273 3642 1342 λέγει

275 1376 494 1444 καιρούς
528 1411 542 1434 ,
565 1369 709 1423 οὗτοί
747 1369 872 1437 εἶσι,
905 1374 1023 1424 καθ’
1055 1373 1144 1435 ούς
1173 1377 1238 1425 τὰ
1260 1377 1426 1446 μιαρά
1453 1382 1620 1424 ταῦτα
1658 1376 1748 1422 καὶ
1781 1368 2092 1428 δυσσεϐείας
2121 1371 2290 1440 μεστά
2316 1369 2660 1441 φλυαροῦνται
2688 1366 3020 1440 διδάγματα.

355 1464 507 1529 Λέγει
575 1455 635 1510 δε
698 1465 787 1511 καὶ
854 1469 1020 1512 ταῦτα
1081 1463 1105 1511 6
1159 1463 1315 1522 αὐτὸς
1358 1461 1666 1519 Ἀπόστολος
1733 1459 1780 1510 ἐν
1819 1467 1880 1530 τῇ

274 1552 409 1620 πρὸς
459 1548 862 1609 Θεσσαλονικεῖς
920 1546 1137 1622 δευτέρᾳ
1189 1549 1430 1616 ἐπιστολῇ
1464 1572 1476 1582 -
1645 1569 1724 1609 τις
1753 1551 1884 1619 ὑμᾶς

273 1636 329 1698 ἐξ
334 1643 505 1694 απατη
515 1656 581 1708 σῃ

273 1725 396 1797 ἴλθῃ
503 1728 534 1782 ἡ

274 1816 544 1886 ἄνθρωπος
589 1823 676 1875 τῆς
743 1815 1024 1888 ἁμαρτίας,
1092 1819 1117 1867 ό
1186 1819 1298 1876 υἱὸς
1361 1823 1449 1876 τᾶς
1516 1815 1792 1878 ἀπωλείας,
1856 1816 1882 1865 6

273 1902 638 1974 ἀντικείμενος.
745 1908 835 1955 καὶ
909 1905 1311 1978 ὑπεραιρόμενος
1395 1904 1478 1956 ἐπὶ
1561 1908 1731 1956 πάντα
1807 1903 1884 1955 λε-

664 1641 799 1688 κατά
863 1635 1068 1709 μηδένα
1151 1643 1340 1712 τρόπον
1384 1661 1396 1671 ο
1485 1641 1564 1690 ὅτι
1644 1638 1729 1689 έάν
1809 1642 1879 1707 μη

638 1725 940 1778 ἀποστασία
999 1736 1202 1799 πρῶτον
1271 1734 1360 1779 καὶ
1426 1727 1764 1798 ἀποκαλυφθῇ
1857 1732 1882 1777 6

1913 1790 1957 1842 B

269 1996 489 2062 νόμενον
553 1995 680 2044 Θεὸν
724 2036 736 2059 ,
806 1993 835 2050 ἡ
910 1992 1195 2065 σέϐασμα,
1260 1996 1394 2046 ὥστε
1459 1998 1614 2044 αὑτὸν
1671 1993 1738 2053 εἰς
1796 1997 1882 2043 τὸν

658 2085 785 2133 Θεοῦ
861 2085 925 2140 ὡς
995 2086 1122 2134 Θεὸν

272 2168 480 2235 ἑαυτὸν,
551 2171 629 2220 ὅτι
697 2168 810 2220 ἐστὶ
873 2175 1017 2229 Θεὸς.
1072 2176 1196 2243 Περὶ
1265 2176 1413 2222 τίνων
1479 2167 1585 2235 οὖν,
1637 2173 1752 2240 ἔφη,
1805 2172 1884 2221 ὅτι

272 2083 396 2130 ναὸν
495 2087 588 2130 τοῦ
658 2085 785 2133 Θεοῦ
861 2085 925 2134 ὡς
995 2086 1122 2134 Θεὸν
1217 2084 1437 2134 καθίσαι
1506 2079 1886 2133 ἀποδεικνύντα

271 2255 358 2306 ἐὰν
405 2261 478 2327 μὴ
539 2256 661 2329 ἔλθῃ
716 2267 921 2329 πρῶτον
989 2261 1018 2316 ἡ
1085 2258 1425 2325 ἀποστασία;
1492 2264 1613 2330 Περὶ
1680 2259 1882 2328 αὐτῶν,

267 2346 440 2416 οἶμαι,
489 2355 588 2397 τῶν
651 2347 966 2418 Βογομΐλων,
1025 2355 1143 2422 περὶ
1196 2346 1262 2399 ὧν
1315 2354 1404 2400 καὶ
1463 2353 1588 2421 πρὸς
1633 2350 1883 2419 Τιμόθεον

268 2438 482 2507 γράφων
536 2436 751 2509 εἰρηκει,
807 2440 876 2499 ως
935 2436 1169 2512 ἀνωτέρω
1224 2435 1541 2504 δεδήλωται,
1614 2441 1692 2490 ὅτι
1760 2437 1885 2489 ἀπο-

273 2530 564 2581 στήσονταί
611 2545 741 2586 τινες
794 2536 889 2587 τῆς
942 2532 1186 2588 πίστεως.
1245 2526 1364 2579 Ὀτι
1423 2524 1480 2579 δε
1548 2532 1633 2578 τόν
1679 2531 1882 2598 ἔννομον

271 2616 441 2685 γάμον
505 2613 788 2684 κωλύουσι,
835 2621 926 2667 καὶ
983 2617 1063 2668 ὃτι
1114 2618 1318 2667 πάντων
1393 2615 1684 2690 βρωμάτων
1748 2614 1881 2667 ἀκα-

275 2704 500 2773 θαρσίαν
557 2703 1038 2774 καταψηφίζονται,
1101 2709 1188 2756 καὶ
1248 2707 1326 2756 ὅτι
1386 2709 1508 2758 Θεὸν
1561 2708 1883 2776 κηρύττουσι

269 2795 360 2842 τὸν
415 2788 656 2843 διάϐολον
704 2795 752 2844 οἱ
801 2790 1128 2845 διαϐολιανοὶ
1182 2803 1253 2864 τῷ
1315 2798 1420 2846 ὄντι
1471 2793 1766 2866 Βογόμιλοι,
1794 2798 1883 2845 καὶ

271 2885 370 2936 τὴν
473 2877 828 2955 δημιουργίαν
905 2891 996 2933 τοῦ
1068 2887 1373 2954 φαινομένου
1450 2889 1652 2955 κόσμου
1717 2886 1882 2952 τούτῳ

271 2967 701 3040 ἀποχαρίζονται
734 3013 746 3035 ,

271 3057 410 3109 Ἀλλ’
446 3058 486 3108 ὦ
534 3066 628 3119 τῆς
688 3057 885 3130 ἀνοχῆς
949 3079 1065 3124 σου,
1121 3064 1318 3134 Χριστε
1387 3059 1644 3133 βασιλεῦῐ
1701 3061 1741 3111 ὡ
1792 3069 1889 3119 τῆς

813 2971 1008 3033 ἔξεστιν
1079 2971 1246 3023 αὐτῶν
1321 2972 1571 3042 λεγόντων
1637 2970 1884 3027 ἀκοῦσαι.

271 3150 449 3201 πάντα
475 3156 594 3199 νοῦν
647 3151 947 3211 νικησάσης
1045 3153 1414 3222 μακροθυμίας
1485 3151 1618 3205 dou!
1680 3141 1889 3206 ἀληθινὲ

273 3233 570 3309 δημιουργὲ
607 3242 698 3289 καὶ
752 3241 949 3295 ποιητά
1002 3241 1176 3299 πάσης
1235 3245 1474 3306 κτίσεως,
1533 3242 1792 3312 ὀρωμένης
1837 3257 1891 3290 τε

271 3332 364 3378 καὶ
396 3325 643 3399 ἀοράτου,
676 3329 757 3378 ὅτι
783 3336 882 3379 τῶν
925 3328 1244 3386 τηλικούτων
1303 3327 1468 3401 ἀνέχῃ
1526 3327 1894 3401 βλασφημιῶν·

277 3421 380 3467 Καὶ
444 3419 518 3467 ἔτι
575 3420 696 3478 τούς
751 3422 1034 3491 κεραυνούς
1087 3418 1295 3489 ἐπέχεις
1353 3425 1444 3470 καὶ
1506 3424 1746 3489 συνέχεις
1801 3423 1895 3475 τὴν

272 3513 395 3576 γῆν,
458 3510 550 3556 καὶ
618 3509 735 3557 οὔτε
804 3509 1020 3568 τούτους
1086 3511 1473 3570 κατακοντίζεις
1528 3517 1627 3560 τῶν
1696 3515 1893 3580 μιαρῶν

270 3593 548 3664 κεφαλῶν,
619 3595 677 3645 οὐ
747 3598 940 3653 ταύτην
1006 3597 1227 3667 ἀνοίγεις
1298 3604 1387 3649 καὶ
1455 3617 1698 3668 καταγεις
1771 3602 1891 3657 τοὺς

271 3684 489 3752 ἐναγεῖς,
573 3682 918 3744 ἀνθιστάντας
989 3695 1061 3755 τῷ
1118 3694 1291 3756 πιστῷ
1343 3706 1438 3738 σου
1492 3687 1663 3758 οἰκέτῃ
1720 3694 1888 3758 Μωσῇ

273 3773 596 3845 θρασύτερον
647 3774 675 3830 ἡ
731 3775 780 3824 oi
841 3779 960 3845 περὶ
1007 3777 1174 3826 Δαθάν
1225 3781 1315 3826 καὶ
1356 3773 1621 3848 ’Δϐειρωλ
1681 3781 1780 3828 Καὶ
1827 3779 1890 3827 σύ

268 3869 440 3931 τιμῶν
472 3864 560 3912 τὸν
592 3862 798 3918 οἰκέτην
849 3882 945 3913 σου
1003 3872 1076 3933 τῷ
1125 3864 1372 3935 χάσματι
1417 3868 1634 3926 τούτους
1690 3884 1889 3935 συγκα-

267 3949 483 4011 λύπτεις
546 3958 640 4012 τῆς
729 3961 860 4022 γῆς.
929 3952 1219 4026 Ἀλλότριον
1285 3961 1388 4025 πῦρ
1419 3956 1468 4005 οἱ
1546 3949 1756 4013 παῖδες
1797 3961 1888 4005 τοῦ

267 4040 474 4111 Ἀαρὼν
531 4047 603 4109 τῷ
674 4043 1040 4115 θυσιαστηρίῳ
1105 4047 1485 4115 προσφέρουσι,
1550 4048 1639 4094 καὶ
1701 4045 1726 4094 6
1792 4043 1885 4095 οῦ-

262 4132 418 4200 ρανὸς
475 4130 666 4181 ἄνωθεν
715 4127 924 4192 ἔκδικος
1000 4131 1329 4204 πυρεκϐολῶν
1406 4131 1678 4207 ἀστραπὰς
1748 4135 1884 4184 κατά

260 4221 462 4269 τούτων
518 4227 617 4270 τῶν
683 4218 969 4293 ὑϐριστῶν.
1023 4224 1230 4273 Τούτων
1292 4217 1350 4272 δι
1421 4230 1520 4273 τῶν
1579 4221 1761 4284 ἀθέων,
1821 4223 1880 4274 οῦ

260 4309 401 4374 κατὰ
466 4312 693 4369 Μωσέως
756 4307 1165 4380 ἀνθισταμένων,
1219 4308 1348 4361 ἀλλά
1404 4313 1539 4362 κατά
1592 4318 1684 4362 τοῦ
1737 4331 1875 4384 παμ-
1907 4347 1952 4400 D

261 4395 519 4456 ϐασιλέως
577 4401 666 4447 καὶ
723 4395 1127 4470 παντοδυνάμου
1177 4406 1334 4466 Θεοῦ,
1388 4405 1477 4451 καὶ
1533 4405 1748 4452 σεαυτὸν
1778 4411 1878 4452 τῶν

265 4493 374 4536 σῶν
427 4488 739 4556 πονημάτων
797 4492 886 4538 καὶ
953 4483 1264 4548 δεσποτείας
1319 4494 1408 4540 καὶ
1466 4494 1712 4560 προνοίας
1751 4488 1878 4552 έξοι-

263 4573 359 4632 κιζ

363 4578 537 4638 όντων,
597 4580 836 4645 συνέχεις
893 4578 970 4627 ἔτι
1013 4579 1072 4627 τὸ
1131 4583 1302 4648 στόμα
1351 4585 1441 4637 τῆς
1491 4585 1606 4649 γῆς,
1662 4584 1752 4630 καὶ
1787 4579 1881 4631 οῦκ

262 4663 355 4732 ἐᾷς
383 4666 744 4722 καταποθῆναι
799 4669 921 4725 τοὺς
969 4669 1210 4739 μιαρούς.
1254 4671 1364 4718 Οὐκ
1415 4665 1680 4740 ἀλλότριον
1720 4688 1882 4741 προσ-

264 4758 486 4825 φέρουσι
535 4760 660 4823 πῦρ,
718 4752 845 4805 ἀ)λά
905 4751 1233 4829 δημιουργὸν
1292 4766 1686 4827 χειροτονοῦσιν
1739 4757 1884 4810 (mis-

261 4861 409 4916 τριον
464 4842 530 4902 εἰς
575 4846 638 4893 τὰ
695 4852 792 4904 τῆς
837 4849 1018 4918 χειρός
1075 4864 1170 4896 σου
1201 4850 1475 4917 ποιήματα
1505 4850 1591 4897 τὸν
1621 4845 1881 4921 ἀντάρτην

261 4935 355 4981 καὶ
424 4928 727 4988 ἀποστάτην
793 4952 912 5002 σου,
972 4933 1025 4984 ὃν
1085 4935 1184 4985 ύπὸ
1248 4938 1365 4994 τοῦς
1437 4931 1608 4995 πόδας
1673 4944 1773 4987 τῶν
1841 4957 1926 4990 σοι

260 5022 292 5077 ἡ
332 5015 392 5071 δε
422 5021 559 5070 κατά
581 5023 778 5072 τούτων
811 5020 1159 5095 ἐκτέφρωσις;
1192 5027 1255 5075 Τί
1285 5025 1360 5075 ἔτι
1392 5028 1478 5075 καὶ
1507 5024 1736 5095 με’λλεις;

341 5107 496 5161 Ἀλλά
548 5113 636 5160 τόν
689 5113 780 5180 μὲν
832 5110 982 5162 ἄλλον
1040 5120 1136 5172 τῆς
1175 5114 1422 5185 αἱρέσεως
1468 5113 1636 5176 αῦτῶν
1688 5113 1877 5188 βόρϐος

257 5218 372 5271 ρον,
431 5202 520 5249 καὶ
569 5203 626 5249 τὸ
680 5199 808 5250 πολύ
866 5208 963 5262 τῆς
1011 5208 1104 5252 τοῦ
1153 5206 1408 5273 στόματος
1456 5202 1624 5253 αὐτῶν
1656 5202 1878 5255 ἀποκλυ-

262 5287 467 5348 ζούσης
530 5284 859 5359 ἀκαθαρσίας
928 5289 979 5341 έν
1047 5291 1290 5362 ύπονόμῳ
1357 5295 1724 5363 μετοχετεύσω
1788 5302 1882 5357 τῆς

261 5385 493 5438 σιωπῆς.
566 5377 832 5450 Φοϐοῦμαι
891 5383 993 5455 γὰρ
1057 5386 1125 5453 μή
1193 5401 1316 5433 ποτε
1374 5385 1432 5433 τὸ
1494 5388 1596 5434 πᾶν
1657 5389 1881 5457 σήμερον

260 5466 549 5540 ἐπιχειρῶν
617 5465 867 5529 ἐξαντλεῖν
937 5467 1235 5537 δυσωδίας,
1314 5475 1399 5523 τὸν
1468 5469 1635 5530 εὐώδη
1705 5481 1884 5527 τοῦτον

258 5562 422 5609 τόπον
487 5556 771 5631 πληρώσω,
839 5562 933 5622 τὰς
1004 5560 1165 5622 καλὰς
1227 5562 1360 5634 ὑμᾶς
1423 5565 1734 5637 περιστερὰς
1787 5564 1887 5628 ἐξε-

2066 1456 2224 1511 ldem
2239 1457 2561 1527 Apostolus
2576 1459 2703 1513 hinc
2715 1473 2958 1530 quoque
2970 1460 3176 1512 monet
3194 1454 3253 1508 in
3277 1451 3547 1508 secunda
3567 1449 3646 1505 ad

1990 1546 2549 1603 Thessalonicenses
2572 1548 2829 1619 Epistola
2845 1567 2855 1601 :
2872 1548 2962 1602 Ne
2974 1547 3108 1618 quis
3125 1560 3224 1600 vos
3249 1543 3493 1599 seducat
3522 1541 3643 1596 alio

1989 1635 2466 1705 modo,quoniam
2488 1637 2604 1691 nisi
2620 1638 2844 1692 venerit
2865 1636 3137 1690 discessio
3149 1634 3304 1701 prim
3312 1647 3408 1685 um
3423 1635 3478 1686 et
3488 1643 3647 1684 reve-

1991 1725 2151 1778 latus
2171 1725 2364 1793 fuerit
2399 1726 2569 1779 homo
2584 1727 2831 1793 peccati.
2846 1725 3009 1792 ﬁlius
3019 1721 3390 1792 perditionis,
3407 1721 3510 1789 qui
3539 1717 3643 1773 ad-

1990 1815 2862 1881 versaturetextollitur,super
2875 1827 3044 1868 omne
3056 1811 3214 1882 quod
3225 1808 3641 1874 diciturDeus,

1989 1909 2095 1956 aut
2116 1903 2276 1972 quod
2295 1904 2531 1970 colitur,
2556 1905 2643 1959 ita
2669 1910 2732 1957 ut
2751 1904 2813 1957 in
2829 1903 3047 1971 templo
3077 1901 3184 1955 Dei
3209 1899 3428 1964 sedeat,
3452 1902 3642 1952 osten-

1990 1992 2133 2046 dens
2163 2007 2242 2059 se,
2271 2000 2555 2062 tanquam
2582 1995 2655 2047 sit
2681 1996 2832 2048 Deus
2858 1994 2901 2047 θ.
2936 1995 3011 2046 De
3042 1990 3264 2062 quibus
3279 1987 3458 2056 igitur
3478 1984 3642 2053 dixit,

1991 2082 2109 2135 nisi
2135 2083 2648 2137 veneritdiscessio
2676 2084 2934 2149 primum
2966 2081 2993 2135 ‘?
3025 2083 3101 2135 De
3154 2079 3324 2150 ipsis,
3360 2080 3423 2131 ut
3474 2078 3643 2146 puto,

1994 2168 2332 2238 Bogomilis.
2373 2172 2449 2224 De
2490 2170 2712 2241 quibus
2748 2176 2804 2225 et
2835 2169 2918 2233 ad
2941 2167 3318 2224 Timotheum
3374 2163 3644 2219 scribens

1991 2257 2236 2327 dixerat.
2275 2267 2337 2314 ut
2368 2275 2549 2330 supra
2571 2260 2697 2328 jam
2728 2258 3015 2325 vidimus,
3043 2257 3168 2312 fore
3221 2260 3286 2310 ut
3335 2253 3589 2326 quidam
3610 2268 3645 2308 a

1990 2346 2109 2401 ﬁde
2132 2347 2471 2402 deﬁcerent.
2498 2347 2666 2413 Quod
2689 2353 2889 2403 autem
2921 2347 3218 2415 legitimas
3242 2343 3485 2415 nuptias
3506 2357 3644 2414 pro-

1991 2436 2260 2498 hibeant.
2301 2437 2586 2509 quodque
2635 2437 2841 2492 omnia
2884 2437 3188 2492 esculenta
3243 2430 3644 2488 immunditiaa

1991 2526 2281 2582 damnent
2307 2535 2361 2581 et
2391 2527 2554 2598 quod
2582 2521 2865 2583 diabolici
2888 2528 3067 2599 plane
3105 2522 3393 2594 Bogomili
3436 2520 3646 2577 diabo-

1990 2616 2115 2672 lum
2149 2623 2438 2686 tanquam
2470 2617 2654 2670 Deum
2687 2617 3062 2683 annuntient,
3087 2615 3261 2686 eique
3282 2612 3464 2682 hujus
3478 2625 3647 2683 aspe-

1991 2706 2220 2761 ctabilis
2253 2706 2463 2760 mundi
2486 2705 2861 2762 eﬂ‘ectionem
2891 2706 3198 2761 ascribant
3225 2746 3238 2768 ,
3270 2701 3467 2774 quivis
3497 2700 3647 2772 ipsis

1990 2795 2052 2850 id
2083 2795 2523 2850 afﬁrmantibus
2555 2801 2609 2850 et
2629 2793 3393 2867 proﬁtentibusintelligere
3415 2789 3654 2862 potest?

1993 2885 2160 2953 sed,0
2185 2890 2347 2939 tuam
2381 2885 2606 2940 Christe
2638 2885 3019 2956 patientiam!
3045 2900 3080 2939 ο
3110 2880 3661 2953 Ιοιιεθιιὶωἱιειῑθωο

1993 2991 2130 3047 quae
2160 2989 2404 3028 omnem
2433 2973 2857 3043 cogitationem
2891 2971 3156 3028 excedit!
3190 2970 3366 3026 Unice
3389 2972 3446 3024 et
3476 2967 3658 3023 veris-

1997 3065 2146 3119 sime
2161 3068 2392 3118 creator
2409 3061 2719 3117 eteifector
2749 3063 2951 3118 omnis
2965 3066 3252 3116 creatura
3273 3055 3662 3130 aspectabilis

2007 3158 2066 3209 et
2095 3151 2562 3222 inaspectabilis,
2604 3168 2710 3207 cur
2739 3152 2886 3207 tales
2919 3149 3330 3222 blasphemias
3361 3142 3663 3202 sustines?

2009 3244 2123 3298 Cur
2145 3240 2344 3296 adhuc
2376 3240 2628 3296 fulmina
2655 3240 2921 3306 cohibes,
2982 3244 3323 3310 tersumque
3370 3233 3662 3302 contines,

2007 3347 2202 3403 neque
2223 3331 2322 3385 illa
2343 3331 2402 3384 in
2423 3331 2552 3385 haec
2575 3336 2696 3384 tam
2717 3330 2980 3386 nefanda
2999 3329 3196 3400 capita
3221 3326 3446 3393 vibras,
3464 3339 3665 3396 neque

2006 3421 2165 3476 hanc
2195 3419 2416 3490 aperis,
2450 3419 2792 3474 etdetrudis
2821 3418 3104 3474 scelestos
3134 3418 3300 3484 istos,
3344 3413 3449 3487 qui
3496 3411 3661 3468 ﬁdeli

2007 3525 2177 3565 servo
2206 3515 2305 3563 tuo
2333 3510 2508 3580 Moysi
2538 3508 2830 3563 audacius
2859 3507 3177 3572 obsistunt,
3211 3520 3399 3577 quam
3431 3502 3663 3558 Dathan

2003 3605 2061 3654 et
2076 3598 2298 3654 Abiron
2311 3615 2448 3652 cum
2469 3597 2624 3652 suis?
2651 3601 2718 3652 Et
2745 3603 2808 3652 tu
2820 3598 3128 3652 honorans
3145 3593 3442 3651 famulum
3468 3596 3661 3659 tuum,

2002 3689 2170 3745 hiatu
2198 3693 2364 3742 terrae
2397 3688 2542 3742 istos
2573 3686 2857 3759 contegis.
2884 3686 3157 3742 Alienum
3187 3685 3390 3755 ignem
3420 3681 3524 3736 ﬁlii
3552 3685 3664 3736 Aa-

2001 3794 2112 3833 ron
2141 3776 2308 3832 altari
2351 3776 2628 3847 inferunt,
2654 3781 2710 3831 et
2755 3791 2890 3831 ecce
2949 3789 3209 3847 superne
3261 3774 3323 3828 in
3380 3770 3662 3827 ultionem

1999 3866 2265 3937 exsurgit
2292 3866 2531 3931 caalum,
2557 3865 2892 3934 fulguribus
2925 3868 3133 3920 contra
3152 3861 3478 3934 injuriosos
3511 3859 3661 3914 mis-

1999 3957 2080 4012 sis
2105 3957 2170 4011 ¹⁰.
2205 3955 2302 4011 llis
2330 3971 2472 4011 vero
2514 3955 2704 4011 atheis
2737 3960 2794 4010 et
2845 3952 3340 4018 sceleratissimis,
3371 3965 3494 4006 non
3527 3948 3657 4021 jam

1996 4046 2180 4116 Moysi
2206 4044 2675 4112 obluctantibus,
2706 4046 2816 4100 sed
2841 4043 3086 4116 tibi,qui
3100 4043 3519 4099 universorum
3534 4041 3658 4095 Rex

1995 4150 2061 4190 es
2090 4139 2148 4190 et
2175 4134 2557 4205 omnipotens
2589 4137 2766 4199 Deus,
2803 4140 2977 4205 teque
3003 4135 3120 4189 tuis
3150 4147 3223 4188 ex
3245 4129 3532 4203 operibus
3561 4144 3658 4196 ,ex

1991 4222 2426 4280 dominatione.
2452 4223 2726 4294 imperio,
2758 4238 2903 4278 cura
2933 4227 2989 4278 et
3017 4220 3395 4294 providentia
3443 4219 3656 4291 ejicere

1992 4313 2352 4369 conantibus
2381 4311 2585 4368 fauces
2615 4318 2784 4369 terrae
2832 4312 3010 4368 alhuc
3063 4310 3396 4376 concludis,
3454 4323 3654 4381 neque

1991 4401 2305 4474 permittis,
2337 4407 2402 4457 ut
2426 4400 3482 4472 exsecrandosistosdeglutiant.Non
3513 4397 3653 4454 alie-

1990 4507 2138 4546 num
2159 4487 2483 4562 imponunt
2514 4491 2738 4562 ignem,
2771 4492 2874 4546 sed
2911 4491 3095 4546 alium
3128 4489 3503 4546 conditorem
3534 4491 3649 4543 sta-

1990 4585 2186 4649 tuunt,
2213 4585 2270 4635 et
2293 4580 2353 4634 in
2385 4596 2568 4644 opera
2609 4597 2828 4636 manus
2857 4587 2975 4636 tuas
3007 4577 3516 4634 subintroducunt
3543 4575 3651 4632 ad-

1989 4670 2323 4725 versarium
2351 4675 2406 4724 et
2435 4669 2805 4726 desertorem
2831 4675 3024 4737 tuum,
3051 4684 3237 4741 quem
3279 4665 3539 4739 pedibus
3588 4666 3651 4722 in

1992 4764 2048 4814 te
2101 4758 2473 4814 credentium
2507 4758 2834 4830 subjecisti.
2870 4758 2980 4815 Ubi
3011 4773 3152 4814 vero
3187 4756 3439 4813 fulmina
3465 4753 3493 4808 ?
3531 4757 3648 4813 Cur

1992 4864 2119 4904 non
2154 4853 2466 4904 vertuntur
2505 4850 2564 4904 in
2596 4849 2846 4905 cineres.
2909 4849 3059 4916 Quid
3120 4848 3320 4904 adhuc
3345 4846 3651 4904 moraris?

1984 4942 2405 4990 πεπιστευκότων
2472 4941 2850 5014 ύπέστρωσας.
2942 4941 3008 4991 Οἱ
3070 4935 3129 4991 δὲ
3198 4941 3440 5013 κεραυνοὶ
3502 4943 3644 5004 ποῦ;

1986 5120 2201 5174 Verum
2241 5118 2388 5174 alias
2417 5118 2664 5191 quidem
2703 5119 3000 5176 haereseos
3041 5119 3280 5176 illorum
3327 5118 3537 5176 sordes
3591 5122 3650 5175 et

1986 5207 2292 5278 ingentem
2314 5207 2477 5264 illam
2505 5209 2977 5278 immunditiam,
3005 5226 3194 5281 quam
3233 5225 3337 5265 ore
3367 5224 3477 5265 suo
3507 5223 3648 5265 evo-

1989 5303 2181 5363 munt,
2215 5297 2470 5363 silentio,
2501 5298 2656 5354 velut
2685 5298 2847 5354 fossa
2867 5299 3137 5370 quadam
3168 5306 3225 5356 et
3255 5298 3452 5355 canali
3481 5304 3652 5355 trans

1991 5387 2248 5456 mittam,
2283 5393 2340 5443 et
2370 5388 2486 5443 alio
2518 5388 2827 5444 derivabo.
2855 5390 3077 5445 Vercor
3096 5390 3361 5454 enim,ne
3394 5389 3443 5444 si
3472 5388 3653 5445 hodie

1993 5493 2174 5533 coner
2195 5483 2384 5534 totam
2415 5479 2577 5534 illam
2596 5479 2820 5534 fmtoris
2846 5481 3141 5536 sentinam
3165 5480 3490 5547 exantlare,
3516 5495 3655 5536 sua-

1997 5567 2332 5624 veolentem
2359 5568 2730 5625 hunclocum
2749 5569 3111 5642 compleam,
3129 5587 3356 5643 vosque
3371 5570 3656 5642 pulchras

339 5737 360 5770 ⁸
393 5733 598 5794 lTim.
629 5754 702 5807 IV,
751 5742 856 5796 1-4.
889 5741 910 5776 ⁹
941 5741 989 5795 lI
1019 5739 1226 5798 Thess.
1260 5758 1319 5812 ιι,
1348 5743 1403 5808 3,
1438 5745 1493 5800 li.
1525 5743 1572 5778 ¹⁰
1604 5745 1778 5800 Num.
1812 5764 1927 5817 xv1,
1963 5751 1985 5803 1
2022 5763 2193 5820 seqq.
