4468 6450
779 411 878 467 631
1955 393 2270 457 GERMANI
2309 390 2356 445 ll
2394 384 2499 442 CP.
2540 378 3012 438 PATRIARCHE
4052 366 4154 424 632

780 528 1097 588 columbas
1128 526 1339 603 procul
1373 525 1512 582 hinc
1566 524 1884 600 expellam.
1943 527 2093 581 Nam
2144 514 2439 576 columbis
2467 510 2514 564 Α

2393 514 2439 571 is
2467 510 2514 564 Α
2551 504 2696 558 λάσω
2715 507 2939 581 μακράν.
2976 503 3201 575 Ἐχθγὸν
3236 500 3336 575 γὰρ
3390 495 3613 573 ἀκριϐῶς
3662 494 3692 553 ἡ
3752 488 3998 547 δυσωδία
4049 497 4157 552 ταῖς

1193 615 1565 672 adversatur.
1599 585 1795 681 Qiiam
1819 628 1962 670 vero
1991 605 2440 683 blasphemiam

2391 619 2440 660 αι
2550 601 2881 669 περιστεραῖς
2930 592 3024 646 Ἣν
3074 588 3134 644 δε
3190 586 3498 661 δυσφημίαν
3560 585 3695 637 κατά
3759 590 3852 635 τοῦ
3898 585 4155 653 πανευφή-

782 713 994 767 contra
1021 704 1402 763 benedictam
1417 720 1658 760 crucem
1686 697 2441 774 eructentilliquianimam

2393 708 2441 749 gn
2552 666 2651 758 μου
2721 666 2952 758 σταυροῦ
3019 680 3391 755 ἀπερεύγονται
3474 676 3523 727 οἰ
3580 674 3758 734 πάσης
3830 666 4157 742 βδελυγμίας

779 797 951 854 omni
979 792 1431 852 abominatione
1457 792 1884 849 refertissiman
1900 790 2145 854 habent,
2172 786 2317 842 dum
2330 797 2442 853 ego

2390 797 2442 853 ςο
2552 775 2838 846 ἀνάμεστον
2896 774 3101 844 ἔχοντες
3150 771 3248 826 τὴν
3312 765 3518 837 ψυχὴν,
3594 758 3989 832 ἀναγγέλλοντός
4054 776 4154 830 μου

784 850 1038 959 explico,
1070 850 1238 938 vobis
1260 881 1338 937 ad
1366 882 1658 953 patienter
1680 879 2051 936 audiendum
2073 850 2193 933 vim
2213 850 2441 942 inferte,

2393 888 2441 942 θ,
2552 869 2642 917 καὶ
2721 860 3103 935 διασαφοῦντος
3166 854 3621 930 παραϐιασάμενοι
3695 850 3904 910 ἑαυτοὺς
3974 865 4157 919 καρτε-

2824 956 2843 959 μ
3055 954 3063 959 .
3287 951 3295 959 .
3486 943 3498 957 .
3542 947 3551 959 .
3644 939 3657 956 .
3709 945 3718 955 .
3926 954 4121 959 ,__,_“_A_

783 939 1020 1031 utreum
1049 970 1472 1042 cognoveritis,
1502 985 1625 1042 quo
1658 969 1917 1024 stultitia:
1936 964 2348 1040 processerint,
2372 961 2443 1018 ri-

2392 961 2443 1018 -i-
2554 959 2772 1028 ρὴσατε,
2820 956 2924 1019 ἵνα,
2978 954 3179 1023 γνόντες
3234 951 3397 1001 πόσον
3456 943 3587 997 εἰσὶν
3636 939 3864 1004 ἀνόητοι,
3925 954 4156 1008 καταγε-

2913 1040 2922 1042 “
3239 1037 3250 1042 ·
3461 1032 3531 1042 -““
3669 1028 3701 1042 ι-
3806 1037 3827 1042 -
3910 1026 3922 1042 ν
4017 1027 4035 1042 -.
4082 1030 4092 1042 ι

787 1063 980 1121 deatis
1010 1060 1248 1117 illorum
1279 1058 1707 1131 insipientiam,
1741 1057 1835 1113 vel
1861 1057 2059 1129 potius
2098 1054 2178 1111 ob
2209 1052 2446 1109 illornm

2394 1067 2446 1106 ω
2554 1026 2748 1101 λάσητε
2784 1051 2879 1103 τῆς
2904 1040 3154 1101 ἀνοησίας
3192 1037 3377 1105 αὐτῶν,
3410 1032 3600 1108 μᾶλλον
3657 1028 3715 1084 δε
3765 1037 3862 1091 τῆς
3901 1026 4158 1086 ἀπωλείας

787 1152 1117 1226 perniciem
1140 1154 1195 1206 et
1215 1115 1515 1205 interitum
1545 1115 1976 1204 lamentemlini.
2009 1145 2222 1201 Adeste
2248 1142 2445 1213 igitur,

2397 1157 2445 1209 ι’,
2556 1134 3030 1203 καταθρηνὴσητε.
3095 1133 3242 1180 Δεῦτε
3316 1121 3402 1178 οὖν
3469 1126 3557 1174 καὶ
3624 1118 3951 1193 ἓμϐάλλωμεν
4010 1115 4159 1178 ξύλον

2588 1221 2600 1226 -
2703 1223 2708 1226 .
2787 1218 2829 1226 Α-
2870 1222 2877 1226 .
3199 1218 3208 1226 ι
3451 1216 3459 1226 ι
3763 1212 3772 1224 I
3845 1205 3857 1226 ἶ
3904 1203 4008 1226 κιρ.
4074 1221 4157 1226 _.--.

788 1203 1145 1313 lignumque
1175 1239 1237 1295 in
1268 1238 1627 1309 blasphema
1657 1236 1895 1292 illorum
1925 1250 2029 1291 ora
2055 1203 2450 1290 immittamus

2394 1246 2450 1285 λε
2560 1221 2725 1282 εἰςτά
2777 1218 3067 1293 βλάσφημα
3121 1218 3318 1268 τούτων
3376 1216 3634 1276 στόματα,
3692 1212 3781 1259 καὶ
3838 1203 4158 1279 ἐκτρίψωμεν

2608 1310 2618 1313 -
2819 1306 2831 1313 α
2894 1312 2899 1313 ,
3112 1306 3139 1313 ι-
3164 1311 3169 1313 .
3386 1301 3462 1313 '1‘
3634 1300 3643 1313 ο
3778 1302 3796 1311 ~
3888 1312 3895 1313 κ
3990 1312 3997 1313 κ
4020 1299 4069 1313 κί’·
4106 1294 4157 1313 -1

794 1335 852 1386 et
881 1334 1263 1385 conteramus
1294 1326 1425 1382 illos
1455 1326 1529 1381 de
1587 1330 1744 1381 terra
1795 1325 2142 1386 viventium,
2196 1321 2447 1391 lignum,

2398 1335 2447 1385 ο,
2560 1310 2744 1370 αὐτούς
2810 1306 2910 1360 ἀπὸ
2940 1316 3042 1379 γῆς
3109 1306 3333 1369 ζώντων,
3385 1301 3531 1364 ξύλον
3592 1300 3652 1349 τὸ
3708 1302 3799 1348 τοῦ
3843 1299 4071 1367 σταυροῦ
4103 1294 4162 1342 τὸ

793 1420 1073 1490 inquam,
1107 1416 1299 1473 crucis
1328 1414 1633 1470 vivificum
1666 1413 1777 1468 illis
1809 1413 1912 1485 qui
1941 1412 1989 1468 ei
2012 1410 2264 1466 ﬁdeliter
2292 1406 2452 1464 labia

2398 1406 2452 1462 ia
2562 1400 2815 1460 ζωοποιόν
2882 1398 2971 1468 μὶν
3033 1391 3137 1453 τοῖς
3202 1399 3403 1451 πιστῶς
3483 1385 3856 1461 προσψαύουσι
3919 1380 4162 1454 χείλεσι,

794 1507 1124 1563 admovent
1154 1523 1166 1560 :
1195 1508 1449 1560 mortem
1479 1518 1622 1559 vero
1656 1500 2269 1573 aﬂ‘erensillisquibus
2283 1513 2350 1553 os
2366 1500 2453 1551 est

2402 1500 2453 1551 st
2559 1491 2855 1562 νεκροποιὸν
2907 1482 2967 1538 δι
3018 1492 3121 1544 τοῖς
3180 1480 3515 1554 βλασφήμοις
3548 1480 3799 1547 στόμασι,
3830 1476 3919 1523 καὶ
3958 1475 4166 1543 μιαροῖς

792 1595 1221 1667 blasphemum
1235 1590 1739 1648 etexsecrandum
1753 1635 1765 1659 ,
1779 1606 1945 1645 more
1966 1587 2273 1657 unguenti,
2287 1583 2451 1657 quod

2375 1583 2451 1639 od
2561 1579 2697 1629 κατά
2734 1580 2826 1634 τὴν
2872 1577 3025 1647 φύσιν
3077 1575 3265 1644 μύρου,
3324 1570 3347 1619 ὃ
3377 1575 3482 1626 τοῖς
3513 1568 3601 1637 μὲν
3634 1562 4055 1636 ὀσφραινομένοις
4082 1555 4139 1608 ἀν

794 1682 1188 1740 odorantibus
1201 1680 1548 1738 hominibus
1562 1679 1932 1752 voluptatem
1946 1672 2450 1750 parit,scarabasis

2402 1672 2450 1726 is
2566 1668 2787 1738 θρώποις
2833 1663 3186 1736 εὐφραντικὸν,
3236 1665 3341 1717 τοῖς
3397 1652 3455 1707 δὲ
3506 1654 3785 1724 κανθάροις
3832 1648 4161 1721 νεκρωτικόν·

795 1778 998 1830 antem
1029 1771 1294 1828 exitium.
1320 1770 1499 1842 Cujus
1522 1769 1715 1839 ﬁgura
1746 1768 1886 1824 olim
1912 1766 2201 1822 adversus
2231 1778 2454 1836 aquam
2489 1778 2525 1830 Β

2401 1778 2454 1817 m
2489 1778 2525 1830 Β
2567 1736 2667 1807 Καὶ
2698 1755 2722 1805 ό
2748 1755 2911 1813 τύπος
2956 1747 3015 1802 δὲ
3064 1749 3224 1801 αὐτοῦ
3275 1748 3484 1819 γραφείς
3536 1759 3658 1794 ποτε
3709 1736 3826 1790 καθ’
3853 1736 4041 1810 ὑγρῶν,
4076 1737 4165 1786 τὸν

796 1826 1105 1933 ἐξω-ᾆδε,
1130 1826 1427 1933 populum
1454 1826 1696 1930 quidem
1720 1855 1957 1911 ﬁdelem
1981 1826 2315 1921 conﬁrmat,
2348 1851 2454 1907 du-
2489 1826 2519 1830 ἡ

2403 1867 2454 1906 L1-
2565 1846 2654 1915 μέν
2703 1844 2889 1895 πιστὸν
2934 1839 3053 1892 λαὸν
3095 1834 3370 1905 διασώζει,
3425 1836 3512 1885 τὸν
3559 1827 3619 1884 δέ
3663 1848 3723 1900 γε
3752 1826 3981 1899 σπληρὼ
4005 1843 4167 1876 κατα-

793 1966 931 2008 rum
953 1965 1096 2006 vero
1118 1953 1173 2004 et
1201 1927 1864 2018 i-mpium'Pharaonem
1905 1944 2235 2012 submergit
2276 1944 2339 1995 ¹¹.

1728 1961 1864 2001 nem
1905 1944 2235 2012 submergit
2276 1944 2339 1995 Η,
2566 1931 2793 1993 κοντίζει
2822 1934 2908 1982 καὶ
2938 1927 3250 2001 βλάσφημον
3286 1927 3490 1997 Φαραώ.

868 2040 1011 2105 Quae
1040 2042 1181 2094 sunt
1198 2037 1378 2107 igitur
1401 2035 1521 2103 illa,
1547 2051 1683 2108 quas
1709 2039 1916 2090 contra
1930 2032 2305 2089 adorandam
2329 2047 2456 2087 cru—

2399 2048 2456 2087 u-
2636 2026 2763 2073 Τίνα
2826 2026 2949 2090 γοῦν
3015 2018 3167 2081 εἰσιν,
3221 2014 3257 2066 ἃ
3303 2020 3394 2065 τοῦ
3448 2013 3811 2085 προσκκνητοῦ
3863 2002 4163 2076 καταφλυα-

796 2144 926 2185 cem
959 2128 1275 2197 garriunt?
1302 2128 1428 2181 Non
1464 2124 2022 2196 oportet,inquiunt,
2050 2137 2286 2177 crucem
2316 2120 2456 2177 ado-

2399 2137 2456 2177 ο-
2565 2118 2719 2185 ροῦσι
2767 2115 3033 2181 σταυρού;
3091 2110 3165 2157 Οὐ
3216 2108 3345 2178 χρὴ,
3396 2104 3543 2173 φασὶ,
3591 2101 3677 2150 τὸν
3733 2097 3957 2169 σταυρὸν
3994 2111 4163 2167 προσ-

793 2235 925 2276 rare
957 2223 1015 2274 et
1062 2216 1343 2279 osculari,
1393 2215 1497 2270 sed
1545 2214 1909 2270 inhonorare
1961 2218 2016 2269 et
2069 2211 2352 2277 aversari,
2393 2216 2459 2267 ut

2404 2216 2459 2267 ut
2564 2207 2730 2251 κυνεῖν
2797 2204 2885 2250 καὶ
2952 2196 3305 2255 ἀσπάζεσθαι.
3375 2190 3480 2243 ἀλλ’
3544 2186 3814 2260 ἀτιμάζειν
3879 2188 3968 2236 καὶ
4040 2182 4168 2234 ἀπο-

792 2308 1141 2379 illam,quaa
1166 2275 1462 2363 Christum
1506 2302 1802 2359 sustulite
1860 2302 2059 2357 medio
2107 2306 2162 2356 et
2218 2275 2453 2356 occidit.

2403 2304 2453 2355 η,
2568 2290 2903 2361 στρέφεσθαι,
2954 2290 3017 2347 ὡς
3066 2288 3150 2337 τόν
3210 2284 3439 2355 Χριστόν
3504 2277 3744 2330 ανελόντα
3797 2278 3887 2326 καὶ
3937 2275 4167 2325 θανατω-

3010 2374 3020 2379 -
3091 2376 3097 2379 .
3400 2370 3411 2379 ε
3527 2367 3538 2379 ς
3665 2370 3674 2379 ι
3820 2360 3911 2379 Ω-Ιἰ
4040 2362 4052 2373 ⁸
4114 2366 4129 2375 δ

794 2360 1497 2469 Allatoqtieargumento,
1514 2409 1620 2449 vos
1638 2391 1907 2469 videlicet
1920 2391 1978 2446 in
2018 2390 2455 2446 dubitationem

2405 2406 2455 2445 ω
2567 2398 2749 2431 σαντα.
2831 2381 2931 2430 Καὶ
3002 2374 3284 2446 ἐπάγουσιν
3371 2370 3441 2431 εἰς
3518 2367 3739 2440 ἀπορίαν
3808 2360 3967 2423 δῆθεν
4031 2362 4169 2432 ὑμᾶς

1568 2448 1575 2449 ,

794 2486 1139 2558 conjiciunt.
1168 2485 1224 2543 Si
1253 2484 1411 2557 quis,
1435 2483 1733 2555 inquiunt.
1757 2466 1927 2538 tuum
1958 2481 2263 2553 patremin
2290 2479 2454 2547 ligno

2399 2494 2454 2534 ιο
2564 2467 2883 2540 ἐμϐαλόντες.
2954 2468 3013 2517 Εἰ
3077 2484 3176 2529 τις,
3242 2461 3492 2533 λέγόντες,
3554 2460 3639 2509 τὸν
3700 2457 3789 2508 σόν
3836 2455 4032 2525 πατέρα
4080 2448 4163 2501 ἐπὶ

762 2591 1159 2648 suspensum
1190 2573 1599 2640 interfecisset,
1626 2588 1773 2627 num
1795 2570 2027 2639 lignum
2068 2569 2212 2625 illud
2265 2569 2454 2624 hono-

2408 2583 2454 2623 )-
2564 2558 2712 2621 ξύλου
2764 2558 3033 2630 κρεμάσας
3092 2551 3298 2617 ἀνεῖλεν,
3359 2548 3612 2621 ἐτιμησας
3664 2545 3723 2596 ἂν
3779 2548 3868 2595 καὶ
3910 2541 4172 2614 προσεκύ-

2798 2644 2807 2648 -
3058 2646 3063 2648 .
3146 2643 3169 2648 -,
3190 2642 3220 2648 .-
3403 2646 3440 2648 _
3472 2641 3481 2648 ι
3711 2635 3723 2648 ι
3788 2639 3797 2648 ι
3908 2630 3980 2648 9“.
4004 2632 4013 2643 ‘
4150 2633 4163 2648 ἱ

789 2681 993 2720 rasses
1018 2669 1075 2721 et
1116 2664 1433 2720 adorasses
1455 2663 1482 2718 ?
1515 2665 1911 2733 Nequaquam
1951 2675 2128 2725 vero;
2156 2658 2255 2713 sed
2276 2664 2329 2714 et
2352 2656 2453 2713 ad-

2408 2656 2453 2712 i-
2560 2667 2723 2707 νησας
2790 2644 2949 2698 ἐκεῖνο
3015 2646 3074 2695 τὸ
3140 2642 3330 2707 ζύλον;
3402 2641 3612 2697 Πάντως
3668 2635 3836 2707 οὐχί·
3900 2630 4028 2683 ἀλλά
4077 2633 4172 2681 καὶ

3255 2730 3263 2733 -
3657 2730 3664 2733 _
3926 2722 3945 2733 .
4058 2717 4144 2733 ω.

787 2758 1057 2810 versatus
1080 2752 1225 2808 illud
1255 2752 1497 2815 fuisses,
1523 2754 1575 2805 et
1618 2749 1879 2819 pessime
1934 2748 2185 2816 odisses,
2249 2753 2305 2803 et
2359 2746 2455 2801 vel

2407 2746 2455 2801 el
2560 2736 2899 2811 ἀπεστράφης
2945 2733 3071 2785 αὐτό
3116 2737 3206 2785 καὶ
3247 2730 3527 2803 ἐμίσησας,
3584 2730 3674 2777 καὶ
3739 2721 4001 2798 πόρρωθεν
4052 2717 4171 2791 βλέ-

784 2840 1561 2914 proculintuitus,fugisses,
1582 2844 1870 2911 tanquam
1886 2837 2452 2908 inimicum,quippe

2405 2850 2452 2890 te
2558 2847 2666 2878 πων
2727 2824 3003 2896 ἀπέφευγες
3072 2823 3153 2889 ἀν,
3216 2823 3279 2880 ὡς
3335 2818 3547 2893 ἓχθρον,
3601 2816 3684 2867 οἶα
3740 2816 3829 2866 τὸν
3881 2814 3970 2863 σόν
4025 2807 4169 2881 φίλον

2822 2912 2829 2914 μ
3259 2908 3277 2914 ..
3343 2905 3361 2914 Α
3468 2911 3474 2914 μ
3569 2909 3577 2914 .
3812 2906 3820 2914 ι
3926 2898 3977 2914 ΛΝ
4146 2888 4151 2895 .

786 2888 955 3004 Quod
980 2888 1398 2987 dilectumytibi
1428 2888 1739 3001 parentem
1772 2928 2045 2999 peremit.
2096 2888 2265 2981 lani1
2286 2888 2450 2981 audi-

2411 2924 2450 2979 ί-
2557 2920 2755 2990 πατέρα
2814 2912 3191 2965 ἐναποκτεῖναν.
3256 2905 3397 2965 ’Ἤδη
3454 2909 3715 2965 ἠκούσατε
3766 2906 3861 2960 τὴν
3920 2898 4170 2972 βλασφη-

784 2987 957 3076 vistis
982 2987 1717 3091 blasphemiam‘illorum.
1754 2987 1906 3081 Quid
1953 3015 2122 3071 vobis
2168 3014 2450 3070 videtur?
2485 3075 2521 3091 Π

2398 3014 2450 3070 ~?
2558 3010 2680 3077 μίαν
2722 3003 2910 3055 αὐτῶν.
2966 3006 3029 3053 Τί
3083 3001 3202 3072 ύμῖν
3258 2996 3439 3051 δοκεῖς
3500 2994 3680 3048 Θέλετε
3722 2995 3791 3054 ὡς
3833 2993 3975 3043 ἰστὸν
4029 2987 4162 3062 ἀρά-

2485 3075 2521 3091 ρ.
2757 3090 2765 3091 ,
3196 3087 3207 3091 _
3534 3088 3541 3091 Α
3731 3086 3739 3091 .
3875 3082 3886 3091 ,
3938 3076 3959 3091 ι

784 3110 991 3179 Vultis,
1017 3075 1079 3164 ut
1098 3075 1396 3181 tanquam
1428 3107 1609 3163 telam
1638 3075 1874 3162 araneas
1907 3110 2092 3160 totam
2120 3105 2299 3175 hujus
2354 3120 2447 3159 ar-
2484 3075 2524 3132 Ο

2400 3120 2447 3159 [ι-
2484 3075 2524 3132 C
2558 3115 2694 3167 χνης
2742 3090 2995 3146 διαλῦσαι
3037 3098 3131 3151 τῆς
3188 3087 3409 3163 ἀπορίας
3451 3088 3649 3145 ταύτης
3690 3086 3776 3134 τόν
3828 3076 4164 3150 σύνδεσμονς

786 3197 1261 3269 gumentationis
1293 3198 1729 3253 connexionem
1764 3194 2115 3259 dissolvam,
2169 3194 2452 3263 redargu~

2396 3210 2452 3247 ιι-
2560 3190 2649 3235 καὶ
2682 3187 2767 3235 τὸν
2796 3183 2951 3257 λῆρον
3008 3188 3186 3232 τοῦτον
3245 3174 3553 3234 δυσσεϐείας
3606 3170 3879 3242 άπελεγξαι
3932 3172 4160 3242 μεστόν·

787 3258 1009 3360 amque
1029 3284 1697 3355 nugaststasimpietate
1713 3283 1958 3355 plenas?
1984 3258 2254 3350 Agedum
2282 3258 2451 3336 refel-

2406 3280 2451 3335 1-
2565 3276 2686 3347 Φέρε
2747 3277 2836 3323 καὶ
2902 3269 3274 3341 ἀπελέγξωμεν.
3329 3270 3500 3337 Νόμος
3552 3262 3663 3315 ἐστὶ
3709 3268 3817 3322 τοῖς
3880 3258 4168 3331 ἀνθρώποις

784 3376 1002 3432 lamus.
1026 3375 1273 3430 lnsitum
1295 3379 1383 3430 est
1397 3389 1432 3429 a
1448 3377 1665 3429 natura
1680 3371 2125 3441 hominibus,ut
2155 3370 2454 3426 benovolo

2404 3370 2454 3425 lo
2566 3364 2665 3414 ὑπὸ
2734 3369 2827 3421 τῆς
2898 3363 3095 3431 φύσεως
3146 3361 3264 3429 περὶ
3316 3360 3438 3414 τοὺς
3509 3352 3774 3425 εὐεργέτας
3832 3349 4168 3419 εὐγνωμονεῖν

788 3466 903 3520 sint
924 3464 1130 3520 animo
1161 3465 1222 3519 in
1252 3462 1690 3529 benefactores,
1720 3461 2039 3532 vicemque
2061 3467 2118 3516 et
2146 3466 2345 3530 grates
2366 3475 2457 3515 re-

2407 3475 2457 3515 3-
2569 3456 2657 3502 καὶ
2699 3449 3142 3523 ἀντιχαρίζεσθαι
3197 3448 3261 3498 τὰ
3310 3444 3732 3516 εὐχαριστήρια·
3768 3444 3857 3491 καὶ
3900 3442 3970 3510 μὴ
4016 3439 4171 3509 μόνον

787 3559 1021 3627 ponant
1050 3568 1282 3625 :neque
1316 3552 1513 3608 solum
1546 3552 1710 3624 ipsos
1763 3551 1838 3606 de
1894 3567 1955 3605 se
2017 3549 2171 3605 bene
2217 3548 2459 3604 meritos

2412 3566 2459 3604 )5
2572 3545 2757 3602 αὐτούς
2822 3538 2937 3598 τούς
3009 3538 3277 3611 εὐεργέτας
3337 3540 3531 3604 τιμᾲν,
3596 3535 3686 3582 καὶ
3768 3532 3826 3581 τὸ
3904 3534 4176 3601 προσῆκον

788 3618 1112 3708 honorant,
1128 3618 1451 3712 debitoque
1473 3618 1634 3695 cultu
1648 3644 2114 3711 prosequuntur,
2139 3637 2246 3693 sed
2263 3643 2318 3694 et
2335 3636 2458 3705 illa,

2415 3653 2458 3705 ι,
2576 3629 2728 3691 σέϐας
2797 3627 3064 3700 ἀπονέμειν
3126 3626 3323 3690 αὐτοῖς,
3383 3622 3511 3674 ἀλλά
3566 3625 3657 3671 καὶ
3709 3618 3843 3671 αὐτὰ
3898 3620 3964 3669 τὰ
4018 3634 4179 3689 μεσι-

793 3748 934 3805 quae
960 3734 1026 3785 ut
1046 3731 1249 3785 media
1279 3729 1356 3783 ad
1378 3729 1842 3783 beneﬁcentiam
1873 3728 2357 3796 intercesserunt,
2409 3734 2465 3787 et

2414 3734 2465 3787 et
2574 3722 2830 3772 τεύσαντα
2903 3721 3033 3792 πρὸς
3114 3720 3208 3774 τὴν
3290 3722 3384 3775 τῆς
3456 3711 3747 3784 εὐεργεσίας
3822 3706 4178 3781 ἐκπλήρωσιν,

801 3820 1206 3875 instrumenta
1224 3816 1429 3872 salutis
1451 3815 1851 3887 procurandae
1867 3814 1997 3875 illis,
2013 3816 2115 3887 qui
2131 3814 2463 3887 periculum

2416 3830 2463 3869 ῃ
2574 3816 2663 3862 καὶ
2729 3813 2923 3882 ᾆογανα
2991 3811 3253 3878 σωτηρίας
3335 3810 3443 3865 τοῖς
3522 3797 3886 3853 κινδυνεύουσι
3957 3815 4180 3869 χρημαο

795 3908 1071 3976 subeunt,
1104 3906 1285 3962 beata
1307 3905 1671 3977 praedicant:
1700 3904 2007 3976 ﬁdemque
2026 3904 2129 3958 tibi
2152 3904 2331 3960 faciat
2372 3920 2464 3959 sa-

2419 3920 2464 3959 1-
2577 3905 2795 3952 τίσαντα
2859 3900 3193 3971 μακαρίζειν·
3264 3899 3354 3945 καὶ
3415 3894 3633 3945 πειθέτω
3703 3908 3759 3941 σε
3825 3890 3851 3940 ό
3913 3889 4183 3957 πάνσοφος

794 3971 1207 4070 pientissimus
1235 3971 1543 4057 Salomon,
1576 3994 1680 4066 qui
1708 3993 1790 4048 ait
1838 3971 2183 4049 Benedicite
2231 3995 2464 4063 lignum

2420 4011 2464 4049 in
2579 3988 2815 4061 Σαλομῶν
2890 3988 3024 4039 οὕτω
3105 3985 3299 4056 λίγων·
3390 3981 3656 4053 Εὐλογείτε
3733 3978 3901 4046 ξύλον,
3972 3972 4043 4028 δι’
4119 3971 4184 4027 οὗ

799 4065 916 4158 ᾖαο
942 4086 1108 4141 salus
1135 4084 1392 4153 obtingit
1426 4085 1490 4136 ¹².
1523 4065 1679 4138 Multi
1705 4083 1883 4137 etiam
1927 4081 2197 4151 gladium
2230 4083 2465 4151 regium

2421 4099 2465 4138 n
2577 4084 2777 4152 γίνεται
2832 4081 3087 4151 σωτηρία.
3151 4073 3335 4126 Πολλοὶ
3395 4078 3484 4124 καὶ
3544 4071 3750 4125 σπάθην
3788 4065 4073 4141 βασιλικὴν
4102 4084 4185 4116 τε-

800 4157 1450 4244 honorarunt;sublato
1470 4187 1574 4244 per
1587 4188 1726 4226 eum
1746 4178 2142 4242 tyrannorum
2173 4172 2466 4243 quopiam

2424 4188 2466 4227 n
2580 4173 2866 4241 τιμὴκασιν
2934 4165 3354 4240 ἀνθρωποκτόνον
3419 4164 3662 4235 τύραννον
3726 4157 4025 4223 ἀνελοῦσαν,
4093 4158 4188 4206 καὶ

802 4269 861 4321 et
882 4262 1152 4320 restituta
1179 4262 1488 4334 oppressis
1521 4261 1864 4317 civitatibus
1912 4261 2205 4327 libertate,
2247 4262 2370 4316 imo
2415 4265 2471 4317 et

2424 4265 2471 4317 et
2580 4257 2764 4310 πόλεσι
2873 4258 3306 4328 τυραννουμέναις
3416 4249 3702 4321 ἐλευθερίαν
3817 4249 4188 4319 χαρισαμένην

806 4353 886 4410 ad
914 4352 1069 4418 loca,
1093 4355 1150 4407 et
1170 4350 1247 4406 ad
1274 4356 1568 4423 tempora,
1606 4349 1823 4421 quibus
1846 4349 1938 4405 vel
1970 4350 2141 4421 quies
2198 4356 2251 4406 et
2312 4357 2469 4405 tran-

2426 4366 2469 4405 ι·
2586 4346 2713 4399 ἀλλά
2765 4352 2853 4399 καὶ
2898 4350 3061 4419 μέχρι
3108 4348 3276 4395 τόπων
3323 4345 3406 4392 καὶ
3454 4344 3658 4413 χρόνων
3705 4338 3821 4389 καθ’
3861 4334 3951 4397 οὐς
3999 4334 4190 4404 εὐημε-

807 4442 1092 4517 quillitas,
1127 4438 1219 4496 vel
1247 4439 1721 4496 emolumentum
1756 4438 2005 4512 aliquod
2032 4439 2335 4512 aliquibus
2366 4440 2469 4495 ob-
2502 4433 2544 4485 Ι)

2430 4433 2544 4495 )-D
2586 4443 2698 4512 ρίας
2762 4440 2900 4499 τινὸς
2962 4436 2991 4495 ἢ
3070 4433 3310 4505 ὠφελείας
3389 4435 3691 4503 μετέσχον,
3771 4429 3932 4501 ἕτεροι
4008 4423 4194 4478 ἐσεϐά-

808 4532 971 4589 venit
989 4531 1185 4588 honos
1204 4529 1515 4603 processit.
2589 4530 2686 4585 σθη
2699 4546 2812 4580 σαν.

884 4624 949 4677 Et
972 4625 1184 4677 utrem
1222 4619 1281 4674 in
1314 4633 1512 4691 pauca
1560 4618 1890 4690 conferam,
1926 4634 2105 4676 omne
2135 4618 2279 4675 illud
2307 4620 2475 4691 quod
2542 4688 2550 4691 _

2435 4620 2475 4675 d
2661 4622 2761 4669 Καὶ
2814 4614 2988 4674 ἁπλῶς
3042 4614 3219 4678 εἰπεῖν,
3269 4612 3405 4663 ἅπαν
3454 4613 3510 4661 τό
3568 4610 3698 4660 κατά
3754 4627 3805 4659 τι
3877 4612 4195 4678 μεσιτεῦσαν

810 4709 1166 4769 hominibus
1199 4688 1403 4781 aliquo
1430 4708 1614 4765 modo
1638 4688 1991 4779 adjumento
2018 4714 2127 4776 est,
2162 4715 2226 4764 ut
2254 4688 2473 4765 beneﬁ-
2540 4688 2550 4700 ’

2432 4709 2473 4764 ί·
2586 4714 2695 4769 τοῖς
2745 4705 3035 4780 ἀνθρώποις
3088 4703 3381 4777 εὐεργεσίαν
3435 4704 3524 4751 καὶ
3588 4702 3863 4770 χαρμονὴν
3912 4699 4196 4767 παρασχό-

815 4801 977 4857 cium
1002 4798 1097 4855 vel
1117 4797 1409 4869 gaudium
1442 4796 1772 4867 obtineant,
1804 4798 1984 4854 laude
2016 4798 2266 4870 dignum
2313 4798 2477 4871 apud

2443 4798 2477 4854 fl
2589 4817 2735 4870 μενον
2766 4794 3025 4848 ἐπαινετόν
3073 4801 3179 4853 τοῖς
3232 4790 3525 4865 ἀνθρώποις
3577 4793 3667 4840 καὶ
3726 4788 3995 4859 ἡγαπητὸν
4056 4788 4198 4837 κατὰ

816 4890 1096 4949 homines
1119 4893 1177 4945 et
1201 4889 1456 4945 charum
1486 4887 1744 4944 habetur
1771 4904 1881 4961 pro
1908 4890 2139 4944 ratione
2192 4888 2475 4958 utilitatis,

2435 4905 2475 4958 Β,
2590 4891 2647 4941 τό
2698 4891 2882 4961 μέτρον
2940 4894 3031 4945 τῆς
3087 4881 3363 4955 ὠφελείας·
3416 4882 3588 4953 ὥσπερ
3645 4878 3709 4929 αὖ
3762 4876 4055 4929 τούναντίον
4104 4880 4199 4927 καὶ

818 4996 1009 5056 quam
1041 4977 1230 5035 affert.
1265 4977 1803 5045 Quemadmodum
1836 4994 1866 5033 e
1898 4979 2197 5034 contrario
2226 4995 2315 5045 ea,
2344 4996 2480 5051 quae

2438 4996 2480 5033 te
2593 4982 2657 5031 τά
2709 4975 2910 5050 βλάϐης
2966 4977 3110 5027 αἴτιά
3168 4993 3280 5026 τισι
3333 4974 3599 5043 γεγονότα,
3659 4972 3748 5020 καὶ
3792 4966 4005 5040 ἀνιαροῦ
4062 4985 4202 5026 τινος

818 5069 1169 5130 nocumenti
1198 5068 1456 5139 alicujus
1485 5083 1671 5124 causa
1697 5068 1957 5137 fuerunt,
1983 5074 2039 5123 et
2061 5068 2481 5124 molestiaeefﬁ-

2440 5068 2481 5123 ἰ·
2593 5070 2856 5143 πρόξενα,
2926 5071 3015 5117 καὶ
3077 5071 3369 5138 μισοῦμεν,
3435 5065 3523 5112 καὶ
3586 5058 4034 5131 ἀποστρεφόμεθα,
4101 5058 4204 5108 εἴτε

820 5162 1057 5229 cientia,
1096 5158 1340 5216 odimus
1400 5162 1457 5215 et
1504 5172 1855 5215 aversamur
1909 5159 2033 5214 sive
2084 5160 2484 5215 instrumenta

2441 5175 2484 5215 ia
2595 5161 2789 5235 ὄργανά
2856 5158 3007 5221 εἰσιν,
3080 5159 3178 5208 εἶτε
3242 5157 3413 5217 τόποι,
3482 5170 3688 5224 χρονοι.
3760 5152 3860 5200 Καὶ
3926 5148 4205 5219 μάχαιραν

819 5255 959 5325 sint,
994 5251 1115 5307 sive
1139 5249 1291 5316 loca,
1326 5249 1451 5305 sive
1482 5253 1777 5321 tempora.
1804 5249 1951 5317 Fuit,
1976 5251 2079 5322 qui
2100 5266 2327 5319 ensem,
2359 5266 2482 5323 quo

2446 5266 2482 5305 0
2593 5252 2694 5325 γάρ
2744 5270 2823 5311 τις
2876 5244 3249 5318 ἀδελφοκτόνον
3294 5241 3577 5316 κατώρυξε,
3636 5243 3726 5291 καὶ
3776 5236 3965 5312 ῥάϐδον
4014 5231 4206 5288 παιδο-

820 5324 999 5402 frater
1022 5344 1373 5415 peremptus
1398 5344 1522 5395 erat
1551 5338 1862 5406 defoderit,
1892 5340 2248 5413 virgamque
2279 5340 2482 5396 tiliiin-

2448 5358 2482 5395 ι-
2594 5346 2774 5392 κτόνον
2840 5335 3201 5411 ὃιάθραυσεν.
3276 5334 3561 5407 Ἐπαρᾶται
3627 5324 3795 5382 Δαυίδ
3853 5330 3918 5379 τά
3992 5329 4084 5400 ὅρη
4136 5328 4212 5378 τὰ

818 5414 1212 5493 terfectiicem
1245 5428 1933 5502 contregeritQMaledicit
1958 5428 2145 5486 David
2170 5430 2479 5485 montibus

2452 5448 2479 5485 s
2596 5428 2809 5483 Γελϐουὲ
2860 5424 2953 5479 διὰ
3010 5431 3103 5484 τὴν
3156 5424 3319 5477 ἐκεῖσε
3345 5428 3436 5475 τοῦ
3489 5420 3635 5493 φίλου
3670 5418 3932 5491 ἀναίρεσιν
3968 5438 3979 5449 ·
4014 5417 4039 5467 ό
4085 5414 4208 5468 Ἰὼϐ

818 5523 1057 5587 Gelboe,
1090 5520 1258 5595 quod
1276 5519 1360 5576 ibi
1389 5519 1621 5577 amicus
1653 5518 2040 5576 occubuisset
2082 5520 2152 5575 ³³.
2193 5519 2479 5577 Maledicit

2440 5520 2479 5577 it
2590 5526 2685 5581 τὴν
2760 5521 2976 5595 ἡμέραν,
3028 5516 3075 5569 ἐν
3220 5513 3488 5590 ἐγεννήθη,
3541 5506 3634 5563 διὰ
3688 5510 3779 5573 τάς
3827 5504 4204 5580 ἐπισυμϐάσας

884 5706 929 5759 tt
962 5704 1153 5765 Exod.
1181 5716 1299 5761 xiv.
1328 5705 1400 5761 26
1429 5717 1601 5778 seqq.
1640 5702 1687 5739 ¹²
1716 5701 1855 5774 Sap.
1887 5718 2003 5772 xiv,
2035 5706 2089 5760 7.
2123 5701 2171 5737 ¹³
2200 5701 2247 5758 Il
2279 5703 2421 5786 Beg.
2452 5707 2493 5773 l,
2526 5703 2615 5760 2t.
