4468 6450
315 349 419 409 633

314 475 586 548 συμφορὰς
669 474 758 525 καὶ
841 472 931 532 τὰς
1009 473 1354 543 κυμαγωγίαις
1418 476 1519 523 τῶν
1586 469 1905 540 πειρασμῶν.
1938 457 1985 511 Α

309 560 531 629 Ἰδωμεν
576 562 664 615 οὖν
720 563 808 613 τὸν
877 563 1124 634 σταυρόν,
1194 564 1333 612 τίσιν
1395 557 1646 631 ὠφελιμος
1711 556 1908 625 γέγονε,

312 658 406 705 καὶ
438 658 571 705 τίσιν
623 648 925 711 ἰπιελαϐἠς-
983 654 1072 701 καὶ
1129 649 1155 700 ό
1198 651 1311 721 μὶν-
1348 646 1623 720 ὡφεληθεὶς
1668 641 1913 710 ἀναλόγου

312 750 379 813 τῇ
410 740 624 813 ὠφελείᾳ
651 745 740 793 καὶ
797 743 895 797 τὴν
926 743 1085 810 τιμήν
1131 741 1480 813 προσφερίτω,
1526 736 1564 805 ᾧ
1615 730 1673 786 δι
1714 728 1917 805 βλάϐης

315 832 479 890 αἴτιος
562 833 756 901 γέγονε,
854 835 1035 879 τοῦτον
1126 823 1270 887 οὗτος
1359 823 1763 899 ἀποστρεφέσθω
1826 823 1917 871 καὶ

312 914 685 991 βδελυττέσθω
727 912 965 977 δικαίως·
1017 915 1481 987 Ἀναγινωσκίσθω
1526 910 1811 991 τοίνυν-τὰ
1846 915 1916 978 τῷ

309 988 449 1049 κατὰ
525 998 764 1054 Ἰωάννην
830 996 1153 1067 Εὑαγγελίῳ,
1223 996 1411 1047 οὑτωσί
1477 994 1644 1067 ῥητῶς
1710 988 1918 1063 ὶμφερό-

310 1106 462 1160 μενα,
512 1091 601 1138 καὶ
644 1088 789 1160 παρὰ
858 1091 950 1137 τοῦ
1016 1092 1255 1159 ,Σωτῆρος
1314 1082 1577 1155 λεγόμενα.
1644 1087 1752 1132 Νυν
1807 1081 1917 1153 κρί-

314 1196 397 1237 σις
454 1176 567 1227 ἐστὶ
618 1182 711 1227 τοῦ
774 1178 981 1246 κόσμου
1054 1177 1261 1227 τούτουσ
1330 1179 1417 1223 νῦν
1503 1172 1528 1223 6
1588 1170 1769 1243 ἅρχων
1826 1173 1916 1219 τοῦ

312 1269 519 1337 κόσμου
574 1262 955 1321 ἐκϐληθήσεται
1010 1262 1127 1325 ἔξω·
1214 1260 1357 1333 κάγὼ
1437 1259 1521 1312 ἰὰν
1592 1258 1785 1330 ὑψωθῶ
1863 1254 1917 1308 ἐκ

307 1360 404 1412 τῆς
462 1361 579 1422 γῆς,
650 1354 844 1411 πάντας
910 1350 1110 1403 ἕλκύσω
1168 1354 1317 1422 πρὸς,
1380 1348 1619 1421 ἰμαυτόν·
1681 1343 1819 1399 Ἰδοὺ
1869 1342 1916 1395 ἓν

276 1447 422 1511 ’τοῖς
452 1440 647 1510 ὀλίγοις
699 1442 904 1500 τούτοις
950 1440 1183 1513 ῥήμασιν
1237 1438 1406 1500 ἔξεστι
1456 1432 1792 1507 δίδαχθῆναι
1837 1437 1918 1493 τίς

312 1531 342 1581 6
374 1530 727 1601 εὖεργετηθεὶς
759 1525 853 1581 διὰ
903 1536 995 1579 τοῦ
1029 1535 1258 1601 σταυροῦ
1287 1570 1300 1589 ,
1348 1546 1428 1586 τις
1476 1522 1533 1577 δε
1563 1527 1589 1577 ό
1639 1520 1917 1595 συντριϐἡν

306 1619 571 1678 ὑποστάς.
644 1614 763 1669 Ὀτι
814 1614 874 1669 δε
915 1621 1034 1689 περὶ
1077 1624 1169 1676 τῆς
1210 1618 1449 1667 ’ἑκουσίου
1501 1618 1843 1688 σταυρώσεως
1891 1612 1917 1662 6

310 1712 549 1781 Χριστός
580 1714 746 1759 ταῦτα
801 1709 920 1778 ἔφη,
980 1709 1169 1779 ἔχομεν
1224 1705 1377 1757 αὑτὸν
1416 1708 1501 1757 τόν
1534 1702 1917 1774 Εὖαγγελιστὴν

1626 330 1905 397 CONTRA
1945 327 2367 392 BOGOMILOS.

3567 340 3671 397 63L

2024 460 2081 511 et
2102 454 2213 512 Job
2238 456 2375 526 diei,
2409 458 2471 515 in
2490 474 2614 533 quo
2637 464 2816 518 natus
2837 462 2947 529 est,
2973 463 3219 535 propter
3241 475 3367 532 eas,
3390 478 3527 537 quas
3558 464 3672 522 sibi

2023 552 2364 617 evenerant,
2376 547 2744 605 calamitates
2755 549 3010 623 procella
3021 566 3170 623 sque
3185 552 3582 609 tentationum
3602 554 3667 611 ¹⁶.

2023 631 2345 689 Videamus
2370 635 2548 705 igitur
2574 652 2832 703 crucem,
2865 638 3239 711 quibusnam
3260 639 3597 708 utilitatem,
3616 644 3673 698 et

2020 720 2245 793 quibus
2274 722 2568 781 damnum
2595 726 2875 793 attulerit,
2924 726 3099 799 isque
3150 727 3254 801 qui
3284 728 3673 786 emolumenti

2025 808 2251 883 aliquid
2264 813 2507 885 accepit,
2530 829 2737 887 parem
2754 814 2989 871 utilitati
3012 816 3304 872 honorem
3325 815 3669 888 depromat;

2024 901 2121 956 cui
2154 906 2355 957 autem
2385 919 2529 959 crux
2559 904 2896 961 detrimenti
2923 920 3112 961 causa
3144 906 3377 972 exstitit,
3409 906 3505 962 hic
3535 922 3672 964 eam

2025 990 2237 1045 merito
2262 1007 2372 1047 suo
2402 997 2706 1049 aversetur
2723 998 2781 1050 et
2811 993 3211 1050 abominetur.
3242 997 3537 1065 Legantur
3566 996 3670 1066 igi-
3742 1012 3745 1015 ‘

2026 1082 2121 1135 tur
2149 1094 2221 1135 ea
2244 1095 2381 1152 qum
2401 1080 2461 1136 in
2494 1082 2813 1151 Evangelio
2832 1084 3166 1139 secundum
3192 1085 3487 1140 Joannem
3510 1099 3675 1157 repe-

2026 1167 2276 1232 riuntur,
2305 1184 2441 1240 quae
2472 1169 2555 1225 sic
2577 1170 2655 1225 ad
2684 1169 2934 1227 verbum
2962 1171 3374 1240 habent,etab
3393 1172 3524 1243 ipso
3552 1172 3674 1229 Sal-

2026 1259 2231 1310 vatore
2254 1261 2458 1310 nostro
2480 1257 2864 1327 pronuntiata
2878 1262 3016 1313 sunt
3040 1259 3243 1317 :Nunc
3251 1258 3547 1329 judicium
3588 1264 3672 1316 est

2026 1343 2463 1413 mundi'hujus;
2491 1360 2653 1401 nunc
2677 1347 2957 1416 princeps
2974 1346 3155 1416 hujus
3168 1348 3380 1402 mundi
3399 1349 3675 1417 ejirietur

2024 1433 2193 1502 foras
2211 1451 2225 1502 ;
2249 1438 2303 1488 et
2324 1449 2428 1503 ego
2445 1449 2576 1489 cum
2596 1449 2707 1491 era
2718 1436 2900 1491 [tatus
2912 1436 3085 1505 fuero
3108 1451 3144 1491 a
3168 1442 3351 1502 terra,
3377 1451 3573 1491 omnes
3593 1438 3675 1493 ad

2027 1522 2308 1590 meipsum
2333 1522 2574 1577 traham
2599 1525 2683 1577 “'.
2709 1525 2853 1578 Ecce
2872 1540 2941 1579 ex
2960 1523 3050 1579 his
3068 1523 3340 1597 pauculis
3377 1524 3571 1579 verbis
3589 1525 3675 1581 di-

2028 1625 2188 1664 scere
2214 1609 2367 1675 licet,
2397 1611 2499 1682 qui
2531 1611 2722 1666 crucis
2753 1611 3079 1667 ministerio
3105 1612 3411 1668 beneﬁciis
3434 1612 3507 1667 sit
3536 1612 3676 1669 aﬂ'e-

2028 1702 2179 1764 ctus,
2200 1700 2405 1770 etquis
2425 1698 2717 1755 damnum
2742 1706 2799 1755 et
2816 1700 3232 1756 contritionem
3249 1717 3483 1773 passus.
3502 1701 3676 1767 Quod

309 1798 558 1871 μάρτυρα
586 1803 677 1847 τοῦ
728 1796 887 1867 λόγου
921 1793 1244 1857 ἀξιόπιστον
1278 1796 1487 1866 Ἐπάγει
1511 1797 1631 1867 γάρ·
1663 1799 1827 1845 Τοῦτο
1860 1786 1918 1842 δε
1952 1805 1987 1858 Β

2027 1801 2166 1841 vero
2197 1786 2464 1842 Christus
2486 1788 2613 1843 haec
2636 1787 2847 1843 dixerit
2871 1788 2943 1843 de
2973 1788 3311 1844 voluntaria
3334 1789 3459 1845 illa.
3488 1805 3675 1862 quam

309 1884 470 1956 ΰεγε,
574 1889 841 1957 σημαίνων
945 1888 1079 1956 ποίῳ
1174 1884 1376 1955 θανάτῳ
1478 1881 1688 1956 ἦμελλερ
1783 1878 1917 1932 ἀπο-

313 1975 407 2033 θνὴ
418 1992 582 2031 σχειν,

945 1888 1079 1956 ποίῳ
1174 1884 1376 1955 θανάτῳ
1478 1881 1688 1956 ἦμελλερ

384 2153 546 2206 Πάλιν
586 2149 673 2205 οὖν
734 2154 820 2204 τόν
875 2150 1025 2223 λόγον
1090 2150 1505 2222 ἐπαναληψομαι.
1566 2157 1673 2202 Νῦν
1738 2152 1915 2223 κρίσις

310 2240 426 2295 ἔστι
487 2250 578 2295 τοῦ
646 2243 849 2313 κόσμου
914 2244 1123 2292 τούτου·
1194 2245 1359 2314 κρίνει
1426 2237 1483 2291 δὲ
1541 2241 1611 2300 ὡς
1668 2237 1915 2310 βασιλεὺς

308 2330 395 2384 ἰπὶ
451 2333 631 2405 θρόνου
686 2329 919 2403 βεϐηκὼς
979 2328 1263 2401 βασιλικοῦ
1318 2335 1409 2381 τοῦ
1458 2337 1707 2399 σταυροῦ.
1758 2326 1814 2378 Ἠ
1857 2322 1915 2378 δε

304 2426 487 2493 κρίσις
552 2420 617 2481 εἰς
683 2424 879 2477 ταύτην
966 2418 1230 2493 ἐκφέρεται
1309 2422 1403 2477 τὴν
1472 2416 1752 2489 ἀπόφασιν,
1835 2417 1916 2467 ἱνα

306 2510 333 2561 6
361 2518 453 2561 τοῦ
498 2513 700 2581 κόσμου
747 2511 928 2583 ἄρχων
975 2510 1067 2571 ἔξω
1111 2517 1204 2571 τῆς
1258 2508 1416 2559 αὖτοὺ
1464 2505 1909 2582 ἀρχῆςέκϐληθῇ,

305 2606 399 2652 καὶ
454 2602 481 2658 ἡ
535 2602 669 2651 κατά
716 2608 813 2651 τὼν
870 2598 1149 2673 ἀνθρώπων
1209 2604 1451 2671 τυραννὶς
1510 2598 1668 2650 αὑτοῦ
1731 2601 1819 2648 καὶ
1880 2598 1909 2653 ἡ

303 2689 657 2763 πολυχρόνιος
715 2692 943 2749 κάκωσις
995 2697 1113 2760 στῇ,
1165 2694 1253 2739 καὶ
1285 2690 1309 2739 6
1366 2691 1611 2761 τύραννος
1663 2687 1761 2737 ὑπὸ
1794 2693 1913 2746 τοῦς

304 2775 481 2840 πόδας
528 2786 627 2830 τῶν
679 2782 1094 2852 τυραννουμένων
1136 2779 1253 2835 τεθῆ
1317 2772 1410 2828 δια
1463 2780 1547 2828 τόν
1599 2783 1687 2827 τοῦ
1737 2782 1912 2832 Σωτη-

306 2887 400 2934 ρος
457 2864 643 2919 ἄδικον
700 2868 915 2919 θάνατον
960 2872 1046 2918 καὶ
1085 2871 1178 2923 τὴν
1228 2869 1363 2917 κατὰ
1409 2874 1498 2917 τοῦ
1543 2863 1912 2937 παμϐασιλέως

309 2955 693 3028 ἀναισχυντίαν
752 2960 838 3014 τὴν
894 2958 1204 3027 πάντολμον,
1272 2960 1361 3006 καὶ
1418 2955 1510 3006 οὐκ
1573 2958 1646 3005 ἔτι
1710 2953 1913 3024 λέγεται

843 3043 1088 3102 Ἐκϐἐὲλη
1098 3065 1182 3096 ται
1299 3048 1397 3117 γὰρ

306 3143 569 3209 Χριστοῦ,
620 3141 710 3188 καὶ
752 3143 824 3205 τῷ
883 3135 1053 3206 οἰκείῳ
1106 3136 1292 3207 αῖματι
1339 3138 1425 3186 τόν
1482 3138 1678 3205 κόσμον
1734 3131 1913 3201 ἐξαγο-
1946 3162 1984 3215 C

306 3047 708 3118 κοσμοκράτωρ.
843 3044 1088 3102 Ἐκϐἐϐλη
1098 3065 1182 3096 ται
1299 3048 1397 3117 γὰρ
1535 3044 1913 3114 στανρωθέντος

304 3227 588 3299 ράσαντος.
668 3230 767 3276 Καὶ
833 3225 858 3275 6
938 3222 1205 3297 ἀγοράσας
1286 3222 1738 3295 εὐαγγελιζόμενος
1804 3226 1914 3281 τοῖς

305 3313 491 3367 ἐαυτοῦ
556 3312 716 3386 φίλοις
772 3315 885 3385 ῗφη.
967 3309 1156 3371 Ἐδόθη
1225 3333 1314 3385 μοι
1380 3318 1528 3363 πᾶσα
1592 3311 1803 3373 ἐξουσία
1865 3307 1911 3360 ἐν

304 3404 510 3478 οὐρανῷ
563 3408 653 3455 καὶ
706 3402 788 3455 ἐπὶ
844 3412 959 3475 γῆς.
1017 3409 1117 3455 Καὶ
1178 3402 1278 3455 ἀπὸ
1346 3399 1501 3455 τοῦδε
1563 3404 1610 3453 οἱ
1658 3408 1909 3472 γηγενεῖς,

302 3496 356 3546 οἱ
397 3496 529 3565 χθές
574 3513 671 3545 που
720 3498 811 3545 καὶ
862 3498 1117 3567 πρότριτα
1167 3492 1221 3544 ἐκ
1269 3513 1367 3564 γης
1418 3492 1489 3551 εἰς
1528 3488 1664 3562 ᾅδην
1694 3511 1914 3562 καταφε-

301 3588 533 3657 ρόμενοι,
592 3592 679 3634 νῦν
746 3586 795 3635 ἓν
861 3583 1099 3656 οὐρανοῖς
1174 3581 1697 3654 πολιτογραφοῦνται·
1784 3584 1912 3631 Arre-

304 3677 503 3746 φήνατο
563 3676 687 3746 γὰρ,
757 3674 825 3734 ὡς
891 3674 1007 3725 Ἐὰν
1077 3673 1270 3743 ὑψωθῶ
1346 3671 1433 3723 ἐπὶ
1500 3678 1591 3723 τοῦ
1659 3678 1909 3743 σταυροῦ,

303 3763 501 3823 πάντας
545 3761 741 3814 ε’λκύσω
772 3766 900 3836 πρός
946 3760 1189 3833 ἐμαυτόν,
1226 3762 1309 3812 ἱνα
1350 3762 1477 3813 ὅπου
1521 3759 1626 3832 εἰμὶ
1672 3757 1791 3830 ἐγὼ,
1826 3762 1915 3809 καὶ

306 3852 463 3905 αὐτοὶ
485 3852 586 3903 ὦσι
611 3852 720 3923 μετ’
748 3849 892 3923 ἕμοῡ.

382 3946 477 4003 Τίς
504 3940 591 3993 οὖν
623 3939 806 4013 ὀφείλει
834 3944 917 3991 τόν
967 3942 1191 4013 σταυρόν
1221 3937 1426 4010 ἀγαπᾷν
1462 3955 1473 4005 ;
1509 3940 1573 3989 Οἱ
1603 3946 1692 3999 τῆς
1733 3957 1913 4009 τυραν-

308 4028 462 4092 νίδος
494 4028 862 4101 ἀπαλλαγέντες
914 4036 1006 4081 τοῦ
1039 4026 1287 4081 διαϐόλου
1321 4036 1382 4100 τῇ
1439 4036 1693 4100 σταυρικῇ
1733 4046 1915 4099 συνερ-

306 4126 457 4193 γεία,
505 4126 594 4172 καὶ
651 4124 776 4191 πρός
825 4118 1038 4192 οὐρανόν
1089 4116 1141 4181 ἐξ
1193 4114 1326 4188 ᾆδον
1369 4114 1769 4189 ἀναδραμόντες,
1828 4120 1917 4167 καὶ

313 4210 596 4282 ἰσαγγέλου
631 4206 791 4272 δόξης
822 4206 1141 4271 ἀξιωθέντες,
1198 4207 1226 4265 ἢ
1258 4208 1282 4258 ό
1316 4204 1558 4268 διάϐολος
1590 4209 1614 4257 ό
1672 4214 1764 4277 τῇς
1795 4225 1916 4278 προ-

307 4306 467 4373 τέρας
490 4300 727 4362 ἐξουσίας
780 4296 1053 4349 ἀποπεσὼν
1096 4294 1188 4348 διά
1216 4304 1307 4349 τοῦ
1359 4304 1607 4364 σταυροῦ,
1640 4301 1729 4347 καὶ
1762 4296 1828 4355 εἰς
1859 4298 1915 4347 τό

308 4389 760 4455 καταπαίζεσθαί,
808 4392 896 4439 καὶ
945 4387 1383 4455 καταπατεῖσθαι,
1445 4387 1557 4436 ὑπό
1590 4393 1686 4436 τῶν
1720 4382 1916 4458 ἀνθρώ-

308 4500 421 4531 πων
476 4478 695 4551 οἰκτρῶς
744 4476 1110 4547 ὑποκείμενος;
1170 4478 1359 4536 Πάν-ες
1416 4474 1464 4526 οἰ
1512 4478 1599 4545 μὲν
1656 4474 1914 4545 ἀνθρωττοι
1950 4511 1991 4565 D

308 4568 512 4622 πολλῶν
568 4565 866 4629 ἀξιωθέντες
914 4575 1012 4617 τῶν
1064 4562 1271 4636 ἀγαθῶν
1314 4560 1406 4615 διὰ
1432 4572 1523 4615 τοῦ
1548 4572 1793 4636 σταυροῦ,
1828 4568 1917 4615 καὶ

1830 4674 1919 4704 και

1846 4741 1919 4795 δι’

310 4838 373 4891 οὗ
426 4846 522 4890 τῶν
555 4834 763 4907 ἀγαθῶν
817 4833 1106 4905 ἕπιγέγονεν
1160 4836 1187 4892 ἡ
1246 4832 1551 4894 απόλαυσιςι
1613 4842 1683 4903 τῷ
1759 4830 1817 4885 δὲ
1862 4852 1921 4903 γε

313 4660 457 4719 ζωὴν
544 4659 769 4729 εὑρόντες
862 4655 1085 4719 αἰώνιον,
1171 4650 1387 4714 δικαίως
1478 4653 1738 4725 ὀφείλουσι

308 4755 623 4821 προσκυνεῖν
721 4750 811 4797 καὶ
896 4744 1232 4805 ἀσπάζεσθαι
1331 4747 1419 4795 τόν
1504 4747 1749 4817 σταυρόν,

311 4925 545 4998 διαϐόλῳ
594 4924 792 4996 ἀνάγκη
857 4932 1029 4997 μισεῖν
1101 4928 1187 4975 τόν
1262 4926 1508 4995 σταυρόν,
1575 4928 1660 4974 καὶ
1722 4925 1920 4994 φεύγειν

304 5020 515 5092 μακρὰν
564 5016 618 5078 ἐξ
647 5016 827 5083 αὐτου,
882 5016 951 5075 ὡς
982 5015 1158 5085 φεύγει
1202 5016 1285 5075 τις
1343 5011 1393 5064 ἐι
1448 5017 1631 5086 πυρός·
1696 5010 1767 5065 δι’
1830 5012 1918 5064 αὑ-

302 5118 401 5163 τοῦ
445 5110 543 5181 γὰρ
589 5108 618 5166 ὴ
674 5104 924 5178 σνντριϐὴ
983 5103 1142 5156 αὐτοῦ
1198 5108 1287 5156 καὶ
1326 5102 1607 5174 ἐκνενρισις
1651 5109 1740 5154 καὶ
1788 5123 1918 5155 παν-

302 5200 455 5259 τελὴς
514 5196 892 5270 ἐξολόθρευσις’
956 5192 1113 5245 Ὀσοι
1192 5200 1317 5264 γοῦν
1386 5196 1471 5245 τόν
1536 5197 1761 5265 σταυρόν
1828 5214 1917 5265 μι-

305 5296 492 5357 σοῦσι,
548 5290 639 5338 καὶ
722 5283 1154 5358 ἀποστρέφονται,
1229 5284 1445 5354 φανερὰν
1533 5284 1730 5335 εὔνοιαν
1793 5282 1919 5335 ἀπο-

304 5376 534 5434 διδόασι
558 5384 630 5446 τῷ
658 5371 909 5446 διαϐόλῳ,
953 5378 1043 5426 καὶ
1076 5377 1259 5426 πιστοὶ
1308 5372 1443 5443 οὐτῷ
1471 5373 1914 5447 χρηματίζοντες,

304 5470 503 5544 ἐχθρόν
576 5466 821 5539 ὸγεῑσθαι
897 5466 981 5517 τόν
1037 5463 1198 5515 αὑτοῦ
1260 5460 1452 5539 ἐχθρόν
1538 5462 1914 5535 ἐποερείλουσιν,

2028 1873 2329 1929 subiturus
2351 1880 2496 1943 erat,
2520 1877 2921 1948 crucitixione,
2948 1882 3157 1933 testem
3182 1878 3298 1933 ﬁde
3313 1877 3565 1947 dignum
3581 1880 3675 1950 ip-

2028 1979 2152 2018 sum
2170 1964 2597 2033 Evangelistam
2615 1965 3571 2037 habemus.Subjungitenimzﬂoc
3584 1982 3675 2023 ve-

2025 2069 2089 2108 ro
2102 2053 2358 2123 dicebat,
2376 2056 2509 2124 sign
2520 2056 2653 2123 iﬂca
2662 2071 2750 2120 ns,
2767 2072 2884 2127 qua
2898 2061 3087 2112 morte
3102 2058 3431 2112 moriturus
3447 2062 3591 2113 esset
3607 2058 3672 2111 '3.

2101 2143 2587 2213 Eumdemigitur
2614 2161 2948 2200 sermonem
2998 2162 3338 2201 resumam:
3386 2146 3677 2216 Nuncju-

2026 2232 2245 2287 dieium
2275 2239 2358 2287 est
2414 2234 2625 2288 mundi
2674 2234 2891 2305 hujus;
2936 2234 3167 2305 judicat
3204 2250 3345 2290 vero
3377 2238 3441 2290 ut
3485 2250 3589 2290 rex
3614 2234 3677 2291 in

2028 2322 2307 2376 thronum
2333 2322 2591 2394 regalem
2612 2326 2802 2378 crucis
2829 2324 3261 2380 conscendens.
3291 2329 3360 2379 At
3380 2324 3677 2396 judicium

2023 2411 2084 2467 in
2115 2412 2271 2467 hanc
2294 2415 2647 2469 sententiam
2671 2414 3041 2485 terminatur,
3075 2419 3138 2470 ut
3166 2413 3446 2487 princeps
3466 2414 3677 2470 mundi

2026 2506 2191 2557 extra
2240 2518 2420 2557 suum
2497 2501 2815 2574 imperium
2874 2504 3163 2575 ejiciatur,
3220 2504 3532 2576 ipsiusque
3575 2503 3676 2560 ad-

2024 2608 2232 2648 versus
2260 2592 2527 2648 homines
2560 2594 2829 2665 tyrannis
2864 2599 2919 2649 et
2951 2594 3236 2651 diuturna
3265 2593 3543 2650 violentia
3572 2610 3676 2650 co-

2004 2680 2318 2763 hibeatur,
2341 2687 2393 2736 et
2417 2685 2710 2753 tyrannus
2733 2682 2987 2754 pedibus
3005 2698 3213 2739 eorum
3232 2683 3334 2755 qui
3362 2682 3677 2754 tyrannide

2024 2770 2540 2842 opprimebantur,
2567 2770 2920 2842 subjiciatur
2940 2776 3183 2844 propter
3205 2776 3458 2828 mortem
3476 2771 3678 2844 inique

2027 2859 2315 2915 Salvatori
2340 2859 2588 2933 illatam,
2620 2865 2677 2915 et
2703 2865 2947 2933 propter
2999 2861 3352 2917 etfrenatam
3378 2860 3544 2917 illam
3569 2861 3678 2917 im-

2022 2948 2376 3021 pudentiam
2411 2932 2468 3003 in
2500 2932 2773 3005 omnium
2808 2932 3023 3019 Regem
3074 2955 3127 3005 et
3160 2950 3505 3014 Dominum,
3534 2956 3591 3005 et
3614 2954 3678 3007 ut

2021 3053 2144 3093 non
2174 3038 2433 3109 amplius
2462 3040 2671 3093 mundi
2694 3039 2974 3112 princeps
3022 3038 3377 3112 appelletur.
3440 3041 3675 3110 Ejectus

2022 3132 2110 3182 est
2131 3129 2289 3183 enim
2315 3127 2541 3183 Christo
2564 3129 2867 3198 cruciﬁxo,
2893 3135 3221 3201 postquam
3268 3130 3512 3201 proprio
3539 3144 3673 3185 san-

2023 3218 2199 3286 guine
2223 3216 2518 3273 mundum
2552 3220 2712 3285 emit,
2743 3218 2969 3291 quique
2994 3218 3292 3274 mundum
3324 3220 3483 3284 emit,
3512 3219 3563 3273 is
3598 3217 3678 3274 ad

2022 3308 2250 3362 amicos
2272 3324 2415 3362 suos
2436 3308 2803 3363 concionans
2824 3307 3001 3363 dixit:
3027 3310 3188 3365 Data
3210 3314 3293 3365 est
3315 3309 3467 3365 mihi
3484 3309 3677 3365 omnis

2018 3404 2277 3466 potestas
2312 3399 2375 3452 in
2398 3399 2544 3454 coelo
2568 3404 2619 3453 et
2648 3398 2709 3453 in
2743 3404 2905 3453 terra
2941 3400 3005 3454 '5.
3037 3401 3103 3454 Et
3132 3414 3205 3455 ex
3238 3399 3352 3454 isto
3382 3402 3675 3470 tempore,

2026 3487 2351 3555 terrigenae,
2384 3487 2486 3558 qui
2514 3487 2641 3542 heri
2670 3491 2727 3543 et
2748 3486 3175 3543 nudiustertius
3223 3487 3302 3543 ad
3329 3487 3551 3543 inferos
3580 3486 3680 3543 de-

2022 3576 2383 3645 ferebantur,
2409 3592 2569 3631 nunc
2603 3580 2893 3648 tanquam
2918 3577 3074 3632 cives
3104 3577 3166 3632 in
3216 3576 3367 3633 coelo
3421 3577 3680 3633 conscri-

2022 3666 2267 3721 buntur.
2287 3665 2547 3720 Asseruit
2567 3666 2726 3720 enim
2754 3682 2765 3720 :
2790 3666 2854 3721 Si
2873 3667 3178 3722 exaltatus
3201 3667 3378 3734 fuero
3398 3668 3458 3723 in
3478 3683 3677 3729 cruce,

2023 3770 2220 3810 omnes
2262 3753 2495 3811 traham
2529 3754 2609 3810 ad
2636 3770 2728 3811 me
2772 3756 2985 3827 ipsum,
3039 3759 3103 3811 ut
3134 3755 3236 3811 ubi
3280 3770 3393 3826 ego
3438 3772 3595 3827 sum,
3624 3759 3683 3812 et

2024 3844 2141 3917 ipsi
2174 3846 2288 3899 sint
2319 3860 2577 3899 mecum.

2097 3936 2205 4001 Qui
2235 3934 2412 4003 igitur
2467 3950 2706 3989 crucem
2755 3934 3053 3990 honorare
3107 3934 3377 3991 debent?
3427 3943 3516 3991 An
3575 3936 3682 4008 qui

2025 4022 2315 4079 beneﬁcio
2344 4023 2531 4078 crucis
2555 4039 2626 4079 ex
2666 4023 2893 4079 diaboli
2922 4024 3239 4095 tyrannide
3277 4025 3485 4096 erepti,
3518 4030 3575 4081 et
3601 4025 3683 4081 ad

2026 4113 2243 4169 caelum
2285 4113 2491 4184 evecti,
2526 4119 2581 4168 et
2620 4112 2867 4185 aequalis
2896 4129 3032 4168 cum
3058 4114 3288 4183 angelis
3316 4113 3519 4184 gloriae
3551 4130 3684 4186 par—

2028 4203 2234 4275 ticipes
2264 4202 2451 4257 effecti
2484 4206 2657 4265 sunt;
2697 4218 2771 4257 an
2797 4201 3097 4270 diabolus,
3122 4203 3225 4274 qui
3255 4218 3325 4257 cx
3360 4203 3551 4274 priore
3578 4219 3683 4275 po-

2030 4296 2238 4347 testate
2259 4307 2362 4363 per
2393 4308 2629 4347 crucem
2659 4292 2891 4361 excidit,
2919 4294 3144 4364 quique
3184 4308 3344 4348 nunc
3365 4292 3684 4349 hominum

2029 4382 2289 4454 pedibus
2319 4381 2737 4437 miserabiliter
2768 4382 3113 4437 substratus
3163 4387 3269 4450 est,
3329 4387 3395 4437 ut
3441 4382 3520 4437 ab
3572 4382 3684 4438 illis

2030 4470 2287 4526 ludibrio
2342 4470 2547 4526 haberi
2606 4476 2661 4525 et
2732 4471 3071 4526 conculcari
3115 4470 3373 4544 possit?
3426 4471 3686 4527 Universi

2029 4562 2277 4633 quidem
2309 4561 2583 4616 homines
2617 4560 2815 4616 multis
2849 4561 3041 4616 affecti
3073 4566 3129 4617 et
3164 4560 3321 4616 aucti
3352 4560 3685 4617 commodi-

2032 4650 2254 4707 tatibus
2294 4667 2402 4723 per
2453 4666 2715 4719 crucem,
2756 4650 3059 4724 vitamque
3114 4655 3398 4707 aeternam
3458 4650 3683 4723 adepti,

2031 4743 2241 4799 merito
2272 4742 2494 4798 debent
2524 4745 2580 4797 et
2617 4741 2870 4797 adorare
2901 4746 2958 4796 et
3012 4740 3270 4797 osculari
3323 4756 3582 4811 erucem,
3612 4756 3688 4797 ex

2029 4849 2150 4904 qua
2172 4837 2333 4888 tanta
2354 4832 2655 4887 bonorum
2673 4831 2848 4903 copia
2870 4830 2946 4886 ad
2971 4829 3101 4886 illos
3134 4830 3428 4886 manavit.
3450 4833 3521 4886 At
3544 4846 3687 4887 vero

2029 4921 2307 4977 diabolus
2337 4936 2579 4977 necesse
2609 4921 2808 4981 habet.
2844 4924 2907 4974 ut
2937 4934 3176 4975 crucem
3226 4919 3435 4989 oderit,
3470 4924 3523 4973 et
3554 4935 3689 4992 pro-

2031 5011 2125 5066 cui
2147 5012 2225 5066 ab
2249 5012 2382 5083 ipsa
2399 5010 2688 5079 aufugiat,
2740 5010 2893 5064 sicut
2912 5010 3015 5081 qui
3035 5025 3101 5065 ex
3126 5008 3261 5078 igne
3288 5008 3557 5078 aufugit;
3584 5024 3690 5081 per

2030 5102 2223 5173 ipsam
2252 5102 2409 5157 enim
2439 5101 2748 5169 contritus,
2805 5104 2861 5155 et
2913 5105 3256 5167 enervatus,
3308 5105 3365 5156 et
3422 5100 3690 5156 funditus

2029 5209 2274 5247 eversus
2306 5197 2413 5248 est.
2449 5191 2801 5263 Quicunque
2824 5190 3003 5259 igitur
3052 5206 3293 5245 crucem
3346 5189 3607 5246 oderunt
3635 5194 3693 5247 et

2029 5286 2400 5347 aversantur,
2428 5280 2743 5336 manifesta
2766 5296 2888 5335 suze
2920 5295 3063 5349 erga
3088 5279 3401 5335 diabolum
3434 5278 3693 5337 benevo-

2028 5373 2221 5429 lentia:
2275 5372 2641 5428 documenta
2696 5370 2921 5437 edunt;
2953 5378 3009 5426 et
3062 5375 3123 5425 ut
3154 5369 3206 5425 ei
3258 5369 3466 5426 fideles
3495 5373 3554 5425 et
3582 5369 3692 5425 ob-

2028 5463 2211 5532 noxii,
2235 5463 2297 5519 id
2326 5461 2492 5535 quod
2518 5462 2569 5517 ei
2590 5461 2902 5518 inimicum
2920 5464 3029 5526 est,
3059 5460 3282 5516 inimici
3307 5459 3440 5516 loco
3464 5458 3684 5516 ducere

384 5650 431 5683 η
461 5646 572 5706 Job
601 5648 679 5711 i'u,
707 5648 756 5701 t.
791 5645 861 5681 “‘
891 5642 1065 5703 Joan.
1098 5658 1197 5714 xu,
1224 5646 1310 5707 32,
1341 5645 1430 5701 32.
1461 5644 1504 5679 ’⁵
1538 5642 1685 5701 lbid.
1720 5648 1806 5701 33.
1845 5645 1888 5681 ¹⁶
1919 5642 2129 5703 Matth.
2163 5658 2357 5713 xxvm,
2400 5644 2489 5697 18.
