4468 6450
788 401 893 455 635

1938 401 2252 458 GERMANI
2287 401 2336 456 ll
2371 400 2478 457 GP.
2518 400 2993 459 PA'I‘BIABCHE

4037 400 4133 456 636

786 520 1008 578 debent
1035 539 1049 590 ;
1076 522 1591 595 quemadmodum
1613 525 1875 581 vicissim
1917 541 2121 582 amare
2169 523 2230 579 id
2258 521 2426 595 quod
2454 527 2502 580 Α
2541 546 2550 573 ε

2375 521 2502 580 tdA
2541 525 2713 599 ὥσπερ
2779 527 2926 586 αὖθις
2991 522 3149 598 φιλεῖν
3222 528 3340 584 τούς
3423 523 3595 596 φίλους
3655 523 3832 577 αὐτοῦ.
3901 524 4139 576 ’Δκολού-

784 609 913 681 ipse
940 615 1126 667 amat.
1158 613 1567 667 Consentanee
1596 613 1775 682 igitur
1798 618 1856 669 et
1886 612 2308 668 convenienter
2344 611 2429 666 af-

784 695 1172 752 fectionisum
1202 712 1346 766 erga
1404 698 1737 766 diabolum,
1789 706 1846 756 et
1897 699 2180 755 inviolato
2226 697 2434 754 foederi

783 785 1186 850 conformiter,
1214 785 1521 843 aﬂirmant
1543 789 1854 857 Bogomili,
1889 789 2162 860 iniquum
2194 803 2323 843 esse
2373 789 2437 841 ut

781 872 1037 941 lignum,
1063 873 1267 946 inquo
1319 880 1488 946 pater
1544 877 1799 948 alicujus
1846 883 1947 933 aut
1978 877 2207 932 amicus
2255 876 2433 932 inter-

783 961 971 1017 fectus
993 962 1085 1026 sit,
1110 962 1367 1019 adorent
1397 964 1502 1019 ﬁlii
1541 971 1644 1022 aut
1674 967 1853 1022 amici
1901 969 2048 1037 ejus.
2104 968 2246 1021 Ecce
2273 965 2433 1021 enim

784 1054 954 1122 pater
980 1049 1218 1106 illorum
1253 1050 1534 1108 diabolus
1575 1054 1805 1110 inﬁnita
1852 1054 2015 1110 mala
2041 1071 2148 1126 per
2194 1068 2434 1109 crucem

784 1152 999 1208 passus
1021 1143 1129 1208 est,
1156 1139 1310 1194 sicut
1330 1141 1726 1208 ostendimus,
1753 1148 1810 1198 et
1830 1150 2148 1216 propterea
2195 1157 2433 1197 crucem

783 1225 1040 1282 oderunt
1062 1229 1247 1299 patris
1279 1229 1371 1283 sui
1419 1230 1870 1286 interfectricem
1929 1237 1984 1287 et
2032 1231 2428 1303 perditricem.

780 1314 1054 1370 Salvator
1098 1318 1258 1372 enim
1290 1318 1502 1372 mundi
1557 1319 1843 1381 Christus,
1893 1320 2026 1374 licet
2057 1325 2271 1390 sponte
2319 1335 2433 1372 sua

783 1403 943 1457 cruci
974 1405 1045 1459 sit
1076 1403 1346 1464 sufﬁxus.
1379 1411 1435 1461 et
1477 1408 1914 1463 sanctissimam
1962 1424 2135 1462 suam
2165 1408 2430 1461 animam

781 1490 841 1546 in
862 1496 1144 1561 paternas
1175 1509 1390 1548 manus
1428 1494 1621 1549 libens
1678 1495 2006 1568 volensque
2067 1495 2427 1566 deposuerit,

782 1583 1045 1637 attamen
1066 1583 1267 1638 denuo
1289 1584 1567 1639 eamdem
1593 1586 1836 1657 propria
1862 1591 2149 1657 potestate
2177 1591 2230 1640 et
2259 1584 2430 1639 liber-

781 1673 897 1724 tate
918 1672 1260 1742 resumpsit,
1289 1672 1460 1742 juxta
1521 1675 1900 1729 verissimum
1944 1674 2088 1729 illud
2145 1675 2274 1744 ejus
2301 1689 2430 1728 ora-

754 1756 982 1813 culum
1013 1776 1024 1813 :
1051 1760 1408 1816 Potestatem
1433 1762 1618 1818 habeo
1639 1763 1906 1830 ponendi
1934 1764 2194 1818 animam
2216 1776 2426 1817 meam.

2543 614 2644 672 θως
2687 615 2774 666 οὖν
2820 620 2907 667 καὶ
2961 611 3224 689 ἁρμοδίως
3276 620 3338 684 τῇ
3379 614 3510 684 πρὸς
3547 615 3632 662 τὸν
3687 607 3928 663 διάϐολον
3956 608 4136 662 διαθέο

2545 720 2624 753 σει
2676 702 2843 754 αὐτῶν
2899 709 2990 755 καὶ
3044 708 3220 755 πίστει
3286 697 3678 775 ἆπαρασπόνδῳ
3738 702 3787 752 οἱ
3868 698 4138 770 Βογόμιλοι

2541 789 2779 860 λέγουσιν
2823 794 2903 842 ὅτι
2958 789 3145 844 ἄδικόν
3176 790 3292 842 ἐστι
3321 793 3378 841 τό
3411 789 3558 852 ξύλον
3613 787 3660 840 έν
3720 789 3760 859 ᾧ
3789 793 3962 860 πατὴρ
4005 806 4138 846 τινος

2545 878 2572 936 ἦ
2633 879 2771 949 φίλος
2828 879 3123 937 ἐθανατώθη
3180 879 3592 950 προσκυνεῖσθαι
3655 878 3753 928 ύπό
3801 885 3900 928 τῶν
3953 880 4136 928 τέκνων

2543 966 2572 1024 ἦ
2629 976 2727 1018 τῶν
2781 967 2936 1040 φίλων
2993 969 3174 1020 αὐτοῦ.
3227 964 3367 1020 ἰδού
3418 968 3519 1040 γὰρ
3577 970 3668 1018 καὶ
3698 967 3724 1016 6
3771 969 3939 1036 πατὴρ
3971 963 4138 1015 αὐτῶν

2541 1059 2631 1106 καὶ
2672 1055 2809 1127 φίλος
2859 1053 3102 1118 διάϐολος
3167 1060 3334 1128 μυρία
3400 1051 3544 1107 δεινὰ
3615 1055 3834 1106 πέπονθε
3895 1049 3988 1104 διὰ
4046 1058 4139 1103 τοῦ

2544 1152 2794 1216 σταυροῦ,
2849 1146 3018 1205 καθὼς
3083 1140 3445 1214 ἀπεδείξαμεν,
3503 1146 3594 1193 καὶ
3663 1138 3759 1193 διὰ
3820 1148 3988 1191 ταῦτα
4051 1142 4139 1190 τὸν

2544 1235 2767 1305 σταυρόν
2816 1240 3058 1304 μισοῦσι,
3110 1237 3195 1284 τὸν
3247 1239 3339 1283 τοῦ
3406 1234 3601 1304 πατρὸς
3649 1230 3816 1280 αύτῶν
3871 1227 4140 1301 ἁναιρέτην

2539 1324 2628 1370 καὶ
2691 1319 3018 1395 ὀλοθρευτήν,
3083 1321 3143 1372 Ὀ
3205 1323 3306 1394 γὰρ
3363 1324 3540 1392 Σωτὴρ
3591 1325 3682 1370 τοῦ
3747 1322 3947 1389 κόσμου
4010 1324 4138 1390 Χρι-

2541 1412 2677 1469 στός,
2728 1409 2772 1460 εἰ
2827 1414 2917 1461 καὶ
2976 1414 3225 1469 εκουσίως
3273 1417 3345 1479 τῷ
3399 1414 3609 1480 σταυρῷ
3662 1409 3994 1480 προσεπάγη,
4047 1409 4138 1454 xui

2539 1500 2632 1551 τὴν
2686 1498 2972 1569 ύπεραγίαν
3022 1497 3209 1567 ψυχὴν
3260 1496 3326 1555 εἰς
3391 1502 3574 1567 χεῖρας
3641 1494 3988 1556 αὐτεξουσίως
4047 1494 4139 1552 τὰς

2539 1590 2794 1658 πατρικὰς
2863 1585 3153 1642 ἐναπέθετο,
3231 1583 3357 1636 ἀλλὰ
3424 1583 3574 1636 πάλιν
3650 1583 3812 1641 αὐτὴν
3892 1581 4137 1644 αὐτεξου-

2541 1675 2665 1732 σίως
2736 1672 3080 1745 προσελάϐετο
3155 1675 3286 1724 κατὰ
3350 1677 3444 1729 τὴν
3511 1667 3909 1741 ἁψευδεστάτην
3977 1669 4137 1719 αύτοῦ

2537 1762 2848 1834 πρόρρησιν,
2915 1767 3020 1820 Τὴν
3103 1761 3341 1824 ἓξουσίαν
3429 1764 3537 1832 ἔχω
3621 1765 3716 1818 τὴν
3776 1760 3961 1831 ψυχήν
4035 1777 4136 1830 μου

779 1850 1188 1915 etpotestatem
1205 1848 1391 1904 habeo
1408 1850 2134 1920 iterumsumendieam”,
2154 1865 2428 1922 morsque
2460 1862 2498 1914 Β
2541 1865 2543 1891 ι

2369 1862 2498 1914 JeB
2541 1850 2719 1920 Θεῖναι,
2787 1857 2876 1902 xui
2951 1850 3189 1913 ἐξουσίαν
3264 1853 3374 1922 ἔχω
3448 1850 3599 1901 πάλιν
3673 1852 3868 1905 ταύτην
3942 1846 4133 1912 λαϐεῖν,

777 1935 959 2007 hujus
987 1935 1332 1992 hominibus
1363 1938 1496 1994 vitae
1525 1946 1761 1994 aaternaa
1794 1955 1979 1995 causa
2008 1940 2246 1995 exstitit.

850 2116 992 2170 Vere
1015 2115 1263 2172 verbum
1280 2117 1470 2173 crucis
1489 2118 1880 2185 pereuntibus
1899 2117 2143 2189 quidem
2167 2118 2428 2173 stultitia

778 2209 884 2267 est,
918 2203 1094 2259 nobis
1124 2221 1286 2271 vero,
1321 2207 1425 2279 qui
1476 2206 1805 2271 salvamur,
1861 2208 1970 2262 Dei
2010 2209 2200 2262 virtus
2244 2213 2326 2262 est
2358 2207 2422 2255 '3.

779 2291 932 2357 Quid
962 2292 1139 2361 igitur
1169 2294 1273 2349 tibi
1302 2295 1555 2364 videtur,
1585 2296 1778 2351 amice
1807 2295 2032 2351 diaboli
2086 2295 2428 2364 Bogomile?

775 2385 865 2436 An
895 2382 1177 2454 Apostolo
1206 2384 1748 2456 obtemperandum
1776 2391 1864 2441 est
1904 2385 2271 2441 asseveranti
2292 2400 2425 2440 cru-

776 2483 905 2524 cem
938 2485 1066 2525 esse
1117 2470 1393 2528 virtutem
1429 2474 1544 2542 Dei,
1606 2489 1686 2528 an
1732 2474 1837 2529 tibi
1889 2473 2118 2544 perdito
2144 2479 2198 2529 et
2230 2472 2426 2545 proﬂi-

777 2563 939 2628 gato,
967 2559 1071 2631 qui
1099 2576 1337 2616 crucem
1380 2562 1687 2617 stultitiam
1720 2563 2043 2618 nominas?
2090 2564 2146 2617 Si
2201 2578 2337 2616 vero
2366 2566 2424 2615 tu

775 2645 1017 2704 diabolo
1029 2664 1152 2704 rem
1173 2657 1403 2719 gratam
1427 2651 1672 2716 faciens,
1698 2667 2012 2723 nunquam
2037 2667 2258 2712 cessas,
2278 2651 2424 2722 quin

776 2749 1014 2791 crucem
1055 2753 1229 2793 voces
1256 2738 1588 2805 stultitiam,
1612 2745 1671 2794 at
1701 2754 1812 2810 ego
1837 2739 2052 2794 iterum
2091 2738 2342 2793 ﬁdenter
2372 2745 2428 2792 et

776 2824 1062 2880 audacter
1092 2825 1207 2887 aio.
1253 2829 1438 2882 Deum
1494 2843 1630 2898 quae
1652 2829 1840 2883 stulta
1886 2834 2028 2882 sunt
2079 2827 2293 2883 mundi
2317 2827 2428 2882 ele-

773 2913 986 2984 gisse"
1008 2920 1078 2969 .et
1090 2916 1408 2972 animalem
1426 2915 1721 2972 hominem
1737 2932 1856 2972 non
1879 2919 2189 2985 percipere
2211 2931 2280 2972 ea
2293 2929 2428 2986 qua:

772 3009 913 3058 sunt
938 3003 1199 3073 Spiritus
1228 3006 1298 3062 ²⁰.
1329 3006 1385 3062 Si
1413 3021 1552 3061 vero
1584 3011 1668 3070 tu,
1691 3005 1916 3062 diaboli
1945 3005 2296 3078 discipulus,
2327 3005 2424 3059 de-

775 3091 959 3147 decus
988 3107 1120 3148 esse
1143 3093 1448 3151 arbitraris
1471 3111 1729 3164 crucem,
1764 3096 1868 3150 sed
1918 3096 2203 3165 magister
2233 3109 2423 3160 meus,

2537 1937 2719 2008 λέγων,
2795 1944 2885 1990 καὶ
2944 1941 2968 1990 6
3034 1941 3262 2000 θάνατος’
3310 1941 3496 1990 τούτου
3564 1939 3701 1998 ζωῆς
3757 1936 3966 1988 αῖωνίου
4031 1943 4139 1997 τοῖς

2539 2024 2828 2094 ἀνθρώποις
2853 2033 3026 2098 γέγονε
3056 2027 3317 2102 πρόξενος.

2607 2114 2797 2176 ”Οντως
2841 2117 2866 2166 6
2915 2116 3061 2186 λόγος
3108 2124 3198 2167 τοῦ
3247 2123 3479 2187 σταυροῦ
3533 2122 3643 2176 τοῖς
3697 2117 3788 2187 μὲν
3846 2113 4138 2185 ἀπολλυμέ-

2537 2223 2644 2264 νοις
2692 2225 2865 2278 μωρια
2907 2204 3040 2269 ἐστὶ,
3091 2212 3200 2266 τοίς
3247 2201 3304 2256 δε
3368 2209 3678 2276 σωζομένοις
3740 2205 3864 2275 ἡμῖν
3919 2198 4141 2273 δύναμις

2539 2300 2671 2344 Θεοῦ
2704 2291 2868 2348 ἐστιν,
2899 2298 2961 2345 Τί
3005 2293 3092 2344 οὖν
3125 2312 3209 2345 σοι
3240 2289 3403 2359 δοκεῖ,
3453 2292 3562 2364 φίλε
3607 2301 3678 2362 τῷ
3711 2288 3939 2361 διαϐόλῳ
3973 2294 4136 2360 Βογό-

2537 2380 2652 2452 μιλε
2681 2398 2693 2446 ;
2725 2389 2808 2452 Τῷ
2842 2381 3142 2453 Ἀποστόλῳ
3194 2385 3302 2454 χρὴ
3360 2383 3635 2433 πείθεσθαι
3687 2389 3761 2451 τῷ
3812 2380 4012 2450 λέγοντι
4059 2380 4139 2429 ὃτι

2539 2467 2763 2542 δύναμις
2802 2477 2935 2523 Θεοῦ
2967 2470 3107 2523 ἐστιν
3159 2474 3183 2522 ό
3217 2475 3462 2543 σταυρὸς,
3495 2473 3524 2529 ἣ
3578 2476 3661 2523 σοὶ
3712 2479 3782 2541 τῷ
3811 2468 4139 2540 ἀπολλυμένῳ

2536 2565 2736 2632 μωρίαν
2784 2564 2871 2611 τόν
2916 2565 3140 2632 σταυρόν
3194 2560 3544 2630 ὀνομάζοντι;
3599 2559 3659 2611 Εἰ
3708 2555 3766 2611 δὲ
3799 2562 3864 2610 σὺ
3912 2565 3984 2627 τῷ
4013 2553 4138 2608 δια-

2537 2648 2670 2700 ϐόλω
2748 2653 3235 2721 καταχαριζόμενος
3279 2649 3336 2700 ού
3402 2652 3541 2721 παύῃ
3611 2652 3810 2720 μωρίαν
3869 2645 4138 2698 ἀποκαλῶν

2535 2741 2622 2788 τὸν
2677 2741 2924 2811 σταυρόν,
2976 2736 3082 2788 ἀλλ’
3133 2736 3232 2808 ἐγὼ
3281 2744 3370 2789 xui
3425 2737 3578 2789 πάλιν
3625 2735 3722 2809 ἐρῶ
3763 2739 3890 2807 μετὰ
3919 2733 4141 2808 θάρρους

2537 2829 2632 2878 ὅτι·
2684 2829 2760 2878 Τὰ
2807 2829 2960 2899 μωρὰ
3001 2834 3092 2878 τοῦ
3142 2832 3345 2898 κόσμου
3392 2825 3648 2888 ἑξελέλατο
3681 2827 3705 2876 ὁ
3737 2829 3890 2892 Θεὸς,
3941 2829 4030 2874 xui
4061 2824 4140 2874 ὅτι

2535 2915 2772 2986 ψυχικὸς
2848 2917 3119 2989 ἄνθρωπος
3193 2915 3250 2966 ού
3329 2912 3543 2986 δέχεται
3616 2917 3683 2966 τὰ
3743 2921 3833 2966 τοῦ
3911 2915 4142 2984 Πνεύμα-

2538 3024 2638 3064 τος·
2695 3009 2868 3078 μωρία
2923 3007 3025 3079 γὰρ
3096 3005 3233 3074 αύτῷ
3302 3004 3466 3061 ἐστιν.
3516 3005 3576 3057 Εἰ
3633 3000 3692 3056 δε
3748 3008 3838 3057 καὶ
3893 2999 4140 3054 διαϐόλου

2540 3098 2605 3145 σύ
2655 3096 2898 3165 μαθητὴς
2947 3094 3210 3165 αἰσχύνην
3238 3096 3339 3166 ἡγῇ
3373 3097 3459 3145 τὸν
3494 3097 3739 3168 σταυρὸν,
3791 3091 3900 3144 ἀλλ’
3932 3092 3956 3142 ὀ
3984 3087 4144 3143 διδά-

772 3181 928 3237 Mihi
943 3182 1118 3250 absit,
1139 3184 1351 3254 inquit.
1382 3185 1446 3240 in
1467 3187 1591 3241 alio
1620 3201 1921 3256 quopiam,
1951 3201 2087 3258 quin
2108 3185 2164 3239 in
2196 3182 2426 3237 mundo
2458 3211 2498 3267 Ο

2379 3185 2426 3237 ιο
2458 3211 2498 3267 C
2540 3182 2730 3244 σκαλος
2777 3185 2802 3234 6
2834 3182 2974 3255 ἐμὸς,
3030 3188 3113 3240 Μή
3177 3203 3266 3255 μοι
3322 3187 3540 3253 γένοιτο,
3593 3181 3748 3252 λέγει,
3781 3180 3829 3233 έν
3876 3180 4011 3252 ἄλλῳ
4041 3185 4143 3231 τινὶ

774 3269 1036 3343 gloriosa
1064 3276 1120 3326 et
1138 3271 1452 3344 splendida
1481 3281 1819 3340 censentur,
1848 3274 2126 3344 gloriari,
2154 3287 2335 3344 quam
2363 3273 2427 3326 in

773 3374 952 3415 cruce
967 3359 1278 3416 Christi".
1306 3363 1455 3428 Quid
1483 3367 1648 3419 Petro
1671 3364 1926 3425 firmius,
1950 3362 2044 3418 cui
2076 3379 2271 3434 neque
2295 3377 2428 3415 san-

774 3448 926 3518 guis,
980 3464 1175 3520 neque
1234 3466 1374 3506 caro
1419 3451 1623 3507 Filium
1685 3453 1779 3506 Dei
1833 3452 2136 3519 revelavit,
2171 3450 2277 3506 sed
2301 3450 2426 3521 ipse

774 3534 938 3590 solus
969 3537 1155 3600 Pater,
1183 3543 1237 3593 et
1269 3538 1430 3593 solus
1481 3542 1825 3609 ingenitus?
1857 3540 2252 3595 Nihilominus
2287 3553 2426 3593 cum

772 3625 824 3679 ei
856 3625 1057 3680 adhuc
1089 3628 1392 3698 passionis
1414 3631 1762 3700 mysterium
1796 3631 2068 3699 ignotum
2095 3637 2151 3684 et
2173 3630 2428 3686 abscon-

771 3715 964 3770 ditum
986 3721 1650 3791 esset,magistrumque
1669 3720 1745 3774 ad
1760 3720 1953 3774 crucis
1966 3719 2301 3790 patibulum
2317 3718 2426 3772 fes~

772 3804 1061 3860 tinantem
1109 3804 1477 3874 intelligeret,
1524 3814 1776 3863 conatus
1805 3809 2052 3880 quidem
2085 3814 2194 3875 est,
2226 3814 2426 3863 tenero

771 3892 1039 3964 quodam
1063 3894 1285 3948 amoris
1303 3895 1538 3965 affectu,
1565 3912 1806 3952 cursum
1831 3897 1999 3951 illum
2017 3901 2074 3951 et
2105 3897 2427 3952 festinatio-

771 3996 911 4037 nem
941 3981 1277 4054 prohibere,
1313 3983 1599 4056 illudque,
1632 3985 1935 4055 Propitius
1976 3993 2096 4042 esto
2149 3986 2274 4051 tibi,
2313 3988 2427 4041 Do-

769 4073 945 4141 mine,
971 4086 1090 4126 non
1113 4073 1223 4128 erit
1249 4072 1358 4128 hoc
1380 4074 1487 4128 tibi
1505 4076 1574 4140 ²²,
1600 4076 2127 4131 commiseratione
2157 4075 2426 4147 quadam

770 4157 987 4214 ductus
1020 4161 1283 4231 protulit,
1315 4162 1418 4216 sed
1447 4170 1654 4218 contra
1685 4165 1870 4218 audiit
1897 4181 2036 4218 cum
2082 4163 2249 4234 gravi
2279 4163 2430 4218 indi-

771 4249 1053 4318 gnatione
1083 4249 1263 4305 illud:
1301 4251 1456 4307 Vade
1482 4260 1613 4320 post
1653 4269 1762 4320 me,
1796 4255 2047 4317 Satana,
2073 4253 2427 4308 scandalum

769 4337 924 4392 mihi
938 4353 1015 4402 es,
1039 4343 1181 4409 quia
1199 4355 1317 4395 non
1335 4343 1496 4410 sapis
1513 4357 1601 4408 ea,
1621 4358 1756 4413 quae
1769 4343 1876 4397 Dei
1883 4349 2040 4405 sunt,
2060 4343 2164 4397 sed
2183 4338 2427 4413 δαίμων

771 4424 1078 4483 hominum
1109 4429 1176 4482 ³³.
1199 4430 1242 4485 Ο
1270 4430 1627 4485 miraculum
1661 4431 1873 4500 ingens
1898 4431 1910 4487 Ξ
1935 4433 2203 4487 Satanas
2227 4431 2428 4504 appel-

768 4514 925 4570 latur
989 4533 1251 4586 magnus
1338 4522 1538 4574 Petrus
1591 4520 1754 4592 quod
1833 4537 2069 4575 crucem
2122 4521 2404 4576 detrectet

766 4621 954 4677 quam
989 4612 1049 4660 ut
1074 4607 1465 4663 commodum
1497 4611 1597 4664 toti
1632 4609 1861 4664 mundo
1882 4609 2060 4679 longe
2084 4609 2425 4665 fructuosis-

767 4693 988 4748 simum
1046 4694 1309 4750 Christus
1357 4699 1617 4768 arripere
1665 4699 1989 4766 cogitabat,
2041 4706 2096 4754 et
2147 4707 2209 4755 ut
2255 4706 2426 4771 petra

766 4781 1035 4838 scandali
1063 4790 1120 4838 et
1147 4783 1301 4857 lapis
1329 4785 1680 4842 offensionis
1710 4794 1864 4842 retro
1907 4787 2185 4858 abjicitur
2215 4788 2424 4844 infrac-

765 4876 894 4927 tum
919 4871 1064 4927 illud
1103 4873 1375 4931 Ecclesiae
1420 4875 1926 4942 fundamentum;
1959 4893 2081 4949 quo
2132 4879 2426 4950 supplicio

764 4977 886 5017 non
915 4962 1029 5018 eris
1060 4962 1302 5033 dignus,
1334 4964 1437 5037 qui
1489 4964 1904 5037 blasphemias
1947 4975 2156 5022 contra
2186 4983 2426 5022 crucem

763 5049 981 5106 clatras
1003 5057 1061 5107 et
1084 5053 1436 5109 cruciﬁxum
1459 5070 1714 5110 accusas
1737 5055 1764 5110 ?
1789 5060 1846 5109 In
1871 5055 2056 5111 vitam
2083 5055 2244 5111 enim
2267 5072 2427 5111 com-

765 5139 1100 5196 minisceris
1129 5143 1603 5211 crucifixionem,
1633 5157 1689 5198 et
1726 5160 1846 5200 non
1903 5144 2086 5199 modo
2119 5161 2237 5199 non
2272 5144 2428 5199 fruc-

763 5232 1003 5284 tuosam
1025 5236 1080 5285 et
1113 5230 1582 5298 conducibilem,
1611 5232 1711 5286 sed
1737 5238 1794 5287 et
1819 5233 1926 5302 ipsi
1951 5233 2238 5287 cruciﬁxo
2264 5233 2431 5288 dam-

763 5333 1002 5386 nosam,
1022 5320 1421 5392 ipsosquequi
1445 5320 1740 5376 Christum
1763 5321 2432 5393 crucifixerunt,poten-

760 5410 942 5488 tiores
972 5409 1258 5465 crucifixo
1290 5412 1521 5481 statuis,
1581 5416 1868 5483 tanquam
1902 5411 2005 5483 qui
2043 5410 2342 5466 nolentem
2376 5415 2435 5468 et

760 5501 1150 5558 reluctantem
1179 5500 1258 5557 ad
1283 5517 1523 5558 crucem
1557 5503 1886 5574 rapuerint.

2411 4565 2424 4588 ’
2460 4569 2501 4622 Ι)

2536 3280 2635 3322 τῶν
2689 3275 2825 3323 κατὰ
2879 3276 3076 3344 κόσμον
3129 3269 3348 3334 ένδόξων
3410 3273 3723 3342 καυχᾶσθαι
3777 3271 3819 3322 εἰ
3877 3275 3948 3341 μὴ
3993 3268 4141 3338 ἓντῷ

2539 3369 2748 3432 σταυρῷ
2791 3369 2880 3412 τοῦ
2936 3368 3171 3435 Χριστοῦ
3205 3403 3220 3418 .
3277 3366 3340 3412 Ti
3396 3368 3487 3412 τοῦ
3546 3364 3742 3432 Πέτροῦ
3787 3357 4137 3432 στερρότερον,

2537 3449 2681 3519 ᾧτινι
2719 3449 2812 3499 οὐκ
2853 3446 2984 3520 αἷμα
3031 3445 3156 3500 ούὸε
3189 3448 3321 3522 σὰρξ
3353 3453 3440 3500 τὸν
3487 3450 3604 3500 Υὶὸν
3637 3446 3984 3517 ἀπεκάλυψεν,
4031 3445 4140 3497 ἀλλ’

2537 3537 2689 3597 αύτὸς
2740 3539 2765 3589 6
2809 3543 2962 3609 μόνος
3014 3542 3211 3609 Πατὴρ,
3263 3543 3352 3588 καὶ
3400 3542 3551 3609 μόνος
3606 3536 3914 3608 ἀγέννητος;
3959 3534 4139 3606 Ὀμως

2536 3625 2738 3696 ἐπείπερ
2788 3629 2860 3677 ἔτι
2918 3625 3367 3699 ἀποκεκρυμμένον
3401 3622 3460 3682 ἦν
3500 3625 3640 3695 αύτῷ
3679 3629 3737 3676 τό
3796 3631 3888 3675 τοῦ
3945 3624 4140 3682 πάθους

2535 3720 2825 3786 μυστήριον
2864 3719 2954 3766 xui
2993 3717 3118 3788 πρὸς
3154 3718 3241 3765 τόν
3277 3719 3499 3788 σταυρόν
3531 3709 3916 3765 ἐπισπεύδοντα
3942 3715 4026 3763 τὸν
4049 3708 4139 3762 δι-

2538 3801 2803 3855 δάσκαλον
2851 3809 3100 3870 κατενόει,
3161 3803 3405 3874 ἐπειράθη
3455 3807 3545 3874 μὲν
3603 3802 3922 3874 φιλοστόργῳ
3982 3797 4142 3858 δῆθε-ν

2536 3889 2771 3945 διαθέσει
2824 3900 2918 3953 τῆς
2969 3893 3131 3965 ὁρμῆς
3194 3890 3428 3943 κωλυσαι
3493 3896 3582 3942 xui
3615 3898 3705 3950 τῆς
3736 3889 3988 3952 ἐπείξεως,
4027 3894 4142 3949 καὶ,

2533 3982 2706 4042 Ἰλέως
2764 3987 2866 4046 σοι,
2923 3989 3098 4053 Κυριε,
3149 3982 3207 4033 ού
3261 3986 3332 4053 μὴ
3401 3985 3548 4034 ἔσται
3618 4000 3700 4032 σοι
3767 3987 3937 4041 τοῦτο,
4000 3998 4142 4050 συμ-

2535 4073 2714 4130 παθὼς
2771 4069 3140 4143 ἁπεφθέγγετο.
3201 4071 3516 4128 Ἀντήκουσε
3581 4067 3640 4122 δὲ
3704 4089 3814 4142 μετ,
3886 4067 4144 4141 ἑμϐριμὰ-

3218 4159 3414 4230 ’Υπαγε
3477 4160 3648 4212 ὀπίσω
3727 4179 3849 4231 μου,
3919 4163 4140 4210 Σατανᾶ.

3619 4253 3814 4323 φρονεῖς
3913 4250 3978 4299 τὰ
4051 4254 4144 4298 τοῦ

3655 4345 3758 4390 Τοῦ
3824 4339 4084 4409 θαύματος
4127 4335 4140 4389 ε

2539 4181 2666 4223 σεως
2728 4163 2808 4212 ὅτι
2873 4157 3129 4234 σφοδρᾶς,

2538 4247 2830 4303 Σκάνδαλόν
2905 4269 2995 4321 μοι
3092 4248 3359 4320 ἐγενήθης⁸
3457 4249 3516 4301 ού

2537 4346 2684 4404 Θεοῦ,
2744 4339 2873 4390 ἀλλὰ
2947 4341 3012 4389 τὰ
3085 4347 3183 4390 τῶν
3266 4337 3571 4412 ἀνθρώπων.

2538 4435 2762 4488 Σατανᾶς
2806 4430 2831 4479 ό
2885 4433 3046 4500 μέγας
3097 4433 3288 4501 Πέτρος
3346 4426 3525 4480 ἀκούει
3579 4423 3673 4480 διὰ
3737 4431 3796 4478 τὸ
3861 4425 4142 4478 ἀπαναίνε-

2539 4521 2662 4570 σθαι
2707 4537 2794 4569 τον
2845 4521 3090 4590 σταυρόν,
3137 4516 3191 4568 ὃν
3241 4520 3304 4577 ὡς
3343 4515 3834 4588 κοσμωφελέστατον
3891 4515 4142 4586 ἁρπάζειν

2536 4607 2708 4665 ἤθελεν
2736 4610 2761 4658 6
2813 4611 3061 4681 Χριστὸς,
3110 4611 3196 4657 καὶ
3228 4609 3296 4666 ὡς
3327 4625 3490 4678 πέτρα
3540 4601 3837 4657 σκανδάλου
3869 4609 3957 4655 καὶ
3999 4603 4144 4663 λίθος

2502 4692 2942 4768 ’προσκόμματος
2998 4695 3167 4747 ὁπισω
3242 4693 3670 4769 εναπορρίπτεται
3746 4693 3974 4768 ἀρραγὴς
4046 4699 4142 4752 τῆς

2540 4785 2848 4845 Ἐκκλησίας
2904 4784 3150 4856 θεμελιος.
3198 4789 3261 4836 Τί
3293 4781 3343 4835 δ’
3374 4784 3433 4834 ἄν
3476 4786 3661 4843 πάθοις
3693 4783 3845 4844 αύτός
3892 4785 3916 4834 6
3967 4780 4142 4854 βλάσ-

2537 4894 2686 4946 φημα
2732 4874 3069 4926 καθυλακτὼν
3117 4882 3210 4924 τοῦ
3270 4874 3520 4948 σταυροῦ,
3591 4878 3680 4925 xui
3737 4876 3822 4924 τὸν
3882 4870 4148 4943 ἐσταυρω-

2537 4968 2684 5036 μένον
2772 4971 3077 5035 κατηγορῶν
3133 4979 3147 5027 ;
3225 4963 3498 5016 Ἀκούσιον
3571 4967 3672 5035 γὴρ
3751 4961 3980 5032 εἰσάγεις
4050 4965 4145 5018 τὴν

2540 5072 2858 5126 σταυρωσιν,
2919 5059 3009 5103 xui
3069 5052 3130 5103 ού
3209 5057 3361 5124 μόνον
3439 5051 3532 5103 οῦκ
3594 5051 3955 5123 ωφελήσασαν,
4021 5045 4147 5101 οὐδὲ

2538 5141 2778 5198 λυσιτελῆ
2846 5149 3110 5213 φανεῖσαν,
3199 5140 3328 5192 ἀλλὰ
3383 5146 3473 5193 καὶ
3547 5141 3704 5192 αὐτὸν
3768 5137 4150 5210 κατακλάψασε

2541 5237 2627 5284 τόν
2659 5230 3063 5302 ἐσταυρωμένον·
3115 5235 3205 5283 καὶ
3252 5231 3434 5292 ούτούς
3489 5227 3547 5283 δὲ
3585 5234 3706 5290 τούς
3743 5235 4150 5302 σταυρώσαντας

2546 5323 2924 5394 ἰσχυροτέρους
2989 5330 3080 5372 τοῦ
3149 5323 3529 5392 σταυρωθέντος
3597 5319 3847 5390 εἰσάγεις,
3924 5321 3991 5379 ὡς
4058 5323 4151 5369 καὶ

2542 5417 2612 5484 μὴ
2649 5409 2960 5483 βουλόμενον
2989 5410 3074 5463 ἐπὶ
3095 5413 3182 5462 τόν
3215 5414 3440 5484 σταυρὸν
3462 5408 3857 5482 έφελκύσαντας.

835 5629 875 5662 ’⁷
909 5629 1080 5696 Joan,
1114 5644 1172 5697 ι,
1211 5630 1297 5683 18.
1369 5628 1462 5684 ¹⁶ῐ
1507 5629 1639 5686 Cor.
1667 5643 1706 5699 ι,
1739 5631 1826 5686 t8.
1895 5628 1939 5662 ¹⁹
1986 5629 2004 5681 1
2039 5627 2170 5684 Cor.
2211 5643 2254 5696 1,
2285 5631 2375 5684 27.
2443 5629 2492 5664 ³ο
2524 5629 2599 5685 Ι(

2443 5629 2492 5664 ³ο
2524 5630 2544 5683 Ι
2576 5629 2710 5685 Cor.
2747 5646 2800 5691 ιι,
2852 5629 2939 5687 14.
3008 5628 3054 5662 ²¹
3086 5625 3274 5683 Galat.
3304 5642 3390 5695 vr,
3434 5628 3517 5682 14.
3586 5627 3632 5660 ³³
3668 5623 3872 5682 Matth.
3903 5640 4017 5694 xvr,
4049 5626 4141 5679 22.

758 5719 809 5777 θ’
843 5716 996 5776 Ibid.
1024 5722 1116 5809 25.
