4468 6450
751 408 857 465 639
1921 403 2236 469 suum
2259 403 2309 461 ιι
2337 399 2445 460 cr.
2469 400 2940 462 psi-mancam.
4006 370 4109 473 ,ιο

748 545 869 604 que
896 530 962 588 in
987 528 1227 590 viviﬁca
1252 530 1578 598 illahostia,
1599 548 1738 608 quas
1773 549 1957 614 super
1985 549 2056 591 eo
2075 530 2272 607 posita
2285 530 2407 585 est:
2435 527 2483 583 Α

2342 530 2407 584 lt:
2435 527 2483 583 Α
2521 526 2716 599 ὀμόσας
2780 527 2829 582 έν
2891 535 2966 600 τῷ
3035 530 3397 607 θυσιαστηρίῳ
3455 534 3622 606 τούτῳ
3678 541 3751 607 τῷ
3840 547 4106 614 σταυρικῷ

748 602 895 677 nam
922 635 1063 677 cum
1092 636 1269 679 cruce
1297 622 1503 680 animo
1523 626 1581 681 et
1598 602 1958 695 cogitatione
1989 602 2169 680 simul
2216 617 2410 676 conci-

2342 617 2410 674 αἱ·
2518 615 2695 689 ὀμνύει
2751 616 2799 670 ἓν
2851 618 3013 689 αύτῷ,
3060 623 3151 672 καὶ
3204 617 3253 672 έν
3302 628 3375 692 τῷ
3434 623 3603 674 έπάνω
3654 623 3812 678 αὐτοῦ
3868 626 4106 700 ζωοποίῷ

750 708 914 781 pitur
942 708 1231 767 Christus.
1264 712 1417 767 Crux
1436 711 1689 769 lectulus
1713 716 1806 770 est
1834 711 2200 779 Dominicus,
2222 722 2406 781 quem

2345 722 2406 763 m
2517 706 2727 778 θύματι.
2775 713 2859 777 Τῷ
2903 710 3003 782 γὰρ
3062 716 3272 780 σταυρῷ
3330 719 3670 764 συνεννοεῖται
3735 717 3822 766 καὶ
3876 716 3903 767 6
3949 736 4107 770 σταυ-

748 811 875 852 non
903 795 1210 869 lacrymis,
1239 814 1407 857 more
1451 800 1715 873 Davidis,
1741 801 1849 858 sed
1898 799 2194 871 sanguine
2239 796 2402 865 lavit,
2510 854 2512 867 ,

2342 796 2402 865 it,
2510 796 2711 868 ρωθείς.
2768 794 2925 853 Κλίνη
2978 794 3089 849 έστὶ
3145 802 3432 856 Δεσποτικη
3483 800 3510 850 ό
3568 804 3815 875 σταυρὸς,
3870 807 3932 863 ἦν
3978 805 4106 877 ούχὶ

749 884 856 957 qui
887 900 960 941 ex
986 886 1209 943 Davide
1239 888 1572 950 secundum
1627 906 1872 949 carnem
1915 892 2264 963 procreatus
2316 888 2405 940 est
2512 916 2513 919 η

2341 888 2405 940 ist
2512 878 2766 957 δάκρυσι,
2815 887 2949 937 κατὰ
2994 888 3081 938 τὸν
3130 883 3316 951 Δαυίδ,
3362 886 3469 939 ἀλλ’
3496 890 3714 961 αἰμασιν
3761 890 3966 945 ἔλουσεν
3995 895 4021 945 ὁ
4050 893 4105 947 ix

750 974 1038 1045 Christus,
1059 992 1183 1034 non
1206 979 1517 1051 proprium
1537 981 1787 1053 expians
1808 986 2142 1055 peccatum,
2184 980 2403 1034 natura
2511 1010 2514 1024 ι

2335 989 2403 1032 ra
2511 969 2679 1026 Δαυῖδ
2732 975 2792 1025 τό
2843 975 2980 1027 κατά
3049 976 3221 1049 σάρκα
3274 981 3530 1049 Χριστὸς*
3602 978 3731 1050 ούχὶ
3786 983 3845 1032 τὸ
3912 981 4096 1036 ἑαυτοῦ

747 1062 909 1120 enim
938 1080 1049 1122 sua
1075 1065 1501 1126 immaculatus
1529 1075 1638 1140 est,
1670 1070 1777 1127 sed
1805 1070 2118 1126 destruens
2146 1071 2205 1124 et
2248 1066 2399 1122 abo-
2509 1088 2511 1111 ί

2337 1080 2399 1121 o-
2509 1060 2766 1115 έκπλύνων
2823 1062 3131 1136 ἁμάρτημα,
3187 1065 3324 1116 κατά
3376 1067 3533 1137 φύσιν
3575 1068 3677 1141 γὰρ
3717 1067 3858 1121 ἔστιν
3900 1070 4101 1145 ἄχραν-

748 1149 878 1208 lens
898 1158 1215 1225 peccatum
1246 1157 1461 1214 mundi
1484 1162 1696 1215 natum
1727 1174 1794 1215 ex
1809 1158 1994 1231 ligno,
2023 1163 2081 1214 et
2108 1158 2169 1212 in
2211 1160 2399 1212 totum
2506 1173 2512 1184 ·

2338 1169 2399 1210 m
2506 1170 2614 1217 τος,
2672 1149 2800 1203 ἀλλά
2840 1156 3101 1226 καταίρων
3146 1156 3241 1211 τὴν
3289 1151 3544 1227 ἁμαρτίαν
3591 1162 3687 1208 ταῦ
3742 1162 3944 1231 κόσμου
4004 1164 4099 1219 τὴν

748 1240 1003 1298 mortale
1028 1256 1218 1313 genus
1246 1251 1674 1319 prOpagatum,
1706 1247 2134 1319 dormiensque
2183 1245 2244 1300 iu
2297 1242 2398 1299 illo
2507 1263 2512 1291 ι

2340 1242 2398 1298 lo
2507 1238 2563 1292 ίκ
2588 1246 2680 1293 τοῦ
2724 1239 2876 1303 ξύλου
2920 1238 3251 1313 ἀναφυεῖσαν,
3300 1247 3391 1296 καὶ
3438 1243 3507 1304 εἰς
3550 1244 3687 1296 ἅπαν
3735 1243 4103 1322 έκδραμοῦσαν

749 1331 1192 1394 somnum,vitaa
1220 1338 1277 1389 et
1305 1334 1515 1405 vigiliae
1538 1340 1775 1391 internae
1806 1349 2058 1392 causam
2087 1338 2146 1390 et
2165 1332 2397 1389 effecto-
2504 1349 2513 1361 ι

2340 1346 2397 1387 o-
2504 1331 2564 1381 τὸ
2618 1332 2760 1400 γένος
2808 1332 2866 1381 τὸ
2911 1328 3169 1405 βρότειον,
3223 1335 3311 1384 καὶ
3372 1331 3614 1396 ύπνὼσας
3671 1332 3719 1386 έν
3776 1336 3916 1408 αύτῷ
3982 1338 4104 1399 Coi;

746 1432 896 1483 rem,
923 1421 1178 1477 surrexit
1202 1423 1444 1495 propria
1465 1428 1781 1497 potestate,
1803 1426 1867 1479 in.
1893 1424 2190 1480 matutino
2215 1424 2399 1477 inter-
2504 1437 2510 1468 ε

2328 1436 2399 1476 ῃ·-
2504 1422 2596 1471 καὶ
2633 1416 2994 1491 ἐγρηγόρσεως
3036 1420 3386 1481 αἰωνιζούσης
3424 1423 3668 1495 προξενον
3714 1423 3870 1477 ύπνον
3902 1424 4092 1485 ἀνέστη

746 1506 948 1575 ﬁciens
976 1523 1175 1567 omnes
1203 1519 1544 1581 peccatores
1578 1519 1756 1570 terra:
1787 1513 1855 1579 ’⁸,
2506 1531 2510 1557 ¹

2506 1505 2848 1569 αὐτεξουσίως
2896 1507 2963 1568 εἰς
3004 1512 3099 1566 τὴν
3141 1512 3342 1582 πρωίαν
3387 1508 3694 1564 ἀποκτείνων
3744 1515 3942 1577 πάντας
3969 1518 4091 1578 τοὺς

2506 1593 2843 1669 ἀμαρτωλοῦς
2867 1604 2960 1658 τῆς
2979 1604 3043 1668 γῆ
3057 1617 3096 1658 ς.

819 1684 973 1752 Quin
1013 1686 1242 1744 honore
1282 1692 1338 1746 et
1396 1688 1561 1746 cultu
1617 1690 1870 1763 dignum
1908 1705 2070 1746 nunc
2112 1686 2395 1743 lectulum
2577 1684 2583 1703 ¹

2577 1684 2588 1703 ,
2710 1687 2720 1699 .
2841 1690 2850 1701 .
3030 1689 3040 1701 ,
3302 1685 3315 1699 ν
3367 1693 3375 1704 .
3518 1690 3530 1705 .
3586 1693 3598 1707 .
3846 1691 3859 1709 ν
4050 1698 4061 1712 .

2335 1700 2395 1740 m
2597 1684 2733 1737 Αλλα
2769 1704 2858 1737 και
2916 1685 3244 1759 σεϐασματος
3292 1687 3437 1750 αξιαν
3484 1708 3712 1764 ενρισκω
3763 1711 3962 1752 ταυτην
4003 1713 4099 1752 την

746 1774 1007 1845 invenio,
1034 1776 1283 1850 ejusque
1304 1778 1387 1834 rei
1415 1784 1623 1836 testem
1655 1779 1736 1836 do
1760 1780 1997 1839 Isaiam,
2020 1777 2125 1851 qui
2158 1776 2394 1832 disertis
2504 1793 2510 1823 :

2332 1776 2394 1829 Iis
2504 1771 2700 1831 κλίνην·
2777 1777 2867 1824 καὶ
2933 1777 3020 1826 τόν
3092 1775 3321 1842 ξἮσαίαν
3385 1779 3605 1850 παράγω
3691 1798 3775 1831 σοι
3835 1782 4096 1856 μάρτυρα,

746 1863 942 1921 verbis
973 1865 1245 1937 praedixit
1277 1868 1395 1924 :Et
1419 1869 1532 1924 erit
1563 1871 1792 1941 requies
1818 1871 1947 1938 ejus
1981 1867 2165 1923 honos
2198 1867 2269 1922 ³⁸.
2294 1866 2396 1920 [le-
2425 1879 2465 1933 Β
2507 1886 2510 1914 ι

2340 1884 2396 1918 e-
2425 1879 2465 1933 Β
2507 1867 2607 1915 Καὶ
2670 1863 2815 1914 ἔσται
2879 1864 2909 1920 ἠ
2979 1861 3272 1927 ἀνάπαυσις
3332 1865 3490 1918 αύτοῦ
3554 1871 3681 1939 τιμὴ
3744 1868 3862 1939 (3),
3924 1869 4101 1944 προλέ-

743 1955 916 2027 quies
968 1955 1323 2028 appellatur,
1375 1958 1522 2030 quia
1575 1958 2070 2031 peregrinationis
2118 1954 2292 2012 labor
2338 1958 2397 2011 et
2502 1972 2507 1987 ε

2338 1958 2397 2011 et
2502 1969 2663 2022 γοντα
2720 1958 2963 2025 φανερῶς.
3022 1952 3347 2015 Ἀνάπαυσις
3400 1950 3478 2020 δε,
3538 1956 3618 2007 ὅτι
3675 1960 3764 2009 καὶ
3814 1959 3840 2009 6
3897 1955 3953 2009 έκ
4004 1966 4101 2020 τῆς

745 2045 949 2112 sudor,
982 2048 1039 2101 et
1068 2044 1198 2102 alias
1228 2047 1531 2104 naturales
1557 2052 1614 2105 et
1638 2047 2120 2105 indetrectabiles
2161 2045 2394 2119 passio-
2504 2063 2509 2087 ι

2337 2060 2394 2101 ο.
2504 2036 2811 2114 ὁδοιπορίας
2861 2044 3016 2102 κόπος
3062 2046 3153 2093 καὶ
3183 2044 3209 2094 6
3257 2039 3444 2117 ἱδρὼς,
3470 2049 3561 2097 καὶ
3589 2044 3752 2098 τᾶλλα
3792 2048 3858 2098 τὰ
3903 2050 4101 2120 φυσικά

745 2148 853 2191 nes
869 2134 1277 2191 etafi‘ectiones
1290 2151 1586 2194 concessu
1600 2137 1954 2207 divinitatis,
1972 2136 2221 2209 quando
2236 2150 2391 2207 opus
2502 2150 2509 2181 :

2338 2151 2391 2189 is
2502 2134 2592 2182 καὶ
2648 2125 2947 2187 ἀδιάϐλητα
2992 2132 3159 2199 πάθη,
3208 2129 3508 2205 ἐκχωρήσει
3560 2141 3654 2196 τῆς
3711 2135 3966 2197 θεότητος.
4020 2138 4102 2191 ὅτε

743 2228 892 2295 erat,
918 2230 1237 2282 commotas
1267 2231 1324 2283 et
1345 2227 1654 2283 concitatae
1675 2228 1736 2283 in
1756 2227 2025 2283 humana
2046 2225 2256 2283 Christi
2284 2240 2394 2280 na-
2501 2239 2507 2270 ς

2338 2240 2394 2280 Β,-
2501 2222 2592 2271 καὶ
2642 2215 2750 2271 ἔδει
2803 2224 3111 2291 κεκινημένα
3168 2220 3218 2273 έν
3277 2225 3335 2273 τό
3391 2225 3525 2275 κατὰ
3598 2226 3830 2296 Χριστὸν
3910 2223 4102 2291 ἀνθρω-

742 2315 879 2371 tura
906 2330 1096 2387 usque
1126 2314 1205 2371 ad
1231 2316 1421 2372 crucis
1452 2316 1813 2389 supplicium
1848 2317 1959 2382 ;de
1990 2320 2205 2371 caetero
2244 2329 2392 2370 con-
2500 2329 2506 2358 τ

2338 2329 2392 2369 ι..
2500 2312 2632 2379 πίνῳ
2681 2312 2871 2381 μέχρις
2928 2308 3087 2361 αὐτοῦ
3159 2317 3251 2361 τοῦ
3321 2318 3573 2386 σταυροῦο
3632 2316 3691 2365 τό
3758 2311 3859 2366 ἀπό
3945 2312 4102 2368 τοῦδε

743 2402 953 2476 sopitas
983 2408 1139 2469 sunt,
1178 2405 1510 2477 Christique
1559 2411 1748 2462 morte
1811 2410 2080 2462 mortuas.
2136 2407 2284 2461 Nam
2344 2401 2392 2459 si
2501 2419 2507 2447 ι

2344 2401 2392 2459 εἰ
2501 2396 2814 2470 ἀνενέργητα
2897 2403 3234 2470 μεμενήκασι,
3303 2404 3394 2452 καὶ
3458 2409 3521 2473 τῇ
3589 2407 3835 2475 νεκρώσει
3912 2406 4099 2456 τούτου

740 2493 990 2566 quando
1019 2498 1158 2567 post
1185 2496 1681 2551 resurrectionem
1710 2495 1913 2568 aliquo
1966 2495 2085 2561 ivit,
2135 2494 2235 2550 itio
2291 2492 2392 2548 illa

2335 2492 2392 2548 la
2504 2490 2979 2561 συνενεκρὼθησαν.
3034 2488 3094 2541 Ἠ
3147 2491 3249 2562 γὰρ
3309 2492 3438 2562 μετὰ
3483 2495 3578 2549 τὴν
3626 2489 3915 2545 ἀνάστασιν
3955 2489 4099 2545 ὁδοι-

743 2598 926 2655 supra
955 2589 1260 2655 naturam,
1293 2588 1350 2641 et
1390 2585 1571 2652 plane
1616 2585 1978 2642 admiranda
2022 2584 2132 2640 fuit
2177 2598 2390 2656 quem-
2499 2597 2507 2629 τ

2331 2599 2390 2638 [ι-
2499 2581 2661 2651 πορία
2731 2576 2878 2650 ἑτέρα
2932 2585 3015 2646 ῆν,
3062 2578 3324 2653 ὑπερφυὴς
3373 2584 3463 2632 καὶ
3534 2577 3854 2656 παράδοξος,
3923 2587 4095 2657 ὥσπερ

741 2671 1077 2729 admodum
1108 2689 1265 2731 nova
1291 2674 1496 2731 itidem
1520 2674 1630 2730 fuit
1658 2673 2071 2731 manducandi
2094 2673 2195 2729 illa
2212 2672 2386 2728 actio.
2502 2694 2505 2710 ‹

2333 2688 2386 2726 ο,
2502 2662 2571 2724 δὴ
2628 2670 2717 2718 καὶ
2778 2668 2808 2725 ἡ
2872 2665 3075 2740 βρῶσις
3128 2675 3501 2741 καινοπρεπής.
3564 2670 3844 2742 Ἐπιλείψει
3895 2691 3958 2744 με
4008 2678 4097 2725 καὶ

740 2761 875 2818 Dies
894 2776 993 2818 me
1017 2761 1276 2833 deﬁciat,
1300 2762 1348 2819 si
1368 2764 1575 2820 omnia
1592 2757 1845 2820 viviﬁcas
1866 2764 2058 2820 crucis
2096 2762 2393 2819 miracuta
2501 2775 2504 2782 ·

2333 2764 2393 2817 18.
2501 2757 2532 2814 ἡ
2584 2757 2754 2829 ἡμέρα
2791 2757 2857 2807 τά
2905 2757 3178 2829 θαυμάσια
3226 2754 3567 2831 διηγούμενον
3609 2768 3701 2812 τοῦ
3750 2763 4096 2835 ζωοπαρόχου

739 2853 1017 2926 persequi
1042 2852 1241 2909 velim.

988 2853 1017 2908 li
1042 2852 1241 2909 velim.
2505 2852 2752 2919 σταυροῦ-

813 2943 879 2996 ln
917 2941 1117 2998 Rubro
1146 2942 1300 2998 mari
1327 2957 1473 2998 crux
1506 2941 1941 3011 adumbratur;
1982 2945 2227 3014 eratque
2276 2939 2392 2996 hoc
2576 2938 2577 2941 “

2338 2955 2392 2996 >ο
2576 2935 2658 2988 Ἐν
2708 2934 2935 3009 Ἐρυθρᾷ
2983 2934 3220 3009 θαλάσσῃ
3269 2937 3295 2988 6
3346 2941 3571 3012 σταυρὸς
3632 2938 3957 3000 εἰκονίζεταιι
4013 2944 4102 2992 καὶ

740 3029 1228 3103 praesignificatio
1254 3036 1311 3087 et
1334 3030 1784 3104 praedelineatio
1805 3031 1856 3103 ej
1868 3048 1934 3087 us
1961 3031 2222 3100 ruboris,
2290 3028 2395 3102 qui

2340 3028 2395 3085 ui
2507 3021 2569 3083 ἦν
2617 3032 2770 3076 τοῦτο
2816 3026 3182 3098 προχάραγμα
3228 3032 3320 3077 τοῦ
3368 3024 3417 3078 ἐν
3466 3035 3538 3097 τῷ
3584 3034 3880 3101 Δεσποτικῷ
3920 3031 4104 3101 αἰματι

742 3119 796 3176 ei
825 3124 1035 3192 postea
1063 3135 1169 3193 per
1189 3119 1423 3176 Domini
1444 3121 1804 3191 sanguinem
1823 3125 1912 3177 est
1931 3120 2108 3176 illitus
2130 3121 2197 3175 ³ο.
2224 3125 2398 3175 Ama-

2344 3134 2398 3175 α-
2510 3113 2926 3187 ἑπιχρωσθέντος
2982 3113 3123 3184 αύτῷ
3198 3116 3543 3187 ὶρυθήματος.
3615 3122 3837 3189 Πικρίαν
3901 3115 4108 3171 ὑδάτων

739 3209 1063 3265 ritudinem
1092 3225 1268 3282 aquae
1299 3214 1657 3266 transmutat
1684 3210 1744 3265 in
1770 3210 2171 3265 dulcedinem‘
2209 3224 2398 3281 popu-
2429 3226 2471 3283 ε

2345 3224 2398 3263 ιι-
2429 3226 2471 3283 C
2512 3203 2582 3264 εἰς
2636 3205 2938 3273 γλυκύτητα
2998 3210 3287 3274 μεταποιεῖ,
3351 3209 3440 3257 καὶ
3504 3208 3623 3257 λαὸν
3688 3206 3950 3265 πλανήτην
4016 3211 4109 3259 καὶ

740 3296 991 3371 lumque
1018 3298 1431 3356 errabundum
1448 3303 1505 3355 et
1528 3298 1843 3371 fugitivum
1864 3298 2129 3355 viviﬁcat
2161 3299 2226 3353 ³³.
2252 3300 2399 3355 Sau-

2349 3315 2399 3353 ι-
2513 3288 2728 3365 φυγαδα
2815 3288 3078 3363 ζωογονεῖ.
3168 3293 3455 3353 Δάκνοντας
3535 3298 3665 3366 ὅρεις
3749 3297 3949 3371 άναιρεῖ
4016 3300 4113 3349 καὶ

739 3388 964 3445 ciantes
984 3391 1287 3460 serpentes
1317 3388 1577 3460 perimit,
1610 3394 1925 3461 servatque
1961 3388 2110 3443 ictos
2153 3392 2210 3443 et
2260 3403 2401 3443 sau-

2358 3403 2401 3443 ι..
2513 3378 2768 3444 διασώζει
2822 3384 2943 3442 τούς
3003 3376 3370 3453 δακνομένους
3426 3382 3495 3444 ὡς
3549 3384 3653 3436 εῖθε
3708 3388 3798 3436 καὶ
3846 3386 3936 3445 τὰς
3986 3383 4122 3437 ἰοϐό-

740 3476 865 3533 cios
904 3478 971 3531 ³³.
1001 3475 1235 3532 Utinam
1265 3480 1319 3532 et
1349 3480 1671 3532 venenatas
1692 3475 1837 3532 istas
1864 3476 2400 3548 viperas,Bogomi-

2350 3476 2400 3530 li-
2511 3470 2632 3531 λους
2678 3472 2869 3531 ταύτας
2921 3466 3162 3541 ἐχίδνας,
3214 3473 3336 3533 τούς
3379 3470 3635 3544 ὑϐριστὰς
3683 3473 3838 3525 ούτοῦ
3888 3478 4114 3546 Βογομί-

739 3565 832 3622 los
861 3565 1135 3637 inquam,
1176 3565 1237 3620 in
1269 3580 1508 3621 crucem
1538 3564 1887 3634 injuriosos,
1945 3580 1983 3621 a
2036 3564 2186 3621 facie
2229 3570 2399 3620 terra;

2350 3580 2399 3619 ω
2510 3558 2650 3625 λους,
2709 3559 2810 3611 ἀπό
2859 3563 3143 3630 προσώπου
3214 3566 3303 3619 τῆς
3362 3567 3464 3630 γῆς
3537 3559 3861 3633 ἔξηφάνισεν,
3931 3562 4114 3622 οἵτινες

739 3655 1214 3723 exterminasset,
1250 3654 1353 3727 qui
1379 3653 1584 3710 omnia
1612 3656 2046 3727 perreptantes,
2106 3652 2400 3726 populum

2348 3670 2400 3710 [ῃ
2512 3652 2747 3721 έρποντες
2793 3655 3068 3719 πανταχοῦ
3119 3644 3375 3700 δάκνουσι
3421 3647 3543 3701 λαόν
3574 3657 3666 3702 τοῦ
3698 3658 3853 3717 Θεοῦ,
3905 3654 4112 3703 καὶτὸν

743 3745 844 3802 Dei
860 3744 1585 3816 mordent,venenumque
1598 3744 1922 3816 impietatis
1934 3758 2058 3799 sure
2076 3743 2401 3800 infundunt

2347 3748 2401 3800 ut
2516 3739 2589 3790 ἰόν
2626 3748 2716 3799 τῆς
2761 3734 3077 3798 δυσσεϐείας
3124 3737 3293 3790 αύτῶν
3346 3737 3595 3811 ἐγχέουσι
3652 3747 3769 3801 ταῖς
3820 3748 3920 3791 τῶν
3967 3740 4111 3793 εύσε-

740 3833 979 3907 piorum
1001 3832 1218 3889 animis
1250 3851 1263 3900 ;
1290 3848 1448 3905 quos
1463 3847 1587 3888 non
1610 3833 1735 3889 sine
1757 3832 2297 3889 commiserationis
2320 3833 2403 3888 af-

2347 3833 2403 3888 Lf-
2513 3826 2736 3879 ϐούντων
2804 3826 3031 3897 ψυχαῖς,
3081 3831 3207 3901 πρὸς
3278 3827 3367 3890 οὓς
3415 3830 3712 3903 περιπαθῶς
3777 3829 3839 3880 ἄν
3900 3831 4111 3903 ἱροίμην

740 3923 895 3979 fectu
916 3922 1050 3994 jure
1077 3922 1164 3979 sic
1184 3921 1492 3994 alloquar:
1519 3923 1834 3979 Genimina
1856 3923 2223 3992 viperarum,
2256 3939 2405 3995 quo-

2350 3939 2405 3979 ο.
2512 3917 2670 3988 ὄφεις·
2736 3920 3035 3989 Γεννήματα
3101 3914 3349 3989 ἐχιδνῶν,
3415 3925 3517 3970 ποῦ
3578 3920 3787 3990 φύγοιτε
3855 3916 3956 3969 ἀπὸ
4017 3925 4114 3980 τῆς

740 4010 946 4079 modo,
979 4015 1037 4067 et
1065 4026 1189 4084 quo
1218 4026 1256 4067 a
1280 4011 1506 4082 judicio
1537 4011 1824 4084 gehennae
1855 4010 2091 4082 fugietis
2113 4011 2182 4080 ³³,
2214 4027 2402 4084 quam

2353 4028 2402 4067 [η
2513 4010 2729 4079 κρίσεως
2780 4012 2875 4067 τῆς
2927 4009 3174 4077 γεέννης;
3233 4006 3294 4064 ἢν
3341 4012 3492 4059 αῦτοὶ
3551 4006 3754 4069 ἑαυτοῖς
3804 4005 4117 4069 έξεκαύσατε

738 4115 850 4156 vos
895 4099 1190 4157 vobismet
1234 4100 1348 4173 ipsi
1408 4099 1785 4164 accendistis,
1832 4100 2136 4165 abnegata
2187 4101 2404 4173 pietate

2352 4106 2404 4157 te
2512 4099 2685 4168 χωρὶς
2716 4091 2955 4166 διωγμοῦ
3000 4099 3091 4147 καὶ
3124 4092 3369 4168 βασάνων
3421 4101 3515 4155 τὴν
3573 4094 3832 4148 εὐσέϐειαν
3885 4096 4116 4171 ἀρνησά-

740 4187 975 4260 absque
996 4190 1413 4261 persecutione
1435 4192 1491 4245 et
1512 4189 1822 4244 tormentis
1847 4187 1875 4243 ?
1899 4188 2011 4245 Sed
2032 4204 2128 4245 res
2166 4188 2403 4245 illorum

2351 4205 2403 4245 ω
2512 4204 2677 4257 μενοι.
2731 4183 2885 4237 Ἀλλά
2913 4188 2979 4237 τὰ
3029 4187 3119 4257 μὶν
3170 4185 3286 4237 κατ’
3317 4184 3501 4247 αὐτοὺς
3558 4185 3630 4247 εἰς
3676 4193 3829 4238 τοῦτο
3881 4184 4026 4249 λήξει
4056 4189 4115 4238 τό

740 4278 800 4335 in
830 4279 989 4336 hunc
1015 4278 1199 4335 ﬁnem
1230 4279 1524 4347 desinent,
1553 4279 1671 4335 nisi
1699 4278 2059 4352 resipuerint
2107 4281 2403 4353 poeniten-

1553 4279 1671 4335 nisi
1699 4278 2059 4352 resipuerint
2107 4281 2403 4353 posniten-
2512 4274 2673 4339 τᾶος,
2707 4272 2792 4326 ἰὰν
2816 4278 2888 4348 μὴ
2917 4279 3301 4348 μετανοήσωσι.

739 4366 1007 4441 tiamque
1046 4368 1297 4437 egerint.

793 4459 912 4512 Nos
932 4471 1075 4513 vero
1089 4456 1350 4527 agedum
1368 4456 1663 4530 populum
1684 4456 1893 4513 Christi
1913 4456 2403 4513 communiamus

2358 4473 2403 4512 Is
2581 4453 2757 4527 Ἡμεῖς
2822 4450 2881 4506 δε
2941 4454 3017 4523 (4)
3084 4453 3212 4506 ἀλλὰ
3268 4458 3384 4529 φέρε
3444 4457 3530 4505 καὶ
3601 4452 4122 4527 κατασφαλισώμεθα

741 4544 928 4602 sacris
948 4546 1414 4618 precationibus,
1441 4562 1516 4602 ne
1543 4546 1916 4602 mortiferum
1945 4546 2127 4616 hujus
2159 4546 2401 4602 haeresis
2432 4584 2475 4639 Β

2357 4546 2401 4602 is
2432 4584 2475 4639 Β
2511 4547 2597 4596 τόν
2648 4544 2770 4596 λαὸν
2831 4551 2923 4597 τοῦ
2978 4550 3216 4617 Χριστοῦ
3270 4539 3503 4615 ἐπῳδαῖς
3548 4544 3727 4617 ἱεραῖς,
3780 4544 3865 4595 ἶνα
3907 4548 3977 4615 μὴ
4020 4552 4121 4605 τῆς

737 4650 1036 4692 venenum
1052 4635 1320 4692 animam
1337 4635 1387 4707 ej
1398 4635 1805 4706 uscontingat.
1827 4636 2085 4705 Largiter
2096 4635 2255 4692 enim
2274 4634 2403 4692 ubi-
2432 4632 2472 4704 ἶ

2354 4635 2403 4691 νὶ-
2513 4636 2871 4710 θανατηφόρου
2926 4636 3114 4695 ταύτης
3170 4636 3414 4709 αἱρέσεως
3458 4634 3484 4686 ό
3532 4632 3605 4695 ἰός
3649 4634 3986 4692 καθάπτηται
4022 4640 4118 4693 τῆς

738 4740 857 4798 que
885 4724 1115 4781 malitia
1134 4724 1358 4781 diffusa
1374 4730 1483 4792 est,
1516 4729 1574 4781 et
1593 4724 1980 4781 circumcirca
2000 4724 2402 4782 obambulant

2351 4729 2402 4782 τι
2508 4727 2701 4777 τούτων
2757 4724 2965 4797 ψυχῆς.
3034 4722 3255 4794 Δαψιλες
3304 4725 3406 4796 γὰρ
3482 4725 3541 4775 τὸ
3606 4724 3767 4774 κακὸν
3830 4721 4115 4794 ἐκκέχυται

737 4813 927 4887 impii,
961 4818 1025 4869 ut
1052 4814 1295 4885 egregio
1324 4813 1539 4871 Christi
1570 4813 1735 4886 gregi
1765 4812 1995 4887 aliquid
2052 4813 2400 4871 nocumenti

2348 4813 2400 4871 lii
2506 4822 2805 4887 πανταχοῦ,
2872 4818 2961 4867 καὶ
3028 4813 3200 4885 κύκλῳ
3282 4815 3332 4865 οἱ
3416 4810 3620 4875 ἀσεϐεῖς
3701 4818 4112 4886 περιπατοῦντες

735 4903 1014 4962 inferant.
1037 4906 1111 4961 At
1138 4919 1242 4961 vos
1268 4902 1463 4961 videte
1493 4919 1709 4976 graves
1735 4903 1931 4977 lupos,
1951 4904 2144 4961 videte
2173 4919 2396 4971 canes;

2352 4920 2396 4971 ις
2506 4908 2600 4963 την
2651 4904 2813 4964 καλὴν
2868 4909 3094 4977 ποίμνην
3134 4902 3468 4976 λυμαίνονται
3522 4908 3615 4955 τοῦ
3670 4908 3926 4976 Χριστοῦ.
3976 4899 4116 4953 Ἀλλ’

808 5084 856 5120 ³⁸
888 5082 1108 5156 Psal.c,
1145 5084 1196 5140 8.
1229 5085 1277 5119 ’θ
1310 5100 1387 5163 x1,
1424 5088 1507 5140 t0.
1542 5084 1591 5119 ⁸ο
1617 5082 1805 5141 Exod.
1838 5098 1959 5152 xw,
1995 5088 2014 5140 t
2055 5098 2226 5158 seqq.
2256 5082 2302 5121 ³¹
2327 5082 2513 5142 Exod.
2538 5101 2633 5156 xv,
2667 5087 2855 5141 23-25.
2884 5085 2933 5120 ³³
2964 5086 3143 5141 Num.
3168 5098 3290 5148 xxx,
3332 5085 3447 5139 6-9.
3486 5081 3538 5117 ³⁸
3560 5083 3696 5137 Luc.
3730 5096 3813 5151 tu,
3843 5080 3898 5137 7.
3945 5146 3947 5149 1

807 5265 885 5345 (3)
916 5268 1098 5345 lta_70
1159 5266 1375 5345 lnterp.
1420 5263 1600 5345 _lsaim
1655 5262 1866 5345 xu,_ubi
1916 5263 2079 5345 vulg.
2106 5262 2250 5321 edit.
2307 5264 2391 5320 Et
2548 5266 2644 5345 _(4)
2678 5263 2958 5345 Sequitur
2986 5260 3297 5345 aculeatus
3321 5260 3380 5316 in
3403 5259 3958 5345 latinos-Epilogus,
3976 5260 4131 5345 seri:

734 5330 1201 5416 eritsep_u_l_crum
1370 5338 1723 5416 gloriosum._
1742 5330 2391 5416 Locumetiamnsec-un-
2498 5330 2636 5416 ptus
2666 5351 2738 5416 e_o
2766 5330 3056 5416 tempore,
3086 5348 3219 5416 quo.
3244 5332 3465 5416 Venetia
3458 5338 3516 5387 et
3562 5330 3662 5414 alii
3695 5330 3838 5416 Itali,
3865 5331 4039 5416 sicuti
4064 5336 4123 5387 et

730 5409 878 5465 dum
906 5402 1033 5481 LXX
1061 5402 1293 5481 accepit
1325 5402 1389 5481 SI
1424 5408 1660 5481 Hieron.
1687 5407 1763 5462 de
1812 5407 2119 5481 sepulcro_
2154 5407 2387 5481 Christi,
2502 5402 3644 5481 Franci,gravissimabellacumGraecis
3661 5402 4122 5481 ge_rebant_,ipsa

731 5482 825 5538 liis
858 5480 1054 5536 verbis
1075 5474 1246 5552 epist.
1280 5480 1359 5535 ad
1384 5478 1743 5548 Marcellam,
1778 5474 2026 5552 nomine
2084 5477 2285 5535 Paulae
2333 5484 2392 5535 et
2501 5474 2909 5552 imperii'sede
2936 5477 3152 5552 Graecis
3174 5476 3615 5552 ademptaouo
3646 5474 3851 5552 minus
3881 5474 4115 5552 miran-

732 5552 1033 5609 Eustochii
1066 5570 1080 5608 :
1113 5546 1309 5622 'C'ujus
1338 5552 1605 5621 sepulcri
1629 5546 1823 5621 gloria
1846 5552 2037 5605 multo
2067 5555 2393 5623 antequam
2501 5546 2671 5623 dum,
2705 5550 3275 5623 Germanumistum
3306 5546 3524 5623 Latinas
3548 5546 3751 5617 gloriae
3774 5546 4111 5623 inimicum,

732 5617 2123 5693 exciderelm-aJbsephkcimus'lsaiwvaticinia
2138 5617 2391 5692 prophe-
2502 5617 2776 5692 linguam
2807 5628 2863 5677 et
2901 5620 3207 5677 calamum
3256 5618 3530 5693 asperius
3571 5625 3631 5693 et
3668 5617 4014 5693 mordacius
4048 5620 4110 5675 in

734 5703 924 5754 talum
958 5696 1239 5763 ;dicentis
1270 5713 1284 5751 :
1312 5689 1395 5752 Et
1426 5697 1537 5753 erit
1569 5696 1799 5767 requies
1826 5697 1953 5764 ejus
1975 5689 2201 5767 honor:
2236 5689 2396 5767 quod
2505 5689 2744 5751 Latinos
2791 5693 3127 5767 strinxisse.
3157 5689 3390 5767 Similes
3420 5690 3730 5747 invectiva;
3778 5689 3840 5767 in
3868 5690 4111 5767 Latinos

728 5761 1298 5899 ⁸ὶι-ιιίιιριἐῧνυιιιινιιιι
1317 5768 1555 5825 Domini
1594 5761 1759 5824 locus
1803 5761 1951 5825 esset
1996 5766 2073 5824 ab
2121 5761 2395 5824 omnibus
2503 5771 2741 5825 exstant
2777 5765 2943 5841 apud
2972 5766 3259 5835 Nicetam,
3299 5764 3623 5834 Gregoram
3666 5767 3724 5821 et
3753 5761 3906 5820 alios
3938 5763 4104 5819 Gras—

775 5856 1006 5899 onoran
1056 5857 1145 5899 us.
2503 5853 2627 5898 cos.

775 5853 1145 5900 onoranaus.
2503 5853 2627 5898 COS.
