4468 6450
271 400 369 464 6-H
1597 382 1873 450 CONTRA
1911 386 2035 450 BOG

1863 428 1873 447 ι
1911 382 2313 456 BOGOMILOS
3524 395 3627 460 642

269 534 418 602 ὑμείς
483 527 694 599 βλέπετε
748 525 869 586 τοὺς
946 511 1124 596 βαρεῖς
1198 518 1410 583 λύκους,
1490 515 1702 590 βλέπετε
1752 520 1875 578 τοὺς
1906 521 1951 573 Α
1983 517 2033 574 vi

1865 536 1875 578 :
1906 521 1951 573 Α
1983 517 2176 577 videte
2203 522 2400 580 malos
2457 523 2786 598 operarios,
2817 526 2874 582 et
2901 523 3217 582 observate
3245 539 3350 582 eos
3402 526 3508 598 qui
3547 527 3629 583 sic

271 622 453 681 κύνας.
497 616 708 670 Βλέπετε
763 617 880 672 τοὺς
935 613 1130 672 κακοὺς
1184 607 1426 681 ὶργάτας,
1485 611 1574 659 καὶ
1636 612 1875 659 σκοπεῖτε
1983 621 2035 662 al

1865 623 1875 656 ι
1983 607 2298 667 ambulant
2325 613 2475 670 sicut
2509 613 2743 671 habetis
2781 612 3039 669 formam
3091 629 3223 681 nos,
3278 618 3344 670 ut
3369 615 3629 672 audeam

274 712 393 767 τοὺς
454 714 587 758 ουτω
625 709 1057 775 περιπατοῦντας,
1098 699 1270 758 καθώς
1324 700 1471 768 ἔχετε
1519 698 1679 748 τύπον
1719 696 1870 766 ἡμᾶς·
1985 711 2038 751 Cl

1866 715 1870 726 ι
1985 711 2124 753 cum
2151 693 2335 757 Paulo
2360 702 2631 772 gloriari:
2681 703 2862 758 Multi
2911 704 3067 758 enim
3125 702 3457 767 ambulant,
3486 720 3630 776 quos

277 806 377 848 υνα
431 793 576 864 κάγὼ
633 792 879 863 τολμήσω
962 791 1093 861 μετά
1178 786 1382 840 Παύλου
1450 785 1873 856 καυχήσασθαι·
1986 801 2041 844 sa

1867 803 1873 816 ι
1986 801 2141 856 saepe
2177 789 2442 848 dicebam
2470 791 2652 860 vobis,
2685 797 2740 848 et
2776 806 2937 848 nunc
2961 793 3112 861 ﬂens
3150 793 3303 859 dico,
3361 793 3631 849 inimicos

281 883 469 938 Πολλοί
545 885 643 954 γὰρ
717 886 1118 952 περιπατοῦσιν,
1215 876 1301 938 οὐς
1379 868 1627 934 πολλάκις
1709 871 1879 943 ἔλεγον
1987 891 2045 932 εν

1870 892 1879 920 ν
1987 879 2180 932 erucis
2215 877 2458 946 Christi,
2483 895 2735 952 quorum
2767 880 2905 949 ﬁnis
2938 881 3216 937 interitus
3238 882 3304 934 δι.
3335 881 3634 937 Custodite

281 976 429 1047 ὑμῖν,
484 978 574 1025 καὶ
637 979 726 1023 νῦν
798 969 990 1022 κλαίων
1062 967 1213 1039 λέγω,
1291 969 1411 1026 τοὺς
1497 962 1723 1038 ἐχθρούς
1789 969 1882 1013 τοῦ
1989 963 2045 1020 in

1871 969 1882 1010 ὃ
1989 963 2225 1036 insigne
2255 966 2392 1024 ﬁdei
2413 968 2754 1041 depositum
2798 969 3087 1025 intactum
3117 973 3177 1025 et
3227 967 3551 1026 illibatum.
3589 975 3635 1026 Α

288 1071 524 1137 σταυροῦ
597 1068 689 1114 τοῦ
759 1064 1014 1133 Χριστοῦ,
1096 1057 1164 1108 ὧν
1239 1059 1294 1108 τὸ
1374 1054 1514 1114 τέλος
1598 1051 1826 1104 ἀπώλεια
1866 1070 1878 1083 ·
1990 1067 2052 1126 φ

1871 1070 1878 1083 ’
1990 1053 2258 1126 quolibet
2277 1056 2438 1112 enim
2461 1057 2698 1113 salvum
2721 1061 2776 1113 et
2792 1057 3091 1128 integrum
3113 1062 3478 1130 reposcatur,
3498 1074 3635 1114 cum

287 1151 546 1224 φυλάξατε
607 1154 701 1208 τήν
785 1148 945 1206 καλὴν
1021 1145 1471 1219 παρακαταθήκην
1519 1149 1612 1202 τῆς
1663 1145 1885 1199 πίστεως
1994 1156 2051 1198 ac

1873 1158 1885 1199 :
1994 1141 2073 1198 ad
2122 1143 2376 1200 terribile
2421 1145 2681 1202 tribunal
2737 1145 2944 1201 Christi
2995 1145 3362 1202 assistemus.
3421 1149 3637 1203 Verum

287 1241 483 1294 ἄσυλον
543 1243 634 1292 καὶ
689 1235 1134 1292 ἀνεπιϐούλευτον.
1189 1233 1446 1305 Μέλλομεν
1502 1235 1603 1306 γὰρ
1657 1232 1886 1289 ἄκαστος
1996 1245 2051 1286 οι

1877 1247 1886 1289 ;
1996 1231 2332 1288 orationem
2362 1248 2522 1290 nunc
2544 1233 2718 1306 quasi
2735 1233 3129 1304 obsignemus
3161 1233 3440 1307 precibus
3465 1235 3641 1291 votis-

285 1333 482 1387 ταύτην
543 1327 897 1386 ἀπαιτηθῆναι
963 1329 1101 1378 σώαν
1175 1327 1265 1375 καὶ
1333 1320 1570 1378 ἀνελλιπῆ
1636 1318 1722 1372 ίπί
1795 1323 1887 1369 τοῦ
1996 1333 2049 1390 qi

1875 1324 1887 1368 i
1996 1333 2115 1390 que
2135 1319 2483 1376 ardentibus
2511 1325 2568 1378 et
2593 1321 2850 1378 assiduis
2870 1337 2979 1396 pro
3028 1322 3258 1394 optimo
3280 1322 3639 1396 imperatore

288 1417 516 1492 ῳοϐεροῦ
562 1414 805 1489 βήματος
861 1421 952 1467 τοῦ
997 1419 1253 1486 Χριστοῦ.
1287 1409 1443 1464 ’Λλλά
1485 1428 1576 1480 μοι
1605 1411 1691 1460 τὸν
1738 1405 1888 1477 λόγον
1998 1412 2221 1465 nostro.

287 1503 396 1563 ἤδη
495 1504 930 1578 ἔπισφραγιστέον
1012 1509 1122 1563 ταῖς
1206 1502 1332 1573 ὑπὲρ
1438 1505 1530 1550 τοῦ
1599 1501 1886 1570 κρατίστου
1999 1496 2142 1568 ἡμῶν
2228 1497 2607 1573 αὐτοκράτορος
2682 1507 3012 1574 προσευχαῖς
3090 1505 3173 1552 κοὶ
3228 1499 3452 1553 έκτενέσι
3525 1497 3645 1559 δεή-

291 1602 463 1651 σι’σιν.

360 1684 554 1756 ’Λρατε
610 1679 720 1749 οὖν,
772 1678 983 1740 εὐσεϐὴς
1029 1678 1173 1742 λαός,
1231 1684 1412 1750 χεῖρας
1488 1674 1710 1736 ἅπαντες
1763 1677 1890 1746 πρὸς
2069 1675 2124 1730 Τι

1881 1691 1890 1733 :
2069 1673 2270 1731 Tollite
2295 1675 2488 1748 igitur,
2509 1692 2545 1734 ο
2565 1676 2759 1734 ﬁdelis
2787 1676 3030 1750 popule,
3062 1692 3282 1734 manus
3306 1681 3536 1735 vestras
3566 1677 3645 1736 ad

286 1776 422 1826 Θεὸν
452 1773 578 1846 ύπὶρ
611 1780 711 1822 τῶν
773 1768 969 1822 ἐκείνου
1025 1776 1219 1842 χειρῶν
1261 1766 1423 1819 πολλὰ
1446 1767 1722 1837 καμούσας
1779 1759 1886 1821 ἤδη
2002 1762 2046 1816 D

1881 1781 1886 1818 I
2002 1762 2188 1820 Deum
2215 1780 2325 1838 pro
2354 1765 2527 1837 illius,
2569 1782 2706 1839 quas
2733 1767 2960 1838 totjam
2982 1766 3218 1825 labores
3247 1768 3556 1825 subierunt
3585 1769 3645 1825 in

286 1861 340 1914 ἐν
389 1868 506 1922 ταῖς
570 1862 704 1911 κατὰ
779 1866 879 1910 τῶν
956 1855 1161 1928 ἐχθρῶν
1229 1853 1570 1925 συμπλοκαῖς,
1641 1854 1724 1904 ἶνα
1777 1853 1886 1909 θείη
1921 1869 1964 1924 ἢ
2003 1866 2050 1907 ο(

1883 1871 1886 1906 ι
1921 1869 1964 1924 ιι
2003 1852 2378 1909 conﬂictibus
2410 1860 2467 1911 et
2515 1855 2733 1927 proeliis
2773 1855 3063 1912 adversus
3115 1855 3338 1928 hostes,
3370 1862 3436 1914 ut
3458 1861 3647 1927 ponat

287 1951 437 2012 τόξον
502 1948 734 2020 χαλκοῦν
829 1949 953 2007 τούς
1042 1943 1334 2018 βραχίονας
1421 1941 1601 2013 αὐτοῦ,
1691 1937 1885 2002 διδάξῃ
2004 1940 2051 1996 bi

1884 1967 1885 1978 ι
2004 1940 2246 1998 brachia
2283 1945 2410 2012 ejus
2437 1945 2602 1999 velut
2631 1959 2840 2000 arcum
2857 1959 3078 2002 cereum
3109 1951 3164 2002 et
3197 1945 3401 2002 doceat
3433 1961 3648 2015 manus

288 2043 381 2099 τὰς
435 2046 623 2110 χεῖρας
680 2035 840 2088 αὐτοῦ
892 2035 962 2097 εἰς
1017 2033 1259 2107 πόλεμον,
1339 2033 1409 2094 εἰς
1478 2034 1536 2083 τὸ
1615 2028 1890 2082 ἀποϐαλεῖν
2002 2034 2052 2102 ej

1885 2050 1890 2073 ι
2002 2034 2128 2102 ejus
2157 2033 2240 2089 ad
2258 2035 2480 2102 proelia
2510 2034 2578 2101 ³⁵,
2611 2038 2674 2089 ut
2701 2033 2993 2107 repellant
3012 2033 3274 2092 Italicam
3306 2035 3470 2093 illam
3491 2036 3649 2093 velo-

290 2132 387 2186 τὴν
453 2126 687 2184 ίταλικὴν
765 2124 1068 2198 ὀξυχειρίαν
1143 2123 1209 2183 εἰς
1291 2126 1350 2174 τὸ
1417 2122 1770 2194 καθαρπάζειν
1827 2121 1894 2171 τὰ
2003 2121 2054 2176 ci

1884 2139 1894 2170 ι
2003 2121 2751 2195 citatemrapiendialiena,
2779 2128 2847 2180 ut
2869 2124 3310 2180 revertanturin
3343 2139 3648 2189 occasum,

291 2215 543 2291 ἀλλότρια
595 2217 679 2267 ἱνα
733 2217 1110 2288 επιστρέφωσιν
1167 2212 1240 2274 εἰς
1304 2211 1542 2285 ἑσπέραν,
1593 2214 1688 2266 rvis.
1753 2204 1892 2260 ἰδίαν
2002 2223 2055 2280 ρ]

1889 2230 1892 2248 ι
2002 2209 2312 2280 propriam
2335 2225 2508 2266 suam
2530 2212 2806 2282 patriam,
2842 2211 2888 2266 si
2935 2211 3043 2283 qui
3085 2212 3407 2284 supersint,
3434 2216 3488 2268 et
3513 2228 3653 2268 esu-

289 2302 548 2380 πατρίδα,
619 2307 723 2376 εἰγε
793 2306 927 2364 rw";
1008 2300 1351 2374 ἁπολειφθεῖν,
1430 2304 1518 2352 καὶ
1598 2297 1894 2371 λιμώξωσιν
2003 2297 2048 2352 ri

1889 2319 1894 2339 ι
2003 2297 2422 2356 riantutcanes
2452 2301 2650 2368 “,non
2669 2300 2962 2357 habentes
2981 2301 3247 2374 amplius
3279 2299 3653 2372 sanguinarii

291 2399 357 2457 ὡς
414 2399 583 2460 κύνες,
644 2394 739 2446 οὐκ
822 2396 1030 2464 ἔχοντες
1083 2394 1133 2444 οἱ
1200 2393 1514 2463 αἱμοχαρεῖς
1564 2389 1640 2440 ἔτι
1699 2386 1892 2456 λείχειν
2003 2401 2055 2442 οι

1890 2408 1892 2426 ι
2003 2401 2278 2442 cruorem
2300 2388 2689 2458 Ausonicum,
2711 2405 2893 2462 quem
2921 2389 3171 2461 lingant.
3195 2392 3260 2446 Et
3286 2392 3654 2447 circumeant

290 2487 496 2557 αἱματα
561 2486 629 2536 τά
708 2482 980 2536 αὐσονικὰ.
1054 2486 1150 2534 Καὶ
1231 2478 1508 2532 κυκλώσωι
1583 2481 1677 2536 τὴν
1750 2471 1893 2526 ἰδίαν
2003 2490 2054 2547 p1

2003 2476 2310 2548 propriam
2336 2478 2638 2534 civitatem
2671 2478 2830 2534 fame
2861 2479 3071 2551 pressi,
3103 2479 3408 2535 incassum
3438 2478 3657 2534 latran-

288 2574 439 2627 πόλιν
553 2572 1028 2645 λιμαγχονούμενοι
1066 2594 1074 2600 ·
1117 2573 1206 2622 καὶ
1291 2567 1571 2641 βαΰζοντες
1672 2566 1892 2637 μάταια.
2005 2569 2052 2621 te

2005 2569 2090 2621 tes
2119 2567 2191 2619 ⁸⁷.
2221 2565 2508 2636 Joannes,
2538 2566 2645 2639 qui
2671 2566 2995 2641 baptizavit
3014 2583 3119 2624 eos
3140 2569 3202 2624 in
3226 2567 3470 2641 proprio
3499 2567 3657 2640 ipso-

291 2663 585 2723 Ἰωάννηςὸ
628 2660 895 2734 βαπτίσας
956 2659 1146 2720 αὐτοὺς
1203 2666 1309 2719 τοῖς
1360 2661 1578 2729 αἵμασιν
1629 2654 1838 2723 ἑαυτῶν,
1869 2653 1895 2703 ὀ
2005 2669 2055 2710 rt

2005 2669 2140 2710 rum
2171 2655 2487 2725 sanguine,
2521 2656 2850 2712 custoditus
2880 2673 2916 2714 a
2942 2659 3060 2713 Deo
3101 2657 3428 2730 imperator
3457 2663 3660 2713 noster

299 2755 679 2825 θεοφρούρητος
736 2753 882 2822 ἡμῶν
967 2749 1322 2822 αὐτοκράτωρ,
1408 2748 1530 2818 ύμῖν
1611 2751 1716 2803 τοῖς
1797 2742 1896 2794 ὐπὸ
2006 2758 2063 2799 ev

1895 2772 1896 2781 ι
2006 2743 2445 2814 evangelizans,
2466 2744 2764 2802 acclamat
2784 2746 2960 2802 nobis
2983 2746 3237 2802 subditis
3262 2764 3275 2801 :
3298 2747 3506 2804 Omnis
3533 2749 3659 2803 vat—

291 2849 456 2915 χεῖρα
495 2839 906 2910 εὐαγγελίζεται,
949 2844 1104 2890 Πᾶσα
1166 2835 1392 2912 φάραγξ,
1453 2835 1632 2906 λέγων,
1694 2832 1898 2904 πληρω-
2012 2835 2055 2889 ιτ

2012 2835 2084 2889 (is
2103 2833 2451 2902 implebitur
2467 2835 2537 2903 ³⁸,
2559 2834 2795 2906 abjecta
2815 2839 2873 2892 et
2892 2834 3115 2892 afﬂicta
3136 2836 3460 2907 generatio,
3486 2835 3662 2891 annis

295 2933 540 2999 θήσεται,
576 2931 605 2987 ἡ
645 2931 1052 3000 τεταπεινωμένη
1089 2928 1236 2998 γενεά
1275 2933 1366 2986 τῆς
1432 2932 1504 2976 τῶ
1565 2927 1742 2996 χρόνῳ
1810 2923 1898 2993 μεν
2009 2939 2059 2996 φ

2009 2922 2254 2996 quidem
2283 2938 2458 2979 novae
2489 2925 2712 2991 Romus,
2732 2923 3176 2981 calamitatibus
3190 2941 3333 2982 vero
3351 2923 3663 2981 miserabi-

292 3020 582 3080 νεαζούσης
642 3019 860 3090 Ῥώμης,
897 3025 1012 3077 ταῖς
1069 3023 1365 3089 συμφοραῖς
1426 3011 1485 3066 δέ
1543 3015 1900 3086 γεγηρακυίας
2011 3011 2050 3067 li

2011 3011 2141 3067 liter
2152 3012 2280 3082 jam
2299 3015 2568 3068 vetustte.
2592 3013 2670 3068 Et
2692 3015 2882 3069 omnis
2903 3029 3069 3070 mons
3091 3020 3146 3070 et
3176 3015 3345 3070 collis
3385 3015 3665 3071 humilia-

294 3109 548 3176 ἐλεεινῶς,
624 3113 720 3160 παὶ
797 3113 898 3160 πᾶν
957 3105 1076 3178 ὅρος
1161 3110 1250 3157 καί
1339 3102 1528 3175 βουνὸς
1585 3101 1904 3157 ταπεινωθή-
2017 3101 2058 3156 ὸῑ

1901 3128 1904 3136 ι
2017 3101 2177 3156 bitur
2204 3101 2273 3166 ³³,
2297 3100 2519 3157 elatum
2549 3101 2841 3160 videlicet.
2865 3103 3145 3160 Italorum
3173 3102 3560 3175 supercilium
3585 3103 3665 3159 Et

301 3200 532 3255 σεται.ἡ
590 3196 705 3250 καθ’
766 3199 909 3268 ἡμῶν
970 3198 1279 3268 έπαιρομένη
1342 3192 1607 3266 ἀθέρωχος
1666 3190 1820 3265 ὀφρύς
1870 3189 1900 3246 ἡ
1937 3245 1976 3268 η
2015 3204 2065 3245 εν

1937 3245 1976 3268 η
2015 3195 2191 3245 erunt
2219 3203 2415 3259 prava
2442 3192 2506 3245 in
2526 3189 2755 3247 directa
2785 3192 2855 3256 ‘0,
2886 3190 2986 3248 illo
3027 3195 3320 3265 tanquam
3371 3191 3482 3248 viae
3513 3192 3667 3248 duce

304 3287 538 3344 ἰταλική.
601 3290 704 3339 Καὶ
757 3287 964 3338 ἔσονται
1015 3287 1082 3336 τὰ
1128 3283 1313 3336 σκολιὰ
1370 3282 1440 3344 εἰς
1503 3281 1720 3347 εὐθεῖαν,
1775 3278 1905 3331 ίκεί-
1937 3278 1978 3302 υ
2017 3294 2068 3352 p1

1903 3310 1905 3320 ι
1937 3278 1978 3302 υ
2017 3282 2341 3352 praeeunte,
2374 3283 2430 3335 et
2467 3280 2675 3337 omnia
2703 3286 3025 3338 revocante
3059 3279 3308 3348 Christo,
3359 3280 3463 3354 qui
3489 3286 3547 3338 et
3575 3297 3667 3351 ea,

303 3396 397 3428 νου
457 3371 956 3449 προοδοποιοῦντος,
1008 3378 1099 3426 καὶ
1135 3371 1482 3443 ὶπανάγοντος
1547 3378 1639 3422 τοῦ
1699 3373 1787 3421 καὶ
1843 3371 1910 3420 τὰ
2017 3384 2067 3441 (Τ

1908 3412 1910 3418 ,
2017 3383 2155 3441 quas
2184 3365 2360 3424 nobis
2387 3372 2525 3424 sunt
2552 3368 2970 3442 impossibilia,
3001 3374 3217 3442 potest.
3269 3372 3401 3427 Jam
3447 3386 3589 3426 vero
3615 3374 3672 3427 et

302 3467 434 3538 ἡμῖν
475 3461 713 3518 ἀδύνατα
757 3460 1047 3535 δυναμένου
1102 3469 1357 3537 Χριστοῦ.
1428 3457 1570 3518 Ἤδη
1597 3457 1656 3512 δε
1720 3464 1810 3511 καὶ
1875 3459 1906 3516 ἡ
2019 3472 2066 3515 se

2019 3460 2243 3515 securis
2269 3459 2350 3515 ad
2368 3459 2627 3517 radicem
2656 3461 2851 3530 posita
2875 3465 2957 3517 est
2980 3462 3049 3518 ‘l.
3072 3460 3274 3517 Hamis
3297 3460 3460 3517 enim
3487 3460 3672 3518 modo

304 3554 458 3617 ἀξίνη
543 3557 670 3628 πρὸς
745 3558 833 3612 τὴν
890 3551 1045 3627 ῥίζαν
1096 3560 1196 3604 τῶν
1261 3547 1492 3624 δένδρων
1552 3556 1740 3604 κεῖται.
1800 3555 1912 3601 Τὼν
2021 3565 2068 3606 ai

1911 3577 1912 3582 π
2021 3549 2367 3622 amputatis,
2385 3551 2516 3606 etin
2541 3553 2760 3607 terram
2777 3550 3045 3622 dejectis,
3077 3551 3522 3625 trnncatimque
3545 3551 3675 3608 solo

301 3639 516 3695 κλάδων
563 3645 662 3718 γὰρ
724 3640 1157 3715 ἀποτετμημένων
1249 3642 1370 3716 ἄρτι
1436 3645 1526 3692 καὶ
1604 3641 1740 3691 κατὰ
1815 3645 1914 3709 γῆς
2022 3638 2065 3695 ε

1911 3658 1914 3695 ;
2022 3638 2232 3706 allisis,
2264 3655 2388 3694 non
2412 3639 2866 3711 desperandum
2887 3646 2995 3707 est,
3028 3641 3176 3713 quin
3206 3645 3264 3697 et
3291 3641 3464 3698 radix
3489 3640 3675 3697 incidi

305 3731 640 3807 ἐστρωμένων
667 3734 754 3783 καὶ
814 3727 1083 3803 κορμηδόν
1138 3729 1452 3804 ἐρριμμένων
1522 3728 1593 3790 εἰς
1625 3723 1910 3799 τοῦδαφος,
2023 3744 2069 3802 Ρη

2023 3729 2230 3802 possit.
2265 3731 2430 3784 Forte
2459 3729 2640 3800 enim,
2663 3734 2727 3786 ut
2746 3746 2818 3786 ex
2843 3730 3404 3803 transplantatione,
3426 3730 3678 3786 inﬁrmas

305 3821 402 3874 οὐκ
430 3820 749 3873 ἀπελπιστέα
777 3825 868 3872 καὶ
898 3822 928 3878 ἠ
955 3820 1324 3895 ῥιζοτόμησις.
1377 3820 1539 3890 Τάχα
1573 3814 1633 3870 δέ
1694 3815 1918 3877 ἀσθενὴς
2027 3835 2069 3874 8|

1912 3836 1918 3876 :
2027 3822 2166 3874 sunt
2192 3816 2327 3889 illae,
2358 3833 2513 3890 quas
2539 3818 2849 3888 miserunt,
2871 3819 3131 3877 radices.
3174 3819 3310 3876 Fide
3331 3820 3510 3890 igitur
3535 3822 3676 3888 Deo,

307 3913 337 3968 ἡ
401 3909 763 3985 ῥιζοϐόλησις,
823 3912 893 3972 ὡς
947 3907 1002 3960 ἔκ
1058 3911 1503 3981 μεταφυτεύσεως.
1577 3912 1796 3960 Πίστευε
1845 3913 1918 3977 τῷ
2027 3922 2069 3980 q

2027 3907 2132 3980 qui
2152 3907 2360 3964 omnia
2381 3911 2594 3980 potest,
2623 3907 3057 3980 imperatorum
3079 3909 3346 3980 piissime
3402 3913 3460 3965 et
3492 3908 3682 3965 mitis-

308 4007 427 4071 Θεῷ
480 4008 551 4070 τῷ
597 4002 782 4055 πάντα,
822 3995 1114 4072 δυναμένῳ,
1155 3997 1417 4072 βασιλέων
1463 3997 1801 4050 εὐσεϐέστατε
1829 4001 1920 4049 καὶ
2031 3999 2072 4053 si

2031 3999 2201 4066 sime,
2222 4002 2417 4069 teque.
2450 4002 2516 4053 ut
2543 3997 2730 4054 David
2750 3998 2852 4067 ait,
2870 4002 3163 4070 tanquam
3178 4004 3344 4055 scuto
3368 3998 3560 4056 crucis
3577 3999 3685 4055 cir-

309 4094 596 4162 πραότατε,
647 4092 784 4141 κατὰ
844 4092 931 4141 τὸν
1004 4085 1192 4158 Δαυῖδ,
1256 4091 1322 4148 ὡς
1371 4087 1509 4158 ὅπλῳ
1558 4087 1817 4139 κυκλώσει
1864 4104 1921 4138 σε
2033 4103 2073 4144 c1

2033 4087 2337 4144 cumdabit
2363 4089 2582 4144 veritas
2612 4090 2740 4158 ejus
2771 4131 2784 4156 ,
2813 4095 2867 4144 et
2889 4105 3007 4145 non
3036 4089 3261 4145 timebis
3295 4105 3331 4145 a
3349 4091 3561 4146 timore
3585 4105 3689 4145 no-

307 4187 382 4232 τὼ
411 4186 680 4251 σταυρικῷ
709 4179 740 4236 ἠ
805 4177 1022 4237 ἀλήθεια
1055 4179 1238 4245 αὐτοῦ,
1275 4178 1326 4239 ὃς
1384 4177 1524 4230 ἐστιν
1577 4178 1603 4229 ὀ
1666 4179 1917 4250 Χριστὸς,
2033 4192 2071 4232 c.

2033 4183 2248 4232 cturno
2279 4178 2325 4211 “
2362 4175 2510 4246 ejus,
2545 4177 2649 4248 qui
2679 4177 2911 4232 occulte
2938 4181 2992 4232 te
3023 4176 3390 4248 aggreditur,
3419 4177 3688 4233 formidi-

314 4274 415 4322 καὶ
477 4268 534 4320 οὐ
595 4266 868 4342 φοϐηθήσῃ
925 4266 1026 4320 ἀπὸ
1081 4267 1244 4341 φόϐου
1279 4275 1577 4342 νυκτερινοῦ
1646 4274 1738 4319 τοῦ
1791 4268 1900 4338 άφα
2034 4281 2074 4322 n

2034 4281 2295 4338 nemque
2325 4265 2608 4329 immittit,
2632 4281 2738 4323 nec
2755 4281 2793 4322 a
2820 4268 3044 4336 sagitta
3074 4267 3317 4323 volante
3344 4268 3408 4323 in
3431 4267 3527 4323 die
3548 4268 3614 4338 ‘3,
3635 4269 3692 4324 et

311 4366 415 4420 νὼς
444 4377 530 4411 σοι
554 4356 952 4432 προϐάλλοντος,
1013 4363 1099 4409 καὶ
1172 4354 1206 4409 δ
1210 4354 1387 4410 ειλανδ
1390 4362 1506 4429 ρίαν
1566 4355 1920 4429 ἰμποιοῦντος,
2034 4355 2075 4410 h

2034 4355 2203 4412 hoste
2220 4354 2426 4427 palam
2452 4354 2557 4410 tibi
2572 4355 2904 4411 resistente.
2925 4355 3141 4412 Omnia
3174 4355 3336 4411 enim
3360 4356 3487 4412 haec
3513 4356 3692 4426 longe

313 4445 432 4500 οὐδ’
487 4446 588 4500 ἀπὸ
652 4445 838 4519 βέλους
895 4451 1175 4519 πετομένου
1230 4449 1451 4520 ἡμέρας,
1522 4451 1609 4498 καὶ
1699 4452 1925 4517 φανερῶς
2037 4459 2077 4498 01

2037 4459 2182 4498 crux
2210 4442 2420 4497 Christi
2440 4443 2702 4514 repellet,
2731 4447 2787 4498 et
2807 4442 2928 4498 dux
2948 4443 3050 4499 tibi
3068 4443 3176 4500 erit
3204 4444 3282 4499 ad
3308 4444 3535 4514 omnia,
3557 4461 3692 4516 quas

317 4557 405 4590 σοι
454 4535 832 4610 ἀνθισταμεῆωυ
861 4535 1079 4611 ἐχθροῦ.
1152 4539 1329 4589 Πάντα
1379 4538 1476 4610 γὰρ
1533 4543 1699 4588 ταῦτα
1756 4536 1780 4586 ὁ
1834 4540 1925 4586 τοῦ
1963 4605 1998 4611 _
2037 4531 2074 4587 d

1963 4605 1998 4611 _
2037 4530 2365 4600 desideras,
2397 4535 2538 4587 etut
2563 4538 2796 4587 scutum
2830 4531 2998 4589 bona:
3022 4532 3351 4590 voluntatis
3382 4533 3694 4590 coronabit

314 4634 557 4700 Χριστοῦ
612 4605 839 4700 σταυρὸς
884 4605 1242 4684 τάποσοϐήσει
1298 4605 1524 4698 μακράν,
1577 4630 1669 4677 καὶ
1732 4620 1928 4694 ὁδηγὸς
1963 4605 2006 4659 D
2041 4627 2078 4678 ιι

1963 4605 2006 4659 Ῑ)
2041 4627 2095 4678 te
2125 4623 2194 4691 “,
2212 4620 2716 4694 triumphatorem
2743 4625 2801 4677 et
2825 4622 3113 4678 victorem
3146 4638 3331 4694 supra
3357 4623 3697 4695 superiores

317 4735 406 4769 σοι
439 4720 568 4790 ⁵πρὸς
633 4716 769 4773 ἅπαν
812 4720 870 4768 τὸ
925 4718 1270 4787 καταθύμιον,
1326 4722 1418 4767 καὶ
1453 4717 1519 4775 ὡς
1571 4715 1726 4768 ὅπλον
1775 4711 1928 4768 εὐδοο
2039 4713 2081 4768 il

2039 4713 2430 4783 imperatores
2452 4709 2731 4767 effectum
2758 4727 2770 4777 ;
2802 4711 3084 4784 precibus
3131 4716 3188 4768 et
3234 4713 3572 4769 interventu
3602 4728 3699 4769 ca-

314 4809 440 4865 κίας
522 4809 802 4857 στεανώσει
849 4819 852 4821 '
898 4822 954 4856 σε
985 4848 1000 4874 ,
1105 4807 1452 4878 τροπαιφόρον
1479 4845 1492 4868 ,
1599 4803 1930 4876 μεγαλόνικον
1973 4875 1977 4879 .
2043 4818 2078 4856 S‘

1973 4875 1977 4879 ἡ
2043 4799 2320 4856 stissimse
2350 4799 2635 4871 Deiparas,
2655 4800 3135 4857 etimmacnlataa
3161 4801 3426 4857 Dominae
3453 4805 3695 4868 nostrae,

317 4890 599 4956 ἀναδείξας
629 4912 686 4946 σε
715 4895 861 4967 παρὰ
884 4896 1009 4954 τοὺς
1061 4893 1351 4966 ἔμπροσθεν
1413 4890 1671 4966 βασιλεῖς,
1744 4896 1933 4945 ίκετευ-
2045 4905 2076 4945 e

2045 4893 2104 4945 et
2123 4903 2362 4960 semper
2383 4886 2638 4958 Virginis
2659 4889 2874 4956 Marias,
2897 4888 3358 4962 fortissimisque
3376 4890 3702 4946 victoribus

317 4989 490 5047 ούσης
544 4993 640 5047 τῆς
681 4987 1074 5062 πανυκεράγνου
1124 4989 1470 5058 Θεομήτορος,
1527 4989 1616 5037 καὶ
1663 5004 1934 5060 πανυπερο
2050 4982 2081 5035 C

2050 4977 2261 5035 Christi
2291 4976 2677 5049 martyribus,
2701 4977 3057 5033 etomnibus
3090 4978 3310 5034 sanctis
3337 4979 3703 5036 interceden-

317 5080 543 5148 αμώμου
651 5069 710 5127 δε
797 5071 1086 5136 δεσποίνης
1163 5076 1330 5146 ἡμῶν,
1422 5079 1512 5126 καὶ
1594 5072 1937 5147 ἀιεπαρθένου
2050 5069 2081 5124 Ii

2050 5068 2210 5124 tibus
2242 5067 2448 5122 isthch
2477 5067 2776 5130 eveniant,
2796 5083 2833 5121 ο
2859 5067 3241 5123 sanctissia
3270 5073 3327 5124 et
3370 5070 3576 5126 omnia
3602 5086 3705 5140 gu-

320 5171 554 5236 Μαρίας,
600 5170 690 5216 καὶ
765 5173 865 5215 τών
955 5163 1260 5216 καλλινίκων
1346 5166 1622 5237 μαρτύρων
1700 5170 1938 5240 Χριστοῦ
2052 5157 2084 5213 b

2052 5157 2316 5213 bernans
2342 5157 2611 5226 Trinitas,
2639 5156 2700 5212 in
2724 5157 2914 5213 tribus
2945 5159 3219 5229 personis
3242 5163 3297 5214 et
3318 5157 3379 5214 in
3422 5176 3542 5216 una
3571 5162 3707 5218 Dei-

320 5261 413 5310 καὶ
444 5263 544 5307 τῶν
568 5253 728 5325 ἁγίων
773 5254 1034 5308 ἁπάντων.
1085 5257 1286 5306 Γένοιτο
1353 5263 1536 5319 ταῦτα,
1596 5257 1759 5328 Τριάς
1816 5273 1941 5306 παν·
2056 5252 2084 5303 ιλ

2056 5251 2170 5303 tate
2189 5246 2427 5302 adorari
2449 5245 2640 5316 solita,
2665 5262 2850 5318 quam
2871 5246 3042 5304 decet
3061 5248 3259 5303 omnis
3275 5249 3486 5319 gloria,
3508 5249 3705 5310 honos

324 5341 584 5417 τοδύναμε
627 5348 718 5396 καὶ
777 5345 1140 5411 παντάνασσα,
1200 5345 1229 5402 ἡ
1277 5343 1325 5396 ἐν
1395 5350 1699 5418 προσώποις
1778 5365 1943 5419 προσ-
2056 5354 2086 5394 e

1611 5364 1699 5399 τοις
1778 5365 1943 5419 προσ-
2056 5343 2112 5394 et
2135 5336 2410 5394 adoratio
2435 5336 2498 5392 in
2528 5336 2764 5394 inﬁnita
2794 5337 3032 5394 saecula.
3063 5343 3253 5394 Amen
3276 5341 3375 5410 (5).

394 5473 442 5507 “
476 5470 731 5578 Philipp.
776 5487 856 5552 ut,
908 5474 991 5544 l8,
1025 5475 1110 5528 l9.
1222 5472 1272 5506 ⁵³
1304 5445 1459 5527 PsaI.
1492 5487 1632 5538 xvu,
1663 5472 1752 5528 35.
1801 5543 1810 5554 '
1867 5473 1913 5508 ³⁵
1946 5473 2088 5531 Psal.

324 5546 371 5580 ιο
403 5541 529 5580 11-ιπ1
698 5541 871 5580 IlI-uri
927 5548 958 5580 0
1094 5545 1140 5579 33
1171 5543 1298 5580 θυι
1358 5559 1426 5580 γρ
1483 5548 1512 5580 ις
1650 5544 1696 5578 εδ
1729 5543 1853 5580 lI-url
1921 5550 1952 5580 ﬂ

1942 5473 2383 5580 lPsal.“L\lr)lai;,l7.g
2446 5473 2527 5580 ,ξι
2563 5471 2714 5531 Ibid.
2747 5479 2831 5530 l5.
2944 5475 2992 5510 ³⁸
3027 5476 3164 5532 Luc.
3195 5492 3278 5542 Ill,
3311 5481 3364 5534 5.
3479 5479 3526 5514 ³9
3559 5479 3706 5538 Ibid.

403 5541 554 5602 Ibid.
626 5541 644 5544 ⁷
670 5541 712 5580 δι
746 5541 896 5600 Ibid.
927 5541 983 5600 9.
1094 5545 1140 5579 ³³
1171 5543 1321 5600 PsaJ.
1358 5559 1448 5612 xc,
1481 5548 1533 5599 5.
1650 5544 1696 5578 ⁸³
1729 5543 1876 5601 Ibid.
1921 5550 1975 5601 6.
2092 5546 2167 5599 “4

765 5541 896 5600 bid.
927 5541 983 5600 9.
1094 5545 1140 5579 ³³
1171 5543 1321 5600 PsaJ.
1358 5559 1448 5612 xc,
1481 5548 1533 5599 5.
1650 5544 1696 5578 ⁸³
1729 5543 1876 5601 Ibid.
1921 5550 1975 5601 6.
2092 5546 2138 5581 “
2165 5545 2317 5601 Psal.
2354 5549 2408 5615 5,
2446 5549 2529 5602 13.

391 5671 477 5742 (5)
507 5669 888 5751 Disquisistio
909 5669 987 5751 de
1004 5669 1120 5727 isto
1136 5671 1443 5751 _G_ermano
1460 5673 1703 5751 revocat
1722 5670 1868 5727 mihi
1892 5670 1954 5751 in
2062 5686 2256 5751 sacro,
2270 5687 2333 5751 v_o
2348 5671 2834 5751 Germanus-Aab
2845 5673 3194 5751 prisciillius
3212 5676 3508 5751 Germani,
3533 5678 3713 5751 patri-

323 5741 1157 5817 memoriain,quodestapud
1167 5742 1957 5817 PossevinuminApparatu
2065 5743 2263 5802 archae
2280 5744 2736 5820 Constantinop.
2750 5741 2995 5805 nomine
3016 5741 3616 5809 circumferrilibrtim
3627 5750 3716 5810 De
