4468 6450
304 402 411 456 διε
1591 400 1660 456 in
1698 373 2049 452 vmwicn

1899 377 2049 449 ten
2086 387 2384 454 unum.
3561 391 3663 462 ets

300 527 407 598 γὰρ
463 529 550 577 καὶ
573 524 882 577 ἀποστόλων
919 529 1179 599 καύχημα
1216 530 1242 580 ό
1292 528 1537 601 σταυρὸς,
1580 523 1653 578 δι’
1692 521 1750 576 οὖ
1776 541 1904 574 παν-
1938 522 1985 572 Α
2025 521 2064 572 tt

1897 549 1904 560 -
1938 522 1985 572 Α
2025 521 2172 585 tum,
2204 521 2589 602 todidemque
2634 523 2938 597 baptismi,
2987 525 3210 600 quibus
3251 525 3661 601 perﬁciuntur,

300 618 390 673 τός
442 618 690 684 γεγόνασι
736 610 1083 686 δυνατώτεροι
1145 612 1391 688 δυνάμεις
1448 614 1639 674 πολλὰς
1680 618 1770 665 καὶ
1803 630 1905 668 ση-
2019 604 2064 659 il

1900 641 1905 650 ι
2019 604 2457 676 immersiones,
2489 613 2920 684 Prophetarum
2958 619 3016 670 et
3067 613 3484 686 apostolorum
3538 615 3664 686 glo-

300 705 426 773 μεῖα
490 702 858 768 εκτελεσαντες,
914 722 1002 754 και
1056 699 1129 754 δι’
1177 701 1236 756 οὗ
1285 703 1462 765 αὐτοῖς
1492 709 1687 775 κόσμον
1719 701 1906 753 ὶσταύ-
2016 694 2064 749 ri

1903 732 1906 739 μ
2016 694 2188 751 riatio
2217 714 2363 754 crux
2393 707 2502 771 est,
2556 718 2678 774 qua
2719 703 3003 758 omnibus
3063 705 3429 775 potentiores
3473 704 3667 761 effecti

299 810 490 864 ρωται,
538 795 627 841 xui
667 793 860 842 τούτων
917 791 1136 853 ἕκαστος
1181 801 1253 862 τῷ
1293 795 1495 864 κόσμῳ,
1537 789 1642 853 οἶος
1675 787 1736 848 ἦν
1775 789 1905 841 ἐκεῖ.
2019 800 2063 836 81

1902 822 1905 830 .
2019 789 2177 852 sunt,
2201 787 2402 843 multis
2418 789 2734 845 virtutibus
2761 796 2814 845 et
2835 791 3021 862 signis
3052 793 3320 863 patratis,
3355 807 3460 864 per
3479 809 3666 864 quam

300 898 387 939 νος
435 880 461 929 ὁ
511 875 737 931 εύδοκών
784 879 832 930 ἕν
886 881 994 940 ταὶς
1042 883 1333 943 ἀσθενείαις
1388 881 1549 933 αὑτοῦ
1593 885 1682 932 καί
1724 880 1902 950 λέγων,
2014 887 2064 927 m

2014 875 2280 930 mundus
2321 876 2434 932 illis
2472 879 2794 935 cruciﬁxus
2825 884 2938 949 est,
2997 885 3054 936 et
3107 880 3360 954 quilibet
3426 882 3668 940 illorum

298 967 464 1019 ⁸Οταν
491 965 712 1035 ἀσθενῶ,
744 973 859 1020 τότε
891 964 1112 1029 δυνατός
1146 969 1272 1042 εἰμι.
2014 976 2062 1015 m

2014 963 2267 1031 mundo,
2297 965 2492 1038 qualis
2521 972 2648 1024 erat
2677 967 2795 1035 ille,
2818 968 2922 1042 qui
2953 968 3067 1024 sibi
3099 968 3385 1041 placebat
3418 969 3478 1025 in
3508 969 3668 1026 inﬁr-

2014 1050 2321 1108 mitatibus
2342 1055 2486 1125 suis,
2513 1054 2719 1113 dicens
2744 1073 2757 1111 :
2788 1057 3034 1126 Quando
3071 1058 3368 1126 inﬁrmor,
3397 1063 3542 1114 tunc
3567 1073 3674 1127 po-

377 1149 589 1209 Πὰντες,
693 1149 842 1216 φησι,
917 1150 1226 1217 κατέχοντες
1306 1147 1567 1221 ῥομφαίας
1642 1141 1734 1196 διά
1781 1151 1905 1214 ,τῶν
2017 1145 2143 1195 tens
2164 1157 2288 1197 sum
2318 1143 2361 1197 ³.

299 1242 483 1305 μηρῶν
558 1233 725 1284 αὐτῶν
783 1232 885 1286 ἀπό
953 1234 1185 1306 θάμϐους
1253 1239 1301 1287 εν
1374 1235 1507 1296 νυξί.
1605 1233 1906 1306 Προκεὲσθω

1905 1264 1906 1273 η
2089 1232 2320 1294 Omnes,
2350 1233 2812 1306 inquittenentes
2830 1236 3067 1306 gladios
3088 1251 3271 1305 super
3305 1237 3540 1305 femora
3563 1251 3669 1292 sua

297 1325 402 1394 γὰρ
470 1325 530 1373 τό
589 1321 883 1393 λειπόμενον
938 1332 1028 1383 τῆς
1085 1323 1386 1395 ᾁσματικῆς
1451 1325 1642 1384 ταύτης
1697 1340 1904 1394 περικο-
2010 1331 2061 1386 μ

2010 1324 2265 1388 propter
2291 1321 2527 1378 timores
2555 1328 2901 1379 nocturnos.
2924 1323 3284 1378 Addendum
3305 1323 3466 1378 enim
3495 1328 3583 1378 est
3609 1323 3671 1380 id

295 1417 418 1470 πῆς.
476 1409 758 1481 Ῥομφαίας
823 1415 908 1463 επὶ
958 1411 1057 1462 τῶν
1105 1420 1306 1484 μηρῶν,
1359 1411 1634 1482 τοῦλόγου
1675 1406 1908 1468 νοοῦντος
2017 1418 2058 1476 q

1907 1429 1908 1463 1
2017 1406 2185 1476 quod
2215 1415 2399 1465 restat
2423 1410 2497 1465 de
2524 1411 2816 1467 sententia
2842 1427 2915 1466 ex
2962 1410 3234 1466 Canticis.
3282 1413 3388 1467 Per
3439 1410 3671 1481 gladios

293 1501 391 1561 τὰς
452 1500 782 1572 ἁναιρετικὰς
847 1503 1152 1573 εγκρατείας
1215 1509 1315 1552 τῶν
1374 1501 1742 1574 ὑπογαστρίων
1811 1517 1901 1549 πα·
2020 1509 2057 1546 3!

2020 1509 2200 1566 super
2217 1494 2446 1553 femora
2466 1497 2549 1554 nil
2587 1497 2750 1554 aliud
2796 1498 3157 1568 intelligitur,
3215 1514 3403 1574 quam
3449 1500 3673 1557 coerci-

298 1588 425 1655 Θῶν,
486 1592 576 1637 καί
633 1590 746 1638 ἔστι
797 1595 1031 1648 τοιοῦτος
1085 1587 1472 1662 ῥομφαιοφόρος
1524 1592 1624 1660 πρὸ
1677 1595 1775 1637 τῶν
1823 1585 1912 1636 άλ-
2021 1581 2062 1635 ti

1910 1617 1912 1626 ι
2021 1581 2212 1638 tiones
2229 1583 2342 1641 illae
2363 1591 2420 1641 et
2437 1586 2850 1655 cohibitiones,
2883 1603 3019 1659 qua:
3033 1586 3393 1660 cupiditates
3425 1587 3505 1643 ad
3528 1603 3674 1647 ven-

292 1674 394 1726 λων
435 1676 462 1726 ό
518 1679 679 1746 μέγας
719 1681 1049 1746 στρατιώτης
1090 1685 1188 1737 τῆς
1230 1679 1468 1749 χάριτος,
1512 1677 1562 1736 ὃς
1607 1672 1913 1727 επιστέλλων
2024 1676 2056 1725 tl

1909 1694 1913 1714 ι
2024 1676 2172 1727 trem
2206 1680 2547 1744 spectantes
2573 1675 2646 1730 de
2676 1676 2875 1732 medio
2906 1675 3138 1732 tollunt.
3165 1675 3673 1746 Hujusmodiense

298 1767 482 1834 φησίν.
541 1765 841 1824 Υπωπιάξω
907 1769 997 1836 μὲν
1063 1769 1120 1817 τό
1197 1774 1350 1838 σῶμα
1417 1770 1507 1817 καὶ
1573 1760 1915 1833 δουλαγωγῶ,
2027 1775 2062 1813 a

1908 1791 1915 1816 ι
2027 1762 2164 1815 ante
2191 1761 2339 1818 alios
2360 1764 2713 1834 praecinctus
2734 1769 2862 1820 erat
2878 1769 3135 1836 magnus
3150 1762 3246 1820 ille
3259 1763 3464 1834 gratia:
3479 1764 3672 1836 miles,

297 1857 488 1924 μήπως
564 1851 735 1912 ἄλλοις
791 1853 1022 1925 κηρὺξας
1096 1854 1251 1915 αὐτὸς
1346 1851 1595 1926 ἀδόκιμος
1659 1855 1912 1922 γένωμαι·
1949 1866 1988 1918 Β
2027 1864 2061 1920 q

1949 1866 1988 1918 Β
2027 1849 2130 1920 qui
2148 1848 2209 1904 in
2222 1851 2491 1922 quadam
2509 1851 2762 1923 epistola
2777 1852 2857 1907 ita
2872 1851 3136 1924 loquitur
3160 1871 3173 1907 ι
3201 1851 3442 1923 Castigo
3455 1869 3678 1924 corpus

297 1941 662 2016 Ἐφήρμοσται
716 1938 775 1994 δέ
859 1941 1088 2018 ἀρίστως
1268 1943 1433 2016 ἐννοίᾳ
1488 1946 1652 2013 ταύτῃ
1717 1945 1804 1991 xui
1835 1943 1914 2006 τό,
2026 1953 2061 1990 η

1911 1986 1914 2000 ,
2026 1944 2302 2009 meum,et
2332 1942 2389 1994 in
2417 1943 2760 1997 servitutem
2782 1940 3088 2011 redigo,ne
3109 1941 3271 2010 forte
3295 1941 3435 1997 aliis
3459 1941 3675 2012 praedi-

299 2032 406 2082 άπό
477 2028 705 2102 Θάμϐους
762 2031 813 2082 ἐν
859 2031 992 2094 νυξί.
1057 2034 1212 2103 Κάγω
1256 2041 1348 2092 τῆς
1397 2028 1695 2090 Λαυίδικῆς
1757 2031 1915 2082 οπλο-
2026 2043 2063 2082 ιη

1911 2061 1915 2069 ι
2026 2042 2184 2098 cans,
2205 2030 2331 2097 ipse
2347 2030 2635 2099 reprobus
2655 2031 2890 2100 efﬁciar
2912 2031 2952 2084 ‘.
2979 2031 3122 2085 Huic
3144 2031 3449 2088 sententiae
3490 2031 3675 2104 aptis-

302 2120 472 2179 θήκης
523 2119 617 2177 τήν
675 2119 935 2193 ῥομφαίαν
985 2124 1181 2178 ταύτην
1230 2121 1572 2194 άναλεγόμενς
1643 2131 1915 2196 συμμαχῶ
2024 2116 2066 2171 si

1910 2149 1915 2172 μ
2024 2116 2176 2172 sime
2203 2117 2460 2190 quadrat
2507 2120 2685 2175 etiam
2733 2119 2900 2189 illud,
2945 2126 3195 2189 propter
3245 2120 3485 2176 timores
3537 2136 3674 2177 noc-

299 2213 376 2275 τῷ
428 2205 562 2277 λόγῳ
621 2204 986 2279 ἀγωνιζομένῳ
1038 2211 1166 2280 πρὸς
1223 2213 1317 2266 τήν
1364 2205 1651 2272 ἀπόδειξιν·
1711 2212 1910 2282 Ὀπλῳ,
2024 2212 2063 2260 tt

1907 2255 1910 2272 ,
2024 2212 2232 2262 tumos
2253 2208 2294 2260 ⁵.
2323 2209 2385 2262 Et
2401 2223 2513 2277 ego
2535 2224 2606 2263 ex
2623 2208 2906 2265 Davidico
2924 2208 3394 2265 armamentario
3412 2208 3671 2280 gladium

301 2299 461 2366 φησὶ,
533 2295 789 2348 κυκλώσει
852 2315 910 2349 σε
962 2298 990 2354 ὴ
1052 2294 1269 2355 ἀλήθεια
1345 2298 1525 2350 αὐτοῦ·
1605 2300 1664 2351 οὗ
1750 2300 1910 2372 φοϐή·
2022 2295 2061 2350 h

2022 2295 2183 2351 hunc
2207 2294 2596 2368 depromens,
2628 2296 2881 2352 orationi
2912 2296 2990 2352 ad
3013 2296 3388 2370 propositum
3423 2297 3676 2353 demon-

303 2385 446 2455 ϐήσῃ
504 2381 605 2436 ἀπὸ
657 2383 815 2456 φόϐου
867 2387 1184 2459 νυκτερινοῦ·
1241 2389 1310 2442 Τό
1380 2390 1482 2461 γάρ
1531 2389 1682 2442 ὁπλον
1759 2389 1910 2442 ἀναι-
2023 2389 2067 2439 st

2023 2385 2335 2440 strandum
2353 2385 2665 2456 aggressa;
2685 2387 2860 2458 quasi
2885 2386 3193 2458 suppetias
3214 2384 3435 2442 feram:
3468 2387 3673 2452 Scuto,

297 2477 507 2544 ρετικόν
589 2482 690 2525 τῶν
745 2478 1143 2528 επαναστάσεων
1229 2485 1321 2536 τῆς
1390 2483 1602 2551 σαρκός,
1667 2485 1755 2530 καὶ
1814 2487 1912 2530 τῶν
2023 2472 2061 2526 it

1910 2502 1912 2516 ι
2023 2472 2235 2545 inquit,
2259 2475 2654 2530 circumdabit
2685 2480 2740 2530 te
2761 2474 2979 2530 veritas
3001 2476 3129 2545 ejus
3155 2490 3304 2540 mon
3357 2473 3584 2530 timebis
3637 2490 3674 2531 α

297 2561 526 2614 ἐντεῦθεν
610 2573 914 2638 νυκτερινῶν
999 2567 1401 2638 φαντασμάτων.
1489 2572 1730 2620 Τοιοῦτόν
1819 2588 1912 2640 μοι
2023 2566 2061 2615 τί

1911 2612 1912 2617 η
2023 2565 2230 2620 timore
2249 2571 2542 2619 nocturno
2565 2566 2605 2618 ⁸.
2654 2567 2800 2620 Nam
2855 2569 3026 2620 scuto
3080 2565 3195 2619 hoc
3246 2564 3675 2637 impressiones

295 2658 392 2702 τοῦ
459 2650 614 2722 λόγου
668 2656 725 2704 τό
776 2654 990 2728 ὅρμημα
1044 2660 1268 2729 σήμερον
1335 2658 1390 2707 ix
1419 2654 1593 2717 κλίνης
1649 2661 1738 2729 μεν
1807 2660 1911 2708 ἀνι·
2022 2668 2059 2706 οη

2022 2653 2239 2720 carnis,
2267 2658 2324 2708 et
2347 2653 2573 2721 omnia,
2604 2669 2742 2725 quae
2765 2653 2905 2708 hinc
2935 2658 3326 2716 enascuntur,
3381 2657 3677 2710 nocturna

300 2743 579 2810 στάμενον,
634 2747 723 2795 καί
765 2750 856 2802 τῆς
894 2747 1148 2803 κινήσεως
1204 2744 1594 2816 άπαρχόμενον,
1651 2751 1717 2806 εἱς
1759 2741 1817 2798 δέ
1855 2765 1913 2816 γε
2022 2758 2061 2812 p

2022 2742 2449 2818 phantasmata
2468 2748 2524 2798 et
2554 2748 2786 2815 spectra
2797 2741 3160 2814 comprimit.
3180 2742 3318 2798 Tale
3332 2742 3479 2798 mihi
3498 2741 3677 2798 hodie

294 2833 391 2894 τὰς
471 2829 668 2904 πρωίας
719 2835 910 2891 ταύτας
956 2833 1045 2891 τάς
1101 2837 1565 2905 προσκυνησίμους
1632 2841 1724 2886 τοῦ
1791 2855 1912 2886 παν-
2022 2829 2058 2884 d

2022 2829 2263 2885 dicendi
2286 2830 2602 2887 exordium
2637 2831 2764 2898 erit,
2792 2847 2866 2886 ex
2903 2830 3120 2886 lectulo
3177 2830 3427 2902 quidem
3473 2846 3679 2887 exsur-

255 2923 560 2976 -σεϐάστου
633 2926 863 2994 σταυροῦ
915 2918 1212 2971 ἁποκτεῖνον
1283 2922 1480 2982 πάντας
1552 2927 1675 2983 τοὺς
1749 2921 1913 2994 ἀμαρ-

2021 2935 2188 2990 gens,
2223 2924 2280 2975 et
2310 2919 2389 2975 ad
2415 2920 2530 2975 hoc
2561 2919 2840 2992 progredi
2869 2919 3162 2991 incipiens
3219 2919 3298 2974 ad
3354 2919 3680 2977 matutinas

298 3013 500 3074 τωλούς
527 3019 619 3070 τῆς
645 3017 765 3081 γῆν.
816 3005 977 3061 Οὗτοι
1027 3005 1086 3061 δέ
1111 3014 1216 3061 εἱσι
1277 3006 1542 3082 δαίμονες,
1597 3008 1915 3083 δημιουργοὶ
2021 3023 2062 3061 νη

2021 3023 2163 3065 vero
2186 3009 2328 3065 istas
2358 3010 2524 3064 omni
2552 3010 2933 3066 veneratione
2977 3009 3177 3077 dignae
3227 3008 3420 3064 crucis
3467 3009 3682 3066 adora-

295 3110 393 3164 τῆς
450 3101 706 3173 ἁμαρτιας
761 3102 852 3149 καί
903 3105 997 3159 τῆς
1045 3116 1233 3160 κακιας
1278 3104 1597 3174 γεννήτορες.
1648 3100 1773 3173 Ἀήρ
1810 3102 1910 3175 γὰρ
2021 3098 2059 3153 ti

2021 3098 2233 3164 tiones,
2266 3114 2464 3155 omnes
2506 3104 2848 3167 peccatores
2888 3102 3064 3154 terrae
3112 3097 3529 3165 interﬁciens’.
3584 3098 3679 3155 Isti

297 3194 329 3252 ἦ
392 3201 455 3264 τῇ
497 3195 642 3263 χειρὶ
712 3191 1050 3259 τυπούμενος,
1104 3188 1133 3245 ἢ
1193 3196 1253 3260 τῇ
1308 3189 1512 3262 γλώττῃ
1569 3195 1903 3263 τυπτόμενος,
1955 3202 2058 3273 Ca

1955 3218 1994 3273 ρ
2022 3191 2245 3243 autem.
2279 3191 2419 3243 sunt
2447 3186 2775 3252 daemones,
2819 3191 3044 3242 satores
3077 3186 3303 3256 peccati
3327 3190 3385 3240 et
3438 3185 3679 3243 malitia

293 3289 362 3353 τῇ
422 3287 623 3352 γραφῇ,
683 3284 746 3349 τῇ
820 3276 1003 3334 κλήσει
1063 3284 1125 3348 τῇ
1207 3286 1486 3350 σταυρικῇ,
1569 3282 1634 3329 τὰ
1708 3282 1914 3352 εναίρια
2023 3293 2057 3347 8

2023 3276 2470 3347 genitores.Aer
2486 3276 2647 3331 enim
2679 3275 2768 3332 vel
2793 3290 2982 3330 manu
3011 3273 3324 3339 formatus,
3356 3273 3451 3330 vel
3471 3273 3680 3346 lingua

294 3372 573 3442 πνεύματα
645 3368 851 3440 μακράν
943 3365 1236 3429 ἀπελαύνει,
1326 3370 1489 3438 Βαρύς
1558 3370 1697 3419 εστιν
1789 3369 1914 3439 ἡμῖν
2023 3383 2058 3439 p

2023 3382 2366 3439 percussus,
2382 3367 2555 3434 signo
2569 3364 3011 3421 etinvocatione
3025 3363 3218 3419 crucis
3232 3362 3425 3420 aerios
3442 3364 3681 3436 spiritus

294 3464 390 3511 καὶ
491 3456 823 3530 βλεπόμενος,
911 3459 999 3506 καὶ
1101 3453 1433 3528 ἁκουόμινος,
1531 3455 1766 3527 λέγοντα,
1873 3457 1899 3507 ὁ
2023 3472 2058 3528 p

2023 3453 2235 3528 procul
2258 3454 2463 3525 abigit.
2496 3455 2723 3522 Gravis,
2753 3452 3053 3526 inquiunt,
3094 3451 3272 3508 nobis
3320 3457 3408 3508 est
3454 3469 3602 3509 crux
3626 3457 3684 3511 et

299 3551 544 3622 σταυρὸς.
2024 3561 2063 3598 V

2024 3545 2159 3600 visu
2179 3547 2235 3600 et
2264 3543 2491 3599 auditu.

373 3647 508 3697 ’Ὁτι
590 3648 762 3696 τοίνυν
812 3642 1068 3714 όφθαλμοι
1097 3646 1187 3714 μεν
1241 3651 1340 3694 τῶν
1408 3651 1630 3708 πιστῶν,
1701 3642 1915 3704 ὀπτικάς
2099 3634 2137 3698 0

2099 3631 2353 3698 Quando
2385 3630 2563 3701 igitur
2598 3629 2758 3687 oculi
2804 3628 3072 3685 ﬁdelium
3132 3629 3492 3686 emissiones
3549 3629 3683 3687 illas

301 3733 590 3809 ἁπορῥοὶας
648 3731 1062 3804 ἐξακοντίσαντες
1152 3733 1237 3782 επὶ
1293 3735 1378 3783 τόν
1435 3736 1681 3802 σταυρὸν,
1758 3734 1921 3790 καθη-
2029 3738 2062 3775 V

1916 3765 1921 3772 .
2029 3720 2251 3777 visivas
2281 3720 2360 3776 ad
2401 3735 2640 3774 crucem
2689 3717 3053 3789 ejaculanttm
3110 3715 3464 3773 sanctiﬁcati
3520 3724 3680 3786 sunt,

298 3806 630 3896 γίάσθησαν.
659 3823 715 3873 αἱ
746 3817 806 3873 δε
852 3820 946 3872 τοὺ
982 3828 1254 3893 αγιασμοῦ
1317 3823 1654 3895 κορεσθείσαι
1708 3821 1922 3895 πλήρεις
2029 3811 2062 3866 ἱ]

1917 3841 1922 3881 ;
2029 3811 2263 3883 illasque
2293 3809 2469 3865 donis
2494 3807 2838 3864 caelestibus
2867 3806 3204 3878 cumulatae,
3239 3807 3430 3878 gratia
3467 3807 3681 3880 plena,

301 3895 534 3988 χάριτος
586 3908 860 3984 παλίρῥοοι
914 3912 1040 3982 πρὸς
1114 3914 1206 3968 τήν
1267 3906 1408 3962 ἰδίαν
1455 3915 1629 3980 πηγήν
1658 3908 1918 3981 ἀνεχύθη-
2031 3917 2065 3955 Γι

2031 3900 2336 3971 reciproco
2382 3914 2562 3954 cursu
2623 3896 2705 3953 ad
2754 3911 2932 3951 suam
2979 3895 3272 3966 originem
3317 3902 3685 3967 remearunt,

500 4000 654 4074 χείλη
717 3996 775 4052 δέ
834 3995 1182 4052 διασταλίντα
1272 4003 1403 4071 πρός
1465 3998 1767 4072 ἀσπασμόν,
1835 3995 1922 4051 εἶτ’
2030 3989 2071 4045 la

1917 3995 1922 4012 '
2030 3989 2192 4045 labia
2242 4004 2382 4044 vero
2411 3987 2657 4043 diducta
2687 3984 3187 4042 adsalutationem
3242 3989 3300 4040 et
3356 3986 3681 4059 osculum;

305 4092 498 4168 ἀθρόον
557 4090 973 4162 συμπτυχθεντα
1021 4090 1225 4140 καὶτὸν
1274 4091 1624 4160 ὶποχοὺμενον
1688 4089 1814 4162 ἀέρα
1851 4097 1922 4158 τῷ
2031 4079 2069 4134 d

2031 4079 2248 4134 deinde
2266 4077 2578 4134 confestim
2603 4075 2902 4132 conducta
2925 4080 2982 4130 et
3009 4089 3384 4147 compressa,
3414 4079 3472 4131 et
3484 4091 3686 4132 aerem

307 4186 431 4253 θείῳ
517 4187 728 4253 σταυρῷ
809 4180 1194 4250 άνιμήσάμενα,
1249 4183 1339 4229 xui
1453 4178 1926 4250 συνεφελκιζόμενα
2033 4171 2071 4226 d

1923 4199 1926 4227 ;
2033 4171 2254 4226 divina;
2285 4168 2445 4224 cruci
2471 4165 2902 4222 circumfusum
2915 4164 3272 4230 haurientia,
3293 4164 3687 4223 etintrorsum

301 4269 534 4341 ἔνδοθεν,
629 4275 803 4320 πᾶσαν
877 4273 969 4325 τὴν
1049 4276 1148 4318 τῶν
1226 4266 1537 4338 σπλάλχνων
1630 4272 1924 4339 οίκονομιαν
2034 4267 2065 4315 ι]

2034 4258 2348 4327 trahentia,
2367 4271 2614 4313 omnem
2634 4253 3030 4310 membrorum
3047 4253 3330 4309 fabricam
3359 4259 3416 4310 et
3432 4254 3688 4328 disposi-

309 4362 574 4422 ζωοποιοῡ
627 4359 946 4430 εμπνεύσεως
1026 4355 1280 4419 ἔπλησαν,
1342 4361 1432 4407 xui
1494 4357 1758 4429 ὄσφρησίς
1833 4351 1927 4407 διά
2035 4351 2073 4405 ti

1923 4357 1927 4406 ἱ
2035 4351 2260 4405 tionem
2272 4347 2502 4402 viviﬁca
2517 4345 2789 4418 quadam
2805 4343 3194 4416 inspiratione
3212 4343 3687 4416 compleverunt,

306 4459 404 4510 τῆς
486 4444 674 4500 ἐκεῖθεν
759 4448 1140 4516 ἁποπνεομένης
1232 4440 1458 4506 εὐωδίας
1546 4444 1922 4516 ἠγαλλιάσατο·
2037 4455 2070 4494 0

2037 4437 2288 4494 olfactus
2308 4437 2556 4507 insuper
2583 4432 2889 4504 voluptate
2920 4431 3196 4502 perfusus
3225 4436 3318 4486 est
3343 4431 3423 4487 ob
3441 4447 3691 4488 suaveo-

311 4542 532 4608 μέτωπα
614 4533 694 4602 δε,
778 4533 1012 4608 βλέφάρά
1076 4553 1130 4586 τε
1186 4538 1276 4585 xui
1331 4538 1557 4608 κορυφαὶ
1613 4541 1725 4594 ταῖς
1777 4531 1928 4605 ἁφαῖς
1965 4528 2075 4627 ῡιε

1927 4555 1928 4560 π
1965 4575 2008 4627 D
2035 4527 2284 4584 lentiam
2312 4525 2450 4581 inde
2474 4527 2858 4588 manantem;
2893 4520 3114 4576 frontes
3151 4526 3460 4594 praeterea,
3493 4527 3548 4578 et
3593 4539 3691 4578 su-

311 4628 782 4699 καθηγιάσθησανο
863 4628 979 4698 φερε
1048 4627 1139 4675 καὶ
1204 4625 1295 4682 τὰς
1365 4621 1526 4684 ἀκοὰς
1585 4627 1926 4694 κατακοσμή-
1965 4609 2007 4627 υ
2038 4633 2075 4690 p

1965 4609 2007 4627 ν
2038 4616 2304 4690 percilia,
2327 4620 2384 4670 et
2402 4616 2648 4670 vertices
2683 4615 2963 4668 contactu
2991 4609 3526 4667 sanctiﬁcationem
3561 4627 3690 4684 per-

317 4736 511 4790 σωμεν,
572 4715 642 4776 ὠς
691 4717 740 4766 ἓν
786 4733 898 4766 τισι
949 4713 1179 4774 ἐνωτίοις
1221 4719 1448 4785 χρυσοῖς
1495 4720 1604 4774 τοῖς
1641 4719 1732 4764 τοῦ
1761 4732 1926 4764 σταυ-
2039 4723 2081 4763 Cl

2039 4710 2326 4780 ceperunt
2351 4722 2363 4759 :
2397 4701 2662 4776 agedum
2691 4717 2868 4758 aures
2893 4716 3138 4773 quoque
3184 4715 3491 4770 ornemus,
3517 4700 3694 4776 quasi

314 4789 412 4884 ροῦ
493 4809 786 4877 ἐγκωμίοις,
873 4802 979 4875 οὐχ
1053 4805 1131 4854 ὅτι
1174 4804 1239 4853 τά
1292 4802 1516 4874 ἡμέτερα
1575 4804 1803 4875 χρύσεα,
1867 4801 1926 4853 οὐ
2038 4813 2078 4870 q

2038 4795 2412 4870 quibusdam
2432 4792 2743 4849 inauribus
2764 4789 2962 4846 aureis
2983 4789 3176 4845 crucis
3205 4790 3542 4862 praeconiis,
3568 4806 3693 4848 non

314 4895 474 4950 τοῦτό
557 4913 712 4966 φημι,
789 4892 898 4945 ἀλλ’
957 4896 1037 4944 ὅτι
1106 4888 1179 4943 δι’
1242 4891 1398 4943 αὑτὸν
1481 4889 1926 4963 ἐγκωμιαζόμενον
2038 4903 2078 4960 q

2038 4885 2206 4960 quod
2224 4891 2431 4941 nostra
2443 4881 2856 4939 existimemus
2869 4895 3054 4936 aurea
3072 4898 3085 4946 ;
3100 4894 3223 4935 non
3235 4880 3318 4934 ita
3343 4879 3538 4935 sentio
3562 4878 3694 4947 ;sed

315 4991 494 5060 τίμια.
573 4990 803 5056 Τιμᾱται
888 4985 990 5058 γὰρ
1074 4987 1163 5034 xui
1225 4982 1373 5044 ξύλον
1442 4986 1604 5054 χερσὶ
1657 4978 1926 5054 δρυτόμου
2038 4994 2078 5050 q

2038 4979 2203 5050 quod
2237 4975 2355 5031 sint
2381 4973 2461 5029 ad
2480 4973 2698 5044 ipsam,
2733 4987 2868 5042 quae
2902 4969 3198 5036 laudatur,
3242 4970 3411 5024 omni
3446 4984 3694 5025 venera-

317 5058 622 5151 ἁπερρωγός
695 5069 916 5146 δένδρου
990 5076 1150 5140 τινός⁹
1230 5076 1320 5123 καὶ
1407 5074 1591 5122 τούτου
1667 5069 1922 5144 ἀκάρπου,
2037 5073 2078 5124 tl

2037 5073 2195 5124 tione
2220 5065 2423 5136 digna.
2459 5065 2790 5117 Honoratur
2836 5059 2997 5114 enim
3021 5064 3079 5113 et
3112 5058 3348 5129 lignum
3385 5058 3698 5131 [manibus

316 5168 434 5218 εἶτα
500 5164 566 5224 εἰς
639 5167 816 5215 κοντόν
888 5160 1396 5236 ἁποτετορνευμένον,
1481 5164 1571 5212 xui
1661 5168 1928 5233 σκῆπτρον
2037 5157 2075 5212 li

2037 5154 2349 5226 lignatoris
2369 5168 2442 5207 ex
2464 5149 2700 5216 arbore,
2724 5163 2914 5221 eaque
2935 5145 3310 5203 infructuosa
3346 5147 3622 5209 recisum,
3648 5148 3697 5204 si

313 5257 584 5326 ὑπανέχον
640 5255 700 5303 τό
749 5249 1052 5324 βασιλικόν.
1119 5246 1262 5302 Οἶδα
1313 5253 1402 5321 μεν
1450 5244 1538 5300 οὖν
1585 5249 1666 5300 ὅτι
1717 5253 1808 5301 καὶ
1836 5251 1931 5310 τὰς
2040 5263 2077 5318 p

2040 5250 2249 5318 postea
2268 5243 2328 5298 in
2346 5247 2592 5298 contum
2614 5237 2979 5306 eﬂormetur,
3012 5240 3435 5309 sceptrumque
3463 5237 3696 5307 regium

315 5345 481 5406 ἀκοάς
528 5343 824 5414 ἡγιάσθητε
904 5340 1356 5414 μελουργουμένων
1433 5347 1532 5390 τῶν
1599 5341 1769 5411 ὕμνων
1832 5346 1930 5390 τών
2043 5354 2079 5391 s‘

2043 5335 2489 5392 sustineat.Non
2510 5345 2606 5385 me
2625 5328 2775 5402 fugit
2796 5328 2996 5399 igitur,
3010 5332 3237 5382 vestras
3257 5342 3502 5400 quoque
3524 5341 3699 5383 aures

320 5442 644 5509 σταυρικῶν.
716 5431 856 5490 Πλὴν
909 5429 1039 5483 ἀλλὰ
1088 5433 1457 5503 πεφεισμενως,
1522 5433 1611 5480 xui
1671 5428 1730 5480 οὐ
1797 5430 1934 5480 κατὰ
2043 5442 2084 5481 sa

1932 5471 1934 5479 ,
2043 5422 2445 5482 sanctiﬁcatas
2476 5435 2605 5477 esse
2645 5417 2891 5490 hymnis
2937 5417 2999 5472 in
3054 5431 3296 5472 crucem
3341 5415 3696 5474 decantatis.

396 5706 419 5739 ³
453 5703 502 5760 lI
532 5705 664 5761 Cor.
696 5719 796 5775 xu,
831 5706 917 5760 i0.
995 5703 1016 5737 ι
1044 5701 1066 5756 Ι
1095 5702 1228 5758 Cor.
1258 5717 1341 5767 ix,
1367 5705 1458 5758 27.
1533 5701 1554 5734 ⁵
1588 5701 1756 5756 Cant.
1787 5714 1869 5772 in,
1899 5699 1956 5753 8.
2031 5697 2054 5732 °
2086 5693 2240 5763 Psal.
2271 5709 2364 5757 xc,
2398 5697 2449 5750 5.
2525 5692 2544 5726 ⁷
2577 5689 2729 5747 Psal.
2762 5705 2813 5759 c,
2844 5690 2898 5743 8.
