4468 6450
819 417 927 487 64‘7
2011 407 2323 482 GERMANl
2360 405 2411 478 Ii
2450 419 2556 483 οι).
2596 411 3079 489 mmmam.
4074 414 4181 481 ets

820 554 1108 610 Caeterum
1134 564 1334 626 parce,
1379 562 1505 608 non
1542 547 1623 607 ad
1667 547 2023 621 satietatem,
2071 563 2185 605 nec
2225 546 2343 604 nisi
2392 544 2472 603 ad
2504 549 2584 603 A:

2412 544 2472 603 td
2504 549 2552 603 Α
2581 552 2732 624 κόρον
2778 557 2868 606 καὶ
2920 558 3088 630 μέχρι
3134 552 3415 625 γεύματος,
3484 546 3606 623 ἄρτι
3663 544 3723 601 δ⁴ε
3779 542 4176 621 δαψιλέστερον,

814 645 1082 713 gustum,
1110 655 1273 697 nunc
1292 642 1495 697 autem
1523 638 1743 697 lautius
1777 642 1835 695 et
1859 638 2163 712 copiosius
2188 635 2252 692 id
2276 634 2470 692 facere

2416 649 2470 691 re
2578 638 2715 712 εἰπερ
2760 644 2787 693 ὀ
2819 640 3057 716 ἀρχηγὸς
3108 651 3206 705 τῆς
3262 641 3399 702 ξῶῆς
3454 646 3547 692 τοῦ
3593 642 3708 691 νέου
3734 635 3945 710 Ἱσραὴ)
3995 640 4180 711 όΧρι-

816 735 1069 806 oportet,
1102 730 1151 786 si
1167 730 1448 803 princeps
1471 728 1603 787 vitae
1623 731 1761 788 novi
1786 728 2015 789 lsraelis
2032 726 2317 792 Christus,
2365 723 2471 796 qui

2417 723 2471 780 ui
2579 732 2721 795 στὸς,
2782 730 2809 783 ὀ
2856 736 2946 784 καὶ
2999 729 3335 804 δημαγωγῶν
3391 733 3530 802 ἡμᾶς
3585 729 3716 800 πρὸς
3744 730 3837 784 τήν
3867 723 4181 799 ἆνωῚερου-

815 823 874 875 et
900 806 979 875 ad
1011 833 1339 891 supernam
1368 818 1694 876 Jerusalem
1718 835 1830 877 nos
1863 816 2122 887 deducit,
2149 818 2320 886 virga
2352 814 2472 870 vir-

2417 829 2472 867 ⁷⁸·
2580 816 2757 890 σαλὴμ
2829 827 2891 892 τῇ
2953 818 3136 895 ῥάϐδῳ
3230 828 3327 881 τῆς
3426 818 3608 871 ἑαυτοῦ
3694 811 3979 887 δυνάμεως,
4065 816 4181 873 ἣτις

817 908 958 963 tutis
992 921 1117 963 suae
1139 907 1181 972 ⁸,
1206 921 1343 980 quas
1375 909 1463 962 est
1491 922 1659 978 crux,
1683 912 1952 965 arentem
1970 920 2173 962 meum
2196 904 2470 960 animum
2578 911 2581 955 1

2415 912 2470 957 ω
2578 911 2716 960 εστὶν
2776 909 2802 960 ὁ
2861 913 3108 985 σταυρὸς,
3162 913 3257 967 τὴν
3298 909 3513 979 άνικμόν
3562 925 3662 979 μου
3707 904 3890 966 πλήξει
3920 899 4179 956 διάνοιαν.

813 995 1364 1069 percusserit.Tunc
1387 994 1547 1052 enim
1573 1012 1680 1070 per
1704 996 1965 1069 gratiam
2021 1010 2195 1051 suam
2246 996 2472 1049 vestras

2416 1006 2472 1047 9.8
2578 1000 2704 1050 Τότε
2752 1000 2850 1072 γὰρ
2928 994 3023 1051 διὰ
3094 1006 3187 1061 τῆς
3271 997 3458 1049 ἑαυτοῦ
3549 997 3769 1067 χάριτος
3876 996 4180 1065 προσκορείς

810 1099 990 1142 aures
1016 1083 1330 1141 exsatiabit
1352 1083 1616 1153 abunde,
1632 1085 1825 1143 etlusa
1837 1100 1999 1159 aqua
2010 1080 2469 1149 benedictionis,

2417 1096 2469 1149 s,
2579 1086 2673 1147 τάς
2783 1084 2942 1147 ἀκοὰς
3016 1086 3158 1159 ὑμῶν
3233 1082 3587 1158 ἀπεργάσεται
3692 1077 3867 1133 ὕδατα
3966 1079 4180 1152 ἐκκρου-

811 1163 939 1230 non
966 1171 1474 1230 contradictionis.
1503 1172 1649 1231 Hinc
1671 1188 1815 1246 ergo
1846 1171 2084 1230 dicendi
2103 1170 2339 1228 initium
2371 1183 2472 1225 su-

2417 1183 2472 1225 [1-
2579 1178 2726 1235 νίσας
2781 1174 3041 1247 εύγογιας,
3120 1174 3216 1227 ούκ
3263 1172 3577 1245 ἀντιλογιας.
3646 1170 3951 1246 ’.ἀρξώμεθα
3989 1165 4043 1221 δ’
4095 1163 4181 1219 οὖν

812 1277 1072 1319 memus.

1060 1303 1072 1318 .
2581 1263 2824 1317 ἐντεῦθεν.

886 1353 1033 1408 Cum
1063 1366 1373 1409 sacrarum
1395 1350 1747 1410 Litterarum
1763 1351 2118 1426 paradisum
2148 1348 2468 1424 perlustro,

2420 1362 2468 1415 ο,
2650 1352 2891 1426 Εύρίσκω
2940 1357 3337 1428 περιερχόμενος
3405 1354 3492 1404 τόν
3544 1343 3868 1422 παράδεισον
3912 1353 4004 1407 τῆς
4055 1351 4184 1419 Γρα-

812 1439 937 1497 duo
964 1439 1128 1511 ligna
1155 1440 1387 1513 reperio
1418 1441 1671 1514 propriis
1686 1446 1745 1498 et
1773 1440 2067 1497 distinctis
2099 1436 2469 1505 nominibus,

2422 1453 2469 1505 3,
2581 1449 2676 1513 φῆς
2721 1441 2848 1505 ξύλα
2891 1444 3113 1515 ὀνόμασι
3181 1440 3360 1516 ῥητοῖς
3438 1447 3540 1492 τῶν
3627 1437 3790 1490 ἄλλων
3859 1443 3953 1498 τῆς
4026 1431 4184 1505 Ἐδεμ

813 1529 892 1586 ab
923 1528 1073 1602 aliis,
1097 1546 1233 1603 quae
1256 1531 1495 1587 erantin
1524 1531 1727 1603 Edem,
1744 1531 1922 1602 lignis
1946 1528 2360 1595 innominatis,
2382 1542 2471 1582 se-

2417 1542 2471 1582 e-
2582 1529 2854 1602 ἀνωνύμων
2949 1529 3109 1593 ξύλων
3222 1531 3591 1604 ἀφοριζόμενοι,
3693 1530 3751 1579 τὸ
3850 1524 3998 1587 ξύλον
4088 1530 4181 1585 τῆς

807 1618 1011 1689 juncta
1041 1637 1053 1674 :
1090 1619 1322 1690 tignum
1356 1620 1619 1678 scientia?
1647 1625 1703 1676 et
1726 1621 1953 1691 lignum
1982 1621 2178 1676 vitae”.
2204 1618 2472 1683 Quorum

2417 1630 2472 1670 ω
2578 1624 2835 1690 γνώσεως,
2923 1624 3014 1672 καὶ
3082 1623 3139 1671 τό
3218 1618 3365 1681 ξύλον
3460 1621 3518 1669 τό
3569 1625 3657 1677 τῆς
3749 1616 3901 1684 ζωῆς,
3979 1611 4047 1665 ὧν
4122 1615 4181 1663 τό

811 1694 959 1762 illud
990 1706 1199 1778 primis
1236 1708 1589 1780 parentibus
1640 1709 2021 1782 propositum
2058 1711 2185 1763 erat
2214 1704 2387 1775 quasi
2409 1703 2471 1759 in

2418 1703 2471 1759 in
2578 1711 2668 1781 μὶν
2726 1707 2798 1770 εἰς
2881 1707 3157 1761 ἀντίπαλον
3233 1711 3337 1768 τοίς
3408 1707 3693 1778 γενάρχαις
3754 1704 4041 1756 καθίστατο
4123 1704 4182 1753 τό

814 1794 1233 1852 adversarium
1250 1813 1264 1866 ;
1285 1796 1401 1853 hoc
1413 1812 1555 1855 vero
1567 1797 1897 1869 repositum
1914 1802 2039 1855 erat
2051 1796 2111 1852 in
2128 1794 2468 1869 praemium.

2414 1809 2468 1849 [ι.
2582 1794 2641 1850 δὲ
2693 1798 2765 1859 εἰς
2838 1796 3054 1850 ἔπαθλον
3126 1800 3511 1869 ὶτεταμίευστο.
3565 1801 3649 1865 Τῷ
3701 1796 3802 1868 γὰρ
3862 1792 4178 1864 Ἀγωνοθέτη

814 1882 905 1940 Sic
921 1884 1083 1940 enim
1096 1885 1294 1941 visum
1306 1885 1817 1956 fuitAgonothetaa
1830 1890 1887 1943 et
1901 1884 2245 1942 certaminis
2273 1881 2471 1956 praesi-
2501 1898 2540 1952 Β

2419 1881 2471 1937 ῑί·
2501 1898 2540 1952 Β
2580 1886 2747 1948 οῦκως
2800 1884 2993 1954 ἔδοξεν,
3056 1886 3139 1938 ἵνα
3183 1890 3255 1959 μὴ
3317 1885 3342 1937 ὁ
3387 1892 3501 1944 νοῦς
3543 1891 3643 1935 τῶν
3702 1881 3982 1955 ἀνθρώπων
4040 1880 4183 1942 ἐκτός

809 1970 870 2030 di
890 1987 967 2030 ne
982 1988 1153 2029 mens
1174 1973 1489 2030 hominum
1518 1974 1644 2031 sine
1660 1973 1820 2031 lucta
1836 1972 2469 2044 languesceret,deses-

2412 1988 2469 2027 :s-
2582 1974 2788 2047 ἀγώνων
2840 1975 3130 2046 καθίζοιτο,
3187 1979 3276 2027 καὶ
3338 1973 3497 2047 ἀργός
3554 1976 3630 2031 εἴη
3690 1976 3783 2024 καὶ
3831 1969 4176 2043 ἀγύμναστος.

808 2077 927 2135 que
941 2067 1170 2120 etextra
1184 2078 1429 2119 omnem
1442 2078 1661 2135 pugnae
1674 2062 1870 2120 aleam
1882 2063 2141 2133 degeret;
2158 2076 2302 2117 nam
2316 2060 2365 2132 ej
2374 2076 2473 2115 us-

2420 2076 2473 2115 s-
2580 2067 2638 2116 τὸ
2692 2065 2795 2137 γάρ
2860 2072 3091 2117 τοιοῦτον
3158 2062 3453 2138 ἀπρόκοπον
3520 2066 3658 2133 μένει
3719 2065 3809 2113 καὶ
3890 2058 4184 2131 ἀστεφάνω-

808 2152 976 2208 modi
996 2151 1135 2217 vita,
1160 2151 1327 2208 omni
1347 2151 1618 2225 profectu
1634 2156 1817 2221 caret,
1841 2168 1950 2208 nec
1969 2151 2156 2208 ullam
2178 2165 2470 2207 coronam

2422 2166 2470 2206 :n
2578 2172 2684 2206 τον.
2736 2150 3009 2228 Προύτεινε
3050 2156 3140 2227 μεν
3193 2153 3280 2205 οὖν
3331 2153 3399 2215 ὡς
3474 2170 3614 2212 τινας
3673 2143 3857 2225 χεῖρας
3915 2152 4041 2225 πρός
4091 2151 4186 2209 τὰς

809 2240 987 2312 parit.
1012 2240 1701 2312 Extenditergolignum
1740 2240 2003 2297 scientiae
2034 2240 2188 2296 velut
2244 2254 2468 2295 manus

2423 2254 2468 2293 ts
2577 2241 2741 2305 λαϐὰς
2801 2246 2859 2295 τό
2922 2242 3068 2306 ξύλον
3150 2249 3241 2303 τῆς
3296 2247 3557 2313 γνώσεως,
3613 2243 3708 2297 τήν
3776 2258 3831 2291 τε
3886 2237 4187 2310 γλυκύτητα

806 2328 1125 2402 quasdam,
1145 2328 1224 2385 ad
1240 2328 1539 2386 manubrii
1552 2328 2467 2402 apprehensionem,suavitatem

2421 2344 2467 2380 m
2578 2337 2669 2385 καὶ
2731 2337 2825 2390 την
2864 2334 3161 2405 ὡραιότητα
3203 2337 3295 2383 τοῦ
3353 2336 3580 2403 καρποῦ,
3640 2330 3856 2381 καὶτὸν
3915 2328 4185 2402 ἄνθρωπον

806 2420 864 2472 et
886 2416 1372 2489 pulchritidinem
1399 2416 1650 2488 fructus,
1682 2418 2121 2491 hominemque
2164 2420 2221 2472 et
2257 2415 2465 2485 oculis,

2424 2432 2465 2485 Β,
2579 2426 2667 2474 καὶ
2706 2417 2779 2474 δι’
2824 2421 3096 2494 ὀφθαλμῶν
3166 2419 3295 2473 εἷλκε
3355 2424 3444 2471 καὶ
3502 2415 3596 2471 διὰ
3641 2416 3886 2489 γλώσσης
3935 2421 4008 2478 εἰς
4049 2414 4188 2469 ἀπό-

808 2509 864 2562 et
889 2504 1097 2575 lingua
1128 2506 1325 2569 traxit,
1376 2511 1442 2562 ut
1487 2506 1588 2562 illo
1636 2506 1832 2563 fructu
1884 2506 2198 2571 frueretur,
2254 2505 2358 2577 qui
2414 2503 2468 2561 ei

2423 2503 2468 2561 ei
2575 2509 2761 2563 λαυσιν
2839 2517 2931 2563 τοῦ
3004 2517 3228 2584 καρποῦ.
3330 2506 3545 2561 ’Ἐκειτο
3598 2510 3700 2580 γὰρ
3766 2525 3916 2560 τουτο
3974 2508 4187 2578 ἦττημα

806 2610 1098 2665 magnam
1123 2595 1359 2652 cladem
1388 2594 1679 2652 allaturos
1726 2600 1873 2663 erat,
1909 2596 1962 2652 si
2003 2594 2468 2668 intemperantia

2420 2594 2468 2650 ia
2577 2596 2704 2652 εἶναι
2758 2607 2831 2669 τῷ
2887 2597 3275 2671 λιχνευσαμὲνῳ
3323 2602 3441 2670 περὶ
3507 2600 3599 2655 τὴν
3685 2593 3905 2669 βρῶσιν.
3977 2598 4184 2666 Γέγονεν

807 2683 1077 2741 devictus
1106 2684 1388 2741 eumdem
1422 2689 1740 2758 gustasset,
1773 2683 1942 2758 quod
1961 2688 2019 2741 et
2040 2684 2237 2740 evenit
2264 2701 2279 2752 ;
2320 2698 2466 2739 nam

2422 2698 2466 2738 n
2575 2688 2730 2757 οῦτω,
2797 2692 2886 2740 καὶ
2947 2690 3190 2758 ἣττηται,
3211 2686 3572 2761 πολιορκηθεὶς
3607 2687 3709 2758 γὰρ
3772 2680 3883 2744 ταῖς
3925 2690 4019 2735 τοῦ
4058 2702 4186 2758 καρ-

806 2771 1141 2829 succubuit.
1194 2774 1339 2829 Cum
1393 2773 1557 2829 enim
1612 2773 1839 2829 fructus
1896 2773 2077 2844 hujus
2135 2770 2465 2829 assultibus

2417 2788 2465 2828 Is
2575 2786 2675 2831 ποῦ
2732 2776 2967 2838 ἀλλοναῖς
3015 2784 3203 2852 χεῖρας
3248 2772 3448 2829 δέδωκε
3495 2783 3558 2847 τῇ
3592 2776 3861 2845 επιθυμίᾳ,
3902 2777 3992 2825 καὶ
4029 2772 4181 2840 ἑάλω,

804 2860 980 2934 quasi
1007 2860 1403 2930 obsideretur,
1436 2876 1656 2918 manus
1686 2860 2002 2935 cupiditati
2022 2860 2205 2929 dedit,
2230 2864 2465 2933 captus-

2423 2878 2465 2916 Β·
2573 2871 2664 2919 καὶ
2717 2862 3043 2919 δεδούλωται
3072 2866 3098 2917 ὁ
3152 2864 3560 2940 βαρυσύμφορος
3624 2867 3715 2915 καὶ
3769 2861 4187 2923 πολυστένακτος

805 2965 923 3022 que
952 2953 1009 3006 et
1033 2949 1097 3005 in
1126 2949 1474 3006 servitutem
1499 2950 1781 3007 redactus
1811 2956 1902 3007 est
1930 2949 2154 3017 infelix,
2183 2954 2241 3006 et
2287 2949 2465 3005 mise-

2423 2965 2465 3005 Ξ·
2574 2954 2854 3028 ἄνθρωπος.
2916 2955 3176 3008 Ἐντεῦθεν
3232 2961 3324 3006 τοῦ
3384 2953 3537 3016 ξύλου
3598 2960 3696 3024 τῇς
3762 2951 3899 3013 ζωῆς
3944 2959 4037 3004 τοῦ
4084 2970 4187 3004 πο-

803 3037 1009 3096 rabilis
1034 3038 1257 3095 homo:
1289 3042 1346 3095 et
1391 3054 1464 3095 ex
1516 3038 1633 3095 hoc
1689 3044 1961 3113 tempore
2007 3055 2045 3096 a
2091 3038 2256 3109 ligno
2304 3039 2463 3108 vitae,

2425 3055 2463 3108 ξ,
2571 3044 2820 3098 λυεύκτου
2891 3043 3114 3097 επάθλου
3184 3051 3287 3104 τοῖς
3352 3039 3584 3104 νικηταῖς
3652 3039 4032 3113 ἀποτυγχάνει,
4094 3045 4189 3092 καὶ

804 3127 1255 3200 exoptatissimo
1277 3128 1376 3184 illo
1397 3127 1723 3185 victoribus
1748 3127 2019 3201 praemio,
2040 3128 2277 3194 excidit,
2301 3132 2357 3183 et
2384 3127 2464 3183 ab

2424 3127 2464 3183 b
2573 3132 2868 3186 ἐκϐάλλεται
2973 3140 3062 3194 τῆς
3135 3132 3323 3186 τούτου
3418 3130 3668 3204 μεθέξεως
3730 3133 4186 3202 τεταπεινωμένος,

805 3215 935 3288 ejus
948 3216 1380 3273 communione
1400 3215 2005 3289 repellitur,abjectus
2033 3221 2091 3273 et
2111 3216 2463 3274 confusione
2496 3247 2536 3302 ρ

2433 3231 2463 3272 e
2496 3247 2536 3302 Ο
2572 3226 3037 3295 κατῃσχυμμένος·
3096 3222 3192 3295 ζῇν
3260 3217 3319 3274 δε
3359 3221 3389 3277 ἡ
3436 3220 3672 3294 ἁμαρτία
3719 3220 4041 3291 άπάρχεται,
4102 3223 4197 3270 καὶ

804 3304 1022 3378 plenus
1050 3323 1062 3362 :
1097 3305 1295 3361 vivere
1320 3321 1464 3363 vero
1491 3306 1619 3378 jam
1644 3310 1961 3378 peccatum
1985 3306 2214 3378 incipit,
2245 3310 2303 3362 et
2354 3305 2463 3361 do-

2433 3335 2463 3347 ι·
2576 3310 2842 3384 βασιλεύει
2911 3309 3011 3363 ἀπὸ
3070 3306 3246 3382 Ἀδὰμ
3294 3312 3387 3371 ἕως
3465 3308 3751 3374 Μωύσέως,
3830 3310 3898 3368 ὡς
3981 3308 4197 3380 ούρανο-

801 3393 1068 3451 minatur
1097 3394 1180 3452 ad
1202 3394 1403 3451 Adam
1437 3410 1623 3466 usque
1655 3395 1737 3451 ad
1758 3395 2024 3466 Moysem
2045 3396 2109 3465 ὀ,
2152 3398 2217 3451 ut
2263 3393 2358 3450 ille
2401 3393 2464 3449 in

2434 3408 2464 3449 ιι
2574 3398 2750 3473 ϐάμων
2813 3399 3016 3462 Παῦλος
3109 3403 3471 3471 μυσταγωγεῖ,
3558 3402 3754 3450 Μωσέα
3823 3398 4198 3468 κατονομάζων

805 3482 1027 3540 caelum
1058 3488 1264 3557 raptus
1296 3483 1516 3541 Paulus
1544 3484 1802 3553 disserit,
1834 3500 1941 3557 per
1966 3485 2229 3555 Moysem
2267 3483 2465 3554 legem

2434 3498 2465 3538 [ι
2572 3492 2659 3541 τὸν
2714 3486 2808 3541 διὰ
2858 3491 3045 3542 τούτου
3111 3484 3389 3561 δεδομένον
3439 3490 3594 3559 νόμον
3652 3484 3725 3557 τῷ
3774 3484 3996 3559 Ισραήλ.
4044 3492 4198 3546 Ζωῆς

798 3573 1155 3645 intelligens,
1186 3589 1322 3646 quae
1351 3572 1534 3645 hujus
1585 3572 1915 3630 ministerio
1949 3572 2152 3629 lsraeli
2181 3573 2325 3630 data
2354 3579 2462 3635 est.

2436 3591 2462 3635 ’.
2575 3576 2635 3633 δέ
2680 3578 2866 3637 κλῆσιν
2916 3578 2945 3637 ἠ
3000 3584 3131 3649 γυνή
3181 3578 3313 3651 μετὰ
3355 3580 3450 3635 τὴν
3495 3574 3795 3650 παράϐασιν
3840 3580 3930 3627 καὶ
3978 3580 4072 3633 τήν
4103 3593 4200 3625 κα-

801 3664 981 3718 Porro
1004 3664 1143 3719 vitta
1168 3661 1635 3734 appellationem
1652 3662 1871 3735 accipit
1888 3661 2151 3719 muliera
2174 3662 2302 3719 viro
2327 3669 2466 3735 post

2431 3669 2466 3722 it
2572 3670 2734 3741 τάραν
2790 3670 2935 3741 παρά
2978 3674 3071 3720 τοῦ
3098 3663 3286 3739 ἀνδρὸς
3337 3661 3579 3737 δέχεται·
3656 3672 3747 3726 τῆς
3794 3667 3896 3739 γὰρ
3947 3664 4195 3737 οὐρανίου

799 3750 1344 3822 transgressionem
1381 3754 1439 3807 et
1466 3750 1951 3807 maledictionem
1982 3769 1996 3818 ;
2027 3767 2171 3808 nam
2204 3768 2343 3808 cum
2391 3768 2466 3810 ex

2434 3770 2466 3810 ι
2572 3762 2663 3810 καὶ
2713 3755 2973 3809 ἀθανάτου
3046 3758 3344 3817 ἐκπεσόντες
3409 3754 3550 3816 ζωῆς
3612 3762 3709 3815 τῆς
3755 3753 4033 3826 ἐμπαθοῦς,
4102 3757 4198 3805 καὶ

800 3840 1024 3897 caelesti
1052 3846 1109 3897 et
1151 3839 1481 3897 immortali
1536 3840 1660 3897 vita
1711 3841 2089 3904 excidissent,
2141 3841 2283 3897 facti
2327 3847 2468 3899 sunt

2429 3847 2468 3899 tt
2572 3845 2867 3920 ἐγαμάρτου
2954 3845 3004 3897 οἰ
3079 3848 3402 3919 προπάτορες
3485 3840 3790 3915 ἀρχηγέται
3889 3846 4193 3914 γεγόνασιν.

798 3928 979 4002 primi
1008 3934 1287 4002 parentes
1306 3928 1499 3985 nostri
1520 3932 1797 3985 auctores
1817 3928 2001 4001 hujus
2023 3933 2107 3985 tot
2132 3929 2465 3987 incommo-

2434 3953 2465 3981 ι·
2577 3943 2657 3991 Ἐν
2720 3934 2996 4009 ⁴ιίινομιζαις
3068 3938 3170 4009 γὰρ
3261 3933 3605 4006 συνελήφθήν,
3709 3937 3800 3985 καὶ
3894 3930 3942 3984 ἐν
4027 3931 4198 4008 ἀμαρ-

798 4017 892 4075 dis
913 4023 971 4075 et
991 4018 1253 4091 peccatis
1274 4016 1555 4074 obnoxias
1581 4017 1740 4075 vitae.
1764 4018 1835 4073 In
1858 4019 2281 4090 iniquitatibus
2309 4022 2463 4077 enim

2434 4037 2463 4077 η
2570 4031 2705 4087 τίαις
2792 4024 2982 4082 ἐκύησέ
3053 4043 3113 4076 ut
3197 4025 3227 4082 ἠ
3296 4028 3474 4097 μήτηρ
3556 4041 3657 4095 μου
3743 4024 3870 4076 Εὔα·
3938 4021 4019 4073 ὃτι
4094 4024 4198 4075 αῦτ

799 4113 1115 4177 conceptus
1140 4123 1295 4177 sum,
1326 4111 1379 4164 et
1403 4110 1467 4163 in
1504 4107 1767 4177 peccatis
1820 4109 2090 4177 concepit
2149 4124 2243 4165 me
2270 4115 2465 4166 mater

2432 4126 2465 4166 1·
2572 4120 2750 4188 μὼτηρ
2854 4116 3066 4167 πάντωυ
3177 4120 3278 4165 τῶν
3365 4111 3570 4173 ζώντων
3663 4115 3757 4170 τὴν
3855 4113 4196 4186 φθειρομένην

795 4212 929 4254 mea
958 4198 1000 4235 ιι
1036 4196 1369 4270 Eva;quia
1389 4196 1525 4269 ipsa
1547 4201 1739 4252 mater
1760 4200 1853 4251 est
1899 4197 2193 4269 omnium,
2241 4198 2345 4270 qui
2401 4198 2462 4255 in
2574 4205 2735 4266 ξώήν.

795 4286 912 4344 hae
936 4284 1307 4359 corruptioni
1338 4283 1614 4357 exposita
1637 4285 1760 4342 vita
1781 4286 2029 4356 degunt.

869 4374 1008 4432 Haec
1037 4374 1284 4450 quidem
1311 4375 1373 4431 in
1399 4373 1565 4431 hunc
1591 4374 1846 4431 modum
1869 4391 1999 4432 sese
2019 4375 2331 4433 habebant
2358 4395 2371 4446 ;
2405 4380 2463 4434 et

2428 4380 2463 4434 rt
2642 4377 2773 4453 Εἶχε
2852 4381 2943 4453 μὲν
3043 4378 3179 4431 οὕτω
3247 4384 3436 4431 ταῦτα·
3502 4381 3592 4429 καὶ
3652 4371 4055 4450 συμποδίζομαι
4114 4385 4192 4449 τῷ

797 4477 910 4534 ego
935 4480 1058 4536 prin
1080 4463 1321 4535 ignavia
1350 4463 1627 4536 implicor
1664 4468 1721 4520 et
1744 4463 2040 4537 illaqueor
2066 4464 2231 4535 ligno
2266 4470 2458 4522 scien-

2428 4497 2458 4521 ,ο
2571 4469 2707 4541 ξύλῳ
2751 4477 2843 4530 τῆς
2889 4473 3123 4541 γνώσεως
3174 4470 3229 4520 εκ
3298 4469 3582 4541 ῥᾳθυμίας,
3643 4472 3735 4519 καὶ
3801 4465 4192 4520 κατολισθαὶνω

795 4554 913 4622 tite,
938 4558 996 4610 et
1018 4569 1167 4610 casu
1188 4553 1359 4624 gravi
1381 4569 1617 4620 corruo,
1642 4558 1700 4609 et
1720 4570 1756 4610 a
1776 4554 1943 4625 ligno
1963 4554 2100 4610 vitae
2116 4554 2456 4626 abstrahor,
2487 4599 2533 4652 Β

2427 4572 2456 4626 ⁵,
2487 4599 2533 4652 D
2570 4568 2760 4633 πτῶμα
2810 4557 3175 4631 παγχάλεπον,
3241 4561 3328 4608 καὶ
3401 4554 3687 4628 ἀφέλκομαι
3752 4563 3845 4609 τοῦ
3897 4564 3994 4619 τῆς
4042 4557 4191 4620 ζωῆς

787 4645 1042 4724 jamque
1068 4643 1153 4700 nil
1182 4644 1300 4700 nisi
1326 4643 1752 4701 mortalitatem
1786 4643 2046 4701 redoleo.
2099 4645 2253 4712 Quid
2296 4647 2458 4703 enim
2487 4641 2537 4716 ’ί

2424 4664 2458 4703 n
2487 4641 2537 4716 ’ί
2570 4648 2744 4716 ξύλου,
2785 4651 3091 4721 ναρὸτητος
3145 4641 3252 4704 ἤδη
3323 4644 3522 4706 ἀπόζω.
3584 4648 3648 4697 Τί
3695 4646 3797 4720 γὰρ
3852 4648 4022 4698 κοινόν
4050 4644 4188 4699 ἀθα-

792 4732 1219 4791 immortalitas
1270 4749 1409 4789 cum
1456 4732 1814 4789 mortalitate
1853 4749 2177 4791 commune
2238 4736 2458 4793 habet?

2430 4737 2458 4792 ?
2565 4744 2726 4811 νασίᾳ
2781 4736 2870 4789 καί
2915 4738 3224 4803 θνητότητι;
3293 4733 3666 4792 Ἀντανίστησι
3754 4729 3813 4786 δὲ
3888 4754 3980 4806 μοι
4036 4734 4186 4797 ξύλο-

793 4814 1070 4893 Exsurgit
1101 4828 1308 4880 autem
1337 4820 1486 4878 mihi
1514 4821 1701 4879 altera
1719 4839 1792 4879 ex
1817 4829 1985 4896 parte
2008 4823 2172 4880 aliud
2198 4823 2453 4897 lignum,

2422 4844 2453 4893 ι,
2565 4831 2752 4902 ἕτερον,
2806 4831 2897 4879 καὶ
2952 4827 3141 4897 χεῖρας
3216 4822 3501 4895 ἀνειμένας,
3580 4827 3669 4875 καὶ
3716 4827 3909 4894 γόνατα
3961 4823 4186 4897 παραλε-

790 4926 1138 4986 manusque
1166 4911 1451 4968 remissas
1491 4916 1550 4967 et
1587 4926 1787 4981 genua
1815 4910 2108 4969 dissoluta
2156 4929 2231 4970 ex
2281 4915 2458 4974 ruina

2421 4932 2458 4974 ει
2563 4916 2757 4991 λυμένα
2804 4914 2860 4967 ἐκ
2911 4922 3003 4967 τοῦ
3050 4912 3407 4985 ὀλισθήματος
3464 4911 3772 4986 παρακαλεῖ·
3835 4908 4031 4987 ῥάϐδος
4089 4919 4184 4967 καὶ

792 5002 1023 5069 excitat;
1042 5017 1190 5058 nam
1217 5002 1393 5073 virga
1424 5001 1671 5057 virtutis
1684 5017 1834 5067 crux
1861 5016 1898 5058 a
1920 5002 2141 5059 Davide
2164 5004 2325 5076 picta
2346 5011 2451 5062 est.

2420 5011 2451 5062 l.
2562 5010 2663 5081 γὰρ
2724 5002 3047 5078 δυνάμεωςὸ
3104 5006 3329 5079 σταυρὸς
3380 5010 3453 5074 τῷ
3513 4996 3683 5054 Δαυῖδ
3739 5004 3968 5076 εἴρηται.
4028 5006 4184 5057 Καὶὸ

790 5093 989 5163 Quam,
1012 5108 1151 5149 vero
1175 5089 1552 5149 admirabilis
1582 5096 1669 5147 est
1689 5091 2091 5165 reparationis
2112 5094 2302 5166 ipsius
2327 5111 2455 5152 mo-

2422 5116 2455 5148 ι-
2562 5102 2754 5173 τρόπος
2837 5103 2928 5156 τῆς
3009 5091 3348 5169 ἀνορθώσεως
3428 5095 3498 5154 ὡς
3554 5094 3888 5165 θαυμαστός;
3948 5099 4186 5169 κινεῖται

788 5182 905 5240 dus
928 5183 956 5238 ?
983 5184 1411 5240 Commovetur
1438 5180 1699 5254 propriis
1742 5181 2073 5239 visceribus
2110 5183 2189 5240 ad
2227 5186 2453 5243 miseri-

2420 5186 2453 5243 i—
2566 5187 2894 5259 σπλάγχνοις
2940 5187 3147 5244 οἰκείοις
3202 5184 3275 5245 εἰς
3302 5182 3437 5235 ἔλεον
3469 5185 3500 5233 ὅ
3550 5186 3817 5242 Δεσπότης
3868 5185 3959 5234 καί
4010 5188 4184 5254 ’Ἄγω-

789 5272 1061 5351 cordiam
1091 5260 1379 5329 Dominus
1412 5276 1469 5329 et
1517 5271 1894 5343 Agonotheta
1946 5280 2151 5331 noster
2183 5290 2195 5342 ;
2255 5292 2453 5350 neque

2422 5294 2453 5335 e
2559 5278 2773 5338 νοθέτης
2820 5294 2944 5349 μου,
2994 5277 3086 5325 καὶ
3139 5273 3234 5325 οῦκ
3283 5273 3529 5343 άνέχεται
3590 5269 3797 5344 βλέπειν
3843 5274 3903 5323 τὸ
3958 5270 4186 5345 πλάσμα

788 5361 1041 5436 sustinet
1065 5360 1266 5419 videre
1295 5361 1655 5432 ﬁgmentum
1706 5376 1960 5418 manum
1996 5379 2244 5422 suarum
2276 5366 2452 5438 cujus

2417 5384 2452 5423 .s
2558 5373 2659 5419 τῶν
2720 5370 2921 5419 οἰκείων
2977 5369 3193 5439 χειρῶν,
3254 5359 3381 5434 ύπέρ
3433 5367 3492 5413 οῦ
3534 5364 3629 5418 τὴν
3686 5362 3903 5414 πάντοτε
3950 5368 4019 5434 γῇ
4052 5381 4181 5415 συν-

787 5442 985 5523 gratia
1002 5456 1188 5509 totam
1204 5466 1407 5508 rerum
1422 5449 1873 5507 universitatem
1885 5493 1898 5519 ,
1913 5457 1971 5508 et
1983 5453 2282 5526 quidquid
2296 5455 2355 5511 in
2378 5471 2452 5514 ea

2414 5472 2452 5514 ε,
2558 5455 2784 5519 επήξατο
2837 5450 3084 5528 σφαῖραν,
3121 5455 3212 5504 καί
3278 5449 3380 5503 ὅσα
3408 5452 3605 5513 ταύτης
3651 5445 3863 5503 ἓνδσθεν
3911 5454 4178 5527 φέρονται,

786 5536 1142 5614 cOntinetur,
1167 5537 1543 5613 condiderat,
1569 5539 1923 5597 daemonum
1944 5543 2229 5599 manibus
2255 5542 2445 5619 illudi,

2413 5545 2445 5619 i,
2556 5550 2719 5620 χερσὶ
2789 5540 3053 5618 δαιμόνων
3127 5542 3464 5615 παιζόμενον,
3530 5545 3621 5594 καὶ
3711 5542 3901 5594 ὡσανεὶ
3946 5548 4177 5621 σφαῖραν

789 5710 792 5714 -
858 5668 880 5707 '
907 5665 1063 5729 Psal.
1094 5683 1206 5737 cu,
1238 5670 1292 5725 2.
1442 5668 1464 5705 ’
1497 5666 1644 5726 Gen.
1674 5682 1733 5738 ιι,
1765 5670 1853 5728 l7.
1968 5668 2013 5705 ¹⁰
2044 5670 2215 5727 Rom.
2251 5673 2304 5742 5,
2340 5662 2425 5730 14.

1191 5710 1206 5737 ,
1238 5670 1292 5725 2.
1442 5668 1464 5705 ’
1497 5666 1644 5726 Gen.
1674 5682 1733 5738 ιι,
1765 5670 1853 5728 l7.
1968 5668 2013 5705 ¹⁰
2044 5670 2215 5727 Rom.
2251 5673 2304 5742 5,
2340 5662 2425 5730 14.
2558 5672 2601 5708 ιι
2634 5669 2784 5730 Psal.
2815 5687 2870 5743 ι,
2900 5675 2953 5728 7.
