4468 6450
272 414 378 469 649

1578 411 1648 469 IN
1685 403 2043 467 VlVlFlCAM
2080 402 2382 467 CRUCEM.

3543 413 3648 472 650

271 539 409 589 κατὰ
465 545 570 608 γῆς
643 535 961 607 κυλιόμενον,
1014 540 1104 589 καὶ
1183 539 1605 611 περισυρόμενον.
1679 540 1880 589 Γίνεται
1914 541 1955 595 Α

1994 537 2047 589 et
2068 532 2226 590 velut
2253 532 2440 605 pilam
2479 531 2815 606 quamdam
2839 533 2899 589 in
2957 536 3115 590 terra
3165 534 3325 591 volvi
3371 541 3431 591 et
3460 538 3641 594 trahi.

272 632 441 678 τοίνον
498 627 525 677 6
580 630 690 687 νέος
755 622 953 697 Ἀδὰμ,
1004 632 1093 678 καὶ
1152 626 1490 699 ἐμφανίζεται
1554 634 1627 678 τῶ
1693 630 1878 697 κόσμῳ

274 713 793 789 ἁνθρωποτροπικῶς,
892 719 950 767 τὸ
1035 717 1310 789 θεοπρεπὴς
1389 716 1729 788 οἰκονομικῶς
1827 714 1875 765 ἐν

273 803 483 866 πολλοῖς
541 803 917 875 συγκαλύπτων
991 801 1085 856 διὰ
1162 808 1248 857 τόν
1299 804 1592 861 ἀντίπαλον.
1656 809 1756 857 Καὶ
1816 800 1877 861 ἦν

274 895 568 965 ἱμπρακτος
618 902 771 945 τούτο
816 888 1143 945 διδασκαλία
1194 902 1265 964 τῷ
1335 896 1627 968 προπάτορι
1678 911 1879 965 μυστα-

272 987 586 1053 γωγουμένῳ
675 978 974 1053 προδήλως,
1058 983 1196 1043 ὅπως
1255 989 1344 1035 καὶ
1421 983 1576 1035 αὐτόν
1631 978 1738 1034 ἔδει
1785 987 1878 1039 την

272 1069 443 1127 πάλην
497 1075 611 1122 τότε
655 1072 1157 1142 μεταχειρίσασθαι.
1242 1072 1301 1123 Εἰ
1364 1074 1465 1144 γὰρ
1548 1069 1666 1141 ἐγὼ,
1723 1075 1875 1139 φησὶ,

272 1162 415 1211 κατὰ
472 1162 627 1231 φύσιν
678 1163 808 1220 Θεὸς
862 1161 929 1211 ὡν
988 1158 1082 1211 κάν
1142 1167 1251 1222 τοῖς
1302 1160 1537 1233 ούρανοῖς
1599 1169 1873 1229 κατοικῶν,

273 1248 346 1308 εἰς
370 1255 473 1318 γῆν
500 1250 750 1320 ἀφῖγμαι,
814 1253 904 1299 καὶ
952 1253 1115 1320 μέχρι
1152 1246 1341 1301 δούλου
1398 1258 1602 1321 μορφῆς
1658 1247 1877 1321 ἐμαυτόν

270 1339 619 1405 ἑταπείνωσα,
650 1333 743 1388 διὰ
769 1341 820 1389 τί
857 1341 923 1390 σὺ
960 1343 1139 1408 γηῑνον
1192 1337 1371 1391 ἑαυτὸν
1430 1335 1603 1405 εἰδως,
1655 1337 1875 1395 πηλίνηι

270 1426 442 1477 οἰκίαν
472 1431 735 1494 οἰκοῦντα,
789 1425 860 1478 ἐνὶ
910 1422 1193 1494 πηδήματι
1245 1435 1344 1478 τῶν
1399 1427 1649 1502 οὐρανίων
1719 1428 1881 1501 ύπερ-

271 1516 356 1567 θεν
400 1513 635 1585 ἀντύγων
685 1513 966 1587 ἐπειράθης
1019 1514 1434 1587 ὑπεράλλεσθαις
1504 1512 1719 1572 Ἐὃέησε
1777 1534 1882 1567 τοι-

266 1603 467 1677 γαροῦν
517 1607 605 1656 τὸν
660 1600 770 1655 ἶσον
800 1602 975 1674 ἀγῶνα
1000 1605 1127 1677 ὑπὲρ
1183 1606 1329 1675 ἡμῶν
1379 1600 1739 1666 ἀναδέξασθαι
1790 1608 1877 1656 τόν

270 1691 621 1763 ἀγωνοθέτην,
651 1697 743 1745 καὶ
784 1691 1036 1765 ἐντέχνως
1096 1693 1441 1745 ύποσκελίσαι
1486 1696 1571 1745 τόν
1625 1696 1878 1768 ἡμέτερον

268 1788 617 1855 πτερνιστήν.

343 1874 586 1925 Φυτεύετε
639 1879 915 1946 τοιγαροῦν
983 1870 1129 1934 ξύλον
1191 1871 1240 1924 ἰν
1301 1876 1441 1943 τόπῳ
1499 1877 1745 1947 Κρανίου.
1804 1876 1876 1925 Τό
1911 1882 1951 1936 Β

269 1955 332 2011 δὲ
373 1965 615 2034 Κρανίον,
670 1960 817 2031 λόγος
872 1960 1176 2032 φιλαλήθης,
1229 1963 1569 2035 προπάτοροσ
1626 1963 1880 2033 τυγχάνει

266 2045 467 2122 Ἀδὰμ,
497 2054 587 2101 καί
622 2052 812 2102 ὡσανεί
866 2048 944 2101 ἐπ’
1005 2050 1145 2120 αύτῷ
1190 2052 1342 2122 θεατῇ
1382 2054 1439 2101 τό
1478 2047 1693 2102 στάδιον
1730 2052 1882 2124 ὑπέρ-

265 2158 425 2211 χεται
459 2146 551 2191 τού
586 2138 953 2210 παλαίσματος
988 2140 1013 2191 6
1065 2145 1314 2211 Χριστός.
1353 2139 1411 2191 Ὀ
1445 2144 1644 2214 καρπός
1683 2136 1742 2192 δῖε
1776 2147 1867 2192 τοῦ

264 2229 423 2290 ξύλου
452 2231 640 2281 τούτου
679 2230 896 2291 θάνατος
941 2226 1001 2286 ἧν
1050 2226 1463 2300 προδηλότατος,
1532 2225 1698 2300 μηδεν
1759 2239 1887 2301 προ·

1008 2314 1147 2390 μηδί
1231 2314 1455 2383 ἔνδοξον,

1070 2414 1317 2480 φρονοῦσι
1395 2408 1460 2457 τα
1517 2414 1618 2457 τῶν
1680 2405 1876 2479 ἀνθρώ-

264 2317 578 2389 ϐεϐλημένος
639 2316 929 2389 ἐπαγωγόν,
1008 2314 1147 2389 μηδί
1231 2314 1455 2383 ἔνδοξον,
1539 2314 1757 2380 ἀδοξίαν
1824 2314 1884 2370 δε

262 2412 525 2478 μεγίστην
607 2411 697 2458 καὶ
794 2402 988 2466 ὄνειδος

498 2500 593 2549 Καὶ

263 2588 461 2657 ὡραῖος
517 2582 578 2643 ἦν
638 2584 711 2647 ii;
758 2586 941 2659 ὅρασιν
994 2590 1084 2636 καὶ
1142 2583 1298 2645 καλός
1359 2583 1429 2645 εἰς
1484 2583 1707 2656 βρῶσιν,

262 2515 367 2547 των
400 2539 415 2552 .
498 2500 593 2549 Καὶ
685 2496 711 2547 6
770 2499 859 2567 μεν
926 2499 1119 2567 καρπός
1178 2494 1359 2555 ἐκεῖνος
1418 2503 1510 2555 τῆς
1592 2500 1833 2565 γνώσεως
1869 2538 1882 2563 ,

1793 2589 1881 2636 καὶ

257 2673 472 2744 ὑψηλὰς
852 2682 946 2735 τῆς
1015 2675 1247 2735 Barba-tm;
1302 2676 1635 2745 προῦτιινεν,
1722 2675 1747 2724 ὁ

266 2767 574 2835 σταυρικός,
649 2763 944 2815 τούναντίον
1024 2763 1178 2833 ἅπαν,
1272 2764 1407 2814 ὥστε
1466 2761 1703 2836 πόρρωθν
1798 2767 1885 2814 τόν

262 2853 489 2906 Ἠσαῖαν
576 2861 758 2905 τούτου
838 2849 1034 2923 ἰδόντα,
1094 2858 1184 2904 καὶ
1256 2854 1614 2924 παθηνάμενον
1673 2852 1875 2923 λέγειν·

265 2939 495 3015 Εἷδομεν
552 2942 726 3008 αὑτὸν,
788 2947 877 2994 καὶ
931 2942 1025 2993 ούκ
1083 2939 1223 3013 εἶχεν
1283 2937 1423 3003 εἶδος
1484 2938 1608 2993 οὐδὲ
1666 2942 1875 3007 κάλλος,

268 3031 399 3084 ἀλλά
488 3035 545 3083 τό
623 3028 761 3091 εἶδος
860 3030 1021 3083 αὑτοῦ
1120 3032 1327 3101 ἄτιμον,
1416 3028 1645 3082 ἐκλεῖπον
1739 3034 1883 3105 παρά

263 3124 465 3181 πάντας
515 3120 843 3195 ἀνθρώπους.
926 3125 1026 3172 Καὶ
1112 3119 1169 3171 ού
1241 3123 1393 3191 μόνον
1453 3116 1640 3181 άὸοξος
1704 3121 1729 3171 6
1787 3129 1877 3172 του

269 3211 429 3274 ξύλου
454 3213 646 3263 τούτου
698 3213 916 3285 καρπὸς,
974 3208 1100 3260 ἀλλά
1158 3228 1247 3261 και
1320 3213 1603 3283 πικραίνων
1656 3214 1750 3267 τὴν
1804 3214 1881 3260 αῖ-
1915 3239 1955 3294 C

270 3302 495 3357 σθησιν.
550 3300 721 3357 Χολὴν
770 3302 870 3371 γαρ
927 3297 1181 3357 ἀπέϐλυζε
1224 3318 1236 3330 ·
1285 3300 1350 3349 τα
1401 3300 1501 3371 γὰρ
1561 3297 1755 3367 γλυκὶα
1807 3308 1879 3369 τῷ

268 3392 570 3464 προπάτορι
616 3390 687 3451 εἰς
742 3388 909 3461 χολὴν
962 3388 1191 3462 ἐστράφη
1229 3396 1301 3457 τῷ
1352 3392 1445 3445 τὴν
1503 3397 1706 3439 πτῶσιν
1761 3392 1883 3441 τού-

268 3498 364 3531 του
393 3477 806 3530 ἀναπαλαίοντι·
862 3482 951 3529 καὶ
1009 3482 1241 3548 γίνονται
1291 3480 1358 3529 τὰ
1422 3476 1624 3528 ἐναντία
1688 3478 1887 3550 ἰάματα

270 3576 377 3619 τῶν
453 3566 713 3634 ἰναντίων,
782 3572 871 3619 καὶ
925 3568 950 3619 6
1008 3568 1310 3640 πικρανθεὶς
1360 3567 1518 3627 σώζει
1576 3570 1661 3618 τόν
1723 3564 1885 3625 ἡδυν-

274 3659 431 3710 θὲντα
480 3666 553 3728 τῷ
610 3656 748 3727 καλῷ
813 3660 943 3730 πρὸς
999 3654 1201 3729 βρῶσιν
1264 3664 1469 3729 καρπῷ,
1520 3660 1609 3707 καὶ
1668 3656 1884 3709 ἑκουσία

269 3748 545 3817 γύμνωσις
609 3750 668 3798 τό
728 3753 822 3806 τῆς
876 3746 1071 3819 φθορᾶς
1115 3741 1314 3817 ἔνδυμα
1397 3747 1684 3815 θεραπεύει,
1739 3746 1881 3797 καιό

269 3833 462 3897 ἄδικος
493 3838 708 3895 θάνατος
742 3839 829 3886 εὸν
889 3832 1097 3886 δίκαιον
1150 3833 1368 3906 ἀναιρεῖ,
1418 3840 1508 3886 καὶ
1575 3838 1633 3885 τό
1703 3834 1875 3901 ξύλον,

264 3929 328 3977 τό
402 3931 582 4001 πρώην
636 3923 889 3999 ἐπάρατον
939 3929 1029 3976 καὶ
1083 3926 1442 3988 θανατόπονόν,
1502 3929 1570 3984 εἰς
1633 3922 1873 3994 εὐλογίαν

263 4013 605 4085 ἀποτελευτᾷ,
643 4019 732 4065 καὶ
765 4014 903 4074 ζωὴν
931 4019 1137 4065 αἰώνιον
1176 4012 1466 4065 ἀναϐάλλει.

1990 621 2261 677 Nascitur
2309 636 2453 692 ergo
2517 637 2711 677 novus
2773 624 2987 690 Adam,
3040 622 3394 696 mundoque
3452 626 3650 697 specie

1990 710 2259 766 humana
2284 710 2624 777 innotescit,
2644 711 2910 766 divinam
2931 711 3328 781 majestatem,
3353 717 3515 770 certa
3530 714 3650 768 dis-

1988 800 2339 871 pensatione
2370 801 2430 856 in
2458 800 2659 855 multis
2683 805 2887 872 tegens
2910 800 2989 856 ob
3012 800 3451 858 adversarium.
3477 803 3650 868 Quod

1989 888 2187 959 primo
2239 889 2472 961 parenti
2518 888 2778 945 efficacis
2834 890 3219 945 institutionis
3285 890 3419 945 loco
3476 896 3647 961 erat;

1990 976 2216 1048 quippe
2239 977 2550 1048 perspicue
2582 976 2816 1043 edocto,
2849 977 3160 1049 quomodo
3191 983 3248 1033 et
3274 978 3475 1050 ipsum
3510 984 3651 1034 tunc

1989 1065 2068 1119 ad
2094 1079 2363 1135 pugnam
2386 1064 2611 1134 accingi
2636 1066 2982 1137 oportuerit.
3006 1066 3062 1121 Si
3090 1066 3249 1121 enim
3272 1082 3403 1136 ego,
3433 1067 3647 1139 inquit,

1988 1154 2092 1225 qui
2123 1158 2339 1209 natura
2395 1156 2548 1209 Deus
2577 1170 2731 1223 sum,
2784 1160 2840 1210 et
2886 1155 2945 1209 in
2986 1154 3150 1211 cmlis
3174 1156 3403 1220 habito,
3438 1157 3496 1212 in
3539 1162 3651 1213 ter-

1989 1258 2121 1297 ram
2141 1242 2448 1309 descendi,
2479 1248 2535 1299 et
2553 1259 2742 1315 usque
2763 1243 2839 1299 ad
2863 1244 3121 1300 formam
3140 1245 3294 1300 servi
3316 1261 3413 1301 mc
3435 1246 3652 1301 demisi

1992 1338 2049 1387 et
2076 1332 2289 1404 abjeci.
2322 1350 2509 1405 quare
2540 1339 2622 1403 tu,
2683 1334 2869 1406 quite
2912 1340 3247 1391 terrestrem
3275 1352 3425 1403 esse,
3486 1342 3543 1393 et
3589 1337 3651 1393 iu

1988 1420 2149 1477 lutea
2164 1421 2349 1478 domo
2369 1422 2641 1479 habitare
2659 1438 2782 1479 non
2800 1423 3146 1494 ignorabas,
3166 1439 3287 1479 uno
3301 1424 3453 1480 saltu
3472 1441 3653 1497 super

1989 1524 2203 1565 omnes
2224 1510 2495 1567 caelestes
2526 1510 2704 1568 orbes
2730 1510 2949 1567 saltare
2998 1516 3250 1568 conatus
3283 1528 3346 1567 es
3368 1514 3395 1568 ?
3426 1514 3649 1579 Quam-

1990 1598 2201 1654 obrem
2232 1614 2478 1656 necesse
2525 1599 2655 1663 fuit,
2690 1604 2754 1655 ut
2815 1600 2947 1672 ipse
2999 1600 3403 1670 Agonothetes
3452 1610 3653 1659 noster

1990 1702 2200 1758 parem
2231 1702 2341 1759 pro
2366 1687 2541 1743 nobis
2573 1702 2845 1760 pugnam
2875 1688 3069 1756 iniret,
3108 1705 3370 1763 eumque
3400 1691 3506 1763 qui
3532 1690 3652 1747 cal-

1989 1791 2245 1831 caueum
2269 1779 2536 1832 nostrum
2561 1776 3194 1843 observat,artificiose
3213 1777 3650 1850 supplantaret.

2065 1866 2381 1935 Eapropter
2416 1866 2649 1933 lignum
2698 1866 3003 1936 plantatur
3044 1866 3103 1921 in
3162 1866 3296 1922 loco
3344 1866 3650 1923 Calvariaa.

1994 1954 2124 2008 Htec
2153 1969 2293 2009 vero
2324 1954 2615 2020 Calvaria,
2650 1961 2714 2009 ut
2769 1970 2912 2010 vera
2943 1954 3179 2011 traditio
3230 1955 3433 2022 habet,
3476 1955 3652 2027 primi

1989 2042 2252 2114 parentis
2282 2041 2630 2109 Adamiest,
2667 2058 2790 2115 quo
2830 2043 2989 2100 velut
3025 2048 3357 2116 spectatore
3398 2045 3655 2115 ingredi-

1994 2136 2089 2187 tur
2123 2131 2391 2188 Christus
2448 2131 2712 2188 stadium
2772 2132 3094 2205 locumque
3169 2134 3531 2190 certaminis.
3584 2140 3656 2190 At

1994 2221 2218 2277 fructus
2248 2221 2393 2290 ligni
2448 2222 2631 2292 hujus
2676 2238 2839 2277 mors
2869 2228 2995 2279 erat
3046 2224 3381 2280 certissima
3419 2230 3475 2279 et
3507 2240 3653 2295 prie-

1995 2309 2378 2375 sentissima;
2410 2310 2575 2379 nihil,
2607 2310 2775 2383 quod
2805 2327 3074 2367 recreare
3104 2318 3328 2384 posset,
3383 2312 3651 2384 nihilque

1996 2399 2199 2469 gloriae
2228 2400 2559 2466 continens,
2596 2401 2741 2473 quin
2772 2401 2973 2472 potius
3004 2401 3183 2473 plena
3231 2402 3543 2458 dedecoris
3595 2408 3655 2459 et

1996 2488 2324 2561 opprobrii,
2344 2488 2570 2559 judicio
2592 2488 2850 2560 illorum,
2879 2490 2983 2562 qui
3005 2491 3275 2546 humana
3300 2496 3534 2547 tantum
3554 2507 3653 2548 sa-

1997 2577 2184 2649 piunt.
2248 2580 2313 2632 Et
2369 2576 2597 2633 fructus
2657 2578 2751 2632 ille
2798 2580 3045 2651 quidem
3096 2580 3357 2635 scientiae
3405 2579 3656 2651 pulcher

1996 2672 2122 2722 erat
2152 2667 2300 2734 visu,
2334 2668 2718 2737 etjucundus
2747 2672 3011 2737 gustatu,
3057 2676 3113 2725 et
3139 2670 3467 2738 magnifica
3498 2670 3655 2726 divi-

1995 2755 2195 2810 nitatis
2227 2754 2633 2826 adipiscendae
2685 2771 2792 2827 spe
2822 2756 3132 2828 implebat.
3166 2762 3239 2812 At
3290 2760 3482 2814 crucis
3536 2758 3653 2813 fru-

1996 2851 2125 2899 ctus
2150 2845 2448 2899 contrario
2468 2860 2720 2916 prorsus
2743 2845 2926 2900 modo
2960 2862 3089 2901 sese
3113 2846 3321 2902 habuit
3346 2864 3358 2912 ;
3389 2854 3453 2902 ut
3476 2849 3657 2903 Isaias

1995 2933 2232 2988 eminus
2267 2934 2550 2989 eumdem
2574 2934 2959 3005 conspicatus
2987 2940 3043 2990 et
3063 2936 3384 2991 miseratus
3406 2936 3654 2992 dixerit:

2007 3024 2272 3079 Vidimus
2307 3025 2503 3085 illum,
2527 3031 2581 3079 et
2604 3040 2724 3080 non
2746 3024 2995 3081 habebat
3014 3027 3298 3095 formam,
3323 3043 3511 3097 neque
3524 3029 3659 3097 pul-

1994 3114 2418 3177 chritudinem,
2447 3115 2550 3171 sed
2581 3117 2802 3185 species
2823 3117 2991 3171 illius
3022 3119 3149 3172 sine
3183 3116 3409 3173 honore
3435 3120 3557 3186 fuit
3590 3121 3656 3184 ¹²,

1994 3209 2078 3271 ut,
2132 3203 2299 3276 quod
2330 3206 2407 3259 ad
2458 3204 2622 3259 illam
2677 3204 2903 3270 attinet,
2965 3205 3251 3261 omnibus
3307 3206 3660 3263 hominibus

1994 3292 2190 3348 forma
2218 3292 2461 3348 inferior
2490 3294 2681 3348 fuerit.
2714 3296 2916 3365 Neque
2971 3294 3169 3350 solum
3219 3296 3447 3351 fructus
3480 3297 3662 3367 hujus

1996 3380 2228 3437 arboris
2257 3382 2545 3453 inglorius
2592 3382 2722 3451 fuit,
2781 3382 2887 3437 sed
2941 3387 2999 3439 et
3055 3400 3298 3439 sensum
3375 3386 3663 3441 amaritu-

1995 3471 2135 3527 dine
2174 3471 2415 3538 infecit;
2448 3486 2594 3526 nam
2624 3470 2702 3526 fel
2746 3471 3048 3535 stillabat;
3081 3488 3218 3545 qua:
3273 3473 3434 3530 enim
3464 3475 3662 3547 primo

1995 3560 2227 3631 parenti
2272 3560 2436 3614 fuere
2466 3558 2687 3628 dulcia,
2729 3575 2800 3616 ea
2850 3560 2910 3615 in
2957 3559 3034 3616 fel
3068 3576 3363 3617 conversa
3391 3567 3530 3618 sunt
3588 3564 3662 3631 ei,

1993 3648 2098 3719 qui
2130 3664 2339 3703 casum
2367 3648 2524 3703 illius
2565 3649 2885 3719 reparavit,
2916 3648 3189 3721 fiuntque
3222 3651 3665 3707 contrariorum

1994 3736 2298 3793 contraria
2345 3736 2810 3807 medicamenta,
2846 3741 2903 3792 et
2959 3738 3012 3793 is
3059 3736 3165 3809 qui
3195 3739 3665 3796 amaritudinem

1991 3832 2272 3899 expertus
2303 3830 2413 3894 est,
2442 3830 2645 3881 servat
2670 3826 2839 3881 illum
2881 3826 2985 3898 qui
3018 3826 3268 3898 pulchro
3302 3828 3499 3884 fructu
3533 3846 3667 3887 sese

1988 3916 2336 3980 oblectaret,
2371 3921 2427 3970 et
2472 3914 2824 3971 voluntaria
2853 3915 3096 3971 nuditas
3146 3918 3551 3989 corruptionis
3582 3920 3644 3975 in

1993 4008 2356 4063 dumentum
2385 4009 2573 4071 curat,
2608 4019 2894 4076 morsque
2924 4004 3389 4076 injustajustum
3410 4008 3670 4089 perimit,

260 4111 321 4163 et
348 4105 583 4171 lignum
630 4103 761 4174 jam
805 4102 1038 4175 pridem
1065 4100 1508 4158 exsecrandum
1547 4106 1605 4157 et
1656 4100 2036 4157 mortiferum
2085 4095 2147 4153 in
2198 4093 2684 4150 benedictionem
2739 4093 2978 4161 desinit,
3039 4096 3349 4168 vitamque
3380 4102 3669 4154 aeternam

259 4186 567 4269 producit.

324 4283 609 4338 Κάντευθεν
707 4282 1195 4352 παιδαγωγούμεθα
1304 4284 1435 4352 πρὸς
1518 4282 1602 4332 τὸν
1728 4282 1894 4352 μέγαν

256 4373 459 4445 ἀγῶνα,
518 4377 609 4424 καὶ
667 4370 1075 4443 ἕπιγινῶσκομεν
1116 4374 1208 4428 τὴν
1277 4366 1499 4441 μέθοδον
1551 4376 1643 4421 τοῦ
1702 4368 1893 4422 παλαῖ-

1872 4450 1893 4491 ς

707 4277 1195 4353 παιδαγωγούμεθα
1304 4284 1435 4355 πρὸς
1518 4282 1602 4332 τὸν

264 4481 489 4535 σματος·
553 4467 643 4514 καὶ
707 4462 1028 4533 μανθάνομεν
1080 4463 1146 4512 τὰ
1219 4456 1481 4517 ἡδυνόντα
1564 4461 1755 4526 πάντα,
1828 4461 1866 4509 ὠ

2078 4275 2221 4340 Quae
2253 4273 2458 4329 omnia
2488 4272 2567 4330 ad
2616 4272 2831 4343 ingens
2861 4278 3166 4330 certamen
3197 4290 3308 4331 nos
3358 4276 3663 4343 erudiunt,

2005 4367 2062 4419 et
2080 4363 2219 4419 hinc
2240 4378 2459 4435 pugnae
2484 4363 2775 4419 rationem
2793 4365 3238 4434 cognoscimus,
3257 4365 3667 4438 discimusque

2003 4452 2210 4508 omnia
2248 4452 2521 4523 jucunda
2552 4456 2616 4508 ut
2644 4452 2830 4508 tristia
2869 4458 2926 4508 et
2957 4452 3178 4510 acerba
3204 4454 3509 4524 defugere,
3543 4472 3667 4528 quo

264 4548 526 4623 ὀδυνηρά,
589 4553 965 4624 παρατρέχειν,
1046 4552 1238 4621 γυμνοί
1321 4549 1675 4622 προσθαθείας
1760 4549 1890 4599 εἶναι
1926 4545 1955 4598 Ε

2001 4540 2149 4596 nudi
2180 4542 2369 4596 simus
2400 4542 2478 4596 ab
2506 4541 2674 4597 omni
2696 4556 2839 4611 erga
2886 4541 3189 4597 mundum
3220 4541 3559 4612 affectione,
3592 4561 3667 4601 ne

264 4649 360 4693 τού
408 4644 636 4712 κόσμου,
712 4641 795 4691 ἱνα
884 4643 953 4710 μὴ
1028 4640 1129 4710 ἔχη
1226 4640 1603 4712 κοσμοκράτωρ
1700 4636 1884 4699 λαϐάς·

264 4731 661 4801 ύπερεύχεσθαι
710 4732 1038 4802 επηρεαστῶν
1112 4730 1181 4787 ὡς
1236 4729 1534 4799 ευεργετῶν,
1586 4726 1645 4777 ἂν
1707 4723 1889 4798 διαμε-

264 4820 521 4895 ρίζωνταί
549 4820 776 4879 τινεςτὰ
821 4820 1006 4891 ἱμάτια
1059 4820 1127 4869 τὰ
1184 4815 1238 4867 ἐκ
1286 4825 1377 4876 τῆς
1426 4820 1729 4890 τετρακτύος
1786 4824 1886 4867 τῶν

269 4913 560 4980 στοιχείων
617 4906 1072 4980 συμπεπλεγμένα,
1152 4904 1273 4979 μηό¹
1347 4905 1771 4977 ἐπιστρέφεσθαι·
1839 4909 1890 4956 τί

267 5001 375 5071 γὰρ
408 4996 470 5049 ἂν
531 5001 624 5049 καὶ
674 4994 931 5069 βλάψειαν
982 5002 1074 5047 τού
1132 4996 1322 5047 ἄνωθεν
1380 4993 1744 5066 ἐξύφασμὲνου
1801 5014 1892 5065 χι.

263 5098 452 5158 τῶνος,
480 5092 614 5161 φημί
637 5096 728 5147 τῆς
754 5086 959 5158 ψυχῆς,
1018 5090 1157 5138 σὼου
1213 5089 1304 5136 καί
1369 5082 1631 5158 ἀρραγοῦς
1706 5080 1892 5155 διαμέ-

262 5196 488 5245 νοντος;
560 5181 649 5230 τόν
719 5178 934 5229 θάνατον
1017 5174 1169 5227 τύτόν
1241 5176 1311 5236 ὡς
1374 5177 1495 5247 ὄναρ
1557 5172 1887 5243 λογίζεσθαι.

262 5270 461 5325 Ἔσται
517 5270 619 5342 γὰρ
678 5267 800 5319 ὁταν
860 5262 1273 5336 διυπνισθῶμεν,
1324 5267 1411 5315 καὶ
1465 5268 1554 5321 τὴν
1612 5261 1890 5337 ἀνέσπερον

266 5364 474 5434 ἡμὶραν
521 5353 901 5430 ὀψόμεθα’καί
982 5356 1338 5426 κατάσχωμεν
1398 5351 1643 5424 ἀσφαλῶς
1696 5356 1789 5409 τὴν
1843 5350 1890 5403 ἐν

269 5456 428 5505 νυκτὶ
450 5456 544 5502 τοῦ
586 5446 707 5522 βίου
735 5445 1122 5520 φανταζομένην
1155 5447 1278 5517 ἡμῖν
1307 5440 1608 5515 βασιλείαν.

365 5746 413 5783 ¹²
445 5745 563 5813 lsa,
596 5741 734 5807 LIII,
760 5745 813 5796 2.

652 5814 905 5871 Ριτιιοιι.
949 5811 1050 5868 Gn.
1095 5808 1246 5867 CXL.

2000 4631 2282 4703 princeps
2313 4630 2495 4701 hujus
2528 4630 2738 4686 mundi
2781 4632 3164 4687 occasionem
3217 4632 3508 4689 adversus
3556 4650 3667 4690 nos

1999 4721 2276 4792 accipiat.
2311 4720 2603 4775 Discimus
2652 4720 2828 4775 etiam
2887 4720 3027 4776 hinc
3072 4737 3243 4777 orare
3298 4738 3406 4793 pro
3463 4724 3533 4778 iis
3562 4724 3668 4795 qui

1998 4826 2110 4864 nos
2131 4809 2360 4865 laedunt
2386 4815 2679 4881 tanquam
2710 4825 2821 4881 pro
2851 4809 3377 4867 benefactoribus:
3413 4817 3470 4868 et
3520 4813 3669 4869 nihil

1999 4900 2245 4965 morari,
2280 4899 2326 4954 si
2356 4899 2461 4970 qui
2490 4898 2767 4954 dividant
2799 4901 3151 4956 vestimenta
3180 4916 3253 4956 ex
3283 4902 3669 4973 quadruplici

1999 4988 2437 5045 elementorum
2469 4988 2617 5044 serie
2643 4995 3065 5059 coagmentata
3092 5008 3104 5057 ;
3138 4990 3285 5063 quid
3308 4991 3467 5047 enim
3488 5007 3670 5047 nocu-

2000 5077 2188 5133 menti
2236 5077 2452 5133 inferre
2497 5083 2744 5149 queant,
2803 5079 2852 5133 si
2898 5079 3098 5135 tunica
3143 5080 3377 5151 superis
3431 5081 3493 5136 in
3551 5083 3672 5136 oris

2002 5172 2184 5237 texta,
2206 5168 2413 5223 anima
2438 5167 2711 5240 inquam,
2737 5168 2905 5224 salva
2935 5174 2992 5225 et
3010 5169 3245 5239 integra
3272 5172 3673 5242 permaneat?

2004 5257 2301 5312 Discimus
2328 5257 2588 5328 denique
2632 5257 2830 5329 ipsam
2863 5262 3117 5313 mortem
3168 5262 3467 5331 tanquam
3510 5276 3672 5315 som-

2002 5346 2173 5402 nium
2195 5346 2509 5418 quoddam
2540 5352 2836 5418 reputare.
2873 5346 2991 5402 Erit
3032 5347 3190 5402 enim
3240 5353 3481 5419 tempus
3535 5365 3674 5404 cum

2004 5436 2502 5509 expergeﬁemus,
2538 5435 2821 5509 diemque
2854 5437 2982 5493 sine
3008 5453 3260 5510 vespera
3282 5437 3675 5509 intuebimur,

2006 5542 2335 5599 secureque
2366 5526 2805 5599 occupabimus
2836 5527 3001 5599 illud,
3035 5528 3205 5600 quod
3249 5528 3310 5583 in
3359 5535 3533 5585 nocte
3563 5530 3672 5585 hu-

1999 5617 2102 5691 jus
2126 5615 2263 5673 vitae
2294 5616 2498 5675 animo
2529 5620 2586 5673 et
2613 5616 2972 5689 cogitatione
2995 5617 3389 5692 concepimus
3420 5634 3679 5692 regnum

3360 5802 3424 5857 2i
