4468 6450
841 410 945 468 65d.
2021 384 2343 446 GERMANI
2382 381 2429 435 ll
2468 378 2570 434 GP.
2611 375 2705 434 PA

2553 415 2570 432 .
2611 375 3100 447 PATRIABCHE.
4103 395 4210 448 252

910 533 1138 598 Videte,
1163 528 1362 603 qualis
1411 523 1622 581 schola
1657 518 1894 577 virtutis
1924 516 1999 572 sit
2059 527 2226 568 crux.
2269 504 2493 572 Videte,
2525 503 2574 555 Α
2680 502 2706 559 ἐ

1006 621 1025 630 -
1133 620 1189 630 -.
1454 629 1459 630 ,
1541 610 1745 630 me“:
1795 604 2091 630 unum,
2164 600 2226 630 ,η
2279 593 2493 630 ηωιιηη
2604 595 2706 630 .nm

2551 506 2574 555 ι
2604 502 2860 630 “Cpit:
2960 515 3066 569 οἷον
3139 515 3326 588 ἀρετῆς
3415 512 3794 590 παιδευτήριον
3851 517 3878 566 6
3955 519 4202 588 σταυρός.

2670 617 2790 630 λη-.
2817 609 2889 630 -.ι
2925 607 3057 630 μέ--.
3085 609 3206 630 --ΛΑ
3241 608 3471 630 .--μμ-ὲ--
3502 607 3530 630 ,Ζ
3593 612 3687 630 ..-ε
3741 611 3975 630 11--..-.‘1
4039 606 4168 630 ---Α

841 641 969 700 quo
997 593 1152 680 ferat
1175 593 1506 675 imitatores
1538 610 1752 669 Christi
1787 604 2116 663 cruciﬁxio.
2164 600 2232 654 In
2279 593 2498 651 ccelum
2604 595 2706 672 Ὀρι

2604 595 2790 672 Ὁρᾶτε
2817 607 3068 700 ira—‘ps'pu.
3084 609 3206 666 τοὺς
3234 608 3471 677 μιμητὰς
3502 607 3531 662 ἡ
3591 612 3688 656 τοῦ
3741 611 3977 678 Χριστοῦ
4037 606 4205 655 σταύ-

845 685 1148 779 subducit,
1183 706 1316 764 caeli
1348 704 1507 760 cives
1555 698 1717 768 facit,
1749 696 2020 752 haeredes
2051 688 2281 746 Christi.
2305 685 2498 748 Quam

847 772 1229 858 adorandum
1260 793 1408 850 mihi
1447 791 1561 846 hoc
1616 787 1868 856 lignum,
1923 796 2112 854 quam
2156 772 2497 832 colendum,

845 905 1033 964 quam
1044 880 1489 943 venerandum!
1520 882 1584 933 ut
1625 891 1736 946 ego
1757 873 1904 929 illud
1921 874 2192 942 reputem
2217 879 2323 937 pro
2342 859 2503 916 scala

845 953 948 1036 illa
972 977 1156 1034 caelos
1205 975 1505 1042 tangente,
1552 969 1612 1022 in
1641 981 1765 1038 qua
1808 961 2072 1018 Christus
2100 956 2340 1010 innixus
2394 953 2498 1005 est.

849 1071 1111 1125 Mortuus
1141 1063 1303 1121 enim
1349 1075 1460 1132 pro
1512 1062 1633 1111 vita
1660 1068 1801 1109 mea
1849 1051 1910 1105 in
1941 1061 2114 1103 cruce
2170 1041 2500 1102 tenebatur,

849 1173 1017 1214 more
1047 1151 1332 1217 hominis,
1351 1128 1414 1204 et
1437 1147 1497 1203 in
1518 1143 1730 1201 eadem
1758 1141 2033 1196 ﬁrmatus
2060 1139 2167 1199 est,
2192 1147 2266 1187 ne
2296 1128 2372 1185 ad
2398 1135 2504 1182 ter-

849 1262 982 1303 ram
1013 1245 1256 1316 propter
1285 1252 1505 1308 corpus
1533 1245 1842 1299 exsangue
1872 1226 2189 1282 inclinatus
2206 1216 2508 1275 decideret

849 1337 922 1402 is,
977 1309 1084 1407 qui
1128 1309 1454 1386 divinitate
1531 1321 1736 1378 omnia
1811 1314 2224 1387 complectitur
2264 1309 2507 1377 vitaque

849 1398 1068 1481 functis
1093 1421 1277 1475 vitam
1303 1413 1571 1486 inspirat.
1607 1408 1816 1478 Angeli
1845 1420 1984 1460 vero
2006 1398 2420 1458 ascendebant
2451 1398 2509 1447 et

851 1507 1301 1570 descendebant
1330 1483 1437 1576 per
1452 1503 1610 1557 hanc
1637 1497 1887 1554 scalam.
1909 1489 2328 1548 Ascendebant
2346 1483 2506 1540 enim

850 1595 1491 1676 quodammodo,Jesu
1517 1587 1828 1644 modicum
1850 1582 1990 1655 quid
2013 1596 2134 1651 prae
2156 1577 2300 1649 ipsis
2321 1575 2506 1628 mino-

849 1664 986 1749 ;ato
1013 1694 1068 1745 et
1096 1683 1436 1747 humiliato,
1466 1681 1708 1751 propter
1739 1673 2069 1729 cruciatum
2101 1664 2328 1722 mortis.
2362 1665 2508 1718 Con-

850 1781 1044 1838 festim
1078 1781 1279 1831 autem
1307 1768 1745 1827 descenderunt
1771 1763 2064 1818 descensu
2085 1755 2338 1821 inﬁnito,
2365 1766 2504 1805 cum

2608 704 2786 756 ρωσις.
2864 689 2952 750 Εἰς
3013 691 3230 763 ούρατὸν
3297 692 3494 764 ἀνάγει,
3572 692 3991 763 Ούρανοπολίτας
4047 695 4206 753 ποιεῖ,

2608 775 2958 878 ξληρονόμους
3026 787 3278 854 Χριστοῦ.
3323 780 3412 840 Ὠς
3463 786 3824 853 προσκυνητόν
3874 800 3962 852 μοι
3993 783 4051 830 τὸ
4113 778 4208 841 ξύ·-

2612 879 2693 963 Αον
2724 884 2896 962 τουτο,
2953 869 3022 928 ὡς
3074 867 3365 936 ἀσπαστόν,
3419 873 3483 929 ὡς
3547 868 3852 941 σεϐάσμιον,
3916 873 3981 929 ὡς
4047 871 4210 938 ἔγωγε

2612 957 2733 1061 ῖιαιν
2764 957 2831 1061 sit;
2885 957 3214 1058 οὐρανομήκη
3275 966 3423 1009 τοῦτο
3498 959 3880 1028 θεαμάτίζομαι
3954 957 4208 1027 κλιμακα,

2775 1047 2999 1140 Κριστός
3077 1047 3446 1118 ὑπεστηρικτο.
3498 1050 3695 1119 Νεκρὸς
3749 1050 3850 1120 γὰρ
3921 1047 4047 1118 ύπερ
4115 1052 4209 1104 τῆς

2615 1132 2738 1201 ἐμῆς
2792 1132 2932 1194 ζωῆς
2978 1140 3201 1204 γεγονὼς
3279 1144 3350 1206 τῷ
3407 1143 3616 1208 σταυρῷ
3683 1139 3953 1206 συνείχετο
4014 1133 4211 1206 ἀνθρω-

2614 1225 2892 1291 ποπρεπες,
2942 1228 3032 1274 καὶ
3090 1219 3370 1296 ὴδράζετο,
3427 1229 3497 1296 μὴ
3555 1229 3645 1276 καὶ
3695 1223 4024 1297 καταρῥεύσῌ
4083 1225 4213 1293 πρὸς

2615 1316 2713 1378 γῆν
2758 1306 3068 1370 ύπενδιδούς
3123 1309 3216 1363 διὰ
3261 1316 3318 1364 τὸ
3371 1311 3607 1382 ἄψυχον,
3650 1314 3760 1383 ότῇ
3812 1314 4017 1367 θεότητι
4046 1283 4218 1362 πάντα

2621 1402 2854 1468 συνέχων
2903 1405 2992 1452 καὶ
3047 1407 3156 1461 τοῖς
3221 1408 3420 1474 νεκροῖς
3474 1399 3698 1471 ἐμπνέων
3760 1405 3915 1462 ζωήν.
3973 1398 4218 1469 ’Ἄγγελοι

2619 1480 2679 1536 δέ
2734 1485 2995 1540 ἀνέϐαινον
3071 1495 3160 1541 καὶ
3216 1488 3520 1541 κατέϐαινον
3577 1492 3659 1541 επὶ
3719 1492 3911 1546 ταύτην
3968 1493 4062 1545 την
4108 1487 4219 1538 κλί-

2617 1594 2782 1644 μακα.
2834 1576 3189 1629 ’Υπανεϐαινον
3245 1579 3344 1652 γάρ
3401 1598 3525 1646 πως,
3598 1576 3782 1652 βραχύ
3835 1598 3886 1628 τι
3949 1576 4072 1650 παρ’
4129 1576 4220 1626 αύ-

2618 1683 2737 1725 τους
2799 1665 3157 1737 ηλαττωμένου
3212 1675 3302 1718 τοῦ
3359 1667 3558 1729 Ἰησοῦ,
3634 1672 3721 1718 καὶ
3783 1668 4218 1736 τεταπεινωμένου

2622 1748 2799 1804 διὰτὸ
2833 1756 3055 1826 πάθημα
3099 1763 3188 1806 τοῦ
3223 1757 3464 1810 θανάτου.
3514 1758 3702 1827 Γοργόν
3763 1751 3812 1806 δ’
3857 1755 4048 1806 αὐτίκα
4098 1773 4222 1804 κατ-

850 1867 1204 1926 cruciﬁxum
1229 1860 1496 1917 viderent
1525 1870 1708 1926 supra
1738 1866 1982 1908 omnem
2013 1845 2416 1920 principatum
2447 1842 2503 1892 et
2534 1850 2576 1904 Β
2621 1840 2706 1892 έϐα

2551 1850 2576 1904 3
2621 1840 2818 1893 ἔϐαινον
2873 1842 3164 1896 κατάϐασιν
3205 1846 3436 1917 ἄπειρον,
3495 1846 3733 1917 ὑπεράνω
3789 1847 3964 1904 πάσης
4021 1841 4219 1916 ἀρχῆς,

849 1959 1211 2031 potestatem
1227 1953 1515 2006 evectum.
1534 1948 1598 2000 Et
1613 1942 1906 2016 quidnam
1929 1937 2113 2004 aliud,
2133 1950 2318 2006 quam
2338 1945 2501 1986 crea-

850 2021 1041 2105 torem
1071 2057 1271 2106 suum,
1303 2044 1362 2095 et
1404 2051 1631 2106 regem,
1659 2038 1716 2088 et
1779 2029 2098 2086 Dominum
2154 2021 2407 2094 gloriae?
2437 2023 2508 2075 At

851 2137 965 2195 sub
986 2137 1100 2193 hac
1132 2130 1299 2188 scala
1327 2127 1552 2185 dormit
1595 2124 1950 2179 diuturnum
2005 2116 2174 2172 illum
2201 2126 2504 2176 somnum,

853 2222 1208 2284 universalis
1236 2219 1332 2276 ille
1386 2213 1751 2290 patriarcha,
1785 2215 1952 2282 pater
2002 2204 2279 2262 omnium
2311 2202 2508 2255 viven-

854 2318 1023 2385 tium,
1054 2317 1111 2370 et
1137 2311 1418 2384 princeps
1442 2303 1736 2366 omnium,
1780 2315 1915 2372 quae
1969 2296 2046 2353 ab
2077 2294 2242 2352 initio
2273 2292 2512 2347 fuerunt

853 2379 1247 2466 familiarum,
1274 2379 1487 2452 Adam.
1518 2396 1585 2450 Et
1612 2390 1766 2463 lapis
1796 2388 1875 2444 ad
1903 2389 2084 2458 caput
2114 2385 2243 2453 ejus
2276 2400 2293 2452 λ
2327 2379 2510 2451 siqui-

856 2495 998 2551 dem
1027 2492 1194 2548 locus
1227 2483 1508 2546 Calvarias
1537 2480 1924 2538 Lithostrotos
1947 2480 2036 2531 est
2059 2469 2416 2545 appellatus.

930 2765 1015 2832 Ex
1038 2763 1154 2831 hac
1183 2753 1549 2826 sublimitate
1573 2750 1653 2818 ad
1681 2748 1862 2815 aliam
1883 2742 2217 2826 quamdam
2249 2737 2513 2799 sublimi-

861 2869 1044 2926 tatem
1068 2860 1317 2919 recurrit
1346 2856 1556 2918 oratio,
1589 2847 1944 2917 Dominique
1974 2855 2187 2897 vocem
2207 2837 2288 2891 ita
2318 2833 2516 2887 dicen-

860 2920 1172 3014 temiaudit
1195 2967 1209 3005 :
1235 2950 1386 3004 sicut
1406 2941 1701 3001 exultavit
1722 2937 1954 3005 Moyses
1972 2933 2300 2998 serpentem
2329 2923 2392 2976 in
2422 2920 2518 2974 de-

861 3011 1040 3110 serto,
1061 3044 1148 3099 ita
1163 3036 1428 3095 exaltari
1437 3034 1668 3101 oportet
1689 3026 1909 3082 Filium
1927 3019 2203 3080 hominis,
2218 3019 2284 3070 ut
2305 3011 2515 3073 omnis,

860 3137 967 3209 qui
992 3102 1182 3190 credit
1227 3129 1289 3182 in
1317 3140 1470 3189 eum,
1504 3135 1627 3176 non
1651 3119 1876 3186 pereat,
1934 3110 2040 3166 sed
2071 3107 2287 3164 habeat
2335 3102 2518 3157 vitam

862 3192 1150 3282 intentam
1175 3219 1244 3274 ’⁸.
1278 3246 1348 3257 -
1376 3215 1566 3281 Quam
1597 3205 1985 3276 magniﬁcam
2016 3203 2155 3254 sunt
2202 3206 2385 3263 opera
2408 3192 2521 3245 Ι)οο

860 3313 1053 3369 mini!
1078 3307 1256 3363 nimis
1273 3298 1596 3373 profundae
1613 3296 1795 3364 facta
1815 3295 1957 3346 sunt
1976 3288 2358 3357 cogitationes
2383 3287 2520 3334 tua".

874 3401 978 3458 Vir
997 3398 1259 3468 inspiens
1274 3371 1400 3448 non
1430 3387 1815 3458 cognoscet,et
1833 3381 2054 3435 stultus
2079 3391 2197 3432 non
2227 3371 2524 3441 intelliget

866 3491 994 3547 hac
1016 3458 1324 3542 “.IVellem
1336 3477 1522 3534 modo
1535 3471 1844 3529 etJudaaos
1857 3471 1914 3522 et
1937 3461 2275 3534 Bogomilos
2287 3458 2521 3520 adesse,

866 3585 924 3636 et
945 3576 1153 3634 audire
1173 3570 1509 3629 orationem
1528 3556 2069 3632 reprehendentem
2087 3558 2145 3608 et
2159 3548 2525 3606 refellentem

867 3682 1080 3725 eorum
1101 3659 1427 3720 maledicta
1476 3655 1686 3709 contra
1717 3644 2098 3702 benedictam
2128 3639 2525 3707 omniumque

865 3755 1121 3813 vocibus
1147 3745 1522 3807 laudandam
1552 3753 1816 3796 crucem.
1865 3732 1980 3790 Sed
2025 3729 2174 3803 quid
2204 3740 2526 3783 commune

869 3844 1142 3902 Ecclesia
1169 3840 1294 3908 Dei,
1322 3841 1380 3893 et
1417 3833 1597 3889 mutis
1636 3827 1748 3884 illis
1778 3823 2027 3882 canibus
2048 3822 2075 3876 ?
2117 3824 2182 3875 ut
2233 3817 2528 3891 propheta

869 3935 952 3993 ait
977 3935 1059 3999 u;
1087 3926 1422 4004 praesertim
1469 3937 1630 3981 cum,
1663 3932 1738 3973 ne
1773 3913 2062 3988 profanos
2089 3910 2233 3964 istos
2277 3907 2356 3962 ad
2398 3906 2526 3961 haec

869 3994 1176 4081 audienda
1194 4001 2119 4080 advocem,impediatpsalmus,
2141 3997 2248 4070 qui
2268 3994 2530 4051 afﬁrmat

868 4111 1146 4169 Judmum
1193 4104 1566 4174 insipientem
1623 4096 1749 4150 ha-c
1805 4107 1927 4148 non
1979 4091 2424 4162 percepturum,
2474 4085 2532 4138 et

871 4203 1124 4260 stultum
1151 4191 1531 4266 Bogomilum
1553 4202 1678 4244 non
1698 4181 2157 4240 intellecturum.
2184 4182 2246 4232 In
2272 4180 2530 4230 vestram

871 4304 1118 4367 quoque
1150 4285 1360 4342 merito
1388 4278 1655 4337 incidam
1699 4269 2246 4344 reprehensionem,
2281 4265 2330 4320 si
2360 4279 2529 4320 acce-

869 4353 1048 4527 gilum
1079 4395 1117 4436 a
1144 4376 1280 4432 ﬁliis
1311 4371 1524 4429 vestris
1553 4380 1776 4440 panem
1803 4361 2081 4432 objecero
2108 4357 2383 4414 canibus.
2419 4353 2533 4410 Sed

940 4471 951 4481 '
975 4467 1224 4527 quidem
1241 4456 1551 4519 abeantad
1564 4468 1801 4520 corvos,
1823 4450 1928 4522 qui
1951 4448 2067 4503 sub
2083 4444 2532 4514 intelligentiam

940 4471 956 4526 i
975 4467 1224 4542 quidem
1241 4456 1551 4519 abeantad
1564 4468 1801 4520 corvos,
1823 4450 1928 4522 qui
1951 4448 2067 4503 sub
2083 4444 2532 4514 intelligentiam

875 4533 1122 4624 cadunt,
1155 4550 1407 4621 scelesti,
1451 4549 1753 4618 tanquam
1806 4538 2123 4596 morticina
2163 4533 2448 4607 quaedam
2479 4537 2536 4586 et

2618 1935 2706 1981 καὶ
2781 1931 3023 1994 ἐξουσίας
3107 1931 3383 2003 ἀγγελικῆς
3476 1935 3562 1984 τὸν
3638 1935 4018 2004 σταυρούμενον
4100 1933 4221 1982 θεω-

2614 2040 2843 2094 ρουντες.
2896 2028 2995 2075 Καὶ
3038 2027 3088 2074 τί
3137 2025 3239 2096 γὰρ
3285 2024 3474 2092 ἕτερον,
3513 2023 3542 2080 ἦ
3588 2027 3811 2080 ποιητήν
3857 2020 4069 2085 ἑαυτῶν,
4131 2029 4221 2076 καὶ

2619 2106 2903 2172 δεσπότην,
2957 2116 3044 2163 καὶ
3095 2115 3282 2184 Κύριον
3347 2120 3436 2172 τῆς
3514 2108 3674 2174 δόξης
3728 2119 3800 2180 τῷ
3859 2116 4027 2182 Πατρὶ
4085 2129 4217 2181 συμ-

2617 2203 3065 2273 προσκυνούμενον
3103 2207 3192 2252 καὶ
3234 2210 3307 2271 τῷ
3357 2203 3656 2272 Πνεύματι;
3701 2200 3978 2252 ’Υποκάτω
4029 2196 4089 2250 δέ
4127 2207 4221 2260 τῆς

2618 2287 2871 2360 κλίμακος
2917 2293 3113 2350 ταύτης
3185 2291 3210 2340 6
3270 2290 3621 2361 οἰκουμενικὸς
3678 2291 4021 2362 πατριάρχης
4085 2289 4221 2339 καθ-

2621 2374 2763 2429 εύδει
2802 2382 2889 2429 τόν
2920 2377 3267 2453 πολυχρόνιον
3313 2379 3469 2431 ὕπνον
3528 2380 3554 2430 ὀ
3609 2383 3790 2451 Πατὴρ
3836 2380 4063 2444 πάντων,
4122 2385 4221 2427 τῶν

2623 2468 2848 2534 ζώντων,
2907 2473 2996 2520 καὶ
3054 2470 3236 2542 ἄρχων
3307 2476 3408 2519 τῶν
3485 2466 3572 2519 ἀπ’
3651 2466 3823 2540 ἀρχῆς
3887 2475 4119 2539 πατριῶν
4197 2466 4222 2516 6

2623 2554 2818 2629 ’Δδάμ.
2864 2562 2966 2610 Καὶ
3013 2557 3156 2618 λίθος
3192 2561 3323 2629 πρός
3373 2556 3592 2629 κεφαλῆς
3640 2556 3823 2622 αὐτοῦ,
3876 2558 4014 2627 εἶπερ
4071 2558 4224 2614 τόπος

2622 2654 2714 2700 τοῦ
2736 2651 2962 2720 Κρανίου
2989 2650 3047 2697 τὸ
3079 2648 3448 2720 Λιθόστρωτον
3473 2645 3739 2702 κέκληται.

2698 2736 2781 2798 Ἐξ
2803 2735 2972 2806 ὕψους
3009 2739 3200 2787 τούτου
3258 2739 3382 2807 πρὸς
3433 2736 3600 2808 ἕτερον
3655 2733 3790 2804 ὕψος
3839 2734 3864 2784 6
3925 2733 4076 2804 λόγος
4126 2752 4227 2804 μου

2629 2825 2907 2900 ἀνατρέχει
2993 2829 3081 2876 καὶ
3167 2832 3256 2884 τῆς
3323 2831 3641 2884 Δεσποτικῆς
3722 2822 3898 2875 ἀκούει
3975 2822 4230 2892 λεγούσης

2629 2923 2817 2988 φωνῆς·
2877 2915 3060 2973 Καθὼς
3113 2912 3293 2982 ύψωσε
3367 2919 3598 2971 Μωυσῆς
3691 2914 3776 2962 τὸν
3849 2914 3960 2981 ὄφιν
4037 2909 4085 2961 ἐν
4161 2917 4222 2967 τῆ

2629 3003 2823 3077 ἐρήμῳ,
2894 3005 3058 3062 οὕτως
3133 3000 3408 3070 ὑψωθῆναι
3489 2997 3572 3053 δεῖ
3640 3004 3726 3052 τόν
3807 3002 3927 3052 Υὶόν
3995 3006 4086 3050 τοῦ
4139 2997 4229 3048 ἀν-

2950 3112 3032 3143 ινα
3116 3110 3218 3152 πας

2633 3096 2860 3165 θρώπου,
2950 3095 3032 3143 ἵνα
3116 3097 3218 3152 πᾶς
3329 3091 3354 3141 6
3434 3092 3694 3142 πιστεύων
3775 3089 3846 3150 εἰς
3925 3087 4079 3139 αὐτὸν
4154 3091 4227 3159 μὴ

2632 3182 2910 3248 ἀπόληται,
2965 3180 3070 3232 ἀλλ’
3122 3182 3220 3252 ἔχη
3285 3183 3420 3242 ζωὴν
3470 3178 3698 3235 αἰώνιον.
3776 3207 3850 3220 -
3898 3185 3968 3237 Ως
4047 3177 4235 3248 ἐμεγα-

2551 3257 2593 3313 C
2632 3273 2790 3330 λύνθη
2846 3274 2912 3323 τὰ
2974 3273 3101 3344 ἔργα
3179 3277 3271 3320 τοῦ
3353 3272 3546 3336 Κυρίου
3596 3266 3607 3320 1
3672 3263 3880 3339 σφόδρα
3944 3264 4232 3338 ἐϐαρύνθη-

2638 3382 2732 3416 σαν
2791 3364 2841 3414 οἱ
2919 3356 3264 3430 διαλογισμοί
3322 3376 3437 3411 σου.
3491 3357 3644 3431 Ἀνὴρ
3701 3357 3874 3430 οἱφρων
3931 3355 3990 3406 ού
4043 3360 4234 3422 γνώσε-

4020 3443 4234 3496 Ἦθελον

2635 3545 2755 3618 οῖρτι
2809 3545 2899 3592 καὶ
2951 3535 3240 3597 Ἰουδαίους
3299 3540 3386 3587 καὶ
3462 3534 3771 3606 Βογομίλονς
3822 3540 4085 3606 παρεῖναι,
4144 3535 4237 3583 καὶ

2635 3473 2742 3518 ται,
2833 3455 2921 3502 καὶ
3005 3448 3250 3509 ἀσύνετος
3322 3446 3380 3498 ού
3467 3451 3683 3503 συνησει
3767 3453 3953 3501 ταῦτα.

2636 3640 2727 3685 τού
2797 3630 2952 3700 λόγου
3024 3627 3384 3691 ἐπακροᾶσθαι
3436 3624 3739 3695 ἐλέγχοντος
3810 3627 3903 3679 τήν
3958 3625 4094 3673 κατὰ
4144 3628 4239 3672 τοῦ

2635 3725 2972 3792 πανευφημου
3055 3723 3282 3790 σταυροῦ
3359 3710 3664 3785 δυσφημίαν
3710 3713 3904 3767 αὐτῶν.
3975 3710 4132 3764 Ἀλλὰ
4186 3714 4239 3761 τί

2637 3815 2804 3864 κοινὸν
2883 3817 2943 3881 τῇ
3017 3806 3307 3876 Ἐκκλησία
3380 3811 3469 3856 τοῦ
3546 3811 3680 3857 Θεοῦ
3745 3809 3834 3854 καὶ
3891 3809 4001 3862 τοῖς
4057 3799 4241 3861 ὸνεοίς

2639 3905 2838 3961 τούτοις
2894 3903 3020 3950 κυσί
3068 3914 3081 3963 ;
3141 3895 3209 3956 ὣς
3258 3913 3416 3967 φησιν
3490 3895 3516 3945 6
3580 3899 3871 3966 προφήτης
3939 3895 4028 3942 καὶ
4074 3889 4240 3950 ἄλλως

2637 3990 2738 4064 γὰρ
2790 3989 3068 4040 ἀνακόπτει
3105 4005 3205 4058 μου
3249 3990 3341 4042 τήν
3397 3987 3523 4055 πρὸς
3552 3991 3707 4034 τούτο
3756 3980 4086 4056 πρόσκλησιν
4139 3988 4244 4033 τῶν

2643 4079 2873 4153 βεϐήλων
2943 4079 3138 4129 τούτων
3192 4071 3395 4146 ἀνδρῶν
3461 4075 3486 4124 6
3541 4072 3765 4144 ψαλμός,
3811 4070 4243 4142 ἀποφαινόμενος,

2641 4174 2704 4231 ὼς
2749 4168 2876 4243 ἀνὴρ
2934 4169 3106 4240 ἄφρων
3168 4160 3426 4223 Ἰουδαῖος
3483 4165 3540 4214 ού
3595 4167 3872 4232 γνώσεται,
3933 4166 4022 4213 καὶ
4076 4159 4245 4213 ἀσύν-

2643 4279 2754 4321 ετος
2810 4250 3095 4329 Βογόμιλος
3145 4254 3203 4306 ού
3251 4258 3489 4310 συνήσει.
3547 4250 3938 4322 Ἐπεγκαλέσετε
3991 4248 4071 4319 δέ,
4155 4273 4249 4323 μοι

2643 4353 2733 4400 καὶ
2785 4349 2954 4420 ύμείς,
3006 4344 3090 4397 ἐὰν
3138 4347 3224 4395 τὸν
3301 4344 3454 4416 ἄρτον
3493 4350 3592 4393 τῶν
3644 4345 3830 4392 τέκνων
3888 4341 4028 4411 ὑμῶν
4075 4339 4249 4393 λαϐὼν

2644 4435 2891 4492 ἐπιδώσω
2957 4443 3066 4497 τοῖς
3128 4438 3413 4507 κυναρίοις.
3486 4431 3620 4485 Ἀλλ’
3698 4430 3879 4483 ἐκεῖνοι
3929 4433 4040 4501 μὲν
4112 4429 4252 4504 6,6,66-

2645 4549 2816 4582 τωσαν
2865 4525 2909 4587 ἐς
2962 4532 3190 4600 κόρακας
3238 4527 3355 4583 τοὺς
3403 4525 3641 4591 νοητοὺς,
3701 4522 3751 4572 οἱ
3802 4524 4122 4593 παμμίαροι,
4180 4521 4254 4582 ὥς

873 4645 1160 4720 lacrymis
1180 4643 1367 4712 digna
1391 4639 1709 4699 cadavera,
1754 4629 2117 4699 illorumque
2146 4623 2353 4681 oculos
2400 4621 2533 4677 ani-
2561 4615 2608 4687 ,D
2644 4641 2706 4672 ru

2561 4615 2608 4687 ‘D
2644 4640 2762 4672 τινα
2793 4621 3083 4689 θνησιμαῖα
3129 4620 3219 4666 καὶ
3277 4616 3475 4686 θρήνων
3521 4612 3644 4674 ἄξια
3691 4616 3964 4682 πτώματα,
4021 4615 4110 4661 καὶ
4159 4610 4252 4662 ὑπ’

2695 4710 2706 4720 ιι
2759 4717 2777 4720 ..
2951 4711 2959 4720 1
3088 4705 3097 4720 Ι
3293 4705 3302 4718 I
3400 4701 3444 4720 »γ
3618 4703 3629 4720 !
3648 4719 3657 4720 κ
3674 4701 3698 4720 Λ
3760 4718 3815 4720 mh
3908 4697 3927 4720 3
4022 4697 4069 4720 μλ
4129 4718 4140 4720 -
4167 4701 4175 4713 '

875 4717 1068 4795 males
1097 4730 1407 4790 effodiant.
1455 4728 1600 4781 Vere
1629 4720 1792 4778 enim
1833 4733 1944 4774 nec
1975 4717 2407 4785 cognoverunt,
2435 4725 2533 4766 ne-

872 4842 995 4902 que
1020 4821 1473 4881 intellexerunt:
1504 4827 1649 4870 nam
1674 4810 1737 4865 in
1755 4806 2020 4864 tenebris
2052 4802 2390 4860 ambulant.

947 5014 1020 5067 At
1041 5023 1152 5067 vos
1179 5003 1336 5064 ﬁlios
1391 4996 1650 5060 caelestis
1701 4992 1884 5052 Patris
1931 4987 2164 5048 alemus
2207 5001 2365 5063 pane
2423 4999 2534 5042 nu-

873 5101 1085 5159 triente
1110 5099 1371 5161 animas,
1398 5094 1460 5148 in
1483 5105 1666 5163 quem
1697 5099 1921 5159 panem
1948 5081 2288 5151 injiciemus
2307 5079 2536 5148 lignum

873 5191 1089 5257 crucis,
1119 5204 1244 5245 non
1266 5191 1332 5242 ut
1359 5179 1828 5241 comminuatur,
1850 5174 1957 5230 sed
1979 5179 2044 5229 ut
2064 5173 2534 5242 coagmentetur.

871 5283 1098 5339 lterum
1118 5293 1264 5348 ergo
1282 5275 1466 5330 verba
1482 5265 1787 5336 Evangelii
1802 5263 2125 5318 recitentur
2151 5278 2164 5315 :
2183 5262 2355 5317 Sicut
2375 5259 2539 5316 exal-

871 5371 1025 5428 tam’t
1052 5341 1387 5439 serpentem
1439 5361 1673 5430 Moyses
1699 5357 1762 5411 in
1815 5353 2071 5419 deserto,
2125 5353 2212 5407 ita
2272 5348 2542 5407 exaltari
2651 5341 2867 5414 αγγέλια
2915 5360 2927 5371 ·

867 5467 1103 5532 oportet
1118 5437 1339 5516 Filium
1357 5449 1635 5516 hominis,
1654 5451 1721 5501 ut
1737 5445 1950 5514 omnis,
1974 5437 2081 5514 qui
2097 5441 2287 5498 credit
2304 5442 2366 5495 in
2384 5455 2539 5506 eum,

871 5529 995 5608 non
1030 5552 1264 5621 pereat,
1298 5543 1403 5601 sed
1447 5537 1662 5599 habeat
1689 5536 1875 5592 vitam
1917 5538 2223 5589 aeternam.
2249 5529 2543 5604 Principio

2644 4710 2813 4762 αὐτῶν
2879 4711 3000 4768 τοὺς
3070 4705 3338 4775 ψυχικούς
3391 4701 3844 4773 ἔξορυττέσθωσαν
3902 4697 3964 4770 όφ
4015 4697 4240 4770 αλμούς,

2644 4807 2726 4870 Τῷ
2792 4802 2900 4850 ὄντι
2948 4798 3050 4870 γὰρ
3100 4793 3194 4846 οὐκ
3251 4795 3480 4863 ἔγνωσαν
3555 4786 3681 4842 ούδέ
3750 4795 3999 4847 συνῆκαν·
4050 4785 4100 4838 ἕν
4144 4792 4252 4862 γὰρ

2649 4895 2823 4944 σκότει
2853 4885 3270 4960 διαπορεύονται.

2715 4980 2875 5053 ’Υμᾱς
2927 4974 2988 5030 δε
3042 4979 3109 5028 τὰ
3163 4978 3315 5028 τέκνα
3353 4981 3445 5026 τοῦ
3491 4972 3735 5046 οὐρανίου
3794 4972 4000 5046 Πατρός
4045 4969 4258 5045 θρέψω-

2648 5091 2737 5146 μεν
2766 5079 2839 5142 τῷ
2890 5069 3032 5143 ἄρτῳ
3061 5074 3133 5138 τῷ
3174 5070 3410 5140 τρέφοντι
3466 5066 3556 5124 τὰς
3603 5062 3809 5133 ψυχὰς,
3871 5061 3943 5122 εἰς
3985 5060 4039 5111 ὃν
4093 5062 4260 5133 ἄρτον

2647 5167 2704 5216 τό
2753 5160 2900 5224 ξύλον
2945 5156 3257 5231 ἐμϐάλλομεν
3312 5162 3404 5206 τοῦ
3458 5161 3710 5227 σταυροῦ,
3766 5150 3860 5204 ούκ
3917 5150 3988 5210 εἰς
4034 5168 4261 5223 συντρι-

2650 5253 2767 5317 ϐὴν,
2827 5248 2932 5301 ἀλλ’
2992 5248 3063 5309 εἰς
3105 5250 3386 5298 σύστασιν.
3433 5242 3592 5296 Πάλιν
3649 5238 3737 5293 οὖν
3776 5241 4002 5312 λεγέσθω
4039 5243 4102 5290 τὰ
4152 5242 4261 5293 Itb-

2982 5338 3163 5397 Καθὼς
3242 5333 3424 5404 ύψωσε
3490 5336 3577 5384 τόν
3647 5334 3764 5402 ὕφίν
3839 5336 4036 5388 Μωσῆς
4092 5326 4140 5379 ἐν
4192 5338 4258 5402 τῇ

2652 5388 2866 5414 "Il"""
2984 5388 3022 5390 --
3077 5388 3080 5389 ν
3149 5388 3163 5397 -
3288 5388 3297 5404 ι
3689 5388 3697 5402 ι
4230 5388 4240 5402 .

2652 5434 2845 5507 ἐρήμῳ,
2933 5431 3096 5489 οὕτως
3164 5425 3439 5496 ὑψωθῆναι
3520 5419 3604 5475 δεῖ
3658 5424 3744 5474 τὸν
3797 5422 3917 5473 Υἱόν
4006 5425 4100 5472 τοῦ
4159 5417 4260 5470 3o-

2654 5529 2884 5600 θρώπου,
2934 5523 3019 5572 ἵνα
3083 5523 3183 5580 πᾶς
3246 5517 3270 5566 6
3319 5515 3578 5566 πιστεύων
3636 5511 3708 5576 εἰς
3767 5509 4055 5581 αὐτὸν,μή
4125 5511 4236 5564 άπὸ

936 5749 990 5826 με
1017 5748 1195 5807 Joan.
1236 5761 1314 5817 ιιι,
1347 5746 1435 5815 14,
1465 5740 1554 5801 15.
1633 5738 1682 5778 ⁸⁸
1710 5731 1864 5800 Psal.
1899 5747 2011 5813 κὴ,
2043 5741 2096 5810 ο,
2125 5736 2178 5798 7.
2261 5733 2304 5780 ³⁸
2330 5734 2446 5801 Isa.
2473 5759 2588 5816 va,
2623 5733 2706 5799 1οι
