4468 6450
793 411 899 467 655

2001 391 2314 458 canum
2351 397 2400 453 ιι
2436 389 2546 455 cr.
2588 383 3066 463 mrauacna.

4062 403 4168 464 656

795 537 854 590 et
876 531 1004 590 solo
1029 526 1327 586 intellectu
1368 523 1658 598 coguosci
1709 525 1956 597 aptam;
2015 522 2238 598 partim
2293 535 2454 591 vero,

2569 525 2628 576 τό
2679 533 2780 578 τῶν
2825 537 3055 582 τυπικῶν
3120 527 3387 603 ἐμφάσεων
3434 523 3822 604 ἀπαράδεκτον.
3882 527 4022 582 Γάλα
4065 531 4165 603 γὰρ

793 619 962 694 quod
989 617 1332 691 typicarum
1350 612 1950 686 reprasentationum
1974 627 2100 668 non
2121 611 2198 666 sit
2239 625 2454 682 capax,

794 726 940 766 nam
964 707 1160 763 solum
1181 704 1274 760 lac
1299 719 1366 760 ex
1399 701 1683 758 omnibus
1705 699 1975 758 humidis
2012 700 2274 772 speciem
2321 696 2456 754 nul-

795 799 919 854 lam
958 793 1204 864 eftigiat,
1261 805 1460 862 neque
1515 790 1742 845 formas
1795 803 2118 861 corporeas
2167 785 2355 843 addit
2401 789 2460 842 et

795 882 1135 958 repercutit.
1158 884 1414 952 Serpens
1431 883 1630 935 autem
1648 877 1896 934 exuvias
1917 875 2244 950 quotannis
2264 875 2453 947 ponit.

795 979 868 1030 At
887 971 1153 1028 Christus
1199 967 1346 1025 nihil
1404 966 1618 1023 habuit
1671 966 1748 1022 de
1797 966 1978 1022 veteri
2032 965 2299 1033 homine,
2351 963 2456 1036 qui

797 1061 1200 1134 corrumpitur
1227 1057 1562 1114 secundum
1588 1056 1885 1113 desideria
1922 1054 2295 1128 deceptionis
2355 1069 2456 1109 ne-

799 1169 918 1226 que
947 1149 1286 1224 quidquam
1319 1146 1575 1218 abjecit;
1611 1145 1738 1202 sine
1768 1151 2016 1218 peccato
2045 1145 2206 1200 enim
2258 1157 2456 1198 novus

799 1241 993 1298 Adam
1026 1238 1170 1296 vixit
1191 1251 1483 1309 novaque
1531 1241 1818 1291 creatura
1874 1239 2104 1290 auctor.
2134 1231 2286 1290 Talis
2316 1246 2456 1288 cum

801 1335 975 1396 esset,
1007 1330 1067 1385 in
1122 1343 1361 1384 crucem
1422 1325 1712 1388 ascendit,
1770 1338 1956 1396 seque
2005 1323 2205 1380 statim
2257 1320 2456 1378 omnis

801 1419 1055 1476 macula
1079 1419 1383 1488 expertem
1405 1429 1534 1470 esse
1563 1413 1803 1486 publice
1851 1411 2197 1469 testiﬁcatur
2221 1426 2236 1477 ;
2289 1424 2456 1466 acce-

802 1510 1072 1581 densque
1088 1505 1202 1572 ille,
1221 1503 1324 1577 qui
1335 1504 1467 1574 jam
1482 1501 1932 1575 deprimebatur
1946 1515 2212 1573 serpens,
2232 1498 2379 1554 nihil
2395 1499 2456 1554 in

803 1614 876 1655 eo
891 1596 1130 1670 reperit.
1147 1593 1439 1651 Omnibus
1456 1591 1616 1648 enim
1637 1590 1835 1647 modis
1851 1590 2124 1662 superior
2138 1592 2267 1645 erat
2285 1602 2457 1644 vene-

803 1703 950 1743 num
975 1684 1233 1757 jaciente
1262 1681 1508 1747 malitia,
1556 1680 2033 1753 prafocaturque
2084 1676 2456 1750 perniciosus

803 1776 901 1832 ille
929 1788 1198 1847 serpens,
1231 1775 1289 1828 et
1315 1770 1499 1828 draco
1527 1772 1804 1842 apostata
1826 1767 1931 1836 qui
1955 1766 2308 1824 calcaneum
2351 1781 2454 1822 no-

2571 615 2724 682 μόνον
2759 613 2817 678 ἐξ
2860 615 3100 670 ἀπάντων
3149 620 3322 693 ύγρῶν
3375 616 3470 670 ούκ
3522 613 3664 670 οἶδεν
3714 613 3968 671 ἱνδσλλειν
3996 638 4168 691 χαραο

2569 706 2774 777 κτήρων
2835 703 3108 778 ἐμφάσεις,
3160 711 3250 760 καὶ
3300 708 3494 768 τύπους
3558 703 3869 759 ἀποπάλλεεν
3933 724 4166 779 σωματι-

2566 792 2713 853 κούς.
2764 792 2922 866 Ὀφις
2976 791 3035 848 δ“ε
3073 799 3166 853 τὴν
3217 791 3474 870 λεϐηρίδα
3519 790 3594 847 δι’
3641 797 3788 856 ἔτους
3813 793 4164 868 ἀπαμφιένου-

2566 897 2674 933 ται.
2707 886 2942 956 Χριστὸς
2989 880 3050 936 δε
3088 884 3196 937 οὔτ’
3229 882 3342 956 εἶχέ
3378 902 3430 935 τι
3476 892 3568 936 τοῦ
3622 883 3846 936 παλαιοῦ
3889 882 4164 959 ἀνθρώπου

2565 975 2658 1020 τοῦ
2706 972 3038 1045 φθειρομένου
3087 975 3222 1026 κατὰ
3279 975 3370 1034 τὰς
3436 971 3713 1045 ἐπιθυμίας
3775 981 3871 1034 τῆς
3937 971 4164 1043 ἀπάτης,

2566 1056 2674 1108 οὔτ’
2730 1057 3061 1129 ἁπιϐάλλετο,
3111 1060 3484 1135 ἀναμαρτήτως
3535 1065 3642 1121 νέος
3695 1057 3870 1134 Ἀδάμ
3917 1066 4161 1134 γεγονὼς,

2564 1151 2657 1198 καὶ
2719 1157 2809 1210 τῆς
2889 1159 3072 1213 καινῆς
3149 1155 3364 1211 κτίσεῶς
3430 1149 3691 1224 ἀρχηγός.
3775 1157 4020 1211 Τοιοῦτος
4095 1150 4166 1202 ὧν

2567 1237 2842 1310 ἀνατρέχει
2893 1237 2977 1292 ἰπὶ
3035 1243 3093 1292 τὸ
3150 1239 3319 1303 ξύλον,
3373 1244 3464 1292 καὶ
3523 1238 3814 1298 στηλιτεύιι
3869 1239 4047 1293 ἐαυτὸν
4087 1238 4168 1292 ιύο

2568 1326 2656 1386 θύς
2707 1326 3090 1401 ἀναμάρτητον,
3148 1333 3239 1381 καὶ
3292 1330 3318 1380 ό
3372 1331 3516 1382 κάτω
3589 1333 3870 1402 συρόμενος
3923 1327 4170 1400 ὸφις“ἐλο

2566 1415 2686 1481 θὼν,
2716 1416 2947 1488 εὑρίσκει
3003 1415 3052 1469 ἐν
3083 1416 3222 1488 αύτῷ
3254 1412 3427 1474 ούδέν.
3484 1416 3747 1479 Παντελῶς
3801 1420 3902 1491 γὰρ
3961 1415 4023 1476 ἦν
4075 1425 4168 1478 τῆς

2566 1501 2771 1555 ἰοϐόλου
2838 1509 3030 1568 κακίας
3093 1507 3393 1581 ὑπέρτερος,
3449 1511 3541 1559 καὶ
3605 1509 3938 1579 κατάγχεται
3991 1510 4083 1579 μὶν
4139 1507 4168 1558 6

2563 1587 2732 1655 δεινὸς
2814 1598 2928 1667 ὄφις
3015 1600 3106 1649 καὶ
3185 1593 3561 1670 δράποστάτης
3624 1597 3652 1648 6
3745 1594 4006 1669 ἐπιτηρων
4070 1599 4168 1654 την

2560 1685 2777 1756 πτέρναν
2833 1683 3001 1757 ἡμῶν,
3064 1685 3291 1746 σώζεται
3346 1681 3406 1739 δ“ε
3458 1686 3486 1738 6
3534 1684 3751 1759 Ἰσραήλ
3802 1687 3829 1738 6
3867 1686 4000 1760 ὅρων
4044 1692 4166 1746 νοῦς

2559 1773 2647 1823 τὸν
2708 1773 2856 1841 Θεὸν⁸
2933 1779 3198 1849 σωτηρίαν
3263 1773 3468 1828 αἰώνιον
3545 1773 3902 1847 ἐπιγινώσκων
3979 1781 4164 1827 τοῦτον

803 1871 990 1921 strum
1012 1863 1316 1924 observat,
1343 1863 1732 1916 conservatur
1754 1861 1954 1914 autem
1984 1855 2182 1923 Israel,
2213 1855 2453 1912 animus

2561 1863 2710 1923 Θεὸν,
2781 1866 2941 1936 σαρκὶ
3001 1867 3094 1937 μὶν
3158 1863 3568 1938 ἐσταυρωμένον,
3645 1866 3852 1922 θεότητι
3917 1860 3977 1916 δε
4035 1864 4164 1924 ζωο-

800 1954 1011 2009 videns
1043 1954 1251 2020 Deum,
1274 1962 1768 2020 cognoscensque
1790 1945 2044 2002 salutem
2059 1949 2346 2001 aternam
2366 1959 2452 2000 re-

799 2042 1064 2116 positam
1084 2040 1145 2096 in
1174 2038 1286 2095 hoc
1319 2040 1459 2101 Deo,
1491 2051 1671 2092 carne
1699 2034 1946 2108 quidem
1992 2032 2298 2099 cruciﬁxo,
2347 2048 2456 2107 per

799 2131 1169 2188 divinitatem
1220 2143 1363 2183 vero
1418 2125 1753 2181 viviﬁcante
1811 2127 2120 2192 mortuos;
2170 2122 2231 2178 in
2270 2138 2456 2195 quem

799 2219 1112 2294 perspicue
1141 2215 1425 2288 competit
1453 2219 1510 2271 et
1537 2214 1757 2270 desinit
1783 2212 2096 2270 oraculum
2127 2212 2342 2285 Moysis
2370 2211 2454 2269 sic

795 2307 1215 2366 vaticinantis:
1254 2304 1526 2362 Videbitis
1553 2304 1738 2360 vitam
1789 2311 2048 2361 vestram
2101 2302 2456 2372 pendentem

795 2403 938 2455 ante
990 2397 1194 2454 oculos
1254 2399 1478 2452 vestros
1547 2395 1616 2449 ³ο.
1681 2395 1931 2449 Necesse
1995 2391 2157 2448 enim
2217 2389 2456 2448 habue-

794 2491 935 2544 runt
989 2490 1048 2542 et
1101 2484 1203 2550 illi,
1265 2484 1371 2556 qui
1421 2483 1590 2556 prius
1634 2498 1672 2539 a
1733 2481 2111 2555 serpentibus
2165 2480 2264 2538 icti
2319 2480 2453 2537 fue-

2557 1957 2810 2003 ποιοῡντα
2863 1955 2982 2014 τούς
3045 1953 3406 2028 νεκρωθέντας,
3474 1953 3544 2016 εἰς
3612 1952 3666 2006 ὃν
3731 1951 3956 2006 ἐκϐαίνει
4033 1971 4165 2029 προ·

2563 2034 2733 2099 δήλως
2787 2041 2818 2098 ἡ
2848 2047 3139 2116 προφητεία
3191 2046 3449 2104 Μωῦσίως
3508 2042 3863 2116 προλέγοντοςο
3915 2039 4165 2114 Γοψεσθε

2557 2131 2654 2185 τὴν
2705 2128 2845 2188 ζωὴν
2885 2132 3028 2203 ὑμῶν
3066 2136 3390 2206 κρεμαμένην
3437 2136 3707 2184 κατέναντι
3745 2140 3846 2184 τῶν
3887 2129 4166 2204 ὀφθαλμῶν

2562 2216 2724 2288 ὑμῶν·
2771 2217 3030 2292 Ἀνάγκην
3075 2223 3178 2295 γὰρ
3212 2218 3356 2293 εἶχον
3399 2226 3488 2274 καὶ
3517 2223 3567 2274 οἱ
3592 2229 3702 2284 τοῖς
3741 2225 3887 2294 ὄφεσι
3916 2224 4166 2296 πρότερον

2563 2301 2881 2379 δεδηγμένοι
2909 2312 3040 2383 πρὸς
3068 2313 3156 2362 τὸν
3187 2309 3597 2384 ἀνιστηλωμένον
3622 2315 3737 2384 ὅφιν
3766 2310 4164 2385 ἐπεντρανίζειν,

2561 2395 2633 2456 ὡς
2681 2395 2787 2468 οὐχ
2839 2397 3024 2473 ἑτέρως
3071 2404 3474 2475 χορηγουμένου
3498 2399 3703 2464 τούτοις
3753 2408 3844 2454 τοῦ
3873 2401 3970 2472 ζῇν
3997 2399 4028 2458 ἣ
4061 2397 4165 2452 ἀπὸ

2561 2491 2657 2547 τῆς
2691 2484 2758 2546 εἰς
2788 2488 2944 2540 αύτόν
2975 2486 3269 2551 ἀτινίσεως.

792 2581 949 2645 rant,
972 2571 2216 2646 adeum,quiexcolumnasuspensuserat,
2235 2575 2594 2642 serpentem,
2617 2575 2824 2632 oculos
2867 2576 3070 2634 levare
3119 2577 3297 2651 quasi
3326 2577 3493 2636 aliter
3534 2579 3619 2636 eis
3661 2578 3778 2636 vita
3829 2592 3955 2635 non
4009 2581 4167 2637 esset

792 2665 1148 2726 obventura,
1177 2677 1364 2735 quam
1391 2660 1470 2717 ab
1495 2661 1721 2717 intento
1747 2664 1998 2733 aspectu
2025 2660 2086 2716 in
2111 2659 2300 2716 illum.

864 2757 931 2810 Et
947 2768 1108 2809 nunc
1137 2767 1250 2808 nos
1270 2749 1494 2823 quibus
1520 2754 1658 2806 ante
1709 2749 1919 2805 oculos
1969 2751 2140 2805 Jesus
2183 2749 2448 2804 Christus

790 2842 1134 2916 depingitur
1179 2854 1450 2897 consona
1495 2837 1698 2895 divino
1747 2837 1953 2910 psalta
2012 2837 2222 2894 Davidi
2274 2853 2452 2895 cana-

789 2948 928 2989 mus
964 2947 978 2986 :
1032 2931 1205 2988 Oculi
1232 2929 1494 2984 omnium
1521 2929 1586 2983 in
1621 2933 1678 2983 te
1708 2933 1956 2996 sperant
1989 2933 2044 2982 et
2081 2932 2146 2981 tu
2172 2926 2278 2981 das
2328 2925 2450 2981 illis

790 3038 984 3081 escam
1010 3023 1072 3078 in
1103 3027 1368 3090 tempore
1396 3025 1734 3088 opportuno
1763 3020 1834 3073 ἰ.
1867 3016 2247 3074 Sacriﬁcatus
2287 3015 2449 3072 enim

2634 2758 2735 2806 Kal
2763 2763 2850 2806 νῦν
2909 2755 3079 2829 ἡμεῖς,
3132 2758 3211 2820 οἶς
3257 2756 3373 2810 κατ’
3427 2756 3724 2830 ὀφθαλμούς
3780 2757 3984 2818 Ἰησοῦς
4030 2765 4162 2833 Χριο

2562 2846 2688 2905 στὸς
2740 2841 3130 2918 ἐσταυρωμένος
3176 2848 3455 2919 γράφεται,
3507 2843 3731 2919 συνῳδὰ
3771 2856 3845 2918 τῷ
3903 2846 4163 2918 θεσπεσίῳ

2559 2928 2937 3006 ψαλτῳδοῦμιν
2994 2930 3183 2989 Δαυίδ.
3237 2937 3304 2987 Οἱ
3369 2934 3626 3009 ὀφθαλμοὶ
3696 2939 3902 2989 πάντων
3969 2936 4040 2999 εἰς
4104 2939 4164 2989 6's

2561 3019 2858 3093 ἐλπίζουσι,
2925 3041 3015 3076 και
3091 3027 3158 3076 σύ
3233 3019 3404 3086 δίδως
3458 3029 3554 3084 τὴν
3617 3029 3812 3100 τροφὴν
3877 3024 4054 3086 αύτοίς
4115 3023 4165 3077 ἐν

789 3118 848 3169 et
871 3125 1200 3183 suspensus
1211 3114 1416 3178 Agnus
1429 3107 1530 3163 Dei
1551 3107 1860 3180 propriam
1873 3121 2118 3163 carnem
2148 3104 2449 3162 edendam

2563 3109 2822 3184 εὐκαιρίᾳ.
2915 3114 3201 3185 Τεθυμένος
3285 3116 3388 3188 γὰρ
3480 3119 3571 3167 καὶ
3652 3117 4061 3190 κρεμαννύμενος
4138 3115 4166 3167 6

788 3202 1042 3275 apponit
1101 3199 1218 3255 illis
1281 3198 1388 3271 qui
1449 3198 1511 3254 in
1578 3201 1632 3253 te
1665 3212 1834 3270 spem
1862 3196 2072 3253 salutis
2125 3200 2447 3268 reponunt.

787 3291 997 3364 Aperis
1021 3294 1086 3346 tu
1116 3303 1335 3345 manus
1363 3292 1521 3354 tuas,
1553 3286 1908 3359 expandens
1940 3301 2044 3342 eas
2071 3285 2132 3342 in
2164 3301 2362 3354 cruce,
2393 3290 2453 3342 et

791 3379 1007 3453 imples
1035 3392 1215 3435 omne
1247 3374 1474 3433 animal
1503 3376 1688 3432 Patris
1717 3377 1801 3432 tui
1829 3373 2226 3448 beneplacito.
2260 3374 2453 3431 Patris

788 3483 934 3526 vero
961 3465 1408 3539 beneplacitum
1431 3468 1542 3532 est,
1579 3469 1644 3521 ut
1691 3479 1905 3520 omnes
1959 3463 2238 3520 homines
2301 3461 2453 3520 salvi

789 3558 962 3626 ﬁant,
992 3570 1098 3628 per
1121 3554 1524 3611 voluntariam
1551 3557 1720 3609 tuam
1741 3553 2090 3626 passionem
2109 3558 2169 3609 et
2186 3567 2449 3619 crucem,

791 3651 852 3703 et
877 3650 943 3702 ut
965 3659 1179 3701 omnes
1203 3643 1265 3698 in
1293 3642 1664 3712 agnitionem
1691 3642 1951 3698 veritatis
1983 3642 2250 3698 veniant.
2278 3641 2454 3712 Agni-

793 3735 874 3792 tio
904 3739 1105 3792 autem
1130 3732 1393 3789 veritatis
1422 3735 1512 3788 est
1537 3731 1689 3788 ﬁdes
1717 3735 1878 3788 recta
1907 3731 1967 3787 in
2022 3736 2100 3798 te,
2160 3737 2452 3803 tuumque

793 3829 1029 3882 Patrem
1055 3822 1352 3896 principio
1383 3825 1709 3890 carentem,
1736 3826 2130 3894 sanctumque
2145 3821 2451 3894 Spiritum.

797 3914 941 3981 Quis
967 3927 1091 3969 non
1111 3911 1392 3968 adorabit
1413 3915 1654 3967 scutum
1667 3909 1870 3967 salutis
1882 3915 2126 3980 nostra,
2149 3913 2286 3983 quis
2330 3924 2455 3966 non

797 4003 1123 4062 celebrabit
1145 4001 1610 4075 proﬂigatricem
1636 4000 1956 4058 homicida
1988 4003 2223 4058 Satana
2244 4002 2274 4060 7
2299 4003 2477 4058 Crux-

797 4093 1074 4150 videlicet
1097 4091 1305 4148 lumen
1351 4090 1564 4155 vultus
1623 4091 1724 4147 Dei
1777 4095 1865 4148 est
1919 4092 2224 4161 signatum
2279 4106 2462 4162 super

799 4199 907 4240 nos
937 4185 1006 4236 ²².
1040 4184 1191 4237 Nam
1218 4184 1520 4253 sceptrum
1549 4180 1722 4251 Regis
1754 4179 1961 4236 lumen
1993 4181 2125 4252 ejus
2150 4185 2257 4252 est,
2293 4181 2460 4252 igna-

801 4288 902 4330 ros
928 4275 993 4328 ut
1021 4270 1267 4327 lucerna
1304 4270 1383 4326 ad
1410 4269 1610 4343 ipsum
1643 4269 1969 4326 deducens.
2003 4273 2139 4328 Hac
2163 4270 2461 4341 signiﬁca-

804 4362 884 4419 tio
896 4364 1007 4427 est,
1022 4359 1524 4417 datatimentibus
1538 4359 1882 4429 Dominum,
1894 4365 1960 4415 ut
1969 4361 2220 4430 fugiant
2243 4377 2277 4416 a
2300 4362 2465 4432 facie

2561 3200 2747 3273 Ἀμνὸς
2806 3208 2897 3254 τοῦ
2954 3210 3089 3255 Θεοῦ
3142 3205 3232 3264 τὰς
3288 3202 3485 3264 οἰκείας
3537 3203 3684 3274 ἐστιᾷ
3719 3205 3920 3279 σάρκας
3952 3211 4064 3264 τοῖς
4094 3203 4168 3264 εἶς

2565 3292 2622 3342 σὲ
2665 3293 2761 3352 τὰς
2817 3286 3029 3352 ἐλπίδας
3083 3289 3413 3364 ἀναθεμένοις
3446 3301 3543 3354 τῆς
3588 3297 3870 3366 σωτηρίας.
3917 3292 4168 3365 Ἀνοίγεις

2564 3381 2630 3431 σύ
2676 3381 2769 3439 τὰς
2814 3386 3001 3454 χεῖρας
3059 3398 3154 3432 σου
3203 3378 3438 3452 ἐφαπλῶν
3493 3380 3656 3442 αὐτὰς
3689 3389 3762 3453 τῷ
3810 3387 4043 3456 σταυρῷ,
4076 3386 4168 3434 καὶ

2562 3466 2818 3540 ἐμπιπλᾶς
2862 3474 2966 3521 πᾶν
3017 3468 3150 3530 ζῶον
3201 3478 3298 3531 τῆς
3325 3477 3588 3542 πατρικῆς
3633 3465 3900 3533 εύδοκίας.
3933 3466 4170 3523 Εύδοκία

2565 3553 2625 3609 δέ
2678 3559 2878 3630 Πατρός
2922 3559 2981 3609 τὸ
3031 3559 3231 3620 πάντας
3282 3555 3585 3630 ἀνθρώπους
3641 3558 3874 3617 σωθῆναι
3928 3553 4024 3611 διὰ
4073 3565 4167 3610 τοῦ

2565 3641 2807 3696 ἐκουσίου
2878 3663 2973 3698 σου
3038 3647 3255 3714 πάθους,
3321 3650 3412 3698 καί
3457 3653 3561 3699 ’τοῦ
3625 3653 3876 3720 σταυροῦ,
3940 3651 4032 3699 καὶ
4096 3646 4168 3707 εἰς

2565 3731 2844 3805 ἐπίγνωσιν
2895 3732 3137 3796 ἀληθείας
3182 3733 3364 3796 ἐλθεῖν.
3428 3735 3738 3808 Ἐπίγνωσις
3795 3731 3856 3789 δέ
3921 3734 4171 3798 ἀληθείας

2565 3823 2594 3880 ἠ
2627 3826 2760 3898 πρὸς
2807 3826 2866 3876 σε
2912 3827 3119 3877 καὶτὸν
3144 3824 3379 3900 ἄναρχον
3410 3843 3506 3878 σου
3555 3829 3760 3899 Πατέρα
3789 3829 3880 3878 καὶ
3925 3828 3985 3878 τὸ
4029 3844 4174 3878 παν-

2566 3914 2712 3985 άγιον
2769 3919 2978 3986 Πνεῦμα
3031 3916 3212 3975 πίστις
3261 3911 3558 3989 ὀρθόδοξος·
3601 3919 3694 3976 Τίς
3722 3913 3782 3968 ού
3812 3933 4176 3990 προσκυνησει

2566 4005 2625 4054 τὸ
2684 4001 2837 4055 ὁπλον
2879 4011 2971 4063 τῆς
3007 4008 3268 4079 σωτηρίας
3321 4005 3509 4076 ipsis;
3562 4009 3652 4065 Τίς
3698 4003 3759 4056 ού
3813 4000 4030 4067 δοξάζει
4085 4008 4177 4059 τὸν

2569 4090 2842 4162 ἀναιρέτην
2892 4099 2984 4145 τοῦ
3033 4091 3396 4168 βρωτοκτόνου
3445 4095 3658 4163 Σατάν;
3710 4088 3880 4146 Τούτο
3928 4101 4038 4166 φῶς
4081 4103 4180 4149 τοῦ

2569 4187 2854 4256 προσώπου
2952 4189 3045 4234 τοῦ
3145 4186 3274 4235 Θεοῦ
3373 4187 3746 4256 σημείουμενον
3848 4181 3925 4256 ἐφ’
4012 4186 4179 4258 ἡμᾶς.

2571 4279 2836 4344 Σκῆπτρον
2895 4273 2996 4346 γὰρ
3059 4269 3319 4345 βασιλέως
3385 4281 3488 4345 φῶς
3569 4271 3732 4325 αὐτοῦ
3816 4275 3882 4334 ὡς
3959 4271 4181 4347 λύχνος,

2571 4365 2701 4436 πρὸς
2753 4361 2910 4414 αὐτὸν
2956 4360 3080 4425 τούς
3144 4359 3424 4434 ἀγνοῦντας
3470 4357 3782 4435 ἐφοδηγοῦν.
3837 4361 4006 4417 Τοῦτο
4084 4382 4186 4423 ση-

805 4466 982 4509 arcus
1011 4451 1059 4485 ³⁸
1093 4454 1152 4506 et
1197 4448 1636 4506 diabolicarum
1678 4449 2171 4521 impressionum.
2229 4453 2362 4507 Hac
2408 4454 2467 4507 et

2573 4456 2782 4523 μιίωσις
2835 4447 3090 4524 δεδομένη
3143 4458 3254 4513 τοῖς
3311 4450 3645 4525 φοϐούμίνοις
3701 4455 3792 4504 τὸν
3841 4453 4030 4528 Κύριον
4087 4461 4186 4506 τοῦ

805 4541 1038 4612 lignum
1070 4538 1410 4612 plantatum
1440 4555 1613 4596 secus
1632 4539 1826 4595 exitus
1856 4554 2156 4612 aquarum
2182 4540 2465 4597 fontium-

807 4646 929 4704 que
959 4628 1187 4686 salutis.
1229 4629 1292 4684 In
1318 4628 1605 4684 omnibus
1619 4627 2012 4685 enimdivina
2037 4630 2354 4703 Scriptura
2379 4630 2466 4686 lo-

811 4721 918 4789 cis,
945 4718 1192 4791 hymnis
1219 4721 1276 4774 et
1303 4717 1588 4773 laudibus
1614 4734 1762 4774 crux
1785 4718 2160 4787 decantatur,
2184 4735 2321 4792 qua
2349 4720 2467 4777 fru-

811 4815 975 4867 ctum
1006 4824 1185 4864 suum
1214 4807 1377 4864 dedit
1411 4809 1468 4862 in
1497 4814 1762 4878 tempore
1789 4823 1895 4864 suo
1922 4811 1992 4878 “,
2024 4825 2149 4880 quo
2178 4809 2239 4866 in
2274 4810 2469 4867 Litho-

813 4901 999 4956 stroto
1023 4896 1282 4968 depacta
1311 4901 1416 4953 est.
1445 4895 1678 4953 Gaudet
1712 4911 1856 4952 vero
1885 4913 2032 4954 crux
2060 4897 2152 4966 iis,
2191 4899 2297 4972 qui
2349 4901 2472 4958 vita

813 4989 1000 5050 ﬂuxa,
1075 4985 1241 5042 molli
1296 4989 1356 5042 et
1417 4985 1675 5043 delicata
1734 4989 2101 5059 contempta,
2161 4989 2470 5062 asperitati

813 5082 872 5136 et
927 5076 1223 5134 severitati
1253 5075 1598 5132 Christiana
1645 5075 1975 5149 disciplina
2028 5093 2163 5134 sese
2217 5078 2466 5137 dedunt.

812 5171 886 5225 At
913 5166 1142 5223 fructus
1171 5165 1303 5237 ejus
1326 5168 1420 5225 est
1439 5165 1712 5222 remissio
1737 5171 2146 5239 peccatorum,
2172 5183 2358 5241 quam
2407 5171 2468 5227 in

2577 4547 2751 4613 φυγεῖν
2805 4539 2906 4594 ἀπὸ
2975 4546 3262 4617 προσώπου
3309 4541 3485 4607 τόξου,
3542 4544 3634 4594 καὶ
3697 4548 3799 4593 τῶν
3861 4537 4185 4614 δαιμονικῶν

2512 4696 2522 4709 ο
2575 4629 2901 4706 προσϐολῶν.
2967 4637 3134 4684 Τοῦτο
3197 4636 3288 4684 καὶ
3367 4630 3516 4694 ξύλον
3583 4634 3959 4705 πεφυτευμένον
4037 4633 4191 4705 πειρά

2578 4724 2672 4784 τὰς
2729 4716 3001 4784 διεξόδους
3054 4728 3154 4773 τῶν
3202 4717 3411 4774 ὑδάτων
3465 4725 3556 4773 καὶ
3610 4729 3710 4773 τῶν
3765 4729 3859 4774 τοῦ
3919 4726 4190 4795 σωτηρίου

2578 4819 2783 4882 πηγῶν.
2814 4812 2897 4864 Ἐν
2949 4812 3149 4872 πάσαις
3195 4813 3294 4886 γὰρ
3352 4817 3469 4872 ταῖς
3524 4813 3687 4873 θείαις
3744 4816 3974 4885 Γραφαίς
4005 4810 4195 4883 ὕμνοις

2579 4899 3037 4975 πιριαντλούμινος
3095 4900 3237 4954 ἐστιν
3311 4901 3338 4953 6
3405 4902 3655 4974 σταυρὸς,
3721 4900 3778 4961 ὃς
3834 4904 3922 4954 τὸν
3988 4904 4195 4975 καρπὸν

2581 4991 2742 5044 αύτοῦ
2775 4987 3003 5045 δέδωκεν
3055 4989 3103 5043 ἐν
3148 4997 3316 5065 καιρῷ
3373 4990 3555 5056 αὑτοῦ,
3603 4991 3726 5044 καθ’
3759 4989 3814 5042 ὃν
3861 4989 3911 5043 ἐν
3961 4998 4033 5061 τῷ
4083 4997 4198 5044 Λυ-

2583 5083 2862 5156 θοστρώτῳ
2901 5083 2974 5152 (2)
3031 5079 3362 5153 ἐπεφύτευτο.
3413 5084 3600 5155 Χρίρει
3646 5077 3708 5133 δε
3753 5081 3778 5131 6
3835 5083 4059 5153 σταῦρὸς
4083 5089 4202 5143 τοίς

2580 5175 2666 5224 τόν
2722 5173 2934 5245 ἕνυγρον
2963 5173 3054 5244 μὲν
3086 5167 3205 5244 βίον
3251 5188 3284 5222 κ
3314 5174 3368 5222 αἱ
3415 5165 3686 5244 πλαδαρὸν
3735 5159 4080 5240 διαπτύουσι,
4126 5179 4197 5244 τῇ

886 5329 934 5365 ²⁰
966 5330 1135 5385 Deut.
1167 5342 1372 5396 ιιι-ιιι,
1401 5330 1488 5384 66.
1568 5327 1610 5360 ²¹
1645 5325 1781 5382 Psal
1810 5342 1994 5397 cxuv,
2025 5328 2108 5383 l5.
2187 5329 2234 5363 ”
2265 5329 2418 5386 Psal.
2441 5346 2477 5386 ll

2550 5335 2604 5388 7.
2682 5332 2730 5366 ³³
2757 5320 2910 5387 Psal.
2945 5347 3058 5394 ιιι,
3087 5335 3141 5388 6.
3217 5331 3266 5365 “
3296 5328 3495 5388 Matth.
3525 5345 3673 5395 xxn',
3705 5332 3795 5385 4⁸5.

811 5510 895 5584 (2)
933 5507 1125 5566 Vocat
1183 5509 1549 5584 Germanus“
1572 5504 1855 5584 calvaria
1877 5577 1897 5584 _
1922 5511 2192 5584 montem
2253 5508 2474 5584 Lithro-

813 5577 1044 5639 stroton
1069 5579 1233 5653 quod
1262 5584 1320 5653 et
1344 5579 1436 5653 ab
1453 5577 1585 5653 aliis
1613 5578 1831 5635 Gracis
1870 5577 2096 5653 factum
2126 5580 2472 5638 observavi-

811 5670 976 5716 mus.
1004 5650 1121 5712 Νθό
1161 5650 1307 5710 satis
1335 5651 1484 5709 mihi
1512 5655 1726 5709 notum
1750 5666 1876 5725 qua
1903 5650 2136 5710 ratione
2163 5667 2178 5720 ;
2211 5669 2351 5710 cum
2383 5654 2472 5712 Li-

2581 5509 3132 5583 throstotos_fuerit_
3155 5508 3643 5583 tribunal_Pilati,
3695 5525 3769 5566 ex
3796 5524 3922 5583 quo
3951 5513 4203 5568 senten-
4277 5525 4284 5535 '

2579 5582 2730 5642 tiam
2753 5581 2964 5642 mortis
2992 5583 3056 5640 in
3076 5581 3376 5642 Christum
3401 5581 3571 5639 dixit.
