4468 6450
309 391 416 446 C57

1601 393 1671 450 ΙΝ
1709 386 2068 446 νινιιῖιολι
2105 387 2401 448 CRUCEI.

3578 391 3682 447 658

307 515 610 587 τραχύτητι
663 510 723 570 δε
768 520 857 569 καὶ
889 515 1263 593 σκληραγωγία
1316 514 1407 579 τῆς
1479 518 1616 570 κατὰ
1682 515 1911 590 Χριστὸν
1948 513 1996 567 Α
2024 524 2071 567 et

1948 513 1996 567 Α
2024 524 2098 568 ea
2115 511 2333 570 afﬁxus
2353 517 2560 587 Agnus
2583 515 2702 586 Dei,
2739 515 2846 588 qui
2871 515 3029 572 tollit
3042 519 3354 584 peccatum
3375 515 3589 572 mundi
3608 516 3678 584 ³⁵,

310 597 590 674 διαγωγῆς
614 608 1062 678 προσανὶχουσιν.
1101 605 1160 658 Ὀ
1209 603 1268 660 δε
1323 609 1523 681 κάρπος
1575 605 1736 658 αὑτοῦ
1793 604 1913 674 ἄφε-

312 709 397 750 σίς
425 690 712 764 ἁμαρτιῶν,
742 692 802 751 ἣν
841 695 868 746 ὁ
911 693 960 746 ἕν
1011 694 1153 765 αὐτῷ
1206 699 1526 769 προσπαγεὶς
1581 696 1767 767 Ἀμνὸς
1821 696 1914 743 τοῦ

311 779 473 832 αὑτὸν
501 783 836 835 πιστεύουσιν
863 779 1188 859 ἐδωρήσατο.

389 974 545 1028 Ἀλλὰ
574 973 722 1030 δεῦτε
777 980 964 1041 πάντες
1019 985 1462 1054 προσκυνήσωμεν
1519 987 1594 1050 υῷ
1637 974 1914 1051 ὑποποδίῳ

307 1071 406 1116 τοῦ
473 1063 844 1138 παμϐασιλὰυς
910 1075 1169 1142 Χριστοῦ.
1251 1073 1632 1141 Προσπέσωμεν
1686 1071 1901 1132 εκόντες,

310 1155 399 1205 ἵνα
425 1155 497 1226 μῆ
521 1155 731 1218 ἄκοντες
770 1163 923 1210 τοῦτο
971 1158 1236 1230 πάθωμεν,
1295 1159 1418 1210 όταν
1473 1160 1498 1210 6
1553 1158 1734 1231 Πατὴρ
1791 1159 1913 1216 τοὺς

309 1240 537 1316 ἐχθροὺς
560 1252 650 1296 τοῦ
704 1250 824 1297 Υίοῠ
881 1243 1170 1298 ὑποπόδιον
1229 1249 1290 1319 θῇ
1345 1255 1445 1300 τῶν
1497 1243 1673 1298 ποδῶν
1727 1244 1906 1300 αὑτοῦ.

305 1338 461 1383 Δεῦτε
515 1337 681 1384 τοίνυν
732 1339 1108 1408 προσπέσωμεν
1191 1341 1280 1387 καὶ
1362 1335 1668 1406 κλαύσωμεν
1758 1335 1906 1386 ἐναν-

301 1425 416 1472 τίον
497 1427 690 1494 Κυρίου
737 1431 830 1475 τοῦ
900 1423 1216 1486 πλάσαντος,
1290 1426 1446 1496 ἡμᾶς,
1507 1421 1618 1476 εἶτα
1690 1424 1906 1497 φθαρὶν-

298 1515 488 1582 τας
521 1519 760 1585 παρακοῇ
815 1510 1207 1574 ἁναπλᾶισαντος
1250 1509 1344 1565 διὰ
1394 1520 1643 1585 σταυροῦ,
1694 1512 1778 1563 ἳνα
1829 1516 1900 1583 μὴ

298 1597 626 1671 κλαὺσωμεν,
684 1601 805 1652 ὅταν
863 1603 917 1653 αἱ
965 1598 1207 1673 δυνάμεις
1237 1609 1337 1653 τῶν
1375 1601 1603 1674 οὐρανῶν
1657 1600 1905 1659 σαλευθή-

301 1705 508 1756 σονται,
561 1696 650 1741 καὶ
706 1689 988 1761 ὀφθήσεται
1041 1695 1098 1743 τὸ
1179 1699 1394 1764 σημιίον
1454 1699 1545 1744 τοῦ
1619 1692 1742 1742 Υίοῦ
1814 1699 1904 1742 τοῦ

297 1774 568 1848 ἄνθρωπον
634 1776 681 1829 ἐν
728 1787 798 1849 τῷ
854 1779 1073 1851 οὐρανῷ,
1146 1785 1235 1831 καὶ
1301 1779 1551 1851 κόψονται
1613 1785 1784 1830 πᾶσαι
1849 1781 1904 1830 αἱ

301 1865 458 1937 φυλαὶ
504 1875 600 1928 τῆς
653 1876 768 1939 γῆς.
827 1867 916 1930 Ὠς
970 1872 1069 1941 γὰρ
1119 1865 1355 1940 ἀψευδὴς
1409 1872 1534 1928 Θεὸς
1591 1869 1617 1920 6
1671 1871 1904 1943 Χριστὸς
1936 1863 1977 1915 Β

299 1949 661 2027 προεδήλωσε,
713 1961 1129 2030 προπορεὺσεται
1175 1967 1266 2019 τῆς
1316 1955 1562 2032 δευτέρας
1609 1963 1903 2032 παρουσίας

300 2042 467 2096 αὑτοῦ
508 2045 535 2095 6
583 2049 829 2120 σταυρὸς,
876 2050 940 2108 ὡς
985 2046 1238 2119 βασιλικὴ
1298 2051 1502 2119 σημαὶα
1548 2050 1902 2119 πανιὺσημος,

298 2131 390 2186 και
421 2139 744 2206 γνωρίσουσι
766 2140 953 2199 πάντες
998 2139 1046 2190 οἱ
1097 2136 1149 2200 ἐξ
1203 2133 1375 2210 Ἀδὰμ
1422 2141 1587 2210 μέχρι
1639 2144 1732 2198 τῆς
1789 2155 1908 2189 συν-

297 2221 497 2284 τελείας
552 2226 838 2296 ἅνθρωποι,
885 2229 949 2286 ὡς
999 2227 1026 2278 6
1084 2225 1474 2301 ἐσταυρωμένος
1523 2229 1750 2299 Χριστὸς
1820 2228 1904 2300 ἰρ-

298 2330 460 2384 χεται
535 2321 709 2389 κρῖναι
788 2315 987 2376 ζῶντας
1070 2322 1159 2368 καὶ
1220 2319 1451 2388 νεκρούς.
1509 2316 1898 2387 Προφθάσωμεν

296 2399 390 2453 οὖν
464 2404 522 2454 τὸ
589 2407 868 2477 πρόσωπον
957 2404 1118 2457 αὑτοῦ
1195 2403 1243 2456 ἐν
1327 2401 1732 2476 ἐξομολογήσει.
1808 2402 1904 2454 Οἰ-

295 2492 590 2563 κειωθῶμεν
619 2500 692 2562 τῷ
721 2491 935 2565 βασιλεί
978 2501 1078 2545 τῶν
1133 2494 1332 2546 αἰώνων
1385 2499 1475 2546 καὶ
1515 2490 1669 2566 κριτῇ
1722 2495 1904 2556 πὰσης

294 2588 461 2642 πνοῆς
505 2589 577 2651 τῷ
625 2580 999 2656 ἐσταυρωμένῳ
1055 2591 1272 2658 Χριστῷ
1330 2583 1590 2636 οἰκείωσιν
1645 2587 1740 2641 τὴν
1811 2579 1905 2636 διὸι

293 2675 588 2742 μιμήσεως.
668 2679 920 2745 Μιμείται
1000 2670 1060 2727 δὲ
1109 2679 1196 2726 τὸν
1253 2675 1532 2748 Χριστὸνό
1590 2671 1906 2735 καθηλώσας

295 2768 374 2830 τῷ
429 2762 547 2832 θείῳ
605 2766 739 2834 φόνῳ
791 2765 880 2825 τὰς
929 2763 1114 2816 ἐαυτοῦ
1172 2767 1392 2838 σάρκας,
1441 2769 1531 2816 καὶ
1583 2771 1655 2835 τῷ
1719 2769 1902 2836 κόσμῳ

298 2852 621 2922 σταυρωθεὶς
649 2855 740 2903 καί
781 2850 1158 2926 ἅπονεαρωθείς

377 2940 666 3011 Κάμμυσὸν
730 2960 824 2993 σου
908 2946 1027 3002 τοὺς
1101 2941 1420 3015 ὀφθαλμούς,
1473 2944 1601 2994 ὶπάν
1675 2960 1727 2993 τι
1803 2949 1903 2993 τῶν

298 3025 582 3099 θελγὸντων
639 3029 828 3091 αὑτοὺς
886 3029 1157 3103 προσϐάλῃ
1237 3033 1412 3098 ποθεν,
1493 3034 1624 3100 πρὸς
1706 3026 1902 3093 ἁδονῆς

298 3113 559 3190 βλαϐερᾶς
607 3122 910 3192 παρασύρον
961 3105 1035 3172 σε.
1060 3119 1286 3194 ὀλεθρον.
1345 3120 1557 3172 κλεῖσον
1606 3123 1666 3172 τὸ
1733 3124 1904 3191 στόμα

299 3223 400 3257 σου
423 3203 472 3257 ἐν
500 3215 572 3277 τῷ
597 3217 856 3268 συστῆναι
884 3213 969 3262 τὸν
1005 3208 1310 3284 ἁμαρτωλον
1368 3205 1611 3262 διάϐολον
1665 3207 1888 3261 ἐναντίον
1934 3240 1974 3293 C

297 3312 398 3346 σου
450 3293 746 3369 ἐριθίζοντα
799 3301 926 3372 πρὸς
983 3297 1156 3372 ὑϐρεις
1207 3303 1296 3350 καὶ
1339 3297 1729 3350 καταλαλοὺντα
1811 3306 1902 3350 τοῦ

293 3382 540 3441 πλησίον.
628 3388 916 3458 Κωφώθητι
989 3386 1454 3459 καταλαλοὺμενος,
1533 3385 1900 3462 ὑϐριζόμενος,

293 3477 389 3525 καὶ
444 3472 606 3544 ψάλλι
662 3478 794 3547 μετὰ
851 3473 1018 3529 Δαυίδ
1068 3480 1206 3529 κατὰ
1255 3484 1392 3529 νοῦν·
1453 3475 1583 3548 Ἐγὼ
1642 3472 1702 3530 δὴ
1778 3479 1904 3529 ὡσεὶ

290 3565 462 3633 κωφός
511 3563 604 3616 οὑκ
655 3568 865 3632 ἤκουον,
958 3569 1044 3617 καὶ
1123 3565 1248 3618 ὡσεὶ
1333 3563 1516 3626 ἆλαλος
1596 3565 1692 3618 οὑκ
1769 3565 1904 3618 ἀνοί-

290 3671 402 3721 γων
452 3656 511 3705 τὸ
571 3659 742 3726 στόμα
794 3658 975 3709 αὑτοῦ.
1034 3655 1329 3727 Δέσμευσόν
1381 3672 1476 3707 σου
1532 3657 1627 3718 τὰς
1697 3662 1902 3729 χεῖρας,

291 3743 381 3792 ἵνα
426 3746 500 3814 μὴ
559 3747 686 3816 πρὸς
741 3746 831 3804 τὰς
882 3742 1240 3816 ψυχοϐλαϐεἰς
1304 3743 1608 3796 ἐκτείνοιντο
1666 3745 1901 3818 πράξεις,

293 3826 439 3901 μηδι
512 3835 640 3906 πρὸς
713 3838 807 3891 τὴν
860 3831 1104 3906 ἁρπαγὴν
1155 3835 1256 3885 τῶν
1306 3838 1377 3905 μὴ
1452 3833 1743 3892 ἀνηκόντων
1797 3853 1900 3887 σοι.

294 3915 692 3994 Συνδέσμευσον
739 3927 829 3976 καὶ
885 3927 1006 3986 τοὺς
1057 3919 1230 3984 πόδας
1281 3927 1627 3998 πειρωμὶνους
1697 3927 1902 3998 τρίχιιν

290 4007 663 4086 πρὸςᾶιοδίας
711 4011 979 4088 βάραθρα,
1027 4018 1118 4066 καὶ
1173 4012 1345 4075 ἁπλῶς
1399 4012 1599 4080 εἰπεῖν,
1655 4013 1903 4072 καθήλω-

296 4119 391 4153 σον
418 4104 512 4152 καὶ
534 4108 722 4174 χεῖρας
761 4107 850 4154 καὶ
903 4099 1072 4162 πόδας
1121 4109 1194 4172 τῷ
1254 4101 1396 4174 φόϐῳ
1453 4110 1546 4155 τοῦ
1596 4099 1690 4155 διὰ
1744 4103 1900 4176 μολυ-

292 4195 428 4263 σμὸν
454 4198 547 4244 τοῦ
601 4191 843 4264 ψυχικοῦ
897 4189 1186 4266 ἐνδύματος
1242 4189 1474 4254 δεθέντος
1530 4201 1739 4268 χεῖρας,
1803 4199 1894 4246 καὶ

289 4277 480 4346 πόδας,
559 4288 649 4335 καὶ
724 4281 1092 4358 άποδόριφέντος
1171 4283 1239 4344 εἰς
1294 4282 1531 4342 κόλασιν.
1599 4284 1716 4337 Ἐὰν
1767 4285 1903 4338 οὑτω

291 4374 675 4445 συσταυρωθῇς
694 4380 764 4444 τῷ
797 4380 1034 4446 Χριστῷ,
1077 4369 1498 4447 συσδοξασθῃσὴ
1557 4374 1722 4446 αὐτῷ,
1781 4379 1903 4428 ὅταν

293 4460 417 4534 ἔλθῃ
453 4459 587 4534 ἐντῇ
620 4458 748 4534 δόξῃ
793 4469 888 4514 τοῦ
918 4465 1122 4537 Πατρός
1179 4462 1340 4514 αὑτοῦ
1396 4465 1528 4535 μετὰ
1585 4473 1686 4516 τῶν
1753 4467 1904 4536 ἀγχί-

290 4549 396 4602 λων
447 4558 547 4602 τῶν
627 4549 810 4622 ἁγίων.
860 4555 992 4604 Τότε
1053 4556 1436 4624 προσκυνήσεις
1490 4551 1798 4627 τελειότερον
1850 4573 1905 4608 τε

291 4642 386 4692 καί
433 4639 751 4713 ὑψηλότερον
801 4644 888 4693 τόν
944 4640 1306 4699 πολυπόθητον
1356 4649 1450 4694 τοῦ
1484 4647 1680 4716 Κυρίου
1740 4663 1901 4697 σταυ-

288 4732 406 4805 ρὸν,
478 4726 709 4783 κατιδὼν
767 4730 980 4791 ἡλιακὰς
1057 4728 1266 4791 ἀκτῖνας
1331 4729 1750 4803 φωτοϐολοὺντα,
1813 4738 1906 4787 καὶ

294 4826 415 4880 ταῖς
479 4817 782 4890 ἀγγελικαίς
845 4818 1312 4895 περικυκλοὺμενον
1383 4819 1755 4895 ταξιαρχίαις,
1819 4827 1911 4876 καὶ

297 4911 764 4982 συνθήματίζοντα
792 4917 902 4973 τοῖς
953 4916 1162 4970 πιστοῖς
1209 4914 1304 4970 τήν
1353 4914 1479 4985 πρὸς
1533 4915 1622 4965 τὸν
1685 4911 1911 4987 βασιλέα

294 4994 630 5071 συνδρομὴν,
698 5003 789 5052 καὶ
845 5002 947 5052 ἀπὸ
997 5006 1096 5051 τῶν
1149 4998 1356 5074 ἐχθρῶν
1415 4999 1755 5075 ἀφοριζοντα,
1819 5009 1909 5057 καὶ

291 5091 429 5162 πρὸς
493 5093 587 5146 τήν
661 5093 1008 5162 κληρονομίαν
1087 5097 1182 5150 τῆς
1258 5085 1568 5162 ἀδιαδὸχου
1627 5089 1910 5164 βασιλείας

296 5177 744 5249 συγκαλούμενον,
807 5175 868 5240 ἧς
935 5183 1134 5250 γένοιτο
1192 5181 1390 5242 πάντας
1445 5181 1582 5252 ἡμᾶς
1637 5179 1909 5254 ἐπιτυχεῖν

295 5268 349 5320 ἐν
401 5267 542 5337 αὑτῷ
629 5276 831 5341 Χριοτῳ
906 5276 979 5338 τῷ
1035 5276 1150 5340 Θεῷ
1207 5270 1376 5341 ἡμῶν,
1434 5277 1474 5339 ᾧ
1522 5273 1706 5345 πρὶπιι
1762 5279 1910 5326 πάσα

294 5355 453 5421 δόξα,
487 5362 637 5429 τιμὴ,
669 5363 758 5410 καὶ
798 5361 1156 5432 προσκὺνησις
1209 5360 1297 5410 οὑν
1343 5367 1414 5430 τῷ
1469 5361 1688 5435 ἀνάρχῳ
1747 5361 1907 5415 αὐτοῦ

2025 600 2275 676 donavit
2302 604 2680 676 credentibus
2710 605 2771 660 in
2797 605 3020 676 ipsum.

2027 680 2182 743 Θεοῦ,
2214 674 2240 728 6
2270 674 2427 747 αἴρων
2453 681 2540 734 τὴν
2567 674 2837 752 ἁμαρτίαν
2855 682 2946 728 τοῦ
2984 678 3209 748 κόσμον,
3233 681 3339 738 τοῖς
3372 680 3444 737 εὶς

2095 979 2386 1036 Caeterum
2412 979 2618 1036 adeste
2668 996 2902 1050 omnes,
2963 980 3288 1037 adoremus
3339 979 3673 1036 scabellum

2028 1067 2250 1141 ubique
2279 1069 2588 1138 regnantis
2607 1070 2842 1138 Christi,
2871 1069 3258 1142 procidamus
3282 1068 3572 1139 volentes,
3597 1085 3674 1125 ne

2024 1157 2084 1214 id
2105 1157 2374 1216 nolentes
2387 1158 2580 1216 facere
2595 1175 2908 1230 cogamur,
2930 1158 3180 1232 quando
3211 1161 3380 1215 Pater
3397 1158 3673 1214 inimicos

2025 1246 2144 1303 Filii
2163 1248 2426 1318 posuerit
2452 1247 2782 1303 scabellum
2806 1247 3032 1320 pedum
3063 1247 3216 1318 ejus.
3239 1245 3453 1302 Adeste
3470 1245 3669 1315 igitur,

2020 1337 2402 1405 procidamus
2427 1343 2480 1392 et
2517 1339 2818 1405 ploremus
2855 1351 3056 1392 coram
3106 1336 3358 1390 Domino
3398 1336 3506 1406 qui
3526 1335 3670 1404 fecit

2019 1440 2124 1480 nos
2151 1426 2218 1480 ²⁶.
2243 1425 2626 1498 perditosque
2652 1424 2730 1480 ob
2751 1423 3215 1480 inobedientiam
3245 1423 3542 1495 reparavit
3563 1437 3672 1494 per

2017 1529 2277 1584 crucem,
2313 1529 2386 1568 ne
2420 1513 2747 1586 ploremus,
2799 1512 3048 1585 quando
3104 1512 3348 1567 virtutes
3377 1510 3668 1566 ccelorum

2017 1602 2578 1667 commovebuntur,
2613 1602 3044 1672 apparebitque
3059 1602 3291 1669 signum
3318 1599 3460 1655 Filii
3480 1601 3669 1656 homi-

2016 1691 2108 1744 nis
2122 1692 2184 1746 in
2199 1692 2358 1750 cmlo.
2377 1692 2732 1760 etplangent
2749 1706 2950 1745 omnes
2966 1690 3150 1744 tribus
3165 1687 3667 1753 lerrce“;utenim

2019 1779 2252 1834 mentiri
2285 1779 2521 1834 nescius
2546 1780 2809 1834 Christus
2851 1781 3004 1834 Deus
3063 1777 3355 1850 praedixit,
3407 1792 3554 1831 crux
3579 1793 3668 1831 se-

2017 1867 2282 1923 cundum
2306 1868 2434 1939 ejus
2457 1868 2782 1924 adventum
2807 1866 3134 1932 antecedet,
3161 1871 3452 1938 tanquam
3470 1863 3668 1934 regale

2015 1955 2296 2012 vexillum
2320 1957 2398 2011 ab
2419 1956 2703 2011 omnibus
2724 1955 2893 2012 facile
2915 1955 3175 2025 cognitu.
3201 1956 3267 2009 Et
3300 1956 3670 2023 cognoscent

2015 2061 2226 2102 omnes
2243 2044 2564 2111 exAdamo
2582 2044 2876 2118 progeniti
2897 2061 3088 2117 usque
3107 2043 3184 2099 ad
3200 2042 3669 2098 consummatio-

2017 2149 2176 2201 nem,
2207 2135 2499 2190 Cbristum
2523 2134 2875 2190 cruciﬁxum
2903 2133 3098 2188 venire
3131 2131 3469 2203 judicatum
3498 2130 3668 2186 vivos

2016 2227 2073 2279 et
2102 2228 2393 2278 mortuos.
2429 2226 2900 2292 Praeoccupemus
2942 2223 3132 2292 igitur
3177 2222 3398 2292 faciem
3447 2222 3574 2290 ejus
3604 2220 3666 2274 in

2017 2313 2384 2383 confessione
2410 2314 2480 2369 ".
2509 2311 2738 2369 Similes
2767 2311 2986 2367 fiamus
3040 2311 3180 2380 Regi
3212 2309 3574 2365 saeculorum
3611 2312 3669 2365 et

2013 2401 2201 2473 judici
2226 2402 2423 2457 omnis
2451 2401 2690 2474 spiritus
2722 2401 2954 2456 Christo
2982 2399 3285 2466 cruciﬁxo,
3338 2396 3671 2455 similitudi-

2015 2507 2109 2558 ne,
2143 2508 2278 2565 ques
2306 2497 2394 2547 est
2425 2507 2528 2563 per
2560 2490 2975 2546 imitationem.
3003 2489 3271 2545 Imitatur
3313 2503 3457 2544 vero
3501 2485 3667 2544 Chri-

2016 2585 2195 2650 stum,
2220 2581 2324 2652 qui
2345 2578 2564 2636 divinae
2591 2579 2765 2635 morti
2781 2593 3025 2634 carnem
3049 2593 3223 2635 suam
3245 2576 3432 2634 clavis
3453 2575 3665 2647 afﬁgit,

2015 2670 2243 2727 mundo
2276 2669 2594 2727 crucifixus
2621 2674 2677 2725 et
2707 2673 3001 2726 mortuus.

2082 2939 2304 3003 Claude
2355 2942 2488 2995 tuos
2518 2937 2745 3006 oculos,
2773 2953 2914 2993 cum
2944 2935 3092 3010 quid
3122 2934 3568 2992 delectabilium
3599 2934 3662 2991 in

2010 3047 2114 3088 eos
2133 3031 2463 3099 incurrerit,
2477 3027 2784 3100 abripiens
2803 3032 2854 3083 te
2876 3026 2954 3084 ad
2973 3025 3322 3099 perniciosae
3339 3024 3664 3097 voluptatis

2009 3121 2279 3177 exitium.
2329 3116 2550 3175 Claude
2600 3132 2668 3173 os
2720 3121 2914 3186 tuum,
2964 3132 3104 3172 cum
3162 3115 3433 3171 consistit
3453 3114 3665 3170 adver-

2010 3226 2146 3265 sum
2167 3214 2219 3265 te
2238 3212 2512 3281 peccator
2531 3205 3001 3275 calumnians,et
3021 3205 3258 3261 irritans
3281 3203 3361 3260 ad
3385 3202 3662 3274 injurias.

2010 3305 2066 3356 et
2094 3299 2437 3355 obtrectans
2466 3296 2763 3369 proximo.
2788 3295 3015 3351 Surdus
3045 3299 3170 3351 esto
3197 3293 3276 3351 ad
3335 3292 3666 3349 oblocutio-

2012 3404 2118 3444 nes
2137 3392 2192 3443 et
2212 3385 2483 3457 injurias,
2507 3391 2561 3442 et
2581 3400 2731 3441 cane
2752 3400 2892 3441 cum
2917 3383 3139 3441 Davide
3163 3388 3360 3440 mente
3382 3388 3487 3439 tua
3510 3399 3521 3437 :
3545 3384 3666 3452 Ego

2013 3493 2150 3535 vero
2177 3483 2467 3548 tanquam
2499 3475 2719 3531 surdus
2733 3491 2854 3530 non
2870 3475 3432 3542 audiebam,etsicut
3465 3479 3664 3528 mutus

2011 3583 2133 3624 non
2164 3568 2441 3637 apem‘ens
2461 3581 2522 3622 os
2551 3581 2725 3622 suum
2749 3567 2818 3621 ‘9.
2845 3565 2984 3637 Liga
3006 3580 3223 3621 manus
3277 3569 3432 3634 tuas,
3466 3579 3542 3619 ne
3568 3578 3666 3618 ex-

2015 3656 2341 3713 tendantur
2360 3654 2439 3711 ad
2457 3654 2723 3711 actiones
2744 3655 2964 3710 animus
2987 3653 3341 3721 damnosas,
3363 3667 3561 3725 neque
3587 3650 3666 3708 ad

2014 3746 2291 3817 rapinam
2340 3760 2549 3800 earum
2609 3759 2809 3800 rerum
2840 3760 2977 3816 quin
3029 3742 3177 3799 nihil
3201 3743 3279 3799 ad
3310 3747 3364 3799 te
3394 3742 3667 3800 attinent.

2014 3836 2236 3906 Collige
2257 3834 2439 3890 simul
2467 3839 2525 3890 et
2545 3833 2748 3907 pedes,
2782 3833 2831 3889 si
2857 3839 3148 3890 conentur
3189 3847 3425 3890 currere
3453 3832 3533 3888 ad
3559 3831 3667 3888 de-

2014 3926 2113 3982 via
2141 3929 2197 3981 et
2225 3924 2532 3990 barathra,
2561 3929 2618 3980 et
2648 3928 2713 3979 ut
2734 3924 2942 3995 paucis
2985 3924 3206 3990 dicam,
3255 3922 3491 3993 conﬁge
3541 3938 3670 3978 ma-

2013 4031 2128 4072 nus
2154 4019 2212 4070 et
2261 4014 2448 4087 pedes
2498 4013 2708 4070 timore
2752 4013 2901 4084 ejus,
2925 4013 3029 4086 qui
3072 4013 3152 4068 ob
3207 4012 3671 4069 contaminatio-

2013 4121 2151 4161 nem
2187 4103 2467 4159 animalis
2489 4102 2825 4160 indumenti
2854 4102 3138 4159 manibus
3164 4106 3221 4158 ct
3248 4101 3504 4175 pedibus
3527 4100 3674 4171 liga-

2013 4199 2107 4249 tus
2137 4199 2196 4249 et
2228 4192 2305 4248 ad
2336 4207 2580 4264 poenam
2637 4193 2943 4264 expositus
2969 4196 3076 4247 est.
3132 4192 3189 4248 Si
3210 4191 3293 4247 ita
3321 4190 3502 4246 simul
3532 4206 3673 4246 cum

2013 4283 2240 4340 Christo
2259 4280 2649 4352 cruciﬁgaris,
2676 4281 2928 4352 gloriam
2952 4295 3090 4337 cum
3107 4280 3240 4352 ipso
3258 4281 3668 4353 consequeris,

2011 4371 2262 4445 quando
2292 4371 2516 4427 venerit
2545 4371 2605 4427 in
2649 4370 2840 4441 gloria
2898 4371 3081 4427 Patris
3134 4370 3226 4426 sui
3256 4387 3396 4426 cum
3448 4371 3674 4426 sanctis

2015 4461 2264 4530 angelis.
2296 4463 2460 4516 Tunc
2486 4460 2768 4518 adorabis
2791 4459 3206 4533 perfectiorem
3239 4459 3371 4529 jam
3401 4463 3460 4515 et
3491 4459 3675 4515 subli-

2016 4551 2269 4607 miorem
2299 4549 2761 4606 desiderabilem
2782 4549 3019 4607 Domini
3057 4565 3320 4618 crucem,
3343 4562 3484 4606 cum
3511 4548 3676 4604 vide-

2015 4640 2095 4696 ris
2113 4639 2340 4697 solares
2363 4639 2566 4696 radios
2587 4638 3012 4711 ejaculantem,
3034 4638 3444 4712 angelicisque
3461 4639 3672 4695 turmis

2017 4729 2475 4798 circumdatam,
2505 4729 2870 4802 signumque
2913 4727 3212 4795 ﬁdelibus,
3256 4733 3321 4785 ut
3347 4728 3426 4785 ad
3454 4731 3676 4799 Regem

2019 4819 2391 4891 confugiant,
2421 4819 2813 4892 prscbentem,
2840 4823 2897 4875 et
2921 4818 2996 4874 ab
3025 4818 3301 4874 hostibus
3354 4833 3676 4888 segregan-

2020 4917 2163 4980 tem,
2214 4915 2271 4966 et
2310 4909 2387 4965 ad
2440 4908 2851 4965 hereditatem
2921 4913 3227 4981 expertem
3274 4908 3677 4964 successionis

2020 5005 2478 5070 convocantem,
2512 5014 2700 5072 quam
2729 5015 2941 5056 omnes
2967 5015 3078 5055 nos
3103 4998 3346 5073 assequi
3370 4997 3682 5068 contingat

2021 5093 2082 5150 in
2109 5091 2240 5166 ipso
2267 5090 2500 5146 Christo
2531 5091 2648 5146 Deo
2668 5094 2895 5154 nostro,
2918 5105 3102 5162 quem
3123 5088 3294 5145 decet
3321 5088 3520 5146 omnis
3551 5088 3680 5158 glo-

2021 5181 2131 5250 ria,
2161 5181 2378 5247 honor,
2410 5183 2468 5235 et
2509 5177 2802 5244 adoratio,
2854 5194 2994 5235 cum
3021 5181 3187 5235 Patre
3235 5177 3534 5252 principio
3586 5194 3683 5234 ca-

2020 5275 2205 5336 rente,
2235 5273 2566 5341 sanctoque
2608 5273 2666 5324 et
2712 5268 2876 5323 bono
2932 5273 2989 5323 et
3045 5268 3386 5325 vivificante
3437 5267 3680 5340 Spiritu,

2021 5376 2184 5418 nunc
2213 5364 2270 5416 et
2295 5359 2354 5415 in
2386 5357 2620 5415 inﬁnita
2641 5357 3000 5414 saeculorum
3027 5357 3268 5414 smcula.
3302 5363 3516 5415 Amen.

299 5451 494 5521 ῐιατρὶ.
542 5447 743 5517 καὶτῷ
807 5468 1068 5520 παναγιῳ,
1119 5453 1209 5500 καὶ
1262 5447 1459 5521 ἀγαθῷ,
1516 5455 1606 5503 καὶ
1656 5452 1894 5524 ξωοποιῷ
1954 5454 2236 5524 Πνιὺματι,
2309 5457 2397 5502 νῦν
2451 5453 2540 5502 καὶ
2597 5449 2667 5512 εἰς
2734 5451 2849 5510 τοὺς
2907 5447 3270 5510 ἀτελευτήτους
3345 5449 3508 5502 αἰῶνα
3584 5455 3683 5502 τῶν

298 5538 524 5591 αἰωνων.
550 5536 736 5607 Ἀμήν.

376 5717 424 5752 ’⁵
449 5717 621 5775 Joan.
655 5733 692 5786 ι,
719 5719 807 5773 29.
885 5717 934 5751 ²⁶
967 5717 1038 5772 Ps
1061 5731 1208 5786 χειν,
1251 5720 1305 5773 6.

1382 5717 1430 5752 ⁸⁸⁸
1461 5717 1664 5779 Matth.
1695 5736 1855 5792 xxiv,
1888 5721 1979 5781 30.

2056 5722 2105 5758 ”
2134 5720 2288 5780 Psal.
2314 5737 2461 5792 χειν,
2490 5724 2545 5778 2.
2621 5721 2670 5756 ³⁸
2702 5719 2860 5780 Psal.
2885 5735 3108 5792 xxxvu,
3139 5724 3222 5779 14.
