4468 6450
331 429 432 483 σοι

1737 423 1828 479 DE
1864 419 2292 498 IIAGINleus.

3601 427 3707 489 602

329 555 477 613 τοὺς,
508 553 576 612 ὡς
606 555 696 601 καὶ
749 554 968 623 σώματα
1019 551 1366 624 παραϐιάξειν
1414 552 1545 623 πρὸς
1590 550 1804 613 ἕνωσιν,
1846 553 1935 601 καὶ
1971 552 1993 599 Δ

1971 549 2018 603 Α
2054 554 2192 633 Deo,
2223 571 2278 623 et
2308 567 2458 624 inter
2488 581 2550 620 se
2577 561 2837 625 vinculo,
2871 567 2940 616 ut
2986 563 3044 616 et
3099 572 3357 630 corpora
3403 555 3703 630 quodam-

331 638 401 698 εἰς
419 646 606 710 πῆγμα
632 637 682 692 δν
714 640 1103 712 συσφίγτεσθαι
1126 643 1216 692 καὶ
1247 640 1588 710 συναγεσθαι.

398 886 458 939 Ἡ
515 884 575 940 δὲ
642 887 931 946 τηλικαύτη
1013 893 1304 961 πανήγυρις
1362 890 1608 942 ὑπόθεσιν
1676 892 1789 960 ἔχει
1839 895 1934 947 τήν

324 974 619 1048 ἀνάμνησιν
647 985 741 1039 τῆς
779 985 881 1029 τῶν
917 982 1184 1048 παναιγίων
1252 977 1457 1030 εἰκόνων
1505 977 1929 1038 ἁναστηλώσεως.

322 1062 637 1136 ἸΞκειτομεν
691 1068 791 1138 γὰρ
840 1068 870 1123 η
931 1066 1078 1118 εἰκὼν
1132 1075 1224 1119 τοῦ
1265 1075 1500 1139 Χριστοῦ
1530 1067 1590 1118 οὐ
1632 1072 1926 1140 τριήμερος,

321 1151 456 1204 ἀλλὰ
549 1154 888 1229 πολυχρόνιος
938 1157 1037 1206 ὑπὸ
1081 1159 1168 1207 τὸν
1215 1164 1311 1217 τῆς
1360 1155 1699 1227 ἀφωτὼσεως
1749 1160 1926 1221 τόπον,

322 1239 596 1313 βασκανίᾳ
623 1251 722 1294 τῶν
773 1239 1200 1315 Ἰουδαιοφρόνων
1248 1245 1541 1316 αἱρετικών.
1592 1251 1700 1296 Νῦν
1737 1241 1786 1295 δ’
1819 1243 1928 1295 ἀλλ’

317 1327 512 1383 ἐκεῖθεν
561 1327 778 1402 εὐδοκία
844 1335 1048 1404 Πατρός
1068 1331 1424 1397 ἐξανίσταται,
1482 1338 1572 1384 καὶ
1606 1339 1785 1407 πρώτη
1832 1341 1929 1394 τῆς

318 1416 651 1480 ἀναστάσεως
723 1422 917 1481 ταύτης
990 1421 1392 1492 εὐαγγελίστρια
1445 1423 1475 1478 ἡ
1526 1424 1812 1492 σεμνοτάτη
1877 1423 1926 1474 ἐν

314 1508 528 1576 γυναιξὶ
555 1513 646 1560 καὶ
692 1510 960 1580 μαθήτρια
989 1518 1080 1560 τοῦ
1131 1517 1387 1582 Χριστοῦ,
1439 1512 1468 1566 ή
1503 1518 1597 1571 τῆς
1631 1511 1769 1572 Θείας
1824 1506 1922 1561 δω-

313 1601 442 1668 ρεᾶς
506 1599 586 1663 (4)
657 1603 949 1670 φερώνυμος
1027 1595 1260 1669 βασιλὶς,
1314 1603 1404 1650 καὶ
1454 1594 1527 1649 δι’
1577 1602 1741 1658 αὐτῆς
1793 1601 1921 1672 πρός

314 1687 512 1743 πάντας
547 1688 667 1745 τοὺς
704 1691 819 1737 τότε
876 1684 1250 1747 ἀποστολικοῦς
1310 1683 1510 1761 ἄνδρας
1559 1692 1647 1738 καὶ
1700 1706 1918 1760 χριστο-

313 1778 555 1844 κήρυκας
592 1782 687 1836 τῆς
727 1773 1062 1834 ἀναστάσεως
1093 1771 1353 1828 διαϐαίνει
1409 1779 1468 1827 τὸ
1507 1781 1775 1848 κήρυγμα,
1830 1781 1920 1828 καὶ

313 1861 700 1922 καλλωπίζεται
761 1859 914 1924 αὖθις
959 1865 989 1920 ἡ
1042 1871 1133 1914 τοῦ
1187 1871 1423 1938 Χριστοῦ
1481 1864 1769 1922 Ἐκκλησία
1811 1873 1920 1926 τοῖς

317 1952 664 2023 ἑερομόρφοις,
720 1957 810 2004 καὶ
863 1948 1208 2014 εῦωδιάζεται
1262 1953 1502 2005 πλεῖστον
1563 1952 1920 2025 ἀπαλλαγεῖσα

310 2048 409 2101 τῆς
439 2040 843 2112 εἰκονομαχικῆς
900 2038 1203 2114 βδελυρίας.
1273 2048 1583 2116 Μυροφόρου
1614 2047 1712 2117 γὰρ
1771 2043 1918 2105 τάξιν

313 2126 750 2204 ἃποπληρώσασα
797 2134 826 2188 ἧ
858 2130 986 2188 καλή
1049 2132 1181 2188 αῦτη
1249 2134 1518 2203 μαθήτρια
1583 2137 1672 2183 καὶ
1719 2134 1916 2184 θεοστε-

312 2223 415 2288 φής
477 2220 686 2271 ἄνασσα
714 2238 833 2280 τους
875 2218 1258 2291 μεταλαϐόντας
1305 2229 1399 2282 τῆς
1439 2229 1531 2272 τοῦ
1564 2224 1915 2294 Κοπρωνύμου

312 2304 581 2376 αἱρέσεως,
616 2305 684 2368 ὣς
732 2327 875 2369 τινας
942 2309 1271 2383 κοπρογενείς
1323 2310 1633 2382 κανθάρους,
1687 2308 1914 2362 ἀποπνί-

310 2391 454 2453 ξασα
500 2395 677 2462 ὤλεσε,
737 2401 826 2449 καὶ
873 2402 960 2449 τὸν
1027 2398 1210 2450 οἰκεῖον
1262 2403 1500 2450 σύνευνον
1552 2403 1637 2450 τὸν
1694 2397 1917 2470 βασιλέα

311 2483 564 2553 Θεόφιλον
595 2483 782 2548 ἀθλίως
815 2486 1310 2557 αἱχμαλωτισθέντα
1331 2490 1429 2539 ὑπὸ
1485 2496 1579 2548 τῆς
1607 2498 1915 2562 τυραννικῆς

311 2567 654 2636 δυσσεϐείας,
714 2576 782 2636 ὡς
829 2574 930 2627 ἀπὸ
983 2582 1203 2649 κοπρίας
1261 2581 1477 2647 πτωχόν
1544 2575 1820 2649 ἐξήγειρεν,
1881 2579 1911 2635 ἡ

309 2666 557 2723 κοινωνὸς
587 2667 677 2734 μεν
706 2671 798 2715 τοῦ
839 2663 982 2736 βίου,
1025 2673 1116 2716 τοῦ
1149 2663 1208 2717 δε
1262 2671 1585 2738 φρονήματος
1638 2664 1917 2723 ἀκοινώνη-

307 2768 419 2810 τος.
469 2749 538 2802 Ὦ
593 2751 754 2812 καλῆς
787 2758 1034 2823 γυναικὸς
1064 2753 1261 2806 πολλῶν
1321 2763 1580 2825 γυναικῶν
1631 2753 1917 2806 ἀναπαλαί-

312 2842 484 2899 σάσης
522 2843 802 2913 ήττήματα
827 2842 839 2896 l
881 2847 989 2896 Εὕα
1017 2847 1100 2894 τὸν
1153 2839 1322 2916 ἄνδρα
1352 2851 1443 2894 τοῦ
1472 2840 1802 2915 παραδείσου
1831 2842 1920 2895 εκ-

310 2925 508 2999 ϐάλλει,
565 2929 834 3001 μολῦνασα
871 2936 929 2983 τὸ
969 2934 1078 2984 κατ’
1136 2932 1306 2984 εἰκόνα
1351 2929 1444 2984 διὰ
1495 2941 1586 2993 τῆς
1629 2941 1920 3005 παρακοῆς.

327 3020 431 3068 Επὶ
460 3025 555 3080 τῆς
579 3024 795 3094 κοπρίας
825 3022 850 3071 ό
884 3019 1001 3074 Ἰὼϐ
1028 3020 1273 3087 ἐκάθητο,
1312 3025 1371 3072 τὸ
1422 3024 1510 3093 μὲν
1580 3030 1732 3093 σῶμα
1791 3018 1920 3074 δύσ-

309 3101 498 3177 οδμος,
551 3113 640 3166 τήν
695 3105 754 3160 δε
799 3109 985 3180 ψυχήν
1019 3114 1255 3181 εὔοσμος,
1295 3111 1438 3166 καὶὴ
1500 3113 1702 3184 πονηρὰ
1753 3109 1916 3168 ὶκείνη

309 3201 445 3266 γυνή
490 3196 822 3250 συνεϐούλευε
855 3203 1044 3270 τούτῳ,
1089 3201 1171 3250 ἱνα
1206 3204 1296 3250 καί
1344 3204 1437 3257 τήν
1472 3198 1658 3271 ψυχήν
1697 3200 1918 3273 ῥυπώσῃ

310 3280 410 3335 διὰ
469 3283 832 3358 βλασφημίας.
896 3287 1033 3340 Ἀλλ’
1091 3287 1197 3358 οὐχ
1247 3288 1465 3347 οὗτωςή
1503 3287 1734 3359 θεόφιλος
1786 3288 1917 3344 αὕτη
1954 3281 1993 3335 C

307 3379 480 3444 γυνή’
511 3374 643 3446 αὐτῇ
690 3396 790 3448 γαρ
839 3377 1166 3450 ἐμφαρμόσει
1210 3376 1400 3448 μᾶλλον
1459 3381 1517 3429 τό
1568 3385 1661 3428 τοῦ
1728 3373 1923 3449 ἀνδρὸς

310 3467 504 3534 ὄνομα,
576 3468 705 3517 Θεὸν
749 3468 848 3540 γὰρ
899 3465 1251 3537 ἀγαπήσασα,
1291 3469 1390 3518 ὑπὸ
1453 3474 1586 3519 Θεοῦ
1645 3468 1918 3537 ἠγαπήθη,

307 3557 404 3603 καὶ
427 3548 520 3604 διὰ
556 3557 640 3605 τόν
672 3559 801 3607 Θεὸν
834 3561 920 3607 uti
971 3559 1058 3607 τὸν
1117 3551 1288 3629 ἄνδρα
1347 3555 1425 3626 (ὅ)
1489 3554 1727 3626 ἐφίλησεν
1787 3556 1922 3606 οὕτω

311 3638 578 3714 σφοδρῶς,
610 3645 678 3703 ὡς
699 3641 752 3705 ἐξ
782 3640 918 3713 ᾅδου
959 3642 1197 3718 ἁρπάσαι
1228 3650 1317 3696 καὶ
1348 3652 1447 3695 τῶν
1471 3645 1578 3696 ἐκεῖ
1625 3641 1920 3700 δικαιωτή-

306 3735 458 3804 ρίων,
524 3737 615 3783 καὶ
664 3736 791 3806 πρὸς
851 3729 1175 3805 παράδεισον
1233 3731 1627 3804 ἀντεισαγαγεῖν
1686 3729 1922 3785 σπουδά-

315 3838 484 3890 σματι
543 3821 762 3892 φιλοθέῳ
807 3827 895 3873 καὶ
935 3824 1126 3894 μόχθῳ
1183 3830 1536 3894 πνευματικῷ,
1589 3821 1672 3874 ἐπὶ
1727 3819 1786 3874 δε
1831 3829 1921 3882 τῆς

310 3915 536 3983 κοπρίας
574 3913 866 3983 καθήμενον
897 3921 992 3973 τῆς
1038 3921 1129 3964 τοῦ
1185 3916 1534 3985 Κοπρωνύμου
1591 3909 1920 3985 βδελυρωτά-

309 4019 409 4060 ﬁt;
477 4003 724 4074 αἱρέσεως
778 4010 872 4064 τῆς
930 4004 1060 4062 κατ’,
1099 4002 1261 4060 αὐτήν
1329 4001 1674 4073 βλασφημίας
1728 4001 1919 4074 μᾶλλον

310 4090 590 4165 ἐρρύσατο,
663 4098 768 4147 καὶ,
819 4094 1004 4165 θερμὸν
1064 4092 1328 4162 εἰσήνεγκε
1374 4095 1461 4143 τὸν
1521 4089 1694 4162 ἀγῶνα
1759 4111 1921 4166 προσ-

310 4191 585 4233 οικειὼσαι
615 4189 798 4233 τοῦτον
831 4189 903 4251 τῷ
936 4186 1172 4254 Χριστῷ,
1223 4181 1283 4232 οὗ
1336 4185 1496 4253 μύρον
1545 4179 1818 4234 ἑκκενωθὲν
1862 4185 1920 4233 τό

311 4274 477 4342 ὄνομα
487 4312 498 4324 .

387 4397 568 4457 Οὕτως
596 4395 851 4468 ἀγαπᾶτε,
883 4404 1146 4468 γυναῖκες,
1176 4400 1298 4458 τοὺς
1322 4393 1547 4469 ἄνδρας·
1600 4397 1736 4448 οὕτω
1795 4395 1922 4468 βοη-

313 4486 450 4537 θεῖτε
479 4507 491 4518 ο
526 4483 653 4537 ἀλλά
684 4491 754 4558 μή
817 4490 993 4557 μόνοις
1031 4493 1142 4546 τοῖς
1191 4493 1464 4560 σαρκικοῖς
1523 4489 1581 4536 τό
1626 4489 1922 4537 κοινωνικόν

310 4575 465 4644 ἔχετε
507 4578 640 4646 πρὸς
692 4579 811 4634 τοὺς
852 4577 1118 4646 συζύγους
1173 4571 1387 4649 ἄνδρας,
1448 4571 1542 4626 διὰ
1595 4571 1923 4632 ἡδυπάθειαν

312 4663 576 4734 φιλοῦντες
636 4665 842 4725 αὐτούς·
920 4664 1048 4716 αλλά
1115 4671 1407 4737 συνεργεῖτε
1485 4669 1573 4714 καὶ
1640 4666 1772 4736 πρὸς
1829 4667 1923 4721 τὴν

309 4753 502 4822 ψυχὴν
559 4754 870 4825 ὠφελοῦντα,
930 4759 1019 4805 καὶ
1086 4752 1459 4825 συμϐουλεύετε
1515 4756 1582 4804 τὰ
1649 4757 1780 4827 πρὸς
1833 4757 1925 4809 τήν

315 4847 602 4916 σωτηρίαν.
632 4842 736 4896 Κᾶν
784 4847 884 4918 πρὸ
937 4845 1079 4915 ὑμῶν
1129 4844 1154 4894 ό
1194 4844 1409 4904 θάνατος
1469 4841 1688 4904 ἐκείνους
1752 4843 1927 4918 ἁρπά-

314 4949 451 4983 σειεν
500 4935 574 4984 ἔτι
615 4932 991 5004 ἐσπιλωμένους
1038 4934 1173 4983 κατὰ
1219 4931 1424 5002 ψυχὴν,
1485 4934 1636 4984 θέσθε
1679 4929 1930 5006 φροντίδα

313 5029 407 5081 τῆς
443 5027 710 5094 σωτηρίας
757 5023 926 5074 αὐτῶν
981 5018 1074 5074 διὰ
1125 5030 1454 5095 προσευχῶν,
1514 5018 1608 5073 διὰ
1662 5017 1928 5096 δακρύων,

312 5109 393 5163 δι’
421 5111 804 5183 ἐλεημοσυνῶν,
835 5110 928 5164 διὰ
961 5115 1117 5163 θαίοιν
1150 5114 1470 5186 ἱερουργιῶν,
1526 5115 1755 5164 Δύνασαι
1802 5115 1926 5183 γὰρ,

312 5199 356 5253 ὦ
388 5205 564 5273 crium,
611 5208 701 5254 καὶ
750 5205 970 5255 θανόντα
1015 5206 1103 5254 τόν
1152 5199 1324 5276 ἄνδρα
1375 5210 1542 5254 σῶσαι
1597 5199 1774 5269 (ϐὶδιά
1827 5211 1925 5254 τῶν

391 5320 468 5390 (4)
495 5310 809 5376 Theodora
841 5320 1188 5390 imperatrix
1219 5336 1370 5374 uxor
1390 5319 1716 5391 Theophili,
1741 5326 1929 5375 mater

315 5392 620 5464 Michaelis
650 5392 724 5446 de
767 5407 889 5464 qua
920 5395 1201 5446 Zonaras.
1239 5393 1654 5464 Cedrenus.iet
1682 5391 1801 5464 alii.
1841 5392 1928 5446 Al-

311 5463 472 5519 ludit
521 5464 598 5518 ad
653 5463 976 5518 Theodorei
1027 5479 1248 5517 nomen
1302 5463 1497 5519 verbis
1532 5463 1644 5518 illis
1680 5485 1692 5518 :
1725 5463 1782 5515 Ἠ
1835 5473 1930 5525 τῆς

315 5538 459 5596 θείας
491 5531 678 5610 δορεᾶς
700 5542 990 5609 φερώνυμος
1023 5533 1261 5607 βασιλίς.

320 5624 324 5628 ’
391 5626 471 5753 g3)
503 5628 651 5682 Sunt
680 5627 782 5696 qui
805 5624 1067 5679 scribant
1090 5624 1484 5696 Theophilum
1507 5624 1934 5698 imperatorem

320 5715 392 5752 su
468 5696 654 5753 ﬁnem
682 5697 817 5752 vita:
848 5697 1190 5753 resipuisse.
1210 5704 1266 5751 et
1290 5696 1369 5752 ab
1393 5698 1934 5753 lconomachorum

315 5696 438 5753 sub
460 5696 654 5770 ﬁnem
682 5697 817 5770 vita:
848 5697 1266 5770 resipuissetet
1290 5696 1369 5752 ab
1393 5696 1934 5770 lconomachorum

316 5769 632 5842 impietate
662 5767 984 5831 destitissei
1007 5772 1089 5825 tta
1126 5767 1376 5847 refertur
1404 5769 1466 5824 in
1497 5769 1794 5841 Perioche,
1830 5785 1936 5825 seu

1955 4641 1999 4694 D

2048 657 2232 713 modo
2265 656 2343 712 ad
2373 655 2661 711 unionem
2693 657 2751 708 et
2779 647 3268 720 coniunctionem
3313 644 3698 718 compellant,

2046 750 2228 820 utque
2258 745 2318 802 in
2369 759 2560 802 unum
2609 740 2782 817 quasi
2827 752 3051 814 pegma
3101 739 3600 807 coagmententur
3643 739 3704 791 et

2046 839 2450 893 concrescant.

2113 925 2280 981 Tanti
2308 941 2447 980 vero
2478 939 2805 980 concursus
2835 936 3019 978 causa
3066 923 3155 974 est
3199 914 3694 974 commemoratio

2042 1019 2386 1070 sanctarum
2417 1014 2753 1083 imaginum
2773 1009 3198 1066 restituturum.
3228 1005 3478 1062 Jacebat
3532 1003 3692 1060 enim

2039 1102 2251 1158 Christi
2280 1104 2503 1172 imago.
2531 1116 2655 1157 non
2679 1099 2898 1166 triduo,
2921 1098 3025 1153 sed
3046 1095 3403 1165 longissimo
3423 1098 3695 1165 tempore

2037 1192 2097 1247 in
2119 1191 2378 1248 obscuro
2399 1198 2454 1248 et
2471 1190 2846 1248 tenebricoso
2877 1191 3011 1244 loco
3030 1184 3257 1242 invidia
3275 1184 3692 1239 hereticorum

2037 1279 2195 1335 idem
2229 1297 2366 1336 cum
2397 1279 2615 1335 Judaeis
2645 1277 3025 1334 sentientium
3059 1293 3072 1330 :
3098 1274 3204 1330 sed
3223 1288 3386 1329 nunc
3413 1271 3554 1327 inde
3582 1286 3691 1327 vo-

2035 1369 2261 1424 luntate
2290 1369 2478 1424 Patris
2507 1368 2773 1436 exsurgit
2827 1372 2883 1421 et
2928 1364 3126 1438 prima
3187 1361 3371 1432 hujus
3428 1374 3687 1416 resurre-

2035 1457 2247 1512 ctionis
2277 1456 2687 1513 annuntiatrix
2712 1453 2940 1510 exsistit
2970 1450 3331 1521 gravissima
3357 1449 3510 1504 inter
3556 1463 3691 1503 mu-

2031 1554 2201 1610 lieres
2228 1561 2284 1611 et
2313 1554 2614 1627 discipula
2654 1551 2863 1608 Christi
2910 1550 3135 1621 regina,
3197 1563 3334 1621 quae
3391 1562 3428 1602 a
3481 1545 3686 1601 divino

2031 1661 2279 1701 munere
2305 1661 2524 1701 nomen
2557 1643 2740 1699 habet
2768 1661 2780 1696 :
2807 1647 2864 1697 et
2909 1657 3016 1713 per
3067 1641 3265 1711 ipsam
3323 1635 3403 1693 ad
3449 1650 3684 1700 omnes,

2029 1735 2132 1807 qui
2154 1739 2293 1790 tunc
2315 1740 2482 1791 erant
2509 1732 2820 1806 apostolici
2848 1731 2979 1797 viri,
3002 1727 3332 1800 Christique
3353 1741 3682 1799 prtecones,

2026 1824 2471 1881 resurrectionis
2501 1825 2682 1894 hujus
2709 1820 3077 1894 praeconium
3099 1823 3327 1888 manat,
3349 1831 3684 1888 rursusque

1945 1918 1988 1972 Β
2027 1919 2350 1969 exornatur
2375 1913 2586 1969 Christi
2617 1911 2878 1967 Ecclesia
2919 1913 3267 1964 sanctorum
3313 1904 3683 1976 imaginibus

2025 2011 2081 2060 et
2110 2005 2288 2076 typis,
2329 2008 2686 2074 gratumque
2734 1999 2982 2055 odorem
3028 1996 3294 2068 acquirit,
3344 1995 3424 2051 ab
3480 1997 3683 2050 lcono-

2025 2093 2380 2148 machorum
2411 2090 2861 2147 abominatione
2881 2087 3154 2143 liberata.
3185 2085 3351 2140 Vasis
3381 2083 3543 2140 enim
3572 2098 3680 2139 un-

2025 2183 2316 2253 guentarii
2341 2182 2462 2236 vice
2492 2181 2695 2236 functa
2742 2177 2981 2247 egregia
3032 2174 3133 2231 illa
3165 2173 3482 2245 discipula,
3533 2178 3589 2228 et
3644 2187 3682 2229 a

2026 2276 2144 2328 Deo
2182 2276 2470 2327 coronata
2499 2270 2725 2340 regina,
2752 2282 2964 2322 omnes
2991 2265 3096 2337 qui
3143 2263 3511 2335 Copronymi
3567 2263 3685 2318 hea-

2021 2363 2137 2418 resi
2167 2361 2364 2417 infecti
2401 2366 2586 2428 erant,
2621 2364 2912 2430 tanquam
2962 2353 3304 2410 scarabaaos
3356 2351 3682 2424 quosdam,

2024 2468 2096 2506 ex
2123 2467 2295 2506 cceno
2327 2449 2693 2521 progenitos,
2724 2445 3031 2501 suffocans
3057 2441 3316 2516 perdidit
3367 2458 3380 2496 :
3430 2446 3487 2498 et
3543 2457 3685 2513 pro-

2025 2541 2224 2611 prium
2242 2539 2564 2609 conjugem
2585 2536 3011 2608 imperatorem
3028 2529 3426 2604 Theophilum
3444 2531 3687 2586 misera-

2024 2628 2216 2685 biliter
2246 2644 2282 2682 a
2305 2626 2619 2699 tyrannica
2648 2623 2954 2696 impietate
2981 2625 3245 2694 captum,
3290 2625 3582 2694 tanquam
3611 2620 3687 2677 de

2028 2724 2287 2773 stercore
2314 2716 2560 2788 inopem
2589 2712 2884 2780 excitavit,
2914 2711 3049 2766 vitae
3109 2708 3356 2782 quidem
3413 2725 3685 2782 consors,

2028 2812 2088 2862 at
2112 2806 2416 2861 sententiae
2450 2820 2678 2860 exsors.
2729 2804 2772 2858 Ο
2826 2799 3111 2856 eximiam
3160 2798 3493 2865 mulierem,
3545 2815 3683 2872 qua:

2028 2894 2355 2952 multarum
2394 2893 2712 2949 mulierum
2765 2889 2967 2946 clades
3015 2892 3072 2944 et
3116 2887 3346 2944 damna
3397 2887 3686 2960 prtestitit!

2031 2989 2150 3041 Eva
2195 2984 2387 3039 virum
2411 2999 2483 3038 ex
2531 2981 2816 3055 paradiso
2876 2978 3050 3050 ejicit'
3124 2976 3540 3033 contaminata
3583 2991 3690 3049 per

2030 3072 2500 3130 inobedientiam
2571 3071 2834 3142 illa.quaa
2863 3066 3197 3123 secundum
3249 3065 3437 3122 Deum
3475 3071 3586 3134 est,
3619 3067 3692 3122 si-

2030 3163 2381 3220 militudine.
2441 3160 2699 3218 Sedebat
2752 3159 2862 3215 Job
2923 3157 2985 3212 in
3007 3155 3398 3229 sterquilinio,
3441 3171 3691 3229 corpore

2031 3253 2276 3327 quidem
2307 3251 2561 3321 graviter
2586 3248 2772 3314 olens,
2803 3247 3010 3303 anima
3042 3250 3242 3301 autem
3277 3249 3515 3315 gratum
3542 3243 3688 3301 odo-

2031 3359 2158 3398 rem
2186 3340 2424 3397 halans.
2456 3341 2524 3394 Et
2551 3336 2831 3410 improba
2860 3335 2960 3391 illa
2999 3333 3213 3390 mulier
3259 3333 3558 3391 suadebat
3614 3334 3688 3403 ei,

2031 3438 2096 3487 ut
2123 3439 2178 3486 et
2199 3429 2469 3486 animam
2503 3425 2896 3499 blasphemiis
2923 3422 3301 3496 proferendis
3323 3423 3689 3497 inquinaret.

2032 3523 2159 3576 Non
2193 3520 2274 3576 ita
2310 3518 2409 3574 Dei
2437 3516 2854 3574 amantissima
2897 3514 3027 3569 haec
3075 3512 3313 3568 femina.
3365 3513 3483 3586 Ipsi
3531 3515 3691 3569 enim

2030 3610 2225 3666 mariti
2257 3623 2481 3664 nomen
2507 3605 2808 3677 competit.
2844 3607 2991 3660 Nam
3023 3618 3163 3658 cum
3185 3603 3373 3659 Deum
3400 3601 3691 3674 diligeret,

2032 3717 2067 3755 a
2096 3702 2213 3754 Deo
2243 3699 2458 3753 dilecta
2479 3701 2587 3764 est,
2610 3699 2973 3768 propterque
3005 3695 3194 3748 Deum
3225 3693 3420 3748 virum
3445 3709 3692 3766 quoque

2031 3795 2153 3845 tam
2173 3790 2558 3844 vehementer
2583 3784 2831 3854 amavit,
2855 3787 2920 3838 ut
2938 3799 3078 3838 eum
3101 3799 3169 3838 ex
3193 3782 3446 3850 inferno,
3475 3799 3693 3856 eoque,

2030 3878 2196 3953 quod
2213 3878 2357 3934 inibi
2383 3882 2492 3940 est,
2519 3874 2801 3931 tribunali
2825 3873 3129 3946 eripuerit,
3147 3878 3203 3928 et
3228 3872 3306 3929 ad
3339 3873 3694 3946 paradisum

2031 3972 2250 4024 conatu
2282 3971 2337 4022 et
2365 3965 2561 4021 studio
2593 3963 2825 4036 superis
2854 3967 3045 4032 grato,
3081 3967 3137 4018 et
3164 3961 3457 4034 spirituali
3485 3961 3693 4019 labore

2029 4056 2380 4121 traduxerit,
2409 4054 2860 4125 haerentemque
2884 4052 2946 4106 in
2978 4050 3128 4107 coelo
3162 4051 3550 4108 exsecranda
3575 4052 3694 4108 hae-

2030 4129 2230 4203 reseos
2244 4143 2630 4216 Copronymi,
2647 4142 2724 4197 ab
2738 4141 2853 4196 hac
2867 4140 3249 4213 blasphemia
3262 4141 3694 4214 expedivit,va-

2028 4235 2342 4307 lidumque
2375 4241 2678 4289 certamen
2711 4230 2891 4286 subiit
2912 4236 2968 4286 et
2999 4230 3300 4298 sustinuit,
3317 4237 3383 4287 ut
3401 4247 3543 4288 eum
3565 4233 3691 4288 vin-

2030 4327 2255 4382 dicaret
2286 4324 2534 4388 Christo,
2561 4323 2733 4393 cujus
2757 4336 2982 4377 nomen
3001 4326 3382 4391 unguentum
3404 4320 3688 4380 eﬂ‘usum.

2103 4421 2167 4472 In
2198 4416 2360 4471 hunc
2387 4412 2660 4479 modum,
2697 4428 2733 4467 o
2764 4411 3065 4478 mulieres,
3095 4417 3293 4468 amate
3324 4414 3574 4469 maritos
3597 4430 3695 4470 ve-

2031 4515 2184 4563 stros
2221 4524 2234 4573 ;
2270 4507 2354 4560 sic
2379 4520 2559 4577 opem
2591 4501 2756 4572 ferte,
2797 4517 2996 4574 neque
3047 4502 3110 4557 in
3153 4502 3293 4558 solis
3351 4503 3697 4561 carnalibus

2034 4595 2525 4653 communionem
2557 4609 2696 4648 cum
2721 4591 2864 4647 viris
2893 4592 3108 4647 vestris
3137 4591 3381 4661 habete,
3423 4599 3697 4652 amantes

2034 4686 2166 4742 illos
2191 4689 2436 4757 propter
2457 4681 2830 4754 voluptatem
2863 4699 2875 4748 ;
2912 4680 3016 4736 sed
3048 4685 3106 4736 et
3129 4680 3582 4740 subministrate
3625 4701 3700 4742 ea

2036 4789 2170 4847 quae
2191 4775 2406 4829 animae
2427 4770 2899 4837 conducunt;et
2927 4769 3225 4840 suggerite
3275 4786 3415 4843 quae
3471 4772 3553 4829 ad
3608 4789 3701 4830 sa-

2035 4864 2220 4920 lutem
2247 4861 2562 4935 pertinent.
2598 4859 2717 4915 Etsi
2757 4859 2925 4930 prius
2978 4873 3143 4914 mors
3193 4857 3328 4916 illos
3370 4859 3703 4936 abripuerit

2040 4953 2239 5009 adhuc
2261 4952 2414 5007 vitiis
2473 4950 2839 5023 inquinatos,
2898 4954 3102 5005 curate
3147 4947 3387 5007 illorum
3443 4949 3699 5011 salutem

2039 5042 2340 5116 precibus,
2366 5040 2671 5114 lacrymis,
2704 5038 3105 5110 eleemosynis
3153 5043 3212 5095 et
3253 5039 3474 5097 divinis
3516 5044 3702 5100 sacri-

2037 5133 2204 5188 ﬁciis.
2248 5135 2417 5186 Potes
2445 5131 2629 5199 enim,
2659 5145 2696 5185 o
2727 5128 2962 5194 mulier,
2990 5134 3297 5186 mortuum
3328 5147 3575 5205 quoque
3617 5135 3704 5191 vi-

2038 5239 2170 5279 rum
2194 5221 2286 5277 his
2309 5222 2596 5294 operibus
2616 5219 2853 5276 salvum
2872 5218 3147 5276 reddere.
3174 5221 3324 5285 Quia
3343 5237 3482 5277 vero
3504 5223 3704 5282 adhuc

2042 5353 2286 5412 summa
2314 5335 2450 5412 libri
2478 5335 2740 5412 vicesimi
2765 5334 2944 5406 primi
2959 5333 3288 5412 _Nicephori
3321 5335 3537 5393 Callisti
3562 5356 3575 5393 :
3599 5341 3708 5412 qui

2043 5408 2194 5464 liber
2221 5407 2402 5463 simul
2436 5424 2576 5462 cum
2607 5406 2736 5461 aliis
2768 5403 2906 5478 post
2937 5403 3241 5478 decimum
3297 5413 3577 5464 octavum
3614 5403 3708 5468 se-

2044 5479 2370 5558 quenti_bu_s
2404 5478 2665 5558 nccdum
2693 5476 2932 5558 prodiit.
2967 5476 3178 5549 Clycas
3205 5484 3409 5558 tamen
3445 5480 3528 5536 ait
3558 5499 3615 5558 iv
3645 5500 3711 5556 p.

2044 5550 2278 5608 Annal.
2312 5550 2710 5622 TheOphilum
2740 5550 3095 5604 m'oriturum
3148 5550 3388 5622 petiisse
3426 5567 3503 5607 ne
3558 5550 3685 5611 ima

2047 5626 2216 5688 gines
2245 5639 2432 5678 sacrae
2462 5639 2640 5678 rusus
2666 5622 3055 5693 erigerentur.
3109 5623 3273 5678 Idem
3326 5626 3588 5682 Zonaras
3648 5627 3666 5683 i

2046 5695 2396 5768 Theophilo.
2878 5764 2887 5768 _
3073 5765 3082 5768 _
3215 5763 3230 5768 _
3654 5725 3657 5728 -

2121 5763 2418 5839 (6)'Locus
2440 5781 2550 5838 pro
2581 5764 2931 5838 purgatorio
2953 5763 3295 5854 probando.
