4468 6450
736 404 839 460 663

735 526 1069 599 supersunt
1106 523 1452 581 retrimenta
1480 523 1767 597 quaedam
1821 525 1896 582 de
1961 522 2413 582 abominatione
2443 524 2490 579 Α

744 612 1129 689 Copronymi,
1181 613 1524 686 audentque
1548 612 1741 670 rabidi
1767 613 1851 671 illi
1900 630 2083 671 canes
2128 619 2187 669 et
2230 610 2408 669 amici

737 690 863 761 luto
903 719 1040 760 sues
1104 706 1314 758 contra
1339 701 1685 760 adorandas
1723 708 1781 760 et
1856 719 2059 759 sacras
2112 700 2413 772 imagines

744 792 977 861 Christi,
1000 791 1397 862 omniumque
1425 798 1794 861 sanctorum,
1843 792 2049 848 fenum
2081 796 2138 847 et
2184 795 2409 846 stercus

742 895 1020 937 evomere
1054 880 1161 951 (sic
1205 879 1367 935 enim
1415 880 1603 951 impia
1653 885 1712 937 et
1765 880 2123 953 blaspheme
2170 879 2407 935 illorum

740 970 901 1027 dicta
931 968 1149 1041 apello,
1183 973 1322 1024 sunt
1346 974 1547 1025 autem
1580 970 1700 1039 isti,
1732 971 1837 1043 qui
1886 969 2070 1040 vulgo
2116 968 2416 1056 Bogomili

743 1064 1060 1126 vocantur,
1102 1058 1399 1114 verissimi
1442 1058 1780 1115 Antichristi
1821 1059 2120 1132 discipuli,
2167 1065 2224 1115 et
2275 1074 2423 1131 pro-

752 1148 958 1204 ditoris
985 1146 1151 1203 Judze
1181 1146 1622 1219 condiscipuli),
1676 1149 1811 1204 ideo
1852 1148 1930 1205 ad
1984 1148 2150 1221 ipsos
2202 1146 2416 1203 oratio-

742 1252 883 1293 nem
918 1240 1285 1293 convertam.
1349 1238 1575 1291 Etenim
1617 1252 1739 1292 non
1760 1253 1898 1293 raro
1927 1236 2043 1292 illis
2091 1238 2151 1292 in
2201 1235 2415 1291 faciem

747 1325 950 1391 restiti,
974 1322 1334 1397 illorumque
1351 1323 1733 1397 impudentes
1754 1325 1955 1380 vultus
1975 1324 2240 1389 confudi,
2273 1323 2415 1379 sub-

747 1413 898 1469 sidio
930 1413 1164 1479 Christi,
1196 1414 1299 1484 qui
1350 1413 1429 1469 ab
1488 1413 1601 1469 illis
1654 1414 1872 1485 injuria
1927 1420 1985 1470 et
2039 1414 2414 1470 contumeliis

749 1502 1023 1557 afﬁcitur.
1058 1501 1325 1557 Paucula
1357 1518 1499 1557 vero
1531 1503 1813 1574 qumdam
1892 1520 1962 1559 ex
2014 1502 2418 1575 disputatione

750 1590 849 1646 illa
890 1590 1105 1645 selecta
1132 1595 1189 1644 et
1218 1589 1653 1657 delibata,cum
1684 1600 1884 1647 vestra
1915 1592 2096 1647 etiam
2135 1592 2417 1646 charitate

752 1678 1239 1743 communicabo,
1267 1684 1330 1732 ut
1352 1679 1590 1748 cognita
1620 1680 1858 1735 illorum
1892 1696 2109 1746 errore,
2172 1678 2419 1735 fraudu-

752 1768 928 1825 lentis
948 1766 1145 1823 verbis
1163 1768 1478 1824 inscientes
1499 1784 1620 1824 non
1645 1770 2224 1825 circumveniamini.
2261 1761 2416 1823 Multi

755 1857 916 1913 enim
946 1871 1107 1912 nunc
1139 1856 1531 1922 circumeunt,
1566 1858 1747 1930 inque
1806 1858 2023 1915 domos
2082 1874 2211 1913 sese
2269 1857 2418 1913 insi-
2453 1875 2491 1927 Β

754 1950 965 2011 nuant,
993 1946 1054 2001 in
1083 1946 1341 2001 tenebris
1372 1947 1772 2017 ambulantes,
1827 1954 1884 2004 et
1934 1949 2168 2021 pietatis
2222 1947 2421 2020 specie

754 2034 978 2090 multos
1010 2035 1188 2091 simul
1216 2036 1541 2108 abripiunt.
1568 2039 1716 2093 Nam
1740 2054 1876 2093 cum
1908 2040 2026 2094 sint
2063 2039 2424 2110 tenebricosi

759 2123 1003 2191 diaboli,
1041 2123 1470 2195 transﬁgurant
1500 2142 1627 2182 sese
1657 2126 1718 2182 in
1750 2127 1995 2198 angelos
2037 2127 2208 2185 lucis.

830 2391 1083 2461 Rogavit
1112 2406 1208 2446 me
1235 2390 1483 2463 quidam
1515 2406 1583 2447 ex
1622 2390 2059 2447 diabolicorum
2101 2394 2404 2464 Bogomilo

755 2497 891 2537 rum
914 2496 1167 2537 numero
1202 2499 1214 2536 :
1258 2483 1468 2549 Quare,
1503 2480 1714 2553 inquit,
1758 2481 2022 2537 adoratis
2061 2482 2344 2554 parietes,
2379 2489 2434 2541 et

758 2588 1009 2637 asseres,
1044 2577 1098 2627 et
1126 2570 1372 2637 calcem,
1407 2576 1463 2626 et
1500 2571 1769 2627 diversos
1828 2572 2088 2629 colores?
2140 2574 2237 2628 llis
2292 2590 2435 2631 vero

756 2667 965 2717 sacras
996 2660 1291 2730 imagines
1309 2660 1481 2716 tacite
1506 2660 1906 2729 signiﬁcabat.
1932 2661 2020 2717 Ad
2053 2678 2235 2735 quem
2290 2680 2432 2733 ego;

766 2750 1023 2816 Quando
1043 2750 1238 2806 vidisti
1262 2750 1526 2822 aliquem
1559 2749 1832 2805 Ecclesiae
1860 2756 2082 2806 nostra;
2119 2752 2437 2809 alumnum

762 2840 841 2897 ad
863 2840 1158 2909 fornaces,
1188 2839 1289 2894 ubi
1319 2838 1451 2894 calx
1488 2844 1575 2894 est
1604 2839 1699 2893 vel
1736 2838 1811 2894 ad
1837 2840 2075 2911 rudera,
2132 2841 2236 2897 ubi
2289 2842 2437 2915 lapi-

764 2927 910 2983 dum
953 2927 1179 2983 curnuli
1216 2928 1501 2995 visuntur,
1544 2928 1640 2983 vel
1674 2928 1751 2982 ad
1801 2927 2097 2997 ofﬁcinas,
2167 2930 2271 2986 ubi
2301 2948 2437 2987 ven-

765 3017 990 3072 duntur
1005 3016 1253 3083 colores,
1286 3033 1631 3089 properare,
1656 3023 1709 3071 et
1724 3018 1837 3072 ista
1857 3016 2111 3074 adorare
2135 3024 2191 3075 et
2209 3020 2437 3077 colere?

771 3106 828 3163 Si
858 3107 1013 3161 enim
1038 3105 1344 3178 lapidibus
1376 3112 1431 3162 et
1485 3105 1786 3162 coloribus
1838 3106 2066 3162 cultum
2129 3109 2435 3165 exhibere-

771 3212 928 3263 mus,
984 3212 1231 3251 necesse
1282 3200 1438 3252 esset
1500 3201 1563 3252 ut
1621 3196 1969 3269 ubicunque
2007 3197 2276 3270 lapidem
2343 3200 2435 3255 vel
2468 3222 2507 3277 ρ

772 3300 1034 3339 asserem
1058 3285 1572 3355 conspiceremus,
1598 3301 1669 3339 ea
1700 3284 2117 3341 adoraremus.
2154 3290 2226 3342 At
2256 3286 2437 3358 longe

774 3374 943 3431 aliter
972 3390 1034 3429 se
1060 3390 1155 3429 res
1186 3373 1385 3429 habet.
1412 3377 1615 3446 Neque
1648 3380 1709 3429 tu
1749 3376 2142 3446 quantumvis
2163 3376 2441 3433 inimicus

774 3463 1058 3526 veritatis,
1080 3463 1142 3518 id
1172 3462 1475 3519 afﬁrmare
1498 3464 1681 3519 ausis.
1712 3464 1947 3521 Cultum
1986 3466 2146 3520 enim
2195 3467 2445 3523 exhibe-

778 3570 915 3610 mus
940 3569 1063 3610 non
1093 3552 1439 3624 simpliciter
1462 3552 1752 3622 materiae,
1778 3555 1880 3609 sed
1904 3555 1976 3619 ei,
2023 3572 2160 3627 quae
2215 3556 2275 3610 in
2319 3572 2446 3612 ma-

777 3644 940 3702 teriis
974 3642 1269 3711 elucescit,
1302 3641 1508 3711 ﬁgurae
1545 3661 1557 3709 ;
1591 3659 1787 3715 neque
1841 3644 2005 3699 omni
2058 3644 2289 3716 ﬁgurae,
2341 3646 2445 3702 sed

779 3733 1011 3797 Christi,
1043 3732 1394 3787 castissimae
1429 3732 1527 3786 Dei
1556 3733 1771 3800 Matris,
1796 3732 2174 3806 aliorumque
2206 3740 2444 3791 sancto-

777 3841 935 3881 rum.
968 3826 1115 3879 Nam
1146 3822 1342 3877 honor
1379 3821 1658 3892 imaginis
1689 3823 1900 3878 transit
1925 3823 2003 3878 ad
2029 3830 2439 3898 prototypum.

780 3918 848 3971 Et
874 3914 1023 3970 forte
1052 3912 1302 3984 quidem
1359 3912 1635 3968 historice
1688 3913 1951 3968 Christus
1982 3930 2300 3987 expressus
2357 3921 2445 3972 est

776 4004 869 4060 vel
900 4004 960 4059 in
992 4003 1104 4058 hac
1136 4001 1361 4068 tabula,
1411 4000 1505 4056 vel
1539 4001 1597 4056 in
1666 4003 1910 4073 pariete,
1979 4005 2140 4059 cruci
2202 4004 2439 4076 afﬁxus,

775 4094 1005 4151 nudus.
1037 4095 1245 4147 Astant
1294 4096 1493 4147 autem
1546 4091 1734 4148 Judaei
1786 4094 2159 4164 porrigentes
2206 4102 2442 4153 acetum

776 4200 915 4241 cum
956 4181 1087 4238 felle
1127 4181 1285 4237 latus
1345 4180 1657 4251 fodientes,
1717 4181 2059 4255 Pilatusque
2117 4184 2178 4239 in
2228 4186 2442 4243 throno

775 4272 1121 4339 considens,
1182 4271 1600 4327 assistentibus
1649 4272 1701 4327 ei
1755 4272 1957 4327 multis
2031 4272 2384 4331 satellitibus
2427 4294 2440 4333 :

774 4365 983 4421 omnia
1011 4364 1135 4419 haec
1160 4361 1270 4417 illis
1323 4362 1382 4416 in
1443 4362 1744 4417 coloribus
1797 4367 1853 4417 et
1913 4362 2176 4419 historiis
2219 4382 2441 4438 reprae-

774 4459 1105 4511 sentantur.
1134 4456 1203 4507 At
1231 4468 1360 4517 nos,
1394 4451 1598 4507 relicto
1641 4467 1733 4519 eo,
1767 4451 1871 4524 qui
1904 4452 2071 4509 sedet
2102 4453 2156 4507 in
2201 4455 2437 4526 throno,

772 4544 991 4602 relictis
1022 4542 1368 4633 illusoribus
1394 4540 1637 4633 Judmis,
1681 4541 2096 4633 militibusque
2142 4545 2437 4603 Christum
2474 4580 2514 4633 υ

769 4632 1255 4697 vulnerantibus,
1290 4648 1450 4698 eum,
1503 4631 1607 4703 qui
1646 4631 1936 4687 nudusin
1999 4649 2172 4688 cruce
2218 4637 2439 4706 pendet

769 4730 827 4781 et
858 4723 937 4779 ab
967 4723 1112 4795 ipsis
1142 4721 1429 4786 illuditur,
1460 4720 1787 4777 adoramus
1827 4726 1884 4776 et
1932 4704 2287 4780 salutamus.
2338 4727 2438 4782 Hic
2497 4704 2506 4717 ‘

770 4819 914 4870 sunt
956 4812 1187 4869 colores
1256 4815 1314 4867 et
1370 4810 1451 4866 ibi
1491 4809 1720 4866 colores
1776 4830 1788 4866 :
1836 4811 1934 4867 hic
1990 4812 2202 4882 ﬁgurae
2261 4818 2317 4870 et
2354 4814 2436 4871 ibi

764 4904 996 4976 ﬁgurae.
1023 4905 1217 4969 Quare
1238 4900 1416 4971 igitur
1452 4901 1583 4956 illas
1614 4900 1859 4973 quidem
1884 4902 2123 4958 odimus
2159 4907 2213 4959 et
2264 4920 2433 4959 aver-

766 5011 998 5063 samur,
1024 4994 1138 5049 has
1158 5007 1296 5047 vero
1328 4990 1745 5063 amplectimur
1777 4996 1834 5048 et
1863 4993 2215 5048 osculamur
2245 4992 2273 5049 ?
2305 4994 2434 5061 Qua

765 5085 840 5141 de
867 5100 1056 5140 causa
1075 5084 1103 5139 ?

832 5178 953 5245 Ego
969 5174 1073 5229 tibi
1089 5171 1406 5244 explicabo
1423 5190 1435 5227 :
1454 5171 1685 5228 Scimus
1702 5188 1930 5237 eorum,
1953 5188 2214 5245 quorum
2233 5177 2430 5245 proto-

755 5272 905 5339 typa
918 5270 972 5320 et
986 5262 1354 5335 exemplaria
1368 5267 1576 5318 sancta
1592 5266 1994 5325 sunt,sanctas
2010 5260 2213 5318 itidem
2228 5263 2429 5333 imagi-

751 5372 860 5412 nes
875 5370 1027 5411 esse.
1046 5355 1313 5420 Quorum
1338 5368 1479 5408 vero
1502 5356 1825 5425 prototypa
1846 5351 2239 5408 exsecrabilia
2262 5359 2420 5419 sunt,

749 5462 957 5502 eorum
972 5440 1862 5512 itidemimaginesdetestandas
1874 5456 2025 5496 esse.
2046 5442 2264 5497 Iterum
2280 5457 2421 5513 ergo

744 5534 1131 5605 interrogabo
1158 5540 1236 5602 te,
1262 5538 1325 5589 tu
1349 5533 1561 5589 iterum
1599 5532 1916 5604 responde,
1963 5532 2202 5589 Librum
2234 5535 2420 5590 Evan-

741 5628 1037 5701 geliorum
1066 5628 1344 5681 sanctum
1379 5638 1510 5679 esse
1532 5621 1851 5689 conﬁteris,
1893 5638 2175 5696 eumque,
2214 5627 2276 5680 ut
2297 5623 2418 5679 the-

738 5734 989 5778 saurum
1022 5720 1387 5774 aeternorum
1428 5714 1733 5773 bonarum
1780 5712 1946 5783 colis,
2005 5730 2082 5771 an
2152 5717 2213 5774 et
2247 5714 2410 5772 hunc

1895 398 2215 458 GERMANI
2252 398 2299 455 ιι
2339 397 2443 456 cp.
2482 357 2967 487 PATRIARCHE.

4015 402 4121 459 604

2526 526 2795 583 τοιούτων,
2826 523 2965 579 Ἀλλ’
3028 526 3109 579 ὅτι
3138 528 3226 578 καὶ
3256 531 3345 578 νῦν
3407 524 3511 579 εἰσί
3536 543 3667 588 τινες
3720 532 3814 587 τῆς
3845 528 4122 600 Κοπρωνύ-

2526 632 2627 685 μου
2694 609 2976 689 βδελυρίας
3037 612 3572 686 ἀποσκυϐαλίσματα,
3620 617 3711 666 xui
3763 613 4121 688 ἀποτολμῶσιν

2525 703 2575 753 οἱ
2655 701 2979 776 λυσσητῆρες
3009 722 3153 764 κυνες
3178 708 3267 755 xui
3344 701 3706 777 φιλοϐὀρϐοροι
3754 708 3936 777 χοῖροῖ
3986 705 4124 756 κατά

2524 798 2624 841 τῶν
2701 798 3075 861 προσκυνητῶν
3128 796 3218 843 καὶ
3255 793 3398 865 ἱερῶν
3453 795 3810 866 χαρακτήρων
3856 797 3949 843 τοῦ
3987 798 4123 863 Χρι-

2528 885 2654 931 στοῦ
2697 882 2788 931 καὶ
2847 887 2948 931 τῶν
3029 878 3191 950 ἁγίων
3266 882 3469 932 πάντων
3530 882 3724 952 κόπρια
3788 880 4123 932 ίνοιποπτύειν

2529 968 2683 1039 (οὕτω
2738 969 2840 1041 γὰρ
2893 966 2994 1039 ἐγὼ
3032 967 3172 1020 καλῶ
3221 971 3289 1020 τὰ
3338 964 3539 1021 ἐκείνων
3578 966 3872 1041 βλάσφημα
3910 969 4127 1043 ῥήματα

2528 1056 2673 1109 οὗτοι
2712 1053 2771 1109 δέ
2828 1056 2958 1109 εἰσιν
2998 1059 3048 1109 οἱ
3085 1064 3173 1109 νῦν
3205 1056 3479 1130 Βογόμιλοι
3524 1056 3847 1130 κεκλημένοι,
3910 1059 3959 1110 οἱ
4003 1062 4129 1129 γνή-

2530 1165 2636 1198 σιοι
2689 1147 2924 1217 μαθηταὶ
2980 1154 3072 1198 τοῦ
3126 1147 3519 1221 Ἀντιχρίστου,
3580 1150 3671 1198 καὶ
3721 1154 3813 1198 τοῦ
3865 1142 4127 1220 προδότου

2528 1231 2705 1288 Ἰούδα
2763 1236 3146 1307 συμμαθηταίὶι
3199 1239 3325 1307 πρός
3371 1235 3561 1297 αὐτούς
3584 1238 3643 1288 τό
3663 1238 3753 1287 τόῡ
3782 1234 3937 1307 λόγου
3966 1239 4130 1309 πρόσ-

2528 1342 2665 1375 ωπον
2734 1322 2908 1397 τρέψω
2942 1345 2954 1357 ·
3009 1328 3094 1376 xui
3157 1327 3258 1397 γὰρ
3318 1324 3494 1387 αὐτοῖς
3547 1322 3647 1395 ἐγώ
3698 1324 3941 1386 πόλλοίκις
3996 1327 4131 1377 κατά

2526 1417 2804 1485 πρόσωπον
2831 1410 3100 1481 ἀντέστην,
3148 1417 3237 1464 xui
3272 1415 3338 1466 τὰ
3376 1416 3540 1484 μιαρά
3569 1416 3763 1465 τούτων
3813 1418 4136 1486 κατῄσχυνα

2526 1506 2807 1573 πρόσωπα,
2881 1507 3153 1575 συνεργείᾳ
3208 1510 3300 1554 τοῦ
3365 1503 3483 1574 παρ’
3548 1501 3718 1553 αὐτῶν
3790 1501 4132 1578 ὑϐριζομένου

2530 1595 2784 1659 Χριστοῦ.
2830 1588 3013 1659 Ὀλίγα
3036 1585 3095 1642 δέ
3132 1610 3249 1642 τινα
3279 1598 3372 1651 τῆς
3401 1596 3517 1643 τότε
3548 1586 3820 1653 διαλέξεως
3869 1589 4132 1662 ἀποτεμό-

2532 1696 2681 1750 μενος
2701 1682 2790 1729 καὶ
2820 1681 2949 1750 πρὸς
2972 1683 3065 1736 τὴν
3115 1678 3363 1751 ὑμετέραν
3430 1678 3639 1751 ἀγάπην
3689 1678 3807 1752 ἐρῶ,
3857 1682 3927 1739 ὡς
3964 1680 4025 1731 ἄν
4082 1678 4132 1731 έν

2533 1763 2740 1823 εἰδήσει
2786 1775 2881 1827 τῆς
2927 1767 3121 1829 πλάνης
3181 1767 3380 1820 Excisum
3452 1772 3607 1839 ὄντες,
3663 1774 3733 1843 μὴ
3788 1768 3979 1826 λάθητε
4022 1776 4132 1830 τοῖς

2534 1856 2818 1917 ἀπατηλοῖς
2865 1857 3073 1930 ῥήμασι
3127 1861 3319 1910 τούτων
3379 1856 3431 1921 ἐξ
3490 1857 3701 1929 ἀγνοίας
3747 1861 4131 1933 περιπαρέντις.

2537 1944 2720 1998 Πολλοὶ
2757 1947 2859 2018 γὰρ
2893 1944 3082 2020 ἀρτίως
3115 1954 3485 2021 περιπατοῦσι,
3534 1953 3624 2000 καὶ
3663 1950 3752 2008 τὰς
3801 1947 3966 2007 οἰκίας
4019 1947 4134 1999 εἰσ-

2536 2031 2784 2087 δύνουσιν
2816 2033 2863 2086 ἐν
2911 2039 3089 2087 σκότει
3130 2032 3579 2109 διαπορευόμενοι,
3609 2042 3699 2089 καὶ
3757 2042 4000 2109 σχήματι
4056 2034 4138 2088 εὐ-

2536 2122 2744 2184 λαϐείας
2782 2122 2999 2185 πολλοὺς
3051 2125 3489 2194 συναρπάζουσι·
3545 2130 3972 2200 σκοτεινόμορφοι
4032 2127 4135 2199 γὰρ

2538 2214 2673 2273 ὄντες
2726 2209 2962 2266 διάϐολοι
3007 2213 3073 2274 εἰς
3125 2212 3371 2285 ἀγγελους
3423 2217 3586 2287 φωτός
3639 2214 4143 2287 μετασχηματίζον-

2539 2322 2647 2358 ται.

2615 2392 2883 2465 Ἠρώτησέ
2948 2396 3011 2465 μέ
3066 2412 3141 2453 τις
3198 2402 3296 2445 τῶν
3363 2391 3879 2467 δαιμονοπροσώπων
3947 2395 4143 2445 τούτων

2545 2480 2860 2553 Βογομῖλων,
2908 2484 3002 2535 Διά
3056 2487 3126 2547 τί,
3178 2488 3329 2555 φησὶ,
3372 2490 3712 2559 προσκυνεῖτε
3764 2486 4003 2554 τοίχους,
4055 2482 4146 2530 καί

2547 2568 2791 2640 σανίδας,
2815 2577 2905 2623 καὶ
2928 2570 3203 2637 ἄσϐεστον,
3245 2578 3334 2625 καὶ
3371 2569 3601 2647 διάφορα
3635 2578 3938 2645 χρώματα;
3978 2576 4145 2622 Τοῦτο

2547 2657 2607 2713 δέ
2635 2659 2767 2712 οὕτω
2799 2659 2956 2732 λέγων
2986 2663 3079 2723 τὰς
3140 2660 3289 2733 ἁγίας
3346 2663 3541 2723 εἰκόνας
3593 2662 3845 2734 ᾐνίττετο.
3903 2664 4005 2713 Καὶ
4050 2657 4146 2710 έλὼ

2544 2752 2679 2822 πρὸς
2710 2753 2907 2802 αὐτόν’
2942 2754 3073 2803 Πότε
3136 2747 3195 2804 δι
3243 2749 3376 2813 εἶδές
3429 2772 3547 2804 τινα
3593 2760 3693 2803 τῶν
3747 2760 3843 2812 τῆς
3894 2752 4147 2822 ἡμετέρας

2545 2837 2860 2899 Ἐκκλησίας
2910 2844 3169 2914 τροφίμων
3235 2840 3319 2893 έπὶ
3379 2844 3469 2902 τὰς
3547 2845 3798 2912 καμίνους
3865 2843 4149 2912 πορευόμε-

2545 2946 2651 2996 νον,
2680 2930 2867 2985 ὃπουὴ
2939 2927 3217 2995 ἄσϐεστος,
3253 2929 3283 2988 ἦ
3349 2928 3432 2981 έπί
3494 2929 3715 3003 ἐρείπια,
3751 2931 3878 2982 ὅπου
3937 2930 3991 2980 αἱ
4045 2935 4145 2978 τῶν

2542 3017 2697 3070 λίθων
2768 3026 3002 3093 σωρείαι,
3074 3018 3102 3077 ἦ
3180 3021 3264 3071 ἐπὶ
3331 3022 3395 3071 τὰ
3483 3027 3580 3090 τῶν
3653 3021 3951 3092 χρωμάτων
4030 3036 4145 3068 πω-

2542 3106 2786 3182 λητήρια,
2845 3112 2936 3159 καὶ
3011 3115 3371 3182 προσυνοῡντα
3417 3115 3583 3161 ταῦτα
3634 3115 3724 3160 xui
3792 3106 4041 3173 σέϐοντα;
4088 3110 4147 3159 Ei

2543 3198 2644 3270 γὰρ
2673 3204 2782 3256 τοῖς
2833 3194 2992 3256 λίθοις
3047 3200 3135 3247 καὶ
3161 3205 3267 3257 τοῖς
3298 3202 3555 3269 χρώμασι
3584 3200 3643 3249 τό
3694 3195 3850 3258 σέϐας
3887 3195 4145 3269 ένέμομςν,

2549 3286 2803 3356 ἀνάγκηο,
2837 3287 3047 3357 ἔχομεν,
3072 3287 3193 3338 ἔνθα
3230 3286 3291 3337 ἄν
3345 3283 3550 3358 εἴδομεν
3604 3287 3633 3345 ἦ
3679 3286 3821 3338 λίθον
3846 3290 3877 3344 ἦ
3932 3280 4146 3347 σανίδα,

2549 3382 2858 3448 προσκυνεῖν
2880 3374 3030 3428 αὐτά.
3063 3382 3170 3427 Νῦν
3216 3372 3276 3428 δὲ
3327 3384 3481 3428 τοῦτο
3533 3380 3622 3447 μέν
3678 3375 3773 3427 οὐκ
3818 3378 3977 3441 ἔστιν,
4027 3370 4153 3426 οὐδε

2555 3466 2620 3515 συ
2695 3467 2721 3515 ό
2786 3472 2882 3525 τῆς
2928 3464 3173 3525 ἀληθείας
3214 3464 3406 3541 ἐχθρός
3452 3465 3728 3538 τολμήσεις
3770 3473 3925 3518 τοῦτο
3971 3470 4150 3530 εἰπεῖν,

2555 3553 2884 3628 ἀππνέμομεν
2918 3552 2977 3608 δὲ
3029 3560 3085 3608 τὸ
3123 3555 3278 3617 σέϐας
3308 3558 3413 3629 οὐχ
3444 3557 3613 3618 ἁπλῶς
3646 3564 3758 3618 ταῖς
3810 3556 3977 3623 ὕλαις,
4026 3555 4157 3609 ἀλλά

2552 3652 2615 3716 τῇ
2671 3642 3012 3717 ἐμφαινομένῃ
3075 3654 3189 3706 ταῖς
3257 3646 3405 3708 ὖλαις
3461 3654 3659 3721 μορφῇ,
3716 3651 3806 3699 καὶ
3861 3645 3919 3698 οὐ
4003 3648 4151 3717 πάσῃ

2552 3742 2746 3807 μορφῇ,
2778 3733 2907 3786 ἀλλά
2950 3742 3012 3807 τῇ
3072 3743 3166 3786 τοῦ
3224 3743 3475 3809 Χριστοῦ,
3527 3743 3619 3796 τῆς
3669 3736 3961 3808 ὑπεράγνου
4020 3742 4155 3788 Θεο-

2551 3828 2793 3896 μὴτορος,
2826 3828 2916 3875 xui
2943 3832 3046 3876 τῶν
3074 3823 3239 3876 ἄλλων
3269 3824 3447 3897 ἁγίων.
3475 3824 3533 3877 ἸΙ
3591 3827 3695 3899 γὰρ
3747 3830 3872 3897 τιμὴ
3927 3826 4023 3886 τῆς
4084 3824 4155 3876 εἰ-

2550 3917 2693 3974 κόνος
2752 3913 2836 3966 ἐπὶ
2882 3918 2941 3966 τό
2984 3919 3322 3991 πρωτὸτυπον
3386 3912 3665 3968 διαϐαίνει.
3723 3919 3823 3968 Καὶ
3876 3917 4157 3990 ἱστόρηται

2549 4007 2640 4077 μὲν
2671 4005 2697 4055 ό
2721 4008 2952 4075 Χριστός
2981 4008 3147 4076 τυχόν
3203 4003 3287 4057 ἐπὶ
3331 4015 3426 4067 τῆς
3484 4000 3697 4067 σανίδος
3737 4007 3949 4070 ταύτης,
4006 4005 4034 4063 ἦ
4069 4002 4155 4057 ἐπὶ

2548 4100 2642 4147 τοῦ
2693 4098 2903 4165 τοίχου,

2553 4179 2805 4235 Ἰουδαῖοι
2838 4180 2897 4235 δέ
2916 4188 3271 4254 παρίστανται
3300 4185 3600 4244 ποτιζοντες
3632 4183 3747 4245 ὅξος
3774 4185 3905 4255 μετὰ
3953 4174 4153 4255 χολῆς,

2991 4092 3075 4145 ἐπὶ
3123 4094 3216 4145 τοῦ
3284 4102 3511 4167 σταυροῦ
3570 4093 3866 4167 ἡπλωμένος
3920 4099 4150 4170 γυςινός·

2549 4278 2638 4331 τήν
2672 4272 2897 4346 πλευρὰν
2931 4281 3216 4333 κεντοῦντες
3275 4273 3433 4325 αὐτοῦ
3465 4295 3475 4306 ·
3526 4275 3550 4325 ὀ
3608 4271 3829 4334 Πιλᾶτος
3871 4274 4157 4343 καθήμενος

2549 4360 2633 4414 ἐπὶ
2680 4364 2882 4435 θρόνου,
2935 4368 3336 4436 παρισταμένων
3389 4362 3529 4433 αὐτῷ
3577 4360 3775 4414 πολλῶν
3825 4358 4152 4436 δορυφόρων.

2546 4458 2722 4503 Ταῦτα
2752 4455 2921 4503 πάντα
2952 4452 3001 4503 ἐν
3031 4457 3287 4524 χρώμασι
3318 4456 3407 4503 καὶ
3434 4450 3482 4502 ἐν
3537 4453 3820 4525 ἱστορίαις.
3872 4455 3972 4503 Καὶ
4005 4452 4155 4521 ἡμεῖς

2548 4538 2748 4612 ἀφέντες
2796 4544 2880 4592 τόν
2929 4542 3218 4611 καθήμενον
3264 4539 3346 4593 ἐπὶ
3380 4542 3583 4612 θρόνου,
3633 4544 3755 4603 τοὺς
3787 4539 4155 4613 ξέμπαίζοντας

2550 4627 2860 4699 Ἰονὸαίονς,
2892 4634 3012 4690 τοὺς
3042 4635 3424 4705 τιτρώσκοντας
3459 4626 3803 4705 δορυφόρους,
3836 4633 3922 4682 τόν
3949 4627 4035 4681 ἐπὶ
4059 4637 4152 4681 τοῦ

2547 4728 2774 4794 σταυρου
2821 4722 3136 4795 κρεμάμενον
3202 4724 3399 4792 γυμνόν
3463 4725 3552 4771 xui
3600 4720 3690 4771 ὑπ’
3751 4719 3918 4772 αὐτῶν
3967 4717 4153 4791 ἐμπαι-

2547 4810 2755 4881 ξόμενον
2830 4817 3219 4883 προσκυνοῦμεν
3301 4814 3391 4861 καὶ
3478 4808 3842 4882 ἀσπαζόμεθα.
3898 4809 4155 4862 Ἐνταῦθα

2542 4905 2824 4974 χρώματα,
2877 4899 3030 4951 κάκεῖ
3100 4904 3384 4974 χρώματα,
3460 4897 3682 4951 ἐνταῦθα
3741 4903 3959 4974 μορφαί,
4003 4896 4158 4951 κάκεῖ

2541 4995 2761 5063 μορφαὶ,
2795 4992 2890 5043 Διά
2941 4994 2993 5043 τί
3017 4997 3143 5061 γοῦν
3176 4992 3269 5052 τὰς
3309 4992 3401 5062 μὲν
3449 4996 3704 5061 μισοῦμεν
3744 4993 3836 5040 καί
3895 4986 4154 5063 ἀποστρε-

2540 5082 2757 5154 φόμεθα,
2802 5084 2893 5143 τὰς
2939 5076 2999 5133 δε
3057 5078 3337 5152 ἀγαπῶμεν
3358 5084 3449 5132 καὶ
3493 5078 3999 5151 ἀσπαζόμεθα;Διά
4056 5082 4149 5146 τί;

2610 5170 2742 5241 Ἐγώ
2766 5190 2849 5223 σοι
2872 5169 2989 5245 ἐρῶ.
3016 5167 3272 5242 Οἴδαμεν,
3297 5172 3376 5221 ὅτι
3409 5166 3476 5220 ὧν
3503 5172 3567 5221 τά
3618 5172 3941 5243 πρωτότυπα
4001 5166 4155 5239 ἅγια,

2534 5266 2623 5312 καί
2663 5262 2729 5311 τά
2782 5260 3127 5332 εἰκονίσματα
3156 5258 3317 5328 ἅγια·
3352 5259 3420 5309 ὧν
3454 5254 3512 5311 δὲ
3552 5260 3617 5310 τὰ
3657 5261 3974 5333 πρωτότυπα
4024 5277 4155 5330 μια-

2528 5354 2616 5425 ρά,
2673 5354 2763 5402 καί
2810 5353 2875 5402 τὰ
2915 5349 3256 5420 εἰκονίσματα
3297 5350 3483 5421 μιαρά,
3526 5347 3686 5400 Πάλιν
3717 5343 3805 5399 οὖν
3841 5345 4015 5422 ἐρωτῶ
4065 5364 4155 5399 σε·

2529 5445 2619 5493 καί
2654 5440 2808 5492 πάλιν
2848 5459 2937 5512 μοι
2979 5437 3312 5510 ἀποκρίθητι.
3363 5442 3470 5495 Τὴν
3529 5435 3718 5509 βίϐλου
3762 5445 3862 5489 τῶν
3928 5435 4162 5507 Εὐαγγε-

2541 5530 2663 5583 λίων
2694 5529 2848 5601 ἁγίαν
2896 5527 3024 5581 εἰναι
3052 5526 3236 5599 λέγεις,
3287 5531 3378 5578 καί
3409 5525 3535 5599 σέϐῃ
3587 5526 3782 5583 ταύτην
3828 5527 3897 5586 ὡς
3954 5525 4161 5582 θησαυο

2530 5624 2614 5697 ρὶν
2644 5628 2745 5673 τῶν
2793 5619 3035 5689 αἰωνίων,
3079 5616 3309 5690 ἀγαθῶν,
3346 5617 3374 5676 ἡ
3428 5621 3518 5668 καί
3546 5618 3755 5673 ταύτην
3805 5614 4158 5689 ἀποστρέφεις

2518 5716 2611 5765 καί
2664 5710 2711 5763 έν
2763 5717 2870 5772 τοῖς
2915 5707 3120 5783 ἀτίμοις
3171 5710 3407 5777 τάττειςς
3470 5706 3628 5779 Οὐγί,
3706 5710 3883 5779 φησίν,
3941 5706 4152 5777 ἄτιμον
