4468 6450
298 422 409 477 665

302 542 437 597 ἀλλὰ
460 543 647 607 πολλῆς
676 542 825 609 ἀξίαν
849 553 1006 620 τιμῆς
1031 548 1227 606 ταύτην
1258 546 1539 619 ἡγούμενος
1590 546 1681 597 καὶ
1743 555 1906 610 προσ·
1936 534 1983 588 Α

299 642 444 685 κυνῶ
471 638 564 687 καὶ
590 632 920 708 ἀσπάζομαι.
970 642 1135 690 Τοῦτο
1190 636 1355 697 καλῶς
1406 638 1575 698 εἶπας.
1619 632 1774 686 Ἔστι
1803 629 1904 701 γὰρ

302 720 509 785 ἀληθῶς
554 728 645 777 καὶ
700 727 1015 798 τιμιωτάτη,
1100 730 1189 778 καὶ
1242 725 1533 799 ἅγιωτάτη,
1583 727 1674 775 καὶ
1728 716 1909 792 βίϐλος

300 814 462 874 ὅπως
493 812 631 874 ζωῆς
660 808 1095 876 διαιωνιξούσης.
1130 811 1271 869 Ἰδού
1301 811 1390 867 οὖν
1416 813 1471 867 ix
1500 820 1592 866 τοῦ
1652 808 1909 880 στόματὸς

304 919 404 953 σον
457 904 845 975 κατακριθήσῃ,
904 903 1170 976 Βογόμιλε.
1224 907 1350 958 Είπε
1390 908 1583 971 τοίνυν,
1644 902 1675 958 ἡ
1733 894 1909 970 βίϐλος

303 990 443 1060 αὕτη
474 989 569 1043 οὐκ
617 988 719 1044 ἀπὸ
751 988 981 1046 σανίδων
1035 995 1346 1064 σύγκειταις
1404 992 1498 1045 οῦκ
1551 989 1652 1043 ἀπὸ
1711 984 1909 1061 δερμάο

302 1079 569 1146 των;οῦκ
600 1078 701 1132 ἀπὸ
748 1084 991 1153 νημάτων
1050 1090 1148 1134 τῶν
1177 1086 1243 1134 τὰ
1299 1078 1537 1156 δερματα
1597 1094 1910 1149 συσφιγγον.

302 1184 429 1233 των;
462 1168 557 1220 οῦκ
608 1171 712 1222 οἶπό
762 1170 977 1243 μέλανος
1033 1175 1123 1223 καὶ
1162 1171 1346 1245 ἑτέρων
1387 1168 1635 1229 πολλάκις
1690 1164 1910 1239 χρωμά-

300 1257 587 1332 των;Ἀρ’
651 1260 739 1312 οὖν
768 1265 859 1312 καὶ
927 1264 993 1312 σὺ
1032 1263 1091 1313 τὸ
1160 1258 1362 1333 βιϐλίον
1418 1268 1518 1312 τῶν
1585 1254 1908 1327 Εὗαγγελίων

302 1355 613 1418 προσκυνῶν
644 1353 734 1400 καὶ
793 1348 1174 1421 ἀσπαζόμενος,
1232 1352 1327 1411 τὰς
1394 1344 1636 1413 σανιδας,
1702 1348 1793 1396 καὶ
1849 1344 1908 1393 τὸ

302 1434 486 1506 με’λαν,
546 1440 633 1488 καὶ
684 1440 749 1489 τά
796 1434 1034 1511 δερματα
1084 1446 1396 1511 προσκυνεῖς
1446 1443 1535 1489 καὶ
1579 1434 1817 1505 ἀσπάζῃ,

302 1527 433 1584 τοὺς
469 1523 651 1595 λόγους
704 1533 797 1578 τοῦ
850 1533 984 1579 Θεοῦ
1039 1530 1161 1589 τούς
1213 1529 1655 1600 ἓγγεγραμμένους
1706 1530 1766 1595 τῇ
1826 1519 1912 1593 βί-

304 1610 609 1683 ϐλῳ;Ναὶ,
644 1620 799 1687 φησὶ,
857 1618 975 1676 τούς
1033 1616 1221 1687 λόγους
1281 1620 1400 1679 τοῦς
1462 1614 1912 1686 ἐγγεγραμμένους

301 1710 371 1773 τῇ
419 1699 603 1775 βίϐλῳ.
666 1706 897 1757 Δύνασαι
950 1702 1009 1758 δε
1070 1705 1235 1766 ἄλλως
1289 1710 1411 1767 τοὺς
1466 1704 1647 1771 λόγους
1697 1703 1912 1762 τούτους

302 1799 483 1865 γραφῇ
536 1789 864 1867 παραδοῦναι
890 1798 981 1846 καὶ
1014 1798 1087 1855 είς
1142 1796 1431 1864 ἀνάγνωσιν
1480 1797 1651 1866 χωρίς
1697 1791 1912 1863 μελανος

305 1885 398 1930 καὶ
430 1882 672 1953 χάρτους
705 1882 871 1953 Οὐχί,
902 1888 1055 1955 φησί.
1086 1888 1149 1937 Τί
1174 1879 1261 1935 οὖν
1302 1887 1481 1935 λοιπόν
1509 1886 1566 1934 τό
1620 1884 1911 1952 συναγόμῑ-
1942 1880 1991 1939 Β

306 1984 433 2035 vos;
465 1968 584 2023 ὀτι
630 1974 763 2046 πρὸς
810 1977 905 2031 τήν
961 1982 1061 2024 τῶν
1105 1972 1449 2044 εῦαγγελικῶν
1494 1972 1742 2046 ῥημάτων
1794 1967 1912 2020 ἁνα-

306 2063 517 2130 γραφήν
563 2061 1061 2134 παραλαμϐάνονται
1090 2065 1155 2114 τὰ
1201 2060 1458 2134 δέρματα,
1488 2064 1547 2113 τὸ
1600 2058 1775 2132 με’λαν,
1824 2062 1914 2110 καὶ

306 2147 493 2199 τᾶλλα·
534 2154 593 2202 τό
625 2146 686 2203 δε
710 2157 995 2223 τιμώμενον
1022 2157 1071 2204 oi
1130 2152 1273 2223 λόγοι
1348 2154 1451 2204 εἰσί
1485 2156 1575 2202 τοῦ
1644 2153 1836 2221 Κυρίου
1867 2146 1916 2199 οἰ

304 2245 371 2309 τῇ
439 2236 607 2309 βίϐλω
657 2238 1001 2314 ἀνάγραπτοι.
1056 2240 1217 2294 Ὠστε
1264 2242 1309 2294 εἴ
1358 2260 1433 2301 τις
1471 2238 1743 2308 ἀπαλεὶψιι
1798 2241 1917 2297 τοῦς

302 2325 517 2397 λόγους,
551 2328 905 2400 πναπὴλειψε
943 2335 1032 2382 καὶ
1078 2335 1173 2388 τὴν
1211 2338 1307 2391 τῆς
1366 2327 1551 2401 βίϐλου
1601 2332 1778 2399 τιμὴν,
1828 2330 1918 2377 καὶ

301 2419 365 2467 τό
410 2414 743 2489 ὸαπομείναν
799 2417 1088 2473 ἀσέϐαστον
1142 2425 1231 2472 καὶ
1289 2416 1704 2493 ἁπροσκύνητον.
1766 2418 1919 2468 Οῦτω

302 2523 398 2576 μοι
423 2508 635 2570 νόησον,
668 2509 891 2581 αἱρετικὶ
920 2513 1009 2560 καὶ
1049 2506 1249 2577 ἀνόητε,
1310 2505 1441 2560 κάπὶ
1490 2514 1606 2567 ταῖς
1651 2502 1917 2575 τῶνὰγίων

309 2596 631 2667 ζωγραφίαις
684 2596 913 2661 εἰκόνων,
947 2599 1115 2649 ὃτιτό
1179 2602 1472 2670 τιμίομινον
1537 2600 1627 2647 καὶ
1687 2612 1918 2667 προσκυ-

302 2685 547 2754 νούμενον
577 2686 604 2736 6
634 2691 917 2761 χαρακτήρ
980 2684 1094 2738 ἐστι
1157 2692 1247 2739 καὶ⁵
1307 2691 1366 2739 τό
1433 2687 1595 2757 ὄνομα
1661 2686 1760 2737 είτε
1824 2690 1916 2735 τοῦ

306 2779 566 2845 Χριστοῦ,
626 2778 723 2826 εἴτε
769 2783 865 2834 τῆν
919 2780 1200 2845 Θιοτόκου,
1253 2777 1352 2829 εἶτε
1401 2778 1534 2835 τινός
1580 2782 1680 2827 τῶν
1732 2772 1915 2843 ἁγίων.

308 2862 494 2916 Ταῦτα
520 2858 580 2915 δέ
620 2866 960 2937 μορφωθῆναι
1017 2870 1046 2923 ἦ
1092 2874 1356 2939 γραφῆναι
1407 2861 1685 2929 ἀδύνατον,
1740 2867 1782 2915 εἰ
1842 2866 1913 2934 μὴ

308 2950 368 3002 ἐκ
418 2948 683 3023 διαφόρων
712 2956 1032 3027 χρωμάτων·
1086 2963 1179 3006 τοῦ
1227 2951 1288 3006 δέ
1314 2961 1652 3027 χαρακτῆρος
1710 2950 1918 3004 ὰπαλει-

310 3041 524 3112 φθέντος
552 3042 651 3110 (7),
681 3042 865 3115 ἄτιμος
904 3047 964 3095 τό
998 3042 1097 3095 ἀπό
1129 3040 1285 3096 τοῦδε
1314 3046 1343 3102 ἡ
1401 3043 1495 3101 ὕλη
1546 3046 1636 3094 καί
1678 3045 1918 3094 κεκοίνω-

308 3149 421 3184 ται.

390 3220 479 3281 Ὠς
530 3219 577 3272 ἐν
633 3218 1022 3295 παραδείγματι
1075 3218 1135 3275 δί
1196 3223 1374 3292 εἰπεῖν,
1430 3221 1563 3274 ἓστω
1617 3241 1717 3274 που
1773 3221 1920 3272 ἱστὰ-

307 3328 462 3381 μςνον
496 3312 744 3383 ἔσοπτρον
781 3311 811 3369 ἡ
871 3310 924 3374 ἐξ
954 3311 1101 3363 ῦελου
1135 3313 1164 3371 ἢ
1222 3311 1276 3364 ἐκ
1339 3309 1587 3386 σιδήρου,
1641 3315 1731 3362 καί
1785 3311 1919 3361 ὑπό-

311 3400 407 3450 θου
439 3402 526 3450 τόν
556 3404 787 3473 Χριστόν
818 3400 1074 3453 ἶστασθαι
1125 3399 1238 3452 ἀντί
1285 3405 1569 3472 προσώπου
1627 3402 1766 3460 τινός
1819 3407 1920 3450 τῶν

307 3490 561 3539 τοιούτων
610 3491 897 3561 ἐσόπτρων,

1951 3237 1993 3295 C

976 3486 1359 3543 Εἱδοποιείσθω
1418 3486 1477 3541 δε
1526 3493 1615 3541 καί
1663 3490 1688 3541 6
1746 3507 1921 3561 χαρα-

308 3582 447 3651 κτὴρ
507 3578 668 3629 αὐτοῦ
734 3586 797 3650 τῇ
848 3586 940 3631 τοῦ
997 3578 1253 3655 ἰσόπτρου
1309 3578 1644 3636 στιλπνότητι
1691 3582 1781 3629 καί
1836 3577 1921 3649 ἑμ-

310 3668 576 3737 φαινέσθω
606 3669 848 3741 καθαρῶς
878 3666 926 3719 ἐν
984 3668 1137 3741 αὐτῇ.
1200 3667 1315 3721 Ἐάν
1372 3671 1459 3719 οὖν
1516 3672 1571 3720 ὲκ
1624 3670 1787 3719 πόθου
1842 3687 1923 3729 τις

309 3760 546 3826 προσιὼν
573 3763 644 3826 τῷ
684 3755 939 3830 ἐσόπτρῳ,
975 3756 1022 3809 ὲν
1176 3760 1205 3816 ἡ
1258 3762 1426 3830 μορφὴ
1484 3756 1780 3829 ἐμφαίνεται
1830 3764 1923 3808 τοῦ

316 3853 571 3919 Χριστοῦ,
644 3850 735 3897 καί
792 3847 1113 3920 προσψαύσῃ
1202 3854 1354 3899 τοῦτο
1409 3855 1516 3907 τοίς
1566 3847 1775 3918 χείλεσι
1833 3851 1924 3897 καί

313 3933 634 3999 ἀσπάσεται,
670 3930 751 4009 ἄρ’
800 3932 887 3986 οὖν
941 3939 999 3989 τό
1041 3939 1297 4008 ἔσοπτρον
1356 3936 1602 4008 ἐτίμησεν
1635 3940 1664 3994 ἦ
1721 3940 1815 3993 τήν
1876 3934 1924 3987 ἐν

309 4031 387 4093 τῷ
416 4022 651 4095 ἐσόπτρῳ
677 4030 879 4097 μορφὴν
922 4032 1013 4077 τοῦ
1046 4033 1317 4097 Χριστοῦς
1379 4022 1632 4088 Εὔδηλον,
1693 4024 1775 4077 ὁτι
1830 4030 1924 4083 τὴν

309 4117 540 4188 μορφήν.
584 4113 644 4166 Εἰ
703 4116 801 4187 γάρ
838 4118 931 4171 τὴν
993 4117 1146 4186 φύσιν
1206 4118 1424 4187 ετίμησε
1484 4122 1577 4166 τοῦ
1644 4113 1921 4187 ἐσόπτρου,

308 4207 403 4254 καὶ
462 4206 520 4254 τό
583 4202 740 4264 σέϐας
796 4206 961 4276 ταύτῃ
1030 4202 1327 4276 ἀπένειμεν·
1390 4202 1670 4255 ἀκόλουθον
1720 4204 1783 4276 ᾖν
1834 4204 1925 4255 αὒ-

307 4300 383 4361 τῷ
429 4296 600 4344 πάντα
649 4292 791 4344 ὕελον
841 4298 931 4345 καὶ
988 4296 1159 4345 πάντα
1210 4290 1432 4368 σίδηρον
1483 4302 1813 4366 προσκυνεῖν,
1868 4293 1925 4346 Εἰ

308 4379 371 4434 δὲ
398 4389 551 4433 τοῦτο
592 4385 682 4454 μὲν
712 4382 806 4434 οὐκ
842 4381 1075 4448 ἐποίησε,
1137 4389 1369 4452 πώποτε,
1430 4386 1592 4435 ἐκεῖνο
1654 4379 1714 4435 6“:
1772 4386 1924 4454 μόνον

305 4473 613 4539 ἠσπάσατο,
667 4469 715 4521 ἓν
767 4470 806 4540 ᾧ
858 4469 1014 4542 ἕιράνη
1077 4475 1135 4522 τό
1195 4476 1453 4546 μόρφωμα
1512 4479 1603 4523 τοῦ
1667 4476 1919 4543 Χριστοῦ-

306 4555 470 4618 δῆλόν
523 4558 636 4611 ἔστι
672 4565 761 4611 καὶ
790 4560 984 4632 τυφλῷ,
1039 4561 1119 4612 ὅτι
1153 4565 1247 4617 τὴν
1301 4559 1348 4612 ἐν
1402 4568 1463 4632 τῇ
1521 4558 1612 4633 ὕλῃ
1682 4559 1921 4633 ἐμφαινοο
1953 4595 1999 4650 D

302 4652 466 4722 μένην
498 4652 702 4722 μορφήν
730 4652 946 4721 ἐτίμησε
972 4657 1063 4701 τοῦ
1116 4656 1370 4721 Χριστοῦ.
1430 4652 1530 4702 Τόν
1590 4652 1766 4722 ὅμοιον
1803 4654 1921 4723 τρό-

302 4756 402 4791 πον
429 4743 520 4790 καὶ
580 4737 663 4790 ἐπὶ
736 4746 836 4790 τῶν
890 4739 1051 4809 ἁγιων
1109 4744 1316 4792 εἰκόνων
1374 4738 1608 4809 λογίζου.
1672 4739 1827 4793 Ἀλλά
1857 4744 1922 4793 σὺ

303 4829 332 4880 6
362 4828 619 4902 αἰρετικός
666 4827 772 4900 οὐχ
833 4830 1002 4890 ἁπλῶς
1046 4829 1211 4890 οὕτως
1276 4829 1639 4902 Εἰκονομάχος
1697 4825 1760 4895 εἷ,
1816 4828 1921 4881 ἀλλ’

301 4918 553 4992 ἄντικρυς
588 4919 991 4992 Χριστομάχος,
1022 4923 1112 4970 καί
1147 4916 1243 4971 διὰ
1274 4927 1428 4971 τοῦτο
1465 4921 1602 4971 κατὰ
1646 4927 1741 4981 τῆς
1771 4918 1923 4991 ἁγίας

303 5006 471 5059 αὐτοῦ
546 5006 735 5067 εἰκόνος
821 5005 1268 5079 ἐκπεπολὲμωσαι,
1358 5012 1447 5059 καὶ
1543 5004 1923 5083 ἐκτεθηρίωσαι

301 5098 407 5149 ὑπό
435 5103 525 5148 τοῦ
552 5095 865 5156 ἐνοικοῦντός
904 5115 989 5147 σοι
1049 5093 1342 5169 δαίμονος.’
1380 5101 1481 5149 Καί
1536 5099 1639 5171 γὰρ
1689 5101 1779 5148 καί
1829 5100 1924 5159 τὰς

1358 5012 1447 5059 καὶ

300 5182 593 5259 παρδάλεις
647 5190 805 5258 φασιν
876 5184 1119 5257 ἀπεχθῶς
1177 5189 1319 5257 ἐχειν
1380 5189 1513 5260 πρός
1576 5188 1643 5237 τὰ
1699 5194 1801 5238 τῶν
1838 5184 1920 5237 ἁν-

303 5278 528 5350 θρώπων
560 5278 836 5348 πρόσωπα,
877 5280 967 5327 καί
1030 5275 1221 5346 lunai-2
1287 5276 1399 5328 κατ’
1459 5275 1628 5328 αὐτῶν
1664 5284 1917 5347 μανικῶς,

300 5368 401 5420 κᾶν
466 5385 569 5418 που
631 5368 1006 5442 ἱδστορουμένην
1079 5363 1191 5419 ἴδοι
1265 5364 1639 5441 ἕνανθρωπείαν
1692 5370 1918 5441 μορφὴν,

378 5502 458 5571 (7)
482 5499 750 5573 Haeretici
780 5500 1131 5573 interpretes
1147 5500 1467 5573 Cedreniet
1487 5500 1699 5571 Clycas,
1718 5503 1918 5573 lcono-

303 5574 562 5631 machos
591 5577 648 5628 et
672 5572 1076 5629 lconoclastas
1110 5578 1330 5630 vocaut
1361 5572 1917 5642 simulacﬁperdas,

303 5644 558 5702 nomine
578 5644 886 5717 hiereticc.
903 5650 961 5699 et
989 5644 1068 5700 ad
1099 5645 1375 5700 fraudem
1396 5660 1648 5716 prorsus
1670 5650 1840 5717 apto;
1865 5650 1923 5700 et

306 5716 678 5775 ἀναστήλωσιν
716 5723 817 5769 τῶν
846 5716 1073 5783 εἰκόνων,
1118 5721 1339 5773 vocant
1377 5716 1812 5774 restitutionem
1836 5718 1920 5773 si-

304 5790 746 5863 mulacrorum,
762 5792 828 5846 nt
839 5792 897 5846 et
909 5788 1129 5860 εἰκόνας,
1143 5790 1495 5856 simulacra;
1519 5788 1920 5861 ignoscerem,

1711 414 1803 472 DE
1837 407 2261 473 IlAGlNlBUS.

3559 430 3665 485 666

2016 540 2331 613 aversaris,
2352 547 2410 601 et
2423 544 2649 605 honore
2664 547 2984 621 indignum
3016 548 3189 607 ducis
3202 550 3232 608 ?
3250 552 3661 625 Nequaquam,

2016 626 2235 701 inquis,
2284 632 2512 693 honore
2572 638 2911 710 indignum,
2969 639 3078 697 sed
3128 638 3391 713 plurimo
3434 640 3664 700 honore

2015 713 2271 787 dignum
2302 723 2669 795 existimans,
2700 744 2841 785 eum
2869 728 3058 786 adoro
3086 731 3145 785 et
3184 728 3442 787 osculor.
3492 732 3666 789 Recte

2016 803 2132 862 hoc
2160 807 2377 868 dixisti.
2394 815 2536 872 Vere
2564 817 2727 875 enim
2755 818 2923 875 omni
2950 818 3333 875 veneratione
3362 818 3586 891 dignus
3610 823 3668 878 et

2020 896 2434 956 sanctissimus
2460 906 2569 970 est,
2600 920 2859 980 vereque
2888 905 3039 963 liber
3075 910 3311 963 internas
3339 907 3496 964 vite.
3522 906 3666 966 Vide

2018 980 2215 1052 igitur,
2243 1001 2317 1043 ex
2342 1003 2443 1046 ore
2468 994 2572 1048 tuo
2610 994 3132 1063 condemnaberis,
3178 994 3503 1068 Bogomile.
3562 994 3686 1053 Dic

2017 1086 2182 1142 ergo,
2211 1090 2414 1134 nonne
2436 1078 2587 1137 liber
2615 1081 2711 1139 hic
2738 1098 2811 1139 ex
2832 1083 3136 1140 asseribus
3158 1088 3511 1156 compactus
3530 1086 3667 1142 est?

2019 1161 2226 1219 Nonne
2253 1180 2325 1221 ex
2347 1167 2606 1239 pellibus
2635 1172 2664 1228 ?
2693 1175 2900 1229 Nonne
2928 1189 3001 1229 ex
3042 1172 3159 1229 ﬁlis
3231 1172 3419 1246 pelles
3451 1188 3667 1230 conne-

2018 1252 2314 1309 ctentibus
2340 1255 2367 1311 ?
2395 1259 2600 1314 Nonne
2630 1274 2704 1316 ex
2732 1266 3090 1328 atramento,
3124 1266 3180 1319 et
3210 1261 3344 1318 aliis
3383 1277 3508 1319 non
3528 1276 3667 1319 raro

2017 1337 2318 1398 coloribus
2351 1344 2378 1401 ?
2422 1349 2512 1401 An
2554 1347 2734 1418 igitur
2780 1354 2838 1405 et
2869 1355 2928 1405 tu
2956 1349 3179 1407 librum
3211 1349 3668 1421 Evangeliorum

2019 1427 2282 1486 adorans
2311 1440 2367 1489 et
2390 1434 2748 1494 deosculans
2778 1455 3007 1495 asseres
3057 1445 3115 1496 et
3150 1442 3556 1496 atramentum
3612 1442 3671 1496 et

2018 1517 2202 1589 pelles
2228 1522 2447 1579 adoras
2471 1532 2528 1582 et
2547 1528 2858 1595 oscularis,
2888 1545 2964 1585 an
2984 1529 3173 1586 verba
3229 1531 3329 1585 Dei
3383 1528 3538 1586 libro
3585 1527 3670 1585 illi

2019 1605 2304 1682 inscripta
2334 1612 2360 1667 ‘I
2390 1613 2557 1681 Vere,
2581 1616 2792 1689 inquit,
2823 1618 3009 1674 verba
3040 1619 3139 1674 Dei
3160 1618 3221 1674 in
3247 1618 3400 1675 libro
3425 1615 3667 1690 scripta.

2020 1700 2108 1751 An
2138 1706 2305 1769 potes
2334 1717 2477 1758 vero
2514 1704 2698 1761 verba
2729 1706 2831 1762 Dei
2863 1707 3142 1779 scribere,
3173 1711 3233 1763 et
3266 1710 3332 1763 ut
3371 1706 3491 1777 legi
3534 1720 3673 1779 pos-

2022 1784 2155 1853 sint,
2189 1787 2421 1845 eiiicere
2462 1792 2693 1866 absque
2743 1800 3078 1852 atramento
3127 1800 3185 1852 et
3232 1794 3488 1851 charta?
3518 1797 3668 1861 Non,

2023 1875 2231 1947 inquit.
2260 1879 2413 1943 Quid
2438 1882 2616 1951 igitur
2642 1884 2783 1940 hinc
2830 1884 3207 1941 concluditur
3234 1885 3262 1941 ?
3288 1882 3566 1941 Videlicet
3591 1880 3672 1939 ad

2023 1964 2391 2039 Scripturam
2413 1986 2563 2028 evan
2572 1972 2897 2042 gelicorum
2918 1974 3241 2031 verborum
3264 1972 3537 2031 adhiberi
3550 1970 3671 2045 pel-

2019 2053 2125 2126 les,
2178 2062 2603 2127 atramentum,
2655 2067 2712 2119 et
2766 2064 2861 2120 his
2909 2063 3248 2131 similia;id
3301 2078 3446 2120 vero
3503 2059 3673 2135 quod

2022 2143 2371 2215 honoratur,
2406 2165 2537 2206 esse
2580 2151 2712 2224 ipsa
2754 2152 2991 2209 Domini
3044 2152 3229 2209 verba
3270 2152 3333 2209 in
3379 2151 3481 2209 illo
3518 2151 3672 2208 libro

2025 2241 2286 2291 exarata.
2313 2240 2517 2311 itaque
2539 2239 2744 2313 siquis
2766 2241 2953 2299 verba
2997 2241 3212 2308 deleat,
3258 2233 3440 2297 simul
3492 2239 3674 2297 etiam

2025 2323 2157 2380 libri
2184 2325 2473 2385 honorem
2507 2334 2564 2385 et
2590 2332 2983 2387 reverentiam
3039 2330 3417 2398 oblitteravit,
3463 2328 3672 2401 idque,

2025 2414 2191 2486 quod
2220 2421 2508 2488 remanet,
2531 2419 2877 2489 inglorium,
2906 2425 2963 2477 et
2983 2420 3369 2481 inhonorum,
3385 2423 3442 2474 et
3460 2417 3673 2475 adora-

2027 2504 2200 2559 tionis
2242 2522 2449 2579 expers
2495 2508 2708 2567 eﬂecit.
2753 2510 2866 2577 Sic,
2910 2509 3185 2566 hmretice
3240 2513 3298 2565 et
3352 2507 3535 2579 fatue,
3597 2504 3675 2563 de

2026 2594 2247 2650 sanctis
2276 2596 2479 2653 itidem
2506 2598 2844 2669 imaginum
2873 2598 3118 2670 picturis
3141 2598 3360 2671 cogita,
3388 2596 3452 2653 id
3502 2594 3676 2652 nimi-

2025 2698 2160 2738 rum
2188 2684 2357 2756 quod
2376 2687 2707 2744 honoratur
2731 2694 2788 2745 et
2816 2688 3121 2752 adoratur,
3175 2701 3308 2744 esse
3338 2686 3597 2758 ﬁguram
3617 2687 3677 2741 et

2025 2787 2249 2830 nomen
2280 2774 2401 2830 sive
2459 2776 2691 2846 Christi,
2733 2777 2857 2834 sive
2907 2776 3198 2851 Deiparaz,
3248 2775 3369 2833 sive
3415 2773 3676 2845 alicujus

2025 2877 2096 2918 ex
2123 2864 2387 2920 ccelitum
2416 2879 2691 2922 numero.
2722 2869 2856 2923 Haec
2886 2882 3024 2923 vero
3068 2865 3316 2923 formari
3356 2869 3460 2920 aut
3506 2861 3676 2934 pingi

2025 2951 2192 3008 aliter
2219 2960 2547 3025 nequeunt,
2573 2955 2690 3011 nisi
2716 2972 2790 3012 ex
2822 2955 3073 3012 diversis
3104 2954 3436 3022 coloribus;
3479 2952 3678 3022 ﬁgura

2027 3045 2229 3097 autem
2260 3047 2561 3114 expuncta
2588 3043 2888 3101 inhonora
2922 3044 2997 3100 de
3018 3047 3232 3101 caatero
3251 3044 3524 3100 remanet
3550 3055 3678 3099 ma-

2026 3129 2173 3186 teria
2192 3135 2249 3187 et
2266 3133 2627 3189 communis.

2103 3222 2167 3275 Et
2197 3224 2261 3275 ut
2281 3221 2558 3293 exemplo
2604 3238 2732 3279 rem
2787 3222 3199 3279 illustremus:
3250 3222 3325 3279 sit
3362 3219 3675 3294 speculum

2028 3307 2275 3381 aliquod
2304 3309 2394 3365 vel
2425 3310 2679 3368 vitreum
2694 3312 2790 3368 vel
2804 3312 3085 3381 ferreum,
3113 3316 3169 3369 et
3184 3311 3343 3382 ﬁnge
3368 3326 3401 3367 e
3433 3309 3680 3380 regione

2030 3398 2284 3468 alicujus
2314 3414 2386 3454 ex
2404 3400 2663 3471 speculis
2684 3402 3005 3458 consistere
3029 3402 3347 3458 Christum.
3378 3398 3682 3469 Efﬁgietur

2027 3502 2170 3542 vero
2196 3486 2391 3544 forma
2408 3489 2587 3545 etiam
2608 3489 2786 3561 illius,
2821 3490 3139 3563 splendore
3166 3488 3394 3563 speculi
3429 3493 3487 3545 et
3515 3487 3683 3543 clari-

2030 3576 2254 3643 tudine,
2286 3577 2421 3633 etin
2452 3593 2525 3633 ea
2554 3579 2710 3635 clare
2735 3578 3017 3637 reluceat.
3048 3580 3106 3637 Si
3125 3579 3305 3651 igitur
3349 3577 3487 3651 quis
3532 3575 3684 3633 desi-

2030 3665 2196 3721 derio
2222 3670 2412 3723 tactus
2442 3667 2521 3722 ad
2543 3668 2855 3738 speculum
2884 3668 3150 3735 accedat,
3192 3668 3255 3724 in
3291 3683 3415 3740 quo
3453 3664 3682 3739 species

2032 3755 2241 3812 Christi
2272 3755 2513 3825 relucet,
2537 3755 2804 3829 illudque
2818 3758 2995 3814 labiis
3011 3758 3265 3824 attingat
3284 3761 3342 3813 et
3360 3754 3679 3819 osculetur,

2031 3859 2179 3899 num
2201 3843 2334 3900 talis
2360 3845 2672 3916 speculum
2698 3846 3036 3913 honoravit,
3060 3862 3139 3902 an
3160 3862 3317 3915 eam,
3345 3860 3481 3917 quas
3513 3847 3601 3900 est
3620 3843 3683 3899 in

2031 3933 2296 4005 speculo,
2335 3933 2594 4013 formam
2644 3934 2909 3992 Christi?
2953 3930 3344 4008 P'erspicuum
3374 3938 3484 4005 est,
3516 3931 3685 4006 quod

2032 4022 2309 4080 formam.
2336 4023 2393 4079 Si
2414 4012 2575 4079 enim
2607 4024 2834 4096 speculi
2864 4028 3146 4081 naturam
3177 4024 3479 4089 coluisset,
3510 4022 3684 4094 eique

2031 4112 2257 4169 cultum
2279 4112 2665 4181 exhibuisset,
2697 4129 3073 4187 consequens
3093 4119 3269 4182 esset,
3290 4116 3356 4168 ut
3383 4125 3563 4169 omne
3600 4114 3687 4168 vi-

2031 4207 2189 4257 trum
2213 4206 2269 4257 et
2288 4216 2469 4256 omne
2491 4201 2712 4257 ferrum
2733 4202 3031 4258 adoraret.
3058 4202 3115 4259 Si
3139 4206 3341 4259 autem
3356 4201 3474 4257 hoc
3502 4216 3684 4257 nemo

2031 4306 2303 4363 unquam
2327 4290 2480 4357 fecit,
2514 4290 2658 4345 illud
2683 4306 2822 4347 vero
2845 4292 3141 4348 duntaxat
3160 4290 3468 4347 osculatus
3491 4294 3600 4360 est,
3624 4289 3685 4345 in

2030 4396 2153 4453 quo
2185 4380 2395 4437 Christi
2424 4381 2651 4452 species
2673 4381 3242 4453 apparuit,planum
3268 4384 3360 4437 est
3386 4379 3481 4436 vel
3501 4395 3681 4445 casco,

2031 4485 2170 4525 eum
2197 4467 2384 4533 illam,
2413 4485 2550 4541 quas
2580 4468 2641 4524 in
2681 4470 2932 4527 materia
2977 4469 3374 4535 elucescebat,
3425 4469 3686 4525 formam

2032 4559 2400 4615 honorasse:
2432 4557 2595 4614 idem
2625 4558 2700 4615 de
2722 4559 2910 4615 sacris
2930 4558 3297 4630 imaginibus
3332 4562 3543 4615 statue.
3570 4556 3688 4614 Sed

2035 4655 2116 4716 tu,
2144 4648 2246 4720 qui
2267 4646 2580 4703 hmrelicus
2600 4662 2686 4718 es,
2706 4663 2830 4705 non
2855 4647 3204 4721 simpliciter
3222 4647 3685 4713 lconomachus,

2030 4737 2146 4793 hoc
2172 4741 2279 4804 est,
2312 4736 2649 4807 imaginum
2677 4736 2885 4804 hostis,
2906 4737 3013 4794 sed
3032 4738 3287 4795 adversa
3314 4736 3507 4793 fronte
3528 4736 3676 4793 Chri-

2032 4827 2399 4896 stomachus,
2433 4826 2549 4882 hoc
2571 4830 2681 4896 est,
2703 4827 2915 4884 Christi
2939 4830 3325 4901 oppugnator
3349 4842 3435 4893 es,
3493 4842 3686 4899 eaque

2030 4917 2105 4973 de
2127 4931 2311 4971 causa
2332 4920 2541 4972 contra
2557 4917 2996 4990 sacra‘mipsius
3012 4917 3341 4988 imaginem
3363 4931 3536 4973 arma
3554 4932 3685 4972 cor-

2029 5007 2195 5080 ripis,
2220 5011 2276 5062 et
2296 5006 2578 5063 efferatus
2600 5021 2683 5062 es.
2713 5009 2863 5063 Nam
2886 5012 2943 5064 et
2962 5006 3243 5081 pardales
3267 5006 3465 5063 ferunt
3483 5006 3688 5064 hostili

2029 5097 2234 5153 animo
2252 5111 2380 5151 esse
2396 5096 2457 5151 in
2476 5095 3106 5167 humanamtiguram,
3130 5100 3187 5153 et
3208 5096 3271 5152 in
3289 5111 3425 5152 eam
3446 5095 3688 5153 rabiosa

2028 5186 2244 5255 furere,
2277 5192 2335 5241 et
2359 5185 2550 5241 sicubi
2582 5185 2845 5257 speciem
2880 5186 3143 5243 hominis
3177 5185 3559 5243 efformatam
3600 5186 3689 5242 vi-

2027 5275 2241 5347 derint,
2272 5276 2333 5331 in
2365 5291 2498 5331 eam
2530 5276 2815 5343 insanire,
2849 5280 2906 5332 et
2934 5275 3223 5333 iracunde
3279 5275 3522 5347 insilire,
3583 5292 3691 5333 uu-

2028 5380 2301 5438 guesquc
2325 5380 2679 5438 expromere
2701 5369 2757 5421 et
2792 5379 3105 5422 exacuere.
3136 5364 3305 5423 Tales
3330 5370 3471 5422 sunt
3498 5369 3557 5422 et
3583 5365 3685 5423 ﬁlii

2027 5499 2141 5556 nisi
2163 5498 2397 5565 scirem,
2431 5514 2555 5571 qua
2584 5502 2783 5555 mente
2812 5498 2970 5572 hanc
3002 5514 3216 5572 vocem
3274 5503 3588 5572 usurpant,
3611 5503 3689 5572 _et

2028 5587 2151 5644 quo
2190 5576 2246 5627 et
2287 5569 2557 5644 quonam
2588 5570 2943 5644 usurpando
2970 5569 3244 5644 allndant
3271 5569 3452 5641 Magis
3494 5570 3689 5644 probo

2028 5641 2412 5715 interpretem
2441 5641 2503 5698 in
2520 5642 2702 5699 rebus
2735 5641 3153 5715 ecclesiasticis
3178 5644 3373 5712 magis
3411 5642 3690 5699 ecclesia-

2029 5714 2264 5788 sticum,
2292 5715 2808 5788 quam__Latin_um,
2834 5714 2943 5772 etsi
2958 5730 3183 5772 nomen
3206 5715 3486 5787 imaginis
3515 5729 3689 5788 usque

2029 5784 2334 5855 Latinum;
2358 5802 2431 5845 ac
2456 5784 2605 5844 illud
2633 5785 2915 5845 alterum.
