4468 6450
785 407 887 463 667
1939 415 2253 477 GERMANI
2291 416 2341 473 ΙῙ
2379 416 2481 474 CP.
2521 415 2980 475 PATBIARCHE
4038 412 4143 468 668

784 532 1158 604 perditionis,
1178 541 1235 594 et
1252 539 1595 598 Antichristi
1614 557 2016 615 precursores
2044 540 2328 600 diabolici
2348 556 2438 597 re-
2469 562 2516 615 Α

2378 556 2438 597 e-
2469 562 2516 615 Α
2548 526 2910 613 ἐπιμαίνεσθαι
2963 544 3150 613 ταύτῃ,
3205 545 3293 593 καὶ
3350 538 3584 611 ἇκθύμως
3638 535 4008 606 καθάλλεσθαι,
4052 535 4142 586 καί

784 636 931 679 vera
956 626 1267 695 Bogomili,
1309 629 1413 701 qui
1458 631 1758 688 Christum
1809 634 2119 704 insigniter
2161 633 2439 697 oderunt,

2381 634 2439 697 tt,
2547 628 2856 683 ἂκπτύσσιιν
2912 634 3030 691 τοὺς
3087 635 3303 701 ὄνυχας.
3357 630 3598 681 Τοιοῦτοί
3656 625 3758 678 εἰσι
3811 630 3902 677 καὶ
3950 626 3999 676 οἱ
4047 631 4145 685 τῆς

786 723 984 782 neque
1006 712 1101 769 vel
1120 715 1309 771 oculis
1353 733 1647 792 usurpare
1698 724 1991 780 sustinent
2029 720 2439 778 venerandam
2546 746 2550 766 ‹

2380 733 2439 774 m
2546 717 2797 779 ἀπωλείας
2853 721 2977 784 υἱοὶ,
3026 724 3115 771 καὶ
3166 726 3257 770 τοῦ
3317 716 3691 788 Ἀντιχρίστου
3748 709 4043 786 πρόδρομοι
4094 716 4144 763 οἱ

786 798 917 868 ejus
944 798 1294 875 imaginem,
1327 807 1475 878 quin
1498 814 1554 863 et
1574 810 1805 867 idolum
1838 811 2007 867 illam
2027 811 2363 867 nominant.
2548 834 2550 851 ‹

2548 804 2868 861 διαϐολιανοὶ
2897 816 2968 878 τῷ
3011 809 3120 860 ὄντι
3178 805 3473 878 Βογόμιλοι,
3529 805 3578 856 οἱ
3624 806 3713 854 τόν
3759 804 3991 874 Χριστόν
4048 819 4142 872 μι-

789 904 997 950 σουντες
1068 888 1320 962 ἐκτόπως,
1377 893 1501 949 οὐδὲ
1551 903 1646 957 τὴν
1702 900 2060 953 πανσίϐαστον
2112 899 2272 951 αὐτοῦ
2328 915 2463 968 μορφ
2520 901 2581 953 ἠν
2665 894 2941 968 ἀνέχονται
2999 898 3260 968 καθορᾲν,
3345 892 3473 945 ἀλλά
3536 896 3625 944 καὶ
3711 887 3921 943 εἴδωλον
3980 888 4146 946 αὐτὴν

786 974 1157 1048 ὀνομάζουσιν,
2232 1007 2236 1011 ·
2618 984 2850 1048 Ἀληθῶς
2904 1008 2931 1037 ι(
2992 988 3145 1057 τάφος
3199 984 3507 1055 ἀνεῳγμένος
3565 982 3592 1033 ὃ
3646 978 3846 1053 λάρυγξ
3891 980 4081 1042 αὐτῶν,
4117 997 4140 1025 ³

858 1067 1001 1122 Vere
1014 1089 1042 1117 ‹‹
1057 1072 1402 1142 sepulcrum
1416 1081 1630 1147 patens
1641 1083 1729 1133 est
1745 1084 1947 1148 guttur
1967 1094 2174 1135 eorum
2193 1078 2264 1145 ⁵⁸,
2290 1098 2320 1125 ››
2337 1074 2441 1131 ha-
2545 1075 2622 1126 ποῖ

2377 1090 2441 1129 ,a-
2545 1073 2736 1131 πο)λὴν
2790 1074 3054 1127 ἀποπνέων
3106 1078 3200 1131 τὴν
3260 1066 3535 1124 δυσωδίαν
3605 1076 3702 1130 τῆς
3779 1065 4141 1139 βλασφημίας,

786 1152 922 1210 lans
949 1157 1201 1216 multam
1220 1160 1902 1239 fetorisblasphemiam,
1918 1169 2020 1223 ﬁlii
2037 1166 2438 1232 tenebrarum,
2546 1183 2550 1192 ι

2380 1181 2438 1232 n,
2546 1165 2650 1216 υἱοὶ
2704 1171 2796 1216 τοῦ
2829 1167 3047 1223 σκότους
3077 1167 3167 1213 καὶ
3195 1166 3313 1235 περὶ
3341 1162 3398 1211 τό
3452 1167 3554 1231 φῶς
3602 1165 3697 1218 τῆς
3758 1154 4022 1223 ἀληθείας,
4054 1172 4144 1204 τυ-

789 1244 943 1299 etad
971 1244 1176 1304 lumen
1207 1252 1470 1308 veritatis
1501 1258 1638 1310 caeci
1671 1262 1830 1312 sunt.
1888 1257 2175 1320 Christus,
2227 1252 2438 1309 mundi
2546 1274 2553 1300 ε

2383 1252 2438 1306 di
2546 1250 2769 1321 φλοί.’0
2795 1255 3046 1325 Χριστός,
3098 1253 3124 1302 ό
3180 1253 3395 1310 ποιητὴς
3462 1254 3553 1298 τοῦ
3618 1250 3839 1316 κόσμου,
3905 1244 4147 1315 ὁμοίωμα

789 1332 1085 1401 conditor,
1131 1354 1271 1394 cum
1321 1341 1569 1398 vidisset
1608 1345 2057 1401 similitudinem
2104 1341 2438 1416 quamdam
2548 1349 2553 1387 ε

2381 1357 2438 1395 m
2548 1341 2859 1411 θεασάμενος
2884 1348 2976 1391 τοῦ
3035 1338 3272 1412 Τιϐερίου
3327 1341 3612 1408 Καίσαρος,
3674 1332 3945 1404 ἀνθρώπου
4002 1326 4145 1382 δυσά

790 1419 1003 1479 Tiberii
1022 1423 1290 1495 Caesaris,
1308 1431 1568 1488 hominis
1586 1434 1752 1506 impii
1776 1435 2192 1501 etidololatrm,
2218 1448 2336 1487 non
2358 1430 2438 1485 af-
2548 1451 2554 1478 ι

2382 1430 2438 1485 Lf-
2548 1428 2729 1489 σεϐοῦς
2770 1434 2860 1481 καὶ
2890 1425 3287 1499 εἰδωλολάτρου,
3342 1426 3447 1497 οὐχ
3501 1424 3733 1496 ὕϐρισεν,
3768 1417 3893 1473 οὐδὲ
3933 1416 4146 1472 εῖδωλον

788 1507 925 1567 fecit
954 1528 1088 1571 eam
1114 1515 1355 1588 injuria,
1392 1537 1588 1594 neque
1637 1524 1863 1579 idolum
1925 1522 2277 1591 nominavit,
2334 1519 2440 1575 sed
2544 1538 2552 1567 ε

2381 1519 2440 1575 3d
2544 1523 2928 1590 κατωνόμασεν,
2962 1516 3089 1568 ἀλλὰ
3137 1516 3328 1569 εἰκόνα.
3362 1518 3428 1566 Σὺ
3474 1509 3533 1565 δι
3584 1511 3643 1564 οὑ
3680 1514 3926 1584 φρίττεις,
3977 1506 4145 1570 ἄθλιε,

788 1601 1138 1670 imaginem.
1171 1609 1253 1662 Tu
1275 1624 1434 1672 vere,
1460 1612 1658 1678 miser,
1692 1630 1813 1669 non
1865 1612 2252 1678 cohorrescis,
2301 1626 2436 1664 cum
2544 1627 2552 1638 ι

2385 1626 2436 1664 m
2544 1613 2636 1658 τοῦ
2690 1605 2911 1667 ἀσεϐοῦς
2976 1606 3170 1657 ἐκείνου
3233 1599 3423 1677 ἀνδρός
3503 1600 3813 1672 ἀτιμότερον
3867 1598 4149 1668 ἡγούμενος

790 1685 1047 1760 impium
1068 1692 1236 1750 illum
1252 1696 1585 1767 hominem,
1605 1704 1808 1774 quoad
1828 1703 2114 1758 honorem
2140 1707 2196 1756 et
2215 1698 2439 1755 cultum
2544 1715 2554 1744 τ

2385 1714 2439 1753 m
2544 1700 2632 1747 τόν
2670 1695 2895 1748 Βασιλέα
2922 1703 3022 1747 τῶν
3075 1694 3322 1765 οὐρανῶν,
3372 1696 3462 1743 καὶ
3512 1697 3621 1750 τοῖς
3672 1688 3844 1760 ἁγίονς
3910 1683 4149 1756 ἀγγέλοις

791 1780 1096 1848 praeponis
1122 1783 1367 1849 Christo,
1399 1770 1682 1846 caelorum
1709 1792 1870 1861 Regi.
1894 1790 2234 1861 sanctisque
2264 1802 2441 1857 ange-
2546 1806 2555 1836 ι

2387 1803 2441 1842 e-
2546 1782 2851 1860 ἀπρόσιτον,
2885 1789 2976 1837 καὶ
3006 1788 3099 1841 τήν
3128 1782 3301 1835 εἰκόνα
3342 1787 3529 1833 τοῦτον
3558 1773 3771 1831 εἴδωλον
3802 1771 3931 1827 εἶναι
3984 1770 4149 1845 βλασ-

790 1862 864 1970 lLi‘s
893 1865 1225 1970 inaccesso:
1244 1890 1505 1970 cumque
1526 1878 1856 1949 imaginem
1885 1880 2041 1934 illius
2063 1877 2287 1933 idolum
2312 1892 2441 1931 esse
2466 1918 2508 1970 Β
2546 1895 2554 1945 1

2382 1892 2508 1970 seB
2546 1882 2761 1946 φημῶν;
2805 1880 2913 1925 Ποῦ
2970 1869 3030 1925 δὲ
3077 1876 3170 1929 τὴν
3218 1873 3419 1944 μορφὴν
3465 1875 3558 1919 τοῦ
3609 1870 3876 1937 Καίσαρος
3939 1863 3967 1913 ὁ
4014 1868 4146 1935 Χρι-

788 1949 1226 2025 blasphemas?
1250 1962 1356 2018 Ubi
1385 1969 1585 2021 autem
1618 1966 1878 2035 figuram
1904 1966 2145 2023 Caesaris
2173 1965 2439 2022 Christus
2466 1949 2508 1970 υ
2548 1990 2552 2009 ‹

2386 1949 2508 2018 Is”
2548 1966 2667 2022 στός
2721 1963 2893 2014 εἰκόνα
2940 1960 3304 2033 κατονομάζει,
3358 1960 3603 2011 ἄκουσον,
3661 1953 3969 2029 Ἠρώτησάν
4025 1967 4150 2002 ποτε

792 2039 1119 2115 imaginem
1152 2052 1611 2122 appellet,audi.
1637 2056 2083 2126 Interrogarunt
2112 2053 2440 2126 aliquando
2545 2073 2556 2103 π

2380 2053 2440 2108 lo
2545 2056 2632 2105 τόν
2763 2056 2991 2128 Χριστόν
3107 2051 3155 2103 οἰ
3244 2054 3327 2101 σοὶ
3420 2047 3575 2120 φίλοι,
3707 2048 3798 2096 καὶ
3911 2038 4144 2112 ἀδελφοὶ,

796 2131 1094 2192 Christum
1116 2139 1327 2207 Judaei,
1352 2144 1434 2198 tui
1466 2148 1665 2212 amici,
1710 2152 1765 2201 et
1795 2146 2023 2215 frattes,
2052 2150 2107 2200 et
2148 2143 2437 2207 foederati,
2545 2164 2560 2194 ι

2384 2143 2437 2207 li,
2545 2148 2635 2194 καὶ
2665 2144 2961 2215 ὁμόφρονες.
3022 2137 3190 2193 Οὐδέν
3254 2141 3355 2210 γὰρ
3424 2133 3658 2209 διαφέρει
3689 2131 3930 2205 Ἐϐραίου
3990 2132 4148 2199 B076-

794 2221 942 2278 nihil
963 2225 1122 2282 enim
1148 2244 1185 2284 a
1204 2230 1414 2288 Iudaeo
1430 2232 1627 2291 differt
1656 2236 1994 2304 Bogomilus
2018 2250 2031 2300 ;
2073 2235 2219 2307 quin
2243 2233 2441 2305 potius
2546 2254 2558 2304 ι

2386 2248 2441 2286 ιε
2546 2231 2715 2304 μιλός,
2770 2230 2960 2303 μᾶλλον
3013 2227 3073 2282 δε
3119 2234 3208 2281 καὶ
3259 2230 3447 2287 παντὸς
3498 2222 3741 2296 Ἐϐραίου
3804 2217 4150 2274 δυσσεϐέστε-

793 2312 961 2367 omni
993 2314 1240 2374 Hebraeo
1267 2320 1609 2378 sceleratior
1629 2331 1717 2379 est
1739 2304 2113 2387 Bogomilus—z
2154 2304 2439 2378 Hebraeus
2546 2342 2557 2395 ι

2390 2337 2439 2375 Is
2546 2327 2631 2395 ρός
2678 2340 2818 2373 εστιν
2848 2321 2874 2371 ό
2904 2318 3205 2391 Βογόμιλος.
3251 2316 3489 2385 Ἐϐραῖος
3538 2316 3627 2384 μεν
3674 2314 3797 2385 γὰρ,
3851 2309 3949 2359 κᾶν
3993 2304 4154 2358 τᾶλλα

796 2398 957 2457 enim
986 2401 1121 2459 licet
1141 2410 1686 2482 ceteraimprobus
1711 2412 1809 2481 sit,
1837 2416 2105 2467 attamen
2139 2414 2322 2466 Deum
2355 2425 2439 2464 re~
2548 2430 2560 2463 ι

2389 2425 2439 2464 e~
2548 2409 2626 2468 εἰη
2659 2413 2835 2478 κακός,
2866 2411 3005 2481 ὅμως
3060 2411 3285 2464 ποιητὴν
3336 2413 3436 2456 τῶν
3502 2404 3805 2474 κτισμάτων
3869 2400 3959 2448 τόν
4024 2397 4153 2447 Θεὸν

794 2501 931 2544 rum
953 2493 1326 2552 conditorem
1350 2478 1481 2554 esse
1499 2478 1833 2556 conﬁtetur.
1860 2503 1934 2556 At
1959 2500 2298 2569 Bogomilus
2320 2498 2443 2553 dia-
2550 2519 2558 2551 ε

2391 2514 2443 2553 a-
2550 2497 2679 2552 εἷναι
2711 2478 2963 2571 ὁμολογῶ
3018 2499 3042 2548 ό
3074 2495 3357 2568 Βογόμιλος
3415 2489 3472 2545 δὲ
3503 2500 3575 2562 τῷ
3630 2486 3858 2557 διαϐόλῳ
3913 2490 4006 2542 τὴν
4060 2478 4155 2538 δη-

794 2576 938 2635 bolo
967 2596 1170 2639 rerum
1222 2591 1696 2658 procreationem
1738 2590 1998 2646 ascribit.
2053 2590 2441 2661 Obstupesce,
2549 2611 2558 2661 ι

2392 2602 2441 2651 e,
2549 2592 2829 2662 μιουργίαν
2903 2584 3310 2657 ἀποχαρίζεται.
3409 2581 3690 2641 "lixarum,
3790 2576 3995 2651 οὗρανὶ,
4072 2570 4156 2623 ἐπὶ

795 2667 1038 2736 coelum,
1053 2676 1379 2746 superhoc,
1395 2685 1451 2733 et
1468 2678 1866 2735 fundamenta
1884 2687 2074 2746 terrae,
2096 2657 2441 2741 movemini,
2549 2657 2559 2709 ί

2394 2677 2441 2741 ii,
2549 2657 2740 2747 τούτω,
2771 2681 2860 2728 καὶ
2890 2683 2986 2735 τῆς
3005 2682 3104 2745 γῆς
3160 2672 3465 2740 σαλεύθητε,
3498 2672 3563 2721 τὰ
3611 2666 3835 2739 θεμέλια,
3864 2669 3955 2715 καὶ
4000 2657 4158 2734 διαρ-

795 2762 853 2812 et
881 2756 1156 2833 disrupta
1185 2763 1503 2823 absorbete
1528 2768 1861 2824 desertores
1888 2768 2051 2826 istos.
2091 2772 2149 2822 et
2179 2767 2239 2821 in
2286 2782 2445 2821 com-
2551 2797 2559 2841 Α

2395 2782 2445 2820 u-
2551 2767 2773 2841 ραγέντα
2854 2768 3134 2816 καταπίετε
3210 2764 3327 2819 τοὺς
3408 2758 3711 2817 ἀποστάτας
3793 2755 4009 2812 τούτοῦς
4068 2752 4159 2801 καὶ

796 2862 1043 2905 munem
1072 2867 1274 2910 rerum
1296 2855 1637 2913 eﬂectorem
1667 2864 1724 2914 et
1745 2864 2073 2914 creatorem
2100 2856 2445 2928 injuriosos,
2553 2840 2560 2902 ι

2398 2872 2445 2920 s,
2553 2840 2806 2929 υϐριστὰς
2854 2862 2946 2905 τοῦ
3018 2871 3191 2903 κοινου
3279 2855 3509 2905 Ποιητοῦ
3554 2850 3643 2897 καὶ
3688 2846 4041 2916 Δημιουρσγοῦ,
4097 2840 4161 2897 ὡς

798 2940 862 2992 ut
887 2942 944 2994 et
972 2938 1116 2995 olim
1141 2944 1375 3000 Dathan
1403 2951 1461 3002 et
1482 2941 1709 3003 A'biron
1736 2962 1875 3013 cum
1895 2946 2047 3003 suis.
2558 2967 2562 2975 '

1929 2946 2047 3003 uis.
2558 2944 2717 2996 τάλαι
2745 2946 2866 3004 τοὺς
2896 2947 3013 3015 περὶ
3045 2942 3214 2994 Δαθάν
3241 2958 3294 2992 τε
3319 2942 3407 2991 καὶ
3430 2935 3691 3008 Ἀϐειρων.

870 3097 1040 3161 Quod
1070 3100 1250 3171 igitur
1277 3103 1473 3161 dicere
1499 3106 1986 3177 instituebamus,
2018 3105 2134 3162 hoc
2172 3111 2298 3162 erat
2325 3124 2336 3161 :
2369 3106 2453 3161 in-
2625 3114 2634 3131 ‘

2399 3122 2453 3161 [t—
2625 3112 2786 3178 Ὂπερ
2837 3101 2924 3157 οὖν
2964 3102 3221 3174 ἐλέγομεν,
3278 3100 3560 3175 ἠρωτησὰν
3616 3114 3739 3149 ποτε
3791 3098 3878 3146 τόν
3931 3093 4163 3166 Χριστὸν

799 3190 1181 3259 terrogarunt
1209 3192 1538 3265 aliquando
1569 3196 1866 3251 Christum
1889 3195 2096 3262 Judaei,
2119 3218 2147 3245 «
2179 3195 2229 3249 si
2255 3195 2454 3250 liceret
2559 3223 2563 3243 ε

2399 3202 2454 3250 et
2559 3200 2609 3250 οἱ
2632 3192 2904 3262 Ἰουδαῖοι,
2933 3216 2954 3243 ι
2981 3194 3041 3247 Εἰ
3067 3192 3235 3255 ἔξεστι
3262 3188 3446 3244 δοῦναι
3465 3197 3655 3247 κῆνσον
3681 3188 3932 3255 Καίσαρι,
3954 3184 3984 3240 ἦ
4009 3180 4069 3234 οὗ
4094 3199 4108 3248 ;
4135 3203 4163 3230 ››

799 3292 1050 3333 censum
1081 3280 1227 3338 dare
1259 3284 1493 3353 Cmsari,
1528 3301 1607 3341 an
1638 3284 1959 3341 non?»llle
1975 3300 2114 3340 vero
2139 3283 2453 3356 respondit
2480 3270 2519 3324 (ἶ
2556 3275 2563 3289 ’

2397 3270 2519 3339 litC
2556 3275 2617 3338 Ὀ
2665 3281 2725 3337 δὲ
2784 3284 3034 3357 ἀπεκρίθη
3094 3281 3272 3352 λέγων·
3326 3301 3353 3329 ‹‹
3398 3273 3721 3338 Ἐπίδειξατέ
3778 3292 3868 3344 μοι
3908 3272 3967 3323 τό
4023 3273 4161 3340 νόμι-

798 3364 1006 3422 dicens
1035 3386 1046 3423 :
1083 3392 1112 3417 ‹‹
1132 3370 1437 3429 Ostendite
1470 3374 1613 3429 mihi
1636 3376 1942 3430 numisma
1972 3389 2209 3429 census.
2246 3394 2272 3423 ››
2304 3373 2453 3428 Illis-

2405 3391 2453 3427 Β·
2562 3393 2671 3446 σμα
2720 3381 2811 3425 τοῦ
2874 3377 3087 3430 κήνσου.
3145 3392 3166 3419 ι
3253 3367 3511 3421 Κὰκείνων
3583 3359 3969 3426 ἐπιδειξάντων,
4013 3357 4169 3411 πάλιν

797 3470 915 3527 que
948 3458 1422 3528 ostendentibus,
1454 3478 1662 3518 rursus
1699 3463 2035 3535 respondit:
2062 3485 2082 3512 ι
2140 3462 2322 3533 Cujus
2368 3467 2457 3517 est

2405 3467 2457 3517 st
2562 3462 2898 3535 ἀπεκρίνατο·
2960 3483 2987 3509 ‹‹
3029 3464 3179 3521 Τίνος
3254 3460 3284 3515 ἡ
3343 3456 3489 3508 εἰκὼν
3540 3454 3671 3509 αὕτη
3730 3456 3821 3503 καὶ
3866 3449 4167 3523 ἑπιγραφίη

800 3544 1004 3615 imago
1022 3547 1150 3603 haec
1175 3555 1233 3605 et
1254 3552 1547 3623 superscri
1557 3552 1719 3623 ptio?
1744 3553 1955 3608 Dicunt
1975 3552 2024 3607 ei
2049 3570 2061 3606 :
2082 3572 2112 3605 ‹
2136 3552 2447 3607 Cmsaris.»

2405 3572 2447 3603 ,n
2568 3556 2826 3623 Λέγουσιν
2924 3549 3066 3619 αὐτῲ
3133 3569 3144 3581 ·
3213 3551 3562 3619 Καίσαρος.»
3668 3546 3769 3594 Καὶ
3830 3540 3855 3590 ό
3922 3540 4169 3609 Χριστός·

805 3636 870 3689 Et
899 3635 1204 3695 Christus:
1240 3662 1267 3690 «
1301 3641 1568 3711 Reddite,
1593 3644 1806 3715 inquit,
1837 3659 1973 3715 quae
1997 3651 2137 3698 sunt
2180 3642 2448 3707 Caesaris,
2566 3669 2569 3685 ε

2411 3658 2448 3707 3,
2566 3636 2904 3705 «Ἀπόδοτε,
3008 3640 3124 3709 ἔφη,
3192 3638 3258 3687 τὰ
3326 3638 3592 3707 Καίσαρος
3656 3634 3904 3704 Καίσαρι,
3965 3630 4055 3678 καὶ
4108 3627 4175 3676 τὰ

802 3722 1042 3794 Cmsari,
1074 3732 1289 3800 etquae
1313 3737 1454 3786 sunt
1495 3710 1614 3799 Dei,
1664 3710 1877 3787 beo“:
1912 3753 1939 3779 »
1988 3730 2241 3797 Audisti,
2289 3746 2451 3785 exse-
2564 3756 2566 3761 ι

2408 3747 2451 3785 Ξ·
2564 3737 2657 3783 τοῦ
2690 3737 2823 3783 Θεοῦ
2855 3735 2927 3797 τῷ
2993 3734 3128 3796 Θεῷ.
3165 3748 3192 3775 ››
3260 3724 3546 3783 ’⁸Ηκουσας,
3618 3717 3865 3790 Βογόμιλε
3928 3710 4172 3788 βδελυρὲ,

803 3814 1026 3871 crande
1073 3818 1396 3889 Bogomile,
1433 3820 1729 3876 Christum
1780 3819 2077 3876 dicentem
2108 3838 2120 3875 :
2154 3821 2343 3890 Cujus
2369 3828 2451 3876 est

2407 3828 2451 3874 sl
2567 3821 2793 3879 εἰπόντος
2821 3824 2914 3869 τοῦ
2946 3822 3203 3888 Χριστοῦ,
3234 3820 3384 3872 Τίνος
3445 3814 3475 3869 ἠ
3549 3810 3695 3863 εἰκὼν
3766 3806 3921 3870 αὕτη,
3986 3808 4076 3855 καὶ
4140 3803 4171 3859 ἡ

807 3900 937 3958 haec
961 3903 1159 3972 imaqo
1185 3913 1240 3961 et
1265 3910 1697 3979 superseriptio
1718 3913 1745 3963 ?
1789 3909 2078 3981 quodque
2128 3908 2453 3964 similitudo
2569 3935 2571 3958 λ

2418 3925 2453 3963 0
2569 3908 2869 3983 ἐπιγραφὴ;
2919 3910 3010 3958 καὶ
3039 3906 3120 3957 ὃτι
3146 3904 3171 3954 ό
3235 3901 3282 3954 ἐν
3314 3910 3387 3972 τῷ
3434 3904 3721 3971 νομίσματι
3764 3898 3929 3955 τύπος
3978 3895 4176 3945 Καίσα-

806 3991 1055 4047 Caesaris
1083 3992 1144 4049 in
1174 3997 1539 4053 numismate
1571 4014 1854 4069 expressa
1876 3999 2079 4069 imago
2106 3997 2298 4066 fuerit,
2333 4013 2455 4052 non
2569 4063 2570 4070 γ

2419 4013 2455 4052 n
2569 4018 2657 4072 ρος
2692 3982 2785 4055 rein
2822 3996 2992 4063 εἰκὼν,
3038 3992 3145 4045 ἀλλ’
3196 3990 3291 4044 οὐκ
3345 3986 3578 4044 εἴδωλον.
3640 3985 3797 4047 Ἀλλὰ
3874 3982 4030 4054 λέγει,
4084 3999 4176 4051 φη-

805 4078 1059 4139 idolum.
1102 4083 1215 4140 Sed
1246 4084 1484 4157 objicit:
1539 4088 1842 4159 Scriptura
1892 4091 2159 4154 testatur,
2192 4109 2218 4135 ‹‹
2276 4086 2457 4141 simu-

2414 4103 2457 4141 ι·
2571 4071 2656 4138 σὶν
2710 4087 2739 4142 ἡ
2777 4087 2975 4158 Γραφή·
3032 4103 3052 4129 ι
3088 4083 3167 4133 Τὰ
3218 4075 3410 4132 εἴδωλα
3436 4085 3533 4129 τῶν
3595 4074 3749 4127 ἐθνῶν
3793 4071 4037 4143 ἀργύριον
4089 4071 4178 4119 καὶ

809 4168 971 4226 lacra
992 4173 1260 4241 gentium
1287 4181 1608 4247 argentum
1631 4158 1920 4231 etaurum
1940 4177 1988 4211 ⁵⁸
2014 4198 2041 4225 ››
2079 4193 2232 4242 esse,
2252 4182 2308 4231 et
2349 4191 2458 4231 nec
2571 4239 2573 4247 Α

2417 4191 2458 4230 :c
2571 4177 2818 4247 χρυσίον·
2855 4195 2883 4222 ιι
2930 4176 3021 4223 καὶ
3070 4171 3151 4221 ὅτι
3198 4171 3265 4220 τὰ
3306 4174 3525 4219 τοιαῦτα
3572 4167 3688 4216 οὔτε
3738 4160 4005 4226 λαλοῦσιν,
4063 4158 4181 4209 οὔτε

806 4257 973 4331 loqui
1005 4276 1117 4316 nec
1158 4261 1383 4330 videre,
1440 4281 1637 4337 neque
1696 4264 2033 4322 ambulare.
2089 4267 2237 4321 Cum
2283 4264 2461 4333 igitur

2418 4280 2461 4319 lt‘
2576 4262 2879 4336 βλέπουσιν,
2931 4264 3045 4313 οὔτε
3098 4265 3494 4331 περιπατοῦσιν.
3554 4255 3696 4307 Ἐπεὶ
3744 4247 3832 4303 οὖν
3882 4252 3973 4300 καὶ
4002 4248 4058 4299 αἱ
4114 4243 4182 4298 εἰ-

808 4348 987 4404 etiam
1012 4350 1308 4422 imagines
1331 4353 1476 4409 nihil
1521 4370 1729 4410 eorum
1760 4360 2085 4425 operentur
2134 4354 2223 4410 vel
2254 4347 2458 4423 agant,

2418 4359 2458 4422 t,
2573 4359 2714 4415 κόνις
2753 4348 2879 4405 οὗδέ
2906 4370 2958 4403 τι
2986 4359 3086 4402 τῶν
3151 4347 3270 4400 καθ’
3336 4348 3501 4421 ὁρμὴν
3543 4346 3874 4415 κινουμένων,
3941 4341 4032 4390 καὶ
4090 4334 4182 4387 λα-

808 4452 945 4509 quae
973 4455 1151 4511 agere
1183 4441 1376 4499 solent
1404 4444 1511 4501 illi.
1534 4444 1757 4516 quibus
1785 4460 1853 4499 ex
1880 4444 2151 4514 appetitu
2184 4459 2312 4498 sese
2338 4460 2462 4498 mo-

2418 4460 2462 4497 )-
2573 4444 2813 4511 λούντων,
2869 4445 2960 4492 καὶ
3002 4441 3420 4513 περιπατούντων
3480 4434 3777 4505 ἐνεργοῦσιν
3830 4433 3859 4487 ἧ
3918 4434 4182 4493 ποιοῦσιν,

808 4527 1009 4601 vendi,
1038 4536 1093 4586 et
1117 4530 1425 4604 loquendi,
1460 4541 1518 4589 et
1561 4534 1917 4588 ambulandi
1974 4532 2227 4587 facultas
2288 4533 2462 4587 inest.

2423 4536 2462 4587 ι.
2577 4533 2671 4586 οὐκ
2725 4530 3025 4583 ἀπεοικέναι
3098 4528 3310 4598 λέγομεν
3375 4532 3473 4576 τῶν
3527 4519 3774 4575 εἰδώλων.
3829 4520 4040 4575 Ἀνόητε
4092 4518 4184 4565 καὶ

809 4614 1333 4677 aﬂirmamusillas
1346 4621 1519 4677 idolis
1533 4638 1653 4677 non
1669 4638 1800 4678 esse
1816 4621 2463 4693 absimileansipiens.
2501 4626 2541 4679 ι)

2421 4639 2463 4675 5.
2501 4626 2541 4679 ι)
2578 4627 2671 4680 τὴν
2727 4616 2953 4694 καρδίαν
3028 4615 3348 4673 devotio-emi!
3400 4614 3518 4666 Ἐὰν
3600 4609 3811 4663 ἐλάλουν
3869 4610 3925 4660 αἱ
3979 4605 4185 4670 εἰκόνες,

809 4710 867 4762 et
892 4706 1109 4764 stolido
1138 4710 1318 4766 corde
1350 4711 1533 4767 homo
1559 4712 1571 4767 Ξ
1594 4713 1649 4767 Si
1670 4713 2055 4784 loquerentur
2082 4690 2468 4780 imagines,si
2538 4708 2547 4719 ’

2422 4713 2468 4765 si
2538 4708 2665 4763 ’ἐὰν
2719 4708 2945 4777 ἔϐλεπον,
3025 4705 3109 4759 ἐὰν
3166 4708 3377 4769 ἤκουον,
3432 4701 3516 4754 ἐὰν
3570 4702 3932 4772 περιεπάτουν,
3983 4693 4078 4747 οὐκ
4125 4690 4186 4744 ἂν

810 4796 1099 4866 viderent,
1129 4796 1496 4865 siaudirent,
1519 4801 1564 4855 si
1592 4802 1929 4869 circuirent,
1951 4817 2068 4855 non
2094 4800 2468 4855 essentima—

2424 4818 2468 4854 t-
2580 4797 2715 4858 ἦσαν
2782 4798 3033 4861 εἰκόνες,.
3080 4791 3204 4847 οάδξ
3287 4795 3610 4864 ὁμοιώματα,
3696 4787 3826 4841 ἀλλά
3872 4788 4188 4859 πρωτότυπα

811 4887 1001 4958 gines,
1024 4904 1222 4962 neque
1254 4890 1670 4946 similitudines
1704 4892 1808 4945 sed
1842 4898 2163 4967 prqtotypa
2193 4895 2251 4944 et
2280 4889 2467 4944 homi-

2430 4890 2467 4943 ἰ·
2578 4895 2669 4942 καὶ
2717 4890 2982 4963 ἄνθρωποι
3046 4884 3247 4938 τέλειοι.
3298 4883 3355 4935 Ἠ
3413 4878 3473 4935 δὲ
3529 4879 3676 4933 εἰκὼν
3730 4879 3983 4949 Δὁμοίωμα
4032 4876 4187 4944 μόνον

811 4956 919 5033 nes
948 4956 1213 5052 perfecti.
1249 4986 1319 5034 At
1342 4981 1545 5052 imago
1567 4988 1655 5036 est
1678 4956 1909 5036 tantum
1924 4956 2251 5035 similitudo
2272 4984 2468 5051 proto-

2425 4994 2468 5033 )-
2580 4979 2695 5033 ἐστὶ
2750 4979 3093 5052 πρωτοτύπον
3150 4980 3241 5046 καὶ
3323 4978 3539 5045 μίμημα
3594 4975 3955 5043 χαρακτῆρός.
4018 4964 4077 5015 Ἠ
4129 4956 4189 5013 δι

810 5050 967 5143 tvpi,
991 5074 1047 5123 et
1068 5068 1321 5125 imitatio
1364 5050 1647 5142 quaedam
1698 5071 1852 5125 notis
1896 5086 2201 5140 expressa.
2260 5050 2472 5123 Divina

2426 5084 2472 5123 .8.
2583 5072 2696 5123 θεία
2727 5072 2903 5141 Γραφὴ
2938 5058 3225 5118 damma
3279 5072 3378 5114 τῶν
3434 5057 3695 5132 δαιμόνων
3745 5050 4055 5128 ὃμοιὼματα
4106 5050 4190 5115 λέ-

809 5173 954 5238 vero
983 5159 1285 5233 Scriptura
1314 5159 1477 5215 idola.
1515 5160 1779 5232 appellat
1817 5160 2167 5214 daemonum
2202 5158 2462 5213 similitu-

2428 5175 2462 5213 ι·
2580 5163 2953 5230 γει.Δαίμονες
2991 5158 3094 5228 γὰρ
3149 5154 3284 5212 ἦσαν
3342 5142 3404 5203 οἰ
3442 5152 3541 5201 τῶν
3599 5146 3850 5205 Ἑλλήνων
3900 5142 4037 5196 θεοί.
4095 5144 4192 5194 Λέ-

808 5247 1006 5305 dines.
1040 5252 1355 5306 Daemones
1380 5250 1541 5306 enim
1574 5254 1745 5305 erant
1795 5250 2107 5315 gentilium
2166 5250 2267 5303 dii.
2319 5253 2470 5305 Num

2428 5265 2470 5303 n
2582 5268 2661 5321 ’γει
2689 5250 2791 5319 γὰρ
2846 5247 3027 5307 οὕτως·
3082 5267 3101 5293 ε
3132 5244 3207 5295 Οἱν
3226 5244 3330 5294 θεοὶ
3373 5250 3472 5291 τῶν
3521 5238 3678 5291 ἐθνῶν
3710 5228 3981 5307 δαιμόνια.
4016 5255 4045 5281 ››
4075 5227 4192 5302 Ἆρ’

810 5341 1009 5411 igitur,
1033 5346 1200 5414 quod
1223 5342 1536 5398 daemones
1559 5341 1774 5397 fuerint
1792 5342 1875 5396 dii
1900 5342 2189 5411 gentium,
2213 5340 2474 5408 abnega-

2433 5356 2474 5394 1,-
2584 5334 2693 5395 οὖν,
2723 5333 2865 5389 διότι
2897 5332 3147 5407 δαιμόνια
3177 5329 3312 5391 ἦσαν
3348 5338 3447 5382 τῶν
3479 5327 3632 5380 ἐθνῶν
3689 5326 3738 5378 οἰ
3796 5324 3920 5387 θεοὶ,
3969 5320 4197 5396 ἀρνησό-

812 5432 1014 5488 bimus
1044 5448 1158 5487 nos
1181 5449 1393 5487 verum
1422 5433 1632 5501 Deum,
1662 5438 1719 5485 et
1740 5431 1980 5486 utathei
2017 5431 2077 5485 in
2099 5430 2213 5485 hoc
2246 5429 2474 5483 mundo

2438 5446 2474 5483 ο
2584 5429 2718 5500 μεθα
2748 5428 2894 5497 ἡμεῖς
2931 5428 3016 5476 τόν
3076 5428 3203 5476 Θεόν
3257 5426 3343 5473 τόν
3386 5417 3648 5495 ἀληθινόν,
3680 5419 3771 5466 καὶ
3823 5404 3891 5475 ἁῖς
3944 5410 4089 5463 ἆθεοὶ
4150 5408 4198 5460 ἐν

812 5522 1194 5579 versabimur
1214 5523 1242 5579 ἱ)
1264 5524 1386 5577 Hoc
1418 5523 1578 5577 enim
1603 5521 1906 5578 afﬁrmare
1935 5524 2054 5575 tua:
2082 5518 2475 5574 tenebricosas

2438 5533 2475 5573 Β
2584 5525 2656 5587 τῷ
2683 5521 2867 5588 κόσμῳ
2908 5517 3074 5585 τούτῳ
3104 5515 3561 5587 περιπατήσομεν;
3616 5513 3719 5566 Τῆς
3760 5512 3856 5566 σῆς
3912 5503 4014 5575 γὰρ
4085 5501 4202 5552 ἐστι

886 5768 935 5803 ⁵⁸
974 5765 1126 5824 Psal.
1156 5782 1212 5822 v.
1250 5771 1309 5822 lt
1335 5784 1348 5835 ;
1375 5781 1493 5837 xm,
1526 5767 1576 5821 3.
1656 5764 1699 5798 ⁸⁷
1730 5760 1933 5824 Matth.
1959 5777 2101 5830 χχιι,
2138 5762 2322 5851 17-21.
2397 5759 2445 5795 ³⁸
2472 5748 2628 5841 Psal.
2654 5773 2810 5830 omn,
2832 5758 2886 5813 4.
