4468 6450
334 405 442 476 διδ

333 549 492 596 τοῦτο
518 548 677 596 εἰπεῖν
705 539 982 615 ζοφῶδους
1007 547 1214 618 φρενός·
1270 547 1359 616 ὡς,
1415 543 1525 598 imi
1573 548 1623 598 οἱ
1676 548 1782 599 θεοί
1833 554 1933 598 τῶν
1965 548 2008 602 Α

333 631 491 684 ὶθνῶν
521 628 773 703 δαιμόνια
799 632 956 697 ἦσαν,
986 631 1117 705 μηδ’
1141 636 1284 706 ὑμεῖς
1318 640 1580 706 τιμήσητε
1643 638 1793 695 Θεὸν,
1853 635 1935 686 ἵνα

333 725 408 793 μή
453 722 782 792 νομισθείητε
837 717 1265 796 δαιμονολάτραι,
1327 721 1434 774 ἀλλ’
1489 726 1605 776 ἕστε
1654 724 1817 777 οῖθεοι.
1875 723 1935 776 Εἰ

338 805 399 860 δε
433 815 588 860 τοῦτο
614 809 762 860 ἄθεον
813 813 904 860 καί
963 807 1167 878 ἆσεσες,
1219 813 1413 881 ὁμοίως
1476 813 1626 863 ἔσται
1675 817 1764 862 καί
1819 817 1936 886 περί

333 904 439 947 τῶν
473 895 873 967 ἕκτυπωμάτων.
911 899 978 948 Οἱ
1031 900 1133 972 γᾶρ
1194 897 1429 958 Ἕλληνες
1492 895 1752 971 δαιμόνων
1812 919 1936 973 μορ-

337 987 438 1055 φὰς
497 987 866 1058 προσεκύνουν
934 986 1083 1057 ἡμεῖς
1137 983 1195 1039 δέ
1247 995 1338 1038 τοῦ
1392 994 1626 1060 Χριστοῦ
1680 993 1770 1039 καὶ
1837 996 1935 1039 τῶν

339 1074 505 1144 ἁγίων
550 1074 731 1127 αὐτοῦ.
783 1095 813 1124 (ι
857 1079 949 1136 Τίς
997 1074 1144 1149 [γὰρ]
1190 1082 1431 1128 κοινωνία
1479 1083 1608 1148 φωτὶ
1661 1081 1790 1152 πρὸς
1821 1082 1940 1129 σκό-

335 1183 450 1224 τος,
480 1165 510 1222 ἦ
540 1169 884 1235 συμφώνησις
913 1172 1129 1238 Χριστῷ
1156 1171 1286 1238 πρὸς
1318 1166 1528 1233 Βελιοὶλς
1555 1189 1582 1214 ι)

410 1252 471 1305 Εἰ
488 1261 613 1322 γοῦν
642 1252 754 1304 ἐστι
777 1256 834 1304 τό
867 1262 972 1324 φῶς
1000 1260 1090 1306 καὶ
1122 1259 1180 1306 τό
1229 1259 1412 1317 σκότος
1461 1257 1509 1307 ἰν
1551 1261 1640 1308 καὶ
1679 1261 1736 1308 τό
1791 1257 1936 1326 αὐτὸ,

335 1343 489 1392 ἔσται
553 1343 583 1398 ἡ
665 1341 811 1392 εἰκών
892 1349 984 1393 τοῦ
1034 1350 1287 1415 Χριστοῦ,
1342 1349 1432 1395 καὶ
1493 1349 1549 1395 τὸ
1603 1342 1814 1397 εῖδωλον
1871 1347 1939 1398 ἓν.

336 1429 497 1482 Ἀλλά
545 1434 782 1498 τρέποιτο
830 1434 963 1482 κατά
1020 1438 1111 1491 τῆς
1167 1439 1263 1493 σῆς
1319 1429 1581 1506 βδελυρᾶς
1634 1434 1856 1504 κεφαλῆς
1909 1437 1938 1491 ἠ

347 1515 684 1589 βλασφημία,
728 1517 975 1589 Βογόμιλε
1017 1522 1422 1592 τρισκατάρατε.
1475 1522 1620 1572 Μάθε
1667 1528 1943 1593 τοιγαροῦν

335 1610 434 1661 τήν
459 1604 722 1673 ἀλήθειαν,
755 1615 846 1666 τῆς
871 1607 1114 1668 ἀληθείας
1143 1606 1322 1680 ἐχθρε,
1350 1610 1430 1659 ὅτι
1479 1612 1544 1660 τὰ
1600 1611 1719 1666 ἔθνη
1779 1613 1943 1662 ἐκεῖνα

335 1697 403 1744 τὰ
451 1693 672 1746 πολυθεα
726 1699 815 1745 καί
864 1696 993 1747 ἄθεα
1047 1691 1308 1767 δαιμόνων
1372 1697 1579 1766 γλυπτὰ
1640 1699 1944 1770 ὁμοιώματα

337 1783 803 1841 κατασκευάζοντα
832 1785 897 1843 ὡς
929 1785 1056 1843 θεοῖς
1101 1787 1307 1845 τούτοις
1360 1784 1647 1858 ἕλάτρευον,
1707 1792 1792 1838 καὶ
1852 1808 1941 1845 κη-

343 1867 566 1942 δεμόνας
626 1877 717 1931 τῆς
777 1875 914 1934 ζωῆς
961 1872 1126 1924 αῦτῶν
1172 1875 1236 1924 τὰ
1297 1872 1614 1948 ἐστερημένοι
1672 1875 1807 1936 ζωῆς
1849 1877 1943 1927 ὐπ-

338 1960 608 2021 ετόπαξον·
642 1965 732 2013 καὶ
795 1958 928 2019 ἦσαν
984 1963 1134 2034 όμοῦ,
1190 1966 1280 2014 καὶ
1339 1967 1404 2015 τὰ
1459 1970 1801 2039 πρωτότυπα,
1853 1972 1940 2018 καὶ

339 2054 406 2102 τὰ
449 2052 776 2123 ὁμοιώματα,
832 2048 1097 2123 δαίμονες,
1151 2059 1241 2106 καὶ
1291 2049 1551 2126 δαιμόνων
1613 2057 1936 2128 ὁμοιώματα.

337 2141 401 2192 Ὀ
459 2137 518 2192 δι
563 2145 791 2208 Χριστὸς
847 2146 972 2202 Θεὸς
1032 2145 1100 2194 ὧν
1182 2143 1442 2207 ἀληθινὸς,
1526 2147 1594 2206 ὡς
1663 2151 1942 2216 μονογενὴς

336 2231 475 2294 Υἱός,
505 2234 593 2280 καὶ
617 2235 782 2299 Λόγος
810 2238 902 2281 τοῦ
933 2229 1171 2304 ἀνάρχου
1205 2236 1431 2306 Πατρός,
1472 2238 1647 2305 γέγονε
1693 2231 1767 2285 δι’
1801 2235 1940 2306 ἡμᾶς

334 2319 609 2392 ἄνθρωπος
663 2320 799 2370 κατὰ
855 2318 1118 2379 ἀλήθειαν,
1173 2327 1262 2373 καὶ
1317 2321 1376 2373 οὐ
1432 2326 1568 2374 κατά
1629 2328 1936 2394 φαντασίαν,

333 2412 516 2479 μείνας
543 2409 664 2481 ὅπερ
697 2409 782 2475 ἧν,
823 2413 913 2460 καὶ
961 2412 1020 2461 τό
1075 2406 1215 2470 εἶδος
1265 2419 1361 2472 τῆς
1411 2409 1731 2486 ἀνθρωπείας
1779 2412 1940 2464 αὐτοῦ

333 2504 538 2569 μορφῆς
598 2498 1033 2569 καθιστοροῦμεν,
1100 2503 1190 2550 καὶ
1239 2509 1467 2572 τιμῶμεν
1517 2502 1585 2561 ὡς
1632 2501 1800 2572 ἅγιονο
1860 2505 1940 2554 ὅτι

332 2583 474 2637 καὶὸ
504 2589 735 2659 Χριστὸς
786 2590 1060 2658 πανάγιος.
1120 2587 1341 2661 Ὀμοίως
1394 2586 1452 2641 δε
1501 2598 1648 2642 τοῦτο
1695 2599 1939 2663 ποιοῦμεν

334 2681 427 2725 καὶ
459 2673 543 2726 ἰπὶ
598 2684 698 2726 τῶν
748 2673 910 2727 ἄλλων
963 2676 1145 2747 ἁγίων,
1194 2677 1324 2729 ἀλλὰ
1372 2684 1459 2730 καὶ
1527 2687 1795 2750 τιμῶντες,
1852 2686 1940 2732 καὶ

1526 2147 1594 2206 ὡς

335 2771 745 2837 προσκυνοῦντες
772 2768 863 2827 τὰς
908 2765 1063 2837 ἁγίας
1117 2766 1317 2828 εἰκόνας
1377 2764 1469 2820 διὰ
1513 2773 1608 2829 τὴς
1663 2777 1762 2820 τῶν
1803 2790 1940 2843 πρω-

335 2857 572 2906 τοτῦπων
597 2855 902 2925 ὁμοιότητα,
935 2855 1041 2928 οῦχ
1090 2859 1156 2918 ὡς
1216 2859 1362 2918 θεοὺς
1413 2861 1607 2920 ταύτας
1663 2858 1939 2930 σεϐόμεθα,

340 2946 414 3014 μὴ
495 2946 714 3014 γένοιτο·
792 2942 919 2996 ἀλλὰ
993 2950 1083 2997 καὶ
1147 2944 1429 3017 ἀναθέματι
1485 2946 1942 3020 καθυποϐςίλλομεν

337 3036 459 3093 τοῦς
487 3038 559 3092 εἰς
603 3040 756 3084 τουτο
808 3041 1256 3105 συκοφαντοῦντας
1301 3036 1456 3107 ἡμᾶς·
1514 3035 1622 3088 ἐπεὶ
1663 3044 1754 3088 τοῦ
1815 3045 1940 3111 Χρι-

341 3121 469 3171 στοῦ
512 3120 924 3194 ὑπεξῃρημένου,
975 3118 1100 3174 οῦδί
1142 3122 1277 3175 αὐτὰ
1315 3126 1382 3175 τὰ
1409 3132 1507 3175 τῶν
1539 3122 1700 3194 ἁγίων
1734 3126 1941 3177 εἰκόνων

336 3214 657 3280 πρωτότυπα
722 3212 866 3272 θεοὺς
925 3215 1062 3263 κατὰ
1134 3215 1288 3284 φῦσιν
1355 3215 1644 3284 ἡγούμεθα·
1725 3210 1942 3274 δούλους
1976 3258 2014 3311 C

354 3292 389 3311 ιι
480 3294 550 3311 οἱ.
799 3303 809 3311 ι
1002 3306 1019 3311 -
1071 3307 1094 3311 Α
1178 3307 1192 3311 _
1337 3305 1344 3311 ι
1411 3298 1422 3311 I
1560 3309 1567 3311 _
1782 3302 1793 3311 ι
1873 3307 1881 3311 -

339 3292 400 3348 δί
429 3294 618 3367 μᾶλλον
647 3303 900 3368 γνησίους
928 3306 1021 3350 τοῦ
1060 3307 1214 3364 Θεοῦ,
1263 3305 1352 3351 καὶ
1401 3298 1677 3372 ἀγαπῶμεν
1732 3302 1940 3364 αὐτοὺς,

343 3382 489 3438 διότι
525 3383 573 3437 ἓν
615 3385 833 3459 ἀληθείᾳ
877 3393 966 3440 τόν
1019 3392 1148 3441 Θεὸν
1194 3389 1496 3459 ἠγάπησαν,
1544 3394 1633 3442 καὶ
1673 3393 1940 3462 ’πιμῶμεν,

336 3474 434 3545 ἐφ’·
465 3476 543 3535 οἷς
601 3476 728 3548 ὑπερ
780 3485 874 3538 τῆς
927 3485 1080 3550 τιμῆς
1130 3484 1222 3529 τοῦ
1278 3484 1514 3550 Χριστοῦ
1564 3483 1728 3550 μέχρι
1774 3478 1945 3540 τέλους

339 3563 695 3634 ἠγωνίσαντο.

409 3653 572 3706 Πάλιν
605 3651 693 3707 οὖν
737 3654 910 3727 ἐρωτῶ
959 3675 1035 3708 σε·
1086 3661 1174 3716 Τίς
1222 3655 1363 3708 ἔστιν
1406 3659 1432 3708 ό
1470 3656 1651 3728 λέγων·
1716 3659 1841 3709 «Τὰ
1880 3661 1960 3711 εἷο.

338 3739 486 3794 δωλα
517 3753 618 3795 τῶν
647 3742 803 3796 ἐθνῶν
835 3743 1084 3819 ἀργύριον
1111 3750 1200 3797 καὶ
1226 3752 1473 3819 χρυσίον,
1506 3768 1533 3795 ››
1557 3751 1640 3798 xei
1671 3750 1737 3798 τὰ
1785 3745 1905 3808 ἑξῆς
1930 3762 1944 3810 ;

332 3832 396 3884 Ὀ
423 3829 613 3895 Δαυῑδ,
645 3836 852 3895 πάντως
881 3832 1028 3906 ἐρεῖς.
1069 3835 1235 3897 Αὐτός
1268 3831 1326 3886 δὲ
1371 3837 1396 3886 ό
1449 3833 1615 3888 Δαυιδ
1655 3841 1806 3888 ποίου
1866 3849 1944 3887 νο-

336 3941 440 3994 μου
503 3923 744 3994 μαθητὴς
791 3942 846 3974 τε
900 3919 962 3980 ἧν
1016 3930 1104 3976 καὶ
1162 3921 1448 3998 λατρευτὴς
1491 3943 1504 3993 ;
1551 3932 1655 3977 Τοῦ
1721 3925 1945 3977 παλαιοῦ

337 4014 428 4062 καὶ
448 4007 731 4072 πιώδους,
765 4011 794 4070 ᾖ
845 4018 937 4064 τοῦ
981 4016 1094 4064 νέου
1143 4019 1233 4065 καὶ
1281 4011 1632 4085 φωτοειδοῦςς
1687 4021 1791 4066 Τοῦ
1848 4033 1945 4066 παν

335 4099 488 4151 λαιοῦ
519 4108 764 4176 φανερῶς.
805 4105 906 4153 Καὶ
956 4109 1067 4161 πῶς
1111 4103 1136 4152 ὁ
1185 4102 1464 4174 Βογόμιλος
1532 4108 1596 4154 σὺ
1641 4106 1706 4154 τὰ
1763 4102 1946 4175 βιϐλία

335 4195 431 4240 τοῦ
465 4189 689 4241 παλαιοῦ
738 4209 898 4261 νομου
957 4189 1277 4254 ἓξοϐελίζων,
1335 4197 1426 4242 καὶ
1485 4197 1580 4249 τὴν
1637 4194 1945 4263 νομοθεσίαν

335 4277 533 4335 εκείνην
559 4287 652 4330 τοῦ
680 4288 910 4352 πονηροῦ
934 4279 1095 4350 λεγων
1129 4281 1277 4349 εἶναι,
1329 4278 1436 4331 ἀλλ’
1493 4281 1621 4352 οὐχὶ
1674 4289 1768 4332 τοῦ
1819 4281 1942 4352 ἀγα-

338 4369 432 4419 θοῦ
475 4375 628 4433 Θεοῦ,
691 4374 782 4421 καὶ
837 4373 1041 4421 πάντων
1096 4373 1289 4421 τούτων
1362 4373 1518 4441 σιγὴν
1575 4371 1947 4443 καταψηφισά-

334 4478 508 4530 μενος,
539 4464 692 4529 μόνον
724 4464 783 4511 τό
814 4461 1072 4530 τεμάχιον
1105 4468 1260 4511 τοῦτο
1319 4466 1420 4511 τῶν
1492 4465 1697 4531 στίχων
1753 4458 1945 4513 ἀποδι-

335 4547 785 4619 ελών,προτιίνεις
841 4552 1014 4620 ἠμιν;
1068 4556 1153 4602 Δεῖ
1204 4552 1306 4624 γάρ
1369 4569 1428 4602 σε
1477 4550 1591 4602 ὅλον
1643 4555 1730 4602 τόν
1793 4556 1946 4622 νόμον

333 4618 754 4699 καταδέξασθαι.
818 4638 847 4696 ἣ
881 4618 887 4620 ὴ
918 4636 1105 4690 ἇκείνον
1159 4618 1231 4710 μη
1278 4618 1738 4711 ’καταδεχόμενοι
1807 4618 1946 4710 μηδὲ
1981 4618 2022 4670 υ

333 4729 393 4777 τὸ
449 4724 895 4799 βραχυσύλλαϐον
964 4736 1117 4779 τοῦτο
1181 4724 1460 4800 διαψαλμα
1522 4725 1941 4790 καταδεξασθαι.

333 4817 590 4873 Ἀνόητον
632 4818 734 4888 γὰρ
773 4822 897 4888 μίαν
947 4815 1131 4869 ἀκτῖνα
1183 4816 1234 4880 ἐξ
1284 4818 1402 4869 ὃλου
1458 4826 1548 4870 τοῦ
1603 4818 1753 4876 ἡλίου
1805 4818 1926 4870 ἐπαι

335 4908 559 4957 νίσαντα
585 4905 939 4978 ὡς-λαμπροὲν,
968 4908 1039 4967 ὡς
1073 4903 1398 4980 χρυσοειδῆ,
1454 4917 1554 4959 τῶν
1603 4907 1767 4959 σίλλων
1819 4908 1946 4959 ὅλων

335 4993 559 5046 ἀκτίνων
616 4995 844 5067 ζόφωσιν
892 5005 1238 5067 καταγνῶναι.
1295 4997 1359 5048 Ἣ
1413 5006 1522 5058 πῶς
1585 4994 1792 5069 δυνήσῃ
1853 5006 1948 5059 τῆς

335 5091 461 5145 μιᾶς
485 5090 740 5154 πηγῆςτό
770 5086 937 5158 ῥεῦμα
984 5082 1170 5138 διελεῖν
1220 5090 1288 5146 ὡς
1339 5087 1505 5157 γλυκὺ
1566 5093 1655 5138 καὶ
1716 5093 1943 5160 πικρόν;

334 5181 509 5226 Τοῦτο
537 5171 595 5226 δι
631 5184 741 5234 πῶς
785 5176 911 5226 ἑκών
963 5181 1335 5250 παρατρέχεις,
1388 5178 1464 5228 ὃτι
1521 5179 1545 5227 ό
1596 5177 1817 5237 παλαιός
1863 5184 1946 5228 νό-

333 5284 456 5336 μος,
490 5263 679 5334 μᾶλλον
712 5260 770 5316 δὲ
801 5265 826 5314 ό
858 5263 906 5315 ἰν
951 5265 1024 5334 τῷ
1071 5270 1212 5336 νόμῳ
1263 5265 1492 5325 λαλήσας
1534 5265 1772 5325 ἀληθινός
1817 5271 1950 5325 Θεὸς

337 5349 742 5424 διαταττόμενος
773 5361 844 5423 τῷ
893 5353 1109 5428 Ἰσραὴλ
1154 5359 1243 5405 καὶ
1293 5354 1474 5425 λέγων,
1504 5378 1522 5403 ε
1578 5355 1654 5406 Οῦ
1709 5360 1950 5416 ποιήσεις

332 5449 439 5495 πᾶν
480 5444 722 5513 ὁμοίωμα
761 5445 876 5495 οὔτε
933 5452 1032 5494 τῶν
1091 5443 1139 5494 ἐν
1187 5444 1408 5515 οὐρανῷ,
1466 5448 1582 5496 οὔτε
1638 5454 1737 5495 τῶν
1786 5443 1832 5496 ἐν
1884 5454 1944 5504 τῆ

331 5541 432 5604 γῇ,
467 5534 538 5583 »ὁ
574 5532 729 5593 αὐτὸς
779 5529 1057 5596 διετάξατο
1099 5529 1198 5585 δύο
1243 5532 1510 5608 Χερουϐὶμ
1550 5532 1951 5586 κατασκευάσαι

415 5757 464 5792 ⁸³
503 5757 550 5812 ll
583 5756 714 5814 Cor.
742 5773 821 5829 v1,
854 5760 940 5813 14.
1055 5758 1104 5792 ⁶⁰
1129 5758 1286 5814 Psal.
1322 5774 1472 5823 exui,
1503 5762 1556 5840 4.

1742 420 1834 478 DE
1879 405 2300 480 ﬂammeus.

3591 426 3695 478 670

2046 546 2260 602 mentis
2290 551 2396 614 est,
2419 550 2485 603 ut
2505 562 2640 602 cum
2668 546 2750 602 dii
2775 548 3041 617 gentium
3094 547 3395 604 daemonia
3458 547 3694 612 fuerint,

2045 649 2239 707 neque
2274 651 2384 690 vos
2423 635 2731 691 honoretis
2752 637 2958 700 Deum,
2987 652 3063 692 ne
3084 637 3452 692 censeamini
3473 636 3696 691 daemo-

2045 739 2191 778 num
2212 723 2488 788 cultores,
2522 723 2626 778 sed
2648 724 2806 778 athei
2839 724 2984 778 sitis.
3023 725 3078 778 Si
3110 739 3252 779 vero
3283 724 3396 778 hoc
3448 724 3692 779 atheum

2046 818 2103 867 et
2127 811 2376 883 impium
2403 816 2506 882 est,
2532 811 2745 867 eadem
2768 828 3010 883 quoque
3035 813 3186 868 ratio
3208 812 3315 867 erit
3340 811 3696 881 imaginum.

2048 899 2298 955 Gentiles
2323 901 2482 955 enim
2508 900 2856 955 daemonum
2882 900 3108 956 formas
3167 900 3527 964 adorabant,
3588 915 3700 954 nos

2047 989 2256 1044 Christi
2277 994 2328 1043 et
2354 996 2697 1044 sanctorum
2727 989 2880 1058 ejus.
2909 991 3085 1055 nouae
3112 989 3321 1060 (enim)
3382 989 3700 1060 participa-

2051 1078 2130 1132 tio
2158 1077 2274 1133 luci
2306 1079 2382 1133 ad
2406 1079 2704 1137 tenebras,
2730 1078 2821 1133 vel
2852 1093 2988 1150 quae
3011 1078 3327 1134 conventio
3351 1078 3578 1134 Christo
3623 1076 3700 1132 ad

2051 1166 2232 1222 Belial
2265 1168 2311 1202 ⁵⁸
2355 1167 2417 1221 Ῠ»

2126 1256 2178 1312 Si
2205 1255 2489 1322 igiturlux
2505 1263 2557 1310 et
2582 1255 2835 1310 tenebrae
2879 1272 3066 1310 unum
3098 1261 3155 1310 et
3183 1255 3341 1310 idem
3375 1259 3534 1322 sunt,
3563 1260 3703 1310 tunc

2053 1343 2256 1399 itidem
2273 1345 2472 1413 imago
2498 1345 2704 1398 Christe
2729 1353 2780 1398 et
2804 1344 3030 1398 idolum
3052 1360 3238 1398 unum
3253 1353 3309 1398 et
3326 1344 3482 1398 idem
3500 1347 3694 1407 erunt;

2055 1431 2158 1486 sed
2181 1433 2238 1487 in
2267 1433 2619 1488 sceleratum
2650 1439 2815 1486 tuum
2843 1437 3043 1502 caput,
3071 1439 3155 1486 ter
3175 1430 3543 1487 exsecrande
3593 1432 3702 1485 Bo-

2055 1520 2293 1590 gomile,
2327 1520 2454 1574 haec
2486 1521 2860 1592 blasphemia
2890 1525 3147 1590 expetat.
3188 1521 3385 1574 Disces
3439 1520 3635 1588 igitur,
3668 1534 3704 1573 o

2052 1609 2244 1664 hostis
2285 1611 2565 1677 veritatis,
2608 1609 2918 1664 veritatem
2963 1615 3168 1676 gentes
3214 1608 3345 1663 illas
3380 1609 3703 1663 multorum

2054 1698 2304 1753 deorum
2334 1698 2604 1753 cultrices
2634 1704 2687 1752 et
2709 1698 2940 1764 atheas,
2972 1698 3320 1752 daamonum
3402 1697 3704 1770 sculptiles

2057 1787 2474 1842 similitudines
2514 1786 2800 1851 effecisse,
2835 1786 3042 1856 eisque
3075 1792 3134 1840 ut
3165 1785 3278 1840 diis
3321 1785 3591 1852 servisse,
3649 1790 3706 1840 et

2054 1877 2186 1930 vita!
2220 1892 2342 1929 suae
2387 1880 2708 1940 curatores,
2770 1873 2904 1929 vitae
2963 1881 3234 1946 expertes
3295 1875 3701 1939 constituisse,

2053 1970 2340 2035 erantque
2367 1963 2543 2018 simul
2574 1969 2630 2018 et
2648 1969 2969 2035 prototypa
2992 1971 3046 2018 et
3098 1961 3532 2030 similitudines,
3588 1964 3706 2017 das-

2052 2071 2267 2110 mones
2298 2061 2351 2107 et
2377 2053 2726 2110 damonum
2755 2053 3003 2121 efﬁgies.
3058 2053 3321 2108 Christus
3371 2070 3508 2109 vero
3565 2069 3702 2109 cum

2051 2147 2228 2200 verus
2258 2144 2412 2198 Deus
2444 2143 2535 2208 sit,
2565 2149 2854 2215 tanquam
2889 2144 3228 2214 unigenitus
3260 2142 3435 2198 Filius
3470 2149 3527 2197 et
3575 2144 3715 2198 Ver-'

2050 2233 2194 2288 bum
2227 2233 2413 2287 Patris
2444 2232 2738 2304 principio
2778 2233 3055 2290 carentis.
3116 2231 3311 2286 {actus
3381 2238 3468 2286 est
3521 2232 3705 2286 homo

2051 2327 2294 2394 propter
2318 2336 2429 2376 nos
2459 2320 2793 2375 secundum
2822 2321 3149 2380 veritatem,
3201 2325 3258 2375 et
3293 2336 3416 2375 non
3472 2327 3706 2375 tantum

2051 2410 2424 2480 imaginarie.
2457 2425 2711 2464 manens
2742 2408 2799 2464 id
2828 2408 2994 2481 quod
3009 2410 3557 2481 erat,speciemque
3595 2409 3707 2464 hu-

2053 2515 2249 2555 manas
2280 2499 2466 2571 ipsius
2480 2498 2687 2553 formas
2710 2499 3104 2570 exprimimus
3141 2505 3198 2553 et
3218 2498 3615 2560 honoramus,
3644 2500 3710 2552 ut

2052 2595 2346 2649 sanctam.
2369 2587 2513 2659 quia
2534 2587 2865 2642 ethristus
2882 2587 3298 2642 sanctissimus
3331 2592 3439 2642 est.
3477 2588 3637 2642 Idem
3652 2591 3710 2641 et

2050 2678 2111 2733 in
2138 2677 2364 2732 caeteris
2396 2676 2619 2730 sanctis
2651 2681 3029 2746 praestamus,
3072 2676 3436 2731 honorando
3485 2682 3540 2730 et
3569 2675 3706 2731 ado-

2050 2766 2242 2821 rando
2257 2771 2494 2820 sanctas
2521 2766 2815 2833 imagines
2830 2772 3072 2837 propter
3084 2766 3518 2838 exemplarium
3549 2764 3712 2819 simi-

2050 2853 2385 2911 litudinem.
2417 2858 2527 2910 Nec
2560 2854 2790 2910 utdeos
2811 2855 2958 2909 istas
2996 2854 3272 2920 colimus,
3319 2854 3516 2910 absit!
3564 2854 3711 2925 quin

2053 2950 2109 2999 et
2137 2944 2506 3000 anathemati
2539 2943 2895 3013 subjicimus
2937 2943 3090 3006 illos,
3135 2942 3240 3016 qui
3289 2943 3448 2998 hanc
3487 2943 3712 2998 calum-

2052 3035 2216 3090 niam
2240 3033 2725 3103 nobisirrogant;
2751 3049 2888 3087 cum
2926 3033 3153 3088 Christo
3198 3038 3464 3105 excepto,
3515 3048 3712 3105 neque

2053 3126 2187 3195 ipsa
2204 3129 2549 3178 sanctarum
2573 3122 2910 3192 imaginum
2930 3125 3274 3194 prototypa,
3300 3123 3450 3177 deos
3497 3129 3714 3178 natura

2055 3210 2552 3267 suaarbitremur:
2579 3211 2681 3265 sed
2727 3211 2928 3282 potius
2961 3210 3284 3278 legitimos
3337 3211 3435 3266 Dei
3483 3227 3710 3281 servos,

2056 3316 2460 3372 amamusque
2491 3299 2835 3371 illos,quod
2853 3300 2912 3353 in
2933 3299 3176 3354 veritate
3210 3302 3396 3354 Deum
3432 3301 3709 3366 amariut,

2054 3390 2522 3454 ethonoramus,
2545 3387 2710 3462 quod
2749 3404 2860 3460 pro
2909 3387 3102 3457 gloria
3140 3388 3350 3444 Christi
3405 3405 3602 3461 usque
3635 3389 3713 3444 ad

2053 3478 2236 3533 ﬁnem
2255 3478 2629 3534 decertarint.

2127 3661 2343 3711 lterum
2398 3672 2541 3728 ergo
2578 3657 2880 3726 interrogo
2939 3661 3012 3711 te:
3058 3654 3197 3721 Quis
3250 3660 3357 3722 est,
3418 3655 3521 3727 qui
3571 3655 3717 3711 dicit

2058 3744 2268 3801 «idola
2288 3745 2555 3815 gentium
2580 3750 2894 3816 argentum
2919 3750 2973 3799 et
3009 3760 3227 3799 aurum
3272 3760 3405 3798 esse
3450 3746 3498 3779 σθ
3551 3745 3606 3798 2»
3658 3748 3716 3799 et

2056 3843 2270 3891 caetera
2290 3852 2426 3908 qua;
2456 3841 2811 3908 sequuntur.
2839 3834 3046 3902 David,
3066 3835 3322 3906 inquies.
3379 3834 3510 3906 lpse
3572 3851 3716 3890 vero

2057 3925 2242 3980 David
2267 3925 2440 3996 cujus
2468 3926 2614 3994 legis
2645 3925 2978 3997 discipulus
2995 3928 3051 3979 et
3073 3923 3528 3980 cultorexstitit?
3563 3926 3714 3979 Num

2054 4015 2270 4069 veteris
2291 4020 2349 4070 et
2376 4014 2734 4077 umbratilis,
2769 4030 2844 4069 an
2877 4030 3047 4069 novae
3093 4013 3372 4085 clareque
3437 4011 3719 4070 lucentis?

2056 4105 2275 4160 Veteris
2296 4104 3115 4176 certe.thuomodotu.qui
3203 4102 3545 4172 Bogomilus
3627 4118 3713 4171 es,

2055 4193 2239 4248 libros
2266 4194 2481 4249 veteris
2509 4193 2655 4258 legis
2678 4209 3056 4263 expungens,
3075 4198 3380 4265 totamque
3402 4191 3717 4259 legislatio-

2056 4299 2193 4338 nem
2210 4283 2372 4338 illam
2393 4300 2426 4337 a
2443 4282 2731 4354 maligno,
2754 4298 2872 4337 non
2897 4299 2932 4336 a
2948 4283 3107 4336 bono
3130 4285 3244 4336 Deo
3258 4281 3588 4353 profectam
3625 4297 3720 4335 as-

2059 4387 2359 4437 severans,
2383 4379 2432 4424 et
2458 4372 2663 4426 omnia
2685 4371 2784 4426 illa
2806 4370 3036 4426 silentio
3055 4370 3493 4432 condemnans,
3520 4370 3718 4424 solum

2054 4461 2169 4516 hoc
2193 4461 2512 4516 frustillum
2528 4477 2810 4516 versuum
2836 4460 3173 4515 abscissum
3195 4458 3369 4514 nobis
3385 4458 3674 4530 proponis
3691 4460 3717 4512 ‘?

2056 4550 2544 4622 Oportetenimte
2568 4554 2750 4604 totam
2775 4549 2967 4612 legem
3007 4547 3289 4619 recipere,
3327 4547 3422 4602 vel
3465 4549 3510 4602 si
3557 4547 3720 4602 illam

2056 4654 2177 4693 non
2197 4638 2431 4709 recipis,
2448 4653 2642 4710 neque
2667 4638 2826 4693 hunc
2853 4652 3186 4708 paucarum
3206 4635 3578 4708 syllabarum
3600 4652 3720 4690 ver-

2060 4728 2312 4783 siculum
2341 4728 2700 4799 approbare.
2732 4727 2984 4783 Stultum
3010 4733 3098 4782 est
3126 4728 3284 4780 enim
3327 4743 3511 4780 unum
3567 4725 3721 4779 dun-

2058 4822 2225 4872 taxat
2255 4816 2491 4871 radium
2520 4833 2590 4870 ex
2615 4821 2739 4871 toto
2772 4816 2918 4873 sole.
2953 4823 3014 4870 ut
3039 4815 3521 4887 splendidum.et
3544 4821 3714 4870 utau-

2056 4906 2297 4962 riﬂuum
2322 4905 2590 4971 laudare,
2646 4906 2891 4978 reliquis
2944 4905 3228 4960 omnibus
3279 4911 3339 4958 ut
3384 4905 3726 4966 caliginosis

2060 4997 2498 5052 condemnatis.
2530 4997 2627 5051 Vel
2650 4997 2961 5068 quomodo
2986 5001 3155 5068 poste
3174 4995 3353 5048 unius
3376 5001 3431 5049 et
3453 4995 3726 5065 ejusdem

2060 5088 2238 5142 fontis
2263 5104 2484 5156 aquam
2515 5077 2751 5140 dulcem
2774 5093 2826 5139 et
2851 5102 3122 5139 amaram
3151 5071 3550 5139 internoScere
3589 5085 3617 5138 ?
3667 5089 3728 5140 Et

2059 5193 2179 5248 qua
2207 5177 2453 5231 tandem
2490 5176 2719 5230 ratione
2749 5175 2958 5229 voleus
2990 5175 3304 5245 libensque
3337 5174 3451 5228 hoc
3482 5165 3723 5244 printer-

2061 5265 2244 5319 volas:
2277 5265 2564 5318 nimirum
2587 5270 2842 5317 veterem
2876 5263 3092 5326 legem,
3124 5262 3214 5316 vel
3272 5262 3474 5333 potius
3542 5265 3728 5317 Deum

2061 5370 2291 5419 verum,
2318 5353 2422 5424 qui
2445 5353 2500 5407 in
2529 5359 2722 5406 vetere
2745 5351 2874 5408 lege
2899 5352 3130 5406 locutus
3149 5359 3236 5405 est
3255 5353 3356 5422 qui
3375 5352 3728 5406 mandando

2062 5443 2259 5497 lsracli
2286 5443 2398 5496 hoc
2423 5443 2722 5514 praecepit:
2782 5445 2952 5496 «Non
3016 5440 3198 5495 facies
3242 5457 3485 5494 omnem
3526 5441 3730 5494 simili-

2064 5533 2356 5596 tudinem,
2376 5548 2570 5603 neque
2586 5548 2818 5596 eorum,
2853 5531 3061 5602 quaein
3085 5530 3259 5595 crelo,
3277 5546 3471 5602 neque
3497 5547 3728 5599 eorum,
