4468 6450
311 402 426 486 ’673

1710 415 1801 484 nt:
1841 407 2270 484 nummatis.

3571 414 3675 486 s74

319 572 514 642 φαγίαν
552 565 890 630 ἀσπάζεσθαι
913 569 1034 624 καθ’
1063 570 1200 646 ὥραν
1231 569 1440 630 ἐνναέτην
1464 591 1478 606 ο
1539 574 1629 624 καὶ
1683 575 1772 621 νῦν
1828 563 1918 620 αὖε
1951 573 1995 624 Α
2027 582 2083 624 m

1912 597 1918 609 ι
1951 573 1995 624 Α
2027 582 2269 626 moneo.
2293 571 2358 626 tn
2386 568 2502 627 hoc
2530 569 2692 626 enim
2712 568 2984 627 consistit
2997 566 3300 641 jejunium
3323 571 3386 626 ut
3406 569 3594 626 serius
3613 571 3676 628 in

321 658 400 718 θις
441 662 560 732 περὶ
615 660 800 711 τούτου
870 663 965 718 τὴν
1032 659 1279 735 ὑμετέραν
1354 658 1564 733 ἀγάπην
1609 655 1917 731 παρακαλῶ.

315 752 487 800 Τοῦτο
513 749 617 820 γάρ
645 744 756 800 ἔστι
783 753 1016 819 νηστεία,
1059 750 1090 806 ἡ
1150 753 1271 822 περὶ
1327 753 1387 802 τό
1441 745 1765 824 βραδύτερον
1824 752 1920 805 τῆς

2026 655 2123 712 die
2151 657 2342 729 cibus,
2375 657 2546 730 isque
2579 657 2900 716 mediocris
2933 663 3227 714 sumatur.
3259 657 3433 724 Quod
3478 657 3527 715 si
3553 673 3677 715 non

2026 746 2110 803 ita
2139 747 2292 819 agis,
2311 747 2417 805 sed
2436 753 2723 806 consueta
2751 748 2898 806 hora
2923 749 3275 815 manducas,
3305 764 3427 805 non
3447 753 3536 805 est
3561 749 3679 805 hoc

317 837 514 909 ἡμέρας
543 841 731 908 μετρία
778 842 958 910 τροφή.
1010 837 1071 891 Εἰ
1110 834 1164 890 δ’
1212 838 1318 910 οὐχ
1366 840 1501 890 οὑτω
1550 845 1734 906 ποιεῖς,
1793 833 1921 886 ἀλλὰ
2022 835 2081 907 je

1916 854 1921 885 ι
2022 835 2617 908 jejuniiobservatio.
2650 837 2752 895 sed
2799 837 3155 903 dissolutio;
3203 837 3437 894 etiamsi
3467 852 3680 894 mensa

315 927 458 976 κατὰ
487 928 580 982 την
612 926 813 984 συνήθη
846 925 999 978 πάλιν
1038 928 1176 1000 ὥραν
1217 925 1430 996 έσθίεις,
1479 932 1716 986 νηστείας
1767 931 1920 976 τοῦτο

315 1011 632 1078 κατάλυσις,
670 1013 800 1085 οὐχὶ
859 1017 1135 1080 σύστασις,
1179 1015 1274 1068 κᾶν
1326 1025 1427 1068 τῶν
1471 1014 1681 1068 εὐτελῶν
1711 1015 1740 1072 ἡ
1792 1015 1920 1087 τρά-

315 1105 455 1164 πεζα
485 1105 584 1170 εἴη,
627 1107 716 1155 καὶ
762 1110 865 1155 τῶν
896 1102 1204 1179 έιπερίττων.
1235 1101 1378 1158 Ούδε
1414 1107 1516 1180 γὰρ
1575 1107 1656 1157 ὅτι
1708 1101 1920 1174 ἀπέχεις

313 1198 502 1264 κρεῶν,
558 1187 666 1249 ἤδη
725 1196 816 1255 καὶ
876 1197 1120 1252 νηστείαν
1171 1196 1350 1266 ἄγεις·
1413 1198 1484 1267 μη
1537 1192 1737 1263 ἀπατῶ,
1795 1189 1921 1243 ἀλλὰ

316 1274 403 1332 δεῖ
423 1298 482 1332 σε
506 1285 602 1338 τὴν
629 1285 864 1355 γαστέρα
925 1285 1026 1355 πρό
1050 1291 1145 1346 τῆς
1175 1285 1314 1356 ὧρας
1356 1282 1426 1345 εἰς
1503 1281 1704 1356 βρῶσιν
1752 1280 1920 1354 ὀργῶ.

320 1386 414 1420 σον
453 1366 694 1442 έπέχειν,
741 1369 930 1433 Δοῦλος
960 1368 1132 1424 εἰτοῦ
1191 1379 1444 1443 Χριστοῦ.
1513 1376 1770 1445 Πρότερον
1825 1387 1920 1422 σου

312 1459 402 1509 τόν
442 1461 707 1516 Δισπότην
735 1460 1086 1532 θεράπευσον
1117 1463 1424 1533 παράστηθι
1465 1464 1917 1537 προσευχόμενος·

317 1541 411 1605 δὸς
450 1544 592 1616 αὐτῷ
631 1553 812 1618 ταγεῖν
877 1551 972 1606 τὴν
1031 1545 1286 1623 φροντίδα
1341 1556 1436 1612 τῆς
1482 1557 1582 1611 σῆς
1635 1552 1918 1623 σωτηρίας·

317 1637 517 1696 ταύτης
540 1635 642 1708 γὰρ
684 1631 893 1710 σφόδρα
938 1641 1108 1707 πεινᾷ.
1149 1636 1260 1690 Εἶθ’
1317 1639 1453 1690 οὕτω
1513 1639 1746 1711 τράπηθι
1793 1639 1924 1710 πρὸς

314 1727 414 1781 τὴν
453 1729 549 1786 τῆς
590 1731 684 1784 σῆς
720 1729 951 1798 γαστρὸς
1001 1723 1313 1799 ὶπιμιέλειαν.
1371 1726 1430 1780 εἰ
1492 1722 1551 1779 δε
1594 1729 1790 1783 ταύτην
1831 1733 1922 1778 τοῦ

318 1820 419 1880 σοῦ
448 1817 711 1866 Δεσπότου
739 1817 1118 1890 προτιμοτέραν
1165 1817 1294 1888 ἡγῇ,
1324 1815 1418 1868 ούκ
1475 1813 1522 1868 εἶ
1588 1811 1921 1888 Χριστόδουο

313 1900 423 1967 λος,
457 1901 586 1955 ἀλλὰ
611 1900 987 1967 κοιλιόδουλος.
1034 1910 1134 1960 Καὶ
1173 1914 1326 1959 τοῦτο
1363 1908 1584 1960 πάντοτε
1611 1909 1702 1979 μιν
1757 1911 1920 1957 ποιεῖν
1958 1921 1998 1976 Β

314 1990 604 2064 ὀφείλομεν,
659 1996 823 2046 εῖτουν
876 1996 1240 2068 προτιμᾶσθαι
1308 1999 1404 2054 τὴν
1457 1998 1594 2050 θείαν
1641 1996 1922 2070 παράσταο

318 2099 424 2146 σιν,
466 2087 558 2134 καὶ
589 2078 896 2154 δοξολογίαν
937 2091 1030 2145 τῆς
1070 2092 1372 2157 σωματικῆς
1427 2092 1620 2159 τροφῆς
1643 2105 1655 2118 ·
1695 2083 1801 2136 ἀλλ’
1841 2085 1924 2136 ὃτι

317 2168 554 2233 ἀσθενεῖς
617 2170 768 2244 έσμεν
841 2171 1033 2245 μᾶλλον
1099 2169 1160 2226 δί
1220 2174 1451 2248 ῥᾴθυμοι
1520 2178 1606 2226 καὶ
1655 2172 1918 2244 νωγελεῖς.

318 2256 430 2311 Κᾶν
467 2266 594 2330 γοῦν
633 2259 682 2312 έν
720 2267 832 2322 ταῖς
895 2265 1174 2335 νηστίμοις
1225 2266 1446 2326 ταύταις
1501 2265 1721 2336 ἡμέραις
1768 2271 1922 2314 τοῦτο

317 2353 646 2421 ποιήσωμεν,
695 2355 784 2402 καὶ
815 2355 1077 2423 στήσομεν
1130 2355 1190 2403 τό
1246 2353 1363 2405 καθ’
1395 2355 1540 2426 ἡμῶν
1588 2348 1786 2412 ὄνειδος
1823 2359 1923 2403 τῶν

321 2441 581 2507 Λατίνων,
623 2438 650 2490 ὃ
677 2443 914 2514 περὶτῆς
961 2436 1216 2512 διφαγίας
1258 2442 1385 2513 ἡμῖν
1436 2439 1743 2514 ἐπάγουσιν,
1784 2441 1924 2504 ἅπαξ

318 2533 420 2589 τῆς
448 2529 642 2601 ἡμέρας
661 2533 752 2580 καὶ
779 2525 1105 2605 βραδύτερον
1138 2529 1411 2592 ἐσθίοντες.

394 2614 532 2668 Ἀλλ’
562 2615 745 2670 έκεῖνοί
775 2635 948 2690 φασιν,
973 2637 988 2652 ·
1037 2619 1096 2672 Εἰ
1123 2624 1214 2672 καὶ
1268 2617 1595 2693 βραδύτερον
1642 2623 1768 2695 πρός
1811 2637 1926 2694 τρο-

321 2709 425 2778 γην
473 2709 767 2779 τρέπονται,
828 2706 956 2759 ἀλλὰ
1011 2713 1100 2761 καί
1149 2705 1477 2784 βραδύτερον
1516 2717 1611 2772 τῆς
1663 2710 1927 2783 τραπέζης

320 2792 642 2866 ἀνιστάντες,
723 2793 1075 2870 λιπαρώτερον
1144 2801 1204 2849 τό
1290 2797 1613 2874 έστιατόριον
1693 2801 1923 2871 ἔχοντες,

319 2879 530 2957 φύρδην
559 2885 690 2957 ὁμοῦ
718 2885 934 2957 ἰχθύας,
973 2886 1202 2959 λάχανα,
1249 2891 1448 2962 ὄσπρια
1505 2886 1658 2958 έλαίῳ
1691 2887 1927 2940 λιπαινό-

315 2990 449 3044 μενα
475 2973 593 3026 καθ’
620 2973 844 3032 ἑκάστην
905 2979 1228 3049 κατακόρως,
1277 2975 1555 3045 έσθίοντες,
1586 2979 1721 3030 ὥστε
1753 2976 1924 3049 σχολῇ

313 3062 375 3132 γ’
401 3059 464 3113 ἆν
501 3067 619 3137 περὶ
671 3066 730 3115 τό
782 3071 875 3124 τῆς
909 3064 1089 3137 αὔριον
1129 3061 1454 3138 βραδύτερον
1511 3069 1578 3118 τὰ
1627 3063 1931 3139 βεϐρωμένα

314 3154 448 3224 πρὸς
524 3150 682 3223 πέψιν
751 3150 932 3206 έλθεῖνο
977 3152 1173 3226 Ἐπέχε
1221 3158 1314 3213 τήν
1364 3154 1620 3227 γλῶτταν,
1670 3157 1927 3229 ἄνθρωπε,

313 3243 450 3314 πρός
482 3244 604 3303 τούς
630 3239 838 3330 λόγους,
877 3245 948 3304 ὡς
977 3247 1068 3295 καὶ
1101 3247 1228 3319 πρός
1259 3248 1353 3302 τὴν
1385 3242 1587 3317 βρῶσιν
1634 3248 1693 3297 τὸ
1734 3248 1926 3316 στόμα,
1963 3275 2002 3330 C

317 3334 413 3381 καὶ
471 3331 496 3382 ὁ
551 3334 626 3402 μὴ
673 3328 861 3384 ἐσθίων
907 3334 972 3384 σὺ
1017 3335 1106 3384 τόν
1159 3330 1403 3387 έσθίοντα
1452 3337 1524 3406 μή
1579 3339 1739 3409 κρίνε.
1789 3333 1930 3391 Πλὴν

316 3417 419 3490 ὶγώ
441 3418 501 3471 ού
528 3417 662 3491 λέγω
692 3439 798 3487 σοι,
825 3418 987 3479 Ὀλην
1046 3426 1142 3480 τὴν
1184 3424 1517 3475 κατάστασιν
1557 3422 1791 3484 ζήλωσον
1833 3430 1929 3485 τῆς

317 3513 612 3567 Λατινικῆς
653 3513 921 3578 νηστείας,
962 3507 1092 3562 ἀλλὰ
1132 3513 1191 3562 τὸ
1235 3508 1284 3562 ἕν
1327 3510 1458 3583 αὐτῇ
1517 3512 1757 3564 ὁπωσοῦν
1806 3512 1928 3563 θεω-

315 3597 570 3670 ρούμενον
625 3594 841 3669 ἀγαθόν.
892 3595 1022 3651 Οἵδε
1049 3600 1152 3673 γὰρ
1205 3598 1454 3660 πολλάκις
1484 3601 1509 3652 ὁ
1568 3603 1824 3672 νουνεχης
1868 3598 1927 3651 ού

318 3687 516 3761 μικρὰν
591 3686 834 3758 ὠφέλειαν
902 3686 1273 3763 ἐκπορίζεσθαι
1348 3697 1440 3741 τοῦ
1486 3686 1684 3762 έχθρού
1730 3707 1784 3742 τε
1839 3693 1930 3741 καὶ

321 3770 646 3846 βλαπτικοῡ.
694 3774 856 3828 Ὀταν
903 3773 993 3829 οὖν
1053 3777 1179 3849 ἡμῖν
1244 3777 1270 3829 ὁ
1319 3780 1510 3852 Κύριος
1565 3777 1929 3851 παραγγέλλει,

322 3883 354 3912 η
389 3865 615 3932 Γίνεσθε,
647 3863 829 3936 λέγων,
866 3869 1106 3939 φρόνιμοι
1165 3867 1231 3926 ὡς
1265 3868 1314 3918 οἱ
1359 3869 1514 3938 ὄφεις,
1555 3872 1644 3918 καὶ
1697 3869 1932 3941 ἀκέραιοι

319 3953 390 4013 ὡς
423 3958 750 4027 περιστεραὶ,
787 3976 808 4003 ν
843 3954 974 4026 οὐχὶ
1008 3958 1066 4007 τό
1122 3953 1320 4007 ἰοϐόλον
1348 3960 1438 4008 καὶ
1470 3955 1791 4028 ἀναιρετικὸν
1839 3963 1933 4008 τοῦ

321 4045 486 4115 ὄφεως
530 4041 869 4117 ἕκμιμεῖσθαι
923 4046 1059 4117 ἡμᾶς
1115 4043 1477 4117 συμϐουλεύει,
1522 4041 1647 4099 οὐδὲ
1695 4048 1753 4098 τό
1780 4046 1934 4098 ἄνουν

397 4186 448 4221 ⁸⁸
473 4184 672 4243 latth.
702 4202 765 4256 κ,
797 4189 881 4243 ιο.

323 4326 510 4403 casei,
524 4327 975 4403 respondetque
995 4332 1215 4403 nostra:
1237 4330 1787 4403 Quinquagesimae.
1820 4331 1936 4388 Do-

325 4400 555 4480 minica
567 4400 706 4480 quae
727 4400 894 4457 hanc
905 4400 1696 4480 antecedit,_respondetque
1716 4407 1937 4480 nostra:

329 4473 1006 4556 Sexagesimaﬁocatur
1016 4489 1052 4529 a
1063 4473 1283 4556 Grgecis
1298 4473 1405 4556 ita,»
1415 4479 1536 4556 ius
1549 4473 1936 4556 rvi—setmupiou,

329 4557 441 4599 seu
453 4543 712 4615 imézpm,
729 4544 905 4615 quasi
920 4543 1111 4610 dicas,
1129 4543 1536 4615 Carnisprtvii
1550 4563 1564 4613 ;
1578 4551 1636 4601 et
1648 4551 1772 4602 tam
1784 4543 1934 4612 hinc,

2029 925 2176 981 cibis
2199 926 2477 982 tenuibus
2506 931 2563 984 et
2608 927 2858 983 minime
2888 925 3204 999 superﬂuis
3255 927 3328 982 sit
3355 931 3675 983 exstructa.

2031 1017 2156 1070 Non
2185 1014 2347 1072 enim
2372 1016 2487 1072 hoc
2511 1016 2662 1090 ipso,
2697 1014 2863 1089 quod
2891 1014 3174 1071 carnibus
3219 1014 3505 1082 abstines,
3529 1015 3680 1086 jeju-

2028 1102 2196 1158 nium
2227 1104 2551 1162 observas:
2575 1120 2649 1161 ne
2675 1104 2916 1170 fallaris,
2938 1104 3043 1160 sed
3071 1108 3305 1176 oportet
3333 1108 3385 1160 te
3407 1108 3677 1160 ventrem

2027 1196 2164 1248 ante
2179 1191 2394 1249 horam
2410 1193 2768 1266 praeﬁnitam
2781 1193 2948 1250 cibos
2963 1196 3344 1266 appetentem
3355 1193 3678 1250 continere.

2030 1283 2244 1338 Servus
2262 1282 2497 1338 Domini
2513 1299 2597 1339 es.
2619 1279 2788 1338 Prius
2805 1283 3124 1338 Dominum
3147 1286 3314 1337 tuum
3338 1298 3504 1338 cura.
3527 1283 3683 1338 Vaca

2029 1361 2305 1428 orationi.
2336 1375 2586 1445 Appone
2611 1370 2693 1428 illi
2723 1386 2932 1427 curam
2959 1369 3165 1427 salutis
3218 1375 3334 1426 tuae
3376 1371 3552 1443 quasi
3583 1386 3680 1427 co-

2031 1459 2415 1518 medendum.
2450 1463 2611 1517 Hanc
2631 1461 2791 1517 enim
2823 1460 3090 1516 esuriens
3110 1459 3343 1533 quaerit.
3372 1461 3499 1526 Quo
3525 1459 3682 1516 facto

2031 1549 2108 1606 ad
2136 1565 2347 1607 curam
2368 1549 2586 1606 ventris
2607 1549 2690 1605 tui
2709 1554 3072 1605 convertere.
3096 1547 3267 1614 Quod
3300 1548 3352 1603 si
3380 1548 3541 1604 hunc
3574 1550 3683 1603 Do-

2031 1638 2197 1695 mino
2243 1643 2346 1694 tuo
2396 1637 2719 1711 praeponis,
2773 1637 2940 1693 haud
2987 1637 3200 1693 Christi
3247 1636 3530 1702 famulus,
3577 1634 3684 1692 sed

2031 1727 2400 1800 mancipium
2417 1727 2634 1783 ventris
2651 1725 3051 1800 appellandus
3068 1727 3202 1782 eris.
3223 1728 3286 1782 Et
3306 1726 3421 1782 hoc
3437 1725 3684 1798 quidem

2033 1831 2273 1889 semper
2298 1815 2492 1873 facere
2516 1814 2831 1883 debemus,
2853 1830 3072 1886 nempe
3092 1814 3359 1871 divinum
3382 1814 3608 1870 cultum
3629 1821 3687 1869 et

2032 1905 2475 1962 venerationem
2506 1903 2804 1976 corporali
2832 1902 3200 1960 nutrimento
3229 1902 3508 1976 praeferre
3533 1946 3547 1971 ,
3580 1900 3688 1958 sed

2030 1993 2252 2050 inﬁmi
2284 2008 2516 2061 sumus,
2545 1992 2640 2048 vel
2668 1992 2870 2065 potius
2900 1992 3128 2062 ignavi,
3160 1989 3400 2048 desides
3423 1994 3482 2048 et
3510 1990 3683 2047 tardi.

2033 2083 2092 2140 Si
2116 2082 2296 2153 igitur
2319 2081 2412 2138 bis
2430 2081 2645 2153 jejunii
2682 2080 2896 2137 diebus
2922 2081 3037 2136 hoc
3085 2080 3420 2147 fecerimus,
3454 2079 3686 2136 Latino—

2032 2187 2166 2228 rum
2188 2172 2482 2228 adversus
2530 2186 2642 2227 nos
2673 2169 2964 2242 probrum
2995 2169 3070 2226 de
3109 2169 3335 2242 duplici
3364 2169 3481 2227 cibi
3526 2186 3687 2226 sum-

2033 2261 2237 2334 ptione
2263 2259 2682 2317 cohibebimus
2710 2263 2769 2315 et
2796 2258 3177 2328 evitabimus,
3208 2258 3258 2315 si
3282 2259 3570 2316 nimirum
3600 2274 3686 2316 se—

2034 2349 2149 2406 mel
2172 2349 2441 2422 qnotidie
2468 2354 2525 2405 et
2545 2347 2733 2403 serius
2761 2347 3176 2406 comedamus.

2108 2618 2224 2677 Sed
2242 2619 2446 2676 aiunt:
2481 2619 2640 2677 Licet
2668 2619 2859 2677 serius
2915 2615 3120 2674 cibum
3174 2621 3435 2681 sumant,
3480 2622 3540 2675 at
3594 2633 3691 2674 se-

2036 2710 2160 2766 rius
2192 2725 2438 2783 quoque
2484 2725 2557 2766 ex
2587 2725 2800 2767 mensa
2830 2699 3102 2779 surgunt,
3133 2707 3356 2764 lautius
3402 2708 3692 2766 instructo

2037 2803 2093 2856 et
2121 2803 2461 2873 praeparato
2491 2799 2746 2855 convivii
2773 2798 2930 2866 loco,
2959 2797 3299 2870 promiscue
3357 2797 3556 2870 simul,
3607 2798 3692 2871 pi-

2039 2903 2194 2954 sces,
2242 2887 2425 2953 olera,
2457 2887 2766 2958 legumina
2809 2886 2941 2942 oleo
2988 2887 3394 2958 pinguefacta,
3453 2888 3515 2943 in
3566 2885 3694 2942 dies

2039 2976 2328 3047 singulos,
2361 2991 2555 3048 usque
2598 2975 2679 3032 ad
2733 2974 3071 3032 satietatem
3127 2975 3474 3043 comedunt,
3505 2979 3569 3030 ut
3595 2991 3696 3030 vxx

2037 3081 2236 3137 usque
2261 3064 2340 3120 ad
2370 3063 2652 3120 eamdem
2678 3063 2920 3120 crastini
2949 3062 3068 3118 diei
3096 3062 3418 3119 tardiorem
3456 3064 3694 3132 horam,

2040 3155 2268 3222 omnia,
2298 3170 2436 3227 quae
2486 3157 2798 3223 vocarunt,
2852 3153 3122 3224 digerere
3153 3152 3406 3224 possint.
3449 3153 3696 3209 Contine

2039 3243 2332 3314 linguam,
2361 3258 2398 3299 ο
2428 3241 2635 3310 homo,
2667 3241 2748 3299 ad
2789 3241 2917 3298 hac
2946 3240 3155 3312 verba,
3204 3241 3356 3298 sicut
3382 3246 3437 3299 et
3489 3258 3558 3298 os
3617 3241 3697 3298 ad

2041 3333 2276 3398 cibum,
2296 3336 2353 3388 et
2377 3336 2437 3388 tu
2461 3332 2569 3404 qui
2596 3347 2720 3388 non
2740 3331 3100 3402 manducas,
3131 3331 3602 3388 manducantem
3621 3346 3696 3386 ne

2043 3436 2280 3495 sperne.
2306 3425 2379 3477 At
2395 3435 2508 3491 ego
2530 3424 2583 3476 te
2604 3420 2832 3485 hortor,
2853 3435 2978 3475 non
2998 3422 3059 3475 ut
3075 3423 3262 3476 totam
3278 3419 3470 3477 Latini
3486 3421 3566 3492 jej
3576 3419 3698 3476 unii

2038 3511 2298 3568 formam
2329 3515 2387 3566 et
2432 3509 2724 3566 rationem
2770 3507 3030 3576 secteris,
3061 3507 3171 3565 sed
3221 3513 3286 3565 ut
3314 3509 3694 3583 qualequale,

2038 3601 2204 3676 quod
2233 3600 2295 3656 in
2325 3614 2398 3655 ea
2427 3602 2700 3672 apparet,
2729 3597 2962 3655 bonum
2991 3597 3395 3671 amplectaris.
3428 3600 3697 3657 Prudens

2036 3690 2219 3754 enim,
2268 3691 2325 3744 et
2351 3687 2686 3758 intelligens
2734 3686 2904 3743 novit
2956 3701 3082 3742 non
3135 3686 3446 3744 modicum
3494 3705 3568 3745 ex
3621 3705 3694 3746 eo

2040 3780 2241 3847 etiam,
2270 3776 2438 3850 quod
2483 3775 2796 3832 inimicum
2843 3779 2900 3832 et
2936 3775 3188 3832 noxium
3219 3781 3330 3847 est,
3385 3777 3700 3836 utilitatem

2040 3873 2366 3940 reportare.
2416 3864 2671 3931 Quando
2728 3864 2910 3934 igitur
2938 3865 3229 3921 Dominus
3277 3881 3392 3922 nos
3444 3874 3696 3925 monet:

2048 3979 2070 4008 ε
2107 3959 2295 4012 Estote
2339 3953 2661 4027 prudentes
2716 3953 2869 4010 sicut
2920 3956 3246 4025 serpentes,
3279 3958 3338 4011 et
3396 3955 3701 4029 simplices

2045 4045 2196 4103 sicut
2213 4042 2510 4102 columbae
2532 4045 2601 4113 “,
2631 4065 2659 4095 ››
2686 4057 2810 4100 non
2838 4041 2983 4110 vult,
3015 4047 3082 4099 ut
3111 4058 3345 4100 morem
3387 4047 3699 4119 serpentis,

2046 4328 2325 4388 ciendum
2353 4343 2508 4395 esse,
2539 4325 2663 4384 sive
2693 4342 2731 4383 a
2755 4325 2943 4394 laicis,
2997 4327 3122 4384 sive
3153 4345 3190 4386 a
3238 4329 3591 4387 monachis:
3624 4333 3705 4390 Et

2047 4405 2151 4476 qui
2178 4403 2419 4476 nauita
2452 4401 2609 4476 facit
2644 4399 2717 4476 ab
2769 4400 3709 4476 orthodoxarumpommunione

2046 4471 2459 4545 separabitur,
2475 4473 2559 4528 ait
2581 4471 2923 4545 Balsamon.
2943 4476 3014 4527 At
3034 4473 3352 4529 monachis
3373 4489 3444 4530 ex
3471 4477 3705 4532 statutis

2047 4541 2299 4602 suorum
2319 4543 2602 4599 ordinum
2618 4541 3023 4613 jejunandum
3045 4558 3175 4600 esse
3201 4544 3282 4600 ait
3303 4561 3338 4601 a
3361 4549 3425 4601 14
3454 4549 3708 4604 Novem-

328 4630 522 4743 gam
535 4613 811 4687 priorilla
825 4616 1147 4698 Dominicis
1162 4613 1486 4688 appellatio
1515 4617 1942 4690 desumptaest
1974 4637 2017 4691 ι)
2047 4617 2396 4700 ὴτξεςριιία
2427 4615 2532 4671 hoc
2561 4621 2645 4671 est
2672 4615 3028 4697 canonjcum
3049 4621 3102 4671 et
3133 4618 3445 4689 salutare;
3473 4621 3627 4701 sicut
3653 4625 3708 4676 et

441 4685 828 4742 hebdomade
845 4689 1221 4743 Dominicam
1250 4687 1658 4743 antecedente.
1677 4705 1940 4743 auarum
2050 4692 2670 4743 lawuauzsuasnonte
2686 4692 3089 4743 ztmemnanl.
3106 4688 3287 4743 laude
3304 4695 3707 4743 etaratmrum

441 4685 828 4762 hebdomade
845 4685 1222 4762 Dominicam
1247 4685 1658 4762 antecedente,
1677 4685 1940 4762 quarum

331 4773 462 4814 una
483 4755 701 4814 dicitur
749 4762 1067 4834 Typocpeiyoc,
1107 4759 1294 4815 altera
1346 4757 1645 4834 ἀπόκρεως·
1689 4755 1941 4834 utraque

333 4845 563 4904 nomen
575 4845 752 4885 suum
769 4831 1114 4904 Dominicae,
1130 4836 1423 4904 tanquam
1436 4831 1694 4904 termino
1724 4847 1835 4887 suo
1844 4831 1942 4888 tri-

333 4900 1606 4976 buit.alterumjejuniumquadragesimale
1618 4903 1943 4976 observant

336 4971 526 5030 Graeci
548 4978 685 5028 ante
715 4971 982 5030 Natalem
1035 4971 1606 5041 Domini;illudque
1656 4975 1947 5031 inchoant

343 5047 411 5119 tl:
441 5043 816 5119 Novembris,
831 5050 896 5101 ut
905 5046 1083 5102 docet
1094 5045 1410 5119 Balsamon
1425 5047 1486 5102 in
1501 5043 1750 5119 Scholiis
1764 5062 1946 5119 super

335 5117 836 5190 interrogationes
863 5117 1277 5190 quorumdam
1295 5117 1768 5190 monachorum.
1808 5117 1946 5190 quae

335 5187 640 5245 habentur
650 5193 791 5260 post
801 5187 1275 5246 commentarium
1289 5189 1445 5245 illius
1455 5189 1515 5246 in
1534 5188 1719 5246 Photii
1731 5187 1947 5246 Νοῑηο-

336 5258 843 5333 εαηοηεηιεξιᾱεω
873 5266 1109 5333 constat
1133 5278 1207 5317 ex
1235 5261 1459 5333 'l‘ypico
1503 5263 1695 5318 sancti
1749 5260 1943 5326 Sabae,

338 5345 479 5403 cap.
516 5333 602 5403 lt.
631 5329 749 5387 Nec
790 5331 1200 5389 introductum
1226 5329 1343 5388 est
1367 5332 1482 5388 hoc
1515 5333 1816 5403 jejunium
1869 5333 1947 5387 ab

338 5401 656 5476 apostolis,
670 5409 734 5459 ut
737 5404 819 5474 jej
829 5407 1038 5476 unium
1051 5419 1284 5474 magnae
1296 5404 1464 5470 Quad
1473 5401 1789 5476 ragesimai;
1803 5405 1951 5476 quod

341 5475 420 5532 ex
445 5488 678 5530 canone
691 5479 758 5531 69
770 5475 1186 5546 apostolorum
1213 5476 1596 5533 manifestum
1607 5475 1828 5546 evadit,
1845 5475 1951 5531 ubi

341 5546 528 5603 unius
552 5551 786 5603 tantum
798 5546 1291 5618 Quadragesimm
1306 5549 1374 5604 ﬁt
1409 5548 1636 5604 mentio
1655 5565 1669 5615 ;
1690 5547 1800 5605 sed
1819 5562 1952 5603 suc-

344 5633 524 5675 cessu
551 5617 842 5691 temporis
869 5617 1304 5691 consuetudine
1331 5625 1642 5691 receptum
1672 5623 1779 5675 est.
1834 5621 1951 5675 Nec

345 5703 566 5748 omnes
593 5690 904 5764 Qualiter
929 5690 1161 5764 obligat
1184 5697 1306 5749 toto
1330 5691 1434 5748 illo
1462 5690 1801 5764 Logdierum
1842 5706 1951 5747 nu-

347 5777 522 5844 mero
545 5779 562 5829 ;
582 5761 844 5844 ait—enim
861 5761 1181 5844 Balsampn
1201 5764 1491 5844 satis_esse
1508 5762 1706 5836 siquis
1721 5762 1954 5844 jejunet

350 5837 591 5913 septem
617 5833 748 5894 dies
774 5839 913 5894 ante
936 5835 1227 5908 Natalem,
1259 5842 1319 5896 et
1343 5836 1462 5895 hoc
1488 5833 1834 5894 necessario
1861 5833 1958 5893 fa-

2050 4689 2212 4753 ιαίσί,
2226 4687 3089 4759 quisuaspontejtajejungnl,
3106 4688 3287 4743 laude
3304 4695 3357 4744 et
3368 4687 3707 4758 gratiarum

2049 4757 2282 4816 actiorie
2310 4760 2484 4831 digni
2517 4757 2916 4831 habebuntur.
2956 4757 3033 4831 De
3070 4759 3186 4814 hac
3233 4757 3712 4831 Quadragesima

2049 4832 2322 4906 loquitur,
2337 4828 2699 4906 Curopalata
2717 4829 2820 4883 lib.
2843 4830 2930 4906 D_e
2943 4829 3046 4898 off.
3069 4831 3228 4906 aulas
3250 4828 3708 4906 Constahtinop.

2052 4900 2352 5002 cumAait,
2412 4901 2821 5002 admensam‘
2872 4900 3258 5002 impgratoris
3307 4900 3711 5002 protqpapajri

2052 4974 2356 5043 accedere,
2385 4977 2476 5024 καὶ
2504 4979 2668 5050 ποιεῖν
2696 4971 2863 5050 εὐχὴν
2888 4969 2981 5050 τῆξ
3004 4969 3288 5050 βεισιλιξιῆξ
3309 4969 3714 5050 τραπέζης’,διά

2051 5050 2108 5099 τὸ
2138 5051 2232 5104 τὴν
2256 5048 2686 5119 τεσσαρακοστὴν
2718 5044 3010 5119 παρ-ελθξῐνξ
3038 5044 3208 5119 Quod
3241 5044 3714 5119 Quadraqesima

2051 5114 2436 5188 praeterierit.
2470 5117 2535 5171 In
2557 5131 2694 5188 quae
2713 5114 2897 5188 verba
2911 5114 3292 5171 Calvinianus
3320 5114 3671 5175 scholiastes
3696 5137 3709 5174 :

2057 5186 2251 5246 Graeci
2310 5186 2618 5263 jejunium
2690 5186 3217 5263 quadragesimale
3276 5196 3415 5245 ante
3475 5193 3715 5263 γενέσθαι

2058 5267 2314 5336 Χριστοῦ,
2346 5260 2410 5314 id
2436 5263 2542 5327 est,
2575 5260 2637 5314 in
2657 5263 2706 5336 _A
2720 5258 2969 5336 dventu,
3001 5258 3496 5336 celebraverunt;
3532 5262 3714 5336 expli-

2057 5327 2323 5406 candum
2348 5340 2494 5396 erat,
2531 5329 2708 5402 quale
2734 5327 2848 5385 hoc
2873 5330 3408 5406 jejuniumfuerit,
3464 5327 3715 5406 quando

2058 5403 2325 5460 inchoari
2385 5401 2781 5458 consuetum:
2820 5414 2965 5456 num
3022 5401 3083 5457 in
3111 5401 3407 5466 Adventu.
3467 5401 3546 5460 an
3578 5412 3717 5462 ante

2058 5475 2416 5541 Adventum,
2439 5489 2587 5529 num
2611 5473 2808 5528 solum
2829 5477 2888 5527 et
2909 5472 3175 5540 unicum,
3200 5475 3338 5530 etid
3363 5491 3554 5545 genus
3575 5478 3716 5544 alia,

2058 5563 2135 5604 ne
2160 5547 2298 5619 quis
2324 5561 2395 5602 ex
2422 5545 2622 5619 verbis
2651 5545 3202 5619 tamgeneralibus,
3235 5547 3325 5619 vel
3358 5549 3718 5606 scholiasten

2060 5616 2291 5676 errasse
2319 5617 2606 5682 crederet,
2637 5616 2735 5672 vel
2780 5616 3035 5688 ipsemet
3062 5618 3302 5674 errandi
3330 5621 3718 5678 occasionem

2060 5690 2378 5764 abriperet,
2401 5688 2757 5764 existimans
2781 5702 3038 5764 vernum
3058 5690 3464 5764 quadraginta
3482 5691 3720 5752 dierum

2055 5756 2357 5836 jejunium
2386 5756 2600 5819 Graecis
2628 5757 2810 5818 fuisse
2839 5756 3137 5833 ignotum.
