4468 6450
767 425 871 483 675

1942 418 2252 483 GERMANI
2291 419 2340 479 Il
2386 423 2490 481 (ΖΡ.
2530 422 2991 481 PATBIARCHE

4026 423 4127 480 676

765 567 948 623 quem
992 551 1195 616 habet,
1242 566 1474 607 venena
1529 551 1851 623 spargendi
1905 557 1961 606 et
2008 547 2419 611 interﬁciendi,
2455 549 2500 600 Α

2359 547 2419 611 li,
2455 549 2500 600 Α
2531 555 2626 608 τῆς
2663 553 2971 622 περιστερᾶς
3024 547 3135 599 ἀλλ’
3182 546 3238 599 ἐκ
3275 549 3365 619 μὲν
3425 553 3517 597 τοῦ
3576 545 3731 615 ὄφεως
3764 547 3823 596 τό
3865 550 3982 618 περὶ
4037 549 4123 602 τὴν

766 639 955 695 velut
1013 640 1420 712 insipientiam
1480 639 1777 694 columbae
1833 640 2171 701 imitemur;
2223 633 2330 692 sed
2362 643 2424 692 ut

767 728 1058 798 serpentis
1089 729 1280 783 instar
1309 745 1516 782 curam
1545 734 1600 783 et
1632 728 1932 783 solertiam
1966 727 2176 798 capitis
2226 730 2420 780 custo-

765 815 968 869 diendi
1002 816 1416 870 ostendamus.
1451 817 1508 869 Id
1564 817 1722 870 enim
1760 833 1944 870 unum
1987 815 2257 870 elaborat
2310 830 2424 868 ser-

766 918 934 974 pens,
954 909 1013 957 ut
1040 921 1158 974 prae
1173 905 1404 976 reliquo
1431 905 1697 976 corporis
1730 910 1938 958 tractu.
1963 909 2143 974 caput
2172 901 2421 956 illaesum

764 1000 1095 1048 conservet.
1126 999 1172 1047 Α
1217 993 1502 1048 columba
1546 999 1743 1047 autem
1809 993 2066 1046 mutuari
2099 1007 2209 1045 nos
2263 991 2425 1061 cupit

765 1081 1037 1135 animum
1075 1082 1315 1136 malitia
1344 1087 1668 1152 expertem,
1699 1087 1755 1136 et
1801 1087 1862 1135 ut
1893 1097 2015 1145 eos,
2049 1081 2151 1152 qui
2192 1095 2301 1133 nos
2334 1079 2420 1132 in-

757 1168 918 1238 juria
951 1169 1238 1232 afficiunt,
1271 1170 1612 1234 toleremus,
1647 1186 1841 1241 neque
1870 1169 2192 1223 vindictam
2221 1182 2425 1237 exspe-

764 1261 986 1318 tamus,
1013 1258 1242 1328 privata
1273 1259 1432 1312 enim
1462 1256 1638 1328 pullis
1664 1256 1789 1310 suis
1815 1256 2083 1318 sustinet.
2120 1270 2314 1325 neque
2344 1253 2424 1308 ob

763 1343 823 1397 id
853 1344 1037 1398 domo
1069 1345 1333 1400 excedit:
1368 1351 1424 1400 et
1454 1346 1576 1399 haec
1617 1350 1851 1400 tantum
1904 1345 1982 1398 ad
2029 1343 2423 1398 imitationem

763 1434 1180 1504 proponenda,
1226 1435 1344 1490 alia
1391 1435 1598 1489 omnia
1631 1433 1838 1505 procul
1872 1432 2214 1503 abjicienda
2263 1437 2422 1485 sunt.

767 1523 883 1575 Hoc
915 1526 973 1576 et
997 1526 1060 1576 tu
1095 1522 1220 1588 fac;
1249 1523 1432 1594 idque
1456 1523 1621 1593 quod
1645 1523 1704 1576 in
1727 1523 1943 1577 Latinis
1964 1521 2207 1592 jejuniis
2233 1521 2426 1574 inesse

763 1610 1024 1664 cernitur
1047 1610 1298 1676 bonum,
1331 1612 1497 1683 quod
1529 1616 1635 1674 est,
1671 1611 1899 1666 tardius
1943 1610 2144 1664 cibum
2191 1624 2425 1662 sumere

764 1698 1102 1753 uberiorem
1134 1699 1244 1753 illis
1273 1700 1561 1772 relinque.

835 1786 893 1840 Si
925 1786 1128 1842 dicas:
1161 1795 1199 1843 A
1237 1789 1395 1843 fame
1453 1805 1704 1860 superor
1733 1794 1786 1844 et
1846 1787 2113 1842 esuriens
2166 1786 2423 1841 mandu-

2535 633 2672 688 ἰδίαν
2733 637 2955 708 κεφαλὴν
3017 635 3432 710 προφυλακτικόν
3498 653 3551 686 τε
3589 638 3678 686 καὶ
3717 633 3977 705 προμηθὲς
4021 632 4127 686 ἔπι·

2533 719 2872 776 δείκνυσθαι·
2922 720 3130 782 σπουδὴ
3187 726 3287 795 γὰρ
3343 721 3414 793 τῷ
3469 726 3579 793 ὄφει
3608 727 3702 778 τὴν
3754 721 3978 793 κεφαλὴν
4029 725 4127 794 πρὸ

2533 817 2719 873 παντὸς
2772 821 2864 864 τοῦ
2924 813 3076 864 ὁλκοῦ
3126 811 3548 864 ἀνεπιϐούλευτον
3603 807 3904 884 διατηρεῖν·
3967 814 4025 861 ὲκ
4076 807 4130 862 δε

2532 908 2626 960 τῆς
2679 908 2985 974 περιστερᾶς
3055 905 3112 951 τό
3173 901 3389 960 ἄκακον,
3453 904 3542 965 καὶ
3586 902 3644 949 τό
3701 896 3983 968 ἀνέχεσθαι
4035 906 4129 948 τῶν

2534 987 2878 1056 ἀδικούντων,
2933 995 3023 1041 καὶ
3075 994 3146 1060 μὴ
3222 987 3560 1060 ἀμύνασθαι’
3629 985 3980 1062 ἀφαιρουμένη
4035 989 4131 1057 γὰρ

2532 1083 2597 1131 τὰ
2634 1084 2836 1130 νεόττια
2887 1084 3088 1153 στέργει
3131 1083 3224 1136 τὴν
3277 1076 3513 1144 ἀδικίαν,
3572 1085 3662 1137 τῆς
3715 1077 3878 1136 οἰκίας
3924 1077 4019 1128 ούκ
4057 1076 4131 1138 ἐξ-

2536 1172 2784 1238 ισταμένῃ
2809 1189 2820 1200 ·
2858 1173 2947 1218 καὶ
2981 1164 3148 1219 ταῦτα
3180 1172 3312 1239 μόνα
3347 1165 3558 1232 ζηλοῦν,
3592 1169 3657 1216 τὰ
3693 1162 3742 1217 δ’
3778 1165 3907 1216 οἷλλα
3959 1164 4135 1240 πόρρω

2531 1275 2631 1306 που
2661 1254 3014 1328 ἀπορρίπτειν.
3048 1250 3211 1306 Τοῦτο
3247 1260 3336 1306 καὶ
3367 1257 3432 1305 σὺ
3458 1259 3679 1310 ποίησον
3706 1274 3717 1286 ·
3752 1258 3841 1304 καὶ
3893 1257 3951 1304 τό
4004 1255 4136 1327 εὑρι-

2536 1348 2783 1415 σκόμενον
2815 1342 2862 1393 ἐν
2893 1350 2997 1402 τοῖς
3029 1348 3268 1402 Λατίνοις
3321 1342 3496 1404 καλόν,
3528 1345 3586 1393 τό
3625 1338 3684 1394 δέ
3725 1340 3836 1393 ἔστι
3888 1346 3946 1392 τό
4007 1340 4137 1413 βρα-

2537 1429 2751 1505 δύτερον
2797 1431 3007 1498 ἐσθίειν,
3085 1431 3319 1493 ζήλωσον
3349 1452 3361 1463 ·
3416 1435 3474 1482 τό
3516 1427 3575 1482 δε
3623 1430 3935 1502 πολυφαγεῖν
3988 1433 4137 1482 ἔασον

2534 1522 2658 1595 παρ’
2699 1520 2929 1582 ἐκείνοις.

2535 1610 2840 1665 aamulare.
2874 1609 3248 1664 Crebriorem
3278 1624 3420 1663 vero
3478 1608 3592 1664 cibi
3645 1608 4053 1681 sumptionem
4085 1613 4143 1663 et

2609 1699 2668 1750 Ei
2732 1695 2790 1750 δὲ
2845 1697 3027 1768 λέγεις,
3068 1696 3224 1750 Ἀλλὰ
3258 1706 3483 1769 νικῶμαι
3528 1699 3628 1749 ύπό
3667 1705 3762 1759 τῆς
3809 1702 4007 1765 πείνης,
4052 1702 4141 1748 καὶ

2535 1796 2716 1848 πεινῶς
2775 1787 2966 1839 ἐσθίειν
3015 1787 3516 1856 καταναγκάζομαι.
3563 1786 3729 1846 ἄλλως
3784 1790 3885 1858 γὰρ
3937 1789 3994 1837 τό
4036 1782 4140 1837 δει-

761 1890 897 1930 care
941 1891 1142 1945 cogor,
1201 1877 1532 1948 praesertim
1611 1895 1748 1931 cum
1794 1877 1942 1932 alias
2000 1882 2203 1930 venter
2264 1874 2496 1948 malaB

2376 1875 2426 1928 la
2459 1895 2496 1948 Β
2534 1881 2617 1926 νόν
2647 1878 2844 1949 θηρίον,
2877 1879 2904 1933 ἡ
2935 1874 3125 1940 κοιλία,
3169 1875 3273 1946 ούχ
3328 1876 3619 1948 ἠμοροῦται
3645 1897 3655 1907 ·
3682 1874 3806 1946 ἐμοῦ
3861 1873 4140 1947 ἀποκρινο-

760 1963 952 2018 bestia
985 1965 1079 2032 sit,
1112 1970 1168 2020 et
1218 1967 1420 2020 nescia
1470 1967 1754 2035 cicurari;
1791 1966 1933 2021 audi
1990 1966 2132 2037 quid
2183 1980 2424 2035 respon-

761 2052 958 2107 deam.
988 2053 1214 2108 ldcirco
1270 2061 1509 2126 tempus
1541 2056 1653 2109 hoc
1682 2055 1916 2125 jejunii,
1950 2055 2178 2121 dilecte,
2239 2062 2295 2109 et
2341 2059 2428 2107 est

759 2146 816 2197 et
844 2142 1079 2208 dicitur,
1117 2149 1178 2198 ut
1233 2146 1592 2199 esuriamus.
1647 2147 1708 2198 Et
1753 2145 1854 2216 qui
1913 2143 2134 2197 famem
2169 2143 2335 2211 fugit,
2377 2141 2426 2195 is

761 2228 910 2301 fugit
957 2238 1014 2286 et
1055 2234 1379 2303 jejunium,
1426 2239 1482 2288 et
1512 2235 1842 2289 satietatem
1895 2233 2178 2305 sequitur.
2214 2237 2285 2287 At
2339 2249 2426 2286 sa-

763 2319 938 2375 tietas
965 2325 1024 2374 et
1048 2321 1348 2391 jejunium
1379 2322 1459 2376 ita
1492 2321 1603 2376 sibi
1634 2322 2050 2387 adversantur,
2085 2322 2236 2376 sicut
2268 2337 2428 2393 aqua

760 2416 815 2462 et
840 2408 1020 2476 ignis.
1053 2410 1315 2475 Quando
1345 2416 1544 2492 autem
1579 2412 1792 2470 esuris.
1827 2413 1885 2466 in
1919 2416 2180 2466 mentem
2211 2425 2428 2464 revoca

759 2503 816 2552 et
867 2504 1079 2569 reputa
1114 2499 1380 2569 paradisi
1429 2499 1700 2566 delicias,
1752 2507 1808 2555 et
1856 2517 2066 2555 eorum
2112 2516 2248 2571 quae
2297 2499 2426 2553 istic

760 2592 899 2641 sunt
922 2586 1222 2641 bonorum
1249 2586 1612 2655 fruitionem,
1643 2589 2027 2662 futuramque
2061 2589 2336 2658 gloriam,
2369 2593 2426 2643 et

760 2676 927 2746 aperi
980 2691 1049 2729 os
1099 2681 1293 2744 tuum,
1327 2682 1381 2732 et
1410 2678 1595 2749 imple
1657 2679 1957 2733 Davidicis
2014 2677 2312 2742 cantibus,
2371 2681 2428 2732 et

767 2761 948 2817 libere
981 2764 1060 2818 ad
1091 2764 1392 2820 Christum
1423 2765 1642 2820 dicito:
1683 2789 1702 2814 ι
1743 2768 1864 2837 Ego
1911 2782 2051 2820 vero
2104 2766 2163 2820 in
2198 2765 2424 2836 justitia

761 2851 1070 2922 apparebo
1103 2856 1449 2924 conspectui
1485 2861 1605 2920 tuo,
1626 2855 1892 2910 satiabor
1912 2871 2051 2909 cum
2082 2855 2428 2926 apparuerit

761 2940 903 2994 mihi
936 2940 1126 3010 gloria
1184 2949 1288 2996 tua
1341 2943 1409 3008 ⁸⁵,
1446 2964 1473 2991 ››
1535 2959 1673 2998 cum
1731 2944 1959 2998 veneris
2014 2960 2154 2998 cum
2204 2945 2425 2998 sanctis

758 3028 987 3098 angelis
1014 3029 1128 3084 tuis
1160 3030 1407 3086 reddere
1468 3033 1793 3105 unicuique
1853 3033 2188 3088 secundum
2243 3048 2427 3104 opera

759 3134 889 3173 sua.
915 3119 1166 3174 Summa
1195 3121 1476 3175 orationis
1499 3123 1606 3176 sit:
1645 3123 1751 3176 Per
1771 3121 1987 3176 multas
2016 3121 2426 3177 tribulationes

2536 1969 2688 2036 μένου
2715 1985 2798 2016 σοι
2824 1967 3000 2021 ἄκουε.
3031 1967 3124 2016 Διά
3147 1971 3320 2029 τοῦτο,
3363 1962 3612 2034 ἀγαπητε,
3647 1965 3673 2014 ό
3723 1968 3900 2035 καιρός
3962 1965 4143 2015 ούτοσί

2536 2060 2785 2124 νηστιμος
2838 2053 3039 2123 λέγεται
3089 2057 3178 2103 καὶ
3260 2053 3422 2117 ἔστιν,
3508 2053 3589 2103 ἶνα
3651 2061 3918 2123 πεινῶμεν,
3966 2052 4024 2103 Ὀ
4085 2048 4143 2104 δὲ

2539 2145 2737 2214 φεύγων
2767 2147 2859 2199 τὴν
2909 2150 3084 2193 πεῖναν
3139 2144 3312 2211 φεύγει
3342 2146 3430 2192 καὶ
3480 2146 3573 2198 τὴν
3626 2146 3868 2197 νηστείαν
3924 2146 4012 2192 καὶ
4059 2145 4142 2192 τόν

2538 2238 2689 2305 κόρον
2719 2228 3066 2303 μεταδιώκει·
3100 2235 3252 2302 κόρος
3284 2226 3343 2281 δὲ
3377 2235 3466 2281 καὶ
3524 2234 3737 2287 νηστεία
3786 2231 3945 2290 οὕτως
3996 2229 4140 2280 ἐναν-

2540 2326 2644 2385 τία,
2673 2325 2737 2381 ως
2765 2317 2908 2392 ὕδωρ
2955 2324 3045 2371 καὶ
3096 2316 3221 2393 πῦρ.
3262 2316 3423 2370 ”Οταν
3484 2315 3542 2370 δὲ
3598 2325 3798 2388 πεινᾲς,
3835 2317 4144 2390 ἀναλογίζου

2537 2416 2630 2468 τήν
2668 2418 2760 2462 τοῦ
2791 2405 3116 2483 παραδείσου
3152 2412 3374 2482 τρυφὴν,
3427 2411 3516 2459 καὶ
3569 2413 3662 2466 τὴν
3714 2428 3814 2460 των
3871 2406 3975 2459 ἐκεῖ
4021 2406 4145 2458 ἀπό-

2537 2500 2722 2552 λαυσιν
2765 2497 2992 2569 ἀγαθῶν,
3034 2502 3124 2549 καὶ
3171 2502 3264 2555 τὴν
3299 2496 3586 2569 μέλλουσαν
3638 2493 3817 2566 δόξαν,
3876 2502 3965 2548 καὶ
4010 2497 4146 2547 ἄνοι-

2539 2591 2623 2652 ξόν
2663 2609 2756 2641 σου
2779 2593 2835 2640 τὸ
2873 2592 3062 2660 στόμα,
3094 2592 3183 2638 καὶ
3208 2586 3493 2660 ’πλήρωσον
3547 2585 3793 2658 ᾀσμάτων
3829 2581 4141 2653 Δαυῐδικῶν,

2537 2685 2627 2730 καὶ
2656 2682 2763 2730 sini
2799 2682 2926 2752 πρὸς
2980 2681 3066 2728 τόν
3101 2680 3331 2750 Χριστὸν
3393 2679 3524 2748 μετά
3571 2675 3903 2750 παρρησίας,
3934 2697 3961 2725 ››
4017 2674 4146 2744 Ἐγὼ

2540 2765 2598 2820 δὲ
2621 2767 2668 2820 ἐν
2701 2765 3013 2838 δικαιοσύνη
3069 2767 3364 2838 ὀφθήσομαι
3402 2775 3474 2836 τῷ
3513 2771 3774 2840 προσώπῳ
3831 2784 3946 2831 σου,
4000 2770 4146 2838 χαρ-

2537 2860 2879 2928 τασθησομαι
2941 2855 2988 2907 ἐν
3045 2865 3111 2925 τῷ
3163 2857 3389 2927 ὀφθῆναί
3447 2874 3538 2928 μοι
3591 2859 3684 2913 τὴν
3745 2851 3903 2916 δόξαν
3960 2873 4076 2919 σου,
4117 2878 4144 2902 ››

2539 2949 2663 2999 ὅταν
2723 2947 2876 3015 ἂθης
2941 2949 3068 3017 μετά
3103 2945 3259 3015 ἁγίων
3314 2942 3540 3015 ἀγγέλων
3599 2939 3890 2995 ἀποδοῦναι
3939 2941 4142 3013 ἑκάστῳ

2538 3039 2674 3088 κατά
2695 3038 2759 3087 τά
2789 3038 2916 3108 ἔργα
2949 3034 3132 3087 αὐτοῦ.
3168 3031 3453 3105 Κεφάλαιον
3493 3040 3584 3084 τοῦ
3637 3032 3790 3104 λόγου
3813 3054 3824 3065 ·
3866 3035 3959 3084 Διά
4015 3031 4144 3084 πολ-

2535 3126 2635 3176 λων
2697 3124 2914 3195 θλίρεων
2973 3119 3053 3176 δεῖ
3103 3126 3236 3194 ἡμᾶς
3296 3121 3540 3174 εἰσελθεῖν
3590 3123 3663 3184 εἰς
3719 3128 3810 3180 τὴν
3870 3119 4144 3194 βασιλείαν

756 3213 990 3278 oportet
1036 3224 1150 3263 nos
1193 3209 1424 3280 ingredi
1494 3211 1553 3264 in
1604 3227 1856 3280 regnum
1912 3211 2221 3278 caelorum,
2285 3228 2424 3265 cum
2461 3247 2501 3298 Ο

2379 3228 2424 3265 Il
2461 3247 2501 3298 C
2537 3223 2636 3267 τῶν
2695 3214 2942 3288 ούρανῶν,
3001 3212 3112 3264 ἐπεὶ
3161 3235 3182 3262 ι
3230 3217 3380 3269 στενὴ
3437 3217 3525 3263 καὶ
3560 3211 3868 3284 τεθλιμμένη
3930 3215 3959 3270 ἡ
4003 3208 4143 3277 ὁδὸς,

757 3317 784 3344 ‹‹
819 3302 1078 3365 angusta
1112 3301 1169 3351 et
1219 3304 1384 3352 arcta
1414 3298 1490 3354 sit
1535 3299 1652 3367 via,
1684 3315 1822 3370 qun:
1879 3300 2042 3354 ducit
2089 3299 2165 3354 ad
2216 3299 2421 3364 vitam,

754 3384 876 3439 lata
897 3400 1036 3439 vero
1059 3391 1115 3439 et
1131 3386 1418 3457 spatiosa,
1443 3404 1579 3459 quae
1597 3388 1762 3443 ducit
1785 3389 1861 3443 ad
1883 3389 2278 3461 perditionem
2300 3391 2367 3444 ⁵⁵.
2395 3411 2422 3437 ››

757 3473 814 3529 Si
863 3473 940 3528 ad
969 3474 1148 3529 vitam
1181 3480 1467 3531 aeternam
1500 3478 1810 3548 pervenire
1842 3478 2008 3548 velis,
2065 3477 2425 3549 amplectere

755 3577 846 3632 ea,
909 3577 1047 3633 quae
1099 3578 1346 3618 sensum
1417 3564 1694 3634 afﬂigunt
1766 3571 1822 3620 et
1869 3568 2240 3621 contristant.
2296 3566 2428 3621 Alia

754 3651 915 3706 enim
943 3650 1036 3706 via
1062 3651 1120 3706 in
1146 3667 1281 3707 eam
1302 3652 1535 3722 ingredi
1558 3671 1680 3708 non
1701 3654 1856 3715 licet.
1892 3655 1937 3709 si
1967 3661 2169 3709 autem
2199 3655 2425 3724 fugien-

755 3739 834 3794 do
861 3739 942 3806 id,
978 3740 1146 3811 quod
1177 3756 1462 3812 asperum
1497 3749 1552 3797 et
1581 3742 1983 3810 laboriosum,
2033 3743 2426 3798 declinawris

754 3829 829 3885 ad
862 3829 943 3892 id,
977 3829 1144 3904 quod
1173 3830 1509 3902 spatiosum
1542 3838 1647 3897 est,
1695 3833 1933 3888 noveris
1988 3832 2171 3887 ﬁnem
2220 3834 2425 3903 hujus-

755 3916 990 3972 cemodi
1019 3918 1127 3972 vim
1177 3934 1306 3973 esse
1338 3920 1536 3991 ignem
1570 3921 2019 3980 inexstinctum.
2074 3926 2131 3975 et
2160 3937 2423 3976 vermem

751 4006 1162 4078 irrequietum.
1197 4010 1338 4063 Ecce
1371 4009 1719 4065 testiﬁcatus
1778 4009 1880 4065 tibi
1909 4027 2064 4080 sum,
2101 4017 2158 4065 et
2189 4010 2423 4065 ostendi

751 4095 907 4149 duas
935 4095 1076 4150 istas
1107 4095 1250 4164 vias,
1284 4103 1341 4152 et
1383 4101 1691 4170 utriusque
1736 4099 1949 4154 exitus.
1985 4099 2245 4154 Gradere
2276 4115 2423 4170 qua-

753 4199 992 4255 cunque
1027 4184 1205 4239 voles.
1263 4188 1379 4240 Hoc
1447 4202 1634 4241 unum
1670 4194 1721 4242 te
1762 4188 2040 4255 ignorare
2086 4189 2247 4254 nolo,
2290 4188 2424 4243 licet

752 4274 887 4345 quis
913 4277 1156 4328 centum
1178 4274 1399 4330 saacula
1421 4275 1478 4330 in
1501 4276 1616 4331 hoc
1647 4276 1876 4331 mundo
1895 4276 2217 4346 afﬂigatur,
2249 4277 2307 4331 id
2339 4284 2421 4332 to-

753 4370 880 4418 tum
911 4362 1057 4417 nihil
1106 4380 1237 4419 esse
1293 4364 1371 4419 ad
1417 4365 1715 4421 cruciatus
1767 4366 1858 4421 vel
1915 4368 2088 4421 unius
2120 4367 2258 4431 diei,
2315 4370 2419 4440 qui

753 4452 974 4507 suntin
1007 4453 1308 4521 gehenna.
1343 4455 1578 4509 Utinam
1609 4471 1748 4510 vero
1780 4455 1956 4511 nobis
1981 4457 2290 4525 contingat
2315 4473 2422 4528 per

753 4541 1002 4613 pusillas
1083 4541 1517 4612 tribulationes,
1586 4549 1642 4600 et
1709 4545 2044 4601 mediocres
2121 4560 2419 4600 zerumnas

752 4631 1179 4703 malorumque
1230 4634 1654 4704 perpessiones
1707 4640 1996 4691 aeternam
2038 4635 2305 4690 invenire
2359 4631 2481 4712 in'f

751 4720 916 4776 ccelis
942 4721 1234 4792 requiem,
1289 4723 1480 4791 gratia
1529 4728 1586 4778 et
1631 4723 2003 4780 humanitate
2053 4725 2286 4781 Domini
2321 4727 2420 4781 Dei

751 4817 808 4867 et
829 4810 1154 4867 Salvatoris
1186 4812 1374 4867 nostri
1416 4814 1555 4869 Jesu
1607 4812 1860 4878 Christi;
1893 4815 2006 4887 ipsi
2037 4814 2230 4885 gloria
2278 4831 2419 4871 cum

753 4903 921 4957 Patre
963 4901 1260 4974 principio
1314 4908 1575 4972 carente,
1620 4908 1677 4958 et
1722 4919 1864 4960 cum
1915 4909 2123 4960 sancto
2167 4909 2225 4960 et
2280 4921 2418 4961 vere

748 4992 1091 5048 viviﬁcante
1125 4993 1366 5065 Spiritu,
1419 5009 1583 5050 nunc
1613 4997 1672 5050 et
1727 5011 1967 5067 semper
1998 5002 2054 5052 et
2084 4997 2146 5051 in
2197 4995 2419 5052 saecula

749 5083 1131 5138 saeculorum.
1156 5089 1368 5139 Amen.

1571 5193 1636 5249 ν.

749 5301 823 5356 In
849 5300 1045 5356 divini
1071 5302 1338 5369 corporis
1357 5301 1603 5357 Domini
1625 5316 1694 5357 ac
1715 5300 2255 5358 Salvatorisnostri
2277 5305 2421 5360 Jesu

894 5391 1129 5450 Christi
1155 5391 1552 5462 sepulturam,
1586 5392 1648 5446 in
1684 5391 1781 5448 die
1804 5392 2017 5462 Magni
2042 5391 2309 5449 Sabbati.

2537 3305 2566 3360 ἡ
2595 3302 2877 3372 ἀπάγουσα
2904 3305 3034 3376 πρὸς
3063 3306 3157 3358 τὴν
3187 3302 3348 3366 ζωὴν,
3401 3300 3617 3352 πλατεῖα
3671 3297 3729 3353 δὲ
3756 3307 3845 3352 καὶ
3902 3301 4142 3374 εὐρύχω-

2535 3412 2622 3464 ρος
2653 3393 2682 3449 ἡ
2716 3396 2947 3465 φέρουσα
2991 3390 3063 3451 εἰς
3124 3395 3218 3446 τήν
3265 3388 3541 3443 ἀπώλειαν.
3587 3412 3614 3438 ι)
3655 3388 3771 3442 Ἐὰν
3821 3388 3966 3459 θέλῃς
4024 3409 4145 3440 κατ-

2537 3488 2762 3537 αντῆσαι
2817 3483 2884 3539 είς
2941 3483 3034 3536 τὴν
3090 3480 3293 3530 αἰώνιον
3349 3478 3508 3537 ζωὴν,
3580 3474 3871 3541 κατείδεξαι
3911 3481 3976 3530 τὰ
4040 3478 4144 3530 θλι-

2537 3569 2661 3642 ϐερά
2709 3574 2798 3620 καὶ
2827 3569 3090 3619 λυποῦντα
3137 3572 3231 3624 την
3272 3569 3556 3624 αἴσθησιν⁸
3598 3566 3889 3638 ἀλλαχόθεν
3936 3569 4034 3641 γάρ
4081 3568 4147 3626 εἰς

2535 3661 2729 3715 ταύτην
2790 3656 3135 3728 ἐπενεχθῆναι
3198 3652 3477 3710 ἀδύνατον.
3540 3656 3661 3710 Ἐὰν
3721 3654 3780 3709 δε
3833 3659 4030 3729 φεύγων
4088 3660 4146 3708 τό

2535 3750 2712 3822 τραχύ
2745 3752 2832 3798 καὶ
2869 3745 3107 3798 ἐπίπονον
3142 3749 3271 3820 πρὸς
3306 3750 3399 3804 τὴν
3436 3745 3737 3822 εὐρύχωρον
3794 3748 4139 3818 παρεκνεύης,

2534 3841 2776 3907 γίνωσκε,
2807 3838 2973 3887 ὅτιτὸ
3011 3834 3152 3896 τέλος
3207 3843 3300 3896 τῆς
3348 3837 3598 3896 »τοιαύτης
3649 3831 3778 3886 ὁδοῦ
3835 3842 3940 3911 πῦρ
4004 3833 4146 3886 ictu

2535 3924 2816 3991 ἄσϐεστον,
2894 3928 2983 3976 καὶ
3060 3922 3268 3986 σκώληξ
3319 3922 3628 3995 ἀκοίμητος.
3674 3918 3816 3974 Ἰδού
3858 3917 4146 3995 διεμαρτυ-

2532 4016 2700 4088 ράμην
2763 4019 2850 4065 καὶ
2886 4009 3136 4075 ὑπέδειξα
3192 4032 3276 4064 σοι
3321 4015 3412 4073 τὰς
3467 4006 3565 4064 δύο
3605 4007 3780 4078 ὁδούς,
3819 4017 3910 4064 καὶ
3947 4013 4015 4063 τὰ
4045 4009 4144 4083 ἀρι-

2535 4108 2758 4176 φοτέρων
2806 4106 3211 4174 καταντήαατα·
3277 4101 3338 4159 ἢν
3374 4102 3434 4153 ἃν
3487 4101 3634 4174 θελης
3690 4097 3904 4174 βάδιζε.
3957 4099 4044 4154 Ἕν
4086 4097 4148 4153 δε

2533 4201 2686 4244 τοῦτο
2717 4192 2841 4244 θελω
2883 4189 3073 4243 εἰδέναι
3103 4210 3181 4258 σε,
3231 4193 3311 4243 ὃτι
3355 4191 3450 4242 κᾶν
3487 4191 3635 4252 ὅλους
3689 4190 3870 4242 ἑκατὸν
3918 4196 4147 4264 χρόνους

2533 4284 2882 4353 κακοπαθήσῃ
2927 4300 3002 4342 τις
3031 4279 3081 4331 ἐν
3108 4288 3181 4351 τῷ
3215 4285 3397 4353 κόσμῳ
3432 4283 3619 4351 τούτῳ,
3659 4275 3811 4332 ούδίν
3848 4277 3963 4331 ἔστι
4014 4284 4146 4352 πρὸς

2532 4378 2651 4444 μίαν
2682 4373 2878 4444 ἡμέραν
2924 4377 3013 4421 τοῦ
3067 4367 3114 4421 ἓν
3149 4377 3212 4442 τῇ
3273 4374 3449 4442 γείννη
3516 4367 3879 4441 βασανισμοῦ.
3938 4373 4146 4421 Γενοιτο

2534 4457 2592 4514 δε
2630 4463 2751 4533 ἡμῖν
2803 4465 2891 4512 καὶ
2948 4456 3041 4511 διὰ
3086 4468 3283 4534 μικρῶν
3338 4478 3488 4510 τινων
3540 4458 3761 4529 θλίψεων
3795 4464 3886 4510 καὶ
3932 4464 4148 4532 μετρίας

2528 4559 2621 4612 τῆς
2675 4555 2969 4621 κακουχίας
3020 4541 3236 4600 αἰωνίαν
3297 4550 3541 4621 εὑρέσθαι
3590 4546 3886 4600 ἀνάπαυσιν
3939 4545 3989 4600 ἓν
4034 4556 4148 4611 τοῖς

2530 4641 2764 4716 ούρανοίς
2839 4641 3029 4713 χάριτι
3087 4643 3178 4691 καὶ
3240 4637 3598 4712 φιλανθρωπίᾳ
3657 4645 3751 4690 τοῦ
3806 4641 4003 4711 Κυρίου
4051 4643 4146 4691 καὶ

2529 4736 2664 4782 Θεοῦ
2717 4734 2809 4781 καὶ
2859 4735 3092 4802 Σωτῆρος
3145 4729 3292 4799 ἡμῶν
3347 4727 3524 4785 Ἰησοῦ
3585 4733 3858 4800 Χριστοῦ·
3908 4726 4050 4797 αὐτῷ
4109 4729 4140 4784 ἡ

2530 4815 2663 4881 δόξα
2691 4823 2784 4870 σύν
2811 4825 2883 4888 τῷ
2942 4815 3158 4891 ἀνάρχῳ
3213 4815 3375 4869 αύτοῦ
3433 4821 3603 4892 Πατρὶ
3631 4821 3722 4868 καὶ
3775 4823 3848 4887 τῷ
3899 4820 4145 4888 παναγίῳ

2527 4914 2618 4961 καὶ
2671 4907 2875 4969 ἀληθῶς
2917 4907 3156 4978 ζωοποιῷ
3201 4909 3464 4979 Πνεύματι
3497 4913 3586 4957 νῦν
3619 4910 3711 4957 καὶ
3764 4905 3863 4975 ἀεὶ,
3917 4910 4008 4958 καὶ
4071 4905 4146 4968 εἰς

2527 5003 2649 5060 τούς
2671 4997 2858 5056 αἰῶνας
2881 5005 2982 5068 τῷν
3019 4995 3236 5067 αὶῳνων.
3273 4995 3459 5068 ’Δμήν,

3263 5119 3333 5174 E'.

2531 5249 2615 5311 Εἰς
2691 5253 2786 5332 τὴν
2844 5249 3105 5332 θεόσωμον
3187 5249 3354 5318 ταφὴν
3401 5253 3493 5332 τοῦ
3549 5249 3749 5332 μυρίον
3823 5250 3919 5332 καί
3967 5253 4148 5304 Σωτῆ-

2601 5339 2687 5394 ρος
2753 5323 2899 5394 ημῶν
2958 5319 3163 5394 ΔἸησοῦ
3236 5324 3476 5390 Χριστοῦ
3549 5319 3637 5370 ἔν’
3685 5325 3747 5390 τῇ
3815 5319 3988 5393 ἡμέρᾳ
4047 5326 4147 5371 τοῦ

2605 5389 2845 5465 Μεγάλου
2874 5389 3163 5444 Σαϐϐάτθυ.

1479 5571 1708 5640 (Exstat
1733 5569 1886 5627 inter
1921 5569 2205 5627 homilias
2230 5572 2510 5630 Germani
2538 5575 2582 5643 ἰ,
2611 5570 2963 5644 Patrologie
2990 5576 3138 5629 tom.
3174 5569 3405 5639 XCVIH,
3433 5568 3548 5628 col.
3581 5569 3732 5642 243).

815 5738 839 5774 ⁸
871 5733 1028 5793 Psal.
1052 5749 1177 5806 xv},
1212 5737 1298 5790 15.
1327 5734 1375 5770 ⁸⁸
1405 5731 1609 5791 Matth.
1631 5750 1730 5792 vn.
1764 5737 1853 5791 14.
