4468 6450
767 418 874 476 679

771 542 1014 601 Galilrem
1033 545 1304 601 versetur
1332 540 1593 614 (Galilaea
1618 546 1841 616 autem,
1869 540 1927 598 vi
1946 540 2107 599 vocis
2138 541 2425 613 spectata,

768 631 1061 689 humilem
1088 631 1288 688 locum
1327 630 1668 702 signiﬁcat),
1700 636 1899 705 atque,
1935 636 1994 687 ut
2021 631 2295 687 humana
2319 626 2431 684 fert

770 720 1056 788 conditio,
1091 720 1224 777 vitta
1255 720 1438 792 hujus
1463 719 1681 777 vallem
1712 718 2111 794 perambulet,
2144 717 2255 774 etsi
2282 732 2427 790 pau-

769 823 911 882 pere
936 808 1091 866 fabri
1120 813 1273 866 tecto
1301 809 1363 865 in
1394 810 1683 866 Nazareth
1705 825 1769 866 se
1799 808 2120 865 contineat.

842 899 937 954 lli.
971 898 1101 964 Qua
1128 898 1377 972 quidem
1424 898 1486 954 in
1537 914 1600 954 re
1631 914 1923 969 magnum
1950 900 2240 970 praeterea
2286 894 2431 951 latet

770 986 1160 1060 mysterium;
1185 991 1242 1043 et
1268 986 1433 1060 quod
1460 987 1663 1059 utique
1691 986 1867 1044 etiam
1894 986 1955 1042 in
1981 983 2297 1060 proverbio
2318 987 2426 1049 est,

769 1090 803 1132 e
832 1075 1018 1132 domo
1048 1080 1270 1147 prmsto
1295 1080 1381 1132 est
1414 1075 1826 1133 testimonium
1853 1076 1952 1147 (9).
1986 1078 2135 1132 Nam
2164 1073 2427 1146 paterfa-

769 1163 988 1231 milias,
1012 1168 1070 1221 et
1092 1180 1189 1221 ars
1213 1164 1463 1231 fabrilis,
1491 1180 1677 1238 quam
1704 1165 1832 1237 ipse
1857 1168 2110 1232 exercet,
2142 1176 2426 1235 compen-

771 1251 964 1309 diario
984 1257 1175 1310 totum
1206 1252 1397 1310 oculis
1429 1253 1785 1326 mysterium
1814 1252 2163 1324 subjiciunt.
2193 1253 2259 1308 Et
2280 1264 2427 1306 sane

767 1340 864 1397 vel
887 1342 1015 1415 ipse
1042 1357 1147 1398 rex
1176 1341 1364 1399 David
1401 1347 1670 1415 testatur,
1716 1342 1902 1400 Verbo
1952 1341 2195 1399 Domini
2249 1340 2426 1397 caelos

767 1431 1036 1501 ﬁrmatos
1087 1446 1209 1488 esse
1237 1432 1389 1503 (10);
1420 1431 1681 1489 Verbum
1733 1447 1914 1505 porro
1949 1430 2283 1486 subsistens
2313 1429 2424 1498 (11)

769 1518 1031 1590 intellige
1053 1524 1109 1577 et
1128 1520 1726 1592 supersubstantiale,
1759 1521 1864 1594 qui
1913 1535 2036 1576 non
2084 1518 2269 1574 modo
2298 1517 2428 1573 haec

769 1607 903 1664 coeli
931 1624 1222 1675 convexa,
1251 1608 1356 1665 sed
1380 1615 1438 1665 et
1484 1609 1821 1675 universas,
1870 1625 2008 1682 quae
2058 1606 2173 1664 hoc
2221 1605 2430 1663 omnia

769 1696 1274 1768 circumcingente
1300 1697 1534 1755 ambitu
1571 1699 1972 1767 continentur,
2001 1700 2305 1753 creaturas
2334 1710 2427 1752 ea-

768 1801 1021 1859 rumque
1042 1786 1318 1843 ordinem
1346 1787 1629 1844 tirmavit.
1653 1790 1820 1844 Nunc
1841 1790 2046 1843 autem
2064 1786 2162 1842 hic
2187 1782 2431 1841 advenit

765 1876 847 1932 ad
868 1875 1207 1949 collapsum
1230 1874 1474 1932 Davidis
1494 1875 1953 1932 tabernaculum
1974 1889 2181 1930 rursus
2203 1873 2282 1928 eri
2291 1887 2430 1943 gen-

767 1965 938 2036 dum,
968 1940 1047 2022 δέ
1070 1964 1402 2037 jucundius
1430 1965 1541 2035 (12)
1568 1964 2053 2021 restaurandum.
2089 1940 2432 2020 Defecerant
2461 1940 2505 1996 Β

762 2055 894 2128 jam
925 2054 1230 2129 principes
1260 2070 1291 2111 e
1337 2053 1497 2111 tribu
1525 2054 1716 2121 Juda;
1774 2054 2017 2111 Davidis
2065 2069 2311 2127 quoque
2345 2068 2430 2108 re-

769 2160 962 2216 gnum
1015 2143 1381 2201 dissolutum
1431 2148 1576 2212 erat,
1635 2149 1692 2201 et
1743 2143 1922 2200 simul
1975 2141 2431 2199 tabernaculum

767 2233 896 2306 ejus
928 2236 1257 2290 corruerat.
1309 2237 1413 2289 Ast
1465 2232 1646 2289 hodie
1694 2234 1758 2289 in
1789 2233 1963 2290 domo
1996 2231 2197 2289 David
2242 2246 2431 2288 cornu

766 2324 982 2380 salutis
1043 2323 1294 2394 erigitur
1342 2323 1488 2395 (t4);
1538 2321 1840 2395 siquidem
1884 2338 1917 2379 e
1963 2321 2189 2378 familia
2242 2319 2432 2377 David

768 2425 943 2467 suam
977 2410 1273 2482 Iosephus
1298 2410 1463 2465 ducit
1504 2409 1827 2481 originem.
1867 2411 2062 2466 Cornu
2092 2414 2295 2466 autem
2327 2424 2432 2465 no-

767 2504 901 2556 stra:
932 2498 1139 2556 salutis
1172 2498 1558 2565 estChristus,
1579 2499 1839 2572 quicum
1866 2504 1922 2555 et
1945 2499 2157 2556 Patris
2178 2498 2432 2554 dilectus

766 2592 841 2647 sit
874 2590 1067 2645 Filius
1098 2589 1236 2660 (15),
1291 2587 1454 2644 ﬁlius
1514 2588 1901 2645 unicornium
1948 2588 2288 2661 appellatus
2319 2592 2430 2653 est,

767 2682 1016 2735 canente
1028 2676 1334 2734 Psalmista
1363 2694 1377 2733 :
1412 2678 2431 2749 Etdilectusquemadmodumﬁtius

766 2767 1189 2837 unicorniumt
1205 2766 1307 2837 16).
1329 2766 1626 2838 Namipse
1648 2771 1705 2822 et
1730 2766 1792 2821 in
1840 2766 2013 2822 coeIis
2054 2770 2120 2822 ut
2161 2765 2430 2836 unigeni-

766 2860 862 2913 tus
902 2871 975 2911 ex
1014 2854 1144 2911 solo
1174 2857 1341 2911 Patre
1382 2859 1562 2910 natus
1593 2853 1834 2921 effulsit,
1867 2859 1924 2910 et
1951 2855 2010 2911 in
2043 2855 2214 2911 terris
2236 2870 2268 2910 e
2299 2854 2431 2910 sola

766 2948 958 3001 matre
986 2949 1153 3000 ortus
1183 2946 1272 2999 est
1308 2942 1370 2998 in
1400 2947 1692 3016 tempore,
1731 2943 1881 3015 ipse,
1940 2943 2214 3016 inquam,
2240 2943 2345 3015 qui
2374 2947 2432 3000 et

765 3034 1124 3103 exspectatio
1151 3035 1420 3104 gentium
1447 3032 1562 3103 (t7)
1593 3037 1843 3089 vocatus
1872 3031 2001 3088 fuit.
2059 3035 2177 3088 Hoc
2227 3033 2429 3105 itaque

766 3120 1225 3179 tabernaculum
1250 3136 1459 3176 rursus
1492 3120 1771 3189 aediﬁcat,
1804 3126 2087 3177 aeternam
2123 3136 2298 3176 suam
2327 3137 2427 3193 ip-

767 3210 891 3267 sius
905 3209 1187 3266 deitatem
1208 3209 1545 3283 quamdam
1571 3209 1748 3265 veluti
1767 3210 1963 3265 basim
1986 3226 2057 3266 ac
2074 3210 2431 3265 fundamen-

767 3304 895 3356 tum
915 3298 1346 3355 inconcussum
1378 3314 1752 3371 supponens,
1787 3302 1844 3354 et
1874 3313 2058 3371 super
2092 3298 2253 3354 hanc
2282 3296 2431 3354 illud
2462 3297 2494 3353 C

2468 3297 2502 3353 ί]
2541 3310 2678 3370 τίζιι
2742 3316 2837 3369 τήν
2894 3309 3166 3383 βασιλείαν

768 3393 1070 3445 exstruens
1087 3386 1432 3459 acﬁrmans,
1448 3386 1608 3460 quod
1628 3388 1875 3460 (sancto)
1905 3387 2121 3460 Spiritu
2149 3390 2431 3459 operante

767 3476 1125 3552 assumpsit.
1162 3479 1227 3533 Et
1242 3476 1360 3534 hac
1401 3476 1650 3550 quidem
1685 3476 1915 3534 ratione
1947 3492 2201 3547 regnum
2233 3476 2437 3537 statuit

772 3568 1207 3640 sempiternum
1233 3583 1247 3622 :
1270 3582 1417 3623 nam
1446 3567 1621 3636 regni
1645 3568 1773 3637 ejus
1794 3580 1912 3622 non
1932 3567 2042 3623 erit
2068 3567 2207 3636 ﬁnis
2232 3566 2364 3635 (18.)

838 3659 927 3714 1V.
960 3659 1096 3713 Haec
1131 3660 1189 3712 et
1238 3670 1345 3728 per
1372 3655 1700 3728 prophetas
1730 3655 2023 3728 praedicta
2074 3660 2231 3712 sunt.
2286 3656 2434 3711 Cum

768 3748 929 3805 enim
956 3747 1072 3804 ista
1099 3750 1157 3803 et
1184 3745 1282 3802 ille
1331 3744 1731 3818 polliceretur,
1783 3744 1889 3819 qui
1944 3745 2147 3802 fallere
2194 3744 2434 3801 nescius

766 3842 897 3895 est:
934 3838 1062 3893 Post
1092 3836 1239 3905 hac,
1270 3836 1487 3905 inquit,
1521 3841 1815 3901 revertar,
1850 3840 1905 3891 et
1949 3835 2321 3905 reardiﬁcabo
2349 3840 2435 3890 ta-

769 3927 1163 3985 bernaculum
1190 3925 1408 3996 David,
1472 3926 1633 3995 quod
1657 3924 1899 3991 decidit,
1958 3931 2014 3981 et
2060 3926 2267 3981 diruta
2303 3928 2434 3993 eius
2481 3993 2483 3996 φ

767 4015 1165 4085 νεκάίβεαόο,
1195 4020 1250 4070 et
1279 4016 1508 4085 erigam
1538 4014 1717 4085 illud,
1748 4019 1814 4069 ut
1866 4016 2185 4086 requirant
2236 4014 2437 4070 caeteri

768 4105 1073 4162 hominum
1103 4104 1451 4171 Dominum,
1480 4108 1535 4159 et
1561 4117 1759 4159 omnes
1791 4106 2015 4173 gentes,
2070 4118 2254 4173 super
2281 4116 2432 4175 quas

767 4194 1117 4249 invocatum
1150 4196 1235 4248 est
1264 4206 1477 4247 nomen
1506 4205 1703 4246 meum
1762 4205 1947 4259 super
2001 4205 2094 4247 eos
2139 4192 2278 4261 (l9).
2332 4190 2431 4246 Hic

768 4296 949 4355 porro
973 4284 1033 4337 et
1048 4284 1344 4353 tanquam
1375 4280 1532 4349 lapis
1559 4279 1875 4350 angularis
1898 4281 2009 4349 (20)
2029 4278 2268 4335 Iudaeos
2289 4294 2428 4335 cum

768 4369 1051 4442 gentibus
1070 4368 1413 4442 conjungit;
1442 4384 1513 4426 ac
1535 4384 1737 4440 pacem
1768 4384 1830 4425 se
1856 4370 2228 4426 annuntiare
2242 4369 2430 4439 proﬁ-

769 4528 1219 4605 splendoribus,
1237 4528 1418 4586 etiam
1436 4532 1765 4605 antequam
1800 4527 1883 4605 ab
1910 4527 2127 4599 angelo
2146 4528 2431 4605 salutare-

769 4600 887 4671 tur,
931 4601 1214 4667 enitebat,
1243 4607 1310 4656 ut
1338 4600 1569 4670 angelis
1596 4600 1979 4672 eminentior,
2010 4601 2293 4669 sanctior,
2321 4615 2432 4672 pu-

766 4670 911 4739 rior,
942 4672 1248 4744 pulchrior
1271 4671 1662 4744 praedicanda
1688 4670 1856 4727 foret.

842 4689 911 4739 >ι·,
942 4688 1248 4799 φιιιιοιιιυιοι·
1271 4688 1662 4744 praeaicanaa
1688 4688 1856 4727 IOI‘BI.

842 4746 919 4816 (9)
994 4743 1115 4816 aud
1145 4744 1358 4816 eodem
1384 4743 1563 4816 plane
1601 4758 1807 4810 sensu,
1868 4742 1950 4816 uti
1979 4746 2164 4813 patet,
2213 4745 2434 4799 Auctor

768 4813 1029 4887 usurpat
1046 4815 1357 4885 adagium,
1410 4813 1495 4887 ἀφ’
1527 4813 1701 4877 ἑστίας
1748 4815 1774 4865 ὁ
1814 4815 2034 4887 μάρτυς,
2083 4829 2154 4869 ac
2201 4821 2433 4870 veteres

771 4868 956 4960 erga
972 4868 1227 4943 "saera"
1241 4868 1708 4960 consueverunt,
1764 4868 1962 4960 οῖὶεοὸεν
1992 4868 2033 4937 δ’
2056 4868 2296 4960 Mm
2314 4868 2432 4941 Hoc

770 4959 934 5016 enim
963 4963 1341 5031 postremum
1362 4958 1423 5031 in
1451 4957 1965 5031 testemquadrat,
1990 4958 2105 5031 cui,
2126 4957 2433 5031 tanquam

770 5027 1196 5103 suspectotvix
1228 5028 1350 5085 ulla
1389 5029 1541 5085 ﬁdes
1583 5027 1797 5103 haberi
1841 5029 2066 5103 possit:
2120 5028 2183 5084 id
2231 5027 2433 5103 autem

767 5099 1315 5184 prorsusalienum
1346 5106 1434 5156 est
1462 5116 1520 5184 la
1549 5115 1736 5184 scopo
1762 5099 2072 5184 Germani.
2096 5100 2432 5184 P-utaverim

768 5170 993 5245 itaque,
1022 5180 1223 5230 testem
1250 5170 1756 5245 domesticumbic
1782 5170 2075 5244 appellari
2120 5171 2429 5239 Davidem,

770 5261 803 5301 e
828 5243 1001 5316 cujus
1031 5244 1318 5317 progenie
1349 5248 1559 5317 sancta
1592 5243 1766 5317 Virgo
1792 5243 2000 5317 exorta
2024 5248 2130 5297 est.
2164 5246 2435 5299 Testatur

770 5314 975 5374 autem
1005 5314 1214 5382 David,
1247 5317 1309 5371 in
1341 5314 1535 5371 fabrili
1561 5318 1686 5371 arte
1731 5314 1973 5386 Iosephi
2002 5318 2271 5386 prostare
2305 5330 2434 5386 myg

771 5386 935 5460 sterii
955 5392 1196 5460 typum,
1226 5390 1527 5460 quatenus
1559 5386 1656 5442 Dei
1687 5384 2217 5460 Verbumexhibet
2254 5384 2434 5442 veluti

768 5458 952 5532 hujus
974 5455 1576 5532 universi'artiﬁcem,
1603 5456 1707 5530 qui
1729 5456 1868 5513 dein
1892 5455 1971 5512 ad
1992 5456 2329 5532 collapsum
2350 5462 2434 5514 ta-

766 5527 1169 5589 bernaculum
1190 5527 1659 5587 restaurandum
1690 5544 1942 5585 manum
1971 5527 2275 5585 admovet.

843 5603 960 5676 (10)
985 5602 1139 5660 Psal.
1168 5608 1351 5671 xxxii,
1413 5606 1466 5658 6.
1511 5600 1694 5658 Verbo
1727 5601 1971 5657 Domini
2023 5602 2160 5658 creti
2205 5602 2437 5672 ﬁrmati

768 5679 931 5733 sunt.

843 5747 957 5824 (11)
981 5747 1266 5817 Ἐνούσιος,
1312 5745 1409 5804 cui
1451 5743 1780 5820 opponitur
1823 5743 1976 5819 λόγος
2022 5747 2338 5819 προφορικός
2379 5747 2435 5803 et

1930 402 2243 475 canum:
2268 395 2314 469 ir
2345 395 2456 471 c'P.

2488 398 2952 480 PATRIARCHE
4035 420 4142 480 ssc

2538 538 2708 610 λαίας,
2742 545 2811 607 εἰς
2864 544 3252 605 κατακνλιστήν
3296 543 3358 600 δέ
3409 546 3439 606 ἦ
3493 544 3743 600 Γαλιλαία
3796 527 4144 618 μεταγλωττί

2542 628 2707 695 ζεται,
2738 639 2829 687 καὶ
2867 640 2963 695 τὴν
2991 643 3081 689 τοῦ
3121 635 3246 710 βίου
3295 631 3525 688 κοιλάδα
3582 644 3720 708 πατῇ
3784 636 4145 710 ἁνθρωποπρι-

2539 727 2671 784 πῶς,
2705 723 2799 775 κᾶν
2828 729 2913 777 ἐπὶ
2950 732 3048 788 τῆς
3080 725 3325 800 Ναζαρέτ
3377 733 3448 797 τῷ
3499 732 3735 799 πενιχρῷ
3765 731 3858 777 τοῦ
3914 728 4145 783 τέκτονος

2540 809 2874 881 ουγκλιίηται
2913 814 3182 888 οἰκήματι.

2611 898 2679 956 Γ’.
2711 905 2798 957 Ἐν
2922 901 2989 963 δή
3054 910 3144 957 καὶ
3199 908 3258 956 τὸ
3314 907 3451 977 μέγα
3502 908 3788 976 μυστήριον
3837 901 4147 973 ἐνθαλαμεύ-

2539 1007 2647 1042 εται
2685 1012 2697 1023 ·
2735 997 2825 1045 καὶ
2884 992 2967 1066 ἀφ’
3008 998 3185 1057 ἑστίας
3214 996 3240 1046 6
3293 996 3513 1069 μάρτυς,
3557 995 3583 1046 δ
3632 989 3806 1051 δήπου
3859 997 3949 1045 καὶ
3999 992 4144 1063 λέγε-

2537 1097 2644 1134 ται.
2709 1088 2772 1133 Ὀ
2834 1084 2933 1157 γὰρ
3002 1079 3381 1145 οἰκοδεσπότης
3437 1086 3618 1136 καὶτὸ
3674 1085 3860 1135 τοὺτου
3898 1082 4147 1153 τεχνούρ-

2536 1188 2685 1243 γημα
2736 1175 2794 1224 τό
2858 1178 2960 1225 πᾶν
3016 1176 3066 1226 ὶν
3129 1173 3283 1246 ὀλίγῳ
3345 1170 3626 1246 διαγράφει
3683 1176 4002 1245 μυστήριον.
4059 1176 4144 1238 Τῷ

2536 1256 2670 1330 λόγῳ
2727 1264 2816 1332 μέν
2882 1262 2969 1314 οὖν
3039 1267 3233 1337 Κυρίου
3298 1260 3647 1336 ὶστιριῶσθαι
3696 1264 3817 1322 τοὺς
3870 1259 4145 1325 οὐρανούς,

2537 1352 2627 1400 καὶ
2653 1349 2678 1399 6
2739 1347 2987 1423 βασιλεὺς
3026 1347 3194 1403 Δαυῐδ
3243 1358 3499 1426 μαρτυρεί
3527 1371 3540 1384 -
3573 1351 3599 1402 6
3640 1346 3700 1402 δέ
3741 1348 3889 1420 λόγος
3918 1346 4147 1406 ἐνούσιος

2538 1442 2628 1490 καὶ
2653 1439 2979 1513 ὑπιρούσιοςο
3018 1445 3107 1493 καὶ
3150 1440 3209 1492 οὐ
3265 1442 3353 1493 τὸν
3392 1443 3575 1513 ὄροφον
3633 1446 3812 1492 τοῦτον
3865 1440 4147 1511 ἐστερέωσε

2538 1531 2711 1599 μόνον,
2746 1527 2875 1580 ἀλλὰ
2922 1535 3011 1582 καὶ
3057 1536 3232 1582 πᾶσαν
3262 1535 3355 1588 τήν
3409 1528 3551 1589 ἐντός
3610 1536 3703 1591 τῆς
3759 1544 4147 1596 παντοστεγους

2542 1620 2766 1690 σφαίρας
2811 1616 3304 1691 ἐμπεριειλημμένην
3359 1620 3618 1670 σύστασίν
3660 1635 3714 1668 τε
3768 1620 3858 1667 καὶ
3927 1618 4145 1688 σύγκρι-

2542 1723 2644 1760 σιν.
2702 1705 2851 1759 "Hm
2890 1703 2949 1759 δί
2991 1715 3079 1759 νῦν
3110 1711 3203 1766 τὴν
3251 1715 3582 1760 πεπτωκυῖαν
3640 1712 3732 1758 τοῦ
3789 1700 3956 1757 Δαυῑὸ
4020 1721 4149 1761 σκη-

2733 1793 3059 1866 ἀναστὴτων,
3121 1801 3211 1849 καὶ
3310 1795 3611 1848 ἀνανεωσων
3704 1793 4145 1865 ἐπιτερπέστερον.

2541 1883 2928 1937 Ἐκλιλοίπασιν
2980 1888 3031 1937 οἱ
3096 1885 3151 1938 ἐκ
3216 1893 3310 1948 τῆς
3376 1880 3557 1939 Ἰούδα
3618 1884 3780 1957 φυλῆς
3845 1884 4145 1957 ἄρχοντες.

2542 1970 2945 2027 συνδιαλίλυται
2973 1980 3062 2027 καὶ
3106 1977 3135 2034 η
3199 1973 3447 2047 βασιλεία
3498 1970 3685 2041 Δαυῑδ,
3754 1977 3840 2025 καὶ
3869 1973 3898 2030 ἡ
3950 1973 4146 2023 τούτου

2543 2069 2708 2121 σκηνή
2768 2069 3174 2137 κατηριίπωται.
3231 2064 3513 2137 Ἐγείρεται
3567 2060 3625 2116 δὲ
3681 2067 3837 2138 κέρας
3885 2064 4147 2133 σωτηρίας

2544 2156 2771 2225 σήμερον
2810 2152 2857 2204 ἐν
2903 2156 3028 2225 οἱκῳ
3058 2149 3246 2222 Amici,
3298 2157 3463 2205 ιῖτουν
3516 2159 3609 2204 τοῦ
3665 2153 3721 2204 ἔκ
3760 2150 3923 2224 φυλῆς
3980 2145 4149 2202 Δαυῑδ

2541 2241 3008 2312 γενεαλογουμένου
3070 2243 3282 2314 Ἰωσήφ.
3351 2245 3517 2314 Κέρας
3573 2237 3633 2293 δὲ
3688 2243 3945 2314 σωτηρίας
3999 2238 4147 2309 ἡμῶν

2542 2331 2569 2381 6
2602 2325 2852 2405 Χριστός,
2907 2332 2958 2393 ὃς
3013 2337 3101 2384 καὶ
3166 2333 3502 2403 ἠγαπημένος
3538 2330 3605 2381 ὢν
3641 2328 3761 2391 Υἱός
3799 2335 3892 2380 τοῦ
3919 2329 4144 2400 Πατρός,

2542 2421 2655 2482 υἱός
2720 2427 3083 2494 μονοκιρὼτων
3159 2422 3463 2493 ὠνόμασται
3550 2422 3639 2471 καὶ
3704 2420 3731 2470 6
3788 2419 4145 2489 ὴγαπημένος,

2541 2506 2761 2580 ᾄδοντος
2825 2511 2918 2562 τοῦ
2984 2509 3215 2583 ψαλμοῦ,
3276 2512 3341 2571 ὡς
3397 2509 3510 2571 υἱός
3600 2512 3982 2581 μονοκερώτων.
4049 2507 4149 2557 Καὶ

2540 2600 2646 2651 οἰνω
2709 2600 2812 2673 γάρ
2877 2607 3158 2672 μονογινῶς
3255 2596 3309 2650 ἐκ
3411 2602 3569 2670 μόνου
3631 2595 3992 2671 προεξηύγασι
4054 2600 4147 2645 τοῦ

2542 2691 2769 2762 Πατρός,
2813 2694 2899 2741 καὶ
2966 2687 3110 2740 κάτω
3164 2689 3475 2763 προσφάτως
3503 2688 3530 2739 6
3561 2686 3718 2748 αὐτός
3747 2684 3802 2737 ἐκ
3840 2688 4000 2757 μόνης
4046 2700 4148 2754 μη-

2540 2782 2661 2851 τρός
2769 2776 3125 2831 ἀνατέταλκεν·
3195 2779 3221 2830 6
3287 2776 3443 2839 αὐτὸς
3510 2773 3569 2829 δὲ
3668 2780 3758 2828 καὶ
3846 2769 4149 2849 προσδοκία

2541 2866 2694 2920 ἐθνῶν
2749 2871 3155 2941 προηγόρεϋται.
3226 2862 3584 2939 Ἀνοικοδομεί
3627 2869 3798 2917 τοίνυν
3860 2867 3954 2920 τὴν
4020 2880 4147 2919 σκη-

2539 2961 2630 3014 νὴν
2686 2959 2903 3026 ταύτην,
2951 2958 3059 3009 οἷόν
3125 2975 3241 3008 τινα
3295 2954 3457 3028 βάσιν
3513 2958 3602 3007 καὶ
3641 2951 3879 3025 θέμεθλον
3943 2949 4145 3025 ἀρραγῆ

2538 3042 2860 3103 τὴν’ἐαυτοῡ
2919 3041 3093 3098 ἀίδιον
3151 3044 3462 3105 ὑποστήσας
3508 3045 3729 3100 θεότητα
3778 3062 3792 3075 ο
3854 3041 4149 3109 καὶταύτῃ

2540 3120 2968 3205 ἓποικοὸομήσας
3021 3138 3111 3185 καὶ
3172 3130 3517 3205 ἐπιστηρίξας
3577 3133 3636 3182 τὸ
3698 3128 4024 3203 πρόσλημμα
4084 3132 4147 3197 τῇ

2541 3220 2911 3295 ἀρχιτεκτονίᾳ
2956 3228 3050 3274 τοῦ
3127 3224 3424 3294 Πνεῦματος
3481 3219 3606 3285 (13),
3663 3218 3824 3278 οὕτως
3878 3216 4153 3268 ἀπαθανα-

3226 3330 3238 3344 ·
3297 3318 3395 3371 τῆς
3456 3310 3558 3382 ’γὰρ
3628 3306 3902 3381 βασιλείας
3992 3303 4155 3356 αὐτοῦ

2538 1798 2630 1852 νην

2544 3399 2638 3452 οὐκ
2670 3402 2818 3452 ἔσται
2838 3400 3001 3461 τέλος.

2618 3649 2685 3706 Δ’.
2717 3657 2898 3704 Ταῦτα
2955 3653 3046 3703 καὶ
3104 3645 3199 3702 διὰ
3252 3657 3349 3702 τῶν
3402 3654 3679 3722 προφητῶν
3746 3641 4148 3721 προλελάληται.

2548 3745 2649 3793 Καὶ
2698 3741 2723 3793 6
2792 3738 3236 3811 ἀπαγγειλάμενος
3289 3734 3527 3809 ἀψευδής
3561 3757 3574 3769 ·
3606 3738 3754 3788 Μετὰ
3799 3741 3968 3787 ταῦτα
4021 3734 4148 3806 γάρ,

3222 3832 3312 3880 καὶ
3386 3820 3786 3897 ἀνοικοδομήσω
3868 3827 3960 3881 τήν
4022 3840 4153 3878 σκη-

3582 3918 3673 3965 καὶ
3747 3914 4155 3983 κατεσκαμμένα

3964 4000 4149 4068 αὐτὴν,

2546 3834 2727 3902 φησίν,
2795 3828 3129 3902 ἀναστρέψω,

2543 3924 2634 3978 νην
2700 3916 2868 3971 Δαυῑδ
2950 3923 3043 3976 τὴν
3141 3922 3493 3985 πεπτωκυῖαν,

2544 4011 2674 4067 αὐτῆ
2687 4029 2708 4070 ς
2829 4003 3043 4059 ἀνοικοδ
3048 4026 3072 4059 ο
3077 4010 3148 4079 μή
3159 4025 3253 4073 σω,
3368 4010 3457 4057 καὶ
3568 4004 3850 4077 ἀνορθώσω

2746 4098 2808 4149 οἶν
2909 4096 3273 4157 ἐκζητήσωσιν
3339 4099 3388 4147 οί
3454 4092 3760 4145 κατάλοιποι
3824 4099 3925 4143 τῶν
3957 4088 4155 4161 ἀνθρώ-

2542 4207 2650 4240 πων
2743 4190 2830 4238 τὸν
2900 4188 3109 4259 Κύριον,

2542 4275 2878 4334 ἐπικέκληται
2961 4279 3020 4328 τὸ
3088 4275 3249 4327 ὄνοπά
3314 4292 3414 4346 μου
3484 4271 3562 4324 ἐπ’
3627 4271 3833 4331 αὐτούς.
3900 4268 4160 4322 Ἐνταῦθα

2544 4362 2603 4419 δὲ
2667 4369 2758 4418 καὶ
2814 4368 2879 4425 ὡς
2937 4362 3309 4440 ἰικρογωνιαῖος
3345 4361 3488 4423 λίθος
3544 4355 3842 4420 Ἰουδαίους
3903 4358 4158 4409 συναπτει

2543 4098 2683 4160 ὃπως

3204 4190 3295 4237 καὶ
3359 4184 3533 4236 πάντα
3595 4183 3663 4233 τὰ
3718 4183 3858 4251 ἔθνη,
3928 4178 4002 4251 ἐφ’
4064 4181 4156 4240 οὺς

2543 4524 2924 4611 ἆνούςιος.ΑῙξᾶ
2943 4523 3018 4611 die
3040 4539 3102 4579 re
3130 4521 3382 4611 Cyrinus
3408 4520 3534 4593 (lib.
3554 4536 3594 4575 v
3614 4520 3679 4605 in
3696 4520 3873 4601 Joan.
3888 4530 4061 4611 .ncap.
4096 4531 4152 4583 v,

2542 4614 2599 4653 ν.
2632 4598 2764 4664 29):
2802 4598 2915 4653 Οὐκ
2969 4598 3109 4649 ἔστιν
3169 4590 3547 4659 ἇνυπὸστατος,
3602 4593 3777 4664 ὥσπερ
3832 4590 4154 4664 ἀνθρώπινος

2542 4614 2599 4653 ν.
2632 4609 2764 4664 29):
2802 4609 2915 4653 υυκ
2969 4609 3109 4649 ἐστιν
3169 4609 3547 4659 ανυποστατος,
3602 4609 3777 4715 ωσπεὲ
3832 4609 4154 4662 ανυρωπινος

2468 4652 2511 4711 n
2541 4669 2690 4742 λόγος
2752 4668 2857 4721 ἀλλ’
2904 4667 3132 4728 ἐνούσιός
3176 4685 3232 4719 τε
3287 4686 3378 4742 και
3430 4668 3529 4742 ζῶν
3588 4662 3734 4742 (bii
3780 4666 3858 4712 ίαν
3906 4662 4063 4742 ἔχων.
4103 4663 4154 4741 ἐν

2545 4730 2715 4814 Πάτρὶ
2737 4760 2827 4792 και
2847 4742 2979 4814 μιτὰ
3004 4742 3207 4812 Πατρός
3230 4742 3324 4795 τὴν
3355 4734 3595 4814 ᾇπαρξινα
3615 4733 3755 4814 Non
3778 4730 3941 4814 caret
3964 4730 4157 4814 suasi-

2542 4805 2783 4881 stentia,
2799 4805 2863 4866 ut
2883 4805 3214 4867 humanum
3244 4805 3512 4881 verbum,
3526 4805 3628 4862 sed
3646 4805 3965 4881 subsistens
3983 4808 4065 4858 est
4086 4817 4156 4857 ac

2544 4875 2847 4951 vivens,'ut
2869 4885 2973 4955 qui
2991 4885 3303 4955 propriam
3325 4882 3389 4936 in
3412 4880 3598 4936 Patre
3619 4882 3673 4933 et
3696 4892 3829 4933 cum
3851 4875 4033 4930 Patre
4057 4888 4154 4929 ea:-

2544 4954 2891 5013 sistentiam’
2907 4954 3103 5011 habet.

2612 5026 2885 5100 (πνείει
2936 5026 3224 5100 fortepro
3282 5021 3704 5100 ἐπιτερπέστερον
3750 5016 4153 5100 (ῑᾳςυηοέξαεὶν

2543 5090 2872 5170 legendum
2942 5097 3016 5170 sit
3091 5090 3523 5170 ἐπιπρεπέστέρον
3600 5090 4156 5165 (magniﬁcentius),

2542 5168 2723 5244 prout
2745 5186 2841 5244 res
2864 5168 3044 5244 malle
3072 5168 3331 5244 videtur.

2616 5242 2731 5313 (t3)
2764 5240 2905 5296 Cod.
2932 5239 3291 5313 particulam
3322 5241 3414 5289 καὶ
3439 5235 3535 5293 bis
3566 5233 3798 5308 repetit.

2614 5317 2731 5384 (14)
2765 5314 2901 5367 Luc.
2926 5316 3072 5373 1,69.

2617 5384 2731 5452 (15)
2761 5385 2903 5439 Luc.
2932 5400 3014 5450 ιιι,
3047 5387 3136 5438 22.

2617 5456 2732 5597 (l6;
2762 5455 2917 5511 Psal.
2944 5470 3147 5511 xxvm.
3182 5458 3235 5510 6.

2617 5532 2702 5597 (17
2763 5529 2907 5584 Gen.
2936 5543 3093 5593 χιιι,
3124 5527 3209 5581 10.

2615 5527 2729 5597 (17)
2763 5529 2907 5584 Gen.
2936 5543 3093 5593 χιιι,
3124 5527 3209 5581 10.

2616 5603 2732 5669 (18)
2762 5601 2901 5656 Luc.
2931 5615 2971 5666 1,
2995 5602 3082 5655 33.

2619 5667 2732 5744 (19)
2758 5675 2889 5728 Act.
2926 5686 3026 5737 xv,
3058 5675 3138 5737 l5,
3177 5673 3239 5726 16
3269 5684 3342 5744 ei:
3362 5672 3546 5744 ramos
3575 5682 3654 5744 ιζ,
3685 5669 3783 5744 il,
3808 5667 3891 5744 l2.

2619 5737 2732 5817 (20)
2765 5744 2878 5800 Isa.
2910 5758 3108 5813 xxvm,
3144 5746 3246 5800 {6:
3279 5740 3429 5815 Eph.
3461 5754 3521 5808 ιι,
3553 5740 3660 5798 20:
3701 5742 3722 5796 ι
3750 5739 3903 5795 Petr.
3930 5750 3990 5803 ιι,
4019 5737 4079 5791 6.
