4468 6450
299 406 401 470 681

301 532 415 599 τοῖς
457 535 645 603 ιονεσι,
695 536 786 587 καὶ
841 537 950 596 τοῖς
992 534 1195 607 μαρκὰν
1249 535 1340 586 καὶ
1391 541 1499 596 τοῖς
1551 532 1704 607 ἐγγύς
1757 531 1909 606 lira-y-
1939 529 1988 584 Α

293 623 527 696 γίλλεται
617 623 823 699 εἰρήνην
909 622 1336 696 εύαγγελίζεσθαι
1404 643 1417 658 ·
1488 628 1578 677 καὶ
1639 623 1698 676 ού
1757 627 1909 696 μόνον

296 713 383 767 ἐπὶ
422 715 604 790 θρόνου
662 709 830 767 Δαυίδ
891 719 984 766 τοῦ
1045 716 1245 788 πατρὸς
1307 711 1469 766 αὐτοῦ
1531 715 1668 766 κατὰ
1735 714 1912 788 σάρκα

297 800 614 877 ἐνιδρύεται,
644 802 773 856 ὰ).λοὶ
820 807 909 855 καὶ
961 799 1231 875 βασιλεύει
1260 804 1286 854 ό
1339 806 1467 865 Θεὸς
1516 803 1601 856 ἰπὶ
1635 804 1702 854 τὰ
1767 803 1906 860 ἔθνη.

301 898 435 946 Πότε
501 889 580 959 δε,
651 891 709 945 τό
789 890 1102 963 ἐπαγόμενον
1177 899 1268 951 τῆς
1343 896 1654 967 προφητείας
1731 887 1906 948 δηλοῖ.

303 985 478 1035 Εἰπὼν
524 983 626 1055 γὰρ
683 1001 696 1015 ·
746 979 805 1033 Ὀ
859 983 986 1042 Θεὸς
1077 978 1406 1033 ἕϐασίλευσεν
1486 979 1569 1033 ἐπὶ
1626 981 1689 1032 τὰ
1770 981 1910 1048 ἔθνη,

302 1069 560 1142 ἐπήγαγεν
641 1090 655 1104 ο
725 1068 784 1122 Ὀ
848 1072 976 1132 Θεὸς
1047 1071 1272 1127 κάθηται
1345 1068 1429 1122 ἐπὶ
1518 1071 1700 1143 θρόνου
1753 1067 1909 1139 ἁγίου

306 1160 491 1216 αὐτοῦ.
559 1159 620 1212 Ὀ
651 1155 710 1212 δε
775 1157 916 1211 ἔστιν
965 1160 995 1217 ἡ
1059 1160 1332 1231 Παρθένος,
1388 1159 1507 1210 καθ’
1569 1159 1630 1217 ἣν
1687 1156 1910 1232 ἐνθρονιο

309 1251 450 1310 σθεὶς
500 1244 596 1302 διὰ
621 1255 713 1310 τῆς
745 1246 798 1311 ἐξ
859 1247 1019 1308 αὐτῆς
1075 1254 1405 1322 σαρκώσεως,
1473 1253 1568 1309 τῆς
1611 1255 1711 1299 τῶν
1759 1247 1912 1299 ἐθνῶν

305 1336 651 1411 βεϐασίλευκε
727 1341 1110 1412 πανσπερμίας,
1209 1338 1418 1395 ὑπήκοα
1519 1343 1684 1389 ταῦτα
1746 1355 1913 1409 παρα-

308 1445 410 1484 στη
420 1429 636 1499 σάμενος
657 1426 822 1496 ἐαυτῷ
832 1467 843 1481 .

377 1515 533 1568 οὑτω
555 1519 646 1588 μίν
694 1511 782 1567 οὖν
811 1515 1073 1587 νομισθεὶς
1113 1519 1294 1588 Πατήρ
1323 1523 1416 1568 τοῦ
1455 1512 1552 1568 ,ἰπὶ
1607 1523 1708 1586 γῆς
1739 1512 1915 1587 ὀφθέν-

303 1624 394 1668 τος
442 1612 598 1672 Θεοῦ,
655 1609 747 1663 τὴν
807 1602 1003 1677 βουλήν
1060 1607 1507 1680 προεσχημοίτισε
1561 1613 1633 1675 τῷ
1691 1609 1916 1679 σφετέρῳ

306 1689 688 1766 ἇπιτηδεύματι
718 1701 812 1755 τῆς
864 1697 1041 1755 κοινῆς
1091 1701 1184 1746 τοῦ
1242 1699 1424 1764 γένους
1481 1695 1624 1765 ἡμῶν
1683 1692 1921 1766 ἀμαπ).οὲο

310 1801 464 1846 σεως.
531 1785 689 1841 Καὶή
759 1785 1015 1854 Παρθίνος
1082 1779 1141 1835 δι
1188 1781 1474 1855 ἀξιόχρεως
1542 1780 1780 1843 διάκονος
1846 1786 1921 1843 εὶς

308 1879 408 1931 την
470 1876 660 1933 ταύτης
720 1868 1149 1945 ἀνοικοδόμησιν,
1238 1872 1331 1925 οὐκ
1396 1873 1595 1944 εξωθιν,
1647 1871 1755 1924 ἀλλ’
1836 1870 1919 1944 ἀφ’
1954 1893 1992 1947 Β

308 1964 500 2023 ἑαυτῆς
529 1970 846 2034 χορηγοῦσα
873 1965 968 2024 τὰς
1011 1964 1306 2033 πανάγνους
1337 1962 1462 2024 ὔλας
1490 1967 1578 2014 καί
1631 1970 1702 2033 τῷ
1786 1961 1923 2032 asta

306 2049 631 2123 ἐπιτηδείας,
667 2049 719 2115 ἐξ
761 2053 885 2109 ὧνή
942 2053 1092 2113 ζῶσα
1138 2057 1296 2125 σοφία
1375 2061 1466 2104 τοῦ
1518 2061 1653 2105 Θεοῦ
1706 2056 1793 2104 τόν
1844 2052 1924 2103 οἷ-

321 2159 412 2194 κον
515 2141 670 2214 ἑαυτῇ
779 2139 1139 2212 ᾠκοδόμησεν,

314 2229 450 2282 ἑπτά

1236 2141 1596 2216 ἇρηρεισμένον
1719 2140 1926 2202 στύλοις

506 2251 519 2263 ο
557 2231 960 2302 τοσαυτάριθμα
1019 2232 1120 2303 γὰρ
1185 2237 1278 2281 τοῦ
1349 2233 1644 2302 Πνεῦματος
1706 2232 1773 2280 τὰ
1826 2249 1926 2299 χα-

315 2323 596 2392 ρίσματαο
653 2317 708 2370 ἐκ
762 2322 1058 2391 Πνεύματος
1107 2314 1166 2371 δε
1223 2319 1376 2390 ἁγίου
1425 2325 1514 2371 καὶ
1571 2319 1600 2376 ἡ
1665 2318 1928 2390 σύμπηξίς

314 2417 416 2460 τοῦ
442 2407 641 2483 προσ·λὴ
651 2427 856 2481 μματος
880 2408 1016 2478 (21).

391 2499 472 2554 Ε’.

319 2593 413 2640 καὶ
476 2584 715 2648 διανοίας
782 2586 998 2659 ἄγγελος
1054 2587 1420 2660 χαμαιζήλου,
1480 2588 1563 2639 ἐπὶ
1630 2587 1930 2645 τηλικοῦτον

542 2498 696 2551 Ἀλλά
752 2507 862 2559 πῶς
918 2497 979 2549 ἂν
1037 2500 1061 2550 ὁ
1112 2498 1232 2570 ἐμὸς
1299 2497 1472 2569 λόγος,
1523 2501 1806 2572 χαμερπὴς
1863 2498 1930 2548 ὠν

319 2678 453 2749 ὕψος
521 2676 933 2750 ἐπιτολμήσειεν,
1015 2679 1084 2738 ὡς
1179 2674 1394 2729 θεοειδεῑ
1469 2677 1933 2750 συμπτερύξασθαι

317 2766 694 2842 πρωταγγέλῳ,
726 2770 977 2839 καὶπρὸς
1043 2768 1156 2840 ὅρος
1217 2774 1368 2818 τοῦτο
1439 2768 1638 2838 φθάσαι
1698 2786 1757 2819 το
1823 2769 1933 2818 θεο-

322 2853 604 2922 ϐοξδιστον,
633 2859 702 2917 ὡς
749 2859 870 2930 πρὶν
911 2862 1110 2917 Μωσῆς
1157 2855 1241 2908 ἐπὶ
1270 2859 1326 2907 τό
1384 2858 1503 2908 Σινά
1533 2872 1546 2922 ;
1580 2856 1639 2908 Εἰ
1689 2859 1789 2931 γὰρ
1846 2857 1935 2908 καὶ

318 2947 471 3017 ἡμεῖς
510 2946 646 2996 κατὰ
712 2948 807 3001 τὴν
873 2941 1159 2996 ἐνεστῶσαν
1225 2946 1422 3002 ταύτην
1479 2946 1675 3018 ἡμέραν
1740 2948 1798 2996 τό
1842 2954 1935 3006 τῆς

327 3039 578 3094 νηστείας
604 3031 821 3106 ἀνύομεν
877 3035 1450 3108 τεσσαρακονθήμερον,
1508 3033 1614 3086 ἀλλ’
1668 3034 1796 3106 ούχί
1847 3039 1938 3086 καὶ

326 3129 426 3183 τὴν
457 3127 649 3176 ἑκείνου
695 3128 908 3198 φέρομεν
968 3125 1226 3196 κάθαρσιν
1289 3144 1301 3156 ·
1338 3125 1419 3176 ὅτι
1469 3120 1608 3196 μηδι
1658 3124 1771 3176 κατ’
1804 3123 1938 3176 ἐκεῖ·

331 3234 416 3266 νον
467 3215 614 3286 ἡμεῖς
641 3217 945 3277 νηστευταὶ,
1011 3218 1099 3264 καὶ
1156 3209 1308 3265 οὐδὲν
1373 3222 1474 3265 τῶν
1525 3211 1940 3284 θαυμαστωσὰν-

334 3323 437 3354 των
468 3302 654 3355 ἐκεῖνον
685 3301 1026 3374 πλουτοῦμεν,
1074 3303 1152 3353 ὅτι
1211 3306 1281 3374 μὴ
1343 3307 1434 3360 τὴν
1498 3300 1944 3375 Βραδυγλωσσίαν

327 3396 493 3465 μόνην
559 3397 648 3444 καὶ
705 3394 762 3444 τό
819 3391 1164 3464 ἰσχνόφωνον.
1223 3391 1291 3444 ’Ἠ
1350 3401 1459 3454 πῶς
1516 3395 1577 3445 οἶν
1632 3392 1944 3469 ἀπρόσκοπα

331 3486 428 3540 τὴν
484 3479 566 3534 ἐπὶ
624 3482 718 3539 τήν
770 3483 1014 3554 Ναζαρέτ
1071 3478 1381 3554 βαδισωμεν
1438 3487 1716 3556 φέρουσαν,
1775 3483 1818 3536 εἰ
1867 3487 1938 3556 μή

330 3575 467 3633 Θεὸς
509 3570 836 3633 ἐξαποστελεί
891 3573 975 3624 τόν
1029 3571 1246 3644 ἄγγελον
1301 3571 1460 3625 αὐτοῦ
1504 3577 1604 3648 πρὸ
1657 3580 1942 3646 προσώπου

326 3667 422 3713 τοῦ
473 3665 669 3732 Λόγου,
729 3665 818 3712 καὶ
862 3666 955 3718 τήν
1009 3657 1132 3713 ὁδόν
1206 3663 1497 3734 ἔμπροσθεν
1569 3663 1730 3714 αὐτοῦ
1786 3682 1943 3715 κατα-

332 3753 581 3802 σκευάσει
658 3746 968 3802 εὐδιάϐοέτον
1030 3768 1042 3814 ;

1971 3257 2010 3310 C

1137 3750 1260 3803 Ὑπὸ
1336 3769 1507 3804 τοινυν
1568 3761 1786 3824 προηγῷ
1874 3760 1944 3823 τῷ

326 3835 608 3911 φωτοειδεί
683 3843 850 3910 τούτῷ
917 3836 1231 3913 ἀρχαγγέλῷ
1332 3839 1594 3913 ἀγόμενοι,
1656 3836 1709 3893 εὖ
1798 3838 1941 3908 οἶδα,

327 3930 865 4001 κατευθυνθησόμεθα
913 3928 986 3990 εἰς
1067 3925 1190 3981 ὁδόν
1253 3929 1480 4002 εἰρήνης.

323 4016 459 4071 εἰσιν
515 4020 563 4071 οἱ
646 4015 807 4080 πόδες

1566 3930 1770 4006 Ὠραῐοι
1843 3934 1944 4006 γὰρ

910 4018 1070 4071 αὐτοῦ
1163 4019 1620 4092 εὐαγγελιζομένου
1686 4027 1745 4092 τῇ
1810 4037 1946 4072 παν-

323 4112 470 4182 άγνῳ
552 4112 757 4183 εἰρήνην
837 4114 927 4161 καὶ
994 4109 1168 4181 ἀγαθά
1229 4132 1242 4143 ο
1311 4115 1532 4186 Χριστός
1591 4108 1649 4164 δε
1719 4112 1859 4164 ἔστιν
1913 4114 1942 4170 ἡ

325 4200 510 4273 εἰρήνη
544 4201 712 4272 ἡμῶν.
765 4197 916 4252 Ἦκει
968 4202 1068 4272 γὰρ
1124 4203 1188 4252 τὰ
1243 4197 1506 4252 διεστῶτα
1556 4201 1808 4272 συνάψαι,
1857 4207 1948 4254 καὶ

332 4293 403 4342 τὰ
459 4286 835 4362 διαμαχόμενοι
909 4289 1227 4364 εἰρηνεῦσαι,
1275 4289 1470 4362 ἀγαθά,
1502 4294 1568 4342 τὰ
1617 4291 1672 4343 ἐκ
1739 4300 1833 4353 τῆς
1882 4293 1948 4344 εἰ·

323 4385 493 4456 ρὴνης
564 4383 763 4441 ταύτης
859 4375 1093 4450 δαψιλῶς
1149 4387 1219 4446 τῷ
1274 4385 1457 4454 κόσμῳ
1512 4380 1830 4453 πηγάσαντᾶ
1883 4389 1944 4453 τῇ

325 4479 421 4531 τῆς
445 4475 782 4544 Θεομὴτορος
806 4475 1069 4543 μεσιτείᾳ.

1981 4620 2023 4674 D

371 4815 376 4818 ⁴
405 4808 525 4882 (21)
547 4806 689 4866 Cod.
725 4808 1123 4885 προσλὴματος.

411 4887 550 4955 (21η
584 4885 696 4955 Isa.
734 4896 860 4953 Lvu,
888 4887 970 4955 19.

409 4954 526 5024 (22)
547 4953 702 5026 Psal.
727 4953 1003 5020 exui,“
1032 4973 1044 5025 ;
1070 4958 1179 5012 lsa.
1203 4971 1285 5026 1x,
1309 4959 1340 5010 7
1363 4973 1375 5024 ;
1397 4956 1610 5012 Jerem.
1635 4971 1835 5025 xxxvx,
1860 4959 1951 5014 30.

409 5029 529 5096 (23)
563 5025 718 5081 Psal.
739 5042 896 5095 XLVI,
929 5030 981 5083 9.

415 5099 535 5172 (24)
563 5097 855 5172 1bid._sec._
881 5114 1011 5170 LIX,
1059 5098 1164 5172 qui
1207 5098 1413 5171 legunt
1462 5098 1792 5152 ἑϐασίλευσεν
1844 5102 1960 5172 (re-

340 5169 603 5244 gnavit),
616 5169 734 5244 ubi
751 5169 1038 5244 Vulgatus
1060 5169 1247 5244 habet
1273 5169 1567 5242 regnabit.

420 5242 634 5312 (25-25)
658 5243 800 5297 Luct
826 5257 906 5304 ιιι,
931 5243 999 5298 33
1023 5259 1036 5299 :
1070 5243 1587 5312 Putabaturﬁtius
1608 5244 1846 5313 Ioseph.

423 5313 541 5382 (27)
572 5314 744 5385 Prov.
767 5329 844 5384 ix,
878 5317 936 5385 1.
968 5313 1139 5379 Quod
1167 5314 1388 5370 dicitur
1433 5315 1636 5372 vivens
1663 5315 1964 5385 sapientia

350 5384 541 5457 (σοφια
571 5384 765 5457 ζῶσα),
793 5383 998 5457 palam
1028 5385 1192 5451 facit,
1225 5402 1569 5442 sermonem
1594 5383 1829 5443 esse—de
1877 5403 1967 5444 sa-

351 5456 585 5529 pientia
613 5456 986 5529 subsistente,
1015 5457 1290 5514 videlicet
1318 5457 1392 5513 de
1417 5458 1558 5514 Filio
1593 5459 1709 5514 Dei.
1736 5459 1885 5514 Hinc
1905 5463 1970 5514 ut

353 5527 546 5602 paulo
561 5534 700 5603 ante
715 5528 996 5603 vidimus,
1014 5532 1306 5603 uiuentem
1320 5531 1542 5600 (ζῶντα)
1565 5530 1817 5603 Cyrillus
1831 5531 1975 5588 dicit

359 5600 534 5672 λόγον
567 5600 896 5672 (Verbum),
923 5609 985 5657 ut
1005 5601 1416 5659 subsistentem
1446 5600 1719 5659 fateatur.

461 5672 558 5749 28)
570 5673 712 5749 llinc
726 5677 888 5749 patet
894 5673 1228 5749 ,h_omi_l_iai_n
1243 5675 1320 5731 ha
1331 5675 1514 5731 bitam
1528 5691 1656 5732 esse
1670 5680 1976 5749 postremo

361 5743 449 5825 Jej
458 5743 584 5804 unii
595 5743 1144 5821 quadragesimalis
1157 5746 1482 5817 die;annus
1495 5743 1720 5818 autem,
1736 5762 1860 5828 quo
1873 5748 1981 5809 Pa-

697 5873 946 5937 Pmm.
986 5873 1090 5937 Gn.
1131 5874 1284 5940 CXL.

1455 402 1502 466 Ν
1562 395 2182 467 ANNUN'I‘IATtONEu
2220 397 2286 465 Β.
2335 398 2602 468 nam.

3569 404 3672 470 682

2022 535 2182 590 tetur
2207 536 2332 590 tum
2347 533 2420 590 iis
2436 533 2542 606 qui
2566 535 2740 606 longe
2761 535 2886 590 tum
2910 528 2980 591 iis
3018 527 3124 606 qui
3141 541 3331 604 prope
3345 537 3483 591 sunt
3506 535 3670 608 (21⁸),

2020 636 2214 695 neque
2245 620 2440 680 solum
2462 623 2621 680 sedet
2637 624 2700 679 in
2728 622 2940 680 throno
2963 621 3161 680 David
3181 624 3377 691 patris
3398 625 3527 694 ejus
3560 627 3671 696 (22)

2020 710 2354 768 secundum
2389 728 2655 778 carnem,
2686 711 2791 768 sed
2821 713 3000 769 etiam
3031 715 3244 783 regnat
3299 714 3450 770 Deus
3493 730 3676 785 super

2019 806 2213 871 gentes
2238 802 2372 872 (23).
2403 802 2658 868 Quando
2687 807 2888 858 autem
2920 801 3068 872 (haec
3109 801 3306 858 futura
3361 801 3522 875 sint),
3578 804 3677 860 de-

2021 889 2226 957 clarat,
2254 889 2419 962 quod
2440 891 2502 946 in
2533 891 2664 962 ipso
2694 890 2972 947 vaticinio
3002 889 3264 946 additur.
3311 892 3459 947 Cum
3512 891 3674 948 enim

2019 977 2269 1035 dixisset
2292 996 2304 1034 :
2322 980 2617 1049 Regnavit
2633 981 2786 1036 Deus
2798 994 2980 1049 super
2998 983 3222 1050 gentes,
3238 979 3510 1050 protinus
3535 981 3676 1037 sub-

2021 1067 2201 1123 didit:
2227 1069 2384 1125 Deus
2404 1067 2562 1125 sedet
2589 1084 2769 1139 super
2799 1069 2990 1125 sedem
3027 1073 3294 1125 sanctam
3331 1084 3500 1126 suam
3542 1070 3674 1140 (24).

2024 1156 2156 1212 Haec
2183 1162 2385 1214 autem
2407 1157 2578 1214 sedes
2604 1163 2692 1214 est
2723 1158 2916 1229 Virgo,
2944 1158 3004 1214 in
3034 1173 3158 1230 qua
3180 1172 3286 1230 per
3307 1173 3554 1215 carnem
3606 1173 3677 1215 ex

2022 1246 2159 1318 ipsa
2187 1252 2565 1320 assumptam
2597 1247 2773 1303 veluti
2795 1247 2852 1304 in
2898 1246 3113 1303 throno
3146 1246 3384 1314 sedens,
3418 1263 3556 1303 cum
3577 1263 3683 1306 va-

2021 1334 2247 1392 riarum
2281 1336 2574 1392 mentium
2598 1335 3044 1392 universitatem
3078 1335 3194 1392 sibi
3237 1335 3677 1408 obsequentem

2025 1423 2333 1490 effecisset,
2361 1440 2541 1497 super
2573 1440 2786 1482 omnes
2814 1425 3108 1495 regnavit.

2100 1513 2192 1570 Sic
2205 1512 2382 1583 igitur
2397 1513 2514 1583 ille,
2529 1516 2634 1586 qui
2648 1514 2747 1570 Dei
2775 1514 2835 1570 in
2855 1519 3012 1571 terra
3029 1513 3378 1587 apparentis
3391 1518 3563 1588 pater
3575 1530 3682 1589 pu-

2029 1603 2269 1658 tabatur
2285 1608 2376 1670 (25
2403 1605 2514 1673 26),
2544 1604 2818 1675 ejusdem
2842 1601 2916 1660 de
2936 1603 3219 1679 universo
3240 1611 3446 1662 nostro
3466 1616 3684 1678 genere

2027 1691 2425 1749 restaurando
2455 1693 2771 1748 consilium
2804 1698 2929 1750 arte
2959 1709 3070 1749 sua
3098 1688 3296 1750 fabrili
3322 1694 3383 1750 in
3421 1694 3688 1751 anteces‘

2031 1796 2167 1836 sum
2184 1780 2591 1837 adumbravit.
2618 1782 2792 1852 Virgo
2818 1787 3019 1838 autem
3051 1781 3409 1853 dignissima
3437 1783 3686 1856 insuper

2030 1869 2212 1941 hujus
2233 1869 2714 1927 reaadiﬁcationis
2736 1871 3111 1944 cooperatrix
3129 1870 3254 1937 fuit,
3269 1887 3392 1928 non
3415 1872 3683 1940 aliunde,

2035 1959 2138 2014 sed
2161 1975 2232 2015 ex
2255 1960 2573 2032 semetipsa
2595 1959 2774 2032 plane
2797 1958 3251 2016 immaculatam
3274 1976 3343 2015 ac
3368 1962 3533 2029 (Deo)
3566 1976 3691 2016 ma-

2036 2047 2192 2104 teriae
2217 2049 2440 2120 experti
2463 2055 2895 2122 congruentem
2915 2050 3228 2105 materiam
3268 2050 3690 2122 suppeditans,

2037 2153 2069 2193 e
2097 2153 2222 2209 qua
2245 2119 2455 2193 vivens
2480 2139 2585 2193 Dei
2612 2119 2907 2206 s'apientia
2935 2138 3254 2204 aediﬁcavit
3282 2119 3407 2193 sibi
3425 2139 3688 2208 domum,

2038 2229 2330 2282 columnis
2357 2233 2571 2296 septem
2604 2228 2881 2283 innixam
2901 2229 3047 2298 (27);
3080 2227 3327 2282 totidem
3373 2229 3532 2283 enim
3584 2244 3696 2283 nu-

2035 2332 2203 2372 mero
2218 2317 2733 2372 suntcharismata
2750 2318 2980 2388 (sancti)
3006 2318 3256 2389 Spiritus
3279 2333 3291 2383 ;
3316 2318 3477 2373 idem
3493 2323 3698 2374 autem

2043 2406 2291 2479 Spiritus
2321 2410 2377 2462 et
2398 2412 2726 2478 assumpta:
2750 2407 2913 2461 carni
2941 2406 3200 2462 formam
3229 2405 3463 2462 indidit.

2111 2497 2174 2549 V.
2208 2495 2421 2550 Verum
2445 2495 2758 2567 quomodo
2779 2496 2972 2551 oratio
2999 2511 3154 2562 mea,
3188 2494 3354 2551 humi
3391 2511 3605 2568 repens
3630 2512 3700 2552 ac

2040 2584 2257 2640 mentis
2282 2585 2471 2640 humo
2492 2583 2697 2640 deﬁxae
2723 2585 3036 2657 interpres,
3066 2585 3142 2640 ad
3174 2590 3407 2641 tantam
3440 2602 3574 2641 sese
3617 2586 3702 2642 ef-

2041 2675 2192 2730 ferre
2222 2674 2641 2730 celsitudinem
2668 2674 2908 2745 audeat,
2940 2679 3004 2730 ut
3039 2675 3220 2731 simul
3267 2691 3405 2731 cum
3456 2676 3703 2745 angelo-

2042 2779 2178 2818 rum
2209 2763 2498 2836 principe,
2525 2765 2626 2819 Dei
2657 2764 2918 2836 speciem
2945 2763 3230 2832 habente,
3263 2764 3391 2820 alas
3423 2763 3700 2837 explicet,

2045 2858 2100 2910 et
2126 2852 2202 2909 ad
2224 2854 2384 2909 hunc
2410 2859 2696 2925 montem,
2718 2855 2779 2909 in
2803 2870 2926 2927 quo
2949 2855 3104 2910 Deus
3131 2853 3538 2920 deambuleat,
3579 2870 3706 2911 non

2047 2960 2219 3000 secus
2261 2959 2331 3001 ac
2371 2943 2515 3000 olim
2561 2947 2786 3017 Moyses
2838 2945 2899 3000 in
2958 2949 3226 3001 montem
3287 2945 3448 3007 Sina,
3508 2944 3706 3002 subito

2049 3031 2384 3089 ascendat?
2401 3033 2556 3088 Licet
2573 3034 2733 3088 enim
2751 3048 2862 3088 nos
2883 3047 3128 3105 quoque
3153 3033 3558 3106 quadraginta
3588 3034 3709 3090 die~

2047 3137 2184 3177 rum
2203 3121 2501 3193 jejunium
2533 3122 2810 3194 praesenti
2838 3123 2952 3178 hac
2983 3123 3077 3178 die
3118 3120 3514 3179 absolvamus
3567 3122 3703 3194 (28),

2051 3225 2173 3266 non
2206 3211 2488 3267 eamdem
2511 3217 2714 3267 tamen
2741 3228 2809 3267 ac
2834 3211 2928 3268 ille
2947 3214 3266 3284 puritatem
3287 3212 3591 3268 consecuti
3615 3229 3705 3268 su-

2052 3316 2188 3356 mus
2212 3318 2224 3366 ;
2257 3301 2548 3372 quoniam
2577 3301 3085 3373 nequejejunium
3102 3306 3375 3357 nostrum
3397 3317 3535 3356 cnm
3553 3298 3710 3372 jeju.

2054 3389 2156 3445 nio
2183 3388 2339 3445 illius
2369 3391 2852 3464 comparandum
2885 3396 2992 3460 est,
3027 3407 3244 3464 neque,
3284 3395 3499 3463 praeter
3521 3405 3710 3446 unam

2050 3481 2272 3551 linguae
2300 3481 2633 3539 tarditatem
2666 3482 3111 3555 exilitatemque
3143 3484 3327 3546 vocis,
3372 3481 3712 3555 quidquam

2053 3587 2262 3628 eorum
2291 3572 2694 3645 possidemus,
2727 3589 2863 3646 quae
2888 3567 3053 3628 illum
3069 3571 3491 3628 admirabilem
3506 3571 3715 3627 effece-

2052 3665 2213 3717 runt.
2231 3667 2339 3716 Aut
2361 3661 2673 3734 quomodo
2695 3661 2988 3718 inoffenso
3010 3662 3164 3734 pede
3184 3662 3370 3726 viam,
3391 3677 3529 3734 quas
3549 3655 3716 3717 ducit

2053 3750 2132 3806 ad
2165 3751 2473 3816 Nazareth,
2504 3756 2784 3814 teremus,
2824 3752 2935 3806 nisi
2967 3750 3123 3807 Deus
3172 3747 3397 3807 miserit
3431 3749 3718 3817 angelum

2056 3857 2231 3896 suum
2258 3845 2394 3895 ante
2427 3839 2641 3895 faciem
2664 3840 2836 3896 Verbi
2865 3842 2994 3910 (29),
3029 3846 3086 3897 et
3118 3840 3355 3896 facilem
3399 3846 3535 3895 ante
3576 3856 3717 3896 eum

2054 3932 2218 3986 viam
2233 3928 2572 4001 paraverit?
2592 3929 2763 3984 Hunc
2781 3944 2961 4002 porro
2975 3929 3367 4000 refulgentem
3381 3929 3604 3986 archan
3614 3943 3715 4000 ge-

2053 4020 2180 4076 lum
2212 4036 2352 4075 cum
2384 4019 2600 4075 ducem
2633 4019 2994 4087 habeamus,
3023 4022 3081 4075 in
3103 4024 3261 4077 viam
3311 4021 3500 4090 pacis,
3557 4025 3713 4076 certe

2056 4109 2202 4180 scio,
2230 4110 2569 4180 dirigemur
2599 4111 2730 4179 (30).
2759 4108 3022 4179 Specz’osi
3049 4110 3208 4166 enim
3231 4113 3371 4166 sunt
3393 4112 3522 4179 ejus
3539 4109 3718 4178 pedes

2057 4199 2528 4269 euangelizantis
2557 4201 2898 4269 purissimae
2937 4194 3208 4271 (Virgini)
3249 4201 3361 4269 (3t)
3405 4214 3611 4269 pacem
3664 4198 3720 4254 et

2060 4289 2523 4358 bona(32);pa:r
2545 4305 2686 4345 vero
2716 4298 2924 4346 nostra
2951 4285 3226 4346 Christus
3256 4295 3339 4345 est
3361 4288 3500 4360 (33).
3523 4287 3722 4344 Adve-

2057 4377 2144 4432 nit
2163 4378 2343 4442 enim,
2376 4378 2666 4433 utdissita
2693 4379 3044 4450 conjungat,
3069 4395 3137 4435 ac
3157 4377 3491 4450 pugnantia
3513 4377 3591 4433 ad
3615 4393 3723 4449 pa-

2059 4481 2190 4521 cem
2224 4473 2575 4539 componat,
2608 4484 2745 4540 quae
2777 4469 3024 4540 quidem
3052 4468 3218 4524 bona
3247 4484 3320 4523 ex
3363 4465 3722 4538 hujusmodi

2057 4571 2208 4628 pace
2240 4556 2622 4627 proﬂuentia,
2651 4558 3002 4613 madiatricc
3032 4559 3126 4612 Dei
3180 4561 3376 4623 Matre,
3425 4556 3728 4612 uberrime

2060 4644 2123 4701 in
2143 4643 2487 4701 universam
2509 4650 2728 4701 terram
2759 4646 2950 4702 effusa
2990 4651 3150 4701 sunt.

2064 4805 2214 4861 scha
2237 4806 2510 4879 sequenti
2539 4805 2634 4862 die
2657 4811 2723 4863 26
2756 4809 2939 4864 Martii
2993 4806 3358 4875 recurrebat,
3411 4805 3528 4862 sub
3587 4809 3730 4862 Gere

2065 4892 2251 4950 mano
2281 4881 2322 4933 ll
2356 4879 2645 4950 reperitur
2681 4884 2834 4934 l228.

2141 4948 2254 5020 (29)
2288 4948 2534 5007 Malach.
2559 4967 2633 5017 iu,
2674 4957 2690 5006 1
2725 4954 2898 5019 ;Luc.
2932 4967 3027 5017 vn,
3057 4955 3121 5004 27
3146 4969 3158 5018 ;
3184 4953 3356 5007 Marc.
3397 4966 3436 5018 ι,
3470 4956 3523 5007 2.
3561 4949 3738 5017 Quod

2068 5019 2488 5079 deincarnato
2525 5023 2622 5078 Dei
2650 5023 2842 5078 Verbo
2870 5023 3160 5094 scriptum
3187 5029 3296 5090 est,
3320 5038 3442 5079 non
3478 5025 3605 5079 sine
3631 5022 3737 5078 ali-

2070 5107 2196 5165 quo
2223 5094 2421 5150 abusu
2452 5094 2532 5150 ad
2564 5110 2906 5151 sermonem
2946 5111 3126 5150 suum
3159 5100 3369 5150 auctor
3417 5094 3741 5152 transferre

2027 5204 2029 5207 -
2070 5161 2329 5222 videtur.

2149 5243 2261 5300 (30)
2297 5240 2413 5294 Luc
2469 5253 2506 5300 ι,
2539 5242 2630 5295 79.

2153 5248 2261 5307 130)
2297 5248 2413 5294 Luc
2469 5253 2506 5304 ι,
2539 5248 2630 5295 79.

2153 5307 2456 5380 (31)Vides
2477 5311 2792 5384 Deiparam
2821 5308 3149 5384 indicatam
3169 5309 3450 5384 absoluta
3475 5302 3746 5384 appella.

2079 5377 2258 5437 tiOne’
2305 5391 2400 5444 τῆς
2469 5377 2755 5454 πανᾶγνου,
2801 5381 2969 5455 quod
3041 5383 3344 5452 signiﬁcat
3392 5377 3577 5453 ἁγνήῖί
3613 5377 3750 5432 κατὰ

2087 5455 2211 5526 πᾷι,
2247 5469 2316 5509 ac
2346 5455 2599 5526 proinde
2625 5457 2789 5510 omni
2824 5470 2898 5511 ex
2935 5463 3110 5524 parte
3139 5469 3360 5524 puram
3392 5459 3751 5512 antonoma-

2093 5522 2237 5582 stice
2252 5522 2695 5599 compellatam.

2178 5604 2288 5666 (32)
2314 5598 2553 5672 Roma,
2591 5601 2897 5672 15:15am,
2930 5600 3000 5655 7:
3029 5598 3340 5670 Nahum,i,
3379 5603 3461 5656 15.

2166 5674 2278 5750 (33)
2309 5671 2502 5747 Ephes
2527 5686 2585 5740 ιι,
2615 5674 2704 5728 14.

3447 5872 3518 5942 22
