4468 6450
831 428 937 488 683

823 646 912 697 est
935 656 973 697 a
993 642 1114 696 Deo
1137 646 1195 696 et
1219 636 1670 712 imperturbatus
1690 635 2006 709 beatusque
2040 637 2171 692 vitae
2194 636 2471 693 concilia—

819 730 934 785 trix
962 731 1257 790 etcustos,
1285 732 1343 782 et
1370 740 1610 796 semper
1655 724 1840 790 bona,
1894 725 2128 796 sibique
2183 730 2471 795 perpetuo

817 823 1120 883 constans,
1171 813 1436 887 undique
1467 813 1844 877 turbulentis,
1915 813 2206 882 dissidiis,
2233 828 2303 867 ac
2355 812 2468 868 levi

815 907 995 962 etiam
1017 904 1287 961 scissioni
1316 901 1563 958 omnino
1591 901 1922 957 inaccessa.
1955 903 2096 967 Quae
2139 916 2280 956 vero
2317 900 2468 955 inter

811 994 1090 1051 homines
1103 1008 1219 1066 pax
1231 996 1339 1059 est,
1365 998 1543 1064 atque
1568 1006 1600 1047 e
1622 991 1870 1045 terrenis
1906 990 2207 1046 enascitur
2231 990 2462 1045 animo-

809 1099 948 1138 rum
978 1081 1318 1149 consensio,
1348 1080 1514 1136 haud
1546 1094 1784 1151 semper
1807 1083 1897 1134 est
1916 1077 2079 1134 bona
2114 1100 2125 1133 :
2156 1078 2303 1151 quin
2339 1079 2461 1132 imo

808 1170 878 1226 ﬁt
902 1175 968 1226 ut
991 1167 1362 1242 quandoque
1383 1168 1629 1223 scelesta
1655 1166 1924 1233 exsistat,
1955 1172 2173 1220 etcum
2198 1165 2454 1230 illorum,

807 1258 912 1331 qui
933 1274 1147 1332 pacem
1169 1273 1305 1313 eam
1334 1256 1581 1322 habent,
1614 1254 1825 1310 studiis
1879 1254 2279 1328 componitur,
2300 1253 2457 1308 bello

802 1348 936 1421 ipso
955 1347 1222 1404 infestior
1235 1345 1582 1418 reperiatur;
1608 1343 2126 1416 quemadmodum
2156 1360 2186 1397 e
2221 1349 2455 1399 contra-

801 1437 890 1493 rio
920 1436 1056 1508 plus
1086 1435 1250 1508 pacis
1275 1433 1745 1490 inestinterdum
1773 1433 1833 1486 in
1857 1433 1988 1503 ipso
2001 1432 2180 1500 bello,
2195 1431 2453 1504 plusque

801 1524 1010 1581 salutis
1039 1525 1102 1579 in
1120 1522 1440 1593 discordia,
1473 1537 1660 1594 quam
1687 1521 1748 1575 in
1775 1537 1847 1575 ea
1867 1536 2004 1591 quia
2027 1520 2301 1575 humana
2348 1537 2453 1592 pa-

796 1615 947 1670 ritur
969 1613 1294 1683 voluntate,
1318 1609 1665 1667 concordia.

867 1705 978 1758 Vll.
1009 1703 1226 1756 Pacem
1247 1699 1460 1756 habuit
1471 1699 1666 1771 prima
1687 1713 1905 1770 parens
1921 1713 2060 1752 mea
2079 1697 2138 1752 in
2163 1697 2446 1770 paradiso

794 1807 935 1848 cum
965 1793 1323 1862 serpente,et
1342 1791 1752 1844 convenerunt
1783 1787 1962 1842 simul
1993 1787 2072 1842 ad
2103 1782 2445 1858 colloquen-

791 1881 940 1936 dum
968 1879 1110 1936 hinc
1137 1893 1353 1934 amans
1379 1877 1522 1933 recti
1551 1881 1787 1945 natura,
1817 1875 1957 1931 inde
1995 1891 2134 1931 osor
2188 1875 2442 1930 humani

789 1969 1026 2040 generis
1051 1967 1312 2031 animus,
1342 1967 1614 2023 Satanas.
1645 1967 1709 2020 Et
1729 1970 1856 2020 erat
1897 1964 1997 2019 illa
2037 1964 2280 2036 quidem
2324 1965 2439 2021 sin-

787 2074 920 2114 cere
948 2072 1136 2128 agens
1164 2057 1226 2113 in
1253 2054 1629 2127 simplicitate
1662 2070 1772 2109 sua
1791 2073 1808 2125 ;
1852 2057 1965 2109 iste
2003 2069 2145 2108 vero
2191 2053 2439 2109 indutus

786 2147 1012 2203 amictu
1039 2143 1458 2202 fraudulentiae
1487 2149 1633 2208 erat,
1664 2143 1836 2213 cujus
1883 2143 2140 2198 exterior
2190 2143 2436 2214 quidem

784 2234 1016 2308 species
1040 2233 1337 2305 fulgorem
1367 2231 1724 2304 mqualitatis
1747 2247 1884 2286 cum
1924 2231 2043 2286 Deo
2073 2247 2144 2287 ac
2175 2230 2435 2304 splendi-

779 2322 1034 2379 dissima
1050 2336 1310 2396 quaeque
1330 2318 1542 2377 callide
1558 2322 1937 2391 proponebat
1958 2337 1970 2385 ;
1994 2319 2161 2391 quod
2179 2335 2318 2374 vero
2348 2319 2434 2374 in-

777 2412 958 2468 terius
988 2409 1495 2476 abscondebatur,
1529 2409 1610 2464 ad
1658 2408 1934 2481 vulpinos
1972 2413 2206 2464 tantum
2260 2407 2431 2469 dolos

775 2501 1079 2572 tendebat,
1099 2498 1595 2571 subducebatque
1608 2496 1898 2571 paulatim
1911 2498 1973 2552 in
1986 2497 2402 2570 deceptionem
2413 2541 2426 2563 ,

771 2595 950 2662 atque
971 2589 1051 2646 ad
1078 2586 1608 2659 leonem,vulpina
1643 2585 1792 2660 pelle
1843 2585 2144 2652 indutum,
2201 2585 2426 2658 praedae

769 2679 1102 2736 inhiantem
1127 2676 1526 2750 pertrahebat.

822 2768 1014 2825 Ethoc
1025 2766 1326 2837 colloquio
1339 2770 1520 2838 atque
1535 2765 1754 2820 unione
1767 2765 2213 2832 concipiebatur
2225 2765 2361 2819 dolo
2370 2780 2421 2831 r,

765 2865 842 2930 et,
864 2857 1111 2914 vulnere
1132 2857 1348 2913 divinae
1372 2855 1491 2926 legi
1514 2870 1620 2927 per
1645 2854 1944 2910 exitialem
1961 2854 2106 2924 ligni
2130 2869 2305 2909 esum
2336 2855 2421 2908 in-

762 2947 1306 3017 ﬂicto,pariebatur
1309 2951 1622 3016 peccatum
1631 2944 1747 3015 (34)
1758 2952 2083 3013 ;peccatum
2103 2960 2239 3000 vero
2250 2959 2422 3014 gene-

762 3039 924 3095 ravit
937 3043 1182 3094 mortem
1195 3036 1340 3109 (35),
1365 3033 1670 3091 crudelem
1693 3033 1985 3109 viperam,
2003 3049 2139 3105 qua;
2157 3034 2416 3105 primam

762 3130 1024 3184 matrem
1037 3125 1276 3183 occidit.

829 3308 950 3362 Rex
980 3309 1184 3361 autem
1214 3303 1381 3376 pacis
1407 3303 1559 3358 inter
1584 3301 1896 3356 hominem
1949 3316 2019 3355 ac
2070 3304 2412 3371 serpentem
2445 3288 2485 3343 C

757 3395 1133 3450 inimicitiam
1153 3394 1325 3464 ponit
1351 3393 1484 3461 (36),
1515 3389 1864 3462 bellumque
1918 3387 2300 3461 implacabile
2351 3389 2412 3443 in

756 3484 963 3540 omnia
977 3482 1200 3539 saecula
1213 3482 1592 3537 duraturum.
1607 3482 1760 3549 Ipse,
1786 3479 1978 3551 inquit
1995 3504 1997 3508 Α
2011 3477 2122 3550 37),
2138 3478 2410 3534 observa-

757 3575 841 3628 bit
853 3578 1032 3643 caput
1050 3579 1239 3639 tuum,
1269 3577 1451 3642 tuque
1466 3568 1806 3626 observabis
1830 3569 2181 3624 calcaneum
2199 3569 2365 3622 illius
2397 3583 2408 3630 ;

753 3664 814 3720 id
846 3669 954 3732 est,
979 3662 1143 3734 jugis
1171 3662 1323 3718 inter
1349 3666 1671 3732 utrumque
1697 3665 1754 3714 et
1782 3658 1860 3715 ab
1889 3658 2056 3713 initio
2100 3656 2178 3712 ad
2225 3657 2409 3712 ﬁnem

752 3769 946 3826 usque
976 3752 1085 3808 erit
1112 3766 1338 3824 pugna,
1365 3748 1864 3822 quandoquidem
1889 3748 2074 3801 homo
2109 3746 2317 3818 primae
2347 3745 2412 3801 i1-

751 3841 869 3898 lius
889 3840 1120 3898 fraudis
1142 3840 1430 3912 laqueum
1447 3838 1756 3893 memoriis
1778 3835 2046 3892 deﬁxum
2066 3851 2304 3907 semper
2323 3836 2412 3891 re-

750 3931 980 3997 tinebit,
1029 3934 1089 3986 et
1137 3928 1372 3984 cladem
1419 3926 1766 4000 rependere,
1823 3931 1999 3997 teque
2049 3923 2291 3980 ultionis
2338 3940 2410 3980 ac

747 4036 944 4094 paenae
975 4020 1187 4076 timore
1218 4023 1434 4073 terrere
1478 4015 1813 4072 conabitur.
1863 4014 1982 4070 Erit
2036 4015 2219 4080 enim,
2278 4015 2406 4079 erit,

748 4110 1000 4186 quando
1022 4113 1106 4182 tu,
1130 4105 1457 4181 spiritualis
1474 4120 1743 4178 serpens.
1768 4103 2124 4159 calcaneum
2143 4103 2407 4158 hominis

747 4199 1117 4258 observabis.
1147 4201 1296 4254 Nam
1316 4195 1641 4270 postremis
1660 4193 1773 4249 illis
1795 4193 2011 4248 diebus
2031 4193 2405 4264 inexpugna-

745 4289 884 4347 bilis
919 4289 1037 4362 ipsi
1058 4292 1323 4358 potestas
1341 4283 1626 4342 calcandi
1636 4297 1820 4352 supra
1834 4287 2136 4350 serpentes
2150 4296 2220 4336 ac
2237 4297 2404 4336 scor-

737 4381 950 4450 piones
978 4377 1115 4452 (40),
1144 4381 1439 4446 tuamque
1465 4387 1732 4444 omnem,
1766 4371 2028 4442 inimice,
2069 4370 2404 4442 potentiam

742 4466 1086 4543 proterendi
1115 4465 1427 4521 tribuetur.

815 4556 955 4614 VlIl.
989 4559 1056 4612 Et
1075 4555 1168 4612 he
1194 4552 1442 4627 quidem
1484 4550 1631 4607 mihi
1671 4550 1733 4606 in
1772 4549 1937 4605 Eden
1978 4548 2400 4620 (obvenerunt)

1975 426 2289 486 GERMANI
2334 424 2379 479 ΙΙ
2418 426 2518 488 CP.
2560 425 3038 495 PATRIARCHE.

895 553 998 610 Vl.
1030 549 1315 611 Salutaris
1340 549 1542 653 itaque
1560 563 1632 606 ex
1661 552 1878 653 natura
1903 563 2016 603 sua
2049 553 2297 620 estpax,
2337 563 2474 619 quae
2504 600 2549 653 Α
2658 553 2730 616 ς’.

4074 447 4168 508 686

2798 561 2929 609 Εστι
3127 555 3215 618 οὖν
3271 561 3301 617 ἡ
3362 559 3416 614 ἐκ
3468 569 3601 621 Θεοῦ
3676 570 3858 637 εἰρήνη
3919 573 4165 643 σωτήριος

2584 645 2754 712 φύσει,
2788 649 3001 707 καὶτῆς
3032 645 3393 700 ἀστασιάστου
3443 655 3532 702 καὶ
3584 659 3850 725 μακαρὶας
3905 652 4165 727 διαγωγῆς

2581 735 2866 794 επιστάτης
2901 740 2987 786 καὶ
3035 739 3231 810 ἔφορος,
3285 740 3503 789 πάντοτε
3544 737 3738 810 ἀγαθή,
3799 741 3877 794 ἀεὶ
3922 747 4163 806 ὡσαύτως

2579 821 2802 888 ἔχουσα,
2887 826 3053 880 πάντη
3134 830 3335 885 πάντως
3414 824 3743 890 ἀνεπίδεκτος
3829 831 4163 905 θορυϐοποιοῠ

2579 902 2852 976 διχονοίας
2881 915 2970 962 καί
3000 909 3342 984 αινδαλμού.
3380 922 3444 968 ,Η
3504 912 3562 967 δε
3617 921 3762 991 παρὰ
3811 902 3917 979 τοίς
3977 919 4161 992 ἀνθρώ-

2573 1014 2690 1056 ποις
2746 998 2944 1072 εἰρήνη,
3001 1005 3090 1051 καὶ
3143 1003 3172 1057 η
3227 1009 3404 1074 χαμαὶ
3471 1004 3727 1078 ἐρχομένη
3803 1009 4034 1079 ὁμόνοια,
4107 1013 4160 1060 οὐ

2571 1085 2790 1137 πάντοτε
2847 1084 3041 1157 ἀγαθή·
3121 1087 3226 1140 ἀλλ’
3310 1092 3448 1142 ἔστιν
3527 1095 3610 1145 ὅτε
3665 1098 3756 1145 καὶ
3804 1099 4157 1170 πονηρεύεται,

2569 1177 2658 1223 καὶ
2732 1173 3082 1248 πολεμιωτέρα
3133 1176 3356 1248 πολέμου
3420 1182 3713 1254 εὑρίσκεται
3768 1191 3866 1234 τῶν
3943 1184 4158 1258 εἰρηνευ-

2569 1268 2725 1313 όντων
2797 1261 3229 1336 συνδιατιθεμένη
3318 1276 3381 1325 τῆ
3455 1275 3772 1343 προαιρέσει·
3847 1272 4019 1344 ὣσπερ
4096 1274 4158 1324 αὖ

2566 1351 2859 1403 τούναντίον
2913 1359 3003 1404 καὶ
3068 1354 3289 1426 πόλεμός
3361 1377 3484 1408 ποτε
3556 1359 3760 1432 εἰρήνης
3834 1361 4157 1433 εἰρηνικώτε-

2561 1458 2666 1512 ρος,
2716 1446 2805 1492 καὶ
2854 1449 2950 1501 τῆς
2996 1446 3132 1494 κατὰ
3187 1450 3394 1515 γνώμην
3461 1452 3738 1517 συνεχείας
3818 1446 4156 1522 σωτηριωδε-

2563 1531 2722 1600 στερα
2748 1531 2776 1586 ἡ
2817 1525 3046 1600 διέχεια.
4128 1525 4136 1530 ’

2626 1703 2698 1760 Ζ’.
2753 1706 3053 1780 Εἰρήνευσεν
3106 1708 3136 1765 ἡ
3198 1714 3482 1783 προμήτωρ
3554 1729 3655 1782 μου
3721 1710 3769 1762 ἕν
3853 1708 4157 1786 παραδείσῳ

2553 1794 2681 1865 μετὰ
2735 1803 2828 1846 τοῦ
2876 1800 3050 1868 ὄφεως,
3108 1801 3197 1848 καὶ
3256 1798 3330 1859 εἰς
3388 1798 3594 1869 ὁμιλίαν
3673 1799 3925 1858 συνῆλθον
4002 1803 4032 1858 ᾖ
4105 1821 4157 1853 τε

2553 1883 2838 1954 φιλάγαθος
2889 1888 3040 1956 φύσις
3088 1891 3176 1937 καὶ
3227 1888 3256 1943 ἡ
3318 1890 3684 1962 μισάνθρωπος
3764 1893 4089 1961 προαίρεσις,
4129 1893 4153 1941 ό

2551 1975 2736 2026 Σατάν.
2771 1979 2871 2026 Καὶ
2924 1970 2984 2046 ᾖν
3016 1978 3154 2046 ήμεν
3192 1981 3362 2047 γυμνή
3405 1985 3468 2033 τῆ
3520 1976 3795 2044 ἁπλότητι,
3889 1980 3914 2029 ὁ
3973 1975 4032 2030 δε
4059 1984 4150 2037 τήν

2551 2057 2805 2114 διπλοὶδα
2846 2063 3270 2139 περιϐεϐλημένος
3321 2075 3416 2126 τῆς
3463 2063 3788 2135 δολιότητος,
3853 2069 3914 2129 ἧς
3946 2071 4004 2119 τό
4059 2072 4147 2140 μεν

2547 2149 2692 2212 ἐκτός
2740 2157 2828 2204 καὶ
2877 2152 3098 2223 ὑπόψιον
3169 2158 3227 2206 τὸ
3300 2154 3542 2206 στιλπνὸν
3627 2165 3722 2217 τῆς
3777 2156 4005 2218 ἰσοθεὶας
4060 2162 4147 2208 καὶ

2546 2238 2822 2312 φωτοειδὲς
2873 2244 3217 2313 ὑπεφάνταζε,
3286 2246 3344 2294 τό
3403 2240 3454 2295 δ’
3495 2241 3639 2296 ἔνδον
3687 2251 3775 2297 καί
3823 2245 4147 2319 ὐποκρυπτό-

2541 2345 2690 2397 μενον
2736 2333 2889 2400 μόνον
2938 2331 3177 2402 ὑπῆρχεν
3235 2329 3497 2397 ἀλωπεκῆ,
3557 2337 3647 2383 καί
3699 2332 3980 2386 ὑπέκλεπτε
4018 2338 4147 2407 πρὸς

2543 2415 2766 2484 ἀπάτην,
2818 2423 2906 2469 καὶ
2959 2427 3031 2469 τώ
3089 2423 3181 2476 τήν
3255 2419 3522 2478 ἀλωπεκῆν
3569 2418 3908 2493 ὑποδυομένῳ
3962 2423 4143 2490 λέοντι,

2539 2511 2829 2579 μαινομένῳ
2864 2508 2930 2566 εἰς
2962 2505 3186 2582 βρῶσιν,
3218 2509 3494 2583 ὑπέσυρεν.

2610 2768 2696 2818 Ἐκ
2721 2770 2916 2829 ταύτης
2972 2776 3068 2827 τῆς
3117 2767 3324 2840 ὁμιλίας
3389 2774 3478 2820 καὶ
3535 2777 3630 2829 τῆς
3707 2767 3935 2830 ἐνὼσεως
3996 2791 4143 2824 συνε-

2532 2855 2817 2928 λαμϐάνετο
2917 2861 3089 2922 πόνος,
3221 2863 3310 2908 καὶ
3413 2856 3635 2909 ἐτίκτετο
3737 2858 3947 2928 ἀνομία,
4050 2870 4141 2912 τοῦ

2533 2947 2669 2997 θείου
2732 2950 2889 3016 νόμου
2951 2949 3394 3020 παρεκτρωθεντος
3460 2954 3520 3018 τῇ
3582 2943 4142 3023 δηλητηριωδειβρω-

3079 3038 3108 3092 ή
3162 3032 3221 3087 δε
3281 3033 3470 3108 ἀνομία
3530 3037 3742 3087 θάνατον
3800 3035 4136 3107 ἀπεγέννησε,

3267 3129 3359 3182 τὴν
3440 3134 3538 3184 τῆς
3584 3129 3913 3199 προμήτορος
3996 3125 4141 3178 ἀναι-

2531 3054 2609 3086 σει
2667 3043 2758 3086 τοῦ
2790 3034 2940 3096 ξύλου
3003 3057 3014 3067 ο

2526 3127 2617 3180 την
2674 3127 2865 3195 πικράν
2948 3120 3168 3195 ἔχιδναν

2523 3218 2684 3282 ρέτιν,

2593 3304 2816 3359 Τίθησιν
2847 3301 2872 3352 ὁ
2903 3300 3150 3374 βασιλεύς
3198 3310 3290 3362 τῆς
3345 3303 3549 3377 εἰρήνης
3599 3306 3795 3378 ἔχθραν
3831 3303 3926 3355 ἀντὶ
3979 3309 4136 3377 μέσον

2523 3391 2795 3463 ἀνθρώπου
2851 3397 2940 3444 καὶ
2974 3391 3148 3463 ὁφεως,
3189 3397 3278 3443 καὶ
3352 3393 3572 3464 πόλεμον
3618 3391 4007 3445 ἀκατάλλακτον
4060 3403 4135 3465 τῷ

2523 3485 2678 3533 παντὶ
2737 3480 2883 3531 αἰῶνι
2943 3486 3420 3554 παρεκτεινόμενον.
3497 3479 3664 3543 Αὐτός
3723 3501 3816 3534 σου
3879 3489 4133 3555 τηρήσει,

2526 3575 2705 3642 φησὶν,
2774 3570 3018 3642 κεφαλήν,
3087 3577 3176 3622 καὶ
3245 3575 3308 3622 σὺ
3396 3577 3641 3645 τηρήσεις
3727 3572 3888 3623 αὐτοῦ
3971 3578 4152 3647 πτέρε

2523 3683 2654 3713 ναν·
2733 3666 2897 3714 εἶτουν
2970 3661 3017 3712 ἐν
3135 3660 3443 3733 ἀμφοτέροις
3521 3658 3815 3722 διηνεκίζον
3873 3665 4019 3715 ἔσται
4072 3669 4132 3716 τό

2524 3754 2762 3823 μάχιμον
2791 3757 2879 3803 καὶ
2912 3750 2997 3803 ἀπ’
3055 3749 3226 3824 ἀρχῆς
3282 3753 3372 3810 ἕως
3424 3751 3599 3811 τέλους
3694 3773 3704 3783 ·
3750 3751 3876 3803 ἐπὰν
3932 3753 4043 3823 (38)
4105 3756 4131 3804 ὁ

2523 3843 2612 3912 μὲν
2680 3842 2950 3914 ἄνθρωπος
3012 3848 3108 3900 τῆς
3165 3845 3372 3911 πρώτης
3438 3838 3634 3900 ἐκείνης
3709 3839 3968 3901 ἐξαπάτης
4017 3845 4130 3910 (39)

2523 3928 2834 4001 ἀείμνηστον
2865 3929 2964 3991 ἔξει
3022 3933 3107 3980 τόν
3139 3925 3309 3995 δόλον,
3385 3933 3474 3980 καὶ
3556 3937 3778 4002 πειρῷτο
3818 3934 3906 3986 τήν
3963 3931 4128 3988 ἧτταν

2518 4018 2983 4091 ἀναμαχέσασθαι,
3033 4023 3089 4071 σὲ
3157 4014 3215 4070 δὲ
3282 4018 3552 4090 φοϐεῖσθαι
3620 4024 3716 4077 τήν
3778 4021 3977 4091 ἄμυναν
4034 4025 4128 4074 καὶ

2517 4112 2573 4160 τό
2642 4107 2951 4163 ἁντίποινον.
2995 4108 3185 4161 Ἔσται
3213 4111 3338 4182 γὰρ,
3401 4111 3570 4174 ἔσται,
3615 4110 3733 4159 ὅταν
3782 4113 3868 4175 σὺ,
3904 4111 3929 4160 ὁ
3981 4113 4128 4162 νοού-

2516 4217 2663 4270 μενος
2728 4204 2858 4270 ὄφις,
2933 4203 3025 4255 τήν
3096 4205 3188 4249 τοῦ
3244 4196 3516 4270 ἀνθρώπου
3572 4202 3790 4270 πτέρναν
3847 4205 4124 4271 τηρήσεις,

2519 4288 2623 4359 Ἐφ’
2661 4290 2862 4360 ἡμερῶν
2894 4289 2992 4362 γὰρ
3023 4296 3119 4338 τῶν
3175 4286 3418 4357 ἐσχάτων
3476 4283 3764 4344 δοθήσεταί
3810 4289 3859 4339 οἱ
3907 4289 4128 4361 ἄμαχος

2982 4384 3160 4428 πατεῖν
3223 4375 3391 4427 ἐπάνω
3458 4377 3615 4448 ὄφεων
3679 4382 3767 4428 καὶ
3835 4383 4123 4452 σκορπίων,

2733 3666 2897 3714 εἶτουν
2970 3661 3017 3712 ἐν

2513 4376 2728 4439 ἐξουσία
2791 4384 2882 4428 τοῦ

2512 4471 2600 4520 καὶ
2628 4465 2711 4518 ἐπὶ
2737 4473 2912 4518 πᾶσαν
2940 4471 3031 4524 τήν
3060 4463 3282 4537 δύναμίν
3313 4486 3432 4531 σου,
3464 4464 3642 4538 ἓχθρί.

2584 4555 2664 4610 Η’.
2730 4557 2959 4606 Τοιαῦτά
3030 4574 3119 4626 μοι
3189 4556 3321 4605 κατὰ
3384 4559 3476 4612 τήν
3543 4550 3702 4625 Ἐδεμ
3783 4553 4127 4629 ἀρχαιότατα

740 4647 1176 4720 antiquissimis
1196 4643 1398 4700 clades
1426 4661 1439 4709 ;
1469 4641 1574 4698 sed
1597 4657 1629 4697 e
1647 4644 1690 4697 Ν
1698 4639 1939 4696 azareth
1959 4654 2139 4694 omne
2154 4654 2259 4710 per
2272 4655 2401 4693 mu-
2433 4670 2474 4723 υ

2355 4655 2401 4692 1-
2433 4670 2474 4723 Β
2508 4651 2766 4717 πτώματα
2799 4667 2811 4676 ·
2847 4645 2900 4696 ἐκ
2960 4641 3019 4696 δέ
3062 4653 3158 4706 τῆς
3219 4646 3461 4717 Ναζαρὲτ
3518 4650 3640 4712 πᾶν,
3682 4643 3723 4695 εἳ
3788 4664 3838 4695 τι
3899 4644 4119 4716 ἀγαθόν,

737 4737 964 4807 lierem,
997 4731 1298 4807 quidquid
1320 4737 1409 4788 est
1433 4729 1577 4785 boni
1598 4729 1895 4783 dimanat.
1917 4727 2004 4782 Ad
2026 4727 2187 4782 hanc
2217 4726 2397 4782 advo-
2471 4725 2479 4737 '

2357 4742 2397 4782 )·
2471 4725 2602 4787 ’διὰ
2659 4739 2906 4806 γυναικὸς
2959 4734 3333 4804 ἐκπηγάζεται.
3396 4734 3621 4808 Εἰρήνης
3669 4733 3746 4786 ἐπ’
3800 4736 3961 4794 αὐτὴν
4011 4736 4121 4809 ἐφί-

736 4826 822 4883 lat
838 4824 1092 4895 angelus
1115 4822 1303 4895 pacis,
1323 4820 1592 4892 mysticae
1615 4817 1862 4873 unionis
1890 4816 2168 4872 nuntium
2188 4815 2395 4871 allatu-

734 4933 858 4973 rus.
883 4918 1031 4971 Nam
1058 4929 1197 4968 cum
1224 4908 1484 4982 serpenti
1513 4907 1659 4964 olim
1693 4906 2164 4980 praebuissemus
2195 4921 2393 4973 aures,

733 5010 1127 5062 contumaces
1153 5002 1215 5057 in
1241 5002 1576 5056 Creatorem
1598 4997 1931 5061 fueramus,
1956 5001 2012 5052 et
2039 4995 2119 5050 ad
2153 5001 2394 5067 aposta-

733 5102 861 5153 tam
890 5093 1255 5161 deﬁcientes,
1289 5104 1533 5146 eramus
1565 5103 1602 5142 a
1627 5089 1783 5158 Rege
1818 5085 2057 5140 divulsi.
2083 5084 2393 5142 Maledicta

730 5185 842 5242 fuit
871 5187 1010 5248 Eva,
1054 5180 1280 5255 repleta
1329 5183 1532 5235 autem
1584 5176 1695 5231 fuit
1742 5176 1935 5245 gratia
1983 5174 2392 5243 Maria;radix

729 5275 967 5339 acerba,
1002 5272 1109 5328 sed
1151 5271 1379 5326 fructus
1439 5265 1612 5322 melle
1660 5264 1892 5321 dulcior
1937 5263 2280 5335 (41):radix
2327 5264 2389 5320 in

796 5472 908 5539 (34)
936 5468 1092 5527 Psal.
1115 5485 1212 5533 vn,
1260 5471 1344 5522 15.

796 5544 910 5615 (35)
940 5544 1062 5599 Jac.
1094 5545 1247 5606 1,15.

793 5616 906 5686 (36)
939 5617 1081 5671 Gen.
1109 5629 1190 5685 ιιι,
1220 5616 1305 5670 15.

793 5689 908 5758 (37)
938 5686 1088 5742 Ibid.

787 5748 904 5833 (38)
934 5753 1466 5832 Vigerus,nemine
1489 5751 1828 5820 dimdente,
1871 5749 2071 5820 tradit,
2117 5748 2353 5824 particu
2439 5825 2441 5827 ι

2505 4845 2698 4877 πταται
2726 4824 2960 4896 ἄγγελος,
3009 4827 3077 4875 τὰ
3127 4833 3220 4885 τῆς
3275 4831 3542 4895 μυστικῆς
3598 4823 3827 4886 ἑνώσεως
3859 4825 4118 4896 εἰσηγού-

2504 4935 2652 4987 μενος
2717 4920 2978 4987 μήνυτρα.
3046 4921 3129 4984 Τῷ
3202 4917 3303 4986 γὰρ
3368 4918 3478 4984 ὄφει
3561 4913 3724 4965 πάλαι
3798 4917 4115 4984 πεισθέντες,

2505 5005 2862 5074 ἠπειθήσαμεν
2920 5010 2993 5072 τῷ
3049 4999 3384 5074 δημιουργῷ,
3467 5007 3557 5054 καὶ
3616 5005 3957 5076 προσρυεντες
4035 5013 4115 5074 τῷ

2503 5093 2798 5165 ἀποστάτῃ,
2850 5099 2942 5144 τοῦ
3019 5090 3274 5163 βασιλέως
3348 5091 3730 5165 ἀπεῤῥάθημεν.
3814 5098 4117 5167 Κεκατήρα-

2499 5204 2586 5235 ται
2615 5185 2645 5241 ή
2697 5179 2827 5246 Εὕα,
2859 5201 3212 5255 κεχαριτωται
3277 5178 3335 5234 δὲ
3365 5184 3395 5239 ἠ
3465 5184 3687 5256 Μαριάμ
3715 5203 3728 5215 ο
3773 5183 3802 5240 ᾖ
3859 5183 3986 5256 ῥίζα
4022 5204 4116 5236 πι-

2499 5275 2620 5348 κρά,
2661 5269 2776 5326 ὁδε
2838 5274 3039 5346 καρπός
3100 5271 3413 5346 γλυκύτερος
3475 5270 3680 5344 μελιτος
3715 5271 3783 5328 σή
3850 5272 3979 5346 ῥίζα
4040 5281 4110 5346 τῇ

2492 5461 2614 5517 lam
2646 5459 2770 5512 ἐπὰν
2785 5458 3125 5532 ῐαῑιίυψγᾱθ
3155 5462 3441 5532 tempore
3457 5457 3770 5532 usurpari:
3806 5462 3867 5515 at
3893 5457 4108 5532 palam

2493 5539 2603 5601 est,
2631 5533 2748 5588 alio
2776 5547 2963 5587 sensu
2991 5530 3087 5585 hic
3111 5546 3245 5586 eam
3280 5529 3575 5586 adhiberi.

2563 5605 2675 5678 (39)
2707 5603 2850 5678 90d.
2882 5602 2935 5666 ἕξ
2964 5601 3191 5662 ἀπάτης.

2562 5677 2675 5742 (4-0)
2713 5677 2856 5742 Luc,
2878 5690 2938 5741 x,
2969 5679 3054 5730 19·

2710 5682 3286 5832 lls‘tlec’exrgogh'uctus,
3312 5745 3494 5804 Maria
3516 5743 3761 5816 scilicet,
3788 5743 4100 5826 particeps
