4468 6450
318 414 424 472 689
1443 409 1512 468 1N
1549 401 2082 466 ANNUNTIATION]

1912 401 2166 462 TIONEI
2205 403 2267 461 Β.
2307 405 2541 464 MAR”?
2553 448 2567 464 .
3572 411 3676 470 690

313 542 498 612 Θρόνου
554 559 642 594 τον
697 542 1079 615 κατερχόμενον
1137 539 1266 594 Θεὸν
1334 533 1622 607 διαλαθεῖν,
1687 537 1904 608 μήτοιγε
1935 532 1983 585 Α
2011 544 2077 587 ne

1935 532 1983 585 Α
2011 529 2238 588 nedum
2258 531 2535 590 homines
2561 533 2780 606 solum,
2816 531 2922 591 sed
2951 537 3008 592 et
3027 536 3279 605 angelos
3307 535 3544 594 latuerit
3569 549 3675 612 qui

312 627 619 704 ἀνθρώπους
666 633 848 703 μόνον·
904 634 994 682 καὶ
1032 629 1118 682 ἱνα
1165 631 1223 682 τὸ
1273 634 1363 688 τῆς
1417 633 1622 701 Γραφῆς
1669 622 1790 698 έρῶ,
1847 625 1911 682 ὡς
2022 619 2071 676 ci

2022 619 2180 678 circa
2207 620 2410 693 ipsum
2443 623 2841 680 ministerium
2879 623 3120 687 obeunt.
3154 640 3224 682 ac
3285 625 3502 683 throno
3550 629 3680 698 ejus

308 719 460 780 ὑετὸς
505 717 590 772 έπὶ
653 721 814 772 πόκον
891 719 1127 771 κάτεισιν
1211 716 1463 788 ἀψοφητὶ,
1537 719 1626 767 καὶ
1706 711 1912 764 ἁνεπαι·
2023 726 2072 767 αι

2023 709 2335 778 assistunt,
2387 715 2537 769 etut
2580 713 3014 786 Scripturarum
3065 714 3312 771 etfatum
3366 732 3677 790 usurpem,

309 809 516 869 σθήτως
583 812 674 862 καὶ
744 808 924 870 αὐτοῖς
978 814 1086 868 τοῖς
1148 805 1372 865 πλησίον
1419 806 1555 857 κατὰ
1608 805 1910 874 συγγένειαν
2021 799 2073 856 ά(

2021 799 2321 856 descendit
2355 801 2509 857 sicut
2540 803 2752 870 pluvia
2765 804 2826 858 in
2841 804 3181 873 veltus(57),
3205 804 3331 859 sine
3349 807 3598 878 strepitu
3624 812 3681 863 et

307 895 680 972 Ἰσραηλίταις.
766 897 938 971 Ἡμεῖς
1028 898 1154 972 γὰρ,
1220 900 1400 971 φησίν,
1483 889 1720 965 οἴδαμεν,
1831 890 1911 944 ὁτι
2020 889 2071 946 Ol

2020 889 2178 946 clam
2202 890 2275 946 iis
2304 907 2547 965 quoque
2580 891 2880 963 lsraelitis,
2917 894 3019 965 qui
3043 894 3356 951 viciniores
3410 895 3526 968 ipsi
3580 914 3676 953 se-

307 993 494 1041 Μωσεῖ
542 985 812 1045 λελὰληκεν
878 987 906 1039 ὁ
973 990 1140 1048 Θεός’
1209 991 1390 1039 τοῦτον
1448 979 1508 1037 δε
1589 981 1683 1034 οὐκ
1762 977 1909 1033 οῖδα·
2019 995 2071 1036 cl

1908 1013 1909 1019 η
2019 979 2718 1054 cundumcognationem
2733 987 2921 1040 erant.
2937 985 3304 1051 Nosscimus,
3334 985 3672 1058 inquit(58),

307 1095 421 1148 μεν.
457 1078 611 1130 πόθεν
671 1074 806 1134 έστί.
863 1074 1113 1137 Πολλάκις
1169 1074 1271 1148 γὰρ
1342 1071 1628 1145 σκληρότης
1687 1064 1910 1144 καρδίας
2019 1086 2071 1142 qt

2019 1071 2368 1143 quiaMoysi
2397 1073 2724 1130 tocutusest
2753 1075 2908 1130 Deus
2938 1091 2951 1130 :
2979 1073 3346 1130 huncautem
3359 1077 3674 1146 nescimus,

305 1165 580 1224 ἠπαλύνοη
628 1164 798 1237 λόγοις
849 1167 1084 1239 ἡμέροις,
1141 1168 1232 1216 καὶ
1271 1161 1623 1234 σχολαιοτέρα
1689 1158 1908 1234 βάδισις
2017 1175 2069 1214 εει

2017 1159 2177 1217 unde
2189 1163 2283 1218 sit.
2317 1160 2596 1218 Videlicet
2619 1163 3002 1220 contumacia
3017 1163 3288 1221 cordium
3307 1181 3468 1238 saepe
3504 1182 3674 1224 man-

304 1274 398 1310 και
419 1253 687 1332 ἀτάραχος
705 1257 791 1307 τόν
818 1252 1107 1309 ἁτίθασσον
1140 1254 1276 1328 θῆρα
1301 1251 1621 1324 έςώγρησεν.
2021 1265 2068 1305 8|

2021 1251 2202 1306 suetis
2233 1249 2431 1307 vcrbis
2451 1251 2819 1320 mollitur,“
2845 1251 3548 1328 lentiortranquillusque
3577 1256 3671 1314 in-

2019 1353 2226 1395 cessus
2249 1340 2343 1396 vel
2366 1339 2689 1398 indomitas
2718 1341 2875 1398 feras
2904 1357 3062 1416 saepe
3089 1343 3258 1399 vivas
3280 1344 3456 1416 cepit.

380 1439 646 1514 ΙΕἛχω
683 1443 773 1513 μεν
820 1448 910 1493 οῦν
962 1445 1052 1493 καὶ
1101 1438 1279 1514 έτέρως
1321 1433 1639 1510 μεθοδεῦσαι
1687 1438 1773 1488 τὸν
1821 1433 1907 1487 λό-
2094 1427 2144 1481 XI

2094 1427 2202 1484 XII.
2235 1427 2548 1484 Enimvero
2568 1432 2625 1485 et
2653 1427 2772 1486 alia
2796 1430 2944 1486 mihi
2982 1445 3045 1487 se
3076 1430 3249 1488 offert
3303 1433 3455 1490 ratio
3485 1433 3671 1491 disse-

303 1548 423 1602 γον,
451 1533 542 1582 καὶ
587 1530 653 1583 τὰ
694 1531 831 1582 κατὰ
880 1532 967 1582 τόν
1016 1531 1174 1581 πόκον
1222 1525 1622 1598 ὑψηλολογῆσαι
1680 1518 1906 1585 διεξοδι-
2019 1531 2067 1572 τε

1905 1556 1906 1559 η
2019 1515 2209 1583 rendi,
2239 1521 2298 1573 et
2322 1517 2640 1590 copiosiori
2661 1519 3038 1576 enarratione
3076 1536 3170 1588 ea,
3202 1537 3338 1594 quas
3363 1522 3441 1578 ad
3480 1524 3669 1580 vellus

303 1624 549 1693 κὼτερον.
612 1614 752 1671 Οἶδα
806 1619 908 1693 γὰρ
961 1620 1083 1680 τους
1148 1623 1240 1670 τοῦ
1304 1619 1479 1688 γένους
1553 1615 1904 1688 προπάτορας,
2017 1605 2067 1661 hi

2017 1605 2132 1662 hoc
2161 1610 2449 1679 spectant.
2469 1606 2829 1663 celebrandi.
2858 1610 3076 1665 Etsane
3098 1616 3476 1682 compertum
3496 1613 3671 1669 nobis

306 1705 653 1781 δερματίνους
677 1715 909 1780 χιτῶνας
968 1707 1377 1779 ἠμφιεσμένους,
1438 1708 1527 1756 καὶ
1579 1702 1768 1776 ξηροὺς
1817 1704 1907 1752 καὶ
2017 1710 2070 1752 οε

1905 1741 1907 1750 ,
2017 1695 2808 1768 est,primosgenerisnostri
2828 1703 3130 1769 parentes,
3169 1700 3384 1756 tunicis
3428 1702 3669 1760 indutos

305 1795 584 1858 ἀλίϐαντας
649 1793 742 1850 διαί
807 1801 896 1856 τήν
969 1794 1232 1868 ἀπόφασιν
1292 1803 1382 1855 τῆς
1442 1797 1750 1865 νεκρὼσεως.
1816 1796 1909 1850 τῆς
2017 1801 2069 1857 pi

1906 1809 1909 1844 ς
2017 1784 2298 1857 pelliceis,
2345 1800 2415 1841 ac
2476 1789 2720 1858 propter
2766 1787 2976 1842 mortis
3042 1790 3398 1846 sententiam
3451 1796 3670 1850 terrore

306 1883 554 1962 εὐυδρίας
631 1885 1015 1960 ἐξοριζόμενους
1086 1890 1178 1938 τοῦ
1257 1878 1609 1956 παραδείσου.
1665 1882 1904 1946 ,Εκείνων
2017 1889 2070 1947 pl

2017 1879 2350 1947 prostratos
2380 1891 2451 1931 ac
2483 1875 2656 1932 veluti
2691 1877 3017 1949 exanimes,
3053 1893 3090 1935 a
3126 1879 3393 1952 paradisi
3447 1882 3672 1940 deliciis

307 1977 662 2052 θυγάτηρ,ὡς
691 1974 981 2049 ἅνθρωπος,
1022 1976 1052 2034 ἡ
1102 1975 1377 2048 Παρθενος,
1430 1971 1563 2030 πλήν
1611 1971 1692 2024 ὅτι
1747 1968 1908 2021 λεπτά
2016 1977 2071 2021 el

2016 1963 2302 2037 expulsos
2330 1965 2531 2022 fuisse.
2561 1966 2734 2035 Virgo
2772 1971 2997 2036 autem,
3037 1983 3246 2025 eorum
3292 1969 3415 2027 ﬁlia
3469 1975 3673 2046 utpote

303 2069 650 2139 γνωρίσματα
720 2069 981 2140 περιφίρει
1042 2072 1136 2126 τῆς
1217 2062 1418 2118 έκείνων
1489 2061 1650 2129 ζωῆς,
1725 2059 1908 2115 θνητόν
2018 2053 2067 2110 hi

2018 2053 2224 2120 homo,
2253 2053 2302 2109 si
2328 2053 2628 2128 quasdam
2653 2054 2890 2111 levioris
2912 2057 3201 2113 momenti
3233 2060 3494 2131 excipias
3536 2078 3675 2134 pro-

309 2157 405 2228 μεν
443 2159 768 2228 περικειμένη
837 2158 896 2206 τό
933 2162 1106 2226 σῶμα,
1138 2157 1230 2205 καὶ
1280 2153 1493 2226 φθαρτῷ
1554 2165 1909 2220 συναναστρε-
2019 2159 2073 2218 p1

1908 2179 1909 2185 η
2019 2145 2299 2218 prietates
2325 2161 2462 2201 cum
2485 2161 2693 2202 eorum
2721 2147 2842 2203 vita
2863 2163 3237 2220 communes,
3268 2152 3434 2224 quod
3453 2167 3672 2226 nempe

310 2247 526 2316 γομένη,
586 2246 652 2296 τὰ
704 2239 751 2296 δ’
790 2242 922 2295 ἄλλα
976 2241 1090 2295 λίαν
1160 2243 1412 2315 ὑπέρτερα
1494 2242 1584 2291 καὶ
1659 2239 1909 2310 θειότερα.
2021 2251 2074 2291 m

2021 2233 2336 2292 mortalem
2366 2245 2524 2292 hanc
2553 2236 2748 2292 carnis
2762 2237 3058 2294 sarcinam
3082 2246 3326 2310 gereret,
3353 2246 3406 2298 et
3432 2258 3673 2320 corrup-

309 2335 445 2394 Τοὺς
521 2335 624 2406 γὰρ
702 2329 1004 2408 ἀρραϐῶνας
1075 2338 1170 2393 τῆς
1268 2327 1557 2401 ἀφθαρσίας
1648 2344 1912 2400 προεμνη-
2023 2325 2073 2380 lii

2023 2323 2170 2380 tibili
2226 2339 2363 2380 cum
2421 2340 2671 2398 corpore
2726 2325 2948 2383 viveret
3017 2329 3130 2399 (59,
3190 2331 3396 2402 quoad
3448 2333 3676 2406 reliqua

312 2423 544 2491 στεύετο,
594 2427 684 2474 καὶ
743 2419 1035 2497 ἀνθρώποις
1081 2415 1496 2491 συνδιαιτωμένη
1556 2419 1682 2490 πρὸς
1766 2413 1913 2487 ἄγχε·
2023 2415 2076 2471 10

2023 2415 2200 2485 longe
2230 2414 2342 2471 illis
2365 2414 2677 2471 sublimior
2697 2419 2822 2472 erat
2851 2431 2922 2472 ac
2947 2417 3221 2474 divinior.
3258 2423 3679 2495 lncorruptibi-

307 2510 462 2570 λικην
525 2509 705 2564 ἀῦλίαν
784 2509 1032 2581 ἀνέϐαινε,
1118 2515 1205 2562 καὶ
1274 2507 1465 2580 κλίμαξ
1549 2506 1916 2581 οὐρανομήκης
2023 2505 2071 2564 li‘

2023 2505 2200 2564 litatis
2229 2505 2388 2563 enim
2418 2506 2628 2563 arrhas
2651 2507 2765 2564 sibi
2790 2509 3202 2582 comparabat,
3264 2517 3321 2568 et
3365 2513 3516 2570 inter
3571 2514 3682 2572 ho-

309 2605 708 2673 έπεγινὼσκετο.
761 2601 824 2664 ἧς
872 2603 902 2660 ἡ
950 2599 1141 2673 κεφαλή
1194 2597 1454 2667 ἀφικνεῖτο
1508 2595 1575 2657 εἰς
1623 2597 1708 2647 τὸν
1764 2594 1914 2666 οὐρα·
2026 2613 2073 2653 n3

2026 2597 2219 2653 mines
2246 2596 2452 2652 vivens
2484 2597 2562 2653 ad
2594 2599 2857 2655 materias
2915 2604 3219 2672 expertem
3273 2603 3681 2664 conditionem

309 2693 418 2754 νόν,
487 2692 552 2743 τὰ
604 2689 769 2744 έκείσε
820 2689 981 2748 κάλλη
1039 2685 1380 2760 διανοουμένη
1424 2689 1513 2738 καὶ
1572 2686 1820 2756 θεωμένη,
1874 2683 1916 2736 εἰ
2026 2701 2073 2743 a1

2026 2686 2359 2757 angelicam
2411 2687 2782 2758 assurgebat,
2839 2705 2910 2745 ac
2954 2691 3309 2749 cernebatur
3359 2710 3467 2750 ceu
3521 2695 3685 2752 scala

309 2784 580 2833 καὶκατὰ
635 2788 734 2852 γῆν
771 2784 864 2840 τὴν
915 2777 1076 2852 βάσιν
1127 2775 1326 2854 ἤρειδε,
1372 2780 1462 2828 καὶ
1532 2773 1772 2848 ἐστήριξε
1843 2781 1916 2844 τῷ
2027 2776 3686 2858 quadamcelsissima,cujussummitasadcaalosusque

312 2877 407 2930 τῆς
451 2869 632 2930 οὐσίας
695 2869 1028 2943 κατωϐριθετ.
1095 2867 1211 2922 Ἐπί
1259 2867 1454 2923 ταύτην
1509 2863 1770 2918 ἀνέϐαινον
1829 2868 1918 2916 καὶ
2028 2881 2076 2940 ρ(

2028 2867 2390 2940 pertingeret
2427 2869 2558 2938 (60),
2592 2883 2727 2940 qum
2769 2867 2886 2924 illic
2921 2874 3196 2941 portenta
3247 2879 3386 2929 sunt
3417 2875 3689 2932 conside-

312 2958 618 3013 κατέϐαινον
647 2961 696 3012 οἱ
722 2957 936 3031 ἄγγελοι
965 2964 1058 3010 τοῦ
1107 2963 1241 3010 Θεοῦ
1277 2976 1289 2989 ·
1345 2952 1606 3007 ἀνέϐαινον
1662 2960 1724 3024 τῇ
1784 2954 1920 3004 κατὰ
2028 2971 2076 3012 τε

2028 2971 2168 3012 rans
2182 2960 2361 3029 atque
2374 2955 2789 3029 contemplans
2806 2958 3186 3032 (quanquam
3208 2961 3400 3018 basim
3423 2963 3692 3022 ﬁrmaret

315 3053 476 3123 φύσιν
541 3058 630 3111 τῆς
697 3048 880 3110 ἁὺλίας
963 3049 1199 3121 ὑπεροχῇ
1277 3043 1578 3098 κατέϐαινον
1647 3045 1748 3095 ὑπό
1828 3050 1919 3103 τῆς
2029 3046 2079 3102 in

2029 3046 2089 3102 in
2120 3047 2319 3117 terra),
2350 3062 2460 3102 nec
2493 3051 2740 3103 terrenas
2772 3047 3120 3106 substantias
3148 3052 3416 3123 pondere
3462 3060 3538 3110 ad
3562 3054 3691 3112 haec

314 3141 634 3215 παρθενικῆς
712 3141 982 3212 ἡττώμενοι
1053 3139 1450 3212 καθαρότητος·
1516 3138 1606 3187 καὶ
1654 3134 1680 3188 ὁ
1730 3135 1919 3207 Κύριος
2027 3135 2078 3192 in

2027 3135 2268 3192 inﬁrma
2287 3135 2946 3208 deprimebaturJuxta
2975 3139 3170 3212 ipsam
3199 3143 3608 3200 ascendebant
3637 3150 3695 3200 et

315 3228 662 3304 έπεστηρικτο
690 3228 768 3282 έπ⁹
799 3229 985 3288 αὐτὴν.
2033 3224 2074 3281 d

2033 3224 2482 3282 descendebant
2512 3227 2612 3282 Dei
2661 3227 2895 3297 angeli;
2940 3229 3349 3287 ascendebant
3405 3233 3693 3291 nimirum

312 3319 665 3393 prmstantia
706 3317 977 3392 quadam
1007 3315 1366 3375 conditionis
1393 3315 1562 3372 omni
1593 3312 1844 3370 materia
1875 3327 1948 3368 ex
1977 3318 2195 3370 natura
2221 3329 2333 3370 sua
2362 3314 2620 3371 carentis
2650 3331 2665 3382 ;
2712 3314 3160 3374 descendebant
3192 3325 3394 3378 autem
3426 3321 3696 3394 virginea

314 3409 475 3466 illius
509 3409 765 3482 puritate
791 3409 930 3465 victi
957 3425 970 3474 ;
1000 3407 1196 3464 eidem
1226 3422 1367 3463 vero
1391 3405 1682 3462 Dominus
1711 3404 1842 3475 ipse
1871 3403 2257 3460 innitebatur.

390 3497 555 3552 Βαϐαὶ
596 3507 694 3552 τῶν
756 3499 1030 3572 χαρίτωνῐ
1118 3496 1282 3551 Βαϐαὶ
1337 3504 1427 3549 τοῦ
1490 3502 1582 3558 τῆς
1656 3497 1918 3568 Παρθένου
1959 3495 2000 3550 C
2103 3494 2154 3552 Οξ

1959 3495 2000 3550 C
2103 3494 2191 3552 0h
2216 3499 2514 3567 quantum
2547 3497 2876 3566 gratiarum
2907 3497 3217 3555 cumulum
3245 3500 3255 3555 !
3283 3501 3369 3557 0h
3401 3508 3693 3574 quantam

314 3589 851 3662 ἀξιώματοςεηάντα
891 3586 1111 3664 δεύτερα
1152 3597 1243 3648 τῆς
1296 3583 1458 3650 δόξης
1505 3585 1664 3646 αὐτῆς
1690 3605 1701 3619 ·
1751 3585 1921 3637 πάντα
2030 3586 2078 3638 ν

2030 3584 2282 3654 Virginis
2296 3584 2675 3656 dignitatem!
2698 3587 2911 3643 Omnia
2926 3587 3126 3657 gloriae
3140 3589 3416 3660 ejusdem
3441 3591 3692 3663 cedunt;

315 3682 765 3753 μειονεκτούμενα,
827 3679 922 3730 κᾶν
987 3681 1054 3730 τὰ
1110 3673 1515 3754 φρικωδέστατα
1584 3675 1922 3749 ἁξαπτέρυγα
2029 3690 2079 3730 Ol

2029 3676 2236 3730 omnia
2267 3674 2727 3744 suntinfcriora,
2751 3676 2846 3732 vel
2869 3677 2919 3731 si
2956 3678 3160 3735 animo
3183 3680 3406 3752 cogites
3437 3686 3693 3739 tremen-

316 3766 714 3843 διενθυμηθῇς·
748 3770 778 3828 ἡ
825 3771 928 3843 γὰρ
987 3767 1156 3835 λαϐὶς,
1216 3769 1242 3820 ό
1299 3770 1462 3828 τύπος
1519 3763 1703 3832 αὐτῆς,
1771 3763 1919 3817 εὐλαο
2029 3764 2080 3820 di

2029 3764 2312 3821 dissimos
2336 3764 2845 3838 illos(Seraphim)
2870 3783 2975 3823 sex
3005 3767 3133 3825 alas
3185 3769 3476 3827 habentes
3533 3773 3644 3844 (61)
3679 3793 3691 3842 ;

316 3858 416 3920 ϐὡς
490 3867 596 3920 τοῖς
668 3857 1029 3934 έξαπτερύγοις
1075 3860 1278 3919 τούτοις
1329 3860 1648 3926 κατέχεταιο
1720 3852 1813 3906 κᾶν
1855 3855 1920 3905 τὰ
2028 3872 2080 3915 τε

2028 3860 2367 3915 reverenter
2421 3855 2582 3911 enim
2661 3854 2722 3910 hi
2797 3855 3109 3930 forcipem,
3173 3876 3309 3932 quae
3356 3865 3482 3917 erat
3536 3862 3692 3918 illius

313 3947 666 4022 πολυόμματα
721 3947 988 4022 Χερουϐὶμ
1039 3946 1183 4022 έρεῖς,
1247 3945 1281 4000 ἁ
1335 3951 1423 3998 καί
1487 3945 1556 4008 εἰς
1625 3945 1836 4019 θρόνους
1893 3943 1918 3994 ὁ
2029 3952 2077 4022 ι)

2029 3952 2210 4022 typus
2242 3945 2854 4018 (92),apprehendunt
2886 3953 3025 4014 ;aut
3053 3949 3232 4006 etiam
3257 3951 3304 4006 si
3331 3951 3390 4006 in
3423 3952 3692 4009 medium

319 4040 450 4100 Θετος
513 4039 880 4112 Θεαματίζεται
963 4037 1229 4107 Ἱιζεκιὴλ,
1301 4035 1376 4109 ἔφ’
1433 4036 1500 4086 ὧν
1553 4037 1919 4108 πτερυσσόμε-
2028 4057 2083 4115 ρι

2028 4040 2298 4115 proferas
2319 4037 2530 4112 plenos
2558 4037 2751 4093 oculis
2773 4037 3094 4095 Cberubim
3113 4041 3241 4110 (63),
3266 4055 3422 4113 quos
3451 4041 3691 4098 divinus

311 4147 397 4180 νον
439 4127 635 4200 εἰσάγει
693 4132 779 4180 τόν
826 4127 1099 4200 Ὕψιστον,
1149 4132 1240 4179 καὶ
1301 4124 1383 4179 έπὶ
1437 4133 1645 4200 τροχῶν
1695 4123 1920 4195 ἑφιπτά-
2030 4135 2070 4188 Ε

2030 4129 2292 4188 Ezechiel
2317 4131 2710 4200 repraesentat
2739 4143 2850 4184 ceu
2880 4128 3150 4196 thronos,
3185 4146 3369 4202 supra
3397 4147 3554 4204 quos
3600 4148 3689 4188 ex-

313 4237 502 4291 μενον·
554 4217 768 4270 έκινεῑτο
833 4223 924 4290 μέν
1003 4221 1103 4291 γὰρ
1193 4215 1281 4269 ἀπ’
1338 4216 1543 4284 αἰῶνος,
1592 4223 1682 4292 τῇ.
1715 4213 1920 4286 ἐμφὺτῳ
2029 4223 2077 4279 h;

2029 4222 2193 4279 hibet
2221 4219 2592 4275 Altissimum
2625 4217 2753 4274 alas
2781 4218 3127 4288 agitantem,
3190 4223 3246 4275 et
3290 4236 3474 4292 supra
3529 4225 3690 4277 rotas

309 4310 680 4380 χρηστότητι,
732 4307 818 4361 έπὶ
865 4311 926 4360 τό
981 4310 1276 4382 μυστήριον
1320 4315 1414 4369 τῆς
1467 4304 1920 4376 ένανθρωπὴσεως,
2030 4329 2073 4368 γ.

2030 4312 2376 4368 volitantem
2431 4310 2570 4381 (64),
2631 4308 2930 4380 siquidem
2982 4325 3018 4365 a
3069 4308 3287 4365 saeculo
3346 4309 3528 4367 insita
3577 4311 3689 4368 sibi

308 4402 399 4450 καὶ
469 4402 555 4460 τὴς
624 4400 754 4472 πρὸς
830 4395 1134 4472 ἀνθρώπους
1226 4399 1550 4471 φανέρωσιν·
1635 4397 1778 4445 οὔπω
1863 4388 1922 4444 δε
2030 4403 2071 4459 b

1921 4414 1922 4419 ‘
2030 4401 2297 4461 bonitate
2312 4398 2831 4456 adincarnationis
2853 4399 3213 4470 mysterium
3233 4399 3685 4472 complendum,

307 4491 588 4559 προσήκων
647 4486 930 4546 ἐνειστήκει
978 4490 1180 4562 καιρός,
1231 4487 1284 4537 ὃν
1327 4487 1357 4544 ἡ
1424 4487 1765 4555 ὑπεράπειρος
1825 4489 1922 4534 τῶν
2031 4505 2071 4546 θ(

2031 4495 2088 4547 et
2117 4490 2190 4546 ad
2222 4485 2733 4545 manifestandum
2766 4501 2830 4542 se
2860 4487 3210 4542 hominibus
3242 4488 3578 4558 ferebatur;
3629 4497 3690 4549 at

305 4580 578 4652 κριμάτων
651 4577 811 4631 αὐτοῦ
896 4576 1233 4648 έπεγίνωσκεν
1305 4574 1559 4637 ἄϐυσσος·
1623 4581 1681 4625 'O
1748 4577 1922 4646 μέντοι
2030 4597 2069 4637 ῃ

2030 4579 2304 4637 nondum
2335 4581 2743 4650 opportunum
2761 4581 2996 4650 tempus
3024 4576 3372 4646 advenerat,
3395 4579 3560 4655 quod
3578 4580 3689 4637 im-

307 4671 702 4743 πατριαρχικός
732 4675 846 4729 νοῦς
873 4665 1061 4729 ἐκεῖνος
1089 4672 1179 4718 καὶ
1225 4671 1312 4718 τὸν
1358 4670 1486 4719 Θεόν
1545 4667 1696 4739 όρών,
1759 4662 1920 4720 έστη-
2029 4688 2070 4745 ρ

2029 4668 2478 4745 perscrutabilis
2501 4666 2870 4739 judiciorum
2926 4667 3056 4737 ejus
3105 4667 3367 4740 abyssus
3413 4675 3686 4727 noverat.

303 4763 548 4837 ριγμένον
608 4757 692 4812 ἐπὶ
740 4762 834 4818 τὴν
889 4759 1146 4828 Παρθενον
1192 4759 1307 4831 ὁρᾷ.
1367 4756 1490 4809 Ὅτε
1549 4758 1646 4829 γὰρ
1706 4753 1920 4827 εὓρηται
2032 4763 2067 4816 ιι

2032 4760 2184 4819 lllud
2211 4774 2358 4817 sane
2391 4757 2812 4832 (mysterium),
2843 4772 2912 4814 ac
2967 4759 3156 4815 Deum
3222 4758 3283 4815 in
3329 4759 3538 4832 spiritu
3581 4775 3689 4834 pa-

377 4931 492 5003 (57)
528 4929 685 4986 Psal.
719 4946 872 5008 Lxxi.
905 4934 955 4986 6.
2029 4935 2157 5008 pice
2188 4930 2705 5008 por_ro,quom_od_o
2726 4929 2873 5008 hinc
2896 4930 3508 5008 auctoroccasionem
3541 4933 3687 4991 arri-

383 5004 494 5079 (58)
518 5005 688 5079 .loan.
722 5004 917 5079 ix,_29.
1105 5073 1116 5079 -
1371 5074 1408 5079 __
1427 5078 1430 5079 γ
1451 5073 1464 5079 _
1644 5073 1652 5079 _
2029 5003 2505 5079 piat,puritatém
2521 5003 2772 5079 Virginis
2797 5018 2919 5076 prae
2938 5003 3292 5079 angelorum
3313 5005 3568 5078 puritate
3589 5021 3685 5064 ce-

383 5023 494 5076 (οδ)
518 5023 688 5060 Joan.
723 5023 800 5066 IX,
831 5023 917 5059 κν.
2073 5023 2498 5079 iat,purualem
2529 5023 2772 5073 Virginis
2798 5023 2919 5076 ρΙἹΞΒ
2938 5023 3292 5084 angelorum
3313 5023 3568 5078 ρυτιιειῑθ
3589 5023 3685 5064 08·-

379 5077 496 5150 (59)
530 5075 833 5148 Numquid
856 5090 975 5131 non
993 5090 1056 5131 se
1071 5073 1224 5131 clare
1239 5073 1760 5150 prodithocpeliam
1784 5079 1916 5137 loco
2026 5023 2298 5134 ﬁebrandi
2322 5075 2512 5150 :quod
2552 5075 2798 5150 quidem
2830 5090 3179 5150 encomium
3204 5075 3396 5150 absre
3428 5083 3600 5150 esset,
3635 5079 3686 5137 si

303 5146 583 5205 doctrina
607 5146 1334 5222 veteru_m‘Gra3corumde
1357 5147 1697 5222 conditione
1725 5153 1914 5208 Mariae
2026 5151 2168 5209 olim
2201 5146 2386 5218 Virgo'
2415 5146 2640 5222 peccati
2665 5146 3286 5222 deformitatefaadata
3309 5147 3533 5206 fuisset.

304 5219 652 5276 communis
667 5219 853 5291 lapsis
872 5219 1219 5275 hominibus
1238 5219 1440 5291 probri
1463 5221 1748 5291 expertis?
1764 5226 1915 5280 Sane
2100 5225 2208 5291 (61)
2243 5226 2355 5277 lsa.
2388 5218 2466 5286 vi,
2500 5226 2531 5274 2
2559 5218 2908 5287 :Seraphz’m
2935 5219 3178 5276 stabant
3234 5237 3415 5290 super
3477 5224 3636 5279 illud
3665 5241 3678 5281 :

303 5293 422 5349 nisi
443 5291 630 5347 tiliam
657 5291 897 5367 fatearis
921 5291 1077 5367 illius
1113 5295 1640 5367 reatusexsortem.
1665 5297 1766 5367 qui
1797 5298 1914 5367 pri-
2024 5311 2128 5352 ser
2162 5296 2276 5350 ala:
2308 5295 2431 5360 uni,
2470 5299 2523 5348 et
2552 5308 2656 5349 sea:
2683 5293 2795 5367 (ita
2829 5292 3030 5367 alteri.

304 5380 445 5437 mos
461 5367 787 5437 parentese
807 5363 1195 5437 felicistatuin
1210 5363 1500 5437 abyssum
1528 5363 1915 5437 miserrimum
2094 5367 2208 5437 (62)
2240 5369 2604 5422 Consuetum
2635 5363 2868 5437 scilicet
2889 5363 3279 5437 SS.Patribus
3307 5364 3432 5429 fuit,
3457 5370 3520 5422 ut
3564 5366 3682 5423 for-

303 5434 670 5502 deturbavit,
688 5435 886 5490 inanis
907 5434 1533 5510 estoppositio,quam
1555 5435 1742 5495 ﬁliam
1764 5441 1916 5497 inter
2027 5434 2240 5510 cipem,
2275 5454 2398 5510 qua
2418 5437 2729 5510 Seraphim
2758 5434 3055 5510 calculum
3078 5438 3337 5510 sumpsit
3379 5438 3452 5494 dc
3490 5439 3683 5510 altari,

306 5524 380 5565 ac
411 5512 690 5579 parentes
721 5513 931 5564 auctor
951 5508 1220 5563 instituit.
1369 5508 1382 5509 ί
2025 5508 2400 5567 Ιιειὺεειηιύίί
2424 5516 2644 5564 sanctae
2667 5508 2918 5578 Virginis
2948 5513 3186 5579 typum.

381 5580 493 5650 (60)
512 5580 984 5647 Gen.xxvm,t'2,
1010 5579 1672 5651 t3:\’iditque(Jacobin
1695 5586 1915 5640 somnis
2100 5587 2202 5650 (63)
2231 5582 2430 5638 Ezech.
2468 5599 2523 5638 x.
2557 5586 2616 5635 t2
2649 5598 2662 5636 :
2690 5581 2764 5635 Et
2789 5595 2960 5635 omne
2981 5595 3195 5649 corpus
3333 5589 3386 5638 et
3412 5585 3592 5652 colla,
3631 5591 3685 5641 et

306 5653 1917 5720 scatamstantemsuperterram,etcacumenittiustan-
2026 5670 2262 5720 manus,
2300 5661 2353 5710 et
2381 5669 2589 5723 penna:
2621 5692 2678 5715 .,.
2709 5654 2894 5720 plena
2924 5659 3094 5710 erant
3128 5655 3336 5711 oculis;

305 5724 702 5800 glensctetum;
723 5724 1325 5800 angetosguoq‘ueDei
1335 5725 1716 5800 ascendentes
1731 5734 1782 5800 et
1796 5728 1919 5785 des-
2099 5729 2215 5800 (64)
2237 5727 2446 5784 Ezech.
2485 5741 2542 5798 χ,
2578 5730 2666 5797 28,
2695 5729 2782 5796 29,

308 5785 1289 5868 E'sndentsspércim,etboniinum
1303 5794 1581 5856 innisum
1594 5796 1920 5860 scala‘anso
