4468 6450
322 435 438 490 693
1432 439 1501 495 IN
1543 436 2172 496 ΛΝΝΗΝΤῙΛΤΙΟΝΕΜ
2220 440 2278 492 Β.
2326 439 2583 496 ΜΑΒΙΑΞ.
3580 438 3684 490 694

323 555 628 612 διανιστεῖη.
689 558 891 611 Αὑαλία
939 561 1041 633 γὰρ
1097 563 1274 630 γέγονε
1320 567 1410 614 καὶ
1461 568 1648 637 τέφρας
1710 563 1927 632 αὑχμω-
1958 562 2003 612 Α
2036 576 2087 614 re

1917 592 1927 601 -
1958 562 2003 612 Α
2036 576 2361 634 renamque
2375 568 2651 618 naturam
2665 568 2928 618 nostram
2945 559 3181 631 copiose
3198 559 3294 614 irri
3304 558 3483 628 gavit,
3503 561 3681 629 atque

324 643 648 720 δεστίρα,ἐξ
699 649 819 698 ὅτου
877 649 1008 717 (73),
1063 653 1128 707 ὡς
1181 647 1424 723 ἀστραπή
1487 647 1924 725 πρηστηριωδης.
2035 665 2088 704 at

1917 693 1924 710 .
2035 649 2113 704 ad
2134 667 2350 706 suaves
2363 651 2589 707 fructus
2605 651 2861 708 ubertim
2885 649 3164 705 ferendos
3179 648 3473 704 excitavit.
3493 648 3681 719 Squa-

322 736 597 794 όΣατανᾶς
656 741 826 787 πεσὼν
873 739 928 787 εκ
989 744 1081 787 τοῦ
1137 737 1376 809 οὐρανοῦ,
1445 747 1658 814 καιρίως
1733 742 1925 795 ταύτην
2034 738 2086 792 lit

1919 762 1925 784 ι
2034 738 2154 793 lida
2180 741 2439 797 enim.et
2462 741 2760 796 cineribus
2789 740 2937 811 ipsis
2993 738 3206 792 siccior
3261 740 3550 800 evaserat,
3609 749 3683 789 ex

324 821 521 894 βαλὼν,
581 825 939 888 κατηθάλωσε,
1021 829 1110 877 καὶ
1161 827 1377 898 ἅνικμον
1436 829 1788 902 ἀπειργάσατο
1838 833 1925 879 καὶ
2033 843 2088 898 ῳ

1917 840 1925 879 ξ
2033 842 2156 898 quo
2184 829 2457 890 Satanas.
2487 845 2595 884 ceu
2626 828 2825 897 fulgur
2850 826 3216 883 comburens
3236 841 3266 880 e
3286 823 3436 879 caelo
3449 823 3681 893 lapsus,

321 916 458 985 πρὸς
509 919 861 986 καρποφορίαν
947 916 1092 965 θείων
1145 918 1306 988 ἔργων
1362 915 1585 980 ὰδίξιον.
1650 917 1924 986 Ἀνατελεῖ,
2034 932 2085 971 CI

1919 961 1924 979 ,
2034 913 3384 989 cumlethaliteripsamsauciasset,omnemei
3424 913 3683 967 virorem

323 1005 506 1070 φησὶν,
579 1000 628 1052 ἐν
707 1010 820 1061 ταῖς
899 1005 1112 1075 ἡμέραις
1196 1005 1356 1056 αὑτοῦ
1440 1003 1752 1064 δικαιοσύνη
1836 1011 1926 1058 καὶ
2034 1004 2087 1060 al

1919 1027 1926 1057 ι
2034 1004 2295 1070 abstulit,
2315 1007 2664 1079 aridamque
2695 1011 2749 1062 et
2779 1005 2856 1061 ad
2875 1004 3220 1060 divinorum
3249 1017 3502 1073 operum
3545 1015 3683 1072 pro-

319 1087 518 1148 πλῆθος
582 1090 811 1164 εἰρήνης,
882 1092 974 1152 ἕως
1043 1092 1103 1142 οὗ
1186 1091 1522 1167 ἁνταναιρεθῇ
1603 1097 1634 1152 ἡ
1716 1095 1922 1152 σελήνη.
2033 1091 2083 1146 ἀ)

1919 1139 1922 1147 ,
2033 1091 2343 1148 ducendos
2372 1093 2596 1148 fructus
2640 1095 2905 1164 ineptam
2963 1090 3238 1146 reddidit.
3298 1090 3555 1152 Orietur,
3588 1087 3683 1142 in-

319 1178 716 1248 Ἐπεξερχίσθω
763 1181 866 1252 γὰρ
924 1181 950 1230 ό
987 1179 1139 1250 λόγος
1186 1186 1418 1242 καὶτοῖς
1475 1183 1592 1244 ἑξῆς
1649 1191 1740 1235 τοῦ
1795 1183 1925 1254 ψαλ-
2033 1196 2083 1252 qi

1917 1213 1925 1222 -
2033 1180 2164 1252 quit
2190 1182 2304 1251 (74)
2324 1228 2338 1249 ,
2363 1185 2426 1237 in
2439 1183 2642 1238 diebus
2657 1185 2783 1251 ejus
2784 1181 3031 1250 justitia
3043 1178 3488 1235 etabundantia
3497 1177 3681 1246 pacis,

315 1273 443 1336 μοῦ,
474 1272 563 1317 καὶ
593 1268 710 1318 καθ’
751 1264 876 1319 ὀδόν
940 1272 1287 1339 προερχέσθω
1345 1270 1428 1322 ἐπὶ
1487 1277 1581 1328 τὴν
1637 1280 1738 1322 τῶν
1792 1292 1924 1345 κρυ·
2033 1268 2079 1322 ἀι

1918 1303 1924 1312 -
2033 1268 2218 1324 donec
2237 1271 2559 1340 auferatur
2575 1272 2741 1326 luna.
2763 1272 2872 1324 Par
2897 1269 3055 1323 enim
3086 1267 3279 1334 fuerit,
3329 1271 3394 1321 ut
3437 1270 3494 1320 et
3544 1280 3682 1336 quae

317 1360 586 1426 πτομὲνων
636 1362 936 1428 σαφήνειαν.
978 1354 1120 1414 ’Ἤδη
1181 1362 1283 1429 γὰρ
1333 1368 1424 1410 τοῦ
1479 1361 1626 1417 ἡλίου
1683 1370 1776 1421 τῆς
1835 1359 1923 1413 δι-
2033 1373 2081 1412 re

1919 1393 1923 1401 ι
2033 1358 2262 1429 reliqua
2318 1366 2458 1415 sunt
2505 1359 2685 1430 hujus
2721 1357 2966 1418 Psalmi,
3014 1355 3205 1412 oratio
3261 1358 3683 1425 persequatur,

317 1446 606 1503 καιοσύνης
697 1443 982 1496 ἀνατέλλειν
1077 1444 1470 1518 ἀπαρχομίνον,
1572 1452 1639 1499 τὰ
1719 1448 1768 1500 ἄν
1854 1458 1925 1518 τῷ
2032 1461 2081 1501 τε

1918 1473 1925 1498 ι
2032 1452 2312 1519 rectaque
2333 1450 2433 1503 via
2463 1448 2540 1504 ad
2571 1464 2778 1504 eorum
2818 1462 2954 1518 quas
2979 1447 3040 1501 in
3066 1460 3138 1500 eo
3174 1444 3419 1508 lateant,
3479 1442 3682 1514 expla-

320 1528 545 1583 σκιώδει
600 1541 693 1583 τοῦ
782 1536 1093 1607 γράμματος
1169 1552 1604 1608 συγκρυπτομενα
1670 1537 1741 1598 εἰς
1820 1546 1924 1608 φῶς
2033 1551 2084 1590 nt

1920 1559 1924 1597 :
2033 1535 2335 1591 nationem
2370 1536 2805 1608 progrediatur.
2838 1537 2987 1591 Cum
3009 1534 3170 1590 enim
3206 1531 3547 1588 illucescere
3595 1531 3684 1588 sol

320 1619 690 1692 ἆξαγίσθωσαν
701 1663 712 1677 ,
2029 1624 2084 1694 ju

2029 1624 2270 1694 justitias
2310 1625 2440 1694 jam
2483 1625 2730 1696 incipiat
2759 1638 3099 1679 consonum
3123 1620 3298 1676 fuerit
3328 1624 3393 1675 nt
3416 1635 3554 1692 quae
3584 1635 3688 1675 oc-

2032 1713 2331 1769 cultantur
2359 1714 2575 1770 umbra
2602 1714 2831 1776 litteras.
2871 1713 2933 1768 in
2973 1711 3172 1768 lucem
3215 1715 3486 1782 apertam
3542 1708 3686 1765 edu-

2031 1807 2264 1858 cantur.

394 1906 493 1960 ΙΔ’.
529 1906 662 1960 Ἀλλ’
711 1908 772 1975 ὦ,
804 1913 933 1968 τίνες
985 1911 1032 1960 οἱ
1089 1914 1308 1961 κατόπιν
1350 1911 1496 1982 ἡμῶν
1545 1909 1733 1984 ἀρτίως
1791 1909 1922 1983 βαῦ-
1957 1920 1994 1971 Β
2107 1912 2158 1965 Χ]

1917 1943 1922 1952 -
1957 1920 1994 1971 Β
2107 1912 2216 1965 XIX
2239 1913 2452 1965 Verum
2481 1911 2580 1974 oh,
2603 1909 2854 1982 quinam
2881 1911 3040 1978 sunt,
3071 1906 3176 1980 qui
3226 1904 3405 1961 nobis
3426 1919 3462 1960 a
3512 1908 3681 1974 tergo

320 1995 519 2064 ζοντες,
582 2001 671 2048 καὶ
730 1998 882 2069 θροῦν
937 2002 1096 2068 μέγαν
1144 2003 1233 2049 καὶ
1278 2001 1512 2071 τάραχον
1566 1998 1921 2071 ὰνεγείροντες,
2035 2015 2084 2055 Π)

1920 2049 1921 2058 χ
2035 2015 2195 2056 nunc
2222 2000 2462 2068 latrant,
2512 2015 2923 2072 magnumque
2963 1996 3275 2069 strepitum
3337 2011 3408 2051 ac
3463 1992 3684 2050 tumul-

317 2089 411 2135 καὶ
439 2088 569 2136 κατὰ
599 2093 690 2136 τοῦ
720 2086 872 2156 λόγου
914 2085 1201 2158 βρύχοντες
1253 2092 1374 2148 τοὺς
1426 2085 1742 2150 κυνόδοντας
1769 2090 1920 2160 (75);
2034 2095 2081 2144 tt

2034 2095 2161 2144 tum
2206 2090 2482 2148 excitant.
2517 2095 2574 2144 et
2620 2088 2850 2143 caninis
2902 2086 3181 2142 dentibus
3231 2085 3294 2140 in
3343 2098 3685 2139 sermonem

318 2169 576 2226 Ἰουδαῖοι
633 2176 836 2235 πάντως
905 2175 1030 2242 εἰσὶ,
1115 2180 1172 2227 τό
1223 2177 1575 2250 φιλοτάραχον
1631 2178 1781 2248 φῦλον
1835 2183 1925 2229 καὶ
2034 2179 2082 2246 (ῑ

1922 2220 1925 2228 ,
2034 2179 2355 2246 (nostrum)
2387 2177 2692 2234 frendent?
2725 2177 2978 2231 Prorsus
3022 2174 3209 2230 Judaei
3266 2177 3429 2236 sunt,
3478 2171 3686 2228 turbu-

314 2265 619 2334 κραυγάζον
653 2284 666 2295 ο
718 2265 786 2313 ὧν
847 2283 1233 2338 καρποφορημα
1289 2273 1491 2338 κραυγή
1558 2265 1668 2318 ἀντὶ
1720 2286 1923 2338 σταφυ-
2033 2264 2078 2322 ιε

1919 2298 1923 2307 ι
2033 2264 2261 2322 lentum
2293 2266 2748 2338 clamosumque
2781 2280 2993 2334 genus;
3016 2261 3683 2335 quorumfructiﬁcatio,

314 2351 434 2414 λῆς,
467 2354 621 2423 φάναι
651 2354 771 2404 καθ’
791 2353 1029 2407 Ἠσαίαν.
2035 2372 2074 2410 u

2035 2361 2099 2410 ut
2125 2371 2260 2409 cum
2294 2355 2450 2410 Isaia
2478 2355 2696 2428 loquar
2719 2353 2854 2426 (78).
2878 2368 2990 2426 pro
3020 2367 3141 2407 uva
3182 2352 3428 2407 clamor.

386 2445 451 2492 Τί
505 2437 592 2492 οὖν
643 2446 930 2514 ποιήσομεν
979 2459 992 2506 ;
1045 2445 1292 2516 Ἐοξσομεν
1333 2451 1446 2506 ταῖς
1501 2444 1718 2507 ὑλακαῖς
1777 2443 1924 2520 διαρ-
2106 2446 2150 2509 Ο

1923 2480 1924 2484 η
2106 2445 2259 2509 Quid
2299 2460 2441 2514 ergo
2481 2443 2799 2499 faciemus?
2841 2443 3218 2507 Sinemusne,
3261 2444 3326 2496 ut
3395 2440 3519 2494 suis
3571 2439 3687 2511 ipsi

307 2529 630 2602 ῥήγνυσθαι,
685 2527 950 2602 μηδεμίαν
1044 2532 1365 2606 ἐπιστροφὴν
1448 2542 1549 2585 τῶν
1615 2535 1917 2607 πεφλυαρη-
2032 2533 2071 2588 la

2032 2533 2343 2588 latratibus
2381 2535 2856 2606 disrumpantur,
2888 2531 3037 2586 nihil
3075 2530 3369 2586 adversus
3411 2545 3483 2585 ea
3547 2544 3684 2600 qum

309 2622 475 2689 μένων
528 2619 701 2679 αὐτοῖς
753 2623 1049 2691 ποιούμενοι
1091 2637 1104 2687 ;
1155 2621 1222 2673 Ἠ
1313 2621 1707 2695 ἐπιστραφέντες
1789 2624 1920 2694 ὀλίγ’
2034 2638 2072 2692 g

2034 2623 2304 2692 garriunt
2376 2623 2635 2677 vicissim
2685 2626 3043 2693 reponentes
3119 2635 3196 2675 an
3261 2634 3402 2674 vero
3463 2633 3687 2691 parvos

308 2709 448 2758 ἄττα
478 2709 590 2776 (76)
636 2705 840 2759 λιθίδια
881 2717 974 2760 τοῦ
1034 2706 1283 2772 ἁναιδοῦς
1331 2711 1499 2762 αὐτῶν
1551 2718 1921 2764 κατακοντίσο-
2034 2727 2069 2766 a

2034 2711 2266 2782 aliquos
2296 2711 2530 2782 lapillos
2575 2711 2633 2766 in
2657 2709 2980 2782 impudens
3023 2724 3232 2764 eorum
3263 2724 3330 2763 os
3364 2703 3688 2778 jaciemus?

307 2817 400 2868 μεν
457 2803 754 2869 στόματος;
789 2807 936 2850 Δοκεῖ
992 2820 1080 2871 μοι
1137 2805 1194 2851 τό
1258 2799 1496 2873 δεύτερον
1555 2803 1917 2874 ἰσχυρότερον.
2033 2804 2071 2855 Ε

2033 2799 2341 2856 Efﬁcacius
2382 2805 2755 2872 postremum
2777 2799 2892 2854 hoc
2923 2799 3068 2854 mihi
3104 2797 3334 2853 videtur
3364 2812 3685 2866 argumen-

310 2885 420 2938 Κᾶν
470 2889 569 2959 γὰρ
629 2885 966 2960 ἕπιδράμωσι
1036 2886 1525 2964 διαρριπτουμένοις
1574 2899 1677 2950 τοῖς
1753 2891 1919 2953 λίθοις
2031 2893 2074 2944 tl

2031 2893 2178 2944 tum.
2211 2889 2326 2944 Etsi
2355 2890 2516 2944 enim
2582 2890 2641 2944 in
2672 2889 2974 2958 conjectos
3047 2887 3160 2942 hos
3213 2885 3446 2959 lapides
3484 2885 3687 2941 hiante

307 2974 640 3046 ἐπιχανόντες
701 2980 924 3041 τούτοις,
1004 2981 1072 3038 ὡς
1135 2981 1396 3050 σύνηθες·
1481 2978 1747 3050 ἄλλόὐχί
1830 2986 1918 3032 καὶ
2029 2995 2064 3033 0

2029 2995 2150 3040 ore.
2186 2985 2249 3034 ut
2289 2979 2498 3047 solent,
2526 2983 2861 3042 occurrant,
2886 2976 3051 3033 haud
3081 2981 3282 3032 tamen
3316 2981 3372 3031 et
3397 2974 3686 3031 mandere

309 3061 795 3137 διαμασσήσασθαι
839 3066 898 3119 ἂν
948 3065 1234 3130 δυνηθεῖεν,
1286 3049 1369 3120 τό,
1415 3069 1625 3144 στερρόν
1675 3070 1773 3122 ἀπό
1824 3080 1918 3133 τῆς
2028 3084 2073 3122 84

2028 3084 2132 3122 eos
2166 3069 2333 3123 facile
2363 3073 2660 3141 poterunt,
2694 3072 2898 3137 utpote
2929 3067 3032 3139 qui
3063 3065 3379 3130 soliditate,
3414 3081 3551 3137 quas
3599 3069 3688 3121 est

306 3153 555 3216 ἀληθείας
631 3156 946 3227 αὐχοῦντας.
1038 3157 1282 3215 Ἀλήθεια
1354 3154 1412 3210 δε
1469 3161 1494 3210 ὁ
1579 3163 1833 3233 Χριστός,
1889 3163 1914 3211 ὁ
2028 3173 2062 3213 a

2028 3173 2062 3213 a
2094 3159 2354 3225 veritate,
2392 3158 2714 3227 gaudeant.
2759 3159 2987 3213 Veritas
3013 3161 3214 3212 autem
3247 3160 3332 3211 est
3357 3157 3485 3223 ipse
3514 3151 3686 3211 Chri-

302 3246 427 3302 τοὺς
481 3251 580 3295 τῶν
630 3244 946 3319 ἁμαρτωλῶν
1032 3246 1318 3319 συντρίϐων
1394 3244 1632 3317 ὀδόντας⁹
1688 3248 1773 3299 ἶνα
1820 3256 1916 3320 μή·
1947 3275 1985 3330 C
2027 3261 2066 3302 ει

1947 3275 1985 3330 C
2027 3253 2151 3302 stus
2179 3249 2314 3321 (79),
2345 3250 2448 3320 qui
2481 3249 2684 3304 dentes
2708 3253 3090 3314 peccatorum
3120 3245 3375 3301 conterit
3415 3245 3555 3314 (80),
3608 3260 3683 3302 ne

301 3335 389 3382 τόν
418 3341 512 3393 τῆς
546 3338 771 3395 πίστεως
810 3336 964 3407 ἄρτον
1023 3332 1218 3396 ἀδίκως
1282 3333 1722 3408 διαλυμοίνωνται
1777 3340 1909 3408 (77).
2028 3337 2065 3391 ft

1448 3341 1722 3407 μοίνωνται
1777 3340 1909 3408 (77).
2028 3337 2178 3392 forte
2209 3354 2430 3409 panem
2461 3337 2601 3392 ﬁdei
2632 3337 2813 3408 impie
2849 3335 3212 3407 discerpant.

376 3421 474 3474 IE'.
540 3422 694 3474 Ἀλλὰ
746 3428 796 3474 τί
849 3425 1059 3496 κράζεις
1123 3426 1337 3477 ὄπισθεν
1386 3446 1506 3497 μου,
1563 3423 1773 3487 ἀναιδὲς
1823 3426 1914 3477 ἀν-
2101 3430 2137 3481 Χ

2101 3427 2210 3481 XV.
2233 3431 2431 3491 Porro,
2456 3426 2603 3500 quid
2625 3432 2763 3498 post
2787 3442 2883 3481 me
2914 3425 3162 3487 clamas,
3203 3423 3427 3485 Iudaee,
3459 3422 3682 3480 eﬂ'rons

301 3512 530 3582 θρωπιον
577 3517 666 3562 καὶ
720 3513 1095 3585 φιλοτάραχον,
1159 3511 1420 3580 ’ἰουδαῖεη
1484 3515 1542 3568 Εἰ
1573 3518 1714 3586 ἔχεις
1785 3515 1886 3568 ἀπο
2023 3533 2065 3571 ἂι

2023 3532 2092 3571 ac
2115 3517 2480 3571 contentiosa
2542 3517 2871 3572 homuncio
2901 3515 2928 3569 ?
2958 3514 3015 3569 Si
3054 3513 3200 3586 quid
3241 3513 3452 3579 habes,
3515 3513 3681 3586 quod

295 3605 521 3672 κρίσεως
576 3600 747 3670 λόγον,
809 3602 934 3655 εἰπέ.
994 3604 1080 3663 Εἰς
1134 3603 1452 3675 Σολομῶντα,
1542 3610 1723 3675 φησίν,
1786 3604 1910 3657 ἀπος
2020 3621 2059 3658 r1

2020 3620 2279 3672 regeras,
2314 3606 2491 3660 dicto.
2531 3607 2628 3660 Ad
2658 3606 3054 3666 Solomonem,
3095 3601 3308 3674 inquit,
3351 3603 3481 3658 hwc
3517 3602 3681 3658 dicta

295 3693 550 3739 τείνονται
617 3696 778 3740 ταῦτα
878 3694 941 3741 τὰ
1005 3692 1237 3765 ῥήματα,
1330 3698 1418 3744 καὶ
1495 3693 1645 3764 λόγον
1727 3703 1908 3746 τοῦτον
2018 3709 2059 3747 νε

2018 3695 2395 3760 referuntur,
2421 3701 2474 3749 et
2504 3695 2614 3749 hoc
2645 3694 2887 3749 verbum
2919 3694 3135 3747 bonum
3163 3707 3194 3748 e
3227 3692 3404 3747 corde
3443 3697 3680 3747 eructat

295 3775 496 3847 ἀγαθόν
557 3776 613 3828 ἐκ
664 3786 770 3839 τῆς.
825 3776 1047 3854 καρδίας
1113 3780 1372 3853 ἐρεύγεται
1425 3784 1450 3833 ό
1505 3780 1671 3835 Δαυὶδ
1722 3792 1794 3854 τῷ
1855 3783 1908 3835 ἐκ
2019 3785 2059 3836 Β

2019 3784 2214 3838 David
2246 3785 2565 3839 successori
2591 3781 2710 3852 (81)
2727 3783 3264 3852 regniejus,quiex
3280 3787 3449 3836 utero
3491 3782 3679 3849 ipsius

293 3875 392 3927 τῆς
460 3866 657 3927 κοιλίας
753 3868 914 3920 αὐτοῦ
1018 3877 1367 3942 γεγεννημένῳ
1475 3867 1725 3944 διαδόχῳ
1812 3883 1908 3935 τῆς
2014 3887 2057 3941 ϐε

2014 3887 2280 3941 egressus
2307 3872 2520 3940 est(82)
2557 3887 2709 3937 ;non
2723 3871 3164 3938 autem,prouti
3174 3875 3238 3923 tu
3296 3869 3677 3925 Christianus

295 3953 588 4026 βασιλείας,
660 3956 769 4007 ἀλλ’
831 3959 937 4029 οὐχ
1005 3961 1072 4020 ὡς
1138 3964 1202 4011 σὺ
1266 3960 1423 4031 λέγεις
1489 3963 1514 4012 ό
1568 3968 1902 4033 Χριστιανός,
2014 3977 2059 4016 ε(

2014 3962 2666 4029 contendis,sermonem
2681 3961 2754 4016 de
2767 3960 3000 4016 Christo
3012 3960 3290 4015 instituit.
3311 3957 3673 4030 Sine,quaeso

290 4049 412 4116 περὶ
478 4053 570 4096 τοῦ
637 4054 873 4118 Χριστου
940 4052 1026 4099 τόν
1087 4048 1239 4119 λόγον
1315 4058 1559 4105 ποιεῖται.
1626 4050 1744 4117 Ἐα,
1808 4073 1903 4124 μα·
2012 4067 2048 4105 0

2012 4067 2048 4105 ο
2075 4052 2269 4121 inepte
2282 4067 2581 4119 nugarum
2595 4050 2886 4115 venditor,
2900 4055 3128 4105 rectum
3147 4064 3326 4104 suum
3371 4049 3672 4104 tramitem

288 4133 528 4204 ταιολόγε
552 4141 641 4187 καὶ
671 4135 882 4211 φλύαρε,
930 4141 1045 4188 κατ’
1113 4139 1398 4212 εὐθυωρίαν
1449 4145 1759 4213 προτρέχειν
1818 4145 1904 4193 τόν
2012 4155 2051 4209 p

2012 4146 2415 4211 prosequatur
2439 4140 2652 4200 oratio.
2681 4155 2828 4194 neve
2850 4155 2984 4194 eam
3009 4137 3088 4194 ad
3111 4142 3165 4193 te
3211 4138 3412 4209 ipsum
3464 4137 3673 4192 nitaris

288 4223 464 4292 λόγον,
532 4230 620 4276 καὶ
668 4232 739 4297 μὴ
798 4225 1147 4301 ἰεντιπερίσπα
1206 4234 1334 4302 πρός
1410 4229 1606 4284 ἑαυτόν.
1672 4231 1746 4280 Οὐ
1799 4233 1900 4304 γάρ
2011 4227 2051 4281 d

2011 4227 2322 4283 divertere.
2341 4232 2540 4301 Neque
2552 4230 2711 4284 enim
2725 4245 2888 4284 nunc
2900 4234 3140 4300 tempus
3155 4231 3243 4282 est
3273 4227 3671 4283 contentionis

287 4311 434 4364 ἔστιν
491 4315 609 4386 ἄρτι
713 4311 992 4377 δικανικῆς
1071 4316 1414 4380 ἀντιστασίας
1505 4324 1707 4394 καιρός,
1775 4319 1902 4371 ἀλλὰ
2011 4316 2051 4371 ft

2011 4316 2283 4382 forensis,
2303 4319 2408 4373 sed
2423 4319 2686 4389 hymnos
2701 4318 2940 4374 alternis
2953 4318 3152 4372 choris
3165 4317 3445 4372 canendi.
3471 4317 3671 4372 Domi-

282 4400 637 4473 ψαλμῳδικῆς
680 4403 987 4476 ἀντιφωνιας
1039 4412 1219 4479 χορός.
1257 4407 1406 4460 Ἦκει
1467 4411 1569 4482 γὰρ
1625 4409 1899 4483 οὐρανόθεν
2009 4421 2046 4460 n

2009 4421 2124 4460 nus
2152 4409 2312 4461 enim
2338 4423 2557 4463 meuse
2579 4407 2728 4462 caelo
2750 4410 2911 4463 venit
2938 4409 3001 4462 in
3033 4412 3261 4462 terram‘
3293 4421 3414 4461 non
3459 4412 3525 4460 ut
3567 4409 3671 4476 ju-

283 4493 310 4542 ὁ
365 4491 482 4563 ἐμός
553 4499 812 4554 Δεσπότης
861 4494 944 4547 ἐπὶ
992 4501 1082 4553 τὴν
1134 4506 1253 4568 γῆν,
1309 4498 1412 4568 οὐχ
1473 4501 1554 4549 ἵνα
1611 4504 1759 4571 κρίνη
1815 4504 1901 4550 τόν
2009 4495 2047 4549 d

2009 4495 2165 4551 dicet
2178 4497 2488 4560 mundum,
2505 4497 2605 4551 sed
2625 4503 2689 4550 ut
2711 4497 3003 4552 mundum
3017 4496 3272 4562 viviﬂcet
3284 4496 3412 4566 (83).
3427 4497 3670 4551 Verum-

280 4586 501 4653 κόσμον,
535 4582 643 4634 ἀλλ’
702 4586 784 4634 ἵνα
869 4591 1018 4655 σώσῃ
1104 4605 1188 4638 τον
1264 4593 1480 4659 κόσμον.
1549 4588 1746 4660 Ὅμως,
1821 4591 1903 4639 ἵνα
1939 4627 1979 4678 D
2011 4591 2044 4638 ιε

1939 4627 1979 4678 D
2011 4591 2304 4639 tamenne
2334 4585 2697 4658 properandi
2733 4601 2977 4640 cursum
3027 4584 3311 4639 sollicitos
3374 4599 3489 4639 nos
3531 4584 3667 4641 ideo

281 4675 357 4740 μὴ
415 4666 645 4742 δόξωμεν
723 4667 800 4722 δι’
827 4671 1047 4745 ἀποριαν
1088 4674 1384 4745 ὰντιλογιας
1440 4680 1498 4727 τό
1540 4684 1632 4737 τῆς
1692 4695 1901 4748 πορειας
1939 4666 1976 4678 υ
2010 4674 2045 4727 ﬁ

1939 4666 1976 4678 “’
2010 4674 2236 4743 ﬁnegre
2269 4676 2583 4730 videamur
2608 4676 2770 4747 quod
2791 4675 2967 4730 nobis
2997 4690 3120 4729 non
3152 4678 3476 4746 suppetant
3527 4689 3665 4747 quas

279 4761 709 4830 προφασίζεσθαι
762 4765 1024 4829 σύντονον,
1078 4766 1142 4822 ὡς
1173 4765 1278 4816 οἷόν
1336 4785 1390 4817 τε
1450 4770 1900 4837 σννεπτυγμένως,
2011 4779 2040 4817 c

2011 4771 2218 4819 contra
2247 4779 2634 4836 reponamus,
2651 4762 3248 4834 summatim,quoad
3261 4762 3513 4831 licuerit,
3537 4778 3663 4820 rem

276 4852 376 4905 τὴν
405 4854 499 4906 σὴν
531 4848 793 4922 ἐλὲγξομεν
819 4853 1017 4908 ἄνοιαν,
2009 4868 2040 4923 p

2009 4853 2494 4923 perstringentes.
2513 4853 2809 4908 inscitiam
2846 4858 3014 4908 tuam
3033 4851 3483 4908 convincemus.

356 4938 448 4999 Ις’.
477 4945 537 4990 Ὁ
565 4938 772 5010 ψαλμός
821 4940 972 5003 οὗτος
1021 4948 1142 5017 τρία
1195 4951 1363 4995 ταῦτα
1412 4947 1478 4996 τὰ
1525 4949 1753 5017 μέγιστα
1793 4946 1897 4998 εἰσ·
2082 4944 2120 4996 Χ

2082 4944 2211 4996 XVI.
2241 4947 2350 4997 Iste
2374 4942 2643 4998 Psalmus
2665 4945 2776 5011 (84)
2805 4942 2880 4997 de
2900 4957 2991 5007 eo,
3017 4955 3200 5013 quem
3234 4939 3664 4999 celebrandum

279 5036 492 5099 ηγεῖται
521 5034 638 5102 περὶ
699 5039 790 5082 τοῦ
841 5030 889 5082 ἐν
942 5032 1083 5103 αὐτῷ
1161 5029 1529 5107 διειλημμένου
1605 5041 1896 5108 εἰρηνικόν,
2006 5049 2043 5087 ει

2006 5033 2206 5099 sumit,
2239 5033 2493 5105 paciﬁco
2523 5034 2638 5106 (85)
2682 5033 2764 5103 (id
2815 5034 2976 5088 enim
3030 5032 3330 5104 signiﬁcat
3358 5033 3661 5104 Salomon)

278 5225 530 5303 εταλόγις
557 5227 867 5303 στέγουσαι,
917 5228 1084 5303 quod
1141 5244 1265 5303 non
1309 5230 1494 5286 modo
1534 5232 1592 5286 in
1645 5231 1894 5303 reliquis

807 5247 867 5295 ιι,
917 5228 1084 5303 quod
1141 5244 1265 5303 non
1309 5230 1494 5286 modo
1534 5232 1592 5286 in
1645 5231 1894 5303 reliquis
2077 5233 2425 5302 (79)l.loan,
2456 5249 2490 5286 v
2519 5236 2571 5286 σ.

276 5297 504 5370 Graecis
535 5297 1059 5370 editionibus,'sed
1087 5307 1144 5357 et
1184 5302 1244 5357 in
1294 5307 1458 5358 textu
1485 5297 1792 5358 Hebraico'
1823 5321 1896 5360 ac
2077 5297 2192 5370 (80)
2225 5304 2374 5360 Psal.
2395 5321 2474 5370 Ill,
2503 5308 2552 5358 8.

276 5368 540 5446 Vulgata
568 5368 846 5446 legimus,
2078 5368 2188 5446 (8t)
2217 5375 2365 5430 Psal.
2399 5368 2584 5442 xLIv,l

495 5440 640 5518 (20d:
674 5440 876 5503 ἐξότου,
2079 5440 2119 5516 (ξ

2079 5440 2184 5516 (82)
2215 5449 2258 5501 ll
2283 5447 2426 5518 Reg.
2445 5440 2546 5516 vn,
2582 5451 2664 5502 12.

354 5512 473 5588 (74)
507 5511 663 5588 Ijsal.
688 5520 898 5588 uxrﬂ.
2078 5511 2118 5586 (ε

863 5521 898 5566 ἵ.
2078 5511 2190 5588 (83⁷)
2217 5511 2509 5586 δοειΙιΪΧιι,
2532 5511 2627 5588 ⁷47,

353 5583 407 5642 (7
418 5583 474 5651 5)
504 5584 622 5638 Cod
634 5627 647 5640 .
678 5583 1005 5647 κυνὶδοντας.
2080 5583 2117 5651 (ξ

2080 5583 2190 5651 (Si)
2221 5591 2449 5646 Scilicet
2471 5583 2743 5646 Psalmus
2776 5607 2922 5646 LXXI.

347 5646 466 5732 (76)
497 5655 618 5732 (ξοᾴ
650 5656 942 5732 όλιγόιττα..
973 5646 980 5647 ί
2082 5646 2111 5726 (ε

2082 5646 2193 5732 (85)
2227 5663 2616 5718 Notissimum
2659 5668 2747 5717 est
2785 5663 3074 5718 Salomon
3104 5646 3295 5723 Πώω
3342 5661 3511 5718 reddi
3559 5678 3663 5732 pa-

353 5725 643 5806 (7Zl-130d.
669 5725 1120 5806 διαλυμαίνονται.
2009 5735 2117 5802 σίβε

2009 5725 2266 5802 ciﬁcum;
2293 5736 2578 5806 quocirca
2608 5751 2746 5790 cum
2769 5735 3038 5790 Psalmus
3067 5734 3428 5791 inscribatur
3448 5739 3512 5790 in
3556 5725 3665 5790 Sa-

353 5787 596 5872 (78)Isa-
626 5817 657 5852 ν
685 5805 735 5872 4,
771 5787 836 5857 7.’
2013 5787 2333 5874 inmanem:
2347 5787 2492 5878 3.1;;
2505 5787 3033 5880 ἷιῐᾳίιῖἇιύόῶιῖᾱὲ
3051 5787 3329 5875 patara;
3341 5787 3482 5863 ain;
3498 5787 3667 5862 pagi.
