  <div class='ocr_page' id='page_1' title='image "/cluster/home/n/w/nwhite01/storage/ocr_20150623/140/nnc1.0046979905/359.png"; bbox 0 0 4468 6450; ppageno 0'>
   <div class='ocr_carea' id='block_1_1' title="bbox 747 428 850 486">
    <p class='ocr_par' dir='ltr' id='par_1_1' title="bbox 747 428 850 486">
     <span class='ocr_line' id='line_1_1' title="bbox 747 428 850 486; baseline -0.019 0"><span class='ocrx_word' id='word_1_1' title='bbox 747 428 850 486; x_wconf 74' lang='lat'><strong>695</strong></span> 
     </span>
    </p>
   </div>
   <div class='ocr_carea' id='block_1_2' title="bbox 1882 423 2976 488">
    <p class='ocr_par' dir='ltr' id='par_1_2' title="bbox 1882 423 2976 488">
     <span class='ocr_line' id='line_1_2' title="bbox 1882 423 2976 488; baseline 0.005 -6"><span class='ocrx_word' id='word_1_2' title='bbox 1882 423 2199 485; x_wconf 74' lang='lat' dir='ltr'><strong>GERMANI</strong></span> <span class='ocrx_word' id='word_1_3' title='bbox 2245 423 2289 482; x_wconf 85' lang='lat' dir='ltr'><strong>ll</strong></span> <span class='ocrx_word' id='word_1_4' title='bbox 2331 424 2437 483; x_wconf 77' lang='grc' dir='ltr'><strong>ΟΡ.</strong></span> <span class='ocrx_word' id='word_1_5' title='bbox 2482 423 2976 488; x_wconf 65' lang='grc' dir='ltr'><strong>ΡΑῙἮΙΛΒΟΗΕ.</strong></span> 
     </span>
    </p>
   </div>
   <div class='ocr_carea' id='block_1_3' title="bbox 4013 427 4123 485">
    <p class='ocr_par' dir='ltr' id='par_1_3' title="bbox 4013 427 4123 485">
     <span class='ocr_line' id='line_1_3' title="bbox 4013 427 4123 485; baseline -0.018 0"><span class='ocrx_word' id='word_1_6' title='bbox 4013 427 4123 485; x_wconf 72' lang='lat'><strong>096</strong></span> 
     </span>
    </p>
   </div>
   <div class='ocr_carea' id='block_1_4' title="bbox 748 543 2512 627">
    <p class='ocr_par' dir='ltr' id='par_1_4' title="bbox 748 543 2480 622">
     <span class='ocr_line' id='line_1_4' title="bbox 748 543 2480 622; baseline -0.002 -12"><span class='ocrx_word' id='word_1_7' title='bbox 748 551 864 610; x_wconf 99' lang='lat' dir='ltr'><strong>tria</strong></span> <span class='ocrx_word' id='word_1_8' title='bbox 900 547 1051 612; x_wconf 68' lang='lat' dir='ltr'><strong>haec,</strong></span> <span class='ocrx_word' id='word_1_9' title='bbox 1075 561 1268 620; x_wconf 89' lang='lat' dir='ltr'><strong>eaque</strong></span> <span class='ocrx_word' id='word_1_10' title='bbox 1319 546 1640 620; x_wconf 84' lang='lat' dir='ltr'><strong>potissima</strong></span> <span class='ocrx_word' id='word_1_11' title='bbox 1701 548 2005 622; x_wconf 79' lang='lat' dir='ltr'><strong>proponit;</strong></span> <span class='ocrx_word' id='word_1_12' title='bbox 2075 554 2216 607; x_wconf 89' lang='lat' dir='ltr'><strong>sunt</strong></span> <span class='ocrx_word' id='word_1_13' title='bbox 2267 543 2480 606; x_wconf 74' lang='lat' dir='ltr'><strong>veroA</strong></span> 
     </span>
    </p>
   </div>
   <div class='ocr_carea' id='block_1_5' title="bbox 2359 543 4123 627">
    <p class='ocr_par' dir='ltr' id='par_1_5' title="bbox 2359 543 4123 627">
     <span class='ocr_line' id='line_1_5' title="bbox 2359 543 4123 627; baseline -0.002 -21"><span class='ocrx_word' id='word_1_14' title='bbox 2359 564 2412 606; x_wconf 61' lang='grc' dir='ltr'><strong>ΡΟ</strong></span> <span class='ocrx_word' id='word_1_15' title='bbox 2433 543 2480 597; x_wconf 76' lang='grc' dir='ltr'>Α</span> <span class='ocrx_word' id='word_1_16' title='bbox 2527 558 2677 605; x_wconf 82' lang='grc' dir='ltr'>τοῦτο</span> <span class='ocrx_word' id='word_1_17' title='bbox 2705 553 2807 627; x_wconf 75' lang='grc' dir='ltr'>γὰρ</span> <span class='ocrx_word' id='word_1_18' title='bbox 2838 553 2864 606; x_wconf 86' lang='grc' dir='ltr'><strong><em>ὁ</em></strong></span> <span class='ocrx_word' id='word_1_19' title='bbox 2916 551 3154 626; x_wconf 59' lang='grc' dir='ltr'>Σώομὼν</span> <span class='ocrx_word' id='word_1_20' title='bbox 3178 571 3191 587; x_wconf 80' lang='grc' dir='ltr'><strong><em>ο</em></strong></span> <span class='ocrx_word' id='word_1_21' title='bbox 3219 554 3309 606; x_wconf 82' lang='grc' dir='ltr'>καὶ</span> <span class='ocrx_word' id='word_1_22' title='bbox 3360 549 3459 606; x_wconf 81' lang='grc' dir='ltr'>εἰσι</span> <span class='ocrx_word' id='word_1_23' title='bbox 3517 554 3688 605; x_wconf 82' lang='grc' dir='ltr'>ταῦτα</span> <span class='ocrx_word' id='word_1_24' title='bbox 3718 568 3732 586; x_wconf 83' lang='grc'><strong>·</strong></span> <span class='ocrx_word' id='word_1_25' title='bbox 3765 548 3795 608; x_wconf 75' lang='grc' dir='ltr'><strong>ἦ</strong></span> <span class='ocrx_word' id='word_1_26' title='bbox 3859 547 3913 614; x_wconf 73' lang='grc' dir='ltr'><strong>ἐξ</strong></span> <span class='ocrx_word' id='word_1_27' title='bbox 3959 546 4123 622; x_wconf 71' lang='grc' dir='ltr'>οὖρα-</span> 
     </span>
    </p>
   </div>
   <div class='ocr_carea' id='block_1_6' title="bbox 749 635 2414 712">
    <p class='ocr_par' dir='ltr' id='par_1_6' title="bbox 749 635 2414 712">
     <span class='ocr_line' id='line_1_6' title="bbox 749 635 2414 712; baseline -0.001 -16"><span class='ocrx_word' id='word_1_28' title='bbox 749 641 884 699; x_wconf 88' lang='lat' dir='ltr'><strong>ista:</strong></span> <span class='ocrx_word' id='word_1_29' title='bbox 913 635 1296 712; x_wconf 66' lang='lat' dir='ltr'><strong>prmnuntiati</strong></span> <span class='ocrx_word' id='word_1_30' title='bbox 1327 635 1482 692; x_wconf 86' lang='lat' dir='ltr'><strong>illius</strong></span> <span class='ocrx_word' id='word_1_31' title='bbox 1507 652 1539 694; x_wconf 91' lang='lat' dir='ltr'><strong>e</strong></span> <span class='ocrx_word' id='word_1_32' title='bbox 1578 637 1727 696; x_wconf 77' lang='lat' dir='ltr'><strong>cmlo</strong></span> <span class='ocrx_word' id='word_1_33' title='bbox 1779 637 2114 705; x_wconf 79' lang='lat' dir='ltr'><strong>descensio,</strong></span> <span class='ocrx_word' id='word_1_34' title='bbox 2174 642 2232 695; x_wconf 91' lang='lat' dir='ltr'><strong>et</strong></span> <span class='ocrx_word' id='word_1_35' title='bbox 2283 638 2414 695; x_wconf 66' lang='lat' dir='ltr'><strong>haec</strong></span> 
     </span>
    </p>
   </div>
   <div class='ocr_carea' id='block_1_7' title="bbox 751 724 2412 802">
    <p class='ocr_par' dir='ltr' id='par_1_7' title="bbox 751 724 2412 802">
     <span class='ocr_line' id='line_1_7' title="bbox 751 724 2412 802; baseline -0.002 -18"><span class='ocrx_word' id='word_1_36' title='bbox 751 727 1007 802; x_wconf 83' lang='lat' dir='ltr'><strong>paciﬁca</strong></span> <span class='ocrx_word' id='word_1_37' title='bbox 1036 741 1181 782; x_wconf 82' lang='lat' dir='ltr'><strong>sane</strong></span> <span class='ocrx_word' id='word_1_38' title='bbox 1203 724 1396 782; x_wconf 83' lang='lat' dir='ltr'><strong>etsine</strong></span> <span class='ocrx_word' id='word_1_39' title='bbox 1410 727 1679 799; x_wconf 79' lang='lat' dir='ltr'><strong>strepitu.</strong></span> <span class='ocrx_word' id='word_1_40' title='bbox 1700 727 2047 795; x_wconf 84' lang='lat' dir='ltr'><strong>Descendet,</strong></span> <span class='ocrx_word' id='word_1_41' title='bbox 2061 726 2256 800; x_wconf 82' lang='lat' dir='ltr'><strong>inquit</strong></span> <span class='ocrx_word' id='word_1_42' title='bbox 2272 726 2412 796; x_wconf 86' lang='lat'><strong>(86),</strong></span> 
     </span>
    </p>
   </div>
   <div class='ocr_carea' id='block_1_8' title="bbox 749 815 2416 886">
    <p class='ocr_par' dir='ltr' id='par_1_8' title="bbox 749 815 2416 886">
     <span class='ocr_line' id='line_1_8' title="bbox 749 815 2416 886; baseline -0.002 -12"><span class='ocrx_word' id='word_1_43' title='bbox 749 819 902 874; x_wconf 81' lang='lat' dir='ltr'><strong>sicut</strong></span> <span class='ocrx_word' id='word_1_44' title='bbox 931 815 1143 886; x_wconf 82' lang='lat' dir='ltr'><strong>pluvia</strong></span> <span class='ocrx_word' id='word_1_45' title='bbox 1168 816 1232 869; x_wconf 82' lang='lat' dir='ltr'><strong>in</strong></span> <span class='ocrx_word' id='word_1_46' title='bbox 1256 815 1468 886; x_wconf 85' lang='lat' dir='ltr'><strong>vellus,</strong></span> <span class='ocrx_word' id='word_1_47' title='bbox 1485 821 1540 872; x_wconf 91' lang='lat' dir='ltr'><strong>et</strong></span> <span class='ocrx_word' id='word_1_48' title='bbox 1561 816 1712 872; x_wconf 88' lang='lat' dir='ltr'><strong>sicut</strong></span> <span class='ocrx_word' id='word_1_49' title='bbox 1739 816 2122 873; x_wconf 79' lang='lat' dir='ltr'><strong>stillicidium</strong></span> <span class='ocrx_word' id='word_1_50' title='bbox 2171 816 2416 872; x_wconf 83' lang='lat' dir='ltr'><strong>stillans</strong></span> 
     </span>
    </p>
   </div>
   <div class='ocr_carea' id='block_1_9' title="bbox 749 903 2417 978">
    <p class='ocr_par' dir='ltr' id='par_1_9' title="bbox 749 903 2417 978">
     <span class='ocr_line' id='line_1_9' title="bbox 749 903 2417 978; baseline 0 -16"><span class='ocrx_word' id='word_1_51' title='bbox 749 921 930 976; x_wconf 85' lang='lat' dir='ltr'><strong>super</strong></span> <span class='ocrx_word' id='word_1_52' title='bbox 959 910 1205 961; x_wconf 86' lang='lat' dir='ltr'><strong>terram.</strong></span> <span class='ocrx_word' id='word_1_53' title='bbox 1237 903 1437 959; x_wconf 84' lang='lat' dir='ltr'><strong>Ethoc</strong></span> <span class='ocrx_word' id='word_1_54' title='bbox 1456 904 1704 977; x_wconf 83' lang='lat' dir='ltr'><strong>quidem</strong></span> <span class='ocrx_word' id='word_1_55' title='bbox 1723 904 1990 978; x_wconf 90' lang='lat' dir='ltr'><strong>primum</strong></span> <span class='ocrx_word' id='word_1_56' title='bbox 2021 909 2133 972; x_wconf 86' lang='lat' dir='ltr'><strong>est;</strong></span> <span class='ocrx_word' id='word_1_57' title='bbox 2163 903 2417 964; x_wconf 86' lang='lat' dir='ltr'><strong>alterum</strong></span> 
     </span>
    </p>
   </div>
   <div class='ocr_carea' id='block_1_10' title="bbox 750 991 2421 1066">
    <p class='ocr_par' dir='ltr' id='par_1_10' title="bbox 750 991 2421 1066">
     <span class='ocr_line' id='line_1_10' title="bbox 750 991 2421 1066; baseline -0.001 -15"><span class='ocrx_word' id='word_1_58' title='bbox 750 1011 912 1064; x_wconf 86' lang='lat' dir='ltr'><strong>vero,</strong></span> <span class='ocrx_word' id='word_1_59' title='bbox 942 991 1278 1050; x_wconf 75' lang='lat' dir='ltr'><strong>dominatio</strong></span> <span class='ocrx_word' id='word_1_60' title='bbox 1300 1007 1371 1048; x_wconf 94' lang='lat' dir='ltr'><strong>ac</strong></span> <span class='ocrx_word' id='word_1_61' title='bbox 1393 997 1660 1066; x_wconf 79' lang='lat' dir='ltr'><strong>potestas</strong></span> <span class='ocrx_word' id='word_1_62' title='bbox 1697 993 2052 1066; x_wconf 89' lang='lat' dir='ltr'><strong>plenissima</strong></span> <span class='ocrx_word' id='word_1_63' title='bbox 2089 994 2152 1050; x_wconf 91' lang='lat' dir='ltr'><strong>in</strong></span> <span class='ocrx_word' id='word_1_64' title='bbox 2194 993 2421 1050; x_wconf 83' lang='lat' dir='ltr'><strong>univer-</strong></span> 
     </span>
    </p>
   </div>
   <div class='ocr_carea' id='block_1_11' title="bbox 755 1081 2422 1154">
    <p class='ocr_par' dir='ltr' id='par_1_11' title="bbox 755 1081 2422 1154">
     <span class='ocr_line' id='line_1_11' title="bbox 755 1081 2422 1154; baseline -0.001 -14"><span class='ocrx_word' id='word_1_65' title='bbox 755 1099 887 1140; x_wconf 86' lang='lat' dir='ltr'><strong>sam</strong></span> <span class='ocrx_word' id='word_1_66' title='bbox 917 1088 1133 1140; x_wconf 88' lang='lat' dir='ltr'><strong>terram</strong></span> <span class='ocrx_word' id='word_1_67' title='bbox 1163 1096 1234 1137; x_wconf 92' lang='lat' dir='ltr'><strong>ac</strong></span> <span class='ocrx_word' id='word_1_68' title='bbox 1275 1086 1615 1153; x_wconf 86' lang='lat' dir='ltr'><strong>postremos</strong></span> <span class='ocrx_word' id='word_1_69' title='bbox 1665 1083 1797 1154; x_wconf 91' lang='lat' dir='ltr'><strong>ejus</strong></span> <span class='ocrx_word' id='word_1_70' title='bbox 1845 1083 2152 1139; x_wconf 81' lang='lat' dir='ltr'><strong>terminos.</strong></span> <span class='ocrx_word' id='word_1_71' title='bbox 2211 1081 2422 1140; x_wconf 87' lang='lat' dir='ltr'><strong>Subdit</strong></span> 
     </span>
    </p>
   </div>
   <div class='ocr_carea' id='block_1_12' title="bbox 754 1169 2424 1244">
    <p class='ocr_par' dir='ltr' id='par_1_12' title="bbox 754 1169 2424 1244">
     <span class='ocr_line' id='line_1_12' title="bbox 754 1169 2424 1244; baseline -0.001 -16"><span class='ocrx_word' id='word_1_72' title='bbox 754 1173 936 1230; x_wconf 89' lang='lat' dir='ltr'><strong>enim:</strong></span> <span class='ocrx_word' id='word_1_73' title='bbox 970 1174 1034 1227; x_wconf 88' lang='lat' dir='ltr'><strong>Et</strong></span> <span class='ocrx_word' id='word_1_74' title='bbox 1065 1169 1485 1226; x_wconf 77' lang='lat' dir='ltr'><strong>dominabitur</strong></span> <span class='ocrx_word' id='word_1_75' title='bbox 1509 1187 1548 1226; x_wconf 79' lang='grc' dir='ltr'><strong>ιι</strong></span> <span class='ocrx_word' id='word_1_76' title='bbox 1572 1172 1732 1228; x_wconf 86' lang='lat' dir='ltr'><strong>mari</strong></span> <span class='ocrx_word' id='word_1_77' title='bbox 1761 1187 1946 1244; x_wconf 87' lang='lat' dir='ltr'><strong>usque</strong></span> <span class='ocrx_word' id='word_1_78' title='bbox 1973 1171 2054 1227; x_wconf 91' lang='lat' dir='ltr'><strong>ad</strong></span> <span class='ocrx_word' id='word_1_79' title='bbox 2079 1186 2265 1240; x_wconf 88' lang='lat' dir='ltr'><strong>mare,</strong></span> <span class='ocrx_word' id='word_1_80' title='bbox 2296 1176 2352 1228; x_wconf 90' lang='lat' dir='ltr'><strong>et</strong></span> <span class='ocrx_word' id='word_1_81' title='bbox 2385 1185 2424 1227; x_wconf 92' lang='lat' dir='ltr'><strong>a</strong></span> 
     </span>
    </p>
   </div>
   <div class='ocr_carea' id='block_1_13' title="bbox 750 1259 2420 1332">
    <p class='ocr_par' dir='ltr' id='par_1_13' title="bbox 750 1259 2420 1332">
     <span class='ocr_line' id='line_1_13' title="bbox 750 1259 2420 1332; baseline -0.001 -16"><span class='ocrx_word' id='word_1_82' title='bbox 750 1261 1102 1332; x_wconf 83' lang='lat' dir='ltr'><strong>ﬂuminibus</strong></span> <span class='ocrx_word' id='word_1_83' title='bbox 1117 1259 1229 1328; x_wconf 90' lang='lat'><strong>(88)</strong></span> <span class='ocrx_word' id='word_1_84' title='bbox 1241 1274 1424 1332; x_wconf 86' lang='lat' dir='ltr'><strong>usque</strong></span> <span class='ocrx_word' id='word_1_85' title='bbox 1438 1259 1520 1316; x_wconf 89' lang='lat' dir='ltr'><strong>ad</strong></span> <span class='ocrx_word' id='word_1_86' title='bbox 1532 1263 1676 1316; x_wconf 78' lang='lat' dir='ltr'><strong>term</strong></span> <span class='ocrx_word' id='word_1_87' title='bbox 1685 1262 1810 1316; x_wconf 87' lang='lat' dir='ltr'><strong>inos</strong></span> <span class='ocrx_word' id='word_1_88' title='bbox 1823 1261 1978 1316; x_wconf 83' lang='lat' dir='ltr'><strong>orbis</strong></span> <span class='ocrx_word' id='word_1_89' title='bbox 1996 1267 2294 1317; x_wconf 84' lang='lat' dir='ltr'><strong>terrarum</strong></span> <span class='ocrx_word' id='word_1_90' title='bbox 2310 1259 2420 1329; x_wconf 80' lang='lat'><strong>(89)</strong></span> 
     </span>
    </p>
   </div>
   <div class='ocr_carea' id='block_1_14' title="bbox 759 1347 2426 1421">
    <p class='ocr_par' dir='ltr' id='par_1_14' title="bbox 759 1347 2426 1421">
     <span class='ocr_line' id='line_1_14' title="bbox 759 1347 2426 1421; baseline -0.001 -16"><span class='ocrx_word' id='word_1_91' title='bbox 759 1351 981 1408; x_wconf 88' lang='lat' dir='ltr'><strong>scilicet</strong></span> <span class='ocrx_word' id='word_1_92' title='bbox 1005 1349 1083 1405; x_wconf 92' lang='lat' dir='ltr'><strong>ab</strong></span> <span class='ocrx_word' id='word_1_93' title='bbox 1113 1347 1338 1404; x_wconf 78' lang='lat' dir='ltr'><strong>oriente</strong></span> <span class='ocrx_word' id='word_1_94' title='bbox 1372 1364 1567 1421; x_wconf 88' lang='lat' dir='ltr'><strong>usque</strong></span> <span class='ocrx_word' id='word_1_95' title='bbox 1629 1349 1708 1405; x_wconf 91' lang='lat' dir='ltr'><strong>ad</strong></span> <span class='ocrx_word' id='word_1_96' title='bbox 1766 1349 2138 1406; x_wconf 83' lang='lat' dir='ltr'><strong>occidentem</strong></span> <span class='ocrx_word' id='word_1_97' title='bbox 2196 1364 2267 1405; x_wconf 91' lang='lat' dir='ltr'><strong>ac</strong></span> <span class='ocrx_word' id='word_1_98' title='bbox 2317 1362 2426 1420; x_wconf 86' lang='lat' dir='ltr'><strong>per</strong></span> 
     </span>
    </p>
   </div>
   <div class='ocr_carea' id='block_1_15' title="bbox 756 1436 2424 1510">
    <p class='ocr_par' dir='ltr' id='par_1_15' title="bbox 756 1436 2424 1510">
     <span class='ocr_line' id='line_1_15' title="bbox 756 1436 2424 1510; baseline -0.004 -11"><span class='ocrx_word' id='word_1_99' title='bbox 756 1436 1371 1499; x_wconf 87' lang='lat' dir='ltr'><strong>circuitum.Tertium</strong></span> <span class='ocrx_word' id='word_1_100' title='bbox 1403 1443 1508 1508; x_wconf 87' lang='lat' dir='ltr'><strong>est,</strong></span> <span class='ocrx_word' id='word_1_101' title='bbox 1569 1437 1736 1510; x_wconf 90' lang='lat' dir='ltr'><strong>quod</strong></span> <span class='ocrx_word' id='word_1_102' title='bbox 1787 1437 2023 1494; x_wconf 89' lang='lat' dir='ltr'><strong>nullum</strong></span> <span class='ocrx_word' id='word_1_103' title='bbox 2087 1437 2215 1510; x_wconf 90' lang='lat' dir='ltr'><strong>ipse</strong></span> <span class='ocrx_word' id='word_1_104' title='bbox 2270 1437 2424 1493; x_wconf 81' lang='lat' dir='ltr'><strong>exsi-</strong></span> 
     </span>
    </p>
   </div>
   <div class='ocr_carea' id='block_1_16' title="bbox 757 1527 2425 1600">
    <p class='ocr_par' dir='ltr' id='par_1_16' title="bbox 757 1527 2425 1600">
     <span class='ocr_line' id='line_1_16' title="bbox 757 1527 2425 1600; baseline -0.004 -11"><span class='ocrx_word' id='word_1_105' title='bbox 757 1530 950 1589; x_wconf 89' lang='lat' dir='ltr'><strong>stendi</strong></span> <span class='ocrx_word' id='word_1_106' title='bbox 978 1527 1234 1594; x_wconf 89' lang='lat' dir='ltr'><strong>initium,</strong></span> <span class='ocrx_word' id='word_1_107' title='bbox 1258 1542 1454 1600; x_wconf 91' lang='lat' dir='ltr'><strong>neque</strong></span> <span class='ocrx_word' id='word_1_108' title='bbox 1484 1527 1672 1584; x_wconf 90' lang='lat' dir='ltr'><strong>ullum</strong></span> <span class='ocrx_word' id='word_1_109' title='bbox 1704 1528 1888 1585; x_wconf 81' lang='lat' dir='ltr'><strong>finem</strong></span> <span class='ocrx_word' id='word_1_110' title='bbox 1940 1543 2190 1600; x_wconf 80' lang='lat' dir='ltr'><strong>prorsus</strong></span> <span class='ocrx_word' id='word_1_111' title='bbox 2242 1541 2425 1597; x_wconf 84' lang='lat' dir='ltr'><strong>agno-</strong></span> 
     </span>
    </p>
   </div>
   <div class='ocr_carea' id='block_1_17' title="bbox 757 1614 2426 1678">
    <p class='ocr_par' dir='ltr' id='par_1_17' title="bbox 757 1614 2426 1678">
     <span class='ocr_line' id='line_1_17' title="bbox 757 1614 2426 1678; baseline -0.004 1"><span class='ocrx_word' id='word_1_112' title='bbox 757 1621 980 1678; x_wconf 85' lang='lat' dir='ltr'><strong>scebat.</strong></span> <span class='ocrx_word' id='word_1_113' title='bbox 1009 1622 1158 1676; x_wconf 84' lang='lat' dir='ltr'><strong>Nam</strong></span> <span class='ocrx_word' id='word_1_114' title='bbox 1182 1617 1308 1674; x_wconf 87' lang='lat' dir='ltr'><strong>etin</strong></span> <span class='ocrx_word' id='word_1_115' title='bbox 1321 1618 1479 1675; x_wconf 90' lang='lat' dir='ltr'><strong>hanc</strong></span> <span class='ocrx_word' id='word_1_116' title='bbox 1493 1617 2154 1676; x_wconf 87' lang='lat' dir='ltr'><strong>sententiaminducunt</strong></span> <span class='ocrx_word' id='word_1_117' title='bbox 2201 1614 2426 1674; x_wconf 83' lang='lat' dir='ltr'><strong>Psalmi</strong></span> 
     </span>
    </p>
   </div>
   <div class='ocr_carea' id='block_1_18' title="bbox 761 1712 941 1768">
    <p class='ocr_par' dir='ltr' id='par_1_18' title="bbox 761 1712 941 1768">
     <span class='ocr_line' id='line_1_18' title="bbox 761 1712 941 1768; baseline -0.017 0"><span class='ocrx_word' id='word_1_118' title='bbox 761 1712 941 1768; x_wconf 86' lang='lat' dir='ltr'><strong>diota.</strong></span> 
     </span>
    </p>
   </div>
   <div class='ocr_carea' id='block_1_19' title="bbox 832 1795 2423 1869">
    <p class='ocr_par' dir='ltr' id='par_1_19' title="bbox 832 1795 2423 1869">
     <span class='ocr_line' id='line_1_19' title="bbox 832 1795 2423 1869; baseline -0.003 -13"><span class='ocrx_word' id='word_1_119' title='bbox 832 1801 1002 1856; x_wconf 83' lang='lat' dir='ltr'>XVII.</span> <span class='ocrx_word' id='word_1_120' title='bbox 1030 1800 1208 1854; x_wconf 87' lang='lat' dir='ltr'><strong>Porro</strong></span> <span class='ocrx_word' id='word_1_121' title='bbox 1231 1795 1516 1853; x_wconf 88' lang='lat' dir='ltr'><strong>Salomon</strong></span> <span class='ocrx_word' id='word_1_122' title='bbox 1542 1811 1738 1869; x_wconf 89' lang='lat' dir='ltr'><strong>neque</strong></span> <span class='ocrx_word' id='word_1_123' title='bbox 1788 1797 2029 1866; x_wconf 80' lang='lat' dir='ltr'><strong>exstitit,</strong></span> <span class='ocrx_word' id='word_1_124' title='bbox 2091 1800 2423 1868; x_wconf 88' lang='lat' dir='ltr'><strong>antequam</strong></span> 
     </span>
    </p>
   </div>
   <div class='ocr_carea' id='block_1_20' title="bbox 760 1885 2524 1968">
    <p class='ocr_par' dir='ltr' id='par_1_20' title="bbox 760 1885 2498 1964">
     <span class='ocr_line' id='line_1_20' title="bbox 760 1885 2498 1964; baseline -0.004 -18"><span class='ocrx_word' id='word_1_125' title='bbox 760 1891 960 1964; x_wconf 90' lang='lat' dir='ltr'><strong>ipsum</strong></span> <span class='ocrx_word' id='word_1_126' title='bbox 992 1891 1170 1960; x_wconf 90' lang='lat' dir='ltr'><strong>partu</strong></span> <span class='ocrx_word' id='word_1_127' title='bbox 1201 1885 1487 1945; x_wconf 84' lang='lat' dir='ltr'><strong>Bersabee</strong></span> <span class='ocrx_word' id='word_1_128' title='bbox 1533 1885 1868 1952; x_wconf 81' lang='lat' dir='ltr'><strong>eniteretur,</strong></span> <span class='ocrx_word' id='word_1_129' title='bbox 1924 1902 2122 1959; x_wconf 89' lang='lat' dir='ltr'><strong>neque</strong></span> <span class='ocrx_word' id='word_1_130' title='bbox 2173 1901 2205 1941; x_wconf 90' lang='lat' dir='ltr'><strong>e</strong></span> <span class='ocrx_word' id='word_1_131' title='bbox 2249 1885 2416 1941; x_wconf 67' lang='lat' dir='ltr'><strong>caelis</strong></span> <span class='ocrx_word' id='word_1_132' title='bbox 2457 1905 2498 1961; x_wconf 79' lang='grc' dir='ltr'>Β</span> 
     </span>
    </p>
   </div>
   <div class='ocr_carea' id='block_1_21' title="bbox 1648 1885 3412 1968">
    <p class='ocr_par' dir='ltr' id='par_1_21' title="bbox 1648 1885 3412 1968">
     <span class='ocr_line' id='line_1_21' title="bbox 1648 1885 3412 1968; baseline 0.002 -25"><span class='ocrx_word' id='word_1_133' title='bbox 1648 1891 1868 1952; x_wconf 79' lang='lat' dir='ltr'><strong>Leretur,</strong></span> <span class='ocrx_word' id='word_1_134' title='bbox 1924 1902 2122 1959; x_wconf 89' lang='lat' dir='ltr'><strong>neque</strong></span> <span class='ocrx_word' id='word_1_135' title='bbox 2173 1901 2205 1941; x_wconf 90' lang='lat' dir='ltr'><strong>e</strong></span> <span class='ocrx_word' id='word_1_136' title='bbox 2249 1885 2416 1941; x_wconf 68' lang='lat' dir='ltr'><strong>caelis</strong></span> <span class='ocrx_word' id='word_1_137' title='bbox 2457 1905 2498 1961; x_wconf 82' lang='grc' dir='ltr'>Β</span> <span class='ocrx_word' id='word_1_138' title='bbox 2533 1901 2628 1957; x_wconf 87' lang='grc' dir='ltr'><strong>τῆς</strong></span> <span class='ocrx_word' id='word_1_139' title='bbox 2697 1892 2958 1966; x_wconf 66' lang='grc' dir='ltr'>Βηρσαϐεὲ</span> <span class='ocrx_word' id='word_1_140' title='bbox 3049 1901 3412 1968; x_wconf 78' lang='grc' dir='ltr'><strong>προϋπῆρχεν,</strong></span> 
     </span>
    </p>
   </div>
   <div class='ocr_carea' id='block_1_22' title="bbox 766 1974 2425 2045">
    <p class='ocr_par' dir='ltr' id='par_1_22' title="bbox 766 1974 2425 2045">
     <span class='ocr_line' id='line_1_22' title="bbox 766 1974 2425 2045; baseline -0.004 -9"><span class='ocrx_word' id='word_1_141' title='bbox 766 1977 1097 2036; x_wconf 88' lang='lat' dir='ltr'><strong>descendit.</strong></span> <span class='ocrx_word' id='word_1_142' title='bbox 1133 1975 1301 2040; x_wconf 90' lang='lat' dir='ltr'><strong>Quod</strong></span> <span class='ocrx_word' id='word_1_143' title='bbox 1325 1975 1485 2032; x_wconf 89' lang='lat' dir='ltr'><strong>enim</strong></span> <span class='ocrx_word' id='word_1_144' title='bbox 1510 1974 1782 2032; x_wconf 90' lang='lat' dir='ltr'><strong>nondum</strong></span> <span class='ocrx_word' id='word_1_145' title='bbox 1824 1976 2069 2045; x_wconf 82' lang='lat' dir='ltr'><strong>exsistit,</strong></span> <span class='ocrx_word' id='word_1_146' title='bbox 2115 1990 2228 2031; x_wconf 92' lang='lat' dir='ltr'><strong>nec</strong></span> <span class='ocrx_word' id='word_1_147' title='bbox 2284 1975 2425 2031; x_wconf 91' lang='lat' dir='ltr'><strong>sub-</strong></span> 
     </span>
    </p>
   </div>
   <div class='ocr_carea' id='block_1_23' title="bbox 768 2062 2428 2139">
    <p class='ocr_par' dir='ltr' id='par_1_23' title="bbox 768 2062 2428 2139">
     <span class='ocr_line' id='line_1_23' title="bbox 768 2062 2428 2139; baseline -0.007 -11"><span class='ocrx_word' id='word_1_148' title='bbox 768 2068 986 2128; x_wconf 85' lang='lat' dir='ltr'><strong>stantia</strong></span> <span class='ocrx_word' id='word_1_149' title='bbox 1014 2068 1265 2130; x_wconf 88' lang='lat' dir='ltr'><strong>constat,</strong></span> <span class='ocrx_word' id='word_1_150' title='bbox 1299 2065 1359 2120; x_wconf 93' lang='lat' dir='ltr'><strong>id</strong></span> <span class='ocrx_word' id='word_1_151' title='bbox 1377 2064 1641 2137; x_wconf 85' lang='lat' dir='ltr'><strong>profecto</strong></span> <span class='ocrx_word' id='word_1_152' title='bbox 1672 2081 1864 2139; x_wconf 91' lang='lat' dir='ltr'><strong>neque</strong></span> <span class='ocrx_word' id='word_1_153' title='bbox 1888 2062 2175 2135; x_wconf 87' lang='lat' dir='ltr'><strong>ascendit,</strong></span> <span class='ocrx_word' id='word_1_154' title='bbox 2231 2075 2428 2136; x_wconf 92' lang='lat' dir='ltr'><strong>neque</strong></span> 
     </span>
    </p>
   </div>
   <div class='ocr_carea' id='block_1_24' title="bbox 769 2151 2431 2226">
    <p class='ocr_par' dir='ltr' id='par_1_24' title="bbox 769 2151 2431 2226">
     <span class='ocr_line' id='line_1_24' title="bbox 769 2151 2431 2226; baseline -0.004 -11"><span class='ocrx_word' id='word_1_155' title='bbox 769 2155 1108 2215; x_wconf 89' lang='lat' dir='ltr'><strong>descendit.</strong></span> <span class='ocrx_word' id='word_1_156' title='bbox 1139 2154 1249 2211; x_wconf 87' lang='lat' dir='ltr'><strong>Sed</strong></span> <span class='ocrx_word' id='word_1_157' title='bbox 1275 2169 1468 2226; x_wconf 90' lang='lat' dir='ltr'><strong>neque</strong></span> <span class='ocrx_word' id='word_1_158' title='bbox 1492 2153 1610 2210; x_wconf 91' lang='lat' dir='ltr'><strong>ullo</strong></span> <span class='ocrx_word' id='word_1_159' title='bbox 1633 2159 1810 2226; x_wconf 90' lang='lat' dir='ltr'><strong>pacto</strong></span> <span class='ocrx_word' id='word_1_160' title='bbox 1829 2153 2135 2211; x_wconf 89' lang='lat' dir='ltr'><strong>Salomoni</strong></span> <span class='ocrx_word' id='word_1_161' title='bbox 2155 2151 2431 2222; x_wconf 82' lang='lat' dir='ltr'><strong>congruit</strong></span> 
     </span>
    </p>
   </div>
   <div class='ocr_carea' id='block_1_25' title="bbox 776 2241 2434 2316">
    <p class='ocr_par' dir='ltr' id='par_1_25' title="bbox 776 2241 2434 2316">
     <span class='ocr_line' id='line_1_25' title="bbox 776 2241 2434 2316; baseline -0.004 -12"><span class='ocrx_word' id='word_1_162' title='bbox 776 2247 944 2308; x_wconf 87' lang='lat' dir='ltr'><strong>illud:</strong></span> <span class='ocrx_word' id='word_1_163' title='bbox 967 2246 1132 2302; x_wconf 82' lang='lat' dir='ltr'><strong>Sicut</strong></span> <span class='ocrx_word' id='word_1_164' title='bbox 1151 2246 1363 2314; x_wconf 82' lang='lat' dir='ltr'><strong>pluvia</strong></span> <span class='ocrx_word' id='word_1_165' title='bbox 1376 2245 1437 2300; x_wconf 85' lang='lat' dir='ltr'><strong>in</strong></span> <span class='ocrx_word' id='word_1_166' title='bbox 1473 2245 1675 2300; x_wconf 79' lang='lat' dir='ltr'><strong>vellus.</strong></span> <span class='ocrx_word' id='word_1_167' title='bbox 1703 2247 1848 2301; x_wconf 86' lang='lat' dir='ltr'><strong>Nam</strong></span> <span class='ocrx_word' id='word_1_168' title='bbox 1863 2242 1997 2316; x_wconf 68' lang='lat' dir='ltr'><strong>qu&#39;aa</strong></span> <span class='ocrx_word' id='word_1_169' title='bbox 2016 2243 2174 2300; x_wconf 87' lang='lat' dir='ltr'><strong>facta</strong></span> <span class='ocrx_word' id='word_1_170' title='bbox 2194 2241 2434 2298; x_wconf 82' lang='lat' dir='ltr'><strong>fuerunt</strong></span> 
     </span>
    </p>
   </div>
   <div class='ocr_carea' id='block_1_26' title="bbox 772 2332 2432 2404">
    <p class='ocr_par' dir='ltr' id='par_1_26' title="bbox 772 2332 2432 2404">
     <span class='ocr_line' id='line_1_26' title="bbox 772 2332 2432 2404; baseline -0.004 -11"><span class='ocrx_word' id='word_1_171' title='bbox 772 2337 1065 2395; x_wconf 90' lang='lat' dir='ltr'><strong>adversus</strong></span> <span class='ocrx_word' id='word_1_172' title='bbox 1097 2334 1339 2390; x_wconf 83' lang='lat' dir='ltr'><strong>fratrem</strong></span> <span class='ocrx_word' id='word_1_173' title='bbox 1371 2333 1695 2399; x_wconf 85' lang='lat' dir='ltr'><strong>Adoniam,</strong></span> <span class='ocrx_word' id='word_1_174' title='bbox 1719 2337 1848 2403; x_wconf 88' lang='lat' dir='ltr'><strong>ejus</strong></span> <span class='ocrx_word' id='word_1_175' title='bbox 1865 2333 2190 2404; x_wconf 88' lang='lat' dir='ltr'><strong>inregnum</strong></span> <span class='ocrx_word' id='word_1_176' title='bbox 2208 2332 2432 2402; x_wconf 89' lang='lat' dir='ltr'><strong>ingres-</strong></span> 
     </span>
    </p>
   </div>
   <div class='ocr_carea' id='block_1_27' title="bbox 777 2421 2430 2495">
    <p class='ocr_par' dir='ltr' id='par_1_27' title="bbox 777 2421 2430 2495">
     <span class='ocr_line' id='line_1_27' title="bbox 777 2421 2430 2495; baseline -0.004 -12"><span class='ocrx_word' id='word_1_177' title='bbox 777 2443 911 2483; x_wconf 90' lang='lat' dir='ltr'><strong>sum</strong></span> <span class='ocrx_word' id='word_1_178' title='bbox 992 2423 1248 2481; x_wconf 87' lang='lat' dir='ltr'><strong>tumultu</strong></span> <span class='ocrx_word' id='word_1_179' title='bbox 1316 2439 1386 2479; x_wconf 91' lang='lat' dir='ltr'><strong>ac</strong></span> <span class='ocrx_word' id='word_1_180' title='bbox 1461 2423 1941 2480; x_wconf 84' lang='lat' dir='ltr'><strong>consternatione</strong></span> <span class='ocrx_word' id='word_1_181' title='bbox 2011 2421 2430 2495; x_wconf 83' lang='lat' dir='ltr'><strong>impleverunt.</strong></span> 
     </span>
    </p>
   </div>
   <div class='ocr_carea' id='block_1_28' title="bbox 776 2510 2434 2584">
    <p class='ocr_par' dir='ltr' id='par_1_28' title="bbox 776 2510 2434 2584">
     <span class='ocr_line' id='line_1_28' title="bbox 776 2510 2434 2584; baseline -0.005 -10"><span class='ocrx_word' id='word_1_182' title='bbox 776 2519 1100 2574; x_wconf 78' lang='lat' dir='ltr'><strong>Memorare</strong></span> <span class='ocrx_word' id='word_1_183' title='bbox 1148 2516 1348 2569; x_wconf 89' lang='lat' dir='ltr'><strong>autem</strong></span> <span class='ocrx_word' id='word_1_184' title='bbox 1381 2528 1588 2584; x_wconf 88' lang='lat' dir='ltr'><strong>parco,</strong></span> <span class='ocrx_word' id='word_1_185' title='bbox 1634 2528 1772 2569; x_wconf 87' lang='lat' dir='ltr'><strong>eum</strong></span> <span class='ocrx_word' id='word_1_186' title='bbox 1821 2512 2081 2569; x_wconf 79' lang='lat' dir='ltr'><strong>fraterno</strong></span> <span class='ocrx_word' id='word_1_187' title='bbox 2121 2510 2434 2581; x_wconf 81' lang='lat' dir='ltr'><strong>sanguine,</strong></span> 
     </span>
    </p>
   </div>
   <div class='ocr_carea' id='block_1_29' title="bbox 767 2599 2438 2680">
    <p class='ocr_par' dir='ltr' id='par_1_29' title="bbox 767 2599 2438 2680">
     <span class='ocr_line' id='line_1_29' title="bbox 767 2599 2438 2680; baseline -0.004 -17"><span class='ocrx_word' id='word_1_188' title='bbox 767 2605 933 2680; x_wconf 88' lang='lat' dir='ltr'><strong>quod</strong></span> <span class='ocrx_word' id='word_1_189' title='bbox 954 2603 1249 2660; x_wconf 90' lang='lat' dir='ltr'><strong>scelerum</strong></span> <span class='ocrx_word' id='word_1_190' title='bbox 1273 2602 1546 2660; x_wconf 86' lang='lat' dir='ltr'><strong>omnium</strong></span> <span class='ocrx_word' id='word_1_191' title='bbox 1581 2603 1948 2659; x_wconf 85' lang='lat' dir='ltr'><strong>teterrimum</strong></span> <span class='ocrx_word' id='word_1_192' title='bbox 1979 2608 2084 2667; x_wconf 91' lang='lat' dir='ltr'><strong>est,</strong></span> <span class='ocrx_word' id='word_1_193' title='bbox 2110 2599 2438 2671; x_wconf 87' lang='lat' dir='ltr'><strong>(thronum)</strong></span> 
     </span>
    </p>
   </div>
   <div class='ocr_carea' id='block_1_30' title="bbox 777 2692 2436 2766">
    <p class='ocr_par' dir='ltr' id='par_1_30' title="bbox 777 2692 2436 2766">
     <span class='ocr_line' id='line_1_30' title="bbox 777 2692 2436 2766; baseline -0.004 -13"><span class='ocrx_word' id='word_1_194' title='bbox 777 2695 1246 2762; x_wconf 85' lang='lat' dir='ltr'><strong>contaminasse,</strong></span> <span class='ocrx_word' id='word_1_195' title='bbox 1262 2692 1580 2749; x_wconf 89' lang='lat' dir='ltr'><strong>etalterum</strong></span> <span class='ocrx_word' id='word_1_196' title='bbox 1599 2693 1889 2765; x_wconf 89' lang='lat' dir='ltr'><strong>postCain</strong></span> <span class='ocrx_word' id='word_1_197' title='bbox 1916 2697 2160 2766; x_wconf 85' lang='lat' dir='ltr'><strong>propter</strong></span> <span class='ocrx_word' id='word_1_198' title='bbox 2179 2706 2436 2762; x_wconf 80' lang='lat' dir='ltr'><strong>regnum</strong></span> 
     </span>
    </p>
   </div>
   <div class='ocr_carea' id='block_1_31' title="bbox 777 2780 1812 2858">
    <p class='ocr_par' dir='ltr' id='par_1_31' title="bbox 777 2780 1812 2858">
     <span class='ocr_line' id='line_1_31' title="bbox 777 2780 1812 2858; baseline -0.007 -15"><span class='ocrx_word' id='word_1_199' title='bbox 777 2783 1110 2858; x_wconf 86' lang='lat' dir='ltr'><strong>temporale</strong></span> <span class='ocrx_word' id='word_1_200' title='bbox 1133 2782 1500 2839; x_wconf 84' lang='lat' dir='ltr'><strong>fratricidam</strong></span> <span class='ocrx_word' id='word_1_201' title='bbox 1549 2780 1812 2854; x_wconf 88' lang='lat' dir='ltr'><strong>reperiri.</strong></span> 
     </span>
    </p>
   </div>
   <div class='ocr_carea' id='block_1_32' title="bbox 846 2871 2438 2955">
    <p class='ocr_par' dir='ltr' id='par_1_32' title="bbox 846 2871 2438 2955">
     <span class='ocr_line' id='line_1_32' title="bbox 846 2871 2438 2955; baseline -0.004 -23"><span class='ocrx_word' id='word_1_202' title='bbox 846 2879 1046 2955; x_wconf 74' lang='lat' dir='ltr'><strong>Neque</strong></span> <span class='ocrx_word' id='word_1_203' title='bbox 1068 2889 1275 2929; x_wconf 87' lang='lat' dir='ltr'><strong>rursus</strong></span> <span class='ocrx_word' id='word_1_204' title='bbox 1309 2871 1589 2937; x_wconf 88' lang='lat' dir='ltr'><strong>universi,</strong></span> <span class='ocrx_word' id='word_1_205' title='bbox 1613 2887 1735 2943; x_wconf 90' lang='lat' dir='ltr'><strong>qua</strong></span> <span class='ocrx_word' id='word_1_206' title='bbox 1776 2871 1889 2928; x_wconf 91' lang='lat' dir='ltr'><strong>late</strong></span> <span class='ocrx_word' id='word_1_207' title='bbox 1924 2875 2102 2944; x_wconf 90' lang='lat' dir='ltr'><strong>patet,</strong></span> <span class='ocrx_word' id='word_1_208' title='bbox 2143 2875 2438 2927; x_wconf 89' lang='lat' dir='ltr'><strong>terrarum</strong></span> 
     </span>
    </p>
   </div>
   <div class='ocr_carea' id='block_1_33' title="bbox 775 2960 2436 3036">
    <p class='ocr_par' dir='ltr' id='par_1_33' title="bbox 775 2960 2436 3036">
     <span class='ocr_line' id='line_1_33' title="bbox 775 2960 2436 3036; baseline -0.005 -12"><span class='ocrx_word' id='word_1_209' title='bbox 775 2965 934 3024; x_wconf 91' lang='lat' dir='ltr'><strong>orbis</strong></span> <span class='ocrx_word' id='word_1_210' title='bbox 953 2963 1278 3036; x_wconf 91' lang='lat' dir='ltr'><strong>imperium</strong></span> <span class='ocrx_word' id='word_1_211' title='bbox 1310 2962 1590 3029; x_wconf 86' lang='lat' dir='ltr'><strong>obtinuit;</strong></span> <span class='ocrx_word' id='word_1_212' title='bbox 1623 2962 1726 3016; x_wconf 92' lang='lat' dir='ltr'><strong>sed</strong></span> <span class='ocrx_word' id='word_1_213' title='bbox 1770 2961 2014 3017; x_wconf 88' lang='lat' dir='ltr'><strong>ditionis</strong></span> <span class='ocrx_word' id='word_1_214' title='bbox 2060 2961 2190 3033; x_wconf 89' lang='lat' dir='ltr'><strong>ejus</strong></span> <span class='ocrx_word' id='word_1_215' title='bbox 2239 2960 2436 3016; x_wconf 88' lang='lat' dir='ltr'><strong>termi-</strong></span> 
     </span>
    </p>
   </div>
   <div class='ocr_carea' id='block_1_34' title="bbox 776 3050 2440 3114">
    <p class='ocr_par' dir='ltr' id='par_1_34' title="bbox 776 3050 2440 3114">
     <span class='ocr_line' id='line_1_34' title="bbox 776 3050 2440 3114; baseline -0.005 0"><span class='ocrx_word' id='word_1_216' title='bbox 776 3073 889 3114; x_wconf 91' lang='lat' dir='ltr'><strong>nos</strong></span> <span class='ocrx_word' id='word_1_217' title='bbox 915 3052 1468 3111; x_wconf 88' lang='lat' dir='ltr'><strong>circumscribentia</strong></span> <span class='ocrx_word' id='word_1_218' title='bbox 1495 3051 1617 3106; x_wconf 90' lang='lat' dir='ltr'><strong>duo</strong></span> <span class='ocrx_word' id='word_1_219' title='bbox 1635 3051 1773 3106; x_wconf 90' lang='lat' dir='ltr'><strong>hinc</strong></span> <span class='ocrx_word' id='word_1_220' title='bbox 1805 3051 1943 3107; x_wconf 91' lang='lat' dir='ltr'><strong>inde</strong></span> <span class='ocrx_word' id='word_1_221' title='bbox 1988 3050 2240 3107; x_wconf 87' lang='lat' dir='ltr'><strong>ﬂumina</strong></span> <span class='ocrx_word' id='word_1_222' title='bbox 2284 3050 2440 3106; x_wconf 89' lang='lat' dir='ltr'><strong>intra</strong></span> 
     </span>
    </p>
   </div>
   <div class='ocr_carea' id='block_1_35' title="bbox 779 3139 2434 3212">
    <p class='ocr_par' dir='ltr' id='par_1_35' title="bbox 779 3139 2434 3212">
     <span class='ocr_line' id='line_1_35' title="bbox 779 3139 2434 3212; baseline -0.005 -10"><span class='ocrx_word' id='word_1_223' title='bbox 779 3162 841 3202; x_wconf 92' lang='lat' dir='ltr'><strong>se</strong></span> <span class='ocrx_word' id='word_1_224' title='bbox 892 3142 1358 3200; x_wconf 90' lang='lat' dir='ltr'><strong>concludebant.</strong></span> <span class='ocrx_word' id='word_1_225' title='bbox 1414 3141 1743 3212; x_wconf 87' lang='lat' dir='ltr'><strong>Euphrates</strong></span> <span class='ocrx_word' id='word_1_226' title='bbox 1799 3139 2071 3196; x_wconf 88' lang='lat' dir='ltr'><strong>videlicet</strong></span> <span class='ocrx_word' id='word_1_227' title='bbox 2123 3145 2176 3196; x_wconf 90' lang='lat' dir='ltr'><strong>et</strong></span> <span class='ocrx_word' id='word_1_228' title='bbox 2250 3140 2434 3210; x_wconf 84' lang='lat' dir='ltr'><strong>Nilus,</strong></span> 
     </span>
    </p>
   </div>
   <div class='ocr_carea' id='block_1_36' title="bbox 2519 637 4126 714">
    <p class='ocr_par' dir='ltr' id='par_1_36' title="bbox 2519 637 4126 714">
     <span class='ocr_line' id='line_1_36' title="bbox 2519 637 4126 714; baseline -0.002 -22"><span class='ocrx_word' id='word_1_229' title='bbox 2519 647 2610 693; x_wconf 83' lang='grc' dir='ltr'>νοῦ</span> <span class='ocrx_word' id='word_1_230' title='bbox 2675 641 2968 704; x_wconf 80' lang='grc' dir='ltr'>κατάϐασις</span> <span class='ocrx_word' id='word_1_231' title='bbox 3019 649 3112 695; x_wconf 79' lang='grc' dir='ltr'>τοῦ</span> <span class='ocrx_word' id='word_1_232' title='bbox 3187 644 3666 714; x_wconf 76' lang='grc' dir='ltr'>προφητευομὲνου,</span> <span class='ocrx_word' id='word_1_233' title='bbox 3723 643 3814 693; x_wconf 80' lang='grc' dir='ltr'>καὶ</span> <span class='ocrx_word' id='word_1_234' title='bbox 3868 637 3999 697; x_wconf 76' lang='grc' dir='ltr'><strong>αὐτῆ</strong></span> <span class='ocrx_word' id='word_1_235' title='bbox 4052 637 4126 690; x_wconf 85' lang='grc' dir='ltr'>εί-</span> 
     </span>
    </p>
   </div>
   <div class='ocr_carea' id='block_1_37' title="bbox 2522 728 4124 805">
    <p class='ocr_par' dir='ltr' id='par_1_37' title="bbox 2522 728 4124 805">
     <span class='ocr_line' id='line_1_37' title="bbox 2522 728 4124 805; baseline -0.003 -23"><span class='ocrx_word' id='word_1_236' title='bbox 2522 734 2715 802; x_wconf 81' lang='grc' dir='ltr'>ρηναία</span> <span class='ocrx_word' id='word_1_237' title='bbox 2768 735 2858 785; x_wconf 78' lang='grc' dir='ltr'>καὶ</span> <span class='ocrx_word' id='word_1_238' title='bbox 2919 729 3196 805; x_wconf 78' lang='grc' dir='ltr'>ἀθόρυϐος.</span> <span class='ocrx_word' id='word_1_239' title='bbox 3290 728 3662 786; x_wconf 74' lang='grc' dir='ltr'>Καταϐήσεται</span> <span class='ocrx_word' id='word_1_240' title='bbox 3721 730 3842 802; x_wconf 67' lang='grc' dir='ltr'>γὰρ,</span> <span class='ocrx_word' id='word_1_241' title='bbox 3943 729 4124 799; x_wconf 72' lang='grc' dir='ltr'>φησὶν,</span> 
     </span>
    </p>
   </div>
   <div class='ocr_carea' id='block_1_38' title="bbox 2525 816 4131 890">
    <p class='ocr_par' dir='ltr' id='par_1_38' title="bbox 2525 816 4131 890">
     <span class='ocr_line' id='line_1_38' title="bbox 2525 816 4131 890; baseline -0.002 -20"><span class='ocrx_word' id='word_1_242' title='bbox 2525 821 2595 880; x_wconf 84' lang='grc' dir='ltr'>ὡς</span> <span class='ocrx_word' id='word_1_243' title='bbox 2658 819 2802 882; x_wconf 78' lang='grc' dir='ltr'>ὑετὸς</span> <span class='ocrx_word' id='word_1_244' title='bbox 2857 821 2940 875; x_wconf 72' lang='grc' dir='ltr'><strong>ἐπὶ</strong></span> <span class='ocrx_word' id='word_1_245' title='bbox 3023 825 3202 888; x_wconf 86' lang='grc' dir='ltr'>πόκον,</span> <span class='ocrx_word' id='word_1_246' title='bbox 3279 822 3370 872; x_wconf 77' lang='grc' dir='ltr'>καὶ</span> <span class='ocrx_word' id='word_1_247' title='bbox 3456 819 3582 875; x_wconf 86' lang='grc' dir='ltr'><strong>ὡσεὶ</strong></span> <span class='ocrx_word' id='word_1_248' title='bbox 3658 821 3861 890; x_wconf 72' lang='grc' dir='ltr'>στα-γῶν</span> <span class='ocrx_word' id='word_1_249' title='bbox 3918 817 3948 875; x_wconf 79' lang='grc' dir='ltr'>ἡ</span> <span class='ocrx_word' id='word_1_250' title='bbox 4003 816 4131 868; x_wconf 79' lang='grc' dir='ltr'>στά·</span> 
     </span>
    </p>
   </div>
   <div class='ocr_carea' id='block_1_39' title="bbox 2528 908 4126 982">
    <p class='ocr_par' dir='ltr' id='par_1_39' title="bbox 2528 908 4126 982">
     <span class='ocr_line' id='line_1_39' title="bbox 2528 908 4126 982; baseline -0.003 -22"><span class='ocrx_word' id='word_1_251' title='bbox 2528 908 2697 970; x_wconf 75' lang='grc' dir='ltr'>ζουσα</span> <span class='ocrx_word' id='word_1_252' title='bbox 2733 909 2849 982; x_wconf 89' lang='grc'><strong>(87)</strong></span> <span class='ocrx_word' id='word_1_253' title='bbox 2915 909 3002 964; x_wconf 75' lang='grc' dir='ltr'><strong>ἕπὶ</strong></span> <span class='ocrx_word' id='word_1_254' title='bbox 3061 914 3155 968; x_wconf 77' lang='grc' dir='ltr'>τὴν</span> <span class='ocrx_word' id='word_1_255' title='bbox 3210 916 3330 981; x_wconf 71' lang='grc' dir='ltr'>γῆν.</span> <span class='ocrx_word' id='word_1_256' title='bbox 3385 911 3487 962; x_wconf 76' lang='grc' dir='ltr'><strong>Καὶ</strong></span> <span class='ocrx_word' id='word_1_257' title='bbox 3537 913 3699 962; x_wconf 84' lang='grc' dir='ltr'>τοῦτα</span> <span class='ocrx_word' id='word_1_258' title='bbox 3750 908 3840 980; x_wconf 63' lang='grc' dir='ltr'>μὶν</span> <span class='ocrx_word' id='word_1_259' title='bbox 3904 912 4126 978; x_wconf 84' lang='grc' dir='ltr'>πρῶτον·</span> 
     </span>
    </p>
   </div>
   <div class='ocr_carea' id='block_1_40' title="bbox 2529 992 4133 1073">
    <p class='ocr_par' dir='ltr' id='par_1_40' title="bbox 2529 992 4133 1073">
     <span class='ocr_line' id='line_1_40' title="bbox 2529 992 4133 1073; baseline -0.003 -21"><span class='ocrx_word' id='word_1_260' title='bbox 2529 993 2769 1073; x_wconf 81' lang='grc' dir='ltr'>δεύτερον</span> <span class='ocrx_word' id='word_1_261' title='bbox 2817 995 2877 1052; x_wconf 86' lang='grc' dir='ltr'>δε</span> <span class='ocrx_word' id='word_1_262' title='bbox 2914 1001 2944 1058; x_wconf 85' lang='grc' dir='ltr'><strong>ἠ</strong></span> <span class='ocrx_word' id='word_1_263' title='bbox 2997 1001 3126 1072; x_wconf 87' lang='grc' dir='ltr'>πρὸς</span> <span class='ocrx_word' id='word_1_264' title='bbox 3183 1005 3358 1052; x_wconf 85' lang='grc' dir='ltr'>πᾶσαν</span> <span class='ocrx_word' id='word_1_265' title='bbox 3410 1001 3504 1058; x_wconf 73' lang='grc' dir='ltr'><strong>τήν</strong></span> <span class='ocrx_word' id='word_1_266' title='bbox 3569 992 3871 1069; x_wconf 72' lang='grc' dir='ltr'><strong>οἰκουμένην</strong></span> <span class='ocrx_word' id='word_1_267' title='bbox 3919 998 4010 1048; x_wconf 78' lang='grc' dir='ltr'>καὶ</span> <span class='ocrx_word' id='word_1_268' title='bbox 4063 995 4133 1047; x_wconf 83' lang='grc' dir='ltr'>τὰ</span> 
     </span>
    </p>
   </div>
   <div class='ocr_carea' id='block_1_41' title="bbox 2529 1087 4134 1164">
    <p class='ocr_par' dir='ltr' id='par_1_41' title="bbox 2529 1087 4134 1164">
     <span class='ocr_line' id='line_1_41' title="bbox 2529 1087 4134 1164; baseline -0.001 -24"><span class='ocrx_word' id='word_1_269' title='bbox 2529 1090 2729 1160; x_wconf 77' lang='grc' dir='ltr'>πέρατα</span> <span class='ocrx_word' id='word_1_270' title='bbox 2787 1091 2979 1151; x_wconf 80' lang='grc' dir='ltr'><strong>ταύτης</strong></span> <span class='ocrx_word' id='word_1_271' title='bbox 3031 1092 3434 1164; x_wconf 83' lang='grc' dir='ltr'>κατακυρίευσις</span> <span class='ocrx_word' id='word_1_272' title='bbox 3489 1091 3578 1140; x_wconf 79' lang='grc' dir='ltr'>καὶ</span> <span class='ocrx_word' id='word_1_273' title='bbox 3629 1087 3819 1159; x_wconf 86' lang='grc' dir='ltr'>κράτος</span> <span class='ocrx_word' id='word_1_274' title='bbox 3855 1088 3916 1138; x_wconf 87' lang='grc' dir='ltr'><strong>τό</strong></span> <span class='ocrx_word' id='word_1_275' title='bbox 3971 1102 4134 1138; x_wconf 80' lang='grc' dir='ltr'>παντ-</span> 
     </span>
    </p>
   </div>
   <div class='ocr_carea' id='block_1_42' title="bbox 2531 1171 4134 1251">
    <p class='ocr_par' dir='ltr' id='par_1_42' title="bbox 2531 1171 4134 1251">
     <span class='ocr_line' id='line_1_42' title="bbox 2531 1171 4134 1251; baseline -0.005 -18"><span class='ocrx_word' id='word_1_276' title='bbox 2531 1178 2784 1242; x_wconf 79' lang='grc' dir='ltr'>εξούσιον.</span> <span class='ocrx_word' id='word_1_277' title='bbox 2845 1179 3060 1251; x_wconf 66' lang='grc' dir='ltr'>Ἐπάογει</span> <span class='ocrx_word' id='word_1_278' title='bbox 3133 1180 3235 1250; x_wconf 73' lang='grc' dir='ltr'>γὰρ</span> <span class='ocrx_word' id='word_1_279' title='bbox 3285 1192 3300 1209; x_wconf 81' lang='grc'><strong><em>⁸</em></strong></span> <span class='ocrx_word' id='word_1_280' title='bbox 3361 1181 3463 1231; x_wconf 76' lang='grc' dir='ltr'><strong>Καὶ</strong></span> <span class='ocrx_word' id='word_1_281' title='bbox 3535 1177 3932 1251; x_wconf 69' lang='grc' dir='ltr'>κατακυριεύσιι</span> <span class='ocrx_word' id='word_1_282' title='bbox 4001 1171 4134 1226; x_wconf 75' lang='grc' dir='ltr'>ἁπό-</span> 
     </span>
    </p>
   </div>
   <div class='ocr_carea' id='block_1_43' title="bbox 2535 1264 4138 1338">
    <p class='ocr_par' dir='ltr' id='par_1_43' title="bbox 2535 1264 4138 1338">
     <span class='ocr_line' id='line_1_43' title="bbox 2535 1264 4138 1338; baseline -0.003 -16"><span class='ocrx_word' id='word_1_283' title='bbox 2535 1266 2803 1328; x_wconf 79' lang='grc' dir='ltr'>θαλάσσης</span> <span class='ocrx_word' id='word_1_284' title='bbox 2860 1270 2951 1330; x_wconf 76' lang='grc' dir='ltr'>ἕως</span> <span class='ocrx_word' id='word_1_285' title='bbox 3043 1267 3332 1338; x_wconf 78' lang='grc' dir='ltr'><strong>θαλάσσης,</strong></span> <span class='ocrx_word' id='word_1_286' title='bbox 3423 1269 3514 1319; x_wconf 84' lang='grc' dir='ltr'>καὶ</span> <span class='ocrx_word' id='word_1_287' title='bbox 3566 1265 3668 1319; x_wconf 74' lang='grc' dir='ltr'><strong>ἀπὸ</strong></span> <span class='ocrx_word' id='word_1_288' title='bbox 3733 1271 3977 1336; x_wconf 76' lang='grc' dir='ltr'><strong>ποταμῶν</strong></span> <span class='ocrx_word' id='word_1_289' title='bbox 4040 1264 4138 1324; x_wconf 77' lang='grc' dir='ltr'>ἕως</span> 
     </span>
    </p>
   </div>
   <div class='ocr_carea' id='block_1_44' title="bbox 2531 1351 4136 1432">
    <p class='ocr_par' dir='ltr' id='par_1_44' title="bbox 2531 1351 4136 1432">
     <span class='ocr_line' id='line_1_44' title="bbox 2531 1351 4136 1432; baseline -0.003 -21"><span class='ocrx_word' id='word_1_290' title='bbox 2531 1360 2766 1432; x_wconf 80' lang='grc' dir='ltr'>περάτων</span> <span class='ocrx_word' id='word_1_291' title='bbox 2822 1365 2918 1418; x_wconf 83' lang='grc' dir='ltr'><strong>τῆς</strong></span> <span class='ocrx_word' id='word_1_292' title='bbox 2973 1357 3300 1430; x_wconf 75' lang='grc' dir='ltr'>οἰκουμενης,</span> <span class='ocrx_word' id='word_1_293' title='bbox 3364 1358 3486 1428; x_wconf 86' lang='grc' dir='ltr'>ὅπερ</span> <span class='ocrx_word' id='word_1_294' title='bbox 3546 1354 3707 1422; x_wconf 72' lang='grc' dir='ltr'>εστιν,</span> <span class='ocrx_word' id='word_1_295' title='bbox 3793 1352 3895 1407; x_wconf 70' lang='grc' dir='ltr'><strong>διπὸ</strong></span> <span class='ocrx_word' id='word_1_296' title='bbox 3953 1351 4136 1406; x_wconf 57' lang='lat' dir='ltr'><strong>betro-</strong></span> 
     </span>
    </p>
   </div>
   <div class='ocr_carea' id='block_1_45' title="bbox 2865 1443 4141 1520">
    <p class='ocr_par' dir='ltr' id='par_1_45' title="bbox 2865 1443 4141 1520">
     <span class='ocr_line' id='line_1_45' title="bbox 2865 1443 4141 1520; baseline -0.006 -19"><span class='ocrx_word' id='word_1_297' title='bbox 2865 1444 3083 1520; x_wconf 83' lang='grc' dir='ltr'>δυσμῶν</span> <span class='ocrx_word' id='word_1_298' title='bbox 3169 1452 3259 1500; x_wconf 77' lang='grc' dir='ltr'>καὶ</span> <span class='ocrx_word' id='word_1_299' title='bbox 3315 1454 3415 1500; x_wconf 80' lang='grc' dir='ltr'><strong>τῶν</strong></span> <span class='ocrx_word' id='word_1_300' title='bbox 3468 1445 3736 1500; x_wconf 82' lang='grc' dir='ltr'>κυκλόθεν.</span> <span class='ocrx_word' id='word_1_301' title='bbox 3797 1451 4003 1516; x_wconf 89' lang='grc' dir='ltr'>Τριτον,</span> <span class='ocrx_word' id='word_1_302' title='bbox 4056 1443 4141 1495; x_wconf 83' lang='grc' dir='ltr'>ὅτε</span> 
     </span>
    </p>
   </div>
   <div class='ocr_carea' id='block_1_46' title="bbox 2532 1533 4141 1612">
    <p class='ocr_par' dir='ltr' id='par_1_46' title="bbox 2532 1533 4141 1612">
     <span class='ocr_line' id='line_1_46' title="bbox 2532 1533 4141 1612; baseline -0.002 -23"><span class='ocrx_word' id='word_1_303' title='bbox 2532 1538 2769 1610; x_wconf 79' lang='grc' dir='ltr'>ἄναρχός</span> <span class='ocrx_word' id='word_1_304' title='bbox 2827 1535 2967 1590; x_wconf 72' lang='grc' dir='ltr'>ἐστιν</span> <span class='ocrx_word' id='word_1_305' title='bbox 3032 1539 3063 1595; x_wconf 82' lang='grc' dir='ltr'><strong>ἠ</strong></span> <span class='ocrx_word' id='word_1_306' title='bbox 3153 1539 3340 1589; x_wconf 79' lang='grc' dir='ltr'>τούτου</span> <span class='ocrx_word' id='word_1_307' title='bbox 3411 1535 3656 1612; x_wconf 81' lang='grc' dir='ltr'>ὗπαρξις,</span> <span class='ocrx_word' id='word_1_308' title='bbox 3733 1539 3824 1588; x_wconf 81' lang='grc' dir='ltr'>καὶ</span> <span class='ocrx_word' id='word_1_309' title='bbox 3878 1533 4141 1593; x_wconf 76' lang='grc' dir='ltr'>παντελῶς</span> 
     </span>
    </p>
   </div>
   <div class='ocr_carea' id='block_1_47' title="bbox 2533 1621 4142 1699">
    <p class='ocr_par' dir='ltr' id='par_1_47' title="bbox 2533 1621 4142 1699">
     <span class='ocr_line' id='line_1_47' title="bbox 2533 1621 4142 1699; baseline -0.002 -21"><span class='ocrx_word' id='word_1_310' title='bbox 2533 1624 2882 1686; x_wconf 74' lang='grc' dir='ltr'>ἁτελεύτητος.</span> <span class='ocrx_word' id='word_1_311' title='bbox 2949 1625 3036 1688; x_wconf 82' lang='grc' dir='ltr'>Εἰς</span> <span class='ocrx_word' id='word_1_312' title='bbox 3107 1632 3260 1679; x_wconf 81' lang='grc' dir='ltr'>τοῦτο</span> <span class='ocrx_word' id='word_1_313' title='bbox 3320 1627 3419 1699; x_wconf 73' lang='grc' dir='ltr'><strong>γὰρ</strong></span> <span class='ocrx_word' id='word_1_314' title='bbox 3475 1623 3665 1685; x_wconf 73' lang='grc' dir='ltr'>ἐννοίας</span> <span class='ocrx_word' id='word_1_315' title='bbox 3713 1627 3851 1699; x_wconf 66' lang='grc' dir='ltr'>φέρει</span> <span class='ocrx_word' id='word_1_316' title='bbox 3894 1624 3960 1677; x_wconf 79' lang='grc' dir='ltr'>τὰ</span> <span class='ocrx_word' id='word_1_317' title='bbox 4004 1621 4142 1695; x_wconf 77' lang='grc' dir='ltr'>ψαλ-</span> 
     </span>
    </p>
   </div>
   <div class='ocr_carea' id='block_1_48' title="bbox 2533 1716 2928 1791">
    <p class='ocr_par' dir='ltr' id='par_1_48' title="bbox 2533 1716 2928 1791">
     <span class='ocr_line' id='line_1_48' title="bbox 2533 1716 2928 1791; baseline 0 -24"><span class='ocrx_word' id='word_1_318' title='bbox 2533 1718 2662 1787; x_wconf 84' lang='grc' dir='ltr'>μικὰ</span> <span class='ocrx_word' id='word_1_319' title='bbox 2690 1716 2928 1791; x_wconf 78' lang='grc' dir='ltr'>ῥήματα.</span> 
     </span>
    </p>
   </div>
   <div class='ocr_carea' id='block_1_49' title="bbox 2607 1798 4142 1878">
    <p class='ocr_par' dir='ltr' id='par_1_49' title="bbox 2607 1798 4142 1878">
     <span class='ocr_line' id='line_1_49' title="bbox 2607 1798 4142 1878; baseline -0.003 -21"><span class='ocrx_word' id='word_1_320' title='bbox 2607 1807 2706 1860; x_wconf 87' lang='grc' dir='ltr'><strong>1Ζ’.</strong></span> <span class='ocrx_word' id='word_1_321' title='bbox 2742 1804 2974 1876; x_wconf 82' lang='grc' dir='ltr'>Σολομὼν</span> <span class='ocrx_word' id='word_1_322' title='bbox 3002 1800 3061 1857; x_wconf 72' lang='grc' dir='ltr'>δε</span> <span class='ocrx_word' id='word_1_323' title='bbox 3113 1807 3229 1856; x_wconf 75' lang='grc' dir='ltr'>οὔτε</span> <span class='ocrx_word' id='word_1_324' title='bbox 3293 1806 3393 1878; x_wconf 84' lang='grc' dir='ltr'>πρὸ</span> <span class='ocrx_word' id='word_1_325' title='bbox 3446 1809 3537 1856; x_wconf 76' lang='grc' dir='ltr'>τοῦ</span> <span class='ocrx_word' id='word_1_326' title='bbox 3596 1805 3691 1864; x_wconf 81' lang='grc' dir='ltr'><strong>τὰς</strong></span> <span class='ocrx_word' id='word_1_327' title='bbox 3735 1798 3930 1863; x_wconf 80' lang='grc' dir='ltr'>ὠδῖνας</span> <span class='ocrx_word' id='word_1_328' title='bbox 3981 1800 4142 1853; x_wconf 81' lang='grc' dir='ltr'>λῦσαι</span> 
     </span>
    </p>
   </div>
   <div class='ocr_carea' id='block_1_50' title="bbox 3500 1888 4140 1944">
    <p class='ocr_par' dir='ltr' id='par_1_50' title="bbox 3500 1888 4140 1944">
     <span class='ocr_line' id='line_1_50' title="bbox 3500 1888 4140 1944; baseline -0.003 0"><span class='ocrx_word' id='word_1_329' title='bbox 3500 1891 3610 1944; x_wconf 70' lang='grc' dir='ltr'>οὔτ’</span> <span class='ocrx_word' id='word_1_330' title='bbox 3674 1892 3865 1944; x_wconf 80' lang='grc' dir='ltr'>ἄνωθεν</span> <span class='ocrx_word' id='word_1_331' title='bbox 3922 1888 4140 1943; x_wconf 65' lang='grc' dir='ltr'>καταϐε-</span> 
     </span>
    </p>
   </div>
   <div class='ocr_carea' id='block_1_51' title="bbox 2537 1978 3952 2056">
    <p class='ocr_par' dir='ltr' id='par_1_51' title="bbox 2537 1978 3952 2056">
     <span class='ocr_line' id='line_1_51' title="bbox 2537 1978 3952 2056; baseline -0.003 -21"><span class='ocrx_word' id='word_1_332' title='bbox 2537 1983 2688 2042; x_wconf 79' lang='grc' dir='ltr'>ϐηκε.</span> <span class='ocrx_word' id='word_1_333' title='bbox 2743 1986 2812 2037; x_wconf 86' lang='grc' dir='ltr'><strong>Τὸ</strong></span> <span class='ocrx_word' id='word_1_334' title='bbox 2842 1985 2943 2055; x_wconf 74' lang='grc' dir='ltr'>γὰρ</span> <span class='ocrx_word' id='word_1_335' title='bbox 3019 1986 3177 2056; x_wconf 71' lang='grc' dir='ltr'>μήπω</span> <span class='ocrx_word' id='word_1_336' title='bbox 3254 1982 3326 2051; x_wconf 81' lang='grc' dir='ltr'>ὃν,</span> <span class='ocrx_word' id='word_1_337' title='bbox 3406 1978 3544 2054; x_wconf 66' lang='grc' dir='ltr'>μηδι</span> <span class='ocrx_word' id='word_1_338' title='bbox 3621 1980 3952 2054; x_wconf 75' lang='grc' dir='ltr'>οὐσιωμένον,</span> 
     </span>
    </p>
   </div>
   <div class='ocr_carea' id='block_1_52' title="bbox 2538 2067 4145 2140">
    <p class='ocr_par' dir='ltr' id='par_1_52' title="bbox 2538 2067 4145 2140">
     <span class='ocr_line' id='line_1_52' title="bbox 2538 2067 4145 2140; baseline -0.003 -14"><span class='ocrx_word' id='word_1_339' title='bbox 2538 2074 2757 2140; x_wconf 78' lang='grc' dir='ltr'><strong>ἄνεισιν,</strong></span> <span class='ocrx_word' id='word_1_340' title='bbox 2808 2076 2925 2126; x_wconf 77' lang='grc' dir='ltr'>οὔτε</span> <span class='ocrx_word' id='word_1_341' title='bbox 2964 2075 3212 2125; x_wconf 85' lang='grc' dir='ltr'>κάτεισιν.</span> <span class='ocrx_word' id='word_1_342' title='bbox 3287 2070 3424 2126; x_wconf 83' lang='grc' dir='ltr'>Ἀλλ’</span> <span class='ocrx_word' id='word_1_343' title='bbox 3455 2067 3578 2124; x_wconf 69' lang='grc' dir='ltr'>οὐδε</span> <span class='ocrx_word' id='word_1_344' title='bbox 3616 2073 3694 2135; x_wconf 88' lang='grc' dir='ltr'>τὸ,</span> <span class='ocrx_word' id='word_1_345' title='bbox 3748 2072 3812 2132; x_wconf 84' lang='grc' dir='ltr'>ὡς</span> <span class='ocrx_word' id='word_1_346' title='bbox 3861 2071 4003 2130; x_wconf 77' lang='grc' dir='ltr'>ὑετὸς</span> <span class='ocrx_word' id='word_1_347' title='bbox 4060 2067 4145 2121; x_wconf 74' lang='grc' dir='ltr'><strong>ἐπὶ</strong></span> 
     </span>
    </p>
   </div>
   <div class='ocr_carea' id='block_1_53' title="bbox 2794 2158 4147 2233">
    <p class='ocr_par' dir='ltr' id='par_1_53' title="bbox 2794 2158 4147 2233">
     <span class='ocr_line' id='line_1_53' title="bbox 2794 2158 4147 2233; baseline -0.004 -20"><span class='ocrx_word' id='word_1_348' title='bbox 2794 2160 3102 2215; x_wconf 79' lang='grc' dir='ltr'>ἀκολουθίαν</span> <span class='ocrx_word' id='word_1_349' title='bbox 3156 2163 3268 2233; x_wconf 73' lang='grc' dir='ltr'>ἔχει</span> <span class='ocrx_word' id='word_1_350' title='bbox 3315 2164 3443 2232; x_wconf 88' lang='grc' dir='ltr'>πρὸς</span> <span class='ocrx_word' id='word_1_351' title='bbox 3520 2160 3821 2232; x_wconf 82' lang='grc' dir='ltr'>Σολομῶντά</span> <span class='ocrx_word' id='word_1_352' title='bbox 3874 2179 4010 2214; x_wconf 88' lang='grc' dir='ltr'>τινα.</span> <span class='ocrx_word' id='word_1_353' title='bbox 4068 2158 4147 2212; x_wconf 79' lang='grc' dir='ltr'><strong>Τὰ</strong></span> 
     </span>
    </p>
   </div>
   <div class='ocr_carea' id='block_1_54' title="bbox 2539 2245 4150 2326">
    <p class='ocr_par' dir='ltr' id='par_1_54' title="bbox 2539 2245 4150 2326">
     <span class='ocr_line' id='line_1_54' title="bbox 2539 2245 4150 2326; baseline -0.004 -22"><span class='ocrx_word' id='word_1_354' title='bbox 2539 2255 2640 2326; x_wconf 72' lang='grc' dir='ltr'>γὰρ</span> <span class='ocrx_word' id='word_1_355' title='bbox 2689 2254 2822 2304; x_wconf 79' lang='grc' dir='ltr'>κατὰ</span> <span class='ocrx_word' id='word_1_356' title='bbox 2871 2255 2957 2302; x_wconf 85' lang='grc' dir='ltr'><strong>τόν</strong></span> <span class='ocrx_word' id='word_1_357' title='bbox 3015 2247 3234 2323; x_wconf 68' lang='grc' dir='ltr'>ἀδελφόν</span> <span class='ocrx_word' id='word_1_358' title='bbox 3293 2245 3548 2303; x_wconf 78' lang='grc' dir='ltr'>’Δδωνίαν</span> <span class='ocrx_word' id='word_1_359' title='bbox 3604 2253 3696 2306; x_wconf 81' lang='grc' dir='ltr'>τὴν</span> <span class='ocrx_word' id='word_1_360' title='bbox 3767 2247 3928 2320; x_wconf 88' lang='grc' dir='ltr'>βάσιν</span> <span class='ocrx_word' id='word_1_361' title='bbox 3995 2247 4150 2307; x_wconf 73' lang='grc' dir='ltr'>εὐθὺς</span> 
     </span>
    </p>
   </div>
   <div class='ocr_carea' id='block_1_55' title="bbox 2541 2337 4151 2414">
    <p class='ocr_par' dir='ltr' id='par_1_55' title="bbox 2541 2337 4151 2414">
     <span class='ocr_line' id='line_1_55' title="bbox 2541 2337 4151 2414; baseline -0.004 -20"><span class='ocrx_word' id='word_1_362' title='bbox 2541 2350 2629 2402; x_wconf 81' lang='grc' dir='ltr'><strong>τῆς</strong></span> <span class='ocrx_word' id='word_1_363' title='bbox 2687 2339 2962 2414; x_wconf 74' lang='grc' dir='ltr'>βασιλείας</span> <span class='ocrx_word' id='word_1_364' title='bbox 3027 2338 3216 2392; x_wconf 78' lang='grc' dir='ltr'>ἐκείνου</span> <span class='ocrx_word' id='word_1_365' title='bbox 3313 2337 3535 2413; x_wconf 76' lang='grc' dir='ltr'>θορύϐου</span> <span class='ocrx_word' id='word_1_366' title='bbox 3599 2342 3688 2390; x_wconf 82' lang='grc' dir='ltr'>καὶ</span> <span class='ocrx_word' id='word_1_367' title='bbox 3752 2346 3992 2410; x_wconf 80' lang='grc' dir='ltr'>ταραχῆς</span> <span class='ocrx_word' id='word_1_368' title='bbox 4054 2337 4151 2388; x_wconf 79' lang='grc' dir='ltr'><strong>ὐπ-</strong></span> 
     </span>
    </p>
   </div>
   <div class='ocr_carea' id='block_1_56' title="bbox 2531 1447 2783 1508">
    <p class='ocr_par' dir='ltr' id='par_1_56' title="bbox 2531 1447 2783 1508">
     <span class='ocr_line' id='line_1_56' title="bbox 2531 1447 2783 1508; baseline 0 -8"><span class='ocrx_word' id='word_1_369' title='bbox 2531 1447 2629 1500; x_wconf 88' lang='grc' dir='ltr'>λῶν</span> <span class='ocrx_word' id='word_1_370' title='bbox 2696 1450 2783 1508; x_wconf 74' lang='grc' dir='ltr'>ἕως</span> 
     </span>
    </p>
   </div>
   <div class='ocr_carea' id='block_1_57' title="bbox 4032 1977 4143 2032">
    <p class='ocr_par' dir='ltr' id='par_1_57' title="bbox 4032 1977 4143 2032">
     <span class='ocr_line' id='line_1_57' title="bbox 4032 1977 4143 2032; baseline -0.027 0"><span class='ocrx_word' id='word_1_371' title='bbox 4032 1977 4143 2032; x_wconf 67' lang='grc' dir='ltr'>οὔτ’</span> 
     </span>
    </p>
   </div>
   <div class='ocr_carea' id='block_1_58' title="bbox 2538 2168 2718 2227">
    <p class='ocr_par' dir='ltr' id='par_1_58' title="bbox 2538 2168 2718 2227">
     <span class='ocr_line' id='line_1_58' title="bbox 2538 2168 2718 2227; baseline -0.017 -11"><span class='ocrx_word' id='word_1_372' title='bbox 2538 2168 2718 2227; x_wconf 84' lang='grc' dir='ltr'>πόκον,</span> 
     </span>
    </p>
   </div>
   <div class='ocr_carea' id='block_1_59' title="bbox 2546 2423 4154 2506">
    <p class='ocr_par' dir='ltr' id='par_1_59' title="bbox 2546 2423 4154 2506">
     <span class='ocr_line' id='line_1_59' title="bbox 2546 2423 4154 2506; baseline -0.005 -21"><span class='ocrx_word' id='word_1_373' title='bbox 2546 2431 2820 2490; x_wconf 80' lang='grc' dir='ltr'>ανέπλησε.</span> <span class='ocrx_word' id='word_1_374' title='bbox 2892 2427 3145 2506; x_wconf 69' lang='grc' dir='ltr'>Φείδομαι</span> <span class='ocrx_word' id='word_1_375' title='bbox 3205 2426 3263 2484; x_wconf 70' lang='grc' dir='ltr'>δε</span> <span class='ocrx_word' id='word_1_376' title='bbox 3298 2429 3476 2495; x_wconf 86' lang='grc' dir='ltr'>εἰπεῖν,</span> <span class='ocrx_word' id='word_1_377' title='bbox 3549 2430 3629 2481; x_wconf 84' lang='grc' dir='ltr'>ὅτι</span> <span class='ocrx_word' id='word_1_378' title='bbox 3686 2433 3774 2480; x_wconf 81' lang='grc' dir='ltr'>καὶ</span> <span class='ocrx_word' id='word_1_379' title='bbox 3859 2423 4154 2499; x_wconf 74' lang='grc' dir='ltr'>ἅδελφικοῐς</span> 
     </span>
    </p>
   </div>
   <div class='ocr_carea' id='block_1_60' title="bbox 2545 2515 4158 2596">
    <p class='ocr_par' dir='ltr' id='par_1_60' title="bbox 2545 2515 4158 2596">
     <span class='ocr_line' id='line_1_60' title="bbox 2545 2515 4158 2596; baseline -0.004 -19"><span class='ocrx_word' id='word_1_380' title='bbox 2545 2528 2863 2596; x_wconf 80' lang='grc' dir='ltr'>κατέχρανεν</span> <span class='ocrx_word' id='word_1_381' title='bbox 2919 2523 3130 2594; x_wconf 78' lang='grc' dir='ltr'>αἵμασι,</span> <span class='ocrx_word' id='word_1_382' title='bbox 3185 2524 3242 2573; x_wconf 88' lang='grc' dir='ltr'>τὸ</span> <span class='ocrx_word' id='word_1_383' title='bbox 3313 2523 3516 2574; x_wconf 85' lang='grc' dir='ltr'>πάντων</span> <span class='ocrx_word' id='word_1_384' title='bbox 3575 2523 3843 2591; x_wconf 72' lang='grc' dir='ltr'>χείριστον</span> <span class='ocrx_word' id='word_1_385' title='bbox 3901 2517 4009 2579; x_wconf 82' lang='grc'>(90)</span> <span class='ocrx_word' id='word_1_386' title='bbox 4073 2515 4158 2588; x_wconf 70' lang='grc' dir='ltr'><strong>ἆγ-</strong></span> 
     </span>
    </p>
   </div>
   <div class='ocr_carea' id='block_1_61' title="bbox 2545 2603 4157 2688">
    <p class='ocr_par' dir='ltr' id='par_1_61' title="bbox 2545 2603 4157 2688">
     <span class='ocr_line' id='line_1_61' title="bbox 2545 2603 4157 2688; baseline -0.005 -20"><span class='ocrx_word' id='word_1_387' title='bbox 2545 2615 2839 2688; x_wconf 75' lang='grc' dir='ltr'>κλημάτων,</span> <span class='ocrx_word' id='word_1_388' title='bbox 2899 2619 2986 2664; x_wconf 81' lang='grc' dir='ltr'>καὶ</span> <span class='ocrx_word' id='word_1_389' title='bbox 3039 2614 3169 2684; x_wconf 83' lang='grc' dir='ltr'>μετὰ</span> <span class='ocrx_word' id='word_1_390' title='bbox 3228 2617 3355 2664; x_wconf 70' lang='grc' dir='ltr'>Καὶν</span> <span class='ocrx_word' id='word_1_391' title='bbox 3423 2605 3662 2682; x_wconf 78' lang='grc' dir='ltr'>δεύτερος</span> <span class='ocrx_word' id='word_1_392' title='bbox 3727 2607 3876 2670; x_wconf 83' lang='grc' dir='ltr'>οὗτος</span> <span class='ocrx_word' id='word_1_393' title='bbox 3935 2603 4157 2680; x_wconf 67' lang='grc' dir='ltr'>ἁδελφός</span> 
     </span>
    </p>
   </div>
   <div class='ocr_carea' id='block_1_62' title="bbox 2547 2696 3958 2777">
    <p class='ocr_par' dir='ltr' id='par_1_62' title="bbox 2547 2696 3958 2777">
     <span class='ocr_line' id='line_1_62' title="bbox 2547 2696 3958 2777; baseline -0.004 -19"><span class='ocrx_word' id='word_1_394' title='bbox 2547 2709 2722 2766; x_wconf 88' lang='grc' dir='ltr'>κτὸνος</span> <span class='ocrx_word' id='word_1_395' title='bbox 2757 2705 3053 2777; x_wconf 79' lang='grc' dir='ltr'>εὑρίσκεται</span> <span class='ocrx_word' id='word_1_396' title='bbox 3081 2698 3175 2754; x_wconf 75' lang='grc' dir='ltr'>διὰ</span> <span class='ocrx_word' id='word_1_397' title='bbox 3196 2705 3290 2761; x_wconf 74' lang='grc' dir='ltr'>τὴν</span> <span class='ocrx_word' id='word_1_398' title='bbox 3316 2704 3639 2772; x_wconf 82' lang='grc' dir='ltr'>πρόσκαιρον</span> <span class='ocrx_word' id='word_1_399' title='bbox 3663 2696 3958 2772; x_wconf 87' lang='grc' dir='ltr'>βασιλείαν.</span> 
     </span>
    </p>
   </div>
   <div class='ocr_carea' id='block_1_63' title="bbox 2622 2853 4162 2935">
    <p class='ocr_par' dir='ltr' id='par_1_63' title="bbox 2622 2853 4162 2935">
     <span class='ocr_line' id='line_1_63' title="bbox 2622 2853 4162 2935; baseline -0.008 -17"><span class='ocrx_word' id='word_1_400' title='bbox 2622 2866 2754 2918; x_wconf 80' lang='grc' dir='ltr'>Οὒτι</span> <span class='ocrx_word' id='word_1_401' title='bbox 2807 2872 2898 2916; x_wconf 79' lang='grc' dir='ltr'>τοῦ</span> <span class='ocrx_word' id='word_1_402' title='bbox 2954 2863 3311 2935; x_wconf 76' lang='grc' dir='ltr'>οἰκουμενικοῦ</span> <span class='ocrx_word' id='word_1_403' title='bbox 3374 2863 3567 2921; x_wconf 87' lang='grc' dir='ltr'>παντὸς</span> <span class='ocrx_word' id='word_1_404' title='bbox 3621 2859 4008 2930; x_wconf 82' lang='grc' dir='ltr'>κατεκράτησεν</span> <span class='ocrx_word' id='word_1_405' title='bbox 4084 2853 4162 2918; x_wconf 77' lang='grc' dir='ltr'><strong>ἕξ-</strong></span> 
     </span>
    </p>
   </div>
   <div class='ocr_carea' id='block_1_64' title="bbox 2549 2945 4163 3028">
    <p class='ocr_par' dir='ltr' id='par_1_64' title="bbox 2549 2945 4163 3028">
     <span class='ocr_line' id='line_1_64' title="bbox 2549 2945 4163 3028; baseline -0.007 -19"><span class='ocrx_word' id='word_1_406' title='bbox 2549 2957 2862 3028; x_wconf 82' lang='grc' dir='ltr'>απλωματος</span> <span class='ocrx_word' id='word_1_407' title='bbox 2891 2976 2902 2988; x_wconf 77' lang='grc' dir='ltr'><strong>ο</strong></span> <span class='ocrx_word' id='word_1_408' title='bbox 2949 2953 3076 3005; x_wconf 80' lang='grc' dir='ltr'>ἀλλὰ</span> <span class='ocrx_word' id='word_1_409' title='bbox 3117 2956 3184 3004; x_wconf 80' lang='grc' dir='ltr'>τὰ</span> <span class='ocrx_word' id='word_1_410' title='bbox 3222 2954 3340 3026; x_wconf 87' lang='grc' dir='ltr'>ὅρια</span> <span class='ocrx_word' id='word_1_411' title='bbox 3390 2960 3484 3012; x_wconf 85' lang='grc' dir='ltr'><strong>τῆς</strong></span> <span class='ocrx_word' id='word_1_412' title='bbox 3535 2949 3771 3012; x_wconf 76' lang='grc' dir='ltr'>ἐξουσίας</span> <span class='ocrx_word' id='word_1_413' title='bbox 3821 2946 3979 3000; x_wconf 79' lang='grc' dir='ltr'>αὐτοῦ</span> <span class='ocrx_word' id='word_1_414' title='bbox 4043 2945 4163 2998; x_wconf 74' lang='grc' dir='ltr'>ἑκα-</span> 
     </span>
    </p>
   </div>
   <div class='ocr_carea' id='block_1_65' title="bbox 2549 3035 4163 3119">
    <p class='ocr_par' dir='ltr' id='par_1_65' title="bbox 2549 3035 4163 3119">
     <span class='ocr_line' id='line_1_65' title="bbox 2549 3035 4163 3119; baseline -0.009 -19"><span class='ocrx_word' id='word_1_415' title='bbox 2549 3048 2763 3119; x_wconf 79' lang='grc' dir='ltr'>τέρωθεν</span> <span class='ocrx_word' id='word_1_416' title='bbox 2839 3061 3183 3117; x_wconf 80' lang='grc' dir='ltr'>περισχοντες</span> <span class='ocrx_word' id='word_1_417' title='bbox 3255 3037 3352 3094; x_wconf 82' lang='grc' dir='ltr'><strong>δύο</strong></span> <span class='ocrx_word' id='word_1_418' title='bbox 3435 3043 3662 3114; x_wconf 85' lang='grc' dir='ltr'>ποταμοί</span> <span class='ocrx_word' id='word_1_419' title='bbox 3730 3035 4018 3090; x_wconf 76' lang='grc' dir='ltr'>συνέκλειον</span> <span class='ocrx_word' id='word_1_420' title='bbox 4087 3037 4163 3086; x_wconf 79' lang='grc' dir='ltr'><strong>ἓν·</strong></span> 
     </span>
    </p>
   </div>
   <div class='ocr_carea' id='block_1_66' title="bbox 2551 3122 4162 3209">
    <p class='ocr_par' dir='ltr' id='par_1_66' title="bbox 2551 3122 4162 3209">
     <span class='ocr_line' id='line_1_66' title="bbox 2551 3122 4162 3209; baseline -0.009 -20"><span class='ocrx_word' id='word_1_421' title='bbox 2551 3134 2720 3202; x_wconf 82' lang='grc' dir='ltr'>δοθεν,</span> <span class='ocrx_word' id='word_1_422' title='bbox 2762 3135 3030 3209; x_wconf 74' lang='grc' dir='ltr'><strong>Εὐφράτης</strong></span> <span class='ocrx_word' id='word_1_423' title='bbox 3070 3129 3213 3185; x_wconf 79' lang='grc' dir='ltr'>οὗτοι</span> <span class='ocrx_word' id='word_1_424' title='bbox 3279 3135 3369 3182; x_wconf 84' lang='grc' dir='ltr'>καὶ</span> <span class='ocrx_word' id='word_1_425' title='bbox 3408 3129 3609 3198; x_wconf 81' lang='grc' dir='ltr'>Νεῖλος,</span> <span class='ocrx_word' id='word_1_426' title='bbox 3664 3132 3722 3180; x_wconf 89' lang='grc' dir='ltr'><strong>τό</strong></span> <span class='ocrx_word' id='word_1_427' title='bbox 3777 3125 4028 3192; x_wconf 74' lang='grc' dir='ltr'>ἄστατον,</span> <span class='ocrx_word' id='word_1_428' title='bbox 4088 3122 4162 3176; x_wconf 84' lang='grc' dir='ltr'><strong>οἶ-</strong></span> 
     </span>
    </p>
   </div>
   <div class='ocr_carea' id='block_1_67' title="bbox 723 3215 2487 3327">
    <p class='ocr_par' dir='ltr' id='par_1_67' title="bbox 723 3229 2487 3327">
     <span class='ocr_line' id='line_1_67' title="bbox 723 3229 2487 3327; baseline -0.003 -37"><span class='ocrx_word' id='word_1_429' title='bbox 723 3236 729 3244; x_wconf 93' lang='grc'><em>’</em></span> <span class='ocrx_word' id='word_1_430' title='bbox 782 3234 1025 3308; x_wconf 84' lang='lat' dir='ltr'><strong>quaeuti</strong></span> <span class='ocrx_word' id='word_1_431' title='bbox 1052 3235 1287 3327; x_wconf 73' lang='lat' dir='ltr'><strong>opinor,</strong></span> <span class='ocrx_word' id='word_1_432' title='bbox 1331 3229 1560 3327; x_wconf 73' lang='lat' dir='ltr'><strong>Judaici</strong></span> <span class='ocrx_word' id='word_1_433' title='bbox 1626 3229 1792 3300; x_wconf 83' lang='lat' dir='ltr'><strong>regni</strong></span> <span class='ocrx_word' id='word_1_434' title='bbox 1883 3229 2346 3292; x_wconf 46' lang='lat' dir='ltr'><strong>instabilitatem.</strong></span> <span class='ocrx_word' id='word_1_435' title='bbox 2385 3233 2441 3284; x_wconf 90' lang='lat' dir='ltr'><strong>et</strong></span> <span class='ocrx_word' id='word_1_436' title='bbox 2481 3283 2487 3317; x_wconf 38' lang='lat'><em>‘</em></span> 
     </span>
    </p>
   </div>
   <div class='ocr_carea' id='block_1_68' title="bbox 2400 3215 4164 3327">
    <p class='ocr_par' dir='ltr' id='par_1_68' title="bbox 2400 3215 4164 3327">
     <span class='ocr_line' id='line_1_68' title="bbox 2400 3215 4164 3327; baseline -0.011 -43"><span class='ocrx_word' id='word_1_437' title='bbox 2400 3233 2441 3284; x_wconf 68' lang='grc' dir='ltr'><strong>Ξῖ</strong></span> <span class='ocrx_word' id='word_1_438' title='bbox 2481 3246 2665 3327; x_wconf 65' lang='grc' dir='ltr'>Ομαι,</span> <span class='ocrx_word' id='word_1_439' title='bbox 2735 3233 2830 3285; x_wconf 89' lang='grc' dir='ltr'><strong>τῆς</strong></span> <span class='ocrx_word' id='word_1_440' title='bbox 2885 3218 3183 3282; x_wconf 74' lang='grc' dir='ltr'>Ἰουδαϊκῆς</span> <span class='ocrx_word' id='word_1_441' title='bbox 3255 3218 3529 3292; x_wconf 81' lang='grc' dir='ltr'>βασιλείας</span> <span class='ocrx_word' id='word_1_442' title='bbox 3583 3221 3672 3270; x_wconf 83' lang='grc' dir='ltr'>καὶ</span> <span class='ocrx_word' id='word_1_443' title='bbox 3738 3215 3975 3290; x_wconf 80' lang='grc' dir='ltr'>ὀξύτερον</span> <span class='ocrx_word' id='word_1_444' title='bbox 4032 3231 4164 3288; x_wconf 79' lang='grc' dir='ltr'>παρ-</span> 
     </span>
     <span class='ocr_line' id='line_1_69' title="bbox 2667 3301 4133 3327; baseline 0.001 0"><span class='ocrx_word' id='word_1_445' title='bbox 2667 3321 2674 3327; x_wconf 90' lang='grc'><em>.</em></span> <span class='ocrx_word' id='word_1_446' title='bbox 2901 3315 2912 3324; x_wconf 75' lang='grc' dir='ltr'><strong>ο</strong></span> <span class='ocrx_word' id='word_1_447' title='bbox 2958 3316 2966 3327; x_wconf 72' lang='grc' dir='ltr'><em>ι</em></span> <span class='ocrx_word' id='word_1_448' title='bbox 3244 3318 3261 3326; x_wconf 55' lang='grc' dir='ltr'>υ</span> <span class='ocrx_word' id='word_1_449' title='bbox 3367 3311 3377 3320; x_wconf 71' lang='grc' dir='ltr'><strong>ν</strong></span> <span class='ocrx_word' id='word_1_450' title='bbox 3430 3314 3439 3326; x_wconf 83' lang='grc'><strong>,</strong></span> <span class='ocrx_word' id='word_1_451' title='bbox 3644 3311 3686 3327; x_wconf 27' lang='grc' dir='ltr'><em>ιῗ</em></span> <span class='ocrx_word' id='word_1_452' title='bbox 3837 3301 4133 3327; x_wconf 60' lang='lat' dir='ltr'><strong>_o_-_‘_\--‘.-.</strong></span> 
     </span>
    </p>
   </div>
   <div class='ocr_carea' id='block_1_69' title="bbox 781 3317 2440 3382">
    <p class='ocr_par' dir='ltr' id='par_1_69' title="bbox 781 3317 2440 3382">
     <span class='ocr_line' id='line_1_70' title="bbox 781 3317 2440 3382; baseline -0.005 -1"><span class='ocrx_word' id='word_1_453' title='bbox 781 3325 1156 3382; x_wconf 87' lang='lat' dir='ltr'><strong>celerrimam</strong></span> <span class='ocrx_word' id='word_1_454' title='bbox 1171 3321 1389 3376; x_wconf 89' lang='lat' dir='ltr'><strong>horum</strong></span> <span class='ocrx_word' id='word_1_455' title='bbox 1404 3318 1618 3375; x_wconf 81' lang='lat' dir='ltr'><strong>ﬁnium</strong></span> <span class='ocrx_word' id='word_1_456' title='bbox 1643 3319 2034 3375; x_wconf 89' lang='lat' dir='ltr'><strong>mutationem</strong></span> <span class='ocrx_word' id='word_1_457' title='bbox 2071 3317 2440 3375; x_wconf 87' lang='lat' dir='ltr'><strong>subobscure</strong></span> 
     </span>
    </p>
   </div>
   <div class='ocr_carea' id='block_1_70' title="bbox 779 3408 2443 3480">
    <p class='ocr_par' dir='ltr' id='par_1_70' title="bbox 779 3408 2443 3480">
     <span class='ocr_line' id='line_1_71' title="bbox 779 3408 2443 3480; baseline -0.006 -8"><span class='ocrx_word' id='word_1_458' title='bbox 779 3412 1152 3472; x_wconf 86' lang='lat' dir='ltr'><strong>indicabant.</strong></span> <span class='ocrx_word' id='word_1_459' title='bbox 1229 3413 1407 3466; x_wconf 87' lang='lat' dir='ltr'><strong>Porro</strong></span> <span class='ocrx_word' id='word_1_460' title='bbox 1505 3409 1674 3480; x_wconf 85' lang='lat' dir='ltr'><strong>juxta</strong></span> <span class='ocrx_word' id='word_1_461' title='bbox 1735 3425 1803 3464; x_wconf 85' lang='lat' dir='ltr'><strong>ac</strong></span> <span class='ocrx_word' id='word_1_462' title='bbox 1847 3408 2067 3464; x_wconf 89' lang='lat' dir='ltr'><strong>Danieli</strong></span> <span class='ocrx_word' id='word_1_463' title='bbox 2135 3414 2443 3464; x_wconf 90' lang='lat' dir='ltr'><strong>ostensum</strong></span> 
     </span>
    </p>
   </div>
   <div class='ocr_carea' id='block_1_71' title="bbox 783 3497 2442 3575">
    <p class='ocr_par' dir='ltr' id='par_1_71' title="bbox 783 3497 2442 3575">
     <span class='ocr_line' id='line_1_72' title="bbox 783 3497 2442 3575; baseline -0.004 -14"><span class='ocrx_word' id='word_1_464' title='bbox 783 3506 895 3562; x_wconf 83' lang='lat' dir='ltr'><strong>fuit</strong></span> <span class='ocrx_word' id='word_1_465' title='bbox 942 3505 1074 3575; x_wconf 82' lang='grc'>(91),</span> <span class='ocrx_word' id='word_1_466' title='bbox 1124 3515 1378 3572; x_wconf 88' lang='lat' dir='ltr'><strong>regnum</strong></span> <span class='ocrx_word' id='word_1_467' title='bbox 1425 3499 1636 3556; x_wconf 79' lang='lat' dir='ltr'><strong>Christi</strong></span> <span class='ocrx_word' id='word_1_468' title='bbox 1691 3497 1925 3557; x_wconf 89' lang='lat' dir='ltr'><strong>nullum</strong></span> <span class='ocrx_word' id='word_1_469' title='bbox 1971 3499 2154 3554; x_wconf 83' lang='lat' dir='ltr'><strong>ﬁnem</strong></span> <span class='ocrx_word' id='word_1_470' title='bbox 2203 3497 2442 3554; x_wconf 80' lang='lat' dir='ltr'><strong>habitu-</strong></span> 
     </span>
    </p>
   </div>
   <div class='ocr_carea' id='block_1_72' title="bbox 783 3597 1055 3652">
    <p class='ocr_par' dir='ltr' id='par_1_72' title="bbox 783 3597 1055 3652">
     <span class='ocr_line' id='line_1_73' title="bbox 783 3597 1055 3652; baseline -0.015 0"><span class='ocrx_word' id='word_1_471' title='bbox 783 3611 919 3652; x_wconf 90' lang='lat' dir='ltr'><strong>rum</strong></span> <span class='ocrx_word' id='word_1_472' title='bbox 948 3597 1055 3650; x_wconf 91' lang='lat' dir='ltr'><strong>est.</strong></span> 
     </span>
    </p>
   </div>
   <div class='ocr_carea' id='block_1_73' title="bbox 863 3688 2447 3762">
    <p class='ocr_par' dir='ltr' id='par_1_73' title="bbox 863 3688 2447 3762">
     <span class='ocr_line' id='line_1_74' title="bbox 863 3688 2447 3762; baseline -0.005 -12"><span class='ocrx_word' id='word_1_473' title='bbox 863 3695 1049 3750; x_wconf 75' lang='lat' dir='ltr'>XVIII.</span> <span class='ocrx_word' id='word_1_474' title='bbox 1085 3691 1254 3758; x_wconf 87' lang='lat' dir='ltr'><strong>Quod</strong></span> <span class='ocrx_word' id='word_1_475' title='bbox 1280 3691 1326 3745; x_wconf 90' lang='lat' dir='ltr'><strong>si</strong></span> <span class='ocrx_word' id='word_1_476' title='bbox 1353 3689 1738 3746; x_wconf 89' lang='lat' dir='ltr'><strong>Salomonem</strong></span> <span class='ocrx_word' id='word_1_477' title='bbox 1767 3688 2179 3762; x_wconf 81' lang='lat' dir='ltr'><strong>praeexstitisse</strong></span> <span class='ocrx_word' id='word_1_478' title='bbox 2251 3702 2447 3759; x_wconf 89' lang='lat' dir='ltr'><strong>neque</strong></span> 
     </span>
    </p>
   </div>
   <div class='ocr_carea' id='block_1_74' title="bbox 788 3777 2448 3858">
    <p class='ocr_par' dir='ltr' id='par_1_74' title="bbox 788 3777 2448 3858">
     <span class='ocr_line' id='line_1_75' title="bbox 788 3777 2448 3858; baseline -0.006 -16"><span class='ocrx_word' id='word_1_479' title='bbox 788 3791 850 3842; x_wconf 89' lang='lat' dir='ltr'><strong>tu</strong></span> <span class='ocrx_word' id='word_1_480' title='bbox 871 3787 998 3858; x_wconf 89' lang='lat' dir='ltr'><strong>ipse</strong></span> <span class='ocrx_word' id='word_1_481' title='bbox 1020 3781 1308 3847; x_wconf 87' lang='lat' dir='ltr'><strong>admittis,</strong></span> <span class='ocrx_word' id='word_1_482' title='bbox 1355 3796 1552 3852; x_wconf 91' lang='lat' dir='ltr'><strong>neque</strong></span> <span class='ocrx_word' id='word_1_483' title='bbox 1592 3779 1831 3844; x_wconf 87' lang='lat' dir='ltr'><strong>asseris,</strong></span> <span class='ocrx_word' id='word_1_484' title='bbox 1883 3795 2023 3835; x_wconf 90' lang='lat' dir='ltr'><strong>eum</strong></span> <span class='ocrx_word' id='word_1_485' title='bbox 2074 3794 2105 3832; x_wconf 92' lang='lat' dir='ltr'><strong>e</strong></span> <span class='ocrx_word' id='word_1_486' title='bbox 2143 3777 2294 3833; x_wconf 76' lang='lat' dir='ltr'><strong>ccelo</strong></span> <span class='ocrx_word' id='word_1_487' title='bbox 2350 3777 2448 3832; x_wconf 88' lang='lat' dir='ltr'><strong>de-</strong></span> 
     </span>
    </p>
   </div>
   <div class='ocr_carea' id='block_1_75' title="bbox 787 3867 2450 3941">
    <p class='ocr_par' dir='ltr' id='par_1_75' title="bbox 787 3867 2450 3941">
     <span class='ocr_line' id='line_1_76' title="bbox 787 3867 2450 3941; baseline -0.006 -9"><span class='ocrx_word' id='word_1_488' title='bbox 787 3874 1112 3939; x_wconf 89' lang='lat' dir='ltr'><strong>scendisse,</strong></span> <span class='ocrx_word' id='word_1_489' title='bbox 1145 3877 1199 3928; x_wconf 89' lang='lat' dir='ltr'><strong>et</strong></span> <span class='ocrx_word' id='word_1_490' title='bbox 1228 3876 1428 3927; x_wconf 86' lang='lat' dir='ltr'><strong>tamen</strong></span> <span class='ocrx_word' id='word_1_491' title='bbox 1457 3884 1735 3941; x_wconf 89' lang='lat' dir='ltr'><strong>perverse</strong></span> <span class='ocrx_word' id='word_1_492' title='bbox 1762 3868 1920 3924; x_wconf 91' lang='lat' dir='ltr'><strong>dicta</strong></span> <span class='ocrx_word' id='word_1_493' title='bbox 1953 3867 2211 3935; x_wconf 87' lang='lat' dir='ltr'><strong>(Psaltis)</strong></span> <span class='ocrx_word' id='word_1_494' title='bbox 2277 3867 2450 3922; x_wconf 89' lang='lat' dir='ltr'><strong>inter-</strong></span> 
     </span>
    </p>
   </div>
   <div class='ocr_carea' id='block_1_76' title="bbox 789 3956 2448 4040">
    <p class='ocr_par' dir='ltr' id='par_1_76' title="bbox 789 3956 2448 4040">
     <span class='ocr_line' id='line_1_77' title="bbox 789 3956 2448 4040; baseline -0.005 -18"><span class='ocrx_word' id='word_1_495' title='bbox 789 3965 1065 4040; x_wconf 89' lang='lat' dir='ltr'><strong>pretaris,</strong></span> <span class='ocrx_word' id='word_1_496' title='bbox 1099 3968 1278 4034; x_wconf 89' lang='lat' dir='ltr'><strong>atque</strong></span> <span class='ocrx_word' id='word_1_497' title='bbox 1299 3977 1370 4016; x_wconf 90' lang='lat' dir='ltr'><strong>ea</strong></span> <span class='ocrx_word' id='word_1_498' title='bbox 1399 3976 1532 4032; x_wconf 78' lang='lat' dir='ltr'><strong>quae</strong></span> <span class='ocrx_word' id='word_1_499' title='bbox 1568 3959 1798 4031; x_wconf 90' lang='lat' dir='ltr'><strong>prolata</strong></span> <span class='ocrx_word' id='word_1_500' title='bbox 1816 3963 1954 4014; x_wconf 91' lang='lat' dir='ltr'><strong>sunt</strong></span> <span class='ocrx_word' id='word_1_501' title='bbox 1991 3956 2065 4014; x_wconf 90' lang='lat' dir='ltr'><strong>de</strong></span> <span class='ocrx_word' id='word_1_502' title='bbox 2081 3957 2448 4021; x_wconf 81' lang='lat' dir='ltr'><strong>exsistentia,</strong></span> 
     </span>
    </p>
   </div>
   <div class='ocr_carea' id='block_1_77' title="bbox 789 4048 2454 4128">
    <p class='ocr_par' dir='ltr' id='par_1_77' title="bbox 789 4048 2454 4128">
     <span class='ocr_line' id='line_1_78' title="bbox 789 4048 2454 4128; baseline -0.005 -16"><span class='ocrx_word' id='word_1_503' title='bbox 789 4055 1010 4128; x_wconf 89' lang='lat' dir='ltr'><strong>accipis</strong></span> <span class='ocrx_word' id='word_1_504' title='bbox 1039 4054 1114 4109; x_wconf 93' lang='lat' dir='ltr'><strong>de</strong></span> <span class='ocrx_word' id='word_1_505' title='bbox 1137 4052 1533 4126; x_wconf 65' lang='lat' dir='ltr'><strong>praescientia,</strong></span> <span class='ocrx_word' id='word_1_506' title='bbox 1576 4055 1730 4106; x_wconf 86' lang='lat' dir='ltr'><strong>adeo</strong></span> <span class='ocrx_word' id='word_1_507' title='bbox 1762 4055 1825 4105; x_wconf 88' lang='lat' dir='ltr'><strong>ut</strong></span> <span class='ocrx_word' id='word_1_508' title='bbox 1845 4049 2178 4105; x_wconf 89' lang='lat' dir='ltr'><strong>contendas</strong></span> <span class='ocrx_word' id='word_1_509' title='bbox 2199 4048 2454 4105; x_wconf 81' lang='lat' dir='ltr'><strong>Salomo-</strong></span> 
     </span>
    </p>
   </div>
   <div class='ocr_carea' id='block_1_78' title="bbox 790 4138 2453 4213">
    <p class='ocr_par' dir='ltr' id='par_1_78' title="bbox 790 4138 2453 4213">
     <span class='ocr_line' id='line_1_79' title="bbox 790 4138 2453 4213; baseline -0.007 -9"><span class='ocrx_word' id='word_1_510' title='bbox 790 4163 927 4204; x_wconf 90' lang='lat' dir='ltr'><strong>nem</strong></span> <span class='ocrx_word' id='word_1_511' title='bbox 952 4146 1014 4201; x_wconf 92' lang='lat' dir='ltr'><strong>in</strong></span> <span class='ocrx_word' id='word_1_512' title='bbox 1061 4139 1656 4213; x_wconf 88' lang='lat' dir='ltr'><strong>incomprehensibili</strong></span> <span class='ocrx_word' id='word_1_513' title='bbox 1701 4155 1772 4195; x_wconf 92' lang='lat' dir='ltr'><strong>ac</strong></span> <span class='ocrx_word' id='word_1_514' title='bbox 1851 4140 2059 4195; x_wconf 87' lang='lat' dir='ltr'><strong>divina</strong></span> <span class='ocrx_word' id='word_1_515' title='bbox 2116 4138 2453 4208; x_wconf 84' lang='lat' dir='ltr'><strong>cognitione</strong></span> 
     </span>
    </p>
   </div>
   <div class='ocr_carea' id='block_1_79' title="bbox 791 4229 2455 4301">
    <p class='ocr_par' dir='ltr' id='par_1_79' title="bbox 791 4229 2455 4301">
     <span class='ocr_line' id='line_1_80' title="bbox 791 4229 2455 4301; baseline -0.007 -9"><span class='ocrx_word' id='word_1_516' title='bbox 791 4235 1104 4295; x_wconf 78' lang='lat' dir='ltr'><strong>exstitisse,</strong></span> <span class='ocrx_word' id='word_1_517' title='bbox 1133 4236 1190 4287; x_wconf 89' lang='lat' dir='ltr'><strong>et</strong></span> <span class='ocrx_word' id='word_1_518' title='bbox 1220 4231 1299 4286; x_wconf 91' lang='lat' dir='ltr'><strong>ab</strong></span> <span class='ocrx_word' id='word_1_519' title='bbox 1325 4246 1395 4285; x_wconf 91' lang='lat' dir='ltr'><strong>eo</strong></span> <span class='ocrx_word' id='word_1_520' title='bbox 1442 4229 1549 4301; x_wconf 88' lang='lat' dir='ltr'><strong>qui</strong></span> <span class='ocrx_word' id='word_1_521' title='bbox 1636 4235 1852 4284; x_wconf 89' lang='lat' dir='ltr'><strong>cuncta</strong></span> <span class='ocrx_word' id='word_1_522' title='bbox 1911 4229 2078 4284; x_wconf 88' lang='lat' dir='ltr'><strong>novit</strong></span> <span class='ocrx_word' id='word_1_523' title='bbox 2135 4234 2455 4300; x_wconf 87' lang='lat' dir='ltr'><strong>antequam</strong></span> 
     </span>
    </p>
   </div>
   <div class='ocr_carea' id='block_1_80' title="bbox 790 4317 2457 4394">
    <p class='ocr_par' dir='ltr' id='par_1_80' title="bbox 790 4317 2457 4394">
     <span class='ocr_line' id='line_1_81' title="bbox 790 4317 2457 4394; baseline -0.006 -12"><span class='ocrx_word' id='word_1_524' title='bbox 790 4327 940 4383; x_wconf 83' lang='lat' dir='ltr'><strong>fiant</strong></span> <span class='ocrx_word' id='word_1_525' title='bbox 967 4325 1102 4394; x_wconf 69' lang='lat'><strong>(92},</strong></span> <span class='ocrx_word' id='word_1_526' title='bbox 1135 4327 1194 4377; x_wconf 90' lang='lat' dir='ltr'><strong>et</strong></span> <span class='ocrx_word' id='word_1_527' title='bbox 1223 4320 1532 4390; x_wconf 89' lang='lat' dir='ltr'><strong>cognitum</strong></span> <span class='ocrx_word' id='word_1_528' title='bbox 1566 4323 1624 4374; x_wconf 90' lang='lat' dir='ltr'><strong>et</strong></span> <span class='ocrx_word' id='word_1_529' title='bbox 1644 4317 2136 4390; x_wconf 82' lang='lat' dir='ltr'><strong>praedestinatum</strong></span> <span class='ocrx_word' id='word_1_530' title='bbox 2161 4318 2221 4373; x_wconf 92' lang='lat' dir='ltr'><strong>in</strong></span> <span class='ocrx_word' id='word_1_531' title='bbox 2251 4331 2457 4387; x_wconf 83' lang='lat' dir='ltr'><strong>regem</strong></span> 
     </span>
    </p>
   </div>
   <div class='ocr_carea' id='block_1_81' title="bbox 790 4407 2458 4485">
    <p class='ocr_par' dir='ltr' id='par_1_81' title="bbox 790 4407 2458 4485">
     <span class='ocr_line' id='line_1_82' title="bbox 790 4407 2458 4485; baseline -0.007 -13"><span class='ocrx_word' id='word_1_532' title='bbox 790 4416 993 4485; x_wconf 73' lang='lat' dir='ltr'><strong>fuisse;</strong></span> <span class='ocrx_word' id='word_1_533' title='bbox 1026 4415 1241 4468; x_wconf 89' lang='lat' dir='ltr'><strong>iterum</strong></span> <span class='ocrx_word' id='word_1_534' title='bbox 1264 4411 1393 4482; x_wconf 89' lang='lat' dir='ltr'><strong>ipse</strong></span> <span class='ocrx_word' id='word_1_535' title='bbox 1431 4409 1721 4464; x_wconf 86' lang='lat' dir='ltr'><strong>sciscitor:</strong></span> <span class='ocrx_word' id='word_1_536' title='bbox 1783 4407 2103 4474; x_wconf 85' lang='lat' dir='ltr'><strong>Quomodo</strong></span> <span class='ocrx_word' id='word_1_537' title='bbox 2151 4409 2342 4480; x_wconf 89' lang='lat' dir='ltr'><strong>potuit</strong></span> <span class='ocrx_word' id='word_1_538' title='bbox 2397 4407 2458 4462; x_wconf 84' lang='lat' dir='ltr'><strong>id</strong></span> 
     </span>
    </p>
   </div>
   <div class='ocr_carea' id='block_1_82' title="bbox 789 4497 2453 4573">
    <p class='ocr_par' dir='ltr' id='par_1_82' title="bbox 789 4497 2453 4573">
     <span class='ocr_line' id='line_1_83' title="bbox 789 4497 2453 4573; baseline -0.008 -9"><span class='ocrx_word' id='word_1_539' title='bbox 789 4503 1176 4571; x_wconf 84' lang='lat' dir='ltr'><strong>descendere,</strong></span> <span class='ocrx_word' id='word_1_540' title='bbox 1204 4499 1370 4573; x_wconf 89' lang='lat' dir='ltr'><strong>quod</strong></span> <span class='ocrx_word' id='word_1_541' title='bbox 1397 4515 1519 4555; x_wconf 91' lang='lat' dir='ltr'><strong>non</strong></span> <span class='ocrx_word' id='word_1_542' title='bbox 1548 4497 1918 4554; x_wconf 81' lang='lat' dir='ltr'><strong>exsistebat?</strong></span> <span class='ocrx_word' id='word_1_543' title='bbox 1949 4499 2238 4553; x_wconf 66' lang='lat' dir='ltr'><strong>Caeterum</strong></span> <span class='ocrx_word' id='word_1_544' title='bbox 2298 4498 2453 4553; x_wconf 88' lang='lat' dir='ltr'><strong>scias</strong></span> 
     </span>
    </p>
   </div>
   <div class='ocr_carea' id='block_1_83' title="bbox 788 4587 2454 4661">
    <p class='ocr_par' dir='ltr' id='par_1_83' title="bbox 788 4587 2454 4661">
     <span class='ocr_line' id='line_1_84' title="bbox 788 4587 2454 4661; baseline -0.008 -6"><span class='ocrx_word' id='word_1_545' title='bbox 788 4592 1335 4661; x_wconf 80' lang='lat' dir='ltr'><strong>velim,tedemum</strong></span> <span class='ocrx_word' id='word_1_546' title='bbox 1365 4605 1438 4645; x_wconf 90' lang='lat' dir='ltr'><strong>ea</strong></span> <span class='ocrx_word' id='word_1_547' title='bbox 1480 4587 1555 4644; x_wconf 91' lang='lat' dir='ltr'><strong>de</strong></span> <span class='ocrx_word' id='word_1_548' title='bbox 1615 4587 1937 4644; x_wconf 85' lang='lat' dir='ltr'><strong>Salomone</strong></span> <span class='ocrx_word' id='word_1_549' title='bbox 2006 4587 2261 4654; x_wconf 90' lang='lat' dir='ltr'><strong>tradere,</strong></span> <span class='ocrx_word' id='word_1_550' title='bbox 2319 4603 2454 4658; x_wconf 64' lang='lat' dir='ltr'><strong>quae</strong></span> 
     </span>
    </p>
   </div>
   <div class='ocr_carea' id='block_1_84' title="bbox 791 4765 2457 4842">
    <p class='ocr_par' dir='ltr' id='par_1_84' title="bbox 791 4765 2457 4842">
     <span class='ocr_line' id='line_1_85' title="bbox 791 4765 2457 4842; baseline -0.008 -8"><span class='ocrx_word' id='word_1_551' title='bbox 791 4777 958 4835; x_wconf 90' lang='lat' dir='ltr'><strong>niam</strong></span> <span class='ocrx_word' id='word_1_552' title='bbox 981 4773 1073 4831; x_wconf 84' lang='lat' dir='ltr'><strong>vel</strong></span> <span class='ocrx_word' id='word_1_553' title='bbox 1101 4786 1255 4829; x_wconf 88' lang='lat' dir='ltr'><strong>rana</strong></span> <span class='ocrx_word' id='word_1_554' title='bbox 1284 4768 1588 4842; x_wconf 67' lang='lat' dir='ltr'><strong>quaepiam</strong></span> <span class='ocrx_word' id='word_1_555' title='bbox 1624 4772 1806 4841; x_wconf 91' lang='lat' dir='ltr'><strong>atque</strong></span> <span class='ocrx_word' id='word_1_556' title='bbox 1838 4767 1949 4824; x_wconf 88' lang='lat' dir='ltr'><strong>iste</strong></span> <span class='ocrx_word' id='word_1_557' title='bbox 1979 4766 2158 4822; x_wconf 88' lang='lat' dir='ltr'><strong>etiam</strong></span> <span class='ocrx_word' id='word_1_558' title='bbox 2183 4765 2457 4822; x_wconf 82' lang='lat' dir='ltr'><strong>culexin-</strong></span> 
     </span>
    </p>
   </div>
   <div class='ocr_carea' id='block_1_85' title="bbox 787 4857 2456 4938">
    <p class='ocr_par' dir='ltr' id='par_1_85' title="bbox 787 4857 2456 4938">
     <span class='ocr_line' id='line_1_86' title="bbox 787 4857 2456 4938; baseline -0.008 -12"><span class='ocrx_word' id='word_1_559' title='bbox 787 4867 1021 4926; x_wconf 85' lang='lat' dir='ltr'><strong>ﬁnitam</strong></span> <span class='ocrx_word' id='word_1_560' title='bbox 1047 4868 1228 4938; x_wconf 87' lang='lat' dir='ltr'><strong>atque</strong></span> <span class='ocrx_word' id='word_1_561' title='bbox 1255 4860 1334 4918; x_wconf 90' lang='lat' dir='ltr'><strong>ad</strong></span> <span class='ocrx_word' id='word_1_562' title='bbox 1357 4859 1634 4916; x_wconf 85' lang='lat' dir='ltr'><strong>universa</strong></span> <span class='ocrx_word' id='word_1_563' title='bbox 1663 4874 1725 4914; x_wconf 90' lang='lat' dir='ltr'><strong>se</strong></span> <span class='ocrx_word' id='word_1_564' title='bbox 1773 4860 2178 4931; x_wconf 90' lang='lat' dir='ltr'><strong>porrigentem</strong></span> <span class='ocrx_word' id='word_1_565' title='bbox 2239 4857 2456 4913; x_wconf 71' lang='lat' dir='ltr'><strong>divinae</strong></span> 
     </span>
    </p>
   </div>
   <div class='ocr_carea' id='block_1_86' title="bbox 789 4948 2459 5020">
    <p class='ocr_par' dir='ltr' id='par_1_86' title="bbox 789 4948 2459 5020">
     <span class='ocr_line' id='line_1_87' title="bbox 789 4948 2459 5020; baseline -0.009 -4"><span class='ocrx_word' id='word_1_566' title='bbox 789 4961 1021 5016; x_wconf 64' lang='lat' dir='ltr'><strong>natura;</strong></span> <span class='ocrx_word' id='word_1_567' title='bbox 1053 4953 1368 5012; x_wconf 87' lang='lat' dir='ltr'><strong>scientiam</strong></span> <span class='ocrx_word' id='word_1_568' title='bbox 1396 4965 1519 5007; x_wconf 93' lang='lat' dir='ltr'><strong>non</strong></span> <span class='ocrx_word' id='word_1_569' title='bbox 1546 4948 1775 5020; x_wconf 76' lang='lat' dir='ltr'><strong>effugit.</strong></span> <span class='ocrx_word' id='word_1_570' title='bbox 1809 4952 1962 5006; x_wconf 85' lang='lat' dir='ltr'><strong>Nam</strong></span> <span class='ocrx_word' id='word_1_571' title='bbox 1987 4952 2204 5004; x_wconf 88' lang='lat' dir='ltr'><strong>cuncta</strong></span> <span class='ocrx_word' id='word_1_572' title='bbox 2234 4961 2459 5017; x_wconf 89' lang='lat' dir='ltr'><strong>cogno-</strong></span> 
     </span>
    </p>
   </div>
   <div class='ocr_carea' id='block_1_87' title="bbox 791 5101 2457 5176">
    <p class='ocr_par' dir='ltr' id='par_1_87' title="bbox 791 5101 2457 5176">
     <span class='ocr_line' id='line_1_88' title="bbox 791 5101 2457 5176; baseline -0.009 -5"><span class='ocrx_word' id='word_1_573' title='bbox 791 5129 961 5172; x_wconf 89' lang='lat' dir='ltr'><strong>mum</strong></span> <span class='ocrx_word' id='word_1_574' title='bbox 990 5126 1136 5167; x_wconf 91' lang='lat' dir='ltr'><strong>esse.</strong></span> <span class='ocrx_word' id='word_1_575' title='bbox 1174 5111 1304 5174; x_wconf 76' lang='lat' dir='ltr'><strong>Haec</strong></span> <span class='ocrx_word' id='word_1_576' title='bbox 1333 5109 1532 5162; x_wconf 90' lang='lat' dir='ltr'><strong>autem</strong></span> <span class='ocrx_word' id='word_1_577' title='bbox 1553 5103 1876 5176; x_wconf 85' lang='lat' dir='ltr'><strong>appellatio</strong></span> <span class='ocrx_word' id='word_1_578' title='bbox 1896 5102 1940 5156; x_wconf 92' lang='lat' dir='ltr'><strong>si</strong></span> <span class='ocrx_word' id='word_1_579' title='bbox 1963 5102 2128 5176; x_wconf 76' lang='lat' dir='ltr'><strong>regni</strong></span> <span class='ocrx_word' id='word_1_580' title='bbox 2153 5101 2457 5176; x_wconf 86' lang='lat' dir='ltr'><strong>Salomoni</strong></span> 
     </span>
    </p>
   </div>
   <div class='ocr_carea' id='block_1_88' title="bbox 793 5174 2458 5247">
    <p class='ocr_par' dir='ltr' id='par_1_88' title="bbox 793 5174 2458 5247">
     <span class='ocr_line' id='line_1_89' title="bbox 793 5174 2458 5247; baseline -0.008 -5"><span class='ocrx_word' id='word_1_581' title='bbox 793 5184 1090 5242; x_wconf 84' lang='lat' dir='ltr'><strong>convenit.</strong></span> <span class='ocrx_word' id='word_1_582' title='bbox 1128 5198 1163 5237; x_wconf 91' lang='lat' dir='ltr'><strong>a</strong></span> <span class='ocrx_word' id='word_1_583' title='bbox 1188 5179 1410 5235; x_wconf 83' lang='lat' dir='ltr'><strong>fortiori</strong></span> <span class='ocrx_word' id='word_1_584' title='bbox 1435 5174 1717 5247; x_wconf 82' lang='lat' dir='ltr'><strong>competit</strong></span> <span class='ocrx_word' id='word_1_585' title='bbox 1746 5176 1998 5247; x_wconf 79' lang='lat' dir='ltr'><strong>Christo,</strong></span> <span class='ocrx_word' id='word_1_586' title='bbox 2023 5174 2095 5227; x_wconf 90' lang='lat' dir='ltr'><strong>de</strong></span> <span class='ocrx_word' id='word_1_587' title='bbox 2118 5190 2239 5244; x_wconf 80' lang='lat' dir='ltr'><strong>quo</strong></span> <span class='ocrx_word' id='word_1_588' title='bbox 2271 5174 2458 5247; x_wconf 73' lang='lat' dir='ltr'><strong>Isaias</strong></span> 
     </span>
    </p>
   </div>
   <div class='ocr_carea' id='block_1_89' title="bbox 793 5246 2458 5326">
    <p class='ocr_par' dir='ltr' id='par_1_89' title="bbox 793 5246 2458 5326">
     <span class='ocr_line' id='line_1_90' title="bbox 793 5246 2458 5326; baseline -0.008 -12"><span class='ocrx_word' id='word_1_589' title='bbox 793 5270 892 5326; x_wconf 81' lang='lat' dir='ltr'><strong>(IX.</strong></span> <span class='ocrx_word' id='word_1_590' title='bbox 917 5261 968 5324; x_wconf 86' lang='lat'><strong>6)</strong></span> <span class='ocrx_word' id='word_1_591' title='bbox 997 5273 1008 5310; x_wconf 93' lang='lat'><strong>:</strong></span> <span class='ocrx_word' id='word_1_592' title='bbox 1044 5253 1364 5310; x_wconf 81' lang='lat' dir='ltr'><strong>Vocabitur</strong></span> <span class='ocrx_word' id='word_1_593' title='bbox 1389 5246 1598 5326; x_wconf 73' lang='lat' dir='ltr'><strong>nomen</strong></span> <span class='ocrx_word' id='word_1_594' title='bbox 1628 5250 1756 5326; x_wconf 71' lang='lat' dir='ltr'><strong>ejus</strong></span> <span class='ocrx_word' id='word_1_595' title='bbox 1903 5246 2083 5302; x_wconf 84' lang='lat' dir='ltr'><strong>Pater</strong></span> <span class='ocrx_word' id='word_1_596' title='bbox 2103 5246 2307 5326; x_wconf 60' lang='lat' dir='ltr'><strong>futuri</strong></span> <span class='ocrx_word' id='word_1_597' title='bbox 2351 5260 2458 5301; x_wconf 74' lang='lat' dir='ltr'><strong>sre-</strong></span> 
     </span>
    </p>
   </div>
   <div class='ocr_carea' id='block_1_90' title="bbox 793 5316 2459 5395">
    <p class='ocr_par' dir='ltr' id='par_1_90' title="bbox 793 5316 2459 5395">
     <span class='ocr_line' id='line_1_91' title="bbox 793 5316 2459 5395; baseline -0.01 -8"><span class='ocrx_word' id='word_1_598' title='bbox 793 5316 935 5395; x_wconf 79' lang='lat' dir='ltr'><strong>culi,</strong></span> <span class='ocrx_word' id='word_1_599' title='bbox 956 5316 1252 5394; x_wconf 46' lang='lat' dir='ltr'><strong>&#39;Princeps</strong></span> <span class='ocrx_word' id='word_1_600' title='bbox 1271 5325 1461 5392; x_wconf 85' lang='lat' dir='ltr'><strong>pacis.</strong></span> <span class='ocrx_word' id='word_1_601' title='bbox 1493 5321 1650 5395; x_wconf 67' lang='lat' dir='ltr'><strong>Iliae</strong></span> <span class='ocrx_word' id='word_1_602' title='bbox 1667 5319 1778 5395; x_wconf 63' lang='lat' dir='ltr'><strong>illa}</strong></span> <span class='ocrx_word' id='word_1_603' title='bbox 1827 5316 2459 5395; x_wconf 25' lang='lat' dir='ltr'><strong>\jocesuquibusuna-</strong></span> 
     </span>
    </p>
   </div>
   <div class='ocr_carea' id='block_1_91' title="bbox 795 5389 2458 5459">
    <p class='ocr_par' dir='ltr' id='par_1_91' title="bbox 795 5389 2458 5459">
     <span class='ocr_line' id='line_1_92' title="bbox 795 5389 2458 5459; baseline -0.01 0"><span class='ocrx_word' id='word_1_604' title='bbox 795 5389 1060 5459; x_wconf 83' lang='lat' dir='ltr'><strong>scentem</strong></span> <span class='ocrx_word' id='word_1_605' title='bbox 1083 5389 1401 5453; x_wconf 83' lang='lat' dir='ltr'><strong>Dominum</strong></span> <span class='ocrx_word' id='word_1_606' title='bbox 1416 5391 1718 5448; x_wconf 85' lang='lat' dir='ltr'><strong>collaudat</strong></span> <span class='ocrx_word' id='word_1_607' title='bbox 1735 5389 2011 5444; x_wconf 83' lang='lat' dir='ltr'><strong>Ecclesia:</strong></span> <span class='ocrx_word' id='word_1_608' title='bbox 2032 5390 2152 5445; x_wconf 75' lang='lat' dir='ltr'><strong>Rex</strong></span> <span class='ocrx_word' id='word_1_609' title='bbox 2172 5389 2458 5455; x_wconf 77' lang='lat' dir='ltr'><strong>pacificus</strong></span> 
     </span>
    </p>
   </div>
   <div class='ocr_carea' id='block_1_92' title="bbox 793 5461 2459 5545">
    <p class='ocr_par' dir='ltr' id='par_1_92' title="bbox 793 5461 2459 5545">
     <span class='ocr_line' id='line_1_93' title="bbox 793 5461 2459 5545; baseline -0.008 -14"><span class='ocrx_word' id='word_1_610' title='bbox 793 5474 1212 5545; x_wconf 78' lang='lat' dir='ltr'><strong>magniﬁcatus</strong></span> <span class='ocrx_word' id='word_1_611' title='bbox 1234 5474 1340 5533; x_wconf 85' lang='lat' dir='ltr'><strong>est,</strong></span> <span class='ocrx_word' id='word_1_612' title='bbox 1374 5468 1548 5535; x_wconf 81' lang='lat' dir='ltr'><strong>cujus</strong></span> <span class='ocrx_word' id='word_1_613' title='bbox 1578 5464 1812 5519; x_wconf 85' lang='lat' dir='ltr'><strong>vultum</strong></span> <span class='ocrx_word' id='word_1_614' title='bbox 1845 5461 2143 5518; x_wconf 81' lang='lat' dir='ltr'><strong>desiderat</strong></span> <span class='ocrx_word' id='word_1_615' title='bbox 2174 5463 2459 5517; x_wconf 82' lang='lat' dir='ltr'><strong>universa</strong></span> 
     </span>
    </p>
   </div>
   <div class='ocr_carea' id='block_1_93' title="bbox 797 5554 983 5604">
    <p class='ocr_par' dir='ltr' id='par_1_93' title="bbox 797 5554 983 5604">
     <span class='ocr_line' id='line_1_94' title="bbox 797 5554 983 5604; baseline -0.022 0"><span class='ocrx_word' id='word_1_616' title='bbox 797 5554 983 5604; x_wconf 81' lang='lat' dir='ltr'><strong>terra.</strong></span> 
     </span>
    </p>
   </div>
   <div class='ocr_carea' id='block_1_94' title="bbox 866 5613 1443 5683">
    <p class='ocr_par' dir='ltr' id='par_1_94' title="bbox 866 5613 1443 5683">
     <span class='ocr_line' id='line_1_95' title="bbox 866 5613 1443 5683; baseline -0.014 -11"><span class='ocrx_word' id='word_1_617' title='bbox 866 5620 976 5683; x_wconf 85' lang='lat'><strong>(86)</strong></span> <span class='ocrx_word' id='word_1_618' title='bbox 999 5613 1150 5670; x_wconf 82' lang='lat' dir='ltr'><strong>Psal.</strong></span> <span class='ocrx_word' id='word_1_619' title='bbox 1179 5626 1355 5676; x_wconf 78' lang='lat' dir='ltr'><strong>Lxxu,</strong></span> <span class='ocrx_word' id='word_1_620' title='bbox 1388 5614 1443 5664; x_wconf 87' lang='lat'><strong>6.</strong></span> 
     </span>
    </p>
   </div>
   <div class='ocr_carea' id='block_1_95' title="bbox 865 5683 1452 5754">
    <p class='ocr_par' dir='ltr' id='par_1_95' title="bbox 865 5683 1452 5754">
     <span class='ocr_line' id='line_1_96' title="bbox 865 5683 1452 5754; baseline -0.015 -10"><span class='ocrx_word' id='word_1_621' title='bbox 865 5693 980 5754; x_wconf 83' lang='lat'><strong>(87)</strong></span> <span class='ocrx_word' id='word_1_622' title='bbox 1002 5685 1144 5742; x_wconf 92' lang='lat' dir='ltr'><strong>Cod.</strong></span> <span class='ocrx_word' id='word_1_623' title='bbox 1168 5683 1452 5743; x_wconf 75' lang='grc' dir='ltr'>στάζουσι.</span> 
     </span>
    </p>
   </div>
   <div class='ocr_carea' id='block_1_96' title="bbox 862 5747 2458 5831">
    <p class='ocr_par' dir='ltr' id='par_1_96' title="bbox 862 5747 2458 5831">
     <span class='ocr_line' id='line_1_97' title="bbox 862 5747 2458 5831; baseline 0 0"><span class='ocrx_word' id='word_1_624' title='bbox 862 5747 980 5831; x_wconf 77' lang='lat'>(&#39;88)</span> <span class='ocrx_word' id='word_1_625' title='bbox 1010 5761 1126 5831; x_wconf 56' lang='lat' dir='ltr'><strong>Issa</strong></span> <span class='ocrx_word' id='word_1_626' title='bbox 1150 5755 1328 5831; x_wconf 62' lang='lat' dir='ltr'><strong>leinO</strong></span> <span class='ocrx_word' id='word_1_627' title='bbox 1351 5749 1727 5831; x_wconf 51' lang='lat' dir='ltr'><strong>ﬂuminibus</strong></span> <span class='ocrx_word' id='word_1_628' title='bbox 1747 5765 1874 5831; x_wconf 64' lang='lat'><strong>.1209</strong></span> <span class='ocrx_word' id='word_1_629' title='bbox 1907 5749 2091 5831; x_wconf 60' lang='grc' dir='ltr'>προάο</span> <span class='ocrx_word' id='word_1_630' title='bbox 2122 5747 2458 5831; x_wconf 35' lang='lat' dir='ltr'><strong>{Valente</strong></span> 
     </span>
    </p>
   </div>
   <div class='ocr_carea' id='block_1_97' title="bbox 793 5819 2458 5893">
    <p class='ocr_par' dir='ltr' id='par_1_97' title="bbox 793 5819 2458 5893">
     <span class='ocr_line' id='line_1_98' title="bbox 793 5819 2458 5893; baseline -0.008 0"><span class='ocrx_word' id='word_1_631' title='bbox 793 5819 1005 5892; x_wconf 63' lang='lat' dir='ltr'><strong>batin&#39;a</strong></span> <span class='ocrx_word' id='word_1_632' title='bbox 1031 5826 1284 5888; x_wconf 77' lang='lat' dir='ltr'><strong>discedit</strong></span> <span class='ocrx_word' id='word_1_633' title='bbox 1312 5819 1371 5884; x_wconf 76' lang='lat' dir='ltr'><strong>et</strong></span> <span class='ocrx_word' id='word_1_634' title='bbox 1408 5840 1445 5884; x_wconf 85' lang='lat' dir='ltr'><strong>a</strong></span> <span class='ocrx_word' id='word_1_635' title='bbox 1471 5823 1720 5882; x_wconf 63' lang='lat' dir='ltr'><strong>veritate</strong></span> <span class='ocrx_word' id='word_1_636' title='bbox 1745 5821 2058 5893; x_wconf 67' lang='lat' dir='ltr'><strong>Hebraicis;</strong></span> <span class='ocrx_word' id='word_1_637' title='bbox 2082 5819 2190 5881; x_wconf 81' lang='lat' dir='ltr'><strong>sed</strong></span> <span class='ocrx_word' id='word_1_638' title='bbox 2218 5819 2403 5880; x_wconf 80' lang='lat' dir='ltr'><strong>etiam</strong></span> <span class='ocrx_word' id='word_1_639' title='bbox 2419 5819 2458 5879; x_wconf 62' lang='grc' dir='ltr'><strong>ό</strong></span> 
     </span>
    </p>
   </div>
   <div class='ocr_carea' id='block_1_98' title="bbox 790 4639 2538 4762">
    <p class='ocr_par' dir='ltr' id='par_1_98' title="bbox 790 4639 2538 4762">
     <span class='ocr_line' id='line_1_99' title="bbox 790 4639 2538 4762; baseline -0.007 -19"><span class='ocrx_word' id='word_1_640' title='bbox 790 4639 1095 4762; x_wconf 60' lang='lat' dir='ltr'><strong>quispiam</strong></span> <span class='ocrx_word' id='word_1_641' title='bbox 1125 4681 1220 4738; x_wconf 86' lang='lat' dir='ltr'><strong>vel</strong></span> <span class='ocrx_word' id='word_1_642' title='bbox 1246 4680 1320 4737; x_wconf 90' lang='lat' dir='ltr'><strong>de</strong></span> <span class='ocrx_word' id='word_1_643' title='bbox 1349 4694 1499 4735; x_wconf 90' lang='lat' dir='ltr'><strong>rana</strong></span> <span class='ocrx_word' id='word_1_644' title='bbox 1529 4682 1632 4735; x_wconf 92' lang='lat' dir='ltr'><strong>aut</strong></span> <span class='ocrx_word' id='word_1_645' title='bbox 1651 4677 1840 4733; x_wconf 78' lang='lat' dir='ltr'><strong>culice</strong></span> <span class='ocrx_word' id='word_1_646' title='bbox 1866 4639 2261 4733; x_wconf 21' lang='lat' dir='ltr'><strong>Va—fﬁr‘mﬁabi—t:</strong></span> <span class='ocrx_word' id='word_1_647' title='bbox 2296 4639 2454 4742; x_wconf 36' lang='lat' dir='ltr'><strong>quo:</strong></span> 
     </span>
    </p>
   </div>
   <div class='ocr_carea' id='block_1_99' title="bbox 2554 3301 4161 3392">
    <p class='ocr_par' dir='ltr' id='par_1_99' title="bbox 2554 3301 4161 3392">
     <span class='ocr_line' id='line_1_100' title="bbox 2554 3301 4161 3392; baseline -0.01 -23"><span class='ocrx_word' id='word_1_648' title='bbox 2554 3321 2831 3392; x_wconf 82' lang='grc' dir='ltr'>ερχόμενον</span> <span class='ocrx_word' id='word_1_649' title='bbox 2888 3315 3142 3389; x_wconf 78' lang='grc' dir='ltr'>ῥεύματος</span> <span class='ocrx_word' id='word_1_650' title='bbox 3199 3318 3298 3362; x_wconf 81' lang='grc' dir='ltr'>τῶν</span> <span class='ocrx_word' id='word_1_651' title='bbox 3357 3311 3509 3384; x_wconf 82' lang='grc' dir='ltr'>ὁρίων</span> <span class='ocrx_word' id='word_1_652' title='bbox 3570 3311 3763 3360; x_wconf 87' lang='grc' dir='ltr'>τούτων</span> <span class='ocrx_word' id='word_1_653' title='bbox 3836 3301 4161 3361; x_wconf 71' lang='grc' dir='ltr'>ὑποδηλοῦν-</span> 
     </span>
    </p>
   </div>
   <div class='ocr_carea' id='block_1_100' title="bbox 2553 3396 4165 3476">
    <p class='ocr_par' dir='ltr' id='par_1_100' title="bbox 2553 3396 4165 3476">
     <span class='ocr_line' id='line_1_101' title="bbox 2553 3396 4165 3476; baseline -0.009 -16"><span class='ocrx_word' id='word_1_654' title='bbox 2553 3427 2676 3465; x_wconf 85' lang='grc' dir='ltr'>των.</span> <span class='ocrx_word' id='word_1_655' title='bbox 2733 3413 2834 3466; x_wconf 83' lang='grc' dir='ltr'>Τῆς</span> <span class='ocrx_word' id='word_1_656' title='bbox 2883 3406 2983 3476; x_wconf 71' lang='grc' dir='ltr'><strong>γὰρ</strong></span> <span class='ocrx_word' id='word_1_657' title='bbox 3067 3408 3157 3454; x_wconf 85' lang='grc' dir='ltr'>τοῦ</span> <span class='ocrx_word' id='word_1_658' title='bbox 3233 3407 3470 3472; x_wconf 80' lang='grc' dir='ltr'>Χριστοῦ</span> <span class='ocrx_word' id='word_1_659' title='bbox 3537 3397 3826 3473; x_wconf 77' lang='grc' dir='ltr'>βασιλείας,</span> <span class='ocrx_word' id='word_1_660' title='bbox 3883 3396 4019 3448; x_wconf 80' lang='grc' dir='ltr'>κατὰ</span> <span class='ocrx_word' id='word_1_661' title='bbox 4067 3400 4165 3452; x_wconf 85' lang='grc' dir='ltr'><strong>τῆν</strong></span> 
     </span>
    </p>
   </div>
   <div class='ocr_carea' id='block_1_101' title="bbox 2556 3491 3483 3572">
    <p class='ocr_par' dir='ltr' id='par_1_101' title="bbox 2556 3491 3483 3572">
     <span class='ocr_line' id='line_1_102' title="bbox 2556 3491 3483 3572; baseline -0.004 -22"><span class='ocrx_word' id='word_1_662' title='bbox 2556 3500 2740 3572; x_wconf 83' lang='grc' dir='ltr'>ὅρασιν</span> <span class='ocrx_word' id='word_1_663' title='bbox 2773 3494 2980 3561; x_wconf 75' lang='grc' dir='ltr'>Δανιὴλ,</span> <span class='ocrx_word' id='word_1_664' title='bbox 3009 3492 3148 3556; x_wconf 81' lang='grc' dir='ltr'>τέλος</span> <span class='ocrx_word' id='word_1_665' title='bbox 3179 3491 3273 3545; x_wconf 73' lang='grc' dir='ltr'>οὐκ</span> <span class='ocrx_word' id='word_1_666' title='bbox 3313 3493 3483 3546; x_wconf 76' lang='grc' dir='ltr'>ἔσται.</span> 
     </span>
    </p>
   </div>
   <div class='ocr_carea' id='block_1_102' title="bbox 2631 3666 4171 3745">
    <p class='ocr_par' dir='ltr' id='par_1_102' title="bbox 2631 3666 4171 3745">
     <span class='ocr_line' id='line_1_103' title="bbox 2631 3666 4171 3745; baseline -0.011 -13"><span class='ocrx_word' id='word_1_667' title='bbox 2631 3677 2736 3733; x_wconf 78' lang='lat' dir='ltr'><strong>lll&#39;.</strong></span> <span class='ocrx_word' id='word_1_668' title='bbox 2791 3675 2850 3728; x_wconf 86' lang='grc' dir='ltr'>Εἰ</span> <span class='ocrx_word' id='word_1_669' title='bbox 2908 3671 2966 3728; x_wconf 70' lang='grc' dir='ltr'>δε</span> <span class='ocrx_word' id='word_1_670' title='bbox 3026 3677 3082 3726; x_wconf 83' lang='grc' dir='ltr'><strong>τό</strong></span> <span class='ocrx_word' id='word_1_671' title='bbox 3131 3674 3493 3745; x_wconf 76' lang='grc' dir='ltr'>προϋπάρχειν</span> <span class='ocrx_word' id='word_1_672' title='bbox 3540 3673 3628 3722; x_wconf 86' lang='grc' dir='ltr'>τὸν</span> <span class='ocrx_word' id='word_1_673' title='bbox 3711 3666 4013 3739; x_wconf 83' lang='grc' dir='ltr'>Σολομῶντα</span> <span class='ocrx_word' id='word_1_674' title='bbox 4078 3668 4171 3716; x_wconf 84' lang='grc' dir='ltr'>καὶ</span> 
     </span>
    </p>
   </div>
   <div class='ocr_carea' id='block_1_103' title="bbox 2559 3754 4170 3836">
    <p class='ocr_par' dir='ltr' id='par_1_103' title="bbox 2559 3754 4170 3836">
     <span class='ocr_line' id='line_1_104' title="bbox 2559 3754 4170 3836; baseline -0.01 -15"><span class='ocrx_word' id='word_1_675' title='bbox 2559 3769 2711 3829; x_wconf 70' lang='grc' dir='ltr'>αὐτὸς</span> <span class='ocrx_word' id='word_1_676' title='bbox 2769 3766 2826 3819; x_wconf 76' lang='grc' dir='ltr'>οὐ</span> <span class='ocrx_word' id='word_1_677' title='bbox 2887 3761 3047 3836; x_wconf 76' lang='grc' dir='ltr'>δέχῃ,</span> <span class='ocrx_word' id='word_1_678' title='bbox 3128 3758 3244 3814; x_wconf 77' lang='grc' dir='ltr'><strong>οὐδ’</strong></span> <span class='ocrx_word' id='word_1_679' title='bbox 3302 3763 3492 3813; x_wconf 80' lang='grc' dir='ltr'>ἀνωθεν</span> <span class='ocrx_word' id='word_1_680' title='bbox 3533 3759 3692 3829; x_wconf 58' lang='grc' dir='ltr'>λὲγεις</span> <span class='ocrx_word' id='word_1_681' title='bbox 3736 3754 4170 3824; x_wconf 71' lang='grc' dir='ltr'>καταϐεϐηκέναι,</span> 
     </span>
    </p>
   </div>
   <div class='ocr_carea' id='block_1_104' title="bbox 2559 3843 4172 3932">
    <p class='ocr_par' dir='ltr' id='par_1_104' title="bbox 2559 3843 4172 3932">
     <span class='ocr_line' id='line_1_105' title="bbox 2559 3843 4172 3932; baseline -0.01 -21"><span class='ocrx_word' id='word_1_682' title='bbox 2559 3856 2826 3932; x_wconf 75' lang='grc' dir='ltr'>παρεξηγῇ</span> <span class='ocrx_word' id='word_1_683' title='bbox 2863 3851 2921 3907; x_wconf 66' lang='grc' dir='ltr'>δι</span> <span class='ocrx_word' id='word_1_684' title='bbox 2961 3856 3024 3905; x_wconf 76' lang='grc' dir='ltr'>τὰ</span> <span class='ocrx_word' id='word_1_685' title='bbox 3066 3853 3224 3926; x_wconf 79' lang='grc' dir='ltr'>ῥητὰ,</span> <span class='ocrx_word' id='word_1_686' title='bbox 3286 3855 3376 3902; x_wconf 83' lang='grc' dir='ltr'>καὶ</span> <span class='ocrx_word' id='word_1_687' title='bbox 3421 3849 3515 3908; x_wconf 76' lang='grc' dir='ltr'>τὴν</span> <span class='ocrx_word' id='word_1_688' title='bbox 3567 3852 3864 3923; x_wconf 68' lang='grc' dir='ltr'>πρόγνωσιν</span> <span class='ocrx_word' id='word_1_689' title='bbox 3914 3843 4023 3897; x_wconf 79' lang='grc' dir='ltr'>ἀνθ’</span> <span class='ocrx_word' id='word_1_690' title='bbox 4071 3844 4172 3896; x_wconf 79' lang='grc' dir='ltr'><strong>ὐπ-</strong></span> 
     </span>
    </p>
   </div>
   <div class='ocr_carea' id='block_1_105' title="bbox 2561 3934 4174 4022">
    <p class='ocr_par' dir='ltr' id='par_1_105' title="bbox 2561 3934 4174 4022">
     <span class='ocr_line' id='line_1_106' title="bbox 2561 3934 4174 4022; baseline -0.01 -22"><span class='ocrx_word' id='word_1_691' title='bbox 2561 3947 2754 4022; x_wconf 79' lang='grc' dir='ltr'>άρξεως</span> <span class='ocrx_word' id='word_1_692' title='bbox 2812 3941 3168 4015; x_wconf 73' lang='grc' dir='ltr'>ἐκλαμϐάνεις,</span> <span class='ocrx_word' id='word_1_693' title='bbox 3229 3946 3317 3992; x_wconf 81' lang='grc' dir='ltr'>καὶ</span> <span class='ocrx_word' id='word_1_694' title='bbox 3385 3937 3432 3991; x_wconf 78' lang='grc' dir='ltr'>ἐν</span> <span class='ocrx_word' id='word_1_695' title='bbox 3498 3944 3559 4010; x_wconf 72' lang='grc' dir='ltr'>τῇ</span> <span class='ocrx_word' id='word_1_696' title='bbox 3657 3934 4010 4005; x_wconf 80' lang='grc' dir='ltr'>ἀκαταλήπτῳ</span> <span class='ocrx_word' id='word_1_697' title='bbox 4081 3936 4174 3987; x_wconf 78' lang='grc' dir='ltr'>καὶ</span> 
     </span>
    </p>
   </div>
   <div class='ocr_carea' id='block_1_106' title="bbox 2565 4021 4173 4110">
    <p class='ocr_par' dir='ltr' id='par_1_106' title="bbox 2565 4021 4173 4110">
     <span class='ocr_line' id='line_1_107' title="bbox 2565 4021 4173 4110; baseline -0.011 -19"><span class='ocrx_word' id='word_1_698' title='bbox 2565 4041 2672 4110; x_wconf 78' lang='grc' dir='ltr'>θείᾳ</span> <span class='ocrx_word' id='word_1_699' title='bbox 2733 4041 2922 4108; x_wconf 74' lang='grc' dir='ltr'>γνώσει</span> <span class='ocrx_word' id='word_1_700' title='bbox 2987 4036 3071 4085; x_wconf 89' lang='grc' dir='ltr'>τὸν</span> <span class='ocrx_word' id='word_1_701' title='bbox 3145 4030 3447 4102; x_wconf 83' lang='grc' dir='ltr'>Σολομῶντα</span> <span class='ocrx_word' id='word_1_702' title='bbox 3508 4029 3766 4100; x_wconf 78' lang='grc' dir='ltr'>ὑπάρχειν</span> <span class='ocrx_word' id='word_1_703' title='bbox 3820 4021 4173 4097; x_wconf 75' lang='grc' dir='ltr'>διισχυριζῆ,</span> 
     </span>
    </p>
   </div>
   <div class='ocr_carea' id='block_1_107' title="bbox 2564 4109 4175 4193">
    <p class='ocr_par' dir='ltr' id='par_1_107' title="bbox 2564 4109 4175 4193">
     <span class='ocr_line' id='line_1_108' title="bbox 2564 4109 4175 4193; baseline -0.011 -14"><span class='ocrx_word' id='word_1_704' title='bbox 2564 4148 2651 4179; x_wconf 88' lang='grc' dir='ltr'><strong>και</strong></span> <span class='ocrx_word' id='word_1_705' title='bbox 2678 4130 2776 4179; x_wconf 80' lang='grc' dir='ltr'>υπὸ</span> <span class='ocrx_word' id='word_1_706' title='bbox 2816 4132 2908 4176; x_wconf 75' lang='grc' dir='ltr'>τοῦ</span> <span class='ocrx_word' id='word_1_707' title='bbox 2943 4125 3006 4176; x_wconf 82' lang='grc' dir='ltr'>τὰ</span> <span class='ocrx_word' id='word_1_708' title='bbox 3053 4123 3225 4173; x_wconf 77' lang='grc' dir='ltr'>πάντα</span> <span class='ocrx_word' id='word_1_709' title='bbox 3274 4124 3396 4193; x_wconf 78' lang='grc' dir='ltr'>πρὶν</span> <span class='ocrx_word' id='word_1_710' title='bbox 3451 4121 3695 4189; x_wconf 71' lang='grc' dir='ltr'>γενέσεως</span> <span class='ocrx_word' id='word_1_711' title='bbox 3753 4115 3923 4167; x_wconf 70' lang='grc' dir='ltr'>αὐτῶν</span> <span class='ocrx_word' id='word_1_712' title='bbox 3972 4109 4175 4173; x_wconf 82' lang='grc' dir='ltr'>εἰδότος</span> 
     </span>
    </p>
   </div>
   <div class='ocr_carea' id='block_1_108' title="bbox 3184 4204 4171 4281">
    <p class='ocr_par' dir='ltr' id='par_1_108' title="bbox 3184 4204 4171 4281">
     <span class='ocr_line' id='line_1_109' title="bbox 3184 4204 4171 4281; baseline -0.01 -19"><span class='ocrx_word' id='word_1_713' title='bbox 3184 4216 3272 4262; x_wconf 84' lang='grc' dir='ltr'>καὶ</span> <span class='ocrx_word' id='word_1_714' title='bbox 3349 4209 3416 4269; x_wconf 85' lang='grc' dir='ltr'>εἰς</span> <span class='ocrx_word' id='word_1_715' title='bbox 3499 4206 3726 4281; x_wconf 80' lang='grc' dir='ltr'>βασιλέα</span> <span class='ocrx_word' id='word_1_716' title='bbox 3799 4204 4171 4276; x_wconf 72' lang='grc' dir='ltr'>ἐψηφισμένον·</span> 
     </span>
    </p>
   </div>
   <div class='ocr_carea' id='block_1_109' title="bbox 3193 4291 4175 4371">
    <p class='ocr_par' dir='ltr' id='par_1_109' title="bbox 3193 4291 4175 4371">
     <span class='ocr_line' id='line_1_110' title="bbox 3193 4291 4175 4371; baseline -0.011 -18"><span class='ocrx_word' id='word_1_717' title='bbox 3193 4323 3205 4334; x_wconf 89' lang='grc'>·</span> <span class='ocrx_word' id='word_1_718' title='bbox 3256 4307 3373 4360; x_wconf 85' lang='grc' dir='ltr'>Πῶς</span> <span class='ocrx_word' id='word_1_719' title='bbox 3424 4303 3482 4351; x_wconf 85' lang='grc' dir='ltr'><strong>τό</strong></span> <span class='ocrx_word' id='word_1_720' title='bbox 3538 4302 3609 4371; x_wconf 78' lang='grc' dir='ltr'>μὴ</span> <span class='ocrx_word' id='word_1_721' title='bbox 3669 4295 3716 4349; x_wconf 82' lang='grc' dir='ltr'>ἐν</span> <span class='ocrx_word' id='word_1_722' title='bbox 3775 4296 4065 4347; x_wconf 79' lang='grc' dir='ltr'>ὑποστάσει</span> <span class='ocrx_word' id='word_1_723' title='bbox 4121 4291 4175 4343; x_wconf 81' lang='grc' dir='ltr'>ὃν</span> 
     </span>
    </p>
   </div>
   <div class='ocr_carea' id='block_1_110' title="bbox 2565 4210 3102 4289">
    <p class='ocr_par' dir='ltr' id='par_1_110' title="bbox 2565 4210 3102 4289">
     <span class='ocr_line' id='line_1_111' title="bbox 2565 4210 3102 4289; baseline -0.011 -20"><span class='ocrx_word' id='word_1_724' title='bbox 2565 4217 2876 4289; x_wconf 69' lang='grc' dir='ltr'>ἐγνωσμένον</span> <span class='ocrx_word' id='word_1_725' title='bbox 2954 4210 3102 4276; x_wconf 82' lang='grc' dir='ltr'>εἶναι,</span> 
     </span>
    </p>
   </div>
   <div class='ocr_carea' id='block_1_111' title="bbox 2565 4303 3136 4378">
    <p class='ocr_par' dir='ltr' id='par_1_111' title="bbox 2565 4303 3136 4378">
     <span class='ocr_line' id='line_1_112' title="bbox 2565 4303 3136 4378; baseline -0.014 -17"><span class='ocrx_word' id='word_1_726' title='bbox 2565 4307 2716 4362; x_wconf 86' lang='grc' dir='ltr'>πάλιν</span> <span class='ocrx_word' id='word_1_727' title='bbox 2759 4306 2910 4366; x_wconf 64' lang='grc' dir='ltr'>αὐτὸς</span> <span class='ocrx_word' id='word_1_728' title='bbox 2945 4303 3136 4378; x_wconf 81' lang='grc' dir='ltr'>’ἐρωτῶ</span> 
     </span>
    </p>
   </div>
   <div class='ocr_carea' id='block_1_112' title="bbox 2566 4392 3339 4460">
    <p class='ocr_par' dir='ltr' id='par_1_112' title="bbox 2566 4392 3339 4460">
     <span class='ocr_line' id='line_1_113' title="bbox 2566 4392 3339 4460; baseline -0.012 -10"><span class='ocrx_word' id='word_1_729' title='bbox 2566 4395 2888 4454; x_wconf 74' lang='grc' dir='ltr'>καταϐέϐηκε</span> <span class='ocrx_word' id='word_1_730' title='bbox 2945 4392 3137 4460; x_wconf 78' lang='grc' dir='ltr'>;Πλῆν</span> <span class='ocrx_word' id='word_1_731' title='bbox 3205 4393 3339 4460; x_wconf 80' lang='grc' dir='ltr'>ἴσθι,</span> 
     </span>
    </p>
   </div>
   <div class='ocr_carea' id='block_1_113' title="bbox 2570 4473 4180 4559">
    <p class='ocr_par' dir='ltr' id='par_1_113' title="bbox 2570 4473 4180 4559">
     <span class='ocr_line' id='line_1_114' title="bbox 2570 4473 4180 4559; baseline -0.011 -20"><span class='ocrx_word' id='word_1_732' title='bbox 2570 4487 2995 4559; x_wconf 63' lang='grc' dir='ltr'>ἀποφαινόμενος,</span> <span class='ocrx_word' id='word_1_733' title='bbox 3025 4485 3126 4534; x_wconf 83' lang='grc' dir='ltr'>ὅσα</span> <span class='ocrx_word' id='word_1_734' title='bbox 3162 4480 3222 4532; x_wconf 82' lang='grc' dir='ltr'>ἂν</span> <span class='ocrx_word' id='word_1_735' title='bbox 3277 4499 3357 4539; x_wconf 90' lang='grc' dir='ltr'><strong>τις</strong></span> <span class='ocrx_word' id='word_1_736' title='bbox 3407 4477 3508 4542; x_wconf 75' lang='grc' dir='ltr'>ἐρεῖ</span> <span class='ocrx_word' id='word_1_737' title='bbox 3563 4481 3680 4550; x_wconf 87' lang='grc' dir='ltr'>περὶ</span> <span class='ocrx_word' id='word_1_738' title='bbox 3748 4473 4029 4549; x_wconf 88' lang='grc' dir='ltr'>βατράχου</span> <span class='ocrx_word' id='word_1_739' title='bbox 4086 4475 4180 4522; x_wconf 77' lang='grc' dir='ltr'>καὶ</span> 
     </span>
    </p>
   </div>
   <div class='ocr_carea' id='block_1_114' title="bbox 2568 4559 4176 4644">
    <p class='ocr_par' dir='ltr' id='par_1_114' title="bbox 2568 4559 4176 4644">
     <span class='ocr_line' id='line_1_115' title="bbox 2568 4559 4176 4644; baseline -0.012 -14"><span class='ocrx_word' id='word_1_740' title='bbox 2568 4585 2832 4638; x_wconf 78' lang='grc' dir='ltr'>κώνωπος.</span> <span class='ocrx_word' id='word_1_741' title='bbox 2861 4582 2980 4626; x_wconf 88' lang='grc' dir='ltr'><strong>Ὀτι</strong></span> <span class='ocrx_word' id='word_1_742' title='bbox 3012 4575 3036 4624; x_wconf 84' lang='grc' dir='ltr'><strong>ό</strong></span> <span class='ocrx_word' id='word_1_743' title='bbox 3062 4568 3208 4624; x_wconf 72' lang='grc' dir='ltr'>δεῖνα</span> <span class='ocrx_word' id='word_1_744' title='bbox 3234 4571 3258 4622; x_wconf 84' lang='grc' dir='ltr'>ὁ</span> <span class='ocrx_word' id='word_1_745' title='bbox 3293 4567 3570 4644; x_wconf 68' lang='grc' dir='ltr'>βάτραχος</span> <span class='ocrx_word' id='word_1_746' title='bbox 3623 4570 3712 4618; x_wconf 79' lang='grc' dir='ltr'>καὶ</span> <span class='ocrx_word' id='word_1_747' title='bbox 3763 4565 3908 4624; x_wconf 80' lang='grc' dir='ltr'>οὗτος</span> <span class='ocrx_word' id='word_1_748' title='bbox 3936 4563 3961 4614; x_wconf 84' lang='grc' dir='ltr'><strong><em>ὁ</em></strong></span> <span class='ocrx_word' id='word_1_749' title='bbox 3989 4559 4176 4630; x_wconf 74' lang='grc' dir='ltr'>κωνωψ</span> 
     </span>
    </p>
   </div>
   <div class='ocr_carea' id='block_1_115' title="bbox 3417 4383 4180 4458">
    <p class='ocr_par' dir='ltr' id='par_1_115' title="bbox 3417 4383 4180 4458">
     <span class='ocr_line' id='line_1_116' title="bbox 3417 4383 4180 4458; baseline -0.012 -17"><span class='ocrx_word' id='word_1_750' title='bbox 3417 4388 3582 4441; x_wconf 73' lang='grc' dir='ltr'>ἐκεῖνα</span> <span class='ocrx_word' id='word_1_751' title='bbox 3659 4391 3777 4458; x_wconf 82' lang='grc' dir='ltr'>περὶ</span> <span class='ocrx_word' id='word_1_752' title='bbox 3852 4383 4180 4455; x_wconf 83' lang='grc' dir='ltr'>Σολομῶντος</span> 
     </span>
    </p>
   </div>
   <div class='ocr_carea' id='block_1_116' title="bbox 2569 4651 4180 4740">
    <p class='ocr_par' dir='ltr' id='par_1_116' title="bbox 2569 4651 4180 4740">
     <span class='ocr_line' id='line_1_117' title="bbox 2569 4651 4180 4740; baseline -0.012 -20"><span class='ocrx_word' id='word_1_753' title='bbox 2569 4673 2662 4726; x_wconf 70' lang='grc' dir='ltr'>τὴν</span> <span class='ocrx_word' id='word_1_754' title='bbox 2729 4669 3092 4740; x_wconf 82' lang='grc' dir='ltr'>απεριόριστον</span> <span class='ocrx_word' id='word_1_755' title='bbox 3161 4669 3356 4732; x_wconf 67' lang='grc' dir='ltr'>γνῶσιν</span> <span class='ocrx_word' id='word_1_756' title='bbox 3431 4662 3521 4710; x_wconf 76' lang='grc' dir='ltr'>καὶ</span> <span class='ocrx_word' id='word_1_757' title='bbox 3599 4651 4012 4730; x_wconf 77' lang='grc' dir='ltr'>περιδρακτικήν</span> <span class='ocrx_word' id='word_1_758' title='bbox 4086 4656 4180 4702; x_wconf 78' lang='grc' dir='ltr'>τοῦ</span> 
     </span>
    </p>
   </div>
   <div class='ocr_carea' id='block_1_117' title="bbox 2569 4740 4184 4821">
    <p class='ocr_par' dir='ltr' id='par_1_117' title="bbox 2569 4740 4184 4821">
     <span class='ocr_line' id='line_1_118' title="bbox 2569 4740 4184 4821; baseline -0.012 -11"><span class='ocrx_word' id='word_1_759' title='bbox 2569 4776 2762 4817; x_wconf 83' lang='grc' dir='ltr'>παντός</span> <span class='ocrx_word' id='word_1_760' title='bbox 2792 4763 2886 4817; x_wconf 82' lang='grc' dir='ltr'><strong>τῆς</strong></span> <span class='ocrx_word' id='word_1_761' title='bbox 2939 4755 3076 4814; x_wconf 85' lang='grc' dir='ltr'>θείας</span> <span class='ocrx_word' id='word_1_762' title='bbox 3126 4751 3184 4803; x_wconf 75' lang='grc' dir='ltr'>οὐ</span> <span class='ocrx_word' id='word_1_763' title='bbox 3235 4746 3447 4821; x_wconf 71' lang='grc' dir='ltr'>διέφυγε</span> <span class='ocrx_word' id='word_1_764' title='bbox 3504 4748 3724 4820; x_wconf 71' lang='grc' dir='ltr'>φύσεως.</span> <span class='ocrx_word' id='word_1_765' title='bbox 3782 4740 3913 4796; x_wconf 78' lang='grc' dir='ltr'>Οἵδε</span> <span class='ocrx_word' id='word_1_766' title='bbox 3957 4745 4058 4814; x_wconf 73' lang='grc' dir='ltr'><strong>γὰρ</strong></span> <span class='ocrx_word' id='word_1_767' title='bbox 4116 4743 4184 4792; x_wconf 75' lang='grc' dir='ltr'>τὰ</span> 
     </span>
    </p>
   </div>
   <div class='ocr_carea' id='block_1_118' title="bbox 2568 4830 4181 4920">
    <p class='ocr_par' dir='ltr' id='par_1_118' title="bbox 2568 4830 4181 4920">
     <span class='ocr_line' id='line_1_119' title="bbox 2568 4830 4181 4920; baseline -0.011 -20"><span class='ocrx_word' id='word_1_768' title='bbox 2568 4850 2740 4902; x_wconf 86' lang='grc' dir='ltr'>πάντα</span> <span class='ocrx_word' id='word_1_769' title='bbox 2787 4850 2908 4920; x_wconf 86' lang='grc' dir='ltr'>πρὶν</span> <span class='ocrx_word' id='word_1_770' title='bbox 2974 4845 3218 4914; x_wconf 73' lang='grc' dir='ltr'>γενέσεως</span> <span class='ocrx_word' id='word_1_771' title='bbox 3281 4839 3470 4904; x_wconf 72' lang='grc' dir='ltr'>αὐτων,</span> <span class='ocrx_word' id='word_1_772' title='bbox 3530 4840 3620 4888; x_wconf 84' lang='grc' dir='ltr'>καὶ</span> <span class='ocrx_word' id='word_1_773' title='bbox 3670 4832 3717 4887; x_wconf 79' lang='grc' dir='ltr'>ἇν</span> <span class='ocrx_word' id='word_1_774' title='bbox 3765 4841 3829 4906; x_wconf 70' lang='grc' dir='ltr'>τῇ</span> <span class='ocrx_word' id='word_1_775' title='bbox 3868 4837 4014 4905; x_wconf 81' lang='grc' dir='ltr'>χειρὶ</span> <span class='ocrx_word' id='word_1_776' title='bbox 4079 4830 4181 4882; x_wconf 69' lang='grc' dir='ltr'>αυ-</span> 
     </span>
    </p>
   </div>
   <div class='ocr_carea' id='block_1_119' title="bbox 2568 4924 4186 5011">
    <p class='ocr_par' dir='ltr' id='par_1_119' title="bbox 2568 4924 4186 5011">
     <span class='ocr_line' id='line_1_120' title="bbox 2568 4924 4186 5011; baseline -0.012 -17"><span class='ocrx_word' id='word_1_777' title='bbox 2568 4947 2662 4994; x_wconf 76' lang='grc' dir='ltr'>τοῦ</span> <span class='ocrx_word' id='word_1_778' title='bbox 2743 4941 2807 4991; x_wconf 83' lang='grc' dir='ltr'>τὰ</span> <span class='ocrx_word' id='word_1_779' title='bbox 2868 4939 3068 5011; x_wconf 78' lang='grc' dir='ltr'>πέρατα</span> <span class='ocrx_word' id='word_1_780' title='bbox 3151 4931 3605 5005; x_wconf 74' lang='grc' dir='ltr'>παλαμῆφορείται</span> <span class='ocrx_word' id='word_1_781' title='bbox 3679 4935 3773 4990; x_wconf 82' lang='grc' dir='ltr'><strong>τῆς</strong></span> <span class='ocrx_word' id='word_1_782' title='bbox 3833 4933 3934 4998; x_wconf 69' lang='grc' dir='ltr'>γῆς</span> <span class='ocrx_word' id='word_1_783' title='bbox 3979 4924 4186 4976; x_wconf 83' lang='grc' dir='ltr'>καὶτὰ</span> 
     </span>
    </p>
   </div>
   <div class='ocr_carea' id='block_1_120' title="bbox 2571 5078 4187 5157">
    <p class='ocr_par' dir='ltr' id='par_1_120' title="bbox 2571 5078 4187 5157">
     <span class='ocr_line' id='line_1_121' title="bbox 2571 5078 4187 5157; baseline -0.015 -5"><span class='ocrx_word' id='word_1_784' title='bbox 2571 5091 2881 5152; x_wconf 89' lang='lat' dir='ltr'><strong>communi</strong></span> <span class='ocrx_word' id='word_1_785' title='bbox 2916 5090 3046 5146; x_wconf 79' lang='lat' dir='ltr'><strong>LXX</strong></span> <span class='ocrx_word' id='word_1_786' title='bbox 3078 5085 3370 5152; x_wconf 88' lang='lat' dir='ltr'><strong>versione,</strong></span> <span class='ocrx_word' id='word_1_787' title='bbox 3400 5099 3538 5157; x_wconf 71' lang='lat' dir='ltr'><strong>quae</strong></span> <span class='ocrx_word' id='word_1_788' title='bbox 3558 5080 3743 5157; x_wconf 83' lang='lat' dir='ltr'><strong>habet</strong></span> <span class='ocrx_word' id='word_1_789' title='bbox 3778 5078 3878 5157; x_wconf 70' lang='grc' dir='ltr'><strong>ᾲπᾴ</strong></span> <span class='ocrx_word' id='word_1_790' title='bbox 3908 5084 4187 5157; x_wconf 55' lang='lat' dir='ltr'><strong>robusta-</strong></span> 
     </span>
    </p>
   </div>
   <div class='ocr_carea' id='block_1_121' title="bbox 2571 5151 4186 5242">
    <p class='ocr_par' dir='ltr' id='par_1_121' title="bbox 2571 5151 4186 5242">
     <span class='ocr_line' id='line_1_122' title="bbox 2571 5151 4186 5242; baseline -0.009 -22"><span class='ocrx_word' id='word_1_791' title='bbox 2571 5151 2691 5242; x_wconf 75' lang='grc' dir='ltr'>μοῦξ</span> <span class='ocrx_word' id='word_1_792' title='bbox 2734 5161 3174 5242; x_wconf 81' lang='lat' dir='ltr'><strong>consentientes</strong></span> <span class='ocrx_word' id='word_1_793' title='bbox 3228 5151 3441 5242; x_wconf 66' lang='lat' dir='ltr'><strong>tamen</strong></span> <span class='ocrx_word' id='word_1_794' title='bbox 3488 5155 3672 5210; x_wconf 88' lang='lat' dir='ltr'><strong>habet</strong></span> <span class='ocrx_word' id='word_1_795' title='bbox 3731 5151 4024 5208; x_wconf 86' lang='lat' dir='ltr'><strong>editiones</strong></span> <span class='ocrx_word' id='word_1_796' title='bbox 4054 5155 4186 5242; x_wconf 72' lang='lat' dir='ltr'><strong>tum</strong></span> 
     </span>
    </p>
   </div>
   <div class='ocr_carea' id='block_1_122' title="bbox 2571 5227 4187 5309">
    <p class='ocr_par' dir='ltr' id='par_1_122' title="bbox 2571 5227 4187 5309">
     <span class='ocr_line' id='line_1_123' title="bbox 2571 5227 4187 5309; baseline -0.012 -12"><span class='ocrx_word' id='word_1_797' title='bbox 2571 5227 3057 5309; x_wconf 78' lang='lat' dir='ltr'><strong>Complutensem</strong></span> <span class='ocrx_word' id='word_1_798' title='bbox 3099 5237 3225 5287; x_wconf 89' lang='lat' dir='ltr'><strong>tum</strong></span> <span class='ocrx_word' id='word_1_799' title='bbox 3254 5227 3552 5297; x_wconf 76' lang='lat' dir='ltr'><strong>Aldinam,</strong></span> <span class='ocrx_word' id='word_1_800' title='bbox 3586 5241 3724 5300; x_wconf 70' lang='lat' dir='ltr'><strong>quas</strong></span> <span class='ocrx_word' id='word_1_801' title='bbox 3769 5239 3909 5280; x_wconf 90' lang='lat' dir='ltr'><strong>cum</strong></span> <span class='ocrx_word' id='word_1_802' title='bbox 3935 5227 4187 5279; x_wconf 85' lang='lat' dir='ltr'><strong>auctore</strong></span> 
     </span>
    </p>
   </div>
   <div class='ocr_carea' id='block_1_123' title="bbox 2571 5307 3357 5381">
    <p class='ocr_par' dir='ltr' id='par_1_123' title="bbox 2571 5307 3357 5381">
     <span class='ocr_line' id='line_1_124' title="bbox 2571 5307 3357 5381; baseline -0.019 -13"><span class='ocrx_word' id='word_1_803' title='bbox 2571 5307 2795 5381; x_wconf 71' lang='lat' dir='ltr'><strong>legunt,</strong></span> <span class='ocrx_word' id='word_1_804' title='bbox 2827 5307 2928 5381; x_wconf 71' lang='grc' dir='ltr'><strong>ἀπό</strong></span> <span class='ocrx_word' id='word_1_805' title='bbox 2961 5313 3060 5358; x_wconf 82' lang='grc' dir='ltr'>τῶν</span> <span class='ocrx_word' id='word_1_806' title='bbox 3091 5310 3357 5381; x_wconf 68' lang='grc' dir='ltr'>ποταμῶν.</span> 
     </span>
    </p>
   </div>
   <div class='ocr_carea' id='block_1_124' title="bbox 2645 5377 3223 5453">
    <p class='ocr_par' dir='ltr' id='par_1_124' title="bbox 2645 5377 3223 5453">
     <span class='ocr_line' id='line_1_125' title="bbox 2645 5377 3223 5453; baseline -0.014 -17"><span class='ocrx_word' id='word_1_807' title='bbox 2645 5377 2759 5453; x_wconf 65' lang='grc'>(89)</span> <span class='ocrx_word' id='word_1_808' title='bbox 2793 5379 2948 5453; x_wconf 79' lang='lat' dir='ltr'><strong>Psal.</strong></span> <span class='ocrx_word' id='word_1_809' title='bbox 2987 5392 3142 5444; x_wconf 73' lang='lat' dir='ltr'><strong>LXXI,</strong></span> <span class='ocrx_word' id='word_1_810' title='bbox 3171 5377 3223 5429; x_wconf 84' lang='lat'><strong>8.</strong></span> 
     </span>
    </p>
   </div>
   <div class='ocr_carea' id='block_1_125' title="bbox 2639 5451 3274 5523">
    <p class='ocr_par' dir='ltr' id='par_1_125' title="bbox 2639 5451 3274 5523">
     <span class='ocr_line' id='line_1_126' title="bbox 2639 5451 3274 5523; baseline -0.016 -13"><span class='ocrx_word' id='word_1_811' title='bbox 2639 5451 2757 5523; x_wconf 19' lang='lat'><strong>(‘90)</strong></span> <span class='ocrx_word' id='word_1_812' title='bbox 2789 5451 2932 5509; x_wconf 91' lang='lat' dir='ltr'><strong>Cod.</strong></span> <span class='ocrx_word' id='word_1_813' title='bbox 2967 5453 3124 5523; x_wconf 74' lang='grc' dir='ltr'>χείρη</span> <span class='ocrx_word' id='word_1_814' title='bbox 3136 5467 3274 5523; x_wconf 64' lang='grc' dir='ltr'>στου.</span> 
     </span>
    </p>
   </div>
   <div class='ocr_carea' id='block_1_126' title="bbox 2645 5515 4188 5596">
    <p class='ocr_par' dir='ltr' id='par_1_126' title="bbox 2645 5515 4188 5596">
     <span class='ocr_line' id='line_1_127' title="bbox 2645 5515 4188 5596; baseline -0.011 -15"><span class='ocrx_word' id='word_1_815' title='bbox 2645 5515 2752 5596; x_wconf 66' lang='grc'>(91)</span> <span class='ocrx_word' id='word_1_816' title='bbox 2781 5528 2926 5580; x_wconf 89' lang='lat' dir='ltr'><strong>Dan.</strong></span> <span class='ocrx_word' id='word_1_817' title='bbox 2950 5515 3158 5596; x_wconf 47' lang='lat' dir='ltr'><strong>ruﬁ”:</strong></span> <span class='ocrx_word' id='word_1_818' title='bbox 3194 5519 3468 5596; x_wconf 86' lang='lat' dir='ltr'><strong>Potestas</strong></span> <span class='ocrx_word' id='word_1_819' title='bbox 3494 5515 3624 5585; x_wconf 84' lang='lat' dir='ltr'><strong>ejus</strong></span> <span class='ocrx_word' id='word_1_820' title='bbox 3645 5517 3908 5596; x_wconf 80' lang='lat' dir='ltr'><strong>potestas</strong></span> <span class='ocrx_word' id='word_1_821' title='bbox 3932 5516 4188 5596; x_wconf 67' lang='lat' dir='ltr'><strong>aeterna,</strong></span> 
     </span>
    </p>
   </div>
   <div class='ocr_carea' id='block_1_127' title="bbox 2569 5581 4192 5670">
    <p class='ocr_par' dir='ltr' id='par_1_127' title="bbox 2569 5581 4192 5670">
     <span class='ocr_line' id='line_1_128' title="bbox 2569 5581 4192 5670; baseline -0.012 -16"><span class='ocrx_word' id='word_1_822' title='bbox 2569 5581 2705 5670; x_wconf 49' lang='lat' dir='ltr'><strong>qu‘ce</strong></span> <span class='ocrx_word' id='word_1_823' title='bbox 2731 5581 2850 5653; x_wconf 73' lang='lat' dir='ltr'><strong>non</strong></span> <span class='ocrx_word' id='word_1_824' title='bbox 2881 5595 3234 5670; x_wconf 76' lang='lat' dir='ltr'><strong>auferetur;</strong></span> <span class='ocrx_word' id='word_1_825' title='bbox 3262 5581 3815 5670; x_wconf 42' lang='lat' dir='ltr'><strong>est-regnumm&#39;ejgs,</strong></span> <span class='ocrx_word' id='word_1_826' title='bbox 3852 5581 4013 5655; x_wconf 82' lang='lat' dir='ltr'><strong>quod</strong></span> <span class='ocrx_word' id='word_1_827' title='bbox 4055 5597 4192 5670; x_wconf 80' lang='lat' dir='ltr'><strong>cor-</strong></span> 
     </span>
    </p>
   </div>
   <div class='ocr_carea' id='block_1_128' title="bbox 2569 5658 4187 5743">
    <p class='ocr_par' dir='ltr' id='par_1_128' title="bbox 2569 5658 4187 5743">
     <span class='ocr_line' id='line_1_129' title="bbox 2569 5658 4187 5743; baseline -0.012 -16"><span class='ocrx_word' id='word_1_828' title='bbox 2569 5658 2903 5738; x_wconf 68' lang='lat' dir='ltr'><strong>rumpetur.</strong></span> <span class='ocrx_word' id='word_1_829' title='bbox 2941 5658 3006 5743; x_wconf 72' lang='lat' dir='ltr'><strong>Et</strong></span> <span class='ocrx_word' id='word_1_830' title='bbox 3030 5679 3245 5743; x_wconf 78' lang='lat' dir='ltr'><strong>rursus</strong></span> <span class='ocrx_word' id='word_1_831' title='bbox 3276 5658 3526 5743; x_wconf 28' lang='lat' dir='ltr'><strong>(ibi‘d.v,</strong></span> <span class='ocrx_word' id='word_1_832' title='bbox 3549 5661 3664 5730; x_wconf 75' lang='lat'><strong>&#39;27):</strong></span> <span class='ocrx_word' id='word_1_833' title='bbox 3695 5658 3888 5728; x_wconf 77' lang='lat' dir='ltr'><strong>Cujus</strong></span> <span class='ocrx_word' id='word_1_834' title='bbox 3904 5665 4187 5726; x_wconf 78' lang='lat' dir='ltr'><strong>regnum,</strong></span> 
     </span>
    </p>
   </div>
   <div class='ocr_carea' id='block_1_129' title="bbox 2569 5739 3411 5808">
    <p class='ocr_par' dir='ltr' id='par_1_129' title="bbox 2569 5739 3411 5808">
     <span class='ocr_line' id='line_1_130' title="bbox 2569 5739 3411 5808; baseline -0.012 -8"><span class='ocrx_word' id='word_1_835' title='bbox 2569 5758 2820 5808; x_wconf 83' lang='lat' dir='ltr'><strong>regnum</strong></span> <span class='ocrx_word' id='word_1_836' title='bbox 2851 5739 3279 5808; x_wconf 76' lang='lat' dir='ltr'><strong>sempiternum</strong></span> <span class='ocrx_word' id='word_1_837' title='bbox 3309 5739 3411 5792; x_wconf 75' lang='lat' dir='ltr'><strong>est;</strong></span> 
     </span>
    </p>
   </div>
   <div class='ocr_carea' id='block_1_130' title="bbox 2665 5809 3182 5888">
    <p class='ocr_par' dir='ltr' id='par_1_130' title="bbox 2665 5809 3182 5888">
     <span class='ocr_line' id='line_1_131' title="bbox 2665 5809 3182 5888; baseline -0.014 -17"><span class='ocrx_word' id='word_1_838' title='bbox 2665 5811 2756 5888; x_wconf 67' lang='grc' dir='ltr'><strong>ον)</strong></span> <span class='ocrx_word' id='word_1_839' title='bbox 2774 5811 2923 5870; x_wconf 78' lang='lat' dir='ltr'><strong>Dan.</strong></span> <span class='ocrx_word' id='word_1_840' title='bbox 2945 5813 3066 5878; x_wconf 77' lang='lat' dir='ltr'><strong>xm,</strong></span> <span class='ocrx_word' id='word_1_841' title='bbox 3095 5809 3182 5866; x_wconf 62' lang='grc' dir='ltr'><strong>ιτς</strong></span> 
     </span>
    </p>
   </div>
  </div>
