4468 6450
332 355 440 411 697

1334 369 1336 372 ·
1402 351 1471 409 IN
1509 349 2125 411 ANNUNTIATIONEM
2159 350 2225 407 Β.
2265 350 2529 410 MARLE.

3589 347 3693 405 698

330 478 478 541 ἐντὸς
520 486 616 542 τῆς
669 478 912 552 παλάμῃς
999 478 1148 542 ὀξέως
1203 478 1320 552 ὁρᾷ,
1373 477 1468 530 κᾶν
1523 485 1622 530 τῶν
1678 479 1809 551 ἄγαν
1852 481 1929 538 εἴη
1965 480 2010 535 Α
2043 493 2094 534 ac

1927 501 1929 529 ι
1965 480 2010 535 A
2043 478 2154 534 scit
2171 478 2499 550 antequam
2523 475 2689 543 ﬂant,
2734 478 2792 533 et
2821 475 2882 534 in
2925 487 3111 534 manu
3143 472 3270 545 ejus
3297 483 3496 527 omnes
3545 470 3691 537 ﬁnes

330 567 763 638 λεπτεπιλίπτων,
790 568 888 627 κάν
906 574 1006 628 τῶν
1035 573 1195 644 μήπω
1217 571 1683 645 παρενηνεγμίνων.

411 834 519 892 ΙΘ’.
549 839 700 908 Μέγα
724 832 784 890 δι
837 854 941 902 σοι,
995 836 1075 890 ὅτι
1115 839 1204 889 καὶ
1256 835 1330 898 εἰς
1385 834 1608 908 βασιλία
1659 838 1938 907 κίχρισται

333 929 432 976 τοῦ
463 924 701 998 Ἰσραήλ.
749 925 954 986 Μείξων
992 924 1052 979 ἃν
1102 927 1179 983 εἴη
1223 927 1410 978 τούτου
1432 926 1458 977 ὁ
1490 923 1652 978 Σαούλ
1676 945 1688 958 ·
1717 925 1794 977 ὃτι
1849 927 1939 977 καὶ

333 1015 474 1065 κατὰ
502 1014 641 1066 θείαν
669 1018 953 1089 κίχρισται
988 1014 1161 1086 ψῆφον
1190 1035 1203 1048 ·
1263 1019 1351 1066 καὶ
1400 1015 1427 1066 ὁ
1478 1019 1711 1085 χρίστης
1774 1012 1938 1065 πολυ-

337 1101 618 1175 θρύλλητος
655 1106 722 1155 τὰ
759 1103 832 1164 εἰς
869 1106 1189 1174 ἁγιωσύνην,
1254 1102 1495 1166 Σαμουὴλ
1521 1105 1622 1175 γὰρ
1658 1123 1671 1137 ο
1721 1107 1810 1154 καὶ
1857 1103 1939 1154 ὅτι

331 1199 534 1264 πρῶτος
561 1189 915 1263 βασιλεὺςκαὶ
967 1191 1111 1265 ἁρχὴ
1171 1195 1373 1245 πάντων
1436 1199 1537 1244 τῶν
1593 1191 1703 1263 μετ’
1748 1191 1928 1247 αὐτόν.

335 1284 437 1332 Καὶ
481 1280 598 1334 οὗτε
651 1277 1099 1356 εἰδωλολατρήσας
1163 1284 1478 1354 εὑρίσκεται,
1559 1281 1667 1333 οὔτ’
1723 1280 1937 1352 αλλοφύο

328 1368 437 1431 λοις
477 1372 799 1446 ωμφθαρεὶς
835 1371 1096 1442 γυναιξὶν,
1155 1372 1223 1424 ὧν
1269 1374 1362 1434 τὰς
1421 1370 1684 1443 ἔπιμιξίας
1727 1371 1752 1421 ὁ
1812 1372 1935 1430 Θιὸς

329 1456 711 1532 ἀπηγόρευσαν.
782 1460 916 1512 Ἀλλ’
1001 1463 1176 1535 ὅτιπερ
1248 1460 1296 1514 ἂν
1383 1460 1584 1521 πολλοῖς
1671 1465 1932 1532 παρήκοος

328 1549 479 1620 ὤφθη
557 1556 658 1601 τῶν
750 1550 843 1605 τοῦ
905 1552 1323 1622 παντοκράτορος
1374 1551 1814 1622 προσταγμάτων,
1865 1548 1931 1608 εἰς

326 1641 425 1696 τὴν
473 1645 574 1690 τῶν
625 1643 1066 1712 κατακεκριμένων
1119 1646 1302 1714 μοῖραν
1355 1637 1654 1706 ὠϐελισται,
1698 1643 1786 1690 καὶ
1835 1658 1929 1691 πι-

327 1734 440 1800 κρῷ
509 1728 710 1800 θανάτῳ
777 1732 864 1781 τὸν
946 1728 1065 1802 βίον
1126 1728 1464 1803 κατέστρεψε,
1530 1735 1619 1780 καὶ
1671 1727 1929 1800 ὠφέληται

2044 570 2218 624 terra
2242 565 2356 640 (93)
2382 565 2770 634 sustinentur,
2797 568 3004 636 etquae
3061 560 3380 619 constricta
3427 558 3692 632 cujusvis

2046 670 2234 715 manu
2258 655 2578 720 abduntur,
2613 657 2784 711 acute
2810 651 3113 727 perspicit,
3144 649 3252 707 etsi
3283 647 3693 710 minutissima

2049 746 2187 815 sint,
2209 745 2320 802 etsi
2348 743 2610 801 necdum
2634 745 2696 801 in
2732 742 2864 800 luce
2886 741 3137 814 prolata.

2122 836 2248 894 XIX.
2290 836 2364 892 At
2399 849 2692 905 magnum
2715 831 2864 906 quid
2893 830 2996 888 tibi
3024 829 3276 897 videtur,
3305 826 3473 902 quod
3515 826 3576 882 in
3599 839 3690 882 re.

2048 939 2185 996 gem
2223 923 2401 981 Israel
2427 923 2758 992 (Salomon)
2791 926 3005 979 unctus
3043 919 3138 976 sit.
3181 917 3360 991 Atqui
3395 916 3591 989 potior
3628 915 3691 973 in

2049 1015 2224 1075 Saule
2260 1015 2390 1072 hinc
2436 1014 2830 1087 prmrogativa
2863 1011 3048 1069 videri
3099 1013 3340 1083 posset;
3373 1011 3501 1065 tum
3547 1006 3691 1080 quia

2048 1110 2199 1162 nutu
2218 1103 2423 1162 divino
2441 1106 2655 1162 unctus
2667 1102 2794 1167 fuit;
2811 1106 2938 1160 tum
2952 1100 3096 1175 quia
3111 1098 3216 1172 qui
3236 1113 3376 1155 eum
3393 1096 3579 1162 unxit,
3594 1111 3690 1152 ce-

2046 1193 2397 1250 leberrimus
2407 1199 2533 1250 erat
2546 1192 2885 1258 sanctitate;
2909 1205 3051 1246 nam
3075 1188 3244 1244 unxit
3261 1202 3401 1243 eum
3416 1184 3687 1252 Samuel;

2046 1289 2173 1340 tum
2202 1283 2347 1356 quia
2372 1283 2525 1338 inter
2551 1296 2720 1353 reges
2756 1281 2989 1354 primus
3038 1278 3163 1343 fuit,
3205 1283 3262 1334 et
3313 1279 3686 1341 cunctorum,

2043 1374 2146 1448 qui
2171 1372 2514 1446 postipsum
2527 1371 3078 1436 fuerunt,exorsus;
3105 1365 3213 1422 sed
3228 1380 3424 1438 neque
3446 1364 3689 1436 uspiam

2041 1460 2508 1534 deprehenditur
2562 1459 2961 1516 idololatriam
3018 1457 3249 1530 lapsus,
3312 1468 3510 1527 neque
3607 1451 3686 1510 ab

2039 1550 2406 1623 alienigenis,
2435 1565 2695 1622 quarum
2728 1552 2882 1605 Deus
2923 1544 3420 1603 consuetudinem
3451 1541 3689 1600 interdi-

2038 1645 2227 1708 xerat,
2257 1639 2494 1696 feminis
2523 1643 2857 1711 corruptus.
2909 1642 3185 1694 Attamen
3237 1649 3375 1690 cum
3407 1631 3688 1704 Omnipo~

2039 1730 2212 1786 tentis
2238 1727 2538 1785 mandatis
2558 1728 2777 1800 pluries
2799 1743 2860 1783 se
2890 1725 3047 1783 male
3075 1724 3507 1798 obsequentem
3525 1723 3690 1780 exhi-

329 1811 485 1868 οὐδὶν
518 1815 603 1888 ἀφ’
641 1815 709 1868 ὧν
771 1819 796 1870 ὁ
864 1821 995 1880 Θεὸς
1044 1815 1120 1871 δι’
1175 1819 1371 1872 οἰκείαν
1427 1819 1752 1891 συμπάθειαν
1792 1818 1929 1888 αὐτῷ
1959 1833 2002 1886 Β
2039 1819 2093 1875 bl

1925 1845 1929 1866 ν
1959 1833 2002 1886 Β
2039 1819 2286 1887 buisset,
2337 1818 2398 1874 in
2422 1816 2814 1890 reproborum
2852 1819 3073 1872 sortem
3125 1815 3446 1888 deputatus
3498 1817 3603 1879 est,
3633 1818 3689 1871 et

331 1904 662 1981 ὶχαρίσατο·
723 1908 913 1981 μᾶλλον
967 1907 1027 1963 δί
1082 1915 1171 1963 καὶ
1221 1906 1485 1982 καταδίκῃ
1534 1908 1930 1967 καθυποϐίϐλη-

330 2014 422 2048 ται
465 2004 527 2068 τῇ
576 1996 803 2072 ἐσχάτῃ,
879 2001 960 2052 ὅτι
1013 2003 1100 2053 τὸν
1153 2000 1419 2074 εὐεργέτην
1469 1999 1763 2075 ἐξώργισεν,
1819 1997 1932 2055 ἀντὶ

332 2083 543 2156 ἀγαθῶν
564 2095 740 2149 κακοῖς
771 2087 1138 2163 ἀμειψάμενος.

2038 1908 2223 1964 vitam
2249 1907 2467 1964 acerba
2496 1911 2683 1963 morte
2704 1905 2965 1966 absolvit
2983 1923 2996 1972 ;
3017 1908 3074 1962 et
3101 1903 3245 1962 nihil
3262 1908 3310 1962 ei
3334 1901 3688 1976 profuerunt

2041 1996 2350 2066 beneficia,
2395 1995 2616 2072 quibus
2657 1995 2823 2056 illum
2878 1995 3031 2050 Deus
3060 2010 3133 2050 ex
3161 1993 3526 2062 benignitate
3573 2007 3688 2050 sua

2044 2091 2260 2160 sponte
2289 2085 2718 2152 cumulaverat,
2741 2085 2862 2141 imo
2885 2099 3024 2140 vero
3045 2085 3103 2139 in
3123 2082 3540 2153 gravissimam
3560 2097 3685 2138 om~

330 2176 504 2232 nium
553 2177 1006 2238 damnationem
1057 2183 1374 2252 propterea
1423 2178 1778 2253 provolutus
1830 2181 1934 2248 est,
1990 2176 2176 2250 quod,
2237 2175 2398 2233 mala
2448 2190 2558 2249 pro
2601 2175 2798 2242 bonis,
2838 2173 3194 2248 rependens,
3241 2170 3685 2230 benefactorem

327 2282 509 2322 suum
542 2266 620 2322 ad
650 2267 1130 2338 indignationem
1170 2269 1501 2325 concitavit.

402 2355 479 2413 κ’.
524 2357 683 2409 Πάλιν
716 2355 803 2410 οὖν
857 2357 1029 2431 ἐρωτῶ
1090 2379 1167 2428 σε,
1214 2366 1302 2412 καὶ
1354 2359 1507 2412 πάλιν
1555 2380 1643 2432 μοι
1701 2357 1924 2432 ἀποκρί-

326 2447 450 2502 Θητι
511 2462 524 2474 ⁵
584 2449 666 2500 Ἐν
739 2452 839 2500 τίνι
878 2457 978 2500 τῶν
1029 2457 1116 2501 τοῦ
1173 2449 1493 2522 Σολομῶντος
1551 2449 1924 2522 μεγαλαυχείς,

320 2541 414 2586 καὶ
465 2537 588 2608 ὑπερ
643 2542 779 2600 τίνος
828 2538 1010 2601 πολλος
1079 2538 1301 2600 ἐπαίνοις
1369 2540 1523 2593 αὑτὸν
1589 2539 1924 2605 καταντλεῑς;

318 2624 466 2688 Ὀτι,
527 2633 677 2696 φησὶ,
759 2636 1046 2702 σοφώτερος
1095 2639 1195 2680 τῶν
1238 2649 1292 2682 τε
1343 2633 1443 2704 πρὸ
1503 2630 1661 2682 αὑτοῦ
1703 2635 1792 2681 καὶ
1831 2636 1927 2680 τῶν

321 2717 438 2787 μετ’
497 2717 649 2768 αὑτὸν
706 2716 966 2790 βασιλέων
1035 2728 1262 2795 φανερῶς
1329 2723 1726 2794 μεμαρτύρηται
1780 2740 1790 2752 ·
1838 2723 1927 2770 καὶ

324 2801 491 2869 δόξης
544 2806 825 2877 saeuam;
888 2813 976 2860 καὶ
1032 2808 1256 2862 πλούτου
1319 2809 1612 2882 ὁγκῶματος
1670 2808 1930 2884 βασιλικῷ

321 2903 397 2966 τῷ
425 2900 591 2968 πήχει
621 2902 736 2958 τοὺς
758 2897 938 2960 ἄλλους
967 2905 1246 2958 νενίκηκεν·

1605 3101 1619 3114 ·
1667 3087 1795 3141 Θεος
1837 3085 1927 3132 τοῦ

325 3168 612 3236 χρήματος
642 3169 827 3219 τούτου
857 3164 1022 3241 δοτὴρ
1155 3168 1428 3245 ἀνθρώπῳ,
1462 3171 1490 3229 ἦ
1529 3179 1739 3241 συχνῶν
1770 3167 1925 3242 ἱδρῶ-

396 3074 522 3127 Εἰπὶ
548 3072 633 3128 οὖν
660 3097 770 3149 μοι,
798 3081 926 3151 πρὸς
945 3085 1036 3131 τοῦ
1086 3087 1179 3131 σοῦ
1224 3079 1546 3152 Σολομῶντος

321 3271 423 3304 των
500 3259 588 3307 καὶ
642 3265 853 3331 μακρῶν
924 3261 1236 3331 πονημςίτων
1312 3268 1401 3320 τῆς
1460 3259 1644 3332 αρετῆς
1709 3259 1926 3312 ἔπαθλον

319 3341 497 3396 ἴλαϐεν
531 3362 542 3410 ;

321 3431 595 3505 βασιλείας
643 3432 962 3510 δραξάμενος
997 3455 1009 3506 ;
1045 3444 1173 3492 Θεία
1205 3436 1264 3493 δὲ
1323 3442 1351 3499 ἡ
1399 3442 1578 3514 χάρις,
1611 3445 1699 3493 καὶ
1729 3443 1783 3493 τὸ
1826 3436 1927 3492 δῶ-

317 3541 408 3598 ρον
453 3527 788 3599 θεόπεμπτον.

597 3345 692 3413 Οὺ,
737 3352 915 3419 φησί·
969 3357 1078 3411 πῶς
1124 3352 1245 3422 γὰρ,
1300 3347 1632 3411 δωδεκαέτης
1680 3370 1780 3402 που
1830 3359 1926 3412 τῆς

393 3797 640 3866 Σὺμφημί
695 3815 778 3848 σοι
832 3795 978 3869 καγῶ
1027 3820 1038 3832 ·
1096 3803 1184 3852 καὶ
1228 3810 1504 3873 προσκυνῶ
1560 3806 1643 3854 τὸν
1700 3799 1922 3878 δοτῆρα⁹

316 3887 498 3958 καὶ-τὸ
532 3881 698 3958 δῶρον
759 3885 1089 3961 ἀσπαζομαι.
1150 3886 1547 3943 Ἀποδέδεικται
1599 3888 1707 3962 οὖν,
1765 3897 1832 3955 ὡς
1891 3896 1920 3953 ἡ

318 3979 494 4045 σοφία,
531 3977 558 4032 ἡ
611 3971 762 4039 δόξα,
805 3977 829 4028 ὁ
871 3977 1110 4048 πλοῦτος,
1156 3981 1181 4032 ὁ
1241 3990 1334 4042 τῆς
1373 3987 1741 4055 κατασχέσεως
1788 3984 1922 4036 πλα-

312 4069 517 4135 τνσμὸς
580 4063 881 4137 θεοδῶρητεξ
963 4068 1074 4121 ἐστι
1131 4070 1539 4144 φιλοτιμήματα.
1593 4080 1718 4141 Ναὶ,
1782 4077 1809 4134 ᾖ
1875 4081 1925 4128 τί

313 4151 411 4218 φῄς
461 4164 472 4212 ;
527 4151 625 4198 Καὶ
681 4150 816 4200 πὰνυ
869 4169 946 4219 γε.
1004 4152 1094 4211 Οἷς
1153 4149 1210 4204 δὲ
1279 4153 1404 4205 πολὺ
1458 4158 1777 4222 πιστεύεται,
1833 4163 1922 4210 καὶ

310 4235 444 4287 πολύ
528 4237 795 4296 ἀπαιτηθὴ
808 4258 952 4291 σεται
1024 4257 1040 4272 ο

1114 4248 1202 4294 καὶ
1277 4245 1323 4294 οἱ
1395 4240 1607 4296 δυνατοὶ
1687 4243 1923 4309 δυνατῶς

310 4323 718 4383 ἕτασθήσονται.
769 4331 990 4401 Τίθεμαι
1035 4352 1046 4362 -
1091 4331 1250 4384 αὐτοῦ
1295 4336 1396 4408 γάρ
1442 4334 1582 4386 ἐστιν
1632 4337 1659 4392 ἡ
1723 4335 1920 4408 ἀποφα-

312 4435 398 4473 σις
466 4415 810 4489 Σολομῶντος.
868 4420 924 4469 Ὀ
965 4427 1089 4489 γοῦν
1139 4426 1413 4474 τοσούτων
1463 4430 1552 4476 καὶ
1599 4425 1917 4483 τηλικούτων

310 4502 614 4566 ἀπολαύσας
654 4509 798 4559 θείων
837 4513 1075 4581 χαρίτων
1108 4507 1200 4562 διὰ
1251 4516 1344 4570 την
1402 4522 1492 4565 τού
1545 4521 1676 4566 Θεοῦ
1718 4514 1916 4586 ἀγαθο-
1955 4501 1994 4553 ί)

307 4614 464 4661 τητα,
494 4607 805 4668 μακαριστῶ
837 4599 965 4651 τέλει
1004 4604 1089 4651 τὸν
1125 4599 1240 4672 βίον
1298 4601 1582 4675 ἕσνρραγισε
1644 4612 1732 4658 καὶ
1792 4606 1918 4678 ἀξίῳ

308 4693 406 4746 τῆς
463 4681 837 4758 δεδωρημένης
883 4692 1048 4760 τούτῳ
1090 4697 1320 4762 σοφίας;
1372 4693 1399 4752 ἦ
1450 4696 1531 4746 ἐπὶ
1572 4695 1794 4768 κεφαλὴν
1854 4697 1918 4758 εἰς

309 4773 581 4850 βάραθρον
636 4775 868 4839 ἀσεϐείας
937 4780 1308 4852 κατεκυλίσθη,
1376 4789 1465 4837 καὶ
1522 4784 1807 4845 ἐϐεϐηλωσε
1854 4789 1918 4840 τὰ

308 4866 439 4938 οἰγια
477 4874 644 4920 ταῦτα
666 4865 958 4944 δωρήματα
982 4889 995 4939 ;

377 5141 443 5189 Τί
475 5143 692 5207 σιωπᾷς,
719 5135 945 5192 Ἰουδαίε
999 5159 1012 5204 ;
1052 5140 1288 5195 Ἐπέλιπὲ
1343 5162 1399 5195 σε
1451 5142 1604 5214 λόγος
1647 5152 1738 5206 τῆς
1789 5147 1918 5198 ἀπο.

302 5232 528 5299 κρίσεως
553 5229 690 5278 οὕτω
716 5234 952 5299 faxim;
988 5232 1119 5301 Ἐγώ
1150 5251 1243 5283 σου
1289 5242 1349 5291 τῆ
1383 5231 1576 5308 ἀπορία
1632 5233 1914 5306 βοηθήσω,

301 5319 392 5368 τὸν
452 5317 725 5368 θεσπέσιον
803 5318 1049 5380 Ἰεζεκιήλ
1089 5327 1430 5395 παραγαγὼν,
1481 5322 1671 5394 μᾶλλον
1715 5321 1773 5377 δι
1824 5334 1915 5378 του

301 5407 351 5457 ἓν
393 5405 533 5475 αὐτῷ
570 5405 904 5468 λελαληκὸτος
934 5416 1089 5475 Θεοῦ,
1116 5407 1342 5477 δεηθεὶς,
1391 5413 1472 5464 ἵνα
1527 5418 1616 5471 την
1674 5411 1768 5467 δια
1822 5424 1913 5468 τοῦ

301 5494 557 5554 Ἰιζεκιήλ
602 5497 867 5570 ἀπόφασιν
914 5499 1067 5552 πάλιν
1132 5499 1462 5574 ἁποφανῆται
1511 5505 1647 5574 (96).
1709 5505 1792 5556 Ἐν
1841 5515 1911 5578 τῷ

399 5641 494 5712 93)
524 5639 669 5698 Psal.
719 5658 880 5712 xciv,
906 5647 959 5702 4.

399 5641 494 5712 93)
524 5639 669 5698 Psal.
719 5658 854 5702 xciv

369 5639 488 5784 ξω)
519 5712 654 5772 Luc.
679 5717 782 5786 xu,
804 5687 901 5774 $5;

1969 3122 2009 3176 C

2111 2358 2214 2412 ΧΧ.
2247 2358 2504 2412 Rursum
2527 2356 2730 2428 itaque
2757 2359 2812 2411 te
2841 2356 3162 2424 interrogo,
3190 2369 3258 2410 ac
3280 2352 3426 2409 mihi
3447 2366 3686 2408 rursum

2036 2447 2336 2519 responde
2368 2463 2380 2502 :
2415 2446 2819 2512 Quamobrem
2846 2461 2916 2500 ex
2939 2444 3242 2509 omnibus,
3269 2459 3404 2516 quae
3427 2443 3505 2498 ab
3527 2442 3688 2498 Salo-

2039 2551 2280 2592 monem
2305 2541 2596 2609 spectant,
2628 2540 2932 2608 tantopere
2955 2536 3149 2606 jactas
3180 2535 3206 2590 ?
3230 2535 3359 2599 Qua
3402 2533 3477 2588 de
3503 2548 3687 2589 causa

2039 2631 2164 2681 tam
2213 2626 2414 2681 multis
2461 2642 2598 2682 eum
2645 2625 2928 2682 laudibus
2977 2624 3183 2680 obruis
3211 2624 3238 2680 ?
3273 2623 3440 2689 Quia,
3473 2623 3683 2694 inquit,

2040 2716 2331 2771 universis
2371 2716 2635 2786 regibus,
2673 2716 2776 2787 qui
2802 2731 2938 2771 eum
2970 2730 3073 2770 seu
3103 2715 3538 2785 praecesserunt
3579 2727 3688 2768 seu

2041 2807 2350 2862 subsecuti
2375 2812 2534 2875 sunt,
2558 2807 2975 2881 sapientiorem
2998 2805 3162 2860 illum
3181 2803 3378 2872 fuisse,
3399 2801 3687 2873 omnibus

2039 2895 2588 2967 exploratissimum
2618 2900 2706 2963 est
2739 2901 2828 2951 :et
2850 2895 2995 2969 quia
3018 2894 3218 2964 glorias
3250 2892 3611 2948 sublimitate
3633 2894 3688 2948 et

2039 3000 2225 3057 opum
2259 2985 2543 3058 superbia
2572 2987 2735 3055 regio
2764 2985 2964 3041 cubito
2995 2984 3257 3056 reliquos
3287 2981 3613 3054 superavit.

2112 3074 2212 3131 Die
2241 3091 2383 3145 ergo
2415 3076 2579 3142 mihi,
2606 3076 2962 3145 gratuitone,
2991 3073 3158 3146 quod
3183 3073 3261 3128 ad
3293 3077 3463 3128 tuum
3529 3069 3688 3127 Salo-

2039 3180 2283 3220 monem
2314 3165 2537 3233 attinet,
2572 3165 2724 3220 Deus
2744 3165 2973 3221 homini
2996 3167 3210 3220 cuncta
3238 3165 3365 3218 hanc
3401 3165 3523 3218 tam
3554 3177 3688 3216 am-

2037 3252 2138 3325 pla
2175 3254 2338 3310 dono
2359 3254 2540 3320 dedit,
2570 3270 2646 3310 an
2678 3269 2820 3310 vero
2868 3258 3159 3326 tanquam
3208 3251 3504 3307 sudorum
3533 3250 3690 3320 jugi.

2037 3348 2123 3398 ter
2142 3344 2542 3409 manantium,
2577 3344 3120 3415 diuturnorumque
3165 3341 3689 3410 laborumjustam

2037 3434 2377 3489 mercedem
2426 3435 2534 3489 iste
2590 3449 2660 3490 ea
2715 3433 2958 3489 retulit?
3005 3436 3420 3505 Nequaquam,
3463 3429 3686 3502 inquit;

2036 3524 2349 3595 quomodo
2372 3525 2530 3579 enim
2584 3540 2733 3596 puer
2780 3523 3120 3578 duodennis
3160 3537 3418 3591 regnum
3448 3520 3689 3591 uspiam

2036 3614 2389 3671 obtinuisset
2416 3616 2443 3670 ?
2469 3619 2584 3671 Hoc
2609 3630 2754 3671 sane
2781 3614 3139 3670 beneﬁcium
3166 3611 3579 3676 fuitdivinum,
3619 3624 3690 3666 ae

2035 3703 2267 3760 donum
2302 3706 2532 3762 caelitus
2561 3704 2867 3761 collatum.

2109 3797 2228 3864 Ego
2253 3811 2496 3868 quoque
2525 3801 2718 3852 tecum
2752 3796 2962 3865 sentio,
2989 3798 3045 3850 et
3086 3792 3428 3862 largitorem
3475 3790 3685 3856 adoro,

2033 3885 2384 3958 donumque
2413 3886 2612 3958 ipsum
2637 3886 2973 3943 exosculor.
3005 3886 3388 3957 Compertum
3412 3882 3690 3952 estigitur

2037 3977 2416 4048 sapientiam,
2476 3978 2746 4047 gloriam,
2812 3977 3047 4032 divitias
3101 3991 3170 4031 ac
3231 3973 3690 4046 possessionum

2035 4066 2492 4139 amplitudinem
2526 4067 2773 4123 totidem
2806 4067 3062 4137 gratuita
3087 4065 3305 4120 divinae
3332 4062 3689 4119 muniﬁcen-

2036 4156 2126 4210 tiae
2156 4171 2407 4211 munera
2427 4157 2740 4211 exstitisse.
2787 4156 3086 4211 Faterisne
3133 4155 3214 4209 ita
3245 4169 3493 4226 prorsus
3515 4152 3690 4208 esse?

2035 4249 2241 4302 Fateor
2271 4246 2596 4303 enimvero.
2641 4250 2815 4301 Porro
2841 4246 3054 4317 quibus
3084 4247 3342 4299 multum
3387 4243 3690 4299 concredi~

2034 4342 2157 4391 tum
2180 4343 2284 4402 est,
2313 4338 2566 4391 multum
2597 4338 2942 4408 requirelur
2970 4335 3043 4390 ab
3070 4336 3149 4389 eis
3172 4335 3306 4403 (9t);
3331 4340 3383 4389 et
3421 4337 3687 4401 potentes

2029 4430 2304 4493 potenter
2319 4431 2613 4481 tormenta
2627 4427 2947 4494 patiuntur
2968 4425 3098 4494 (95),
3126 4425 3363 4479 Certum
3386 4421 3446 4475 id
3467 4421 3686 4491 habeo;

2031 4521 2122 4570 est
2150 4514 2310 4570 enim
2349 4519 2642 4570 sententia
2694 4515 2883 4586 ipsius
2943 4512 3298 4569 Salomonis.
3359 4510 3457 4566 Hic
3487 4510 3688 4581 igitur,

2029 4606 2133 4676 qui
2161 4610 2242 4660 tot
2270 4607 2566 4677 tantisque
2594 4621 2623 4659 e
2656 4606 2750 4659 Dei
2802 4604 3066 4659 bonitate
3093 4600 3431 4657 coelestibus
3478 4616 3690 4656 mune-

2029 4693 2193 4748 ribus
2216 4694 2557 4750 cumulatus
2581 4699 2690 4761 est,
2714 4709 2861 4748 num
2885 4694 3044 4748 exitu
3067 4689 3595 4748 admodumbeato
3619 4705 3690 4746 ac

2029 4783 2215 4855 digno
2251 4785 2544 4857 sapientia
2575 4785 2686 4840 sibi
2716 4785 2943 4840 donata
2981 4784 3161 4839 vitam
3207 4780 3516 4840 coronavit
3548 4782 3575 4837 ?
3600 4784 3690 4836 An

2028 4890 2150 4932 non
2177 4875 2376 4948 potius
2411 4877 2470 4931 in
2501 4875 2822 4948 impietatis
2860 4875 3211 4931 barathrum
3260 4889 3450 4946 usque
3490 4872 3568 4928 ad
3595 4887 3693 4928 ca-

2031 4971 2135 5038 put
2165 4966 2480 5023 devolutus
2527 4972 2632 5034 est,
2677 4983 2746 5023 ac
2789 4966 2994 5023 divina
3048 4965 3148 5022 illa
3198 4980 3451 5021 munera
3493 4963 3689 5037 profa-

2029 5057 2192 5113 navit
2221 5058 2249 5113 ?

2103 5146 2254 5212 Quid
2289 5151 2468 5215 taces,
2501 5163 2536 5202 ο
2566 5147 2772 5202 Judmc
2803 5151 2830 5201 ?
2862 5147 3101 5202 Adeone
3153 5147 3268 5203 cito
3308 5145 3544 5202 nullum
3585 5143 3692 5201 tibi

2031 5238 2292 5310 suppetit
2312 5238 2708 5311 responsum?
2734 5238 3308 5311 Suppetiasheerenti
3339 5243 3578 5308 egomet
3603 5236 3692 5294 fe-

2026 5327 2467 5394 ram,divinitus
2497 5330 2742 5383 doctum
2775 5328 3139 5384 Ezzchielem
3167 5328 3228 5384 in
3255 5328 3526 5384 medium
3550 5343 3690 5401 pro-

2027 5417 2275 5483 ducens,
2299 5433 2402 5472 seu
2423 5419 2620 5488 potius
2647 5421 2830 5472 Deum
2860 5418 3081 5490 ipsum,
3101 5419 3204 5491 qui
3231 5433 3338 5490 per
3369 5433 3508 5474 eum
3530 5416 3692 5474 locu-

2026 5511 2118 5563 tus
2140 5512 2247 5574 est,
2271 5507 2626 5579 deprecans,
2678 5513 2739 5563 ut
2779 5507 3135 5564 sententiam
3177 5524 3284 5581 per
3327 5507 3689 5565 Ezechielem

2089 5653 2203 5724 (95)
2240 5653 2375 5728 Sap.
2417 5670 2492 5728 vi,
2522 5659 2574 5710 7.
2679 5725 2682 5728 η

2092 5728 2204 5796 (96)
2234 5724 2380 5786 Cod.
2417 5724 2775 5803 ἀποφανείταιζ
