4468 6450
333 357 441 412 607

1403 353 1472 412 IN
1509 352 2126 414 ΑΝΝΠΝΤΙΛΤΙΟΝΕΜ
2160 353 2226 411 Β.
2266 354 2530 414 MARLE.

3590 352 3694 410 698

331 479 478 542 ὺτός
521 488 616 544 τῆς
669 479 913 553 παλάμῃς
1000 479 1149 544 ὀξέως
1204 480 1321 554 ὁρᾷ,
1374 479 1468 532 κᾶν
1524 488 1622 533 τῶν
1679 481 1810 554 ἄγαν
1852 484 1930 541 εἴη
1965 483 2010 538 Α
2045 496 2095 538 sc

1928 505 1930 528 ν
1965 483 2010 538 Α
2045 481 2154 538 scit
2171 481 2499 554 antequam
2523 478 2690 546 ﬁant,
2735 483 2792 537 et
2822 479 2883 538 in
2926 491 3110 539 manu
3144 477 3271 550 ejus
3297 489 3497 533 omnes
3544 475 3692 543 ﬁnes

331 568 764 640 λεπτιπιλέπτων,
792 569 889 628 κᾶν
907 576 1006 630 τῶν
1036 575 1195 646 μήπω
1217 574 1683 648 παρενηνεγμένων,

412 835 520 893 ιε’.
549 840 700 909 Μέγα
724 833 785 892 δὶ
837 855 942 904 σοι,
995 837 1076 892 ὅτι
1115 841 1204 892 καὶ
1257 837 1330 900 εἰς
1386 837 1609 911 βασιλέα
1660 841 1939 910 κίχρισται

334 931 432 978 τοῦ
463 925 702 1000 Ἰσραήλ.
749 927 954 988 Μιίξων
992 926 1053 981 διν
1103 930 1180 985 de
1224 929 1410 980 τούτου
1432 928 1458 980 6
1490 926 1653 981 Σαούλ
1676 947 1689 960 ·
1717 928 1794 979 ὅτι
1849 930 1939 980 καὶ

334 1016 475 1066 κατὰ
503 1016 642 1068 Θείαν
669 1019 954 1090 κίχρισται
989 1016 1161 1088 ψῆφον
1190 1037 1203 1050 ·
1263 1021 1352 1068 καὶ
1401 1017 1427 1068 6
1479 1021 1711 1088 χρίστης
1773 1015 1938 1068 πολυ-

337 1103 620 1176 Θρύλλητος
655 1107 722 1157 τὰ
760 1105 832 1166 εἰς
869 1107 1190 1176 ἁγιωσύνην,
1254 1105 1495 1169 Σαμουὴλ
1521 1107 1622 1178 γὰρ
1658 1125 1672 1140 ο
1722 1109 1810 1157 καὶ
1857 1105 1939 1157 ὅτι

331 1200 534 1265 πρῶτος
561 1191 807 1265 βασιλεὺς
826 1199 914 1246 καὶ
967 1193 1111 1267 ἀρχή
1172 1197 1373 1248 πάντων
1437 1201 1536 1246 τῶν
1593 1194 1702 1266 μετ’
1748 1194 1929 1250 αὐτόν.

335 1285 437 1334 Καὶ
481 1281 598 1336 οὔτε
650 1279 1099 1358 σίδωλολατρήσας
1163 1287 1478 1357 εὑρίσκεται,
1559 1284 1666 1336 οὔτ’
1723 1283 1936 1354 αλλοφύο

328 1369 436 1432 λοις
478 1374 800 1447 συμφθαριὶς
835 1373 1096 1444 γυναιξὶν,
1154 1375 1223 1426 ὧν
1269 1377 1362 1436 τὰς
1421 1372 1684 1445 ἄπιμιξίας
1727 1374 1752 1424 ὁ
1811 1375 1934 1434 Θεὸς

329 1457 711 1534 ἀπηγόρευσεν.
782 1462 916 1515 Ἀλλ’
1001 1465 1176 1538 ὅτιπερ
1248 1463 1296 1517 ἕν
1383 1462 1585 1523 πολλοῖς
1671 1468 1932 1535 παρήκοος

328 1551 479 1621 ὤφθη
557 1558 657 1602 τῶν
750 1552 843 1607 τοῦ
905 1554 1323 1625 παντοκράτορος
1373 1553 1814 1625 προσταγμάτων,
1864 1551 1930 1612 εἰς

325 1642 425 1697 τὴν
473 1647 573 1692 τῶν
625 1645 1066 1714 κατακεκριμένων
1118 1648 1302 1716 μοῖραν
1355 1640 1654 1709 ὠϐἰλισται,
1698 1646 1785 1694 καί
1834 1661 1928 1694 πι-

327 1735 440 1801 κρῷ
508 1730 711 1801 θανάτῳ
777 1734 864 1782 τόν
945 1730 1064 1803 βίον
1125 1731 1463 1805 κατέστρεψε,
1529 1737 1618 1783 καὶ
1670 1731 1928 1803 ὠφέληται

2044 573 2218 628 τεν-νε
2243 569 2356 643 (93)
2382 569 2771 638 sustinentur,
2797 572 3004 641 etquae
3061 565 3380 625 constricta
3427 563 3693 637 cujusvis

2046 674 2234 718 manu
2258 659 2578 724 abdantur,
2613 661 2784 716 acute
2811 656 3112 731 perspicit,
3145 654 3252 711 etsi
3283 653 3693 716 minutissima

2049 749 2187 819 sint,
2209 748 2321 806 etsi
2348 747 2610 805 necdum
2634 748 2697 804 in
2733 746 2865 804 luce
2886 745 3137 818 prolata.

2122 840 2249 898 XIX.
2291 839 2365 895 At
2400 852 2692 908 magnum
2715 835 2864 910 quid
2893 835 2996 893 tibi
3025 833 3277 903 videtur,
3306 831 3474 907 quod
3515 831 3577 887 in
3600 846 3691 888 re-

2048 942 2186 999 gem
2224 927 2401 984 Israel
2427 926 2758 998 (Salomon)
2791 931 3005 983 unctus
3043 924 3138 981 sit.
3182 922 3360 997 Atqui
3396 921 3592 995 potior
3628 921 3691 978 in

2050 1018 2225 1078 Saule
2260 1018 2390 1076 hinc
2436 1018 2830 1090 prmrogativa
2863 1015 3048 1073 videri
3099 1017 3340 1088 posset;
3374 1017 3502 1070 tum
3547 1012 3691 1086 quia

2048 1113 2199 1165 nutu
2218 1107 2423 1165 divino
2440 1110 2655 1166 unctus
2667 1107 2794 1171 fuit;
2810 1110 2938 1164 tum
2951 1105 3096 1179 quia
3110 1103 3216 1177 qui
3236 1118 3377 1161 eum
3392 1101 3580 1166 unxit,
3594 1116 3691 1157 ce-

2044 1197 2397 1254 leberrimus
2408 1202 2533 1254 erat.
2546 1196 2885 1262 sanctitate;
2909 1210 3051 1251 nam
3075 1193 3244 1249 unxit
3261 1207 3401 1248 eum
3417 1189 3687 1258 Samuel;

2045 1291 2173 1344 tum
2202 1286 2346 1360 quia
2372 1286 2524 1342 inter
2551 1300 2720 1357 reges
2756 1285 2989 1358 primus
3037 1283 3163 1349 fuit,
3205 1287 3262 1338 et
3313 1284 3686 1346 cunctorum,

2042 1377 2147 1451 qui
2171 1376 2513 1450 postipsum
2527 1375 2783 1440 fuerunt,
2798 1389 3078 1440 exorsus;
3105 1370 3213 1427 sed
3228 1385 3424 1444 neque
3446 1369 3688 1441 uspiam

2041 1464 2508 1537 deprehenditur
2561 1463 2961 1521 idololatriam
3017 1462 3249 1535 lapsus,
3312 1473 3508 1532 neque
3607 1457 3686 1516 ab

2039 1554 2406 1626 alienigenis,
2435 1569 2694 1626 quarum
2727 1556 2881 1609 Deus
2923 1550 3420 1608 consuetudinem
3450 1547 3688 1604 interdi-

2036 1648 2226 1712 xerat,
2257 1643 2494 1699 feminis
2523 1647 2857 1715 corruptus.
2909 1645 3186 1698 Attamen
3237 1655 3375 1696 cum
3406 1637 3687 1710 Omnipo-

2039 1733 2211 1790 tentis
2237 1731 2537 1789 mandatis
2557 1733 2776 1804 pluries
2799 1748 2860 1788 se
2889 1729 3046 1788 male
3075 1729 3507 1802 obsequentem
3524 1728 3688 1785 exhi-

329 1812 484 1869 οὐδὶν
517 1816 602 1890 ἀφ’
641 1816 708 1870 ὧν
770 1821 795 1872 6
863 1822 994 1882 Θεὸς
1043 1817 1119 1872 δι’
1175 1821 1370 1874 οἰκείαν
1426 1822 1751 1893 συμπάθειαν
1791 1821 1928 1892 αὐτῷ
1957 1836 2002 1889 Β
2038 1823 2093 1878 bl

1923 1847 1928 1870 ι
1957 1836 2002 1889 Β
2038 1823 2286 1891 buisset,
2335 1822 2397 1878 in
2421 1821 2812 1894 reproborum
2851 1824 3072 1877 sortem
3124 1819 3444 1892 deputatus
3497 1822 3602 1883 est,
3632 1823 3687 1876 et

331 1905 662 1982 ἐχαρίσατο·
722 1910 912 1983 μᾶλλον
966 1909 1026 1965 δὴ
1081 1917 1171 1965 καὶ
1220 1908 1484 1984 καταδίκῃ
1533 1911 1929 1970 καθυποϐίϐλη-

329 2016 421 2049 ται
464 2006 526 2070 τῇ
574 1997 802 2074 ἐσχάτῃ,
879 2003 958 2054 ὅτι
1012 2006 1099 2054 τόν
1152 2002 1418 2077 εὐεργέτην
1468 2001 1762 2078 ἕξὼργισεν,
1818 2001 1931 2058 ἀντὶ

332 2085 542 2158 ἀγαθῶν
563 2097 739 2151 κακοῖς
771 2089 1137 2165 ἀμειψάμενος.

2037 1912 2222 1968 vitam
2247 1911 2467 1967 acerba
2495 1916 2683 1967 morte
2704 1910 2995 1977 absolvit;
3016 1913 3073 1967 et
3100 1908 3245 1968 nihil
3261 1913 3310 1966 ei
3333 1906 3686 1980 profuerunt

2039 1999 2349 2070 beneficia,
2394 1999 2615 2076 quibus
2657 1999 2822 2061 illum
2877 2000 3030 2055 Deus
3059 2015 3131 2055 ex
3159 1997 3525 2067 benignitate
3572 2013 3686 2055 sua

2043 2095 2258 2163 sponte
2288 2089 2716 2157 cumulaverat,
2740 2090 2862 2145 imo
2885 2104 3024 2145 vero
3045 2089 3102 2143 in
3121 2087 3538 2158 gravissimam
3559 2102 3683 2143 om-

329 2177 504 2234 nium
552 2179 1005 2240 damnationem
1055 2185 1372 2254 propterea
1422 2181 1777 2256 provolutus
1829 2184 1934 2252 est,
1989 2179 2174 2254 quod,
2235 2179 2396 2237 mala
2447 2195 2557 2253 pro
2600 2178 2796 2246 bonis,
2837 2178 3192 2252 rependens,
3239 2175 3684 2234 benefactorem

327 2283 508 2323 suum
541 2268 619 2324 ad
648 2269 1129 2340 indignationem
1169 2272 1500 2328 concitavit.

401 2357 478 2415 κ’.
523 2358 682 2411 Πάλιν
715 2357 802 2412 οὖν
856 2359 1028 2433 ἐρωτῶ
1089 2381 1166 2431 σι,
1213 2367 1300 2414 καὶ
1353 2362 1506 2415 πάλιν
1555 2383 1642 2435 μοι
1700 2360 1922 2435 ἀποκρί-

325 2448 450 2504 Θητι
510 2464 522 2475 ·
583 2451 666 2502 Ἐν
738 2454 838 2502 τίνι
877 2459 976 2502 τῶν
1027 2460 1116 2504 τοῦ
1171 2451 1492 2524 Σολομῶντος
1549 2453 1923 2526 μεγαλαυχεῖς,

319 2542 413 2588 καὶ
464 2538 587 2610 ὑπὲρ
642 2545 778 2602 τίνος
827 2541 1009 2604 πολλός
1077 2540 1300 2603 ἓπαίνοις
1368 2543 1522 2595 αὐτόν
1588 2542 1923 2608 statam-3.23;;

316 2625 466 2690 Ὀτι.
526 2634 675 2698 φησὶ,
757 2637 1045 2704 σοφώτερος
1094 2640 1194 2683 τῶν
1237 2652 1290 2684 τι
1341 2636 1442 2707 πρὸ
1501 2632 1660 2684 αὐτοῦ
1701 2637 1790 2684 καὶ
1829 2639 1925 2684 τῶν

320 2718 437 2788 μετ’
496 2718 647 2770 αὐτόν
704 2718 964 2792 βασιλέων
1033 2730 1260 2796 φανερῶς
1326 2725 1724 2797 μεμαρτύρηται
1779 2743 1789 2755 ·
1837 2726 1926 2774 καὶ

323 2802 489 2870 δόξης
543 2808 823 2879 ὑψώματος
887 2816 974 2862 καὶ
1030 2811 1254 2864 πλούτου
1316 2812 1610 2886 ὀγκώματος
1668 2811 1928 2886 βασιλικῷ

319 2904 396 2967 τῷ
424 2901 590 2970 πήχει
619 2903 735 2960 τοὺς
756 2899 936 2963 ἄλλους
965 2907 1245 2960 νενίκηκεν*

1603 3103 1616 3117 ·
1665 3090 1793 3144 Θιος
1835 3088 1925 3135 τοῦ

323 3169 610 3236 χρήματος
640 3170 824 3220 τούτου
855 3166 1019 3243 δοτὴρ
1053 3172 1124 3240 τῷ
1153 3170 1426 3247 ἀνθρώπῳ,
1460 3174 1488 3232 ἡ
1527 3181 1737 3244 συχνῶν
1768 3170 1923 3245 ἱδρώ-

395 3075 521 3128 Εὶπέ
547 3073 632 3129 οὖν
657 3098 768 3150 μοι,
797 3083 925 3154 πρὸς
944 3087 1034 3132 τοῦ
1083 3089 1177 3133 σοῦ
1222 3081 1544 3154 Σολομῶντος

318 3272 421 3305 των
498 3261 586 3308 καὶ
640 3267 850 3333 μακρῶν
921 3264 1234 3333 πονημάτων
1309 3270 1398 3323 τῆς
1458 3261 1642 3335 ἀρετῆς
1707 3262 1923 3315 ἔπαθλον

317 3343 541 3412 ἵλαϐεν;
595 3346 690 3415 Οὔ,
734 3355 864 3420 φησί
902 3371 913 3383 ο
966 3359 1076 3413 πῶς
1121 3355 1243 3425 γὰρ,
1298 3349 1629 3413 δωδεκαέτης
1677 3372 1778 3405 που
1827 3362 1924 3415 τῆς

318 3433 593 3506 βασιλείας
640 3434 960 3511 δραξάμενος
994 3457 1006 3509 ;
1042 3446 1171 3494 Θεία
1203 3439 1261 3496 δὲ
1320 3443 1348 3501 ἡ
1396 3445 1576 3516 χάρις,
1609 3448 1697 3495 καὶ
1727 3446 1781 3496 τό
1823 3439 1925 3495 δῶ-

314 3543 406 3599 ρον
451 3528 785 3600 θεόπεμπτον,

390 3798 637 3868 Σὺμφημί
692 3816 774 3849 σοι
828 3797 974 3870 κάγώ
1023 3821 1035 3833 ·
1093 3806 1181 3853 καὶ
1225 3812 1500 3875 προσκυνῶ
1557 3808 1640 3856 τόν
1697 3801 1919 3882 δοτῆρα,

312 3888 495 3959 καὶίτὸ
529 3882 694 3960 δῶρον
756 3886 1086 3962 ἀσπαζομαι.
1147 3889 1544 3946 Ἀποδέδιικται
1595 3890 1704 3964 οὖν,
1762 3899 1828 3958 ὡς
1886 3899 1916 3956 ἠ

315 3979 491 4047 σοφία,
528 3977 555 4034 ἡ
607 3973 759 4041 δόξα,
801 3979 826 4030 6
867 3978 1106 4050 πλοῦτος,
1152 3984 1178 4034 6
1237 3991 1332 4044 τῆς
1370 3989 1738 4057 κατασχέσεως
1785 3987 1919 4040 πλα-

308 4070 514 4137 τυσμὸς
576 4064 877 4138 θεοδώρητςί
959 4070 1071 4123 ἐστι
1128 4071 1536 4146 φιλοτιμήματα.
1589 4082 1714 4144 Ναὶ,
1779 4079 1806 4136 ἦ
1871 4084 1922 4131 τί

310 4152 408 4220 φῄς
457 4165 468 4214 ;
523 4153 621 4200 Καὶ
677 4152 812 4202 πάνυ
865 4170 942 4221 γε.
1001 4154 1091 4213 Οἷς
1149 4150 1206 4206 δὲ
1275 4154 1401 4206 πολὺ
1455 4160 1773 4225 πιστεύεται,
1829 4165 1918 4212 καὶ

307 4236 440 4288 πολύ
523 4238 948 4297 άπαιτηθήσεται
1020 4259 1036 4274 ⁸
1110 4249 1198 4296 καὶ
1273 4247 1320 4296 οἱ
1391 4242 1604 4298 δυνατοὶ
1684 4245 1919 4312 δυνατῶς

307 4325 714 4384 ἔτασοήσονται.
765 4333 986 4403 Τίθεμαι
1031 4354 1042 4365 ·
1087 4333 1246 4385 αὑτοῦ
1291 4338 1392 4410 γάρ
1439 4335 1579 4388 ἐστιν
1628 4339 1656 4395 ἡ
1720 4338 1917 4412 ἀπόφα-

308 4435 394 4474 σις
462 4416 806 4491 Σολομῶντος.
864 4421 921 4472 Ὀ
961 4430 1085 4492 γοῦν
1135 4428 1409 4476 τοσούτων
1459 4432 1548 4478 καὶ
1595 4427 1914 4485 τηλικούτων

2109 2362 2213 2416 XX.
2245 2361 2504 2416 Rursum
2525 2360 2730 2432 itaque
2755 2363 2811 2416 te
2839 2360 3161 2429 interrogo,
3188 2373 3256 2414 ac
3278 2357 3425 2414 mihi
3445 2370 3685 2412 rursum

2035 2451 2335 2522 responde
2366 2467 2378 2506 :
2414 2449 2818 2516 Quamobrem
2845 2466 2916 2505 ex
2937 2448 3240 2513 omnibus,
3269 2463 3402 2520 qum
3425 2447 3504 2503 ab
3526 2446 3686 2503 Salo-

2037 2555 2279 2596 monem
2304 2544 2594 2612 spectant,
2626 2544 2931 2612 tantopere
2953 2540 3147 2610 jactas
3178 2539 3205 2595 ?
3228 2539 3358 2604 Qua
3401 2537 3475 2593 de
3501 2552 3685 2594 causa

2038 2634 2162 2684 tam
2211 2629 2412 2685 multis
2459 2646 2598 2685 eum
2643 2629 2926 2686 laudibus
2975 2628 3181 2684 obruis
3209 2629 3237 2684 ‘?
3271 2628 3438 2694 Quia,
3471 2627 3681 2698 inquit,

2038 2719 2329 2774 universis
2369 2720 2634 2789 regibus,
2671 2720 2775 2792 qui
2800 2736 2937 2775 eum
2968 2735 3071 2774 seu
3101 2721 3535 2790 praecesserunt
3578 2732 3686 2773 seu

2040 2810 2348 2865 subsecuti
2372 2816 2532 2879 sunt,
2556 2810 2972 2885 sapientiorem
2996 2809 3160 2864 illum
3179 2807 3376 2877 fuisse,
3397 2806 3685 2880 omnibus

2037 2898 2586 2971 exploratissimum
2616 2903 2704 2968 est
2736 2905 2827 2955 :et
2848 2900 2994 2973 quia
3015 2898 3216 2968 glorias
3247 2896 3609 2953 sublimitate
3631 2899 3686 2953 et

2037 3003 2223 3060 opum
2257 2989 2541 3062 superbia
2570 2991 2733 3059 regio
2762 2989 2962 3045 cubito
2992 2988 3254 3060 reliquos
3286 2985 3611 3058 superavit.

2109 3078 2210 3134 Die
2239 3095 2380 3148 ergo
2413 3080 2577 3146 mihi,
2603 3080 2960 3149 gratuitone,
2989 3077 3156 3151 quod
3181 3077 3259 3134 ad
3292 3081 3461 3132 tuum
3526 3073 3685 3132 Salo-

2037 3183 2280 3224 monem
2311 3169 2535 3237 attinet,
2571 3169 2721 3224 Deus
2743 3169 2971 3225 homini
2994 3172 3207 3224 cuncta
3235 3169 3363 3222 hmo
3398 3171 3521 3223 tam
3553 3181 3686 3221 αω-

2035 3256 2136 3329 pla
2173 3257 2335 3314 dono
2356 3258 2538 3324 dedit,
2567 3274 2645 3314 an
2675 3274 2816 3314 vero
2866 3262 3157 3330 tanquam
3205 3256 3500 3311 sudorum
3531 3254 3688 3325 jugi-

2035 3351 2120 3401 ter
2140 3348 2540 3413 manantium,
2575 3348 3117 3419 diuturnorumque
3161 3346 3438 3402 laborum
3455 3348 3686 3414 justam

2035 3437 2374 3493 mercedem
2423 3438 2532 3493 iste
2587 3453 2658 3493 ea
2712 3437 2955 3493 retulit?
3003 3440 3418 3509 Nequaquam,
3460 3434 3683 3507 inquit;

2033 3527 2346 3598 quomodo
2369 3527 2527 3583 enim
2581 3543 2731 3600 puer
2777 3527 3118 3583 duodennis
3158 3541 3414 3596 regnum
3445 3524 3686 3596 uspiam

2033 3617 2386 3674 obtinuisset
2413 3619 2440 3674 ?
2466 3622 2582 3674 Hoc
2606 3634 2751 3674 sane
2778 3617 3137 3674 beneﬁcium
3162 3616 3576 3681 fuitdivinum,
3616 3629 3687 3670 ao

2032 3705 2264 3764 donum
2299 3709 2530 3765 caelitus
2559 3708 2864 3765 collatum.

2105 3801 2224 3867 Ego
2251 3815 2493 3872 quoque
2521 3804 2716 3855 tecum
2749 3799 2959 3870 sentio,
2986 3802 3042 3854 et
3083 3797 3425 3867 largitorem
3472 3795 3682 3861 adoro,

2030 3888 2381 3962 donumque
2409 3890 2608 3962 ipsum
2634 3889 2970 3947 exosculor.
3002 3890 3385 3961 Compertum
3409 3887 3686 3957 estigitur

2032 3980 2412 4051 sapientiam,
2472 3981 2743 4051 gloriam,
2809 3980 3044 4036 divitias
3098 3995 3167 4035 ac
3227 3977 3686 4050 possessionum

2031 4070 2489 4142 amplitudinem
2522 4071 2770 4127 totidem
2802 4070 3059 4141 gratuita
3083 4070 3301 4125 divinae
3328 4067 3686 4124 munificen-

2032 4159 2123 4213 tiae
2153 4175 2403 4214 munera
2424 4161 2736 4216 exstitisse.
2783 4160 3083 4216 Faterisne
3130 4159 3210 4214 ita
3241 4174 3490 4230 prorsus
3512 4156 3686 4212 esse?

2031 4252 2237 4304 Fateor
2268 4250 2592 4306 enimvero.
2636 4254 2811 4305 Porro
2837 4251 3049 4321 quibus
3080 4251 3338 4304 multum
3384 4248 3686 4303 concredi-

2030 4345 2153 4394 tum
2176 4346 2281 4405 est,
2309 4341 2564 4394 multum
2592 4342 2938 4412 requirelur
2967 4340 3040 4394 ab
3066 4341 3145 4394 eis
3168 4340 3303 4408 (91);
3327 4345 3380 4393 et
3418 4343 3684 4406 potentes

2025 4433 2610 4496 potentertormenta
2622 4431 2944 4498 patiuntur
2964 4430 3094 4498 (9:5),
3122 4430 3359 4483 Certum
3382 4426 3442 4480 id
3464 4426 3681 4496 habeo;

306 4503 610 4568 ἀπολαύσας
650 4509 793 4560 θείων
833 4514 1071 4582 χαρίτων
1104 4509 1196 4564 διὰ
1247 4518 1340 4573 τὴν
1398 4524 1488 4567 τοῦ
1541 4523 1673 4569 Θεοῦ
1715 4517 1912 4589 ἀγαθό-
1952 4503 1990 4556 D
2027 4534 2070 4572 et

1952 4503 1990 4556 ί)
2027 4523 2118 4573 est
2146 4518 2306 4573 enim
2345 4523 2638 4574 sententia
2689 4519 2879 4590 ipsius
2939 4517 3294 4573 Salomonis.
3354 4514 3453 4572 Hic
3483 4515 3683 4586 igitur,

302 4615 460 4663 τητα,
490 4608 801 4670 μακαριστῷ
832 4601 961 4653 τέλει
1000 4605 1085 4653 τὸν
1120 4601 1236 4674 βίον
1293 4603 1578 4678 ἐσφραγισε
1640 4615 1728 4661 καὶ
1788 4609 1914 4682 ἀξίῳ

303 4694 401 4747 τῆς
458 4683 832 4760 δεδωρημένης
879 4694 1043 4762 τούτῳ
1085 4698 1316 4764 copim;
1369 4695 1396 4754 ἦ
1446 4698 1527 4748 ἰπὶ
1568 4698 1789 4770 κεφαλὴν
1850 4701 1914 4761 εἰς

305 4774 576 4851 βάραθρον
631 4777 864 4841 ἀσεϐείας
933 4782 1304 4855 κατεκυλίσθη,
1371 4791 1461 4839 καὶ
1517 4786 1803 4848 ἐϐεϐἠὶωσε
1850 4793 1915 4844 τὰ

303 4868 434 4940 ἁγία
471 4876 639 4922 ταῦτα
662 4867 953 4946 δωρήματα
977 4891 991 4941 ;

372 5142 438 5190 τί
470 5143 688 5209 σιωπᾷς,
715 5136 940 5194 Ἰουδαῖε
994 5160 1006 5207 ;
1047 5143 1283 5197 Ἐπέλιπὲ
1339 5164 1394 5198 σε
1447 5144 1600 5217 λόγος
1642 5155 1735 5209 τῆς
1785 5150 1913 5202 ἀπο-

296 5233 524 5300 κρίσεως
549 5230 685 5280 οὕτω
711 5237 948 5300 ταχέως
983 5234 1114 5304 Ἐγώ
1145 5253 1238 5286 σου
1284 5243 1345 5294 τῆ
1378 5233 1572 5310 ἀπορία
1627 5236 1910 5309 βοηθήσω,

296 5320 387 5369 τὸν
446 5319 721 5370 θεσπέσιον
799 5320 1044 5383 Ἰεζικιὴλ
1083 5330 1425 5397 παραγαγὼν,
1476 5325 1667 5398 μᾶλλον
1709 5325 1768 5380 δὲ
1819 5336 1910 5381 τοῦ

295 5408 346 5458 ἓν
387 5406 528 5476 αὐτῷ
565 5406 898 5471 λελαληκότος
929 5418 1084 5476 Θεοῦ,
1111 5409 1336 5479 δεηθεὶς,
1386 5416 1468 5466 ἱνα
1522 5421 1611 5474 τὴν
1669 5413 1762 5470 δια
1817 5427 1909 5470 τοῦ

296 5495 552 5556 Ἰεξςκιὴλ
597 5499 862 5572 ἀπόφασιν
909 5501 1062 5553 πάλιν
1126 5501 1457 5577 ἀποφανῆται
1506 5507 1643 5578 (96).
1704 5507 1787 5559 Ἐν
1835 5517 1906 5580 τῷ

363 5640 488 5785 ἔω)
519 5640 665 5722 Psal.
715 5660 850 5700 ων
901 5649 953 5704 4.

390 5712 482 5785 οι)
514 5688 896 5785 maxims;

390 5688 486 5785 ὁῐὶ
514 5688 896 5787 ἰῦἓῖίὖῗίὼ

2025 4609 2129 4679 qui
2157 4614 2238 4663 tot
2267 4609 2563 4681 tantisque
2589 4625 2620 4662 e
2652 4609 2746 4663 Dei
2797 4608 3062 4663 bonitate
3089 4605 3427 4662 coelestibus
3473 4621 3685 4661 mune-

2025 4697 2189 4752 ribus
2212 4697 2553 4753 cumulatus
2577 4703 2686 4766 est,
2710 4713 2857 4753 num
2880 4699 3039 4752 exitu
3062 4695 3398 4752 admodum
3412 4695 3590 4751 beato
3614 4711 3686 4751 ac

2024 4787 2210 4859 digno
2246 4788 2540 4860 sapientia
2571 4788 2682 4844 sibi
2712 4789 2939 4844 donata
2977 4788 3156 4843 vitam
3202 4786 3511 4844 coronavit
3543 4787 3572 4843 ?
3596 4789 3686 4841 An

2023 4893 2146 4936 non
2173 4878 2371 4951 potius
2406 4880 2465 4935 in
2497 4879 2818 4952 impietatis
2855 4879 3206 4935 barathrum
3255 4894 3446 4951 usque
3486 4876 3563 4933 ad
3591 4891 3689 4933 ca-

2025 4974 2130 5041 put
2160 4969 2476 5026 devolutus
2522 4975 2627 5038 cst,
2673 4987 2742 5027 ac
2785 4970 2989 5027 divina
3043 4969 3144 5026 illa
3192 4985 3446 5026 munera
3488 4969 3684 5042 profa-

2025 5061 2187 5116 navit
2217 5061 2244 5116 ?

2097 5151 2250 5215 Quid
2284 5155 2464 5220 taces,
2497 5166 2531 5206 o
2562 5151 2767 5206 Judeee
2798 5155 2825 5206 ?
2857 5151 3096 5207 Adeone
3149 5151 3263 5207 cito
3304 5151 3538 5207 nullum
3581 5149 3687 5206 tibi

2026 5242 2287 5314 suppetit
2306 5242 2703 5314 responsum?
2729 5244 3043 5315 Suppetias
3057 5242 3303 5298 haerenti
3334 5248 3572 5313 egomet
3597 5241 3687 5298 fe-

2021 5330 2462 5398 ram,divinitus
2492 5334 2738 5387 doctum
2771 5332 3134 5388 Ezzchielem
3161 5332 3222 5389 in
3250 5333 3520 5389 medium
3544 5347 3685 5406 pro-

2022 5420 2270 5486 ducens,
2295 5437 2397 5476 seu
2419 5423 2614 5492 potius
2641 5424 2825 5476 Deum
2854 5423 3076 5494 ipsum,
3096 5423 3199 5495 qui
3226 5438 3332 5495 per
3363 5438 3503 5478 eum
3524 5421 3686 5478 locu-

2020 5514 2114 5566 tus
2135 5515 2242 5578 est,
2266 5511 2621 5582 deprecans,
2672 5516 2734 5567 ut
2774 5511 3130 5570 sententiam
3173 5528 3278 5586 per
3322 5511 3684 5569 Ezechielem

2084 5657 2198 5733 (95)
2235 5657 2369 5733 ξαρ·
2412 5673 2487 5733 γι,
2517 5662 2569 5714 ⁷·
2760 5727 2766 5733 .

2087 5732 2199 5800 (96)
2229 5730 2375 5790 Cod.
2412 5729 2770 5807 ἀποφανεὶταιᾷ
