4468 6450
290 417 390 476 ’704

294 550 406 619 Πρὸ
457 552 550 596 τοῦ
607 544 702 617 ὅρη
754 545 1056 614 γενηθῆναι,
1113 549 1202 597 καὶ
1255 544 1554 603 πλασθῆναὶ
1623 553 1716 604 τήν
1789 552 1888 617 γὴν
1925 550 1963 601 Α

294 641 385 687 καὶ
445 639 538 692 τήν
587 635 891 704 οἰκουμένην
965 639 1055 686 καὶ
1119 634 1220 686 ἀπὸ
1266 643 1358 687 τοῦ
1420 641 1599 696 αἰῶνος
1651 641 1740 688 καὶ
1802 638 1891 696 ἕως

293 731 389 776 τοῦ
457 724 638 782 αἰῶνος
689 727 753 774 σὺ
820 721 919 789 εἶ;
980 722 1097 795 Ἆρ’
1146 731 1234 776 οῦν
1281 726 1307 775 ὀ
1357 730 1484 786 Θεός
1535 730 1648 786 τοῖς
1688 726 1892 786 οἰκείοις

293 819 561 884 ποιήμασι
625 815 920 882 σύγχρονος
981 813 1011 871 ἣ
1079 818 1170 864 καὶ
1232 813 1402 884 ὀλίγον
1467 833 1519 866 τι
1573 820 1890 889 πρὸχροιος,

293 899 580 974 ὶπειδηπερ
637 900 860 973 εἴρηται,
923 904 1024 973 πρὸ
1089 908 1181 953 τοῦ
1265 906 1358 972 ὅρη
1444 904 1726 972 γενηθῆναι
1801 910 1892 955 καὶ

292 989 590 1054 αλασθῆναι
655 994 748 1046 τὴν
811 996 911 1058 γῆν
978 997 1156 1041 τοῦτον
1239 995 1334 1048 τήν
1424 992 1644 1062 ὕπαρξιν
1711 995 1889 1063 ἕχειν;

293 1077 465 1149 Οὐχὶ,
514 1083 680 1150 γησίθ
733 1080 976 1150 προτεθὲν
1020 1075 1079 1130 δε
1123 1079 1256 1150 ὅμως
1298 1083 1357 1130 τὸ
1400 1078 1490 1131 ἀπ’
1534 1081 1733 1145 αἰῶνος,
1796 1087 1892 1139 τὴν

288 1166 686 1238 πεπλανημένην
770 1161 1006 1218 διάνοιαν
1071 1165 1456 1219 ἁνωσθώσατο·
1519 1172 1723 1240 εἴρηται
1787 1171 1890 1242 γὰρ

290 1255 458 1317 οὕτως
484 1277 496 1288 ·
533 1260 634 1308 Καὶ
702 1253 803 1308 ἀπὸ
854 1262 947 1308 τοῦ
1009 1254 1194 1318 αἰῶνος
1257 1261 1346 1308 καί
1405 1256 1494 1317 ἓως
1550 1265 1643 1309 τοῦ
1710 1259 1891 1320 αἰῶνος

292 1358 362 1395 σν
379 1341 446 1400 εἶ.

365 1430 592 1483 Ἐπαινῶ
644 1448 702 1484 σε
749 1440 846 1492 τῆς
901 1438 1242 1505 ἁποιρισεως,
1291 1433 1336 1485 εἰ
1377 1439 1466 1485 καὶ
1516 1443 1610 1496 τῆς
1667 1437 1890 1508 ὑποκρί-

294 1539 426 1583 σεως
459 1521 911 1596 προσοχοίζομαι.
938 1525 1016 1574 Τὰ
1045 1519 1259 1594 συνῳδὰ
1293 1525 1394 1594 γὰρ
1440 1530 1528 1576 καὶ
1596 1522 1894 1597 ίσοδύναμα

291 1609 425 1683 ipsis
492 1605 600 1667 ἤδη
643 1627 744 1681 μου
802 1610 1088 1682 ἄρχομίνου
1135 1613 1232 1678 (9).
1283 1607 1525 1681 δέδοικα,
1573 1617 1644 1684 μὴ
1689 1611 1894 1676 ἀποδὺς

289 1700 528 1771 πετείσῃς
554 1698 726 1765 εὐθὺς,
773 1703 862 1750 καὶ
902 1703 1031 1772 πρὸς
1088 1696 1438 1762 ἅδιανοήτους
1479 1701 1634 1753 πάλιν
1683 1707 1890 1777 χωρὸή-

295 1807 394 1860 σης
459 1787 800 1860 μωρολογιας.
865 1786 1045 1860 ’Ὅμως
1102 1791 1248 1854 αὐτὸ,
1315 1795 1465 1861 φησὶ,
1534 1792 1594 1842 τὸ
1673 1798 1893 1865 πρᾶγμα

294 1884 461 1948 φανεῖ.

368 1967 622 2040 Εἰρηκας,
682 1967 763 2018 ὅτι
826 1970 908 2034 τό,
972 1964 1059 2018 ἀπ’
1126 1971 1328 2033 αἰῶνος,
1410 1973 1778 2040 προσκείμενον
1835 1975 1893 2022 τὸ

292 2056 531 2127 ἄναρχον
562 2051 947 2126 διπρανοῖτοῦ
987 2062 1146 2107 Θεοῦ.
1198 2061 1474 2128 Πρόσσχες
1519 2057 1605 2108 οὖν
1653 2076 1742 2110 ποι
1793 2058 1894 2111 λοι-

291 2149 415 2208 «es,
474 2146 554 2195 ὅτι
600 2142 869 2195 κάνταῦθα
911 2152 1002 2214 τῷ,
1040 2148 1142 2216 πρὸ
1189 2153 1278 2205 της
1319 2145 1550 2211 σελήνης,
1614 2150 1895 2220 προστεθεν

291 2237 354 2284 τὸ
375 2235 549 2303 γενεὰς
594 2242 796 2302 γενεῶν,
857 2235 915 2285 τὸ
966 2236 1082 2285 ἴσον
1137 2235 1370 2306 ἄναρχον
1428 2237 1752 2306 ὑπεσήμαινε,
1806 2242 1896 2290 καὶ

293 2323 438 2372 ἔστιν
464 2317 784 2392 ἰσοδύναμον
800 2329 873 2393 τῷ
899 2319 986 2373 ἀπ’
1009 2322 1215 2383 αἰῶνος.

372 2499 490 2552 ΚΗ.
524 2499 584 2552 Εἰ
610 2495 668 2551 δε
690 2503 779 2550 διαὶ
805 2501 882 2550 ἔτι
919 2503 1222 2574 τρανοτερας
1278 2501 1503 2574 χρῄζεις
1563 2509 1661 2562 τῆς
1726 2500 1898 2553 ἄπιλύ-

299 2607 451 2655 σευς,
517 2593 614 2645 τὴν
673 2588 837 2646 αὐτὴν
909 2586 1199 2647 Δαυίδιαην
1279 2589 1440 2664 λὺραν
1521 2590 1901 2664 ὶμμελεστερως

296 2682 600 2749 κινήσομεν,
669 2681 807 2751 εἰπερ
861 2682 933 2750 μὴ
989 2683 1078 2730 καί
1127 2681 1258 2753 πρὸς
1295 2683 1491 2736 ταύτην
1549 2682 1667 2742 ὄνος
1722 2688 1898 2753 φανείς

293 2764 453 2837 λύρας
529 2769 745 2834 οιούων,
807 2770 866 2817 τὸ
956 2764 1496 2840 παροιμιῳδούμενον.
1591 2769 1896 2822 Βασιλεύσει

299 2858 494 2927 Κύριος
541 2861 614 2914 εὶς
660 2859 748 2906 τὸν
807 2855 988 2921 αἰῶνα,
1051 2858 1077 2907 ὁ
1131 2861 1261 2919 Θεὸς
1313 2876 1432 2925 σου,
1475 2863 1621 2925 Σιὼν,
1690 2859 1761 2919 εἰς
1810 2878 1897 2929 γε-

294 2947 412 2996 νεεεν
443 2950 532 2996 uti
586 2947 784 3014 γενεάν.
839 2951 904 2997 Τί
968 2949 1156 2997 τούτου
1225 2947 1571 3020 σαγίστερονς
1629 2944 1898 3000 Δέδεικται

292 3035 525 3107 γὰρ,ὀτι
560 3039 746 3085 ταυτὸν
778 3033 890 3086 ἐστι
924 3042 996 3105 τῷ
1065 3035 1134 3096 εἰς
1193 3039 1278 3086 τὸν
1347 3035 1508 3086 αἰῶνα
1563 3040 1621 3087 τό
1675 3037 1748 3098 εἰς
1815 3056 1899 3108 γει

293 3124 449 3174 νεεὲν·
509 3127 598 3175 καὶ
645 3128 749 3195 μὴν
797 3123 961 3176 ἐκεῖσε
1031 3124 1180 3176 πλέον
1245 3127 1470 3198 εἴρηται.
1533 3125 1900 3188 Πληθυντιιιῶς

293 3217 399 3304 γὰρ
465 3217 524 3266 τὸ
591 3217 695 3288 πρὸ
771 3222 869 3304 τῆς
947 3215 1165 3275 σελήνης
1242 3219 1420 3304 γενεας
1483 3225 1686 3287 γενεῶν,
1761 3216 1970 3304 τοῡτὈ

294 3303 411 3354 ἔστι
469 3321 570 3376 προ
621 3311 721 3355 τῶν
773 3303 990 3358 αἰώνων.
1042 3304 1297 3356 Ἐνταῦθα
1351 3300 1409 3356 δε
1490 3308 1665 3374 γενεὰν
1727 3309 1900 3379 εἴρηκε

294 3397 388 3442 καὶ
417 3394 616 3461 γενεάν.
651 3397 752 3444 Καὶ
793 3391 947 3444 πάλιν
990 3394 1016 3443 ὁ
1060 3393 1216 3454 αὐτὸς
1252 3398 1524 3466 προφήτης
1575 3399 1740 3465 φησί·
1801 3398 1898 3447 K6-

295 3486 399 3555 ρὶε,
453 3485 511 3532 τὸ
553 3479 713 3552 ὄνομα
764 3501 858 3533 σου
916 3482 987 3543 εἰς
1043 3485 1129 3533 τὸν
1179 3483 1360 3546 αἰῶνα,
1429 3487 1520 3534 καὶ
1585 3487 1644 3534 τό
1699 3488 1900 3555 μνημό-

300 3574 457 3620 συνόν
521 3589 614 3622 σου
683 3570 754 3631 εἰς
817 3573 989 3641 γενεὰν
1046 3576 1136 3623 καὶ
1211 3573 1408 3641 γενεάν,
1503 3575 1598 3624 Διά
1696 3576 1900 3625 πάντων

297 3662 495 3710 τούτων
524 3659 626 3719 ἑνὸς
649 3656 993 3731 δηλουμένου,
1044 3667 1136 3711 τοῦ
1179 3664 1267 3712 τὸν
1308 3664 1437 3712 Θεὸν
1485 3663 1719 3735 ἄναρχον
1773 3659 1902 3714 εἶναι

297 3754 390 3800 καὶ
423 3747 772 3813 ἀτελεύτητον,
805 3747 912 3800 ἀλλ’
944 3749 1073 3819 οὐχὶ
1099 3757 1170 3818 τῷ
1215 3750 1362 3800 αἰῶνι
1396 3753 1563 3820 τούτῳ
1606 3759 1719 3813 ταῖς
1777 3753 1901 3802 ὐπο-

296 3842 536 3912 χρονίοις
583 3838 771 3898 λπεαίς
816 3844 1415 3911 συμπαρατεινόμενον·
1477 3837 1529 3900 ἐξ
1586 3839 1653 3890 ὧν
1688 3846 1778 3891 καὶ
1842 3844 1901 3891 τὸ

296 3937 393 3988 τῆς
443 3927 606 3989 αὐτῆς
672 3924 800 3979 εἶναι
851 3923 1088 3988 διανοίας
1138 3933 1471 3994 συνίσταται,
1529 3932 1589 3980 τὸ
1640 3932 1740 4001 πρὸ
1811 3937 1901 3990 τῆς

296 4016 512 4076 σελήνης
528 4020 705 4086 γενεὰς
722 4026 923 4087 γενεῶν,

1417 423 1489 478 ΙΝ
1526 418 2145 481 ΑΝΝΟΝΤῙΑΤῙΟΝΕΜ
2181 421 2246 476 Β.
2284 424 2540 481 MARLE.

3542 415 3648 469 702

2001 547 2182 603 modo
2202 547 2345 603 illud
2361 547 2654 617 intelligis:
2669 548 3030 616 Priusquam
3041 549 3265 599 montes
3282 543 3516 609 ﬁerent,
3542 543 3648 595 aut

1999 637 2381 704 formaretur
2398 645 2559 692 terra
2575 640 2626 692 et
2641 635 2878 698 orbis,et
2893 649 2927 690 α
2940 633 3162 689 saeculo
3174 637 3229 688 et
3240 633 3496 701 usquein
3511 642 3648 684 saec-

2003 725 2127 782 lum
2145 732 2208 778 tu
2233 726 2377 794 es(8)
2404 726 2431 780 ?
2446 728 2592 780 Num
2617 725 2791 793 igitur
2806 726 2955 778 Deus
2969 721 3252 793 operibus
3265 719 3388 772 suis
3409 732 3648 772 comvus

2001 820 2102 868 aut
2126 814 2306 885 paulo
2329 816 2585 868 anterior
2615 811 3116 884 pronuntiabitur,
3143 813 3459 880 propterea
3483 804 3646 876 quod

2001 901 2228 956 dictum
2263 909 2350 957 est
2390 917 2528 956 eum
2565 902 2973 956 exsistentiam
3014 898 3256 965 habere,
3290 898 3645 965 priusquam

2000 997 2225 1046 montes
2242 991 2451 1058 ﬁerent
2479 996 2582 1045 aut
2592 991 2970 1059 formaretur
2994 987 3199 1042 terra?
3249 987 3645 1055 Nequaquam

2000 1078 2624 1149 inquitzverumtamen
2639 1078 2782 1133 illud
2795 1093 2831 1133 a
2842 1072 3254 1146 scecuto,quod
3274 1070 3654 1143 praemittitur

1999 1169 2356 1224 sententiam
2372 1167 2520 1223 forte
2537 1172 2832 1223 errantem
2855 1164 3110 1234 corrigit:
3135 1163 3220 1218 sic
3238 1163 3396 1217 enim
3409 1159 3489 1215 ibi
3505 1158 3651 1229 legi-

2002 1262 2115 1312 tur:
2138 1259 2216 1313 Et
2237 1273 2274 1314 a
2308 1259 2528 1313 seculo
2550 1263 2604 1312 et
2637 1272 2819 1327 usque
2847 1258 2908 1310 in
2937 1255 3227 1310 saeculum
3256 1258 3321 1307 tu
3342 1266 3426 1306 es.

2076 1432 2278 1487 Laudo
2305 1447 2660 1504 responsum
2686 1437 2878 1496 tuum,
2922 1430 3026 1485 etsi
3059 1444 3216 1500 aegre
3241 1429 3431 1483 feram
3463 1425 3649 1480 simu-

2000 1521 2540 1576 lationem.Vereor
2564 1521 2742 1589 enim,
2791 1535 2866 1574 ne
2893 1522 2940 1574 si
2991 1515 3326 1574 consimilia
3370 1513 3650 1587 quaedam

2002 1609 2511 1681 etinquipollentia
2556 1609 2753 1664 dicere
2804 1609 2932 1678 jam
2987 1606 3326 1676 aggrediar,
3379 1603 3652 1676 protinus

2001 1699 2268 1755 resiliens
2294 1697 2571 1765 effugias,
2601 1703 2658 1753 et
2684 1713 2895 1753 rursus
2960 1695 3038 1750 ad
3087 1693 3351 1749 insulsae
3399 1691 3652 1763 ineptias

1999 1788 2331 1845 revertaris.
2350 1788 2580 1848 Idvero,
2602 1785 2812 1859 inquit,
2827 1782 3512 1841 factademonstrabunt.

2076 1965 2279 2021 Dixisti
2303 1965 2444 2020 illud
2469 1966 2766 2031 asccuto,
2800 1963 2966 2036 quod
3001 1959 3366 2033 adjungitur,
3425 1958 3652 2030 perspi-

2004 2071 2112 2111 cue
2141 2055 2430 2121 evincere,
2465 2058 2649 2110 Deum
2673 2053 2968 2125 principio
3012 2066 3233 2106 carere.
3279 2047 3459 2118 Igitur
3506 2047 3652 2102 mihi

2003 2152 2060 2200 et
2089 2145 2385 2216 reliquum
2407 2143 2692 2210 concede,
2729 2142 3013 2198 nimirum
3052 2139 3199 2196 illud
3249 2140 3654 2210 generationes

2003 2236 2460 2306 generationum
2492 2234 2630 2303 (10),
2660 2231 2825 2304 quod
2852 2231 2934 2286 ibi
2974 2229 3242 2301 sequitur
3298 2227 3447 2283 illud
3509 2232 3654 2283 ante

2005 2325 2236 2390 lunam,
2268 2325 2395 2395 pari
2410 2323 2638 2377 ratione
2652 2321 2988 2390 signiﬁcare
3022 2325 3322 2388 expertem
3341 2317 3650 2386 principii,
3715 2363 3729 2373 .

2003 2412 2286 2484 idemque
2307 2411 2502 2467 valere
2531 2415 2711 2482 atque
2749 2409 2915 2471 illud,
2945 2408 3242 2466 asaculo.

2079 2504 2231 2557 XXII.
2285 2500 2458 2567 Quod
2506 2501 2554 2555 si
2627 2499 3050 2555 evidentiorem
3139 2501 3428 2569 praeterea
3487 2493 3658 2566 cupis

2007 2591 2486 2663 explicationem,
2513 2589 2793 2645 eamdem
2824 2586 3272 2658 Davidislyram
3289 2585 3424 2656 (nisi
3450 2589 3655 2639 tamen

2006 2681 2186 2736 etiam
2213 2679 2291 2734 ad
2344 2679 2523 2744 hanc,
2583 2695 2656 2733 ex
2702 2678 2887 2733 veteri
2930 2675 3270 2748 proverbio,
3331 2672 3654 2746 apparebis

2003 2769 2200 2840 lyram
2249 2770 2504 2824 audiens
2554 2767 2780 2834 asinus)
2829 2766 3171 2834 diligentius
3247 2763 3650 2836 pulsabimus:

2006 2860 2318 2928 Regnabit.
2350 2858 2544 2929 inquit
2573 2859 2708 2924 (tt),
2738 2858 3024 2911 Dominus
3043 2856 3105 2909 in
3148 2855 3453 2919 saeculum,
3502 2854 3657 2907 Deus

2008 2954 2165 3010 tuus,
2188 2947 2331 3003 Sion
2360 2949 2421 3002 in
2443 2948 2881 3016 generationem
2907 2952 2961 3001 et
2996 2945 3452 3015 generationem.
3504 2940 3660 3007 Quid

2006 3038 2122 3092 hoc
2143 3037 2580 3106 mannifestius,
2610 3035 2755 3108 quid
2782 3035 2896 3090 hoc
2936 3033 3283 3105 praeclarius
3337 3033 3365 3087 ?
3405 3031 3659 3086 Eviden-

2007 3127 2231 3182 tissime
2253 3127 2410 3182 enim
2442 3130 2695 3188 constat,
2728 3124 2888 3180 idem
2905 3138 3154 3195 prorsus
3182 3121 3381 3177 valere
3401 3123 3464 3176 in
3486 3135 3658 3191 gene-

2008 3219 2303 3272 rationem
2333 3217 2596 3286 atquein
2625 3215 2931 3278 saeculum;
2958 3212 3104 3284 quin
3135 3213 3258 3266 imo
3281 3209 3362 3265 ibi
3394 3209 3528 3280 plus
3557 3208 3661 3263 ali—

2009 3305 2172 3377 quod
2203 3303 2429 3360 dictum
2460 3304 2771 3359 invenitur.
2804 3301 2949 3358 illud
2975 3302 3158 3368 enim,
3189 3299 3356 3372 quod
3395 3314 3503 3370 per
3544 3314 3658 3353 nu-

2012 3408 2243 3448 merum
2267 3392 2556 3464 pluralem
2575 3391 2807 3458 dicitur,
2830 3394 2970 3447 ante
2997 3391 3201 3446 tunam
3249 3389 3660 3460 generationes

2009 3484 2460 3551 generationum
2486 3481 2646 3537 idem
2677 3487 2766 3536 est
2793 3487 3031 3537 aeante
3075 3480 3314 3535 saecula.
3366 3477 3466 3533 Hic
3517 3491 3660 3531 vero

2010 3570 2176 3635 dixit,
2197 3573 2634 3641 generationem
2665 3577 2717 3626 et
2743 3573 3206 3640 generationem.
3233 3571 3297 3623 Et
3315 3583 3527 3623 rursus
3569 3565 3660 3620 in-

2010 3661 2139 3732 quit
2165 3660 2326 3715 idcm
2359 3661 2669 3732 propheta:
2695 3661 2962 3728 Domine,
2990 3664 3377 3714 nomentuum
3402 3658 3466 3711 in
3496 3661 3660 3712 aeter-

2011 3765 2178 3813 num,
2200 3756 2255 3803 et
2279 3750 2797 3804 memoriatetuum
2814 3752 2874 3803 in
2888 3749 3330 3818 generationem
3345 3752 3398 3801 et
3407 3760 3659 3815 genera-

2013 3839 2229 3893 tionem
2256 3841 2387 3906 (12).
2418 3839 2498 3892 Ex
2524 3838 2616 3892 his
2637 3837 2921 3892 omnibus
2936 3835 3081 3891 illud
3113 3851 3299 3890 unum
3346 3836 3662 3906 perspicue

2010 3928 2319 3992 evincitur,
2356 3930 2538 3983 Deum
2581 3927 2874 3999 principio
2925 3942 3096 3998 asque
3141 3942 3212 3980 ac
3270 3925 3391 3980 ﬁne
3437 3939 3659 3993 carere,

2011 4031 2132 4070 non
2163 4022 2365 4072 autem
2394 4018 2591 4088 ipsum
2620 4017 2758 4085 huic
2791 4016 3012 4072 saeculo
3064 4022 3122 4072 et
3175 4013 3662 4085 generationibus

292 4120 432 4177 quae
471 4122 610 4162 cum
660 4111 930 4176 tempore
958 4105 1250 4174 deﬂuunt,
1285 4105 1463 4178 quasi
1492 4107 1826 4163 coextendi.
1864 4108 1946 4161 Ex
1994 4104 2215 4175 quibus
2244 4107 2528 4175 exsurgit,
2550 4106 2730 4162 etiam
2758 4105 2924 4175 illud,
2964 4113 3105 4162 ante
3151 4107 3358 4162 lunam
3414 4119 3666 4174 genera-

291 4198 481 4250 tiones
509 4193 1272 4264 generationum,eamdem
1295 4209 1543 4267 prorsus
1595 4197 1896 4251 continere
1928 4195 2304 4250 sententiam.

368 4282 450 4337 Τό
499 4280 558 4336 δὲ
615 4286 964 4357 προϋπάρχον
1029 4291 1130 4334 τῶν
1196 4287 1499 4355 ποιημάτων
1568 4287 1770 4336 πάντων
1837 4285 1894 4336 οὐ

290 4379 500 4445 ποίημα
523 4395 535 4406 ·
569 4373 614 4425 εἰ
643 4369 704 4425 δε
728 4373 787 4425 οὐ
825 4378 1045 4444 ποίημα,
1091 4375 1340 4425 ἄκτιστον
1365 4395 1376 4406 ·
1423 4377 1481 4425 τό
1528 4371 1586 4426 δε
1624 4376 1894 4442 οἴκτιστον,

292 4463 718 4534 ὁμολογουμένως
737 4461 965 4535 ἄχρονον
993 4481 1006 4495 ·
1027 4464 1086 4513 τὸ
1120 4458 1181 4514 δι
1216 4462 1468 4535 ἄχρονον,
1519 4462 1853 4521 ἀτελεῦτητον
1880 4485 1891 4497 ο

291 4555 354 4605 τὸ
385 4547 445 4605 δέ
481 4553 618 4604 κατὰ
674 4552 829 4625 φῦσιν
874 4550 1225 4616 ἀτελεύτητον,
1280 4557 1370 4604 καί
1416 4553 1672 4626 ἄναρχον.
1728 4559 1893 4611 Συνῆ-

293 4663 418 4695 κται
451 4647 724 4716 τοιγαροῦν
765 4645 834 4702 ὡς
881 4644 906 4693 ὀ
938 4644 1037 4716 πρὸ
1085 4650 1178 4693 τοῦ
1223 4642 1371 4699 ἡλίου
1418 4648 1626 4704 καὶτῆς
1680 4643 1895 4702 σελήνης

290 4736 471 4804 γενεὰς
526 4740 709 4802 γενεῶν
759 4728 1015 4805 διαμενων
1066 4738 1158 4785 καὶ
1201 4734 1434 4808 ἄναρχος
1485 4733 1599 4786 ἐστι
1646 4739 1741 4792 τὴν
1789 4732 1894 4786 ἀπὸ

291 4827 496 4894 χρόνου
515 4825 705 4894 ἀρχὴν,
745 4827 836 4872 καὶ
868 4820 1215 4882 ἁτελεὺτητος.

2082 4284 2264 4339 Porro
2315 4285 2483 4356 quod
2533 4286 2890 4356 prmexsistit
2947 4285 3239 4340 universis
3297 4301 3436 4357 quae
3508 4284 3665 4340 facta

2010 4377 2170 4440 sunt,
2202 4373 2366 4428 haud
2391 4373 2613 4430 factum
2647 4376 2846 4446 ipsum
2895 4382 3002 4441 est,
3026 4376 3074 4430 si
3121 4380 3322 4430 autem
3373 4390 3494 4430 non
3548 4374 3664 4430 fac-

2007 4463 2644 4532 tum,estincreatum;
2695 4465 3026 4519 increatum
3080 4479 3218 4519 vero
3274 4465 3336 4519 in
3386 4463 3666 4519 confesso

2007 4558 2095 4605 est
2123 4553 2412 4624 temporis
2443 4567 2575 4608 esse
2606 4568 2838 4625 expers;
2890 4552 3058 4626 quod
3106 4557 3307 4608 autem
3364 4559 3452 4608 est
3499 4559 3668 4609 extra

2006 4645 2264 4713 tempus,
2298 4658 2420 4696 non
2446 4642 2612 4697 novit
2637 4642 2840 4709 ﬁnem;
2872 4643 3100 4716 etquod
3134 4659 3206 4698 ex
3282 4649 3496 4699 natura
3556 4661 3667 4701 sua

2005 4747 2127 4786 non
2144 4733 2308 4787 novit
2338 4731 2542 4798 ﬁnem,
2573 4749 2765 4804 neque
2818 4734 3180 4806 principium
3213 4733 3402 4789 ullum
3458 4733 3663 4789 habet.

2005 4823 2386 4893 Exploratum
2428 4823 2712 4894 estigitur
2737 4840 2876 4880 eum
2934 4825 3200 4896 quiante
3227 4825 3415 4880 solem
3467 4831 3522 4880 et
3577 4825 3665 4879 lu-

291 4927 441 4967 nam
465 4926 570 4983 per
600 4911 1014 4980 generationes
1044 4909 1502 4981 generationum
1559 4918 1891 4984 permanet,
1934 4918 1991 4968 et
2021 4912 2317 4986 principio
2348 4913 2512 4986 quod
2537 4919 2764 4986 spectat
2799 4914 2876 4970 ad
2932 4915 3166 4971 initium
3212 4917 3498 4989 temporis
3528 4919 3664 4985 (-13),

291 5013 521 5068 carere,
549 5015 622 5056 ac
648 4997 880 5056 nullum
901 5013 1081 5056 nosse
1099 4997 1305 5055 ﬂnem.

364 5179 445 5250 (8)
468 5179 614 5253 Psal.
636 5197 869 5253 Lxxnx,
899 5183 955 5236 2.

365 5251 786 5331 (ολοιιίερὶιιω
812 5252 964 5308 forte
989 5251 1416 5324 suspicabitur,
1450 5253 1772 5323 legendum
1796 5270 1899 5326 po—

290 5323 410 5379 tius
443 5323 763 5396 ἀρχομίνου,

365 5402 477 5462 (t0)
514 5396 658 5451 Psal.
699 5412 847 5460 Lxm,
881 5401 929 5449 5.

367 5467 483 5533 (Η)
512 5468 657 5524 Psal.
695 5483 855 5531 CXLV,
887 5471 972 5526 10.
998 5484 1115 5522 sec.
1149 5469 1294 5523 LXX.
1331 5469 1432 5537 qui
1463 5469 1687 5523 habent
1727 5470 1792 5529 εἰς
1814 5474 1900 5520 τὸν

292 5544 478 5598 αἰῶνα,
517 5539 637 5594 nbit
665 5539 947 5600 Vulgatus
977 5539 1136 5602 legit,
1166 5543 1226 5594 in
1258 5540 1497 5595 uacula.

366 5613 480 5669 H21
510 5611 661 5666 Psal.
695 5627 921 5668 cxxuv.
946 5617 1162 5666 Auctor
1192 5611 1251 5665 in
1301 5612 1593 5681 principio
1653 5612 1899 5666 secundi

291 5681 653 5738 hemistichii
671 5699 808 5737 cum
828 5699 1025 5740 comm
1039 5685 1227 5740 union
1243 5682 1488 5738 lectione
1503 5687 1705 5739 Grasca
1721 5685 1902 5740 habet

293 5754 653 5837 particulam
667 5754 887 5820 καμπὴ
901 5754 1186 5830 Vulgatus
1200 5755 1441 5819 Latinus
1455 5757 1662 5834 repetit
1675 5772 1897 5825 vocem,

2010 5182 2282 5260 Domine.
2311 5185 2508 5254 Neque
2539 5188 2740 5260 tamen
2775 5184 2987 5260 Latina
3019 5185 3190 5242 lectio
3222 5188 3460 5260 penitus
3517 5189 3670 5260 Gras-

2009 5255 2093 5309 cis
2122 5255 2520 5327 imcomperta
2542 5255 2670 5313 fuit:
2705 5271 2849 5313 nam
2867 5255 3296 5326 suifragatufei
3315 5259 3667 5315 Alexandri-

2011 5343 2125 5380 nus
2148 5327 2360 5390 codex,
2393 5327 2497 5398 qui
2527 5327 2749 5382 ibidem
2783 5330 2976 5399 reptit,
3025 5333 3202 5396 Κύριε.

2083 5402 2196 5461 (l3)
2218 5402 2363 5453 Cum
2394 5415 2591 5454 sermo
2618 5401 2688 5453 sit
2709 5399 2780 5453 de
2814 5399 2956 5454 Filio
2991 5401 3109 5460 Dei.
3139 5403 3280 5456 scite
3339 5403 3670 5457 Germanus

2011 5486 2147 5524 eum
2181 5473 2413 5544 ἄναρχον
2429 5487 2547 5524 non
2581 5472 2829 5544 inﬁnite.
2862 5471 2965 5526 sed
2993 5473 3436 5544 quadantenus.
3462 5475 3517 5528 id
3560 5483 3666 5537 est,

2011 5545 2144 5617 1370':
2175 5542 2394 5617 Teutam.)
2436 5550 2631 5617 ΖΨ)λῖου
2687 5542 2882 5617 ἀρχὴν·
2939 5542 3217 5616 appellat:
3278 5547 3376 5601 ubi
3435 5549 3670 5617 ἄναρχος

2012 5616 2168 5668 idem
2201 5616 2354 5670 valet
2387 5603 2678 5674 αἶ’ἀίνῖιος.
2721 5603 2857 5670 Ἰἱᾶθο
2891 5603 3182 5672 sententia
3241 5624 3297 5673 et
3345 5603 3670 5675 vetustioi'i;

2013 5687 2124 5741 bus
2160 5688 2432 5760 l’atribus
2457 5686 2765 5741 familiaris
2789 5688 2916 5746 fuit:
2950 5705 2980 5743 e
3010 5690 3232 5760 quibus
3264 5694 3318 5746 S.
3350 5693 3668 5760 Gregorius

2012 5759 2279 5821 Nazianz.
2307 5759 2389 5812 sic
2420 5758 2679 5814 breviter
2710 5776 2779 5814 ac
2806 5758 3085 5828 dilucide,
3118 5779 3241 5840 quo
3274 5758 3670 5821 sensu'li‘ilius
