4468 6450
817 392 920 451 703

818 609 987 664 tuam
1015 606 1275 665 obscuro
1285 609 1534 682 pudoris
1545 609 1674 669 velo
1686 610 2076 678 abscondisti,
2089 610 2236 669 dum
2249 623 2475 680 magna

817 695 1870 776 baecluminariatibisuumipsorum
1909 701 2284 761 conditorem
2315 697 2472 758 clare

818 785 1210 844 manifestant
1240 789 1374 859 (14).

893 874 1072 934 XXIII.
1101 876 1273 942 Quod
1301 877 1351 934 si
1378 893 1584 936 rursus
1610 880 1994 954 supercilium
2037 879 2130 939 vel
2156 879 2290 953 ipso
2327 881 2472 936 tem-

817 963 902 1037 pli
929 963 1257 1038 pinnaculo
1273 967 1452 1025 altius
1498 984 1621 1042 pras
1647 968 1806 1027 fastu
1818 970 2114 1041 attollens,
2135 969 2216 1028 ad
2240 968 2470 1040 jactan-

817 1051 964 1110 tiam
979 1051 1361 1114 Salomonem
1372 1057 1644 1128 ejusdem
1665 1059 1871 1133 templi
1885 1063 2320 1117 exstructorem
2345 1072 2470 1115 ser-

817 1141 985 1200 moni
1013 1141 1156 1202 velis
1185 1143 1518 1204 subinferre
1540 1149 1880 1220 (enarrans)
1905 1148 2217 1222 quomodo
2243 1149 2472 1220 impen-

817 1229 1126 1290 sissimum
1156 1234 1424 1293 studium
1448 1236 1528 1294 ad
1559 1236 1660 1294 Dei
1688 1236 1942 1310 gloriam
1973 1237 2304 1304 contulerit,
2348 1235 2471 1292 exi-

817 1320 940 1378 mia
958 1335 1174 1394 nempe
1199 1326 1325 1380 arte
1356 1325 1456 1382 Dei
1485 1325 1941 1385 tabernaculum
1958 1327 2117 1385 varie
2141 1325 2272 1384 auri
2301 1340 2469 1395 gem-

815 1425 1178 1484 marumque
1209 1413 1527 1485 splendore
1553 1417 2030 1483 exornans,nihil
2051 1431 2173 1474 non
2203 1415 2466 1483 molitus,

815 1498 1355 1572 quodintuentium
1401 1504 1609 1562 oculos
1671 1505 2011 1570 delectaret,
2067 1509 2124 1562 et
2172 1518 2468 1565 manuum

815 1588 1134 1646 hominum
1159 1591 1444 1664 operibus
1473 1594 1595 1651 Deo
1623 1593 1889 1653 lmtitiam
1914 1595 2126 1653 aﬂ'erre
2169 1610 2231 1651 se
2288 1607 2469 1667 posse

813 1678 1184 1749 existimans,
1207 1697 1347 1738 cum
1375 1682 1630 1756 ipsemet
1657 1685 1760 1742 Dei
1792 1701 1946 1759 opus
1975 1684 2219 1758 reliquis
2274 1682 2468 1740 omni-

816 1768 932 1824 bus
961 1769 1306 1842 praecellens
1329 1771 1498 1840 foret,
1527 1790 1598 1832 ac
1621 1775 1813 1845 sciret,
1849 1777 2036 1833 Deum
2065 1779 2124 1832 et
2152 1775 2329 1832 celos
2357 1773 2466 1830 im-

811 1859 1136 1930 plere(l7),
1155 1875 1518 1936 omnemque
1548 1869 1768 1922 terram
1797 1864 2002 1938 palmo
2029 1864 2223 1922 metiri
2249 1883 2263 1933 ;

889 1951 1022 2005 llam
1043 1948 1092 2004 si
1111 1948 1540 2010 fastuosel‘orte
1554 1954 1765 2025 jactes,
1794 1957 2306 2027 CyrusPersarum
2343 1967 2462 2019 rex,

818 2037 908 2095 vir
926 2037 1062 2096 licet
1075 2039 1391 2111 idololatra
1410 2043 1523 2116 (18)
1549 2048 1605 2100 et
1625 2045 2098 2116 incircumcisus,
2117 2059 2341 2101 vanum
2379 2041 2465 2100 fa-

817 2130 976 2184 stum
1002 2131 1173 2187 tuum
1195 2132 1568 2206 comprimet.
1601 2134 1704 2193 Hic
1741 2134 2042 2207 siquidem
2078 2134 2372 2208 templum
2429 2147 2467 2190 a

818 2216 1138 2276 Salomone
1160 2219 1619 2293 exmdiﬁcatum,
1645 2223 1912 2282 dirutum
1933 2223 2150 2283 deinde
2173 2238 2242 2281 ac
2273 2221 2469 2279 fundi-

817 2311 912 2364 tus
939 2324 1236 2380 eversum,
1264 2310 1608 2382 ingentibus
1636 2315 1768 2372 auri
1783 2315 2155 2388 ponderibus
2183 2318 2242 2372 et
2261 2313 2465 2371 animo

818 2399 1080 2456 maxime
1105 2400 1309 2472 alacri,
1337 2402 1433 2460 hic
1457 2403 1729 2478 inquam,
1761 2405 1950 2464 multo
2005 2410 2144 2480 post
2199 2409 2468 2478 tempore

815 2488 1017 2546 denuo
1047 2494 1105 2548 et
1140 2492 1324 2549 erexit
1361 2496 1542 2567 atque
1579 2495 1949 2566 instauravit,
1990 2495 2406 2570 populumque
2436 2508 2468 2549 e

817 2579 1156 2651 captivitate
1186 2581 1246 2638 in
1277 2598 1452 2639 suam
1493 2584 1748 2656 patriam
1769 2586 2043 2642 restituit.
2099 2585 2468 2642 sustinuistis

816 2669 977 2726 enim
1006 2673 1111 2742 qui
1124 2673 1306 2728 simul
1326 2676 1841 2746 constristaretur,
1883 2681 1939 2733 et
1969 2692 2088 2733 non
2122 2677 2268 2746 fuit;
2287 2681 2342 2733 et
2367 2676 2471 2747 qui

817 2760 1231 2818 consolaretur
1255 2763 1387 2833 (20),
1415 2767 1472 2819 et
1497 2780 1568 2820 ex
1600 2765 1877 2821 tribubus
1899 2769 2106 2823 vestras
2136 2765 2328 2836 gentis
2367 2779 2469 2822 ne-

815 2865 910 2905 mo
948 2864 1104 2906 unus
1141 2852 1419 2909 inventus
1457 2858 1558 2919 est;
1600 2854 1695 2910 hic
1733 2871 1895 2925 vero,
1951 2856 2039 2912 vir
2111 2855 2467 2926 alienigena,

815 2937 1156 2997 beneﬁcum
1196 2957 1259 2998 se
1291 2942 1464 2999 vobis
1490 2959 1559 3000 ac
1589 2943 2031 3018 redemptorem
2065 2945 2341 3020 praebuit.

893 3120 1067 3175 XXIV.
1101 3123 1167 3176 Et
1217 3136 1364 3177 sane
1389 3137 1495 3193 per
1552 3138 1688 3180 eam
1717 3123 2058 3196 Ecclesiam,
2109 3141 2246 3198 quas
2277 3131 2369 3183 est
2397 3143 2469 3183 ex

1967 393 2280 457 GERMANI
2317 390 2364 451 II
2404 391 2512 453 ΟΡ.
2550 391 3042 459 PATMARCHE.

891 516 1161 584 Posuisti,
1194 531 1232 575 ο
1269 517 1489 583 Judme.
1537 520 1874 580 custodiam
1899 521 1990 579 ori
2034 525 2157 590 tuo,
2197 519 2473 578 etfaciem
2501 518 2549 573 Α

4073 402 4181 459 ’708

2653 519 2806 578 Ἐθου
2836 531 2909 595 τῷ
2937 526 3164 599 στόματί
3222 543 3318 579 σου
3381 524 3633 599 φυλακην,
3690 521 3935 592 Ἰουδαῖε,
4001 529 4090 580 καὶ
4117 529 4178 582 τό

2578 613 2857 685 πρόσωπόν
2915 632 3016 669 σου
3072 614 3336 688 αἰσχύνης
3396 619 3692 688 σκοτομήνῃ
3768 614 4175 690 περιεκοίλυψας,

2579 707 2679 753 τῶν
2742 707 3028 775 φωστάρων
3096 712 3197 758 τῶν
3253 703 3488 777 μεγάλων
3551 706 3747 758 τούτων
3810 705 3900 757 τὸν
3983 703 4173 760 ἑαυτῶν

2580 785 2616 845 δ
2619 787 2834 850 ηλοποιη
2845 793 3048 846 σάντωυ
3074 812 3160 847 σοι
3178 797 3424 852 ποιητήν.

2652 878 2767 938 ΚΓ.
2825 879 2895 936 Ἠ
2949 886 3039 936 καὶ
3073 881 3227 936 πάλιν
3267 886 3363 942 τὴν
3419 881 3576 958 ὀφρὺν
3620 884 3786 959 α’ίρεις
3849 881 4174 957 ὑψηλοτέραν

2576 974 2669 1022 τοῦ
2701 970 2859 1043 ἱεροῦ,
2905 973 2993 1024 τόν
3050 967 3330 1045 οἰκοδόμον
3367 967 3524 1026 τοῦδε
3571 971 3873 1044 Σολομῶντα
3916 971 3984 1034 εἰς
4043 974 4173 1025 καύο

2576 1077 2736 1132 χημα
2795 1067 2870 1132 τῷ
2929 1059 3066 1133 λόγῳ
3127 1060 3524 1135 παρεισκυλῶν·
3594 1062 3732 1124 ὃπως
3786 1081 3843 1116 τε
3936 1057 4175 1120 σπουδὴν

2577 1147 2894 1224 ύπέρθερμον
2954 1148 3289 1205 κατεϐάλλετο
3343 1150 3411 1212 εἰς
3467 1146 3627 1215 δόξαν
3685 1157 3840 1216 Θεοῦ,
3895 1149 4174 1204 ποικίλλων

2575 1239 2749 1290 τὸτοῦ
2801 1245 2935 1292 Θεοῦ
2985 1244 3238 1312 σκήνωμα
3277 1239 3683 1312 καλλιτεχνίαις,
3713 1239 3982 1315 εύχροίαις
4029 1259 4176 1314 χρυ-

2579 1333 2698 1396 σοῦ,
2755 1326 3023 1400 εύχροίαις
3071 1327 3248 1397 λίθων,
3296 1327 3630 1404 ἀνθρωπίνων
3683 1327 3847 1401 ὄψεων
3917 1327 4179 1404 θέλγητρα

2574 1418 2746 1470 πάντα
2804 1415 3232 1491 έπιτεχνώμενος,
3283 1422 3372 1471 καὶ
3433 1427 3630 1495 χειρῶν
3692 1417 4024 1492 ἀνθρωπίνων
4089 1421 4176 1494 ἰρ-

2574 1523 2688 1578 γοις
2707 1509 2794 1559 τὸν
2821 1509 2950 1561 Θεὸν
2987 1504 3197 1566 ἡδύνειν
3253 1507 3504 1581 οἰόμενος,
3559 1507 3712 1570 αὑτὸς
3764 1510 3913 1583 ἔργον
3961 1508 4029 1560 ὡν
4079 1513 4175 1562 τοῦ

2576 1601 2722 1664 Θεοή
2739 1598 2798 1648 τὸ
2827 1597 3031 1649 πάντων
3057 1595 3338 1672 ἐξαίρετον,
3365 1602 3455 1651 καὶ
3484 1600 3608 1652 Θεὸν
3666 1593 3822 1659 εἰδὼς
3871 1599 3960 1650 τὸν
4019 1596 4176 1670 ούρα-

2573 1685 2657 1736 νόν
2714 1683 3030 1758 πληροῦντα,
3076 1691 3166 1741 καὶ
3209 1690 3302 1746 τὴν
3351 1695 3452 1760 γῆν
3492 1692 3669 1742 πᾶσαν
3715 1693 4006 1761 μετριῶντα
4058 1685 4175 1758 (15)

2572 1781 2638 1847 τῇ
2669 1775 2906 1849 σπιθαμῇ
2931 1776 3063 1848 (16).

2649 1952 2764 2007 Ἐὰν
2789 1951 2873 2008 ἰπὶ
2915 1958 3122 2018 τούτοις
3167 1956 3470 2030 κομπάζης,
3514 1961 3678 2032 Κῦρος
3726 1956 3754 2010 ό
3807 1961 3908 2009 τῶν
3958 1961 4172 2032 Περσῶν

2576 2041 2823 2115 βασιλεὺς
2877 2047 2936 2098 τὸ
3011 2047 3259 2122 φρύαγμα
3321 2043 3638 2100 κατασϐέσει
3706 2039 3863 2115 σου,’
3905 2045 4174 2121 ἄνθρωπος

2574 2127 2954 2210 εἰδωλολάτρης
3031 2140 3119 2190 καὶ
3177 2133 3547 2212 ἀπερίτμητος.
3597 2137 3668 2189 Τὸ
3723 2136 3827 2210 γὰρ
3873 2135 3974 2188 ὑπὸ
4014 2133 4173 2187 Σολο-

2573 2230 2773 2294 μῶντος
2825 2221 3086 2299 ἀνεγερθεν
3137 2227 3289 2300 ἱερὸν,
3348 2225 3721 2300 κατερειπωθεν
3777 2228 3868 2277 καὶ
3937 2221 4174 2296 ἁγαντω-

2577 2312 2658 2365 θεν
2706 2310 2777 2374 εἰς
2819 2316 2878 2366 τὸ
2930 2313 3189 2385 παντελὲς,
3254 2313 3670 2390 βαρυταλὰντοις
3719 2312 3896 2375 όλκαῖς
3935 2316 4173 2387 χρυσίου

2575 2404 2665 2454 καὶ
2689 2401 2844 2475 ψυχῇ
2881 2404 3192 2479 θερμοτὰτῃ,
3217 2403 3369 2466 οὖτος
3428 2409 3652 2480 μακροῖς
3696 2404 3912 2478 ὕστερον
3959 2406 4177 2476 χρόνοις

2577 2488 2886 2553 έξανέστησέ
2927 2512 2981 2546 τε
3029 2499 3119 2547 καὶ
3176 2498 3510 2564 ἀνενεώσατο,
3571 2499 3662 2548 καὶ
3729 2497 3820 2553 τὴν
3892 2491 4178 2566 αἰχμαλω-

2582 2585 2702 2633 σίαν
2764 2589 2856 2635 τοῦ
2916 2581 3042 2636 λαοῦ
3103 2591 3166 2658 τῇ
3224 2585 3391 2657 οἰκεία
3452 2581 3676 2660 πατρίδι
3729 2583 4178 2642 ἀποκατέστησεν.

2582 2668 2908 2742 ’Υπεμείνατε
2990 2675 3092 2748 γὰρ
3187 2673 3620 2748 συλλυπούμενον,
3703 2679 3793 2728 καὶ
3877 2673 3983 2746 οὑχ
4077 2673 4180 2725 ὑπο

2581 2759 2742 2834 ἦρξε·
2775 2765 2979 2815 καὶτὸν
3033 2763 3456 2838 παρακαλοῦντα,
3523 2768 3612 2817 καὶ
3687 2763 3792 2836 οὑχ
3869 2763 4042 2836 εὕρετο
4090 2759 4179 2814 ἀπ’

2581 2846 2828 2922 οὐδεμιᾶς
2853 2859 2950 2904 τῶν
2980 2859 3072 2905 τοῦ
3103 2854 3354 2929 ἡμετέρου
3382 2857 3559 2925 γένους
3589 2852 3757 2926 φυλῶν
3781 2874 3794 2887 ·
3847 2853 3873 2905 ὁ
3921 2848 3980 2904 δε
4027 2848 4180 2903 ἄλλο·

2579 2944 2728 3012 γενὴς
2784 2940 2930 3003 οὗτος
2994 2943 3261 3017 ἄνθρωπος
3332 2943 3600 3019 εὐεργέτης
3679 2944 3799 3016 ὑμῖν
3884 2940 4176 3017 ἐγνωρίσθη

2579 3034 2667 3083 καὶ
2694 3029 2927 3105 λυτρωτή
2940 3051 2980 3093 ς.

2653 3120 2766 3178 ΚΔ’.
2801 3123 2895 3174 Διὰ
2921 3131 3012 3184 τῆς
3041 3121 3093 3186 EE
3112 3121 3266 3176 έθνῶν
3324 3125 3427 3199 γὰρ
3476 3121 3790 3184 Ἐκκλησίας
3843 3125 3933 3174 καὶ
3981 3121 4029 3174 οἱ
4086 3126 4179 3173 τοῦ

812 3207 1111 3281 gentibus,
1142 3209 1519 3283 ﬁliiquoqne
1569 3212 1746 3269 Israel
1801 3214 2068 3286 quotidie
2133 3215 2213 3271 ad
2277 3215 2467 3288 pristi-
2501 3242 2542 3298 ο

2413 3215 2467 3273 Li.
2501 3242 2542 3298 Ο
2581 3209 2796 3298 Ἰσραὴλ
2832 3209 3020 3273 παῖδες
3044 3215 3170 3286 πρὸς
3225 3218 3319 3272 τὴν
3380 3216 3634 3289 προτέραν
3690 3212 4035 3285 κληρονομίαν
4084 3215 4177 3262 τοῦ

813 3313 957 3355 nam
987 3299 1254 3371 paradisi
1279 3299 1688 3360 hmreditatem
1716 3305 2462 3364 vocanturetintroducuno

816 3393 931 3445 tur.
963 3395 1043 3445 Ac
1071 3389 1360 3463 templum
1377 3392 1736 3462 animatum,
1751 3395 1917 3468 quod
1931 3395 2324 3453 Nabuzardan
2349 3398 2469 3468 (21)

817 3480 1152 3536 accendens
1175 3481 1569 3553 cupiditatum
1600 3483 1912 3543 ﬂammam
1941 3487 2178 3544 animas
2208 3487 2334 3545 dire
2366 3487 2472 3544 fce-

815 3569 1085 3640 dantem,
1107 3571 1386 3628 incendio
1425 3572 1871 3648 absumpserat,
1906 3577 2166 3633 Verbum
2197 3578 2473 3636 omnium

815 3659 1089 3715 conditor
1124 3663 1304 3733 atque
1335 3661 1565 3726 artifex,
1605 3669 1875 3729 renovat,
1947 3668 2003 3721 et
2035 3667 2473 3737 jucundissime

815 3752 1082 3820 exornat,
1115 3749 1262 3806 illud
1289 3751 1350 3807 in
1382 3753 1704 3825 semetipso
1729 3754 1995 3810 excitans
2051 3756 2471 3828 purissimum,

817 3839 1286 3909 sanctissimum,
1320 3839 1851 3909 fulgentissimum.
1884 3845 2110 3918 Ecquid
2129 3846 2287 3902 enim
2311 3847 2474 3903 aliud

816 3933 906 3985 est
930 3927 1222 4001 templum
1252 3929 1368 3986 hoc
1393 3930 1711 4001 excitasse,
1742 3948 1929 4006 quam
1947 3934 2326 3993 deificatione
2357 3936 2473 4009 (22)

816 4018 1042 4076 factum
1072 4019 1256 4076 fuisse
1287 4022 1472 4078 Deum
1503 4027 1560 4079 et
1606 4023 1876 4081 divinam
1933 4024 2186 4096 gloriam
2239 4028 2474 4100 partici-

814 4112 1040 4184 passe‘?
1070 4112 1212 4177 Quae
1243 4115 1447 4168 autem
1515 4113 1676 4184 (huic
1737 4115 1961 4188 templo
2014 4115 2470 4189 exmdiﬁcando)

813 4200 1192 4273 purissimam
1203 4202 1517 4260 materiam
1531 4204 1874 4278 suppeditat
1897 4206 2472 4278 ,prmstantissimum

815 4382 1052 4456 ἄναρχος
1069 4381 1360 4456 dicendus
1383 4385 1456 4438 sit
1483 4386 1587 4439 aut
1611 4399 1733 4440 non
1758 4384 2071 4454 dicendus,
2093 4387 2269 4444 tradit
2293 4391 2468 4454 (orat.

815 4454 965 4540 394$
1006 4454 1091 4544 1.2.)
1134 4459 1336 4544 εῐιοξῖῆρ
1363 4457 1390 4508 ὁ
1430 4460 1633 4544 Πατὴρ»
1673 4456 1763 4542 κειε
1801 4459 2067 4542 diem“!
2109 4458 2202 4544 ⁸³⁵-
2246 4463 2348 4544 75f”
2416 4460 2471 4544 ἐκ

813 4535 972 4589 τινός.
1006 4535 1176 4614 Υιοὶο
1216 4535 1354 4612 Υιὸς,
1387 4535 1471 4581 καὶ
1531 4535 1624 4580 οὐκ
1696 4535 1925 4614 ἄναρχος
1967 4551 1979 4563 ο
2023 4535 2077 4583 ἐκ
2114 4539 2205 4583 τοῦ
2270 4536 2472 4608 Πατρός

2580 3297 2904 3373 παραδείσου
2934 3305 2992 3355 τὸ
3022 3303 3138 3355 καθ’
3196 3305 3392 3376 ἡμέραν
3448 3301 3867 3377 προσκαλοῦνται
3917 3305 4006 3353 ταὶ
4075 3299 4180 3351 εἰσο

2583 3391 2888 3452 οικίζονται.
2925 3396 3025 3446 Καὶ
3066 3396 3153 3446 τόν
3206 3395 3326 3446 ναὸν
3349 3395 3435 3446 τόν
3485 3392 3752 3465 ἔμψυχον,
3810 3391 3864 3444 ὂν
3908 3391 3935 3443 ὁ
3979 3387 4184 3443 Ναϐου-

2585 3478 2788 3558 ζαρδὰν
2842 3481 3128 3558 ἐνεπύρισε,
3196 3487 3291 3542 τὴν
3355 3481 3688 3558 ψυχόλεθρον
3747 3482 3864 3552 (19)
3919 3479 4185 3540 ἐκκαύσας

2583 3576 2798 3644 κάμινον
2828 3582 2928 3625 τῶν
2955 3576 3152 3644 παθῶν,
3189 3574 3214 3625 ό
3275 3581 3367 3626 τοῦ
3418 3576 3606 3634 παντὸς
3642 3571 3967 3646 ἀρχιτέκτων
4018 3573 4184 3640 Λόγος

2583 3669 2672 3718 καὶ
2718 3669 3091 3736 παντεχνήμων
3149 3662 3350 3716 ἀνανεοί
3418 3669 3508 3717 καὶ
3547 3662 3958 3735 έπετερπέστατα
4013 3661 4181 3712 καθω-

2582 3754 2775 3829 ραῖζει,
2805 3757 2854 3806 έν
2902 3753 3065 3824 ἐαυτῷ
3106 3755 3411 3815 ὑποστήσας
3453 3755 3843 3826 πανάχραντον,
3900 3751 4182 3821 παναγιον,

2582 3849 3007 3918 πανυπέρφωτον.
3035 3849 3136 3898 Καὶ
3175 3849 3227 3897 τί
3252 3847 3354 3918 γὰρ
3395 3846 3581 3919 ἕτερον,
3637 3844 3666 3902 ἣ
3700 3851 3762 3915 τῇ
3813 3843 3993 3895 θεὼσει
4052 3841 4182 3892 Θεὸν

2582 3940 2672 3989 καὶ
2729 3944 2826 3988 τῶν
2881 3937 3026 3989 θείων
3081 3935 3408 4008 αύχημάτων
3459 3938 3829 4007 μετεσχηκότα
3884 3935 3973 3984 καὶ
4028 3948 4183 4002 γεγο-

2581 4031 2724 4099 νότα,
2756 4028 2877 4100 ὅπερ
2896 4029 2953 4079 τὸ
2981 4027 3283 4084 ὑποστῆσαι
3316 4043 3329 4093 ;
3378 4024 3436 4078 Ἠ
3467 4021 3526 4077 δε
3547 4081 3558 4089 ,
3578 4026 3817 4098 χορηγός
3862 4029 3960 4075 τῶν
4021 4021 4184 4072 πανα-

2581 4138 2713 4190 γνων
2761 4119 2955 4169 τούτων
3010 4116 3161 4182 ὑλῶν,
3219 4118 3277 4167 τό
3332 4122 3425 4177 τῆς
3477 4117 3773 4186 γυναικείας
3831 4113 4026 4184 φύσεως
4080 4108 4186 4172 ἐξο-

2582 4212 2818 4280 χώτατον
2843 4208 3123 4278 καύχημα,
3156 4208 3250 4264 τὴν
3289 4212 3388 4256 τῶν
3435 4203 3686 4278 ούρανίων
3746 4201 3973 4274 ἀγγέλων
4030 4201 4185 4272 ὑπέρ-

2653 4387 2984 4458 (17)Jerem.
3019 4400 3174 4452 χχιιι,
3207 4388 3290 4458 lli:
3320 4383 3636 4458 Numquid
3696 4397 3822 4458 gron
3883 4381 4097 4438 calum
4128 4384 4184 4436 et

2581 4454 2806 4516 terram
2835 4473 2942 4527 ego
2961 4459 3178 4524 impleo
3207 4456 3349 4513 dicit
3373 4454 3721 4527 Dominus?

2651 4531 2764 4602 (18)
2793 4523 3000 4602 Utique
3027 4527 3328 4586 idolorum
3349 4525 3838 4602 cultuiaddictus
3866 4523 4058 4581 fuerat
4073 4525 4184 4595 Cy-

813 4601 915 4677 γάρ
960 4619 972 4633 ·
1016 4598 1058 4651 εἰ
1099 4594 1158 4654 δὲ
1195 4603 1288 4657 τὴν
1329 4599 1429 4652 ἀπὸ
1503 4607 1702 4674 χρόνου
1777 4594 2057 4677 λαμϐάνοις
2133 4603 2308 4677 ἀρχὴν
2381 4594 2468 4658 3ιαὶ
2507 4616 2550 4670 1)

2421 4594 2468 4658 αἱ
2507 4616 2550 4670 1)
2581 4594 2704 4669 rus;
2734 4594 2804 4677 ac
2835 4594 2956 4658 non
2970 4605 3382 4677 mqueeertum
3399 4604 3488 4655 est
3508 4594 4185 4677 idololatrameumper-

815 4669 1322 4754 sivetpzongomn‘a;
1349 4675 1449 4754 γαρ
1490 4669 1694 4754 χρόνων
1746 4669 1851 4745 οὑχ
1909 4676 2008 4726 ὑπὸ
2073 4669 2284 4754 χρόνον.
2355 4676 2471 4754 P_q-
2550 4683 2556 4690 '

2419 4693 2471 4754 ᾳ-
2550 4673 2898 4754 'mansisse,
2931 4669 3229 4754 aut'talem
3262 4670 3484 4754 adbuc,
3515 4669 3698 4754 fuisse
3725 4669 4183 4754 cumtemplum

816 4751 904 4799 ter
933 4746 1113 4818 P_a_ter
1135 4749 1220 4818 est
1232 4749 1286 4818 et
1298 4746 1587 4814 principii
1598 4759 2034 4818 expersmeque
2047 4746 2200 4803 enim
2224 4762 2301 4804 ex
2339 4749 2470 4804 ullo

813 4821 919 4872 est.
948 4815 1134 4888 Filius
1146 4815 1339 4888 Filius
1364 4822 1468 4881 est,
1493 4832 1565 4873 ac
1581 4833 1700 4873 non
1717 4815 2012 4888 principii
2020 4834 2252 4888 expers;
2278 4835 2353 4876 ex
2364 4820 2443 4874 Pa
2456 4852 2469 4860 -

814 4895 906 4962 tre
933 4887 1213 4962 siqudem.
1243 4887 1413 4956 Quod
1441 4890 1787 4958 sitemporis
1809 4887 2174 4962 principium
2221 4893 2466 4960 accipis,

813 4960 992 5018 etiam
1003 4961 1306 5034 principio
1317 4968 1495 5034 caret;
1517 4978 1703 5034 neque
1715 4963 1867 5020 enim
1885 4960 2216 5033 temporum
2230 4965 2470 5034 effector

813 5033 1068 5108 tempori
1082 5032 1298 5108 subest.
1325 5033 1425 5108 Hic
1441 5032 1682 5108 gemina
1695 5049 1882 5107 prope
1899 5036 1978 5108 ad
1992 5032 2242 5108 verbum
2271 5032 2466 5108 legere

813 5111 901 5162 est
930 5107 990 5162 in
1019 5104 1581 5180 ejusdemGregorii
1602 5104 1750 5180 orat.
1785 5104 1872 5163 2⁷0.
1906 5107 1963 5163 al
1993 5111 2082 5176 29,
2113 5107 2141 5180 §
2169 5110 2222 5165 7.

882 5176 1362 5248 (14)[,υωὶῐιθιυὶδ.
1384 5183 1594 5235 auctor
1634 5177 1777 5234 dicit
1825 5180 2000 5237 solem
2048 5176 2466 5248 et'lunam,de

809 5251 1032 5325 quibus
1061 5249 1370 5325 in_Psalmi
1398 5249 1554 5313 loco,
1586 5251 1661 5307 de
1686 5265 1810 5325 quo
1839 5251 2094 5320 disserit,
2127 5267 2328 5308 sermo
2354 5256 2461 5308 est.

881 5320 1162 5405 (l5)‘COd..
1196 5329 1507 5404 μετριοῦντα
1573 5320 1744 5405 ψιρᾷ
1804 5331 2098 5405 μέτριοῶτα
2126 5341 2162 5380 a
2237 5327 2466 5405 μετριὰω

809 5394 1262 5452 emendandum
1286 5394 1514 5450 oensui:
1541 5394 1610 5450 at
1625 5394 1812 5451 aliter
1842 5394 2044 5452 Graeca
2099 5394 2296 5452 versio
2333 5394 2465 5452 'loci

809 5469 997 5540 Isaia).
1019 5483 1051 5523 e
1076 5480 1201 5537 quo
1231 5467 1522 5524 sententia
1544 5466 1874 5540 desumpta
1903 5472 1990 5524 est
2011 5471 2144 5534 (lsa.
2199 5485 2292 5524 XL.
2378 5469 2467 5540 12)

807 5545 896 5601 Τίς
962 5539 1280 5613 ἐμέτρησε...
1342 5543 1430 5592 τόν
1498 5538 1716 5613 οὑρανὸν
1773 5538 2059 5613 σπιθαμῇ,
2093 5545 2184 5593 καὶ
2287 5538 2464 5593 πᾶσαν

806 5617 902 5672 τὴν
923 5621 1022 5683 γῆν
1054 5616 1248 5687 δρακίς

879 5686 992 5758 (16)
1023 5683 1168 5744 Cod.
1215 5685 1496 5758 σπηθαμῇ,
1557 5683 1778 5743 scilicet
1827 5688 2114 5744 consueto
2172 5684 2467 5745 iotaclsml

808 5757 971 5816 vitio;

2583 4745 3190 4817 Hierosolymitanum
3222 4741 3716 4801 remdiﬁcandum
3743 4741 3941 4816 jussit.

2655 4818 2762 4890 (16)
2791 4815 2938 4890 Cod.
2969 4815 3330 4890 ψυχόλυθρον.

2651 4889 2761 4962 (20)
2790 4888 2943 4946 Psal.
2970 4888 3156 4962 vaIu,
3181 4888 3269 4946 21.

2650 4956 2764 5031 (21)
2797 4961 3326 5033 Quemadmodum
3348 4962 3559 5033 Cyrus,
3584 4959 3691 5033 qui
3715 4956 4184 5033 restaurandum

2577 5029 2807 5092 curavit
2821 5033 3109 5105 templum
3126 5029 3652 5105 Dominifhabitiis
3664 5035 3755 5105 est
3766 5048 3802 5088 a
3815 5031 3919 5089 SS.
3933 5029 4187 5105 Patrbus

2576 5122 2686 5164 ceu
2707 5111 2890 5179 typus
2923 5103 3138 5162 Christi
3165 5104 3508 5179 Salvatoris;
3541 5104 3623 5160 ita
3654 5103 4185 5179 Nabuzardan,qui

2577 5181 2668 5244 (IV
2695 5176 2831 5251 Heg.
2858 5195 2989 5242 xxv,
3017 5181 3048 5233 8
3079 5193 3247 5251 seqq.
3282 5194 3294 5245 ;
3322 5181 3380 5233 et
3399 5176 3618 5251 Jerem.
3653 5249 3662 5251 _
3696 5192 3793 5245 ui,
3846 5178 3928 5251 _l2
3977 5186 4188 5251 seqq.)

2577 5191 2663 5244 (IV
2695 5191 2831 5248 Heg.
2858 5195 2989 5242 xxv,
3017 5191 3048 5233 δ
3079 5193 3247 5251 seqq.
3282 5191 3618 5245 ;euerem.
3652 5249 3662 5259 .
3696 5192 3793 5245 ιιι,
3864 5191 3928 5231 12
3977 5191 4188 5304 squ.)

2574 5249 2868 5330 templum
2879 5254 3060 5330 atque
3074 5251 3290 5330 urbem
3305 5247 3996 5330 Jer_usalen1_incendera_t
4012 5255 4067 5304 et
4133 5264 4188 5303 e-

2578 5320 2895 5379 struierat.
2920 5320 3164 5395 habitus
3191 5326 3276 5395 est
3301 5327 3364 5376 ut
3392 5326 3574 5395 typus
3594 5321 3953 5395 diaboli,qui
3972 5320 4189 5378 huma-

2576 5411 2734 5476 nus-1
2757 5409 2959 5476 septis.
2979 5392 3299 5476 imputem
3322 5392 3578 5476 missie-

2648 5468 2740 5539 (22
2771 5467 2790 5536 )
2823 5465 3124 5539 Deiﬁcatio
3150 5465 3385 5535 (θίωσις)
3407 5465 3624 5522 dicitur
3638 5468 3787 5539 tum
3808 5480 3898 5531 ea,
3935 5479 4055 5539 qua
4085 5479 4194 5521 na-

2578 5537 2711 5596 tura
2734 5537 2947 5594 Cbristi
2976 5538 3248 5595 humana
3277 5543 3596 5610 assumpta
3626 5537 3834 5610 fuitin
3895 5537 4192 5610 unitatem

2621 5626 2877 5683 ersonaa.
2895 5614 3129 5683 tumea,
3160 5607 3600 5683 quahomines,
3613 5610 3685 5683 in
3708 5607 3864 5683 ﬁlios
3880 5608 3980 5665 Dei
4001 5608 4193 5683 adop-

2621 5626 2877 5672 ersonm.
2895 5626 3021 5666 tum
3035 5626 3129 5677 ea,
3160 5626 3284 5683 qua
3303 5626 3600 5676 nomines,
3625 5626 3685 5665 in
3708 5626 3864 5664 nuos
3880 5626 3980 5665 uel

2577 5626 2704 5756 Fati;
2735 5682 2957 5740 divina:
2986 5681 3440 5741 illuminatlonis
3469 5681 3793 5756 participes
3813 5680 3986 5738 ﬁunti
