  <div class='ocr_page' id='page_1' title='image "/cluster/home/n/w/nwhite01/storage/ocr_20150623/140/nnc1.0046979905/367.png"; bbox 0 0 4468 6450; ppageno 0'>
   <div class='ocr_carea' id='block_1_1' title="bbox 845 392 952 446">
    <p class='ocr_par' dir='ltr' id='par_1_1' title="bbox 845 392 952 446">
     <span class='ocr_line' id='line_1_1' title="bbox 845 392 952 446; baseline 0.019 -2"><span class='ocrx_word' id='word_1_1' title='bbox 845 392 952 446; x_wconf 87' lang='lat'>707</span> 
     </span>
    </p>
   </div>
   <div class='ocr_carea' id='block_1_2' title="bbox 1959 385 3723 460">
    <p class='ocr_par' dir='ltr' id='par_1_2' title="bbox 1959 385 3009 452">
     <span class='ocr_line' id='line_1_2' title="bbox 1959 385 3009 452; baseline 0.009 -13"><span class='ocrx_word' id='word_1_2' title='bbox 1959 385 2273 443; x_wconf 71' lang='lat' dir='ltr'>GERMANI</span> <span class='ocrx_word' id='word_1_3' title='bbox 2302 388 2348 442; x_wconf 87' lang='lat' dir='ltr'>ll</span> <span class='ocrx_word' id='word_1_4' title='bbox 2386 388 2488 444; x_wconf 75' lang='grc' dir='ltr'>ΒΡ.</span> <span class='ocrx_word' id='word_1_5' title='bbox 2527 387 3009 452; x_wconf 60' lang='grc' dir='ltr'>ΡΑἸἮῙΑΒΟΗΕ.</span> 
     </span>
    </p>
   </div>
   <div class='ocr_carea' id='block_1_3' title="bbox 2435 385 4199 460">
    <p class='ocr_par' dir='ltr' id='par_1_3' title="bbox 2435 387 4199 460">
     <span class='ocr_line' id='line_1_3' title="bbox 2435 387 4199 460; baseline 0.008 -17"><span class='ocrx_word' id='word_1_6' title='bbox 2435 388 2488 443; x_wconf 87' lang='grc' dir='ltr'><strong>Ρ.</strong></span> <span class='ocrx_word' id='word_1_7' title='bbox 2527 387 3009 452; x_wconf 59' lang='grc' dir='ltr'>ΡΑἸἮΙΑΒΟΗΕ.</span> <span class='ocrx_word' id='word_1_8' title='bbox 4096 400 4199 460; x_wconf 79' lang='lat'>708</span> 
     </span>
    </p>
   </div>
   <div class='ocr_carea' id='block_1_4' title="bbox 921 508 2685 590">
    <p class='ocr_par' dir='ltr' id='par_1_4' title="bbox 921 508 2685 578">
     <span class='ocr_line' id='line_1_4' title="bbox 921 508 2685 578; baseline -0.001 -9"><span class='ocrx_word' id='word_1_9' title='bbox 921 512 1094 578; x_wconf 86' lang='lat' dir='ltr'>Quod</span> <span class='ocrx_word' id='word_1_10' title='bbox 1121 527 1264 568; x_wconf 77' lang='lat' dir='ltr'>vero</span> <span class='ocrx_word' id='word_1_11' title='bbox 1319 509 1802 568; x_wconf 81' lang='lat' dir='ltr'>benedicendum</span> <span class='ocrx_word' id='word_1_12' title='bbox 1854 514 1910 564; x_wconf 87' lang='lat' dir='ltr'>et</span> <span class='ocrx_word' id='word_1_13' title='bbox 1942 508 2321 566; x_wconf 86' lang='lat' dir='ltr'>adorandum</span> <span class='ocrx_word' id='word_1_14' title='bbox 2351 509 2503 566; x_wconf 86' lang='lat' dir='ltr'>inter</span> <span class='ocrx_word' id='word_1_15' title='bbox 2529 514 2576 568; x_wconf 83' lang='lat' dir='ltr'><strong>A</strong></span> <span class='ocrx_word' id='word_1_16' title='bbox 2676 512 2685 523; x_wconf 84' lang='lat'>&#39;</span> 
     </span>
    </p>
   </div>
   <div class='ocr_carea' id='block_1_5' title="bbox 2434 508 4198 590">
    <p class='ocr_par' dir='ltr' id='par_1_5' title="bbox 2434 511 4198 590">
     <span class='ocr_line' id='line_1_5' title="bbox 2434 511 4198 590; baseline 0.003 -25"><span class='ocrx_word' id='word_1_17' title='bbox 2434 525 2503 566; x_wconf 83' lang='lat' dir='ltr'>er</span> <span class='ocrx_word' id='word_1_18' title='bbox 2529 514 2576 568; x_wconf 82' lang='lat' dir='ltr'><strong>A</strong></span> <span class='ocrx_word' id='word_1_19' title='bbox 2676 511 2792 566; x_wconf 73' lang='grc' dir='ltr'>Ὀτι</span> <span class='ocrx_word' id='word_1_20' title='bbox 2829 511 2886 566; x_wconf 64' lang='grc' dir='ltr'>δι</span> <span class='ocrx_word' id='word_1_21' title='bbox 2915 517 2972 567; x_wconf 87' lang='grc' dir='ltr'>τὸ</span> <span class='ocrx_word' id='word_1_22' title='bbox 2995 521 3086 568; x_wconf 76' lang='grc' dir='ltr'>τοῦ</span> <span class='ocrx_word' id='word_1_23' title='bbox 3116 522 3353 590; x_wconf 75' lang='grc' dir='ltr'>Χριστοῦ</span> <span class='ocrx_word' id='word_1_24' title='bbox 3386 519 3548 588; x_wconf 80' lang='grc' dir='ltr'>ὄνομα</span> <span class='ocrx_word' id='word_1_25' title='bbox 3604 515 3893 588; x_wconf 66' lang='grc' dir='ltr'>σύληητόν</span> <span class='ocrx_word' id='word_1_26' title='bbox 3943 517 4055 574; x_wconf 73' lang='grc' dir='ltr'>ἔστι</span> <span class='ocrx_word' id='word_1_27' title='bbox 4110 525 4198 576; x_wconf 72' lang='grc' dir='ltr'>καὶ</span> 
     </span>
    </p>
   </div>
   <div class='ocr_carea' id='block_1_6' title="bbox 851 597 2498 669">
    <p class='ocr_par' dir='ltr' id='par_1_6' title="bbox 851 597 2498 669">
     <span class='ocr_line' id='line_1_6' title="bbox 851 597 2498 669; baseline -0.001 -13"><span class='ocrx_word' id='word_1_28' title='bbox 851 616 1062 656; x_wconf 91' lang='lat' dir='ltr'>omnes</span> <span class='ocrx_word' id='word_1_29' title='bbox 1091 604 1292 669; x_wconf 82' lang='lat' dir='ltr'>gentes</span> <span class='ocrx_word' id='word_1_30' title='bbox 1322 599 1395 654; x_wconf 89' lang='lat' dir='ltr'>sit</span> <span class='ocrx_word' id='word_1_31' title='bbox 1431 612 1654 654; x_wconf 86' lang='lat' dir='ltr'>nomen</span> <span class='ocrx_word' id='word_1_32' title='bbox 1690 597 1919 665; x_wconf 86' lang='lat' dir='ltr'>Christi,</span> <span class='ocrx_word' id='word_1_33' title='bbox 1949 603 2156 652; x_wconf 83' lang='lat' dir='ltr'>auctor</span> <span class='ocrx_word' id='word_1_34' title='bbox 2189 597 2361 653; x_wconf 90' lang='lat' dir='ltr'>nobis</span> <span class='ocrx_word' id='word_1_35' title='bbox 2413 602 2498 654; x_wconf 86' lang='lat' dir='ltr'>est</span> 
     </span>
    </p>
   </div>
   <div class='ocr_carea' id='block_1_7' title="bbox 845 685 2497 758">
    <p class='ocr_par' dir='ltr' id='par_1_7' title="bbox 845 685 2497 758">
     <span class='ocr_line' id='line_1_7' title="bbox 845 685 2497 758; baseline -0.004 -12"><span class='ocrx_word' id='word_1_36' title='bbox 845 690 1135 746; x_wconf 80' lang='lat' dir='ltr'>altisonus</span> <span class='ocrx_word' id='word_1_37' title='bbox 1167 689 1377 750; x_wconf 81' lang='lat' dir='ltr'>Isaias,</span> <span class='ocrx_word' id='word_1_38' title='bbox 1407 704 1510 742; x_wconf 89' lang='lat' dir='ltr'>seu</span> <span class='ocrx_word' id='word_1_39' title='bbox 1543 686 1639 741; x_wconf 93' lang='lat' dir='ltr'>ille</span> <span class='ocrx_word' id='word_1_40' title='bbox 1666 686 1888 758; x_wconf 79' lang='lat' dir='ltr'>potius,</span> <span class='ocrx_word' id='word_1_41' title='bbox 1920 685 2025 756; x_wconf 89' lang='lat' dir='ltr'>qui</span> <span class='ocrx_word' id='word_1_42' title='bbox 2057 687 2217 740; x_wconf 84' lang='lat' dir='ltr'>Isaiae</span> <span class='ocrx_word' id='word_1_43' title='bbox 2243 686 2497 757; x_wconf 87' lang='lat' dir='ltr'>prophe-</span> 
     </span>
    </p>
   </div>
   <div class='ocr_carea' id='block_1_8' title="bbox 846 774 2495 848">
    <p class='ocr_par' dir='ltr' id='par_1_8' title="bbox 846 774 2495 848">
     <span class='ocr_line' id='line_1_8' title="bbox 846 774 2495 848; baseline -0.003 -15"><span class='ocrx_word' id='word_1_44' title='bbox 846 781 962 834; x_wconf 91' lang='lat' dir='ltr'>tica</span> <span class='ocrx_word' id='word_1_45' title='bbox 980 777 1294 848; x_wconf 88' lang='lat' dir='ltr'>inspiravit</span> <span class='ocrx_word' id='word_1_46' title='bbox 1323 775 1588 840; x_wconf 88' lang='lat' dir='ltr'>oracula,</span> <span class='ocrx_word' id='word_1_47' title='bbox 1620 775 1702 828; x_wconf 91' lang='lat' dir='ltr'>sic</span> <span class='ocrx_word' id='word_1_48' title='bbox 1732 774 1979 829; x_wconf 87' lang='lat' dir='ltr'>omnino</span> <span class='ocrx_word' id='word_1_49' title='bbox 2012 779 2212 844; x_wconf 89' lang='lat' dir='ltr'>aperte</span> <span class='ocrx_word' id='word_1_50' title='bbox 2234 789 2495 844; x_wconf 89' lang='lat' dir='ltr'>pronun-</span> 
     </span>
    </p>
   </div>
   <div class='ocr_carea' id='block_1_9' title="bbox 845 865 2494 932">
    <p class='ocr_par' dir='ltr' id='par_1_9' title="bbox 845 865 2494 932">
     <span class='ocr_line' id='line_1_9' title="bbox 845 865 2494 932; baseline -0.002 -10"><span class='ocrx_word' id='word_1_51' title='bbox 845 867 999 923; x_wconf 87' lang='lat' dir='ltr'>tians</span> <span class='ocrx_word' id='word_1_52' title='bbox 1024 885 1035 918; x_wconf 92' lang='lat'><strong>:</strong></span> <span class='ocrx_word' id='word_1_53' title='bbox 1074 867 1380 921; x_wconf 81' lang='lat' dir='ltr'>Vocabitur</span> <span class='ocrx_word' id='word_1_54' title='bbox 1403 867 1586 920; x_wconf 74' lang='lat' dir='ltr'>servis</span> <span class='ocrx_word' id='word_1_55' title='bbox 1616 865 1755 919; x_wconf 82' lang='lat' dir='ltr'>meis</span> <span class='ocrx_word' id='word_1_56' title='bbox 1778 877 1991 918; x_wconf 85' lang='lat' dir='ltr'>nomen</span> <span class='ocrx_word' id='word_1_57' title='bbox 2013 877 2255 924; x_wconf 86' lang='lat' dir='ltr'>novum,</span> <span class='ocrx_word' id='word_1_58' title='bbox 2283 865 2386 932; x_wconf 88' lang='lat' dir='ltr'>qui</span> <span class='ocrx_word' id='word_1_59' title='bbox 2406 865 2494 919; x_wconf 87' lang='lat' dir='ltr'>be-</span> 
     </span>
    </p>
   </div>
   <div class='ocr_carea' id='block_1_10' title="bbox 843 951 2488 1021">
    <p class='ocr_par' dir='ltr' id='par_1_10' title="bbox 843 951 2488 1021">
     <span class='ocr_line' id='line_1_10' title="bbox 843 951 2488 1021; baseline -0.004 -11"><span class='ocrx_word' id='word_1_60' title='bbox 843 956 1149 1011; x_wconf 83' lang='lat' dir='ltr'>nedicetur</span> <span class='ocrx_word' id='word_1_61' title='bbox 1159 955 1222 1008; x_wconf 89' lang='lat' dir='ltr'>in</span> <span class='ocrx_word' id='word_1_62' title='bbox 1238 953 1614 1021; x_wconf 82' lang='lat' dir='ltr'>terra;lauda</span> <span class='ocrx_word' id='word_1_63' title='bbox 1623 952 1766 1007; x_wconf 86' lang='lat' dir='ltr'>bunt</span> <span class='ocrx_word' id='word_1_64' title='bbox 1781 953 1935 1006; x_wconf 84' lang='lat' dir='ltr'>enim</span> <span class='ocrx_word' id='word_1_65' title='bbox 1950 952 2135 1005; x_wconf 89' lang='lat' dir='ltr'>Deum</span> <span class='ocrx_word' id='word_1_66' title='bbox 2150 951 2488 1021; x_wconf 84' lang='lat' dir='ltr'>verum(35).</span> 
     </span>
    </p>
   </div>
   <div class='ocr_carea' id='block_1_11' title="bbox 842 1039 2488 1116">
    <p class='ocr_par' dir='ltr' id='par_1_11' title="bbox 842 1039 2488 1116">
     <span class='ocr_line' id='line_1_11' title="bbox 842 1039 2488 1116; baseline -0.002 -18"><span class='ocrx_word' id='word_1_67' title='bbox 842 1044 1101 1116; x_wconf 91' lang='lat' dir='ltr'>Populus</span> <span class='ocrx_word' id='word_1_68' title='bbox 1124 1043 1282 1096; x_wconf 92' lang='lat' dir='ltr'>enim</span> <span class='ocrx_word' id='word_1_69' title='bbox 1311 1042 1412 1096; x_wconf 89' lang='lat' dir='ltr'>Dei</span> <span class='ocrx_word' id='word_1_70' title='bbox 1436 1057 1556 1096; x_wconf 89' lang='lat' dir='ltr'>non</span> <span class='ocrx_word' id='word_1_71' title='bbox 1589 1039 1849 1110; x_wconf 83' lang='lat' dir='ltr'>amplius</span> <span class='ocrx_word' id='word_1_72' title='bbox 1881 1039 2063 1094; x_wconf 80' lang='lat' dir='ltr'>Jacob</span> <span class='ocrx_word' id='word_1_73' title='bbox 2093 1039 2488 1110; x_wconf 87' lang='lat' dir='ltr'>(appellatur),</span> 
     </span>
    </p>
   </div>
   <div class='ocr_carea' id='block_1_12' title="bbox 839 1126 2492 1202">
    <p class='ocr_par' dir='ltr' id='par_1_12' title="bbox 839 1126 2492 1202">
     <span class='ocr_line' id='line_1_12' title="bbox 839 1126 2492 1202; baseline -0.004 -14"><span class='ocrx_word' id='word_1_74' title='bbox 839 1149 962 1188; x_wconf 94' lang='lat' dir='ltr'>non</span> <span class='ocrx_word' id='word_1_75' title='bbox 985 1130 1248 1202; x_wconf 86' lang='lat' dir='ltr'>amplius</span> <span class='ocrx_word' id='word_1_76' title='bbox 1282 1129 1510 1200; x_wconf 89' lang='lat' dir='ltr'>Joseph</span> <span class='ocrx_word' id='word_1_77' title='bbox 1536 1136 1639 1184; x_wconf 85' lang='lat' dir='ltr'>aut</span> <span class='ocrx_word' id='word_1_78' title='bbox 1669 1127 1969 1199; x_wconf 90' lang='lat' dir='ltr'>Ephraim;</span> <span class='ocrx_word' id='word_1_79' title='bbox 2011 1133 2210 1182; x_wconf 84' lang='lat' dir='ltr'>vetera</span> <span class='ocrx_word' id='word_1_80' title='bbox 2272 1126 2370 1182; x_wconf 93' lang='lat' dir='ltr'>illa</span> <span class='ocrx_word' id='word_1_81' title='bbox 2435 1133 2492 1182; x_wconf 86' lang='lat' dir='ltr'>et</span> 
     </span>
    </p>
   </div>
   <div class='ocr_carea' id='block_1_13' title="bbox 838 1216 2488 1284">
    <p class='ocr_par' dir='ltr' id='par_1_13' title="bbox 838 1216 2488 1284">
     <span class='ocr_line' id='line_1_13' title="bbox 838 1216 2488 1284; baseline -0.003 -7"><span class='ocrx_word' id='word_1_82' title='bbox 838 1221 1111 1278; x_wconf 88' lang='lat' dir='ltr'>obsoleta</span> <span class='ocrx_word' id='word_1_83' title='bbox 1124 1219 1520 1275; x_wconf 89' lang='lat' dir='ltr'>suntnomina</span> <span class='ocrx_word' id='word_1_84' title='bbox 1548 1218 1651 1272; x_wconf 90' lang='lat' dir='ltr'>sed</span> <span class='ocrx_word' id='word_1_85' title='bbox 1669 1233 1826 1271; x_wconf 91' lang='lat' dir='ltr'>novo</span> <span class='ocrx_word' id='word_1_86' title='bbox 1840 1222 2086 1271; x_wconf 86' lang='lat' dir='ltr'>vocatur</span> <span class='ocrx_word' id='word_1_87' title='bbox 2098 1216 2340 1271; x_wconf 87' lang='lat' dir='ltr'>nomine</span> <span class='ocrx_word' id='word_1_88' title='bbox 2353 1218 2488 1284; x_wconf 88' lang='lat'>(36),</span> 
     </span>
    </p>
   </div>
   <div class='ocr_carea' id='block_1_14' title="bbox 838 1310 2490 1382">
    <p class='ocr_par' dir='ltr' id='par_1_14' title="bbox 838 1310 2490 1382">
     <span class='ocr_line' id='line_1_14' title="bbox 838 1310 2490 1382; baseline -0.005 -16"><span class='ocrx_word' id='word_1_89' title='bbox 838 1311 1126 1382; x_wconf 87' lang='lat' dir='ltr'>quoniam</span> <span class='ocrx_word' id='word_1_90' title='bbox 1161 1314 1218 1364; x_wconf 88' lang='lat' dir='ltr'>et</span> <span class='ocrx_word' id='word_1_91' title='bbox 1274 1311 1694 1362; x_wconf 88' lang='lat' dir='ltr'>testamentum</span> <span class='ocrx_word' id='word_1_92' title='bbox 1746 1321 1958 1360; x_wconf 85' lang='lat' dir='ltr'>novum</span> <span class='ocrx_word' id='word_1_93' title='bbox 2021 1310 2130 1369; x_wconf 88' lang='lat' dir='ltr'>est,</span> <span class='ocrx_word' id='word_1_94' title='bbox 2186 1311 2242 1359; x_wconf 90' lang='lat' dir='ltr'>et</span> <span class='ocrx_word' id='word_1_95' title='bbox 2296 1321 2490 1358; x_wconf 90' lang='lat' dir='ltr'>novus</span> 
     </span>
    </p>
   </div>
   <div class='ocr_carea' id='block_1_15' title="bbox 835 1393 2488 1472">
    <p class='ocr_par' dir='ltr' id='par_1_15' title="bbox 835 1393 2488 1472">
     <span class='ocr_line' id='line_1_15' title="bbox 835 1393 2488 1472; baseline -0.005 -17"><span class='ocrx_word' id='word_1_96' title='bbox 835 1399 1119 1472; x_wconf 89' lang='lat' dir='ltr'>populus.</span> <span class='ocrx_word' id='word_1_97' title='bbox 1155 1396 1473 1463; x_wconf 88' lang='lat' dir='ltr'>Quodnam</span> <span class='ocrx_word' id='word_1_98' title='bbox 1505 1410 1646 1449; x_wconf 89' lang='lat' dir='ltr'>vero</span> <span class='ocrx_word' id='word_1_99' title='bbox 1680 1393 1836 1448; x_wconf 88' lang='lat' dir='ltr'>istud</span> <span class='ocrx_word' id='word_1_100' title='bbox 1864 1393 1890 1445; x_wconf 85' lang='lat'>?</span> <span class='ocrx_word' id='word_1_101' title='bbox 1922 1393 2310 1460; x_wconf 86' lang='lat' dir='ltr'>Christianus,</span> <span class='ocrx_word' id='word_1_102' title='bbox 2344 1400 2400 1448; x_wconf 88' lang='lat' dir='ltr'>et</span> <span class='ocrx_word' id='word_1_103' title='bbox 2453 1409 2488 1447; x_wconf 89' lang='lat' dir='ltr'>a</span> 
     </span>
    </p>
   </div>
   <div class='ocr_carea' id='block_1_16' title="bbox 834 1483 2485 1552">
    <p class='ocr_par' dir='ltr' id='par_1_16' title="bbox 834 1483 2485 1552">
     <span class='ocr_line' id='line_1_16' title="bbox 834 1483 2485 1552; baseline -0.005 -7"><span class='ocrx_word' id='word_1_104' title='bbox 834 1490 1067 1545; x_wconf 85' lang='lat' dir='ltr'>Christo</span> <span class='ocrx_word' id='word_1_105' title='bbox 1095 1489 1209 1543; x_wconf 91' lang='lat' dir='ltr'>hoc</span> <span class='ocrx_word' id='word_1_106' title='bbox 1234 1486 1479 1541; x_wconf 88' lang='lat' dir='ltr'>nomine</span> <span class='ocrx_word' id='word_1_107' title='bbox 1533 1483 2011 1552; x_wconf 88' lang='lat' dir='ltr'>cognominatus,</span> <span class='ocrx_word' id='word_1_108' title='bbox 2062 1498 2198 1535; x_wconf 87' lang='lat' dir='ltr'>vere</span> <span class='ocrx_word' id='word_1_109' title='bbox 2263 1498 2485 1537; x_wconf 87' lang='lat' dir='ltr'>nomen</span> 
     </span>
    </p>
   </div>
   <div class='ocr_carea' id='block_1_17' title="bbox 834 1569 2484 1644">
    <p class='ocr_par' dir='ltr' id='par_1_17' title="bbox 834 1569 2484 1644">
     <span class='ocr_line' id='line_1_17' title="bbox 834 1569 2484 1644; baseline -0.006 -11"><span class='ocrx_word' id='word_1_110' title='bbox 834 1594 1011 1633; x_wconf 91' lang='lat' dir='ltr'>suum</span> <span class='ocrx_word' id='word_1_111' title='bbox 1043 1577 1208 1644; x_wconf 89' lang='lat' dir='ltr'>gerit.</span> <span class='ocrx_word' id='word_1_112' title='bbox 1243 1574 1595 1643; x_wconf 87' lang='lat' dir='ltr'>Quicunque</span> <span class='ocrx_word' id='word_1_113' title='bbox 1631 1577 1832 1626; x_wconf 89' lang='lat' dir='ltr'>autem</span> <span class='ocrx_word' id='word_1_114' title='bbox 1862 1569 2162 1624; x_wconf 88' lang='lat' dir='ltr'>benedicit</span> <span class='ocrx_word' id='word_1_115' title='bbox 2189 1586 2348 1635; x_wconf 90' lang='lat' dir='ltr'>eum,</span> <span class='ocrx_word' id='word_1_116' title='bbox 2381 1571 2484 1641; x_wconf 88' lang='lat' dir='ltr'>qui</span> 
     </span>
    </p>
   </div>
   <div class='ocr_carea' id='block_1_18' title="bbox 832 1658 2483 1732">
    <p class='ocr_par' dir='ltr' id='par_1_18' title="bbox 832 1658 2483 1732">
     <span class='ocr_line' id='line_1_18' title="bbox 832 1658 2483 1732; baseline -0.005 -10"><span class='ocrx_word' id='word_1_117' title='bbox 832 1682 966 1721; x_wconf 89' lang='lat' dir='ltr'>vere</span> <span class='ocrx_word' id='word_1_118' title='bbox 997 1664 1239 1720; x_wconf 90' lang='lat' dir='ltr'>nomine</span> <span class='ocrx_word' id='word_1_119' title='bbox 1266 1678 1375 1717; x_wconf 91' lang='lat' dir='ltr'>suo</span> <span class='ocrx_word' id='word_1_120' title='bbox 1407 1661 1489 1715; x_wconf 91' lang='lat' dir='ltr'>sic</span> <span class='ocrx_word' id='word_1_121' title='bbox 1545 1659 1897 1732; x_wconf 83' lang='lat' dir='ltr'>appellatur,</span> <span class='ocrx_word' id='word_1_122' title='bbox 1951 1660 2046 1728; x_wconf 92' lang='lat' dir='ltr'>(eo</span> <span class='ocrx_word' id='word_1_123' title='bbox 2093 1658 2246 1730; x_wconf 92' lang='lat' dir='ltr'>ipso)</span> <span class='ocrx_word' id='word_1_124' title='bbox 2297 1661 2483 1713; x_wconf 92' lang='lat' dir='ltr'>Deum</span> 
     </span>
    </p>
   </div>
   <div class='ocr_carea' id='block_1_19' title="bbox 829 1747 2483 1819">
    <p class='ocr_par' dir='ltr' id='par_1_19' title="bbox 829 1747 2483 1819">
     <span class='ocr_line' id='line_1_19' title="bbox 829 1747 2483 1819; baseline -0.004 -10"><span class='ocrx_word' id='word_1_125' title='bbox 829 1771 1040 1811; x_wconf 89' lang='lat' dir='ltr'>verum</span> <span class='ocrx_word' id='word_1_126' title='bbox 1062 1751 1379 1813; x_wconf 87' lang='lat' dir='ltr'>benedicit,</span> <span class='ocrx_word' id='word_1_127' title='bbox 1413 1750 1636 1805; x_wconf 89' lang='lat' dir='ltr'>scilicet</span> <span class='ocrx_word' id='word_1_128' title='bbox 1652 1749 1967 1813; x_wconf 85' lang='lat' dir='ltr'>Christum,</span> <span class='ocrx_word' id='word_1_129' title='bbox 2003 1763 2039 1802; x_wconf 92' lang='lat' dir='ltr'>a</span> <span class='ocrx_word' id='word_1_130' title='bbox 2063 1764 2186 1819; x_wconf 92' lang='lat' dir='ltr'>quo</span> <span class='ocrx_word' id='word_1_131' title='bbox 2207 1747 2483 1803; x_wconf 84' lang='lat' dir='ltr'>Christia-</span> 
     </span>
    </p>
   </div>
   <div class='ocr_carea' id='block_1_20' title="bbox 829 1840 1468 1900">
    <p class='ocr_par' dir='ltr' id='par_1_20' title="bbox 829 1840 1468 1900">
     <span class='ocr_line' id='line_1_20' title="bbox 829 1840 1468 1900; baseline -0.013 0"><span class='ocrx_word' id='word_1_132' title='bbox 829 1860 946 1900; x_wconf 92' lang='lat' dir='ltr'>nus</span> <span class='ocrx_word' id='word_1_133' title='bbox 975 1858 1199 1898; x_wconf 90' lang='lat' dir='ltr'>nomen</span> <span class='ocrx_word' id='word_1_134' title='bbox 1211 1840 1468 1896; x_wconf 87' lang='lat' dir='ltr'>sortitur.</span> 
     </span>
    </p>
   </div>
   <div class='ocr_carea' id='block_1_21' title="bbox 897 1925 2481 2004">
    <p class='ocr_par' dir='ltr' id='par_1_21' title="bbox 897 1925 2481 2004">
     <span class='ocr_line' id='line_1_21' title="bbox 897 1925 2481 2004; baseline -0.006 -15"><span class='ocrx_word' id='word_1_135' title='bbox 897 1941 1020 2004; x_wconf 82' lang='lat' dir='ltr'>Age</span> <span class='ocrx_word' id='word_1_136' title='bbox 1048 1935 1271 2003; x_wconf 82' lang='lat' dir='ltr'>itaque,</span> <span class='ocrx_word' id='word_1_137' title='bbox 1301 1934 1359 1984; x_wconf 88' lang='lat' dir='ltr'>et</span> <span class='ocrx_word' id='word_1_138' title='bbox 1393 1928 1606 1983; x_wconf 83' lang='lat' dir='ltr'>exinde</span> <span class='ocrx_word' id='word_1_139' title='bbox 1643 1931 1732 1982; x_wconf 91' lang='lat' dir='ltr'>sta</span> <span class='ocrx_word' id='word_1_140' title='bbox 1770 1941 2030 1992; x_wconf 90' lang='lat' dir='ltr'>mecum,</span> <span class='ocrx_word' id='word_1_141' title='bbox 2090 1931 2268 1997; x_wconf 91' lang='lat' dir='ltr'>atque</span> <span class='ocrx_word' id='word_1_142' title='bbox 2298 1925 2481 1980; x_wconf 90' lang='lat' dir='ltr'>ambo</span> 
     </span>
    </p>
   </div>
   <div class='ocr_carea' id='block_1_22' title="bbox 827 2015 2479 2079">
    <p class='ocr_par' dir='ltr' id='par_1_22' title="bbox 827 2015 2479 2079">
     <span class='ocr_line' id='line_1_22' title="bbox 827 2015 2479 2079; baseline -0.005 -1"><span class='ocrx_word' id='word_1_143' title='bbox 827 2022 1006 2078; x_wconf 90' lang='lat' dir='ltr'>simul</span> <span class='ocrx_word' id='word_1_144' title='bbox 1046 2022 1342 2078; x_wconf 86' lang='lat' dir='ltr'>Christum</span> <span class='ocrx_word' id='word_1_145' title='bbox 1376 2033 1584 2072; x_wconf 90' lang='lat' dir='ltr'>verum</span> <span class='ocrx_word' id='word_1_146' title='bbox 1639 2019 1824 2071; x_wconf 88' lang='lat' dir='ltr'>Deum</span> <span class='ocrx_word' id='word_1_147' title='bbox 1881 2015 2238 2079; x_wconf 79' lang='lat' dir='ltr'>adoremus;</span> <span class='ocrx_word' id='word_1_148' title='bbox 2292 2021 2349 2069; x_wconf 88' lang='lat' dir='ltr'>et</span> <span class='ocrx_word' id='word_1_149' title='bbox 2388 2015 2479 2069; x_wconf 83' lang='lat' dir='ltr'>fac</span> 
     </span>
    </p>
   </div>
   <div class='ocr_carea' id='block_1_23' title="bbox 825 2102 2478 2175">
    <p class='ocr_par' dir='ltr' id='par_1_23' title="bbox 825 2102 2478 2175">
     <span class='ocr_line' id='line_1_23' title="bbox 825 2102 2478 2175; baseline -0.005 -8"><span class='ocrx_word' id='word_1_150' title='bbox 825 2112 1144 2167; x_wconf 92' lang='lat' dir='ltr'>nobiscum</span> <span class='ocrx_word' id='word_1_151' title='bbox 1176 2107 1430 2175; x_wconf 88' lang='lat' dir='ltr'>signeris</span> <span class='ocrx_word' id='word_1_152' title='bbox 1461 2107 1575 2175; x_wconf 80' lang='lat'>(57)</span> <span class='ocrx_word' id='word_1_153' title='bbox 1607 2104 1832 2159; x_wconf 91' lang='lat' dir='ltr'>lumine</span> <span class='ocrx_word' id='word_1_154' title='bbox 1860 2102 2059 2157; x_wconf 85' lang='lat' dir='ltr'>vultus</span> <span class='ocrx_word' id='word_1_155' title='bbox 2079 2102 2235 2157; x_wconf 91' lang='lat' dir='ltr'>illius</span> <span class='ocrx_word' id='word_1_156' title='bbox 2255 2105 2478 2159; x_wconf 90' lang='lat' dir='ltr'>acnovi</span> 
     </span>
    </p>
   </div>
   <div class='ocr_carea' id='block_1_24' title="bbox 822 2193 2479 2266">
    <p class='ocr_par' dir='ltr' id='par_1_24' title="bbox 822 2193 2479 2266">
     <span class='ocr_line' id='line_1_24' title="bbox 822 2193 2479 2266; baseline -0.005 -9"><span class='ocrx_word' id='word_1_157' title='bbox 822 2199 1182 2258; x_wconf 87' lang='lat' dir='ltr'>Testamenti</span> <span class='ocrx_word' id='word_1_158' title='bbox 1208 2198 1519 2266; x_wconf 89' lang='lat' dir='ltr'>sanguine,</span> <span class='ocrx_word' id='word_1_159' title='bbox 1555 2195 1758 2265; x_wconf 90' lang='lat' dir='ltr'>sicque</span> <span class='ocrx_word' id='word_1_160' title='bbox 1789 2193 2000 2248; x_wconf 89' lang='lat' dir='ltr'>mortis</span> <span class='ocrx_word' id='word_1_161' title='bbox 2060 2197 2361 2248; x_wconf 89' lang='lat' dir='ltr'>auctorem</span> <span class='ocrx_word' id='word_1_162' title='bbox 2423 2199 2479 2249; x_wconf 89' lang='lat' dir='ltr'>et</span> 
     </span>
    </p>
   </div>
   <div class='ocr_carea' id='block_1_25' title="bbox 822 2281 1872 2359">
    <p class='ocr_par' dir='ltr' id='par_1_25' title="bbox 822 2281 1872 2359">
     <span class='ocr_line' id='line_1_25' title="bbox 822 2281 1872 2359; baseline -0.009 -15"><span class='ocrx_word' id='word_1_163' title='bbox 822 2290 1207 2346; x_wconf 88' lang='lat' dir='ltr'>tenebrarum</span> <span class='ocrx_word' id='word_1_164' title='bbox 1237 2285 1569 2359; x_wconf 88' lang='lat' dir='ltr'>principem</span> <span class='ocrx_word' id='word_1_165' title='bbox 1602 2281 1872 2351; x_wconf 76' lang='lat' dir='ltr'>effugias.</span> 
     </span>
    </p>
   </div>
   <div class='ocr_carea' id='block_1_26' title="bbox 892 2369 2475 2446">
    <p class='ocr_par' dir='ltr' id='par_1_26' title="bbox 892 2369 2475 2446">
     <span class='ocr_line' id='line_1_26' title="bbox 892 2369 2475 2446; baseline -0.006 -11"><span class='ocrx_word' id='word_1_166' title='bbox 892 2382 1090 2435; x_wconf 85' lang='lat' dir='ltr'>XXVII.</span> <span class='ocrx_word' id='word_1_167' title='bbox 1119 2383 1190 2433; x_wconf 85' lang='lat' dir='ltr'>At</span> <span class='ocrx_word' id='word_1_168' title='bbox 1225 2376 1515 2446; x_wconf 91' lang='lat' dir='ltr'>scriptum</span> <span class='ocrx_word' id='word_1_169' title='bbox 1553 2378 1661 2441; x_wconf 91' lang='lat' dir='ltr'>est,</span> <span class='ocrx_word' id='word_1_170' title='bbox 1696 2371 1906 2443; x_wconf 90' lang='lat' dir='ltr'>inquit,</span> <span class='ocrx_word' id='word_1_171' title='bbox 1938 2369 2106 2443; x_wconf 92' lang='lat' dir='ltr'>quod</span> <span class='ocrx_word' id='word_1_172' title='bbox 2148 2370 2389 2426; x_wconf 77' lang='lat' dir='ltr'>Orietur</span> <span class='ocrx_word' id='word_1_173' title='bbox 2411 2371 2475 2426; x_wconf 89' lang='lat' dir='ltr'>in</span> 
     </span>
    </p>
   </div>
   <div class='ocr_carea' id='block_1_27' title="bbox 819 2460 2474 2538">
    <p class='ocr_par' dir='ltr' id='par_1_27' title="bbox 819 2460 2474 2538">
     <span class='ocr_line' id='line_1_27' title="bbox 819 2460 2474 2538; baseline -0.007 -12"><span class='ocrx_word' id='word_1_174' title='bbox 819 2471 1022 2526; x_wconf 84' lang='lat' dir='ltr'>diebus</span> <span class='ocrx_word' id='word_1_175' title='bbox 1037 2470 1164 2538; x_wconf 87' lang='lat' dir='ltr'>ejus</span> <span class='ocrx_word' id='word_1_176' title='bbox 1166 2466 1411 2536; x_wconf 86' lang='lat' dir='ltr'>justitia</span> <span class='ocrx_word' id='word_1_177' title='bbox 1423 2470 1476 2519; x_wconf 88' lang='lat' dir='ltr'>et</span> <span class='ocrx_word' id='word_1_178' title='bbox 1498 2469 1550 2518; x_wconf 89' lang='lat' dir='ltr'>et</span> <span class='ocrx_word' id='word_1_179' title='bbox 1569 2461 1943 2517; x_wconf 76' lang='lat' dir='ltr'>abundantia</span> <span class='ocrx_word' id='word_1_180' title='bbox 1959 2461 2121 2529; x_wconf 75' lang='lat' dir='ltr'>pacis</span> <span class='ocrx_word' id='word_1_181' title='bbox 2135 2463 2264 2528; x_wconf 84' lang='lat'>(38).</span> <span class='ocrx_word' id='word_1_182' title='bbox 2282 2460 2474 2515; x_wconf 88' lang='lat' dir='ltr'>Ethoc</span> 
     </span>
    </p>
   </div>
   <div class='ocr_carea' id='block_1_28' title="bbox 815 2549 2473 2628">
    <p class='ocr_par' dir='ltr' id='par_1_28' title="bbox 815 2549 2473 2628">
     <span class='ocr_line' id='line_1_28' title="bbox 815 2549 2473 2628; baseline -0.007 -12"><span class='ocrx_word' id='word_1_183' title='bbox 815 2559 1130 2616; x_wconf 90' lang='lat' dir='ltr'>oraculum</span> <span class='ocrx_word' id='word_1_184' title='bbox 1159 2555 1425 2628; x_wconf 87' lang='lat' dir='ltr'>profecto</span> <span class='ocrx_word' id='word_1_185' title='bbox 1456 2552 1739 2609; x_wconf 89' lang='lat' dir='ltr'>Salomon</span> <span class='ocrx_word' id='word_1_186' title='bbox 1764 2549 2048 2621; x_wconf 89' lang='lat' dir='ltr'>operibus</span> <span class='ocrx_word' id='word_1_187' title='bbox 2071 2549 2360 2621; x_wconf 89' lang='lat' dir='ltr'>implevit,</span> <span class='ocrx_word' id='word_1_188' title='bbox 2385 2555 2473 2605; x_wconf 90' lang='lat' dir='ltr'>ut-</span> 
     </span>
    </p>
   </div>
   <div class='ocr_carea' id='block_1_29' title="bbox 816 2633 2472 2722">
    <p class='ocr_par' dir='ltr' id='par_1_29' title="bbox 816 2633 2472 2722">
     <span class='ocr_line' id='line_1_29' title="bbox 816 2633 2472 2722; baseline -0.007 -17"><span class='ocrx_word' id='word_1_189' title='bbox 816 2655 954 2722; x_wconf 90' lang='lat' dir='ltr'>pote</span> <span class='ocrx_word' id='word_1_190' title='bbox 983 2649 1087 2719; x_wconf 91' lang='lat' dir='ltr'>qui</span> <span class='ocrx_word' id='word_1_191' title='bbox 1114 2643 1488 2718; x_wconf 87' lang='lat' dir='ltr'>sapientibus</span> <span class='ocrx_word' id='word_1_192' title='bbox 1510 2633 1805 2712; x_wconf 89' lang='lat' dir='ltr'>rectisque</span> <span class='ocrx_word' id='word_1_193' title='bbox 1822 2638 2065 2710; x_wconf 89' lang='lat' dir='ltr'>judiciis</span> <span class='ocrx_word' id='word_1_194' title='bbox 2097 2638 2226 2693; x_wconf 89' lang='lat' dir='ltr'>lites</span> <span class='ocrx_word' id='word_1_195' title='bbox 2256 2639 2472 2695; x_wconf 91' lang='lat' dir='ltr'>direm-</span> 
     </span>
    </p>
   </div>
   <div class='ocr_carea' id='block_1_30' title="bbox 813 2728 2469 2812">
    <p class='ocr_par' dir='ltr' id='par_1_30' title="bbox 813 2728 2469 2812">
     <span class='ocr_line' id='line_1_30' title="bbox 813 2728 2469 2812; baseline -0.007 -17"><span class='ocrx_word' id='word_1_196' title='bbox 813 2739 1016 2812; x_wconf 91' lang='lat' dir='ltr'>pserit,</span> <span class='ocrx_word' id='word_1_197' title='bbox 1045 2742 1102 2792; x_wconf 90' lang='lat' dir='ltr'>et</span> <span class='ocrx_word' id='word_1_198' title='bbox 1120 2737 1409 2792; x_wconf 90' lang='lat' dir='ltr'>irruentes</span> <span class='ocrx_word' id='word_1_199' title='bbox 1432 2732 1636 2788; x_wconf 90' lang='lat' dir='ltr'>hostes</span> <span class='ocrx_word' id='word_1_200' title='bbox 1663 2745 1770 2802; x_wconf 91' lang='lat' dir='ltr'>per</span> <span class='ocrx_word' id='word_1_201' title='bbox 1799 2729 2112 2785; x_wconf 90' lang='lat' dir='ltr'>circuitum</span> <span class='ocrx_word' id='word_1_202' title='bbox 2158 2728 2273 2784; x_wconf 86' lang='lat' dir='ltr'>sibi</span> <span class='ocrx_word' id='word_1_203' title='bbox 2326 2728 2469 2784; x_wconf 89' lang='lat' dir='ltr'>sub-</span> 
     </span>
    </p>
   </div>
   <div class='ocr_carea' id='block_1_31' title="bbox 808 2833 2469 2985">
    <p class='ocr_par' dir='ltr' id='par_1_31' title="bbox 808 2833 2469 2985">
     <span class='ocr_line' id='line_1_31' title="bbox 808 2833 2469 2985; baseline -0.007 -11"><span class='ocrx_word' id='word_1_204' title='bbox 808 2833 1144 2982; x_wconf 47' lang='lat' dir='ltr'>Je‘filxtrero,</span> <span class='ocrx_word' id='word_1_205' title='bbox 1201 2910 1534 2985; x_wconf 88' lang='lat' dir='ltr'>quomodo,</span> <span class='ocrx_word' id='word_1_206' title='bbox 1578 2924 1614 2964; x_wconf 92' lang='grc' dir='ltr'>ο</span> <span class='ocrx_word' id='word_1_207' title='bbox 1666 2907 1951 2977; x_wconf 80' lang='lat' dir='ltr'>sacrilege</span> <span class='ocrx_word' id='word_1_208' title='bbox 2017 2907 2251 2962; x_wconf 88' lang='lat' dir='ltr'>tacuisti</span> <span class='ocrx_word' id='word_1_209' title='bbox 2302 2906 2469 2979; x_wconf 92' lang='lat' dir='ltr'>quod</span> 
     </span>
    </p>
   </div>
   <div class='ocr_carea' id='block_1_32' title="bbox 811 2996 2466 3079">
    <p class='ocr_par' dir='ltr' id='par_1_32' title="bbox 811 2996 2466 3079">
     <span class='ocr_line' id='line_1_32' title="bbox 811 2996 2466 3079; baseline -0.007 -16"><span class='ocrx_word' id='word_1_210' title='bbox 811 3007 1078 3079; x_wconf 90' lang='lat' dir='ltr'>sequitur</span> <span class='ocrx_word' id='word_1_211' title='bbox 1111 3006 1138 3059; x_wconf 89' lang='lat'><strong>?</strong></span> <span class='ocrx_word' id='word_1_212' title='bbox 1169 2999 1507 3069; x_wconf 87' lang='lat' dir='ltr'>Quomodo,</span> <span class='ocrx_word' id='word_1_213' title='bbox 1549 2997 1631 3052; x_wconf 87' lang='lat' dir='ltr'>ﬁli</span> <span class='ocrx_word' id='word_1_214' title='bbox 1661 2996 1994 3063; x_wconf 88' lang='lat' dir='ltr'>ministerii,</span> <span class='ocrx_word' id='word_1_215' title='bbox 2035 2996 2200 3068; x_wconf 91' lang='lat' dir='ltr'>quod</span> <span class='ocrx_word' id='word_1_216' title='bbox 2257 2997 2466 3052; x_wconf 85' lang='lat' dir='ltr'>merito</span> 
     </span>
    </p>
   </div>
   <div class='ocr_carea' id='block_1_33' title="bbox 809 3085 2463 3165">
    <p class='ocr_par' dir='ltr' id='par_1_33' title="bbox 809 3085 2463 3165">
     <span class='ocr_line' id='line_1_33' title="bbox 809 3085 2463 3165; baseline -0.008 -12"><span class='ocrx_word' id='word_1_217' title='bbox 809 3096 972 3152; x_wconf 88' lang='lat' dir='ltr'>nocti</span> <span class='ocrx_word' id='word_1_218' title='bbox 996 3098 1399 3165; x_wconf 86' lang='lat' dir='ltr'>comparatur,</span> <span class='ocrx_word' id='word_1_219' title='bbox 1434 3093 1640 3143; x_wconf 91' lang='lat' dir='ltr'>lunam</span> <span class='ocrx_word' id='word_1_220' title='bbox 1673 3085 2042 3141; x_wconf 90' lang='lat' dir='ltr'>abscondisti</span> <span class='ocrx_word' id='word_1_221' title='bbox 2085 3090 2150 3140; x_wconf 85' lang='lat' dir='ltr'>ut</span> <span class='ocrx_word' id='word_1_222' title='bbox 2223 3085 2463 3140; x_wconf 89' lang='lat' dir='ltr'>thesau-</span> 
     </span>
    </p>
   </div>
   <div class='ocr_carea' id='block_1_34' title="bbox 807 3175 2463 3248">
    <p class='ocr_par' dir='ltr' id='par_1_34' title="bbox 807 3175 2463 3248">
     <span class='ocr_line' id='line_1_34' title="bbox 807 3175 2463 3248; baseline -0.008 -7"><span class='ocrx_word' id='word_1_223' title='bbox 807 3202 943 3241; x_wconf 90' lang='lat' dir='ltr'>rum</span> <span class='ocrx_word' id='word_1_224' title='bbox 973 3181 1241 3240; x_wconf 89' lang='lat' dir='ltr'>veritatis</span> <span class='ocrx_word' id='word_1_225' title='bbox 1270 3179 1549 3234; x_wconf 83' lang='lat' dir='ltr'>sutfurari</span> <span class='ocrx_word' id='word_1_226' title='bbox 1580 3191 1790 3248; x_wconf 88' lang='lat' dir='ltr'>posses</span> <span class='ocrx_word' id='word_1_227' title='bbox 1819 3175 2176 3238; x_wconf 83' lang='lat' dir='ltr'>?Quodnam</span> <span class='ocrx_word' id='word_1_228' title='bbox 2193 3190 2334 3229; x_wconf 89' lang='lat' dir='ltr'>vero</span> <span class='ocrx_word' id='word_1_229' title='bbox 2350 3175 2463 3229; x_wconf 89' lang='lat' dir='ltr'>hoc</span> 
     </span>
    </p>
   </div>
   <div class='ocr_carea' id='block_1_35' title="bbox 2606 603 4198 679">
    <p class='ocr_par' dir='ltr' id='par_1_35' title="bbox 2606 603 4198 679">
     <span class='ocr_line' id='line_1_35' title="bbox 2606 603 4198 679; baseline 0.006 -27"><span class='ocrx_word' id='word_1_230' title='bbox 2606 607 2965 673; x_wconf 80' lang='grc' dir='ltr'>προοκυνητόν</span> <span class='ocrx_word' id='word_1_231' title='bbox 3042 603 3090 655; x_wconf 77' lang='grc' dir='ltr'>ἐν</span> <span class='ocrx_word' id='word_1_232' title='bbox 3181 610 3316 658; x_wconf 83' lang='grc' dir='ltr'>πᾶσι</span> <span class='ocrx_word' id='word_1_233' title='bbox 3398 613 3506 667; x_wconf 85' lang='grc' dir='ltr'>τοῖς</span> <span class='ocrx_word' id='word_1_234' title='bbox 3586 607 3805 672; x_wconf 71' lang='grc' dir='ltr'>ἔθνεσιν,</span> <span class='ocrx_word' id='word_1_235' title='bbox 3863 610 4051 679; x_wconf 77' lang='grc' dir='ltr'>ἔχομεν</span> <span class='ocrx_word' id='word_1_236' title='bbox 4110 612 4198 662; x_wconf 84' lang='grc' dir='ltr'>τὸν</span> 
     </span>
    </p>
   </div>
   <div class='ocr_carea' id='block_1_36' title="bbox 2602 688 4196 766">
    <p class='ocr_par' dir='ltr' id='par_1_36' title="bbox 2602 688 4196 766">
     <span class='ocr_line' id='line_1_36' title="bbox 2602 688 4196 766; baseline 0.004 -26"><span class='ocrx_word' id='word_1_237' title='bbox 2602 688 2819 741; x_wconf 82' lang='grc' dir='ltr'>Ἠσαίαν</span> <span class='ocrx_word' id='word_1_238' title='bbox 2871 698 3159 764; x_wconf 72' lang='grc' dir='ltr'>συνήγορον</span> <span class='ocrx_word' id='word_1_239' title='bbox 3213 692 3717 764; x_wconf 71' lang='grc' dir='ltr'>μεγαλοφωνότατον,</span> <span class='ocrx_word' id='word_1_240' title='bbox 3763 694 3953 766; x_wconf 83' lang='grc' dir='ltr'>μᾶλλον</span> <span class='ocrx_word' id='word_1_241' title='bbox 4002 692 4060 747; x_wconf 68' lang='grc' dir='ltr'><strong>δί</strong></span> <span class='ocrx_word' id='word_1_242' title='bbox 4110 701 4196 748; x_wconf 85' lang='grc' dir='ltr'>τὸν</span> 
     </span>
    </p>
   </div>
   <div class='ocr_carea' id='block_1_37' title="bbox 2602 776 4196 853">
    <p class='ocr_par' dir='ltr' id='par_1_37' title="bbox 2602 776 4196 853">
     <span class='ocr_line' id='line_1_37' title="bbox 2602 776 4196 853; baseline 0.006 -27"><span class='ocrx_word' id='word_1_243' title='bbox 2602 776 2741 848; x_wconf 80' lang='grc' dir='ltr'>αύτῷ</span> <span class='ocrx_word' id='word_1_244' title='bbox 2791 782 2855 829; x_wconf 81' lang='grc' dir='ltr'>τά</span> <span class='ocrx_word' id='word_1_245' title='bbox 2917 788 3010 841; x_wconf 84' lang='grc' dir='ltr'>τῆς</span> <span class='ocrx_word' id='word_1_246' title='bbox 3063 787 3379 852; x_wconf 77' lang='grc' dir='ltr'>προφητείας</span> <span class='ocrx_word' id='word_1_247' title='bbox 3440 779 3816 853; x_wconf 82' lang='grc' dir='ltr'>ἐμπνεύσαντα,</span> <span class='ocrx_word' id='word_1_248' title='bbox 3870 789 3957 834; x_wconf 81' lang='grc' dir='ltr'>καὶ</span> <span class='ocrx_word' id='word_1_249' title='bbox 4006 786 4196 836; x_wconf 81' lang='grc' dir='ltr'>ούτωσὶ</span> 
     </span>
    </p>
   </div>
   <div class='ocr_carea' id='block_1_38' title="bbox 3505 868 4194 944">
    <p class='ocr_par' dir='ltr' id='par_1_38' title="bbox 3505 868 4194 944">
     <span class='ocr_line' id='line_1_38' title="bbox 3505 868 4194 944; baseline 0.004 -23"><span class='ocrx_word' id='word_1_250' title='bbox 3505 877 3626 932; x_wconf 86' lang='grc' dir='ltr'>Τοῖς</span> <span class='ocrx_word' id='word_1_251' title='bbox 3703 868 4012 924; x_wconf 77' lang='grc' dir='ltr'>δουλεύουσί</span> <span class='ocrx_word' id='word_1_252' title='bbox 4104 893 4194 944; x_wconf 86' lang='grc' dir='ltr'>μοι</span> 
     </span>
    </p>
   </div>
   <div class='ocr_carea' id='block_1_39' title="bbox 3516 959 4194 1030">
    <p class='ocr_par' dir='ltr' id='par_1_39' title="bbox 3516 959 4194 1030">
     <span class='ocr_line' id='line_1_39' title="bbox 3516 959 4194 1030; baseline 0.006 -21"><span class='ocrx_word' id='word_1_253' title='bbox 3516 959 3542 1009; x_wconf 88' lang='grc' dir='ltr'>ὁ</span> <span class='ocrx_word' id='word_1_254' title='bbox 3623 959 4027 1030; x_wconf 74' lang='grc' dir='ltr'>εύλογηθὴσεται</span> <span class='ocrx_word' id='word_1_255' title='bbox 4108 960 4194 1013; x_wconf 72' lang='grc' dir='ltr'>ἐπὶ</span> 
     </span>
    </p>
   </div>
   <div class='ocr_carea' id='block_1_40' title="bbox 2601 861 3438 941">
    <p class='ocr_par' dir='ltr' id='par_1_40' title="bbox 2601 861 3438 941">
     <span class='ocr_line' id='line_1_40' title="bbox 2601 861 3438 941; baseline 0.006 -25"><span class='ocrx_word' id='word_1_256' title='bbox 2601 861 2898 940; x_wconf 74' lang='grc' dir='ltr'>διαρρήδην</span> <span class='ocrx_word' id='word_1_257' title='bbox 2977 867 3367 941; x_wconf 77' lang='grc' dir='ltr'>ἀποφηνάμενον</span> <span class='ocrx_word' id='word_1_258' title='bbox 3427 892 3438 902; x_wconf 92' lang='grc'>·</span> 
     </span>
    </p>
   </div>
   <div class='ocr_carea' id='block_1_41' title="bbox 2598 954 3430 1028">
    <p class='ocr_par' dir='ltr' id='par_1_41' title="bbox 2598 954 3430 1028">
     <span class='ocr_line' id='line_1_41' title="bbox 2598 954 3430 1028; baseline 0.006 -24"><span class='ocrx_word' id='word_1_259' title='bbox 2598 954 2918 1012; x_wconf 79' lang='grc' dir='ltr'>κληθήσεται</span> <span class='ocrx_word' id='word_1_260' title='bbox 2994 961 3153 1028; x_wconf 81' lang='grc' dir='ltr'>ὄνομα</span> <span class='ocrx_word' id='word_1_261' title='bbox 3233 962 3430 1027; x_wconf 80' lang='grc' dir='ltr'>καινὸν,</span> 
     </span>
    </p>
   </div>
   <div class='ocr_carea' id='block_1_42' title="bbox 2597 1044 4194 1121">
    <p class='ocr_par' dir='ltr' id='par_1_42' title="bbox 2597 1044 4194 1121">
     <span class='ocr_line' id='line_1_42' title="bbox 2597 1044 4194 1121; baseline 0.005 -29"><span class='ocrx_word' id='word_1_262' title='bbox 2597 1049 2690 1103; x_wconf 81' lang='grc' dir='ltr'>τῆς</span> <span class='ocrx_word' id='word_1_263' title='bbox 2739 1052 2880 1112; x_wconf 73' lang='grc' dir='ltr'>γῆς·</span> <span class='ocrx_word' id='word_1_264' title='bbox 2950 1044 3295 1115; x_wconf 76' lang='grc' dir='ltr'>εύλοσγὴσονσι</span> <span class='ocrx_word' id='word_1_265' title='bbox 3359 1049 3460 1121; x_wconf 71' lang='grc' dir='ltr'>γὰρ</span> <span class='ocrx_word' id='word_1_266' title='bbox 3518 1051 3604 1098; x_wconf 85' lang='grc' dir='ltr'>τὸν</span> <span class='ocrx_word' id='word_1_267' title='bbox 3672 1052 3800 1100; x_wconf 82' lang='grc' dir='ltr'>Θεὸν</span> <span class='ocrx_word' id='word_1_268' title='bbox 3865 1053 3952 1099; x_wconf 79' lang='grc' dir='ltr'>τὸν</span> <span class='ocrx_word' id='word_1_269' title='bbox 4016 1049 4194 1106; x_wconf 74' lang='grc' dir='ltr'>ἀληθισ</span> 
     </span>
    </p>
   </div>
   <div class='ocr_carea' id='block_1_43' title="bbox 2597 1133 4194 1206">
    <p class='ocr_par' dir='ltr' id='par_1_43' title="bbox 2597 1133 4194 1206">
     <span class='ocr_line' id='line_1_43' title="bbox 2597 1133 4194 1206; baseline 0.005 -26"><span class='ocrx_word' id='word_1_270' title='bbox 2597 1135 2704 1187; x_wconf 86' lang='grc' dir='ltr'>νόν.</span> <span class='ocrx_word' id='word_1_271' title='bbox 2759 1133 2867 1183; x_wconf 73' lang='grc' dir='ltr'>Οὐκ</span> <span class='ocrx_word' id='word_1_272' title='bbox 2921 1137 2997 1185; x_wconf 80' lang='grc' dir='ltr'>ἔτι</span> <span class='ocrx_word' id='word_1_273' title='bbox 3049 1137 3148 1206; x_wconf 72' lang='grc' dir='ltr'>γὰρ</span> <span class='ocrx_word' id='word_1_274' title='bbox 3202 1144 3294 1186; x_wconf 78' lang='grc' dir='ltr'>τοῦ</span> <span class='ocrx_word' id='word_1_275' title='bbox 3348 1142 3480 1188; x_wconf 80' lang='grc' dir='ltr'>Θεοῦ</span> <span class='ocrx_word' id='word_1_276' title='bbox 3533 1135 3650 1196; x_wconf 87' lang='grc' dir='ltr'>λαὸς</span> <span class='ocrx_word' id='word_1_277' title='bbox 3711 1135 3917 1202; x_wconf 75' lang='grc' dir='ltr'>Ἰακὼϐ,</span> <span class='ocrx_word' id='word_1_278' title='bbox 3975 1137 4067 1188; x_wconf 72' lang='grc' dir='ltr'>οὐκ</span> <span class='ocrx_word' id='word_1_279' title='bbox 4118 1141 4194 1188; x_wconf 80' lang='grc' dir='ltr'>ἔτι</span> 
     </span>
    </p>
   </div>
   <div class='ocr_carea' id='block_1_44' title="bbox 2597 1221 4194 1294">
    <p class='ocr_par' dir='ltr' id='par_1_44' title="bbox 2597 1221 4194 1294">
     <span class='ocr_line' id='line_1_44' title="bbox 2597 1221 4194 1294; baseline 0.003 -22"><span class='ocrx_word' id='word_1_280' title='bbox 2597 1221 2790 1292; x_wconf 77' lang='grc' dir='ltr'>Ἰωσὴφ</span> <span class='ocrx_word' id='word_1_281' title='bbox 2822 1227 2910 1272; x_wconf 97' lang='lat' dir='ltr'>xui</span> <span class='ocrx_word' id='word_1_282' title='bbox 2945 1223 3182 1294; x_wconf 77' lang='grc' dir='ltr'>Ἐφραίμ,</span> <span class='ocrx_word' id='word_1_283' title='bbox 3221 1225 3285 1274; x_wconf 83' lang='grc' dir='ltr'>τὰ</span> <span class='ocrx_word' id='word_1_284' title='bbox 3310 1223 3509 1275; x_wconf 83' lang='grc' dir='ltr'>παλαιὰ</span> <span class='ocrx_word' id='word_1_285' title='bbox 3557 1232 3726 1276; x_wconf 83' lang='grc' dir='ltr'>ταῦτα</span> <span class='ocrx_word' id='word_1_286' title='bbox 3776 1230 3865 1277; x_wconf 83' lang='lat' dir='ltr'>xui</span> <span class='ocrx_word' id='word_1_287' title='bbox 3924 1230 4194 1283; x_wconf 78' lang='grc' dir='ltr'>σεσηπότα</span> 
     </span>
    </p>
   </div>
   <div class='ocr_carea' id='block_1_45' title="bbox 2597 1309 4190 1383">
    <p class='ocr_par' dir='ltr' id='par_1_45' title="bbox 2597 1309 4190 1383">
     <span class='ocr_line' id='line_1_45' title="bbox 2597 1309 4190 1383; baseline 0.005 -25"><span class='ocrx_word' id='word_1_288' title='bbox 2597 1309 2824 1379; x_wconf 77' lang='grc' dir='ltr'>ὀνόματα</span> <span class='ocrx_word' id='word_1_289' title='bbox 2863 1331 2873 1342; x_wconf 89' lang='grc'><strong>·</strong></span> <span class='ocrx_word' id='word_1_290' title='bbox 2910 1309 3038 1362; x_wconf 73' lang='grc' dir='ltr'>ἀλλὰ</span> <span class='ocrx_word' id='word_1_291' title='bbox 3071 1315 3246 1362; x_wconf 89' lang='grc' dir='ltr'>καινὸν</span> <span class='ocrx_word' id='word_1_292' title='bbox 3268 1316 3446 1383; x_wconf 80' lang='grc' dir='ltr'>ὄνομα,</span> <span class='ocrx_word' id='word_1_293' title='bbox 3484 1311 3591 1364; x_wconf 81' lang='grc' dir='ltr'>ἐπεί</span> <span class='ocrx_word' id='word_1_294' title='bbox 3627 1318 3716 1364; x_wconf 83' lang='grc' dir='ltr'>καὶ</span> <span class='ocrx_word' id='word_1_295' title='bbox 3745 1319 3894 1371; x_wconf 78' lang='grc' dir='ltr'>καινὴ</span> <span class='ocrx_word' id='word_1_296' title='bbox 3955 1317 4190 1371; x_wconf 78' lang='grc' dir='ltr'>Διαθήκη</span> 
     </span>
    </p>
   </div>
   <div class='ocr_carea' id='block_1_46' title="bbox 2594 1398 4190 1474">
    <p class='ocr_par' dir='ltr' id='par_1_46' title="bbox 2594 1398 4190 1474">
     <span class='ocr_line' id='line_1_46' title="bbox 2594 1398 4190 1474; baseline 0.004 -27"><span class='ocrx_word' id='word_1_297' title='bbox 2594 1402 2684 1449; x_wconf 88' lang='lat' dir='ltr'>xui</span> <span class='ocrx_word' id='word_1_298' title='bbox 2717 1403 2894 1458; x_wconf 81' lang='grc' dir='ltr'>καινὸς</span> <span class='ocrx_word' id='word_1_299' title='bbox 2933 1398 3076 1460; x_wconf 86' lang='grc' dir='ltr'>λαὸς.</span> <span class='ocrx_word' id='word_1_300' title='bbox 3157 1405 3256 1452; x_wconf 77' lang='grc' dir='ltr'>Καὶ</span> <span class='ocrx_word' id='word_1_301' title='bbox 3293 1408 3439 1452; x_wconf 87' lang='grc' dir='ltr'>ποῖον</span> <span class='ocrx_word' id='word_1_302' title='bbox 3492 1409 3682 1468; x_wconf 66' lang='lat' dir='ltr'>Tauro;</span> <span class='ocrx_word' id='word_1_303' title='bbox 3737 1407 3806 1454; x_wconf 87' lang='lat' dir='ltr'><em>T6</em></span> <span class='ocrx_word' id='word_1_304' title='bbox 3856 1408 4190 1474; x_wconf 78' lang='grc' dir='ltr'>Χριστιανός,</span> 
     </span>
    </p>
   </div>
   <div class='ocr_carea' id='block_1_47' title="bbox 2594 1488 4194 1562">
    <p class='ocr_par' dir='ltr' id='par_1_47' title="bbox 2594 1488 4194 1562">
     <span class='ocr_line' id='line_1_47' title="bbox 2594 1488 4194 1562; baseline 0.005 -27"><span class='ocrx_word' id='word_1_305' title='bbox 2594 1491 2682 1536; x_wconf 92' lang='lat' dir='ltr'>xui</span> <span class='ocrx_word' id='word_1_306' title='bbox 2713 1488 2867 1538; x_wconf 81' lang='grc' dir='ltr'>ὁαπὸ</span> <span class='ocrx_word' id='word_1_307' title='bbox 2927 1495 3165 1561; x_wconf 78' lang='grc' dir='ltr'>Χριστοῦ</span> <span class='ocrx_word' id='word_1_308' title='bbox 3223 1494 3689 1560; x_wconf 84' lang='grc' dir='ltr'>παρωνομασμένος</span> <span class='ocrx_word' id='word_1_309' title='bbox 3747 1490 3959 1562; x_wconf 85' lang='grc' dir='ltr'>ὀνόματι</span> <span class='ocrx_word' id='word_1_310' title='bbox 4025 1495 4194 1562; x_wconf 80' lang='grc' dir='ltr'>τούτῳ</span> 
     </span>
    </p>
   </div>
   <div class='ocr_carea' id='block_1_48' title="bbox 2594 1578 4194 1651">
    <p class='ocr_par' dir='ltr' id='par_1_48' title="bbox 2594 1578 4194 1651">
     <span class='ocr_line' id='line_1_48' title="bbox 2594 1578 4194 1651; baseline 0.004 -27"><span class='ocrx_word' id='word_1_311' title='bbox 2594 1583 2984 1647; x_wconf 79' lang='grc' dir='ltr'>φερωνυμεῖται.</span> <span class='ocrx_word' id='word_1_312' title='bbox 3055 1582 3155 1628; x_wconf 80' lang='grc' dir='ltr'>Καὶ</span> <span class='ocrx_word' id='word_1_313' title='bbox 3208 1578 3233 1627; x_wconf 90' lang='lat'>6</span> <span class='ocrx_word' id='word_1_314' title='bbox 3283 1580 3369 1628; x_wconf 86' lang='grc' dir='ltr'>τὸν</span> <span class='ocrx_word' id='word_1_315' title='bbox 3423 1578 3556 1629; x_wconf 79' lang='grc' dir='ltr'>οὕτω</span> <span class='ocrx_word' id='word_1_316' title='bbox 3615 1583 4064 1651; x_wconf 81' lang='grc' dir='ltr'>φερωνυμούμενον</span> <span class='ocrx_word' id='word_1_317' title='bbox 4115 1580 4194 1631; x_wconf 85' lang='grc' dir='ltr'>εύ-</span> 
     </span>
    </p>
   </div>
   <div class='ocr_carea' id='block_1_49' title="bbox 2590 1661 4191 1736">
    <p class='ocr_par' dir='ltr' id='par_1_49' title="bbox 2590 1661 4191 1736">
     <span class='ocr_line' id='line_1_49' title="bbox 2590 1661 4191 1736; baseline 0.004 -24"><span class='ocrx_word' id='word_1_318' title='bbox 2590 1661 2754 1734; x_wconf 76' lang='grc' dir='ltr'>λογών</span> <span class='ocrx_word' id='word_1_319' title='bbox 2812 1664 3010 1735; x_wconf 71' lang='grc' dir='ltr'>εύλογιί</span> <span class='ocrx_word' id='word_1_320' title='bbox 3062 1669 3150 1716; x_wconf 86' lang='grc' dir='ltr'>τὸν</span> <span class='ocrx_word' id='word_1_321' title='bbox 3211 1670 3338 1718; x_wconf 82' lang='grc' dir='ltr'>Θεὸν</span> <span class='ocrx_word' id='word_1_322' title='bbox 3391 1670 3478 1717; x_wconf 78' lang='grc' dir='ltr'>τὸν</span> <span class='ocrx_word' id='word_1_323' title='bbox 3533 1665 3796 1736; x_wconf 79' lang='grc' dir='ltr'>ἀληθινὸν,</span> <span class='ocrx_word' id='word_1_324' title='bbox 3852 1668 3992 1720; x_wconf 78' lang='grc' dir='ltr'>τοῦτ’</span> <span class='ocrx_word' id='word_1_325' title='bbox 4077 1671 4191 1721; x_wconf 81' lang='grc' dir='ltr'>ἰστι</span> 
     </span>
    </p>
   </div>
   <div class='ocr_carea' id='block_1_50' title="bbox 2591 1753 3932 1831">
    <p class='ocr_par' dir='ltr' id='par_1_50' title="bbox 2591 1753 3932 1831">
     <span class='ocr_line' id='line_1_50' title="bbox 2591 1753 3932 1831; baseline 0.004 -25"><span class='ocrx_word' id='word_1_326' title='bbox 2591 1757 2841 1826; x_wconf 85' lang='grc' dir='ltr'>Χριστὸν,</span> <span class='ocrx_word' id='word_1_327' title='bbox 2877 1753 2960 1825; x_wconf 77' lang='grc' dir='ltr'>ἀφ’</span> <span class='ocrx_word' id='word_1_328' title='bbox 2997 1755 3057 1805; x_wconf 80' lang='grc' dir='ltr'>οὗ</span> <span class='ocrx_word' id='word_1_329' title='bbox 3087 1756 3112 1806; x_wconf 93' lang='lat'>6</span> <span class='ocrx_word' id='word_1_330' title='bbox 3154 1760 3466 1827; x_wconf 84' lang='grc' dir='ltr'>Χριστιανὸς</span> <span class='ocrx_word' id='word_1_331' title='bbox 3498 1761 3932 1831; x_wconf 85' lang='grc' dir='ltr'>παρωνόμασται.</span> 
     </span>
    </p>
   </div>
   <div class='ocr_carea' id='block_1_51' title="bbox 2660 1931 4186 2010">
    <p class='ocr_par' dir='ltr' id='par_1_51' title="bbox 2660 1931 4186 2010">
     <span class='ocr_line' id='line_1_51' title="bbox 2660 1931 4186 2010; baseline 0.003 -26"><span class='ocrx_word' id='word_1_332' title='bbox 2660 1931 2804 2003; x_wconf 74' lang='grc' dir='ltr'>Δεῡρ’</span> <span class='ocrx_word' id='word_1_333' title='bbox 2833 1934 2925 1996; x_wconf 87' lang='grc' dir='ltr'>ῖθι,</span> <span class='ocrx_word' id='word_1_334' title='bbox 2962 1937 3052 1984; x_wconf 80' lang='grc' dir='ltr'>καὶ</span> <span class='ocrx_word' id='word_1_335' title='bbox 3085 1935 3242 1991; x_wconf 78' lang='grc' dir='ltr'>στῆθι</span> <span class='ocrx_word' id='word_1_336' title='bbox 3292 1933 3468 1985; x_wconf 86' lang='grc' dir='ltr'>λοιπὸν</span> <span class='ocrx_word' id='word_1_337' title='bbox 3522 1934 3633 2004; x_wconf 85' lang='grc' dir='ltr'>μετ’</span> <span class='ocrx_word' id='word_1_338' title='bbox 3668 1934 3814 2005; x_wconf 81' lang='grc' dir='ltr'>ἐμοῦ,</span> <span class='ocrx_word' id='word_1_339' title='bbox 3881 1940 3971 1987; x_wconf 87' lang='lat' dir='ltr'>xui</span> <span class='ocrx_word' id='word_1_340' title='bbox 4029 1955 4186 2010; x_wconf 88' lang='grc' dir='ltr'>ηροσ-</span> 
     </span>
    </p>
   </div>
   <div class='ocr_carea' id='block_1_52' title="bbox 2587 2022 4188 2096">
    <p class='ocr_par' dir='ltr' id='par_1_52' title="bbox 2587 2022 4188 2096">
     <span class='ocr_line' id='line_1_52' title="bbox 2587 2022 4188 2096; baseline 0.004 -26"><span class='ocrx_word' id='word_1_341' title='bbox 2587 2026 2891 2092; x_wconf 79' lang='grc' dir='ltr'>κυνὴσωμεν</span> <span class='ocrx_word' id='word_1_342' title='bbox 2949 2023 3102 2093; x_wconf 69' lang='grc' dir='ltr'>ἄμφω</span> <span class='ocrx_word' id='word_1_343' title='bbox 3159 2027 3389 2096; x_wconf 78' lang='grc' dir='ltr'>Χριστὸν</span> <span class='ocrx_word' id='word_1_344' title='bbox 3447 2028 3532 2074; x_wconf 88' lang='grc' dir='ltr'>τὸν</span> <span class='ocrx_word' id='word_1_345' title='bbox 3569 2022 3808 2081; x_wconf 78' lang='grc' dir='ltr'>ἀληθινὸν</span> <span class='ocrx_word' id='word_1_346' title='bbox 3865 2029 4036 2076; x_wconf 80' lang='grc' dir='ltr'>Θεὸν·</span> <span class='ocrx_word' id='word_1_347' title='bbox 4098 2031 4188 2077; x_wconf 84' lang='lat' dir='ltr'>xui</span> 
     </span>
    </p>
   </div>
   <div class='ocr_carea' id='block_1_53' title="bbox 2589 2111 4185 2187">
    <p class='ocr_par' dir='ltr' id='par_1_53' title="bbox 2589 2111 4185 2187">
     <span class='ocr_line' id='line_1_53' title="bbox 2589 2111 4185 2187; baseline 0.004 -27"><span class='ocrx_word' id='word_1_348' title='bbox 2589 2112 2915 2181; x_wconf 76' lang='grc' dir='ltr'>σημειώθητι</span> <span class='ocrx_word' id='word_1_349' title='bbox 2944 2111 3055 2178; x_wconf 88' lang='grc' dir='ltr'>μεθ’</span> <span class='ocrx_word' id='word_1_350' title='bbox 3113 2113 3258 2184; x_wconf 78' lang='grc' dir='ltr'>ἡμῶν</span> <span class='ocrx_word' id='word_1_351' title='bbox 3308 2121 3380 2182; x_wconf 84' lang='grc' dir='ltr'>τῷ</span> <span class='ocrx_word' id='word_1_352' title='bbox 3436 2133 3562 2184; x_wconf 77' lang='grc' dir='ltr'>φωτί</span> <span class='ocrx_word' id='word_1_353' title='bbox 3597 2121 3689 2164; x_wconf 82' lang='grc' dir='ltr'>τού</span> <span class='ocrx_word' id='word_1_354' title='bbox 3747 2120 4031 2187; x_wconf 77' lang='grc' dir='ltr'>προσώπου</span> <span class='ocrx_word' id='word_1_355' title='bbox 4091 2115 4185 2166; x_wconf 82' lang='grc' dir='ltr'>αύ-</span> 
     </span>
    </p>
   </div>
   <div class='ocr_carea' id='block_1_54' title="bbox 2585 2199 4186 2275">
    <p class='ocr_par' dir='ltr' id='par_1_54' title="bbox 2585 2199 4186 2275">
     <span class='ocr_line' id='line_1_54' title="bbox 2585 2199 4186 2275; baseline 0.002 -26"><span class='ocrx_word' id='word_1_356' title='bbox 2585 2207 2696 2264; x_wconf 79' lang='grc' dir='ltr'>τού,</span> <span class='ocrx_word' id='word_1_357' title='bbox 2729 2205 2819 2250; x_wconf 85' lang='lat' dir='ltr'>xui</span> <span class='ocrx_word' id='word_1_358' title='bbox 2845 2209 2914 2270; x_wconf 79' lang='grc' dir='ltr'>τῷ</span> <span class='ocrx_word' id='word_1_359' title='bbox 2945 2202 3129 2272; x_wconf 78' lang='grc' dir='ltr'>αἰμοιτι</span> <span class='ocrx_word' id='word_1_360' title='bbox 3163 2209 3258 2262; x_wconf 85' lang='grc' dir='ltr'>τῆς</span> <span class='ocrx_word' id='word_1_361' title='bbox 3285 2205 3399 2261; x_wconf 85' lang='grc' dir='ltr'>νέας</span> <span class='ocrx_word' id='word_1_362' title='bbox 3457 2203 3737 2268; x_wconf 75' lang='grc' dir='ltr'>Διαθὴκης,</span> <span class='ocrx_word' id='word_1_363' title='bbox 3799 2208 3888 2255; x_wconf 87' lang='lat' dir='ltr'>xui</span> <span class='ocrx_word' id='word_1_364' title='bbox 3923 2199 4186 2275; x_wconf 70' lang='grc' dir='ltr'>διαφύγης</span> 
     </span>
    </p>
   </div>
   <div class='ocr_carea' id='block_1_55' title="bbox 2584 2289 3932 2362">
    <p class='ocr_par' dir='ltr' id='par_1_55' title="bbox 2584 2289 3932 2362">
     <span class='ocr_line' id='line_1_55' title="bbox 2584 2289 3932 2362; baseline 0.003 -22"><span class='ocrx_word' id='word_1_365' title='bbox 2584 2292 2670 2340; x_wconf 90' lang='grc' dir='ltr'>τὸν</span> <span class='ocrx_word' id='word_1_366' title='bbox 2707 2289 3040 2361; x_wconf 84' lang='grc' dir='ltr'>ὁλεθρεύοντα</span> <span class='ocrx_word' id='word_1_367' title='bbox 3067 2295 3155 2340; x_wconf 90' lang='lat' dir='ltr'>xui</span> <span class='ocrx_word' id='word_1_368' title='bbox 3186 2298 3274 2341; x_wconf 79' lang='grc' dir='ltr'>τοῦ</span> <span class='ocrx_word' id='word_1_369' title='bbox 3305 2295 3524 2352; x_wconf 80' lang='grc' dir='ltr'>σκότους</span> <span class='ocrx_word' id='word_1_370' title='bbox 3553 2295 3641 2342; x_wconf 90' lang='grc' dir='ltr'>τὸν</span> <span class='ocrx_word' id='word_1_371' title='bbox 3679 2293 3932 2362; x_wconf 80' lang='grc' dir='ltr'>ἄρχοντα.</span> 
     </span>
    </p>
   </div>
   <div class='ocr_carea' id='block_1_56' title="bbox 2657 2377 4184 2453">
    <p class='ocr_par' dir='ltr' id='par_1_56' title="bbox 2657 2377 4184 2453">
     <span class='ocr_line' id='line_1_56' title="bbox 2657 2377 4184 2453; baseline 0.001 -23"><span class='ocrx_word' id='word_1_372' title='bbox 2657 2377 2773 2431; x_wconf 72' lang='grc' dir='ltr'>ΚΖ.</span> <span class='ocrx_word' id='word_1_373' title='bbox 2831 2377 2984 2429; x_wconf 85' lang='grc' dir='ltr'>Ἀλλά</span> <span class='ocrx_word' id='word_1_374' title='bbox 3035 2383 3343 2453; x_wconf 72' lang='grc' dir='ltr'>γέγραπται,</span> <span class='ocrx_word' id='word_1_375' title='bbox 3423 2383 3602 2450; x_wconf 80' lang='grc' dir='ltr'>φησίν,</span> <span class='ocrx_word' id='word_1_376' title='bbox 3693 2383 3757 2440; x_wconf 80' lang='grc' dir='ltr'>ὡς</span> <span class='ocrx_word' id='word_1_377' title='bbox 3830 2379 4059 2434; x_wconf 78' lang='grc' dir='ltr'>ἀνατελεί</span> <span class='ocrx_word' id='word_1_378' title='bbox 4136 2381 4184 2433; x_wconf 81' lang='grc' dir='ltr'>ἐν</span> 
     </span>
    </p>
   </div>
   <div class='ocr_carea' id='block_1_57' title="bbox 2581 2457 4183 2545">
    <p class='ocr_par' dir='ltr' id='par_1_57' title="bbox 2581 2457 4183 2545">
     <span class='ocr_line' id='line_1_57' title="bbox 2581 2457 4183 2545; baseline -0.001 -27"><span class='ocrx_word' id='word_1_379' title='bbox 2581 2475 2693 2528; x_wconf 88' lang='grc' dir='ltr'>ταῖς</span> <span class='ocrx_word' id='word_1_380' title='bbox 2749 2470 2964 2539; x_wconf 81' lang='grc' dir='ltr'>ἡμέραις</span> <span class='ocrx_word' id='word_1_381' title='bbox 3043 2468 3204 2519; x_wconf 71' lang='grc' dir='ltr'>αὐτοῦ</span> <span class='ocrx_word' id='word_1_382' title='bbox 3279 2466 3591 2526; x_wconf 79' lang='grc' dir='ltr'>δικαιοσύνη</span> <span class='ocrx_word' id='word_1_383' title='bbox 3648 2475 3736 2522; x_wconf 83' lang='grc' dir='ltr'>καὶ</span> <span class='ocrx_word' id='word_1_384' title='bbox 3791 2457 3983 2530; x_wconf 60' lang='grc' dir='ltr'>πλῆθος</span> <span class='ocrx_word' id='word_1_385' title='bbox 4045 2471 4183 2545; x_wconf 55' lang='lat' dir='ltr'>sip}-</span> 
     </span>
    </p>
   </div>
   <div class='ocr_carea' id='block_1_58' title="bbox 2580 2555 4184 2629">
    <p class='ocr_par' dir='ltr' id='par_1_58' title="bbox 2580 2555 4184 2629">
     <span class='ocr_line' id='line_1_58' title="bbox 2580 2555 4184 2629; baseline 0.002 -23"><span class='ocrx_word' id='word_1_386' title='bbox 2580 2576 2692 2616; x_wconf 90' lang='grc' dir='ltr'>νης.</span> <span class='ocrx_word' id='word_1_387' title='bbox 2729 2562 2828 2609; x_wconf 81' lang='grc' dir='ltr'>Καί</span> <span class='ocrx_word' id='word_1_388' title='bbox 2874 2555 2955 2608; x_wconf 74' lang='grc' dir='ltr'>ἐπί</span> <span class='ocrx_word' id='word_1_389' title='bbox 2986 2565 3085 2608; x_wconf 79' lang='grc' dir='ltr'>τῶν</span> <span class='ocrx_word' id='word_1_390' title='bbox 3141 2561 3298 2629; x_wconf 74' lang='grc' dir='ltr'>’ἔργων</span> <span class='ocrx_word' id='word_1_391' title='bbox 3355 2559 3380 2609; x_wconf 98' lang='lat'>6</span> <span class='ocrx_word' id='word_1_392' title='bbox 3440 2557 3674 2629; x_wconf 86' lang='grc' dir='ltr'>Σολομὼν</span> <span class='ocrx_word' id='word_1_393' title='bbox 3726 2562 3815 2611; x_wconf 83' lang='grc' dir='ltr'>τὸν</span> <span class='ocrx_word' id='word_1_394' title='bbox 3865 2558 4014 2628; x_wconf 74' lang='grc' dir='ltr'>λόγον</span> <span class='ocrx_word' id='word_1_395' title='bbox 4068 2559 4184 2610; x_wconf 78' lang='grc' dir='ltr'>ἐκύ-</span> 
     </span>
    </p>
   </div>
   <div class='ocr_carea' id='block_1_59' title="bbox 2579 2642 4181 2718">
    <p class='ocr_par' dir='ltr' id='par_1_59' title="bbox 2579 2642 4181 2718">
     <span class='ocr_line' id='line_1_59' title="bbox 2579 2642 4181 2718; baseline 0.003 -23"><span class='ocrx_word' id='word_1_396' title='bbox 2579 2665 2735 2718; x_wconf 76' lang='grc' dir='ltr'>ρωσε,</span> <span class='ocrx_word' id='word_1_397' title='bbox 2775 2653 2957 2716; x_wconf 80' lang='grc' dir='ltr'>σοφαῖς</span> <span class='ocrx_word' id='word_1_398' title='bbox 3011 2642 3340 2707; x_wconf 75' lang='grc' dir='ltr'>εύθυὸικίαις</span> <span class='ocrx_word' id='word_1_399' title='bbox 3421 2649 3513 2708; x_wconf 81' lang='grc' dir='ltr'>τὰς</span> <span class='ocrx_word' id='word_1_400' title='bbox 3567 2644 3858 2707; x_wconf 76' lang='grc' dir='ltr'>ἁντιδιχίας</span> <span class='ocrx_word' id='word_1_401' title='bbox 3926 2644 4181 2709; x_wconf 74' lang='grc' dir='ltr'>διαλύσας</span> 
     </span>
    </p>
   </div>
   <div class='ocr_carea' id='block_1_60' title="bbox 2578 2733 4179 2810">
    <p class='ocr_par' dir='ltr' id='par_1_60' title="bbox 2578 2733 4179 2810">
     <span class='ocr_line' id='line_1_60' title="bbox 2578 2733 4179 2810; baseline 0.003 -26"><span class='ocrx_word' id='word_1_402' title='bbox 2578 2738 2668 2784; x_wconf 84' lang='grc' dir='ltr'>καί</span> <span class='ocrx_word' id='word_1_403' title='bbox 2737 2742 2835 2784; x_wconf 85' lang='grc' dir='ltr'>τῶν</span> <span class='ocrx_word' id='word_1_404' title='bbox 2933 2733 3104 2805; x_wconf 80' lang='grc' dir='ltr'>κύκλῳ</span> <span class='ocrx_word' id='word_1_405' title='bbox 3226 2737 3682 2806; x_wconf 72' lang='grc' dir='ltr'>συνεπιτιθεμένων</span> <span class='ocrx_word' id='word_1_406' title='bbox 3763 2738 4179 2810; x_wconf 74' lang='grc' dir='ltr'>κατακυριεύσας</span> 
     </span>
    </p>
   </div>
   <div class='ocr_carea' id='block_1_61' title="bbox 2578 2821 2802 2893">
    <p class='ocr_par' dir='ltr' id='par_1_61' title="bbox 2578 2821 2802 2893">
     <span class='ocr_line' id='line_1_61' title="bbox 2578 2821 2802 2893; baseline 0.013 -19"><span class='ocrx_word' id='word_1_407' title='bbox 2578 2821 2802 2893; x_wconf 78' lang='grc' dir='ltr'>ἐχθρῶν.</span> 
     </span>
    </p>
   </div>
   <div class='ocr_carea' id='block_1_62' title="bbox 2649 2910 4174 2987">
    <p class='ocr_par' dir='ltr' id='par_1_62' title="bbox 2649 2910 4174 2987">
     <span class='ocr_line' id='line_1_62' title="bbox 2649 2910 4174 2987; baseline 0.003 -26"><span class='ocrx_word' id='word_1_408' title='bbox 2649 2910 2803 2962; x_wconf 87' lang='grc' dir='ltr'>Ἀλλά</span> <span class='ocrx_word' id='word_1_409' title='bbox 2846 2920 2976 2976; x_wconf 86' lang='grc' dir='ltr'>πῶς,</span> <span class='ocrx_word' id='word_1_410' title='bbox 3016 2911 3266 2986; x_wconf 80' lang='grc' dir='ltr'>ἱερόσυλε,</span> <span class='ocrx_word' id='word_1_411' title='bbox 3297 2915 3356 2963; x_wconf 90' lang='grc' dir='ltr'>τὸ</span> <span class='ocrx_word' id='word_1_412' title='bbox 3401 2912 3518 2974; x_wconf 82' lang='grc' dir='ltr'>ἑξῆς</span> <span class='ocrx_word' id='word_1_413' title='bbox 3570 2915 3980 2987; x_wconf 78' lang='grc' dir='ltr'>ύπεκράτησας;</span> <span class='ocrx_word' id='word_1_414' title='bbox 4038 2921 4174 2982; x_wconf 82' lang='grc' dir='ltr'>Πῶς,</span> 
     </span>
    </p>
   </div>
   <div class='ocr_carea' id='block_1_63' title="bbox 2576 2997 4177 3074">
    <p class='ocr_par' dir='ltr' id='par_1_63' title="bbox 2576 2997 4177 3074">
     <span class='ocr_line' id='line_1_63' title="bbox 2576 2997 4177 3074; baseline 0.004 -25"><span class='ocrx_word' id='word_1_415' title='bbox 2576 2997 2614 3049; x_wconf 86' lang='grc' dir='ltr'>ὦ</span> <span class='ocrx_word' id='word_1_416' title='bbox 2655 3003 2732 3051; x_wconf 65' lang='lat' dir='ltr'>uti:</span> <span class='ocrx_word' id='word_1_417' title='bbox 2782 3008 2872 3060; x_wconf 76' lang='grc' dir='ltr'>τῆς</span> <span class='ocrx_word' id='word_1_418' title='bbox 2928 3006 3077 3051; x_wconf 83' lang='grc' dir='ltr'>νυκτί</span> <span class='ocrx_word' id='word_1_419' title='bbox 3137 3006 3577 3073; x_wconf 85' lang='grc' dir='ltr'>παρωμοιωμένης</span> <span class='ocrx_word' id='word_1_420' title='bbox 3631 3001 3891 3074; x_wconf 79' lang='grc' dir='ltr'>λατρείας,</span> <span class='ocrx_word' id='word_1_421' title='bbox 3947 3008 4042 3060; x_wconf 83' lang='grc' dir='ltr'>την</span> <span class='ocrx_word' id='word_1_422' title='bbox 4099 3023 4177 3055; x_wconf 82' lang='grc' dir='ltr'>σε-</span> 
     </span>
    </p>
   </div>
   <div class='ocr_carea' id='block_1_64' title="bbox 2573 3087 4178 3165">
    <p class='ocr_par' dir='ltr' id='par_1_64' title="bbox 2573 3087 4178 3165">
     <span class='ocr_line' id='line_1_64' title="bbox 2573 3087 4178 3165; baseline 0.004 -28"><span class='ocrx_word' id='word_1_423' title='bbox 2573 3087 2729 3146; x_wconf 85' lang='grc' dir='ltr'>λὴνην</span> <span class='ocrx_word' id='word_1_424' title='bbox 2800 3089 3127 3162; x_wconf 73' lang='grc' dir='ltr'>ύπέκρυψας,</span> <span class='ocrx_word' id='word_1_425' title='bbox 3206 3092 3288 3141; x_wconf 80' lang='grc' dir='ltr'>ἵνα</span> <span class='ocrx_word' id='word_1_426' title='bbox 3348 3090 3645 3163; x_wconf 73' lang='grc' dir='ltr'>ύποκλὲψῃς</span> <span class='ocrx_word' id='word_1_427' title='bbox 3697 3095 3754 3142; x_wconf 81' lang='grc' dir='ltr'>τὸ</span> <span class='ocrx_word' id='word_1_428' title='bbox 3843 3101 4036 3165; x_wconf 80' lang='grc' dir='ltr'>χρῆμα</span> <span class='ocrx_word' id='word_1_429' title='bbox 4087 3101 4178 3153; x_wconf 77' lang='grc' dir='ltr'>τῆς</span> 
     </span>
    </p>
   </div>
   <div class='ocr_carea' id='block_1_65' title="bbox 2572 3175 4178 3251">
    <p class='ocr_par' dir='ltr' id='par_1_65' title="bbox 2572 3175 4178 3251">
     <span class='ocr_line' id='line_1_65' title="bbox 2572 3175 4178 3251; baseline 0.003 -24"><span class='ocrx_word' id='word_1_430' title='bbox 2572 3175 2854 3244; x_wconf 78' lang='grc' dir='ltr'>ἀληθείας;</span> <span class='ocrx_word' id='word_1_431' title='bbox 2909 3184 3009 3230; x_wconf 84' lang='lat' dir='ltr'>Kui</span> <span class='ocrx_word' id='word_1_432' title='bbox 3065 3184 3116 3228; x_wconf 89' lang='grc' dir='ltr'>τί</span> <span class='ocrx_word' id='word_1_433' title='bbox 3178 3183 3235 3229; x_wconf 87' lang='grc' dir='ltr'>τὸ</span> <span class='ocrx_word' id='word_1_434' title='bbox 3316 3179 3516 3251; x_wconf 78' lang='grc' dir='ltr'>κλέμμα</span> <span class='ocrx_word' id='word_1_435' title='bbox 3569 3183 3708 3245; x_wconf 84' lang='grc' dir='ltr'>;Ῑ“ὸ,</span> <span class='ocrx_word' id='word_1_436' title='bbox 3774 3182 3867 3239; x_wconf 84' lang='grc' dir='ltr'>ἕως</span> <span class='ocrx_word' id='word_1_437' title='bbox 3930 3182 3990 3231; x_wconf 75' lang='grc' dir='ltr'>οὗ</span> <span class='ocrx_word' id='word_1_438' title='bbox 4054 3180 4178 3232; x_wconf 80' lang='grc' dir='ltr'>ἀντ-</span> 
     </span>
    </p>
   </div>
   <div class='ocr_carea' id='block_1_66' title="bbox 805 3240 2569 3340">
    <p class='ocr_par' dir='ltr' id='par_1_66' title="bbox 805 3240 2535 3339">
     <span class='ocr_line' id='line_1_66' title="bbox 805 3240 2535 3339; baseline -0.008 -8"><span class='ocrx_word' id='word_1_439' title='bbox 805 3240 1031 3331; x_wconf 71' lang='lat' dir='ltr'>iurtum</span> <span class='ocrx_word' id='word_1_440' title='bbox 1050 3272 1078 3326; x_wconf 72' lang='lat' dir='ltr'>‘I</span> <span class='ocrx_word' id='word_1_441' title='bbox 1093 3275 1211 3327; x_wconf 84' lang='lat' dir='ltr'>Hoc</span> <span class='ocrx_word' id='word_1_442' title='bbox 1233 3283 1482 3339; x_wconf 89' lang='lat' dir='ltr'>nempe:</span> <span class='ocrx_word' id='word_1_443' title='bbox 1512 3240 1700 3320; x_wconf 66' lang='lat' dir='ltr'>donec</span> <span class='ocrx_word' id='word_1_444' title='bbox 1725 3264 2047 3333; x_wconf 82' lang='lat' dir='ltr'>auferatur</span> <span class='ocrx_word' id='word_1_445' title='bbox 2060 3265 2227 3319; x_wconf 87' lang='lat' dir='ltr'>luna.</span> <span class='ocrx_word' id='word_1_446' title='bbox 2246 3265 2461 3318; x_wconf 89' lang='lat' dir='ltr'>Verum</span> <span class='ocrx_word' id='word_1_447' title='bbox 2492 3240 2535 3294; x_wconf 67' lang='grc' dir='ltr'><strong>δ</strong></span> 
     </span>
    </p>
   </div>
   <div class='ocr_carea' id='block_1_67' title="bbox 2409 3240 4173 3340">
    <p class='ocr_par' dir='ltr' id='par_1_67' title="bbox 2409 3240 4173 3340">
     <span class='ocr_line' id='line_1_67' title="bbox 2409 3240 4173 3340; baseline 0.002 -22"><span class='ocrx_word' id='word_1_448' title='bbox 2409 3280 2461 3318; x_wconf 87' lang='lat' dir='ltr'>rn</span> <span class='ocrx_word' id='word_1_449' title='bbox 2492 3240 2535 3294; x_wconf 62' lang='grc' dir='ltr'><strong>δ</strong></span> <span class='ocrx_word' id='word_1_450' title='bbox 2572 3269 2814 3340; x_wconf 76' lang='grc' dir='ltr'>αναιρεθῇ</span> <span class='ocrx_word' id='word_1_451' title='bbox 2871 3269 2899 3324; x_wconf 82' lang='grc' dir='ltr'>ἡ</span> <span class='ocrx_word' id='word_1_452' title='bbox 2969 3267 3391 3339; x_wconf 80' lang='grc' dir='ltr'>σελήνη,”ομως</span> <span class='ocrx_word' id='word_1_453' title='bbox 3426 3267 3702 3326; x_wconf 81' lang='grc' dir='ltr'>ἀπανιήσω</span> <span class='ocrx_word' id='word_1_454' title='bbox 3762 3288 3856 3320; x_wconf 91' lang='grc' dir='ltr'>σου</span> <span class='ocrx_word' id='word_1_455' title='bbox 3904 3272 4032 3340; x_wconf 77' lang='grc' dir='ltr'>μετὰ</span> <span class='ocrx_word' id='word_1_456' title='bbox 4083 3279 4173 3321; x_wconf 78' lang='grc' dir='ltr'>τοῦ</span> 
     </span>
    </p>
   </div>
   <div class='ocr_carea' id='block_1_68' title="bbox 804 3352 2462 3422">
    <p class='ocr_par' dir='ltr' id='par_1_68' title="bbox 804 3352 2462 3422">
     <span class='ocr_line' id='line_1_68' title="bbox 804 3352 2462 3422; baseline -0.009 0"><span class='ocrx_word' id='word_1_457' title='bbox 804 3381 946 3422; x_wconf 92' lang='lat' dir='ltr'>cum</span> <span class='ocrx_word' id='word_1_458' title='bbox 1008 3361 1238 3418; x_wconf 90' lang='lat' dir='ltr'>lumine</span> <span class='ocrx_word' id='word_1_459' title='bbox 1305 3355 1569 3412; x_wconf 87' lang='lat' dir='ltr'>veritatis</span> <span class='ocrx_word' id='word_1_460' title='bbox 1643 3352 2120 3408; x_wconf 90' lang='lat' dir='ltr'>dubitationibus</span> <span class='ocrx_word' id='word_1_461' title='bbox 2177 3353 2293 3408; x_wconf 86' lang='lat' dir='ltr'>tuis</span> <span class='ocrx_word' id='word_1_462' title='bbox 2367 3369 2462 3408; x_wconf 93' lang='lat' dir='ltr'>oc-</span> 
     </span>
    </p>
   </div>
   <div class='ocr_carea' id='block_1_69' title="bbox 800 3469 1063 3511">
    <p class='ocr_par' dir='ltr' id='par_1_69' title="bbox 800 3469 1063 3511">
     <span class='ocr_line' id='line_1_69' title="bbox 800 3469 1063 3511; baseline -0.011 0"><span class='ocrx_word' id='word_1_463' title='bbox 800 3469 1063 3511; x_wconf 87' lang='lat' dir='ltr'>curram.</span> 
     </span>
    </p>
   </div>
   <div class='ocr_carea' id='block_1_70' title="bbox 875 3529 2454 3613">
    <p class='ocr_par' dir='ltr' id='par_1_70' title="bbox 875 3529 2454 3613">
     <span class='ocr_line' id='line_1_70' title="bbox 875 3529 2454 3613; baseline -0.008 -15"><span class='ocrx_word' id='word_1_464' title='bbox 875 3543 1174 3613; x_wconf 91' lang='lat' dir='ltr'>Scriptum</span> <span class='ocrx_word' id='word_1_465' title='bbox 1196 3542 1287 3593; x_wconf 92' lang='lat' dir='ltr'>est</span> <span class='ocrx_word' id='word_1_466' title='bbox 1310 3540 1474 3607; x_wconf 89' lang='lat' dir='ltr'>(nam</span> <span class='ocrx_word' id='word_1_467' title='bbox 1526 3539 1583 3588; x_wconf 89' lang='lat' dir='ltr'>et</span> <span class='ocrx_word' id='word_1_468' title='bbox 1634 3548 1746 3603; x_wconf 85' lang='lat' dir='ltr'>ego</span> <span class='ocrx_word' id='word_1_469' title='bbox 1779 3529 2119 3586; x_wconf 90' lang='lat' dir='ltr'>consimilia</span> <span class='ocrx_word' id='word_1_470' title='bbox 2169 3530 2454 3602; x_wconf 76' lang='lat' dir='ltr'>quaedam</span> 
     </span>
    </p>
   </div>
   <div class='ocr_carea' id='block_1_71' title="bbox 797 3621 2454 3698">
    <p class='ocr_par' dir='ltr' id='par_1_71' title="bbox 797 3621 2454 3698">
     <span class='ocr_line' id='line_1_71' title="bbox 797 3621 2454 3698; baseline -0.009 -9"><span class='ocrx_word' id='word_1_471' title='bbox 797 3633 904 3690; x_wconf 91' lang='lat' dir='ltr'>tibi</span> <span class='ocrx_word' id='word_1_472' title='bbox 929 3629 1212 3696; x_wconf 87' lang='lat' dir='ltr'>narrabo)</span> <span class='ocrx_word' id='word_1_473' title='bbox 1232 3625 1397 3698; x_wconf 91' lang='lat' dir='ltr'>quod</span> <span class='ocrx_word' id='word_1_474' title='bbox 1423 3623 1745 3679; x_wconf 81' lang='lat' dir='ltr'>Suscitavit</span> <span class='ocrx_word' id='word_1_475' title='bbox 1767 3622 2057 3676; x_wconf 78' lang='lat' dir='ltr'>Dominus</span> <span class='ocrx_word' id='word_1_476' title='bbox 2085 3627 2257 3676; x_wconf 84' lang='lat' dir='ltr'>satan</span> <span class='ocrx_word' id='word_1_477' title='bbox 2278 3621 2454 3676; x_wconf 85' lang='lat' dir='ltr'>Sala-</span> 
     </span>
    </p>
   </div>
   <div class='ocr_carea' id='block_1_72' title="bbox 799 3710 2453 3778">
    <p class='ocr_par' dir='ltr' id='par_1_72' title="bbox 799 3710 2453 3778">
     <span class='ocr_line' id='line_1_72' title="bbox 799 3710 2453 3778; baseline -0.007 -1"><span class='ocrx_word' id='word_1_478' title='bbox 799 3723 958 3777; x_wconf 85' lang='lat' dir='ltr'>moni</span> <span class='ocrx_word' id='word_1_479' title='bbox 982 3719 1148 3774; x_wconf 82' lang='lat' dir='ltr'>Ader</span> <span class='ocrx_word' id='word_1_480' title='bbox 1175 3717 1530 3778; x_wconf 75' lang='lat' dir='ltr'>Idumaeum,</span> <span class='ocrx_word' id='word_1_481' title='bbox 1574 3718 1627 3767; x_wconf 84' lang='lat' dir='ltr'>et</span> <span class='ocrx_word' id='word_1_482' title='bbox 1657 3711 1867 3765; x_wconf 86' lang='lat' dir='ltr'>Esrom</span> <span class='ocrx_word' id='word_1_483' title='bbox 1899 3717 1952 3764; x_wconf 87' lang='lat' dir='ltr'>et</span> <span class='ocrx_word' id='word_1_484' title='bbox 1983 3710 2365 3775; x_wconf 76' lang='lat' dir='ltr'>Barameeth,</span> <span class='ocrx_word' id='word_1_485' title='bbox 2400 3717 2453 3765; x_wconf 86' lang='lat' dir='ltr'>et</span> 
     </span>
    </p>
   </div>
   <div class='ocr_carea' id='block_1_73' title="bbox 798 3799 2453 3876">
    <p class='ocr_par' dir='ltr' id='par_1_73' title="bbox 798 3799 2453 3876">
     <span class='ocr_line' id='line_1_73' title="bbox 798 3799 2453 3876; baseline -0.007 -9"><span class='ocrx_word' id='word_1_486' title='bbox 798 3812 1149 3867; x_wconf 83' lang='lat' dir='ltr'>Andraezer</span> <span class='ocrx_word' id='word_1_487' title='bbox 1171 3821 1191 3876; x_wconf 81' lang='lat'>,&#39;</span> <span class='ocrx_word' id='word_1_488' title='bbox 1221 3811 1275 3860; x_wconf 90' lang='lat' dir='ltr'>et</span> <span class='ocrx_word' id='word_1_489' title='bbox 1303 3807 1708 3859; x_wconf 83' lang='lat' dir='ltr'>convenerunt</span> <span class='ocrx_word' id='word_1_490' title='bbox 1734 3799 2024 3855; x_wconf 85' lang='lat' dir='ltr'>adversus</span> <span class='ocrx_word' id='word_1_491' title='bbox 2052 3816 2184 3854; x_wconf 87' lang='lat' dir='ltr'>eum</span> <span class='ocrx_word' id='word_1_492' title='bbox 2206 3819 2228 3863; x_wconf 78' lang='lat'>,&#39;</span> <span class='ocrx_word' id='word_1_493' title='bbox 2248 3808 2299 3855; x_wconf 80' lang='lat' dir='ltr'>et</span> <span class='ocrx_word' id='word_1_494' title='bbox 2324 3807 2453 3856; x_wconf 88' lang='lat' dir='ltr'>erat</span> 
     </span>
    </p>
   </div>
   <div class='ocr_carea' id='block_1_74' title="bbox 795 3891 2451 3969">
    <p class='ocr_par' dir='ltr' id='par_1_74' title="bbox 795 3891 2451 3969">
     <span class='ocr_line' id='line_1_74' title="bbox 795 3891 2451 3969; baseline -0.008 -12"><span class='ocrx_word' id='word_1_495' title='bbox 795 3903 925 3958; x_wconf 74' lang='lat' dir='ltr'>dux</span> <span class='ocrx_word' id='word_1_496' title='bbox 953 3897 1214 3969; x_wconf 76' lang='lat' dir='ltr'>agminis</span> <span class='ocrx_word' id='word_1_497' title='bbox 1244 3901 1296 3950; x_wconf 87' lang='lat' dir='ltr'>et</span> <span class='ocrx_word' id='word_1_498' title='bbox 1326 3891 1637 3960; x_wconf 83' lang='lat' dir='ltr'>occupavit</span> <span class='ocrx_word' id='word_1_499' title='bbox 1660 3891 1983 3944; x_wconf 87' lang='lat' dir='ltr'>Damasec:</span> <span class='ocrx_word' id='word_1_500' title='bbox 2009 3895 2254 3959; x_wconf 83' lang='lat' dir='ltr'>eratque</span> <span class='ocrx_word' id='word_1_501' title='bbox 2280 3895 2451 3944; x_wconf 88' lang='lat' dir='ltr'>satan</span> 
     </span>
    </p>
   </div>
   <div class='ocr_carea' id='block_1_75' title="bbox 798 3980 2453 4050">
    <p class='ocr_par' dir='ltr' id='par_1_75' title="bbox 798 3980 2453 4050">
     <span class='ocr_line' id='line_1_75' title="bbox 798 3980 2453 4050; baseline -0.007 -4"><span class='ocrx_word' id='word_1_502' title='bbox 798 3991 1014 4047; x_wconf 79' lang='lat' dir='ltr'>Israeli</span> <span class='ocrx_word' id='word_1_503' title='bbox 1038 3986 1267 4042; x_wconf 73' lang='lat' dir='ltr'>cunctis</span> <span class='ocrx_word' id='word_1_504' title='bbox 1297 3983 1502 4038; x_wconf 86' lang='lat' dir='ltr'>diebus</span> <span class='ocrx_word' id='word_1_505' title='bbox 1531 3980 1866 4034; x_wconf 85' lang='lat' dir='ltr'>Salomonis</span> <span class='ocrx_word' id='word_1_506' title='bbox 1889 3980 2021 4048; x_wconf 88' lang='lat'>(39).</span> <span class='ocrx_word' id='word_1_507' title='bbox 2060 3980 2238 4034; x_wconf 89' lang='lat' dir='ltr'>Satan</span> <span class='ocrx_word' id='word_1_508' title='bbox 2275 3993 2453 4050; x_wconf 91' lang='lat' dir='ltr'>porro</span> 
     </span>
    </p>
   </div>
   <div class='ocr_carea' id='block_1_76' title="bbox 792 4073 1933 4140">
    <p class='ocr_par' dir='ltr' id='par_1_76' title="bbox 792 4073 1933 4140">
     <span class='ocr_line' id='line_1_76' title="bbox 792 4073 1933 4140; baseline -0.015 -3"><span class='ocrx_word' id='word_1_509' title='bbox 792 4081 936 4136; x_wconf 92' lang='lat' dir='ltr'>dicit</span> <span class='ocrx_word' id='word_1_510' title='bbox 959 4078 1055 4134; x_wconf 90' lang='lat' dir='ltr'>hic</span> <span class='ocrx_word' id='word_1_511' title='bbox 1081 4077 1315 4131; x_wconf 88' lang='lat' dir='ltr'>hostem</span> <span class='ocrx_word' id='word_1_512' title='bbox 1347 4076 1403 4126; x_wconf 88' lang='lat' dir='ltr'>et</span> <span class='ocrx_word' id='word_1_513' title='bbox 1431 4073 1933 4140; x_wconf 86' lang='lat' dir='ltr'>oppugnatorem.</span> 
     </span>
    </p>
   </div>
   <div class='ocr_carea' id='block_1_77' title="bbox 865 4247 2452 4318">
    <p class='ocr_par' dir='ltr' id='par_1_77' title="bbox 865 4247 2452 4318">
     <span class='ocr_line' id='line_1_77' title="bbox 865 4247 2452 4318; baseline -0.008 -2"><span class='ocrx_word' id='word_1_514' title='bbox 865 4260 978 4316; x_wconf 88' lang='lat' dir='ltr'>Sed</span> <span class='ocrx_word' id='word_1_515' title='bbox 1006 4257 1207 4312; x_wconf 90' lang='lat' dir='ltr'>dicam</span> <span class='ocrx_word' id='word_1_516' title='bbox 1239 4253 1345 4308; x_wconf 88' lang='lat' dir='ltr'>tibi</span> <span class='ocrx_word' id='word_1_517' title='bbox 1367 4250 1546 4307; x_wconf 86' lang='lat' dir='ltr'>etiam</span> <span class='ocrx_word' id='word_1_518' title='bbox 1577 4247 1903 4318; x_wconf 90' lang='lat' dir='ltr'>dejustitia</span> <span class='ocrx_word' id='word_1_519' title='bbox 1927 4247 2287 4316; x_wconf 87' lang='lat' dir='ltr'>Salomonis,</span> <span class='ocrx_word' id='word_1_520' title='bbox 2346 4266 2452 4304; x_wconf 90' lang='lat' dir='ltr'>seu</span> 
     </span>
    </p>
   </div>
   <div class='ocr_carea' id='block_1_78' title="bbox 789 4336 2447 4425">
    <p class='ocr_par' dir='ltr' id='par_1_78' title="bbox 789 4336 2447 4425">
     <span class='ocr_line' id='line_1_78' title="bbox 789 4336 2447 4425; baseline -0.007 -19"><span class='ocrx_word' id='word_1_521' title='bbox 789 4351 990 4425; x_wconf 86' lang='lat' dir='ltr'>potius</span> <span class='ocrx_word' id='word_1_522' title='bbox 1020 4361 1145 4402; x_wconf 92' lang='lat' dir='ltr'>non</span> <span class='ocrx_word' id='word_1_523' title='bbox 1167 4359 1299 4414; x_wconf 88' lang='lat' dir='ltr'>ego,</span> <span class='ocrx_word' id='word_1_524' title='bbox 1333 4341 1440 4396; x_wconf 90' lang='lat' dir='ltr'>sed</span> <span class='ocrx_word' id='word_1_525' title='bbox 1473 4343 1815 4408; x_wconf 81' lang='lat' dir='ltr'>Regnorum</span> <span class='ocrx_word' id='word_1_526' title='bbox 1841 4336 1992 4391; x_wconf 84' lang='lat' dir='ltr'>liber</span> <span class='ocrx_word' id='word_1_527' title='bbox 2021 4338 2136 4392; x_wconf 88' lang='lat' dir='ltr'>ista</span> <span class='ocrx_word' id='word_1_528' title='bbox 2161 4343 2401 4394; x_wconf 89' lang='lat' dir='ltr'>enarrat</span> <span class='ocrx_word' id='word_1_529' title='bbox 2435 4357 2447 4393; x_wconf 89' lang='lat'><strong>:</strong></span> 
     </span>
    </p>
   </div>
   <div class='ocr_carea' id='block_1_79' title="bbox 788 4427 2446 4504">
    <p class='ocr_par' dir='ltr' id='par_1_79' title="bbox 788 4427 2446 4504">
     <span class='ocr_line' id='line_1_79' title="bbox 788 4427 2446 4504; baseline -0.016 -6"><span class='ocrx_word' id='word_1_530' title='bbox 788 4444 866 4498; x_wconf 85' lang='lat' dir='ltr'>Et</span> <span class='ocrx_word' id='word_1_531' title='bbox 896 4442 1128 4495; x_wconf 86' lang='lat' dir='ltr'>locutus</span> <span class='ocrx_word' id='word_1_532' title='bbox 1155 4441 1238 4492; x_wconf 90' lang='lat' dir='ltr'>est</span> <span class='ocrx_word' id='word_1_533' title='bbox 1262 4429 1611 4504; x_wconf 80' lang='lat' dir='ltr'>populusad</span> <span class='ocrx_word' id='word_1_534' title='bbox 1631 4443 1826 4497; x_wconf 86' lang='lat' dir='ltr'>regem</span> <span class='ocrx_word' id='word_1_535' title='bbox 1841 4427 2122 4494; x_wconf 84' lang='lat' dir='ltr'>Roboam,</span> <span class='ocrx_word' id='word_1_536' title='bbox 2155 4429 2446 4486; x_wconf 62' lang='lat' dir='ltr'>dicentes;</span> 
     </span>
    </p>
   </div>
   <div class='ocr_carea' id='block_1_80' title="bbox 787 4519 2450 4590">
    <p class='ocr_par' dir='ltr' id='par_1_80' title="bbox 787 4519 2450 4590">
     <span class='ocr_line' id='line_1_80' title="bbox 787 4519 2450 4590; baseline -0.008 -2"><span class='ocrx_word' id='word_1_537' title='bbox 787 4535 967 4588; x_wconf 87' lang='lat' dir='ltr'>Pater</span> <span class='ocrx_word' id='word_1_538' title='bbox 985 4535 1132 4588; x_wconf 75' lang='lat' dir='ltr'>tuus</span> <span class='ocrx_word' id='word_1_539' title='bbox 1147 4524 1531 4580; x_wconf 81' lang='lat' dir='ltr'>durissimum</span> <span class='ocrx_word' id='word_1_540' title='bbox 1539 4521 1761 4589; x_wconf 86' lang='lat' dir='ltr'>jugum</span> <span class='ocrx_word' id='word_1_541' title='bbox 1782 4519 2242 4586; x_wconf 84' lang='lat' dir='ltr'>imposuitnobis</span> <span class='ocrx_word' id='word_1_542' title='bbox 2256 4522 2450 4590; x_wconf 89' lang='lat' dir='ltr'>(pater</span> 
     </span>
    </p>
   </div>
   <div class='ocr_carea' id='block_1_81' title="bbox 2568 3356 3636 3430">
    <p class='ocr_par' dir='ltr' id='par_1_81' title="bbox 2568 3356 3636 3430">
     <span class='ocr_line' id='line_1_81' title="bbox 2568 3356 3636 3430; baseline 0 -22"><span class='ocrx_word' id='word_1_543' title='bbox 2568 3366 2664 3416; x_wconf 75' lang='grc' dir='ltr'>τῆς</span> <span class='ocrx_word' id='word_1_544' title='bbox 2690 3356 2932 3417; x_wconf 80' lang='grc' dir='ltr'>ἀληθείας</span> <span class='ocrx_word' id='word_1_545' title='bbox 2955 3361 3119 3428; x_wconf 76' lang='grc' dir='ltr'>φωτὸς</span> <span class='ocrx_word' id='word_1_546' title='bbox 3150 3364 3257 3418; x_wconf 86' lang='grc' dir='ltr'>τοῖς</span> <span class='ocrx_word' id='word_1_547' title='bbox 3276 3356 3636 3430; x_wconf 74' lang='grc' dir='ltr'>προϐλήμασι.</span> 
     </span>
    </p>
   </div>
   <div class='ocr_carea' id='block_1_82' title="bbox 2639 3534 4171 3610">
    <p class='ocr_par' dir='ltr' id='par_1_82' title="bbox 2639 3534 4171 3610">
     <span class='ocr_line' id='line_1_82' title="bbox 2639 3534 4171 3610; baseline 0.002 -23"><span class='ocrx_word' id='word_1_548' title='bbox 2639 3541 2955 3609; x_wconf 74' lang='grc' dir='ltr'>Γέγραπται,</span> <span class='ocrx_word' id='word_1_549' title='bbox 2989 3534 3134 3606; x_wconf 72' lang='grc' dir='ltr'>κάγὼ</span> <span class='ocrx_word' id='word_1_550' title='bbox 3173 3538 3273 3610; x_wconf 71' lang='grc' dir='ltr'>γὰρ</span> <span class='ocrx_word' id='word_1_551' title='bbox 3306 3555 3390 3587; x_wconf 93' lang='grc' dir='ltr'>σοι</span> <span class='ocrx_word' id='word_1_552' title='bbox 3433 3537 3499 3588; x_wconf 81' lang='grc' dir='ltr'>τὰ</span> <span class='ocrx_word' id='word_1_553' title='bbox 3530 3539 3622 3587; x_wconf 84' lang='grc' dir='ltr'>ἶσα</span> <span class='ocrx_word' id='word_1_554' title='bbox 3652 3535 3768 3610; x_wconf 71' lang='grc' dir='ltr'>ἐρῶ,</span> <span class='ocrx_word' id='word_1_555' title='bbox 3825 3537 3905 3588; x_wconf 87' lang='grc' dir='ltr'>ὅτι</span> <span class='ocrx_word' id='word_1_556' title='bbox 3962 3536 4171 3610; x_wconf 74' lang='grc' dir='ltr'>Ἥγειρε</span> 
     </span>
    </p>
   </div>
   <div class='ocr_carea' id='block_1_83' title="bbox 2568 3623 4170 3700">
    <p class='ocr_par' dir='ltr' id='par_1_83' title="bbox 2568 3623 4170 3700">
     <span class='ocr_line' id='line_1_83' title="bbox 2568 3623 4170 3700; baseline -0.001 -23"><span class='ocrx_word' id='word_1_557' title='bbox 2568 3628 2758 3700; x_wconf 79' lang='grc' dir='ltr'>Κύριος</span> <span class='ocrx_word' id='word_1_558' title='bbox 2811 3628 2972 3676; x_wconf 78' lang='grc' dir='ltr'>σοιτὰν</span> <span class='ocrx_word' id='word_1_559' title='bbox 3041 3633 3114 3694; x_wconf 87' lang='grc' dir='ltr'>τῷ</span> <span class='ocrx_word' id='word_1_560' title='bbox 3177 3625 3416 3697; x_wconf 80' lang='grc' dir='ltr'>Σαλομὼν</span> <span class='ocrx_word' id='word_1_561' title='bbox 3477 3629 3563 3677; x_wconf 80' lang='grc' dir='ltr'>τὸν</span> <span class='ocrx_word' id='word_1_562' title='bbox 3637 3623 3796 3700; x_wconf 73' lang='grc' dir='ltr'>⁴Αδερ</span> <span class='ocrx_word' id='word_1_563' title='bbox 3865 3630 3951 3678; x_wconf 77' lang='grc' dir='ltr'>τὸν</span> <span class='ocrx_word' id='word_1_564' title='bbox 4003 3623 4170 3679; x_wconf 81' lang='grc' dir='ltr'>Ἰδου-</span> 
     </span>
    </p>
   </div>
   <div class='ocr_carea' id='block_1_84' title="bbox 2564 3715 4167 3790">
    <p class='ocr_par' dir='ltr' id='par_1_84' title="bbox 2564 3715 4167 3790">
     <span class='ocr_line' id='line_1_84' title="bbox 2564 3715 4167 3790; baseline 0.001 -26"><span class='ocrx_word' id='word_1_565' title='bbox 2564 3722 2735 3786; x_wconf 70' lang='grc' dir='ltr'>μαῖον,</span> <span class='ocrx_word' id='word_1_566' title='bbox 2771 3719 2860 3765; x_wconf 85' lang='lat' dir='ltr'>xui</span> <span class='ocrx_word' id='word_1_567' title='bbox 2889 3719 2974 3766; x_wconf 86' lang='grc' dir='ltr'>τὸν</span> <span class='ocrx_word' id='word_1_568' title='bbox 3028 3715 3256 3788; x_wconf 81' lang='grc' dir='ltr'>Ἐσρὼμ,</span> <span class='ocrx_word' id='word_1_569' title='bbox 3291 3720 3380 3766; x_wconf 81' lang='grc' dir='ltr'>καί</span> <span class='ocrx_word' id='word_1_570' title='bbox 3437 3718 3524 3764; x_wconf 67' lang='grc' dir='ltr'>τὸν</span> <span class='ocrx_word' id='word_1_571' title='bbox 3581 3717 3866 3790; x_wconf 78' lang='grc' dir='ltr'>Βαραμεὲθ,</span> <span class='ocrx_word' id='word_1_572' title='bbox 3930 3721 4018 3767; x_wconf 85' lang='grc' dir='ltr'>καί</span> <span class='ocrx_word' id='word_1_573' title='bbox 4079 3720 4167 3767; x_wconf 80' lang='grc' dir='ltr'>τὸν</span> 
     </span>
    </p>
   </div>
   <div class='ocr_carea' id='block_1_85' title="bbox 2567 3799 4170 3878">
    <p class='ocr_par' dir='ltr' id='par_1_85' title="bbox 2567 3799 4170 3878">
     <span class='ocr_line' id='line_1_85' title="bbox 2567 3799 4170 3878; baseline 0.001 -24"><span class='ocrx_word' id='word_1_574' title='bbox 2567 3799 2875 3876; x_wconf 79' lang='grc' dir='ltr'>Ἀνδραέζερ</span> <span class='ocrx_word' id='word_1_575' title='bbox 2947 3824 2958 3836; x_wconf 73' lang='grc' dir='ltr'><strong>ο</strong></span> <span class='ocrx_word' id='word_1_576' title='bbox 3016 3808 3106 3855; x_wconf 90' lang='lat' dir='ltr'>xui</span> <span class='ocrx_word' id='word_1_577' title='bbox 3169 3805 3626 3878; x_wconf 79' lang='grc' dir='ltr'>συνηθροίσθησαν</span> <span class='ocrx_word' id='word_1_578' title='bbox 3681 3803 3756 3855; x_wconf 83' lang='grc' dir='ltr'>ἐπ’</span> <span class='ocrx_word' id='word_1_579' title='bbox 3837 3805 3978 3875; x_wconf 85' lang='grc' dir='ltr'>αύτῴ</span> <span class='ocrx_word' id='word_1_580' title='bbox 4027 3825 4040 3837; x_wconf 76' lang='grc' dir='ltr'>ο</span> <span class='ocrx_word' id='word_1_581' title='bbox 4079 3809 4170 3856; x_wconf 83' lang='grc' dir='ltr'>καί</span> 
     </span>
    </p>
   </div>
   <div class='ocr_carea' id='block_1_86' title="bbox 2565 3891 2908 3966">
    <p class='ocr_par' dir='ltr' id='par_1_86' title="bbox 2565 3891 2908 3966">
     <span class='ocr_line' id='line_1_86' title="bbox 2565 3891 2908 3966; baseline 0 -24"><span class='ocrx_word' id='word_1_582' title='bbox 2565 3891 2624 3964; x_wconf 68' lang='grc' dir='ltr'>ᾖν</span> <span class='ocrx_word' id='word_1_583' title='bbox 2727 3895 2908 3966; x_wconf 69' lang='grc' dir='ltr'>ἄρχων</span> 
     </span>
    </p>
   </div>
   <div class='ocr_carea' id='block_1_87' title="bbox 2562 3980 3286 4053">
    <p class='ocr_par' dir='ltr' id='par_1_87' title="bbox 2562 3980 3286 4053">
     <span class='ocr_line' id='line_1_87' title="bbox 2562 3980 3286 4053; baseline -0.001 -19"><span class='ocrx_word' id='word_1_584' title='bbox 2562 3988 2656 4041; x_wconf 80' lang='grc' dir='ltr'>τὴν</span> <span class='ocrx_word' id='word_1_585' title='bbox 2711 3987 2954 4053; x_wconf 81' lang='grc' dir='ltr'>Δαμασέκ</span> <span class='ocrx_word' id='word_1_586' title='bbox 3002 4025 3016 4039; x_wconf 89' lang='grc'><strong>.</strong></span> <span class='ocrx_word' id='word_1_587' title='bbox 3069 3988 3157 4034; x_wconf 82' lang='grc' dir='ltr'>καί</span> <span class='ocrx_word' id='word_1_588' title='bbox 3225 3980 3286 4040; x_wconf 74' lang='grc' dir='ltr'>ἦν</span> 
     </span>
    </p>
   </div>
   <div class='ocr_carea' id='block_1_88' title="bbox 2560 4071 4167 4147">
    <p class='ocr_par' dir='ltr' id='par_1_88' title="bbox 2560 4071 4167 4147">
     <span class='ocr_line' id='line_1_88' title="bbox 2560 4071 4167 4147; baseline 0.001 -22"><span class='ocrx_word' id='word_1_589' title='bbox 2560 4078 2648 4134; x_wconf 80' lang='grc' dir='ltr'>τὰς</span> <span class='ocrx_word' id='word_1_590' title='bbox 2721 4077 2917 4147; x_wconf 72' lang='grc' dir='ltr'>ἡμέρας</span> <span class='ocrx_word' id='word_1_591' title='bbox 2990 4074 3251 4146; x_wconf 79' lang='grc' dir='ltr'>Σαλομὼν.</span> <span class='ocrx_word' id='word_1_592' title='bbox 3310 4078 3474 4125; x_wconf 80' lang='grc' dir='ltr'>Σατὰν</span> <span class='ocrx_word' id='word_1_593' title='bbox 3541 4071 3600 4126; x_wconf 75' lang='grc' dir='ltr'>δὲ</span> <span class='ocrx_word' id='word_1_594' title='bbox 3649 4077 3735 4126; x_wconf 86' lang='grc' dir='ltr'>τὸν</span> <span class='ocrx_word' id='word_1_595' title='bbox 3824 4073 4167 4142; x_wconf 80' lang='grc' dir='ltr'>ἀντικείμενον</span> 
     </span>
    </p>
   </div>
   <div class='ocr_carea' id='block_1_89' title="bbox 3030 3892 4169 3966">
    <p class='ocr_par' dir='ltr' id='par_1_89' title="bbox 3030 3892 4169 3966">
     <span class='ocr_line' id='line_1_89' title="bbox 3030 3892 4169 3966; baseline 0.001 -22"><span class='ocrx_word' id='word_1_596' title='bbox 3030 3898 3446 3965; x_wconf 76' lang='grc' dir='ltr'>συστρέμματος,</span> <span class='ocrx_word' id='word_1_597' title='bbox 3557 3898 3648 3944; x_wconf 80' lang='lat' dir='ltr'>xui</span> <span class='ocrx_word' id='word_1_598' title='bbox 3759 3892 4169 3966; x_wconf 75' lang='grc' dir='ltr'>προχατελὰϐετο</span> 
     </span>
    </p>
   </div>
   <div class='ocr_carea' id='block_1_90' title="bbox 3381 3983 4170 4056">
    <p class='ocr_par' dir='ltr' id='par_1_90' title="bbox 3381 3983 4170 4056">
     <span class='ocr_line' id='line_1_90' title="bbox 3381 3983 4170 4056; baseline 0.003 -22"><span class='ocrx_word' id='word_1_599' title='bbox 3381 3985 3544 4034; x_wconf 81' lang='grc' dir='ltr'>σατὰν</span> <span class='ocrx_word' id='word_1_600' title='bbox 3603 3992 3675 4054; x_wconf 84' lang='grc' dir='ltr'>τῷ</span> <span class='ocrx_word' id='word_1_601' title='bbox 3726 3983 3941 4056; x_wconf 79' lang='grc' dir='ltr'>Ἰσραὴλ</span> <span class='ocrx_word' id='word_1_602' title='bbox 3993 3986 4170 4045; x_wconf 86' lang='grc' dir='ltr'>ποίσας</span> 
     </span>
    </p>
   </div>
   <div class='ocr_carea' id='block_1_91' title="bbox 2563 4163 3094 4235">
    <p class='ocr_par' dir='ltr' id='par_1_91' title="bbox 2563 4163 3094 4235">
     <span class='ocr_line' id='line_1_91' title="bbox 2563 4163 3094 4235; baseline 0.002 -20"><span class='ocrx_word' id='word_1_603' title='bbox 2563 4185 2627 4234; x_wconf 77' lang='grc' dir='ltr'>φη</span> <span class='ocrx_word' id='word_1_604' title='bbox 2639 4184 2692 4215; x_wconf 86' lang='grc' dir='ltr'>σι</span> <span class='ocrx_word' id='word_1_605' title='bbox 2718 4168 2806 4215; x_wconf 81' lang='grc' dir='ltr'>καί</span> <span class='ocrx_word' id='word_1_606' title='bbox 2832 4163 3094 4235; x_wconf 84' lang='grc' dir='ltr'>πολέμιον.</span> 
     </span>
    </p>
   </div>
   <div class='ocr_carea' id='block_1_92' title="bbox 2635 4249 4169 4326">
    <p class='ocr_par' dir='ltr' id='par_1_92' title="bbox 2635 4249 4169 4326">
     <span class='ocr_line' id='line_1_92' title="bbox 2635 4249 4169 4326; baseline 0.001 -22"><span class='ocrx_word' id='word_1_607' title='bbox 2635 4254 2765 4326; x_wconf 73' lang='grc' dir='ltr'>Ἐρῶ</span> <span class='ocrx_word' id='word_1_608' title='bbox 2803 4249 2860 4304; x_wconf 76' lang='grc' dir='ltr'>δὲ</span> <span class='ocrx_word' id='word_1_609' title='bbox 2899 4272 2983 4304; x_wconf 88' lang='grc' dir='ltr'>σοι</span> <span class='ocrx_word' id='word_1_610' title='bbox 3013 4257 3103 4304; x_wconf 85' lang='grc' dir='ltr'>καί</span> <span class='ocrx_word' id='word_1_611' title='bbox 3146 4257 3265 4325; x_wconf 84' lang='grc' dir='ltr'>περί</span> <span class='ocrx_word' id='word_1_612' title='bbox 3324 4262 3415 4312; x_wconf 81' lang='grc' dir='ltr'>τῆς</span> <span class='ocrx_word' id='word_1_613' title='bbox 3473 4249 3812 4313; x_wconf 76' lang='grc' dir='ltr'>δικαιοσύνης</span> <span class='ocrx_word' id='word_1_614' title='bbox 3867 4261 3958 4305; x_wconf 82' lang='grc' dir='ltr'>τοῦ</span> <span class='ocrx_word' id='word_1_615' title='bbox 4016 4254 4169 4305; x_wconf 87' lang='grc' dir='ltr'>Σαλο-</span> 
     </span>
    </p>
   </div>
   <div class='ocr_carea' id='block_1_93' title="bbox 2797 4339 4165 4415">
    <p class='ocr_par' dir='ltr' id='par_1_93' title="bbox 2797 4339 4165 4415">
     <span class='ocr_line' id='line_1_93' title="bbox 2797 4339 4165 4415; baseline -0.001 -22"><span class='ocrx_word' id='word_1_616' title='bbox 2797 4341 2988 4415; x_wconf 81' lang='grc' dir='ltr'>μαλλον</span> <span class='ocrx_word' id='word_1_617' title='bbox 3043 4339 3102 4393; x_wconf 74' lang='grc' dir='ltr'>δὲ</span> <span class='ocrx_word' id='word_1_618' title='bbox 3152 4342 3246 4393; x_wconf 75' lang='grc' dir='ltr'>οὐκ</span> <span class='ocrx_word' id='word_1_619' title='bbox 3310 4343 3428 4413; x_wconf 75' lang='grc' dir='ltr'>ἐγὼ,</span> <span class='ocrx_word' id='word_1_620' title='bbox 3484 4341 3593 4393; x_wconf 81' lang='grc' dir='ltr'>ἀλλ’</span> <span class='ocrx_word' id='word_1_621' title='bbox 3648 4345 3678 4400; x_wconf 81' lang='grc' dir='ltr'>η</span> <span class='ocrx_word' id='word_1_622' title='bbox 3739 4363 3839 4394; x_wconf 82' lang='grc' dir='ltr'>των</span> <span class='ocrx_word' id='word_1_623' title='bbox 3884 4344 4165 4394; x_wconf 82' lang='grc' dir='ltr'>Βασιλειών</span> 
     </span>
    </p>
   </div>
   <div class='ocr_carea' id='block_1_94' title="bbox 2560 4365 2738 4415">
    <p class='ocr_par' dir='ltr' id='par_1_94' title="bbox 2560 4365 2738 4415">
     <span class='ocr_line' id='line_1_94' title="bbox 2560 4365 2738 4415; baseline -0.006 -22"><span class='ocrx_word' id='word_1_624' title='bbox 2560 4365 2667 4415; x_wconf 85' lang='grc' dir='ltr'>μων</span> <span class='ocrx_word' id='word_1_625' title='bbox 2726 4365 2738 4375; x_wconf 89' lang='grc'>⁶</span> 
     </span>
    </p>
   </div>
   <div class='ocr_carea' id='block_1_95' title="bbox 2561 4430 4164 4504">
    <p class='ocr_par' dir='ltr' id='par_1_95' title="bbox 2561 4430 4164 4504">
     <span class='ocr_line' id='line_1_95' title="bbox 2561 4430 4164 4504; baseline 0 -21"><span class='ocrx_word' id='word_1_626' title='bbox 2561 4431 2743 4503; x_wconf 75' lang='grc' dir='ltr'>βίϐλος</span> <span class='ocrx_word' id='word_1_627' title='bbox 2804 4453 2814 4464; x_wconf 78' lang='grc' dir='ltr'><strong>ο</strong></span> <span class='ocrx_word' id='word_1_628' title='bbox 2871 4437 2970 4484; x_wconf 80' lang='grc' dir='ltr'>Καί</span> <span class='ocrx_word' id='word_1_629' title='bbox 3017 4430 3261 4488; x_wconf 77' lang='grc' dir='ltr'>ἐλάλησεν</span> <span class='ocrx_word' id='word_1_630' title='bbox 3320 4433 3344 4482; x_wconf 93' lang='lat'>6</span> <span class='ocrx_word' id='word_1_631' title='bbox 3402 4431 3524 4491; x_wconf 82' lang='grc' dir='ltr'>λαός</span> <span class='ocrx_word' id='word_1_632' title='bbox 3606 4435 3737 4503; x_wconf 85' lang='grc' dir='ltr'>πρὸς</span> <span class='ocrx_word' id='word_1_633' title='bbox 3794 4435 3878 4484; x_wconf 82' lang='grc' dir='ltr'>τὸν</span> <span class='ocrx_word' id='word_1_634' title='bbox 3939 4431 4164 4504; x_wconf 80' lang='grc' dir='ltr'>βασιλέα</span> 
     </span>
    </p>
   </div>
   <div class='ocr_carea' id='block_1_96' title="bbox 2557 4520 4161 4596">
    <p class='ocr_par' dir='ltr' id='par_1_96' title="bbox 2557 4520 4161 4596">
     <span class='ocr_line' id='line_1_96' title="bbox 2557 4520 4161 4596; baseline -0.001 -23"><span class='ocrx_word' id='word_1_635' title='bbox 2557 4521 2802 4593; x_wconf 71' lang='grc' dir='ltr'>Ῥοϐοάμ,</span> <span class='ocrx_word' id='word_1_636' title='bbox 2889 4521 3116 4592; x_wconf 74' lang='grc' dir='ltr'>λέγοντες</span> <span class='ocrx_word' id='word_1_637' title='bbox 3170 4538 3183 4551; x_wconf 92' lang='grc'><strong>·</strong></span> <span class='ocrx_word' id='word_1_638' title='bbox 3242 4520 3300 4572; x_wconf 72' lang='grc' dir='ltr'><strong>Ὀ</strong></span> <span class='ocrx_word' id='word_1_639' title='bbox 3368 4526 3541 4592; x_wconf 80' lang='grc' dir='ltr'>πατὴρ</span> <span class='ocrx_word' id='word_1_640' title='bbox 3625 4541 3720 4573; x_wconf 94' lang='grc' dir='ltr'>σου</span> <span class='ocrx_word' id='word_1_641' title='bbox 3801 4520 4015 4596; x_wconf 77' lang='grc' dir='ltr'>ἐϐάρυνε</span> <span class='ocrx_word' id='word_1_642' title='bbox 4073 4527 4161 4573; x_wconf 80' lang='grc' dir='ltr'>τὸν</span> 
     </span>
    </p>
   </div>
   <div class='ocr_carea' id='block_1_97' title="bbox 785 4603 2549 4684">
    <p class='ocr_par' dir='ltr' id='par_1_97' title="bbox 785 4603 2522 4679">
     <span class='ocr_line' id='line_1_97' title="bbox 785 4603 2522 4679; baseline -0.013 -1"><span class='ocrx_word' id='word_1_643' title='bbox 785 4626 990 4678; x_wconf 89' lang='lat' dir='ltr'>autem</span> <span class='ocrx_word' id='word_1_644' title='bbox 1025 4615 1300 4671; x_wconf 85' lang='lat' dir='ltr'>Roboam</span> <span class='ocrx_word' id='word_1_645' title='bbox 1321 4611 1431 4666; x_wconf 87' lang='lat' dir='ltr'>fuit</span> <span class='ocrx_word' id='word_1_646' title='bbox 1461 4608 1789 4676; x_wconf 90' lang='lat' dir='ltr'>Salomon).</span> <span class='ocrx_word' id='word_1_647' title='bbox 1822 4609 1906 4661; x_wconf 86' lang='lat' dir='ltr'>Tu</span> <span class='ocrx_word' id='word_1_648' title='bbox 1939 4610 2143 4679; x_wconf 83' lang='lat' dir='ltr'>itaque</span> <span class='ocrx_word' id='word_1_649' title='bbox 2163 4625 2320 4664; x_wconf 83' lang='lat' dir='ltr'>nunc</span> <span class='ocrx_word' id='word_1_650' title='bbox 2340 4611 2445 4664; x_wconf 87' lang='lat' dir='ltr'>im-</span> <span class='ocrx_word' id='word_1_651' title='bbox 2482 4603 2522 4655; x_wconf 93' lang='lat' dir='ltr'><strong>D</strong></span> 
     </span>
    </p>
   </div>
   <div class='ocr_carea' id='block_1_98' title="bbox 2396 4603 4160 4684">
    <p class='ocr_par' dir='ltr' id='par_1_98' title="bbox 2396 4603 4160 4684">
     <span class='ocr_line' id='line_1_98' title="bbox 2396 4603 4160 4684; baseline -0.001 -20"><span class='ocrx_word' id='word_1_652' title='bbox 2396 4626 2445 4664; x_wconf 76' lang='lat'>&#39;1-</span> <span class='ocrx_word' id='word_1_653' title='bbox 2482 4603 2522 4655; x_wconf 83' lang='lat' dir='ltr'><strong>D</strong></span> <span class='ocrx_word' id='word_1_654' title='bbox 2555 4611 2726 4662; x_wconf 83' lang='grc' dir='ltr'>κλοιὸν</span> <span class='ocrx_word' id='word_1_655' title='bbox 2756 4613 2902 4683; x_wconf 79' lang='grc' dir='ltr'>ημῶν</span> <span class='ocrx_word' id='word_1_656' title='bbox 2935 4625 2948 4640; x_wconf 76' lang='grc'><strong><em>⁸</em></strong></span> <span class='ocrx_word' id='word_1_657' title='bbox 2983 4615 3156 4684; x_wconf 78' lang='grc' dir='ltr'>πατὴρ</span> <span class='ocrx_word' id='word_1_658' title='bbox 3217 4607 3276 4662; x_wconf 75' lang='grc' dir='ltr'>δὲ</span> <span class='ocrx_word' id='word_1_659' title='bbox 3336 4617 3428 4662; x_wconf 77' lang='grc' dir='ltr'>τοῦ</span> <span class='ocrx_word' id='word_1_660' title='bbox 3475 4609 3695 4682; x_wconf 75' lang='grc' dir='ltr'>Ῥοϐοάμ</span> <span class='ocrx_word' id='word_1_661' title='bbox 3745 4611 3999 4684; x_wconf 80' lang='grc' dir='ltr'>Σολομὼν.</span> <span class='ocrx_word' id='word_1_662' title='bbox 4059 4617 4160 4665; x_wconf 80' lang='lat' dir='ltr'>Kui</span> 
     </span>
    </p>
   </div>
   <div class='ocr_carea' id='block_1_99' title="bbox 783 4698 2443 4777">
    <p class='ocr_par' dir='ltr' id='par_1_99' title="bbox 783 4698 2443 4777">
     <span class='ocr_line' id='line_1_99' title="bbox 783 4698 2443 4777; baseline -0.008 -9"><span class='ocrx_word' id='word_1_663' title='bbox 783 4714 988 4769; x_wconf 88' lang='lat' dir='ltr'>minue</span> <span class='ocrx_word' id='word_1_664' title='bbox 1013 4704 1334 4777; x_wconf 82' lang='lat' dir='ltr'>paululum</span> <span class='ocrx_word' id='word_1_665' title='bbox 1365 4700 1438 4755; x_wconf 83' lang='lat' dir='ltr'>de</span> <span class='ocrx_word' id='word_1_666' title='bbox 1462 4699 1710 4766; x_wconf 83' lang='lat' dir='ltr'>imperio</span> <span class='ocrx_word' id='word_1_667' title='bbox 1719 4699 2020 4766; x_wconf 84' lang='lat' dir='ltr'>patristui</span> <span class='ocrx_word' id='word_1_668' title='bbox 2041 4698 2358 4754; x_wconf 83' lang='lat' dir='ltr'>durissimo</span> <span class='ocrx_word' id='word_1_669' title='bbox 2388 4705 2443 4754; x_wconf 88' lang='lat' dir='ltr'>et</span> 
     </span>
    </p>
   </div>
   <div class='ocr_carea' id='block_1_100' title="bbox 781 4787 2438 4874">
    <p class='ocr_par' dir='ltr' id='par_1_100' title="bbox 781 4787 2438 4874">
     <span class='ocr_line' id='line_1_100' title="bbox 781 4787 2438 4874; baseline -0.011 -16"><span class='ocrx_word' id='word_1_670' title='bbox 781 4800 1135 4874; x_wconf 83' lang='lat' dir='ltr'>gravissimo</span> <span class='ocrx_word' id='word_1_671' title='bbox 1145 4796 1320 4864; x_wconf 84' lang='lat' dir='ltr'>jugo,</span> <span class='ocrx_word' id='word_1_672' title='bbox 1361 4789 1520 4860; x_wconf 84' lang='lat' dir='ltr'>quod</span> <span class='ocrx_word' id='word_1_673' title='bbox 1538 4789 1662 4854; x_wconf 83' lang='lat' dir='ltr'>ipse</span> <span class='ocrx_word' id='word_1_674' title='bbox 1682 4788 1961 4856; x_wconf 81' lang='lat' dir='ltr'>imposuit</span> <span class='ocrx_word' id='word_1_675' title='bbox 1977 4787 2144 4841; x_wconf 81' lang='lat' dir='ltr'>nobis</span> <span class='ocrx_word' id='word_1_676' title='bbox 2158 4789 2295 4858; x_wconf 91' lang='grc'>(40).</span> <span class='ocrx_word' id='word_1_677' title='bbox 2320 4793 2438 4843; x_wconf 84' lang='lat' dir='ltr'>Au-</span> 
     </span>
    </p>
   </div>
   <div class='ocr_carea' id='block_1_101' title="bbox 780 4875 2438 4957">
    <p class='ocr_par' dir='ltr' id='par_1_101' title="bbox 780 4875 2438 4957">
     <span class='ocr_line' id='line_1_101' title="bbox 780 4875 2438 4957; baseline -0.01 -9"><span class='ocrx_word' id='word_1_678' title='bbox 780 4892 953 4948; x_wconf 89' lang='lat' dir='ltr'>disne</span> <span class='ocrx_word' id='word_1_679' title='bbox 983 4884 1312 4957; x_wconf 89' lang='lat' dir='ltr'>gratiarum</span> <span class='ocrx_word' id='word_1_680' title='bbox 1325 4879 1778 4947; x_wconf 88' lang='lat' dir='ltr'>actiones,quas</span> <span class='ocrx_word' id='word_1_681' title='bbox 1793 4875 2074 4932; x_wconf 87' lang='lat' dir='ltr'>Salomon</span> <span class='ocrx_word' id='word_1_682' title='bbox 2106 4875 2438 4947; x_wconf 88' lang='lat' dir='ltr'>recipitpro</span> 
     </span>
    </p>
   </div>
   <div class='ocr_carea' id='block_1_102' title="bbox 782 4965 2438 5048">
    <p class='ocr_par' dir='ltr' id='par_1_102' title="bbox 782 4965 2438 5048">
     <span class='ocr_line' id='line_1_102' title="bbox 782 4965 2438 5048; baseline -0.01 -10"><span class='ocrx_word' id='word_1_683' title='bbox 782 4998 892 5038; x_wconf 92' lang='lat' dir='ltr'>sua</span> <span class='ocrx_word' id='word_1_684' title='bbox 920 4994 1063 5048; x_wconf 90' lang='lat' dir='ltr'>erga</span> <span class='ocrx_word' id='word_1_685' title='bbox 1097 4971 1381 5047; x_wconf 90' lang='lat' dir='ltr'>populum</span> <span class='ocrx_word' id='word_1_686' title='bbox 1403 4967 1631 5039; x_wconf 87' lang='lat' dir='ltr'>justitia</span> <span class='ocrx_word' id='word_1_687' title='bbox 1657 4967 1684 5021; x_wconf 87' lang='lat'>‘?</span> <span class='ocrx_word' id='word_1_688' title='bbox 1713 4966 1876 5021; x_wconf 85' lang='lat' dir='ltr'>Adeo</span> <span class='ocrx_word' id='word_1_689' title='bbox 1903 4971 1967 5021; x_wconf 94' lang='lat' dir='ltr'>ut</span> <span class='ocrx_word' id='word_1_690' title='bbox 1991 4965 2127 5038; x_wconf 89' lang='lat' dir='ltr'>ipsa</span> <span class='ocrx_word' id='word_1_691' title='bbox 2191 4982 2438 5039; x_wconf 89' lang='lat' dir='ltr'>quoque</span> 
     </span>
    </p>
   </div>
   <div class='ocr_carea' id='block_1_103' title="bbox 779 5054 2437 5146">
    <p class='ocr_par' dir='ltr' id='par_1_103' title="bbox 779 5054 2437 5146">
     <span class='ocr_line' id='line_1_103' title="bbox 779 5054 2437 5146; baseline -0.011 -18"><span class='ocrx_word' id='word_1_692' title='bbox 779 5069 989 5146; x_wconf 91' lang='lat' dir='ltr'>populi</span> <span class='ocrx_word' id='word_1_693' title='bbox 1014 5063 1266 5123; x_wconf 83' lang='lat' dir='ltr'>defectio</span> <span class='ocrx_word' id='word_1_694' title='bbox 1288 5061 1367 5116; x_wconf 92' lang='lat' dir='ltr'>ad</span> <span class='ocrx_word' id='word_1_695' title='bbox 1421 5056 1778 5123; x_wconf 90' lang='lat' dir='ltr'>Samariam,</span> <span class='ocrx_word' id='word_1_696' title='bbox 1846 5062 1902 5110; x_wconf 90' lang='lat' dir='ltr'>et</span> <span class='ocrx_word' id='word_1_697' title='bbox 1922 5054 2003 5109; x_wconf 82' lang='lat' dir='ltr'>ad</span> <span class='ocrx_word' id='word_1_698' title='bbox 2052 5054 2270 5110; x_wconf 90' lang='lat' dir='ltr'>vitulos</span> <span class='ocrx_word' id='word_1_699' title='bbox 2326 5057 2437 5127; x_wconf 83' lang='grc'>(42)</span> 
     </span>
    </p>
   </div>
   <div class='ocr_carea' id='block_1_104' title="bbox 849 5215 2436 5304">
    <p class='ocr_par' dir='ltr' id='par_1_104' title="bbox 849 5215 2436 5304">
     <span class='ocr_line' id='line_1_104' title="bbox 849 5215 2436 5304; baseline -0.02 -14"><span class='ocrx_word' id='word_1_700' title='bbox 849 5232 960 5304; x_wconf 83' lang='grc'>(35)</span> <span class='ocrx_word' id='word_1_701' title='bbox 993 5233 1105 5304; x_wconf 79' lang='lat' dir='ltr'>Isa.</span> <span class='ocrx_word' id='word_1_702' title='bbox 1137 5240 1263 5304; x_wconf 54' lang='lat' dir='ltr'>1.x},</span> <span class='ocrx_word' id='word_1_703' title='bbox 1302 5226 1363 5276; x_wconf 77' lang='grc'>15</span> <span class='ocrx_word' id='word_1_704' title='bbox 1381 5235 1505 5304; x_wconf 67' lang='lat' dir='ltr'>sec.</span> <span class='ocrx_word' id='word_1_705' title='bbox 1539 5218 1663 5273; x_wconf 85' lang='lat' dir='ltr'>LXX</span> <span class='ocrx_word' id='word_1_706' title='bbox 1690 5235 1703 5282; x_wconf 90' lang='lat'><strong>;</strong></span> <span class='ocrx_word' id='word_1_707' title='bbox 1750 5232 1894 5271; x_wconf 92' lang='lat' dir='ltr'>nam</span> <span class='ocrx_word' id='word_1_708' title='bbox 1922 5215 2223 5304; x_wconf 48' lang='lat' dir='ltr'>’V‘ulgatus</span> <span class='ocrx_word' id='word_1_709' title='bbox 2288 5217 2436 5304; x_wconf 30' lang='lat'>[1341-</span> 
     </span>
    </p>
   </div>
   <div class='ocr_carea' id='block_1_105' title="bbox 775 5288 2438 5376">
    <p class='ocr_par' dir='ltr' id='par_1_105' title="bbox 775 5288 2438 5376">
     <span class='ocr_line' id='line_1_105' title="bbox 775 5288 2438 5376; baseline -0.012 -12"><span class='ocrx_word' id='word_1_710' title='bbox 775 5288 895 5364; x_wconf 68' lang='lat' dir='ltr'>nus</span> <span class='ocrx_word' id='word_1_711' title='bbox 924 5288 1109 5376; x_wconf 83' lang='lat' dir='ltr'>paulo</span> <span class='ocrx_word' id='word_1_712' title='bbox 1135 5297 1303 5376; x_wconf 73' lang='lat' dir='ltr'>aliter</span> <span class='ocrx_word' id='word_1_713' title='bbox 1319 5313 1354 5376; x_wconf 35' lang='grc' dir='ltr'>’τ’</span> <span class='ocrx_word' id='word_1_714' title='bbox 1370 5295 1589 5376; x_wconf 74' lang='lat' dir='ltr'>Servos</span> <span class='ocrx_word' id='word_1_715' title='bbox 1604 5305 1741 5344; x_wconf 86' lang='lat' dir='ltr'>suos</span> <span class='ocrx_word' id='word_1_716' title='bbox 1764 5288 1995 5376; x_wconf 62' lang='lat' dir='ltr'>uocabit</span> <span class='ocrx_word' id='word_1_717' title='bbox 2021 5290 2400 5376; x_wconf 68' lang='lat' dir='ltr'>nqmineatio</span> <span class='ocrx_word' id='word_1_718' title='bbox 2416 5305 2438 5359; x_wconf 89' lang='grc'>,·</span> 
     </span>
    </p>
   </div>
   <div class='ocr_carea' id='block_1_106' title="bbox 773 5360 2438 5449">
    <p class='ocr_par' dir='ltr' id='par_1_106' title="bbox 773 5360 2438 5449">
     <span class='ocr_line' id='line_1_106' title="bbox 773 5360 2438 5449; baseline -0.012 -12"><span class='ocrx_word' id='word_1_719' title='bbox 773 5360 984 5449; x_wconf 8' lang='lat' dir='ltr'>iniquo</span> <span class='ocrx_word' id='word_1_720' title='bbox 1012 5374 1116 5446; x_wconf 89' lang='lat' dir='ltr'>qui</span> <span class='ocrx_word' id='word_1_721' title='bbox 1145 5367 1483 5425; x_wconf 82' lang='lat' dir='ltr'>benedictus</span> <span class='ocrx_word' id='word_1_722' title='bbox 1506 5367 2040 5430; x_wconf 81' lang='lat' dir='ltr'>estsuperterram,</span> <span class='ocrx_word' id='word_1_723' title='bbox 2058 5360 2438 5417; x_wconf 80' lang='lat' dir='ltr'>benedicetur</span> 
     </span>
    </p>
   </div>
   <div class='ocr_carea' id='block_1_107' title="bbox 773 5452 2434 5593">
    <p class='ocr_par' dir='ltr' id='par_1_107' title="bbox 773 5452 2434 5593">
     <span class='ocr_line' id='line_1_107' title="bbox 773 5452 1243 5514; baseline -0.026 -6"><span class='ocrx_word' id='word_1_724' title='bbox 773 5469 836 5508; x_wconf 79' lang='grc' dir='ltr'>ιη</span> <span class='ocrx_word' id='word_1_725' title='bbox 874 5452 1016 5514; x_wconf 88' lang='lat' dir='ltr'>Deo,</span> <span class='ocrx_word' id='word_1_726' title='bbox 1047 5457 1243 5502; x_wconf 88' lang='lat' dir='ltr'>amen.</span> 
     </span>
     <span class='ocr_line' id='line_1_108' title="bbox 842 5503 2434 5593; baseline -0.013 -14"><span class='ocrx_word' id='word_1_727' title='bbox 842 5521 958 5593; x_wconf 87' lang='lat'>(36)</span> <span class='ocrx_word' id='word_1_728' title='bbox 982 5514 1203 5574; x_wconf 81' lang='lat' dir='ltr'>Referri</span> <span class='ocrx_word' id='word_1_729' title='bbox 1230 5514 1349 5570; x_wconf 93' lang='lat' dir='ltr'>huc</span> <span class='ocrx_word' id='word_1_730' title='bbox 1379 5511 1636 5581; x_wconf 87' lang='lat' dir='ltr'>possunt</span> <span class='ocrx_word' id='word_1_731' title='bbox 1667 5521 1804 5578; x_wconf 70' lang='lat' dir='ltr'>quea</span> <span class='ocrx_word' id='word_1_732' title='bbox 1831 5503 2113 5576; x_wconf 86' lang='lat' dir='ltr'>leguntur</span> <span class='ocrx_word' id='word_1_733' title='bbox 2158 5506 2270 5560; x_wconf 90' lang='lat' dir='ltr'>Isa.</span> <span class='ocrx_word' id='word_1_734' title='bbox 2303 5521 2434 5576; x_wconf 80' lang='lat' dir='ltr'><strong>LXII,</strong></span> 
     </span>
    </p>
   </div>
   <div class='ocr_carea' id='block_1_108' title="bbox 765 5600 1321 5741">
    <p class='ocr_par' dir='ltr' id='par_1_108' title="bbox 765 5600 1321 5741">
     <span class='ocr_line' id='line_1_109' title="bbox 765 5600 940 5669; baseline -0.006 -18"><span class='ocrx_word' id='word_1_735' title='bbox 765 5601 820 5669; x_wconf 88' lang='lat'>2,</span> <span class='ocrx_word' id='word_1_736' title='bbox 854 5600 940 5653; x_wconf 79' lang='lat' dir='ltr'>l2.</span> 
     </span>
     <span class='ocr_line' id='line_1_110' title="bbox 841 5660 1321 5741; baseline -0.01 -24"><span class='ocrx_word' id='word_1_737' title='bbox 841 5668 951 5741; x_wconf 84' lang='lat'>(3‘7)</span> <span class='ocrx_word' id='word_1_738' title='bbox 984 5660 1140 5741; x_wconf 55' lang='lat' dir='ltr'>Rsal.</span> <span class='ocrx_word' id='word_1_739' title='bbox 1161 5675 1238 5725; x_wconf 85' lang='lat' dir='ltr'>1v,</span> <span class='ocrx_word' id='word_1_740' title='bbox 1264 5661 1321 5712; x_wconf 88' lang='lat'>‘7.</span> 
     </span>
    </p>
   </div>
   <div class='ocr_carea' id='block_1_109' title="bbox 840 5733 1409 5815">
    <p class='ocr_par' dir='ltr' id='par_1_109' title="bbox 840 5733 1409 5815">
     <span class='ocr_line' id='line_1_111' title="bbox 840 5733 1409 5815; baseline -0.021 -20"><span class='ocrx_word' id='word_1_741' title='bbox 840 5733 957 5815; x_wconf 85' lang='lat'>(38)</span> <span class='ocrx_word' id='word_1_742' title='bbox 987 5733 1141 5793; x_wconf 89' lang='lat' dir='ltr'>Psal.</span> <span class='ocrx_word' id='word_1_743' title='bbox 1170 5745 1322 5800; x_wconf 77' lang='lat' dir='ltr'>Lm,</span> <span class='ocrx_word' id='word_1_744' title='bbox 1353 5733 1409 5784; x_wconf 94' lang='lat'>7.</span> 
     </span>
    </p>
   </div>
   <div class='ocr_carea' id='block_1_110' title="bbox 2556 4697 4159 4776">
    <p class='ocr_par' dir='ltr' id='par_1_110' title="bbox 2556 4697 4159 4776">
     <span class='ocr_line' id='line_1_112' title="bbox 2556 4697 4159 4776; baseline 0.001 -24"><span class='ocrx_word' id='word_1_745' title='bbox 2556 4705 2620 4753; x_wconf 83' lang='grc' dir='ltr'>σύ</span> <span class='ocrx_word' id='word_1_746' title='bbox 2671 4709 2760 4752; x_wconf 80' lang='grc' dir='ltr'>νῦν</span> <span class='ocrx_word' id='word_1_747' title='bbox 2826 4703 3074 4772; x_wconf 77' lang='grc' dir='ltr'>κούφισον</span> <span class='ocrx_word' id='word_1_748' title='bbox 3134 4699 3234 4751; x_wconf 80' lang='grc' dir='ltr'>ἀπὸ</span> <span class='ocrx_word' id='word_1_749' title='bbox 3299 4709 3393 4761; x_wconf 81' lang='grc' dir='ltr'>τῆς</span> <span class='ocrx_word' id='word_1_750' title='bbox 3477 4697 3717 4762; x_wconf 78' lang='grc' dir='ltr'>δουλείας</span> <span class='ocrx_word' id='word_1_751' title='bbox 3787 4709 3879 4752; x_wconf 82' lang='grc' dir='ltr'>τοῦ</span> <span class='ocrx_word' id='word_1_752' title='bbox 3957 4706 4159 4776; x_wconf 81' lang='grc' dir='ltr'>πατρὸς</span> 
     </span>
    </p>
   </div>
   <div class='ocr_carea' id='block_1_111' title="bbox 2555 4789 4156 4863">
    <p class='ocr_par' dir='ltr' id='par_1_111' title="bbox 2555 4789 4156 4863">
     <span class='ocr_line' id='line_1_113' title="bbox 2555 4789 4156 4863; baseline 0 -21"><span class='ocrx_word' id='word_1_753' title='bbox 2555 4810 2649 4842; x_wconf 92' lang='grc' dir='ltr'>σου</span> <span class='ocrx_word' id='word_1_754' title='bbox 2721 4799 2816 4852; x_wconf 87' lang='grc' dir='ltr'>τῆς</span> <span class='ocrx_word' id='word_1_755' title='bbox 2867 4789 3115 4863; x_wconf 81' lang='grc' dir='ltr'>σκληρᾶς,</span> <span class='ocrx_word' id='word_1_756' title='bbox 3168 4794 3258 4841; x_wconf 85' lang='lat' dir='ltr'>xui</span> <span class='ocrx_word' id='word_1_757' title='bbox 3314 4789 3418 4841; x_wconf 80' lang='grc' dir='ltr'>ἀπὸ</span> <span class='ocrx_word' id='word_1_758' title='bbox 3476 4797 3570 4841; x_wconf 79' lang='grc' dir='ltr'>τοῦ</span> <span class='ocrx_word' id='word_1_759' title='bbox 3626 4789 3800 4842; x_wconf 72' lang='grc' dir='ltr'>κλοιοῦ</span> <span class='ocrx_word' id='word_1_760' title='bbox 3855 4790 4016 4843; x_wconf 76' lang='grc' dir='ltr'>αὐτοῦ</span> <span class='ocrx_word' id='word_1_761' title='bbox 4065 4798 4156 4842; x_wconf 76' lang='grc' dir='ltr'>τοῦ</span> 
     </span>
    </p>
   </div>
   <div class='ocr_carea' id='block_1_112' title="bbox 2552 4875 4159 4955">
    <p class='ocr_par' dir='ltr' id='par_1_112' title="bbox 2552 4875 4159 4955">
     <span class='ocr_line' id='line_1_114' title="bbox 2552 4875 4159 4955; baseline 0.001 -25"><span class='ocrx_word' id='word_1_762' title='bbox 2552 4877 2761 4950; x_wconf 72' lang='grc' dir='ltr'>βαρέος,</span> <span class='ocrx_word' id='word_1_763' title='bbox 2845 4878 2904 4929; x_wconf 79' lang='grc' dir='ltr'>οὗ</span> <span class='ocrx_word' id='word_1_764' title='bbox 2978 4875 3165 4930; x_wconf 73' lang='grc' dir='ltr'>ἔδωκεν</span> <span class='ocrx_word' id='word_1_765' title='bbox 3246 4880 3390 4950; x_wconf 82' lang='grc' dir='ltr'>ἡμῖν.</span> <span class='ocrx_word' id='word_1_766' title='bbox 3471 4878 3704 4940; x_wconf 80' lang='grc' dir='ltr'>Ἀκούεις</span> <span class='ocrx_word' id='word_1_767' title='bbox 3775 4887 3870 4940; x_wconf 84' lang='grc' dir='ltr'>τῆς</span> <span class='ocrx_word' id='word_1_768' title='bbox 3941 4879 4159 4955; x_wconf 67' lang='grc' dir='ltr'>εὐχαρι-</span> 
     </span>
    </p>
   </div>
   <div class='ocr_carea' id='block_1_113' title="bbox 2550 4967 4158 5041">
    <p class='ocr_par' dir='ltr' id='par_1_113' title="bbox 2550 4967 4158 5041">
     <span class='ocr_line' id='line_1_115' title="bbox 2550 4967 4158 5041; baseline 0.002 -22"><span class='ocrx_word' id='word_1_769' title='bbox 2550 4973 2702 5028; x_wconf 86' lang='grc' dir='ltr'>στίας</span> <span class='ocrx_word' id='word_1_770' title='bbox 2729 4967 2865 5039; x_wconf 75' lang='grc'>(41),</span> <span class='ocrx_word' id='word_1_771' title='bbox 2911 4969 2970 5026; x_wconf 74' lang='grc' dir='ltr'>ἧς</span> <span class='ocrx_word' id='word_1_772' title='bbox 2995 4968 3396 5041; x_wconf 78' lang='grc' dir='ltr'>εύχαριστεῖται</span> <span class='ocrx_word' id='word_1_773' title='bbox 3433 4969 3458 5018; x_wconf 88' lang='lat'>6</span> <span class='ocrx_word' id='word_1_774' title='bbox 3512 4967 3747 5040; x_wconf 78' lang='grc' dir='ltr'>Σολομὼν</span> <span class='ocrx_word' id='word_1_775' title='bbox 3799 4969 4032 5041; x_wconf 82' lang='grc' dir='ltr'>περὶτῆς</span> <span class='ocrx_word' id='word_1_776' title='bbox 4085 4970 4158 5031; x_wconf 84' lang='grc' dir='ltr'>εἰς</span> 
     </span>
    </p>
   </div>
   <div class='ocr_carea' id='block_1_114' title="bbox 2548 5054 4159 5124">
    <p class='ocr_par' dir='ltr' id='par_1_114' title="bbox 2548 5054 4159 5124">
     <span class='ocr_line' id='line_1_116' title="bbox 2548 5054 4159 5124; baseline 0.002 -16"><span class='ocrx_word' id='word_1_777' title='bbox 2548 5061 2633 5108; x_wconf 90' lang='grc' dir='ltr'>τὸν</span> <span class='ocrx_word' id='word_1_778' title='bbox 2659 5057 2778 5108; x_wconf 84' lang='grc' dir='ltr'>λαὸν</span> <span class='ocrx_word' id='word_1_779' title='bbox 2811 5056 2972 5109; x_wconf 83' lang='grc' dir='ltr'>αύτοῡ</span> <span class='ocrx_word' id='word_1_780' title='bbox 3003 5054 3350 5119; x_wconf 79' lang='grc' dir='ltr'>δικαιοσύνης</span> <span class='ocrx_word' id='word_1_781' title='bbox 3382 5074 3396 5124; x_wconf 87' lang='grc'>;</span> <span class='ocrx_word' id='word_1_782' title='bbox 3421 5063 3442 5077; x_wconf 84' lang='grc'>’⁸</span> <span class='ocrx_word' id='word_1_783' title='bbox 3471 5065 3610 5110; x_wconf 83' lang='grc' dir='ltr'>Ωστε</span> <span class='ocrx_word' id='word_1_784' title='bbox 3647 5063 3737 5110; x_wconf 88' lang='lat' dir='ltr'>xui</span> <span class='ocrx_word' id='word_1_785' title='bbox 3768 5059 3798 5114; x_wconf 78' lang='grc' dir='ltr'><strong>ἠ</strong></span> <span class='ocrx_word' id='word_1_786' title='bbox 3851 5057 4159 5112; x_wconf 79' lang='grc' dir='ltr'>ἀποστασία</span> 
     </span>
    </p>
   </div>
   <div class='ocr_carea' id='block_1_115' title="bbox 2617 5220 4158 5345">
    <p class='ocr_par' dir='ltr' id='par_1_115' title="bbox 2617 5220 4158 5345">
     <span class='ocr_line' id='line_1_117' title="bbox 2646 5220 4158 5287; baseline 0.003 -11"><span class='ocrx_word' id='word_1_787' title='bbox 2646 5223 2712 5276; x_wconf 86' lang='grc'>39</span> <span class='ocrx_word' id='word_1_788' title='bbox 2764 5220 2833 5275; x_wconf 91' lang='lat' dir='ltr'>lll</span> <span class='ocrx_word' id='word_1_789' title='bbox 2860 5221 2938 5274; x_wconf 90' lang='lat' dir='ltr'>Re</span> <span class='ocrx_word' id='word_1_790' title='bbox 2989 5236 3109 5286; x_wconf 80' lang='lat' dir='ltr'>.lx,</span> <span class='ocrx_word' id='word_1_791' title='bbox 3148 5224 3230 5287; x_wconf 79' lang='grc'>14,</span> <span class='ocrx_word' id='word_1_792' title='bbox 3261 5236 3375 5276; x_wconf 92' lang='lat' dir='ltr'>sec.</span> <span class='ocrx_word' id='word_1_793' title='bbox 3406 5221 3543 5275; x_wconf 85' lang='lat' dir='ltr'>LXX</span> <span class='ocrx_word' id='word_1_794' title='bbox 3582 5220 4004 5286; x_wconf 84' lang='lat' dir='ltr'>versionem,a</span> <span class='ocrx_word' id='word_1_795' title='bbox 4077 5239 4158 5280; x_wconf 90' lang='lat' dir='ltr'>ua</span> 
     </span>
     <span class='ocr_line' id='line_1_118' title="bbox 2617 5220 4152 5345; baseline 0 0"><span class='ocrx_word' id='word_1_796' title='bbox 2617 5220 2723 5345; x_wconf 54' lang='grc' dir='ltr'>λάε</span> <span class='ocrx_word' id='word_1_797' title='bbox 2737 5291 2834 5345; x_wconf 91' lang='lat' dir='ltr'>hic</span> <span class='ocrx_word' id='word_1_798' title='bbox 2849 5235 3046 5345; x_wconf 67' lang='lat' dir='ltr'>diﬂgert</span> <span class='ocrx_word' id='word_1_799' title='bbox 3058 5293 3310 5345; x_wconf 68' lang='lat' dir='ltr'>Vulgata</span> <span class='ocrx_word' id='word_1_800' title='bbox 3337 5293 3543 5345; x_wconf 88' lang='lat' dir='ltr'>Latina</span> <span class='ocrx_word' id='word_1_801' title='bbox 3558 5291 3732 5345; x_wconf 85' lang='lat' dir='ltr'>.adeo</span> <span class='ocrx_word' id='word_1_802' title='bbox 3755 5297 3818 5345; x_wconf 94' lang='lat' dir='ltr'>ut</span> <span class='ocrx_word' id='word_1_803' title='bbox 3836 5307 4000 5345; x_wconf 92' lang='lat' dir='ltr'>nonn</span> <span class='ocrx_word' id='word_1_804' title='bbox 4011 5239 4152 5345; x_wconf 63' lang='lat' dir='ltr'>tilla-</span> 
     </span>
    </p>
   </div>
   <div class='ocr_carea' id='block_1_116' title="bbox 2546 5291 4152 5363">
    <p class='ocr_par' dir='ltr' id='par_1_116' title="bbox 2546 5291 4152 5363">
     <span class='ocr_line' id='line_1_119' title="bbox 2546 5291 4152 5363; baseline 0.003 -18"><span class='ocrx_word' id='word_1_805' title='bbox 2546 5291 2723 5347; x_wconf 90' lang='lat' dir='ltr'>valde</span> <span class='ocrx_word' id='word_1_806' title='bbox 2737 5291 2834 5346; x_wconf 92' lang='lat' dir='ltr'>hic</span> <span class='ocrx_word' id='word_1_807' title='bbox 2849 5291 3046 5346; x_wconf 81' lang='lat' dir='ltr'>diﬂert</span> <span class='ocrx_word' id='word_1_808' title='bbox 3058 5293 3310 5363; x_wconf 88' lang='lat' dir='ltr'>Vulgata</span> <span class='ocrx_word' id='word_1_809' title='bbox 3337 5293 3543 5347; x_wconf 89' lang='lat' dir='ltr'>Latina</span> <span class='ocrx_word' id='word_1_810' title='bbox 3558 5291 3732 5359; x_wconf 89' lang='lat' dir='ltr'>,adeo</span> <span class='ocrx_word' id='word_1_811' title='bbox 3755 5297 3818 5346; x_wconf 93' lang='lat' dir='ltr'>ut</span> <span class='ocrx_word' id='word_1_812' title='bbox 3836 5291 4152 5362; x_wconf 90' lang='lat' dir='ltr'>nonnulla,</span> 
     </span>
    </p>
   </div>
   <div class='ocr_carea' id='block_1_117' title="bbox 2593 5363 4154 5434">
    <p class='ocr_par' dir='ltr' id='par_1_117' title="bbox 2593 5363 4154 5434">
     <span class='ocr_line' id='line_1_120' title="bbox 2593 5363 4154 5434; baseline 0.003 -16"><span class='ocrx_word' id='word_1_813' title='bbox 2593 5380 2685 5418; x_wconf 68' lang='lat' dir='ltr'>ua:</span> <span class='ocrx_word' id='word_1_814' title='bbox 2712 5364 2876 5434; x_wconf 91' lang='lat' dir='ltr'>apud</span> <span class='ocrx_word' id='word_1_815' title='bbox 2907 5365 3034 5418; x_wconf 85' lang='lat' dir='ltr'>LXX</span> <span class='ocrx_word' id='word_1_816' title='bbox 3055 5363 3170 5419; x_wconf 91' lang='lat' dir='ltr'>hoc</span> <span class='ocrx_word' id='word_1_817' title='bbox 3201 5365 3270 5418; x_wconf 89' lang='grc'>14</span> <span class='ocrx_word' id='word_1_818' title='bbox 3318 5363 3613 5419; x_wconf 87' lang='lat' dir='ltr'>versiculo</span> <span class='ocrx_word' id='word_1_819' title='bbox 3662 5369 4064 5433; x_wconf 81' lang='lat' dir='ltr'>continentur,</span> <span class='ocrx_word' id='word_1_820' title='bbox 4092 5367 4154 5422; x_wconf 90' lang='lat' dir='ltr'>in</span> 
     </span>
    </p>
   </div>
   <div class='ocr_carea' id='block_1_118' title="bbox 2547 5379 3520 5503">
    <p class='ocr_par' dir='ltr' id='par_1_118' title="bbox 2547 5379 3520 5503">
     <span class='ocr_line' id='line_1_121' title="bbox 2547 5379 3520 5488; baseline -0.005 -70"><span class='ocrx_word' id='word_1_821' title='bbox 2547 5379 2685 5488; x_wconf 67' lang='lat' dir='ltr'>qua:</span> <span class='ocrx_word' id='word_1_822' title='bbox 2712 5379 2876 5434; x_wconf 84' lang='lat' dir='ltr'>apud</span> <span class='ocrx_word' id='word_1_823' title='bbox 2907 5379 3034 5418; x_wconf 69' lang='lat' dir='ltr'><strong>LXX</strong></span> <span class='ocrx_word' id='word_1_824' title='bbox 3055 5379 3170 5419; x_wconf 90' lang='lat' dir='ltr'>noc</span> <span class='ocrx_word' id='word_1_825' title='bbox 3201 5379 3270 5418; x_wconf 74' lang='grc'>14</span> <span class='ocrx_word' id='word_1_826' title='bbox 3318 5379 3520 5418; x_wconf 71' lang='lat' dir='ltr'>versxm</span> 
     </span>
     <span class='ocr_line' id='line_1_122' title="bbox 2598 5434 3520 5503; baseline 0 -14"><span class='ocrx_word' id='word_1_827' title='bbox 2598 5435 2797 5503; x_wconf 86' lang='lat' dir='ltr'>ulgata</span> <span class='ocrx_word' id='word_1_828' title='bbox 2824 5434 3102 5503; x_wconf 85' lang='lat' dir='ltr'>legantur</span> <span class='ocrx_word' id='word_1_829' title='bbox 3131 5451 3219 5489; x_wconf 84' lang='lat' dir='ltr'>vv.</span> <span class='ocrx_word' id='word_1_830' title='bbox 3254 5438 3320 5490; x_wconf 92' lang='grc'>23</span> <span class='ocrx_word' id='word_1_831' title='bbox 3354 5439 3411 5490; x_wconf 90' lang='lat' dir='ltr'>et</span> <span class='ocrx_word' id='word_1_832' title='bbox 3433 5439 3520 5491; x_wconf 82' lang='lat'>25.</span> 
     </span>
    </p>
   </div>
   <div class='ocr_carea' id='block_1_119' title="bbox 2620 5507 3574 5578">
    <p class='ocr_par' dir='ltr' id='par_1_119' title="bbox 2620 5507 3574 5578">
     <span class='ocr_line' id='line_1_123' title="bbox 2620 5507 3574 5578; baseline -0.002 -16"><span class='ocrx_word' id='word_1_833' title='bbox 2620 5510 2734 5578; x_wconf 83' lang='grc'>(40)</span> <span class='ocrx_word' id='word_1_834' title='bbox 2760 5509 2824 5561; x_wconf 91' lang='lat' dir='ltr'>Ill</span> <span class='ocrx_word' id='word_1_835' title='bbox 2852 5509 2998 5575; x_wconf 90' lang='lat' dir='ltr'>Reg.</span> <span class='ocrx_word' id='word_1_836' title='bbox 3039 5522 3134 5574; x_wconf 83' lang='lat' dir='ltr'>xn,</span> <span class='ocrx_word' id='word_1_837' title='bbox 3160 5507 3251 5562; x_wconf 86' lang='grc'>3-4</span> <span class='ocrx_word' id='word_1_838' title='bbox 3275 5521 3387 5562; x_wconf 91' lang='lat' dir='ltr'>sec.</span> <span class='ocrx_word' id='word_1_839' title='bbox 3423 5507 3574 5563; x_wconf 83' lang='lat' dir='ltr'><strong>LXX.</strong></span> 
     </span>
    </p>
   </div>
   <div class='ocr_carea' id='block_1_120' title="bbox 2618 5578 3320 5652">
    <p class='ocr_par' dir='ltr' id='par_1_120' title="bbox 2618 5578 3320 5652">
     <span class='ocr_line' id='line_1_124' title="bbox 2618 5578 3320 5652; baseline -0.009 -19"><span class='ocrx_word' id='word_1_840' title='bbox 2618 5579 2731 5652; x_wconf 79' lang='grc'>(41)</span> <span class='ocrx_word' id='word_1_841' title='bbox 2770 5578 2910 5652; x_wconf 82' lang='lat' dir='ltr'>COd_</span> <span class='ocrx_word' id='word_1_842' title='bbox 2929 5578 3320 5652; x_wconf 83' lang='grc' dir='ltr'>εύχαριστείας,</span> 
     </span>
    </p>
   </div>
   <div class='ocr_carea' id='block_1_121' title="bbox 2616 5649 4153 5719">
    <p class='ocr_par' dir='ltr' id='par_1_121' title="bbox 2616 5649 4153 5719">
     <span class='ocr_line' id='line_1_125' title="bbox 2616 5649 4153 5719; baseline 0.005 -14"><span class='ocrx_word' id='word_1_843' title='bbox 2616 5651 2735 5719; x_wconf 79' lang='grc'>(42)</span> <span class='ocrx_word' id='word_1_844' title='bbox 2766 5649 2988 5706; x_wconf 82' lang='lat' dir='ltr'>Vitulos</span> <span class='ocrx_word' id='word_1_845' title='bbox 3026 5649 3243 5706; x_wconf 88' lang='lat' dir='ltr'>aureos</span> <span class='ocrx_word' id='word_1_846' title='bbox 3270 5652 3479 5706; x_wconf 88' lang='lat' dir='ltr'>auctor</span> <span class='ocrx_word' id='word_1_847' title='bbox 3505 5649 3703 5706; x_wconf 90' lang='lat' dir='ltr'>innuit</span> <span class='ocrx_word' id='word_1_848' title='bbox 3746 5664 3783 5707; x_wconf 76' lang='grc' dir='ltr'>δ.</span> <span class='ocrx_word' id='word_1_849' title='bbox 3825 5650 4153 5712; x_wconf 78' lang='lat' dir='ltr'>Jeroboam</span> 
     </span>
    </p>
   </div>
   <div class='ocr_carea' id='block_1_122' title="bbox 2544 5720 3574 5792">
    <p class='ocr_par' dir='ltr' id='par_1_122' title="bbox 2544 5720 3574 5792">
     <span class='ocr_line' id='line_1_126' title="bbox 2544 5720 3574 5792; baseline 0 -15"><span class='ocrx_word' id='word_1_850' title='bbox 2544 5726 2794 5781; x_wconf 82' lang='lat' dir='ltr'>erectos.</span> <span class='ocrx_word' id='word_1_851' title='bbox 2823 5721 2967 5778; x_wconf 86' lang='lat' dir='ltr'>Vide</span> <span class='ocrx_word' id='word_1_852' title='bbox 2995 5720 3071 5779; x_wconf 91' lang='lat' dir='ltr'>Ill</span> <span class='ocrx_word' id='word_1_853' title='bbox 3095 5724 3239 5792; x_wconf 89' lang='lat' dir='ltr'>Reg.</span> <span class='ocrx_word' id='word_1_854' title='bbox 3268 5737 3364 5788; x_wconf 76' lang='lat' dir='ltr'>im,</span> <span class='ocrx_word' id='word_1_855' title='bbox 3390 5723 3574 5778; x_wconf 85' lang='lat'>28-32.</span> 
     </span>
    </p>
   </div>
  </div>
