4468 6450
255 420 363 476 709

1357 418 1424 481 IN
1456 406 2083 479 ANNUNTIATIONEK
2123 404 2187 469 Β.
2232 411 2506 473 ωω.

3508 414 3616 479 710

254 552 347 597 τοῦ
374 545 526 611 λαοῦ,
566 547 657 596 xui
706 543 737 600 ἡ
769 545 900 615 πρὸς
926 546 1018 599 τήν
1058 543 1347 615 Σαμάρειαν
1386 544 1476 591 καὶ
1520 540 1613 598 τὰς
1672 531 1853 604 δαμά-
1886 533 1930 586 Α
1964 546 2018 586 st

1850 563 1853 571 ›
1886 533 1930 586 Α
1964 545 2107 586 suos
2132 533 2446 590 conversio
2475 532 2704 595 nullam
2735 538 2948 607 praeter
2987 534 3228 608 iniquas
3278 534 3614 595 Salomonis

252 629 357 690 λεις
376 631 539 682 αὐτοῦ
561 632 975 702 μετανάστευσις
1005 631 1120 697 (43)
1169 628 1341 680 αἰτίαν
1378 630 1567 699 ἔχουσι
1614 629 1708 682 τήν
1763 628 1855 674 τοῦ

256 719 585 789 Σολομῶντος
616 716 881 791 ἐπήρειαν.

330 806 455 863 KH'.
504 799 644 859 Οὐδὲ
730 810 810 874 τὸ,

256 895 410 962 λήνη,
472 900 738 946 κοινωνίαν
796 898 908 965 ἔχει
983 898 1099 946 τινὰ
1168 898 1298 965 πρὸς
1363 894 1684 964 Σολομῶντα.
1750 895 1856 941 Νῦν

893 808 981 866 ἕως
1026 806 1083 857 ού
1138 805 1625 877 ἁνταναιρεθησεται
1680 803 1709 859 ἠ
1768 818 1855 851 σε-

254 987 358 1055 γὰρ
381 989 471 1035 καὶ
503 984 646 1044 ἣλιος
674 988 764 1034 καὶ
802 985 832 1039 ἠ
867 982 1078 1049 σελήνη,
1128 986 1191 1041 ὡς
1253 981 1486 1054 ἀρχῆθεν
1530 978 1854 1050 ἐτάχθησαν,
1894 1040 1904 1049 _

256 1077 344 1124 τόν
384 1072 570 1124 οἰκεῖον
602 1068 932 1123 διελαύνουσι
987 1067 1202 1144 δρόμον,
1249 1076 1337 1122 xui
1384 1071 1705 1143 ύπηρετονσι
1766 1070 1858 1116 τοῦ

257 1157 752 1233 δημιουργήσαντος
833 1168 905 1229 τῷ
983 1158 1324 1230 κελεύσματι·
1360 1160 1388 1214 ἡ
1442 1154 1501 1209 δε
1557 1163 1648 1207 τοῦ
1704 1153 1857 1213 Σολο-

256 1258 457 1320 μῶντος
479 1245 610 1311 δόξα
640 1248 707 1309 εἰς
740 1257 872 1318 χοῦν
902 1252 1288 1304 κατεσκήνωσε.

331 1341 563 1410 Χριστός
618 1334 677 1389 δὲ
729 1337 1309 1409 φιλανθρωπευσάμενος
1354 1342 1445 1386 τοῦ
1524 1338 1859 1389 κατασκηνώ-

256 1445 351 1477 σαι
375 1422 535 1488 δόξαν
569 1425 617 1476 έν
644 1433 704 1496 τῇ
736 1433 804 1497 γῇ
860 1428 1022 1497 ἡμῶν,
1065 1426 1185 1498 ὅπερ
1241 1422 1373 1487 ἐστὶ,
1417 1426 1473 1474 τό
1535 1427 1623 1479 τὴν
1675 1422 1861 1491 γηίνην

259 1517 436 1587 σάρκα
512 1534 574 1586 τη
654 1516 833 1566 θεὼσει
905 1517 1033 1566 Θεὸν
1098 1511 1526 1585 ἀπεργάσασθαι,
1595 1508 1863 1581 βασιλεύει

258 1602 515 1658 ἀθάνατα.
546 1598 831 1675 Εἰρήνη’δὶ
866 1600 950 1653 ἐπὶ
979 1606 1065 1653 τόν
1114 1602 1325 1674 Ἰσραὴλ
1387 1597 1653 1671 οὐδαμῶς,
1722 1604 1862 1649 Παν-

258 1693 488 1763 ταχόθεν
534 1695 635 1765 γὰρ
710 1690 990 1755 ἐλαύνεται,
1048 1689 1473 1752 λιθολευστεῖται,
1530 1684 1861 1759 ῥαϐδίζεται,

259 1783 328 1839 ὡς
383 1784 585 1851 κόσμου
654 1775 1059 1831 δυσωδέστατον
1116 1783 1347 1849 μίασμα,
1416 1783 1578 1836 Μονος
1636 1776 1867 1847 Χριστὸς

2034 618 2378 676 vexationes
2403 637 2656 678 causam
2696 622 2989 679 habuerit.

2037 795 2261 849 XXVIII.
2293 796 2406 850 Sed
2432 812 2541 853 nec
2566 797 2903 870 quidquam
2930 814 3067 854 cum
3118 798 3429 856 Salomone
3457 816 3618 857 com-

1967 898 2147 937 mune
2178 884 2359 939 habet
2379 886 2619 951 etillud,
2642 888 2827 942 donec
2856 889 3180 957 auferatur
3207 891 3376 945 luna.
3401 892 3618 946 Hucus-

1964 986 2081 1042 que
2102 972 2263 1027 enim
2294 978 2419 1028 tum
2450 974 2539 1029 sol
2569 981 2695 1030 tum
2746 975 2890 1031 luna
2916 992 3159 1032 cursum
3200 995 3398 1045 suum,
3443 982 3621 1050 prout

1964 1060 2352 1117 constitutum
2381 1057 2525 1133 ipsis
2558 1063 2636 1118 ab
2664 1064 2827 1119 initio
2848 1065 2976 1131 fuit,
3027 1064 3360 1137 perﬁciunt,
3380 1071 3439 1123 et
3462 1068 3620 1123 Con-

1966 1148 2173 1203 ditoris
2203 1149 2294 1204 sui
2313 1151 2479 1205 nutui
2501 1150 2918 1223 obsequuntur
2950 1170 2963 1219 ;
2988 1160 3048 1210 at
3071 1155 3404 1211 Salomonis
3426 1157 3619 1227 gloria

2040 1237 2097 1291 in
2122 1236 2427 1307 pulverem
2461 1238 2626 1294 abiit.

2040 1326 2303 1381 Christus
2331 1343 2492 1394 vero,
2512 1328 2616 1399 qui
2647 1328 2727 1384 ob
2755 1347 2929 1386 suam
2960 1331 3015 1387 in
3049 1333 3325 1389 homines
3369 1335 3622 1393 charita-

1968 1420 2088 1470 tem
2110 1414 2291 1469 voluit
2310 1422 2372 1470 ut
2400 1416 3046 1488 inhabilaretglom’ain
3064 1427 3228 1478 terra
3262 1430 3470 1480 nostra
3485 1427 3617 1493 ,M),

1972 1504 2086 1558 hoc
2114 1509 2219 1574 est,
2257 1509 2317 1559 ut
2344 1519 2448 1574 per
2487 1506 2770 1561 unionem
2798 1524 2936 1562 cum
2967 1510 3085 1564 Deo
3135 1511 3426 1567 terrestris
3481 1528 3621 1569 caro

1970 1596 2176 1647 nostra
2199 1594 2349 1647 Deus
2392 1592 2577 1661 ﬁeret,
2634 1594 2915 1661 Christus,
2974 1596 3248 1669 inquam,
3297 1608 3511 1670 regnat
3559 1600 3623 1656 in

1971 1686 2281 1735 internum.
2310 1679 2492 1750 Adde,
2526 1682 2691 1753 quod
2739 1684 3054 1741 Israelitica
3080 1702 3228 1755 gens
3254 1694 3311 1744 et
3335 1690 3624 1762 nuspiam

1975 1785 2122 1840 pace
2143 1767 2389 1823 fruatur.
2420 1769 2648 1841 Ubique
2669 1771 2828 1826 enim
2859 1778 3152 1830 terrarum
3212 1782 3484 1846 vexatur,
3534 1780 3621 1835 la-

260 1868 472 1928 αἰωνιος
521 1865 788 1939 βασιλεὺς,
842 1871 931 1917 καὶ
978 1875 1069 1926 τῆς
1113 1866 1319 1937 εἰρήνης
1374 1865 1533 1916 αὑτοῦ
1586 1864 1679 1915 οὐκ
1727 1866 1866 1914 ἔστιν
1900 1876 1941 1927 Β
1977 1875 2024 1930 ρ]

1858 1884 1866 1907 ι
1900 1876 1941 1927 Β
1977 1858 2217 1930 pidibus
2249 1858 2482 1929 petitur,
2515 1859 2753 1915 caeditur
2769 1862 2971 1932 virgis,
3004 1869 3293 1937 tanquam
3347 1868 3622 1940 pestilen-

259 1959 431 2029 ὀριον.
494 1956 714 2009 Ἠσαίου
762 1961 853 2007 xui
895 1964 1069 2017 τοῦτο,
1111 1955 1205 2006 οὐκ
1259 1953 1400 2024 ἐμόν,
1436 1956 1557 2025 ὅπερ
1590 1951 1753 2017 ἐστὶν,
1798 1953 1867 2010 ὡς

261 2045 383 2097 οὗτε
414 2044 589 2116 ἀρχὴν
620 2048 754 2114 ἔχει,
784 2047 901 2096 οὔτε
929 2043 1085 2104 τέλος.
1117 2047 1186 2095 T6
1238 2039 1271 2093 δ
1276 2046 1296 2094 ξ
1353 2044 1584 2116 οἰναρχον
1628 2045 1716 2092 καὶ
1752 2038 1865 2090 ἀτε-

263 2135 511 2190 λεύτητον
585 2137 744 2206 μόνου
783 2138 933 2196 Θεοῦ,
974 2138 1065 2183 καὶ
1122 2140 1216 2192 τῆς
1272 2130 1522 2182 ακτίστου
1587 2125 1724 2181 ’ίδιον
1773 2131 1865 2199 φύ-

268 2243 424 2283 σεως.

1976 1947 2205 2003 tissima
2234 1947 2444 2003 mundi
2468 1946 2655 2003 labes.
2693 1950 2863 2005 Solus
2889 1952 3153 2008 Christus
3180 1971 3282 2010 rex
3321 1961 3407 2013 est
3462 1962 3625 2014 aeter-

1978 2053 2117 2103 nus,
2146 2044 2203 2091 et
2243 2037 2405 2107 pacis
2454 2052 2560 2107 per
2600 2039 2794 2107 ipsum
2854 2052 3038 2111 partae
3085 2042 3285 2099 nullus
3332 2050 3421 2101 est
3460 2046 3621 2103 ﬁnis.

1977 2133 2164 2198 Atque
2186 2127 2297 2181 hoc
2327 2128 2529 2185 etiam,
2563 2128 2856 2184 Christum
2879 2146 3096 2203 nempe
3138 2149 3335 2206 neque
3390 2136 3626 2193 initium

1977 2215 2197 2269 habere
2218 2229 2413 2286 neque
2438 2213 2644 2280 tinem,
2679 2232 2794 2271 non
2816 2233 3017 2273 meum
3044 2225 3152 2290 est,
3166 2215 3273 2277 sed
3296 2224 3458 2279 Isaiae
3481 2240 3625 2297 pro-

1979 2304 2192 2375 phetae.
2226 2303 2393 2357 Initio
2420 2309 2620 2358 autem
2652 2322 2721 2359 ac
2752 2304 2870 2360 ﬁne
2903 2323 3105 2364 carere
3130 2310 3313 2366 solius
3369 2313 3469 2369 Dei
3516 2318 3626 2385 est,

1976 2399 2203 2447 natura;
2235 2392 2797 2449 videlicetincreataa
2834 2398 3167 2469 proprium.

2048 2482 2235 2537 XXIX.
2266 2488 2453 2553 Atque
2480 2483 2692 2537 eadem
2722 2488 2939 2555 pariter
2964 2489 3192 2543 ratione
3229 2489 3408 2547 etiam
3450 2492 3629 2563 justi-

1977 2572 2059 2627 tia
2092 2570 2301 2627 Christi
2324 2571 2655 2626 humanam
2681 2588 2924 2629 omnem
2952 2575 3244 2645 justitiam
3265 2578 3444 2650 longe
3485 2598 3633 2654 prae-

1980 2660 2351 2729 tergreditur.
2405 2662 2531 2715 Non
2570 2661 2729 2715 enim
2788 2663 3135 2721 exhauritur
3188 2668 3251 2722 in
3302 2668 3634 2727 tribuendis

1980 2748 2177 2816 bonis,
2203 2765 2339 2821 quae
2370 2750 2778 2821 corruptibilia
2820 2767 2891 2807 ex
2932 2760 3149 2810 natura
3198 2773 3309 2814 sua
3364 2764 3523 2815 sunt.
3579 2764 3639 2817 et

1983 2855 2117 2894 cum
2148 2838 2426 2909 praesenti
2456 2838 2575 2894 vita
2613 2842 2983 2908 amittuntur,
3030 2844 3300 2917 dumque
3341 2848 3461 2904 huc
3496 2848 3635 2905 illuc

1984 2926 2267 2981 decidunt
2296 2932 2353 2981 et
2378 2927 2833 2990 transferuntur,
2887 2946 3268 3001 possessores
3305 2951 3448 2992 suos
3499 2936 3639 2993 illu-

1986 3015 2135 3069 dunt
2168 3032 2414 3081 ;verum
2445 3016 2641 3087 qualis
2661 3032 2733 3072 ea
2754 3018 2888 3073 est?
2927 3021 3219 3093 Perquam
3267 3024 3643 3097 altissima,et

269 3125 485 3165 curam
534 3125 746 3180 gerens
798 3107 1079 3172 hominis,
1133 3112 1375 3178 pt'Oplet'
1431 3121 1611 3177 quem
1658 3110 1716 3159 et
1776 3110 1931 3159 totus
1984 3105 2266 3169 mundus,
2316 3109 2373 3159 et
2422 3120 2557 3176 quae
2613 3112 2753 3160 sunt
2798 3107 2858 3161 in
2908 3108 3159 3181 mundo,
3213 3112 3457 3170 condita
3516 3113 3639 3172 fue-

271 3205 435 3255 runt.
1912 3198 1950 3249 C

347 3284 562 3345 Ἐπειδὴ
586 3290 686 3360 γὰρ
712 3285 999 3338 ἐκλέλεκται
1026 3293 1096 3354 τῷ
1140 3292 1253 3354 Θεῷ
1304 3281 1358 3333 ἐκ
1406 3284 1608 3334 πάντων
1651 3290 1751 3332 τῶν
1782 3301 1875 3338 τη-

340 2485 468 2543 ΚΘ’.
498 2484 698 2558 Ὠσπερ
739 2492 829 2536 καὶ
860 2487 888 2542 η
921 2481 1233 2541 δικαιοσύνη
1275 2492 1505 2555 Χριστοῦ
1536 2484 1661 2555 ὑπὲρ
1694 2488 1867 2533 πᾶσαν

262 2577 550 2650 ἀνθρώπων
588 2571 949 2630 δικαιοσύνην.
986 2573 1060 2625 Οὐ
1100 2575 1201 2646 γὰρ
1242 2579 1358 2646 περι
1396 2568 1650 2642 διανομὴν
1680 2570 1865 2622 καθέλ-

260 2684 414 2717 κεται
464 2667 786 2736 πραγμάτων
849 2664 1208 2737 φθειρομένων,
1278 2666 1367 2712 καὶ
1426 2670 1497 2730 τῷ
1543 2659 1646 2733 βίῳ
1702 2662 1867 2730 τούτῳ

260 2754 808 2825 καταλιμπανομένων,
877 2757 967 2803 καὶ
1030 2751 1319 2811 παιζόντων
1377 2755 1498 2809 τοὺς
1541 2752 1778 2820 ἔχοντας,
1822 2748 1869 2800 έν

1764 2838 1871 2889 ἀλλ’

266 2936 427 2984 ὁποία
483 2949 497 2997 ;
537 2939 619 2991 Ὠς
670 2931 783 2982 λίαν
814 2929 1013 3001 ὑψηλὴ,
1046 2934 1135 2980 καὶ
1183 2933 1300 3001 περὶ
1331 2932 1415 2979 τὸν
1442 2930 1709 3000 ἄνθρωπον
1739 2947 1874 2999 καμ-

264 2852 340 2914 τῷ
386 2843 563 2895 ἱλλοτε
619 2842 855 2913 ἀλλαχου
898 2846 1235 2912 μεταπίπτειν
1301 2845 1390 2890 καὶ
1422 2840 1666 2912 φέρεσθαι
1699 2860 1710 2871 ·

267 3025 523 3093 πτομένη,
554 3017 626 3072 δι’
648 3022 701 3071 ὃν
733 3022 757 3070 ὁ
805 3022 1017 3090 σύμπας
1060 3037 1255 3088 κοσμος
1311 3023 1399 3068 καὶ
1453 3019 1517 3066 τὰ
1565 3015 1613 3066 ἐν
1672 3021 1873 3087 κόσμῳ.

2057 3283 2119 3335 Et
2151 3297 2290 3335 vero
2317 3288 2640 3353 postquam
2665 3282 2991 3356 Abraham,
3025 3286 3110 3342 vir
3137 3288 3259 3345 Deo
3290 3291 3509 3348 charus
3568 3309 3641 3350 ac

1983 3370 2199 3425 beatus
2232 3386 2305 3425 ex
2326 3370 2631 3436 omnibus,
2664 3373 2768 3444 qui
2789 3390 2894 3445 per
2918 3392 3052 3431 eam
3073 3382 3310 3436 aetatem
3339 3381 3640 3455 vivebant,

1987 3460 2209 3515 electus
2248 3474 2284 3514 a
2308 3460 2425 3515 Deo
2464 3466 2570 3525 est,
2593 3462 2819 3533 quippe
2844 3465 2949 3536 qui
2976 3468 3165 3523 Deum
3210 3471 3407 3541 magis
3453 3488 3642 3545 quam

1988 3553 2177 3603 semet
2195 3548 2415 3618 dilexit,
2431 3554 2487 3604 et
2502 3565 2627 3604 non
2650 3551 2832 3607 modo
2860 3555 3116 3625 patriam
3135 3562 3189 3613 et
3218 3561 3645 3630 cognationem

1988 3654 2057 3694 ac
2078 3637 2494 3710 possessiones
2510 3654 2721 3694 omnes
2733 3640 3094 3715 relinquens,
3112 3650 3463 3719 peregrinus
3484 3652 3648 3708 venit

1991 3728 2052 3782 in
2078 3734 2298 3781 terram
2330 3726 2613 3796 alienam,
2638 3734 2692 3783 et
2736 3745 3101 3805 quocunque
3148 3737 3327 3806 jussit
3366 3740 3486 3811 ille,
3538 3743 3648 3815 qui

1992 3832 2130 3871 eum
2163 3815 2429 3885 regebat,
2458 3815 2728 3872 alacriter
2760 3835 2894 3875 sese
2932 3824 3213 3880 contulit:
3254 3828 3360 3884 sed
3402 3839 3649 3905 propter

1997 3906 2404 3976 Deumipsum
2432 3921 2628 3976 neque
2653 3907 2957 3979 unigenito
3010 3917 3190 3985 atque
3248 3915 3477 3975 haeredi
3534 3938 3648 3978 suo

1995 3995 2259 4067 pepercit
2289 4012 2302 4061 ;
2324 3988 2585 4050 vicissim
2599 3997 2955 4067 patriarchae
2977 4003 3133 4057 Deus
3154 4007 3448 4076 promisit,
3487 4026 3651 4083 quae-

1995 4102 2234 4158 cunque
2264 4084 2510 4141 demum
2544 4089 2836 4158 promisit,
2877 4090 3261 4151 innumeram
3288 4097 3510 4157 scilicet
3536 4117 3652 4175 po-

1997 4177 2319 4231 steritatem
2351 4191 2421 4230 ac
2444 4181 2665 4231 terram
2695 4177 2810 4234 late
2832 4182 3287 4255 possidendam,
3321 4193 3524 4262 atque,
3574 4208 3651 4251 ne

1997 4264 2171 4337 plura
2196 4280 2527 4334 congerens
2559 4266 2736 4322 taedio
2766 4269 2877 4325 sim
2906 4274 3040 4341 (45),
3073 4272 3409 4334 benedictio
3437 4279 3499 4337 in
3520 4281 3652 4338 uni-

1997 4371 2237 4410 versam
2272 4354 2527 4410 Abrahte
2555 4358 2974 4422 posteritatem
3004 4364 3259 4421 transiit.

2071 4446 2285 4499 Verum
2340 4446 2559 4516 posteri
2608 4447 2738 4517 ejus
2801 4448 3284 4525 haudquaquam
3366 4463 3653 4530 paternos

280 4540 379 4594 τὴν
411 4534 467 4586 ix
507 4530 789 4605 διαμέτρου
846 4534 1234 4601 ἐναντιουμένην
1294 4530 1342 4580 οἱ
1389 4527 1725 4601 Ἀϐραμιαῖοι
1768 4525 1891 4578 ἑϐά-
1928 4544 1969 4595 υ
2002 4552 2044 4590 α

1890 4558 1891 4564 η
1928 4544 1969 4595 D
2002 4550 2200 4590 mores
2227 4534 2289 4589 in
2313 4535 2647 4607 semetipsis
2671 4536 3003 4610 aliquando
3029 4525 3449 4615 expresserunt
3485 4567 3499 4617 ;
3531 4550 3654 4607 imo

290 4622 477 4687 δισαν,
510 4628 601 4674 καὶ
658 4628 909 4692 γεγόνασι
963 4628 1060 4670 τῶν
1109 4616 1319 4669 ἐθνικῶν
1378 4615 1729 4690 ἀσεϐέστεροι.
1794 4622 1890 4667 Κε-
2002 4642 2054 4679 ν(

2002 4640 2144 4679 vero
2187 4624 2343 4679 viam
2386 4625 2678 4680 diametro
2725 4630 3067 4699 oppositam
3118 4635 3411 4707 terebant,
3451 4615 3510 4694 et
3550 4639 3658 4697 ﬁlii

2002 4713 2255 4768 Abrahae
2282 4712 2376 4767 vel
2405 4712 2572 4784 ipsos
2603 4714 2874 4772 ethnicos
2903 4718 3209 4791 impietate
3248 4730 3659 4798 praetergressi

2004 4808 2161 4857 sunt.
2196 4805 2388 4873 Caput
2427 4808 2629 4858 autem
2672 4805 2996 4877 impietatis
3042 4825 3253 4867 eorum
3311 4812 3438 4883 fuit,
3489 4819 3660 4890 quod

1998 4891 2155 4959 ﬁlios
2182 4907 2316 4946 suos
2346 4897 2399 4947 et
2422 4892 2585 4960 ﬁlias
2602 4894 3536 4973 immolaveruntda'moniist).
3566 4908 3660 4965 Sic

268 3372 459 3429 νικάδε
516 3374 793 3447 ἀνθρώπων
834 3375 859 3425 6
920 3372 1153 3445 θεοφιλὴς
1205 3378 1289 3423 καὶ
1332 3374 1586 3443 μακάριος
1617 3369 1876 3442 Ἀϐραὰμ,

270 3468 355 3519 ὅτι
408 3468 494 3517 τὸν
549 3467 677 3516 Θεὸν
734 3464 861 3536 ὑπὲρ
911 3462 1093 3514 ἐαυτὸν
1159 3462 1422 3531 ἠγάπησε,
1492 3464 1581 3510 καὶ
1612 3458 1670 3511 οὐ
1726 3463 1879 3531 μόνον

270 3551 515 3627 πατρίδα
588 3558 676 3605 καὶ
753 3556 1055 3622 συγγένειαν
1122 3550 1498 3609 καταλελοιπὼς
1556 3552 1646 3600 καὶ
1710 3549 1881 3600 πάντα

266 3647 339 3697 τὰ
420 3648 685 3716 κτήματα,
741 3644 1069 3714 μετανάστης
1100 3638 1182 3691 ἐπὶ
1229 3644 1319 3696 τήν
1373 3636 1640 3710 ἀλλοτρίαν
1670 3636 1879 3711 ἐχώρει,

272 3740 369 3786 καὶ
408 3738 640 3790 ὁπήποτε
679 3732 705 3781 6
746 3732 882 3801 οῖγων
916 3728 1157 3793 ἐκέλευεν,
1219 3732 1376 3797 ἤγετο
1420 3748 1432 3759 -
1469 3725 1576 3777 ἀλλ’
1630 3723 1754 3777 οὐδὲ
1792 3732 1883 3776 τοῦ

274 3828 584 3896 μονογενοῦς
654 3829 744 3871 καί
819 3818 1139 3892 κληρονόμου
1224 3814 1462 3887 ἐφείσατο
1540 3810 1611 3865 δι’
1690 3813 1880 3865 αὐτόν·

275 3908 597 3981 ἐπήγγελται
625 3916 696 3977 τῷ
734 3908 1041 3980 πατριάρχῃ
1094 3906 1119 3955 6
1173 3908 1321 3964 Θεὸς,
1387 3905 1486 3955 ὅσα
1534 3898 1675 3959 δῆτα
1730 3900 1886 3971 ἐπηγ-

273 3999 480 4072 γελται,
534 4001 829 4069 σπέρματος
872 3995 1199 4066 πληθυσμὸν,
1252 3996 1341 4043 καὶ
1401 4001 1495 4062 γῆς
1546 3990 1883 4063 πλατυσμόν·

274 4093 395 4149 καὶ,
430 4089 514 4138 ἵνα
536 4090 607 4159 μή
673 4089 835 4157 μέγαν
862 4093 986 4135 κινώ
1021 4086 1107 4135 τὸν
1163 4080 1441 4154 ἁνάγυρον,
1476 4077 1625 4138 διέϐη
1680 4082 1746 4131 τα
1794 4087 1889 4141 τῆς

278 4179 515 4248 εὐλογίας
552 4180 642 4227 καὶ
668 4176 805 4226 ἅπαν
827 4178 885 4226 τὸ
910 4178 1119 4247 σπέρμα
1148 4180 1238 4224 τοῦ
1270 4172 1527 4245 Ἀϐραάμ.

359 4444 493 4498 Ἀλλ’
525 4444 584 4496 ού
612 4442 883 4517 ππρὼζον
932 4438 1151 4511 ἐδείχθη
1181 4443 1239 4491 τὸ
1281 4444 1489 4511 σπέρμα
1544 4442 1667 4490 ποτέ
1693 4460 1703 4470 ·
1766 4436 1893 4489 ἀλλα

285 4715 506 4787 φάλαρον
574 4720 669 4771 τῆς
736 4708 976 4769 ἀσεϐείας
1055 4707 1275 4769 ἐκείνων,
1354 4709 1434 4757 ὅτι
1517 4707 1707 4757 ἔθυσαν
1772 4710 1893 4765 τοὺς

284 4807 437 4863 υἱοὺς
484 4802 654 4853 αὐτῶν
730 4804 817 4851 καί
882 4802 973 4859 τὰς
1057 4799 1346 4870 θυγατέρας
1412 4802 1521 4855 τοῖς
1576 4790 1889 4866 δαιμονίοις.

286 4892 549 4948 Οῦτωτήν
599 4887 995 4961 θεοφιλεστάτην
1028 4887 1214 4937 θυσίαν
1270 4888 1363 4943 τὴν
1421 4882 1500 4935 ἐπὶ
1553 4890 1624 4954 τῷ
1686 4902 1894 4955 μονογε-

2004 5051 2305 5133 explicant
2330 5054 2610 5133 Erasmus
2636 5055 2809 5133 (Opp.
2832 5063 2988 5133 tom.
3019 5061 3085 5133 II.
3119 5076 3177 5132 p.
3232 5064 3321 5133 52)
3362 5068 3420 5120 et
3483 5068 3658 5124 Henr.

2010 5124 2369 5211 _Stephamus
2402 5124 2724 5211 (Theseum
2748 5124 2871 5211 Yol.
2900 5131 2965 5193 V,
3016 5124 3213 5211 ad
3253 5124 3539 5211 ἀνάγυρις),
3591 5146 3667 5198 At

2006 5196 2105 5281 hic
2128 5196 2465 5281 sensus,‘u‘ti
2487 5203 2669 5281 patet,
2701 5200 2919 5281 adrem
2950 5218 3073 5281 non
3103 5203 3261 5281 facit.
3289 5196 3665 5281 Itaque'cum

2011 5267 2225 5351 Suiﬂdas
2259 5266 2444 5351 addat
2476 5265 2506 5321 ἶ
2540 5266 2693 5321 Ἐστι
2739 5265 2798 5351 δε
2846 5277 3003 5343 φυτόν
3030 5275 3057 5325 6
3086 5274 3353 5351 uvai'fupo;
3392 5265 3663 5346 ‘duariid‘;

2009 5338 2327 5422 τριϐόμενον,
2343 5341 2669 5422 Αηαρῃνιιδ
2686 5338 2890 5422 autem
2935 5352 3018 5401 est
3029 5338 3272 5418 planta,
3297 5338 3490 5422 quaesi
3511 5338 3666 5411 tera;

2012 5419 2137 5493 tur,
2165 5412 2393 5467 malum
2410 5415 2604 5493 spirat
2620 5414 2888 5485 odorem;
2908 5412 3560 5493 putaverim'a'dagium
3584 5426 3668 5484 la-

2010 5483 2142 5539 tiori
2173 5498 2355 5569 sensu
2374 5499 2409 5539 a
2429 5484 2728 5569 Germano
2759 5483 3115 5569 usurpatum
3137 5491 3214 5569 de
3240 5483 3438 5569 iisqu
3461 5501 3668 5569 utcun-

2011 5571 2129 5628 que
2155 5555 2337 5629 alicui
2356 5555 2443 5611 rei
2462 5555 2684 5612 diutius
2709 5555 3046 5618 insistendo
3092 5563 3332 5622 molesti
3351 5555 3665 5629 ‘evadunt.

2082 5630 2194 5699 (46)
2211 5626 2361 5685 Psal.
2393 5643 2484 5698 cv,
2514 5631 2602 5684 37.

366 5074 483 5138 (13)
511 5067 629 5124 Nisi
658 5066 795 5139 quis
823 5063 990 5142 malit
1024 5062 1335 5142 men_d_ose_
1360 5061 1635 5142 positum.
1679 5062 1897 5141 μετανά-

288 5132 511 5202 στευσίς
532 5156 640 5212 pro
663 5132 1068 5212 μετανάστασις,
1096 5132 1380 5212 addenda
1396 5133 1505 5188 erit
1525 5132 1729 5187 lexicis
1753 5149 1899 5212 grae-

285 5216 485 5272 citatis
524 5207 766 5266 s'erioris
793 5215 850 5264 et
879 5208 1007 5264 haec
1043 5224 1158 5262 vox
1180 5207 1361 5278 quasi
1425 5221 1462 5261 a
1505 5207 1896 5273 μεταναστεύω.

364 5282 843 5359 ἠωῳιχχιηᾲο.
914 5351 929 5359 _
998 5351 1058 5359 __
1203 5354 1211 5359 _
1306 5351 1315 5359 ι
1559 5354 1569 5359 _
1668 5350 1674 5358 ι
1792 5344 1877 5359 π,

365 5351 476 5426 (4-5)
503 5355 780 5427 Germani
809 5351 1009 5427 verba'
1040 5352 1219 5427 lupi;
1252 5351 1413 5427 μέγαν
1460 5354 1585 5427 δεινὼ
1624 5351 1723 5427 τὸν.
1783 5351 1901 5397 ανά-

284 5417 475 5503 γυρον,
489 5426 776 5503 adagium
797 5417 1163 5503 continent__G
1173 5417 1338 5503 necis
1688 5417 1763 5474 de
1777 5432 1900 5503 quo

289 5488 515 5558 'Su'idas
564 5488 667 5566 (ad
724 5512 775 5549 v.
843 5499 1019 5559 κινεῖς)
1053 5511 1066 5547 ;
1102 5499 1265 5552 Κινείς
1325 5494 1441 5566 τὸν-
1473 5492 1751 5563 άνάγυρον·
1798 5488 1902 5541 ἠέπὶ

286 5581 396 5625 τῶν
427 5564 799 5632 ἐπισπωμένων
829 5566 1027 5626 ἑαυτοῖς
1046 5567 1112 5617 τά
1136 5566 1304 5618 κακὰε
1375 5564 1572 5619 Mores
1622 5576 1901 5632 annagy-

288 5592 396 5625 των
427 5590 636 5623 επισπω
772 5590 799 5617 ν
829 5590 1027 5626 εαυτοις
1046 5590 1112 5617 τα
1136 5590 1304 5618 laxa;
1375 5590 1572 5619 ηυυεῦ
1622 5590 1901 5632 ιιηηαυυ-

288 5660 434 5716 cum
469 5641 573 5706 ;de
600 5590 772 5716 ιζίῖίέω
756 5638 982 5695 dicitur
1022 5638 1128 5716 q_u_i
1146 5636 1311 5716 mala
1331 5636 1587 5716 insuum
1604 5638 1902 5716 caput‘at:

292 5704 577 5773 trahunt.
605 5714 674 5769 Et
697 5712 814 5768 hoc
840 5704 1212 5767 sensu'idem
1236 5706 1524 5778 adagium
1556 5704 1817 5763 referunt
1847 5708 1906 5762 et
