4468 6450
878 355 974 429 ιιι
2024 356 2340 431 Graium
2377 349 2426 429 ιι
2466 365 2571 431 cr.
2618 371 2642 431 ι

2466 365 2571 431 cr.
2618 347 3103 431 ιιιτιιιιιιοιιιε.
4130 355 4216 431 tu

880 492 1289 570 gratissimum
1316 492 1436 552 Deo
1475 489 1855 568 sacriﬁcium,
1901 492 2070 569 quod
2115 493 2179 554 in
2228 493 2537 569 unigenito
2565 498 2612 555 Α

2454 493 2537 556 ito
2565 498 2612 555 Α
2646 502 2721 551 νει
2779 502 2872 551 τοῦ
2914 494 3154 571 Ἀϐραὰμ
3209 492 3535 570 ἐμιμήσαντο
3585 494 3637 550 οἱ
3700 501 3874 560 κακῶς
3933 498 4024 550 καὶ
4066 502 4214 571 οῦντες

879 583 1136 643 Abrahae
1166 582 1496 659 perfectum
1524 582 1734 657 fuerat,
1764 581 1977 641 imitati
1999 587 2141 643 sunt
2167 583 2261 642 isti
2324 599 2535 660 perpe-

2451 599 2535 659 ρο·
2644 589 2735 639 καὶ
2787 583 3157 661 ἄνατραφίντες
3189 583 3243 649 ίξ
3291 583 3480 659 ὀσφύος
3534 582 3797 659 ’Δϐραάμ.
3864 586 4215 662 Προσὼχθισιν

876 691 1009 734 ram
1034 691 1108 733 ex
1137 674 1393 732 Abrahaa
1416 673 1643 731 lumbis
1672 677 1730 730 et
1751 673 2049 747 progeniti
2082 678 2141 731 et
2180 676 2482 748 progressi
2516 672 2529 730 i

2450 672 2529 732 lii
2645 670 2732 728 οὖν
2761 676 2788 727 ὁ
2829 678 2955 737 Θεὸς
3005 683 3068 749 τῇ
3136 680 3285 748 γενεᾷ
3331 672 3530 749 ίκείνιρ,⁴
3580 679 3671 728 καὶ
3707 673 3841 729 εἶπεν
3888 694 3901 709 ·
3956 674 4060 729 Ἀεὶ
4104 673 4214 727 πλα-

872 765 1157 837 Infensus
1172 766 1364 837 igitur
1377 765 1501 835 fuit
1525 763 1683 821 Deus
1710 765 2091 836 generationi
2116 763 2248 821 huic
2274 770 2331 822 et
2351 765 2529 822 dixit:

2452 766 2529 821 fit:
2640 772 2828 819 νῶνται
2882 773 2946 839 τῇ
3026 762 3250 843 καρδίᾳ.
3331 771 3439 828 Τῆς
3510 760 3561 818 δ’
3613 763 3816 827 ίθνικῆς
3878 769 4216 839 πανσπερμίας

869 855 1115 927 Semper
1144 854 1209 912 hi
1233 859 1442 911 errant
1471 853 1649 911 corde
1672 852 1806 925 (47).
1840 855 2131 910 Caeterum
2157 852 2530 911 ethnicorum

2449 868 2530 910 tm
2638 859 2755 909 τότε
2782 855 2933 928 λόγος
2986 852 3177 918 ούδείς.
3232 859 3331 910 Καὶ
3359 859 3464 929 μὴν
3492 858 3660 917 κοινὸς
3687 857 3714 908 ὁ
3772 858 3902 919 Θεὸς
3952 861 4043 909 καὶ
4096 855 4213 910 Ἰου-

867 944 1170 1019 ρθτωίείω
1199 942 1596 1000 multitudinis
1622 940 1792 999 nulla
1816 945 1956 999 tunc
1981 942 2134 1000 ratio
2160 942 2369 1000 habita
2405 942 2527 1000 fue-

2448 957 2527 1000 ιϐ·
2640 940 2803 998 δαίων
2858 948 2949 998 καὶ
2995 944 3171 1013 ἐθνῶν,
3231 946 3301 1007 ὡς
3340 943 3574 1006 πλάστης
3601 949 3691 998 καὶ
3757 940 4212 1020 δημιουργὸς,καὶ

865 1037 979 1091 rat.
1008 1035 1073 1090 Et
1092 1047 1235 1089 vero
1256 1048 1396 1090 cum
1417 1032 1568 1089 idem
1595 1032 1751 1089 Deus
1775 1036 1923 1089 esset
1940 1032 2289 1088 Judaeorum
2314 1035 2368 1089 et
2391 1046 2530 1103 gen-

2449 1046 2530 1088 m—
2635 1036 2817 1096 πάντες
2867 1036 2992 1107 ἴργα
3058 1042 3252 1109 χειρῶν
3336 1034 3515 1101 αὐτοῦ,
3578 1039 3669 1088 καὶ
3724 1037 3842 1088 οὔτε
3900 1038 4054 1108 νόμον
4122 1040 4213 1095 τοῖς

867 1124 1016 1180 tium
1046 1123 1183 1194 (48),
1216 1125 1422 1195 utpote
1453 1119 1794 1178 communis
1848 1124 2241 1193 utrorumque
2294 1123 2528 1178 creator

2448 1123 2528 1178 tor
2636 1124 2830 1177 ἔθνεσιν
2881 1119 3091 1193 ἔδωκεν,
3145 1124 3262 1177 οὔτε
3306 1128 3575 1197 προφήτας
3626 1122 3975 1187 ίξαπέστειλεν
4021 1123 4087 1185 εἰς
4129 1122 4212 1176 αύ-

864 1217 922 1270 et
941 1212 1236 1279 conditor,
1266 1216 1321 1267 et
1341 1225 1553 1268 omnes
1571 1224 1758 1283 opera
1781 1224 2077 1267 manuum
2105 1209 2235 1281 ejus
2286 1213 2519 1275 essent;

2448 1213 2519 1275 lt;
2631 1215 2752 1275 τοὺς
2817 1215 2934 1266 οὔτε
3006 1219 3068 1286 τῇ
3124 1221 3225 1265 τῶν
3284 1214 3560 1285 θαυμάτων
3864 1210 4107 1271 ἠθέλησεν
4145 1210 4212 1284 ἐφ’

864 1306 926 1358 at
946 1300 1228 1372 gentibus
1242 1316 1439 1373 neque
1458 1298 1655 1371 legem
1675 1297 2002 1372 (scriptam)
2026 1297 2295 1365 dederat,
2324 1314 2521 1372 neque

2450 1314 2521 1355 ue
2632 1300 2811 1356 ἑαυτὸν
2851 1303 3269 1356 ἐπισπάσασθαι.
3324 1297 3668 1355 Ἐδικαίωσεν
3730 1298 3819 1355 οὖν
3890 1308 4059 1374 σκοπῇ
4118 1299 4213 1353 im-

861 1390 1187 1464 prophetas
1218 1389 1297 1446 ad
1327 1404 1430 1445 eos
1455 1388 1737 1459 miserat,
1760 1403 1957 1462 neque
1984 1388 2042 1443 vi
2088 1387 2519 1445 miraculorum

2443 1405 2519 1445 Im
2633 1391 2933 1463 σκέψασθαι
2989 1396 3078 1444 καὶ
3132 1394 3200 1445 τὰ
3270 1392 3386 1445 κατ’
3464 1391 3668 1463 αύτούς,
3754 1395 3842 1443 καὶ
3913 1399 4102 1463 γνῶναι
4152 1395 4207 1462 τῇ

863 1479 945 1536 ad
973 1495 1036 1535 se
1070 1477 1366 1536 attrahere
1390 1477 1522 1534 illos
1549 1477 1758 1534 voluit.
1821 1480 2081 1551 Equum
2142 1476 2322 1547 igitur
2362 1479 2518 1535 Deus

2449 1493 2518 1535 us
2627 1486 2802 1557 πείρᾳ,
2847 1481 2891 1534 εἰ
2953 1483 3228 1542 πειθηνίως
3290 1484 3405 1552 ιχει
3456 1482 3525 1534 τὰ
3580 1482 3697 1538 ἔθνη
3764 1483 3894 1555 πρὸς
3974 1482 4041 1533 τὰ
4110 1480 4213 1533 θεῖα

859 1568 1108 1636 censuit,
1147 1566 1259 1624 hos
1287 1582 1532 1640 quoque
1569 1570 1751 1639 atque
1779 1581 1986 1623 eorum
2017 1581 2113 1622 res
2138 1566 2517 1639 providentia

2448 1566 2517 1624 tia
2627 1570 2972 1643 κελεύσματα.
3071 1569 3211 1629 Πλὴν
3280 1576 3372 1623 καὶ
3451 1569 3605 1623 πάλιν
3710 1570 4041 1642 μνημονεύων
4125 1576 4212 1631 τῆς

858 1674 971 1715 sua
997 1656 1253 1725 visitare,
1284 1661 1342 1714 et
1364 1656 1731 1731 experientia
1759 1655 2037 1730 probare,
2062 1670 2142 1713 an
2186 1660 2393 1727 gentes
2430 1656 2514 1713 di-

2447 1656 2514 1713 11-
2622 1662 2753 1734 πρὸς
2801 1662 2918 1720 τούς
2967 1662 3304 1735 πατριάρχας
3367 1657 3694 1731 ἐπαγγελίας,
3772 1663 3863 1711 καὶ
3917 1666 4010 1711 τοῦ
4068 1661 4211 1731 σπέρ-

854 1746 1006 1804 vinis
1035 1746 1341 1804 mandatis
1371 1746 1774 1820 obsequentes
1805 1762 1871 1804 se
1898 1745 2253 1819 praeberent.
2285 1749 2353 1804 Et
2385 1762 2511 1803 rur-

2447 1763 2511 1803 Ir-
2620 1767 2787 1820 ματος
2854 1746 3097 1823 Ἀϐραὰμ
3150 1746 3572 1821 ἐπιλαμϐάνεται,
3631 1751 3721 1801 καὶ
3780 1754 3891 1808 τοῖς
3940 1742 4211 1809 Ἰουδαίοις

853 1853 956 1894 sus
984 1841 1186 1894 tamen
1210 1851 1447 1893 memor
1475 1835 1966 1909 promissionum,
1992 1834 2218 1909 quibus
2249 1851 2311 1892 se
2367 1851 2510 1907 erga
2542 1844 2582 1899 Β

2442 1851 2510 1907 ga
2542 1844 2582 1899 Β
2619 1835 2879 1909 ἐπιφοιτᾷ,
2947 1842 3037 1889 καὶ
3097 1838 3245 1890 ταῦτ’
3296 1832 3469 1905 εἰδὼς,
3542 1838 3606 1897 ὡς
3682 1836 3742 1889 ού
3816 1832 4206 1911 παραδίξονται.

848 1926 1217 2000 patriarchas
1238 1926 1659 1996 obstrinxerat,
1686 1928 1745 1982 et
1770 1940 1964 1982 semen
1989 1925 2254 1983 Abrahae
2278 1934 2507 1997 (appre-

2445 1942 2507 1984 'e-
2616 1926 3041 2002 Ἐνηνθρώπησεν
3106 1947 3121 1962 ο
3202 1925 3358 1999 ἐφάνη
3418 1947 3431 1961 ο
3502 1924 3794 1999 ἀνθρώποις
3873 1926 4209 2001 συνανεστροὲ-

849 2017 1077 2087 hendit)
1109 2017 1240 2089 (49),
1282 2020 1340 2073 et
1379 2015 1531 2073 inter
1602 2014 1840 2071 Iudaeos
1895 2019 2168 2071 versatus
2211 2021 2316 2087 est,
2369 2015 2507 2074 licet

2442 2020 2507 2074 :et
2615 2036 2681 2091 φη
2712 2038 2725 2052 ·
2759 2013 3070 2090 ποταμηδόν
3099 2020 3193 2079 τὰς
3258 2016 3552 2089 εὐεργεσίας
3590 2015 3753 2069 αὐτοῦ
3808 2014 3892 2068 ἐπὶ
3937 2020 4206 2090 πρόσωπον

844 2109 1074 2170 nosset,
1098 2121 1161 2161 se
1191 2104 1269 2161 ab
1299 2104 1412 2161 illis
1441 2104 1607 2161 haud
1633 2108 1939 2176 receptum
1987 2103 2077 2160 iri.
2134 2105 2357 2163 Factus
2415 2110 2501 2161 est

2445 2110 2501 2161 ist
2609 2116 2705 2170 τῆς
2735 2103 3003 2169 Ἰουδαίας
3032 2106 3253 2179 ἐξέχεεν.
3312 2108 3377 2159 Οἱ
3403 2102 3482 2175 δι,
3537 2108 3601 2167 ὡς
3642 2108 3711 2158 τὰ
3745 2109 3971 2178 μέγιστα
3997 2119 4001 2122 '
4028 2101 4209 2163 ἠδικη-

840 2196 1027 2253 homo
1053 2212 1065 2252 :
1091 2194 1588 2268 conspiciendum
1616 2209 1677 2251 se
1693 2193 1969 2267 praebuit:
1994 2210 2127 2252 eum
2162 2194 2499 2253 hominibus

2444 2212 2499 2253 νε
2610 2203 2773 2270 μένοι,
2826 2207 2899 2270 τῷ
2954 2200 3122 2271 φθόνῳ
3178 2198 3537 2271 ἑνεπυρίζοντο
3585 2217 3599 2231 ·
3649 2202 3739 2250 καὶ
3791 2204 3862 2268 τῷ
3910 2193 4091 2263 ὕδατι,
4144 2200 4208 2257 ὡς

839 2292 1226 2344 conversatus
1255 2291 1340 2343 est
1370 2284 1487 2359 (50)
1520 2302 1533 2352 ;
1561 2283 1856 2340 beneﬁcia
1886 2299 1997 2341 sua
2044 2283 2238 2341 instar
2290 2286 2497 2343 ﬂuenti

2441 2287 2497 2343 lii
2608 2290 2756 2362 μύρῳ
2795 2291 2842 2340 οἱ
2882 2290 3151 2363 κάνθαροι,
3210 2287 3574 2360 ἀπεπνίγοντο.
3631 2283 3973 2363 Ιῐρούδωκαν,
4015 2286 4205 2339 ἐσταύ-

836 2375 1046 2432 eﬂ‘udit
1074 2376 1135 2432 in
1170 2374 1391 2433 iudicas
1420 2372 1603 2431 totius
1621 2376 1968 2446 conspectu.
2001 2376 2104 2430 Ast
2162 2374 2263 2443 illi,
2321 2377 2496 2448 quasi

2442 2377 2496 2432 si
2606 2396 2801 2450 ρωσαν,
2859 2376 3190 2430 ίθανατὼσαν
3228 2381 3316 2430 τὸν
3371 2374 3510 2430 ἴδιον
3562 2376 3849 2451 εὐεργέτην.
3901 2382 4081 2430 Ταῦτα
4143 2378 4206 2428 τὰ

835 2466 1260 2538 gravissimam
1284 2465 1568 2538 injuriam
1590 2463 1774 2537 passi,
1804 2462 1988 2520 livore
2015 2463 2075 2520 in
2097 2479 2237 2520 eum
2260 2481 2495 2523 exarse-

2440 2483 2495 2523 e-
2604 2475 2699 2529 τῆς
2729 2469 3129 2541 μακροθυμίας·
3172 2469 3235 2520 τὰ
3265 2464 3324 2520 δι
3369 2476 3466 2529 τῆς
3517 2464 3777 2532 ἐξουσίας,
3838 2464 4111 2519 ἀνίσταται
4152 2464 4204 2517 ίκ

830 2561 989 2624 runt,
1018 2561 1073 2613 et
1103 2571 1227 2612 non
1258 2571 1431 2612 secus
1455 2570 1524 2612 ac
1544 2552 1832 2625 fragranti
1850 2556 2157 2624 unguento
2204 2555 2493 2612 scarabaei

2434 2556 2493 2612 Ei
2602 2565 2790 2631 νεκρῶν
2825 2577 2837 2589 ·
2879 2556 3177 2629 μεταϐαίνει
3209 2552 3244 2609 δ
3250 2560 3303 2609 ιὰ
3331 2565 3431 2609 τῶν
3459 2555 3759 2609 ἀποστόλων
3791 2554 3873 2608 ἐπὶ
3904 2558 3970 2608 τὰ
4034 2557 4150 2614 ἔθνη
4185 2575 4198 2588 ·

830 2647 1044 2721 solent,
1078 2645 1442 2703 salutaribus
1473 2644 1649 2717 aquis
1697 2643 1970 2700 exstincti
2019 2648 2175 2701 sunt.
2219 2645 2493 2702 Tradide-

2438 2662 2493 2702 e-
2600 2654 2833 2699 κενοῡται
2894 2650 3020 2723 πρὸς
3092 2652 3267 2700 πᾶσαν
3323 2650 3417 2705 τὴν
3470 2647 3773 2719 οἰκουμένην
3827 2649 3887 2698 τὸ
3946 2645 4018 2707 εἰς
4065 2645 4202 2705 ζωὴν

827 2740 985 2805 runt,
1010 2735 1450 2802 cruciﬁxerunt,
1473 2733 1648 2791 morti
1673 2733 2035 2790 addixerunt
2054 2732 2489 2792 benefactorem

2439 2753 2489 2790 m
2599 2734 2803 2788 αἰώνιον
2873 2735 3149 2809 ἁλλὸμονον
3206 2732 3351 2810 ὕδωρ
3395 2756 3407 2770 ·
3462 2738 3529 2788 τὰ
3568 2732 3627 2788 δὲ
3685 2737 3739 2787 ὃν
3791 2738 3981 2807 τρόπον
4026 2734 4203 2787 ὶπιπο-

828 2842 1031 2883 suum.
1081 2824 1219 2882 Huic
1264 2823 1737 2895 longanimitatis
1785 2822 2025 2878 fuerunt
2095 2838 2107 2878 :
2166 2838 2303 2896 quae
2345 2840 2488 2881 vero

2435 2840 2488 2881 Ὅ
2600 2826 2734 2883 θεῖή
2795 2822 2978 2898 ἔλαφος
3009 2824 3091 2878 ἐπὶ
3146 2828 3236 2888 τὰς
3274 2828 3451 2898 πηγὰς
3504 2834 3604 2878 τῶν
3662 2821 3891 2893 ὑδάτων,
3947 2826 4077 2896 πρὸς
4140 2827 4199 2877 τὸ

824 2915 1154 2989 potestatis,
1187 2930 1219 2972 e
1243 2913 1495 2970 mortuis
1524 2912 1785 2983 resurgit
1816 2929 1827 2967 :
1856 2927 1964 2984 per
1992 2912 2301 2984 apostolos
2346 2929 2486 2971 suos

2437 2930 2486 2971 )s
2596 2909 2740 2987 ὕδωρ
2786 2922 2876 2967 τοῦ
2908 2914 3114 2987 Σιλωὰμ
3144 2919 3201 2967 τὸ
3255 2916 3441 2988 ἡσυχῆ
3474 2915 3587 2991 ῥίον
3633 2910 4047 2989 διψητικώτερον
4088 2913 4201 2967 ἐπε-

823 3004 902 3062 ad
933 3010 1137 3075 gentes
1166 3003 1555 3074 transmigrat
1585 3018 1597 3057 :
1641 3000 1966 3058 effunditur
2020 3000 2083 3057 in
2134 3002 2484 3059 universam

2434 3020 2484 3059 [ιι
2594 3004 2835 3060 πόθησαν
2869 3024 2881 3037 -
2938 3009 3027 3056 καὶ
3076 3002 3312 3063 ἐπλήσθη
3364 3008 3395 3063 ἡ
3450 3006 3707 3078 σύμπασα
3748 3011 3815 3075 γῆ
3856 3010 3951 3056 τοῦ
4007 3011 4198 3075 γνῶναι

823 3099 1042 3151 terram
1065 3108 1225 3167 aqua
1249 3094 1565 3151 satiensm
1614 3094 1799 3148 vitam
1852 3096 2136 3147 aeternam
2185 3092 2295 3162 (51)
2359 3109 2372 3159 ;
2427 3097 2484 3149 et

2435 3097 2484 3149 et
2592 3095 2680 3143 τὸν
2736 3096 2945 3167 Κύριον.
2995 3100 3160 3146 Τοῦτο
3244 3095 3274 3152 ἡ
3346 3090 3658 3153 δικαιοσύνη
3719 3100 3872 3149 Θεοῦ.
3933 3093 4074 3147 Ἐπεὶ
4140 3097 4199 3147 τό

819 3183 1314 3255 quemadmodum
1352 3182 1653 3239 desiderat
1699 3195 1877 3237 cerva
1926 3180 2006 3235 ad
2049 3182 2249 3250 fontes
2293 3196 2478 3252 aqua-
2516 3204 2555 3259 ρ

2435 3196 2478 3237 ι-
2516 3204 2555 3259 C
2592 3182 2760 3257 ἕτερον
2789 3192 2889 3234 τῶν
2928 3183 3045 3235 λίαν
3084 3181 3422 3237 ἀδικωτάτων
3475 3183 3632 3255 ἐστὶν,
3690 3187 3747 3236 τὸ
3799 3182 3998 3236 πολλῶν
4040 3187 4199 3236 ὄντων

817 3290 953 3329 rum
984 3274 1118 3344 (52),
1150 3272 1227 3329 ad
1258 3270 1455 3327 undas
1490 3269 1641 3327 Siloe
1671 3268 1879 3325 leniter
1925 3268 2178 3324 ﬂuentes
2226 3269 2477 3326 avidiori

2431 3271 2477 3326 ri
2590 3267 2820 3344 ἀδελφῶν
2851 3276 2937 3325 τὸν
2994 3272 3460 3349 σκληροτράχηλον
3500 3279 3652 3340 μόνον
3717 3278 3807 3326 καὶ
3870 3273 4194 3349 πατραλοίαν

815 3362 907 3419 siti
931 3364 1181 3434 (gentes;
1205 3360 1714 3418 desideraverunt:
1743 3363 1800 3415 et
1826 3359 2057 3429 repleta
2082 3364 2167 3416 est
2193 3360 2477 3417 universa

2428 3375 2477 3417 ια
2585 3364 2676 3411 καὶ
2706 3358 2891 3421 ἀπειθῆ
2929 3361 3103 3425 ἀξιοῦν
3132 3364 3391 3437 τιμᾶσθαι
3448 3367 3590 3438 παρά
3647 3370 3961 3439 τοῦπατρὸς
4014 3383 4027 3398 ·
4073 3368 4192 3425 τούς

812 3458 979 3509 terra
1006 3453 1254 3509 scientia
1284 3451 1527 3508 Domini
1551 3450 1681 3521 (53).
1712 3451 1827 3505 Hoc
1875 3449 2172 3521 disposuit
2229 3449 2328 3504 Dei
2375 3449 2473 3521 ju-

2426 3467 2473 3505 1-
2585 3445 2644 3502 δὲ
2691 3447 2857 3523 μηδὲν
2911 3448 3257 3519 ἠδικηκότας,
3311 3452 3418 3506 ἀλλ’
3474 3455 3691 3526 ετοίμως
3748 3457 3970 3526 ἔχοντας
4021 3459 4190 3528 μέχρι

809 3541 983 3599 stitia.
1014 3544 1164 3598 Nam
1191 3540 1369 3611 longe
1398 3539 1514 3597 alia
1537 3539 1854 3595 hominum
1881 3553 2175 3611 perquam
2222 3537 2472 3611 iniquis-

2424 3555 2472 3593 Β·
2584 3540 2805 3593 θανάτου
2863 3543 3131 3594 πείθεσθαι
3177 3550 3251 3613 τῷ
3316 3548 3497 3616 πατρὶ,
3547 3551 3643 3605 τῆς
3706 3544 4048 3618 κληρονομίας
4101 3544 4188 3597 ἕκ-

808 3631 1102 3687 simorum
1147 3629 1442 3685 sententia
1492 3633 1600 3684 est.
1651 3631 1985 3683 Decernunt
2031 3626 2093 3681 hi
2151 3625 2390 3691 scilicet,
2435 3643 2467 3684 e

2435 3643 2467 3684 e
2579 3626 2875 3684 ϐάλλεσθαι.
2906 3631 2964 3684 Εἰ
3002 3640 3153 3684 τοῦτο
3191 3629 3396 3705 ἄδικον,
3444 3636 3615 3707 ὥσπερ
3659 3630 3747 3685 οὖν
3777 3639 3867 3686 καὶ
3924 3636 4057 3703 ἔστι,
4121 3635 4183 3687 τὸ

807 3722 1015 3777 multis
1037 3718 1320 3776 fratribus
1350 3734 1489 3775 eum
1520 3716 1715 3773 solum
1754 3716 2179 3786 dignumesse,
2213 3722 2337 3773 uta
2360 3716 2467 3774 Pa—

2423 3734 2467 3774 ι-
2576 3722 2742 3791 τούτῷ
2773 3718 3116 3794 ἀντικείμενον
3148 3717 3373 3791 δίκαιον,
3416 3727 3507 3776 καὶ
3563 3724 3777 3796 μείζονα
3832 3726 4025 3785 ταύτης
4085 3733 4187 3787 τῆς

804 3817 889 3868 tre
916 3810 1250 3867 honoribus
1280 3807 1636 3878 cumulatur,
1662 3808 1767 3881 qui
1789 3812 1847 3864 et
1892 3813 2240 3873 contumax,
2272 3811 2329 3864 et
2359 3808 2464 3864 du-

2420 3825 2464 3864 1-
2578 3805 2918 3870 δικαιοσύνης
2947 3807 3117 3871 ούδεὶς
3144 3809 3203 3862 ἆυ
3259 3813 3468 3885 εὑρήσει
3520 3816 3662 3867 ποτε.
3694 3816 3922 3871 Τοιαύτη
3967 3812 4016 3866 ἐν
4064 3822 4184 3876 ταῖς

802 3917 885 3957 rae
906 3900 1173 3968 cervicis,
1205 3903 1263 3957 et
1290 3898 1586 3972 parricida
1621 3897 1774 3965 fuit;
1845 3896 2111 3970 reliquos
2153 3913 2313 3968 vero,
2360 3898 2465 3971 qui

2421 3898 2465 3953 1i
2576 3899 2795 3971 ἡμέραις
2824 3907 2919 3961 τῆς
2957 3904 3091 3953 κατὰ
3127 3909 3227 3972 γῆν
3274 3897 3555 3975 διατριϐῆς
3601 3910 3693 3954 τού
3746 3900 3869 3975 ἐμοῦ
3914 3902 4185 3976 Σολομῶν-

800 3989 1023 4047 nullius
1066 3988 1398 4062 iniquitatis
1465 3987 1550 4044 rei
1600 3986 2153 4060 deprehenduntur,
2205 3986 2328 4043 imo
2386 3987 2464 4044 ad

2424 3987 2464 4043 d
2573 4004 2661 4047 τος
2724 3983 3034 4047 δικαιοσύνη
3091 3988 3334 4043 ἀνέτειλεν
3400 4011 3412 4024 ·
3476 3992 3626 4053 οὗτος
3674 3997 3764 4045 καὶ
3834 3988 4186 4056 δικαιοσύνης

798 4085 1057 4137 mortem
1089 4095 1281 4153 usque
1311 4078 1468 4135 Patri
1493 4078 1746 4150 obsequi
1765 4077 1957 4149 parati
1984 4082 2143 4146 sunt,
2166 4076 2245 4132 ab
2276 4078 2463 4133 haere-

2427 4095 2463 4132 ιο
2575 4076 2716 4137 ἣλιος
2759 4078 2842 4150 ὑφ’
2896 4078 3068 4153 ἑτέρου
3119 4086 3387 4154 προφήτου
3449 4084 3811 4156 προηγορεύθη
3879 4092 3969 4144 τῆς
4019 4083 4191 4146 αὐτῆς

796 4166 978 4227 ditate
1004 4173 1256 4243 paterna
1272 4166 1679 4225 excludendos
1717 4182 1868 4224 esse.
1899 4169 2077 4222 Porro
2126 4167 2174 4221 si
2220 4166 2333 4222 hoc
2378 4172 2466 4222 est

1234 4166 1679 4225 aexcludendos
1717 4182 1868 4224 esse.
1899 4169 2077 4222 Porro
2126 4167 2174 4221 si
2220 4166 2333 4222 hoc
2378 4172 2466 4222 est
2576 4166 2719 4218 ἕνεκα
2747 4163 2998 4231 διανοίας.

793 4258 1093 4333 iniquum,
1116 4258 1199 4315 uti
1228 4256 1493 4331 profecto
1523 4255 1972 4329 iniquissimum
2008 4260 2116 4325 est,
2174 4256 2350 4325 igitur
2400 4254 2567 4329 quod
2597 4256 2650 4312 ei
2696 4259 3041 4329 opponitur,
3065 4259 3296 4331 justum
3329 4266 3437 4328 est,
3462 4262 3585 4319 imo
3613 4263 3762 4320 nihil
3801 4264 3916 4320 hoc
3945 4263 4193 4337 aequius

787 4348 1044 4406 inveniri
1098 4364 1373 4422 unquam
1415 4347 1630 4420 poterit
1685 4346 2005 4418 ejusmodi,
2060 4344 2307 4418 quidem
2362 4346 2471 4402 fuit
2503 4346 2752 4418 justitia,
2789 4363 2926 4419 quae
2970 4365 3076 4421 per
3097 4350 3340 4407 eosdies
3371 4357 3503 4408 orta
3541 4358 3630 4409 est
3660 4354 3792 4425 (54),
3825 4356 4079 4427 quando
4117 4360 4187 4415 in

789 4438 956 4497 terris
985 4438 1339 4496 versabatur
1395 4435 1681 4494 Salomon
1721 4450 1893 4492 meus
1926 4453 1940 4505 ;
1996 4439 2178 4508 atque
2234 4434 2447 4491 eadem
2478 4435 2552 4491 de
2570 4452 2756 4493 causa
2774 4438 2905 4509 jam
2928 4444 3105 4495 antea
3135 4439 3212 4497 ab
3231 4442 3347 4496 alio
3370 4442 3667 4515 propheta
3690 4444 3800 4517 (55)
3828 4445 3924 4502 hic
3955 4448 4189 4521 appel-

785 4529 943 4587 latus
969 4535 1059 4586 est
1088 4528 1465 4600 soljustitiaz.

858 4622 1005 4677 XXX.
1039 4618 1193 4686 Quid
1231 4617 1430 4675 adhuc
1455 4615 1770 4690 (postulas)
1802 4616 1830 4673 ?
1877 4614 2183 4672 Salomoni
2215 4614 2452 4688 (inquit)
2489 4617 2541 4672 Ι)

2295 4614 2452 4688 quin
2489 4617 2541 4672 Ι)
2673 4617 2756 4673 Λ’.
2790 4621 2853 4670 Τί
2882 4619 2988 4686 in;
3013 4616 3309 4684 Θεὸσδοτος
3343 4623 3370 4681 ἦ
3399 4627 3557 4696 σοφία
3593 4630 3685 4676 τοῦ
3719 4624 4059 4699 Σολομῶντος.

782 4709 1072 4768 divinitus
1104 4707 1320 4765 collata
1350 4706 1649 4779 sapientia
1676 4705 1803 4762 fuit.

780 4861 786 4865 ,
853 4803 989 4857 Esto
1022 4818 1035 4869 ;
1066 4798 1175 4856 sed
1194 4803 1251 4856 et
1279 4797 1566 4855 terrestris
1594 4796 1917 4870 paradisus
1955 4812 1991 4853 a
2048 4798 2166 4853 Deo
2219 4795 2447 4869 planta-

2421 4824 2447 4850 ,ο
2636 4795 2791 4849 Ἀλλὰ
2837 4802 2927 4851 καὶ
2966 4798 2991 4850 ὁ
3020 4795 3367 4875 παράδεισος,
3412 4804 3747 4877 θεοφύτευτος
3785 4811 3874 4859 καὶ
3920 4816 4011 4860 τού
4065 4809 4185 4866 θεοὶ

780 4895 877 4949 tus
903 4890 1033 4962 fuit,
1079 4894 1137 4947 et
1189 4886 1457 4963 paradisi
1505 4886 1787 4943 divinitus
1843 4883 2093 4959 plantati
2146 4885 2448 4943 habitator

2423 4902 2448 4942 ι·
2560 4889 2813 4959 φυτεύτου
2856 4890 3043 4941 τούτου
3091 4885 3424 4954 ἕνδιαιτητὴς
3470 4894 3583 4966 (56)
3608 4896 3633 4946 ό
3666 4892 3860 4969 Ἀδὰμ,
3895 4902 3983 4951 καὶ
4022 4899 4187 4962 οὗτος

774 4982 971 5041 Adam
1001 4981 1133 5056 ipse
1159 4995 1405 5054 quoque
1437 4994 1473 5035 a
1504 4980 1623 5036 Deo
1654 4977 1933 5035 conditus
1962 4982 2053 5034 est
2085 4977 2250 5050 :ipse
2296 4993 2445 5050 quo-

2425 5008 2445 5020 υ
2561 4977 2861 5041 θεὸκτιστος
2885 4999 2897 5011 ·
2937 4983 3025 5031 καὶ
3075 4976 3227 5042 οὗτος
3267 4982 3535 5054 θεὸσοφος,
3583 4989 3673 5037 καὶ
3724 4996 4086 5061 μαρτυροῦσιν
4124 4993 4189 5042 αἱ

774 5088 895 5147 que
924 5071 1209 5129 divinitus
1230 5068 1528 5143 sapientia
1566 5066 1795 5125 ditatus
1816 5068 1943 5139 fuit,
1972 5066 2157 5141 idque
2222 5072 2442 5123 testan-

2427 5097 2442 5108 -
2555 5066 2870 5125 κατάλληλοι
2950 5074 3215 5142 σημασίαι
3267 5080 3367 5124 τῶν
3432 5072 3686 5143 κλήσεων,
3762 5076 3929 5152 οἷσπερ
3996 5078 4191 5132 ἅπασι

772 5169 868 5223 tur
895 5161 1227 5237 aptissimae
1247 5158 1719 5232 signiﬁcationes
1747 5158 2086 5230 nominum,
2129 5172 2266 5231 quin
2297 5172 2441 5214 sane

2426 5172 2441 5214 ι
2551 5165 2659 5220 τοῖς
2689 5157 2843 5221 ζώοις
2881 5156 2929 5211 ἕν
2978 5156 3289 5234 παραδείσῳ
3340 5168 3735 5239 προσήρμοσεν.
3779 5164 3916 5219 Ἀλλ’
3979 5168 4022 5220 εἰ
4083 5174 4190 5223 καὶ

836 5362 1131 5505 (47)Ρειι1.
1165 5376 1318 5430 xcrv,
1350 5362 1437 5432 19,
1468 5374 1588 5419 sec.
1618 5357 1773 5417 LXX.

862 5441 953 5505 48)
985 5439 1155 5493 Rom.
1190 5451 1271 5499 ιιι,
1305 5437 1396 5490 29.

1293 5379 1318 5430 ν,
1350 5362 1437 5432 19,
1468 5374 1588 5419 sec.
1618 5357 1773 5417 LXX.
2623 5357 2732 5429 (83)
2754 5356 2870 5414 Isa.
2902 5374 2982 5427 ιι,
3006 5361 3057 5414 9.

1305 5437 1396 5490 29.
2615 5431 2733 5505 (54)
2758 5430 2874 5505 lsa.
2897 5446 2972 5505 xi.
2998 5448 3049 5502 v,

862 5430 953 5509 48)
985 5439 1155 5493 Rom.
1190 5451 1271 5499 ιιι,
1305 5430 1426 5490 29(
2615 5436 2626 5497 (

862 5515 945 5567 i9)
970 5509 1120 5567 Heb.
1143 5524 1202 5569 ιι.
1235 5511 1320 5563 16.
2616 5510 2626 5564 4

1369 5430 1426 5490 ›,“
2615 5431 2733 5569 (54)
2758 5430 2874 5486 lsa.
2897 5446 2972 5487 x1.
2998 5448 3049 5502 ν,
3082 5434 3133 5487 8.

2641 5502 2728 5569 35)
2758 5502 3002 5559 Malach.
3032 5518 3107 5566 1v,

834 5502 945 5584 (49)
970 5509 1120 5567 Heb.
1143 5524 1202 5575 ιι,
1235 5511 1320 5563 16.
1454 5576 1471 5584 _
1645 5575 1661 5584 _
1699 5578 1715 5584 _
1965 5579 2027 5584 __
2616 5502 2728 5571 (35)
2758 5502 3002 5559 Malach.
3032 5507 3217 5584 1v,_t_:
3250 5504 3329 5584 Et
3349 5505 3582 5584 orietur
3613 5507 3790 5577 vobis,
3820 5509 4189 5571 timentibus

830 5575 943 5656 (50)
979 5584 1107 5656 Bar.
1142 5596 1223 5651 ιιι,
1249 5584 1337 5656 38,
1368 5576 1476 5635 sed
1499 5575 1667 5650 apud
1699 5578 1849 5650 LXX,
1877 5592 1937 5635 ν.
1961 5579 2049 5634 37.
2542 5590 2594 5629 ιιι

1661 5623 1667 5634 .
1699 5578 1849 5650 LXX,
1877 5592 1937 5635 ν.
1961 5579 2049 5634 37.
2542 5576 3133 5656 ιιοχζιςιεηιηςαηιηδοι
3152 5577 3425 5656 justitiai.

978 5654 1153 5728 Joan.
1181 5642 1261 5723 1v,
1291 5642 1345 5710 4’.
1833 5642 1844 5650 ⁷
2046 5708 2049 5709 ν

1590 5724 1672 5728 ,ω
1833 5642 1844 5650 ⁷
2046 5708 2049 5709 ,
2613 5648 2726 5719 (56)
2763 5646 2908 5705 Cod.
2944 5642 3346 5714 ὶνδιατητητὴς.

824 5724 939 5806 (52)
969 5725 1127 5790 Psal.
1151 5740 1283 5797 xui,
1316 5729 1365 5797 1,
1394 5738 1513 5784 sec.
1542 5724 1694 5785 LXX.
