4468 6450
285 383 406 446 .¹713

1418 385 1488 442 IN
1527 381 2150 452 ANNUNTIATIONEI
2187 383 2255 443 Β.
2295 385 2556 444 MANE.

3560 393 3666 447 ’714

279 515 349 566 τὰ
402 519 586 588 πρῶτα
638 514 986 583 μακαριστία,
1028 511 1093 562 τά
1138 527 1198 581 γε
1257 511 1360 581 μὴν
1401 504 1621 581 δεύτερα
1671 507 1880 560 ταλανι-
1919 508 1964 563 Α
1996 506 2043 580 if

1919 508 1964 563 Α
1996 506 2124 580 ipse
2144 506 2206 564 in
2231 507 2517 579 paradiso
2544 509 2840 566 universis
2861 509 3274 567 animantibus
3299 513 3663 570 convenien-

283 607 432 668 στία,
471 606 562 654 καὶ
599 602 665 652 τὰ
701 608 792 662 τῆς
843 598 1082 670 εὐλογίας
1130 599 1563 670 μετεστράφησαν
1607 598 1681 660 ιίς
1729 599 1892 650 κατά-

278 711 378 766 ραν
420 688 513 743 διὰ
546 692 632 741 τόν
672 693 784 762 ὅφιν
833 693 924 741 καὶ
971 692 1068 747 τήν
1123 694 1367 758 γυναῖκα.
1408 686 1466 738 Ὀ
1511 690 1600 759 μιν
1642 689 1744 760 γὰρ
1785 687 1892 740 εἰσο

281 785 529 851 ηγησατο
583 783 679 837 τὴν
736 777 1056 831 πολυθιῖαν·
1126 776 1346 831 Ἐσισθι
1399 779 1520 848 γὰρ,
1574 782 1754 849 φησὶν,
1823 779 1890 838 ὡς

285 871 394 922 θεοί
425 889 441 904 ο
477 870 508 926 ἡ
549 865 608 921 δι
637 876 736 920 τῶν
772 868 1091 940 εἰσηγησειυν
1142 864 1385 927 διάκονος
1423 870 1553 940 πρὸς
1601 863 1772 934 ἄνδρα
1808 884 1891 936 γε·

281 963 517 1030 γένηται.
581 961 681 1011 Καὶ
745 959 771 1009 ό
841 955 1092 1030 βασιλεὺς
1150 964 1250 1008 τῶν
1326 954 1561 1028 ἐπιγείων
1629 955 1886 1026 ἁπάντων,

281 1051 503 1121 γυμνός,
554 1044 914 1119 αἰχμάλωτος,
954 1044 1152 1112 ἄθλιος,
1214 1052 1306 1096 τοῦ
1357 1040 1687 1118 παραδείσου
1727 1045 1890 1117 ὑπερ·-

283 1137 540 1212 ορίζεται.

2003 600 2089 652 ter
2121 595 2428 669 imposuit.
2461 599 2679 654 Verum
2730 598 2777 653 si
2825 599 3022 671 prima
3049 600 3178 655 haec
3233 600 3315 656 uti
3365 599 3666 658 fortunata

2000 683 2310 741 laudanda
2340 690 2498 752 sunt,
2530 687 2839 744 enimvero
2870 692 2934 744 ut
2976 688 3150 744 valde
3176 704 3524 746 aerumnosa
3563 690 3666 746 de-

2001 773 2300 847 ploranda
2344 782 2485 831 sunt
2530 776 2882 847 posteriora,
2915 792 2987 833 ac
3032 776 3470 833 benedictionis
3508 777 3668 835 illius

2001 862 2266 919 conditio
2305 863 2366 920 in
2405 864 2892 921 maledictionem
2923 871 3169 938 propter
3214 871 3552 939 serpentem
3584 873 3667 924 at-

2001 966 2120 1024 que
2150 951 2462 1009 mulierem
2497 969 2794 1011 conversa
2823 959 2930 1010 est.
2967 957 3116 1011 Nam
3146 971 3393 1028 serpens
3421 955 3670 1028 quidem

2001 1039 2256 1098 deorum
2305 1042 2528 1099 invexit
2585 1043 3054 1115 multitudinem,
3113 1045 3405 1116 quoniam
3459 1044 3666 1103 dixit:

1967 1133 1971 1137 ’
2007 1130 2196 1187 Eritis
2217 1133 2369 1188 sicut
2402 1132 2486 1188 dii
2513 1135 2667 1204 (5‘7);
2699 1132 2916 1189 mulier
2953 1139 3157 1190 autem
3187 1134 3489 1191 malorum
3528 1135 3672 1206 (ser.

283 1226 510 1299 pontis)
546 1225 940 1283 consiliorum
969 1221 1326 1281 administra
1355 1222 1521 1296 apud
1552 1222 1751 1279 virum
1795 1220 1954 1278 facta
1994 1223 2102 1276 est.
2151 1221 2295 1277 Hinc
2334 1236 2438 1278 rex
2485 1221 2582 1278 ille
2624 1222 3063 1294 universorum,
3107 1239 3240 1296 quae
3284 1227 3456 1280 erant
3487 1237 3670 1294 super

282 1318 528 1387 terram,
549 1314 772 1380 nudus,
799 1313 1092 1386 captivus,
1118 1312 1475 1370 miserabilis
1497 1329 1529 1369 e
1559 1311 1844 1385 paradiso
1873 1307 2207 1379 expellitur.

356 1409 444 1463 Μή
501 1407 559 1458 τὸ
597 1407 732 1456 κατὰ
769 1407 855 1455 τὸν
907 1401 1209 1475 Σολομῶντος
1263 1398 1444 1478 δρᾶμα
1501 1411 1596 1464 τῆς
1628 1403 1764 1453 κατά
1810 1403 1896 1452 τὸν

305 1489 466 1566 Αδὰμ
525 1491 724 1553 ἀπάτης
791 1490 1044 1559 ἅπίοικες
1108 1495 1195 1549 Μὴ
1253 1493 1320 1543 τὰ
1384 1493 1519 1542 κατὰ
1578 1495 1666 1542 τὸν
1727 1485 1899 1560 Ἀδὰμ

285 1581 618 1639 ἀκατάλληλα
651 1583 783 1655 πρὸς
835 1585 921 1633 τόν
979 1579 1326 1652 Σολομῶντα;
1379 1587 1492 1632 τῶν
1535 1581 1678 1632 θείων
1731 1597 1899 1650 χαρι-

288 1673 499 1744 σμάτων
552 1669 768 1746 πλήρεις
819 1669 1097 1743 ἀμφότεροι
1129 1686 1142 1699 ·

283 1759 468 1814 λυθεία
506 1759 917 1832 ἀπαλλοτριοῡσι
969 1767 1061 1811 τοῦ
1113 1767 1248 1811 Θεοῦ
1303 1763 1425 1820 τοὺς
1619 1759 1901 1830 ἡμετέρους

1192 1673 1322 1741 γυνὴ
1384 1673 1473 1722 καὶ
1503 1671 1617 1741 ὄφις
1679 1673 1764 1719 καὶ
1807 1686 1897 1719 πο·

2080 1399 2381 1474 Numquid
2403 1415 2526 1458 non
2551 1401 2693 1458 Ades
2736 1401 2924 1458 ruinae
2951 1417 3063 1474 par
3082 1401 3382 1459 invenitur
3404 1401 3672 1460 Salomo-

2010 1487 2105 1544 nis
2139 1489 2474 1559 tragoedia?
2517 1491 2793 1562 Nunquid
2824 1506 2946 1546 non
2974 1491 3257 1548 simillimi
3295 1492 3437 1548 Adin
3469 1508 3540 1548 ac
3571 1493 3674 1549 Sa-

2009 1576 2268 1632 lomonis
2291 1593 2468 1634 casus
2482 1580 2508 1634 ‘I
2524 1578 2718 1634 Ambo
2733 1579 2952 1635 divinis
2973 1580 3328 1636 muneribus
3346 1580 3666 1647 cumulati;

2010 1666 2224 1723 mulier
2251 1673 2309 1724 et
2339 1684 2586 1741 serpens
2617 1675 2671 1725 et
2701 1669 2954 1725 deorum
2999 1671 3320 1726 multitudo
3358 1677 3598 1728 nostros
3633 1687 3672 1728 a

2013 1755 2130 1810 Deo
2153 1755 2379 1827 primos
2410 1762 2688 1828 parentes
2711 1757 3003 1812 alienant:
3033 1758 3269 1825 eadem,
3301 1773 3438 1830 quae
3461 1759 3672 1830 primis

286 1852 622 1925 προπάτορας
657 1865 670 1879 ⁸
740 1850 1059 1901 ταυτοπαθεί
1137 1856 1247 1908 τοῖς
1308 1850 1642 1921 προπάτορσι
1713 1850 1800 1897 καὶ
1873 1846 1898 1896 6
1933 1828 1972 1882 Β
2013 1858 2050 1914 p

1933 1828 1972 1882 Β
2013 1844 2384 1914 parentibus,
2413 1851 2470 1900 et
2497 1845 2700 1917 nepoti
2743 1845 3072 1902 obveniunt
3117 1846 3295 1911 mala,
3321 1828 3667 1919 iisdemque

286 1936 542 2010 ἀπόγονος
594 1943 683 1990 καὶ
732 1939 832 1990 ὑπό
871 1945 970 1990 τῶν
1020 1939 1210 2008 ὁμοίων
1265 1935 1555 1991 ἁλίσκιται.
1591 1936 1732 1989 Ἐπεὶ
1780 1933 1900 1985 κάν·

286 2030 458 2081 ταῦθα
550 2026 818 2101 συμϐουλὴ
900 2035 1179 2098 γυναικῶν,
1248 2032 1337 2078 καὶ
1423 2030 1548 2100 πρὸς
1623 2023 1898 2077 πολυθεῖαν

286 2123 622 2192 παρεκτροπη
660 2133 674 2148 ⁸
728 2122 818 2168 καὶ
869 2113 991 2168 οὐδὲ
1045 2120 1155 2187 ὄφις
1207 2117 1397 2168 ἄπεστι
1449 2113 1896 2186 κακοσύμϐουλος.

284 2215 453 2260 Τοῦτο
493 2203 632 2258 οἶδεν
676 2208 702 2258 ό
749 2207 1015 2266 πεπονθώς
1050 2227 1061 2238 ι
1107 2204 1299 2257 ἐκείνου
1339 2207 1440 2279 γὰρ
1471 2205 1626 2275 λόγος
1665 2207 1744 2269 τό,
1799 2209 1901 2256 Κα-

293 2299 584 2369 θαιροῦντα
643 2299 880 2369 φραγμὸν
931 2291 1149 2357 δήξεται
1208 2299 1365 2366 ὄφις·
1431 2314 1503 2356 εις
1555 2298 1792 2367 φραγμὸν
1841 2289 1902 2344 δέ

289 2407 382 2459 μοι
409 2388 434 2438 ὁ
473 2390 567 2448 τὰς
606 2385 713 2439 ἐπεὶ
743 2383 854 2446 ταῖς
880 2384 1178 2457 ἀλλοφύλοις
1224 2385 1492 2456 ἐπιμιξίας
1543 2384 1900 2454 ἀποτειχίζων

289 2482 448 2549 νόμος
500 2475 796 2539 ίξείληπται
828 2493 840 2506 ·
897 2480 986 2528 καὶ
1017 2480 1110 2533 τήν
1153 2473 1355 2532 ἀπάτην
1407 2475 1658 2532 ταύτηνό
1719 2476 1902 2535 νοητὸς

290 2570 592 2638 γεγέννηκεν
619 2570 748 2638 ὄφις.

372 2744 496 2799 AA'.
555 2746 734 2798 Ταῦτά
793 2763 876 2796 σοι
941 2751 1014 2814 τῷ
1089 2743 1460 2817 πεπλανημένῳ
1522 2740 1763 2814 Ἰουδαίῳ
1815 2749 1904 2796 καὶ

301 2836 729 2909 σκληρογνώμονι
781 2834 837 2886 ἐκ
867 2842 968 2886 τῶν
997 2833 1194 2885 πολλῶν
1232 2834 1404 2905 ὀλίγα.
1449 2831 1588 2887 Οὐδὲ
1634 2837 1735 2908 γὰρ
1780 2853 1904 2906 συγ-

296 2933 466 3000 χωρεῖ
522 2933 635 2985 ταῖς
695 2923 1058 2997 ἀντιρρήσεσιν
1114 2925 1529 2996 ἑμπλατύνεσθαι
1569 2926 1598 2981 ἡ
1647 2922 1906 2975 ίνεστώσα

297 3019 604 3088 πανήγυρις.
672 3019 948 3064 Δικανικοῡ
1023 3015 1123 3085 γὰρ
1189 3015 1245 3065 τὸ
1324 3009 1710 3086 σφοδρννεσθαι
1773 3015 1908 3064 κατὰ

297 3111 398 3155 τῶν
454 3101 837 3173 ἀντιλεγόντων,
908 3107 999 3153 καὶ
1064 3103 1182 3164 ταῖς
1239 3100 1561 3154 ἀντιθέοισιν
1623 3101 1903 3176 ἀντιπαρα-

2007 1931 2240 2004 laqueis
2273 1933 2366 1988 hic
2395 1935 2801 2005 prehenditur.
2835 1939 2982 1991 Nam
3013 1935 3196 1992 etiam
3226 1937 3323 1991 hic
3357 1937 3673 1991 suasiones

2012 2022 2351 2086 mulierum,
2389 2027 2444 2078 et
2470 2023 2546 2078 ad
2593 2024 3072 2094 polytheismum
3116 2025 3463 2090 conversio;
3506 2031 3563 2080 et
3591 2041 3670 2080 ne

2012 2126 2257 2182 serpens
2281 2111 2529 2184 quidem
2557 2113 2727 2168 deest
2755 2112 2897 2167 mali
2919 2119 3129 2170 auctor
3152 2114 3401 2169 consilii.
3439 2115 3504 2169 Id
3542 2129 3676 2170 sen-

2012 2199 2085 2254 sit
2114 2205 2168 2255 et
2189 2199 2305 2267 ille,
2338 2201 2441 2272 qui
2471 2201 2689 2256 horum
2725 2202 3022 2256 malorum
3065 2204 3366 2274 particeps
3397 2203 3547 2269 fuit;
3582 2202 3676 2275 ip-

2012 2287 2134 2343 sius
2161 2289 2321 2344 enim
2354 2305 2464 2344 vox
2490 2289 2588 2344 illa
2609 2296 2697 2344 est
2727 2307 2738 2343 :
2766 2291 2878 2357 Qui
2907 2292 3163 2360 dissipat
3198 2307 3414 2360 sepem,
3445 2292 3677 2347 morde-

2013 2375 2095 2431 bit
2115 2392 2248 2432 eum
2280 2378 2526 2433 coluber
2553 2380 2686 2446 (59).
2703 2380 2883 2450 Sepes
2913 2385 3115 2434 autem
3136 2378 3253 2447 hic,
3269 2395 3406 2435 mea
3427 2378 3677 2450 quidem

2013 2467 2323 2532 sententia,
2357 2483 2466 2540 pro
2519 2467 2650 2537 lege
2695 2468 3005 2539 accipitur.
3051 2485 3187 2541 quae
3227 2470 3415 2525 instar
3445 2468 3603 2524 muri
3641 2484 3680 2525 a

2014 2556 2401 2627 permistione
2433 2573 2571 2612 cum
2603 2557 2956 2613 mulieribus
2986 2558 3336 2628 alienigenis
3394 2557 3676 2622 arcebat;

2015 2646 2246 2701 ethanc
2269 2662 2514 2719 quoque
2548 2651 2790 2702 ruinam
2821 2647 3101 2718 spiritalis
3136 2663 3383 2718 serpens
3409 2647 3667 2719 peperit.

2088 2737 2262 2790 XXXI.
2305 2741 2498 2808 Atque
2527 2735 2654 2791 haec
2688 2751 2883 2808 pauca
2922 2751 2954 2792 e
2995 2735 3197 2792 multis
3231 2736 3355 2804 tibi,
3387 2753 3424 2791 o
3452 2735 3679 2803 Judaee,

2017 2825 2320 2881 aberranti
2371 2831 2427 2881 et
2473 2826 2534 2880 in
2589 2841 2786 2881 errore
2836 2826 3219 2898 pervicaciter
3268 2825 3680 2897 perseveranti

2017 2913 2176 2970 dicta
2206 2914 2445 2971 fuerint.
2489 2917 2692 2986 Neque
2717 2916 2881 2971 enim
2910 2915 3285 2985 longioribus
3312 2914 3684 2970 refutationi-

2018 3003 2133 3059 bus
2174 3003 2463 3069 insistere,
2495 3020 2633 3074 quae
2665 3020 2824 3060 nunc
2861 3005 3194 3061 celebratur
3227 3005 3535 3073 festivitas,
3578 3019 3684 3076 pa-

2021 3094 2177 3149 titur.
2204 3096 2268 3149 Et
2288 3093 2576 3150 causidici
2608 3094 2854 3166 quidem
2888 3094 3078 3165 fuerit,
3114 3095 3405 3151 adversus
3439 3099 3682 3150 contra-

295 3193 599 3245 τάττεσθαι.
658 3198 1062 3265 Πανηγυριστοῦ
1094 3186 1152 3242 δε
1195 3193 1252 3243 τὸ
1302 3190 1575 3266 ῥυθμίζειν
1614 3195 1669 3243 τὸ
1731 3191 1905 3244 ἑπιθυ-
1946 3185 1986 3240 C
2017 3182 2054 3238 d

1946 3185 1986 3240 C
2017 3182 2282 3238 dicentes
2334 3183 2748 3238 vehementius
2777 3183 3163 3252 contendere,
3213 3190 3392 3256 atque
3439 3183 3682 3254 objecta

296 3289 428 3353 μοῦν
471 3287 566 3343 τῆς
613 3279 800 3353 ψυχῆς
855 3287 971 3340 ταῖς
1027 3280 1316 3355 εἰρηνικαῖς
1361 3280 1746 3347 καταστάσεσι,
1781 3280 1911 3333 κάπὶ

296 3374 356 3422 τὸ
411 3368 682 3442 ἀτάραχον
712 3374 804 3420 καὶ
847 3368 1107 3421 ἀθόλωτον
1161 3371 1482 3442 κατάστημα
1536 3379 1630 3430 τῆς
1685 3367 1911 3442 καρδίας

297 3466 395 3520 τὴν
435 3461 631 3536 ἑόρτιον
689 3457 885 3519 ἡδονὴν
937 3461 1240 3534 θαλαμευειν
1283 3460 1732 3535 ἀστενοχὼρητον.
1775 3461 1908 3515 Ἀλλ’

299 3551 448 3604 οὗτοι
475 3553 565 3623 μιν
588 3553 636 3603 οἱ
675 3553 1051 3626 χριστομάχοι
1075 3554 1222 3626 θῆρις
1261 3553 1613 3623 οἰχέσθωσαν,
1639 3557 1726 3604 καὶ
1751 3571 1914 3610 κατη-

301 3644 561 3712 σχυμίνοι
594 3644 923 3711 φευγέτωσαν
956 3657 968 3669 ·
1028 3646 1127 3694 Καὶ
1157 3643 1428 3712 γενηθήτω
1483 3643 1510 3699 η
1575 3637 1694 3702 ὁδός
1741 3641 1910 3693 αὐτῶν

305 3734 489 3790 σκότος
542 3735 635 3781 καὶ
688 3729 952 3802 ὀλίσθημα
985 3751 998 3762 ·
1046 3735 1134 3782 καὶ
1165 3730 1378 3801 ἄγγελος
1421 3737 1613 3804 κυρίου
1645 3726 1909 3783 καταδιωο

300 3823 434 3872 κίτω
466 3819 668 3889 αὐτοὺς,
696 3820 721 3870 6
751 3821 818 3870 τά
856 3818 1132 3890 ιυαγγέλια
1160 3821 1390 3892 κομίζων
1417 3828 1477 3892 τῇ
1515 3821 1860 3893 Ἀειωαρθένῳ
1896 3834 1907 3849 ⁶

299 3911 450 3982 ἡμῶν
478 3905 537 3961 δε
567 3909 713 3969 οὗτος
744 3911 1167 3984 προπορευέσθω,
1209 3915 1298 3963 καὶ
1329 3910 1401 3971 εἰς
1434 3914 1606 3963 αἶσιον
1638 3911 1777 3972 τέλος
1824 3915 1911 3962 τόν

296 3997 450 4072 λόγον
480 3998 646 4071 ἀγέτω
677 4019 690 4032 ·
725 3994 842 4051 εἶεν.

377 4262 495 4316 ΛΗ.
545 4261 681 4316 Ἀλλ’
739 4263 844 4336 ὁρῶ
896 4267 1214 4338 προρητικόν
1252 4268 1417 4339 χορόν
1456 4263 1795 4338 ὁμοθυμαδὸν
1848 4277 1907 4341 τῇ

305 4355 597 4425 πανηγύρει
660 4355 1018 4425 συντρέχοντα
1086 4359 1421 4426 γεγανωμένῳ
1487 4363 1749 4428 προσώπῳ
1825 4363 1913 4410 καὶ

303 4438 599 4516 μειδιῶντι,
630 4447 721 4493 καὶ
761 4440 977 4516 βίϐλους
1035 4443 1365 4514 ὑπαγκάλονς
1422 4443 1781 4518 βαστάζοντα,
1823 4453 1912 4500 καὶ

2020 3272 2303 3328 refellere.
2321 3273 2677 3344 Panegyrim
2702 3289 2842 3328 vero
2865 3273 3221 3329 celebrantis
3240 3273 3437 3343 magis
3458 3289 3682 3329 munus

2021 3365 2109 3417 est
2142 3360 2328 3417 animi
2357 3367 2556 3416 motus
2583 3361 2662 3417 ad
2695 3361 3083 3432 tranquillum
3131 3361 3408 3417 ordinem
3439 3377 3686 3434 compo-

2021 3464 2181 3514 nere,
2211 3455 2266 3505 et
2291 3449 2505 3505 exinde
2527 3449 2589 3504 in
2621 3449 2825 3516 corda,
2857 3465 2994 3522 quas
3027 3465 3239 3506 serena
3267 3465 3339 3507 ac
3364 3449 3688 3521 tranquilla

2021 3554 2170 3610 pace
2200 3537 2493 3596 fruantur.
2509 3538 3016 3609 jucundissimam
3039 3539 3324 3596 inducere
3350 3540 3685 3596 festivitatis

2021 3628 2414 3699 voluptatem.
2449 3628 2561 3683 Sed
2595 3627 2818 3684 abeant
2847 3644 2992 3684 sane
3025 3628 3240 3685 belluas
3284 3629 3411 3684 istm
3455 3629 3688 3686 Christo

2020 3717 2286 3786 infensas,
2322 3722 2378 3772 et
2417 3717 2648 3788 pudore
2673 3717 2885 3772 suffusi
2924 3717 3274 3784 discedant;
3307 3720 3564 3789 Fiatque
3590 3721 3689 3774 via

2021 3807 2267 3862 illorum
2301 3806 2572 3871 tenebrae,
2609 3813 2661 3862 et
2699 3807 2996 3862 lubricum
3021 3825 3040 3862 :
3070 3814 3122 3863 et
3156 3814 3560 3879 persequatur
3594 3822 3688 3863 eos

2021 3898 2273 3967 angelus
2312 3898 2556 3952 Domini
2581 3899 2711 3970 (61),
2741 3897 2847 3969 qui
2877 3897 3017 3953 felix
3066 3899 3347 3955 nuntium
3376 3898 3456 3954 ad
3480 3914 3692 3971 perpe-

2021 3991 2188 4043 tuam
2242 3987 2404 4042 illam
2438 3987 2740 4057 Virginem
2791 3986 3024 4043 defert:
3075 3989 3204 4059 ipse
3253 3993 3457 4045 autem
3510 3987 3688 4043 nobis

2020 4081 2263 4150 praeeat,
2298 4081 2354 4133 et
2383 4077 2718 4133 orationem
2768 4082 3039 4134 nostram
3087 4078 3167 4135 ad
3197 4079 3430 4136 felicem
3461 4079 3690 4135 exitum

2021 4165 2337 4238 perducat.
2378 4171 2459 4221 Ac
2489 4166 2564 4220 de
2595 4166 2688 4221 his
2717 4166 3031 4222 hactenus.

2093 4257 2294 4311 XXXII.
2328 4260 2400 4310 At
2423 4271 2559 4311 ecce
2592 4256 2941 4311 universum
2973 4258 3226 4314 chorum
3255 4260 3692 4332 prophetarum

2023 4345 2218 4417 video,
2253 4346 2333 4403 ad
2379 4345 2538 4402 hanc
2592 4346 2997 4403 celebritatem
3045 4348 3182 4404 laeto
3236 4366 3306 4405 ac
3355 4352 3693 4413 subridenti

2027 4436 2193 4491 vultu
2244 4451 2364 4490 una
2411 4435 2587 4490 simul
2618 4452 2832 4491 omnes
2861 4444 3264 4504 accurrentes,
3307 4439 3493 4497 libros
3535 4445 3693 4502 ulnis

303 4532 520 4604 ετοίμως
578 4534 765 4604 ἴχοντυ
820 4541 893 4602 τῷ
951 4531 1348 4607 ἐσφραγισμένοι
1400 4543 1492 4586 του
1547 4543 1680 4588 Θεοῦ
1723 4535 1908 4610 βιϐλίῳ
1949 4546 1994 4601 D
2026 4541 2067 4596 8‘

1949 4546 1994 4601 ο
2026 4529 2718 4596 gestantes,paratosque
2745 4525 3133 4595 obsignatum
3155 4528 3321 4584 illum
3349 4533 3445 4586 Dei
3468 4533 3689 4590 librum

305 4619 410 4673 ἀπὸ
453 4619 642 4692 βίϐλου
692 4620 1049 4695 προσομιλειν.
1109 4629 1381 4698 Χοραρχεῖ
1439 4620 1497 4676 δε
1545 4634 1638 4687 τῆς
1696 4631 1916 4698 πανεγὺ-

301 4729 430 4786 ρεως
483 4712 509 4761 6
561 4716 813 4782 Μωῡσῆς,
866 4712 958 4764 οὐκ
999 4715 1075 4764 ἔτι
1122 4712 1411 4784 μογιλαλῶν
1452 4714 1590 4786 (60),
1633 4718 1807 4789 ὥσπερ
1862 4721 1918 4770 τό

304 4804 578 4876 πρότερον,
609 4804 674 4862 ὡς
704 4800 751 4853 ἕν
790 4809 852 4874 τῇ
913 4801 1130 4875 γλώσσῃ
1185 4802 1468 4875 βαστάζων
1512 4809 1570 4856 τό
1623 4803 1762 4880 βαρὺ
1804 4828 1922 4882 φορ-

305 4894 414 4943 τίον
470 4897 564 4942 τοῦ
623 4893 803 4963 νόμον,
868 4889 994 4942 ἀλλά
1041 4897 1392 4966 τετρανωμένη
1450 4893 1650 4967 γλώττῃ
1706 4898 1923 4968 φθεγγό-

305 4997 478 5053 μενος.
541 4981 826 5052 Φθίγγεται
862 4977 922 5034 δι
960 4985 1048 5049 τίς
1086 4982 1358 5057 Παρελθὼν
1399 4982 1597 5057 ὄψομαι
1654 4989 1711 5037 τό
1752 4988 1924 5060 ὅραμα

305 5075 368 5126 τὸ
435 5074 573 5144 μέγα
621 5078 796 5141 τοῦτο,
856 5076 908 5124 τί
959 5073 1039 5126 ὅτι
1105 5073 1163 5126 οὐ
1231 5081 1575 5128 κατακαίεται
1640 5079 1669 5135 ἠ
1739 5076 1924 5159 βάτος,

305 5163 402 5218 καὶ
457 5167 628 5218 ταῦτα
690 5162 751 5216 τὸ
808 5169 910 5236 πῦρ
987 5167 1044 5216 τό
1125 5167 1393 5238 ἱπτόμενον
1455 5175 1554 5218 τῶν
1621 5166 1776 5240 ὀρέων
1837 5174 1927 5221 καὶ

384 5432 500 5502 (57)
528 5432 670 5488 Gen.
698 5447 780 5502 ιιι,
807 5436 856 5488 5.

387 5503 502 5574 (58)
538 5503 684 5560 Cod.
714 5513 824 5564 τῆς.

389 5579 503 5646 (59)
537 5575 726 5643 Eccle,
749 5594 802 5646 χ,
834 5577 888 5646 8.

388 5649 410 5713 ί
417 5645 510 5720 60)
537 5647 676 5704 Cod.
715 5645 1058 5720 μογγιλαλών.

384 5720 505 5792 (61)
534 5720 691 5777 Psal.
714 5737 907 5790 xxxiv,
923 5725 976 5778 6.
998 5723 1268 5782 Fortasse
1289 5725 1622 5785 Germanus
1643 5740 1768 5788 non
1788 5727 1930 5788 vitio

610 5814 859 5876 PATROL.
902 5813 1001 5872 Gn.
1048 5813 1195 5874 CXL.

2027 4618 2134 4686 (sc.
2156 4619 2429 4670 sanctam
2455 4615 2781 4683 Virginem)
2799 4631 2831 4670 e
2859 4617 2980 4670 suis
3003 4617 3412 4674 voluminibus
3437 4622 3690 4695 alloqui.

2033 4707 2098 4760 In
2112 4704 2226 4760 hac
2253 4719 2432 4776 porro
2458 4703 2796 4760 celebritate
2819 4705 3048 4776 primas
3072 4707 3194 4774 agit
3212 4716 3411 4778 partes
3439 4714 3690 4783 Moyses,

2031 4809 2157 4851 non
2187 4794 2466 4867 amplius,
2519 4799 2582 4849 ut
2611 4793 2776 4859 olim,
2823 4809 2928 4850 ore
2969 4795 3178 4863 blaeso,
3230 4798 3455 4870 quippe
3500 4803 3696 4873 quiin

2030 4894 2240 4964 lingua
2262 4908 2443 4963 grave
2465 4892 2612 4962 legis
2651 4908 2806 4948 onus
2835 4893 3084 4957 ferebat,
3115 4895 3220 4950 sed
3249 4898 3697 4968 expeditissime

2032 4983 2307 5056 loquens.
2368 4982 2522 5049 Quid
2578 4998 2759 5054 porro
2798 4982 3069 5038 clamat?
3129 4986 3448 5043 Transiens
3490 4991 3698 5046 videbo

2034 5075 2319 5130 visionem
2347 5071 2506 5129 hanc
2534 5088 2838 5143 magnam,
2868 5089 3056 5144 quare
3083 5076 3268 5131 rubus
3300 5093 3421 5132 non
3466 5081 3700 5136 combu-

2036 5169 2216 5232 ratur
2245 5161 2380 5236 (62),
2435 5163 2639 5236 idque,
2672 5163 2807 5220 licet
2853 5163 2916 5219 in
2962 5165 3286 5238 semetipsa
3334 5166 3501 5224 illum
3534 5177 3702 5241 gerat

2039 5435 2470 5511 codicis,quem
2500 5450 2690 5491 manu
2721 5434 2968 5501 terebat,
2995 5434 3100 5511 sed
3130 5437 3361 5494 ratione
3384 5446 3702 5511 syntaxeos

2038 5511 2236 5582 posuit
2293 5503 2835 5584 iurudtmxérasupl‘o
2871 5503 3255 5584 γκαταδιὼκων,
3311 5503 3508 5584 ριὀὐιί
3565 5531 3706 5570 con.

2042 5580 2188 5662 sone
2219 5597 2358 5636 cum
2414 5581 2620 5638 Latina
2674 5580 2924 5652 Vulgata
2979 5580 3164 5640 habet
3215 5589 3273 5640 et
3312 5580 3533 5644 'Graeca
3579 5591 3707 5646 LXX

2041 5669 2256 5710 VCPSIO.
2845 5674 2851 5679 '

2112 5728 2227 5799 (62)
2268 5724 2453 5789 Exod.
2499 5740 2583 5797 ιιι,
2630 5729 2685 5788 3.

3357 5825 3428 5881 23
