4468 6450
851 371 958 428 ’716

1993 369 2306 432 (ΞΕΒΜΛΝΙ
2353 368 2399 430 ιι
2447 376 2560 436 CP.
2617 368 3080 436 ΡᾹἸῊΙΑΒΟΗΕ
3550 389 3552 391 ’
4111 380 4203 440 716

842 495 1045 567 ignem
1065 498 1166 568 qui
1186 499 1381 566 tangit
1405 502 1632 554 montes
1662 502 1716 554 et
1732 497 2188 569 fumigant(64).
2215 503 2362 556 Nam
2385 515 2498 556 cas—
2531 503 2579 556 Α

2436 515 2498 556 ιθ-
2531 503 2579 556 Α
2607 503 2946 562 καπνίζονται
2974 503 3109 573 (63),
3158 508 3387 578 φέρουσα
3438 503 3486 555 έν
3530 504 3712 576 έαυτῇ.
3746 509 3848 558 Καὶ
3899 505 4060 567 ἄλλως
4114 510 4200 578 γὰρ

841 591 1034 643 terum
1063 586 1228 642 haud
1285 587 1464 642 timeo
1502 587 1648 642 illud
1683 589 1812 644 :Ne
1856 590 2177 657 apprOpies
2213 590 2330 646 huc
2357 592 2498 661 (65).

841 676 1204 748 Corporeum
1234 676 1396 731 enim
1423 676 1920 745 calceamentum,
1950 693 2074 748 quo
2099 678 2300 733 medio
2327 678 2496 733 cmle-

839 764 942 819 stis
971 764 1175 819 anima
1199 769 1366 820 terre
1397 764 1636 827 insistit,
1659 765 1898 834 jamdiu
1929 771 2054 819 tum
2080 766 2302 820 dimisi.
2336 770 2497 820 Insu-

836 867 946 924 per
965 853 1121 922 ignis
1166 853 1278 908 iste
1331 853 1496 908 haud
1543 855 1695 923 ignis
1725 869 2074 910 consumens
2107 861 2190 909 est
2226 857 2356 925 (66),
2391 855 2494 909 sed

836 942 1099 996 suaviter
1116 941 1464 997 illuminans
1492 947 1550 998 et
1579 941 1926 997 exhilarans
1951 959 1964 996 :
1997 943 2200 1012 Neque
2220 945 2376 997 enim
2405 959 2498 1000 ve-

835 1031 947 1095 nit,
978 1036 1042 1084 ut
1057 1030 1289 1099 judicet
1309 1030 1620 1101 mundum,
1653 1031 1755 1087 sed
1781 1038 1844 1085 ut
1870 1031 2095 1086 mundo
2118 1033 2372 1087 salutem
2400 1033 2492 1101 fe-

834 1124 932 1174 rat
963 1121 1097 1189 (67).
1137 1121 1364 1174 Rursus
1411 1118 1588 1174 video
1643 1121 1827 1174 Deum
1886 1121 2275 1176 inclinantem
2318 1121 2494 1176 celos

833 1213 890 1263 et
913 1207 1360 1264 descendentem
1386 1209 1502 1278 (68)
1525 1208 1585 1262 in
1617 1214 1886 1263 montem
1912 1212 2211 1273 sanctum,
2235 1209 2340 1281 qui
2371 1210 2495 1263 uni-

831 1311 1021 1351 versae
1054 1300 1221 1351 terrm
1254 1296 1679 1368 supereminet,
1711 1301 1768 1350 et
1797 1296 1942 1350 nihil
1973 1297 2083 1350 nisi
2115 1295 2355 1351 caeleste
2401 1311 2491 1352 sa-

830 1384 1247 1456 pit(69).Video
1268 1390 1495 1440 terram
1519 1387 1936 1453 promissionis
1959 1387 2110 1440 lacte
2129 1391 2183 1441 et
2209 1386 2389 1440 melle
2408 1401 2495 1439 re-

829 1473 1138 1529 missionis
1171 1480 1509 1529 manantem
1535 1473 1668 1543 (70).
1698 1476 1805 1528 Pro
1836 1479 2027 1527 vetere
2057 1473 2158 1529 illa
2186 1474 2333 1528 mihi
2359 1473 2496 1528 hor-

827 1563 1034 1619 risona
1084 1577 1253 1629 voce,
1288 1563 1702 1618 dulcissimam
1756 1577 1918 1617 nunc
1948 1562 2207 1618 exaudio
2241 1579 2254 1616 :
2289 1563 2492 1618 audivi

827 1650 972 1707 olim
1000 1652 1302 1708 :Ascende
1327 1653 1391 1706 in
1421 1652 1583 1707 hunc
1603 1657 1879 1712 montem,
1912 1657 1966 1707 et
1990 1666 2222 1706 morere
2249 1651 2333 1705 ibi
2352 1657 2432 1712 (7t
2451 1654 2488 1721 );

827 1745 885 1797 et
913 1753 1052 1796 cum
1092 1740 1526 1804 ascendissem,
1559 1741 1758 1796 statim
1806 1740 1947 1795 inde
1980 1739 2058 1796 ad
2089 1741 2311 1795 inferos
2357 1739 2489 1794 des-

2609 596 2665 642 τό
2722 598 2808 650 Μή
2869 592 3083 665 έγγίσης
3135 591 3256 658 ὧδε,
3323 594 3381 644 οὐ
3435 590 3676 651 δέδοικα,
3707 600 3834 647 Τότε
3881 594 3982 667 γὰρ
4041 616 4202 668 σωμαο

2607 684 2748 731 τικόν
2797 678 3067 753 ὑπόδημα,
3202 687 3346 753 μέσῳ
3396 686 3424 740 ἡ
3463 683 3702 754 οὐράνιος
3751 683 3906 754 ψυχή
3951 683 4200 758 προσδια-

2607 768 2770 839 τρίϐει
2814 777 2874 840 τῇ
2925 778 3017 841 γῇ,
3069 773 3273 842 φθάσας
3327 769 3686 841 ἀπελυσάμην.
3746 778 3846 824 Καὶ
3900 777 3958 825 τό
4008 782 4109 847 πῦρ
4149 772 4202 828 δὲ

2605 864 2754 907 τοῦτο
2845 858 2904 908 οὐ
2984 866 3087 930 πῦρ
3157 857 3270 910 έστι
3337 859 3754 926 καταναλίσκον,
3843 858 3948 910 ἀλλ’
4024 864 4201 933 ἡμερον

2605 946 2830 1016 φωτίζον
2888 965 2976 997 και
3032 947 3224 1018 ἱλαρόν.
3269 947 3344 998 Οὐ
3400 950 3502 1019 γὰρ
3566 944 3736 1013 ἦλθεν,
3791 950 3874 999 ἵνα
3924 954 4073 1023 κρίνη
4125 955 4201 1002 τὸν

2603 1037 2818 1103 κόσμον,
2887 1032 2993 1084 ἀλλ’
3054 1036 3136 1086 ἶνα
3202 1038 3347 1107 σῶση
3409 1040 3497 1086 τὸν
3574 1040 3791 1106 κόσμον.
3876 1037 4036 1088 Πάλιν
4110 1041 4201 1112 όρῶ

2604 1126 2731 1172 Θεὸν
2784 1123 3027 1194 οὐρανοὺς
3088 1123 3344 1188 κλίνοντα,
3413 1129 3501 1174 καὶ
3553 1124 3622 1184 εἰς
3691 1128 3747 1175 τό
3815 1125 3959 1194 ἅγιον
4030 1145 4201 1200 κατερε

2602 1213 2824 1279 χόμενον
2873 1214 3012 1281 ὄρυς,
3071 1215 3127 1263 τὸ
3179 1213 3357 1272 πάσης
3408 1219 3502 1272 τῆς
3555 1220 3656 1281 γῆς
3710 1214 4070 1286 ὑπερκείμενον
4120 1220 4202 1267 καὶ

2602 1307 2734 1373 μόνα
2771 1311 2984 1376 φρονοῦν
3023 1308 3088 1356 τὰ
3143 1305 3359 1378 οὐράνια
3390 1326 3402 1337 ο
3463 1307 3565 1378 ὁρῶ
3614 1310 3706 1362 τήν
3750 1313 3848 1375 γῆν
3896 1314 3992 1368 τῆς
4042 1306 4202 1377 έπαγ-

2602 1392 2793 1462 γελέας,
2866 1399 2957 1450 τήν
3021 1393 3156 1463 γάλα
3212 1400 3301 1446 καὶ
3366 1394 3481 1465 μέλι
3543 1400 3636 1455 τῆς
3697 1394 3920 1465 ἀφέσεως
3966 1397 4200 1469 ῥέουσαν.

2604 1477 2742 1531 Ἀντὶ
2794 1489 2888 1540 τῆς
2953 1485 3204 1553 προτέρας
3271 1479 3548 1552 δυσηχοῠς
3613 1502 3703 1554 μοι
3766 1481 3960 1544 ἐκείνης
4018 1493 4199 1555 φωνῆς,

2602 1576 2695 1628 τῆς
2746 1568 3071 1638 γλυκυτάτης
3113 1569 3447 1644 ὺιακροῶμαι
3478 1592 3489 1603 ·
3551 1575 3758 1628 ἤκουσα
3809 1572 3972 1623 πάλαι
4004 1594 4016 1604 ·
4063 1573 4200 1625 Ἀνάο

2603 1653 2726 1712 ϐηθι
2775 1657 2843 1718 εἰς
2881 1655 3004 1708 τόδε
3057 1662 3116 1708 τό
3169 1663 3304 1732 ὄρος,
3349 1665 3438 1710 καὶ
3489 1659 3695 1711 τελεύτα
3751 1658 3892 1712 ἐκείο
3947 1666 4035 1711 καὶ
4087 1659 4200 1711 ἀνα-

2602 1743 2714 1809 ϐὰς,
2763 1745 2914 1808 εὐθὺς
2968 1745 3155 1798 ἐκεῖθεν
3206 1747 3427 1805 κατέϐην
3481 1747 3564 1799 έπὶ
3610 1752 3695 1799 τὸν
3741 1745 3912 1806 Ἀδην
3947 1769 3959 1781 ο
4002 1758 4090 1800 νῦν
4146 1745 4200 1800 δι

826 1829 1043 1885 cendi:
1076 1844 1237 1885 nunc
1287 1843 1428 1886 vero
1459 1844 1566 1901 per
1595 1829 1756 1883 hunc
1809 1827 2240 1883 inambulantis
2280 1829 2380 1883 Dei
2420 1842 2489 1883 ac
2530 1846 2569 1901 Β

2433 1842 2489 1883 ιο
2530 1846 2569 1901 Β
2602 1829 2696 1884 διὰ
2747 1843 2838 1884 τοῦ
2897 1833 3243 1887 θεοϐαδίστου
3293 1840 3480 1888 τούτου
3539 1841 3686 1911 ὄρους
3733 1842 3821 1888 καὶ
3876 1837 4197 1910 ὑπερυψήλου

825 1920 994 1975 miras
1027 1917 1400 1975 celsitudinis
1447 1924 1715 1974 montem
1755 1917 1831 1973 ad
1860 1917 2159 1973 cmlestem
2199 1920 2385 1973 vitam
2431 1923 2489 1973 et

825 2009 1243 2064 immediatam
1276 2007 1376 2064 Dei
1413 2007 1709 2062 vision’em
1740 2007 1977 2062 evehor.

899 2101 1122 2154 XXXIII.
1161 2099 1288 2153 Una
1314 2111 1454 2154 vero
1493 2112 1633 2152 cum
1687 2099 1883 2168 Moyse
1913 2096 2112 2167 prodit
2149 2097 2209 2151 in
2237 2111 2488 2168 conspe-

823 2193 988 2244 ctum
1017 2193 1075 2243 et
1103 2187 1285 2243 frater
1323 2187 1570 2256 (Aaron)
1601 2199 1860 2240 nuceam
1895 2186 2126 2254 virgam
2156 2187 2266 2255 (72)
2298 2200 2486 2240 manu

822 2283 1058 2346 tenens,
1111 2291 1371 2348 eamque
1403 2274 1484 2331 ob
1514 2274 1721 2331 oculos
1747 2275 1970 2343 Virgini
2019 2290 2271 2345 ponens,
2310 2280 2374 2329 ut
2409 2289 2484 2329 ne

820 2364 1284 2436 cogitationibus
1313 2363 1447 2436 ipsa
1469 2363 1696 2419 incerta
1724 2361 1990 2431 ﬂuctuet,
2029 2378 2176 2417 neve
2200 2364 2482 2418 haesitans

820 2455 900 2512 ad
931 2453 1362 2525 archangelum
1393 2452 1758 2524 respondeat
1787 2469 1797 2504 :
1845 2452 2142 2519 Quomodo
2189 2453 2292 2520 ﬁet
2320 2453 2484 2508 istud

825 2544 994 2612 mihi,
1024 2546 1309 2616 quoniam
1339 2543 1534 2598 virum
1561 2557 1678 2597 non
1707 2556 1989 2611 cognosco
2019 2541 2132 2612 (73)
2153 2542 2180 2596 ?

892 2637 1040 2690 Ecce
1070 2634 1232 2689 enim
1258 2637 1316 2688 et
1343 2631 1557 2704 puellae
1589 2638 1885 2701 cognatus
1932 2647 2037 2685 rex
2084 2631 2294 2693 David,
2348 2647 2479 2703 pro-

825 2723 1133 2796 pheticum
1161 2736 1380 2793 agmen
1409 2721 1903 2793 perrumpens,in
1936 2720 2204 2774 medium
2231 2719 2476 2791 prosilit,

821 2829 893 2869 ac
921 2813 1117 2885 lyram
1159 2810 1411 2883 pulsans
1438 2809 1688 2879 virginei
1727 2809 1926 2864 cordis
1957 2809 2478 2864 conturbationem

815 2902 1027 2958 leniter
1052 2901 1222 2956 sedat
1247 2917 1260 2954 :
1291 2899 1474 2964 Audi,
1500 2899 1652 2967 ﬁlia,
1685 2898 1879 2970 inquit
1901 2898 2035 2967 (74),
2064 2905 2118 2953 et
2150 2899 2301 2953 vide.
2329 2899 2479 2953 Audi

816 2990 1141 3061 angelum;
1172 3004 1349 3045 cerne
1379 2989 1612 3058 virgam
1661 3003 1784 3042 non
1832 2987 2140 3057 irrigatam
2194 2994 2248 3042 et
2299 2987 2478 3059 plane

2597 1926 2726 1994 πρὸς
2774 1928 2867 1981 τήν
2908 1924 3143 1995 οὐράνιον
3199 1923 3498 1997 ἀνυψοῦμαι
3550 1927 3688 1986 ζωήν
3741 1932 3830 1977 καὶ
3874 1933 3968 1984 τήν
4012 1928 4199 1998 ᾶμεσον

2599 2013 2857 2064 θεοπτίαν.

2671 2099 2786 2153 AI".
2837 2109 2921 2172 Τῷ
2973 2110 3152 2156 Μωσεί
3209 2106 3376 2173 τούτῳ
3425 2110 3514 2155 καὶ
3544 2104 3570 2154 ό
3603 2100 3820 2176 ἀδελφός
3871 2109 4200 2178 συνεισέρχε-

2594 2209 2701 2257 ται,
2734 2195 2822 2248 τήν
2861 2193 3111 2264 καρυίνην
3155 2189 3352 2265 ῥάϐδον
3411 2191 3712 2262 βαστάζων,
3747 2198 3835 2244 καὶ
3895 2190 4198 2254 ἃποδεικνὺς

2594 2279 2709 2329 κατ’
2771 2279 3068 2351 ὀφθαλμοὺς
3131 2288 3190 2352 τῇ
3263 2283 3527 2354 Παρθένῳ,
3585 2282 3647 2331 ἶν’
3699 2284 3820 2352 ἔχοι
3881 2285 4003 2341 τοὺς
4064 2281 4198 2352 λογι-

2597 2373 2757 2439 σμοὺς
2824 2370 3198 2444 ὑποστηρίζειν
3273 2369 3321 2421 ἐν
3389 2374 3576 2442 ταύτῃ,
3647 2376 3736 2421 καὶ
3791 2375 3862 2441 μὴ
3931 2369 4200 2442 ἀποροῦσα

2591 2454 2729 2527 λέγοι
2766 2461 2898 2531 πρὸς
2944 2462 3030 2508 τόν
3079 2458 3444 2531 πρωτάγγελον
3471 2479 3481 2490 ·
3537 2465 3652 2520 Πῶς
3707 2461 3858 2510 ἔσται
3885 2477 3976 2529 μοι
4023 2467 4194 2524 τουτο,

2592 2544 2699 2597 ἐπεὶ
2729 2543 2898 2618 ἄνδρα
2928 2548 2985 2598 οὐ
3017 2554 3294 2618 γινώσκω,

2664 2632 2804 2688 Ἰδοὺ
2831 2640 2928 2708 γαρ
2989 2642 3077 2688 καὶ
3123 2638 3147 2687 ὁ
3200 2642 3457 2707 συγγενής
3512 2647 3601 2697 τῆς
3653 2643 3808 2710 κόρης
3857 2636 4130 2708 βασιλεὺς,
4171 2641 4195 2687 ό

2590 2721 2778 2790 Δαυίδ,
2814 2729 2872 2775 τὸ
2916 2729 3234 2797 προφητικὸν
3269 2725 3520 2796 σύστημα
3560 2723 3845 2795 διακόψας,
3892 2724 3975 2776 ἐπὶ
4005 2730 4062 2776 τό
4114 2730 4198 2796 μέ-

2593 2833 2680 2864 σον
2753 2812 3033 2881 ἐξάλλεται,
3110 2820 3202 2871 τὴν
3261 2813 3419 2885 λύραν
3491 2823 3664 2873 κινῶν,
3728 2820 3817 2865 και
3871 2816 4196 2874 κατευνάζων

2589 2911 2682 2963 τῆς
2753 2905 3071 2973 παρθενικῆς
3136 2899 3361 2977 καρδίας
3429 2907 3515 2953 τόν
3577 2901 3794 2976 θόρυϐον
3830 2924 3840 2934 ·
3912 2901 4193 2971 Ἀκουσον,

2590 2993 2832 3063 θύγατερ,
2883 2997 2972 3043 και
3029 2988 3130 3045 ἴδε.
3184 2990 3442 3044 ’Δκουσον
3501 3001 3593 3042 τοὺ
3650 2991 3868 3061 ἀγγέλου
3904 3013 3915 3023 ·
3967 2988 4048 3042 ἴδε
4102 2997 4196 3048 τήν

820 3080 1077 3147 aridam,
1107 3083 1310 3150 utpote
1341 3078 1507 3132 omni
1537 3078 1794 3132 humore
1825 3083 2142 3143 carentem,
2165 3077 2476 3147 quomodo

2432 3093 2476 3131 .0
2585 3077 2782 3154 ῥάϐδον
2825 3081 2917 3138 τήν
2959 3079 3258 3151 ἀπότιστον,
3305 3085 3396 3139 τὴν
3448 3080 3890 3155 κατεξηραμένην,
3923 3083 3991 3140 ὡς
4048 3080 4196 3151 ἰκμά-

815 3171 1066 3242 (tamen)
1097 3166 1741 3257 germinat,quo_modo
1768 3165 1876 3257 fert
1898 3165 2476 3257 fructus,quomodo
2519 3201 2559 3257 Ο

2440 3182 2476 3221 Ο
2519 3201 2559 3257 C
2589 3167 2676 3230 δός
2705 3173 2878 3230 πάσης
2924 3174 3285 3243 χηρεύουσαν,
3343 3179 3450 3232 πῶς
3482 3169 3787 3242 βλαστάνει,
3852 3179 3954 3229 πῶς
4003 3189 4198 3242 καρπο·

815 3274 1001 3316 suave
1026 3257 1163 3326 olet,
1181 3254 1606 3312 tantummodo
1640 3260 1703 3309 ut
1731 3255 1810 3309 tui
1845 3269 2031 3325 supra
2061 3259 2291 3308 naturae
2324 3254 2478 3309 ordi-

811 3362 952 3404 nem
979 3352 1186 3418 partus
1218 3344 1478 3414 ﬁguram
1501 3344 1841 3415 praesignet.
1873 3345 1951 3398 Ne
1982 3342 2237 3397 turberis
2269 3343 2348 3399 ad
2371 3345 2478 3399 Ga-

809 3436 1015 3494 brielis
1047 3435 1314 3503 dictum;
1340 3432 1722 3488 verissimum
1769 3430 1915 3486 illud
1945 3437 2052 3497 est,
2084 3431 2222 3486 licet
2249 3438 2477 3487 natura

813 3526 966 3582 ﬁnes
991 3522 1520 3598 prmtergrediens:
1542 3522 1613 3576 In
1639 3522 1869 3576 duobus
1895 3522 1988 3576 vel
2017 3521 2207 3576 tribus
2239 3523 2477 3577 testibus

810 3615 992 3672 stabit
1022 3627 1190 3670 omne
1219 3612 1463 3668 verbum
1502 3611 1644 3682 (75).
1695 3609 1939 3665 Partum
1973 3617 2142 3665 tuum
2168 3610 2474 3666 admiran-

811 3706 982 3771 dum,
1011 3705 1118 3776 qui
1141 3702 1341 3758 verbis
1367 3700 1658 3757 Gabrielis
1689 3700 2102 3765 annuntiatur,
2131 3701 2265 3756 caeli
2310 3701 2476 3755 insu-

812 3811 921 3869 per
946 3798 1249 3851 enarrant.
1281 3791 1423 3847 Inde
1453 3790 1613 3846 enim
1644 3789 1818 3844 adest
1845 3789 2245 3860 archangelus
2267 3809 2280 3856 ;
2303 3789 2478 3846 adest

811 3889 1106 3959 praeterea
1150 3883 1312 3939 testis
1344 3884 1408 3935 in
1433 3881 1580 3936 caelo
1621 3879 1818 3947 ﬁdelis
1857 3884 1996 3950 (76),
2028 3880 2132 3951 qui
2175 3879 2473 3950 promisit,

809 3977 877 4033 de
905 3977 1112 4046 fructu
1140 3971 1366 4028 ventris
1409 3971 1523 4026 mei
1546 3971 1884 4039 positurum
1915 3983 1976 4024 se
2001 3982 2123 4024 esse
2169 3983 2352 4038 super
2391 3983 2479 4024 se-

811 4067 944 4123 dem
961 4077 1152 4120 meam
1165 4064 1346 4133 (77)et
1366 4059 1649 4115 thronum
1673 4073 1868 4114 meum
1885 4060 2036 4113 sicut
2065 4059 2188 4113 dies
2207 4060 2344 4114 caeli
2355 4059 2476 4128 (78)

802 4155 1027 4247 jugiter
1048 4156 1446 4214 servaturum,
1479 4154 1658 4220 atque
1689 4148 1765 4203 ad
1788 4147 2061 4218 ejusdem
2085 4147 2216 4202 cmli
2241 4147 2476 4247 celsitu-

809 4235 1018 4302 dinem
1051 4245 1418 4304 evecturum,
1459 4238 1615 4295 adeo
1649 4243 1712 4292 ut
1748 4252 1871 4293 non
1927 4237 2214 4292 terrestris
2266 4235 2475 4302 modo,

810 4334 919 4392 sed
945 4339 1002 4390 et
1042 4330 1320 4398 coslestis,
1343 4343 1465 4385 non
1496 4329 1574 4385 ad
1607 4332 1845 4400 tempus
1886 4326 2334 4393 tantummodo,
2369 4327 2474 4382 sed

809 4430 867 4482 et
896 4424 959 4479 in
985 4427 1270 4478 aeternum
1300 4420 1370 4474 sit
1402 4418 1754 4474 duraturus.

880 4515 1101 4572 XXXIV.
1133 4515 1197 4568 Et
1233 4511 1363 4610 hinc
1393 4509 1640 4610 quidem
1660 4509 1874 4612 ‘David:
1911 4508 2036 4612 Sed.
2060 4515 2118 4564 et
2145 4509 2470 4612 venerandi
2505 4539 2548 4612 Β

807 4603 1184 4681 Ραῑτίαΐοὶιω,
1229 4601 1332 4674 Qui
1366 4599 1630 4672 primam
1660 4599 1908 4654 honoris
1935 4598 2141 4654 sedem
2171 4597 2465 4668 obtinent,
2505 4597 2520 4670 ξ

808 4697 1017 4754 divina
1036 4707 1287 4766 prorsus
1303 4691 1378 4746 de
1394 4695 1569 4762 partu
1591 4695 1692 4745 tuo
1709 4689 2040 4761 praedicant
2064 4705 2134 4745 ac
2151 4694 2470 4745 testantur.

808 4789 878 4844 Et
889 4786 1032 4842 hinc
1056 4781 1300 4855 quidem
1325 4780 1630 4836 Abraham
1649 4778 1711 4835 in
1741 4779 1959 4848 exiguo
1985 4784 2042 4834 et
2061 4778 2360 4835 concinna
2383 4783 2469 4834 ta-

907 4997 995 5138 s;
1025 4990 1170 5120 es

908 5135 998 5208 65‘)
1028 5135 1214 5193 Exod.
1249 5151 1331 5199 Ill,
1359 5138 1416 5188 5.

906 5205 996 5273 66)
1028 5211 1296 5273 Deut.1v,
1320 5208 1416 5273 24;
1442 5205 1616 5262 Hebr.
1643 5221 1741 5270 ιιι,
1770 5208 1856 5259 29.

881 5211 971 5284 (66
1028 5211 1296 5273 Deut.1v,
1320 5211 1416 5273 2b;

880 5211 999 5355 (67;
1028 5281 1200 5355 Joan.
1229 5295 1322 5344 xu,
1351 5281 1438 5355 47.

899 5351 987 5415 68)
1019 5351 1170 5409 Psal.
1198 5367 1336 5415 xvn,
1370 5353 1454 5405 I0.

899 5358 968 5411 68
1019 5357 1170 5409 Psal.
1198 5367 1336 5415 xvn,
1370 5357 1454 5405 I0.

875 5357 992 5499 ξω)
1029 5423 1241 5499 Audis,
1296 5421 1595 5499 Virginem
1624 5418 1958 5499 .Delparam
2010 5419 2219 5499 sancto
2273 5415 2467 5472 monti

800 5490 1170 5577 comparari,
1205 5490 1460 5577 quinnon
1497 5490 1684 5548 modo
1714 5491 2010 5577 universas
2054 5493 2223 5548 terrea
2263 5503 2468 5561 super-

799 5561 1042 5641 eminet,
1067 5561 1176 5625 sed
1196 5561 1343 5624 nihil
1372 5571 1593 5641 terram
1624 5561 1804 5633 sapit.

869 5644 986 5718 (70)
1029 5632 1196 5718 Deut.
1225 5655 1380 5706 nn,
1403 5640 1490 5692 20.
1523 5632 1888 5718 Frequenter
1919 5647 2100 5718 porrp
2133 5632 2230 5688 SS.
2263 5633 2464 5688 Patres

797 5703 1025 5775 sancta
1073 5714 1343 5786 Deiparm
1367 5703 1737 5783 symbolum
1765 5703 2035 5763 habuere
2059 5703 2285 5763 terram
2322 5719 2462 5778 pro-

2590 3267 2749 3332 φορεῖ,
2803 3269 2907 3319 πῶς
2955 3256 3252 3322 εὐώδιάζει,
3316 3261 3398 3310 ἱνα
3453 3279 3604 3332 μονον
3661 3264 3754 3317 τήν
3808 3261 4040 3332 ὑπερφυῆ
4100 3278 4196 3310 σου

2587 3349 2938 3422 προχαράξειε
2990 3354 3290 3421 κυοφορίαν.
3361 3354 3443 3405 Μή
3516 3346 3888 3419 διαταραχθῇς
3949 3350 4080 3419 πρὸς
4135 3351 4196 3399 τὸ

2585 3439 2732 3512 ῥῆμα
2793 3446 2884 3489 τοῦ
2939 3436 3168 3511 Γαϐριήλ
3202 3458 3212 3470 ·
3264 3437 3555 3498 πωοαληθες
3606 3440 3730 3511 γὰρ,
3791 3437 3834 3488 εἰ
3884 3441 3974 3488 καὶ
4039 3438 4196 3510 ὑπερ-

2589 3533 2709 3599 φυές
2743 3550 2753 3560 ·
2809 3529 2922 3580 Ἐπὶ
2980 3524 3077 3578 δύο
3132 3528 3160 3585 ή
3204 3536 3358 3600 τριῶν
3408 3531 3683 3601 μαρτύτων
3733 3533 3834 3578 πᾶν
3864 3527 4012 3600 ῥῆμα
4069 3545 4196 3578 στα-

2590 3620 2829 3674 θήσεται.
2883 3620 2980 3669 Τόν
3028 3613 3086 3668 δε
3138 3621 3227 3668 σόν
3280 3613 3578 3688 παράδοξον
3619 3635 3789 3683 τόκον,
3840 3620 3926 3667 τόν
3975 3617 4074 3667 ὑπὸ
4101 3623 4195 3668 nni

2586 3709 2816 3782 ῥήματος
2883 3705 3111 3778 Γαϐριὴλ
3185 3711 3519 3778 μηνυόμενον,
3584 3706 3796 3777 οὐρανοὶ
3857 3701 4192 3775 διηγοῦνται.

2591 3797 2809 3850 Ἐκεῖθεν
2856 3799 2956 3870 γὰρ
3008 3797 3032 3846 ό
3065 3795 3425 3868 -ὰρχάγγελος,
3471 3795 3618 3846 καὶὸ
3645 3797 3843 3868 μάρτυς
3892 3792 3940 3845 ἐν
3993 3793 4198 3866 οὐρανῲ

2587 3889 2794 3954 πιστός,
2838 3884 2887 3945 ὃς
2918 3883 2970 3936 ἐκ
2997 3893 3200 3957 καρποῦ
3256 3892 3348 3945 τῆς
3387 3883 3586 3945 κοιλίας
3629 3903 3730 3954 μου
3762 3885 3941 3940 θήσειν
3995 3879 4079 3934 ἐπὶ
4103 3890 4200 3933 τοῦ

2591 3977 2772 4046 θρόνου
2802 3993 2901 4045 μου
2945 3971 3303 4043 ἐπηγγείλατο,
3338 3977 3427 4023 καὶ
3457 3975 3544 4023 τόν
3591 3973 3766 4043 θρόνον
3797 3990 3898 4042 μου
3925 3977 4041 4031 ταῖς
4069 3971 4202 4042 ἠμέ-

2587 4083 2700 4136 ραις
2733 4071 3170 4134 συμπαρεκτεῖναι
3217 4069 3307 4112 τοῦ
3354 4061 3572 4132 οὐρανοῦ
3613 4066 3703 4112 καὶ
3754 4068 3825 4126 τῷ
3858 4059 3979 4130 ὕψει
4009 4068 4202 4110 τουτου

2591 4151 3042 4224 συμπαρυψῶσαι,
3073 4154 3156 4201 ἶνα
3185 4155 3256 4221 μή
3304 4154 3455 4222 μόνον
3503 4153 3578 4206 εἴη
3635 4147 3882 4217 ἐπίγειος,
3925 4148 4053 4198 ἀλλὰ
4107 4153 4203 4200 καὶ

2587 4241 2839 4317 οὐράνιος,
2872 4245 2940 4312 μη
2982 4244 3300 4314 πρόσκαιρος
3339 4243 3512 4311 μόνον,
3547 4237 3673 4290 ἀλλὰ
3701 4243 3790 4290 καὶ
3839 4236 4200 4299 ἁτελεύτητος.

2657 4507 2773 4562 ΛΔ’.
2820 4512 2916 4560 Καὶ
2959 4509 2984 4558 ό
3035 4510 3124 4579 μεν
3173 4502 3341 4558 Δαυῖδ
3389 4525 3576 4557 ταυτα.
3640 4505 3706 4557 Οἱ
3755 4501 3814 4557 δι
3857 4507 4203 4577 πατριιιίρχαι

2584 4603 2783 4671 σεμνοὶ,
2845 4605 3037 4669 σεμνῶς
3093 4597 3498 4668 προκαθήμενοι,
3552 4597 3617 4647 τὰ
3675 4597 3929 4670 θεοπρεπῆ
3985 4602 4057 4665 τῷ
4115 4602 4200 4664 σῷ

2582 4693 2717 4759 τόκῳ
2783 4691 3301 4762 πρόσμαρτυροῡσιν.
3355 4685 3413 4737 Ὀ
3470 4688 3559 4757 μὲν
3615 4683 3664 4736 έν
3725 4681 4201 4759 βραχυδιαστάτῳ

2585 4785 2750 4849 σκηνῇ
2811 4781 2902 4828 καὶ
2965 4776 3357 4848 εὐπεριγράπτῳ
3408 4774 3706 4834 εἰσοικίζων
3758 4777 3845 4826 τόν
3905 4773 4202 4848 ἀπερίγρα-

2582 4984 2908 5042 missionis.

2652 5056 2767 5128 (7i)
2801 5059 2964 5111 Deut.
2991 5071 3168 5121 xxxii,
3197 5058 3284 5110 £9.

2651 5123 2781 5255 (79L
2795 5128 2970 5208 Virga
2991 5130 3212 5193 Aaron,
3244 5143 3379 5208 quso
3411 5141 3534 5181 non
3565 5125 3811 5206 irrigata
3837 5123 4057 5192 ﬂoruit,
4090 5126 4204 5185 SS.

2651 5205 2736 5255 itri
2787 5215 2856 5254 us
2888 5202 2996 5254 fuit
3026 5205 3206 5255 tvnus
3247 5201 3525 5255 Deinarse.
3556 5213 3686 5255 quae
3735 5212 3862 5252 stne
3887 5201 4051 5252 tactu
4084 5211 4204 5255 Du-

2583 5197 2856 5256 Patribus
2888 5197 2996 5254 fuit
3026 5205 3206 5271 typus
3247 5197 3525 5271 Deiparse,
3556 5213 3686 5271 quae
3735 5197 3862 5252 sine
3887 5201 4051 5252 tactu
4084 5211 4208 5269 pu-

2581 5271 2744 5327 doris
2768 5272 3015 5327 inventa
3037 5268 3124 5326 est
3153 5268 3718 5326 mater—Salvatoris.

2651 5344 2768 5416 (73)
2799 5346 2939 5416 Luc.
2965 5359 3003 5411 1,
3037 5344 3124 5399 34.

2650 5414 2762 5484 (74)
2797 5414 2945 5470 Psal.
2976 5431 3120 5483 XLIV,
3153 5419 3234 5469 II.

2651 5489 2764 5559 (75)
2796 5487 2968 5559 Deut.
2997 5503 3132 5556 xvu,
3162 5490 3192 5541 6
3219 5505 3234 5553 ;
3265 5485 3458 5559 ITim.
3485 5501 3541 5557 v,
3580 5489 3663 5540 I9.

2647 5558 2762 5631 (76)
2791 5558 2946 5631 Psal.
2968 5574 3237 5624 Lxxxvm,
3258 5558 3348 5613 38.

2668 5631 2760 5695 77)
2793 5630 2952 5686 Psal.
2981 5645 3169 5695 cum,
3199 5635 3281 5684 II.

2668 5637 2734 5686 77
2793 5635 2952 5686 Psal.
2981 5645 3169 5695 cum,
3199 5635 3281 5684 II.

2645 5635 2762 5777 ξιδῖ
2789 5702 2945 5761 Psal.
2972 5711 3248 5769 unvm,
3280 5705 3370 5759 80.
