4468 6450
801 389 905 449 719

1915 383 2255 461 [canum
2302 383 2349 444 ιι
2397 386 2504 456 cr,
2530 379 3042 444 'PATRIARCIUE.

4063 391 4170 446 720

878 515 1097 572 XXXVI.
1127 515 1274 570 Cum
1296 514 1498 586 itaque
1525 514 1604 572 ad
1629 516 1956 589 Sponsum,
1986 513 2092 586 qui
2123 528 2196 570 ex
2245 517 2463 569 natura
2494 517 2538 566 Α

2403 526 2463 569 ra
2494 517 2538 566 Α
2644 519 2731 574 At.
2801 511 2886 573 Ὠς
2946 514 3118 564 τοίνυν
3191 501 3536 586 ὑπερϐολικῶς
3614 505 3870 585 ἐξαίρετον
3957 516 4012 564 ὅν
4107 517 4167 568 τὸ

802 621 913 660 sua
943 603 1474 675 imperscrutabilis
1499 609 1587 660 est
1607 603 1938 661 sanctitatis
1959 602 2241 675 abyssus,
2271 603 2461 674 Spon-

802 709 932 749 sam
954 693 1257 759 accedere,
1286 692 1854 765 prazstantissimum
1893 691 2042 764 quid
2090 690 2164 746 sit
2214 705 2459 747 omnem

801 797 1156 837 mensuram
1181 781 1499 850 excedens,
1531 782 1901 837 continenter
1942 779 2125 851 hujus
2181 794 2460 835 accessus

802 870 1148 926 eucomium
1177 869 1446 926 oratione
1476 869 1946 942 prosequitur;et
1971 869 2206 924 iterum:
2237 868 2456 939 Surge,

801 961 990 1032 inqui,
1013 977 1295 1032 propera,
1322 962 1518 1018 amica
1541 976 1694 1030 mea,
1704 961 1976 1031 formosa
1992 973 2146 1026 mea,
2178 956 2458 1014 columba

801 1065 956 1106 mea:
981 1066 1105 1106 ecce
1133 1051 1288 1107 enim
1319 1051 1502 1107 hiems
1525 1049 1788 1117 transiit,
1817 1049 2011 1105 imber
2048 1047 2196 1104 abiit
2225 1045 2458 1102 recessit

800 1139 934 1206 sibi,
958 1140 1134 1208 ﬂores
1164 1146 1584 1209 apparuerunt
1599 1140 1660 1195 in
1675 1145 1859 1203 terra,
1877 1144 2107 1207 tempus
2120 1134 2458 1206 putationis

801 1228 1063 1291 advenit,
1086 1244 1204 1284 vox
1221 1229 1480 1283 turturis
1497 1229 1709 1285 audita
1726 1234 1808 1284 est
1827 1229 1889 1282 in
1903 1233 2067 1283 terra
2081 1230 2291 1282 nostra
2314 1222 2455 1295 (94).

805 1319 902 1372 llas
935 1318 1316 1374 Canticorum
1339 1317 1549 1386 ﬁgurae
1601 1321 1659 1373 et
1729 1315 2223 1373 adumbrationes
2275 1311 2458 1368 obvio

801 1405 1050 1474 quidem
1081 1422 1260 1462 sensu
1288 1407 1440 1462 veris
1475 1406 1804 1462 adventum
1831 1410 1889 1461 et
1916 1404 2094 1477 primi
2127 1401 2291 1475 apud
2347 1401 2454 1456 Ju-

801 1496 968 1551 dasos
1001 1497 1223 1551 mensis
1253 1496 1487 1552 initium
1517 1495 1881 1566 signiﬁcant:
1901 1509 2024 1566 quo
2038 1496 2310 1564 tempore
2328 1505 2455 1546 om-

801 1585 968 1640 nium
999 1590 1188 1640 mater
1212 1586 1414 1656 (terra)
1445 1584 1681 1656 frigoris
1716 1583 1913 1639 soluta
1936 1581 2215 1646 vinculis,
2249 1585 2305 1636 et
2323 1581 2458 1652 ipsa

799 1673 1077 1729 {daturam
1105 1673 1377 1745 absolvit,
1394 1673 1871 1744 omnigenasque
1886 1669 2104 1727 herbas
2129 1668 2453 1742 progignit.

802 1763 901 1818 Dei
923 1767 1125 1818 autem
1151 1765 1330 1818 Mater
1349 1767 1406 1818 et
1425 1777 1564 1818 vere
1595 1764 1806 1817 sancta
1830 1764 2006 1821 terra.
2042 1775 2113 1815 ac
2147 1757 2275 1814 sola
2331 1771 2454 1813 non

2567 601 2880 662 πλησιάζειν
2925 607 2998 670 τῷ
3072 603 3276 672 νυμφίῳ
3321 603 3416 658 τὴν
3473 596 3700 672 νύμφδν,
3803 601 3936 653 κατά
4014 603 4169 674 φύσιν

2569 695 2676 743 ὄντι
2729 690 2924 763 ἀπείρῳ
2982 687 3198 759 ἀϐύσσῳ
3254 697 3347 751 τῆς
3417 686 3658 760 ἀγιόττος
3748 685 4170 763 ἕνδελεχίστερον

2568 787 2677 841 τοῖς
2717 779 2891 851 λόγοις
2955 776 3266 852 ἕπισυνείρει
3328 785 3420 830 τοῦ
3500 777 3876 852 πλησιασμτοῦ
3895 783 3954 832 τὸ
4008 778 4173 851 372d:-

2565 872 2840 942 μιουοκαὶ,
2868 867 2880 889 ⁹
2929 869 3163 937 Ανοίστα,
3225 866 3358 934 ἕλθὶ,
3426 867 3456 925 ἡ
3522 866 3748 926 πλησίον
3811 887 3933 941 μου,
4011 868 4167 921 πάλιν

2566 963 2717 1031 φησί,
2749 956 2878 1015 καλὴ
2945 959 3059 1026 (92)
3111 973 3213 1028 μου
3268 957 3552 1030 περιστερά
3575 975 3676 1028 μου
3735 957 3875 1027 (93).
3937 959 4018 1010 ὅτι
4044 953 4166 1010 ἰδού

2563 1047 2588 1098 ὁ
2642 1051 2844 1118 χειμών
2902 1043 3183 1118 παρῆλθενο
3241 1045 3267 1096 ὁ
3351 1045 3498 1105 ὑετὸς
3576 1043 3823 1103 ἀπῆλθενο
3911 1044 4163 1122 ἐπορεύθη

2564 1134 2747 1205 ἐαυτῷ.
2801 1136 2868 1186 τά
2920 1134 3049 1191 ἄνθη
3132 1134 3276 1204 ὤφθη
3337 1132 3388 1184 ἐν
3445 1139 3504 1204 τῇ
3557 1142 3651 1206 γῇ.
3711 1137 3890 1208 καιρὸς
3953 1143 4166 1196 πῆςτο-

2564 1233 2665 1297 μῆς
2722 1225 2911 1295 ἔφθασε
2974 1222 3087 1294 (94)
3178 1226 3314 1292 φωνὴ
3380 1231 3475 1284 τῆς
3553 1228 3796 1298 τρυγόνος
3921 1225 4162 1283 ἠκούσθη

2565 1312 2612 1366 ἐν
2657 1321 2717 1386 τῇ
2769 1321 2836 1385 γῇ
2901 1314 3067 1384 ἡμῶν.
3135 1317 3314 1364 Ταῦτα
3387 1315 3452 1364 τά
3512 1311 3783 1386 ᾄσματικά
3825 1312 4168 1386 προϐλήματα

2563 1407 2653 1455 καὶ
2721 1402 3025 1474 αἰνιγματα,
3104 1403 3238 1453 κατά
3299 1404 3390 1474 μεν
3450 1406 3546 1460 τὴν
3604 1407 3888 1476 πρόχειρον
3949 1406 4166 1472 ἔννοιαν,

2564 1497 2658 1551 τὴν
2686 1500 2778 1544 τοῦ
2809 1494 2952 1565 ἔαρος
2983 1487 3236 1548 δηλοῦσιν
3289 1487 3598 1564 ἕπιδημιαν,
3637 1497 3728 1544 καὶ
3765 1497 3860 1550 τὴν
3895 1500 3989 1545 τοῦ
4025 1498 4166 1564 πρὼο

2565 1601 2656 1635 του
2681 1584 2825 1655 παρά
2850 1581 2861 1602 ’
2903 1577 3168 1642 ἰουδαίοις
3205 1584 3363 1652 μηνὸς
3422 1580 3736 1654 ἐπιφάνειαν·
3808 1584 3906 1634 καθ
3931 1582 3942 1602 ’
4003 1585 4064 1641 ἣν
4130 1584 4161 1640 ἡ

2563 1678 2885 1746 παμμήτωρ,
2925 1679 3025 1724 τῶν
3063 1678 3156 1723 τοῦ
3251 1674 3438 1746 κρύους
3513 1672 3837 1726 ἀπολυθεῖσα
3929 1670 4163 1745 δεσμῶν,

2562 1763 2670 1816 λύει
2697 1767 2786 1815 καὶ
2827 1761 2957 1819 αὕτη
2994 1762 3090 1822 τὰς
3124 1756 3333 1822 ὠδῖνας·
3376 1767 3466 1814 καὶ
3523 1761 3783 1833 ἄπογεννᾷ
3836 1766 3894 1815 τὸ
3960 1762 4167 1835 παμϐὀ-

799 1855 1045 1922 accepto
1075 1850 1301 1906 semine
1324 1851 1507 1906 fetum
1535 1848 1949 1922 progerminat
1968 1846 2133 1904 nullo
2181 1846 2453 1902 humano
2486 1867 2524 1921 Β

2403 1859 2453 1900 ιο
2486 1867 2524 1921 Β
2563 1870 2733 1908 τανον.
2791 1851 2848 1903 Ἠ
2891 1846 2950 1902 δε
2989 1855 3291 1924 Θεομὴτωρ,
3344 1855 3435 1904 καὶ
3476 1850 3604 1922 ἁγία
3677 1851 3831 1913 ὅντως
3903 1861 3994 1924 γῆ,
4075 1858 4167 1906 καὶ

797 1956 978 2013 opere
996 1939 1316 2009 excultum,
1347 1944 1527 2012 atque
1543 1937 2004 2012 implementum
2029 1937 2334 2008 accipiunt
2352 1933 2454 1991 illa

795 2029 958 2085 Isaiae
987 2029 1250 2086 oracula:
1280 2029 1640 2100 Egredietur
1665 2030 1839 2100 virga
1868 2028 1941 2084 de
1971 2026 2178 2086 radice
2201 2026 2452 2095 Jesse,et

792 2122 902 2190 ﬂos
925 2120 998 2176 de
1022 2119 1224 2176 radice
1252 2118 1529 2176 ascendet
1562 2117 1703 2190 (95).

865 2297 1294 2355 XXXVlH’erni
1322 2298 1524 2370 itaque
1544 2295 1850 2369 temporis'
1883 2297 2280 2361 venustatem,
2333 2291 2450 2349 vel-

793 2394 859 2444 ut
884 2387 1241 2445 exsistentiaa
1268 2403 1392 2442 sum
1423 2385 1910 2451 fundamentum,
1952 2384 2012 2440 in
2051 2383 2198 2456 ipsis
2249 2397 2451 2439 rerum

793 2477 975 2533 initiis
1003 2477 1224 2532 invenit
1249 2475 1447 2549 prima
1469 2479 1699 2532 naturae
1720 2474 2006 2531 humanae
2035 2471 2378 2546 plasmatio;
2395 2475 2454 2527 et

794 2581 1049 2622 vernum
1081 2566 1243 2621 hunc
1273 2569 1552 2621 ornatum
1585 2563 1812 2620 invenit
1831 2562 2016 2620 modo
2064 2567 2295 2619 natura;
2343 2576 2453 2616 no-

794 2660 930 2711 stra;
952 2654 1322 2725 regeneratio
1346 2659 1402 2709 et
1426 2653 1736 2710 renovatio
1749 2651 1981 2709 mundi.
1998 2654 2063 2707 Et
2097 2666 2243 2708 sane
2265 2650 2452 2707 alicu-

792 2745 854 2800 bi
879 2761 1184 2800 sacraram
1221 2744 1660 2816 Scripturarum
1687 2742 1915 2798 dictum
1968 2745 2074 2806 est,
2106 2740 2275 2814 quod
2304 2740 2454 2796 vidit

797 2836 1088 2890 Dominus
1116 2836 1274 2890 Deus
1288 2840 1531 2904 terram,
1553 2840 1606 2889 et
1620 2839 1750 2889 erat
1764 2838 2077 2901 corrupta;
2095 2832 2315 2903 quippe
2339 2846 2458 2886 om-

792 2925 886 2979 nis
917 2938 1062 2979 caro
1093 2929 1449 2992 corruperat
1482 2925 1636 2978 viam
1665 2937 1835 2977 suam
1865 2935 2047 2989 super
2082 2927 2302 2976 terram
2333 2919 2450 2990 (98)

793 3019 847 3068 et
879 3019 1045 3068 terra
1074 3011 1306 3080 repleta
1335 3017 1463 3066 erat
1487 3011 1809 3081 iniquitate
1830 3008 2069 3078 (99).Ad
2092 3009 2248 3064 hanc
2280 3008 2458 3077 igitur

792 3100 1170 3168 iniquitatem
1189 3098 1524 3154 sistendam
1540 3097 1890 3170 aperiuntur
1901 3101 2215 3153 cataractae
2241 3095 2458 3167 caeli“)

794 3194 852 3281 et
872 3203 1088 3245 omnes
1119 3186 1311 3244 fontes
1339 3186 1567 3281 abyssi,
1591 3192 1658 3281 et
1686 3185 1932 3281 horrida
1959 3185 2079 3242 ﬁte
2107 3185 2338 3281 diluvio
2371 3185 2457 3240 fa-
2491 3227 2530 3281 Ο

795 3279 916 3335 cies
947 3282 1141 3335 terrm.
1173 3293 1244 3333 ac
1272 3277 1537 3350 pristinae
1557 3275 2014 3346 elegantiaaloco
2048 3275 2126 3332 ad
2156 3275 2458 3344 integrum

795 3382 1026 3425 annum
1056 3366 1240 3422 facies
1290 3371 1459 3422 terra;
1513 3365 1686 3438 aquis
1733 3365 2084 3430 inundatur,
2160 3363 2460 3437 simulque

795 3472 936 3513 cum
962 3455 1032 3511 iis
1049 3454 1353 3526 omnibus,
1374 3471 1512 3527 quae
1530 3469 1603 3510 ex
1624 3454 1756 3526 ipsa
1769 3459 2113 3526 assurgunt,
2154 3454 2459 3524 afﬂigitur,

795 3547 1219 3618 insuetamque
1247 3544 1403 3600 hanc
1428 3545 1692 3600 hiemem
1725 3544 1904 3600 subit.
1936 3546 2154 3600 Verum
2199 3545 2346 3617 quid
2368 3561 2463 3601 ea-

797 3635 936 3690 dem
963 3649 1171 3690 rursus
1199 3633 1342 3690 dicit
1397 3635 1750 3706 Scriptura?
1785 3635 2023 3704 factum
2072 3637 2154 3690 est
2219 3648 2462 3690 sexcen-

798 3725 1002 3781 tesimo
1013 3724 1211 3793 primo
1224 3739 1385 3780 anno
1400 3725 1537 3779 vita:
1549 3724 1694 3789 Noe,
1710 3724 1908 3793 primo
1920 3738 2134 3793 mense,
2152 3724 2357 3792 prima
2369 3723 2463 3780 die

797 3816 1037 3882 mensis,
1063 3814 1408 3882 defecerant
1431 3829 1601 3884 aqua:
1621 3829 1657 3868 a
1681 3813 1836 3882 facie
1877 3817 2072 3880 terra,
2122 3819 2176 3869 et
2224 3813 2461 3883 aperuit

797 3903 927 3960 Noe
943 3904 1290 3972 operculum
1307 3917 1479 3969 arcz,
1504 3902 1667 3974 quod
1677 3903 1927 3972 fecerat,
1941 3909 1994 3958 et
2015 3903 2164 3960 vidit
2177 3903 2337 3974 quod
2357 3903 2460 3959 de-

793 3994 1031 4062 fecisset
1055 4007 1214 4064 aqua
1232 4007 1270 4049 a
1289 3993 1450 4062 facie
1471 3997 1644 4048 terra
1662 3994 1680 4056 t
1688 3991 1765 4063 2).
1783 3991 2386 4065 Videsne,quomodo
2407 3997 2462 4049 et

799 4083 1048 4138 secundi
1077 4080 1628 4138 mundiexordium
1661 4098 1698 4136 a
1737 4081 1935 4154 primo
1985 4081 2139 4137 veris
2193 4086 2462 4154 tempore

796 4171 1006 4243 incipit
1032 4176 1057 4224 .9
1080 4172 1295 4228 Omnia
1320 4187 1393 4228 ex
1425 4187 1601 4244 aequo
1633 4175 1829 4227 vetera
1855 4171 1958 4227 illa
1988 4171 2069 4227 ad
2099 4176 2461 4243 praesentem

797 4261 1545 4332 spectantsolemnitatem,
1570 4265 1761 4334 quaet
1781 4261 1967 4316 divini
1982 4261 2179 4317 vultus
2207 4262 2456 4328 aversio,

795 4353 852 4406 et
863 4351 964 4406 iraa
981 4349 1258 4422 ejusdem
1277 4350 1579 4422 profunda
1595 4350 1790 4407 hiems
1829 4351 2013 4407 ﬁnem
2028 4355 2308 4406 sumunt:
2328 4355 2458 4407 tum

793 4454 938 4496 vero
967 4443 1189 4496 terram
1214 4439 1462 4496 salutari
1493 4439 1831 4496 visitatione
1872 4443 2024 4496 Deus
2077 4439 2352 4506 lustrare,
2403 4445 2461 4496 et

791 4528 909 4586 isto
938 4544 1075 4586 vere
1106 4544 1216 4585 ceu
1246 4528 1463 4584 ﬂorida
1491 4544 1716 4585 corona
1737 4529 1939 4602 ipsum
1989 4545 2279 4586 exornare
2309 4530 2456 4586 inci-

789 4619 898 4690 pit,
924 4624 982 4675 et
1009 4619 1139 4690 ejus
1161 4618 1360 4674 sulcos
1407 4618 1691 4674 bonitatis
1751 4635 1875 4674 suae
1957 4619 2310 4676 muneribus
2336 4621 2456 4676 ine-

784 4707 1006 4765 briare.
1039 4708 1154 4764 Sed
1185 4713 1242 4764 et
1277 4708 1457 4764 David
1481 4713 1830 4764 vernantem
1853 4724 2042 4781 prope
2061 4709 2317 4765 dixerim
2334 4709 2456 4766 vul-

785 4800 914 4854 tum
940 4797 1272 4871 explicans,
1296 4813 1367 4854 ac
1387 4813 1598 4854 vocem
1611 4797 1853 4854 citharae
1872 4814 2022 4854 sono
2053 4799 2450 4869 conjungens,

779 4885 924 4944 huic
949 4891 1118 4944 terrae
1146 4886 1524 4944 renovationi
1552 4901 1822 4957 congrua
1865 4886 1949 4942 sic
2002 4885 2162 4942 canit
2203 4902 2215 4940 :
2253 4887 2450 4942 Domi-

778 4979 1073 5037 nusdabit
1136 4977 1643 5050 benignitatem,et
1705 4984 1871 5035 terra
1967 4981 2187 5035 nostra
2280 4976 2450 5033 dabit

772 5067 1050 5140 fructum
1064 5083 1239 5126 suum
1269 5068 1366 5139 (3).

842 5396 959 5468 (92)
991 5394 1133 5453 Cod.
1163 5389 1339 5450 καλαί.

839 5462 952 5540 (93)
982 5469 1207 5524 Excidit
1241 5462 1434 5540 ecod.
1470 5479 1594 5538 μου.

866 5534 954 5609 94)
983 5544 1146 5598 Cant.
1180 5559 1237 5610 ιι,
1273 5539 1434 5594 10-12
1463 5534 1583 5595 sec.
1610 5534 1755 5593 LXX.

861 5613 952 5683 65)
986 5613 1304 5684 Lecl.com.
1330 5613 1537 5684 ἔφθακε.

835 5675 947 5758 (96)
980 5683 1192 5754 188..Χι,
1225 5689 1244 5739 ί
1279 5675 1418 5758 εθό.Δ
1482 5679 1631 5758 LXX,
1672 5678 1782 5758 qui
1838 5675 2046 5758 legunt
2092 5677 2165 5736 de
2220 5679 2430 5738 radice

757 5753 862 5818 ubi
894 5758 1148 5832 Vulgata
1176 5753 1381 5816 Latina
1405 5756 1608 5828 habet,
1641 5753 1715 5812 de
1735 5753 1943 5812 radice
1971 5755 2122 5825 ejus.

2564 1944 2796 2015 ἄσπορος
2825 1944 2954 2013 μόνη
2987 1943 3082 1998 τὴν
3126 1937 3374 2012 ἀνήροτον
3424 1938 3798 1993 ἁναϐλαστοίνει
3862 1946 4166 2017 κυοφορίαν.

2563 2035 2742 2084 καὶτὰ
2778 2039 2871 2092 τῆς
2908 2034 3229 2104 προφητείας
3290 2029 3510 2083 Ἠσαίου
3574 2035 3730 2104 πέρας
3788 2030 4167 2104 ἀπολαμϐάνει,

2565 2121 2932 2184 Ἐξελιύσεται
2985 2115 3184 2194 ῥάϐδος
3245 2117 3300 2170 ἐκ
3359 2128 3451 2180 τῆς
3508 2120 3668 2194 ῥίζης
3763 2123 3984 2190 Ἰεσσαὶ,
4081 2125 4174 2174 καὶ

2561 2211 2716 2272 ἄνθος
2741 2209 2795 2263 ἐκ
2817 2209 3085 2283 τῆς-ῥίζης
3106 2207 3270 2266 ἀναϐἠ
3283 2227 3450 2264 σεται.

2634 2306 2736 2354 AZ.
2780 2295 2908 2371 Εὗρε
2936 2300 3027 2370 μεν
3087 2297 3176 2350 οὖν
3239 2297 3355 2350 κατ’
3420 2297 3597 2372 ἀρχάς
3633 2301 3664 2358 ἠ
3733 2305 3912 2374 πρώτη
3979 2298 4171 2362 πλάσις

2562 2397 2658 2452 τῆς
2681 2389 3077 2463 ἀνθρωπότητος
3127 2395 3221 2451 τῆς
3279 2389 3390 2440 κατ’
3449 2388 3613 2447 αὐτὴν
3668 2389 4009 2450 ὑποστάσεως
4077 2391 4166 2443 θέο

2563 2480 2763 2554 μεθλον,
2820 2483 2913 2537 τὴν
2972 2475 3178 2552 ίαρινήν
3235 2477 3539 2550 εὐκοσμίανο
3589 2479 3817 2552 εὑρίσκει
3863 2477 3923 2532 δε
3969 2481 4166 2538 ταύτην

2563 2569 2751 2645 ἀρτίως
2777 2572 2866 2620 καὶ
2909 2569 2940 2626 ἡ
3026 2565 3400 2639 παλιγγενεσία
3449 2575 3540 2628 τῆς
3593 2569 3738 2640 ἡμῶν
3809 2571 4025 2641 φύσεως,
4073 2575 4167 2621 καὶ

2562 2669 2654 2713 τοῦ
2674 2658 2928 2730 κοσμουὴ
2956 2655 3252 2717 ἀνανέωσις.
3281 2659 3503 2729 Εἴρηται
3558 2659 3650 2729 μέν
3707 2676 3806 2710 που
3864 2666 3938 2730 τῷ
3984 2660 4166 2734 γράμ-

2563 2769 2690 2823 ματι
2715 2757 2786 2819 τῷ
2818 2750 2956 2820 ἱερῷ,
2999 2748 3068 2808 ὡς
3098 2741 3220 2798 Εἶδε
3253 2748 3438 2820 Κύριος
3463 2747 3489 2798 ὁ
3548 2749 3676 2808 Θεὸς
3736 2751 3829 2804 τὴν
3894 2755 4011 2819 γῆν,
4077 2752 4167 2799 καὶ

2565 2837 2627 2897 ἦν
2688 2838 3103 2909 κατεφθαρμίνηο
3208 2837 3288 2887 ὅτι
3384 2837 3686 2908 κατέφθειρε
3779 2841 3930 2889 πᾶσα
4032 2835 4170 2911 σὰρξ

2563 2924 2801 2987 τὴνὸδόν
2823 2926 2984 2978 αὐτοῦ
3034 2929 3117 2978 επὶ
3178 2933 3274 2988 τῆς
3337 2934 3456 2997 γῆς,
3532 2931 3621 2978 καὶ
3687 2924 3921 2984 ἐπλήσθη
3992 2927 4023 2984 ἠ
4095 2935 4165 2998 φῆ

2568 3015 2803 3078 ἀδικίας.
2847 3018 2992 3068 Κατά
3020 3017 3218 3076 ταύτης
3272 3019 3443 3067 τοίνυν
3508 3023 3604 3075 τῆς
3662 3010 3878 3076 ἀδικίας
3939 3014 4172 3086 ἀνοίγον-

2567 3125 2653 3158 ται
2685 3109 2732 3158 οἱ
2755 3106 3082 3180 καταράκται
3129 3111 3223 3156 τοῦ
3275 3107 3494 3176 ούρανοῦ
3543 3108 3633 3156 καὶ
3685 3110 3854 3156 πᾶσαι
3911 3106 3967 3156 αἱ
4003 3110 4173 3176 πηγαὶ

2567 3203 2658 3256 τῆς
2682 3194 2939 3265 ἀϐύσσου,
2983 3198 3073 3245 καὶ
3126 3191 3439 3266 ἁχρειοῡται
3488 3202 3580 3253 τῆς
3631 3201 3731 3264 γῆς
3780 3196 3837 3245 τὸ
3890 3199 4174 3266 πρόσωπον

2571 3284 2624 3336 ὶκ
2653 3291 2746 3336 τοῦ
2771 3282 3165 3354 κατακλυσμοῦ,
3200 3285 3287 3333 καὶ
3317 3279 3430 3334 ἀντὶ
3484 3291 3581 3344 τῆς
3630 3285 3882 3356 προτέρας
3923 3282 4176 3356 εὐχροίας

2570 3370 2758 3446 ὑδεριᾴ
2805 3372 2872 3432 εἰς
2919 3371 3032 3424 ὅλον
3073 3370 3325 3424 ίνιαυτόνσ
3377 3376 3468 3423 καὶ
3525 3373 3842 3443 συμπάσχει
3891 3376 4047 3424 παντὶ
4100 3380 4175 3443 τῷ

2571 3461 2624 3525 ἐξ
2648 3463 2813 3524 αὐτῆς
2857 3461 3208 3534 ἀναστήματι,
3261 3465 3350 3513 καὶ
3395 3463 3482 3512 τὸν
3527 3461 3766 3519 ἀσυνήθη
3820 3467 4010 3514 τοῦτου
4059 3480 4174 3533 χει-

2571 3561 2715 3625 μῶνα
2745 3553 3052 3625 ὑφίσταται.
3083 3549 3238 3603 Ἀλλά
3263 3555 3314 3602 τί
3360 3549 3514 3602 πάλιν
3535 3553 3594 3602 τὸ
3653 3549 3780 3602 αὐτὸ
3837 3568 3971 3622 φησι
4007 3552 4176 3624 γρείμ-

2571 3657 2664 3715 μα;
2718 3643 2942 3713 Ἐγίνετο
3004 3640 3052 3692 ἐν
3104 3649 3177 3711 τῷ
3234 3639 3305 3692 ἐνὶ
3372 3644 3462 3692 καὶ
3527 3639 3882 3710 ἑξακοσιοστῷ
3962 3641 4062 3693 ἔτει
4123 3639 4174 3693 ἓν

2570 3739 2632 3805 τῇ
2660 3732 2765 3803 ζωῇ
2795 3739 2886 3783 τοῦ
2914 3737 3050 3798 Νῶε,
3082 3727 3130 3781 ἐν
3189 3738 3261 3800 τῷ
3310 3734 3496 3802 πρώτῳ
3562 3733 3711 3801 μηνί,
3772 3733 3872 3802 μιᾷ
3930 3736 4024 3782 τοῦ
4073 3749 4177 3802 μηο

2569 3825 2673 3892 νὸς,
2735 3820 2929 3873 ἐξέλιπε
3001 3822 3058 3871 τὸ
3137 3815 3281 3893 ὕδωρ
3361 3817 3463 3871 ἀπὸ
3534 3823 3822 3893 προσώπου
3896 3825 3994 3881 τῆς
4071 3827 4173 3891 γῆς

2569 3915 2660 3963 καὶ
2705 3909 3008 3980 ἀπεκάλυψε
3058 3915 3171 3961 Νῶε
3236 3912 3331 3967 τὴν
3393 3912 3582 3980 στέγην
3633 3917 3723 3970 τῆς
3777 3906 4023 3976 κιϐωτοῦ,
4111 3912 4173 3968 ἣν

2571 3998 2804 4068 ἐποίησε,
2865 4003 2956 4050 καὶ
3008 3993 3162 4064 εἶδεν,
3219 3996 3294 4049 ὅτ’
3394 3995 3586 4059 ἐξέλιπε
3658 3999 3716 4049 τὸ
3837 3993 3982 4072 ὕδωρ
4069 3994 4174 4050 ἀπὸ

2570 4095 2855 4162 προσώπου
2875 4095 2969 4149 τῆς
3020 4094 3135 4159 γῆς.
3203 4091 3364 4162 Ορᾷς,
3425 4090 3565 4148 ὅπως
3617 4091 3706 4138 καὶ
3759 4087 3789 4144 ἠ
3846 4093 3938 4138 τοῦ
3987 4082 4174 4139 δευτί-

2567 4197 2661 4252 ρου
2687 4183 2888 4251 κόσμου
2921 4175 3064 4251 ἁρχὴ
3088 4184 3180 4228 τοῦ
3235 4180 3622 4251 πρωτοκαιρίου
3671 4177 3820 4250 ιαρος
3867 4173 4171 4250 ίξιίρχεταις

2566 4267 2740 4342 Ὀμῶς
2787 4269 2908 4338 (97)
2969 4267 3176 4318 ἅπαντα
3229 4263 3396 4318 ὶκεῖνα
3455 4267 3522 4317 τὰ
3558 4263 3794 4340 1,παλοιιᾶι
3870 4268 4002 4340 πρὸς
4083 4269 4174 4323 τὴν

2569 4359 2855 4413 ίνεστῶσαν
2911 4357 3194 4430 βλέπουσιν
3244 4356 3445 4432 ἑορτή-νο
3503 4357 3620 4409 καθ’
3670 4357 3733 4414 ἦν
3792 4357 3860 4408 τὰ
3901 4358 3992 4428 μιν
4075 4363 4174 4417 τῆς

2567 4447 2898 4523 ἀποστροφῆς
2919 4455 3012 4498 τοῦ
3063 4449 3199 4499 θείου
3257 4451 3563 4520 προσώπου,
3622 4449 3712 4497 καὶ
3767 4445 3793 4496 ὁ
3845 4443 4003 4520 ϐαρὺς
4049 4463 4172 4517 χει.

2565 4543 2792 4612 μὼντῆς
2837 4541 3024 4590 τούτου
3083 4537 3245 4611 ὀργῆς
3295 4535 3432 4596 τέλος
3491 4533 3761 4608 λαμϐάνει.
3817 4536 4047 4609 ἄρχεται
4109 4531 4171 4588 δι

2513 4623 2658 4688 ῗτὴν
2688 4638 2787 4700 γῆν
2813 4628 3218 4681 ἐπισκίπτεσθαι
3267 4629 3523 4698 σωτήριον
3576 4623 3890 4690 ἂπισκοπὴν,
3946 4627 4038 4676 καὶ
4092 4631 4169 4694 τῷ

2565 4717 2776 4771 ἀνθεινὼ
2827 4719 3059 4790 στεφάνῳ
3110 4723 3182 4786 τῷ
3237 4717 3350 4789 ἔαρι
3396 4718 3736 4786 καταστέφειν
3811 4713 3999 4778 αὐτὴν,
4075 4717 4168 4765 καὶ

2561 4810 2766 4881 μεθύειν
2796 4810 2886 4868 τάς
2916 4806 3145 4868 αὔλακας
3179 4812 3296 4866 ταῖς
3351 4812 3440 4865 τῆς
3485 4807 3860 4878 χρηστότητος
3915 4797 4163 4878 δωρεαῖς.

2560 4897 2864 4976 Ἐνεαριζων
2920 4893 2979 4950 δε
3035 4901 3125 4949 καὶ
3174 4891 3412 4948 οΔαυῐδ.
3462 4913 3552 4946 και
3723 4891 4050 4946 ἀνακαινίσει
4073 4899 4168 4954 τῆς

2557 4998 2657 5062 γῆς
2687 4992 2752 5042 τά
2793 4993 3073 5064 πρόσφορα
3118 4982 3428 5059 ψαλτῳδῶνο
3460 4992 3504 5038 Ο
3537 4986 3729 5058 Κύριος
3796 4979 3960 5037 δώσει
4025 4991 4171 5060 χρῆο

2561 5084 2811 5147 στότητα,
2865 5073 3070 5151 ἐπᾴδει,
3127 5081 3217 5130 καὶ
3271 5074 3300 5135 ἡ
3356 5083 3422 5148 γῆ
3481 5075 3627 5148 ἡμῶν
3685 5069 3849 5129 δώσει
3894 5074 3983 5129 τὸν
4034 5091 4171 5151 κιρ-

2556 5174 2652 5225 πόν
2674 5170 2803 5229 αὐτῆ
2816 5192 2836 5233 ς
2851 5211 2864 5227 .

2622 5389 2739 5459 (97)
2767 5384 2912 5445 Cod.
2944 5386 3097 5459 ὅμως.

2624 5460 2739 5528 (98)
2770 5460 2893 5515 Gen
2923 5475 2998 5522 Vl,
3025 5463 3110 5515 t2.

2617 5530 2730 5602 (99)
2762 5530 2913 5587 ibid.
2951 5535 3038 5598 ιι,

2616 5605 2700 5676 (t)
2733 5603 2880 5660 Gen.
2910 5617 3033 5673 vm,
3073 5603 3158 5676 tl.
3292 5672 3309 5676 _
3471 5663 3474 5666 ,

2617 5669 2698 5747 (2)
2735 5678 2880 5732 Gen.
2912 5669 3028 5744 vm,
3056 5675 3122 5732 l3
3146 5688 3262 5730 sec'
3290 5669 3440 5732 LXX.

2611 5749 2692 5825 (3)
2718 5747 2876 5808 Psal.
2901 5761 3139 5818 Lux",
3161 5749 3246 5805 t3.
