4468 6450
331 388 436 446 ’121

1468 387 1538 443 ΙΝ
1568 385 2189 446 ΑΝΝΗΝΤΙΛΠΟΝΕΗ
2214 386 2278 443 Β.
2311 384 2548 444 ΗΑΒῐῶ

3600 389 3708 444 722

408 512 535 570 ΑΠ’.
598 512 680 567 Ἐν
750 519 824 584 τῷ
879 517 1047 588 καιρῷ
1100 512 1269 583 τούτῳ
1328 511 1544 564 ἶσταται
1595 519 1692 573 τῆς
1742 518 1946 586 μακρᾶς
1977 513 2022 566 Α
2128 513 2168 567 Χ

1943 513 2022 571 :A
2128 512 2399 567 XXXVIII.
2433 511 2564 565 Iam
2610 507 2977 566 circumferri
3007 507 3218 565 tandiu
3264 507 3382 565 huc
3430 508 3588 581 illuc,
3639 525 3707 566 ac

330 602 754 677 περιπλανήσεως
799 608 890 656 καὶ
958 602 1104 665 ξένης
1182 605 1520 673 κυμαγωγίας
1603 601 1633 658 ἡ
1713 605 1942 672 κοσμική

331 691 578 760 κιϐωτὸς,
617 697 706 744 καὶ
743 694 802 744 τὸ
852 687 997 766 ὕδωρ
1036 694 1095 743 τὸ
1145 688 1506 742 ἀνυπόστατον
1562 689 1730 742 τέλεον
1774 688 1947 761 ἐκλιμ-

332 783 508 837 πάνει.
593 781 1043 834 Ἀποκαλύπτεται
1100 781 1166 832 τὰ
1221 777 1688 850 συγκεκαλυμμένα
1734 783 1946 851 μυστή-

333 888 430 944 ρια
457 876 556 930 τῆς
586 868 815 943 ἀρχαίας
838 867 1032 942 βουλῆς
1066 875 1159 928 τῆς
1197 872 1350 928 ὄντως
1398 865 1646 928 ἀληθινῆς
1715 888 1726 901 ·
1770 869 1796 919 6
1852 875 1946 930 τῆς

333 955 684 1022 δικαιοσύνης
741 958 884 1020 ἣλιος
937 957 1214 1030 επιλάμπει
1279 964 1353 1027 τῷ
1409 960 1592 1028 κόσμῳ
1633 976 1647 990 ο
1701 961 1791 1009 καὶ
1842 964 1946 1028 φῶς

330 1048 490 1120 μίγαί
526 1044 656 1102 ίδείν
687 1051 736 1101 οἱ
764 1051 993 1120 χρονίως
1051 1046 1102 1099 ἕν
1143 1050 1317 1099 σκότει
1355 1047 1638 1117 καθήμενοι
1672 1049 1762 1097 καὶ
1821 1051 1948 1116 σκιᾲ

333 1145 430 1192 τοῦ
465 1139 688 1192 θανάτου
735 1136 1127 1201 καταειοῦνται,
1171 1138 1349 1189 καὶτὸ
1396 1138 1598 1209 στερεὸν
1653 1143 1750 1197 τῆς
1796 1154 1946 1188 πνευ-

330 1234 564 1299 ματικῆς
613 1228 985 1288 καταστάσεως
1055 1233 1148 1278 τοῦ
1227 1224 1442 1299 ἰνύγρου
1516 1227 1604 1276 καὶ
1668 1221 1942 1300 πλαδαροῦ

335 1314 462 1389 βίου
512 1313 977 1388 ἀντιλαμϐάνουσι.
1031 1317 1319 1390 Πιριστιρὰ
1365 1316 1454 1387 μεν
1503 1309 1591 1366 οὖν
1639 1311 1803 1366 ἐκεῖσε
1844 1314 1942 1384 ἄγα

330 1404 480 1476 ⁶γελος
523 1413 616 1466 τῆς
689 1403 990 1475 ἀπαλλαγῆς
1021 1411 1140 1465 τοῦς
1198 1402 1575 1475 κατακλυσμοῦ
1625 1423 1638 1438 ο
1694 1405 1782 1461 ἧτι
1823 1421 1940 1474 χει-

332 1503 502 1566 μῶνος
533 1496 724 1547 ἑκείνου
781 1497 856 1546 ἔτι
904 1492 1300 1565 ἐπικρατοῦντος
1336 1492 1430 1544 οῦκ
1483 1490 1898 1566 ἕπαρῥησιάζετο
1923 1513 1936 1525 ο

333 1581 448 1637 ἐπεὶ
525 1578 584 1636 δε
631 1581 894 1655 παρῆλθεν
943 1583 1112 1647 οὗτος,
1182 1579 1387 1644 ἆξῆλθεν
1434 1579 1622 1637 ἕκιίνη.
1671 1585 1771 1633 Καὶ
1812 1581 1938 1655 ύπερ

332 1675 498 1744 χιόνα
528 1668 588 1724 δε
615 1670 769 1730 λευκὴ
797 1669 850 1724 ἔκ
879 1678 970 1724 τοῦ
1009 1672 1146 1722 κατὰ
1197 1669 1384 1741 ψυχὴν
1442 1676 1712 1742 φωτισμοῦ
1753 1670 1783 1726 η
1811 1669 1940 1721 πάν-

335 1779 494 1831 αγνος
550 1763 639 1812 καὶ
702 1759 886 1831 λογική
960 1761 1263 1834 περιστερὰ,
1289 1765 1381 1810 τοῦ
1442 1765 1626 1816 νοητοῦ
1685 1756 1944 1810 κατακλυ-

2056 597 2292 655 funesta
2311 597 2572 671 procella
2587 597 2800 669 jactari
2823 603 3015 655 cessat
3030 614 3168 655 arca
3190 598 3425 664 mundi,
3449 604 3507 653 et
3527 600 3710 655 insta-

2055 685 2206 742 biles
2221 689 2300 758 (4)
2317 702 2510 760 aquas
2527 687 2776 743 omnino
2797 687 3035 744 deserit.
3049 687 3183 743 Jam
3204 687 3546 744 revelantur
3566 688 3709 744 abs-

2055 775 2300 832 condita
2380 776 2610 848 antiqui
2682 775 2839 832 illius
2892 782 2947 832 et
3007 792 3152 832 sane
3195 776 3318 832 veri
3363 776 3593 832 consilii
3635 779 3710 846 (ὅ)

2057 866 2388 936 mysteria:
2443 865 2673 922 mundo
2717 865 3018 921 illucescit.
3066 864 3163 921 Sol
3217 865 3457 936 justitiie
3505 867 3710 935 (6):et

2057 955 2161 1027 qui
2190 954 2296 1010 diu
2325 955 2386 1010 in
2420 954 2678 1011 tenebris
2709 959 2765 1010 et
2794 955 2854 1010 in
2885 953 3103 1010 umbra
3132 954 3339 1010 mortis
3394 954 3703 1016 sedebant,

2057 1043 2222 1114 digni
2247 1042 2385 1100 facti
2412 1047 2571 1111 sunt,
2595 1048 2661 1100 ut
2685 1058 2970 1112 magnam
3003 1042 3198 1098 lucem
3249 1043 3492 1099 videant
3520 1044 3616 1114 (7),
3651 1049 3708 1099 et

2055 1149 2167 1206 pro
2195 1132 2508 1188 ﬂuctuanti
2539 1132 2640 1188 illa
2669 1137 2725 1187 et
2755 1131 3007 1188 ﬂaccida
3035 1131 3152 1187 vita
3179 1132 3539 1188 soliditatem
3588 1133 3708 1204 spi-

2055 1223 2242 1280 ritalis
2270 1222 2602 1279 mansionis
2631 1221 3066 1294 adipiscuntur.
3100 1221 3184 1276 Ibi
3209 1222 3410 1294 itaque
3432 1221 3712 1277 receden-

2054 1313 2128 1369 tis
2153 1311 2361 1368 diluvii
2387 1312 2599 1368 nuntia
2632 1312 2931 1384 (apparet)
2957 1310 3241 1367 columba
3266 1327 3278 1376 ;
3302 1327 3436 1383 quae
3463 1311 3713 1383 quidem

2053 1401 2199 1458 dum
2241 1401 2436 1458 adhuc
2501 1400 2763 1473 procella
2818 1400 3131 1468 obtineret,
3189 1400 3430 1472 prodire
3489 1417 3714 1473 nequa-

2051 1505 2241 1562 quam
2283 1487 2582 1544 audebat:
2618 1487 2819 1561 prodit
2849 1502 3013 1552 vero,
3047 1490 3372 1560 postquam
3418 1488 3712 1545 diluvium

2053 1578 2330 1635 cessavit.
2367 1578 2481 1634 Sed
2511 1583 2736 1634 etcum
2772 1577 3062 1632 deflueret
3091 1577 3354 1648 spiritale
3393 1577 3708 1649 diluvium,

2055 1666 2376 1724 candidior
2408 1667 2543 1723 nive
2569 1667 2648 1722 ob
2681 1667 2898 1722 animae
2931 1666 3329 1738 splendorem,
3391 1668 3714 1739 purissima

2054 1771 2125 1812 ac
2145 1754 2454 1812 rationalis
2473 1755 2759 1811 columba
2781 1757 2859 1826 (8)
2881 1755 3112 1810 mundo
3147 1756 3445 1827 apparuit.
3469 1760 3547 1811 Ac
3573 1773 3713 1830 pro-

336 1855 476 1920 σμοῦ
506 1847 940 1923 ύπορρεύσαντος,
973 1855 1046 1918 τῷ
1087 1851 1270 1920 κόσμῳ
1325 1847 1653 1918 ἐνεφανίσθηο
1709 1848 1816 1898 Λεά
1862 1864 1944 1898 τοι
1972 1866 2016 1921 Β
2054 1860 2095 1917 p

1972 1866 2016 1921 Β
2054 1849 2260 1917 pterea
2281 1844 2424 1900 dicit
2445 1846 2838 1918 Sponsus(9):
2878 1845 3039 1913 Veni,
3071 1848 3268 1900 amica
3284 1860 3431 1914 mea,
3453 1847 3714 1914 pulchra

332 1945 514 2004 τοῦτο,
566 1937 731 2008 Ἐλθε,
788 1934 818 1997 ἦ
889 1936 1113 1995 πλησίον
1181 1955 1304 2009 μου,
1406 1935 1539 2007 λέγει
1606 1937 1633 1987 6
1703 1938 1942 2008 νυμφίος,

331 2025 466 2085 καλή
511 2045 612 2098 μου
684 2028 968 2099 περιστερά
1019 2047 1032 2061 ·
1083 2027 1162 2079 ὅτι
1221 2022 1338 2078 ἰδού
1417 2026 1444 2077 ὁ
1497 2029 1696 2097 χειμὼν
1747 2022 1944 2099 παρῆλ-

336 2116 441 2181 θεν,
497 2116 523 2166 ὸ
572 2116 719 2176 ύετὸς
783 2114 1001 2173 ἀπῆλθε.
1063 2115 1378 2186 Περιστερὰν
1438 2109 1498 2166 δί
1570 2117 1666 2171 τὴν
1728 2131 1945 2185 κεχαρι-

333 2208 567 2276 τωμένην
617 2205 648 2264 ἠ
712 2203 1086 2277 ᾁσματίξουσα
1138 2203 1406 2276 ὀνομάζει,
1456 2207 1547 2256 καὶ
1589 2199 1684 2256 διὰ
1720 2207 1780 2256 τό
1825 2203 1946 2261 ὃλην

336 2290 396 2345 δι
449 2293 568 2346 ὅλου
623 2296 757 2369 πρὸς
803 2297 861 2347 τὸ
945 2296 1292 2366 πνευματικὸν
1367 2292 1808 2368 μπερῥυθμίσθαι
1855 2297 1946 2345 καὶ

335 2385 492 2436 οἱονεὶ
566 2385 897 2437 πεποιῶσθαι
953 2404 966 2419 ο
1020 2383 1146 2436 ἀλλὰ
1196 2387 1285 2436 καὶ
1329 2385 1409 2435 ὃτι
1462 2386 1556 2440 την
1610 2382 1811 2435 παῦλαν
1855 2389 1947 2436 τοῦ

333 2480 433 2535 τῆς
481 2472 680 2534 πλάνης
730 2481 985 2546 χειμῶνος
1049 2479 1158 2535 τοῖς
1199 2470 1489 2545 ἀνθρώποις
1561 2471 1799 2544 ἐμήνυσε,
1860 2478 1949 2525 καὶ

335 2565 427 2614 τὸν
490 2563 784 2638 χρισθέντα
847 2569 921 2633 τῷ
989 2560 1140 2633 ἐλαίῳ
1216 2569 1313 2622 τῆς
1382 2559 1734 2632 ἀγαλλιάσεως
1808 2565 1950 2636 παρὰ

333 2655 460 2714 τούς
524 2656 787 2724 μετόχους
869 2651 1029 2704 αὑτοῦ
1113 2659 1186 2723 τῷ
1247 2655 1431 2723 κόσμῳ
1513 2647 1770 2713 ύπέδειξι.
1849 2656 1950 2703 Καὶ

335 2742 502 2795 πάλαι
705 2741 902 2814 ἰλέγετο
977 2743 1104 2816 πρὸς
1143 2748 1266 2794 τοῦ
1331 2748 1487 2807 Θεοῦ,
1556 2739 1949 2813 ἕξοργιζομένου

333 2833 476 2885 κατὰ
532 2839 631 2884 τῶν
673 2831 1012 2907 ιίιμαρτιιὶιλιιῦν⁹
1063 2832 1134 2894 ὡς
1171 2830 1247 2882 Ού
1309 2835 1381 2904 μή
1442 2834 1588 2902 μείνῃ
1641 2849 1698 2882 το
1744 2832 1951 2902 Πνεῦμά

333 2940 441 2994 μου
492 2919 570 2974 ἔπ’
625 2920 837 2989 αὐτοὺς,
897 2916 993 2974 διὰ
1038 2923 1098 2972 τὸ
1153 2917 1281 2973 εἶναι
1349 2919 1540 2981 αύτούς
1573 2921 1774 2994 σάρκας
1805 2935 1818 2949 '
1861 2927 1952 2972 τοῦ

335 3013 637 3084 Πνεύματος
666 3017 793 3082 γοῦν
851 3008 1220 3074 ἕξοικισθέντος
1276 3008 1464 3062 ἕκεῐθεν
1518 3015 1611 3061 τοῦ
1672 3012 1948 3071 ζωοποιοῦ,

333 3101 361 3153 6
409 3102 712 3175 νεκροποιὸς
781 3099 1156 3172 κατακλυσμὸς
1261 3097 1607 3158 ἕπενηνεκται.

333 3194 386 3242 τί
435 3207 447 3245 :
502 3196 711 3261 Πνεῦμα
763 3189 912 3260 ἅγιον
971 3187 1296 3242 ἕπιλεύσεται
1339 3187 1422 3240 ἐπὶ
1491 3190 1569 3256 σε,
1646 3191 1736 3239 καὶ
1796 3184 1954 3240 δύνα-

1693 3098 1953 3151 Ἐνταῦθα

2055 1949 2206 1999 mea,
2232 1934 2511 1990 columba
2531 1949 2694 1990 mea:
2716 1948 2846 1990 ecce
2867 1935 3019 1990 enim
3038 1933 3224 1990 hiems
3245 1936 3508 2004 transiit,
3533 1935 3719 1992 imber

2055 2024 2222 2080 abiit.
2245 2023 2484 2080 Nomine
2506 2028 2708 2079 autem
2724 2023 3020 2079 columbae
3041 2038 3159 2078 vox
3177 2024 3556 2079 Canticorum
3575 2039 3716 2095 gra-

2057 2115 2143 2170 tia
2172 2115 2412 2184 plenam
2443 2115 2551 2185 (l0)
2575 2113 2858 2186 appellat,
2895 2117 3021 2169 tum
3063 2114 3208 2186 quia
3238 2117 3361 2170 tota
3391 2118 3447 2170 et
3477 2130 3719 2187 semper

2055 2202 2135 2260 ad
2164 2218 2443 2259 normam
2469 2203 2716 2277 Spiritus
2738 2202 3128 2275 semetipsam
3158 2209 3724 2275 expresserat,eam'

2055 2308 2174 2366 que
2196 2308 2476 2350 normam
2507 2293 2841 2366 quamdam
2893 2292 3078 2348 veluti
3107 2298 3388 2350 naturam
3419 2293 3721 2362 induerat;

2058 2388 2187 2439 tum
2216 2383 2396 2439 etiam
2427 2383 2571 2455 quia
2599 2382 2783 2438 tinem
2813 2382 3030 2438 hiemis
3050 2398 3319 2438 errorum
3345 2384 3725 2440 annuntiavit

2059 2471 2606 2544 hominibus,atque
2619 2477 2857 2528 unctum
2871 2473 2998 2528 oleo
3011 2473 3433 2528 exsuttatienis
3444 2488 3727 2542 praepar-

2063 2562 2341 2632 ticipibus
2377 2561 3175 2632 suis(ti)mundoostendit.
3226 2562 3448 2617 Etolim
3472 2563 3720 2634 quidem

2063 2666 2100 2707 a
2129 2653 2269 2720 Deo,
2299 2651 2590 2709 adversus
2619 2655 2962 2724 peccatores
2989 2650 3415 2717 irato,dictum,
3436 2651 3728 2710 tuit:Non

2059 2741 2435 2811 permanebit
2457 2742 2721 2810 Spiritus
2751 2755 2914 2796 meus
2946 2741 3009 2794 in
3035 2741 3199 2810 ipsis,
3228 2747 3542 2810 propterea
3565 2742 3724 2813 quod

2063 2833 2502 2901 carosunt(12);
2524 2829 2775 2902 proinde
2791 2845 2930 2884 cum
2961 2829 3272 2884 viviﬁcans
3307 2830 3561 2901 Spiritus
3585 2830 3725 2886 inde

2062 2920 2424 2985 recessisset,
2447 2919 2819 2975 mortiferum
2840 2917 3154 2974 inductum
3169 2922 3257 2973 est
3276 2917 3598 2974 diluvium.
3622 2919 3722 2974 Hic

2065 3013 2269 3065 autem
2280 3007 2714 3081 quid?Spiritus
2726 3005 3186 3078 sanctus,inquit
3198 3006 3421 3062 archan
3430 3006 3618 3076 gelus,
3633 3024 3722 3062 su-

2062 3100 2346 3170 perveniet
2359 3100 2421 3152 in
2443 3102 2514 3161 te,
2535 3099 2774 3153 etvirtus
2793 3097 3080 3151 Altissimi
3092 3095 3442 3151 obumbrabit
3474 3096 3723 3166 tibi(i3),

2063 3202 2199 3260 quas
2231 3203 2355 3260 prae
2380 3186 2666 3243 omnibus
2682 3185 2894 3242 creatis
2953 3199 3202 3258 prorsus
3230 3200 3292 3240 es
3333 3184 3726 3243 immaculata

330 3299 424 3352 μις
452 3286 546 3332 τοῦ
566 3278 818 3350 Ὑψίστου
844 3277 1147 3331 ἕπισκιάσει
1187 3297 1269 3330 σοι
1313 3285 1375 3350 τῇ
1428 3281 1957 3350 πανυπεραμωμήτῳ,
1990 3277 2199 3348 ἔλεγενό
2232 3276 2578 3350 ἀρχάγγελος.

408 3368 537 3424 ΛΘ’.
571 3367 705 3422 Ἀλλ’
728 3367 1084 3422 ἕπιπλεκίσθω
1113 3373 1203 3420 καὶ
1253 3370 1321 3420 τὰ
1389 3365 1508 3430 ίξῆς
1564 3375 1657 3419 τοῦ
1682 3373 1958 3440 ’ᾼσματος
1999 3368 2038 3422 C
2142 3369 2172 3421 Χ

1999 3368 2038 3422 C
2142 3368 2356 3422 XXXIX.
2413 3369 2629 3422 Verum
2657 3368 2714 3420 et
2768 3379 2905 3436 qua:
2950 3367 3287 3436 sequuntur
3339 3363 3400 3418 in
3460 3363 3723 3432 Cantico,

330 3465 397 3530 τῇ
467 3465 561 3512 τοῦ
615 3457 773 3531 λόγου
840 3459 941 3530 ύφῇ
1001 3478 1015 3492 ο
1075 3459 1266 3529 Καιρὸς
1323 3465 1416 3529 τῇς
1457 3464 1623 3529 τομῆς
1681 3458 1874 3529 ἔφθασε
1932 3479 1945 3492 ·

332 3552 475 3620 φωνὴ
530 3555 626 3610 τῆς
701 3566 952 3621 τρυγονος
1031 3546 1270 3605 ἠκούσθη
1350 3545 1398 3598 ἐν
1479 3553 1540 3618 τῇ
1621 3553 1689 3618 γῇ
1781 3548 1953 3617 ἡμῶν,

332 3637 420 3692 Ἐν
475 3641 682 3700 τούτοις
760 3639 788 3690 6
871 3633 1195 3712 προδραμὼν
1261 3643 1355 3688 τοῦ
1403 3637 1721 3711 παρθενικοῦ
1774 3640 1954 3705 τόκου,

330 3734 429 3787 τῆν
491 3732 712 3801 στσίρας
768 3725 1022 3801 βλαστὸς,
1075 3730 1508 3802 παρεμφαίνεται.
1562 3730 1663 3778 Καὶ
1721 3727 1819 3797 γὰρ
1862 3729 1953 3777 καὶ

332 3817 613 3889 εὐάγγελος
695 3817 910 3890 ἅγγελος
995 3815 1308 3889 ἕπισυνιίρει
1405 3813 1698 3890 ἀμφότερα.
1782 3814 1953 3873 Εἰπὼν

328 3909 434 3980 γὰρ
494 3911 626 3982 πρὸς
674 3911 768 3966 τὴν
820 3908 1080 3981 Παρθένον
1149 3927 1162 3940 ·
1213 3911 1423 3978 Πνεῦμα
1488 3904 1637 3976 ἅγιον
1695 3903 1954 3957 ἐπελεύσε-

328 4017 421 4051 ται
498 3995 586 4050 ὶπὶ
672 4001 748 4069 σε,
837 4001 925 4049 καὶ
1008 3992 1231 4069 δύναμις
1308 3995 1562 4066 Ὑψίστου
1656 3993 1953 4047 ἔπισκιάσει

331 4106 420 4140 σοι
504 4107 518 4121 ο
596 4083 682 4140 διὸ
765 4091 853 4139 καὶ
931 4089 989 4140 τό
1055 4090 1366 4158 γεννώμενον
1424 4084 1573 4157 ἅγιον
1629 4083 1952 4142 κληθήσεται

328 4178 450 4238 Υἱὸς
504 4183 633 4230 Θειῦ
689 4197 702 4211 ·
764 4175 1052 4247 ἄπισυνῆψε
1112 4177 1318 4237 τούτοις
1375 4174 1528 4236 εὐθὺς
1590 4178 1676 4232 τὴν
1724 4170 1950 4248 προδρο-

329 4271 494 4341 μικήν
522 4266 784 4338 σύλληψιν
837 4287 852 4302 ο
913 4270 1014 4320 Καὶ
1084 4261 1203 4319 ἰδοὺ
1264 4263 1558 4330 Ἐλισάϐετ,
1598 4267 1628 4323 ἡ
1693 4269 1950 4336 συγγενής

330 4377 452 4426 σου,
538 4357 715 4426 εἰπὼν,
774 4360 865 4410 καὶ
917 4359 1051 4414 αὐτὴ
1131 4355 1474 4427 συνειληφυῖα
1538 4356 1649 4406 υἱὸν
1707 4353 1754 4406 ἐν
1800 4359 1948 4428 γήρει

326 4447 514 4509 αὐτῆς.
577 4447 750 4509 Οὗτός
805 4445 946 4499 ἇστιν
1002 4448 1030 4504 ἡ
1103 4450 1304 4519 τρυγών
1345 4447 1375 4503 ἡ
1433 4444 1711 4517 φιλῃρημος
1747 4483 1759 4497 .
1794 4444 1944 4507 οὗτος

325 4543 424 4597 τὴν
463 4542 627 4611 τομὴν
685 4536 893 4609 ἇγγίσαι
941 4533 1378 4610 διαμαρτύρεται,
1427 4538 1556 4588 ὅπου
1586 4540 1716 4608 φησί
1750 4557 1762 4568 ·
1796 4531 1937 4593 Ἤδη

328 4624 392 4682 δὲ
435 4631 525 4681 καὶ
577 4626 726 4691 ἀξίνη
777 4630 908 4701 πρὸς
945 4631 1038 4685 τήν
1093 4627 1250 4702 ῥίζαν
1305 4634 1405 4678 τῶν
1465 4621 1694 4700 δένδρων
1747 4631 1933 4681 κεῖται.

403 4807 483 4877 (II)
503 4809 582 4864 De
603 4821 752 4863 voce
774 4804 1127 4859 ἀνυπόστατον
1157 4804 1240 4861 ita
1271 4805 1502 4877 Henric.
1558 4803 1931 4877 Stephanus:

325 4865 737 4964 Hieronymus
751 4893 1065 4964 ennarrans,
1086 4877 1250 4964 quod
1266 4876 1465 4963 Graeci
1483 4865 1825 4964 Bibliorulm
1845 4879 1936 4934 in-

327 4947 618 5022 terpretés
655 4951 1049 5024 reddiderunt
1079 4947 1222 5024 ὕδωρ
1257 4947 1628 5019 ἀνυπόστατον,
1660 4949 1934 5020 verbum,

325 5021 546 5095 inquit,
577 5023 744 5095 apud
765 5023 1012 5095 Graecos
1025 5021 1382 5092 ambiguum
1404 5026 1514 5095 est,
1531 5026 1590 5095 et
1616 5025 1816 5095 potest
1839 5037 1933 5095 so-

326 5091 677 5169 nare,un
701 5109 828 5151 non
848 5093 1160 5169 subsistat,
1173 5091 1231 5150 et
1258 5091 1424 5168 quod
1441 5091 1814 5150 intolerabile
1839 5093 1931 5150 sit.

398 5168 478 5240 (5)
511 5164 626 5240 Isa.
661 5182 790 5240 1ng,
831 5169 862 5224 1
884 5181 1000 5222 sec.
1026 5164 1178 5220 LXX.

397 5238 478 5310 (ι)
506 5238 752 5297 ιιιιαοιι.
783 5254 862 5306 ιν,
890 5241 943 5292 2.

397 5308 474 5381 (7)
507 5311 618 5368 Isa.
650 5327 724 5375 ix,
757 5313 811 5380 2,
834 5308 1118 5381 etplatth.
1148 5323 1225 5364 iv.
1258 5308 1346 5364 16.

396 5378 477 5454 (8)
508 5378 828 5455 Spirituale
856 5380 1151 5455 diluvium
1177 5384 1279 5455 est
1297 5378 1473 5436 ruina
1493 5378 1562 5455 _in
1587 5378 1936 5455 universum

326 5451 644 5582 genusfer
669 5452 1148 5536 _Adam.i.nducta.
1177 5452 1361 5508 Porro
1381 5467 1475 5507 res
1489 5451 1626 5580 iga
1650 5452 1933 5579 postulat,

326 5541 494 5582 neeo
555 5525 735 5582 dune
765 5539 1008 5582 periisse
1034 5527 1273 5582 putetur
1295 5522 1499 5580 colum
1610 5523 1712 5580 ila
1738 5539 1933 5582 puris-

324 5522 404 5604 ﬁe
419 5541 494 5583 eo
511 5522 735 5583 diluvio
765 5523 1008 5604 periisse
1034 5527 1273 5604 putetur
1295 5522 1583 5604 columba
1610 5522 1712 5580 illa
1738 5526 1936 5604 puris-

327 5599 674 5673 sima,quas
699 5594 1287 5673 nuntiapommunis
1317 5594 1530 5673 salutis
1555 5594 1827 5668 apparet.

401 5667 661 5744 (9)Cant.
696 5687 754 5744 ιι,
781 5671 867 5726 10.
896 5669 1020 5725 Hoc
1034 5668 1216 5744 etiam
1232 5667 1367 5724 loco
1385 5667 1720 5744 Germanus
1770 5669 1940 5744 omit-

326 5742 396 5802 tit
413 5740 545 5817 μου,
578 5741 746 5820 quod
775 5757 848 5801 ex
869 5741 1180 5802 communi
1210 5756 1367 5800 vers.
1413 5741 1543 5800 LXX
1590 5740 1943 5814 adjungitur

2065 3456 2352 3512 orationis
2398 3459 2644 3512 texturae
2687 3455 3067 3521 inserantur;
3113 3455 3362 3521 Tempus
3390 3455 3724 3522 putationis

2064 3547 2350 3614 advenit;
2389 3559 2508 3602 v0.1:
2540 3545 2797 3599 turturis
2827 3543 3040 3600 audita
3069 3549 3153 3599 est
3198 3544 3263 3597 in
3305 3549 3469 3599 terra
3514 3549 3724 3600 nostra

2065 3637 2200 3708 (14).
2227 3639 2290 3691 In
2311 3635 2404 3691 his
2431 3649 2678 3705 germen
2725 3647 2966 3706 quoque
3008 3631 3220 3687 sterilis
3237 3648 3578 3703 praacursor
3607 3633 3721 3688 vir-

2062 3725 2219 3797 ginei
2266 3729 2494 3797 partus,
2547 3723 2728 3778 simul
2774 3721 3148 3795 exprimitur.
3198 3724 3262 3777 Et
3287 3737 3430 3777 sane
3463 3723 3717 3791 angelus

2062 3813 2295 3871 faustus
2313 3814 2403 3870 ille
2426 3813 2672 3869 nuntius
2684 3816 3008 3883 utrumque
3025 3809 3202 3865 simul
3231 3811 3545 3867 connectit.
3573 3814 3721 3868 Nam

2059 3910 2386 3979 postquam
2399 3901 3072 3972 Virginidixit28piritus
3085 3905 3330 3957 sanctus
3341 3903 3719 3970 superveniet

2060 3999 2122 4052 in
2151 4003 2226 4063 te,
2244 4003 2300 4052 et
2330 3993 2835 4051 virtusAltissimi
2872 3990 3249 4047 obumbrabit
3289 3991 3417 4056 tibi;
3471 3991 3719 4063 ideoque

2057 4086 2219 4159 quod
2246 4090 2530 4142 nascetur
2548 4088 2854 4139 senectam
2885 4079 3200 4138 vocabitur
3216 4081 3407 4136 Filius
3439 4081 3551 4136 Dei
3573 4081 3713 4151 (I5);

2058 4175 2343 4231 continuo
2369 4173 2758 4245 prmcursoris
2788 4170 3244 4242 conceptionem
3286 4170 3377 4225 his
3417 4169 3713 4240 adjunxit,

2055 4264 2440 4337 inquiens:Et
2503 4277 2634 4318 ecce
2681 4260 2992 4316 Elisabeth
3053 4265 3312 4330 cognata
3366 4265 3470 4314 tua
3490 4264 3544 4315 et
3581 4262 3714 4329 ipsa

2054 4355 2323 4424 concepit
2352 4354 2546 4421 ﬁlium
2581 4355 2641 4406 in
2663 4355 2964 4406 senectute
3000 4365 3111 4405 sua
3139 4349 3251 4419 (l6)
3283 4350 3380 4404 Hic
3411 4352 3713 4404 estturtur

2055 4444 2396 4501 solitudinis
2431 4442 2662 4511 amicus
2699 4441 2833 4496 :hic
2866 4444 3105 4511 tempus
3135 4439 3461 4511 putationis
3491 4454 3710 4511 appro-

2052 4535 2378 4607 pinquasse
2404 4536 2671 4600 testatur,
2704 4530 2806 4586 ubi
2840 4529 2920 4585 ait
2955 4547 2967 4585 :
2999 4531 3138 4585 Jam
3177 4530 3332 4585 enim
3353 4529 3575 4585 securis
3628 4530 3710 4584 ad

2048 4624 2305 4682 radicem
2338 4623 2623 4680 arborum
2649 4621 2848 4692 posita
2896 4624 2981 4676 est
3011 4617 3142 4690 (17).
3189 4621 3513 4692 Postquam
3544 4619 3706 4675 enim

2041 4805 2172 4863 voci
2197 4805 2502 4879 περιστερά.

2113 4879 2230 4942 (10)
2262 4871 2420 4933 'Vibe'
2463 4875 2605 4947 Deip
2625 4889 2755 4930 ram
2788 4871 3264 4948 antonomastice
3284 4880 3702 4948 rigataque-

2044 4955 2219 5024 μένης,
2253 4951 2453 5019 gratia
2478 4943 2696 5018 plénw,
2738 4945 3142 5020 appellatione
3166 4943 3578 5015 designatam'.

2113 5022 2226 5078 ἰ11)
2256 5021 2392 5078 Psal
2419 5036 2573 5078 XLIV.
2606 5022 2636 5074 8

2113 5022 2226 5087 iit)
2256 5022 2392 5078 Psal
2419 5036 2573 5086 XLIV,
2606 5022 2636 5074 8

2117 5033 2226 5092 ης)
2258 5033 2392 5078 l’sal
2419 5036 2573 5086 xm,
2606 5033 2636 5074 δ

2117 5097 2228 5162 (12)
2260 5095 2568 5160 Gen.v1,3
2629 5107 2752 5148 sec.
2821 5105 2980 5146 vers.
3048 5089 3200 5162 LXX,
3267 5088 3441 5160 cujus
3500 5091 3703 5145 tamen

2044 5160 2300 5233 Vulgata
2329 5164 2509 5220 editio
2545 5164 2726 5235 paulo
2770 5162 2937 5219 aliter
2982 5160 3185 5230 habet,
3233 5166 3303 5233 μὴ
3342 5167 3702 5235 καταμείνῃ...

2045 5236 2094 5289 ἐν
2128 5244 2231 5298 τοῖς
2263 5233 2780 5311 ἁνθρῲποιςίτούτοις
2809 5253 2821 5290 :
2855 5250 3033 5290 voces
3091 5237 3293 5290 autem
3325 5233 3394 5295 εἰς
3425 5236 3511 5286 τὸν
3543 5233 3705 5286 αἰῶνα

2045 5309 2226 5365 etiam
2255 5309 2317 5365 in
2345 5307 2464 5364 edit
2501 5307 2694 5364 Aldin.
2747 5307 2985 5364 desunt.

2117 5383 2232 5449 (t3)
2265 5383 2402 5436 Luc.
2436 5396 2474 5448 ι,
2503 5383 2590 5435 35.

2115 5455 2230 5523 (14)
2262 5454 2424 5508 Cant.
2458 5456 2621 5517 u,i2.

2120 5527 2230 5595 (t5)
2266 5526 2460 5591 Luca,
2495 5527 2585 5579 35.

2115 5598 2229 5667 (ιδ)
2262 5595 2410 5652 Ibid.
2450 5598 2536 5652 se.

2120 5671 2235 5742 (l7)
2265 5670 2380 5743 Luc
2411 5684 2490 5737 III,
2537 5672 2590 5724 9.
