4468 6450
369 319 475 372 ’125

1477 319 1548 375 ΙΝ
1586 317 2204 374 ΛΝΝΠΝΤΙΑΤῙΟΝΕΜ
2239 318 2300 373 Β.
2339 315 2602 374 ΙΛΗΙΕ.

3634 315 3744 376 726

370 441 620 512 μελίωτος
669 438 806 501 οἶκος
852 444 916 492 τά
971 462 1031 512 γε
1092 448 1160 504 είς
1236 439 1490 517 ἀνδρικὴν
1546 451 1819 518 συνεργίαν
1883 446 1972 494 καὶ
2003 445 2048 499 Α
2081 446 2134 497 st

2003 445 2048 499 Α
2081 443 2342 510 struitur,
2375 439 2764 513 eaque,quod
2783 438 2862 495 ad
2891 439 3227 496 humanam
3253 439 3739 512 cooperationem

370 533 567 600 φύσεως
625 529 952 584 ἀκολουθίαν.
1040 532 1292 584 Ἐνταῦθα
1341 537 1439 604 γὰρ
1496 536 1521 583 6
1571 536 1762 594 ἓνοικός
1858 537 1972 583 ἐστι

366 626 463 669 τοῦ
494 623 637 669 οἰκου
671 619 898 689 θεμέλιος
919 625 1007 671 καὶ
1058 621 1142 672 ἐπὶ
1199 629 1272 690 τῷ
1339 618 1605 692 οἰκοδόμῳ
1661 618 1970 694 παραδόξως

367 709 393 757 6
430 705 572 768 οἶκος
601 707 926 778 ἐστήρικται.
957 707 1014 760 Ἦ
1057 709 1186 766 αὐτὴ
1238 713 1338 783 γὰρ
1363 718 1453 761 τοῦ
1516 716 1682 780 Λόγου
1744 710 1971 761 ῦπόστα-

371 815 452 854 σις
483 801 573 848 καὶ
605 797 836 867 etiam;
892 796 1004 849 ἐστι
1059 806 1132 866 τῷ
1180 802 1324 868 οἶκῳ⁶
1378 802 1433 849 τὸ
1489 802 1588 871 γὰρ
1647 799 1971 872 πρόσλημμα

369 885 776 954 θεοῦπόστατον,
799 891 887 936 καὶ
938 890 1091 946 αὐτὸς
1139 888 1279 956 αὐτῷ
1336 885 1535 957 ἐνοικεῖ,
1591 889 1634 938 ἰν
1685 889 1696 908 ’
1751 891 1826 944 εἰη
1871 896 1969 938 τῶν

365 970 416 1023 ἐν
445 982 519 1043 τῷ
548 974 618 1024 ενι
650 979 864 1045 Χριστῷ
890 971 986 1026 δύο
1013 978 1212 1046 φύσεων
1265 980 1323 1028 τό
1383 973 1632 1050 διάφορον
1682 973 1966 1046 πρόδηλον·

365 1060 572 1136 ἐπείπερ
603 1062 725 1114 ἄλλο
754 1067 814 1114 τὸ
847 1063 1072 1115 ἐνοικοῦν
1122 1085 1173 1116 τι
1225 1066 1361 1135 (16),
1410 1071 1500 1117 καὶ
1552 1065 1675 1117 ἄλλο
1723 1070 1781 1117 τὸ
1838 1069 1967 1117 ίνοι-

361 1155 633 1222 κούμενον.
697 1154 842 1204 Κατά
891 1156 1087 1211 ταύτην
1137 1150 1224 1205 οὖν
1273 1159 1367 1212 τὴν
1427 1151 1662 1206 διάνοιαν
1725 1154 1968 1227 εἰρῆσθαι

360 1245 455 1292 καὶ
507 1243 567 1295 τὸ
621 1247 732 1302 τοῖς
787 1241 1018 1312 Ψαλμοῖς
1057 1242 1412 1314 ἐμφερόμενον.
1471 1249 1633 1295 Εσται
1699 1248 1969 1316 στήριγμα

361 1326 411 1378 ἐν
434 1336 496 1398 τῇ
619 1328 713 1380 ἐπ’
749 1330 920 1400 ἄκρων
977 1339 1076 1381 τῶν
1148 1333 1324 1404 ὁρέων,
1413 1331 1564 1390 αὐτὸς
1632 1329 1964 1394 ιύτθυϐολως,

360 1418 430 1476 ως
462 1413 630 1486 οἶμαι,
675 1422 913 1474 νενόηκα.
979 1424 1248 1492 Στήριγμα
1296 1422 1398 1490 γὰρ
1453 1425 1544 1470 καὶ
1593 1421 1883 1478 ὑπόστασις
1940 1421 1965 1470 6

361 1511 657 1574 Μονογενὴς
688 1512 911 1576 γεγονὼς
951 1515 1012 1578 τῇ
1065 1511 1219 1580 γηενη
1253 1513 1431 1582 σαρκὶ,
1488 1510 1549 1565 ἦν
1594 1507 1647 1558 ἐκ
1704 1516 1797 1568 τῆς
1827 1515 1964 1580 Παρ-

363 1595 509 1645 θένου
566 1595 926 1667 προσείληφεν,
985 1596 1296 1670 ῦπαρῦψωσε
1343 1600 1560 1665 ταύτην,
1619 1601 1708 1648 καὶ
1777 1616 1964 1669 σαρκο-

361 1686 521 1754 φόρος
547 1681 836 1755 ἔπ’ᾶκρων
888 1692 989 1734 τῶν
1046 1683 1200 1758 ὀρέων
1250 1682 1550 1753 δοξάζεται,
1603 1693 1710 1747 τοῖς
1769 1705 1963 1757 χερον-

2083 536 2138 586 et
2166 530 2439 586 ordinem
2473 534 2699 584 natura
2740 531 2985 599 spectat,
3045 543 3253 584 carens
3308 527 3736 585 fundamentis.

2084 619 2185 674 Hic
2214 620 2373 674 enim
2400 616 2766 672 inhabitator
2795 617 2924 687 ipse
2945 619 3032 670 est
3088 615 3476 672 habitationis
3528 616 3741 672 funda-

2083 713 2350 762 mentum
2387 711 2480 771 ;et
2523 704 2706 760 modo
2753 703 2932 776 plane
2979 701 3240 758 mirabili
3287 702 3508 759 domus
3560 718 3742 775 super

2082 797 2280 867 ipsum
2311 794 2736 849 aediﬁcatorem
2771 808 2950 847 suum
2989 791 3247 847 cernitur
3289 792 3558 849 fundata.
3593 794 3738 858 Quae

2080 884 2240 942 enim
2273 883 2443 939 Verbi
2473 888 2564 937 est
2594 880 2957 952 hypostasis,
3027 880 3241 937 eadem
3295 886 3352 936 et
3389 881 3600 937 domui
3647 885 3739 938 est

2079 972 2543 1028 fundamentum
2575 988 2588 1036 ;
2616 970 2906 1041 quoniam
2935 969 3102 1033 illud,
3129 969 3297 1041 quod
3349 975 3734 1042 assumptum

2077 1066 2186 1126 est,
2219 1064 2278 1117 in
2309 1063 2428 1115 Deo
2455 1058 2904 1115 subsistentiam
2935 1058 3136 1128 habet,
3173 1073 3242 1113 ac
3275 1060 3428 1113 Deus
3458 1058 3519 1114 in
3549 1074 3620 1114 eo
3649 1059 3737 1114 in-

2076 1150 2306 1206 habitat
2340 1169 2352 1216 ;
2382 1149 2537 1204 adeo
2565 1152 2627 1202 ut
2683 1146 2968 1214 duarum,
3016 1161 3152 1218 quae
3205 1146 3264 1202 in
3326 1162 3444 1202 uno
3503 1146 3733 1204 Christo

2079 1245 2238 1306 sunt,
2268 1245 2624 1293 naturarum
2663 1235 2990 1290 discrimen
3029 1234 3346 1290 manifeste
3411 1241 3730 1308 appareat:

2076 1329 2365 1400 quoniam
2393 1325 2556 1380 aliud
2579 1340 2722 1378 sane
2753 1329 2860 1390 est,
2893 1325 3057 1396 quod
3093 1323 3388 1380 inhabitat
3417 1324 3475 1380 in
3503 1324 3732 1396 aliquo,

2076 1416 2243 1472 aliud
2275 1431 2432 1482 vero,
2461 1412 2625 1485 quod
2657 1411 3023 1468 inhabitatur
3045 1412 3178 1482 (27).
3222 1415 3393 1468 Recte
3424 1413 3620 1482 igitur,
3670 1418 3735 1470 ut

2077 1505 2222 1560 mihi
2253 1504 2504 1566 videtur,
2540 1502 2598 1556 in
2630 1501 2910 1556 eamdem
2945 1502 3304 1557 sententiam
3344 1501 3461 1556 dici
3492 1505 3550 1557 et
3580 1500 3727 1558 illud

2073 1595 2204 1666 ipse
2234 1592 2461 1659 censui,
2487 1589 2653 1662 quod
2683 1589 3018 1653 continetur
3042 1589 3104 1644 in
3130 1589 3381 1645 Psalmis
3417 1607 3429 1644 :
3463 1591 3596 1646 Erit
3625 1592 3729 1658 ﬁr-

2071 1687 2433 1737 mamentum
2463 1682 2525 1733 in
2587 1682 2751 1732 terra
2781 1692 2962 1746 super
2989 1679 3235 1732 summis
3253 1679 3546 1735 montium
3585 1677 3724 1749 (30).

361 1769 532 1833 ϐικοῖς
561 1771 914 1844 ἐποχούμενος
968 1779 1146 1834 νώτοις
1212 1776 1521 1847 Θεοπρεπώς·
1591 1794 1658 1834 εις
1709 1776 1802 1847 όρη
1861 1776 1962 1846 γάρ
2000 1792 2034 1843 Β
2075 1772 2125 1825 [1η

2000 1792 2034 1843 Β
2075 1769 2419 1839 Unigenitus
2431 1767 2590 1822 enim
2611 1765 3075 1821 fundamentum
3097 1771 3153 1820 et
3168 1766 3512 1838 hypostasis
3532 1766 3725 1823 factus

360 1860 631 1930 πολλαχοῦ
685 1864 733 1912 οἱ
780 1862 990 1932 ἄγγελοι
1044 1862 1492 1934 ’ἑκλαμϐάνονταμ
1563 1871 1845 1935 Τπραχώς
1904 1860 1964 1915 δέ

355 1967 484 2000 ποτε
512 1956 603 2000 τοῦ
632 1945 1001 2021 δωδεκαφῦλου
1037 1960 1137 2003 τῶν
1178 1949 1465 2004 Ἰουδαίων
1521 1953 1775 2012 εὐτάκτως
1824 1949 1962 2005 διαι-

357 2038 611 2108 ρεθέντος,
644 2044 733 2090 καὶ
783 2045 1182 2112 προηγουμένης
1236 2040 1354 2112 (28)
1407 2049 1500 2100 τῆς
1554 2040 1798 2105 κιϐωτοῦ,
1855 2043 1957 2093 ἓτε-

356 2125 527 2196 ρονὲκ
578 2130 757 2179 τούτου
814 2135 1104 2202 μυστήριον
1163 2136 1597 2202 προεσημαίνετο.
1658 2131 1726 2190 ὠς
1783 2138 1843 2201 τῇ
1905 2134 1958 2182 ἐκ

356 2217 632 2285 πανάγνων
660 2219 984 2290 παρθωικών
1069 2219 1298 2289 αἱμάτων
1367 2221 1735 2288 θεοῦποστοίτῳ
1790 2227 1953 2290 σκηνῇ

356 2303 638 2375 κάμψουσι
659 2310 784 2376 γόνυ
815 2310 879 2357 τὰ
910 2307 1147 2378 οὐράνια,
1179 2314 1269 2360 καὶ
1308 2310 1354 2359 οἱ
1407 2307 1489 2360 ἐπὶ
1545 2317 1637 2379 γῆς
1696 2308 1958 2380 ἂνθρωποι

357 2393 426 2452 εἰς
479 2393 702 2454 Ελληνας
745 2415 834 2446 και
887 2393 1180 2458 Ἰουδαίους
1247 2393 1556 2468 διῃρημένοι
1641 2400 1772 2466 (29),
1868 2403 1956 2450 καὶ

359 2482 493 2533 αὐτά
519 2479 692 2540 δήπου
724 2488 790 2535 τὰ
811 2487 1145 2556 καταχθόνια

2071 1858 2328 1915 terrestri
2359 1856 2544 1919 carni,
2566 1869 2754 1926 quam
2780 1870 2852 1910 ex
2877 1854 3114 1924 Virgine
3167 1855 3516 1929 assumpsit,
3565 1855 3724 1911 hanc

2072 1948 2382 2010 exaltavit;
2407 1950 2462 2001 et
2477 1945 2809 1998 humanam
2828 1959 3042 2012 gerens
3061 1959 3326 2012 carnem,
3359 1943 3725 2013 gloriﬁcatur

2073 2053 2255 2108 super
2278 2033 2534 2090 summis
2567 2033 2884 2100 montium,
2903 2033 3238 2089 cherubicis
3267 2033 3507 2102 scilicet,
3547 2038 3727 2105 prout

2073 2129 2258 2182 Deum
2297 2125 2486 2190 decet,
2516 2124 2784 2179 invectus
2839 2121 3129 2188 humeris,
3161 2138 3300 2178 cum
3358 2121 3557 2193 angeli
3614 2123 3726 2179 fre-

2067 2219 2319 2287 quenter
2335 2217 2630 2272 montium
2649 2213 2894 2269 nomine
2913 2211 3302 2283 accipiantur.
3325 2211 3438 2268 Sed
3463 2216 3520 2267 et
3561 2211 3726 2268 aliud

2069 2305 2421 2376 mysterium
2454 2306 2513 2359 in
2544 2322 2612 2361 eo
2643 2300 3146 2376 prmsignabatur,
3181 2300 3348 2372 quod
3396 2299 3726 2373 aliquando

2067 2393 2391 2449 duodecim
2420 2393 2767 2450 Judaaorum
2792 2389 2981 2445 tribus
3011 2389 3266 2461 pulchro
3313 2389 3526 2445 ordine
3575 2406 3727 2462 qua-

2067 2484 2376 2540 drifariam
2442 2484 2776 2540 distributis
2822 2481 2959 2547 sint,
3014 2494 3155 2535 arca
3212 2494 3351 2535 vero
3435 2479 3731 2552 praecede-

356 2576 449 2626 ret
477 2572 616 2642 (3t);
651 2575 1132 2645 praesignabatur
1157 2591 1375 2648 nempe
1405 2575 1694 2641 futurum,
1738 2582 1801 2631 ut
1826 2574 2236 2641 tabernaculo,
2265 2590 2338 2628 ex
2364 2573 2690 2645 purissimo
2718 2570 3010 2638 sanguine
3048 2568 3298 2638 Virginis
3351 2568 3650 2626 aediﬁcato
3676 2575 3733 2627 et

354 2659 417 2714 in
453 2662 570 2714 Deo
601 2661 1053 2718 subsistentiam
1080 2663 1360 2731 habente,
1388 2669 1514 2719 tum
1546 2665 1875 2720 caelestium
1917 2669 2041 2718 tum
2076 2663 2462 2731 terrestrium,
2488 2662 2805 2718 hominum
2820 2657 3180 2730 nempe,qui
3208 2656 3733 2728 distinguebantur

356 2748 422 2802 in
455 2749 694 2804 Judaeos
735 2757 792 2805 et
833 2753 1090 2817 Grecos,
1131 2757 1184 2806 ct
1224 2752 1495 2824 ipsornm
1527 2753 1732 2824 utique
1763 2752 2091 2808 inferorum
2138 2767 2336 2822 genua
2375 2751 2770 2806 ﬂecterentur.

429 2838 543 2892 ΜΓ.
591 2839 714 2899 Alt;
758 2839 937 2892 λοιπὸν
987 2849 1086 2891 τῶν
1143 2838 1382 2892 σκιωδῶν
1415 2839 1815 2913 ὑποδειγμάτων
1874 2847 1963 2892 καὶ

357 2935 609 2978 τυπικῶν·
668 2928 777 2988 άλις
844 2937 944 2979 τῶν
1012 2927 1294 2983 Δαυῖδείων
1352 2926 1786 3002 ψαλτῳδημάτων
1873 2934 1963 2981 καὶ

352 3022 456 3066 τῶν
502 3015 882 3088 Σολομωντείων
937 3017 1210 3090 ᾀσμάτων,
1264 3019 1415 3072 ’ἰτέον
1481 3021 1584 3071 ἐπ’
1640 3019 1807 3072 ἐκεῖνα
1859 3040 1961 3072 τοι-

349 3107 476 3177 γὰρ,
546 3105 580 3155 ἃ
650 3105 824 3157 πολλοὶ
905 3116 1168 3178 προφῆται
1239 3113 1329 3159 καὶ
1414 3107 1652 3180 βασιλεῖς
1708 3108 1962 3180 ὶπεθῦμη-

353 3213 452 3246 σαν
478 3191 629 3258 ἰδεῖν,
653 3196 743 3247 καὶ
772 3196 866 3247 οὐκ
897 3193 1058 3250 εἶδον.

427 3461 437 3478 ’
469 3468 512 3512 Ο
565 3465 946 3534 παριστάμενος
1009 3465 1111 3514 ἀνω
1161 3467 1291 3535 μετὰ
1349 3461 1502 3525 δέους
1549 3475 1620 3536 τῷ
1672 3470 1960 3540 παντοκρά-

352 3567 469 3623 τορι
533 3557 746 3621 γυναικὶ
828 3557 1152 3625 παρίσταται
1226 3558 1451 3626 σήμερον
1531 3557 1658 3626 μετὰ
1714 3556 1958 3618 πλείστης

348 3647 442 3698 τῆς
473 3638 738 3700 εὐλαϐείας
789 3644 918 3712 πρὸς
974 3645 1171 3702 ταύτης
1223 3643 1248 3692 ό
1298 3648 1621 3716 πυρίμορφος
1670 3643 1958 3719 ἁνταστρά-

344 3747 552 3779 πτοῖαι⁸
606 3730 630 3778 6
684 3729 841 3790 ἄυλος
892 3734 986 3787 τὴν
1066 3731 1234 3781 iw)!»
1301 3728 1528 3782 δέδοικε·
1603 3739 1876 3805 Ζαχαρίας
1929 3737 1954 3786 6

343 3815 626 3889 ἀρχιερεὺς
674 3821 750 3870 ἔτι
794 3827 884 3878 τῆς
938 3817 1250 3890 ἀμφιϐολίας
1299 3819 1536 3892 ἐπιτίμια
1577 3831 1816 3896 καρτερεῖ
1861 3829 1953 3880 τὴν

341 3905 592 3976 ἀφωνίαν,
671 3913 765 3965 τὴν
814 3915 1095 3980 κωφευσιν.
1157 3907 1288 3962 Οῖδε
1339 3920 1490 3963 τοῦτο
1539 3914 1568 3970 ἠ
1618 3915 1870 3986 Παρθίνος
1918 3918 1947 3972 ἡ

339 4002 567 4067 συγγενῆ
582 4017 619 4058 ς.
649 4003 734 4048 καὶ
764 3994 959 4067 εἰδυῖα,
994 3999 1132 4070 ὅμως
1179 3998 1427 4070 ἀντιλέγει
1481 4011 1562 4071 πῷ
1613 4001 1945 4075 ἀρχαγγέλῳ.

341 4091 460 4146 Πῶς
516 4089 665 4140 ἔσται
732 4107 822 4158 μοι
892 4096 1066 4155 τοῦτο,
1145 4087 1253 4140 ἐπει
1319 4086 1489 4163 ἄνδρα
1546 4091 1604 4142 οὐ
1681 4099 1944 4162 γινωσκω;

333 4181 377 4226 Ο
437 4172 496 4228 δὲ
561 4177 654 4226 οὐκ
706 4176 939 4248 ἐπιτιμᾷ,
1002 4176 1130 4229 ἀλλὰ
1190 4181 1248 4229 τό
1303 4177 1770 4253 ἀμφισϐητήσιμον
1830 4181 1944 4236 δια-

330 4263 460 4330 λύει,
495 4265 605 4335 μεθ’
633 4268 749 4328 οἵας
796 4268 857 4317 ἄν
902 4286 982 4326 τις
1041 4273 1166 4337 φαίη
1234 4265 1480 4329 δουλικῆς
1529 4271 1808 4333 συστολῆς·
1867 4273 1942 4324 Οὐ

328 4356 431 4426 γὰρ
465 4359 624 4424 μόνου
649 4375 740 4406 του
784 4354 1070 4429 ἀρχιερέως
1123 4357 1336 4428 μείζονα
1393 4362 1587 4415 ταυτην
1642 4359 1937 4429 ἐγίνωσκεν,

329 4440 459 4492 ἀλλὰ
509 4448 596 4494 καὶ
654 4452 746 4494 τοῦ
810 4443 858 4494 ἐν
898 4453 1002 4504 τοῖς
1065 4445 1232 4516 ἁγίοις
1291 4455 1389 4496 τῶν
1435 4448 1595 4515 αγίων
1632 4448 1938 4523 ἱλαστηρίου

327 4533 450 4582 ἔνθα
499 4533 522 4582 6
577 4530 853 4605 ἀρχιερεὺς
904 4536 1097 4604 θυμιῶν
1143 4540 1448 4607 πεπήρωται
1479 4541 1543 4588 τὰ
1593 4539 1935 4615 αἰσθητήρια,

327 4621 413 4672 ἶνα
455 4627 528 4693 μὴ
579 4626 705 4694 πρὸς
763 4626 827 4674 τὰ
876 4625 990 4674 κατ’
1042 4626 1294 4682 αἴσθησιν
1355 4628 1491 4697 ἔχων
1544 4631 1628 4678 τόν
1668 4638 1784 4679 νοῦν
1829 4639 1936 4692 τοῖς

323 4710 453 4780 ὑπὲρ
510 4711 807 4780 κατάληψιν
857 4715 1079 4785 άπιττῃ,
1140 4720 1179 4765 Η
1248 4711 1306 4766 δε
1370 4717 1631 4788 Παρθένος
1691 4720 1757 4768 τὰ
1836 4720 1935 4771 ὑπὸ

320 4803 417 4856 τὴν
476 4802 728 4858 αἴσθησιν
783 4798 1138 4859 διαϐεϐηκότα
1195 4801 1306 4874 εἶχε
1349 4808 1434 4854 τὸν
1482 4814 1620 4870 νοῦν,
1654 4811 1740 4856 καὶ
1809 4811 1938 4879 μετὰ

320 4897 422 4939 τῶν
453 4889 620 4940 ὰῦλων
674 4896 799 4941 νόων
853 4898 965 4961 Θεῷ
1011 4895 1416 4966 παριστάμενον.
1470 4891 1599 4946 Οἵδε
1650 4892 1797 4947 τοῦτο
1847 4904 1934 4949 καὶ

390 5067 505 5128 (26)
535 5065 677 5122 COd.
705 5069 1006 5119 ὶνοικοῦντι.

388 5137 780 5208 (27)Λ(1νθι·ίθ
803 5139 1121 5194 discrimen
1152 5141 1564 5196 Nestorianam
1588 5142 1738 5197 inter
1761 5149 1817 5197 et
1838 5163 1930 5200 ca-

317 5208 602 5282 tholicam
620 5215 998 5266 sententiam.
1022 5213 1298 5282 Utrisque
1313 5214 1497 5276 enim,
1521 5215 1832 5270 Catholicis
1861 5233 1929 5271 ac

317 5281 704 5348 Nestorianis,
739 5283 1026 5337 familiare
1055 5283 1164 5337 fuit
1194 5281 1349 5338 hanc
1379 5284 1707 5348 imaginem
1760 5303 1928 5342 usur-

317 5368 479 5431 pare.
503 5359 559 5431 et
588 5352 651 5431 in,
679 5354 907 5408 Christo
939 5352 1640 5431 Dominoihabitaculum
1676 5358 1854 5414 simul
1876 5367 1931 5415 et

318 5423 757 5479 inhabitantem
782 5428 1071 5480 contueri.
1102 5432 1172 5480 At
1196 5429 1545 5493 Nestoriani,
1565 5429 1712 5484 dum
1742 5431 1800 5484 in
1825 5431 1928 5486 ha-

319 5495 586 5569 bitaculo
641 5496 1060 5569 etrhabitante
1111 5499 1298 5554 alium
1360 5506 1415 5555 et
1460 5503 1650 5557 alium
1704 5503 1926 5569 vident,

319 5567 476 5642 duas
505 5568 564 5642 in
593 5568 822 5642 Christo
851 5584 1141 5641 personas
1166 5570 1349 5642 impie
1371 5571 1751 5640 distinguunt
1783 5591 1796 5629 :
1831 5567 1930 5630 Ca-

320 5638 524 5694 tholici
563 5655 706 5695 vero
735 5638 882 5696 dum
925 5657 1086 5697 mere
1116 5638 1292 5698 aliud
1320 5650 1374 5698 et
1405 5638 1587 5702 aliud
1605 5645 1814 5717 dicunt
1841 5647 1928 5703 in-

2146 2840 2325 2895 XLIII.
2379 2842 2660 2895 Caeterum
2730 2839 2857 2907 jam
2913 2835 3059 2892 satis
3115 2834 3532 2906 symbolarum
3585 2840 3732 2908 typo

2069 2945 2326 3002 rumque
2357 2927 2927 2985 adumbrationibus
2953 2925 3390 2997 perscquendis
3429 2925 3735 2982 immorati

2071 3035 2283 3072 sumus
2317 3037 2333 3083 ;
2367 3019 2509 3074 satis
2526 3034 2597 3073 ex
2624 3014 3055 3087 multiplicibus
3075 3013 3378 3085 variisque
3409 3015 3732 3087 propheta-

2069 3124 2202 3163 rum
2235 3108 2494 3163 oraculis
2528 3106 2860 3162 attulimus.
2933 3104 3081 3161 Satis
3128 3103 3550 3160 Davidicorum
3579 3105 3736 3177 psal-

2073 3213 2335 3264 morum,
2358 3203 2414 3252 et
2437 3196 2776 3254 Salomonis
2793 3195 3165 3252 canticorum
3188 3193 3608 3250 delibavimus.
3645 3196 3734 3251 Ad

2072 3286 2172 3342 illa
2199 3292 2401 3358 itaque
2433 3284 2828 3358 pergendum,
2857 3300 2993 3355 quae
3015 3284 3194 3338 multi
3220 3284 3529 3352 propheta
3560 3290 3614 3340 et
3643 3300 3734 3342 re-

2070 3392 2169 3447 ges
2201 3378 2555 3445 cupiverunt
2585 3375 2806 3437 videre,
2839 3379 2893 3429 et
2915 3389 3035 3428 non
3069 3372 3351 3429 viderunt
3389 3374 3526 3444 (32).

2060 3534 2063 3535 ν
2144 3465 2240 3520 Ille
2274 3465 2378 3536 qui
2420 3465 2479 3519 in
2510 3463 2674 3519 caelis
2699 3479 2837 3518 cum
2859 3463 3070 3518 timore
3109 3466 3265 3517 astat
3285 3477 3490 3517 coram
3534 3463 3735 3519 Omni-

2069 3557 2329 3624 potente,
2361 3554 2626 3607 maxima
2675 3567 2812 3606 cum
2845 3548 3176 3605 reverentia
3226 3547 3406 3604 hodie
3428 3553 3583 3605 astat
3638 3565 3734 3606 co-

2067 3657 2198 3696 ram
2230 3641 2477 3696 muliere
2509 3657 2521 3705 ;
2554 3640 2632 3696 ab
2653 3640 2835 3710 hujus
2866 3637 3205 3710 splendore,
3244 3642 3374 3693 utut
3398 3638 3576 3709 ignea
3604 3639 3731 3712 ipse

2067 3731 2301 3802 fulgens
2328 3731 2544 3796 forma,
2568 3729 2906 3803 percellitur
2929 3747 2942 3788 :
2972 3727 3235 3783 materiai
3248 3743 3462 3800 expers
3481 3745 3731 3803 corpore

2065 3826 2441 3877 constantem
2473 3824 2725 3875 veretur.
2761 3821 3046 3878 Summus
3076 3817 3358 3874 sacerdos
3413 3819 3730 3876 Zacharias

2063 3911 2263 3967 adhuc
2292 3910 2638 3967 diffidentia:
2670 3926 2793 3966 suae
2817 3925 3063 3983 pmnam
3089 3914 3310 3979 mutus,
3337 3908 3592 3979 elinguis
3621 3911 3728 3968 luit

2060 4003 2186 4057 Non
2227 4002 2418 4056 nescit
2447 4001 2506 4056 id
2534 4004 2792 4068 cognata
2813 3999 2997 4067 Virgo
3034 4017 3046 4066 ;
3079 4013 3339 4070 eumque
3369 3998 3426 4052 id
3468 4001 3722 4069 noverit,

2060 4089 2422 4158 archangelo
2440 4086 2804 4144 tamenillud
2825 4087 3030 4158 objicit
3059 4106 3071 4143 :
3105 4087 3406 4155 Quomodo
3426 4088 3544 4144 erit
3574 4089 3728 4146 mihi

2056 4179 2236 4248 istud,
2262 4181 2546 4249 quoniam
2573 4179 2770 4233 virum
2802 4193 2924 4232 non
2956 4192 3243 4247 cognosco
3274 4178 3383 4246 (33)
3409 4178 3437 4232 ?
3475 4179 3586 4235 Ast
3624 4179 3719 4235 hic

2055 4283 2177 4323 non
2209 4268 2738 4340 ptenamintentat,
2770 4266 2876 4321 sed
2907 4282 3046 4321 cum
3079 4281 3150 4321 ea
3166 4264 3552 4337 demissione,
3596 4285 3720 4341 qua

2053 4358 2325 4413 servulus
2343 4363 2616 4424 uteretur,
2639 4357 3010 4428 pr0positam
3044 4355 3483 4412 dubitationem
3517 4359 3714 4415 solvit.

2054 4451 2218 4504 Hanc
2249 4449 2476 4519 quippe
2507 4451 2758 4500 noverat
2784 4462 2906 4500 non
2931 4445 3115 4500 modo
3141 4462 3384 4501 summo
3416 4448 3715 4505 sacerdoti

1977 4519 2019 4570 D
2052 4539 2409 4611 praecellere,
2443 4538 2544 4592 sed
2580 4538 2672 4592 vel
2696 4535 3081 4609 ipsi,quodin
3098 4537 3331 4593 Sanctis
3363 4544 3712 4598 sanctorum

2050 4628 2290 4697 latebat,
2308 4627 2736 4699 prOpitiatorio,
2756 4626 2856 4681 ubi
2881 4625 3346 4690 sacerdos,dum
3371 4626 3712 4699 thymiama

2048 4717 2565 4784 adoleret,exstasi
2588 4733 2624 4772 a
2645 4716 2921 4772 sensibus
2946 4716 3283 4772 abstractus
3312 4723 3418 4785 est,
3443 4734 3518 4773 ne
3549 4720 3710 4775 scili-

2047 4813 2138 4863 cet
2167 4806 2552 4863 sensibilibus
2576 4812 2838 4861 mentem
2880 4806 3199 4877 adhibens,
3233 4806 3312 4863 ab
3350 4808 3422 4863 iis
3463 4810 3712 4867 creden-

2045 4898 2161 4966 dis,
2193 4913 2329 4969 quae
2361 4896 2574 4951 mentis
2606 4902 2850 4969 captum
2904 4901 3278 4968 superarent,
3328 4904 3702 4958 avocaretur.

2043 5076 2442 5132 habitatorem
2476 5079 2532 5129 et
2584 5074 3023 5140 habitaculum,
3075 5075 3228 5131 duas
3259 5079 3531 5144 naturas,
3586 5097 3703 5135 ser-

2043 5155 2182 5202 vata
2218 5162 2494 5218 persona:
2526 5147 2772 5211 unitate,
2806 5145 3180 5218 proﬁtentur.

2115 5217 2232 5288 (28)?
2278 5217 2421 5273 Cod.
2499 5217 2921 5291 προηγουμένου,
3009 5218 3114 5274 sed
3191 5218 3505 5290 mendose,
3558 5239 3702 5280 nam

2041 5290 2330 5378 (Nam),
2489 5290 2802 5374 Scriptura
2823 5295 3092 5354 testatur,
3154 5307 3358 5347 arcam
3397 5295 3702 5365 praeivisse

2113 5364 2227 5432 (‘29)
2252 5361 2394 5433 Cod.
2425 5361 2762 5433 διῃρημένον.

2114 5436 2227 5504 (30)
2253 5432 2404 5489 Psal.
2434 5432 2575 5497 LXXI,
2596 5432 2692 5488 t6.

2113 5505 2226 5574 t3t)
2255 5509 2426 5561 Num.
2461 5522 2517 5571 χ,
2552 5509 2641 5561 33.

2113 5572 2228 5642 (32)
2259 5580 2394 5633 Luc.
2434 5595 2484 5643 x,
2515 5581 2604 5631 24.

2119 5650 2235 5718 (33)
2269 5651 2403 5705 Luc.
2432 5668 2471 5721 ι,
2508 5651 2594 5711 34,
