4468 6450
785 381 892 443 72³7

1956 382 2270 441 ΟΕΒΙΛΝΙ
2307 384 2355 440 ll
2393 383 2496 442 ΕΡ.
2535 379 3028 442 ΡΑΤΜΑΒΟΗᾸΞ.

4061 382 4171 443 728

786 509 862 564 At
899 506 1075 578 Virgo
1104 508 1370 564 mentem
1401 520 1586 580 supra
1611 506 1838 575 omnia,
1865 521 2005 580 quas
2056 523 2269 566 sensus
2319 507 2454 566 am-
2481 519 2528 573 Α

2407 508 2454 566 ιο
2481 519 2528 573 Α
2561 509 2589 564 ὁ
2640 506 2890 583 Fuﬁum),
2955 509 3045 561 καὶ
3073 509 3171 567 τήν
3200 505 3502 581 ἀντιλογίαν
3531 508 3628 563 οὐκ
3679 507 3733 574 ἐξ
3758 506 4031 580 ἀπιστίας,
4061 507 4171 563 ἀλλ’

786 597 967 660 ciant,
998 595 1176 668 longe
1215 600 1506 663 evectam,
1567 600 1626 653 et
1671 597 1852 655 simul
1897 613 2037 654 cum
2082 598 2451 672 incorporeis

781 687 1086 744 mentibus
1116 690 1237 744 Deo
1265 692 1566 744 astantem
1606 687 1872 757 gerebat.
1934 689 2239 760 Perspexit
2293 688 2355 745 id
2395 692 2453 746 et

785 775 1068 845 Gabriel;
1109 776 1398 849 quodque
1425 780 1635 832 contra
1659 775 1773 832 sibi
1829 791 2189 850 responsum
2237 777 2450 841 fuerat,

2564 597 2616 662 ἕξ
2668 596 2949 670 ἀσφαλείας
3000 598 3247 669 πανάγνῷ
3304 601 3685 674 προσηκούσης
3735 599 4000 673 Παρθένῳ,
4064 598 4173 670 ἆγε-

2562 706 2729 742 νωσκε
2751 685 3038 763 προελθεῖν.
3104 689 3193 741 Διὸ
3253 683 3366 740 οὐδ⁴
3411 687 3678 763 inpian
3729 690 3865 763 πρὸς
3909 691 4003 748 τὴν
4054 685 4173 744 iter

2564 781 2801 850 τίμησιν.

781 878 904 924 non
945 879 1088 922 sane
1127 881 1200 925 ex
1250 864 1682 928 incredulitate,
1725 864 1832 922 sed
1883 881 1956 921 ex
1999 864 2269 936 diligenti
2307 864 2544 924 cautela
2579 881 2717 938 quas
2745 864 3134 939 purissimam
3179 863 3418 924 deceret
3451 866 3774 938 Virginem,
3829 865 4168 943 profectum

781 952 1046 1010 videbat.
1083 954 1408 1027 Propterea
1432 969 1628 1027 neque
1679 954 1758 1011 ad
1809 970 2019 1028 pcenas
2069 955 2455 1013 intentandas
2484 960 2778 1012 movetur.

857 1042 1037 1101 XLIV.
1067 1043 1336 1112 Agedum
1369 1042 1563 1112 igitur,
1587 1059 1726 1099 cum
1754 1043 2020 1117 principe
2076 1044 2191 1101 hoc
2233 1045 2447 1118 psalle,

784 1145 925 1188 cum
957 1131 1343 1201 archangelo,
1375 1131 1600 1188 festivis
1623 1132 1870 1188 vocibus
1892 1133 1970 1189 ad
1991 1133 2294 1204 Virginem
2334 1133 2452 1191 cla-

785 1234 1043 1287 memus,
1062 1219 1328 1277 dicentes
1361 1237 1373 1275 :
1409 1221 1549 1287 Ave,
1594 1223 1797 1292 gratia
1820 1223 2030 1292 plena,
2061 1224 2342 1280 Dominus
2375 1229 2452 1280 te-

784 1310 917 1367 cum
944 1310 1080 1380 (34).
1116 1313 1282 1366 Nunc
1309 1309 1469 1366 enim
1496 1312 1647 1366 Deus
1686 1326 1825 1367 cum
1863 1311 2214 1368 hominibus
2243 1327 2456 1370 recon-

784 1399 1036 1455 ciliatur.
1071 1397 1223 1454 Dixit
1261 1398 1504 1467 alicubi,
1531 1399 1808 1472 quisquis
1837 1399 1933 1456 ille
1965 1405 2071 1471 est,
2124 1401 2402 1458 Israelitis
2435 1418 2449 1457 :

783 1488 2059 1565 Iniquitate:vestrmdiviseruntintermeet
2075 1505 2175 1546 vos
2199 1491 2314 1564 (35)
2347 1509 2362 1558 ;
2394 1493 2456 1547 at

782 1582 1107 1655 postquam
1121 1577 1376 1650 dignum
1399 1577 1591 1648 gloria
1613 1593 1724 1634 sua
1749 1577 2163 1636 habitaculum
2189 1585 2244 1636 te
2289 1595 2456 1653 repe-

784 1666 880 1737 rit,
909 1670 1216 1722 vetustum
1244 1665 1568 1721 divortium
1599 1665 1808 1733 aufert,
1840 1671 1895 1723 et
1934 1672 2208 1724 versatur
2234 1673 2452 1738 tecum,

2633 1051 2715 1098 KA
2739 1044 2855 1116 Ασγε
2880 1039 2969 1097 οὖν
3041 1044 3142 1096 ὑπὸ
3209 1043 3564 1119 πρωτοψάλτη
3621 1048 3810 1118 τούτῳ,
3863 1052 3936 1116 τῷ
3992 1063 4175 1119 πρωτ-

2561 1134 2781 1205 αγγίλῳ,
2850 1135 2945 1191 τήν
3006 1136 3347 1207 χαρμόσυνρν
3425 1140 3593 1206 φωνην
3696 1133 4027 1208 ἁλαλάξωμεν
4105 1139 4170 1205 τῇ

2561 1224 2824 1298 Παρθένῳ·
2886 1229 3070 1297 Χαῖρε,
3130 1229 3550 1296 κεχαριτωμένη,
3625 1225 3651 1276 ὁ
3713 1226 3925 1300 Κύριος,

2560 1330 2663 1378 τες,
2705 1314 2836 1384 μετὰ
2904 1318 3020 1366 σοῦ.
3079 1317 3187 1363 Νῦν
3239 1313 3342 1385 γὰρ
3401 1311 3821 1367 καταλλάσσεται
3859 1316 3991 1375 Θεὸς
4061 1309 4178 1385 μετ’

2564 1399 2866 1473 ἀνθρώπων.
2937 1407 3102 1462 Οστις
3164 1403 3256 1472 ὶφη
3311 1419 3412 1453 που
3487 1405 3619 1476 πρὸς
3672 1404 3796 1463 τούς
3847 1400 3900 1466 ἐξ
3945 1401 4174 1476 Ἰσραὴλ.

2566 1491 2635 1543 Ai
2662 1489 2917 1565 ἁμαρτίαι
2991 1490 3133 1562 ὑμῶν
3190 1487 3472 1544 διεστῶσιν
3527 1490 3627 1544 ἀνὰ
3689 1495 3851 1565 μέσον
3897 1490 4021 1564 ὶμοῦ
4085 1496 4178 1543 καὶ

2565 1579 2725 1652 ὑμῶν.
2761 1578 2868 1630 ἀλλ’
2905 1577 3015 1631 ἕπει
3072 1581 3129 1631 σε
3176 1585 3581 1654 κατοικητήριον
3634 1579 3778 1643 ἄξιον
3829 1587 3926 1641 τῆς
3986 1579 4175 1633 ἑαυτοῦ

2567 1665 2726 1730 δοξης
2794 1666 3061 1740 ἐφεύρηκε,
3127 1672 3223 1725 τήν
3283 1667 3510 1721 παλαιὰν
3580 1665 3866 1722 διάστασιν
3900 1668 4171 1733 καταλύει,

785 1758 843 1812 et
858 1757 1039 1828 perte
1073 1754 1150 1810 ad
1175 1769 1408 1820 omnes,
1432 1754 1799 1826 quibuscum
1848 1771 2236 1812 communem
2267 1756 2458 1812 habes
2489 1787 2532 1840 Β

2412 1773 2458 1812 es
2489 1787 2532 1840 B
2565 1761 2880 1827 καὶγίνεται
2943 1759 3075 1829 μετὰ
3133 1763 3249 1822 σοῦ,
3305 1761 3395 1810 καὶ
3443 1753 3538 1809 διὰ
3590 1764 3688 1810 σοῦ
3742 1760 3870 1830 πρὸς
3926 1756 4062 1810 ἅπαν
4115 1760 4176 1810 τὸ

785 1849 1086 1913 naturam,
1111 1843 1358 1900 accedit.
1383 1847 1484 1907 Ne,
1518 1861 1751 1917 quieso,
1777 1844 2008 1914 dicas,o
2032 1861 2212 1916 super
2245 1861 2457 1903 omne;

2415 1862 2457 1902 is
2569 1849 2814 1917 συγγενές
2846 1864 2950 1900 σοι.
3020 1849 3106 1903 Μὴ
3157 1845 3291 1916 λέγε,
3340 1846 3381 1896 ὦ
3429 1850 3814 1918 πανυπέφαγνευ
3867 1852 3984 1908 Πῶς
4025 1848 4179 1899 ἔσται

787 1934 1116 2010 purissima
1140 1951 1152 1989 :
1174 1934 1471 2003 Quomodo
1495 1933 1605 1990 hoc
1622 1937 1729 1991 erit
1754 1935 1920 2005 mihi,
1945 1937 2243 2007 quoniam
2260 1937 2453 1991 virum

786 2041 906 2085 non
930 2040 1219 2095 cognosco
1235 2023 1264 2078 ?
1286 2023 1605 2096 Propterea
1629 2024 1788 2080 enim
1815 2024 1875 2080 id
1903 2025 2031 2091 erit,
2059 2026 2350 2099 quoniam
2377 2025 2458 2080 vi-

787 2129 923 2171 rum
975 2129 1096 2170 non
1149 2112 1486 2184 cognoscis.
1539 2115 1861 2186 Propterea
1926 2114 2099 2180 inte,
2152 2114 2456 2170 volumine

788 2203 1012 2259 scilicet
1051 2202 1250 2258 adhuc
1281 2202 1532 2273 integro,
1572 2202 1932 2258 inscribetur
1975 2203 2305 2259 subsistens
2352 2206 2456 2260 Pa-

789 2293 892 2352 tris
918 2291 1198 2360 Verbum,
1233 2292 1378 2363 quia
1406 2291 1589 2346 virilis
1621 2292 2072 2347 consuetudinis
2124 2296 2458 2350 atramento

792 2397 856 2439 es
877 2382 1210 2438 inaccessa.
1236 2383 1276 2435 E
1303 2385 1460 2436 terra
1484 2380 1714 2451 virgine
1750 2381 1849 2436 Dei
1884 2381 2169 2437 manibus
2193 2381 2458 2454 plasma-

791 2477 887 2528 tus
911 2469 1096 2527 estab
1136 2469 1302 2526 initio
1333 2469 1566 2534 Adam;
1632 2486 1794 2527 nunc
1851 2476 2052 2527 autem
2111 2471 2254 2527 Adae
2299 2471 2455 2528 illius

786 2563 1119 2642 plasmator
1145 2576 1216 2616 ex
1248 2563 1301 2616 te
1328 2561 1442 2631 (39)
1472 2559 1658 2616 oritur
1683 2575 1878 2616 novus
1923 2560 2136 2629 Adam,
2177 2566 2242 2616 ut
2300 2566 2456 2616 vete-

2567 1955 2656 2008 μοι
2676 1943 2848 2003 τοῦτο,
2915 1934 3024 1988 ἐπεὶ
3084 1931 3256 2007 ἄνδρα
3295 1934 3356 1987 οὐ
3397 1942 3661 2008 γινώσκοις
3728 1939 3824 1990 Διὰ
3873 1943 4028 1989 τοῦτο
4072 1939 4177 2011 γὰρ

2568 2027 2736 2090 ἕσται,
2788 2021 3060 2098 ὃτιὰνδρα
3107 2025 3166 2077 οὐ
3219 2032 3513 2097 γινώσκεις.
3571 2028 3666 2077 Διὰ
3709 2033 3864 2078 τοῦτο
3908 2024 4179 2101 inpagis-

2571 2119 2717 2166 σεταί
2751 2133 2834 2166 σοι
2859 2121 2932 2184 τῷ
2989 2121 3149 2184 καινῷ
3212 2116 3354 2186 τόμω
3385 2122 3478 2166 τοῦ
3523 2113 3750 2187 ιΠατρὸς
3780 2116 3806 2167 ὁ
3832 2113 4181 2177 ἄνυπόστατος

2569 2209 2759 2275 Λόγος,
2823 2205 2902 2255 ὃτι
2955 2203 3169 2276 μελανος
3229 2200 3560 2265 ἀνεπίδεκτος
3637 2201 3684 2257 εἶ
3761 2213 3854 2267 τῆς
3923 2201 4182 2278 ἀνδρικῆς

2572 2298 2870 2353 συνουσὶας.
2925 2293 2936 2312 ’
2999 2299 3069 2345 Εκ
3124 2294 3388 2366 Παρθένου
3455 2302 3555 2364 γῆς
3618 2291 3852 2352 ἓπλοὶσθη
3929 2297 4178 2367 πρότερον

2569 2390 2702 2436 Θεοῦ
2732 2383 2967 2457 χερσὶνὸ
2997 2378 3178 2454 Λδάμο
3224 2387 3314 2435 καὶ
3364 2384 3499 2434 νῦνὸ
3543 2389 3635 2435 τοῦ
3691 2380 3870 2457 Ἀδὰμ
3915 2382 4177 2446 πλάστης,

2566 2476 2671 2533 νέος
2730 2468 2925 2544 ’Λδάμ,
2968 2470 3024 2523 ἐκ
3097 2478 3191 2524 σοῦ
3265 2475 3481 2542 γίνεται,
3551 2475 3779 2544 κεὶμενον
3868 2475 4180 2532 ἀναστήσων

2568 2565 2657 2614 τὸν
2688 2561 2930 2628 παλαιὸν,
2954 2564 3045 2611 καὶ
3070 2557 3380 2612 ἁναπλάσων
3407 2557 3442 2613 δ
3447 2559 3739 2616 ιαλυθέντα.

785 2667 913 2710 rem
938 2650 1106 2706 illum
1131 2649 1434 2720 jacentem
1453 2648 1659 2720 erigat,
1683 2655 1738 2706 et
1763 2649 2144 2722 corruptione
2174 2649 2504 2708 resolutum
2548 2654 2820 2720 reﬁngat.

862 2740 1162 2810 Quomodo
1190 2741 1291 2808 ﬁet
1324 2740 1487 2795 istud
1507 2739 1962 2811 mihi,quoniam
1993 2743 2183 2796 virum
2209 2755 2329 2796 non
2371 2756 2468 2796 co-

784 2846 1002 2907 gnosco
1031 2830 1059 2886 ?
1083 2833 1198 2888 Hoc
1223 2829 1420 2885 solum
1455 2828 1604 2884 dicis
1627 2832 1654 2885 ?
1683 2834 1752 2884 At
1773 2829 2190 2902 praestantiora
2233 2829 2465 2886 silentio

793 2920 1042 2997 premis,
1069 2935 1104 2976 ο
1131 2934 1269 2992 quae
1301 2918 1491 2988 gloria
1509 2919 1672 2974 caelis
1705 2934 1768 2974 es
1796 2918 2129 2990 sublimior,
2177 2920 2466 2975 terrestris

791 3025 934 3066 vero
967 3008 1248 3066 modesta
1275 3008 1360 3064 tui
1387 3007 1693 3080 opinione.
1718 3007 1891 3063 Haud
1915 3023 2210 3078 magnum
2241 3009 2302 3064 in
2324 3013 2378 3065 te
2406 3007 2468 3065 il-

790 3100 898 3158 lud
927 3104 1034 3166 est,
1070 3099 1235 3172 quod
1287 3099 1487 3154 virum
1544 3113 1668 3154 non
1706 3113 2061 3170 cognoscas,
2107 3098 2212 3155 sed
2268 3099 2467 3171 potius

792 3189 962 3264 quod
989 3192 1275 3255 mentem,
1299 3203 1483 3262 supra
1500 3187 1752 3244 modum
1771 3203 2015 3244 omnem
2053 3188 2464 3260 purissimam,

794 3279 1156 3353 impervium
1181 3277 1414 3335 habeas
1441 3276 1535 3332 vel
1566 3278 1820 3333 minimo
1843 3278 2125 3334 motionis
2155 3278 2466 3334 inordina-

793 3371 868 3426 tte
883 3368 1157 3424 minusve
1172 3366 1439 3423 decentis
1454 3365 1702 3436 vestigio
1716 3368 1848 3436 (40).
1868 3365 2189 3423 Paradisus
2211 3383 2274 3423 es
2300 3382 2337 3424 a
2351 3370 2469 3424 Deo

794 3459 1120 3534 plantatus,
1151 3462 1209 3514 et
1231 3471 1299 3512 ex
1324 3472 1446 3529 quo
1465 3459 1576 3527 (41)
1601 3455 1964 3526 genitalibus
1977 3460 2207 3512 naturae
2228 3456 2467 3527 legibus

798 3550 910 3608 tibi
935 3548 1194 3623 propriis
1218 3552 1346 3604 sata
1369 3547 1548 3615 fuisti,
1584 3550 1737 3603 Deus
1761 3547 2076 3603 mandavit
2118 3547 2463 3618 Cherubim,

796 3645 863 3696 ut
879 3644 933 3695 et
954 3639 1226 3712 gladium
1237 3638 1580 3709 ﬂammeum
1599 3643 1780 3708 atque
1802 3639 2142 3693 versatitem
2163 3637 2223 3692 in
2257 3637 2467 3694 orbem

799 3729 1026 3786 circum
1049 3734 1108 3784 te
1130 3731 1417 3795 rotarent,
1443 3731 1618 3799 teque
1650 3726 2059 3799 undequaque
2090 3727 2467 3785 inaccessam

799 3818 1166 3877 fraudulenti
1194 3817 1484 3891 serpentis
1515 3816 1745 3872 insidiis
1791 3821 2116 3874 servarent.

872 3911 1029 3967 XLV.
1062 3909 1328 3978 Spiritus
1345 3913 1589 3963 sanctus
1621 3909 1996 3976 superveniet
2016 3909 2076 3963 in
2097 3913 2174 3977 te,
2202 3911 2260 3964 et
2279 3908 2470 3969 virtus

801 4000 852 4058 Α
866 3999 1105 4056 ltissimi
1119 3998 1292 4055 obum
1303 3997 1501 4053 brabit
1517 3995 1628 4052 tibi
1638 3997 1765 4068 (43).
1781 3998 1927 4052 Cum
1949 3999 2090 4063 Eva,
2113 3997 2469 4070 paradisum

801 4088 1169 4154 inhabitans,
1198 4086 1316 4144 huc
1339 4086 1475 4143 illuc
1494 4093 1834 4159 vagaretur,
1857 4091 2163 4143 tortuosus
2204 4087 2281 4144 ad
2332 4103 2470 4144 eam

805 4164 1081 4254 spiritus,
1107 4177 1368 4235 sinuosis
1390 4183 1564 4232 utens
1582 4175 1872 4250 serpentis
1896 4176 2173 4244 ﬂexibus,
2199 4179 2469 4235 accessit.

801 4273 865 4327 ln
888 4275 945 4326 te
972 4283 1114 4337 vero
1145 4273 1340 4324 reclus
1364 4271 1420 4322 et
1445 4272 1693 4323 sanctus
1735 4267 2121 4339 superveniet
2178 4267 2465 4340 Spiritus:

799 4359 1113 4435 quoniam,
1131 4362 1195 4412 ut
1221 4373 1334 4414 vox
1359 4355 1860 4413 tibi‘Canticorum
1883 4355 2466 4429 concinitlu),recti-

801 4450 946 4520 tudo
975 4441 1190 4505 dilexit
1220 4453 1292 4504 te.

877 4575 995 4645 (36)
1022 4575 1157 4630 Luc.
1189 4588 1228 4639 ι,
1253 4574 1342 4627 28.

873 4643 988 4717 ('35)
1014 4648 1128 4701 lsa.
1164 4660 1275 4717 ιιι,
1307 4647 1359 4698 2.
1393 4643 1749 4715 Iniquitates
1779 4649 1989 4701 vestrae
2013 4643 2346 4701 diviserunt
2374 4647 2466 4702 in-

875 4716 967 4775 ter
996 4733 1096 4774 vos
1121 4722 1176 4773 et
1207 4716 1392 4771 Deum
1427 4722 1710 4771 vestrum.

876 4793 986 4862 (36)
1012 4787 1152 4862 Cod.
1181 4789 1650 4858 ὑπερηγνύσμενος.

876 4860 990 4933 (37)
1016 4860 1158 4933 Cod.
1193 4863 1344 4930 ῖχνη.

874 4931 986 5002 (38)
1020 4931 1161 4988 COd.
1197 4935 1280 4984 επὶ
1310 4936 1519 5003 μώμου,

873 4985 987 5078 ὧῥῇ
1004 4985 1803 5078 E_cfeeVirginemADeiparam
1825 5005 2242 5078 comparatam
2273 5002 2464 5061 habes

871 5074 1042 5133 terrae
1071 5075 1170 5142 illi,
1199 5091 1336 5142 quas
1363 5074 1843 5130 maledictionem
1886 5074 2209 5130 nesciebat.

871 5153 989 5219 (40)
1011 5145 1472 5221 CernisMariam
1505 5161 1540 5200 a
1562 5160 1769 5217 pugna
1791 5145 2281 5221 illaexemptam,
2324 5163 2463 5221 quas

870 5220 1182 5280 originalis
1205 5219 1429 5290 peccati
1457 5222 1545 5273 est
1575 5219 2037 5290 consectarium.
2126 5239 2129 5242 ·

868 5295 952 5365 (Iit
969 5303 993 5365 )7
1011 5289 1324 5365 Perspicua
1341 5291 1711 5365 ju_xla_atque
1739 5289 1997 5365 eleganti
2023 5290 2284 5365 imagine
2322 5306 2462 5347 ocu-

794 5360 1220 5434 lis'subjicit'ur
1281 5360 1960 5434 originalisinnocentia
1998 5362 2308 5434 Deiparae.
2366 5365 2464 5420 Est

793 5438 952 5493 enim
987 5432 1183 5490 sermo
1214 5434 1288 5488 de
1316 5435 1512 5505 primo
1533 5433 1854 5488 exsistendi
1881 5432 2068 5503 initio,
2103 5432 2240 5489 cum
2274 5439 2462 5491 creari

795 5509 1116 5565 animailia
1147 5507 1526 5561 sanctissima
1549 5522 1667 5561 non
1695 5506 1950 5576 potuerit
1995 5511 2322 5577 antequam
2369 5523 2459 5562 se-

794 5581 1062 5637 eundum
1087 5584 1318 5634 natura:
1345 5578 1504 5648 leges
1527 5582 1912 5645 genui-aretur
1945 5596 1956 5644 ;
1981 5592 2102 5634 non
2139 5579 2304 5650 prius
2324 5593 2460 5636 vero

791 5654 992 5724 genita
1027 5651 1588 5724 exhibetuyquam
1621 5653 1776 5724 Deus
1816 5648 2326 5724 cherubim—illam
2361 5667 2460 5708 cu-

790 5721 1174 5782 stodicndam
1199 5721 1525 5788 tradiderit,
1558 5738 1632 5777 ne
1661 5721 1813 5778 ullus
1834 5721 1914 5779 ad
1940 5738 2076 5779 eam
2105 5721 2306 5779 aditus
2351 5738 2459 5780 an-

787 5799 958 5874 tiquo
988 5795 1252 5871 serpenti
1279 5799 1529 5870 pateret.
1577 5797 1778 5872 Neque
1829 5794 2138 5853 advertere
2190 5795 2455 5867 omittas,

2650 2747 2766 2801 Πὼς
2821 2743 2971 2792 ἔσται
3027 2759 3116 2810 μοι
3177 2746 3350 2806 τοῦτο,
3429 2738 3538 2792 ἔπει
3610 2737 3784 2816 ἄνδρα
3811 2742 3870 2794 οὐ
3913 2746 4181 2812 γινώσκοις

2576 2833 2740 2886 Τοῦτο
2803 2832 2955 2902 μόνον
2999 2828 3179 2900 λέγεις
3248 2833 3317 2882 Τὸ
3387 2825 3447 2882 δε
3514 2830 3692 2903 μεῖζον
3738 2839 4182 2907 παρυποκρατεῖς,

2580 2917 2994 2993 ὧὺπερουρανία
3044 2926 3105 2991 τῇ
3177 2915 3330 2992 δόξῃ,
3391 2924 3480 2972 καὶ
3533 2922 3729 2991 χθονία
3783 2928 3846 2993 τῇ
3880 2940 4187 2998 μετριοφρο-

2583 3011 2734 3082 σύνῃ.
2759 3008 2835 3060 Οὐ
2862 3012 2996 3081 μέγα
3017 3027 3123 3074 σοι,
3173 3009 3253 3060 ὅτι
3305 3005 3478 3084 ἄνδρα
3518 3010 3577 3061 οὐ
3633 3016 3911 3081 γινώσκοις
3957 3009 4067 3063 ἀλλ’
4103 3030 4186 3064 οτι

2578 3104 2668 3151 καὶ
2697 3099 2722 3150 ὁ
2743 3097 3181 3171 ὑπερηγνισμένος
3204 3097 3320 3170 (36)
3348 3117 3445 3150 σου
3486 3105 3602 3159 νοῦς
3647 3098 3839 3162 ἄϐατος
3898 3103 4039 3172 ἴχνει
4069 3101 4187 3172 (37)

2514 3164 2553 3219 Ο
2579 3164 2874 3261 προσϐολῆς
2906 3164 3177 3259 έπιμοόμου
3215 3164 3353 3257 ’(38)
3420 3191 3509 3241 καὶ
3567 3187 3847 3262 ἀπρεποῦς.
3914 3164 4186 3262 liquida;

2584 3297 2675 3339 σος
2706 3278 2754 3331 εἴ
2780 3279 3128 3350 θεοφύτεντοςσ
3185 3280 3274 3329 καὶ
3331 3276 3384 3340 ιξ
3443 3278 3563 3330 ὅτου
3591 3285 3703 3341 τοῖς
3733 3285 3846 3342 σοῖς
3889 3284 4187 3353 πεφυτοὺρ-

2580 3387 2749 3441 γησαι
2802 3371 3152 3440 φυτοσπόροις
3223 3369 3422 3438 φὺσεως
3495 3371 3693 3440 νόμοις,
3774 3370 3842 3421 τὰ
3915 3367 4187 3442 Χερουϐὶμ

2581 3457 2754 3520 ἔταξεν
2811 3459 2836 3508 ὁ
2889 3460 3038 3522 Θεὸς,
3092 3460 3180 3507 καί
3250 3460 3342 3515 τὴν
3421 3456 3665 3529 φλογίνην
3755 3457 4017 3533 ῥομφαίαν
4080 3463 4179 3518 τὴν

2583 3551 2930 3621 πρεγομένην
2983 3546 3228 3600 κυκλόθεν
3304 3565 3399 3600 σου
3443 3550 3778 3620 στρέφεσθαι,
3854 3553 3944 3601 καὶ
3991 3550 4182 3602 πάντο-

2583 3639 2663 3690 θεν
2707 3635 3128 3690 ἀνεπιϐούλευτον
3200 3643 3473 3710 συντηρεῖν
3540 3635 3595 3689 ἐκ
3656 3645 3749 3690 τοῦ
3838 3633 4174 3712 δολιόγρονος

2581 3745 2757 3801 οφεως.

2651 3905 2763 3961 ME’
2819 3913 3030 3980 Πνεῦμα
3111 3906 3264 3979 ἅγιον
3366 3904 3694 3960 ἐπελεύσεται
3772 3906 3855 3961 επὶ
3942 3909 4022 3976 σᾶ,
4096 3912 4190 3963 καὶ

2582 3992 2808 4068 δύναμις
2881 3995 3119 4068 Υψίστου
3188 3994 3488 4049 ἕπισκιάσει
3554 4015 3660 4052 σοι.
3731 4003 3833 4050 Οτε
3887 4005 3960 4068 τῷ
4002 4015 4184 4072 παρα-

2581 4081 2743 4158 δείσῳ
2771 4087 2964 4148 ἔνοικος
2993 4088 3023 4145 ἠ
3059 4085 3168 4138 Εὔα
3197 4083 3489 4160 iet-pipere.
3555 4089 3613 4139 τὸ
3669 4085 3912 4162 στρεϐλὸν
3969 4085 4046 4140 ἔπ’
4095 4090 4191 4140 αὑ-

2577 4179 2671 4234 τὴν
2732 4173 2943 4234 ἰλὴλυθε
3002 4183 3202 4248 πνεῦμα
3265 4177 3362 4237 τοὶς
3420 4183 3511 4228 τοῦ
3591 4177 3752 4248 ὄφεως
3835 4176 4188 4241 ὖπολοξὼσεις

2580 4266 2995 4339 οἰκειωσάμενον.
3068 4264 3183 4319 Ἐπὶ
3241 4262 3301 4318 δέ
3359 4283 3417 4318 σε
3473 4272 3682 4338 Πνεῦμα
3730 4265 3868 4327 εὐθές
3921 4269 4035 4334 (42)
4092 4271 4184 4320 καὶ

2579 4357 2729 4427 ἅγιον
2776 4353 3122 4408 ἕπελεύσεται·
3184 4350 3366 4413 ἐπειδὴ
3410 4359 3500 4407 καὶ
3545 4356 3576 4414 i:
3638 4355 3859 4419 εὐθύτης
3931 4357 4182 4430 ἠγάπησε

2581 4464 2638 4498 σε
2664 4448 2730 4506 ὡς
2758 4447 2788 4504 ἡ
2814 4444 3080 4518 ἆσματική
3110 4440 3340 4518 μελῳδεῖ
3362 4463 3446 4497 σοι
3476 4446 3701 4518 φθογγή.

2576 4569 2888 4644 quomodo
2900 4570 3014 4644 hoc
3025 4569 3277 4640 Virginis
3289 4569 3670 4644 privilegium
3687 4575 4190 4644 commemoratu-

2528 4679 2537 4691 .
2576 4641 2700 4716 rus,
2729 4643 2803 4696 de
2835 4641 3106 4716 ejusdem
3127 4641 3529 4716 conceptione
3547 4647 3756 4699 auctor
3779 4642 4083 4716 loquatur.
4105 4649 4190 4704 ita

2577 4714 2737 4769 enim
2751 4729 2886 4769 eam
2901 4713 3120 4788 fatetur
3130 4713 3392 4788 genitam
3405 4715 3740 4788 secundum
3757 4713 3986 4771 natura:
3997 4716 4187 4788 leges,

2576 4791 2639 4841 ut
2671 4791 2874 4859 tamen
2899 4784 3149 4859 aliquid,
3179 4785 3346 4859 quod
3373 4785 3452 4842 ad
3472 4801 3610 4859 eam
3643 4786 3838 4842 solam
3868 4784 4186 4859 pertineat,

2575 4858 2993 4933 intercessisse
3003 4858 3366 4933 ’subindicet,
3385 4858 3696 4933 inquiens,
3717 4867 3828 4933 τοῖς
3870 4858 4044 4933 σοῖς...
4095 4863 4190 4933 φύ-

2580 4949 2704 4991 σεως
2733 4934 2930 5003 νόμοις.
2959 4931 3025 4985 Et
3045 4928 3136 5003 lex
3162 4944 3308 4986 sane
3332 4928 3558 4986 natu—rm
3579 4930 3852 4997 obtinuit,
3877 4932 4020 5003 quia
4045 4928 4190 4989 eon-

2578 5007 2749 5073 sueto
2767 5001 2995 5058 natura
3012 5001 3221 5057 ordine
3239 5007 3532 5073 concepta
3549 5007 3638 5058 est
3661 5020 3674 5058 :
3710 5001 4012 5073 singulare
4043 5019 4189 5061 vero

2576 5072 2720 5146 illud
2747 5073 2874 5139 fuit,
2889 5073 3068 5146 quod
3096 5088 3321 5143 parens
3352 5072 3553 5141 Anna,
3588 5078 3651 5130 ut
3679 5072 3830 5130 cum
3851 5075 4051 5140 Niceta
4081 5078 4189 5133 Pa-

2620 5144 3308 5217 hlagoneloquarmom.
3369 5147 3426 5201 in
3442 5146 3629 5202 Nativ.
3648 5145 3808 5217 Deip.
3828 5147 4193 5204 Auct.Com-

2617 5216 2746 5273 etis.
2772 5216 2886 5272 vol.
2907 5218 2995 5286 lll,
3031 5231 3170 5288 pag.
3195 5217 3321 5289 437)
3345 5221 3493 5290 inse
3511 5218 3643 5290 ipsa
3670 5216 3925 5290 malitias
3943 5220 4194 5290 vitiique

2575 5294 2895 5361 torrentem
2905 5291 3125 5344 stiterit
3141 5307 3154 5357 ;
3170 5288 3350 5361 atque
3362 5288 3537 5353 adeo,
3554 5288 3880 5361 clierubico
3898 5288 4192 5361 ﬂammeo

2574 5360 2775 5433 gladio
2807 5366 3140 5433 serpentem
3173 5359 3436 5420 arcente.
3479 5375 3553 5433 ex
3577 5359 3809 5433 polluta
3845 5360 4050 5420 radice
4078 5363 4194 5420 im-

2644 5431 2917 5504 pollutus
2935 5431 3164 5488 fructus
3195 5431 3687 5504 progerminavit.

2644 5505 2752 5574 (42)
2784 5504 2956 5576 Apud
2991 5507 3114 5561 LXX
3146 5505 3296 5566 ιύθής
3323 5520 3434 5578 pro
3461 5504 3623 5567 εὐθὲς.

2641 5579 2753 5646 (42)
2789 5579 2928 5634 Luc.
2959 5593 2997 5643 ι,
3040 5578 3128 5633 35.

2640 5651 2750 5726 (ιέ)
2774 5651 2946 5726 gent.
2977 5665 3015 5705 ι.
3047 5653 3078 5704 3
3106 5663 3225 5706 sec.
3262 5650 3390 5707 LXX
3422 5667 3436 5720 ;
3469 5662 3614 5707 nam
3656 5648 3862 5709 Latina
3905 5647 4185 5726 Vulgata,

2568 5721 2734 5779 Recti
2749 5721 3020 5793 diligunt
3045 5727 3102 5779 te
3917 5752 3923 5764 -
