4468 6450
283 442 390 499 729

354 567 454 622 Kal
509 558 732 636 δύναμις
768 562 863 614 τοῦ
924 557 1180 632 Ὑψίστου
1257 554 1560 611 ἅπισκιιίσει
1591 572 1676 608 σοι
1707 573 1723 590 ο
1780 556 1892 615 ἣτις
1926 554 1974 611 Α

283 641 426 709 ἰστὶν
455 655 483 707 6
506 651 872 723 τοῦὙψιστου
901 651 1042 712 Υἱόςο
1077 643 1247 702 Δαυίδ
1280 666 1293 682 ο
1323 648 1414 720 μὶν
1447 641 1535 699 οὖν
1561 645 1588 698 6
1643 643 1894 718 βασιλεὺς

285 741 580 812 Ἰουδαίων,
629 746 761 807 Ποῦ,
848 743 997 812 φησι,
1045 738 1282 812 πορευθῶ
1334 733 1436 788 ἀπὸ
1502 729 1593 788 τοῦ
1661 735 1893 807 ascopa-

285 837 374 896 τός
428 851 545 899 σου,
612 834 703 883 καὶ
755 826 856 881 ἀπὸ
914 833 1007 880 τοῦ
1061 831 1347 901 προσώπου
1399 842 1494 877 σου
1550 829 1653 877 ποῦ
1699 825 1892 896 φύγω;

287 925 417 996 πρὸς
471 923 558 974 τὸν
630 921 835 994 Πατέρα
893 920 981 970 τόν
1038 915 1190 988 λόγον
1236 915 1559 986 ποιούμενος,
1627 912 1688 966 οὗ
1732 916 1898 987 πρόσ-

290 1031 430 1065 ωπον
477 1012 504 1063 6
556 1011 699 1080 Υἱός,
741 1012 832 1061 καὶ
879 1004 1274 1082 ἀπαράλλακτος
1325 1007 1608 1078 χαρακτήρ
1660 1023 1673 1038 ο
1718 1004 1746 1056 6
1793 1005 1894 1078 γὰρ

292 1099 538 1174 ἑωρακὼς
565 1099 652 1151 τὸν
687 1098 809 1152 Υἰόν
839 1095 1032 1171 ἕὼρακε
1075 1096 1162 1147 τὸν
1214 1097 1422 1167 Πατίρα
1468 1113 1484 1128 ο
1543 1095 1632 1146 καὶ
1696 1093 1899 1153 τούτοις

289 1196 400 1250 τοῖς
466 1188 644 1260 λόγοις
693 1189 752 1239 τὸ
803 1192 900 1245 τῆς
973 1178 1198 1259 Τριοίδος
1289 1180 1537 1254 ἐκφαίνειι
1582 1185 1894 1257 μυστήριον.

289 1277 602 1352 Ἀνθρωπος
678 1272 738 1329 δε
802 1275 891 1344 ὧν,
953 1277 1043 1326 καὶ
1115 1276 1360 1346 στραφεὶς
1418 1272 1489 1333 εἰς
1543 1271 1897 1346 ταλαιπωρίαν

289 1365 340 1420 ἓν
417 1375 490 1440 τῷ
551 1366 848 1440 ἐμπαγῆναι
930 1364 1099 1434 τούτῳ
1155 1371 1246 1423 τῆς
1300 1361 1555 1435 ἁμαρτίας
1603 1365 1696 1420 τὴν
1743 1362 1897 1414 οἶκαν-

291 1458 410 1524 Θαν,
469 1454 782 1529 φοϐούμενος
845 1456 940 1511 τὴν
989 1455 1307 1509 ⁴Αεσεινοτικιὲιν
1376 1449 1713 1520 ίπεξεἌευσιν,
1766 1447 1897 1526 δραι

291 1547 424 1618 σμόν
453 1543 640 1618 μελετᾷ
671 1565 685 1579 ο
725 1547 815 1596 καὶ
844 1540 1159 1602 ὑποσκάζων
1197 1543 1272 1594 ἔτι
1300 1542 1386 1592 τὸν
1423 1535 1566 1593 πόδα
1611 1548 1673 1613 τῇ
1719 1539 1893 1613 πληγῇ

286 1641 381 1696 τῆς
433 1633 685 1702 ἀκάνθης,
749 1631 952 1706 ἀπορεῖ,
1005 1637 1108 1684 ποῦ
1163 1630 1280 1683 ποτ’
1342 1628 1402 1681 ἃν
1449 1633 1538 1682 καὶ
1601 1625 1898 1703 ἀποδράσοι

289 1725 495 1775 καὶτὸν
551 1720 806 1779 ἄλάθητον
867 1719 1085 1778 λήσεται
1140 1716 1423 1791 ὀφθαλμόν.
1475 1717 1535 1770 '0
1580 1720 1671 1790 μεν
1732 1712 1900 1769 Δαυίδ

291 1819 463 1864 ταῦτα
530 1831 543 1846 ·
595 1812 626 1870 ἡ
690 1806 742 1863 δ’
797 1807 852 1863 ἑκ
899 1804 1067 1862 Δσυίδ
1122 1809 1382 1880 Παρθίνος
1429 1814 1900 1880 μυσταγωγοῦντος

290 1907 385 1954 τοῦ
433 1898 789 1975 όιρχαγγίλου,
847 1902 907 1952 τὸ
964 1899 1330 1971 ὑπερουράνιον
1374 1898 1597 1970 μάθημα
1647 1895 1900 1969 ὶκμανθοίο
1936 1910 1977 1966 Β

292 2010 368 2044 νει
397 1998 490 2052 τῆς
536 1996 661 2063 μιᾶς
699 1991 748 2042 εν
784 1983 980 2063 Τριάδι
1031 1989 1290 2056 Θεότητος,
1351 1993 1561 2059 Πνεῦμα
1609 1986 1755 2058 ἅγιον
1810 1991 1900 2039 καὶ

296 2076 521 2152 δύναμιν
550 2086 642 2132 τοῦ
670 2078 944 2149 Ὑψίστου,
1000 2076 1056 2140 ἕξ
1109 2073 1309 2140 οὗτινος
1359 2075 1609 2148 Ὑψίστου
1663 2078 1693 2135 η
1745 2073 1900 2129 δύναο

293 2189 387 2242 μις
411 2173 502 2221 καὶ
529 2172 588 2220 τὸ
624 2173 834 2240 Πνεῦμα
878 2169 937 2219 τὸ
1004 2165 1152 2238 ἅγιον
1203 2169 1528 2240 προαιωνίως
1572 2167 1897 2223 ὑπέστησαν.

296 2257 438 2316 Πλὴν
488 2257 615 2330 ούχὶ
668 2253 909 2330 δρασμὸν
966 2251 1253 2308 διανοεῖται
1295 2260 1386 2307 καὶ
1443 2255 1612 2313 αὕτη·
1658 2253 1785 2306 ἀλλὰ
1848 2260 1899 2308 τί

295 2369 428 2422 φησι
480 2351 610 2424 πρὸς
668 2350 756 2400 τὸν
817 2351 1085 2420 paulurn»;
1147 2341 1289 2400 Ἰδού
1349 2347 1380 2405 ἠ
1451 2342 1610 2405 δούλη
1682 2351 1896 2422 Κυριου,

290 2443 490 2510 γένοιτό
570 2457 661 2511 μοι
726 2439 948 2489 κατὰτὸ
977 2437 1122 2512 ῥῆμά
1162 2455 1278 2492 σου.
1335 2435 1447 2492 Ούκ
1506 2434 1696 2508 ἀγνοῶ,
1745 2441 1897 2508 φησὶ,

291 2533 388 2587 τὴν
463 2527 622 2580 πάλαι
681 2529 1080 2601 προωρισμίνην
1157 2524 1241 2578 επὶ
1290 2534 1387 2597 γῆς
1457 2523 1751 2579 κατάϐασιν
1809 2532 1900 2578 τοῦ

293 2624 450 2673 Θεοῦ.
481 2620 546 2669 Οἱ
574 2619 672 2692 γὰρ
723 2623 1012 2692 προφῆται,
1062 2614 1241 2688 χεῖλος
1288 2617 1463 2688 ὥσπερ
1518 2616 1567 2668 ἓν
1614 2619 1898 2687 γεγονότες,

290 2712 381 2762 τὸν
431 2711 599 2780 Λόγον
637 2708 730 2758 τοῦ
797 2713 929 2759 Θεοῦ
976 2705 1172 2778 μέλλειν
1230 2704 1284 2757 ἐκ
1334 2710 1583 2777 γυναικός
1631 2713 1905 2780 σεσαρκῶ-

296 2801 425 2852 σθαι
473 2797 807 2873 πολυτρόπως
835 2795 1090 2872 ὶκήρυξαν
1122 2817 1135 2831 ο
1166 2801 1257 2848 καὶ
1313 2801 1491 2872 χαίρω
1544 2805 1606 2870 τῇ
1669 2801 1904 2870 σωτηρίᾳ

294 2897 397 2942 τῶν
428 2889 705 2960 ὁμογενῶν,
747 2891 835 2938 καὶ
885 2893 1164 2957 προσκυνῶ
1218 2887 1304 2938 τόν
1361 2885 1635 2957 Ὕψιστον,
1687 2890 1776 2939 τὸν
1811 2883 1906 2940 διὰ

298 2984 400 3040 τῆς
449 2975 572 3051 ἕμῆς
626 2980 982 3036 ταπεινώσεως
1041 2971 1408 3034 εύδοκήσαντα
1475 2980 1569 3034 τὴν
1632 2978 1902 3049 φθονηθεῖ-

302 3086 402 3122 σαν
435 3069 588 3140 φύσιν
622 3065 845 3138 ἀφθόνου
897 3084 1121 3141 χαριτος
1170 3065 1513 3136 καταξιῶσαι,
1557 3071 1646 3118 καὶ
1698 3071 1903 3139 μεσῖτίν

303 3176 368 3233 με
401 3153 570 3220 δεῖξαι
605 3162 700 3218 τῆς
723 3161 813 3209 τοῦ
838 3158 1038 3229 κόσμου
1070 3159 1330 3230 σωτηρίας
1357 3158 1447 3208 καί
1478 3156 1726 3218 θεὼσεως.

372 3351 510 3420 Μ’ς’.
552 3351 685 3425 Ἐγὼ
744 3348 795 3406 δ’
845 3349 952 3403 ἀλλ’
983 3350 1205 3404 ίνταῦθα
1265 3358 1357 3404 τοῦ
1413 3351 1567 3424 λόγου
1619 3354 1905 3426 γενόμενος,

303 3448 396 3497 καὶ
453 3441 542 3496 ὑπ’
619 3440 904 3505 ἐκπλήξεως
947 3442 1125 3504 ἔνθους
1179 3445 1511 3514 γεγενημένος
1589 3438 1906 3517 διαπρύσιον

299 3532 582 3607 ἆνοικράζω
641 3552 654 3567 ·
693 3531 777 3593 Ὠς
838 3530 1154 3604 ἑμεγαλύνθη
1222 3534 1288 3584 τὰ
1346 3533 1473 3605 ἰργα
1531 3551 1655 3599 σου,
1706 3534 1904 3606 Κύριε·

303 3619 514 3696 σφόδρα
583 3620 942 3680 ὶϐαθύνθησαν
1043 3622 1094 3674 οἱ
1174 3617 1518 3694 διαλογισμοί
1588 3641 1704 3677 σου.
1752 3621 1906 3697 Ἀνὴρ

299 3714 497 3787 ἄφρων,
539 3707 818 3781 Ἰουδαῖος,
887 3710 946 3764 ού
1008 3716 1286 3784 γνώσεται,
1340 3715 1428 3763 καὶ
1493 3709 1753 3779 ἀσύνετος,
1812 3719 1909 3764 Νε-

301 3806 527 3876 στόριος,
610 3801 671 3854 ού
749 3806 966 3859 συνήσει
1056 3807 1243 3855 ταῦτα.
1315 3804 1416 3854 Καὶ
1473 3803 1629 3863 ὅντως
1704 3805 1762 3854 τὸ
1820 3808 1910 3862 τῆς

299 3890 737 3965 ἕνανθρωπήσεως
773 3898 862 3943 τοῦ
902 3897 1036 3944 Θεοῦ
1075 3895 1248 3962 Λόγου
1285 3895 1574 3967 μυστήριον
1640 3894 1739 3967 πρὸ
1815 3899 1910 3954 τῆς

299 3979 592 4043 καταϐολῆς
653 3989 749 4034 τοῦ
787 3985 990 4053 κόσμου
1031 3986 1358 4055 προώρισται
1417 4002 1428 4014 ο
1471 3986 1580 4052 καὶ,
1623 3982 1692 4042 ὡς
1732 3979 1779 4033 ἐν
1817 3985 1911 4034 πί-

298 4091 421 4124 νακι
460 4069 619 4143 ἆύλῳ,
659 4077 733 4142 τῷ
774 4072 896 4142 θείῳ
956 4068 1377 4146 ἀρχιστρατήγῳ
1418 4066 1514 4124 διὰ
1549 4077 1642 4124 τοῦ
1682 4073 1914 4143 Πνεύμα-

299 4179 386 4222 τος
410 4160 906 4235 προεζωγροὲφηται.
963 4163 1034 4212 T6
1090 4161 1191 4235 γὰρ
1253 4158 1485 4234 Γαϐριὴλ
1537 4159 1590 4223 ἐξ
1638 4157 1913 4234 Ἐϐραίδος

301 4250 373 4314 εἰς
458 4244 686 4304 Ἐλλάδα
765 4253 1169 4323 μεταφερόμενον
1276 4249 1509 4321 γλῶτταν
1595 4247 1914 4323 θεανδρικῶς

301 4337 714 4414 διερμηνεύεται,
813 4338 953 4393 τοῦτ’
1047 4342 1187 4393 ἔστιν
1282 4339 1495 4411 ἄγγελος
1585 4336 1909 4415 θεανδρικός.

299 4431 410 4483 Διά
463 4435 618 4482 τοῦτο
670 4433 758 4484 καὶ
805 4427 1034 4504 πρέσϐυς
1092 4429 1206 4498 (51)
1274 4437 1365 4491 τῆς
1412 4433 1543 4505 πρὸς
1608 4426 1912 4503 ἀνθρώπους

295 4517 628 4590 καταλλαγῆς
667 4524 757 4571 τοῦ
789 4525 922 4572 Θεοῦ
961 4520 987 4571 6
1041 4516 1271 4594 Γαϐριὴλ
1334 4522 1766 4593 κεχενροτόνηται
1822 4518 1912 4572 ἀπ’

1446 429 1518 486 IN
1555 423 2181 487 ANNUN‘HATIONEM
2219 426 2282 486 Β.
2313 427 2576 489 ΗΑΒῙΕ.

3564 437 3672 493 ’730

2074 554 2156 611 Et
2183 555 2374 613 virtus
2400 555 2694 614 Altissimi
2720 557 3105 618 obumbrabit
3130 559 3284 618 tibi:
3312 573 3452 635 quas
3475 559 3669 618 virtus

2004 643 2185 717 plane
2216 643 2394 701 Filius
2413 649 2504 703 est
2532 646 2836 705 Altissimi.
2871 651 2938 706 Et
2986 665 3132 707 sane
3178 649 3522 707 Judaaorum
3561 664 3668 707 rex

2006 731 2216 804 David,
2232 733 2379 804 Quo,
2391 733 2731 808 inquit(45),
2754 737 2850 793 ibo
2863 753 2900 795 a
2912 739 3132 808 spiritu
3147 745 3248 796 tuo
3266 744 3320 796 et
3334 754 3450 810 quo
3463 754 3498 794 a
3509 739 3671 808 facie

2007 826 2113 879 tua
2141 823 2410 894 fugiam?
2457 826 2690 883 Patrem
2703 825 2924 885 scilicet
2937 827 3280 902 alloquitur,
3295 829 3468 900 cujus
3489 826 3671 884 facies

2007 914 2063 968 et
2083 926 2189 984 per
2215 911 2422 970 omnia
2449 912 2658 970 similis
2684 915 2887 987 imago
2914 920 3003 974 est
3030 916 3242 983 Filius;
3270 916 3376 990 qui
3404 916 3566 973 enim
3585 916 3671 972 vi-

2007 999 2069 1057 di
2102 999 2490 1070 Filium,vidit
2510 1004 2744 1060 Patrem
2771 1004 2908 1077 (t6);
2941 1009 2997 1062 et
3025 1005 3108 1062 sic
3135 1005 3434 1062 Trinitatis
3449 1008 3670 1078 myste-

2006 1088 2165 1145 rium
2197 1089 2257 1146 in
2277 1088 2392 1146 illis
2420 1090 2618 1147 verbis
2646 1091 2923 1149 ostendit.
2957 1095 3108 1150 Cum
3127 1108 3311 1166 porro
3339 1092 3672 1164 homo(hic)

2007 1182 2187 1247 esset,
2206 1183 2264 1235 et
2294 1193 2615 1236 conversus
2641 1182 2705 1237 in
2731 1195 3027 1253 erumna,
3043 1183 3185 1239 dum
3207 1184 3532 1254 conﬁgitur
3557 1181 3672 1255 ipsi

2007 1267 2236 1342 peccati
2257 1269 2428 1340 spina
2457 1269 2597 1341 (48),
2621 1269 2838 1327 timens
2859 1271 3146 1328 ultionem
3174 1271 3430 1338 Domini,
3462 1270 3672 1342 fugam

2007 1355 2364 1426 meditatur;
2400 1359 2456 1416 et
2479 1373 2510 1414 e
2539 1358 2729 1432 spinae
2767 1359 3011 1417 vulnere
3042 1360 3241 1418 adhuc
3269 1360 3424 1434 pede
3450 1359 3673 1416 claudi-

2008 1461 2175 1514 cans,
2206 1446 2390 1504 haeret
2417 1447 2702 1516 incertus,
2725 1465 2850 1522 quo
2880 1451 3124 1507 tandem
3152 1450 3493 1524 etaufugiat
3515 1454 3572 1507 et
3589 1449 3672 1509 la-

2008 1538 2129 1593 teat
2156 1535 2426 1606 oculum,
2457 1552 2641 1610 quem
2669 1538 2816 1595 nihil
2843 1539 3000 1597 latet.
3037 1544 3122 1597 lta
3147 1539 3394 1614 quidem
3443 1539 3669 1596 David:

2009 1627 2071 1681 at
2126 1623 2303 1695 Virgo
2334 1640 2365 1681 e
2429 1626 2654 1682 Davide
2702 1633 2908 1685 exorta
2960 1628 3326 1701 archangelo
3393 1627 3675 1688 sublimia

2008 1713 2314 1786 edocente,
2340 1715 2760 1788 supercmleste
2788 1718 2964 1774 unius
2994 1719 3056 1775 in
3093 1719 3373 1776 Trinitate
3433 1717 3672 1775 Deitatis

2009 1805 2363 1878 mysterium
2387 1805 2467 1872 (et
2509 1805 2671 1879 ipsa)
2724 1807 2922 1878 discit,
2945 1823 3164 1882 nempe
3208 1808 3493 1882 Spiritum
3529 1823 3674 1864 san-

2010 1898 2196 1965 ctum,
2227 1899 2284 1952 et
2313 1895 2596 1952 Virtutem
2625 1895 2930 1965 Altissimi,
2961 1915 2992 1955 e
3048 1913 3172 1972 quo
3201 1898 3508 1955 Altissimo
3550 1897 3674 1954 Vir-

2009 1987 2106 2040 tus
2143 1982 2346 2053 (Filius
2393 1987 2450 2041 et
2502 1985 2752 2058 Spiritus
2811 1992 3054 2044 sanctus
3109 1989 3222 2060 (48)
3274 1993 3410 2044 ante
3467 1986 3675 2045 omnia

2009 2071 2226 2129 saecula
2259 2071 2707 2130 subsistentiam
2729 2074 3093 2134 habuerunt.
3123 2077 3547 2133 Verumtamen
3575 2091 3673 2132 ne-

2009 2176 2319 2235 quaquam
2356 2166 2414 2218 et
2437 2162 2570 2235 ipsa
2620 2163 2829 2235 fugam
2877 2166 3116 2236 cogitat,
3152 2165 3257 2222 sed
3285 2164 3434 2238 quid
3463 2165 3674 2222 nuntio

2007 2250 2290 2323 reponit?
2319 2252 2474 2309 Ecce
2498 2253 2731 2310 ancilla
2761 2255 3023 2321 Domini,
3041 2255 3164 2326 fiat
3189 2254 3674 2312 mihisecundum

2009 2340 2250 2397 verbum
2284 2345 2453 2397 tuum
2480 2342 2616 2414 (47).
2651 2344 2778 2399 Non
2799 2343 3033 2414 ignoro,
3065 2343 3277 2418 inquit,
3298 2344 3426 2415 jam
3452 2343 3676 2418 praesti-

2007 2432 2203 2487 tutum
2226 2430 2304 2487 ab
2335 2431 2586 2506 antiquo
2610 2432 2818 2499 fuisse,
2848 2438 2912 2490 ut
2935 2433 3164 2490 Deusin
3187 2438 3407 2492 terram
3426 2431 3675 2490 descen-

2009 2517 2194 2576 deret.
2223 2521 2527 2594 Prophetas
2549 2523 2710 2580 enim
2731 2522 2912 2580 veluti
2946 2539 3068 2580 uno
3119 2523 3282 2580 labio
3337 2521 3672 2596 loquentes,

2012 2609 2112 2666 Dei
2145 2609 2404 2667 Verbum
2433 2626 2676 2669 carnem
2703 2629 2734 2668 e
2763 2613 3011 2670 muliere
3037 2617 3493 2687 assumpturum
3523 2613 3678 2670 mul-

2011 2697 2271 2756 tifariam
2293 2701 2845 2773 prasnuntiaverunt
2877 2719 2890 2770 ;
2923 2702 3089 2760 laetor
3122 2707 3325 2760 autem
3358 2701 3434 2759 de
3463 2717 3677 2760 eorum

2014 2787 2226 2857 salute,
2254 2789 2361 2860 qui
2386 2804 2778 2847 communem
2805 2806 3045 2847 mecum
3101 2790 3324 2847 habent
3368 2794 3672 2861 naturam,

2016 2876 2503 2951 Altissimumque
2524 2878 2734 2951 adoro,
2761 2879 2856 2936 cui
2885 2895 2993 2953 per
3033 2880 3438 2939 humilitatem
3471 2896 3674 2938 meam

2014 2966 2396 3040 complacuit,
2424 2974 2726 3034 naturam,
2756 2969 2983 3028 invidia
3019 2970 3340 3044 perditam,
3372 2969 3677 3029 uberrima

2015 3057 2207 3127 gratia
2236 3056 2488 3130 dignam
2518 3057 2772 3126 efﬁcere,
2804 3074 3021 3134 meque
3057 3059 3282 3131 salutis,
3319 3060 3441 3116 imo
3468 3063 3525 3117 et
3551 3059 3678 3119 dei-

2013 3145 2312 3204 ficationis
2335 3147 2567 3206 mundo
2590 3147 2981 3207 conciliandas
3017 3149 3427 3210 mediatricem
3460 3149 3677 3210 consti-

2014 3240 2180 3294 tuere
2193 3280 2206 3295 .

2087 3343 2263 3401 XLVI.
2305 3347 2428 3416 Ego
2480 3361 2622 3403 vero
2676 3347 2944 3405 oratione
2997 3364 3137 3406 mea
3195 3348 3316 3407 huc
3369 3348 3678 3423 appellens

2016 3438 2196 3508 atque
2207 3435 2428 3492 exstasi
2439 3436 2707 3510 quadam
2724 3437 2930 3496 divina
2941 3454 3065 3512 prae
3078 3442 3320 3511 stupore
3346 3443 3675 3513 correptus,

2018 3524 2098 3582 ad
2126 3525 2508 3583 vehementer
2525 3527 2994 3586 exclamandum
3024 3529 3181 3586 feror
3205 3547 3218 3586 :
3241 3532 3429 3600 Quam
3443 3533 3680 3602 magni-

2015 3615 2200 3685 ﬁcata
2227 3621 2368 3672 sunt
2398 3619 3016 3686 operatua,Domine!
3049 3620 3238 3676 Nimis
3249 3621 3572 3691 pro/undae
3586 3622 3680 3691 fa-

2019 3712 2129 3765 cta
2157 3713 2300 3762 sunt
2363 3707 2751 3777 cogitationes
2783 3715 2900 3766 tum
2935 3709 2948 3766 ι
2987 3711 3081 3766 Vir
3101 3711 3413 3782 insipiens,
3435 3710 3681 3766 Judaeus

2019 3812 2140 3853 non
2169 3801 2500 3866 cognoscet,
2528 3802 2582 3854 et
2610 3798 2856 3866 stultus,
2883 3799 3202 3867 Nestorius,
3230 3816 3353 3856 non
3384 3799 3681 3871 intelliget

2021 3886 2146 3943 hac
2169 3886 2282 3956 (50)
2301 3927 2313 3940 .
2334 3888 2544 3943 Etvere
2561 3886 2992 3945 incarnationis
3008 3887 3188 3946 Verbi
3203 3891 3303 3946 Dei
3323 3891 3680 3962 mysterium

2020 3980 2158 4034 ante
2192 3974 2402 4032 mundi
2456 3977 2941 4036 constitutionem
2985 3979 3483 4052 praedestinatum
3531 3979 3679 4048 fuit;

2020 4070 2200 4138 atque
2220 4063 2283 4121 in
2313 4063 2520 4122 divino
2539 4065 2642 4124 illo
2672 4069 2966 4126 exercitus
2990 4068 3166 4136 duce,
3196 4068 3359 4126 velut
3386 4069 3446 4126 in
3473 4069 3682 4126 tabula

2020 4154 2292 4230 quadam
2321 4154 2695 4230 incorporea,
2728 4161 2907 4216 antea
2923 4173 3030 4230 per
3060 4158 3342 4232 Spiritum
3364 4158 3442 4216 ad
3471 4159 3681 4216 vivum

2019 4245 2130 4304 fuit
2155 4260 2528 4318 expressum.
2560 4247 2683 4303 Vox
2708 4246 2870 4304 enim
2893 4247 3147 4319 Gabriel,
3199 4264 3272 4305 ex
3331 4247 3583 4307 Hebrtea
3618 4250 3680 4307 in

2021 4337 2289 4393 Graecam
2317 4330 2590 4404 linguam
2602 4350 2895 4393 conversa
2907 4336 3326 4394 theandricum
3339 4336 3489 4411 quid
3507 4343 3683 4395 sonat

2020 4423 2084 4484 id
2111 4428 2201 4480 est
2226 4430 2476 4504 angelus
2503 4427 2916 4484 theandricus.
2943 4425 3171 4483 Idcirco
3203 4426 3436 4484 Gabriel
3482 4427 3580 4484 vel
3608 4444 3682 4485 ex

2021 4519 2155 4592 ipso
2184 4519 2430 4576 nomine
2441 4517 2790 4587 designatus
2807 4515 3570 4589 apparetreconciliationis
3582 4519 3684 4576 Dei

298 4609 463 4670 αὐτῆς
500 4617 592 4670 τῆς
651 4607 898 4672 κλήσεως,
953 4609 1128 4682 ὥσπερ
1183 4607 1285 4662 ἀπὸ
1336 4614 1563 4681 σημείων
1621 4608 1911 4683 βασιλικῶν
1945 4638 1991 4693 D
2022 4626 2062 4669 c‘

1945 4638 1991 4693 ο
2022 4626 2163 4669 cum
2187 4608 2537 4666 hominibus
2559 4605 2983 4674 internuntius,
3013 4621 3138 4662 non
3165 4621 3337 4662 secus
3367 4621 3438 4664 ac
3467 4607 3518 4663 si
3546 4607 3682 4681 quis

295 4703 388 4754 τὸν
421 4703 616 4753 σκοπόν
655 4702 991 4776 παριστάνων
1036 4708 1128 4753 τοῦ
1178 4698 1582 4773 ἁμοσ-τείλαντος
1627 4699 1909 4775 βασιλέως,

299 4791 447 4854 ὃυτις
473 4795 526 4844 τί
551 4788 685 4862 ἔστι,
715 4810 804 4844 και
833 4791 860 4844 6
899 4810 950 4844 τι
989 4789 1262 4865 βούλεται.

370 4972 616 5024 Βούλεται
648 4965 708 5023 δε
764 4969 1021 5025 συνελθεῖν
1077 4978 1183 5032 τοῖς
1241 4969 1528 5044 ἀνθρώποις
1579 4970 1650 5035 εἰς
1679 4972 1860 5025 ἕνωσιν
1894 4993 1906 5007 ο

298 5059 428 5132 οὐχ,
463 5063 532 5124 ὡς
553 5061 615 5114 ἄν
645 5080 729 5124 τες
760 5064 876 5135 εἴπῃ
910 5063 1190 5136 αἱρετικός,
1254 5061 1462 5135 φιλικὴν
1513 5082 1569 5116 τε
1623 5067 1714 5116 καὶ
1775 5081 1911 5135 σχε-

294 5155 450 5210 τικήν
496 5156 586 5206 καὶ
634 5155 768 5206 κατὰ
813 5156 979 5226 μόνης
1033 5152 1404 5208 ταυτοϐουλίαν
1473 5158 1854 5229 συνερχόμενος
1895 5176 1908 5189 ο

364 5366 483 5438 (45)
518 5365 668 5422 Psal.
696 5383 936 5423 cxxxvu.
970 5373 1022 5422 7.

371 5439 488 5508 (46)
512 5439 685 5495 Joan.
705 5454 821 5505 xw,
856 5443 902 5494 9.
946 5439 1062 5509 Qui
1088 5438 1245 5495 videt
1261 5455 1371 5507 me,
1397 5440 1552 5496 videt
1582 5444 1635 5496 et
1649 5441 1910 5500 Patrem.

368 5510 490 5583 (47)
521 5510 677 5588 Pen].
700 5526 849 5588 nrt,
880 5514 915 5568 4
944 5527 1062 5568 sec.
1095 5511 1276 5588 LXX}
1339 5513 1634 5588 Ἐστράφην
1688 5512 1758 5576 εἰς
1816 5533 1910 5566 τα-

292 5581 748 5657 λαιπωρίαν-ἕντρ
771 5581 1068 5656 ἐμπαγῆναι
1087 5585 1338 5657 ἄκανθαν.

368 5654 483 5733 (βξ)
509 5654 706 5712 Habes
736 5654 832 5733 hic
845 5654 1281 5733 mancamtidei
1305 5656 1909 5733 confessionem,quaa

298 5725 556 5802 spiritus
568 5728 791 5802 sancti,
809 5743 983 5802 aque
992 5744 1065 5787 ac
1076 5727 1224 5802 Filii,
1238 5730 1536 5801 originem
1547 5746 1585 5789 a
1597 5730 1728 5790 solo
1739 5725 1908 5788 Patre

295 5798 528 5875 repetit.
560 5799 650 5858 Nil
675 5798 904 5860 mirum'
923 5817 1066 5862 cum
1105 5798 1456 5862 noveriiims
1498 5802 1616 5863 hoc
1661 5817 1908 5879 quoque

2020 4700 2199 4772 regis,
2231 4700 2338 4774 qui
2363 4714 2502 4756 eum
2533 4696 2780 4765 miserit,
2830 4695 3151 4752 consilium
3199 4695 3262 4752 in
3308 4697 3489 4768 regiis
3544 4697 3686 4754 insi-

2022 4789 2241 4861 gnibus
2265 4788 2560 4864 praeferat,
2591 4791 2647 4845 et
2673 4786 2960 4860 quisnam
3020 4801 3241 4860 nempe
3296 4787 3390 4859 sit,
3436 4790 3492 4844 et
3534 4787 3685 4861 quid

2019 4881 2230 5028 ηῧὲιι
2255 4985 2438 5045 porro
2470 4970 2592 5040 (rex
2594 4969 2856 5039 )arctam
2883 4983 3024 5024 cum
3053 4965 3406 5025 hominibus
3433 4968 3566 5040 conj
3577 4984 3684 5025 un-

2020 5059 2281 5118 ctionem
2310 5059 2478 5131 inire,
2505 5073 2631 5116 non
2660 5056 2928 5133 quidem,
2951 5060 3018 5114 ut
3040 5056 3354 5114 haereticus
3375 5057 3682 5132 quispiam

2022 5151 2168 5210 forte
2197 5151 2438 5221 diceret,
2471 5153 2528 5208 et
2556 5149 2818 5207 amicitia
2847 5148 3044 5208 solum
3092 5151 3150 5207 et
3195 5148 3428 5218 habitu,
3479 5153 3538 5208 et
3581 5166 3684 5207 vo-

2020 5369 2306 5450 doctrinte
2339 5370 2523 5450 caput
2541 5367 2810 5450 incensa
2829 5367 3036 5450 fuisse,
3064 5366 3232 5440 quod
3252 5366 3518 5450 legatisa
3549 5367 3687 5424 Gre-

2021 5443 2199 5514 gorio
2222 5444 2286 5498 IX
2316 5438 2515 5514 missis
2544 5441 2622 5498 ad
2652 5444 2916 5497 extorres
2974 5438 3233 5514 Graicos
3261 5438 3541 5514 Ecclesia;
3593 5455 3684 5514 re-

2020 5511 2430 5572 éonciliandos
2456 5515 2788 5571 Germanus
2818 5529 2957 5569 cum
3001 5514 3127 5569 suis
3178 5511 3491 5572 obstiterit.
3553 5511 3684 5569 Vid.

2018 5586 2309 5660 Raynald.
2344 5585 2424 5643 ad
2451 5601 2552 5642 an.
2586 5587 2720 5643 1233
2751 5590 2850 5642 n.6
2873 5589 2929 5646 et
2956 5588 3039 5643 t3.

2091 5661 2211 5730 (49)
2238 5661 2376 5716 Luc.
2405 5675 2444 5724 ι,
2474 5662 2563 5715 38.

2113 5732 2205 5800 50)
2235 5731 2389 5792 Psal.
2417 5746 2527 5794 xei,
2571 5733 2627 5800 6,
2645 5734 2701 5789 7.

2114 5801 2204 5878 5t)
2232 5802 2376 5863 Cod.
2411 5801 2650 5879 πρίσϐις.
