4468 6450
839 406 938 464 734

1974 415 2287 477 GERMANI
2318 412 2366 471 Π
2405 410 2515 469 CP.
2554 410 3056 481 PATHIARCHE.

4098 418 4204 480 732

837 528 1082 587 luntatis
1110 536 1533 593 tantummodo
1561 539 1958 595 consensione
1989 542 2177 597 semet
2205 553 2343 593 cum
2380 534 2495 592 illis
2524 538 2570 590 Δ

2438 535 2495 590 is
2524 538 2570 590 Δ
2607 534 2735 588 ἀλλὰ
2771 541 2897 611 πρὸς
2934 540 3115 592 ἕνωσιν
3167 541 3331 612 ἄκραν
3376 545 3465 595 καὶ
3522 545 3709 613 κρᾶσιν
3763 539 4067 612 ὰσύγχυτον
4115 544 4202 599 καί

838 620 972 690 conj
984 635 1245 690 ungens;
1274 623 1379 679 sed
1437 641 1741 683 summam
1767 629 1932 697 (inire
1953 628 2097 697 vuit)
2120 627 2499 694 unionem,et

837 708 1173 778 quamdam
1205 711 1333 767 sine
1398 714 1747 771 confusione
1814 716 2285 789 permistionem,
2312 718 2497 785 utque

834 793 898 850 in
921 811 1106 852 unam
1128 798 1503 871 hypostasim
1535 818 1897 860 concursum
1927 822 1940 859 :
1979 804 2131 859 adeo
2168 808 2230 858 ut
2256 804 2498 874 propter

836 900 1113 957 personte
1186 889 1555 949 identitatem
1587 909 1660 949 ea
1696 910 1832 966 quae
1867 895 2175 962 uniuntur,
2237 907 2357 947 uno
2401 906 2495 945 eo-

835 972 1097 1047 demque
1123 980 1367 1036 nomine
1397 981 1792 1053 appellentur,
1823 989 1881 1041 et
1911 984 2088 1041 unica
2145 979 2493 1038 adoratione

2603 630 2696 682 τὴν
2727 626 2799 688 εἰς
2827 633 2951 699 μίαν
2990 630 3283 681 ὑπόστασιν
3316 625 3616 703 συνδρομήν
3651 650 3663 662 ·
3706 632 3774 692 ὡς
3838 634 3928 681 καὶ
3975 627 4048 681 ἑνὶ
4088 628 4203 682 ὀνό-

2604 732 2733 784 ματι
2772 718 2839 768 τὰ
2877 719 3115 789 ἡνωμένα
3138 718 3411 772 καλεῖσθαι
3441 715 3535 769 διὰ
3584 720 3642 770 τὸ
3675 720 4088 789 ὁμοῡπόστατον,
4117 722 4205 769 καὶ

2601 807 2701 873 μιᾷ
2740 811 3095 876 προσκυνήσει
3132 808 3390 879 τιμᾶσθαι
3431 803 3526 861 διὰ
3560 810 3619 858 τὸ
3657 814 3749 859 τοῦ
3787 813 4070 879 προσώπου
4111 825 4205 878 μο-

2602 887 2842 961 ναδικόν,
2875 894 2919 945 εἰ
2948 900 3036 947 καὶ
3084 898 3148 948 τὰ
3195 898 3429 966 ἡνωμένα
3470 904 3566 961 τῆς
3612 898 3746 948 κατὰ
3803 898 3958 967 φύσιν
4024 891 4205 967 διαφο·

2602 985 2695 1051 ρᾶς
2724 981 2817 1033 οὐκ
2848 980 3245 1045 ἐξέστησανάαὶ
3273 988 3331 1036 τὸ
3365 980 3622 1037 δυαδικὸν
3652 1004 3746 1049 οκκ
3776 984 4082 1056 ἠρνήσαντο.

834 1069 1078 1135 propter
1106 1081 1379 1137 personae
1430 1070 1718 1127 unitatem
1767 1072 2157 1138 honorentur,
2199 1070 2307 1127 etsi
2353 1083 2489 1141 qua
2519 1066 2824 1136 uniuntur,
2860 1072 3065 1144 quoad
3088 1076 3389 1142 naturam,
3434 1087 3632 1145 neque
3666 1071 3990 1140 discrimen
4024 1070 4207 1130 amit-

836 1154 986 1219 tant,
1014 1167 1211 1226 neque
1239 1156 1652 1230 duplicitatem
1692 1166 2003 1223 recussent

908 1242 1295 1303 Consimilem
1324 1246 1465 1303 huic
1494 1247 1849 1320 dignitatem
1882 1255 1945 1305 tu
1975 1264 2241 1322 quoque,
2272 1263 2310 1303 ο
2341 1244 2501 1303 Chri'

837 1328 1046 1405 stiane,
1069 1334 1417 1408 participas,
1446 1337 1495 1391 si
1544 1343 1744 1393 tamen
1802 1339 1943 1394 huic
2003 1335 2391 1411 appellationi
2443 1338 2499 1389 et

834 1415 1197 1491 obsequium
1219 1438 1325 1493 per
1350 1439 1535 1497 opera
1556 1441 1701 1494 erga
1738 1426 2131 1494 Altissimum,
2164 1432 2222 1480 et
2250 1422 2498 1479 manda-

834 1508 1033 1560 torum
1063 1506 1253 1579 ipsius
1302 1512 1638 1569 custodiam
1674 1519 1963 1586 prasterea
2006 1512 2279 1583 adjicias.
2308 1514 2498 1579 ,Tunc

835 1593 997 1649 enim
1028 1600 1085 1651 et
1106 1598 1234 1669 ipse
1258 1599 1642 1657 theandricus
1667 1603 1939 1658 minister
1960 1608 2017 1658 et
2061 1606 2285 1657 astator
2342 1600 2501 1669 regis

837 1681 1047 1740 Christi
1078 1688 1318 1761 proprie
1348 1690 1685 1747 vocaberis.
1737 1694 1885 1748 Nam
1933 1692 1980 1746 si
2034 1690 2296 1746 Christus
2350 1689 2502 1744 Deus

2676 1246 2779 1299 Τοῦ
2830 1248 2948 1300 ἴσου
3008 1248 3299 1321 ἀξιώματος
3354 1254 3445 1301 καὶ
3500 1252 3565 1304 σὺ
3613 1253 3866 1323 μετέχεις,
3906 1249 4209 1324 Χριστιανε,

2605 1332 2649 1385 εἰ
2682 1340 2771 1386 καὶ
2802 1344 2863 1409 τῇ
2905 1336 3086 1396 κλήσει
3128 1342 3287 1410 ταύτῃ
3338 1340 3661 1411 προσθήσεις
3715 1343 3805 1390 καὶ
3852 1340 3910 1389 τὸ
3960 1333 4055 1389 διὰ
4108 1343 4212 1396 τῶν

2606 1426 2767 1496 ἔργων
2818 1428 3111 1499 θεραπεύειν
3168 1427 3275 1499 τὸνξ1
3301 1427 3573 1499 Ὕψιστον,
3631 1432 3864 1488 καὶτοῖς
3918 1426 4079 1477 αὑτοῦ
4124 1443 4211 1477 κε-

2604 1510 2868 1584 λεύσμασι
2906 1517 3199 1568 πείθεσθαι.
3251 1521 3379 1569 Τότε
3436 1520 3537 1590 γὰρ
3569 1520 3658 1568 καὶ
3702 1514 3859 1577 αὑτός
3906 1510 4214 1587 θεανδρικὸς

2608 1602 2872 1673 ὑπηρέτης
2900 1609 3093 1677 κυρίως
3146 1604 3409 1676 κληθήσῃ,
3451 1609 3538 1656 καὶ
3592 1606 3936 1679 παραστάτης
3990 1610 4081 1654 τοῦ
4114 1608 4212 1653 σού

2610 1696 2873 1742 Δεσπότου
2922 1694 3169 1764 Χριστοῦ,
3228 1693 3289 1746 Εἰ
3346 1696 3447 1766 γὰρ
3502 1695 3528 1745 6
3598 1696 3827 1767 Χριστὸς
3883 1693 4209 1765 θεάνθρωπος

834 1769 1021 1827 homo
1059 1780 1166 1841 est,
1195 1792 1337 1847 ergo
1370 1779 1739 1837 Christianus
1771 1781 1884 1852 ipsi
1912 1780 2346 1836 administrans
2382 1777 2504 1833 the'
2534 1795 2574 1848 Β

2448 1789 2504 1830 e'
2534 1795 2574 1848 Β
2610 1785 2699 1832 καὶ
2747 1782 2772 1831 6
2813 1786 3125 1853 Χριστιανός
3157 1784 3388 1855 θεράπων
3443 1778 3763 1854 θεανδρικὸς,
3803 1783 3871 1843 ὡς
3903 1782 3928 1832 ό
3975 1787 4069 1833 τοῦ
4100 1777 4208 1851 βα-

836 1858 1119 1917 andricus
1142 1865 1562 1937 appellabitur,
1593 1884 1717 1924 non
1744 1885 1917 1925 secus
1940 1884 2009 1939 ac
2037 1870 2237 1938 regius
2284 1866 2503 1921 dicitur

833 1948 992 2016 regis
1017 1952 1417 2011 administrer.
1448 1957 1719 2026 Videsne,
1742 1957 1821 2014 ad
1851 1957 2092 2030 qualem
2125 1961 2180 2011 et
2203 1971 2385 2029 quam
2412 1970 2506 2009 su-

835 2034 1083 2096 blimem
1114 2042 1467 2113 dignitatem
1498 2062 1609 2103 nos
1638 2047 1897 2102 Verbum
1952 2047 2191 2102 evexit?
2239 2053 2295 2100 et
2353 2060 2505 2115 quo-

834 2127 1020 2183 modo
1040 2129 1153 2203 ipsi
1180 2133 1545 2205 archangelo
1574 2151 1687 2192 nos
1713 2151 1817 2209 per
1838 2135 2097 2191 nominis
2122 2132 2504 2191 communio'

832 2229 974 2273 nem
1010 2220 1324 2291 conjunxit
1370 2222 1484 2295 (52)
1506 2225 1534 2280 ?

902 2305 1105 2363 XLVII.
1133 2310 1414 2367 Immensi
1457 2313 1637 2385 hujus
1678 2313 1957 2372 beneﬁcii
1998 2311 2368 2370 conciliatrix
2394 2326 2499 2367 no-

832 2392 929 2449 bis
954 2394 1057 2451 illa
1080 2402 1173 2453 est
1200 2400 1441 2473 (Virgo),
1465 2418 1603 2474 qua:
1632 2403 1808 2459 caelos
1837 2403 2199 2459 sublimitate
2228 2406 2493 2474 superat.

832 2484 900 2539 Et
923 2485 1067 2556 quid
1099 2486 1256 2556 dico,
1289 2490 1417 2562 pari
1450 2507 1589 2547 cum
1638 2492 1869 2565 angelis
1921 2493 2148 2549 honore
2204 2506 2310 2564 per
2360 2506 2495 2546 eam

830 2586 942 2628 nos
972 2572 1190 2645 dignos
1212 2577 1456 2635 effectos
1484 2579 1694 2644 fuisse,
1724 2581 1975 2653 quando
1999 2581 2336 2637 humanam
2357 2579 2491 2635 sub-

832 2661 1134 2734 stantiam,
1170 2682 1306 2738 quae
1329 2683 1400 2723 ex
1426 2670 1563 2741 ipsa
1588 2675 1698 2735 est,
1749 2670 2175 2725 subsistentem
2214 2668 2321 2738 (in)
2376 2671 2495 2723 Deo

831 2748 1049 2818 Verbo,
1083 2752 1143 2809 in
1166 2755 1381 2813 eodem
1410 2758 1623 2814 throno
1655 2775 1793 2815 cum
1828 2762 1993 2815 Patre
2015 2762 2072 2814 et
2103 2757 2319 2829 Spiritu
2352 2771 2496 2811 san-

832 2842 928 2894 cto
953 2840 1283 2913 sedentem,
1311 2852 1369 2901 et
1413 2861 1449 2901 a
1499 2849 1731 2903 cunctis
1781 2847 2132 2918 angelorum
2184 2845 2495 2901 ordinibus

832 2925 1227 2996 gloriﬁcatam
1250 2938 1429 3006 atque
1450 2934 1763 2992 adoratam
1786 2952 1965 2992 cerno
1980 2937 2008 2991 ?
2032 2939 2301 3007 Namque
2319 2935 2495 2989 unico

833 3014 1083 3085 Christo,
1111 3020 1209 3092 qui
1242 3023 1395 3077 Deus
1424 3029 1512 3079 est
1559 3030 1615 3080 et
1668 3024 1874 3093 homo,
1941 3024 2242 3097 perfectus
2290 3022 2495 3096 quoad

2615 1869 2790 1930 σιλέως
2849 1871 3106 1944 ὑπηρέτης
3177 1869 3453 1944 βασιλικὸς
3519 1873 3852 1943 ονομάξεται.
3910 1869 4087 1945 Ὀρᾴς,
4137 1867 4211 1930 εἰς

2612 1960 2717 2011 οἷον
2745 1957 2950 2031 ἀξίωμα
2970 1964 3130 2035 φέρων
3156 1962 3295 2033 ἡμᾶς
3325 1962 3349 2011 6
3375 1960 3526 2032 λόγος
3582 1959 3813 2031 ἀνήγαγε
3870 1976 3885 2025 ;
3934 1962 4024 2012 καὶ
4070 1959 4211 2019 ὅπως

2611 2055 2683 2117 τῷ
2709 2046 3025 2121 ἀρχαγγέλῳ
3054 2052 3220 2121 τούτῳ
3240 2051 3357 2101 καθ’
3383 2052 3682 2122 ὁμωνυμίαν
3706 2047 3906 2120 συνῆψε
3930 2064 3945 2115 ;

2680 2307 2808 2375 ΜΖέ
2865 2315 2969 2362 Τοῦ
3057 2310 3439 2382 ὑπερμεγέθους
3542 2310 3728 2360 τούτου
3805 2307 4214 2381 εὐεργετήματος

2606 2398 2850 2473 πρόξενος
2907 2400 3032 2471 ἡμῖν
3105 2401 3134 2457 ἡ
3206 2398 3503 2474 ὑψηλοτέρα
3557 2405 3657 2449 τῶν
3719 2396 3966 2470 οὐρανῶν.
4024 2399 4121 2448 Καὶ
4160 2400 4213 2447 τί

2604 2486 2735 2558 λέγω
2794 2486 3076 2561 ἀγγελικῆς
3145 2488 3411 2561 ἰσοτιμίας
3493 2486 3780 2550 ἀξιωθῆναι
3847 2482 3941 2539 διὰ
4014 2487 4215 2547 ταύτης

2605 2580 2765 2650 ἡμᾶς,
2794 2576 2946 2641 εἰδὼς
2984 2582 3077 2636 τὴν
3119 2576 3171 2641 ἐξ
3234 2577 3393 2638 αὐτῆς
3441 2578 3747 2628 ὑποστᾱσαν
3797 2583 3869 2645 τῷ
3902 2582 4016 2645 Θεῷ
4056 2578 4213 2646 Λόγῳ

2608 2666 2932 2742 ἀνθρωπίνην
2986 2668 3189 2729 οὐσίαν,
3244 2669 3521 2740 σύνθρονον
3580 2670 3749 2737 Πατρί
3803 2684 3856 2717 τε
3894 2669 3984 2715 καὶ
4052 2667 4213 2716 nm-

2604 2776 2751 2829 ματι,
2794 2761 2884 2807 καὶ
2909 2758 3009 2808 ὑπὸ
3058 2758 3231 2816 πάσης
3286 2758 3687 2828 ταγματαρχίας
3750 2751 4023 2824 ἀγγελικῆς
4056 2749 4213 2815 δοξα-

2607 2845 2826 2918 ξομένην
2857 2865 2910 2897 τε
2962 2845 3052 2897 καὶ
3103 2848 3558 2918 προσκυνουμένην
3602 2860 3616 2909 ;
3675 2849 3758 2913 Τῷ
3811 2842 3883 2894 ἑνὶ
3930 2844 4032 2914 γὰρ
4087 2850 4212 2916 Χρι-

2609 2944 2715 3006 στῷ
2780 2938 3127 3008 προσφέρεται
3186 2937 3215 2993 ἡ
3270 2933 3476 3006 λατρεία
3542 2934 3674 3005 μετὰ
3746 2935 3948 3003 Πατρός
4002 2950 4057 2983 τε
4121 2934 4215 2982 καὶ

2579 3027 2926 3097 ⁸Πνεύματος,
2958 3020 3047 3075 ὁδε
3095 3023 3208 3076 ἐστὶ
3248 3026 3378 3085 Θεὸς
3430 3025 3520 3073 καὶ
3564 3022 3855 3095 ἄνθρωπος,
3887 3019 3939 3073 έν
3988 3018 4214 3093 ἀμφοτέ-

833 3108 1154 3180 utramque
1204 3116 1487 3168 naturam
1542 3114 1858 3176 exsistens,
1911 3113 2091 3168 simul
2140 3128 2279 3168 cum
2332 3114 2496 3168 Patre
2527 3125 2567 3180 ρ

1784 3130 1858 3176 ls,
1911 3113 2091 3168 simul
2140 3128 2279 3168 cum
2332 3114 2496 3168 Patre
2527 3125 2567 3180 C
2606 3133 2718 3186 ροις
2748 3117 2805 3165 τὸ
2831 3115 2967 3165 κατὰ
2992 3116 3146 3185 φύσιν
3178 3111 3363 3165 τέλειον
3386 3111 3548 3183 ἔχων.

832 3196 890 3248 et
909 3200 1122 3252 sancto
1154 3198 1372 3271 Spiritu
1393 3202 1653 3258 honores
1678 3202 1862 3258 divi..i
1890 3201 2259 3257 deferuntur.

901 3282 1129 3353 XLVIII,
1172 3292 1275 3344 Ast
1321 3294 1382 3344 tu
1427 3306 1463 3345 ο
1510 3291 1717 3358 homo,
1777 3308 1914 3365 quas
1964 3306 2071 3364 per
2109 3291 2373 3362 primum
2419 3290 2499 3345 ho

829 3370 1057 3428 miuem
1091 3391 1154 3429 es
1184 3392 1215 3431 e
1254 3382 1413 3435 terra
1448 3398 1461 3447 ;
1518 3384 1576 3435 et
1622 3380 1822 3448 simul,
1883 3380 2158 3452 Deipara,
2202 3394 2339 3451 quae
2393 3395 2501 3452 per

830 3462 1164 3520 secundum
1194 3465 1503 3525 hominem
1526 3485 1590 3525 es
1615 3470 1819 3525 itidem
1848 3485 1879 3525 e
1901 3469 2053 3524 crelo
2079 3470 2091 3524 !
2128 3471 2170 3526 Ο
2230 3468 2355 3525 ﬁlia
2391 3484 2498 3541 pa-

829 3550 936 3605 tris
964 3555 1256 3624 mortalis,
1312 3562 1369 3614 et
1420 3561 1599 3615 Mater
1649 3559 1771 3614 Filii
1839 3558 2234 3614 immortalis!
2279 3560 2322 3614 Ο
2364 3574 2501 3631 quae

830 3640 1017 3698 Deum
1062 3660 1313 3718 corpore
1363 3648 1632 3712 induisti,
1690 3664 1793 3704 eos
1842 3664 2005 3715 vero,
2060 3648 2160 3721 qui
2226 3636 2504 3703 constant

828 3747 1099 3804 corpore,
1125 3734 1184 3789 in
1211 3736 1362 3791 Deos
1387 3737 1633 3793 evexisti
1661 3737 1675 3791 l
1704 3738 1747 3793 Ο
1771 3736 2032 3792 universi
2065 3736 2381 3791 hominum
2407 3742 2503 3806 ga'

828 3820 990 3875 neris
1030 3821 1191 3878 salus
1226 3825 1570 3881 communis
1595 3827 1606 3881 l
1635 3827 1678 3881 Ο
1735 3824 2148 3881 indissolubile
2172 3824 2501 3879 caelestium

828 3925 967 3966 cum
991 3914 1369 3969 terrestribus
1397 3915 1730 3985 vinculum,
1763 3931 1899 3988 quas
1965 3917 2151 3970 Deum
2211 3930 2347 3969 cum
2393 3914 2499 3969 mi-

827 3999 1221 4057 nistrantibus
1260 4004 1490 4073 angelis
1551 4006 1608 4059 in
1653 4011 1871 4061 terram
1920 4004 2236 4072 attraxisti,
2285 4010 2340 4058 et
2390 4003 2498 4058 ho-

827 4088 1023 4145 mines
1055 4106 1197 4147 cum
1224 4094 1544 4165 congenita
1572 4094 1685 4149 sibi
1720 4099 1874 4149 terra
1902 4094 1978 4150 ad
2008 4092 2184 4149 caelos
2214 4092 2459 4148 elevasti
2484 4096 2495 4150 !

829 4180 1038 4237 Osola
1071 4197 1103 4237 e
1144 4183 1364 4240 sasculo
1393 4190 1450 4241 et
1506 4186 1746 4258 proprie
1818 4186 1917 4240 Dei
1977 4184 2239 4241 Genitrix
2299 4185 2311 4239 ε
2383 4191 2499 4239 Hac

827 4268 989 4325 enim
1015 4271 1424 4343 appellatione
1442 4273 1602 4329 velut
1631 4273 1901 4346 quodam
1934 4274 2203 4329 Dominaa
2230 4272 2422 4343 sigillo
2445 4278 2502 4329 et

828 4373 1013 4415 aureo
1050 4365 1107 4415 et
1135 4359 1744 4419 honoriﬁcentissimo
1776 4378 2118 4418 sermonem
2154 4378 2357 4418 meum
2388 4362 2496 4418 ob-

829 4448 1023 4518 signo.
1060 4452 1179 4505 Hoc
1209 4466 1431 4507 nomen
1464 4457 1519 4507 et
1539 4468 1641 4508 ore
1673 4456 1731 4507 et
1760 4452 1938 4507 corde
1990 4458 2046 4507 et
2104 4453 2311 4507 anima
2375 4457 2501 4507 tota

2680 3292 2812 3347 MH'.
2873 3292 3028 3360 Ἀλλ’,
3083 3293 3122 3343 ὦ
3166 3293 3424 3363 ἄνθρωπε,
3459 3287 3553 3342 διὰ
3598 3293 3686 3342 τὸν
3764 3296 3968 3362 πρῶτον
4012 3287 4215 3362 ἄνθρω-

2607 3400 2702 3433 πον
2732 3381 2787 3434 ἐκ
2818 3389 2912 3453 γῆς
2945 3424 2957 3435 .
3016 3385 3125 3443 καὶ,
3178 3380 3216 3430 ὡ
3270 3381 3488 3444 θεοποιὲ,
3553 3374 3649 3430 διὰ
3691 3380 3778 3429 τὸν
3819 3372 4059 3450 δεύτερον
4114 3379 4205 3426 καὶ

2609 3468 2663 3532 έξ
2704 3472 2924 3542 ούρανοῦ
2992 3470 3004 3525 !
3058 3472 3296 3543 Θύγατερ
3354 3476 3445 3519 τοὺ
3506 3469 3715 3534 θνητοῦ,
3769 3470 3859 3517 καὶ
3911 3473 4075 3538 μῆτερ
4121 3470 4217 3515 τοῦ

2612 3560 2870 3614 ἀθανάτου
2905 3560 3002 3615 ἓὬ.
3032 3562 3160 3611 Θεὸν
3219 3564 3609 3629 σωματώσασα,
3670 3561 3760 3608 καὶ
3810 3559 3932 3615 τοὺς
3981 3553 4220 3625 ένσωμά-

2609 3670 2726 3711 τους
2772 3648 3054 3701 θεώσασαῐ
3088 3647 3157 3699 Ὢ
3191 3651 3336 3703 κοινὴ
3380 3650 3617 3719 σωτηρία
3661 3652 3755 3696 τού
3784 3652 3885 3695 τῶν
3932 3641 4219 3716 ἀνθρώπων

2608 3740 2951 3812 πληρώματος
3020 3737 3031 3790 l
3113 3736 3181 3787 Ὢ.
3248 3732 3506 3807 σύνδεσμε
3554 3732 3781 3808 ᾶιὸρηκτε
3835 3740 3935 3784 τῶν
3983 3733 4213 3803 ὑπερκο-

2612 3835 2776 3901 σμίων
2831 3847 2885 3880 τε
2940 3832 3030 3878 καὶ
3090 3825 3377 3897 ἐγκοσμίων
3425 3822 3437 3877 l
3495 3827 3623 3877 Θεὸν
3683 3825 3813 3895 μετὰ
3866 3829 3968 3873 τῶν
4022 3822 4218 3893 ὑπηρε-

2605 3921 2824 3970 τούντων
2880 3915 3106 3987 ἀγγέλων
3146 3915 3216 3976 εἰς
3268 3922 3367 3984 γῆν
3408 3912 3702 3984 ἀγαγοῦσα,
3763 3930 3853 3963 και
3910 3908 4217 3982 ἀνθρώπους

2608 4008 2738 4075 μετά
2777 4014 2867 4064 τῆς
2936 4006 3207 4075 συμφύτου
3265 4010 3361 4073 γῆς
3414 4001 3481 4061 εἰς
3547 4000 3793 4074 οὑρανοὺς
3845 3996 4215 4067 ἁνυψώσασαι

2607 4094 2677 4147 Ὢ.
2704 4098 2833 4166 μόνη
2868 4092 2920 4156 ἐξ
2958 4092 3137 4153 αἰῶνος
3184 4096 3274 4143 καὶ
3325 4090 3513 4165 κυρίως
3552 4096 3823 4162 Θεομῆτορ
3868 4086 4081 4158 ΙΤαύτῃ
4113 4088 4217 4157 γὰρ

2608 4192 2670 4255 τῇ
2706 4182 2909 4250 κλήσει,
2942 4186 3012 4243 ὡς
3052 4176 3311 4254 σφραγῖδι
3342 4176 3651 4249 δεσποινικῇ
3708 4176 4071 4250 έπισφραγίζω
4127 4177 4220 4225 τὸν

2607 4272 2758 4344 λόγον
2789 4279 2977 4344 μουτῇ
3020 4278 3201 4345 χρυσῇ
3243 4288 3297 4321 τε
3318 4274 3408 4321 καὶ
3446 4270 3711 4339 ὑπερτίμῳ
3777 4287 3788 4299 ·
3845 4274 3908 4324 ῆν
3956 4268 4046 4316 καὶ
4097 4268 4224 4315 στό-

2608 4381 2737 4435 ματι
2768 4366 2857 4413 καὶ
2902 4357 3103 4435 καρδίᾳ
3157 4364 3248 4411 καὶ
3274 4357 3430 4429 ψυχῇ
3464 4356 3879 4427 κατασπάζομαι
3928 4375 3941 4387 ·
3993 4356 4065 4413 ὡς
4112 4354 4221 4404 εἴθε

2608 4455 2803 4509 ταύτην
2872 4451 2954 4503 ἐπὶ
3010 4450 3245 4521 γλώττης
3298 4457 3464 4521 φορῶν
3522 4447 3799 4519 εὑρεθείην,
3859 4448 3947 4496 καὶ
3991 4444 4074 4495 ὅτε
4121 4446 4222 4505 τὰς

826 4538 1195 4610 amplector:
1230 4545 1287 4596 et
1314 4541 1542 4598 utinam
1577 4542 1691 4598 hoc
1718 4542 1877 4598 idem
1907 4548 2033 4597 tum
2075 4542 2255 4598 etiam
2286 4542 2347 4597 in
2402 4541 2505 4597 ore
2532 4534 2572 4586 Ι)

2456 4534 2572 4597 Tel)
2608 4542 2835 4602 ὑστάτας
2863 4543 3023 4600 πνοὰς
3061 4544 3225 4592 πνέειν
3290 4558 3351 4610 με
3408 4541 3464 4589 τὸ
3517 4540 3659 4597 τέλος
3707 4543 3803 4596 τῆς
3870 4534 4005 4594 ζωῆς
4058 4531 4220 4583 ἀπαι-

824 4627 1059 4685 habens
1084 4629 1525 4703 deprehendar,
1560 4649 1698 4687 cum
1730 4633 1963 4687 instans
1990 4634 2123 4688 vita;
2142 4632 2279 4687 tinis
2293 4632 2367 4687 ad
2384 4648 2497 4703 po-

824 4722 1083 4774 stremos
1124 4718 1436 4776 ducendos
1486 4722 1728 4793 spiritus
1781 4738 1876 4777 me
1934 4721 2171 4790 adiget!
2225 4722 2493 4777 Firmiter

820 4807 985 4864 enim
1011 4807 1217 4873 credo,
1248 4809 1521 4866 crudeles
1549 4810 1943 4883 humanoque
1968 4810 2169 4879 generi
2222 4810 2489 4865 infensos

823 4898 979 4953 aeris
1008 4902 1315 4954 exactores
1335 4899 1481 4955 illud
1505 4899 1957 4969 formidaturos,
1980 4916 2050 4955 ac
2073 4900 2386 4955 transitum
2412 4900 2489 4954 ab

824 4988 1134 5043 exactione
1163 4987 1418 5044 liberum
1455 4990 1601 5045 mihi
1632 4990 2057 5063 permissuros.
2113 4988 2236 5044 Hoc
2284 4989 2489 5061 ipsum

820 5080 994 5133 tuum
1024 5077 1121 5131 Dei
1151 5078 1457 5133 Genitricis
1492 5094 1715 5133 nomen
1744 5079 1817 5133 sit
1840 5078 1984 5133 mihi
2010 5077 2488 5147 ultimuslingum

819 5165 1121 5238 loquentis
1150 5172 1371 5233 motus,
1402 5172 1466 5223 ut
1486 5167 1632 5223 illud
1662 5168 1823 5223 velut
1844 5168 2015 5222 olivae
2042 5183 2283 5223 ramum
2308 5167 2368 5222 in
2386 5183 2489 5222 ore

819 5255 1037 5323 ferens,
1068 5256 1259 5313 instar
1282 5256 1581 5313 columbae
1613 5257 1867 5324 avolem,
1900 5258 2036 5311 etin
2089 5257 2333 5312 salutari
2387 5274 2488 5328 pa-

815 5346 1002 5409 radisi
1034 5361 1177 5403 arca
1203 5348 1577 5420 requiescam
1600 5348 1735 5419 (54).
1769 5346 2296 5403 Vehementissime
2326 5346 2487 5403 enim

890 5537 1001 5608 (52)
1028 5537 1426 5593 Communem
1449 5551 1589 5593 cum
1601 5533 1871 5608 Gabriele
1883 5533 2247 5608 archangelo
2276 5533 2482 5608 appel-

816 5606 1104 5666 lationem
1136 5626 1208 5665 ex
1237 5609 1517 5664 Germani
1552 5607 1847 5663 sententia
1879 5607 2181 5672 sortimur,
2237 5606 2383 5677 quia
2424 5606 2480 5661 vi

816 5682 1082 5738 nominis
1112 5680 1347 5747 Gabriel
1377 5680 1951 5742 dicitt'zeandracum
1970 5691 1993 5749 ,'
2014 5676 2342 5733 theandrici
2376 5694 2477 5733 au-

817 5757 939 5814 tem
959 5758 1018 5811 et
1044 5770 1157 5811 nos
1184 5753 1396 5814 merito
1414 5766 1863 5826 nuncupamur,
1897 5754 2103 5835 utpote
2138 5749 2479 5826 administri

2571 4684 2580 4696 ,
2603 4636 2816 4688 τήσεται
2885 4634 3021 4701 (53).

3101 4633 3429 4681 Πεπίστευκα
3478 4628 3579 4699 γὰρ
3666 4628 3735 4684 ὡς
3799 4620 4219 4680 αἰδεσθήσονται

2600 4723 2798 4777 ταύτην
2863 4726 2957 4771 τοῦ
3022 4717 3169 4789 ἀέρος
3242 4720 3291 4769 οἱ
3373 4718 3662 4788 πράκτορες
3749 4716 3799 4765 οἱ
3873 4716 4054 4784 πικροὶ
4119 4716 4217 4762 καὶ

2600 4811 2981 4881 μισάνθρωποι,
3040 4813 3130 4859 καὶ
3182 4826 3272 4879 μοι
3343 4813 3437 4867 τῆς
3519 4802 3811 4863 διαϐάσεως
3888 4799 4218 4875 ἀφορολογή-

2599 4919 2690 4951 του
2744 4903 3257 4972 παραχωρήσουσιν.
3327 4896 3468 4953 Αὑτη
3534 4913 3623 4966 μοι
3662 4896 3796 4945 ἔστω
3834 4894 3864 4950 ἡ
3923 4896 3988 4948 σὴ
4044 4892 4223 4942 θεοτὸ-

2599 5008 2734 5051 κειος
2805 4989 2989 5048 κλῆσις
3065 4986 3269 5058 ὒλογον
3350 4985 3587 5057 γλώττης
3650 4987 3847 5054 κίνημα
3897 4980 4220 5048 τελευταῖον,

2602 5078 2663 5129 ἶν’
2714 5081 2782 5139 ὡς
2829 5081 3020 5151 κάρφος
3078 5076 3253 5137 έλαίας
3314 5078 3510 5131 ταύτην
3564 5072 3646 5125 ἐπὶ
3722 5076 3977 5143 στὸματος
4049 5074 4220 5143 φέρων

2599 5170 3023 5239 πετασθήσομαι,
3103 5170 3193 5216 καὶ
3258 5165 3584 5215 καταπαύσω
3681 5156 3834 5217 δίκην
3904 5164 4223 5230 περιστερᾶς

2600 5257 2667 5317 εἰς
2697 5262 2790 5315 την
2834 5264 2924 5307 τοῦ
2982 5250 3312 5328 παραδείσου
3364 5254 3630 5307 σωστικὴν
3696 5247 3934 5299 κιϐωτόν.
3992 5245 4224 5297 Φιλυπο-

2602 5354 2808 5421 στροφώ
2856 5348 2954 5417 γὰρ
3033 5339 3243 5415 σφόδρα
3308 5336 3515 5413 σφοὸρα
3568 5360 3579 5372 ⁸
3642 5336 3831 5391 ἐκεῖθεν
3889 5338 3990 5408 γὰρ
4048 5336 4073 5386 ὁ
4122 5344 4226 5387 τοῦ

3103 5170 3193 5216 καὶ
3258 5165 3584 5215 καταπαύσω

2596 5533 2957 5590 famulantes
2987 5531 3238 5593 Christo.
3261 5530 3367 5603 qui
3395 5523 3643 5602 θέανδρος
3694 5541 3801 5580 seu
3852 5524 4216 5598 θιοὲνθρωπος,

2598 5606 2753 5661 Deus
2782 5613 2838 5661 et
2867 5606 3053 5660 homo
3078 5609 3186 5657 est.

2690 5678 2780 5748 53)
2808 5675 2947 5733 ϐοά·
2972 5674 3167 5732 ἀπαιτή
3177 5693 3308 5729 σετε.

2690 5678 2780 5748 53)
2808 5676 2947 5733 Cod‘
2972 5676 3281 5732 ἀπαιτήσετι

2648 5676 2759 5839 ((54)
2800 5749 2951 5805 Psal.
2994 5763 3108 5831 Liv,
3278 5746 3281 5749 ’
