4468 6450
283 396 394 450 ’133

1430 399 1500 454 ΙΝ
1532 394 2146 454 ANHUNTIATIONBI
2186 395 2262 453 B.
2300 397 2534 452 ΙΑΒΙΛΕ

3544 398 3652 452 τοι

287 525 495 593 πρώτου
525 525 729 590 κόσμου
782 525 963 594 Πατὴρ
1019 519 1316 580 ἀποστῆναί
1345 541 1408 594 με
1456 523 1739 592 ἠνάγκασε,
1803 526 1892 572 καὶ
1920 526 1964 575 Α
1997 519 2051 574 ill

1887 544 1892 571 ι
1920 526 1964 575 Α
1997 519 2135 574 illuc
2164 535 2430 576 remeare
2461 521 2636 592 cupio
2671 538 2684 586 ;
2736 521 3026 594 quoniam
3057 519 3198 575 inde
3256 520 3498 576 evolare
3556 537 3651 578 me

290 611 422 680 πρὸς
500 612 588 660 τὸν
654 611 860 682 ἔνυγρον
934 629 1115 662 τουτον
1173 609 1288 682 βίον
1347 613 1592 683 φίρεσθαι
1659 613 1893 684 προετρέ-

291 695 451 766 φιτ..

367 801 502 857 116.
534 807 638 856 Ναὶ
665 799 755 874 δὴ,
798 810 1198 877 κοσμοσώτειρα
1251 804 1461 866 κιϐωτε,
1513 808 1748 882 κύρωσόν
1793 823 1892 876 μου

292 896 393 950 τὴν
422 889 628 962 δέησιν,
679 898 889 946 καὶτὸν
927 899 1176 967 πενιχρὸν
1237 914 1336 967 μου
1385 902 1566 946 τοῦτον
1608 894 1756 966 λόγον
1805 899 1894 945 καὶ

293 978 571 1033 σύτιδανόι
600 979 912 1054 πρόσδεξαι.
967 988 1068 1036 Καὶ
1110 986 1175 1044 ὡς
1225 983 1401 1055 νεφέλη
1435 985 1600 1055 κούφη
1655 988 1744 1035 καὶ
1784 1003 1893 1054 φω-

290 1075 434 1128 τεινὴ
507 1069 816 1124 ἕπισκίασον
877 1071 962 1124 ἐπὶ
1009 1077 1103 1131 τὴν
1155 1072 1385 1144 κεφαλήν
1467 1092 1567 1144 μου
1621 1072 1670 1124 ἄν
1726 1074 1896 1144 ἡμέρᾳ

290 1159 542 1230 πολέμου.
604 1159 790 1212 ιιολλοὶ
842 1163 948 1235 γάρ
1006 1161 1137 1213 εἰσιν
1203 1164 1252 1213 oi
1313 1160 1400 1233 ἀφ’
1444 1161 1610 1232 ὕψους
1665 1179 1727 1233 με
1780 1160 1893 1212 πλε-

289 1256 523 1320 μοῦντες,
585 1254 676 1301 καὶ
726 1255 1009 1322 πυφρόροις
1067 1249 1334 1322 βᾶλλοντες
1399 1249 1599 1322 βίλεσιν
1667 1249 1895 1321 Ἐπαρον

287 1341 384 1399 τὰς
444 1340 629 1410 χεῖράς
674 1357 768 1390 σου
808 1338 892 1391 ini
957 1342 1047 1399 τάς
1100 1342 1342 1409 ἓποὶρσεις
1399 1344 1489 1392 καὶ
1551 1342 1895 1412 ὑπερηφανίας

284 1427 477 1490 αὐτῶν,
536 1431 626 1478 καὶ
686 1427 968 1501 σύντριψον
1020 1426 1069 1480 ἂν
1124 1430 1282 1500 τάχει
1349 1431 1562 1488 τούτους
1609 1430 1709 1480 ὑπὸ
1783 1431 1896 1487 τοὺς

286 1512 462 1577 πόδας
483 1517 650 1586 ἡμῶν.
685 1516 745 1567 Ei
775 1513 837 1569 δέ
863 1521 955 1568 καὶ
1003 1524 1135 1588 χοῦς
1179 1521 1260 1579 τίς
1288 1515 1431 1569 ἔστιν
1489 1516 1537 1568 ἕν
1597 1523 1702 1577 τοῖς
1741 1521 1896 1568 ποσὶν

286 1605 456 1668 ὑετῶν,
533 1603 588 1654 ἔκ
666 1611 766 1654 τῶν
851 1603 1232 1677 ἕπιτηροόντων
1318 1609 1414 1666 τὰς
1477 1609 1689 1678 πτίρνας
1739 1605 1895 1676 ὃφεων

286 1690 587 1764 ἕπιτρισεὶς,
663 1692 979 1754 Ᾱειξοὲτωσαν
1061 1701 1243 1746 τοῦτον
1325 1693 1474 1745 αὐτοὶ
1544 1692 1592 1744 ἄν
1655 1701 1728 1763 τῷ
1791 1691 1894 1744 ἑπι-

291 1779 520 1852 στρέψαι
589 1783 680 1831 τὸν
737 1785 890 1834 πόνον
972 1781 1140 1833 αὐτῶν
1225 1781 1292 1843 είς
1347 1786 1439 1840 τὴν
1508 1781 1729 1854 κεφαλὴν
1804 1781 1898 1833 αὖ·

292 1877 416 1938 τῶν,
483 1874 572 1922 καὶ
646 1868 730 1921 hri
785 1875 1016 1944 κορυφὴν
1083 1871 1248 1923 αὐτῶν
1302 1876 1396 1929 τὴν
1465 1867 1679 1923 ἀδικίαν
1738 1890 1900 1922 κατα-

297 1959 477 2017 ϐῆναι,

362 2045 440 2099 ΒΓ.
498 2046 729 2100 Ἰλὲωσον
759 2049 884 2120 ἡμῖν
948 2051 1035 2100 τόν
1079 2047 1134 2100 ix
1192 2055 1288 2101 σοῦ
1338 2051 1644 2120 γεννηθέντα
1709 2052 1830 2102 Θεὸν
1882 2069 1894 2082 ο

288 2135 625 2208 χριωλυσίαν
695 2145 795 2189 τῶν
849 2136 1155 2208 ὀφλημάτων
1225 2141 1445 2195 αἱτησαι
1504 2137 1629 2210 παρ’
1713 2137 1892 2192 αὐτοῦ.

288 2223 466 2295 Ὀρᾷς,
515 2227 634 2276 ὅσον
693 2230 749 2276 τό
809 2228 1116 2298 κατάχρεων
1165 2227 1330 2298 ἡμῶν·
1386 2226 1746 2300 ἐγχειρίζομὴ
1813 2246 1896 2278 σοι

293 2312 473 2364 λοιπὸν
498 2317 556 2365 τό
621 2319 972 2387 χειρόγραφον
1009 2336 1022 2347 ·
1051 2320 1122 2387 μὴ
1174 2319 1301 2388 πρὸς
1351 2320 1438 2367 τὸν
1487 2316 1640 2387 ὂφκον
1699 2313 1898 2388 ἀπίδῃς

293 2401 476 2470 αὐτοῦ,
535 2406 623 2453 καὶ
677 2406 735 2453 τό
796 2402 990 2464 πλῆθος
1042 2412 1141 2453 τῶν
1195 2403 1518 2475 ὀφλημάτων.
1572 2403 1655 2463 Ὠς
1717 2407 1818 2477 γὰρ
1872 2407 1896 2455 ό

291 2495 489 2563 χρόνος
525 2493 671 2563 ἡμῶν
723 2492 1092 2566 εὖπερΐληπτός
1132 2493 1248 2546 ίστι
1292 2499 1382 2545 καὶ
1410 2496 1442 2550 ἡ
1472 2497 1608 2544 κατὰ
1635 2503 1732 2564 γῆν
1785 2491 1902 2547 δια-

282 2579 461 2652 τριϐὴ,
495 2581 630 2632 οὕτω
678 2585 859 2633 una
910 2587 1046 2655 χρία
1077 2581 1438 2654 ἀπεριόριστα.
1482 2581 1587 2635 Κάν
1643 2587 1701 2634 τὸ
1759 2580 1898 2635 δυσ-

289 2670 587 2742 αρίθμητον
635 2672 826 2740 ἔχουσι
886 2671 1011 2744 παρ’
1076 2671 1222 2742 ἡμῖν,
1266 2673 1296 2728 ἡ
1355 2669 1414 2723 δε
1465 2679 1557 2723 τοῦ
1621 2680 1716 2723 σοῦ
1773 2672 1897 2724 Tim)

286 2755 551 2826 ἀγαθότης
592 2757 702 2812 οὗθ’
751 2759 837 2809 ὑπ’
879 2757 1055 2833 ἀρχὴν
1084 2764 1283 2822 πίπτιι,
1331 2763 1448 2812 οὔτε
1495 2759 1626 2812 τιλει
1674 2765 1900 2834 περιορί-

286 2846 438 2906 {erat
517 2866 532 2892 ι
610 2850 696 2904 Μὴ
763 2850 899 2899 κατά
969 2850 1060 2908 τὰς
1119 2847 1338 2920 ἀνομίας
1401 2851 1547 2920 ἡμῶν
1622 2852 1899 2906 ποιησάτω

287 2939 437 3008 ἡμῖν,
491 2932 631 3007 μηδὲ
683 2939 818 2988 κατά
888 2940 978 2997 τὰς
1046 2937 1309 3010 ἁμαρτίας
1357 2940 1503 3011 ἡμῶν
1561 2937 1900 2992 ἀνταποδότω

288 3027 440 3097 ὑμῖν.
478 3031 578 3078 Καὶ
601 3028 704 3098 γὰρ
750 3028 883 3077 κατά
937 3030 997 3078 τὸ
1047 3026 1179 3097 ὕψος
1233 3036 1324 3080 τοῦ
1374 3028 1595 3103 οὐρανοῦ
1639 3027 1740 3080 ἀπὸ
1807 3037 1902 3090 τῆς

287 3121 389 3184 γῆς
453 3113 771 3186 ἕκραταίωσε
818 3118 874 3166 τό
947 3115 1084 3178 ἔλεος
1154 3115 1314 3168 αὐτοῦ
1385 3117 1468 3169 ἐπὶ
1534 3122 1591 3170 τὸ
1666 3116 1903 3192 βρότειον

292 3203 572 3275 πλήρωμα,
629 3202 806 3265 κλίνας
865 3204 1134 3279 οὐρανοὺς,
1201 3211 1292 3257 καὶ
1352 3205 1589 3268 καταϐὰς
1657 3209 1741 3259 ἐπὶ
1806 3215 1904 3277 γῆν

294 3287 392 3344 διὰ
489 3292 874 3364 φιλανθρωπίας
977 3295 1321 3368 ὑπεροίκειρον
1430 3295 1684 3350 ἄϐυσσον.
1779 3288 1908 3349 sao’

286 3381 412 3432 ὅσον
485 3380 600 3452 (62)
657 3378 950 3452 ἀπέχουσιν
1009 3380 1253 3435 ἀνατολαὶ
1322 3381 1423 3435 ἀπὸ
1480 3382 1718 3456 δυσμῶν,
1779 3384 1904 3456 ἰμά-

295 3487 479 3541 κρυνεν
557 3467 639 3540 ἀφ’
709 3471 854 3540 ἡμῶν
940 3472 1035 3532 τὰς
1119 3470 1380 3545 ἁμαρτίας
1447 3475 1614 3544 ἡμῶν,
1686 3472 1903 3530 ἀνατολὴ

286 3561 380 3629 μὲν
433 3555 682 3628 ἀείγωτος
738 3564 829 3610 καὶ
888 3560 955 3616 ὧν
1018 3564 1108 3612 καὶ
1157 3560 1530 3633 ὀνομαζόμενος
1577 3583 1590 3595 ο
1639 3558 1798 3622 δύνας
1849 3559 1907 3614 δὲ

296 3644 331 3700 δ
338 3647 374 3699 ι’
406 3647 798 3718 εὐσπλαγχνίαν
829 3651 943 3720 (63)
972 3648 1271 3704 ἀνείκαστον
1301 3649 1384 3703 ἐπὶ
1413 3656 1506 3709 τὴν
1539 3657 1752 3704 σκοτίαν
1791 3653 1911 3723 (64)

301 3745 396 3788 τοῦ
431 3737 548 3788 καθ’
604 3739 744 3808 ἡμᾶς
776 3737 898 3809 βίου
953 3743 1043 3790 καὶ
1091 3747 1182 3790 τοῦ
1236 3745 1456 3814 σαρκίον

299 3825 585 3878 κατέλαϐεν
661 3827 814 3878 αὐτὸν
886 3829 915 3884 ἠ
1002 3833 1191 3880 σκοτία
1264 3850 1277 3861 ·

1537 3761 1550 3774 ο
1603 3741 1649 3793 εἰ
1700 3747 1788 3793 καὶ
1849 3741 1908 3793 οὐ

1369 3829 1559 3901 μᾶλλον
1643 3827 1729 3882 οὖν
1820 3837 1909 3882 καὶ

301 3912 624 3968 διεσκέδασε
669 3920 728 3968 τὸ
771 3913 1005 3989 ζοφῶδες
1051 3923 1143 3972 καὶ
1198 3925 1632 4000 μετεστοιχείωσε
1688 3926 1812 3995 πρὸς
1852 3925 1908 3972 τὸ

315 4002 618 4077 φωτοειδές.
669 4011 867 4068 Λοιπὸν
922 4006 1074 4079 ὀλίγα
1125 4011 1192 4060 τί(
1243 3998 1520 4083 τραύματα
1575 4013 1639 4061 τά
1685 4012 1910 4084 ἡμέτερα

304 4099 433 4168 πρὸς
490 4101 584 4154 τὴν
660 4094 1027 4168 ἀπεριόριστον
1092 4097 1439 4171 ἰμπλιστρον,
1507 4099 1567 4157 ἣν
1623 4108 1696 4173 τῷ
1752 4107 1906 4153 παντί

299 4184 658 4253 συνιξέτιινεν,
742 4186 824 4238 ἵνα
893 4187 1186 4259 θεραπεύσῃ
1248 4191 1315 4241 τὰ
1379 4190 1568 4243 πάντα.
1640 4188 1907 4259 Ἓγκειται

297 4271 359 4334 δε
420 4281 482 4345 τῇ
547 4274 861 4348 ἐμπλάστρῳ
936 4279 994 4329 τό
1056 4273 1486 4348 δραστικώτατον
1525 4279 1815 4350 φάρμακον,
1849 4285 1906 4332 τὸ

292 4364 432 4435 αἷμα
499 4364 660 4417 αὐτοῦ
709 4368 768 4416 τὸ
809 4363 1103 4439 θεόρῥυτοιι,
1155 4366 1535 4423 καταναλίσκον
1573 4375 1673 4419 τῶν
1725 4370 1905 4440 ἡμετέ-

285 4473 393 4528 ρων
442 4456 754 4526 τραυμάτων
802 4459 897 4512 τήν
946 4457 1282 4521 κακοήθειαν,
1337 4459 1404 4518 ὡς
1479 4462 1568 4509 καὶ
1616 4460 1705 4518 τὰς
1752 4457 1906 4520 οὐλὰς

288 4541 592 4614 ἐξαλείφειν,
635 4547 878 4616 καὶπρὸς
908 4548 1003 4604 τὴν
1060 4549 1314 4620 προτέραν
1371 4547 1548 4617 ὑγείαν
1586 4551 1723 4618 (68')
1776 4545 1904 4606 ἀπο-

287 4633 575 4702 saeta-ﬂia.

364 4844 478 4911 (55)
491 4843 688 4926 Mundi
693 4843 952 4926 pristini,
965 4843 1024 4898 ld
1043 4846 1412 4926 estcorrupti
1429 4847 1532 4926 qui
1547 4846 1902 4926 redemptio-

289 4931 432 4989 nem
463 4917 778 4979 antecedit,
809 4922 982 4989 pater
1005 4921 1094 4971 est
1113 4917 1466 4989 Ad_am,’qui
1488 4924 1673 4973 totum
1711 4917 1901 4988 genus

287 4988 632 5059 humanum
660 4987 932 5059 quodam
966 4989 1150 5059 veluti
1178 4987 1401 5046 diluvio
1423 4987 1735 5052 demersit.
1754 4994 1899 5048 Cum

288 5074 436 5113 vero
462 5057 644 5130 paulo
668 5057 1360 5130 postMariadesignetur
1376 5076 1482 5114 ceu
1497 5077 1636 5116 arca
1661 5063 1901 5119 Noetica

285 5130 433 5206 hinc
465 5129 643 5204 plane
672 5129 1002 5206 concludas
1029 5129 1194 5206 licet,
1234 5132 1349 5206 hoc
1375 5133 1743 5206 symbolum,
1776 5151 1899 5206 quo

285 5217 368 5256 see
378 5201 512 5276 pius
525 5216 708 5271 penes
723 5203 922 5276 Patres
941 5201 1196 5276 Deipara
1209 5201 1562 5269 celebratur,
1579 5204 1657 5258 ad
1681 5201 1899 5276 prae—ro-

283 5275 551 5342 gativam
572 5287 818 5344 quoque
840 5272 1118 5329 devitatae
1142 5274 1221 5330 ab
1248 5290 1319 5330 ea
1344 5272 1694 5330 communis
1709 5280 1897 5332 ruinae

283 5343 704 5416 denotandam
721 5343 1022 5416 ’spectare.

357 5415 475 5486 (56)
509 5415 622 5470 Isa.
647 5415 845 5481 x1x,’1.

360 5490 472 5556 (57)
504 5487 659 5542 Psal.
689 5502 930 5558 cxxxnx,
963 5490 1014 5542 8.

353 5559 473 5630 (58)
493 5575 683 5627 Lxxul,
709 5562 761 5614 3.

354 5631 475 5697 (59)
497 5631 640 5686 Gen.
661 5646 735 5694 ιιι,
766 5631 852 5687 15.

354 5634 449 5697 (59
497 5631 852 5694 Gen.m,15.

353 5631 475 5776 (60)
502 5701 654 5758 bsal.
689 5718 844 5771 LXXI,
872 5707 972 5754 Καὶ
1002 5705 1050 5755 οἱ
1077 5701 1264 5780 ἐχθροί
1287 5703 1446 5756 αὐτοῦ
1464 5712 1600 5777 χοῦν
1632 5704 1892 5768 λείξουσι;

1999 608 2230 678 pristini
2255 610 2464 664 mundi
2486 616 2653 681 pater
2669 611 2860 679 coegit
2881 612 3014 676 (55),
3046 624 3274 680 perque
3292 608 3449 664 hanc
3470 610 3652 671 vitam

1996 695 2275 751 ﬂuctibus
2301 697 2507 752 diluvii
2527 697 2868 753 demersam
2882 697 3236 768 jactandum
3270 696 3533 752 tradidit.

2068 804 2240 859 XLIX.
2269 803 2358 858 Tu
2408 803 2627 876 itaque,
2659 821 2695 859 ο
2723 820 2862 859 arca
2917 803 3128 858 mundi
3176 803 3485 867 servatrix,
3517 818 3652 874 pre-

2000 907 2098 946 ces
2129 908 2316 958 meas,
2347 892 2619 962 obsecro,
2653 900 2810 948 ratas
2838 892 3009 956 habe,
3042 898 3100 948 et
3130 908 3333 947 meum
3362 892 3523 946 hunc
3544 890 3653 946 mi-

2001 980 2216 1036 sellum
2238 997 2307 1037 ac
2333 981 2553 1037 nullius
2575 983 2744 1052 pretii
2769 997 3108 1038 sermonem
3129 982 3354 1052 excipe.
3380 985 3460 1034 Ac
3494 980 3657 1036 velut

1998 1069 2142 1126 levis
2171 1086 2239 1126 ac
2261 1070 2460 1126 lucida
2512 1071 2704 1126 nubes
2733 1071 2870 1141 (56),
2902 1070 3190 1126 obumbra
3246 1075 3430 1136 caput
3460 1083 3654 1124 meum

2001 1159 2063 1213 in
2094 1159 2189 1214 die
2220 1159 2384 1215 belli.
2443 1160 2558 1230 (57)
2589 1159 2753 1216 Multi
2779 1159 2938 1214 enim
2974 1162 3132 1223 sunt,
3165 1157 3268 1229 qui
3301 1159 3379 1212 ab
3408 1157 3527 1212 alto
3557 1172 3654 1211 me

2001 1253 2376 1318 oppugnant,
2401 1256 2456 1302 et
2477 1248 2706 1315 sagittis
2731 1247 2928 1316 ignitis
2953 1247 3317 1317 jaculantur.
3343 1248 3501 1301 Leva
3525 1259 3651 1300 ma-

2001 1353 2114 1391 nus
2149 1343 2282 1392 tuas
2309 1339 2371 1391 in
2404 1338 2716 1405 superbiae
2748 1343 3166 1406 tumoremque
3195 1351 3398 1391 eorum
3433 1337 3568 1402 (58),
3597 1337 3656 1388 et

2001 1425 2120 1481 cito
2149 1431 2386 1480 contere
2439 1443 2540 1482 eos
2569 1429 2680 1479 sub
2714 1426 2968 1497 pedibus
2995 1425 3230 1479 nostris.
3265 1424 3439 1489 Quod
3482 1425 3529 1478 si
3563 1439 3658 1494 pe-

2002 1514 2181 1569 dibus
2212 1515 2427 1569 nostris
2459 1515 2788 1570 etiamnum
2819 1513 3013 1586 pulvis
3054 1513 3269 1585 aliquis
3288 1529 3395 1584 per
3417 1527 3657 1584 serpen-

2005 1609 2092 1660 tes
2139 1605 2422 1659 calcaneo
2452 1605 2804 1660 insidiantes
2857 1606 2970 1673 (59)
3026 1604 3301 1673 injectus,
3350 1603 3653 1680 adhaeret;

2003 1693 2165 1748 huuo
2181 1695 2297 1762 ipsi
2314 1693 2702 1763 lingantwO),
2725 1709 2853 1747 cum
2871 1698 3250 1748 convertatur
3270 1692 3444 1747 dolor
3457 1705 3654 1746 eorum

2002 1782 2067 1837 in
2098 1789 2276 1850 caput
2307 1783 2572 1847 illorum,
2592 1790 2643 1836 et
2672 1783 2735 1836 in
2772 1783 3048 1836 verticem
3082 1783 3344 1849 ipsorum
3374 1780 3656 1850 iniquitas

1936 1881 1972 1934 Β
2006 1887 2210 1927 eorum
2231 1871 2541 1927 descendet
2571 1871 2704 1940 (61),

2079 2049 2135 2102 L.
2157 2045 2356 2102 Redde
2379 2045 2552 2102 nobis
2579 2045 2906 2118 propitium
2930 2045 3136 2112 Deum,
3165 2043 3270 2116 qui
3296 2058 3366 2098 ex
3399 2047 3453 2099 te
3479 2049 3656 2099 natus

2005 2135 2387 2200 est;exoraab
2400 2135 2531 2206 ipso
2544 2134 2872 2189 debitorum
2889 2138 3220 2188 nostrorum
3231 2133 3656 2188 remissionem.

2008 2225 2206 2293 Vides,
2237 2241 2421 2297 quam
2483 2225 2696 2294 ingens
2747 2224 2822 2278 sit
2874 2223 3144 2278 debitum
3193 2228 3466 2278 nostrum
3498 2238 3510 2276 :
3541 2222 3659 2277 hoc

2005 2329 2194 2369 unum
2226 2313 2402 2369 nobis
2425 2319 2718 2385 superest,
2747 2319 2808 2367 ut
2832 2312 3300 2384 chirographum
3323 2311 3425 2366 tibi
3441 2312 3501 2366 in
3535 2326 3658 2367 ma-

2005 2418 2118 2457 nus
2140 2402 2455 2458 tradamus
2483 2420 2494 2456 :
2530 2418 2626 2465 ne,
2658 2416 2888 2474 quasso,
2921 2406 3164 2472 propter
3191 2401 3322 2470 ejus
3344 2401 3584 2472 pondus
3604 2403 3661 2456 et

2004 2497 2248 2564 propter
2273 2491 2613 2546 debitorum
2645 2491 2951 2546 cumulum
2975 2488 3182 2546 oculos
3211 2495 3347 2545 tuos
3376 2494 3610 2548 avertas
3644 2506 3657 2543 :

2007 2581 2328 2636 sicutenim
2343 2581 2619 2650 exiguum
2633 2579 2808 2635 nobis
2821 2585 3066 2650 tempus,
3086 2595 3156 2634 ac
3168 2578 3350 2634 breve
3371 2578 3660 2650 reliquum

2005 2675 2095 2725 est
2128 2670 2436 2740 praesentis
2458 2669 2590 2724 vitae
2637 2669 2920 2740 spatium,
2955 2668 3040 2724 sic
3070 2668 3370 2724 immensa
3418 2682 3662 2740 quoque

2009 2766 2148 2814 sunt
2177 2759 2381 2814 debita
2402 2763 2624 2814 nostra.
2646 2759 3008 2828 Quanquam
3043 2756 3157 2812 ista
3188 2772 3223 2812 a
3241 2756 3414 2812 nobis
3438 2757 3533 2812 vix
3556 2771 3663 2812 nu-

2007 2849 2224 2904 merari
2248 2848 2496 2919 possint,
2528 2851 2590 2902 at
2619 2846 2739 2902 Filii
2772 2847 2855 2903 tui
2885 2845 3202 2902 clementia
3259 2846 3662 2917 quemadmo-

2009 2938 2156 2993 dum
2187 2953 2399 3009 expers
2419 2941 2508 2991 est
2537 2936 2829 3008 principii,
2855 2936 2938 2991 sic
2961 2934 3136 2991 nullis
3163 2934 3387 2991 ﬁnibus
3413 2936 3662 2991 circum-

2011 3025 2305 3081 scribitur.
2328 3026 2461 3080 Non
2481 3025 2804 3081 secundum
2830 3030 3080 3092 peccata
3116 3030 3327 3080 nostra
3349 3024 3528 3080 faciat
3555 3039 3662 3080 no-

2013 3117 2119 3180 bis,
2143 3129 2332 3184 neque
2357 3113 2682 3169 secundum
2723 3115 3070 3184 iniquitates
3113 3120 3347 3172 nostras
3375 3113 3665 3170 retribuat

2013 3204 2180 3260 nobis
2208 3205 2342 3272 (65).
2387 3202 2679 3268 Quoniam
2701 3204 3025 3261 secundum
3050 3207 3434 3263 altitudinem
3464 3204 3601 3260 caeli
3627 3216 3664 3257 a

2015 3299 2182 3349 terra
2216 3290 2628 3347 corroboravit
2658 3293 3126 3350 misericordiam
3147 3309 3317 3350 suam
3334 3305 3515 3360 super
3536 3287 3666 3343 uni—

2016 3397 2248 3439 versum
2262 3379 2606 3439 mortalium
2622 3393 2828 3448 genus,
2846 3386 3086 3452 propter
3099 3383 3458 3439 immensam
3491 3393 3666 3433 amo-

2016 3473 2097 3528 ris
2125 3471 2373 3539 suiergu
2386 3467 2664 3523 homines
2688 3467 2979 3538 abyssum
3006 3474 3180 3528 Cretas
3209 3472 3510 3528 inclinans
3524 3473 3578 3524 et
3606 3466 3667 3524 in

2017 3567 2236 3618 terram
2269 3550 2639 3619 descendens
2671 3559 2762 3628 (66
2771 3575 2803 3627 ).
2834 3557 3136 3624 Quantum
3190 3562 3372 3618 distat
3399 3565 3566 3614 ortus
3593 3556 3666 3612 ab

2017 3649 2519 3717 oceidente,longe
2529 3648 2666 3716 fecit
2683 3661 2718 3701 a
2732 3647 2900 3702 nobis
2914 3650 3261 3720 iniquitates
3275 3655 3512 3705 nostras
3533 3646 3666 3718 (67),

2017 3741 2215 3795 oriens
2251 3737 2496 3810 quidem
2539 3751 2777 3806 semper
2811 3736 3038 3794 lumine
3062 3739 3419 3812 splendidus
3443 3743 3498 3793 et
3520 3738 3669 3792 exsi-

2018 3834 2177 3882 stens
2207 3834 2262 3882 et
2285 3825 2624 3898 appellatus
2657 3841 2668 3886 ;
2699 3827 2973 3883 occidens
3004 3845 3138 3885 vero
3168 3835 3410 3901 propter
3453 3826 3669 3882 inaesti-

2017 3916 2255 3973 mabilis
2277 3914 2698 3971 misericordias
2721 3930 2844 3970 suae
2871 3917 3098 3973 viscera
3119 3918 3197 3981 ad
3220 3919 3353 3973 vitae
3375 3922 3592 3972 nostrae
3613 3919 3672 3969 et

2016 4006 2095 4062 ad
2121 4007 2404 4065 humana:
2455 4003 2650 4065 carnis
2698 4005 2977 4061 tenebras
3013 4023 3077 4070 se
3107 4007 3442 4064 demittens.
3475 4007 3668 4070 Quan-

2017 4111 2204 4168 quam
2234 4095 2487 4150 tenebrae
2518 4107 2648 4148 eum
2714 4108 2836 4148 non
2889 4095 3473 4166 comprehenderunt
3506 4097 3617 4165 (68)
3655 4111 3668 4159 ;

2015 4185 2290 4256 quinimo
2317 4191 2373 4238 et
2400 4180 2692 4254 quidquid
2727 4183 3169 4241 tenebricosum
3229 4191 3373 4250 erat,
3424 4183 3672 4255 dispulit

2014 4279 2072 4330 et
2101 4275 2162 4332 in
2191 4273 2460 4330 lucidum
2508 4269 2974 4330 transformavit.
3036 4273 3328 4331 Cieterum
3357 4273 3508 4330 levia
3537 4288 3672 4328 cen-

2015 4365 2127 4419 seri
2176 4369 2434 4434 possunt
2484 4363 2754 4430 vulnera,
2787 4369 3014 4428 nostra,
3045 4364 3092 4418 si
3115 4381 3254 4419 cum
3300 4364 3399 4420 illo
3425 4362 3670 4420 inﬁnitae

2013 4453 2244 4511 virtutis
2273 4453 2603 4525 pharmaco
2633 4457 3253 4526 comparentur,quod
3282 4453 3566 4510 omnibus
3597 4469 3669 4509 ex

2011 4559 2187 4615 aequo
2217 4545 2496 4611 porrexit,
2521 4549 2585 4600 ut
2607 4543 2814 4603 omnia
2847 4547 3110 4604 sanaret.
3153 4543 3308 4600 Inest
3338 4543 3498 4598 enim
3528 4542 3668 4597 huic

2012 4632 2343 4706 pharmace
2362 4631 2844 4693 efﬁcecicissimaa
2865 4631 3098 4688 virtutis
3131 4631 3518 4697 elementum,
3537 4631 3667 4703 ejus

2011 4846 2335 4901 Etinimici
2345 4849 2401 4914 ej
2407 4860 2473 4900 us
2487 4851 2713 4900 terram
2734 4847 2986 4914 (ingeni.
3005 4845 3287 4900 Eamdem
3310 4847 3668 4900 sententiam

2009 4918 2203 4985 legere
2226 4925 2316 4972 est
2343 4921 2451 4972 lsa.
2477 4933 2632 4982 χιιι,
2657 4923 2714 4973 et
2735 4917 2910 4972 Mich.
2938 4933 3031 4982 vu,
3064 4923 3145 4973 17.

2083 4990 2197 5060 (61)
2239 4989 2393 5045 Psal.
2429 5005 2523 5043 ιιι.
2551 4990 2612 5042 17

2080 5064 2199 5132 (6‘2)
2234 5060 2374 5132 Cod.
2405 5063 2650 5132 καθόσον.

2083 5130 2196 5203 (63)
2236 5131 2378 5188 COd'
2404 5130 2786 5201 ἐσπλαγχνίαν.

2082 5207 2196 5262 (64)
2237 5205 2378 5258 Cod.
2412 5208 2670 5256 σκοτείοιν.

2082 5278 2195 5343 (65)
2241 5276 2388 5329 Psal.
2415 5291 2507 5340 cu,
2542 5280 2622 5337 10,
2655 5276 2737 5328 11.

2083 5349 2194 5486 (66)
2234 5347 2382 5401 Psal.
2416 5363 2554 5413 XVII,
2585 5350 2674 5401 10.

2083 5421 2168 5486 (67
2239 5418 2389 5476 Psal.
2424 5434 2516 5481 cu,
2549 5420 2632 5472 12.

2105 5418 2194 5481 67)
2239 5418 2389 5476 Psal.
2424 5434 2516 5481 cu,
2549 5420 2632 5472 12.

2105 5491 2194 5553 63)
2233 5492 2403 5544 Joan.
2443 5506 2481 5550 ι,
2508 5490 2563 5545 5.

2081 5562 2219 5631 (68·)
2263 5562 2344 5617 ita
2371 5561 2484 5616 cod
2515 5576 2652 5615 cum
2685 5559 2944 5616 dialecto
2975 5559 3224 5632 vulgari,
3260 5565 3319 5616 ut
3352 5562 3672 5623 Hedericus

2008 5639 2233 5699 censet,
2264 5648 2376 5705 pro
2398 5636 2627 5707 ὑγίειαν.
