4468 6450
806 404 909 460 735
1982 393 2294 457 GERMANI
2324 397 2373 455 ll
2403 396 2506 455 ΟΡ.
2531 398 2570 456 P

2411 396 2506 455 BP.
2531 396 2961 457 PATRIACBJE
4080 403 4175 460 736

803 539 1026 600 nempe
1069 525 1316 599 sanguis
1379 523 1664 583 divinitus
1708 520 1925 589 ﬂuens,
1982 522 2088 596 qui
2163 521 2836 583 vulnerumnostrorum
2885 525 2969 584 ita
3046 523 3485 599 malignitatem
3555 525 3842 600 absumit,
3908 531 3975 589 ut
4035 528 4177 604 ipsis

803 629 1047 688 quoque
1061 615 1362 672 cicatrices
1374 614 1784 684 abstergeatet
1807 611 1870 668 in
1896 609 2213 683 pristinam
2241 614 2557 672 sanitatem
2589 613 2886 687 integram
2915 615 3208 674 restituat.

874 703 964 760 LI.
987 703 1093 761 Tui
1119 704 1321 778 itaque
1347 705 1409 777 (ο
1452 701 1747 775 Deipara),
1780 715 1949 758 sume
1969 699 2463 775 chirographum,
2493 706 2536 760 Α

2411 718 2463 769 u,
2493 706 2536 760 Α
2644 702 2776 760 NA'.
2823 703 2975 758 Ὀθεν
3037 705 3275 759 λαϐοῦσα
3331 707 3390 760 τὸ
3454 706 3782 780 πολύστιχον
3829 715 4175 788 χειρόγραφον

802 808 926 866 quo
946 796 1071 850 tam
1100 792 1288 850 multa
1315 791 1516 849 debita
1549 795 1756 848 nostra
1802 789 2200 857 continentur,
2231 795 2290 848 et
2316 790 2465 848 illud

2411 791 2465 848 Id
2572 796 2980 870 τῶνὴμετέρων
3018 803 3214 870 χρεῶν,
3256 791 3544 871 διάρρηξον
3581 804 3700 862 ταῖς
3753 806 3869 861 σαῖς
3904 806 4175 878 ποινά-μοις

802 881 1064 940 dilacera
1088 881 1494 940 immaculatis
1519 880 1636 938 illis
1655 880 1773 937 tuis
1802 878 2111 952 manibus,
2136 880 2359 953 quibus
2379 880 2464 938 uti

2414 880 2464 938 [εἰ
2573 887 2784 958 χερσὶν,
2816 883 2896 946 αἶς
2945 887 3032 938 τὸν
3119 884 3168 938 έν
3201 889 3348 959 χειρὶ
3386 884 3548 939 αὐτοῦ
3618 889 3707 941 τὸν
3733 891 3931 963 κόσμον
3970 891 4178 965 βαστά.

802 974 996 1028 mater
1022 986 1183 1040 eum,
1233 971 1338 1044 qui
1369 973 1572 1044 portat
1597 970 1660 1027 in
1717 983 1909 1026 manu
1960 984 2072 1026 sua
2114 969 2464 1027 universum

2411 985 2464 1027 ω
2577 975 2733 1037 ζοντα
2761 974 2830 1034 ὡς
2857 978 3032 1047 μήτηρ
3075 972 3370 1036 έϐάστασας
3425 994 3439 1009 ο
3485 973 3790 1040 ἐϐάστασας
3846 975 3906 1034 δι
3952 978 4047 1036 διὰ
4087 980 4175 1046 τὴν

800 1061 1118 1133 mundum,
1183 1061 1397 1132 gestati
1443 1077 1459 1128 ;
1512 1061 1628 1116 hac
1720 1058 1886 1116 enim
1939 1056 2016 1115 de
2093 1073 2281 1117 causa
2322 1075 2464 1116 eum

2414 1075 2464 1116 In
2574 1061 2747 1115 αἰτίαν
2785 1065 2982 1122 ταύτην
3005 1070 3102 1126 τῆς
3137 1071 3236 1116 τῶν
3291 1061 3573 1139 ἀνθρώπων
3621 1065 3976 1141 χρεωλυσίας.
4023 1070 4178 1128 Ἰλέω-

801 1149 1065 1223 gestasti,
1089 1165 1213 1224 quo
1243 1149 1444 1207 sicicet
1468 1150 1741 1207 humano
1791 1147 1997 1218 generi
2043 1147 2249 1205 debita
2277 1146 2461 1204 solve-

2415 1163 2461 1204 Β·
2577 1167 2667 1203 σον
2698 1145 2786 1202 οὖν
2815 1152 3051 1224 καὶήμῖν
3071 1153 3160 1205 τὸν
3185 1149 3242 1204 έκ
3310 1158 3406 1206 σοῦ
3449 1155 3706 1225 τεχθέντα
3746 1158 3901 1226 Θεὸν,
3956 1165 4047 1215 καὶ
4089 1170 4179 1224 τῆς

798 1245 1020 1298 rentur.
1056 1240 1242 1297 Etiam
1271 1238 1449 1295 nobis
1477 1239 1653 1310 igitur
1700 1240 1889 1294 Deum
1923 1252 1997 1293 ex
2016 1240 2071 1293 te
2092 1241 2305 1295 natum
2329 1252 2462 1310 pro-

2415 1253 2462 1295 3-
2575 1239 2927 1314 πολυχρονίου
2998 1239 3288 1305 ἀπάλλαξον
3351 1240 3574 1315 ὀφειλῆς.
3637 1240 3878 1300 Λίδείται
3945 1251 4048 1324 γὰρ
4123 1255 4179 1306 τὸ

798 1329 1014 1404 pitium
1039 1329 1243 1394 redde,
1264 1329 1589 1401 ipsumque
1621 1342 1658 1383 a
1687 1326 1869 1384 veteri
1914 1329 2059 1401 (quo
2101 1326 2209 1383 tibi
2255 1326 2463 1384 obstri-

2415 1327 2463 1383 'i-
2574 1331 2749 1403 χρέος,
2791 1330 2913 1404 ὅπερ
2966 1329 3098 1388 αὐτὴ
3138 1339 3212 1402 τῷ
3262 1337 3354 1384 τοῦ
3400 1333 3596 1393 παντὸς
3634 1337 3878 1408 Λεσπότῃ
3945 1334 4179 1395 δεδάνει-

800 1423 930 1475 ctus
953 1419 1204 1487 tenetur)
1252 1417 1458 1474 debito
1517 1417 1725 1475 libera.
1770 1418 2015 1506 Fenoris
2063 1416 2247 1506 enim,
2296 1415 2466 1506 quod

2416 1415 2466 1506 id
2575 1437 2692 1487 κας,
2724 1422 2818 1477 τὴν
2860 1419 3033 1493 σάρκα
3081 1418 3214 1492 λέγω
3265 1423 3359 1479 τὴν
3414 1422 3794 1476 θεοῦπὸστατον
3832 1445 3846 1459 ο
3886 1430 3976 1480 καὶ
4019 1431 4180 1506 χάριν

795 1507 933 1580 ipsa
953 1507 1370 1564 universorum
1393 1506 1647 1563 Domino
1670 1504 2078 1562 commodasti
2105 1505 2242 1575 (69),
2265 1505 2462 1563 carnis

2419 1505 2462 1562 is
2578 1525 2662 1560 σοι
2692 1507 2879 1580 ὀφείλει
2915 1516 3098 1561 πασῶν
3136 1513 3374 1583 χαρίτων
3417 1515 3512 1569 τήν
3560 1511 3797 1582 μείζονα,
3845 1515 3926 1569 ὅτι
3962 1519 4023 1570 τὸ
4089 1504 4183 1572 δά-

801 1597 1022 1654 scilicet
1064 1595 1439 1670 hypostatice
1487 1612 1524 1652 a
1595 1599 1715 1652 Deo
1764 1598 2114 1668 assumpta,
2166 1595 2463 1652 rationem

2417 1611 2463 1652 ῃ
2573 1614 2704 1648 suos
2749 1603 2903 1650 τοῦτο
2970 1599 3435 1673 πανυπερκάθαρον
3476 1595 3820 1674 διετήρησας,
3883 1609 3975 1658 καὶ
4042 1626 4181 1683 χρυ-

797 1687 924 1760 ipse
943 1686 1146 1753 habet,
1178 1690 1234 1743 et
1255 1687 1510 1759 gratiam
1542 1685 1647 1742 tibi
1700 1684 1906 1753 gratiis
1950 1684 2235 1741 omnibus
2273 1685 2462 1758 potio-

2413 1700 2462 1741 ο.
2577 1689 2694 1737 σίου
2743 1689 2935 1747 παντὸς
2986 1683 3395 1760 ἡλιοειδέστερόν
3451 1707 3507 1742 τε
3553 1693 3644 1743 καὶ
3691 1689 4032 1769 ὀϐρυζότερον
4088 1701 4177 1750 καὶ

797 1791 926 1834 rem
951 1775 1146 1846 debet,
1171 1775 1339 1849 quod
1367 1775 1482 1832 hoc
1505 1774 1667 1832 idem
1705 1775 1900 1843 fenus,
1951 1788 2174 1846 purum
2215 1789 2463 1847 prorsus

2417 1790 2463 1831 ιε
2576 1772 2719 1840 ἄξιον
2765 1782 2858 1836 τῆς
2913 1774 3076 1829 αὐτοῦ
3131 1781 3403 1850 χρήσεως.
3486 1776 3649 1853 Ὀπερ
3714 1785 4181 1856 μεταχειρίζεσθαι

798 1881 985 1940 supra
1012 1880 1200 1938 quam
1231 1864 1348 1921 dici
1372 1865 1582 1938 possit,
1610 1867 1668 1921 et
1695 1863 1864 1920 omni
1890 1878 2039 1920 auro
2083 1862 2462 1936 splendidius

2416 1879 2462 1920 ts
2577 1861 2876 1928 ἀξιωθέντες
2967 1866 3115 1938 ἡμεῖς
3209 1868 3563 1940 ἱερουργικῶς,
3667 1873 4180 1946 κατακερματίζομεν

796 1972 866 2014 ac
893 1955 1179 2012 sincerius
1200 1969 1446 2022 sonans,
1472 1958 1530 2010 et
1551 1953 1830 2024 dignum,
1864 1968 1990 2025 quo
2023 1953 2154 2026 ipse
2180 1956 2464 2023 uteretur,

2415 1968 2464 2023 r,
2576 1957 2624 2008 οὶ
2697 1956 3007 2040 τραπεζῖται
3067 1963 3166 2020 τῆς
3221 1965 3486 2031 μυστικῆς
3536 1963 3625 2013 καὶ
3685 1959 3837 2033 ἁγίας
3893 1966 4175 2040 τραπέζης,

795 2045 849 2102 ei
875 2045 1224 2102 servaveris.
1250 2042 1421 2110 Quod
1451 2043 1696 2117 quidem
1726 2058 1839 2098 nos
1891 2045 2260 2099 contrectare
2301 2041 2469 2114 digni
2503 2079 2544 2134 Β

2415 2051 2469 2107 [ii
2503 2079 2544 2134 Β
2576 2051 2666 2098 καὶ
2694 2037 2812 2107 τοὺς
2855 2050 3107 2120 πτωχοὺς
3145 2056 3218 2119 τῷ
3250 2050 3508 2122 πνεύματι
3544 2037 3933 2126 πολυχρονίωνν
3961 2037 4179 2130 λυτρούέ

795 2136 931 2194 facti
955 2151 1166 2192 sumus
1195 2135 1346 2192 inter
1372 2149 1546 2191 sacra
1586 2133 1899 2206 mysteria,
1946 2149 2015 2190 ac
2047 2133 2230 2190 veluti
2282 2132 2469 2206 colly-
2505 2132 2532 2134 ί

2415 2149 2469 2203 7-
2505 2132 2532 2134 ί
2577 2137 2709 2209 μεθα
2761 2143 2861 2190 τῶν
2915 2136 3125 2210 ὁφειλῶν
3187 2133 3282 2193 διὰ
3321 2147 3415 2200 τῆς
3456 2139 3618 2212 αῦτοῦ
3656 2142 3901 2215 χάριτος⁹
3952 2146 4021 2208 ὡς
4089 2165 4179 2202 πι-

792 2225 964 2283 bistm
1013 2225 1283 2298 mysticae
1311 2239 1383 2281 ac
1404 2227 1626 2280 sanctis
1648 2238 1873 2280 mensae
1901 2223 2166 2280 minutas
2191 2221 2252 2279 in
2268 2225 2469 2295 partes
2581 2227 2845 2298 στεύομεν.

792 2315 1133 2386 tribuimus,
1149 2319 1207 2371 et
1220 2330 1324 2388 per
1344 2313 1602 2386 gratiam
1625 2313 1816 2387 ipsius
1834 2328 2133 2386 pauperes
2159 2313 2371 2386 spiritu
2388 2312 2466 2369 ab

789 2406 1055 2480 antiquis
1085 2404 1319 2472 debitis,
1343 2405 1427 2462 uti
1455 2403 1777 2470 credimus,
1808 2403 2031 2460 liberos
2080 2402 2464 2462 dimittimus.

859 2494 1160 2564 Introduc,
1219 2511 1256 2552 o
1314 2495 1570 2552 Domina
1621 2494 2069 2561 universorum,
2102 2493 2164 2550 in
2227 2491 2464 2550 caeleste

2425 2509 2464 2549 Le
2649 2494 2847 2555 Πάντας
2895 2495 3149 2568 εἰσάγαγε
3216 2496 3349 2569 πρὸς
3414 2498 3508 2555 τὴν
3582 2496 3816 2574 οὐράνιον
3892 2499 4189 2574 βασιλείαν,

789 2599 1002 2657 regum
1025 2599 1238 2642 omnes
1260 2584 1366 2658 qui
1396 2584 1502 2641 tibi
1525 2599 1590 2641 se
1651 2582 1904 2651 dedunt,
1961 2587 2137 2657 teque
2197 2597 2337 2640 vere
2392 2597 2464 2640 ac

2426 2597 2464 2638 .c
2555 2585 2604 2645 ,ἡ
2629 2588 2885 2639 Δέσποινα
2907 2593 3008 2639 τῶν
3063 2585 3322 2658 ἁπάντων,
3391 2590 3511 2649 τοὺς
3555 2587 3936 2661 ὁμολογοῦντάς
3985 2611 4043 2646 σε
4099 2597 4190 2647 καὶ

788 2675 1033 2750 proprie
1057 2675 1158 2732 Dei
1189 2674 1541 2732 Genitricem
1571 2673 1843 2746 credunt,
1886 2675 1947 2730 et
1974 2672 2164 2730 corda
2195 2672 2310 2731 hac
2342 2671 2462 2729 ﬁde

2429 2688 2462 2729 e
2573 2680 2880 2750 φρονοῦντας
2926 2679 3119 2752 κυρίως
3173 2679 3263 2729 καὶ
3312 2673 3519 2739 ἀληθῶς
3575 2681 3849 2747 Θεοτόκον,
3907 2685 3999 2734 καὶ
4053 2701 4193 2758 καρ-

786 2765 1184 2838 sanctiﬁcant,
1204 2770 1261 2822 et
1278 2764 1551 2838 linguam
1569 2763 1683 2821 hac
1705 2778 1852 2822 voce
1871 2762 2217 2836 puriﬁcant,
2231 2764 2460 2837 quique

2428 2777 2460 2819 θ
2572 2759 2694 2819 δίαν
2767 2763 3080 2836 ἁγιάζοντας
3125 2772 3199 2836 τῷ
3255 2770 3568 2840 φρονήματι,
3622 2771 3712 2820 καὶ
3757 2768 4005 2840 γλῶσσαν
4038 2769 4189 2843 ἀγνί-

787 2855 1008 2913 auxilio
1036 2859 1137 2911 tuo
1164 2854 1496 2925 gloriantur
1520 2869 1591 2910 ac
1620 2854 1748 2926 spei
1781 2852 2116 2910 anchoram
2165 2856 2283 2909 tum
2335 2868 2458 2910 me-

2421 2870 2458 2910 ι-
2571 2853 2753 2916 ζοντας
2799 2862 2872 2926 τῷ
2941 2858 3233 2928 φωνήματι,
3313 2854 3442 2909 κάπὶ
3483 2863 3600 2917 ταῖς
3670 2864 3791 2921 σαῖς
3876 2857 4185 2933 ἀντιλήψεσι

785 2945 1057 3002 ditationi
1076 2943 1403 3001 adnectunt
1452 2948 1594 3018 post
1623 2946 1831 3015 Deum,
1881 2959 2066 3017 quem
2097 2943 2160 2999 iu
2183 2945 2354 3000 Patre
2402 2948 2459 3002 et

2418 2948 2459 3002 at
2567 2948 2961 3017 καυχωμένους,
2988 2948 3079 2998 καὶ
3108 2948 3203 3004 τήν
3251 2943 3486 3020 ἄγκυραν
3533 2954 3626 3008 τῆς
3674 2944 3883 3010 έλπίδος
3929 2956 4028 3012 τῆς
4078 2957 4182 3014 σῆς

787 3034 931 3091 Filio
961 3039 1017 3091 et
1040 3038 1250 3091 sancto
1283 3033 1502 3106 Spiritu
1531 3033 1864 3090 adoramus
1911 3037 1970 3089 et
2022 3031 2452 3104 gloriﬁcamus;

2416 3051 2452 3104 3;
2567 3032 2857 3106 έξάψαντας
2911 3039 3194 3108 μεσιτείας,
3241 3037 3374 3108 μετᾶ
3437 3039 3567 3090 Θεὸν
3618 3040 3707 3090 τὸν
3755 3037 3804 3092 έν
3852 3045 4023 3114 Πατρί
4088 3046 4180 3094 καὶ

784 3123 878 3180 cui
901 3122 1012 3180 soli
1038 3123 1225 3180 latrire
1257 3121 1487 3179 cultum
1541 3121 1890 3190 deferimus,
1919 3126 1976 3178 et
2005 3138 2190 3195 quem
2250 3122 2455 3179 solum

2413 3138 2455 3178 n
2565 3125 2669 3194 Υἱῷ
2699 3128 2789 3177 καὶ
2837 3123 2969 3196 ἁγίῳ
3022 3126 3284 3198 Πνεῦματι
3339 3128 3788 3200 προσκυνοῦμενόν
3841 3147 3896 3183 τε
3942 3133 4031 3182 καὶ
4085 3126 4177 3184 δο-

783 3213 1059 3271 omnium
1087 3217 1366 3270 nostrum
1396 3213 1772 3270 conditorem
1803 3212 2106 3283 novimus,
2146 3216 2204 3270 et
2234 3228 2272 3270 a
2329 3229 2454 3287 quo

2413 3229 2454 3271 κο
2565 3212 2844 3284 ξαξόμενον
2891 3234 2905 3247 ο
2967 3211 3007 3286 ᾧ
3059 3218 3198 3288 μόνῳ
3243 3213 3577 3289 λατρεῦομεν,
3633 3221 3723 3270 καὶ
3769 3217 3823 3270 ὃν
3868 3221 4023 3292 μόνον
4075 3215 4177 3278 δη-

784 3315 983 3368 creata
1010 3311 1218 3368 omnia
1245 3309 1530 3384 pendent,
1565 3316 1630 3366 ut
1659 3309 1990 3366 consistant
2010 3312 2067 3366 et
2092 3324 2454 3366 conserven-

2413 3325 2454 3366 ι-
2563 3306 2814 3379 μιουργὸν
2867 3305 3013 3376 ἡμῶν
3074 3302 3418 3377 ἐπιστάμεθα,
3485 3310 3576 3359 καὶ
3660 3306 3722 3360 οὗ
3760 3309 3827 3360 τὰ
3905 3313 4177 3382 κτίσματα

782 3404 919 3467 tur;
949 3399 1059 3457 soli
1088 3401 1365 3457 increatm
1399 3415 1469 3457 ac
1505 3399 1886 3472 sempiternae
1946 3403 2199 3466 naturae,
2241 3399 2336 3455 cui
2352 3399 2451 3456 de—
2485 3453 2524 3508 C

1366 3489 1557 3508 LA---
1631 3491 1678 3508 ,ι
1711 3487 1975 3508 dum-
2046 3488 2344 3508 Δημὼ-
2388 3505 2443 3508 __

2408 3416 2451 3454 ε-
2485 3453 2524 3508 C
2562 3395 2735 3446 πάντα
2771 3393 3006 3466 έξέχεται
3053 3397 3183 3469 πρὸς
3225 3399 3459 3467 συνοχὴν
3511 3415 3569 3450 τε
3617 3401 3709 3450 καὶ
3764 3400 4041 3467 σύστασιν,
4109 3407 4172 3472 τῇ

2432 3506 2443 3508 _
2569 3487 2690 3508 ηιμ--
2731 3483 2952 3508 3-.-_!____
3002 3485 3144 3508 .__'._--
3176 3489 3262 3508 --μὶ
3313 3488 3584 3508 ---μμᾸ-,γ
3696 3487 3726 3508 Υ
3787 3491 3938 3508 7-3,,_
4077 3493 4128 3508 -,

783 3493 875 3546 cet
895 3489 1093 3546 omnis
1125 3489 1335 3561 gloria,
1366 3489 1562 3546 honor
1623 3491 1680 3544 et
1708 3487 2004 3564 adoratio,
2038 3488 2350 3562 decusque
2382 3505 2452 3547 ac
2485 3483 2524 3508 υ

2421 3506 2452 3546 c
2485 3483 2524 3508 υ
2562 3487 2692 3557 μόνῃ
2727 3483 2958 3555 ἁκτίστῳ
2997 3485 3147 3556 φύσει
3176 3489 3266 3536 καὶ
3309 3488 3652 3560 προανάρχῳ,
3783 3491 3963 3564 πρέπει
4025 3493 4180 3542 πᾶσα

781 3562 2448 3650 ωδεηὶϐοθηϋαωιιιοθῑὶηίῐιῐὶηὶιειεωὶυιαεωοωοωω,
2564 3569 2716 3639 δόξα.
2767 3578 2920 3646 τιμὴ,
2983 3577 3073 3626 καὶ
3142 3577 3525 3648 προσκύνησις,
3575 3562 3914 3648 μηαλωτῦνη
3974 3595 4030 3629 τε
4082 3582 4178 3630 καὶ

780 3672 991 3728 Amen,
2559 3663 2995 3740 μεγαλοπρέπεια,
3049 3669 3138 3716 νῦν
3188 3667 3278 3716 καὶ
3314 3663 3385 3727 εἰς
3449 3668 3572 3728 τοὺς
3626 3663 3996 3730 ἀτελευτήτους
4040 3666 4180 3719 αἰῶ-

2559 3773 2648 3818 νας
2672 3762 2770 3807 τῶν
2792 3753 3008 3809 αἰώνων.
3035 3752 3223 3827 Ἀμήν,

1536 3847 1657 3904 VII.
3341 3843 3412 3900 Z'.

778 3974 849 4031 In
861 3978 1208 4055 sanctorum
1226 3973 1644 4055 Innocentium
1661 3972 2032 4055 occisionem,
2053 3978 2108 4055 et
2120 3973 2188 4055 ίηΔ
2201 3972 2445 4055 initium

2412 3991 2445 4055 ῃ
2555 3973 2650 4055 Εἰς.
2693 3975 2786 4055 τὴν
2837 3973 3044 4055 σφαγήν
3094 3977 3195 4055 τῶν
3246 3970 3408 4055 ἁγίων
3487 3972 3708 4055 νηπίοξν,
3765 3976 3895 4055 καὶ.
3926 3972 3998 4035 εἰς
4031 3978 4176 4055 ⁸τὴν

846 4048 1044 4103 sancti
1049 4046 1375 4120 Evangelii
1381 4046 1726 4103 secumdum
1739 4043 2039 4103 Marcum.
2053 4046 2230 4102 Lecta
2243 4046 2446 4103 Domi-

2407 4048 2446 4103 ί.
2627 4043 2804 4120 ᾁρχὴν
2880 4043 2974 4096 τοῦ
3039 4045 3189 4120 Δκοιτιίι
3266 4046 3499 4120 Μάρκον,
3568 4044 3721 4117 ἁγίου
3827 4044 4171 4120 Εὐαγγιλίου.

849 4120 989 4175 nica
1017 4124 1158 4176 ante
1191 4119 1466 4175 Lumina.

2627 4117 3108 4190 Ἀναγινωσκομένη
3142 4117 3376 4189 κυριακῇ
3410 4118 3510 4189 πρὸ
3548 4125 3648 4170 τῶν
3675 4121 3880 4174 Φώτων.

1184 4208 1363 4278 (Inter
1393 4206 1680 4264 Homilias
1712 4205 2015 4263 variorum
2043 4207 2283 4263 Patrum
2310 4207 2406 4265 ed.
2438 4206 2837 4266 Hceschelius.
2878 4208 3163 4278 Augustae
3191 4203 3483 4263 Vindelic.
3538 4207 3696 4275 4586,
3729 4207 3837 4280 4ο.)

847 4297 886 4352 Ι.
915 4296 1105 4362 «Quis
1137 4298 1293 4353 Deus
1319 4301 1534 4370 praeter
1581 4299 1769 4354 Deum
1814 4299 2114 4365 nostrum,
2158 4299 2312 4354 Deus
2343 4298 2439 4357 ille
2477 4357 2516 4373 ἢ

2411 4315 2439 4357 6
2477 4357 2516 4373 ἢ
2626 4297 2701 4355 Δ’.
2756 4319 2785 4348 ι(
2833 4301 2921 4358 Τίς
2977 4297 3109 4359 Θεὸς
3138 4295 3270 4356 πλὴν
3298 4303 3392 4349 τοῦ
3421 4299 3588 4370 ἡμῶν,
3627 4298 3654 4350 ό
3682 4301 3808 4360 Θεὸς
3849 4299 3875 4352 ὁ
3915 4299 4175 4373 περιζων.

771 4385 877 4458 qui
907 4357 1220 4460 praecingit
1274 4357 1370 4444 uie
1400 4387 1615 4443 virtute
1640 4391 1699 4446 et
1750 4384 1992 4442 instruit
2032 4357 2218 4458 pedes
2273 4404 2445 4448 meos
2476 4357 2519 4412 Ι)

2406 4408 2445 4448 με
2476 4357 2519 4412 D
2552 4392 2683 4444 νύων
2712 4407 2776 4462 με
2830 4385 3077 4460 δύναμιν,
3128 4387 3156 4439 ό
3199 4357 3636 4461 καταρτιζόμενος
3691 4391 3814 4452 τοὺς
3842 4357 4015 4451 πόδάς
4063 4409 4170 4462 μου

770 4480 1070 4549 tanquam
1096 4491 1433 4543 cervorum,
1467 4480 1524 4532 et
1549 4476 1610 4532 in
1639 4474 1876 4532 excelsa
1907 4479 2174 4532 statuens
2203 4481 2334 4535 me‘
2360 4481 2388 4537 ?
2410 4504 2438 4532 »

2411 4504 2438 4532 »
2554 4480 2678 4531 ὡσεὶ
2709 4477 2919 4550 ἐλάφου,
2949 4481 3040 4529 καὶ
3071 4475 3153 4530 ἐπὶ
3184 4479 3250 4530 τὰ
3277 4475 3458 4548 ὑψηλὰ
3501 4479 3661 4530 ἱστῶν
3694 4497 3756 4550 με
3787 4495 3802 4546 ;
3855 4501 3876 4529 ι
3915 4478 4078 4532 Πάλιν
4144 4481 4175 4533 ό

770 4567 1031 4622 Rursum
1064 4565 1252 4623 David
1279 4567 1535 4624 orationi
1575 4569 1905 4640 praecurrat
1940 4581 2080 4622 cum
2111 4566 2284 4625 solito
2341 4569 2443 4626 de-

2410 4588 2443 4626 ιο
2555 4564 2734 4622 Λαυὶδ
2771 4570 3108 4643 προτρεχέτω
3162 4573 3254 4620 τοῦ
3311 4566 3466 4638 λόγου
3506 4569 3634 4640 μετὰ
3663 4577 3757 4632 τῆς
3799 4570 4057 4630 συνήθους
4084 4590 4174 4622 κι-

769 4654 1888 4728 οαοιιοτᾶοζθῑευανὶωθιοάἱειειῑιὶωειω
1911 4657 2442 4718 mcamremissam
2529 4660 2706 4732 ’νύρας
2763 4661 2852 4710 καὶ
2901 4664 3000 4710 τῶν
3073 4652 3426 4729 ἠδυφθόγγων
3491 4656 3812 4734 μελουργιῶν
3882 4658 4176 4732 ἐπαλείγων

769 4749 826 4801 et
848 4744 1248 4802 dormientem
1281 4747 1460 4820 quasi
1517 4746 1820 4816 inungens
1873 4744 1953 4802 ad
2007 4744 2294 4804 doctrinae
2328 4754 2443 4808 sta-

2412 4773 2443 4808 ι..
2554 4749 2727 4822 ὥσπερ
2783 4749 2841 4799 τὸ
2899 4754 2995 4809 τῆς
3053 4744 3237 4818 ψυχῆς
3293 4744 3552 4820 ἀνειμένον
3618 4749 3979 4812 καθυπτιάζον
4038 4752 4176 4824 πρὸς

767 4833 938 4891 dium
969 4850 1227 4909 eamque
1258 4835 1336 4893 ad
1363 4838 1465 4892 Dei
1495 4834 1707 4892 laudes
1736 4834 2028 4903 excitans,
2058 4835 2164 4907 qui
2190 4853 2288 4895 me
2329 4840 2444 4897 vir-

2412 4855 2444 4883 ι-
2552 4839 2611 4890 τὸ
2646 4833 2865 4891 στάδιον
2894 4844 2986 4898 τῆς
3017 4831 3378 4898 διδασκαλίας
3406 4839 3644 4913 καὶπρὸς
3670 4833 3977 4910 δοξολογίαν
4000 4834 4176 4914 διερε-

766 4929 890 4982 tute
915 4925 1226 4999 praecingit
1255 4926 1536 4996 scientiae,
1588 4925 1972 4998 sterilemque
2031 4940 2232 4984 meam
2278 4944 2442 4988 men-

2407 4949 2442 4988 ι-
2556 4926 2700 4988 θίζον
2728 4932 2884 4994 Θεοῦ,
2926 4933 3018 4979 τοῦ
3065 4926 3467 5001 περιζωννύντος
3496 4945 3560 4999 με
3611 4923 3836 5000 δύναμιν
3897 4931 4171 5000 γνώσεως,

765 5019 886 5072 tem
916 5015 1252 5073 inhabitare
1283 5015 1422 5073 facit
1448 5017 1510 5074 in
1542 5033 1718 5075 sacra
1762 5017 1878 5073 hac
1937 5014 2145 5084 domo,
2186 5023 2440 5080 matrem

2411 5039 2440 5080 [ι
2552 5020 2944 5081 κατοικίζοντος
3007 5021 3102 5076 τήν
3176 5021 3382 5092 στείραν
3447 5035 3550 5090 μου
3610 5012 3848 5071 διάνοιαν
3914 5015 3964 5071 έν
4035 5021 4175 5092 οἴκῳ

763 5104 1025 5162 filiorum
1053 5105 1376 5179 laetantem;
1410 5106 1558 5180 ipsis
1582 5107 1724 5165 inde
1750 5105 1965 5178 genitis
1996 5105 2289 5166 doctrinas
2323 5127 2440 5170 ser-

2413 5130 2440 5154 ι-
2551 5110 2719 5179 τούτῳ
2761 5106 2900 5183 ἱερῷ,
2959 5111 3162 5182 μητέρα
3192 5105 3278 5160 ἰπὶ
3323 5111 3520 5170 τέκνοις
3576 5106 4008 5184 εῦφραινομένην,
4056 5116 4177 5172 τοῖς

765 5195 1071 5254 monibus.
1094 5196 1224 5254 Non
1252 5197 1415 5255 enim
1439 5213 1613 5256 meus
1634 5201 1723 5256 est
1744 5196 1840 5255 ille
1868 5196 2116 5268 fructus,
2149 5198 2258 5256 sed
2278 5203 2438 5259 totus

2412 5221 2438 5259 ε
2552 5197 2765 5251 αὐτόθεν
2816 5199 3239 5270 ἁποτικτομένοις
3288 5195 3464 5268 λόγοις
3521 5191 3878 5261 διδακτικοᾱ.
3929 5197 4007 5251 Οὐ
4062 5201 4176 5274 γὰρ

763 5301 801 5342 a
829 5285 1022 5357 gratia
1052 5286 1154 5343 Dei
1211 5287 1483 5359 procedit
1534 5307 1547 5357 ;
1580 5304 1702 5347 non
1730 5290 1900 5364 quod
1930 5293 2046 5350 sim
2076 5305 2191 5362 ego
2225 5290 2324 5350 illa
2353 5293 2438 5349 di-

2419 5325 2438 5335 -
2552 5287 2673 5360 έμὸν
2728 5294 2882 5340 τοῦτο
2939 5288 3276 5362 κατόρθωμα,
3330 5284 3439 5339 ἀλλ’
3491 5286 3604 5340 ὅλον
3656 5294 3751 5350 τῆς
3793 5288 4015 5363 χάριτος
4075 5296 4180 5342 τοῦ

762 5391 939 5447 gnus,
974 5376 1081 5433 sed
1110 5376 1277 5450 quod
1308 5377 1562 5436 dilectus
1594 5384 1683 5437 est
1707 5383 1830 5438 Deo
1856 5383 2119 5457 populus
2148 5399 2322 5441 meus
2347 5401 2360 5440 :
2385 5387 2442 5441 et

2421 5387 2442 5441 ι
2553 5383 2687 5431 Θεοῦ
2713 5398 2726 5411 ·
2760 5377 2866 5449 οὐχ
2894 5378 2976 5431 ὅτι
3005 5375 3147 5440 ἄξιος
3177 5378 3369 5438 ταύτης
3417 5375 3539 5449 ἐγὼ,
3590 5374 3700 5429 ἀλλ’
3753 5377 3833 5430 ὅτι
3891 5375 4180 5450 ἀγαπητὸς

761 5471 1004 5541 propter
1029 5481 1142 5523 nos
1166 5483 1262 5524 me
1283 5466 1529 5527 roborat
1549 5473 1606 5528 et
1634 5469 1738 5530 dat
1756 5471 2011 5532 verbum
2039 5474 2103 5532 in
2133 5473 2440 5549 apertione

2415 5489 2440 5532 Β
2551 5467 2725 5540 ὁέμὸς
2752 5467 2874 5532 λαὸς
2900 5474 2974 5541 τῷ
3005 5474 3142 5540 Θεῷ,
3193 5471 3282 5522 καὶ
3341 5463 3418 5522 δι’
3471 5468 3612 5541 ἡμᾶς
3659 5464 3748 5542 έμὶ
3792 5462 4042 5540 δυναμοῖ,
4077 5473 4179 5522 καὶ

837 5613 852 5649 ¹
882 5611 1037 5670 Psal.
1065 5627 1206 5680 xvu,
1258 5617 1441 5674 32-34.

831 5756 951 5832 (69)
971 5756 1183 5819 Conf.l
1215 5759 1358 5832 Reg.
1386 5774 1444 5833 ιι,
1468 5759 1558 5818 20.
