4468 6450
262 392 370 453 ’737
1425 386 1715 448 ΗΟΙΙῌΛ
1752 389 1822 447 ΙΝ
1859 389 1958 448 SS.

264 513 466 571 δίδωσι
489 515 641 587 λόγον
672 512 720 567 έν
772 511 963 578 άνοίξει
1009 519 1102 566 τοῦ
1159 516 1442 587 στόματος,
1490 518 1580 568 καὶ
1609 521 1710 587 μοῦ
1749 533 1872 567 κατ-
1901 517 1947 571 Α

259 607 463 678 αρτίζει
527 607 646 665 τοὺς
717 600 885 665 πόδας
961 602 1422 676 εὐαγγελιζομένου
1499 603 1706 677 εἰρήνην
1779 607 1868 657 καὶ

261 694 454 767 ἀγαθά·
491 699 582 747 καὶ
630 694 715 746 έπὶ
780 695 839 745 τὸ
905 692 1104 764 ὑψηλὸν
1163 699 1313 746 τοῦτο
1381 695 1504 763 ἱστᾴ
1572 692 1870 766 ξυλολόφιον

263 790 474 859 κήρυκα
498 781 754 843 εὐσεϐείας
778 787 869 836 καὶ
926 778 1252 835 διδάσκαλον
1287 781 1439 857 ἁρετῆ
1453 802 1492 844 ς.
1564 787 1664 835 Καὶ
1719 782 1872 836 πάλιν

262 874 422 936 αὐτὸς
449 876 520 936 ὡς
559 875 764 944 σημαία
790 869 875 924 έπὶ
904 869 1118 943 βουνοῦ,
1158 876 1246 924 καὶ
1276 874 1342 934 ὡς
1391 873 1533 933 ἱστὸς
1572 869 1648 923 ἐπ’
1699 874 1871 944 ὅρους,

261 963 620 1036 συναθροίζων
648 965 707 1013 τὸ
741 963 874 1034 ἱερὸν
905 960 1295 1034 στρατολόγιον.
1359 960 1434 1013 Οὐ
1489 963 1591 1033 γὰρ
1645 960 1706 1012 ἂν
1755 960 1872 1013 τολ-

259 1055 420 1123 μήσω
446 1050 603 1104 εἰπεῖν
629 1050 799 1109 ὅτιώς
849 1048 989 1110 πόλις
1046 1047 1214 1102 έπάνω
1268 1051 1441 1123 ὅρους,
1500 1053 1590 1101 καὶ
1660 1051 1728 1110 ὡς
1783 1047 1868 1100 λύ-

257 1160 390 1212 χνος
420 1143 504 1193 ἱπὶ
557 1139 800 1210 λυχνίας·
869 1145 1037 1190 ταῦτα
1093 1141 1194 1212 γὰρ
1253 1147 1353 1190 τῶν
1419 1136 1695 1200 ἀναϐάσεις
1756 1146 1869 1201 ταῖς

260 1238 404 1301 σφῶν
470 1223 716 1301 καρδίαις
778 1229 1050 1300 τιθεμένων
1102 1233 1193 1280 καὶ
1248 1230 1338 1288 τὰς
1399 1235 1500 1278 τῶν
1560 1225 1870 1299 ἀναϐαθμῶν

256 1315 554 1387 ψαλλόντων
585 1312 749 1386 ᾠδὰς,
790 1316 857 1366 ὧν
914 1321 1004 1368 καὶ
1054 1318 1112 1367 τὸ
1162 1323 1265 1388 φῶς
1329 1323 1428 1366 τῶν
1477 1317 1637 1388 ἕργων
1683 1318 1870 1388 ἔμπροο

261 1407 383 1459 σθεν
447 1413 546 1457 τῶν
609 1403 887 1478 ἀνθρώπων
944 1403 1155 1477 λάμπει,
1225 1406 1360 1457 κατὰ
1416 1407 1476 1456 τό
1534 1403 1868 1476 Εὐαγγέλιον.

260 1500 386 1569 φέρε
413 1499 584 1546 τοίνυν
613 1493 666 1556 ιξ
719 1493 894 1565 έορτῆς
946 1493 1372 1566 μετελευσὼμεθα
1426 1492 1497 1555 εἰς
1549 1492 1732 1566 έορτην
1783 1502 1874 1554 τῆς

268 1587 666 1658 παρῳχημένης
739 1586 834 1640 την
909 1581 1211 1654 μέλλουσον,
1281 1580 1336 1634 έκ
1397 1590 1493 1643 τῆς
1559 1589 1877 1644 Δεσποτικῆς

260 1674 400 1724 κατά
468 1674 640 1746 σάρκα
690 1676 975 1743 γεννήσεως
1033 1669 1116 1723 έπὶ
1166 1675 1259 1729 τὴν
1315 1678 1415 1722 τῶν
1471 1667 1669 1723 δούλων
1729 1672 1875 1743 ἡμῶν

259 1760 623 1834 ἀναγέννησιν·
656 1763 712 1813 ἑκ
740 1767 833 1812 τοῦ
875 1758 1085 1836 ἁστέροθ
1133 1763 1260 1834 πρὸς
1309 1763 1395 1812 τόν
1451 1764 1613 1832 μέγαν
1659 1760 1874 1832 λύχνον,

255 1859 351 1905 τοῦ
418 1847 723 1926 προρδόμου
793 1859 891 1903 τῶν
933 1848 1297 1924 ἀστρολατρῶν
1362 1854 1448 1903 έπὶ
1503 1854 1590 1902 τὸν
1651 1846 1878 1925 πρόδρο-
1911 1868 1956 1922 Β

264 1959 365 2014 μον
401 1948 493 1994 του
521 1940 694 1994 Ἠλίου
733 1948 826 2001 τῆς
882 1936 1242 2010 δικαιοσύνης,
1297 1938 1356 1993 οὗ
1411 1941 1597 2015 τριττὰ
1656 1944 1882 2014 προσφέ-

263 2049 437 2104 ροντες
469 2027 635 2103 δῶρα,
666 2034 847 2082 πίστιν
877 2024 946 2091 δε,
999 2029 1190 2102 μᾶλλον
1247 2035 1341 2088 τὴν
1399 2029 1471 2090 εἰς
1524 2032 1732 2104 Πατέρα
1787 2030 1878 2082 καὶ

261 2122 386 2174 Υἱόν
410 2123 501 2172 καὶ
525 2117 675 2190 ἅγιον
704 2125 914 2191 Πνεῦμα
943 2120 1004 2177 ἦν
1035 2117 1404 2194 έπισφραγίζει
1456 2122 1517 2171 τό
1567 2117 1873 2191 βάπτισμα.

274 2207 405 2264 Μετ’
479 2206 705 2280 ἀγγέλων
767 2203 1091 2280 έδοξάσαμεν
1154 2212 1413 2282 πρότριτα
1471 2212 1566 2266 τὴν
1633 2207 1881 2282 ἱνανθρώ-

257 2316 424 2356 πησιν
453 2305 547 2350 τοῦ
577 2303 734 2364 Θεοῦ,
767 2300 861 2350 καὶ
892 2297 1021 2372 ὑπερ
1071 2296 1324 2369 ἀγγέλους
1378 2293 1736 2369 εδοξάσθημεν
1790 2294 1825 2349 δ
1831 2299 1885 2350 ιὰ

259 2390 481 2445 ταὺτην·
517 2410 545 2437 ‹‹
586 2387 662 2440 Οὐ
716 2387 819 2460 γὰρ
880 2385 1110 2458 ἀγγέλων
1170 2385 1463 2455 έπελάϐετο,
1524 2389 1693 2447 καθὼς
1742 2388 1805 2439 οἶν
1856 2387 1883 2440 ὁ

267 2477 470 2538 Παῦλος
528 2475 651 2552 έρεῖο
720 2475 851 2529 ἀλλὰ
906 2480 1212 2551 σπέρματος
1263 2476 1522 2551 ’Λϐραὰμ,
1584 2480 1696 2530 ὅθεν
1753 2478 1887 2530 κατὰ

272 2568 448 2620 πάντα
472 2567 598 2639 ἡμῖν
636 2567 880 2638 ὡμοιώθη
921 2571 1092 2641 χωρὶς
1133 2565 1414 2641 ἁμαρτίας.
1457 2589 1484 2614 ι)
1527 2570 1673 2620 Μετὰ
1708 2571 1886 2639 ποιμέ-

273 2677 374 2709 νων
440 2653 892 2729 περιελάμφθημεν
949 2663 1010 2727 τῇ
1075 2651 1202 2728 δόξῃ
1262 2663 1352 2708 τοῦ
1399 2657 1737 2727 γεννηθέντος,
1798 2661 1888 2708 καὶ

273 2746 400 2819 ὁπερ
473 2748 722 2818 ποιμένας
786 2748 845 2796 τὸ
911 2743 1208 2816 ἀνάταστον
1273 2753 1369 2807 τῆς
1436 2752 1742 2820 σαρκώσεως
1803 2744 1888 2798 έπ-

275 2840 580 2907 εγνώκειμεν
648 2833 742 2886 οὐκ
809 2833 1090 2906 ὀφθαλμοῖς
1147 2838 1302 2907 μόνον
1353 2834 1731 2907 παραλαϐόντες
1787 2839 1890 2887 κεί-

274 2944 424 2997 μενον
453 2923 503 2976 έν
535 2925 696 2997 φάτνῃ
730 2931 792 2996 τῇ
825 2932 1084 2997 μυστικῇ,
1153 2922 1282 2977 ἀλλά
1344 2930 1432 2978 καὶ
1492 2930 1718 2997 στόματι
1773 2922 1890 2978 δια·

271 3013 681 3087 ψηλαφήσαντες
740 3016 827 3065 τὸν
885 3013 1122 3086 οὐράνιον
1186 3015 1342 3088 ἄρτον
1408 3015 1480 3077 εἰς
1548 3013 1887 3090 βεϐαιοτέραν

271 3110 366 3164 τὴν
394 3108 680 3158 πίστωσιν.
706 3103 1018 3176 Ὀφθαλμὼν
1190 3107 1292 3178 γὰρ
1351 3104 1514 3158 ὠτίων
1564 3110 1886 3180 πιστότεροι,

275 3193 550 3267 ὀφθαλμῶν
576 3189 636 3246 δε
673 3191 776 3265 ἁφὴ
829 3190 1158 3266 βεϐαιότερα,
1217 3197 1390 3267 στόμα
1446 3191 1506 3247 δὲ
1563 3199 1652 3248 καὶ
1724 3194 1888 3268 ἀμφο-
1919 3238 1959 3294 C

273 3288 436 3358 τέρων
464 3287 790 3358 πιστότερον.

347 3372 415 3428 Β’.
459 3373 670 3426 Πάντων
710 3368 797 3424 οὖν
848 3380 949 3424 τῶν
1008 3371 1059 3424 έν
1111 3372 1339 3446 Βηθλεὲμ
1391 3377 1702 3448 ἱεροπρεπῶς
1757 3375 1891 3428 τελε·

277 3464 502 3517 σθέντων
562 3463 899 3536 χαρμονικῶν
964 3465 1117 3514 ὅντων
1184 3467 1272 3515 καὶ
1336 3463 1603 3536 τερπωλῆς
1659 3463 1887 3540 έμγορη-

275 3561 435 3605 τικῶν
475 3549 857 3613 διαϐαινούσης
888 3551 955 3612 εἰς
981 3555 1076 3610 τὴν
1105 3551 1312 3624 ψυχὴν,
1355 3553 1404 3606 ἓν
1446 3550 1507 3612 ἧν
1552 3558 1612 3606 τὸ
1670 3557 1889 3608 ὰνιάσαν

275 3647 368 3694 καὶ
402 3645 637 3715 συγχέαν
665 3644 760 3704 τὰς
813 3637 1051 3702 διανοίας
1105 3650 1206 3694 τῶν
1275 3641 1652 3717 φιλοχρίστων,
1712 3647 1742 3703 ἡ
1799 3653 1892 3708 τῆς

278 3730 628 3806 ἁπειροκάκου
653 3731 884 3792 νεολαίας
941 3729 1225 3806 ἀναίρεσις.
1269 3733 1295 3784 ὁ
1346 3734 1591 3806 θερισμός
1646 3742 1736 3794 τῆς
1790 3734 1890 3787 ἀώ-

277 3839 368 3893 ρον
395 3812 567 3892 χλόης
601 3824 693 3872 καὶ
733 3818 1036 3893 ἀρτιφυοῡς.
1101 3819 1242 3878 Πλὴν
1303 3826 1392 3874 καὶ
1453 3825 1571 3874 τὸτε
1634 3830 1745 3884 τοῖς
1799 3829 1890 3896 μὲν

279 3909 552 3984 θερίζουσι
573 3909 761 3983 μᾶλλον
821 3905 1270 3983 έπεδακρύσαμεν,
1333 3918 1440 3972 τοῖς
1507 3908 1566 3964 δὲ
1616 3913 1889 3987 θεριζομέ-

277 4019 382 4060 νοις
407 3996 769 4072 ἔφηδύνθημεν
801 3995 1126 4072 δράγμασιν·
1175 4001 1256 4053 ὃτι
1312 3999 1362 4052 έν
1392 3999 1599 4073 μαλακῇ
1667 4009 1729 4074 τῇ
1785 4022 1890 4077 ποᾳ

279 4094 371 4143 καὶ
398 4089 628 4142 νεοθαλεῖ
663 4085 826 4164 ἁδρὸν
879 4091 966 4141 τὸν
1015 4091 1222 4161 στάχυν
1274 4086 1703 4159 ἀποδιδωκασιν,
1760 4090 1889 4145 ἀπο-

282 4181 455 4236 θηκῶν
484 4187 583 4231 τῶν
623 4180 729 4230 ἄνω
780 4178 1012 4241 ἐπάξιον.
1085 4183 1186 4231 Καὶ
1238 4179 1332 4232 οὐκ
1390 4182 1615 4253 εἴπομεν,
1667 4181 1892 4254 Εὐλογία

282 4273 480 4343 Κυρίου
510 4267 594 4322 έπὶ
626 4272 746 4331 τοὺς
789 4269 1100 4344 θερίζοντας·
1153 4268 1282 4322 ἀλλά
1335 4275 1430 4329 τὴν
1493 4271 1733 4347 εὐφορίαν
1789 4281 1890 4325 τῶν

282 4356 603 4435 δραγμάτων
668 4359 1080 4434 ἐμακαρίσαμεν.
1158 4359 1218 4412 Εἰ
1290 4363 1391 4434 γὰρ
1449 4365 1540 4413 καὶ
1605 4361 1891 4436 παραπλη-

282 4454 413 4512 σίως
441 4457 551 4510 τοίς
576 4447 659 4502 έπί
687 4457 786 4501 τῶν
821 4446 1077 4522 δωμάτων
1117 4447 1390 4521 ἐσχήκασι
1441 4453 1499 4502 τὸ
1551 4450 1888 4526 εὐμάραντον,

281 4537 510 4611 ένόλίγῳ
542 4537 844 4598 ἁνθόσαντά
871 4557 928 4592 τε
990 4544 1082 4591 καί
1144 4538 1542 4598 ἀπανθήσανταο
1611 4539 1742 4594 ἀλλὰ
1805 4546 1892 4595 τὸν

280 4628 473 4682 κόλπον
539 4628 847 4703 έπλήρωσαν
875 4636 970 4682 τοῦ
1000 4628 1240 4704 Ἀϐραὰμ
1265 4638 1357 4682 τοῦ
1397 4632 1463 4682 τὰ
1504 4639 1724 4685 τοιαῦτα
1774 4633 1894 4685 συλ-

279 4717 515 4781 λέξαντος
541 4715 828 4793 δράγματα
874 4724 964 4771 καὶ
1018 4719 1446 4791 συγκλείσαντος.
1509 4719 1664 4774 Ἀλλὰ
1718 4721 1893 4776 ἔλαθεν

283 4807 522 4862 έωδτὸνό
571 4813 814 4881 μεμηνὼς
879 4804 1106 4884 Ηρὼδης
1169 4814 1262 4861 καὶ
1318 4812 1510 4881 ἱκνους,
1573 4811 1599 4862 ὁ
1657 4819 1727 4876 τῷ
1785 4817 1894 4865 ὄντι

282 4899 618 4974 δερμάτινος.
673 4897 761 4960 Εἰς
833 4906 985 4951 τοῦτο
1039 4901 1143 4972 γὰρ
1193 4900 1223 4957 η
1301 4898 1490 4962 κλῆσις
1538 4901 1700 4952 αὑτοῦ
1774 4921 1893 4974 μετ-

280 4987 650 5059 ηλὼττισται.
721 4986 906 5042 Ἐλαϐε
978 4993 1037 5041 τὸ
1138 4984 1633 5063 ἠρυθροδανωμίνον
1735 4989 1896 5046 έκεῖνο

283 5076 457 5152 δέρμα
481 5078 533 5142 έξ
556 5077 735 5132 aea...»
782 5080 1039 5151 αἱμάτων,
1095 5082 1154 5131 τὸ
1207 5078 1477 5131 συντελοὺν
1529 5081 1600 5141 εἱς
1643 5083 1707 5133 τὰ
1769 5101 1896 5140 σκηο

278 5176 500 5242 νώματα
537 5177 627 5229 τῆς
656 5164 864 5241 Κηδὰρ,
896 5170 1016 5221 ἔνθα
1072 5170 1099 5220 ὁ
1150 5177 1242 5220 τοῦ
1296 5174 1514 5231 σκότους
1565 5172 1748 5244 ἄρχων
1806 5177 1895 5225 καὶ

281 5260 375 5313 ἀπ’
405 5257 580 5334 ἀρχῆς
605 5255 1026 5333 ἀνθρωποκτόνος
1073 5263 1481 5317 επαναπαύεται.
1537 5265 1637 5314 Καί
1678 5280 1738 5332 γε
1785 5270 1894 5326 πῶς

281 5343 495 5410 ἐλπίδος
556 5346 778 5421 έσφάλη,
847 5353 937 5402 καὶ
1002 5350 1128 5423 ὑπὲρ
1181 5349 1286 5410 ἐνὸς
1363 5345 1553 5413 δεδιὼς
1615 5349 1891 5423 βασιλέως,

279 5438 502 5501 πολλοὺς
537 5437 687 5500 αὐτὸς
745 5436 1062 5510 ἁπετελεσεν,
1117 5438 1201 5501 οὓς
1251 5445 1346 5499 την
1407 5438 1463 5502 έξ
1515 5441 1750 5514 αἱμάτων
1795 5441 1894 5513 ὴμ-

279 5535 442 5606 φὶασε
464 5525 791 5603 ποργυρίδα.
819 5529 886 5583 Οἱ
916 5526 976 5584 δὲ
1017 5529 1468 5606 σνμϐασιλεὺουσι
1522 5538 1595 5604 τῷ
1653 5529 1894 5606 ἀθανάτῳ

1927 4601 1971 4655 D

355 5752 383 5792 ³
420 5744 600 5806 Hebr.
639 5763 679 5804 ιι
716 5751 799 5805 l6.

1994 386 2454 446 INNOCENTES.
3523 387 3635 452 738

1983 513 2102 573 oris
2133 511 2275 582 mei,
2298 515 2356 568 et
2373 510 2545 583 erigit
2571 508 2754 584 pedes
2778 527 2948 571 meos
2974 513 3054 572 ad
3101 514 3636 588 evangelizandum

1982 618 2198 677 pacem
2228 605 2286 658 et
2310 599 2494 667 bona;
2522 604 2579 658 et
2599 616 2696 658 me
2724 617 2904 676 super
2931 602 3090 661 hanc
3115 603 3412 662 excelsam
3443 605 3642 662 cathe-

1982 692 2158 750 dram
2190 690 2393 748 statuit
2429 689 2667 763 pietatis
2696 706 3039 765 praeconem
3073 698 3129 750 et
3167 694 3400 753 virtutis
3445 693 3639 765 magi-

1983 785 2192 837 strum.
2227 782 2290 836 Et
2315 794 2557 836 rursum
2586 778 2714 852 ipse
2747 784 3037 854 tanquam
3091 781 3373 838 vexillum
3402 781 3464 839 in
3493 781 3641 839 colle

1983 873 2041 926 et
2067 873 2360 944 tanquam
2390 867 2586 926 malus
2617 866 2682 924 in
2710 875 2933 937 monte,
2968 886 3347 942 congregans
3399 886 3641 928 sacrum

1983 958 2329 1015 exercitum.
2359 959 2487 1015 Non
2509 957 2672 1015 enim
2705 958 2946 1016 audebo
2977 959 3173 1017 dicere
3206 975 3300 1017 me
3325 976 3462 1017 esse
3517 965 3645 1017 tan-

1981 1061 2169 1120 quam
2198 1047 2409 1104 urbem
2437 1063 2623 1120 supra
2653 1051 2921 1105 montem
2947 1053 3052 1105 aut
3078 1053 3368 1123 tanquam
3415 1049 3644 1122 lampa.

1981 1136 2121 1193 dem
2152 1151 2335 1209 supra
2360 1135 2793 1194 candelabrum
2820 1154 2833 1193 :
2861 1137 2991 1194 hac
3022 1138 3184 1195 enim
3239 1154 3448 1195 eorum
3501 1139 3647 1194 sunt

1981 1225 2163 1298 quiin
2194 1225 2409 1283 vestris
2442 1225 2727 1283 cordibus
2743 1241 3099 1299 progressus
3123 1231 3400 1300 statuere,
3431 1231 3489 1285 et
3513 1243 3646 1299 gra-

1983 1314 2174 1372 duum
2205 1314 2590 1388 psallentium
2611 1320 2823 1372 cantus
2855 1331 3135 1389 posuere,
3154 1333 3417 1390 quorum
3443 1316 3546 1372 lux
3567 1332 3641 1373 ex

1986 1404 2269 1477 operibus
2291 1420 2498 1461 coram
2524 1403 2874 1461 hominibus
2902 1405 3057 1462 lucet
3101 1405 3436 1462 secundum
3454 1406 3646 1462 Evan-

1987 1493 2232 1564 gelium.
2257 1493 2358 1550 Eia
2387 1493 2566 1564 igitur
2583 1508 2613 1549 e
2631 1494 2785 1549 festo
2816 1498 3193 1551 transeamus
3207 1494 3284 1550 ad
3304 1493 3546 1566 festum,
3573 1510 3645 1551 ex

1989 1580 2291 1638 celebrato
2321 1580 2395 1637 ad
2427 1581 2717 1650 futurum,
2741 1597 2814 1638 ex
2841 1581 3077 1638 Domini
3129 1582 3464 1639 secundum
3513 1598 3648 1640 car-

1987 1686 2128 1727 nem
2155 1669 2539 1740 generatione
2565 1670 2643 1726 ad
2667 1674 2935 1727 nostram
2967 1686 3280 1728 servorum
3336 1686 3649 1742 regenera-

1988 1758 2215 1816 tionem
2241 1778 2254 1828 ;
2287 1774 2360 1814 ex
2392 1758 2561 1815 stella
2587 1757 2666 1815 ad
2691 1775 2980 1830 magnam
3009 1757 3379 1833 lampadem,
3404 1777 3479 1817 ex
3511 1760 3649 1817 stel-

1986 1848 2183 1906 larum
2213 1848 2602 1905 adoratorum
2627 1847 2834 1904 itinere
2866 1848 2946 1904 ad
2975 1849 3153 1906 totius
3199 1849 3444 1920 justitias
3498 1848 3648 1906 Solis

1989 1953 2397 2012 progressum,
2431 1953 2556 1994 non
2577 1937 2688 1994 tria
2715 1935 3031 1994 afferentes
3061 1937 3242 2009 dona,
3295 1938 3401 1995 sed
3449 1939 3650 2010 potius

1989 2026 2175 2084 fidem
2203 2026 2266 2082 in
2297 2029 2529 2083 Patrem
2572 2031 2631 2083 et
2673 2026 2882 2083 Filium
2931 2032 2987 2084 et
3045 2028 3330 2100 Spiritum
3373 2032 3651 2085 sanctum

1990 2132 2176 2189 quam
2207 2115 2524 2186 consignat
2546 2115 2872 2188 baptisma.
2905 2115 3119 2173 Triduo
3151 2121 3289 2174 ante
3313 2133 3454 2174 cum
3475 2133 3654 2188 ange-

1988 2201 2062 2261 lis
2087 2203 2560 2276 gloriﬁcavimus
2586 2204 2688 2261 Dei
2710 2204 3209 2273 incarnationem,
3245 2221 3315 2263 ac
3357 2222 3466 2279 per
3515 2221 3654 2263 eam

1994 2309 2179 2367 super
2205 2293 2454 2366 angelos
2485 2309 2697 2350 sumus
2724 2293 3061 2366 gloriﬁcati.
3097 2317 3117 2345 ι
3143 2297 3272 2352 Non
3293 2295 3453 2352 enim
3475 2311 3655 2368 ange-

1993 2384 2084 2442 los
2114 2383 2396 2456 suscepit,
2429 2387 2496 2441 ut
2518 2383 2713 2457 inquit
2743 2383 2989 2451 Paulus,
3020 2384 3126 2441 sed
3158 2400 3365 2442 semen
3399 2385 3653 2443 Abrahae

1995 2475 2158 2531 unde
2177 2473 2238 2530 in
2261 2473 2548 2531 omnibus
2575 2473 2753 2530 nobis
2783 2474 2992 2530 similis
3031 2473 3228 2531 factus
3278 2479 3369 2532 est
3422 2475 3655 2550 absque

1997 2569 2243 2638 peccato
2263 2565 2305 2600 ³·
2337 2587 2367 2615 ››
2400 2568 2547 2622 Cum
2573 2563 2918 2637 pastoribus
2951 2564 3141 2636 gloria
3169 2565 3294 2622 nati
3334 2565 3656 2624 Salvatoris

2001 2654 2315 2728 splendide
2328 2652 2931 2724 circumdatisumus,
2949 2658 3008 2711 et
3026 2655 3221 2726 magis
3240 2670 3431 2728 quam
3452 2660 3655 2728 pasto-

1997 2759 2094 2803 res
2126 2743 2377 2817 quodin
2406 2743 2822 2801 incarnatione
2851 2743 3145 2801 invisibile
3192 2748 3319 2802 erat
3379 2743 3657 2814 cognovi-

2005 2850 2158 2903 mus,
2185 2849 2310 2891 non
2331 2833 2522 2890 oculis
2543 2830 2726 2890 modo
2747 2849 2886 2890 eum
2911 2834 3016 2906 qui
3041 2833 3101 2890 in
3133 2834 3390 2907 mystico
3418 2833 3656 2892 stabulo

1993 2923 2239 2996 jacebat
2267 2924 2682 2997 percipientes,
2708 2924 2812 2981 sed
2835 2928 2891 2980 et
2924 2939 3026 2981 ore
3056 2929 3495 2982 contrectantes
3537 2941 3658 2982 cce-

1999 3014 2212 3071 lestem
2237 3028 2461 3086 panem
2491 3013 2553 3070 in
2584 3013 2913 3070 ﬁrmiorem
2933 3013 3140 3072 ﬁdem.
3169 3013 3336 3072 Oculi
3366 3014 3530 3071 enim
3555 3030 3658 3071 au-

1998 3101 2166 3158 ribus
2185 3100 2481 3158 ﬁdeliores
2511 3106 2668 3173 sunt,
2703 3100 2892 3159 oculis
2923 3107 3128 3160 autem
3157 3107 3351 3162 tactus
3372 3100 3660 3162 sincerior

2000 3207 2070 3249 os
2101 3207 2241 3249 vero
2273 3195 2330 3249 et
2363 3190 2666 3249 ambobus
2693 3191 2956 3249 ﬁdelius.

2073 3369 2139 3426 ll.
2171 3367 2385 3427 Omnia
2415 3369 2596 3442 igitur
2623 3385 2761 3443 quas
2811 3369 3114 3429 Bethleem
3170 3369 3372 3430 divine
3414 3375 3662 3446 peracta

2003 3465 2163 3524 sunt,
2188 3459 2463 3531 jucunda
2492 3464 2632 3516 sunt
2659 3459 2962 3532 plenaque
2984 3460 3191 3520 laetitia
3216 3478 3348 3536 quae
3395 3469 3662 3522 mentem

1999 3551 2528 3623 penetrat;unum
2559 3553 2762 3606 autem
2805 3549 2917 3606 fuit
2960 3550 3129 3624 quod
3187 3552 3662 3612 Christianorum

2001 3638 2237 3696 animas
2265 3654 2521 3695 maerore
2539 3638 2723 3696 aﬂicit
2740 3655 2811 3696 ac
2835 3640 3052 3713 turbat,
3082 3641 3494 3700 innocentium
3514 3659 3660 3716 par-

1998 3728 2278 3784 vulorum
2292 3727 2536 3797 ablatio,
2562 3727 2904 3786 immatura:
2930 3731 3247 3787 etrecentis
3267 3730 3471 3788 herbae
3502 3749 3659 3790 mes-

2000 3819 2103 3874 sis.
2138 3819 2503 3890 Quanquam
2522 3823 2581 3874 et
2604 3823 2746 3876 tunc
2771 3819 3136 3877 metentibus
3188 3821 3388 3894 potius
3418 3823 3660 3897 illacry-

1999 3907 2324 3977 mavimus,
2336 3905 2632 3964 demessis
2645 3911 2848 3964 autem
2865 3907 3046 3966 laetati
3071 3925 3283 3967 sumus
3312 3911 3658 3985 manipulis.

2001 4001 2065 4054 In
2092 4002 2297 4054 tenera
2325 3997 2566 4054 enimet
2593 3997 2844 4056 ﬂorente
2894 3998 3085 4057 herba
3131 4000 3376 4074 plenam
3428 4003 3662 4075 spicam

1998 4086 2391 4154 tradiderunt,
2414 4087 2645 4144 horreis
2677 4087 3024 4146 ccelestibus
3047 4089 3317 4160 dignam.
3343 4094 3409 4149 Et
3427 4107 3552 4149 non
3572 4092 3662 4149 di-

1999 4175 2231 4232 ximus:
2264 4177 2606 4234 Benedictio
2633 4177 2870 4235 Domini
2925 4195 3108 4252 super
3151 4184 3443 4238 metentes
3486 4197 3501 4249 ;
3557 4180 3664 4241 sed

2000 4266 2456 4338 manipulorum
2469 4266 2806 4324 ubertatem
2818 4268 3058 4324 beatam
3072 4267 3346 4327 diximus.
3361 4273 3426 4327 Et
3439 4271 3488 4328 si
3509 4273 3665 4328 enim

2003 4355 2528 4429 quemadmodum
2553 4361 2610 4413 et
2635 4357 2676 4412 ii
2705 4357 2810 4431 qui
2839 4358 2901 4413 in
2930 4357 3216 4415 domibus
3242 4365 3384 4417 sunt
3431 4377 3666 4420 marce-

2003 4461 2166 4502 scere
2187 4451 2452 4518 possent,
2485 4445 2653 4502 brevi
2678 4445 2960 4504 ﬂorentes
2990 4464 3060 4504 ac
3090 4447 3449 4506 deﬂorentes
3477 4467 3490 4506 :
3554 4451 3664 4508 sed

2004 4535 2464 4592 sinumAbrahas
2481 4535 3012 4610 impleverunt,qui
3033 4537 3179 4594 tales
3201 4539 3591 4610 congregavit
3609 4544 3669 4599 et

2004 4625 2300 4683 conclusit
2323 4625 2693 4698 manipulos.
2717 4625 2836 4682 Sed
2859 4627 3314 4699 seipsumlatuit
3334 4628 3538 4685 furens
3552 4629 3666 4687 He-

2003 4716 2182 4773 rodes
2210 4722 2266 4773 et
2285 4715 2537 4772 demens
2560 4732 2627 4772 ac
2647 4732 2859 4774 revera
2888 4717 3213 4774 coriaceus.
3236 4718 3330 4776 Sic
3349 4719 3510 4776 enim
3536 4720 3666 4792 ejus

2003 4821 2228 4862 nomen
2254 4805 2621 4879 interpretati
2651 4811 2810 4864 sunt.
2842 4807 3082 4880 Accepit
3107 4806 3253 4864 illud
3280 4808 3535 4866 rubrum
3559 4825 3666 4867 co-

2002 4896 2161 4952 rium
2187 4895 2491 4952 innocenti
2525 4895 2819 4964 sanguine
2867 4895 3166 4964 effectum,
3225 4898 3531 4970 pertinens
3586 4898 3666 4956 ad

2005 4986 2399 5044 tabernacula
2420 4985 2738 5058 Cedar,ubi
2755 4987 3036 5061 princeps
3066 4987 3455 5046 tenebrarum
3486 4994 3543 5046 et
3561 4991 3667 5064 qui

2005 5076 2085 5134 ab
2114 5077 2281 5133 initio
2310 5076 2619 5134 homicida
2665 5082 2775 5145 est,
2796 5077 3132 5150 requiescit.
3199 5077 3314 5136 Sed
3363 5095 3474 5136 sua
3525 5095 3668 5138 eum

2005 5182 2144 5239 spes
2156 5163 2379 5235 fefellit,
2392 5166 2639 5223 etunius
2652 5182 2840 5224 causa
2852 5166 3070 5224 timens
3090 5167 3270 5241 regis,
3295 5167 3518 5226 multos
3538 5168 3668 5242 ipse

2001 5256 2310 5324 interfecit,
2333 5271 2488 5329 quos
2520 5257 2855 5329 sanguinea
2883 5255 3078 5313 induit
3103 5273 3394 5331 purpura.
3420 5258 3505 5315 Illi
3526 5275 3668 5317 cum

2002 5347 2330 5404 immortali
2349 5362 2488 5417 rege
2511 5351 2768 5418 regnant
2800 5352 2980 5420 atque
3008 5347 3070 5403 in
3100 5351 3394 5406 internum
3436 5348 3664 5407 vivunt.

2004 5441 2376 5496 lnsecutores
2390 5441 2618 5506 autem,
2635 5441 2881 5510 propter
2893 5451 3037 5494 suas
3076 5436 3369 5495 adversus
3383 5437 3671 5496 innocen-

2003 5533 2092 5587 tes
2130 5528 2404 5601 injurias,
2435 5526 2787 5586 occidentur
2820 5531 2915 5598 ;et
2951 5526 3112 5587 zelus
3154 5527 3366 5604 perdet
3421 5529 3665 5604 impios,
