4468 6450
811 412 917 468 739

1951 407 2264 467 GERMANI
2302 398 2350 467 ῙῘ
2391 410 2494 466 CP.
2536 404 3029 469 ΡΑΤΒΙΑΒΟΗΑΞ.

4066 412 4169 471 740

808 558 873 610 ut
893 553 1119 626 optime
1148 549 1294 606 dicit
1323 550 1605 607 Salomon
1637 553 1659 587 ³
1678 566 1701 623 ;
1726 552 1987 610 violenta
2021 554 2238 610 etenim
2279 558 2469 609 morte
2504 539 2547 590 Α

2404 558 2469 609 .te
2504 539 2547 590 Α
2579 533 2790 606 βασιλεῖ
2817 541 2905 589 καὶ
2938 538 3171 599 συζῶσιν
3210 538 3410 591 αἰώνια.
3446 540 3512 590 Οἱ
3543 532 3602 590 δὲ
3640 534 3884 607 διῶκται,
3939 537 4049 591 ἀνθ’
4106 538 4168 589 ὧν

809 642 1112 699 crudelem
1127 645 1183 695 et
1199 639 1568 695 homicidam
1585 643 1850 697 animam
1867 644 2063 715 erupit
2076 643 2298 714 impius
2312 647 2469 714 post-

807 748 897 787 ea.
927 735 991 787 Et
1025 736 1085 785 ut
1111 728 1336 800 largius
1363 728 1422 782 in
1464 746 1643 785 scena
1691 747 1831 786 eum
1885 732 2222 800 cohibeam,
2277 730 2464 785 coria-

807 837 947 876 ceus
975 818 1069 875 ille
1101 826 1230 874 uter
1256 826 1313 872 et
1343 823 1513 873 vetus
1540 826 1805 891 tempore
1847 838 1915 876 ac
1947 821 2194 882 malitia,
2244 825 2305 874 ut
2356 836 2463 873 no-

806 925 949 963 vum
977 908 1202 975 vinum,
1246 913 1514 961 recenter
1538 907 1797 963 effusum
1827 908 2147 964 infantium
2214 909 2463 978 sangui-

806 1014 945 1053 nem
970 997 1292 1067 accipiens,
1315 995 1600 1050 discissus
1623 1003 1707 1051 est
1735 1014 1804 1052 ac
1847 998 2188 1057 distractus.
2219 1002 2275 1053 et
2306 1002 2461 1069 post—

804 1101 991 1158 quam
1017 1085 1129 1139 has
1145 1084 1500 1138 immaturas
1517 1101 1663 1139 uvas
1679 1086 1958 1153 comedit,
1978 1088 2163 1158 ipsius
2183 1085 2459 1140 immani-

807 1180 987 1229 tatem
1038 1174 1274 1227 subiere
1327 1174 1549 1242 proprii
1596 1173 1714 1239 ﬁlii,
1752 1174 1829 1228 ab
1852 1175 1983 1246 ipso
2024 1174 2332 1235 interfecti.
2394 1179 2456 1229 ut

806 1269 1005 1318 narrat
1033 1262 1348 1332 Josephus.
1381 1261 1700 1315 Videbatur
1732 1263 1891 1317 enim
1914 1264 2114 1317 furens
2136 1263 2230 1317 ille
2280 1279 2350 1317 ac
2394 1263 2454 1317 in

809 1355 991 1407 Deum
1029 1366 1308 1421 pugnans
1342 1350 1721 1405 Hebraeorum
1752 1352 2066 1406 dementia».
2102 1352 2451 1422 praeluderc.

802 1456 903 1494 rex
936 1439 1232 1493 malorum
1256 1437 1684 1506 subjectorum,
1719 1456 1787 1493 ac
1819 1439 1965 1493 illud
1995 1441 2266 1493 OlIllIllIlO
2304 1440 2456 1493 voci-

803 1529 993 1583 ferare
1023 1527 1096 1581 de
1126 1526 1569 1595 innocentibus,
1599 1529 1763 1597 quod
1792 1535 2000 1599 postea
2019 1528 2096 1582 ab
2148 1546 2218 1581 eo
2238 1529 2453 1582 consti-

802 1620 962 1671 tutus
993 1614 1252 1687 populus
1282 1614 1355 1668 de
1383 1614 1648 1669 Christo:
1686 1640 1711 1663 α
1747 1617 2001 1684 Sanguis
2035 1633 2243 1671 eorum
2276 1633 2458 1687 super

803 1722 915 1761 nos
943 1711 1194 1775 etsuper
1222 1703 1374 1758 ﬁlios
1405 1709 1640 1758 nostros
1667 1705 1740 1770 ⁴;››
1765 1706 1846 1759 sic
1878 1706 2126 1760 rabidus
2156 1705 2248 1760 ille
2271 1722 2340 1760 ac
2373 1707 2457 1760 in-

801 1792 1089 1849 satiabilis
1112 1793 1315 1864 lupus,
1342 1799 1615 1847 assuetus
1644 1793 1702 1846 in
1736 1798 1967 1848 teneros
1996 1810 2185 1863 agnos
2210 1795 2450 1861 irruere,

2577 621 2795 681 ὴδίκουν
2824 631 3061 693 νηπίους,
3122 629 3548 699 φονευθήσονται·
3590 632 3679 678 καὶ
3731 626 3954 700 ἐτασμὸς
4011 628 4169 680 ὀλέσει

2576 717 2691 773 τοὺς
2764 712 2985 779 ἀσεϐεῖς,
3065 714 3348 788 ἐπικαίρως
3423 717 3577 787 φάναι
3650 719 3708 765 τὸ
3786 716 4166 787 Σολομώντειον·

2576 800 2735 873 βιαίῳ
2761 808 2850 854 καὶ
2898 808 2998 875 γὰρ
3059 805 3260 874 θανάτῳ
3307 808 3400 861 τὴν
3460 802 3706 878 ἀνήμερον
3758 807 3847 855 καὶ
3903 809 4171 875 μιαιφόνον

2571 888 2757 960 ψυχὴν
2797 890 3055 965 ἐξέρρηξεν
3095 895 3120 943 6
3148 891 3352 952 ἀνόσιος
3388 892 3623 966 ὕστερον.
3669 898 3787 961 Καὶ,
3846 894 3928 943 ἶνα
3981 893 4171 945 πλατύ-

2572 998 2712 1050 τερον
2743 977 3055 1051 κωμῳδησω
3104 985 3189 1031 τὸν
3239 989 3329 1041 τῆς
3359 976 3662 1054 τραγῳδίας
3715 983 3910 1042 ταύτης
3967 978 4168 1054 δραμα-

2569 1072 2805 1140 τουργὸν,
2877 1070 2902 1118 6
2969 1066 3278 1142 δερμάτινος
3334 1068 3517 1128 ἐκεῖνος
3577 1067 3738 1130 ἀσκὸς
3803 1075 3891 1121 καὶ
3956 1070 4169 1129 παλαιὸς

2567 1164 2640 1225 τῷ
2672 1163 2847 1230 χρόνῳ
2872 1164 2961 1209 καὶ
2990 1166 3050 1229 τῇ
3107 1163 3285 1230 κακίᾳ,
3345 1160 3409 1218 ὡς
3467 1154 3599 1210 οἶνον
3650 1162 3757 1209 νέον
3809 1163 3866 1210 τὸ
3923 1159 4174 1221 νεοθλιϐες

2569 1254 2666 1295 τῶν
2696 1254 2909 1315 νεογνῶν
2951 1243 3227 1318 δεξάμενος
3278 1248 3410 1317 αἷμα
3467 1243 3783 1318 διέσχισται
3826 1252 3911 1298 καὶ
3968 1245 4173 1323 διέρρη-

2568 1354 2708 1403 κται,
2744 1340 2833 1385 καὶ
2864 1338 3101 1407 ὄμφακας
3129 1338 3343 1396 τούτους
3397 1339 3646 1406 φαγόντος
3701 1336 3882 1400 αύτού,
3939 1340 4006 1388 τὰ
4060 1335 4177 1389 ἴδια

2568 1426 2720 1472 τέκνα
2788 1419 3049 1493 αὶμωδίαν
3116 1425 3445 1487 ὑπέστησαν,
3499 1423 3587 1473 ὑπ’
3654 1423 3810 1475 αύτου
3876 1429 3966 1475 καὶ
4013 1434 4179 1476 ταῦτα

2570 1510 2918 1582 ἀναιρεθέντα,
2989 1513 3157 1571 καθὼς
3226 1512 3519 1571 Ἰώσηππος
3576 1514 3791 1585 ἱστορεῖ.
3854 1511 4023 1565 Ἐοικε
4075 1517 4174 1588 γὰρ

2569 1602 2594 1650 ὀ
2658 1601 2882 1671 ἐκμανὴς
2940 1600 3127 1659 ἐκεῖνος
3192 1606 3281 1652 καὶ
3349 1603 3614 1672 θεομάχος
3676 1602 4055 1675 προλαμϐάνειν
4086 1609 4179 1661 τὴν

2574 1698 2673 1741 τῶν
2702 1688 2951 1761 Ἐϐραίων
2993 1689 3312 1759 ἀπόνοιαν,ὁ
3381 1688 3637 1761 βασεϐεύς
3701 1700 3801 1741 τῶν
3860 1701 4027 1751 κακῶς
4083 1691 4179 1765 βα-

2569 1778 3164 1851 σιλευομένων,κακεῖνο
3218 1780 3532 1850 φθέγγεσθαι
3597 1780 3836 1853 ἄντικρυς
3894 1788 4011 1853 περὶ
4077 1792 4176 1833 τῶν

800 1889 856 1938 et
876 1884 934 1938 in
957 1882 1231 1954 proprios
1252 1880 1481 1936 catulos
1494 1882 1671 1952 quasi
1695 1881 1894 1937 furens
1921 1882 2083 1937 rabie
2106 1884 2447 1938 excanduit.
2499 1884 2533 1935 Β

2412 1888 2447 1938 ι,
2499 1884 2533 1935 Β
2569 1865 2790 1941 βρεφῶν,
2848 1867 2968 1940 ὅπερ
3015 1866 3229 1940 ὓστερον
3288 1869 3313 1919 ὁ
3360 1867 3446 1919 ὑπ’
3505 1867 3661 1919 αὐτὸν
3728 1868 3848 1929 λαὸς
3909 1874 4028 1943 περί
4084 1879 4174 1923 τοῦ

803 1973 915 2030 Sed
933 1973 1152 2043 gratias
1167 1971 1283 2026 Deo
1299 1970 1402 2043 qui
1415 1972 1494 2043 inj
1507 1978 1668 2026 ustos
1684 1988 1804 2026 non
1819 1972 1981 2043 sinitj
1995 1972 2203 2027 ustitiaa
2238 1986 2452 2026 manus

800 2063 1021 2117 diutius
1043 2061 1323 2130 effugere,
1359 2060 1462 2114 sed
1494 2059 1938 2130 gloriﬁcaturin
1994 2060 2329 2126 Pharaone,
2397 2064 2453 2114 et

800 2153 859 2207 in
890 2150 961 2205 iis
992 2150 1116 2222 qui,
1149 2148 1669 2221 quemadmodum
1697 2148 1809 2212 ille,
1830 2155 2216 2204 contumaces
2238 2153 2377 2203 sunt
2398 2152 2454 2203 et

800 2240 1006 2296 divina
1035 2238 1323 2293 mandata
1354 2242 1749 2293 contemnunt
1778 2243 1832 2293 et
1863 2238 2151 2292 humilem
2210 2237 2450 2308 plebem

799 2328 1153 2400 despiciunt.
1186 2327 1299 2383 Sed
1329 2332 1386 2381 et
1414 2342 1575 2381 nunc
1607 2326 1814 2381 audire
1849 2326 1990 2380 mihi
2022 2326 2228 2382 videor
2262 2329 2447 2381 Deum

800 2417 1134 2472 dicentem:
1172 2416 1483 2486 «Loquere
1510 2414 1644 2470 ﬁliis
1666 2415 1806 2470 novi
1838 2414 2038 2481 Israel,
2070 2419 2123 2469 et
2154 2419 2366 2485 parent
2392 2429 2455 2469 se

800 2522 921 2561 non
954 2522 1026 2561 ex
1065 2507 1317 2576 zEgypto
1347 2503 1423 2559 ad
1455 2520 1621 2559 mare
1654 2504 1941 2570 Rubrum,
1977 2503 2084 2558 sed
2113 2519 2185 2558 ex
2216 2503 2454 2572 sangui-

800 2596 893 2650 nis
926 2609 1195 2667 purpura
1224 2609 1360 2665 qute
1391 2609 1617 2647 novum
1651 2594 2021 2648 Pharaonem
2050 2596 2106 2647 et
2133 2607 2456 2664 puerorum

800 2686 1135 2738 occisorum
1200 2681 1459 2753 perdidit
1509 2683 1862 2749 (innocentis
1926 2682 2086 2736 enim
2145 2680 2457 2751 sanguinis

799 2772 1010 2828 effusio
1042 2787 1205 2826 mors
1239 2775 1326 2826 est
1357 2770 1410 2825 ei
1440 2770 1543 2842 qui
1574 2786 1710 2824 eum
1745 2768 1997 2839 effudit),
2028 2769 2106 2825 ad
2138 2770 2457 2842 pulchrum

796 2861 1142 2929 Iordanem,
1163 2858 1396 2914 facilem
1428 2858 1591 2914 illam
1624 2865 1677 2914 et
1711 2859 1936 2914 laboris
1969 2863 2272 2931 expertem
2293 2859 2456 2930 puri-

798 2949 1160 3005 ﬁcationem.
1188 2950 1338 3003 Dum
1369 2947 1529 3003 enim
1552 2948 1662 3003 tria
1683 2952 1821 3003 sunt
1840 2964 1976 3020 quae
2006 2948 2326 3021 puriﬁcant
2346 2963 2449 3002 eos

797 3038 900 3110 qui
926 3036 1255 3108 procedunt
1285 3034 1363 3090 ad
1393 3035 1766 3091 ablutionem
1806 3042 1861 3090 et
1894 3036 2330 3091 abstersionem
2362 3051 2457 3090 ve-

797 3134 990 3183 terum
1030 3123 1429 3194 macularum,
1477 3140 1692 3197 nempe
1724 3126 2052 3197 baptisma,
2088 3124 2375 3197 lacrymze
2405 3131 2463 3180 et

798 3232 906 3288 per
917 3215 1271 3285 sanguinem
1288 3214 1935 3285 martyrium,ostendit
1947 3215 2293 3270 incarnatus
2310 3218 2460 3270 Deus

798 3304 875 3361 ab
902 3304 1069 3359 initio
1096 3304 1187 3357 sui
1216 3302 1511 3358 adventus
1537 3302 1649 3357 has
1690 3319 1890 3358 sacras
1926 3302 2262 3358 oblationes
2305 3303 2461 3357 victi-

797 3407 1076 3465 masque,
1103 3390 1404 3463 accipiens
1426 3391 1811 3447 excelsiorem
1853 3408 1981 3447 esse
2011 3408 2145 3448 eam
2185 3409 2318 3465 quae
2347 3408 2455 3465 per

797 3482 1152 3553 sanguinem
1177 3486 1283 3550 est,
1307 3480 1806 3552 puriﬁcationem,
1838 3497 1956 3537 non
1984 3483 2165 3537 modo
2192 3482 2336 3554 quia
2370 3497 2458 3536 se-

797 3571 1010 3628 cundis
1042 3568 1293 3625 maculis
1319 3584 1441 3624 non
1468 3569 1835 3641 inquinatur,
1860 3570 1966 3625 sed
1996 3570 2140 3642 quia
2161 3582 2216 3626 et
2261 3570 2454 3643 lacry-

798 3661 911 3716 mis
933 3658 1076 3730 ipsis
1103 3657 1579 3729 perseverantior
1606 3663 1710 3713 est.
1738 3659 2075 3714 Puriticatio
2133 3660 2293 3714 enim
2348 3676 2455 3731 per

796 3747 1166 3820 baptismum
1197 3745 1313 3800 alia
1334 3751 1443 3811 est,
1472 3762 1608 3801 cum
1641 3748 1847 3816 gratiae
1870 3752 1926 3802 et
1959 3746 2211 3818 Spiritus
2262 3749 2452 3803 sancti

798 3838 1063 3893 muneris
1096 3835 1190 3890 sit.
1214 3834 1525 3890 Charitatis
1551 3840 1754 3891 autem
1780 3836 1839 3890 in
1896 3838 2082 3890 Deum
2140 3836 2452 3891 immensae

796 3925 1353 3983 manifestissimum
1368 3924 1776 3980 testimonium
1790 3940 1911 3980 non
1924 3924 2087 3980 aliud
2112 3930 2342 3981 tantum
2365 3930 2454 3981 est

793 4020 1091 4088 quantum
1131 4029 1239 4085 pro
1269 4029 1340 4068 eo
1366 4013 1469 4084 qui
1500 4028 1611 4067 nos
1668 4013 1858 4082 diligit
1887 4014 2105 4085 proprii
2139 4016 2452 4084 sanguinis

794 4104 1006 4161 etlusio
1063 4127 1089 4154 «
1125 4104 1408 4174 Majorem
1449 4104 1608 4158 enim
1665 4104 1780 4159 hac
1833 4103 2215 4159 dilectionem
2275 4121 2453 4161 nemo

793 4194 975 4249 habet
1003 4208 1190 4265 quam
1220 4197 1282 4248 ut
1311 4192 1359 4246 si
1390 4192 1527 4263 quis
1568 4192 1835 4248 animam
1874 4209 2048 4247 suam
2102 4199 2287 4265 ponat
2344 4211 2453 4265 pro

794 4283 1005 4340 amicis
1037 4283 1160 4337 suis
1182 4283 1240 4349 5;
1275 4301 1304 4334 ν
1337 4282 1384 4336 si
1422 4297 1533 4353 pro
1563 4282 1774 4337 amicis
1807 4298 1968 4347 vero,
1999 4290 2230 4354 quanto
2261 4284 2454 4353 magis

790 4397 903 4454 pro
934 4381 1189 4436 Domino
1229 4395 1300 4435 ac
1322 4381 1597 4435 Creatore
1617 4380 1646 4435 ‘I
1675 4380 1930 4450 Sanguis
1958 4380 2119 4435 enim
2141 4380 2451 4437 ardentem

790 4471 1175 4528 dilectionem
1205 4468 1432 4525 indicat
1461 4488 1473 4536 ;
1502 4468 1788 4541 lacrymaa
1811 4474 2036 4535 autem,
2056 4475 2113 4525 ut
2134 4469 2449 4536 soletﬁeri,

789 4560 870 4617 ob
884 4575 1205 4633 poenarum
1218 4558 1495 4615 timorem
1509 4557 1922 4616 effunduntur.
1941 4562 2272 4615 Paucorum
2288 4561 2448 4616 enim

789 4654 847 4707 et
871 4651 1085 4706 virtute
1114 4648 1517 4721 perfectorum
1540 4652 1633 4704 est
1656 4664 1728 4704 ex
1774 4647 2091 4704 dilectione
2145 4648 2447 4721 lacrymas

787 4739 1096 4795 effundere
1124 4757 1137 4805 ;
1169 4738 1273 4810 qui
1305 4736 1405 4793 Dei
1434 4736 1732 4793 desiderio
1761 4737 2039 4807 ﬂagrant,
2062 4753 2445 4812 quorumque

785 4829 1004 4886 animae
1036 4842 1224 4901 quam
1255 4826 1538 4882 citissime
1587 4840 1724 4881 cum
1763 4826 1981 4882 dilecto
2012 4827 2351 4883 conversari
2389 4833 2445 4884 et

791 4918 944 4975 uniri
974 4920 1316 4990 peroptant.
1348 4915 1552 4982 Qualis
1585 4919 1710 4972 erat
1734 4915 1830 4971 ille
1852 4915 2026 4972 dulce
2050 4931 2278 4973 sonans
2308 4933 2443 4990 pro-

784 5007 1092 5081 topsaltes,
1120 5006 1362 5061 citharae
1389 5004 1649 5061 chordas
1669 5005 1810 5061 scite
1835 5010 2211 5062 contrectans
2237 5011 2441 5063 etcan-

783 5103 913 5154 tum
926 5095 1222 5153 blandum
1238 5096 1589 5151 accinenset
1617 5109 1823 5150 amore
1843 5093 2112 5166 plenum.
2141 5096 2442 5160 «Quando

784 5187 1045 5249 veniam,
1079 5186 1179 5257 ait,
1212 5190 1269 5241 et
1298 5184 1610 5257 apparebo
1641 5188 1777 5240 ante
1806 5183 2020 5240 faciem
2051 5185 2149 5240 Dei
2175 5184 2204 5239 ?
2253 5188 2441 5242 Factae

784 5282 925 5333 sunt
954 5276 1102 5333 mihi
1130 5275 1417 5347 lacrymaa
1440 5290 1591 5330 mea;
1620 5289 1812 5346 panes
1831 5274 1928 5330 die
1967 5290 2038 5330 ac
2076 5281 2269 5345 nocte,
2295 5275 2442 5333 dum

784 5366 998 5424 dicitur
1013 5365 1157 5423 mihi
1170 5365 1468 5438 quotidie:
1500 5363 1879 5420 UbiestDeus
1910 5369 2047 5420 tuus
2072 5366 2170 5421 “‘Iu
2192 5364 2443 5422 Perinde

781 5464 853 5516 'ac
875 5458 925 5513 si
952 5457 1206 5531 quidam
1244 5455 1670 5512 obtrectatores
1698 5452 2061 5510 veneranda:
2092 5470 2161 5511 ac
2188 5456 2443 5528 sapienti

782 5548 954 5605 uxori
982 5561 1120 5621 qua:
1141 5546 1327 5603 modo
1359 5545 1568 5619 sponsi
1608 5544 1955 5601 societatem
2016 5545 2298 5617 gustavit,
2340 5546 2443 5603 ab-

904 5757 1081 5813 Prov.
1110 5768 1186 5810 v1.
1219 5754 1315 5811 34.
1435 5751 1458 5786 ⁴
1482 5748 1683 5808 Matth.
1710 5766 1884 5822 xxvn,
1916 5754 2013 5807 25.

2132 5751 2153 5785 ⁵
2177 5752 2351 5809 Joan.
2379 5767 2475 5824 xv,
2510 5754 2603 5811 l3.

2571 1964 2820 2027 Χριστοῦ,
2856 1980 2883 2006 ‹‹
2917 1959 2986 2008 Τὸ
3020 1958 3152 2029 αἷμα
3183 1957 3343 2008 αὐτοῦ
3374 1954 3430 2028 ἐφ
3493 1958 3649 2028 ἡμᾶς,
3695 1977 3785 2009 και
3842 1956 3926 2010 ἐπί
3974 1962 4040 2010 τὰ
4097 1964 4170 2012 τίς

2562 2064 2658 2096 κνα
2688 2049 2854 2117 ἡμῶν·
2894 2068 2921 2094 ι»
2971 2046 3136 2106 οὕτως
3190 2048 3215 2097 ὁ
3273 2042 3562 2106 λυσσώδης
3614 2045 3805 2107 ἐκεῖνος
3853 2067 3943 2098 και
4000 2048 4170 2107 ἄπλη-

2564 2153 2685 2193 στος
2757 2132 2912 2194 λύκος
2984 2133 3257 2195 ἐνεθισθείς
3331 2134 3547 2196 ἁπαλοῖς
3624 2134 3820 2207 ἀρνίοις
3884 2135 4171 2209 ἑπιπηδᾲν,

2561 2243 2649 2273 και
2680 2230 2789 2283 τοῖς
2829 2224 3034 2284 οἰκείοις
3080 2221 3349 2276 λυκιδέσιν
3403 2226 3467 2284 ὡς
3518 2230 3755 2296 μεμηνὼς
3809 2225 4169 2286 ἐπελύττησεν.

2561 2311 2718 2364 Ἀλλὰ
2746 2315 2906 2387 χάρις
2935 2321 3007 2382 τῷ
3048 2320 3181 2383 Θεῷ,
3241 2321 3314 2383 τῷ
3383 2318 3455 2385 μὴ
3516 2322 3884 2389 συγχωρούντι
3907 2321 4029 2378 τούς
4057 2313 4173 2369 ἁδιο

2561 2410 2781 2462 κούντας
2848 2406 2936 2463 τὰς
2984 2412 3079 2465 τῆς
3139 2400 3296 2465 δίκης
3354 2410 3537 2478 χεῖρας
3606 2402 4024 2480 ἀποδιδράσκειν
4092 2407 4175 2461 ἐπὶ

2562 2490 2714 2555 πολὺ,
2748 2490 2853 2542 ἀλλ’
2895 2488 3280 2564 ἐνδοξαζομένῳ
3339 2491 3387 2543 ἓν
3441 2498 3649 2567 Φαραὼ,
3706 2514 3794 2547 και
3835 2499 3879 2547 εἶ
3917 2516 3997 2556 τις
4058 2500 4177 2550 κατ’

2565 2576 2751 2632 ἐκεῖνον
2785 2578 3223 2655 σκληροκάρδιος,
3290 2602 3380 2633 και
3442 2585 3589 2635 θείων
3651 2584 4016 2659 κατολιγωρῶν
4084 2608 4173 2641 κε-

2565 2670 2890 2741 λευσμάτων,
2967 2691 3058 2722 και
3156 2678 3586 2746 κατοφρυὼμενος
3679 2670 3805 2726 λαοῦ
3908 2685 4175 2736 ταπεινοῦ,

2568 2759 2701 2812 Ἀλλ’
2731 2758 2923 2812 ἐπαΐειν
2954 2762 3075 2832 ἄρτι
3116 2756 3257 2812 δοκὼ
3316 2761 3554 2831 λέγοντος
3621 2772 3713 2815 τοῦ
3776 2772 3932 2817 Θεοῦ·
4006 2768 4179 2825 Λάλη-

2570 2868 2658 2900 σον
2679 2857 2783 2909 τοίς
2809 2852 2942 2912 υἱοῖς
2971 2856 3063 2902 τοῦ
3108 2854 3222 2901 νέου
3275 2849 3507 2924 Ἰσραὴλ,
3566 2858 3655 2904 καὶ
3716 2851 4175 2920 ἀναζευξάτωσαν,

2567 2939 2660 2990 ούκ
2687 2938 2743 3001 ἐξ
2772 2939 3040 3010 Αἰγύπτου
3086 2943 3213 3013 πρὸς
3238 2944 3326 2997 τὴν
3360 2939 3631 3013 Ἐρυθρὰν,
3662 2941 3767 2993 ἀλλ’
3820 2942 3874 2995 ἐκ
3926 2954 4024 3005 τῆς
4074 2956 4175 2998 τῶν

2568 3030 2801 3098 αἱμάτων
2841 3027 3055 3102 ἐρυθρᾶς
3093 3030 3208 3089 ἣτις
3275 3032 3363 3080 τὸν
3418 3032 3527 3081 νέον
3588 3036 3773 3103 Φαραὼ
3839 3052 3929 3085 και
3984 3032 4177 3087 παιδο-

2568 3122 2742 3169 κτόνον
2800 3116 3041 3180 ἐξώλεσεν
3088 3116 3288 3189 (ἀθὼου
3351 3121 3452 3193 γὰρ
3520 3120 3741 3191 αἵματος
3806 3125 3968 3193 χύσις
4022 3126 4174 3176 θάνα-

2569 3227 2651 3267 τος
2699 3216 2771 3259 τῶ
2828 3206 3092 3278 ἐκχέαντι)
3157 3213 3287 3281 πρὸς
3359 3212 3445 3261 τόν
3496 3209 3650 3261 καλὸν
3704 3208 3996 3283 Ἰορδάνην,
4078 3220 4175 3273 τὴν

2570 3299 2757 3349 ἄπονον
2788 3299 3046 3369 κάθαρσιν
3071 3306 3171 3348 τῶν
3210 3296 3491 3370 ἀνθρώπων
3544 3318 3634 3350 και
3682 3301 3944 3372 ἄμοχθον.
4006 3309 4175 3376 Τριῶν

2569 3389 2670 3460 γὰρ
2702 3390 2857 3437 ὄντων
2896 3387 3261 3461 καθαρτηρίων
3314 3396 3414 3438 τῶν
3471 3384 3885 3448 διαϐιϐαζόντων
3943 3392 4017 3453 εἰς
4079 3399 4176 3451 τὴν

2568 3474 2861 3542 ἔκπλευσιν,
2920 3494 3011 3525 και
3067 3476 3132 3526 τὰ
3179 3472 3537 3548 ἐπιτρίμματα
3582 3484 3679 3528 τῶν
3735 3477 3968 3530 παλαιῶν
4020 3480 4179 3553 μολυ-

2570 3573 2712 3635 σμῶν
2772 3564 2937 3616 τέλεον
2996 3563 3399 3631 ἀπονιπτόντων,
3457 3564 3848 3638 βαπτίσματος,
3906 3566 4177 3645 δακρύων,

2564 3674 2653 3705 και
2683 3662 2773 3705 τοῦ
2807 3650 2880 3705 δι’
2910 3656 3126 3725 αἳματος
3165 3659 3475 3728 μαρτυρίου,
3533 3652 3722 3718 ἔδειξεν
3773 3660 3797 3708 ὁ
3848 3660 4178 3734 ἓνανθρωπή-

2566 3762 2663 3805 σας
2694 3747 2821 3804 Θεὸς
2851 3742 2905 3794 ἐκ
2945 3748 3232 3817 προοιμίων
3289 3743 3455 3795 αὐτῶν
3501 3754 3599 3805 τῆς
3656 3745 3818 3799 αὐτοῦ
3874 3754 4179 3820 παρουσίας

2560 3830 2975 3908 προσδεξάμενος
3003 3836 3067 3884 τὰ
3099 3835 3210 3906 ἱερὰ
3255 3840 3420 3885 ταῦτα
3455 3837 3806 3907 προσθύματα
3860 3857 3949 3889 και
4011 3857 4185 3912 προσπ-

2564 3926 2801 3995 φάγιατὸ
2830 3920 2905 3976 δι’
2958 3924 3175 3995 αἵματος
3240 3919 3369 3975 εἶναι
3433 3943 3493 3976 το
3568 3926 4039 4004 ύπεροχικώτερον,
4115 3930 4177 3981 ού

2562 4019 2713 4086 μόνον
2754 4013 2833 4066 ὃτι
2894 4010 3153 4085 δευτέροις
3204 4014 3387 4087 ῥύποις
3434 4014 3492 4066 ού
3559 4014 3850 4087 μολύνεται,
3921 4016 4028 4069 ἀλλ’
4094 4021 4178 4071 ὅτι

2562 4114 2769 4156 καιτών
2803 4100 3045 4177 δακρύων
3100 4102 3269 4154 αὐτῶν
3328 4102 3538 4165 πολλοῖς
3608 4112 3714 4166 τοῖς
3769 4112 3944 4178 μετοῖς
3995 4106 4180 4179 ἐπίμο-

2562 4202 2793 4269 νώτερον.
2894 4199 2963 4246 Τό
3024 4196 3125 4267 γὰρ
3202 4190 3295 4245 διὰ
3377 4193 3751 4267 βαπτίσματος
3814 4198 4178 4269 καθαρτήσιον

2563 4284 2727 4347 ἄλλως
2759 4289 2893 4358 ἔχει,
2918 4283 3031 4337 ὅλον
3056 4291 3151 4344 τῆς
3189 4286 3407 4359 χάριτος
3447 4283 3501 4335 ὃν
3540 4303 3629 4335 και
3696 4292 3787 4346 τῆς
3850 4282 4045 4359 δωρεᾶς
4078 4294 4177 4339 τοῦ

2566 4379 2862 4449 Πνεύματος
2903 4386 2995 4430 τοῦ
3062 4378 3237 4450 ἁγίου.
3295 4378 3529 4449 Ἀγάπης
3588 4372 3648 4427 δὲ
3704 4376 4020 4450 ἀκραιφνοῦς
4075 4385 4177 4439 τῆς

2561 4470 2692 4539 πρὸς
2752 4472 2874 4521 Θεὸν
2939 4473 3218 4544 τεκμήριον
3284 4464 3655 4535 ἐκδαλότατον,
3724 4466 3830 4537 ούχ
3891 4466 4060 4537 ἕτερον
4121 4486 4178 4519 τι

2562 4557 2720 4617 οὕτως
2749 4560 2814 4617 ὡς
2840 4561 2899 4609 τὸ
2931 4558 3058 4632 ὑπὲρ
3090 4566 3182 4609 τοῦ
3237 4556 3537 4628 ἀγαπῶντος
3592 4562 3683 4607 τοῦ
3753 4550 3894 4605 ἰδίου
3952 4556 4179 4627 αἵματος

2559 4644 2869 4719 ἀφειδῇσαι.
2927 4670 2949 4698 ι
3019 4647 3252 4708 Μείζονα
3314 4650 3416 4719 γὰρ
3478 4648 3675 4706 ταύτης
3725 4641 3934 4715 ἀγάπην
3991 4640 4177 4708 οὐδεὶς

2555 4740 2689 4807 ἔχει,
2721 4739 2803 4789 ἵνα
2852 4757 2931 4798 τις
2958 4742 3052 4795 τὴν
3090 4736 3278 4809 ψυχὴν
3346 4736 3508 4788 αὐτοῦ
3542 4736 3604 4807 θῇ
3682 4735 3812 4806 ύπὶρ
3841 4741 3942 4784 τῶν
4009 4733 4176 4805 φίλων

2553 4828 2735 4879 αὐτοῦ·
2792 4827 2871 4880 »εἰ
2919 4823 2953 4880 δ
2958 4829 2979 4879 ἒ
3036 4826 3212 4900 φίλων,
3274 4825 3445 4897 πολλῷ
3501 4824 3691 4898 μᾶλλον
3758 4826 4022 4875 Δεσπότου
4080 4828 4179 4876 καὶ

2553 4923 2802 4975 Ποιητοῦ.
2834 4921 2904 4969 Τὸ
2930 4920 3021 4989 μὶν
3056 4919 3159 4990 γὰρ
3213 4917 3364 4989 αἷμα,
3422 4914 3634 4986 ἀγάπης
3686 4910 3931 4986 ἕνθέρμου
3998 4907 4180 4970 δηλω-

2552 5012 2718 5075 τικὸν,
2742 5012 2799 5061 τὸ
2830 5004 2888 5061 δὲ
2920 5005 3170 5082 δάκρυον,
3206 5010 3270 5067 ὡς
3300 5004 3384 5059 ἐπὶ
3406 5008 3464 5058 τό
3503 5004 3633 5058 πολὺ
3694 5000 3789 5056 διὰ
3846 5005 3956 5071 τόν,
4014 5000 4180 5075 φόϐον

2554 5107 2647 5160 τῆς
2669 5103 2943 5172 τιμωρίας·
2988 5098 3173 5169 ὀλίγων
3211 5099 3311 5170 γὰρ
3364 5097 3455 5147 κάὶ
3509 5098 3705 5147 τούτων
3761 5100 3861 5145 τῶν
3915 5091 4181 5145 τελειοτά-

2556 5206 2647 5246 την
2688 5192 2781 5247 την
2806 5191 2865 5240 τὸ
2904 5186 2959 5251 ἐξ
3020 5186 3207 5263 ἀρετὴν
3260 5186 3472 5258 ἀγάπης
3529 5180 3798 5257 δακρύειν,
3852 5186 3942 5234 καὶ
4001 5184 4181 5235 πόθου

2552 5286 2645 5330 τοῦ
2674 5282 2806 5351 πρὸς
2837 5282 2988 5348 Θεὸν,
3038 5277 3381 5351 ὀριγνωμένης
3438 5282 3535 5337 τῆς
3594 5274 3783 5345 ψυχῆς
3843 5279 3916 5343 τῷ
3977 5274 4180 5325 ποθου-

2552 5372 2687 5441 μένῳ
2762 5372 2953 5441 τάχιον
3027 5367 3425 5442 προσομιλῆσαι
3486 5368 3576 5417 καὶ
3640 5364 4035 5438 προσενωθῆναι
4100 5370 4180 5434 τῷ

2553 5457 2808 5533 ἐρωμένῳ.
2870 5457 2994 5520 Οῖος
3061 5454 3122 5517 ἦν
3191 5456 3375 5518 ἐκεῖνος
3436 5457 3462 5508 6
3521 5449 3889 5514 καλλικέλαδος
3953 5470 4180 5528 πρωτοο

2551 5547 2753 5619 ψάλτης
2793 5549 2992 5622 εὐφυῶς
3044 5551 3374 5621 ὶπαφὼμενος
3438 5555 3534 5608 τῆς
3598 5550 3783 5618 νευρᾶς
3842 5548 3935 5604 τῆς
3995 5546 4183 5596 κεννύ-

2724 5752 2746 5787 ⁸
2778 5749 2939 5820 Psal,
2978 5765 3096 5808 xu.
3127 5752 3185 5823 2,
3211 5752 3267 5820 3,
