4468 6450
249 373 338 437 7n
1457 368 1740 435 nomLiA
1770 368 1840 428 IN
1874 359 1970 427 s's.
2017 361 2466 433 INNOCENTES.
3500 373 3606 434 742

248 525 353 580 ρας,
407 510 496 558 καὶ
563 524 614 556 τι
678 501 1026 577 προσεπάδων
1085 505 1353 576 ἐπαγωγόν
1411 510 1500 555 καὶ
1575 503 1844 574 ἐράσμιον,
1880 499 1922 551 Α
1958 512 2012 551 se

1841 544 1844 560 ,
1880 499 1922 551 Α
1958 504 2123 553 sente
2151 500 2466 571 paululum
2481 503 2765 574 temporis
2798 503 3074 573 conjuge,
3108 503 3344 567 dicant;
3381 502 3489 559 Ubi
3515 507 3605 559 est

253 617 276 642 ‹‹
316 599 440 646 Πότε
469 593 598 658 ἧξω,
629 593 804 663 λέγων,
847 599 935 644 καὶ
990 593 1290 665 ὀφθήσομαι
1339 603 1409 663 τῷ
1456 610 1720 663 προσωπῳ
1758 595 1847 638 τοῦ
1960 603 2017 641 at

1842 595 1847 631 ι
1960 592 2193 643 amator
2216 591 2386 644 tuus?
2417 590 2571 646 Abiit
2601 591 2944 662 relinquens
2977 597 3050 646 te.
3077 594 3374 657 Quoniam
3405 597 3606 648 autem

253 691 416 746 Θεού;
451 682 698 752 Ἐγενήθη
761 686 821 733 τα
885 678 1091 756 δάκρυά
1132 703 1230 753 μου
1289 682 1400 753 ἐμοὶ
1453 682 1606 752 οἰρτος
1664 681 1850 749 ἡμέρας
1958 692 2017 730 n<

1844 681 1850 720 ἱ
1958 692 2078 730 non
2094 680 2466 748 suscepimus
2483 686 2812 751 martyrum
2844 695 3069 748 agones
3088 681 3282 736 verbis
3310 681 3608 737 celebrare

252 789 300 821 τε
349 776 438 821 καὶ
492 775 697 836 νυκτός,
754 769 800 821 ἐν
859 780 928 840 τῷ
995 772 1232 842 λέγεσθαί
1293 790 1382 841 μοι
1446 769 1561 819 καθ’
1627 767 1849 820 εκάστην
1961 781 2016 818 se

1844 787 1849 806 ι
1961 765 2061 818 sed
2094 765 2374 837 baptismi
2397 769 2650 837 gratiam
2678 768 2959 824 laudibus
2991 769 3218 836 efferre,
3253 771 3330 826 ad
3383 769 3608 825 ﬂumen

255 860 444 928 ἡμέραν
500 880 511 891 ·
549 865 656 910 Ποῦ
688 858 828 911 ἐστιν
861 861 886 909 ό
937 867 1060 918 Θεός
1105 878 1230 922 σου;
1289 883 1314 907 ››
1368 859 1565 930 Ὠσπερ
1616 858 1659 906 εἴ
1722 871 1853 912 τινες
1961 868 2019 906 Π(

1847 874 1853 912 ;
1961 858 2196 908 nostros
2225 864 2742 921 cursus,nostrum
2776 856 3054 912 ardorem
3085 858 3438 928 dirigamus,
3463 859 3611 914 etin-

257 954 350 996 τῶν
411 945 688 1018 βασκάνων
723 950 1008 1018 σεμνοτάτῇ
1070 953 1170 998 τινὶ
1231 953 1318 998 καὶ
1379 953 1603 1019 σώφρονι
1656 946 1850 1012 νύμφῇ,
1961 940 2019 996 fa

1848 990 1850 1002 ,
1961 940 2214 997 fantium
2243 945 2526 1013 injuriam
2565 945 2682 999 alio
2729 946 2910 999 modo
2942 945 3309 1002 vindicatam
3341 948 3612 1018 exquira-

253 1037 369 1106 ἄρτι
406 1040 699 1107 γευσαμένη
743 1046 835 1098 τῆς
893 1046 982 1088 του
1034 1043 1255 1107 νυμφίου
1313 1035 1535 1106 ὁμιλίας,
1597 1030 1853 1084 διαστάν-
1966 1047 2017 1084 m

1849 1060 1853 1068 ι
1966 1047 2121 1085 mus.
2154 1032 2476 1088 Jordanica
2506 1035 2664 1088 enim
2694 1033 2921 1088 ablutio
2963 1035 3021 1090 in
3055 1036 3380 1105 mysticum
3413 1037 3613 1090 sinum

251 1143 329 1183 τος
402 1124 594 1176 ἐκείνου
655 1124 736 1175 ἐπὶ
808 1131 992 1199 μικρόν
1051 1123 1432 1196 ἐπεμϐαίνοντες
1494 1123 1657 1192 ἔλεγον
1693 1142 1704 1152 ·
1751 1125 1855 1171 Ποῦ
1965 1135 2015 1190 p1

1849 1125 1855 1165 ἱ
1965 1120 2356 1190 perﬁcitur,et
2382 1124 2570 1178 sancti
2590 1123 2840 1194 Spiritus
2858 1125 3200 1194 operatione
3228 1124 3613 1198 multiplicem

252 1212 390 1264 ἐστιν
429 1214 456 1264 6
506 1212 733 1285 ἐραστὴς
775 1234 867 1265 σου
904 1232 915 1278 ;
950 1213 1120 1284 ᾤχετο
1179 1213 1474 1264 καταλιπων
1535 1231 1590 1262 σε
1632 1228 1856 1280 μεμονω-
1965 1224 2016 1278 pl

1185 1213 1474 1264 καταλιπὼν
1535 1231 1590 1262 σε
1632 1228 1856 1280 μεμονω-
1965 1206 2405 1281 pulchrumque
2435 1217 2670 1282 partum
2703 1210 2949 1282 profert.

247 1306 416 1373 μένην.
483 1301 603 1352 Ὀτι
677 1306 766 1372 μεν
811 1298 898 1353 οὖν
951 1303 1008 1353 οὗ
1071 1307 1340 1374 πρόκειται
1399 1303 1518 1372 ἄρτι
1566 1308 1634 1367 τῷ
1683 1297 1815 1367 λόγῳ
1881 1300 1937 1346 τό
2022 1304 2377 1370 μαρτυρικούς
2436 1298 2633 1369 ἀγῶνας
2720 1298 3059 1371 ἐγκωμάζειν,
3128 1300 3255 1352 ἀλλὰ
3313 1308 3404 1360 τὴν
3454 1305 3614 1374 χάριν

253 1398 342 1442 τού
399 1389 767 1461 βαπτίσματος
825 1389 1107 1450 ἐκθειάζειν
1170 1413 1180 1422 ·
1224 1389 1307 1441 ἐπὶ
1360 1398 1449 1440 του
1529 1394 1767 1456 ποταμου
1820 1387 1884 1434 τὰ
1941 1388 2241 1458 ὁρμήματα,
2288 1393 2380 1444 την
2425 1391 2589 1460 όρμην
2653 1398 2743 1439 του
2792 1389 2945 1458 λόγου
3016 1396 3325 1462 κινήσωμεν,
3396 1397 3484 1442 καὶ
3560 1394 3618 1441 τό

255 1487 353 1529 τῶν
415 1483 611 1535 νηπίων
669 1475 912 1550 ἀδίκημα
963 1484 1148 1552 τρόπον
1212 1477 1377 1550 ἕτερον
1439 1472 1862 1545 διεκδικούμενον
1911 1474 2282 1544 κατοψωμεθα,
2360 1476 2416 1528 Ἠ
2498 1498 2598 1549 γαρ
2656 1474 2958 1550 Ἰορδάνειος
3013 1483 3178 1548 χύσις
3235 1480 3304 1540 εὶς
3359 1485 3620 1551 μυστικήν

254 1567 577 1619 ἀποτελεῖται
607 1572 856 1638 γαστέρα,
900 1573 990 1618 καὶ
1019 1565 1108 1618 διὰ
1162 1576 1257 1628 τῆς
1287 1575 1377 1617 τού
1420 1565 1571 1634 ἁγίου
1608 1567 1897 1633 11νεύματος
1947 1566 2230 1633 μαιεύσεως
2259 1565 2592 1616 πολυτεκνίαν
2615 1568 2743 1634 ὁμου
2772 1572 2853 1616 καὶ
2893 1566 3242 1618 καλλιτεκνίαν
3274 1573 3528 1642 προφέρει.

327 1657 401 1710 Γ’.
465 1660 564 1708 Καὶ
604 1663 663 1727 τῇ
721 1659 809 1726 μεν
872 1656 1094 1726 Βηθλεεμ
1172 1654 1509 1725 ἀτεκνουμένῃ
1589 1650 1862 1723 βαρυηχες
2049 1654 2088 1705 ll

1858 1671 1862 1708 ;
2049 1651 2133 1705 ΙΙΙ.
2172 1654 2231 1707 Et
2256 1653 2502 1723 quidem
2539 1654 2829 1709 Bethleem
2865 1653 2998 1708 ﬁliis
3021 1655 3244 1711 orbatae
3274 1656 3622 1712 lamentabi-

265 1749 322 1796 τό
401 1741 731 1818 τραγῲδημα
787 1746 813 1795 ό
886 1741 1222 1818 πολύδακρυς
1301 1744 1544 1814 Ἱερεμίας
1607 1739 1862 1802 ἐπέπλεκε,
1975 1738 2026 1794 le

1856 1779 1862 1800 ,
1975 1738 2091 1794 lem
2135 1742 2489 1811 tragoediam
2545 1742 2922 1813 lacrymosus
2965 1743 3248 1800 Jeremias
3277 1745 3620 1800 contexuit:

267 1855 293 1882 ‹‹
328 1838 497 1905 φωνην
565 1833 613 1883 ἐν
661 1833 823 1904 Ῥαμᾱ
866 1834 1025 1904 λέγων
1083 1831 1478 1895 ἀκουτισθῆναι,
1539 1833 1625 1880 καὶ
1685 1831 1867 1900 θρῆνον
1909 1869 1943 1919 Β
1981 1830 2031 1878 «Ἰ

1862 1851 1867 1869 ν
1909 1869 1943 1919 Β
1981 1830 2134 1919 «γοχ
2167 1831 2225 1884 in
2251 1831 2480 1886 Rhama
2507 1831 2712 1886 audita
2738 1835 2842 1900 est,
2883 1832 3095 1904 inquit,
3150 1837 3207 1889 et
3253 1832 3521 1905 ploratus
3571 1837 3626 1889 et

262 1927 351 1973 καὶ
389 1919 622 1996 ὀδυρμόν
653 1921 828 1976 πολύν.
873 1944 888 1972 ι
929 1923 1042 1974 Ἐπὶ
1075 1918 1133 1974 δὲ
1164 1930 1257 1982 τῆς
1292 1928 1650 1991 πνευματικῆς
1679 1920 1870 1975 ταύτης
1982 1933 2026 1970 lt.

1864 1936 1870 1975 ;
1910 1915 1938 1919 ⁷⁷
1982 1915 2244 1972 ululatus
2299 1920 2583 1973 multus7.
2625 1943 2650 1967 »
2698 1921 2774 1974 De
2824 1920 3110 1990 spirituali
3148 1925 3368 1991 autem,
3416 1920 3516 1976 illa
3573 1924 3628 1976 et

253 2011 491 2063 εὐτεκνου
568 2019 723 2082 γονῆς
805 2013 830 2062 ό
917 2015 1404 2083 μεγαγοφωνότατος
1494 2007 1717 2068 Ἠσαίας
1810 2019 1874 2068 τὰ
1984 2006 2017 2060 ft

1867 2037 1874 2065 ι
1984 2006 2240 2061 fecunda
2269 2009 2648 2076 generatione
2666 2009 3190 2081 eloquentissimus
3217 2009 3631 2067 lsaiasnatalia

267 2100 494 2170 γενέθλια
533 2097 889 2172 μελῳδὴματα
944 2106 1262 2174 χαρμόσυνα
1298 2098 1553 2170 ἐξυφαίνει
1620 2119 1630 2129 -
1689 2116 1715 2146 ιι
1773 2095 1874 2148 Εύ-
1982 2111 2031 2149 CE

1862 2124 1874 2131 -
1982 2094 2546 2169 canticalaetitiaque
2561 2097 2736 2169 plena
2753 2099 3068 2165 connectit;
3086 2122 3111 2147 ››
3135 2100 3378 2166 Laetare,
3393 2098 3626 2166 sterilis,

263 2191 541 2262 φράνθητι,
575 2196 774 2262 στεῖρα,
808 2191 836 2246 ἡ
885 2189 942 2240 ού
990 2195 1258 2252 τίκτουσα,
1310 2187 1467 2260 ῥῆξον
1532 2190 1620 2236 καὶ
1675 2183 1873 2257 βόησον
1981 2199 2021 2254 q

1863 2207 1873 2232 μ
1981 2199 2116 2254 quae
2131 2199 2249 2238 non
2269 2186 2711 2258 paris;erumpe
2726 2187 3010 2255 etclama,
3042 2204 3177 2259 quas
3200 2203 3320 2243 non
3345 2189 3627 2260 parturis;

256 2280 286 2334 ἡ
341 2277 436 2329 οὐκ
475 2274 740 2329 ὠδίνουσα
801 2299 813 2310 ο
856 2279 937 2329 ὃτι
995 2277 1157 2329 πολλά
1212 2280 1274 2328 τὰ
1328 2281 1479 2328 τέκνα
1533 2281 1627 2335 τῆς
1676 2273 1872 2344 ἐρήμου
1981 2288 2020 2344 q

1870 2297 1872 2310 ι
1981 2273 2122 2344 quia
2155 2272 2324 2327 multi
2341 2272 2696 2328 ﬁliidesertae
2712 2275 3099 2348 magisquam
3129 2277 3259 2347 ejus
3301 2293 3436 2349 quae
3453 2277 3634 2334 habet

267 2366 458 2436 μᾶλλον
487 2368 515 2424 ἦ
561 2374 657 2428 τῆς
696 2366 930 2438 ἐχούσης
966 2369 1050 2418 τόν
1111 2361 1298 2437 ἄνδρα.
1337 2387 1363 2413 ››
1419 2363 1486 2416 Ὦ
1532 2372 1620 2422 τῆς
1676 2381 1873 2433 παγκο-
1982 2361 2031 2414 vi

1870 2394 1873 2401 ι
1982 2361 2174 2415 virum
2199 2362 2239 2416 ⁸.
2273 2386 2300 2410 ››
2335 2364 2376 2417 Ο
2421 2363 2819 2418 universalem
2852 2363 3252 2420 saltationem!
3286 2366 3329 2419 Ο
3365 2366 3634 2438 mysterii

268 2460 426 2526 σμὶου
477 2455 737 2528 χορειαςῑ
782 2455 821 2506 ὢ
879 2462 968 2515 τῆς
1044 2455 1430 2526 μεγαλοφωνίας
1485 2461 1581 2504 τῶν
1634 2454 1872 2525 κηρύκων
1983 2466 2032 2522 p1

1983 2466 2332 2522 praeconum
2388 2450 2790 2522 eloquentiam
2844 2452 2855 2505 ι
2919 2452 3189 2525 Undique
3248 2454 3394 2509 mihi
3461 2470 3636 2511 aures

263 2551 357 2594 τοῦ
421 2549 739 2619 μυστηρίου,
805 2546 1133 2615 πανταχόθεν
1219 2563 1307 2614 μοι
1363 2541 1740 2594 καταυλοῦνται
1811 2543 1874 2591 τὰ
1985 2554 2024 2610 p

1985 2539 2611 2610 personant:ecoelo,
2666 2556 2738 2595 ex
2794 2540 3092 2613 inaquosa
3147 2542 3484 2611 solitudine,
3565 2560 3638 2599 ex

260 2633 371 2685 ὦτα
432 2655 444 2666 ·
509 2633 562 2697 ἐξ
599 2634 838 2708 ούρανοῦ,
891 2633 943 2696 ἐξ
998 2629 1225 2705 ἀνύδρου
1285 2634 1499 2706 ἐρήμου,
1561 2631 1615 2692 ἐξ
1671 2627 1874 2681 ὑδάτων
1985 2644 2020 2682 a

1872 2652 1874 2667 ι
1985 2628 2159 2700 aquis
2191 2628 2354 2699 ipsis.
2392 2631 2430 2683 Ε
2461 2628 2608 2684 coelo
2640 2629 2953 2685 hominum
2983 2633 3148 2686 Pater
3178 2630 3400 2688 clamat
3427 2650 3439 2688 :
3475 2655 3502 2681 ‹‹
3536 2631 3636 2688 Hic

263 2723 453 2776 αὐτῶν.
488 2722 776 2796 Οὑρανόθεν
813 2725 838 2774 ό
873 2727 1051 2795 Πατὴρ
1084 2731 1183 2773 τῶν
1216 2729 1391 2794 φώτων
1433 2720 1535 2793 βοᾷ
1581 2741 1592 2752 ο
1639 2743 1664 2768 ‹‹
1713 2718 1876 2779 Οὗτος
1986 2717 2027 2770 Si

1871 2740 1876 2779 ;
1986 2717 2058 2770 sit
2089 2717 2263 2772 Filius
2296 2734 2466 2772 meus
2498 2717 2766 2782 dilectus,
2799 2719 2859 2773 in
2892 2719 3175 2792 quobene
3190 2721 3530 2794 complacui
3556 2723 3635 2792 9;»

263 2814 400 2864 ἔστω
437 2815 557 2873 Υἱός
582 2815 607 2863 6
640 2817 906 2883 αγαπητός
936 2831 1057 2881 μου,
1091 2810 1138 2862 ἐν
1241 2807 1520 2868 ηύδόκησα
1554 2831 1564 2841 ·
1602 2833 1628 2857 »
1664 2807 1746 2859 ἐπι
1776 2816 1875 2878 γῆς
1987 2805 2027 2860 il

1987 2805 2045 2860 in
2078 2809 2239 2864 terra
2271 2825 2283 2861 :
2322 2805 2447 2861 Vox
2475 2807 2790 2862 clamantis
2814 2808 2869 2862 in
2915 2808 3183 2864 deserto:
3232 2813 3438 2866 Parate
3476 2811 3638 2866 viam

263 2925 290 2949 ‹‹
317 2906 464 2958 Φωνὴ
502 2900 729 2972 βοῶντος
759 2899 806 2952 ἐν
967 2899 1140 2972 ἐρήμῳ
1168 2922 1178 2931 ·
1217 2900 1551 2971 Ἑτοιμάσατε
1609 2902 1700 2954 τὴν
1754 2893 1876 2948 όδὸν
1991 2899 2027 2950 D

1875 2925 1876 2930 η
1991 2895 2225 2950 Domini
2260 2897 2304 2929 ¹⁰
2345 2915 2357 2962 ;
2387 2914 2418 2948 ν
2454 2903 2505 2950 et
2547 2898 2721 2967 aquis
2756 2914 2767 2950 :
2828 2897 3220 2954 EleVaverunt
3248 2899 3503 2955 ﬂumina
3539 2916 3639 2956 vo-

265 2995 466 3064 Κυρίου
501 3011 513 3021 ο
542 3011 570 3038 κ
608 2989 660 3052 ἐξ
686 2985 913 3052 ὑδάτων,
949 3011 976 3037 ‹‹
1007 2990 1234 3063 Ἐπῆραν
1263 2991 1309 3040 οἱ
1339 2992 1564 3058 ποταμοὶ
1592 2989 1759 3057 φωνὰς
1788 2985 1876 3036 αὖ·
1987 3000 2029 3038 Ct

1987 2999 2118 3038 cem
2151 3000 2347 3049 suam,
2376 2983 2695 3040 elevabunt
2727 2984 2983 3041 ﬂumina
3024 2986 3240 3042 ﬂuctus
3273 3005 3416 3044 suos
3451 2988 3643 3045 avoci-

263 3089 388 3148 τῶν,
422 3077 638 3150 ἀροῦσιν
664 3081 712 3130 οἱ
756 3084 1004 3150 ποταμοὶ,
1060 3077 1341 3152 ἐπιτρίψεις
1395 3077 1561 3128 αὐτῶν
1616 3075 1717 3128 ἀπό
1772 3097 1874 3147 φω-
1988 3075 2026 3130 b

1988 3075 2102 3130 bus
2125 3090 2421 3146 aquarum
2464 3074 2787 3131 multarum
2814 3077 2884 3130 ¹¹.
2924 3099 2950 3125 ››
2983 3083 3027 3131 Α
3050 3076 3236 3132 tribus
3265 3078 3358 3134 his
3395 3079 3643 3135 testibus

263 3178 362 3220 νῶν
395 3163 604 3220 ὑδάτων
636 3168 853 3223 πολλῶν.
889 3190 915 3215 ››
966 3169 1085 3218 Ἐπὶ
1115 3173 1261 3240 τρισὶ
1298 3170 1503 3226 τούτοις
1563 3168 1820 3240 μάρτυσιν
1853 3167 1877 3215 ό
1913 3214 1953 3270 C
1989 3181 2027 3219 Π

276 3257 289 3269 .
489 3262 498 3270 .
599 3256 610 3270 .
738 3263 759 3270 _
839 3257 872 3270 .-
958 3253 1013 3270 ι,
1144 3258 1168 3270 ,.
1219 3259 1227 3270 ,
1265 3257 1287 3270 ,η
1591 3264 1607 3270 _
1724 3260 1729 3266 .
1995 3257 2027 3270 η

1913 3214 1953 3270 C
1989 3169 2354 3219 monstratus
2371 3165 2431 3219 in
2445 3164 2703 3220 Jordane
2719 3167 2870 3220 Deus
2884 3166 3065 3222 homo
3082 3166 3421 3224 declaratur
3433 3170 3646 3226 mundi

1995 3255 2277 3308 Dominus
2303 3259 2357 3308 et
2379 3254 2667 3309 conditor.
2705 3255 2770 3309 Et
2799 3255 2902 3327 qui
2939 3255 3144 3311 omnia
3181 3256 3388 3328 replet,
3419 3259 3646 3330 percir—

272 3353 620 3420 μαρτυρεῖται
666 3342 926 3405 δεσπότης
975 3350 1064 3397 καὶ
1093 3351 1306 3404 πνιητὴς
1337 3366 1348 3377 ·
1385 3346 1528 3396 καὶὸ
1585 3347 1651 3395 τὰ
1713 3350 1884 3395 πάντα
1993 3359 2036 3397 01

1993 3343 2219 3398 cuitum
2249 3342 2481 3397 videtur
2503 3343 2802 3398 mundum
2829 3343 3038 3414 obirez;
3064 3350 3125 3399 ut
3155 3361 3294 3400 eum
3323 3347 3426 3418 qui
3446 3364 3476 3402 e
3499 3347 3647 3403 ccelo

271 3436 487 3508 πληρῶν
526 3438 660 3486 κατὰ
707 3434 891 3486 κύκλον
933 3431 1080 3486 δοκεῖ
1115 3430 1434 3508 περιοδεύειν
1507 3436 1591 3484 τόν
1631 3437 1826 3505 κόσμον
1868 3455 1879 3466 ·
1994 3433 2034 3487 d

1994 3432 2231 3502 decidit,
2253 3431 2587 3498 luciferum,
2621 3437 2962 3504 terramque
2985 3437 3040 3488 et
3062 3450 3225 3491 mare
3239 3451 3301 3490 se
3313 3434 3647 3492 deleturum

274 3526 361 3576 ἱνα
411 3527 498 3575 τόν
549 3521 600 3585 ἐξ
635 3523 855 3597 ούρανοῦ
907 3528 1132 3574 πεσόντα
1189 3522 1466 3596 ἑωσφόρον,
1505 3529 1594 3574 καὶ
1620 3531 1738 3594 γῆν,
1796 3528 1885 3574 καὶ
1991 3521 2038 3592 ja

1991 3521 2364 3592 jactitantem
2407 3521 2674 3593 undique
2716 3522 2992 3594 expellat,
3037 3522 3166 3593 ejus
3213 3524 3530 3580 destruens
3560 3531 3650 3598 ty-

279 3612 536 3665 θάλατταν
591 3611 865 3684 ἐξαλείφειν
919 3618 1259 3682 καυχώμενον
1332 3614 1578 3664 πάντοθεν
1636 3609 1882 3684 ἐκδιὼξῃ,
1996 3628 2043 3668 rz

1996 3610 2335 3668 rannidem.
2382 3611 2521 3666 Vide
2561 3612 2740 3675 enim,
2772 3626 2802 3666 e
2833 3611 2982 3666 coelo
3007 3611 3318 3669 descendit
3365 3615 3652 3671 Dominus

275 3707 372 3760 τὴν
400 3702 560 3752 αὐτοῦ
609 3701 835 3753 καθελὼν
879 3697 1183 3775 τυραννίδα.
1212 3707 1348 3774 Ὀρα
1407 3705 1529 3773 γὰρ,
1569 3701 1623 3762 ἐξ
1669 3701 1889 3774 ούρανοῦ
1998 3719 2039 3757 c;

1998 3715 2176 3757 carne
2206 3699 2451 3754 indutus
2477 3705 2652 3754 natus
2670 3704 2780 3768 est,
2809 3700 2868 3754 in
2901 3701 3074 3772 aquis
3097 3702 3338 3771 incedit,
3371 3719 3444 3758 ex
3485 3705 3653 3776 aquis

273 3791 833 3864 κατῆλθενόῐίύριος,
889 3789 971 3841 ἐπὶ
1006 3798 1103 3861 γῆς
1175 3795 1494 3864 σαρκοφόρος
1561 3790 1778 3862 ἐτέχθη,
1842 3790 1889 3842 ἐν
2001 3806 2030 3846 e

2001 3804 2242 3854 egresso
2303 3787 2434 3843 cceli
2494 3803 2734 3844 rursum
2780 3789 2862 3843 illi
2929 3791 3299 3861 aperiuntur,
3354 3793 3656 3865 accepturi

273 3876 474 3931 ὕδασιν
530 3877 804 3947 ἐπιϐαίνει,
858 3878 908 3940 ἐξ
961 3874 1165 3930 ὑδάτων
1223 3878 1551 3953 ἀνερχομένῳ
1616 3882 1665 3931 οἱ
1738 3879 1889 3952 οὖρα·
2003 3895 2032 3934 c

2003 3877 2304 3934 caelestem
2336 3893 2473 3931 cum
2498 3878 2754 3932 terrestri
2784 3892 2962 3933 carne
2976 3878 3658 3954 rediturum,postquam

275 3974 358 4022 νοὶ
395 3968 549 4020 πάλιν
582 3968 719 4037 αὐτῷ
778 3968 1170 4038 ὑπανοίγονται,
1215 3965 1629 4040 ἀπεκδεχόμενοι
1665 3972 1751 4021 τόν
1809 3968 1890 4020 ού·
2003 3983 2039 4023 n

2003 3973 2224 4023 nostra:
2238 3972 2466 4022 naturae
2481 3965 2708 4022 damna
2719 3967 3102 4038 reparaverit.
3129 3969 3658 4030 Quemadmodum

272 4059 456 4133 ράνιον
509 4059 639 4129 μετὰ
691 4065 788 4117 τῆς
839 4060 1027 4127 γηὶνης
1069 4059 1263 4130 σαρκός
1326 4056 1737 4129 ἀνελευσόμενον,
1799 4061 1892 4114 τὴν
2005 4072 2035 4112 e

2005 4058 2163 4112 enim
2185 4055 2382 4111 bonus
2408 4060 2613 4128 pastor
2648 4059 2703 4110 et
2730 4057 3151 4124 misericors,si
3172 4059 3302 4114 ovis
3331 4060 3564 4130 perdita
3589 4061 3663 4117 sit

272 4149 405 4219 ὑπὲρ
436 4147 585 4218 ἡμῶν
622 4146 918 4216 οἰκονομίαν
973 4145 1344 4217 πληρώσαντα.
1401 4145 1493 4197 ’⁵ον
1550 4149 1648 4219 γὰρ
1707 4150 1894 4219 τρόπον
2008 4162 2036 4202 e

2008 4151 2064 4202 et
2092 4145 2270 4213 longe
2299 4144 2376 4200 ab
2408 4144 2537 4199 aliis
2570 4145 2870 4214 erraverit,
2910 4145 3040 4215 ejus
3095 4147 3332 4217 vestigia
3382 4163 3661 4220 sequens,

276 4235 478 4307 ἀγαθός
507 4254 583 4294 τις
631 4241 828 4307 ποιμὴν
860 4239 948 4286 καὶ
1005 4231 1343 4306 κηδεμονικὸς
1374 4234 1636 4310 προϐάτου
1690 4233 1894 4286 ἁπολω-
2007 4251 2040 4308 p

2007 4233 2276 4308 procedit
2297 4233 2555 4304 ungulas
2587 4233 2934 4296 observans,
2969 4240 3024 4290 et
3056 4235 3106 4290 si
3159 4234 3219 4291 in
3273 4237 3662 4310 pracipitium

275 4328 431 4384 λότος
468 4329 558 4376 καὶ
608 4332 708 4374 τῶν
761 4327 1025 4396 συννόμων
1086 4328 1520 4396 μεμακρυσμένου
1576 4325 1692 4376 κατ’
1745 4328 1899 4397 ἴχνια
2008 4324 2039 4379 d

2008 4324 2234 4380 ducant
2255 4322 2519 4392 vestigia,
2551 4322 2862 4378 descendit
2881 4322 3273 4394 investigans,
3295 4330 3351 4380 et
3381 4326 3429 4382 si
3447 4327 3508 4382 in
3531 4344 3665 4400 spe-

277 4418 474 4468 τούτου
505 4413 746 4485 ἑπόμενος
798 4416 1026 4486 πρόεισι,
1085 4412 1515 4485 φιλοπραγμονῶν
1571 4417 1659 4474 τὰς
1715 4415 1894 4482 ὁπλὰς,
2003 4413 2041 4471 li

2003 4413 2249 4471 luncam
2279 4411 2583 4478 introierit,
2611 4411 2791 4467 intrat
2825 4418 2880 4467 et
2905 4413 3031 4484 ipse
3053 4420 3109 4468 et
3147 4413 3195 4468 si
3222 4429 3328 4486 per
3358 4431 3552 4486 aquas
3581 4415 3666 4472 in-

281 4503 382 4557 ιᾶν
433 4503 504 4564 εἰς
554 4504 802 4576 φάραγγα
864 4505 988 4574 φέρῃ
1050 4505 1114 4553 τὰ
1159 4506 1310 4573 ἴχνη,
1375 4505 1630 4567 κάτεισιν,
1685 4503 1899 4578 ἐρευνῶν
1937 4570 1972 4578 _
2010 4520 2039 4559 ο

1937 4570 1972 4578 _
2010 4503 2268 4567 cesserit,
2297 4501 2508 4557 transit
2536 4504 2594 4556 et
2622 4501 2746 4571 ipse
2777 4517 3021 4573 aquam,
3050 4501 3243 4558 donec
3259 4509 3556 4560 errantem
3583 4521 3669 4562 re-

287 4593 389 4646 κᾶν
417 4592 489 4653 εἰς
517 4570 772 4649 σπήλαιον
799 4587 1041 4664 είσδύνῃ,
1099 4588 1445 4658 συνεισδύνει,
1505 4591 1599 4643 κᾶν
1658 4590 1729 4645 δι’
1771 4590 1900 4646 ύδα·
1937 4570 1979 4621 D
2010 4608 2051 4647 Ct

1937 4570 1979 4621 θ
2010 4591 2229 4664 ceperit
2255 4570 2680 4663 receptamque
2710 4590 2770 4645 in
2792 4570 3058 4646 humeris
3083 4596 3276 4664 portet
3318 4599 3668 4666 congreget-

289 4703 384 4744 τος
449 4682 723 4755 ἐπορεύθη,
800 4680 1094 4734 ἀκολουθῶν
1138 4678 1397 4733 διαϐαίνει
1457 4686 1644 4758 μέχρις
1729 4682 1788 4734 ἆν
1843 4688 1900 4736 τό
2011 4699 2051 4755 q

2011 4698 2129 4755 que
2160 4680 2386 4736 caeteris
2416 4679 2658 4736 feliciter
2697 4680 3075 4750 vagantibus;
3102 4680 3182 4737 ita
3212 4697 3358 4738 sane
3380 4687 3438 4738 et
3474 4684 3672 4740 bonus

289 4773 682 4844 πεπλανημένον
774 4769 1067 4843 καταλάϐῃ,
1147 4777 1236 4823 καὶ
1297 4771 1600 4823 καταλαϐὼν
1659 4772 1741 4825 ἐπὶ
1804 4781 1902 4825 τῶν
2012 4773 2052 4826 Ρ

2012 4773 2217 4826 Pastor
2245 4770 2349 4842 qui
2378 4770 2644 4824 animam
2659 4785 2836 4825 suam
2858 4785 2966 4841 pro
2979 4769 3396 4843 ovibusponit,
3429 4773 3674 4830 homine

290 4864 449 4936 ὤμων
504 4859 753 4934 βαστάσῃ
810 4864 896 4912 καὶ
959 4860 1284 4933 συναγελάση
1391 4868 1500 4922 τοῖς
1558 4861 1858 4915 εὐπλανέσιν
1889 4884 1900 4896 ·
2014 4877 2050 4916 8.

2014 4877 2050 4916 a
2073 4859 2337 4931 pristinae
2368 4858 2570 4930 gloria:
2594 4858 2935 4914 summitate
2964 4859 3195 4930 dejecto
3217 4861 3277 4916 in
3310 4865 3550 4932 terram,
3570 4878 3675 4936 per

289 4952 433 5005 οὕτω
468 4947 534 5008 δὴ
569 4956 660 5002 καὶ
709 4951 734 5001 6
769 4953 964 5022 ποιμὴν
1004 4951 1029 5000 ό
1081 4949 1258 5018 καλός,
1313 4951 1337 5001 ό
1376 4953 1539 5012 τιθεὶς
1580 4955 1673 5010 την
1724 4951 1904 5024 ψυχὴν
2015 4967 2053 5006 ειη

2015 4966 2206 5022 aquas
2232 4949 2595 5004 inundantes
2620 4948 2930 5004 incedente
2954 4955 3007 5004 et
3035 4950 3111 5004 ad
3137 4955 3469 5009 extremam
3504 4954 3678 5010 mise-

289 5045 424 5114 ὑπὲρ
450 5049 549 5092 τῶν
606 5038 898 5114 προϐάτων,
956 5047 1050 5091 τοῦ
1104 5037 1377 5112 ἀνθρώπου
1431 5045 1814 5103 καταπεσόντος
1853 5040 1906 5104 ἐξ
2012 5042 2053 5096 ri

2012 5042 2163 5096 riam
2191 5038 2454 5095 adducto
2476 5038 2690 5095 eadem
2723 5039 2936 5095 semita
2965 5055 3035 5094 ac
3063 5039 3248 5096 homo
3298 5042 3678 5100 errabundus

285 5130 463 5202 ὕψους
493 5136 587 5190 τῆς
633 5127 861 5203 ἀρχαίας
891 5129 1136 5196 εὐκλείας,
1178 5129 1251 5191 εἰς
1283 5137 1382 5200 γῆν
1438 5131 1790 5204 πορευθέντος,
1830 5128 1905 5183 δι’
2013 5131 2049 5196 1i

2013 5129 2264 5196 libenter
2288 5134 2343 5184 et
2365 5128 2598 5200 absque
2653 5133 2901 5201 peccato
2964 5129 3139 5185 venit.
3200 5133 3278 5186 De
3357 5134 3596 5190 excelso
3617 5134 3678 5192 in

284 5217 493 5281 ὕδατος
529 5218 978 5280 κατακλυσθέντος
1005 5225 1092 5270 καὶ
1155 5219 1224 5280 εἰς
1293 5218 1527 5291 ἐσχάτην
1581 5227 1904 5295 παρασυρέν-
2013 5221 2048 5274 tt

2013 5221 2235 5275 terram
2259 5218 2437 5287 venit,
2471 5216 2823 5290 speluncam
2865 5218 3219 5291 ingreditur,
3258 5226 3556 5279 errantem
3595 5224 3680 5281 in-

285 5315 384 5372 τός
412 5308 687 5374 ἀπώλειαν,
723 5305 817 5360 διὰ
845 5317 942 5370 τῆς
1003 5308 1166 5370 αὐτῆς
1195 5317 1265 5379 τῷ
1328 5309 1698 5382 πεπλανημένῳ
1758 5313 1906 5384 ἕρχε-
2015 5324 2049 5381 q

2015 5309 2283 5381 quirens;
2299 5323 2571 5381 prasepe
2585 5311 2882 5363 scrutatur
2892 5313 3136 5381 propter
3166 5325 3304 5366 eum
3319 5313 3422 5384 qui
3437 5311 3680 5384 jumen-

285 5419 385 5453 ται
434 5388 670 5472 ἀτραποῦ
707 5397 960 5461 ἑκουσίως
1021 5403 1111 5451 καὶ
1156 5396 1532 5472 ἀναμαρτήτως
1565 5420 1577 5433 ·
1635 5399 1688 5463 ἐξ
1742 5399 1906 5471 ὕψους
2015 5400 2049 5456 ti

2015 5400 2091 5456 tis
2123 5401 2512 5471 comparatus
2543 5401 2649 5466 est;
2681 5397 2744 5453 in
2774 5413 3000 5471 aquam
3025 5399 3333 5458 descendit
3371 5401 3682 5463 ﬂuvialem

267 3257 535 3328 ἐπιφανεὶς
591 3256 640 3308 ἐν
693 3263 764 3327 τῷ
839 3253 1076 3329 Ἰορδάνῃ
1141 3257 1466 3330 θεάνθρωπος
1518 3264 1609 3306 τοῦ
1676 3260 1878 3326 κόσμου

369 5651 394 5689 τ
419 5653 639 5706 Jerem.
669 5666 828 5723 xm,
860 5655 946 5706 15.
1024 5651 1045 5686 ⁸
1070 5653 1179 5708 lsa.
1203 5665 1318 5723 LIV,
1345 5653 1394 5707 1.
1474 5653 1495 5688 °
1522 5651 1720 5709 Matth.
1745 5667 1825 5708 iu.
1855 5653 1945 5722 t7;
1973 5667 2118 5710 xvu.

1929 5669 1945 5722 ;
1973 5667 2118 5710 xvu.
2150 5654 2202 5722 5,
2280 5650 2326 5686 ιο
2357 5649 2474 5708 lsa.
2511 5665 2603 5719 ιι,
2634 5653 2665 5706 3
2702 5667 2717 5720 ;
2744 5649 3040 5718 Matth.m,
3072 5656 3124 5709 3.
3205 5654 3248 5691 ¹¹
3281 5655 3417 5713 Psal
3444 5672 3594 5728 xum,
3627 5661 3686 5721 3.
