4468 6450
850 375 957 444 πε

2051 375 2369 438 GERMAN!
2408 379 2454 439 Il
2495 375 3065 440 CPJ’ATRIARCHE

4108 378 4214 446 744

846 511 1087 582 propter
1105 523 1240 567 eam
1266 521 1441 566 ovem
1464 516 1600 581 quas
1613 504 1789 580 aquis
1805 502 2124 564 submersa
2139 507 2252 563 est.
2277 505 2508 563 Invenit

2535 508 2583 564 Α
2614 506 2867 575 κάτεισιν,
2904 504 2985 558 ἐπὶ
3039 512 3142 578 γῆς
3193 507 3428 579 ἔρχεται,
3488 505 3743 565 σπήλαιον
3778 505 4094 584 εἰσέρχεται,
4155 512 4215 563 τό

846 598 1014 671 quod
1043 602 1365 668 erraverat,
1387 602 1445 655 et
1473 596 1672 654 statim
1702 595 2188 666 coelestesjanuae
2227 594 2503 669 aperiun-

848 690 962 757 tur,
997 687 1120 744 imo
1153 703 1311 757 vero,
1343 691 1409 744 ut
1432 686 1750 758 Scripturaa
1772 684 1958 742 verbo
1980 683 2502 756 utar”,patefactm

847 779 1314 833 suntcataractas
1344 775 1498 844 coeli,
1522 774 1683 830 unde
1704 779 1761 831 et
1784 773 1952 844 prius
1973 777 2300 845 eruperunt
2330 773 2502 830 inun-

842 863 1056 922 dantes
1086 865 1326 938 pluvise,
1349 869 1406 922 et
1424 863 1736 921 hominem
1762 878 1869 936 per
1924 877 2115 935 aquas
2174 861 2497 930 salvatum,

842 953 949 1027 qui
977 953 1142 1026 prius
1173 970 1279 1028 per
1308 969 1501 1028 aquas
1531 952 1807 1026 perierat,
1865 950 2223 1024 suscipiunt,
2245 966 2369 1008 non
2397 967 2501 1009 au-

842 1048 983 1116 tem,
1017 1060 1124 1117 per
1151 1060 1346 1117 aquas
1373 1048 1628 1111 tantum,
1669 1042 1776 1100 sed
1806 1046 1863 1099 et
1890 1057 1997 1115 per
2017 1041 2291 1098 divinum
2319 1039 2498 1114 Spiri-

841 1137 993 1189 tum.
1021 1136 1210 1206 Atque
1230 1132 1292 1190 id
1315 1148 1420 1206 per
1445 1131 1824 1204 ingeniosam
1841 1130 2354 1204 consequentiam.
2379 1133 2496 1186 Au-

840 1220 968 1291 diit;
1000 1222 1163 1279 enim
1184 1226 1321 1279 ante
1346 1220 1556 1277 diluvii
1583 1220 2028 1276 immissionem
2056 1218 2374 1276 hominum
2396 1232 2496 1288 ge-

840 1325 1014 1366 nusm
1046 1309 1175 1367 Non
1201 1309 1538 1368 remanebit
1559 1309 1808 1382 Spiritus
1837 1323 2008 1365 meus
2039 1309 2099 1364 in
2136 1307 2249 1364 illis
2303 1307 2497 1364 homi-

838 1398 1038 1470 nibus,
1069 1400 1212 1471 quia
1243 1414 1383 1456 caro
1410 1403 1551 1455 sunt
1583 1400 1683 1465 13;»
1713 1397 1873 1454 unde
1900 1398 1954 1453 ei
1994 1401 2322 1470 postquam
2368 1397 2492 1468 Spi-

837 1487 985 1544 ritus
1009 1486 1126 1555 ille,
1160 1493 1451 1561 tanquam
1490 1487 1794 1552 columba,
1846 1485 2099 1544 evolavit
2136 1487 2283 1556 (non
2333 1484 2494 1542 enim

839 1580 1069 1634 tantam
1099 1582 1522 1650 corruptorum
1561 1576 1880 1632 hominum
1902 1573 2302 1647 pestilentiam
2324 1573 2495 1630 susti-

836 1665 1062 1738 nebat),
1093 1666 1335 1738 spiritus
1363 1665 1642 1739 procellas
1672 1665 1801 1737 ejus
1829 1665 1890 1720 in
1947 1664 2147 1720 locum
2195 1662 2493 1720 adductus

837 1759 949 1823 est,
982 1759 1037 1811 et
1066 1770 1172 1827 per
1193 1769 1385 1827 aquas
1411 1753 1755 1821 destructio;
1784 1758 1964 1825 atque
1993 1751 2076 1808 ita
2109 1755 2227 1807 Deo
2270 1750 2491 1807 odibile

837 1843 1030 1900 scelus
1050 1843 1370 1900 hominum
1394 1842 1614 1899 diluvio
1643 1841 2014 1914 perditorum
2046 1845 2192 1908 erat,
2225 1845 2290 1896 ut
2319 1855 2491 1895 rena-

835 1937 1098 1989 sceretur
1125 1947 1234 2006 pro
1265 1948 1438 2004 aqua:
1462 1937 1698 1989 natura.
1723 1933 1855 1987 Non
1878 1931 2036 1986 enim
2059 1935 2201 1986 tunc
2243 1929 2492 2002 Spiritus

835 2022 938 2078 Dei
969 2038 1149 2095 super
1173 2037 1366 2094 aquas
1400 2021 1721 2079 ferebatur.
1745 2023 1899 2076 Dum
1921 2020 2082 2076 enim
2101 2019 2299 2076 adhuc
2318 2034 2492 2091 aquae

835 2113 1252 2174 tumescerent,
1279 2109 1698 2182 cadaveraque
1713 2114 1778 2166 ut
1802 2107 2121 2165 verisimile
2136 2112 2242 2172 est,
2258 2107 2490 2163 innata-

834 2204 985 2269 rent,
1014 2215 1231 2254 corvus
1260 2199 1508 2272 quidem
1540 2215 1612 2255 ex
1641 2215 1710 2255 ea
1736 2215 1871 2271 qua:
1892 2197 2097 2254 omnia
2127 2195 2488 2264 continebat,

834 2301 976 2345 arca
997 2286 1466 2356 evolans,redire
1491 2287 1701 2357 noluit,
1735 2287 1986 2344 mortuis
2016 2285 2372 2358 corporibus
2398 2285 2488 2340 in-

833 2377 1059 2448 sidens,
1093 2383 1152 2435 et
1191 2378 1488 2451 corruptis
1518 2377 1810 2449 gaudens,
1846 2376 2194 2450 symbolum
2244 2374 2489 2432 effectus

829 2466 1126 2525 daemonis
1154 2467 1261 2540 qui
1281 2468 1601 2524 hominum
1639 2467 1879 2524 casibus
1919 2466 2172 2532 laetatur,
2193 2465 2488 2538 sanguine

832 2557 1058 2627 gaudet
1072 2556 1368 2630 nobisque
1379 2557 1719 2629 jacentibus
1735 2556 1958 2614 irridet.
1975 2554 2270 2614 Columba
2287 2561 2487 2612 autem

835 2663 960 2704 non
989 2647 1409 2720 reperiensubi
1439 2647 1622 2720 pedes
1643 2647 1887 2714 sisteret,
1913 2646 1990 2702 ad
2040 2663 2179 2702 eum
2227 2646 2333 2718 qui
2381 2645 2518 2702 mi-‘

834 2740 992 2793 serat
1010 2736 1203 2794 rediit.
1242 2737 1495 2793 Sanctus
1520 2737 1680 2792 enim
1715 2736 1967 2808 Spiritus
2016 2751 2138 2792 non
2192 2733 2489 2791 habitabit

827 2825 889 2881 in
911 2840 1160 2898 corpore
1189 2825 1452 2898 peccatis
1494 2824 2106 2891 serviente.Columba
2135 2840 2314 2898 porro
2341 2823 2489 2880 solet

826 2913 1099 2971 adhiberi
1124 2918 1190 2971 ut
1221 2915 1472 2986 Spiritus
1516 2914 1704 2970 sancti
1734 2913 2105 2985 symbolum.
2163 2917 2246 2970 [ta
2295 2929 2392 2970 res
2424 2929 2486 2969 se

826 3003 1577 3071 tunchabebant,etvitalis
1601 3019 1766 3076 aqua
1785 3003 2132 3059 hominibus
2159 3003 2486 3075 perniciem

828 3093 1043 3150 attulit.
1076 3092 1245 3150 Nunc
1267 3099 1490 3164 autem,
1527 3093 1814 3163 secunda,
1848 3097 1913 3150 ut
1940 3093 2130 3162 aiunt,
2154 3093 2481 3163 navigatio,

826 3187 882 3240 et
911 3183 1170 3256 puppim
1200 3187 1418 3239 nostra;
1445 3187 1675 3238 naturae
1706 3181 2020 3254 impellens
2044 3181 2383 3238 substantia
2405 3181 2483 3238 ab

824 3285 896 3329 eo
927 3273 1033 3345 qui
1055 3271 1231 3328 nobis
1253 3271 1526 3342 invigilat
1547 3277 1874 3344 nostraque
1901 3276 2089 3343 curat,
2105 3271 2365 3328 refluens
2389 3287 2482 3328 ve-

826 3361 912 3420 nit
941 3367 999 3419 et
1027 3362 1126 3419 via
1149 3362 1261 3418 viae
1285 3362 1469 3434 priori
1495 3361 1794 3418 contraria
1816 3361 2053 3418 incedit.
2103 3364 2181 3417 Ex
2217 3361 2391 3434 aquis
2420 3362 2483 3418 in

828 3450 1133 3524 Spiritum,
1158 3468 1195 3508 a
1225 3451 1445 3524 Spiritu
1475 3452 1537 3507 in
1567 3451 1807 3521 coelum,
1840 3456 1895 3507 et
1933 3450 2333 3508 desideratam
2364 3450 2484 3507 dei-

823 3540 1192 3599 ﬁcationem.
1217 3543 1411 3607 Quam
1440 3540 1857 3614 intempestive
1888 3540 2032 3597 olim
2067 3541 2348 3598 invadere
2387 3556 2484 3598 co-

818 3635 962 3688 nata
988 3631 1223 3698 mulier,
1253 3631 1601 3688 extensione
1637 3630 1920 3700 dexterae,
1947 3630 2209 3703 perdidit
2259 3636 2315 3687 et
2344 3647 2480 3704 quae

818 3721 881 3778 in
911 3721 1197 3778 manibus
1221 3720 1508 3786 habebat,
1544 3727 1600 3778 et
1649 3737 1787 3777 cum
1846 3724 2002 3777 Deus
2033 3721 2159 3776 ﬁeri
2207 3726 2479 3779 tentaret°

817 3813 1030 3883 homo,
1055 3828 1274 3886 parum
1305 3811 1498 3868 abfuit
1526 3810 1673 3885 quin
1695 3816 1752 3868 et
1779 3811 1965 3868 homo
1994 3827 2124 3867 esse
2180 3811 2483 3870 desineret

819 3901 1012 3959 Homo
1044 3903 1207 3959 enim
1221 3905 1452 3959 constat
1472 3902 1677 3958 anima
1697 3906 2035 3974 etcorpore;
2066 3917 2247 3974 quem
2266 3903 2478 3959 mortis

818 3989 1056 4062 gladius
1115 3989 1352 4060 scindit,
1422 3990 1830 4062 unionemque
1879 3989 2168 4062 dissolvit,
2211 3981 2481 4063 quacum

816 4079 1066 4136 solvitur
1085 4083 1143 4136 et
1159 4077 1502 4153 appellatio,
1525 4084 1581 4136 et
1599 4084 1756 4136 terra
1777 4078 1972 4136 solum
1997 4079 2184 4136 modo
2203 4081 2482 4140 nomina-

815 4172 930 4226 tur.
965 4167 1057 4227 Ait
1087 4171 1249 4226 enim
1282 4186 1294 4226 :
1326 4191 1355 4221 »
1395 4169 1573 4226 Terra
1625 4187 1708 4240 es,
1752 4173 1809 4225 et
1860 4169 1920 4225 in
1953 4174 2172 4225 terram
2225 4178 2480 4230 reverte-

811 4259 982 4316 ris“.
1017 4282 1046 4310 »
1075 4261 1224 4316 Cum
1255 4259 1416 4316 enim
1465 4276 1586 4316 uno
1643 4260 1875 4331 impetu
1929 4264 1986 4315 et
2033 4259 2354 4317 confestim
2415 4262 2478 4318 in

812 4347 1033 4405 cmlum
1047 4348 1370 4406 ascendere
1388 4350 1695 4420 cogitaret,
1711 4348 1922 4406 fraude
1943 4348 2226 4406 seductus
2267 4349 2476 4422 lapsus

809 4443 918 4506 est,
951 4443 1008 4495 et
1037 4438 1278 4509 decidit,
1306 4443 1363 4496 et
1387 4445 1678 4512 tanquam
1699 4438 1878 4509 gleba
1931 4443 2146 4512 ruptus
2177 4443 2264 4495 est
2293 4456 2475 4513 super

808 4534 1055 4599 terram,
1091 4535 1147 4586 et
1176 4530 1236 4586 in
1264 4529 1564 4587 infernum
1579 4529 1874 4602 dissipata
1890 4545 2033 4586 ossa
2060 4530 2210 4600 ejus.
2229 4530 2474 4587 Accinat

809 4619 972 4677 enim
999 4619 1188 4676 David
1210 4637 1386 4676 suum
1423 4621 1465 4656 '5
1499 4619 1694 4692 primo
1716 4619 1947 4676 homini
1970 4618 2203 4691 dejecto
2253 4635 2470 4693 oppor-
2521 4673 2527 4680 .

807 4712 1023 4765 tunum
1051 4708 1445 4782 epitaphium.
1466 4708 1794 4781 Oportebat
1815 4714 2018 4764 autem
2064 4724 2187 4764 non
2236 4709 2338 4777 ita,
2366 4710 2472 4766 sed

805 4799 1079 4872 quodam
1100 4798 1309 4855 ordine
1337 4803 1395 4854 et
1422 4799 1854 4870 consequentia
1883 4815 2024 4855 eum
2053 4799 2471 4856 ascensionem

807 4904 987 4946 suam
1033 4904 1243 4947 curare
1272 4887 1583 4946 excellenti
1610 4887 1944 4945 humilitate
1976 4892 2270 4961 tanquam
2317 4889 2470 4946 duce

804 4983 1097 5036 utentem.

802 5078 904 5142 ⁹μιῆς
940 5065 1134 5144 ἕρῥάγη
1177 5068 1263 5123 ἐπὶ
1293 5077 1408 5137 τῆς,
1450 5076 1552 5142 γῆς
1607 5062 1993 5142 διεσκορπίσθη
2027 5069 2094 5121 τά
2132 5068 2265 5122 ὁστά
2317 5067 2472 5123 αὑτοῦ

802 5179 878 5232 χῃ
911 5164 1127 5233 κειμένῳ
1177 5162 1263 5212 τόν
1313 5158 1585 5232 ἐπιτάφιον
1633 5164 1927 5234 πρόσφορον

801 5249 1087 5323 μελετῆσαι
1114 5247 1297 5322 ὁδηγῷ
1330 5249 1520 5326 ἀρίστῃ
1556 5253 2000 5324 ταπεινοφροσύνῃ
2041 5255 2331 5324 χρώμενον.

874 5342 964 5398 ιν.
986 5341 1101 5398 Sed
1132 5339 1397 5413 agedum
1418 5345 1476 5397 et
1499 5339 1858 5397 conabimur
1882 5340 2343 5412 explicationem
2365 5357 2466 5414 ag-

801 5430 1306 5502 grediverborum
1337 5429 1641 5504 Evangelii
1665 5447 1803 5503 quae
1830 5429 2009 5487 hodie
2033 5430 2288 5502 legenda
2305 5437 2462 5489 sunt.

801 5520 944 5588 Quae
961 5521 1212 5596 quidem
1238 5521 1689 5580 divinissimum
1703 5523 1965 5580 Marcum
1996 5519 2302 5593 extollunt,
2333 5538 2466 5595 par-

804 5757 823 5772 ‘
868 5743 921 5820 ,¹¹
951 5744 1093 5805 Gen.
1128 5757 1230 5815 vu,
1257 5740 1346 5802 ll.
1423 5742 1468 5781 ¹⁸
1495 5742 1641 5802 Gen.
1667 5755 1744 5816 vi,
1773 5743 1825 5800 3.
1906 5741 1950 5779 1‘
1983 5742 2215 5806 Genui,
2247 5743 2329 5798 l9.

2508 4486 2549 4540 D

2611 594 2994 668 πεπλανημένον
3056 593 3347 663 ἀναζητῶν,
3423 599 3517 658 τάς
3575 598 3766 670 φάτνας
3818 593 4057 672 διερευνᾴ
4118 595 4214 651 διὰ

2610 687 2697 736 τόν
2757 683 3154 756 παραϐληθέντα
3190 691 3300 746 τοῖς
3355 689 3598 744 κτήνεσιν
3661 706 3674 720 ο
3735 685 3807 747 εἰς
3859 681 4002 759 ὕδωρ
4055 706 4217 739 κατα-

2611 771 2774 826 ϐαίνει
2850 776 3102 846 ποτάμιον
3165 769 3261 826 διά
3325 777 3382 827 τὸ
3457 773 3813 828 κατακλυσθεν
3868 782 3973 836 τοῖς
4046 772 4214 829 ὑδασι

2608 862 2867 936 πρόϐατον
2901 884 2914 897 ·
2948 865 3176 935 εὑρίσκει
3202 865 3260 916 τὸ
3314 863 3587 936 πλανηθεν,
3627 869 3718 917 καὶ
3775 864 3920 925 εὑθύς
3971 867 4025 917 αἱ
4059 865 4215 940 οὑρά-

2607 971 2714 1004 νιαι
2750 955 2950 1026 πτύχες
3000 949 3398 1026 ἀναξυγοῦνται,
3448 954 3638 1027 μᾶλλον
3669 952 3729 1008 δε
3795 955 3950 1026 φάναι
4003 957 4063 1006 τό
4115 962 4214 1017 τῆς

2607 1045 2832 1116 Γραφῆς,
2902 1041 3195 1114 ἀνοίγονται
3267 1043 3316 1095 οἰ
3390 1043 3749 1120 καταῤῥακται
3794 1050 3886 1096 τοῦ
3967 1043 4213 1118 ούρανοῦ,

2607 1133 2720 1186 ὅθεν
2758 1136 2848 1185 καὶ
2904 1133 2930 1184 6
2968 1131 3302 1194 κατακλύσας
3373 1132 3517 1196 ὑετὸς
3577 1138 3824 1210 πρότερον
3891 1132 4211 1208 κατερράγη,

2606 1225 2698 1274 καὶ
2726 1218 2798 1274 δι’
2825 1217 3022 1284 ὑδατος
3059 1222 3371 1295 σωζόμενον,
3407 1225 3494 1276 τὸν
3552 1220 3604 1286 ἐξ
3661 1219 3855 1285 ὕδατος
3911 1220 4217 1275 ἀπολωλότα

2606 1315 2785 1385 πρώην
2830 1312 3098 1384 ἄνθρωπον
3147 1305 3527 1384 ὑποδέχονται,
3580 1310 3714 1370 πλὴν
3769 1308 3829 1364 οὑ
3885 1305 3960 1364 δι’
4020 1307 4216 1373 ὕδατος

2606 1405 2781 1472 μόνον,
2837 1397 2964 1452 ἀλλά
3012 1405 3101 1453 καὶ
3159 1402 3450 1472 Πνεύματος
3511 1402 3669 1454 θείου.
3734 1405 3835 1454 Καὶ
3892 1408 4045 1453 τοῦτο
4093 1397 4215 1453 κατ’

2606 1487 2913 1542 ἀκολουθίαν
2973 1489 3270 1561 εὐμήχανον
3301 1511 3313 1523 ·
3353 1493 3546 1549 ἤκουσε
3577 1490 3676 1565 γάρ
3740 1493 3840 1564 πρὸ
3895 1497 3991 1551 τῆς
4030 1485 4212 1562 ἓπιφοο

2603 1585 2697 1650 ρᾶς
2731 1585 2822 1630 τοῦ
2874 1577 3246 1651 κατακλυσμοῦ
3315 1582 3404 1631 τόν
3463 1577 3780 1653 ἀνθρώπινον
3829 1581 3894 1638 ὡς
3947 1601 3968 1628 ι
4017 1578 4094 1630 Οὑ
4134 1580 4207 1651 μὴ

2604 1671 2882 1739 καταμείνῃ
2916 1671 2974 1719 τό
3005 1670 3214 1740 Πνεῦμά
3247 1687 3347 1740 μου
3399 1666 3447 1720 ἐν
3496 1675 3608 1729 τοῖς
3665 1665 3958 1740 ἀνθρώποις
4006 1669 4212 1730 τούτοις

2606 1752 2699 1808 διὰ
2727 1760 2785 1808 τό
2813 1753 2940 1808 εἶναι
2969 1755 3157 1817 αὑτούς
3199 1759 3370 1830 σάρκα
3398 1777 3411 1790 ο
3451 1779 3471 1806 ι
3513 1757 3626 1810 ὃθεν
3649 1761 3740 1809 καὶ
3768 1765 3861 1809 τοῦ
3917 1759 4213 1830 Πνεύματος

2532 1863 2570 1915 Β
2603 1849 2720 1898 τότε
2780 1842 2934 1903 δίκην
2987 1852 3296 1921 περιστερᾶς
3342 1844 3668 1909 ἀποπτάντος
3719 1852 3735 1913 (
3790 1845 3883 1898 οὑκ
3919 1848 4060 1919 ἔφερε
4105 1849 4211 1921 γὰρ

2603 1939 2696 1993 τὴν
2757 1931 2980 1993 τοσήνδε
3036 1943 3136 1987 τῶν
3207 1935 3542 2009 ἀκαθαρσιῶν
3606 1931 3878 1989 δυσωδίαν
3937 1939 3955 2005 )
4007 1943 4214 2008 πνεῦμα

2602 2019 2913 2096 καταιγίδος
2958 2022 3341 2096 ὼτεπηνέχθη,
3397 2030 3487 2077 καὶ
3539 2027 3568 2084 ἠ
3613 2023 3664 2087 ἐξ
3731 2020 3936 2076 ὑδάτων
3983 2023 4212 2076 πανωλε-

2606 2114 2727 2185 θρία
2755 2115 2842 2163 καὶ
2869 2111 3004 2164 οὑτω
3036 2114 3310 2184 θεοστυγες
3357 2115 3412 2164 τὸ
3467 2120 3636 2184 μῦσος
3681 2109 3742 2171 ἦν
3794 2119 3894 2164 τῶν
3953 2110 4213 2164 κατακλυ-

2605 2203 2824 2253 σθὲντων
2861 2200 3140 2274 ἀνθρώπων
3190 2203 3255 2262 ὡς
3315 2197 3702 2260 ἀναϐλαστῆναι
3761 2208 3915 2253 τοῦτο
3965 2207 4055 2252 καὶ
4112 2206 4212 2259 τὴν

2602 2296 2755 2364 φύσιν
2813 2300 2904 2344 τοῦ
2962 2289 3281 2353 ὓδατος.οὑ
3340 2293 3442 2368 γὰρ
3511 2291 3773 2366 ἐπεφέρετο
3830 2297 3945 2345 τότε
3999 2300 4212 2365 Πνεῦμα

2602 2389 2735 2434 Θεοῦ
2767 2380 2934 2434 ἐπάνω
2961 2389 3052 2434 τοῦ
3088 2378 3283 2442 ὕδατος
3317 2403 3329 2415 ·
3364 2387 3641 2455 τεκμήριον
3697 2378 3773 2442 δὲ.
3817 2371 3919 2434 ’καὶ
3970 2383 4073 2456 γὰρ
4133 2384 4212 2433 ἔτι

2599 2474 2785 2523 τούτου
2831 2470 3258 2544 ἐπικυμαίνοντος
3310 2476 3400 2523 καὶ
3454 2479 3554 2523 τῶν
3615 2472 3906 2543 πτωμάτων
3958 2473 4024 2532 ὡς
4070 2470 4212 2533 εἰκὸς

2599 2557 3010 2634 ἐπινηχομένων,
3068 2562 3093 2612 6
3165 2564 3254 2633 μὲν
3329 2560 3492 2636 κόραξ
3571 2556 4048 2636 ἀποπτερυξλμενος
4115 2569 4211 2621 τῆς

2596 2647 3018 2722 παντοδίγμονος
3063 2649 3287 2703 κιϐωτοῦ
3344 2655 3438 2708 τὴν
3500 2651 3829 2725 ὑποστροφὴν
3883 2648 4205 2722 ἀπηνῃνατο,

2599 2738 2848 2812 ἐφιζάνων
2884 2748 2990 2801 τοῖς
3036 2749 3233 2814 νεκροῖς
3289 2746 3501 2813 σώμασι
3553 2745 3643 2794 καὶ
3700 2748 3810 2801 τοῖς
3876 2741 4211 2813 θνησιμαίοις

2599 2827 2938 2902 ἐπεντρυφῶν,
2991 2829 3250 2903 σύμϐολον
3281 2831 3348 2881 ὡν
3386 2837 3479 2883 τοῦ
3525 2834 3805 2904 χαίροντος
3845 2837 3954 2891 τοῖς
4007 2828 4212 2896 ἀνθρω-

2596 2923 2763 2981 πίνοις
2803 2925 3055 2992 πτώμασι
3113 2916 3356 2992 δαίμονος
3419 2924 3509 2972 καὶ¹
3549 2922 3879 2995 αἰμοχαροῦς
3924 2923 4015 2971 καὶ
4062 2918 4213 2990 ἐπεγ-

2595 3008 2846 3081 γελῶντος
2872 3014 3125 3081 κειμένοις
3160 3010 3284 3081 ἡμῖν
3310 3031 3322 3042 ·
3360 3008 3389 3068 ἣ
3431 3028 3491 3081 γε
3538 3014 3641 3082 μὴν
3683 3011 3964 3084 περιστερὰ
4009 3012 4081 3081 μὴ
4131 3010 4214 3060 εὑ-

2595 3105 2765 3172 ροῦσα
2791 3106 2896 3159 τοῖς
2925 3104 3080 3151 ποσὶν
3129 3099 3292 3160 αὑτῆς
3338 3098 3630 3151 ἀνάπαυσιν
3684 3099 4041 3171 παλίμπτερος
4082 3097 4210 3151 ἀνθ-

2597 3192 2910 3260 υποστρέφει
2956 3196 3028 3258 τῷ
3101 3186 3488 3244 ἀποστείλαντι.
3555 3194 3764 3260 Πνεῦμα
3819 3191 3918 3262 γὰρ
3954 3187 4100 3259 άγιον
4141 3188 4202 3240 οὗ

2596 3282 2901 3334 κατοικήσει
2931 3275 2978 3328 ἐν
3025 3282 3231 3349 σώματι
3287 3279 3570 3350 κατάχρεῳ
3626 3277 3907 3350 ἁμαρτίαις
3939 3297 3952 3311 ο
3992 3277 4204 3351 ἐπείπερ

2596 3365 3039 3442 συμϐολογραφεῐν
3070 3363 3183 3419 οἶδε
3239 3370 3522 3442 περιστερά
3573 3370 3630 3418 τό
3693 3373 3900 3438 Πνεῦμα
3943 3369 4001 3418 τό
4033 3366 4212 3437 ἅγιον,

2592 3455 2689 3508 Ἦν
2719 3459 2809 3528 μὲν
2836 3464 3001 3509 ταῦτα
3037 3459 3095 3509 τό
3123 3453 3395 3526 τηνικάδε,
3423 3461 3513 3508 καὶ
3544 3459 3602 3508 τό
3633 3457 3854 3517 ζωτικὸν
3889 3452 4034 3531 ὕδωρ
4099 3454 4211 3508 ὀλέ-

2595 3546 2736 3619 θριον
2762 3549 2939 3618 γέγονε
2978 3554 3089 3608 τοῖς
3142 3544 3449 3619 ἀνθρώποις.
3495 3549 3570 3598 Τά
3622 3553 3709 3597 νῦν
3767 3542 3827 3598 δὲ
3877 3542 4141 3618 δεύτερος,
4179 3546 4211 3596 ὃ

2593 3655 2744 3707 φασι,
2804 3636 2977 3706 πλοῦς,
3035 3641 3124 3688 καὶ
3182 3638 3418 3711 πρύμναν
3500 3639 3829 3710 κρουσαμένη
3907 3642 3999 3695 τῆς
4060 3635 4209 3706 ημῶν

2593 3727 2795 3797 φύσεως
2855 3726 2884 3782 ἡ
2953 3726 3247 3785 ὑπόστασις
3325 3725 3468 3798 παρά
3551 3731 3645 3777 τοῦ
3702 3727 4047 3799 συμφερόντος
4112 3727 4208 3776 καὶ

2591 3812 2933 3888 κυϐερνῶντος
3015 3817 3073 3866 τά
3123 3814 3242 3866 καθ’
3303 3816 3442 3886 ἡμᾶς
3504 3811 3755 3888 ἀνάρῥους
3799 3816 3911 3872 ἣκει
3971 3812 4060 3865 καί
4108 3818 4209 3872 τήν

2596 3903 2825 3957 ἐναντίαν
2872 3912 2933 3976 τῇ
2987 3907 3210 3978 προτέρᾳ
3266 3902 3557 3956 καταϐάσει
3614 3906 3911 3978 πορεύεται,
3966 3903 4020 3965 ἐξ
4072 3898 4212 3956 ὑδαο

2595 4013 2682 4056 τος
2711 3995 2864 4065 εἰςτό
2897 4000 3106 4064 Πνεῦμα
3143 3991 3244 4045 ἀπὸ
3295 4001 3388 4046 τοῦ
3437 3995 3736 4066 Πνεύματος
3788 3993 3861 4054 εἰς
3909 4011 3996 4045 τον
4049 3991 4213 4068 ούρα-

2593 4088 2678 4136 νόν
2733 4089 2823 4136 καὶ
2888 4087 2982 4142 τὴν
3045 4081 3460 4156 ἐπιθυμουμένην
3522 4085 3728 4138 θέωσιν.
3796 4082 3895 4144 Ἥς
3974 4081 4212 4155 ἀκαίρως

2593 4177 2771 4248 πρώην
2818 4168 3209 4244 ἐπιδράξασθαι
3257 4175 3567 4245 πειραθεῖσά
3614 4179 3676 4244 τῇ
3725 4170 3933 4223 ἐκτάσει
3985 4178 4078 4231 τῆς
4127 4167 4211 4224 δε-

2593 4261 2707 4324 ξιᾶς
2742 4260 2972 4314 ἀπώλεσε
3032 4265 3222 4313 καὶτά
3274 4260 3322 4313 ἐν
3378 4266 3562 4336 χερσὶ,
3629 4266 3719 4314 καὶ
3777 4264 3902 4322 Θεὸς
3959 4262 4212 4332 γενέσθαι

2588 4348 2967 4426 προσδοκήσας
2999 4352 3024 4403 6
3074 4352 3340 4424 ἄνθρωπος
3391 4347 3752 4403 κεκινδύνευκε
3809 4347 3940 4422 μηδ’
4004 4351 4181 4423 ἄνθρω

2586 4461 2680 4503 πος
2713 4438 2861 4496 εἶναι.
2890 4439 3194 4514 ’Ἄνθρωπος
3245 4444 3346 4514 γὰρ
3400 4444 3458 4492 τό
3518 4443 3762 4492 σύνθετον
3805 4438 3860 4491 ἐκ
3911 4439 4103 4511 ψυχῆς
4146 4458 4208 4496 τε

2585 4537 2673 4583 καὶ
2715 4537 2955 4603 σώματος
2984 4551 2996 4563 ο
3030 4533 3118 4582 τόν
3148 4527 3206 4583 δὲ
3237 4534 3295 4581 τό
3327 4538 3418 4582 τοῦ
3451 4532 3672 4582 θανάτου
3705 4529 3850 4602 ξίφος
3890 4526 4201 4601 διχοτομεί,

2583 4627 2673 4674 καὶ
2717 4624 2811 4679 τὴν
2863 4619 3169 4693 συμπλοκὴν
3229 4618 3456 4686 ἀναλύει,
3504 4624 3593 4672 καὶ
3645 4622 3674 4678 ἡ
3730 4619 3918 4679 κλῆσις
3973 4638 4204 4671 συνανα-

2581 4710 2776 4776 λύεται,
2808 4716 2897 4762 καὶ
2921 4718 2988 4781 ’γῆ
3023 4709 3330 4782 ὀνομάζεται
3359 4715 3532 4782 μόνον.
3566 4732 3594 4759 ιι
3645 4715 3714 4767 Γῆ
3768 4711 3867 4783 γὰρ
3914 4708 3979 4774 εἰ,
4037 4713 4198 4780 φησι,

2582 4806 2672 4854 καὶ
2714 4801 2782 4861 εἰς
2832 4808 2932 4872 γῆν
2979 4799 3260 4873 ἀπελεύσῃ.
3325 4823 3354 4851 »
3419 4801 3559 4853 Ἐπεὶ
3617 4803 3720 4874 γὰρ
3785 4799 3857 4852 ἑνὶ
3908 4795 4201 4873 πηδήματι

2581 4896 2670 4944 καὶ
2701 4890 2888 4965 ἀθρόον
2934 4893 3066 4965 πρὸς
3115 4889 3329 4964 οὐρανόν
3380 4889 3637 4949 ἀναϐῆναν
3691 4894 3817 4962 ᾤετο
3851 4910 3864 4922 ·
3895 4897 3955 4962 τῇ
4016 4887 4198 4962 ἀπάτῃ

2559 4985 2930 5055 συναρπαγεὶς
2983 4978 3276 5041 ὀλισθήσας
3339 4984 3610 5053 κατέπεσε,
3694 4986 3784 5032 καὶ
3841 4983 3966 5032 ὡσεὶ
4018 4980 4205 5051 πάχος

2554 5074 2698 5147 παρὰ
2744 5074 2830 5124 τόν
2859 5067 3018 5142 ᾅδην.
3066 5069 3423 5142 Ἐπιψαλλέτω
3470 5074 3568 5146 γὰρ
3607 5071 3633 5122 ό
3673 5066 3840 5122 Δαϐίδ
3891 5077 3963 5140 τῷ
4016 5072 4206 5142 γενάρ-

1983 5175 1994 5188 ’
2053 5154 2162 5212 ἔδει
2213 5155 2272 5212 δὲ
2331 5160 2435 5234 οὑχ
2485 5163 2672 5231 οὑτως,
2749 5160 2880 5214 ἀλλά
2939 5161 3082 5224 τάξει
3146 5165 3250 5214 τινὶ
3295 5166 3384 5214 καὶ
3455 5159 3742 5233 ἀκολουθίᾳ
3788 5164 3881 5218 τὴν
3940 5157 4204 5213 ἀνάϐασιν

2648 5342 2721 5398 Δ’.
2779 5341 2935 5396 Ἀλλά
2981 5343 3096 5416 φέρε
3140 5346 3230 5394 καὶ
3275 5341 3635 5415 πειρασόμεθα
3677 5347 3740 5414 τῇ
3793 5338 4044 5411 ἐξηγήσει
4089 5338 4204 5393 ἑπι-

2576 5431 2827 5486 ϐαλίσθαι
2851 5441 2948 5485 τῶν
2978 5440 3071 5485 τοῦ
3132 5431 3451 5505 Εύαγφελίου
3489 5431 3740 5506 ῥημάτων
3802 5438 3899 5482 τῶν
3964 5436 4199 5504 σήμερον

2576 5521 3146 5597 ἀναγνωσθησομένων.
3199 5525 3275 5578 Τά
3339 5519 3396 5576 δε
3435 5525 3746 5597 συγγραφέα
3803 5525 3889 5576 τόν
3929 5521 4196 5576 θειότατον

2407 5741 2457 5782 ⁸⁵
2487 5737 2620 5800 Psal
2646 5753 2737 5808 LII,
2766 5744 2820 5797 6.
