4468 6450
262 446 371 513 745

1427 446 1716 507 HOIILIA
1752 448 1823 507 IN
1861 447 1959 507 SS.
2000 446 2456 511 INNOCENTESo

3519 449 3628 512 746

258 582 475 656 Μάρκον
522 580 776 653 αὐχοῦσι,
853 578 1041 653 μικρὸν
1080 578 1169 650 μὶν
1244 578 1368 628 ὄντα
1403 577 1582 648 πρώην
1640 572 1689 626 έν
1756 579 1864 636 τοῖς
1896 574 1943 629 Α
1974 587 2022 656 vi

1862 594 1864 631 :
1896 574 1943 629 Δ
1974 587 2114 656 vum
2133 571 2299 645 prius
2320 571 2472 628 inter
2486 564 3027 644 fratresChristi(ex
3056 572 3435 645 septuaginta
3464 574 3626 633 enim

263 666 511 741 ἀδελφοῖς
571 673 731 722 αὑτοῦ
774 674 893 737 (τῆς
947 669 1045 741 γὰρ
1100 673 1197 717 τῶν
1266 659 1623 736 ἑϐδομήκοντα
1679 680 1867 714 συναυ-

262 757 430 818 λίαςό
462 756 637 833 ἀνὴρ),
669 757 777 809 ἀλλ’
819 760 900 810 ὅτι
938 758 993 809 αἱ
1037 762 1213 827 χεῖρες
1266 753 1424 805 αὑτοῦ
1476 751 1728 809 ἐποίησαν
1785 755 1867 825 ὄρ-

263 865 424 918 γανον
455 851 740 920 σωτηρίας,
768 850 858 899 καὶ
895 846 945 899 οἱ
984 841 1232 898 δάκτυλοι
1271 842 1430 894 αὐτοῦ
1468 842 1768 913 ἡρμόσαντο
1807 844 1865 893 τό

262 946 362 999 τῆς
428 936 703 1009 βασιλείας
765 936 1052 1013 γράψαντες
1111 932 1438 1007 Εὐαγγέλιον·
1500 931 1571 993 εἰς
1619 936 1865 1005 μέγιστον

264 1027 412 1087 κλέος
441 1026 641 1102 έπήρθη
690 1032 781 1079 καὶ
836 1030 966 1099 πρὸς
1024 1026 1289 1096 ἰσοτιμίαν
1346 1022 1497 1080 ἀνέϐη
1554 1032 1654 1075 τῶν
1712 1041 1866 1097 κορυ-

264 1121 451 1189 φαίων·
508 1116 879 1189 εὐηγγελίσατο
934 1117 1033 1189 γὰρ
1087 1110 1429 1172 δικαιοσύνην
1478 1112 1525 1165 έν
1582 1111 1869 1185 Ἐκκλησία

262 1206 465 1280 μεγάλη
498 1209 675 1269 πάσης
702 1214 797 1268 τῆς
825 1204 1147 1277 οἰκουμένης,
1177 1208 1266 1256 καὶ
1295 1203 1364 1264 εἰς
1405 1209 1575 1255 πᾶσαν
1618 1205 1720 1275 γαρ
1773 1207 1867 1261 τὴν

260 1304 367 1367 γῆν
395 1294 600 1359 έξῆλθεν
632 1297 658 1348 6
690 1297 913 1367 φθόγγος
937 1294 1118 1347 αὐτοῦ.
1157 1297 1257 1347 Καὶ
1314 1295 1458 1345 ενίων
1519 1294 1608 1363 μὲν
1666 1291 1766 1342 τῶν
1816 1291 1867 1343 έν

264 1393 377 1446 τοῖς
404 1381 615 1438 δώδεκα
637 1387 702 1438 τὰ
728 1384 955 1457 ὀνόματα
991 1382 1119 1455 τάχ’
1171 1381 1232 1433 ἀν
1287 1390 1395 1442 τοῖς
1444 1380 1651 1442 πολλοίς
1706 1381 1868 1451 οἰγνω-

266 1493 391 1526 στασ
424 1481 517 1526 τοῦ
539 1470 597 1527 δε
629 1476 696 1536 ὡς
730 1475 1029 1547 θαυμαστόν
1060 1475 1117 1523 τό
1172 1474 1333 1543 ὄνομα
1379 1468 1427 1521 έν
1482 1472 1625 1541 πάσῃ
1658 1476 1717 1541 τῇ
1772 1476 1865 1540 γῇ,

266 1567 360 1615 καὶ
425 1561 474 1614 ἓν
540 1561 724 1634 ὑψηλῷ
790 1571 861 1633 τῷ
917 1564 1221 1637 κηρύγματι
1286 1561 1313 1611 ό
1369 1558 1740 1631 εὐαγγελιστης
1806 1567 1868 1628 τῷ

263 1651 567 1724 Εὖαγγελίῳ
671 1651 1211 1725 συμμεγαληγορείται

264 1751 462 1815 τρανῶς
492 1740 575 1794 επὶ
604 1749 695 1793 τοῦ
724 1741 859 1815 ἱεροῦ
885 1748 979 1802 τῆς
1010 1738 1319 1798 Ἐκκλησίας
1376 1736 1701 1811 ὁκρίϐαντος.
1763 1736 1869 1789 Κάν

1315 1654 1405 1701 καὶ
1473 1655 1869 1720 σκυνεκιρωνείται

265 1832 335 1892 εἰς
386 1836 482 1889 τὴν
521 1829 851 1906 βαρϐαρικὴν
918 1828 1195 1886 ἐκκλησίαν
1250 1826 1502 1899 εἰσέλθῃς.
1562 1835 1868 1902 Χριστιανι-

1973 654 2281 733 discipulis
2302 660 2469 729 erat),
2503 659 2609 715 sed
2638 660 2767 731 ejus
2793 675 3011 717 manus
3042 658 3249 717 salutis
3271 661 3630 719 instrumen-

1976 754 2103 806 tum
2133 747 2442 805 confecere
2467 752 2525 804 et
2547 746 2717 819 digiti
2738 748 2868 819 ejus
2893 748 3246 805 ordinavere
3296 749 3625 807 scribentes

1976 838 2362 909 Evangelium
2380 838 2566 907 regni'
2592 838 2680 893 Ad
2696 838 3026 901 maximam
3046 836 3301 908 gloriam
3318 838 3510 895 elatus
3542 845 3630 897 est

1974 932 2031 984 et
2047 942 2237 999 usque
2254 926 2331 984 ad
2345 926 2803 999 coryphteorum
2822 927 3109 983 honorem
3125 927 3413 983 ascendit.
3446 931 3628 985 Evan-

1976 1015 2247 1087 gelizavit
2272 1015 2433 1071 enim
2467 1015 2759 1086 justitiam
2790 1016 2851 1071 in
2876 1031 3101 1095 magna
3130 1016 3307 1072 totius
3335 1016 3497 1073 orbis
3528 1020 3631 1074 Ec-

1974 1105 2156 1162 clesia
2184 1109 2241 1161 et
2265 1104 2326 1160 in
2356 1120 2602 1161 omnem
2631 1110 2847 1161 terram
2880 1105 3058 1161 exivit
3110 1121 3299 1161 sonus
3354 1107 3509 1178 ejus.
3564 1110 3632 1163 Et

1975 1194 2385 1268 quorumdam
2407 1193 2654 1265 quidem
2684 1209 2755 1249 ex
2781 1192 3102 1250 duodecim
3130 1194 3378 1251 nomina
3427 1194 3629 1251 multis

1976 1283 2123 1341 forte
2150 1284 2509 1353 suntignota
2533 1300 2546 1350 ;
2578 1282 2759 1355 hujus
2776 1288 2979 1339 autem
3000 1282 3271 1340 mirabile
3287 1288 3377 1340 est
3405 1300 3628 1340 nomen

1976 1373 2036 1429 in
2058 1373 2335 1429 universa
2365 1377 2537 1441 terra,
2566 1376 2623 1429 et
2652 1371 2883 1429 excelso
2925 1372 3227 1445 praeconio
3265 1374 3631 1444 evangelista

1980 1478 2100 1518 una
2115 1477 2254 1518 cum
2269 1460 2589 1531 Evangelio
2606 1460 2762 1517 clare
2776 1461 3199 1532 magnificatur
3213 1466 3269 1518 et
3288 1462 3628 1534 proclama-

1979 1549 2145 1605 turin
2168 1564 2339 1604 sacro
2359 1548 2629 1604 Ecclesiae
2652 1553 2961 1620 suggestu.
2987 1552 3052 1603 Et
3078 1548 3126 1604 si
3147 1549 3206 1604 in
3228 1548 3629 1605 barbarorum

1977 1637 2289 1694 ecclesiam
2307 1638 2513 1706 intres,
2538 1637 2935 1693 Christianam
2957 1642 3179 1702 tamen,
3204 1638 3330 1693 fieri
3356 1642 3552 1710 potest
3567 1643 3632 1695 ut

1979 1727 2353 1797 evangelicas
2371 1742 2547 1783 voces
2564 1742 2685 1783 non
2704 1726 2997 1798 intelligas
3017 1732 3259 1800 propter
3274 1727 3496 1797 linguas
3534 1727 3630 1783 di-

1978 1816 2317 1873 versitatem
2353 1834 2366 1883 ;
2397 1818 2624 1872 Marcus
2656 1820 2855 1872 autem
2897 1831 3022 1872 non
3078 1814 3445 1872 adulteratus
3495 1820 3629 1872 tuas

262 1925 363 1978 κην
387 1916 437 1972 δ’
469 1922 620 1992 ὅμως,
678 1928 776 1971 τῶν
830 1923 919 1991 μὲν
973 1917 1315 1989 εὖαγγελικῶν
1371 1917 1617 1991 ῥημάτων
1673 1915 1863 1987 ἑστήξῃ
1908 1922 2026 1977 Bﬂ‘

1908 1923 1951 1977 Β
1981 1920 2156 1961 aures
2171 1904 3085 1977 penetrabit,etevangelicorum
3099 1906 3421 1961 verborum
3435 1904 3631 1961 lectio-

264 2010 514 2071 ἀσύνετος
541 2006 634 2062 δ’ιά
661 2013 720 2061 τὸ
778 2007 1146 2081 ἀλλόγλωττονο
1198 2009 1224 2059 6
1281 2010 1493 2081 Μάρκος
1551 2002 1608 2059 δε
1663 2006 1866 2080 ἀπαραο

262 2105 483 2160 ποίητος
538 2095 843 2151 εἰσδύσεταί
912 2117 1005 2150 σου
1053 2100 1145 2159 τὰς
1204 2094 1380 2163 ἀκοὰς,
1431 2100 1521 2147 καὶ
1580 2093 1869 2167 ἀνάγνωσιν

265 2188 609 2261 εὖαγγελικῶν
672 2187 920 2262 ῥημάτων
986 2192 1271 2259 τεκμήραιο
1328 2190 1416 2237 καὶ
1476 2181 1721 2247 δοξάσεις
1784 2188 1871 2237 τὸν

268 2283 483 2352 Κύριον·
518 2278 681 2338 Οὗτος
710 2282 881 2329 τοίνυν
934 2278 958 2328 6
1025 2276 1330 2336 τηλικοῦτος
1397 2274 1791 2346 εὐαγγελιστὴς,
1846 2274 1872 2325 ό

266 2372 358 2425 τὴν
391 2370 579 2443 φράσιν
610 2366 872 2439 ἐπίτομος,
923 2371 1017 2425 τὴν
1074 2362 1133 2418 δε
1183 2374 1373 2437 γνῶσιν
1429 2364 1643 2429 πλατὺς,
1698 2361 1873 2437 ἀρχὴν

270 2466 364 2510 τοῦ
394 2457 509 2510 κατ’
539 2456 694 2509 αὐτόν
728 2456 1041 2528 Εὖαγγελίου
1080 2464 1302 2508 ποιεῖται
1359 2459 1451 2513 τήν
1508 2453 1555 2505 έν
1610 2462 1682 2525 τῷ
1746 2453 1876 2526 Ἰορ-

275 2544 411 2620 δάνῃ
456 2550 740 2622 φανέρωσιν
807 2554 897 2598 τοῦ
955 2548 1078 2599 Υὶοῦ
1140 2553 1231 2597 τοῦ
1272 2552 1425 2599 Θεοῦ.
1483 2548 1735 2619 Πρότερον
1788 2540 1875 2595 οὖν

276 2636 377 2712 έρῶ
402 2640 529 2711 πρός
556 2638 710 2709 ὑμᾶς,
738 2637 858 2711 ὅπερ
889 2640 990 2687 τινὶ
1017 2643 1115 2687 τῶν
1177 2643 1267 2687 τοῦ
1333 2634 1648 2707 Εὗαγγελίου
1708 2654 1876 2707 σοφω-

273 2729 439 2779 τάτων
481 2724 743 2798 ἐξηγητῶν
809 2728 1097 2799 χαριέντως
1147 2728 1377 2782 νενόηταί
1433 2742 1486 2776 τε
1542 2728 1630 2776 καὶ
1692 2728 1880 2799 γέγρα·

276 2836 424 2869 πται.
479 2821 586 2877 Τῆς
650 2823 750 2866 τῶν
826 2814 1201 2886 εὐαγγελιστῶν
1272 2816 1417 2866 ἕνεκα
1480 2816 1791 2886 τετρακτύος
1853 2814 1878 2864 6

274 2906 500 2958 ἐπὶτῶν
558 2904 841 2980 Χερουϐὶμ,
903 2910 1054 2977 φησὶ,
1114 2905 1398 2976 καθήμενος
1451 2907 1595 2969 Θεὸς,
1628 2902 1661 2955 ἀ
1705 2922 1878 2976 τετρα-

273 2999 535 3070 πρόσωπα
565 2997 594 3054 ἡ
632 3000 803 3070 Γραφη
846 2994 1001 3066 λέγει,
1066 2990 1365 3067 παρέδωκεν
1423 2996 1547 3066 ἡμῖν
1601 2994 1880 3068 τετράμορ-

274 3105 367 3157 φον
426 3088 484 3137 τό
560 3083 873 3156 Εὐαγγέλιον
940 3082 987 3135 έν
1054 3083 1127 3136 ἑνὶ
1192 3086 1445 3156 πνεύματι
1512 3088 1876 3156 συνεχόμενον.

271 3184 455 3247 Ωσπερ
497 3170 585 3226 οὖν
611 3182 710 3226 τῶν
776 3172 1043 3249 Χερουϐὶμ
1100 3174 1317 3226 ἕκαστον
1384 3173 1431 3225 ἓν
1483 3176 1573 3245 μὲν
1602 3177 1880 3247 πρόσωπον

272 3265 416 3337 εἶχεν
448 3266 623 3337 ὅμοιον
652 3263 836 3329 λέοντι,
896 3262 1063 3338 ἕτερον
1133 3259 1191 3315 δὲ
1258 3261 1509 3337 ἀνθρώπῳ
1561 3267 1650 3315 καὶ
1714 3263 1880 3338 ἕτερον
1922 3284 1961 3340 C

272 3352 427 3426 ἀετῷ,
464 3360 554 3408 καὶ
588 3354 755 3429 ἕτερον
798 3358 1011 3427 μόσχῳ·
1076 3353 1210 3405 οὕτω
1262 3358 1350 3407 καὶ
1400 3356 1428 3412 ἡ
1481 3361 1571 3406 τοῦ
1622 3352 1882 3425 εὐαγγελι-

270 3452 366 3497 κοῦ
429 3447 768 3520 κηρύγματος
841 3448 1194 3519 πραγματεία.
1273 3448 1374 3496 Καὶ
1450 3446 1508 3495 τὸ
1583 3446 1672 3516 μὲν
1746 3446 1883 3496 κατά

275 3534 516 3592 Ἰωάννην
584 3532 894 3606 Εὖαγγέλιον
973 3533 1085 3606 ἐχει
1158 3531 1328 3584 λεοντο
1365 3537 1664 3608 πρόσωπον,
1723 3530 1882 3605 βασι-

267 3623 415 3677 λικόν
454 3626 555 3698 γὰρ
595 3625 621 3675 6
673 3622 795 3675 λέων
862 3626 951 3675 καὶ
1018 3624 1345 3695 ἡγεμονικόν·
1408 3624 1597 3695 ὁμοίως
1647 3617 1733 3674 οὖν
1792 3626 1883 3673 καὶ

270 3715 296 3766 ὁ
326 3712 568 3773 Ἰωάννης
598 3710 699 3764 ἀπὸ
730 3718 822 3764 τοῦ
852 3710 1134 3785 βασιλικοῦ
1192 3715 1282 3763 καὶ
1350 3707 1663 3764 δεσποτικοῦ
1724 3709 1881 3773 ἀξιώ-

270 3822 433 3877 ματος
462 3810 560 3864 τῆς
591 3804 827 3861 θεότητος
853 3808 943 3853 τοῦ
1000 3804 1173 3873 Λόγου
1243 3800 1457 3873 ἤρξατο,
1522 3801 1693 3853 εἰπών·
1722 3823 1749 3850 ‹‹
1804 3801 1883 3853 Ἐν

274 3891 421 3965 ἀρχῇ
458 3888 518 3949 ἦν
547 3892 572 3943 6
597 3897 787 3962 Λόγος,
821 3895 910 3943 καὶ
950 3893 1069 3951 Θεὸς
1092 3887 1151 3949 ἧν
1183 3892 1207 3942 6
1241 3894 1429 3963 Λόγος
1462 3913 1487 3940 n
1512 3893 1569 3942 τό
1636 3887 1695 3943 δε
1750 3892 1885 3942 κατά

268 3984 543 4038 Ματθαὼν
572 3979 1163 4057 ἀνθρωπόμορφον-ἀπό
1218 3983 1319 4055 γὰρ
1374 3988 1467 4042 τῆς
1520 3983 1656 4033 κατά
1713 3982 1886 4056 σάρκα

265 4077 557 4146 γεννήσεως
600 4075 691 4123 καὶ
765 4070 1199 4144 mammam;
1264 4078 1356 4123 τοῦ
1426 4075 1599 4142 Λόγου
1668 4070 1883 4146 ἤρξατο.

268 4165 339 4216 T6
367 4158 427 4214 δὲ
474 4163 608 4213 κατά
656 4161 867 4234 Μάρκον
919 4159 1051 4231 ἀετῷ
1104 4161 1563 4234 παρεικαζόμενον·
1627 4160 1726 4212 ἀπὸ
1783 4163 1885 4235 γὰρ

1299 4270 1312 4283 ·
1367 4251 1397 4307 ἡ
1464 4246 1525 4302 δέ
1576 4254 1885 4326 προφητεία,

265 4342 435 4416 χάρις
488 4344 808 4414 προορατικὴ
860 4336 1012 4411 οὖσα,
1059 4338 1211 4402 ὀξέως
1267 4342 1333 4392 τὰ
1394 4338 1569 4414 πόρρω
1620 4338 1891 4413 βλέπουσα

267 4259 361 4312 τῆς
402 4254 721 4324 προφητείας
751 4250 947 4323 ἣρξατο
999 4249 1236 4303 Ἰωάννου

270 4428 421 4489 ἀετός
469 4427 603 4481 ἐστι·
647 4424 1085 4502 ὀξυδερκέστατος
1122 4432 1221 4501 γὰρ
1289 4430 1315 4481 ό
1370 4427 1535 4491 ἀετός.
1591 4432 1799 4501 Μόσχῳ
1831 4424 1891 4483 δέ

268 4522 419 4592 ὄμιον
450 4522 507 4571 τό
539 4520 676 4570 κατά
733 4525 962 4587 Λουκᾶν,
1031 4514 1173 4571 διότι
1204 4517 1304 4571 ἀπὸ
1358 4526 1449 4579 τῆς
1512 4516 1890 4592 ἀρχιερατικῆς

271 4606 419 4672 ἀξίας
444 4615 536 4660 τοῦ
564 4612 832 4684 Ζαχαρίον
874 4607 1068 4682 ἤρξατο
1107 4609 1234 4683 ὑπερ
1301 4616 1400 4659 τῶν
1469 4605 1734 4681 ἁμαρτιῶν
1800 4616 1892 4660 τοῦ
1928 4648 1969 4702 D

262 4698 394 4752 λαοῦ
423 4699 725 4771 θυμιῶντος·
758 4702 846 4750 καὶ
872 4702 1084 4770 μόσχος
1140 4694 1197 4750 δε
1257 4694 1317 4756 ἦν
1367 4699 1392 4750 ό
1448 4699 1693 4770 θυόμενος
1751 4703 1887 4751 τότε·

270 4792 376 4842 Καὶ
414 4795 583 4840 ταῦτα
620 4791 710 4860 μεν
777 4786 912 4840 οὓτω
944 4788 1057 4839 κατ’
1096 4785 1306 4839 ἀστείαν
1334 4791 1447 4839 τινα
1497 4792 1591 4846 την
1648 4786 1889 4846 ἐπιϐολήν

269 4876 638 4950 ὑψολογεῐται.
707 4879 819 4933 Τῶν
880 4886 1037 4953 τριῶν
1099 4882 1270 4929 τοίνυν
1313 4879 1669 4953 παρεαθέντων
1727 4897 1888 4953 προσ-

268 4969 477 5020 ῶπωνό
526 4966 677 5029 ἀετός
728 4968 850 5042 ἄρτι
904 4966 1372 5042 παῤῥησιαξέσοω,
1432 4970 1491 5019 τό
1556 4968 1672 5019 κατ’
1732 4968 1888 5020 αὐτόν

267 5057 439 5119 λύσας
480 5060 683 5131 πτερόν,
718 5062 808 5110 καὶ
839 5058 1144 5131 ἐφιπτάσθω
1188 5062 1307 5130 ἡμῖν
1352 5065 1463 5119 τοῖς
1506 5065 1745 5113 νεοσσοῖς
1788 5057 1888 5110 αὐ-

266 5156 386 5203 τοῦ’
440 5144 534 5201 διὰ
568 5150 668 5223 γάρ
715 5155 807 5200 τοῦ
856 5146 1175 5220 Εὐαγγελίου
1228 5156 1338 5209 τοῖς
1382 5146 1693 5210 ἀποστόλοις
1738 5150 1889 5220 ἡμεῖς

266 5240 644 5313 γεγεννήμεθα.
720 5242 821 5291 Καὶ
904 5233 1032 5299 διεὶς
1097 5240 1184 5299 τὰς
1252 5242 1511 5314 πτέρυγας
1571 5242 1733 5290 αὐτοῦ
1781 5238 1887 5291 ἐπι-

271 5332 537 5392 σκιαζέτω
587 5323 683 5381 διὰ
730 5335 825 5381 τοῦ
875 5330 925 5381 εν
972 5327 1115 5399 αὐτῷ
1156 5330 1473 5402 Πνεύματος·
1528 5334 1618 5382 καὶ
1666 5324 1888 5404 ὀξυδερ-

267 5422 413 5480 κείας
449 5414 786 5492 μεταδιδότω
818 5422 890 5481 εὶς
931 5421 990 5472 τό
1030 5426 1385 5472 κατοπτεῦσαι
1432 5420 1498 5471 τὰ
1537 5417 1585 5471 έν
1628 5426 1702 5491 τῷ
1732 5416 1889 5493 βάθει

267 5517 374 5562 τῶν
435 5510 582 5562 θείων
647 5508 813 5583 λόγων
890 5507 1281 5584 έγκεκρυμμένα
1352 5514 1611 5584 νοήματα.
1665 5510 1887 5564 Ἐπαινῶ

268 5603 364 5677 μὲν
412 5602 501 5653 τόν
541 5597 687 5653 ἀετὸν
738 5603 798 5653 τό
833 5600 971 5655 κατὰ
1015 5603 1229 5676 Μάρκον
1280 5602 1675 5680 παρεικάσαντα
1720 5600 1888 5677 Εὐαγ-

347 5778 663 5853 "10811-1,
702 5783 751 5839 ι.

497 5897 752 5962 Pauor.
788 5898 892 5962 Gn.
917 5898 1068 5962 CXL.

1980 2002 2119 2042 nem
2141 1985 2525 2041 meditaberis
2566 1992 2620 2040 et
2644 1985 2923 2041 laudabis
2950 1986 3292 2041 Dominum.
3329 1986 3425 2041 llic
3456 1986 3634 2057 igitur

1984 2081 2181 2132 tantus
2202 2075 2567 2146 evangelista
2592 2074 2850 2130 dictione
2873 2074 3094 2144 brevis,
3143 2074 3391 2130 scientia
3430 2080 3633 2131 autem

1980 2165 2398 2235 latus,initium
2422 2165 2511 2221 sui
2537 2164 2842 2236 Evangelii
2862 2166 3001 2221 facit
3024 2165 3145 2221 Filii
3174 2166 3269 2222 Dei
3294 2164 3351 2220 in
3373 2165 3635 2221 Jordane

1982 2255 2548 2311 manifestationem.
2572 2254 2739 2310 Prius
2762 2254 2939 2323 igitur
2960 2254 3129 2309 vobis
3154 2254 3353 2310 dicam
3376 2254 3541 2327 quod
3556 2253 3635 2311 ab

1984 2361 2105 2402 uno
2127 2361 2199 2401 ex
2230 2344 2686 2417 sapientissimis
2728 2343 3032 2413 Evangelii
3070 2342 3493 2416 interpretibus
3540 2360 3638 2399 ex-

1984 2435 2311 2506 cogitatum
2333 2439 2389 2491 et
2421 2434 2709 2507 scriptum
2741 2437 2829 2489 est
2858 2432 2932 2489 de
2954 2438 3217 2505 quatuor
3240 2432 3637 2503 evangelista-

1983 2541 2119 2581 rum
2149 2540 2402 2581 numero
2445 2543 2457 2580 :
2485 2525 2594 2591 Qui
2628 2539 2810 2596 super
2839 2523 3171 2592 cherubim,
3204 2523 3420 2596 inquit,
3475 2524 3642 2580 sedet

1989 2618 2161 2679 Deus,
2185 2616 2407 2688 quibus
2444 2618 2703 2687 quatuor
2723 2613 2920 2669 vultus
2954 2614 3257 2685 Scriptura
3274 2612 3496 2682 tribuit,
3524 2618 3641 2669 tra-

1987 2703 2137 2761 didit
2175 2704 2349 2759 nobis
2377 2702 2757 2776 quadruplici
2788 2702 2937 2759 facie
2966 2701 3377 2772 Evangelium,
3427 2702 3486 2757 in
3518 2717 3641 2758 uno

1990 2794 2198 2866 spiritu
2219 2792 2745 2865 comprehensum.
2768 2791 3294 2858 Quemadmodum
3317 2791 3477 2847 enim
3500 2791 3643 2847 che-

1986 2883 2185 2939 rubim
2201 2882 2682 2954 unumquodque
2699 2898 2881 2937 unam
2894 2881 3141 2954 quidem
3158 2881 3366 2936 faciem
3382 2880 3647 2937 habebat

1987 2974 2144 3029 leoni
2158 2972 2431 3038 similem,
2453 2971 2633 3027 aliam
2647 2986 2787 3027 vero
2804 2970 3057 3035 homini,
3072 2975 3128 3026 et
3147 2969 3380 3027 tertiam
3404 2970 3640 3043 aquilas,

1989 3069 2342 3136 ctquartam
2364 3062 2550 3118 vitulo
2577 3081 2589 3131 ;
2613 3062 2694 3117 ita
2723 3067 2780 3118 et
2799 3060 3129 3131 evangelici
3161 3059 3444 3133 przeconii
3468 3062 3645 3118 actio.

1992 3157 2058 3211 Et
2075 3152 2323 3227 quidem
2354 3151 2745 3223 Evangelium
2768 3150 3103 3208 secundum
3133 3147 3432 3208 Joannem
3462 3151 3648 3208 habet

1994 3244 2184 3300 leonis
2206 3242 2449 3309 faciem;
2475 3241 2701 3297 animal
2719 3242 2879 3297 enim
2899 3242 3131 3311 regium
3146 3246 3232 3298 est
3253 3246 3309 3297 et
3328 3240 3648 3314 imperato.

1991 3334 2146 3389 rium
2178 3331 2271 3388 leo
2306 3347 2318 3398 ;
2342 3331 2609 3387 similiter
2639 3331 2815 3401 igitur
2837 3335 2892 3387 et
2919 3332 3179 3387 Joannes
3206 3346 3242 3387 a
3270 3330 3431 3400 regia
3452 3334 3509 3387 et
3541 3333 3652 3387 Do-

1992 3423 2213 3478 minica
2242 3420 2568 3477 divinitatis
2591 3420 2884 3491 dignitate
2937 3435 3281 3476 sermonem
3340 3420 3517 3493 cepit,
3566 3418 3653 3476 di.

1992 3528 2132 3568 cens
2156 3529 2169 3566 :
2204 3533 2231 3560 ‹‹
2255 3514 2315 3565 in
2340 3510 2632 3583 principio
2663 3514 2790 3566 erat
2809 3508 3088 3575 Verbum,
3113 3515 3170 3566 et
3193 3512 3346 3565 Deus
3369 3513 3497 3566 erat
3517 3510 3655 3566 Ver-

1991 3601 2140 3657 bum
2164 3603 2231 3656 ιε’.
2258 3623 2277 3648 ι
2310 3600 2701 3669 Evangelium
2730 3603 2932 3655 autem
2956 3597 3293 3655 secundum
3312 3599 3655 3656 Matthaaum

1991 3691 2206 3748 faciem
2229 3690 2490 3747 hominis
2512 3688 2729 3745 habet:
2759 3705 2794 3745 a
2810 3689 3116 3745 nativitate
3133 3688 3293 3745 enim
3318 3688 3655 3745 secundum

1994 3798 2238 3839 carnem
2272 3787 2329 3838 et
2350 3780 2524 3837 Verbi
2546 3780 2958 3837 incarnatione
2995 3780 3400 3837 narrationem
3428 3780 3655 3853 incipit.

1996 3871 2381 3943 Evangelium
2426 3885 2568 3925 vero
2597 3869 2931 3925 secundum
2961 3871 3223 3927 Marcum
3263 3868 3477 3943 aquilae
3496 3885 3659 3925 com-

1995 3968 2241 4035 paratur
2263 3979 2276 4028 ;
2298 3978 2333 4017 a
2352 3960 2596 4016 Joannis
2612 3960 2773 4015 enim
2790 3959 3107 4032 prophetia
3122 3960 3343 4032 incepit
3365 3975 3379 4026 ;
3402 3959 3659 4033 propheo

1996 4053 2076 4110 tia
2105 4067 2306 4125 porro,
2340 4067 2479 4107 cum
2519 4067 2612 4106 res
2643 4044 3202 4123 praevideat,rapide
3224 4065 3295 4106 ea
3315 4066 3452 4123 qure
3480 4049 3659 4121 longe

1997 4148 2134 4198 sunt
2156 4140 2549 4214 prospiciens,
2566 4139 2771 4212 aquila
2792 4145 2917 4205 est;
2946 4140 3293 4196 acutissime
3315 4140 3476 4195 enim
3496 4139 3661 4197 videt

1999 4231 2219 4305 aquila.
2264 4230 2457 4286 Vitulo
2498 4229 2690 4284 simile
2740 4236 2826 4286 est
2878 4228 3265 4300 Evangelium
3324 4229 3660 4285 secundum

2001 4324 2241 4386 Lucam,
2275 4335 2347 4376 eo
2376 4318 2541 4391 quod
2572 4318 2818 4392 incipiat
2866 4334 2895 4371 τι
2949 4317 3304 4375 sacerdotali
3362 4318 3660 4375 Zacharias

2000 4410 2285 4483 dignitate
2308 4424 2417 4481 pro
2439 4408 2697 4482 peccatis
2721 4407 2928 4481 populi
2952 4408 3315 4464 sacriﬁcium
3337 4408 3660 4474 offerentis,

2000 4506 2059 4557 et
2082 4506 2221 4556 tunc
2251 4498 2538 4571 temporis
2560 4497 2778 4554 vitulus
2800 4497 3251 4555 immolabatur.
3276 4501 3341 4553 Et
3365 4498 3495 4553 haec
3524 4499 3665 4571 qui~

2002 4589 2141 4645 dem
2168 4588 2426 4659 eleganti
2457 4592 2753 4660 conceptu
2781 4586 3063 4643 celebrat.
3095 4587 3306 4643 Tribus
3334 4587 3513 4659 igitur
3530 4588 3663 4644 aliis

2002 4679 2264 4735 vultibus
2285 4678 2547 4744 omissis,
2572 4677 2773 4750 aquila
2799 4678 2923 4749 iam
2941 4678 3257 4750 eloquatur
3283 4677 3410 4734 alas
3428 4678 3664 4734 solvens

2001 4776 2057 4827 et
2086 4769 2263 4826 nobis
2293 4770 2414 4824 suis
2444 4767 2622 4841 pullis
2659 4768 3064 4840 supervolitet,
3122 4784 3228 4840 per
3276 4768 3665 4839 Evangelium

2000 4862 2157 4915 enim
2188 4858 2268 4915 ab
2299 4856 2585 4930 apostolis
2618 4857 2801 4930 geniti
2834 4873 3048 4913 sumus
3093 4863 3186 4927 ;et
3216 4857 3344 4913 alas
3372 4874 3514 4913 suas
3568 4874 3665 4914 ex“

1999 4948 2251 5005 tendens
2273 4964 2384 5004 nos
2405 4946 2729 5003 obumbret
2749 4962 2856 5019 per
2880 4948 3159 5019 Spiritum
3180 4948 3279 5020 qui
3301 4948 3363 5003 in
3396 4950 3527 5019 ipsa
3545 4952 3661 5016 est;

1998 5037 2389 5111 etparticipes
2427 5052 2538 5092 nos
2562 5036 2741 5092 faciat
2772 5036 2867 5092 sui
2919 5037 3215 5092 acuminis
3255 5042 3320 5093 ut
3361 5036 3666 5110 possimus

1997 5127 2214 5185 intueri
2240 5144 2313 5183 ea
2337 5144 2473 5199 quas
2507 5127 2566 5182 in
2592 5126 2935 5182 divinorum
2962 5142 3312 5183 sermonum
3360 5123 3669 5200 profundi-

1998 5223 2117 5276 tate
2146 5216 2506 5274 abscondita
2535 5222 2693 5272 sunt.
2721 5215 2926 5272 Laudo
2945 5216 3194 5289 quidem
3225 5233 3361 5274 eam
3388 5219 3665 5289 Evange-

1996 5307 2060 5364 lii
2082 5306 2417 5364 secundum
2445 5308 2709 5363 Marcum
2728 5322 2867 5363 cum
2889 5305 3105 5380 aquila
3122 5306 3661 5380 comparationem.

1997 5401 2294 5455 Accurata
2325 5397 2487 5454 enim
2517 5403 2609 5453 est
2634 5396 3010 5470 comparatio
3040 5409 3166 5453 non
3204 5396 3389 5453 modo
3418 5400 3666 5471 propter

1995 5488 2244 5546 Joannis
2267 5486 2676 5562 prophetiam,
2711 5486 2816 5543 sed
2837 5486 2983 5561 quia
3009 5486 3307 5544 sermonis
3327 5486 3515 5544 facies
3549 5492 3668 5543 sta-

1998 5580 2106 5640 tim
2133 5578 2458 5639 Jordanem
2475 5578 2707 5653 aspicit,
2729 5576 2837 5636 ubi
2858 5576 3197 5650 soljustiticc
3220 5592 3430 5637 recens
3452 5577 3663 5636 oritur.

3053 5862 3126 5963 at
