4468 6450
792 408 897 467 747

1945 406 2259 465 GERMANI
2297 408 2342 462 ll
2377 408 2480 463 ΟΡ.
2523 395 3014 465 PATRIARCHE.

4066 399 4167 462 ’Ἰιὸ

795 532 1013 606 Aquila
1041 533 1244 587 autem
1277 522 1407 586 sola
1435 545 1508 585 ex
1546 530 1832 587 omnibus
1863 531 2228 588 animalibus
2262 533 2457 603 potest
2484 537 2530 586 Α

2399 533 2457 586 κει
2484 537 2530 586 Α
2564 527 2753 601 γέλιον·
2785 536 3042 603 εὔστοχος
3061 533 3163 606 γὰρ
3195 532 3225 589 ἠ
3258 533 3582 603 παρεικασία
3609 529 3668 580 οῦ
3724 532 3878 601 μόνον
3932 525 4026 581 διὰ
4073 531 4163 587 τὴν

793 621 1033 677 intentis
1057 617 1245 675 oculis
1267 623 1322 673 et
1352 617 1584 691 absque
1613 619 1819 675 dolore
1837 620 1976 675 solis
1994 619 2198 676 radios
2215 619 2450 674 intueri.

796 709 1063 766 Ostendit
1084 705 1429 777 evangelica
1453 708 1656 780 aquila
1679 715 1737 764 et
1783 709 1846 763 in
1899 709 2146 764 flumine
2197 707 2454 764 Jordane

796 797 1163 853 celebratum
1193 795 1468 851 divinum
1500 797 1874 867 mysterium.
1925 796 2452 862 Quemadmodum

795 887 954 942 enim
975 886 1247 941 humana
1263 883 1443 939 facies
1456 884 1757 954 Evangelii
1773 884 2108 941 secundum
2123 887 2171 940 Μ
2179 885 2453 946 atthasum

795 975 1129 1030 festivitatis
1159 973 1511 1045 mysterium
1542 971 1904 1044 designavit,
1937 975 2017 1030 ita
2047 980 2103 1030 et
2155 972 2453 1042 Evangelii

796 1063 1128 1119 secundum
1150 1064 1411 1118 Marcum
1432 1061 1637 1134 aquila
1648 1064 2005 1136 mysterium
2027 1061 2249 1118 revelat
2268 1061 2453 1116 divini

797 1151 1175 1224 baptismatis
1189 1166 1310 1222 quo
1323 1156 1739 1220 renovatur,ut
1753 1151 1990 1224 aquilae,
2004 1151 2220 1206 veteris
2239 1148 2453 1205 Adami

791 1241 1102 1311 juventus,
1138 1238 1348 1294 abluta
1377 1238 1557 1294 hodie
1587 1239 1649 1294 in
1679 1239 1942 1295 Jordane
1967 1246 2024 1296 et
2049 1256 2183 1295 eam
2213 1255 2350 1311 quae
2377 1253 2451 1293 ex

795 1327 1268 1398 transgressione
1294 1326 1619 1398 prodierat,
1651 1329 2095 1401 corruptionem
2127 1328 2446 1383 excutiens.

799 1420 864 1472 Et
889 1416 1130 1472 aliunde
1156 1415 1358 1488 aquila
1379 1415 1508 1471 sola
1536 1416 1688 1471 inter
1718 1417 1990 1472 volucres
2011 1434 2083 1472 ex
2121 1416 2295 1488 aquis
2352 1431 2449 1484 ge-

796 1505 1171 1561 nerationem
1190 1504 1404 1560 habuit
1442 1507 1733 1560 Creatoris
1759 1506 2046 1561 mandato
2077 1523 2089 1570 ;
2123 1511 2178 1559 et
2199 1505 2312 1560 hoc
2363 1519 2451 1558 se-

797 1593 1066 1649 cundum
1098 1595 1360 1648 Marcum
1384 1592 1775 1662 Evangelium
1807 1592 2062 1648 adivino
2092 1593 2450 1664 baptismate

795 1681 1021 1753 incipit,
1053 1681 1190 1736 etin
1213 1679 1402 1736 altum
1428 1680 1843 1736 conscendens
1874 1681 1934 1734 in
1985 1679 2135 1736 caelo
2193 1680 2449 1752 requies-

797 1770 895 1839 cit,
910 1770 1234 1826 Dominica:
1265 1769 1662 1841 asumptionis
1701 1769 1955 1824 modum
1987 1769 2266 1836 edocens,
2291 1767 2450 1824 vola-

2563 626 2880 691 προφητείαν
2949 621 3206 688 Ἰωάννου,
3274 619 3382 671 ἀλλ’
3448 621 3529 670 ὃτι
3593 623 3682 670 καὶ
3759 621 3817 670 τὸ
3890 622 4164 690 πρόσωπον

2565 707 2711 768 εὐθὺς
2735 716 2825 760 τοῦ
2847 708 3004 780 λόγου
3048 711 3273 761 κατευθὺ
3320 715 3413 759 τοῦ
3467 702 3734 780 Ἰορδάνου
3786 707 3902 780 ὁρᾷ,
3956 707 4084 758 ὅπου
4137 707 4163 756 6

2564 805 2658 857 τῆς
2687 793 3031 858 δικαιοσύνης
3073 797 3217 859 ἥλιος
3266 798 3387 869 οἶρτι
3434 795 3666 867 ἀνίσχειο
3710 794 3861 847 ἀετοῦ
3920 791 3978 846 δε
4014 813 4162 866 μονον

2563 893 2661 935 τῶν
2701 885 2940 937 ἁπάντων
3005 886 3148 946 ζώων
3210 889 3268 936 τὸ
3330 883 3704 957 ίπεντρανίζειν
3757 879 4164 955 ἀσκαρδαμυκτὶ

2561 978 2651 1024 καὶ
2682 970 2823 1046 δίχα
2850 977 3192 1046 καταμύσεως
3249 981 3360 1036 τοῖς
3410 972 3650 1033 ἠλιακόῖς
3697 970 4161 1043 ἀκτινοϐολήμασι.

2563 1062 2718 1120 Δηλοί
2749 1059 2859 1116 δεό
2893 1064 3219 1135 εύαγγελικὸς
3259 1063 3404 1124 ἀετὸς
3441 1068 3531 1114 καὶ
3582 1065 3641 1114 τό
3695 1061 3743 1114 ἐν
3803 1058 4039 1134 Ἰορδάνῃ
4094 1068 4164 1130 τῷ

2561 1160 2778 1223 ποταμῷ
2821 1155 3241 1226 ἰερουργούμενον
3270 1154 3402 1204 θεῖον
3433 1157 3741 1223 μυστήριον.
3804 1150 3887 1210 Ὠς
3947 1152 4048 1225 γὰρ
4106 1152 4163 1201 τὸ

2562 1239 2999 1316 ἀνθρωπόμορφον
3063 1249 3154 1292 τοῦ
3219 1244 3354 1293 κατὰ
3413 1241 3682 1293 Ματθαῖον
3742 1238 4056 1310 Εὐαγγελίου
4106 1242 4166 1290 τὸ

2559 1336 2655 1388 τῆς
2704 1328 2881 1402 ἑορτῆς
2947 1334 3240 1402 μυστήριον
3297 1331 3644 1401 ὑπεσήμαινε,
3701 1335 3794 1379 τοῦ
3848 1332 3975 1379 Θεοῦ
4034 1326 4167 1397 λέγω

2559 1422 2651 1474 τὴν
2691 1416 3099 1492 ἐνανθρώπησινθ
3161 1418 3296 1470 οὕτω
3353 1423 3443 1470 καὶ
3494 1419 3519 1468 6
3576 1419 3713 1468 κατὰ
3762 1417 3976 1490 Μάρκον
4029 1414 4169 1474 ἀετός

2560 1509 2653 1562 τὴν
2691 1506 2892 1564 τελετὴν
2932 1508 3238 1578 ὑπεμφαίνει
3286 1513 3380 1558 τοῦ
3446 1508 3583 1558 θείου
3644 1503 4028 1575 βαπτίσματος,
4091 1500 4164 1555 δι’

2560 1593 2621 1645 οὗ
2653 1592 3039 1654 ἀνακαινίςεται
3101 1597 3165 1654 ὡς
3229 1597 3380 1647 ἀετοῦ
3446 1596 3478 1651 ἡ
3542 1597 3723 1654 νεότης
3787 1601 3878 1644 τοῦ
3943 1592 4167 1644 παλαιοῦ

2562 1679 2758 1753 Ἀδὰμ,
2789 1682 3037 1754 λουομένη
3078 1688 3303 1757 σήμερον
3364 1681 3413 1734 έν
3478 1691 3551 1752 τῷ
3607 1678 3872 1754 Ἰορδάνη,
3932 1686 4017 1732 καὶ
4072 1685 4168 1738 τὴν

2561 1770 2613 1821 ἐκ
2652 1770 2993 1845 παραϐάσεως
3039 1770 3382 1844 ἀποσειομίνη
3447 1773 3660 1844 φθοράν.
3728 1775 3828 1823 Καὶ
3885 1769 4050 1830 ἄλλως
4108 1766 4168 1820 δε

797 1864 1046 1931 tumque
1061 1857 1428 1914 concludens
1453 1873 1558 1929 per
1586 1858 1905 1915 Salvatoris
1929 1858 2136 1912 Christi
2166 1857 2243 1912 ad
2267 1860 2450 1912 Deum
2489 1877 2531 1930 Β

2401 1874 2450 1912 ω
2489 1877 2531 1930 Β
2561 1862 2586 1911 6
2613 1859 2761 1922 ἀετὸς
2799 1862 2885 1912 οἶα
2910 1857 2978 1919 δὴ
3021 1866 3210 1918 πτηνὸν
3269 1860 3322 1923 ἐξ
3374 1857 3581 1912 ὑδάτων
3636 1863 3766 1931 ἔσχε
3827 1864 3920 1917 τὴν
3966 1863 4165 1929 γένεσιν

796 1955 854 2007 et
881 1953 1113 2006 Patrem
1144 1948 1580 2004 ascensionem.
1611 1952 1694 2003 Ac
1726 1948 1837 2004 nisi
1866 1948 2101 2018 longior
2130 1948 2317 2003 videri
2347 1948 2450 2004 de-

796 2039 1023 2104 berem,
1037 2039 1098 2094 in
1111 2037 1380 2093 medium
1393 2053 1636 2110 quoque
1650 2036 1924 2093 afferrem
1939 2038 2174 2094 aetitem
2187 2037 2452 2109 lapidem

797 2128 946 2183 mire
976 2126 1187 2200 aquila
1210 2127 1347 2181 huic
1367 2126 1430 2181 in
1468 2126 1666 2198 pullos
1718 2126 1946 2182 utilem.
2003 2126 2210 2182 Petrus
2250 2133 2451 2183 autem

796 2218 954 2273 hanc
968 2216 1179 2273 faciem
1196 2215 1413 2287 aquilae
1424 2215 1700 2288 praebens
1715 2215 2099 2286 Evangelium
2125 2215 2452 2288 plurimum

789 2306 944 2376 juvit
955 2303 1258 2372 dictando,
1274 2304 1428 2360 bene
1441 2304 1520 2360 ad
1532 2304 1862 2360 volandum
1876 2321 2127 2360 movens
2143 2305 2450 2361 historiam

797 2395 875 2451 ad
889 2395 1052 2450 hunc
1072 2393 1397 2451 salutarem
1436 2399 1744 2450 conatum.
1781 2393 1894 2450 Sed
1915 2394 2041 2449 haec
2073 2394 2451 2451 ambitiosius

793 2484 954 2540 dicta
1028 2489 1188 2551 sunt,
1260 2500 1401 2539 cum
1477 2489 1708 2538 erectus
1784 2484 1930 2539 mihi
1997 2501 2194 2540 sermo
2243 2485 2314 2540 sit
2371 2485 2449 2541 ad

794 2588 1083 2642 magnam
1106 2572 1259 2628 hanc
1285 2571 1571 2644 aquilam.
1618 2573 1802 2644 Hujus
1842 2573 2019 2643 igitur
2070 2573 2304 2628 initium
2360 2581 2450 2630 est

790 2661 1192 2718 evolvendum
1204 2660 1636 2717 abundantius.
1651 2662 1889 2717 Initium
1904 2663 2170 2734 corporis
2203 2664 2296 2733 cuj
2309 2662 2446 2718 usli-

786 2750 1152 2808 betomnino
1165 2755 1254 2805 est
1283 2754 1484 2822 caput.
1520 2750 1710 2822 Caput
1723 2756 1922 2806 autem
1946 2751 2306 2821 evangelicae
2336 2752 2447 2808 hu-

782 2840 882 2910 jus
909 2837 1267 2894 narrationis
1288 2842 1377 2893 est
1407 2837 1684 2902 Christus,
1719 2839 1830 2893 etsi
1856 2844 2038 2910 caput
2079 2840 2138 2894 in
2192 2839 2443 2895 modum

787 2928 942 2983 servi
963 2931 1101 2983 ante
1130 2926 1455 2998 Baptistam
1484 2925 1751 2982 inclinet.

792 3015 1119 3092 ἐγχείρησιν.

785 3194 978 3268 κεφαλή
991 3236 1003 3249 .

783 3282 930 3357 κλίνῃ
961 3291 1034 3354 τῷ
1072 3289 1373 3355 Βαπτιστῇ.

853 3374 916 3426 ν.
956 3391 978 3422 ε
1014 3369 1251 3426 Initium
1279 3371 1581 3441 Evangelii
1604 3373 1742 3426 Jesu
1773 3371 2007 3436 Christi,
2057 3371 2178 3427 Filii
2210 3372 2331 3440 Dei,
2383 3378 2446 3429 ut
2485 3380 2524 3437 C

786 3461 1078 3533 Scriptum
1098 3460 1265 3516 estin
1287 3459 1592 3532 prophetis
1617 3478 1630 3516 :
1655 3463 1801 3516 Ecce
1823 3476 1934 3530 ego
1957 3460 2128 3516 mitto
2158 3461 2442 3532 angelum

781 3563 986 3606 meum
1001 3555 1138 3605 ante
1158 3548 1374 3604 faciem
1391 3554 1558 3605 tuam
1573 3549 1676 3621 qui
1700 3549 2064 3622 praeparabit
2093 3551 2252 3606 viam
2277 3556 2443 3607 tuam

783 3642 922 3695 ante
959 3642 1038 3696 te.
1069 3641 1196 3694 Vox
1225 3637 1498 3694 clamatis
1566 3639 1628 3694 in
1681 3638 1916 3695 deserto
1951 3658 1963 3695 :
2031 3644 2231 3695 t’arate
2280 3639 2444 3696 viam

783 3728 1023 3784 Domini
1050 3729 1115 3799 ¹⁷,
1138 3750 1166 3778 ››
1189 3734 1247 3784 et
1263 3726 1516 3800 reliqua.
1552 3729 1819 3784 Granum
1845 3728 2126 3784 frumenti
2161 3729 2220 3784 in
2275 3735 2442 3786 terrae

783 3817 921 3872 sinu
944 3816 1372 3874 absconditum
1395 3821 1452 3872 et
1466 3815 1730 3873 solutum
1745 3817 2110 3890 principium
2132 3818 2200 3874 fit
2255 3817 2443 3874 abun-

780 3906 981 3963 dantis
1007 3905 1219 3962 messis
1249 3911 1306 3961 et
1330 3907 1559 3978 spicam
1626 3905 1850 3978 profert
1907 3905 2108 3962 multis
2155 3923 2266 3979 pro
2324 3923 2445 3963 uno

780 3996 985 4067 granis
999 3993 1301 4051 refertam.
1325 3993 1512 4050 Veteri
1532 3993 1665 4066 lege
1696 3995 1951 4051 nimium
1982 4002 2148 4051 arcta
2171 3997 2298 4067 jam
2325 4012 2445 4052 ces-

781 4089 950 4141 sante
968 4089 1026 4140 et
1041 4083 1237 4140 soluta
1255 4086 1489 4153 (omnes
1507 4085 1668 4140 enim
1699 4084 2008 4157 prophetas
2028 4088 2084 4141 et
2134 4084 2227 4140 lex
2250 4099 2446 4158 usque

779 4174 859 4231 ad
886 4173 1185 4230 Joannem
1234 4171 1789 4245 prophetaverunt),
1840 4174 2076 4229 initium
2133 4173 2446 4247 quoddam

780 4261 1306 4320 alterumetaltera
1330 4261 1688 4332 germinatio
1707 4261 1846 4318 inde
1886 4269 2155 4336 apparet,
2196 4264 2313 4318 vita
2363 4280 2449 4318 se-

779 4351 1048 4409 cundum
1080 4351 1381 4408 Christum
1421 4356 1479 4407 et
1501 4351 1889 4422 Evangelium
1943 4353 2130 4422 regni.
2153 4351 2448 4419 Quemad-

777 4441 1029 4499 modum
1053 4441 1231 4514 igitur
1246 4442 1308 4498 in
1333 4447 1556 4499 terram
1578 4443 1868 4513 injectum
1887 4443 2257 4499 frumentum
2306 4442 2447 4498 ﬁnis

778 4534 1024 4607 quidem
1056 4538 1144 4589 est
1171 4535 1478 4606 spicarum
1507 4533 1669 4590 unde
1697 4539 1897 4590 ortum
1923 4540 2030 4597 est,
2058 4535 2292 4590 initium
2347 4551 2449 4590 au-

779 4629 898 4679 tem
931 4623 999 4679 ﬁt
1025 4623 1280 4680 aliarum
1299 4639 1434 4696 quae
1468 4623 1611 4680 inde
1640 4624 1807 4680 nasci
1836 4623 2059 4680 debent
2100 4626 2446 4696 spicarum;
2487 4688 2494 4696 ,

2561 1948 2872 2021 κελεύσματι
2927 1947 3315 2024 δημιουργικῷ·
3359 1955 3448 2001 καὶ
3486 1953 3544 2001 τό
3584 1951 3720 2000 κατὰ
3767 1951 3978 2020 Μάρκον
4022 1951 4169 1999 τουτὶ

2561 2041 2868 2112 Εύαγγέλιον
2899 2041 2953 2093 ἐκ
3010 2050 3099 2094 τοῦ
3159 2044 3297 2094 θείου
3357 2039 3724 2114 βαπτίσματος
3771 2038 4015 2112 ἄρχεται,
4074 2042 4166 2090 καὶ

2560 2133 2741 2202 προϊὸν
2779 2130 2847 2191 si;
2877 2134 2935 2182 τὸ
2975 2130 3108 2201 ὕψος
3145 2129 3429 2202 καταλήγει
3483 2136 3574 2181 τοῦ
3630 2129 3869 2203 ούρανοῦ,
3933 2135 4024 2187 τῆς
4082 2133 4168 2178 Δε-

2563 2228 2819 2281 σποτικῆς
2894 2218 3196 2289 ἀναλήψεως
3260 2215 3582 2271 ἐκδιδάσκον
3647 2223 3734 2270 τὸν
3825 2222 4016 2288 τρόπον
4076 2220 4168 2267 καὶ

2563 2317 2911 2380 συμπεραῖνον
2937 2312 3032 2366 τήν
3060 2316 3254 2367 πτῆσιν
3315 2315 3378 2379 τῇ
3434 2310 3566 2379 πρὸς
3620 2310 3705 2358 τόν
3764 2309 3893 2357 Θεὸν
3914 2310 4004 2356 καὶ
4060 2311 4166 2356 Πα-

2559 2402 2682 2469 τέρα
2706 2395 2956 2449 ἀναϐάσει
2990 2407 3083 2449 τοῦ
3122 2404 3359 2470 Σωτῆρος
3393 2403 3648 2471 Χριστοῦ.
3708 2395 3768 2446 Εἰ
3826 2390 3886 2447 δί
3944 2398 4017 2466 μή
4076 2411 4168 2446 πε-

2556 2492 2880 2560 ριεργότερος
2910 2486 3110 2558 εμελλον
3151 2482 3306 2548 δόξαι
3344 2485 3490 2538 πλέον
3518 2492 3610 2537 τοῦ
3641 2482 3866 2551 δέοντος,
3927 2489 4017 2535 καὶ
4077 2486 4168 2535 τόν

2560 2573 2767 2633 ἀετίτην
2806 2575 2946 2627 λίθον
2987 2575 3054 2636 εἰς
3092 2580 3249 2646 μέσον
3288 2573 3348 2625 ἂν
3412 2591 3724 2648 παρήγαγον
3788 2571 4027 2633 ἐπιεικῶς
4091 2580 4166 2642 τῷ

2558 2673 2736 2735 πτηνῷ
2785 2668 2952 2736 τούτῳ
3017 2669 3146 2738 πρὸς
3204 2668 3322 2725 τοὺς
3379 2668 3561 2723 τόκους
3593 2666 3940 2734 συμφέροντα.
3970 2665 4168 2732 Πέτρος

2559 2751 2617 2806 δὲ
2681 2763 2754 2824 τῷ
2821 2752 3118 2826 ἀπομὸρφῳ
3183 2757 3350 2825 τούτῳ
3415 2752 3710 2823 Εὐαγγελίῳ
3774 2756 3833 2803 τό
3921 2749 4166 2803 πλεῖστον

2560 2842 2886 2908 συνεϐάλετο,
2915 2846 3265 2915 ὑπαγορευτὴς
3305 2842 3465 2893 αὐτοῦ
3521 2845 3766 2913 γεγονὼς,
3827 2836 3880 2891 εὖ
3941 2838 4166 2891 ἀναπτε-

2556 2938 2732 3004 ρώσας
2769 2952 2854 2984 τον
2897 2935 3201 3004 συγγραφέα
3249 2936 3378 3005 πρός
3434 2935 3531 2988 τὴν
3590 2925 3903 3001 σωτηριώδη
3967 2933 4167 2986 ταύτην

1205 3013 1361 3068 Ἀλλὰ
1405 3023 1575 3067 ταῦτα
1624 3018 1714 3087 μεν
1775 3015 2162 3088 φιλοτιμότερον
2221 3020 2423 3086 εἴρηται
2482 3023 3022 3096 συμμετεωρισθέντος
3085 3039 3176 3092 μοι
3238 3028 3329 3072 τοῦ
3393 3019 3550 3090 λόγου
3612 3026 3685 3089 τῷ
3736 3017 3944 3091 μεγάλῳ
3995 3021 4168 3089 τούτῳ

791 3104 946 3177 ἀετῷ.
1027 3109 1133 3164 Τὴν
1211 3103 1387 3179 ἀρχὴν
1465 3109 1635 3157 τοίνυν
1712 3108 1899 3158 τούτου
1951 3111 2350 3181 περιεργαστέον
2410 3107 2872 3184 ἐξηγητικώτερον.

1091 3193 1293 3266 Κεφαλή
1351 3189 1410 3245 δὲ
1472 3202 1569 3256 τῆς
1622 3193 1967 3265 εύαγγελικώς
2004 3201 2230 3252 ταυτησὶ
2268 3204 2632 3268 πραγματείας
2721 3203 2975 3273 Χριστος,
3037 3197 3131 3249 κᾶν
3201 3203 3296 3256 τὴν
3380 3197 3604 3270 κεφαλὴν
3688 3193 3948 3257 δουλικῶς
4028 3199 4168 3247 ὑπο-

2965 3110 3136 3182 Ἀρχή
3206 3106 3266 3162 δε
3330 3114 3572 3181 σώματος
3636 3109 3805 3164 πάντη
3866 3109 4076 3168 πάντως
4127 3109 4162 3164 ἡ

2628 3382 2698 3430 Ε.
2733 3399 2753 3425 ι
2797 3378 2970 3449 Ἀρχὴ
3002 3384 3094 3428 τοῦ
3135 3374 3452 3446 Εῦαγγελίου
3491 3375 3670 3432 Ἰησοῦ
3731 3381 3988 3446 Χριστοῦ,
4038 3375 4169 3425 Υίοῦ

2554 3473 2645 3516 τοῦ
2693 3473 2848 3531 Θεοῦ,
2901 3468 2966 3525 ὡς
3022 3469 3318 3538 γέγραπται
3371 3461 3420 3514 ἐν
3473 3471 3580 3524 τοῖς
3639 3464 3949 3536 προφήταις·
4022 3458 4166 3513 Ἰδοὺ

2554 3553 2654 3625 ἐγώ
2683 3552 2981 3606 ἀποστέλλω
3009 3558 3096 3606 τὸν
3134 3553 3351 3625 ἄγγελόν
3380 3571 3481 3624 μου
3533 3555 3634 3626 πρὸ
3689 3556 3974 3624 προσώπου
4042 3569 4166 3619 σου,

2555 3643 2610 3704 ὃς
2647 3646 3035 3696 κατασκευάσει
3067 3649 3153 3701 τήν
3194 3640 3317 3695 ὁδόν
3361 3661 3455 3694 σου
3509 3642 3797 3713 ἔμπροσθέν
3838 3659 3954 3693 σου.
4016 3644 4165 3697 φωνὴ

2555 3730 2783 3805 βοῶντος
2844 3733 2891 3784 ἐν
2946 3740 3009 3804 τῇ
3066 3735 3260 3806 ἐρήμῳ·
3323 3731 3665 3801 Ἑτοιμάσατε
3716 3735 3811 3786 τήν
3867 3724 3991 3780 ὁδόν
4057 3735 4166 3780 Κυ-

2551 3840 2689 3896 ριου,
2728 3843 2755 3870 ››
2811 3827 2902 3874 καὶ
2965 3825 3048 3873 τὰ·
3078 3820 3212 3884 ἑξῆς.
3281 3827 3340 3872 Ὁ
3387 3824 3575 3880 κόκκος
3639 3825 3728 3871 τοῦ
3785 3822 3957 3884 σίτου,
4013 3815 4172 3888 ἄγκα-

2553 3909 2830 3984 τακρυϐεὶς
2870 3917 2987 3971 ταῖς
3037 3909 3228 3981 λαγόσι
3277 3917 3373 3969 τῆς
3419 3917 3516 3980 γῆς
3565 3913 3655 3959 καὶ
3699 3906 3965 3979 λυόμενος,
4017 3905 4204 3980 ἀρχὴ(

2552 4005 2752 4071 γίνεται
2797 3999 3092 4074 πολυφόρου
3150 3995 3474 4066 σιτοδοσιας,
3533 4003 3621 4050 καὶ
3667 3999 3874 4068 στάχυν
3923 4001 4175 4071 προφέρει

2554 4089 2762 4151 πολλοῖς
2787 4088 2898 4141 ἀνθ’
2931 4090 3037 4151 ἑνος
3079 4086 3333 4163 βρίθοντα
3386 4093 3619 4154 κόκκοις,
3674 4094 3778 4140 Τοῦ
3831 4091 4004 4139 τοίνυν
4069 4104 4174 4137 πα-

2553 4178 2703 4230 λαιοῦ
2733 4185 2892 4250 νόμου
2924 4184 3012 4230 καὶ
3043 4178 3157 4230 λίαν
3197 4177 3540 4250 ἔστενε-»μένου
3601 4173 3710 4235 ἤδη
3778 4175 4027 4248 λήγοντος
4079 4180 4177 4227 καὶ

2556 4268 3045 4344 λυομένουλπάντες
3075 4271 3176 4342 γὰρ
3211 4270 3260 4319 οἱ
3322 4274 3588 4340 προφῆται
3646 4271 3736 4318 καὶ
3787 4267 3813 4316 6
3864 4271 4019 4338 νόμος
4077 4266 4178 4327 ἕως

2573 4359 2791 4411 ῐωάννου
2829 4356 3238 4432 προεφήτευσαν)
3271 4355 3415 4428 ἀρχή
3459 4375 3536 4416 τις
3599 4355 3748 4430 ἑτέρα
3808 4359 3897 4407 καὶ
3958 4353 4173 4426 βλάστη

2559 4445 2745 4498 ἐκεῖθεν
2775 4453 3115 4518 προφαίνεται
3141 4448 3169 4503 ἠ
3212 4447 3347 4496 κατά
3384 4448 3617 4518 Χριστὸν
3674 4442 3907 4495 πολιτεία
3961 4448 4050 4495 καὶ
4108 4447 4175 4494 τὸ

2560 4535 2869 4607 Εύαγγέλιον
2925 4544 3018 4596 τῆς
3078 4533 3369 4606 βασιλείας.
3430 4532 3632 4606 ’Ὠσπερ
3689 4538 3862 4585 τοίνυν
3924 4534 3950 4583 6
4001 4551 4178 4583 κατα·-

2559 4624 2866 4695 ϐαλλόμενος
2896 4624 2947 4677 ἐν
2978 4632 3039 4696 τῇ
3081 4632 3149 4696 γῇ
3213 4631 3358 4686 σῖτος
3422 4621 3563 4683 τέλος
3627 4626 3718 4695 μέν
3780 4631 3880 4674 τῶν
3913 4624 4177 4693 σταχύων

779 4714 863 4770 sic
890 4719 948 4770 et
972 4713 1071 4769 tibi
1085 4713 1397 4787 baptisma
1421 4720 1479 4769 et
1504 4716 1844 4770 Praecursor
1863 4714 2447 4788 vcnitutsitquidem
2483 4738 2524 4790 ι)

2413 4733 2447 4771 n
2483 4738 2524 4790 D
2559 4715 2670 4765 ὅθεν
2700 4712 2869 4785 ἐξέφυ,
2911 4711 3056 4787 ἀρχή
3127 4709 3186 4764 δε
3245 4717 3437 4783 γίνεται
3504 4707 3656 4772 αὖθις
3718 4719 3816 4762 τῶν
3883 4709 3937 4772 ἕξ
4001 4712 4177 4762 αὑτοῦ

777 4802 915 4859 ﬁnis
946 4802 1092 4873 legis
1123 4810 1182 4859 et
1212 4803 1646 4875 prophetarum
1730 4803 1993 4874 sigillum
2053 4803 2445 4874 concludens,

778 4891 1143 4964 principium
1165 4896 1366 4948 autem
1388 4897 1445 4947 et
1465 4891 1640 4947 radix
1664 4891 1811 4947 Novi
1827 4892 2189 4948 Testamenti
2228 4898 2286 4948 et
2315 4909 2447 4964 gra-

777 4982 872 5039 tim
901 4979 1313 5053 plenitudinis.
1355 4983 1420 5036 Et
1448 4986 1780 5053 postquam
1812 4981 2176 5053 principium
2216 4981 2363 5038 illud
2389 4987 2446 5039 et

777 5087 983 5128 semen
1013 5077 1365 5142 corruptum
1397 5076 1509 5140 est,
1531 5069 1629 5126 ille
1657 5070 1762 5143 qui
1785 5087 1992 5126 semen
2016 5071 2276 5127 Abrahae
2315 5089 2445 5128 sus—

773 5162 931 5233 cepit
959 5160 1265 5230 Dominus,
1301 5160 1534 5232 spicam
1565 5159 1761 5215 emisit
1807 5159 1964 5223 vitae,
2025 5160 2441 5230 evangelicum

773 5251 911 5306 dico
926 5249 1319 5322 preconium,
1349 5247 1509 5304 unde
1541 5248 1853 5304 conficitur
1873 5264 2064 5321 purus
2087 5250 2441 5321 angelorum

774 5341 969 5414 panis,
993 5339 1170 5412 panis
1189 5339 1457 5411 quidem,
1483 5338 1588 5394 sed
1601 5338 2033 5406 immaterialis,
2057 5355 2165 5411 per
2179 5356 2317 5396 eum
2337 5343 2442 5413 qui

773 5431 834 5486 in
860 5429 1017 5499 ignis
1037 5427 1232 5498 figura
1245 5433 1457 5499 sponte
1472 5426 1805 5494 descendit,
1823 5428 2166 5484 sanctissim
2178 5443 2279 5484 um
2314 5429 2440 5502 Spi-

843 5735 892 5769 ιτ
917 5735 1093 5790 Marc.
1138 5749 1180 5804 ι,
1216 5734 1271 5791 1.

2559 4801 2993 4875 ἀναφυησομένων
3057 4801 3345 4874 ἀσταχύων
3407 4802 3608 4876 ἑτέρων·
3678 4800 3814 4852 οὕτω
3881 4819 3968 4852 σοι
4033 4818 4175 4851 συν-

2555 4891 2678 4950 ῆλθε
2703 4891 2834 4944 κάπὶ
2863 4900 2953 4944 τοῦ
2984 4890 3353 4964 βαπτίσματος
3375 4895 3466 4942 καὶ
3499 4886 3837 4964 Προδρόμου,
3898 4891 3969 4949 ὡς
4034 4888 4178 4942 εἶναι

2554 4981 2710 5035 αὐτὸν
2739 4987 2900 5057 πέρας
2937 4985 3027 5054 μεν
3065 4990 3156 5034 τοῦ
3193 4986 3352 5054 νόμου
3419 4984 3510 5032 καὶ
3577 4989 3677 5031 τῶν
3743 4987 4022 5055 προφητῶν
4055 4976 4176 5030 ἄπι-

2556 5075 2888 5149 σφράγισμα,
2924 5071 3102 5147 ἀρχὴν
3133 5068 3192 5124 δε
3216 5077 3305 5124 καὶ
3348 5071 3502 5145 ῥίζαν
3560 5078 3652 5131 τῆς
3708 5074 3844 5130 Νέας
3901 5071 4179 5131 Διαθήκης

2552 5168 2642 5216 καὶ
2692 5171 2785 5215 τοῦ
2847 5170 2945 5224 τῆς
2977 5165 3204 5235 χάριτος
3261 5160 3646 5235 πληρώματος·
3681 5165 3771 5212 καὶ
3825 5161 4016 5219 ταύτης
4069 5168 4177 5222 τῆς

2552 5252 2730 5325 ἀρχῆς
2757 5256 2847 5304 καὶ
2884 5259 2976 5303 τοῦ
3037 5256 3332 5325 σπέρματος
3399 5253 3586 5302 τούτου
3653 5251 3932 5321 φθινόντων
3991 5249 4019 5300 6
4071 5255 4178 5300 τοῦ

2553 5347 2850 5415 σπέρματος
2903 5340 3144 5417 Ἀϐραὰμ
3196 5338 3559 5412 ἐπιλαϐόμενος
3631 5341 3841 5412 Κύριος,
3898 5341 3986 5390 τὸν
4039 5340 4179 5390 arti-

2547 5452 2654 5504 χυν
2679 5432 2930 5494 ἐξήνθησε
2953 5440 3042 5492 τῆς
3078 5432 3239 5496 ζωῆς,
3269 5435 3328 5482 τὸ
3385 5429 3718 5501 εύαγγελικόν
3777 5448 3912 5501 φημι
3967 5433 4180 5501 κήρυτ-

771 5519 954 5575 ritum
983 5537 999 5588 ;
1031 5532 1253 5589 panem
1292 5515 1650 5589 angelorum
1680 5516 1840 5580 dico,
1869 5517 2207 5589 angelicam
2255 5518 2438 5576 vitam
2548 5541 2642 5595 μα,

2730 5522 2841 5574 ὅθεν
2916 5524 3275 5596 ἀρτοποιείται
3358 5521 3385 5572 6
3463 5521 3692 5592 καθαρός
3749 5527 3849 5571 τῶν
3935 5516 4177 5590 ἀγγέλων
