4468 6450
279 403 387 470 ⁷49

1461 403 1759 466 HOMILIA
1796 400 1866 455 IN
1907 396 2008 454 SS.
2048 393 2503 451 INNOCENTES.

3559 396 3668 448 750

277 537 458 610 οἶρτος,
489 556 579 589 και
598 535 753 609 ἄρτος
792 556 882 588 και
932 535 1089 596 οἰύλος
1149 530 1243 587 δια
1291 542 1383 585 τού
1456 537 1505 585 ἐν
1558 527 1686 584 εῖδει
1734 529 1897 595 πυρός
1927 522 2062 577 Aet
2086 517 2143 572 vi

2042 522 2062 572 t
2086 517 2318 573 virtutis
2346 518 2609 574 amicam
2646 515 3188 581 conversationem,
3216 531 3407 587 quam
3427 521 3485 572 et
3510 518 3668 572 Deus

282 625 636 688 αὐτεξουσίως
736 625 1142 686 κατεληλυθότος
1244 628 1531 695 Πνεόματος
1618 622 1897 687 παναγίου.

281 717 442 787 ἄρτον
474 711 536 766 δέ
574 714 801 784 ἀγγέλων
854 734 988 786 φημι
1054 733 1140 765 τον
1188 712 1460 783 ἀγγελικόν
1523 709 1639 783 βίον
1675 712 1765 759 καί
1807 711 1901 763 την

284 803 553 876 φιλάρετον
595 799 884 873 διαγωγήν,
942 803 1003 860 ἣν
1053 806 1141 853 καί
1180 803 1234 863 ός
1285 803 1389 860 Θός
1442 805 1608 868 πεινᾷ,
1666 800 1756 848 καί
1800 791 1904 856 τοῖς

281 897 356 963 μὴ
390 897 718 964 παρέχουσιν
750 890 1222 963 ἐπεμϐριμῶμενος.
1266 912 1293 939 ‹‹
1336 894 1616 951 Επείνασα,
1676 908 1702 935 ››
1743 886 1900 961 λέγει,

283 985 415 1030 «καί
440 984 534 1031 οὐκ
584 977 810 1032 ἐδώκατέ
842 1001 930 1052 μοι
976 988 1178 1051 φαγεῖν.
1216 1002 1241 1029 ›ι
1309 985 1468 1049 Πεινᾴ
1524 981 1624 1051 γάρ
1684 980 1907 1027 πὰντοτε

283 1075 382 1127 την
410 1074 672 1142 σωτηρίαν
711 1071 877 1141 ἡμῶν.
924 1075 983 1138 ιΗ
1012 1066 1072 1120 δέ
1116 1073 1355 1143 σωτηρία
1403 1067 1518 1139 βίος
1579 1071 1692 1119 ἐστί
1745 1066 1907 1116 καθα-

286 1163 381 1231 ρός
411 1164 501 1209 καί
527 1161 555 1216 ἡ
590 1162 719 1234 πρὸς
745 1162 838 1209 τόυ
871 1158 1091 1215 πλησίον
1125 1157 1324 1228 ἀγάπη.
1369 1163 1535 1230 Ὀπερ
1574 1152 1660 1207 οὖν
1715 1154 1907 1223 ἔλεγον,

290 1250 496 1319 σπόρου
556 1250 715 1298 τύπον
789 1246 967 1316 ἐπεῖχε
1032 1256 1124 1297 του
1206 1246 1440 1299 Ἰωάννου
1506 1254 1595 1295 τού
1618 1248 1910 1295 Βαπτιστοῦ

286 1356 543 1408 κηρυγμα
592 1342 680 1387 καί
721 1340 779 1387 τὸ
837 1334 1139 1407 βάπτισμα.
1196 1339 1296 1386 Καί
1342 1338 1503 1385 αὐτοῦ
1547 1333 1787 1392 λυθέντος
1822 1347 1911 1393 καί

288 1424 727 1498 ὑπορρεύσαντος,
794 1424 1071 1485 ἐξήνθησεν
1112 1426 1137 1474 ὸ
1194 1430 1284 1482 τῆς
1354 1425 1572 1495 χάριτος
1640 1420 1904 1489 ἀστακνς-

295 1519 398 1567 Καί
447 1518 614 1565 τοίνυν
676 1518 770 1571 τὴν
858 1513 1045 1565 ἑαυτου
1090 1518 1178 1584 μὲν
1243 1519 1458 1583 μείωσιν
1528 1518 1553 1563 6
1612 1516 1909 1567 Βαπτιστης

293 1612 548 1677 συνορῶν,
591 1606 861 1675 προκοπὴν
907 1598 966 1652 δὲ
1015 1621 1104 1653 και
1157 1601 1378 1663 αυξησιν
1422 1610 1512 1652 τού
1552 1609 1646 1661 τῆς
1695 1598 1916 1671 χάριτον

296 1690 559 1763 στάχυος,
588 1689 710 1743 ἐϐόα
746 1691 1020 1765 παρρησιᾳ
1056 1694 1186 1762 πρός
1247 1693 1367 1751 τοὺς
1419 1694 1711 1753 συνιόντας,
1763 1690 1918 1759 «Ἐμέ

296 1778 383 1833 δεῖ
434 1780 797 1845 ἐλαττουσθαι,
834 1779 1021 1831 ἐκεῖνον
1050 1776 1109 1830 δὲ
1140 1779 1399 1843 αὐξάνειν,
1434 1803 1459 1826 ››
1493 1784 1610 1853 περί
1639 1786 1729 1830 τού
1784 1785 1919 1849 Χρι-

2009 606 2210 672 esurit,
2250 610 2308 662 et
2353 622 2476 662 non
2527 622 2662 663 eam
2722 607 3075 677 praestantes
3133 603 3309 660 valde
3352 604 3667 677 increpat;

2015 717 2035 744 ι
2074 694 2323 759 Esurivi,
2376 695 2590 766 inquit,
2646 700 2704 750 et
2754 708 2878 749 non
2942 691 3191 747 dedistis
3221 693 3370 747 mihi
3410 693 3671 748 mandu-

2011 799 2146 839 care
2176 785 2239 838 “‘.
2278 806 2305 832 »
2339 785 2533 839 Esurit
2561 784 2721 840 enim
2751 783 3002 838 omnino
3051 788 3321 837 nostram
3373 783 3626 839 salutem
3656 802 3669 851 ;

2014 873 2181 928 salus
2199 878 2399 928 autem
2425 873 2543 928 vita
2572 889 2727 945 pura
2754 878 2843 927 est
2862 877 2920 926 et
2944 872 3005 926 in
3041 871 3387 941 proximum
3412 871 3672 929 dilectio.

2016 961 2543 1026 Quemadmodum
2568 960 2900 1030 igiturdixi,
2915 960 3273 1016 seminantis
3300 966 3508 1032 typum
3527 976 3675 1033 pra:-

2016 1050 2146 1105 buit
2163 1051 2408 1105 Joannis
2432 1050 2707 1121 Baptista:
2728 1048 3098 1121 praeconium
3120 1053 3177 1103 et
3196 1048 3526 1120 baptisma.
3549 1052 3677 1113 Quo

2018 1138 2214 1194 soluto
2235 1144 2293 1193 et
2317 1137 2983 1209 subterlapso,eﬂloruit
3017 1136 3221 1206 gratiae
3242 1137 3429 1209 spica.
3454 1143 3517 1192 Et
3538 1152 3676 1209 pro-

2018 1228 2212 1299 priam
2229 1226 2477 1298 quidem
2498 1227 2959 1282 diminutionem
2989 1226 3365 1296 conspiciens
3392 1228 3673 1298 Baptista,

2020 1332 2412 1388 progressum
2444 1321 2647 1371 autem
2676 1322 2733 1371 et
2760 1316 3197 1370 incrementum
3260 1316 3467 1385 gratiae
3522 1316 3678 1371 illius

2022 1406 2220 1477 spicae,
2253 1406 2481 1460 sincere
2512 1406 2590 1461 ad
2620 1422 2722 1461 eos
2744 1406 2850 1476 qui
2891 1420 2954 1459 se
3006 1404 3255 1459 adibant
3309 1405 3611 1460 clamabat
3662 1422 3675 1459 :

2028 1516 2048 1543 ι
2087 1497 2169 1549 Me
2198 1499 2425 1565 oportet
2447 1493 2656 1555 minui,
2690 1492 2858 1547 illum
2889 1497 3091 1547 autem
3122 1508 3385 1548 crescere
3420 1496 3487 1560 ιν,
3536 1516 3557 1540 ι
3606 1493 3682 1547 de

2025 1582 2254 1637 Christo
2280 1581 2509 1647 dicens,
2541 1597 2664 1637 non
2694 1581 2768 1636 de
2798 1581 2913 1636 hoc
2942 1581 3340 1646 contristatus,
3390 1581 3497 1637 sed
3524 1581 3686 1637 laeta-

2026 1678 2147 1727 tus.
2188 1672 2375 1741 Hujus
2404 1671 2560 1726 enim
2588 1671 2890 1741 corruptio
2916 1676 2974 1725 et
3022 1669 3322 1738 Evangelii
3368 1670 3684 1726 seminatio

2028 1767 2085 1816 et
2110 1760 2466 1830 germinatio
2488 1762 2548 1815 in
2575 1776 2763 1815 unum
2831 1758 3073 1814 coibant
3111 1763 3168 1813 et
3223 1758 3683 1828 concurrebant,

302 1878 432 1923 στου
463 1870 646 1940 λέγων,
674 1870 767 1921 οὐκ
824 1867 1164 1940 ἀλγυνόμενος
1218 1868 1302 1919 ἐπί
1352 1872 1560 1935 τούτου,
1623 1867 1728 1918 ἀλλ’
1767 1865 1919 1937 ἀγαλ-
1963 1872 2002 1925 Β
2030 1859 2148 1905 non

2038 1849 2293 1905 hominis
2320 1865 2538 1920 nempe
2567 1848 3111 1903 concinnationem.
3147 1850 3212 1903 Et
3249 1847 3492 1903 aliunde
3536 1848 3687 1917 legis

297 1960 617 2031 λιὼμενος·ἧ
650 1978 703 2010 τε
753 1960 852 2032 γάρ
902 1960 1078 2030 φθίσις
1136 1962 1323 2009 τούτου
1380 1963 1469 2009 καί
1521 1960 1551 2015 ἡ
1606 1965 1697 2008 τοῦ
1755 1956 1923 2027 Εὐαγ-

302 2047 477 2119 ⁴γελίου
536 2050 690 2119 φύσις
765 2049 930 2098 εἷτουν
1008 2044 1303 2118 βλάστησις
1377 2050 1451 2107 εἰς
1517 2047 1566 2097 ἐν
1628 2044 1923 2097 συνέϐαινον

304 2140 401 2187 καί
428 2140 758 2209 συνέτρεχον,
807 2139 865 2187 τό
898 2136 1160 2187 συνθεῖναι
1210 2138 1297 2187 τόν
1349 2136 1639 2209 ἄνθρωπον.
1682 2140 1782 2187 Καί
1838 2134 1925 2185 ἀλ-

305 2218 410 2278 λως
455 2213 514 2269 δὲ
560 2220 618 2268 τό
677 2224 769 2269 τοῦ
816 2220 974 2287 νόμου
1056 2215 1389 2287 ἐστενωμένον
1468 2221 1661 2267 κόκκου
1772 2215 1923 2285 λόγον

307 2306 491 2379 ἐπεῖχε
524 2301 617 2358 διὰ
638 2308 695 2357 τό
734 2312 825 2357 τού
864 2308 1037 2366 ἔθνους
1059 2305 1152 2357 τοῦ
1181 2305 1280 2356 ὑπὸ
1314 2309 1401 2356 τόν
1436 2309 1592 2376 νόμον
1642 2301 1921 2376 μονοειδές·

305 2399 545 2468 γνωστὸς
573 2398 676 2466 γὰρ
708 2393 756 2445 ἐν
782 2403 844 2453 τῆ
882 2391 1121 2465 ,Ιουδαίᾳ
1173 2396 1200 2446 6
1250 2398 1401 2461 Θεὸς,
1443 2400 1533 2445 καί
1585 2394 1643 2446 ού
1692 2398 1924 2467 περαιτέ-

307 2506 404 2559 ρω·
447 2487 477 2542 η
513 2480 571 2536 δέ
601 2486 765 2558 χάρις
824 2486 917 2541 την
975 2492 1074 2535 τῶν
1141 2482 1294 2535 ἐθνῶν
1363 2489 1625 2555 συνήγαγε
1666 2503 1927 2553 πανσπερ-

310 2579 437 2646 μίαν
480 2578 568 2624 καί
606 2574 678 2633 εἰς
698 2573 879 2625 ἑκατόν
910 2578 999 2624 καί
1030 2592 1100 2634 εις
1132 2572 1382 2635 ἐξήκοντα
1429 2578 1518 2625 καί
1566 2574 1639 2634 εὶς
1691 2576 1925 2640 τριακον-

310 2684 380 2715 τα
432 2663 656 2737 ἐμφορία
745 2665 1001 2736 [εύφορία]
1067 2672 1167 2713 τῶν
1222 2661 1430 2733 ἀγαθῶν
1489 2663 1652 2724 αὐτῆς
1696 2662 1927 2735 πράξεων

312 2742 635 2800 ἐπληθύνθη·
690 2746 868 2803 Οὕτως
906 2742 1049 2815 ἀρχὴ
1102 2750 1195 2794 τοῦ
1241 2744 1554 2814 Εύαγγελίου
1608 2752 1840 2816 Χριστου
1894 2746 1923 2800 η

311 2841 407 2885 του
463 2832 700 2885 Ἰωάννου
776 2835 907 2904 πρὸς
953 2834 1071 2892 τούς
1120 2832 1424 2904 ἀνθρώπους
1479 2838 1785 2905 φανέρωσις.
1842 2836 1929 2883 Διό

311 2927 406 2974 καί
446 2941 598 2993 φησι,
636 2943 658 2970 ι
688 2921 777 2982 Ὀς
800 2928 1097 2994 γέγραπται
1147 2922 1195 2973 ἐν
1252 2930 1357 2982 τοῖς
1416 2929 1725 2997 προφήταις·
1789 2918 1930 2975 Ἰδού

315 3016 416 3083 ἐγώ
448 3009 743 3063 ἀποστέλλω
774 3014 861 3061 τόν
907 3010 1126 3081 ἄγγελόν
1191 3030 1292 3083 μου
1350 3015 1451 3086 πρό
1504 3018 1789 3087 προσώπου
1812 3031 1931 3078 σου,

315 3104 368 3160 ὅς
398 3101 785 3152 κατασκευάσει
826 3105 919 3157 τήν
972 3096 1095 3151 ὁδόν
1154 3120 1249 3152 σου
1292 3103 1579 3174 ἔμπροσθέν
1622 3121 1737 3156 σου.
1775 3124 1797 3151 ι
1842 3104 1935 3163 Ὠς

318 3210 376 3245 εκ
442 3198 534 3240 τού
615 3192 817 3262 Πατρός
863 3188 1003 3240 ἐστιν
1070 3189 1096 3241 ὀ
1152 3189 1303 3260 λόγος
1360 3194 1446 3242 τόν
1504 3190 1555 3252 ἐξ
1612 3191 1772 3242 αὐτοῦ
1826 3198 1934 3244 Mo-

315 3285 496 3349 νοσγενῆ
544 3276 861 3349 λελεγμένος,
898 3282 985 3329 καί
1040 3278 1256 3348 ἄγγελον
1308 3278 1575 3349 ὀνομάζων
1622 3284 1709 3331 τόν
1775 3278 1934 3350 ἀγγε-

314 3366 491 3420 λόϐιον
528 3365 794 3431 Ἰωάννην,
826 3369 912 3417 ἵνα
942 3370 1011 3438 μη
1047 3372 1201 3439 μόνον
1242 3376 1338 3429 τῆς
1400 3372 1457 3419 ἐκ
1502 3370 1766 3440 Παρθένου
1823 3388 1934 3439 ’γεν-

312 3460 512 3516 νὶισεως
537 3456 753 3527 ἅγγελος
797 3456 1060 3529 προτρέχη
1128 3458 1154 3507 6
1209 3455 1459 3530 Γαϐριὴλ,
1529 3456 1655 3509 ἀλλὰ
1707 3463 1795 3509 καί
1840 3468 1935 3519 τῆς

314 3547 367 3599 ἐν
397 3542 641 3621 Ἰορδάνῃ
687 3544 1093 3616 ἀναγεννησεως,
1152 3549 1214 3604 ἠν
1273 3548 1398 3619 ύπέρ
1445 3545 1568 3618 ἐμοῦ
1626 3546 1931 3618 ἀνεγεννήθη

314 3640 436 3707 (ἐμὴ
494 3639 596 3709 γὰρ
658 3638 687 3693 ἡ
750 3642 842 3686 τοῦ
910 3643 1144 3707 Χριστοῦ
1210 3634 1591 3706 ἀναγέννησις),
1640 3638 1853 3708 ἄγγελος
1907 3638 1933 3688 6

316 3726 557 3783 Ἰωάννης
617 3726 1022 3798 προεισάγηται.
1068 3723 1224 3777 Ἀ).λά
1278 3727 1391 3776 τότε
1460 3728 1550 3796 μὲν
1628 3725 1778 3785 αἰόλος
1844 3730 1934 3776 καί

316 3817 543 3889 ἀόρατος
618 3810 713 3865 διὰ
767 3816 824 3863 τό
874 3816 952 3864 ἔτῐ
1014 3815 1297 3888 κεκρύφθαι
1343 3816 1436 3872 την
1491 3824 1586 3876 τῆς
1622 3822 1934 3887 σαρκώσεως

314 3904 637 3976 οἰκονομίαν,
689 3906 779 3953 καί
837 3901 1116 3963 πληνυτῆς
1162 3906 1426 3978 Παρθέοου
1494 3907 1757 3975 ἄγνωστον
1804 3901 1933 3956 εἶναι

314 4000 455 4049 πᾶσι
484 4002 577 4045 του
602 3999 902 4067 μυστηρίου
932 3998 1027 4052 τὴν
1056 3989 1305 4065 δύναμιυ·
1334 3996 1400 4045 τά
1443 4002 1529 4045 νυν
1562 3992 1621 4047 δέ
1672 3997 1697 4047 6
1750 3999 1927 4069 ἒνσαρ-

315 4105 411 4145 κος
435 4083 653 4155 ἄγγελος
682 4091 773 4144 τῆς
818 4092 910 4135 τοῦ
960 4088 1223 4136 Δεσπδτου
1283 4091 1574 4159 παρουσίας
1624 4090 1926 4159 πρότρεχα’

314 4179 546 4249 χάριτος
628 4177 718 4245 μέν
784 4173 1066 4243 ἀγγελικῆς
1124 4174 1373 4246 ἔμπλεως,

313 4269 481 4337 γὲμου
491 4282 585 4315 σαν
668 4261 841 4335 παρρη
853 4267 986 4322 σὶας.

1432 4180 1599 4247 φωνην
1661 4173 1721 4228 δέ
1764 4178 1930 4247 ἀφιείς

1078 4269 1301 4335 Βροντὴν
1357 4264 1515 4322 ἀλλην
1564 4270 1689 4337 φαίη
1747 4286 1822 4326 τις
1868 4267 1929 4317 οἶν

316 4371 444 4413 τους
506 4354 881 4424 κεντροφόρους
942 4357 1229 4425 σκορπίους
1287 4360 1790 4423 καταπτήσσουσαν,
1839 4360 1928 4407 καί

317 4442 557 4502 ἱοϐὸλους
587 4444 723 4511 ὄφεις
748 4438 1032 4511 φοϐούσαν,
1058 4446 1147 4493 καί
1207 4446 1360 4513 μόνον
1418 4443 1548 4514 οὐχί
1597 4440 1772 4496 ὃύνενν
1829 4446 1929 4496 ύπό

315 4540 420 4605 γῆν
477 4533 794 4603 εὐχομενους
845 4539 918 4601 τῷ
962 4530 1119 4603 φόϐῳ.
1179 4538 1243 4584 Ti.
1288 4535 1389 4607 γάρ
1454 4536 1620 4606 ἕτερον
1687 4532 1932 4607 βούλεται

2033 1938 2356 1994 coarctatio
2388 1954 2644 2008 granum
2676 1952 2865 1991 unum
2891 1936 3199 1992 emittebat
3228 1942 3472 2009 propter
3500 1938 3690 1993 unita—

2034 2034 2153 2083 tem
2183 2027 2375 2098 gentis
2404 2042 2541 2099 quae
2563 2027 2677 2081 sub
2706 2026 2835 2096 lege
2862 2032 2987 2081 erat
3027 2043 3091 2080 :«
3110 2029 3292 2081 Notus
3323 2027 3484 2081 enim
3503 2027 3565 2081 in
3590 2029 3692 2081 Ju-

2032 2117 2167 2173 daea
2198 2120 2349 2173 Deus
2370 2119 2440 2185 ³ο,
2470 2140 2499 2167 ››
2529 2133 2725 2189 neque
2754 2116 2928 2172 ultra.
2974 2116 3173 2171 Gratia
3235 2132 3379 2172 vero
3420 2116 3690 2188 gentium
3724 2118 3729 2123 '

2033 2206 2460 2264 omnimodum
2487 2222 2693 2262 semen
2710 2206 3101 2275 congregavit
3128 2210 3185 2261 et
3224 2206 3286 2261 in
3337 2212 3578 2261 centum
3635 2212 3695 2262 et

2033 2298 2094 2353 in
2123 2296 2435 2366 sexaginta
2473 2302 2529 2351 et
2566 2296 2628 2351 in
2669 2295 2907 2365 triginta
2931 2295 3233 2351 bonorum
3265 2297 3396 2367 ejus
3447 2302 3694 2351 actuum

2035 2386 2349 2459 productio
2376 2385 2769 2457 multiplicata
2814 2391 2921 2440 est.
2966 2388 3051 2440 lia
3097 2384 3332 2440 initium
3391 2384 3695 2454 Evangelii

2036 2477 2243 2533 Christi
2271 2482 2358 2532 est
2384 2475 2630 2531 Joannis
2660 2475 2739 2530 ad
2768 2475 3044 2530 homines
3073 2475 3381 2531 revelatio.
3436 2475 3574 2530 Ideo
3640 2480 3698 2532 et

2035 2566 2265 2638 inquit:
2299 2588 2321 2616 ‹
2358 2566 2432 2619 Ut
2456 2565 2747 2636 scriptum
2777 2570 2866 2619 est
2892 2564 2953 2619 in
2975 2564 3281 2636 prophetis
3324 2581 3337 2621 :
3388 2567 3535 2619 Ecce
3584 2579 3697 2633 ego

2038 2656 2205 2710 mitto
2227 2654 2511 2723 angelum
2532 2669 2739 2708 meum
2758 2658 2897 2708 ante
2913 2653 3128 2708 faciem
3161 2659 3327 2709 tuam
3343 2654 3447 2725 qui
3469 2669 3700 2726 praepa-

2037 2744 2193 2800 rabit
2216 2744 2373 2799 viam
2403 2749 2570 2799 tuam
2602 2748 2738 2798 ante
2760 2748 2835 2798 te.
2866 2765 2886 2791 ι
2926 2744 2995 2799 Ut
3022 2759 3095 2798 ex
3150 2746 3313 2799 Patre
3367 2743 3528 2798 venit
3581 2760 3702 2799 vox

2039 2834 2115 2890 ad
2150 2833 2527 2903 Unigenitum
2557 2832 2800 2903 directa,
2836 2832 3121 2901 angelum
3158 2832 3484 2889 nominans
3536 2833 3701 2889 hunc

2039 2925 2143 2995 qui
2164 2925 2350 2979 vitam
2380 2922 2736 2991 angelorum
2778 2923 2944 2978 ducit
2969 2925 3287 2989 Joannem,
3344 2939 3420 2978 ne
3476 2922 3701 2979 solum-

2040 3011 2224 3067 modo
2295 3011 2589 3067 nativitati
2646 3027 2720 3067 ex
2764 3011 2997 3082 Virgine
3050 3017 3377 3084 praeurrat
3442 3013 3700 3083 Gabriel,

2044 3101 2149 3157 sed
2169 3101 2351 3170 hujus
2379 3100 2442 3155 in
2485 3099 2745 3155 Jordane
2785 3101 3279 3170 regenerationis,
3306 3117 3433 3173 qua
3467 3117 3577 3173 pro
3605 3118 3705 3158 me

2043 3194 2428 3259 regeneratus
2446 3192 2537 3243 est
2564 3190 2726 3257 (mea
2746 3189 2906 3244 enim
2931 3195 3020 3244 est
3049 3189 3262 3245 Christi
3283 3192 3704 3262 regeneratio),

2044 3278 2295 3349 angelus
2308 3281 2568 3333 Joannes
2585 3277 3007 3334 adduceretur.
3028 3278 3143 3334 Sed
3160 3284 3300 3334 tunc
3323 3280 3571 3351 quidem
3598 3281 3706 3337 im-

2043 3366 2369 3423 materialis
2393 3366 2797 3432 etinvisibilis,
2826 3367 2971 3438 quia
2991 3367 3193 3423 adhuc
3214 3368 3707 3427 abscondebatur

2042 3457 2470 3513 incarnationis
2482 3456 2843 3523 oeconomia,
2860 3473 2931 3512 ac
2944 3458 3168 3512 nemini
3186 3458 3301 3514 nisi
3317 3459 3537 3529 Virgini
3561 3466 3708 3517 nota

2043 3552 2169 3601 erat
2191 3546 2374 3615 hujus
2407 3544 2495 3599 vis
2514 3546 2800 3615 mysterii.
2830 3548 2998 3600 Nunc
3021 3551 3223 3601 autem
3251 3546 3499 3603 indutus
3527 3563 3709 3605 carne

2044 3636 2297 3705 angelus
2324 3635 2556 3690 Domini
2582 3636 2908 3706 praesentiae
2937 3637 3264 3706 praecurrit,
3297 3639 3491 3706 gratia
3521 3654 3705 3707 ange-

2041 3725 2157 3783 lica
2182 3724 2417 3796 plenus,
2444 3741 2653 3781 vocem
2684 3730 2888 3779 autem
2911 3725 3247 3781 sinceritate
3278 3726 3520 3798 plenam
3540 3728 3707 3784 emit-

2042 3820 2191 3870 tens.
2222 3815 2455 3871 Diceres
2476 3815 2699 3871 tonitru
2725 3815 3071 3886 scorpiones
3093 3815 3404 3872 stimulum
3431 3824 3705 3887 gerentes

2043 3911 2284 3977 stupore
2314 3905 2643 3977 percellens
2672 3911 3122 3976 venenatosque
3157 3913 3461 3978 serpentes
3484 3913 3707 3965 terrore

2041 3994 2300 4067 implens
2326 4000 2493 4052 tanto
2516 3999 2581 4049 ut
2600 3994 2721 4049 fere
2741 3995 2854 4049 sub
2904 4000 3124 4050 terram
3179 3995 3547 4053 descendere
3604 4015 3706 4055 cu-

2041 4087 2228 4158 piant.
2260 4086 2409 4151 Quid
2436 4086 2599 4141 enim
2624 4085 2736 4140 sibi
2758 4084 2882 4140 vult
2910 4085 3079 4154 illud,
3110 4087 3275 4158 quod
3298 4088 3605 4156 genimina
3625 4090 3706 4144 vi-

2038 4191 2323 4247 perarum
2344 4175 2647 4230 nominati
2666 4175 2837 4229 silent
2860 4180 2917 4230 et
2942 4180 3181 4230 austera
3202 4175 3331 4232 haec
3358 4178 3547 4234 verba
3570 4179 3705 4234 reti-

2038 4270 2204 4334 nent,
2232 4270 2288 4319 et
2310 4264 2626 4337 stupefacti
2657 4269 2835 4335 stant,
2870 4264 3044 4335 quasi
3070 4264 3319 4321 fulmine
3350 4269 3619 4337 percussi
3670 4269 3698 4325 ?

2039 4355 2288 4410 lndutus
2314 4355 2495 4423 igitur
2515 4348 2696 4409 carne
2727 4352 2999 4423 angelus,
3031 4353 3155 4409 imo
3186 4370 3328 4409 vero
3377 4356 3561 4413 vitam
3603 4373 3709 4413 an-

2040 4443 2311 4515 gelorum
2349 4443 2578 4499 ducens
2618 4442 2804 4498 homo
2841 4443 3056 4499 Christi
3099 4443 3201 4499 Dei
3239 4445 3708 4504 manifestationi

2038 4534 2371 4605 praecurrit,
2403 4532 2508 4590 sed
2542 4548 2666 4588 non
2715 4532 3130 4588 immaterialis
3180 4538 3238 4589 et
3283 4534 3704 4607 incorporeus,

316 4627 377 4675 τό
431 4626 728 4693 γεννηματα
771 4616 1000 4691 εχιδνῶν
1065 4626 1278 4684 τούτους
1337 4622 1743 4696 όνομαζομὲνους
1776 4632 1930 4696 σιγᾷν
1966 4617 2008 4671 ι)
2040 4640 2148 4679 mu

2040 4622 2258 4679 multas
2274 4622 2353 4678 ob
2380 4621 2665 4678 rationes.
2704 4621 3029 4693 Oportebat
3058 4622 3219 4681 enim
3241 4639 3449 4680 coram
3480 4626 3706 4682 Judaeis

317 4715 412 4765 καί
465 4709 754 4781 ἁνὲχεσθαι
798 4717 900 4761 τῶν
962 4710 1237 4786 αὐστηρῶν
1286 4717 1505 4765 τουτωνί
1531 4713 1801 4785 ῥημάτων,
1840 4720 1932 4767 καί

318 4801 487 4860 ἐνεούς
550 4799 820 4856 ἐστηκὲναι
897 4799 965 4860 ὡς
1007 4798 1384 4873 ἐμϐροντήτους
1439 4822 1453 4870 ;
1504 4801 1792 4878 ⁴Ενσαρκος
1844 4805 1933 4856 οὖν

318 4889 563 4963 ἄγγελος,
590 4887 779 4959 μᾶλλον
812 4884 872 4941 δέ
918 4888 1221 4961 ἀγγελόϐιος
1271 4891 1562 4965 ἅνθρωπος,
1610 4902 1705 4954 τῆς
1754 4896 1935 4966 θεόφα-

320 4985 463 5041 νεὶας
490 4981 773 5053 προτρεχει
802 4986 1059 5053 Χριστοῦ,
1088 4978 1203 5055 ἀλλ’
1258 4980 1388 5053 οὐχί
1442 4981 1597 5045 ἅῡλος
1652 4987 1743 5035 καί
1793 4982 1932 5036 ἀσω-

321 5088 491 5143 ματος
554 5067 753 5120 πολλῶν
807 5071 966 5121 ἕνεκεν
1022 5075 1248 5145 τρόπων.
1296 5068 1438 5124 Ἔδει
1493 5074 1595 5147 γάρ
1653 5071 1934 5146 ἀντεμὲτω-

316 5179 417 5213 πον
467 5160 740 5230 ἱστὰμενον
792 5165 902 5221 τοῖς
948 5156 1230 5223 Ἰουδαὶοις
1280 5160 1443 5232 λέγειν
1473 5181 1526 5214 τε
1578 5167 1667 5215 καί
1726 5162 1931 5217 ἀκούειν

314 5253 412 5301 καί
455 5254 562 5299 οῖον
616 5244 1157 5301 ὃακτυλοδεικτοῦντα
1202 5247 1559 5303 ὑποδεικνύειν
1621 5260 1727 5313 τοῖς
1772 5251 1931 5324 ἀγνο-

314 5346 444 5391 οῦσι
474 5341 562 5389 τόν
588 5340 805 5409 φανεντα
830 5343 1088 5413 Χριστόν.
1127 5339 1188 5391 Εἰ
1209 5336 1270 5392 δέ
1307 5345 1461 5413 φύσει
1513 5340 1729 5414 ἄγγελος
1786 5339 1846 5400 ἦν
1904 5345 1931 5396 ό

314 5430 387 5480 τὰ
411 5434 633 5480 τοιαῦτα
654 5425 890 5495 τελέσων,
932 5430 1120 5481 ἔπαθον
1154 5432 1216 5482 ἄν
1242 5435 1333 5482 καί
1360 5435 1475 5484 τότε
1504 5436 1561 5483 τό
1601 5440 1692 5484 τοῦ
1746 5437 1933 5486 Μανωέ

315 5518 369 5572 οἰ
397 5521 636 5591 ὁρῶντες,
671 5515 1103 5593 ι’Δπολώλαμεν,
1145 5541 1175 5571 »
1218 5523 1454 5594 γὲγοντες
1499 5544 1529 5573 «
1584 5527 1714 5576 Θεόν
1763 5523 1930 5598 ἑωρα-

395 5743 449 5822 ᾗξ
478 5744 679 5825 μαῖαι.
715 5761 848 5821 xxv,
878 5748 975 5817 42,
1056 5749 1103 5785 ¹⁹
1132 5749 1304 5809 Joan.
1334 5762 1415 5816 ω,
1448 5753 1536 5808 30.
1614 5749 1664 5789 ³ο
1693 5753 1855 5810 Psal.
1886 5765 2061 5824 LXXV,
2089 5753 2148 5808 2°

2041 4718 2296 4769 stantem
2327 4712 2521 4767 dicere
2543 4716 2600 4767 et
2621 4710 2829 4766 audire
2850 4718 2907 4767 et
2932 4718 3225 4784 tanquam
3272 4712 3462 4783 digito
3501 4716 3586 4771 eis
3610 4717 3695 4773 in-

2040 4803 2241 4859 dicare
2264 4818 2334 4858 ac
2359 4802 2672 4858 ostendere
2696 4801 2995 4858 Christum
3045 4802 3497 4861 manifestatum
3519 4822 3706 4878 quem

2040 4892 2425 4963 ignorabant.
2460 4891 2516 4948 Si
2539 4892 2701 4947 enim
2746 4898 2961 4947 natura
3005 4890 3215 4948 fuisset
3272 4894 3548 4966 angelus,
3592 4897 3701 4969 qui

2042 4998 2180 5038 eum
2202 4982 2510 5049 vidissent,
2539 4981 2601 5036 id
2633 4980 2794 5052 passi
2832 4986 3029 5037 essent
3048 4982 3215 5055 quod
3241 4984 3472 5051 Manue,
3508 4984 3709 5042 dicen-

2040 5077 2131 5129 tes
2166 5089 2178 5127 :
2208 5093 2229 5122 ‹
2264 5072 2548 5135 Perimus,
2574 5073 2762 5126 Deum
2784 5071 3046 5127 vidimus
3069 5074 3139 5141 ²¹,
3175 5095 3203 5122 ››
3242 5072 3508 5129 formam
3548 5076 3711 5132 hanc

2040 5162 2369 5218 nusitatam
2388 5177 2510 5217 non
2539 5160 2817 5217 ferentes.
2843 5161 2958 5217 Sed
2978 5162 3193 5234 etquia
3219 5162 3298 5219 ad
3326 5162 3711 5237 baptismatis

2038 5251 2437 5308 ministerium
2460 5266 2707 5306 necesse
2734 5257 2861 5307 erat
2898 5257 2963 5307 ut
2992 5251 3087 5307 ille
3119 5261 3551 5319 assumeretur,
3608 5272 3713 5312 ne-

2041 5357 2205 5397 cesse
2235 5346 2362 5398 erat
2386 5346 2454 5398 ut
2477 5340 2763 5397 manibus
2790 5341 3115 5397 Dominum
3142 5347 3442 5413 tractaret,
3476 5344 3717 5403 humili-

2039 5433 2315 5505 itatisque
2346 5431 2655 5504 exemplar
2674 5448 2745 5488 eo
2770 5432 2907 5505 ipso
2934 5432 3297 5506 baptismate
3328 5434 3716 5508 praeberetur,

2041 5523 2283 5581 Domini
2309 5523 2503 5596 capite
2520 5522 2831 5594 inclinato,
2863 5527 3026 5580 tacto
3048 5528 3105 5581 et
3136 5524 3216 5581 ad
3245 5542 3442 5600 aquas
3472 5526 3721 5608 descen-

2249 5750 2299 5788 ²¹
2325 5748 2520 5807 Judic.
2544 5763 2671 5823 xm,
2697 5750 2790 5811 21.
