4468 6450
839 377 934 444 731
2016 390 2332 453 GERMANI
2371 396 2416 453 ll
2457 397 2559 457 ΟΡ.
2602 400 2603 453 ζ

2457 397 2559 457 CP.
2602 395 3096 457 PATRIARCHIE.
4103 400 4204 467 732

836 510 1039 575 dente.
1070 520 1337 588 Arrogan
1347 505 1494 574 tium
1515 514 1675 574 enim
1691 519 1747 575 et
1761 519 2196 577 ostentatorum
2217 520 2490 581 Hebrteo-
2521 525 2567 578 Α

2436 538 2490 581 o-
2521 525 2567 578 Α
2604 523 2789 598 καμεν’
2846 545 2875 576 ››
2908 527 2967 578 τὸ
2988 532 3085 587 τῆς
3108 525 3313 600 μορφῆε
3342 522 3414 599 μή
3440 522 3669 602 φέροντες
3690 526 3911 594 ἔξαλλον.
3945 530 4091 585 “AN”
4125 537 4200 586 ὅτι

835 623 971 663 rum
1002 611 1129 664 erat
1149 606 1296 663 illud
1331 623 1393 661 ε»
1426 605 1552 663 Noli
1580 622 1677 664 me
1698 612 1938 680 tangere
1964 611 2034 678 ³³,
2064 631 2092 661 ››
2116 611 2284 683 quod
2324 618 2381 669 et
2414 613 2486 670 iis

2435 613 2486 670 is
2599 618 2689 667 καί
2762 618 2892 687 πρός
2933 613 3255 687 λειτουργὶαν
3308 624 3401 669 τοῦ
3454 615 3821 692 βαπτὶσματος
3867 616 3975 674 ἔδει
4019 630 4199 675 τοῦτον

836 697 1020 752 lsaias
1051 698 1099 731 ’3
1121 695 1446 769 exprobrat
1475 695 1680 751 dicens
1710 714 1722 751 :
1758 718 1784 746 «
1819 698 1912 753 Vae
1933 697 2006 753 iis
2052 698 2157 772 qui
2212 698 2421 759 dicunt
2470 720 2483 760 :
2596 725 2600 736 λ

2470 720 2483 760 :
2596 701 3018 777 παραληφθῆναι,
3079 697 3187 757 ἔδει
3235 707 3659 781 χειραπτηθῆναι
3703 710 3828 782 παρ’
3881 710 4041 763 αὑτοῦ
4110 715 4195 764 τόν

837 788 1035 857 Longe
1066 802 1103 842 a
1125 801 1240 854 me,
1259 786 1379 842 noli
1401 802 1498 841 me
1520 790 1781 857 tangere,
1808 787 2075 844 mundus
2096 791 2255 847 enim
2279 808 2480 848 sum.»
2595 828 2601 843 ι

2428 816 2480 847 ,υ
2595 795 2879 858 Δεσπότην,
2908 787 2968 845 ἔδ
2972 810 3015 844 ει
3044 800 3136 844 τον
3164 799 3261 855 τῆς
3314 800 3667 857 ταπεινώσεως
3716 802 3882 851 τὺπου
3934 799 3987 862 ἐξ
4034 800 4192 853 αὐτοῦ

833 878 1116 936 Omnium
1133 880 1333 932 autem
1348 876 1645 932 rationum
1661 876 2024 935 solidissima
2036 878 2162 935 haec
2184 884 2271 935 est
2305 884 2481 939 :Cum
2590 902 2597 913 ι

2428 899 2481 938 m
2590 888 2683 933 τοῦ
2710 880 3080 953 βαπτὶσματος
3139 876 3539 954 ὑποδειχθεντος
3587 881 3680 937 δια
3730 893 3821 946 τῆς
3872 886 4192 950 ὑποκλὶσεως

828 970 1073 1026 deberet
1099 972 1399 1023 revelatus
1422 970 1575 1023 Deus
1595 967 1777 1023 vitam
1808 968 1868 1024 in
1898 969 2069 1025 terris
2116 970 2331 1042 degere
2380 988 2480 1029 an-
2588 991 2592 1000 ί

2422 989 2480 1029 n-
2588 978 2681 1031 τῆς
2735 976 3050 1031 Δεσποτικῆς
3124 970 3350 1042 κεφαλῆς
3414 976 3704 1046 άπτομενην
3766 981 3852 1027 καί
3905 975 4186 1029 καταϐιϐά-

829 1059 993 1130 gelos
1023 1057 1198 1130 plane
1225 1056 1536 1111 decentem
1567 1060 1624 1111 et
1642 1055 1892 1113 edocere
1926 1056 2225 1128 jejunium
2265 1060 2480 1117 indesi-
2591 1087 2593 1101 ι

2421 1063 2480 1117 si.
2591 1059 2785 1119 ζουσαν
2816 1058 2900 1112 ἐπὶ
2964 1061 3030 1113 τά
3080 1056 3273 1116 ὕδατα.
3333 1068 3444 1114 Τῶν
3499 1066 3601 1138 γάρ
3659 1069 3945 1136 οίηματιῶν
3992 1070 4185 1119 τούτων

826 1156 1034 1207 nentes
1054 1164 1283 1222 preces,
1306 1146 1476 1203 humi
1532 1146 1914 1203 cubationem
1971 1153 2303 1208 extremam
2332 1166 2479 1224 pau-
2586 1167 2590 1198 ε

2427 1168 2479 1209 ιι-
2586 1153 2677 1199 καί
2706 1146 2967 1210 ἀλαζόνων
2992 1146 3247 1223 Ἐϐραὶων
3277 1157 3339 1208 ἦν
3368 1168 3448 1214 το,
3476 1171 3506 1201 ‹‹
3546 1155 3630 1209 Μὴ
3690 1172 3791 1223 μου
3834 1153 4021 1206 ἅπτου·
4075 1176 4103 1204 ››
4160 1157 4191 1206 ὅ

825 1244 1137 1313 pertatem,
1169 1235 1569 1293 sinceritatem
1593 1235 1655 1292 in
1685 1235 1926 1293 veritate
1956 1237 2247 1294 adversus
2272 1245 2477 1312 poten-
2584 1256 2589 1288 κ

2420 1256 2477 1297 [ι-
2584 1241 2674 1288 καί
2703 1239 2728 1289 ὁ
2761 1237 2981 1297 Ἠσαὶας
3002 1242 3197 1291 τουτων
3225 1247 3507 1311 κατηγορεῖ
3532 1239 3710 1311 λέγων·
3739 1264 3765 1290 ‹‹
3819 1241 3953 1294 Οὐαί
3995 1263 4045 1295 οι
4104 1243 4184 1296 λὲ-

823 1335 907 1385 tes
946 1344 1139 1400 usque
1165 1325 1244 1383 ad
1274 1330 1528 1381 mortem
1580 1326 2046 1397 propugnanda,
2094 1333 2343 1399 peccato
2388 1345 2474 1386 re-
2581 1346 2587 1360 ε

2420 1345 2474 1386 e-
2581 1345 2777 1397 γοντες,
2818 1326 2999 1400 uappa.
3026 1325 3113 1379 ἐπ’
3142 1325 3286 1399 ἐμοῦ,
3318 1332 3389 1399 μὴ
3431 1347 3533 1400 μου
3573 1328 3761 1394 ἅπτου,
3812 1333 4041 1405 καθαρός
4080 1335 4182 1407 γάρ

819 1417 1170 1481 sistentiam,
1220 1416 1348 1471 haec
1401 1419 1604 1470 autem
1654 1413 2053 1486 impossibilia
2134 1415 2474 1474 viderentur
2581 1440 2583 1463 λ

2419 1434 2474 1474 1r
2581 1414 2707 1486 εἰμι.
2738 1438 2766 1465 ››
2809 1419 2878 1467 Τό
2936 1411 2997 1468 δέ
3067 1412 3572 1490 κεφαλαιωδὶεστερον
3634 1425 3733 1470 τῶν
3790 1417 3951 1471 ἀλλων
4001 1419 4183 1472 αἰτίων

818 1515 875 1565 et
894 1503 1358 1578 impraticabilia
1376 1502 1789 1559 audientibus:
1814 1502 1971 1560 hanc
1987 1504 2147 1560 enim
2171 1505 2469 1563 viventem
2580 1525 2582 1531 ί

2418 1523 2469 1563 m
2580 1508 2731 1556 τοῦτὸ
2753 1506 2895 1556 ἔστιν
2940 1525 2952 1537 ο
2991 1504 3130 1556 Ἐπεί
3160 1503 3355 1575 ἔμελλεν
3397 1506 3423 1557 ὁ
3454 1504 3716 1578 ἐπιφανείς
3741 1512 3872 1568 Θεὸς
3920 1506 4182 1562 πολιτειαν

816 1602 872 1653 et
918 1596 1119 1651 divine
1167 1592 1529 1664 descriptam
1570 1591 1704 1647 vitae
1761 1591 2092 1661 imaginem
2141 1594 2469 1653 introduxit
2577 1618 2580 1642 ι

2416 1596 2469 1653 ;it
2577 1591 2660 1645 ἐπί
2714 1602 2811 1664 γῆς
2851 1592 3075 1664 εἰσάγειν
3136 1592 3375 1665 άγγελοις
3417 1598 3718 1670 πρεπουσαν
3790 1599 4038 1673 ἄντικρυς
4088 1604 4180 1652 καί

812 1686 1081 1743 Christus
1110 1700 1182 1740 cx
1212 1681 1499 1739 omnibus
1525 1681 1631 1753 qui
1649 1680 1834 1737 modo
1855 1681 2017 1738 dicta
2072 1687 2211 1738 sunt
2259 1684 2463 1741 colori-
2575 1711 2576 1721 ι

2412 1684 2463 1741 ιί-
2575 1677 2853 1734 διδάσκειν
2888 1686 3152 1749 νηστεὶαν,
3214 1679 3551 1737 ἀδιάλειπτον
3596 1691 3923 1758 προσευχήν,
3971 1706 4176 1760 χαμευ-

809 1776 925 1832 hus
952 1774 1275 1831 conflatam
1307 1787 1377 1827 ac
1410 1772 1584 1841 juxta
1612 1775 1957 1827 accuratam
2005 1770 2264 1829 formam
2301 1772 2464 1846 depi-
2570 1793 2573 1802 ·

2412 1774 2464 1830 ιὶ-
2570 1791 2702 1841 νιαν,
2764 1771 3002 1843 ἐσχάτην
3061 1768 3449 1844 άκταμοσύνην,
3506 1774 3826 1848 παρρησίαν,
3877 1776 4002 1851 ὑπέρ
4078 1786 4176 1839 τῆς

807 1871 965 1922 ctam
991 1883 1005 1933 ;
1032 1878 1219 1936 quam
1243 1866 1307 1917 ut
1325 1861 1719 1927 imitarentur,
1745 1874 1847 1916 eos
1872 1859 1977 1931 qui
1997 1860 2217 1917 vellent
2255 1861 2460 1921 incita-
2492 1881 2530 1935 Β
2569 1890 2571 1908 ‹

2410 1879 2460 1921 a-
2492 1881 2530 1935 B
2569 1860 2814 1923 άληθεὶας
2845 1863 3108 1937 πρόςτούς
3165 1859 3213 1913 ἐν
3256 1860 3491 1936 ὐπεροχῆ
3538 1867 3700 1937 μεχρι
3749 1864 3990 1933 θανάτου,
4041 1872 4174 1939 πρὸς

804 1957 912 2013 vit.
956 1955 1109 2011 Licet
1138 1952 1318 2018 enim,
1351 1948 1688 2005 dummodo
1730 1947 1932 2005 velint.
1985 1950 2113 2006 Una
2156 1951 2314 2007 enim
2371 1957 2463 2009 est

2409 1957 2463 2009 st
2569 1956 2662 2008 την
2701 1948 2981 2024 ἁμαρτιαν,
3015 1949 3583 2021 ἀντικατάσταστασιν,
3616 1960 3784 2006 ταῦτα
3828 1948 3889 2007 δέ
3931 1950 4172 2009 ἀδύνατα

801 2052 1017 2105 natura
1037 2042 1202 2116 apud
1231 2056 1465 2104 omnes,
1500 2044 1558 2095 et
1585 2038 1859 2095 omnium
1880 2039 2099 2095 horum
2124 2055 2319 2111 capax
2350 2046 2455 2110 est,

2403 2046 2455 2110 it,
2565 2047 2671 2103 τοῖς
2703 2040 2983 2093 άκοὺουσιν
3036 2036 3208 2093 ἐδόκει
3263 2046 3352 2093 καί
3428 2040 3789 2115 άκατὸρθωτα·
3843 2048 3937 2103 τὴν
3991 2045 4167 2106 ζῶσαν

801 2140 848 2195 si
879 2139 931 2194 ei
952 2136 1037 2192 vis
1066 2133 1442 2190 adhibeatur.
1476 2131 1721 2202 Propter
1749 2130 1877 2186 haec
1909 2130 2117 2187 omnia
2143 2147 2249 2203 per
2269 2132 2458 2190 homi-

2401 2133 2458 2190 ιί-
2567 2133 2759 2188 ταύτην
2810 2130 2981 2183 εἰκόνα
3027 2135 3116 2182 καί
3174 2132 3455 2203 οεόγραφον
3522 2132 3548 2183 ὁ
3607 2140 3834 2206 Χριστος
3887 2134 4165 2207 εἰσήγαγεν

797 2244 955 2299 nem,
990 2241 1111 2282 non
1135 2230 1335 2280 autem
1366 2236 1474 2293 per
1509 2219 1792 2289 angelum
1818 2219 1977 2276 facta
1997 2224 2089 2277 est
2109 2220 2315 2276 Christi
2347 2221 2454 2277 ad-

2400 2221 2454 2277 i-
2565 2218 2613 2272 ἐν
2652 2228 2724 2291 τῷ
2757 2218 2883 2291 βιῳ,
2917 2224 2971 2272 ἐκ
3013 2222 3219 2273 πάντων
3279 2229 3374 2272 τῶν
3424 2220 3657 2295 άνωτὲρω
3700 2222 3976 2296 εἰρημένων
4038 2244 4164 2296 συγ-

794 2309 2064 2381 veutusmanifestatio.lnhaarendumigitur
2078 2314 2283 2367 nostro
2315 2327 2451 2383 pro-

794 2408 989 2482 posito
1005 2448 1017 2461 .

790 2500 1032 2557 λοαένονς
1082 2494 1263 2554 άνῆκεν
1294 2511 1305 2524 ·
1336 2492 1503 2555 ἔξεστι
1563 2493 1686 2565 γάρ,
1743 2488 1827 2542 ἐάν
1875 2493 2027 2562 μόνον
2083 2488 2409 2563 βουληθῶσι.
2468 2494 2578 2544 Μία
2630 2494 2728 2561 γάρ
2781 2492 2811 2547 ἡ
2872 2492 3025 2562 φύσις
3079 2488 3127 2540 ἐν
3177 2495 3309 2541 πᾶσι
3372 2495 3461 2542 καὶ
3524 2492 3725 2543 πάντων
3756 2494 3947 2545 τούτων
3975 2514 4163 2569 χωρη-

788 2593 932 2656 τική,
990 2585 1072 2637 ἐάν
1138 2582 1419 2657 βιάζηται.
1484 2582 1578 2632 Διά
1642 2586 1810 2632 ταῦτα
1864 2583 2035 2632 πάντα
2093 2575 2166 2632 δι’
2226 2578 2521 2654 ἀνθρώπου,
2575 2584 2663 2631 καὶ
2694 2578 2755 2630 οὗ
2780 2575 3127 2651 δι’άγγελου,
3170 2580 3199 2637 η
3234 2582 3520 2654 φανέρωσις
3576 2587 3669 2641 τῆς
3720 2587 4019 2655 παρουσίας
4053 2582 4164 2656 ἐγέ-

2563 2312 2799 2381 κειμένην
2818 2311 3146 2383 χρωμάτων,
3197 2314 3287 2361 καί
3328 2314 3457 2383 πρὸς
3499 2308 3688 2385 ἀκριϐῆ
3746 2317 3839 2370 τήν
3893 2314 4166 2387 μόρφωσιν

2562 2397 3016 2472 ἐζωγραφημένην,
3085 2400 3173 2451 καὶ
3245 2403 3587 2473 μεταγράφειν
3646 2402 3833 2454 ἐκεῖθεν
3877 2406 3997 2464 τοὺς
4038 2402 4166 2476 βου-

785 2698 896 2731 νετο
927 2685 1017 2729 τοῦ
1064 2679 1314 2748 Χριστου.
1356 2671 1649 2725 ’Λνθεκτέον
1678 2667 1767 2721 οὖν
1792 2668 1945 2722 πάλιν
1975 2676 2068 2721 τοῦ
2096 2688 2453 2744 προκείμενον.

856 2770 942 2822 V'l.
979 2788 1005 2816 «
1036 2767 1182 2819 Ecce
1205 2777 1317 2832 ego
1345 2761 1513 2816 mitto
1541 2758 1826 2830 angelum
1849 2774 2051 2815 meum
2066 2763 2201 2815 ante
2223 2759 2438 2816 faciem

784 2862 951 2913 tuam
978 2848 1468 2926 quiprzeparabit
1494 2848 1656 2903 viam
1688 2851 1853 2903 tuam
1880 2852 2016 2903 ante
2040 2851 2113 2904 te.
2147 2868 2175 2897 »
2208 2850 2292 2903 lla
2308 2863 2437 2903 ma-

774 2947 873 3018 jor
929 2942 1213 3000 omnibus
1270 2936 1576 3011 prophetis
1625 2940 1717 2992 est
1766 2937 2043 3006 Joannes,
2105 2941 2164 2991 et
2245 2941 2433 3005 tanto,

777 3039 1009 3108 quanto
1031 3031 1226 3102 major
1246 3033 1335 3086 est
1359 3026 1606 3084 homine
1631 3024 1900 3097 angelus.
1936 3026 2226 3082 Maximus
2258 3026 2435 3097 igitur

775 3128 927 3182 inter
953 3122 1281 3197 prophetas
1311 3122 1366 3174 et
1402 3115 1663 3173 Ezechiel
1688 3133 1701 3182 ;
1737 3120 1915 3188 atque
1944 3115 2127 3186 hujus
2154 3116 2266 3172 viri
2308 3133 2434 3173 ma-

774 3212 1119 3286 gnificentia
1141 3208 1454 3265 exhibetur
1492 3207 1543 3261 ei
1591 3205 1696 3278 qui
1749 3204 1881 3276 ejus
1921 3203 2143 3261 librum
2195 3209 2428 3272 tractat,

774 3303 1084 3375 oculisque
1109 3297 1325 3356 mentis
1350 3294 1639 3353 terribiles
1669 3293 1801 3350 illas
1825 3293 2087 3350 visiones
2144 3294 2426 3351 intuetur.

769 3397 891 3451 lloc
920 3391 1169 3465 quidem
1196 3386 1470 3444 ministro
1500 3390 1558 3441 et
1587 3383 1883 3457 propheta
1940 3398 2086 3439 usus
2141 3384 2429 3440 Dominus
2461 3402 2500 3458 ο

2379 3400 2429 3440 is
2461 3402 2500 3458 ρ
2539 3383 2823 3462 φρικώδεις
2849 3386 3044 3450 ἐκεὶνας
3074 3390 3285 3462 οράσεις
3337 3384 3490 3444 ἰδὼν.
3544 3393 3724 3462 Τοὺτῳ
3769 3387 3836 3448 δή
3889 3391 3916 3442 ὁ
3976 3389 4143 3463 βασι-

770 3480 1037 3541 Sabaoth
1057 3484 1123 3535 ut
1143 3476 1367 3534 Judaeis
1385 3490 1558 3531 suam
1580 3472 1952 3529 voluntatem
1972 3471 2204 3528 intimet
2227 3488 2240 3528 :
2262 3494 2290 3522 ‹‹
2325 3472 2427 3530 Fili

2382 3472 2427 3530 li
2536 3475 2651 3540 λεὺς
2700 3476 2914 3530 Σαϐαὼθ
2990 3479 3222 3552 ὑπηρέτῃ
3282 3482 3371 3530 καί
3414 3476 3698 3555 λειτουργῷ
3754 3484 4027 3554 χρώμενος
4072 3485 4146 3543 εἰς

763 3570 1047 3637 hominis,
1081 3567 1292 3640 inquit,
1319 3564 1554 3621 mittam
1579 3578 1692 3628 ego
1723 3566 1777 3618 te
1808 3560 1887 3617 ad
1943 3560 2197 3617 domum
2246 3561 2425 3618 Israel

2376 3561 2425 3618 el
2533 3570 2592 3618 τό
2640 3586 2898 3640 γνωρισαι
2962 3573 3073 3629 τοῖς
3120 3562 3406 3627 Ἰουδαὶοις
3465 3572 3523 3620 τὸ
3601 3567 3785 3621 ἑαυτοῦ
3871 3567 4140 3643 βούλημα,

763 3658 1175 3720 exacerbantis
1205 3672 1301 3712 me
1331 3657 1397 3708 ³⁸.
1437 3676 1463 3703 ››
1491 3656 1786 3710 Joannem
1814 3654 2016 3707 autem
2047 3664 2171 3707 non
2204 3650 2288 3707 ita
2317 3651 2423 3707 ad-

2380 3651 2423 3707 l-
2534 3676 2564 3706 ι(
2625 3661 2704 3709 Υὶέ
2757 3657 3052 3731 άνθρώπου,
3114 3661 3291 3729 φησίν,
3354 3655 3677 3720 ἐξαποστελῶ
3729 3657 3827 3729 ἐγὼ
3880 3677 3938 3711 σε
4007 3663 4144 3734 πρὸς

760 3755 956 3809 vocat.
972 3748 1087 3807 Sed
1103 3744 1414 3820 quomodo
1426 3744 1486 3800 ?«
1505 3745 1650 3799 Ecce
1673 3742 1842 3797 mitto
1866 3739 2149 3811 angelum
2167 3756 2371 3796 meum
2392 3760 2420 3791 »

2392 3760 2420 3791 »
2530 3749 2617 3796 τόν
2705 3746 2844 3798 οἷκον
2929 3745 3146 3818 Ἰσραήλ
3212 3753 3302 3798 τοῦ
3350 3750 3878 3820 παραπικραὶνοντος.
3933 3770 3961 3797 ››
4036 3753 4140 3801 Τόν

758 3839 980 3898 Deinde
996 3837 1141 3912 quid
1159 3839 1186 3893 ?
1204 3835 1465 3906 Angelus
1479 3831 1726 3905 quidem
1743 3828 2092 3886 nominatur
2126 3845 2291 3886 :num
2316 3845 2420 3886 auo

757 3938 873 3989 tem
906 3944 1118 3986 eorum
1170 3930 1257 3982 est
1310 3924 1413 3996 qui
1472 3922 1651 3992 longe
1703 3924 1843 3976 sunt
1887 3935 1923 3975 a
1976 3919 2211 3976 Domini
2267 3920 2417 3976 facie

753 4019 997 4093 (etenim
1028 4019 1274 4090 propter
1301 4012 1568 4069 divinam
1597 4024 1722 4083 qua
1751 4008 2019 4080 gaudent
2047 4008 2415 4066 familiarita-

751 4119 870 4168 tem
902 4110 1081 4179 longe
1105 4104 1460 4162 distantium
1484 4101 1725 4166 cohors,
1749 4104 1813 4156 ut
1834 4098 2023 4170 aiunt,
2042 4099 2237 4170 magis
2268 4116 2412 4173 pro-

747 4201 947 4277 prium
970 4195 1325 4269 angelorum
1341 4206 1564 4250 nomen
1580 4190 1789 4246 sortita
1806 4190 1917 4261 est).
1934 4188 1962 4244 ?
1977 4188 2231 4245 Minime.
2259 4188 2412 4246 lllud

745 4293 904 4351 enim
943 4309 955 4347 :
996 4313 1022 4339 «
1066 4293 1203 4345 ante
1233 4285 1449 4342 faciem
1474 4289 1665 4349 tuum,
1700 4301 1730 4335 ν
1762 4279 2080 4352 signiﬁcat,
2111 4296 2299 4354 prope
2325 4280 2408 4339 fa-

743 4384 895 4439 ciem
928 4384 1094 4437 tuam
1127 4396 1184 4446 ;‹‹
1212 4375 1317 4450 qui
1345 4371 1887 4449 praeparabitviam
1905 4375 2069 4427 tuam
2098 4375 2235 4427 ante
2258 4374 2312 4428 te
2338 4387 2351 4427 :
2376 4393 2405 4422 ››

740 4472 1061 4530 hominum
1093 4467 1329 4523 animas
1355 4464 1635 4537 disponet
1664 4460 1742 4518 ad
1776 4465 1944 4517 tuam
1975 4459 2399 4531 cognitionem,

739 4560 1169 4619 scandalorum
1196 4554 1429 4629 lapides
1454 4552 1635 4623 longe
1665 4550 1938 4622 disjiciet,
1965 4552 2276 4622 verretque
2298 4564 2400 4605 eas

736 4651 1100 4728 paenitentia:
1121 4644 1569 4721 praedicatione,
1595 4640 1800 4699 abluet
1827 4638 2259 4696 introductorio
2292 4637 2395 4696 ba-

2353 4654 2395 4695 ι·
2505 4641 2693 4714 ψυχάς
2750 4642 2821 4704 εἰς
2876 4647 2971 4701 τήν
3038 4647 3131 4702 σᾶν
3187 4646 3485 4714 ἐπὶγνωσιν·
3537 4644 3654 4703 τούς
3702 4650 3805 4694 τῶν
3842 4661 4117 4718 προσκομ-

731 4744 1018 4819 ptismate
1040 4738 1170 4796 etsi
1200 4735 1323 4810 pali
1353 4733 1601 4807 quidem
1654 4734 1969 4819 emergant
2019 4744 2051 4784 e
2105 4733 2279 4798 terra,
2339 4733 2467 4819 etD

2352 4733 2396 4785 ει
2424 4765 2467 4819 D
2503 4736 2680 4806 μάτων
2760 4735 2937 4795 λὶθους
3030 4729 3301 4807 διάρρὶψει
3373 4733 3600 4808 μακράνο
3643 4736 3873 4805 σαρὼσει
3918 4738 4116 4796 ταυτας

729 4832 1116 4891 infructuosae
1170 4827 1416 4883 arbores
1491 4821 1774 4879 inutiliter
1824 4818 2022 4875 solum
2072 4822 2387 4891 occupent,
2428 4818 2451 4819 ί

2349 4822 2387 4887 ι,
2428 4818 2451 4819 ί
2501 4829 2573 4894 τῷ
2612 4831 2704 4884 τῆς
2766 4827 3036 4896 μετανοὶας
3100 4824 3424 4897 κηρὺγματι,
3486 4819 3721 4874 ἑκπλυνεῖ
3776 4828 3847 4893 τῷ
3886 4820 4113 4895 εἰσαγω-

727 4940 917 5000 prope
949 4926 1038 4978 est
1067 4917 1314 4986 securis,
1338 4926 1396 4973 et
1414 4919 1534 4971 tam
1560 4927 1749 4987 prope
1774 4912 1982 4980 utjam
2011 4908 2090 5000 ad
2118 4908 2387 5000 radicem

2349 4925 2387 4966 n
2498 4918 2630 4983 γικῷ
2716 4909 3074 4985 βαπτὶσματι·
3161 4911 3257 4962 κεῖν
3339 4908 3589 4973 σκὸλοπὶς
3648 4928 3779 4971 τινες
3831 4919 3926 4973 τῆς
3989 4910 4113 4966 ἀνα-

725 4996 1013 5074 mittatur.
1050 5014 1115 5067 Et
1143 5006 1535 5082 propterluec
1561 5002 1769 5061 omnia
1792 5000 1995 5059 faciles
2034 4998 2161 5056 vias
2210 4998 2387 5057 faciet

2340 5004 2387 5057 et
2495 5002 2736 5055 κὺπτωσι
2776 5006 2867 5053 καί
2905 5002 3119 5073 ἄκαρπα
3166 4996 3362 5074 δενδρα
3414 5007 3720 5073 καταργῶσι
3780 5004 3866 5052 τόν
3922 5004 4104 5072 τόπον,

2495 5097 2524 5150 ἡ
2555 5090 2701 5155 άξὶνη
2730 5090 2900 5163 ἐῃύς,
2928 5095 3015 5144 καί
3034 5097 3302 5157 τοσοῦτον,
3332 5092 3396 5150 ὡς
3424 5094 3512 5141 καί
3568 5096 3662 5151 τῆς
3725 5090 3882 5164 ῥὶζης
3940 5091 4109 5145 ἄπτε-

2495 5183 2619 5235 σθαι
2659 5177 2789 5240 ἤδη·
2814 5185 2904 5233 καί
2946 5177 3040 5233 δια
3083 5183 3279 5233 τουτων
3322 5177 3527 5231 πάντων
3581 5177 3717 5240 λεὶας
3782 5180 3875 5240 τάς
3940 5177 4106 5245 ὁδους

2624 2757 2689 2822 ς’.
2725 2780 2753 2808 ι(
2801 2754 2960 2823 Ἰδού,
3008 2757 3105 2829 ἐγώ
3156 2756 3454 2811 ἀποστελλω
3499 2763 3585 2812 τόν
3652 2759 3870 2833 ἄγγελον
3908 2780 4009 2834 μου
4054 2781 4158 2837 προ

2548 2852 2829 2920 προσὼπου
2869 2867 2986 2911 σου,
3014 2849 3065 2909 ὃς
3094 2851 3478 2902 κατασκευάσει
3507 2854 3600 2909 τὴν
3650 2846 3773 2902 ὁδὸν
3819 2870 3913 2903 σου
3962 2855 4155 2926 ἔμπροο

2548 2939 2664 2990 σθέν
2698 2957 2812 2994 σου.
2855 2959 2883 2989 n
2934 2937 3112 3000 Οὒτως
3157 2939 3352 3011 μεὶζων
3390 2941 3594 2992 πάντων
3651 2948 3750 2992 τῶν
3796 2950 4075 3014 προφητῶν
4125 2944 4152 2995 ὁ

2541 3025 2803 3093 Ἰωάννης,
2844 3032 2933 3080 καί
2974 3035 3191 3081 τοσοῦτο
3233 3031 3443 3101 μεὶζων,
3505 3031 3625 3082 ὅσον
3678 3028 3895 3102 άγγιλος
3951 3030 4150 3106 ἀνθρώ-

2540 3138 2664 3177 πον,
2730 3122 2983 3191 Μέγιστος
3023 3123 3114 3191 μέν
3178 3115 3265 3172 οὖν
3305 3117 3354 3171 ἐν
3405 3125 3693 3194 προφῆταις
3751 3125 3841 3173 καί
3878 3121 4147 3184 Ἱεζεκιὴλ·

2540 3214 2631 3260 καί
2691 3212 2850 3281 μάθοι
2895 3208 2955 3261 ἂν
3021 3229 3102 3271 τις
3146 3210 3203 3262 τὸ
3257 3217 3349 3262 τοῦ
3408 3207 3597 3284 ἀνδρὸς
3654 3211 3923 3284 μεγαλεῖον
3976 3210 4026 3263 ἐν
4079 3222 4145 3273 τῆ

2540 3304 2657 3349 κατ’
2684 3298 2838 3351 αὐτόν
2858 3298 3177 3374 παρακύψας
3228 3297 3415 3372 βιϐλίῳ,
3475 3305 3565 3351 καί
3610 3305 3724 3364 νοός
3796 3301 4001 3375 ὄμμασι
4052 3304 4150 3365 τάς

2529 3833 2769 3893 Ἰωάννην
2792 3832 2852 3888 δέ
2881 3834 2985 3908 οὐχ
3012 3838 3147 3887 οὕτω
3176 3834 3340 3891 καλεῖ.
3370 3834 3528 3888 Ἀλλά
3565 3845 3712 3904 πώς;
3752 3860 3772 3885 «
3811 3834 3973 3905 Ἰδού,
4010 3836 4138 3891 άτιό·⁵

2530 3925 2720 3978 mna.
2743 3930 2828 3978 τόν
2859 3926 3076 3998 ἄγγελόν
3107 3945 3227 3999 μου.
3265 3947 3293 3976 η
3323 3927 3444 3979 Εἶτα
3461 3930 3512 3979 τὶ
3544 3944 3557 3996 ;
3593 3926 3833 3999 Ἀγγελος
3887 3932 3979 3999 μέν
4025 3928 4137 3982 ὀνο-

2523 4016 2766 4087 μάζεται·
2819 4019 2934 4068 ἔστι
2987 4011 3047 4068 δέ
3122 4010 3224 4089 ἆρα
3263 4022 3363 4067 τῶν
3416 4016 3776 4090 ἀφισταμὲνων
3820 4016 4133 4093 πορῥωτέρω

2522 4113 2614 4157 του
2657 4101 2975 4159 δεσποτικοῦ
3026 4110 3311 4178 προσώπου
3359 4105 3474 4177 (καί
3519 4106 3619 4181 γάρ
3676 4110 3936 4178 κατεγγύς
3993 4109 4132 4169 θεὶας

2521 4193 2823 4256 οἰκειὼσεως
2863 4191 3232 4268 διισταμένων,
3290 4195 3397 4247 οἷον
3428 4212 3558 4266 φασι
3587 4198 3645 4248 τό
3684 4198 3860 4268 τάγμα
3908 4198 3965 4248 τὸ
4026 4193 4132 4250 ἰδι-

2518 4287 2746 4357 κωτὶραν
2780 4289 2875 4342 την
2944 4282 3329 4357 άγγελωνυμὶαν
3383 4282 3589 4356 λαχὼν)
3639 4300 3652 4351 ;
3708 4289 3990 4357 Οῧμενουν.
4054 4291 4127 4340 Τό

2515 4375 2638 4449 γάρ,
2673 4396 2702 4422 ‹(
2732 4378 2831 4448 πρό
2860 4378 3144 4449 προσώπου
3173 4392 3291 4441 σου,
3331 4393 3359 4422 ››
3416 4380 3570 4426 τοῦτο
3626 4370 3799 4438 δηλοῖ,
3868 4378 3927 4427 τό

2514 4470 2605 4516 τοῦ
2634 4469 2919 4538 προσώπου
2952 4482 3067 4515 σου·
3104 4485 3133 4512 ι(
3160 4463 3214 4525 ὃς
3257 4466 3639 4515 κατασκευάσει
3687 4468 3782 4521 την
3847 4461 3972 4517 ὁδὸν
4022 4484 4121 4518 σου

2511 4554 2799 4625 ἔμπροσθεν
2832 4572 2948 4620 σου,
3010 4575 3036 4603 ››
3101 4554 3468 4626 προετοιμάσει
3521 4555 3614 4615 τοὶς
3662 4561 3763 4605 τῶν
3829 4554 4119 4628 ἀνθρώπων

722 5111 861 5166 ante
889 5100 1275 5178 praesentiam
1312 5103 1482 5154 tuam
1496 5138 1509 5151 .

2490 5276 2703 5331 ποιὴσει
2740 5280 2833 5332 τῆς
2871 5274 3164 5346 παρουσὶας
3196 5288 3311 5325 σου.

789 5412 815 5439 ‹‹
845 5389 969 5445 Vox
1000 5380 1317 5442 clamantis
1360 5376 1421 5435 in
1471 5375 1743 5433 deserto:
1791 5371 2003 5428 Parata
2052 5370 2215 5426 viam
2271 5370 2378 5425 Do-

2334 5383 2378 5425 3.
2561 5363 2634 5418 κ’.
2673 5386 2693 5412 ι
2753 5366 2896 5420 Φωνή
2941 5359 3202 5437 βορῶντος
3257 5358 3305 5411 ἐν
3357 5367 3417 5419 τῆ
3486 5358 3685 5435 ἐρήμῳ,
3747 5360 4098 5435 Ἑτοιμάσατε

709 5478 880 5539 mini.
914 5500 942 5528 υ
974 5472 1235 5545 Angelus
1257 5463 1792 5539 etvoeisrepressio
1821 5459 2067 5519 Joannis
2097 5473 2377 5533 praenun-
2452 5514 2460 5521 ,

2330 5473 2377 5515 1-
2452 5458 2578 5521 ,τήν
2610 5449 2734 5506 ὁδὸν
2768 5458 2983 5526 Κυρὶου.
3019 5473 3040 5501 ›
3102 5449 3338 5525 ³Αγγελος
3402 5453 3493 5502 καί
3536 5458 3672 5523 φωνῆ
3738 5454 3907 5524 ἐποχή
3994 5458 4094 5512 τήν

705 5569 871 5630 tiavit
900 5538 1380 5639 conceptionem.
1415 5538 1599 5615 Natus
1625 5552 1842 5612 deinde
1891 5548 1995 5626 qui
2042 5552 2372 5623 conceptus

2329 5564 2372 5605 ιε
2490 5546 2727 5619 Ἰζνάννου
2787 5538 3126 5621 προεδήλωσε
3191 5539 3469 5615 σύλληψιν.
3526 5541 3656 5600 Εἶτα
3742 5543 4001 5617 γεννηθεὶς
4064 5543 4093 5603 ὀ

772 5798 819 5842 ³³
849 5798 1021 5859 Joan.
1052 5810 1139 5865 xx,
1168 5795 1253 5851 t7.
1331 5788 1381 5829 ³³
1421 5790 1546 5847 Imo
1575 5784 1886 5857 Thren.1v,
1919 5783 2004 5839 15.
2108 5775 2159 5819 ²⁴
2191 5772 2395 5839 Ezech.
2428 5790 2492 5848 ιι,
2520 5777 2576 5836 3.
