4468 6450
319 442 428 498 753

1494 421 1783 484 HOMILIA
1823 421 1895 480 IN
1936 420 2035 482 SS.
2076 421 2532 484 INNOCENTES.

3600 433 3706 489 754

321 564 728 638 συνέθημμένος
765 565 854 616 καὶ
908 555 1094 636 μικρὸν
1146 558 1314 630 φανείς
1373 550 1664 627 ἀπεκρύϐη,
1723 555 1813 604 καὶ
1860 548 1934 621 ἐφ’
1970 551 2018 604 Α
2048 548 2085 605 fl

1970 551 2018 604 A
2048 548 2244 608 fuerat
2266 550 2655 624 etpaululum
2685 551 2852 610 visus
2885 567 2947 611 se
2980 553 3295 614 abscondit
3324 561 3380 614 et
3409 557 3489 616 ad
3512 574 3702 634 usque

319 654 446 712 ὃλην
499 655 918 727 τριακονταετίαν
971 647 1261 722 πατρώζων
1319 640 1381 702 ἧν
1432 646 1498 695 τὰ
1553 647 1621 702 εὶς
1686 641 1934 713 ἀφωνίαν.

319 744 382 797 οὐ
437 751 758 817 κωλυομένης
795 749 890 802 τῆς
934 742 1131 814 φύσεως
1166 736 1220 789 ἐκ
1280 735 1481 795 πάθους
1514 735 1672 817 τινὸς,
1707 728 1813 782 ἀλλ’
1871 732 1937 790 ὡς

319 837 397 904 μή
429 837 569 893 ὄντος
607 816 709 885 τοῦ
756 829 1084 906 ἀκροωμένου
1136 825 1408 900 ἀνθρώπου
1456 843 1470 856 ·
1531 822 1556 873 6
1616 816 1676 873 δέ
1731 818 1932 906 thyi)“,

319 930 397 994 τῷ
444 930 560 994 Θεῷ
640 905 839 994 ὡμίλει,
900 919 954 981 ὃς
1011 922 1101 970 καὶ
1155 919 1466 969 σιωπώντων
1516 909 1715 966 ἀκούει.
1766 905 1934 969 Οὗτος

314 1015 490 1064 τοίνυν
536 1010 748 1082 ἄγγελος
786 1013 876 1062 καὶ
936 1012 1072 1080 φωνὴ
1130 1003 1178 1058 ἐν
1222 1005 1493 1078 παρουσίᾳ
1549 1007 1642 1052 τοῦ
1694 1005 1933 1073 Χριστοῦ

318 1099 656 1172 ἀναφαίνεται
697 1120 710 1133 ·
743 1096 980 1170 ἄγγελος,
1025 1092 1118 1148 διά
1180 1096 1267 1146 τὸν
1328 1094 1517 1166 Κύριον
1576 1087 1791 1143 Σαϐαὼθ
1850 1087 1933 1139 ἐλ-

314 1191 475 1242 θόντα
520 1187 796 1262 πληρῶσαι
851 1190 947 1244 τὴν
999 1192 1099 1256 γῆν
1164 1188 1232 1245 ὡς
1298 1185 1388 1233 καὶ
1439 1183 1526 1232 τὸν
1579 1178 1796 1252 οὐρανὸν
1839 1184 1936 1238 τῆς

311 1276 500 1330 ἑαυτοῦ
534 1273 729 1340 δόξης·
791 1278 954 1349 φωνὴ,
1007 1270 1101 1326 διὰ
1143 1275 1230 1324 τὸν
1284 1271 1454 1342 Λόγον
1512 1274 1604 1321 τοῦ
1654 1274 1789 1320 Θεοῦ
1847 1270 1935 1318 τόν

309 1371 446 1443 πρὸς
473 1386 558 1420 τον
589 1369 718 1419 Θεὸν
748 1368 872 1418 ὄντα
905 1368 994 1416 καὶ
1023 1366 1173 1419 Θεὸν.
1217 1367 1379 1412 Τοῦτο
1438 1354 1497 1412 δε
1566 1353 1934 1432 παραδραμεῖν

307 1458 446 1530 ὑμᾶς
501 1455 560 1509 οὗ
621 1453 878 1528 βούλομαι
939 1454 1020 1505 ὅτι
1074 1447 1172 1504 δύο
1215 1454 1528 1524 προφητείας
1586 1448 1612 1500 6
1655 1446 1932 1518 Εὗαγγελι-

313 1549 440 1615 στὴ,
475 1545 543 1606 ὠς
597 1548 742 1617 μίαν,
805 1543 1088 1616 παρέθηκε.
1155 1546 1321 1593 Τοῦτο
1378 1535 1439 1591 δὲ
1495 1537 1610 1590 ἐστι
1667 1545 1758 1597 τῆς
1809 1536 1928 1588 κατ’

312 1632 573 1710 ἓξαίρετον
640 1637 923 1706 συντομίας
998 1637 1088 1684 του
1153 1630 1397 1704 Μάρκου.
1472 1631 1542 1680 Τὸ
1625 1630 1716 1698 μὲν
1802 1630 1928 1700 γάρ,

315 1744 340 1775 ι
385 1719 535 1777 Ἰδοὺ
583 1722 686 1794 έγὼ
756 1719 1053 1775 ἀποστέλλω
1114 1721 1201 1771 τὸν
1256 1716 1468 1789 ἄγγελόν
1500 1735 1600 1788 μου
1631 1719 1733 1788 πρὸ
1766 1732 1930 1788 προσο

311 1817 482 1882 ώπου,
546 1833 574 1862 υ
612 1821 707 1874 τῆς
771 1810 1056 1882 Μαλαχίου
1096 1807 1209 1862 ἐστὶ
1265 1811 1604 1882 προφητείας,
1665 1805 1716 1866 ὃς
1771 1805 1931 1880 ἑρμη-

309 1905 513 1956 νεύεται
543 1901 760 1976 ἄγγελος
801 1921 814 1935 θ

307 2013 412 2065 μῳ,
475 2013 504 2042 ››
558 1998 650 2046 τοῦ
697 1989 1192 2064 μεγαλοφωνατάτον
1230 1987 1449 2040 Ἠσαίου
1515 1989 1934 2060 προσφορώτατσ

307 2080 576 2156 εἶρημένον
626 2101 639 2114 ·
675 2102 704 2130 ι(
737 2084 876 2138 Φωνὴ
929 2077 1160 2153 βοῶντος
1212 2076 1261 2130 ἐν
1310 2083 1372 2148 τῇ
1430 2074 1628 2149 ἐρήμῳ,
1686 2073 1931 2146 Ἑτοιμάο

309 2189 438 2224 σατε
469 2175 562 2231 τὴν
587 2167 713 2223 ὁδὸν
756 2173 975 2245 Κυρίου.
1037 2191 1064 2218 ››
1133 2167 1368 2240 Ἔρημός
1397 2161 1448 2218 δ’
1519 2165 1580 2216 ἄν
1634 2167 1710 2224 εἰη
1762 2168 1852 2217 καὶ
1895 2165 1924 2222 ἡ

305 2269 406 2323 τῆς
439 2256 706 2325 Ἰουδαίας
735 2259 921 2312 ἅπασα
960 2263 1115 2332 χώρα
1138 2261 1226 2309 καὶ
1252 2257 1282 2314 ἡ
1332 2262 1432 2307 τῶν
1487 2253 1678 2306 πόλεων
1731 2257 1929 2314 ταύτης

306 2349 633 2424 μητρόπολις
662 2348 1011 2425 Ἰερουσαλὴμ
1047 2347 1300 2400 καὶκατὰ
1362 2348 1418 2398 τὸ
1460 2342 1674 2406 ἐνεστώς
1732 2347 1822 2395 καὶ
1869 2347 1928 2394 τὸ

306 2438 490 2512 μέλλον
523 2455 536 2468 ·
585 2440 723 2493 κατά
759 2441 817 2491 τὸ
871 2436 1086 2497 ἐνεστὼς
1125 2439 1238 2509 μεν,
1291 2435 1369 2487 ὅτι
1416 2436 1616 2505 καρπός
1651 2428 1929 2484 δικαιοσύ-

305 2548 405 2590 νης
443 2528 536 2581 οὐκ
569 2524 628 2586 ἧν
655 2526 704 2580 ἐν
745 2526 944 2594 αὐτοῖς,
980 2535 1046 2598 γῆ
1075 2523 1134 2580 δε
1169 2522 1303 2584 ἦσαν
1333 2521 1527 2586 ἄϐατος
1564 2526 1654 2575 καὶ
1684 2519 1927 2596 ἄνυδρος.

306 2619 488 2689 Ταύτῃ
527 2635 607 2670 τοι
632 2617 772 2670 καὶὸ
801 2616 1048 2676 Ἰωάννης
1091 2618 1185 2672 την
1245 2610 1506 2687 ἀκαρπίαν
1559 2610 1728 2664 αὐτῶν
1785 2606 1929 2684 διορ·

308 2707 558 2778 θούμενος
603 2705 743 2776 ἔλεγε
797 2725 810 2739 ο
865 2726 893 2756 (ι
947 2708 1212 2763 Ποιήσατε
1295 2705 1528 2778 καρποὺς
1591 2701 1760 2765 ἀξίους
1835 2709 1930 2763 τῆς

307 2800 606 2868 μετανοίας.
648 2812 678 2848 )
713 2796 775 2850 Αἰ
803 2791 862 2848 δὲ
889 2795 1070 2867 ψυχαὶ
1124 2796 1294 2847 αὐτῶν
1339 2792 1586 2870 ἐρημικαὶ
1633 2791 1822 2846 άϐατοί
1876 2813 1931 2849 τέ

304 2891 374 2958 τῇ
408 2887 696 2957 θεογνωσίᾳ
726 2888 815 2937 καὶ
869 2880 1090 2956 ἄνυδροι
1116 2882 1218 2936 ἀπὸ
1271 2892 1370 2936 τῶν
1423 2891 1752 2958 προφητικῶν
1791 2903 1927 2956 νεφε-

304 2973 407 3047 λῷν
438 2992 451 3005 ’
487 2973 779 3028 ἐντέταλται
822 2976 924 3047 γὰρ
972 2973 1161 3037 αὑταῖς
1212 2976 1356 3049 παρά
1401 2979 1534 3026 Θεοῦ
1587 2976 1643 3026 τό
1684 2977 1753 3046 μὴ
1806 2973 1926 3047 βρέ-

301 3082 424 3137 χειν
483 3063 562 3116 έπ⁹
607 3063 819 3124 αὐτούς.
873 3067 974 3116 Καὶ
1022 3062 1283 3126 παντελῶς
1334 3065 1393 3115 τὸ
1450 3071 1542 3125 τῆς
1610 3067 1926 3136 προφητείας

299 3158 509 3228 ἤργησε
537 3156 806 3229 χάρισμα.
837 3149 1006 3206 Δαϐιδ
1032 3149 1111 3219 δὲ,
1155 3150 1194 3225 ᾧ
1214 3154 1278 3206 τὰ
1315 3149 1492 3205 ἄδηλα
1517 3158 1605 3206 καὶ
1634 3156 1702 3205 τά
1730 3155 1926 3228 κρύφια

2046 638 2289 708 triginta
2311 655 2505 698 annos
2544 643 2727 713 patris
2768 643 3070 701 silentium
3114 647 3378 704 Imitatus
3422 653 3534 719 est;
3578 665 3701 706 non

2045 728 2214 800 quod
2245 728 2691 802 impediebatur
2720 733 2990 804 quodam
3041 737 3254 792 morbo
3303 742 3553 805 naturae,
3596 741 3701 795 sed

2045 816 2215 888 quod
2247 833 2369 874 non
2396 824 2567 876 erant
2594 820 2868 878 homines
2897 824 3000 897 qui
3031 825 3324 882 audirent.
3405 829 3552 885 Cum
3582 831 3700 885 Deo

2045 911 2250 964 autem
2279 910 2768 978 conversabatur,
2825 913 2929 986 qui
2955 917 3011 968 et
3051 918 3315 974 tacentes
3353 917 3539 974 audit.
3598 919 3697 974 Ille

2045 994 2224 1064 igitur
2251 996 2502 1067 angelus
2522 1002 2579 1055 et
2605 998 2705 1055 illa
2734 1015 2840 1057 vos
2867 1001 2929 1057 in
2960 1003 3204 1066 ICEIristi
3253 1007 3576 1078 praesentia
3613 1023 3698 1068 re-

2045 1083 2296 1140 velatur.
2326 1087 2605 1156 Angelus,
2633 1089 2775 1161 quia
2807 1089 3093 1147 Dominus
3138 1093 3399 1150 Sabaoth
3455 1102 3700 1158 venerat

2046 1172 2294 1244 implere
2316 1178 2534 1231 terram
2583 1177 2878 1235 etcmlum
2906 1195 3016 1236 sua
3040 1179 3246 1250 gloria;
3278 1198 3414 1248 vox,
3458 1189 3701 1256 propter

2046 1277 2255 1318 vocem
2289 1263 2389 1319 Dei
2418 1264 2495 1320 ad
2518 1281 2655 1321 eum
2681 1267 2784 1340 qui
2819 1275 2944 1324 erat
2966 1271 3120 1326 Deus
3136 1270 3407 1330 ethomo.
3436 1275 3554 1330 Hoc
3595 1291 3698 1333 au-

2046 1355 2168 1406 tem
2206 1368 2315 1408 vos
2345 1355 2642 1426 praeterire
2674 1355 2833 1424 nolo,
2866 1359 3019 1413 duas
3050 1360 3394 1433 prophetias
3416 1366 3480 1418 ut
3509 1379 3697 1422 unam

2046 1440 2360 1498 tradidisse
2387 1444 2765 1516 prophetam;
2789 1447 2956 1516 quod
2981 1463 3053 1504 ex
3083 1449 3255 1506 solita
3294 1451 3464 1507 Marci
3501 1452 3697 1508 brevi-

2043 1533 2159 1584 tate
2185 1531 2470 1602 procedit.
2493 1533 2649 1589 .lllud
2680 1536 2896 1592 enimzu
2931 1539 3074 1594 Ecce
3100 1554 3212 1608 ego
3263 1541 3432 1600 mitto
3509 1557 3696 1612 ange-

2043 1617 2170 1675 lum
2201 1635 2405 1677 meum
2424 1627 2559 1678 ante
2591 1623 2804 1681 faciem
2826 1629 3404 1690 tuam.»cMalachi¢e
3442 1632 3696 1704 prophe-

2044 1708 2124 1766 tia
2141 1710 2415 1778 sumitur,
2442 1713 2544 1786 qui
2563 1715 2812 1785 angelus
2859 1716 3298 1790 interpretatur.
3369 1721 3432 1778 ld
3463 1728 3693 1780 autem:

2046 1799 2204 1854 Wex
2234 1799 2550 1859 clamantis
2574 1803 2634 1858 in
2659 1803 2946 1874 deserton
2982 1809 3542 1867 convenientissime
3594 1811 3697 1869 ab.

853 1903 911 1953 τὸ
939 1897 1018 1968 δὲ,
1079 1921 1099 1950 ι
1145 1902 1288 1956 Φωνή
1342 1895 1566 1970 βοῶντος
1607 1894 1655 1947 ἐν
1698 1901 1760 1966 τῇ
1818 1892 1932 1971 ἐμή·
1967 1896 2012 1952 Β
2043 1886 2535 1960 eloquentissimo
2565 1892 2617 1946 Is

1931 1896 1932 1899 ‘
1967 1896 2012 1952 Β
2043 1886 2535 1960 eloquentissimo
2565 1892 2720 1950 Isaia
2748 1893 2974 1952 dictum
3019 1901 3104 1956 est
3133 1916 3146 1953 :
3183 1900 3338 1955 «Vox
3379 1898 3695 1960 clamantis

2041 1977 2103 2036 in
2133 1978 2387 2049 deserto,
2418 1982 2625 2040 Parate
2656 1983 2816 2040 viam
2848 1985 3150 2045 Domini.»
3186 1990 3489 2044 Desertum
3522 1988 3697 2047 fuerit

2041 2068 2240 2124 omnis
2265 2069 2486 2128 ludam
2515 2072 2678 2142 regio
2718 2078 2772 2130 et
2811 2073 2943 2144 ejus
2966 2075 3208 2134 urbium
3238 2079 3582 2153 metropolis
3605 2078 3696 2136 Je-

2040 2156 2303 2216 rusalem
2334 2164 2390 2215 et
2415 2160 2474 2214 in
2502 2163 2782 2232 praesenti
2812 2169 2868 2220 et
2892 2163 2953 2220 in
2989 2164 3210 2225 futuro.
3244 2169 3520 2224 Praesenti
3559 2169 3694 2242 qui-

2039 2244 2180 2302 dem
2212 2251 2502 2322 tempore,
2533 2251 2676 2325 quia
2700 2251 2940 2323 justitiae
2969 2253 3198 2310 fructus
3219 2257 3384 2328 apud
3407 2273 3511 2313 eos
3570 2274 3694 2315 non

2039 2342 2182 2392 erat.
2213 2339 2388 2395 Terra
2412 2341 2573 2398 enim
2595 2347 2763 2400 erant
2802 2343 2961 2400 invia
3011 2349 3069 2401 et
3125 2345 3425 2418 inaquosa
3475 2348 3692 2406 95.1deo

2041 2428 2374 2484 etJoannes
2419 2431 2780 2489 sterilitatem
2809 2449 3018 2490 eorum
3072 2436 3378 2506 corrigens
3433 2438 3688 2496 dicebat:

2043 2517 2269 2573 »l+‘acite
2298 2517 2527 2576 fructus
2557 2521 2773 2591 dignos
2793 2524 3154 2596 poenitentia
3175 2527 3242 2580 '6.
3291 2550 3317 2577 ››
3341 2528 3568 2584 Animae
3588 2545 3693 2586 au-

2042 2609 2160 2661 tem
2187 2622 2396 2664 eorum
2417 2610 2662 2667 desertae
2688 2615 2744 2668 et
2763 2614 2862 2670 Dei
2902 2615 3230 2684 cognitioni
3282 2616 3458 2673 inviae
3486 2622 3541 2675 et
3586 2635 3692 2675 nu-

2038 2695 2220 2752 bibus
2249 2699 2613 2772 propheticis
2642 2701 2975 2776 inaquosae.
3009 2704 3312 2762 Mandavit
3367 2707 3527 2763 enim
3578 2709 3693 2765 illis

2041 2789 2197 2844 Deus
2229 2805 2304 2844 ne
2335 2789 2794 2865 pluerentsuper
2811 2809 2934 2849 eos.
2955 2798 3144 2866 Atque
3175 2797 3422 2853 omnino
3437 2800 3694 2872 prophe-

2043 2877 2132 2933 tia:
2164 2879 2356 2949 gratia
2385 2881 2662 2938 cessavit.
2680 2882 2866 2938 David
2883 2883 3253 2941 cuiobscura
3273 2887 3693 2945 etabscondita

2039 2969 2485 3041 sapientitesuae
2501 2970 2968 3036 revelavitDeus,
3003 2975 3529 3032 conversionemin
3566 2994 3692 3034 me-

2035 3055 2150 3112 lius
2190 3059 2586 3129 (terrtemotus
2642 3061 2803 3117 enim
2846 3061 2907 3117 in
2968 3064 3266 3136 Scriptura
3324 3065 3693 3134 nominatur)

2035 3151 2092 3204 et
2110 3147 2292 3219 hujus
2323 3149 2465 3205 invii
2490 3150 2705 3206 deserti
2735 3151 3162 3210 fecunditatem
3176 3159 3232 3211 et
3261 3157 3691 3214 correctionem

299 3249 402 3304 τῆς
459 3247 646 3314 σοφίας
690 3241 852 3294 αὐτοῦ
904 3243 930 3293 6
961 3243 1086 3303 Θεὸς
1130 3240 1448 3312 ἀπεκάλυψε,
1481 3245 1575 3299 τὴν
1641 3240 1921 3313 ἐναλλαγὴν
1957 3251 1999 3310 ρ
2035 3251 2063 3308 12

1957 3251 1999 3310 ς,
2035 3238 2402 3310 prophetans
2445 3239 2657 3296 cecinit
2691 3259 2704 3296 :
2741 3264 2767 3291 ‹‹
2803 3240 2952 3297 Cum
2995 3245 3146 3298 Deus
3192 3245 3581 3315 pertransiret
3627 3246 3685 3303 in

298 3339 403 3384 τῶν
431 3333 752 3404 πραγμάτων
781 3329 864 3384 ἐπὶ
900 3334 957 3384 τὸ
987 3337 1218 3406 κρεῖττον
1264 3331 1310 3401 (ὁ
1365 3336 1452 3384 καὶ
1512 3334 1728 3404 σεισμὸς
1777 3334 1923 3405 παρὰ

299 3429 366 3494 τῇ
420 3426 596 3495 Γραφῇ
636 3417 968 3494 ὀνομάζεται)
1023 3425 1113 3472 καὶ
1180 3425 1275 3479 τὴν
1329 3429 1422 3481 τῆς
1469 3418 1665 3474 ἀϐάτου
1725 3425 1922 3482 ταύτης

306 3510 507 3586 ἐρήμου
539 3509 857 3585 ἐξημέρωσιν
892 3514 982 3562 καὶ
1029 3506 1315 3583 διόρθωσιν
1375 3510 1705 3584 προεξυμνὼν
1763 3510 1922 3581 ἔψαλ-

306 3600 391 3654 λεν
416 3621 429 3634 ·
461 3620 489 3648 α
518 3598 577 3651 Ὀ
617 3603 767 3666 Θεὸς,
797 3599 846 3653 ἓν
877 3607 949 3670 τῷ
987 3595 1022 3652 δ
1028 3598 1274 3653 ιαϐαίνειν
1335 3619 1391 3652 σε
1441 3598 1488 3652 ἐν
1531 3607 1594 3674 τῇ
1647 3599 1814 3674 ἐρήμῳ
1853 3608 1918 3672 γῆ

310 3689 554 3748 ἐσείσθη.
593 3694 695 3743 Καὶ
731 3692 833 3764 γὰρ
879 3691 927 3742 οἱ
956 3688 1164 3762 οὐρανοὶ
1217 3689 1436 3753 ἓσταξαν
1483 3689 1583 3743 ἀπὸ
1636 3696 1920 3764 προσώπου

310 3787 408 3835 τοῦ
440 3786 574 3833 Θεοῦ
602 3787 693 3833 τοῦ
716 3786 854 3835 Σινᾶ.
897 3785 1107 3854 Βροχην
1146 3779 1383 3833 ἑκούσιον
1429 3778 1677 3853 ἀφοριείς,
1711 3782 1736 3832 ό
1770 3784 1919 3847 Θεὸς,

310 3877 378 3943 τῇ
420 3869 740 3946 κληρονομίᾳ
773 3889 889 3939 σου,
923 3874 1011 3922 καὶ
1055 3871 1313 3929 ἠσθένησε
1360 3891 1373 3904 ο
1409 3874 1473 3923 σὺ
1516 3867 1575 3924 δε
1616 3876 1920 3945 κατηρτίσω

311 3959 498 4019 αὐτὴν.
531 3982 558 4009 ››
580 3956 944 4019 Ἐκδηλότατα
973 3966 1062 4012 οὖν
1092 3963 1185 4019 τὴν
1216 3967 1308 4013 τοῦ
1352 3962 1477 4013 Υἰοῦ
1509 3965 1800 4036 παρουσίαν
1831 3966 1921 4014 καὶ

309 4055 408 4109 την
452 4057 545 4103 τοῦ
583 4054 743 4123 νόμου
788 4053 913 4125 πρὸς
964 4055 1059 4109 τὴν
1103 4054 1265 4126 χάριν
1309 4052 1584 4124 μετάθεσιν
1637 4053 1665 4110 η
1722 4070 1922 4125 προφηο

307 4144 426 4195 τεία
468 4137 645 4208 δηλοῖ,
685 4139 802 4193 κατ’
839 4135 1084 4194 εὐδοκίαν
1135 4147 1227 4193 τοῦ
1269 4148 1402 4194 Θεοῦ
1455 4148 1546 4194 τοῦ
1577 4139 1625 4194 έν
1673 4149 1745 4212 τῷ
1803 4148 1922 4195 Σινᾶ

307 4229 853 4306 τελεσιουργηθείσαν.
914 4232 1044 4284 Θεὸν
1089 4227 1149 4284 δὲ
1197 4238 1290 4284 τοῦ
1363 4237 1483 4284 Σινᾶ
1554 4234 1642 4284 τὸν
1718 4234 1922 4305 Πατέρα

309 4319 522 4374 ἐκάλεσε
554 4316 649 4373 διὰ
675 4324 770 4379 τήν
828 4319 992 4374 ἐκεῖσε
1039 4317 1380 4394 νομοδοσίαν.
1434 4326 1538 4380 Τήν
1577 4341 1635 4394 γε
1690 4326 1793 4394 μὴν
1834 4317 1919 4375 δε-

311 4407 622 4484 δωρημένην
644 4412 787 4484 παρὰ
828 4416 920 4463 τοῦ
972 4412 1096 4464 Υἰοῦ
1156 4406 1571 4481 δαψίλειαντὼν
1621 4413 1770 4464 θείων
1821 4407 1921 4464 δω-

308 4509 441 4576 ρεῶν
481 4504 570 4552 καὶ
614 4502 674 4553 τὸ
713 4508 805 4562 τῆς
855 4502 1077 4575 χάριτος
1130 4500 1462 4573 Εὗαγγέλιον,
1524 4499 1736 4577 βροχην
1776 4502 1920 4556 ἐκού-

2032 3325 2288 3396 deserto,
2320 3333 2478 3385 terra
2507 3333 2672 3385 mota
2728 3336 2834 3386 est.
2889 3331 3114 3388 Etenim
3177 3333 3304 3390 creli
3366 3333 3689 3392 distillave-

2032 3421 2172 3473 runt
2193 3433 2227 3473 a
2253 3417 2402 3475 facie
2436 3419 2536 3475 Dei
2566 3419 2747 3478 Sinai.
2773 3421 3039 3478 Pluviam
3071 3422 3472 3480 voluntariam
3500 3442 3692 3498 segre-

2035 3507 2208 3578 gabis
2225 3509 2748 3580 Deus,haereditati
2763 3515 2970 3581 tuae,et
2989 3512 3295 3571 infirmata
3307 3523 3412 3581 est;
3444 3522 3507 3572 tu
3547 3533 3689 3574 vero

2034 3598 2331 3671 perfecisti
2362 3615 2498 3656 eam
2532 3601 2638 3656 ".«
2667 3602 3135 3659 Manifestissime
3177 3604 3356 3674 igitur
3386 3606 3510 3662 Filii
3541 3624 3689 3680 prae-

2035 3688 2288 3743 sentiam
2318 3691 2373 3744 et
2393 3687 2542 3758 legis
2570 3689 2646 3745 ad
2694 3690 2949 3759 gratiam
3003 3693 3320 3749 transitum
3374 3697 3690 3768 prophetia

2034 3777 2318 3847 ostendit,
2354 3778 2690 3836 secundum
2721 3780 2822 3836 Dei
2847 3780 3008 3838 Sinai
3037 3781 3521 3842 benevolentiam
3563 3802 3690 3859 per-

2034 3865 2276 3924 fectum.
2321 3871 2507 3925 Deum
2533 3875 2733 3927 autem
2757 3871 3166 3928 Sinail’atrem
3195 3875 3520 3948 appellavit
3557 3893 3690 3950 pro-

2031 3961 2164 4030 pter
2179 3957 2376 4028 legem
2403 3958 2464 4014 in
2494 3959 2609 4016 hoc
2639 3964 2842 4016 monte
2868 3960 3393 4026 datam;donataIn
3426 3971 3629 4023 autem
3655 3983 3692 4024 a

2031 4047 2178 4104 Filio
2201 4047 2642 4106 abundantiam
2671 4049 3015 4107 divinorum
3045 4068 3368 4110 munerum
3401 4058 3457 4112 et
3486 4057 3688 4126 gratias

2030 4139 2438 4211 Evangelium,
2455 4138 2723 4212 pluviam
2744 4139 3546 4215 voluntariam,segregatam
3559 4147 3689 4218 ejus

2028 4228 2383 4288 haereditati.
2432 4229 2700 4300 gentium
2757 4231 3041 4300 ecclesiae,
3102 4232 3311 4303 David,
3340 4239 3405 4291 ut
3451 4236 3688 4308 opinor,

2029 4318 2382 4375 nominavit.
2412 4322 2586 4375 Vetus
2612 4319 2772 4377 enim
2793 4319 2888 4377 lex
2911 4337 3034 4378 non
3057 4323 3390 4380 secundum
3417 4325 3689 4384 volunta-

2031 4413 2171 4478 tem,
2200 4425 2395 4482 nequc
2422 4409 2760 4466 secundum
2798 4412 3167 4484 praecipuam
3206 4413 3690 4473 benevolentiam

2031 4497 2302 4570 exposita
2332 4503 2439 4565 est;
2491 4499 2597 4554 scd
2653 4499 2988 4556 secundum
3037 4503 3688 4573 accommodationem,

313 4609 450 4657 σιονν
505 4588 870 4664 ἀφωρισμένην
923 4598 984 4663 τῇ
1031 4589 1352 4666 κληρονομίᾳ
1382 4591 1542 4644 αὑτοῦ
1579 4599 1638 4664 τῇ
1691 4590 1744 4655 ἐξ
1769 4590 1921 4645 ἐθνῶν
1952 4617 2000 4675 D
2033 4604 2072 4662 q

1952 4617 2000 4675 ι)
2033 4588 2554 4662 quemadmodum
2571 4593 2740 4661 pater
2768 4606 2906 4646 cum
2928 4590 3064 4647 iiliis
3082 4591 3564 4664 ludit,retrabens
3586 4610 3689 4651 eos

312 4677 589 4752 ἐκκλησία,
623 4681 649 4732 ὁ
677 4675 875 4747 Λαϐὶδ,
902 4681 968 4741 ὡς
989 4681 1089 4751 ἐγὼ
1113 4677 1280 4754 οἶμαι,
1313 4683 1660 4754 κατονομάζει
1686 4703 1700 4715 ι
1755 4684 1784 4740 ἡ
1820 4685 1920 4756 γὰρ

312 4767 516 4823 παλαιὰ
542 4771 826 4843 νομοθεσία
872 4769 930 4822 οὗ
982 4770 1100 4822 καθ’
1153 4769 1390 4823 ἑκούσιον
1443 4768 1567 4825 οὐδὲ
1611 4774 1746 4824 κατά
1785 4792 1924 4844 προ-

314 4863 611 4933 ηγουμένην
685 4856 926 4913 εὐδοκίαν
997 4858 1300 4931 ἐπιτέθειται,
1368 4859 1496 4914 ἀλλα
1542 4865 1678 4915 κατά
1730 4882 1926 4935 συγκα-

309 4949 559 5020 τάϐασιν,
636 4951 808 5026 ὥσπερ
859 4951 921 5003 οἶν
973 4949 1017 5003 εἰ
1067 4956 1158 5004 καὶ
1209 4956 1383 5026 πατὴρ
1447 4953 1768 5026 προσπαίζει
1817 4961 1927 5016 τοῖς

309 5043 533 5109 τέκνοις,
593 5039 845 5094 ἀνθέλκων
899 5039 1033 5092 αὖτά
1088 5049 1186 5094 τῶν
1269 5039 1534 5116 βλαϐερῶν
1610 5040 1922 5116 ἀθυρμάτων

308 5137 404 5185 καὶ
433 5141 530 5194 τῆς
556 5133 688 5205 μετά
741 5139 840 5184 τῶν
891 5129 1251 5194 ἐξωλεστάτων
1287 5129 1690 5208 συνδιατριϐἥς.
1722 5139 1785 5187 Τί
1815 5137 1917 5206 γὰρ

308 5219 423 5276 ἔδει
475 5228 548 5294 τῷ
605 5228 718 5292 Θεῷ
776 5229 869 5284 τῆς
913 5219 1102 5282 πολλῆς

304 5311 536 5366 ἐντεῦθεν
555 5316 782 5374 κνίσσης
815 5330 827 5377 ;
858 5311 917 5372 ἧς
943 5314 1001 5364 τὸ
1041 5307 1202 5374 ἀηδὴς
1233 5317 1322 5364 καὶ
1351 5317 1409 5365 τὸ
1443 5309 1801 5387 δυσπρόσιτον
1832 5319 1920 5367 καὶ

1187 5228 1593 5299 κρεωμαγειρίας
1659 5229 1750 5277 καὶ
1825 5234 1922 5288 τῆς

304 5405 576 5478 ἄνθρωποι
623 5401 1060 5477 ἀποστέργουσιν.
1095 5400 1216 5454 Ὀτι
1270 5398 1329 5456 δὲ
1387 5401 1655 5471 ἀκούσιος,
1711 5404 1862 5466 αὐτὸς
1893 5406 1919 5456 6

302 5496 436 5568 πρὸς
473 5500 625 5546 τοῦτο
666 5490 1001 5565 συγκαταϐὰς
1039 5492 1254 5568 ὕστερον
1303 5497 1361 5546 τό
1400 5493 1586 5546 οἰκεῖον
1631 5493 1920 5567 ἀνεκάλυψε

305 5583 579 5658 βούλημα,
631 5605 659 5634 α
680 5587 772 5646 Τίς
816 5581 1097 5647 ἐξεζήτησε
1127 5590 1312 5655 ταῦτα,
1371 5607 1396 5633 ››
1447 5583 1626 5657 λέγων,
1658 5604 1687 5639 (
1728 5583 1782 5637 ἐκ
1821 5594 1919 5638 τών

378 5802 427 5837 ³³
468 5801 610 5859 Gen.
646 5817 681 5873 I,
713 5804 769 5858 2.

2035 4696 2072 4738 a
2104 4679 2456 4753 periculosis
2491 4679 2649 4735 ludis
2675 4686 2732 4735 et
2764 4680 3135 4752 perditorum
3183 4683 3482 4741 societate.
3537 4685 3690 4752 Quid

2036 4771 2197 4827 enim
2232 4770 2515 4842 Deoopus
2537 4775 2663 4826 erat
2683 4771 2956 4827 carnium
2985 4773 3346 4830 mactatione
3407 4780 3465 4831 et
3511 4775 3690 4848 adipe

2035 4860 2175 4917 inde
2201 4859 2616 4933 provenienti?
2646 4875 2832 4932 quam
2873 4861 3054 4918 etiam
3107 4867 3169 4918 ut
3196 4862 3597 4935 injucundam
3636 4871 3694 4922 et

2035 4949 2322 5007 odibilem
2344 4949 2619 5005 homines
2632 4955 3054 5022 aspernantur.
3075 4952 3248 5018 Quod
3279 4954 3557 5011 autemid
3608 4956 3693 5011 in-

2036 5039 2190 5096 vitus
2219 5039 2439 5107 fecerit,
2466 5039 2596 5111 ipse
2623 5040 2727 5113 qui
2757 5039 2834 5096 ad
2863 5041 2924 5097 id
2946 5058 3007 5098 se
3024 5045 3692 5115 accommodabat,pro-

2033 5132 2231 5204 priam
2254 5130 2471 5187 deinde
2501 5130 2900 5188 manifestavit
2942 5133 3333 5201 voluntatem,
3389 5136 3534 5202 Quis
3589 5154 3691 5192 cx-

2031 5222 2292 5296 quisivit,
2336 5220 2550 5294 inquit,
2589 5220 2716 5276 haec
2739 5221 2814 5277 de
2883 5223 3166 5280 manibus
3223 5227 3432 5282 vestris
3472 5229 3518 5262 ³⁸
3560 5229 3692 5286 ἶ)››1ἰῐ

2033 5312 2239 5370 David:
2263 5311 2565 5368 «Hostiam
2596 5313 2653 5366 et
2677 5310 3047 5370 oblationem
3079 5315 3322 5372 noluisti
3398 5319 3466 5372 ‘39.
3507 5341 3533 5367 ››
3562 5321 3689 5376 Non

2032 5403 2216 5460 modo
2247 5407 2449 5459 autem
2478 5405 2722 5475 propter
2747 5400 3050 5460 bonorum
3082 5411 3328 5463 actuum
3347 5407 3690 5466 absentiam

2031 5493 2265 5550 deserta
2293 5492 2499 5548 Judaea
2529 5491 2842 5548 nominata
2865 5497 2970 5561 est,
2999 5496 3106 5551 sed
3161 5501 3218 5553 et
3249 5502 3492 5571 propter
3537 5498 3694 5556 futu-

2031 5601 2166 5641 rum
2192 5582 2492 5640 excidium
2522 5586 2578 5638 et
2616 5583 3039 5640 vastationem.
3071 5585 3136 5642 id
3167 5587 3402 5645 enimet
3432 5588 3566 5662 ipsa
3595 5606 3696 5647 ve-

847 5801 895 5838 ²⁶
939 5801 1074 5858 Luc.
1106 5815 1189 5870 III,
1218 5803 1270 5866 8,
1352 5801 1399 5838 ³⁷
1428 5799 1586 5863 Psal.
1615 5817 1786 5873 LXVII,
1837 5801 1971 5880 8,9,
2003 5799 2094 5864 10.
2167 5798 2216 5842 ³³
2254 5799 2370 5861 Isa.
2403 5819 2436 5874 ι,
2476 5805 2560 5858 l2.

1463 5799 1586 5863 ’sal.
1615 5817 1786 5873 LXVII,
1837 5801 1971 5880 8,9,
2003 5799 2094 5864 10.
2167 5798 2216 5842 ⁸³
2254 5799 2370 5861 Isa.
2403 5819 2436 5874 ι,
2476 5805 2560 5858 l2.
2639 5801 2686 5838 ιν
2711 5799 2866 5869 Psal,
2896 5819 3137 5877 xxxvm,
3173 5810 3227 5862 7.
