4468 6450
792 393 898 447 755

2041 385 2353 443 GERMANI
2380 384 2429 439 II
2458 382 2571 440 ΟΡ.
2602 381 3019 445 PATRIARCE

4055 388 4166 444 756

792 513 940 570 ritas
972 510 1235 568 Christus
1265 508 1579 582 praedixit:
1611 531 1641 559 «
1672 512 1820 566 Ecce
1846 509 2200 582 relinquitur
2230 508 2452 564 domus
2478 513 2527 567 Α

2403 523 2452 562 Is
2478 513 2527 567 Α
2561 517 2759 584 χειρῶν
2789 512 2967 583 ὑμῶνς
2996 532 3025 561 ››
3060 512 3204 566 Καὶὸ
3236 509 3427 583 Δαϐίδ,
3450 533 3480 563 ιι
3512 516 3719 566 Θυσίαν
3742 517 3833 565 καὶ
3855 515 4167 589 προσφορὰν

792 606 993 659 vestra
1013 600 1249 656 deserta
1278 599 1348 656 ³ο.
1401 621 1431 648 ››
1486 601 1550 654 Et
1579 599 1728 655 dum
1760 604 1915 655 esset
1941 599 2003 655 in
2026 613 2201 655 cruce
2231 600 2287 653 et
2314 612 2454 670 pas-

796 692 963 748 sione
990 693 1046 745 et
1074 687 1466 744 descenderet
1497 688 1575 743 ad
1606 688 1852 753 inferos,
1884 693 2045 744 terra
2067 691 2235 743 mota
2262 691 2369 756 est,
2396 689 2455 742 et

795 784 978 854 petrae
1002 777 1203 834 scissae
1234 784 1397 844 sunt,
1428 781 1486 833 et
1515 777 1650 833 cceli
1689 776 2126 834 distillaverunt
2152 776 2454 849 lacrymas

795 884 907 942 pro
931 882 1083 924 rore.

2563 598 2658 650 ούκ
2683 599 2968 662 ἠθέλησας.
3015 624 3045 652 ››
3077 601 3154 654 Ού
3178 606 3331 674 μόνον
3382 598 3442 655 δε
3481 598 3574 653 διὰ
3624 606 3719 660 τήν
3767 600 4028 676 ἀκαρπίαν
4065 611 4170 654 τῶν

2564 684 2809 759 ἕναρέτων
2884 690 3118 764 πράξεων
3197 693 3391 764 ἔρημος
3441 692 3471 748 ἡ
3537 685 3773 742 Ἰουδαία
3858 690 4168 763 ὠνομάσθη,

2565 773 2692 827 ἀλλὰ
2719 781 2809 828 καὶ
2843 773 2937 829 διὰ
2966 783 3060 837 τὴν
3091 783 3305 854 χρόνιον
3359 783 3724 853 καταστροφὴν
3753 784 3842 831 καὶ
3911 781 4179 855 ἓκπόρθηέ

2567 883 2671 918 σιν.
2703 872 2867 918 Τοῦτο
2905 869 3007 942 γὰρ
3040 873 3131 920 καὶ
3164 870 3191 927 ἡ
3243 867 3588 943 αύτοαλήθεια
3642 875 3856 942 προεῖπε
3913 876 4166 942 Χριστος⁸

865 980 895 1008 ‹‹
933 953 1073 1010 Ἰδού
1106 954 1311 1028 ἀφίεται
1335 955 1361 1006 6
1393 951 1531 1018 οἶκος
1561 957 1708 1027 ἡμῶν
1760 957 1966 1030 ἔρημος.
1998 977 2027 1004 ››
2065 958 2165 1007 Καὶ
2195 953 2244 1007 ἐν
2295 961 2367 1025 τῷ
2408 949 2695 1005 διαϐαίνειν
2725 953 2781 1006 ix
2808 962 2902 1007 τοῦ
2953 974 3009 1009 τε
3074 954 3168 1009 διὰ
3227 963 3455 1032 σταῡρου
3517 962 3608 1009 καὶ
3671 963 3766 1008 τοῦ
3826 959 4027 1018 πάθους
4078 951 4173 1007 καὶ

796 1045 1125 1099 καταϐαίνειν
1182 1046 1315 1119 πρὸς
1366 1040 1523 1115 ᾅδην,
1573 1052 1639 1116 γῆ
1698 1043 1935 1111 ἐσείσθη,
1977 1047 2069 1096 καὶ
2127 1045 2313 1117 πέτραι
2379 1038 2758 1115 διεῤῥάγησαν,
2811 1049 2901 1097 καὶ
2958 1047 3007 1098 οἱ
3057 1044 3266 1120 οὐρανοὶ
3317 1048 3535 1109 ἔσταξαν
3587 1042 3814 1121 δάκρυον
3869 1043 3979 1098 ἂντὶ
4034 1042 4172 1119 δρό-

800 1155 918 1191 σου.

869 1226 1007 1279 Vlll.
1047 1245 1068 1273 ‹
1103 1225 1317 1278 Rectas
1347 1221 1520 1278 facite
1553 1222 1798 1279 semitas
1830 1222 1983 1293 ejus.
2017 1243 2047 1272 ››
2077 1221 2141 1277 Si
2178 1220 2337 1276 enim
2364 1235 2456 1276 re-

796 1312 1046 1384 jecerint
1076 1310 1531 1366 similitudinem
1559 1327 1697 1367 cum
1729 1311 1944 1382 genitis
1975 1309 2218 1383 viperis,
2252 1314 2309 1366 et
2354 1309 2459 1381 qui

800 1402 1055 1473 decepit,
1072 1400 1364 1473 serpentis
1392 1401 1519 1456 vias
1548 1401 1877 1472 omiserint,
1895 1404 2088 1456 rectas
2106 1398 2350 1455 semitas
2374 1398 2461 1454 fa-

803 1492 979 1548 cient.
1010 1490 1102 1547 Sic
1124 1490 1284 1545 enim
1309 1490 1379 1545 iis
1403 1490 1911 1560 transgressiones
1929 1488 2222 1560 corrigere
2236 1487 2456 1557 licebit,

804 1585 862 1637 et
877 1596 980 1636 eos
996 1595 1133 1652 quae
1148 1579 1209 1634 in
1230 1579 1470 1635 Cantico
1486 1578 1768 1635 laudatur
1781 1580 1801 1650 j
1812 1579 2014 1635 ustitia
2031 1577 2279 1646 amabit,
2299 1581 2357 1632 et
2370 1592 2459 1633 re-

805 1666 1255 1739 generationem
1276 1684 1412 1740 qua:
1428 1683 1535 1739 per
1566 1667 1939 1739 baptismum
1967 1672 2056 1723 est
2078 1666 2453 1736 obtinebunt,

2640 1221 2723 1276 H'.
2753 1244 2782 1272 ι(
2828 1222 3044 1285 Εὐθείας
3093 1231 3289 1277 ποιεῖτε
3340 1226 3436 1286 τὰς
3480 1223 3691 1299 τρίϐους
3727 1223 3909 1276 αὑτοῦ.
3961 1246 3991 1274 ii
4051 1222 4176 1275 Ἐὰν

2565 1311 2666 1385 γὰρ
2715 1315 2810 1369 τὴν
2857 1315 2989 1386 πρὸς
3045 1314 3139 1375 τὰς
3189 1318 3553 1385 γεγεννηκυίας
3609 1308 3831 1384 ἐχίδνας
3887 1313 4179 1384 ὁμοιότητα

2567 1393 2914 1452 διαπτύσαιεν
2968 1406 3059 1453 καὶ
3116 1408 3208 1453 τοῦ
3270 1399 3637 1462 ἀπατήσαντος
3692 1405 3850 1472 ὄφεως
3896 1399 4178 1452 ἐκκλίνοιεν

2564 1488 2657 1548 τὰς
2721 1484 2895 1557 ὁδούς,
2964 1488 3159 1550 εὐθείας
3212 1491 3301 1550 τὰς
3358 1488 3565 1562 τριϐούς
3619 1493 3957 1547 ποιήσουσιν.
4018 1488 4179 1540 Οὕτω

2563 1579 2665 1650 γὰρ
2692 1576 2868 1639 αὐτοῖς
2910 1582 2999 1630 καὶ
3057 1580 3124 1631 τὰ
3181 1575 3491 1650 διαϐήματα
3545 1579 3958 1636 κατευθυνθῆναι
4008 1596 4182 1650 προσ-

2563 1670 2735 1735 έσται,
2765 1672 2855 1719 καὶ
2875 1669 2905 1725 ἡ
2935 1667 2986 1719 ἐν
3016 1675 3089 1737 τῷ
3112 1666 3133 1681 ”
3165 1674 3376 1742 ᾼσματι
3406 1667 3622 1729 εὐθύτης
3648 1666 3837 1729 αὐτοὺς
3860 1664 4175 1737 ἀγαπήσειε,

804 1738 864 1813 et
892 1756 1077 1813 Patris
1109 1738 1363 1811 caelestis
1395 1738 1529 1811 vere
1556 1738 1667 1811 ﬁlii
1692 1760 1881 1812 erunt.
1916 1756 1975 1813 Si
2002 1771 2142 1812 vero
2172 1756 2234 1811 in
2258 1754 2456 1828 priore
2493 1738 2535 1792 Β
2563 1776 2568 1806 ε

2412 1771 2456 1812 'e
2493 1738 2535 1792 Β
2563 1760 2653 1807 καὶ
2683 1762 2778 1817 τῆς
2826 1752 2919 1808 διὰ
2970 1738 3342 1829 βαπτίσματος
3405 1761 3745 1817 νεοποιήσεως
3803 1754 4176 1823 ἐπιτεύξονται,

803 1846 906 1903 via
932 1844 1373 1917 permanserint
1383 1860 1746 1918 rursumque
1758 1843 2202 1900 inveterationis
2225 1841 2457 1898 etclau-

806 1932 1439 1989 dicationisincessum
1461 1936 1755 2005 tanquam
1773 1932 2039 2005 perversi
2060 1937 2116 1988 et
2148 1928 2458 2004 depravati

806 2023 933 2091 ﬁlii,
968 2024 1336 2095 serpentium
1387 2038 1553 2079 more
1601 2022 2058 2090 circumvolunt,
2108 2026 2347 2095 pectore
2403 2024 2461 2076 et

806 2117 1013 2169 ventre
1064 2111 1431 2182 incedentes,
1501 2111 1930 2185 cupiditatibus
1995 2117 2052 2168 et
2097 2110 2460 2167 helluatione

809 2201 1095 2268 fruentes,
1136 2200 1402 2257 futuram
1434 2202 1585 2257 iram
1610 2216 1734 2256 non
1759 2200 2076 2271 effugient:
2108 2200 2275 2256 furor
2298 2198 2460 2255 enini

804 2289 939 2362 illis,
974 2294 1040 2346 ut
1085 2290 1168 2346 ait
1199 2288 1409 2360 David,
1445 2289 1781 2346 secundum
1838 2288 2287 2346 similitudinem
2345 2303 2461 2344 ser-

804 2379 1001 2453 pentis
1025 2379 1132 2451 qui
1162 2378 1241 2435 ab
1278 2378 1446 2434 initio
1471 2378 1779 2435 homicida
1817 2382 1945 2446 est;
1980 2378 2198 2435 ventris
2258 2382 2462 2434 autem

804 2468 1130 2542 cupiditate
1180 2473 1237 2524 et
1286 2472 1558 2525 cetaceos
1594 2472 1831 2524 ventres
1883 2468 2460 2541 supergrediuntur:

804 2559 1023 2614 domos
1041 2557 1202 2613 enim
1214 2557 1534 2613 viduarum
1553 2557 1961 2623 comederunt,
1978 2562 2035 2613 et
2049 2558 2464 2630 orphanorum

804 2646 1063 2703 miseriis
1098 2646 1283 2705 laetati
1312 2650 1453 2704 sunt
1488 2646 2018 2703 immisericordes.

876 2918 997 2973 ΙΧ.‹‹
1015 2915 1185 2971 Venit
1206 2917 1466 2971 Joannes
1489 2915 1804 2988 baptizans
1824 2914 1887 2971 in
1907 2915 2142 2971 deserto
2168 2919 2225 2971 et
2249 2912 2467 2989 praedi-

805 3019 950 3061 cans
968 3004 1341 3077 baptismum
1363 3004 1728 3076 poenitentiae
1746 3006 1807 3060 in
1840 3004 2260 3061 remissionem
2284 3020 2464 3077 peca-

2565 1848 2654 1896 καὶ
2681 1849 2833 1897 τέκνα
2860 1849 3054 1914 γνήσια
3082 1853 3173 1897 τοῦ
3222 1844 3529 1920 ἐπουρανίου
3578 1848 3782 1913 Πατρός
3821 1846 4046 1898 ἔσονται.
4114 1843 4182 1895 Εἰ

2568 1930 2620 1986 δ’
2650 1931 2734 1986 ἐπὶ
2770 1941 2866 1995 τῆς
2919 1939 3173 2010 προτέρας
3213 1941 3448 2007 μενοῦσι,
3506 1937 3595 1986 καὶ
3647 1929 3795 1995 αὖθις
3840 1932 4182 1992 παλαιὼσεως

2566 2025 2656 2074 καὶ
2679 2022 3016 2094 χωλάνσεως,
3049 2026 3117 2086 ὡς
3148 2022 3407 2097 ἀλλότριοι
3454 2025 3561 2076 υἱοὶ
3614 2026 3704 2075 καὶ
3770 2025 3837 2085 ὡς
3882 2024 4030 2095 γενεὰ
4057 2039 4184 2073 σκο-

2567 2111 2656 2164 λιὰ
2684 2116 2773 2164 καὶ
2804 2109 3213 2188 διεστραμμένη,
3267 2109 3503 2180 ὀφιωδῶς
3534 2112 3764 2176 ἐλιξουσι
3792 2117 3886 2171 τήν
3940 2116 4180 2187 πορείαν,

2571 2202 2654 2255 ἐπὶ
2679 2210 2752 2272 τῷ
2784 2204 2967 2261 στήθει
3017 2208 3106 2256 καὶ
3154 2210 3216 2275 τῇ
3250 2201 3424 2274 κοιλίᾳ
3474 2205 3830 2276 πορευόμενοι,
3893 2203 4040 2274 θυμῷ
4088 2204 4185 2251 καὶ

2568 2309 2970 2366 γαστριμαργιᾳ
3008 2295 3281 2367 χαίροντες
3314 2313 3326 2325 ·
3388 2290 3489 2345 ἀπὸ
3559 2299 3656 2352 τῆς
3687 2290 3973 2364 μελλούσης
4020 2288 4186 2363 ὀργῆς

2571 2380 2630 2432 ού
2686 2377 3084 2453 διαφευξοῦνται
3134 2401 3148 2415 ο
3191 2383 3216 2432 6
3273 2384 3362 2455 μὶν
3399 2384 3497 2453 γὰρ
3554 2383 3712 2454 θυμός
3768 2380 3966 2441 αὐτοῖς,
4004 2380 4185 2441 καθώς

2573 2489 2732 2541 φησιν
2762 2471 2788 2521 6
2815 2466 3001 2541 Δαϐὶδ⁹
3034 2472 3171 2524 κατὰ
3199 2476 3295 2529 τὴν
3334 2472 3583 2543 ὁμοίωσιν
3612 2478 3706 2523 τοῦ
3744 2474 3897 2543 ὄφεως
3934 2475 4026 2520 τοῦ
4089 2465 4183 2519 ἀπ’

2575 2558 2748 2632 ἀρχῆς
2795 2558 3224 2632 ἀνθρωποκτόνου
3277 2582 3289 2594 ι
3460 2556 3520 2613 δὲ
3571 2559 3901 2632 κοιλιομανίᾳ
3937 2562 4028 2611 καὶ
4086 2577 4185 2615 κη-

2576 2654 2708 2710 τώας
2757 2651 2934 2711 πάσας
3013 2654 3276 2720 γαστέρας
3371 2650 3814 2724 ύπερπεπαίκασι,
3897 2650 4003 2709 Τὰς
4072 2648 4181 2720 γὰρ

2577 2737 2747 2800 οἰκίας
2778 2745 2876 2789 τῶν
2931 2746 3118 2811 χηρῶν
3147 2740 3506 2800 κατεσθίοντες
3554 2734 3710 2807 ἦσαν,
3768 2742 3859 2789 καὶ
3912 2744 4027 2797 ταῖς
4078 2742 4183 2788 τῶν

2578 2826 2809 2900 ὀρφανῶν
2831 2834 3124 2903 συμφοραῖς
3152 2836 3494 2902 εντρυφῶδτες
3524 2829 3574 2880 οἱ
3629 2825 3974 2900 ἀνελεήμονες.

2649 2916 2733 2971 ϐ’.
2789 2938 2817 2963 σι
2875 2918 3107 2989 Ἐγένετο
3169 2917 3409 2979 Ἰωάννης
3456 2915 3731 2990 βαπτίζων
3785 2915 3833 2968 ἒν
3889 2924 3953 2989 τῇ
4004 2914 4187 2989 ἐρήμῳ

2574 3009 2665 3058 καὶ
2711 3009 2995 3080 κηρύσσων
3028 3004 3311 3080 βάπτισμα
3356 3011 3624 3079 μετανοίας
3661 3005 3733 3067 εἰς
3784 3006 3968 3078 ἄφεσιν
4016 3003 4189 3077 ἁμαρ-

804 3098 1027 3151 torum.
1052 3096 1117 3149 Et
1141 3092 1513 3150 accedebant
1561 3093 1639 3149 ad
1665 3109 1806 3149 eum
1833 3094 2032 3149 omnis
2054 3093 2277 3149 Jubaeaa
2300 3096 2463 3165 regio
2504 3091 2544 3146 C

2427 3111 2463 3150 Ο
2504 3091 2544 3146 C
2574 3104 2718 3153 τιῶν,
2756 3100 2855 3148 Καὶ
2894 3094 3249 3170 ἐξεπορεύοντο
3287 3099 3419 3171 πρὸς
3469 3096 3626 3148 αὐτὸν
3655 3102 3804 3148 πᾶσα
3852 3097 3897 3153 ἡ·
3945 3090 4190 3147 Ἰουδαία

804 3186 861 3238 et
887 3182 1392 3254 Jerosolymitanl,
1425 3188 1483 3238 et
1514 3182 1979 3254 baptizabantur
2007 3198 2220 3238 omnes
2247 3182 2310 3238 in
2333 3182 2463 3239 Jor-

804 3271 984 3338 dane,
1014 3270 1365 3326 conﬁtentes
1389 3276 1635 3343 peccata
1656 3287 1767 3327 sua
1787 3272 1858 3328 ³³.
1892 3294 1919 3321 ››
1954 3274 2213 3327 Rursum
2235 3274 2463 3328 Marcus

804 3375 911 3432 per
938 3359 1274 3415 breviorem
1300 3360 1464 3415 viam
1505 3359 1793 3431 procedit,
1829 3364 1886 3417 et
1914 3359 2198 3417 distantia
2244 3359 2465 3431 colligit

802 3454 861 3505 et
884 3450 945 3505 in
968 3466 1152 3505 unam
1175 3448 1393 3505 vallem
1406 3449 1679 3505 derivare
1693 3450 1925 3505 videtur
1949 3450 2071 3505 duo
2091 3450 2464 3522 baptismata

804 3544 861 3594 et
875 3538 1004 3611 pari
1025 3537 1811 3593 efﬁcaciaintroductorium
1834 3544 1893 3593 et
1910 3537 2243 3611 perfectum
2265 3545 2465 3595 osteno

804 3628 961 3683 dere.
980 3629 1188 3684 Forsan
1206 3626 1415 3694 aliquis
1431 3629 1633 3683 credut
1649 3630 1753 3681 Eva
1766 3627 2068 3699 ngelistam
2085 3628 2275 3684 dicere
2288 3631 2465 3685 Joan-

804 3717 899 3771 nis
921 3716 1297 3788 baptismum
1315 3720 1703 3788 peccatorum
1721 3717 2139 3773 remissionem
2158 3724 2460 3790 praestare.

807 3806 921 3862 Sed
938 3821 1059 3861 non
1074 3806 1152 3861 ita
1174 3811 1282 3871 est,
1307 3821 1429 3861 non
1454 3805 1560 3861 ita.
1583 3808 1786 3861 Tantm
1798 3807 1959 3861 enim
1982 3806 2117 3861 fons
2135 3807 2340 3877 gratiae
2364 3824 2465 3863 so-

802 3894 897 3949 lus
910 3900 998 3950 est
1010 3895 1238 3950 domini
1253 3894 1510 3966 baptism
1520 3894 1809 3950 us.Verba
1821 3900 2020 3950 autem
2041 3895 2125 3951 sic
2142 3896 2463 3953 cohaerent:

812 3985 1009 4039 «Venit
1030 3986 1295 4040 Joannes
1316 3984 1637 4055 baptizans
1660 3984 1718 4039 in
1747 3984 2037 4040 deserto.»
2062 3988 2125 4040 Et
2146 3986 2241 4041 hic
2262 3986 2467 4042 distin-

806 4073 1066 4129 ctionem
1092 4074 1379 4144 interjice,
1399 4072 1601 4139 lector,
1622 4078 1909 4146 tanquam
1932 4074 2275 4147 baptismati
2295 4079 2468 4132 Joan-

810 4164 900 4217 nis
927 4163 1183 4217 solidum
1230 4180 1465 4218 mni-nm
1500 4180 1776 4234 Oppiinas
1807 4164 2070 4235 illudque
2100 4182 2133 4219 ει
2164 4164 2469 4221 dominico

807 4254 1168 4325 baptismate
1193 4254 1494 4323 sejungas.
1530 4256 1748 4309 deinde
1775 4256 1917 4309 dicit
1947 4272 1958 4308 :
1996 4276 2023 4302 ››
2053 4256 2467 4326 Etpraedicans

806 4342 1179 4414 baptismum
1243 4344 1606 4413 paenitentiae
1657 4343 1717 4397 in
1752 4344 2166 4399 remissionem
2203 4350 2468 4416 pec0ato-

2573 3191 2730 3257 χὼρα
2754 3188 2842 3237 καὶ
2885 3188 2933 3237 οἱ
2979 3185 3410 3258 Ἱεροσολυμῖται,
3455 3190 3545 3237 καὶ
3596 3183 3939 3245 ἐϐαπτίζοντο
3996 3185 4191 3243 πάντες

2574 3274 2622 3326 ἐν
2691 3283 2764 3345 τῷ
2820 3271 3082 3348 Ἰορδάνῃ,
3139 3274 3592 3348 ἐξομολογούμενοι
3644 3277 3738 3337 τὰς
3784 3274 4038 3347 ἁμαρτίας
4094 3273 4191 3324 αύ-

2573 3373 2693 3419 τῶν.
2751 3387 2780 3415 ››
2839 3363 3001 3416 Πάλιν
3056 3366 3081 3416 6
3130 3366 3345 3438 Μάρκος
3390 3368 3484 3422 τήν
3540 3364 3923 3436 ἐπιτομωτέραν
3968 3357 4189 3435 βαδίζει

2573 3457 2756 3506 καὶτὰ
2808 3449 3130 3512 διεστηκότα
3179 3456 3448 3515 συνάπτει,
3516 3458 3608 3505 καὶ
3662 3452 3729 3514 εἰς
3769 3457 3897 3526 μίαν
3950 3453 4186 3524 μισγάγ-

2573 3563 2715 3595 κειαν
2766 3538 2913 3594 δοκεῖ
2967 3545 3326 3615 μετοχετεύειν
3370 3545 3435 3595 τὰ
3507 3539 3604 3594 δύο
3662 3541 4033 3615 βαπτίσματα,
4090 3544 4187 3592 καὶ

2577 3628 2896 3704 ἱσοδύναμον
2943 3637 3137 3704 φαίνειν
3192 3634 3251 3683 τὸ
3301 3631 3646 3703 εἰσαγωγικὸν
3697 3639 3770 3701 τῷ
3808 3630 4115 3700 τελειωτικῷ
4168 3650 4183 3662 ·

2572 3725 2705 3782 ἴσως
2751 3723 2852 3794 γὰρ
2905 3726 2986 3782 τίς
3053 3720 3362 3779 οῖηθήσεται
3434 3721 3597 3792 λέγειν
3648 3723 3735 3773 τὸν
3810 3719 4188 3792 εύαγγελιστήν

2575 3814 2758 3883 ἄφεσιν
2812 3811 3075 3887 ἁμαρτιῶν
3134 3815 3385 3884 παρέχειν
3439 3814 3497 3863 τὸ
3540 3818 3632 3862 τοῦ
3689 3810 3928 3863 Ἰωάννου
3989 3806 4188 3881 βάπτι-

2579 3920 2707 3973 σμα.
2751 3900 2887 3952 Ἀλλ’
2920 3901 3013 3952 οὐκ
3043 3902 3156 3952 ἔστι
3210 3908 3385 3969 τοῦτο,
3416 3900 3510 3952 ούκ
3566 3902 3732 3957 ἔστιν,
3780 3906 3888 3961 Τῆς
3932 3901 4034 3971 γὰρ
4080 3917 4192 3950 τοι-

2577 3994 2740 4052 αύτης
2800 3993 3131 4062 πηγαστικὸν
3220 3993 3460 4063 χάριτος,
3526 3993 3678 4060 μόνον
3734 3990 3792 4038 τὸ
3847 3991 4192 4042 Δεσποτικόν.

2577 4078 2733 4150 Ἐχει
2766 4075 2824 4131 δε
2868 4079 3031 4140 οὕτως
3085 4079 3114 4137 ἡ
3150 4087 3239 4130 τοῦ
3293 4078 3447 4151 λόγου
3480 4077 3760 4129 ἀκολουθία
3792 4096 3805 4109 ο
3841 4098 3868 4124 ‹‹
3902 4076 4129 4147 Ἐγένετο
4161 4077 4191 4127 6

2579 4168 2821 4229 Ἰωάννης
2863 4166 3136 4241 βαπτίζων
3162 4172 3211 4220 ἐν
3237 4176 3295 4239 τῇ
3327 4167 3501 4241 ἐρήμῳ
3536 4189 3547 4200 ·
3590 4189 3615 4215 ››
3662 4170 3751 4217 καὶ
3779 4165 3953 4228 στίξον
4011 4162 4137 4232 ὧδε,
4161 4167 4191 4217 6

2581 4254 2970 4328 ἀναγινώσκων,
3031 4262 3124 4316 τὴν
3212 4262 3440 4330 στιγμήν
3492 4260 3556 4317 ὡς
3610 4259 3775 4330 ἔρυμα
3821 4258 4067 4328 κραταιὸν
4115 4264 4192 4326 τῷ

2580 4356 2670 4398 τοῦ
2707 4348 2940 4400 Ἰωάννου
3000 4344 3294 4408 ἐπιστήσας
3362 4345 3714 4419 βαπτίσματι,
3766 4348 3856 4396 καὶ
3913 4345 4195 4416 ἀποτειχί-

804 4446 975 4495 rum;
1000 4453 1027 4481 »
1059 4431 1225 4503 quod
1243 4438 1331 4487 est
1353 4431 1559 4487 Christi
1585 4431 1908 4504 baptisma.
1938 4434 2467 4504 Etpatetaliunde;
2500 4443 2544 4496 D

2426 4455 2467 4503 ες
2500 4443 2544 4496 Ι)
2581 4457 2673 4497 σας
2702 4444 2793 4489 τοῦ
2826 4443 3145 4489 Δεσποτικοῠ
3180 4459 3190 4469 ·
3226 4433 3338 4489 εἶτα
3367 4436 3520 4508 λέγει,
3558 4460 3586 4485 (ι
3610 4440 3712 4489 Καί
3758 4437 4043 4508 κηρύσσων
4089 4432 4190 4507 βά-

803 4519 921 4575 illic
945 4520 1105 4575 enim
1128 4519 1355 4575 dictum
1379 4525 1486 4585 est,
1509 4521 1743 4592 Baptiza
1754 4538 1842 4587 ns,
1867 4521 1929 4576 id
1951 4528 2042 4577 est
2061 4529 2261 4578 actum
2283 4523 2469 4596 bapti-

804 4609 981 4664 zandi
1006 4624 1266 4680 operans
1292 4625 1306 4674 ;
1332 4609 1428 4664 hic
1460 4625 1603 4664 vero
1637 4608 1739 4665 ubi
1768 4610 2042 4665 remissio
2082 4617 2170 4667 est
2199 4618 2468 4684 peccato-

803 4715 963 4766 rum,
989 4697 1345 4764 Praedicans,
1371 4702 1435 4753 ut
1452 4698 1527 4752 de
1542 4698 1744 4754 futuro
1763 4699 1950 4755 altero
1966 4699 2348 4770 baptismate,
2367 4719 2465 4758 cu-

800 4789 902 4860 jus
932 4804 1133 4860 prteco
1177 4792 1323 4849 erat.
1383 4803 1507 4843 non
1546 4793 1843 4860 operator.
1891 4791 2249 4862 Praeparatio
2302 4794 2461 4848 enim

805 4884 933 4935 erat
959 4879 1206 4935 Joannis
1234 4878 1540 4949 baptisma
1585 4878 1865 4935 Dominici
1905 4880 2281 4951 baptismatis
2312 4889 2369 4939 et
2400 4890 2464 4940 ut

803 4969 1079 5042 quaedam
1135 4971 1501 5040 prmcursio;
1555 4974 1619 5025 ut
1661 4985 1783 5025 non
1838 4971 2025 5026 modo
2058 4988 2172 5027 vox
2203 4988 2461 5044 praecur-

803 5064 960 5116 reret
990 5058 1198 5118 Verbo.
1237 5060 1340 5114 sed
1376 5064 1434 5115 et
1475 5059 1822 5130 baptismati
1861 5060 2190 5132 baptisma.

802 5154 893 5202 κὸν
950 5154 1040 5201 καὶ
1099 5150 1205 5201 οἷόν
1262 5169 1342 5210 τις
1394 5146 1810 5224 προοδοποίησις
1868 5170 1879 5182 ·

805 5261 938 5313 σμα.

872 5334 930 5387 Χ.
960 5353 988 5382 ‹‹
1020 5334 1155 5386 Erat
1186 5334 1388 5386 autem
1407 5332 1667 5386 Joannes
1716 5331 1969 5386 vestitus
1999 5331 2135 5404 pilis
2168 5334 2381 5390 cameli
2409 5338 2464 5390 et

800 5438 955 5478 zona
976 5420 1224 5494 pellicea
1250 5421 1407 5477 circa
1427 5420 1671 5475 lumbos
1697 5420 1827 5491 ejus
1850 5422 1920 5479 ³³.
1945 5442 1973 5471 ››
1997 5421 2290 5479 Volebam
2307 5423 2461 5480 bene

799 5512 1064 5568 cinctum
1102 5509 1270 5567 illum
1304 5515 1361 5568 et
1400 5512 1757 5568 instructum
1798 5510 2089 5569 viatorem
2141 5512 2457 5584 paululum

870 5731 917 5768 ³ο
948 5733 1089 5789 Luc.
1119 5732 1241 5801 xn‘i,
1270 5734 1355 5789 35.
1452 5732 1496 5768 ³¹
1531 5732 1707 5790 Marc.
1731 5745 1775 5803 ι,
1799 5732 1854 5798 4,
1887 5734 1939 5787 5.
2035 5732 2083 5799 θ’
2114 5728 2269 5802 ibid,
2298 5736 2356 5818 6,

2578 4546 2784 4600 πτισμα
2812 4532 3084 4599 μετανοίας
3132 4526 3204 4589 εἰς
3261 4528 3444 4600 ἄφεσιν
3496 4526 3845 4601 ἁμαρτιῶν,›
3878 4525 3904 4576 6
3956 4522 4071 4575 ἐστι
4126 4528 4190 4576 τὸ

2548 4625 2668 4695 ¹τοῦ
2693 4625 2951 4692 Χριστοῦ.
2981 4616 3139 4677 Δῆλον
3172 4613 3232 4669 δὲ
3251 4622 3340 4669 καὶ
3379 4616 3564 4685 ἄλλως,
3624 4614 3707 4667 ὃτι
3752 4613 3856 4666 ἐκεῖ
4042 4617 4191 4689 εἴρη-

2576 4724 2663 4758 ται
2718 4711 2773 4759 τὸ
2834 4706 3129 4779 βαπτίζων,
3178 4711 3467 4773 τουτέστιν,
3517 4708 3730 4777 ἐνεργῶν
3772 4706 3830 4755 τὸ
3882 4700 4189 4774 βαπτιζειν,

2574 4793 2796 4849 ἐνταῦθα
2826 4792 2885 4849 δὲ
2913 4798 3041 4849 ὅπου
3074 4798 3104 4853 ἡ
3164 4803 3264 4847 τῶν
3313 4796 3576 4869 ἁμαρτιῶν
3627 4794 3809 4865 ἄφεσις
3868 4795 3927 4843 τὸ
3974 4794 4191 4866 κηρύσ-

2575 4906 2677 4937 σων
2709 4889 2773 4946 ὡς
2802 4884 2886 4937 ἐπὶ
2916 4884 3187 4957 μέλλοντος
3224 4885 3401 4959 ἑτέρου
3460 4882 3854 4957 βαπτίσματος,
3910 4900 3969 4933 ου
4017 4881 4194 4956 κῆρυξ

2573 4972 2654 5039 ἧν,
2682 4975 2810 5047 οὐχὶ
2840 4975 3101 5036 τελεστὴς.
3168 4978 3531 5049 Προτοιμασία
3560 4976 3661 5047 γὰρ
3721 4968 3783 5030 ἧν
3855 4975 3945 5022 καὶ
3982 4990 4191 5045 προπαο

2571 5071 2802 5139 ρασκευή
2846 5070 2901 5117 τὸ
2942 5074 3033 5117 τοῦ
3067 5065 3302 5118 Ἰωάννου
3353 5063 3637 5137 βάπτισμα
3665 5066 3795 5137 πρὸς
3826 5064 3883 5113 τὸ
3930 5067 4193 5113 Δεσποτι-

1940 5153 2026 5201 ἵνα
2085 5155 2157 5223 μὴ
2218 5158 2370 5223 μόνον
2411 5161 2547 5228 φωνή
2583 5159 2851 5231 προτρέχη
2909 5164 2999 5208 τοῦ
3032 5161 3225 5227 Λόγου,
3264 5153 3392 5207 ἀλλά
3438 5159 3527 5205 καὶ
3559 5151 3931 5226 βαπτίσματος
3990 5136 4194 5223 βάπτι-

2647 5337 2707 5389 Γ.
2745 5359 2766 5385 ι
2796 5334 2894 5387 Ἦν
2928 5332 2987 5388 δὲ
3016 5337 3041 5387 6
3075 5336 3310 5395 Ἰωάννης
3348 5329 3685 5406 ἐνδεδυμένος
3740 5336 3932 5405 τρίχας
4003 5336 4193 5402 καμή-

2570 5424 2660 5477 λου
2692 5430 2782 5477 καὶ
2814 5426 2981 5486 ζώνην
3027 5421 3341 5498 δερματίνην
3397 5428 3517 5497 περί
3564 5427 3658 5481 τήν
3708 5421 3871 5493 ὀσφὺν
3932 5422 4121 5478 αὐτοῦ,
4162 5442 4186 5470 ι

2570 5514 2887 5587 Ἐϐουλόμην
2916 5518 3003 5568 τὸν
3036 5518 3253 5578 εὔζωνον
3310 5532 3491 5567 τουτον
3535 5517 3625 5564 καί
3680 5509 3904 5567 εὐσταλῆ
3967 5504 4191 5562 ὁδοιπό-
