4468 6450
327 411 435 462 757

1553 408 1844 465 HOMILIA
1883 407 1956 461 IN
1996 407 2095 462 SS.
2139 408 2596 465 INNOCENTES.

3593 413 3697 465 ’758

325 551 419 603 ρον
449 539 542 590 τῆς
589 539 768 590 στενῆς
814 549 868 583 τε
920 535 1010 582 xui
1064 531 1399 601 τεθλιμμενής
1455 533 1640 601 μικρὸν
1693 529 1935 598 ἑπίσχείν
1976 537 2020 585 Α
2050 529 2089 584 it

1934 553 1935 566 ι
1976 537 2020 585 Α
2050 529 2110 584 in
2141 529 2256 584 hac
2286 535 2451 586 arcta
2480 534 2536 586 et
2563 531 2883 587 constricta
2914 530 3014 585 via
3044 530 3282 585 tardare
3313 531 3564 602 ejusque
3603 547 3698 587 ve-

326 626 421 672 xui
451 623 508 671 τό
541 619 698 670 αὐτοῦ
731 621 1178 692 περιεργάσασθαι
1208 616 1427 689 ἔνδυμα,
1477 624 1566 670 καὶ
1596 622 1682 669 τὸν
1721 620 1935 690 ἱστουρ-

328 715 569 779 γήσαντα
598 707 892 768 ἐπιζητῆσαι
925 714 1016 760 xui
1047 706 1142 760 δια
1170 713 1221 759 τί
1273 716 1474 780 τριχῶν
1529 707 1766 778 καμήλου
1822 706 1934 768 ἐξυ-

327 797 498 866 φάνθή
534 796 671 856 ζωου
703 794 1022 870 ἀκαθάρτου,
1053 801 1143 847 xui
1196 796 1321 866 ουχὶ
1373 795 1562 866 μᾶλλον
1620 794 1758 868 ἐρίου
1815 813 1938 867 προ-

325 881 624 951 ϐατικοῦ,ἡ
674 884 915 955 μηλωτῆς
950 884 1252 957 ὁλοκλήρου,
1308 884 1414 934 οἷον
1466 880 1524 940 ἧν
1583 889 1672 934 xui
1730 887 1786 934 τό
1843 890 1935 933 τοῦ

325 971 594 1031 Θεσϐῆθεν
628 973 824 1026 Ἠλιοῦ.
880 972 1014 1024 Ἀλλ’
1070 968 1250 1027 ἐπειδή
1286 968 1544 1044 διακορεῖς
1596 973 1790 1043 ὁρῶμεν
1841 977 1935 1021 τοῦ

322 1061 482 1131 λόγου
514 1066 788 1132 γεγονότας
817 1063 947 1132 ὑμᾶς
974 1066 1062 1112 xui
1092 1065 1220 1134 πρὸς
1252 1064 1309 1112 τὸ
1336 1069 1498 1131 μῆκος
1543 1068 1635 1118 τῆς
1668 1056 1933 1110 διδασκα-

319 1149 433 1210 λίας
467 1151 881 1221 ἰλιγγιάσαντας,
912 1149 1134 1202 ἐνταῦθα
1160 1153 1288 1201 ὅπου
1329 1153 1387 1199 τό
1443 1148 1727 1205 ἀσκητικὸν
1776 1145 1930 1198 ἔνδυ-

317 1260 398 1311 μα
425 1248 517 1291 τοῦ
549 1242 807 1307 Ἰωάννου,
835 1246 928 1296 τήν
982 1241 1114 1310 ὑφὴν
1143 1236 1547 1312 διοπερανοῦμεν
1605 1246 1697 1288 τόν
1747 1237 1927 1307 λόγου.

323 1333 426 1380 Καὶ
455 1329 560 1399 οὐχ
596 1331 1006 1398 ὑπωπτεύσαμεν
1056 1328 1123 1387 εἰς
1179 1335 1296 1378 νοῦν
1343 1329 1474 1398 ὑμᾶς
1526 1325 1806 1397 συμϐαλεῖν
1861 1329 1929 1386 ὡς

317 1418 373 1478 ἐξ
426 1417 648 1489 ἀπορίας
698 1416 1067 1490 ἀνερμήνευτον
1125 1420 1182 1467 τὸ
1241 1423 1332 1466 τοῦ
1384 1416 1619 1468 Ἰωάννου
1665 1411 1928 1487 παρεδρά-

314 1525 480 1576 μομεν
512 1502 730 1576 ἔνδυμα,
779 1509 1003 1576 μόνατά
1033 1513 1141 1565 τοῖς
1193 1510 1353 1556 πᾶσιν
1412 1503 1641 1560 εὔληπτα
1697 1499 1926 1554 διαλύειν

315 1591 687 1665 ὃεδυνημένοι,
747 1599 836 1645 καὶ
905 1597 1392 1665 χαριεντιζομένους
1443 1592 1626 1660 λέγειν,
1685 1594 1764 1642 ὅτι
1821 1593 1925 1646 Τήν

310 1683 546 1753 κάμηλον
583 1688 841 1745 κατέπιες,
911 1686 1034 1742 τοὺς
1094 1690 1189 1740 τῆς
1241 1688 1517 1751 ἀναγωγῆς
1572 1685 1689 1752 περὶ
1761 1679 1924 1739 αὐτῆς

309 1775 385 1843 μή
414 1778 732 1844 προενεγκών
764 1778 856 1822 τοῦ
890 1777 1145 1842 στόματος
1174 1770 1380 1840 λόγους,
1443 1765 1688 1827 διῦλισας
1745 1764 1804 1819 δε
1860 1770 1926 1819 τὰ

309 1863 451 1911 κατά
498 1867 749 1921 κώνωπας
798 1866 1158 1931 σμικροπρεπῆ
1220 1863 1308 1908 καὶ
1364 1857 1580 1912 εὐνόήτα
1634 1862 1870 1927 νοήματα

313 1952 562 2021 οὗμενουν
613 1951 744 2001 οὕτω
798 1952 1135 2020 ταχυποπτος
1189 1947 1288 2018 ἐγὼ
1349 1951 1438 1997 καὶ
1488 1943 1924 2005 εὐσκανδάλιστος

311 2041 386 2100 ὡς
424 2039 490 2099 εἰς
518 2047 635 2090 νοῦν
691 2047 844 2090 τοῦτο
878 2045 1236 2110 περιαγαγεῖν,
1278 2038 1509 2088 Πέποιθα
1540 2032 1598 2087 δὲ
1626 2038 1688 2094 ως
1747 2037 1775 2091 ἡ
1830 2043 1922 2086 του

314 2135 452 2180 Θεοῦ
507 2130 667 2202 χάρις
717 2130 1010 2200 χαρίσαιτο
1091 2129 1215 2198 ἡμῖν
1280 2126 1440 2196 ἰσχὺν
1502 2131 1762 2194 γνώσεως,
1831 2129 1921 2174 xui

310 2216 479 2286 λόγων
506 2220 709 2290 εὔροιαν
757 2216 829 2277 εἰς
881 2215 1122 2286 ὠφέλειαν
1183 2222 1280 2275 τῆς
1331 2213 1541 2283 ἀγάπης
1603 2214 1769 2283 ὑμῶν,
1835 2218 1922 2263 xui

306 2309 406 2366 τὰς
464 2308 720 2377 Γραφιχὰς
788 2304 1010 2379 ἀπορίας
1063 2306 1184 2375 ὑμῖν
1245 2301 1558 2374 διαλύσομεν
1612 2304 1735 2354 ὅσαι
1800 2306 1921 2362 τέως

307 2392 557 2466 διέφυγον
602 2399 723 2455 τοὺς
777 2396 1144 2454 θεοπνεύστους
1228 2396 1459 2464 Ιιατέρας
1514 2395 1600 2442 καὶ
1657 2387 1920 2442 διδασκά-

303 2486 424 2545 λους
458 2507 470 2517 ·
517 2490 668 2556 μόνον
708 2487 779 2556 μή
842 2481 1224 2555 διαλιμπάνήτε
1275 2486 1469 2542 πάσαις
1522 2490 1638 2543 ταῖς
1670 2485 1920 2553 κυριωνύ-

303 2595 428 2646 μοις
505 2582 604 2625 τῶν
663 2576 867 2645 ἡμερῶν
927 2572 1150 2624 ἐνταῦθα
1211 2571 1675 2642 ἐκκλησιαςόμενοι
1724 2576 1813 2622 καὶ
1871 2571 1920 2621 ἐν

304 2668 435 2735 οἴκῳ
488 2666 654 2733 τοὺτῳ
706 2671 801 2723 τῆς
873 2671 964 2714 τοῦ
1050 2669 1183 2714 Θεοῦ
1249 2667 1434 2732 σοφίας
1464 2661 1794 2730 αὐλιζόμενοι
1830 2667 1920 2711 xui

308 2760 412 2803 τῶν
476 2754 716 2823 θυμάτων
775 2751 934 2810 αὐτῆς
989 2759 1439 2824 κατατρυφῶντες,
1495 2754 1583 2800 καὶ
1630 2757 1722 2799 του
1795 2768 1922 2821 κρα-

302 2852 467 2912 τῆρος
512 2842 821 2903 ἐκπίνοντες.
857 2846 956 2893 Καὶ
1011 2844 1112 2913 γὰρ
1167 2840 1277 2912 μεθ’
1335 2839 1539 2909 ὑψηλοῦ
1596 2846 1686 2890 τοῦ
1722 2841 1920 2910 κηρύγ-

305 2951 475 3002 ματος
535 2951 560 2981 ο
613 2930 827 3002 ἀχρεῖος
881 2930 1043 2989 αὐτῆς
1123 2926 1307 2990 δοῦλος
1361 2927 1459 2998 ἐγὼ
1522 2928 1638 2978 καθ’
1693 2927 1918 2982 ἑκάστην

311 3025 584 3094 Κυριακήν
640 3020 948 3089 συγκαλέσω
998 3021 1129 3090 ὑμᾶς
1191 3017 1273 3069 ἐπὶ
1340 3023 1427 3074 τήν
1504 3017 1761 3069 ἑστίασιν.
1821 3021 1920 3068 Καὶ

307 3107 431 3166 ὂοίη
484 3112 670 3182 Κύριος
738 3127 763 3158 ο
809 3112 938 3167 Θεὸς
969 3109 1100 3178 ὑμᾶς
1143 3111 1235 3158 σὺν
1291 3105 1397 3178 ἐμοὶ
1439 3102 1754 3177 δαιτυμόνας
1789 3109 1920 3174 γενέ-

2049 618 2394 674 stimentum
2423 619 2764 687 observare,
2794 624 2848 674 et
2868 635 3006 674 eum
3033 619 3136 689 qui
3154 618 3297 673 illud
3316 625 3697 676 contexuerat

2046 706 2432 775 interrogare,
2462 724 2568 762 cur
2607 724 2678 762 ex
2718 708 2852 779 pilis
2896 707 3107 762 cameli
3155 712 3501 763 contextum
3545 714 3694 776 erat,

2047 796 2323 850 animalis
2350 796 2668 864 immundi,
2699 812 2801 851 nec
2832 795 3032 867 potius
3065 811 3136 849 ex
3165 794 3307 850 lana
3347 796 3546 860 ovina,
3593 803 3697 852 aut

2045 884 2276 954 integra
2302 886 2481 939 ovina
2497 884 2670 956 pelle,
2699 883 3218 955 quemadmodum
3250 890 3376 938 erat
3405 884 3694 939 Thesbitte

2046 972 2182 1027 Elim
2213 973 2419 1028 vestis.
2447 974 2560 1028 Sed
2591 973 2881 1045 quoniam
2903 972 3174 1028 videmus
3197 988 3304 1028 vos
3338 973 3553 1028 nostris
3591 989 3694 1028 ver

2044 1059 2135 1115 bis
2160 1061 2425 1129 satiatos,
2471 1062 2652 1131 hujus
2695 1060 3141 1132 praedicationis
3202 1062 3550 1116 extensione
3609 1061 3693 1116 ta-

2043 1150 2278 1217 tigatos,
2312 1151 2406 1204 hic
2431 1151 2525 1205 ubi
2544 1151 2617 1204 de
2640 1150 2899 1205 ascetico
2923 1151 3167 1204 Joannis
3193 1150 3548 1204 vestimento
3566 1152 3689 1219 agi-

2042 1243 2155 1304 tur,
2183 1239 2494 1306 sermonis,
2519 1239 2711 1292 ordini
2731 1239 2914 1292 ﬁnem
2932 1239 3339 1310 imponemus.
3366 1241 3564 1309 Neque
3587 1255 3691 1294 no-

2040 1325 2131 1380 bis
2152 1327 2412 1397 suspicio
2471 1332 2559 1380 est
2589 1342 2697 1380 vos
2730 1328 2788 1381 in
2812 1331 3074 1381 mentem
3104 1325 3274 1380 vobis
3298 1326 3537 1396 injicere
3577 1342 3690 1382 nos

2039 1430 2110 1469 ex
2127 1414 2457 1483 indigentia
2477 1430 2598 1469 non
2620 1414 2982 1487 explicatum
3003 1415 3248 1469 Joannis
3264 1415 3687 1470 vestimentum

2037 1503 2508 1574 praetermisisse,
2531 1509 2821 1575 tanquam
2849 1520 2920 1558 ea
2955 1508 3186 1558 tantum
3224 1519 3360 1574 qum
3383 1502 3461 1558 ab
3491 1504 3688 1558 omni-

2035 1591 2150 1646 bus
2171 1591 2342 1647 facile
2363 1593 2704 1662 capiuntur,
2728 1592 3100 1663 interpretari
3124 1592 3426 1662 possimus
3446 1610 3462 1662 ;
3491 1607 3687 1663 neque

2038 1679 2347 1734 irridentes
2378 1680 2607 1734 dicere:
2642 1679 2951 1735 Camelum
2981 1679 3326 1749 deglutiisti,
3351 1679 3586 1734 nullum
3616 1696 3688 1735 ea

2034 1768 2110 1822 de
2131 1784 2192 1822 re
2222 1768 2606 1823 institutionis
2633 1768 2884 1824 verbum
2919 1783 3022 1824 ore
3079 1767 3411 1838 proferens,
3468 1769 3684 1840 despu-

1907 1876 1919 1887 ·
1962 1871 1999 1922 Β
2035 1857 2209 1912 masti
2240 1862 2442 1912 autem
2465 1857 2730 1923 sordida,
2758 1862 2824 1912 ut
2850 1857 3088 1922 culices,
3122 1862 3180 1912 et
3203 1856 3405 1912 faciles
3426 1858 3687 1926 cogitatu

2034 1961 2247 1999 sensus
2273 1963 2285 2012 ;
2310 1961 2432 1999 non
2464 1946 2616 2001 adeo
2647 1945 2802 2001 male
2845 1947 3139 2018 suspicor,
3181 1961 3291 2000 nec
3334 1951 3457 2001 tam
3512 1946 3684 2001 facile

2034 2034 2405 2089 scandalizor
2437 2041 2501 2089 ut
2531 2035 2589 2089 id
2612 2036 2671 2089 in
2704 2035 2975 2090 animum
2999 2035 3307 2090 inducam.
3353 2037 3538 2106 Spero
3559 2036 3682 2092 imo

2032 2123 2156 2178 fore
2188 2130 2250 2177 ut
2274 2124 2370 2178 Dei
2397 2123 2591 2191 gratia
2618 2124 2905 2192 largiatur
2925 2123 3100 2178 nobis
3128 2124 3245 2178 vim
3276 2125 3683 2193 cognoscendi

2032 2218 2088 2267 et
2113 2212 2432 2283 eloquendi
2456 2212 2796 2267 facultatem
2824 2213 2883 2268 in
2914 2218 3121 2268 vestra:
3174 2212 3479 2269 charitatis
3526 2214 3683 2269 utili-

2031 2305 2234 2361 tatem.
2268 2306 2326 2355 et
2348 2301 2665 2372 Scriptura:
2700 2299 3082 2356 difﬁcultates
3132 2301 3304 2357 vobis
3353 2301 3680 2373 solvemus,

2029 2406 2166 2460 quae
2190 2405 2380 2460 usque
2398 2389 2582 2445 modo
2606 2406 2642 2445 a
2672 2393 2787 2445 Deo
2818 2390 3144 2461 inspiratos
3173 2390 3378 2446 Patres
3407 2395 3463 2445 et
3492 2392 3681 2461 magi-

2031 2483 2182 2533 stros
2216 2478 2534 2533 latuerunt.
2569 2479 2825 2534 Tantum
2860 2494 2934 2534 ne
2966 2479 3209 2534 cessetis
3240 2479 3524 2534 omnibus
3573 2483 3679 2536 Do-

2031 2567 2268 2622 minicis
2286 2567 2499 2622 diebus
2527 2568 2645 2622 huc
2668 2569 3008 2628 convenire,
3024 2568 3154 2622 etin
3167 2568 3350 2624 hacce
3372 2569 3679 2641 sapientiaa

2031 2656 2131 2711 Dei
2155 2656 2340 2711 domo
2379 2657 2764 2724 commorari,
2820 2662 2878 2711 et
2907 2658 3036 2727 ejus
3089 2657 3341 2712 victimis
3400 2657 3680 2714 delectari

2029 2746 2279 2816 ejusque
2308 2745 2593 2816 poculum
2609 2747 2840 2801 bibere.
2874 2749 2993 2815 Ego
3016 2747 3178 2801 enim
3198 2747 3434 2802 excelso
3455 2764 3679 2819 praaco-

2030 2835 2130 2889 nio
2151 2834 2374 2888 inutilis
2393 2835 2522 2905 ejus
2537 2851 2744 2890 servus
2763 2835 3012 2904 singulis
3032 2836 3356 2891 Dominicis
3381 2835 3460 2891 ad
3485 2837 3680 2892 convi-

2029 2924 2191 2978 vium
2222 2940 2327 2978 vos
2359 2924 2765 2993 congregabo.
2819 2928 2923 2980 Det
2967 2930 3169 2981 autem
3230 2926 3518 2980 Dominus
3569 2943 3677 2982 vos

2029 3029 2268 3067 mecum
2290 3013 2541 3067 cmlestis
2565 3017 2621 3068 et
2650 3019 2885 3068 aeternae
2916 3030 3141 3069 mensae
3164 3015 3447 3069 convivas
3471 3015 3596 3070 ﬁeri
3624 3021 3682 3071 et

2028 3103 2192 3171 regni
2235 3103 2523 3157 caelorum
2557 3103 2773 3171 dignos
2806 3119 2938 3158 esse
2963 3121 2974 3166 ;
2998 3103 3165 3175 quod
3193 3104 3424 3159 utinam
3463 3121 3677 3160 omnes

309 3200 436 3250 σθαι
466 3205 561 3258 τῆς
601 3198 843 3270 οὐρανίου
872 3201 961 3248 xui
1021 3193 1327 3267 ἀδιαδοχου
1366 3195 1629 3268 τραπέζης
1681 3198 1769 3245 καὶ
1824 3203 1918 3255 τῆς
1947 3219 1988 3274 C
2028 3208 2073 3244 vi

1912 3215 1918 3255 ;
1947 3219 1988 3274 ρ
2028 3207 2136 3245 vos
2162 3192 2576 3262 assequamini
2607 3193 2797 3262 gratia
2827 3198 2882 3247 et
2915 3192 3180 3247 bonitate
3207 3194 3392 3247 Patris
3443 3198 3499 3248 et
3554 3194 3676 3249 Filii

307 3287 580 3360 βασιλείας
629 3286 915 3347 ἀξιωθῆναι
952 3293 1052 3337 τῶν
1088 3286 1316 3360 οὐρανῶν
1366 3306 1378 3318 ·
1437 3286 1499 3345 ἧς
1534 3289 1731 3354 γένοιτο
1789 3285 1915 3334 πάν-

304 3396 398 3436 τας
481 3378 618 3447 ὑμᾶς
678 3375 947 3445 ἐπιτυχεῖν
1027 3377 1216 3446 χάριτι
1273 3380 1362 3425 καὶ
1415 3373 1776 3445 φιλανθρωπίᾳ
1825 3381 1915 3424 του

303 3468 533 3538 Πατρός,
563 3470 651 3516 xui
687 3472 778 3515 τοῦ
807 3466 950 3529 Υἱοῡ,
988 3469 1078 3515 xui
1107 3471 1198 3515 τοῦ
1259 3463 1412 3532 ἁγίου
1473 3465 1769 3533 Πνεύματος
1821 3469 1917 3523 τῆς

2029 3287 2087 3334 et
2119 3281 2370 3351 Spiritus
2413 3281 2622 3349 sancti,
2657 3281 2876 3352 quibus
2911 3297 3032 3336 una
3060 3282 3343 3337 Divinitas
3375 3286 3431 3337 et
3463 3299 3678 3338 unum-

2027 3386 2304 3438 regnum,
2337 3371 2431 3425 cui
2458 3371 2734 3425 convenit
2761 3372 2960 3426 omnis
2993 3371 3202 3441 gloria,
3226 3373 3421 3428 honor
3445 3379 3502 3429 et
3530 3373 3676 3429 ado-

2025 3461 2176 3515 ratio
2205 3476 2368 3516 nunc
2393 3466 2450 3516 et
2469 3461 2528 3515 in
2550 3460 2781 3516 inﬁnita
2803 3461 3042 3518 saecula.
3073 3468 3283 3517 Amen.

295 3561 420 3626 μιᾶς
480 3558 731 3613 Θεότητός
790 3573 842 3606 τε
881 3558 970 3604 xui
1039 3551 1391 3625 βασιλείας,
1427 3557 1607 3624 πρέπει
1675 3556 1822 3602 πᾶσα
1863 3547 2015 3620 δόξα,
2067 3555 2193 3622 τιμή
2256 3555 2345 3602 xui
2396 3553 2750 3623 προσκύνησις
2781 3559 2868 3602 νῦν
2918 3556 3009 3603 xui
3054 3551 3128 3611 εἰς
3197 3556 3320 3612 τοὺς
3406 3552 3677 3611 ἀτελευτή-

299 3663 422 3704 τους
455 3644 664 3704 αἰῶνας.
699 3645 884 3714 Ἀμήν.

826 4061 1114 4116 Germani
1139 4061 1378 4117 decreta
1403 4063 1673 4132 quaedam
1702 4063 2018 4132 synodalia
2050 4063 2184 4118 vide
2209 4064 2272 4117 in
2304 4068 2458 4118 (omo
2488 4061 2707 4127 CXIX,
2741 4062 2858 4117 col.
2897 4064 3002 4117 795
3031 4075 3157 4131 sqq.

1526 4607 1722 4654 ANNO
1771 4607 2030 4654 DOMINI
2078 4606 2446 4656 MCCXLVIII

512 4914 1396 5066 MANUEL
1476 4914 1624 5064 Π
1708 4914 1999 5072 GP.
2089 4914 3460 5067 PATRIARCHA

289 5247 488 5307 Pater
547 5247 634 5307 Le
691 5249 893 5322 Quien
951 5250 1010 5308 in
1082 5248 1345 5310 Orientis
1389 5249 1727 5310 Christiani
1780 5257 1934 5309 tom.
1993 5250 2040 5310 I.
2090 5268 2150 5326 p.
2197 5251 2340 5317 .‘286,
2389 5249 2532 5310 huic
2595 5252 2878 5312 Manueli
2937 5252 3196 5312 decreta
3249 5253 3469 5313 tribuit
3523 5271 3668 5331 quae

1218 5348 1642 5409 Leunclavius
1687 5348 1970 5410 Manueli
2021 5347 2433 5426 Charitopulo
2480 5350 2761 5410 ascribit.
