4468 6450
312 426 416 485 761
1512 424 1604 482 DE
1632 418 1888 481 DIVINIS
1915 416 2311 481 NOIINIBUS.
2340 448 2410 465 —
2437 421 2752 482 MONITUM
3569 426 3675 486 762

314 551 602 625 Ejusdem
622 550 955 615 οίακιστὶκῆς
972 549 1166 624 ψυχῶν
1195 548 1564 613 ὐποωπὼίεως
1604 547 1787 623 βιϐλία
1836 551 1959 622 τρία
1982 548 2078 621 μεθ

1908 551 1959 601 ia
1982 546 2090 621 μεθ’
2141 546 2432 622 ἕρμηνείας,
2462 548 2909 618 gubernatricis
2955 548 3301 608 animarum
3344 548 3672 623 hypotypo-

312 657 441 701 seos
456 642 599 699 libri
618 648 737 701 tres
746 656 881 700 cum
896 640 1281 712 expositione.
1307 642 1445 697 Puts
1459 642 1663 697 tamen
1679 636 1917 696 titulum
1946 636 2329 708 mendosum,
2343 640 2400 695 et
2418 637 2586 711 quod
2610 638 2818 696 Leonis
2840 637 3222 712 imperatoris
3233 642 3341 709 est,
3362 640 3673 699 Theodoro

312 730 497 788 tribui
517 730 802 803 Ejusdem
824 730 1081 807 ἕγκῶμιον
1106 732 1175 792 εἰς
1198 732 1285 783 τὸν
1315 730 1465 801 οἴγιον
1512 729 1756 805 μάρτυρα
1796 728 2069 801 Τρύφωνα,

1909 746 2069 799 φωνα,
2122 726 2393 784 laudatio
2448 728 2511 783 in
2567 733 2843 784 sanctum
2888 733 3216 800 martyrem
3272 730 3672 800 Tryphonem.

313 823 384 877 ln
406 820 718 878 Vaticana.
758 819 1047 893 Ejusdem
1099 819 1167 881 εἰς
1213 822 1300 873 τὸν
1357 817 1731 891 εὐαγγελισμον
1774 823 1871 880 τῆς
1928 821 2077 869 Θεοτί

1928 818 2320 882 Θεοτόκου,καὶ
2362 821 2606 889 περὶτῆς
2651 814 3087 890 ἕνανθρωπήσεως
3146 824 3241 870 τοῦ
3290 823 3484 892 Κυρίου
3527 822 3672 893 ἡμῶν

314 910 495 969 ’ῐιισοῦ
522 917 757 988 Χριστοῦ
784 910 848 966 in
873 910 1397 967 annuntiationem
1417 908 1711 980 Deipara,
1742 912 1797 964 et
1827 907 1901 964 de
1926 907 2078 962 inca:

1926 906 2348 963 incarnatione
2374 905 2619 963 Domini
2641 908 2835 963 nostri
2858 908 3001 964 Jesu
3021 905 3338 965 ChristaP.
3355 914 3489 969 Νοῦς
3500 913 3669 982 μέντοι

308 1018 373 1071 γε
401 999 623 1075 βροτῶν,
666 1001 757 1054 κάξ
781 996 991 1053 διάνοια
1015 1007 1086 1071 τῷ
1117 998 1235 1052 καθ’
1258 1000 1394 1072 ἡμᾶς
1417 999 1705 1071 μιγνύμενοὶ
1734 1015 1787 1051 τε
1806 1000 1897 1049 κᾱὶ
1916 996 2072 1069 χωριέ

1916 995 2275 1069 χωριζόμενα.
2321 994 2578 1053 Scoriaci
2606 999 2664 1052 et
2718 995 2779 1052 in
2836 995 3140 1053 Vaticana.
3202 994 3487 1068 Ejusdem
3542 1018 3672 1071 χαι-

310 1092 559 1161 ρετισμός
605 1088 678 1152 εἰς
720 1093 809 1149 τήν
861 1092 1132 1158 Θεοτόκον,
1170 1093 1337 1141 κανών
1392 1086 1707 1160 ψαλλόμενος
1755 1086 1828 1147 εἰς
1874 1090 1963 1144 τὴν
2000 1087 2504 1160 θαυματουργοῦσαν
2559 1084 2730 1139 εἰκόνοὶ
2812 1093 2907 1147 τῆς
2981 1088 3236 1139 Θεοτόκου
3293 1088 3343 1139 ἓν
3391 1084 3552 1158 ᾠδαῖς
3604 1108 3671 1146 η.

308 1182 517 1253 Ἕτερος
565 1182 729 1232 κανών
773 1177 1086 1252 ψαλλόμενος
1133 1196 1205 1240 εις
1248 1177 1355 1250 [τόν
1400 1175 1681 1230 ἁκὰθιστον
1702 1178 1858 1249 ὕμνον
1910 1182 2006 1236 τῆς
2054 1183 2072 1229 ι

1910 1182 2006 1236 τῆς
2054 1179 2334 1242 Θεοτόκου,
2365 1174 2653 1231 salutatio
2685 1174 2748 1231 in
2778 1175 3116 1244 Deiparam,
3175 1189 3369 1232 canon
3402 1178 3511 1249 qui
3534 1191 3672 1233 con-

309 1267 605 1323 einiturin
629 1267 952 1339 imaginem
977 1268 1258 1338 Deiparce
1279 1266 1592 1324 miraculis
1617 1264 2156 1335 conspicuam,odis
2180 1269 2330 1320 octo.
2348 1263 2553 1320 Canon
2574 1264 2680 1336 qui
2700 1264 2945 1320 canitur
2962 1264 3027 1320 in
3047 1263 3366 1321 acathisto.
3391 1264 3670 1337 Ejusdem

305 1356 683 1425 processione
716 1356 982 1426 Spiritus
1028 1356 1227 1414 sancti
1275 1359 1487 1412 contra
1540 1354 1786 1411 Latinos
1846 1358 1965 1425 περὶ
2025 1361 2069 1407 τι

1907 1358 1965 1425 ’,οὶ
2025 1361 2115 1414 τῆς
2170 1352 2513 1428 ίκπορεύςεως
2562 1360 2655 1406 τοῦ
2698 1352 2850 1425 ἁγίου
2906 1355 3203 1426 Πνεοὲματος
3240 1355 3377 1406 κατὰ
3442 1358 3671 1408 Λατίνων

310 1445 573 1501 Sooriaci
597 1445 659 1501 in
679 1445 866 1515 regia.
897 1444 1115 1515 legitur
1139 1449 1429 1517 prasterea
1457 1442 1732 1516 ejusdem
1760 1443 1821 1500 in
1842 1441 2074 1499 biblioti

1908 1441 2218 1500 bliothecis
2270 1442 2484 1499 Italicis
2534 1444 2885 1518 χαιρετισμὸς
2930 1448 3001 1505 είς
3048 1447 3143 1502 τὴν
3189 1442 3477 1517 ὑπεραγίαν
3541 1451 3671 1497 Θεο-

306 1536 486 1603 τόκον,
514 1535 800 1592 salutatio
828 1534 891 1591 in
936 1535 1365 1592 sanctissimam
1391 1534 1740 1604 Deiparam.
1796 1539 1854 1602 P,
1890 1538 2055 1609 Χαῖρε

1903 1538 2055 1609 Χαῖρε
2097 1530 2399 1607 ἱλαστήριον
2431 1540 2645 1606 χυχῶν,
2666 1533 3084 1607 παρθενομῆτορ,
3128 1534 3304 1609 χαράν
3334 1535 3363 1593 ἡ
3398 1536 3667 1592 κυήσασα.

1392 1896 1929 1988 ΝΟΤΙΤΙΑ
2040 1895 2604 1989 ALTERA.

1655 2080 1829 2156 (Cave
1868 2078 1965 2136 ad.
2008 2092 2107 2137 an.
2152 2080 2329 2151 1255).

381 2340 728 2399 Theodorus
754 2340 1043 2411 Lascaris,
1066 2339 1289 2411 junior,
1320 2339 1516 2396 Ducas
1544 2342 1725 2396 etiam
1754 2337 1971 2409 dictus,
2003 2342 2139 2396 ortu
2170 2339 2468 2410 Nicaenus,
2499 2339 2791 2397 Theodori
2822 2338 3094 2411 senioris,
3122 2337 3225 2412 qui
3254 2340 3435 2413 capta
3464 2354 3500 2397 a
3529 2340 3677 2399 Lati-

306 2432 405 2488 nis
424 2429 937 2503 Constantinopoli
967 2428 1202 2503 imperii
1234 2428 1442 2486 sedem
1466 2428 1725 2485 Nicaeam
1758 2428 2160 2497 transtulerat,
2193 2446 2265 2487 ex
2318 2430 2485 2488 lrene
2533 2430 2657 2488 tilia
2707 2444 2922 2503 nepos,
2977 2429 3227 2486 Joannis
3258 2430 3435 2487 Ducas
3483 2433 3679 2489 lrenes

309 2522 589 2591 coniugis
606 2525 661 2576 et
676 2518 970 2577 Theodori
1000 2518 1364 2576 successoris
1386 2517 1546 2575 ﬁlius
1576 2522 1723 2575 natu
1754 2518 1970 2590 major,
2009 2520 2166 2594 patri
2192 2519 2253 2577 in
2287 2518 2539 2594 imperio
2560 2520 2848 2578 successit
2890 2534 2996 2578 an.
3026 2524 3181 2576 1255.
3206 2522 3352 2577 Rem
3397 2520 3678 2578 adversus

311 2608 964 2680 Bulgaros,Thessalos,
995 2608 1267 2683 aliosque
1290 2608 1525 2681 imperii
1544 2607 1745 2665 hostes
1767 2607 1883 2665 fere
1910 2624 2016 2682 per
2040 2609 2333 2667 tienuium
2364 2609 2609 2668 feliciter
2638 2611 2776 2682 egit,
2805 2625 3019 2667 verum
3047 2608 3288 2667 inﬁrma
3337 2608 3680 2667 valetudine

307 2701 662 2773 morbisque
683 2698 925 2764 fractus,
946 2698 1214 2755 habitum
1241 2697 1662 2755 monachalem
1688 2696 1902 2768 induit,
1921 2703 1978 2755 et
2005 2698 2066 2755 in
2090 2700 2561 2773 Sydandronum
2591 2700 3051 2766 monasterium,
3070 2704 3137 2756 ut
3163 2714 3277 2756 nos
3305 2699 3478 2756 docet
3498 2701 3683 2756 Doro-

308 2790 485 2847 theus
516 2788 1058 2846 Monembasiensis
1082 2788 1168 2860 (a)
1200 2788 1281 2859 (in
1304 2787 1604 2859 Magnesia
1624 2787 1685 2843 id
1716 2787 1895 2845 situm
1944 2790 2095 2861 erat)
2161 2790 2427 2859 secessit,
2468 2789 2673 2863 ibique
2719 2789 2900 2846 breve
2947 2788 3116 2861 quod
3179 2788 3311 2844 vitae
3372 2789 3678 2855 remansit,

308 2885 553 2953 tempus
583 2877 1083 2936 consummandee
1116 2878 1480 2951 pmnitentim
1510 2882 1565 2933 et
1595 2877 1716 2934 otio
1737 2877 1838 2950 pio
1868 2893 1940 2934 ac
1968 2877 2252 2935 litterario
2282 2880 2669 2937 consecravit.
2704 2879 2991 2949 Regnavit
3020 2892 3215 2934 annos
3266 2881 3319 2945 3,
3360 2876 3683 2934 defunctus

310 2986 476 3027 anno
511 2974 665 3032 1259,
693 2968 882 3024 aetatis
913 2972 1000 3025 36.
1036 2967 1313 3040 Princeps
1343 2967 1592 3024 omnino
1641 2968 1931 3037 eruditus,
1990 2968 2218 3025 meliori
2271 2972 2428 3025 sorte
2470 2968 2813 3041 saeculoque
2859 2967 3103 3037 dignus.
3150 2969 3315 3024 Certe
3376 2982 3686 3023 summum

311 3060 445 3131 ejus
469 3064 597 3116 tum
630 3058 690 3113 in
718 3058 1024 3131 pietatem,
1057 3061 1184 3113 tum
1206 3057 1265 3113 in
1297 3072 1425 3113 rem
1454 3056 1803 3113 litterariam
1835 3056 2099 3114 studium
2122 3074 2194 3114 ex
2225 3058 2417 3131 ipsius
2438 3058 2706 3115 nummis
2742 3057 3097 3131 imperiique
3139 3055 3477 3127 insignibus
3520 3055 3686 3113 lucu-

309 3134 504 3207 lenter
531 3154 782 3216 constat,
812 3149 871 3205 in
899 3147 1123 3223 quibus
1154 3147 1364 3204 dextra
1393 3162 1655 3205 crucem.
1679 3148 1914 3204 sinistra
1945 3147 2227 3204 volumen
2252 3153 2460 3205 tenens
2485 3147 2863 3215 describitur,
2895 3146 3023 3203 Vid.
3073 3146 3143 3202 cl.
3202 3150 3257 3202 et
3293 3145 3498 3202 litteris
3568 3160 3690 3202 non

317 3241 522 3298 minus
549 3255 733 3313 quam
767 3238 1052 3309 dignitate
1082 3237 1370 3293 illustrem
1396 3240 1460 3293 D.
1489 3236 1569 3291 du
1600 3240 1811 3293 Fresne
1833 3239 2053 3294 Famil.
2088 3238 2325 3308 byzant.
2368 3253 2490 3312 pag
2545 3242 2671 3295 223.
2744 3236 2989 3309 Scripsit
3037 3237 3167 3308 jam
3215 3236 3552 3292 monachus
3610 3236 3689 3292 ad

314 3330 616 3387 Joannem
638 3328 993 3401 episcopum
1020 3329 1423 3383 Coronensem
1454 3326 1752 3399 prolixum
1784 3327 1929 3383 satis
1962 3333 2288 3384 tractatum
2327 3328 2607 3383 adversus
2636 3328 2883 3383 Latinos
2928 3326 3002 3381 de
3032 3325 3408 3395 processione
3434 3324 3689 3394 Spiritus

314 3422 534 3477 sancti.
568 3421 766 3474 Exstat
800 3434 913 3485 ms,
944 3416 1053 3473 sed
1080 3416 1369 3473 mendose
1401 3421 1701 3485 exaratus,
1730 3420 1788 3472 et
1810 3417 1871 3472 in
1892 3416 2013 3473 fine
2042 3417 2311 3473 multilus
2337 3418 2400 3472 in
2444 3416 2807 3474 bibliotheca
2864 3414 2999 3472 coll.
3048 3417 3234 3471 Gonv.
3286 3418 3344 3471 et
3399 3412 3691 3471 CaiiCan-

316 3509 443 3565 tab.
484 3507 742 3565 Titulum
804 3511 861 3563 et
925 3506 1266 3580 prologum,
1328 3522 1482 3578 quos
1531 3506 1592 3561 in
1646 3522 1822 3561 usum
1883 3523 2089 3562 meum
2145 3507 2461 3580 descripsit
2503 3510 2567 3563 D.
2628 3507 3022 3574 Whartonus,
3079 3506 3276 3560 Graece
3356 3503 3452 3559 hic
3542 3502 3687 3560 sub-

310 3600 593 3671 jungam:
660 3593 939 3671 Θεοδώρου
1020 3604 1259 3669 μοναχοῡ
1324 3603 1415 3648 τοῦ
1474 3598 1718 3669 Λάσκαρι
1818 3595 1963 3667 λόγος
2036 3595 2411 3658 ἁπολολητικός
2496 3601 2623 3672 πρὸς
2714 3600 2800 3649 τόν
2870 3594 3153 3648 ἐπίσκοπον
3236 3598 3473 3666 Κορώνης
3560 3596 3693 3645 κατά

315 3697 417 3740 τῶν
472 3687 698 3754 Ἰταλῶν,
748 3691 911 3758 ἤγουν
961 3688 1098 3739 κατὰ
1170 3693 1270 3738 τῶν
1347 3690 1583 3739 Λατίνων
1675 3689 1794 3759 περί
1884 3693 1975 3738 τοῦ
2047 3690 2346 3759 Πνεύματος
2421 3692 2514 3738 τοῦ
2596 3684 2768 3757 ἁγίου.
2857 3679 3073 3741 Ἐπειδὴ
3166 3680 3424 3754 ὶρώτησιν
3502 3684 3689 3754 ὑπεγά-

318 3777 436 3831 6ετο
468 3779 497 3835 ἡ
530 3776 777 3851 βασιλεία
803 3796 903 3849 μου
926 3779 1053 3850 πρὸς
1084 3778 1162 3844 σὲ,
1192 3773 1493 3848 ὧίερώτατε
1541 3773 1792 3827 ἐπίσκοπε
1833 3782 2095 3849 Κορώνης,
2148 3776 2587 3847 ἀπολογήσασθαι
2641 3784 2702 3848 τῇ
2757 3774 3004 3849 βασιλεία
3059 3791 3183 3845 μου,
3233 3773 3372 3834 ὅπως
3430 3774 3460 3831 ἡ
3514 3772 3694 3845 ἁγιω-

318 3869 452 3925 τάτῃ
512 3874 603 3919 τοῦ
664 3866 798 3919 Θεοῦ
856 3865 1054 3937 μεγάλη
1096 3864 1386 3923 Ἐκκλησία
1426 3866 1456 3922 ἠ
1508 3864 1839 3937 πρεσϐυτέρα
1893 3871 2064 3937 ιι’ώμη
2127 3863 2434 3939 δογματίζει
2485 3870 2603 3939 περὶ
2656 3875 2750 3928 τῆς
2799 3865 3145 3942 ἐκπορεύσεως
3190 3874 3281 3921 τοῦ
3334 3864 3487 3936 ἁγίου
3538 3864 3695 3914 Πνεύ-

320 3977 482 4034 ματος
502 3977 593 4010 και
650 3956 929 4028 ἀπολογίαν
986 3958 1102 4009 ἔθου
1160 3958 1305 4031 παρὰ
1343 3960 1432 4014 τὴν
1493 3954 1765 4029 βασιλείαν
1814 3975 1935 4029 μου,
1992 3959 2075 4009 ὅτε
2126 3958 2155 4014 ἡ
2216 3954 2481 4028 ἀγίωτοίτη
2534 3963 2626 4008 τοῦ
2699 3963 2832 4009 Θεοῦ
2912 3957 3107 4030 μεγάλη
3138 3958 3150 3979 ’
3206 3955 3477 4014 Εκκλησία
3530 3952 3694 4013 οὕτως

325 4051 537 4101 eodem:
570 4046 853 4121 [συνίεται]
898 4052 1015 4121 περὶ
1073 4055 1169 4108 τῆς
1217 4044 1571 4119 ἐκπορεὺσεως
1620 4054 1711 4098 τοῦ
1780 4044 1933 4119 ἁγίου
1986 4048 2300 4117 Ῐίνεοῦματος,
2359 4049 2427 4107 ὡς
2476 4045 2535 4099 οὐ
2590 4050 2740 4119 μόνον
2780 4044 2836 4099 ἐκ
2883 4056 2975 4100 τοῦ
3027 4051 3228 4123 Πατρός
3280 4050 3396 4117 ἔχει
3470 4047 3558 4101 τὴν
3616 4040 3694 4093 ix-

261 4179 266 4182 -
321 4157 595 4212 πορευσιν,
628 4134 949 4190 α’λλὰκαὶὶκ
975 4142 1067 4188 τοῦ
1100 4138 1244 4200 Υὶοῦ,
1279 4134 1614 4207 ἀπολογεῖταί
1642 4137 1787 4195 σοιὴ
1846 4135 2094 4209 βασιλεία
2131 4157 2231 4209 μου
2302 4137 2380 4189 ὅτι
2449 4138 2477 4195 ἡ
2544 4136 2662 4188 καθ’
2730 4138 2866 4209 ἡμᾶς
2928 4135 3190 4210 ἁγιωτάτῃ
3283 4142 3375 4189 τοῦ
3434 4132 3568 4187 Θεού
3607 4151 3693 4205 με·
3776 4143 3781 4155 '

321 4228 459 4301 γάλη
496 4227 799 4291 Ἐκκλησία,
828 4228 999 4289 καθώς
1068 4225 1263 4298 μελλεις
1312 4231 1568 4298 γνωρίσαι
1629 4225 1683 4278 ἐκ
1750 4234 1849 4278 τῶν
1914 4232 2185 4301 κατωτέρω
2232 4226 2601 4299 ῥηθησομένων
2656 4225 2921 4299 ἐγγράφων
2993 4236 3291 4302 μαρτυριῶν
3368 4230 3457 4277 καί
3491 4224 3693 4297 ῥήσεων

323 4318 690 4390 εὖαγγελικῶν,
785 4320 843 4369 τό
962 4324 1172 4389 Πνεῦμα
1221 4321 1277 4368 τό
1378 4315 1523 4388 ἆγιον
1615 4315 1670 4369 ἐκ
1710 4324 1800 4369 τοῦ
1841 4320 2047 4389 Πατρός
2088 4322 2178 4368 καί
2208 4321 2367 4389 μόνον
2395 4315 2765 4389 ἐκπορεύεσθαι
2798 4313 3127 4389 δογματίζει,
3162 4316 3217 4369 ἐκ
3240 4323 3332 4368 τοῦ
3363 4314 3487 4368 Υἰοῦ
3518 4308 3578 4365 δέ
3602 4312 3695 4365 οὐκ

324 4408 701 4482 ἐκπορεύεσοαι
747 4411 837 4479 μέν
888 4409 1070 4479 φαμὲν,
1135 4402 1229 4458 διὰ
1268 4414 1357 4458 τοῦ
1408 4407 1529 4458 Υὶοῦ
1596 4403 1654 4459 δὲ
1703 4408 2060 4482 χορηγεῖσθαι
2112 4408 2238 4473 ἡμῖν
2304 4409 2429 4480 πρὸς
2494 4407 2752 4481 κάθαρσιν
2802 4412 2893 4459 καί
2945 4405 3226 4479 ἁγιασμόν,
3268 4409 3357 4457 καί
3384 4404 3695 4474 πιστεύομεν

320 4502 415 4550 καί
446 4495 753 4570 δοξάζομεν
780 4496 837 4557 ἃς
884 4493 952 4555 δὴ
1022 4500 1252 4568 χρήσεις
1310 4493 1654 4567 ἀναλεξαμένη
1712 4498 1742 4554 ἡ
1798 4495 2044 4568 βασιλεία
2100 4516 2198 4569 μου
2251 4500 2542 4569 συντόμως,
2601 4503 2663 4568 τῇ
2728 4504 2793 4567 σῇ
2858 4499 3213 4571 παρατιθησιν
3265 4496 3510 4571 ἰερότητι·
3571 4490 3699 4563 Ἀρ·

322 4607 480 4660 χεται
514 4583 571 4639 δὲ
592 4586 645 4638 ἐκ
677 4593 770 4648 τῆς
813 4585 1184 4645 αὖτοαληοείας
1215 4586 1397 4646 αὐτῆς·
1460 4585 1613 4637 καλόν
1675 4606 1773 4657 γαρ
1827 4588 1878 4638 ἑκ
1929 4594 2062 4638 Θεοῦ
2134 4586 2180 4638 τ’
2226 4585 2512 4659 ἄρχεσθαι,
2563 4590 2654 4637 καί
2717 4590 2785 4647 είς
2835 4589 2963 4640 Θεὸν
3018 4588 3379 4639 ἀναπαύεσθαι
3438 4582 3489 4635 ‹‹”
3558 4592 3697 4637 Οταν

325 4675 385 4730 δὲ
408 4676 527 4734 ᾖ.οη
552 4678 575 4728 ὁ
601 4676 941 4750 Παρακλητος
970 4678 1022 4728 ὅν
1053 4678 1154 4746 εγὼ
1178 4675 1367 4747 περι-,βω
1390 4676 1509 4748 ὑμῖν
1544 4698 1570 4725 η
1631 4676 1823 4745 Pergit
1882 4676 2089 4731 deiuce

1932 4676 2167 4749 eiuceps
2225 4675 2669 4733 illustrissimus
2728 4679 2938 4733 auctor
2989 4677 3159 4733 varia
3208 4691 3394 4733 sacras
3436 4678 3696 4750 Scriptu-

322 4783 406 4823 rre
436 4766 571 4821 loca
597 4766 977 4838 plurimaque
1003 4764 1104 4822 SS.
1141 4768 1380 4821 Patrum
1412 4766 1754 4821 testimonia
1782 4765 2069 4839 proferre,
2096 4780 2234 4839 quas
2263 4764 2511 4838 quidem
2541 4768 2713 4822 acute
2741 4764 2889 4821 satis
2912 4780 3124 4838 urgere
3164 4765 3330 4823 solet.
3384 4767 3495 4838 (De
3556 4768 3697 4824 aliis

325 4858 513 4913 Ducce
539 4857 780 4927 scriptis
808 4855 938 4912 vide
965 4856 1243 4912 notitiam
1266 4856 1503 4921 Allatii,
1537 4855 1767 4927 supra.)

397 4983 481 5054 (ιι)
520 4981 685 5053 Συνοψ
716 4978 928 5058 διαφορ⁸
960 4980 1151 5058 Ἰστορ.
1180 4987 1235 5037 Ρ.
1271 4982 1393 5054 φκέ.

327 5167 1995 5197 --,--.-.-.-----.-.-.

972 5331 1116 5419 DE
1202 5329 1770 5435 SEQUENTE
1853 5328 2419 5418 OPUSCULO
2518 5328 3059 5420 MONITUM.

1401 5512 1532 5583 Mai,
1576 5512 1719 5569 Bibl.
1752 5528 1889 5569 nov.
1934 5512 2197 5586 Patrum,
2234 5514 2327 5582 Vl,
2371 5511 2440 5581 ll,
2482 5514 2629 5585 2238).

402 5762 847 5845 Suprascriptis
867 5764 1275 5847 episcoporum
1303 5762 1615 5834 Heraclea:
1634 5775 1688 5833 el
1709 5769 1882 5833 Tarsi
1896 5771 2541 5833 coirirnentariis.breve
2555 5774 2725 5833 aliud
2744 5776 2899 5846 regii
2918 5776 3182 5833 auctoris
3202 5776 3377 5847 longe
3402 5774 3705 5833 recentius

330 5862 979 5934 proximesubteximus
991 5865 1464 5938 hancpr‘ascipue
1477 5864 1549 5924 ob
1560 5880 1827 5935 causam,
1845 5865 1987 5937 quia
2018 5865 2312 5938 ejusmodi
2329 5866 2621 5937 scriptum
2643 5871 2725 5924 est
2741 5866 3057 5925 utnonnisi
3075 5876 3274 5939 grcece
3299 5864 3705 5923 exhibendum
