4468 6450
779 408 883 464 763
2163 411 2521 471 THEODORI
2556 414 2605 469 ΙΙ
2640 414 2779 470 IIP.
4038 407 4149 462 7“

773 530 1078 601 videatur;
1086 530 1231 602 quia
1240 533 1581 591 nominibus
1595 536 1823 593 scilicet
1838 537 2173 606 praesertim
2186 537 2521 606 compositis
2536 541 2726 594 totum
2745 541 2980 593 constat
2991 549 3124 606 quae
3138 533 3329 590 latine
3356 545 3629 601 expressa
3639 546 3761 588 non
3786 531 4147 600 elegantiam

780 620 1213 689 tantummodo,
1235 635 1442 677 verum
1453 626 1631 680 etiam
1644 625 1761 680 vim
1790 640 1944 694 scepe
1972 639 2137 681 suam
2157 625 2504 682 viderentur
2535 627 2809 682 amittere
2824 621 3393 693 autinfringere(a).
3419 622 3676 676 Locutus
3688 624 3769 675 est
3796 618 4067 675 Allatius
4081 618 4146 673 in

772 708 1143 777 praecedente
1153 708 1570 768 dissertatione
1588 730 1645 767 η.
1663 712 1959 769 CXXXII
1968 714 2040 769 de
2063 713 2281 769 inedita
2293 729 2459 782 apere
2481 714 2774 771 Theodori
2772 714 3040 783 junioris
3054 712 3237 767 Duca'
3264 710 3541 767 Lascaris
3551 711 3719 778 imp.,
3742 708 3807 763 id
3819 712 3902 764 est
3918 707 3990 763 de
4015 708 4146 776 ejus

778 796 1090 865 theologice
1117 796 1485 856 Christianae
1506 799 1675 857 libris
1708 808 1947 871 septem;
1970 803 2077 872 qui
2101 808 2299 858 tamen
2328 817 2536 872 reapse
2560 808 2691 858 octo
2716 808 2878 871 sunt,
2909 807 2976 855 ut
2997 800 3150 856 idem
3181 799 3438 855 Allatius
3462 799 3525 852 in
3547 812 3720 866 opere
3740 796 3814 852 de
3852 809 4145 852 consensu

776 885 893 942 col.
909 887 1351 941 722correctius
1390 890 1650 957 scripsit.
1685 891 1854 946 Dixit
1883 892 2064 946 etiam
2078 891 2151 946 de
2178 890 2378 946 codice
2408 893 2534 947 Vat.
2566 891 2723 948 1113.
2756 904 2926 962 quem
2949 904 3052 958 ego
3081 902 3276 956 nuper
3303 886 3644 956 observans,
3676 886 3823 942 satis
3868 884 4142 939 lacerum

774 975 1037 1042 comperi
1048 980 1103 1029 et
1132 976 1381 1031 madore
1403 984 1777 1047 corruptum.
1796 981 1983 1035 Porro
2007 979 2189 1050 hujus
2205 982 2355 1050 regii
2380 979 2642 1049 theologi
2660 980 2790 1052 (qui
2806 978 3122 1047 imperavit
3156 977 3379 1033 Nicaea:
3400 975 3469 1029 ab
3502 989 3666 1031 anno
3694 973 3825 1028 I255
3861 972 3942 1028 ad
3976 971 4144 1045 1259)

778 1077 963 1118 unum
976 1063 1183 1119 saltem
1195 1079 1271 1119 ex
1291 1071 1420 1119 octo
1434 1066 1601 1122 libris
1613 1066 1778 1124 edere
1788 1069 2111 1132 constituit,
2144 1084 2180 1139 q
2192 1069 2257 1122 ui
2266 1083 2399 1137 pro:
2422 1070 2653 1124 cteteris
2670 1068 3020 1137 conspicuus
3034 1079 3333 1136 sanusque
3344 1065 3407 1119 in
3437 1063 3637 1119 codice
3660 1068 3767 1126 est;
3788 1066 3844 1117 et
3859 1061 3966 1132 qui
3982 1059 4143 1115 hanc

778 1156 938 1206 certe
947 1152 1272 1208 utilitatem
1280 1154 1526 1221 prebet,
1540 1161 1608 1210 ut
1623 1157 1892 1212 Pollucis
1916 1157 2327 1212 Onomasticon
2342 1171 2413 1211 ac
2428 1158 2783 1227 Dionysium
2802 1158 2890 1211 De
2900 1156 2964 1209 di
2969 1154 3118 1210 vinis
3134 1151 3490 1216 nominibus,
3503 1157 3558 1206 et
3585 1164 3783 1221 grmca
3815 1148 4143 1219 generatim

779 1238 1319 1309 lexica,permultis
1335 1242 1639 1299 vocabulis
1656 1245 2129 1316 locupletet,qua3
2140 1246 2523 1314 grammatici
2538 1246 2770 1301 curiose
2781 1242 3174 1300 adnotabunt.
3204 1241 3437 1296 Titulus
3456 1240 3722 1295 universi
3733 1238 3925 1309 operis
3940 1242 4024 1294 est
4036 1242 4144 1288 Τοῦ

780 1330 1085 1399 σογυτάτου
1145 1327 1405 1402 βασιλέως
1464 1338 1629 1405 κυροᾰ
1685 1329 1963 1405 Θεοδώρου
2020 1336 2188 1386 Δούκα
2231 1342 2323 1386 τοῦ
2380 1335 2624 1406 Λάσκαρι
2700 1339 3080 1407 Χριστιανικῆς
3142 1328 3407 1400 θεολογίας
3488 1327 3631 1400 λόγοι
3696 1327 3855 1380 tua.
3935 1324 4149 1387 Quarti

777 1422 978 1473 autem
1011 1417 1154 1474 libri
1171 1419 1277 1475 ille
1308 1425 1394 1475 est
1428 1422 1664 1485 titulus,
1693 1437 1866 1492 quem
1887 1423 1952 1477 in
1991 1429 2199 1478 nostra
2227 1423 2484 1479 editione
2510 1437 2647 1478 mox
2670 1421 3056 1491 proferimus.

846 1542 926 1613 (a)
956 1541 1285 1613 Prologum
1312 1548 1518 1600 tamen
1555 1544 1755 1601 Latine
1780 1546 2085 1601 vertimus.
2131 1548 2283 1601 Εοιτ.
2326 1550 2494 1602 Pun.

1827 1865 2003 1929 ΤΟΥ
2057 1863 2599 1928 ΣΟΦΩΤΑΤΟΥ
2653 1861 3109 1929 ΒΑΣΙΛΕΩΣ

977 2044 1741 2220 ΚΥΡΟΥ
1817 2040 3060 2221 ΘΕΟΔΩΡΟΥ
3148 2040 3926 2215 ΔΟΥΚΑ

1824 2348 2165 2467 ΤΟΥ
2309 2346 3106 2467 ΛΑΣΚΑΡΙ

1381 2596 1773 2684 ΛΟΓΟΣ
1848 2596 2430 2684 ΤΕΤΑΡΤΟΣ
2506 2596 2777 2683 ΠΕΡΙ
2855 2592 3549 2685 ΘΕΩΝΥΜΙΑΣο

2076 2887 2334 2954 REGIS
2381 2882 2863 2953 DOCTISSIMI

1242 3098 1862 3238 DOMIN
1873 3101 1932 3237 Ι
2022 3098 2995 3239 THEODORI

1899 3101 1932 3237 [
2022 3098 2995 3239 THEODORI
3093 3097 3663 3236 DUGzE

1178 3380 1605 3476 SERMO
1674 3380 2274 3493 QUARTUS
2331 3379 2497 3474 DE
2565 3378 3277 3475 NOMINIBUS
3346 3375 3827 3472 DIVINIS

2602 3677 2751 3730 ’Ππεὶ
2808 3673 2867 3730 δὲ
2924 3680 2981 3729 τὸ
3035 3683 3184 3730 Θεῖον
3237 3677 3367 3747 μετὰ
3418 3683 3519 3726 τῶν
3572 3672 3735 3724 ἄλλων
3782 3671 4138 3742 πο).υωνύμως

2534 3770 2622 3818 xui
2686 3768 2952 3839 άνονύμως
3017 3766 3347 3838 ὀνομάζεται*
3407 3771 3559 3816 τοῦτο
3609 3764 3711 3835 γὰρ
3779 3767 3872 3820 τῆς
3946 3763 4142 3811 ἐκείνου

2535 3855 2925 3928 μεγαλειότητος
2964 3862 3054 3908 xui
3100 3864 3196 3917 τῆς
3251 3858 3547 3929 ὑπερφυοῦς
3597 3868 4015 3926 κρνφιομνστιας
4050 3852 4143 3898 καὶ

2533 3954 2626 4007 τῆς
2704 3948 3021 4021 ὐπερφεροῡς
3082 3964 3137 3997 τε
3217 3944 3603 4017 λαμπαότητος,
3678 3935 3859 3997 ἐπειδὴ
3928 3940 4144 4011 μετεχει

838 3679 1072 3733 Numen
1101 3677 1371 3735 divinum
1402 3696 1538 3736 cum
1561 3680 1834 3751 diversis,
1866 3684 1994 3736 tum
2032 3695 2154 3735 non
2177 3678 2424 3751 explici—
2458 3681 2505 3733 Α

766 3766 841 3821 tis
860 3767 1209 3823 nominibus
1239 3770 1594 3842 appellatur,
1634 3770 1803 3843 quod
1834 3770 2079 3843 quidem
2110 3769 2267 3825 illius
2295 3785 2423 3824 ma—

763 3856 966 3926 jestati
998 3860 1055 3911 et
1081 3862 1312 3913 naturae
1354 3860 1620 3931 mystica;
1652 3875 1723 3915 ac
1744 3858 2079 3915 celsitudini
2110 3860 2422 3931 proprium

767 3949 875 4001 est.
900 3948 978 4002 Ea
1012 3946 1173 4002 enim
1202 3963 1296 4003 res
1317 3948 1393 4003 ad
1419 3950 1626 4005 omnia
1655 3966 1791 4021 quae
1824 3955 1965 4005 sunt
2005 3954 2252 4022 spectat,
2314 3963 2424 4003 nec

766 4037 973 4089 tamen
1004 4050 1215 4091 eorum
1235 4053 1371 4110 qua:
1411 4044 1569 4103 sunt,
1598 4039 1675 4093 lin
1728 4054 1981 4094 numero
2038 4042 2143 4092 est.
2182 4040 2426 4108 Oportet

766 4124 946 4195 igitur
974 4140 1087 4181 nos
1113 4126 1187 4181 de
1219 4126 1344 4199 ejus
1374 4129 1723 4184 nominibus
1752 4145 1861 4201 pro
1896 4128 2044 4183 virili
2088 4133 2255 4199 parte
2307 4126 2422 4182 dis-

768 4229 984 4283 serere,
1012 4230 1134 4271 non
1164 4216 1242 4271 ad
1266 4232 1529 4286 unguem
1552 4234 1714 4287 vero,
1747 4218 1862 4273 hoc
1909 4218 2072 4273 enim
2124 4218 2251 4271 ﬁcri
2298 4231 2422 4271 non

765 4307 982 4375 potest;
1048 4320 1159 4359 nec
1205 4306 1371 4377 prius
1419 4307 1580 4363 dicta
1645 4306 1973 4378 repetenda
2023 4313 2182 4370 sunt,
2256 4305 2421 4377 quod

764 4391 1147 4449 fastidiosum
1169 4394 1337 4461 foret;
1363 4412 1471 4451 nec
1495 4396 1919 4465 diversimode,
1955 4396 2059 4450 sed
2085 4394 2423 4450 secundum

767 4481 1319 4555 ejuspraascriptum
1333 4484 1805 4540 acvoluntatem.
1824 4486 2003 4553 Igitur
2033 4500 2103 4539 ex
2134 4483 2422 4555 operibus

766 4574 901 4641 ejus
941 4571 1158 4627 divinis
1203 4573 1302 4628 Dei
1354 4573 1670 4645 qualitates
1715 4573 2172 4630 abstrahamus.
2234 4576 2425 4631 Omne

767 4659 928 4725 enim
945 4660 1109 4733 quod
1131 4661 1275 4717 ﬁtin
1308 4663 1539 4718 mundo
1569 4678 1605 4717 a
1630 4666 1747 4718 Deo
1786 4665 1965 4733 venit,
2016 4669 2073 4719 et
2127 4663 2423 4736 quidquid

765 4748 841 4804 de
874 4752 994 4805 Deo
1015 4751 1193 4811 venit.
1228 4752 1585 4807 miraculum
1613 4760 1725 4817 est;
1753 4770 1934 4809 omne
1958 4760 2159 4809 autem
2200 4754 2422 4809 mirum

765 4839 968 4894 divino
988 4840 1214 4897 honore
1242 4841 1537 4897 afﬁciatur
1562 4859 1803 4898 necesse
1826 4849 1930 4897 est.
1982 4846 2266 4912 Magnum
2319 4844 2425 4912 igi-
2455 4848 2493 4900 Β

767 4932 862 4983 tur
893 4931 1081 4985 Deum
1114 4930 1448 4986 secundum
1500 4932 2014 4987 manifestationes
2066 4933 2195 5003 ejus
2233 4934 2423 4987 nomi-

764 5019 1072 5087 nabimus,
1101 5037 1225 5076 non
1254 5026 1457 5076 tamen
1489 5038 1519 5075 c
1546 5023 1896 5077 nominibus
1919 5028 2199 5078 naturam
2251 5040 2425 5079 mon-

766 5116 1044 5175 strantes,
1069 5115 1173 5166 aut
1200 5128 1271 5165 ex
1302 5112 1677 5167 innominato
1709 5112 1830 5167 vim
1862 5113 2271 5184 prmdicando.
2317 5115 2425 5170 sed

763 5216 934 5257 mera
964 5201 1212 5255 nomina
1238 5208 1630 5272 exponentes.
1666 5201 1721 5256 id
1767 5208 1997 5257 tantum
2060 5209 2307 5271 agentes
2364 5212 2427 5259 ut

764 5307 905 5346 eum
934 5307 1073 5346 cum
1104 5290 1292 5345 Paulo
1342 5291 1619 5363 apostolo
1668 5293 1943 5347 omnium
1993 5294 2311 5349 Dominum
2355 5312 2425 5350 ac

758 5379 987 5436 nemini
1004 5378 1355 5450 subjectum
1387 5379 1795 5434 declaremus.

2534 4037 2739 4087 πάντων
2803 4044 2903 4087 τῶν
2973 4039 3149 4103 ὄντων,
3214 4038 3304 4085 καὶ
3374 4029 3526 4085 οὐδὲν
3590 4040 3689 4083 τῶν
3749 4033 3909 4081 ὒντων
3974 4031 4139 4079 ἐστίν’

2534 4126 2737 4195 άνάγκη
2786 4130 2933 4176 πᾶσα
2980 4129 3069 4176 καὶ
3116 4130 3235 4197 περὶ
3273 4132 3373 4175 τῶν
3421 4122 3583 4174 αὐτοῦ
3631 4120 3895 4192 ὀνομάτων
3952 4113 4143 4169 διαλα-

2534 4213 2640 4266 ϐεῖν
2697 4216 2835 4285 ἡμᾶς
2884 4217 3005 4265 ὅσον
3065 4233 3122 4283 γε
3166 4210 3403 4282 δυνατόν,
3457 4210 3516 4263 οὗ
3569 4212 3738 4266 πάντη
3804 4204 3864 4259 δὲ
3910 4207 4140 4258 πάντων.

2532 4310 2686 4354 τοῦτο
2741 4304 2842 4375 γὰρ
2882 4307 2972 4352 καὶ
3022 4298 3294 4353 ἀδύνατον·
3348 4297 3590 4371 οὐδαμῶς
3632 4295 3691 4350 δὲ
3747 4304 3846 4348 τῶν
3891 4290 4142 4367 μηδενός,

2532 4400 2686 4444 τοῦτο
2716 4393 2817 4467 γὰρ
2849 4396 3064 4463 ὀκνηρόν
3113 4390 3240 4441 ἀλλὰ
3282 4394 3339 4441 τὸ
3389 4392 3477 4460 μεν
3509 4393 3597 4453 ὥς,
3626 4391 3684 4438 τὸ
3722 4383 3770 4438 δ’
3803 4388 3867 4445 ὡς
3893 4388 3972 4436 οὔ·
4005 4386 4146 4435 κατὰ

2533 4487 2628 4540 τήν
2657 4482 2845 4533 ἐκείνου
2876 4480 3164 4555 πρόσταξιν
3192 4498 3245 4531 τε
3278 4484 3368 4530 καὶ
3405 4478 3632 4535 θέλησιν·
3666 4472 3753 4528 διὸ
3779 4480 3871 4526 καὶ
3918 4476 4013 4533 τάς
4085 4471 4145 4524 ἐκ

2534 4580 2633 4623 τῶν
2689 4570 3049 4642 ἐνεργημάτων
3098 4568 3289 4620 ἐκείνου
3346 4570 3637 4639 θεοσημιων
3713 4562 3979 4638 ἀνεργείας
4015 4560 4144 4613 ἁνα-

2534 4658 2831 4731 λαϐομενος·
2860 4666 2961 4711 πᾶν
2987 4661 3089 4731 γὰρ
3151 4660 3210 4709 τὸ
3271 4662 3534 4729 γινόμενον
3588 4656 3723 4706 κατά
3784 4657 3981 4724 κόσμον
4034 4652 4145 4703 θεό-

2538 4752 2617 4802 θεν
2646 4749 2778 4801 ἐστὶ·
2808 4753 2898 4800 καὶ
2926 4754 3028 4800 πᾶν
3077 4751 3136 4799 τὸ
3194 4749 3382 4812 θεόθεν,
3457 4748 3634 4816 θαῦμὰ
3686 4742 3819 4795 ἐστι’
3885 4746 3976 4793 καὶ
4035 4746 4143 4792 πᾶν

2539 4841 2715 4911 θαῦμα
2742 4834 3088 4899 θεοδόξαστον
3147 4839 3381 4909 ὑπάρχει
3430 4854 3484 4887 τε
3536 4839 3627 4885 xui
3687 4830 3995 4903 σεϐάσμιον
4050 4834 4143 4881 τὸν

2536 4933 2697 5001 μέγαν
2730 4932 2857 4979 Θεὸν
2888 4932 2976 4978 xui
3036 4926 3319 4998 σεϐάσμιον
3368 4924 3422 4976 ἐκ
3489 4933 3584 4985 τῆς
3643 4930 3743 4973 τῶν
3783 4922 4143 4995 ἐνεργημάτων

2535 5022 2720 5070 τούτου
2787 5019 3072 5088 θεοσημίας
3145 5015 3465 5087 ὀνομάσομεν
3546 5015 3669 5065 ὡσεὶ
3756 5007 4003 5082 δύναμις,
4080 5009 4144 5060 οὐ

2538 5107 2828 5169 δεικνύντες
2858 5108 2913 5159 ἐκ
2942 5116 3039 5159 τῶν
3090 5106 3352 5178 ὀνομάτων
3413 5109 3507 5162 τὴν
3561 5108 3716 5176 φύσιν
3768 5102 3897 5173 οὐχὶ
3950 5103 4149 5173 κηρύτ-

2536 5219 2700 5259 τοντες
2737 5197 2790 5249 ἐκ
2820 5206 2911 5249 τοῦ
2962 5196 3227 5267 ἀνωνύμου
3281 5200 3375 5252 τὴν
3432 5186 3686 5263 δύναμινξ
3740 5190 3845 5242 ἀλλ’
3918 5191 4147 5250 εἰπόντες

2536 5292 2601 5342 τὰ
2659 5290 2909 5360 ὀνόματα,
2974 5287 3066 5349 ἔξω
3151 5294 3251 5336 τῶν
3307 5284 3569 5356 ὀνομάτων
3661 5280 4143 5352 καταλιμπάνομεν·

2536 5386 2625 5432 xui
2688 5377 3029 5449 συστέλλομεν
3057 5376 3105 5428 ἐν
3162 5383 3277 5437 ταῖς
3327 5374 3524 5436 λέξεσιν
3589 5370 3747 5447 ἕδραν
3835 5375 4150 5427 συνεκτικὴν

764 5468 856 5523 τοῦ
909 5474 1102 5531 παντὸς
1151 5473 1328 5539 αὐτόν,
1369 5474 1435 5531 ὡς
1488 5473 1889 5543 ἀποφαινόμενοι
1932 5475 2101 5523 πάντα
2140 5471 2189 5523 ἐν
2230 5480 2386 5545 πᾶσι,
2445 5470 2581 5526 κατὰ
2622 5474 2709 5521 τὸν
2740 5468 2964 5527 fluvio-la,
3006 5472 3127 5519 ὄντα
3154 5471 3241 5519 τὸν
3289 5467 3498 5540 Κύριον,
3558 5468 3648 5514 καὶ
3714 5458 3863 5514 οὐδὲν
3895 5470 3993 5512 τῶν
4066 5464 4150 5511 6v-

763 5568 861 5612 τῶν
887 5562 1149 5635 ὑπάρχον.

836 5652 1021 5721 Igitur
1045 5656 1307 5715 centum,
1338 5651 1462 5706 imo
1524 5650 1684 5705 mille
1751 5655 1853 5706 aut
1911 5652 2111 5724 potius
2158 5653 2434 5709 innume-

759 5741 978 5802 rabilia
1014 5742 1266 5799 nomina
1310 5741 1712 5813 philosophia:
1764 5746 2045 5798 strenuus
2087 5741 2432 5816 discipulus

2608 5653 2695 5703 Δτὸ
2732 5644 3080 5709 ἑκατοντάδας
3108 5666 3161 5699 τε
3210 5650 3301 5697 καὶ
3329 5639 3697 5718 χιλιοντάδας,
3767 5642 3797 5699 ἡ
3834 5645 3923 5692 καὶ
3950 5643 4149 5713 μυριά-

2543 5761 2622 5802 κις
2668 5735 2941 5813 μυριάδων
2996 5741 3295 5811 περιουσίας
3368 5735 3703 5806 ὀνομασμοὺς
3754 5731 3875 5806 εὕρῃ
3934 5751 4013 5793 τις
4064 5751 4151 5798 φι-
