4468 6450
312 419 423 476 705

1586 417 1677 474 DE
1698 414 1964 476 DIVINIS
1992 417 2399 480 NOIINIBUS.

3580 423 3687 480 766

309 542 589 617 λομνήμων
632 548 723 597 καὶ
770 541 1177 619 πεπαιδευμένος
1241 546 1539 620 φιλοσοφίᾳ,
1597 548 1735 619 εἴπερ
1805 540 1922 595 έπι-
1952 546 1998 599 Α
2030 545 2435 615 enumerabit,
2488 562 2620 603 mur

2030 545 2435 615 enumerabit,
2488 546 2835 603 mundanas
2899 546 3232 604 activitates
3291 545 3687 604 recensendo.

316 640 582 695 στατικῶς
624 634 692 685 τά
728 631 777 685 έν
833 637 1016 706 κόσμῳ
1078 634 1398 709 ἐξερευνήσει
1448 634 1786 709 ἐνεργήματα·
1820 631 1920 704 έγώ

316 718 380 774 δε
448 724 549 774 εἶτε
739 720 1012 797 έρευνησας
1068 726 1296 799 εὑρήσω,
1365 727 1465 777 εἴτε
1531 720 1590 777 δε
1642 725 1778 775 κατά
1826 726 1921 779 τὴν

313 808 512 862 ἐκείνου
544 805 767 883 δύναμιν
815 810 864 863 ἕν
934 810 1123 875 ἀνοίξει
1186 820 1278 865 τοῦ
1341 817 1600 886 στόματὸς
1642 832 1761 885 μου,
1792 812 1922 862 κατά

313 902 406 950 τὸν
448 896 648 951 Παῦλον
698 902 764 952 τὰ
815 902 885 963 ὡς
936 900 1071 963 εἰκὸς
1124 899 1397 975 ἐρεύξομαι
1437 900 1679 968 εὐσεϐῶς,
1724 900 1784 953 ού
1848 906 1921 970 τῷ

315 986 526 1061 ἀριθμῷ
562 988 833 1060 μεγαλύνω
886 995 980 1049 τὴν
1029 992 1253 1064 εὕρεσιν,
1302 995 1419 1044 οὔτε
1475 995 1565 1064 μεν
1615 1000 1686 1063 τῷ
1734 989 1927 1045 έλλιπεῖ

315 1073 593 1145 δειλιάσω,
638 1083 726 1130 καὶ
791 1083 879 1131 τὸν
942 1083 1087 1132 ὄκνον
1146 1080 1254 1143 ἄξω
1306 1079 1578 1153 έμπὸδιον,
1650 1079 1779 1132 ἀ)λά
1828 1083 1922 1137 τὴν

313 1164 522 1237 ἀγαθὴν
549 1171 639 1219 καὶ
668 1170 990 1240 μεσαιτάτην
1043 1164 1167 1222 ὁδὸν
1213 1165 1467 1242 βαδίσας,
1514 1172 1579 1231 ὡς
1636 1167 1737 1235 δεῖ,
1787 1171 1923 1221 κατά

310 1259 412 1313 τὴν
453 1253 668 1308 ένοῦσάν
700 1276 792 1329 μοι
820 1260 983 1331 χάριν
1013 1263 1109 1317 την
1139 1256 1192 1322 ἐξ
1244 1257 1458 1326 ἐκείνου,
1507 1261 1632 1312 ὡσεὶ
1675 1256 1918 1331 δύναμις,

311 1342 371 1394 ἐκ
408 1345 589 1407 πάσης
625 1354 890 1420 γραφικῆς
935 1355 1115 1419 πηγῆς
1163 1356 1257 1410 τῆς
1315 1346 1455 1409 ἐντὸς
1498 1367 1553 1401 τε
1596 1352 1687 1400 καὶ
1725 1356 1819 1406 τῆν
1845 1346 1923 1399 έκ-

310 1436 420 1498 τὸς,
493 1434 522 1493 ἦ
574 1438 665 1486 καὶ
720 1438 786 1487 τὰ
839 1435 995 1487 πλείω
1056 1435 1320 1509 ίπιστήμη
1376 1436 1598 1519 εὐσεϐῶς
1627 1438 1923 1509 συντιθέμε-

310 1539 419 1587 νος,
451 1524 548 1584 τὰς
567 1518 790 1596 ῥανίδας
846 1528 1064 1595 σπόγγῳ
1118 1526 1413 1597 Πνεύματος
1460 1518 1597 1578 θείου
1654 1524 1920 1598 ἀνιμησά-

311 1626 489 1679 μενος,
553 1610 932 1674 κατασταλάξω
990 1608 1085 1664 διά
1124 1612 1358 1685 γλώττης
1408 1617 1466 1666 τὸ
1506 1614 1718 1685 γλύκιον
1775 1636 1787 1647 ·
1833 1619 1923 1666 καὶ

312 1697 748 1769 ὀνοματοθετὴσω
795 1703 884 1751 τόν
930 1699 1247 1774 ἀθεώρητον,
1298 1705 1386 1755 τὸν
1449 1704 1618 1761 πάντη
1671 1702 1808 1766 ξένον
1840 1702 1922 1754 ἀν-

316 1787 559 1859 θρωπίνῳ
584 1795 658 1856 τῷ
680 1786 939 1861 λογισμῷ,
1002 1793 1090 1841 τὸν
1139 1786 1341 1843 ἀνίδεον
1397 1801 1460 1864 τῇ
1513 1792 1781 1859 αἰσθήσει,
1835 1795 1923 1845 τὸν

312 1872 613 1933 ἀνεννόητον
661 1879 837 1948 φύσει,
894 1880 982 1928 τὸν
1044 1878 1302 1953 ὑπερφυῆ,
1358 1882 1444 1932 τὸν
1502 1881 1744 1954 ύπέρθεον
1783 1901 1795 1913 ·
1832 1885 1921 1932 καὶ

310 1970 465 2015 τοῦτο
503 1965 705 2025 πάντως
736 1965 811 2026 εἰς
837 1968 926 2017 τὸν
951 1966 1115 2019 αύτοῦ
1167 1963 1433 2040 δοξασμὸν
1502 1989 1514 2002 ·
1566 1967 1791 2021 ἐντεῦθεν
1827 1974 1920 2027 τὴν

310 2055 403 2126 μὲν
432 2052 626 2126 τόλμαν
687 2053 948 2127 ἀμϐλύνας
988 2052 1082 2109 διὰ
1118 2064 1211 2109 τοῦ
1244 2056 1482 2133 θάρρους,
1528 2062 1585 2110 16
1634 2054 1694 2111 δε
1733 2060 1921 2134 θάρρος

310 2148 683 2215 παρακινήσας
738 2141 802 2203 τῆ
877 2149 1182 2219 προαιρέσει
1252 2153 1371 2220 περὶ
1432 2150 1709 2220 θεωνυμίας
1788 2148 1923 2200 οὕτω

313 2230 446 2303 βοῶ,
488 2235 576 2284 τὸν
630 2241 722 2294 τῆς
798 2233 1054 2295 εὐσεϐείας
1104 2238 1303 2311 καρπὸν
1365 2244 1474 2297 τοῖς
1530 2234 1793 2289 εύσεϐέσιν
1855 2238 1923 2297 ὡς

308 2319 534 2394 ἀρίστην
590 2317 916 2375 πανδαισίαν
976 2326 1309 2397 προθέμενος.
1364 2326 1458 2376 Διά
1514 2332 1667 2377 τοῦτο
1725 2330 1797 2398 μὴ
1857 2334 1919 2398 τῇ

2030 633 2322 705 Equidem
2351 642 2454 692 aut
2477 652 2616 692 cum
2642 636 2800 692 illius
2829 635 3109 693 facultate
3135 638 3238 691 aut
3267 635 3329 691 in
3367 634 3489 691 oris
3515 650 3688 708 aper-

2029 721 2208 789 tione,
2238 723 2388 779 sicut
2409 724 2646 793 Paulus,
2667 725 2879 781 laudes
2904 724 3146 781 meritas
3178 723 3607 796 pronuntiabo,
3632 727 3690 780 et

2029 809 2473 884 impedimentis
2519 814 2748 870 evitatis
2805 813 3092 882 mediam,
3150 812 3406 885 ideoque
3457 810 3687 868 bonam

2030 899 2190 955 viam
2215 915 2453 973 sequar,
2486 901 2817 957 secundum
2848 901 3287 957 inhabitantem
3317 900 3599 969 gratiam,
3627 903 3688 956 et

2032 1004 2206 1045 sacra
2244 990 2547 1062 Scriptura
2576 989 2729 1047 duce
2756 995 2813 1047 et
2855 990 3103 1045 scientia
3155 991 3423 1062 auspice,
3488 1004 3686 1045 rorem

2031 1082 2088 1135 et
2112 1082 2309 1147 guttas
2332 1079 2581 1151 Spiritus
2604 1079 2792 1135 divini
2811 1094 2926 1151 ope
2948 1094 3053 1151 per
3067 1077 3338 1148 linguam
3354 1075 3413 1133 di
3424 1076 3686 1143 stillabo,

2031 1171 2088 1223 et
2113 1166 2347 1224 vocabo
2373 1184 2511 1223 eum
2532 1168 2635 1240 qui
2666 1166 2977 1223 invisibilis
3002 1171 3091 1223 est
3115 1171 3171 1222 et
3217 1164 3539 1223 intellectui
3580 1165 3689 1221 hu-

2030 1272 2215 1313 mano
2240 1256 2633 1327 inaccessum,
2668 1273 2705 1312 a
2729 1256 3003 1312 sensibus
3051 1255 3336 1321 alienum,
3398 1269 3689 1328 suprana-

2029 1344 2305 1409 turalem,
2336 1362 2470 1401 vere
2502 1344 2906 1417 Deum,idque
2936 1343 3201 1400 unicead
3221 1343 3350 1414 ejus
3390 1343 3641 1415 gloriam
3671 1360 3685 1409 ;

2029 1439 2089 1490 et
2116 1434 2200 1490 sic
2228 1433 2569 1490 divinorum
2588 1434 2903 1489 nominum
2920 1432 3272 1489 celsitudine
3295 1432 3445 1487 ﬁsus
3469 1446 3680 1487 vocem

2031 1538 2231 1579 meam
2256 1522 2419 1591 tollo,
2450 1528 2507 1578 et
2532 1522 2764 1595 pietatis
2810 1520 3067 1577 fructum
3092 1521 3209 1592 piis
3252 1520 3443 1592 dapes
3484 1519 3681 1575 lautas

2032 1610 2236 1667 oﬂ'ero.
2268 1612 2431 1667 Hanc
2460 1610 2540 1667 ob
2571 1626 2818 1666 causam
2858 1610 2963 1683 qui
3005 1609 3166 1680 legit,
3224 1624 3348 1665 non
3380 1607 3576 1664 solum
3604 1609 3691 1663 in-

2032 1700 2191 1771 genii
2218 1716 2473 1757 acumen
2505 1699 2832 1770 augebit,at
2859 1699 2945 1754 rei
2966 1697 3429 1773 profunditatem
3467 1701 3689 1752 scrute-

2032 1794 2129 1845 tur
2148 1795 2205 1846 et
2225 1788 2560 1847 secundum
2590 1789 2740 1844 vires
2765 1791 3045 1860 exponat.
3072 1786 3187 1843 Sed
3214 1786 3533 1843 nominum
3562 1784 3687 1840 illo-

1964 1893 2003 1946 Β
2030 1895 2167 1935 rum
2192 1877 2559 1949 signiﬁcatus
2586 1878 2768 1934 aliam
2797 1878 2977 1933 etiam
2999 1877 3125 1931 vim
3143 1875 3345 1932 habet.
3372 1878 3500 1931 Non
3526 1874 3687 1930 enim

2033 1968 2272 2026 fortuito
2298 1966 2580 2039 imposita
2605 1971 2761 2032 sunt,
2786 1966 2893 2022 sed
2921 1964 3239 2038 qualitates
3259 1963 3477 2019 divinae
3503 1964 3687 2034 maje-

2032 2057 2168 2112 stati
2203 2056 2561 2111 inhaerentes
2581 2054 2869 2110 indicant.
2896 2054 3040 2109 Hinc
3064 2068 3219 2125 opus
3246 2055 3542 2117 nostrum,
3564 2066 3689 2106 ma-

2030 2146 2196 2201 xima
2207 2161 2345 2201 cum
2358 2144 2575 2217 pietate
2590 2142 2962 2206 inchoatum,
2976 2138 3326 2196 hominibus
3342 2138 3456 2212 piis
3485 2154 3556 2195 ac
3572 2143 3691 2194 stu-

2031 2234 2222 2290 diosis
2252 2232 2530 2303 oblaturi,
2548 2231 2797 2304 Spiritus
2810 2231 3001 2286 sancti
3021 2229 3245 2286 auxilio
3258 2243 3330 2284 ac
3362 2227 3557 2298 gratia
3583 2227 3690 2283 rite

2032 2322 2326 2380 invocatis
2363 2338 2503 2378 cum
2532 2320 2752 2377 ﬁducia
2770 2320 2931 2376 hunc
2952 2319 3014 2375 in
3036 2318 3285 2374 modum
3317 2318 3687 2373 exordimur.

308 2408 443 2471 λέξει
476 2414 630 2481 μόνον
688 2412 714 2463 6
763 2409 1134 2483 ἀναγινώσκων
1180 2421 1273 2465 τοῦ
1321 2417 1436 2476 νοὸς
1490 2412 1710 2488 ἀργήσει
1778 2419 1872 2473 τὴν
1928 2412 2172 2487 δύναμιν,
2241 2410 2350 2463 ἀλλ’
2398 2410 2650 2485 έρευνάτω
2690 2413 2749 2461 τὸ
2812 2407 2997 2482 βάθος,
3056 2408 3083 2466 ὃ
3153 2412 3243 2459 καὶ
3296 2405 3582 2477 έξηγείσθω
3632 2408 3691 2457 τὸ

311 2500 454 2551 κατὰ
496 2494 721 2572 δύναμιν

310 2586 544 2661 ὀνόματα
606 2590 882 2661 ἕγκεινται,

782 2521 795 2534 '
846 2503 963 2573 ἔχει
1004 2497 1063 2553 δε
1115 2504 1145 2560 ἡ
1206 2510 1305 2554 τῶν
1363 2502 1627 2575 ὀνομάτων
1687 2508 1931 2577 σημασία
1964 2504 2137 2578 έτέραν
2186 2504 2304 2554 τινὰ
2350 2503 2620 2558 θειοτάτην

980 2589 1091 2642 ἀλλ’
1165 2590 1422 2667 ἐνεργείας
1489 2588 1847 2650 ὑποδηλοῦσιν
1929 2590 2302 2653 ύποδεικτικάς
2354 2599 2446 2651 τῆς
2517 2592 2658 2653 θείας
2710 2588 3105 2662 μεγαλειότητος
3158 2607 3171 2619 ·

2670 2521 2683 2533 ο
2725 2499 2784 2551 ού
2836 2501 2938 2571 γὰρ
2986 2496 3156 2558 ἁπλῶς
3211 2499 3302 2548 καί
3355 2499 3595 2566 τυχὸτως
3628 2496 3695 2546 τά

3233 2581 3328 2637 διὰ
3371 2591 3525 2636 τοῦτο
3575 2582 3694 2655 φιλ-

316 2675 555 2749 ευσεϐείᾳ
610 2676 770 2751 πολλῇ
830 2682 890 2731 τὸ
974 2682 1250 2753 σύνταγμα
1308 2682 1528 2754 θέμενοι,
1586 2685 1713 2755 πρὸς
1796 2686 1916 2745 τούς
1996 2681 2349 2754 ἐπιστήμονας
2421 2685 2512 2732 καὶ
2589 2679 2851 2753 φιλοθέους
2904 2681 2998 2735 τὴν
3050 2679 3227 2749 κρίσιν
3281 2672 3696 2734 ἐπανατείναντες

312 2769 411 2824 τὴν
432 2772 526 2817 τοῦ
552 2767 852 2839 Πνεύματος
871 2766 982 2842 χάρ
993 2788 1036 2820 ιν
1070 2770 1303 2831 ἱκετικῶς
1334 2769 1802 2845 προσκαλούμενοι,
1824 2773 1955 2845 μετά
1987 2771 2211 2847 θάρρους
2235 2774 2324 2823 καὶ
2348 2771 2647 2845 προθυμίας
2675 2769 2872 2821 ούτωσὶ
2902 2764 3281 2841 ἀπαρχόμεθα.

386 2943 452 2995 Ὀ
483 2948 613 3005 Θεὸς
660 2966 673 2978 ·
706 2946 733 2997 ὸ
764 2945 1046 3020 οἰκτίρμων
1098 2969 1111 2981 ·
1133 2948 1160 2999 6
1179 2951 1303 3011 τοὺς
1328 2948 1661 3024 οἰκτίρμονας
1691 2947 1926 3021 ἀγαπῶν.

314 3033 344 3083 ὸ
376 3037 550 3108 πατὴρ
582 3041 683 3085 τῶν
706 3033 988 3108 οἰκτιρμῶν
1018 3056 1031 3069 ·
1060 3037 1087 3088 ὸ
1136 3035 1405 3109 φιλόκαλος
1436 3058 1448 3069 ·
1502 3039 1527 3088 6
1584 3036 1871 3110 φιλάγαθος
1914 3059 1926 3070 ·

317 3123 346 3173 6
367 3121 790 3194 φιλὸσπλαγχνος
819 3145 831 3157 ο
866 3125 892 3175 6
912 3123 1069 3186 καλός
1096 3146 1108 3157 ·
1141 3126 1167 3177 6
1199 3122 1392 3197 ἀγαθός
1426 3147 1438 3159 ·
1470 3128 1495 3178 6
1522 3126 1885 3197 εύσπλαγχνος
1916 3148 1927 3159 ·
1972 3112 2012 3166 C
2046 3132 2251 3199 σταγὼν
2294 3134 2391 3188 τῆς
2438 3124 2794 3197 ἀγαλλιάσεως

314 3211 343 3297 6
388 3209 534 3262 έλεῶν
568 3232 580 3244 ·
612 3213 638 3263 6
670 3211 923 3273 ἐλεοποιὸς
954 3235 966 3246 '
994 3214 1020 3264 6
1074 3210 1382 3286 ἓλεοδοχεύς
1426 3232 1439 3245 ·
1497 3216 1523 3266 6
1561 3218 1792 3287 χορηγὸς
1839 3222 1930 3267 τοῦ

315 3298 485 3361 ελέους
511 3321 524 3333 '
551 3301 578 3351 6
607 3299 755 3352 ἇλεῶν
797 3306 921 3364 τούς
947 3301 1126 3365 ἀξίους
1151 3325 1163 3336 ·
1190 3303 1307 3355 καθ’
1348 3305 1402 3355 ὃν
1442 3304 1468 3355 6
1517 3303 1651 3366 ἓλεος
1692 3325 1702 3336 ·
1760 3300 1834 3357 δι’
1877 3304 1930 3356 ὃν

314 3387 495 3449 ὁὲλεος
524 3410 537 3422 ι
564 3385 637 3441 δι’
669 3390 731 3442 οὗ
757 3391 782 3441 6
813 3390 943 3452 ἕλεος
978 3413 991 3425 ·
1031 3393 1082 3444 έν
1195 3394 1222 3444 6
1257 3392 1392 3455 ἔλεος
1425 3414 1437 3426 ·
1494 3395 1519 3445 6
1579 3389 1787 3456 δίκαιος
1838 3416 1850 3427 ·
1904 3396 1929 3445 6

317 3475 669 3543 δικαιοδότης
701 3503 713 3514 ·
739 3483 764 3533 6
796 3478 1028 3547 δικάζων
1055 3505 1067 3517 ·
1093 3485 1119 3535 6
1152 3480 1305 3545 δίκας
1337 3486 1474 3556 ἄγων
1501 3527 1513 3539 .
1565 3486 1591 3536 6
1640 3481 1930 3546 καταδίκας

316 3569 523 3642 έπάγων
558 3592 570 3604 ·
604 3572 630 3623 6
683 3576 918 3644 φωτεινὸς
942 3594 955 3606 ο
1008 3574 1033 3625 ὁ
1061 3570 1366 3647 φωτοδὸτης
1391 3596 1402 3608 ο
1428 3577 1453 3627 6
1508 3579 1791 3648 φωτοποιός
1842 3597 1855 3608 ·
1903 3577 1928 3627 6

317 3661 604 3734 φωτάρχης
632 3682 645 3694 ·
679 3663 705 3713 6
734 3668 1116 3734 φωταυγαστὴς

313 3750 434 3819 γεύς
463 3792 474 3803 .
518 3751 543 3801 6
572 3750 859 3823 τηλεφανὴς
901 3773 913 3785 ·
949 3754 975 3804 6
1000 3756 1247 3826 πρύτανις
1296 3775 1307 3786 ·
1351 3755 1377 3805 6
1426 3757 1707 3827 προνομεύς
1732 3774 1744 3786 ·
1779 3755 1805 3805 6
1841 3773 1929 3806 τα-

314 3841 442 3909 μίας
465 3847 566 3890 τῶν
598 3837 808 3911 ἀγαθῶν
840 3836 1168 3914 δωρημάτων
1204 3864 1217 3875 ·
1251 3844 1277 3894 6
1322 3841 1564 3905 ἀνίκητος
1594 3864 1607 3876 ο
1660 3845 1685 3894 6
1734 3863 1932 3901 νικητι-

309 3931 397 3987 κὸς
433 3948 445 3960 '
479 3929 788 3992 όνικοποιός
821 3951 833 3963 ·
864 3931 890 3982 6
918 3933 1185 4007 νικάρχης
1216 3954 1227 3965 ·
1262 3930 1689 4007 ὸῦνικοδέσποτος
1713 3954 1725 3966 '
1768 3934 1794 3984 6
1838 3942 1929 3994 τῆς

312 4012 476 4078 δόξης
501 4013 764 4080 δεσπότης
794 4036 806 4049 ·
833 4021 859 4071 6
889 4023 1069 4095 κύριος
1094 4029 1193 4072 τῶν
1224 4026 1563 4097 κυριευόντων
1611 4043 1625 4055 ο
1684 4023 1709 4073 6
1766 4019 1928 4094 βασι-

306 4104 424 4167 λεύς
478 4114 580 4157 τῶν
627 4106 1012 4180 βασιλευόντων
1078 4130 1090 4142 ·
1148 4110 1173 4161 6
1220 4114 1347 4171 Θεὸς
1425 4119 1524 4162 τῶν
1578 4111 1926 4184 νομιζομένων

309 4198 435 4248 θεῶν
461 4218 474 4230 -
500 4198 526 4249 6
553 4198 769 4271 ἔλεγχος
808 4209 908 4251 τῶν
954 4197 1175 4258 δοκήσει
1218 4223 1229 4233 ·
1269 4202 1295 4252 6
1348 4206 1608 4275 συνίστωρ
1664 4211 1758 4262 τῆς
1806 4201 1928 4259 ἀλη-

311 4286 450 4345 θείας
473 4307 485 4319 -
517 4288 541 4337 6
566 4292 753 4360 κριτὴς
780 4290 804 4339 6
829 4286 1311 4363 ἀπροσωπόληπτος
1345 4311 1356 4323 '
1390 4294 1446 4342 16
1499 4288 1651 4363 βῆμα
1685 4296 1741 4343 τό
1812 4288 1930 4343 ἀδέ-

306 4393 504 4427 καστον
553 4397 565 4409 ·
617 4378 643 4427 6
690 4376 944 4438 ἀλάθητος
985 4378 1242 4452 ὀφθαλμὸς

1173 3684 1185 3696 ⁸
1234 3666 1259 3715 6
1313 3672 1413 3716 τῶν
1462 3670 1641 3737 φώτων
1673 3684 1927 3738 παραγω-

1294 4402 1306 4414 ο
1340 4383 1395 4432 τὸ
1416 4376 1698 4452 πανδερκές
1732 4382 1878 4453 ὄμμα
1910 4388 1922 4399 ⁸

307 4464 335 4513 6
366 4467 435 4513 ὧν
469 4503 480 4514 .
518 4466 543 4516 ό
572 4467 810 4541 ἄναρχος
847 4510 859 4521 .
882 4469 908 4519 ό
932 4466 1167 4529 ἀναίτιος
1199 4490 1212 4501 ο
1278 4470 1304 4520 6
1352 4467 1643 4542 ἀθεώρητος
1676 4490 1688 4502 ·
1733 4471 1758 4520 6
1803 4469 1923 4540 ύψι-
1964 4469 2008 4521 D
2040 4466 2277 4527 ἀσώτους
2320 4464 2728 4537 ἀνακαλούμενος
2776 4484 2788 4495 ·

310 4571 434 4613 στος
458 4575 470 4586 '
504 4554 530 4605 6
560 4552 931 4617 ἀκατάληπτος
965 4578 977 4589 ·
1012 4558 1037 4608 6
1065 4555 1454 4633 ἀπερίγραπτος
1507 4579 1518 4591 ·
1562 4560 1587 4610 6
1615 4559 1879 4629 ἄγνωστος
1908 4581 1920 4592 ·

308 4645 338 4695 6
390 4642 599 4717 ἀσαφής
630 4666 643 4678 ο
674 4646 700 4697 6
733 4650 921 4709 σκότος
950 4650 1091 4720 ἔχων
1121 4648 1417 4722 περικύκλῳ
1458 4649 1619 4702 αὑτοῦ
1665 4672 1677 4684 ·

312 4730 665 4805 ἀγαθωσύνης
688 4734 856 4808 βάθος
890 4759 901 4770 ·
936 4740 966 4796 ἡ
1008 4744 1153 4810 πηγὴ
1186 4748 1286 4791 τῶν
1332 4738 1658 4814 δωρημάτων
1691 4758 1703 4770 ·
1762 4743 1792 4798 η
1826 4740 1925 4792 αύ-

307 4823 484 4883 τοζωή
513 4845 524 4857 ·
548 4827 579 4883 ἡ
611 4825 718 4886 ζωή
754 4847 766 4858 ·
799 4822 872 4879 δι’
908 4827 962 4877 ὃν
994 4829 1049 4879 αἱ
1077 4828 1211 4889 ζωαί
1246 4850 1258 4861 ·
1295 4824 1367 4880 δι’
1399 4829 1459 4881 οὗ
1485 4831 1539 4880 αὶ
1567 4830 1700 4890 ζωαί
1735 4852 1746 4862 ·
1778 4830 1843 4891 εἰς
1873 4831 1926 4883 ὃν

306 4914 378 4965 τά
406 4915 577 4965 πάντα
600 4936 611 4947 ·
642 4916 667 4965 ό
695 4913 1056 4987 ἀμετάπτωτος
1082 4920 1235 4989 φύσει
1259 4916 1324 4973 .’ὸ
1353 4920 1606 4992 ἄτρεπτος
1630 4927 1692 4992 τῇ
1723 4920 1879 4991 οὐσίᾳ
1912 4964 1924 4976 .

1728 4654 1787 4702 τὸ
1831 4661 1927 4713 τῆς

308 5004 337 5054 6
390 5000 733 5065 ἀναλλοίωτος
787 5007 940 5077 φύσει
971 5027 983 5039 ο
1016 5008 1042 5058 6
1073 5007 1340 5082 αὐτάρκης
1374 5030 1386 5040 ·
1421 5009 1445 5059 6
1476 5008 1667 5071 τέλειος
1696 5031 1707 5042 '
1743 5011 1767 5060 6
1794 5009 1927 5063 τελε-

306 5097 612 5165 ταρχικός·
647 5095 672 5145 6
723 5096 1031 5169 ύπερούσιος
1088 5117 1101 5129 ·
1152 5098 1177 5148 6
1226 5099 1473 5171 ύπέρθεος
1522 5120 1533 5131 '

305 5178 398 5242 θος
435 5202 446 5214 ·
480 5184 505 5234 ό
547 5184 840 5257 ύπέρφωτος
874 5206 886 5218 '
922 5187 947 5237 6
977 5186 1305 5261 τηλεπρεπὴς

300 5270 508 5332 ἐντελής
560 5294 572 5306 ·

1587 5100 1611 5150 6
1670 5101 1929 5173 ὑπεράγα-

1364 5209 1375 5219 ·
1429 5189 1453 5239 6
1514 5187 1777 5263 ζωοφὸρος
1830 5210 1841 5222 ·
1901 5192 1926 5242 6

643 5274 669 5325 6
694 5273 936 5336 πλάστης
968 5296 981 5308 ·
1026 5277 1052 5327 6
1101 5272 1431 5349 δημιουργὸς
1463 5299 1475 5310 ·
1510 5279 1535 5329 6
1595 5278 1786 5349 γλυκύς
1843 5276 1923 5331 δε-

302 5364 503 5449 σπότης
532 5384 546 5396 ο
578 5363 604 5414 6
663 5360 1057 5440 πωλοδομὴτωρ
1109 5388 1121 5398 ·
1160 5367 1185 5417 6
1212 5363 1487 5438 ὑψιμέδων
1518 5390 1530 5401 ·
1565 5369 1591 5419 6
1637 5368 1793 5431 ξένιος
1828 5390 1839 5401 ·
1896 5371 1921 5420 6

300 5446 474 5510 ίὶανός
506 5472 520 5483 ·
544 5452 571 5503 6
600 5456 761 5525 μέγας
789 5474 802 5486 ·
843 5455 869 5505 6
907 5453 1134 5529 ἰσχυρὸς
1168 5476 1180 5487 ·
1216 5456 1240 5506 6
1270 5454 1620 5528 ἰσχυροποιὸς
1661 5478 1673 5490 ·
1728 5458 1753 5508 6
1795 5455 1924 5509 ἀθά-

294 5554 449 5601 νατος
483 5557 496 5570 ⁸
530 5542 675 5593 ὸτῶν
706 5546 861 5595 ὄντων
890 5547 1235 5619 παραγωγεύς
1266 5566 1279 5578 '
1320 5546 1345 5597 6
1376 5553 1472 5607 τῆς
1519 5546 1641 5607 ύλης
1695 5552 1786 5599 καὶ
1830 5555 1923 5599 τοῦ

298 5624 476 5689 εἴδους
526 5630 753 5693 ἐνοποιός
802 5675 815 5688 .
864 5636 923 5685 τὸ
981 5631 1269 5709 ἀρχέγονον
1310 5636 1439 5707 φάος
1488 5656 1501 5668 '
1567 5638 1595 5694 ἡ
1629 5640 1772 5707 πηγὴ
1830 5644 1921 5697 τῆς

298 5714 653 5790 ἀγαθωσύνης
697 5742 711 5755 ·
760 5723 791 5780 ἠ
852 5721 1144 5797 πλημμύρα
1192 5731 1291 5775 τῶν
1342 5720 1669 5799 δωρημάτων
1722 5748 1735 5759 ·
1768 5728 1794 5778 6
1822 5746 1917 5779 πο-

2040 2951 2202 3021 ταμὸς
2250 2956 2344 3009 τῆς
2388 2947 2710 3021 εὐφροσύνης
2742 2967 2755 2979 ο
2810 2946 2836 2997 ὸ
2888 2943 3013 3019 ῥοῦς
3058 2944 3085 2994 6
3142 2941 3349 3003 ἀένναος
3390 2948 3484 3001 τῆς
3562 2939 3699 3013 εύερ-

2041 3044 2223 3108 γεσίας
2258 3060 2269 3071 ·
2306 3040 2334 3096 ἡ
2378 3036 2523 3097 ἀκτὶς
2562 3039 2591 3095 ἠ
2634 3035 2776 3097 έκτὸς
2837 3031 3260 3091 ἀντωακλήσεως
3310 3030 3568 3102 θέλγουσα
3603 3051 3617 3063 ο
3661 3032 3691 3088 ἡ

2849 3145 2861 3156 ·
2912 3126 2968 3174 τὸ
3016 3121 3238 3192 πέλαγος
3272 3127 3365 3180 τῆς
3422 3121 3695 3191 μακροθυ-

3061 3233 3074 3245 ο
3128 3209 3430 3273 ἀνεξίκακος
3470 3230 3482 3242 '
3530 3210 3555 3260 6
3614 3228 3699 3280 με·

2043 3221 2171 3287 μίας
2205 3239 2217 3250 ο
2252 3219 2278 3268 6
2309 3217 2643 3289 μακρόθυμος
2696 3236 2708 3248 '
2771 3216 2797 3265 6
2835 3212 3001 3287 πραΰς

2039 3315 2232 3358 τανοῶν
2258 3308 2342 3358 ἐπὶ
2396 3310 2610 3366 κακίαις
2654 3301 2932 3378 ἀνθρώπων
2963 3324 2975 3334 ·
3025 3303 3051 3353 6
3078 3304 3393 3373 πρωταίτιος
3425 3320 3437 3331 ·
3489 3301 3518 3356 ἠ
3561 3298 3698 3369 λάμ-

2038 3395 2132 3466 ψις
2162 3398 2192 3454 ἡ
2224 3398 2411 3456 ἄσκιος
2460 3417 2473 3428 ·
2524 3396 2549 3446 6
2576 3396 2868 3467 προνοητής
2896 3413 2909 3425 υ
2945 3393 2970 3442 6
2998 3394 3175 3464 ἔφορος
3213 3432 3225 3445 .
3272 3391 3296 3441 6
3327 3387 3647 3462 κυϐερνήτης
3679 3409 3691 3420 ·

2039 3485 2241 3558 ὁλιμὴν
2286 3494 2386 3538 τῶν
2438 3487 2833 3557 χειμαζομένων
2875 3497 2889 3510 ·
2948 3482 2978 3538 ἡ
3033 3478 3233 3552 γαλήνη
3287 3487 3387 3530 τῶν
3442 3473 3701 3529 κλυδωνι-

2372 3576 2402 3633 ἡ
2453 3573 2706 3645 ἀναψυχὴ
2761 3580 2861 3625 τῶν
2888 3567 3211 3642 ὁδυνομένων
3264 3589 3277 3601 ·
3320 3569 3350 3626 ἡ
3407 3566 3697 3640 ἐπιστροφὴ

2038 3673 2139 3718 τῶν
2209 3664 2605 3739 ἁμαρτανόντων
2648 3684 2660 3695 ·
2712 3664 2737 3713 6
2795 3656 2990 3721 ἄδυτος
3032 3658 3176 3719 ἣλιος
3226 3671 3242 3687 ’
3309 3658 3339 3715 ἠ
3399 3656 3608 3729 λαμπὰς
3666 3656 3697 3713 ἡ

2038 3752 2292 3815 ἄσϐεστος
2322 3755 2384 3805 ⁸ὸ
2435 3749 2619 3811 διδούς
2674 3759 2776 3823 φῶς
2824 3757 2935 3811 τοῖς
2981 3747 3029 3801 έν
3083 3752 3257 3800 σκότει
3314 3768 3326 3779 ·
3369 3748 3427 3798 16
3480 3743 3700 3798 ἀνέσπε-

2036 3860 2125 3915 ρον
2160 3841 2306 3902 σέλας
2331 3863 2343 3874 ο
2394 3842 2420 3892 6
2448 3839 2672 3912 γαληνὸς
2707 3856 2719 3867 ·
2764 3840 2790 3889 6
2840 3836 3185 3907 γαληνοποιός
3244 3856 3256 3867 ·
3299 3836 3328 3892 ἡ
3384 3838 3695 3906 παγκρατὴς

2036 3930 2251 4002 παλάμη
2286 3972 2297 3984 .
2332 3931 2358 3981 6
2412 3924 2753 3999 παιδαγωγὸς
2801 3933 2900 3977 τῶν
2949 3925 3245 3982 αἰσθήσεων
3290 3944 3303 3956 ·
3348 3924 3379 3981 ἡ
3428 3921 3697 3997 βακτηρία

2970 4023 3062 4075 τῆς
3120 4012 3306 4086 ἀρετῆς
3359 4014 3385 4064 ό
3435 4008 3699 4065 διδάσκα-

3335 4122 3348 4133 ”
3391 4102 3417 4152 6
3472 4096 3702 4173 νομοδὸ-

2043 3578 2266 3647 ζομένων
2298 3596 2310 3609 ·

2036 4028 2132 4081 τῆς
2187 4019 2454 4081 ἀσθενείας
2502 4026 2598 4078 τῆς
2656 4019 2856 4089 φύσεως
2897 4036 2910 4048 ·

2035 4106 2122 4170 λος
2154 4129 2166 4140 ·
2200 4116 2295 4168 τῆς
2320 4113 2505 4167 κακίας
2535 4108 2560 4157 6
2592 4105 2810 4177 ἔλεγχος
2872 4125 2884 4137 ·
2937 4104 2963 4155 6
3001 4103 3283 4175 νομοθέτης

2036 4216 2127 4258 της
2152 4220 2164 4230 ·
2199 4199 2223 4249 6
2254 4196 2550 4270 νομοφύλαξ
2572 4218 2583 4229 ·
2610 4197 2635 4247 6
2666 4193 2918 4254 σεϐαστός
2966 4210 2977 4224 '
3038 4194 3063 4244 6
3115 4190 3347 4254 σεϐαζων

2245 4308 2258 4321 ο
2312 4289 2343 4345 ἡ
2410 4283 2534 4349 ὁδός
2563 4294 2660 4347 τῆς
2701 4285 2842 4345 ζωῆς
2866 4305 2878 4317 '
2912 4285 2942 4341 ἡ
2992 4281 3329 4342 ἀνεκλάλητος
3363 4276 3602 4353 θυμηδία
3627 4300 3638 4311 ·
3670 4280 3695 4330 6

2836 4382 2930 4434 τῆς
2977 4369 3215 4432 διανοίας
3271 4373 3297 4422 6
3345 4370 3557 4441 ἔλεγχος
3603 4390 3615 4402 ·
3674 4370 3700 4419 6

2850 4464 2875 4513 6
2920 4457 3183 4514 παιδεύων
3244 4464 3335 4512 καὶ
3410 4464 3471 4517 τὴ
3548 4460 3699 4511 θανα-

3214 4570 3227 4583 ο
3272 4550 3298 4600 6
3339 4545 3607 4621 δεσμεύων
3646 4546 3696 4598 ἐν

3409 4212 3422 4224 ·
3479 4192 3504 4241 ὁ
3552 4188 3704 4242 σεϐά-

2040 4306 2190 4359 σμιος

2042 4385 2137 4429 τῶν
2189 4386 2430 4451 κρυπτῶν
2482 4381 2717 4447 γνώστης
2769 4391 2780 4403 ⁸

2037 4565 2136 4607 τῶν
2172 4576 2184 4588 ·
2218 4557 2243 4607 6
2274 4556 2515 4626 κατάγων
2546 4554 2612 4614 εἰς
2650 4549 2784 4623 ᾅδου
2831 4555 2920 4602 καὶ
2952 4548 3152 4621 ἀνάγων

2039 4643 2278 4697 ἀσθενεία
2318 4666 2331 4677 ο
2375 4645 2400 4695 6
2441 4641 2677 4695 ἀπολύων
2718 4639 2766 4693 ἐν
2809 4636 3095 4711 δυναστείᾳ
3138 4659 3151 4672 ·
3192 4640 3218 4689 6
3256 4640 3637 4712 τροπαιοφόρος
3678 4657 3691 4669 ·

2038 4735 2063 4785 6
2103 4740 2460 4808 τροπαιοῦχος
2489 4754 2501 4766 ·
2546 4734 2571 4783 6
2622 4727 2915 4801 διοσημίας
2954 4736 3113 4780 ποιῶν
3145 4749 3159 4761 ο

2756 4822 2781 4872 6
2848 4820 3020 4894 ἰατρὸς
3077 4828 3177 4872 τῶν
3232 4818 3425 4889 ψυχῶν
3456 4820 3545 4868 καὶ
3598 4825 3699 4868 τῶν

3212 4729 3237 4779 6
3289 4729 3590 4798 θαυμαστός
3621 4747 3633 4759 ·
3670 4727 3696 4776 6

2036 4834 2200 4895 τιμῶν
2255 4827 2376 4884 τούς
2448 4822 2627 4885 ἀξίους
2682 4841 2695 4854 ο

2041 4917 2293 4986 σωμάτων
2342 4916 2487 4986 ἡμῶν
2546 4934 2558 4945 ·
2628 4913 2653 4962 6
2705 4917 2984 4981 πανταχοῦ
3030 4914 3208 4983 παρών
3266 4930 3278 4941 ·
3340 4910 3364 4959 6
3413 4911 3481 4959 τά
3531 4909 3699 4959 πάντα

2037 5004 2247 5078 πληρῶν
2282 5026 2293 5037 ·
2338 5006 2363 5055 6
2396 5005 2663 5076 θησαυρὸς
2683 5010 2782 5052 τῶν
2810 4999 3018 5071 ἀγαθῶν
3052 5020 3065 5033 ·
3096 5001 3121 5051 6
3191 5000 3327 5059 ζωῆς
3379 5004 3618 5071 χορηγός
3686 5019 3698 5031 -

2038 5096 2068 5151 ἠ
2102 5098 2339 5165 γέννησις
2372 5102 2473 5145 τῶν
2507 5089 2658 5145 ἰδεῶν
2692 5108 2704 5120 ·
2740 5092 2765 5141 6
2791 5092 2989 5150 άποσος
3029 5111 3041 5122 ·
3095 5091 3119 5140 6
3177 5088 3589 5161 ἀσχημάτιστος
3631 5110 3643 5121 '
3678 5090 3703 5139 6

2039 5180 2242 5244 ἀνίδεος
2279 5184 2348 5234 .6
2401 5181 2556 5254 ἐγγύς
2586 5190 2647 5254 τῇ
2684 5179 2904 5251 δυνάμει
2937 5200 2949 5211 ·
3016 5180 3041 5230 6
3094 5178 3269 5253 πόῤῥω
3329 5174 3423 5229 διὰ
3474 5183 3566 5235 τὴν
3615 5180 3735 5249 φύη

2041 5292 2122 5324 σιν
2147 5295 2158 5306 ·
2194 5276 2219 5325 6
2246 5278 2397 5347 μόνος
2426 5273 2577 5344 ἁγνός
2606 5294 2618 5305 ·
2650 5273 2675 5323 6
2706 5270 2932 5341 ἁγνίζων
2982 5290 2994 5302 ·
3047 5272 3072 5320 6
3113 5275 3263 5341 μόνος
3314 5270 3542 5341 καθαρός
3600 5290 3611 5301 ·
3674 5271 3699 5320 6

2036 5369 2156 5426 τοὺς
2194 5368 2455 5440 καθαρούς
2485 5366 2820 5438 προσιέμενος
2878 5382 2889 5393 '
2951 5363 3009 5411 16
3068 5362 3386 5434 καθαρτικὸν
3434 5367 3537 5432 πῦρ
3607 5380 3620 5391 ο
3665 5360 3695 5417 ἠ

2581 5474 2594 5486 ο
2654 5456 2712 5503 τὸ
2744 5447 2889 5524 ὕδωρ
2947 5453 3004 5501 1'6
3058 5452 3306 5523 καθαῖρον
3367 5452 3484 5510 τούς
3548 5448 3702 5521 μολυ-

3490 5542 3519 5599 ἡ
3575 5540 3703 5614 ῥίζα

3231 5652 3244 5664 ·
3296 5634 3354 5682 16
3408 5628 3699 5704 ἀμέτρητον

2036 5452 2162 5525 φλὸξ
2190 5456 2219 5512 ἡ
2268 5456 2519 5514 ἄστεκτος

2037 5548 2202 5616 σμούς
2234 5567 2246 5578 '
2276 5549 2334 5597 16
2375 5547 2662 5617 ἀκρότατον
2706 5541 2878 5615 ἐφετὸν
2912 5562 2924 5574 ·
2969 5542 2994 5593 6
3035 5544 3363 5615 παντουργός
3417 5562 3429 5574 ο

2034 5637 2209 5695 πάσης
2239 5635 2516 5697 ὸντὸτητος
2539 5656 2551 5667 ·
2585 5637 2643 5687 τό
2696 5632 2988 5707 ἀθεώρητον
3043 5630 3173 5702 ὕψος

2033 5724 2203 5797 βάθος
2236 5767 2250 5784 .
2282 5728 2308 5778 6
2336 5724 2531 5798 ἀναφὴς
2552 5764 2565 5778 .
2595 5725 2621 5776 ὸ
2644 5726 2983 5795 πηγαστικός
3017 5742 3030 5755 ο
3086 5722 3112 5773 6
3159 5721 3315 5794 λόγου
3378 5725 3656 5796 παραίτιος
3684 5747 3697 5759 -
