4468 6450
309 397 419 468 πθ

737 620 764 671 6
793 623 1012 691 γνώμων
1041 622 1132 677 τῆς
1186 612 1425 673 ἀληθείας
1457 627 1470 640 ⁸
1531 612 1556 664 6
1599 615 1764 664 κανὼν
1828 621 1921 675 τῆς

721 709 751 766 ἠ
827 708 1032 780 στάθμη
1070 705 1100 763 ἠ
1139 700 1516 777 ἀπαρίγκλίτος
1576 715 1591 732 ⁸
1655 703 1716 755 τὸ
1775 697 1920 775 ὕδωρ

734 798 760 849 ό
790 803 952 849 ποιῶν
978 796 1099 855 τοὺς
1170 790 1418 864 ἀγγέλους
1462 789 1622 844 αὐτοῦ
1689 792 1920 863 πνεύμα·

309 641 414 672 νων
452 627 526 690 τῷ
554 617 657 692 βίῳ
688 634 702 649 ⁸

311 708 601 770 εὐθύτητος
647 724 663 740 ⁸

309 805 408 850 τοῦ
437 796 653 870 έλεγμοῦ
685 813 699 828 ⁸

309 906 382 939 τα
412 904 428 921 ⁸
459 888 486 938 6
514 889 634 947 τούς
657 885 988 959 λειτουργούς
1024 883 1188 936 αὐτοῦ
1232 883 1398 957 πυρός
1436 879 1598 953 φλόγα
1629 900 1642 914 ⁸
1699 881 1724 931 6
1779 881 1922 953 θεμε·

307 975 435 1027 λιῶν
464 979 558 1034 τὴν
617 981 716 1046 γῆν
769 972 854 1027 έπὶ
886 977 982 1032 τήν
1033 969 1313 1044 ἀσφάλειαν
1366 969 1530 1031 αὐτῆς
1583 990 1596 1003 ⁸
1661 970 1687 1020 6
1743 967 1921 1031 ἐξανα-

308 1063 498 1117 τελλων
523 1067 720 1138 χόρτον
745 1068 855 1123 τοῖς
912 1065 1152 1120 κτήνεσιν
1207 1076 1222 1091 ⁸
1274 1061 1300 1111 6
1359 1056 1528 1130 χλόην
1590 1064 1652 1130 τῇ
1711 1053 1922 1130 δουλεία

309 1161 414 1205 τῶν
447 1151 727 1228 ἀνθρώπων
769 1167 783 1182 ⁸
816 1153 842 1204 6
898 1149 1184 1224 ἁπτόμενος
1239 1155 1340 1201 τῶν
1395 1146 1550 1221 όρέων
1605 1151 1696 1199 καὶ
1743 1152 1920 1200 καπνί·

312 1242 503 1304 ζοντας
534 1258 547 1272 ⁸
576 1242 603 1293 6
635 1236 823 1302 διδούς
849 1241 995 1312 πάσῃ
1033 1243 1191 1312 σαρκὶ
1217 1241 1410 1310 τρορην
1465 1250 1480 1266 ⁸
1511 1237 1536 1288 6
1596 1231 1872 1297 σιτοδότης
1901 1252 1914 1266 ⁸

310 1348 338 1382 ο
373 1325 738 1402 νομοδοτὴσας
773 1331 862 1381 τόν
911 1327 1126 1403 Ἰσραήλ
1153 1341 1167 1358 ⁸
1227 1327 1254 1378 6
1293 1326 1535 1400 ύπέρθεος
1596 1340 1608 1355 ⁸
1643 1325 1669 1376 6
1733 1322 1919 1399 κλῆρος

308 1427 412 1471 τῶν
472 1416 800 1491 φοϐουμένων
855 1416 1006 1470 αύτόν
1058 1431 1073 1447 ⁸
1131 1417 1160 1474 η
1227 1414 1412 1468 αἰωνία
1455 1418 1557 1477 ζωή
1605 1433 1617 1447 ⁸
1652 1415 1679 1465 6
1722 1411 1917 1476 οῖσυλος

309 1508 576 1581 θησαυρός
617 1523 630 1538 ⁸
684 1508 711 1559 6
745 1505 1046 1580 έπιστήμων
1099 1520 1116 1536 ⁸
1169 1506 1196 1556 6
1242 1507 1542 1577 προτρέπων
1593 1509 1862 1576 προφήτας
1901 1519 1914 1533 ⁸

305 1595 335 1646 6
371 1593 573 1649 τελειῶν
615 1595 764 1668 ἱερεῖς
793 1611 804 1624 ⁸
835 1613 862 1647 ο
931 1595 1216 1668 ἱερωσύνην
1277 1593 1634 1664 νομοθετήσας
1685 1607 1698 1620 ⁸
1751 1611 1778 1644 ο
1833 1592 1919 1644 θυ-

952 1685 978 1737 6
1003 1688 1271 1754 γινώσκων
1308 1685 1374 1736 τά
1425 1685 1595 1735 πάντα
1625 1684 1694 1745 ως
1745 1677 1920 1742 οὐδεὶς

307 1774 362 1827 ἓν
393 1790 407 1804 ⁸
448 1775 474 1826 6
501 1776 704 1846 ἀνάγων
762 1769 908 1846 ὕδωρ
961 1770 1011 1826 έν
1049 1780 1164 1833 ταῖς
1219 1771 1441 1844 νεφέλαίς
1477 1790 1492 1805 ⁸
1548 1773 1573 1824 6
1627 1773 1719 1834 τάς
1759 1768 1918 1846 έπάρ-

306 1879 416 1924 σεις
449 1870 542 1924 τῆς
577 1861 962 1935 πολυφλοίσϐου
1032 1859 1318 1936 συντρίϐων
1379 1859 1429 1914 έν
1457 1860 1622 1931 έαυτῴ
1662 1878 1674 1891 ⁸

301 1957 560 2025 τειχίζων
590 1956 684 2010 τὴν
717 1950 985 2005 θάλασσαν
1016 1950 1220 2024 ψάμμῳ
1256 1967 1274 1986 ⁸
1310 1952 1336 2003 6
1375 1947 1664 2024 θυμόδοξος
1693 1967 1708 1982 ⁸
1741 1951 1767 2002 6
1826 1953 1918 2004 θυ-

301 2039 672 2116 μοδόξαστος⁸
710 2060 736 2095 ο
761 2038 1054 2116 κυδοφόρος
1087 2063 1100 2074 ⁸
1145 2059 1171 2094 ο
1239 2039 1495 2116 ἀκέστωρ⁸
1529 2060 1554 2094 ο
1618 2045 1788 2115 σωτὴρ
1829 2049 1920 2096 τοῦ

304 2137 512 2205 κόσμου
547 2149 560 2162 ⁸
597 2133 622 2183 6
654 2139 757 2203 φῶς
788 2131 941 2184 οἰκῶν
989 2147 1001 2160 ⁸
1036 2132 1062 2183 6
1092 2130 1376 2206 ἀπρόσιτος
1407 2149 1418 2160 ⁸
1475 2132 1501 2183 6
1539 2134 1769 2205 γεωργὸς
1821 2141 1921 2198 τῶν

304 2231 498 2298 φρενῶν
526 2237 538 2251 ⁸
572 2222 597 2273 ό
648 2216 824 2282 ἀίδιος
854 2237 868 2252 ⁸
915 2222 940 2273 6
973 2218 1254 2293 ἀνώλεθρος
1308 2237 1320 2250 ⁸
1377 2223 1402 2272 6
1466 2219 1799 2296 ἀπροσκορής
1840 2236 1853 2250 ⁸
1893 2223 1915 2273 ό

301 2307 548 2372 ἀνενδεὴς
583 2328 596 2341 ⁸
646 2312 672 2362 6
702 2308 1080 2385 ἀνυπέρϐλητος
1137 2325 1150 2339 ⁸

301 2419 553 2463 απτος.ο
609 2397 1022 2473 ἀχαταμάχητος
1087 2419 1100 2434 ·
1151 2418 1177 2452 ο
1230 2402 1512 2474 προνομεύς
1570 2420 1582 2433 ⁸
1643 2419 1668 2452 ο
1721 2402 1786 2453 τά
1817 2400 1916 2454 λει-

297 2491 552 2566 τουργικὰ
603 2487 793 2551 κτίζων
870 2492 1141 2562 πνεύματα
1193 2507 1208 2522 ⁸
1275 2491 1300 2541 6
1351 2484 1756 2563 ἀδωροδόκητος
1815 2505 1829 2520 ⁸
1886 2492 1913 2542 6

300 2574 783 2658 ἀπροσωπόληπτος
811 2595 824 2609 ⁸
865 2581 891 2632 6
943 2578 1208 2656 λυτρωτης
1260 2587 1352 2632 τοῦ
1389 2583 1591 2653 κόσμου
1625 2595 1638 2609 ⁸
1680 2581 1706 2631 6
1748 2578 1913 2652 βυθός

299 2679 396 2731 τῆς
427 2673 612 2743 σοφίας
645 2685 659 2700 ⁸
697 2671 724 2721 6
773 2670 944 2722 πάντα
998 2673 1128 2743 πρὸς
1178 2672 1238 2722 τό
1278 2672 1536 2742 συμφέρον
1588 2667 1867 2742 οἰκονομῶν
1894 2683 1910 2700 ⁸

301 2763 333 2818 ἡ
390 2757 530 2821 έλπὶς
598 2761 803 2812 πάντων
838 2768 937 2812 τῶν
995 2760 1230 2834 περάτων
1282 2767 1374 2820 τῆς
1437 2766 1534 2830 γῆς
1592 2774 1606 2790 ⁸
1639 2760 1666 2812 6
1718 2767 1914 2836 μετρῶν

308 1690 434 1748 σίας
495 1683 863 1757 ἀναλαμϐάνων
900 1700 912 1715 ⁸

1377 2223 1402 2272 6
1466 2219 1799 2296 ἀπροσκορής
1840 2236 1853 2250 ⁸
1893 2223 1919 2273 6

1223 2312 1248 2362 6
1308 2308 1627 2384 ἀσύγκριτος
1657 2327 1670 2342 ⁸
1705 2312 1731 2362 6
1764 2309 1919 2376 ἀσύν,

301 2851 392 2902 τόν
422 2848 638 2925 οὐρανόν
697 2849 936 2922 σπιθαμῇ
980 2865 992 2878 ⁸
1025 2849 1050 2900 6
1083 2841 1244 2923 δρακὶ
1281 2851 1521 2920 κατέχων
1567 2851 1659 2907 τὴν
1708 2857 1808 2920 γῆν
1838 2865 1850 2878 ⁸
1890 2849 1952 2912 ό.

303 2941 462 3013 ἄρτος
504 2943 595 3001 τῆς
632 2939 772 3001 ζωῆς
800 2954 813 2969 ⁸
846 2939 871 2990 6
899 2939 1059 3012 αἴρων
1093 2942 1185 2997 τὴν
1230 2937 1490 3012 ἁμαρτίαν
1528 2947 1620 2990 τοῦ
1655 2943 1857 3011 κόσμου
1895 2954 1908 2969 ⁸

305 3031 334 3082 6
371 3029 671 3103 προμηθεύς
710 3046 722 3058 ⁸
761 3029 788 3080 6
815 3027 1288 3102 καταλαμπτίφρων
1337 3044 1350 3058 ⁸

306 3118 528 3181 οἷσπιλος
564 3135 576 3149 ⁸
611 3120 637 3171 6
668 3116 876 3180 ἀπαθής
921 3132 936 3148 ⁸
969 3119 996 3170 6
1059 3122 1363 3180 61111161616;
1393 3132 1408 3148 ⁸
1444 3119 1471 3170 ὃ
1502 3115 1729 3190 βοηθός⁸
1763 3118 1788 3169 6
1818 3117 1914 3170 ἐνο-

304 3213 456 3272 ποιός
497 3223 512 3238 ⁸
548 3210 576 3260 6
625 3211 779 3282 μόνος
803 3206 1069 3284 λυτρωτής

303 3312 395 3361 τος
422 3299 556 3372 πρὸς
580 3301 768 3350 κακίαν
824 3309 838 3328 ⁸
895 3299 921 3349 6
974 3295 1172 3359 αἰνετός
1223 3313 1237 3328 ⁸
1275 3295 1301 3348 6
1355 3293 1771 3371 ὑπερυψούμενος
1823 3313 1836 3328 ⁸
1893 3298 1918 3350 6

300 3383 499 3461 λύχνος
531 3394 624 3442 τοῦ
663 3390 832 3460 φωτός
885 3401 899 3416 ⁸
957 3387 984 3439 6
1017 3385 1386 3460 πλαστουργός
1414 3403 1426 3416 ⁸
1468 3387 1494 3438 6
1549 3391 1767 3462 φρουρός
1821 3402 1837 3420 ⁸
1891 3388 1917 3439 ό

299 3479 609 3554 προστάτης
647 3492 661 3508 ⁸
692 3477 718 3529 6
745 3475 909 3550 φύλαξ
937 3491 950 3506 ⁸
986 3477 1012 3529 6
1058 3479 1573 3537 συνουσιοουσιωτὴς
1606 3492 1619 3507 ⁸
1650 3476 1676 3528 6
1703 3475 1864 3548 φίλιος
1895 3492 1908 3506 ⁸

299 3569 328 3620 6
357 3569 680 3640 νικαγωγεύς
705 3583 720 3598 ⁸
756 3568 782 3619 6
811 3563 1294 3640 λαμπαδιανάπτης
1345 3582 1362 3599 ⁸
1395 3567 1422 3619 6
1487 3562 1847 3629 τεινοδοκίδας
1900 3584 1914 3599 ⁸

298 3660 326 3712 6
365 3656 706 3732 βοθυνοποιός
737 3671 751 3686 ⁸
813 3657 841 3708 6
875 3651 1241 3719 πιθιοδείκτης
1274 3671 1288 3685 ⁸
1322 3657 1349 3709 6
1402 3659 1784 3730 κεντροπήκτης
1817 3673 1829 3686 ⁸
1889 3658 1914 3710 6

302 3748 734 3821 σφαιρεργατής·
776 3745 803 3797 6
841 3743 1184 3821 ἠλιοκινήτωρ
1219 3760 1234 3776 ⁸
1295 3743 1320 3798 6
1373 3751 1748 3818 μηναυγαστὴς
1809 3760 1822 3775 ⁸
1888 3747 1914 3798 6

298 3833 572 3895 πλανήτων
600 3831 848 3897 ὁδοποιός
874 3851 887 3866 ⁸
919 3835 945 3887 6
999 3835 1102 3896 ζῶν
1141 3850 1152 3862 ⁸
1192 3835 1218 3886 6
1270 3831 1352 3888 ἀεὶ
1407 3833 1509 3896 ζῶν
1541 3852 1554 3866 ⁸
1612 3835 1638 3886 6
1694 3837 1914 3898 ποιητὴς

299 3933 402 3980 τῶν
446 3924 674 3998 ἀγγέλων
707 3940 720 3954 ⁸
761 3925 788 3976 6
839 3923 1487 3998 ζωνοαφανοληγοτροπεύς
1539 3940 1552 3956 ⁸
1609 3925 1636 3976 6
1682 3920 1916 3984 ὴλδανο-

298 4017 433 4089 κεύς
461 4018 586 4086 (ita
621 4013 794 4086 cod.)
825 4031 838 4044 ⁸
870 4014 896 4066 6
920 4015 1608 4088 χθονερπιτονεμετεργάτης
1646 4029 1659 4044 ’

295 4125 460 4178 νυμος
490 4121 502 4135 ⁸
534 4106 560 4156 6
588 4103 926 4178 πολυώνυμος
967 4120 982 4135 ⁸
1016 4106 1042 4156 6
1081 4109 1418 4176 παντῶνυμος
1451 4119 1465 4133 ⁸
1499 4105 1526 4155 6
1556 4106 1749 4176 ἔποχος
1779 4105 1800 4173 (
1828 4104 1916 4160 ita

297 4195 472 4267 σθαι)
504 4196 847 4269 σώφροσύνης
877 4210 891 4224 ⁹
935 4194 961 4246 ὁ
991 4191 1232 4266 ἀνόμοιος
1275 4212 1288 4227 ⁸
1316 4193 1342 4246 6
1390 4193 1626 4255 ζωννύων
1675 4199 1788 4256 τοῖς
1819 4191 1918 4266 βα-

300 4283 537 4339 σιλεϋσιν
567 4283 728 4356 ἰσχύν
763 4299 776 4312 ⁸
819 4284 844 4336 6
874 4284 1250 4358 ύπερκέραυνος
1281 4299 1292 4312 ⁸
1345 4283 1371 4334 6
1404 4284 1536 4336 θέτιν
1593 4286 1780 4358 κρίνων
1833 4297 1848 4313 ⁸
1890 4283 1916 4334 6

297 4370 638 4447 ἀνδρομέδων
671 4389 686 4403 ⁸
724 4374 751 4425 6
781 4374 926 4435 66:6;
959 4389 972 4403 ⁸
1007 4373 1033 4424 6
1066 4370 1303 4433 ζηλωτής
1331 4389 1344 4402 ⁸
1375 4373 1400 4424 6
1431 4370 1647 4425 Σαϐαὼθ
1681 4387 1694 4402 ⁸
1730 4372 1756 4424 6
1788 4369 1921 4424 ἀπα-

294 4462 604 4536 ραλόγιστος
637 4483 652 4497 ⁸
703 4464 729 4514 6
757 4467 831 4536 μό
892 4464 1030 4534 ἔχων
1100 4459 1379 4534 ἀναλογίαν
1438 4477 1454 4493 ⁸
1516 4461 1542 4514 6
1592 4459 1918 4535 έτεροίότησι

293 4557 573 4616 ποιητικός
605 4568 618 4583 ⁸
648 4554 674 4606 6
704 4553 777 4614 εἷς
807 4550 856 4605 ἐν
885 4559 947 4624 τῇ
979 4553 1131 4624 φύσει
1165 4569 1177 4581 ⁸
1213 4553 1238 4603 6
1293 4552 1366 4614 εἷς
1417 4549 1466 4603 έν
1498 4557 1560 4622 τῇ
1619 4549 1866 4623 βασιλείᾳ
1897 4566 1912 4582 ⁸

293 4644 322 4696 6
352 4645 421 4705 εἷς
450 4641 500 4696 έν
533 4650 596 4716 τῇ
632 4638 917 4714 δεσποτεία
957 4659 971 4674 ⁸
1027 4643 1054 4693 6
1088 4641 1157 4702 εἷς
1184 4639 1232 4692 έν
1263 4647 1325 4713 τῇ
1367 4645 1641 4713 κυριότητι
1692 4656 1705 4670 ⁸
1766 4640 1792 4692 6
1847 4641 1915 4702 εἷς

292 4732 346 4787 ἰν
375 4739 440 4802 τῇ
474 4729 696 4805 δυνάμει
725 4750 739 4764 ⁸
769 4733 796 4784 6
850 4736 1003 4804 μόνος
1044 4729 1295 4792 πλούσιος
1353 4745 1368 4760 ⁸
1430 4748 1456 4782 ο
1513 4733 1664 4802 μόνος
1720 4727 1913 4801 ἀγαθο-

293 4818 459 4885 δότης
489 4839 502 4852 ⁸
531 4823 558 4875 6
588 4821 874 4894 Ὀλύμπιος
902 4838 916 4853 ⁸
949 4821 975 4872 6
996 4821 1212 4893 χθόνιος
1245 4836 1257 4850 ⁸
1289 4821 1315 4871 ό
1345 4820 1624 4892 ύφηγητής
1643 4827 1744 4872 τῶν
1771 4814 1914 4872 δεόνο

289 4932 396 4967 των
456 4928 470 4943 ⁸
526 4913 554 4965 ό
609 4915 859 4986 κραταιός
919 4927 933 4941 ⁸
975 4911 1003 4962 ό
1049 4913 1446 4985 τερπικέραυνος
1477 4926 1490 4939 ⁸
1526 4910 1552 4960 6
1583 4907 1911 4984 νεφεληγερέ-

285 5021 384 5065 της
414 5016 431 5035 ⁸
462 5003 488 5055 ὀ
518 4999 869 5078 ὑψιϐρεμέτης
907 5017 920 5030 ⁸
954 5000 980 5052 ό
1011 5000 1276 5074 ὑπέρτατα
1322 4995 1546 5072 δώματα
1597 5002 1752 5051 ναίων
1805 5011 1822 5031 ⁸
1883 5000 1910 5051 ό

290 5093 588 5169 mezer
628 5108 643 5125 ⁸
709 5094 737 5146 ό
786 5089 1227 5164 ἀσκληπιαρωγός
1281 5103 1297 5122 ⁸
1348 5091 1374 5142 ό
1434 5091 1751 5165 θαρσοποιός
1805 5101 1824 5122 ⁸
1882 5089 1909 5142 ό

1399 3029 1425 3079 6
1475 3025 1760 3100 ἀμόλυντος
1809 3045 1823 3058 ⁸
1892 3030 1918 3080 ό

1715 4015 1741 4066 ὀ
1782 4012 1914 4066 ἀνώ-

1573 387 1664 454 οε
1701 395 1952 456 DIVINIS
1989 389 2396 458 Νοιιικιθυε.

311 530 498 606 χάραξ
524 536 626 583 τῶν
663 529 807 605 παρὰ
831 525 988 602 φύσιν
1015 539 1030 559 ⁸
1087 526 1117 584 ἡ
1153 511 1400 584 διάϐασις
1447 528 1545 574 τῶν
1593 523 1926 595 μετατιθεμέα
1954 527 2001 581 Α
2029 540 2056 576 ο
2095 521 2419 598 εἰρηνάρχης

1717 1879 1744 1913 ο
1778 1880 1920 1936 περι·
1959 1881 2002 1936 Β

1131 3223 1146 3238 ⁸
1183 3209 1209 3260 6
1261 3206 1584 3282 ύπεράρχιος
1621 3223 1634 3238 ⁸
1667 3209 1693 3260 6
1747 3205 1920 3266 ἀκίνη-
1948 3247 1988 3303 C

3553 406 3660 474 770

2486 537 2500 555 ⁸
2557 525 2583 576 ό
2638 524 2984 602 εἰρηνῶνυμος
3053 546 3064 560 ⁸
3119 531 3148 589 ἡ
3219 531 3492 606 αὐτοπάγη
3536 549 3550 566 ⁶
3601 538 3628 590 ό

2030 609 2450 686 άμϐροσιοδότης
2483 630 2496 645 ⁸
2531 613 2558 667 6
2588 623 2678 668 του
2704 619 2948 693 νέκταρος
2988 624 3259 694 παροχεύς
3310 639 3322 652 ⁸
3356 624 3383 675 6
3428 629 3631 697 κοσμήι

2031 719 2124 762 σας
2153 704 2240 754 τόν
2279 701 2492 775 ούρανόν
2543 720 2559 736 ⁸
2615 705 2643 756 ό
2695 724 2935 780 καταγων
2987 710 3168 772 ύετούς
3221 725 3236 742 ⁸
3288 713 3314 764 ό
3358 717 3631 777 ταπεινούς

2029 789 2173 862 ὑψῶν
2211 805 2226 822 ⁸
2258 791 2285 843 6
2315 790 2602 867 συντριϐων
2631 797 2752 858 τοὺς
2799 793 3112 872 έπηρμένους
3165 818 3179 835 ⁸
3232 801 3259 852 6
3307 798 3514 873 ἀνυψῶν
3551 808 3630 856 κέι

2027 897 2122 952 ρας
2149 887 2249 931 τῶν
2278 889 2532 954 χρηστῶν
2562 881 2723 936 αὐτοῦ
2765 897 2780 915 ⁸
2841 886 2866 937 ό
2904 884 3138 958 βασιλεῖς
3184 892 3448 964 κρατύνων
3499 906 3512 922 ⁸
3569 895 3629 944 τό

2029 967 2406 1022 καταναλίσκον
2438 977 2542 1044 πῦρ
2582 970 2841 1047 ἁμαρτίας
2901 989 2914 1004 ⁸
2957 978 3014 1028 τό
3065 975 3387 1031 ἀνύστακτον
3427 983 3572 1052 ὄμμα
3610 997 3624 1011 ⁸

2029 1062 2054 1109 ό
2105 1062 2198 1115 τὴν
2229 1062 2539 1112 ταπείνωσιν
2598 1067 2928 1135 προσιέμενος
2985 1080 3000 1095 ⁸
3054 1065 3081 1118 6
3139 1063 3465 1120 ἀντιτάσσων
3521 1076 3632 1132 τοίς

2029 1146 2370 1220 ὑπερηφάνοις
2401 1163 2414 1178 ⁸
2447 1149 2474 1200 6
2503 1147 2886 1224 καταρράσσων
2913 1155 3028 1214 τούς
3067 1152 3318 1218 ἀλαζόνας
3364 1173 3377 1187 ⁸
3437 1159 3462 1209 ό
3498 1164 3630 1211 πᾶσι

2028 1239 2166 1308 χέων
2197 1239 2283 1288 τόν
2307 1237 2440 1291 ἂεον
2472 1254 2485 1268 ⁸
2519 1240 2544 1290 6
2576 1237 2654 1292 ἰπὶ
2684 1245 2938 1315 πονηρούς
2967 1247 3057 1296 καί
3106 1242 3331 1316 ἀγαθούς
3367 1244 3578 1320 βρέχων
3609 1262 3625 1279 ⁸

2029 1325 2056 1376 ό
2091 1323 2367 1378 ἀνατέλλων
2405 1329 2492 1379 τόν
2520 1326 2662 1386 ἣλιον
2706 1328 2791 1382 έπὶ
2844 1327 3080 1394 δικαίους
3118 1339 3208 1386 καὶ
3263 1331 3478 1396 ἀδίκους
3526 1350 3539 1363 ⁸
3603 1338 3629 1389 6

2028 1415 2196 1468 πάντα
2219 1417 2374 1468 ποιάν
2411 1421 2500 1468 καὶ
2536 1419 2938 1489 μετάσκευάζων

2027 1501 2083 1555 λο
2090 1511 2178 1555 ιὼν
2211 1520 2224 1534 ⁸

3009 1438 3022 1452 ⁸
3082 1423 3108 1474 ὁ
3163 1431 3263 1486 τῶς
3315 1427 3494 1496 φύσεις
3546 1424 3630 1478 ἀλ-

2269 1503 2294 1556 ό
2325 1500 2570 1566 εἰδὼςτά
2599 1508 2767 1560 πάντα
2817 1513 2900 1561 καί
2934 1513 3034 1584 πρὸ
3086 1515 3326 1583 γενέσεως
3382 1529 3396 1544 ⁸
3427 1517 3486 1566 τό
3537 1521 3633 1578 τῆς

2030 1591 2422 1664 εὐσπλαγχνίας
2474 1593 2872 1667 ἀτεξιχνίαστον
2955 1598 3173 1671 πέλαγος
3231 1617 3245 1633 ⁸

2027 1685 2125 1729 τῶν
2155 1675 2359 1750 ἀγαθῶν
2390 1694 2406 1710 ⁸
2435 1679 2464 1736 ἠ
2500 1679 2789 1755 πλημμύρα
2813 1691 2913 1734 τῶν
2962 1683 3128 1736 καλῶν
3161 1699 3174 1715 ⁸

2029 1767 2274 1841 πρύτανις
2306 1783 2320 1796 ⁸
2350 1767 2376 1819 6
2405 1771 2560 1839 μόνος
2591 1767 2801 1842 φοϐερός
2849 1787 2864 1803 ⁸

3302 1603 3332 1660 ἡ
3390 1602 3634 1656 θάλασσα

3231 1686 3257 1738 6
3285 1694 3386 1738 τῶν
3440 1685 3632 1740 ἐσθλῶν

2905 1771 2931 1822 6
2997 1774 3134 1843 ἔχων
3186 1775 3362 1847 θρόνον
3417 1779 3504 1828 τόν
3538 1777 3632 1830 οὗ·

2029 1860 2182 1929 ρανόν
2205 1873 2218 1888 ⁸
2253 1857 2278 1909 6
2309 1853 2598 1910 ὑποπόδιον
2633 1859 2816 1931 αύχῶν
2843 1866 2935 1919 τὴν
2958 1870 3058 1933 γῆν
3101 1878 3114 1892 ⁸

2031 1965 2112 2017 μω
2141 1949 2235 2005 τὴν
2267 1946 2534 1999 θάλασσαν
2568 1963 2580 1976 ⁸

3165 1864 3191 1915 ό
3229 1864 3458 1937 χαλινῶν
3487 1866 3632 1940 ψάμ-

2629 1949 2654 2000 ό
2685 1953 2778 2008 τὴν
2818 1948 3102 2026 ἀγριότητα
3154 1961 3245 2006 τοῦ
3283 1958 3472 2008 πόντου
3513 1955 3633 2009 ἀνα-

2031 2036 2292 2107 χαιτίζων
2335 2052 2348 2066 ⁸
2400 2038 2426 2088 6
2475 2035 2779 2111 λειοκύμονα
2844 2044 3040 2099 ταύτην
3092 2042 3508 2118 ἀπεργαζόμενος
3557 2064 3568 2076 ⁸
3605 2049 3632 2100 ό

2031 2128 2088 2178 τό
2121 2124 2347 2178 εύπλοεῑν
2377 2133 2488 2188 ταῖς
2516 2133 2671 2181 ναυσί
2726 2135 3084 2204 παρεχόμενος
3124 2148 3137 2162 ⁸
3200 2135 3226 2185 ό
3282 2138 3450 2188 πάντα
3503 2140 3632 2213 πρὸς

2031 2218 2088 2268 τό
2127 2220 2384 2290 συμφέρον
2413 2216 2692 2289 οἰκονομῶν
2725 2239 2737 2252 ⁸
2767 2221 2796 2277 ἠ
2852 2222 3100 2296 μάχαιρα
3152 2230 3244 2284 τῆς
3289 2231 3473 2287 κακίας
3527 2240 3542 2257 ⁸
3598 2229 3627 2285 ἡ

2029 2301 2177 2366 ἀξίνη
2210 2313 2306 2367 τῆς
2337 2301 2552 2368 ἀδικίας
2587 2324 2597 2334 ⁸
2641 2309 2670 2365 η
2699 2307 2933 2380 ῥομφαία
2961 2318 3054 2362 τοῦ
3114 2314 3276 2364 σατάν
3309 2329 3322 2343 ⁸
3355 2316 3386 2373 ἠ
3454 2317 3630 2374 σπάθη

2027 2401 2123 2455 τῆς
2151 2399 2407 2470 πονηρίας
2439 2409 2456 2428 ⁸
2498 2397 2528 2455 ἡ
2556 2404 2651 2458 τῆς
2681 2393 2986 2458 δολιότητος
3015 2401 3237 2474 θραῡσις
3269 2418 3283 2434 ⁸
3322 2403 3348 2456 6
3374 2409 3468 2463 τὴν
3499 2401 3631 2459 δια-

2026 2481 2180 2542 ϐολὴν
2218 2492 2387 2556 μισῶν
2425 2499 2438 2514 ⁸
2497 2486 2524 2537 ό
2573 2491 2795 2548 ποιητὴς
2847 2497 2947 2540 τῶν
3002 2490 3201 2562 ὁρατῶν
3247 2508 3260 2523 ⁸
3313 2494 3339 2545 6
3397 2493 3634 2554 πλάστης

2020 2581 2122 2630 τῶν
2154 2582 2352 2632 νοητῶν
2383 2587 2398 2604 ⁸
2475 2576 2501 2627 ό
2533 2580 2870 2648 παραγωγεύς
2916 2586 3017 2631 τῶν
3063 2579 3328 2638 αἰσθητῶν
3380 2599 3393 2614 ⁸
3455 2585 3481 2637 6
3539 2581 3635 2646 δη-

2022 2667 2278 2739 μιουργός
2311 2671 2412 2716 τῶν
2452 2669 2523 2737 μὴ
2564 2669 2878 2738 φαινομένων
2909 2681 2925 2698 ⁸
2958 2669 2984 2720 6
3015 2673 3240 2732 κτίστης
3267 2679 3368 2724 τῶν
3421 2671 3587 2727 ἀύλων
3613 2689 3630 2707 ⁸

2023 2757 2050 2808 6
2081 2758 2335 2827 συνοχεύς
2361 2762 2462 2806 τῶν
2491 2752 2676 2807 ένύλων
2705 2770 2718 2784 ⁸
2748 2756 2774 2808 6
2822 2755 3005 2820 ίσθλός
3061 2775 3074 2790 ⁸
3107 2760 3138 2818 ἠ
3197 2760 3584 2834 ούτοαγαθότης
3616 2783 3629 2797 ⁸

2025 2846 2052 2898 6
2085 2843 2307 2917 ἐλεήμων
2365 2861 2379 2876 ⁸
2413 2862 2439 2896 ο
2471 2841 2734 2920 έλιουργός
2791 2861 2809 2880 ⁸
2846 2864 2872 2898 ο
2920 2847 3234 2913 αύτόνυκτος

2026 2954 2127 3010 ρων
2160 2949 2174 2962 ⁸
2204 2935 2229 2986 6
2259 2933 2372 3005 μεθ’
2412 2930 2609 2996 ἡδονῆς
2643 2934 2762 3006 ἐλέῳ
2809 2944 2957 3009 χρῶν
2999 2957 3013 2972 ⁸

3297 2867 3310 2881 ⁸
3363 2870 3389 2904 ο
3442 2854 3631 2907 οἰκτεί·

3068 2939 3094 2990 6
3147 2942 3270 3001 τοὺς
3322 2936 3632 3006 δικάζοντας

2344 3025 2370 3076 6
2396 3027 2512 3085 τόύς
2552 3023 2814 3088 ἐλεοῦντας
2838 3025 2982 3079 ἰλεῶν
3011 3042 3024 3057 ⁸
3064 3029 3090 3080 6
3144 3033 3266 3094 τοὺς
3323 3029 3632 3104 ἀγαπῶντας

2335 3115 2361 3166 6
2410 3122 2509 3166 τῶν
2545 3114 2824 3187 μελλόντων
2873 3122 3112 3188 γνῶστης
3165 3133 3180 3150 ⁸
3238 3121 3264 3172 6
3321 3122 3632 3194 ἑφαπλωσας

2029 3204 2213 3279 αἰθέρα
2241 3221 2251 3233 ⁸
2283 3205 2308 3256 ό
2339 3206 2398 3256 τό
2458 3201 2740 3278 ἀρχὲγονον
2799 3201 3088 3280 διατμήξας
3142 3217 3246 3282 φῶς
3289 3228 3300 3242 ⁸
3344 3212 3370 3264 6
3425 3232 3632 3286 φωτοιιο

2029 3288 2130 3356 δής
2169 3309 2182 3323 ⁸
2217 3295 2243 3346 ό
2269 3299 2367 3346 τῶν
2395 3298 2570 3366 φώτων
2611 3290 2776 3368 δοτὴρ
2837 3311 2850 3326 ⁸
2915 3298 2940 3350 6
2991 3303 3138 3372 χειρὶ
3189 3304 3426 3374 κατέχων
3458 3309 3632 3357 πᾶσαν

2032 3383 2170 3445 ζωήν
2205 3400 2216 3413 ⁸
2251 3385 2278 3436 ό
2310 3387 2368 3436 τό
2419 3385 2508 3457 ἔαρ
2545 3389 2820 3457 κοσμήσας
2853 3401 2866 3415 ⁸
2907 3404 2934 3438 ο
2999 3395 3092 3440 τοῦ
3145 3391 3324 3464 θέρους
3389 3411 3634 3468 παραγω-

2025 3475 2149 3545 γεύς
2178 3489 2190 3503 ⁸
2231 3473 2258 3525 6
2285 3475 2342 3525 1'6
2375 3473 2695 3549 φθινόπωρον
2752 3477 3126 3549 τεκτηνάμενος
3184 3494 3199 3510 ⁸
3251 3481 3276 3533 ό
3302 3489 3376 3553 τῷ
3411 3493 3635 3556 χειμῶνι

2027 3564 2285 3636 ἀφορίσας
2309 3565 2366 3615 τό
2387 3561 2562 3634 ψῦχος
2595 3581 2607 3594 ⁸
2636 3564 2662 3616 ό
2707 3563 3033 3641 χειμάρρους
3088 3565 3371 3622 ἀνατέλλων
3440 3589 3453 3604 ⁸
3487 3574 3514 3626 ό
3542 3592 3636 3628 πο·

2025 3656 2221 3726 ταμοὺς
2253 3651 2509 3726 ξηραίνων
2547 3669 2561 3684 ⁸
2601 3654 2626 3705 6
2693 3653 3023 3730 κυκλοφορῶν
3087 3660 3206 3720 τούς
3258 3657 3478 3734 ἀστέρας
3536 3679 3550 3694 ⁸
3607 3665 3634 3718 ὁ

2026 3741 2274 3804 ἀήττητος
2302 3757 2315 3772 ⁸
2349 3743 2376 3795 6
2428 3740 2746 3816 ἀπολέμητος
2775 3757 2792 3774 ⁸
2853 3745 2880 3797 6
2933 3745 3205 3817 ἄψαυστος
3255 3763 3268 3780 ⁸
3320 3751 3347 3803 6
3381 3749 3578 3829 ἀμερής
3619 3770 3633 3786 ⁸

2024 3833 2050 3884 6
2083 3830 2378 3906 ἀμερίστως
2404 3831 2574 3884 πάντα
2603 3833 2735 3906 όρῶν
2777 3849 2791 3864 ⁸
2825 3836 2851 3886 ό
2900 3842 3190 3909 χαροποιός
3221 3853 3234 3869 ⁸
3295 3840 3321 3892 6
3379 3839 3637 3914 θυριηδιο⁴

2026 3917 2230 3984 δότης⁸
2258 3923 2284 3974 6
2319 3917 2666 3995 σοφριοδότης
2710 3937 2722 3954 ⁸
2753 3924 2780 3976 6
2840 3931 3101 4000 νημερτής
3161 3943 3175 3958 ⁸
3217 3929 3244 3981 ό
3292 3929 3489 3994 ὕπατος
3537 3946 3552 3963 ⁸
3608 3934 3635 3987 ό

2023 4009 2356 4084 παντόφυλαξ
2394 4027 2412 4045 ⁸
2444 4012 2470 4064 6
2500 4013 2907 4087 παντοθρέμμων
2935 4029 2951 4046 ⁸
3006 4016 3032 4068 6
3064 4018 3235 4071 πάντα
3289 4021 3354 4081 ὡς
3411 4022 3460 4073 ἓν
3513 4019 3635 4096 βλί-

2026 4118 2134 4154 πων
2165 4117 2178 4132 ⁸
2213 4102 2240 4153 6
2269 4097 2564 4164 ἀδέκαστος
2591 4117 2604 4130 ⁸
2639 4103 2665 4154 6
2705 4106 3040 4181 πνσοκράτωρ

2029 4185 2346 4251 ἀδιάϐλητος
2388 4206 2400 4220 ⁸

2029 3021 2262 3086 δικάζων
2292 3041 2306 3056 ⁹

2028 3113 2242 3186 ἀγαπῶν
2283 3131 2295 3145 ⁸

3094 4123 3106 4137 ⁸
3143 4108 3168 4160 6
3225 4106 3532 4181 ύγειοδότης
3560 4125 3572 4141 ⁸
3608 4113 3635 4166 6

2435 4191 2461 4243 6
2488 4190 2697 4255 ἀπαθής
2729 4207 2742 4222 ⁸
2768 4193 2794 4245 6
2827 4192 3135 4258 ἀνείκαστος
3190 4195 3240 4250 ἰν
3293 4197 3586 4272 ἀγαθότητι
3618 4215 3632 4233 ⁸

2027 4281 2054 4332 ό
2083 4279 2330 4342 αύτονοῦς
2371 4297 2384 4310 ⁸
2415 4281 2444 4340 ἡ
2494 4280 2817 4354 αὖτογνῶσις
2846 4299 2859 4314 ⁸
2894 4285 2925 4342 ἠ
2980 4284 3294 4351 αύτονόησις
3353 4305 3366 4319 ⁸
3423 4295 3452 4348 η
3487 4290 3638 4344 αὐτο-

2026 4369 2282 4432 τελειὸτης
2322 4383 2337 4400 ⁸
2368 4371 2394 4422 6
2433 4372 2500 4424 τά
2547 4369 2736 4432 ἀσθενῆ
2794 4369 3095 4448 ἐνδυναμῶν
3148 4393 3162 4408 ⁸
3219 4378 3250 4436 ἡ
3313 4377 3636 4454 μεγαλόϐρυ-

2025 4477 2110 4520 τος
2139 4456 2364 4532 δύναμις
2405 4477 2420 4493 ⁸
2453 4460 2480 4513 6
2507 4457 2835 4537 βροτουργός
2863 4479 2876 4492 ⁸
2917 4467 2976 4517 τό
3023 4463 3178 4538 βῆμα
3205 4469 3262 4519 τό
3315 4465 3574 4527 ἀλάθητον
3613 4484 3628 4501 ⁸

2026 4547 2334 4623 όάμεγέθης
2385 4569 2398 4584 ⁸
2432 4553 2489 4602 τό
2541 4553 2614 4623 μὴ
2670 4550 2946 4627 ἰσόρροπον
2998 4557 3216 4626 μέγεθος
3270 4571 3284 4587 ⁸
3339 4558 3370 4616 ἡ
3425 4556 3540 4622 ένάς
3601 4560 3632 4619 ἠ

2025 4637 2252 4702 ένοποιός
2281 4646 2382 4692 τῶν
2413 4636 2609 4692 ένάδῶν
2672 4658 2686 4673 ⁸
2720 4643 2747 4693 6
2789 4643 2994 4695 πάντων
3046 4642 3182 4706 ἐντός
3237 4661 3251 4677 ⁸
3310 4648 3336 4699 6
3387 4650 3636 4721 νοσοφθό-

2021 4747 2119 4802 ρας
2156 4745 2169 4759 ⁸
2205 4730 2234 4787 ἠ
2267 4731 2492 4802 τρυτάνη
2521 4737 2612 4792 τῆς
2639 4727 2849 4799 θέμιδος
2878 4748 2893 4764 ⁸
2948 4734 2975 4785 6
3002 4733 3355 4806 χιονοϐλὴτης
3415 4753 3428 4768 ⁸

2020 4817 2477 4893 γαντορραίστης⁸
2539 4821 2565 4871 ό
2614 4821 2816 4883 ἄαπτος
2875 4838 2888 4851 ⁸

2022 4905 2281 4984 ἀκήρατος
2321 4924 2334 4940 ⁸

3481 4757 3508 4790 ο
3555 4757 3638 4811 γι-

2948 4824 2975 4875 ό
3032 4821 3465 4900 ἀπροσπέλαστος
3531 4845 3545 4858 ⁸
3607 4829 3633 4882 6

2369 4907 2418 4961 έν
2445 4907 2485 4981 ᾧ
2517 4909 2647 4971 ζωαί
2677 4923 2692 4941 ⁸
2731 4911 2760 4969 ἠ
2789 4911 3048 4973 αύτοπνοή
3087 4929 3102 4944 ⁸
3133 4911 3206 4967 δι’
3238 4913 3293 4968 ὃν
3349 4918 3404 4970 αἰ
3455 4923 3629 4971 πνοαί·

2021 4993 2096 5050 δι’
2122 4994 2181 5051 οὗ
2210 5000 2264 5051 αἰ
2289 5001 2444 5052 πνοαί
2473 5015 2485 5028 ⁸
2520 4997 2575 5063 ἕξ
2607 4999 2668 5052 οὗ
2703 5002 2758 5054 αἰ
2795 5008 2950 5056 πνοαί
2981 5019 2993 5034 ⁸
3028 5005 3053 5057 6
3093 5003 3321 5070 ἄπλητος
3356 5023 3368 5040 ⁸
3403 5007 3430 5061 6
3461 5007 3527 5060 ὢν
3561 5007 3632 5075 εἰς

2019 5092 2139 5152 τοὺς
2169 5087 2360 5151 αἰῶνας
2383 5097 2482 5143 τῶν
2507 5089 2724 5146 αἰώνων.
