4468 6450
807 422 907 485 ’171
2178 406 2542 476 THEODORI
2580 417 2628 471 II
2665 417 2804 473 IMP.
4068 416 4185 468 772

812 542 4154 574 _______________________—_____—._

1790 685 2181 775 ΚΑΝΩΝ
2266 680 3179 769 ΠΑΡΑΚΛΗΤΙΚΟΣ

1200 912 1450 1026 ΕΙΣ
1547 908 1873 1021 ΤΗΝ
1970 898 2845 1037 ΥΠΕΡΑΓΙΑΝ
2937 892 3759 1013 ΘΕΟΤΟΚΟΝ

2069 1141 2336 1189 ΠΟΙΗΜΑ
2402 1140 2532 1186 ΤΟΥ
2600 1137 2925 1186 ΒΑΣΙΛΕΩΣ

1251 1328 1628 1418 ΚΥΡΟΥ
1683 1321 2294 1415 ΘΕΟΔΩΡΟΥ
2371 1319 2746 1405 ΔΟΥΚΑ
2817 1315 3041 1401 ΤΟΥ
3104 1311 3754 1400 ΛΑΣΚΑΡΕΩΣ

1797 1735 2146 1825 (“ΑΝΟΝ
2280 1727 3225 1821 EXHURTATORIUS

1385 1982 1583 2098 AD
1662 1966 2730 2097 SANCTISSIMAM
2820 1962 3632 2106 DEIPABAM,

2413 2233 2592 2289 OPUS

811 2445 1500 2591 DOMINI
1662 2434 2347 2577 THEOD.
2492 2427 3061 2566 DUGAE
3217 2422 4176 2561 LASCARIS

897 2718 975 2771 Ex
1005 2711 1366 2770 Paracletice
1397 2711 1740 2765 Graecorum
1771 2717 1911 2757 cum
1940 2696 2428 2769 interpretatione
2459 2696 2685 2747 nostra.
2718 2690 2909 2745 Aliam
2939 2689 3281 2745 versionem
3310 2687 3581 2743 ediderat
3605 2690 3665 2742 P.
3701 2685 4078 2758 Raynaudus

809 2810 872 2862 S.
933 2807 979 2860 J.
1024 2806 1182 2875 Opp.
1240 2806 1385 2856 tom.
1429 2799 1537 2863 Vll,
1572 2795 1650 2850 ab
1696 2790 2014 2863 Hippolyto
2045 2785 2333 2843 Maraccio
2366 2787 2702 2852 acceptam,
2734 2779 2840 2851 qui
2883 2794 3020 2834 eam
3049 2794 3081 2833 e
3115 2779 3322 2833 Graeco
3354 2776 3560 2832 codice
3592 2776 3808 2832 Leonis
3839 2775 4034 2831 Allatii
4072 2790 4187 2847 per

843 2864 1094 2952 fratrem
1118 2864 1302 2946 suum
1335 2885 1701 2944 Ludovicum
1726 2879 2086 2938 Maraccium
2115 2875 2245 2931 ﬁeri
2273 2875 2607 2929 curaverat.
2629 2875 2702 2925 At
2725 2869 2978 2925 omnino
3004 2867 3239 2924 abludit
3256 2883 3295 2923 a
3315 2872 3479 2923 textu
3506 2868 3711 2922 Graeco
3732 2864 4142 2922 Paracletices.

1487 3136 1536 3189 1.
1565 3134 1835 3189 Hirmus.
2498 3128 2543 3177 Α
3188 3117 3251 3172 α’.

1798 3147 1835 3185 ς.
2498 3128 2543 3177 Α
3188 3117 3257 3172 α’.
3285 3115 3345 3169 Ὀ
3371 3119 3562 3189 εἰρμός.

807 3254 1185 3309 Pharaonem
1239 3245 1515 3314 aurigam
1575 3241 1745 3309 virga
1770 3236 1941 3294 Mosis
1987 3233 2048 3288 vi
2099 3228 2463 3286 miraculosa

2420 3245 2463 3284 .a
2640 3224 3040 3302 Ἀρματὴλάτην
3133 3229 3320 3297 Φαραὼ
3447 3222 3658 3275 ἐϐύθισε
3761 3223 4184 3295 τερατουργοῡσά

805 3342 1019 3399 diebus
1048 3339 1163 3394 illis
1207 3333 1548 3391 submersit.
1605 3334 1933 3400 Postquam
1993 3323 2154 3377 enim
2206 3335 2372 3375 mare
2402 3319 2461 3373 in

2423 3334 2461 3373 n
2569 3335 2693 3367 ποτε
2758 3319 3013 3372 Μωσαῑκὴ
3062 3310 3276 3387 ῥάϐδος,
3346 3314 3721 3387 σταυροτύπως
3768 3311 4035 3377 πλήξασα,
4095 3316 4186 3363 καὶ

1036 3428 1299 3483 formam
1352 3421 1668 3487 divisisset,
1720 3396 2020 3470 Israelitas
2078 3426 2151 3465 ex
2197 3409 2462 3480 Egypto

2419 3423 2462 3463 ρο
2573 3401 2823 3457 διελοῦσα
2849 3403 3142 3471 θάλασσαν,
3184 3403 3399 3475 Ἰσραὴλ
3426 3398 3485 3454 δε
3516 3398 3751 3473 φυγάδα,
3788 3401 3941 3461 πεζὸν
3996 3396 4183 3457 ὁδίτην

806 3504 1540 3581 migrantes,pedibusque
1571 3501 1679 3554 iter
1707 3496 1994 3552 facientes
2028 3488 2322 3553 salvavit;
2358 3487 2465 3559 qui

1908 3500 1994 3549 tes
2028 3488 2284 3547 salvavit
2310 3505 2322 3553 ;
2358 3487 2465 3559 qui
2572 3491 2846 3563 διέσωσεν,
2879 3487 3026 3565 ᾆσμα
3048 3501 3122 3563 τῷ
3150 3499 3264 3563 Θεῴ
3296 3490 3672 3564 ἀναμέλποντα.

806 3605 924 3657 Deo
950 3601 1250 3671 hymnum
1270 3592 1630 3649 cecinerunt.

879 3685 1317 3743 Adversitatum
1346 3681 1605 3752 impetus
1636 3674 1907 3731 animam
1938 3686 2137 3726 meam
2168 3665 2461 3724 humilem
2641 3682 2643 3697 ι

2419 3681 2461 3719 Π
2641 3681 2751 3726 Τῶν
2792 3672 3035 3747 λυπηρῶν
3090 3670 3357 3743 ἐπαγωγαὶ
3410 3670 3739 3742 χειμάζουσι
3790 3675 3878 3727 τὴν
3936 3674 4183 3727 ταπεινήν

807 3782 1024 3834 vexant
1049 3773 1496 3841 ;calamitatum
1523 3766 1717 3823 nubes
1744 3779 1847 3819 cor
1876 3776 2082 3817 meum
2104 3758 2458 3814 obscurant.
2569 3820 2571 3832 Α

2422 3760 2458 3810 ῐ-
2569 3781 2669 3834 μου
2700 3760 2907 3833 ψυχὴν,
2942 3765 3031 3812 καὶ
3057 3768 3336 3833 συμφορῶν
3374 3762 3495 3831 νέφη
3528 3778 3621 3817 την
3674 3757 3801 3831 ἐμὴν
3854 3758 4186 3810 καλύπτουσι

802 3872 886 3925 Tu
916 3873 1138 3933 autem,
1164 3867 1347 3920 Mater
1376 3859 1496 3928 Dei,
1527 3873 1664 3929 quae
1716 3855 1914 3909 lucem
1966 3849 2233 3905 divinam
2282 3851 2463 3918 atque

2420 3861 2463 3900 le
2569 3848 2813 3925 καρδίαν,
2850 3853 3204 3923 θεονύμφευτε,
3240 3848 3347 3901 ἀλλ’
3404 3850 3435 3907 ἡ
3470 3857 3571 3920 φῶς
3618 3856 3879 3913 τετοκυῖα,
3936 3851 3994 3899 τὸ
4050 3849 4184 3899 θεῖον

803 3965 1089 4016 aeternam
1115 3952 1395 4026 genuisti,
1425 3950 1637 4006 ilustra
1652 3961 1749 4001 me
1765 3942 1992 3999 lumine
2015 3939 2246 3995 salutis.

2419 4025 2424 4026 γ
2570 3947 2660 3993 καὶ
2688 3945 3022 4014 προαιὼνιον,
3060 3938 3266 4013 λάμψον
3332 3958 3423 4011 μοι
3451 3941 3507 3990 τὸ
3540 3946 3644 4010 φῶς
3698 3941 3757 3989 τὸ
3817 3941 4183 4012 χαρμόσυνον.

875 4049 962 4104 Ex
995 4025 1292 4116 angustiis
1323 4042 1458 4097 vitae
1492 4044 1550 4095 et
1583 4032 2065 4093 tribulationibus
2098 4029 2176 4085 ab
2206 4025 2464 4083 inimicis

2422 4025 2464 4081 is
2646 4031 2733 4093 Ἐξ
2792 4029 3091 4102 ἀμετρήτων
3177 4027 3413 4100 ἀναγκῶν
3492 4032 3582 4079 καὶ
3638 4026 3881 4099 θλίψεων,
3966 4031 4058 4078 καὶ
4130 4025 4186 4089 ἐξ

800 4137 979 4195 illatis
1008 4114 1144 4191 forti
1175 4139 1277 4189 tuo
1311 4128 1579 4197 brachio,
1605 4142 1641 4181 o
1676 4120 2091 4185 immaculata,
2146 4117 2461 4184 liberatus,

2420 4132 2461 4184 3,
2570 4117 2775 4192 ἐχθρῶν
2827 4114 3118 4190 δυσμενῶν,
3185 4122 3272 4168 καὶ
3349 4124 3627 4188 συμφορῶν
3685 4114 3829 4189 βίου,
3878 4115 4184 4189 λυτρωθείς,

801 4223 1280 4284 misericordiam
1305 4225 1475 4276 tuam
1503 4215 1799 4273 inﬁnitam
1826 4217 1883 4268 et
1912 4225 2057 4279 erga
2087 4223 2181 4263 me
2209 4206 2463 4263 Charita-

2425 4225 2463 4261 L-
2570 4212 2927 4281 πανάχραντε,
2970 4215 3032 4279 τῇ
3089 4212 3319 4280 κραταιᾴ
3361 4201 3584 4277 δυνάμει
3633 4224 3749 4274 σου,
3815 4203 4044 4278 ἁνυμνῶ,
4097 4224 4189 4277 με-

803 4324 922 4374 tem
950 4315 1217 4373 carmine
1249 4310 1509 4367 celebro.

2568 4298 2773 4369 γαλύνω
2826 4302 2920 4355 τὴν
2982 4297 3194 4371 οἰκετρόν
3264 4314 3359 4348 σου
3425 4296 3777 4367 συμπάθειαν,
3829 4298 3921 4346 καὶ
3975 4298 4071 4351 τὴν
4118 4294 4187 4354 εἰς

2569 4387 2659 4459 ἐμέ
2692 4406 2786 4438 σου
2817 4384 3171 4459 παράκλησιν.

872 4497 1055 4567 Igitur
1074 4492 1297 4549 ﬁducia
1311 4489 1526 4563 plenus
1550 4486 1611 4542 in
1631 4482 1931 4557 gremium
1954 4482 2129 4536 tuum
2154 4473 2460 4544 confugio,
2493 4464 2534 4517 Β

2421 4489 2460 4567 ὶ,
2493 4464 2534 4517 Β
2639 4482 2748 4529 Νῦν
2788 4477 3068 4541 πεποιθὼς,
3135 4472 3218 4526 ἐπὶ
3265 4479 3360 4533 τὴν
3424 4479 3522 4534 σὴν
3575 4478 3859 4546 κατέφυγον
3907 4471 4185 4544 ἀντίληψιν

800 4594 858 4644 et
886 4586 1051 4658 apud
1078 4590 1133 4640 te
1165 4559 1640 4639 consolationem
1659 4587 1938 4647 quaerens
1969 4568 2189 4626 adsum
2216 4569 2272 4621 et
2290 4562 2462 4620 humi

2417 4562 2462 4618 1i
2568 4568 2823 4641 κραταιὰν
2852 4569 2943 4617 καὶ
2998 4568 3131 4638 πρὸς
3184 4568 3279 4621 τὴν
3341 4567 3537 4623 σκέπην
3590 4563 3871 4636 ὁλοψύχως
3931 4559 4181 4637 ἔδραμον,

798 4680 1151 4750 prostratus,
1166 4689 1204 4729 o
1227 4670 1500 4735 Domina,
1530 4660 2029 4722 lacrimabundus
2040 4674 2111 4715 ac
2123 4654 2459 4728 gemebun-

2418 4674 2459 4707 ι-
2567 4661 2657 4707 καὶ
2695 4660 2821 4727 γόνυ
2866 4654 3043 4723 κλίνω,
3077 4658 3354 4723 Δέσποινα,
3413 4659 3504 4705 καὶ
3554 4655 3725 4727 θρηνώ
3777 4658 3868 4705 καὶ
3925 4652 4182 4717 στενάζω,

797 4768 915 4824 dus
948 4779 1162 4838 precor
1184 4778 1260 4818 ne
1288 4775 1387 4816 me
1416 4758 1709 4814 miserum
1740 4766 2015 4824 spernas,
2067 4753 2131 4803 tu
2161 4744 2267 4818 qui
2296 4744 2458 4801 Chri-

2420 4744 2458 4799 ἰ-
2566 4751 2637 4818 μή
2670 4764 2734 4818 με
2772 4739 3007 4818 παρίδῃς
3035 4746 3123 4796 τὸν
3200 4743 3399 4809 ἄθλιον,
3471 4751 3571 4795 τῶν
3637 4750 3973 4816 Χριστιανῶν
4021 4760 4184 4795 κατα-

799 4857 1135 4914 stianorum
1158 4868 1221 4908 es
1249 4848 1576 4919 refugium.
2566 4838 2769 4907 φύγιον.

869 4945 1038 5002 Absit
1062 4947 1128 4998 ut
1154 4938 1464 5011 magnalia
1508 4940 1614 4992 tua
1660 4930 1892 4988 silentio
1938 4930 2309 5002 praeteream.
2338 4923 2459 4979 Nisi
2628 4940 2633 4969 ι

2420 4923 2459 4979 si
2628 4925 2704 4977 Ού
2739 4929 2996 4982 σιωπήσω
3022 4930 3118 4975 τοῦ
3167 4920 3297 4995 βοᾴν
3345 4926 3654 4997 τρανὼτατα
3703 4924 3772 4975 τὰ
3823 4921 4072 4995 μεγαλεῖα
4113 4925 4184 4976 τὰ

797 5036 960 5093 enim
991 5039 1075 5101 tu,
1099 5031 1302 5101 Virgo,
1327 5028 1494 5101 apud
1543 5023 1757 5080 Filium
1799 5025 1973 5077 tuum
2014 5016 2281 5072 divinum
2315 5030 2456 5069 cau-

2416 5030 2456 5069 ι-
2566 5016 2635 5066 σά
2667 5033 2681 5048 ·
2724 5013 2859 5085 εἰμὴ
2887 5014 2987 5087 γὰρ
3041 5016 3132 5080 σὺ,
3169 5016 3333 5086 Κόρη,
3390 5014 3611 5065 πάντοτε
3670 5014 3989 5087 προϊστασο,
4049 5012 4180 5087 ὑπὲρ

795 5141 930 5183 sam
982 5137 1185 5179 meam
1206 5099 1457 5189 egisses,
1498 5115 1636 5188 quis
1659 5128 1757 5169 me
1786 5127 1818 5167 e
1845 5112 2010 5166 tanta
2029 5105 2331 5162 malorum
2350 5119 2457 5159 vo-

2421 5124 2457 5154 ι-
2561 5101 2688 5176 ἐμοῦ
2718 5100 3086 5175 πρεσϐεύουσα
3121 5109 3196 5172 τῷ
3224 5103 3328 5172 Υἰῷ
3357 5105 3448 5153 καὶ
3480 5108 3594 5172 Θεῷ
3622 5120 3738 5168 σου,
3780 5104 3861 5162 τίς
3896 5099 3952 5153 ἐκ
3994 5103 4185 5153 τοσού-

792 5214 1002 5286 ragine
1020 5186 1381 5268 liberasset?
1517 5186 1538 5188 —

2560 5212 2651 5244 του
2678 5211 2740 5264 με
2769 5187 3035 5253 κλύδωνος
3060 5195 3149 5243 καὶ
3189 5186 3371 5242 δεινῶν
3402 5186 3659 5243 κινδύνων
3699 5188 3956 5265 ἐρρύσατο
3982 5208 3996 5259 ;

864 5305 1036 5377 Eripe
1066 5317 1203 5366 nos,
1237 5312 1446 5354 servos
1491 5299 1649 5363 tuos,
1676 5307 1714 5347 ο
1770 5289 2041 5361 Deipara,
2077 5302 2109 5341 e
2137 5284 2445 5358 periculis.

2430 5324 2445 5340 .
2632 5284 2901 5334 Διάσωσον
2930 5283 3031 5332 ἀπὸ
3063 5277 3318 5333 κινδύνων
3356 5284 3476 5342 τοὺς
3511 5276 3734 5342 δούλους
3764 5299 3882 5351 σου,
3933 5285 4183 5335 Θεοτὸκει

795 5393 1142 5452 Secundum
1185 5392 1370 5446 Deum
1409 5385 1571 5443 enim
1620 5382 1698 5439 ad
1730 5386 1784 5437 te
1823 5385 1889 5435 ut
1933 5392 2179 5432 murum
2207 5375 2455 5446 inexpu-

2416 5390 2455 5428 ι-
2558 5372 2640 5424 ὅτι
2668 5372 2870 5431 πάντως
2898 5372 3029 5443 μετὰ
3059 5373 3212 5439 Θεὸν,
3260 5369 3328 5430 εἰς
3388 5373 3445 5421 σε
3502 5372 3893 5443 καταφεύγομεν
3948 5371 4017 5430 ὡς
4073 5368 4180 5444 ἄῤ-

792 5483 1100 5556 gnabilem
1130 5478 1539 5549 confugimus.
2104 5555 2111 5556 γ

2558 5462 2747 5535 ῥηκτον
2778 5466 2958 5530 τεῖχος
2987 5463 3077 5510 καὶ
3106 5463 3458 5534 προστασίαν.

863 5572 1132 5646 Respice,
1156 5566 1568 5627 illustrissima
1589 5563 1867 5635 Deipara,
1891 5573 2001 5631 pro
2031 5553 2453 5613 misericordia

2416 5569 2453 5609 a.
2629 5547 2935 5620 Ἐπίϐλεψον
3018 5547 3067 5600 ἐν
3115 5548 3370 5622 εὐμενείᾳ,
3428 5550 3730 5621 πανύμνητε
3789 5552 4029 5621 Θιοτόκε,
4088 5545 4177 5601 ἐπὶ

790 5670 919 5723 tua.
958 5663 1039 5720 ad
1061 5659 1339 5719 miserias
1370 5654 1594 5731 quibus
1615 5666 1837 5725 corpus
1862 5662 2072 5705 meum
2090 5649 2362 5715 vexatur,
2393 5646 2452 5700 et

2416 5646 2452 5700 ιι
2556 5645 2651 5701 τὴν
2678 5638 2808 5731 ἐμὴν
2837 5638 3076 5712 χαλεπὴν
3115 5646 3208 5692 τοῦ
3265 5644 3507 5712 σώματος
3556 5639 3814 5709 κάκωσιν,
3870 5643 3962 5694 καὶ
4018 5640 4180 5692 ἴασαι

787 5754 1011 5815 animae
1046 5748 1362 5814 doloribus
1389 5728 1662 5807 medere.

1525 5744 1662 5803 lere.
2556 5740 2653 5795 τῆς
2677 5729 2869 5807 ψυχῆς
2892 5748 2997 5805 μου
3024 5730 3086 5784 τὸ
3114 5728 3289 5804 ἄλγος.
