4468 6450
281 426 392 497 173
1465 431 1747 494 HYMNUS
1769 436 1866 492 AD
1893 420 1996 493 ss.
2021 423 2404 493 DEIPARAM.
3540 429 3649 493 774

966 603 980 617 .
1003 561 1063 614 Ὀ
1093 563 1284 621 είρμός.
1919 560 1966 615 Α
2597 562 2651 616 3.
2678 556 2952 616 Hirmus.

913 583 947 633 γ
966 603 980 617 .
1019 581 1063 614 υ
1093 581 1284 635 ειρμος.
1919 581 1966 615 Λ

365 654 623 728 οὐρανίας
655 648 846 722 ἀψίδος
875 653 1164 724 ὁροφουργε
1194 653 1392 723 Χριστὶ
1441 654 1530 701 καὶ
1582 649 1894 708 Ἐκκλησίας
2067 652 2129 719 Al

1919 581 1966 615 IL
2597 581 2651 616 ὁ.
2678 581 2952 616 ηῑπηυς.

1886 667 1894 708 ;
2067 647 2304 719 Apsidis
2333 646 2587 703 cmlestis
2619 651 3012 716 constructor,
3038 649 3094 702 et
3123 645 3397 702 Ecclesia
3443 646 3650 703 mode-

291 740 551 816 δομῆτορ,
586 744 654 793 σύ
692 760 755 813 με
787 746 1094 814 στερέωσον,
1126 740 1174 790 έν
1205 747 1266 810 τῇ
1318 737 1495 810 ἀγάπη
1545 747 1606 810 τῇ
1671 746 1760 809 σῇ,
1794 745 1894 787 τῶν
1999 752 2055 792 ra

1888 757 1894 780 ν
1999 743 2180 804 rator,
2205 736 2447 797 Christe.
2474 741 2536 791 tu
2556 751 2653 792 me
2677 735 2854 792 ﬁrma
2878 736 2938 791 in
2960 751 3166 792 amore
3183 740 3307 806 tuo,
3342 752 3652 792 summum

290 828 478 901 ἐφετῶν
529 831 560 888 ἡ
622 827 869 902 ἀκροτης,
921 837 1019 879 τῶν
1074 836 1276 879 πιστῶν
1325 830 1383 878 τὸ
1439 831 1730 898 στήριγμα,
1774 829 1896 897 μὸνε
2000 841 2054 881 al

1886 844 1896 876 ε
2000 826 2218 881 animae
2244 824 2630 891 desiderium,
2659 824 2928 880 ﬁdelium
2958 824 3215 881 fulcrum
3241 829 3297 881 et
3315 825 3650 882 adminicu-

290 919 639 991 γιλάνθρωπε.
2001 914 2054 970 lu

2001 914 2148 980 lum,
2175 915 2328 970 Deus
2353 914 2713 969 misericors.

961 1008 1172 1080 Τροπάρ
1181 1025 1254 1058 ιον
1264 1047 1276 1059 .
2576 1004 2934 1072 Troparium
2943 1046 2955 1058 .

369 1096 693 1170 Ἀποῤῥήξας
741 1095 796 1147 έκ
833 1099 1057 1158 πάντων,
1093 1091 1357 1166 ὀδυνηρῶς
1409 1093 1587 1162 κράζω
1646 1111 1731 1144 σοι
1767 1096 1897 1164 πρό-
2074 1091 2133 1146 ΑΙ

1887 1123 1897 1133 -
2074 1091 2162 1146 Ab
2191 1092 2358 1147 omni
2409 1091 2591 1158 malo,
2610 1091 2888 1162 praesidio
2912 1095 3014 1148 tuo
3038 1091 3324 1162 benigno,
3355 1108 3454 1148 me
3469 1093 3651 1165 eripe,

293 1187 516 1256 φθάσον,
553 1187 712 1258 θερμή
769 1188 1091 1256 προστασία,
1123 1188 1212 1234 και
1245 1187 1341 1240 σὴν
1400 1180 1649 1254 βοήθειαν
1680 1177 1773 1242 δός
1811 1200 1901 1252 μοι
2004 1185 2057 1235 et

1885 1200 1901 1231 ι
2004 1185 2062 1235 et
2106 1180 2393 1236 auxilium
2444 1180 2532 1234 fer
2562 1196 2735 1235 servo
2765 1184 2869 1236 tuo
2923 1180 3133 1236 humili
3179 1185 3236 1236 et
3263 1182 3649 1249 infortunato,

291 1282 368 1344 τῷ
400 1270 573 1344 δούλῳ
605 1292 724 1337 σο,υ
749 1281 822 1343 τῷ
860 1280 1083 1341 ταπεινῷ
1132 1275 1220 1322 καὶ
1286 1269 1466 1341 ἀθλίῳ,
1523 1279 1594 1340 τῷ
1647 1273 1742 1327 τὴν
1803 1274 1900 1326 σὴν
2004 1285 2055 1341 φ

1323 1271 1466 1341 θλίῳ,
1523 1279 1594 1340 τῷ
1647 1273 1742 1327 τὴν
1803 1274 1900 1326 σὴν
2004 1270 2108 1341 qui
2139 1268 2348 1325 salutis
2379 1284 2549 1341 spem
2580 1269 2643 1324 in
2671 1274 2727 1325 te
2757 1285 2879 1325 uno
2899 1269 3086 1340 ponit.

293 1361 574 1432 ἀντίληψιν
606 1361 940 1421 ἐπιζητοῦντι
981 1363 1205 1434 θερμῶς.

369 1452 816 1523 Ἐθαυμάστωσας
886 1451 1044 1510 ὅντως
1123 1459 1210 1500 νύν
1278 1446 1355 1500 ἐπ’
1427 1447 1559 1518 ἐμοὶ,
1626 1452 1900 1511 Δέσποινα,
2077 1450 2133 1504 Μῗ

1891 1489 1900 1509 ,
2077 1449 2280 1504 Miram
2324 1452 2379 1502 te
2435 1447 2580 1502 mihi
2623 1446 2960 1518 praestitisti,
3012 1447 3286 1514 Domina,
3337 1448 3541 1517 Virgo,
3594 1448 3655 1503 in

293 1543 392 1600 τὰς
469 1540 764 1614 εὐεργεσίας
813 1558 928 1605 σου,
993 1543 1153 1611 Κόρη,
1206 1543 1296 1588 καὶ
1343 1539 1408 1588 τὰ
1452 1535 1562 1592 ἐλέη
1626 1555 1744 1604 σου,
1789 1537 1900 1588 ὃθεν
2007 1536 2057 1591 δε

1893 1557 1900 1581 ν
2007 1535 2312 1591 beneﬁciis
2333 1551 2469 1606 quas
2495 1535 2556 1590 in
2578 1551 2673 1590 me
2697 1535 3029 1600 contulisti;
3062 1551 3250 1608 quare
3271 1535 3657 1605 magniﬁcen-

296 1625 510 1691 δοξάζω
538 1648 614 1693 σε,
642 1631 732 1679 καὶ
761 1626 967 1700 ἀνυμνῶ
1010 1631 1097 1678 καὶ
1145 1631 1373 1700 γεραίρω
1429 1630 1522 1682 τὴν
1569 1624 1762 1682 πολλὴν
1815 1628 1903 1675 καὶ
2008 1625 2060 1680 tia

1893 1631 1903 1675 ι
2008 1625 2153 1680 tiam
2186 1629 2351 1700 tuam
2377 1623 2659 1680 laudibus
2692 1630 2870 1697 atque
2890 1625 3136 1696 hymnis
3158 1625 3458 1682 celebrare
3503 1641 3657 1682 nun-

299 1719 524 1789 οἰμετρον
544 1696 867 1788 κηδεμονίαν
889 1703 1014 1772 σου.
1155 1696 1160 1697 ⁷
1208 1696 1216 1700 ”
1299 1696 1308 1700 ’
2007 1711 2195 1789 quam
2221 1696 2445 1752 deSlSlO
2470 1737 2482 1749 .

373 1785 629 1876 καταιγίς
675 1785 738 1876 με
789 1803 1037 1876 χειμάζει
1091 1812 1190 1856 τῶν
1271 1811 1569 1876 συμφορῶν,
1627 1807 1900 1867 Δέσποινα,
2079 1787 2137 1840 Τ(

1896 1845 1900 1862 ,
2079 1787 2503 1856 Tempestates,
2535 1785 2804 1855 Domina,
2839 1785 2899 1840 in
2929 1801 3024 1840 me
3063 1785 3297 1842 irruunt
3338 1793 3397 1842 et
3442 1803 3660 1843 earum-

294 1898 515 1946 καὶτῶν
569 1893 812 1966 λυπηρῶν
858 1897 1132 1964 τρικυμίαι
1189 1894 1656 1953 καταποντίζουσιν
1708 1911 1720 1922 ο
1778 1889 1904 1941 ἀλλὰ
1936 1919 1974 1971 Β
2009 1889 2058 1928 ni

1896 1911 1904 1940 ι
1936 1919 1974 1971 Β
2009 1889 2226 1928 narum
2248 1888 2466 1942 gurges
2497 1890 2594 1928 me
2645 1873 2928 1941 devorat;
2984 1874 3093 1930 sed
3122 1879 3186 1930 tu
3228 1891 3483 1932 manum
3513 1877 3660 1934 mihi

294 1985 656 2056 προφθάσασα
683 1961 843 2053 χεῖρά
871 1961 962 2053 μοι
993 1961 1082 2041 δὸς
1138 1979 1407 2052 βοηθείας,
1475 1981 1505 2035 η
1564 1981 1723 2051 θερμὴ
1767 1977 1904 2030 ἀντί·
1939 1961 1973 1971 υ
2009 1977 2058 2018 διῖ

1895 2010 1904 2019 .
1939 1961 1973 1971 “’
2009 1961 2440 2018 auxiliatricem
2469 1962 2729 2034 porrige,
2753 1962 3104 2035 praesidium
3129 1967 3188 2020 et
3210 1964 3472 2035 adjutrix
3499 1982 3659 2024 mea.

292 2072 454 2143 ληψις
482 2077 573 2124 καὶ
600 2075 906 2145 προστασία
924 2089 1047 2142 μου.

377 2158 555 2218 Ᾱληθῆ
617 2128 871 2213 ὸεοτόκον
916 2158 1173 2230 ὁμολογῶ,
1227 2162 1504 2218 Δέσποινα,
1562 2160 1621 2209 σέ
1665 2157 1758 2214 τὴν
1807 2163 1900 2208 τοῦ
2043 2221 2054 2230 .
2081 2133 2141 2186 v‘

1899 2184 1900 2192 χ
2081 2133 2294 2187 Veram
2322 2135 2377 2186 te
2405 2128 2722 2203 Deiparam
2752 2132 3204 2205 conﬁteorque:
3231 2135 3442 2191 mortis
3472 2135 3663 2208 impe-

299 2252 529 2303 θανάτου
578 2252 636 2301 τὸ
694 2250 887 2322 κρὰτος
937 2247 1344 2318 ἑξαφανίσασαν,
1391 2249 1456 2307 ὡς
1503 2251 1592 2298 καὶ
1638 2245 1902 2317 φυσίζωος
2009 2237 2063 2319 Π.

1900 2268 1902 2303 ί
2009 2221 2166 2276 rium
2196 2221 2528 2287 abolevisti,
2562 2227 2620 2277 et
2674 2238 2811 2293 quae
2844 2223 2896 2278 vi
2943 2228 3047 2279 tua
3074 2223 3317 2280 viviﬁca
3344 2241 3417 2280 ex
3449 2225 3664 2282 inferni

295 2340 358 2392 ἐκ
413 2348 514 2390 τῶν
567 2309 777 2410 δεσμῶν
839 2345 937 2389 τῶν
1015 2333 1150 2407 ᾁδου
1218 2339 1343 2408 πρὸς
1428 2335 1567 2396 ζωὴν
1647 2333 1902 2406 ἀνήγαγες
2010 2325 2059 2364 Vl

1704 2339 1902 2406 ,ἠγαγες
2010 2309 2265 2366 vinculis
2297 2309 2376 2365 ad
2406 2312 2589 2366 vitam
2614 2311 2730 2367 hac
2758 2312 2820 2366 in
2846 2317 3002 2368 terra
3030 2328 3128 2368 me
3155 2313 3468 2370 revocasti.

294 2429 372 2490 εἰς
403 2435 504 2500 γῆν
524 2447 586 2500 με
618 2429 900 2502 ῥεύσαντα.
2082 2491 2119 2502 ,,
2157 2488 2167 2498 .

372 2520 642 2569 Διάσωσον
681 2515 783 2568 ἀπὸ
826 2512 1080 2566 κινδύνων
1136 2520 1252 2574 τοὺς
1309 2509 1532 2575 δούλους
1590 2531 1706 2582 σου,
1766 2519 1902 2565 Θεο-
2020 2579 2040 2582 Α
2081 2491 2136 2542 bl

1889 2543 1902 2552 _
2081 2491 2249 2561 Eripe
2279 2505 2392 2545 nos
2423 2505 2625 2545 servos
2654 2495 2811 2556 tuos,
2876 2507 2913 2547 o
2971 2491 3241 2563 Deipara,
3270 2508 3302 2548 e
3349 2493 3653 2564 periculis.

295 2611 441 2677 τόκε,
476 2609 558 2660 ὅτι
584 2610 767 2666 πάντες
808 2609 937 2678 μετὰ
991 2608 1120 2658 Θεὸν
1153 2604 1220 2664 εἰς
1278 2607 1335 2656 σε
1386 2605 1771 2676 καταφεύγομεν
1833 2605 1902 2664 ὡς
2012 2579 2059 2634 8⁴

2012 2578 2354 2634 Secundum
2390 2581 2574 2634 Deum
2603 2580 2763 2635 enim
2816 2580 2894 2636 ad
2924 2585 2977 2636 te
3009 2586 3071 2636 ut
3119 2598 3362 2639 murum
3417 2583 3666 2656 inexpu-

296 2698 562 2773 ἄρρηκτον
580 2706 758 2769 τεῖχος
789 2701 881 2748 καὶ
911 2699 1258 2765 προστασίαν.
2011 2683 2060 2737 8]

1531 2667 1542 2676 ’
1626 2667 1638 2674 ⁷
1682 2667 1692 2675 ’
2011 2667 2318 2737 gnabilem
2350 2673 2408 2723 et
2427 2669 2782 2739 adjutricem
2815 2669 3221 2742 confugimus.

378 2787 682 2857 Ἐπίϐλεψον
741 2785 790 2837 έν
858 2786 1109 2856 εὐμενείᾳ,
1156 2787 1455 2855 πανύμνητε
1507 2787 1747 2843 Θεοτόκε,
1817 2781 1900 2834 ἐπὶ
2014 2852 2023 2857 _
2082 2757 2142 2809 ΒΑ

2082 2757 2355 2829 Respice,
2385 2757 2787 2815 illustrissima
2816 2759 3090 2832 Deipara,
3121 2776 3231 2833 pro
3256 2761 3670 2820 misericordia

296 2883 395 2934 τὴν
417 2878 544 2949 έμὴν
591 2875 830 2948 χαλεπὴν
883 2881 974 2926 τοῦ
1021 2879 1261 2944 σώματος
1321 2876 1554 2924 κάκωσιν
1610 2877 1699 2922 και
1749 2875 1899 2923 ’ίασον
2009 2852 2060 2949 Ψ

2009 2852 2112 2904 tua
2140 2847 2220 2904 ad
2252 2847 2507 2919 miseria,
2536 2848 2759 2921 quibus
2815 2864 3035 2921 corpus
3068 2866 3274 2907 meum
3329 2852 3664 2926 tribulatur,

300 2973 401 3026 τῆς
430 2938 633 3036 φυχῆς.
643 2983 744 3036 μου
780 2967 838 3014 τὸ
859 2961 1012 3034 αλγος
1100 2938 1109 2944 ’
2010 2943 2064 2995 et

2010 2943 2068 2995 et
2090 2939 2308 2996 animus
2323 2938 2631 2995 doloribus
2649 2938 2884 2995 medica
2906 2939 3097 3009 adsis,

896 3029 966 3106 δ).
999 3050 1058 3103 Ὀ
1089 3053 1277 3123 εἰρμος.
2099 3119 2141 3123 μ
2204 3118 2214 3123 ᾳ
2363 3121 2392 3123 _
2519 3118 2529 3123 _
2649 3054 2660 3073 ‘

1237 3070 1277 3110 ς.
2649 3029 2704 3082 4.
2729 3029 2999 3086 Hirmus.

374 3146 442 3195 Σύ
472 3162 595 3215 μου,
628 3143 845 3215 Χριστὶ,
875 3143 1063 3214 Κύριός
1111 3117 1210 3211 μου
1267 3144 1356 3191 καὶ
1405 3134 1650 3208 δύναμις,
1687 3141 1752 3189 σὺ
1784 3140 1902 3204 ea,
2084 3119 2138 3175 Cl

2084 3118 2327 3189 Christe,
2362 3118 2612 3174 Domine
2643 3122 2701 3174 et
2748 3117 2928 3186 Deus,
2987 3120 3302 3178 exsultatio
3357 3138 3515 3190 mea,
3566 3124 3671 3197 qui

301 3237 370 3284 σύ
401 3207 502 3305 μου
528 3207 846 3303 ἀγαλλίαμα,
879 3231 905 3281 ὀ
949 3207 1067 3302 περὶ
1111 3207 1327 3302 κυρίους
1357 3207 1575 3286 κόλπους
1612 3232 1685 3299 μὴ
1743 3227 1904 3279 λιπὼν
1943 3273 1982 3305 ρ
2014 3224 2065 3281 Ρ¹

1943 3273 1982 3305 ρ
2014 3223 2125 3281 pro
2146 3207 2348 3263 divina
2385 3212 2490 3263 tua
2531 3207 2944 3264 misericordia
2994 3216 3412 3282 paupertatem
3470 3229 3673 3270 meam

302 3273 369 3284 ν’
401 3273 500 3305 τ’·ν-
528 3273 846 3303 "l""""‘l""’
881 3273 904 3281 ν
953 3273 1067 3302 ’“Ἶ”“
1115 3273 1327 3302 “⁷Γ“⁷⁷“³
1357 3273 1575 3286 --η---πι
1612 3273 1683 3299 ι--σ
1745 3273 1895 3279 -η-ν-ν
2016 3273 2036 3281 -

298 3328 392 3375 καὶ
415 3327 510 3380 τὴν
560 3324 806 3396 ἡμετέραν
861 3323 1126 3390 πτωχείαν
1180 3316 1642 3388 έπιστκεψάμενος,
1700 3311 1785 3367 διὸ
1813 3319 1906 3368 σὺν
1943 3273 1982 3329 C
2017 3314 2062 3353 Γ(

1943 3273 1982 3329 C
2017 3314 2110 3353 res
2139 3296 2310 3353 existi
2337 3315 2348 3348 :
2383 3311 2526 3366 ergo
2558 3313 2696 3352 cum
2753 3297 3095 3355 Ambacum
3125 3300 3436 3358 exclamo:
3468 3302 3673 3359 Virtuti

299 3420 375 3482 τῷ
430 3386 671 3484 προφητῃ
711 3386 1044 3480 ’Ἀϐϐακωύμ
1103 3426 1187 3459 σοι
1233 3386 1538 3478 κραυγαζω,
1578 3412 1652 3477 Τῇ
1689 3401 1908 3476 δυνάμει
2019 3399 2063 3443 τοι

1007 3386 1044 3480 μ
1103 3426 1187 3459 σοι
1233 3386 1538 3478 κραυγάζξυ,
1578 3412 1652 3477 Τῇ
1689 3401 1908 3476 δυνάμει
2019 3399 2138 3443 tuae
2168 3386 2376 3457 gloria,
2402 3387 2771 3442 misericors!

304 3521 403 3554 σου
432 3497 467 3554 δ
470 3498 583 3569 ὸξα,
614 3499 960 3572 φιλάνθρωπε.

945 3586 1258 3660 Τροπάριον.
2096 3656 2156 3660 Μ
2189 3656 2199 3660 _
2356 3653 2372 3660 -
2546 3653 2581 3660 ῃ
2652 3653 2667 3660 _

2704 3565 3088 3634 Troparium.

379 3684 480 3734 Καὶ
550 3686 652 3730 ποῦ
707 3677 883 3730 λοιπὸν
941 3674 1101 3733 ἄλλην
1157 3675 1364 3747 εὑρήσω
1432 3673 1677 3744 ἀτίληψιν
1739 3690 1753 3740 ;
1809 3681 1910 3727 ποῦ

2095 3656 2203 3713 Ubi
2233 3653 2475 3712 tandem
2508 3653 2673 3710 aliud
2702 3654 3006 3711 inveniam
3025 3653 3325 3726 refugium
3345 3657 3373 3710 ?
3392 3673 3516 3730 quo
3535 3675 3676 3716 con-

302 3773 596 3844 προσφύγω
657 3775 805 3831 ςποῦ
865 3762 924 3818 δε
971 3768 1061 3817 καὶ
1119 3743 1432 3835 σωθήσομαι
1483 3781 1497 3831 ;
1547 3743 1664 3815 τίνα
1719 3765 1911 3836 θερμήν
2023 3747 2066 3844 fl

2023 3746 2250 3817 fugiam
2273 3743 2301 3798 ‘P
2329 3744 2578 3800 ubinam
2611 3743 2816 3799 salvus
2845 3760 2945 3800 ero
2966 3745 2994 3798 ?
3023 3745 3339 3818 quodnam
3379 3747 3675 3804 auxilium

303 3833 402 3922 ἔξω
431 3833 625 3932 βοηθὸν
658 3856 868 3927 θλίψεσι
906 3862 998 3906 τοὺ
1057 3851 1180 3926 βίου
1211 3859 1300 3905 καὶ
1338 3833 1556 3916 Ἵζάλαις,
1581 3856 1724 3925 οἶμοι
1751 3833 1911 3906 Ῐκλο-
2022 3837 2067 3891 Π

2022 3837 2081 3891 in
2110 3836 2245 3891 vitae
2295 3834 2576 3889 aerumnis
2606 3838 2664 3888 et
2717 3833 3206 3890 tribulationibus
3235 3835 3477 3894 habebo
3501 3839 3529 3894 ?
3552 3837 3679 3894 Tibi

303 3922 597 4022 μούμενος;
629 3947 713 4006 Εἰς
740 3922 798 3997 σε
827 3948 988 4017 μόνην
1018 3922 1232 4010 έλπίζω,
1272 3947 1362 3994 καὶ
1395 3940 1589 4015 θαρρῶ,
1634 3922 1726 3994 καὶ
1778 3960 1912 3993 καυ-
2025 3943 2067 4022 ξε

2025 3925 2136 3981 soli
2175 3924 2450 3992 conﬁdo;
2487 3923 2549 3978 in
2564 3928 2620 3979 te
2633 3922 2882 3994 glorior;
2904 3923 3018 3978 sub
3044 3923 3173 3980 alas
3205 3929 3340 3981 tuas
3370 3925 3676 3998 confugio.

301 4014 510 4111 iubam,
533 4041 624 4089 καὶ
652 4014 969 4109 προστρίχω
993 4039 1055 4105 τῇ
1088 4035 1251 4104 σκέπῃ
1275 4050 1390 4099 σου,
1418 4014 1593 4083 σῶσόν
1622 4050 1704 4103 με.
2024 4017 2203 4111 scf“:
2229 4014 2368 4111 me:
2683 4101 2692 4110 Ι
2800 4101 2810 4111 _
2943 4102 2979 4111 υ

374 4132 475 4181 Τὸν
548 4127 784 4198 ποταμὸν
858 4127 944 4176 τόν
1000 4121 1247 4194 γλυκερὸν
1300 4129 1391 4173 τοῦ
1441 4118 1578 4172 ἐλέου
1640 4124 1756 4188 σὸυ,
1824 4124 1911 4172 τὸν
2096 4106 2137 4159 Ῑ)

2096 4102 2273 4159 Dulce
2330 4101 2561 4158 flumeu
2612 4101 3037 4158 misericordiae
3081 4106 3221 4170 tuae,
3252 4119 3376 4176 quo
3407 4105 3678 4162 animam

300 4217 584 4278 πλουσίαις
613 4191 831 4287 δωρεαῖς
861 4191 1190 4287 δροσίσαντα
1217 4215 1308 4268 τὴν
1356 4210 1643 4262 παναθλίαν
1682 4213 1774 4262 καὶ
1822 4229 1912 4262 τα-

2019 4211 2220 4250 meam
2251 4208 2663 4249 aerumnosam
2692 4207 2762 4247 ac
2791 4192 3083 4248 humilem
3106 4191 3412 4249 beneﬁciis
3442 4210 3679 4251 recrea-

300 4312 501 4374 πεινὴν,
532 4306 781 4376 πάναγνε,
836 4301 1023 4373 ψυχήν
1057 4319 1177 4372 μου,
1233 4308 1333 4351 τῶν
1387 4308 1665 4372 συμφορῶν
1691 4304 1912 4352 καὶτῶν
2021 4301 2064 4339 Vl

2021 4283 2138 4350 vit;
2170 4284 2438 4340 animam
2470 4281 2606 4337 dico
2635 4281 2696 4336 in
2759 4280 3061 4337 malorum
3093 4297 3162 4337 ac
3219 4282 3679 4340 tribulationum

303 4370 526 4468 θλίψεων
599 4370 801 4467 καμίνῳ
849 4370 1245 4464 ιρλογισθεῑσαν,
1321 4370 1614 4460 μεγαλύνω,
1670 4391 1912 4462 κηρύττω
2023 4390 2067 4430 Cl

2023 4373 2262 4430 camino
2282 4372 2663 4446 puriﬁcatam
2685 4393 2707 4442 ,-
2753 4375 2810 4427 te
2838 4370 3184 4442 magniﬁco,
3230 4375 3286 4428 te
3307 4372 3679 4429 carminibus

301 4493 394 4539 καὶ
421 4488 739 4560 προστρέχω
763 4489 825 4554 τῇ
863 4484 1027 4551 σκέπῃ
1050 4497 1168 4542 σου,
1198 4483 1368 4530 σῶσόν
1399 4497 1484 4550 με,
2023 4481 2065 4519 οε

922 4460 1027 4551 in
1050 4497 1168 4542 σου,
1198 4483 1368 4530 σῶσόν
1399 4497 1484 4550 με.
1742 4460 1750 4462 ἡ
2023 4463 2280 4520 celebro.
2315 4461 2492 4519 Salva
2541 4477 2639 4516 me
2673 4460 2686 4515 l

378 4579 437 4629 Σε
459 4550 555 4634 τὴν
575 4550 758 4644 άγνην,
801 4550 870 4624 ⁷σε
899 4550 1014 4628 τὴν
1057 4569 1312 4641 Παρθένον
1367 4572 1457 4619 καὶ
1497 4565 1742 4637 ἄσπιλον,
1812 4571 1910 4639 μό·
1951 4621 1990 4644 n
2095 4557 2142 4610 Τ1

1951 4621 1990 4644 n
2095 4557 2170 4610 Te
2200 4552 2498 4623 Virginem
2535 4555 2834 4622 sanctam,
2865 4550 3321 4608 immaculatam
3351 4552 3544 4609 solam
3572 4553 3681 4610 ha-

301 4621 1281 4738 uriri—veterinﬂrsigo;idﬂpoa’pdxhrov,
1329 4660 1651 4729 καταφυγὴν,
1715 4621 1911 4714 σκέπην
1947 4621 1990 4674 D
2019 4644 2062 4700 b

1947 4621 1990 4674 θ
2019 4644 2156 4716 beo,
2182 4621 2426 4700 murum
2441 4640 2995 4714 inexpugnabilem,
3020 4641 3320 4713 refugium
3337 4641 3582 4712 salutis;
3606 4658 3682 4700 ne

303 4731 585 4828 κραταιὰν,
643 4731 878 4823 ὅπλισμα
915 4731 1228 4821 ’σωτηρίας,
1276 4751 1347 4818 μή
1424 4765 1487 4818 με
1538 4742 1770 4820 παρίδῃς
1823 4749 1910 4798 τὸν
2022 4740 2067 4790 te

2022 4740 2076 4790 te
2107 4738 2345 4791 avertas
2375 4750 2411 4789 a
2439 4749 2536 4788 me
2587 4731 2833 4798 misero,
2867 4731 3188 4787 hominum
3227 4731 3683 4804 desperantium

304 4847 536 4910 ἄσωτον,
587 4841 731 4902 ελπὶς
795 4837 1209 4910 ἀπελπισμένων,
1303 4833 1530 4888 ἀσθενῶν
1597 4839 1909 4907 συμμαχία,
2026 4841 2068 4896 8]

2026 4839 2167 4896 spes
2191 4830 2247 4880 et
2263 4820 2811 4896 propugnaculum,
2832 4835 3130 4893 aegrorum
3151 4820 3444 4892 gaudium
3460 4825 3519 4878 et
3537 4837 3682 4878 con-

307 4931 618 5004 θλιϐομένων
647 4931 796 5004 χαρὰ
811 4933 902 4980 καὶ
931 4924 1222 4995 ἀντίληψις.
2022 4913 2252 4971 solatio.

380 5000 497 5084 ιιῶς
545 5000 758 5083 iamsi»
790 5037 885 5070 σου
932 5015 1047 5068 κατ’
1088 5013 1237 5077 ἀξίαν
1268 5009 1571 5085 δυνήσομαι
1620 5016 1744 5075 τοὺς
1781 5010 1913 5085 ἀμέ-
2093 5005 2139 5070 Q

2093 5002 2436 5072 Quomodo,
2468 5018 2506 5058 ο
2563 5001 2841 5069 Domina,
2895 5000 3339 5058 misericordias
3385 5004 3521 5058 tuas
3572 5016 3683 5074 pro

300 5115 432 5176 λους
459 5112 786 5184 οὶκτιρμούς,
813 5117 853 5160 ὠ
883 5111 1155 5171 Δέσποινα,
1210 5107 1328 5165 τούς
1374 5108 1469 5162 τὴν
1511 5102 1639 5176 ἐμὴν
1695 5106 1916 5156 πάντοτε
2022 5093 2064 5150 d

2022 5093 2314 5164 dignitate
2342 5091 2707 5166 praedicabo,
2736 5107 2872 5163 quae
2892 5090 3163 5147 animam
3183 5107 3385 5147 meam
3415 5090 3685 5164 undique

301 5204 494 5276 ψυχὴν
570 5179 752 5260 δεινῶς
806 5195 1109 5268 θλιϐομένην
1167 5198 1235 5255 ὡς
1274 5190 1433 5267 ,ὕδωρ
1495 5192 1914 5267 περικυκλωσανσ
2026 5201 2065 5239 νε

2026 5189 2325 5253 vexatam,
2377 5188 2444 5238 ut
2495 5197 2671 5254 aquae
2723 5179 3010 5246 insulam,
3039 5179 3623 5238 circumdederunt?
3648 5197 3685 5238 o

302 5270 438 5360 ταςξ
475 5289 615 5345 Ἀλλ’
659 5289 818 5350 ὣτῆς
851 5293 951 5348 σῆς
1005 5288 1247 5360 προνοίας
1302 5287 1392 5335 καὶ
1448 5290 1543 5344 τῆς
1593 5281 1911 5356 εὐεργεσίας,
2028 5292 2066 5331 Sd

2028 5272 2484 5340 sollicitudines,
2506 5287 2543 5328 ο
2559 5270 2873 5340 beneﬁcia,
2891 5284 3155 5342 quorum
3176 5284 3290 5341 ego
3303 5270 3484 5326 miser
3494 5270 3687 5342 jactu-

303 5379 368 5444 ἧς
398 5381 630 5456 ἀφρόνως
658 5380 684 5430 ό
709 5377 867 5438 τὰλας
894 5374 1162 5429 ἀπώλεσα.
2026 5380 2067 5420 τε

568 5401 630 5441 υς
658 5380 684 5430 ό
709 5377 867 5438 τὰλας
894 5374 1162 5429 ἀπώλεσα.
2026 5379 2160 5420 ram
2184 5363 2295 5420 feci
2320 5363 2332 5418 !

381 5475 651 5526 Διάσωσον
682 5467 783 5521 ἀπὸ
804 5462 1059 5518 κινδύνων
1089 5467 1212 5525 τοὺς
1242 5459 1463 5524 δούλους
1504 5481 1623 5531 σου,
1669 5463 1913 5525 Θεοτόκε,
2099 5457 2140 5509 Ε

2099 5454 2269 5526 Eripe
2300 5468 2413 5509 nos
2438 5467 2642 5507 servos
2671 5455 2829 5521 tuos,
2864 5464 2901 5505 o
2934 5447 3211 5522 Deipara,
3258 5464 3291 5505 e
3370 5448 3678 5522 periculis.

306 5567 392 5618 ὃτι
416 5563 622 5622 πάντως
659 5559 792 5632 μετὰ
840 5558 970 5610 Θεὸν
1027 5556 1100 5616 εἰς
1158 5555 1218 5605 σε
1267 5553 1660 5625 καταφεύγομεν
1709 5551 1782 5612 ὡς
1819 5548 1916 5624 ἄῤ-
2029 5545 2070 5602 δι

2029 5542 2377 5619 Secundum
2421 5543 2610 5598 Deum
2638 5540 2801 5596 enim
2838 5539 2918 5598 ad
2947 5543 3003 5596 te
3029 5543 3097 5595 ut
3125 5555 3373 5597 murum
3427 5540 3687 5614 inexpu-

306 5655 500 5732 ῥηκτον
527 5631 706 5722 τεῖχος
726 5651 817 5700 καὶ
845 5647 1198 5721 προστασίανυ
2026 5651 2070 5708 g

1003 5647 1198 5697 τασίαν·
2026 5634 2334 5708 gnabilem
2361 5631 2767 5732 confugimus.

385 5718 693 5818 'zxtm'o»
745 5736 794 5791 έν
846 5718 1100 5810 εύμενείᾳ,
1156 5735 1456 5807 «deum
1514 5734 1758 5800 W,
1832 5727 1918 5783 ἐπὶ
2097 5727 2149 5781 Βι

2097 5723 2366 5797 Respice,
2404 5719 2808 5779 illustrissima
2834 5718 3113 5794 Deipara,
3142 5735 3256 5794 pro
3278 5720 3692 5784 misericordia
