4468 6450
701 4223 703 4227 ,
792 4162 1042 4220 ﬂuvium
1089 4159 1538 4227 inexhaustum,

817 423 922 494 7'75

2195 428 2549 492 THEODORI
2567 431 2615 487 ll
2642 425 2788 489 IMP.

4067 419 4176 486 “7'76

818 564 941 631 tua,
974 559 1054 617 ad
1081 556 1355 617 miserias
1382 547 1605 632 quibus
1635 564 1854 631 corpus
1882 562 2087 616 meum
2114 559 2385 628 vexatur,
2412 559 2470 615 et

2504 558 2544 612 Α
2576 559 2671 615 τὴν
2699 553 2825 627 ἐμὴν
2853 550 3088 622 χαλεπὴν
3125 556 3218 605 τοῦ
3270 552 3512 625 σώματος
3564 551 3815 625 κάκωσιν,
3875 553 3968 606 καί
4020 554 4175 605 ἴασαι

817 650 1037 709 animae
1062 648 1369 708 doloribus
1393 647 1657 706 medere.

1527 742 1579 794 5.
1611 738 1881 795 Hirmus.

890 832 1007 888 Cur
1025 845 1122 887 me
1139 845 1175 887 a
1191 826 1364 885 Vultu
1387 830 1489 885 tuo
1505 826 1779 899 rejecisti,
1805 829 2030 883 Lumen
2046 823 2419 883 inaccessum
2438 823 2467 880 ?

816 919 1096 977 Tenebrae
1116 918 1257 976 dirae
1276 932 1374 976 me
1394 916 1775 975 circumdant
1794 916 2107 973 miserum.
2132 915 2247 973 Sed
2266 914 2345 972 ad
2369 929 2468 971 me

816 1012 1180 1081 convertere,
1214 1022 1441 1080 quaeso,
1466 1011 1522 1064 et
1539 1006 1670 1064 vias
1689 1021 1858 1064 meas
1884 1005 2241 1063 secumdum
2261 1003 2467 1061 lumen

814 1098 1244 1157 mandatorum
1273 1101 1517 1155 tuorum
1545 1095 1753 1168 dirige.

1485 1186 1860 1257 Tropm'ium.

887 1282 1065 1338 Grato
1094 1294 1167 1337 ex
1195 1276 1400 1335 animo
1429 1276 1508 1334 ad
1537 1280 1592 1332 te
1623 1273 1858 1332 clamo:
1889 1275 2033 1342 Ave,
2059 1271 2234 1345 Virgo
2268 1275 2465 1345 Mater,

817 1371 1001 1440 salve,
1025 1384 1250 1443 sponsa
1273 1367 1408 1434 Dei;
1434 1364 1611 1437 salve,
1631 1364 1929 1436 refugium
1942 1362 2213 1421 divinum
2240 1378 2253 1430 ;
2277 1366 2465 1432 salve,

815 1460 1016 1518 velum
1038 1465 1093 1515 et
1120 1473 1331 1514 murus
1353 1456 1690 1512 inaccessus
1724 1469 1889 1523 ;ave,
1910 1469 2157 1526 praeses,
2188 1453 2467 1510 salvatrix

813 1565 1024 1611 eorum
1042 1548 1148 1621 qui
1176 1563 1315 1603 cum
1345 1544 1464 1602 ﬁde
1490 1544 1569 1601 ad
1592 1548 1645 1600 te
1666 1542 2038 1613 confugiunt.

885 1642 1016 1712 Qui,
1049 1655 1144 1697 me
1172 1637 1311 1695 odio
1362 1632 1610 1701 habent,
1668 1631 1801 1699 tela,
1858 1647 2033 1688 enses
2082 1635 2138 1687 et
2166 1628 2357 1688 fossas
2407 1630 2469 1688 in

808 1748 1037 1792 vanum
1066 1729 1386 1804 apparant,
1416 1726 1481 1781 ut
1509 1722 1792 1779 miserum
1823 1737 2026 1777 meum
2058 1736 2277 1793 corpus
2317 1720 2468 1777 dila-

813 1825 1013 1880 cerent
1062 1824 1120 1876 et
1167 1818 1230 1874 in
1276 1815 1402 1872 ima
1441 1818 1607 1870 terrae
1658 1810 2020 1884 deprimant.
2049 1812 2134 1867 Tu
2163 1813 2365 1866 autem
2396 1825 2468 1867 ex

810 1927 1021 1971 eorum
1050 1907 1279 1966 insidiis
1319 1919 1417 1962 me
1444 1902 1653 1970 libera,

884 2000 1207 2070 Quodnam
1254 1994 1406 2068 grati
1435 1993 1622 2051 animi
1646 1992 1877 2049 donum
1929 1990 2033 2049 tibi
2062 1991 2313 2048 offeram
2356 2006 2467 2063 pro

810 2092 987 2150 donis
1002 2105 1138 2165 quae
1161 2086 1395 2145 inﬁnita
1409 2089 1511 2142 tua
1524 2081 1971 2154 magniﬁcentia
1989 2082 2050 2136 in
2064 2097 2161 2137 me
2184 2079 2468 2137 contulit?

808 2186 953 2253 Age,
976 2175 1454 2237 misericordiam
1485 2179 1653 2230 tuam
1683 2172 1746 2228 in
1790 2187 1885 2228 me
1933 2169 2300 2228 ineffabilem
2342 2169 2467 2226 sine

807 2287 906 2328 me
936 2270 1262 2344 praedicare
1286 2270 1343 2324 et
1368 2263 1634 2323 carmine
1659 2261 1979 2319 celebrare-

881 2359 1091 2415 Libera
1118 2370 1231 2413 nos
1261 2369 1462 2411 servos
1516 2359 1673 2423 tuos,
1726 2351 2000 2425 Deipara,
2056 2363 2089 2405 e
2164 2345 2462 2422 periculis.

806 2454 888 2509 Tu
904 2448 1088 2519 enim,
1107 2444 1441 2504 secundum
1464 2447 1672 2512 Deum,
1707 2456 1916 2499 murus
1938 2442 2140 2495 noster
2161 2452 2365 2493 aeneus
2408 2439 2467 2492 et

804 2539 1105 2611 refugium
1136 2535 1387 2594 exsistis.

877 2629 1145 2702 Respice,
1175 2625 1511 2684 clarissima
1547 2623 1821 2696 Deipara,
1876 2636 1986 2694 pro
2017 2615 2333 2676 clementia
2358 2618 2462 2671 tua

805 2720 885 2777 ad
923 2733 1228 2775 (erumnas
1282 2715 1506 2790 quibus
1536 2730 1755 2788 corpus
1806 2726 2012 2768 meum
2042 2706 2377 2774 tribulatur,
2405 2709 2464 2760 et

805 2808 1024 2867 animae
1053 2806 1365 2865 doloribus
1391 2804 1731 2863 remedium
1756 2801 1922 2859 after.

1517 2899 1573 2952 6.
1611 2896 1875 2951 Hirmus.

877 2987 1260 3047 Precationes
1288 2984 1537 3044 effando
1566 2998 1711 3053 erga
1734 2980 2055 3038 Dominum
2081 2976 2256 3049 eique
2277 2972 2463 3031 tribu-

801 3080 1058 3138 lationes
1089 3093 1259 3136 meas
1287 3075 1526 3150 aperio;
1555 3072 1841 3131 aerumnis
1888 3070 2050 3126 enim
2106 3066 2325 3123 satiata
2376 3065 2465 3118 est

802 3171 1010 3228 anima
1030 3186 1186 3239 mea,
1242 3173 1302 3226 et
1330 3168 1454 3224 vita
1482 3182 1619 3223 mea
1650 3164 1829 3221 morti
1888 3158 2356 3233 appropinquat,
2406 3156 2463 3208 et

2574 652 2664 705 τῆς
2690 641 2873 714 ψυχῆς
2900 659 3001 713 μου
3031 643 3089 693 τό
3109 638 3280 711 ἄλγος.

3145 728 3199 788 ε’.
3239 729 3297 783 "O
3335 730 3531 806 εἰρμος.

2645 819 2756 877 Ἵνα
2779 826 2831 874 τί
2858 840 2922 895 με
2948 818 3143 874 ἀπώσω
3173 819 3382 873 ἀπὸτοῦ
3429 824 3714 896 προσώπου
3768 838 3883 882 σου,
3934 823 3992 872 τό
4050 826 4172 891 φῶς,

2577 913 2635 965 τὸ
2665 908 2894 979 ἄδυτον;
2922 915 3008 963 xui
3041 907 3266 981 ἐκάλυψε
3305 928 3369 982 με
3419 912 3476 963 τὸ
3535 908 3797 982 ἀλλότριον
3848 912 4029 969 σκότος
4085 912 4175 959 τὸν

2579 997 2826 1071 δείλαιον,
2850 999 2957 1052 ἀλλ’
2979 997 3290 1072 ἕπίστρεψὸν
3319 1016 3404 1072 με,
3470 1002 3561 1052 καὶ
3615 1002 3746 1075 πρὸς
3796 1000 3853 1050 τὸ
3911 1006 4017 1069 φῶς
4073 1004 4175 1048 τῶν

2578 1089 2787 1144 ἐντολῶν
2815 1108 2910 1143 σου
2932 1092 3026 1152 τὰς
3051 1085 3204 1149 ὁδούς
3220 1106 3321 1161 μου
3348 1089 3680 1155 κατεύθυνον,
3710 1083 3919 1159 δέομαι.

3180 1178 3390 1250 Τροπάρ
3398 1195 3492 1233 ιον.

2649 1268 2999 1344 Εύχαρίστως
3028 1263 3139 1342 βοῶ
3167 1285 3271 1334 σοι,
3303 1272 3480 1339 χαῖρε,
3512 1266 3936 1340 Μητροπάρθενε,
3993 1267 4177 1337 χαῖρε,

2582 1358 2847 1431 θεόνυμφε,
2875 1364 3054 1432 χαῖρε,
3106 1357 3218 1409 θεία
3267 1360 3455 1422 σκέπη,
3508 1362 3690 1429 χαῖρε,
3739 1353 3891 1407 ὅπλον
3940 1357 4029 1405 xui
4078 1358 4181 1404 τεῖ-

2578 1468 2680 1520 χος
2706 1446 3022 1522 ἀπόρθητον,
3044 1452 3222 1520 χαῖρε,
3254 1449 3559 1519 προστασία
3584 1448 3675 1496 καὶ
3698 1441 3870 1516 βοηθὴ
3917 1445 4007 1493 καί
4067 1459 4178 1492 σω-

2580 1542 2737 1610 τηρία
2761 1545 2859 1589 τῶν
2881 1536 2954 1597 εἰς
2985 1538 3041 1587 σὲ
3069 1536 3501 1609 προστρεχόντων
3524 1532 3578 1585 ἑκ
3597 1536 3844 1593 πίστεως.

2652 1629 2717 1677 Οἱ
2750 1633 3026 1699 μισοῦντες
3053 1641 3115 1696 με
3143 1624 3311 1696 μάτην
3334 1620 3554 1694 βέλεμνα
3602 1626 3694 1674 καὶ
3746 1619 3866 1693 ξίγη
3920 1623 4009 1671 καί
4056 1617 4181 1670 λάκ-

2579 1736 2667 1768 κον
2719 1715 3063 1791 ηύτρὶπισαν,
3103 1716 3193 1765 καὶ
3229 1711 3544 1773 ἐπιζητοῦσι
3584 1715 3640 1763 τὸ
3697 1708 3975 1763 πανάθλιον
4025 1715 4184 1778 σῶμα

2582 1804 2849 1879 σπαράξαι
2908 1823 3029 1876 μου,
3089 1806 3177 1853 xui
3226 1799 3583 1854 καταϐιϐάσαι
3648 1803 3778 1874 πρὸς
3842 1806 3964 1871 γῆν,
4021 1796 4181 1867 ἁγνὴ,

2504 1900 2548 1953 Β
2580 1893 2939 1960 ἐπιζητοῦσιν,
2986 1890 3092 1943 ἀλλ’
3143 1889 3197 1943 ἐκ
3240 1893 3434 1942 τούτων
3468 1891 3823 1966 προφθάσασα
3879 1889 4049 1939 σῶσόν
4095 1903 4183 1956 με.

2649 1990 2712 2038 Τί
2746 2003 2830 2038 σοι
2860 1980 3029 2059 δῶρον
3053 1978 3300 2056 προσάξω
3325 1988 3416 2041 τῆς
3447 1979 3794 2055 εὐχαριστίας
3850 1974 3961 2029 ἀνθ’
4012 1971 4183 2048 ὧνπερ

2578 2072 2850 2127 ἀπέλαυσα
2903 2080 3002 2124 τῶν
3052 2079 3155 2124 σῶν
3196 2066 3543 2143 δωρημάτων,
3596 2072 3687 2119 καί
3731 2074 3828 2129 τῆς
3874 2073 3973 2126 σῆς
4054 2061 4185 2135 ἆμε-

2577 2170 2771 2241 τρὴτου
2816 2166 3224 2237 χρηστότητος;
3276 2165 3562 2233 Τοιγαροῦν
3621 2153 3848 2223 δοξάζω,
3912 2152 4183 2226 ὑμνολογῶ

2576 2262 2666 2309 καὶ
2694 2254 2962 2328 μεγάλυνω
2995 2270 3089 2304 σου
3132 2255 3227 2306 τὴν
3275 2250 3469 2321 ἄφατον
3522 2251 3654 2321 πρός
3704 2264 3766 2318 με
3830 2243 4183 2316 συμπάθειαν.

2648 2347 2917 2397 Διάσωσον
2948 2340 3049 2395 ἀπὸ
3075 2335 3327 2392 κινδύνων
3351 2341 3469 2398 τοὺς
3513 2330 3731 2396 δούλους
3788 2352 3906 2401 σου,
3935 2335 4183 2398 Θεοτόκε,

2576 2437 2656 2489 ὄτι
2714 2435 2911 2494 πάντως
2949 2431 3081 2506 μετά
3128 2432 3256 2484 Θεὸν
3314 2426 3384 2490 εἰς
3432 2430 3489 2479 σε
3540 2426 3926 2497 καταφεύγομεν
3989 2423 4054 2482 ὡς
4088 2415 4185 2494 οἶρ-

2573 2524 2764 2597 ῥηκτον
2798 2527 2973 2593 τεῖχος
3001 2524 3091 2573 xui
3119 2522 3471 2595 προστασίαν.

2648 2608 2953 2682 Ἐπίϐλεψον
3016 2608 3064 2661 ἐν
3120 2609 3372 2681 εὐμενείᾳ,
3427 2607 3727 2678 πανύμνητε
3777 2605 4015 2667 Θεοτὸκε,
4096 2596 4184 2650 ἐπὶ

2574 2706 2667 2760 τὴν
2695 2700 2820 2770 ἐμὴν
2854 2700 3092 2771 χαλεπὴν
3139 2706 3230 2751 τού
3295 2702 3534 2769 σώματος
3588 2697 3819 2746 κάκωσιν
3884 2693 3970 2744 xui
4028 2692 4185 2740 ’ίασαι

2572 2799 2668 2853 τῆς
2692 2790 2879 2863 ψυχῆς
2907 2809 3008 2863 μου
3046 2792 3106 2841 τὸ
3144 2787 3321 2859 ἄλγος.

3182 2878 3252 2942 ς’.
3277 2877 3336 2930 Ὀ
3376 2878 3572 2951 εἰρμὸς.

2644 2975 2750 3029 Τὴν
2799 2964 2983 3027 δὲησιν
3037 2964 3205 3040 ίκχεω
3254 2969 3386 3042 πρὸς
3440 2967 3632 3040 Κύριον
3690 2966 3780 3015 καὶ
3833 2957 3974 3031 αύτῷ
4014 2953 4187 3029 ἀπαγ-

2573 3059 2705 3132 γελῶ
2769 3079 2869 3132 μου
2914 3061 3008 3120 τὰς
3052 3056 3251 3128 θλίψεις
3290 3058 3371 3109 ὃτι
3417 3061 3588 3106 κακῶν
3639 3053 3667 3111 ὴ
3719 3050 3874 3123 ψυχή
3901 3066 4001 3122 μου
4034 3046 4186 3105 ἔπλὴ-

2578 3152 2705 3218 σθη,
2734 3154 2824 3201 καὶ
2850 3151 2879 3207 ἡ
2913 3149 3019 3209 ζωή
3045 3167 3145 3220 μου
3167 3156 3238 3218 τῷ
3291 3142 3395 3219 ᾅδῃ
3449 3147 3806 3220 προσηγγισε,
3848 3144 3939 3192 καὶ
3993 3134 4184 3209 δέομαι

796 3261 926 3333 jam
957 3276 1190 3334 precor,
1244 3258 1395 3316 sicut
1448 3258 1663 3314 Jonas:
1695 3259 1741 3311 A
1770 3230 1992 3317 malo,—
2038 3230 2310 3313 Domine,
2364 3257 2462 3299 me

2504 3298 2534 3354 Ε
2575 3243 2640 3300 ὡς
2674 3239 2867 3305 Ἰωνᾶς,
2902 3238 2985 3292 Ἐκ
3012 3239 3227 3312 φθορᾶς,
3258 3233 3297 3287 ὦ
3319 3237 3433 3305 Θεὶ,
3467 3235 3529 3305 με
3560 3230 3811 3303 ἀνάγαγε.

800 3349 1069 3409 delibera
1097 3350 1110 3406 l

1450 3434 1829 3507 Troparium,

874 3529 1296 3588 Calamitatum
1324 3525 1520 3583 nubes
1559 3524 1828 3582 animam
1857 3535 2060 3577 meam
2086 3517 2373 3575 miseram
2405 3516 2463 3569 et

800 3636 904 3677 cor
961 3620 1461 3683 obscuraverunt,
1528 3619 1584 3671 et
1626 3612 1887 3671 tenebris
1916 3609 2166 3683 replent.
2211 3604 2327 3663 Sed
2377 3608 2459 3670 tu,

797 3711 993 3782 Virgo,
1021 3723 1158 3783 quae
1184 3707 1391 3764 lumen
1421 3706 1799 3762 inaccessum
1831 3698 2106 3772 genuisti,
2128 3692 2462 3753 vocationis

794 3804 916 3858 tuae
932 3799 1149 3857 divinae
1178 3796 1565 3868 instigatione
1594 3794 1722 3850 haec
1743 3791 1924 3861 longe
1954 3789 2117 3858 fuga.

866 3983 941 4039 Te
966 3980 1029 4037 in
1053 3977 1300 4036 miseriis
1328 3973 1788 4034 consolatricem
1819 3977 1875 4028 et
1927 3967 2283 4027 morborum
2338 3978 2459 4019 me-

793 4072 996 4129 dicarn
1036 4067 1332 4141 cognovi;
1378 4070 1434 4123 te
1466 4064 1675 4121 mortis
1719 4058 2169 4118 destructricem
2220 4058 2276 4111 et
2320 4052 2458 4109 vitae

1609 4158 1665 4211 et
1728 4152 1790 4208 in
1847 4149 2015 4207 omni
2068 4143 2457 4204 tribulatione

790 4256 1142 4328 promptam
1168 4253 1228 4307 et
1252 4247 1561 4307 efﬁcacem
1588 4244 1727 4301 novi
1753 4237 2239 4299 consolatricem.

860 4432 1272 4494 Misericordiae
1300 4435 1417 4488 tua:
1450 4429 1747 4501 abyssum
1776 4419 2300 4484 etmiraculorum,
2320 4432 2457 4489 quae

788 4529 1114 4583 innumera
1132 4524 1463 4597 perpetras,
1492 4515 1917 4587 charitatisque
1940 4513 2001 4569 in
2030 4525 2128 4567 me
2172 4507 2460 4564 inexhau-

786 4623 891 4674 stte
920 4595 1149 4673 fontem
1176 4627 1302 4669 non
1319 4607 1769 4675 sileo,Domina,
1792 4605 1914 4661 imo
1940 4617 2065 4660 una
2098 4615 2238 4657 cum
2260 4595 2451 4655 omni-
2488 4650 2532 4704 Β

785 4707 906 4765 bus
934 4703 1198 4779 praedico
1218 4707 1277 4759 et
1301 4700 1422 4759 alta
1443 4713 1592 4756 voce
1619 4694 1940 4755 annuntio.

857 4891 1002 4948 Vitae
1034 4901 1320 4946 aerumnae
1364 4898 1463 4942 me
1505 4880 1777 4955 undique
1804 4872 2350 4942 circumdederunt,
2382 4874 2449 4928 ut

784 4998 932 5057 apes
960 4979 1218 5045 alveare,
1241 4992 1277 5034 ο
1307 4975 1506 5046 Virgo,
1540 4976 1598 5029 et
1623 4968 1881 5026 miseriae
1931 4964 2048 5022 tela
2100 4977 2205 5018 cor
2238 4977 2445 5017 meum

780 5051 1104 5131 vulnerant
1150 5066 1286 5126 Sed.
1333 5069 1389 5124 te
1447 5059 1879 5122 auxiliatricem
1934 5061 1992 5114 et
2044 5051 2444 5112 liberatricem

784 5162 1035 5222 obviam
1061 5158 1281 5218 habeo.

856 5331 1069 5390 Libera.
1092 5344 1207 5387 nos
1253 5340 1459 5385 servos
1480 5327 1641 5395 tuos,
1673 5337 1711 5380 ο
1754 5318 2033 5393 Deipara,
2064 5330 2097 5373 e
2138 5310 2440 5388 periculis.

783 5420 1131 5483 Secundum
1170 5422 1361 5477 Deum
1376 5415 1540 5474 enim
1555 5412 1636 5473 ad
1653 5417 1707 5470 te
1723 5415 1789 5470 ut
1812 5422 2058 5468 murum
2073 5405 2445 5478 ineXpugna-

776 5512 964 5571 bilem
984 5516 1042 5570 et
1060 5508 1384 5584 praesidem
1403 5502 1814 5577 confugimus.

848 5582 1117 5678 Respice,
1168 5596 1566 5673 inclytissima
1635 5593 1905 5668 Deipara,
1953 5604 2065 5665 pro
2132 5582 2450 5644 clementia

775 5701 904 5767 tua,
934 5695 1017 5756 ad
1036 5691 1316 5753 miserias
1345 5688 1572 5765 quibus
1609 5701 1831 5763 corpus
1859 5697 2068 5743 meum
2095 5681 2369 5753 vexatur,
2395 5679 2453 5737 et

776 5786 999 5851 animae
1027 5782 1254 5847 dolenti
1282 5780 1546 5845 medere.

3251 3403 3567 3477 Τροπάριόν.

2643 3502 2721 3554 Τὰ
2773 3502 2893 3572 νέφη
2940 3504 3040 3551 τῶν
3078 3493 3323 3570 λυπηρῶν
3366 3489 3625 3562 ἐκάλυψαν
3673 3490 3768 3547 τὴν
3826 3481 4007 3538 ἀθλίαν
4077 3499 4185 3555 μου

2573 3592 2761 3665 ψυχὴν
2834 3593 2925 3641 καὶ
3022 3581 3268 3662 καρδίαν,
3355 3581 3654 3653 σκοτασμὸν
3731 3575 4010 3649 ἐμποιούσί
4088 3591 4184 3645 μοι

2574 3690 2717 3759 Κόρη
2750 3704 2762 3715 ·
2797 3679 2903 3732 ἀλλ’
2935 3680 2964 3736 η
2998 3680 3299 3749 γεννήσασα
3324 3680 3430 3745 φῶς
3475 3672 3533 3723 τὸ
3584 3668 3890 3739 ἀπρόσιτον,
3923 3662 4184 3715 unauana

2571 3781 2740 3827 ταῦτα
2813 3769 3018 3843 μακρὰν
3063 3773 3125 3839 τῇ
3205 3762 3479 3837 ἑμπνεύσει
3536 3766 3631 3821 τῆς
3707 3759 3849 3817 θείας
3905 3749 4185 3829 πρεσϐείας

2574 3883 2690 3918 σου.

2642 3948 2985 4027 Παράκλησιν
3016 3944 3064 3997 ἐν
3093 3950 3207 4006 ταῖς
3258 3940 3495 4013 θλίψεσιν
3553 3933 3678 3991 οἶδα
3723 3939 3813 3988 καὶ
3864 3940 3967 3986 τῶν
4013 3935 4184 3984 νόσων

2572 4047 2747 4118 ἰατρόν
2823 4058 2880 4092 σε
2951 4042 3212 4109 γινώσκω,
3263 4037 3353 4085 καὶ
3408 4028 3629 4088 παντελῆ
3702 4025 4049 4101 σνντριμμόν,
4089 4026 4184 4073 xui

2571 4134 2793 4188 θανάτου
2849 4132 2936 4181 xui
2984 4128 3220 4198 ποταμὸν
3268 4132 3366 4183 τῆς
3422 4122 3559 4182 ζωῆς
3626 4113 4015 4184 ἁνεξάντλητὸν,
4094 4114 4187 4163 καὶ

2566 4226 2771 4276 πάντων
2796 4227 2897 4273 τῶν
2928 4215 2975 4269 ἐν
3032 4219 3326 4288 συμφοραῖς
3393 4212 3619 4281 ταχινὴν
3682 4208 3771 4257 καὶ
3818 4202 3987 4266 ὀξεῖαν
4040 4198 4187 4252 ἀντι-

2566 4311 2672 4383 ληψ
2682 4332 2745 4365 ιν.

2641 4401 2717 4453 Οὐ
2748 4401 2962 4474 κρύπτω
2996 4415 3091 4448 σου
3113 4396 3199 4446 τὸν
3226 4390 3389 4466 βυθὸν
3440 4396 3534 4442 τοῦ
3588 4386 3755 4447 ἐλέους
3800 4386 3892 4436 καί
3921 4386 4010 4440 τὴν
4042 4377 4186 4453 βρύ-

2570 4512 2653 4546 σιν
2674 4499 2774 4544 τῶν
2802 4488 3025 4563 ἀπείρων
3067 4485 3345 4557 θαυμάτων
3378 4485 3467 4532 καὶ
3519 4480 3619 4536 τήύ
3674 4479 3853 4546 πηγὴν
3918 4476 4013 4530 τὴν
4063 4468 4185 4522 ἀέν-

2567 4601 2686 4635 ναον
2713 4584 2871 4640 ὅντως
2900 4584 2992 4647 τῆς
3033 4577 3167 4648 πρὸς
3231 4571 3317 4645 ἔμε
3369 4568 3697 4642 συμπαθείας
3748 4579 3866 4633 σου,
3923 4564 4186 4613 Δέσποινα

2534 4711 2544 4723 .
2565 4671 2672 4725 ἀλλ’
2703 4671 2901 4724 ἅπασιν
2931 4665 3168 4740 ὁμολογῶ
3190 4662 3279 4715 καί
3310 4659 3421 4734 βοῶ
3449 4662 3539 4711 καὶ
3566 4658 3809 4731 κηρύττω
3871 4655 3963 4704 καὶ
4020 4650 4183 4722 φθέγ-

2600 4781 2748 4818 anui.

2600 4782 2625 4815 ο
2671 4782 2748 4818 αι.

2560 4784 2594 4835 7
2629 4782 2966 4907 ξΔΕκύκλωσαν
2998 4847 3183 4898 αἰτοῦ
3233 4839 3355 4915 βίου
3404 4857 3466 4912 με
3517 4836 3692 4904 ζάλαι,
3763 4834 3937 4895 ὥσπερ
3996 4826 4183 4900 μελισ-

2562 4963 2655 4997 σαι
2696 4944 2895 5015 κηρίον,
2955 4937 3203 5010 Παρθένε,
3272 4935 3364 4983 καὶ
3432 4933 3528 4988 τὴν
3606 4922 3734 4999 ἔμὴν
3796 4926 4184 4992 κατασχοῦσαι

2558 5030 2806 5111 καρδίαν,
2856 5031 3345 5100 κατατιτρώσκουσι
3402 5019 3527 5095 βέλη
3582 5025 3681 5070 τῶν
3740 5012 3961 5084 θλίψεων
4016 5028 4030 5042 ·
4070 5003 4182 5059 ἀλλ’

2561 5126 2765 5201 εύροιμί
2826 5140 2883 5174 σε
2941 5117 3138 5193 βοηθὸν
3194 5117 3285 5167 καὶ
3337 5108 3565 5168 διώκτην
3617 5108 3711 5160 καὶ
3750 5105 3972 5180 ῥύσ-την,
4014 5100 4186 5170 πανα-

2558 5226 2779 5292 χραντε.

2630 5307 2903 5359 Διὰσωσον
2925 5298 3027 5353 ἀπὸ
3058 5292 3314 5351 κινδύνων
3344 5294 3469 5355 τούς
3516 5284 3739 5347 δούλους
3781 5302 3901 5351 σου,
3934 5281 4182 5342 Θεοτόκε,

2559 5400 2638 5451 ὅτι
2689 5397 2873 5455 πάντες
2918 5411 3052 5467 μετα
3114 5391 3246 5444 Θεὸν
3294 5386 3361 5448 εἰς
3412 5385 3471 5437 σε
3524 5378 3916 5452 καταφεύγομεν
3963 5373 4033 5434 ὡς
4090 5369 4186 5445 ὀίρο

2558 5490 2748 5565 ῥηκτον
2776 5491 2958 5558 τεῖχος
2985 5485 3077 5535 xui
3114 5480 3465 5555 προστασίαν.

2635 5546 2941 5647 animi?»
2998 5571 3047 5625 iv
3127 5546 3379 5644 εύμενιίᾳ,
3438 5562 3739 5636 πανὺμνητε
3797 5555 4046 5647 Θιοτόκε,
4095 5546 4186 5603 ἐπὶ

2563 5675 2657 5731 τὴν
2688 5667 2815 5743 ἕμήν
2858 5663 3097 5741 χαλεπὴν
3143 5668 3236 5715 τοῦ
3296 5663 3539 5733 σώματος
3583 5653 3845 5721 κάκωσιν,
3895 5647 3988 5700 καὶ
4024 5640 4185 5697 ἴασον

2565 5769 2668 5827 τῆς
2698 5758 2879 5835 ψυγῆς
2899 5774 3001 5835 μου
3023 5757 3082 5811 τὸ
3108 5751 3291 5827 ἄλγος.
