4468 6450
296 393 404 458 777
1489 383 1774 457 mutnus
1810 378 1929 449 Ab.
1971 388 2071 450 ss.
2109 383 2485 458 0219mm.
3553 399 3663 461 ἠε

877 521 1015 584 ξ.”0
1027 521 1222 599 είρμός.
1933 518 1980 572 Α
2615 531 2641 581 ’7

1193 543 1222 586 ς.
1933 518 1980 572 Α
2615 530 2672 584 7.
2693 522 2957 583 Ηὺιηιιιε.

378 609 568 673 Παῖδες
657 610 906 686 Ἐϐραίων
985 615 1034 666 ἓν
1117 616 1319 686 καμίνῳ
1377 613 1746 669 κατεπάτησαν
1811 611 1905 666 τὴν
2088 609 2142 664 Ηι

1901 628 1905 650 ν
2088 608 2473 670 Hebraeorum
2520 613 2625 670 filii
2671 613 2733 670 in
2780 614 3020 671 fornace
3063 614 3377 671 ﬂammam
3427 617 3665 671 strenue

301 701 472 774 φλόγα
507 700 823 774 θαρσαλέως,
856 707 946 754 καὶ
973 702 1044 764 εἰς
1075 699 1271 776 δρόσον
1334 706 1392 754 τὸ
1451 709 1554 775 πύρ
1609 697 1907 774 μετέϐαλον,
2016 712 2065 753 e1

1899 739 1907 760 .
2016 699 2446 771 exstinxeruut,
2479 707 2536 760 et
2565 703 2766 776 ignem
2795 705 2996 777 ipsum
3023 703 3084 760 in
3127 720 3322 760 rorem
3361 709 3663 761 transmu-

305 790 553 864 βοῶντες,
583 790 872 854 Εύλολητός
907 789 959 844 οἶ
993 795 1150 866 Κύριε
1188 793 1214 844 ὁ
1282 794 1411 854 Θεὸς
1474 791 1543 853 εἰς
1594 793 1712 850 τούς
1781 788 1908 840 αἱῶο
2018 790 2069 843 ta

1900 815 1908 830 ι
2018 790 2240 853 terunt,
2275 789 2641 850 clamantes:
2676 792 3028 850 Benedictus
3065 807 3130 850 es
3181 792 3432 850 Domine
3489 790 3664 861 Deus,

303 900 400 942 νας
419 879 432 935 !
2019 875 2067 932 in

2019 875 2079 932 in
2096 877 2344 936 saecula!

918 971 1128 1046 Τροπάρ
1138 989 1231 1026 ιον.
2664 975 2682 1029 Ξ

2664 973 3038 1044 Troparium.

385 1073 498 1128 φῶς
569 1069 600 1126 ἡ
671 1075 896 1122 τεκοῦσα
965 1074 1186 1122 Θεοτόκε
1246 1069 1589 1121 σκοτισθίντα
1639 1083 1702 1138 με
1765 1066 1913 1116 νυκτὶ
2091 1066 2149 1120 υς

1909 1104 1913 1114 .
2091 1064 2362 1138 Deipara,
2393 1067 2769 1141 quaelumem
2790 1069 3135 1144 procreasti,
3156 1073 3330 1126 nocte
3347 1084 3444 1126 me
3464 1083 3673 1142 pecca-

313 1156 727 1231 ἁμαρτημάτων,
786 1162 1172 1230 φωταγώγησον
1223 1160 1309 1223 σύ,
1363 1159 1528 1230 φωτὸς
1612 1151 1747 1208 οὖσα
1827 1149 1915 1206 δοο
2024 1155 2077 1209 to

1908 1182 1915 1194 -
2024 1155 2219 1210 torum
2251 1155 2684 1214 circumfusum
2706 1158 2998 1226 illumiua,
3031 1173 3168 1231 quae
3220 1157 3371 1214 lucis
3412 1173 3474 1214 es
3532 1172 3672 1214 con-

313 1255 488 1319 χιῖον,
515 1252 573 1300 τό
611 1248 840 1321 καθαρὸν
870 1252 960 1300 καὶ
998 1249 1238 1320 ἄμωμον,
1273 1250 1358 1299 ἶνα
1390 1247 1535 1317 πόθῳ
1589 1263 1646 1298 σε
1681 1241 1911 1306 δοξάζω.
2025 1258 2077 1298 se

1910 1282 1911 1288 η
2025 1244 2314 1301 servatrix
2331 1261 2480 1318 pura
2503 1247 2982 1316 etimmaculata,
3007 1251 3075 1304 ut
3097 1261 3171 1304 ex
3198 1247 3408 1304 intimo
3425 1251 3479 1304 te
3494 1245 3674 1304 corde

2025 1333 2374 1402 glorificem.

391 1426 558 1482 Σκίπη
617 1430 763 1495 γενοῦ
823 1426 916 1476 καὶ
967 1426 1269 1496 προστασία
1331 1427 1421 1475 καὶ
1487 1419 1761 1491 ἀντιληψις
1831 1421 1919 1470 καὶ
2097 1424 2155 1477 Ρι

1911 1425 1919 1469 ‘t
2097 1422 2348 1479 Praeside
2371 1423 2538 1494 mihi,
2558 1425 2734 1496 Virgo
2747 1424 3136 1496 consolatrix,
3152 1425 3257 1498 qui
3273 1425 3441 1482 omni
3454 1423 3675 1482 auxilio

317 1515 602 1585 καύχημα,
659 1514 903 1586 Παρθένῦ
970 1513 1291 1584 γυμνωθέντι
1376 1531 1466 1584 μοι
1545 1518 1634 1562 νῦν
1707 1509 1921 1568 ἁπάσης
2027 1509 2081 1565 ἀι

1911 1527 1921 1568 ς
2027 1509 2342 1567 destitutus
2368 1510 2622 1579 'sum;tu
2677 1515 2840 1571 enim
2876 1513 3144 1587 potentia
3189 1519 3292 1570 tua
3344 1528 3675 1585 egenorum

321 1599 591 1674 βοηθείας,
632 1600 937 1660 ἁϐοηθὴτων
974 1597 1192 1672 δύναμις
1240 1605 1330 1653 καὶ
1396 1599 1536 1662 ἐλπίς
1602 1598 1917 1670 ἀπελπισμέ·
2029 1613 2085 1655 at

1915 1627 1917 1635 ι
2029 1599 2368 1658 auxiliatrix
2394 1597 2547 1659 eset
2575 1618 2714 1676 spes
2744 1619 2956 1660 eorum
2984 1603 3088 1676 qui
3114 1604 3246 1675 jam
3274 1602 3349 1659 de
3395 1601 3679 1660 omnibus

317 1713 466 1747 νων.,
1727 1726 1736 1734 η
2013 1689 2081 1754 .dt

2013 1689 2520 1762 desperaverunt.
3589 1729 3596 1738 -

339 1837 341 1840 ,
394 1780 523 1854 Ὀλῃ
583 1780 736 1854 ψυχῇ
770 1785 859 1833 καὶ
896 1777 1104 1854 διανοίᾳ
1128 1785 1218 1834 καὶ
1253 1776 1452 1856 καρδία
1482 1799 1540 1834 σι
1579 1785 1668 1833 καὶ
1721 1777 1924 1851 χείλεσι

1917 1797 1924 1828 ι
2105 1780 2419 1849 Egoomni
2451 1797 2522 1838 ex
2554 1781 2732 1838 corde
2762 1798 2831 1839 ac
2850 1785 3046 1838 mente
3069 1785 3124 1839 et
3152 1781 3328 1838 labiis
3362 1786 3416 1838 te
3445 1777 3681 1853 magni-

325 1867 558 1936 δοξάζω,
616 1869 912 1932 ἀπολαύσας
946 1879 1046 1922 τῶν
1105 1880 1209 1923 σῶν
1263 1870 1496 1942 μεγάλων
1548 1871 1919 1942 χαρισμάτων,
1962 1869 2004 1923 Β
2033 1866 2089 1922 ﬁt

1962 1869 2004 1923 Β
2033 1866 2168 1936 ﬁco,
2196 1868 2367 1940 cujus
2399 1871 2636 1940 magnis
2679 1870 2856 1927 donis
2909 1870 3115 1927 fruor:
3162 1887 3198 1927 ο
3251 1871 3683 1941 benignitatem

273 2021 280 2026 _
327 1959 437 2038 ear
470 1957 510 2012 ὦ
540 1969 630 2020 τῆς
665 1967 758 2021 σῆς
786 1965 1155 2035 χρηστότητος
1197 1965 1287 2012 καὶ
1340 1959 1562 2034 ἀπείρων
1625 1977 1720 2014 σου
1771 1960 1926 2024 ,οαυ-
2003 2026 2006 2028 γ

1921 1987 1926 1997 -
2003 1947 2240 2042 .tuam,‘
2273 1975 2310 2044 ο
2357 1959 2886 2016 innumerabilium
2935 1960 3365 2018 miraculorum
3416 1978 3552 2034 quae
3626 1966 3685 2027 tu

334 2050 514 2123 μάτων
539 2049 550 2104 l
1738 2121 1749 2130 _
1769 2043 1773 2046 h
2036 2062 2098 2120 Ρε

2036 2043 2345 2120 ροῐιεῑτειε,
2365 2064 2685 2106 numerum
2702 2049 3078 2106 indeﬁnitum
3101 2050 3113 2106 !
3630 2046 3632 2050 ’

338 2146 346 2151 ’
406 2138 596 2210 Βλέψον
639 2138 752 2211 ἰλέῳ
791 2140 988 2212 ὄμματί
1045 2159 1161 2204 σου,
1221 2145 1312 2193 καὶ⁵
1362 2138 1645 2212 ἐπίσκεψαι
1702 2143 1794 2198 τὴν
1833 2137 1930 2190 κά·
2019 2140 2024 2144 ”
2078 2135 2102 2143 ”

2019 2140 2024 2144 ’
2078 2135 2355 2210 'ReSpice
2385 2138 2561 2209 oculo
2592 2139 2854 2212 propitio
2890 2138 3201 2202 miserum,
3247 2138 3307 2195 in
3355 2155 3479 2212 quo
3529 2126 3695 2212 sum,

334 2247 498 2282 κωσιν
533 2229 592 2287 ἦν
650 2231 780 2301 ἔχω,
837 2235 927 2282 καὶ
986 2226 1167 2283 δεινῶν
1226 2239 1525 2304 συμφορῶν,
1585 2234 1676 2282 καὶ
1735 2227 1934 2301 βλάϐης
2031 2231 2098 2283 ευ

1928 2247 1934 2287 :
2031 2231 2282 2295 statum,
2313 2234 2368 2284 et
2397 2244 2504 2300 pro
2534 2228 2765 2284 infinita
2788 2234 2888 2284 tua
2914 2225 3327 2286 misericordia
3357 2244 3388 2284 e
3419 2229 3692 2298 miseriis,

334 2324 428 2372 καὶ
471 2314 725 2371 κινδύνων
780 2325 870 2372 καὶ
913 2327 1216 2394 πειρασμῶν
1267 2338 1331 2392 με
1387 2319 1651 2392 λύτρωσαι
1708 2317 1936 2392 ἀμετρή-
2046 2333 2098 2390 pt

1429 2324 1651 2392 erowmt
1708 2317 1936 2392 ἀμετρή-
2046 2317 2325 2390 periculis
2349 2334 2420 2374 ac
2452 2318 2877 2375 tentationibus
2894 2335 2989 2375 me
3011 2319 3193 2390 eripe.

337 2428 411 2460 τω
451 2426 545 2460 σου
575 2427 716 2464 ελεει.

411 2502 678 2552 Διάσωσον
709 2497 810 2551 ἀπὸ
845 2495 1098 2552 κινδύνων
1133 2503 1254 2562 τοὺς
1284 2497 1503 2563 δούλους
1535 2519 1654 2570 σου,
1697 2502 1938 2565 Θεοτοκε,
2123 2499 2175 2554 ΕΙ

1931 2539 1938 2562 ,
2123 2499 2270 2554 Erue
2293 2513 2423 2565 nos,
2451 2513 2656 2555 servos
2689 2503 2850 2563 tuos,
2889 2513 2926 2554 ο
2983 2497 3262 2570 Deipara,
3311 2514 3342 2555 e
3378 2498 3695 2571 periculis;

337 2591 420 2642 ὃτι
446 2591 646 2650 πάντως
680 2592 813 2662 μετα
861 2593 984 2643 Θεὸν
1047 2590 1115 2650 εἰς
1164 2593 1222 2642 σε
1275 2592 1662 2664 καταφεύγομεν
1716 2592 1786 2651 ὡς
1850 2587 1942 2663 ἄρα
2049 2603 2101 2661 φ

1937 2617 1942 2629 -
2049 2589 2194 2661 quia
2222 2588 2555 2646 secundum
2579 2589 2786 2660 Deum,
2817 2588 2897 2645 ad
2925 2594 2976 2645 te
3007 2593 3071 2644 ut
3092 2603 3334 2645 murum
3383 2589 3701 2646 inconcus-

334 2680 529 2752 ῥηκτον
553 2675 730 2750 τεῖχος
766 2683 856 2730 καὶ
880 2683 1230 2752 προστασίαν.
2048 2695 2098 2733 St

847 2699 856 2730 ι
880 2683 1230 2752 προστασίαν.
2048 2695 2182 2734 sum
2209 2679 2611 2748 confugimus.

407 2767 712 2838 Ἐπίϐλεψον
772 2766 820 2819 ἓν
885 2768 1136 2840 εὐμενείᾳ,
1197 2771 1494 2842 πανύμνητε
1545 2773 1785 2836 Θεοτόκε,
1852 2768 1938 2821 ἐπὶ
2120 2771 2171 2824 Β.

2120 2768 2383 2840 Respice,
2417 2767 2748 2825 clarissima
2795 2767 3070 2842 Deipara,
3119 2784 3230 2840 pro
3287 2767 3704 2825 misericordia

334 2861 430 2915 τὴν
466 2855 592 2930 ἐμὴν
625 2857 864 2929 χαλεπὴν
900 2857 990 2910 τοῦ
1053 2864 1289 2931 σώματος
1338 2862 1591 2927 κάκωσιν⁹
1646 2865 1736 2912 καὶ
1790 2861 1937 2911 ἴασαι
2047 2861 2098 2914 tu

2047 2861 2168 2928 tua,
2193 2857 2270 2914 ad
2303 2872 2606 2914 {erumnas
2637 2874 2773 2931 qum
2803 2874 3022 2931 corpus
3059 2873 3266 2915 meum
3323 2859 3607 2930 obruunt,
3649 2862 3707 2914 et

336 2956 434 3008 τῆς
460 2946 645 3019 ψυχῆν
674 2965 775 3020 μου
811 2950 870 2998 τὸ
901 2947 1079 3018 οἶλγος.
2048 2964 2100 3005 at

2048 2949 2268 3005 animae
2291 2948 2587 3006 dolorosm
2607 2965 2907 3005 succurre.

945 3043 1009 3103 η’.
1039 3044 1098 3097 ’0
1116 3047 1311 3119 εἱρμός.
2652 3051 2703 3105 8.

1225 3049 1311 3108 ιός.
2652 3051 2703 3105 8.
2723 3049 2989 3105 Hirmus.

408 3138 508 3188 Τὸν
538 3133 587 3186 ἓν
622 3137 726 3208 ὄρει
781 3133 912 3206 ἁγίῳ
975 3131 1296 3197 ὃοξασθέντα
1328 3141 1418 3188 καὶ
1477 3135 1525 3188 ἐν
1581 3134 1728 3208 βάτῳ
1787 3140 1938 3189 τόκον
2120 3139 2172 3194 υι

2120 3139 2461 3201 Dominum,
2487 3138 2590 3212 qui
2622 3139 2681 3195 in
2713 3143 2920 3195 monte
2944 3141 3152 3194 sancto
3189 3136 3326 3193 etin
3342 3135 3494 3194 robo
3521 3128 3705 3208 Moysi

338 3233 434 3286 τῆς
462 3224 830 3298 ’Λειπαρθὲνου
876 3231 950 3295 τῷ
1002 3231 1202 3298 Μωύσῇ
1257 3230 1550 3298 μυστήριον
1608 3231 1940 3300 γνωρίσαντα
1971 3237 2011 3292 (ζ
2049 3227 2095 3281 V

1971 3237 2011 3292 (ζ
2049 3227 2308 3298 Virginis
2337 3233 2575 3301 partum
2616 3229 2943 3301 mysticum
2989 3225 3297 3296 indicavit,
3355 3225 3598 3284 laudate
3651 3228 3708 3282 et

341 3316 532 3386 Κύριον
583 3313 787 3385 ὑμνεῖτε
855 3318 945 3366 καὶ
1010 3312 1356 3386 ύπερυψούτε,
1420 3315 1490 3378 εἰς
1559 3319 1752 3376 πάντας
1824 3319 1941 3377 τούς
2049 3335 2105 3373 SL

1076 3312 1356 3386 -ερυψοῡτε,
1420 3315 1490 3378 εἰς
1559 3319 1752 3376 πάντας
1824 3319 1941 3377 τούς
2049 3317 2486 3390 superexaltate
2518 3317 2577 3373 in
2601 3318 2840 3374 saecula.

339 3401 559 3464 αἰῶνας.

943 3493 1269 3568 Τροπὰριον.
2663 3497 2707 3553 Τ

2663 3497 3042 3568 Troparium.

409 3591 506 3643 Δια
554 3589 837 3662 σπλάγχνα
889 3589 1053 3652 ἐλέους
1110 3610 1228 3659 σου,
1289 3594 1535 3668 Ῐιάρθένε,
1588 3597 1658 3667 μὴ
1711 3593 1945 3670 παρίδῃς
2124 3599 2167 3654 Ο

1944 3617 1945 3650 :
2124 3596 2213 3654 Ob
2240 3595 2667 3653 misericordiae
2697 3611 2833 3669 quae
2861 3594 3053 3651 habes
3083 3592 3339 3662 viscera,
3371 3607 3447 3649 ne
3477 3607 3575 3649 me
3601 3607 3708 3648 un-

338 3685 499 3753 σεμνή
532 3683 872 3753 πονε-σύμενον
901 3701 964 3754 με
1016 3681 1156 3754 σάλῳ
1192 3681 1454 3755 βιωτικῶν
1509 3689 1772 3758 κυμάτων,
1818 3686 1947 3739 ἀλλὰ
2053 3686 2102 3743 dt

1942 3708 1947 3739 ι
2053 3686 2271 3744 darum
2306 3686 2486 3742 maris
2515 3685 2696 3756 hujus
2729 3685 2861 3740 vitae
2890 3685 3248 3740 immersum
3289 3682 3557 3750 deseras,
3597 3680 3706 3738 sed

338 3767 500 3823 δίδου
527 3790 616 3843 μοι
661 3779 824 3844 χεῖρα
883 3769 1134 3844 βοηθείας
1187 3780 1621 3848 καταπονουμένῳ
1678 3783 1947 3830 κακὼσεσι
2053 3795 2102 3836 ιε

1946 3821 1947 3824 η
2053 3793 2306 3836 manum
2335 3776 2480 3834 mihi
2511 3774 2944 3832 auxiliatricem
2973 3773 3212 3847 porrige
3241 3772 3528 3830 (erumnis
3572 3772 3710 3828 vita:

336 3868 431 3912 τοῦ
464 3858 589 3932 βίον
602 3903 614 3915 .
2056 3874 2100 3925 tr

602 3903 614 3915 -
2056 3868 2358 3925 tribulato.

412 3951 754 4024 Περιστάσεις
782 3949 1104 4022 καὶθλίψεις
1149 3956 1238 4005 καὶ
1297 3951 1520 4026 ἀνάγκαι
1583 3955 1800 4030 εὖροσάν
1859 3976 1944 4030 με,
2126 3962 2172 4016 Μ

2126 3958 2368 4016 Miseria:
2444 3955 2814 4013 calamitates
2886 3957 2944 4010 et
3006 3969 3208 4010 rerum
3284 3953 3600 4025 angustias,
3673 3966 3710 4007 ο

337 4038 520 4110 Ἀγνὴ,
577 4043 667 4091 καὶ
730 4045 996 4113 συμφοραὶ
1049 4049 1141 4092 τού
1201 4039 1324 4114 βίου
1382 4049 1472 4096 καὶ
1524 4051 1810 4119 πειρασμοί
1883 4066 1946 4119 με
2055 4047 2098 4102 ν

2055 4047 2234 4118 Virgo
2253 4051 2483 4114 sancta,
2499 4062 2595 4103 me
2612 4046 2992 4116 invaserunt;
3043 4058 3330 4099 aerumnae
3348 4046 3549 4098 autem
3575 4040 3710 4097 vitae

339 4130 592 4182 πάντοθεν
629 4127 949 4196 ἐκύκλωσαν,
1013 4128 1141 4182 ἀλλα
1183 4135 1447 4204 πρόστηοί
1504 4154 1594 4208 μοι
1643 4140 1734 4188 καὶ
1799 4134 1946 4188 ἀντιε-
2054 4152 2103 4193 ω

2054 4152 2125 4193 ac
2156 4137 2504 4192 tentationes
2533 4151 2628 4191 me
2669 4133 2938 4207 undique
2995 4131 3366 4200 obruerunt;
3419 4137 3481 4187 tu
3533 4129 3712 4202 igitur

338 4215 502 4270 λαϐοῦ
531 4236 632 4290 μου
670 4225 731 4291 τῇ
765 4224 994 4291 κραταιᾲ
1021 4237 1116 4270 σου
1159 4224 1346 4294 σκέπῃ.
2055 4243 2102 4284 m

2055 4226 2200 4284 mihi
2225 4241 2364 4282 cum
2387 4224 2633 4281 brachio
2660 4229 2759 4280 tuo
2790 4223 2924 4278 forti
2957 4220 3392 4278 auxiliabunda
3413 4219 3599 4277 adsis.

415 4305 496 4359 Ἐν
517 4314 630 4367 ταῖς
665 4305 848 4368 ζάλαις
883 4305 1091 4381 ἐφευρόν
1147 4327 1205 4360 σε
1250 4308 1450 4382 λιμένα,
1497 4309 1546 4363 ἐν
1600 4319 1712 4373 ταῖς
1757 4311 1948 4376 λύπαις
2127 4319 2179 4371 In

2127 4319 2190 4371 In
2221 4313 2678 4388 tempestatibus
2709 4317 2771 4369 tu
2791 4311 2938 4368 mihi
2975 4316 3210 4384 portus,
3269 4311 3332 4367 in
3375 4309 3608 4366 tristitia
3649 4311 3713 4364 tu

340 4397 519 4468 χαραν
539 4400 630 4447 καὶ
686 4395 1026 4469 εὐφροσύνην,
1078 4401 1167 4448 καί
1223 4397 1270 4449 ἐν
1331 4406 1448 4461 ταῖς
1486 4401 1657 4461 νόσοις
1695 4407 1946 4475 ταχεινὴν
2055 4421 2104 4477 g:

2055 4405 2350 4477 gaudium
2375 4409 2432 4460 et
2450 4402 2650 4459 laetitia
2674 4401 2820 4459 ades
2845 4419 2858 4470 ;
2892 4401 2953 4457 in
2980 4401 3210 4456 morbis
3235 4405 3297 4456 tu
3329 4399 3472 4455 mibi
3505 4413 3714 4472 prom-

343 4482 618 4557 βοήθειαν,
651 4489 741 4536 καὶ
771 4482 818 4535 ἐν
849 4493 959 4548 τοῖς
988 4481 1464 4563 κινδύνοιςρύστιν
1503 4495 1594 4542 καὶ
1661 4494 1948 4565 προστάτιν
2058 4505 2107 4568 p1

2058 4501 2224 4568 ptam
2255 4495 2372 4552 fers
2396 4509 2599 4566 opem,
2632 4508 2664 4548 e
2697 4491 2974 4565 periculis
3018 4507 3115 4546 me
3142 4490 3358 4563 eripis;
3410 4489 3472 4545 in
3531 4493 3713 4546 tenta-

343 4573 392 4627 ἐν
423 4582 533 4637 τοῖς
562 4580 944 4651 πειρατηρίοις.
1983 4607 2026 4662 D
2058 4587 2107 4642 ίίι

1983 4607 2026 4662 ι)
2058 4585 2321 4643 tionibus
2352 4590 2415 4641 tu
2436 4583 2585 4640 mihi
2610 4582 2917 4639 liberatrix
2957 4579 3209 4638 assistis.

415 4661 600 4738 Χαῖρε,
673 4666 818 4739 θρονε
885 4671 1179 4743 πυρίμορφε
1258 4674 1475 4743 Κυρίου,
1545 4679 1704 4747 χαῖρε
1763 4661 1992 4746 χρυσῆγ
2131 4680 2179 4731 Α

1987 4661 1992 4662 ί
2131 4680 2278 4744 Ave,
2346 4675 2556 4730 throne
2647 4672 2830 4744 ignite
2903 4670 3168 4728 Domini:
3243 4685 3356 4726 ave
3419 4667 3715 4725 luminare

341 4754 558 4827 λυχνία,
598 4753 807 4827 λαμπὰς
854 4755 1100 4824 ἄσϐεστα,
1149 4765 1310 4830 χαῖρε
1350 4769 1450 4812 τὼν
1503 4763 1769 4837 παρθενων
1821 4760 1953 4828 δόξα
2061 4781 2105 4824 ω

2061 4781 2333 4834 aureum,
2364 4763 2602 4836 lampas
2631 4761 2995 4818 inexstincta
3024 4776 3038 4827 ;
3071 4775 3202 4828 ave,
3253 4757 3557 4829 virginum
3598 4757 3719 4828 glo-

343 4849 436 4897 καὶ
456 4848 692 4920 μητέρων
725 4847 973 4920 ὡράῑσμα
991 4851 1080 4899 καὶ
1110 4846 1270 4909 κλέος.
2059 4856 2107 4914 ri

1110 4846 1270 4909 κλέος.
2059 4856 2168 4922 ria,
2211 4860 2475 4911 matrum
2512 4851 2826 4909 illustratio
2846 4851 2858 4907 !

419 4936 688 4987 Διὰσωσον
748 4932 849 4988 ἀπὸ
893 4932 1148 4989 κινδύνων
1185 4941 1305 5000 τοὺς
1363 4934 1585 5004 δούλους
1642 4960 1760 5008 σου,
1823 4951 1953 4997 Θιο-
2135 4949 2183 5002 Ε

2135 4946 2307 5018 Eripe
2329 4960 2463 5015 nos,
2488 4959 2692 5000 servos
2724 4947 2880 5012 tuos,
2901 4956 2933 4998 e
2983 4939 3300 5014 periculis;
3362 4938 3468 5012 qui
3511 4952 3721 4995 secun-

344 5025 486 5094 τόκε,
549 5025 628 5077 ὅτι
679 5025 862 5086 πάντες
918 5028 1050 5098 μετά
1105 5031 1258 5096 Θεὸν,
1317 5028 1390 5092 εἰς
1451 5033 1508 5084 σὲ
1563 5034 1954 5106 καταφεύγομεν
2063 5036 2105 5093 d

2063 5036 2213 5093 dum
2241 5035 2427 5091 Deum
2449 5033 2529 5091 ad
2555 5039 2608 5090 te
2630 5038 2694 5090 ut
2722 5046 2966 5089 murum
2991 5031 3422 5088 inconcussum
3447 5034 3504 5086 et
3528 5026 3723 5085 muni-

345 5116 414 5177 ὼς
428 5113 690 5190 ἄρρηκτον
711 5123 890 5188 τεῖχος
911 5122 1002 5170 καὶ
1017 5123 1345 5192 προστασίαν
1358 5161 1372 5176 .
2065 5142 2109 5183 u

875 5136 890 5178 ;
911 5122 1002 5170 καὶ
1017 5123 1345 5192 προστασίαν
1358 5161 1372 5176 .
2065 5142 2207 5184 men
2227 5124 2534 5198 confugim
2545 5139 2614 5179 us
2627 5166 2639 5179 .

421 5204 727 5278 Ἐπίϐλεψον
798 5205 847 5258 ἐν
911 5206 1162 5282 εὐμενείᾳ,
1217 5212 1514 5283 πανύμνητε
1573 5217 1812 5286 Θεοτόκε,
1873 5211 1958 5268 ἐπὶ
2138 5218 2184 5273 R

2138 5214 2384 5289 Respice
2430 5212 2911 5284 misericorditer,
2976 5209 3379 5268 illustrissima
3450 5208 3726 5281 Deipara,

345 5299 442 5354 τὴν
469 5293 870 5370 ίμήνχαλεπὴν
917 5306 1010 5352 τοῦ
1067 5305 1310 5372 σώματος
1367 5321 1620 5373 κακωσιν,
1671 5309 1762 5357 καὶ
1806 5305 1960 5358 ἴασαι
2068 5323 2105 5364 a

2068 5305 2149 5364 ad
2179 5305 2426 5362 morbos
2446 5303 2712 5377 corporis
2733 5302 2872 5375 mei,
2903 5306 2962 5359 et
2981 5299 3201 5359 animm
3229 5299 3526 5358 dolorosae
3563 5296 3726 5355 auxi-

344 5393 440 5449 τῆς
470 5383 655 5459 ψυχῆς
675 5405 777 5460 μου
803 5389 862 5441 τὸ
887 5387 1062 5461 ἄλγος.
2068 5395 2108 5453 li

675 5405 777 5460 μου
803 5389 862 5441 τὸ
887 5387 1062 5461 ἄλγος.
2068 5395 2218 5453 lium
2255 5395 2437 5454 feras.

924 5485 986 5542 ϐ’.
1019 5486 1078 5541 Ὀ
1107 5490 1301 5564 είρμός.
2679 5499 2688 5548 ε

1270 5509 1301 5552 ς.
2679 5495 2731 5550 9.
2760 5491 3034 5549 Hirmus.

421 5572 638 5637 Ἐξεστη
696 5573 782 5629 ἐπὶ
842 5583 997 5630 τούτο
1046 5579 1073 5630 ὁ
1119 5579 1356 5654 οὐρανὸς,
1410 5585 1630 5644 καὶτῆς
1672 5591 1770 5656 γῆς
1827 5603 1962 5638 κατ·
2144 5587 2184 5644 C

2144 5583 2375 5644 Caelum
2433 5581 2766 5655 obstupuit,
2811 5586 2984 5638 terrae
3044 5578 3285 5636 termini
3334 5579 3731 5646 tremuerunt,

351 5662 550 5736 επλάγη
600 5662 669 5716 τὰ
721 5670 942 5742 πέρατα,
991 5669 1072 5721 ὃτι
1134 5673 1261 5732 Θεὸς
1323 5673 1469 5744 ὤφθη
1519 5679 1622 5735 τοῖς
1674 5672 1964 5749 ἀνθρώποις
2073 5693 2115 5752 q

2073 5675 2218 5752 quia
2239 5678 2394 5733 Deus
2413 5670 2766 5732 hominibus
2787 5669 3128 5730 secundum
3150 5684 3396 5727 carnem
3419 5667 3733 5742 apparuit;

354 5764 687 5830 σωματικῶς,
718 5761 809 5811 καὶ
839 5758 870 5817 ὴ
897 5776 1107 5836 γαστηρ
1153 5777 1249 5814 σου
1304 5763 1509 5835 γέγονεν
1565 5764 1966 5844 εύρνχωροτερα
2074 5783 2118 5825 νε

2074 5769 2282 5827 venter
2296 5769 2500 5825 autem
2523 5769 2664 5824 tuus
2698 5761 2956 5837 amplior
2981 5771 3171 5836 quam
3190 5760 3397 5834 ipsum
3413 5757 3634 5816 coelum
3650 5758 3740 5816 est

852 5867 1103 5928 Pauor.
1145 5869 1248 5930 Gn.
1289 5871 1436 5932 CXL.

3272 5871 3341 5928 25
