4468 6450
795 414 910 467 779
2177 399 2512 457 METHODII
2560 401 2898 460 MONACHI.
4057 412 4162 462 780

795 533 1015 589 factus.
1042 533 1206 586 Hanc
1230 525 1310 582 ob
1343 541 1591 581 causam
1626 525 1980 594 angelorum
2029 531 2086 580 et
2137 525 2451 580 hominum
2483 541 2527 589 Α
2560 544 2582 575 τ

2483 541 2527 589 Α
2560 534 2659 575 τὼν
2687 526 2913 598 ούρανὼν
2946 549 2958 560 ι
2993 523 3079 579 διὸ
3109 549 3185 592 σε,
3255 533 3494 588 Θεοτὸκε,
3540 527 3765 600 ἀγγέλων
3821 535 3913 581 καὶ
3969 531 4161 603 ανὺρω-

794 622 964 678 chori
997 625 1049 676 te
1076 615 1487 688 magniﬁcam.
2561 633 2582 662 π

2561 633 2666 663 πων
2686 615 2995 689 ταξιαρχίαι
3007 618 3405 688 μεγαλύνονσιν.

1415 722 1796 789 Troparium.

3169 726 3378 794 Τροπὰρ
3388 742 3480 776 ιον.

868 815 958 870 Ad
985 829 1193 886 quam,
1225 826 1458 882 quaeso,
1492 810 1672 864 aliam
1707 825 1802 864 me
1831 807 2452 870 convertam,sanctis-

2636 813 2765 879 ΙΙρος
2801 815 2917 860 τίνα
2987 816 3268 882 καταούγω
3333 811 3508 877 ἀλλην,
3582 812 3780 882 Ἀγνή;
3825 823 3922 864 πού
3992 835 4160 887 προσ-

796 906 996 960 sima?
1024 919 1146 974 quo
1169 900 1517 967 confugiam
1537 905 1600 952 ut
1623 898 1828 952 salvus
1853 898 2040 952 tiam?
2063 913 2185 968 quo
2216 896 2450 967 prolici-
2564 892 2582 946 ὁ

2564 892 2750 967 δράμω
2772 898 2948 949 λοιπον
2969 907 3056 950 και
3080 903 3393 971 σωθήσομαι
3420 918 3431 964 ;
3473 921 3569 951 που
3590 903 3830 974 παρενθὼ
3855 920 3868 966 ;
3903 909 4054 953 ποίαν
4104 901 4161 955 δέ

793 995 962 1050 scar!
1025 995 1219 1057 Quam
1275 988 1770 1048 consolationem,
1819 1003 2006 1058 quam
2068 987 2453 1041 auxiliarcem
2563 983 2582 1033 ἐ

2563 990 2753 1057 ejus-ipa-
2807 994 3133 1059 καταφυγήν,
3194 996 3344 1041 ποίαν
3414 991 3603 1061 θερμὴν
3657 990 3952 1060 ἀντίληψιν,
4009 999 4160 1043 ποίαν

793 1083 1095 1156 reperiam
1125 1081 1152 1135 ?
1188 1085 1247 1134 ln
1278 1084 1333 1132 te
1367 1093 1550 1132 unam
1583 1092 1783 1147 spero.
1810 1076 1884 1129 de
1917 1081 1970 1130 te
2030 1076 2160 1130 sola
2211 1075 2451 1144 glorior.
2563 1071 2582 1122 ὲ

2563 1071 2610 1122 ἐν
2639 1093 2752 1134 ταις
2783 1076 2990 1146 Oli-bam
3023 1077 3217 1148 βοηθον
3254 1095 3267 1140 ;
3300 1079 3369 1138 εἰς
3401 1083 3456 1130 σε
3492 1083 3653 1148 μόνην
3705 1078 3918 1141 ἐλπίζω.
3969 1087 4037 1140 εὶς
4106 1086 4160 1132 σε

793 1179 852 1228 et
875 1172 952 1228 ad
975 1177 1029 1226 te
1061 1185 1198 1223 cum
1223 1166 1445 1221 liducia
1466 1164 1772 1234 confugio.
2563 1184 2582 1232 ι

2563 1166 2722 1232 μόνην
2783 1175 3089 1236 καυχῶμαι,
3146 1172 3232 1218 καὶ
3284 1167 3365 1219 ἐπὶ
3437 1173 3493 1219 σε
3557 1168 3756 1241 θαρρων
3851 1175 4157 1240 κατέφυγον.

869 1263 1054 1316 Nemo
1123 1271 1288 1314 sane.
1349 1271 1385 1309 o
1443 1256 1678 1326 Sponsa
1732 1254 1851 1312 Dei.
1890 1252 2194 1321 magnalia
2241 1259 2343 1306 tua
2400 1257 2456 1306 et

2635 1253 2745 1302 υύκ
2773 1257 2909 1305 ἔστιν
2938 1256 3340 1328 ἀριθμήσασθαι
3379 1253 3620 1322 δυνατὸν,
3676 1257 3919 1327 μεγαλεῖα
3976 1262 4041 1309 τα
4094 1265 4162 1310 σα

797 1350 1096 1422 abyssum
1127 1343 1713 1417 imperscrutabilem
1744 1343 2172 1397 miraculorum
2213 1347 2452 1396 tuorum
2565 1352 2582 1389 ε

2565 1346 2938 1413 Θεονύμεςεντε,
3028 1352 3116 1396 καὶ
3211 1350 3296 1396 τον
3383 1344 3545 1417 βυθὸν
3639 1351 3724 1396 τὸν
3779 1345 4162 1419 ἀνεξερεύνητον

793 1437 1179 1504 enarraverit,
1213 1435 1292 1491 ob
1317 1450 1454 1506 quae
1477 1433 1755 1488 ardenter
1782 1438 1836 1487 te
1860 1439 2223 1485 venerantur
2243 1437 2298 1484 et
2323 1446 2452 1485 om-
2565 1428 2582 1478 ἐ

2565 1428 2775 1490 ἐξειπεῖν
2813 1442 2909 1482 των
2951 1435 3075 1506 ύπέρ
3137 1443 3253 1484 νούν
3317 1435 3593 1505 θαυμάτων
3661 1454 3778 1500 σου,
3835 1443 3934 1486 τὼν
3973 1436 4163 1487 τετελε-

791 1544 902 1584 nes
931 1533 997 1582 ut
1025 1541 1233 1582 veram
1261 1523 1364 1578 Dei
1395 1522 1751 1578 Genitricem
1784 1521 2060 1574 adorant.
2115 1521 2177 1574 ln
2210 1520 2453 1589 hymnis
2567 1537 2582 1568 ς

2567 1523 2760 1587 σμενων
2795 1517 3047 1580 ὃιηνεκως
3084 1531 3194 1582 τοῖς
3244 1525 3388 1592 πόθῳ
3449 1543 3505 1574 σε
3565 1533 3780 1593 τιμῶσι,
3841 1530 3926 1575 καὶ
3988 1530 4165 1576 πίστει

795 1617 1125 1689 gratiarum
1138 1611 1586 1669 referendarum
1603 1609 1866 1664 ofﬁcium
1882 1608 2270 1679 implentibus
2287 1608 2454 1662 mise-
2564 1628 2582 1658 τ

2564 1627 2946 1680 προσκυνουσιν
2975 1613 3042 1671 ὼς
3079 1610 3242 1668 ἀληθῆ
3277 1620 3409 1663 Θεού
3435 1612 3768 1684 ὶοχεύτρίαν.

792 1705 1115 1761 ricordiam
1135 1703 1429 1758 inﬁnitam
1463 1699 1718 1760 celebro,
1749 1704 1805 1752 et
1827 1713 2118 1766 magnam
2149 1703 2315 1751 tuam
2344 1697 2454 1750 vir-

2635 1699 2720 1750 Ἑν
2752 1698 2931 1769 ύμνοις
2959 1699 3299 1770 εὐχαρίστως
3349 1697 3633 1770 δοξοὶογὼ,
3687 1706 3776 1751 καὶ
3823 1707 4049 1774 γεραίρω
4075 1708 4163 1752 τὸν

789 1798 984 1853 tutem
1015 1799 1070 1848 et
1093 1789 1390 1847 beneﬁcia
1413 1789 1475 1844 in
1507 1804 1603 1842 me
1636 1793 1736 1841 tua
1758 1786 2044 1841 omnibus
2091 1786 2349 1856 praedico
2399 1786 2455 1839 et
2561 1805 2582 1836 ο

2561 1787 2780 1857 ἄμετρον
2808 1787 2960 1850 ἔλεος,
3021 1794 3110 1839 καὶ
3170 1794 3262 1844 τήν
3326 1789 3514 1846 πολλὴν
3576 1786 3796 1858 δύναμίν
3852 1809 3946 1840 σου
4000 1797 4162 1841 πᾶσιν

791 1898 868 1940 ex
888 1887 1106 1952 mente,
1141 1880 1342 1944 corde,
1369 1878 1574 1934 animo
1606 1882 1666 1954 et
1689 1891 1834 1930 voce
1853 1876 2163 1931 annuntio.
2561 1876 2582 1923 ά

2561 1874 2812 1945 ὁμολογῶ,
2863 1895 2950 1926 και
3007 1880 3101 1936 τὰς
3155 1877 3452 1948 εὐεργεσίας
3511 1897 3605 1928 σου
3663 1877 3726 1938 ἀς
3777 1879 4161 1948 ύπερεκενωσας

2482 1970 2518 2020 Ῐζ
2559 1964 2630 2023 εἰς
2660 1963 2746 2033 ἐμὲ
2800 1968 3062 2035 κηρύττω,
3095 1966 3361 2036 μεγαλύνω
3397 1966 3550 2038 ψυχῇ
3593 1987 3644 2018 τε
3693 1972 3782 2018 καὶ
3833 1964 4031 2040 καρδίᾳ
4070 1975 4160 2020 καὶ

2556 2053 2793 2125 λογισμῷ
2830 2060 2918 2106 καὶ
2945 2055 3160 2126 ’γλώσσῃ
3201 2059 3438 2110 πάντοτε.

861 2153 1106 2224 Suscipe
1133 2164 1340 2222 preces
1361 2162 1529 2202 meas
1550 2145 1940 2209 humillimas.
1966 2149 2022 2199 et
2043 2143 2291 2199 clamori
2313 2159 2448 2197 meo

2627 2148 2730 2200 Τὴν
2759 2141 2942 2200 δέησίν
2965 2165 3064 2215 μου
3094 2142 3240 2207 δέξαι
3262 2151 3356 2203 τὴν
3385 2150 3661 2219 πενιχρὰν,
3684 2154 3772 2198 καὶ
3794 2148 4058 2219 κλαυθμὸν
4079 2153 4151 2219 μὴ

790 2256 967 2297 aures
998 2239 1221 2310 praebe.
1253 2242 1308 2292 et
1339 2235 1662 2306 lacrymas,
1695 2233 1829 2288 vide
1862 2238 1918 2286 et
1945 2248 2080 2304 quae
2141 2237 2193 2285 te
2237 2246 2448 2302 precor
2555 2250 2582 2281 π

2555 2229 2807 2302 παρίὃῃς,
2838 2239 2926 2283 καί
2959 2230 3166 2307 δάκρυα
3195 2240 3283 2285 καὶ
3352 2240 3657 2306 στεναγμὸν,
3714 2235 3822 2286 αλλ’
3878 2235 4155 2287 ἀντιλαϐον

791 2345 992 2385 annue
1017 2327 1429 2397 ;omnipotens
1451 2322 1612 2378 enim
1634 2338 1696 2376 es
1712 2327 1776 2376 ut
1799 2321 2031 2376 Domini
2067 2320 2444 2391 omnipoten-
2554 2341 2582 2390 μ

2554 2339 2654 2390 μου
2683 2324 2750 2380 ὼς
2774 2320 2942 2391 ἀγαθὴ
2981 2328 3070 2374 καὶ
3120 2326 3212 2384 τὰς
3276 2323 3513 2384 αἰτήσεις
3565 2325 3876 2398 πλήρωσον·
3926 2321 4155 2377 δύνασαι

790 2418 865 2473 tis
905 2420 1103 2480 Mater,
1157 2411 1495 2470 dummodo
1548 2410 1944 2466 humilitatem
1996 2425 2194 2464 meam
2252 2423 2446 2478 respe-
2552 2429 2582 2478 γ

2552 2412 2651 2480 γὰρ
2677 2412 2843 2461 πάντα
2863 2414 2926 2470 ὼς
2987 2413 3305 2472 πανσθενούς
3357 2418 3618 2464 Δεσποτου
3677 2421 3808 2465 (θεοῦ
3864 2420 4060 2487 μήτηρ,
4113 2414 4157 2464 εἰ

788 2507 964 2563 xeris,
2551 2501 2748 2560 νεύσεις
2778 2501 2854 2551 ἔτι
2887 2506 3038 2571 μόνον
3072 2505 3196 2572 πρὸς
3227 2507 3320 2558 τὴν
3374 2501 3500 2572 ἐμὴν
3556 2503 3766 2577 οἰκτρὰν
3816 2507 4155 2556 ταπείνωσιν.

859 2595 1072 2650 Libera
1092 2608 1225 2659 nos,
1256 2607 1459 2647 servos
1484 2595 1637 2653 tuos,
1667 2606 1703 2644 o
1746 2588 2017 2659 'Deipara.
2051 2589 2105 2642 e'
2141 2587 2440 2658 periculis.

2624 2592 2890 2640 Διασωσον
2929 2588 3028 2640 ἀπὸ
3065 2586 3319 2641 κινδύνων
3347 2595 3468 2652 τοὺς
3500 2588 3721 2651 δούλους
3753 2611 3869 2656 σου,
3909 2601 4152 2656 Θεοτοκε,

788 2683 1135 2741 Secundum
1167 2681 1358 2736 Deum
1384 2695 1544 2734 enim
1573 2678 1650 2733 ad
1671 2683 1727 2732 te
1766 2682 1829 2731 ut
1894 2692 2133 2730 murum
2192 2676 2440 2746 inexpu-
2551 2679 2582 2728 ὁ

2551 2679 2629 2728 ὅτι
2662 2681 2864 2740 παντως
2889 2681 3019 2750 μετὰ
3057 2687 3184 2731 Θεον
3246 2679 3314 2740 εἰς
3374 2685 3430 2732 σε
3496 2684 3882 2752 καταφεύγομεν
3936 2684 4006 2742 ὡς
4055 2680 4145 2754 ἆῤ-

784 2771 1092 2844 gnabilem
1108 2774 1166 2824 et
1186 2767 1510 2826 antistitam
1534 2765 1938 2836 confugimus.
2547 2767 2578 2838 ῥ

2547 2767 2738 2838 ῥηκτον
2769 2774 2943 2838 τεῖχος
2972 2773 3061 2818 καὶ
3087 2774 3435 2840 προστασίαν.

854 2863 1121 2933 Respice,
1155 2857 1564 2914 illustrissima
1595 2856 1694 2911 Dei
1726 2855 2004 2919 Genitrix,
2037 2871 2147 2927 pro
2178 2855 2438 2910 clemen-

2640 2854 2926 2925 Επίϐλεψον
2991 2855 3038 2906 ἐν
3097 2857 3350 2928 εὐμενείᾳ,
3413 2862 3711 2929 πανὺμνητε
3767 2863 4004 2923 Θεοτόκε,
4069 2858 4154 2911 ἐπὶ

784 2952 868 3009 tia
899 2957 1002 3008 tua
1034 2949 1113 3005 ad
1143 2947 1434 3010 miserias,
1467 2946 1690 3018 quibus
1734 2961 1952 3016 corpus
1987 2960 2191 2999 meum
2261 2960 2436 3000 vexa-
2548 2965 2582 2994 τ·

2548 2949 2641 3001 τὴν
2677 2946 2805 3015 ἐμήν
2835 2943 3072 3015 χαλεπὴν
3126 2954 3217 2997 τοῦ
3274 2951 3512 3018 σώματος
3571 2951 3822 3014 κάκωσιν,
3865 2953 3953 3000 καὶ
3997 2951 4150 2999 ἴασαι

781 3047 898 3107 tur,
927 3045 985 3095 et
1012 3037 1232 3094 animae
1254 3034 1549 3092 tribulataa
1571 3033 1880 3090 doloribus
1906 3033 2237 3087 remedium
2267 3032 2436 3090 affer.
2546 3052 2582 3084 τη

2546 3033 2846 3103 τῆςψνχῆς
2869 3053 2967 3104 μου
2995 3038 3051 3085 τὸ
3079 3033 3253 3105 ἄλγος.

1097 3215 1390 3274 Theodori
1428 3215 1646 3269 librum
1688 3213 1760 3268 de
1789 3213 2319 3268 communicatione
2355 3213 2634 3268 naturali
2669 3227 2744 3268 ea:
2781 3229 2918 3268 mss.
2957 3213 3346 3281 producimus
3383 3214 3447 3268 in
3485 3213 3814 3270 Addendis.

771 3423 2582 3447 ᾔ

2587 3423 4140 3459 Μ

2046 3606 2243 3654 ANNO
2292 3605 2552 3653 DOMINI
2599 3605 2865 3654 MCCLXI

1089 3806 2427 3977 METHODIUS
2553 3808 3814 3977 MONAGHUS

2189 4253 2711 4348 NOTITIA

1757 4471 2009 4545 (Angelo
2040 4471 2168 4541 Mai,
2205 4471 2414 4544 Script.
2447 4475 2562 4527 vet.
2594 4475 2738 4527 tom.
2769 4474 2860 4536 Ill,
2893 4488 2954 4544 p.
2985 4472 3136 4542 246.)

820 4686 976 4740 Dum
995 4679 1329 4750 Ephrcemii
1341 4677 1697 4744 Catalogum
1709 4677 2205 4745 patriarcharum
2224 4677 2691 4745 Byzantinorum
2711 4678 2986 4731 Latinum
3000 4676 3260 4745 facerem
3272 4678 4140 4748 typisqueexcuderem,mutta

755 4774 903 4830 mihi
916 4775 976 4827 in
986 4773 1286 4826 Vaticanis
1299 4766 1598 4822 codicibus
1609 4767 1836 4834 scripta
1848 4767 2275 4834 pra’dictorum
2293 4765 2785 4834 patriarcharum
2802 4766 3188 4820 occurrebant
3205 4766 3336 4821 luce
3346 4781 3498 4835 sape
3508 4767 3776 4837 digna,et
3789 4787 3919 4842 qum
3930 4775 4141 4845 singu-

755 4865 949 4919 lorum
962 4860 1290 4930 praestitum
1309 4863 1754 4925 temporumque
1768 4855 2077 4910 historiam
2094 4857 2632 4925 augebant,resquc
2645 4856 2913 4922 apprime
2925 4857 3348 4911 ecclesiasticas
3363 4858 3383 4909 i
3389 4857 3606 4913 [lustra
3616 4859 3876 4917 bant.Ac
3889 4869 4133 4922 tantum

751 4969 895 5010 sane
906 4965 1220 5006 numerum
1236 4950 1296 5002 in
1314 4946 1586 5001 manibus
1602 4945 1787 5000 habeo
1801 4947 2189 5012 epis/olorum
2205 4961 2540 5000 sermonum
2557 4946 2926 5000 decretorum
2945 4951 3314 5000 tractatuum
3328 4948 3709 5019 synodorum,
3730 4958 3793 5004 ut
3805 4955 4134 5022 peculiaris

751 5059 826 5100 ex
839 5044 929 5098 his
942 5041 1184 5109 scriptis
1201 5045 1392 5092 tomus
1408 5053 1469 5090 in
1485 5037 1598 5091 hac
1610 5051 1738 5090 mea.
1754 5037 2098 5090 collectione
2110 5035 2513 5098 conficiendas
2524 5043 2727 5102 postea
2745 5036 3042 5091 videatur.
3059 5037 3253 5095 Nunc.
3277 5037 3368 5092 his
3382 5039 3653 5094 omnibus
3676 5047 4125 5115 praetermissis,

749 5149 933 5189 unum
949 5130 1144 5197 delegi
1167 5126 1456 5182 Methodii
1478 5125 1757 5180 monachi
1776 5125 2044 5180 libellum
2077 5125 2384 5180 ineditum.
2401 5141 2516 5194 quo
2538 5126 2778 5179 nullum
2794 5127 2923 5194 fere
2943 5125 3060 5179 m'di
3088 5129 3287 5194 aptius
3300 5127 3381 5181 ad
3407 5129 3765 5196 Byzantina.r
3786 5134 3937 5189 sedis
3969 5137 4132 5194 vices

742 5225 950 5298 uarias
963 5221 1150 5276 oculis
1163 5214 1585 5284 subjiciendus.
1600 5215 1910 5269 Scribendi
1925 5220 2120 5270 autem
2135 5215 2412 5281 opusculi
2424 5214 2548 5269 haec
2569 5230 2750 5269 causa
2760 5216 2880 5283 fuit
2899 5234 2911 5284 ;
2938 5214 3199 5271 Michael
3227 5217 3369 5270 VIII
3385 5218 3717 5285 imperator
3741 5223 3829 5278 Pa
3839 5225 3944 5278 lavo
3953 5226 4048 5296 tog
4057 5243 4130 5283 us

745 5328 906 5369 anno
920 5309 1154 5368 Christi
1166 5307 1309 5365 1261
1325 5347 1335 5362 ,
1352 5311 1482 5374 post
1497 5311 1914 5372 recuperatam
1942 5305 2162 5359 Latinis
2175 5306 2376 5373 ejectis
2391 5305 2989 5375 Constantinoliotim,
3005 5308 3298 5363 Joannem
3317 5307 3416 5362 III
3431 5311 3759 5367 Ducaenum
3785 5314 4101 5373 Lascarim

744 5403 850 5475 qui
858 5401 1034 5470 pupil
1042 5401 1134 5454 lus
1150 5412 1185 5453 ιι
1201 5369 1379 5465 patre
1391 5369 1709 5448 relictusin
1726 5393 2036 5449 Michaelis
2052 5369 2213 5448 velut
2216 5395 2264 5447 it
2273 5393 2434 5448 utela
2448 5369 3098 5466 adolescebatcumque
3117 5399 3236 5464 ipso
3243 5403 3451 5465 postea
3467 5408 3829 5470 regnaturus
3849 5369 4002 5470 erat,

740 5483 1689 5554 maniscelereexcwcavit.atque
1702 5484 1787 5536 ita
1800 5484 2077 5550 omnispe
2095 5485 2796 5551 regniproturbavit.[lci
2819 5493 3195 5541 atrocitatem
3221 5489 3357 5541 tulit
3387 5493 3694 5556 aegerrime
3717 5494 3989 5549 Arsenius
4015 5513 4128 5565 pa-

739 5582 1013 5638 triarcha
1029 5576 1431 5649 Byzantinus;
1451 5588 1632 5644 eoque
1639 5574 1917 5642 processit
1929 5615 1940 5628 .
1954 5579 2019 5627 ut
2039 5574 2457 5641 imperatorem
2471 5575 2823 5631 Michaelem
2837 5576 2911 5630 ab
2925 5577 3326 5632 ecclesiastica
3341 5583 3752 5638 communione
3774 5593 4121 5646 removeret:

735 5673 842 5745 qui
860 5686 1002 5728 mox
1021 5670 1263 5738 culpam
1275 5679 1468 5732 suam,
1486 5669 1552 5718 ut
1571 5677 1685 5734 par
1699 5669 1852 5733 erat,
1865 5663 2170 5735 proﬁtens,
2195 5665 2542 5721 canonicam
2565 5665 2996 5721 absolutionem
3015 5666 3400 5736 implorabat.
3433 5669 3622 5736 Quam
3637 5671 3739 5726 ubi
3754 5688 3974 5742 parum
3994 5691 4128 5734 cre-

730 5763 916 5822 dulus
922 5758 1290 5832 patriarcha
1303 5753 1915 5831 indiginabundusque
1924 5755 2189 5826 negavit,
2207 5761 2416 5812 coacta
2427 5757 2840 5828 episcoporum
2861 5757 3088 5829 synodo
3100 5757 3265 5814 dedit
3285 5773 3531 5828 operam
3550 5761 3835 5832 Michael,
3860 5770 3926 5822 ut
3939 5767 4124 5825 Arse-
