4468 6450
315 348 424 418 781

1566 366 1657 421 DE
1696 365 2080 425 SCHISMATE
2118 369 2444 431 VITANDO.

3588 399 3694 454 782

318 487 459 540 nius
482 483 1049 552 sededepelleretur,
1063 483 1230 556 eique
1256 479 1590 543 Germanus
1609 490 1644 544 Ι
1649 491 1677 544 Ι
1681 491 1713 545 Ῑ
1722 507 1787 544 su
1797 495 2199 548 bstitueretur.
2228 498 2369 554 Rem
2384 500 2621 566 plenius
2642 517 2981 574 cognoscere
3009 507 3146 564 licet
3165 511 3496 570 exArsenii
3511 523 3691 576 testa-

317 580 518 629 mento
546 573 706 644 quod
727 572 1055 628 Cotelerius
1074 574 1334 628 Monum.
1369 574 1512 630 eccl.
1540 578 1632 631 Gr.
1662 579 1770 632 LII
1787 596 1849 648 p.
1881 585 1996 646 168,
2023 585 2314 651 vulgavit.
2366 588 2661 645 Germano
2711 572 2847 648 item
2875 595 3117 666 Josephi
3150 600 3382 657 abbatis
3416 572 3692 674 artiﬁciis

318 664 590 730 expulso,
619 662 913 730 Josephus
943 664 1068 729 ipse
1093 663 1568 729 patriarchalem
1595 667 1810 737 sedem,
1834 669 2141 726 adnitente
2165 676 2420 738 Caesare,
2452 678 2726 736 obtinuit.
2756 662 3020 738 Interim
3041 687 3387 755 Byzantina
3415 662 3692 754 Ecclesia

317 753 498 820 gravi
519 751 840 805 schismate
862 751 1179 814 laboravit,
1213 751 1355 805 dum
1386 754 1498 806 alii
1517 757 1770 810 Arsenio
1805 763 1868 812 ut
1903 759 2112 828 inique
2160 770 2549 820 cxauctorato
2587 770 2913 826 studerent:
2948 774 3077 838 alii,
3103 751 3184 830 "ut
3238 781 3328 846 ﬁt.
3368 751 3690 853 Josephum

314 839 735 906 patriarcham
768 839 1067 893 novetlum
1091 846 1482 894 sectarentur.
1517 843 1646 898 Hoc
1675 846 2012 900 animorum
2031 849 2305 914 fervente
2329 860 2498 918 testu,
2535 862 2717 926 atque
2763 860 2825 912 in
2857 859 2949 913 his
2975 865 3382 924 ecclesiasticis
3411 839 3688 940 motibus,

313 927 655 982 Methodius
684 928 1030 990 monachus,
1057 935 1119 981 ut
1152 928 1458 983 schismati
1481 931 1662 1001 (quod
1691 948 1836 988 sane
1853 938 2193 1002 pessimum.
2222 941 2506 999 Ecclesiae
2533 947 2760 1001 malum
2794 955 2875 1002 est
2901 949 2919 1018 )
2941 950 3169 1008 obviam
3222 958 3353 1023 iret,
3420 927 3690 1019 libellum

316 1016 699 1070 scribendum
756 1019 1006 1078 censuit,
1066 1031 1180 1086 quo
1229 1016 1666 1075 demonstraret
1723 1023 2118 1090 Byzantinam
2156 1029 2497 1098 Eeclesiam,
2558 1049 2902 1104 quanquam
2969 1055 3120 1108 saepe
3173 1060 3209 1098 a
3280 1053 3687 1115 praepotentia

317 1105 628 1159 Caesarum
659 1104 753 1162 (de
779 1119 896 1174 qua
927 1105 1206 1173 legendus
1229 1111 1311 1160 est
1349 1107 1674 1177 Lequinius
1708 1111 1810 1166 0r.
1844 1112 1955 1168 Ch.
1988 1119 2028 1167 t.
2069 1116 2117 1180 Ι,
2162 1117 2396 1172 dissert.
2416 1135 2608 1188 prcev.
2667 1139 2801 1192 cap.
2843 1128 2926 1194 17)
2956 1104 3166 1186 contra
3213 1104 3581 1205 dignissimas
3604 1104 3610 1105 ⁷

311 1196 724 1248 sanctissimas
749 1208 1048 1248 canonum
1075 1209 1339 1258 normas,
1366 1203 1638 1262 pastores
1668 1199 1861 1254 invita
1882 1204 2217 1270 accepisset,
2253 1206 2447 1262 nihilo
2479 1217 2678 1276 tamen
2725 1216 2920 1270 minus
2977 1196 3291 1287 perpetuo.
3321 1229 3563 1294 cavisse,
3615 1245 3691 1285 ne

312 1282 571 1337 schisma
593 1283 652 1336 in
683 1283 908 1350 pOputo
939 1283 1128 1348 ﬁeret;
1150 1282 1468 1338 dummodo
1492 1285 1555 1339 hi
1591 1289 1880 1354 prtesules
1913 1292 2306 1350 orthodoxam
2339 1297 2514 1362 ﬁdem
2544 1301 2886 1359 retinerent.
2924 1282 2988 1360 In
3024 1282 3134 1363 hoc
3158 1313 3384 1367 scilicet
3431 1282 3692 1372 vertitur

317 1373 498 1425 totius
519 1386 750 1426 summa
777 1372 1068 1439 opusculi;
1099 1373 1272 1439 cujus
1304 1375 1580 1428 notitiam
1606 1391 1708 1430 seu
1732 1379 1974 1433 titulum
2009 1382 2258 1436 tradidit
2289 1386 2715 1444 olimAllatius
2744 1392 2805 1446 in
2835 1394 3105 1452 Diatribe
3133 1399 3205 1452 de
3249 1401 3589 1471 Methodiis,

3624 1422 3689 1474 p.

316 1461 448 1527 383,
480 1475 668 1530 neque
690 1465 886 1515 tamen
921 1461 1165 1514 ubinam
1198 1461 1262 1514 id
1289 1462 1559 1516 latitaret
1584 1464 1751 1519 nobis
1786 1467 2089 1523 indicavit:
2127 1472 2278 1525 mihi
2301 1489 2436 1528 vero
2463 1478 2525 1530 in
2560 1477 2862 1536 Vaticanis
2908 1485 3208 1542 codicibus
3253 1461 3686 1558 deprehensum

314 1555 424 1614 est,
448 1555 501 1603 et
523 1555 679 1617 typis
710 1549 960 1618 dignum
986 1554 1166 1620 atque
1188 1551 1334 1605 utile
1367 1553 1579 1606 visum.
1605 1555 1912 1610 Etsienim
1946 1558 2098 1611 idem
2127 1568 2548 1628 argumentum
2602 1583 2901 1637 anoymus
2959 1575 3116 1629 alius
3157 1584 3372 1633 auctor
3409 1585 3688 1649 versavit,

314 1653 487 1708 quem
511 1653 542 1692 e
566 1638 765 1693 codice
796 1638 1171 1693 Barocciano
1202 1653 1360 1694 anno
1391 1640 1536 1698 1691
1564 1644 1836 1711 vulgavit
1870 1645 2084 1700 Oxonii
2112 1649 2540 1718 Humphredus
2569 1656 2800 1712 Hodius
2851 1661 2952 1728 (a),
2999 1663 3443 1724 Baroccianum
3491 1676 3690 1728 tamen

314 1727 669 1794 Opuscutum
691 1736 742 1781 et
760 1727 996 1782 brevius
1025 1732 1128 1792 est,
1154 1733 1208 1782 et
1236 1728 1311 1782 ab
1343 1729 1454 1783 hoc
1491 1730 1776 1787 Vaticano
1797 1735 1946 1788 satis
1972 1736 2295 1801 diversmn.
2321 1745 2383 1792 ut
2422 1742 2612 1810 tegens
2641 1727 2919 1815 comperi.

393 1869 476 1936 (a)
514 1866 800 1939 Opusculi
823 1866 902 1921 ab
934 1866 1258 1922 llumfredo
1287 1868 1428 1924 editi
1469 1869 1673 1925 titulus
1711 1871 1806 1928 hic
1846 1880 1934 1930 est
1963 1892 1975 1929 :
2010 1879 2331 1946 Anglicani
2358 1884 2499 1937 novi
2525 1886 2860 1944 schismatis
2889 1893 3239 1966 redargutio
3273 1914 3368 1955 seu
3397 1904 3693 1960 tractatus

314 1970 399 2011 ex
447 1956 704 2010 historiis
741 1957 1178 2023 ecclesiasticis,
1220 1973 1332 2027 quo
1381 1959 1734 2028 ostenditur,
1785 1965 2108 2042 episcopos,
2157 1968 2377 2037 injuste
2416 1972 2551 2028 licet
2600 1975 2914 2048 depositos,
2965 1956 3291 2043 orthodoxi
3338 1997 3691 2050 successoris

316 2046 788 2100 communionem
816 2059 1128 2115 nunquam
1155 2046 1466 2115 refugisse.
1506 2049 1662 2103 Ευιτ.

330 2228 3306 2276 .____________________________

800 2381 1048 2517 DE
1156 2382 2237 2531 SCHISMATE
2342 2399 3214 2550 VITANDO

1763 2666 2326 2760 LIBELLUS.

395 3001 751 3053 ΜΕθοΔιοΥ
823 3005 1159 3053 MONAxor
1229 3001 1452 3074 Συλλογὴ
1527 3011 1584 3054 ἐκ
1662 2999 1926 3080 διαφόρων
1958 3009 2159 3068 ΑΜΕ,

1958 3009 2007 3063 Α
2038 3011 2148 3068 ΜΕ
2157 3015 2672 3078 ΤΗΟΒΙΙΜΟΝΑ
2684 3024 2908 3082 CHIex
2918 3028 3168 3084 diversis
3182 3031 3352 3086 libris
3367 3035 3697 3103 synopticis

399 3098 720 3140 συνοπτικὼν
781 3087 1018 3159 βιϐλίων,
1083 3089 1163 3141 ὁτι
1193 3090 1252 3141 οὐ
1312 3087 1394 3143 δεῖ
1452 3094 1745 3162 σχιζεσθαι
1807 3099 1931 3157 τοὺς

396 3177 547 3236 λαοὺς
607 3179 709 3229 άπὸ
786 3187 885 3228 τὼν
970 3176 1255 3252 ἀρχιερέων
1358 3177 1653 3252 ὁρθοὸόξων
1749 3184 1926 3256 ὄντων,

395 3267 440 3319 εἰ
464 3270 598 3318 κατά
651 3286 768 3318 τινα
834 3265 1222 3338 ἐγκληματικὴν
1300 3275 1610 3342 περίστασιν
1702 3275 1730 3330 ἡ
1817 3294 1930 3345 χει-

393 3361 605 3429 ροτονία
635 3355 803 3407 αὐτῶν
830 3354 1000 3428 προϐῇ
1012 3397 1024 3410 .

398 3463 469 3518 α’.
500 3468 672 3516 Ῑστέον
717 3466 785 3523 ὡς
834 3469 1298 3536 παραιτησαμένου
1348 3467 1575 3538 μεγάλου
1639 3474 1930 3542 Γρηγορίου

325 3560 419 3605 τοῦ
474 3553 731 3624 Θεολόγου
783 3557 869 3604 τόν
924 3555 1104 3626 θρόνον
1201 3557 1785 3619 Κωνσταντινουπόλεως
1843 3567 1931 3612 καὶ

327 3641 792 3716 ἀναχωρήσαντος,
859 3645 1138 3717 Νεκτάριος
1213 3649 1556 3718 πατριάρχης
1635 3655 1932 3723 κεχειροτό-

325 3751 502 3801 νηται,
534 3736 622 3783 καὶ
670 3733 778 3804 μετ’
832 3731 1040 3783 αὑτόνό
1094 3738 1255 3805 μέγας
1313 3740 1694 3810 Χρυσόστόμος
1744 3742 1930 3791 τούτου

324 3819 660 3882 ἐκϐληθέντος
703 3817 921 3885 ἀδίκως,
975 3821 1258 3896 Ἀρσάκιος
1306 3825 1332 3875 ό
1375 3834 1466 3876 του
1522 3827 1789 3901 εἰρημένου
1834 3835 1932 3880 Νε-

319 3912 539 3986 κταρὶου
567 3907 787 3982 ἁδελφὸς
819 3913 892 3973 εἰς
918 3915 1005 3963 τόν
1055 3913 1230 3984 θρόνον
1286 3915 1498 3986 ἀνήχθη
1557 3919 1698 3990 παρά
1754 3925 1928 3970 πᾶσαν

318 4007 596 4060 κανονικὴν
631 4006 1004 4076 παρατήρησιν
1051 4002 1112 4054 οὐ
1159 4008 1312 4076 μόνον
1371 4001 1464 4057 διά
1492 4011 1586 4065 τὴν
1643 4016 1732 4060 τον
1793 4012 1929 4082 ἱερου

320 4100 706 4167 Χρυσοστομου
759 4089 945 4144 ἄδικον
989 4091 1210 4166 ἐξορὶαν,
1267 4093 1372 4146 ἀλλ’
1437 4095 1536 4156 ὃτι,
1589 4101 1656 4159 ὡς
1702 4097 1924 4169 λέγεται,

317 4187 409 4235 καὶ
437 4181 886 4253 ζηλοτυπούμενος
916 4185 1048 4256 πρὸς
1088 4191 1178 4234 του
1242 4181 1380 4236 ἰδίου
1450 4183 1675 4259 ἀδελφοῦ
1735 4195 1930 4241 Νεκτα-

317 4278 457 4346 ρὶου,
490 4276 689 4344 ὤμοσεν
717 4271 858 4343 αὐτῷ
887 4275 975 4323 τόν
1019 4280 1115 4333 τῆς
1169 4271 1462 4345 βασιλίδος
1532 4279 1708 4351 θρόνον
1765 4275 1931 4351 μηδέ-

2095 3105 2352 3176 Sylloge,
2366 3125 2487 3179 qua
2504 3111 2956 3171 demonstratur
2978 3118 3146 3173 haud
3160 3124 3697 3192 oporterepopulos

2112 3195 2186 3249 ab
2221 3199 2573 3257 orthodoxis
2607 3205 2896 3275 episcopis
2925 3214 3104 3264 semet
3155 3213 3491 3282 sejungere,
3531 3229 3697 3286 quan

2112 3299 2292 3353 quam
2319 3302 2396 3345 ea:
2409 3290 2620 3362 aliqua
2649 3295 2972 3352 criminosa
2998 3300 3234 3355 ratione
3262 3302 3468 3357 electio
3489 3317 3697 3360 eorum

2107 3380 2481 3441 processerit.

2117 3466 2164 3516 1.
2192 3463 2473 3538 Postqam
2505 3485 2765 3540 magnus
2798 3474 3116 3545 Gregorius
3147 3478 3488 3551 Theologus
3550 3483 3700 3538 Con-

2043 3553 2636 3626 stantinopolitanam
2653 3562 2858 3618 sedem
2875 3563 2984 3619 abs
3016 3581 3078 3620 se
3101 3566 3440 3624 abdicatam
3474 3570 3702 3627 dimisit

2043 3647 2276 3697 creatus
2335 3651 2422 3701 est
2467 3650 2810 3718 patriarcha
2857 3653 3202 3723 Nectarius;
3258 3664 3313 3712 et
3360 3664 3497 3730 post
3536 3660 3700 3717 hunc

2043 3730 2542 3808 Chrysostomus;
2567 3755 2689 3811 quo
2719 3741 2922 3814 inique
2954 3745 3222 3817 expulso,
3248 3749 3526 3804 Arsacius
3547 3766 3699 3822 prae-

2041 3819 2180 3877 dicti
2207 3827 2434 3881 Nectari
2455 3826 2636 3884 frater
2688 3830 2765 3885 ad
2819 3832 3022 3888 sedem
3083 3842 3324 3892 evectus
3378 3845 3484 3908 est,
3549 3819 3699 3897 sane

2041 3916 2248 3968 contra
2269 3930 2512 3972 omnem
2552 3919 3356 3992 canonicamregulamznon
3391 3928 3587 3984 solum
3618 3931 3699 3987 ob

2040 4000 2331 4070 injustum
2354 4006 2768 4079 Chrysostomi
2793 4011 3090 4081 exsilium,
3107 4031 3318 4071 verum
3348 4017 3528 4074 etiam
3554 4020 3702 4091 quia

2041 4096 2102 4148 ut
2158 4095 2440 4151 traditum
2494 4103 2597 4164 est,
2643 4099 2893 4156 sollicito
2933 4103 3012 4157 ob
3051 4105 3500 4162 aemulationem
3533 4107 3699 4165 fratri

2040 4183 2312 4240 Nectario
2327 4185 2631 4255 juraverat
2655 4191 2936 4246 Arsacius
2957 4207 3275 4264 nunquam
3300 4212 3363 4251 se
3389 4197 3568 4268 regiae
3604 4215 3699 4254 ur-

2039 4274 2132 4329 bis
2155 4275 2374 4331 infulas
2399 4275 2524 4332 fore
2546 4284 2947 4350 recepturum.
2983 4285 3228 4340 Arsacio
3252 4287 3557 4354 successit,
3604 4304 3701 4343 su-

317 4380 444 4415 ποτε
488 4358 903 4424 καταδέξασθαι.
962 4364 1105 4414 Merci
1154 4372 1334 4416 τοῦτον
1393 4364 1640 4436 ἀνάγέται
1703 4369 1930 4430 Ἀττικός
1965 4377 2003 4430 Β
2042 4380 2080 4436 p

1965 4377 2003 4430 Β
2042 4365 2280 4436 perstite
2304 4364 2502 4421 adhuc
2535 4367 2982 4442 Chrysostomo,
3022 4375 3267 4438 Atticus,
3309 4376 3414 4447 qui
3461 4377 3701 4433 nonnisi

320 4452 391 4514 εἰς
422 4456 508 4504 τόν
537 4453 733 4526 θρόνον,
786 4451 861 4503 ἐτι
903 4459 996 4502 τοῦ
1054 4457 1439 4526 Χρυσοστόμου
1499 4458 1702 4518 ζωντος·
1762 4462 1930 4510 εἴκοσι

317 4544 422 4615 γάρ
475 4540 627 4603 οὗτος
673 4538 932 4604 ἐπιζήσας
985 4545 1212 4614 χρόνους
1259 4551 1330 4614 τῷ
1411 4547 1593 4617 θρόνῳ,
1687 4549 1928 4606 θνήσκει.

321 4631 510 4688 Ἐλύθη
557 4627 617 4684 δὲ
668 4633 735 4682 τὰ
784 4635 1062 4703 σχίσματα
1103 4641 1194 4692 τῆς
1260 4633 1578 4695 Ἐκκλησίας
1616 4638 1692 4688 ἔτι
1748 4639 1932 4700 ζὼντος

321 4721 566 4775 Ἀττικοῦ
621 4729 693 4792 τῷ
771 4719 1020 4782 συντάξαι
1092 4721 1248 4774 αὐτὸν
1296 4727 1382 4774 τόν
1446 4727 1577 4776 θεῖον
1629 4731 1935 4798 Χρυσόστο-

320 4830 417 4878 μον
443 4814 573 4885 μετὰ
603 4818 703 4863 τῶν
723 4805 1014 4882 ὀρθοδοξων
1062 4821 1406 4886 πατριαρχών
1482 4833 1530 4866 εν
1601 4823 1705 4875 τοὶς
1781 4819 1934 4890 ἱεροῖς

321 4896 632 4972 διπτύχοις.
663 4903 806 4952 Μετά
855 4899 1090 4953 Ἀττικόν
1136 4906 1377 4962 Σισίνιος·
1418 4905 1548 4976 μετά
1592 4914 1772 4958 τουτον
1838 4913 1933 4959 Νε-

321 4997 540 5066 στόριος.
594 4993 792 5043 Τούτου
846 4992 1207 5062 καθαιρεθένος
1250 4991 1300 5044 ἐν
1355 5001 1417 5067 τῇ
1476 5000 1627 5068 τρίτῃ
1691 4993 1928 5070 συνόδῳ,

318 5080 644 5154 Μαξιμιανὸς
706 5089 796 5140 τῆς
872 5082 1459 5146 Κωνσταντινονπόλεως
1549 5095 1932 5159 χειροτονεῖται

317 5169 622 5231 ἕπισκοπος.
651 5174 849 5224 Τούτου
898 5170 1320 5241 τελευτήσαντος,
1387 5175 1413 5224 ό
1479 5173 1612 5248 ἱερός
1657 5174 1711 5226 ἐκ
1774 5177 1932 5237 Κυζί-

317 5281 412 5314 κου
493 5263 828 5334 μιτατιθεται
901 5260 1132 5333 Πρόκλος
1241 5262 1312 5324 εἰς
1395 5267 1932 5318 Κωνσταντινουπο).ιν

317 5347 524 5410 εἰδήσει
561 5355 651 5404 καὶ
697 5353 988 5403 συναινέσει
1035 5357 1127 5402 τοῦ
1177 5361 1471 5410 τηνικαῦτα
1518 5360 1720 5422 Ῥώμης
1746 5358 1932 5429 ἀρχιε-

315 5444 468 5517 ρέως,
525 5444 590 5504 ὡς
645 5443 671 5492 ό
731 5447 974 5516 Ζωναρᾶς
1034 5442 1230 5516 ἱστορεῖ
1295 5441 1343 5494 ἐν
1408 5451 1480 5504 τῷ
1554 5452 1790 5519 Χρονικῷ
1845 5447 1934 5498 αὐ-

317 5530 543 5602 τοῦ
591 5533 682 5582 καῖ
730 5529 964 5602 ἀλλαχοῦ
1033 5526 1092 5582 δὲ
1139 5533 1366 5606 φέρεται.
1425 5541 1468 5586 Ο
1537 5529 1595 5586 δὲ
1639 5536 1769 5597 θεῖος
1802 5543 1932 5610 Προα

2040 4461 2177 4527 post
2203 4455 2558 4511 vicesimum
2589 4459 2973 4531 episcopatus
3010 4477 3239 4518 annum
3288 4469 3564 4520 mortuus
3591 4471 3698 4522 est.

2042 4545 2320 4601 Ecclesia
2344 4562 2484 4602 vero
2502 4547 2767 4604 schisma
2796 4549 3100 4606 sublatum
3125 4559 3231 4620 est,
3258 4571 3396 4611 cum
3424 4557 3700 4612 nondum

2045 4637 2332 4691 exstincto
2357 4637 2542 4691 Attico
2569 4636 2691 4691 divi
2717 4638 3130 4711 Chrysostomi
3166 4658 3389 4700 nomen
3419 4645 3479 4700 in
3528 4662 3704 4703 sacra

2048 4724 2607 4795 Diptycharelatum
2653 4725 2778 4781 fuit.
2837 4729 3026 4785 Attico
3081 4735 3371 4788 successit
3425 4733 3700 4803 Sisinius,

2044 4813 2181 4868 huic
2209 4814 2533 4869 Nestorius:
2562 4831 2684 4886 quo
2709 4815 2960 4872 decretis
3016 4820 3200 4876 tertiae
3254 4823 3469 4894 synodi
3511 4823 3707 4896 depo-

2045 4907 2174 4972 sito,
2201 4905 2598 4960 Maximianus
2625 4907 3227 4982 Constantinopoleos
3247 4912 3313 4969 fit
3360 4915 3702 4987 episcopus.

2042 5001 2232 5068 Atque
2263 4995 2377 5051 hoc
2399 5001 2656 5061 mortuo,
2677 4997 3024 5055 transfertur
3056 5003 3267 5073 Cyzico
3290 5006 3706 5061 Constantino-

2045 5087 2227 5158 polim
2253 5092 2498 5141 sanctus
2529 5087 2788 5156 Proclus,
2826 5089 3048 5144 sciente
3086 5095 3705 5168 etcomprobantequi

2045 5192 2150 5248 per
2174 5175 2321 5231 illud
2361 5181 2596 5246 tempus
2643 5182 2770 5232 erat
2801 5180 3002 5233 Romte
3034 5179 3368 5253 hierarcha,
3403 5189 3468 5240 ut
3505 5191 3562 5240 et
3606 5188 3706 5240 Zo-

2044 5282 2223 5321 naras
2244 5266 2303 5319 in
2333 5265 2624 5320 Chronico
2656 5273 2880 5336 narral,
2907 5274 2960 5323 et
2993 5268 3238 5325 aliunde
3289 5274 3469 5328 etiam
3540 5290 3705 5329 com-

2045 5363 2280 5427 pertum
2305 5357 2598 5411 est.Porro
2630 5355 2807 5412 divus
2830 5358 3071 5414 Proclus
3103 5377 3241 5416 cum
3261 5370 3469 5418 sancto
3502 5363 3706 5419 Proclo

2045 5446 2448 5502 Alexandrino
2479 5448 3196 5523 communicabat;neque
3215 5451 3264 5506 is
3281 5455 3707 5511 tantummodo

2044 5553 2256 5592 verum
2286 5536 2468 5592 etiam
2497 5552 2830 5608 prmcessor
2855 5539 2986 5608 ejus
3000 5541 3416 5607 Maximianus,
3450 5560 3560 5600 nec
3583 5560 3708 5600 non

393 5659 474 5729 (t)
513 5656 636 5713 Lib.
671 5673 790 5724 xm,
823 5661 912 5712 22.
953 5655 1185 5713 Notitiaa
1216 5662 1419 5715 tamen
1465 5659 1648 5732 hujus
1687 5666 1921 5734 partem
1954 5661 2197 5719 aliunde
2243 5663 2426 5720 sumit
2470 5663 2820 5735 Methodius,
2871 5669 2937 5722 ut
2973 5666 3234 5740 ipsemet
3263 5668 3499 5742 innuit;
3563 5685 3709 5731 nam

320 5749 584 5808 Zonaras
601 5746 678 5804 de
705 5748 962 5806 Romani
983 5746 1284 5821 pontiﬁcis
1313 5747 1608 5822 suﬂragio
1636 5751 1786 5808 nihil
1813 5751 1980 5812 dicit.
