4468 6450
781 422 884 475 783
2112 416 2446 477 METHODII
2484 420 2545 477 Mt

2387 418 2446 475 ill
2484 419 2814 477 MONACHI.
4047 431 4151 485 ’784

784 544 1034 599 Sisinius
1067 549 1123 601 et
1165 544 1407 600 Atticus.
1466 540 1696 597 Nemini
1754 541 1914 596 enim
1956 542 2435 602 adversabantur
2467 550 2513 601 Α

2388 561 2435 602 Ir
2467 550 2513 601 Α
2551 546 2666 605 κλος
2718 545 3012 603 κοινωνικὸς
3066 544 3127 602 ἦν
3177 553 3248 616 τῷ
3307 544 3440 620 ἁγίῳ
3510 548 3722 623 Πρόκλῳ
3809 559 3880 622 τῷ
3917 551 4152 615 Ἀλεξαν-

783 633 905 687 sive
945 634 1197 705 Cyrillus
1226 632 1347 686 sive
1414 629 1624 702 reliqui
1676 630 2031 702 patriarchae
2054 638 2296 703 propter
2341 632 2435 690 vel

2384 632 2435 690 el
2550 631 2749 708 δρείας·
2780 632 2838 684 οὐ
2888 636 3041 705 μόνον
3105 630 3155 685 δ’
3206 635 3377 704 οὗτος,
3427 636 3554 691 ἀλλά
3600 645 3687 691 καὶ
3749 641 3774 691 0
3829 646 3929 713 πρό
3990 642 4148 695 αὑτοῦ

782 721 941 775 sedis
971 722 1444 789 translationem,
1472 719 1562 774 vel
1593 718 1853 775 alienam
1911 735 1947 775 a
2005 736 2247 777 summo
2301 723 2435 793 jure

2384 738 2435 779 re
2547 723 2887 794 Μαξιμιανός,
2918 726 3007 773 καὶ
3051 717 3117 780 δη
3143 728 3232 775 καὶ
3287 730 3532 795 Σισίνιος,
3576 734 3666 780 καὶ
3718 734 3955 791 Αττικός.
4012 734 4148 804 Πρός

785 811 1074 865 canonico
1098 810 1466 865 electionem.
1498 810 1701 878 Neque
1723 824 1864 863 vero
1887 808 2310 882 episcoporum
2332 811 2437 867 ho-
2546 840 2549 857 ‹

2384 827 2437 867 o-
2546 807 2734 863 οὐδένα
2786 813 3028 884 καὶγὰρ
3080 807 3379 887 διεφέρουτο
3448 820 3564 869 οὔτε
3647 818 3894 890 Κύριλλος
3972 821 4148 872 οὖτεοί

781 915 916 954 rum
946 899 1352 955 ordinationes
1386 913 1421 953 a
1445 898 1735 969 quopiam
1769 898 2267 968 repudiabantur.
2324 900 2435 965 Qui

2382 900 2435 955 ui
2546 899 2718 952 λοιποὶ
2764 901 3096 974 πατριάρχαι
3150 904 3292 953 ἕνεκα
3338 912 3428 964 τῆς
3494 908 3819 977 μεταθέσεως
3887 914 3976 960 καὶ
4046 918 4146 960 τῶν

782 988 1023 1043 enimid
1055 988 1181 1043 tieri
1220 991 1468 1059 poterat,
1502 986 1800 1058 praedictis
1848 988 2248 1045 summatibus
2296 1006 2438 1046 con-

2382 1006 2438 1045 [ι-
2547 991 2691 1062 παρα
2720 994 3057 1046 τηνκανονων
3113 988 3378 1065 ἀκριϐειαν
3447 1005 3801 1069 χειροτονιῶν·
3863 997 3978 1048 AD.’
4024 994 4146 1051 οὐδε

785 1076 1209 1132 sentientibus?
2548 1112 2549 1123 χ

2548 1081 2602 1129 αἱ
2676 1081 2870 1130 τούτων
2945 1084 3265 1153 χειροτονίαι
3340 1078 3556 1135 ἆδεκτοί
3637 1104 3739 1136 τινε
3816 1084 4144 1157 ἐγεγόνεισαν

2546 1176 2656 1227 πῶς
2682 1170 2805 1239 γὰρ,
2831 1170 2997 1218 αὐτῶν
3030 1167 3421 1241 ἐπαινουμένωη

854 1259 907 1309 2.
937 1254 1108 1319 Quod
1138 1269 1279 1310 vero
1318 1270 1412 1309 res
1439 1254 1519 1309 ita
1542 1269 1604 1309 se
1630 1253 1927 1323 habuerit,
1987 1270 2125 1311 cum
2192 1255 2435 1312 aliunde

2381 1257 2435 1312 ie
2620 1254 2696 1327 β’.
2725 1259 2926 1308 Καὶὸτι
2968 1254 3161 1317 ἀληθὴς
3205 1259 3231 1309 0
3279 1257 3450 1329 λόγος,
3503 1257 3662 1319 δῆλον
3718 1265 3808 1335 μὲν
3855 1263 3907 1325 ἐξ
3955 1264 4145 1334 inemo,

786 1349 1042 1407 constat,
1066 1348 1191 1398 tum
1224 1342 1400 1398 etiam
1418 1358 1489 1397 ex
1508 1342 1757 1415 epistola
1777 1342 1853 1397 ad
1873 1345 2202 1400 Nestorium
2246 1345 2437 1401 sancti

2382 1345 2437 1401 :ti
2550 1340 2707 1403 δῆλον
2740 1341 2798 1396 δὲ
2828 1344 2884 1396 ἐκ
2911 1353 3006 1407 τῆς
3049 1350 3178 1417 πρός
3217 1353 3493 1423 Νεστόριον
3544 1350 3817 1413 ἐπιστολῆς
3868 1362 3959 1405 τοῦ
3994 1354 4146 1425 ἁγίου

784 1432 1266 1503 Caelestinipapae
1300 1432 1549 1486 Romani
1606 1431 1810 1503 palam
1866 1432 1951 1500 iit,
2025 1448 2159 1505 quae
2206 1433 2433 1507 inciptt:

2383 1438 2433 1490 lt:
2550 1433 2873 1502 Κελεστίνου,
2962 1435 3153 1485 πάππα
3212 1434 3431 1507 Ῥώμης,
3503 1438 3567 1499 ἧς
3643 1442 3670 1498 η
3752 1439 3920 1515 ἁρχὴ,
3994 1441 4147 1514 «Ἐγ,

785 1539 815 1573 ι
842 1520 1173 1592 Aliquantis
1195 1519 1408 1575 diebus
1438 1520 1568 1574 vitae
1595 1525 1839 1577 nostrae.
1872 1541 1899 1568 ››
1940 1524 2007 1576 Et
2045 1521 2226 1593 paulo
2275 1528 2431 1594 post:
2547 1541 2549 1548 ·

2378 1528 2431 1579 st:
2547 1523 2738 1593 ἡμέρας
2777 1524 2919 1583 τινάς
2987 1531 3081 1584 τῆς
3144 1524 3280 1585 ζωῆς
3352 1528 3518 1597 ἡμῶν.
3593 1549 3620 1577 ››
3684 1534 3773 1581 καὶ
3854 1529 4142 1602 μετ’όλὶγα·

785 1631 811 1657 ‹‹
849 1611 1078 1665 Sanctae
1109 1607 1540 1663 recordationis
1570 1608 1793 1664 Atticus
1824 1608 2128 1665 catholicae
2152 1611 2437 1682 magister
2548 1642 2549 1649 ι

2382 1628 2437 1668 er
2548 1634 2576 1661 ι(
2602 1611 2801 1663 Αὐτίκα
2829 1612 2853 1662 0
2884 1619 2980 1672 τῆς
3018 1611 3164 1678 ἁγίας
3189 1619 3398 1685 μνήμης
3419 1615 3431 1636 ’
3476 1620 3715 1684 Αττικός,
3746 1620 3771 1669 0
3821 1615 4146 1682 διδάσκαλος

779 1697 858 1767 (2)
892 1697 1048 1762 tidei,
1091 1704 1147 1752 et
1169 1712 1299 1751 vere
1321 1696 1499 1752 beato
1522 1696 1736 1753 Joanni
1759 1697 1936 1753 etiam
1959 1698 2034 1753 ad
2057 1699 2171 1755 ista
2204 1716 2437 1756 succes-

2385 1719 2437 1756 s—
2545 1708 2637 1761 τῆς
2692 1699 2969 1760 καθολικῆς
3019 1706 3265 1765 πίστεως,
3323 1708 3410 1755 καὶ
3471 1702 3676 1767 ἀληθῶς
3731 1715 3823 1759 τοῦ
3880 1714 4144 1783 μακαρίου

782 1802 901 1842 sor.
931 1809 958 1835 ››
993 1790 1057 1841 Et
1084 1786 1286 1841 multis
1324 1786 1663 1856 interjeclis:
1693 1809 1719 1837 α
1747 1785 1863 1841 Cur
1920 1793 2125 1844 tamen
2178 1805 2249 1844 ea
2296 1805 2431 1862 quae

2383 1807 2431 1846 ag
2548 1789 2781 1841 Ἰωάννου
2811 1795 2897 1841 καὶ
2931 1789 3001 1849 εἱς
3031 1797 3197 1841 ταυτα
3224 1787 3507 1863 διάδοχος.
3562 1816 3591 1844 ››
3641 1801 3729 1847 καὶ
3782 1800 3911 1868 μετὰ
3956 1796 4140 1850 πολλά⁶

776 1875 1074 1933 adversus
1104 1874 1217 1931 hos
1247 1877 1389 1930 tunc
1419 1878 1728 1942 suntacta,
1751 1880 2124 1947 quaeruntur,
2150 1892 2288 1933 cum
2312 1894 2433 1935 cer-
2469 1878 2511 1931 Β

2384 1894 2433 1935 r-
2469 1878 2511 1931 Β
2542 1900 2569 1927 ‹‹
2600 1877 2621 1888 ”
2661 1886 2817 1949 Ομως
2847 1876 2941 1931 διὰ
2971 1883 3028 1930 τί
3070 1882 3136 1931 τὰ
3172 1880 3284 1932 κατ’
3338 1880 3539 1934 ἐκείνων
3581 1891 3919 1957 πεπραγμένα
3966 1886 4142 1947 ζητεί-

778 1970 907 2020 tum
938 1965 1007 2020 sit
1030 1963 1189 2019 illinc
1214 1964 1291 2019 ad
1324 1979 1435 2020 nos
1481 1979 1519 2019 a
1557 1963 1850 2019 catholico
1906 1964 2191 2038 episcopo
2242 1969 2431 2025 Attico
2541 1994 2542 1999 π

2378 1984 2431 2025 :o
2541 1988 2649 2036 ται,
2678 1970 2831 2021 ὁπότε
2862 1965 3021 2026 δῆλόν
3051 1966 3192 2021 ἐστιν
3228 1972 3306 2022 ότι
3359 1971 3545 2025 ἐκεῖθεν
3606 1977 3736 2048 πρὸς
3794 1976 3934 2047 ἡμᾶς
3995 1981 4142 2052 παρα

776 2058 919 2111 tunc
940 2053 1404 2110 commentarios
1436 2069 1563 2108 esse
1593 2052 1849 2109 directos
1882 2057 1909 2108 ?
1930 2073 1959 2107 ›
2006 2053 2169 2111 ldem
2201 2057 2280 2112 ad
2318 2058 2431 2114 cle-

2377 2074 2431 2114 e-
2540 2065 2630 2109 τοῦ
2663 2062 2776 2109 τότε
2802 2055 3089 2110 ἐπισκόπου
3132 2068 3225 2111 τόν
3281 2060 3561 2115 καθολικοῦ
3595 2062 3836 2117 Ἀττικοῦ
3890 2067 3956 2117 τὰ
4009 2067 4141 2118 ὑπο-

774 2160 909 2199 rum
939 2142 1559 2213 ConstantinOpoleos,
1593 2146 1771 2214 atque
1802 2142 1880 2198 ad
1928 2148 2069 2199 tunc
2119 2153 2427 2203 versantes
2536 2205 2538 2217 λ

2378 2162 2427 2203 as
2536 2151 2784 2218 μνήματα
2814 2144 3128 2209 ἀπεστνάλης
3171 2170 3199 2198 ››
3239 2147 3297 2200 Ὀ
3345 2148 3497 2211 αὐτὸς
3554 2154 3645 2204 καὶ
3710 2151 3778 2214 ii;
3825 2156 3912 2206 τόν
3950 2152 4142 2229 κλῆρον

773 2232 1020 2293 ibidem,
1100 2231 1439 2303 episcopos,
1540 2230 1930 2302 presbyteros
2013 2232 2424 2309 diaconosque

2377 2251 2424 2291 le
2539 2236 3125 2297 Κωνσταντινουπόλεως
3183 2240 3395 2310 γράφων
3456 2244 3546 2293 καὶ
3609 2241 3683 2303 εἰς
3751 2246 3871 2304 τοὺς
3955 2244 4141 2296 αὐτόθι

773 2321 1041 2378 scribens
1062 2326 1269 2376 contra
1301 2320 1659 2385 Nestorium,
1692 2321 1774 2376 sic
1804 2321 2086 2394 loquitur:
2119 2327 2311 2380 «Nam
2359 2330 2426 2383 ut
2532 2344 2537 2354 ί

2376 2330 2426 2383 1t
2532 2331 2644 2376 τότε
2719 2320 2994 2396 διάγοντας
3043 2323 3380 2395 ἐπισκόπους,
3436 2328 3818 2403 πρεσϐυτέρους
3870 2336 3960 2384 καὶ
4021 2329 4140 2385 δια-

772 2428 808 2467 a
822 2408 1794 2481 recentioribusinchoemus,quid
1807 2426 1930 2466 non
1944 2414 2181 2468 animos
2193 2420 2419 2472 vestros
2533 2432 2536 2462 τ

2374 2433 2419 2471 is
2533 2417 2717 2475 κόνους
2741 2416 2877 2466 κατὰ
2908 2420 3215 2487 Νεστορίου,
3248 2413 3376 2470 τάδε
3424 2437 3601 2489 φησιν’
3655 2441 3682 2470 ί(
3732 2419 3842 2473 Ἵνα
3888 2424 3987 2496 γάρ
4034 2422 4138 2475 από

771 2501 1189 2571 magisterium
1292 2499 1532 2555 edocuit
1646 2506 1867 2556 sanctae
1987 2502 2420 2561 recordationis
2532 2525 2535 2533 ⁴

2370 2506 2420 2561 is
2532 2512 2631 2554 των
2677 2510 2885 2575 Νεαρών
2934 2502 3227 2576 αρξωμεθα,
3280 2511 3330 2558 τί
3387 2507 3479 2559 οὐκ
3542 2506 3765 2562 ἐνέϐαλεν
3828 2511 3969 2583 ἡμῶν
4016 2520 4133 2573 ταῖς

764 2591 1009 2647 Joannis
1041 2590 1329 2662 episcopi,
1360 2590 1533 2661 cujus
1566 2590 1757 2647 oratio
1771 2591 2122 2649 catholicam
2146 2600 2421 2652 astruens

2368 2612 2421 2652 ιε
2530 2590 2791 2663 ψυχαῖςη
2826 2589 3104 2654 παίδευσις
3142 2602 3235 2646 τοῦ
3269 2603 3364 2656 τῆς
3417 2596 3568 2667 ἁγίας
3621 2604 3831 2671 μνήμης
3897 2600 4132 2653 Ἰωάννου

762 2682 947 2738 ﬁdem
987 2686 1110 2738 toto
1158 2680 1303 2737 orbe
1343 2680 1564 2737 diffusa
1621 2684 1748 2737 est?
1790 2682 1893 2755 qui
1963 2699 2267 2756 nusquam
2316 2702 2421 2759 per

2365 2702 2421 2742 er
2531 2678 2926 2746 ἐπισκόπουςοῦ
2972 2682 3115 2753 λόγος
3167 2683 3233 2743 εἰς
3284 2687 3455 2737 πάντα
3506 2689 3591 2738 τόν
3638 2706 3834 2759 κόσμον
3883 2686 4129 2761 ἐξεχύθη’

760 2772 1098 2829 doctrinam
1130 2788 1303 2828 suam
1324 2771 1531 2837 defuit,
1561 2771 1705 2844 quia
1731 2771 2075 2846 ubicunque
2096 2774 2285 2831 lectus
2306 2780 2415 2843 est,

2376 2780 2415 2843 ί,
2529 2768 2821 2843 οἰκοδόμων
2861 2776 2956 2829 τὴν
3009 2772 3291 2830 καθολικὴν
3346 2779 3547 2827 πίστινο
3599 2775 3655 2838 ὃς
3710 2773 3949 2849 οὐδαμοῦ
3996 2782 4134 2832 κατά

766 2862 1130 2934 praedicavit.
1165 2861 1323 2917 Illius
1380 2860 1650 2930 diligenti
1697 2862 2030 2933 prudentiae
2079 2866 2421 2922 constantia
2527 2882 2530 2889 ‘

2364 2866 2421 2922 ia,
2527 2864 2618 2918 τὴν
2652 2857 3006 2914 διδασκαλίαν
3039 2860 3197 2921 ἀπῆν·
3223 2865 3351 2915 ὃπόυ
3402 2866 3503 2940 γὰρ
3548 2861 3743 2924 δὴποτε
3806 2866 4128 2938 ἀνεγνώσθη,

759 2951 1058 3007 celebrata
1072 2951 1380 3006 successit.
1395 2950 1560 3005 Rexit
1572 2950 1731 3006 enim
1747 2956 1967 3007 sanctte
1982 2954 2415 3011 recordationis

2365 2955 2415 3011 is
2528 2948 2763 3022 ἐκήρυξε.
2796 2958 2900 3009 Την
2959 2949 3018 3003 δὲ
3049 2950 3242 3004 ἐκείνου
3300 2952 3512 3025 ἐπιμελῆ
3593 2959 3800 3008 σύνεσιν
3851 2957 4129 3031 στερρότης

757 3041 1077 3113 episcopus
1098 3040 1321 3096 Atticus
1345 3039 1744 3096 Christianum
1760 3041 2055 3113 populum
2078 3042 2416 3100 decessoris

2362 3045 2416 3100 iis
2528 3034 2907 3112 διαϐεϐοημένη
2980 3037 3273 3102 διεδέξατὼ
3378 3042 3688 3117 ἐκυϐερνησε
3772 3047 3867 3121 γὰρ
3948 3048 3974 3097 0
4036 3055 4126 3108 τῆς

756 3130 1055 3202 exemplo,
1077 3136 1133 3185 et
1156 3129 1483 3199 sacrilegos
1512 3135 1857 3201 persecutus
1881 3136 1968 3187 est
1996 3132 2413 3189 haereticorum

2363 3151 2413 3189 ω
2526 3126 2677 3197 ἁγίας
2723 3133 2935 3201 μνήμης
2982 3128 3262 3191 ἐπίσκοπος
3316 3131 3554 3195 Ἀττικός
3607 3137 3694 3185 τόν
3750 3142 4127 3208 Χριστιανικόν

754 3220 1012 3276 furores.
1073 3220 1377 3291 nCyrillus
1432 3219 1575 3275 item
1628 3220 1690 3275 in
1742 3236 1855 3277 sua
1903 3222 1981 3277 ad
2078 3223 2412 3280 Nestorium
2443 3236 2482 3290 (ζ

2364 3240 2412 3280 α]
2443 3236 2482 3290 C
2524 3216 2644 3269 λαόν
2674 3227 2746 3289 τῷ
2777 3226 2866 3271 τοῦ
2897 3226 3337 3293 προηγησαμένου
3391 3220 3767 3295 ὑποδείγματι,
3801 3230 3889 3277 καὶ
3939 3222 4128 3290 ἐδίωξε

755 3309 1007 3383 epistola
1074 3310 1191 3365 ait:
1262 3311 1555 3376 «Testor,
1623 3309 1859 3366 vivente
1926 3310 2125 3368 adhuc
2218 3312 2410 3369 beatae

2365 3329 2410 3369 ag
2525 3311 2612 3369 τας
2655 3309 2951 3380 ἱεροσύλους
3009 3318 3105 3362 τῶν
3160 3317 3432 3387 αίρετικῶν
3480 3318 3689 3384 μανίας.
3751 3320 3908 3368 »Καὶ
3942 3317 4129 3389 Κύριλ-

755 3398 1184 3455 recordationis
1217 3398 1426 3468 Attico,
1456 3398 1766 3471 scripsisse
1808 3416 1904 3455 me
1943 3399 2017 3456 de
2081 3406 2288 3458 sancta
2354 3406 2411 3458 et

2364 3406 2411 3458 et
2521 3398 2601 3459 λος
2662 3398 2713 3451 ἐν
2756 3408 2818 3472 τῇ
2872 3404 3002 3475 πρὸς
3070 3407 3353 3475 Νεστόριον
3413 3402 3562 3475 λέγει·
3630 3404 3676 3454 ε’
3744 3406 3844 3458 Επ’
3909 3404 4128 3464 ἀληθεία

754 3487 1552 3545 consubstantialiTrinitatc
1578 3486 1868 3546 libellum.
1904 3512 1932 3539 ››
1983 3490 2074 3545 Sic
2128 3506 2272 3563 ergo
2313 3490 2407 3548 isti

2360 3492 2407 3548 ili
2522 3485 2581 3541 δὲ
2626 3488 2757 3560 λέγω
2803 3492 2883 3541 ὅτι
2930 3494 3017 3541 καὶ
3072 3496 3338 3565 περιόντος
3404 3495 3480 3544 ἔτι
3554 3501 3653 3552 τῆῦ
3705 3494 3799 3556 τῆς
3864 3501 4124 3570 μακαρίας

753 3594 814 3635 se
837 3582 1148 3649 gesserunt
1172 3576 1474 3650 locutique
1498 3583 1657 3634 sunt.

2518 3582 2731 3651 μνήμης
2778 3577 3022 3632 Ἀττικοῦ
3070 3583 3390 3634 συντέθειταί
3443 3602 3534 3653 μοι
3592 3581 3778 3655 βίϐλος
3830 3590 3947 3658 περὶ
4027 3594 4123 3648 τῆς

2518 3668 2672 3739 ἁγίας
2697 3674 2786 3721 καὶ
2817 3669 3100 3741 όμοουσίου
3131 3667 3377 3743 Τριάδος.
3410 3692 3437 3721 ››
3468 3676 3569 3725 Καὶ
3599 3668 3741 3725 οὗτοι
3788 3678 3881 3745 μέν
3929 3683 4121 3729 ταῦτα,

822 3761 875 3813 3.
903 3757 1044 3823 Quis
1065 3772 1207 3813 vero
1231 3757 1487 3829 ignorat,
1506 3756 1813 3830 quodjam
1835 3772 1948 3829 ego
1963 3756 2231 3816 dicturus
2244 3776 2401 3831 sum,

2357 3777 2401 3831 1,
2586 3756 2632 3827 γ’
2657 3797 2671 3813 .
2704 3757 2897 3810 Ἐκεῖνο
2929 3754 2989 3811 δὲ
3016 3763 3096 3820 τίς
3118 3758 3210 3810 οὐκ
3237 3755 3377 3812 οἶδεν
3429 3760 3454 3811 ὃ
3504 3779 3556 3814 τι
3632 3766 3785 3834 enipi;
3870 3772 3968 3815 τῶν
4024 3768 4121 3822 τὴν

748 3862 967 3919 nempe
981 3846 1219 3903 illorum
1232 3845 1813 3919 quiiniustissimam
1829 3848 2403 3922 sclestissimamque

2358 3866 2403 3906 ιθ
2518 3844 2849 3905 ἀδικωτάτην
2913 3853 3003 3900 καὶ
3057 3853 3504 3923 παρανομωτατην
3548 3858 3641 3903 τοῦ
3695 3851 3924 3924 μεγάλου
3972 3861 4122 3927 Χρυ-

748 3936 955 4006 magni
972 3935 1836 4008 Chrysostomidepositionem
1849 3940 2402 4011 curaverunt,prin-

2357 3955 2402 3995 ι-
2518 3942 2782 4009 σοστόμου
2822 3940 3127 4010 καθαίρεσιν
3193 3938 3557 4014 ἐργασαμὲνων
3641 3950 3847 4015 πρῶτος
3912 3947 4003 4016 μὲν
4056 3946 4121 4001 ἦν

748 4026 941 4098 cipem
961 4025 1145 4081 fuisse
1169 4024 1639 4080 Alexandrinum
1654 4026 2070 4098 Theophilum,
2087 4030 2396 4100 proximos

2357 4048 2396 4085 με
2516 4029 2730 4089 αϊτιοςό
2788 4024 3177 4103 Ἀλεξανδρείας
3239 4028 3507 4101 Θεόφιλος·
3583 4029 3690 4102 μετ’
3761 4032 3916 4084 αὐτόν
3972 4030 4033 4085 δέ
4094 4036 4121 4085 0

748 4122 950 4171 autem
970 4116 1109 4171 huic
1127 4115 1541 4185 Severianum,
1561 4116 2072 4187 Gabalitanum,et
2089 4119 2403 4175 Berrhoen-

2357 4135 2403 4175 τι.
2518 4115 2759 4168 Γαϐάλων
2826 4121 3151 4192 Σευηριανὸς,
3240 4124 3333 4170 καὶ
3414 4120 3440 4171 0
3536 4118 3777 4194 Βερροίας
3852 4120 4121 4186 Ἀκοίκιος.

746 4221 873 4261 sem
897 4205 1178 4261 Acacium
1205 4205 1232 4260 ?
1261 4209 1534 4261 Attamen
1572 4205 1632 4260 hi
1650 4210 1784 4277 post
1814 4206 2228 4278 Chrysostomi
2267 4209 2401 4264 obi-

2360 4209 2401 4264 i-
2514 4206 2631 4257 Λλλ’
2661 4211 2796 4279 ὅμως
2827 4204 2971 4259 οὗτοι
3023 4211 3151 4280 μετά
3198 4213 3292 4266 τὴν
3341 4216 3431 4261 τοῦ
3484 4215 3870 4283 Χρυσοστόμου
3931 4218 4124 4285 κοίμη-

742 4300 1258 4367 tum,quanquam
1273 4295 1437 4367 apud
1454 4296 1866 4351 Innocentium
1886 4312 2102 4369 papam
2120 4298 2402 4369 postulati

2364 4301 2402 4356 ti
2516 4315 2598 4347 σιν
2648 4294 3073 4368 ἐμφανισθςντες’
3126 4303 3388 4370 Ινοκεντίῳ
3440 4307 3512 4369 τῷ
3578 4300 3790 4372 πάππα,
3844 4301 3962 4354 οὕτε
3992 4306 4123 4355 καθ-

741 4385 1003 4455 fuerunt,
1033 4389 1236 4442 tamen
1264 4400 1461 4457 neque
1488 4384 1744 4458 depositi
1789 4391 1927 4442 sunt
1972 4402 2170 4459 neque
2212 4389 2400 4445 incre-

2355 4405 2400 4445 3-
2513 4388 2796 4457 ηρέθησαν,
2857 4386 2962 4439 οὔτ’
3025 4390 3428 4459 ἐπετιμήθησαν,
3478 4393 3573 4447 την
3628 4388 3713 4441 ἀπ’
3755 4391 3923 4443 αὐτῶν
4023 4402 4119 4447 τοῦ

740 4476 866 4548 piti;
900 4476 1044 4544 quia
1068 4490 1281 4548 poenas
1312 4478 1557 4547 propter
1598 4476 2097 4547 Chrysostomum
2144 4478 2219 4533 de
2251 4478 2397 4551 ipsis

2356 4479 2397 4534 is
2510 4481 2893 4548 Χρυσοστόμον
2934 4473 3209 4533 ἐκδίκησιν
3256 4486 3329 4547 τῲ
3379 4486 3493 4547 Θεῴ
3552 4486 3644 4530 τοῦ
3692 4483 3885 4532 πάππα
3936 4480 4120 4535 ἀναθε-

737 4566 1065 4623 sumendas
1095 4566 1193 4621 Dei
1218 4565 1446 4637 judicio
1471 4581 1633 4638 papa
1682 4566 1970 4637 permisit.
2005 4569 2208 4639 Ipsum
2251 4584 2394 4625 vero
2428 4598 2470 4651 ι)

2358 4584 2394 4625 ο
2428 4598 2470 4651 D
2504 4568 2657 4634 μένον
2831 4566 2995 4618 Αὐτόν
3027 4563 3086 4618 0“:
3116 4569 3202 4618 τόν
3254 4566 3501 4639 Θεόφιλον
3552 4574 3626 4630 τίς
3672 4567 3973 4637 ἀπεϐάλετο;
4026 4576 4119 4624 τόν

735 4655 1130 4728 Theophilum
1156 4654 1291 4727 quis
1313 4670 1348 4709 a
1370 4655 1617 4727 propria
1655 4656 2082 4711 communione
2116 4659 2388 4725 removit,

2354 4663 2388 4725 ι,
2504 4656 2706 4705 πάντων
2764 4664 2863 4706 τῶν
2915 4658 3050 4707 κατά
3103 4660 3489 4728 Χρυσοστόμον
3555 4677 3727 4709 κακων
3804 4660 3969 4711 αἰτιον
4030 4662 4118 4734 (4)

733 4745 840 4818 qui
869 4744 1141 4801 omnium
1157 4743 1567 4816 Chrysostomi
1594 4744 2005 4801 calamitatum
2030 4747 2216 4802 verbo
2254 4762 2393 4819 ope-

2350 4763 2393 4803 3-
2502 4747 2592 4794 καὶ
2623 4743 2758 4817 λόγῳ
2809 4750 2898 4796 καὶ
2938 4743 3068 4818 ἐργῳ
3109 4749 3440 4818 γεγενημένον
3487 4742 3581 4798 δια
3628 4750 3715 4800 τόν
3765 4752 3896 4822 πρὸς
3954 4749 4114 4806 αὐτόν

731 4851 922 4910 raque
943 4840 1152 4892 auctor
1167 4834 1276 4891 fuit
1297 4840 1541 4908 propter
1564 4836 1855 4893 invidiam
1892 4837 2187 4893 adversus
2226 4838 2390 4895 hunc

2350 4855 2390 4895 ,ο
2503 4834 2710 4905 φθόνονθ
2768 4835 2922 4887 ὁπότε
2992 4839 3081 4887 καὶ
3140 4835 3205 4896 εἰς
3263 4838 3329 4887 τὰ
3380 4838 3640 4910 Πατερικά
3688 4836 4114 4911 ἀναγινώσκομεν

731 4931 1081 4999 susceptum
1104 4927 1130 4981 ?
1155 4927 1309 4982 Sane
1330 4930 1387 4981 et
1414 4925 1475 4981 in
1512 4928 1752 4982 Patrum
1802 4926 1946 4983 Vitis
1978 4926 2060 4982 sic
2112 4927 2385 4999 legimus:

2351 4948 2385 4988 5;
2500 4924 2680 4985 οὕτως·
2716 4948 2734 4973 ε
2781 4932 2910 4978 Επεν
2961 4926 2986 4976 0
3039 4925 3185 4996 ἅγιος
3246 4925 3496 4998 Θεόφιλος
3544 4925 3826 4989 ἐπίσκοπος
3868 4927 4115 4992 Ἀλεξα».

729 5042 756 5069 ‹‹
776 5017 928 5073 Dixit
948 5021 1190 5073 sanctus
1220 5015 1581 5088 Theophilus
1602 5016 1923 5089 episcopus
1950 5017 2388 5075 Alexandriae.»

2346 5042 2388 5071 ai
2500 5008 2700 5085 δρείας.
2731 5036 2758 5063 ››
2785 5012 2908 5066 ’Ὁτι
2936 5010 2995 5066 δὲ
3021 5014 3166 5085 άγιοι
3193 5022 3255 5087 τῇ
3310 5013 3595 5087 Ἐκκλησία
3652 5015 3785 5068 εἰσὶν
3834 5018 3883 5069 οἱ
3930 5037 4110 5089 προιε-

728 5107 901 5173 Quod
932 5112 1133 5163 autem
1156 5107 1268 5163 hos
1292 5106 1551 5163 Ecclesia
1576 5106 1637 5163 in
1684 5106 2113 5164 venerabilium
2163 5109 2389 5169 habeat
2480 5091 2489 5101 ’

2350 5115 2389 5168 ιι
2480 5091 2711 5177 ’ρημένοι
2753 5107 2845 5156 καὶ
2895 5102 3163 5179 ἀρχιερεῖς
3218 5108 3309 5155 καὶ
3366 5108 3619 5177 ποιμένες,
3681 5104 4114 5180 ἀναγινώσκομεν

722 5197 1205 5270 patriarcharum
1228 5200 1408 5269 atque
1439 5201 1747 5269 pastorum
1794 5213 2068 5262 numero,
2127 5199 2385 5259 testimo-

2352 5221 2385 5255 ,-
2495 5193 2687 5256 καὶεὶς
2714 5196 2781 5246 τα
2809 5193 3099 5269 συναξάρια
3138 5192 3427 5252 ἐκκλησιῶν
3485 5193 3670 5257 ουτως·
3737 5218 3766 5245 ‹‹
3824 5203 3898 5268 Τῇ
3960 5194 4116 5254 ἐνόει

789 5396 865 5468 (2)
896 5396 959 5451 In
980 5393 1329 5468 Appendice
1346 5393 1541 5466 prima
1562 5394 1640 5451 ad
1666 5396 1783 5465 jur.
1840 5395 1951 5449 civ.
2024 5396 2172 5468 Vah,
2196 5398 2381 5468 9.1;;
2562 5392 2639 5466 (3)
2659 5396 2811 5464 Ergo
2836 5392 2993 5450 falsa
3020 5392 3509 5468 narrarevidetur
3528 5393 3894 5468 Nicephorus
3914 5394 4026 5451 Cal.
4044 5396 4067 5452 ἰ
4081 5426 4109 5441 -

712 5465 856 5536 ,ἰωῇ
891 5465 1321 5532 demonstravi,
1348 5465 1573 5540 textum
1622 5468 1949 5540 genuinum
1979 5465 2241 5538 epistola:
2271 5467 2379 5525 hu-
2488 5465 4112 5540 stusHist.9011,34,apudquemInnocentius'l‘beopl:io

709 5541 811 5611 jus
844 5540 905 5595 in
931 5540 1136 5613 codice
1167 5540 1415 5610 antiquo
1436 5539 1718 5613 Bobiensi
1756 5538 1978 5613 habere
2001 5537 2239 5613 amator
2267 5556 2377 5613 pro
2486 5537 2614 5613 lum
2655 5537 3038 5613 anathemate
3073 5537 3345 5613 percutit.
3378 5540 3613 5611 Reapse
3637 5537 3739 5613 illa
3767 5537 4103 5613 Innocenti.

715 5608 1022 5685 Magister,
1048 5611 1146 5685 llic
1173 5608 1375 5685 tamen
1424 5612 1592 5685 sequi
1618 5611 1810 5685 debeo
1855 5611 2129 5685 Methodii
2170 5608 2377 5685 §.eciio-
2486 5610 2742 5685 epistola
2771 5627 2807 5667 a
2837 5608 3284 5667 Callisto’relata
3309 5608 3462 5666 inter
3483 5608 3722 5683 s'purias
3749 5610 4017 5685 ponitur.

711 5680 854 5758 nam
888 5680 1200 5758 διας-καλός,
1224 5680 1570 5757 cujusmodi
1602 5688 1690 5741 est
1737 5682 1799 5741 in
1851 5683 2109 5758 vulgatis
2150 5684 2372 5743 Graecis

711 5754 1096 5816 editionibus.
1300 5754 1312 5757 ’
1961 5754 1980 5758 ⁷

1961 5754 1980 5758 ⁷
2556 5758 2637 5832 (4)
2667 5759 2797 5817 Non
2824 5755 3042 5829 tegitur
3062 5754 3141 5816 ob
3161 5770 3441 5818 rasuram
3470 5757 3653 5816 αῖτιον.
