4468 6450
318 435 432 490 785

1578 427 1672 485 DE
1711 425 2094 486 SCHISMATE
2133 426 2463 485 VITANDO.

3590 432 3698 488 786

315 558 454 630 κοίτῃ
474 562 566 609 τοῦ
603 554 926 631 Ὀκτωϐρίου
979 557 1159 628 μνήμη
1205 562 1306 609 τῶν
1362 552 1411 607 ἐν
1469 552 1641 625 ἁγίοις
1686 556 1926 628 Πατίρων
1959 552 2008 607 Α
2036 566 2079 609 n

1959 552 2008 607 A
2036 551 2205 609 nium
2234 553 2384 609 dant
2412 551 2802 610 ecclesiarum
2845 552 3187 625 synaxaria,
3234 552 3295 610 in
3335 553 3559 628 quibus
3610 557 3696 611 sic

317 649 467 718 ἡμῶν
534 644 969 718 ἁρχιεπισκὸπων
1056 643 1661 709 Κωνσταντινουπόλεως,
1739 645 1930 697 Νεκτα-

315 740 459 809 ρὶου,
495 735 807 806 ⁸Αρσακὶου,
868 734 1125 803 Ἀττικοῦ,
1182 738 1272 785 καὶ
1330 738 1586 789 Σισινίου,
1644 753 1673 781 ››
1727 738 1929 805 Τροπα-

312 829 436 897 ρίου
458 820 670 894 ῆχοςό
730 844 743 857 ·
789 822 891 876 »Ὠ
944 826 1181 896 θεογόροι
1244 822 1558 896 κυϐερνῆται
1615 821 1771 885 λαῶν,
1827 829 1927 873 τῶν

317 913 448 964 ὅλων
528 910 817 986 κυϐερνήτῃ
866 920 981 982 Θεῷ
1033 912 1241 975 ἐκτενῶς
1304 910 1680 987 πρεσϐεύσατε,
1754 912 1926 985 ἱεραρ-

315 1010 489 1073 χικῶς
518 998 832 1072 ὁδηγοῦντες
870 1006 959 1053 καὶ
1008 1009 1096 1053 νὺν
1160 1006 1251 1059 τὴν
1301 1006 1526 1073 ποίμνην
1594 1002 1734 1071 υμῶν
1790 999 1925 1051 ἂνω-

319 1093 424 1145 θεν·
463 1090 670 1166 εἰρήνην
705 1090 994 1149 αἰτήσασθε
1019 1097 1127 1152 ταῖς
1155 1090 1364 1163 ψυχαῖς
1394 1092 1558 1162 ἡμῶν.
1597 1114 1615 1137 ι

390 1353 437 1409 δ’
467 1400 478 1411 .
508 1358 652 1410 Μετὰ
684 1356 912 1431 Πρόκλον
943 1357 968 1408 ὁ
998 1360 1161 1428 μέγας
1219 1355 1521 1421 «mam;
1554 1357 1579 1407 6
1637 1358 1723 1407 τόν
1767 1353 1925 1427 ἀρχι-

312 1443 607 1519 μανδρίτην
642 1446 868 1499 καθελὼν
901 1446 1142 1517 Εὐτυχῆ,
1174 1454 1265 1507 τῆς
1313 1442 1631 1507 Βυζαντίδος
1693 1449 1920 1502 κατέστη

312 1536 623 1598 ἐπίσκοπος·
690 1532 751 1588 οὗ
805 1537 1195 1609 καθαιρεθέντος
1261 1534 1308 1587 ὲν
1384 1536 1578 1607 Ἐφέσῳ
1676 1539 1919 1606 γενομένῃ

311 1624 571 1697 λῃστρικῇ
620 1621 847 1695 συνόδῳ,
908 1621 1087 1682 ἰπειδὴ
1148 1624 1350 1677 καθεῖλε
1398 1628 1483 1675 τόν
1551 1623 1764 1694 Εὐτυχῆ
1802 1624 1924 1694 ὁμό-

313 1732 476 1786 φρονα
520 1717 785 1787 Διοσκόρω
844 1713 988 1781 ὅντα,
1042 1718 1130 1765 καὶ
1192 1714 1533 1785 φονευθέντος,
1592 1711 1687 1773 λαξ
1742 1710 1918 1763 ἔναλα-

310 1806 467 1874 μένου
518 1802 658 1872 αὐτῷ
720 1805 1028 1876 Διοσκόρου,
1087 1803 1116 1859 ἢ
1178 1804 1248 1862 ὡς
1286 1803 1449 1876 ἕτεροι
1489 1801 1723 1871 λέγουσι,
1793 1806 1921 1872 Βαρ-

2036 641 2621 712 legimusmOctobris
2650 642 2747 698 die
2782 642 3126 711 undecima,
3187 644 3688 700 commemoratio

2038 737 2386 789 sanctorum
2418 735 2656 789 Patrum
2680 737 3023 789 nostrorum
3078 733 3687 805 Constantinopoleos

2036 822 2389 889 antistitum,
2414 822 2949 889 Nectarii,Arsacii,
2981 822 3174 883 Attici.
3209 828 3388 894 atque
3433 822 3692 878 Sisinii.»

2037 915 2181 967 ltem
2214 911 2544 984 troparium
2566 916 2707 966 tono
2740 916 3012 983 quartozn
3077 914 3119 967 Ο
3144 910 3266 966 divi
3319 911 3690 982 gubernato-

2035 1016 2130 1057 res
2156 1000 2543 1073 populorum,
2576 1001 2740 1071 apud
2769 1015 3158 1056 communem
3221 1001 3689 1070 gubernatorem

2034 1092 2221 1146 Deum
2251 1094 2439 1146 estote
2464 1090 2903 1155 intercessores,
2932 1105 3041 1161 pro
3072 1094 3273 1145 vestro
3306 1088 3503 1145 officio
3525 1104 3686 1144 nunc

2033 1181 2215 1237 etiam
2242 1194 2485 1249 gregem
2512 1183 2777 1235 vestrum
2802 1178 3032 1235 ccelitus
3070 1178 3391 1249 dirigentes
3423 1196 3435 1234 :
3469 1194 3685 1252 pacem

2032 1269 2357 1327 animabus
2388 1269 2606 1325 nostris
2647 1268 2966 1341 postulate.
2994 1291 3022 1318 »

2102 1363 2154 1414 4.
2190 1362 2323 1414 Post
2346 1358 2619 1415 Proclum
2654 1373 2914 1427 magnus
2947 1358 3281 1414 Flavianus:
3310 1359 3358 1414 is
3380 1359 3482 1430 qui
3506 1361 3681 1430 Euty-

2032 1448 2203 1505 chem
2232 1447 2763 1504 archimandritam
2777 1447 3137 1519 profligavit,
3154 1449 3489 1519 Byzantina;
3516 1448 3683 1503 urbis

2030 1537 2351 1609 episcopus
2372 1536 2606 1591 exstitit.
2637 1538 2689 1589 ls
2750 1539 2951 1591 tamen
2983 1537 3043 1591 in
3095 1536 3426 1591 latrocinali
3470 1536 3683 1608 Ephesi

2029 1627 2290 1697 synodo,
2319 1629 2638 1697 propterea
2668 1624 2834 1696 quod
2867 1624 3171 1696 Eutychen
3202 1640 3340 1679 cum
3401 1624 3683 1680 Dioscoro

2027 1714 2497 1771 consentientem
2517 1714 2936 1782 damnaverat,
2971 1715 3364 1786 interemptus
3394 1714 3523 1782 fuit;
3559 1715 3682 1771 sive

2028 1803 2292 1859 calcibus
2317 1803 2607 1859 insiliente
2642 1804 2946 1873 Dioscoro,
2991 1803 3205 1864 sive,ut
3233 1803 3329 1858 alii
3387 1802 3617 1873 dicunt,
3646 1818 3685 1859 a

315 1897 492 1963 σουμᾶ
540 1889 917 1966 παρειληφότος
959 1891 1113 1943 αὐτόν
1163 1891 1235 1953 εἰς
1290 1893 1587 1963 ὑπερορίαν,
1643 1896 1732 1943 καὶ
1788 1892 1923 1941 κατὰ
1956 1908 1993 1961 η
2030 1894 2079 1948 Β

1919 1911 1923 1940 ι
1956 1908 1993 1961 η
2030 1894 2326 1949 Barsuma
2354 1893 2414 1948 in
2446 1892 2719 1949 exsilium
2750 1893 3119 1965 compulsus,
3154 1898 3333 1964 atque
3363 1892 3517 1948 inter
3541 1908 3683 1948 eun-

310 1985 411 2038 τήν
461 1976 586 2033 ὁδόν
650 1988 916 2052 σφαγῆναι
968 1980 1124 2033 αὐτόν
1188 1983 1711 2053 παρασκευάσαντος,
1773 1980 1923 2033 Ἄνα-

307 2069 477 2130 τὸλιος
504 2068 611 2122 ἀντ’
644 2077 804 2122 αυτοῦ
830 2070 900 2131 εἰς
938 2073 1025 2122 τόν
1064 2070 1225 2123 αὑτοῦ
1279 2073 1456 2144 θρόνον
1514 2068 1725 2141 ἀνήχθη
1801 2076 1925 2144 πρὸς

318 2164 627 2235 Διοσκόρου·
657 2160 713 2222 ὃς
741 2163 831 2211 καὶ
862 2162 1122 2233 αἰρετικός
1149 2158 1231 2227 ἦν,
1264 2162 1393 2233 ᾗπερ
1422 2165 1645 2233 εἴρηται,
1683 2165 1771 2213 καὶ
1838 2167 1926 2233 φό-

316 2268 409 2301 νου
442 2254 603 2310 αἴτιος
640 2257 711 2319 τῷ
742 2249 875 2320 ἁγίῳ
932 2255 1106 2321 γέγονε
1160 2249 1446 2319 Φλαϐιανῷ·
1498 2252 1694 2302 Τούτου
1762 2250 1809 2302 ἓν
1858 2260 1919 2323 τῇ

315 2340 536 2414 τετάρτη
596 2334 803 2391 συνόδὼ
857 2341 1271 2413 καθαιρεθέντος,
1313 2341 1428 2391 οὗτε
1499 2338 1831 2402 Ἱουϐεναλιος
1897 2343 1922 2392 ό

310 2428 849 2503 Ἰεροσολὺμων,οὖτε
890 2448 971 2490 τις
1023 2429 1169 2489 (illo;
1239 2438 1338 2481 τῶν
1405 2429 1817 2502 συμπραξοίντων
1874 2429 1921 2482 ἐν

310 2517 508 2589 Ἐφέσῳ
563 2521 828 2592 Διοσκόρῳ
883 2517 933 2570 ἓν
980 2527 1043 2591 τῇ
1110 2515 1278 2590 ἀδίκῳ
1326 2524 1416 2591 μέν
1475 2521 1775 2591 καθαιρέσει
1830 2529 1922 2573 του

313 2606 470 2678 ἁγίου
497 2606 1124 2674 Φ).αϐιανοϋ,Ἀνατολιου
1157 2605 1217 2660 δὲ
1264 2608 1358 2659 οὐκ
1408 2606 1735 2679 ἀνεπιλήπτῳ
1798 2630 1924 2683 προ-

315 2694 557 2766 ϐιϐασιᾳ,
612 2698 888 2769 κατεκρίθη
940 2698 970 2755 ἡ
1032 2696 1315 2769 ἐπετιμήθη
1375 2700 1434 2749 τό
1502 2697 1730 2749 σύνολον
1813 2698 1920 2750 ἀλλ’

316 2781 436 2838 οὐδ’
464 2789 620 2847 αυτὸς
668 2784 981 2853 Ἀνατό).ιος,
1030 2788 1216 2854 οὕτως,
1284 2789 1356 2849 ὡς
1412 2789 1634 2862 εἰρηται,
1687 2808 1924 2863 χειροτο-

316 2877 509 2934 νηθείς.
531 2881 801 2950 Μαρτυρεῖ
820 2884 973 2929 τοῦτο
1002 2882 1093 2928 καὶ
1120 2879 1149 2935 ἠ
1190 2881 1316 2951 πρός
1363 2881 1449 2929 τόν
1506 2878 1730 2950 βασιλέα
1777 2886 1923 2951 Μαρ-

317 2968 495 3017 κιανόν
543 2964 788 3024 ἐπιστολὴ
846 2974 938 3019 τοῦ
984 2986 1175 3018 παππα
1227 2971 1461 3036 Λέοντος,
1516 2976 1775 3042 γραφεῖσα
1832 2966 1924 3021 δια

319 3059 417 3111 τὴν
469 3074 584 3107 τοτε
639 3062 909 3126 γεγονυῖαν
956 3061 1310 3130 παρακίνησιν
1356 3066 1457 3109 τῶν
1509 3056 1733 3132 ἔνοριῶνο
1796 3064 1925 3131 φησί

318 3146 421 3217 γὰρ
471 3142 520 3195 ἰν
578 3144 709 3217 αὐτῇ
756 3145 782 3196 ὁ
818 3147 1038 3206 πάππας
1088 3150 1226 3199 Λέων
1297 3150 1475 3207 οὕτως·
1524 3169 1553 3197 ‹‹
1612 3151 1707 3199 Δια
1753 3144 1813 3201 δε
1868 3151 1925 3201 τό

2030 1981 2177 2038 dum
2208 1997 2245 2037 a
2276 1981 2500 2037 sicariis
2533 1982 2780 2037 interfici
2805 1982 3032 2051 jussus.
3063 1985 3212 2037 Tum
3273 1982 3581 2037 Anatolius
3620 1981 3683 2038 in

2034 2071 2295 2127 Flaviani
2326 2070 2530 2127 sedem
2553 2086 2588 2126 a
2616 2072 2894 2127 Dioscoro
2925 2071 3317 2138 substituitur,
3336 2071 3604 2143 homine,
3623 2075 3685 2127 ut

2032 2160 2177 2227 dixi,
2211 2160 2509 2226 haeretico,
2542 2165 2599 2215 et
2626 2160 2730 2234 qui
2762 2166 2969 2217 sancto
2991 2161 3269 2217 Flaviano
3289 2177 3497 2216 necem
3529 2166 3686 2215 attu-

2030 2250 2199 2308 lerat.
2240 2252 2357 2306 Etsi
2388 2255 2589 2306 autem
2614 2251 2928 2306 Dioscorus
2945 2256 3209 2323 aquarta
3227 2250 3467 2323 synodo
3498 2250 3681 2321 depo-

2033 2341 2183 2395 situs
2216 2339 2342 2408 fuit,
2374 2344 2637 2396 attamen
2660 2355 2854 2411 neque
2882 2339 3183 2395 Juvenalis
3202 2339 3688 2411 Hierosolymita-

2030 2444 2165 2492 nus,
2199 2444 2394 2501 neque
2425 2428 2577 2484 alius
2606 2430 2928 2500 quisquam
2951 2429 3114 2483 exiis
3145 2428 3248 2499 qui
3297 2429 3575 2484 Dioscoro
3606 2426 3686 2482 ad

2029 2519 2317 2589 injustam
2332 2518 2519 2575 sancti
2543 2517 2803 2573 Flaviani
2832 2517 3687 2591 depositionem,culpabilem-

2031 2624 2147 2680 que
2178 2608 2431 2663 Anatolii
2454 2608 2918 2680 promotionem,
2939 2607 3152 2679 Ephesi
3183 2608 3686 2676 faverant,nemo,

2032 2699 2304 2770 inquam,
2337 2697 2779 2753 veldamnatus
2808 2701 2895 2752 est
2940 2697 3686 2768 velomninoobjurgatus;

2033 2802 2109 2843 ne
2139 2788 2269 2859 ipse
2299 2786 2547 2859 quidem
2563 2802 2856 2858 ea,quam
2876 2786 3160 2853 diximus,
3185 2787 3415 2841 ratione
3438 2786 3691 2843 ordina-

2035 2882 2128 2933 tus
2151 2877 2761 2932 Anatolius.Testatur
2782 2876 2896 2932 hoc
2922 2876 3176 2948 epistola
3204 2892 3447 2948 quoque
3482 2876 3691 2931 Leonis

2034 2982 2211 3040 papae
2242 2965 2321 3022 ad
2354 2966 2718 3022 Marcianum
2756 2965 3183 3037 imperatorem
3198 2966 3416 3037 scripta
3464 2964 3695 3020 dedite-

2037 3056 2264 3113 cesium
2284 3071 2392 3129 per
2422 3055 2568 3111 illud
2597 3061 2837 3127 tempus
2868 3055 3297 3122 commotione,
3331 3055 3434 3109 ubi
3457 3054 3583 3109 haec
3615 3054 3696 3109 le-

2039 3151 2302 3217 guntur:
2336 3145 2686 3211 «Quoniam
2718 3160 2857 3201 vero
2908 3147 3037 3217 ipse
3077 3148 3319 3215 (nempe
3358 3143 3691 3212 Anatolius)

319 3236 674 3304 προστεθῆναι
725 3235 898 3301 αὑτὸν,
959 3238 1119 3306 ἤγουν
1171 3239 1259 3288 τόν
1305 3235 1617 3305 Ἀνατόλιον,
1662 3245 1724 3309 τῇ
1782 3237 1928 3310 ὀρθο-
1959 3261 1999 3316 C
2038 3252 2083 3293 Ol

1959 3261 1999 3316 ο
2038 3235 2434 3293 orthodoxam
2464 3234 2649 3290 ﬁdem
2688 3234 3000 3306 amplexus
3033 3238 3138 3304 est,
3186 3233 3261 3288 de
3318 3234 3695 3289 ordinatione

322 3320 462 3393 δοξῳ
487 3327 687 3390 πίστει,
715 3326 959 3397 εἰάσαμεν
991 3329 1056 3378 τα
1084 3330 1203 3399 περὶ
1244 3334 1339 3387 τῆς
1387 3332 1719 3399 χειροτονίας
1764 3328 1927 3380 αὐτοῦ

319 3411 655 3476 ἀνεξέταστα.
706 3413 1035 3479 Ἀρκεσοήτω
1089 3421 1214 3488 γοῦν
1268 3414 1317 3468 ἰν
1371 3418 1559 3488 τούτῳ,
1613 3422 1704 3470 καὶ
1749 3437 1927 3494 περαι-

315 3506 449 3575 τέρω
478 3506 550 3575 μή
580 3501 901 3577 προϐαινέτω

391 3628 429 3681 ε’
460 3667 475 3682 .
526 3626 678 3682 Ἀλλά
726 3633 845 3704 περὶ
900 3632 990 3701 μεν
1039 3632 1234 3682 τούτων
1274 3634 1404 3693 ἴσως
1454 3633 1514 3683 ἄν
1570 3652 1651 3694 τις
1688 3632 1775 3708 ἒρῇ
1828 3641 1926 3685 τῶν

320 3720 546 3791 σήμερον
586 3719 758 3769 πάντα
836 3716 1039 3793 ῥαδίως
1097 3721 1474 3792 φθεγγομένων,
1521 3725 1781 3795 προφάσει
1834 3731 1927 3775 τοῦ

315 3814 477 3880 κυροϋ
534 3807 798 3880 Ἀρσενὶου
852 3807 1047 3860 ἐκείνου
1113 3812 1209 3879 (5),
1269 3809 1317 3862 οἰ
1402 3830 1461 3882 γε
1525 3817 1615 3864 καὶ
1670 3814 1797 3887 ὑπέρ
1861 3816 1928 3865 τὰ

317 3895 618 3970 ἐσκαμμὶνα
666 3893 939 3959 πηδῶντες
984 3905 1162 3952 πᾶσαν
1204 3904 1298 3958 τὴν
1349 3909 1441 3953 τοῦ
1493 3910 1627 3955 Θεοῦ
1702 3902 1925 3962 Ἐκκλη-

320 3990 439 4038 σίαν
485 3983 802 4062 διέφθειραν,
862 3992 949 4039 καὶ
995 3995 1170 4042 πᾶσαν
1217 3995 1310 4048 τήν
1358 3990 1662 4064 οἰκουμένην
1711 3991 1925 4047 ἀνεστά-

316 4094 490 4127 τωσαν
520 4074 640 4128 ὃσον
688 4080 747 4129 τό
798 4078 912 4130 κατ’
967 4078 1172 4148 αὐτοὺς,
1225 4086 1315 4133 καὶ
1364 4085 1539 4144 πείσας
1600 4082 1785 4155 ἀγυιὰς
1834 4090 1920 4137 καὶ

316 4164 486 4226 οἰκίας
552 4163 911 4237 ἕμφιλονείκων
978 4173 1068 4220 καὶ
1124 4174 1336 4241 μαχίων
1402 4172 1743 4232 συζητήσεων
1796 4176 1923 4227 καθ-

315 4255 541 4312 εκάστην
591 4253 1035 4330 ἀναπιμπλῶντεςσ
1068 4255 1134 4310 ὧν
1184 4261 1232 4310 οἱ
1296 4259 1499 4321 πλείους
1548 4258 1671 4315 οὐδὲ
1731 4260 1923 4316 εἰδέναι

315 4340 564 4396 δύνανται
612 4350 730 4421 περὶ
781 4347 848 4397 ὧν
906 4350 1039 4400 οὕτω
1094 4350 1380 4421 μάχονταν
1452 4353 1531 4403 ὅτι
1596 4372 1648 4404 τι
1720 4361 1919 4420 recita;

312 4432 479 4485 ἄλλων
506 4431 882 4508 ἀδικουμένων,
914 4436 1056 4490 ἄλλοι
1091 4440 1180 4501 τὰς
1240 4447 1333 4500 τῆς
1385 4437 1535 4502 δίκης
1588 4440 1769 4513 ἐξῆγον
1828 4444 1922 4513 ,θὴ-

315 4542 442 4595 φους
603 4525 787 4578 οὐκοῦν
817 4527 897 4578 ὅτι
938 4527 966 4585 ἦ
1021 4526 1192 4599 ὀλίγον
1224 4529 1253 4587 ἡ
1288 4526 1439 4582 οὐδὲν
1498 4534 1676 4593 αὐτοῖς
1729 4533 1917 4605 ἔμελλε·

2040 3325 2170 3395 ejus
2191 3324 2587 3396 quaestionem
2608 3322 2913 3377 instituere
2937 3320 3459 3393 prmtermisimus.
3488 3324 3548 3376 ln
3581 3322 3697 3377 hoc

2039 3429 2183 3484 ergo
2207 3428 2409 3469 rerum
2440 3416 2594 3469 statu
2606 3416 3076 3484 maneat,neque
3091 3410 3336 3468 ulterius
3357 3410 3695 3484 quidquam

2040 3502 2361 3560 moliatur»

2113 3634 2163 3684 5.
2199 3630 2413 3684 Verum
2450 3627 2528 3684 ad
2557 3627 2686 3683 haec
2730 3628 2982 3683 fortasse
3035 3624 3427 3699 respondebit
3474 3625 3693 3697 aliquis

2039 3734 2249 3776 eorum
2276 3719 2379 3792 qui
2405 3723 2526 3774 tam
2557 3718 3024 3790 intemperanter
3052 3733 3213 3773 nunc
3258 3717 3696 3789 obloquuntur,

2039 3810 2356 3867 dominum
2377 3808 2545 3864 illum
2586 3807 2899 3863 Arsenium
2931 3807 3203 3863 obtentui
3236 3812 3563 3862 sumentes:
3590 3808 3696 3878 qui

2038 3915 2282 3956 omnem
2314 3898 2532 3969 egressi
2556 3896 2861 3952 modestiae
2884 3895 3154 3964 limitem,
3184 3897 3531 3951 universam
3594 3897 3695 3951 Dei

2039 3988 2365 4045 Ecclesiam
2387 4003 2634 4060 pessum
2657 3986 2969 4056 dederunt,
3002 3986 3223 4059 quique
3248 3989 3435 4041 totum
3451 4001 3694 4057 quoque

2035 4083 2329 4137 terrarum
2361 4076 2593 4143 orbem,
2625 4076 2994 4149 quantumin
3020 4075 3168 4147 ipsis
3191 4076 3696 4146 est,permiscue-

2035 4174 2193 4237 runt;
2227 4169 2330 4242 qui
2345 4168 2469 4223 fora
2482 4166 2689 4223 omnia
2704 4165 3041 4237 domosque
3057 4164 3445 4220 contentiosis
3462 4180 3699 4236 pugna-

2035 4258 2325 4331 cibusque
2356 4254 2791 4329 quaestionibus
2829 4254 3097 4327 quotidie
3127 4257 3399 4323 onerant,
3436 4255 3583 4325 quin
3612 4260 3694 4308 ta-

2034 4364 2173 4404 men
2207 4347 2473 4420 plerique
2495 4361 2703 4400 corum
2735 4344 2815 4409 id,
2843 4360 2951 4416 pro
2972 4360 3094 4416 quo
3125 4343 3497 4415 depugnant,
3530 4343 3694 4398 intel-

2031 4438 2213 4508 ligere
2242 4441 2484 4510 queant;
2517 4435 2597 4501 hi,
2624 4434 2897 4503 inquam,
2930 4433 3148 4489 dicent:
3209 4435 3480 4498 Quorsus
3507 4432 3635 4487 haec
3665 4432 3694 4487 ?

2033 4527 2132 4584 alii
2160 4543 2320 4582 nunc
2364 4524 2927 4598 suntquiinjuriam
2978 4523 3351 4595 pertulerunt
3410 4522 3507 4577 alii
3550 4522 3692 4578 item

312 4612 487 4673 καθὼς
518 4612 756 4688 εὕρισκον
787 4619 909 4676 τοὺς
938 4620 1173 4688 καιροὺς,
1207 4619 1355 4689 ταχα
1392 4614 1451 4671 δέ
1496 4622 1584 4671 καὶ
1634 4624 1699 4673 τὰ
1757 4626 1922 4695 πραγ-
1960 4621 2005 4676 D
2034 4634 2074 4691 q

1960 4621 2005 4676 D
2034 4619 2137 4691 qui
2158 4633 2353 4690 poena:
2380 4616 2738 4672 sententiam
2770 4614 3151 4687 scripserunt:
3177 4629 3270 4669 res
3328 4616 3530 4668 autem
3588 4629 3692 4685 pa-

314 4721 454 4775 ματα
509 4705 725 4777 ἓκρινον³
785 4712 876 4765 τῆς
934 4705 1130 4768 οἰκείας
1180 4705 1445 4781 ἐπιτιμίας
1497 4708 1758 4783 ἐπιμονήν,
1836 4719 1925 4766 καὶ

316 4788 385 4849 δὴ
424 4795 513 4844 καὶ
568 4796 655 4844 τόν
707 4798 836 4865 πρός
878 4814 1027 4847 τινων
1078 4794 1281 4848 ἔπαινον
1338 4797 1541 4861 ἑαυτοῖς
1596 4808 1731 4853 ουτω
1784 4822 1926 4873 περι-

314 4883 633 4955 πόιούμενοι.
692 4888 793 4936 Καὶ
844 4890 962 4958 περὶ
1024 4894 1124 4938 τῶν
1183 4887 1459 4961 εἰρημένων
1528 4890 1654 4962 τάχ’
1712 4893 1773 4943 ἄν
1850 4912 1925 4954 τις

313 4977 483 5023 ταῦτα
520 4970 632 5047 ἱρῇ·
668 4978 783 5028 πετὶ
842 4969 900 5027 δε
950 4982 1043 5028 τοῦ
1102 4984 1197 5037 τῆς
1255 4978 1555 5049 οἰκουμένης
1628 4978 1924 5056 λαμπτῆρος

315 5062 537 5114 Ῑωάννου
594 5069 685 5114 τοῦ
750 5067 845 5121 τήν
909 5063 1138 5135 γλῶτταν
1200 5075 1413 5139 χρυσοῦ
1462 5072 1514 5120 τί
1571 5067 1631 5119 ἆν
1686 5089 1760 5131 τις
1831 5077 1922 5125 καὶ

313 5149 470 5218 dum;
528 5150 672 5222 Οὐχὶ
738 5153 894 5215 αὐτός
952 5153 1091 5207 ἐστιν
1148 5157 1173 5207 ὁ
1229 5158 1515 5228 φθονηθέίς
1586 5159 1714 5231 οὐχὶ
1767 5164 1923 5225 αὑτός

311 5238 453 5293 ἔστιν
488 5240 515 5291 ὁ
545 5237 842 5308 ἀδικηθείς
895 5242 1030 5295 Ἀλλ’
1098 5245 1233 5318 ὅμως
1273 5248 1483 5320 στάθμη
1530 5257 1621 5309 τῆς
1680 5248 1923 5315 alaeam;

310 5330 398 5399 ὧν,
431 5333 523 5387 την
554 5334 644 5402 μὲν
673 5328 886 5384 ἀδικίαν
921 5336 982 5392 ἤν
1027 5336 1200 5405 ἔπαθε,
1264 5344 1335 5407 τῷ
1395 5344 1507 5408 Θεῴ
1568 5336 1789 5404 ἀνέθετο,
1848 5350 1920 5412 τῷ

310 5426 487 5492 κρῖναι
507 5418 741 5491 μέλλοντι
787 5428 962 5475 πᾶσαν
1002 5430 1097 5482 τὴν
1138 5433 1259 5496 γῆν
1320 5426 1479 5489 αὐτὸς
1519 5424 1598 5495 δέ,
1646 5431 1773 5505 ὑπὲρ
1829 5439 1919 5492 τῆς

314 5507 647 5575 Ἐκκλησὶας,
688 5516 778 5564 καὶ
834 5519 927 5565 τοῦ
974 5518 1045 5585 μή
1133 5518 1429 5587 σχισθῆναι
1503 5520 1784 5593 φροντιζων
1861 5526 1920 5574 τό

387 5726 467 5817 (Ξ)
494 5727 846 5817 Petrei?
882 5732 942 5817 εξ
971 5728 1419 5817 gestarentur,
1444 5731 1569 5817 eius
1599 5732 1923 5817 ἀερρείιίο·

312 5792 458 5857 mm'
488 5802 691 5860 coorta
721 5792 845 5861 dixi
880 5795 943 5861 in
968 5798 1193 5878 pravis
1221 5800 1431 5865 notitia
1461 5792 1755 5882 spuma;

2034 4724 2166 4763 rum
2202 4707 2293 4763 vel
2316 4706 2459 4762 nihil
2481 4706 2699 4762 horum
2737 4704 3038 4761 intererat:
3092 4719 3201 4775 pro
3253 4719 3315 4758 re
3366 4702 3693 4771 natajudi-

2036 4796 2530 4854 caruntzfortasse
2553 4796 2730 4851 etiam
2756 4795 2870 4850 hoc
2893 4792 3119 4865 judicio
3153 4792 3689 4865 aequitatisfamam

2036 4887 2456 4945 stabiliendam
2477 4886 2589 4943 sibi
2617 4890 2922 4959 putarunt,
2943 4898 3125 4956 seque
3171 4883 3391 4944 alicubi
3445 4882 3690 4938 laudem

2034 4982 2465 5035 consecuturos
2490 4976 2922 5033 existimarunt.
2941 4976 3093 5031 Sane
3114 4973 3173 5029 in
3197 4972 3482 5044 praedicto
3504 4988 3689 5041 nego-

2033 5066 2114 5123 tio
2150 5067 2233 5122 sie
2270 5066 2577 5141 quispiam
2625 5064 2926 5136 loquatur.
2987 5065 3204 5117 Verum
3252 5061 3559 5117 enimvero
3615 5061 3690 5116 de

2033 5158 2245 5214 mundi
2269 5158 2401 5213 lucc
2428 5160 2677 5223 Joanne,
2707 5155 2913 5223 lingua
2943 5169 3128 5210 aurea
3158 5152 3582 5225 praedito,quis
3609 5152 3690 5208 ita

2031 5249 2227 5305 dicere
2255 5248 2441 5304 ausit?
2473 5251 2679 5304 Nonne
2714 5246 2841 5318 ipse
2873 5244 3113 5300 invidiae
3137 5243 3689 5316 atqueinjuriarum

2033 5339 2147 5395 tela
2176 5338 2618 5411 perpetiebatur
2639 5335 2866 5392 ?nihilo
2889 5339 3091 5390 tamen
3120 5334 3343 5400 minus,
3366 5349 3503 5387 cum
3535 5338 3690 5388 esset

2031 5428 2293 5485 veritatis
2322 5426 2815 5500 exploratissimm
2863 5423 3192 5496 exemplar,
3254 5421 3519 5479 inticiam
3577 5422 3689 5478 sibi

2030 5520 2313 5592 injuriam
2343 5522 2459 5576 Deo
2490 5516 2890 5591 permittebat,
2916 5515 3021 5589 qui
3050 5514 3309 5570 universi
3324 5514 3486 5569 orbis
3496 5514 3687 5585 judex

2102 5720 2179 5787 (9)
2220 5717 2493 5789 lntelligit
2535 5716 2769 5790 judices
2798 5715 2903 5791 qui
2929 5713 3244 5774 Arsenium
3283 5712 3694 5787 patriarchatu

2030 5811 2593 5871 exauctoraverunt.
