4468 6450
751 419 863 477 Ἱ8Ὑ
2095 414 2437 473 METHODII
2473 417 2515 471 M

2473 416 2811 474 MONACHI.
4026 418 4133 471 788
4197 477 4211 487 ,

760 546 999 602 futurus
1023 548 1129 600 est:
1146 544 1340 616 deque
1364 542 1635 598 Ecclesia!
1662 560 1807 617 pace
1831 542 2145 607 sollicitus,
2171 557 2418 596 cavens-
2448 544 2495 596 Α

2372 558 2418 595 5-
2448 544 2495 596 Α
2533 552 2683 614 σῶμα
2728 548 2977 614 Χριστοῦ,
3028 546 3133 599 τοῖς
3193 537 3301 609 μετ’
3354 540 3514 589 αὑτοῦ
3563 538 3689 590 οὖσί
3740 541 4136 612 τεσσαράκοντα

764 652 880 708 que
914 651 985 690 ne
1012 634 1227 689 Christi
1260 649 1478 705 corpus
1518 633 1901 691 laceraretur.
1925 634 2324 697 interrogatus
2387 646 2422 685 a

2387 646 2422 685 a
2533 631 2844 691 ἐπισκόποις
2874 630 3197 703 ἐρωτήσασι,
3231 633 3350 702 περὶ
3384 624 3475 679 τοῦ
3524 632 3575 679 τί
3629 633 3737 699 χρη
3795 636 4017 686 ποιῆσαι
4048 630 4137 678 αῦ-

764 724 1169 795 quatlraginta
1200 738 1444 776 suarum
1472 722 1731 792 partium
1765 723 2088 794 episcopis.
2125 719 2417 791 quidnam

2370 736 2417 773 m
2531 726 2651 781 τοὺς
2685 720 2732 771 ἐν
2786 728 2889 779 τοῖς
2943 719 3077 770 οὕτω
3119 715 3231 767 κατ’
3293 717 3455 768 αὑτοῦ
3504 719 3824 790 πραχθεῖσιν
3876 716 4134 789 ἀθέσμως,

767 814 852 867 eis
884 814 941 866 in
978 818 1139 866 tanta
1172 810 1525 879 injuriarum
1562 813 2308 883 nequitiacontemptuque
2328 824 2420 863 ca-

2372 824 2420 863 a-
2533 814 2620 859 καὶ
2670 813 2811 883 παρὰ
2868 815 3042 861 πᾶσαν
3106 812 3379 863 κανονικην
3455 802 3720 871 διάταξιν,
3804 804 4136 879 ἀπεκρίνατο,

767 917 998 957 nonum
1022 900 1324 954 agendum
1360 901 1655 961 suaderet.
1684 901 1995 972 respondit
2026 914 2205 954 orans
2246 897 2423 952 simul

2375 897 2423 952 Jl
2532 898 2842 972 παρακαλων
2898 896 3006 969 ἅμα
3071 900 3161 946 καὶ
3243 898 3675 968 προτρεπόμενος,
3754 901 4139 959 Κοινωνησατε,

768 997 945 1062 atque
980 990 1327 1046 adhortans.
1356 990 1871 1045 communicarent
1906 1006 2044 1043 cum
2069 986 2423 1043 adversariis

2378 986 2423 1040 is
2534 993 2714 1058 φησιν,
2746 988 2943 1053 αὐτοῖς,
2985 984 3068 1037 ἶνα
3087 989 3158 1056 μὴ
3204 987 3365 1035 αἰτιοι
3427 985 3744 1055 σχισμοίτων
3793 987 3991 1036 ἔσεσθε·
4050 985 4142 1035 καὶ

769 1081 917 1137 suis.
942 1095 1013 1135 ne
1047 1079 1400 1142 schismatis,
1435 1081 1517 1134 rei
1545 1080 2023 1135 lierentﬁeatum
2050 1094 2227 1149 porro
2258 1075 2423 1131 haud
2530 1101 2533 1107 λ

2383 1075 2423 1129 d
2530 1082 2622 1133 τήν
2647 1078 2816 1128 αἰτίαν
2848 1077 2907 1127 οὐ
2949 1083 3058 1135 τοίς
3114 1070 3312 1134 ἀδίκως
3371 1079 3459 1124 καὶ
3508 1076 3652 1146 παρά
3717 1076 3933 1134 κανόνας
3984 1074 4142 1125 αὐτόν

768 1170 831 1226 in
857 1184 959 1223 eos
985 1167 1227 1222 contulit
1256 1168 1361 1238 qui
1392 1184 1452 1223 se
1493 1169 1695 1240 inique
1713 1175 2267 1240 etprzetercanones
2287 1181 2426 1219 con-

2380 1181 2426 1219 l-
2535 1171 2906 1238 κατακρίνασιν
2941 1163 3245 1234 ἐπέγραψεν,
3274 1161 3400 1213 ἀλλὰ
3433 1170 3539 1221 τοῖς
3596 1163 3717 1213 οὖσι
3794 1161 3903 1234 μετ’
3983 1164 4144 1214 αὐτόν

770 1259 1223 1321 demnaverant,
1254 1273 1462 1311 verum
1493 1258 1584 1312 his
1632 1257 1809 1312 veluti
1836 1256 2129 1328 ascripsit,
2166 1255 2269 1326 qui
2312 1254 2424 1308 sibi

2380 1254 2424 1308 )i
2533 1261 2623 1306 καὶ
2654 1255 2778 1326 ὑπέρ
2830 1254 2987 1305 αὐτόν
3028 1253 3195 1322 ἁγίοις
3247 1254 3605 1323 ἀρχιερενσιν,
3665 1252 3724 1301 ἄν
3788 1257 3860 1323 μὴ
3934 1251 4144 1314 ἐκείνοις

770 1346 1075 1404 favebant.
1108 1346 1326 1401 sanctis
1352 1346 1669 1417 episcopis.
1703 1346 1814 1401 nisi
1847 1362 1985 1401 cum
2004 1344 2230 1399 caeteris
2264 1359 2424 1397 com-

2382 1360 2424 1397 ι·
2538 1343 2826 1395 συνέλθωσι
2850 1347 2940 1393 καὶ
2997 1345 3483 1411 συγκοινωνησωσι.
3544 1345 3643 1392 Καὶ
3689 1336 3953 1411 πρόδηλον
4008 1345 4146 1392 πάν-

772 1437 1153 1492 municarent
1206 1434 1724 1507 concordiamque
1767 1440 2096 1501 servarent,
2137 1431 2425 1494 videlicet,

2386 1436 2425 1494 t,
2538 1453 2634 1492 τως
2667 1428 2759 1483 διὰ
2788 1434 2845 1483 τό
2876 1429 3145 1491 κάκείνους
3195 1437 3289 1490 τῆς
3357 1426 3672 1500 όρθοδοξίας
3736 1427 4146 1486 ἀντιποεεισθαι.

773 1526 1262 1599 quiaadversarii
1327 1522 1573 1596 pariter
1611 1526 2011 1581 orhodoxiam
2072 1523 2426 1579 retinebant.

2388 1528 2426 1576 t.
2609 1521 2667 1573 Ὀ
2690 1522 2845 1582 αὐτός
2875 1523 3117 1592 καὶπρὸς
3153 1522 3244 1580 τὰς
3296 1523 3414 1589 περὶ
3472 1524 3567 1575 τήν
3616 1518 3771 1588 ἁγίαν
3810 1516 4149 1591 Ὸλυμπίάδα

775 1616 937 1672 idem
972 1620 1195 1670 sancta:
1227 1631 1471 1686 quoque
1539 1614 1882 1687 Olympiadi
1937 1617 1999 1669 in
2052 1612 2427 1675 allocutione.

2386 1627 2427 1675 Ξ,
2542 1609 2649 1670 ἤδη
2680 1618 2770 1662 τοῦ
2802 1614 2893 1662 νεὼ
2934 1609 3272 1683 ἐξερχόμενος
3330 1612 3419 1658 καὶ
3469 1610 3599 1681 πρὸς
3654 1606 3854 1681 ἐξορίαν
3914 1607 4150 1680 ἀποπεμ-

775 1722 963 1778 quam
986 1704 1210 1775 templo
1242 1720 1597 1773 egressurus
1627 1710 1804 1776 atque
1834 1704 1894 1758 in
1923 1702 2203 1758 exsilium
2234 1699 2431 1772 profe-

2384 1716 2431 1754 Ξ·
2542 1706 2755 1772 πομενος
2830 1698 2960 1750 οὕτω
3018 1702 3196 1769 φησίν.
3255 1692 3606 1749 «Ἀδύνατον
3654 1697 3810 1755 οὕτως
3864 1694 3992 1748 εἶναι
4053 1702 4148 1755 τὴν

778 1798 979 1847 cturus
1000 1790 1227 1853 habuit,
1253 1791 1381 1844 haec
1434 1791 1565 1844 altu
1629 1790 1771 1845 Fieri
1828 1804 1951 1844 non
2002 1792 2217 1859 potest,
2244 1791 2306 1840 ut
2336 1787 2434 1839 Ec-

2386 1801 2434 1839 c-
2636 1788 2946 1845 Ἐκκλησίαν
2978 1794 3069 1838 τοι)
3094 1794 3249 1841 Θεοῦ.
3280 1789 3339 1837 Ei
3368 1805 3447 1846 τις
3474 1780 3562 1836 οὖν
3605 1783 3798 1857 προϐῇ,
3860 1788 3926 1847 ὡς
3987 1790 4150 1859 πατρὶ

779 1880 960 1936 clesia
984 1880 1082 1935 Dei
1104 1879 1185 1934 sic
1226 1879 1472 1935 viduata
1497 1884 1870 1951 permaneat.
1906 1879 1961 1934 Si
2003 1878 2140 1949 quis
2174 1891 2316 1943 ergo
2344 1890 2437 1930 or-
2466 1892 2504 1945 Β

2385 1890 2437 1929 r-
2466 1892 2504 1945 B
2545 1879 2685 1947 αὐτῷ
2717 1879 3035 1946 ὑποτάγητε,
3058 1880 3149 1926 καὶ
3199 1877 3268 1933 ὼς
3335 1873 3449 1945 ἐμοὶ
3512 1877 3605 1931 τὴν
3653 1873 3877 1944 κεφαλὴν
3934 1874 4149 1925 υποκλί-

780 1971 1022 2026 dinatus
1051 1968 1243 2037 fuerit,
1267 1973 1324 2023 et
1352 1974 1643 2041 tanquam
1701 1968 1851 2041 patri
1923 1967 2182 2022 subeste.
2238 1980 2434 2036 neque
2542 1991 2544 1997 ·

2385 1980 2434 2020 le
2542 1985 2677 2020 νατε.
2740 1973 2951 2022 »Τηῡτα
3017 1966 3065 2016 οἱ
3148 1961 3584 2033 ἀναγινωσκοντες
3669 1964 3754 2013 τόν
3816 1962 3976 2014 αὐτοῦ
4035 1961 4149 2035 βίον

782 2077 953 2115 secus
974 2077 1043 2115 ac
1073 2059 1216 2114 mihi
1246 2064 1426 2131 caput
1448 2060 1637 2115 docile
1663 2058 1960 2114 inclinate.
1996 2082 2022 2105 ν
2057 2060 2189 2112 Haec
2236 2056 2437 2124 legen-

1850 2064 1960 2114 ate.
1996 2082 2022 2105 ν
2057 2060 2189 2112 Haec
2236 2056 2437 2124 legen-
2547 2058 2699 2109 ῖσασι
2723 2058 2824 2121 (7).
2856 2058 2955 2107 Καὶ
2979 2057 3098 2129 περὶ
3130 2056 3218 2125 μὲν
3258 2055 3450 2104 τούτων
3477 2051 3606 2110 ἅλις.

780 2150 940 2206 tibus
958 2150 1369 2221 ‘Chrysostomi
1401 2148 1591 2205 Vita‘m
1623 2149 1933 2221 explorata
1947 2151 2103 2203 sunt.
2135 2146 2343 2203 Sed.de
2367 2160 2436 2205 ea

783 2256 845 2295 re
868 2240 1177 2294 hactenus.

855 2334 908 2385 6.
942 2329 1269 2399 imperator
1306 2329 1681 2395 Anastasius,
1706 2336 1883 2401 prout
1910 2329 1969 2384 in
2004 2328 2175 2385 Sabae
2229 2330 2437 2399 magni

2392 2330 2437 2386 1i
2620 2352 2674 2395 ς.
2700 2330 2713 2347 ’
2747 2337 2789 2383 Ο
2812 2327 2870 2383 δὲ
2919 2330 3168 2404 βασιλεὺς
3215 2332 3580 2401 Ἀναστάσιος,
3629 2334 3697 2392 ὡς
3729 2328 3777 2382 ἐν
3806 2339 3879 2401 τῷ
3922 2338 4014 2383 τοῦ
4066 2349 4156 2403 με·

782 2420 914 2473 Vita
950 2418 1319 2489 descriptum
1342 2424 1447 2483 est,
1478 2419 1798 2490 Euthymio
1829 2418 1968 2474 sede
2008 2419 2239 2488 dejecto
2272 2436 2283 2479 ;
2335 2420 2437 2492 qui

2393 2420 2437 2474 1i
2546 2420 2708 2491 γάλου
2759 2422 2897 2472 Σάὸα
2960 2420 3348 2496 ἀναγέγραπται
3405 2419 3527 2492 βίῳ,
3582 2424 3669 2472 τόν
3750 2422 4012 2492 Εὑθύμιον
4079 2422 4157 2489 (8)

786 2507 1225 2579 Acephalorum
1257 2508 1555 2570 haeresim.
1588 2508 1760 2578 cujus
1786 2508 1911 2580 ipse
1944 2508 2255 2563 studiosus
2289 2515 2436 2574 erat,
2548 2533 2550 2539 ι

2395 2515 2436 2574 t,
2548 2518 2637 2561 τον
2663 2513 2843 2583 θρόνου
2882 2516 3217 2581 καταγαγὼν,
3280 2515 3374 2567 την
3427 2519 3525 2561 τῶν
3557 2509 3862 2580 Ἀκεφάλων
3925 2514 3994 2581 μὴ
4051 2528 4158 2559 πα-

782 2614 906 2653 non
936 2596 1279 2669 recipiebat,
1316 2596 1737 2652 Macedonium
1755 2598 1893 2652 huic
1913 2599 2235 2679 substituit,
2253 2614 2437 2670 quem

2399 2616 2437 2653 Il
2548 2596 2904 2672 ραδεχόμενον
2945 2600 3164 2671 αἰρεσιν,
3195 2604 3280 2651 τὸν
3311 2596 3634 2652 Μακεδόνων
3667 2597 3773 2650 ἀντ’
3831 2598 3992 2649 αὐτοῦ
4046 2616 4163 2668 χει-

786 2692 1237 2742 consectaneum
1254 2686 1759 2757 suumjudicabat.
1778 2687 1896 2742 Sed
1909 2687 2051 2760 quia
2067 2687 2440 2743 orthodoxus
2548 2752 2550 2761 Α

2396 2705 2440 2742 ts
2548 2690 2893 2763 ροτονηθῆναι
2942 2692 3350 2763 παρεσκεύασεν,
3408 2690 3670 2763 ὁμόφρονα
3745 2688 3906 2739 αὐτοῦ
3978 2694 4160 2738 τοῦτον

786 2778 876 2832 vir
904 2776 1205 2847 apparuit.
1253 2776 1380 2847 ipse
1423 2776 1671 2847 quidem
1722 2777 2034 2832 confestim
2069 2777 2210 2831 sede
2260 2782 2441 2848 atque

2401 2794 2441 2833 .e
2552 2774 2679 2829 εἶναι
2707 2778 2953 2849 οἰόμενος,
2984 2776 3145 2830 Ἐπεὶ
3186 2775 3245 2829 δέ
3290 2774 3569 2850 ὀρθόδοξος
3616 2774 3677 2834 ἦν
3725 2779 3751 2828 ό
3800 2780 3951 2848 ἀνὴρ,
4006 2776 4165 2836 αὐτός

785 2866 933 2921 urbe
963 2866 1237 2939 pellitur;
1294 2866 1609 2921 ordinatur
1673 2873 1875 2923 autem
1906 2867 2248 2923 Timotheus
2284 2887 2295 2923 :
2339 2870 2441 2939 qui

2397 2870 2441 2923 ii
2552 2871 2641 2939 μεν
2668 2867 2860 2918 αὐτίκα
2893 2876 2985 2919 τοῦ
3039 2873 3235 2941 χρόνου
3304 2873 3392 2919 καὶ
3442 2876 3539 2928 τῆς
3593 2866 3791 2926 πόλεως
3851 2864 4161 2937 ἐξορίζεται.

786 2956 1007 3028 pariter
1029 2955 1197 3011 brevi
1228 2955 1542 3027 expellitur
1573 2957 1650 3012 ab
1682 2957 1868 3029 impio
1901 2958 2151 3025 Caesare,
2181 2958 2326 3029 quia
2351 2974 2443 3013 or-

2401 2974 2443 3012 r-
2551 2960 2801 3029 Τιμόθεος
2864 2953 2923 3009 δὲ
2967 2955 3276 3009 ἀντάὐτου
3338 2956 3704 3028 προϐάλλεται·
3773 2954 3902 3007 ἀλλὰ
3972 2957 4165 3026 τὰχιον

786 3045 1087 3102 thodoxus
1121 3046 1531 3117 deprehensus
1558 3052 1662 3101 est.
1685 3052 1873 3117 Atque
1894 3046 1952 3101 hi
1982 3046 2283 3102 fortunam
2316 3048 2444 3118 ejus

2399 3065 2444 3102 Is
2554 3052 2643 3098 καὶ
2682 3043 2831 3107 οὗτος
2859 3046 3290 3120 ἐξοστρακίζεται
3320 3049 3464 3119 παρὰ
3501 3053 3592 3098 τοῦ
3640 3042 3937 3106 δυσσεϐοῦς
3993 3043 4163 3116 βασι-

788 3137 954 3192 modi
981 3136 1202 3208 experti
1236 3142 1393 3193 sunt.
1434 3136 1665 3192 [nterim
1690 3153 1834 3192 vero
1865 3144 2085 3192 sanctae
2138 3137 2301 3192 urbis
2334 3153 2445 3209 pa-

2401 3158 2445 3193 ι-
2555 3136 2693 3196 λέως·
2734 3134 3014 3209 ὀρθόδοξος
3061 3139 3159 3210 γὰρ
3225 3132 3352 3187 εἶναι
3404 3137 3639 3207 εὕρηται·
3713 3140 3812 3187 Καὶ
3866 3134 4010 3185 οὗτοι
4076 3136 4165 3205 μὲν

788 3227 1049 3281 triarcha
1106 3230 1350 3280 sanctus
1405 3226 1620 3293 Helias,
1653 3227 1745 3281 his
1816 3227 2057 3287 auditis.
2112 3227 2446 3296 angebatur
2480 3256 2519 3312 ρ

2404 3244 2446 3281 lr
2480 3256 2519 3312 C
2558 3228 2734 3286 οὕτως·
2793 3228 2817 3276 ὁ
2859 3222 2918 3277 δὲ
2980 3234 3075 3286 τῆς
3129 3226 3286 3297 ἁγίας
3329 3225 3522 3286 πόλεως
3586 3222 3886 3298 ἀρχιερεὺς,
3936 3224 3961 3273 ὁ
4015 3221 4168 3293 ἆγιος

789 3316 1034 3388 quidem
1063 3312 1269 3371 animo
1289 3321 1531 3387 propter
1555 3316 1838 3384 injustam
1872 3316 2295 3387 praedictorum
2345 3332 2447 3388 pa-
2499 3311 2507 3312 7

2404 3332 2447 3370 1-
2499 3311 2507 3312 7
2557 3314 2569 3332 ’
2599 3317 2777 3384 Ηλίας,
2809 3322 2975 3366 ταῦτα
3013 3314 3211 3366 ἁκούων
3250 3317 3449 3385 ἤχθετο
3499 3318 3610 3385 μὲν,
3639 3317 3791 3385 φησὶ,
3837 3318 3930 3370 τήν
3957 3311 4168 3383 ψυχὴν,

790 3406 1184 3462 triarcharum
1216 3404 1689 3476 depositionem:
1740 3404 1927 3461 nihilo
1989 3413 2194 3460 tamen
2248 3407 2447 3460 minus

2407 3423 2447 3460 lS
2559 3410 2651 3463 τὴν
2689 3402 2876 3457 ἄδικον
2937 3401 3325 3475 ἀποδεχόμενος
3382 3412 3481 3456 τῶν
3542 3403 3821 3477 εἰρημένων
3884 3400 4171 3475 ἀρχιερέων

792 3494 1284 3550 communicabat
1312 3510 1449 3549 cum
1480 3510 1672 3565 nuper
1700 3494 1885 3549 electo
1912 3500 2046 3566 post
2064 3495 2447 3566 przecessoris

2420 3512 2447 3549 S
2560 3494 2792 3552 ἐκϐολήν·
2840 3491 3055 3565 ἐδέχετο
3105 3499 3279 3565 μέντοι
3357 3497 3443 3544 τόν
3537 3493 3995 3565 χειροτονούμενον
4042 3493 4176 3561 μετὰ

793 3584 1231 3655 expulsionem,
1261 3583 1552 3656 quoniam
1580 3590 1827 3656 uterque
1871 3584 2245 3640 orthodoxus
2303 3590 2444 3639 erat.

2409 3590 2444 3639 ί.
2559 3591 2646 3636 τόν
2678 3589 2777 3657 πρὸ
2838 3584 2997 3635 αὐτοῦ
3049 3582 3380 3643 ἐκϐληθέντα,
3550 3586 3639 3633 καὶ
3686 3581 3841 3633 αὐτὸν
3893 3576 4173 3651 ὁρθόδοξον

796 3674 949 3738 Quin
989 3673 1141 3728 adeo
1160 3672 1237 3727 ab
1259 3672 1509 3743 hujusce
1536 3673 1833 3728 haereseos
1860 3673 2089 3728 viribus
2104 3674 2283 3728 divus
2304 3689 2449 3745 quo-

2411 3690 2449 3728 )⁹
2562 3672 2709 3739 εἶναι,
2767 3677 2830 3733 ὡς
2875 3678 2964 3724 καὶ
3032 3676 3119 3725 τὸν
3166 3678 3433 3745 πρότερον.
3504 3673 3709 3730 Ταύτης
3763 3677 3859 3731 τῆς
3928 3671 4175 3742 αἱρέσεως

794 3779 910 3835 que
942 3762 1036 3816 hic
1064 3762 1255 3817 Helias
1311 3762 1557 3834 propria
1622 3763 1761 3817 sede
1783 3763 2159 3819 detractusin
2213 3762 2452 3819 vincula

2418 3780 2452 3819 a
2562 3763 2707 3815 ἓνεκα
2748 3768 2837 3814 καὶ
2883 3765 2907 3814 ό
2969 3764 3101 3823 θεῖος
3156 3761 3307 3821 οὗτος
3351 3760 3526 3821 Ἠλίας
3569 3768 3658 3812 του
3713 3760 3900 3811 οἰκείου
3957 3756 4178 3809 καταϐι-

795 3852 1102 3922 conjectus
1136 3858 1240 3907 est:
1271 3852 1389 3923 ipsi
1412 3858 1613 3907 autem
1646 3853 2002 3907 substitutus
2031 3855 2292 3908 Joannes
2351 3854 2451 3924 qui

2416 3854 2451 3907 li
2564 3852 2773 3913 ϐασθεὶς
2824 3855 3026 3925 θρόνου,
3086 3852 3158 3913 εἰς
3201 3851 3432 3923 φυλακην
3482 3848 3845 3905 κατεκλείσθηο
3895 3845 4000 3898 ἀντ’
4088 3846 4180 3897 αὐ-

792 3942 1003 3997 heeresi
1036 3942 1469 4010 consentiebat,
1523 3942 1679 3998 etab
1722 3942 2101 4013 imperatoris
2161 3943 2454 3998 sententia

2419 3958 2454 3997 8.
2565 3952 2656 3994 του
2691 3938 2749 3993 δὲ
2779 3940 3072 4016 προεϐλήθη
3140 3940 3399 4005 Ἰωάννης,
3454 3941 3761 4011 συνθέμενος
3812 3945 3875 4010 τῇ
3942 3939 4176 4009 αἰράσει,

796 4046 917 4085 non
932 4030 1295 4085 discededat.
1317 4032 1742 4086 Verumtamen
1756 4031 1852 4086 hic
1866 4030 2129 4087 Joannes
2150 4031 2270 4086 div1
2284 4032 2454 4086 Sabze

2415 4046 2454 4086 Ὲ
2565 4038 2655 4083 καὶ
2689 4036 2937 4106 συμφρων
2985 4036 3252 4103 γενόμενος
3304 4040 3375 4101 τῷ
3432 4028 3663 4103 βασιλεῖ.
3720 4023 3887 4089 Οὗτος
3933 4028 3958 4077 ὁ
4006 4025 4179 4079 Ἰωάν-

796 4119 1105 4175 familiaris
1136 4121 1485 4192 amicusque
1508 4127 1652 4181 erat;
1681 4122 1852 4191 cujus
1897 4121 2320 4194 obtemperans
2352 4123 2455 4177 ad-

2419 4123 2455 4177 Ι·
2567 4126 2653 4183 vi;
2682 4124 2914 4182 συνήθης
2941 4118 3001 4179 ἦν
3024 4127 3112 4173 καὶ
3142 4121 3281 4193 φίλος
3313 4119 3452 4191 Σάϐᾳ
3485 4128 3556 4189 τῷ
3614 4121 3754 4188 θείῳ·
3825 4117 3885 4168 οὗ
3934 4120 4023 4167 καὶ
4086 4118 4183 4176 τὰς

795 4208 1226 4264 monitionibus
1250 4209 1327 4263 ab
1347 4210 1623 4265 haeretica
1646 4209 1941 4266 sententia
1959 4216 2241 4282 sectaque
2256 4211 2456 4267 statim

2419 4229 2456 4267 n
2570 4214 2839 4272 ὑποθήκας
2873 4208 3168 4283 δεξάμενος,
3228 4218 3319 4261 τοῦ
3377 4209 3639 4283 αἱρετικοῡ
3707 4210 3796 4279 μὲν
3860 4210 4183 4280 φρονήματος

796 4300 1062 4361 recessit,
1090 4301 1394 4371 ﬁdemque
1456 4300 1627 4355 Heliae
1690 4308 2159 4372 sanctorumque
2218 4304 2457 4358 Patrum

2415 4320 2457 4358 n
2570 4307 2660 4353 καὶ
2725 4300 3050 4372 σεϐάσματος
3125 4298 3305 4351 ἑὰυτὸν
3375 4302 3646 4370 συντόμως
3726 4295 4013 4351 ἀπέστησει
4114 4302 4179 4366 τῇ

803 4389 975 4446 Sabae
1007 4406 1077 4445 ac
1099 4390 1554 4445 Theodosiitoto
1584 4391 1788 4446 animo
1815 4390 2132 4463 amplexus
2181 4397 2285 4448 est.

2569 4391 2743 4444 Ἠλίου
2773 4386 2830 4441 δέ
2860 4395 3038 4441 πίστει
3076 4394 3165 4441 καὶ
3218 4397 3317 4439 τῶν
3369 4389 3515 4439 θείων
3583 4390 3824 4459 Πατέρων
3879 4382 4020 4435 Σάϐα
4094 4387 4186 4434 καὶ

1190 4480 1193 4481 7
2574 4478 2865 4535 Θεοδοσίού
2887 4480 2999 4532 ὅλον
3022 4479 3202 4531 ἑαυτόν
3232 4477 3321 4551 ὅλη
3354 4476 3509 4549 ψυχῇ
3546 4472 3818 4529 ἐδεδώκει.

873 4574 925 4622 7.
971 4568 1199 4672 Etenim
1248 4568 1389 4624 cum
1428 4568 1759 4641 aliquando
1822 4568 2120 4641 imperiali
2171 4570 2464 4628 mandato
2498 4619 2541 4672 Β

2428 4588 2464 4627 o
2498 4619 2541 4672 Β
2649 4569 2688 4631 ζ
2725 4575 2869 4623 ,Καὶ
2917 4566 2984 4628 δὴ
3036 4568 3084 4620 ἐν
3144 4574 3243 4641 μιᾷ
3300 4575 3576 4641 προσταγῇ
3640 4563 3894 4639 βασιλικῇ
3948 4565 4190 4625 συνήθως

801 4664 1054 4714 cunctus
1083 4657 1156 4713 de
1189 4673 1354 4713 more
1389 4658 1672 4730 populus,
1702 4659 2265 4732 monachorumque
2296 4661 2465 4716 innu-
2500 4653 2540 4672 ‘”

2426 4679 2465 4716 l—
2500 4653 2540 4672 ὐ
2574 4668 2672 4721 πᾶς
2702 4661 2726 4712 ὁ
2754 4659 2877 4721 λαὸς
2901 4663 3114 4710 καὶτῶν
3145 4666 3392 4730 μοναχών
3434 4656 3608 4715 πληθη
3650 4654 3842 4727 ἄπειρα
3876 4653 3923 4706 ἐν
3974 4662 4045 4723 τῷ
4094 4661 4190 4704 τοῦ

800 4764 968 4803 mera
998 4747 1317 4802 multitudo
1350 4748 1412 4802 in
1476 4748 1668 4803 sancti
1724 4750 2182 4821 protomartyris
2242 4751 2465 4823 templo

2430 4767 2465 4806 Ο
2576 4752 2729 4822 ἁγίου
2781 4758 3031 4821 Στεφανου
3088 4756 3180 4799 τοῦ
3230 4752 3438 4818 πρώτου
3494 4745 3541 4797 ἐν
3570 4748 3832 4819 μάρτυσιν
3881 4744 3997 4818 ἱερῷ
4037 4751 4191 4812 σηκῷ

805 4838 1105 4903 coivisset;
1136 4842 1427 4908 tanquam
1443 4837 1488 4892 si
1504 4838 1843 4909 patriarcha
1867 4840 2125 4894 Joannes
2140 4840 2469 4896 anathema

2433 4857 2469 4896 a
2577 4844 2847 4914 ἤθροιστο,
2879 4842 2942 4899 ὡς
2967 4838 3231 4911 μέλλοντος
3285 4832 3442 4893 δῆθεν
3501 4834 3883 4907 ἁναθεματίσαι
3948 4840 4037 4884 τοῦ
4084 4850 4191 4884 πα-

801 4928 873 4983 iis
899 4928 1165 4983 dicturus
1200 4933 1357 4983 esset
1383 4928 1487 5000 qui
1512 4928 1813 5000 synodum
1846 4936 2124 5001 quartam
2191 4930 2466 4986 admitte-

2428 4948 2466 4986 B-
2575 4934 2837 5005 τριάρχου
2860 4929 3095 4982 Ἰωάννου
3139 4932 3261 4988 τοὺς
3299 4932 3393 4983 τήν
3445 4928 3688 4998 τετάρτην
3744 4919 3965 4975 σύνοδον
4027 4918 4192 4993 δεχο-

805 5023 959 5083 rent,
1003 5019 1287 5073 Severum
1319 5017 1691 5089 Acephalum
1717 5018 2122 5090 repudiarent;
2141 5019 2374 5075 idenim
2408 5038 2466 5075 se

2430 5038 2466 5074 Le
2578 5025 2778 5092 μένους,
2835 5025 3053 5090 Σευῆρον
3104 5012 3163 5068 δε
3210 5020 3296 5067 τόν
3348 5014 3624 5085 Ἀκέφαλον
3672 5016 3745 5085 μὴ
3814 5007 4194 5084 παραδεχομέ-

809 5107 1105 5163 facturum
1137 5108 1494 5179 promiserat
1517 5108 1804 5163 ministris
1826 5108 2005 5178 regiis
2033 5111 2313 5175 Joannes;
2344 5126 2468 5165 am-

2429 5128 2468 5165 ι-
2578 5128 2710 5169 νους·
2739 5116 2893 5160 τουτο
2919 5110 3019 5180 γὰρ
3050 5103 3109 5164 ἦν
3138 5102 3244 5163 ἠδη
3273 5114 3497 5163 ποιῆσαι
3567 5111 3672 5163 τοῖς
3729 5110 3819 5153 τοῦ
3852 5099 4115 5173 βασιλέως
4164 5099 4193 5151 ὁ

881 5287 957 5357 (7)
977 5285 1238 5359 lntellige
1271 5285 1516 5359 Palladii
1543 5286 1857 5359 Dialogum
1883 5286 1957 5341 de
1987 5288 2114 5342 Vita
2138 5289 2191 5343 S.
2220 5288 2468 5344 Joannis
2580 5288 2843 5359 episcopi
2866 5285 3238 5359 conditiones
3251 5282 3451 5359 nescio
3473 5298 3580 5359 cur
3594 5278 4198 5359 M_ethod_iusretinue-

809 5352 1218 5430 Chrysostomi
1257 5358 1349 5427 ed,
1383 5358 1579 5413 Montf.
1629 5352 1774 5413 tom.
1827 5362 1964 5427 Xlll,
2017 5360 2190 5427 cujus
2254 5360 2467 5416 videsis
2578 5352 2672 5416 rit.
2700 5352 2943 5414 Palladii
2967 5357 3167 5413 locum
3192 5357 3396 5412 recitat
3424 5353 3914 5411 etiamBaronius
3936 5352 4193 5421 tom.Vl,

808 5446 946 5502 pag.
972 5430 2466 5502 28et36.C€eterumPalladiusait.Chrysostomum
2579 5432 2653 5487 ad
2694 5447 2793 5487 an.
2836 5434 2939 5485 404
2974 5445 3052 5491 ,n.
3090 5432 3216 5502 XLI.

804 5495 1164 5573 praecepisse
1196 5502 1536 5573 Olympiadi
1567 5509 1632 5558 ut
1673 5503 1951 5558 subesset
2000 5495 2197 5558 futuro
2239 5512 2369 5574 post
2406 5522 2466 5559 se
2651 5506 2726 5574 (Β)
2744 5504 2885 5557 Cum
2905 5495 4008 5574 MethodioscribitEuthymz‘umetiam
4035 5509 4195 5574 ano—

805 5566 1609 5645 episco7po.itatamensiille
1634 5591 1932 5629 consensu
1954 5566 2468 5631 omniumelectus
2578 5566 2795 5645 ny‘mus
2827 5571 3354 5635 Baroccianus;sed
3405 5570 3723 5645 dicendum
3773 5583 3904 5623 esse
3944 5566 4196 5645 Euphe-

807 5639 1071 5717 esset,ret
1100 5645 1397 5701 reluctans
1424 5647 1650 5702 nedum
1691 5646 1987 5710 ambiens,
2023 5652 2122 5699 Καὶ
2154 5647 2207 5707 ὃς
2239 5646 2297 5697 ἀν
2331 5650 2467 5699 ἄκων
2578 5639 2784 5713 m7ium,
2824 5662 3073 5717 prorsus
3106 5650 3344 5700 constat
3382 5659 3451 5698 ex
3480 5642 3724 5717 historia
3760 5645 3880 5717 tet
3910 5639 3993 5693 sic
4030 5644 4195 5694 recte

806 5717 949 5790 ἀχθῇ
982 5716 1064 5769 ἐπὶ
1105 5722 1194 5773 τὴν
1251 5725 1601 5791 χειροτονίαν,
1657 5724 1729 5791 μὴ
1800 5717 2122 5792 ἀμϐιτεύσας
2187 5722 2244 5770 τὸ
2302 5727 2467 5795 πραγ-

2101 5741 2122 5782 ς
2187 5722 2251 5795 τὸ.
2302 5727 2467 5795 ﬁeri]:
2577 5720 2760 5776 habet
2785 5715 3342 5789 etamEphrzemius
3368 5733 3423 5770 ν.
3453 5716 3590 5770 1060
3623 5718 3680 5769 et
3701 5715 3862 5769 9756.

804 5810 898 5863 μα,
949 5794 1083 5843 κατὰ
1132 5798 1429 5844 συναίνεσιν
1480 5800 1579 5845 τῶν
1632 5791 1859 5847 πάντων.
1920 5792 2084 5857 Quas
2134 5791 2466 5863 recipiendi
