4468 6450
309 429 421 482 789

1559 423 1649 480 DE
1689 421 2071 478 SCHISMATE
2111 425 2432 480 VITANDO.

3567 431 3682 487 790

311 553 557 610 Ἰωάννης
604 551 923 620 ύποσχεθιίς
954 567 967 579 ·
1004 549 1214 622 ἀνήχθη
1275 547 1362 602 οὖν
1400 551 1424 600 ὁ
1481 547 1639 607 αὐτὸς
1692 546 1775 598 ἐπὶ
1825 554 1915 597 τού
1948 550 1988 598 Α

1960 550 1992 598 Α
2025 546 2246 602 bonem
2271 547 2613 620 patriarcha
2629 546 2998 614 conscendit,
3021 563 3160 604 cum
3178 564 3371 621 eoque
3400 553 3591 610 Sabas
3610 570 3684 610 ac

309 638 546 710 οῖμιῗωνος
580 657 591 668 ·
626 644 718 690 σύν
750 638 886 708 αύτῴ
919 635 976 690 δὲ
1025 644 1113 690 καὶ
1173 639 1340 700 Σάϐας
1398 644 1485 689 και
1541 633 1823 694 Θεοδόσιος
1870 636 1917 684 οἰ

308 738 412 780 τῶν
464 737 712 800 μοναχών
767 727 1001 799 έξαρχοι,
1057 734 1146 779 xui
1201 737 1296 788 τῆς
1355 723 1638 798 ὀρθοδόξον
1693 729 1918 782 πίστεως

309 824 586 891 πρόμαχοι
615 835 626 846 ·
683 816 908 874 ἐστὴτην
953 815 1039 868 ούν
1071 819 1226 889 οἷμφω
1272 825 1363 867 τού
1411 817 1748 888 πατριάρχου
1797 808 1916 882 παρ’

310 908 550 979 ἑκάτεραι
585 914 763 980 Παρῆν
795 903 854 957 δὲ
885 914 955 974 τῷ
985 913 1076 976 νεῲ
1125 912 1213 958 xui
1257 915 1348 957 τοῦ
1409 904 1662 976 βασιλέως
1713 901 1922 971 ἀνεψιός

699 1003 794 1052 ei;

708 1037 718 1047 '
774 1035 793 1056 Ἴ

310 1085 604 1154 Ἐψεύσατο
656 1086 746 1143 τὰς
802 1085 1121 1154 ὑποσχέσεις
1158 1084 1183 1134 ό
1221 1084 1460 1144 Ἰωάννης
1517 1081 1573 1141 ἃς
1607 1083 1736 1153 πρὸς
1771 1080 1921 1131 Ἀνα-

1627 1164 1921 1219 Θεοδοσίου

309 997 590 1057 ’Υπατικὸς
699 1003 794 1056 τῆς
887 995 1256 1065 αἰχμαλωσίας
1339 995 1442 1046 τότ’
1550 993 1917 1052 ἐπανασωθείς.

311 1174 532 1223 στάσιον
593 1171 872 1227 ἐποιήσατο
938 1178 1048 1229 ταῖς
1110 1173 1538 1242 ύποθημοσύναις

305 1266 400 1312 καὶ
427 1261 568 1313 Σάεα
596 1278 606 1288 ·
642 1260 923 1332 ἑξεφώνησε
960 1260 1127 1320 καλῶς
1188 1269 1347 1312 ποιῶν
1411 1265 1469 1311 τό
1501 1259 1729 1328 ἀνάθεμα
1789 1260 1922 1308 κατὰ

305 1358 408 1399 τῶν
444 1355 513 1420 μή
573 1346 868 1419 δεχομένων
904 1354 995 1405 τὴν
1050 1352 1299 1421 τετάρτην
1365 1349 1726 1416 οἱκονμενικὴν
1798 1348 1920 1395 σύν-

306 1435 434 1489 οδον
461 1440 593 1508 μετὰ
632 1446 728 1487 τῶν
777 1443 878 1509 πρό
920 1436 1084 1498 αὐτῆς
1135 1446 1290 1509 τριῶν
1355 1453 1366 1465 ’
1428 1434 1710 1486 ἀπεϐάλετο
1770 1441 1918 1489 Σευῆ-

304 1546 418 1600 ρον,
452 1525 732 1578 ἀπεϐάλετο
781 1524 1112 1596 Ἀκεφάλονς,
1176 1530 1265 1576 καὶ
1333 1526 1535 1583 πάντας
1591 1521 1764 1582 ἁπλῶς
1805 1524 1920 1580 τούς

305 1619 374 1666 τὰ
427 1624 528 1666 τῶν
579 1617 848 1686 αίρετικὼν
908 1621 1249 1684 φιοονούντας,
1323 1614 1702 1684 ᾚσχύνθησαν
1754 1611 1803 1660 οὶ
1857 1611 1922 1660 τὰ

303 1712 398 1756 τοῦ
429 1702 684 1775 βασιλέως
738 1711 1037 1775 φρονούντες
1076 1708 1165 1752 xui
1235 1710 1305 1770 τῲ
1349 1704 1466 1771 θείῳ
1506 1706 1753 1771 παρόντες
1791 1704 1911 1766 νεῲ*

308 1790 676 1866 ἠνὸρίσθησαν
713 1793 760 1843 οἱ
795 1787 1093 1865 όρθοὸοξοι,
1127 1799 1215 1842 καὶ
1245 1798 1317 1859 τῷ
1381 1791 1689 1862 πατριάρχῃ
1735 1788 1922 1838 αύτίκα

309 1877 578 1952 πανδημεὶ
634 1881 1048 1954 προσετέθησαν,
1107 1888 1197 1939 τῆς
1257 1885 1327 1950 μὴ
1381 1882 1517 1930 κατόι
1579 1882 1698 1938 τοὺς
1761 1880 1920 1948 ἱερούς

306 1975 526 2031 κανόνας
592 1975 916 2042 χειροτονίας
984 1969 1144 2020 αύτού
1227 1974 1295 2040 μὴ
1387 1973 1767 2040 φροντίσαντες.
1823 1965 1919 2017 Ἠν

306 2057 420 2122 οὖν,
456 2065 633 2130 φησιν,
661 2062 834 2110 ἔκτοτέ
862 2057 1026 2119 Σάϐας
1075 2061 1100 2109 ό
1141 2062 1438 2131 μακαρίτης
1487 2062 1576 2107 xui
1630 2052 1918 2115 Θεοδόσιος

307 2155 368 2201 τό
400 2148 554 2210 σέϐας
592 2149 928 2219 ἀπονέμοντες
989 2154 1078 2199 καὶ
1120 2153 1214 2204 τὴν
1271 2152 1428 2218 τιμὴν
1484 2155 1555 2215 τῷ
1608 2148 1912 2216 πατριάρχῃ

309 2239 520 2309 Ἰωάννῃ
569 2241 658 2308 μὲν
712 2236 760 2288 ἐν
795 2245 867 2306 τῷ
924 2239 1087 2310 θρόνῳ
1140 2238 1465 2308 καθεζομένῳ
1520 2238 1584 2294 ὼς
1650 2230 1916 2306 ὀρθοὸόξῳ

303 2332 565 2398 γεγονότι,
627 2326 775 2398 ἸΙλία
833 2323 892 2377 ὃέ
926 2326 1078 2377 πάλιν
1109 2329 1356 2385 ὡσαύτως
1409 2324 1766 2393 κατακλείστῳ
1807 2327 1914 2374 ό’ντι

302 2417 355 2470 ἐν
415 2417 614 2489 φυλακῇ
654 2425 750 2476 τῆς
789 2416 948 2490 ὀρθῆς
998 2417 1140 2467 ἕνεκα
1200 2421 1443 2475 πίστεως.
1497 2420 1583 2465 τόν
1617 2415 1748 2486 ἱερόν
1789 2415 1913 2464 πάν-

299 2528 403 2568 τως
457 2507 631 2559 ’Πλίαν
688 2505 1310 2577 ἐκμιμησάμενοιιούτω
1367 2507 1469 2576 γὰρ
1525 2503 1677 2562 αύτός
1732 2521 1912 2576 προτε-

299 2617 393 2670 ρον
442 2602 570 2667 πρὸς
629 2595 1211 2655 Κωνσταντινονπόλεως
1267 2595 1525 2666 Εύθύμιόν
1586 2598 1662 2661 (9)
1727 2612 1780 2644 τε
1825 2596 1913 2642 καὶ

301 2683 650 2750 Μακεδόνων,
715 2691 805 2736 καὶ
864 2691 950 2736 τόν
1006 2685 1106 2736 ἀπὸ
1162 2685 1528 2755 σχολαστικῶν
1588 2682 1914 2752 Ἀντιοχείας

302 2781 430 2826 οντα
457 2776 856 2847 απόκρισιάριον
913 2779 1002 2825 καὶ
1054 2777 1185 2848 πρός
1237 2777 1440 2833 τούτοις
1494 2768 1697 2828 διετέθη
1757 2775 1914 2841 Τιμό-

306 2866 420 2916 θεον
458 2867 594 2932 (10}.

381 2956 452 3010 η’.
487 2954 642 3006 Ἀλλὰ
679 2959 769 3005 καὶ
833 2953 1200 3012 Ἰονστινιανός
1240 2953 1265 3002 ο
1319 2949 1564 3022 βασιλεὺς
1621 2952 1707 3000 τόν
1767 2949 1915 3018 άγιον

311 3045 575 3114 Εύτύχιον
637 3052 729 3096 τού
773 3045 954 3117 θρόνον
1009 3047 1343 3112 καταγαγὼν,
1413 3039 1676 3112 ἐξόριστον
1745 3037 1917 3093 ἐποιὴ-

312 3153 444 3185 σατο
481 3132 528 3184 έν
556 3143 616 3205 τῇ
675 3134 744 3194 είς
781 3139 873 3190 τήν
939 3133 1219 3203 ’Λμάσειαν
1280 3131 1438 3180 αύτού
1497 3136 1622 3200 μονῇ
1661 3149 1671 3159 ·
1729 3131 1814 3177 καὶ
1846 3126 1917 3187 εἰς

306 3228 393 3274 τόν
423 3224 580 3282 αὐτού
613 3220 670 3274 δέ
701 3224 878 3293 θρόνον
912 3221 1172 3290 ἀνήγαγεν
1237 3221 1474 3274 Ἰωάννην
1532 3239 1544 3249 ⁸
1579 3217 1634 3278 ὃς
1683 3222 1771 3266 xui
1829 3215 1917 3265 αύ-

485 3277 491 3282 .
732 3274 739 3293 ,
995 3274 1034 3290 -,
1094 3274 1107 3290 ,
1621 3274 1632 3278 -

306 3315 394 3370 τός
431 3308 610 3370 δεκτός
741 3310 1026 3381 Ἐκκλησία
1062 3309 1220 3372 ἐστιν,
1281 3305 1561 3380 όρθόὸοξος
1619 3310 1704 3358 ὠν.
1762 3303 1916 3355 Ἀλλα
1949 3274 1988 3327 C

304 3405 397 3451 xui
429 3401 675 3472 Ἀνθίμον
721 3409 810 3450 τού
867 3399 924 3450 ἐκ
979 3399 1369 3472 Τραπεζοῦντος
1434 3397 1790 3468 μετατεθέντος
1850 3393 1915 3452 είς

303 3509 393 3540 τον
435 3498 529 3550 τῆς
571 3485 854 3560 βασιλίδος
908 3490 1083 3560 θρόνον
1141 3489 1282 3558 παρα
1343 3494 1435 3537 τον
1489 3479 1916 3556 βασιλέως,.εἷτα

300 3579 697 3652 καθαιρεθέντος
753 3581 881 3651 πρὸς
938 3585 1029 3628 τού
1086 3579 1276 3627 πάππα
1331 3575 1633 3644 Ἀγαπητου
1683 3569 1778 3623 δια
1856 3576 1912 3623 τό

300 3674 373 3739 μὴ
422 3668 577 3719 θέλειν
636 3667 790 3718 αὐτόν
844 3665 1150 3738 μεταϐαλεῖν
1215 3669 1306 3722 τήν
1363 3667 1590 3728 αἰρεσιν,
1650 3667 1830 3720 Μηνᾶς
1888 3663 1912 3712 ό

302 3761 440 3818 θεῖος
492 3762 918 3827 κεχειροτόνηται
949 3777 960 3788 ο
1022 3758 1070 3806 οἱ
1123 3751 1181 3806 δέ
1212 3753 1332 3827 παρ’
1392 3753 1551 3804 αύτον
1605 3771 1910 3824 χειροτονη-

301 3849 472 3908 θέντες
501 3843 823 3916 ἐόεχθησαν,
877 3851 971 3902 τὴν
1003 3847 1204 3918 αἰρεσιν
1257 3844 1560 3914 αποθέμενοι
1596 3862 1606 3874 ·
1640 3845 1706 3893 τα
1760 3847 1912 3898 Esuri-

299 3956 397 4009 ρον
425 3939 526 4009 γὰρ
557 3933 616 3993 ἦν
655 3944 848 4008 ιγρονὼν
889 3936 914 3985 ό
947 3934 1214 4006 Ἄνθιμος.
1272 3934 1407 3984 Ἐπεὶ
1465 3929 1522 3984 ὃίε
1579 3937 1667 3982 καὶ
1725 3933 1753 3988 ἡ
1810 3940 1908 3981 των

301 4025 670 4084 Μονοθελητών
722 4030 947 4081 κακίστη
1008 4026 1206 4097 αἵρεσις
1256 4021 1588 4094 ἐπεκράτησε,
1645 4024 1726 4079 τίς
1781 4021 1908 4090 μετα

299 4125 470 4168 ταῦτα
542 4126 638 4167 τῶν
699 4115 750 4177 ἐξ
805 4115 971 4166 αὐτῶν
1053 4117 1381 4185 χειροτονίαν
1468 4108 1754 4182 δεξαμένων
1818 4109 1908 4160 ούκ

299 4203 500 4278 ἐδέχθη
563 4204 609 4257 ἐν
798 4207 916 4276 ἕκτῃ
990 4199 1216 4272 σννόὸῳ,
1274 4204 1332 4261 ἧς
1406 4203 1627 4271 ἠγονντο
1674 4199 1909 4268 Ἀγάθων

299 4299 519 4357 πάππας
607 4293 805 4366 Ῥώμης
837 4339 852 4361 ,
942 4299 1191 4366 Γεώργιος
1301 4288 1906 4352 Κωνσταντινονπολεως,

297 4391 390 4437 καὶ
470 4386 733 4456 Θεοφάνης
805 4384 1150 4452 Ἀντιοχείας,
1236 4385 1388 4452 μόνον
1447 4380 1489 4430 εἰ
1562 4384 1652 4436 τὴν
1711 4381 1909 4448 αἰρεσιν

745 4478 836 4524 καὶ
910 4481 968 4529 τῆ
1029 4468 1293 4543 όρθοὸοξῳ
1346 4471 1630 4544 προσετέθη
1686 4473 1908 4532 πίστει;

1485 4559 1769 4611 Κάλλιστον
1804 4563 1843 4626 (1
1863 4557 1910 4626 1)

1633 4647 1912 4699 ἐπίσκοπον
1949 4647 1987 4700 [)

301 4474 660 4546 ἀνεθεμάτισε,

270 4564 460 4615 ·Ἀ).λά
493 4569 584 4615 καὶ
634 4564 1006 4621 Ἰονστινιανός
1039 4563 1062 4612 ό
1098 4561 1428 4632 Ῥινότμητος

299 4658 392 4726 μὲν
450 4657 535 4705 τόν
592 4653 880 4723 ἁγιώτατον
964 4650 1551 4710 Κωνσταντινονπολεως

301 4739 502 4804 ἀδίκως
529 4742 731 4794 καθεῖλε
759 4749 849 4792 τον
887 4743 1091 4812 θρόνον,
1127 4745 1215 4790 xui
1246 4748 1335 4799 τῆς
1393 4739 1585 4799 πολενιις
1650 4738 1913 4809 ἐξόριστον

300 4833 374 4893 είς
426 4838 520 4889 τὴν
610 4829 967 4903 πρεσϐντέραν
1045 4830 1246 4900 ἰ’ὼμην
1309 4834 1552 4902 πρότερον
1613 4825 1913 4897 ἀποτυφλώ-

303 4941 402 4982 σας
441 4922 633 4972 τέθεικε
666 4940 678 4952 ·
708 4923 794 4971 τόν
828 4916 886 4971 δὲ
917 4919 1208 4990 ἕγκλειστον
1267 4924 1431 4990 Κύρον
1489 4915 1540 4967 ἐκ
1595 4925 1687 4977 τῆς
1724 4915 1914 4975 πόλεως

299 5002 665 5081 Ἀμάστριδος
697 5007 929 5079 ἐνεγκὼντ
984 5007 1050 5067 εἰς
1103 5011 1188 5058 τόν
1242 5006 1432 5058 ἐκείνου
1490 5008 1663 5079 θρόνον
1712 5003 1914 5068 ἀνήξεν,

298 5095 482 5156 ἐπειδὴ
567 5105 804 5172 προεῖπεν
889 5097 1030 5166 αύτῳ
1112 5102 1199 5154 τὴν
1255 5096 1322 5157 εἰς
1383 5101 1476 5152 τὴν
1535 5095 1680 5147 πόλιν
1760 5094 1913 5145 πάλιν

297 5185 571 5253 ἐπάνοδον,
631 5193 719 5239 καὶ
795 5193 889 5244 τὴν
943 5195 1033 5247 τῆς
1094 5185 1363 5258 βασιλείοις
1430 5182 1580 5246 αὖθις
1631 5184 1910 5254 ἀνάληψιν.

297 5277 612 5338 Φιλιππικός
640 5273 696 5328 δὲ
747 5279 776 5333 ἡ
812 5280 901 5327 καὶ
957 5272 1232 5350 Βαρδανης
1289 5283 1380 5336 τῆς
1436 5273 1706 5346 βασιλείας
1759 5293 1910 5324 τετν-

294 5373 506 5438 χηκὼς,
539 5373 627 5418 καί
667 5371 759 5424 τὴν
809 5367 960 5422 ἕκτην
1011 5366 1372 5436 οἱκονμενικὴν
1431 5361 1650 5416 σύνοδον
1711 5362 1912 5435 (kx-:90)-

299 5475 418 5520 σας,
448 5459 517 5514 ὡς
547 5452 710 5520 ἒὸοξε,
752 5450 972 5506 σύνοδον
1005 5452 1257 5526 ἀθροίσας
1305 5455 1331 5504 ό
1383 5456 1603 5525 μάταιος
1654 5453 1766 5504 κατ’
1823 5454 1911 5504 αύ-

373 5602 448 5670 (9)
481 5603 703 5670 Nempe
734 5598 1154 5667 Euphemiam,
1188 5605 1251 5652 ut
1285 5598 1413 5668 jam
1476 5597 1619 5652 dixi.

298 5744 334 5800 ι,
371 5674 484 5742 (10)
516 5673 615 5727 Hic
635 5669 845 5727 tamen
868 5669 1213 5726 Timotheus
1234 5670 1494 5726 creditur
1523 5669 1703 5725 fuisse
1722 5669 1911 5725 hiare.

323 5759 469 5800 icus.

323 5759 469 5800 10118.

2025 629 2390 690 Theodosius
2422 636 2858 691 monachorum
2893 642 3223 692 summates
3270 639 3534 713 fideique
3586 659 3683 698 or-

2027 725 2307 778 thodoxae
2331 731 2835 796 propugnatores,
2864 724 2966 796 qui
2990 741 3061 779 ex
3089 729 3344 798 utroque
3365 728 3549 785 latere
3581 747 3685 803 pa-

2029 812 2294 867 triarchae
2317 814 2644 868 astiterunt.
2670 812 2888 867 Aderat
2914 813 2974 867 in
2989 813 3211 885 templo
3232 830 3420 887 nepos
3440 834 3685 891 quoque

2029 901 2404 972 imperatoris
2470 901 2789 973 Hypaticus
2832 902 3172 973 captivitate
3216 919 3410 975 nuper
3474 907 3682 963 redux.

2029 991 2175 1043 Tum
2203 1006 2343 1044 vero
2367 989 2565 1044 fefellit
2593 1005 2839 1062 prorsus
2869 991 3131 1045 Joannes
3149 993 3508 1062 promissam
3535 1002 3688 1053 Ana-

2031 1080 2216 1134 stasio
2245 1079 2446 1143 fidem,
2477 1079 2740 1133 consiliis
2760 1078 3077 1134 Theodosii
3120 1080 3547 1154 obtemperans
3603 1090 3690 1140 at-

2031 1185 2148 1238 que
2172 1169 2361 1222 Sabze.
2390 1169 2614 1223 Etenim
2640 1167 2876 1222 sublata
2897 1184 3042 1222 voce
3071 1169 3399 1226 anathema
3451 1173 3688 1244 egregie

2031 1256 2178 1311 dixit
2207 1256 2276 1311 iis
2301 1258 2403 1328 qui
2437 1259 2874 1311 meumenicam
2895 1260 3176 1328 quartam
3207 1259 3513 1329 synodum
3547 1277 3686 1316 cum

2030 1345 2330 1415 prioribus
2353 1346 2539 1399 tribus
2557 1361 2676 1400 non
2692 1345 3021 1416 reciperent
3044 1361 3057 1410 ;
3084 1347 3390 1413 Severum,
3420 1351 3688 1420 Acepha-

2028 1433 2259 1503 losque,
2286 1440 2464 1505 atque
2488 1449 2698 1488 omnes
2716 1434 2964 1488 omnino
2994 1434 3305 1490 haereticos
3344 1442 3687 1494 exsecratus

2029 1528 2134 1576 est.
2158 1524 2305 1577 Tum
2337 1523 2644 1577 enimvero
2674 1522 2902 1594 pudore
2943 1521 3155 1577 suffusi
3209 1526 3347 1579 sunt
3393 1531 3690 1598 quotquot

2027 1611 2327 1678 regiarum
2354 1610 2613 1680 partium
2649 1611 2902 1666 studiosi
2929 1611 2989 1665 in
3021 1610 3246 1682 templo
3267 1611 3514 1670 aderant
3543 1633 3556 1682 ;
3596 1631 3686 1671 or-

2028 1699 2273 1754 thodoxi
2301 1705 2499 1754 autem
2527 1700 2810 1754 fiduciam
2847 1705 3218 1771 receperunt,
3245 1707 3302 1756 et
3327 1703 3684 1773 patriarchas

2028 1803 2239 1843 omnes
2256 1788 2660 1854 adhaeserunt,
2684 1789 2930 1859 insuper
2951 1788 3242 1844 habentes
3264 1791 3433 1862 quod
3471 1797 3688 1864 praeter

1960 1898 1996 1948 [ς
2029 1892 2289 1932 canones
2319 1891 2525 1931 sacros
2548 1877 2856 1932 ordinatus
2882 1876 3111 1934 fuisset.
3140 1881 3221 1933 Ex
3247 1894 3318 1935 eo
3345 1880 3524 1950 igitur
3543 1886 3687 1937 tem-

2027 1981 2171 2037 pore
2195 1965 2410 2021 beatus
2429 1965 2618 2021 Sabas
2639 1981 2710 2020 ac
2730 1966 3098 2022 Theodosius
3115 1967 3410 2024 honorem
3435 1985 3685 2026 venera-

2027 2056 2370 2125 tionemque
2401 2055 2759 2126 patriarchae
2801 2055 3017 2110 Joanni
3063 2055 3430 2112 exhibebant
3477 2058 3684 2114 sedem

2025 2143 2366 2216 occupanti,
2397 2145 2542 2216 quia
2566 2145 2695 2214 jam
2743 2144 3116 2200 orthodoxus
3167 2150 3328 2200 erat:
3388 2146 3685 2219 simulque

2027 2233 2197 2288 Heliae
2209 2233 2312 2304 qui
2335 2239 2507 2288 rectae
2528 2233 2665 2288 fidei
2688 2233 2877 2301 gratia
2893 2249 3130 2288 carcere
3154 2235 3493 2293 tenebatur.
3551 2238 3684 2302 Qua

2021 2326 2084 2380 in
2101 2339 2162 2377 re
2187 2323 2382 2393 ipsum
2409 2338 2654 2393 prorsus
2679 2327 2953 2378 sanctum
2977 2322 3203 2378 Heliam
3237 2324 3642 2382 imitabantur
3666 2343 3680 2382 :

2023 2413 2111 2466 sic
2133 2411 2292 2466 enim
2326 2416 2380 2466 et
2409 2412 2534 2482 ipse
2563 2412 2868 2484 superiore
2895 2417 3161 2484 tempore
3193 2429 3333 2468 cum
3383 2413 3681 2470 Constan-

2023 2501 2427 2573 tinopolitanis
2459 2501 2773 2572 liuthymio
2803 2501 3268 2573 Macedonioque
3289 2519 3351 2558 se
3373 2508 3638 2571 gesserat
3665 2521 3680 2572 ;

2024 2597 2233 2662 postea
2255 2607 2394 2646 vero
2417 2607 2556 2645 cum
2576 2591 2904 2657 Timotheo,
2920 2590 3278 2647 scholastico
3310 2592 3452 2648 olim
3486 2593 3671 2649 Antio-

2025 2683 2217 2738 cheno
2248 2688 2305 2736 et
2333 2681 2746 2753 apocrisiario,
2775 2697 2946 2753 teque
2968 2683 3541 2739 communicaverat.

2097 2956 2146 3005 8.
2171 2949 2539 3005 Justinianus
2565 2964 2808 3021 quoque
2846 2949 3172 3021 imperator
3201 2957 3478 3007 sanctum
3508 2954 3682 3025 Euty-

2025 3041 2227 3095 chium
2277 3040 2415 3094 sede
2468 3040 2765 3108 dejectum
2811 3038 2890 3094 ad
2932 3046 3200 3095 Amaseaa
3248 3043 3680 3098 monasterium

2026 3128 2327 3194 relegavit,
2352 3127 2526 3199 eique
2555 3130 2846 3182 Joannem
2881 3127 3226 3196 subrogavit
3258 3147 3271 3195 ;
3314 3145 3496 3201 quem
3540 3130 3681 3187 item

2029 3217 2308 3285 Ecclesia,
2338 3217 2483 3288 quia
2500 3216 2870 3271 orthodoxus
2899 3222 3044 3284 erat,
3070 3216 3346 3285 admisit;
3371 3223 3681 3290 praeterea-

2026 3322 2142 3377 que
2169 3305 2516 3360 Anthimum
2561 3321 2591 3359 e
2639 3305 3020 3376 Trapezuntis
3066 3306 3328 3362 Ecclesia
3380 3307 3460 3363 ad
3501 3309 3680 3378 regite

2026 3395 2190 3449 urbis
2211 3394 2429 3450 infulas
2450 3393 2806 3450 translatum
2841 3394 2919 3449 ab
2945 3395 3160 3450 eodem
3195 3396 3578 3466 imperatore.
3620 3401 3683 3455 Et

2024 3499 2380 3556 quanquam.
2410 3483 2627 3538 deinde
2656 3483 2974 3538 Anthimus
3005 3483 3083 3540 ab
3104 3491 3371 3556 Agapeto
3398 3487 3681 3559 papade—

2024 3575 2254 3644 positus
2295 3573 2420 3636 fuit,
2471 3579 2788 3644 propterea
2843 3573 3008 3646 quod
3058 3573 3338 3630 haeresim
3384 3575 3680 3640 retineret,

2023 3664 2324 3734 divusque
2357 3665 2596 3716 Mennas
2621 3663 2982 3730 subrogatus
3011 3682 3024 3729 ς
3050 3663 3310 3720 ordinati
3345 3668 3548 3721 tamen
3601 3666 3680 3722 ab

2021 3753 2300 3807 Anthimo
2326 3753 2474 3806 sacri
2493 3752 2620 3815 viri,
2656 3752 2734 3806 ad
2757 3752 3250 3808 communionem
3270 3753 3519 3810 admissi
3539 3760 3681 3810 sunt

2021 3841 2609 3913 quotquothaaretico
2632 3841 2815 3896 errori
2832 3841 3272 3898 valedixerunt:
3302 3844 3500 3899 Severi
3518 3844 3680 3900 enim

2019 3931 2294 3986 haeresim
2324 3930 2567 3986 fovebat
2588 3931 2925 3988 Anthimus.
2953 3934 3279 4003 Postquam
3309 3948 3448 3988 vero
3475 3936 3681 3989 Mono-

2020 4020 2359 4075 thelitarum
2395 4021 2660 4091 pessima
2689 4020 2926 4075 hau-esis
2959 4025 3164 4076 exorta
3194 4027 3300 4087 est,
3349 4037 3680 4095 quemnam

2019 4110 2098 4165 ab
2124 4111 2214 4164 his
2241 4109 2583 4164 ordinatum
2619 4117 2778 4164 sexta
2810 4109 3084 4181 synodus
3115 4126 3238 4166 non
3265 4111 3511 4167 admisit
3561 4113 3682 4182 (cui

2019 4199 2337 4269 caateroqui
2370 4203 2669 4269 praeerant
2689 4199 2920 4267 Agatho
2952 4200 3256 4254 Romanus
3284 4215 3467 4273 papa,
3511 4203 3684 4257 Geor-

2021 4290 2154 4358 gius
2178 4286 2896 4359 Constantinopolitanus,
2928 4305 2999 4343 ac
3040 4289 3435 4362 Theophanes
3483 4290 3682 4346 Antio-

2021 4380 2168 4434 chen
2181 4391 2268 4448 us)
2282 4377 2525 4433 simodo
2561 4379 2838 4434 haeresim
2854 4378 3129 4450 ejuravit,
3157 4379 3682 4454 orthodoxamque

2022 4467 2203 4521 fidem
2237 4466 2545 4538 professus
2577 4471 2665 4521 est
2697 4467 2724 4520 ‘.’
2752 4471 2895 4522 Item
2942 4467 3356 4524 Rhinotmetus
3403 4469 3684 4526 Justinia-

2023 4571 2136 4611 nus
2153 4563 2164 4605 ι
2180 4555 2461 4610 ζειΙΙίειυω
2476 4556 2917 4612 sanctissimum
2936 4558 3537 4631 Constantinopoleos
3558 4560 3682 4632 epi-

2025 4661 2276 4716 scopum
2299 4646 2515 4715 injuste
2541 4645 2770 4717 depulit
2791 4646 2953 4716 sede,
2999 4648 3284 4720 regiaque
3327 4648 3476 4704 urbe
3515 4649 3686 4719 fuga-

2027 4743 2151 4792 tum
2183 4743 2237 4791 et
2267 4742 2634 4792 excaecatum
2659 4738 2737 4791 ad
2764 4744 3024 4793 veterem
3056 4740 3311 4795 Romam
3338 4739 3637 4811 ablegavit
3663 4757 3679 4798 :

2027 4828 2245 4897 Cyrum
2277 4834 2476 4881 autem
2494 4827 2862 4882 monachum
2885 4828 3207 4892 inclusum,
3235 4845 3309 4885 ex
3345 4831 3680 4888 Amastride

2025 4916 2171 4971 urbe
2203 4918 2481 4980 accitum,
2511 4918 2570 4972 in
2601 4918 2861 4988 praedicti
2894 4919 3148 4974 statione
3177 4919 3508 4989 collocavit,
3535 4923 3682 4994 quia

2024 5007 2380 5078 praedixerat
2407 5007 2518 5079 ipsi
2540 5007 2797 5064 reditum
2837 5009 2898 5065 in
2940 5009 3170 5079 regiam
3217 5011 3449 5077 urbem,
3501 5017 3682 5085 atque

2023 5096 2254 5168 imperii
2271 5097 2807 5168 recuperationem.
2822 5099 3186 5172 Philippicus
3204 5116 3348 5156 vero
3379 5102 3683 5158 Bardanes

2024 5186 2344 5257 imperium
2371 5188 2646 5257 adeptus,
2675 5194 2731 5242 et
2753 5193 2980 5243 sextam
3005 5189 3305 5261 synodum
3326 5191 3682 5264 antiquavit,

2022 5282 2086 5330 ut
2108 5277 2235 5347 ipse
2258 5276 2530 5348 putabat,
2561 5276 2858 5333 celebrato
2881 5278 3056 5334 stulte
3074 5279 3364 5335 adversus
3386 5296 3519 5336 eam
3541 5297 3682 5338 con-

2023 5365 2157 5420 cilio
2187 5365 2270 5432 (id
2291 5365 2451 5420 enim
2486 5383 2549 5421 se
2572 5365 2870 5422 facturum
2907 5368 3267 5440 promiserat
3313 5369 3682 5428 Callistratici

2022 5455 2279 5510 caanobii
2307 5457 2610 5512 monacho
2639 5457 2743 5529 qui
2775 5457 2825 5512 ei
2853 5457 3172 5530 imperium
3213 5459 3522 5516 ominatus
3560 5460 3684 5518 fue-

2091 5599 2205 5670 (tt)
2239 5599 2491 5677 Imo_hic
2544 5600 2759 5677 dicitur
2799 5601 3140 5677 qulinicus
3181 5603 3261 5660 ab
3319 5605 3680 5677 Ephraemio,

2019 5685 2330 5744 anonymo
2361 5672 2748 5742 Barocciano,
2779 5672 3054 5747 aliisque.
