4468 6450
791 427 893 485 ⁸791
2113 423 2450 485 ΜΕΤΗΟΒΙῙ
2485 424 2816 484 ΠΟΝΑΟΗΙ.
4048 430 4155 484 792

791 549 942 621 rat);
970 548 1384 623 etpatriarcha
1404 554 1813 610 exauctorato.
1832 554 2128 609 Joannem
2155 553 2457 608 consecta-
2486 554 2535 607 Α

2392 564 2457 607 a-
2486 554 2535 607 Α
2562 557 2654 611 τῆς
2681 550 2865 622 (τοῦτο
2892 551 2992 625 γὰρ
3025 547 3086 609 ἦν
3115 550 3432 623 ύποσχεθεὶς
3488 555 3560 621 τῷ
3591 547 3639 602 έν
3702 557 3763 622 τῇ
3830 556 3924 605 τοῦ
3975 550 4156 607 Καλλι-

790 654 976 699 neum
1000 654 1180 695 suum
1210 638 1403 710 elegit,
1427 640 1531 714 qui
1556 640 1820 698 fervidus
1864 640 2107 697 nefariae
2151 637 2453 696 Monothe-

2396 652 2453 693 e-
2566 641 2792 712 στράτου
2835 649 2963 713 μονῇ
3019 644 3127 693 ὄντι
3179 639 3476 713 ἐγκλείστῳ,
3524 641 3608 692 ὅτε
3660 639 3800 711 αύτῷ
3857 644 3945 699 τὴν
3989 640 4156 713 βασι-

788 727 1033 786 litarum
1062 727 1357 785 haereseos
1402 732 1638 786 amator
1680 733 1827 786 erat.
1880 729 2179 786 Artemius
2229 730 2453 797 autem,

2388 743 2453 797 n,
2562 726 2701 781 λείαν
2734 726 3177 804 έχρησμοδότησε
3205 732 3247 801 ),
3281 749 3367 782 τον
3392 732 3482 803 μὶν
3511 731 3849 806 πατριάρχην
3881 729 4152 797 έξὼθησεν,

791 816 891 887 qui
908 819 964 871 et
981 816 1329 872 Anastasius
1353 816 1689 881 dicebatur,
1713 833 1852 874 cum
1875 817 2109 887 regium
2148 820 2450 889 sceptrum

2392 831 2450 870 nl
2562 816 2801 877 Ἰωάννην
2860 816 2919 873 δε
2976 815 3229 891 ὁμόδοξον
3320 818 3461 888 αύτῷ
3513 817 3845 893 προεϐάλετο,
3899 815 4153 892 διάπυρον

790 903 1207 971 aﬂ'ectavisset,
1241 906 1449 978 Cyzico
1480 907 1778 966 transtulit
1798 907 1876 965 ad
1920 907 2097 977 regiae
2145 904 2314 962 urbis
2364 920 2451 960 se-

2383 920 2451 960 ie-
2560 908 2681 957 ὄντα
2709 912 2803 966 τῆς
2829 914 2928 959 τῶν
2984 906 3346 963 Μονοθελητῶν
3384 901 3559 969 δεινῆς
3624 908 3865 979 αἱρέσεως
3910 906 4147 980 ἐραστὴν.

788 994 931 1053 dem
958 1000 1237 1053 sanctum
1268 997 1654 1064 Germanum,
1686 997 1915 1055 Joanne
1946 999 2156 1068 ejecto,
2194 995 2301 1069 qui
2337 994 2449 1052 ad-

2391 994 2449 1050 1-
2560 992 2825 1069 Ἀρτέμιος
2895 991 2954 1049 δὲ
3040 997 3066 1048 ό
3122 998 3211 1047 καὶ
3291 994 3639 1057 Ἀναστάσιος
3709 995 3995 1069 λεγόμενος,
4058 1004 4155 1049 τῶν

787 1100 1001 1145 versus
1043 1100 1277 1142 sacram
1338 1091 1569 1144 sextam
1625 1086 1951 1159 synodum,
1998 1090 2063 1144 ut
2102 1086 2245 1154 dixi,
2286 1084 2448 1141 fure-

2392 1100 2448 1141 Β·-
2560 1087 2832 1157 σκήπτρων
2890 1090 2982 1144 τῆς
3074 1082 3347 1156 βασιλείας
3424 1081 3647 1158 ἐραστής
3705 1088 3986 1158 γενόμενος,
4055 1084 4156 1138 ἀπὸ

786 1173 915 1230 bat.
2558 1171 2790 1233 Κυζίκου
2864 1175 2993 1245 πρὸς
3056 1176 3143 1225 τὸν
3202 1179 3296 1235 τῆς
3353 1171 3738 1245 βασιλευούσης
3818 1175 3992 1249 θρόνον
4070 1176 4158 1226 τόν

787 1263 935 1336 ἅγιον
975 1266 1243 1339 Γερμαμόν
1280 1267 1549 1338 μετέθηκε,
1590 1268 1937 1328 κατασπάσας
1982 1270 2068 1320 τὸν
2126 1265 2389 1333 Ἰωάννην,
2447 1264 2533 1314 τὸν
2582 1264 2716 1315 κατά
2780 1268 2875 1323 τῆς
2935 1264 3073 1335 ἱερᾶς
3136 1263 3289 1323 ἕκτης
3347 1258 3595 1331 συνόδου,
3650 1266 3720 1325 ὡς
3775 1266 3998 1338 εἴρηται,
4065 1263 4159 1317 λυτ

786 1358 847 1415 τη
858 1372 1044 1409 σαντα.

859 1446 918 1497 9.
952 1444 1034 1498 Ex
1058 1457 1181 1514 quo
1199 1445 1401 1500 autem
1433 1442 1672 1501 arcanis
1702 1445 1800 1501 Dei
1826 1444 2070 1516 judiciis
2127 1446 2241 1501 Leo
2291 1443 2448 1499 Isau-

2396 1458 2448 1498 ιι-
2632 1437 2697 1495 θ’.
2731 1442 2854 1491 Επεὶ
2886 1435 2946 1491 δε
2971 1443 3222 1513 κρίμασιν
3252 1439 3328 1502 οἷς
3368 1436 3480 1493 οἶδε
3518 1442 3670 1509 Θεὸς,
3724 1444 3865 1494 Λέων
3895 1459 3921 1493 ο
3977 1440 4160 1495 Ἰσαυ-

785 1530 946 1588 ricus
974 1530 1499 1603 imperiihabenas
1546 1533 1849 1607 corripuit,
1906 1537 2168 1607 postque
2216 1547 2446 1589 nonum

2396 1547 2446 1587 ω
2557 1546 2642 1599 ρος
2666 1535 2755 1589 τῆς
2799 1526 3074 1601 βασιλείας
3130 1530 3416 1600 ἑγκατέστη
3449 1532 3649 1602 κύριος,
3700 1535 3789 1582 καὶ
3841 1533 3971 1603 μετά
4023 1535 4160 1603 χρό-

785 1619 953 1689 regni
985 1622 1076 1675 sui
1108 1622 1839 1679 annumiconomachiam
1872 1625 2217 1689 commovit,
2244 1624 2291 1679 is
2314 1637 2449 1677 san-

2394 1637 2449 1676 [ι-
2556 1635 2639 1668 νον
2664 1618 2866 1669 ἔννατον
2896 1624 2993 1679 τῆς
3032 1616 3311 1690 βασιλείας
3364 1621 3459 1676 τήν
3523 1618 3894 1692 εἰκονομαχίαν
3934 1618 4158 1688 ἐκίνησε,

786 1713 951 1809 ctum
972 1709 1216 1780 quidem
1238 1712 1623 1812 Germanum,
1648 1711 2141 1812 obj‘urgationum
2163 1712 2293 1782 ejus
2322 1711 2448 1812 ‘im-
2478 1758 2520 1812 Β

2391 1726 2448 1766 [ι-
2478 1758 2520 1812 B
2557 1708 2645 1758 τόν
2705 1708 2795 1777 μὲν
2847 1705 2995 1776 ἅγιον
3062 1710 3319 1781 Γερμανὸν
3397 1704 3659 1780 ἐξόριστον
3726 1707 4031 1773 ἐποιήσατο,
4085 1713 4155 1783 μὴ

2608 1796 2618 1809 ,
2822 1797 2831 1810 .
3014 1794 3026 1812 .
3105 1794 3118 1811 ,
3196 1802 3214 1810 _
3253 1794 3324 1812 ,η
3580 1798 3621 1812 ..
3857 1801 3869 1812 ,
3960 1795 3996 1812 ι.
4114 1804 4123 1812 .

785 1798 1043 1870 patiens,
1096 1803 1389 1856 extorrem
1444 1800 1601 1864 fecit,
1662 1801 1989 1875 sedemque
2046 1800 2446 1873 metropolcos
2478 1794 2520 1812 "

2396 1816 2446 1857 )3
2478 1794 2520 1812 ⁵³
2560 1796 2720 1869 φέρων
2750 1797 2871 1854 τοὺς
2902 1794 3026 1868 παρ’
3056 1794 3216 1847 αὐτοῦ
3246 1794 3516 1867 ἐλέγχους,
3580 1798 3910 1870 Ἀναστασίῳ
3949 1795 4008 1853 δὲ
4072 1804 4160 1854 τὸν

785 1887 1103 1945 Anastasio
1122 1889 1434 1947 concessit.
1465 1892 1595 1948 Jam
1620 1891 2063 1964 quinquaginta
2109 1895 2167 1947 et
2218 1894 2445 1965 septem

2397 1898 2445 1946 [η
2557 1891 2649 1943 τῆς
2679 1882 2872 1944 πόλεως
2912 1881 3197 1958 ἐνεχείρισε
3227 1886 3406 1959 θρόνον
3439 1906 3452 1918 ·
3500 1890 3591 1938 καὶ
3646 1893 3737 1947 τῆς
3789 1888 4161 1959 εἰκονομαχίας

787 1992 1087 2034 annorum
1116 1970 1450 2047 intervallo,
1485 1994 1608 2053 quo
1629 1980 2047 2037 iconomachia
2076 1980 2448 2037 debacchata

2394 1984 2448 2036 [ει
2557 1974 2753 2034 ταύτης
2801 1976 3119 2030 πεντήκοντα
3165 1978 3256 2025 καὶ
3309 1973 3439 2026 έπτὰ
3482 1970 3829 2048 διαμεινάσης
3877 1974 4158 2043 ἐνιαυτοὺς,

786 2066 1396 2138 est,complurium,ut
1416 2084 1663 2125 necesse
1682 2074 1827 2137 erat,
1846 2068 2027 2140 hujus
2042 2068 2445 2142 metropoleos

2397 2085 2445 2124 ω
2556 2061 2786 2129 πλείους,
2813 2065 2883 2123 ὡς
2921 2060 3070 2132 εἰκός,
3114 2063 3249 2113 κατὰ
3304 2058 3574 2135 διαδοχὴν
3623 2063 3849 2135 ἐγίνοντο
3907 2068 4161 2141 πατριάρ-

785 2154 1267 2228 patriarcharum
1289 2158 1591 2214 successio
1618 2158 1758 2214 fuit:
1784 2158 1979 2215 donec
1999 2162 2169 2216 aetate
2199 2158 2447 2231 patriar-

2398 2174 2447 2213 ιι-
2556 2170 2658 2224 χαι
2687 2159 2783 2211 τῆς
2814 2150 3006 2212 πόλεως
3044 2170 3239 2212 ταυτης
3273 2168 3286 2182 ’
3319 2153 3534 2228 ύστερον
3586 2150 3646 2207 δε
3691 2152 3774 2207 έπὶ
3819 2156 4023 2230 ἡμερῶν
4071 2159 4160 2229 μεν

784 2244 912 2302 chaa
943 2244 1190 2315 Tarasii,
1225 2245 1622 2317 regnantibus
1655 2249 1819 2304 lrene
1860 2262 2089 2317 magna
2136 2263 2277 2303 cum
2322 2246 2446 2303 ﬁlio

2398 2246 2446 2303 io
2555 2244 2824 2315 Ταρασίου
2862 2242 3223 2314 πατριάρχου,
3260 2239 3518 2313 βασιλέων
3552 2238 3612 2295 δε
3663 2242 3883 2317 Εἰρήνης
3925 2253 4023 2306 τῆς
4074 2264 4162 2317 με·

782 2334 1193 2401 Constantino,
1210 2334 1465 2407 septima
1479 2335 1751 2408 synodus
1775 2336 1997 2393 coaluit
2020 2337 2224 2408 ;cujus
2244 2342 2444 2392 tamen

2394 2352 2444 2391 ιη
2555 2330 2720 2402 γάλης
2748 2334 2838 2381 καὶ
2867 2334 3257 2383 κωνσταντίνου
3295 2338 3386 2383 τοῦ
3429 2333 3625 2395 ταύτης
3681 2334 3818 2399 υἱοῦ,
3874 2336 3903 2393 ἡ
3962 2330 4158 2407 ἑϐδόμη

774 2423 949 2493 jussu
972 2438 1151 2479 nemo
1175 2423 1484 2497 depositus
1515 2430 1620 2490 est,
1654 2426 1759 2497 qui
1780 2426 1858 2482 ab
1899 2425 2317 2483 Iconomachis
2354 2440 2446 2482 or-

2397 2441 2446 2482 ιο-
2560 2420 2916 2493 συνεκροτήθη
2953 2416 3177 2482 σύνοδος
3215 2437 3228 2451 ο
3276 2424 3365 2473 καὶ
3396 2417 3567 2483 οὐδεὶς
3620 2420 3911 2485 ἀπόϐλητος
3958 2427 4161 2496 γέγονεν

778 2510 1152 2569 dinationem
1178 2514 1530 2587 accepisset,
1559 2514 1608 2571 si
1637 2515 1822 2571 modo
1877 2520 2104 2572 sectam
2144 2516 2400 2587 ejuravit
2427 2532 2442 2583 ;

2397 2532 2442 2583 ,ς
2555 2512 2625 2571 ὡς
2666 2510 2811 2584 παρά
2838 2516 2941 2561 τῶν
2998 2508 3372 2582 Εἰκονομάχων
3422 2513 3518 2568 τὴν
3564 2516 3892 2584 χειροτονίαν
3942 2509 4161 2586 δεξάμε-

783 2602 1050 2674 exceptis
1071 2602 1368 2659 haereseos
1384 2604 1727 2661 auctoribus
1744 2610 1801 2661 et
1817 2606 2247 2676 antesignanis,
2267 2605 2360 2661 vel
2394 2604 2444 2660 si

2397 2604 2444 2660 si
2553 2617 2657 2667 νος,
2718 2602 2871 2671 μόνον
2925 2597 2969 2651 εἰ
3018 2602 3113 2657 τὴν
3166 2600 3367 2673 αἰρεσιν
3436 2603 3633 2658 ταύτην
3673 2598 3995 2655 ἀπεϐάλετο·
4027 2604 4161 2661 πλὴν

783 2691 919 2763 quis
940 2690 1019 2747 ad
1038 2690 1221 2747 tinem
1252 2708 1446 2766 usque
1475 2693 1868 2766 pertinaciam
1890 2680 2271 2751 retinuit.Sed
2283 2711 2441 2768 ecce,

2399 2711 2441 2768 ε,
2551 2694 2652 2740 τῶν
2690 2691 3016 2761 πρωταιτίων
3062 2692 3152 2740 καὶ
3200 2686 3455 2763 ἀρχηγῶν
3510 2697 3607 2751 τῆς
3650 2692 3917 2764 αἱρέσεως,
3975 2695 4063 2742 καὶ
4120 2692 4163 2743 εἶ

779 2778 1469 2852 postreligiosissimum
1520 2781 1946 2855 Curopalatam
1994 2783 2441 2856 imperatorem,

2402 2800 2441 2847 ι,
2553 2781 2630 2838 τίς
2697 2796 2797 2829 που
2874 2773 3123 2849 διέμεινεν
3190 2777 3259 2840 εἰς
3334 2777 3477 2840 τέλος
3546 2775 3832 2839 ἀνένδοτος.
3875 2778 4038 2833 Πάλιν
4105 2778 4166 2836 δὲ

787 2870 902 2924 Leo
926 2870 1242 2925 Armenius
1255 2875 1549 2943 occupata
1562 2872 2292 2945 tyrannide,consopitam
2322 2873 2443 2930 ico-

2403 2890 2443 2928 )-
2554 2866 2769 2940 ὕστερον
2799 2869 2931 2939 μετὰ
2981 2870 3068 2919 τόν
3124 2866 3531 2941 Κουροπαλάτην
3582 2867 3953 2921 εὐσεϐέστατον
4006 2868 4167 2943 βασι-

780 2958 1169 3015 nomachiam
1219 2960 1545 3031 suscitavit,
1598 2966 1996 3036 sanctumque
2044 2962 2443 3034 Nicephorum

2404 2979 2443 3017 ῃ
2554 2955 2643 3009 λέα
2706 2959 2846 3009 Λέων
2903 2975 2929 3009 ο
2988 2954 3276 3030 Ἀρμένιος,
3344 2962 3439 3015 τήν
3520 2956 3796 3029 βασιλείαν
3852 2968 4168 3032 τυραννικῶς

782 3052 987 3120 erepto
1019 3048 1174 3120 pedo
1207 3049 1266 3104 in
1299 3049 1579 3107 exsilium
1616 3051 1866 3126 pepulit.
1927 3053 2102 3109 Leoni
2161 3051 2448 3109 successit
2481 3110 2515 3126 η

2404 3051 2448 3109 it
2481 3110 2515 3126 Π
2559 3042 2857 3118 δεξάμενος,
2887 3049 2981 3103 τὴν
3012 3043 3384 3117 εἰκονομαχίαν
3440 3048 3731 3099 παυθεῖσαν
3783 3044 3891 3107 ἤδη
3956 3046 4167 3121 ἀνήγει-

784 3110 1037 3194 Micbael
1066 3137 1303 3205 Balbus,
1327 3139 1465 3195 huic
1488 3110 1645 3197 ﬁlius
1666 3110 2055 3214 Theophilus.
2082 3142 2317 3197 Cunctis
2339 3157 2445 3198 au-
2478 3110 2517 3166 C

2404 3158 2445 3197 ι-
2478 3110 2517 3166 C
2559 3154 2613 3209 ρε
2645 3139 2773 3187 ’καὶ
2817 3137 2905 3186 τόν
2961 3134 3109 3206 ἅγιον
3168 3138 3467 3209 Νικηφόρον
3540 3142 3633 3188 τοῦ
3693 3138 3875 3209 θρόνου
3929 3156 4168 3209 καταγα-

790 3231 910 3282 tem
945 3242 1050 3281 sex
1078 3232 1133 3282 et
1155 3228 1357 3297 viginti
1419 3230 1617 3299 annis,
1676 3230 1899 3303 quibus
1946 3231 2006 3287 hi
2060 3231 2319 3287 haeretici
2360 3236 2449 3303 ty-

2402 3248 2449 3297 ρ.
2558 3229 2682 3297 γὼν³
2732 3223 2967 3299 ἐξώρισε.
3000 3231 3190 3278 Τοῦτον
3250 3220 3521 3288 διεδέξατο
3567 3226 3791 3297 Μιχαὴλ
3834 3246 3860 3279 ο
3910 3227 4166 3301 Τραυλός,

782 3314 1102 3371 rannidem
1125 3322 1538 3388 exercuerunt,
1560 3334 1741 3375 nemo
1759 3319 1879 3376 fere
1891 3319 2263 3376 orthodoxus
2277 3320 2452 3376 exsti-

2408 3320 2452 3375 i.
2559 3318 2649 3366 καὶ
2680 3333 2704 3366 ο
2733 3316 2921 3367 τούτου
2965 3315 3074 3375 υἱός
3130 3312 3398 3386 Θεόφιλος.
3434 3314 3513 3368 Ἐν
3569 3314 3705 3375 ὅλοις
3758 3311 3817 3368 δε
3862 3319 4027 3368 εἴκοσι
4077 3320 4168 3368 καὶ

784 3403 853 3462 tit
873 3404 1233 3477 patriarcha.
1267 3408 1688 3464 Verumtamen
1712 3414 1848 3481 post
1875 3409 2183 3481 Theophili
2216 3409 2448 3466 obitum

2405 3425 2448 3466 ῃ
2561 3403 2824 3469 ἐξέτισεν,
2859 3404 2935 3465 οἰς
2973 3404 3021 3454 οἱ
3066 3402 3306 3476 ῥηθέντες
3354 3400 3460 3462 ἤδη
3508 3406 3759 3479 αἱρετικοὶ
3817 3410 4169 3479 τυραννήσαν-

790 3494 1335 3564 magnaTheodora
1347 3497 1755 3568 patriarcham
1774 3496 1909 3553 fecit
1924 3498 2284 3554 Methodium
2311 3514 2451 3554 san-

2404 3514 2451 3553 ι-
2561 3512 2639 3554 τες
2683 3491 3085 3565 ἀναγράφονται,
3144 3488 3318 3555 οὐδεὶς
3377 3489 3576 3564 σχεδόν
3630 3490 4004 3567 διαμεμένηκεν
4068 3494 4168 3571 ἀρ-

787 3583 1156 3651 ctissimum;
1188 3585 1293 3656 qui
1314 3586 1584 3659 quidem,
1620 3586 2013 3657 suffragatore
2034 3588 2187 3645 inter
2205 3592 2455 3645 caeteros

2403 3604 2455 3644 )3
2562 3585 2773 3655 χιερεὺς
2824 3578 3123 3655 όρθόδοξος.
3185 3583 3328 3635 Μετά
3380 3578 3440 3635 δε
3495 3584 3582 3634 τόν
3638 3584 3855 3636 θάνατον
3914 3584 4167 3656 Θεοφίλου

787 3672 1141 3745 consiliique
1164 3678 1405 3730 auctore
1424 3690 1649 3746 magno
1672 3677 1929 3733 ascetico
1944 3677 2277 3743 Joannicio,
2312 3677 2454 3733 utin

2405 3692 2454 3733 λιι
2562 3675 2650 3723 τόν
2698 3672 2985 3743 ἁγιώτατον
3028 3668 3288 3725 Μεθόδιον
3329 3675 3670 3747 πατριάρχην
3700 3675 3731 3731 ἡ
3773 3672 3972 3746 μεγάλη
4032 3682 4169 3727 θεο-

788 3762 970 3831 hujus
1014 3763 1138 3819 Vita
1170 3764 1365 3834 legere
1395 3770 1501 3834 est,
1553 3770 1801 3822 cunctos
1850 3766 1928 3824 ab
1977 3767 2193 3824 haeresi
2242 3767 2453 3841 resipi-

2408 3767 2453 3823 i.
2566 3756 2714 3833 δώρα
2738 3758 3162 3818 ἀποκατέστησεν
3192 3761 3307 3829 (12)
3338 3777 3348 3788 ·
3384 3759 3439 3821 ὃς
3469 3762 3663 3821 πάντας
3716 3758 3929 3825 ἐδέξατο
3990 3781 4172 3815 συναι-

791 3856 1023 3907 seentes
1051 3850 1112 3907 iu
1136 3854 1631 3912 communionem
1655 3856 1895 3929 recepit.

2563 3853 2699 3902 νέσει
2745 3855 2835 3903 καὶ
2895 3848 3171 3922 συμϐουλῇ
3227 3869 3317 3902 και
3367 3856 3459 3902 τού
3515 3853 3741 3922 μεγάλου
3805 3849 3853 3903 έν
3908 3852 4174 3913 ἀσκηταῖς

2567 3938 2907 4007 Ἰωαννικίου,
2939 3942 3007 4001 ὡς
3036 3941 3186 3993 ἴσμεν
3240 3941 3295 3991 ἐκ
3347 3937 3521 3990 τῶνίν
3573 3947 3642 4011 τῷ
3694 3938 3797 4011 βίῳ
3854 3939 4015 3992 αὐτοῦ
4055 3947 4177 4015 περὶ

2565 4032 2762 4081 τούτων
2793 4032 3099 4104 φερομένων,
3128 4030 3244 4081 όσοι
3300 4025 3509 4088 δηλαδὴ
3566 4030 3765 4101 αἰρεσιν
3823 4028 4175 4103 ἐξωμόσαντο.

870 4125 955 4176 10.
989 4124 1155 4177 Nunc
1186 4121 1459 4177 animum
1490 4124 1728 4179 attende
1757 4124 1835 4180 ad
1868 4140 1939 4181 ea
1988 4141 2233 4198 quoque
2283 4140 2457 4181 scan-

2418 4143 2457 4181 ι-
2643 4119 2699 4172 ι’.
2757 4124 2996 4177 Ζήτησον
3026 4124 3115 4171 καὶ
3162 4120 3227 4171 τὰ
3293 4124 3412 4191 περὶ
3462 4122 3550 4170 τόν
3607 4124 4048 4192 παρανομώτατον
4090 4125 4182 4172 καὶ

792 4210 934 4266 dala
958 4226 1094 4282 quae
1122 4209 1396 4265 Ecclesiae
1427 4218 1672 4283 propter
1702 4213 2227 4286 improbissimum
2250 4219 2459 4269 contu-

2420 4230 2459 4269 ι-
2570 4206 2896 4279 ἀφηνιαστην
2959 4209 3172 4280 Ἰωσηφ,
3213 4212 3298 4260 τόν
3356 4216 3449 4269 τῆς
3507 4206 3822 4269 Ἐκκλησίας
3878 4212 3994 4261 τότε
4046 4210 4184 4261 οἰκο-

794 4315 1152 4372 macemque
1174 4300 1524 4372 Josephum,
1548 4302 1737 4374 ipsius
1761 4302 2031 4358 Ecclesiae
2050 4320 2457 4371 (economum,

2425 4322 2457 4371 ι⁹
2572 4303 2746 4371 νόμον,
2809 4302 3123 4369 γεγενημένα
3195 4294 3469 4350 σκάνδαλα
3542 4296 3592 4349 ἐν
3648 4305 3710 4369 τῇ
3778 4297 4032 4371 ἐφημερίᾳ
4082 4299 4189 4353 Τα-

794 4389 1159 4455 acciderunt,
1216 4390 1442 4445 Tarasii
1502 4396 1559 4446 et
1607 4392 1927 4463 Nicephori
1980 4393 2461 4464 patriarcharum

2422 4411 2461 4448 ιι
2574 4390 2762 4461 ρασίου
2802 4390 2893 4438 καὶ
2944 4390 3246 4459 Νικηφόρον
3310 4394 3407 4437 τῶν
3465 4386 3767 4457 ἁγιωτάτων
3812 4396 4186 4461 πατριαρχῶν,

794 4478 1332 4545 sanctissimorum,
1365 4495 1476 4534 nec
1508 4496 1631 4535 non
1671 4481 1971 4538 Theodori
2007 4482 2271 4549 Studitze,
2318 4487 2463 4539 tem-
2499 4469 2540 4522 Ῑ)

2422 4500 2463 4538 ι-
2499 4469 2540 4522 D
2575 4483 2664 4529 καὶ
2692 4474 2968 4551 Θεοδώρου
3001 4484 3091 4528 τού
3123 4473 3407 4528 Στουδίτου
3450 4482 3539 4529 καὶ
3593 4475 3914 4548 ὁμολογητου
3952 4497 3963 4509 ~
3998 4474 4186 4535 ἐπειδὴ

794 4567 1063 4640 poribus.
1086 4568 1186 4623 Hic
1208 4568 1698 4641 enimJosephus,
1725 4585 1863 4626 cum
1890 4571 2314 4626 Constantinus
2336 4587 2463 4627 ma-

2428 4596 2463 4627 ι-
2576 4566 2762 4628 ἐκεῖνος
2811 4570 2897 4619 τὸν
2962 4574 3058 4628 τῆς
3122 4566 3352 4637 μεγάλης
3408 4566 3631 4638 Εἰρήνης
3684 4568 3794 4617 υἱόν
3853 4572 4192 4619 Κωνσταντί-

797 4673 929 4728 gnte
980 4660 1175 4712 lrcnes
1224 4656 1385 4713 ﬁlius
1427 4660 1742 4730 repudiata
1812 4676 1995 4716 uxore
2066 4659 2465 4716 adulterinam

2430 4676 2465 4715 [ι
2576 4676 2658 4709 νον
2697 4654 2974 4708 ἐκϐαλόντα
3025 4660 3118 4713 τὴν
3157 4655 3349 4708 οἰκείαν
3404 4661 3654 4727 γαμετὴν,
3709 4659 3797 4706 καὶ
3844 4655 4000 4714 ἄλλην
4071 4677 4194 4728 μοι·

796 4746 979 4804 aliam
999 4762 1104 4818 per
1132 4746 1303 4802 nefas
1335 4751 1462 4803 toro
1492 4748 1799 4821 reciperet,
1834 4750 2161 4822 Josephus,
2187 4748 2463 4822 inquam,

2429 4767 2463 4817 ι,
2576 4754 2747 4819 χικῶς
2786 4744 3203 4817 ἐπεισαγαγόντα
3249 4752 3309 4817 τῇ
3393 4748 3613 4819 σφετέρᾳ
3670 4749 3818 4818 κοίτη
3872 4752 4193 4819 παρανόμως

794 4836 1021 4908 nuptiis
1064 4835 1366 4892 benedixit
1406 4843 1614 4894 contra
1662 4841 1852 4895 sancti
1895 4839 2119 4896 Tarasii
2158 4840 2415 4895 vetitum
2450 4857 2462 4895 :

2450 4857 2462 4895 :
2578 4836 2876 4907 εὐλόγησεν,
2920 4833 3270 4907 ἀπειπαμένου
3330 4836 3515 4886 τούτου
3554 4839 3820 4908 Ταρασίου
3874 4842 3965 4887 τοῦ
4025 4837 4190 4905 ἱεροῦ·

797 4943 966 4999 aquo
983 4926 1607 4999 Josepliusimprobus
1628 4931 2187 4985 excommunicatus
2215 4933 2324 4996 est,
2344 4944 2468 4985 non

2428 4944 2468 4985 ιι
2578 4927 2653 4994 ὃς,
2702 4929 2793 4977 καί
2844 4925 3148 4998 καθαιρέσει
3199 4928 3285 4976 τόν
3335 4924 3562 4996 ἄθεσμον
3637 4923 3908 4976 ὑποϐαλὼν
3966 4924 4192 4997 Ἰωσήφ,

796 5022 1000 5073 tamen
1031 5018 1090 5072 in
1122 5023 1516 5089 perpetuum:
1554 5019 1771 5075 etenim
1811 5020 2035 5075 invitus
2065 5020 2200 5075 licet
2248 5018 2464 5092 plane-

2437 5048 2464 5063 ..
2577 5015 2636 5067 οὗ
2667 5020 2821 5087 μόνον
2851 5014 2923 5077 εἰς
2949 5013 3086 5075 τέλος
3118 5013 3211 5066 οὐκ
3261 5016 3506 5085 ἴσχυσεν,
3564 5012 3690 5065 ἀλλά
3744 5018 3835 5065 καὶ
3893 5014 3960 5074 εἰς
4003 5033 4194 5066 κοινω-

796 5122 916 5180 que
941 5106 1152 5161 nolens
1182 5108 1456 5163 Tarasius
1482 5113 1728 5164 coactus
1790 5115 1876 5164 est
1931 5109 2100 5165 illum
2146 5124 2355 5164 rursus
2406 5108 2467 5164 in

2431 5123 2467 5164 [ι
2576 5110 2688 5157 νίαν
2720 5101 2866 5164 αὖθις
2896 5111 3127 5156 τοιοῦτον
3181 5099 3392 5165 ἐδέξατο
3456 5123 3468 5136 ο
3518 5104 3656 5155 ἄκων
3699 5107 3789 5175 μὲν
3845 5104 4050 5164 πάντως
4096 5110 4195 5155 καὶ

799 5196 1296 5252 communionem
1327 5197 1589 5270 recipere
1607 5214 1642 5253 a
1664 5199 2051 5254 Constantino
2074 5199 2463 5271 imperatore;

2450 5216 2463 5266 ;
2578 5199 2649 5267 μὴ
2686 5193 3031 5268 βουλόμενος·
3060 5192 3192 5250 πλὴν
3223 5188 3430 5255 ἐδέξατο
3487 5191 3729 5265 βιασθεὶς
3771 5196 3896 5265 πρὸς
3948 5200 4043 5245 τοῦ
4090 5191 4198 5265 βα-

798 5285 903 5358 qui
934 5284 1183 5357 impiam
1214 5285 1696 5342 iconomachiam
1742 5286 1986 5343 feliciter
2028 5302 2461 5359 compressam,

2434 5308 2461 5359 ι,
2581 5284 2756 5345 σιλέως
2834 5287 3243 5347 Κωνσταντίνου,
3304 5284 3565 5356 ἀνεγεῖραι
3636 5280 4007 5354 ἀπειλουμένου
4096 5302 4198 5335 κα-

799 5376 1229 5431 suscitaturum
1252 5391 1314 5430 se
1346 5376 1592 5433 sceleste
1626 5377 1990 5443 minabatur,
2021 5377 2135 5431 nisi
2162 5376 2267 5449 qui
2313 5375 2466 5434 bene

2434 5392 2466 5434 θ
2577 5382 2681 5435 κῶς
2719 5375 2810 5433 τὴν
2877 5369 2983 5431 ἤδη
3043 5371 3209 5432 καλῶς
3264 5372 3552 5423 παυθεῐσαν
3621 5368 3857 5430 δυσσεϐῆ
3921 5371 4196 5445 εἰκονομα-

799 5466 1033 5521 dixerat
1069 5464 1295 5537 nuptiis
1324 5464 1447 5520 suis
1476 5465 1815 5538 Josephum
1854 5465 2197 5539 patriarcha
2244 5464 2467 5539 recipe-

2429 5481 2467 5521 g-
2575 5469 2723 5537 χίαν,
2759 5464 2803 5515 εἰ
2829 5463 2901 5525 εἰς
2929 5462 3065 5523 τέλος
3130 5458 3349 5523 ἄδεκτος
3422 5465 3569 5534 μείνῃ
3640 5461 3713 5533 τῷ
3778 5464 4087 5535 πατριάρχη
4164 5463 4193 5514 ὁ

873 5706 987 5777 (12)
1032 5706 1195 5762 Hunc
1247 5700 1451 5765 locum
1493 5701 1571 5765 de
1618 5702 1917 5777 ﬂiehaele,
1956 5701 2285 5780 Theophila
2336 5708 2396 5766 et
2444 5703 2567 5764 The

803 5772 1068 5851 ειεενυὴ.
1101 5791 1162 5852 ρ.
1195 5775 1320 5838 8“.

2444 5699 2779 5776 Thodddra,
2819 5704 2962 5762 citat
3006 5716 3081 5761 ex
3133 5700 3426 5762 Methodid
3466 5709 3579 5761 ms;
3626 5698 3896 5761 Allatius.
3951 5699 4190 5761 Contra
