4468 6450
793 399 898 457 795

2118 393 2460 454 METEODH
2493 391 2838 451 MONACHI.
4049 396 4152 448 796

794 540 913 596 sar,
928 539 1150 580 nurum
1163 537 1336 578 suam
1346 519 1642 591 ﬂagitiose
1655 520 2171 594 deperiens,uxori
2184 519 2442 594 propriae
2472 520 2520 572 Α
2553 541 2558 565 ι

2392 535 2442 574 ω
2472 520 2520 572 Α
2553 536 2652 590 σαρ
2675 520 2764 589 ὧν,
2821 524 2912 570 καὶ
2971 526 3034 590 τῇ
3100 521 3318 591 σφετέρᾳ
3387 513 3722 586 πανασελγῶς
3781 517 4154 589 συμφθιιρόμε-

791 614 980 670 misso
994 611 1266 684 repudio,
1289 626 1426 666 cum
1443 610 1742 666 incestum
1763 627 2033 667 amorem
2056 611 2223 666 illum
2241 627 2270 665 δ
2307 625 2442 664 san-

792 707 886 759 cto
915 701 1144 772 lgnatio
1173 701 1440 756 omittere
1466 698 1796 770 juberetur,
1829 699 1908 756 ob
1934 699 2212 755 vitandas
2243 699 2443 769 objur-

792 790 1062 862 gationes
1081 793 1258 862 atque
1273 805 1344 844 ex
1355 788 1449 843 his
1463 804 1573 844 con
1583 793 1931 861 sequentem
1947 788 2259 844 infamiam
2278 797 2440 858 (nam

791 880 972 936 etiam
1010 877 1260 935 ecclesia
1306 877 1634 933 secluserat
1685 893 1824 932 eum
1882 877 2245 949 patriarcha)
2304 874 2442 931 sede

789 969 1087 1039 Ignatium
1107 965 1465 1037 deturbavit,
1498 966 1752 1022 abutens
1782 965 2000 1022 scilicet
2021 965 2313 1022 Michaelis
2356 964 2442 1018 le-

791 1055 990 1122 vitate,
1021 1054 1097 1110 ad
1128 1053 1492 1126 explendam
1533 1069 1708 1110 suam
1743 1053 2154 1126 cupiditatem.
2192 1055 2319 1118 Quo
2349 1067 2444 1106 ex-

789 1147 993 1217 pulso,
1018 1142 1217 1199 studio
1234 1143 1480 1214 quidem
1502 1142 1870 1214 consilioque
1891 1143 2113 1204 Bardie,
2148 1139 2442 1197 Michaelis

789 1237 990 1290 autem
1037 1232 1418 1293 auctoritate,
1477 1230 1802 1286 collocatur
1857 1231 1918 1286 in
1988 1230 2127 1285 sede
2177 1229 2440 1284 Photius.

789 1325 1211 1377 Verumtamen
1241 1320 1478 1376 Macedo
1503 1319 1748 1375 Basilius
1787 1319 2063 1375 Michaele
2089 1319 2445 1389 interempto

791 1412 871 1468 ad
895 1426 1150 1481 regnum
1180 1410 1487 1466 connisus.
1521 1410 1792 1465 Photium
1817 1409 2245 1474 exauctoravit,
2276 1413 2444 1476 lgna-

789 1501 1060 1571 tiumque
1095 1498 1365 1554 restituit.
1399 1498 1594 1554 Causa
1624 1513 1764 1554 vero
1803 1498 1885 1552 rei
1936 1498 2115 1552 fuisse
2171 1496 2442 1558 traditur,

2550 626 2636 668 νος
2663 609 2859 679 νύμφη,
2891 613 2985 664 τὴν
3055 603 3194 659 ἰδίαν
3249 604 3490 665 ἀναιτίως
3547 603 3986 677 ἀποπεμψάμενος
4050 625 4154 675 γα-

2551 701 2731 767 μετήν,
2760 694 2866 748 ἐπεὶ
2911 695 3214 754 ἀποστῆσαι
3266 694 3445 746 ἑαυτὸν
3488 702 3582 754 τῆς
3631 701 3876 768 μυσαρὰς
3931 697 4156 750 ταυτησὶ

2551 785 2739 858 μίξεως
2789 788 2918 858 πρός
2976 792 3068 836 τοῦ
3149 785 3301 854 ἀγίου
3387 783 3638 854 Ίγνατιου
3703 783 4151 854 κατηναγκάζετο,

2554 873 2707 926 θέλων
2739 873 2973 944 ἐκφυγεῖν
2995 877 3109 933 τοὺς
3165 871 3413 943 ἐλέγχους
3473 875 3563 923 καὶ
3629 875 3723 928 τὴν
3773 869 3996 923 ἐντευθεν
4044 870 4157 922 ἐπι-

2551 962 2856 1036 τριϐομένην
2937 962 3077 1032 αὖτῴ
3156 961 3418 1032 αἰσχύνην
3496 958 3850 1012 ἀποϐαλέσθαι
3922 959 4155 1034 (ἀπεῖρξε

2551 1053 2648 1125 γὰρ
2683 1053 2836 1103 αὐτόν
2884 1057 2973 1102 xui
3025 1059 3115 1110 τῆς
3172 1050 3488 1110 Ἐκκλησίας
3549 1051 3573 1100 6
3620 1050 4005 1122 πατριάρχης),
4060 1055 4154 1099 τοῦ

2555 1141 2736 1212 θρόνου
2763 1143 2978 1210 κατάγει
3007 1140 3182 1208 αὐτόν,
3213 1145 3302 1191 καὶ
3342 1147 3403 1210 τῇ
3456 1137 3627 1210 ἐξορίᾳ
3676 1134 3894 1202 δίδωσι,
3949 1145 4011 1208 τῇ
4062 1143 4155 1188 τοῦ

2554 1229 2776 1300 Μιχαὴλ
2835 1234 3119 1300 κουφότητι
3180 1230 3514 1301 χρησάμενος
3571 1247 3642 1288 εις
3694 1232 3789 1284 τὴν
3851 1234 3942 1277 του
4012 1223 4155 1278 ἰδίου

2557 1319 2839 1388 θελήματος
2941 1316 3332 1388 ἀποπλήρωσιν.
3409 1320 3605 1368 Τούτου
3665 1313 3725 1368 δέ
3803 1314 4154 1384 ἐκϐληθέντος,

2557 1403 2764 1478 σπουδῇ
2787 1411 2878 1478 μὲν
2900 1413 2988 1458 xui
3017 1411 3306 1458 συναινέσει
3347 1413 3438 1457 τοῦ
3495 1402 3691 1479 Βάρδα,
3754 1402 4039 1476 προϐλήσει
4097 1400 4158 1454 δὲ

4035 1496 4158 1544 Επεὶ

2941 1316 3140 1373 ἀποπλὴ
3150 1336 3310 1390 ρωσιν
3320 1358 3332 1370 .

2555 1504 2646 1546 του
2674 1495 2889 1566 Μιχαὴλ
2930 1496 2994 1555 εἰς
3063 1499 3148 1546 τόν
3198 1496 3374 1566 θρόνον
3437 1493 3682 1564 ἀναγεται
3725 1499 3937 1552 Φωτιος.
3971 1492 3984 1508 ’

2557 1582 2616 1636 δε
2677 1584 2938 1644 Βασιλειος
2994 1586 3019 1634 6
3084 1580 3362 1649 Μακεδὼν,
3409 1587 3496 1634 τόν
3555 1581 3778 1652 Μιχαὴλ
3828 1579 4157 1645 ἀποκτείνας,

2555 1677 2788 1744 κατέσχε
2812 1678 2900 1730 τὴν
2933 1671 3226 1744 βασιλειαν,
3284 1676 3370 1723 τόν
3428 1678 3621 1724 Φωτιον
3679 1674 3768 1742 μεν
3827 1678 3918 1721 του
3971 1671 4158 1742 θρόνου

789 1587 956 1662 quod
973 1587 1239 1655 Photius,
1258 1587 1444 1642 misso
1460 1587 1690 1658 nuntio,
1721 1603 1906 1642 sacrae
1925 1602 2149 1641 mensae
2181 1602 2447 1640 commu-

789 1677 968 1733 nione
986 1675 1200 1731 Basilio
1220 1675 1625 1743 interdixerat,
1648 1690 1897 1747 manum
1917 1675 2037 1731 adh
2047 1691 2116 1729 uc
2137 1679 2446 1730 cruentam

791 1764 1014 1836 gerenti
1046 1765 1343 1821 Michaelis
1367 1764 1548 1820 caede.
1582 1764 1695 1820 Sed
1727 1765 1886 1820 enim
1910 1765 2139 1833 lgnatio
2187 1769 2445 1834 mortuo,

789 1870 1000 1911 rursus
1022 1854 1102 1909 ad
1133 1854 1404 1909 Photium
1434 1853 1694 1924 dignitas
1724 1853 1802 1910 ab
1831 1853 2046 1910 eodem
2089 1854 2448 1926 imperatore
2482 1875 2520 1927 Β

2399 1871 2448 1909 re
2482 1875 2520 1927 Β
2559 1851 2725 1915 αἰτία,
2759 1856 2935 1921 φασιν,
2977 1853 3056 1901 ὃτι
3098 1850 3309 1922 πέμψας
3371 1849 3526 1900 αὐτόν
3591 1854 3807 1908 Φωτιος,
3873 1854 3964 1906 τῆς
4033 1847 4163 1906 ζωο-

791 1942 1056 1999 defertur
1083 1960 1100 1996 :
1125 1943 1296 2012 cujus
1325 1941 1482 1996 ﬁlius
1508 1944 1618 1998 Leo
1650 1941 1986 2013 philosophi
2035 1943 2279 1998 nomine
2332 1941 2448 1998 cla-

2396 1958 2448 1998 a-
2558 1944 2995 2000 ποιουκοινωνίας
3047 1939 3104 1990 οὗ
3156 1935 3437 2010 μετεδίδου
3505 1937 3667 2007 αὐτῷ,
3735 1939 4041 2008 ᾑμαγμένην
4085 1939 4160 1987 ἔτι

791 2047 896 2088 rus
924 2031 1200 2088 Photium
1221 2031 1424 2087 denuo
1446 2030 2137 2095 sederemovit;timens.
2180 2032 2444 2097 utaiunt,
2558 2032 2734 2097 ἔχοντι
2757 2033 2848 2087 τὴν
2875 2037 3125 2097 χεῖρατῲ
3177 2036 3268 2079 τοι)
3336 2027 3557 2097 Μιχαὴλ
3612 2032 3765 2097 φόνῳ.
3842 2027 3998 2080 Ἀλλά
4070 2032 4160 2077 τοῦ

789 2139 866 2180 ne
879 2122 1274 2179 Santarenum
1288 2121 1632 2176 defenderet
1649 2121 1707 2176 in
1727 2137 1912 2177 causa
1923 2122 2238 2178 calumniae
2259 2138 2446 2194 quam

787 2211 886 2269 iile
916 2211 1059 2267 olim
1082 2215 1290 2266 contra
1317 2226 1378 2265 se
1401 2210 1563 2282 apud
1587 2216 1822 2281 patrem
1847 2211 2269 2283 imperatorem
2294 2217 2447 2266 stru-

786 2302 974 2356 xerat.
1005 2302 1123 2356 Hoc
1153 2299 1314 2354 enim
1343 2299 1770 2355 obvertebatur
1798 2299 2004 2355 Leonis
2045 2300 2227 2355 menti
2257 2316 2451 2372 nuper

785 2404 1043 2460 regnum
1074 2389 1297 2461 adepti.
1325 2391 1475 2458 Ergo
1501 2389 1873 2460 Stephanum
1893 2389 2135 2445 fratrem
2188 2406 2368 2446 suum
2392 2395 2448 2451 vi

785 2478 954 2549 regia
974 2478 1381 2550 patriarcham
1409 2479 1653 2534 creavit.
1683 2478 1858 2550 Atqui
1888 2495 2065 2534 nemo
2105 2495 2178 2534 ex
2205 2479 2297 2534 his
2345 2497 2451 2552 pa-

788 2569 1059 2626 triarchis
1080 2569 1431 2641 repudiatus
1456 2569 1562 2623 fuit
1598 2587 1610 2634 ;
1635 2568 1741 2623 sed
1763 2568 2010 2624 admissi
2039 2584 2250 2624 omnes
2271 2576 2449 2642 atque

783 2657 1094 2714 inlionore
1117 2657 1304 2713 habiti
1329 2657 1495 2729 apud
1527 2657 1795 2712 ﬁdelium
1840 2657 2164 2713 Ecclesiam
2209 2657 2450 2714 fuerunt

785 2751 844 2803 et
867 2747 1067 2802 adhuc
1102 2752 1241 2801 sunt
1269 2751 1449 2819 atque
1479 2746 1917 2802 existimantur.
1941 2745 2123 2818 quue
2145 2747 2211 2802 fit
2245 2747 2446 2820 palam

786 2842 859 2882 ex
888 2826 1041 2883 libro
1071 2827 1385 2899 synodico,
1411 2827 1514 2882 ubi
1544 2828 1671 2883 haec
1705 2827 2002 2883 habentur
2061 2844 2072 2881 :
2137 2852 2156 2875 ι
2214 2829 2441 2897 lgnatii,

787 2915 992 2983 Photii,
1045 2917 1347 2988 Stephani,
1393 2921 1573 2988 atque
1617 2916 1856 2971 Antonii
1924 2916 2444 2973 sanctissimorum

783 3005 1267 3078 patriarcharum
1299 3009 1523 3062 aeterna
1554 3006 1846 3062 memoria
1877 3007 1969 3062 sit.
2003 3028 2030 3056 »
2054 3009 2121 3061 Et
2165 3023 2376 3062 rursus
2427 3024 2440 3062 :

786 3116 816 3144 ‹‹
845 3095 1184 3150 Anathema
1212 3095 1302 3161 iis,
1333 3110 1470 3167 quae
1498 3094 1657 3150 dicta
1691 3095 1990 3166 scriptave
2045 3095 2285 3151 fuerunt
2341 3095 2444 3152 ad-

782 3199 989 3239 versus
1029 3183 1442 3240 sanctissimos
1489 3184 1862 3256 patriarchas
1917 3183 2213 3254 lgnatium
2260 3191 2440 3258 atque

784 3273 1081 3330 Photium.
1110 3291 1141 3325 ›

785 3368 970 3416 αίωνία
1019 3365 1048 3421 ἡ
1102 3368 1280 3436 μνήμη
1317 3385 1330 3396 σ
1388 3386 1408 3411 ι
1456 3369 1545 3415 καὶ
1580 3363 1732 3416 πάλιν
1767 3381 1777 3392 ⁸
1815 3387 1841 3412 ‹‹
1895 3368 1974 3416 Τὰ
2026 3363 2311 3422 λαληθέντα
2361 3372 2451 3418 καί
2507 3374 2763 3442 γραφέντα
2814 3372 2951 3420 κατά
3007 3368 3263 3439 Ἰγνατίου
3319 3372 3408 3418 xui
3462 3371 3644 3439 φοτίου
3703 3375 3802 3416 τών
3853 3363 4160 3436 ἁγιωτάτων

2559 1763 2796 1832 κατάγει,
2822 1765 2908 1812 τόν
2950 1757 3008 1813 δέ
3047 1760 3195 1831 ἆγιον
3233 1760 3481 1831 Ἰγνάτιον
3513 1760 3664 1819 αὖθις
3713 1758 3911 1830 ἀνάγει.
3978 1757 4037 1810 Ἠ
4100 1754 4162 1809 δέ

2558 2032 2734 2100 ἔχοντι
2757 2033 2848 2087 τὴν
2875 2037 3125 2101 χεῖρατῴ
3177 2036 3268 2079 τοι)
3336 2025 3557 2098 Μιχαὴλ
3612 2032 3765 2098 φόνῳ.

2560 2123 2816 2188 Ἰγνατίου
2843 2125 2926 2170 τόν
2955 2117 3072 2190 βίον
3112 2116 3472 2180 ἀπολιπόντος,
3524 2116 3675 2176 αὖθις
3729 2116 3800 2178 εἰς
3838 2120 3924 2168 τόν
3983 2118 4162 2189 θρόνον

2557 2206 2762 2278 ἀνήχθη
2793 2213 2987 2267 Φωτιος
3024 2211 3168 2278 παρά
3188 2213 3277 2257 τοῦ
3327 2205 3483 2256 αὐτοῦ
3535 2203 3812 2276 βασιλέως·
3873 2203 3931 2257 οὗ
3975 2207 4001 2256 6
4054 2207 4164 2264 υἱός

2561 2301 2721 2362 Λέων,
2763 2298 2788 2347 6
2820 2295 2977 2358 πολὺς
3006 2301 3096 2352 την
3137 2295 3462 2366 φιλοσοφίαν,
3494 2299 3581 2345 τόν
3612 2301 3805 2347 Φωτιον
3864 2295 4011 2355 αὖθις
4071 2300 4164 2345 τοῦ

2561 2387 2742 2460 θρόνου
2799 2392 3223 2460 παρακεκινηκὼς
3277 2382 3502 2449 (δείσας,
3552 2386 3621 2445 ὥς
3691 2403 3838 2456 φασι,
3916 2387 3988 2456 μὴ
4071 2383 4166 2435 οὐκ

2558 2475 2685 2548 ἐάσῃ
2721 2478 3008 2527 ἀνυνασθαι
3052 2474 3440 2548 Σανταϐαρηνόν
3517 2482 3612 2534 τῆς
3671 2475 3743 2534 είς
3811 2477 3899 2525 τόν
3959 2478 4164 2545 πατέρα

2558 2571 2647 2617 καὶ
2703 2563 2926 2637 βασιλέα
2975 2561 3222 2624 διαϐολῆς
3279 2563 3559 2615 κατάὑτου
3621 2565 3782 2615 ἕνεκα·
3844 2570 3997 2614 τουτο
4058 2566 4162 2634 γὰρ

2557 2657 2750 2706 όΛέων
2773 2656 3047 2728 αὖτάρχης
3078 2650 3183 2712 ἠδη
3243 2649 3574 2722 ἀναδειχθεὶς
3629 2655 3764 2704 κατά
3815 2661 3933 2704 νονν
3991 2651 4168 2724 ἐστρε-

2557 2747 2655 2816 φε),
2684 2747 2930 2814 Στέφανον
2974 2748 3058 2795 τόν
3098 2740 3236 2794 ἴδιον
3283 2739 3503 2814 ἀδελφόν
3541 2743 3769 2810 καθιστᾲ
3821 2743 4164 2815 πατριάρχην

2555 2833 2980 2895 ἐξουσιαστικώς.
3018 2837 3117 2884 Καὶ
3184 2835 3376 2883 τούτων
3429 2833 3632 2882 πάντων
3690 2827 3863 2892 οὐδεὶς
3923 2829 4163 2886 ἀπόϐλη-

2553 2943 2639 2985 τος
2666 2929 2888 2994 γέγονεν,
2923 2922 3031 2973 ἀλλ’
3078 2921 3184 2973 όλοι
3229 2918 3404 2972 δέκτοι
3448 2926 3538 2972 καὶ
3599 2919 3878 2992 σεϐάσμιοι
3939 2928 4000 2991 τῇ
4059 2927 4162 2970 τῶν

2552 3022 2751 3064 πιστῶν
2810 3012 3093 3082 Ἐκκλησία
3156 3016 3244 3062 καὶ
3294 3011 3395 3062 εἰσὶ
3449 3014 3537 3061 καὶ
3611 3010 3978 3083 γνωρίζονται.
4060 3014 4160 3060 Καὶ

2551 3111 2700 3153 τουτο
2733 3097 2891 3159 δῆλον
2922 3100 2976 3151 ἐκ
3009 3109 3101 3152 του
3189 3095 3470 3151 συνοδικου
3522 3102 3648 3167 (14)·
3707 3102 3997 3170 γέγραπται
4053 3099 4157 3168 γάρ

2550 3189 2598 3241 ἐν
2660 3191 2800 3260 αὐτῷ
2861 3191 2994 3241 οὕτω
3059 3196 3239 3240 ταυτα·
3299 3189 3613 3258 «Ἰγνατίου.
3675 3191 3893 3252 Φωτίου,
3962 3187 4155 3256 Στεφά-

2469 3233 2510 3286 C

2547 3299 2655 3338 νου,
2720 3285 2808 3331 καὶ
2872 3283 3145 3331 Ἀντωνίου
3220 3286 3319 3328 τὼν
3413 3279 3716 3346 αγιωτάτων
3808 3284 4159 3349 πατριαρχών

783 3461 1132 3527 πατριαρχὼν
1162 3451 1412 3525 ἀνάθεμα.
1457 3477 1483 3502 n

858 3546 942 3598 i3.
968 3544 1090 3612 Ego
1121 3557 1262 3597 vero
1284 3558 1422 3597 cum
1463 3542 1739 3613 synodici
1765 3542 2132 3598 mentionem
2177 3543 2438 3609 fecerim,
2619 3545 2703 3618 ιγ’.

783 3631 1009 3688 addam
1039 3637 1095 3686 et
1128 3631 1248 3686 alia
1277 3632 1482 3698 verba,
1510 3648 1770 3704 quorum
1801 3648 1953 3704 pene
1983 3633 2203 3688 oblitus
2251 3651 2436 3705 eram,
2546 3659 2547 3663 η

2396 3652 2436 3705 1,
2546 3642 2634 3688 xui
2674 3634 2740 3686 ὡν
2798 3633 2904 3693 ἠδη
2963 3634 3304 3705 ἐπιλέλησμαι
3361 3633 3739 3704 ἐμνημόνευσασ
3805 3637 4006 3703 φέρεται
4060 3634 4160 3704 γὰρ

786 3721 879 3777 Sic
905 3720 1065 3776 enim
1091 3719 1315 3776 ibidem
1346 3725 1630 3792 praeterea
1651 3720 1903 3789 legitur:
1934 3745 1960 3770 «
1996 3721 2221 3777 Tarasii
2245 3728 2301 3777 et
2353 3724 2442 3778 Ni-
2548 3756 2550 3771 ι

2402 3724 2442 3777 i-
2548 3722 2595 3775 ἐν
2636 3724 2774 3793 αυτῲ
2806 3719 2952 3774 τάδε·
2989 3726 3302 3794 (Ταρασίου
3347 3726 3436 3772 καὶ
3483 3724 3785 3791 Νικηφόρον
3841 3728 3940 3770 τῶν
4001 3713 4164 3789 ἀγιω-

783 3810 1030 3882 cephori
1059 3810 1582 3866 sanctissimorum
1619 3817 1859 3883 patrum
1893 3816 2116 3867 aeterna
2150 3813 2443 3868 memoria

785 3901 878 3956 sit.
907 3922 926 3948 ι
949 3901 1297 3973 Rursusque
1332 3917 1343 3954 :
1374 3923 1394 3948 ε
1433 3900 1506 3954 Iis
1532 3916 1668 3972 qua;
1701 3900 1861 3956 dicta
1882 3901 2174 3970 scriptave
2206 3902 2446 3956 fuerunt

781 3988 1074 4046 adversus
1101 3989 1439 4045 laudabiles
1489 3991 1861 4062 patriarchas
1909 3991 2217 4046 Tarasium
2263 3997 2443 4063 atque

783 4078 1208 4151 Nicephorum,
1243 4079 1588 4135 anathema.
1625 4103 1650 4128 »
1691 4079 1888 4135 Videte
1935 4086 2164 4136 rectum
2206 4083 2443 4153 Deoque

784 4173 1023 4237 gratum
1047 4173 1264 4224 sancta:
1283 4174 1339 4223 et
1358 4169 1664 4224 catholicae
1682 4168 1952 4224 Ecclesiae
1962 4170 2281 4241 judicium,
2311 4186 2445 4225 san-

784 4262 1018 4315 ctorum
1050 4257 1348 4328 Evangelii
1369 4274 1717 4331 praeconum
1735 4258 2172 4330 apostolorum,
2207 4264 2442 4314 sancto-

782 4363 1039 4420 rumque
1066 4349 1302 4403 Patrum
1330 4355 1698 4412 nostrorum,
1729 4363 1857 4413 vos,
1892 4349 2164 4420 inquam,
2197 4349 2300 4420 qui
2344 4363 2442 4417 ge-

782 4437 1467 4496 neraliorthodoxorum
1494 4439 1669 4493 coetui
1691 4439 1982 4494 resistitis.
2019 4439 2439 4506 Exhorrescite,
2547 4439 2879 4509 πληρώματι.
2983 4438 3222 4509 Φρίξατε,

783 4543 913 4596 oro,
945 4527 1006 4582 in
1028 4532 1326 4599 quantum
1357 4527 1653 4582 malorum
1685 4527 2040 4582 barathrum
2072 4544 2179 4600 per
2217 4529 2441 4584 discor-
2477 4523 2519 4576 Ι)

2397 4545 2441 4584 ι·-
2477 4523 2519 4576 Ῑ)
2548 4537 2712 4579 κακον
2744 4530 2973 4600 φέρεσθε,
3021 4547 3109 4577 και
3159 4529 3283 4600 πρός
3333 4521 3617 4596 διόρθωσιν
3667 4524 3858 4575 ἑαυτῶν
3911 4523 4161 4594 ἐπάχθη-

783 4619 949 4676 diam
961 4623 1227 4674 vestram
1239 4618 1979 4691 ruatis,emendationique
1993 4635 2198 4674 curam
2216 4620 2444 4692 impen-

2397 4636 2444 4674 1-
2550 4638 2603 4670 τε
2637 4639 2648 4650 ·
2684 4620 2732 4669 οι
2756 4620 2857 4690 γάρ
2913 4618 3170 4688 εἰρημένοι
3221 4615 3406 4688 μικρὸν
3467 4614 3703 4686 ἀνωτέρω
3756 4617 3944 4674 πάντες
3992 4613 4161 4683 ἅγιοι,

785 4709 926 4764 dite.
950 4710 1098 4763 Nam
1131 4707 1400 4779 praedicti
1421 4723 1635 4763 omnes
1667 4707 1888 4780 quibus
1921 4723 2091 4762 sacer
2115 4708 2311 4763 honor
2340 4710 2444 4766 ha-

782 4797 979 4868 betur,
1005 4799 1297 4870 quoniam
1336 4797 1612 4853 homines
1660 4803 1847 4866 erant,
1903 4797 2158 4853 humani
2215 4796 2443 4869 aliquid

782 4889 952 4960 passi
979 4891 1118 4942 sunt
1150 4905 1162 4942 :
1198 4887 1388 4942 nostis
1414 4887 1574 4943 enim
1595 4887 1818 4960 quibus
1851 4887 2108 4942 invicem
2132 4887 2327 4942 verbis
2356 4891 2443 4941 at-

783 4993 901 5051 que
931 4976 1164 5049 scriptis
1197 4976 1494 5032 adversati
1526 4977 1682 5032 sint:
1718 4977 1865 5049 quia
1913 4975 2186 5032 videlicet
2231 4975 2447 5048 proba-

782 5066 935 5124 biles
948 5067 1008 5121 in
1023 5066 1286 5138 speciem
1302 5081 1519 5120 causas
1533 5065 2078 5120 controversiarum
2101 5067 2258 5120 nacti
2276 5071 2449 5120 erant

783 5162 842 5215 et
871 5173 1050 5213 suum
1072 5157 1331 5229 quisque
1375 5156 1657 5229 persequi
1697 5157 1798 5225 jus
1848 5155 2174 5211 credebant
2215 5173 2227 5209 :
2279 5156 2446 5226 quod

782 5249 988 5321 ipsum
1020 5248 1192 5303 vestri
1257 5263 1501 5319 quoque
1550 5245 1820 5300 nonnulli
1877 5246 2154 5301 homines
2203 5246 2448 5317 nuperis

783 5337 1159 5410 temporibus
1177 5337 1372 5406 egisse
1407 5335 1705 5390 videntur.
1751 5335 1978 5390 Etenim
2001 5350 2136 5407 quae
2167 5334 2332 5389 multi
2364 5335 2447 5391 fa-

782 5429 966 5499 ciunt,
997 5443 1070 5484 ex
1095 5427 1165 5482 iis
1185 5426 1292 5499 qui
1315 5432 1576 5483 vestrum
1613 5443 1868 5481 summae
1912 5426 2280 5481 rectitudinis
2330 5430 2448 5480 stu-

781 5521 948 5580 dium
974 5519 1279 5582 simulant,
1299 5518 1530 5574 silentio
1553 5517 1746 5588 magis
1770 5516 2196 5573 commendare
2214 5521 2448 5589 oportet

2761 3549 2890 3617 Ἐγώ
2943 3543 3002 3598 δε
3058 3565 3150 3597 του
3207 3540 3489 3596 συνοδικου
3539 3541 3730 3618 ἀρτίως
3800 3541 4161 3614 ἐπιμνησθεὶς,

2548 3815 2714 3865 τάτων
2784 3821 3126 3884 πατριαρχών
3179 3811 3364 3862 ἀίωνία
3432 3815 3634 3881 μνήμη·
3722 3831 3749 3857 ››
3803 3813 3894 3860 καὶ
3983 3810 4159 3867 αὐθις.

2553 3925 2575 3952 ι
2619 3903 2695 3954 Τὰ
2749 3901 3032 3959 λαληθέντα
3089 3906 3181 3952 καὶ
3237 3905 3501 3971 γραφέντα
3559 3900 3693 3950 κατά
3751 3907 3850 3949 τῶν
3901 3894 4161 3968 ἀοιδίμων

2548 4000 2894 4066 πατριαρχὼν
2950 3996 3218 4064 Ταρασίου
3271 3995 3362 4040 καὶ
3439 3993 3742 4062 Νικηφόρον
3821 3986 4069 4059 ἀνάθεμα,
4131 4007 4160 4034 ››

2546 4080 2732 4154 Ὁρᾶτε
2771 4087 2864 4139 την
2937 4081 3096 4153 ὀρθὴν
3151 4086 3240 4131 xui
3295 4087 3366 4149 τῷ
3423 4085 3536 4131 Θεώ
3594 4073 3939 4130 ευαπόδεκτόν
3987 4082 4166 4151 κρίσιν

2549 4179 2638 4230 τῆς
2672 4170 2827 4241 αγίας
2868 4174 2959 4220 xui
3018 4167 3301 4229 καθολικῆς
3359 4165 3688 4232 Ἐκκλησίας,
3744 4171 3833 4218 xui
3878 4173 3975 4217 τῶν
4035 4167 4166 4237 ίεροο

2547 4263 2795 4333 κηρύκων,
2821 4259 2979 4330 ἁγίων
3028 4257 3347 4326 ἀποστόλων,
3403 4261 3492 4308 xui
3553 4264 3652 4307 τῶν
3703 4256 3860 4327 ἀγίων
3920 4258 4162 4328 Πατέρων

2549 4353 2716 4422 ἡμων,
2758 4352 2806 4401 oi
2844 4359 2929 4400 νυν
2989 4347 3332 4418 ἀντιλέγοντες
3387 4355 3459 4416 τῷ
3513 4354 3668 4417 κοινῷ
3706 4354 3806 4397 τῶν
3865 4341 4161 4418 ὀρθοδόξων

3723 4434 3862 4492 ἐννοή
3875 4453 4055 4494 σαντες
4128 4435 4160 4491 ἧ

2547 4439 2879 4512 πληρώματι.
2983 4438 3222 4509 Φρίξατε,
3322 4435 3626 4508 παρακαλῶ,

2551 4709 2694 4760 οὗτοι
2727 4711 2906 4768 πάντες
2937 4710 3200 4780 ἄνθρωποι
3254 4710 3392 4767 ὄντες
3445 4707 3633 4756 ἔπαθόν
3687 4725 3737 4757 τι
3791 4703 4112 4776 ἀνθρώπινον
4151 4725 4164 4736 ο

2551 4804 2635 4849 καὶ
2666 4794 2844 4849 οἴδατε
2874 4799 3058 4857 πάντες
3100 4798 3200 4847 ὅσα
3250 4800 3338 4846 καὶ
3389 4793 3527 4846 εἷπον
3580 4799 3668 4846 xui
3725 4793 3959 4866 ἔγραψαν
4015 4792 4168 4845 ἄλλοι

2551 4888 2664 4940 κατ’
2697 4887 2858 4938 ἄλλων
2893 4908 2904 4919 ·
2972 4882 3153 4942 ἐπειδὴ
3214 4884 3446 4954 εὐλόγοις
3501 4879 3659 4942 δῆθεν
3714 4882 3946 4935 ἐνέπεσον
4007 4880 4169 4954 ἀφορ-

2553 4986 2696 5050 μαῖς,
2755 4981 2843 5028 xui
2916 4983 3008 5036 τῆς
3090 4972 3358 5048 ἀκριϐείας
3431 4971 3812 5024 ἀντιποιεῖσθαι
3865 4969 4113 5044 ἐνόμισαν
4150 4993 4163 5003 ·

3394 5064 3528 5113 κατά
3583 5066 3702 5122 τοὺς
3759 5063 3880 5135 ἄρτι
3936 5065 4169 5134 χρόνονς

3063 5062 3106 5078 ιν

2553 5071 2674 5140 ὅπερ
2733 5086 2822 5117 και
2875 5084 3006 5125 τινες
3055 5065 3106 5125 ἐξ
3163 5065 3304 5135 ὑμῶν

2552 5159 2733 5210 παθεῖν
2764 5153 2966 5218 ἔδοξαν.
3004 5157 3080 5206 Tu
3107 5155 3208 5226 γαρ
3250 5162 3348 5203 τῶν
3405 5150 3601 5204 πολλῶν
3647 5150 3680 5202 ἀ
3725 5155 3814 5202 xui
3866 5153 4166 5224 πράττουσι

2553 5252 2642 5298 xui
2726 5241 3080 5297 διδάσκουσιν
3143 5245 3191 5294 6i
3247 5246 3340 5299 την
3393 5245 3639 5314 ὑμετέραν
3694 5237 3852 5298 δῆθεν
3897 5241 4024 5313 ὕπερ
4073 5247 4170 5300 τῆς

3974 5328 4170 5400 μᾶλλον

2555 5335 2822 5410 ἀκριϐείας
2885 5332 3147 5386 εὐλάϐειαν
3218 5333 3631 5404 ὑποκρινόμενοι,
3715 5337 3885 5401 σιωπῇ

2554 5430 2811 5498 προσήκει
2843 5420 3028 5476 δοῦναι
3083 5422 3110 5479 ἡ
3156 5429 3334 5493 ,γραφῇ
3375 5441 3386 5452 ·
3457 5423 3523 5471 τα
3551 5422 3652 5494 γὰρ
3715 5428 3911 5493 κρυφῆ,
3950 5423 4113 5490 φησιν
4141 5420 4169 5469 6

2558 5517 2690 5575 θεῖος
2718 5513 3050 5579 Ἀπόστολος,
3090 5515 3334 5583 γινόμενα
3393 5511 3492 5562 ὑπό
3549 5529 3700 5561 τινων
3763 5511 3992 5582 αἰσχρόν
4050 5506 4170 5560 ἐστι

785 5753 834 5810 C
853 5676 964 5748 (14)
987 5677 1084 5805 [ac
1115 5673 1561 5804 synodiccéalggi
1587 5673 1757 5730 solito
1787 5671 2112 5746 quotannis
2139 5669 2657 5743 Constantinopoli
2685 5674 2742 5726 et
2766 5669 2828 5726 in
2855 5671 3072 5724 cuncta
3101 5663 3326 5722 Graecia
3362 5662 3628 5739 loquitur
3655 5662 3902 5720 Allatius
3934 5661 4165 5718 Contra

835 5763 982 5810 reyg
1057 5763 1260 5810 onum,
1290 5762 1352 5810 p.
1500 5788 1514 5802 .
3793 5782 3801 5790 .

835 5762 1260 5821 reygntonum,
1290 5762 1352 5820 p.
1385 5762 1514 5804 οδες.
3793 5782 3801 5790 .
