4468 6450
301 418 409 472 797

1547 415 1638 475 DE
1680 415 2065 473 SCHISMATE
2103 416 2432 476 VITANDO.

3561 412 3668 476 798

303 544 398 591 καὶ
418 540 598 611 λέγειν.
659 539 813 594 Ἀλλὰ
868 543 933 592 τὰ
973 549 1075 591 τῶν
1103 544 1348 593 τοιούτων
1396 544 1566 594 οἱκαὶ
1614 545 1736 614 ἡμῖν
1781 544 1908 593 ὑπο·
1945 546 1990 595 Α
2016 558 2067 614 (Γ

1904 575 1908 584 -
1945 546 1990 595 Α
2016 558 2202 614 quam
2233 545 2487 616 scriptis.
2525 547 2669 600 Nam
2701 560 2837 615 qum
2870 545 2928 598 in
2959 542 3212 608 occulto,
3247 543 3437 614 inquit
3494 542 3668 596 divus

309 629 620 700 στρέψαντες
684 630 783 681 ἀπό
834 637 922 688 τῆς
972 629 1088 680 καθ’
1146 632 1281 701 υμας
1341 631 1534 692 πλάνης
1598 628 1906 699 ἐκδιηγουν-

302 737 414 780 ται,
479 719 749 780 κατανυξει
801 718 992 790 ποαλλῇ
1024 727 1112 770 και
1163 715 1394 792 δάκρυσι
1459 726 1753 790 ποιουμενοι
1817 739 1907 775 την

305 805 678 877 ἐξομολόγησιν
709 829 720 839 ·
779 808 876 878 ἐγὼ
929 805 985 858 εῖε
1037 811 1157 882 ὅπερ
1223 809 1414 878 ἔλεγον,
1491 809 1808 878 ἀνὺρωπιυον
1861 828 1908 858 τι

306 897 555 955 παθόντες
605 898 652 947 οἱ
711 895 967 968 εἰρημενοι
1020 896 1184 966 ἅγιοι,
1249 894 1385 948 εἶπον
1422 902 1509 948 καὶ
1570 897 1803 968 ἔγραψαν
1877 898 1908 946 οἱ

310 985 566 1056 ἔγραψαν.
597 985 654 1037 Ἦ
685 982 742 1037 δὲ
777 995 870 1046 τῆς
907 985 1214 1047 Ἐκκλησίας
1260 987 1420 1047 ἑνθεος
1475 992 1646 1060 κρίσις
1698 990 1761 1036 τά
1821 991 1908 1056 μεν

311 1073 559 1145 εἰρημένα
627 1080 716 1124 καί
792 1081 1124 1146 γεγραμμένα
1199 1075 1244 1126 ἐν
1315 1085 1386 1144 τῷ
1435 1085 1528 1133 τῆν
1599 1076 1910 1146 φιλονεικίας

310 1170 479 1233 καιρῴ
527 1168 618 1213 καί
663 1165 818 1214 πάθει
866 1173 937 1233 τῷ
999 1162 1282 1235 ἀναθέματι
1340 1162 1627 1224 συνοὸικώς
1679 1167 1908 1216 καθυπε-

310 1248 436 1302 6a).:-
463 1272 476 1283 -
509 1254 629 1312 τοὺς
656 1249 706 1303 δ’
732 1251 964 1312 εἰπόντας
1011 1256 1098 1304 καὶ
1141 1252 1444 1325 γράψαντας
1487 1257 1683 1314 πάντας
1741 1253 1908 1305 ἀσπα-

225 1347 228 1349 ⁴
312 1344 438 1399 σίως
464 1337 675 1402 ἐδέξατο
700 1361 711 1372 ·
741 1346 831 1392 καὶ
860 1346 940 1411 τό,
970 1342 1162 1394 Αὶωνία
1199 1344 1228 1399 η
1290 1347 1490 1414 μνήμη,
1542 1349 1658 1416 περὶ
1705 1345 1908 1394 πάντων

307 1427 495 1489 ἐπίσης
535 1427 801 1503 ἀναφωνεῖ.

387 1695 475 1755 ιδ’.
507 1705 570 1751 Τί
600 1699 824 1752 ἐντεῦθεν
853 1703 989 1772 ἡμᾶς
1011 1697 1400 1754 ἐκπαιδεύουσα
1424 1718 1437 1767 ;
1458 1702 1576 1753 Ὅτι
1606 1722 1687 1754 τοι
1730 1703 1911 1773 κρεῖσ-

315 1793 410 1839 σόν
442 1787 632 1846 ἐστινὴ
683 1791 864 1860 όμόνια
921 1794 1008 1841 καὶ
1049 1789 1218 1862 εἰρηνη
1277 1801 1376 1843 τῶν
1426 1788 1721 1864 ὀρθοόόξων
1777 1799 1912 1862 Χρι-

316 1887 562 1943 στιανῶν,
619 1880 996 1940 ἀστασιάστως
1051 1884 1140 1931 καὶ
1193 1882 1544 1951 ὁμονοητικως
1619 1885 1908 1953 τηρουμένη
1945 1893 1984 1945 Β

313 1969 448 2038 μετά
485 1965 644 2038 φόϐου
685 1974 819 2020 Θεον
865 1972 956 2019 καὶ
1005 1967 1235 2039 ἀγάπης,
1300 1974 1327 2027 ἦ
1384 1979 1453 2039 τῲ
1502 1974 1594 2027 τήν
1649 1969 1912 2043 ἀκρίϐειαν

315 2051 490 2106 δοκεῖν
519 2052 860 2124 διώκειν,και
889 2061 948 2108 τὸ
977 2058 1132 2109 καλὸν
1178 2063 1386 2128 σχίζειν
1434 2069 1586 2130 σῶμα
1645 2067 1739 2116 την
1795 2058 1912 2110 Ἐκ-

313 2143 536 2204 κλησίας
573 2153 810 2218 Χριστοῦ
840 2167 852 2179 ο
905 2168 933 2194 ‹‹
971 2147 1053 2200 Ἐν
1098 2152 1265 2217 τούτῳ
1312 2151 1437 2218 γάρ,
1491 2170 1518 2197 ››
1572 2167 1700 2219 φησι
1757 2154 1846 2198 καὶ
1889 2149 1914 2198 ό

316 2237 529 2306 Κύριος,
555 2257 582 2283 ‹‹
610 2241 921 2304 γνώσονται,
975 2238 1054 2287 ὅτι
1101 2239 1335 2308 μαθηταί
1385 2241 1484 2308 μθ.)
1543 2237 1675 2304 ἐστε,
1710 2259 1736 2285 η
1787 2237 1915 2306 οὐκὶ

311 2332 387 2392 τῷ
419 2331 515 2385 τῆς
545 2323 809 2398 ἀκριϐείας
852 2322 1024 2377 δοκεῖν
1081 2326 1378 2396 ἐξέχεσθαι,
1433 2327 1584 2378 ἀλλ’.
1646 2327 1729 2377 iam
1785 2327 1913 2397 ἀγα-

310 2419 445 2465 πᾶτε
476 2413 742 2474 ἀλληλους.
776 2435 803 2461 ν
825 2415 883 2466 Ὀ
912 2423 1033 2486 γοῦν
1067 2413 1142 2467 δί’
1165 2415 1428 2488 ἀκρίϐειαν
1490 2414 1646 2474 δῆθεν
1707 2422 1916 2475 κανόνος

311 2505 450 2562 τινός
488 2503 731 2577 ταραχάς
777 2513 956 2568 ποιων,
1020 2507 1234 2567 στάσεις
1280 2516 1455 2574 κινῶν,
1505 2513 1594 2559 καὶ
1645 2512 1700 2558 τό
1767 2516 1918 2576 σῶμα

315 2593 526 2662 σχίζων
577 2600 675 2654 τῆς
747 2592 1078 2660 Ἐκκλησίας,
1137 2592 1418 2669 ὀρθοδοξὶᾳ
1481 2604 1578 2657 τῆς
1656 2595 1918 2657 εὐσεϐείας

315 2687 760 2755 συντηρουμένης,
789 2684 815 2734 6
845 2689 1098 2751 τοιοῦτος,
1130 2685 1171 2736 εἰ
1218 2690 1309 2736 καὶ
1365 2684 1464 2737 ἀπό
1514 2685 1781 2748 εὐλαϐείας
1835 2707 1918 2738 κι-

313 2773 522 2822 νεῖσθαι
600 2775 786 2840 οἴεται,
850 2772 1055 2830 λέληθεν
1126 2773 1305 2825 ἑαυτὸν
1354 2779 1642 2847 (εἰρήσεται
1689 2778 1812 2849 γὰρ,
1878 2776 1920 2828 εἰ

315 2865 408 2912 καὶ
439 2859 688 2932 ἐπαχθὲς)
725 2861 882 2924 λύκος
939 2864 1005 2913 ὡν
1059 2864 1242 2925 ἔξωθεν
1295 2867 1384 2935 μὲν
1443 2863 1491 2914 ἐν
1546 2861 1678 2936 ὃορᾴ
1726 2865 1921 2937 προϐά-

315 2969 418 3000 των
468 2949 764 3022 ἐρχόμενος,
827 2954 1014 3004 ἔσωθεν
1078 2949 1136 3004 ὃε
1166 2957 1336 3024 γέμων
1398 2950 1554 3005 ὃολου
1598 2961 1686 3006 καὶ
1759 2955 1924 3028 ἁρπα-

1799 3042 1922 3096 οὐδὲ

318 3132 424 3200 γὰρ
456 3131 705 3202 ἡμέτερος
764 3126 914 3192 οὗτος
955 3132 980 3181 ό
1033 3130 1204 3201 λόγος,
1268 3130 1396 3183 ἀλλά
1456 3140 1548 3193 τῆς
1601 3139 1778 3184 πᾶσαν
1830 3139 1923 3191 την

317 3045 387 3108 ’γῆ
401 3058 446 3098 ς.
471 3045 570 3091 Καὶ
596 3045 667 3112 μὴ
701 3041 818 3092 ταθ“
865 3042 1011 3112 ἡμῶν
1066 3039 1439 3114 ἀγανακτήσῃς
1503 3042 1701 3094 ἀκούων
1734 3065 1746 3076 υ

319 3218 536 3289 ὑφηλιον
575 3218 919 3290 αὖγαζουσης
948 3225 1038 3270 καὶ
1063 3219 1200 3290 λόγῳ
1245 3225 1332 3271 καὶ
1366 3219 1468 3291 βίῳ
1522 3230 1708 3281 σεπτῆς
1769 3223 1925 3283 ξυνω-
1958 3249 1996 3300 C

318 3305 493 3384 ρίὸος,
537 3310 794 3380 Ἰγνατίου
834 3318 926 3360 του
991 3312 1256 3382 θεοφορου,
1313 3316 1466 3381 φημὶ,
1511 3317 1598 3362 καὶ
1684 3313 1922 3364 Ἰωάννου

317 3407 411 3449 τού
443 3401 878 3472 χρυσορρημονος
910 3420 922 3431 ·
949 3401 972 3450 ό
1005 3405 1094 3471 μέν
1117 3402 1237 3472 γαρ,
1270 3422 1296 3446 ‹‹
1323 3400 1380 3450 ὐ
1412 3409 1666 3463 τοιουτος,
1703 3425 1726 3447 υ
1772 3409 1921 3472 φησι,

319 3510 348 3536 (ι
373 3487 526 3548 λύκος
551 3507 633 3539 σοι
664 3489 837 3558 άρπαξ
866 3491 1022 3556 ἔστω,
1066 3488 1329 3560 προϐάτου
1389 3491 1582 3560 φθορὰν
1633 3489 1681 3541 ἐν
1721 3491 1924 3561 προϐά-

317 3597 410 3628 του
449 3573 584 3649 δορα
624 3578 1070 3649 κατεργαζόμενος
1097 3598 1108 3609 ·
1147 3581 1199 3629 όν
1250 3575 1387 3648 μηὸε
1431 3580 1722 3652 μαρτυρίου
1795 3582 1925 3651 αἱμα

316 3667 506 3719 πλυναι
584 3667 829 3737 ἰσχύσειν
893 3675 1085 3738 τρανῶς

1163 3666 1503 3738 ἀποοαίνεται
1535 3690 1545 3700 ·
1584 3692 1610 3717 ››
1641 3671 1666 3719 ό
1691 3666 1748 3720 δὲ
1830 3675 1923 3726 την

314 3757 549 3829 γλῶτταν
644 3766 888 3828 χρυσους
971 3761 1061 3807 καὶ
1140 3766 1236 3808 τῶν
1296 3760 1533 3830 αιρετικα
1609 3762 1923 3831 φρονούντων

320 3844 568 3918 δόγματα
588 3852 806 3919 χείρονα
836 3851 922 3897 τόν
968 3851 1062 3903 την
1111 3846 1424 3902 Ἐκκλησίαν
1473 3849 1735 3918 σχίζοντα
1796 3846 1924 3901 εἶναι

321 3932 740 4007 διαμαρτύρεται
771 3955 782 3967 ο
838 3939 927 3986 καὶ
977 3935 1081 4006 οὐχ
1128 3933 1300 3995 ἀπλως
1345 3942 1583 4008 χείρονα,
1635 3936 1760 3988 ἀλλα
1835 3942 1923 3988 καί

320 4027 450 4096 μετά
493 4024 744 4084 πλείστης
797 4026 925 4085 ὅσης
986 4032 1075 4083 τῆς
1131 4023 1416 4086 ἐπιτάσεως
1486 4025 1656 4095 πολλῳ
1735 4027 1924 4098 μαλλον

319 4118 500 4185 χεῖρόν
533 4113 848 4185 φησινῌὸ).
893 4113 1074 4173 Ἀλλος
1119 4110 1179 4165 δέ
1210 4134 1287 4176 τις
1340 4135 1438 4166 των
1493 4115 1672 4186 ἀγίων,
1714 4116 1770 4166 Ὀ
1807 4119 1926 4184 σχί-

320 4204 424 4264 ζων
476 4208 562 4260 τὴν
613 4203 939 4272 Ἐκκλησίαν,
966 4227 993 4252 ››
1049 4210 1200 4276 φησι,
1237 4227 1264 4255 ‹‹
1317 4201 1560 4261 δηλονότι
1620 4202 1926 4277 ὁρθοὸοξίας

319 4297 506 4354 οὔσης,
536 4295 727 4344 ταυτὸν
785 4300 924 4345 ποιεῖ
971 4300 1080 4354 τοῖς
1117 4293 1287 4366 λόγχη
1343 4291 1698 4366 διατρήσασιν
1756 4294 1803 4346 ἐν
1854 4305 1925 4365 τῲ

321 4383 477 4432 πάθει
510 4385 566 4432 τό
596 4389 688 4432 τοῦ
721 4387 916 4453 Κυρίου
971 4391 1140 4454 σῶμα,
1177 4404 1204 4431 ››
1258 4381 1516 4439 Ὀπηνίκα
1576 4381 1635 4434 δέ
1686 4403 1766 4444 τις
1814 4383 1927 4434 ἐπι-

319 4478 505 4546 κρατεῖ
556 4473 780 4544 αῖρεσις,
826 4479 1117 4528 τηνικαῦτα
1168 4473 1193 4523 ό
1249 4470 1524 4543 ἀντιλεγων
1570 4472 1628 4523 οὗ
1715 4478 1928 4544 σχίσμα

320 4563 636 4634 παρεισάγει
814 4559 1101 4632 Ἐκκλησία
1153 4560 1262 4612 ἀλλ’
1311 4559 1410 4612 ἀπο
1464 4565 1779 4633 σχισμάτων
1835 4565 1928 4614 αυ-

321 4655 419 4708 τὴν
445 4650 729 4722 λυτρουται
763 4671 776 4682 ο
810 4653 874 4709 ὥς
900 4669 998 4701 που
1061 4657 1170 4710 τοῖς
1225 4653 1375 4721 ἱεροῖς
1423 4669 1512 4701 και
1568 4651 1721 4711 θείοις
1771 4670 1930 4701 κανο-

322 4759 408 4791 σιν
467 4740 739 4811 εὐστόχως
794 4743 1016 4813 εἴρηται.
1074 4737 1210 4792 Ἀλλ’
1257 4739 1516 4791 ἐπανιτέον
1571 4741 1681 4790 ὅθεν
1757 4739 1930 4802 ἐξέϐη-

318 4850 432 4902 μεν,
463 4836 554 4882 καὶ⁹
585 4831 652 4880 τά
701 4831 857 4902 ὅμοια
910 4836 1016 4888 τοῖς
1067 4825 1174 4886 ἤδη
1231 4825 1442 4903 ῥηθεῖσι
1492 4831 1802 4902 προσθετεον
1860 4849 1930 4900 τω

324 4919 463 4991 λόγῳ
472 4962 484 4974 .

400 5008 474 5065 ιε’,
510 5014 651 5063 Λέων
683 5011 708 5060 ό
748 5012 922 5081 Σοφός,
959 5009 1018 5061 ου’
1057 5015 1146 5061 καὶ
1199 5014 1444 5084 πρότερον
1494 5009 1776 5081 ἐμνήσθην,
1840 5018 1933 5061 NI.-

322 5101 509 5153 κόλαον
531 5106 617 5152 τόν
647 5103 919 5152 Μυστικὸν
950 5107 1041 5151 τοῦ
1093 5101 1274 5173 ὑρόνου
1334 5097 1527 5159 ἀδίκως
1583 5099 1799 5162 ἐξώσας,
1851 5104 1930 5152 οτι

322 5197 396 5265 μὴ
455 5197 791 5263 παραχωρῶν
841 5185 901 5247 ἦν
952 5189 1091 5260 αὐτῷ
1155 5196 1248 5246 την
1309 5195 1690 5264 τετραγαμίαν,
1770 5191 1929 5243 Εὐθυ-

323 5303 440 5355 μιον
480 5285 568 5332 τόν
621 5278 896 5352 συγκελλον
946 5281 1286 5351 πατριάρχην
1342 5277 1614 5342 ἀνέδειξεν,
1663 5281 1798 5332 ’ΛλλΪ
1850 5283 1932 5334 ότε

322 5377 413 5446 μὲν
445 5375 470 5424 ο
506 5376 646 5424 Λέων
687 5370 836 5432 οὗτος
883 5369 1098 5433 ἀπεϐίω,
1151 5367 1486 5444 Ἀλέξανδρος
1538 5368 1594 5423 δὲ
1641 5374 1663 5423 ό
1717 5369 1932 5444 ἀνῖελυος

327 5463 490 5514 αὐτοῦ
535 5466 630 5519 τὴν
683 5459 949 5532 βασίλειον
1000 5457 1175 5532 ἀρχὴν
1230 5461 1529 5531 ᾠκειώσατο
1591 5461 1778 5532 ἐαυτῷ,
1847 5483 1932 5513 τον

396 5643 511 5723 (tri)
541 5643 874 5723 Utrumque
896 5639 1125 5723 dictum
1153 5645 1275 5723 tam
1300 5642 1507 5723 lgnatii
1534 5657 1722 5723 quam
1746 5643 1933 5723 Qhry-

323 5712 575 5771 sostomi
601 5719 799 5768 exstat
827 5713 887 5768 in
916 5712 1095 5782 hujus
1127 5714 1411 5784 postremi
1441 5712 1692 5769 homilia
1744 5715 1806 5768 XI
1862 5712 1928 5770 in

323 5787 500 5862 epist.
523 5785 604 5843 ad
625 5785 837 5858 Ephes.
869 5787 1050 5841 Porro
1073 5785 1287 5855 lgnatii
1315 5785 1546 5843 dictum
1574 5787 1717 5843 citat
1745 5787 1927 5844 etiam

2018 633 2343 702 apostolus.
2370 651 2404 688 a
2437 634 2738 689 nonnullis
2770 635 2939 697 tiunt,
2963 648 3035 686 ea
3068 632 3228 686 dictu
3261 647 3506 703 quoque
3539 639 3663 686 tur-

2019 724 2111 792 pia
2141 728 2297 776 sunt.
2335 723 2447 778 Sed
2479 725 2635 778 enim
2664 724 2790 777 haec
2823 728 3158 776 vestrarum
3190 721 3452 792 partium
3481 721 3669 775 homi-

2017 825 2125 864 nes
2157 813 2415 868 maxime
2443 818 2682 874 norunt,
2713 812 2815 884 qui
2847 811 3065 865 deinde
3120 826 3154 864 τι
3210 816 3406 864 vestro
3469 825 3668 864 errore

2017 901 2448 973 resipiscentes,
2502 904 2676 958 nobis
2708 902 3133 974 patefecerunt,
3167 915 3290 954 non
3319 901 3444 955 sine
3479 899 3668 953 multo

2016 987 2223 1044 dolore
2250 1007 2318 1046 ac
2340 991 2621 1062 lacrymis
2643 1007 2767 1045 rem
2794 989 3162 1044 confitentes.
3193 991 3316 1054 Age
3341 1004 3481 1043 vero
3504 987 3668 1060 quod

2012 1077 2140 1146 jam
2170 1079 2312 1140 dixi,
2338 1080 2703 1136 venerabiles
2735 1079 2816 1134 illi
2847 1078 2954 1132 viri
2983 1078 3192 1145 lingua
3223 1084 3278 1131 et
3313 1078 3548 1147 scriptis
3589 1077 3669 1130 in-

2018 1172 2416 1238 temperanter
2447 1185 2589 1223 sane
2617 1170 2706 1222 usi
2739 1174 2875 1222 sunt
2904 1185 2915 1221 :
2947 1166 3219 1221 divinum
3247 1172 3449 1220 autem
3481 1164 3666 1219 Eccle-

2019 1256 2119 1309 siae
2144 1257 2460 1326 judicium,
2502 1256 2795 1329 quidquid
2832 1255 3276 1310 inimicitiarum
3316 1260 3583 1324 tempore
3617 1259 3673 1308 et

2018 1351 2166 1399 testu
2196 1344 2422 1400 dictum
2447 1347 2807 1417 scriptumve
2835 1344 2960 1407 fuit,
2981 1343 3364 1398 anathemate
3388 1341 3664 1412 synodali

2018 1433 2268 1504 perculit
2310 1454 2321 1489 :
2367 1435 2689 1490 verborum
2715 1449 2857 1487 vero
2889 1432 3370 1504 scriptorumque
3397 1435 3672 1486 auctores

2021 1529 2402 1593 peramanter
2423 1539 2634 1578 omnes
2688 1523 2911 1593 recipit,
2963 1527 3321 1592 aeternaeque
3366 1519 3672 1574 memoriae

2020 1611 2310 1667 honorem
2329 1615 2557 1668 cunctis
2579 1629 2748 1684 teque
2768 1628 2872 1684 per
2893 1626 3130 1665 sacrum
3154 1610 3331 1664 ritum
3355 1611 3670 1664 acclamat.

2101 1705 2181 1758 14.
2210 1703 2363 1767 Quid
2392 1709 2590 1758 autem
2622 1703 2760 1757 hinc
2799 1701 3087 1756 docemur
3115 1700 3142 1754 ’ἶ
3173 1703 3396 1770 Nempe
3458 1700 3675 1752 rectius

2021 1793 2146 1846 ﬁeri
2175 1794 2221 1848 si
2249 1794 2563 1848 consensio
2592 1799 2648 1848 et
2677 1808 2796 1864 pax
2826 1791 2976 1846 inter
3000 1790 3369 1845 orthodoxos
3401 1788 3674 1843 Christia-

2022 1897 2132 1937 n0s
2153 1882 2401 1937 ﬁrmiter
2430 1881 2921 1952 concorditerque
2943 1896 3080 1934 cum
3111 1880 3206 1933 Dei
3223 1878 3432 1933 timore
3458 1883 3515 1932 et
3535 1877 3671 1932 cha-

2023 1974 2190 2027 ritate
2224 1978 2510 2038 servetur,
2538 1987 2721 2043 quam
2752 1972 2818 2030 si,
2853 1970 2996 2024 dum
3045 1974 3148 2038 jus
3175 1984 3483 2022 summum
3514 1967 3677 2020 vide-

2022 2061 2470 2133 murpersequi,
2494 2060 2831 2116 formosum
2861 2058 3128 2113 Ecclesiae
3171 2057 3513 2112 Christianae
3552 2070 3676 2109 cor-

2024 2165 2138 2221 pus
2160 2149 2597 2222 discerpamus.
2624 2173 2649 2196 ‹‹
2677 2151 2740 2204 In
2758 2149 2871 2203 hoc
2897 2147 3080 2214 enim,
3107 2171 3132 2192 ››
3150 2147 3342 2217 inquit
3366 2144 3673 2213 Dominus,

2028 2261 2054 2288 ι(
2088 2245 2409 2306 cognoscet
2429 2237 2867 2309 mundusquod
2881 2235 3154 2307 discipuli
3171 2235 3280 2290 mei
3298 2235 3611 2301 estis,(non
3630 2232 3678 2286 si

2027 2329 2399 2398 summojuri
2431 2329 2734 2382 mordicus
2765 2325 3175 2390 adhmseritus,
3205 2328 3438 2392 verum)
3467 2323 3515 2377 si
3535 2323 3680 2377 invi-

2027 2434 2157 2473 cem
2190 2418 2527 2472 dilexeritis.
2566 2440 2592 2465 ››
2623 2417 2732 2482 Qui
2756 2417 2935 2485 igitur
2986 2415 3065 2470 ob
3123 2413 3376 2484 alicujus
3434 2411 3681 2468 tutelam

2027 2509 2272 2563 canonis
2294 2508 2500 2563 turbas
2521 2508 2632 2562 ciet
2654 2506 3096 2577 seditionesque
3119 2507 3478 2568 commovet,
3504 2507 3683 2572 atque

2028 2595 2297 2652 Ecclesiae
2325 2612 2542 2668 corpus
2573 2596 2874 2659 discindit,
2907 2595 2978 2664 (si
3005 2592 3188 2648 modo
3215 2609 3286 2648 ea
3308 2591 3446 2646 fidei
3470 2591 3683 2662 purita-

2027 2692 2145 2742 tem
2160 2686 2450 2752 retineat),
2473 2685 2590 2749 hic,
2616 2683 2885 2756 inquam,
2905 2683 3299 2754 quantumvis
3321 2697 3381 2735 se
3400 2680 3685 2748 religione

2026 2780 2368 2847 permotum
2401 2779 2688 2842 autumet,
2725 2772 2906 2827 nescit
2928 2778 3129 2827 tamen
3166 2770 3686 2841 (frematquisque

2027 2864 2181 2929 licet,
2209 2863 2409 2918 dicam
2440 2862 2605 2935 quod
2621 2861 3363 2932 sentio),nescit,inquam,
3391 2876 3452 2914 se
3474 2859 3688 2931 lupum

2031 2970 2160 3010 esse
2186 2954 2312 3008 ovis
2345 2953 2495 3024 pelle
2526 2952 2888 3012 confectum,
2915 2952 3250 3023 rapinaque
3291 2955 3345 3006 et
3385 2949 3525 3005 dolo
3551 2965 3689 3004 con-

2033 3050 2280 3098 cretum.
2315 3046 2515 3114 Neque
2548 3057 2687 3096 vero
2718 3041 2863 3096 mihi
2902 3041 3228 3112 quisquam
3284 3043 3634 3094 succenseat
3673 3056 3688 3104 ;

2033 3149 2155 3188 non
2185 3132 2344 3186 enim
2368 3147 2539 3186 meus
2560 3131 2654 3185 hic
2677 3144 2874 3184 sermo
2935 3135 3043 3197 est,
3120 3129 3224 3183 sed
3272 3128 3535 3183 duorum
3584 3127 3688 3198 qui

2033 3228 2252 3279 terram
2276 3221 2621 3276 universum
2639 3220 2816 3275 verbo
2828 3235 2896 3274 ac
2910 3218 3181 3273 moribus
3213 3218 3581 3272 illustravere
3608 3215 3688 3271 vi-

2033 3328 2260 3376 rorum,
2287 3310 2800 3382 lgnatii,inquam,
2822 3309 3136 3379 theophori
3156 3314 3212 3363 et
3230 3305 3477 3362 Jbannis
3513 3307 3692 3376 Chry-

2038 3400 2308 3456 sostomi.
2342 3401 2434 3454 Ait
2464 3400 2622 3453 enim
2654 3399 2891 3452 disertis
2921 3397 3115 3452 verbis
3147 3397 3413 3466 lgnatius
3478 3416 3489 3451 :
3527 3421 3548 3442 ‹ι
3591 3396 3688 3450 Hic

2035 3490 2139 3546 tibi
2169 3490 2291 3561 lupi
2323 3490 2509 3543 instar
2537 3489 2775 3560 rapacis
2804 3488 2895 3552 sit,
2928 3488 3030 3558 qui
3062 3489 3226 3558 gregi
3275 3487 3518 3542 exitium
3575 3486 3689 3540 sub

2035 3581 2160 3634 ovis
2191 3579 2341 3650 pelle
2369 3578 2628 3632 molitur.
2656 3580 2818 3632 Hunc
2850 3593 2924 3632 ne
2956 3577 3225 3647 martyrii
3257 3576 3498 3648 qu1dem
3556 3589 3691 3629 san-

2035 3670 2166 3737 guis
2199 3667 2535 3722 mundabit.
2572 3691 2598 3716 ›ο
2622 3667 3089 3738 Chrysostomus
3122 3671 3323 3721 autem
3379 3665 3690 3720 hominem

2035 3760 2138 3830 qui
2170 3758 2431 3812 schisma
2457 3759 2516 3811 in
2558 3756 2816 3811 Ecclesia
2875 3756 3032 3819 facit,
3090 3756 3357 3827 pejorem
3414 3754 3691 3809 haeretico

2035 3865 2164 3902 esse
2195 3852 2484 3915 testatur;
2516 3861 2710 3917 neque
2743 3844 3165 3900 tantummodo
3211 3845 3479 3916 pejorem
3528 3843 3692 3910 dicit,

2034 3953 2243 3991 verum
2274 3952 2411 3990 cum
2445 3951 2687 3990 summa
2725 3935 3000 4006 emphasi
3026 3933 3214 3989 multo
3236 3934 3505 4004 pejorem
3565 3949 3693 3987 esse

2033 4026 2404 4097 pronuntiat.
2437 4025 2596 4079 Alius
2618 4041 2759 4079 vero
2786 4029 3028 4079 sanctus
3056 4023 3147 4077 vir
3175 4022 3465 4095 quidam:
3506 4046 3524 4071 ι
3585 4023 3694 4086 Qui

2038 4114 2380 4172 Ecclesiam.
2396 4113 2587 4184 inquit
2599 4113 2957 4171 (dummodo
2973 4111 3440 4179 sitorthodoxa),
3455 4111 3692 4177 scindit,

2036 4203 2250 4259 eodem
2309 4219 2370 4257 se
2437 4201 2751 4272 obstringit
2806 4201 3045 4263 scelere,
3107 4207 3287 4273 atque
3311 4200 3392 4255 illi
3418 4201 3561 4256 olim
3592 4201 3696 4273 qui

2041 4293 2406 4349 Dominicum
2423 4290 3324 4362 corpuslanceatransfoderunt
3344 4313 3371 4338 »
3388 4290 3696 4346 Verumta-

2038 4399 2178 4438 men
2207 4383 2250 4436 si
2280 4398 2403 4453 qua
2432 4381 2678 4436 lueresis
2714 4383 2862 4436 forte
2895 4381 3186 4448 inciderit,
3216 4392 3357 4436 tunc
3375 4381 3621 4436 demum
3649 4381 3699 4435 is

2038 4472 2140 4545 qui
2165 4472 2531 4537 adversatur,
2555 4470 2716 4524 haud
2738 4470 3003 4526 schisma
3030 4472 3089 4526 in
3119 4470 3436 4525 licclesiam
3456 4469 3696 4538 invehit,

2042 4562 2149 4617 sed
2202 4562 2359 4617 hanc
2391 4575 2426 4614 a
2459 4560 2782 4616 schismate
2813 4560 3089 4632 prohibet
3123 4579 3135 4627 ;
3193 4559 3368 4614 veluti
3419 4560 3479 4614 in
3515 4559 3701 4614 sacris

2040 4651 2379 4722 divinisque
2402 4649 2736 4705 canonibus
2762 4647 3061 4722 sapienter
3075 4650 3566 4706 animadversum
3587 4654 3698 4704 est.

2043 4743 2154 4797 Sed
2182 4740 2341 4796 illuc.
2375 4739 2534 4794 unde
2591 4739 3001 4796 discessimus.
3054 4739 3433 4795 redeundum
3492 4746 3603 4806 est,
3647 4744 3704 4794 et

2043 4841 2332 4902 susceptae
2363 4830 2626 4884 materiae
2666 4835 2835 4885 tenor
2873 4829 3342 4886 continuandus.

2119 5017 2200 5066 133.
2228 5013 2339 5065 Leo
2363 5009 2636 5081 Sapiens,
2650 5027 2834 5082 quem
2855 5011 2982 5080 jam
2997 5015 3175 5066 antea
3207 5025 3338 5065 com
3351 5009 3704 5072 memoravi,

2041 5101 2280 5158 Nicolao
2312 5101 2554 5172 Mystico
2585 5115 2690 5170 per
2732 5100 2851 5155 vim
2895 5100 3179 5170 injustam
3225 5099 3503 5171 depulso,
3559 5099 3706 5170 quia

2041 5193 2283 5264 nuptias
2312 5192 2362 5246 ei
2395 5196 2641 5262 quartas
2674 5206 2794 5246 non
2813 5191 3537 5261 annuebat,Euthymium
3565 5205 3706 5260 syn-

2043 5283 2258 5339 cellum
2290 5281 2693 5352 patriarcham
2725 5281 2879 5336 fecit.
2902 5280 3019 5335 Sed
3042 5281 3202 5335 enim
3230 5286 3465 5336 mortuo
3492 5282 3703 5348 Leone,

2043 5371 2378 5428 Alexander
2408 5371 2586 5425 frater
2613 5372 2662 5440 ej
2677 5387 2765 5432 us.
2788 5370 3040 5442 imperio
3071 5370 3148 5425 ad
3179 5386 3242 5424 se
3270 5369 3579 5424 translato.
3606 5371 3709 5423 Eu-

2043 5461 2343 5533 thymium
2375 5459 2672 5530 deposuit,
2705 5459 3084 5532 propria-eque
3115 5459 3239 5514 sedi
3261 5459 3511 5514 restituit
3541 5458 3709 5514 Nico-

2043 5643 2303 5696 Joannes
2359 5638 2763 5694 Antiochenus
2812 5638 2977 5710 apud
3035 5637 3386 5710 Cotelerium
3443 5639 3705 5710 Monum.

2044 5713 2197 5841 Eccl.
2231 5715 2324 5767 Gr.
2358 5718 2397 5767 t.
2427 5712 2470 5781 I,
2503 5726 2643 5783 pag.
2681 5713 2799 5766 176.
2822 5708 2940 5780 ,_ut
2984 5713 3113 5781 jam
3171 5708 3514 5767 observavit
3571 5712 3708 5766 Gra-

2089 5801 2207 5841 ius.
