  <div class='ocr_page' id='page_1' title='image "/cluster/home/n/w/nwhite01/storage/ocr_20150623/140/nnc1.0046979905/413.png"; bbox 0 0 4484 6446; ppageno 0'>
   <div class='ocr_carea' id='block_1_1' title="bbox 786 439 895 495">
    <p class='ocr_par' dir='ltr' id='par_1_1' title="bbox 786 439 895 495">
     <span class='ocr_line' id='line_1_1' title="bbox 786 439 895 495; baseline 0.009 -1"><span class='ocrx_word' id='word_1_1' title='bbox 786 439 895 495; x_wconf 84' lang='lat'><strong>799</strong></span> 
     </span>
    </p>
   </div>
   <div class='ocr_carea' id='block_1_2' title="bbox 2116 437 2825 499">
    <p class='ocr_par' dir='ltr' id='par_1_2' title="bbox 2116 437 2825 499">
     <span class='ocr_line' id='line_1_2' title="bbox 2116 437 2825 499; baseline -0.007 -1"><span class='ocrx_word' id='word_1_2' title='bbox 2116 438 2451 499; x_wconf 79' lang='lat' dir='ltr'><strong>METHODII</strong></span> <span class='ocrx_word' id='word_1_3' title='bbox 2486 437 2825 497; x_wconf 79' lang='lat' dir='ltr'><strong>MONACHI.</strong></span> 
     </span>
    </p>
   </div>
   <div class='ocr_carea' id='block_1_3' title="bbox 4052 432 4159 490">
    <p class='ocr_par' dir='ltr' id='par_1_3' title="bbox 4052 432 4159 490">
     <span class='ocr_line' id='line_1_3' title="bbox 4052 432 4159 490; baseline 0.009 -1"><span class='ocrx_word' id='word_1_4' title='bbox 4052 432 4159 490; x_wconf 87' lang='lat'><strong>800</strong></span> 
     </span>
    </p>
   </div>
   <div class='ocr_carea' id='block_1_4' title="bbox 787 553 2558 639">
    <p class='ocr_par' dir='ltr' id='par_1_4' title="bbox 787 560 2558 639">
     <span class='ocr_line' id='line_1_4' title="bbox 787 560 2558 639; baseline 0.001 -21"><span class='ocrx_word' id='word_1_5' title='bbox 787 560 973 620; x_wconf 90' lang='lat' dir='ltr'><strong>laum.</strong></span> <span class='ocrx_word' id='word_1_6' title='bbox 987 563 1118 619; x_wconf 86' lang='lat' dir='ltr'><strong>Jam</strong></span> <span class='ocrx_word' id='word_1_7' title='bbox 1138 561 1252 619; x_wconf 89' lang='lat' dir='ltr'><strong>hos</strong></span> <span class='ocrx_word' id='word_1_8' title='bbox 1273 562 1488 621; x_wconf 88' lang='lat' dir='ltr'><strong>ambos</strong></span> <span class='ocrx_word' id='word_1_9' title='bbox 1514 565 1775 624; x_wconf 83' lang='lat' dir='ltr'><strong>Ecclesia</strong></span> <span class='ocrx_word' id='word_1_10' title='bbox 1795 565 2035 639; x_wconf 79' lang='lat' dir='ltr'><strong>recepit,</strong></span> <span class='ocrx_word' id='word_1_11' title='bbox 2060 565 2207 639; x_wconf 89' lang='lat' dir='ltr'><strong>quia</strong></span> <span class='ocrx_word' id='word_1_12' title='bbox 2227 563 2451 622; x_wconf 85' lang='lat' dir='ltr'><strong>scilicet</strong></span> <span class='ocrx_word' id='word_1_13' title='bbox 2480 564 2527 619; x_wconf 79' lang='grc' dir='ltr'><strong>Α</strong></span> <span class='ocrx_word' id='word_1_14' title='bbox 2556 627 2558 635; x_wconf 26' lang='grc' dir='ltr'><strong>η</strong></span> 
     </span>
    </p>
   </div>
   <div class='ocr_carea' id='block_1_5' title="bbox 2390 553 4161 639">
    <p class='ocr_par' dir='ltr' id='par_1_5' title="bbox 2390 553 4161 637">
     <span class='ocr_line' id='line_1_5' title="bbox 2390 553 4161 637; baseline -0.006 -16"><span class='ocrx_word' id='word_1_15' title='bbox 2390 566 2451 622; x_wconf 88' lang='lat' dir='ltr'><strong>et</strong></span> <span class='ocrx_word' id='word_1_16' title='bbox 2480 564 2527 619; x_wconf 78' lang='grc' dir='ltr'><strong>Α</strong></span> <span class='ocrx_word' id='word_1_17' title='bbox 2556 565 2647 636; x_wconf 62' lang='grc' dir='ltr'><strong>μὲν</strong></span> <span class='ocrx_word' id='word_1_18' title='bbox 2674 562 2934 637; x_wconf 78' lang='grc' dir='ltr'>Εὐθύμιον</span> <span class='ocrx_word' id='word_1_19' title='bbox 2960 567 3052 614; x_wconf 75' lang='grc' dir='ltr'><strong>τοῦ</strong></span> <span class='ocrx_word' id='word_1_20' title='bbox 3103 560 3283 635; x_wconf 81' lang='grc' dir='ltr'><strong>θρόνου</strong></span> <span class='ocrx_word' id='word_1_21' title='bbox 3329 556 3552 630; x_wconf 76' lang='grc' dir='ltr'><strong>καθεῖλε,</strong></span> <span class='ocrx_word' id='word_1_22' title='bbox 3602 555 3859 611; x_wconf 73' lang='grc' dir='ltr'>Νικόλαον</span> <span class='ocrx_word' id='word_1_23' title='bbox 3881 553 3941 612; x_wconf 56' lang='grc' dir='ltr'><strong>δι</strong></span> <span class='ocrx_word' id='word_1_24' title='bbox 4005 554 4161 621; x_wconf 78' lang='grc' dir='ltr'>αὖθις</span> 
     </span>
    </p>
   </div>
   <div class='ocr_carea' id='block_1_6' title="bbox 788 650 2445 727">
    <p class='ocr_par' dir='ltr' id='par_1_6' title="bbox 788 650 2445 727">
     <span class='ocr_line' id='line_1_6' title="bbox 788 650 2445 727; baseline 0.002 -20"><span class='ocrx_word' id='word_1_25' title='bbox 788 650 1105 707; x_wconf 78' lang='lat' dir='ltr'><strong>orthodoxi</strong></span> <span class='ocrx_word' id='word_1_26' title='bbox 1134 656 1328 721; x_wconf 89' lang='lat' dir='ltr'><strong>erant,</strong></span> <span class='ocrx_word' id='word_1_27' title='bbox 1357 658 1414 710; x_wconf 92' lang='lat' dir='ltr'><strong>et</strong></span> <span class='ocrx_word' id='word_1_28' title='bbox 1438 654 1585 727; x_wconf 82' lang='lat' dir='ltr'><strong>quia</strong></span> <span class='ocrx_word' id='word_1_29' title='bbox 1611 671 1814 713; x_wconf 89' lang='lat' dir='ltr'><strong>sacras</strong></span> <span class='ocrx_word' id='word_1_30' title='bbox 1840 655 2004 725; x_wconf 81' lang='lat' dir='ltr'><strong>leges</strong></span> <span class='ocrx_word' id='word_1_31' title='bbox 2032 654 2445 727; x_wconf 82' lang='lat' dir='ltr'><strong>protegebant:</strong></span> 
     </span>
    </p>
   </div>
   <div class='ocr_carea' id='block_1_7' title="bbox 787 740 2448 816">
    <p class='ocr_par' dir='ltr' id='par_1_7' title="bbox 787 740 2448 816">
     <span class='ocr_line' id='line_1_7' title="bbox 787 740 2448 816; baseline 0.002 -20"><span class='ocrx_word' id='word_1_32' title='bbox 787 754 934 796; x_wconf 90' lang='lat' dir='ltr'><strong>nam</strong></span> <span class='ocrx_word' id='word_1_33' title='bbox 963 740 1386 812; x_wconf 88' lang='lat' dir='ltr'><strong>etEuthymius</strong></span> <span class='ocrx_word' id='word_1_34' title='bbox 1412 743 1741 816; x_wconf 89' lang='lat' dir='ltr'><strong>plurimum</strong></span> <span class='ocrx_word' id='word_1_35' title='bbox 1769 744 2109 801; x_wconf 89' lang='lat' dir='ltr'><strong>laborrasse</strong></span> <span class='ocrx_word' id='word_1_36' title='bbox 2130 743 2346 799; x_wconf 91' lang='lat' dir='ltr'><strong>dicitur</strong></span> <span class='ocrx_word' id='word_1_37' title='bbox 2373 757 2448 799; x_wconf 90' lang='lat' dir='ltr'><strong>ne</strong></span> 
     </span>
    </p>
   </div>
   <div class='ocr_carea' id='block_1_8' title="bbox 786 830 2444 906">
    <p class='ocr_par' dir='ltr' id='par_1_8' title="bbox 786 830 2444 906">
     <span class='ocr_line' id='line_1_8' title="bbox 786 830 2444 906; baseline 0.002 -23"><span class='ocrx_word' id='word_1_38' title='bbox 786 832 1035 901; x_wconf 83' lang='lat' dir='ltr'><strong>quartas</strong></span> <span class='ocrx_word' id='word_1_39' title='bbox 1065 830 1309 901; x_wconf 84' lang='lat' dir='ltr'><strong>nuptias</strong></span> <span class='ocrx_word' id='word_1_40' title='bbox 1345 834 1457 889; x_wconf 87' lang='lat' dir='ltr'><strong>Leo</strong></span> <span class='ocrx_word' id='word_1_41' title='bbox 1484 832 1810 906; x_wconf 81' lang='lat' dir='ltr'><strong>imperator</strong></span> <span class='ocrx_word' id='word_1_42' title='bbox 1835 832 1959 889; x_wconf 89' lang='lat' dir='ltr'><strong>lata</strong></span> <span class='ocrx_word' id='word_1_43' title='bbox 1983 833 2113 903; x_wconf 83' lang='lat' dir='ltr'><strong>lege</strong></span> <span class='ocrx_word' id='word_1_44' title='bbox 2145 832 2400 889; x_wconf 83' lang='lat' dir='ltr'><strong>sanciret</strong></span> <span class='ocrx_word' id='word_1_45' title='bbox 2431 848 2444 887; x_wconf 91' lang='lat'><strong>:</strong></span> 
     </span>
    </p>
   </div>
   <div class='ocr_carea' id='block_1_9' title="bbox 785 915 2448 993">
    <p class='ocr_par' dir='ltr' id='par_1_9' title="bbox 785 915 2448 993">
     <span class='ocr_line' id='line_1_9' title="bbox 785 915 2448 993; baseline 0.002 -21"><span class='ocrx_word' id='word_1_46' title='bbox 785 915 954 990; x_wconf 91' lang='lat' dir='ltr'><strong>quod</strong></span> <span class='ocrx_word' id='word_1_47' title='bbox 982 932 1197 991; x_wconf 87' lang='lat' dir='ltr'><strong>reapse</strong></span> <span class='ocrx_word' id='word_1_48' title='bbox 1227 919 1587 993; x_wconf 87' lang='lat' dir='ltr'><strong>impetravit.</strong></span> <span class='ocrx_word' id='word_1_49' title='bbox 1633 922 1747 979; x_wconf 89' lang='lat' dir='ltr'><strong>Sed</strong></span> <span class='ocrx_word' id='word_1_50' title='bbox 1778 921 1856 979; x_wconf 89' lang='lat' dir='ltr'><strong>ad</strong></span> <span class='ocrx_word' id='word_1_51' title='bbox 1910 922 2268 979; x_wconf 90' lang='lat' dir='ltr'><strong>recentiores</strong></span> <span class='ocrx_word' id='word_1_52' title='bbox 2317 920 2448 992; x_wconf 87' lang='lat' dir='ltr'><strong>jam</strong></span> 
     </span>
    </p>
   </div>
   <div class='ocr_carea' id='block_1_10' title="bbox 784 1004 2446 1083">
    <p class='ocr_par' dir='ltr' id='par_1_10' title="bbox 784 1004 2446 1083">
     <span class='ocr_line' id='line_1_10' title="bbox 784 1004 2446 1083; baseline 0.002 -22"><span class='ocrx_word' id='word_1_53' title='bbox 784 1004 1163 1062; x_wconf 86' lang='lat' dir='ltr'><strong>accedamus.</strong></span> <span class='ocrx_word' id='word_1_54' title='bbox 1198 1009 1431 1066; x_wconf 87' lang='lat' dir='ltr'><strong>Manuel</strong></span> <span class='ocrx_word' id='word_1_55' title='bbox 1450 1010 1777 1083; x_wconf 87' lang='lat' dir='ltr'><strong>imperator</strong></span> <span class='ocrx_word' id='word_1_56' title='bbox 1803 1012 2143 1067; x_wconf 87' lang='lat' dir='ltr'><strong>Comnenus</strong></span> <span class='ocrx_word' id='word_1_57' title='bbox 2170 1014 2446 1066; x_wconf 90' lang='lat' dir='ltr'><strong>sanctum</strong></span> 
     </span>
    </p>
   </div>
   <div class='ocr_carea' id='block_1_11' title="bbox 784 1093 2447 1171">
    <p class='ocr_par' dir='ltr' id='par_1_11' title="bbox 784 1093 2447 1171">
     <span class='ocr_line' id='line_1_11' title="bbox 784 1093 2447 1171; baseline 0.003 -21"><span class='ocrx_word' id='word_1_58' title='bbox 784 1093 1191 1166; x_wconf 87' lang='lat' dir='ltr'><strong>patriarcham</strong></span> <span class='ocrx_word' id='word_1_59' title='bbox 1217 1098 1495 1154; x_wconf 89' lang='lat' dir='ltr'><strong>Cosmam</strong></span> <span class='ocrx_word' id='word_1_60' title='bbox 1521 1103 1924 1171; x_wconf 86' lang='lat' dir='ltr'><strong>cognomento</strong></span> <span class='ocrx_word' id='word_1_61' title='bbox 1949 1099 2206 1155; x_wconf 80' lang='lat' dir='ltr'><strong>Atticum</strong></span> <span class='ocrx_word' id='word_1_62' title='bbox 2229 1098 2447 1169; x_wconf 86' lang='lat' dir='ltr'><strong>injuste</strong></span> 
     </span>
    </p>
   </div>
   <div class='ocr_carea' id='block_1_12' title="bbox 786 1183 2447 1262">
    <p class='ocr_par' dir='ltr' id='par_1_12' title="bbox 786 1183 2447 1262">
     <span class='ocr_line' id='line_1_12' title="bbox 786 1183 2447 1262; baseline 0.004 -24"><span class='ocrx_word' id='word_1_63' title='bbox 786 1183 929 1239; x_wconf 85' lang='lat' dir='ltr'><strong>sede</strong></span> <span class='ocrx_word' id='word_1_64' title='bbox 950 1183 1222 1257; x_wconf 79' lang='lat' dir='ltr'><strong>detraxit,</strong></span> <span class='ocrx_word' id='word_1_65' title='bbox 1258 1186 1374 1242; x_wconf 87' lang='lat' dir='ltr'><strong>alio</strong></span> <span class='ocrx_word' id='word_1_66' title='bbox 1407 1187 1766 1257; x_wconf 86' lang='lat' dir='ltr'><strong>substituto;</strong></span> <span class='ocrx_word' id='word_1_67' title='bbox 1805 1204 1993 1262; x_wconf 87' lang='lat' dir='ltr'><strong>quam</strong></span> <span class='ocrx_word' id='word_1_68' title='bbox 2022 1204 2148 1244; x_wconf 92' lang='lat' dir='ltr'><strong>rem</strong></span> <span class='ocrx_word' id='word_1_69' title='bbox 2168 1188 2320 1244; x_wconf 87' lang='lat' dir='ltr'><strong>sacri</strong></span> <span class='ocrx_word' id='word_1_70' title='bbox 2354 1203 2447 1244; x_wconf 89' lang='lat' dir='ltr'><strong>ca-</strong></span> 
     </span>
    </p>
   </div>
   <div class='ocr_carea' id='block_1_13' title="bbox 783 1275 2445 1350">
    <p class='ocr_par' dir='ltr' id='par_1_13' title="bbox 783 1275 2445 1350">
     <span class='ocr_line' id='line_1_13' title="bbox 783 1275 2445 1350; baseline 0.002 -21"><span class='ocrx_word' id='word_1_71' title='bbox 783 1287 973 1329; x_wconf 89' lang='lat' dir='ltr'><strong>nones</strong></span> <span class='ocrx_word' id='word_1_72' title='bbox 1004 1277 1230 1333; x_wconf 90' lang='lat' dir='ltr'><strong>vetant.</strong></span> <span class='ocrx_word' id='word_1_73' title='bbox 1268 1275 1382 1332; x_wconf 91' lang='lat' dir='ltr'><strong>Sed</strong></span> <span class='ocrx_word' id='word_1_74' title='bbox 1411 1280 1614 1334; x_wconf 89' lang='lat' dir='ltr'><strong>tamen</strong></span> <span class='ocrx_word' id='word_1_75' title='bbox 1665 1278 1926 1335; x_wconf 83' lang='lat' dir='ltr'><strong>Ecclesia</strong></span> <span class='ocrx_word' id='word_1_76' title='bbox 1979 1278 2141 1333; x_wconf 90' lang='lat' dir='ltr'><strong>hunc</strong></span> <span class='ocrx_word' id='word_1_77' title='bbox 2202 1292 2445 1350; x_wconf 90' lang='lat' dir='ltr'><strong>quoque</strong></span> 
     </span>
    </p>
   </div>
   <div class='ocr_carea' id='block_1_14' title="bbox 782 1361 2444 1439">
    <p class='ocr_par' dir='ltr' id='par_1_14' title="bbox 782 1361 2444 1439">
     <span class='ocr_line' id='line_1_14' title="bbox 782 1361 2444 1439; baseline 0.002 -22"><span class='ocrx_word' id='word_1_78' title='bbox 782 1361 1225 1435; x_wconf 84' lang='lat' dir='ltr'><strong>recepit,neque</strong></span> <span class='ocrx_word' id='word_1_79' title='bbox 1254 1364 1564 1422; x_wconf 91' lang='lat' dir='ltr'><strong>ordinatos</strong></span> <span class='ocrx_word' id='word_1_80' title='bbox 1598 1366 1675 1423; x_wconf 94' lang='lat' dir='ltr'><strong>ab</strong></span> <span class='ocrx_word' id='word_1_81' title='bbox 1725 1382 1796 1423; x_wconf 94' lang='lat' dir='ltr'><strong>eo</strong></span> <span class='ocrx_word' id='word_1_82' title='bbox 1853 1365 2214 1439; x_wconf 89' lang='lat' dir='ltr'><strong>repudiavit,</strong></span> <span class='ocrx_word' id='word_1_83' title='bbox 2272 1365 2444 1432; x_wconf 88' lang='lat' dir='ltr'><strong>Quod</strong></span> 
     </span>
    </p>
   </div>
   <div class='ocr_carea' id='block_1_15' title="bbox 782 1450 2444 1529">
    <p class='ocr_par' dir='ltr' id='par_1_15' title="bbox 782 1450 2444 1529">
     <span class='ocr_line' id='line_1_15' title="bbox 782 1450 2444 1529; baseline 0.002 -24"><span class='ocrx_word' id='word_1_84' title='bbox 782 1464 925 1506; x_wconf 89' lang='lat' dir='ltr'><strong>vero</strong></span> <span class='ocrx_word' id='word_1_85' title='bbox 938 1450 1256 1522; x_wconf 68' lang='lat' dir='ltr'><strong>praedictus</strong></span> <span class='ocrx_word' id='word_1_86' title='bbox 1269 1454 1516 1511; x_wconf 89' lang='lat' dir='ltr'><strong>Cosmas</strong></span> <span class='ocrx_word' id='word_1_87' title='bbox 1527 1456 1871 1529; x_wconf 84' lang='lat' dir='ltr'><strong>patriarcha</strong></span> <span class='ocrx_word' id='word_1_88' title='bbox 1888 1455 2077 1511; x_wconf 91' lang='lat' dir='ltr'><strong>multa</strong></span> <span class='ocrx_word' id='word_1_89' title='bbox 2090 1470 2235 1525; x_wconf 87' lang='lat' dir='ltr'><strong>erga</strong></span> <span class='ocrx_word' id='word_1_90' title='bbox 2258 1457 2444 1510; x_wconf 88' lang='lat' dir='ltr'><strong>Deum</strong></span> 
     </span>
    </p>
   </div>
   <div class='ocr_carea' id='block_1_16' title="bbox 781 1536 2446 1613">
    <p class='ocr_par' dir='ltr' id='par_1_16' title="bbox 781 1536 2446 1613">
     <span class='ocr_line' id='line_1_16' title="bbox 781 1536 2446 1613; baseline 0.003 -20"><span class='ocrx_word' id='word_1_91' title='bbox 781 1536 1005 1595; x_wconf 87' lang='lat' dir='ltr'><strong>ﬁducia</strong></span> <span class='ocrx_word' id='word_1_92' title='bbox 1043 1539 1312 1612; x_wconf 89' lang='lat' dir='ltr'><strong>polleret,</strong></span> <span class='ocrx_word' id='word_1_93' title='bbox 1338 1542 1478 1600; x_wconf 92' lang='lat' dir='ltr'><strong>hinc</strong></span> <span class='ocrx_word' id='word_1_94' title='bbox 1507 1543 1802 1613; x_wconf 89' lang='lat' dir='ltr'><strong>innotuit;</strong></span> <span class='ocrx_word' id='word_1_95' title='bbox 1833 1560 2093 1601; x_wconf 74' lang='lat' dir='ltr'><strong>moerens</strong></span> <span class='ocrx_word' id='word_1_96' title='bbox 2128 1543 2289 1599; x_wconf 93' lang='lat' dir='ltr'><strong>enim</strong></span> <span class='ocrx_word' id='word_1_97' title='bbox 2344 1545 2446 1598; x_wconf 87' lang='lat' dir='ltr'><strong>Ec-</strong></span> 
     </span>
    </p>
   </div>
   <div class='ocr_carea' id='block_1_17' title="bbox 783 1627 2443 1706">
    <p class='ocr_par' dir='ltr' id='par_1_17' title="bbox 783 1627 2443 1706">
     <span class='ocr_line' id='line_1_17' title="bbox 783 1627 2443 1706; baseline 0.002 -22"><span class='ocrx_word' id='word_1_98' title='bbox 783 1627 975 1684; x_wconf 59' lang='lat' dir='ltr'><strong>clesiae</strong></span> <span class='ocrx_word' id='word_1_99' title='bbox 1009 1630 1207 1696; x_wconf 89' lang='lat' dir='ltr'><strong>malis,</strong></span> <span class='ocrx_word' id='word_1_100' title='bbox 1231 1646 1421 1704; x_wconf 90' lang='lat' dir='ltr'><strong>quam</strong></span> <span class='ocrx_word' id='word_1_101' title='bbox 1446 1635 1826 1705; x_wconf 88' lang='lat' dir='ltr'><strong>regnantium</strong></span> <span class='ocrx_word' id='word_1_102' title='bbox 1855 1633 2173 1706; x_wconf 79' lang='lat' dir='ltr'><strong>tyrannide</strong></span> <span class='ocrx_word' id='word_1_103' title='bbox 2193 1648 2443 1706; x_wconf 88' lang='lat' dir='ltr'><strong>oppres-</strong></span> 
     </span>
    </p>
   </div>
   <div class='ocr_carea' id='block_1_18' title="bbox 782 1718 2442 1793">
    <p class='ocr_par' dir='ltr' id='par_1_18' title="bbox 782 1718 2442 1793">
     <span class='ocr_line' id='line_1_18' title="bbox 782 1718 2442 1793; baseline 0.003 -19"><span class='ocrx_word' id='word_1_104' title='bbox 782 1733 914 1774; x_wconf 91' lang='lat' dir='ltr'><strong>sam</strong></span> <span class='ocrx_word' id='word_1_105' title='bbox 940 1718 1327 1791; x_wconf 83' lang='lat' dir='ltr'><strong>videbat,jam</strong></span> <span class='ocrx_word' id='word_1_106' title='bbox 1350 1722 1490 1780; x_wconf 87' lang='lat' dir='ltr'><strong>sede</strong></span> <span class='ocrx_word' id='word_1_107' title='bbox 1511 1723 2177 1793; x_wconf 70' lang='lat' dir='ltr'><strong>decessurus,Auguste=.</strong></span> <span class='ocrx_word' id='word_1_108' title='bbox 2206 1726 2442 1779; x_wconf 90' lang='lat' dir='ltr'><strong>uterum</strong></span> 
     </span>
    </p>
   </div>
   <div class='ocr_carea' id='block_1_19' title="bbox 780 1808 2445 1886">
    <p class='ocr_par' dir='ltr' id='par_1_19' title="bbox 780 1808 2445 1886">
     <span class='ocr_line' id='line_1_19' title="bbox 780 1808 2445 1886; baseline 0.002 -23"><span class='ocrx_word' id='word_1_109' title='bbox 780 1808 1208 1880; x_wconf 85' lang='lat' dir='ltr'><strong>imprecatione</strong></span> <span class='ocrx_word' id='word_1_110' title='bbox 1239 1811 1550 1877; x_wconf 83' lang='lat' dir='ltr'><strong>conclusit,</strong></span> <span class='ocrx_word' id='word_1_111' title='bbox 1582 1829 1658 1870; x_wconf 92' lang='lat' dir='ltr'><strong>ne</strong></span> <span class='ocrx_word' id='word_1_112' title='bbox 1690 1812 2026 1870; x_wconf 89' lang='lat' dir='ltr'><strong>masculam</strong></span> <span class='ocrx_word' id='word_1_113' title='bbox 2051 1812 2284 1886; x_wconf 90' lang='lat' dir='ltr'><strong>prolem</strong></span> <span class='ocrx_word' id='word_1_114' title='bbox 2337 1827 2445 1867; x_wconf 87' lang='lat' dir='ltr'><strong>un-</strong></span> 
     </span>
    </p>
   </div>
   <div class='ocr_carea' id='block_1_20' title="bbox 2557 644 4160 726">
    <p class='ocr_par' dir='ltr' id='par_1_20' title="bbox 2557 644 4160 726">
     <span class='ocr_line' id='line_1_20' title="bbox 2557 644 4160 726; baseline -0.003 -20"><span class='ocrx_word' id='word_1_115' title='bbox 2557 663 2629 726; x_wconf 82' lang='grc' dir='ltr'><strong>τῷ</strong></span> <span class='ocrx_word' id='word_1_116' title='bbox 2656 654 2827 725; x_wconf 82' lang='grc' dir='ltr'><strong>οἰκείῳ</strong></span> <span class='ocrx_word' id='word_1_117' title='bbox 2862 654 3023 725; x_wconf 82' lang='grc' dir='ltr'><strong>θρόνῳ</strong></span> <span class='ocrx_word' id='word_1_118' title='bbox 3070 649 3517 707; x_wconf 81' lang='grc' dir='ltr'><strong>ἀποκατέστησεν.</strong></span> <span class='ocrx_word' id='word_1_119' title='bbox 3561 648 3723 701; x_wconf 79' lang='grc' dir='ltr'>Οὗτοι</span> <span class='ocrx_word' id='word_1_120' title='bbox 3778 644 3838 700; x_wconf 73' lang='grc' dir='ltr'><strong>δε</strong></span> <span class='ocrx_word' id='word_1_121' title='bbox 3884 651 3974 700; x_wconf 85' lang='grc' dir='ltr'><strong>καὶ</strong></span> <span class='ocrx_word' id='word_1_122' title='bbox 3993 647 4160 721; x_wconf 74' lang='grc' dir='ltr'>ἀμφό-</span> 
     </span>
    </p>
   </div>
   <div class='ocr_carea' id='block_1_21' title="bbox 2556 736 4161 817">
    <p class='ocr_par' dir='ltr' id='par_1_21' title="bbox 2556 736 4161 817">
     <span class='ocr_line' id='line_1_21' title="bbox 2556 736 4161 817; baseline -0.005 -20"><span class='ocrx_word' id='word_1_123' title='bbox 2556 762 2693 817; x_wconf 85' lang='grc' dir='ltr'>τεροι</span> <span class='ocrx_word' id='word_1_124' title='bbox 2748 740 2925 795; x_wconf 78' lang='grc' dir='ltr'><strong>δεκτοὶ</strong></span> <span class='ocrx_word' id='word_1_125' title='bbox 2979 742 3185 801; x_wconf 87' lang='grc' dir='ltr'>πάντως</span> <span class='ocrx_word' id='word_1_126' title='bbox 3228 746 3291 811; x_wconf 77' lang='grc' dir='ltr'><strong>τῇ</strong></span> <span class='ocrx_word' id='word_1_127' title='bbox 3354 736 3643 809; x_wconf 83' lang='grc' dir='ltr'><strong>Ἐκκλησίᾳ</strong></span> <span class='ocrx_word' id='word_1_128' title='bbox 3694 736 3825 789; x_wconf 81' lang='grc' dir='ltr'><strong>εἰσὶν</strong></span> <span class='ocrx_word' id='word_1_129' title='bbox 3879 739 3948 798; x_wconf 85' lang='grc' dir='ltr'>ὡς</span> <span class='ocrx_word' id='word_1_130' title='bbox 4005 736 4161 809; x_wconf 84' lang='grc' dir='ltr'>ὀρθό-</span> 
     </span>
    </p>
   </div>
   <div class='ocr_carea' id='block_1_22' title="bbox 2560 826 4159 899">
    <p class='ocr_par' dir='ltr' id='par_1_22' title="bbox 2560 826 4159 899">
     <span class='ocr_line' id='line_1_22' title="bbox 2560 826 4159 899; baseline -0.006 -15"><span class='ocrx_word' id='word_1_131' title='bbox 2560 828 2707 894; x_wconf 80' lang='grc' dir='ltr'><strong>δοξοι</strong></span> <span class='ocrx_word' id='word_1_132' title='bbox 2738 834 2897 892; x_wconf 83' lang='grc' dir='ltr'>ὄντες,</span> <span class='ocrx_word' id='word_1_133' title='bbox 2929 833 3020 880; x_wconf 84' lang='grc' dir='ltr'><strong>καὶ</strong></span> <span class='ocrx_word' id='word_1_134' title='bbox 3046 829 3172 899; x_wconf 77' lang='grc' dir='ltr'>ὑπὲρ</span> <span class='ocrx_word' id='word_1_135' title='bbox 3219 834 3318 879; x_wconf 84' lang='grc' dir='ltr'><strong>τῶν</strong></span> <span class='ocrx_word' id='word_1_136' title='bbox 3361 827 3507 879; x_wconf 80' lang='grc' dir='ltr'><strong>θείων</strong></span> <span class='ocrx_word' id='word_1_137' title='bbox 3558 829 3725 897; x_wconf 86' lang='grc' dir='ltr'>νόμων</span> <span class='ocrx_word' id='word_1_138' title='bbox 3765 826 4114 896; x_wconf 68' lang='grc' dir='ltr'><strong>ἠγωνισμένοι</strong></span> <span class='ocrx_word' id='word_1_139' title='bbox 4146 844 4159 858; x_wconf 74' lang='grc' dir='ltr'>ο</span> 
     </span>
    </p>
   </div>
   <div class='ocr_carea' id='block_1_23' title="bbox 2556 912 4161 993">
    <p class='ocr_par' dir='ltr' id='par_1_23' title="bbox 2556 912 4161 993">
     <span class='ocr_line' id='line_1_23' title="bbox 2556 912 4161 993; baseline -0.006 -20"><span class='ocrx_word' id='word_1_140' title='bbox 2556 921 2775 993; x_wconf 83' lang='grc' dir='ltr'>καὶγὰρ</span> <span class='ocrx_word' id='word_1_141' title='bbox 2813 920 3019 970; x_wconf 79' lang='grc' dir='ltr'><strong>καὶτὸν</strong></span> <span class='ocrx_word' id='word_1_142' title='bbox 3069 916 3330 988; x_wconf 71' lang='grc' dir='ltr'>Εὐθύμιον</span> <span class='ocrx_word' id='word_1_143' title='bbox 3372 914 3535 967; x_wconf 87' lang='grc' dir='ltr'>πολλά</span> <span class='ocrx_word' id='word_1_144' title='bbox 3585 933 3741 987; x_wconf 73' lang='grc' dir='ltr'>φασιν</span> <span class='ocrx_word' id='word_1_145' title='bbox 3795 912 4161 984; x_wconf 80' lang='grc' dir='ltr'>ἀγωνίσασθαι</span> 
     </span>
    </p>
   </div>
   <div class='ocr_carea' id='block_1_24' title="bbox 2555 1004 4159 1079">
    <p class='ocr_par' dir='ltr' id='par_1_24' title="bbox 2555 1004 4159 1079">
     <span class='ocr_line' id='line_1_24' title="bbox 2555 1004 4159 1079; baseline -0.004 -18"><span class='ocrx_word' id='word_1_146' title='bbox 2555 1008 2789 1061; x_wconf 80' lang='grc' dir='ltr'><strong>κωλῦσαι</strong></span> <span class='ocrx_word' id='word_1_147' title='bbox 2850 1010 2939 1059; x_wconf 86' lang='grc' dir='ltr'><strong>τόν</strong></span> <span class='ocrx_word' id='word_1_148' title='bbox 2990 1004 3216 1079; x_wconf 79' lang='grc' dir='ltr'>βασιλέα</span> <span class='ocrx_word' id='word_1_149' title='bbox 3265 1007 3461 1058; x_wconf 79' lang='grc' dir='ltr'><strong>Λέοντα</strong></span> <span class='ocrx_word' id='word_1_150' title='bbox 3494 1007 3565 1076; x_wconf 84' lang='grc' dir='ltr'>μὴ</span> <span class='ocrx_word' id='word_1_151' title='bbox 3624 1008 3779 1075; x_wconf 85' lang='grc' dir='ltr'>νόμον</span> <span class='ocrx_word' id='word_1_152' title='bbox 3831 1008 3925 1060; x_wconf 81' lang='grc' dir='ltr'><strong>τὴν</strong></span> <span class='ocrx_word' id='word_1_153' title='bbox 3974 1021 4159 1077; x_wconf 83' lang='grc' dir='ltr'>τετρα-</span> 
     </span>
    </p>
   </div>
   <div class='ocr_carea' id='block_1_25' title="bbox 2553 1088 4156 1171">
    <p class='ocr_par' dir='ltr' id='par_1_25' title="bbox 2553 1088 4156 1171">
     <span class='ocr_line' id='line_1_25' title="bbox 2553 1088 4156 1171; baseline -0.001 -22"><span class='ocrx_word' id='word_1_154' title='bbox 2553 1102 2750 1171; x_wconf 85' lang='grc' dir='ltr'>γαμὶαν</span> <span class='ocrx_word' id='word_1_155' title='bbox 2783 1096 2989 1169; x_wconf 66' lang='grc' dir='ltr'>γράψαι</span> <span class='ocrx_word' id='word_1_156' title='bbox 3020 1099 3108 1147; x_wconf 74' lang='grc' dir='ltr'><strong>καὶ</strong></span> <span class='ocrx_word' id='word_1_157' title='bbox 3144 1092 3478 1164; x_wconf 70' lang='grc' dir='ltr'><strong>καταλεῐψαι.</strong></span> <span class='ocrx_word' id='word_1_158' title='bbox 3512 1096 3609 1145; x_wconf 80' lang='grc' dir='ltr'><strong>Καὶ</strong></span> <span class='ocrx_word' id='word_1_159' title='bbox 3640 1088 3709 1150; x_wconf 82' lang='grc' dir='ltr'><strong>δὴ</strong></span> <span class='ocrx_word' id='word_1_160' title='bbox 3752 1096 3841 1143; x_wconf 86' lang='grc' dir='ltr'><strong>καὶ</strong></span> <span class='ocrx_word' id='word_1_161' title='bbox 3881 1089 4156 1147; x_wconf 79' lang='grc' dir='ltr'><strong>ἐκώλυσεν.</strong></span> 
     </span>
    </p>
   </div>
   <div class='ocr_carea' id='block_1_26' title="bbox 2553 1179 4159 1258">
    <p class='ocr_par' dir='ltr' id='par_1_26' title="bbox 2553 1179 4159 1258">
     <span class='ocr_line' id='line_1_26' title="bbox 2553 1179 4159 1258; baseline -0.006 -18"><span class='ocrx_word' id='word_1_162' title='bbox 2553 1186 2809 1258; x_wconf 77' lang='grc' dir='ltr'>*Ελθωμεν</span> <span class='ocrx_word' id='word_1_163' title='bbox 2861 1181 2920 1237; x_wconf 70' lang='grc' dir='ltr'><strong>δέ</strong></span> <span class='ocrx_word' id='word_1_164' title='bbox 2972 1182 3196 1236; x_wconf 74' lang='grc' dir='ltr'><strong>ἐπὶτῶν</strong></span> <span class='ocrx_word' id='word_1_165' title='bbox 3259 1186 3535 1257; x_wconf 74' lang='grc' dir='ltr'><strong>νεωτέρων.</strong></span> <span class='ocrx_word' id='word_1_166' title='bbox 3620 1187 3680 1232; x_wconf 88' lang='lat'><strong>&#39;0</strong></span> <span class='ocrx_word' id='word_1_167' title='bbox 3753 1179 3807 1232; x_wconf 71' lang='grc' dir='ltr'><strong>ἐκ</strong></span> <span class='ocrx_word' id='word_1_168' title='bbox 3878 1186 4159 1251; x_wconf 80' lang='grc' dir='ltr'><strong>Κομνηνῶν</strong></span> 
     </span>
    </p>
   </div>
   <div class='ocr_carea' id='block_1_27' title="bbox 2556 1268 4159 1348">
    <p class='ocr_par' dir='ltr' id='par_1_27' title="bbox 2556 1268 4159 1348">
     <span class='ocr_line' id='line_1_27' title="bbox 2556 1268 4159 1348; baseline -0.004 -21"><span class='ocrx_word' id='word_1_169' title='bbox 2556 1274 2803 1348; x_wconf 83' lang='grc' dir='ltr'>βασιλεὺς</span> <span class='ocrx_word' id='word_1_170' title='bbox 2858 1272 3126 1340; x_wconf 80' lang='grc' dir='ltr'>Μανουήλ,</span> <span class='ocrx_word' id='word_1_171' title='bbox 3169 1274 3258 1324; x_wconf 87' lang='grc' dir='ltr'>τόν</span> <span class='ocrx_word' id='word_1_172' title='bbox 3283 1270 3430 1343; x_wconf 79' lang='grc' dir='ltr'>ἅγιον</span> <span class='ocrx_word' id='word_1_173' title='bbox 3480 1268 3529 1321; x_wconf 77' lang='grc' dir='ltr'><strong>ἓν</strong></span> <span class='ocrx_word' id='word_1_174' title='bbox 3554 1272 3910 1344; x_wconf 86' lang='grc' dir='ltr'>πατριάρχαις</span> <span class='ocrx_word' id='word_1_175' title='bbox 3942 1275 4159 1340; x_wconf 78' lang='grc' dir='ltr'>Κοσμᾶν</span> 
     </span>
    </p>
   </div>
   <div class='ocr_carea' id='block_1_28' title="bbox 2551 1358 4158 1434">
    <p class='ocr_par' dir='ltr' id='par_1_28' title="bbox 2551 1358 4158 1434">
     <span class='ocr_line' id='line_1_28' title="bbox 2551 1358 4158 1434; baseline -0.006 -17"><span class='ocrx_word' id='word_1_176' title='bbox 2551 1367 2636 1417; x_wconf 87' lang='grc' dir='ltr'>τόν</span> <span class='ocrx_word' id='word_1_177' title='bbox 2686 1364 2923 1417; x_wconf 85' lang='grc' dir='ltr'><strong>Ἀττικόν</strong></span> <span class='ocrx_word' id='word_1_178' title='bbox 2969 1358 3169 1423; x_wconf 76' lang='grc' dir='ltr'><strong>ἀδίκως</strong></span> <span class='ocrx_word' id='word_1_179' title='bbox 3223 1366 3317 1413; x_wconf 81' lang='grc' dir='ltr'><strong>τοῦ</strong></span> <span class='ocrx_word' id='word_1_180' title='bbox 3371 1362 3553 1434; x_wconf 83' lang='grc' dir='ltr'>θρόνου</span> <span class='ocrx_word' id='word_1_181' title='bbox 3603 1362 3937 1430; x_wconf 79' lang='grc' dir='ltr'>καταγαγὼν,</span> <span class='ocrx_word' id='word_1_182' title='bbox 3988 1358 4158 1431; x_wconf 77' lang='grc' dir='ltr'>ἕτερον</span> 
     </span>
    </p>
   </div>
   <div class='ocr_carea' id='block_1_29' title="bbox 2555 1445 4157 1527">
    <p class='ocr_par' dir='ltr' id='par_1_29' title="bbox 2555 1445 4157 1527">
     <span class='ocr_line' id='line_1_29' title="bbox 2555 1445 4157 1527; baseline -0.004 -23"><span class='ocrx_word' id='word_1_183' title='bbox 2555 1452 2734 1516; x_wconf 78' lang='grc' dir='ltr'><strong>ἀνῆξεν</strong></span> <span class='ocrx_word' id='word_1_184' title='bbox 2761 1474 2773 1487; x_wconf 89' lang='grc'>·</span> <span class='ocrx_word' id='word_1_185' title='bbox 2806 1455 2928 1527; x_wconf 83' lang='grc' dir='ltr'>ὅπερ</span> <span class='ocrx_word' id='word_1_186' title='bbox 2956 1458 3067 1515; x_wconf 86' lang='grc' dir='ltr'>τοῖς</span> <span class='ocrx_word' id='word_1_187' title='bbox 3090 1455 3274 1503; x_wconf 84' lang='grc' dir='ltr'><strong>κανόσι</strong></span> <span class='ocrx_word' id='word_1_188' title='bbox 3320 1457 3428 1511; x_wconf 86' lang='grc' dir='ltr'>τοῖς</span> <span class='ocrx_word' id='word_1_189' title='bbox 3480 1452 3629 1522; x_wconf 79' lang='grc' dir='ltr'><strong>ἱεροῖς</strong></span> <span class='ocrx_word' id='word_1_190' title='bbox 3677 1448 3736 1501; x_wconf 72' lang='grc' dir='ltr'><strong>οὐ</strong></span> <span class='ocrx_word' id='word_1_191' title='bbox 3787 1445 3952 1503; x_wconf 81' lang='grc' dir='ltr'><strong>δοκεῖ.</strong></span> <span class='ocrx_word' id='word_1_192' title='bbox 4014 1446 4157 1501; x_wconf 84' lang='grc' dir='ltr'><strong>Ἀλλ’</strong></span> 
     </span>
    </p>
   </div>
   <div class='ocr_carea' id='block_1_30' title="bbox 2553 1533 4158 1615">
    <p class='ocr_par' dir='ltr' id='par_1_30' title="bbox 2553 1533 4158 1615">
     <span class='ocr_line' id='line_1_30' title="bbox 2553 1533 4158 1615; baseline -0.004 -20"><span class='ocrx_word' id='word_1_193' title='bbox 2553 1544 2686 1615; x_wconf 85' lang='grc' dir='ltr'>ὅμως</span> <span class='ocrx_word' id='word_1_194' title='bbox 2710 1541 2997 1600; x_wconf 79' lang='grc' dir='ltr'><strong>Ἐκκλησία</strong></span> <span class='ocrx_word' id='word_1_195' title='bbox 3016 1545 3106 1593; x_wconf 86' lang='grc' dir='ltr'><strong>καὶ</strong></span> <span class='ocrx_word' id='word_1_196' title='bbox 3138 1547 3318 1593; x_wconf 74' lang='grc' dir='ltr'><strong>τοῦτον</strong></span> <span class='ocrx_word' id='word_1_197' title='bbox 3351 1537 3561 1602; x_wconf 75' lang='grc' dir='ltr'><strong>ἐδέξατο</strong></span> <span class='ocrx_word' id='word_1_198' title='bbox 3582 1559 3595 1572; x_wconf 70' lang='grc' dir='ltr'>ι</span> <span class='ocrx_word' id='word_1_199' title='bbox 3625 1542 3715 1590; x_wconf 85' lang='grc' dir='ltr'>καί</span> <span class='ocrx_word' id='word_1_200' title='bbox 3752 1540 3870 1599; x_wconf 75' lang='grc' dir='ltr'>τοὺς</span> <span class='ocrx_word' id='word_1_201' title='bbox 3893 1533 3968 1589; x_wconf 84' lang='grc' dir='ltr'><strong>δι’</strong></span> <span class='ocrx_word' id='word_1_202' title='bbox 3994 1536 4158 1589; x_wconf 68' lang='grc' dir='ltr'>αὐτοῦ</span> 
     </span>
    </p>
   </div>
   <div class='ocr_carea' id='block_1_31' title="bbox 2550 1623 4155 1706">
    <p class='ocr_par' dir='ltr' id='par_1_31' title="bbox 2550 1623 4155 1706">
     <span class='ocr_line' id='line_1_31' title="bbox 2550 1623 4155 1706; baseline -0.006 -22"><span class='ocrx_word' id='word_1_203' title='bbox 2550 1633 3012 1706; x_wconf 77' lang='grc' dir='ltr'><strong>χειροτονηθέντας</strong></span> <span class='ocrx_word' id='word_1_204' title='bbox 3055 1629 3148 1682; x_wconf 68' lang='grc' dir='ltr'><strong>οὐκ</strong></span> <span class='ocrx_word' id='word_1_205' title='bbox 3193 1627 3495 1685; x_wconf 78' lang='grc' dir='ltr'>ἀπεϐάλετο.</span> <span class='ocrx_word' id='word_1_206' title='bbox 3545 1627 3665 1679; x_wconf 82' lang='grc' dir='ltr'><strong>Ὀτι</strong></span> <span class='ocrx_word' id='word_1_207' title='bbox 3720 1623 3779 1679; x_wconf 65' lang='grc' dir='ltr'><strong>δὲ</strong></span> <span class='ocrx_word' id='word_1_208' title='bbox 3820 1625 4010 1683; x_wconf 74' lang='grc' dir='ltr'>πολλὴν</span> <span class='ocrx_word' id='word_1_209' title='bbox 4057 1625 4155 1683; x_wconf 71' lang='grc' dir='ltr'><strong>τήν</strong></span> 
     </span>
    </p>
   </div>
   <div class='ocr_carea' id='block_1_32' title="bbox 2550 1713 4155 1795">
    <p class='ocr_par' dir='ltr' id='par_1_32' title="bbox 2550 1713 4155 1795">
     <span class='ocr_line' id='line_1_32' title="bbox 2550 1713 4155 1795; baseline -0.004 -22"><span class='ocrx_word' id='word_1_210' title='bbox 2550 1720 2850 1795; x_wconf 70' lang='grc' dir='ltr'>παρρησίαν</span> <span class='ocrx_word' id='word_1_211' title='bbox 2876 1724 2969 1778; x_wconf 80' lang='grc' dir='ltr'><strong>τὴν</strong></span> <span class='ocrx_word' id='word_1_212' title='bbox 3016 1722 3147 1792; x_wconf 88' lang='grc' dir='ltr'>πρός</span> <span class='ocrx_word' id='word_1_213' title='bbox 3200 1721 3288 1770; x_wconf 87' lang='grc' dir='ltr'><strong>τόν</strong></span> <span class='ocrx_word' id='word_1_214' title='bbox 3347 1720 3475 1770; x_wconf 85' lang='grc' dir='ltr'><strong>Θεόν</strong></span> <span class='ocrx_word' id='word_1_215' title='bbox 3525 1715 3759 1769; x_wconf 74' lang='grc' dir='ltr'><strong>ἐπλούτει</strong></span> <span class='ocrx_word' id='word_1_216' title='bbox 3810 1716 3836 1766; x_wconf 93' lang='lat'><strong>6</strong></span> <span class='ocrx_word' id='word_1_217' title='bbox 3885 1713 4155 1790; x_wconf 74' lang='grc' dir='ltr'><strong>εἰρημένος</strong></span> 
     </span>
    </p>
   </div>
   <div class='ocr_carea' id='block_1_33' title="bbox 2554 1802 4153 1883">
    <p class='ocr_par' dir='ltr' id='par_1_33' title="bbox 2554 1802 4153 1883">
     <span class='ocr_line' id='line_1_33' title="bbox 2554 1802 4153 1883; baseline -0.006 -19"><span class='ocrx_word' id='word_1_218' title='bbox 2554 1815 2767 1883; x_wconf 76' lang='grc' dir='ltr'>Κοσμᾶς</span> <span class='ocrx_word' id='word_1_219' title='bbox 2824 1811 2849 1861; x_wconf 93' lang='lat'><strong>6</strong></span> <span class='ocrx_word' id='word_1_220' title='bbox 2898 1810 3257 1882; x_wconf 75' lang='grc' dir='ltr'><strong>πατριάρχης,</strong></span> <span class='ocrx_word' id='word_1_221' title='bbox 3317 1806 3545 1859; x_wconf 74' lang='grc' dir='ltr'><strong>ἐντεῦθεν</strong></span> <span class='ocrx_word' id='word_1_222' title='bbox 3592 1802 3751 1864; x_wconf 81' lang='grc' dir='ltr'><strong>δῆλον</strong></span> <span class='ocrx_word' id='word_1_223' title='bbox 3785 1826 3798 1838; x_wconf 90' lang='grc'>·</span> <span class='ocrx_word' id='word_1_224' title='bbox 3861 1808 3991 1877; x_wconf 76' lang='grc' dir='ltr'>φασὶ</span> <span class='ocrx_word' id='word_1_225' title='bbox 4049 1807 4153 1877; x_wconf 81' lang='grc' dir='ltr'><strong>γὰρ</strong></span> 
     </span>
    </p>
   </div>
   <div class='ocr_carea' id='block_1_34' title="bbox 781 1892 2552 1976">
    <p class='ocr_par' dir='ltr' id='par_1_34' title="bbox 781 1901 2552 1976">
     <span class='ocr_line' id='line_1_34' title="bbox 781 1901 2552 1976; baseline 0.005 -23"><span class='ocrx_word' id='word_1_226' title='bbox 781 1912 969 1971; x_wconf 89' lang='lat' dir='ltr'><strong>quam</strong></span> <span class='ocrx_word' id='word_1_227' title='bbox 1000 1904 1251 1971; x_wconf 87' lang='lat' dir='ltr'><strong>pareret.</strong></span> <span class='ocrx_word' id='word_1_228' title='bbox 1285 1904 1431 1958; x_wconf 89' lang='lat' dir='ltr'><strong>Tum</strong></span> <span class='ocrx_word' id='word_1_229' title='bbox 1465 1904 1986 1976; x_wconf 86' lang='lat' dir='ltr'><strong>Cantostephanus</strong></span> <span class='ocrx_word' id='word_1_230' title='bbox 2024 1901 2279 1975; x_wconf 89' lang='lat' dir='ltr'><strong>tempori</strong></span> <span class='ocrx_word' id='word_1_231' title='bbox 2304 1901 2440 1959; x_wconf 84' lang='lat' dir='ltr'><strong>veli—</strong></span> <span class='ocrx_word' id='word_1_232' title='bbox 2478 1916 2517 1969; x_wconf 72' lang='grc' dir='ltr'><strong>Β</strong></span> <span class='ocrx_word' id='word_1_233' title='bbox 2549 1928 2552 1946; x_wconf 71' lang='grc' dir='ltr'><strong>ε</strong></span> 
     </span>
    </p>
   </div>
   <div class='ocr_carea' id='block_1_35' title="bbox 2383 1892 4154 1976">
    <p class='ocr_par' dir='ltr' id='par_1_35' title="bbox 2383 1892 4154 1974">
     <span class='ocr_line' id='line_1_35' title="bbox 2383 1892 4154 1974; baseline -0.016 -2"><span class='ocrx_word' id='word_1_234' title='bbox 2383 1902 2440 1959; x_wconf 67' lang='lat' dir='ltr'><strong>li&quot;</strong></span> <span class='ocrx_word' id='word_1_235' title='bbox 2478 1916 2517 1969; x_wconf 79' lang='grc' dir='ltr'><strong>Β</strong></span> <span class='ocrx_word' id='word_1_236' title='bbox 2549 1901 2630 1953; x_wconf 75' lang='grc' dir='ltr'><strong>ὅτι</strong></span> <span class='ocrx_word' id='word_1_237' title='bbox 2682 1897 3052 1974; x_wconf 73' lang='grc' dir='ltr'>ὑπεραλγήσας</span> <span class='ocrx_word' id='word_1_238' title='bbox 3100 1906 3198 1959; x_wconf 71' lang='grc' dir='ltr'><strong>τῆς</strong></span> <span class='ocrx_word' id='word_1_239' title='bbox 3251 1895 3562 1958; x_wconf 82' lang='grc' dir='ltr'><strong>Ἐκκλησίας</strong></span> <span class='ocrx_word' id='word_1_240' title='bbox 3599 1899 3690 1947; x_wconf 87' lang='grc' dir='ltr'><strong>καὶ</strong></span> <span class='ocrx_word' id='word_1_241' title='bbox 3742 1902 3839 1956; x_wconf 83' lang='grc' dir='ltr'><strong>τῆς</strong></span> <span class='ocrx_word' id='word_1_242' title='bbox 3885 1892 4000 1946; x_wconf 87' lang='grc' dir='ltr'><strong>κατ’</strong></span> <span class='ocrx_word' id='word_1_243' title='bbox 4062 1893 4154 1945; x_wconf 72' lang='grc' dir='ltr'><strong>αὑ-</strong></span> 
     </span>
    </p>
   </div>
   <div class='ocr_carea' id='block_1_36' title="bbox 780 1985 2443 2064">
    <p class='ocr_par' dir='ltr' id='par_1_36' title="bbox 780 1985 2443 2064">
     <span class='ocr_line' id='line_1_36' title="bbox 780 1985 2443 2064; baseline 0.004 -21"><span class='ocrx_word' id='word_1_244' title='bbox 780 1985 991 2057; x_wconf 88' lang='lat' dir='ltr'><strong>ﬁcans,</strong></span> <span class='ocrx_word' id='word_1_245' title='bbox 1020 2004 1159 2046; x_wconf 91' lang='lat' dir='ltr'><strong>cum</strong></span> <span class='ocrx_word' id='word_1_246' title='bbox 1188 1988 1451 2048; x_wconf 75' lang='lat' dir='ltr'><strong>dominas</strong></span> <span class='ocrx_word' id='word_1_247' title='bbox 1483 1997 1729 2064; x_wconf 88' lang='lat' dir='ltr'><strong>astaret,</strong></span> <span class='ocrx_word' id='word_1_248' title='bbox 1760 2008 2011 2049; x_wconf 90' lang='lat' dir='ltr'><strong>manum</strong></span> <span class='ocrx_word' id='word_1_249' title='bbox 2070 1991 2325 2048; x_wconf 86' lang='lat' dir='ltr'><strong>intendit</strong></span> <span class='ocrx_word' id='word_1_250' title='bbox 2378 1996 2443 2049; x_wconf 94' lang='lat' dir='ltr'><strong>ut</strong></span> 
     </span>
    </p>
   </div>
   <div class='ocr_carea' id='block_1_37' title="bbox 781 2076 2441 2155">
    <p class='ocr_par' dir='ltr' id='par_1_37' title="bbox 781 2076 2441 2155">
     <span class='ocr_line' id='line_1_37' title="bbox 781 2076 2441 2155; baseline 0.003 -24"><span class='ocrx_word' id='word_1_251' title='bbox 781 2076 1188 2148; x_wconf 88' lang='lat' dir='ltr'><strong>patriarcham</strong></span> <span class='ocrx_word' id='word_1_252' title='bbox 1223 2078 1783 2154; x_wconf 86' lang='lat' dir='ltr'><strong>alapapercuteret:</strong></span> <span class='ocrx_word' id='word_1_253' title='bbox 1814 2080 2154 2155; x_wconf 86' lang='lat' dir='ltr'><strong>prohibitus</strong></span> <span class='ocrx_word' id='word_1_254' title='bbox 2184 2084 2441 2137; x_wconf 91' lang='lat' dir='ltr'><strong>tamena</strong></span> 
     </span>
    </p>
   </div>
   <div class='ocr_carea' id='block_1_38' title="bbox 776 2165 2440 2243">
    <p class='ocr_par' dir='ltr' id='par_1_38' title="bbox 776 2165 2440 2243">
     <span class='ocr_line' id='line_1_38' title="bbox 776 2165 2440 2243; baseline 0.004 -24"><span class='ocrx_word' id='word_1_255' title='bbox 776 2165 1175 2237; x_wconf 67' lang='lat' dir='ltr'><strong>praesentibus</strong></span> <span class='ocrx_word' id='word_1_256' title='bbox 1203 2171 1309 2225; x_wconf 91' lang='lat' dir='ltr'><strong>est.</strong></span> <span class='ocrx_word' id='word_1_257' title='bbox 1336 2170 1483 2225; x_wconf 87' lang='lat' dir='ltr'><strong>Tum</strong></span> <span class='ocrx_word' id='word_1_258' title='bbox 1509 2170 1850 2243; x_wconf 88' lang='lat' dir='ltr'><strong>patriarcha</strong></span> <span class='ocrx_word' id='word_1_259' title='bbox 1878 2184 2225 2236; x_wconf 86' lang='lat' dir='ltr'><strong>conversus,</strong></span> <span class='ocrx_word' id='word_1_260' title='bbox 2260 2168 2440 2226; x_wconf 89' lang='lat' dir='ltr'><strong>Sinite</strong></span> 
     </span>
    </p>
   </div>
   <div class='ocr_carea' id='block_1_39' title="bbox 778 2253 2438 2333">
    <p class='ocr_par' dir='ltr' id='par_1_39' title="bbox 778 2253 2438 2333">
     <span class='ocr_line' id='line_1_39' title="bbox 778 2253 2438 2333; baseline 0.003 -23"><span class='ocrx_word' id='word_1_261' title='bbox 778 2253 961 2322; x_wconf 89' lang='lat' dir='ltr'><strong>hunc,</strong></span> <span class='ocrx_word' id='word_1_262' title='bbox 992 2255 1229 2329; x_wconf 90' lang='lat' dir='ltr'><strong>inquitt,</strong></span> <span class='ocrx_word' id='word_1_263' title='bbox 1259 2260 1442 2330; x_wconf 90' lang='lat' dir='ltr'><strong>paulo</strong></span> <span class='ocrx_word' id='word_1_264' title='bbox 1464 2265 1601 2333; x_wconf 92' lang='lat' dir='ltr'><strong>post</strong></span> <span class='ocrx_word' id='word_1_265' title='bbox 1615 2260 1776 2317; x_wconf 91' lang='lat' dir='ltr'><strong>enim</strong></span> <span class='ocrx_word' id='word_1_266' title='bbox 1797 2263 2065 2316; x_wconf 89' lang='lat' dir='ltr'><strong>Petream</strong></span> <span class='ocrx_word' id='word_1_267' title='bbox 2096 2276 2268 2316; x_wconf 89' lang='lat' dir='ltr'><strong>suam</strong></span> <span class='ocrx_word' id='word_1_268' title='bbox 2288 2259 2438 2315; x_wconf 86' lang='lat' dir='ltr'><strong>exci-</strong></span> 
     </span>
    </p>
   </div>
   <div class='ocr_carea' id='block_1_40' title="bbox 777 2342 2439 2421">
    <p class='ocr_par' dir='ltr' id='par_1_40' title="bbox 777 2342 2439 2421">
     <span class='ocr_line' id='line_1_40' title="bbox 777 2342 2439 2421; baseline 0.004 -22"><span class='ocrx_word' id='word_1_269' title='bbox 777 2342 901 2415; x_wconf 90' lang='lat' dir='ltr'><strong>piet</strong></span> <span class='ocrx_word' id='word_1_270' title='bbox 934 2361 947 2410; x_wconf 92' lang='lat'><strong>;</strong></span> <span class='ocrx_word' id='word_1_271' title='bbox 980 2345 1039 2400; x_wconf 93' lang='lat' dir='ltr'><strong>id</strong></span> <span class='ocrx_word' id='word_1_272' title='bbox 1069 2347 1237 2418; x_wconf 89' lang='lat' dir='ltr'><strong>quod</strong></span> <span class='ocrx_word' id='word_1_273' title='bbox 1268 2363 1481 2421; x_wconf 91' lang='lat' dir='ltr'><strong>reapse</strong></span> <span class='ocrx_word' id='word_1_274' title='bbox 1512 2349 1744 2406; x_wconf 87' lang='lat' dir='ltr'><strong>accidit.</strong></span> <span class='ocrx_word' id='word_1_275' title='bbox 1790 2350 1957 2406; x_wconf 89' lang='lat' dir='ltr'><strong>Brevi</strong></span> <span class='ocrx_word' id='word_1_276' title='bbox 2014 2349 2173 2405; x_wconf 91' lang='lat' dir='ltr'><strong>enim</strong></span> <span class='ocrx_word' id='word_1_277' title='bbox 2233 2347 2439 2421; x_wconf 89' lang='lat' dir='ltr'><strong>elapso</strong></span> 
     </span>
    </p>
   </div>
   <div class='ocr_carea' id='block_1_41' title="bbox 780 2434 2439 2512">
    <p class='ocr_par' dir='ltr' id='par_1_41' title="bbox 780 2434 2439 2512">
     <span class='ocr_line' id='line_1_41' title="bbox 780 2434 2439 2512; baseline 0.004 -24"><span class='ocrx_word' id='word_1_278' title='bbox 780 2436 1046 2506; x_wconf 91' lang='lat' dir='ltr'><strong>tempore</strong></span> <span class='ocrx_word' id='word_1_279' title='bbox 1074 2434 1232 2492; x_wconf 90' lang='lat' dir='ltr'><strong>bello</strong></span> <span class='ocrx_word' id='word_1_280' title='bbox 1261 2437 1572 2511; x_wconf 65' lang='lat' dir='ltr'><strong>Corcyraeo</strong></span> <span class='ocrx_word' id='word_1_281' title='bbox 1604 2439 2122 2512; x_wconf 88' lang='lat' dir='ltr'><strong>Contostephanus</strong></span> <span class='ocrx_word' id='word_1_282' title='bbox 2148 2438 2339 2510; x_wconf 91' lang='lat' dir='ltr'><strong>periit,</strong></span> <span class='ocrx_word' id='word_1_283' title='bbox 2355 2437 2439 2495; x_wconf 84' lang='lat' dir='ltr'><strong>la-</strong></span> 
     </span>
    </p>
   </div>
   <div class='ocr_carea' id='block_1_42' title="bbox 776 2521 2435 2602">
    <p class='ocr_par' dir='ltr' id='par_1_42' title="bbox 776 2521 2435 2602">
     <span class='ocr_line' id='line_1_42' title="bbox 776 2521 2435 2602; baseline 0.003 -24"><span class='ocrx_word' id='word_1_284' title='bbox 776 2521 917 2595; x_wconf 90' lang='lat' dir='ltr'><strong>pide</strong></span> <span class='ocrx_word' id='word_1_285' title='bbox 946 2523 1098 2581; x_wconf 90' lang='lat' dir='ltr'><strong>ictus</strong></span> <span class='ocrx_word' id='word_1_286' title='bbox 1123 2541 1160 2581; x_wconf 91' lang='lat' dir='ltr'><strong>a</strong></span> <span class='ocrx_word' id='word_1_287' title='bbox 1196 2528 1397 2584; x_wconf 87' lang='lat' dir='ltr'><strong>nescio</strong></span> <span class='ocrx_word' id='word_1_288' title='bbox 1427 2544 1549 2602; x_wconf 90' lang='lat' dir='ltr'><strong>quo</strong></span> <span class='ocrx_word' id='word_1_289' title='bbox 1575 2528 1651 2585; x_wconf 89' lang='lat' dir='ltr'><strong>de</strong></span> <span class='ocrx_word' id='word_1_290' title='bbox 1682 2528 1986 2602; x_wconf 86' lang='lat' dir='ltr'><strong>superiore</strong></span> <span class='ocrx_word' id='word_1_291' title='bbox 2018 2528 2183 2584; x_wconf 91' lang='lat' dir='ltr'><strong>urbis</strong></span> <span class='ocrx_word' id='word_1_292' title='bbox 2212 2544 2388 2583; x_wconf 91' lang='lat' dir='ltr'><strong>muro</strong></span> <span class='ocrx_word' id='word_1_293' title='bbox 2422 2544 2435 2593; x_wconf 92' lang='lat'><strong>;</strong></span> 
     </span>
    </p>
   </div>
   <div class='ocr_carea' id='block_1_43' title="bbox 777 2614 2437 2692">
    <p class='ocr_par' dir='ltr' id='par_1_43' title="bbox 777 2614 2437 2692">
     <span class='ocr_line' id='line_1_43' title="bbox 777 2614 2437 2692; baseline 0.004 -25"><span class='ocrx_word' id='word_1_294' title='bbox 777 2628 900 2685; x_wconf 90' lang='lat' dir='ltr'><strong>quo</strong></span> <span class='ocrx_word' id='word_1_295' title='bbox 926 2614 1049 2671; x_wconf 90' lang='lat' dir='ltr'><strong>ictu</strong></span> <span class='ocrx_word' id='word_1_296' title='bbox 1078 2616 1263 2672; x_wconf 88' lang='lat' dir='ltr'><strong>vitam</strong></span> <span class='ocrx_word' id='word_1_297' title='bbox 1302 2618 1459 2674; x_wconf 69' lang='lat' dir='ltr'><strong>foede</strong></span> <span class='ocrx_word' id='word_1_298' title='bbox 1489 2619 1828 2692; x_wconf 89' lang='lat' dir='ltr'><strong>misereque</strong></span> <span class='ocrx_word' id='word_1_299' title='bbox 1877 2618 2097 2684; x_wconf 90' lang='lat' dir='ltr'><strong>amisit,</strong></span> <span class='ocrx_word' id='word_1_300' title='bbox 2127 2622 2304 2690; x_wconf 90' lang='lat' dir='ltr'><strong>prout</strong></span> <span class='ocrx_word' id='word_1_301' title='bbox 2327 2634 2437 2690; x_wconf 88' lang='lat' dir='ltr'><strong>pa-</strong></span> 
     </span>
    </p>
   </div>
   <div class='ocr_carea' id='block_1_44' title="bbox 778 2702 2436 2781">
    <p class='ocr_par' dir='ltr' id='par_1_44' title="bbox 778 2702 2436 2781">
     <span class='ocr_line' id='line_1_44' title="bbox 778 2702 2436 2781; baseline 0.004 -23"><span class='ocrx_word' id='word_1_302' title='bbox 778 2702 1039 2760; x_wconf 89' lang='lat' dir='ltr'><strong>triarcha</strong></span> <span class='ocrx_word' id='word_1_303' title='bbox 1057 2705 1435 2777; x_wconf 86' lang='lat' dir='ltr'><strong>praedixerat.</strong></span> <span class='ocrx_word' id='word_1_304' title='bbox 1470 2712 1749 2779; x_wconf 63' lang='lat' dir='ltr'><strong>Augustas</strong></span> <span class='ocrx_word' id='word_1_305' title='bbox 1776 2724 2022 2781; x_wconf 89' lang='lat' dir='ltr'><strong>quoque</strong></span> <span class='ocrx_word' id='word_1_306' title='bbox 2051 2712 2256 2763; x_wconf 87' lang='lat' dir='ltr'><strong>uterus</strong></span> <span class='ocrx_word' id='word_1_307' title='bbox 2303 2723 2436 2764; x_wconf 90' lang='lat' dir='ltr'><strong>ma-</strong></span> 
     </span>
    </p>
   </div>
   <div class='ocr_carea' id='block_1_45' title="bbox 778 2791 2435 2870">
    <p class='ocr_par' dir='ltr' id='par_1_45' title="bbox 778 2791 2435 2870">
     <span class='ocr_line' id='line_1_45' title="bbox 778 2791 2435 2870; baseline 0.004 -25"><span class='ocrx_word' id='word_1_308' title='bbox 778 2791 944 2847; x_wconf 87' lang='lat' dir='ltr'><strong>sculo</strong></span> <span class='ocrx_word' id='word_1_309' title='bbox 972 2791 1167 2849; x_wconf 82' lang='lat' dir='ltr'><strong>fructu</strong></span> <span class='ocrx_word' id='word_1_310' title='bbox 1194 2810 1406 2868; x_wconf 85' lang='lat' dir='ltr'><strong>expers</strong></span> <span class='ocrx_word' id='word_1_311' title='bbox 1431 2796 1556 2863; x_wconf 86' lang='lat' dir='ltr'><strong>fuii,</strong></span> <span class='ocrx_word' id='word_1_312' title='bbox 1594 2801 1733 2870; x_wconf 90' lang='lat' dir='ltr'><strong>post</strong></span> <span class='ocrx_word' id='word_1_313' title='bbox 1763 2796 2118 2870; x_wconf 66' lang='lat' dir='ltr'><strong>patriarchae</strong></span> <span class='ocrx_word' id='word_1_314' title='bbox 2139 2811 2326 2868; x_wconf 90' lang='lat' dir='ltr'><strong>quam</strong></span> <span class='ocrx_word' id='word_1_315' title='bbox 2349 2795 2435 2851; x_wconf 89' lang='lat' dir='ltr'><strong>di-</strong></span> 
     </span>
    </p>
   </div>
   <div class='ocr_carea' id='block_1_46' title="bbox 775 2879 2435 2955">
    <p class='ocr_par' dir='ltr' id='par_1_46' title="bbox 775 2879 2435 2955">
     <span class='ocr_line' id='line_1_46' title="bbox 775 2879 2435 2955; baseline 0.004 -21"><span class='ocrx_word' id='word_1_316' title='bbox 775 2879 976 2936; x_wconf 83' lang='lat' dir='ltr'><strong>ximus</strong></span> <span class='ocrx_word' id='word_1_317' title='bbox 1010 2882 1527 2955; x_wconf 89' lang='lat' dir='ltr'><strong>imprecationem.</strong></span> <span class='ocrx_word' id='word_1_318' title='bbox 1548 2887 1665 2943; x_wconf 89' lang='lat' dir='ltr'><strong>Etsi</strong></span> <span class='ocrx_word' id='word_1_319' title='bbox 1699 2887 1857 2943; x_wconf 91' lang='lat' dir='ltr'><strong>enim</strong></span> <span class='ocrx_word' id='word_1_320' title='bbox 1882 2889 2158 2942; x_wconf 89' lang='lat' dir='ltr'><strong>natusest</strong></span> <span class='ocrx_word' id='word_1_321' title='bbox 2181 2884 2435 2941; x_wconf 89' lang='lat' dir='ltr'><strong>Manueli</strong></span> 
     </span>
    </p>
   </div>
   <div class='ocr_carea' id='block_1_47' title="bbox 775 2968 2434 3043">
    <p class='ocr_par' dir='ltr' id='par_1_47' title="bbox 775 2968 2434 3043">
     <span class='ocr_line' id='line_1_47' title="bbox 775 2968 2434 3043; baseline 0.004 -18"><span class='ocrx_word' id='word_1_322' title='bbox 775 2968 935 3025; x_wconf 84' lang='lat' dir='ltr'><strong>ﬁlius</strong></span> <span class='ocrx_word' id='word_1_323' title='bbox 959 2969 1198 3028; x_wconf 87' lang='lat' dir='ltr'><strong>Alexius</strong></span> <span class='ocrx_word' id='word_1_324' title='bbox 1226 2973 1392 3031; x_wconf 87' lang='lat' dir='ltr'><strong>haud</strong></span> <span class='ocrx_word' id='word_1_325' title='bbox 1423 2991 1496 3032; x_wconf 87' lang='lat' dir='ltr'><strong>ex</strong></span> <span class='ocrx_word' id='word_1_326' title='bbox 1534 2975 1634 3032; x_wconf 92' lang='lat' dir='ltr'><strong>illo</strong></span> <span class='ocrx_word' id='word_1_327' title='bbox 1687 2979 1910 3043; x_wconf 87' lang='lat' dir='ltr'><strong>tamen,</strong></span> <span class='ocrx_word' id='word_1_328' title='bbox 1966 2975 2071 3031; x_wconf 83' lang='lat' dir='ltr'><strong>sed</strong></span> <span class='ocrx_word' id='word_1_329' title='bbox 2129 2990 2201 3031; x_wconf 88' lang='lat' dir='ltr'><strong>ex</strong></span> <span class='ocrx_word' id='word_1_330' title='bbox 2254 2974 2434 3031; x_wconf 86' lang='lat' dir='ltr'><strong>Maria</strong></span> 
     </span>
    </p>
   </div>
   <div class='ocr_carea' id='block_1_48' title="bbox 778 3059 1512 3136">
    <p class='ocr_par' dir='ltr' id='par_1_48' title="bbox 778 3059 1512 3136">
     <span class='ocr_line' id='line_1_48' title="bbox 778 3059 1512 3136; baseline 0.01 -22"><span class='ocrx_word' id='word_1_331' title='bbox 778 3059 1005 3123; x_wconf 85' lang='lat' dir='ltr'><strong>Latina,</strong></span> <span class='ocrx_word' id='word_1_332' title='bbox 1039 3067 1352 3136; x_wconf 90' lang='lat' dir='ltr'><strong>susceptus</strong></span> <span class='ocrx_word' id='word_1_333' title='bbox 1383 3065 1512 3121; x_wconf 82' lang='lat' dir='ltr'><strong>fuit.</strong></span> 
     </span>
    </p>
   </div>
   <div class='ocr_carea' id='block_1_49' title="bbox 2547 1982 4153 2058">
    <p class='ocr_par' dir='ltr' id='par_1_49' title="bbox 2547 1982 4153 2058">
     <span class='ocr_line' id='line_1_49' title="bbox 2547 1982 4153 2058; baseline -0.004 -17"><span class='ocrx_word' id='word_1_334' title='bbox 2547 1997 2644 2051; x_wconf 84' lang='grc' dir='ltr'>τῆς</span> <span class='ocrx_word' id='word_1_335' title='bbox 2670 1984 2980 2050; x_wconf 76' lang='grc' dir='ltr'><strong>δυναστείας</strong></span> <span class='ocrx_word' id='word_1_336' title='bbox 3015 1995 3114 2040; x_wconf 85' lang='grc' dir='ltr'><strong>τῶν</strong></span> <span class='ocrx_word' id='word_1_337' title='bbox 3154 1986 3247 2039; x_wconf 67' lang='grc' dir='ltr'><strong>οὐκ</strong></span> <span class='ocrx_word' id='word_1_338' title='bbox 3288 1986 3478 2057; x_wconf 74' lang='grc' dir='ltr'>εὐαγῶς</span> <span class='ocrx_word' id='word_1_339' title='bbox 3528 1992 3591 2057; x_wconf 74' lang='grc' dir='ltr'><strong>τῇ</strong></span> <span class='ocrx_word' id='word_1_340' title='bbox 3647 1982 3893 2057; x_wconf 81' lang='grc' dir='ltr'><strong>βασιλείᾳ</strong></span> <span class='ocrx_word' id='word_1_341' title='bbox 3939 1986 4153 2058; x_wconf 73' lang='grc' dir='ltr'>χρωμέ-</span> 
     </span>
    </p>
   </div>
   <div class='ocr_carea' id='block_1_50' title="bbox 2649 2070 4152 2151">
    <p class='ocr_par' dir='ltr' id='par_1_50' title="bbox 2649 2070 4152 2151">
     <span class='ocr_line' id='line_1_50' title="bbox 2649 2070 4152 2151; baseline -0.005 -18"><span class='ocrx_word' id='word_1_342' title='bbox 2649 2124 2663 2147; x_wconf 87' lang='grc'><strong>,</strong></span> <span class='ocrx_word' id='word_1_343' title='bbox 2717 2078 2909 2151; x_wconf 79' lang='grc' dir='ltr'>μέλλων</span> <span class='ocrx_word' id='word_1_344' title='bbox 2958 2074 3066 2137; x_wconf 68' lang='grc' dir='ltr'><strong>ἢδη</strong></span> <span class='ocrx_word' id='word_1_345' title='bbox 3113 2075 3445 2151; x_wconf 79' lang='grc' dir='ltr'>ἓξίρχεσθαι,</span> <span class='ocrx_word' id='word_1_346' title='bbox 3502 2080 3597 2133; x_wconf 81' lang='grc' dir='ltr'><strong>τὴν</strong></span> <span class='ocrx_word' id='word_1_347' title='bbox 3646 2070 3956 2146; x_wconf 71' lang='grc' dir='ltr'>Αὖγοῦσταν</span> <span class='ocrx_word' id='word_1_348' title='bbox 4011 2075 4152 2125; x_wconf 85' lang='grc' dir='ltr'><strong>κατὰ</strong></span> 
     </span>
    </p>
   </div>
   <div class='ocr_carea' id='block_1_51' title="bbox 2544 2159 4152 2243">
    <p class='ocr_par' dir='ltr' id='par_1_51' title="bbox 2544 2159 4152 2243">
     <span class='ocr_line' id='line_1_51' title="bbox 2544 2159 4152 2243; baseline -0.003 -22"><span class='ocrx_word' id='word_1_349' title='bbox 2544 2172 2769 2243; x_wconf 88' lang='grc' dir='ltr'>γαστρός</span> <span class='ocrx_word' id='word_1_350' title='bbox 2821 2171 3143 2241; x_wconf 60' lang='grc' dir='ltr'>σφραγίσας,</span> <span class='ocrx_word' id='word_1_351' title='bbox 3192 2164 3472 2238; x_wconf 81' lang='grc' dir='ltr'><strong>ἐπετίμησε</strong></span> <span class='ocrx_word' id='word_1_352' title='bbox 3525 2168 3714 2237; x_wconf 80' lang='grc' dir='ltr'><strong>μηκέτι</strong></span> <span class='ocrx_word' id='word_1_353' title='bbox 3757 2171 3919 2216; x_wconf 79' lang='grc' dir='ltr'><strong>τεκεῖν</strong></span> <span class='ocrx_word' id='word_1_354' title='bbox 3973 2159 4152 2216; x_wconf 77' lang='grc' dir='ltr'>παῖδα</span> 
     </span>
    </p>
   </div>
   <div class='ocr_carea' id='block_1_52' title="bbox 2545 2254 4152 2332">
    <p class='ocr_par' dir='ltr' id='par_1_52' title="bbox 2545 2254 4152 2332">
     <span class='ocr_line' id='line_1_52' title="bbox 2545 2254 4152 2332; baseline -0.003 -23"><span class='ocrx_word' id='word_1_355' title='bbox 2545 2257 2751 2332; x_wconf 75' lang='grc' dir='ltr'>ἄρρενα.</span> <span class='ocrx_word' id='word_1_356' title='bbox 2804 2256 2863 2309; x_wconf 70' lang='grc'><strong>⁸0</strong></span> <span class='ocrx_word' id='word_1_357' title='bbox 2913 2254 2972 2309; x_wconf 73' lang='grc' dir='ltr'><strong>δε</strong></span> <span class='ocrx_word' id='word_1_358' title='bbox 3030 2258 3460 2327; x_wconf 72' lang='grc' dir='ltr'>Κοντοστεφανος,</span> <span class='ocrx_word' id='word_1_359' title='bbox 3525 2262 3598 2322; x_wconf 84' lang='grc' dir='ltr'><strong>τῷ</strong></span> <span class='ocrx_word' id='word_1_360' title='bbox 3636 2261 3801 2329; x_wconf 76' lang='grc' dir='ltr'><strong>καιρῷ</strong></span> <span class='ocrx_word' id='word_1_361' title='bbox 3858 2256 4152 2327; x_wconf 82' lang='grc' dir='ltr'>χαριζόμε-</span> 
     </span>
    </p>
   </div>
   <div class='ocr_carea' id='block_1_53' title="bbox 2545 2340 4150 2418">
    <p class='ocr_par' dir='ltr' id='par_1_53' title="bbox 2545 2340 4150 2418">
     <span class='ocr_line' id='line_1_53' title="bbox 2545 2340 4150 2418; baseline -0.005 -19"><span class='ocrx_word' id='word_1_362' title='bbox 2545 2366 2649 2412; x_wconf 84' lang='grc' dir='ltr'>νος,</span> <span class='ocrx_word' id='word_1_363' title='bbox 2707 2345 2817 2398; x_wconf 77' lang='grc' dir='ltr'><strong>ἐπεί</strong></span> <span class='ocrx_word' id='word_1_364' title='bbox 2873 2349 3143 2418; x_wconf 83' lang='grc' dir='ltr'>παρεστὼς</span> <span class='ocrx_word' id='word_1_365' title='bbox 3207 2340 3269 2402; x_wconf 72' lang='grc' dir='ltr'><strong>ἦν</strong></span> <span class='ocrx_word' id='word_1_366' title='bbox 3328 2351 3390 2416; x_wconf 76' lang='grc' dir='ltr'><strong>τῇ</strong></span> <span class='ocrx_word' id='word_1_367' title='bbox 3450 2340 3728 2415; x_wconf 76' lang='grc' dir='ltr'><strong>δεσποίνῃ,</strong></span> <span class='ocrx_word' id='word_1_368' title='bbox 3784 2340 3994 2404; x_wconf 74' lang='grc' dir='ltr'><strong>ἐξέτεινε</strong></span> <span class='ocrx_word' id='word_1_369' title='bbox 4052 2344 4150 2398; x_wconf 77' lang='grc' dir='ltr'><strong>τὴν</strong></span> 
     </span>
    </p>
   </div>
   <div class='ocr_carea' id='block_1_54' title="bbox 2546 2100 2642 2131">
    <p class='ocr_par' dir='ltr' id='par_1_54' title="bbox 2546 2100 2642 2131">
     <span class='ocr_line' id='line_1_54' title="bbox 2546 2100 2642 2131; baseline -0.01 0"><span class='ocrx_word' id='word_1_370' title='bbox 2546 2100 2642 2131; x_wconf 89' lang='grc' dir='ltr'><strong>νων</strong></span> 
     </span>
    </p>
   </div>
   <div class='ocr_carea' id='block_1_55' title="bbox 2545 2430 4152 2511">
    <p class='ocr_par' dir='ltr' id='par_1_55' title="bbox 2545 2430 4152 2511">
     <span class='ocr_line' id='line_1_55' title="bbox 2545 2430 4152 2511; baseline -0.004 -23"><span class='ocrx_word' id='word_1_371' title='bbox 2545 2443 2706 2511; x_wconf 84' lang='grc' dir='ltr'>χεῖρα</span> <span class='ocrx_word' id='word_1_372' title='bbox 2732 2436 2959 2510; x_wconf 76' lang='grc' dir='ltr'>ῥαπίσαι</span> <span class='ocrx_word' id='word_1_373' title='bbox 3000 2438 3085 2486; x_wconf 88' lang='grc' dir='ltr'><strong>τὸν</strong></span> <span class='ocrx_word' id='word_1_374' title='bbox 3132 2435 3474 2508; x_wconf 84' lang='grc' dir='ltr'>πατριάρχην</span> <span class='ocrx_word' id='word_1_375' title='bbox 3504 2452 3517 2466; x_wconf 77' lang='grc' dir='ltr'><strong>ο</strong></span> <span class='ocrx_word' id='word_1_376' title='bbox 3574 2430 3682 2484; x_wconf 81' lang='grc' dir='ltr'>ἀλλ’</span> <span class='ocrx_word' id='word_1_377' title='bbox 3737 2430 3972 2488; x_wconf 80' lang='grc' dir='ltr'><strong>ἐκωλύθη</strong></span> <span class='ocrx_word' id='word_1_378' title='bbox 4015 2432 4152 2503; x_wconf 82' lang='grc' dir='ltr'>πρός</span> 
     </span>
    </p>
   </div>
   <div class='ocr_carea' id='block_1_56' title="bbox 2545 2519 4153 2599">
    <p class='ocr_par' dir='ltr' id='par_1_56' title="bbox 2545 2519 4153 2599">
     <span class='ocr_line' id='line_1_56' title="bbox 2545 2519 4153 2599; baseline -0.004 -22"><span class='ocrx_word' id='word_1_379' title='bbox 2545 2534 2645 2577; x_wconf 83' lang='grc' dir='ltr'><strong>τῶν</strong></span> <span class='ocrx_word' id='word_1_380' title='bbox 2682 2530 3161 2599; x_wconf 79' lang='grc' dir='ltr'>συμπαρεστὼτων.</span> <span class='ocrx_word' id='word_1_381' title='bbox 3218 2523 3277 2575; x_wconf 83' lang='grc' dir='ltr'><strong>Ὀ</strong></span> <span class='ocrx_word' id='word_1_382' title='bbox 3324 2531 3449 2595; x_wconf 71' lang='grc' dir='ltr'>γοῦν</span> <span class='ocrx_word' id='word_1_383' title='bbox 3496 2523 3841 2597; x_wconf 76' lang='grc' dir='ltr'><strong>πατριάρχης</strong></span> <span class='ocrx_word' id='word_1_384' title='bbox 3898 2519 4153 2593; x_wconf 75' lang='grc' dir='ltr'>ἐπιστρα-</span> 
     </span>
    </p>
   </div>
   <div class='ocr_carea' id='block_1_57' title="bbox 2546 2608 4151 2687">
    <p class='ocr_par' dir='ltr' id='par_1_57' title="bbox 2546 2608 4151 2687">
     <span class='ocr_line' id='line_1_57' title="bbox 2546 2608 4151 2687; baseline -0.004 -21"><span class='ocrx_word' id='word_1_385' title='bbox 2546 2619 2674 2687; x_wconf 74' lang='grc' dir='ltr'>φείς,</span> <span class='ocrx_word' id='word_1_386' title='bbox 2707 2614 2888 2687; x_wconf 66' lang='grc' dir='ltr'><strong>’Ἅφετε</strong></span> <span class='ocrx_word' id='word_1_387' title='bbox 2930 2613 3105 2681; x_wconf 69' lang='grc' dir='ltr'>αὐτόν,</span> <span class='ocrx_word' id='word_1_388' title='bbox 3161 2615 3276 2686; x_wconf 72' lang='grc' dir='ltr'><strong>ἔφη.</strong></span> <span class='ocrx_word' id='word_1_389' title='bbox 3345 2611 3456 2685; x_wconf 84' lang='grc' dir='ltr'><strong>μετ’</strong></span> <span class='ocrx_word' id='word_1_390' title='bbox 3506 2611 3565 2663; x_wconf 72' lang='grc' dir='ltr'><strong>οὐ</strong></span> <span class='ocrx_word' id='word_1_391' title='bbox 3628 2610 3760 2664; x_wconf 86' lang='grc' dir='ltr'>πολὺ</span> <span class='ocrx_word' id='word_1_392' title='bbox 3805 2614 3899 2668; x_wconf 78' lang='grc' dir='ltr'><strong>τὴν</strong></span> <span class='ocrx_word' id='word_1_393' title='bbox 3955 2608 4151 2662; x_wconf 74' lang='grc' dir='ltr'><strong>οἰκείαν</strong></span> 
     </span>
    </p>
   </div>
   <div class='ocr_carea' id='block_1_58' title="bbox 2545 2698 4148 2779">
    <p class='ocr_par' dir='ltr' id='par_1_58' title="bbox 2545 2698 4148 2779">
     <span class='ocr_line' id='line_1_58' title="bbox 2545 2698 4148 2779; baseline -0.006 -21"><span class='ocrx_word' id='word_1_394' title='bbox 2545 2707 2766 2779; x_wconf 72' lang='grc' dir='ltr'><strong>Πετρὲαν</strong></span> <span class='ocrx_word' id='word_1_395' title='bbox 2800 2702 3088 2776; x_wconf 78' lang='grc' dir='ltr'><strong>ληψόμενον</strong></span> <span class='ocrx_word' id='word_1_396' title='bbox 3122 2702 3181 2754; x_wconf 83' lang='grc' dir='ltr'><strong>’ὃ</strong></span> <span class='ocrx_word' id='word_1_397' title='bbox 3219 2707 3309 2754; x_wconf 85' lang='grc' dir='ltr'><strong>καὶ</strong></span> <span class='ocrx_word' id='word_1_398' title='bbox 3356 2705 3559 2773; x_wconf 76' lang='grc' dir='ltr'>γέγονεν</span> <span class='ocrx_word' id='word_1_399' title='bbox 3611 2700 3727 2772; x_wconf 78' lang='grc'><strong>(16)</strong></span> <span class='ocrx_word' id='word_1_400' title='bbox 3752 2716 3765 2729; x_wconf 92' lang='grc'><strong>·</strong></span> <span class='ocrx_word' id='word_1_401' title='bbox 3809 2698 3983 2771; x_wconf 83' lang='grc' dir='ltr'>ὀλίγον</span> <span class='ocrx_word' id='word_1_402' title='bbox 4043 2701 4148 2772; x_wconf 82' lang='grc' dir='ltr'><strong>γὰρ</strong></span> 
     </span>
    </p>
   </div>
   <div class='ocr_carea' id='block_1_59' title="bbox 2543 2788 4149 2867">
    <p class='ocr_par' dir='ltr' id='par_1_59' title="bbox 2543 2788 4149 2867">
     <span class='ocr_line' id='line_1_59' title="bbox 2543 2788 4149 2867; baseline -0.004 -21"><span class='ocrx_word' id='word_1_403' title='bbox 2543 2790 2833 2853; x_wconf 79' lang='grc' dir='ltr'>δειλθόντος</span> <span class='ocrx_word' id='word_1_404' title='bbox 2880 2799 3088 2867; x_wconf 75' lang='grc' dir='ltr'>καιροῦ,</span> <span class='ocrx_word' id='word_1_405' title='bbox 3142 2796 3321 2845; x_wconf 85' lang='grc' dir='ltr'>πίπτει</span> <span class='ocrx_word' id='word_1_406' title='bbox 3371 2793 3396 2842; x_wconf 93' lang='lat'><strong>6</strong></span> <span class='ocrx_word' id='word_1_407' title='bbox 3452 2793 3862 2862; x_wconf 76' lang='grc' dir='ltr'>Κοντοστίφανος</span> <span class='ocrx_word' id='word_1_408' title='bbox 3928 2788 4002 2849; x_wconf 87' lang='grc' dir='ltr'>εἰς</span> <span class='ocrx_word' id='word_1_409' title='bbox 4057 2790 4149 2839; x_wconf 83' lang='grc' dir='ltr'>τόν</span> 
     </span>
    </p>
   </div>
   <div class='ocr_carea' id='block_1_60' title="bbox 2541 2876 4150 2955">
    <p class='ocr_par' dir='ltr' id='par_1_60' title="bbox 2541 2876 4150 2955">
     <span class='ocr_line' id='line_1_60' title="bbox 2541 2876 4150 2955; baseline -0.003 -22"><span class='ocrx_word' id='word_1_410' title='bbox 2541 2884 2676 2934; x_wconf 85' lang='grc' dir='ltr'><strong>κατὰ</strong></span> <span class='ocrx_word' id='word_1_411' title='bbox 2737 2886 3000 2955; x_wconf 82' lang='grc' dir='ltr'>Κέρκυραν</span> <span class='ocrx_word' id='word_1_412' title='bbox 3052 2880 3293 2953; x_wconf 78' lang='grc' dir='ltr'>πόλεμον,</span> <span class='ocrx_word' id='word_1_413' title='bbox 3355 2878 3484 2950; x_wconf 83' lang='grc' dir='ltr'>λίθῳ</span> <span class='ocrx_word' id='word_1_414' title='bbox 3544 2876 3755 2950; x_wconf 84' lang='grc' dir='ltr'>βληθείς</span> <span class='ocrx_word' id='word_1_415' title='bbox 3826 2879 3959 2951; x_wconf 86' lang='grc' dir='ltr'>πρός</span> <span class='ocrx_word' id='word_1_416' title='bbox 4007 2895 4150 2938; x_wconf 85' lang='grc' dir='ltr'>τινος</span> 
     </span>
    </p>
   </div>
   <div class='ocr_carea' id='block_1_61' title="bbox 2539 2964 4149 3041">
    <p class='ocr_par' dir='ltr' id='par_1_61' title="bbox 2539 2964 4149 3041">
     <span class='ocr_line' id='line_1_61' title="bbox 2539 2964 4149 3041; baseline -0.004 -19"><span class='ocrx_word' id='word_1_417' title='bbox 2539 2979 2639 3023; x_wconf 80' lang='grc' dir='ltr'><strong>τῶν</strong></span> <span class='ocrx_word' id='word_1_418' title='bbox 2662 2977 2753 3023; x_wconf 77' lang='grc' dir='ltr'><strong>τοῦ</strong></span> <span class='ocrx_word' id='word_1_419' title='bbox 2780 2971 2965 3032; x_wconf 77' lang='grc' dir='ltr'>ἄστεος</span> <span class='ocrx_word' id='word_1_420' title='bbox 2990 2969 3179 3022; x_wconf 78' lang='grc' dir='ltr'>ἄνωθεν</span> <span class='ocrx_word' id='word_1_421' title='bbox 3208 2990 3221 3002; x_wconf 89' lang='grc'><strong>·</strong></span> <span class='ocrx_word' id='word_1_422' title='bbox 3266 2970 3332 3041; x_wconf 69' lang='grc' dir='ltr'><strong>ὑφ</strong></span> <span class='ocrx_word' id='word_1_423' title='bbox 3364 2967 3441 3020; x_wconf 73' lang='grc' dir='ltr'><strong>οὐ⁹</strong></span> <span class='ocrx_word' id='word_1_424' title='bbox 3478 2967 3625 3020; x_wconf 83' lang='grc' dir='ltr'>λίθου</span> <span class='ocrx_word' id='word_1_425' title='bbox 3678 2971 3768 3019; x_wconf 87' lang='grc' dir='ltr'><strong>καὶ</strong></span> <span class='ocrx_word' id='word_1_426' title='bbox 3814 2970 3911 3024; x_wconf 66' lang='grc' dir='ltr'><strong>τὴν</strong></span> <span class='ocrx_word' id='word_1_427' title='bbox 3956 2964 4149 3037; x_wconf 66' lang='grc' dir='ltr'>ψυχὴν</span> 
     </span>
    </p>
   </div>
   <div class='ocr_carea' id='block_1_62' title="bbox 2543 3053 4148 3133">
    <p class='ocr_par' dir='ltr' id='par_1_62' title="bbox 2543 3053 4148 3133">
     <span class='ocr_line' id='line_1_62' title="bbox 2543 3053 4148 3133; baseline -0.004 -20"><span class='ocrx_word' id='word_1_428' title='bbox 2543 3053 2781 3133; x_wconf 59' lang='grc' dir='ltr'>αἰσχρῶς</span> <span class='ocrx_word' id='word_1_429' title='bbox 2807 3058 3027 3113; x_wconf 77' lang='grc' dir='ltr'>ἀπέϐαλε</span> <span class='ocrx_word' id='word_1_430' title='bbox 3048 3064 3136 3112; x_wconf 83' lang='grc' dir='ltr'><strong>καὶ</strong></span> <span class='ocrx_word' id='word_1_431' title='bbox 3164 3058 3407 3123; x_wconf 82' lang='grc' dir='ltr'><strong>ἐλεεινῶς,</strong></span> <span class='ocrx_word' id='word_1_432' title='bbox 3447 3058 3585 3110; x_wconf 83' lang='grc' dir='ltr'><strong>κατὰ</strong></span> <span class='ocrx_word' id='word_1_433' title='bbox 3640 3060 3734 3115; x_wconf 77' lang='grc' dir='ltr'><strong>τὴν</strong></span> <span class='ocrx_word' id='word_1_434' title='bbox 3798 3062 3891 3108; x_wconf 84' lang='grc' dir='ltr'><strong>τοῦ</strong></span> <span class='ocrx_word' id='word_1_435' title='bbox 3958 3074 4148 3129; x_wconf 86' lang='grc' dir='ltr'>πατρι-</span> 
     </span>
    </p>
   </div>
   <div class='ocr_carea' id='block_1_63' title="bbox 775 3144 4147 3227">
    <p class='ocr_par' dir='ltr' id='par_1_63' title="bbox 775 3144 4147 3227">
     <span class='ocr_line' id='line_1_63' title="bbox 775 3144 4147 3227; baseline -0.001 -27"><span class='ocrx_word' id='word_1_436' title='bbox 775 3146 948 3223; x_wconf 77' lang='grc' dir='ltr'>ἁρχου</span> <span class='ocrx_word' id='word_1_437' title='bbox 996 3150 1324 3227; x_wconf 67' lang='grc' dir='ltr'><strong>πρόῤῥησινυ</strong></span> <span class='ocrx_word' id='word_1_438' title='bbox 1375 3154 1503 3207; x_wconf 85' lang='grc' dir='ltr'>ἀλλά</span> <span class='ocrx_word' id='word_1_439' title='bbox 1544 3159 1633 3207; x_wconf 85' lang='grc' dir='ltr'><strong>καὶ</strong></span> <span class='ocrx_word' id='word_1_440' title='bbox 1680 3156 1709 3213; x_wconf 81' lang='grc' dir='ltr'>ἡ</span> <span class='ocrx_word' id='word_1_441' title='bbox 1767 3162 1857 3216; x_wconf 78' lang='grc' dir='ltr'>τῆς</span> <span class='ocrx_word' id='word_1_442' title='bbox 1901 3155 2210 3227; x_wconf 47' lang='lat' dir='ltr'><strong>Atia/66611;;</strong></span> <span class='ocrx_word' id='word_1_443' title='bbox 2275 3155 2483 3226; x_wconf 74' lang='grc' dir='ltr'>γαστὴρ</span> <span class='ocrx_word' id='word_1_444' title='bbox 2548 3152 2777 3223; x_wconf 81' lang='grc' dir='ltr'>ἄκαρπος</span> <span class='ocrx_word' id='word_1_445' title='bbox 2816 3149 2869 3212; x_wconf 76' lang='grc' dir='ltr'><strong>ἐξ</strong></span> <span class='ocrx_word' id='word_1_446' title='bbox 2926 3148 3194 3225; x_wconf 74' lang='grc' dir='ltr'><strong>ἁῤῥενικῆς</strong></span> <span class='ocrx_word' id='word_1_447' title='bbox 3242 3155 3396 3220; x_wconf 85' lang='grc' dir='ltr'>γονῆς</span> <span class='ocrx_word' id='word_1_448' title='bbox 3438 3150 3599 3220; x_wconf 84' lang='grc' dir='ltr'><strong>ἔμεινε</strong></span> <span class='ocrx_word' id='word_1_449' title='bbox 3645 3150 3737 3204; x_wconf 70' lang='grc' dir='ltr'><strong>την</strong></span> <span class='ocrx_word' id='word_1_450' title='bbox 3787 3144 3912 3218; x_wconf 81' lang='grc' dir='ltr'>παρ’</span> <span class='ocrx_word' id='word_1_451' title='bbox 3982 3144 4147 3197; x_wconf 72' lang='grc' dir='ltr'><strong>αὐτοῦ</strong></span> 
     </span>
    </p>
   </div>
   <div class='ocr_carea' id='block_1_64' title="bbox 774 3233 4148 3319">
    <p class='ocr_par' dir='ltr' id='par_1_64' title="bbox 774 3233 4148 3319">
     <span class='ocr_line' id='line_1_64' title="bbox 774 3233 4148 3319; baseline -0.001 -30"><span class='ocrx_word' id='word_1_452' title='bbox 774 3235 1100 3312; x_wconf 78' lang='grc' dir='ltr'><strong>ἐπιτίμησιν,</strong></span> <span class='ocrx_word' id='word_1_453' title='bbox 1155 3244 1224 3305; x_wconf 81' lang='grc' dir='ltr'>ὡς</span> <span class='ocrx_word' id='word_1_454' title='bbox 1280 3247 1506 3317; x_wconf 73' lang='grc' dir='ltr'>εἴρηται,</span> <span class='ocrx_word' id='word_1_455' title='bbox 1555 3242 1849 3317; x_wconf 73' lang='grc' dir='ltr'><strong>δεξαμένη·</strong></span> <span class='ocrx_word' id='word_1_456' title='bbox 1907 3245 1950 3297; x_wconf 89' lang='grc' dir='ltr'><strong>εἰ</strong></span> <span class='ocrx_word' id='word_1_457' title='bbox 2013 3246 2115 3319; x_wconf 82' lang='grc' dir='ltr'><strong>γὰρ</strong></span> <span class='ocrx_word' id='word_1_458' title='bbox 2174 3248 2264 3295; x_wconf 84' lang='grc' dir='ltr'><strong>καὶ</strong></span> <span class='ocrx_word' id='word_1_459' title='bbox 2315 3247 2493 3315; x_wconf 79' lang='grc' dir='ltr'>γέγονε</span> <span class='ocrx_word' id='word_1_460' title='bbox 2549 3248 2622 3313; x_wconf 79' lang='grc' dir='ltr'><strong>τῷ</strong></span> <span class='ocrx_word' id='word_1_461' title='bbox 2681 3238 2931 3298; x_wconf 83' lang='grc' dir='ltr'>Μανουὴλ</span> <span class='ocrx_word' id='word_1_462' title='bbox 2982 3242 3096 3304; x_wconf 87' lang='grc' dir='ltr'>υἱός</span> <span class='ocrx_word' id='word_1_463' title='bbox 3142 3238 3383 3307; x_wconf 75' lang='grc' dir='ltr'><strong>Ἀλέξιος,</strong></span> <span class='ocrx_word' id='word_1_464' title='bbox 3458 3235 3567 3289; x_wconf 79' lang='grc' dir='ltr'>ἀλλ’</span> <span class='ocrx_word' id='word_1_465' title='bbox 3629 3235 3721 3288; x_wconf 70' lang='grc' dir='ltr'><strong>οὐκ</strong></span> <span class='ocrx_word' id='word_1_466' title='bbox 3791 3233 3845 3286; x_wconf 74' lang='grc' dir='ltr'><strong>ἐκ</strong></span> <span class='ocrx_word' id='word_1_467' title='bbox 3918 3241 4011 3295; x_wconf 75' lang='grc' dir='ltr'><strong>τῆς</strong></span> <span class='ocrx_word' id='word_1_468' title='bbox 4078 3233 4148 3286; x_wconf 82' lang='grc' dir='ltr'><strong>εἰ·</strong></span> 
     </span>
    </p>
   </div>
   <div class='ocr_carea' id='block_1_65' title="bbox 772 3330 2424 3408">
    <p class='ocr_par' dir='ltr' id='par_1_65' title="bbox 772 3330 2424 3408">
     <span class='ocr_line' id='line_1_65' title="bbox 772 3330 2424 3408; baseline 0.002 -23"><span class='ocrx_word' id='word_1_469' title='bbox 772 3332 997 3401; x_wconf 79' lang='grc' dir='ltr'>ρημένης</span> <span class='ocrx_word' id='word_1_470' title='bbox 1026 3331 1181 3384; x_wconf 68' lang='grc' dir='ltr'><strong>αὐτόν</strong></span> <span class='ocrx_word' id='word_1_471' title='bbox 1212 3330 1458 3404; x_wconf 82' lang='grc' dir='ltr'>ἐγείνατο,</span> <span class='ocrx_word' id='word_1_472' title='bbox 1492 3333 1719 3388; x_wconf 81' lang='grc' dir='ltr'>ἁλλ’ἀπό</span> <span class='ocrx_word' id='word_1_473' title='bbox 1740 3338 1944 3408; x_wconf 85' lang='grc' dir='ltr'>Μαρίας</span> <span class='ocrx_word' id='word_1_474' title='bbox 1966 3342 2055 3395; x_wconf 82' lang='grc' dir='ltr'><strong>τῆς</strong></span> <span class='ocrx_word' id='word_1_475' title='bbox 2082 3333 2134 3386; x_wconf 80' lang='grc' dir='ltr'><strong>ἐκ</strong></span> <span class='ocrx_word' id='word_1_476' title='bbox 2161 3335 2424 3388; x_wconf 84' lang='grc' dir='ltr'><strong>Λατίνων.</strong></span> 
     </span>
    </p>
   </div>
   <div class='ocr_carea' id='block_1_66' title="bbox 849 3544 2503 3621">
    <p class='ocr_par' dir='ltr' id='par_1_66' title="bbox 849 3544 2503 3621">
     <span class='ocr_line' id='line_1_66' title="bbox 849 3544 2503 3621; baseline 0.002 -23"><span class='ocrx_word' id='word_1_477' title='bbox 849 3546 934 3601; x_wconf 89' lang='lat' dir='ltr'><strong>l6.</strong></span> <span class='ocrx_word' id='word_1_478' title='bbox 964 3544 1119 3610; x_wconf 89' lang='lat' dir='ltr'><strong>Quid</strong></span> <span class='ocrx_word' id='word_1_479' title='bbox 1146 3562 1291 3605; x_wconf 86' lang='lat' dir='ltr'><strong>vero</strong></span> <span class='ocrx_word' id='word_1_480' title='bbox 1317 3549 1584 3606; x_wconf 87' lang='lat' dir='ltr'><strong>Isaacius</strong></span> <span class='ocrx_word' id='word_1_481' title='bbox 1616 3549 1881 3621; x_wconf 82' lang='lat' dir='ltr'><strong>Angelus</strong></span> <span class='ocrx_word' id='word_1_482' title='bbox 1903 3551 1931 3606; x_wconf 74' lang='lat'><strong>‘2</strong></span> <span class='ocrx_word' id='word_1_483' title='bbox 1956 3552 2162 3606; x_wconf 90' lang='lat' dir='ltr'><strong>Nonne</strong></span> <span class='ocrx_word' id='word_1_484' title='bbox 2217 3550 2433 3620; x_wconf 76' lang='lat' dir='ltr'><strong>praeter</strong></span> <span class='ocrx_word' id='word_1_485' title='bbox 2460 3547 2503 3602; x_wconf 90' lang='lat' dir='ltr'>C</span> 
     </span>
    </p>
   </div>
   <div class='ocr_carea' id='block_1_67' title="bbox 772 3634 2430 3706">
    <p class='ocr_par' dir='ltr' id='par_1_67' title="bbox 772 3634 2430 3706">
     <span class='ocr_line' id='line_1_67' title="bbox 772 3634 2430 3706; baseline 0.005 -22"><span class='ocrx_word' id='word_1_486' title='bbox 772 3647 1015 3690; x_wconf 89' lang='lat' dir='ltr'><strong>omnem</strong></span> <span class='ocrx_word' id='word_1_487' title='bbox 1040 3634 1265 3706; x_wconf 91' lang='lat' dir='ltr'><strong>justam</strong></span> <span class='ocrx_word' id='word_1_488' title='bbox 1297 3654 1550 3697; x_wconf 87' lang='lat' dir='ltr'><strong>causam</strong></span> <span class='ocrx_word' id='word_1_489' title='bbox 1582 3640 1893 3697; x_wconf 89' lang='lat' dir='ltr'><strong>titulumve</strong></span> <span class='ocrx_word' id='word_1_490' title='bbox 1914 3639 2295 3703; x_wconf 88' lang='lat' dir='ltr'><strong>canonicum,</strong></span> <span class='ocrx_word' id='word_1_491' title='bbox 2327 3640 2430 3694; x_wconf 90' lang='lat' dir='ltr'><strong>Ca-</strong></span> 
     </span>
    </p>
   </div>
   <div class='ocr_carea' id='block_1_68' title="bbox 769 3724 2431 3797">
    <p class='ocr_par' dir='ltr' id='par_1_68' title="bbox 769 3724 2431 3797">
     <span class='ocr_line' id='line_1_68' title="bbox 769 3724 2431 3797; baseline 0.003 -20"><span class='ocrx_word' id='word_1_492' title='bbox 769 3726 1001 3779; x_wconf 88' lang='lat' dir='ltr'><strong>matero</strong></span> <span class='ocrx_word' id='word_1_493' title='bbox 1025 3724 1319 3797; x_wconf 89' lang='lat' dir='ltr'><strong>deposito,</strong></span> <span class='ocrx_word' id='word_1_494' title='bbox 1354 3729 1618 3786; x_wconf 91' lang='lat' dir='ltr'><strong>Nicetam</strong></span> <span class='ocrx_word' id='word_1_495' title='bbox 1680 3728 2056 3785; x_wconf 87' lang='lat' dir='ltr'><strong>sacellarium</strong></span> <span class='ocrx_word' id='word_1_496' title='bbox 2118 3727 2431 3784; x_wconf 86' lang='lat' dir='ltr'><strong>oblrusit?</strong></span> 
     </span>
    </p>
   </div>
   <div class='ocr_carea' id='block_1_69' title="bbox 768 3812 2430 3885">
    <p class='ocr_par' dir='ltr' id='par_1_69' title="bbox 768 3812 2430 3885">
     <span class='ocr_line' id='line_1_69' title="bbox 768 3812 2430 3885; baseline 0.004 -20"><span class='ocrx_word' id='word_1_497' title='bbox 768 3812 979 3868; x_wconf 89' lang='lat' dir='ltr'><strong>Nonne</strong></span> <span class='ocrx_word' id='word_1_498' title='bbox 1008 3812 1170 3871; x_wconf 92' lang='lat' dir='ltr'><strong>hunc</strong></span> <span class='ocrx_word' id='word_1_499' title='bbox 1200 3821 1265 3873; x_wconf 91' lang='lat' dir='ltr'><strong>ut</strong></span> <span class='ocrx_word' id='word_1_500' title='bbox 1297 3816 1686 3885; x_wconf 91' lang='lat' dir='ltr'><strong>imbecillum,</strong></span> <span class='ocrx_word' id='word_1_501' title='bbox 1721 3834 1882 3875; x_wconf 90' lang='lat' dir='ltr'><strong>anno</strong></span> <span class='ocrx_word' id='word_1_502' title='bbox 1922 3833 2044 3874; x_wconf 92' lang='lat' dir='ltr'><strong>uno</strong></span> <span class='ocrx_word' id='word_1_503' title='bbox 2061 3821 2291 3881; x_wconf 88' lang='lat' dir='ltr'><strong>exacto,</strong></span> <span class='ocrx_word' id='word_1_504' title='bbox 2331 3831 2430 3872; x_wconf 89' lang='lat' dir='ltr'><strong>re-</strong></span> 
     </span>
    </p>
   </div>
   <div class='ocr_carea' id='block_1_70' title="bbox 767 3905 2431 3980">
    <p class='ocr_par' dir='ltr' id='par_1_70' title="bbox 767 3905 2431 3980">
     <span class='ocr_line' id='line_1_70' title="bbox 767 3905 2431 3980; baseline 0.004 -26"><span class='ocrx_word' id='word_1_505' title='bbox 767 3915 1043 3973; x_wconf 90' lang='lat' dir='ltr'><strong>movens,</strong></span> <span class='ocrx_word' id='word_1_506' title='bbox 1078 3905 1384 3963; x_wconf 89' lang='lat' dir='ltr'><strong>Leontium</strong></span> <span class='ocrx_word' id='word_1_507' title='bbox 1414 3908 1819 3980; x_wconf 87' lang='lat' dir='ltr'><strong>patriarcham</strong></span> <span class='ocrx_word' id='word_1_508' title='bbox 1854 3907 1986 3964; x_wconf 85' lang='lat' dir='ltr'><strong>fecit</strong></span> <span class='ocrx_word' id='word_1_509' title='bbox 2010 3922 2193 3980; x_wconf 91' lang='lat' dir='ltr'><strong>quem</strong></span> <span class='ocrx_word' id='word_1_510' title='bbox 2249 3905 2431 3962; x_wconf 89' lang='lat' dir='ltr'><strong>etiam</strong></span> 
     </span>
    </p>
   </div>
   <div class='ocr_carea' id='block_1_71' title="bbox 767 3990 2431 4069">
    <p class='ocr_par' dir='ltr' id='par_1_71' title="bbox 767 3990 2431 4069">
     <span class='ocr_line' id='line_1_71' title="bbox 767 3990 2431 4069; baseline 0.004 -25"><span class='ocrx_word' id='word_1_511' title='bbox 767 3990 1097 4048; x_wconf 83' lang='lat' dir='ltr'><strong>Marianum</strong></span> <span class='ocrx_word' id='word_1_512' title='bbox 1125 3995 1427 4063; x_wconf 89' lang='lat' dir='ltr'><strong>vocitavit,</strong></span> <span class='ocrx_word' id='word_1_513' title='bbox 1460 4002 1705 4064; x_wconf 88' lang='lat' dir='ltr'><strong>testans,</strong></span> <span class='ocrx_word' id='word_1_514' title='bbox 1748 3998 1909 4054; x_wconf 92' lang='lat' dir='ltr'><strong>hunc</strong></span> <span class='ocrx_word' id='word_1_515' title='bbox 1950 3996 2061 4053; x_wconf 92' lang='lat' dir='ltr'><strong>sibi</strong></span> <span class='ocrx_word' id='word_1_516' title='bbox 2100 4013 2136 4053; x_wconf 90' lang='lat' dir='ltr'><strong>a</strong></span> <span class='ocrx_word' id='word_1_517' title='bbox 2175 3995 2431 4069; x_wconf 89' lang='lat' dir='ltr'><strong>Deipara</strong></span> 
     </span>
    </p>
   </div>
   <div class='ocr_carea' id='block_1_72' title="bbox 768 4083 2429 4160">
    <p class='ocr_par' dir='ltr' id='par_1_72' title="bbox 768 4083 2429 4160">
     <span class='ocr_line' id='line_1_72' title="bbox 768 4083 2429 4160; baseline 0.003 -24"><span class='ocrx_word' id='word_1_518' title='bbox 768 4083 1080 4138; x_wconf 91' lang='lat' dir='ltr'><strong>ostensum</strong></span> <span class='ocrx_word' id='word_1_519' title='bbox 1111 4099 1249 4140; x_wconf 91' lang='lat' dir='ltr'><strong>cum</strong></span> <span class='ocrx_word' id='word_1_520' title='bbox 1282 4086 1591 4151; x_wconf 89' lang='lat' dir='ltr'><strong>mandato,</strong></span> <span class='ocrx_word' id='word_1_521' title='bbox 1627 4092 1693 4144; x_wconf 89' lang='lat' dir='ltr'><strong>ut</strong></span> <span class='ocrx_word' id='word_1_522' title='bbox 1720 4087 1954 4160; x_wconf 90' lang='lat' dir='ltr'><strong>dejecto</strong></span> <span class='ocrx_word' id='word_1_523' title='bbox 1990 4086 2187 4143; x_wconf 87' lang='lat' dir='ltr'><strong>Niceta</strong></span> <span class='ocrx_word' id='word_1_524' title='bbox 2245 4087 2429 4142; x_wconf 87' lang='lat' dir='ltr'><strong>Leon-</strong></span> 
     </span>
    </p>
   </div>
   <div class='ocr_carea' id='block_1_73' title="bbox 767 4169 2427 4249">
    <p class='ocr_par' dir='ltr' id='par_1_73' title="bbox 767 4169 2427 4249">
     <span class='ocr_line' id='line_1_73' title="bbox 767 4169 2427 4249; baseline 0.004 -25"><span class='ocrx_word' id='word_1_525' title='bbox 767 4169 915 4226; x_wconf 90' lang='lat' dir='ltr'><strong>tium</strong></span> <span class='ocrx_word' id='word_1_526' title='bbox 952 4170 1014 4226; x_wconf 92' lang='lat' dir='ltr'><strong>in</strong></span> <span class='ocrx_word' id='word_1_527' title='bbox 1046 4172 1187 4229; x_wconf 93' lang='lat' dir='ltr'><strong>sede</strong></span> <span class='ocrx_word' id='word_1_528' title='bbox 1225 4177 1530 4247; x_wconf 90' lang='lat' dir='ltr'><strong>poneret?</strong></span> <span class='ocrx_word' id='word_1_529' title='bbox 1586 4180 1793 4233; x_wconf 87' lang='lat' dir='ltr'><strong>Nonne</strong></span> <span class='ocrx_word' id='word_1_530' title='bbox 1846 4182 2055 4249; x_wconf 91' lang='lat' dir='ltr'><strong>postea</strong></span> <span class='ocrx_word' id='word_1_531' title='bbox 2114 4176 2427 4232; x_wconf 85' lang='lat' dir='ltr'><strong>Leontium</strong></span> 
     </span>
    </p>
   </div>
   <div class='ocr_carea' id='block_1_74' title="bbox 765 4262 2430 4338">
    <p class='ocr_par' dir='ltr' id='par_1_74' title="bbox 765 4262 2430 4338">
     <span class='ocr_line' id='line_1_74' title="bbox 765 4262 2430 4338; baseline 0.005 -26"><span class='ocrx_word' id='word_1_532' title='bbox 765 4262 1194 4331; x_wconf 81' lang='lat' dir='ltr'><strong>exauctoravit,</strong></span> <span class='ocrx_word' id='word_1_533' title='bbox 1227 4262 1537 4321; x_wconf 74' lang='lat' dir='ltr'><strong>afﬁrmans</strong></span> <span class='ocrx_word' id='word_1_534' title='bbox 1563 4267 1782 4338; x_wconf 89' lang='lat' dir='ltr'><strong>pariter</strong></span> <span class='ocrx_word' id='word_1_535' title='bbox 1819 4267 1881 4321; x_wconf 93' lang='lat' dir='ltr'><strong>id</strong></span> <span class='ocrx_word' id='word_1_536' title='bbox 1924 4266 2036 4321; x_wconf 91' lang='lat' dir='ltr'><strong>sibi</strong></span> <span class='ocrx_word' id='word_1_537' title='bbox 2092 4280 2129 4321; x_wconf 90' lang='lat' dir='ltr'><strong>a</strong></span> <span class='ocrx_word' id='word_1_538' title='bbox 2176 4264 2430 4336; x_wconf 86' lang='lat' dir='ltr'><strong>Deipara</strong></span> 
     </span>
    </p>
   </div>
   <div class='ocr_carea' id='block_1_75' title="bbox 763 4347 2428 4426">
    <p class='ocr_par' dir='ltr' id='par_1_75' title="bbox 763 4347 2428 4426">
     <span class='ocr_line' id='line_1_75' title="bbox 763 4347 2428 4426; baseline 0.004 -23"><span class='ocrx_word' id='word_1_539' title='bbox 763 4347 1151 4420; x_wconf 91' lang='lat' dir='ltr'><strong>imperatum,</strong></span> <span class='ocrx_word' id='word_1_540' title='bbox 1180 4355 1235 4408; x_wconf 93' lang='lat' dir='ltr'><strong>et</strong></span> <span class='ocrx_word' id='word_1_541' title='bbox 1266 4354 1609 4411; x_wconf 87' lang='lat' dir='ltr'><strong>Dositheum</strong></span> <span class='ocrx_word' id='word_1_542' title='bbox 1644 4355 2253 4426; x_wconf 89' lang='lat' dir='ltr'><strong>Hierosolymitanum</strong></span> <span class='ocrx_word' id='word_1_543' title='bbox 2280 4353 2428 4409; x_wconf 91' lang='lat' dir='ltr'><strong>Con-</strong></span> 
     </span>
    </p>
   </div>
   <div class='ocr_carea' id='block_1_76' title="bbox 767 4438 2429 4516">
    <p class='ocr_par' dir='ltr' id='par_1_76' title="bbox 767 4438 2429 4516">
     <span class='ocr_line' id='line_1_76' title="bbox 767 4438 2429 4516; baseline 0.003 -24"><span class='ocrx_word' id='word_1_544' title='bbox 767 4438 1222 4511; x_wconf 89' lang='lat' dir='ltr'><strong>stantinopolim</strong></span> <span class='ocrx_word' id='word_1_545' title='bbox 1254 4443 1549 4500; x_wconf 87' lang='lat' dir='ltr'><strong>transtulit</strong></span> <span class='ocrx_word' id='word_1_546' title='bbox 1574 4445 1980 4516; x_wconf 90' lang='lat' dir='ltr'><strong>patriarcham</strong></span> <span class='ocrx_word' id='word_1_547' title='bbox 2010 4443 2429 4515; x_wconf 89' lang='lat' dir='ltr'><strong>?Obloquente</strong></span> 
     </span>
    </p>
   </div>
   <div class='ocr_carea' id='block_1_77' title="bbox 764 4532 2427 4606">
    <p class='ocr_par' dir='ltr' id='par_1_77' title="bbox 764 4532 2427 4606">
     <span class='ocr_line' id='line_1_77' title="bbox 764 4532 2427 4606; baseline 0.003 -23"><span class='ocrx_word' id='word_1_548' title='bbox 764 4532 967 4583; x_wconf 89' lang='lat' dir='ltr'><strong>autem</strong></span> <span class='ocrx_word' id='word_1_549' title='bbox 980 4544 1349 4603; x_wconf 89' lang='lat' dir='ltr'><strong>magnopere</strong></span> <span class='ocrx_word' id='word_1_550' title='bbox 1361 4533 1440 4588; x_wconf 95' lang='lat' dir='ltr'><strong>ob</strong></span> <span class='ocrx_word' id='word_1_551' title='bbox 1452 4533 1610 4589; x_wconf 89' lang='lat' dir='ltr'><strong>hanc</strong></span> <span class='ocrx_word' id='word_1_552' title='bbox 1624 4549 1748 4588; x_wconf 91' lang='lat' dir='ltr'><strong>rem</strong></span> <span class='ocrx_word' id='word_1_553' title='bbox 1762 4536 2014 4606; x_wconf 92' lang='lat' dir='ltr'><strong>populo,</strong></span> <span class='ocrx_word' id='word_1_554' title='bbox 2030 4548 2233 4588; x_wconf 91' lang='lat' dir='ltr'><strong>nonne</strong></span> <span class='ocrx_word' id='word_1_555' title='bbox 2245 4532 2427 4588; x_wconf 89' lang='lat' dir='ltr'><strong>etiam</strong></span> 
     </span>
    </p>
   </div>
   <div class='ocr_carea' id='block_1_78' title="bbox 764 4618 2427 4696">
    <p class='ocr_par' dir='ltr' id='par_1_78' title="bbox 764 4618 2427 4696">
     <span class='ocr_line' id='line_1_78' title="bbox 764 4618 2427 4696; baseline 0.004 -24"><span class='ocrx_word' id='word_1_556' title='bbox 764 4618 1081 4674; x_wconf 90' lang='lat' dir='ltr'><strong>Dositheus</strong></span> <span class='ocrx_word' id='word_1_557' title='bbox 1114 4621 1257 4677; x_wconf 89' lang='lat' dir='ltr'><strong>sede</strong></span> <span class='ocrx_word' id='word_1_558' title='bbox 1282 4623 1517 4693; x_wconf 86' lang='lat' dir='ltr'><strong>excidit,</strong></span> <span class='ocrx_word' id='word_1_559' title='bbox 1545 4623 1662 4680; x_wconf 89' lang='lat' dir='ltr'><strong>alio</strong></span> <span class='ocrx_word' id='word_1_560' title='bbox 1704 4623 2026 4680; x_wconf 88' lang='lat' dir='ltr'><strong>substituto</strong></span> <span class='ocrx_word' id='word_1_561' title='bbox 2074 4624 2102 4677; x_wconf 69' lang='lat'><strong>‘2</strong></span> <span class='ocrx_word' id='word_1_562' title='bbox 2150 4623 2427 4696; x_wconf 89' lang='lat' dir='ltr'><strong>Quinque</strong></span> 
     </span>
    </p>
   </div>
   <div class='ocr_carea' id='block_1_79' title="bbox 758 4693 2506 4784">
    <p class='ocr_par' dir='ltr' id='par_1_79' title="bbox 758 4693 2506 4784">
     <span class='ocr_line' id='line_1_79' title="bbox 758 4693 2506 4784; baseline 0.003 -22"><span class='ocrx_word' id='word_1_563' title='bbox 758 4705 939 4779; x_wconf 88' lang='lat' dir='ltr'><strong>igitur</strong></span> <span class='ocrx_word' id='word_1_564' title='bbox 963 4709 1335 4780; x_wconf 85' lang='lat' dir='ltr'><strong>patriarchas</strong></span> <span class='ocrx_word' id='word_1_565' title='bbox 1374 4712 1700 4784; x_wconf 82' lang='lat' dir='ltr'><strong>Byzantina</strong></span> <span class='ocrx_word' id='word_1_566' title='bbox 1724 4712 1786 4768; x_wconf 91' lang='lat' dir='ltr'><strong>in</strong></span> <span class='ocrx_word' id='word_1_567' title='bbox 1829 4712 1973 4768; x_wconf 90' lang='lat' dir='ltr'><strong>urbe</strong></span> <span class='ocrx_word' id='word_1_568' title='bbox 2004 4712 2160 4768; x_wconf 88' lang='lat' dir='ltr'><strong>intra</strong></span> <span class='ocrx_word' id='word_1_569' title='bbox 2190 4693 2421 4768; x_wconf 78' lang='lat' dir='ltr'><strong>noven-</strong></span> <span class='ocrx_word' id='word_1_570' title='bbox 2460 4693 2506 4747; x_wconf 77' lang='lat' dir='ltr'><strong>D</strong></span> 
     </span>
    </p>
   </div>
   <div class='ocr_carea' id='block_1_80' title="bbox 761 4796 2423 4875">
    <p class='ocr_par' dir='ltr' id='par_1_80' title="bbox 761 4796 2423 4875">
     <span class='ocr_line' id='line_1_80' title="bbox 761 4796 2423 4875; baseline 0.004 -23"><span class='ocrx_word' id='word_1_571' title='bbox 761 4796 934 4853; x_wconf 89' lang='lat' dir='ltr'><strong>nium</strong></span> <span class='ocrx_word' id='word_1_572' title='bbox 973 4800 1276 4855; x_wconf 86' lang='lat' dir='ltr'><strong>constituit</strong></span> <span class='ocrx_word' id='word_1_573' title='bbox 1305 4803 1590 4871; x_wconf 89' lang='lat' dir='ltr'><strong>lsaacius,</strong></span> <span class='ocrx_word' id='word_1_574' title='bbox 1632 4806 1860 4875; x_wconf 90' lang='lat' dir='ltr'><strong>quanto</strong></span> <span class='ocrx_word' id='word_1_575' title='bbox 1900 4800 2123 4858; x_wconf 88' lang='lat' dir='ltr'><strong>scilicet</strong></span> <span class='ocrx_word' id='word_1_576' title='bbox 2156 4806 2423 4874; x_wconf 89' lang='lat' dir='ltr'><strong>tempore</strong></span> 
     </span>
    </p>
   </div>
   <div class='ocr_carea' id='block_1_81' title="bbox 760 4886 2423 4964">
    <p class='ocr_par' dir='ltr' id='par_1_81' title="bbox 760 4886 2423 4964">
     <span class='ocr_line' id='line_1_81' title="bbox 760 4886 2423 4964; baseline 0.004 -23"><span class='ocrx_word' id='word_1_577' title='bbox 760 4886 890 4958; x_wconf 88' lang='lat' dir='ltr'><strong>ipse</strong></span> <span class='ocrx_word' id='word_1_578' title='bbox 913 4888 1186 4959; x_wconf 86' lang='lat' dir='ltr'><strong>regnavit</strong></span> <span class='ocrx_word' id='word_1_579' title='bbox 1215 4906 1227 4956; x_wconf 89' lang='lat'><strong>;</strong></span> <span class='ocrx_word' id='word_1_580' title='bbox 1254 4890 1548 4947; x_wconf 89' lang='lat' dir='ltr'><strong>rationem</strong></span> <span class='ocrx_word' id='word_1_581' title='bbox 1571 4892 1818 4964; x_wconf 92' lang='lat' dir='ltr'><strong>quidem</strong></span> <span class='ocrx_word' id='word_1_582' title='bbox 1842 4890 2269 4948; x_wconf 83' lang='lat' dir='ltr'><strong>velcanonicas</strong></span> <span class='ocrx_word' id='word_1_583' title='bbox 2284 4908 2423 4948; x_wconf 84' lang='lat' dir='ltr'><strong>cau-</strong></span> 
     </span>
    </p>
   </div>
   <div class='ocr_carea' id='block_1_82' title="bbox 760 4976 2423 5055">
    <p class='ocr_par' dir='ltr' id='par_1_82' title="bbox 760 4976 2423 5055">
     <span class='ocr_line' id='line_1_82' title="bbox 760 4976 2423 5055; baseline 0.004 -24"><span class='ocrx_word' id='word_1_584' title='bbox 760 4991 860 5032; x_wconf 90' lang='lat' dir='ltr'><strong>sas</strong></span> <span class='ocrx_word' id='word_1_585' title='bbox 888 4976 1085 5033; x_wconf 90' lang='lat' dir='ltr'><strong>nullas</strong></span> <span class='ocrx_word' id='word_1_586' title='bbox 1115 4984 1375 5051; x_wconf 88' lang='lat' dir='ltr'><strong>secutus,</strong></span> <span class='ocrx_word' id='word_1_587' title='bbox 1419 4981 1526 5037; x_wconf 90' lang='lat' dir='ltr'><strong>sed</strong></span> <span class='ocrx_word' id='word_1_588' title='bbox 1560 4981 1806 5055; x_wconf 89' lang='lat' dir='ltr'><strong>propria</strong></span> <span class='ocrx_word' id='word_1_589' title='bbox 1844 4985 2079 5037; x_wconf 90' lang='lat' dir='ltr'><strong>tantum</strong></span> <span class='ocrx_word' id='word_1_590' title='bbox 2120 4980 2423 5038; x_wconf 90' lang='lat' dir='ltr'><strong>voluntate</strong></span> 
     </span>
    </p>
   </div>
   <div class='ocr_carea' id='block_1_83' title="bbox 760 5066 2417 5142">
    <p class='ocr_par' dir='ltr' id='par_1_83' title="bbox 760 5066 2417 5142">
     <span class='ocr_line' id='line_1_83' title="bbox 760 5066 2417 5142; baseline 0.004 -20"><span class='ocrx_word' id='word_1_591' title='bbox 760 5070 819 5123; x_wconf 93' lang='lat' dir='ltr'><strong>et</strong></span> <span class='ocrx_word' id='word_1_592' title='bbox 845 5066 1088 5123; x_wconf 87' lang='lat' dir='ltr'><strong>arbitrio</strong></span> <span class='ocrx_word' id='word_1_593' title='bbox 1109 5068 1277 5125; x_wconf 92' lang='lat' dir='ltr'><strong>illum</strong></span> <span class='ocrx_word' id='word_1_594' title='bbox 1304 5071 1568 5142; x_wconf 86' lang='lat' dir='ltr'><strong>ejiciens,</strong></span> <span class='ocrx_word' id='word_1_595' title='bbox 1598 5072 1758 5127; x_wconf 89' lang='lat' dir='ltr'><strong>hunc</strong></span> <span class='ocrx_word' id='word_1_596' title='bbox 1785 5086 2104 5142; x_wconf 90' lang='lat' dir='ltr'><strong>oggerens.</strong></span> <span class='ocrx_word' id='word_1_597' title='bbox 2125 5074 2192 5127; x_wconf 88' lang='lat' dir='ltr'><strong>Et</strong></span> <span class='ocrx_word' id='word_1_598' title='bbox 2214 5076 2417 5128; x_wconf 87' lang='lat' dir='ltr'><strong>tamen</strong></span> 
     </span>
    </p>
   </div>
   <div class='ocr_carea' id='block_1_84' title="bbox 759 5156 2419 5233">
    <p class='ocr_par' dir='ltr' id='par_1_84' title="bbox 759 5156 2419 5233">
     <span class='ocr_line' id='line_1_84' title="bbox 759 5156 2419 5233; baseline 0.004 -22"><span class='ocrx_word' id='word_1_599' title='bbox 759 5156 979 5212; x_wconf 90' lang='lat' dir='ltr'><strong>horum</strong></span> <span class='ocrx_word' id='word_1_600' title='bbox 1008 5158 1336 5227; x_wconf 91' lang='lat' dir='ltr'><strong>neminem,</strong></span> <span class='ocrx_word' id='word_1_601' title='bbox 1363 5160 1459 5215; x_wconf 88' lang='lat' dir='ltr'><strong>vel</strong></span> <span class='ocrx_word' id='word_1_602' title='bbox 1484 5177 1589 5217; x_wconf 91' lang='lat' dir='ltr'><strong>eos</strong></span> <span class='ocrx_word' id='word_1_603' title='bbox 1618 5161 1723 5233; x_wconf 89' lang='lat' dir='ltr'><strong>qui</strong></span> <span class='ocrx_word' id='word_1_604' title='bbox 1758 5160 1837 5217; x_wconf 87' lang='lat' dir='ltr'><strong>ab</strong></span> <span class='ocrx_word' id='word_1_605' title='bbox 1867 5161 1959 5217; x_wconf 91' lang='lat' dir='ltr'><strong>his</strong></span> <span class='ocrx_word' id='word_1_606' title='bbox 1981 5166 2120 5217; x_wconf 91' lang='lat' dir='ltr'><strong>sunt</strong></span> <span class='ocrx_word' id='word_1_607' title='bbox 2141 5160 2419 5231; x_wconf 88' lang='lat' dir='ltr'><strong>ordinati,</strong></span> 
     </span>
    </p>
   </div>
   <div class='ocr_carea' id='block_1_85' title="bbox 761 5245 2422 5324">
    <p class='ocr_par' dir='ltr' id='par_1_85' title="bbox 761 5245 2422 5324">
     <span class='ocr_line' id='line_1_85' title="bbox 761 5245 2422 5324; baseline 0.004 -23"><span class='ocrx_word' id='word_1_608' title='bbox 761 5245 1022 5303; x_wconf 87' lang='lat' dir='ltr'><strong>Ecclesia</strong></span> <span class='ocrx_word' id='word_1_609' title='bbox 1052 5248 1300 5305; x_wconf 84' lang='lat' dir='ltr'><strong>exclusit</strong></span> <span class='ocrx_word' id='word_1_610' title='bbox 1332 5267 1344 5305; x_wconf 88' lang='lat'><strong>:</strong></span> <span class='ocrx_word' id='word_1_611' title='bbox 1374 5251 1662 5324; x_wconf 91' lang='lat' dir='ltr'><strong>quodque</strong></span> <span class='ocrx_word' id='word_1_612' title='bbox 1689 5251 1959 5307; x_wconf 83' lang='lat' dir='ltr'><strong>festivius</strong></span> <span class='ocrx_word' id='word_1_613' title='bbox 1999 5250 2130 5319; x_wconf 89' lang='lat' dir='ltr'><strong>fuit,</strong></span> <span class='ocrx_word' id='word_1_614' title='bbox 2180 5251 2270 5307; x_wconf 89' lang='lat' dir='ltr'><strong>vel</strong></span> <span class='ocrx_word' id='word_1_615' title='bbox 2319 5268 2422 5324; x_wconf 88' lang='lat' dir='ltr'><strong>po-</strong></span> 
     </span>
    </p>
   </div>
   <div class='ocr_carea' id='block_1_86' title="bbox 761 5334 2419 5411">
    <p class='ocr_par' dir='ltr' id='par_1_86' title="bbox 761 5334 2419 5411">
     <span class='ocr_line' id='line_1_86' title="bbox 761 5334 2419 5411; baseline 0.004 -21"><span class='ocrx_word' id='word_1_616' title='bbox 761 5334 875 5391; x_wconf 88' lang='lat' dir='ltr'><strong>tius</strong></span> <span class='ocrx_word' id='word_1_617' title='bbox 908 5336 1164 5410; x_wconf 90' lang='lat' dir='ltr'><strong>turpius,</strong></span> <span class='ocrx_word' id='word_1_618' title='bbox 1197 5353 1410 5394; x_wconf 91' lang='lat' dir='ltr'><strong>omnes</strong></span> <span class='ocrx_word' id='word_1_619' title='bbox 1444 5340 1505 5396; x_wconf 92' lang='lat' dir='ltr'><strong>hi</strong></span> <span class='ocrx_word' id='word_1_620' title='bbox 1535 5342 1824 5411; x_wconf 87' lang='lat' dir='ltr'><strong>regnante</strong></span> <span class='ocrx_word' id='word_1_621' title='bbox 1865 5339 2083 5396; x_wconf 88' lang='lat' dir='ltr'><strong>lsaacio</strong></span> <span class='ocrx_word' id='word_1_622' title='bbox 2123 5339 2419 5409; x_wconf 87' lang='lat' dir='ltr'><strong>vivebant,</strong></span> 
     </span>
    </p>
   </div>
   <div class='ocr_carea' id='block_1_87' title="bbox 830 5561 2418 5640">
    <p class='ocr_par' dir='ltr' id='par_1_87' title="bbox 830 5561 2418 5640">
     <span class='ocr_line' id='line_1_87' title="bbox 830 5561 2418 5640; baseline 0.003 -23"><span class='ocrx_word' id='word_1_623' title='bbox 830 5561 946 5632; x_wconf 91' lang='lat' dir='ltr'><strong>(l6)</strong></span> <span class='ocrx_word' id='word_1_624' title='bbox 973 5564 1106 5619; x_wconf 69' lang='lat' dir='ltr'><strong>Haec</strong></span> <span class='ocrx_word' id='word_1_625' title='bbox 1131 5567 1307 5640; x_wconf 78' lang='lat' dir='ltr'><strong>erant</strong></span> <span class='ocrx_word' id='word_1_626' title='bbox 1335 5563 1501 5637; x_wconf 90' lang='lat' dir='ltr'><strong>apud</strong></span> <span class='ocrx_word' id='word_1_627' title='bbox 1530 5564 1935 5640; x_wconf 69' lang='lat' dir='ltr'><strong>Ephrtemium</strong></span> <span class='ocrx_word' id='word_1_628' title='bbox 1966 5583 2022 5640; x_wconf 64' lang='grc' dir='ltr'><strong>νἶ</strong></span> <span class='ocrx_word' id='word_1_629' title='bbox 2057 5569 2229 5623; x_wconf 74' lang='grc'><strong>10165</strong></span> <span class='ocrx_word' id='word_1_630' title='bbox 2252 5582 2418 5640; x_wconf 87' lang='lat' dir='ltr'><strong>ssqq.</strong></span> 
     </span>
    </p>
   </div>
   <div class='ocr_carea' id='block_1_88' title="bbox 759 5633 2423 5714">
    <p class='ocr_par' dir='ltr' id='par_1_88' title="bbox 759 5633 2423 5714">
     <span class='ocr_line' id='line_1_88' title="bbox 759 5633 2423 5714; baseline 0.004 -25"><span class='ocrx_word' id='word_1_631' title='bbox 759 5633 992 5714; x_wconf 74' lang='lat' dir='ltr'><strong>absque</strong></span> <span class='ocrx_word' id='word_1_632' title='bbox 1040 5636 1245 5714; x_wconf 36' lang='lat' dir='ltr'><strong>n‘otitia</strong></span> <span class='ocrx_word' id='word_1_633' title='bbox 1267 5633 1468 5693; x_wconf 65' lang='lat' dir='ltr'><strong>tanien</strong></span> <span class='ocrx_word' id='word_1_634' title='bbox 1488 5633 1655 5710; x_wconf 81' lang='lat' dir='ltr'><strong>quod</strong></span> <span class='ocrx_word' id='word_1_635' title='bbox 1685 5637 2209 5711; x_wconf 87' lang='lat' dir='ltr'><strong>Contostephanus</strong></span> <span class='ocrx_word' id='word_1_636' title='bbox 2236 5633 2423 5711; x_wconf 74' lang='lat' dir='ltr'><strong>perie-</strong></span> 
     </span>
    </p>
   </div>
   <div class='ocr_carea' id='block_1_89' title="bbox 757 5703 1383 5781">
    <p class='ocr_par' dir='ltr' id='par_1_89' title="bbox 757 5703 1383 5781">
     <span class='ocr_line' id='line_1_89' title="bbox 757 5703 1383 5781; baseline 0.008 -20"><span class='ocrx_word' id='word_1_637' title='bbox 757 5704 847 5781; x_wconf 85' lang='lat' dir='ltr'><strong>rit</strong></span> <span class='ocrx_word' id='word_1_638' title='bbox 860 5703 1019 5781; x_wconf 59' lang='lat' dir='ltr'><strong>bello</strong></span> <span class='ocrx_word' id='word_1_639' title='bbox 1054 5705 1383 5781; x_wconf 71' lang='lat' dir='ltr'><strong>Corcyraeo.</strong></span> 
     </span>
    </p>
   </div>
   <div class='ocr_carea' id='block_1_90' title="bbox 831 5774 2420 5857">
    <p class='ocr_par' dir='ltr' id='par_1_90' title="bbox 831 5774 2420 5857">
     <span class='ocr_line' id='line_1_90' title="bbox 831 5774 2420 5857; baseline 0.004 -23"><span class='ocrx_word' id='word_1_640' title='bbox 831 5774 948 5851; x_wconf 84' lang='lat' dir='ltr'><strong>(l7)</strong></span> <span class='ocrx_word' id='word_1_641' title='bbox 964 5777 1133 5837; x_wconf 76' lang='lat' dir='ltr'><strong>nunc</strong></span> <span class='ocrx_word' id='word_1_642' title='bbox 1158 5774 1449 5840; x_wconf 75' lang='lat' dir='ltr'><strong>ldeumde</strong></span> <span class='ocrx_word' id='word_1_643' title='bbox 1466 5778 1675 5842; x_wconf 79' lang='lat' dir='ltr'><strong>llaacil</strong></span> <span class='ocrx_word' id='word_1_644' title='bbox 1701 5778 1909 5855; x_wconf 69' lang='lat' dir='ltr'><strong>angeli</strong></span> <span class='ocrx_word' id='word_1_645' title='bbox 1931 5775 2420 5857; x_wconf 76' lang='lat' dir='ltr'><strong>promotiontbus</strong></span> 
     </span>
    </p>
   </div>
   <div class='ocr_carea' id='block_1_91' title="bbox 2616 3539 4148 3614">
    <p class='ocr_par' dir='ltr' id='par_1_91' title="bbox 2616 3539 4148 3614">
     <span class='ocr_line' id='line_1_91' title="bbox 2616 3539 4148 3614; baseline -0.005 -17"><span class='ocrx_word' id='word_1_646' title='bbox 2616 3544 2787 3610; x_wconf 76' lang='grc' dir='ltr'><strong>ις’.Τί</strong></span> <span class='ocrx_word' id='word_1_647' title='bbox 2809 3542 2868 3598; x_wconf 74' lang='grc' dir='ltr'><strong>δὲ</strong></span> <span class='ocrx_word' id='word_1_648' title='bbox 2896 3548 2986 3597; x_wconf 86' lang='grc' dir='ltr'><strong>καὶ</strong></span> <span class='ocrx_word' id='word_1_649' title='bbox 3017 3543 3283 3606; x_wconf 88' lang='grc' dir='ltr'>Ἰσαάκιος</span> <span class='ocrx_word' id='word_1_650' title='bbox 3312 3544 3337 3595; x_wconf 97' lang='lat'><strong>6</strong></span> <span class='ocrx_word' id='word_1_651' title='bbox 3367 3541 3616 3614; x_wconf 73' lang='grc' dir='ltr'><strong>⁴Αγγελος</strong></span> <span class='ocrx_word' id='word_1_652' title='bbox 3658 3541 3812 3613; x_wconf 81' lang='grc'><strong>(17);</strong></span> <span class='ocrx_word' id='word_1_653' title='bbox 3859 3539 3919 3593; x_wconf 70' lang='grc' dir='ltr'><strong>οὗ</strong></span> <span class='ocrx_word' id='word_1_654' title='bbox 3976 3543 4148 3612; x_wconf 86' lang='grc' dir='ltr'>χωρὶς</span> 
     </span>
    </p>
   </div>
   <div class='ocr_carea' id='block_1_92' title="bbox 2540 3630 4146 3706">
    <p class='ocr_par' dir='ltr' id='par_1_92' title="bbox 2540 3630 4146 3706">
     <span class='ocr_line' id='line_1_92' title="bbox 2540 3630 4146 3706; baseline -0.004 -18"><span class='ocrx_word' id='word_1_655' title='bbox 2540 3638 2718 3697; x_wconf 84' lang='grc' dir='ltr'>πάσης</span> <span class='ocrx_word' id='word_1_656' title='bbox 2740 3635 2912 3696; x_wconf 82' lang='grc' dir='ltr'><strong>αἰτίας</strong></span> <span class='ocrx_word' id='word_1_657' title='bbox 2939 3633 3151 3706; x_wconf 69' lang='grc' dir='ltr'>εὐλόγου</span> <span class='ocrx_word' id='word_1_658' title='bbox 3199 3638 3290 3685; x_wconf 85' lang='grc' dir='ltr'><strong>καὶ</strong></span> <span class='ocrx_word' id='word_1_659' title='bbox 3348 3640 3625 3693; x_wconf 84' lang='grc' dir='ltr'><strong>κανονικῆς</strong></span> <span class='ocrx_word' id='word_1_660' title='bbox 3689 3630 3857 3691; x_wconf 88' lang='grc' dir='ltr'>αἰτίας</span> <span class='ocrx_word' id='word_1_661' title='bbox 3901 3631 3988 3681; x_wconf 87' lang='grc' dir='ltr'><strong>τόν</strong></span> <span class='ocrx_word' id='word_1_662' title='bbox 4037 3636 4146 3682; x_wconf 84' lang='grc' dir='ltr'><strong>Κα-</strong></span> 
     </span>
    </p>
   </div>
   <div class='ocr_carea' id='block_1_93' title="bbox 2540 3721 4145 3799">
    <p class='ocr_par' dir='ltr' id='par_1_93' title="bbox 2540 3721 4145 3799">
     <span class='ocr_line' id='line_1_93' title="bbox 2540 3721 4145 3799; baseline -0.006 -21"><span class='ocrx_word' id='word_1_663' title='bbox 2540 3728 2775 3799; x_wconf 82' lang='grc' dir='ltr'>ματηρόν</span> <span class='ocrx_word' id='word_1_664' title='bbox 2805 3732 2897 3777; x_wconf 80' lang='grc' dir='ltr'><strong>τοῦ</strong></span> <span class='ocrx_word' id='word_1_665' title='bbox 2944 3726 3127 3798; x_wconf 79' lang='grc' dir='ltr'>θρόνου</span> <span class='ocrx_word' id='word_1_666' title='bbox 3158 3726 3569 3797; x_wconf 52' lang='grc' dir='ltr'>κπαρακινὴσας,</span> <span class='ocrx_word' id='word_1_667' title='bbox 3620 3724 3856 3778; x_wconf 82' lang='grc' dir='ltr'><strong>Νικὴταν</strong></span> <span class='ocrx_word' id='word_1_668' title='bbox 3908 3721 3995 3770; x_wconf 88' lang='grc' dir='ltr'><strong>τόν</strong></span> <span class='ocrx_word' id='word_1_669' title='bbox 4053 3738 4145 3770; x_wconf 90' lang='grc' dir='ltr'><strong>σα-</strong></span> 
     </span>
    </p>
   </div>
   <div class='ocr_carea' id='block_1_94' title="bbox 2540 3807 4143 3889">
    <p class='ocr_par' dir='ltr' id='par_1_94' title="bbox 2540 3807 4143 3889">
     <span class='ocr_line' id='line_1_94' title="bbox 2540 3807 4143 3889; baseline -0.005 -21"><span class='ocrx_word' id='word_1_670' title='bbox 2540 3816 2801 3889; x_wconf 87' lang='grc' dir='ltr'>κελλάριον</span> <span class='ocrx_word' id='word_1_671' title='bbox 2829 3816 3005 3883; x_wconf 82' lang='grc' dir='ltr'>ἔθετο;</span> <span class='ocrx_word' id='word_1_672' title='bbox 3054 3814 3199 3886; x_wconf 71' lang='grc' dir='ltr'>Οὐχί</span> <span class='ocrx_word' id='word_1_673' title='bbox 3246 3820 3427 3866; x_wconf 79' lang='grc' dir='ltr'>τοῦτον</span> <span class='ocrx_word' id='word_1_674' title='bbox 3487 3807 3637 3873; x_wconf 78' lang='grc' dir='ltr'>αὖθις</span> <span class='ocrx_word' id='word_1_675' title='bbox 3681 3813 3750 3872; x_wconf 80' lang='grc' dir='ltr'>ὡς</span> <span class='ocrx_word' id='word_1_676' title='bbox 3803 3808 3957 3881; x_wconf 67' lang='grc' dir='ltr'><strong>ἀφελῆ</strong></span> <span class='ocrx_word' id='word_1_677' title='bbox 4025 3828 4143 3881; x_wconf 79' lang='grc' dir='ltr'>μετ,</span> 
     </span>
    </p>
   </div>
   <div class='ocr_carea' id='block_1_95' title="bbox 2541 3901 4143 3975">
    <p class='ocr_par' dir='ltr' id='par_1_95' title="bbox 2541 3901 4143 3975">
     <span class='ocr_line' id='line_1_95' title="bbox 2541 3901 4143 3975; baseline -0.005 -18"><span class='ocrx_word' id='word_1_678' title='bbox 2541 3903 2772 3957; x_wconf 71' lang='grc' dir='ltr'>ἐνιαυτόν</span> <span class='ocrx_word' id='word_1_679' title='bbox 2830 3904 2927 3956; x_wconf 80' lang='grc' dir='ltr'>οἶνα</span> <span class='ocrx_word' id='word_1_680' title='bbox 2978 3906 3311 3975; x_wconf 82' lang='grc' dir='ltr'>καταγαγὼν,</span> <span class='ocrx_word' id='word_1_681' title='bbox 3366 3906 3451 3954; x_wconf 85' lang='grc' dir='ltr'><strong>τόν</strong></span> <span class='ocrx_word' id='word_1_682' title='bbox 3528 3902 3824 3957; x_wconf 86' lang='grc' dir='ltr'><strong>θεοτοκίτην</strong></span> <span class='ocrx_word' id='word_1_683' title='bbox 3900 3901 4143 3951; x_wconf 78' lang='grc' dir='ltr'><strong>Λεόντιον</strong></span> 
     </span>
    </p>
   </div>
   <div class='ocr_carea' id='block_1_96' title="bbox 2538 3988 4141 4069">
    <p class='ocr_par' dir='ltr' id='par_1_96' title="bbox 2538 3988 4141 4069">
     <span class='ocr_line' id='line_1_96' title="bbox 2538 3988 4141 4069; baseline -0.004 -23"><span class='ocrx_word' id='word_1_684' title='bbox 2538 3996 2879 4069; x_wconf 84' lang='grc' dir='ltr'>πατριάρχην</span> <span class='ocrx_word' id='word_1_685' title='bbox 2923 3998 3248 4057; x_wconf 70' lang='grc' dir='ltr'><strong>πεποίηκε-νς</strong></span> <span class='ocrx_word' id='word_1_686' title='bbox 3295 3992 3349 4043; x_wconf 85' lang='grc' dir='ltr'><strong>ὃν</strong></span> <span class='ocrx_word' id='word_1_687' title='bbox 3401 3995 3491 4043; x_wconf 82' lang='grc' dir='ltr'><strong>καὶ</strong></span> <span class='ocrx_word' id='word_1_688' title='bbox 3554 3991 3851 4047; x_wconf 85' lang='grc' dir='ltr'><strong>θεοτοκίτην</strong></span> <span class='ocrx_word' id='word_1_689' title='bbox 3908 3988 4141 4055; x_wconf 83' lang='grc' dir='ltr'>ἐκάλεσε,</span> 
     </span>
    </p>
   </div>
   <div class='ocr_carea' id='block_1_97' title="bbox 2542 4078 4144 4156">
    <p class='ocr_par' dir='ltr' id='par_1_97' title="bbox 2542 4078 4144 4156">
     <span class='ocr_line' id='line_1_97' title="bbox 2542 4078 4144 4156; baseline -0.006 -19"><span class='ocrx_word' id='word_1_690' title='bbox 2542 4080 2999 4156; x_wconf 73' lang='grc' dir='ltr'><strong>διαϐεϐαιούμενος</strong></span> <span class='ocrx_word' id='word_1_691' title='bbox 3051 4088 3145 4141; x_wconf 84' lang='grc' dir='ltr'><strong>τὴν</strong></span> <span class='ocrx_word' id='word_1_692' title='bbox 3190 4085 3445 4135; x_wconf 85' lang='grc' dir='ltr'><strong>Θεοτόκον</strong></span> <span class='ocrx_word' id='word_1_693' title='bbox 3480 4078 3863 4153; x_wconf 72' lang='grc' dir='ltr'>ἐμφανισθῆναί</span> <span class='ocrx_word' id='word_1_694' title='bbox 3922 4080 3991 4144; x_wconf 85' lang='grc' dir='ltr'>οἱ,</span> <span class='ocrx_word' id='word_1_695' title='bbox 4053 4081 4144 4129; x_wconf 90' lang='grc' dir='ltr'><strong>καὶ</strong></span> 
     </span>
    </p>
   </div>
   <div class='ocr_carea' id='block_1_98' title="bbox 2538 4164 4144 4247">
    <p class='ocr_par' dir='ltr' id='par_1_98' title="bbox 2538 4164 4144 4247">
     <span class='ocr_line' id='line_1_98' title="bbox 2538 4164 4144 4247; baseline -0.004 -21"><span class='ocrx_word' id='word_1_696' title='bbox 2538 4173 2835 4247; x_wconf 76' lang='grc' dir='ltr'>προστάξαι</span> <span class='ocrx_word' id='word_1_697' title='bbox 2892 4177 3126 4231; x_wconf 79' lang='grc' dir='ltr'><strong>Νικήταν</strong></span> <span class='ocrx_word' id='word_1_698' title='bbox 3174 4174 3264 4243; x_wconf 71' lang='grc' dir='ltr'>μὲν</span> <span class='ocrx_word' id='word_1_699' title='bbox 3311 4169 3565 4238; x_wconf 83' lang='grc' dir='ltr'><strong>καθελεῖν,</strong></span> <span class='ocrx_word' id='word_1_700' title='bbox 3610 4173 3849 4222; x_wconf 77' lang='grc' dir='ltr'><strong>Λεόντιον</strong></span> <span class='ocrx_word' id='word_1_701' title='bbox 3891 4164 3951 4220; x_wconf 71' lang='grc' dir='ltr'><strong>δὲ</strong></span> <span class='ocrx_word' id='word_1_702' title='bbox 4033 4165 4144 4219; x_wconf 79' lang='grc' dir='ltr'><strong>ἀντ’</strong></span> 
     </span>
    </p>
   </div>
   <div class='ocr_carea' id='block_1_99' title="bbox 2540 4254 4144 4336">
    <p class='ocr_par' dir='ltr' id='par_1_99' title="bbox 2540 4254 4144 4336">
     <span class='ocr_line' id='line_1_99' title="bbox 2540 4254 4144 4336; baseline -0.004 -21"><span class='ocrx_word' id='word_1_703' title='bbox 2540 4263 2699 4315; x_wconf 74' lang='grc' dir='ltr'>αὐτοῦ</span> <span class='ocrx_word' id='word_1_704' title='bbox 2730 4270 2802 4333; x_wconf 79' lang='grc' dir='ltr'><strong>τῷ</strong></span> <span class='ocrx_word' id='word_1_705' title='bbox 2837 4265 2999 4336; x_wconf 84' lang='grc' dir='ltr'>θρόνῳ</span> <span class='ocrx_word' id='word_1_706' title='bbox 3022 4260 3456 4333; x_wconf 83' lang='grc' dir='ltr'>ἐγκαταστῆσαι;</span> <span class='ocrx_word' id='word_1_707' title='bbox 3509 4259 3654 4331; x_wconf 66' lang='grc' dir='ltr'><strong>Οὐχί</strong></span> <span class='ocrx_word' id='word_1_708' title='bbox 3713 4254 3864 4320; x_wconf 77' lang='grc' dir='ltr'>αὖθις</span> <span class='ocrx_word' id='word_1_709' title='bbox 3906 4261 3994 4310; x_wconf 83' lang='grc' dir='ltr'><strong>τὸν</strong></span> <span class='ocrx_word' id='word_1_710' title='bbox 4052 4261 4144 4329; x_wconf 82' lang='grc' dir='ltr'><strong>μέν</strong></span> 
     </span>
    </p>
   </div>
   <div class='ocr_carea' id='block_1_100' title="bbox 2541 4347 4146 4427">
    <p class='ocr_par' dir='ltr' id='par_1_100' title="bbox 2541 4347 4146 4427">
     <span class='ocr_line' id='line_1_100' title="bbox 2541 4347 4146 4427; baseline -0.004 -22"><span class='ocrx_word' id='word_1_711' title='bbox 2541 4356 2779 4405; x_wconf 78' lang='grc' dir='ltr'><strong>Λεόντιον</strong></span> <span class='ocrx_word' id='word_1_712' title='bbox 2819 4359 2911 4405; x_wconf 75' lang='grc' dir='ltr'><strong>τοῦ</strong></span> <span class='ocrx_word' id='word_1_713' title='bbox 2950 4354 3131 4427; x_wconf 87' lang='grc' dir='ltr'>θρόνου</span> <span class='ocrx_word' id='word_1_714' title='bbox 3172 4351 3374 4416; x_wconf 77' lang='grc' dir='ltr'><strong>ἐξέωσε,</strong></span> <span class='ocrx_word' id='word_1_715' title='bbox 3421 4359 3511 4410; x_wconf 79' lang='grc' dir='ltr'>τῆς</span> <span class='ocrx_word' id='word_1_716' title='bbox 3552 4352 3813 4402; x_wconf 79' lang='grc' dir='ltr'><strong>Θεοτόκου</strong></span> <span class='ocrx_word' id='word_1_717' title='bbox 3870 4347 4011 4417; x_wconf 74' lang='grc' dir='ltr'><strong>αὐτῷ</strong></span> <span class='ocrx_word' id='word_1_718' title='bbox 4054 4351 4146 4399; x_wconf 80' lang='grc' dir='ltr'><strong>καὶ</strong></span> 
     </span>
    </p>
   </div>
   <div class='ocr_carea' id='block_1_101' title="bbox 2537 4436 4142 4513">
    <p class='ocr_par' dir='ltr' id='par_1_101' title="bbox 2537 4436 4142 4513">
     <span class='ocr_line' id='line_1_101' title="bbox 2537 4436 4142 4513; baseline -0.003 -18"><span class='ocrx_word' id='word_1_719' title='bbox 2537 4442 2690 4495; x_wconf 85' lang='grc' dir='ltr'>πάλιν</span> <span class='ocrx_word' id='word_1_720' title='bbox 2753 4450 2906 4494; x_wconf 71' lang='grc' dir='ltr'>τοῦτο</span> <span class='ocrx_word' id='word_1_721' title='bbox 2959 4449 3183 4499; x_wconf 86' lang='grc' dir='ltr'>ποιῆσαι</span> <span class='ocrx_word' id='word_1_722' title='bbox 3246 4436 3629 4511; x_wconf 80' lang='grc' dir='ltr'><strong>διαταξαμένης</strong></span> <span class='ocrx_word' id='word_1_723' title='bbox 3716 4437 4142 4513; x_wconf 79' lang='grc' dir='ltr'>ἰσχυριζομένος.</span> 
     </span>
    </p>
   </div>
   <div class='ocr_carea' id='block_1_102' title="bbox 2537 4526 4143 4606">
    <p class='ocr_par' dir='ltr' id='par_1_102' title="bbox 2537 4526 4143 4606">
     <span class='ocr_line' id='line_1_102' title="bbox 2537 4526 4143 4606; baseline -0.004 -24"><span class='ocrx_word' id='word_1_724' title='bbox 2537 4534 2624 4582; x_wconf 77' lang='grc' dir='ltr'><strong>τόν</strong></span> <span class='ocrx_word' id='word_1_725' title='bbox 2676 4530 3043 4606; x_wconf 80' lang='grc' dir='ltr'><strong>Ἰεροσολύμων</strong></span> <span class='ocrx_word' id='word_1_726' title='bbox 3125 4526 3185 4581; x_wconf 72' lang='grc' dir='ltr'><strong>δέ</strong></span> <span class='ocrx_word' id='word_1_727' title='bbox 3268 4530 3510 4580; x_wconf 85' lang='grc' dir='ltr'>Δοσίθεον</span> <span class='ocrx_word' id='word_1_728' title='bbox 3594 4536 3691 4587; x_wconf 82' lang='grc' dir='ltr'><strong>τῆς</strong></span> <span class='ocrx_word' id='word_1_729' title='bbox 3752 4530 4143 4578; x_wconf 77' lang='grc' dir='ltr'>Κωνσταντίνου</span> 
     </span>
    </p>
   </div>
   <div class='ocr_carea' id='block_1_103' title="bbox 2541 4614 4145 4696">
    <p class='ocr_par' dir='ltr' id='par_1_103' title="bbox 2541 4614 4145 4696">
     <span class='ocr_line' id='line_1_103' title="bbox 2541 4614 4145 4696; baseline -0.005 -21"><span class='ocrx_word' id='word_1_730' title='bbox 2541 4624 2794 4696; x_wconf 75' lang='grc' dir='ltr'>ίεράρχην</span> <span class='ocrx_word' id='word_1_731' title='bbox 2840 4616 3142 4687; x_wconf 64' lang='grc' dir='ltr'>ἀπεδειξενς</span> <span class='ocrx_word' id='word_1_732' title='bbox 3217 4619 3356 4672; x_wconf 87' lang='grc' dir='ltr'>Ἐπεί</span> <span class='ocrx_word' id='word_1_733' title='bbox 3395 4615 3455 4671; x_wconf 74' lang='grc' dir='ltr'><strong>δὲ</strong></span> <span class='ocrx_word' id='word_1_734' title='bbox 3532 4619 3557 4670; x_wconf 93' lang='lat'><strong>6</strong></span> <span class='ocrx_word' id='word_1_735' title='bbox 3619 4619 3924 4690; x_wconf 81' lang='grc' dir='ltr'>γογγυσμὸς</span> <span class='ocrx_word' id='word_1_736' title='bbox 3980 4614 4145 4678; x_wconf 80' lang='grc' dir='ltr'>πολὺς</span> 
     </span>
    </p>
   </div>
   <div class='ocr_carea' id='block_1_104' title="bbox 2536 4708 4143 4784">
    <p class='ocr_par' dir='ltr' id='par_1_104' title="bbox 2536 4708 4143 4784">
     <span class='ocr_line' id='line_1_104' title="bbox 2536 4708 4143 4784; baseline -0.005 -19"><span class='ocrx_word' id='word_1_737' title='bbox 2536 4717 2654 4784; x_wconf 81' lang='grc' dir='ltr'>περί</span> <span class='ocrx_word' id='word_1_738' title='bbox 2700 4713 2889 4763; x_wconf 78' lang='grc' dir='ltr'>τούτου</span> <span class='ocrx_word' id='word_1_739' title='bbox 2941 4714 3236 4782; x_wconf 83' lang='grc' dir='ltr'>γεγένηται,</span> <span class='ocrx_word' id='word_1_740' title='bbox 3286 4708 3416 4780; x_wconf 68' lang='grc' dir='ltr'><strong>οὐχὶ</strong></span> <span class='ocrx_word' id='word_1_741' title='bbox 3475 4712 3565 4761; x_wconf 89' lang='grc' dir='ltr'><strong>καὶ</strong></span> <span class='ocrx_word' id='word_1_742' title='bbox 3624 4708 3887 4772; x_wconf 86' lang='grc' dir='ltr'>Δοσίθεος,</span> <span class='ocrx_word' id='word_1_743' title='bbox 3951 4708 4143 4758; x_wconf 80' lang='grc' dir='ltr'>τούτου</span> 
     </span>
    </p>
   </div>
   <div class='ocr_carea' id='block_1_105' title="bbox 2535 4794 4141 4873">
    <p class='ocr_par' dir='ltr' id='par_1_105' title="bbox 2535 4794 4141 4873">
     <span class='ocr_line' id='line_1_105' title="bbox 2535 4794 4141 4873; baseline -0.005 -18"><span class='ocrx_word' id='word_1_744' title='bbox 2535 4803 2680 4855; x_wconf 81' lang='grc' dir='ltr'><strong>ἕνεκα</strong></span> <span class='ocrx_word' id='word_1_745' title='bbox 2752 4808 2844 4854; x_wconf 72' lang='grc' dir='ltr'><strong>τοῦ</strong></span> <span class='ocrx_word' id='word_1_746' title='bbox 2923 4802 3105 4873; x_wconf 85' lang='grc' dir='ltr'>θρόνου</span> <span class='ocrx_word' id='word_1_747' title='bbox 3184 4797 3479 4870; x_wconf 75' lang='grc' dir='ltr'>ἀποπεσὼν,</span> <span class='ocrx_word' id='word_1_748' title='bbox 3568 4798 3738 4870; x_wconf 81' lang='grc' dir='ltr'><strong>ἕτερος</strong></span> <span class='ocrx_word' id='word_1_749' title='bbox 3830 4794 4141 4866; x_wconf 73' lang='grc' dir='ltr'>ποεϐλήθη;</span> 
     </span>
    </p>
   </div>
   <div class='ocr_carea' id='block_1_106' title="bbox 2534 4888 4143 4965">
    <p class='ocr_par' dir='ltr' id='par_1_106' title="bbox 2534 4888 4143 4965">
     <span class='ocr_line' id='line_1_106' title="bbox 2534 4888 4143 4965; baseline -0.005 -19"><span class='ocrx_word' id='word_1_750' title='bbox 2534 4897 2689 4946; x_wconf 85' lang='grc' dir='ltr'>Πέντε</span> <span class='ocrx_word' id='word_1_751' title='bbox 2732 4900 2855 4965; x_wconf 75' lang='grc' dir='ltr'>γοῦν</span> <span class='ocrx_word' id='word_1_752' title='bbox 2904 4891 3038 4943; x_wconf 73' lang='grc' dir='ltr'><strong>οὕτω</strong></span> <span class='ocrx_word' id='word_1_753' title='bbox 3081 4891 3424 4965; x_wconf 75' lang='grc' dir='ltr'>πατριάρχας</span> <span class='ocrx_word' id='word_1_754' title='bbox 3480 4896 3576 4951; x_wconf 82' lang='grc' dir='ltr'><strong>τῆς</strong></span> <span class='ocrx_word' id='word_1_755' title='bbox 3638 4892 4032 4942; x_wconf 82' lang='grc' dir='ltr'>Κωνσταντίνου</span> <span class='ocrx_word' id='word_1_756' title='bbox 4115 4888 4143 4939; x_wconf 91' lang='lat'><strong>6</strong></span> 
     </span>
    </p>
   </div>
   <div class='ocr_carea' id='block_1_107' title="bbox 2529 4972 4142 5053">
    <p class='ocr_par' dir='ltr' id='par_1_107' title="bbox 2529 4972 4142 5053">
     <span class='ocr_line' id='line_1_107' title="bbox 2529 4972 4142 5053; baseline -0.004 -18"><span class='ocrx_word' id='word_1_757' title='bbox 2529 4984 2787 5043; x_wconf 76' lang='grc' dir='ltr'>»Ῑσαάκιος</span> <span class='ocrx_word' id='word_1_758' title='bbox 2852 4986 3173 5039; x_wconf 86' lang='grc' dir='ltr'><strong>κατέστησεν</strong></span> <span class='ocrx_word' id='word_1_759' title='bbox 3218 4978 3266 5032; x_wconf 81' lang='grc' dir='ltr'><strong>ἐν</strong></span> <span class='ocrx_word' id='word_1_760' title='bbox 3307 4982 3522 5053; x_wconf 86' lang='grc' dir='ltr'>χρόνοις</span> <span class='ocrx_word' id='word_1_761' title='bbox 3556 4978 3714 5042; x_wconf 76' lang='grc' dir='ltr'><strong>ἐννέα,</strong></span> <span class='ocrx_word' id='word_1_762' title='bbox 3771 4978 3859 5039; x_wconf 86' lang='grc' dir='ltr'>οὖς</span> <span class='ocrx_word' id='word_1_763' title='bbox 3907 4982 3996 5029; x_wconf 82' lang='grc' dir='ltr'><strong>καὶ</strong></span> <span class='ocrx_word' id='word_1_764' title='bbox 4077 4972 4142 5035; x_wconf 75' lang='grc' dir='ltr'><strong>ἦν</strong></span> 
     </span>
    </p>
   </div>
   <div class='ocr_carea' id='block_1_108' title="bbox 2533 5063 4140 5146">
    <p class='ocr_par' dir='ltr' id='par_1_108' title="bbox 2533 5063 4140 5146">
     <span class='ocr_line' id='line_1_108' title="bbox 2533 5063 4140 5146; baseline -0.006 -21"><span class='ocrx_word' id='word_1_765' title='bbox 2533 5070 2859 5146; x_wconf 70' lang='grc' dir='ltr'><strong>βασιλεύσας</strong></span> <span class='ocrx_word' id='word_1_766' title='bbox 2886 5071 3079 5133; x_wconf 68' lang='grc' dir='ltr'><strong>αὐτὸς⁵</strong></span> <span class='ocrx_word' id='word_1_767' title='bbox 3125 5070 3263 5142; x_wconf 85' lang='grc' dir='ltr'>λόγῳ</span> <span class='ocrx_word' id='word_1_768' title='bbox 3307 5073 3396 5142; x_wconf 70' lang='grc' dir='ltr'>μεν</span> <span class='ocrx_word' id='word_1_769' title='bbox 3446 5074 3537 5122; x_wconf 83' lang='grc' dir='ltr'><strong>καὶ</strong></span> <span class='ocrx_word' id='word_1_770' title='bbox 3602 5063 3893 5129; x_wconf 86' lang='grc' dir='ltr'><strong>κανονικοῖς</strong></span> <span class='ocrx_word' id='word_1_771' title='bbox 3951 5065 4140 5138; x_wconf 69' lang='grc' dir='ltr'><strong>ἐγκλή-</strong></span> 
     </span>
    </p>
   </div>
   <div class='ocr_carea' id='block_1_109' title="bbox 2531 5155 4144 5236">
    <p class='ocr_par' dir='ltr' id='par_1_109' title="bbox 2531 5155 4144 5236">
     <span class='ocr_line' id='line_1_109' title="bbox 2531 5155 4144 5236; baseline -0.004 -22"><span class='ocrx_word' id='word_1_772' title='bbox 2531 5182 2692 5236; x_wconf 84' lang='grc' dir='ltr'>μασιν</span> <span class='ocrx_word' id='word_1_773' title='bbox 2732 5157 2979 5234; x_wconf 69' lang='grc' dir='ltr'><strong>οὐδαμώς</strong></span> <span class='ocrx_word' id='word_1_774' title='bbox 3026 5157 3199 5219; x_wconf 76' lang='grc' dir='ltr'>ἁπλῶς</span> <span class='ocrx_word' id='word_1_775' title='bbox 3258 5155 3317 5211; x_wconf 75' lang='grc' dir='ltr'><strong>δῖε</strong></span> <span class='ocrx_word' id='word_1_776' title='bbox 3360 5158 3531 5229; x_wconf 81' lang='grc' dir='ltr'><strong>οἰκείῳ</strong></span> <span class='ocrx_word' id='word_1_777' title='bbox 3583 5157 3833 5230; x_wconf 80' lang='grc' dir='ltr'>θελήματι</span> <span class='ocrx_word' id='word_1_778' title='bbox 3885 5160 3975 5208; x_wconf 83' lang='grc' dir='ltr'><strong>καὶ</strong></span> <span class='ocrx_word' id='word_1_779' title='bbox 4030 5158 4144 5230; x_wconf 78' lang='grc' dir='ltr'><strong>ὀρέ-</strong></span> 
     </span>
    </p>
   </div>
   <div class='ocr_carea' id='block_1_110' title="bbox 2533 5245 4143 5324">
    <p class='ocr_par' dir='ltr' id='par_1_110' title="bbox 2533 5245 4143 5324">
     <span class='ocr_line' id='line_1_110' title="bbox 2533 5245 4143 5324; baseline -0.006 -19"><span class='ocrx_word' id='word_1_780' title='bbox 2533 5252 2628 5318; x_wconf 83' lang='grc' dir='ltr'><strong>ξει,</strong></span> <span class='ocrx_word' id='word_1_781' title='bbox 2683 5254 2770 5304; x_wconf 90' lang='grc' dir='ltr'><strong>τόν</strong></span> <span class='ocrx_word' id='word_1_782' title='bbox 2814 5253 2904 5324; x_wconf 70' lang='grc' dir='ltr'><strong>μὲν</strong></span> <span class='ocrx_word' id='word_1_783' title='bbox 2952 5251 3214 5322; x_wconf 85' lang='grc' dir='ltr'>κατάγων,</span> <span class='ocrx_word' id='word_1_784' title='bbox 3265 5248 3351 5300; x_wconf 79' lang='grc' dir='ltr'><strong>τόν</strong></span> <span class='ocrx_word' id='word_1_785' title='bbox 3402 5245 3452 5301; x_wconf 77' lang='grc' dir='ltr'><strong>δ’</strong></span> <span class='ocrx_word' id='word_1_786' title='bbox 3510 5246 3732 5319; x_wconf 79' lang='grc' dir='ltr'><strong>ἀνάγων.</strong></span> <span class='ocrx_word' id='word_1_787' title='bbox 3812 5250 3915 5300; x_wconf 76' lang='grc' dir='ltr'><strong>Καὶ</strong></span> <span class='ocrx_word' id='word_1_788' title='bbox 3998 5248 4143 5318; x_wconf 80' lang='grc' dir='ltr'>ὅμως</span> 
     </span>
    </p>
   </div>
   <div class='ocr_carea' id='block_1_111' title="bbox 2532 5334 4141 5412">
    <p class='ocr_par' dir='ltr' id='par_1_111' title="bbox 2532 5334 4141 5412">
     <span class='ocr_line' id='line_1_111' title="bbox 2532 5334 4141 5412; baseline -0.006 -17"><span class='ocrx_word' id='word_1_789' title='bbox 2532 5338 2709 5404; x_wconf 69' lang='grc' dir='ltr'><strong>οὐδείς</strong></span> <span class='ocrx_word' id='word_1_790' title='bbox 2758 5343 2975 5412; x_wconf 64' lang='grc' dir='ltr'><strong>τούτων,</strong></span> <span class='ocrx_word' id='word_1_791' title='bbox 3024 5343 3054 5399; x_wconf 75' lang='grc' dir='ltr'><strong>ἤ</strong></span> <span class='ocrx_word' id='word_1_792' title='bbox 3108 5347 3207 5392; x_wconf 81' lang='grc' dir='ltr'><strong>τῶν</strong></span> <span class='ocrx_word' id='word_1_793' title='bbox 3276 5334 3353 5391; x_wconf 77' lang='grc' dir='ltr'><strong>δι’</strong></span> <span class='ocrx_word' id='word_1_794' title='bbox 3426 5336 3593 5390; x_wconf 68' lang='grc' dir='ltr'><strong>αὐτῶν</strong></span> <span class='ocrx_word' id='word_1_795' title='bbox 3666 5336 4141 5410; x_wconf 82' lang='grc' dir='ltr'><strong>χειροτονηθέντων</strong></span> 
     </span>
    </p>
   </div>
   <div class='ocr_carea' id='block_1_112' title="bbox 2534 5558 4143 5646">
    <p class='ocr_par' dir='ltr' id='par_1_112' title="bbox 2534 5558 4143 5646">
     <span class='ocr_line' id='line_1_112' title="bbox 2534 5558 4143 5646; baseline -0.004 -23"><span class='ocrx_word' id='word_1_796' title='bbox 2534 5565 2862 5646; x_wconf 66' lang='lat' dir='ltr'><strong>sen_potiu§</strong></span> <span class='ocrx_word' id='word_1_797' title='bbox 2884 5562 3449 5646; x_wconf 67' lang='lat' dir='ltr'><strong>perturbationibus</strong></span> <span class='ocrx_word' id='word_1_798' title='bbox 3466 5560 3884 5646; x_wconf 72' lang='lat' dir='ltr'><strong>ecclesiasticis</strong></span> <span class='ocrx_word' id='word_1_799' title='bbox 3910 5558 4143 5632; x_wconf 85' lang='lat' dir='ltr'><strong>profert</strong></span> 
     </span>
    </p>
   </div>
   <div class='ocr_carea' id='block_1_113' title="bbox 2529 5632 4141 5785">
    <p class='ocr_par' dir='ltr' id='par_1_113' title="bbox 2529 5632 4141 5785">
     <span class='ocr_line' id='line_1_113' title="bbox 2533 5632 4137 5704; baseline -0.006 -8"><span class='ocrx_word' id='word_1_800' title='bbox 2533 5655 2600 5696; x_wconf 86' lang='lat' dir='ltr'><strong>ex</strong></span> <span class='ocrx_word' id='word_1_801' title='bbox 2612 5632 2905 5696; x_wconf 75' lang='lat' dir='ltr'><strong>Méthodid</strong></span> <span class='ocrx_word' id='word_1_802' title='bbox 2919 5640 3125 5693; x_wconf 90' lang='lat' dir='ltr'><strong>nostro</strong></span> <span class='ocrx_word' id='word_1_803' title='bbox 3142 5635 3389 5692; x_wconf 87' lang='lat' dir='ltr'><strong>Allatius</strong></span> <span class='ocrx_word' id='word_1_804' title='bbox 3403 5636 3633 5691; x_wconf 85' lang='lat' dir='ltr'><strong>Contra</strong></span> <span class='ocrx_word' id='word_1_805' title='bbox 3654 5632 3916 5704; x_wconf 82' lang='lat' dir='ltr'><strong>Creygh.</strong></span> <span class='ocrx_word' id='word_1_806' title='bbox 3936 5646 4137 5688; x_wconf 83' lang='lat' dir='ltr'><strong>exere.</strong></span> 
     </span>
     <span class='ocr_line' id='line_1_114' title="bbox 2529 5704 4141 5785; baseline -0.006 -17"><span class='ocrx_word' id='word_1_807' title='bbox 2529 5725 2664 5775; x_wconf 79' lang='lat' dir='ltr'><strong>xvn,</strong></span> <span class='ocrx_word' id='word_1_808' title='bbox 2684 5725 2743 5785; x_wconf 88' lang='lat' dir='ltr'><strong>p.</strong></span> <span class='ocrx_word' id='word_1_809' title='bbox 2770 5713 2893 5769; x_wconf 84' lang='lat'><strong>330.</strong></span> <span class='ocrx_word' id='word_1_810' title='bbox 2915 5708 3058 5766; x_wconf 84' lang='lat' dir='ltr'><strong>Rem</strong></span> <span class='ocrx_word' id='word_1_811' title='bbox 3080 5710 3286 5766; x_wconf 84' lang='lat' dir='ltr'><strong>narrat</strong></span> <span class='ocrx_word' id='word_1_812' title='bbox 3308 5704 3491 5766; x_wconf 81' lang='lat' dir='ltr'><strong>etiam</strong></span> <span class='ocrx_word' id='word_1_813' title='bbox 3516 5704 3895 5779; x_wconf 60' lang='lat' dir='ltr'><strong>Ephrmmius</strong></span> <span class='ocrx_word' id='word_1_814' title='bbox 3918 5718 3968 5761; x_wconf 72' lang='grc' dir='ltr'><strong>ν.</strong></span> <span class='ocrx_word' id='word_1_815' title='bbox 3994 5706 4141 5760; x_wconf 82' lang='grc' dir='ltr'>ϐοιο</span> 
     </span>
    </p>
   </div>
   <div class='ocr_carea' id='block_1_114' title="bbox 2529 5788 2670 5858">
    <p class='ocr_par' dir='ltr' id='par_1_114' title="bbox 2529 5788 2670 5858">
     <span class='ocr_line' id='line_1_115' title="bbox 2529 5788 2670 5858; baseline 0.014 -17"><span class='ocrx_word' id='word_1_816' title='bbox 2529 5788 2670 5858; x_wconf 61' lang='grc' dir='ltr'><strong>,αφ</strong></span> 
     </span>
    </p>
   </div>
  </div>
