4484 6446
798 423 901 477 803
1651 406 1982 465 METRODII
2022 398 2342 460 MONACHI
2379 395 2472 454 DE
2509 395 2894 455 SCHISMATE
2931 399 3274 458 VITANDO.
4059 400 4167 456 806

796 544 974 604 dicat,
988 541 1196 611 eisque
1236 535 1539 607 gloriatur;
1561 536 1738 604 atque
1757 528 2032 587 itavincit
2068 540 2303 582 omnem
2335 523 2451 578 bee-
2481 524 2529 577 Α
2561 546 2567 554 ι

2391 538 2451 577 Β·
2481 524 2529 577 Α
2561 532 2653 576 τοῦ
2698 524 2853 598 ὀρθοῦ
2903 532 2995 585 τῆς
3046 524 3163 577 καθ’
3214 526 3354 597 ἡμᾶς
3400 528 3627 586 πίστεως
3681 523 3838 595 λόγου
3889 530 4162 595 πανταχοῦ

796 632 996 700 resim,
1036 634 1092 684 et
1121 628 1337 683 horum
1368 622 1516 679 freta
1544 619 1888 690 magisterio
1936 621 2115 685 atque
2161 611 2450 682 exemplis
2561 635 2567 645 ε

2391 612 2450 665 iis
2561 618 2777 675 τούτους
2834 613 3220 689 προϐαλλομένη
3275 617 3599 685 σεμνύνεται,
3657 618 3749 665 καὶ
3819 618 3938 682 νικᾴ
3987 619 4162 663 πᾶσαν

799 720 1087 775 malitiam
1127 715 1366 771 illorum
1397 714 1707 769 aversatur
1732 724 1803 764 ac
1841 704 2053 778 procul
2089 702 2312 773 abjicit,
2344 699 2449 771 qui
2561 725 2570 754 ι

2393 699 2449 754 ui
2561 704 2759 775 αἳρεσιν
2824 709 2914 754 καὶ
2982 709 3158 755 πᾶσαν
3215 707 3489 755 κακόνοιαν
3552 711 3651 754 τῶν
3703 702 3753 753 ἐν
3809 706 4164 776 προσχήματι

798 810 911 865 sub
951 806 1250 878 religionis
1288 804 1536 859 obtentu
1574 799 1844 855 fidelium
1902 811 2120 867 corpus
2181 793 2449 847 nituntur
2561 811 2569 841 ε

2391 806 2449 845 JI‘
2561 790 2819 851 εὐλαϐείας
2872 797 3200 863 κατατέμνειν
3262 796 3320 844 τὸ
3374 801 3471 843 τῶν
3524 801 3720 844 πιστῶν
3785 800 3938 862 σῶμα
3992 809 4162 842 σπου-

795 896 1150 954 discindere.
2560 876 2659 936 δην
2684 882 2978 951 τιθεμένων,
3011 890 3125 943 ταῖς
3165 884 3359 933 τούτων
3410 877 3676 952 διδαχαῖς
3702 900 3756 932 τε
3797 884 3887 931 καὶ
3911 879 4163 953 πράξεσιν

2560 967 2946 1041 ἀποτρεπομένη
2978 975 3068 1022 καί
3089 970 3261 1044 πόρρω
3294 969 3591 1042 βάλλουσα.

872 1080 956 1131 19.
993 1073 1171 1129 Divus
1192 1075 1347 1126 certe
1382 1068 1845 1139 Chrysostomus
1866 1063 1940 1117 de
1986 1060 2192 1116 Meletii
2253 1057 2448 1113 Antio-
2635 1079 2643 1107 ι

2391 1073 2448 1111 o-
2635 1058 2719 1115 ιϐ’,
2750 1058 2807 1109 Ὀ
2838 1063 3013 1131 μέντοι
3055 1079 3111 1129 γε
3161 1062 3292 1120 θεῖος
3349 1063 3730 1131 Χρυσόστομος
3771 1066 3887 1119 ταῖς
3912 1057 4162 1110 Μελετίου

798 1163 971 1219 cheni
1001 1160 1266 1232 episcopi
1296 1158 1479 1213 sacris
1510 1154 1791 1210 manibus
1822 1152 2016 1223 primo
2064 1149 2310 1221 quidem
2367 1162 2451 1201 re-
2559 1167 2569 1193 τ

2396 1162 2451 1201 e-
2559 1155 2651 1197 τοῦ
2708 1147 3034 1218 Ἀντιοχείας
3097 1154 3285 1219 χερσὶν
3340 1151 3498 1219 ἱεραῖς
3558 1153 3804 1221 πρότερον
3843 1150 3932 1218 μὲν
3972 1150 4029 1197 τὸ
4069 1155 4165 1205 τῆς

799 1250 1198 1321 generationis
1229 1262 1466 1309 sacrum
1495 1245 1828 1306 lavacrum,
1860 1247 2069 1311 postea
2098 1238 2451 1293 diaconatus
2562 1257 2570 1283 τ

2395 1251 2451 1288 .lS
2562 1236 2961 1306 παλιγγενεσίας
3023 1240 3153 1289 θεῖον
3210 1237 3445 1310 λουτρόν,
3532 1237 3745 1308 ὕστερον
3813 1233 3872 1287 δὲ
3924 1240 4017 1293 τὴν
4073 1244 4166 1293 τῆς

797 1320 1954 1412 quoqueaccepitordinemquanquam,
1985 1327 2172 1399 probe
2204 1324 2451 1381 sciebat.
2564 1347 2568 1369 ι

2396 1329 2451 1381 Lt.
2564 1320 2834 1385 διακονίας
2912 1332 3238 1398 χειροτονίαν
3294 1329 3440 1397 ίερῶς
3519 1322 3734 1395 δέχεται
3786 1345 3797 1356 ·
3855 1330 3942 1375 καὶ
3999 1331 4167 1374 ταῦτα

798 1411 1089 1496 magnum
1118 1423 1485 1480 Eustathium
1510 1422 1568 1475 in
1608 1418 1813 1474 exsilio
1834 1418 1985 1472 inter
2029 1415 2318 1487 plurimas
2343 1411 2452 1466 mi-
2563 1437 2569 1465 ι

2394 1428 2452 1465 ιι·
2563 1412 2710 1475 εἰδὼς
2771 1420 2856 1467 τὸν
2905 1420 3066 1488 μέγαν
3116 1418 3403 1469 Εὐστάθιον
3460 1415 3507 1466 ἐν
3565 1414 3738 1486 ἐξορία
3765 1415 4035 1475 πλείσταις
4084 1416 4165 1464 ὁτι

798 1517 980 1573 serias
1000 1514 1247 1573 versari.
1281 1516 1454 1566 rectze
1485 1508 1624 1563 ﬁdei
1655 1522 1863 1562 causa.
1914 1509 1967 1559 ls
1999 1504 2177 1559 etiam
2223 1508 2452 1555 utrum-
2563 1525 2569 1554 :

2393 1518 2452 1554 η·-
2563 1511 2829 1555 κακὼσεσι
2887 1505 3315 1577 προσπαλαίοντα
3362 1514 3452 1564 τῆς
3511 1504 3669 1575 ὀρθῆς
3716 1506 3860 1556 ἕνεκα
3916 1508 4164 1568 πίστεως,

798 1621 916 1678 que
961 1601 1417 1659 laudationibus
1461 1597 1791 1654 exornavit.
1822 1594 2135 1657 Meletium,
2181 1593 2451 1661 inquam,
2563 1616 2569 1641 ς

2394 1606 2451 1654 n,
2563 1593 2617 1652 ὃς
2684 1598 2772 1645 καὶ
2856 1594 3168 1668 ἀμφοτέρους
3244 1594 3520 1665 ἐγκωμίοις
3602 1593 3835 1664 ἐτίμησε,
3924 1591 4165 1645 Μελέτιον

800 1698 977 1765 atque
1008 1683 2090 1750 Eustathium,rixarumindecentium
2113 1680 2453 1735 stultarum-
2566 1704 2571 1727 4

2395 1696 2453 1733 n-
2566 1678 2775 1763 ὃηλαὸἡ
2828 1688 2916 1733 καὶ
2971 1684 3281 1753 Εὑστάθιον,
3354 1683 3471 1743 τοῦς
3527 1682 3847 1756 ἐρεσχελίαις
3920 1680 4166 1752 ἀσέμνοις

799 1799 915 1855 que
933 1786 1387 1838 contentionum
1405 1782 1705 1832 amatores
1732 1772 2015 1846 prmclare
2038 1776 2448 1825 contemnens.
2563 1793 2570 1818 :

2403 1784 2448 1825 s.
2563 1777 2651 1822 καὶ
2685 1777 2935 1843 ματαίαις
2962 1772 3268 1825 ἐνστάσεσιν
3322 1778 3531 1847 χαίρειν
3571 1772 3834 1833 ἐθελοντας
3883 1773 4165 1844 θεοφρόνως

800 1888 909 1927 nec
930 1887 1050 1926 non
1081 1868 1443 1937 excogitatas
1482 1865 1561 1920 ab
1612 1863 1958 1919 hominibus
2018 1858 2449 1931 appellationes.
2482 1867 2524 1922 Β
2565 1881 2571 1909 ι

2389 1873 2449 1911 es.
2482 1867 2524 1922 B
2565 1858 2979 1933 ἀπορριψάμενος
3030 1866 3124 1913 σὺν
3185 1870 3302 1921 ταῖς
3377 1860 3428 1924 ἐξ
3480 1860 3761 1934 ἀνθρώπων
3821 1859 4160 1930 ἐπωνυμίαις,

798 1965 1006 2016 contra
1033 1959 1322 2014 decorum
1354 1961 1533 2026 atque
1561 1953 1852 2008 ofﬁcium.
1900 1950 2129 2021 Quippe
2170 1947 2250 2001 illi
2283 1945 2451 2002 Mele-
2562 1972 2569 1999 ε

2392 1962 2451 2001 e-
2562 1948 2622 2009 ἀς
2660 1955 2842 2020 σφίσιν
2874 1953 3061 2014 ἔθεντο,
3104 1956 3168 2010 ως
3206 1956 3277 2023 μὴ
3320 1949 3507 2022 ὤφελον
3543 1972 3553 1981 ·
3607 1952 3655 2000 οὶ
3704 1953 3793 2021 μὲν
3845 1951 3946 2022 γάρ
4000 1947 4163 1999 Μελε-

800 2050 994 2107 tianos
1010 2045 1397 2119 appellabant
1420 2042 1796 2099 adversarios
1826 2056 1990 2103 suos;
2024 2038 2083 2093 hi
2108 2052 2314 2093 rursus
2341 2038 2451 2089 Eu-
2560 2059 2571 2091 τ

2396 2052 2451 2089 Ll-
2560 2043 2761 2099 τιανοὺς
2823 2044 2941 2099 τοὺς
3007 2038 3515 2112 ἀντιδιατιθεμένους
3569 2039 3838 2112 ὠνόμαζον
3888 2060 3901 2072 ·
3950 2039 4167 2098 τούτοῦς

800 2134 1272 2194 stathianosillos
1293 2132 1805 2195 vocitabant.Quse
1830 2128 2055 2192 ﬂagitia
2068 2125 2453 2181 doctissimus
2565 2149 2571 2175 ε

2396 2141 2453 2179 .ls
2565 2123 2772 2189 ὃάὖθις
2800 2128 2982 2181 ἐκεῖνοι
3012 2130 3403 2191 Ευσταθιανοὺς
3447 2128 3658 2180 ἐκάλουν
3710 2149 3724 2162 ·
3768 2136 3935 2179 ταῦτα
3974 2124 4033 2179 δε
4076 2132 4167 2179 καὶ

798 2242 1042 2299 quoque
1060 2239 1245 2280 sacra;
1275 2222 1357 2277 rei
1372 2220 1617 2276 Basilius
1625 2217 1991 2303 jampridem
2004 2217 2330 2277 detestans,
2346 2215 2452 2269 tla-
2564 2240 2569 2263 ι

2392 2229 2452 2269 a-
2564 2219 2589 2268 ὁ
2642 2218 2799 2279 πολὺς
2852 2222 2916 2271 τὰ
2962 2222 3073 2271 θεῖα
3134 2220 3396 2280 Βασίλειος
3451 2225 3698 2292 πρότερον
3754 2222 4162 2291 μυσαττόμενος,

800 2317 1042 2389 gitiosos
1068 2312 1485 2369 miserabatur.
1514 2311 1706 2374 Quare
1725 2314 1779 2363 et
1794 2308 1869 2363 ad
1884 2321 2175 2372 magnum
2192 2304 2453 2358 Athana-
2564 2326 2571 2337 ·

2395 2319 2453 2358 a-
2564 2310 2681 2367 τοὺς
2746 2311 3046 2379 πάσχοντας
3100 2310 3336 2367 κατηλέει
3393 2330 3406 2344 ·
3435 2305 3541 2361 ιδιό
3571 2314 3660 2361 καὶ
3707 2311 3835 2381 πρὸς
3884 2311 3971 2359 τὸν
4002 2310 4166 2379 μεγαν

801 2407 959 2461 sium
992 2405 1076 2459 sic
1110 2400 1408 2458 scribebat
1447 2418 1459 2454 :
1492 2422 1512 2447 α
1560 2397 1885 2453 Antiochiae
1918 2395 2167 2450 morbus
2226 2408 2453 2462 magno
2565 2400 2572 2447 έ

2396 2409 2453 2448 ιο
2565 2396 2786 2469 ἔγραψεν
2838 2400 3149 2452 Ἀθανάσιον
3202 2401 3400 2461 οὕτως·
3459 2422 3479 2449 ε
3542 2402 3620 2452 Τὰ
3668 2401 3771 2473 γὰρ
3824 2407 3919 2459 τῆς
3971 2399 4167 2451 Ἀντιο-

800 2496 1027 2552 medico
1054 2492 1300 2562 indiget:
1334 2496 1463 2561 ejus
1494 2489 1650 2545 enim
1685 2486 1956 2542 Ecclesizr
1970 2484 2454 2539 etsivitaliasana
2563 2507 2571 2557 ρ

2392 2498 2454 2538 1a
2563 2492 2719 2557 χείας
2771 2487 3160 2563 ἀρρωστήματα
3224 2489 3447 2563 μεγάλου
3504 2492 3644 2549 τινὸς
3699 2488 3881 2563 ἰατροῦ
3932 2483 4163 2539 δέονται·

800 2589 957 2653 sunt,
973 2582 1174 2639 vultus
1199 2587 1402 2637 tamen
1429 2578 1749 2634 laceratur.
1770 2596 1798 2626 »
1817 2575 1981 2631 Idem
1995 2575 2053 2629 in
2074 2573 2189 2628 alia
2203 2571 2453 2644 epistola
2564 2581 2571 2626 τ

2397 2571 2453 2627 la
2564 2578 2679 2638 ἣτις
2730 2583 2847 2652 περὶ
2880 2583 2945 2631 τά
3000 2584 3181 2654 καίρια
3234 2581 3565 2651 ὑγιαίνουσα,
3614 2582 3734 2653 περὶ
3786 2580 3851 2629 τὰ
3904 2582 4168 2649 πρόσωπα

799 2675 921 2730 ait:
957 2695 986 2721 κ
1032 2674 1150 2741 Ego
1202 2669 1493 2726 Meletium
1536 2682 1659 2722 non
1692 2668 1947 2736 ignoro:
1990 2679 2100 2719 usa
2155 2667 2247 2717 est
2290 2662 2452 2717 enim
2564 2688 2570 2712 ε

2397 2677 2452 2716 m
2564 2667 2897 2736 σχίζεται.»
2926 2668 2984 2720 Ὀ
3024 2668 3176 2729 αὐτὸς
3203 2673 3294 2721 καὶ
3347 2668 3396 2720 ἐν
3442 2667 3569 2740 ἄλλῃ
3623 2671 3754 2740 φησί
3808 2674 3909 2718 τῶν
3956 2664 4168 2718 ἐπιστο-

799 2763 1223 2819 communione
1251 2760 1381 2829 ejus
1410 2757 1669 2812 Ecclesia
1692 2772 1845 2818 mea,
1878 2754 2148 2809 etadhuc
2176 2752 2454 2820 utitur,et
2561 2752 2570 2803 ἰ

2396 2755 2454 2806 et
2561 2752 2658 2804 λῶν
2728 2776 2742 2789 ο
2799 2779 2827 2805 ‹‹
2873 2758 3009 2828 Ἐγὼ
3058 2754 3117 2809 δὲ
3158 2757 3399 2810 Μελέτιον
3455 2757 3550 2809 οὐκ
3607 2754 3796 2827 ἀγνοῶ,
3844 2754 3951 2806 ἀλλ’
4006 2756 4166 2826 ἔσχεν

798 2869 938 2910 cum
967 2849 1199 2907 Domini
1230 2847 1421 2918 gratia
1444 2846 1727 2917 deinceps
1767 2850 1980 2900 utetur.
2016 2864 2044 2892 »
2104 2845 2169 2897 Et
2210 2842 2271 2896 in
2311 2840 2446 2896 alia:
2560 2863 2569 2893 ι

2397 2856 2446 2896 3.:
2560 2842 2715 2895 αὐτὸν
2762 2847 2792 2902 ἡ
2861 2845 2952 2917 ἐμὴ
2997 2846 3303 2913 Ἐκκλησία,
3358 2851 3447 2899 καὶ
3496 2848 3610 2917 ἔχει
3660 2847 3979 2910 κοινωνικὸν,
4037 2842 4168 2895 ἀλλά

822 2963 852 2991 ‹‹
883 2940 938 2996 Si
967 2954 1199 2999 omnes,
1232 2934 1475 2991 omissis
1505 2932 2007 2999 contentionibus,
2058 2930 2288 2986 homini
2347 2929 2449 2984 Dei
2559 2954 2589 2985 κ

2397 2945 2449 2984 e1
2559 2940 2647 2986 καὶ
2687 2935 2758 2997 εἰς
2794 2940 2854 2987 τὸ
2921 2936 3033 2998 ἑξῆς
3068 2938 3166 2999 ἕξει
3217 2940 3407 3010 χάριτι
3454 2943 3548 2988 τοῦ
3592 2941 3787 3008 Κυρίου
3818 2957 3831 2968 ·
3884 2957 3913 2985 ››
3970 2939 4064 2986 καὶ
4117 2932 4168 2985 ἐν

798 3029 1023 3086 Meletio
1054 3027 1443 3083 adhtererent.
1488 3046 1514 3073 η
1539 3022 1747 3077 Adhuc
1773 3022 1833 3076 in
1884 3021 2019 3077 alia:
2055 3043 2076 3070 ι
2110 3019 2211 3074 llla
2258 3020 2447 3074 Eccle-
2557 3045 2569 3075 ι

2396 3034 2447 3073 e-
2557 3024 2683 3097 ἄλλη
2716 3048 2728 3059 ·
2759 3048 2787 3075 ))
2838 3026 2899 3078 Εἰ
2955 3031 3012 3078 τό
3079 3027 3358 3099 φιλόνεικον
3413 3026 3651 3100 ἀφέμενοι
3698 3029 3882 3086 πάντες
3938 3044 4167 3096 προστε-

798 3120 898 3175 site
914 3116 1187 3174 membra
1213 3131 1343 3170 esse
1378 3112 1894 3184 judicamus,qum
1913 3127 2073 3178 cum,
2088 3110 2331 3165 homine
2348 3109 2446 3164 Dei
2558 3117 2569 3165 ε

2395 3109 2446 3164 ei
2558 3115 2683 3167 θεῖεν
2712 3124 2784 3185 τῷ
2815 3114 3065 3189 ἀνθρώπῳ
3091 3126 3183 3168 τοῦ
3214 3124 3348 3171 Θεοῦ
3375 3116 3600 3188 Μελετίῳ
3635 3135 3648 3149 ο
3672 3137 3701 3166 ››
3745 3119 3835 3167 καὶ
3884 3114 3932 3166 ἐν
3987 3112 4116 3187 ἄλλῃ
4153 3130 4166 3145 ⁶

798 3208 1024 3263 Meletio
1056 3205 1375 3261 cohaerent.
1412 3225 1438 3251 »
1464 3205 1525 3257 Et
1571 3218 1801 3257 rursus:
1850 3224 1877 3248 ‹‹
1937 3203 2179 3271 Oportet
2234 3214 2445 3254 omnes
2477 3227 2515 3280 ρ
2554 3228 2568 3256 ‹

2397 3214 2445 3252 BS
2477 3227 2515 3280 ρ
2554 3227 2583 3256 ‹‹
2639 3210 2800 3279 Μέρος
2853 3207 3161 3269 Ἐκκληοίας
3213 3207 3371 3260 ἐκεῖνο
3432 3211 3691 3282 κρίνομεν,
3746 3209 3805 3257 τὸ
3852 3212 4168 3279 προσκείμε-

795 3297 874 3353 ad
905 3296 1213 3353 hominem
1255 3292 1355 3347 Dei
1387 3291 1677 3346 Meletium
1710 3306 1773 3344 se
1804 3290 2197 3361 adjungere.<<
2228 3291 2444 3360 Repre-
2554 3316 2566 3345 ~.

2399 3305 2444 3343 Ξ-
2554 3314 2636 3345 νον
2682 3304 2755 3366 τῷ
2813 3296 3065 3368 ἀνθρώπῳ
3117 3305 3209 3350 τοῦ
3260 3306 3393 3351 Θεοῦ
3446 3296 3695 3367 Μελετίῳ,
3747 3318 3775 3345 )›
3821 3295 4170 3367 Ἐγκαλοὺμε-

792 3387 1017 3442 hensus
1042 3388 1244 3439 autem
1271 3397 1309 3437 ε).
1328 3380 1531 3436 nescio
1560 3396 1704 3451 quo,
1736 3380 1817 3434 ita
1847 3394 1909 3433 se
1944 3378 2227 3433 defendit:
2269 3402 2288 3426 υ
2324 3381 2447 3447 Ego
2554 3406 2563 3434 π

2392 3394 2447 3447 ζο
2554 3404 2638 3445 νος
2670 3381 2727 3437 δὲ
2783 3390 2912 3460 πρὸς
2958 3377 3112 3457 τινος,
3160 3386 3491 3458 ἀπολογεῖται
3552 3390 3642 3437 καί
3699 3404 3860 3458 φησιν
3907 3402 3919 3414 ο
3973 3406 3999 3433 ‹‹
4052 3385 4163 3436 Οὐκ

792 3473 1120 3531 Antiochiae
1145 3471 1496 3543 episcopum
1523 3468 1977 3524 novineminem
1999 3468 2110 3522 nisi
2130 3467 2443 3523 Meletium.
2555 3494 2563 3524 4

2391 3484 2443 3521 n.
2555 3470 2679 3526 οῖδα
2754 3474 3036 3528 ἐπίσκοπον
3099 3477 3425 3548 Ἀντιοχείας
3498 3477 3663 3549 ἕτερον
3735 3475 3779 3527 εἰ
3866 3478 3937 3546 μὴ
3996 3473 4162 3527 Μελέ-

794 3568 994 3636 Neque
1034 3561 1283 3618 omnino
1311 3560 1397 3614 sic
1426 3559 1593 3615 dixit.
1616 3557 1781 3631 quod
1798 3556 2443 3628 Eustahiumrejiceret,
2552 3582 2565 3613 τ

2393 3561 2443 3620 εἷς
2552 3582 2661 3615 τιον
2680 3563 2819 3639 (21),
2850 3588 2876 3614 )›
2935 3570 3033 3619 Καὶ
3076 3569 3276 3627 πάντως
3328 3567 3422 3617 οὐκ
3474 3564 3886 3637 ἀποϐαλλόμενος
3934 3567 4021 3615 τόν
4068 3563 4164 3615 Er}-

793 3652 900 3709 sed
919 3659 981 3708 ut
1009 3668 1113 3707 eos
1142 3649 1432 3705 refelleret
1469 3647 1981 3719 confunderetque
2019 3647 2124 3718 qui
2155 3646 2446 3702 Meletium
2558 3675 2564 3701 ι

2391 3664 2446 3702 m
2558 3656 2767 3706 στάθιον
2824 3663 2975 3707 τοῦτο
3024 3659 3241 3730 εἴρηκεν,
3296 3654 3424 3707 ἀλλά
3478 3659 3884 3729 προτρεπόμενος
3921 3658 4013 3705 καὶ
4077 3655 4162 3705 ἓν-

791 3758 915 3799 non
945 3740 1329 3813 recipiebant:
1366 3737 1543 3793 simul
1569 3738 1771 3805 etiam,
1804 3738 1950 3809 quia
1978 3736 2027 3790 is
2076 3736 2310 3791 interim
2346 3739 2445 3791 Ec-
2554 3763 2562 3773 -

2391 3753 2445 3791 c-
2554 3746 2749 3815 τρέπων
2783 3749 2900 3805 τοὺς
2936 3749 3008 3816 μὴ
3063 3742 3527 3820 παραδεχομένους
3577 3743 3823 3797 Μελέτιον
3878 3764 3889 3776 ·
3938 3743 4050 3815 ἅμα
4100 3739 4162 3794 δὲ

792 3833 1039 3889 clesiam
1065 3828 1306 3886 tenebat
1329 3826 1879 3899 regebatque,dum
1902 3825 2239 3881 Eustathius
2264 3826 2323 3880 in
2346 3842 2444 3881 ex-
2554 3852 2563 3882 :

2389 3843 2444 3881 Κ·
2554 3838 2644 3884 καὶ
2682 3836 2752 3894 ως
2784 3838 2969 3886 τοὺτου
3008 3848 3103 3892 την
3154 3834 3467 3894 Ἐκκλησίαν
3528 3838 3654 3895 τέως
3705 3837 4017 3905 κατέχοντος
4068 3836 4160 3883 καὶ

793 3921 922 3978 silio
945 3920 1116 3977 otiari
1143 3918 1494 3990 cogebatur.
1532 3919 1807 3972 Fortasse
1856 3916 2037 3971 etiam
2095 3915 2187 3970 his
2244 3915 2444 3972 verbis
2556 3921 2564 3972 ἐ

2396 3933 2444 3970 18
2556 3921 2832 3991 ἰθῦνοντος,
2891 3924 3188 3977 Εῦτσαθίου
3238 3923 3514 3996 ἀργοῦντος
3572 3922 3621 3975 ἐν
3678 3922 3853 3997 ἐξορίᾳ
3905 3944 3920 3957 ο
3986 3924 4060 3974 ἔτι
4101 3918 4162 3973 δὲ

790 4011 1058 4067 dolorem
1090 4007 1322 4065 Arianis
1348 4007 1583 4062 inurere
1604 4006 1816 4063 voluit.
2553 4033 2561 4064 ι

1802 4047 1816 4063 .
2553 4013 2738 4085 ἄγχων
2778 4018 2897 4075 τοὺς
2935 4013 2987 4076 ἐξ
3017 4015 3219 4089 Ἀρείου
3245 4023 3317 4086 τῷ
3347 4016 3566 4089 ῥὴματι.

862 4104 948 4160 20.
974 4103 1113 4169 Hoc,
1137 4099 1409 4171 inquam.
1437 4096 1651 4153 saltem
1675 4096 2021 4167 exemplum
2043 4100 2309 4168 spectare
2334 4112 2444 4152 vos
2622 4123 2633 4153 π

2390 4112 2444 4152 )S
2622 4101 2689 4163 κ’,
2720 4102 2785 4154 ⁸0
2810 4100 2902 4170 δη,
2928 4109 3019 4156 καὶ
3047 4105 3092 4157 εἰ
3139 4111 3211 4178 μή
3248 4124 3296 4157 τι
3338 4103 3482 4171 ἄλλο,
3530 4102 3658 4156 ἀλλά
3708 4101 3802 4155 κᾶν
3860 4111 4014 4156 τοῦτο
4054 4098 4161 4154 ἔδει

787 4195 1108 4265 oporteret.
1135 4204 1332 4261 neque
1352 4192 1519 4243 tanta
1551 4186 2065 4242 inconsiderantia
2130 4186 2444 4257 repudiare
2556 4221 2558 4235 .

2390 4202 2444 4243 re
2556 4200 2766 4245 σκοπεῖν
2836 4199 2925 4246 καὶ
2997 4196 3131 4267 ὑμᾶς
3195 4217 3205 4228 ·
3271 4199 3361 4248 καὶ
3428 4199 3496 4268 μὴ
3547 4193 3949 4267 ἀποπέμπεσθαι
4001 4193 4161 4252 οὕτως

786 4280 1233 4337 sanctissimum
1284 4277 1634 4348 Iosephum,
1720 4276 2069 4349 praeclarum
2142 4275 2443 4347 religionis
2553 4307 2557 4330 ι

2396 4294 2443 4331 IS
2553 4281 2777 4357 ἀκρίτως
2821 4287 2908 4335 τὸν
2964 4293 3055 4345 τῆς
3111 4286 3363 4358 ἡμετέρας
3416 4284 3585 4347 καλῶς
3640 4286 4016 4359 προϊστάμενον
4075 4282 4160 4334 εῦ-

786 4377 1005 4428 nostrae
1036 4370 1272 4435 ducem,
1305 4382 1669 4439 sacrumque
1700 4373 1973 4422 nostrum
2013 4367 2437 4438 patriarcham.
2555 4400 2557 4415 .

2391 4384 2437 4422 [1.
2555 4371 2752 4434 σεϐείας
2783 4372 3072 4445 ἀγιώ-ατον
3124 4374 3335 4449 Ἰωσὴφ,
3378 4379 3465 4428 τὸν
3519 4378 3650 4447 ἱερὸν
3708 4376 3853 4447 ἡμῶν
3902 4374 4162 4447 πατριάρ-

788 4465 854 4516 Ει
865 4460 1037 4516 alium
1054 4456 1367 4531 quemdam
1381 4472 1488 4528 per
1499 4454 1816 4529 epistolam
1830 4455 2168 4511 admonens
2182 4471 2443 4523 magnus
2550 4484 2559 4533 λ

2391 4473 2443 4511 lS
2550 4483 2677 4533 χην.
2742 4470 2841 4516 Καὶ
2899 4464 3035 4536 ἁλλῳ
3095 4462 3156 4518 δέ
3206 4486 3308 4517 τινι
3363 4473 3619 4539 παραινῆν
3679 4460 3755 4516 δι’
3811 4462 4095 4523 ἐπιστολῶς
4134 4464 4162 4515 ό

789 4550 1056 4616 Basilius,
1085 4549 1355 4604 hortatur
1381 4546 2094 4602 utomissaschismatum
2118 4546 2438 4613 discordia,
2469 4589 2514 4646 Β
2549 4573 2560 4623 ε

2390 4563 2438 4613 Et,
2469 4589 2514 4646 D
2549 4557 2706 4623 μέγας
2755 4552 3034 4620 Βασίλειος,
3090 4552 3332 4627 ἀφέμενον
3394 4559 3488 4612 τὴν
3546 4562 3645 4606 τῶν
3678 4554 3996 4626 σχισμάτων
4051 4554 4161 4626 ἔριν

784 4640 1077 4696 Meletium
1100 4642 1413 4710 sequatur.
1448 4636 1562 4691 Sed
1588 4652 1693 4691 cur
1719 4636 1892 4707 plura
1921 4636 2122 4691 dicam
2173 4636 2200 4690 ?
2232 4640 2439 4693 Nonne
2469 4636 2509 4646 "
2549 4662 2555 4693 τ

2391 4654 2439 4692 le
2549 4645 2898 4717 προστεθῆναι
2968 4643 3196 4715 Μελετίῳ
3268 4643 3693 4717 παρακελεύεται.
3774 4646 3874 4695 Καὶ
3953 4647 4003 4694 τὶ
4074 4638 4162 4693 δεῖ

783 4729 879 4785 hic
908 4744 1168 4799 magnus
1192 4726 1440 4782 Basilius
1470 4725 1915 4798 presbyteratus
1951 4725 2223 4781 ordinem
2259 4743 2294 4782 a
2325 4730 2437 4782 Me-
2546 4753 2554 4784 ς

2386 4742 2437 4781 e-
2546 4732 2787 4785 πλειόνων
2819 4735 2942 4805 ἡμῖν
2977 4734 3160 4806 ;Οῦχὶ
3201 4734 3359 4796 αὐτὸς
3402 4734 3552 4795 οὗτος
3598 4736 3623 4785 ὁ
3680 4736 3837 4805 μέγας
3886 4732 4157 4792 Βασίλειος

782 4819 924 4874 letio
950 4816 1261 4889 suscepit?
1294 4816 1487 4885 Legite
1523 4816 1779 4871 Socratis
1831 4814 2297 4871 ecclesiasticam
2348 4816 2437 4871 Hi-
2544 4842 2553 4873 τ

2385 4816 2437 4871 [ί-
2544 4824 2689 4896 παρὰ
2730 4830 2822 4874 τοῦ
2870 4822 3112 4878 Μελετίου
3162 4828 3255 4881 τήν
3318 4832 3416 4875 τῶν
3461 4820 3822 4895 πρεσϐυτέρων
3872 4824 3984 4890 (22)
4040 4840 4156 4892 χει-

783 4908 1052 4974 storiam,
1075 4908 1337 4978 itemque
1359 4906 1565 4976 magni
1599 4905 1795 4960 Basilii
1822 4905 2009 4961 Vitam
2030 4907 2107 4961 ab
2130 4906 2438 4979 Amphilo—
2544 4934 2554 4984 Α

2386 4923 2438 4963 D—
2544 4916 2777 4984 ροτονίαν
2827 4910 3039 4975 ἐδέξατο
3090 4930 3104 4980 ;
3171 4912 3457 4983 Ἀνάγνωτε
3525 4918 3621 4970 τήν
3703 4918 3795 4964 τοῦ
3852 4911 4157 4985 Σωκράτους

778 4999 914 5055 chio
960 4997 1250 5055 lconiensi
1272 4996 1575 5069 scriptam,
1622 5002 1686 5052 ut
1738 5012 1864 5052 rem
1924 4997 2325 5067 cognoscatis.
2373 5001 2435 5054 In
2546 5028 2549 5049 Α

2386 5002 2435 5054 in
2546 5000 2990 5061 ἐκκλησιαστικὴν
3030 5008 3309 5078 Ἱστορίαν,
3363 5006 3452 5055 καὶ
3486 5000 3833 5075 Ἀμφιλοχίου
3891 5008 3984 5052 τοῦ
4028 5000 4157 5052 Ἰκο-

778 5089 903 5145 Vita
930 5103 1176 5160 quoque
1204 5086 1391 5142 sancti
1421 5086 1662 5141 Antonii
1692 5086 1968 5143 scribitur
1997 5106 2009 5143 :
2043 5088 2182 5143 Fide
2234 5093 2435 5143 autem
2545 5112 2549 5120 ι

2384 5103 2435 5143 m
2545 5110 2656 5142 νιου
2683 5091 2753 5153 εἰς
2782 5095 2869 5143 τὸν
2909 5096 3024 5143 Βίον
3063 5099 3155 5144 τοῦ
3218 5091 3442 5164 μεγάλου
3473 5090 3768 5155 Βασιλείου,
3817 5093 3907 5141 καὶ
3945 5098 4109 5160 γνῶτε
4140 5110 4155 5123 ο

779 5176 1153 5237 admirabilis
1177 5180 1305 5233 erat
1327 5175 1619 5233 Antonius
1641 5180 1697 5232 et
1726 5191 1972 5249 prorsus
2015 5177 2388 5235 orthodoxus
2420 5198 2433 5236 :
2544 5200 2550 5213 ι

2383 5196 2388 5231 ι
2420 5198 2433 5236 :
2544 5182 2731 5254 γράφει
2759 5186 2849 5234 καὶ
2873 5181 2940 5243 εἰς
2969 5184 3055 5234 τὸν
3088 5186 3203 5234 Βίον
3232 5189 3323 5234 τοῦ
3366 5182 3519 5253 ἀγίου
3580 5179 3857 5233 Ἀντωνίου
3918 5199 3933 5213 ο
3993 5202 4022 5232 ι(
4076 5186 4154 5247 Τῇ

847 5400 961 5483 (20)
991 5398 1168 5457 Aliter
1192 5416 1335 5483 mox
1364 5398 1539 5483 d_ivus
1572 5404 1886 5483 antonius.
1910 5408 2005 5461 cui
2038 5404 2437 5483 Hieronymus
2546 5424 2663 5483 que
2694 5409 2793 5481 jus
2823 5425 2980 5482 aegre
3013 5411 3420 5483 dignoscatur,
3450 5425 3562 5483 nec
3589 5405 3855 5483 nisi_fere
3882 5408 4157 5477 tempore

774 5480 978 5556 noster
991 5480 1287 5556 consonat
1305 5476 1362 5529 in
1380 5474 1639 5546 Epistola
1652 5477 1729 5556 ad
1744 5477 2091 5556 Damasum:
2135 5474 2275 5536 Non'
2297 5485 2438 5556 novi
2544 5474 2917 5550 incla'rescat,
2942 5474 3107 5556 quod
3128 5483 3349 5538 idcirco
3361 5474 3657 5537 Pindarus
3671 5478 3752 5535 ait
3776 5474 4045 5534 omnium
4066 5492 4157 5533 re-

774 5548 1048 5623 Vz'talgm,
1077 5547 1374 5623 Meletium
1401 5562 1644 5623 _respuo,
1674 5550 1878 5619 ignoro
1905 5552 2254 5623 Paulinum.
2287 5554 2434 5610 Con-
2544 5571 2680 5610 rum
2710 5547 3235 5623 sapientissimum.

775 5620 903 5699 sule
933 5619 1285 5699 catalogum
1317 5619 1741 5699 episcoporum
1796 5622 2306 5699 Antiochenornm
2371 5627 2433 5682 in
2562 5698 2571 5699 ί
2617 5628 2729 5699 (22)
2760 5619 2886 5683 I'mo
2915 5628 3244 5683 diaconum
3266 5626 3501 5699 factum
3527 5641 3564 5681 a
3593 5622 3818 5699 Meletio
3841 5620 4154 5699 _Basilium

775 5690 1004 5773 collect.
1022 5693 1148 5773 Vat.
1181 5696 1223 5746 t.
1254 5690 1479 5773 [κρατὶ.
1504 5707 1559 5773 ll,
1595 5708 1653 5764 p.
1694 5698 1773 5773 t5.
1820 5696 1951 5773 Haec
2009 5700 2098 5773 est
2143 5696 2431 5755 nimirum
2541 5690 2683 5773 dicit
2713 5690 2986 5757 Socrates
3009 5699 3113 5757 lib.
3147 5716 3222 5770 1v,
3250 5698 3344 5765 26,
3396 5704 3463 5756 ut
3490 5702 3646 5755 certe
3670 5696 3734 5752 in
3786 5692 4154 5751 editionibus

777 5763 1628 5838 episcopaliumschismatum
1638 5770 1856 5823 natura
1866 5771 1932 5824 ut
1942 5767 2160 5825 veritas
2177 5773 2432 5828 rectum-
2538 5771 2777 5843 legitur.
