4484 6446
846 394 953 458 80³7

2023 383 2547 462 CONSTANTINUS
2585 380 3021 455 ACROPOIJTA

4097 390 4205 457 808

844 524 1157 597 inungere.
1190 528 1234 584 Ο
1260 538 1544 600 perversa
1572 519 1880 586 doctrina!
1914 528 2070 586 oculi
2097 525 2344 584 omnino
2372 537 2497 579 non
2526 524 2567 577 A

2381 537 2497 579 non
2526 524 2572 577 Α
2614 520 2981 594 συναλείφουσα,
3014 524 3073 574 τὸ
3130 521 3375 584 τεθνηκὸς
3425 528 3599 593 σῶμα.
3625 518 3695 574 ’Ὠ
3748 529 3938 593 ’γνῶσις
3978 525 4208 577 νενοθευ-

844 612 1137 671 videntes!
1156 617 1371 672 Sancta
1383 618 1542 673 enim
1557 619 1995 674 etoecumenica
2005 615 2274 689 synodus
2302 612 2499 685 prima

844 702 961 759 hoc
986 702 1113 759 ﬁeri
1138 703 1321 760 edixit
1348 721 1492 777 erga
1521 722 1623 763 eos
1665 707 1770 779 qui
1801 707 2010 763 anima
2040 711 2096 761 et
2129 716 2379 776 corpore
2406 700 2497 755 in-

844 789 1186 861 ﬁrmantur,
1211 793 1548 850 secundum
1568 794 1835 866 Apostoli
1855 797 2254 868 praeceptum:
2291 814 2311 840 ι
2336 788 2497 844 lnﬁr-

843 883 1046 934 matur
1060 878 1195 951 quis
1216 879 1277 936 in
1292 880 1463 937 vobis
1483 883 1510 937 ?
1526 882 1777 939 Inducat
1802 881 2189 955 presbyteros
2202 876 2494 942 Ecclesiae,

845 970 905 1022 et
924 971 1094 1023 orent
1113 983 1293 1040 super
1316 985 1480 1038 eum,
1511 976 1805 1042 ungentes
1831 987 1970 1028 eum
1990 970 2119 1027 oleo
2144 969 2205 1025 in
2253 965 2497 1023 nomine

845 1056 1103 1115 Domini.
1140 1059 1206 1113 Et
1219 1058 1409 1115 oratio
1423 1058 1563 1115 ﬁdei
1582 1061 1841 1117 salvabit
1864 1059 2173 1117 infirmum
2191 1061 2249 1113 et
2262 1054 2500 1113 allevia-

841 1143 932 1201 bit
958 1160 1098 1200 eum
1128 1146 1453 1216 Dominus;
1484 1152 1541 1204 et
1569 1148 1617 1204 si
1641 1150 1704 1205 in
1734 1148 1994 1222 peccatis
2027 1145 2498 1212 sit,remittentur

842 1232 896 1290 ei
925 1236 941 1269 ί
984 1258 1041 1291 .››
1072 1234 1249 1292 Vides
1275 1236 1635 1294 mandatum
1652 1240 1680 1294 εἰ
1707 1238 1873 1296 Disce
1902 1237 2156 1295 modum
2182 1239 2239 1292 et
2268 1233 2496 1290 irratio-

841 1322 1119 1380 nabiliter
1147 1338 1325 1395 agere
1350 1325 1495 1382 noli.
1540 1326 1819 1383 Similiter
1843 1333 1900 1384 et
1951 1329 2121 1383 Pater
2143 1327 2364 1393 noster,
2396 1326 2495 1378 Ar-

843 1412 1079 1468 senium
1108 1413 1244 1470 dico
1274 1416 1645 1472 Constantini
1709 1417 1963 1487 egregia
2015 1414 2182 1471 urbis
2248 1412 2496 1485 patriar-

842 1501 1019 1557 ebam
1031 1505 1475 1566 ,cteremoniam
1503 1505 1661 1561 hanc
1674 1521 1780 1577 per
1793 1511 2020 1578 septem
2043 1504 2349 1560 ministros
2370 1501 2497 1557 fieri

838 1590 1018 1660 jussit
1058 1591 1293 1647 etiamsi
1323 1595 1590 1666 episcopi
1621 1594 1739 1650 sint
1767 1595 1861 1650 vel
1892 1592 2283 1665 metropolitas
2322 1610 2334 1659 ;
2362 1590 2497 1646 ideo

841 1694 1049 1750 preces
1068 1681 1198 1753 ipse
1215 1680 1544 1753 aliquando
1566 1683 1853 1754 praestitit.
1885 1683 2026 1739 Vide
2061 1697 2308 1751 precum
2331 1678 2498 1735 adhi-

844 1770 1103 1826 bitarum
1133 1775 1373 1839 metem,
1404 1777 1461 1829 et
1489 1772 1654 1829 disce
1692 1774 1857 1846 quod
1885 1773 2233 1844 ignorabas.
2270 1773 2498 1826 Rursus

844 1859 928 1914 eis
948 1858 1123 1914 dico:
1155 1859 1250 1915 Ait
1278 1859 1570 1917 Dominus
1596 1867 1798 1918 noster
1828 1879 1841 1917 :
1872 1884 1898 1911 α
1932 1861 2037 1917 Ubi
2090 1866 2229 1916 sunt
2255 1859 2378 1915 duo
2407 1857 2501 1914 vel
2532 1874 2567 1928 Β

2407 1857 2501 1914 vel
2532 1874 2571 1928 Β
2611 1858 2891 1911 ἐπίσκοποι
2930 1856 3052 1926 ωσι,
3102 1861 3197 1910 κοίν
3247 1858 3628 1933 μητροπολίται
3660 1880 3672 1892 ·

845 1952 962 2004 tres
990 1950 1338 2019 congregati
1386 1949 1447 2005 in
1477 1951 1723 2008 nomine
1748 1967 1907 2021 meo,
1937 1951 2020 2007 ibi
2049 1966 2183 2006 sum
2216 1949 2274 2005 in
2303 1947 2501 2003 medio

844 2053 1054 2094 eorum
1085 2040 1129 2093 ’.
1164 2059 1193 2088 »
1221 2041 1287 2094 Et
1316 2039 1530 2095 iterum
1562 2042 1688 2113 ipse
1713 2041 2003 2098 Dominus
2027 2045 2232 2097 noster
2253 2043 2309 2095 et
2348 2037 2502 2093 Deus

842 2125 905 2182 in
928 2126 1245 2197 Evangelio
1270 2129 1610 2185 secundum
1634 2132 1853 2185 Lucam
1879 2145 2017 2186 cum
2047 2129 2120 2185 de
2147 2144 2217 2184 eo
2241 2127 2504 2200 loquitur

840 2216 946 2287 qui
975 2215 1036 2272 in
1066 2214 1330 2274 latrones
1358 2218 1670 2287 inciderat,
1699 2220 1828 2290 ejus
1852 2218 2099 2275 vulnera
2119 2217 2251 2274 oleo
2282 2222 2340 2273 et
2368 2216 2504 2272 vino

841 2303 966 2361 fota
993 2304 1175 2361 fuisse
1206 2305 1308 2361 ait.
1343 2310 1475 2363 Haec
1497 2323 1640 2378 ergo
1665 2308 1744 2364 ad
1766 2308 1935 2364 vivos
1966 2312 2256 2380 spectant,
2281 2322 2404 2363 non
2426 2305 2503 2361 ad

841 2397 1132 2450 mortuos.
1164 2397 1247 2450 Tu
1268 2412 1406 2452 vero
1429 2399 1532 2469 qui
1555 2397 1669 2453 hoc
1699 2397 1893 2454 facere
1939 2396 2282 2470 praesumis,
2316 2392 2505 2452 animi

841 2482 1045 2539 nescio
1067 2499 1191 2556 qua
1219 2486 1667 2543 insatiabilitate
1695 2487 1959 2544 laboras.
2000 2488 2140 2543 Dico
2161 2487 2339 2557 igitur
2362 2501 2374 2540 :
2401 2487 2505 2540 Ne-

841 2588 944 2629 mo
965 2572 1079 2629 hoc
1100 2572 1295 2630 facere
1319 2575 1598 2645 audebit;
1630 2577 1744 2647 sin,
1774 2582 1834 2633 ut
1858 2582 2268 2647 transgressor
2284 2576 2499 2648 prandi-

842 2667 1073 2717 ctorum
1094 2661 1437 2720 habebitur.
1461 2666 1631 2729 Quod
1655 2666 1702 2721 si
1729 2666 1876 2721 mihi
1897 2665 2083 2737 dicas,
2118 2666 2233 2722 hoc
2265 2671 2330 2721 ut
2349 2680 2504 2736 opus

842 2752 1013 2825 pium
1043 2766 1181 2822 erga
1211 2758 1481 2810 mortuos
1507 2755 1695 2821 ﬁerit;
1732 2771 1925 2828 apage
1953 2754 1963 2808 !
2002 2758 2081 2811 Ex
2102 2754 2503 2826 eleemosynis

843 2842 1005 2899 enim
1035 2844 1091 2896 et
1117 2858 1252 2915 quae
1282 2859 1319 2900 a
1351 2842 1699 2900 Christianis
1738 2844 1893 2900 ﬁunt
1934 2850 2310 2901 mortuorum
2343 2860 2501 2899 com-

840 2933 1383 2992 memorationibus
1413 2934 1673 2989 fructum
1705 2934 2074 3006 spiritualem
2105 2935 2268 3007 apud
2314 2937 2500 2989 Deum

842 3024 1059 3081 animae
1082 3024 1451 3098 percipiunt;
1486 3029 1551 3080 tu
1578 3028 1782 3081 autem
1809 3040 2027 3098 corpus
2072 3030 2380 3081 mortuum
2410 3024 2500 3079 in-

840 3129 1076 3184 ungens
1099 3120 1155 3170 et
1198 3114 1441 3170 dicens:
1477 3116 1891 3171 Commoretur
1942 3114 2191 3186 Spiritus
2242 3119 2381 3170 tuus
2436 3114 2498 3169 in

838 3217 1011 3260 servo
1042 3208 1145 3259 tuo
1173 3208 1239 3260 ut
1280 3203 1574 3276 reliquum
1636 3208 1875 3276 tempus
1923 3204 1985 3259 in
2016 3202 2319 3260 mandatis
2380 3207 2497 3258 tuis
2528 3233 2567 3289 ρ

835 3297 1176 3367 perseveret
1207 3309 1221 3359 ;
1269 3298 1326 3349 et
1349 3309 1559 3348 rursus
1584 3309 1596 3348 :
1624 3295 1778 3349 Leva
1803 3310 1943 3350 eum
1983 3309 2055 3349 ex
2085 3292 2308 3349 doloris
2346 3292 2495 3349 lecto

835 3388 949 3440 eta
979 3387 1305 3441 stramento
1335 3383 1672 3440 aﬂlictionis
1699 3400 1711 3451 ;
1740 3400 1879 3440 cum
1906 3383 2035 3440 haec
2066 3383 2495 3457 profers,quod

834 3473 965 3544 agis
981 3488 1103 3529 non
1119 3472 1421 3542 intelligis.
1444 3472 1556 3530 Sed
1575 3473 1759 3528 ﬁnem
1777 3473 2019 3529 dicendi
2036 3472 2291 3529 facimus
2312 3473 2492 3531 allato

834 3578 908 3619 ex
935 3561 1256 3619 Salomone
1278 3562 1621 3618 testimonio
1645 3579 1657 3617 :
1693 3583 1721 3613 ‹‹
1747 3566 1810 3619 In
1832 3562 1957 3618 viro
1989 3562 2350 3633 intelligente
2374 3579 2492 3619 ser-

833 3667 936 3708 mo
978 3651 1235 3726 simplex
1277 3655 1336 3708 et
1377 3651 1574 3708 brevis
1620 3652 1820 3709 solerti
1850 3658 1906 3709 et
1934 3658 2216 3726 prompto
2261 3652 2492 3710 auditui

834 3741 1072 3798 sufﬁcit.
1108 3764 1136 3790 ››

2608 614 2756 681 μένη,
2789 614 2879 662 καὶ
2899 608 3152 682 ὀφθαλμοὶ
3181 610 3442 672 παντελῶς
3497 610 3603 683 οὐχ
3659 611 3910 684 ὁρῶντεςὲ
3962 616 4063 665 Καὶ
4104 614 4209 685 γὰρ

2607 706 2760 751 τοῦτο
2790 700 2819 756 ἡ
2862 698 2991 770 ἁγία
3044 703 3134 751 καὶ
3177 699 3456 772 οἰκούμεκή
3507 695 3724 760 σύνοδος
3785 701 3816 758 ἡ
3878 705 4054 775 πρώτη
4105 698 4212 753 ἑνο-

2606 788 2910 857 μοθέτησεν,
2943 785 3030 839 ἐπί
3059 788 3255 849 ζῶντας
3310 795 3564 849 νοσῡντας
3620 787 3775 861 ψυχῇ
3828 794 3919 840 καὶ
3977 794 4206 861 σώματι,

2606 882 2699 934 τήν
2751 874 2982 951 ἀφορμὴν
3023 876 3271 938 λαϐόντας
3335 880 3393 930 τὸ
3452 884 3546 930 τοῦ
3611 876 3933 930 Ἀποστὸλου
4008 879 4205 951 ῥητὸν·

2605 966 2737 1037 λέγει
2768 962 2827 1018 δε
2855 986 2866 999 ·
2894 987 2923 1017 ‹‹
2948 966 3178 1020 Ἀσθενεί
3208 986 3287 1028 τις
3317 969 3366 1020 ἓν
3395 969 3517 1040 ὑμῖν
3553 983 3566 1034 ;
3597 967 4055 1040 Προσκαλεσάσθω
4086 970 4208 1030 τούς

2605 1053 2987 1128 πρεσϐυτέρους
3045 1063 3140 1118 τῆς
3196 1055 3529 1123 Ἐκκλησίας,
3588 1061 3678 1109 καὶ
3723 1056 4207 1130 προσευξάσθωσαν

2606 1145 2685 1197 ἐπ’
2710 1144 2865 1197 αὐτὸν
2896 1144 3185 1217 ἀλειφοντες
3220 1145 3375 1199 αὐτόν
3427 1145 3577 1218 ἐλαίῳ
3609 1145 3657 1199 ἓν
3716 1155 3789 1217 τῷ
3843 1148 4057 1218 ὀνόματι
4112 1152 4207 1199 τοῦ

2608 1237 2801 1309 Κυρίου
2823 1254 2835 1267 ο
2868 1239 2958 1286 καὶ
2983 1236 3012 1293 ἡ
3054 1234 3187 1306 εὐχὴ
3211 1242 3301 1295 τῆς
3337 1240 3564 1296 πίστεως
3595 1240 3754 1288 σώσει
3776 1238 3862 1287 τὸν
3919 1238 4206 1307 κάμνοντα,

2604 1326 2695 1374 καὶ
2726 1320 2890 1396 ἕνερεί
2916 1326 3073 1375 αὑτὸν
3094 1325 3120 1375 ὁ
3153 1326 3343 1396 Κύριος
3366 1345 3378 1358 ·
3406 1325 3501 1377 κοίν
3532 1323 3788 1398 ἁμαρτίας
3888 1329 4204 1391 πεποιηκὼς,

2606 1409 2922 1483 ἀφεθήσεται
2952 1411 3114 1483 αύτῷ.
3146 1411 3347 1486 »Ὁρᾷς
3383 1416 3442 1465 τὸ
3471 1413 3617 1486 ῥῆμα
3645 1429 3658 1478 ;
3711 1414 3874 1484 γνῶθι
3936 1415 4023 1465 τὸν
4079 1417 4210 1487 τρὸ·-

2606 1520 2721 1572 πον,
2756 1506 2845 1553 καὶ
2886 1506 2957 1574 μὴ
3025 1500 3251 1565 ἀνοήτως
3299 1506 3359 1555 τὸ
3408 1508 3628 1578 πρᾶγμα
3676 1512 3855 1555 ποιῶν.
3880 1502 4103 1575 Ὀμοίως
4152 1498 4213 1554 δὲ

2607 1592 2997 1665 καὶ,ὀΠατηρ,
3056 1593 3201 1663 ἡμῶν
3255 1590 3518 1664 Ἀρσένιον
3572 1591 3702 1663 λέγω
3749 1596 3835 1644 τὸν
3897 1593 4211 1665 πατριάχην

2607 1686 2699 1739 τῆς
2772 1679 3117 1741 καλλιπόλεως
3209 1686 3621 1748 Κωνσταντίνον,
3717 1686 3811 1739 τὴν
3898 1679 4215 1733 ἀκολουθίαν

2608 1772 2803 1827 ταύτην
2866 1768 3205 1841 ἐνομοθέτησε
3260 1771 3498 1841 γίνεσθαι
3548 1767 3621 1821 δι’
3676 1768 3810 1822 ἑπτὰ
3859 1772 4051 1843 ἱερέων,
4120 1768 4220 1821 κᾶν

3731 1856 3817 1912 διὸ
3875 1864 3965 1911 καὶ
4010 1877 4058 1911 εν
4116 1862 4220 1929 ἳσῳ

2611 1950 2699 2009 τὰς
2730 1948 2893 2019 εύχὰς
2937 1948 3094 2009 αὐτὸς
3141 1949 3165 1999 ὁ
3208 1949 3387 2023 ῥηθείς
3441 1954 3754 2009 πεποιηκώς.
3816 1953 3915 2002 Καί
3987 1950 4084 2022 ὅρα
4128 1950 4219 2000 τὸν

2564 2080 2567 2082 .
2610 2045 2727 2089 νοῦν
2775 2046 2875 2105 τῶν
2905 2042 3284 2110 ,πεποιημένων
3326 2038 3520 2109 εὐχῶν,
3577 2040 3740 2110 γνῶθι
3787 2057 3813 2090 ο
3868 2043 3937 2110 μή
4015 2034 4172 2099 εἰδώς
4200 2074 4216 2087 .

2613 2132 2715 2180 Καί
2746 2125 2900 2180 πάλιν
2947 2130 3077 2199 πρὸς
3125 2130 3329 2189 τούτοις
3384 2125 3518 2202 ἐρῶ·
3567 2132 3697 2199 φησί
3753 2130 3854 2200 γὰρ
3888 2128 3913 2178 ὁ
3970 2129 4220 2200 ἡμέτερος

2616 2220 2807 2291 Κύριος
2838 2215 3095 2269 ·‹‹”Οπου
3151 2217 3253 2269 εἰσί
3302 2212 3399 2269 δύο
3456 2218 3486 2275 ἡ
3549 2225 3686 2290 τρεῖς
3730 2215 3779 2268 ἐν
3827 2226 3899 2287 τῷ
3946 2214 4051 2288 ἐμῷ
4105 2215 4222 2267 ὀνό-

2613 2324 2761 2378 ματι,
2794 2305 2897 2360 ἐκεῖ
2915 2311 3004 2359 καὶ
3034 2313 3130 2378 εγὼ
3162 2306 3287 2378 εἰμι.
3319 2328 3346 2358 ››
3391 2311 3491 2359 Καί
3541 2306 3695 2359 πάλιν
3741 2306 3891 2367 αὐτὸς
3947 2324 3973 2358 ο
4020 2307 4216 2379 Κύριος

2614 2398 2760 2467 ἡμῶν
2787 2400 2876 2448 καὶ
2901 2399 3030 2458 Θεὸς
3055 2415 3103 2448 εν
3151 2404 3221 2466 τῷ
3276 2394 3413 2448 κατὰ
3461 2402 3668 2449 Λουκᾶν
3717 2395 3851 2467 ἁγίῳ
3908 2393 4215 2466 Εύαγγελίῳ

2613 2484 2748 2557 λέγει
2799 2491 2918 2558 περί
2973 2493 3066 2538 τοῦ
3138 2504 3444 2558 εμπεσοντος
3520 2485 3592 2547 εἰς
3670 2488 3792 2547 τούς
3859 2484 4059 2558 λῃστὰς
4121 2488 4217 2535 καὶ

2613 2576 3109 2647 τραυματισθέντος,
3188 2579 3410 2647 επιχέων
3474 2574 3641 2627 ἔλαιον
3719 2579 3811 2627 και
3880 2572 4036 2629 οἶνον.
4109 2576 4215 2627 Καὶ

2612 2673 2780 2717 ταῦτα
2801 2671 2884 2718 επί
2912 2667 3114 2726 ζώντων
3168 2668 3609 2739 νενομοθέτηνται,
3677 2665 3804 2736 οὐχί
3858 2670 3942 2717 επί
3997 2666 4217 2718 τεθνεῶ-

2611 2774 2733 2810 των.
2764 2758 2829 2807 Σύ
2862 2751 2921 2807 δέ
2950 2774 2975 2807 ο
3018 2764 3171 2807 τουτο
3223 2754 3492 2827 τολμὴσας
3538 2756 3640 2815 οἶος
3693 2761 3878 2822 ποιεῖν,
3938 2754 4033 2806 ούκ
4090 2750 4221 2806 οἰδα

2610 2849 2764 2905 ποίας
2838 2843 3123 2918 ἀκορέστου
3179 2847 3386 2916 γνώκης
3461 2859 3772 2906 νενοσηκως.
3858 2847 3946 2896 Διὸ
4028 2842 4164 2915 λέγω
4201 2863 4218 2877 .

2610 2931 2811 2997 Μηδείς
2849 2934 3096 3007 τολμήσει
3123 2942 3276 2986 τοῦτο
3322 2941 3508 3003 ποιεῖν,
3560 2939 3697 2986 καὶο
3754 2934 4065 3007 παραϐάτης
4111 2940 4217 2984 τῶν

2608 3022 2925 3082 λαληθέντων
2975 3026 3306 3098 κριθήσεται.
3340 3020 3498 3077 Εἰδέ
3548 3043 3608 3095 γε
3650 3030 3805 3075 τοῦτο
3859 3027 4040 3092 φήσεις
4098 3041 4212 3095 μοι,

2608 3113 2687 3165 ὅτι
2717 3113 3065 3186 ελεημοσύνης
3094 3116 3240 3189 ἔργον
3270 3122 3342 3185 τῷ
3381 3115 3653 3172 τεθνηκότι
3708 3118 3930 3185 γίνεται,
3979 3112 4021 3165 εἰ
4060 3120 4214 3165 τούτο

2606 3208 2867 3269 ποιήσεις,
2898 3208 2966 3262 ιιὴ
3000 3208 3219 3275 γένοιτο.
3256 3206 3358 3256 Καί
3379 3206 3481 3279 ’γὰρ
3508 3205 3538 3262 ἡ
3600 3202 3942 3276 ελεημοσννη,
3996 3207 4087 3254 καὶ
4155 3204 4213 3253 αἱ

2606 3298 2809 3365 μνῆμαι
2838 3301 2937 3344 τῶν
2962 3300 3307 3365 Χριστιανῶν,
3361 3293 3418 3345 αἰ
3464 3297 3694 3363 γίνονται
3739 3290 3817 3345 ἀεὶ
3863 3290 3986 3365 παρ’
4037 3293 4211 3363 ἡμῶν,

2604 3385 2953 3454 πνευματικὸν
2974 3386 3062 3434 κον
3083 3385 3280 3457 καρπὸν
3331 3378 3669 3454 επιδέχονται
3734 3383 3788 3433 αἱ
3839 3380 4020 3453 ψυχαί
4063 3383 4214 3454 παρὰ

2604 3478 2676 3542 τῷ
2703 3479 2817 3543 Θεῷ
2843 3493 2855 3505 ·
2889 3474 2954 3524 σύ
2988 3469 3047 3524 δέ
3079 3477 3138 3525 το
3176 3474 3422 3535 τεθνηκὸς
3472 3481 3625 3545 σῶμα
3675 3472 4072 3544 επισφραγίζων
4120 3476 4214 3523 καὶ

2602 3561 2762 3633 λέγων
2792 3584 2804 3595 ·
2837 3569 2920 3633 Τῷ
2954 3566 3216 3635 Πνεύματί
3248 3583 3343 3616 σου
3393 3568 3662 3621 σκήνωσον
3722 3567 3806 3615 επί
3874 3565 3961 3614 τὸν
4021 3558 4213 3614 δοῦλον

2606 3672 2724 3721 σου,
2764 3654 2897 3713 ὁπως
2920 3657 3006 3704 τὸν
3037 3652 3316 3705 ὑπόλοιπον
3372 3657 3563 3726 χρόνον
3612 3672 3659 3705 εν
3716 3660 3822 3713 τοῖς
3872 3648 4209 3723 δικαιώμασί

2606 3762 2701 3795 σου
2744 3744 3029 3815 πορεύηται
3060 3759 3074 3773 ⁸
3132 3749 3222 3795 καὶ
3275 3743 3461 3797 πάλονο
3524 3742 3802 3817 Ἐξέγειρον
3874 3742 4030 3794 αὑτὸν
4107 3741 4214 3794 ἀπὸ

834 3814 1013 3876 κλίνης
1040 3810 1320 3889 ὀδυνηρᾶς,
1367 3818 1454 3866 καὶ
1486 3812 1623 3889 ⁸ἀπὸ
1684 3821 2331 3889 στρωμνῆς-κακώσεως
2388 3817 2508 3869 ὅταν
2565 3824 2734 3869 ταυτα
2790 3810 3076 3887 επιφωνςῖς,
3136 3815 3195 3867 ού
3243 3821 3519 3885 γινώσκεις
3575 3810 3662 3867 τὸν
3714 3810 3837 3867 ’νοῦν
3897 3822 3988 3866 τοῦ
4044 3816 4215 3887 πράγ-

832 3905 1011 3959 ματος.
1076 3884 1259 3961 Τοίνυν
1329 3894 1402 3957 τῷ
1486 3885 1623 3961 λόγῳ
1669 3884 1930 3961 τοπέλος
1971 3884 2161 3959 δῶμεν,
2223 3893 2312 3940 καὶ
2373 3896 2462 3940 τού
2516 3889 2840 3960 Σολομῶντος
2884 3884 3052 3961 ῥητοῦ
3101 3884 3310 3961 μνήμην
3366 3893 3690 3961 ποιήσωμεν,
3748 3888 3827 3939 ὅτι
3877 3892 3961 3958 Τῷ
4028 3884 4214 3958 ἔχοντι

835 3957 1044 4012 σύνεσιν
1071 3958 1335 4033 αὐτάρκης
1355 3962 1444 4010 καὶ
1477 3959 1545 4019 εἷς
1575 3957 1728 4031 λόγος
1756 3963 1887 4034 πρὸς
1910 3957 2069 4019 ἀκοήν
2093 3960 2292 4013 εὐθεῖαν
2319 3965 2407 4012 καὶ
2430 3957 2781 4018 συνετωτάτην
2808 3957 3060 4033 ύπᾶρχει.

903 4138 920 4175 ¹
951 4140 1072 4195 Jac.
1113 4154 1169 4207 v,
1204 4139 1282 4193 14.
1308 4138 1329 4173 ²
1360 4134 1563 4194 Matth.
1592 4153 1755 4207 xvni,
1792 4142 1878 4194 20.

832 4313 2376 4353 Μ

2381 4314 4205 4354 M

2186 4525 2334 4567 ANNO
2374 4524 2563 4566 DOHINI
2603 4525 2841 4567 MCCI.XX.

829 4678 2576 4886 CONSTANTINUS
2704 4713 4195 4898 ACROPOLITA.

2245 5155 2767 5253 NOTITIA

1844 5376 2023 5437 (Cave
2063 5374 2139 5432 ad
2181 5388 2279 5433 an.
2312 5374 2486 5445 1270;
2521 5372 2746 5433 Fabric.
2786 5371 2940 5430 Harl.
2967 5374 3007 5431 t.
3037 5373 3179 5445 Vll,)

886 5626 1311 5685 Constantinus
1353 5624 1717 5699 Acropolita,
1771 5641 2033 5699 magnus
2062 5625 2384 5698 logotheta,
2415 5631 2521 5691 νέος
2548 5625 2952 5702 Μεταφράστης,
2981 5626 3106 5683 sive
3135 5626 3573 5700 Metaphrastes
3620 5628 3839 5698 junior
3872 5628 4091 5701 dictus,
4134 5630 4205 5689 in

814 5727 956 5790 aula
986 5727 1441 5802 Constantinop.
1474 5727 1566 5786 vir
1604 5743 1902 5794 summus,
1929 5725 2161 5798 claruit,
2194 5727 2529 5801 imperante
2558 5726 2837 5786 Michaele
2867 5724 3227 5799 Palaeologo,
3261 5726 3420 5786 circa
3434 5742 3534 5787 an.
3562 5731 3719 5788 i270.
3738 5728 3999 5790 Causam
4039 5732 4204 5790 (ξι-εει
