4484 6446
271 416 383 473 809
2018 414 2042 467 l‘

2018 410 2318 469 ΝΟΤΠῚΛ.
3542 424 3649 478 810

276 554 492 595 eorum
523 540 816 597 adversus
849 540 1086 597 Latinos
1118 538 1361 596 fovebat
1381 537 1664 603 maxime,
1697 539 1904 593 contra
1928 551 2083 609 quos
2113 536 2312 608 plures
2337 535 2411 591 de
2446 536 2829 607 processione
2862 537 3110 611 Spiritus
3146 541 3333 597 sancti
3362 545 3646 603 tractatus

278 628 541 702 reliquit.
564 631 722 685 Duos
740 630 799 686 in
823 630 1054 703 scriptis
1083 632 1421 686 Griecorum
1452 626 1728 682 laudatos
1752 641 1812 679 se
1831 625 2049 681 vidisse
2071 625 2246 680 refert
2264 627 2320 680 L.
2343 625 2588 681 Atlatius
2611 627 2695 682 De
2714 626 2994 683 Consens.
3015 628 3240 687 Orient.
3260 637 3313 686 et
3343 632 3645 701 Occiderit,

276 714 382 771 lib.
420 733 474 783 ιι,
533 732 666 788 cap.
720 723 801 780 t5,
834 734 1001 774 num.
1032 718 1167 787 XIV,
1200 716 1292 772 col
1317 720 1440 771 780.
1477 717 1695 779 Unum,
1728 714 1901 784 cujus
1952 712 2047 767 illu

1874 730 1901 766 s
1952 712 2098 768 illud
2138 712 2523 785 principium,
2569 711 2784 788 Ἄνδρες
2836 715 3079 787 Ῥωμαὶοι
3132 717 3406 785 alterum,
3472 723 3645 793 cujus

277 804 454 873 illud,
506 806 800 877 Ἐμνήσθην
830 812 918 860 καὶ
959 806 1112 859 ὢλου
1160 806 1313 877 λόγου
1345 814 1443 857 τῶν
1475 802 1831 873 ἀντιλεγόντων
1863 803 2009 874 ἡμῖν.

1872 803 2009 874 ἡμῖν.
2051 803 2338 868 Quorum,
2389 802 2598 875 inquit,
2653 807 2860 873 frusta,
2923 821 3115 877 eaque
3173 807 3316 862 satis
3345 808 3545 880 polita,
3584 811 3643 866 in

275 893 591 949 codicibus
628 911 753 950 mss
787 898 1180 969 reperiuntur.
1223 896 1354 960 Qua
1405 892 1745 960 occasione,
1800 906 1919 963 quo
1958 890 2165 946 animo
2201 889 2519 961 logothetm
2573 893 2761 949 nostri
2799 896 3302 951 commentarium
3344 913 3466 953 una
3504 914 3645 955 cum

272 983 534 1053 propriis
559 983 930 1041 comburend
942 1001 1042 1041 um
1064 984 1187 1050 igni
1218 981 1432 1039 obtulit
1452 980 1804 1037 Theodorus
1827 977 2067 1045 Muzalo,
2092 978 2152 1034 in
2178 978 2391 1035 cadem
2417 979 2703 1049 dignitate
2731 996 3045 1038 successor
3067 989 3124 1038 et
3153 987 3644 1055 protovestiarius

273 1069 452 1142 plene
482 1076 537 1127 te
559 1072 798 1129 docebit
828 1074 1227 1145 Pacbymeres
1254 1072 1357 1128 lib.
1383 1087 1480 1132 vn,
1516 1084 1650 1141 cap.
1679 1070 1736 1126 8.
1763 1068 2007 1140 Scripsit
2045 1067 2226 1123 etiam
2272 1068 2694 1125 Constantinus
2718 1070 3059 1128 Orationem
3094 1072 3154 1127 in
3188 1080 3461 1130 sanctam
3489 1091 3646 1131 mar-

270 1164 471 1230 tyrem
486 1160 906 1228 Theodosiam,
927 1163 1149 1234 partria
1168 1157 1911 1230 Constantinopolitanam,
1933 1172 2067 1229 quae
2091 1156 2204 1211 sub
2224 1159 2413 1213 Leone
2438 1161 2640 1213 Isauro
2660 1174 2768 1230 pro
2790 1160 2952 1215 cultu
2976 1176 3285 1217 sacrarum
3309 1162 3644 1234 imaginum

272 1250 791 1322 Constantinopoli
814 1266 997 1323 passa
1022 1257 1129 1307 est.
1160 1249 1339 1321 Cujus
1364 1248 1480 1303 hoc
1511 1246 1764 1313 initium,
1793 1252 2019 1298 Γυναῖκα

1873 1252 2019 1297 mira:
2061 1249 2149 1317 μὶν
2201 1242 2441 1318 ἀνδρείαν
2493 1254 2593 1298 ποῦ
2620 1266 2698 1309 τις
2731 1250 2791 1299 ἄν
2861 1252 2950 1301 καὶ
3008 1250 3146 1311 ὅπως
3204 1250 3343 1324 εὖροι
3395 1254 3421 1304 ὁ
3487 1258 3644 1325 σοφὸς

272 1335 515 1410 ἠπόρησε
554 1337 807 1411 Σολομὼν,
845 1346 935 1392 καὶ
980 1340 1119 1411 μάλα
1152 1358 1206 1411 γε
1249 1339 1459 1398 ιίκότως
1514 1337 1769 1407 ἠπόρησε.
1826 1338 1932 1405 Πρὸ
1986 1336 2043 1403 γὸ

1872 1338 1932 1405 prs
1986 1336 2087 1406 γὰρ
2142 1342 2231 1394 τῆς
2296 1337 2537 1408 χάριτος,
2588 1340 2696 1391 etc.
2751 1339 2913 1392 Hanc
2966 1339 3297 1394 orationem
3348 1341 3529 1396 etiam
3582 1342 3642 1398 in

271 1439 454 1480 suum
481 1426 738 1483 indicem
768 1428 963 1484 retulit
988 1431 1044 1484 L.
1071 1428 1317 1483 Allatius
1344 1428 1428 1482 De
1452 1426 1657 1493 script.
1679 1424 1935 1478 Simeon.
1961 1438 2100 1493 pag.
2128 1426 2214 1491 84,
2247 1423 2349 1495 qui
2372 1429 2429 1479 et
2458 1423 2597 1479 alibi
2624 1425 2909 1496 quaedam
2942 1442 3014 1481 ex
3051 1443 3121 1482 ea
3142 1426 3383 1498 profert.
3407 1430 3638 1485 advers.

268 1512 555 1583 Hotting,
587 1520 794 1587 p.200.
827 1518 1030 1573 Exstat
1059 1533 1172 1572 ms.
1200 1517 1259 1571 in
1290 1514 1563 1571 biblioth.
1592 1511 1845 1567 Vindob.
1871 1511 1986 1567 cod
2013 1511 2189 1566 theol.
2221 1511 2496 1568 Lambec.
2542 1516 2669 1579 CXI,
2702 1513 2901 1569 Nessel
2933 1517 3246 1584 CCLXXIX,
3279 1532 3446 1572 num.
3484 1520 3641 1586 XVII,

269 1599 311 1654 f.
341 1604 467 1667 217,
501 1602 833 1676 iterumque
860 1606 986 1661 cod.
1014 1607 1204 1663 histor
1232 1647 1244 1660 .
1279 1606 1611 1667 CXV,num.
1634 1598 1797 1665 Il,fol
1827 1604 1915 1665 73,
1946 1614 2083 1672 pag.
2116 1600 2418 1657 2.Cont‘er.
2462 1602 2738 1659 Lambec.
2772 1602 3218 1671 Comment,lib.
3252 1605 3346 1671 ιν,
3377 1621 3515 1677 pag.
3551 1611 3640 1663 63.

268 1690 513 1746 Exstant
541 1698 598 1747 et
635 1694 765 1748 aliae
796 1697 927 1764 ejus
957 1689 1884 1761 historiciargumentiorationes
1908 1707 1919 1753 ;
1942 1704 2039 1744 nei

1871 1705 1884 1743 ς
1908 1707 1919 1753 ;
1942 1704 2159 1760 nempe
2190 1689 2248 1744 in
2263 1693 2319 1745 S.
2334 1696 2661 1760 martyrem
2676 1692 3077 1761 Neop/zytum.
3094 1692 3304 1749 Princ.:
3322 1690 3642 1767 Παραδόξων

267 1782 592 1850 πραγμάτων
651 1779 1087 1857 δυσπαράδεκτος
1143 1786 1171 1842 ἡ
1231 1780 1500 1853 διήγησις,
1551 1779 1657 1831 ἀλλ’
1720 1778 1777 1830 οὐ
1805 1786 1909 1839 τοῖς
1948 1786 2039 1830 τοὺ
2099 1780 2345 1851 ἡμετέρου
2395 1784 2478 1831 καὶ
2527 1780 2663 1831 θείου
2718 1780 3081 1853 πληρώματος,
3138 1782 3303 1853 apud
3351 1784 3407 1837 L.
3468 1783 3641 1839 Allat.

263 1868 355 1922 De
406 1871 612 1938 script.
640 1872 920 1938 Simeon.,
954 1889 1095 1944 pag.
1130 1875 1246 1929 105.
1271 1874 1343 1927 In
1370 1872 1433 1927 S.
1467 1870 1836 1926 Theodorum
1876 1868 2031 1937 Tyro

1876 1868 2187 1937 Tyronem.
2236 1867 2423 1924 Princ.
2458 1872 2522 1920 Σὺ
2553 1872 2665 1941 μὲν,
2708 1878 2746 1921 ὠ
2794 1868 2956 1941 ἀγαθὲ
2994 1878 3085 1922 τοῦ
3116 1872 3448 1943 ὑπεραγὰθου
3489 1868 3641 1924 δοῦλε

267 1963 425 2011 Θεοῦ.
458 1960 684 2017 Ibidem
726 1977 864 2034 pag.
925 1966 1048 2019 109.
1081 1964 1152 2018 In
1179 1964 1222 2019 S
1270 1964 1555 2018 Joannem
1583 1962 2036 2015 Damascenum.

1874 1973 2036 2012 num.
2070 1956 2257 2012 Princ.
2286 1974 2298 2011 :
2327 1964 2410 2027 Τῷ
2471 1959 2676 2031 Ἰωάννῃ
2732 1962 2817 2011 τὸν
2866 1958 3016 2030 λόγον
3064 1969 3133 2031 τῷ
3264 1968 3546 2033 Δαμασκοῦ
3576 1964 3641 2013 τὰ

262 2043 521 2119 ἐγκώμια,
564 2050 779 2107 ibidem
812 2066 952 2123 pag.
991 2056 1110 2109 112.
1166 2059 1329 2107 Hunc
1375 2063 1718 2105 sermonem
1748 2063 1786 2103 a
1815 2062 1875 2102 se
1905 2045 2292 2119 descriptum,
2352 2048 2638 2104 Lutetiam
2669 2048 2749 2104 ad
2807 2051 2856 2106 J.
2896 2048 3244 2120 Aubertum,
3280 2050 3341 2105 in
3371 2050 3640 2107 futurum

260 2152 441 2192 novae
470 2137 745 2196 editionis
782 2143 1136 2198 Damasceni
1165 2145 1588 2198 ornamentum
1619 2141 1719 2209 (a),
1774 2153 1835 2191 se
1864 2152 1976 2191 ms.
2020 2136 2254 2192 misisse
2286 2136 2445 2192 testis
2494 2143 2583 2193 est
2627 2138 2788 2194 them
2844 2138 3091 2195 Allatius
3121 2142 3183 2194 in
3217 2141 3394 2196 catat.
3450 2140 3630 2211 Oper.

260 2224 325 2283 S.
353 2228 629 2285 Damasc.
664 2230 743 2285 ad
774 2229 920 2286 calo.
946 2232 1258 2301 Symmiet.
1288 2246 1454 2287 num.
1490 2232 1578 2299 28,
1611 2243 1669 2300 p.
1704 2231 1826 2282 450.
1860 2228 1940 2281 Ex
1970 2241 2040 2281 eo
2070 2225 2352 2297 quaedam
2392 2226 2613 2299 profert
2643 2227 2703 2282 in
2736 2228 3015 2286 Consens.
3048 2230 3391 2299 depurgat.
3418 2245 3479 2302 p.
3508 2235 3636 2289 761.

262 2316 437 2371 (λυ-ε.

340 2406 423 2459 Ex
473 2406 846 2463 orationibus
903 2408 1277 2465 Constantini
1336 2406 1689 2479 Acropolitae
1727 2404 1787 2461 in
1825 2410 2084 2469 sanctos,
2135 2420 2289 2477 quas
2330 2421 2479 2461 mss.
2532 2397 2872 2462 memorant
2906 2406 3152 2463 Allatius
3178 2410 3256 2464 De
3285 2407 3634 2465 Simeonum

261 2492 521 2564 scriptis,
553 2511 612 2565 p.
640 2499 705 2550 84
736 2502 791 2552 et
826 2499 1053 2554 Caveus
1084 2502 1250 2569 parte
1282 2497 1468 2552 altera
1498 2496 1643 2551 Hist.
1672 2494 1967 2549 litterariae
1998 2494 2356 2565 scriptorum
2389 2494 2597 2551 eccles.
2630 2496 2705 2551 ad
2731 2514 2785 2552 a.
2821 2499 2879 2553 C.
2902 2501 3055 2564 l270,
3084 2496 3183 2553 illa
3212 2497 3272 2552 in
3300 2503 3631 2567 martyrem

265 2580 679 2648 Theodosiam,
710 2586 904 2641 Graece
935 2601 1006 2641 ex
1056 2602 1172 2641 ms.
1211 2585 1491 2642 Vaticano
1535 2600 1673 2640 cum
1725 2585 1868 2639 Dan.
1931 2582 2187 2638 Cardoni
2221 2586 2278 2651 S,
2318 2585 2367 2638 J.
2412 2585 2681 2641 versione
2732 2591 2924 2642 exstat
2969 2585 3031 2641 in
3076 2586 3236 2642 Actis
3275 2588 3632 2643 Sanctorum

262 2673 411 2724 tom.
447 2672 535 2726 VII
571 2673 720 2742 Maii,
756 2690 813 2746 p.
858 2679 922 2731 69
953 2706 1023 2715 —
1064 2678 1129 2729 86
1169 2692 1180 2729 ε
1212 2681 1269 2729 et
1296 2671 1481 2730 altera
1512 2676 1575 2729 in
1621 2672 1666 2729 S
1689 2674 1976 2728 Joannem
2018 2673 2475 2735 Damascenum.
2511 2674 2714 2729 itidem
2749 2692 2779 2731 e
2820 2692 2913 2730 ms
2946 2674 3233 2731 Vaticano
3266 2680 3461 2732 Griece
3494 2692 3633 2731 cum

258 2758 553 2814 versione.
590 2762 642 2816 J.
688 2762 978 2818 Francisci
1004 2762 1077 2818 de
1110 2762 1349 2818 Rubeis.
1387 2763 1491 2818 ICti
1524 2761 1795 2823 Romani,
1827 2768 1970 2817 tom.
2005 2762 2047 2815 ll
2078 2762 2226 2829 Maii,
2259 2778 2398 2834 pag,
2428 2768 2524 2818 731
2560 2795 2630 2803 —
2660 2768 2765 2820 700
2789 2767 2961 2820 ΡΑΒιι.
2998 2764 3367 2822 Vindobonae
3394 2764 3456 2820 in
3496 2763 3630 2820 cod.

261 2848 392 2914 CXI,
458 2863 517 2902 n.
576 2854 657 2918 17,
692 2856 747 2906 et
809 2851 943 2907 cod.
994 2853 1193 2917 XXXV,
1268 2868 1327 2906 n.
1400 2856 1454 2918 2,
1510 2856 1596 2906 est
1651 2858 1753 2904 Tou’
1828 2852 2032 2922 σοφωτά

1864 2852 2125 2922 οφωτάτου
2200 2851 2425 2923 μεγάλου
2487 2852 2762 2924 ).ογοῦέτου
2849 2863 3007 2927 κυρον
3104 2858 3492 2907 Κωνσταντίνου
3544 2861 3633 2905 τοῦ

260 2934 636 3009 ’Λκροπολίτον
668 2942 861 2995 oratio
888 2942 950 2995 in
978 2940 1036 2995 S.
1068 2944 1390 3011 martyrem
1427 2939 1831 3004 Theodosium,
1866 2956 1999 3012 quae
2028 2940 2140 2996 sub
2171 2940 2318 3013 imp.
2356 2943 2545 2997 Leone
2574 2942 2781 2998 Isauro
2814 2958 2923 3016 pro
2954 2943 3113 2999 cultu
3147 2959 3457 2999 sacrarum
3484 2943 3634 2998 ima-

259 3025 470 3092 ginum
502 3043 681 3099 passa
707 3035 812 3084 est.
851 3032 927 3085 De
976 3030 1171 3101 priore
1214 3030 1353 3085 cod.
1416 3029 1696 3086 Lambec.
1754 3045 1980 3085 comm.
2039 3033 2123 3092 IV,
2183 3046 2245 3102 p.
2299 3034 2421 3101 140,
2471 3032 2575 3087 ubi
2631 3033 2924 3089 Kollarius
2975 3033 3159 3089 verba
3208 3033 3505 3090 Lambecii
3563 3048 3636 3087 ex

256 3114 457 3170 indice
501 3132 641 3188 pag.
685 3122 787 3173 526
827 3122 1056 3191 repetit.
1095 3119 1369 3174 Lambec.
1413 3135 1575 3184 vero,
1613 3120 1889 3185 Meminit,
1945 3119 2044 3185 ait,
2091 3118 2271 3190 hujus
2318 3122 2686 3177 Constantini
2718 3122 3070 3195 Acropolitze
3116 3125 3377 3179 Joannes
3418 3123 3635 3177 Canta-

258 3218 540 3274 cuzenus,
572 3207 835 3262 Historiae
868 3208 1205 3279 Byzantinze
1235 3207 1337 3264 lib.
1374 3225 1413 3277 ι,
1445 3224 1577 3281 cap.
1619 3211 1697 3277 14,
1722 3208 1826 3264 ubi
1864 3207 2060 3279 refert,
2103 3225 2240 3264 eum
2283 3207 2471 3265 fuisse
2510 3225 2699 3266 unum
2737 3228 2807 3266 ex
2840 3212 2985 3285 imp.
3029 3211 3352 3267 Andronici
3385 3210 3635 3266 senioris

255 3294 670 3350 assessoribus
694 3296 755 3351 in
782 3297 1012 3368 judicio
1038 3302 1243 3352 contra
1274 3302 1552 3369 nepotem
1581 3297 1785 3369 ipsius,
1822 3296 2231 3352 Andronicum
2266 3298 2601 3354 secundum
2635 3318 2680 3354 s.
2715 3302 3040 3371 juniorem.
3073 3300 3205 3372 Ipsa
3237 3299 3632 3355 Cantaeuzeni

257 3380 447 3437 verba
500 3384 832 3441 sunthaec:
868 3390 1001 3459 Πρὸς
1040 3389 1241 3447 τούτοις
1274 3383 1332 3438 δὲ
1363 3388 1504 3438 καὶὸ
1549 3386 1921 3461 ’Λκροπολίτης
1961 3384 2021 3445 ἧν
2061 3393 2464 3453 Κωνσταντῐνος,
2525 3392 2683 3461 μέγας
2727 3389 3003 3461 λογοθέτης
3056 3390 3121 3440 ὢν
3164 3394 3254 3441 καὶ
3306 3388 3479 3449 αὐτὸς.
3553 3387 3633 3441 De

256 3469 588 3539 posteriore
609 3472 742 3527 cod.
768 3474 898 3529 vide
927 3473 1201 3531 Lambec.
1231 3473 1368 3539 Vlll,
1403 3490 1544 3546 pag.
1573 3478 1696 3541 789,
1726 3474 1926 3548 ibique
1971 3475 2187 3532 Kollar.
2212 3477 2479 3547 -—-Paris,
2526 3478 2583 3533 in
2611 3479 2761 3534 bibl.
2800 3479 2967 3552 publ.
2997 3485 3085 3536 est
3123 3480 3182 3534 in
3232 3477 3366 3534 cod.
3401 3478 3633 3533 MCCXII

257 3558 460 3613 Const.
502 3564 716 3633 Acrop.
778 3563 1025 3619 homilia
1054 3564 1114 3618 in
1142 3563 1541 3618 Theodosiam
1585 3570 1913 3636 martyrem
1938 3598 2007 3606 --
2039 3568 2101 3620 ln
2134 3565 2267 3621 cod.
2299 3568 2616 3638 CMI.XXVI,
2663 3584 2721 3622 n.
2763 3572 2844 3633 14,
2895 3570 2954 3624 in
2986 3568 3228 3624 laudem
3261 3564 3635 3623 Constantini

255 3648 326 3702 Μ.
379 3653 435 3703 et
487 3648 713 3706 Ilelenie
744 3652 875 3722 ejus
907 3653 1134 3709 matris.
1168 3685 1237 3692 ——
1269 3656 1331 3707 In
1363 3652 1495 3708 cod.
1531 3653 1664 3709 eod.
1695 3654 1753 3710 in
1782 3671 1844 3710 n.
1880 3660 1964 3717 t3,
2000 3657 2057 3711 in
2087 3654 2331 3711 luadein
2366 3657 2593 3725 Georgii
2627 3658 2925 3729 martyris.
2956 3690 3026 3699 -—
3055 3656 3367 3714 Mediolani
3394 3656 3454 3711 in
3485 3654 3631 3710 bibl.

254 3737 534 3793 Ambros.
572 3742 772 3797 Const.
807 3743 1104 3814 Acropol.,
1135 3758 1441 3798 sermones
1470 3748 1527 3798 et
1564 3745 1850 3816 epistolre,
1885 3750 2025 3801 teste

1885 3750 2026 3801 teste
2064 3744 2382 3800 Montfauri.
2416 3745 2472 3799 in
2494 3747 2573 3801 Β.
2611 3747 2881 3804 ὸὶῡιίοίὴ.
2915 3763 3050 3803 mss.
3082 3751 3121 3807 I,
3148 3763 3205 3818 p.
3232 3750 3356 3814 40⁸5,
3382 3747 3450 3802 Α.
3482 3744 3634 3799 inter

254 3826 540 3897 epistolas
568 3830 798 3901 Georgii
830 3831 1027 3904 Cyprii
1073 3837 1213 3887 sunt
1241 3831 1526 3903 quaedam
1583 3833 1661 3888 ad
1712 3835 2174 3891 Constantinam
2204 3839 2279 3889 et~
2307 3835 2625 3904 Georgium
2676 3837 3068 3909 Acropotitas,
3104 3836 3160 3892 in
3197 3834 3336 3891 cod.
3376 3832 3630 3900 Vindob,

255 3916 528 3971 Cresareo
561 3918 806 3975 LXXVII.
837 3922 897 3974 V.
934 3919 1212 3977 Lambec.
1237 3922 1465 3975 Comm.
1502 3922 1638 3991 VIII,
1662 3938 1722 3994 p.
1754 3927 1885 3979 1068
1913 3940 1985 3997 sq
2020 3966 2056 3991 .,
2081 3925 2217 3979 -1077
2248 3938 2379 3995 sqq.
2407 3923 2561 3979 “Ant.

328 4006 411 4075 (α)
439 4007 713 4065 Omissus
746 4014 833 4067 est
853 4011 911 4065 in
939 4010 1195 4067 editione
1221 4010 1387 4066 Mich.
1422 4012 1698 4083 Lequien.

478 5840 729 5908 PATROL.
766 5843 867 5901 Gn.
889 5846 1040 5912 CXL.
3299 5848 3371 5906 23
