4484 6446
817 391 915 448 811

2039 388 2500 447 CONSTANTINI
2543 389 3001 448 ACROPOLITA.

4097 402 4206 456 812

828 546 4173 572 W

1954 680 2132 745 ΤΟΥ
2184 680 2727 746 ΣΟΦΩΤΑΤΟΥ
2779 682 3079 746 ΚΥΡΟΥ

1362 862 2584 980 ΚΩΝΣΤΑΝΤΙΝΟΥ
2684 861 3643 988 ΛΟΓΟΘΕΤΟΥ

2103 1081 2935 1171 ΑΚΡΟΠΟΛΙΤΟΥ

1246 1266 1723 1387 ΛΟΓΟΣ
1814 1272 2057 1384 ΕΙΣ
2141 1273 2437 1385 TON

2522 1274 2973 1386 ΑΓΙΟΝ
3052 1277 3762 1395 ΙΩΑΝΝΗΝ

1940 1489 2181 1575 TON
2248 1487 3028 1577 ΔΑΜΑΣΚΗΝΟΝ
3047 1559 3064 1575 .

2036 1824 2669 1888 SAPIENTISSIMI
2714 1826 2992 1889 DOMNI

968 2007 2509 2174 CONSTANTINI
2626 2012 4032 2182 LOGOTHETAE

2076 2319 2922 2417 ACROPOLITXE

1165 2529 1642 2636 SERMO
1702 2528 1856 2634 IN
1920 2526 2030 2633 S.
2105 2526 2551 2633 JOANN
2560 2529 2750 2634 ΕΜ
2808 2530 3817 2640 DAMASCENUM

878 2734 985 2806 (Ex
1021 2748 1136 2788 ms.
1177 2731 1555 2788 bibliothecae
1596 2731 1893 2786 Vaticana
1936 2734 2317 2801 lnterpretate
2354 2731 2584 2787 Joanne
2624 2732 2936 2789 Francisco
2974 2734 3049 2789 de
3089 2735 3306 2791 Rubeis
3338 2738 3771 2796 Jurisconsulto
3811 2743 4101 2797 Romano.

1898 2825 2044 2875 Acta
2084 2821 2182 2876 SS.
2229 2819 2490 2876 Bolland.
2535 2820 2615 2877 ad
2652 2822 2813 2878 diem
2852 2828 2883 2879 6
2921 2823 3097 2895 Maii.)

1309 3133 1593 3195 Benedic,
1626 3134 1894 3188 Domine.

882 3228 930 3279 1.
955 3223 1172 3279 Joanni
1198 3221 1564 3278 orationem!
1602 3224 1976 3277 Damasceno
1998 3222 2301 3277 encomia!
2335 3223 2462 3287 Quo

802 3313 963 3382 igtur
988 3316 1164 3385 pacto
1198 3312 1260 3367 in
1291 3311 1424 3383 ipso
1453 3310 1658 3365 limine
1697 3326 1820 3365 non
1852 3310 2126 3382 torpebo,
2172 3314 2228 3364 et
2271 3311 2462 3382 prius-

802 3417 990 3473 quam
1004 3401 1082 3458 ad
1095 3405 1400 3456 certamen
1414 3416 1599 3455 exuar
1616 3416 1739 3455 non
1758 3399 2069 3468 aufugiam
2090 3401 2117 3455 ?
2132 3398 2219 3453 Ad
2242 3401 2459 3455 immit-

803 3490 1046 3546 tendam
1059 3490 1120 3545 in
1133 3489 1493 3561 inexpletum
1506 3489 1815 3561 sapientiae
1828 3488 2187 3560 profundum
2206 3495 2457 3544 vastum-

798 3595 918 3651 que
941 3594 1292 3634 sermonum
1314 3576 1566 3649 pelagus
1595 3578 1882 3632 oratic-nis
1902 3576 2245 3633 naviculam
2270 3578 2457 3650 impe-

800 3672 930 3723 tum
961 3668 1222 3739 arripui;
1250 3672 1307 3721 et
1326 3666 1635 3737 quomodo
1675 3682 1797 3720 non
1844 3682 1983 3720 cum
2013 3666 2258 3721 horrore
2288 3668 2457 3722 navi-

801 3759 1105 3830 gationem
1124 3756 1796 3828 aggrediar?ingressus
1820 3772 1980 3819 vero,
1999 3757 2311 3828 quomodo
2335 3774 2456 3813 non

800 3848 997 3904 subito
1019 3847 1279 3919 repletus
1302 3853 1543 3915 terrore,
1571 3845 1857 3915 neglectis
1892 3845 2316 3914 gubernaculis
2359 3847 2457 3903 de-

796 3938 1115 4010 positoque
1132 3936 1380 3993 ulterius
1404 3934 1829 4007 progrediendi
1855 3941 2097 4002 conatu,
2121 3951 2245 3990 non
2275 3936 2456 4007 proti-

795 4042 911 4082 nus
942 4026 1020 4082 ad
1048 4026 1490 4097 regressionem
1518 4029 1831 4080 convertar
1850 4024 1878 4079 ‘?
1917 4024 2128 4079 Fateor
2174 4025 2455 4097 equidem

795 4116 962 4189 quod
988 4132 1111 4171 non
1134 4116 1277 4171 satis
1299 4121 1531 4170 mature
1559 4113 1936 4169 consideravi
1976 4114 2453 4183 magnitudinem

794 4205 1144 4276 argumenti,
1160 4219 1357 4277 neque
1370 4209 1433 4257 ut
1445 4203 1527 4257 sic
1541 4202 1784 4257 dixerim
1799 4202 2060 4262 substiti.
2080 4203 2454 4274 speculando

792 4312 915 4367 quo
948 4310 1044 4350 me
1073 4293 1450 4366 propositum
1479 4308 1679 4347 meum
1713 4293 2081 4363 proveheret.
2114 4292 2451 4348 Circumde-

791 4384 878 4440 dit
908 4401 1004 4439 me
1035 4383 1329 4439 ﬂuctuum
1358 4383 1510 4437 inter
1542 4398 1605 4435 se
1637 4381 1979 4436 collisorum
2013 4386 2212 4447 cestus,
2243 4388 2299 4437 et
2329 4389 2451 4438 tan-

789 4490 980 4547 quam
1009 4474 1070 4528 in
1101 4476 1457 4544 tempestate
1506 4471 1875 4527 conturbataa
1916 4472 2099 4525 menti
2128 4470 2321 4527 effusa
2361 4478 2453 4528 est

790 4563 1021 4634 caligo;
1049 4562 1307 4634 ideoque
1338 4560 1417 4616 ab
1463 4561 1609 4632 ipsis
1636 4561 2006 4628 carceribus,
2041 4565 2105 4614 ut
2128 4562 2448 4631 proverbio

786 4653 1023 4720 dicitur,
1056 4667 1151 4706 me
1200 4650 1383 4705 subiit
1412 4649 1781 4721 paenitentia,
1839 4666 1943 4704 seu
1998 4649 2194 4720 potius
2226 4649 2283 4704 in
2314 4650 2448 4722 ipsa

785 4741 962 4797 navis
989 4740 1281 4797 solutione
1309 4739 1640 4794 anchoram
1668 4738 1931 4793 tollendo
1956 4738 2254 4803 fatiscens,
2284 4740 2446 4810 peni-

783 4842 882 4887 tus
915 4830 1103 4886 defeci
1133 4834 1315 4901 atque
1354 4828 1677 4898 ambiguus
1718 4827 1973 4888 substiti,
2004 4827 2264 4882 incertus
2294 4845 2444 4899 quo-

780 4920 965 4976 modo
997 4919 1399 4989 gubernarem
1433 4925 1534 4972 aut
1574 4933 1696 4989 quo
1746 4917 1963 4971 mentis
2010 4916 2331 4986 dirigerem
2358 4918 2442 4973 in-

779 5010 1129 5066 tentionem.
1152 5011 1433 5077 Magnum
1459 5012 1549 5062 est
1586 5006 1870 5077 profecto,
1900 5006 2065 5078 quod
2098 5006 2439 5064 faciendum

777 5098 1012 5170 suscepi
1036 5116 1049 5153 :
1074 5113 1310 5162 verum,
1334 5096 1490 5152 sicut
1514 5096 1573 5150 in
1598 5096 1879 5150 maximis
1902 5096 2274 5168 quandoque
2298 5102 2443 5152 tem-

776 5187 1130 5261 pestatibus,
1150 5186 1251 5241 fax
1273 5190 1612 5258 opportune
1634 5184 1791 5240 elata
1811 5185 2111 5256 apparuit,
2135 5191 2191 5240 et
2208 5185 2438 5242 fausius

772 5276 1023 5349 quidam
1063 5274 1347 5348 splendor
1386 5274 1743 5345 pertransiit,
1773 5274 1875 5346 qui
1911 5273 2247 5329 illuminato
2279 5291 2440 5330 men-

769 5366 845 5422 tis
888 5365 1065 5421 oculo
1101 5370 1158 5420 et
1197 5369 1459 5419 mentem
1509 5363 1775 5436 implevit
1817 5361 2060 5431 ﬁducia,
2104 5368 2161 5417 et
2203 5365 2436 5419 univer-

769 5473 906 5512 sum
927 5453 1310 5527 gubernandi
1334 5452 1586 5509 modum
1611 5452 1919 5519 indicavit,
1948 5468 2017 5509 ac
2038 5452 2264 5508 bonam
2286 5470 2434 5526 quo-

766 5545 1101 5604 dummodo
1134 5561 1303 5618 spem
1333 5543 1517 5599 felicis
1540 5545 1599 5599 in
1633 5549 1876 5616 portum
1899 5543 2194 5616 appulsus
2227 5552 2426 5601 osten-

760 5637 867 5694 dit.
902 5635 1105 5703 Qualis
1129 5650 1269 5690 vero
1298 5633 1585 5707 splendor
1603 5635 1631 5689 ‘I
1662 5639 1767 5689 aut
1791 5650 1928 5706 quae
1953 5633 2052 5689 fax
2073 5633 2101 5687 ‘I
2130 5632 2293 5689 Beati
2315 5634 2434 5690 hu-

751 5726 858 5800 jus
877 5724 1185 5799 divinique
1210 5728 1268 5782 et
1283 5724 1588 5782 mundum
1612 5722 1963 5779 illustrantis
1988 5722 2305 5779 luminaris
2332 5740 2426 5780 ra-

2498 3140 2538 3188 A
3038 3141 3292 3201 Δέσποτα,
3331 3138 3515 3209 εὐλόγη
3528 3158 3637 3195 σον,

2643 3222 2705 3278 α’.
2769 3229 2851 3294 Τῷ
2899 3224 3107 3299 Ἰωάννῃ
3156 3231 3241 3278 τὸν
3295 3226 3481 3281 λοθονῐ
3540 3238 3611 3298 τῷ
3668 3228 3723 3280 ἐκ
3786 3238 4067 3302 Δαμασκοῦ
4114 3236 4180 3284 τὰ

2572 3314 2841 3384 εγκώμιαῐ
2879 3321 2990 3375 Πῶς
3022 3312 3081 3367 δέ
3108 3314 3211 3389 ἆρα
3240 3322 3310 3387 μὴ
3360 3317 3511 3377 εὐθὺς
3554 3317 3852 3375 ἀποκνὴσω,
3907 3325 3996 3371 xui
4055 3327 4176 3393 πρίν

2572 3406 2600 3459 ἡ
2635 3406 2762 3474 πρὸς
2794 3406 2878 3454 τὸν
2901 3398 3053 3455 ἆθλον
3111 3401 3490 3457 ἀποδύσασθαι
3550 3402 3830 3478 διαδράσω
3876 3413 3889 3461 f
3940 3415 4024 3477 Τῴ
4078 3418 4175 3471 τῆς

2574 3496 2757 3562 σοφίας
2787 3490 2987 3563 ἀπλέτῳ
3021 3492 3186 3565 βυθῷ,
3214 3503 3282 3563 τῷ
3304 3503 3401 3545 τῶν
3441 3494 3605 3565 λόγων
3675 3494 3867 3567 ἀχανεῖ
3936 3497 4170 3568 πελάγει.

2568 3584 2625 3631 τὸ
2690 3589 2779 3632 του
2823 3580 2975 3652 λόγου
3030 3592 3292 3655 επαρεῑναι
3345 3587 3704 3658 παρωρμήθην
3765 3584 4015 3637 ἀκάτιον·
4080 3595 4172 3641 xui

2567 3678 2675 3731 πῶς
2697 3668 2755 3720 ἂν
2778 3670 2835 3721 οὐ
2860 3676 3047 3742 φρίκης
3092 3676 3178 3722 τὸν
3229 3672 3387 3724 πλοῦν
3434 3674 3623 3739 claim;
3672 3679 3762 3725 xui
3816 3675 4012 3737 εἰσιὼν,
4062 3688 4171 3739 πῶς

2568 3759 2694 3831 οὐχί
2750 3756 2941 3821 δειλίας
3002 3765 3244 3836 παραυτά
3293 3762 3607 3835 πληρωθείς,
3664 3770 3752 3815 καὶ
3801 3773 3901 3815 τῶν
3978 3767 4169 3819 οἰάκων

2567 3851 2699 3901 ἔνθεν
2737 3850 3084 3921 ὀλιγωρήσας,
3132 3857 3220 3903 καὶ
3268 3860 3367 3903 τῶν
3414 3857 3596 3925 πρόσω
3648 3854 3942 3924 μεθέμενος,
4001 3859 4169 3908 καθα-

2565 3958 2658 4013 περ
2706 3943 2829 4013 πρὸς
2881 3945 2974 3997 τὴν
3026 3938 3303 4011 ἀναγωγὴν
3348 3940 3696 4013 ἀναπέσοιμι;
3748 3942 3860 3993 Οὐκ
3904 3946 4061 4015 ἔφθην
4110 3950 4169 3997 τὸ

2563 4037 2657 4089 τῆς
2709 4029 3001 4090 ὑποθέσεως
3060 4033 3470 4102 συννοησάμενος
3518 4033 3755 4103 μέγεθος,
3811 4029 3929 4084 οὐδ’
3990 4037 4169 4103 ἔστην,

2568 4118 2629 4167 ἶν’
2661 4117 2795 4168 οὔθ-ω
2835 4124 3010 4188 φαίην,
3066 4116 3498 4186 ἀποποπευσων,
3555 4122 3655 4178 ὅπη
3708 4141 3770 4193 με
3825 4125 4045 4194 προάγει
4107 4128 4171 4176 τὰ

2563 4213 2653 4265 τῆς
2719 4208 3160 4280 προθέσεως-καὶ
3217 4210 3371 4259 οἱονεῖ
3428 4228 3490 4280 με
3541 4212 3786 4281 κυμάτων
3838 4210 4027 4282 εμϐολή
4078 4234 4164 4265 πε-

2561 4299 2868 4367 ριεκύκησεν
2930 4295 3323 4367 ἀλλεπάλληλος,
3376 4303 3465 4349 xui
3525 4298 3590 4357 ὠς
3637 4296 3687 4349 ἐν
3744 4299 3871 4372 ζάλῃ
3922 4297 4167 4353 diurnu-

2559 4405 2780 4457 ραγμαι,
2814 4390 2903 4435 xui
2957 4389 3046 4445 τὰς
3095 4390 3278 4460 φρένας
3330 4383 3636 4459 σχοτοδίνία
3686 4394 4047 4460 συγκέχυμαι.
4084 4392 4169 4454 Ἐξ

2560 4470 2646 4524 οὖν
2705 4472 2981 4548 ἀφετηρίας
3057 4474 3239 4545 αὐτῆς,
3302 4480 3361 4527 τό
3435 4485 3526 4527 του
3578 4476 3756 4547 λόγου,
3826 4482 4163 4549 μετὲγνωκα·

2557 4563 2747 4635 μᾶλλον
2771 4559 2830 4615 δέ
2864 4562 2974 4636 ἅμα
3034 4574 3106 4635 τῷ
3161 4564 3430 4617 ἀνελὲσθαι
3491 4570 3620 4639 πρός
3673 4565 3936 4618 ἀπόπλουν
3994 4570 4163 4640 ἄγκυ-

2556 4673 2671 4726 ραν,
2742 4652 2998 4725 ἀπείρηκα
3055 4673 3130 4721 τε,
3191 4660 3279 4706 xui
3333 4653 3589 4715 παντελῶς
3641 4658 4001 4728 ἀπηγορευκα,
4068 4665 4161 4711 xui

2488 4279 2524 4329 Β

2554 4748 2740 4812 γέγονα
2814 4762 2861 4794 εν
2939 4741 3155 4817 ἀπόρῳ,
3234 4745 3369 4805 ὅπως
3461 4763 3513 4795 τε
3603 4743 3988 4818 κυϐερνήσαιμι
4069 4755 4162 4801 xui

2554 4834 2689 4882 κατά
2718 4836 2768 4882 τί
2801 4839 2891 4891 τῆς
2920 4830 3108 4903 ψυχῆς
3140 4828 3455 4904 διιθὺναιμι,
3495 4831 3761 4905 βούλημα,
3791 4840 3848 4886 τὸ
3878 4840 4016 4907 μέγα
4057 4833 4158 4894 δη-

2553 4916 2687 4977 λαδὴ
2722 4921 2863 4972 τοῦθ’
2915 4923 3130 4993 ὅρμημα
3181 4928 3269 4973 xui
3319 4927 3638 4996 εγχείρημα.
3688 4923 3846 4976 Ἀλλὰ
3894 4929 4167 4997 παρευθύς

2552 5011 2615 5068 ὡς
2669 5008 2729 5059 ἆν
2776 5014 2859 5061 επί
2903 5018 3001 5060 τῶν
3060 5016 3321 5081 μεγίστων
3374 5007 3651 5063 κλυδώνων
3709 5018 3909 5085 πυρσὸς
3981 5018 4159 5085 ἔφανε,

2551 5104 2639 5150 xui
2670 5099 2819 5150 αἰσία
2840 5118 2915 5159 τις
2946 5102 3100 5169 αἴγλη
3136 5096 3313 5171 διῇξεν
3339 5123 3350 5133 ·
3388 5102 3415 5158 ἦ
3468 5106 3558 5153 xui
3601 5106 4012 5175 περιαυγοίσασοξ
4070 5126 4167 5177 μοι

2550 5192 2607 5238 τό
2638 5196 2733 5247 τῆς
2771 5187 2954 5259 ψυχῆς
2990 5192 3153 5261 ὄμμα,
3200 5193 3285 5240 τόν
3334 5198 3452 5242 νοῦν
3513 5192 3737 5263 θάρσους
3789 5211 3841 5243 τε
3893 5191 4161 5265 ενέπλησε,

2550 5282 2638 5328 xui
2668 5282 2761 5334 τήν
2813 5273 2991 5329 διόλου
3046 5278 3356 5349 χυϐέρνησιν
3418 5281 3739 5351 ὑπεσήμηνε,
3798 5287 3887 5333 xui
3920 5302 4028 5344 πως
4092 5281 4163 5343 δὴ

2547 5371 2797 5439 χρηστήν
2850 5362 3038 5417 ελπίδα
3073 5363 3249 5429 δεξιᾶς
3291 5367 3517 5420 ὑπὲτεινε
3594 5371 3995 5444 καθορμήσεως.
4074 5378 4171 5435 Τὶς

2550 5452 2608 5507 δὲ
2640 5458 2668 5512 ἡ
2701 5456 2855 5526 αἴγλη
2892 5461 2980 5508 xui
3029 5458 3053 5507 ὁ
3100 5461 3337 5532 πυρσὸς;
3406 5456 3463 5509 Ἠ
3524 5466 3617 5510 τοῦ
3669 5464 3935 5533 μακαρίου
3985 5458 4167 5527 τοῦδε,

2546 5554 2637 5597 τοῦ
2708 5548 2844 5597 θείου
2912 5551 3001 5597 xui
3068 5546 3478 5620 κοσμολαμποῡς
3533 5556 3835 5623 φωστῆρος,
3882 5549 4162 5622 προσϐολή

2544 5639 2634 5686 καὶ
2690 5640 2982 5707 επίφαυσις.
3052 5635 3138 5698 Ὠς
3188 5640 3290 5709 γὰρ
3344 5634 3412 5695 δή
3470 5646 3570 5689 τῶν
3645 5648 3976 5711 μνημονικῶν
4065 5661 4161 5713 μοι

2542 5723 2849 5798 εξανασχών
2889 5732 2997 5788 τοῖς
3040 5726 3363 5799 λογιστικοῖς
3430 5727 3854 5805 εναπήστραψεν,
3931 5730 4031 5788 ὅση
4102 5749 4159 5785 τε
