4484 6446
263 430 369 485 813
1478 417 1549 472 ΙΝ
1590 417 1646 472 S.
1686 415 1880 471 JOAN.
1923 415 2034 469 DA!

1857 418 1880 469 ’.
1923 410 2421 469 DAMASCENUM.
3525 414 3628 467 814-

262 549 411 609 εὖθῦς
438 549 580 618 αὐτῷ
622 551 761 622 παρὰ
802 555 874 617 τῷ
925 554 1038 615 Θεῷ
1088 541 1361 615 παρρησία
1400 543 1718 612 παρέστησε,
1779 542 1866 588 καὶ
1903 540 1945 589 Α
1976 535 2033 589 di

1853 542 1866 588 ὶ
1903 540 1945 589 Α
1976 535 2109 589 dius
2141 540 2319 605 atque
2358 540 2621 590 exortus.
2653 533 2757 588 Hic
2778 532 2937 588 enim
2979 534 3179 588 statim
3203 539 3381 604 atque
3408 534 3624 587 contir-

264 643 361 695 τήν
419 636 603 689 έκεῖθεν
650 636 810 707 ἰσχὺν
868 632 1159 691 διεδήλωσε
1194 652 1207 664 ·
1240 634 1329 681 καὶ
1384 629 1516 687 ὅπως
1572 628 1619 677 ἐν
1660 625 1869 698 ἀπόροις
1978 642 2035 679 m

1855 646 1869 685 ;
1978 628 2140 680 mata
2153 624 2441 679 memoria
2469 629 2727 679 mentem
2745 623 2820 677 ad
2836 623 3316 678 ratiocinandum
3333 623 3626 677 illumina-

1978 714 2075 775 vit.
2131 712 2527 768 manifestavit
2584 713 2766 767 etiam
2810 718 3041 784 quanta
3093 712 3257 784 apud
3313 713 3632 766 Dominum

1980 801 2377 872 valeatgratia
2399 800 2728 872 ;simulque
2742 801 3004 855 ostendit
3024 800 3334 872 quomodo
3355 817 3459 872 per
3475 801 3636 854 invia

1981 890 2167 961 possit
2192 891 2335 944 mihi
2367 892 2522 944 viam
2552 890 2781 960 aperire
2828 890 2947 944 Deo
2981 890 3290 960 proximus
3332 906 3402 944 ac
3456 888 3637 944 veluti

273 994 491 1062 νεύματι
522 992 585 1041 τά
618 985 916 1063 παράδοξα.
1608 1058 1628 1063 Α
1983 978 2044 1033 dt

1983 978 2331 1043 deiﬁcatus;
2362 978 2788 1049 Deo,inquam,
2823 979 2925 1049 qui
2959 994 3132 1033 suam
3188 980 3248 1033 in
3297 978 3501 1033 arduis
3534 980 3638 1031 im-

274 1058 629 1150 plicatisque
668 1058 923 1147 negotiis
950 1076 1205 1131 libenter
1239 1074 1496 1127 ostentat
1522 1058 1871 1141 potentiam,
1904 1071 1961 1120 et
1991 1067 2118 1123 solo
2152 1072 2303 1122 nutu
2324 1072 2517 1139 patrat
2544 1067 2853 1135 miracula,
2886 1068 3233 1139 opinionem
3264 1084 3508 1122 omnem
3539 1084 3639 1122 ex-

273 1167 567 1223 cedentia.

354 1255 421 1327 β.
454 1256 688 1327 Ἀπαίρω
714 1260 772 1306 τό
805 1255 984 1306 λοιπόν
1034 1253 1144 1325 μετ’
1194 1251 1400 1314 αἰσίων,
1450 1250 1476 1299 ὃ
1537 1266 1685 1319 φασι,
1752 1265 1882 1316 συμ-

270 722 457 777 δοῦναι
507 730 663 796 πόρον
697 728 867 786 ἱκανός
928 724 1092 787 ἐστιν,
1134 720 1221 771 ait:
1260 718 1413 788 ἐγγυς
1451 718 1516 766 ὧν
1571 723 1661 767 τοῦ
1714 722 1869 779 Θεοῦ,

269 821 363 865 xui
404 816 535 874 θεῖος
563 814 676 875 ὅλος
711 818 999 884 γενόμενος,
1054 817 1146 861 τοῦ
1198 808 1248 859 ἐν
1301 805 1601 876 ἀμηχάνοις
1647 800 1873 855 δεικνύν-

271 922 361 963 τος
412 908 505 960 τήν
555 899 865 953 δυναστείαν
925 899 1023 963 ἀεὶ,
1074 902 1163 948 καὶ
1215 900 1679 969 τερατουργοῦντος
1737 896 1874 962 μόνῳ

2066 1251 2115 1300 2.
2146 1245 2371 1300 Faustis
2401 1261 2543 1315 ergo
2571 1245 2850 1316 auspiciis
2873 1245 3058 1311 solvo,
3083 1251 3139 1300 et
3169 1246 3341 1300 claris
3364 1247 3421 1300 in
3455 1245 3643 1300 altum

1996 1334 2293 1404 provehor
2316 1333 2628 1405 plausibus
2655 1350 2666 1386 :
2701 1332 2941 1388 conﬁdo
2962 1335 3180 1389 etenim
3201 1335 3363 1405 quod
3388 1349 3645 1402 magnus

1995 1422 2091 1477 hic
2117 1422 2222 1491 vir,
2240 1421 2315 1476 de
2352 1437 2474 1493 quo
2506 1421 3106 1490 sermoneminstitui,
3134 1439 3436 1494 quemque
3482 1437 3645 1476 nunc

1999 1511 2438 1581 mihiproposui
2451 1511 2511 1565 in
2524 1510 2719 1565 nobile
2737 1511 3023 1565 orationis
3041 1516 3487 1579 argumentum,
3507 1511 3619 1565 sub
3635 1541 3645 1549 -

1997 1598 2225 1654 sistenti
2250 1600 2310 1653 in
2332 1614 2393 1652 se
2425 1599 2613 1653 Verbo
2640 1599 3034 1670 increataaque
3067 1600 3162 1654 Dei
3204 1601 3508 1671 sapientiae
3541 1599 3646 1653 ad-

2000 1693 2190 1756 stans,
2213 1694 2269 1743 et
2297 1704 2436 1743 cum
2457 1688 2636 1743 beata
2665 1703 2735 1742 ac
2762 1704 2865 1759 per
2892 1690 3152 1760 seipsam
3184 1689 3346 1745 bona
3370 1688 3647 1743 Trinitate

2002 1792 2383 1842 conversans,
2426 1776 2520 1831 cui
2549 1776 2697 1831 dum
2727 1778 2953 1831 viveret
2982 1778 3207 1832 sincere
3240 1777 3479 1831 servivit
3521 1777 3652 1845 ejus

1790 1864 1895 1933 οὐχ
1931 1880 1970 1932 Β
2004 1866 2209 1939 quoad
2240 1867 2402 1921 licuit
2430 1866 2709 1934 imitator,
2736 1881 2858 1921 non
2890 1872 3121 1922 tantum
3166 1867 3439 1923 tolerabit
3486 1866 3653 1939 quod

287 1965 428 2021 ὅπως
480 1960 709 2023 ἀνέξεται
775 1965 833 2013 τὸ
899 1960 1013 2011 κατ’
1081 1959 1207 2030 ἐμήν
1274 1957 1592 2027 εἰσφέροντος
1650 1951 1892 2024 δύναμιν,
2006 1972 2058 2027 p1

1884 1995 1892 2018 ,
2006 1972 2113 2027 pro
2144 1956 2574 2011 meatenuitate
2596 1956 2804 2025 offero,
2830 1972 3039 2011 verum
3059 1957 3238 2012 etiam
3266 1956 3580 2027 adjuvabit
3601 1961 3655 2011 et

2008 2045 2359 2101 auxiliarem
2388 2045 2694 2099 dexteram
2720 2045 3001 2116 porriget,
3026 2045 3382 2117 felicemque
3408 2062 3653 2101 cursum

2009 2135 2301 2207 praebebit
2318 2135 2598 2199 sermoni,
2622 2140 2676 2189 et
2690 2151 2923 2190 mecum
2938 2180 2949 2199 ,
2966 2136 3119 2191 utita
3131 2135 3349 2199 dicam,
3377 2136 3663 2207 suscipiet

2012 2230 2294 2280 conatum
2323 2224 2554 2279 effectui
2580 2224 3075 2296 mancipandum.
3102 2232 3223 2295 Age
3237 2242 3405 2296 ergo,
3438 2241 3663 2294 magna

2014 2313 2111 2369 fax
2144 2314 2404 2368 veritatis
2434 2318 2491 2368 et
2513 2313 2807 2369 luminare
2838 2314 3195 2383 cognitionis
3236 2316 3355 2382 Dei,
3416 2331 3662 2387 appare,

2016 2417 2336 2473 meamque
2381 2402 2714 2457 orationem
2771 2418 2932 2471 rege,
2977 2408 3034 2457 et
3091 2419 3214 2475 quo
3261 2403 3432 2459 decet
3472 2403 3664 2459 ﬂecte.

2014 2493 2161 2548 Hinc
2188 2508 2359 2547 meus
2388 2492 2516 2561 jam
2542 2492 2919 2563 incipiendus
2948 2498 3037 2548 est
3064 2493 3236 2549 labor
3265 2510 3277 2547 :
3306 2494 3426 2549 Deo
3468 2500 3671 2550 tamen

2017 2582 2183 2654 prius
2207 2582 2507 2648 invocato,
2539 2586 2605 2635 ut
2634 2597 2751 2650 me,
2784 2581 2989 2652 gloriae
3045 2587 3162 2637 tuae
3216 2599 3425 2648 causa,
3490 2599 3674 2656 supra

2020 2688 2191 2744 spem
2217 2686 2482 2737 omnem,
2514 2670 2765 2726 edoceat
2794 2672 3149 2743 sapientiam
3178 2691 3190 2740 ;
3246 2672 3499 2745 aliisque
3556 2674 3675 2729 fre—

2021 2761 2347 2832 quentibus
2378 2759 2439 2814 in
2462 2765 2515 2815 te
2566 2759 2793 2815 collatis
2839 2760 3172 2817 honoribus
3204 2762 3446 2832 adjiciat
3496 2762 3678 2829 istud,

2023 2850 2188 2923 quod
2219 2849 2502 2905 ostendes
2518 2850 2578 2904 in
2597 2866 2692 2905 me
2712 2850 3080 2921 adjuvando,
3096 2851 3477 2907 miraculum.
3506 2853 3682 2924 Equi—

2025 2940 2164 2995 dem
2192 2939 2324 2994 licet
2347 2944 2482 2994 ante
2513 2954 2610 2994 me
2640 2939 2739 2993 alii
2794 2939 3066 2995 nonnulli
3124 2940 3215 3001 iis.
3255 2942 3359 3013 qui
3415 2942 3685 2997 divinam

2029 3031 2179 3086 sicut
2215 3035 2278 3085 tu
2310 3030 2831 3085 conversationem
2858 3030 3264 3101 excoluerunt,
3287 3038 3343 3087 et
3374 3048 3558 3104 supra
3578 3034 3688 3087 hu-

2030 3136 2225 3175 manae
2245 3119 2380 3174 vitae
2415 3134 2697 3174 normam
2736 3119 2947 3175 elevati
2992 3126 3229 3176 terrena
3293 3122 3691 3178 deseruerunt

2030 3210 2229 3266 adhuc
2258 3209 2315 3265 in
2347 3209 2576 3264 mundo
2600 3209 2885 3275 viventes,
2957 3216 3249 3282 tanquam
3308 3212 3505 3281 angeli
3549 3228 3689 3267 cum

2030 3299 2154 3354 luto
2183 3298 2482 3369 compacti
2516 3298 2706 3366 ;licet,
2744 3299 3016 3371 inquam,
3043 3300 3141 3355 alii
3182 3301 3455 3356 nonnulli
3524 3300 3691 3356 haud

2034 3386 2556 3461 praesumpsissent
2603 3387 2860 3458 patriam
2918 3388 3255 3444 istiusmodi
3341 3390 3691 3445 hominibus

2034 3478 2215 3533 aliam
2251 3476 2568 3545 ascribere,
2604 3475 2785 3531 aliam
2837 3493 3191 3549 nuncupare
3239 3479 3556 3545 civitatem,
3610 3480 3696 3550 ip-

2036 3583 2255 3638 sosque
2284 3565 2525 3620 aliunde
2558 3570 2731 3620 natos
2776 3566 3061 3637 profiteri,
3126 3569 3356 3639 primus
3413 3569 3473 3623 id
3525 3569 3600 3624 de
3640 3574 3696 3622 te

2038 3655 2346 3722 auderem,
2378 3660 2434 3710 et
2454 3654 2673 3709 caelum
2706 3656 2961 3726 patriam
2992 3662 3156 3711 tuam
3182 3674 3314 3713 esse
3345 3674 3692 3727 assererem,

2041 3744 2524 3816 contribulesque
2552 3760 2621 3799 ac
2646 3746 2805 3798 cives
2828 3749 2962 3799 tuos
2989 3745 3226 3801 divinas
3275 3748 3403 3802 istic
3469 3753 3700 3803 mentes

279 1343 467 1411 ϐόλων,
518 1350 606 1395 καὶ
659 1349 752 1395 σὺν
812 1343 1069 1417 λαμπροῖς
1123 1340 1380 1410 ἀνάγομαι
1426 1343 1535 1396 τοῖς
1585 1334 1881 1405 κελεύμασι-

275 1435 505 1484 πέποιθα
558 1440 648 1483 xui
702 1435 824 1503 γὰρ,
879 1435 945 1491 ως
1001 1434 1026 1481 ὁ
1080 1433 1236 1501 μέγας
1284 1427 1452 1495 οὗτος,
1512 1428 1628 1495 περὶ
1694 1423 1753 1474 0'3
1801 1426 1887 1473 τὸν

274 1522 427 1591 λόγον
479 1525 787 1591 πεποίημαι,
838 1526 927 1571 καὶ
977 1522 1030 1570 ὃν
1080 1526 1166 1568 νῦν
1221 1517 1468 1567 ὑπόθεσιν
1510 1514 1751 1586 λαμπρὰν
1796 1518 1888 1563 τοῦ

276 1608 437 1678 λόγου
484 1606 863 1680 προϐέϐλημαι,
904 1615 976 1676 τῷ
1024 1605 1162 1676 λόγῳ
1208 1603 1239 1661 ἢ
1290 1601 1576 1671 αὐτολόγῳ,
1627 1608 1689 1670 τῇ
1735 1603 1891 1669 σοφία

282 1705 422 1751 Θεοῦ
488 1702 575 1747 xui
641 1696 950 1766 αῦτοσοφία,
1013 1697 1354 1765 παρεστηκὼς
1410 1691 1471 1761 τῇ
1541 1693 1775 1759 μακαρία
1838 1705 1891 1737 τε

284 1791 377 1837 καὶ
431 1786 709 1856 αὑταγάτῳ
752 1780 947 1857 Τριάδι
1006 1788 1191 1851 συνὼν,
1338 1785 1427 1831 καὶ
1472 1782 1658 1849 περιὼν
1712 1775 1883 1847 ἀκραι-

287 1882 427 1945 φνώς
484 1872 776 1946 ἑλάτρευσε,
841 1877 932 1923 καὶ
994 1874 1057 1931 ὡς
1114 1870 1319 1941 ἐφικτὸν
1384 1871 1681 1938 ἐμιμήσατο
1728 1885 1740 1897 ⁸

291 2050 424 2103 ἀλλά
470 2055 560 2102 καὶ
606 2049 869 2123 ἐπαρήξει,
924 2054 1014 2101 καὶ
1066 2056 1226 2120 χεῖρα
1274 2044 1521 2117 βοηθείας
1577 2042 1760 2113 ὀρέξει,
1809 2046 1899 2092 καὶ

290 2150 367 2211 τῷ
424 2140 559 2210 λόγῳ
606 2145 699 2197 τήν
758 2135 1041 2213 εῦδρομὶαν
1085 2136 1379 2211 παρέξεται,
1438 2140 1527 2184 και
1579 2133 1896 2205 ὁλοσχερῶς,

292 2230 358 2280 ἶν’
415 2233 565 2289 οὗτος
616 2232 763 2295 εἴπω,
822 2237 917 2287 τῆς
969 2230 1323 2299 ἐγχειρήσεως
1389 2242 1476 2295 μοι
1532 2220 1902 2289 συναντιληψε-

291 2338 404 2371 ται.
476 2316 603 2387 Ἀγε
662 2313 755 2381 δή,
809 2313 847 2365 ὦ
905 2320 1042 2387 μέγα
1087 2322 1181 2371 τήν
1232 2312 1476 2372 ἀληθείας
1528 2314 1765 2381 φωστὴρ,
1814 2314 1903 2360 καὶ

292 2410 467 2482 πυρσε
519 2409 855 2476 θεογνωσίας,
928 2403 1180 2476 ὲπίφαινε,
1264 2406 1354 2453 καὶ
1409 2397 1609 2452 διίθυνέ
1674 2418 1763 2470 μοι
1819 2405 1905 2451 τὸν

292 2497 471 2567 λόγον,
503 2498 747 2566 καὶπρὸς
780 2498 835 2546 τὸ
877 2490 993 2546 δέον
1024 2494 1300 2545 κατεύθυνε
1356 2512 1368 2523 ·
1418 2492 1590 2562 ἔμοιγε
1644 2484 1693 2540 δ’
1744 2488 1906 2540 ἐντεῦ-

298 2588 381 2638 θεν
415 2585 625 2650 ἀρκτέον
669 2581 776 2642 ἤδη
830 2593 919 2636 τοῦ
963 2583 1369 2655 ἐγχειρήματος,
1400 2585 1487 2632 τόν
1535 2582 1623 2631 σὸν
1681 2579 1907 2631 ἐπικαλε-

300 2678 510 2746 σαμένῳ
538 2678 688 2741 Θεὸν,
729 2677 797 2734 ὡς
828 2672 887 2724 ἀν
939 2670 1005 2730 δή
1058 2672 1209 2744 κάμὲ,
1258 2681 1352 2730 σῆς
1406 2671 1570 2721 εἵνεκα
1616 2673 1706 2720 καὶ
1760 2676 1909 2720 τοῦτο

308 2762 491 2827 δόξης,
520 2767 664 2837 ποιρά
709 2760 1037 2835 προσδοκίαν
1066 2768 1240 2815 πᾶσαν
1274 2765 1525 2832 σοφίσειε,
1557 2764 1647 2811 καὶ
1692 2767 1912 2830 συχνοῖς

307 2873 366 2905 σε
428 2858 653 2925 τιμήσας
724 2853 913 2921 ἄλλοις,Ι
964 2857 1053 2903 καὶ
1127 2860 1198 2921 τῷ
1256 2850 1331 2902 ἐπ“
1379 2849 1494 2921 ἐμοὶ
1551 2849 1656 2919 οὐχ
1719 2852 1916 2908 ἣκιστα

309 2940 473 3015 διάρη
520 2948 993 3016 τερατουργήματι.
1056 2940 1186 2993 Ἀλλ’
1236 2940 1279 2992 εἰ
1320 2944 1390 3011 μή
1445 2937 1732 3010 προῦλαϐον
1784 2957 1915 2998 τινες

308 3040 418 3091 τοῖς
440 3033 629 3103 ὁμοίως
662 3050 746 3082 σοι
778 3035 873 3089 τὴν
902 3033 1037 3082 κατά
1082 3035 1210 3083 Θεὸν
1256 3026 1290 3081 δ
1297 3028 1582 3103 ιαπρέψασι
1631 3027 1917 3095 πολιτείαν,

310 3126 403 3172 καὶ
442 3128 537 3182 τῆς
565 3128 663 3171 τῶν
696 3122 923 3191 χθονίων
967 3121 1308 3193 ῦπεραρθεῖσι
1340 3119 1481 3179 ζωῆς
1527 3120 1601 3169 ἔτι
1651 3120 1775 3190 ὑπὲρ
1819 3124 1921 3187 γῆς

322 3206 465 3275 οὖσι,
520 3209 872 3260 καταλιποῦσι
925 3213 1010 3266 τήν
1050 3217 1169 3279 γῆν,
1231 3212 1316 3259 καὶ
1370 3206 1607 3278 ἀγγελοις
1654 3211 1784 3274 μετά
1828 3219 1919 3262 τοῦ

313 3298 483 3355 πηλοῦ
543 3304 865 3349 καταστᾶσιν
923 3297 1263 3371 αὐτόχρημα,
1351 3298 1525 3371 ἑτέραν
1602 3298 1921 3370 ἐπιφημίσαι

313 3384 575 3462 πατρίδα,
604 3387 763 3445 eam
791 3406 843 3438 τε
884 3391 1137 3461 φρατρίαν
1177 3385 1561 3463 ἐναπογράψαι,
1610 3395 1699 3440 xui
1750 3389 1922 3450 ἁπλῶς

313 3476 523 3529 ἄλλοθεν
577 3475 786 3537 ἐκείνοις
853 3474 1242 3548 ἀνομολογῆσαι
1307 3484 1400 3537 τήν
1454 3486 1650 3551 γένετιν
1693 3502 1705 3514 ο
1768 3481 1923 3542 αὐτὸς

316 3566 379 3618 ἆν
406 3566 505 3638 ἐγὼ
537 3576 742 3638 πρῶτος
773 3564 857 3617 ἐπὶ
900 3571 986 3617 σοι
1017 3565 1171 3617 ταῦθ’
1210 3564 1498 3639 ἐθάρρησα,
1550 3572 1638 3617 καὶ
1694 3562 1926 3637 πατρίδα

321 3663 420 3716 σήν
468 3662 554 3708 τόν
594 3657 831 3730 οὐράνιον
887 3654 1091 3708 ἀνεῖπον
1143 3666 1339 3730 χῶρον,
1382 3663 1469 3707 xui
1522 3656 1733 3729 φυλέτας
1776 3662 1927 3716 ὅντως

322 3752 414 3799 xui
483 3748 745 3821 φράτορας
822 3750 943 3806 τοῦς
1018 3747 1181 3805 θείους
1259 3751 1399 3816 νόας,
1489 3750 1579 3807 τὰς
1652 3747 1932 3820 ὑπερτέρας

326 3840 509 3909 φύσεις
550 3841 642 3887 καὶ
702 3834 954 3907 ἀνωτέρας
1007 3843 1103 3895 τῆς
1169 3835 1293 3897 ὕλης
1369 3842 1459 3888 καὶ
1528 3846 1626 3888 τῶν
1707 3837 1933 3889 ἐντεῦθεν

328 3925 650 4000 ὑψηλοτέρας
715 3926 888 3976 παθὼν
948 3946 959 3956 ·
1014 3929 1104 3977 καὶ
1170 3926 1297 3997 τάχ’
1351 3924 1411 3977 ἆν
1479 3926 1749 3999 εὐστόχως
1792 3927 1934 3978 ταῦτ’

332 4016 491 4067 εἰπεῖν
550 4014 911 4089 ἀπεθάρρησα,
981 4018 1071 4066 καὶ
1128 4013 1428 4087 ἐπεφήμισα
1489 4020 1555 4068 τά
1620 4018 1936 4074 καθήκοντα.

333 4104 476 4158 Ἐπεὶ
536 4102 595 4157 δὲ
656 4106 942 4175 φθάσαντες
1014 4102 1091 4155 ἐπ’
1172 4104 1344 4167 ἄλλοις
1415 4107 1559 4159 ἄλλοι
1617 4112 1710 4164 τήν
1757 4105 1943 4180 ἀρετὴν

341 4198 610 4267 ὁμοτίμοις
649 4196 815 4245 ταῦτά
869 4213 977 4253 πως
1024 4194 1280 4266 εἰρηκότες
1336 4198 1719 4268 τυγχάνουσιν,
1774 4197 1947 4270 ἑτέραν

344 4288 507 4355 ἔγωγε
538 4280 856 4356 βαδιοῦμαι,
906 4286 1000 4340 τήν
1050 4289 1388 4357 τετριμμένην
1436 4288 1629 4343 ταύτην
1681 4292 1770 4337 καὶ
1826 4290 1951 4360 πρό-

343 4394 546 4448 χειρον,
581 4382 610 4432 ἦ
671 4376 803 4447 πρὸς
850 4377 942 4429 τήν
992 4382 1083 4424 τοῦ
1126 4372 1579 4447 έγκωμιαζομένου
1626 4375 1953 4447 γενεαλογίαν

342 4466 565 4539 προάγει
625 4466 711 4514 τὸν
744 4462 912 4533 λόγον,
972 4462 1067 4513 κάν
1110 4472 1210 4515 τῶν
1248 4466 1439 4517 ἄνωθεν
1490 4471 1581 4517 καὶ
1633 4470 1733 4538 πρὸ
1796 4466 1954 4517 αὐτοῦ

347 4554 640 4627 ἀρχομένη,
682 4552 754 4613 εἰς
786 4551 937 4603 αὐτόν
977 4571 1030 4604 τε
1080 4556 1167 4604 τόν
1222 4553 1290 4613 εἰς
1328 4548 1535 4606 ἔπαινον
1590 4560 1957 4628 προσκείμενον

347 4646 604 4697 κάτεισιν.

422 4731 489 4805 γ’.
534 4731 620 4793 Ἐξ
682 4731 807 4802 ἑῴας
864 4727 951 4782 οὖν
1000 4733 1027 4782 ὁ
1088 4732 1382 4795 θεολαμπής
1453 4738 1724 4808 φωσφόρος
1774 4733 1961 4786 ἀνέτειο

351 4843 460 4896 γεν,
492 4824 604 4874 ὅθεν
659 4826 746 4873 xui
795 4823 820 4873 ὁ
882 4826 1057 4896 Σωτήρ
1112 4820 1533 4897 ένανθρωπησας,
1584 4826 1609 4875 ό
1660 4827 1839 4884 νοητὸς
1875 4829 1963 4875 καὶ

356 4916 685 4986 ὑπέρχρονος
724 4909 961 4983 ἐπέφανεν
1021 4910 1184 4982 ἣλιος,
1244 4911 1478 4966 κάκεῖθεν
1530 4909 1595 4970 δή
1649 4917 1715 4965 τὰ
1766 4920 1967 4986 πέρατα

355 5011 467 5065 τοῖς
498 5002 656 5054 αὐτοῦ
687 5003 1049 5063 θεοπνεύστοις
1067 5001 1237 5073 λόγοις
1282 5005 1367 5055 οἶά
1422 5022 1561 5056 τισιν
1615 5003 1796 5056 ἀκτῖσι
1847 5022 1967 5056 κατ-

360 5096 584 5164 ηῦγασε,
626 5097 743 5145 xui
789 5094 873 5143 τόν
928 5099 1023 5153 τῆς
1078 5092 1274 5154 πλάνης
1335 5094 1489 5166 ζόφον
1540 5092 1795 5163 ἀπήλασε,
1871 5096 1969 5146 θεο-

359 5187 588 5255 γνωσίας
639 5200 693 5233 τε
747 5184 805 5233 τὸ
859 5190 960 5253 φῶς
1012 5178 1363 5250 ἐξεδίσκευσε,
1431 5190 1522 5236 καὶ
1548 5189 1641 5242 τὴν
1692 5185 1759 5245 εἰς
1806 5184 1974 5257 οῦρα-

362 5275 478 5331 νοῦς
534 5273 661 5341 ἡμῖν
716 5268 1012 5341 ἀνάγουσαν
1072 5270 1408 5345 ἐφανέρωσεν.
1450 5270 1594 5326 Ἔδει
1678 5277 1801 5346 γάρ,
1886 5278 1975 5325 καὶ

362 5362 529 5421 καλῶς
574 5357 703 5427 ἔδει,
735 5368 827 5411 τοῦ
879 5369 1013 5413 Θεοῦ
1054 5366 1226 5432 Λόγου
1280 5360 1335 5413 ἐκ
1393 5372 1491 5414 τὼν
1549 5363 1684 5434 έῲων
1730 5371 1838 5423 τοῖς
1895 5361 1976 5412 ἀνι

370 5454 591 5525 θρώποις
665 5449 999 5523 ἀναφανέντος
1078 5461 1265 5525 μερῶν,

368 5537 841 5613 καθοδηγήσαντος
920 5537 1122 5612 (ἐπειδὴ
1224 5560 1327 5603 πως
1429 5553 1813 5618 περιτραπῆναι
1892 5548 1983 5594 καὶ

372 5631 526 5695 αὖθις
572 5632 741 5706 ἔμελλε
799 5636 857 5685 τό
911 5632 1249 5706 εὐμετάϐολον
1309 5643 1411 5687 τῶν
1469 5633 1748 5711 ἀνθρώπων
1806 5635 1981 5707 φῦλον,

373 5727 440 5785 ὡς
496 5728 587 5777 καὶ
636 5722 907 5798 προκόψαι
960 5726 1028 5777 τὰ
1072 5725 1293 5797 μεγάλα,
1344 5731 1438 5779 καὶ
1490 5734 1584 5789 τῆς
1642 5726 1843 5788 εὐθείας
1894 5730 1986 5777 καὶ

1348 5458 1437 5505 καὶ
1504 5457 1637 5526 πρός
1714 5458 1979 5528 σωτηρίαν

2044 3834 2610 3908 praestantioresque
2637 3838 2905 3901 naturas,
2939 3835 3188 3891 materia
3216 3842 3272 3891 et
3302 3836 3701 3908 perturbatio-

2044 3924 2226 3980 nibus
2255 3922 2474 3977 nostris
2505 3922 2844 3993 superiores
2879 3929 3095 3995 ;atque
3125 3925 3240 3981 hoc
3288 3926 3513 3981 faciens
3556 3926 3703 3981 forte

2052 4013 2404 4083 attingerem
2426 4027 2700 4083 scopum,
2724 4018 2878 4068 certe
2903 4029 3026 4069 non
3052 4015 3168 4069 nisi
3190 4015 3420 4071 veritati
3440 4031 3711 4086 congrua

2053 4102 2467 4175 praedicarem.
2489 4101 2787 4166 Quoniam
2801 4106 3002 4158 tamen
3028 4105 3451 4174 praevenientes
3473 4121 3568 4160 me
3590 4104 3712 4172 alii,

2056 4194 2130 4247 de
2161 4192 2290 4248 aliis
2317 4191 2421 4246 tibi
2450 4191 2512 4246 in
2542 4191 2776 4247 virtutis
2808 4192 3035 4247 honore
3106 4194 3401 4249 similibus
3454 4198 3532 4250 ita
3576 4199 3716 4249 sunt

2058 4283 2238 4338 locuti
2259 4300 2272 4347 ;
2293 4296 2397 4352 per
2426 4280 2728 4337 diversam
2756 4297 2867 4351 ego
2895 4283 3053 4337 viam
3092 4285 3464 4354 progrediar,
3499 4283 3721 4338 scilicet

2062 4388 2168 4444 per
2202 4370 2399 4425 tritam
2445 4369 2627 4439 vulgo
2658 4370 3145 4443 expeditamque,
3175 4389 3311 4444 quae
3343 4373 3420 4429 ad
3452 4373 3582 4443 ejus
3614 4372 3721 4445 qui

2065 4458 2526 4516 commendatur
2555 4458 2971 4529 genealogiam
3006 4461 3295 4531 perducit,
3332 4468 3509 4534 atque
3533 4479 3569 4517 a
3598 4477 3723 4517 ma-

2062 4549 2636 4622 joribusipsumque
2666 4550 3017 4621 praegressis
3066 4551 3377 4623 incipiens,
3440 4554 3503 4607 in
3569 4552 3721 4623 ejus,

2069 4656 2252 4711 quem
2280 4638 2392 4693 sibi
2426 4638 2757 4710 proposuit,
2786 4638 2999 4695 laudes
3030 4640 3358 4696 descendit.

2143 4742 2197 4795 3.
2227 4736 2317 4792 Ab
2348 4736 2582 4793 Oriente
2640 4742 2880 4791 exortus
2937 4744 3028 4793 est
3095 4739 3191 4794 hic
3244 4738 3467 4806 lucifer,
3523 4740 3730 4795 divino

2074 4826 2365 4896 effulgens
2403 4825 2651 4894 lumine,
2681 4826 2841 4881 unde
2873 4826 3051 4881 etiam
3081 4826 3352 4883 Salvator
3399 4830 3735 4885 humanam

2074 4916 2320 4973 indutus
2349 4931 2613 4980 carnem,
2636 4914 2820 4970 veluti
2842 4916 2931 4971 sol
2948 4923 3143 4972 mente
3163 4918 3560 4989 perceptibilis
3584 4925 3737 4974 tem-

2077 5022 2346 5079 poraque
2358 5004 2654 5060 excedens
2669 5005 2968 5076 apparuit,
2984 5007 3197 5061 exinde
3214 5008 3499 5069 terminos
3530 5006 3742 5063 mundi

2083 5098 2205 5153 suis
2235 5096 2454 5151 divinis
2488 5095 2874 5151 sermonibus
2904 5097 3079 5151 veluti
3131 5097 3315 5153 radiis
3372 5098 3744 5171 quibusdam

2084 5186 2408 5252 illustrans,
2437 5190 2494 5239 et
2518 5185 2735 5241 abacta
2760 5186 2980 5241 erroris
3046 5186 3322 5257 caligine,
3374 5188 3748 5244 luminosum

2086 5274 2445 5346 cognitionis
2485 5274 2705 5329 divinae
2734 5276 2945 5331 orbem
2984 5276 3310 5347 explicans,
3346 5294 3415 5333 ac
3461 5279 3622 5334 viam
3684 5278 3748 5331 in

2089 5364 2309 5421 ccelum
2323 5362 2665 5419 tendentem
2680 5363 3075 5419 manifestans
3090 5365 3553 5422 nobis.Decebat
3567 5366 3751 5431 enim,

2090 5460 2148 5513 et
2174 5455 2351 5527 plane
2386 5452 2660 5523 decebat,
2691 5458 2755 5509 ut
2800 5470 2940 5509 cum
3000 5455 3275 5512 divinum
3355 5456 3616 5513 Verbum
3683 5454 3758 5511 ab

2095 5544 2491 5601 Orientalibus
2505 5544 2703 5615 plagis
2717 5544 3120 5616 apparuisset,
3136 5546 3215 5601 ad
3228 5547 3388 5602 viam
3402 5546 3609 5602 salutis
3624 5561 3760 5601 sese

2096 5635 2314 5691 ducem
2340 5633 2949 5707 prmbens(quoniam
2970 5650 3179 5689 rursus
3212 5637 3476 5692 subverti
3498 5635 3765 5692 debebat

2096 5724 2418 5781 hominum
2444 5739 2635 5795 genus
2663 5722 3048 5781 mutabilitati
3071 5723 3431 5797 obnoxium,
3447 5725 3611 5785 itaut
3633 5740 3770 5787 man
