4484 6446
350 375 454 429 817

1566 364 1635 420 IN
1675 361 1735 420 S.
1776 363 1972 422 JOAN.
2018 363 2513 422 DAMASCENUM.

3619 366 3723 423 8i8

337 495 614 550 λαλεῖσθαι
650 495 990 570 προύξένησε,
1031 497 1121 546 καὶ
1177 494 1308 568 πρὸς
1356 496 1538 543 τοῦτον
1593 489 1700 542 οἷον
1757 487 1961 543 ἀντονο-
1988 492 2036 546 Α
2068 503 2108 545 et

1950 519 1961 530 -
1988 492 2036 546 Α
2068 489 2248 546 etiam
2271 489 2399 561 ejus
2420 487 2612 564 patria
2637 467 3002 553 laudaretur,
3037 490 3093 543 et
3121 487 3294 561 quasi
3325 501 3434 560 pro
3463 489 3598 562 ipso
3620 505 3721 546 no-

340 587 643 658 μάζεσθαι,
704 585 731 643 ἦ
788 583 890 637 κάκ
936 586 1125 637 τούτου
1179 580 1615 652 ἐπονομάζεσθαι.
1662 578 1805 650 Ἅμα
1859 582 1956 654 γὰρ

339 693 418 734 τις
449 678 536 726 καὶ
593 671 879 739 ἀκούσειεν,
936 671 1073 735 ἆξὸτε
1123 671 1150 722 ὁ
1212 670 1364 730 οὗτος
1420 670 1620 738 γέγονε,
1681 671 1957 738 Δαμασκόν

339 765 431 815 τὸν
467 761 626 814 πολύν
676 765 766 814 καὶ
829 763 896 814 τὰ
947 761 1059 812 θεῖα
1109 763 1199 810 καὶ
1247 762 1314 810 τα
1369 755 1668 830 ἀνθρώπινα
1718 755 1956 812 Ἰωάννην

343 853 518 925 ὥσπερ
549 848 841 908 συνήκονσὶ
873 870 886 883 ο
945 851 1196 921 μέγιστὸν
1243 865 1298 900 τε
1349 845 1498 907 εὐθὺς
1553 843 1605 906 ἐξ
1658 842 1956 918 ἀμῳοτέρων

343 942 652 1015 αἰσθόμενος
719 941 1030 1013 φαντάζεται
1110 938 1220 1012 μετ’
1304 936 1616 1001 ἐκπλήξεως,
1684 933 1954 988 κάντεῦθεν

343 1029 728 1104 ἁναπεμπάζων
785 1037 856 1100 τῷ
893 1028 1131 1100 λοθισμῷ
1189 1027 1248 1080 οὐ
1311 1030 1526 1101 μετρίου
1576 1031 1667 1078 τοῦ
1728 1022 1956 1095 θάμϐους

343 1118 683 1193 ἕμπίπλαται.

414 1297 472 1352 ε’.
539 1295 675 1350 Ἀλλ’
749 1296 822 1358 εἰς
903 1295 1118 1356 ἑαυτούς
1205 1292 1434 1346 ἐντεῦθεν
1491 1291 1541 1345 οἰ
1593 1293 1952 1362 γεγεννηκὸτες

339 1385 688 1458 μεθελκονται,
719 1389 808 1437 καὶ
838 1405 946 1447 πως
979 1381 1046 1442 δὴ
1091 1387 1162 1456 μὴ
1197 1377 1440 1454 παριδεῖν
1495 1380 1842 1453 ἀνιστορῆσαι
1887 1383 1953 1432 τὰ

337 1475 454 1527 κατ’
474 1475 660 1534 αὐτοὺς
706 1472 1034 1535 ἇκϐιάζονται
1078 1493 1091 1506 ·
1124 1468 1248 1524 οὐδὲ
1293 1473 1397 1544 γὰρ
1450 1470 1555 1542 οὐχ
1603 1470 1737 1521 οὕτω
1784 1476 1952 1522 ταῦτα

337 1567 522 1637 μικρὰ,
563 1565 633 1624 ὡς
683 1558 1033 1637 παραδρομῆς
1091 1559 1380 1622 ἀξιωθῆναι
1419 1565 1509 1610 καὶ
1565 1557 1946 1632 παραλήψεως,

336 1650 469 1703 ἀλλὰ
491 1656 582 1703 καὶ
604 1650 720 1703 λίαν
745 1658 994 1725 περιφανῆ
1041 1669 1094 1702 τε
1145 1654 1236 1701 καὶ
1281 1647 1606 1719 ἁξιάγαστα,
1666 1651 1754 1698 καὶ
1821 1665 1950 1716 συγ-

336 1747 540 1813 γραφῆς
637 1738 881 1813 ἀκριϐοῦς
982 1743 1072 1790 καὶ
1175 1742 1380 1809 μνήμης
1487 1731 1948 1806 ἁλληλοδιαδοχου

339 1825 560 1901 δεόμεθα
601 1850 614 1862 ο
650 1830 713 1881 τά
741 1847 796 1880 τε
823 1831 924 1902 γὰρ
956 1830 1092 1880 κατὰ
1137 1830 1352 1898 κόσμον,
1411 1830 1499 1877 καὶ
1539 1826 1615 1887 οἶς
1675 1823 1950 1895 ἑπεικεχή-
1991 1841 2031 1895 Β

336 1936 488 1970 νασιν
535 1919 820 1989 ἄνθρωποι,
871 1921 958 1969 καὶ
1015 1913 1275 1988 διάσημοι
1327 1918 1412 1966 καὶ
1452 1913 1807 1988 περίϐλεπτοι,
1861 1918 1950 1966 καὶ

982 1743 1072 1790 καὶ
1175 1742 1380 1809 μνήμης

336 2010 474 2060 κατὰ
562 2011 690 2060 Θεὸν
749 2007 854 2078 οὐχ
912 2008 1066 2064 ἧττον
1122 2011 1416 2078 περιφανεῖς
1481 2007 1570 2056 καὶ
1633 2005 1945 2076 θαυμάσιοι·

338 2095 564 2150 ’Λνωθεν
611 2098 712 2170 γὰρ
756 2101 842 2149 καὶ
894 2094 949 2147 ἐκ
997 2098 1263 2169 προγόνων
1315 2097 1409 2152 τήν
1449 2092 1521 2154 εἰς
1578 2098 1810 2166 Χριστὸν
1866 2097 1950 2151 πί,

341 2204 457 2238 στιν
486 2187 640 2238 οἱονεί
669 2203 786 2237 τινα
813 2184 1002 2259 κλῆρον
1027 2183 1080 2236 ἐκ
1111 2179 1385 2254 διαδοχῆς
1414 2183 1656 2249 ῐλκοντες,
1710 2191 1782 2253 τῷ
1820 2186 1950 2257 πρὸς

337 2275 502 2333 αὐτὴν
558 2273 697 2344 ζήλῳ
755 2281 940 2348 μακρῷ
997 2279 1106 2334 τοῖς
1159 2275 1260 2345 πρὸ
1327 2272 1495 2324 αὐτῶν
1552 2271 1939 2345 ὑπερήρλασαν·

335 2368 426 2416 καὶ
455 2367 556 2437 γὰρ
587 2371 688 2424 τοῖς
717 2367 913 2438 μέχρις
965 2362 1155 2429 αὐτῶν,
1187 2363 1322 2414 καθά
1365 2381 1442 2424 τις
1497 2363 1526 2419 ἡ
1582 2366 1760 2423 πίστις
1821 2381 1950 2434 συγ-

336 2457 666 2527 κρυπτομένη
753 2453 1002 2525 σπινθὴρ,
1039 2455 1242 2525 πυρσὸς
1300 2449 1347 2502 ἐν
1406 2451 1579 2511 αὐτοῖς
1642 2470 1697 2504 τε
1753 2457 1842 2504 καὶ
1899 2451 1951 2515 ἐξ

340 2543 511 2595 αὐτῶν
539 2541 764 2614 ἀνήφθη,
822 2541 1045 2613 ἐμφανὴς
1101 2545 1192 2593 καὶ
1251 2537 1527 2602 διάδηλος.
1569 2539 1654 2601 Ὠς
1719 2543 1820 2615 γὰρ
1879 2537 1946 2597 δὴ

338 2638 588 2706 κρίμασιν
638 2629 1023 2691 ἀκαταλήπτοις
1083 2638 1216 2683 Θεοῦ
1265 2633 1330 2682 τὰ
1385 2629 1486 2701 ἑῷα
1541 2637 1731 2702 μικροῦ
1784 2633 1954 2682 πάντα

339 2730 438 2782 τῆς
478 2729 578 2773 τῶν
632 2719 897 2793 Ῥωμαίων
938 2719 1117 2796 ἀρχῆς
1181 2716 1512 2791 κατέδραμον
1569 2738 1623 2772 τε
1665 2723 1755 2771 καὶ
1813 2719 1951 2777 ἑλπί-

345 2830 525 2878 σαντο,
553 2815 643 2863 καὶ
671 2812 766 2872 τὰς
796 2809 961 2864 ἐκεῖσε
1018 2809 1191 2872 πόλεις
1257 2813 1306 2863 οἱ
1371 2817 1468 2870 τῆς
1521 2805 1715 2871 δούλης
1779 2809 1952 2885 ’Ἅγαρ

344 2899 594 2972 ἀπόγονοι
621 2905 1042 2975 παρεστήσαντο,
1073 2905 1162 2951 καὶ
1215 2901 1245 2957 ἡ
1308 2895 1502 2973 ῥάϐδος
1558 2907 1656 2951 τῶν
1709 2898 1956 2973 ἁμαρτω-

341 2989 443 3042 λῶν
482 2992 616 3042 κατά
654 2997 746 3043 τοῦ
803 2989 998 3062 κλήρου
1035 2997 1135 3042 τῶν
1191 2985 1410 3042 δικαίῶν
1471 2987 1720 3061 ἀφεθεῖσα
1759 2987 1786 3046 ἦ
1830 2991 1958 3040 πάν-

343 3098 448 3140 τως
483 3098 544 3151 γε
572 3087 673 3132 τῶν
725 3079 894 3140 καλῶς
958 3078 1252 3151 ἐγνωκότων
1311 3081 1438 3130 Θεὸν
1515 3081 1604 3130 καὶ
1671 3082 1810 3151 μόνῳ
1870 3077 1961 3130 λα-

343 3172 624 3244 τρευόντων
690 3169 832 3239 αὐτῷ
888 3170 954 3222 τὰ
1021 3171 1192 3221 πάντα
1255 3164 1454 3240 σχεδὸν
1529 3167 1877 3237 κατηλόησεν,
1928 3170 1958 3226 ἡ
1992 3196 2031 3250 C

343 3257 535 3331 μᾶλλον
570 3261 695 3311 ὡσεὶ
747 3265 909 3330 χνοῦν
977 3256 1328 3330 ἁπιλίκμησεν
1361 3278 1373 3291 ·
1428 3257 1528 3309 ὐπὸ
1577 3264 1687 3318 τοῖς
1727 3255 1961 3322 ἀσεϐέσι,

345 3356 437 3420 φεῦ
473 3348 891 3422 συμφορᾶςῐκαὶ
956 3350 985 3406 ἡ
1042 3347 1171 3406 καλὴ
1245 3351 1424 3419 γέγονε
1493 3350 1793 3419 Δαμασκὸς.
1851 3353 1964 3399 Τῶν

340 3438 432 3489 οὖν
487 3436 534 3488 ἐν
569 3437 699 3511 αὐτῇ
759 3439 983 3504 πάντων,
1041 3445 1136 3496 τῆν
1190 3440 1280 3510 μὲν
1333 3440 1519 3512 μικρὸν
1577 3434 1962 3519 ἀντισχόντων,

340 3534 444 3580 τῶν
503 3523 562 3579 δὲ
615 3525 670 3578 ἐκ
746 3532 958 3602 πρώτης
1015 3531 1110 3585 τὴν
1177 3524 1436 3579 εὐσέϐειαν
1517 3525 1960 3599 ἀπομοσαμένων,

342 3619 486 3668 ἐνίων
516 3613 551 3668 δ
555 3619 576 3668 ε
605 3622 692 3668 καὶ
722 3618 1063 3689 τηρησάντων
1093 3616 1111 3686 (
1142 3618 1275 3668 πάνυ
1305 3611 1364 3668 δὲ
1399 3617 1512 3668 τούτ
1526 3636 1590 3666 ων
1647 3614 1894 3688 βραχέων
1939 3618 1958 3678 )

341 3710 404 3757 τὸ
446 3704 596 3766 σέϐας
627 3702 718 3757 διὰ
766 3705 941 3768 τέλους
996 3704 1298 3778 ἀμὸλυντον,
1360 3710 1450 3756 καὶ
1513 3707 1561 3756 οἱ
1599 3713 1691 3756 τοῦ
1731 3704 1963 3777 μεγάλου

341 3799 530 3847 τούτου
572 3802 665 3855 τῆς
705 3793 964 3855 εὐσεϐείας
1014 3791 1347 3847 διδασκάλου
1408 3799 1495 3846 καὶ
1547 3799 1778 3868 κήρυκος
1833 3799 1962 3866 πρὸ·

341 3903 510 3957 γονοι,
582 3883 804 3960 στερρῶς
859 3903 910 3937 τε
966 3886 1093 3959 ὑπερ
1151 3893 1240 3944 τῆς
1300 3883 1562 3944 εὐσεϐείας
1615 3882 1960 3951 ἀντέστησαν,

344 3971 560 4027 καὶδιὰ
592 3973 713 4047 βίου
746 3979 840 4032 τὴν
892 3980 1072 4026 πίστιν
1128 3974 1400 4046 ἐφύλαξαν,
1449 3979 1540 4026 καὶ
1589 3975 1811 4047 καθαροὶ
1870 3995 1963 4025 κα-

347 4066 510 4136 θαρὰν
536 4069 640 4125 τοῖς
679 4062 732 4126 ἐξ
759 4064 926 4115 αὐτῶν
976 4061 1364 4127 ἓνεπίστευσαν,
1419 4070 1508 4116 καὶ
1563 4066 1612 4116 οἱ
1669 4064 1756 4115 απ’
1797 4064 1964 4115 αὐτῶν

348 4156 596 4214 ὡσαύτως
645 4157 736 4205 καὶ
787 4153 896 4226 μετ’
964 4153 1150 4214 αὐτοῦς
1201 4157 1335 4205 κατὰ
1388 4149 1664 4224 διαδοχήν
1703 4161 1964 4214 ποιοῦντες

349 4243 664 4315 ἐτύγχανον,
695 4249 786 4295 καὶ
825 4239 930 4295 οἷον
998 4243 1183 4313 ὀχετὸς
1241 4240 1376 4301 ἦσαν
1434 4243 1693 4317 ῥεύματος
1731 4245 1963 4316 καθαροῦ

349 4329 446 4386 διὰ
476 4331 738 4408 βορϐόρου
765 4341 866 4385 τῶν
897 4331 1094 4385 ἀσεϐῶν
1122 4334 1344 4406 ῥέοντες,
1405 4337 1495 4384 καὶ
1557 4329 1630 4385 δι’
1693 4333 1830 4395 ἰλύος
1896 4335 1964 4394 ὡς

347 4427 467 4496 περὶ
518 4431 617 4474 τῶν
661 4422 707 4474 ἐν
769 4429 877 4485 τοῖς
953 4421 1246 4497 βαρϐάροις
1302 4421 1661 4495 ἐναγισμάτων
1721 4419 1960 4495 ὃιῄεσαν,

348 4519 412 4585 τῇ
455 4520 554 4564 τῶν
579 4511 771 4586 ἀρετῶν
802 4513 998 4564 οὑτωσί
1028 4532 1136 4574 πως
1192 4512 1346 4565 εἰπεῖν
1406 4515 1691 4570 πυκνότητι
1745 4508 1963 4570 ὃιηθού-
1991 4558 2033 4613 D

348 4623 518 4676 μενοι.

423 4692 500 4756 ς’.
531 4693 682 4745 Οὕτω
712 4696 802 4765 μεν
833 4688 920 4744 οὐν
944 4691 996 4744 ἐκ
1035 4689 1307 4764 διαδοχῆς
1337 4695 1385 4745 οἱ
1433 4699 1525 4745 τοῦ
1580 4693 1733 4764 αγίου
1784 4698 1962 4765 γεννή-

347 4801 488 4854 τορες
532 4780 758 4844 εὐσεϐεῖς
814 4787 904 4834 καὶ
960 4786 1046 4834 τὸν
1104 4783 1216 4834 κατ’
1276 4782 1462 4858 ἀρετὴν
1517 4781 1634 4856 βίον
1681 4781 1959 4856 ἐπιφανεῖς.

350 4877 436 4930 Μὴ
497 4874 598 4946 γὰρ
655 4868 722 4930 δὴ
781 4867 1050 4945 δεξώμεθά
1134 4892 1294 4937 τινας,
1365 4872 1562 4947 ἑτεροῖα
1632 4877 1747 4945 περὶ
1794 4873 1961 4925 αὐτῶν

354 4964 724 5035 ἱστορηκὸτας,
784 4960 1192 5036 ἀπερισκέπτως.
1272 4960 1440 5035 οἶμαι,
1509 4965 1574 5014 τα
1612 4963 1728 5014 κατ’
1777 4963 1963 5025 αὐτούς

350 5049 666 5120 ἀκηκοότας,
734 5057 824 5104 καὶ
890 5057 954 5104 τα
1018 5061 1108 5113 τῆς
1159 5051 1402 5114 ἀληθείας
1478 5058 1563 5105 καὶ
1629 5062 1726 5104 τῶν
1801 5053 1961 5125 ἁγίων

349 5145 617 5215 προγόνων
647 5145 719 5214 μὴ
778 5136 1199 5208 διηκριϐωκὸτας
1230 5143 1245 5212 (
1274 5147 1362 5195 καὶ
1393 5144 1493 5215 γαρ
1550 5140 1755 5203 ἀληθῶς
1795 5143 1960 5214 ἅγιοι,

350 5235 509 5303 μέσον
596 5227 794 5282 ἀσεϐῶν
861 5229 1107 5303 εἰλικρινῆ
1178 5235 1272 5290 τὴν
1350 5251 1529 5284 πιστιν
1617 5238 1960 5305 τηρήσαντες,

349 5327 453 5371 τῶν
483 5318 643 5391 ἁγίων
698 5339 750 5372 τε
807 5321 1215 5396 φυτοσπὸρων),
1280 5329 1368 5374 τοῦ
1436 5320 1637 5392 ἁγιωτά
1691 5341 1750 5374 ου
1807 5320 1963 5375 τοῦδε

349 5414 440 5461 καὶ
508 5410 775 5463 θειοτάτου
855 5407 1346 5484 καταψευδομένους
1430 5408 1638 5486 ἀνδρὸς,
1715 5417 1803 5464 καὶ
1858 5415 1961 5466 οἷον

350 5499 478 5573 ὑπὲρ
521 5498 682 5550 αὐτοῦ
710 5504 832 5562 τοῦς
859 5499 911 5562 ἐξ
940 5500 1006 5550 ὧν
1061 5502 1109 5552 οἰ
1146 5499 1460 5575 προελήλυθε
1520 5499 1916 5564 στηλιτεύοντας
1948 5519 1959 5532 ·

351 5585 461 5639 ἀλλ’
501 5586 726 5651 εὐσεϐεῖς
791 5593 881 5662 μεν
941 5591 990 5641 οἱ
1041 5591 1330 5664 γεννάρχαι
1387 5598 1458 5660 τῷ
1520 5594 1741 5665 μάκαρι,
1801 5594 1866 5653 ως
1932 5596 1958 5650 ἡ

351 5675 584 5739 ἀλληθὴς
612 5677 852 5732 ἀνέκαθεν
885 5680 1094 5752 ἰστὸρία
1123 5676 1422 5754 παρέδωκεν
1480 5698 1490 5710 ·

1554 5680 1776 5742 εὐσεϐεῖς
1808 5678 1859 5734 δ’
1917 5684 1965 5736 οἱ

2066 579 2398 635 minaretur
2435 582 2538 634 aut
2577 577 3106 648 cognominaretur
3145 592 3218 633 ex
3271 578 3426 650 ipso.
3496 581 3572 634 Ex
3624 580 3722 637 illo

2067 683 2214 726 sane
2236 673 2503 741 tempore
2532 683 2657 740 quo
2686 672 2864 725 natus
2892 667 2972 724 ibi
3004 670 3262 724 Joannes
3291 673 3400 730 est,
3434 668 3614 724 simul
3652 686 3722 729 ac

2063 757 2366 813 nominari
2379 755 2594 829 aliquis
2609 756 2776 812 audit
2790 756 3172 825 Damascum,
3186 755 3723 816 divinishumanis~

2062 860 2181 918 que
2205 845 2384 902 rebus
2413 845 2732 917 insignem,
2757 845 2939 902 etiam
2976 845 3160 918 ipsius
3190 859 3411 901 nomen
3444 845 3628 916 audit,
3664 852 3721 904 et

2061 935 2342 1008 utrinque
2370 935 2597 1005 grande
2631 935 2947 1008 quidpiam
2979 939 3158 1008 atque
3202 935 3556 992 admirabile
3602 936 3716 992 sibi

2059 1031 2522 1098 repraesentans,
2555 1041 2854 1098 suamque
2884 1024 3307 1094 cogitationem
3326 1040 3512 1098 supra
3543 1043 3603 1081 se
3630 1043 3716 1084 rc-

2060 1113 2305 1170 ﬂectens
2342 1113 2780 1182 ratiocinando,
2833 1118 3077 1188 stupore
3122 1130 3371 1187 prorsus
3423 1114 3711 1174 ineffabili

2060 1203 2418 1276 completur.

2133 1297 2184 1346 Si.
2213 1293 2431 1348 Verum
2469 1307 2580 1347 nos
2609 1291 2746 1348 hinc
2777 1291 2855 1347 ad
2872 1307 2934 1348 se
2955 1292 3252 1360 genitores
3281 1292 3612 1350 trahunt.et
3637 1309 3712 1351 nc

2058 1394 2151 1436 res
2173 1380 2502 1437 suas'taciti
2537 1385 2964 1452 prmtereamus
2993 1386 3236 1450 cogunt:
3271 1396 3392 1437 non
3447 1382 3607 1439 enim
3631 1384 3710 1442 ita

2058 1484 2260 1541 parvae
2283 1469 2374 1525 hae
2401 1474 2639 1538 sunt,ut
2669 1474 3019 1526 transcursu
3035 1474 3215 1543 atque
3229 1470 3553 1528 omissioue
3579 1488 3712 1528 cen-

2058 1559 2171 1613 seri
2205 1558 2436 1630 possint
2459 1558 2680 1628 dignae;
2714 1558 2818 1613 sed
2840 1557 3016 1614 valde
3048 1559 3388 1631 conspicuae
3442 1575 3510 1615 ac
3533 1561 3710 1619 mira-

2057 1645 2206 1702 biles
2237 1651 2581 1702 accuratam
2607 1645 2992 1718 scriptionem
3024 1648 3504 1721 memoriamque
3548 1650 3706 1706 ordi-

2057 1738 2263 1792 natam
2294 1740 2600 1791 merentur
2633 1735 2920 1791 :fortunaa
2963 1735 3262 1810 siquidem
3287 1738 3481 1804 bonis,
3533 1743 3590 1793 et
3617 1739 3708 1795 bis

2058 1825 2280 1896 quibus
2303 1825 2579 1881 homines
2611 1825 2847 1880 inhiant
2884 1825 3222 1880 commodis
3245 1826 3529 1898 praeclare
3558 1827 3706 1897 fulti,

2059 1915 2238 1971 nihilo
2269 1915 2470 1971 minus
2501 1915 2770 1984 insignes
2796 1915 3273 1971 fueruntdivinis
3313 1917 3498 1973 animi
3541 1919 3699 1974 doti-

2059 2004 2202 2060 bus.
2241 2005 2373 2061 Jam
2405 2004 2637 2074 pridem
2668 2004 2829 2060 enim
2858 2004 3040 2060 tidem
3070 2005 3130 2060 in
3180 2005 3498 2078 Christum,
3546 2007 3711 2064 velut

2057 2093 2461 2151 haereditatem
2482 2094 2816 2167 quamdam
2854 2110 2891 2150 a
2937 2094 3269 2165 majoribus
3325 2112 3431 2168 per
3490 2112 3708 2152 manus

2057 2184 2337 2240 traditam
2375 2188 2665 2248 tenentes,
2712 2183 2889 2254 longe
2942 2184 3317 2240 auteiverunt
3364 2185 3708 2242 decessores

2058 2288 2220 2340 suos,
2247 2273 2514 2347 quodam
2539 2273 2886 2346 zeliimpetu
2913 2273 3159 2328 ulterius
3190 2273 3345 2330 elati.
3375 2275 3605 2331 Scilicet
3632 2275 3708 2330 ad

2057 2363 2326 2435 ipsorum
2359 2378 2552 2434 usque
2578 2366 2815 2418 tetatem
2842 2361 3014 2428 fides,
3039 2363 3097 2417 in
3130 2362 3479 2419 hominibus
3505 2381 3709 2437 parvae

2059 2452 2326 2508 adinstar
2353 2451 2620 2508 scintillae
2659 2450 3030 2514 delitescens,
3094 2453 3154 2507 in
3218 2454 3362 2526 ipsis
3415 2459 3594 2526 atque
3639 2470 3712 2509 cx

2061 2541 2207 2612 ipsis
2230 2556 2484 2597 accensa
2515 2547 2603 2597 est
2634 2541 2712 2597 ad
2741 2540 2992 2596 modum
3025 2540 3169 2597 facis
3199 2541 3534 2598 luculentm.
3566 2545 3711 2598 Cum

2061 2630 2222 2685 enim
2252 2630 2499 2686 occultis
2535 2630 2634 2686 Dei
2661 2629 2904 2699 judiciis
2923 2645 3136 2686 omnes
3157 2630 3277 2688 fere
3304 2632 3554 2689 Orientis
3581 2649 3710 2705 par-

2062 2724 2167 2787 tes,
2216 2721 2486 2775 Romano
2531 2720 2783 2792 imperio
2852 2719 3143 2789 subditas,
3203 2722 3425 2791 posteri
3485 2721 3714 2777 aucillm

2063 2811 2222 2876 Agar
2242 2808 2364 2864 suis
2391 2807 2843 2863 excursionibus
2857 2813 3245 2864 vastarentac
3271 2809 3717 2882 depopularen-

2066 2902 2180 2964 tur,
2249 2897 2428 2954 etiam
2486 2897 2881 2968 subjugarent
2941 2897 3208 2953 civitates
3263 2898 3606 2972 plerasque,
3665 2905 3722 2956 ct

2066 2986 2239 3059 virga
2265 2991 2649 3060 peccatorum
2676 2991 2882 3042 contra
2891 2988 3190 3056 justorum
3206 2996 3426 3044 sortem
3449 2989 3723 3044 immissa

2071 3091 2281 3132 eorum
2306 3077 2410 3150 qui
2444 3081 2598 3133 recte
2633 3079 2820 3132 Deum
2851 3081 3141 3133 noverant
3167 3077 3341 3151 eique
3371 3079 3482 3134 soli
3516 3078 3724 3134 servic-

2075 3166 2220 3223 bant
2251 3166 2456 3223 omnia
2479 3166 2783 3239 diriperet,
2809 3166 2904 3222 vel
2961 3167 3162 3240 potius
3207 3172 3506 3224 excuteret
3560 3169 3726 3224 velut

2074 3256 2404 3328 pulverem;
2435 3255 2689 3328 pulchra
2718 3271 2963 3329 quoque
2981 3257 3721 3325 Damascus(heuc*alami-

2074 3345 2208 3415 tas!)
2240 3344 2354 3400 sub
2385 3344 2712 3418 impiorum
2765 3344 3000 3400 illorum
3054 3351 3408 3417 potestatem
3458 3347 3720 3403 devenit.

2076 3437 2164 3494 Ex
2192 3435 2477 3491 omnibus
2509 3437 2709 3508 itaque
2741 3435 2896 3491 illius
2941 3436 3173 3501 incolis.
3237 3437 3540 3510 aliquibus
3582 3453 3730 3492 non-

2073 3525 2218 3581 nihil
2237 3525 2686 3595 reluctantibus,
2717 3525 3087 3597 quibusdam
3123 3526 3221 3581 Dei
3259 3527 3485 3582 cultum
3514 3527 3592 3583 ab
3623 3529 3724 3582 ini-

2072 3615 2152 3672 tio
2175 3615 2568 3686 ejurantihus,
2607 3615 2910 3671 nonnullis
2935 3631 3077 3671 vero
3136 3617 3262 3689 (qui
3319 3617 3484 3672 valde
3553 3618 3728 3690 pauci

2073 3705 2661 3778 erant)impollutam
2728 3721 2924 3777 usque
2968 3706 3046 3761 ad
3095 3706 3278 3761 finem
3343 3708 3727 3763 servantibus

2072 3794 2442 3865 religionem,
2475 3796 2738 3864 majores
2771 3795 2976 3865 magni
2999 3795 3181 3865 hujus
3220 3797 3490 3865 magistri
3549 3801 3727 3870 atque

2071 3884 2368 3958 praeconis
2391 3883 2529 3939 ﬁdei
2557 3883 2852 3957 intrepide
2884 3889 3348 3958 constanterque
3372 3901 3481 3958 pro
3507 3886 3723 3942 eadem

2072 3981 2634 4049 seseopposueruut
2680 3982 2736 4030 et
2785 3981 2908 4031 tota
2969 3977 3089 4032 vita
3117 3993 3225 4032 sua
3274 3977 3730 4033 custodiverunt

2072 4066 2257 4132 illam,
2291 4067 2426 4139 puri
2465 4081 2678 4138 puram
2707 4067 2828 4121 suis
2871 4066 3172 4122 tradentes
3215 4067 3510 4139 posteris;
3560 4067 3727 4140 quod

2072 4172 2278 4210 eorum
2310 4170 2556 4228 quoque
2613 4155 3044 4210 descendentes
3089 4157 3356 4211 successi
3413 4155 3710 4212 faciendo.

2073 4251 2244 4302 erant
2271 4245 2451 4301 veluti
2477 4246 2637 4301 rivus
2675 4245 3060 4302 mundissimi
3122 4245 3349 4312 ﬂuenti;
3417 4253 3474 4302 et
3528 4245 3724 4304 lutum

2071 4335 2390 4408 impietatis
2439 4341 2811 4406 permeantes
2858 4335 3311 4408 profanationes
3370 4335 3725 4392 barbaricas

2070 4425 2251 4481 veluti
2280 4425 2491 4481 limum
2515 4424 2868 4490 transibant;
2893 4425 3200 4494 virtutum,
3233 4431 3298 4481 ut
3324 4427 3409 4481 sic
3469 4426 3723 4482 dixerim

2071 4515 2360 4571 densitate
2392 4531 2493 4571 eos
2522 4515 2930 4587 impermistos
2963 4515 3417 4572 transmittente.

2142 4699 2198 4749 6.
2239 4695 2356 4749 Hoc
2419 4690 2596 4761 igitur
2649 4694 2847 4762 pacto,
2904 4690 3086 4747 veluti
3133 4706 3240 4764 per
3275 4692 3723 4749 successionem

2068 4784 2251 4854 hujus
2283 4781 2441 4838 beati
2469 4780 2577 4836 viri
2602 4784 2884 4852 parentes
2925 4781 3046 4836 vita
3084 4782 3332 4837 omnino
3361 4782 3640 4852 religiosa
3668 4789 3726 4837 et

2070 4871 2376 4946 praestanti
2403 4871 2614 4927 virtute
2646 4870 3037 4926 emicuerunt.
3080 4873 3195 4926 Nec
3239 4871 3391 4926 enim
3435 4871 3722 4944 recipien-

2069 4963 2180 5020 dos
2215 4966 2500 5035 putamus
2523 4976 2626 5016 eos
2646 4959 2750 5032 qui
2767 4960 3002 5015 diversa
3021 4961 3302 5033 quredam
3321 4961 3395 5017 de
3416 4961 3566 5035 ipsis
3585 4977 3724 5017 nar-

2068 5055 2297 5120 rarunt,
2324 5065 2394 5105 eo
2416 5049 2583 5122 quod
2615 5064 2709 5103 res
2753 5064 2963 5104 eorum
2997 5049 3524 5106 indiscriminatim
3559 5049 3727 5106 audi-

2069 5141 2281 5205 verint,
2314 5146 2377 5195 ut
2408 5139 2702 5206 existimo,
2736 5153 2933 5212 neque
2963 5140 3037 5195 de
3069 5141 3440 5214 exquirenda
3480 5157 3724 5197 accura-

2069 5233 2184 5287 tius
2253 5230 2492 5286 veritate
2546 5228 2889 5284 auditorum
2948 5229 3176 5286 solliciti
3225 5231 3466 5288 fuerint.
3525 5232 3726 5289 Sancti

2069 5336 2335 5393 namque
2361 5324 2541 5392 atque
2566 5335 2639 5374 ex
2671 5319 2892 5374 sanctis
2925 5321 3199 5392 prognati
3230 5320 3411 5377 fuisse
3443 5321 3604 5377 credi
3627 5322 3729 5378 de-

2070 5412 2232 5476 bent,
2266 5410 2370 5484 qui
2411 5409 2472 5465 in
2504 5409 2706 5465 medio
2738 5409 3066 5481 impiorum
3093 5411 3391 5467 constituti
3425 5412 3607 5467 ﬁdem
3637 5411 3728 5468 in-

2071 5505 2421 5557 temeratam
2462 5515 2695 5555 servare
2744 5504 3085 5571 potuerunt.
3124 5501 3510 5558 Sanctissimo
3551 5501 3730 5572 igitur

2071 5609 2141 5650 ac
2179 5590 2555 5648 divinissimo
2622 5590 2750 5646 viro
2799 5589 3168 5647 calumniam
3247 5591 3612 5666 impingunt,
3675 5599 3732 5649 et

2071 5681 2250 5741 veluti
2281 5698 2353 5740 ex
2385 5681 2574 5756 ipsius
2600 5680 2742 5740 odio
2772 5679 2926 5748 illos,
2965 5697 3001 5739 a
3025 5681 3248 5754 quibus
3271 5682 3581 5756 processit,
3635 5698 3730 5740 su-
