4484 6446
811 377 916 431 819

2007 380 2463 436 CONSTANTINI
2504 381 2993 440 ACROPOLITJE.

4074 393 4179 445 820

811 499 1020 569 gillant
1051 516 1063 553 :
1093 499 1594 572 quandoquidem
1614 501 1705 556 vir
1728 501 1942 558 beatus
1971 507 2028 559 et
2064 503 2325 573 majores
2357 504 2466 558 ha-
2501 508 2547 558 A
2578 528 2582 535 ε

2408 520 2466 558 a-
2501 508 2547 558 Α
2578 511 2812 577 πατέρες,
2855 513 2942 559 καὶ
2973 506 3158 578 ἀρετῆς
3215 505 3310 560 διὰ
3375 511 3548 568 πάσης
3599 509 4009 582 ἀννιποιούμενοι
4066 510 4179 584 βιο-

811 587 1009 643 buerit
1047 593 1308 654 sanctos,
1342 595 1396 643 et
1420 595 1696 660 parentes
1737 592 1942 662 quoad
1978 592 2250 646 vixerunt
2279 597 2468 646 secta-

811 682 970 732 tores
997 677 1232 748 pietatis
1271 697 1282 743 ;
1308 679 1488 750 idque
1512 696 1648 734 cum
1681 680 1958 750 publicas
1991 687 2188 736 essent
2216 681 2470 749 dignita-

812 771 902 820 tes
934 766 1115 831 nacti,
1159 771 1213 821 et
1261 767 1448 822 multa
1480 769 1643 840 apud
1671 772 1878 824 Persas
1924 771 2187 841 potentia
2217 771 2469 842 praediti,

813 857 1018 924 utpote
1048 870 1184 907 cum
1209 854 1502 926 praefectis
1533 872 1739 911 eorum
1771 859 2152 913 dominantes
2179 865 2234 913 et
2265 874 2471 913 curam

815 942 980 996 urbis
1004 943 1330 1014 partientes
1348 945 1623 999 universa
1637 946 1820 1000 ferme
1843 947 2134 1022 Damasco
2157 947 2269 1001 sub
2285 947 2470 1019 patris

817 1032 1109 1086 Mansuris
1124 1031 1347 1086 ditione
1365 1034 1712 1090 constituta.
1747 1035 1866 1090 Sub
1887 1035 2160 1091 barbaris
2184 1052 2470 1107 namque,

819 1120 970 1174 sicut
1019 1120 1148 1189 jam
1189 1120 1332 1186 dixi,
1385 1122 1564 1191 geniti
1633 1125 1895 1193 majores
1947 1141 2075 1179 sese
2121 1129 2474 1196 aptaverant

816 1209 1074 1281 tempori
1103 1227 1114 1262 :
1149 1214 1206 1264 et
1232 1209 1367 1265 licet
1400 1226 1435 1265 a
1465 1227 1606 1266 vera
1635 1213 1922 1283 religione
1957 1229 2078 1268 non
2109 1214 2470 1277 recederent,

819 1298 1325 1370 appellationibus
1363 1305 1567 1355 tamen
1631 1303 1948 1356 nominum
2029 1308 2086 1358 et
2144 1303 2472 1358 amictuum

820 1386 1153 1456 speciebus,
1185 1386 1426 1441 barbari
1454 1387 1543 1459 (ut
1572 1388 1654 1443 sic
1692 1389 1970 1456 dixerim)
2009 1395 2064 1445 et
2110 1391 2300 1444 Persae
2355 1389 2475 1444 fue-

816 1481 954 1530 rant
981 1474 1136 1530 facti.

891 1565 945 1619 7.
974 1563 1533 1636 Vocabaturitaque
1555 1570 1724 1637 pater
1753 1568 1882 1637 ejus
1934 1571 2189 1635 Mansur,
2247 1568 2478 1623 Persico

820 1652 1139 1718 vocabulo,
1167 1657 1223 1707 et
1251 1653 1310 1707 in
1338 1655 1607 1710 maximo
1639 1657 1801 1728 apud
1833 1660 2042 1712 Persas
2093 1657 2322 1713 honore
2369 1673 2477 1728 po-

820 1740 966 1795 situs
1003 1741 1460 1797 Circumﬂuebat
1502 1743 1722 1799 divitiis
1750 1788 1764 1811 ,
1797 1751 1977 1817 atque
2019 1746 2268 1802 indutus
2292 1745 2480 1816 gloria

2578 603 2692 659 τῆς,
2748 602 2836 647 xui
2888 605 3054 648 ταῦτα
3106 593 3375 668 δημοσίων
3425 598 3605 670 ἀρχῶν
3643 598 4026 671 ἐπειλημμένοι,
4091 607 4181 651 xui

2579 688 2644 735 τά
2672 686 2868 756 μεγάλα
2898 689 3041 760 παρά
3100 692 3325 758 Πέρσαις
3384 683 3686 759 δυνάμενοι,
3737 690 3824 740 άτε
3876 696 3964 741 καὶ
4010 710 4177 762 παρα-

2582 770 2982 836 δυναστεύοντες
3007 785 3078 844 τῷ
3111 779 3399 847 Περσάρχῃ
3433 783 3521 828 καὶ
3551 780 3643 838 τὰς
3700 779 3823 850 ύπέρ
3864 786 3954 829 τοῦ
4007 786 4181 829 κοινου

2582 859 2862 933 φροντίδας
2920 865 3398 936 συμμεριξόμενοι,
3463 868 3636 917 πᾶσάν
3706 885 3760 917 τε
3820 863 4016 937 σχεδόν
4067 863 4184 936 εἶχε

2579 957 2672 1008 τὴν
2729 958 3004 1022 Δαμασκόν
3053 973 3078 1004 ο
3139 958 3312 1024 πατὴρ
3379 958 3627 1026 Μανσοὺρ
3691 955 3779 1006 ὑπ’
3832 955 4007 1010 αὐτόν.
4059 955 4182 1007 ’Υπό

2579 1045 2680 1112 γάρ
2721 1049 2824 1101 τοῖς
2879 1040 3189 1114 βαρϐάροις,
3257 1046 3326 1104 ὡς
3385 1045 3539 1114 ἔφθην
3598 1043 3770 1109 εἰπὼν,
3826 1049 4086 1114 γεγονότες
4136 1045 4186 1095 οἱ

2581 1135 2841 1202 πρόγονοι,
2873 1136 2960 1182 καὶ
3012 1136 3233 1201 χρόνους
3287 1131 3462 1192 αὐτοῖς
3523 1131 3946 1203 συναμείψαντες,
3999 1133 4042 1184 εἰ
4091 1136 4181 1182 xui

2581 1224 2652 1292 μη
2709 1224 2800 1276 τὴν
2883 1223 3159 1293 θρησκείαν
3253 1227 3719 1291 μεταπεπτωκεσαν
3773 1238 3784 1248 ·
3845 1220 3951 1272 ἀλλ’
4000 1218 4086 1272 οὖν
4137 1220 4185 1271 ἐν

2581 1308 2828 1365 κλήσεσιν
2861 1308 3144 1380 ὀνομάτων,
3185 1307 3233 1359 ἐν
3303 1308 3561 1360 ἀναϐολῶν
3619 1315 3896 1380 σχήμασιν
3959 1308 4186 1380 ἐϐαρϐά-

2582 1416 2758 1470 ρισαν,
2791 1398 2851 1448 ἶν’
2883 1399 3050 1458 οὕτως
3087 1400 3305 1469 εἴποιμι,
3339 1402 3427 1449 xui
3455 1397 3755 1471 ἐπέρσισαν.

2658 1573 2726 1632 ζ’.
2770 1573 3034 1627 Ἐκαλεῖτο
3088 1580 3211 1644 γοῦν
3264 1578 3512 1646 Μανσοὺρ
3549 1576 3575 1625 ό
3631 1578 3802 1646 πατὴρ
3868 1577 4192 1646 Περσίκωτε-

2585 1681 2692 1733 ρον,
2722 1667 2810 1713 καὶ
2839 1661 3056 1713 πλεῖστα
3081 1665 3226 1735 παρά
3261 1667 3489 1735 Πέρσαις
3538 1663 3616 1733 (4)
3671 1662 3884 1733 ἐτιμᾶτο
3940 1683 3952 1694 υ
3985 1661 4193 1730 πλούτῳ

2586 1769 2640 1800 τε
2718 1749 3052 1822 περιερρεῖτο,
3117 1755 3206 1800 καὶ
3288 1747 3445 1812 δόξαν
3501 1747 3882 1814 ἐνεδιδύσκετο,
3938 1755 4028 1800 καὶ
4090 1750 4193 1800 ὑπὸ

817 1831 1199 1887 ambiebatur
1231 1847 1267 1886 a
1298 1832 1592 1904 frequenti
1622 1836 1928 1891 comitatu.
1956 1836 2367 1906 lndigentibus
2395 1837 2482 1890 in-
2517 1856 2555 1908 Β

2421 1852 2482 1890 n—
2517 1856 2555 1908 Β
2591 1847 2801 1909 συχνῶν
2827 1841 2962 1889 πάνυ
3016 1837 3397 1913 περιεϐέϐλητο,
3459 1835 3714 1910 δεομένοις
3766 1837 4019 1911 ἐπαρκῶν,
4073 1832 4192 1888 ἀδι-

818 1922 989 1978 terim
1024 1920 1451 1992 suppeditabat
1472 1925 1778 1993 pecunias,
1811 1924 2038 1981 ferebat
2070 1927 2354 1996 injuriam
2377 1943 2480 1998 pa-

815 2010 1099 2067 tientibus
1126 2026 1304 2081 opem
1337 2016 1392 2065 et
1429 2011 1765 2068 redimebat
1794 2015 2062 2086 captivos
2102 2014 2180 2070 ab
2207 2030 2476 2071 exsecra-

814 2100 919 2155 bili
947 2100 1263 2154 Persarum
1300 2102 1720 2172 superstitione
1750 2103 1929 2158 simul
1982 2109 2038 2159 et
2090 2121 2126 2159 a
2178 2104 2475 2175 gehenna,

812 2191 978 2261 ipsos
1017 2189 1242 2260 alioqui
1270 2195 1570 2252 manente,
1601 2192 1915 2247 vindicans
1943 2193 2002 2248 in
2035 2194 2325 2250 futurum.
2349 2197 2476 2250 Non

813 2285 1014 2335 autem
1063 2279 1177 2334 hoc
1226 2279 1483 2335 faciebat
1526 2281 1946 2354 perfunctorie,
2000 2284 2095 2338 vel
2143 2284 2295 2339 sicut
2343 2301 2474 2340 sors

813 2369 1045 2438 tulerat,
1081 2385 1287 2424 eorum
1317 2371 1646 2442 peragebat
1689 2373 2022 2442 negotium,
2070 2373 2214 2428 satis
2241 2373 2475 2430 habens

811 2459 1141 2514 redemisse
1179 2474 1281 2514 eos
1331 2464 1511 2532 atque
1551 2461 1627 2515 de
1669 2467 1881 2517 caetero
1940 2462 2242 2532 neglectos
2273 2463 2472 2518 dimit-

812 2554 943 2604 tens
977 2566 989 2602 :
1025 2547 1128 2602 sed
1161 2547 1427 2603 maxima
1456 2549 1614 2605 circa
1657 2567 1761 2605 eos
1791 2550 2070 2606 utebatur
2099 2551 2475 2623 providentia

809 2639 1146 2708 iterumque
1177 2641 1234 2692 et
1258 2637 1472 2692 iterum
1503 2639 1573 2693 iis
1602 2640 1911 2707 assistens,
1969 2655 2180 2695 omnes
2232 2640 2475 2696 insimul

810 2745 880 2783 ac
923 2727 1170 2781 seorsim
1212 2727 1479 2798 singulos
1532 2727 1801 2783 curabat.
1848 2729 2148 2801 Imprimis
2207 2746 2472 2801 namque

811 2833 1021 2873 eorum
1085 2817 1434 2886 contegebat
1486 2817 1844 2886 nuditatem,
1893 2824 1948 2874 et
2006 2819 2470 2875 imbecillitatem

811 2922 1135 2978 corporum
1183 2906 1449 2976 diligenti
1479 2908 1874 2979 competentis
1907 2908 2094 2963 victus
2119 2908 2347 2964 ratione
2387 2908 2472 2964 fo-

809 2996 989 3051 vebat
1014 3010 1281 3064 congruo
1310 2995 1528 3050 deinde
1555 3012 1808 3052 numero
1849 2997 2082 3052 dierum
2120 2999 2270 3069 ipsis
2313 2998 2474 3052 velut

811 3085 1076 3142 dominis
1107 3085 1230 3139 suis
1278 3085 1617 3152 intendens,
1669 3092 1724 3141 et
1775 3086 2071 3157 quidquid
2127 3087 2205 3142 ad
2262 3104 2472 3142 eorum

812 3176 1177 3231 commodum
1195 3175 1512 3246 pertineret
1525 3177 1786 3232 studiose
1803 3177 2124 3248 complens:
2149 3182 2473 3249 postquam

814 3265 893 3320 ab
919 3265 1205 3319 aerumnis
1219 3280 1343 3318 suae
1357 3265 1720 3336 captivitatis
1743 3272 2055 3338 exemptos
2089 3266 2474 3321 sufﬁcienter-

813 3371 930 3426 que
970 3360 1265 3409 recreatos
1289 3354 1528 3410 videbat
1563 3355 1642 3409 ad
1691 3356 2008 3426 pristinam
2041 3356 2284 3411 rediisse
2307 3357 2473 3411 vale—

814 3443 1106 3510 tudinem,
1147 3443 1404 3513 jubebat
1445 3445 1759 3512 benevole,
1801 3451 2004 3500 utrum
2046 3445 2310 3512 mallent,
2350 3445 2475 3501 edi-

816 3550 968 3600 cere,
1017 3550 1258 3589 manere
1286 3550 1424 3588 cum
1457 3535 1583 3605 ipso
1613 3535 1701 3590 vel
1732 3536 1894 3591 edire
1935 3536 2012 3591 ad
2043 3536 2308 3609 propria.
2342 3536 2476 3601 Qui-

817 3640 1056 3695 cunque
1110 3623 1288 3692 igitur
1338 3623 1414 3678 ad
1446 3623 1703 3679 reditum
1753 3624 1814 3679 in
1847 3625 2104 3697 patriam
2143 3625 2478 3696 propende-

814 3715 940 3780 bat,
975 3713 1332 3768 sufficientia
1375 3713 1488 3767 sibi
1517 3714 1795 3770 sumebat
1829 3716 2046 3770 viatica
2075 3720 2130 3770 et
2177 3715 2328 3769 inter
2356 3714 2477 3769 feli-

814 3805 898 3860 cis
950 3803 1174 3858 itineris
1214 3808 1350 3858 vota
1389 3803 1797 3859 dimittebatur
1826 3825 1837 3863 :
1867 3805 2091 3877 quibus
2146 3821 2287 3859 vero
2332 3804 2478 3859 nihil

815 3898 941 3949 erat
970 3894 1167 3966 potius
1196 3909 1384 3965 quam
1439 3909 1577 3948 cum
1609 3909 1680 3948 eo
1730 3895 1959 3949 versari
2011 3895 2071 3948 in
2113 3894 2478 3949 suburbanis

815 3985 974 4053 agris
1026 3999 1180 4054 quos
1220 3982 1568 4054 possidebat
1605 3983 1917 4054 plurimos,
1967 3983 2042 4037 iis
2083 3982 2477 4038 sufﬁcientem

812 4075 1099 4144 largeque
1130 4071 1546 4127 abundantem
1576 4071 1801 4127 ibidem
1835 4071 2339 4127 subministrabat
2395 4072 2476 4126 vi-

814 4169 996 4227 ctum,
1049 4161 1290 4216 delicias
1343 4161 1574 4215 eisdem
1636 4161 1932 4216 exhibens
1988 4161 2152 4216 nullo
2201 4161 2474 4232 ipsorum

812 4252 1020 4308 labore
1051 4251 1352 4322 quaesitas.
1402 4250 1553 4306 Talis
1592 4258 1717 4306 erat
1752 4255 1875 4306 vita
1922 4252 2260 4320 genitorum
2298 4253 2478 4306 Joan-

813 4342 924 4409 nis,
960 4341 1096 4395 talis
1125 4341 1311 4394 virtus
1346 4356 1555 4395 eorum
1588 4358 1600 4394 :
1634 4340 1715 4395 sic
1746 4345 2035 4396 vacantes
2071 4344 2187 4396 Deo
2215 4357 2284 4396 ac
2323 4357 2476 4413 puro

815 4431 945 4499 ejus
990 4429 1328 4494 famulatui,
1361 4446 1554 4485 annos
1597 4446 1738 4484 suos
1779 4447 1917 4485 cum
1949 4430 2474 4498 omni,honestate

813 4518 1272 4584 emetiebantur,
1304 4535 1544 4591 semper
1571 4519 1740 4574 illum
1787 4519 2081 4575 habentes
2110 4535 2233 4590 prae
2264 4519 2472 4590 oculis,

814 4615 871 4664 et
910 4625 1017 4663 sua
1048 4608 1256 4663 omnia
1306 4609 1422 4680 ipsi
1467 4615 1905 4672 consecrantes,
1950 4609 2045 4664 cui
2089 4613 2278 4664 totum
2323 4608 2474 4664 fere—

812 4698 962 4754 bant
989 4703 1328 4769 acceptum,
1372 4703 1427 4752 et
1456 4702 1700 4769 propter
1731 4713 1912 4770 quem
1953 4699 2228 4754 fortunas
2271 4714 2478 4754 omnes

812 4787 1263 4859 promptissime
1296 4787 1828 4842 communicabant
1860 4787 2273 4859 poscentibus.

883 4881 932 4932 8.
966 4876 1117 4942 Quid
1150 4881 1352 4931 autem
1402 4876 1601 4931 bonus
1657 4883 2075 4933 remunerator
2118 4879 2272 4932 Deus
2303 4879 2330 4934 ?
2359 4881 2475 4935 Ma-

814 4983 935 5037 gna
950 4967 1472 5021 extremisreserva
1484 4983 1573 5030 ns,
1602 4967 1994 5037 temporibus,
2016 4983 2309 5037 magnum
2332 4969 2480 5040 quid

813 5058 1062 5128 largitus
1103 5056 1185 5111 eis
1209 5056 1340 5113 fuit.
1372 5057 1599 5112 Etenim
1649 5056 1933 5113 diuturna
1975 5056 2320 5113 laborantes
2371 5065 2479 5114 ste-

812 5149 1023 5205 rilitate
1057 5152 1112 5203 et
1141 5146 1411 5202 sobolem
1444 5147 1572 5217 jam
1604 5146 1706 5201 diu
1751 5147 2164 5220 desperantes,
2197 5155 2476 5220 parentes

813 5240 1027 5307 effecit,
1069 5245 1125 5293 et
1158 5237 1406 5310 quidem
1451 5237 1734 5293 masculm
1791 5238 1976 5310 prolis
2027 5245 2324 5310 parentes,
2395 5246 2475 5296 ta-

810 5330 1002 5402 lisque
1024 5328 1128 5383 ﬁlii
1153 5343 1336 5399 quem
1377 5327 1558 5381 simul
1585 5343 1722 5382 cum
1757 5328 1966 5383 Gratiis
1990 5333 2197 5383 natum
2227 5329 2360 5400 quis
2389 5330 2474 5384 di-

809 5419 978 5486 xerit,
1003 5435 1074 5473 eo
1104 5416 1272 5490 quod
1298 5432 1419 5472 non
1443 5416 1638 5472 solum
1669 5416 1855 5472 illosa
1874 5417 2185 5489 praeteritas
2209 5417 2474 5474 infecun-

881 5593 957 5664 (4)
983 5590 1226 5664 Videtur
1262 5593 1489 5654 anctor,
1531 5587 1712 5643 veluti
1730 5604 1806 5664 ex
1839 5588 1930 5664 sui
1995 5588 2286 5664 temporis
2333 5606 2467 5664 usu,

802 5659 1177 5722 honOratiori
1227 5664 1539 5716 Persarum
1570 5659 1967 5733 appellatione
2021 5659 2352 5715 Saracenos
2383 5661 2468 5716 di-

801 5737 995 5810 gnari,
1039 5742 1101 5795 ut
1138 5736 1242 5807 qui
1285 5735 1418 5809 jam
1468 5733 1609 5788 inde
1659 5733 1738 5789 ab
1791 5747 1955 5788 anno
1996 5735 2121 5800 628,
2166 5733 2461 5789 exstincto
2545 5777 2547 5780 ‹

2588 1933 2856 1999 κουμένοις
2886 1927 3115 1999 βοηθῶν,
3175 1927 3540 1998 αἰχμαλώτους
3594 1929 3889 1998 ὠνούμενος,
3946 1931 4035 1977 καὶ
4097 1932 4196 1984 τῆς

2589 2015 2809 2087 ἀναγους
2871 2019 3150 2089 θρησκείας
3228 2024 3439 2088 Περσῶν
3495 2023 3584 2068 καὶ
3639 2036 3847 2088 συναμα
3896 2024 3986 2075 τῆς
4043 2034 4191 2088 περι-

3743 2106 3852 2158 Ούκ
3907 2105 4067 2163 ἄλλως
4131 2100 4192 2155 δὲ

2587 2195 2838 2261 ἐξωνεῖτο,
2902 2201 2991 2247 καὶ
3049 2198 3116 2256 ὡς
3181 2198 3364 2266 ἔτυχεν
3419 2194 3638 2247 ἐποιεῖτο
3691 2198 3756 2246 τά
3805 2195 3920 2245 κατ’
3978 2193 4191 2257 αὐτούς,

2587 2110 2839 2177 μενούσης
2907 2109 3025 2158 ἔνθα
3105 2110 3307 2177 γεέννης
3389 2109 3654 2180 ῥυόμενος.

2587 2282 2945 2356 ἀπαμελητούς
2995 2287 3172 2336 ἔπειτα
3208 2288 3410 2358 παριεὶς
3440 2289 3673 2356 καὶπερὶ
3725 2282 4008 2354 ἐλαχίστου
4055 2284 4192 2333 τιθέ-

2585 2393 2752 2445 μενος,
2788 2373 2914 2425 ἀλλὰ
2946 2377 3039 2425 σὺν
3072 2376 3202 2425 πάνυ
3258 2393 3317 2444 γε
3358 2372 3516 2445 πολλῇ
3575 2381 3637 2444 τῇ
3689 2378 3907 2447 προνοίᾳ
3959 2372 4194 2431 εἰσαῦθίς

2583 2482 2636 2514 τε
2723 2463 2901 2524 αὐτοῖς
2991 2461 3339 2534 ἐφιστάμενος,
3395 2467 3484 2513 καὶ
3538 2461 3758 2534 ἀθρόους
3813 2463 3942 2533 ὁμοῦ
3991 2463 4192 2522 πάντας

2583 2557 2672 2603 καὶ
2715 2549 2829 2624 ἰδίᾳ
2854 2557 2942 2603 καὶ
2977 2551 3094 2603 καθ’
3141 2552 3227 2603 ἕνα
3265 2550 3712 2623 ἐπισκεπτόμενος.
3742 2553 3818 2603 Τὰ
3867 2557 4051 2622 πρῶτα
4102 2554 4192 2600 καὶ

2581 2645 2682 2717 γὰρ
2723 2647 2816 2699 τὴν
2875 2651 2970 2702 τῆς
3032 2641 3406 2712 αἰχμαλωσίας
3462 2640 3656 2702 ἐκείνης
3719 2639 4038 2713 περιέστελλε
4092 2642 4192 2710 γύ-

2583 2751 2799 2803 μνωσιν,
2837 2735 2927 2781 καὶ
2986 2738 3058 2800 τῷ
3115 2739 3209 2790 τῆς
3263 2725 3471 2789 διαίτης
3524 2728 3752 2801 ἐπιμελεῖ
3799 2726 4142 2799 ἀνελάμϐανεν
4177 2748 4189 2759 ·

2586 2824 2781 2880 ἱκαναῖς
2811 2816 2859 2871 δ’
2886 2821 3103 2892 ἡμέραις
3131 2820 3282 2870 οἱονεί
3338 2838 3448 2870 τισι
3501 2815 3784 2879 δεσπόταις
3847 2822 4192 2890 προσανέχων

2585 2910 2778 2974 αὐτοῖς,
2815 2915 2905 2960 xui
2971 2916 3071 2960 πᾶν
3127 2911 3248 2982 ὅπερ
3307 2909 3378 2967 εἰς
3435 2911 3707 2980 θεραπείαν
3761 2915 4017 2958 συντεῖνον
4071 2902 4192 2978 ᾔδει

2585 2996 2678 3050 διὰ
2763 2995 3002 3060 σπουδῆς
3060 3000 3368 3070 ποιούμενος
3435 2995 3744 3070 ἐκπληροῦν,
3804 2993 4012 3048 ἐπειδὰν
4071 2991 4193 3067 ᾔδει

2583 3094 2672 3139 καὶ
2702 3087 2873 3139 ἕϐλεπε
2910 3131 2922 3154 ,
2987 3095 3080 3148 τῆς
3111 3087 3168 3138 ἐκ
3221 3094 3315 3146 τῆς
3349 3086 3629 3146 λεηλασίας
3672 3085 3836 3137 τέλεον
3874 3084 4193 3145 τληπαθείας

2585 3177 2966 3247 ἀπαλλαγέντας
3027 3181 3116 3226 xui
3164 3178 3349 3236 ἱκανῶς
3421 3173 3865 3248 ἀναῤῥωσθέντας,
3943 3177 4074 3246 πρὸς
4139 3191 4193 3223 τε

2584 3273 2677 3325 την
2724 3268 2906 3319 ἑαυτοῦ
2938 3268 3155 3318 ἕκαστον
3212 3264 3649 3324 ἐπανεληλυθότας
3686 3266 3909 3334 ὑγίειαν,
3949 3267 4008 3314 τὸ
4063 3266 4193 3336 πρὸς

2587 3356 2842 3429 βούλησιν
2896 3355 3213 3426 ἐξαγορεύειν
3287 3351 3484 3415 δεξιαῖς
3544 3353 3798 3405 ἀνέπειθεν
3853 3352 4192 3426 ἐρωτήσεσιν.

2583 3447 2678 3506 ”Ο;
2710 3442 2794 3497 οὖν
2827 3447 3000 3517 ᾑρεῖτο
3039 3450 3268 3495 συνεῖναι
3323 3451 3484 3500 συνῆν
3511 3464 3521 3474 ·
3557 3443 3607 3502 ὃς
3657 3439 3716 3494 δὲ
3754 3446 3846 3498 την
3897 3445 4028 3513 πρὸς
4079 3446 4197 3500 τοὺς

2586 3536 2808 3596 οἰκείους
2859 3534 3206 3606 προύθυμεῐτο
3301 3529 3561 3590 δήπουθεν
3646 3531 3974 3598 στείλασθαι,
4015 3525 4198 3601 ἐφόδιό

2586 3646 2639 3678 τε
2671 3623 2947 3696 ἐλάμϐανεν
2989 3623 3281 3696 αὐτάρκως,
3337 3628 3427 3674 καὶ
3460 3622 3645 3694 εὐχαῖς
3707 3617 3937 3681 εύοδίαις
3997 3619 4199 3681 συνεξε-

2587 3719 2814 3786 πέμπετο
2849 3735 2860 3745 -
2892 3716 3005 3764 ἔστι
3036 3709 3096 3764 δὲ
3125 3717 3214 3764 καὶ
3265 3713 3338 3772 οἷς
3399 3715 3499 3785 πρὸ
3566 3714 3759 3772 παντὸς
3810 3709 3966 3761 ἀλλον
4020 3712 4198 3759 τουτοί

2591 3804 2866 3870 στέρξασιν
2925 3801 2972 3853 ἐν
3028 3806 3377 3876 προαστείοις,
3435 3800 3483 3852 ἐν
3538 3799 3720 3872 ἀγροῖς
3775 3799 4053 3866 (πλεῖστοι
4096 3800 4196 3872 γὰρ

2588 3893 2727 3963 αύτῴ
2780 3896 3055 3964 προσόντες
3109 3889 3432 3962 ἐτύγχανον)
3479 3891 3650 3941 ἄνετον
3689 3894 3782 3946 την
3843 3884 4050 3939 δίαιταν
4091 3883 4200 3937 ἐδί-

2588 3978 2685 4033 δου
2713 3986 2802 4032 καὶ
2855 3982 3092 4051 ἄφθονον,
3170 3985 3259 4031 καὶ
3320 3984 3513 4054 τρυφὴν
3550 3978 3714 4030 ἐκεῖσε
3761 3985 4013 4050 παρεῖχεν
4061 3977 4198 4048 οἶμο-

2585 4074 2717 4144 χθον
2770 4076 2858 4121 καὶ
2940 4070 3208 4143 ἀνήροτον.
3277 4076 3518 4128 Τοιοῦτος
3582 4077 3681 4119 τῶν
3734 4070 4113 4139 γεγεννηκότων
4172 4067 4199 4116 ό

2587 4160 2724 4233 βίος,
2780 4162 2998 4217 ταιαύτη
3056 4159 3258 4211 ἐκείνων
3316 4161 3344 4216 ἡ
3406 4158 3559 4230 ἀρετὴ
3603 4179 3615 4190 ·
3674 4158 3809 4208 οὕτω
3866 4175 3919 4207 τε
3956 4163 4029 4224 τῷ
4081 4163 4197 4224 Θεῷ

2585 4253 2908 4322 λατρεύοντες
2969 4250 3211 4320 καθαρῶς
3263 4253 3357 4306 τὴν
3408 4248 3548 4307 ζωὴν
3596 4246 3762 4306 καλῶς
3820 4243 4190 4318 ἐξεμέτρησαν,

2585 4344 2713 4392 Θεὸν
2745 4339 2821 4392 ἀεὶ
2859 4343 2959 4411 πρὸ
3020 4337 3293 4410 ὀφθαλμῶν
3344 4340 3571 4408 ἔχοντες,
3647 4340 3737 4386 xui
3792 4342 3905 4404 Θεῷ
3956 4336 4020 4385 τά
4077 4334 4193 4384 κατ’

2583 4429 2768 4489 αύτούς
2817 4427 3153 4500 ἀναρτῶντες,
3207 4432 3293 4478 καὶ
3337 4429 3501 4496 τούτῳ
3551 4431 3650 4476 πᾶν
3710 4423 4042 4488 ἀνατιθέντες,
4107 4427 4198 4473 καὶ

2585 4515 2656 4570 δι’
2694 4519 2849 4570 αύτόν
2870 4522 3168 4591 προχείρως
3198 4518 3330 4587 ἄγαν
3360 4519 3427 4567 τὰ
3458 4519 3722 4588 προσόντα
3776 4520 3884 4575 τοῖς
3939 4510 4195 4585 βουλομέ-

2583 4629 2683 4668 νοις
2710 4612 3050 4682 παρέχοντες.

2657 4873 2728 4931 η’.
2763 4878 2825 4926 Τί
2854 4881 2976 4944 γοῦν
3008 4875 3033 4924 ό
3061 4872 3256 4943 ἀγαθὸς
3303 4867 3712 4944 μισθαποδότης
3751 4874 3918 4936 Θεός;
3980 4868 4202 4939 Μεγάλα

2586 4963 2663 5016 ἐπ’
2720 4963 2961 5035 ἐσχάτων
3025 4966 3306 5035 ταμιεύων,
3385 4960 3590 5033 μεγάλῳ
3649 4958 3917 5011 κάνταῦθα
3983 4962 4203 5019 τούτους

2588 5050 2907 5126 δεδώρηται.
2954 5057 3054 5105 Καὶ
3105 5055 3204 5126 γάρ
3258 5053 3452 5103 τέθεικε
3504 5057 3754 5122 πατέρας,
3818 5052 4052 5123 μακροὺς
4087 5044 4197 5105 ἤδη

2584 5148 2810 5217 χρόνους
2836 5147 2929 5200 τὴν
2957 5138 3211 5193 ἀπαιδίαν
3241 5137 3669 5211 δυστυχοῦντας,
3701 5144 3791 5191 xui
3856 5143 3949 5195 τὴν
4007 5147 4203 5190 τέκνω-

2587 5253 2668 5284 σιν
2693 5237 2748 5284 τό
2801 5232 3031 5292 παντελὲς
3081 5231 3466 5289 ἀπελπίσαντος
3518 5246 3531 5258 '
3585 5233 3674 5280 xui
3724 5233 3926 5300 πατέρα
3987 5227 4201 5301 ἄρρενός

2582 5343 2635 5374 τε
2661 5319 2875 5384 παιδός,
2935 5327 3025 5373 καὶ
3085 5321 3294 5373 αύτοθεν
3350 5320 3502 5380 εὐθὺς
3565 5321 3994 5391 συγγεννηθέντος
4032 5314 4204 5388 (εἶπεν

2581 5413 2641 5465 οἷν
2669 5415 2767 5481 τις)
2831 5420 2946 5473 ταῖς
2996 5414 3223 5486 Χάρισιν
3285 5427 3298 5439 ·
3351 5409 3456 5480 οὐχ
3504 5410 3585 5460 ὅτι
3629 5416 3755 5479 γοῦν
3809 5416 3900 5468 τῆς
3950 5411 4209 5481 προτέρας

2579 5585 2838 5643 Chosroe
2858 5587 2913 5638 et
2940 5582 3075 5636 ﬁliis
3109 5583 3260 5652 ejus,
3304 5579 3625 5652 imperium
3644 5578 3898 5635 Orientis
3919 5581 4202 5649 ereptum

2577 5656 2766 5713 Persis
2793 5660 3132 5712 tenuerunt.
4029 5664 4032 5667 ‘
