4484 6446
311 441 413 495 821

315 564 399 617 ἐπὶ
439 570 501 634 τῇ
547 565 820 632 στειρῶσει
870 555 1037 614 λύπης
1097 550 1412 623 ἀφαιρεῖται,
1471 543 1598 596 ἀλλὰ
1653 548 1741 594 καὶ
1774 542 1921 594 πλεί-

314 673 443 712 στης
481 648 590 710 ἤδη
648 656 743 708 τῆς
781 646 1031 716 εὐθυμίας
1083 638 1393 711 ἐμπίπλησι,
1459 642 1521 704 τῇ
1581 640 1672 684 τού
1711 650 1918 702 γεγενη-

315 747 470 814 μένον
498 739 549 802 ἐξ
590 738 750 797 αύτῆς
800 726 1032 808 προόδου
1099 727 1312 797 καλλονῇ
1357 743 1409 776 τε
1463 729 1550 774 καὶ
1612 725 1915 793 ὡραιότητι,

313 834 374 883 τὸ
404 838 496 881 τού
524 830 680 886 ἤθους
732 825 782 885 ἐς
834 827 995 875 νέωτα
1037 822 1255 896 κόσμιόν
1298 833 1351 865 τε
1409 817 1496 864 καὶ
1552 816 1738 882 χαρίεν
1797 806 1918 868 δοὺς

314 919 495 979 αὐτοῖς
532 913 1006 990 προφοιϐάζεσθαι.
1059 909 1145 959 Ἐκ
1192 906 1438 957 τοιούτων
1488 905 1514 952 ό
1563 903 1722 970 μέγας
1772 898 1917 958 οὗτος

310 987 636 1078 γεγέννηται,
693 1001 747 1053 ἐκ
801 1001 1047 1056 τοιαύτης
1113 996 1138 1046 ό
1180 995 1310 1052 θεῖος
1366 991 1566 1062 καρπὸς
1615 996 1704 1046 τῆς
1767 987 1918 1059 ῥίζης

311 1095 766 1167 τετελεσφόρηται,
826 1088 880 1140 ἐκ
953 1088 1216 1138 τοσούτων
1254 1086 1346 1138 τὴν
1406 1078 1589 1150 ἀρετὴν
1642 1078 1667 1127 6
1725 1079 1916 1132 ταύτην

311 1163 670 1258 ἀπαράμιλλος
733 1176 1094 1252 προελήλυθεν,
1158 1165 1370 1226 Ἐπειδή
1437 1163 1494 1218 δε
1550 1171 1635 1216 καὶ
1702 1163 1916 1236 προελη-

309 1273 453 1334 λυθε,
521 1272 767 1344 παραυτά
839 1273 912 1335 τῷ
987 1262 1322 1335 βαπτίσματι
1397 1256 1786 1324 καθαγνίζεται.
1848 1252 1916 1304 ’Ὠ

313 1361 477 1421 ζήλου
507 1363 693 1430 γονέων
726 1357 737 1410 !
771 1357 811 1406 ὡ
840 1360 1060 1413 πίστεως
1093 1349 1407 1421 ἀκραιφνοῦς
1463 1344 1473 1397 Ξ
1545 1344 1584 1394 ὦ
1653 1339 1913 1414 διαπύρου

314 1428 529 1524 φῧιτρού
551 1450 676 1522 πρὸς
705 1448 892 1515 Κύριον
927 1442 938 1495 !
970 1439 1080 1492 Ούκ
1110 1442 1318 1512 ἔτρεσαν
1349 1439 1434 1486 τόν
1490 1431 1646 1489 ἀσεϐῆ
1721 1428 1755 1482 δ
1760 1436 1914 1483 εσπό-

311 1558 429 1604 την,
480 1537 538 1589 ού
613 1539 729 1594 τούς
785 1532 832 1584 ἐν
883 1530 1012 1583 τέλει
1049 1532 1138 1579 καὶ
1188 1528 1491 1596 συνάρχους
1551 1519 1794 1586 ἔπτηξαν,
1854 1519 1913 1571 οὐ

315 1625 492 1698 δήμου
521 1624 749 1695 ἀλογίαν,
792 1620 885 1672 ούκ
916 1621 1085 1677 ἔθνους
1144 1614 1387 1666 ἀπόνοιαν
1446 1606 1738 1661 ἐδειλίασαν
1799 1629 1810 1640 ·
1855 1608 1912 1658 ού

312 1712 477 1777 δόξης
522 1716 843 1784 ἰφρόντισαν,
899 1708 956 1759 ού
988 1705 1300 1778 χρημάτων,
1353 1699 1447 1752 ούκ
1499 1695 1649 1749 όλϐον
1714 1694 1915 1747 πολυει-

312 1800 460 1866 δούς,
512 1797 722 1860 όύδενός
762 1797 936 1857 ἁπλῶς
991 1803 1089 1846 τῶν
1140 1799 1244 1850 τοῖς
1288 1788 1490 1846 πολλοῖς
1543 1792 1660 1858 περὶ
1724 1783 1913 1836 πολλοῦ

305 1894 678 1962 τυγχανόντων
729 1890 928 1944 τούτοις
1008 1881 1328 1953 ἀμωσγέπως
1409 1875 1652 1947 ἐμέλησεν
1711 1894 1723 1905 ·
1786 1871 1912 1923 ἀλλὰ
1943 1887 1984 1938 Β

306 1989 408 2031 τῶν
449 1980 654 2030 πάντων
693 1979 721 2033 η
787 1979 1034 2046 στέρησις
1087 1972 1156 2028 ὡς
1209 1962 1359 2019 ούδεν
1419 1966 1764 2036 ύπερεωρᾶτο,
1822 1965 1911 2012 καὶ

305 2074 460 2141 μόνος
518 2070 544 2118 ό
583 2074 675 2119 τοῦ
729 2071 864 2116 Θεοῦ
911 2063 1070 2121 πόθος
1128 2061 1457 2131 προετιμᾱπο,
1525 2057 1614 2103 καὶ
1667 2050 1912 2123 λαμπρῶς

714 2149 883 2205 Ούδεν
969 2146 1056 2201 οὖν
1112 2148 1233 2218 ὅπερ
1308 2143 1601 2215 ύπεθραξαν
1659 2138 1911 2195 ἀναϐολήν

1398 2254 1408 2264 ·
1467 2229 1572 2281 ἀλλ“
1632 2229 1684 2292 ἐξ
1751 2229 1912 2287 αὐτῆς

304 2159 626 2232 προετίθετο.

304 2267 422 2298 τινα
487 2250 576 2296 καὶ
646 2244 922 2314 ὑπέρθεσιν
1005 2237 1344 2309 ἐμπεποίηκεν

307 2337 463 2388 αὑτὸν
493 2337 722 2405 ἡγίασαν
767 2340 861 2390 τῆς
911 2333 1157 2399 γενέσεως
1215 2317 1528 2394 ἀναφανδόν,
1583 2319 1688 2389 ούχ
1746 2320 1815 2379 ὡς
1865 2322 1916 2374 οἱ

308 2428 408 2496 πρό
441 2423 609 2474 αὐτῶν
664 2420 835 2490 λάθρα
883 2412 1033 2470 τοῦτο
1092 2410 1517 2486 διεργασάμενοι,
1583 2410 1756 2478 ἔμοιγε
1825 2401 1912 2456 δο-

310 2521 438 2578 κεῖν,
488 2517 579 2563 καὶ
623 2511 813 2562 ἄνωθεν
857 2507 928 2568 εἰς
977 2512 1129 2556 τούτο
1187 2505 1624 2570 κατεπειγόμενοι.
1664 2496 1757 2546 Ὄν
1811 2496 1912 2567 γάρ

311 2606 630 2676 προέγνωκεν
661 2601 686 2650 6
727 2601 873 2665 Θεὸς,
929 2600 1020 2646 καὶ
1082 2596 1214 2667 πρὸς
1268 2594 1361 2642 τόν·
1409 2596 1505 2650 τῆς
1560 2587 1744 2638 ἑαυτοῦ
1792 2582 1918 2657 πόρ-

311 2693 473 2765 ῥωθεν
568 2691 825 2760 ἀφώρισεν
941 2684 1255 2742 Ἐκκλησίας
1347 2678 1726 2751 καταρτισμὸν,
1822 2675 1914 2725 ούκ

314 2778 555 2849 ἠνέσχετ’
600 2776 660 2828 ἂν
711 2772 778 2832 δὴ
836 2773 1027 2826 αύτίκα
1062 2779 1134 2840 τῷ
1173 2769 1436 2842 προελθεῖν
1475 2765 1912 2834 καθαγνισθῆναι,

1347 2678 1726 2751 καταρτισμὸν,

312 2873 403 2919 καὶ
450 2868 562 2938 ἅμα
610 2873 680 2935 τῷ
722 2862 1038 2915 ἀναπνεῦσαι
1105 2858 1511 2929 ἀναγεννηθῆναί
1541 2873 1594 2906 τε
1647 2857 1737 2904 καὶ
1793 2851 1914 2902 ἀνα-

313 2957 610 3014 πλασθῆναι
645 2960 738 3014 τὴν
789 2958 1006 3028 κρεὶττω
1054 2970 1109 3002 τε
1141 2954 1232 3000 καὶ
1286 2950 1544 3018 θειοτέραν
1579 2943 1915 3014 ἀναγίννησιν

307 3053 399 3099 καὶ
430 3045 738 3098 ἀνάπλασιν.

383 3218 450 3272 θ’.
478 3217 613 3269 Ἀλλ’
641 3211 822 3273 ἐπειδὴ
872 3219 963 3272 τὴν
998 3211 1250 3287 βρεφικήν
1308 3206 1670 3281 παραμείψας,
1729 3209 1918 3278 ὡραῖος
1949 3239 1989 3294 C

310 3309 378 3358 ὡν
409 3306 666 3378 ἐτύγχανε
693 3310 782 3356 καὶ
826 3300 1169 3363 παιδεύσεως,
1227 3301 1321 3352 ούκ
1376 3293 1588 3350 ἀπείδον
1652 3296 1700 3347 οἱ
1741 3300 1917 3366 σεμνοὶ

310 3401 612 3469 γεννήτορες
667 3398 758 3445 καὶ
828 3395 1096 3445 θεσπέσιοι
1161 3396 1227 3450 εὶς
1279 3385 1623 3457 παιδοτρίϐας
1692 3403 1917 3456 σωματι-

313 3489 460 3552 κούς,
518 3487 588 3545 ὡς
645 3483 704 3535 ἀν
745 3484 770 3534 6
827 3490 946 3541 παῖς
985 3481 1159 3540 αύτοῖς
1212 3479 1408 3551 εύφυῶς
1471 3474 1721 3532 ἀσκήσειε
1773 3473 1918 3534 τόξον

315 3572 804 3645 μεταχειρίζεσθαι,
837 3575 926 3622 καὶ
963 3568 1210 3630 καθάπαξ
1269 3571 1386 3639 περὶ
1444 3567 1622 3637 μάχας
1673 3569 1762 3614 καὶ
1819 3583 1920 3614 πο-

314 3661 498 3734 λέμους
524 3657 819 3730 εύδοκιμεῖν
863 3681 874 3692 ·
928 3657 1032 3710 ἀλλ’
1072 3654 1196 3710 οὐδὲ
1248 3660 1370 3715 τούς
1435 3653 1519 3706 ἐπὶ
1582 3660 1688 3714 τοῖς
1741 3672 1922 3724 γυμνι-

316 3759 424 3811 κοῖς
466 3753 824 3822 γυμνάσοντας
863 3747 1062 3819 ἀγῶσιν
1120 3746 1402 3815 ἐζήτησαν,
1463 3747 1531 3806 ὡς
1583 3741 1641 3794 ἂν
1683 3739 1749 3799 δη
1793 3762 1923 3812 πυγ-

317 3846 421 3913 μὴν
459 3835 898 3913 παιδοτριϐηθείη
957 3835 1389 3907 διαγωνίζεσθαι,
1444 3835 1646 3905 κούφως
1693 3850 1746 3882 τε
1797 3832 1922 3882 θέειν

316 3937 404 3983 τόν
437 3926 669 3994 δίαυλον,
708 3934 796 3980 καὶ
828 3925 1088 3980 δισκεύειν
1120 3926 1364 3997 εύχερῶς,
1423 3929 1513 3975 καὶ
1571 3919 1788 3994 δόλιχον
1837 3922 1923 3972 άλ-

313 4019 517 4082 λεσθαι,
566 4019 594 4076 ἡ
628 4023 718 4070 καὶ
780 4017 917 4090 ωάλη
981 4021 1100 4077 τούς
1160 4016 1224 4075 εἰς
1273 4021 1461 4086 χεῖρας
1517 4013 1680 4071 ἰόντας
1740 4007 1923 4073 δεξιῶς

311 4107 651 4160 καταϐάλλειν
682 4113 771 4159 καὶ
820 4111 1100 4180 νικηφόρος
1147 4104 1465 4156 ἀνίστασθαι
1495 4119 1506 4131 ·
1539 4100 1643 4152 ἀλλ’
1690 4099 1922 4161 ἐζητεῖτο

311 4193 599 4257 παιδευτὴς
637 4195 946 4268 ἀξιόχρεως,
979 4197 1033 4256 6;
1073 4193 1130 4245 ἂν
1172 4191 1333 4250 εἰδείη
1396 4192 1764 4266 ῥυθμίσασθαι
1815 4189 1923 4259 ψυ-

314 4291 446 4357 χὴν,
503 4295 776 4357 κοσμῆσαι
836 4293 1004 4357 σῶμα,
1075 4289 1163 4335 καὶ
1224 4290 1336 4352 Θεῷ
1410 4290 1778 4356 παραστῆσαι,
1833 4283 1922 4330 καὶ

316 4375 492 4435 ἀπλὼς
523 4373 633 4426 ἀντὶ
669 4377 892 4446 χθονίου
951 4381 1292 4430 καταστῆσαι
1346 4369 1618 4442 ἀγγελικόν
1672 4389 1789 4420 τινα
1835 4373 1925 4419 καὶ

317 4465 575 4536 ούράνιον,
613 4464 880 4526 Ἐξητείτο
910 4465 999 4533 μεν
1058 4461 1197 4523 ἄξιος
1244 4457 1534 4520 παιδευτὴς
1578 4481 1589 4492 ·
1661 4457 1766 4509 ἀλλ’
1836 4461 1922 4508 ού-

318 4572 500 4626 μενουν
539 4553 646 4624 ούχ
686 4553 953 4626 εὑρίσκετο
985 4569 995 4580 ’
1050 4547 1110 4608 ἦν
1140 4553 1241 4625 γὰρ
1298 4555 1387 4602 καὶ
1437 4549 1694 4610 παντελῶς
1733 4549 1925 4619 οἷπορον

318 4597 494 4626 Γννν-
543 4597 646 4624 "I.
686 4597 950 4626 "r"""'
1148 4597 1237 4625 1";
1299 4597 1387 4602 -----
1739 4597 1780 4599 ν-
1819 4597 1890 4619 γέ

318 4643 369 4694 ἐν
434 4640 721 4715 βαρϐάροις
792 4645 877 4692 τόν
931 4639 1154 4698 Ἕλληνα
1210 4636 1603 4712 διηκριϐωκότα
1638 4637 1788 4708 λόγον
1842 4638 1925 4688 εύ-
1963 4597 2002 4650 D

320 4739 448 4804 ρεῖν,
492 4736 580 4782 καὶ
618 4735 775 4801 μέσον
826 4728 1024 4781 ἀσεϐῶν
1079 4725 1231 4802 ἀνδρὶ
1279 4732 1411 4780 κατα
1452 4732 1577 4778 Θεὸν
1630 4727 1784 4787 ζῶντι
1840 4746 1926 4778 πε-

320 4827 582 4892 ριτυχεῖν,
613 4824 704 4870 καὶ¹
764 4822 920 4889 ἱκανῷ
949 4837 1009 4888 γε
1045 4822 1175 4892 πρός
1205 4817 1286 4869 ἐπὶ
1311 4821 1508 4876 τούτοις
1547 4813 1667 4875 ἦθος
1724 4817 1927 4886 ἀνθρω-

322 4928 425 4961 που
465 4913 594 4980 πρὸς
624 4913 682 4961 τὸ
720 4917 952 4983 κρεῖττον
996 4914 1086 4960 καὶ
1128 4910 1375 4980 θειότερον
1424 4905 1655 4977 ἀγαγεῖν.
1690 4905 1784 4957 Ἠν
1842 4901 1928 4956 οὖν

322 5000 348 5049 6
381 5003 554 5072 πατὴρ
582 4997 629 5050 ἐν
671 4997 909 5073 ἀπορίᾳ(
941 5001 1106 5068 τούτῳ
1153 4999 1252 5071 γὰρ
1313 4996 1502 5068 μᾶλλον
1552 4998 1580 5052 η
1616 5000 1732 5066 περι
1776 4991 1930 5046 τούδε

324 5093 533 5159 φροντὶς
599 5086 882 5154 ἐνέκειτο),
955 5093 1045 5138 καὶ
1127 5091 1260 5138 οὕτω
1339 5087 1588 5138 πάντοθεν
1672 5084 1926 5148 ἀνεζήτει,

322 5177 414 5228 άτε
445 5177 530 5228 ἐπὶ
559 5179 735 5238 πάσης
798 5178 1002 5248 ἰσχύων
1059 5185 1154 5236 τῆς
1214 5175 1384 5249 ἀρχῆς
1441 5173 1638 5246 μεγάλα
1696 5180 1924 5244 Περσῶν,

319 5270 408 5316 καὶ
443 5268 745 5338 πανταχόθι
782 5269 978 5326 ταύτης
1029 5273 1358 5339 περιγοιτῶν,
1417 5269 1506 5315 καὶ
1557 5267 1642 5313 τόν
1699 5270 1930 5314 τοιοῦτον

321 5354 610 5425 ἀνιχνεύων
638 5357 749 5407 ὅθεν
780 5354 839 5406 ἂν
878 5360 967 5406 καὶ
1012 5357 1322 5423 θηράσαιτο.
1375 5361 1503 5414 Θεος
1535 5349 1593 5404 δὲ
1631 5353 1753 5424 ἄρα,
1786 5354 1810 5403 6
1840 5347 1933 5402 διὰ

321 5454 423 5498 τῶν
455 5443 691 5496 ἐναντίων
719 5448 783 5496 τά
824 5445 1025 5496 ἐναντία
1068 5445 1347 5516 οἰκονομῶν
1413 5448 1501 5494 καὶ
1547 5443 1720 5512 λόγοις
1777 5440 1932 5515 ἀπορ-

323 5537 500 5610 ρήτοις
540 5531 792 5604 διεξάγων
823 5537 887 5586 τὰ
939 5534 1054 5586 καθ’
1100 5537 1237 5606 ἡμᾶς
1304 5535 1516 5602 ἄνωθεν,
1571 5536 1660 5582 καὶ
1708 5535 1771 5583 τὰ
1818 5535 1934 5602 περὶ

327 5627 517 5676 τούτου
574 5632 744 5695 σοφῶς
784 5620 1018 5682 διετίθει,
1074 5631 1163 5676 καὶ
1215 5623 1474 5699 πόρρωθεν
1517 5623 1802 5679 συνήλαυνε
1848 5625 1934 5673 τόν

330 5717 471 5767 κατά
499 5717 769 5788 πρόθεσιν,
792 5720 882 5767 καὶ
910 5716 1178 5788 μαχροθεν
1226 5722 1464 5789 προσῆγε
1501 5716 1589 5765 τόν
1631 5732 1767 5764 κατα
1809 5709 1933 5785 βούο

1520 418 1589 473 ΙΝ
1631 416 1686 473 S.
1724 415 1918 471 JOAN.
1959 409 2456 470 DAMASCENUM.

3574 385 3683 441 822

2032 539 2233 593 ditatis
2265 533 2545 590 maestitia
2582 527 2876 594 liberavit,
2923 537 3136 578 verum
3177 518 3359 574 etiam
3406 512 3698 586 jucundi.

2030 631 2146 682 tate
2175 640 2360 696 quam
2391 621 2659 676 maxima
2689 614 2974 688 implevit,
3025 610 3322 678 insignem
3374 603 3452 659 ab
3501 601 3693 674 ipsius

2030 717 2176 771 uteri
2217 729 2464 783 egressu
2526 711 2779 764 formam
2814 704 3012 758 vultus
3079 706 3259 771 atque
3329 691 3691 762 elegantiam

2029 804 2370 876 praeferens.
2405 799 2566 855 unde
2597 798 2683 852 eis
2721 794 2979 850 dabatur
3029 787 3294 854 occasio,
3349 777 3693 850 augurandi

2029 893 2182 949 bene
2209 892 2285 947 de
2312 907 2380 945 ea
2398 905 2520 960 qua
2549 884 2808 942 adultior
2825 876 3221 951 complendus
3251 876 3428 938 esset,
3451 883 3689 925 morum

2029 982 2219 1050 gratia
2244 996 2312 1036 ac
2341 981 2663 1032 venustate.
2709 977 2792 1028 Ita
2841 969 3100 1040 genitus,
3158 960 3510 1019 lustralibus
3548 972 3690 1012 mox

2027 1046 2207 1126 undis
2235 1085 2340 1142 per
2379 1067 2756 1138 baptismum
2787 1063 3117 1142 purgatura
3159 1055 3202 1108 Ο
3251 1050 3402 1106 ﬁdes
3467 1046 3690 1142 genito-

2026 1159 2193 1212 rum!
2227 1172 2263 1212 ο
2294 1157 2561 1210 sincerus
2593 1149 2790 1206 zelus!
2825 1163 2861 1202 ο
2894 1160 3062 1200 amor
3099 1141 3334 1196 fervens
3378 1150 3520 1204 erga
3581 1132 3690 1185 Do-

2027 1245 2294 1301 minum!
2331 1247 2456 1300 Non
2491 1242 2812 1296 timuerunt
2850 1235 3106 1305 impium
3147 1225 3490 1301 prasidem,
3561 1235 3686 1276 non

2025 1336 2411 1403 magistratus
2436 1336 2538 1386 aut
2559 1342 2770 1384 eorum
2793 1323 3097 1379 ministros
3119 1314 3537 1376 formidarunt,
3563 1325 3685 1365 non

2024 1421 2495 1479 irrationabilem
2516 1416 2678 1486 vulgi
2700 1411 3089 1475 dementiam,
3114 1421 3238 1462 non
3261 1401 3452 1474 gentis
3490 1415 3683 1454 vecor-

2023 1513 2188 1568 diam
2213 1511 2648 1566 exhorruerunt
2681 1523 2692 1559 :
2725 1518 2848 1559 non
2867 1500 3092 1571 gloriae,
3125 1509 3248 1552 non
3261 1490 3679 1564 pecuniarum,

2023 1618 2144 1658 non
2185 1598 2524 1669 multiplicis
2555 1597 2616 1652 in
2665 1592 2926 1665 speciem
2965 1582 3350 1643 beatitudinis
3383 1579 3680 1635 rationem

2022 1692 2381 1754 habuerunt,
2421 1687 2651 1743 nullum
2691 1682 2954 1753 denique
2991 1691 3200 1732 earum
3237 1687 3438 1728 rerum
3476 1683 3679 1739 respe-

2022 1787 2206 1847 ctum,
2232 1794 2368 1850 quae
2398 1774 2562 1848 apud
2591 1773 2910 1845 plerosque
2940 1767 3002 1822 in
3033 1777 3259 1832 magno
3291 1763 3431 1815 sunt
3449 1755 3674 1826 pretio:

2022 1869 2128 1926 sed
2148 1847 2452 1925 honorum
2476 1863 2750 1920 omnium
2781 1848 3578 1931 privatio-contemnebatur,
3614 1847 3677 1899 ut

2022 1957 2188 2013 nihili
2217 1957 2547 2011 damnum:
2568 1956 2624 2007 et
2645 1948 2842 2004 solum
2861 1941 3136 2018 placendi
3165 1943 3283 1996 Deo
3309 1934 3674 1992 desiderium

2022 2047 2252 2102 cunctis
2285 2045 2462 2098 rebus
2488 2037 2932 2112 praaferebatur.
2964 2031 3197 2089 Nullam
3249 2027 3428 2098 igitur
3477 2022 3671 2079 consi-

2020 2136 2112 2191 liis
2143 2135 2266 2190 suis
2301 2148 2535 2189 moram
2566 2129 2990 2184 dilationemve
3019 2123 3485 2191 interponentes,
3540 2129 3670 2169 san-

2023 2225 2432 2281 ctiﬁcaverunt
2468 2234 2722 2292 puerum
2754 2215 2950 2271 statim
3009 2227 3080 2268 ac
3127 2214 3305 2265 natus
3351 2205 3497 2271 fuit;
3554 2218 3678 2258 non

2025 2314 2198 2370 sicuti
2219 2313 2314 2369 alii
2347 2318 2485 2368 ante
2515 2311 2678 2381 ipsos
2704 2304 3046 2361 clanculum
3089 2300 3149 2355 id
3205 2297 3512 2363 facientes,
3572 2292 3678 2348 sed

2025 2403 2361 2476 propalam,
2389 2401 2568 2472 idque
2599 2411 2859 2469 superno
2886 2396 2972 2463 (ut
3019 2389 3164 2446 mihi
3215 2386 3483 2459 quidem,
3517 2381 3677 2437 vide-

2025 2496 2143 2561 tur)
2168 2492 2450 2547 instinctu
2481 2488 2644 2543 moti.
2679 2487 2864 2550 Quem
2905 2480 3064 2536 enim
3124 2481 3276 2533 Deus
3306 2476 3681 2547 prtenoverat

2025 2560 2202 2654 atque
2229 2597 2265 2636 a
2289 2581 2470 2648 longo
2503 2583 2839 2647 temporum
2885 2567 3192 2626 intervallo
3223 2565 3300 2621 ad
3332 2581 3453 2618 suae
3487 2560 3677 2616 Eccle-

2027 2672 2128 2726 siae
2150 2669 2590 2742 reparationem
2625 2663 3051 2724 destinaverat,
3075 2672 3196 2712 non
3227 2655 3539 2710 tolerasset
3556 2665 3680 2706 non

2028 2740 2236 2816 statim
2262 2765 2326 2814 ut
2350 2757 2566 2830 prodiit
2597 2749 2974 2818 sanctiﬁcari,
3002 2753 3060 2803 et
3089 2744 3266 2801 simul
3315 2749 3493 2816 atque
3561 2740 3680 2812 spi-

2026 2865 2157 2904 rare
2188 2829 2369 2919 ccepit
2401 2861 2524 2901 non
2573 2840 2909 2913 regenerari
2960 2833 3358 2910 prtestantiori
3409 2829 3683 2904 quodam

2027 2936 2429 3009 generationis
2460 2933 2664 2990 modo.

2099 3210 2150 3262 9.
2185 3206 2510 3275 Postquam
2542 3199 2875 3256 infantilem
2930 3202 3392 3268 praetergressus
3449 3192 3688 3244 aetatem

2025 3298 2305 3360 Joannes,
2346 3290 2697 3348 institutioni
2755 3287 2934 3358 coapit
2993 3289 3262 3340 maturus
3318 3280 3528 3347 videri,
3587 3279 3692 3334 ho-

2029 3385 2178 3440 nesti
2200 3385 2329 3454 ejus
2361 3379 2825 3450 admirandique
2846 3379 3122 3448 parentes
3145 3387 3266 3426 non
3290 3371 3692 3442 rexpexerunt

2030 3476 2105 3532 ad
2125 3472 2526 3546 corporalium
2545 3467 3039 3524 exercitationum
3060 3462 3399 3532 magistros,
3423 3473 3686 3531 quorum

2031 3581 2176 3620 cura
2211 3563 2369 3618 ﬁlius
2430 3577 2574 3615 suus
2620 3557 2764 3613 scite
2803 3557 3078 3611 tractaret
3111 3566 3318 3607 arcum
3350 3554 3406 3604 et
3459 3547 3688 3603 bellica;

2032 3653 2232 3724 gloriae
2263 3646 2688 3722 conquirendae
2721 3649 3044 3716 aptaretur,
3068 3641 3372 3696 decertare
3402 3636 3555 3693 inter
3575 3651 3690 3708 pu-

2034 3743 2178 3813 giles
2199 3741 2453 3807 discens,
2487 3741 2590 3792 aut
2620 3733 2881 3790 stadium
2932 3730 3044 3787 levi
3100 3728 3254 3802 pede
3319 3741 3692 3800 percurrere,

2033 3833 2202 3888 disco
2241 3829 2466 3890 ludere,
2523 3825 2738 3880 saltare
2783 3821 3032 3892 agiliter,
3087 3832 3402 3874 conserere
3446 3831 3690 3882 manus,

2033 3919 2446 3976 adversarium
2475 3914 2864 3986 supplantare
2904 3916 3084 3982 atque
3137 3912 3549 3980 prosternere:
3587 3904 3693 3960 sed

2033 4008 2411 4082 qumrebatur
2423 4003 2794 4078 paedagogus
2810 4001 3088 4065 idoneus,
3105 3997 3208 4071 qui
3223 3996 3397 4051 sciret
3419 3995 3692 4050 animum

2033 4099 2315 4169 excolere,
2345 4111 2559 4152 ornare
2589 4109 2830 4164 corpus,
2887 4096 2944 4144 et
2999 4092 3321 4158 utrumque
3368 4084 3695 4141 admovere

2036 4194 2174 4254 Deo,
2206 4193 2385 4260 atque
2412 4203 2481 4240 ex
2505 4191 2737 4240 terreno
2767 4181 3011 4238 homine
3040 4177 3377 4248 angelicum
3396 4174 3694 4249 quiddam

2035 4287 2092 4336 et
2143 4278 2380 4334 caeleste
2442 4275 2723 4331 formare.
2795 4270 3067 4340 Magister
3121 4266 3505 4339 quaarebatur
3560 4281 3694 4320 vere

2035 4369 2400 4442 profuturus.
2439 4365 2542 4420 sed
2574 4362 2817 4434 qualem
2850 4357 3194 4415 inveniendi
3227 4372 3366 4428 spes
3396 4355 3562 4411 nulla
3592 4371 3696 4426 ap-

2036 4458 2327 4532 parebat:
2364 4471 2611 4527 prorsus
2641 4453 2800 4507 enim
2833 4448 3070 4504 difﬁcile
3101 4453 3226 4503 erat
3273 4445 3531 4518 reperire
3583 4443 3694 4500 ali-

2036 4565 2220 4622 quem
2249 4548 2401 4601 inter
2427 4544 2721 4599 barbaros
2779 4539 2960 4595 Graeci
3002 4538 3262 4610 peritum
3294 4534 3607 4599 sermonis,
3642 4539 3698 4588 et

2036 4640 2098 4696 in
2121 4636 2320 4693 medio
2349 4634 2672 4706 impiorum
2695 4629 2963 4686 nancisci
2991 4629 3204 4696 virum,
3235 4626 3338 4698 qui
3361 4623 3697 4681 secundum

2044 4731 2225 4784 Deum
2261 4726 2462 4780 vivens
2493 4721 2789 4777 sutficeret
2819 4718 3049 4775 homini
3080 4716 3158 4772 ad
3188 4715 3438 4772 meliora
3483 4713 3699 4787 perdu-

2039 4815 2447 4872 cendo.Pater
2475 4811 2653 4880 igitur
2682 4812 2888 4882 (quem
2948 4809 3144 4863 acrius
3201 4805 3328 4861 haec
3385 4803 3702 4877 torquebat

2040 4907 2209 4975 cura)
2239 4902 2506 4960 bmrebat
2527 4901 2944 4969 ambiguus,et
2965 4894 3426 4968 omnesimperii
3458 4894 3696 4961 Persici,

2041 4997 2096 5051 in
2132 5011 2252 5066 quo
2275 4997 2506 5065 poterat
2535 4990 3088 5062 plurimum,partes
3132 4985 3417 5054 lustrans,
3451 4983 3700 5055 indaga-

2039 5086 2144 5140 bat
2172 5100 2319 5139 num
2351 5079 2567 5136 alicubi
2587 5076 2884 5149 ejusmodi
2909 5075 3218 5131 nominem
3241 5075 3448 5131 venari
3470 5080 3695 5146 posset.

2046 5177 2197 5229 Deus
2227 5171 2483 5238 interim,
2533 5169 2636 5240 qui
2698 5182 2858 5238 saepe
2917 5182 2986 5221 ex
3035 5164 3348 5220 contrariis
3404 5163 3702 5220 contraria

2042 5265 2323 5336 procurat
2352 5265 2409 5316 et
2459 5276 2552 5314 res
2607 5259 2910 5312 humanas
2949 5254 3282 5310 rationibus
3331 5254 3576 5309 occultis
3625 5254 3704 5310 ab

2043 5353 2162 5408 alto
2203 5355 2511 5423 temperat,
2554 5348 2733 5402 etiam
2770 5346 3079 5415 negotium
3126 5343 3282 5399 istud
3343 5343 3706 5416 disponebat

2045 5439 2360 5511 sapienter,
2396 5437 2719 5509 atquejam
2750 5435 2981 5507 pridem
3009 5451 3039 5489 e
3089 5433 3436 5506 longinquis
3492 5432 3708 5488 mundi

2047 5529 2316 5601 partibus
2334 5527 2676 5584 accersebat
2697 5526 2905 5588 virum,
2927 5526 3099 5593 juxta
3116 5523 3507 5579 intentionem
3536 5539 3708 5578 men-

2047 5621 2119 5674 tis
2142 5619 2272 5689 ejus
2301 5637 2312 5672 :
2340 5622 2461 5673 arte
2489 5616 2648 5672 enim
2694 5614 2962 5689 quadam
3021 5629 3295 5669 recessus
3345 5613 3406 5668 in
3453 5613 3711 5685 speciem

2049 5707 2331 5765 contrarii
2363 5722 2529 5771 usus,
2565 5703 2910 5778 providerat
2954 5718 3078 5776 quo
3127 5701 3312 5758 modo
3361 5702 3415 5758 ei
3464 5701 3711 5774 largire-
