4484 6446
784 378 889 436 823

1982 364 2440 429 CONSTANTINI
2474 364 2958 426 ACROPOLITE.

4047 384 4155 441 824

786 506 883 561 tur
910 497 1149 574 idquod
1165 499 1474 572 tantopere
1485 495 1875 555 desiderabat
1902 516 1915 553 :
1938 496 2226 570 quisnam
2241 497 2443 553 autem
2474 490 2525 546 Α
2552 489 2557 543 ἲ

2381 509 2443 553 m
2474 490 2525 546 Λ
2552 489 2725 579 λησιν,
2757 497 2847 546 καὶ
2890 497 3101 567 τρόποις
3156 492 3462 574 διῳκονόμει
3513 508 3944 579 παραχωρήσεως
3997 507 4151 560 ἐπενη-

787 589 964 651 fuerit
980 588 1078 646 hic
1092 586 1332 655 modus,
1362 586 1586 645 audite.

869 790 950 845 t0.
991 784 1215 843 Posteri
1243 784 1472 842 ancillae
1510 786 1686 855 Agar,
1734 783 1841 857 qui
1882 782 2082 841 liberae
2137 784 2291 840 Sarus
2336 797 2445 840 no-

788 891 929 935 men
953 875 1066 932 sibi
1107 874 1313 931 nescio
1362 888 1486 947 quo
1525 873 1658 947 jure
1704 876 2166 946 usurpaverunt,
2221 872 2445 946 quique

789 965 943 1023 servi
963 965 1337 1036 exsistentes,
1367 967 1659 1037 tanquam
1712 978 1893 1019 servae
1943 962 2047 1019 ﬁlii
2103 966 2160 1018 et
2213 960 2447 1018 servilia

790 1057 1050 1129 cogitare
1073 1054 1245 1126 soliti,
1281 1069 1518 1128 semper
1541 1053 1699 1111 circa
1728 1053 2010 1110 dominos
2035 1068 2238 1126 pravas
2281 1067 2445 1108 men-

791 1150 887 1214 tis,
921 1150 979 1203 et
1029 1144 1215 1203 animi
1270 1159 1412 1216 erga
1458 1143 1636 1200 heros
1692 1142 1954 1218 improbi
2010 1146 2440 1216 apparuerunt,

790 1253 914 1297 non
937 1235 1082 1293 satis
1110 1233 1453 1291 habuerunt
1468 1232 1527 1288 in
1549 1234 1820 1288 Romano
1838 1232 2093 1304 imperio
2112 1246 2445 1303 occupasse

788 1328 1078 1403 pleraque
1106 1323 1358 1382 Orientis
1386 1321 1538 1389 loca,
1572 1326 1631 1378 et
1659 1322 2045 1378 dominorum
2084 1326 2319 1394 sceptra
2343 1336 2445 1378 ve-

789 1412 1516 1481 hementerimminuisse,
1550 1410 1656 1468 sed
1685 1411 1927 1484 reliquis
1954 1411 2134 1469 etiam
2173 1410 2447 1485 partibus

790 1506 1112 1570 inhiantes,
1174 1500 1492 1560 consilium
1557 1500 1857 1557 iniverunt
1922 1500 2214 1557 insulares
2269 1503 2447 1573 atque

792 1594 1125 1653 maritimas
1188 1589 1370 1646 urbes
1430 1594 1488 1647 et
1544 1590 1821 1659 regiones
1888 1588 2191 1645 invadere.
2251 1589 2449 1646 Classe

790 1683 970 1756 igitur
999 1679 1181 1738 delati
1209 1678 1641 1752 percurrebant
1666 1677 1930 1735 littoreas
1960 1677 2247 1747 civitates,
2278 1682 2336 1734 et
2364 1677 2449 1734 in-

792 1772 1061 1830 colarum
1090 1768 1554 1841 accolarumque
1620 1766 1841 1823 multos
1895 1767 2065 1823 vivos
2107 1767 2447 1841 capiebant,

2554 576 2784 641 δοκῆσαι
2811 587 2999 655 τουτῳί
3054 587 3119 639 τὰ
3147 591 3277 664 πρὸς
3334 593 3503 664 ἔφεσιν
3538 609 3550 622 ·
3583 597 3672 647 καὶ
3722 595 3829 656 οἷος
3860 596 3886 647 ό
3937 599 4152 672 τρόπος,

2554 689 2680 723 ακου
2688 690 2833 725 σατε.

2625 778 2679 834 ι’.
2715 782 2781 832 Οἱ
2810 788 2906 843 τῆς
2937 778 3125 845 δούλης
3154 784 3323 863 ’Ἅγαρ
3382 786 3650 861 ἀπόγονοι,
3680 796 3771 844 καὶ
3817 796 3911 851 τὴν
3969 793 4024 846 ἐκ
4060 801 4154 854 τῆς

2554 866 2821 941 ἐλευθέρας
2876 871 3069 947 Σάρρας
3098 874 3193 928 ούκ
3248 873 3351 929 οἶδ’
3408 880 3541 941 ὅπως
3597 878 3976 955 (ἐπωνυμίαν)
4033 902 4154 955 σφε-

2551 960 2901 1032 τερισάμενοι,
2932 957 3113 1015 δοῦλοί
3141 983 3194 1017 τε
3245 968 3378 1027 ὄντες
3425 970 3494 1029 ὡς
3518 966 3573 1021 ἐκ
3635 964 3829 1033 δούλης
3858 973 4154 1042 τυγχάνον-

2551 1065 2635 1109 τες
2688 1052 2777 1100 xui
2822 1052 2887 1101 τὰ
2937 1059 3036 1103 τῶν
3103 1048 3302 1106 δούλων
3364 1064 3561 1131 φρονεῖν
3615 1060 3847 1130 ἔχοντες,
3902 1064 3993 1112 καὶ
4050 1060 4154 1113 αἰεί

2552 1155 2657 1197 πως
2707 1141 2824 1225 περὶ
2879 1141 2995 1201 τούς
3045 1146 3258 1215 κυρίους
3308 1140 3495 1199 δύσνοι
3548 1151 3821 1219 πεφηνότες
3874 1153 3965 1201 xui
4019 1153 4154 1225 πρὸς

2554 1228 2669 1286 τοὺς
2732 1222 2996 1292 δεσπότας
3077 1238 3250 1301 κακοὶ,
3313 1234 3407 1287 ούκ
3481 1234 3692 1309 ἀρκετὸν
3740 1235 3982 1309 ἐνόμισαν
4056 1244 4156 1299 τὴς

2555 1316 2805 1390 ἡμετέρας
2877 1326 2977 1369 τῶν
3054 1319 3315 1393 Ῥωμαίων
3390 1321 3564 1397 ἀρχῆς
3623 1334 3723 1377 τῶν
3764 1329 3893 1400 πρός
3963 1330 4028 1380 ἐω
4087 1329 4159 1380 τὰ

2554 1404 2775 1457 πλεῖστα
2822 1413 3198 1480 κατασχόντες,
3247 1417 3334 1465 καὶ
3402 1415 3469 1465 τά
3497 1421 3598 1465 τῶν
3652 1412 3920 1469 δεσποτῶν
3977 1417 4036 1469 ού
4068 1437 4160 1490 με·

2556 1498 2709 1566 τρίως
2739 1503 2983 1572 σκῆπτρα
3011 1500 3321 1570 μειώσαντες
3353 1523 3366 1536 ·
3428 1500 3534 1554 ἀλλ’
3574 1500 3682 1562 ἤδη
3742 1510 3832 1557 xui
3880 1508 4012 1558 κατὰ
4054 1514 4157 1558 τῶν

2556 1582 2746 1636 λοιπῶν
2826 1596 2992 1661 μερῶν
3096 1587 3426 1662 ἐμελέτησαν,

2558 1672 2825 1747 παραλίων
2926 1679 3367 1755 κατεπιχέιρῆσαε

2559 1760 2949 1817 ἐϐουλεύσαντο.
3004 1769 3487 1835 Νεναυστοληκότες
3562 1768 3649 1823 οὖν
3706 1778 4020 1847 κατέτρεχον
4091 1776 4162 1826 τὰ

3760 1594 3968 1647 ἐναλίων
4064 1601 4158 1649 καὶ

3485 1682 3677 1736 πόλεων
3785 1689 3874 1737 καὶ

3536 1602 3636 1645 τῶν

3972 1694 4159 1757 κωμῶν

790 1876 1051 1937 quorum
1073 1858 1222 1916 alios
1234 1856 1480 1932 quidem
1492 1855 2102 1929 perimebantgladio,
2122 1873 2305 1930 quam
2322 1856 2449 1931 plu-
2486 1851 2525 1906 Β
2558 1875 2561 1883 ι

2390 1873 2449 1913 u-
2486 1851 2525 1906 Β
2558 1851 2808 1924 παράλια,
2866 1860 2955 1907 καὶ
3020 1856 3239 1920 πολλοὺς
3302 1862 3392 1931 μεν
3464 1859 3747 1934 ἐζώγρουν,
3809 1867 4041 1934 συχνούς
4100 1858 4161 1916 δί

789 1951 976 2008 rimos
1001 1964 1144 2006 vero
1174 1945 1583 2018 subjiciendos
1622 1945 1812 2017 pretio
1874 1945 2285 2002 crudelissime
2334 1945 2452 2001 dis-

789 2038 1129 2109 trahebant,
1170 2039 1493 2109 Postquam
1521 2039 1722 2091 autem
1768 2034 1911 2103 (heu
1957 2034 2447 2107 calamitatem!)

788 2128 966 2189 malis
988 2128 1167 2185 tantis
1190 2141 1263 2183 ex
1286 2124 1474 2182 animi
1499 2124 1796 2182 sententia
1833 2125 2101 2196 patratis,
2143 2124 2449 2181 redierunt

787 2218 867 2277 ad
895 2234 1026 2281 sua,
1058 2232 1198 2274 cum
1228 2214 1527 2271 immensa
1583 2228 1771 2287 quam
1817 2213 2194 2271 adduxerant
2248 2214 2447 2283 turba,

787 2307 932 2381 quia
958 2305 1218 2362 vendere
1247 2318 1461 2359 omnes
1492 2316 1617 2359 non
1660 2306 1939 2375 poterant
1977 2303 2148 2373 (nam
2206 2302 2449 2375 plurimi

786 2411 927 2453 cum
947 2398 1167 2463 essent,
1192 2407 1418 2463 magno
1431 2396 1634 2449 tamen
1646 2392 1838 2464 pretio
1852 2391 2253 2463 taxabantur),
2269 2391 2447 2448 simul

785 2486 1099 2542 universos
1117 2481 1508 2539 decreverunt
1521 2480 1910 2552 jugulandos.
1937 2482 2224 2538 Fortassis
2246 2486 2446 2538 autem

784 2576 899 2632 hoc
929 2572 1161 2631 consilii
1183 2571 1524 2637 sumebant,
1557 2570 1701 2643 quia
1718 2585 1819 2626 eos
1842 2571 2135 2641 magistro
2158 2587 2267 2628 suo
2289 2586 2452 2627 exse-

785 2660 1183 2721 crabilissimo
1201 2658 1539 2716 Mahometh
1552 2657 1860 2715 malebant
1877 2659 2449 2725 sacrificare,contra

784 2754 877 2810 fas
907 2750 1153 2825 quidem
1180 2751 1413 2806 natura:
1442 2747 1652 2813 acturi,
1704 2747 1972 2822 aliquam
2014 2754 2213 2805 tamen
2268 2749 2448 2806 etiam

784 2843 845 2900 in
875 2841 990 2898 hoc
1014 2839 1308 2897 rationem
1342 2842 1662 2912 sequentes
1694 2855 1706 2893 :
1742 2838 2040 2913 siquidem
2070 2838 2167 2895 ille
2223 2838 2449 2896 diaboli

785 2933 865 2991 ab
895 2930 1064 2988 initio
1100 2929 1419 2987 homicidas
1474 2928 1808 3002 discipulus
1866 2929 2251 3004 imitatorque
2299 2929 2448 2986 dum

785 3022 1029 3088 viveret,
1063 3019 1383 3076 laetabatur
1415 3018 1686 3075 caedibus
1728 3018 2115 3092 permisitque
2156 3019 2447 3089 occidere,

787 3116 891 3170 aut
920 3110 1119 3185 potius
1159 3113 1457 3183 praecepto
1492 3109 1644 3166 inter
1690 3114 1963 3182 posteros
1990 3109 2320 3166 inviolabili
2350 3109 2450 3167 de-

2560 1940 2734 2013 ξίφους
2760 1944 2907 2016 ἔργον
2964 1942 3185 2012 ἐτίθουν,
3234 1946 3511 2012 πλείστους
3567 1945 3627 2003 δε
3686 1955 3777 2003 καὶ
3830 1949 4162 2024 ἀπεμπόλουν

2558 2030 2975 2101 τιμιουλκούντες
3032 2033 3503 2108 ἀσυμπαθέστατα.
3558 2039 3695 2093 Ἐπεὶ
3746 2036 3804 2093 δὲ
3852 2060 3995 2109 ποτε,
4058 2041 4162 2115 βα-

2558 2119 2646 2173 ϐαὶ
2693 2129 2959 2195 συμφορᾶς
3011 2122 3341 2189 ἐκείνηςὲτά
3400 2124 3547 2181 δεινὰ
3583 2137 3752 2183 ταῦτα
3802 2134 3935 2183 κατὰ
3994 2133 4160 2204 θυμόν

2556 2208 2924 2277 ἐκτελέσαντες,
2958 2220 3049 2267 xui
3104 2219 3292 2283 νόστου
3348 2220 3691 2291 μνησάμενοι,
3752 2218 4027 2282 πλείστους
4080 2223 4165 2273 ὅτι

2556 2304 2673 2361 τοὺς
2713 2299 3085 2374 ξυλληφθέντας
3147 2303 3429 2378 ἀνήγαγον,
3489 2309 3683 2369 πάντας
3732 2305 4033 2363 ἀποδόσθαι
4085 2314 4159 2383 μὴ

2558 2393 2782 2465 ἔχοντες,
2840 2392 3036 2445 πολλῶν
3105 2414 3159 2448 τε
3226 2393 3378 2450 ὄντων
3456 2418 3545 2451 και
3593 2398 3786 2451 πολλοῦ
3837 2405 4161 2475 τιμωμένων,

2558 2490 2729 2553 σφαγῇ
2787 2480 3087 2542 συλλήϐδην
3140 2483 3471 2561 παραδοῦναι
3543 2487 3910 2561 βεϐούλευνται
3966 2506 3980 2521 ⁸
4014 2493 4165 2563 τάχα

2554 2588 2614 2640 γε
2660 2578 2732 2640 τῷ
2799 2576 3024 2647 σφετέρῳ
3100 2574 3268 2627 αύτῶν
3319 2573 3630 2648 διδασκάλῳ
3710 2586 3782 2649 τῷ
3838 2577 4165 2651 ἐναγεστάτῳ

2556 2661 2804 2731 Μωάμεθ,
2864 2668 3297 2735 προσαγηοχέναι
3360 2665 3693 2738 προελόμενοι
3734 2669 3942 2740 θύματα
4004 2689 4017 2705 ο
4073 2673 4165 2724 καὶ

2559 2747 2767 2810 εἰκότως
2799 2750 2918 2822 εἶρα,
2949 2751 2991 2804 εἰ
3038 2758 3127 2805 xui
3171 2756 3314 2827 παρά
3356 2758 3415 2807 τό
3456 2755 3589 2819 εἰκὸς
3620 2764 3711 2817 τῆς
3773 2759 3971 2829 φύσεως
4011 2756 4164 2810 ἐϐου-⁵

2556 2837 2807 2891 λεύσαντο
2856 2856 2869 2869 °
2924 2849 3015 2893 τού
3071 2844 3173 2917 γὰρ
3264 2842 3689 2919 ἀνθρωποκτόνου
3746 2849 3910 2899 Σατάν
3962 2850 4165 2920 μύστης

2560 2928 2626 2977 ῶν
2675 2926 2861 2992 ἐκεῖνος
2914 2935 3002 2983 καὶ
3059 2936 3317 3005 μιμητὴς,
3376 2938 3547 3006 φόνοις
3601 2954 3655 2989 τε
3707 2940 3896 3008 περιὼν
3952 2934 4165 3008 ἐγαννύ-

2562 3035 2733 3083 σκετο,
2776 3022 2961 3071 καὶτὸ
3020 3025 3243 3093 φονεύειν
3306 3019 3608 3091 ἐνδέδωκεν,
3651 3023 3681 3082 ἡ
3735 3024 3949 3097 μᾶλλον,
3989 3028 4057 3088 ὥς
4114 3045 4168 3078 τι

2559 3113 2659 3158 τῶν
2711 3104 3034 3180 ἀμεταθέτων
3090 3110 3395 3170 ἐντέταλται,
3430 3114 3603 3190 ὥσπερ
3646 3109 3714 3175 δὴ
3763 3120 3853 3167 καὶ
3918 3120 4020 3168 πᾶν
4064 3116 4168 3171 ἓτε-

784 3198 1685 3274 mandavit;quemadmodum
1744 3198 1908 3255 aliud
1964 3216 2209 3273 quoque
2257 3199 2451 3257 scelus
2482 3206 2524 3264 C

2052 3216 2209 3273 oque
2257 3199 2451 3257 scelus
2482 3206 2524 3264 C
2560 3214 2649 3271 ρον
2680 3193 2849 3269 ἐναγὶς
2885 3195 3234 3273 ἀπαραϐάτως
3264 3197 3559 3275 δεδίδαχεν
3590 3200 3823 3261 ἐκτελεῖν.

785 3305 967 3349 omne
996 3289 1411 3345 incunctanter
1438 3287 1642 3344 docuit
1672 3292 2036 3361 perpetrare.

862 3402 945 3455 ll.
978 3396 1163 3468 Igitur
1182 3395 1262 3452 ad
1312 3395 1538 3451 caedem
1564 3400 1618 3452 et
1656 3396 2015 3453 sacriﬁcium
2066 3396 2453 3456 adduceban-

785 3492 885 3546 tur
911 3487 1215 3559 myriades
1236 3485 1503 3554 integras,
1527 3485 1797 3559 interque
1820 3502 1921 3542 eos
1951 3486 2111 3544 velut
2172 3503 2327 3544 unus
2380 3489 2455 3545 de

786 3577 969 3648 vulgo
1001 3574 1415 3632 aestimabatur
1436 3574 1708 3648 quidam,
1735 3577 1809 3632 ad
1838 3576 2051 3633 eadem
2076 3593 2212 3634 cum
2229 3580 2455 3636 caeteris

788 3665 1039 3723 ferenda
1059 3664 1403 3729 damnatus,
1438 3664 1541 3737 qui
1565 3680 1720 3720 unus
1756 3665 1873 3721 dici
1907 3672 2136 3738 poterat
2160 3668 2456 3738 pretiosus

790 3756 1002 3812 mundi
1042 3754 1357 3810 thesaurus
1380 3758 1433 3809 et
1462 3753 1714 3823 dignum
1741 3760 2031 3811 terrarum
2078 3756 2239 3812 orbis
2280 3773 2455 3813 orna-

788 3848 1081 3913 mentum,
1114 3842 1229 3905 ille,
1263 3842 1535 3914 inquam.
1563 3843 1666 3915 qui
1692 3844 2029 3900 secundum
2065 3847 2247 3901 Deum
2278 3862 2338 3900 se
2360 3862 2449 3902 or-

791 3937 1046 3992 naverat
1073 3935 1342 3995 Cosmas,
1365 3932 1456 3987 vir
1485 3938 1541 3988 et
1572 3938 1815 3989 externa
1862 3934 2155 4007 sapientia
2187 3935 2455 4005 insignis,

793 4028 851 4081 et
873 4039 945 4081 ea
976 4038 1114 4098 quae
1163 4021 1496 4079 domestica
1551 4029 1637 4079 est
1691 4023 1865 4079 nobis
1916 4024 2455 4097 incomparabilis:

792 4112 899 4187 qui
930 4128 1069 4168 cum
1097 4128 1132 4167 a
1156 4111 1386 4167 mundo
1408 4112 1765 4179 recessisset,
1798 4113 1949 4168 inter
1966 4113 2238 4170 homines
2266 4130 2335 4169 ex
2362 4114 2461 4171 Dei

793 4201 1044 4259 consilio
1062 4200 1332 4257 viventes
1362 4202 1895 4273 conscriptus,non
1912 4201 2108 4258 solum
2140 4219 2278 4258 cum
2315 4203 2461 4276 ipsis

795 4291 911 4348 cito
937 4292 1095 4346 venit
1117 4290 1176 4345 in
1204 4290 1332 4344 vitae
1359 4306 1721 4363 morumque
1740 4292 2105 4360 societatem,
2129 4307 2460 4366 eorumque

795 4382 1041 4438 virtutes
1069 4378 1323 4453 perfecte
1361 4379 1659 4451 aequavit;
1693 4396 1898 4437 verum
1945 4382 2124 4437 etiam
2153 4381 2336 4452 longo
2376 4383 2460 4455 ip-

798 4486 896 4529 sos
925 4468 1254 4542 prmcelluit
1315 4467 1647 4531 intervallo.
1717 4470 2062 4544 propositus
2115 4472 2344 4527 cunctis
2398 4477 2461 4527 ut

2638 3393 2728 3446 ια’.
2759 3393 2989 3467 Ἀπῆγον
3020 3392 3106 3449 οὖν
3149 3402 3440 3473 μυριοστάς
3496 3398 3632 3469 ὅλας,
3693 3399 3771 3473 ἐφ’
3918 3420 3974 3473 γε
4042 3421 4171 3475 σφα-

2564 3484 2751 3554 γιάσαι
2789 3490 2878 3537 xui
2938 3487 3124 3539 θυσίαν
3189 3489 3349 3544 θεῖναι
3405 3497 3478 3560 τῷ
3536 3495 3735 3560 Σατανᾷ
3768 3512 3780 3523 ·
3837 3489 3966 3542 ἀλλὰ
4012 3501 4173 3551 συνῆν

2567 3570 2796 3637 ἐκείνοις,
2830 3579 2918 3627 καὶ
2957 3584 3056 3627 τῶν
3104 3576 3299 3631 πολλῶν
3342 3581 3411 3640 εἷς
3471 3577 3763 3651 ἐνενὸμιστο
3807 3600 3897 3632 και
3928 3583 3992 3633 τὰ
4041 3581 4177 3633 αὐτὰ

2570 3659 3123 3733 συγκαταδεδίκαστο,
3181 3673 3382 3739 κόσμου
3452 3670 3714 3745 θησαυρος
3763 3667 4054 3745 ἀξιόχρεως
4084 3674 4176 3722 καὶ

2568 3750 2873 3824 οἰκουμένης
2949 3753 3090 3817 ἀξιον
3204 3755 3405 3819 ἀληθῶς
3484 3756 3907 3824 ἐγκαλλὼπισμα,
3994 3758 4180 3821 ἐκεῖνος

2568 3842 2774 3903 οὖτοςό
2826 3847 2961 3895 κατά
3023 3850 3149 3898 Θεὸν
3209 3846 3389 3900 ἑαυτόν
3428 3852 3706 3919 κοσμήσας
3752 3854 4002 3921 Κωσμὰς.
4047 3848 4177 3921 ἀνὴρ

2949 3753 3090 3817 ἀξιον
3204 3755 3296 3814 ἀλη
3308 3760 3405 3819 θῶς
3484 3756 3907 3831 ἐγκαλλὼπισμα,

2569 3936 2662 3989 τὴν
2686 3930 2824 3993 ἐκτός
2859 3938 3041 4006 σοφίαν
3090 3934 3248 3999 πολὺς
3305 3941 3394 3989 καὶ
3459 3940 3553 3996 τὴν
3602 3936 3739 3998 ἐντός
3788 3943 3878 3990 καὶ
3925 3940 4178 4012 ἡμετεραν

2572 4019 2898 4094 ἀξύμϐλητος
2937 4045 2949 4058 ’
3007 4024 3059 4086 ὃς
3100 4024 3519 4101 ἀποκεχωρηκὼς
3574 4031 3777 4100 κόσμου
3829 4032 3919 4080 καὶ
3978 4048 4179 4101 συγκα-

2570 4112 2799 4183 mir/ti;
2839 4110 3069 4189 ἀνδράσι
3125 4116 3259 4176 ζῶσι
3312 4119 3446 4168 κατὰ
3502 4122 3630 4169 Θεὸν
3698 4115 3745 4169 ἐν
3806 4122 3999 4190 μετρίῳ
4041 4120 4177 4171 πάνυ

2571 4206 2842 4277 τῴχρόνῳ
2874 4203 2978 4275 οὐχ
3026 4206 3108 4257 ὅτε
3156 4224 3215 4273 γε
3247 4211 3398 4277 σφίσι
3460 4206 3821 4277 συνημιλλὴθη
3874 4212 3962 4259 καὶ
4020 4206 4177 4283 ἀκρι-

2570 4289 2673 4353 ϐῶς
2701 4298 2793 4351 τὴν
2823 4291 3004 4365 ἀρετὴν
3032 4292 3273 4365 ἐξισωῦη,
3320 4294 3447 4347 ἀλλὰ
3504 4295 3672 4366 πολλῷ
3712 4316 3814 4348 τινι
3872 4305 3942 4367 τῷ
4003 4302 4177 4372 μέτρῳ

2569 4387 2658 4435 καὶ
2697 4381 3062 4458 ὑπερϐέϐληκε,
3122 4391 3210 4437 καὶ
3275 4388 3437 4447 τύπος
3498 4386 3601 4437 οἷον
3658 4394 3750 4438 τον
3806 4386 3922 4438 κατ’
3988 4393 4177 4461 ἀρετὴν

2570 4469 2857 4540 ἐγκατέστη
2919 4470 3041 4544 βίον
3099 4478 3187 4525 καὶ
3224 4478 3390 4524 κανὼν
3427 4473 3834 4548 ἀπαρέγκλητος.
3899 4473 4030 4527 Ἀλλ’
4081 4475 4177 4527 οὐκ

796 4558 1273 4617 conversationis
1296 4557 1661 4630 perfectioris
1692 4559 1829 4616 idea
1873 4566 2052 4633 atque
2090 4561 2453 4634 irreprehen-
2492 4567 2537 4619 D

2407 4576 2453 4615 3-
2492 4567 2537 4619 D
2570 4560 2814 4630 ἠγάπησε
2844 4564 3030 4633 τούτῳ,
3064 4559 3181 4614 οὐδ’
3234 4561 3443 4635 ἀρκετόν
3494 4562 3697 4635 ἐνόμισε
3732 4567 3789 4615 τό
3858 4567 4009 4635 μόνον
4061 4564 4178 4616 ἐαυ-

797 4650 987 4708 sibilis
1010 4649 1237 4722 regula.
1261 4654 1333 4707 At
1351 4665 1474 4706 non
1496 4649 1611 4707 hoc
1629 4666 1749 4707 uno
1771 4650 1879 4707 fuit
1896 4655 2229 4719 contentus,
2262 4668 2458 4728 neque

794 4741 940 4800 satis
968 4740 1181 4798 habuit
1218 4744 1449 4797 tantum
1476 4739 1741 4812 seipsum
1762 4739 2017 4814 dirigere
2051 4756 2120 4798 ac
2151 4742 2457 4815 propriam

792 4833 979 4891 vitam
1005 4834 1179 4904 juxta
1207 4833 1307 4887 Dei
1337 4829 1709 4887 voluntatem
1738 4846 2141 4903 componere;
2168 4831 2276 4888 sed
2322 4834 2456 4889 vitae

791 4922 1136 4981 communis
1164 4921 1441 4977 homines
1462 4920 1818 4977 circumiens
1863 4920 2107 4977 eosdem
2153 4937 2361 4978 curare
2401 4929 2457 4979 et

790 5014 872 5071 ad
900 5016 1088 5071 Deum
1108 5011 1335 5068 studuit
1363 5026 1719 5084 promovere
1754 5029 1765 5066 :
1798 5017 1879 5077 ut,
1942 5012 1988 5067 si
2048 5012 2172 5067 ﬁeri
2230 5018 2452 5084 posset,

791 5103 1117 5160 abduceret
1138 5117 1241 5157 eos
1268 5101 1346 5157 ab
1380 5099 1804 5171 indulgentiori
1836 5106 1893 5157 et
1923 5102 2237 5157 atl'ectibus
2286 5118 2454 5158 man-

787 5194 987 5266 cipata
1009 5208 1079 5248 ac
1109 5190 1326 5247 brutali
1345 5191 2015 5264 convcrsatione.atquc
2030 5191 2108 5247 ad
2131 5191 2451 5248 honestum

784 5289 843 5342 et
872 5288 1157 5341 ornatum
1186 5280 1422 5337 vivendi
1451 5296 1643 5353 genus
1672 5280 2027 5348 traduceret,
2050 5280 2228 5355 quale
2247 5296 2453 5338 revera

780 5374 1093 5432 hominem
1126 5370 1433 5429 condecet.
1468 5371 1731 5445 Denique
1755 5387 1863 5427 suo
1885 5372 2195 5437 egrediens
2248 5387 2452 5428 mona-

783 5466 987 5535 sterio,
1015 5469 1073 5520 et
1097 5463 1177 5520 ab
1200 5460 1364 5518 Italia
1400 5460 1585 5531 (unde
1637 5466 1763 5516 erat
1812 5460 2125 5532 oriundus)
2159 5462 2446 5517 recedens

781 5558 963 5628 atque
994 5551 1303 5609 ulteriores
1336 5549 1611 5620 regiones
1642 5566 1710 5605 ex
1762 5550 1969 5606 ordine
2017 5550 2445 5623 perlransiens,

778 5650 836 5702 et
866 5660 973 5719 pcr
1002 5646 1159 5701 viam
1188 5645 1439 5698 cunctos
1484 5640 1786 5697 instruens
1824 5639 1899 5696 ad
1960 5641 2262 5697 saniorem
2314 5640 2446 5696 vitae

777 5739 1038 5798 formam
1058 5750 1200 5793 cum
1229 5731 1598 5809 pervenisset
1626 5730 1731 5789 ubi
1762 5731 1965 5804 piratas
2015 5731 2226 5790 facturi
2269 5736 2442 5790 erant

2568 4653 2654 4701 τόν
2709 4651 2969 4724 ῥυθμίσαι
3022 4657 3110 4703 καὶ
3160 4653 3254 4724 ζῇν
3312 4652 3598 4705 ἀπευθῦναι
3650 4656 3783 4704 κατά
3840 4658 4006 4705 Θεὸν*
4065 4653 4176 4705 ἀλλ’

3096 4740 3197 4813 βίῳ
3250 4751 3565 4818 περινοστῶν
3598 4741 4005 4796 ἐπισκέπτεσθαι
4054 4747 4175 4802 ἤθε-

2568 4736 2674 4797 ἧδη
2715 4745 2805 4792 καὶ
2835 4742 2952 4803 τούς
2994 4740 3040 4792 ἐν

2564 4826 2663 4901 λεν,
2725 4832 2795 4892 ὡς
2859 4830 2940 4900 ἂν,
2982 4835 3026 4882 εὶ
3086 4833 3193 4883 οἷον
3257 4851 3329 4895 τε,
3386 4840 3482 4893 τῆς
3539 4831 3925 4907 ἐμπαθεστέρας
3979 4834 4178 4897 πάντας

2564 4926 2651 4973 xui
2718 4917 3021 4983 κτηνῶδους
3082 4926 3221 4985 ζωῆς
3288 4922 3615 4986 ἀπαλλάξειε,
3656 4928 3744 4976 xui
3802 4928 3928 4997 πρός
3987 4924 4171 4999 εὐπρέ-

2563 5031 2711 5064 πειαν
2736 5015 3042 5083 μεταγάγοι,
3084 5016 3178 5069 τὴν
3210 5016 3275 5074 ὡς
3310 5011 3513 5072 ἀληθῶς
3572 5012 3825 5086 ἀνθρώπῳ
3901 5015 4170 5072 καθήκου-

2566 5120 2680 5154 σαν.
2714 5100 2916 5172 Ἀμέλει
2942 5120 3023 5152 τοι
3052 5105 3261 5161 καὶτῆς
3304 5109 3461 5172 μονῆς
3520 5100 3746 5175 ἀπάρας,
3802 5107 3892 5154 καὶ
3940 5110 4028 5163 τῆς
4070 5112 4171 5155 τῶν

2566 5189 2768 5243 Ἰταλῶν
2828 5189 3139 5264 ἐξορμήσας,
3207 5192 3318 5242 ὅθεν
3392 5192 3545 5243 ποθεν
3604 5196 3693 5243 καὶ
3752 5195 4018 5263 γεγένητο,
4078 5198 4172 5244 καὶ

2560 5283 2626 5333 τά
2704 5280 2883 5351 ἑφεξῆς
2970 5281 3173 5333 ἅπαντα
3244 5277 3417 5350 διιὼν,
3483 5282 3632 5353 τάχα
3673 5278 3732 5334 δε
3789 5286 3878 5333 καὶ
3929 5284 4059 5355 πρὸς
4111 5286 4171 5334 τό

2559 5379 2789 5445 κρεῖττον
2842 5375 3171 5443 μεταγαγὼν,
3225 5372 3423 5446 ὅπῃπερ
3481 5373 3531 5422 οἱ
3586 5376 3829 5445 πειραταὶ
3878 5370 4169 5446 ἐπεισφρῆ-

2562 5480 2652 5513 σαι
2712 5459 2928 5534 ἤμελλον
2986 5462 3288 5535 (χριμάτων
3354 5459 3718 5531 ἀκαταληψίας
3767 5462 3951 5531 Θεοῦ)
4006 5462 4168 5536 προῦ-

2556 5549 2677 5603 λαξε
2726 5554 2948 5622 γεγονὼς
3032 5555 3121 5603 xui
3188 5549 3540 5613 ξυνείληπται.
3621 5555 3947 5622 Συναπήγετο
4040 5560 4169 5622 γοῦν

2557 5647 2896 5713 συσφαγῆναι
2937 5640 3250 5712 συνεκλεσγείς
3288 5661 3313 5713 Α·
3348 5638 3456 5691 ἀλλ’
3510 5640 3602 5692 οὐκ
3656 5639 3895 5715 ἐτάραττε
3961 5646 4171 5694 τουτονὶ

2556 5727 2789 5803 θάνατος,
2816 5730 2921 5804 ούχ
2952 5736 2981 5790 ἡ
3026 5729 3103 5785 ἐπ’
3135 5727 3452 5802 ἀλλοδαπῆς,
3480 5725 3539 5785 τό
3590 5750 3648 5805 γε
3705 5728 3773 5790 δὴ
3830 5738 3939 5794 τοῖς
3997 5735 4166 5784 πᾶσίν
