4484 6446
307 414 415 469 825

309 534 771 602 ἂπευκταιότατον,
814 529 1044 590 τελίυτὴ·
1125 531 1191 585 ἑνὶ
1257 526 1316 584 δι
1399 534 1490 584 xui
1558 533 1698 604 μονα»
1772 531 1905 582 πάνυ
1939 532 1983 584 Α

307 626 422 678 λίαν
449 623 728 692 λελύπητο,
758 624 847 674 και
905 616 979 674 δι’
1031 622 1079 674 ἕν
1133 619 1460 688 ἕποιθαίνετο,
1519 624 1607 671 καὶ
1665 618 1791 692 ὑπερ
1849 621 1907 669 τὸ

311 711 428 768 δίον
465 714 537 786 (εἴ
585 731 644 784 γε
701 707 817 764 δίον
873 710 1052 781 εἰπεῖν)
1107 705 1454 783 ἐδυσχέραινέ
1497 727 1550 761 τε
1597 711 1688 760 καὶ
1731 705 1908 779 ἐχαλί-

311 821 460 856 παινε
529 799 848 873 (φιλαγάθως
927 800 1153 865 πάντως,
1245 797 1304 852 οὐ
1386 796 1714 870 φιλοτίμως),
1801 793 1908 846 ἀλλ’

311 889 452 963 εἶχεν
483 889 532 943 ἕν
564 888 858 964 ἀποῤῥὴτῳ’
889 891 1021 962 πρὸς
1041 887 1095 940 ὂν
1116 887 1210 942 οὐκ
1240 890 1376 958 ἔχων
1410 886 1590 942 εἰπεῖν.

1527 406 1594 463 ιΝ
1635 404 1692 463 S.
1733 403 1925 462 JOAN.
1965 399 2462 460 DAMASCENUM.

3561 395 3668 456 826

2015 527 2483 590 exscensionem,
2512 539 2584 582 ex
2604 523 3194 598 incomprehensibili
3229 523 3330 582 Dei
3355 523 3582 597 judicio
3602 525 3666 583 in

2015 633 2225 674 eorum
2259 615 2463 672 incidit
2487 630 2723 686 manus,
2758 618 2814 671 et
2843 619 3055 687 captus
3083 613 3210 670 fuit.
3237 614 3422 670 Simul
3461 615 3666 688 itaque

2018 706 2336 770 abductus,
2356 720 2516 761 nunc
2545 705 2697 760 inter
2722 703 3028 775 jugulatos
3057 704 3550 761 assistebatznon
3582 707 3668 760 ta-

2018 810 2158 852 men
2189 810 2326 851 eum
2341 792 2740 850 conturbabat
2765 809 2926 849 mors
2948 807 3232 867 praesens,
3251 808 3507 866 eamque
3530 808 3667 865 per-

2020 899 2175 954 mgre
2224 881 2522 939 subeundi
2571 882 2916 954 necessitas,
2973 898 3109 955 quae
3166 881 3312 938 solet
3371 881 3668 955 imprimis

312 977 701 1037 formidanda
723 976 913 1034 videri
945 993 958 1032 :
989 975 1095 1033 sed
1125 991 1250 1033 una
1290 991 1354 1033 re
1381 975 1580 1032 solum
1601 973 1777 1031 valde
1808 971 2155 1030 tristabatur
2189 977 2246 1029 et
2269 971 2787 1040 commovebatur,
2815 987 2884 1028 ac
2924 987 3077 1044 pene
3133 971 3287 1028 ultra
3332 986 3519 1042 quam
3567 970 3671 1027 de-

311 1067 488 1126 cebat
515 1066 745 1124 ferebat
762 1065 1011 1123 moleste
1033 1065 1370 1138 (probitatis
1391 1069 1593 1122 tamen
1624 1063 1821 1136 potius
1849 1076 2036 1136 quam
2062 1061 2408 1118 ambitionis
2437 1060 2634 1119 studio
2660 1076 2793 1118 sese
2841 1059 3137 1132 afﬂigens,
3195 1060 3256 1118 id
3303 1060 3503 1134 ipsum
3557 1074 3668 1118 au-

311 1161 433 1215 tem
452 1157 514 1214 in
543 1155 801 1229 pectoris
821 1169 1041 1212 arcano
1067 1153 1328 1222 fovebat,
1358 1153 1504 1227 quia
1533 1151 1627 1208 cui
1648 1151 1903 1223 aperiret
1924 1165 2046 1207 non
2073 1150 2359 1208 habebat.

386 1262 583 1337 ιβ”.Ὠς
609 1259 669 1316 δε
694 1258 762 1321 δὴ
796 1266 886 1315 καὶ
918 1265 1279 1332 συναπόγοντο
1326 1264 1421 1318 τὴν
1475 1261 1560 1313 ἰπὶ
1617 1261 1819 1330 θανάτῳ
1863 1257 1913 1310 οἰ

315 1353 767 1424 συγκατάσχετοι,
807 1355 898 1403 καὶ
949 1356 1054 1411 τοῖς
1110 1349 1300 1402 ἐκείνου
1350 1354 1504 1402 ποσίν
1548 1348 1696 1411 ἄλλος
1762 1347 1911 1400 οὖλον

312 1439 702 1515 προλαμϐάνειν
757 1435 1013 1493 ἔσπευδον
1061 1434 1562 1510 ἐπικυλινδούμενοι,
1625 1442 1714 1490 xui
1784 1439 1909 1509 ὑπερ

311 1537 407 1591 τῆς
447 1529 634 1582 ἐαυτοῦ
679 1533 939 1603 σωτηρίας
997 1525 1362 1587 δυσωποῦντες
1436 1529 1653 1587 ἕκαστος
1739 1527 1915 1596 συχνά

313 1627 415 1671 τῶν
445 1614 621 1671 ποδῶν
646 1616 979 1691 κατίρραινον
1011 1612 1238 1689 δάκρυα,
1292 1612 1492 1677 ἰδόντες
1545 1615 1595 1667 οἰ
1653 1612 1913 1688 βάρϐαροι

313 1712 410 1765 τήν
463 1709 593 1782 πρὸς
639 1705 827 1759 ἐκεῖνον
857 1708 1061 1758 πάντων
1108 1705 1307 1758 ἐκείνων
1347 1701 1504 1766 αἰδῶ,
1537 1709 1627 1756 xui
1667 1705 1778 1776 οἶμα
1819 1708 1912 1760 τήν

316 1793 578 1870 διάπυρον
618 1798 830 1854 αἴτησιν
855 1796 974 1857 ἣτις
1003 1791 1332 1850 ἀδιάπτωτον
1364 1794 1536 1866 ὥσπερ
1577 1796 1670 1851 τὴν
1728 1788 1915 1845 ἐλπίδα

318 1893 461 1959 σφῶν
497 1885 812 1958 ὐπενίφαινε,
866 1888 1049 1957 σεμνὸν
1104 1889 1194 1936 xui
1248 1883 1413 1945 ἄλλως
1464 1886 1521 1934 τὸ
1575 1879 1710 1943 εἶδος
1761 1887 1914 1954 ὁρῶν-

1951 1771 1988 1825 Β

317 1995 421 2043 τες,
453 1974 549 2027 κᾶν
587 1982 680 2028 τοῦ
741 1976 898 2036 ἤθους
939 1980 1308 2036 κατανοοῦντες
1357 1971 1661 2045 σεϐάσμιονο
1731 1976 1812 2034 τίς
1863 1991 1917 2024 τε

320 2068 398 2123 εἴη
430 2065 785 2140 προήχθησαν
815 2063 1044 2138 ἐρέσθαι,
1085 2068 1174 2116 καὶ
1204 2065 1316 2116 ὃθεν
1367 2061 1589 2133 ἐσχήκει
1633 2065 1726 2119 τὴν
1781 2064 1916 2132 γένε-

321 2172 426 2221 σιν,
458 2159 542 2206 καὶ
574 2153 599 2206 ὃ
627 2173 675 2206 τι
703 2157 762 2225 γέ
789 2156 954 2224 τοὺτῳ
983 2156 1042 2204 τὸ
1075 2147 1422 2223 ἐπιτήδευμα,
1454 2149 1640 2208 κλῆσίν
1688 2168 1742 2202 τε
1792 2153 1917 2222 πρὸς

317 2247 540 2308 τούτοις,
571 2247 660 2294 xui
694 2243 821 2314 ὑπὶρ
865 2246 1008 2303 τίνος
1055 2241 1170 2314 (καὶ
1220 2240 1372 2300 αὐτὸς
1423 2247 1532 2300 τοῖς
1581 2238 1752 2301 ἄλλοις
1805 2239 1916 2294 ἐπί-

320 2352 417 2394 σης
474 2332 658 2404 [ἰχων]
709 2335 769 2384 τὸ
826 2330 878 2394 ἕξ
919 2329 1198 2404 ἀνθρώπων
1249 2330 1513 2402 γενέσθαι)
1580 2336 1735 2390 οῦτως
1817 2327 1916 2381 ἀπὸ

315 2422 502 2494 ψυχῆς
552 2425 854 2493 ποιοῦμενος
901 2425 1152 2492 φαίνεται,
1213 2423 1300 2472 τὸν
1353 2415 1559 2491 μονάδα
1609 2417 1725 2491 βίον
1780 2417 1920 2481 ἅπαξ

318 2512 550 2586 ἑλομένος
580 2509 654 2578 (ἐκ
694 2514 795 2583 γὰρ
858 2519 951 2572 τῆς
1012 2508 1261 2569 ἀναϐολῆς
1316 2513 1562 2569 συνιέντες
1616 2511 1762 2581 εἶχον
1825 2513 1918 2567 τὴν

316 2600 605 2669 πολιτείαν)
657 2605 746 2653 xui
805 2597 1053 2673 βίωτικὸν
1117 2601 1254 2651 ἅπαν
1321 2597 1680 2671 ἀπιστραφὼς,
1760 2603 1920 2670 μόνης

320 2687 382 2744 δε
447 2699 539 2753 τῆς
597 2688 785 2743 ἐκεῖθεν
831 2688 1020 2751 λήξεως
1105 2686 1380 2762 ὶφιέμενος,
1468 2689 1616 2740 κάκεῖ
1683 2689 1920 2759 γενέσθαι

318 2784 440 2854 περὶ
491 2777 741 2833 πλείστου
794 2781 930 2832 πάνυ
977 2779 1260 2849 τιθέμενος·
1317 2772 1441 2830 οὐδε
1469 2779 1572 2850 γὰρ
1630 2773 1746 2830 οὐδ’
1782 2776 1921 2829 ἐλάν·

323 2872 443 2922 θανε
470 2871 591 2930 τούς
639 2868 935 2942 ἀλιτηρίους
976 2867 1220 2934 ἐκείνους,
1278 2869 1433 2920 ὁποία
1498 2870 1633 2920 κατά
1701 2867 1920 2920 εὐσεϐῶν

323 2961 353 3018 ἠ
388 2960 635 3032 πρόθεσις
665 2967 962 3031 μοναστῶν,
987 2963 1078 3010 xui
1108 2957 1133 3009 ὃ
1160 2976 1212 3009 τι
1239 2976 1299 3029 γε
1329 2962 1482 3028 σφίσι
1532 2961 1590 3009 τὸ
1649 2953 1743 3010 διὰ
1792 2977 1921 3011 παν-

322 3052 408 3110 τὸς
433 3052 782 3121 σκοπούμενον
817 3053 906 3100 καὶ
959 3049 1293 3119 ζητούμενον,
1349 3048 1448 3099 ὑπό
1489 3049 1647 3122 χεῖρά
1699 3067 1754 3100 τε
1804 3048 1924 3100 πολ⁶

322 3138 446 3200 λοὺς
500 3137 744 3198 πολλάκις
795 3135 1165 3206 συλλαϐόντας,
1229 3141 1318 3188 xui
1364 3139 1479 3188 τότε
1542 3133 1610 3194 δὴ
1695 3143 1927 3208 συχνοὺς

323 3229 461 3281 πάνυ
492 3230 887 3301 κατασχόντας,
927 3231 1018 3278 καὶ
1047 3221 1267 3287 παιδιᾶς
1298 3228 1460 3298 χάριν
1505 3227 1675 3297 (τάχα
1723 3223 1782 3279 δε
1838 3231 1927 3280 καὶ

322 3325 422 3370 τῶν
471 3319 730 3391 ἡμετέρων
798 3317 1079 3390 ⁶ίρων⁸ίας)
1160 3317 1226 3366 τά
1272 3313 1594 3376 κατάὗτούς
1650 3313 1927 3376 ἀνετάξον-

322 3427 441 3469 τας.
473 3411 574 3460 Καὶ
605 3406 660 3470 ὃς
691 3401 759 3464 δὴ
809 3403 948 3478 βαθὺ
1007 3404 1250 3468 στένάξας
1296 3409 1386 3455 καὶ
1441 3407 1657 3475 μύχιον⁹
1695 3408 1794 3457 Καὶ
1840 3403 1927 3456 ἀλ-

323 3495 422 3558 λως
482 3499 572 3568 μεν
623 3494 787 3570 ἐχρῆν
839 3493 1232 3568 ἀπαραμύθητα
1288 3492 1586 3558 λυπεῖσθαι,
1638 3498 1752 3554 τοῦς
1799 3495 1929 3566 ὀμο-

326 3587 482 3647 εθνείς
515 3587 727 3646 τούτους
783 3583 1027 3656 βλέποντι
1087 3588 1174 3635 xui
1230 3585 1518 3656 ὁμόφρονας
1574 3583 1929 3655 βοσκημάτων

329 3671 485 3732 δίκην
519 3673 878 3746 ἀπαγομένους
904 3677 1029 3746 πρὸς
1091 3677 1185 3731 τήν
1251 3679 1480 3745 σφαγήν
1536 3678 1625 3724 καὶ
1683 3674 1818 3745 ὑμᾶς
1865 3682 1926 3745 τῇ

326 3763 557 3834 ἀπωλείᾳ
611 3773 751 3835 σφῶν
805 3762 1202 3835 ἐπιχαίροντας,
1265 3761 1569 3837 ἀνθρώπους
1627 3768 1770 3823 ὄντας
1843 3769 1932 3815 καὶ

326 3854 452 3926 ἡμῖν
483 3851 814 3916 ἐξίσηςθέοῦ
846 3855 1206 3923 τυγχάνοντας
1245 3852 1548 3923 πλάσματα·
1598 3852 1640 3904 εἰ
1695 3858 1781 3904 καὶ
1837 3857 1931 3909 την

330 3944 614 4017 θρησκείαν
641 3938 1047 4014 ἀντιδιῄρησθε,
1081 3939 1356 4002 ὑποϐολαῖς
1404 3940 1558 4002 ὁντως
1606 3949 1696 3993 τοῦ
1765 3940 1932 4016 ἀρχε-

328 4036 492 4084 κάκου
551 4035 732 4099 σατάν,
779 4036 834 4093 ὅς
888 4030 1050 4084 πάλαι
1103 4035 1192 4103 μεν
1261 4033 1395 4103 ἡμᾶς
1465 4029 1763 4096 ἀπατήσας,
1841 4040 1932 4083 τοῦ

331 4128 466 4174 Θεοῦ
492 4139 546 4173 τε
579 4117 848 4189 διέστηκε,
881 4126 972 4172 καὶ
1014 4129 1106 4180 τῆς
1155 4121 1290 4180 θείας
1342 4128 1541 4194 τρυφῆς
1581 4119 1934 4195 ἐξωστράκισε

329 4215 421 4262 καὶ
448 4210 514 4271 εἰς
558 4213 646 4262 τὸν
692 4209 1028 4281 κλαυθμῶνος
1084 4205 1235 4261 τόνδε
1278 4218 1454 4282 χῶρον
1511 4215 1813 4280 κατῴκισεν·
1877 4210 1934 4262 οὐ

329 4302 551 4352 παύεται
576 4295 636 4352 δὲ
663 4304 752 4350 καὶ
782 4306 870 4350 νῦν
901 4299 1080 4366 εἰσέτι,
1110 4301 1261 4370 φύσις
1309 4300 1338 4357 ἡ
1401 4302 1602 4373 πονηρά
1663 4303 1752 4350 καὶ
1809 4318 1936 4370 χαι-

327 4393 566 4462 ρέκακος,
620 4393 709 4440 xui
755 4385 982 4446 ἀλληλων
1050 4384 1348 4446 διασκηνῶν
1400 4394 1489 4440 xui
1563 4386 1938 4463 ἀπομακρυνων

2095 1263 2180 1314 l2.
2213 1260 2363 1314 Cum
2393 1271 2535 1327 ergo
2549 1257 2886 1330 concaptivi
2900 1257 3031 1329 ejus
3060 1273 3168 1331 per
3197 1258 3358 1314 viam
3390 1255 3670 1330 supplicii

2019 1347 2406 1420 rapiebantur
2418 1345 2497 1402 ad
2510 1348 2784 1412 mortem,
2817 1346 3014 1402 videre
3043 1351 3171 1403 erat
3200 1346 3332 1402 illos
3357 1344 3670 1404 confertim

2020 1435 2098 1491 ad
2127 1434 2312 1508 pedes
2339 1435 2468 1506 ejus
2495 1434 2785 1507 provolvi,
2809 1449 3034 1508 eosque
3083 1435 3430 1491 humectare
3475 1433 3674 1509 lacry-

2021 1524 2136 1580 mis
2161 1528 2216 1580 et
2247 1527 2310 1579 ut
2340 1523 2903 1593 salutisingulorum
2918 1523 3255 1580 consuleret
3275 1539 3384 1596 pro
3414 1539 3477 1580 se
3501 1537 3674 1581 orare

2024 1628 2539 1685 unumquemque.
2563 1615 2832 1678 Quorum
2874 1628 3018 1684 erga
3051 1613 3251 1686 ipsum
3277 1611 3672 1668 reverentiam

2021 1701 2430 1775 precandique
2473 1701 2844 1769 instantiam,
2867 1701 3126 1758 indicem
3155 1701 3392 1757 fiduciae
3446 1716 3516 1757 ac
3547 1700 3676 1773 spei

2022 1790 2372 1856 immobilis,
2431 1806 2618 1863 quam
2663 1791 2724 1846 in
2779 1791 2913 1863 ipso
2966 1790 3292 1863 repositam
3345 1789 3674 1861 habebant,

2024 1880 2472 1937 considerantes
2483 1879 2748 1946 barbari,
2789 1883 2845 1935 et
2871 1879 3189 1954 caeteroqui
3211 1894 3454 1949 gravem
3480 1878 3678 1951 specie

2025 1985 2095 2026 ac
2126 1968 2396 2026 moribus
2441 1967 2846 2024 venerabilem
2891 1969 3326 2043 conspicientes
3371 1970 3682 2042 coeperunt

2025 2059 2392 2130 interrogare
2413 2074 2574 2124 eum,
2595 2059 2731 2132 quis
2761 2063 2940 2125 esset,
2970 2058 3132 2114 unde
3164 2062 3364 2126 natus,
3411 2057 3579 2132 quod
3625 2057 3678 2113 ei

2027 2148 2313 2214 studium,
2354 2147 2523 2220 quod
2577 2162 2799 2204 nomen
2857 2147 3026 2214 foret;
3080 2152 3136 2204 et
3173 2163 3298 2220 qua
3349 2147 3424 2202 de
3493 2162 3679 2205 causa

2025 2239 2331 2310 (cumipse
2356 2252 2599 2309 quoque
2630 2237 2885 2293 similem
2914 2237 3046 2293 aliis
3093 2237 3342 2293 haberet
3385 2236 3678 2308 originem

2027 2343 2099 2384 ex
2128 2326 2493 2396 hominibus)
2524 2326 2606 2382 ita
2634 2331 2850 2398 praeter
2872 2332 3152 2382 naturam
3207 2341 3382 2397 agere
3448 2324 3680 2382 videre-

2028 2421 2140 2486 tur,
2168 2414 2504 2472 monastica
2531 2414 2652 2471 vita
2671 2415 2731 2470 in
2761 2420 3118 2488 perpetuum
3143 2414 3330 2472 electa
3381 2416 3480 2487 (ex
3530 2415 3682 2471 ami-

2029 2510 2126 2562 ctu
2155 2519 2422 2576 namque
2453 2504 2866 2574 agnoscebant
2896 2505 3026 2576 ejus
3045 2503 3527 2577 professionem),
3552 2509 3616 2560 ut
3646 2520 3684 2562 ο.

2031 2593 2422 2650 saecularibus
2443 2595 2626 2650 rebus
2658 2609 2927 2661 aversus,
2969 2593 3162 2650 solam
3183 2609 3320 2668 quae
3361 2595 3421 2649 in
3447 2593 3684 2664 religio-

2032 2700 2239 2740 sorum
2286 2683 2560 2738 claustris
2591 2687 2680 2738 est
2703 2682 2965 2756 quietem
2995 2682 3381 2750 desideraret,
3410 2682 3526 2739 illic
3555 2699 3685 2740 esse

2031 2789 2218 2845 quam
2239 2772 2485 2830 maximi
2512 2771 2759 2828 faciens.
2802 2775 3002 2844 Neque
3030 2772 3191 2828 enim
3245 2771 3506 2829 nefarios
3553 2772 3685 2829 illos

2033 2862 2256 2921 latebat
2290 2862 2732 2919 monachorum
2764 2861 3120 2918 institutum.
3145 2865 3202 2918 et
3226 2877 3410 2935 quem
3431 2877 3686 2936 scopum

2034 2952 2614 3010 considerationibus
2643 2967 2714 3009 ac
2738 2951 3226 3008 meditationibus
3247 2952 3372 3008 suis
3397 2951 3690 3009 haberent

2035 3042 2431 3117 propositum;
2461 3045 2526 3098 ut
2551 3043 2656 3114 qui
2697 3057 2905 3098 eorum
2958 3041 3180 3098 multos
3219 3057 3379 3114 saepe
3426 3041 3690 3098 fecerant

1960 3121 2000 3176 (ἶ
2036 3132 2328 3204 captivos,
2362 3135 2418 3187 et
2454 3137 2595 3187 tunc
2637 3146 2847 3187 eorum
2899 3130 3102 3203 plures
3149 3130 3454 3197 tenebant;
3499 3131 3691 3187 eurio-

2038 3222 2224 3279 sitatis
2263 3221 2474 3292 gratia,
2531 3219 2680 3278 forte
2730 3221 2909 3277 etiam
2965 3227 3170 3278 nostra
3210 3221 3446 3277 ridendi
3492 3221 3690 3278 studio

2038 3310 2395 3368 resillorum
2441 3309 2594 3368 soliti
2651 3310 2982 3384 explorare.
3035 3310 3132 3366 ille
3181 3326 3342 3379 vero,
3391 3310 3694 3384 profundo

2041 3416 2384 3473 arcanoque
2430 3399 2690 3473 suspirio
2749 3401 2926 3468 edito,
2985 3402 3069 3455 Me
3133 3400 3402 3472 quidem,
3479 3401 3690 3473 inquit,

2041 3491 2356 3565 oportebat
2376 3489 2842 3547 inconsolabiter
2869 3491 3108 3555 tristari,
3172 3491 3502 3546 intuentem
3556 3506 3694 3546 con-

2042 3581 2288 3638 tribules
2313 3581 2493 3637 hosce
2533 3587 2589 3636 et
2616 3581 2936 3637 unanimes
2959 3596 3146 3646 meos,
3181 3579 3484 3652 pecudum
3527 3595 3694 3636 more

2043 3671 2121 3728 ad
2139 3671 2441 3728 lanienam
2464 3675 2817 3744 protractos,
2838 3686 2948 3726 vos
2976 3676 3178 3726 autem
3194 3685 3403 3726 eorum
3433 3671 3695 3742 pernicie

2045 3762 2400 3830 gaudentes,
2429 3776 2568 3815 cum
2601 3759 2726 3815 sitis
2753 3760 3028 3815 homines
3059 3759 3348 3832 etmquali
3377 3759 3695 3815 nobiscum

2045 3855 2203 3904 sorte
2235 3854 2523 3905 creaturas
2558 3849 2654 3904 Dei
2694 3865 3048 3921 quanquam
3084 3848 3371 3919 religione
3407 3848 3694 3906 dissidea-

2044 3939 2119 3994 tis
2162 3954 2198 3994 a
2237 3937 2626 4009 nobis,opera
2665 3937 2926 3992 auctoris
2965 3935 3264 3993 malorum
3304 3936 3550 4003 diaboli,
3591 3937 3697 4010 qui

2041 4027 2171 4097 jam
2203 4026 2437 4098 pridem
2465 4041 2656 4095 genus
2681 4025 3018 4080 humanum
3049 4024 3355 4097 decipiens
3379 4025 3580 4096 ipsum
3607 4041 3698 4081 se-

2041 4117 2240 4188 junxit
2295 4131 2332 4171 a
2373 4118 2488 4170 Deo
2529 4120 2586 4170 ct
2619 4131 2656 4170 a
2692 4113 2959 4188 paradisi
2998 4113 3224 4170 deliciis
3259 4114 3695 4178 exterminavit,

2047 4211 2226 4278 atque
2255 4205 2312 4260 in
2343 4205 2502 4260 hanc
2532 4203 2728 4259 luctus
2753 4203 3056 4274 regionem
3082 4204 3404 4272 transtulit;
3438 4220 3557 4260 non
3586 4221 3698 4262 au-

2049 4300 2168 4350 tem
2203 4292 2639 4348 desistitetiam
2677 4309 2838 4348 nunc
2878 4292 3003 4364 ejus
3040 4294 3306 4366 pessima
3366 4294 3599 4350 indoles
3628 4310 3699 4351 ac

2050 4383 2222 4439 malis
2246 4383 2519 4450 gaudens
2551 4382 2629 4436 ab
2660 4382 2917 4436 invicem
2943 4397 3056 4451 nos
3085 4383 3427 4453 disjungere
3478 4383 3700 4440 fallaci-

330 4485 464 4530 Θεοῦ
509 4485 626 4540 ταῖς
677 4477 1026 4538 πολυπλόκοις
1079 4477 1238 4536 αὐτοῦ
1293 4482 1632 4550 μαγγανείαις
1688 4484 1778 4530 xui
1833 4486 1940 4540 τοῖς
1973 4473 2014 4527 Ι)
2050 4473 2101 4529 b1

1930 4498 1940 4540 ;
1973 4473 2014 4527 Ι)
2050 4473 2166 4529 bus
2188 4473 2313 4528 suis
2335 4473 2670 4546 praestigiis,
2705 4477 2761 4528 et
2789 4471 3014 4528 dolosis
3070 4471 3448 4529 illusionibus
3506 4476 3701 4545 magis

328 4562 516 4627 δεινοῖς
547 4568 678 4638 οἶγαν
744 4571 1090 4638 σοφίσμασιν.
1151 4565 1284 4617 Ἀλλ’
1336 4570 1448 4619 ἔστι
1504 4587 1592 4638 μοι
1649 4571 1772 4640 πρὸς
1820 4570 1937 4618 τού-

326 4674 436 4717 τοις
484 4663 576 4708 καὶ
629 4659 816 4730 ἕτερον,
886 4655 1000 4707 λίαν
1063 4654 1340 4707 ἀποκναῐον
1393 4661 1484 4708 xui
1540 4655 1691 4707 ἀνιῶν
1741 4655 1939 4730 ἀπαρά-

265 4790 272 4803 ,
328 4744 515 4802 κλητα·
555 4742 649 4798 δια
700 4748 876 4805 πάσης
929 4750 1019 4796 xui
1074 4747 1175 4817 γάρ
1232 4742 1474 4806 παιδείας
1520 4745 1792 4806 ἐληλυθώς,
1851 4753 1940 4799 καὶ

329 4839 517 4906 σοφίας
571 4833 616 4895 ἐς
673 4836 823 4908 ὅκρον
891 4833 1178 4898 ἐληλακως,
1235 4840 1388 4908 μέρος
1441 4854 1494 4888 τε
1553 4837 1715 4896 αὐτῆς
1772 4832 1938 4908 μηδὲν

325 4923 576 4985 λελοιπώς
615 4922 951 4986 ἀνεξέταστον
1011 4921 1184 4976 οὖδενὶ
1234 4945 1340 4985 πως
1393 4927 1528 4999 ἄχρι
1587 4922 1653 4983 δη
1707 4929 1796 4977 xui
1849 4935 1938 4986 τῆς

328 5019 547 5087 τήμερον
579 5021 672 5064 τοῦ
698 5016 938 5065 τοιούτου
983 5015 1254 5087 θησαυροῦ
1297 5011 1658 5087 μεταδέδωκα,
1707 5020 1795 5066 xui
1846 5012 1937 5067 δέ-

329 5097 488 5152 δοικα
657 5100 898 5171 ἐσχάτων
963 5103 986 5152 ο
1037 5101 1211 5172 μέλεος
1270 5110 1322 5154 το
1373 5106 1516 5176 παρά
1560 5123 1652 5154 του
1717 5101 1936 5175 ἐμπεπι-

329 5197 608 5251 στευκοτος
646 5194 968 5265 κατάκριμα.

399 5385 483 5462 l7".
523 5385 727 5439 Ἀκούει
782 5390 868 5439 τὸν
930 5387 1077 5459 λόγον
1159 5389 1185 5440 ὁ
1275 5396 1366 5441 το.)
1439 5390 1655 5441 Ῑωὰννον
1740 5393 1931 5462 πατὴρ.

326 5479 774 5550 συμπαρωμάρτει
824 5483 912 5529 xui
973 5480 1095 5550 γὰρ,
1162 5475 1300 5550 ἐμῷ
1361 5497 1418 5550 γε
1495 5477 1739 5532 ἐκθέσθαι
1817 5482 1933 5538 τοὺς

320 5570 691 5638 κατασχέτους
719 5568 854 5619 πάνυ
900 5563 1085 5630 δεξιῶς
1125 5570 1386 5638 συνωθῶν,
1431 5575 1519 5620 xui
1569 5568 1648 5620 ὃτι
1700 5572 1932 5639 σαχνοῦς

319 5656 714 5729 ὑφαιρούμενος.
767 5655 1027 5728 Ἑγγιστά
1092 5676 1192 5711 που
1249 5663 1419 5710 τοίνυν
1478 5657 1669 5710 ἐκείνου
1722 5662 1930 5731 γενομε-

317 5761 419 5818 νος,
454 5747 624 5820 ἠρέμα
670 5751 760 5800 xui
820 5751 913 5799 σὺν
969 5745 1118 5801 αἰδοῖ
1166 5746 1472 5822 ἑπανήρετο.
1534 5747 1767 5811 Ἀληθῶς
1824 5739 1929 5822 ἆρα

2053 4564 2364 4635 magisque
2389 4562 2668 4629 elongare
2687 4577 2722 4617 τι
2743 4563 2880 4617 Deo.
2900 4564 3322 4618 Verumtamen
3346 4563 3510 4619 aliud
3527 4564 3700 4636 quid-

2049 4652 2191 4708 dam
2219 4657 2327 4716 est,
2362 4651 2550 4707 multo
2577 4651 2829 4721 dignum
2860 4667 3138 4720 maerore,
3169 4651 3337 4724 quod
3367 4669 3462 4709 me
3494 4653 3705 4724 afﬂigit

2049 4740 2580 4809 inconsolabililer,
2604 4740 2878 4797 videlicet
2900 4741 3068 4814 quod
3087 4741 3546 4814 disciplinarum
3573 4758 3703 4799 om-

2050 4832 2216 4886 nium
2259 4846 2545 4886 emensus
2587 4829 2852 4886 stadium
2901 4835 2956 4886 et
3019 4831 3329 4903 sapientiae
3394 4831 3701 4902 fastigium

2049 4925 2438 4976 consecutus:
2470 4919 2697 4976 nullam
2717 4920 2847 4989 ejus
2873 4924 3107 4990 partem
3133 4920 3488 4978 dimittendo
3514 4938 3703 4995 quam

2048 5025 2169 5066 non
2206 5010 2321 5065 sim
2389 5014 2820 5082 perscrutatus,
2863 5009 3086 5065 nemini
3141 5010 3217 5066 ad
3282 5010 3444 5066 hunc
3511 5028 3704 5085 usque

2047 5099 2205 5154 diem
2230 5100 2448 5155 delioc
2481 5101 2759 5155 thesauro
2786 5099 3228 5171 communicavi
3255 5119 3268 5168 ;
3298 5105 3355 5156 et
3376 5101 3454 5156 ab
3486 5117 3578 5167 eo,
3601 5102 3706 5174 qui

2047 5191 2174 5245 inec
2209 5191 2350 5246 mihi
2379 5190 2638 5254 tradidit,
2672 5194 2872 5246 metuo
2903 5190 3188 5246 socordiae
3243 5189 3322 5246 ad
3365 5197 3705 5248 extremum

2053 5280 2352 5335 damnari.

2123 5392 2204 5443 i3.
2251 5386 2449 5442 Audiit
2486 5387 2649 5443 hunc
2680 5403 3021 5444 sermonem
3063 5391 3232 5461 pater
3284 5389 3572 5445 Joannis:
3615 5405 3706 5446 se-

2042 5477 2341 5549 quebatur
2369 5477 2548 5543 enim,
2577 5476 2817 5533 dextere
2840 5483 3148 5550 satagens;
3174 5482 3236 5534 ut
3275 5494 3344 5534 ex
3377 5479 3446 5534 iis
3474 5479 3576 5552 qui
3605 5481 3706 5537 de-

2045 5567 2388 5624 tinebantur
2428 5567 2809 5624 differrentur
2838 5569 3028 5634 inulti,
3082 5584 3191 5626 nec
3243 5585 3470 5643 paucos
3527 5571 3704 5629 exitio

2041 5657 2421 5714 subtrahens.
2479 5660 2674 5724 Quam
2728 5659 3009 5732 proxime
3043 5661 3245 5733 itaque
3289 5661 3582 5718 accedens
3624 5662 3705 5718 ad

2037 5754 2199 5816 eum,
2242 5749 2468 5806 sensim
2519 5752 2575 5806 et
2620 5754 2961 5807 reverenter
2998 5750 3411 5822 interrogavit,
3449 5750 3660 5808 dicens
3692 5761 3706 5801 :
