4484 6446
790 418 894 477 επ
1968 427 2422 486 consum
2456 428 2941 488 Acaopou'm.
4037 427 4141 481 828

784 547 1026 616 Verene,
1049 548 1115 601 ut
1143 545 1360 613 dixisti,
1393 551 1629 605 tantum
1679 549 1741 606 in
1786 554 1842 607 te
1891 550 2122 608 bonum
2169 554 2436 609 occulta-
2468 556 2514 608 A
2544 575 2555 605 π

2378 570 2436 609 EI.—
2468 556 2514 608 A
2544 574 2645 618 τοι,
2736 559 2825 606 καὶ
2895 556 2962 615 ὡς
3032 555 3255 625 ἔφησθα,
3336 561 3583 606 τοσοῦτον
3657 551 4149 624 ἱγκατακίκρυπταε

786 638 913 689 tum
962 632 1095 690 est?
1140 634 1237 691 Ille
1295 638 1751 708 autem,eﬁ‘usis
1814 640 1893 695 ad
1954 641 2084 697 haec
2152 642 2434 716 lacrymis
2545 641 2557 693 ε

2369 644 2434 698 Iis
2545 641 2760 713 ἀγαθὸν,
2788 647 2876 695 καὶ
2916 644 3049 693 ούτω
3070 651 3259 715 χρῆμα
3287 649 3378 694 τοῦ
3444 644 3627 701 παντὸς
3684 641 3827 703 ἄξιον
3883 639 4140 690 ἐναποκει-

784 722 1122 795 eodemque
1154 725 1339 780 animi
1372 742 1554 782 sensu
1573 729 2252 797 motus,eademiterum
2280 730 2433 786 aﬁr—
2541 751 2555 783 τ

2364 730 2433 786 ir—
2541 750 2657 798 ται;
2694 737 2793 784 Καὶ
2844 732 2897 792 ὃς
2930 727 3198 802 δακρύσας
3251 735 3339 781 καὶ
3371 735 3464 788 τήν
3513 730 3697 801 ψυχήν
3746 729 3901 785 αὑτήν
3947 745 4135 779 πεπον-

783 813 992 877 mavit,
1020 817 1078 867 et
1105 828 1486 886 quaecunque
1517 822 1768 872 noverat
1798 818 2149 875 distinctiori
2190 836 2433 875 enume-
2545 822 2554 868 4

2364 836 2433 875 ιθ·
2545 819 2663 887 θὼς,
2715 822 2781 870 τὰ
2835 818 2966 870 αύτά
3014 823 3102 869 καὶ
3188 819 3339 878 αὖθις
3405 818 3619 892 εἰρήκει·
3687 816 4000 889 πλατύτερον
4083 831 4135 865 τε

782 900 1010 956 ratione
1040 904 2012 975 percurrens,singuladistinctius
2038 908 2433 982 diffusiusque
2542 928 2553 958 ‹

2364 925 2433 965 ue
2542 904 2735 970 διεξήει
2785 910 2851 958 τὰ
2894 915 2984 966 τῆς
3034 902 3375 974 παιδεύσεως,
3434 911 3523 957 καὶ
3584 908 3651 957 τὰ
3730 902 4135 978 ἰξακριϐωθέντα

783 989 1137 1061 explicabat.
1168 992 1413 1049 Dicebat
1430 1010 1571 1065 ergo
1600 996 1912 1066 quomodo
1936 1013 2318 1053 numerorum
2340 1014 2431 1054 ra-
2538 1016 2554 1047 τ

2364 1014 2431 1054 'a.
2538 1000 3007 1070 παραγεγυμνὼκει
3056 995 3376 1066 λεπτότερον.
3426 999 3562 1051 Φησὶ
3618 1001 3743 1065 γοῦν
3809 996 3879 1054 ὡς
3954 991 4135 1061 λόγους

781 1079 971 1134 tiones
997 1083 1054 1134 et
1081 1080 1579 1137 cohaerentiarum
1610 1084 2001 1155 proprietates
2034 1086 2281 1157 pulchre
2309 1086 2427 1142 cal-
2538 1105 2552 1136 π

2362 1086 2427 1142 ll—
2538 1104 2591 1137 τε
2644 1085 2897 1157 ἀριθμῶν,
2958 1088 3047 1136 καὶ
3096 1082 3369 1155 ἀναλογίας
3451 1082 3705 1157 ἁρμονιῶν
3784 1081 3954 1142 καλῶς
4000 1081 4133 1149 ἄγαν

780 1165 959 1233 leret;
996 1171 1051 1222 et
1087 1166 1249 1239 plani
1277 1185 1346 1225 ac
1388 1170 1560 1225 solidi
1607 1173 1959 1243 perimetros
1990 1190 2061 1230 ac
2103 1174 2428 1231 diametros
2538 1176 2551 1225 ἱ

2364 1192 2428 1231 os
2538 1172 2866 1247 ήκριϐωκώς,
2916 1182 3014 1224 τῶν
3065 1170 3321 1224 ἐπιπέδων
3366 1178 3451 1223 καὶ
3506 1170 3729 1245 στερῥών
3800 1173 4135 1243 περιμέτρους

781 1259 961 1325 atque
988 1254 1214 1324 ﬁguras
1244 1257 1524 1313 edoctum
1550 1276 1700 1329 sese,
1740 1261 1917 1317 etiam
1947 1262 2426 1320 laudatissimam
2535 1283 2552 1313 ³

2356 1281 2426 1320 Lm
2535 1268 2622 1314 καὶ
2668 1259 2997 1335 διαμέτρους,
3055 1266 3143 1312 καὶ
3204 1267 3483 1332 σχήματα,
3538 1266 3627 1312 καὶ
3693 1261 3859 1319 αὐτῆς
3909 1277 3969 1329 γε
4036 1264 4127 1316 τῆς

780 1342 1151 1414 astrologicaa
1214 1348 1666 1419 compositionis
1728 1351 2034 1407 scientiam
2082 1356 2309 1410 tenere.
2357 1369 2427 1409 ac
2537 1371 2551 1402 τ

2360 1369 2427 1409 ac
2537 1350 2957 1425 πολυθρυλλήτου
3031 1358 3128 1401 τῶν
3198 1348 3424 1420 ἀστέρων
3485 1349 3773 1411 συντάξεως
3819 1352 3913 1405 τήν
3967 1344 4131 1397 πολυ-

778 1431 960 1488 veluti
986 1436 1370 1491 constitutum
1403 1439 1462 1492 in
1498 1439 1648 1495 caelo
1678 1441 2020 1497 dimensum
2050 1458 2177 1498 esse
2225 1450 2426 1498 motus
2534 1460 2549 1489 ι

2359 1459 2426 1498 us
2534 1441 2758 1510 ύμνητον
2812 1438 3108 1511 ἐπιστήμην
3168 1439 3501 1508 συνειλοχὼς,
3549 1443 3640 1490 καὶ
3697 1439 3762 1497 ὡς
3809 1436 3860 1487 ἐν
3926 1435 4130 1506 οὐρανῷ

779 1536 1102 1593 corporum
1114 1523 1507 1581 aethereorum
1525 1544 1538 1592 ;
1554 1528 1859 1600 sapientiae
1871 1545 2113 1601 quoque
2127 1530 2427 1587 sublimio-
2534 1547 2550 1597 1

2359 1532 2427 1586 io-
2534 1532 2754 1597 γεγονώς
2811 1530 2895 1578 καὶ
2946 1535 3045 1577 τῶν
3103 1526 3339 1600 αἰθερίων
3401 1528 3655 1597 σωμάτων
3752 1530 3845 1582 τήν
3922 1528 4130 1579 κίνησιν

777 1607 859 1664 ris
905 1610 1089 1666 sacris
1132 1612 1429 1669 initiatum
1477 1632 1537 1669 se
1565 1632 1578 1681 ;
1606 1617 1893 1689 quodque
1937 1620 2025 1689 (ut
2066 1635 2187 1674 uno
2226 1619 2426 1675 dicam
2536 1635 2548 1666 ι

2359 1636 2426 1675 ,m
2536 1614 3035 1689 ἁναμετρησάμενος,
3117 1618 3179 1665 τά
3234 1633 3287 1665 τε
3361 1622 3457 1674 τῆς
3552 1616 3828 1687 ὑπερτέρας
3943 1615 4130 1681 σοφίας

778 1696 982 1767 verbo)
1012 1700 1344 1771 possideret
1370 1702 1595 1775 aliquid
1625 1704 1776 1760 inter
1804 1706 2072 1762 humana
2125 1708 2424 1779 pretiosis-
2534 1725 2549 1775 ε

2357 1709 2424 1763 is-
2534 1706 2751 1775 μυηθεὶς
2783 1703 2956 1777 ὄργια,
2999 1710 3086 1754 και
3139 1704 3230 1773 (ὡς
3289 1703 3407 1763 ἐπος
3477 1704 3756 1769 εἰπεῖν)τό
3815 1705 4128 1773 τιμιώτατον

777 1785 1021 1855 simum,
1052 1787 1285 1845 bonum
1312 1790 1599 1862 profecto,
1622 1793 1803 1865 quale
1832 1810 2148 1867 nunquam
2178 1797 2295 1851 huc
2326 1802 2428 1852 aut
2533 1812 2548 1843 τ

2356 1802 2428 1852 ,ut
2533 1802 2630 1843 τῶν
2662 1794 2711 1843 ἐν
2744 1791 3028 1864 ἀνθρώποις
3070 1800 3248 1862 κτῆμα
3303 1793 3643 1862 κτησάμενος,
3687 1789 3871 1859 λόγους
3917 1782 4127 1844 δηλαδή

772 1874 931 1930 venit
963 1882 1067 1931 aut
1093 1879 1309 1942 veniet,
1338 1880 1488 1935 sicut
1517 1881 1767 1952 quidam
1794 1898 1823 1937 e
1853 1884 2154 1939 veteribus
2184 1885 2425 1956 sapien-
2457 1904 2499 1956 Β
2535 1903 2543 1932 :

2357 1901 2425 1940 n—
2457 1904 2499 1956 Β
2535 1886 2622 1932 καὶ
2674 1886 2856 1952 σοφίαν
2887 1886 3119 1953 (χρῆμα,
3153 1888 3193 1930 ὠ
3249 1876 3415 1943 οὗτος,
3438 1876 3542 1930 οἷον
3596 1878 3714 1930 οὔτε
3753 1878 3872 1933 ἧκεν
3924 1871 4128 1941 ἐνθάδε,

775 1962 936 2018 tibus
965 1963 1115 2019 dixit
1154 1967 1219 2020 Et
1270 1970 1471 2023 tamen
1504 1970 1564 2023 in
1623 1971 1925 2026 neminem
1964 1972 2167 2039 incidi,
2209 1972 2425 2045 inquit,
2535 1991 2546 2021 ‹

2362 1973 2425 2039 it,
2535 1969 2650 2022 οὔτε
2688 1974 2788 2042 μήν
2816 1968 2925 2031 ήξει
2958 1977 3056 2019 τῶν
3110 1973 3313 2040 χρόνων
3360 1971 3505 2033 ποτε,
3547 1968 3615 2028 ὠς
3667 1970 3758 2018 καὶ
3818 1974 3918 2017 τῶν
3972 1963 4133 2015 πάλαι

772 2067 1040 2123 quocum
1070 2053 1198 2109 haec
1222 2070 1465 2126 possem
1496 2059 1961 2115 communicare.
1994 2061 2082 2116 Ad
2125 2078 2259 2134 quae
2289 2062 2383 2117 ille
2408 2079 2421 2117 :
2534 2078 2543 2090 ί

2362 2078 2421 2117 3:
2534 2078 2614 2118 τις
2664 2066 2832 2129 σοφῶν
2900 2057 3241 2129 ἰσχυρίσατο)
3309 2053 3482 2109 ούδενὶ
3551 2061 3731 2127 τυχών
3784 2059 3882 2125 ὅτῳ
3942 2057 4133 2105 τούτου

775 2140 930 2196 Scito
942 2141 1108 2213 quod
1124 2157 1236 2212 ego
1248 2143 1511 2216 implebo
1528 2146 1891 2203 desiderium
1906 2149 2089 2204 animi
2104 2150 2210 2220 tui,
2228 2166 2423 2222 neque
2533 2168 2546 2218 ι

2362 2167 2423 2206 ue
2533 2142 2821 2218 μετέδωκα,
2856 2151 2955 2198 Καὶ
2982 2150 3056 2206 ὅς·
3090 2145 3224 2197 Ἀλλ’
3256 2144 3352 2216 ἐγώ
3401 2164 3500 2214 τοι,
3552 2144 3692 2195 τοῦτ’
3710 2145 3839 2207 ἰσθι,
3888 2140 4133 2197 εκπλήσω

772 2227 937 2283 abire
960 2234 1011 2284 te
1034 2229 1230 2285 sinam
1275 2233 1377 2287 tali
1425 2233 1802 2291 laborantem
1858 2245 2121 2306 egestate
2143 2244 2199 2293 et
2229 2239 2421 2294 confe—
2531 2255 2543 2285 τ

2362 2239 2421 2293 ῗθ-
2531 2239 2590 2286 τὸ
2621 2236 2958 2306 καταθύμιον,
2992 2239 3082 2285 καὶ
3106 2234 3212 2304 οὐχ
3254 2234 3416 2294 οὕτως
3476 2232 3709 2284 ἀπελθεῖν
3762 2231 3901 2283 ἐάσω
3964 2248 4133 2280 κατα-

770 2321 934 2373 ctum
958 2318 1184 2386 dolore,
1212 2321 1431 2392 partim
1462 2324 1605 2396 quia
1635 2340 1744 2397 pro
1766 2325 1873 2381 tibi
1903 2327 2140 2383 creditis
2169 2344 2421 2383 examen
2534 2345 2541 2373 ι

2363 2344 2421 2383 3n
2534 2320 2629 2375 δεᾶ
2649 2328 2735 2374 καὶ
2759 2323 3062 2396 περίλυπον,
3090 2331 3242 2374 τοῦτο
3292 2326 3403 2394 μὲν,
3461 2318 3537 2381 οἷς
3579 2326 3666 2376 τήν
3724 2320 3850 2393 ὑπερ
3902 2326 3994 2369 τοῦ
4047 2315 4134 2388 ἑμ-

768 2405 1124 2475 formidans,
1153 2425 1400 2481 poenam
1431 2412 1630 2480 times,
1666 2415 1881 2485 partim
1913 2415 2059 2487 quia
2087 2416 2419 2488 periculum
2530 2434 2539 2464 τ

2363 2434 2419 2471 m
2530 2416 2940 2484 πεπιστευμένου
2996 2408 3153 2469 δίκην
3211 2413 3531 2476 ὑποπτεύεις,
3572 2414 3661 2461 καὶ
3729 2413 3823 2466 τήν
3914 2407 4130 2462 εὐθύνην

768 2500 947 2551 estne
964 2497 1205 2568 ignotus
1225 2500 1364 2556 hinc
1385 2517 1583 2568 exeas,
1610 2508 1665 2559 et
1689 2504 1749 2559 in
1772 2504 2089 2562 oblivionis
2117 2506 2419 2577 profundo
2530 2522 2539 2553 ε

2358 2507 2419 2562 lo
2530 2500 2801 2573 ἐπιλογίζη
2825 2506 2915 2553 καὶ
2959 2498 3159 2570 δέδιας,
3206 2508 3359 2552 τουτο
3419 2496 3490 2563 δ’,
3542 2497 3618 2560 οἷς
3667 2497 3931 2569 ἀνώνυμος
3986 2497 4129 2567 οἶχε-

768 2584 1101 2656 occulteris,
1129 2604 1202 2643 eo
1226 2589 1391 2660 quod
1422 2590 1619 2646 nullos
1650 2599 1785 2664 post
1818 2599 1869 2648 te
1908 2594 2210 2666 relinquas
2240 2594 2418 2661 ﬁlios,
2533 2614 2539 2640 ι

2359 2614 2418 2661 με,
2533 2593 2657 2643 σθαι
2718 2587 3029 2650 κινδυνεύεις
3080 2610 3168 2641 και
3227 2589 3388 2649 λήθης
3454 2586 3867 2660 ἐναποκρυϐῆναι
3942 2583 4130 2657 βυθοίς

767 2673 1093 2745 acquisitos
1114 2692 1220 2748 per
1249 2680 1683 2751 magisterium,
1703 2682 1805 2753 qui
1834 2681 2012 2752 longe
2045 2685 2421 2755 praestantio-
2529 2702 2538 2752 ι

2360 2700 2421 2739 ο-
2529 2684 2600 2752 μή
2642 2676 2841 2740 παῖδας
2889 2679 2979 2731 άτε
3038 2678 3419 2738 καταλελοιπώς
3470 2685 3543 2747 τῷ
3598 2674 3701 2749 βίω
3763 2672 3859 2727 διὰ
3910 2669 4131 2725 παιδεύ-

765 2776 861 2817 res
905 2761 984 2817 ad
1031 2762 1294 2821 futuram
1344 2769 1701 2824 memoriam
1734 2786 1919 2841 quam
1950 2771 2256 2828 naturales
2288 2788 2419 2827 esse
2533 2796 2536 2814 ‹

2360 2789 2419 2827 se
2533 2788 2676 2835 σεως,
2726 2768 2894 2839 πολλῷ
2938 2788 3039 2819 τινι
3093 2777 3191 2820 των
3242 2766 3296 2818 ἐκ
3347 2770 3541 2841 σαρκὸς
3596 2769 3726 2840 πρὸς
3772 2770 3866 2821 τήν
3920 2762 4131 2821 ἐσαῦθις

764 2850 1063 2919 videntur,
1097 2858 1170 2923 et,
1207 2855 1358 2911 sicut
1382 2856 1587 2927 audio,
1618 2858 1841 2914 diutius
1874 2861 2083 2916 vivunt
2112 2878 2299 2934 quam
2324 2877 2420 2931 ge-
2530 2886 2535 2930 λ

2357 2877 2420 2922 :e-
2530 2862 2737 2930 μνήμην
2808 2863 3127 2929 κερείττονας
3182 2861 3493 2928 πεφηνότας,
3574 2860 3663 2906 καὶ
3722 2856 4128 2926 μονιμωτέρους.

764 2938 872 2994 niti
892 2941 1229 2998 secundum
1252 2959 1517 3000 carnem.
1556 2948 1703 3002 Sunt
1727 2948 1886 3003 enim
1911 2950 2041 3005 mhi
2070 2950 2194 3019 ﬁlii,
2227 2950 2420 3007 forma
2530 2972 2535 2995 ε

2358 2967 2420 3007 1a
2530 2950 2598 3007 ὡς
2629 2945 2858 3007 ἀκούσας
2896 2950 3027 3017 ἔχω,
3062 2954 3245 3018 μακρῷ
3302 2954 3399 2996 τῶν
3456 2944 3509 3006 ἐξ
3565 2946 3803 3016 αἵματος.
3859 2941 3980 2993 Εἰσὶ
4028 2942 4129 3013 γάρ

762 3033 1116 3099 praestantes
1162 3030 1285 3102 ﬁlii,
1348 3034 1583 3098 maturi,
1643 3035 1747 3091 ﬁlii
1799 3052 2053 3108 capaces
2073 3037 2416 3111 disciplina-
2529 3082 2533 3107 λ

2362 3055 2416 3095 a-
2529 3055 2618 3107 μοι
2645 3032 2852 3102 παῖδες,
2890 3032 3074 3095 παῖδες
3104 3038 3309 3109 ὡραῖοι,
3335 3030 3525 3094 παῖδες
3564 3032 3737 3098 καλοὶ,
3770 3027 3957 3091 παῖδες
4011 3048 4133 3079 παι-

761 3132 899 3171 rum
952 3134 1106 3190 quas
1150 3122 1529 3193 enumerasti,
1590 3123 1752 3179 velut
1797 3127 2174 3198 receptacula
2232 3128 2420 3199 puris-
2530 3152 2532 3167 ι

2363 3144 2420 3182 8-
2530 3121 2801 3197 δευμάτων
2858 3126 2977 3175 οίων
3014 3122 3370 3197 ἀπηριθμήσω
3424 3122 3631 3195 καθαρὰ
3706 3122 3841 3171 πάνυ
3940 3114 4134 3188 δοχεῖα

762 3206 917 3262 sima
972 3213 1028 3263 et
1069 3209 1428 3282 amplissimi
1477 3212 1646 3279 alvei,
1684 3214 1787 3269 sed
1820 3214 2019 3270 adhuc
2058 3217 2287 3283 inanes,
2320 3217 2418 3273 de-
2455 3253 2496 3308 ρ
2528 3234 2533 3264 π

2364 3233 2418 3273 e-
2455 3253 2496 3308 Ο
2528 3218 2617 3265 καὶ
2651 3213 2843 3285 εύρείαι
2866 3210 3039 3270 δήπου
3090 3208 3387 3283 δεξαμεναὶ,
3446 3214 3583 3261 κενοὶ
3636 3205 3694 3261 δὲ
3740 3208 3920 3275 εἰσέτι,
3971 3210 4132 3276 χήτει

759 3292 918 3350 fectu
944 3296 1085 3354 talia
1113 3299 1420 3369 largientis
1449 3306 1505 3356 et
1535 3302 1713 3373 quasi
1741 3318 1848 3375 per
1868 3304 2065 3360 rivum
2092 3305 2417 3361 infunden-
2457 3292 2496 3308 ν
2526 3324 2530 3333 ⁴

2362 3322 2417 3360 1-
2457 3292 2496 3308 ν
2526 3310 2620 3353 τού
2662 3311 2761 3353 τὼν
2814 3304 3060 3353 τοιούτων
3117 3296 3510 3372 μεταδώσοντος
3567 3302 3657 3349 καὶ
3714 3293 3817 3347 οἷον
3866 3294 4133 3365 ὀχετηγή-

758 3387 853 3439 tis.
895 3386 1015 3441 Hos
1059 3401 1172 3457 ego
1225 3388 1330 3443 tibi
1380 3389 1761 3461 adoptandos
1791 3391 2027 3447 tradam
2060 3411 2073 3459 ;
2106 3399 2275 3449 tuum
2312 3396 2419 3449 erit

2358 3396 2419 3449 rit
2530 3410 2729 3455 σοντος,
2762 3393 3172 3447 καθεστήκατον.
3206 3392 3450 3457 Τούτους,
3497 3391 3742 3457 γίνωσκε,
3796 3392 3888 3436 τοῦ
3944 3382 4129 3434 λοιποῦ

760 3488 861 3528 eas
890 3490 1044 3546 quas
1066 3475 1266 3532 dixisti
1297 3476 1643 3550 disciplinas
1674 3480 1822 3552 ipsis
1853 3482 2145 3538 tradendo
2170 3484 2415 3539 eosdem
2524 3501 2531 3531 τ

2355 3500 2415 3539 m
2524 3476 2724 3541 παῖδας
2753 3482 2914 3550 ἔγωγε
2948 3482 3095 3536 θήσω
3124 3498 3227 3530 σοι·
3287 3482 3369 3529 σοὶ
3426 3472 3476 3527 δ’
3529 3477 3590 3527 οἶν
3645 3478 3702 3525 τὸ
3761 3473 3987 3525 ἐντεῦθεν
4046 3473 4126 3529 εἰη

756 3563 1217 3634 quodammodo
1246 3582 1619 3637 regencrare.
2524 3594 2527 3613 ι

2524 3569 2670 3628 ὅσοις
2709 3588 2761 3621 τε
2804 3573 2895 3619 καὶ
2973 3570 3102 3627 οῑοις
3177 3567 3401 3640 εἰρήκεις
3485 3563 3831 3635 ἀναγεννήσαι
3907 3557 4127 3613 παιδεύ-

2523 3677 2679 3729 μασι.

834 3744 915 3795 14.
951 3743 1084 3797 Haec
1114 3759 1255 3799 cum
1285 3744 1553 3811 dixisset,
1588 3747 1940 3803 festinanter
1980 3748 2106 3804 abit
2140 3749 2219 3804 ad
2266 3751 2410 3803 Per-
2597 3767 2605 3796 ι

2354 3764 2410 3803 r-
2597 3742 2684 3797 ιδ’·
2736 3744 2893 3798 Ταῦτ’
2942 3744 3118 3811 εἰπὼν,
3176 3739 3383 3815 σπουδῇ
3428 3744 3571 3816 παρὰ
3653 3745 3740 3793 τὸν
3804 3741 4125 3813 Περσάρχην

758 3844 963 3886 sarum
986 3831 1347 3904 principem,
1380 3850 1517 3906 quae
1553 3835 1663 3889 sibi
1697 3852 1833 3891 cum
1868 3838 2085 3891 Cosma
2124 3838 2413 3892 interces-
2522 3858 2529 3886 ι

2355 3854 2413 3891 s-
2522 3837 2723 3899 ἄπεισι,
2779 3854 2868 3885 και
2926 3836 2992 3885 τὰ
3041 3836 3177 3884 κατά
3241 3836 3327 3884 τὸν
3388 3838 3599 3904 Κοσμᾶν
3653 3828 3984 3901 ἀπαγγέλλει,
4034 3834 4126 3879 καὶ

756 3917 971 3974 sissent
1023 3919 1415 3988 denuntians,
1474 3939 1740 3996 eumque
1795 3927 1936 3997 petit
1994 3925 2125 3980 dari
2173 3926 2307 3991 sibi,
2358 3930 2415 3980 et
2523 3949 2527 3973 ε

2358 3930 2415 3980 et
2523 3924 2765 3987 αἰτεῖται,
2797 3928 2887 3975 καὶ
2928 3926 3047 3974 ὅτου
3088 3942 3147 3993 γε
3176 3924 3338 3996 χάριν
3372 3918 3752 3992 διασαφεί,Ὠς
3798 3916 3857 3971 δὲ
3909 3915 3977 3975 δή
4033 3922 4124 3969 καὶ

753 4007 927 4078 cujus
955 4009 1038 4065 rei
1064 4010 1257 4079 gratia
1302 4011 1365 4066 id
1382 4017 1564 4084 petat,
1615 4014 1970 4071 manifestat
2031 4016 2099 4069 Ut
2141 4031 2284 4069 vero
2316 4031 2410 4071 as-
2522 4041 2524 4061 ι

2352 4032 2410 4067 s-
2522 4012 2692 4084 εῖληφε
2739 4016 2797 4064 τὸ
2856 4009 3132 4083 ἐνδόσιμον
3189 4013 3349 4082 (πάνυ
3414 4013 3515 4083 γὰρ
3573 4010 3734 4081 ηὔχει
3791 4008 3920 4060 πολὺ
3999 4006 4123 4073 παρ’

756 4110 1001 4152 sensum
1032 4098 1162 4169 ejus
1188 4098 1445 4155 obtinuit
1474 4101 1686 4164 (multa
1707 4103 1864 4158 enim
1884 4102 2046 4175 apud
2069 4104 2267 4175 ipsum
2283 4119 2411 4173 gra-
2522 4128 2527 4153 ε

2358 4120 2411 4159 a-
2522 4103 2662 4173 αύτῲ
2694 4106 2751 4154 τὸ
2780 4098 3103 4172 αἰδέσιμον),
3135 4101 3240 4171 ούχ
3279 4102 3431 4158 ἧττον
3463 4100 3615 4159 αὐτὸς
3664 4117 3869 4170 χαιρων
3922 4098 3951 4155 ἡ
4002 4100 4129 4167 χαί-

754 4185 834 4240 tia
863 4190 919 4240 et
936 4188 1288 4244 auctoritate
1310 4189 1593 4261 valebat).
1613 4206 1730 4246 non
1747 4192 1963 4247 minori
1988 4192 2211 4261 gaudio
2223 4208 2408 4263 quam
2519 4224 2525 4268 ι

2355 4210 2408 4247 ω
2519 4212 2677 4268 ροντα
2705 4191 2890 4244 ἐκεῖνον
2935 4187 3115 4242 οἶκαδε
3167 4192 3360 4260 ἀπάγει
3415 4188 3606 4245 λαϐὼν.
3666 4187 3840 4248 Ὀπως
3893 4190 3981 4258 μεν
4038 4181 4126 4237 οὖν

751 4276 1003 4332 Cosmas
1021 4276 1323 4349 perfusus,
1339 4279 1592 4335 domum
1621 4296 1758 4336 eum
1775 4281 2069 4353 perducit.
2089 4284 2132 4347 Ο
2146 4282 2411 4337 uomodo
2520 4318 2522 4329 ι

2350 4282 2411 4337 io
2520 4280 2982 4354 ἐφιλοφρονήσατο,
3032 4284 3121 4331 καὶ
3180 4282 3307 4340 οῖοις
3359 4283 3451 4335 τήν
3506 4281 3714 4344 πρωτην
3783 4272 4121 4343 ἐδεξιώσατο,

752 4369 956 4421 autem
985 4366 1137 4422 inter
1161 4368 1329 4423 varia
1360 4369 1748 4425 humanitatis
1782 4370 1981 4426 ofﬁcia
2011 4372 2209 4443 ipsum
2241 4387 2409 4426 exce-
2519 4394 2523 4403 ε

2355 4387 2409 4425 e-
2519 4374 2759 4444 περιττὸν
2811 4373 2933 4429 ῖσως
2986 4376 3357 4442 μακρηγορεῖν·
3391 4367 3528 4423 Πλὴν
3562 4365 3672 4417 ἀλλ’
3717 4364 3800 4416 ἐπὶ
3841 4370 3973 4416 πᾶσι
4020 4371 4126 4423 τοῖς

747 4453 919 4525 perit,
952 4459 1010 4510 ct
1034 4471 1221 4526 quam
1248 4457 1518 4527 jucunde
1550 4459 1903 4529 complexus
1947 4459 2141 4525 fuerit,
2177 4460 2411 4528 longior

2353 4475 2411 4514 ΟΡ
2520 4462 2680 4511 αὐτοῦ
2710 4463 3066 4519 καταστήσας,
3099 4463 3186 4508 καὶ
3237 4456 3385 4508 ἄλλον
3444 4456 3623 4507 ἑαυτὸν
3681 4456 3878 4506 ἅπασιν
3936 4452 4124 4505 ἐναπο-

748 4541 1074 4598 verborum
1097 4544 1345 4601 circuitu
1372 4546 1661 4617 prolixius
1698 4548 2004 4619 explicare
2036 4547 2407 4620 superﬂuum
2440 4610 2475 4620 λ

2353 4564 2407 4603 m
2440 4610 2475 4620 λ
2519 4568 2776 4620 τεταχως,
2806 4552 2922 4608 τούς
2953 4548 3112 4599 αὐτοῦ
3158 4542 3358 4607 παῖδαξ
3414 4545 3721 4619 ἐγχειρίζει,
3777 4539 3976 4602 παῖδας
4032 4544 4124 4593 αυ-

748 4636 916 4703 puto.
945 4633 1232 4689 Caeterum
1262 4651 1403 4690 cum
1432 4652 1614 4708 super
1634 4652 1846 4692 omnes
1878 4638 2237 4693 domesticos
2269 4653 2407 4692 eum
2440 4610 2482 4662 θ
2518 4662 2519 4665 η

2353 4654 2407 4692 m
2440 4610 2482 4662 D
2518 4641 2638 4697 τοὺς
2681 4636 2988 4695 εἰσποιήσας
3040 4635 3199 4704 αύτῷ·
3263 4630 3443 4697 Οὗτοι,
3507 4632 3771 4700 Ἰωάννης,
3830 4632 3858 4688 ή
3907 4630 4124 4702 λαμπρὰ

749 4721 1162 4778 constituisset
1212 4729 1268 4779 et
1316 4725 1472 4780 sicut
1519 4725 1772 4781 alterum
1821 4744 1883 4782 se
1936 4727 2048 4783 coli
2097 4744 2132 4783 a
2180 4729 2407 4782 cunctis
2517 4750 2520 4757 ε

2352 4729 2407 4782 .is
2517 4734 2616 4777 τῶν
2649 4727 2918 4797 ἡμετάρων
2955 4725 3121 4795 λόγων
3162 4724 3429 4785 ὑπόθεσις,
3478 4726 3568 4772 καὶ
3604 4724 3629 4772 ὁ
3687 4724 3788 4793 πρὸ
3834 4719 3994 4771 αὑτοῦ
4046 4738 4123 4771 τε·

738 4810 1041 4881 jussisset,
1075 4812 1318 4868 tradens
1350 4814 1399 4869 ei
1425 4814 1577 4870 ﬁlios
1604 4831 1771 4883 suos,
1808 4816 1999 4888 ipsius
2037 4816 2217 4888 quasi
2251 4816 2406 4871 ﬁlios

2352 4832 2406 4871 )s
2521 4816 2620 4873 θεὶς
2661 4817 2727 4874 εἰς
2780 4815 2890 4864 υἰὸν
2944 4817 3166 4883 γνησίου
3226 4816 3469 4881 στερήσει
3516 4814 3852 4881 γεννήματος,
3909 4810 3933 4859 ὀ
4001 4809 4123 4859 θαυ-

747 4898 949 4958 efﬁcit.
1004 4902 1103 4958 lsti
1157 4908 1343 4973 erant,
1394 4905 1684 4971 Joannes,
1756 4905 2140 4977 splendidum
2189 4913 2408 4961 nostra)

2353 4922 2408 4960 ’ω
2518 4906 2710 4975 μάσιος
2764 4902 2949 4959 κλῆσίν
2997 4921 3052 4953 τε
3104 4905 3192 4952 καὶ
3255 4905 3442 4973 τρόπον
3502 4905 3733 4971 Κοσμᾶς·
3794 4902 3909 4971 περὶ
3961 4917 4021 4949 ου
4074 4902 4124 4947 τί

745 4991 1035 5047 orationis
1092 5000 1539 5063 argumentum;
1587 5001 1644 5051 et
1704 4996 1797 5051 ille
1846 4995 1948 5068 qui
1998 5002 2133 5050 ante
2184 4997 2405 5068 ipsum,

2353 5012 2405 5062 ῃ,
2518 5011 2611 5064 περ
2652 4994 2712 5043 ἀν
2746 4997 2833 5043 καὶ
2894 4997 3072 5063 φαίην,
3124 4991 3287 5052 οὕτως
3354 4987 3407 5040 ἐκ
3488 4994 3751 5062 παρέργου
3830 4983 3999 5052 εἰδώς
4055 4988 4124 5047 ως

746 5080 985 5137 defectu
1009 5082 1194 5154 prolis
1218 5084 1530 5155 naturalis,
1572 5085 1763 5141 fuerat
1807 5086 2130 5157 adoptatus
2178 5102 2211 5140 a
2253 5088 2408 5140 Man-

2357 5101 2408 5139 n-
2520 5081 2564 5133 εἰ
2594 5087 2682 5133 καὶ
2711 5081 2979 5155 προύργου
3012 5100 3087 5139 τις
3140 5083 3205 5131 τὰ
3254 5081 3390 5130 κατὰ
3447 5086 3627 5130 τουτον
3677 5082 3981 5141 ποιήσαιτο,
4032 5082 4128 5148 μο-

748 5186 907 5237 sure,
931 5171 1330 5243 admirabilis,
1354 5174 1628 5246 inquam,
1660 5191 1891 5247 suoque
1921 5181 1986 5229 ut
2028 5177 2272 5230 nomine
2324 5175 2409 5229 sic

2358 5175 2409 5229 ic
2518 5171 2594 5231 λις
2633 5170 2692 5222 ἂν
2719 5180 2817 5223 τῶν
2845 5175 2973 5243 πρὸς
3034 5169 3184 5232 ἀξίαν
3244 5168 3493 5241 ἐφίκοιτο.
3558 5168 3696 5225 ll}.er
3736 5166 3849 5225 ῆλλ’
3897 5166 4129 5240 ἐγχειρί-

746 5267 805 5316 et
840 5262 1113 5317 moribus
1146 5264 1419 5329 Cosmas;
1455 5265 1528 5319 de
1551 5281 1673 5336 quo
1703 5264 1849 5337 quid
1887 5264 2041 5319 velut
2064 5265 2123 5318 in
2157 5264 2409 5319 transitu

2359 5279 2409 5318 ιιι
2522 5262 2779 5321 ζεταιτήν
2814 5263 2949 5332 ἱερὰν
3005 5256 3267 5333 Ξυνωρὶδα
3325 5260 3349 5309 ὁ
3410 5260 3543 5318 θεῖος
3606 5257 3790 5316 ἐκεῖνος
3849 5252 4130 5327 παιδοτρί-

746 5350 999 5407 dixerim
1032 5352 1060 5406 ?
1088 5352 1588 5426 quandoquidem
1624 5354 1821 5426 siquis
1856 5370 1948 5407 res
1972 5354 2099 5424 ejus
2130 5368 2411 5425 suscepe-

2359 5368 2411 5407 ε-
2521 5350 2612 5410 ϐης
2670 5350 2697 5407 η
2753 5354 3073 5421 γυμναστής,
3127 5345 3326 5406 ἣδιστα
3379 5344 3429 5399 δ’
3489 5346 3547 5397 ἂν
3604 5351 3781 5418 φαίην,
3836 5352 3925 5396 καὶ
4000 5347 4130 5419 ἱερὸς

744 5442 818 5497 rit
856 5457 930 5497 ex
968 5442 1279 5514 proposito
1318 5443 1748 5507 recensendas,
1802 5446 1896 5498 vix
1940 5460 2043 5497 eas
2094 5450 2274 5514 prout
2325 5442 2409 5497 di-

2359 5444 2409 5497 li-
2520 5436 2927 5513 μοσχοδάμνης,
2970 5441 3102 5497 ὅπως
3143 5437 3202 5488 ἄν
3243 5443 3369 5509 προς
3400 5442 3492 5494 τήν
3515 5445 3604 5495 τῆς
3668 5436 3971 5507 οἰκουμένης
4033 5432 4130 5493 δή·

743 5547 933 5603 gnum
948 5536 1036 5587 est
1055 5540 1499 5604 exsequeretur.
1517 5533 1761 5605 Accepit
1783 5548 1925 5601 ergo
1940 5548 2265 5605 puerorum
2296 5532 2409 5587 sibi

2359 5533 2409 5587 bi
2520 5532 2707 5582 πουθεν
2742 5534 2943 5597 νέωσιν,
2986 5533 3075 5579 καὶ
3116 5533 3209 5584 τήν
3240 5536 3339 5578 τῶν
3373 5530 3518 5579 θείων
3548 5523 3826 5597 δογμάτων
3904 5522 4130 5576 διασπο-

742 5620 1218 5677 commissorum
1250 5637 1359 5693 par
1386 5621 1633 5676 divinus
1690 5621 2047 5694 paedotriba,
2114 5627 2407 5693 tanquam

2358 5637 2407 5676 ω
2520 5622 2615 5693 ρὰν
2681 5618 3041 5691 ἐγγυμνάσειε.
3106 5624 3229 5691 Περὶ
3275 5622 3365 5689 μέν
3444 5612 3512 5674 δή
3597 5624 3688 5667 τοῦ
3756 5617 3895 5667 θεὶου
3963 5614 4129 5686 λέγειν

737 5710 1045 5802 pullorum
1075 5726 1512 5783 generosorum
1545 5712 1807 5781 domitor
1860 5712 2267 5781 exercendum
2324 5712 2405 5767 ad

2357 5712 2405 5767 .d
2524 5716 2708 5783 Κοσμᾶ
2760 5714 2817 5760 το
2873 5728 2933 5781 γε
2992 5716 3079 5759 νύν
3137 5708 3267 5767 εἶναι
3326 5705 3547 5781 ἀναϐολῇ
3612 5710 3945 5779 παραπέμπω
4035 5712 4128 5757 καὶ
