4484 6446
332 411 439 464 829

1542 412 1613 467 IN
1651 410 1709 467 S.
1746 408 1942 468 JOAN.
1986 411 2479 471 DAMASCENUM.

3582 415 3687 471 830

332 534 799 604 ῦπερτὶθεμαιοός
849 535 950 606 γὰρ
987 538 1105 606 περί
1156 541 1248 586 τοῦ
1301 535 1404 595 ἰνὸς
1457 538 1588 609 πρὸς
1651 534 1798 597 ἀξίαν
1855 536 1999 589 λί·Δ
2033 551 2103 591 un

1909 564 1930 577 ι-
1958 542 1999 589 Δ
2033 538 2291 593 universi
2314 538 2475 594 orbis
2496 538 2791 594 culturam
2840 542 2897 593 et
2945 537 3485 593 ecclesiasticorum
3534 536 3680 607 dog-

331 641 441 691 ·γειν
473 622 565 673 οὐκ
596 625 725 693 ἔχω,
754 622 805 673 τί
834 622 948 673 ποτ’
973 622 1032 673 ἂν
1084 628 1323 695 γενοίμην
1374 631 1460 676 καὶ
1513 632 1621 685 τοῖς
1677 634 1767 675 τοῦ
1821 624 1927 677 ἐτέ-

330 729 425 782 ρου
454 710 830 784 φιλοχωρήσας
858 729 872 777 ;
905 710 1067 773 ἄλλως
1095 731 1148 764 τε
1204 718 1293 765 καὶ
1330 722 1424 774 τῆς
1465 719 1745 785 παροιμίος
1804 712 1927 769 ἀκη-

331 805 467 860 κοώς
492 803 621 873 πρὸς
650 796 745 851 δύο
769 805 839 871 μὴ
876 797 1224 865 ἀποδύεσθαι,
1285 805 1350 853 τά
1388 804 1520 853 κατά
1564 809 1745 854 τοῦτον
1794 822 1926 875 παρ-

336 906 457 959 ιημι
489 909 500 919 “

334 975 524 1048 ἀμφοῖν
581 975 936 1047 ἐπιϐαλέσθαι,
986 984 1074 1029 καὶ
1129 987 1226 1029 τῶν
1282 978 1395 1029 κατ’
1447 979 1635 1039 αὐτοὺς
1706 978 1927 1050 ἀμφιλα-

334 1073 441 1136 φῶς
498 1061 819 1139 δράξασθαι,
876 1071 965 1118 καὶ
1021 1066 1094 1119 ἑνί
1143 1071 1310 1138 τούτῳ
1366 1067 1501 1138 λόγῳ
1547 1071 1612 1119 τά
1689 1068 1927 1140 ἐκατέρου

334 1150 580 1216 διεξιέναι
644 1154 1084 1227 πλεονεκτήματα,
1131 1160 1161 1214 ἦ
1212 1156 1400 1228 μᾶλλον
1453 1160 1518 1208 τὰ
1570 1159 1682 1209 θεῖα
1732 1161 1927 1208 τούτων

331 1244 460 1314 ἔργα
482 1248 573 1295 καὶ⁵
610 1246 993 1316 κατορθώματα
1024 1266 1036 1277 ·
1063 1244 1156 1296 οῦκ
1186 1248 1322 1316 ἔχων
1367 1242 1417 1297 δ’
1458 1247 1484 1297 ὁ
1548 1265 1600 1297 τι
1646 1251 1733 1297 καὶ
1802 1242 1928 1319 δρά-

558 885 928 960 δυσχεραίνων
981 892 1070 961 μὶν
1124 891 1201 950 οἷς
1245 890 1338 941 οὐκ
1390 888 1624 961 έξισχὺω
1680 890 1789 962 ἅμα
1840 895 1929 941 καὶ

335 1350 513 1403 σαιμι,
578 1335 706 1406 πρός
762 1336 828 1383 τὰ
883 1341 975 1385 τοῦ
1026 1332 1261 1387 Ἰωάννου
1315 1338 1404 1385 καὶ
1461 1332 1613 1385 πάλιν
1671 1333 1925 1406 ἐπάνειμι,

328 1416 563 1489 ἀγωνιῶν
593 1439 647 1472 τε
672 1425 762 1473 καὶ
811 1430 1115 1484 πνευστιῶν,
1166 1427 1255 1474 καὶ
1311 1422 1425 1483 ὅλος
1463 1431 1536 1492 τῷ
1578 1418 1763 1497 ἱδρῶτι
1812 1419 1928 1475 διὰ·

328 1506 548 1580 ϐρόχος,
602 1508 744 1561 ὡσάν
795 1529 877 1572 τις
932 1518 1031 1562 τῶν
1087 1508 1449 1563 διωδευκότων
1528 1514 1751 1584 μακρὰν,
1839 1518 1927 1563 καὶ

326 1602 652 1670 μακροτέραν
675 1596 979 1670 ἀφορώντων
999 1603 1092 1655 τὴν
1119 1598 1191 1659 εἰς
1217 1618 1273 1650 το
1293 1601 1607 1673 ἔμπροσθεν,

2038 630 2269 680 matum
2291 633 2638 682 sementem.
2671 629 2788 697 Ego
2817 631 3017 680 autern
3044 624 3117 679 de
3138 624 3357 680 eximio
3387 625 3602 680 Cosma
3622 625 3683 679 in

2038 713 2493 786 praesentiarum
2523 715 2717 769 dicere
2748 714 2974 775 omitto,
3008 712 3288 768 differens
3320 728 3458 767 eum
3502 718 3559 767 et
3621 714 3683 767 in

2038 802 2197 858 aliud
2222 807 2459 874 tempus
2486 802 2777 873 rejiciens.
2815 802 2923 867 Qui
2950 804 3109 857 enim
3134 801 3208 855 de
3265 816 3385 855 uno
3433 816 3543 872 pro
3599 800 3684 855 di-

2039 891 2261 961 gnitate
2287 891 2481 946 dicere
2504 907 2625 947 non
2652 891 2841 955 valeo,
2865 890 3207 962 qualisnam
3228 889 3593 958 exsisterem,
3622 890 3683 943 in

2038 980 2278 1035 alterius
2296 981 2632 1035 actionibus
2655 981 2730 1036 ad
2754 981 3037 1051 placitum
3071 980 3426 1034 immoratus
3447 979 3474 1032 ?
3544 995 3682 1033 cum

2037 1070 2396 1141 caeteroquin
2415 1069 3128 1145 proverbiumaudierim,
3160 1068 3491 1123 Adversum
3530 1066 3683 1121 duos

2036 1173 2111 1213 ne
2142 1158 2393 1214 exuitor.
2438 1161 2517 1213 Ea
2553 1157 2728 1227 igitur
2775 1174 2911 1229 quae
2964 1157 3042 1212 ad
3089 1159 3373 1212 Cosmam
3414 1162 3685 1227 spectant

2038 1252 2323 1317 praetereo
2349 1266 2360 1309 ;
2394 1262 2551 1315 aegro
2578 1246 2824 1318 quidem
2852 1246 3055 1300 animo
3086 1244 3279 1299 ferens
3309 1244 3473 1316 quod
3507 1244 3685 1299 simul

2038 1334 2339 1389 ambobus
2363 1351 2659 1406 nequeam
2694 1333 3017 1397 intendere,
3046 1339 3103 1388 et
3132 1348 3225 1387 res
3257 1334 3335 1387 ab
3376 1334 3459 1387 eis
3488 1339 3685 1402 gestas

2038 1428 2287 1495 utraque
2318 1426 2403 1493 (ut
2432 1424 2665 1491 dicitur)
2695 1439 2881 1479 manu
2913 1422 3246 1495 complecti,
3276 1437 3517 1493 unaque
3556 1437 3682 1476 ora—

2037 1513 2195 1567 tione
2224 1528 2499 1568 enarrare
2540 1512 2966 1583 prterogativas
2995 1512 3325 1582 utriusque,
3356 1516 3460 1565 aut
3488 1510 3685 1581 potius

2037 1600 2241 1656 divina
2271 1616 2455 1673 opera
2481 1607 2732 1671 actaque
2763 1602 3023 1669 egregia.
3059 1602 3207 1653 Cum
3248 1599 3449 1670 itaque
3489 1597 3567 1653 ad
3623 1598 3683 1652 id

327 1684 636 1754 agendum
665 1687 778 1741 sim
808 1686 1127 1758 impotens,
1160 1692 1421 1743 revertor
1452 1687 1530 1743 ad
1558 1688 1873 1758 Joannem,
1918 1690 2120 1745 animo
2154 1688 2231 1744 ad
2269 1689 2662 1745 defectionem
2702 1704 2894 1760 usque
2923 1688 3228 1752 laborans,
3262 1692 3439 1759 atque
3461 1684 3685 1740 anheli-

328 1776 457 1828 tum
483 1788 642 1843 aegre
671 1774 917 1841 ducens,
956 1780 1013 1830 et
1040 1779 1199 1831 totus
1225 1776 1441 1833 sudore
1467 1776 1767 1847 madidus,
1803 1776 1961 1832 velut
1998 1794 2207 1833 eorum
2236 1777 2451 1849 aliquis
2482 1778 2587 1849 qui
2614 1778 2860 1846 longam
2884 1776 3111 1831 emensi
3140 1777 3321 1842 viam,
3352 1776 3683 1844 longiorem

330 1867 467 1917 ante
488 1868 879 1934 conspectum
904 1863 1149 1921 habent.

406 1950 479 2003 ιε’.
539 1950 675 2004 Ἀλλ’
722 1950 829 2004 ἐπεί
868 1957 1037 2004 τοίνυν
1099 1955 1125 2004 ό
1175 1954 1408 2014 Ἰωάννης
1461 1952 1609 2017 ἀξίου
1662 1962 1753 2005 τοῦ
1806 1975 1924 2007 παι·
1960 1956 1998 2009 Β

333 2034 543 2103 δευτοῦ,
576 2047 668 2091 τοῦ
717 2044 845 2092 Θεοῦ
903 2040 1069 2101 καλῶς
1112 2047 1560 2116 προνοησαμένου,
1619 2046 1926 2113 τετύχηκεν,

330 2123 498 2199 ὕδωρ,
562 2129 588 2179 ὃ
637 2147 785 2199 φασι,
846 2138 1200 2202 κοταπρανοῦς
1251 2139 1323 2201 τῷ
1379 2138 1469 2191 τῆς
1526 2137 1686 2204 φορᾶς
1744 2130 1933 2183 ἀκατα-

332 2221 510 2288 σχέτῳ
537 2213 841 2288 διεδείχθη,
874 2219 905 2277 ἡ
957 2226 1059 2291 πῦρ
1118 2218 1168 2271 ἐν
1233 2219 1439 2291 καλάμη
1488 2229 1559 2290 τῷ
1616 2229 1712 2271 τῶν
1760 2222 1930 2293 μαθη-

330 2303 509 2377 μάτων
542 2302 815 2380 δραστικῷ
848 2326 903 2359 τε
932 2312 1021 2359 καὶ
1050 2307 1426 2379 περιληπτικῷ,
1480 2311 1508 2366 ἡ
1563 2313 1605 2361 εἰ
1655 2329 1704 2361 τι
1761 2309 1820 2360 ἂν
1852 2312 1927 2367 εἴη

330 2393 455 2446 ἄλλο
512 2404 611 2446 τῶν
672 2395 825 2457 ὀξέως
874 2396 1173 2468 ἁπτομένων
1258 2397 1287 2454 ἢ
1356 2397 1757 2469 προϐαινόντων,
1842 2406 1931 2449 καί

332 2480 534 2555 σχεδόν
574 2486 1055 2557 ὑπερεκπιπτόντων
1111 2491 1205 2543 τὴν
1253 2488 1503 2543 αἴσθησιν
1560 2509 1571 2520 ·
1626 2488 1814 2559 μᾶλλον
1873 2483 1931 2539 δε

329 2578 420 2624 καὶ
474 2576 539 2624 τὰ
586 2582 675 2633 τῆς
728 2580 1013 2647 παροιμίας
1068 2580 1316 2646 νενίκηκε,
1378 2582 1467 2627 καὶ
1520 2575 1931 2649 ὑπερϐαλλόντως

327 2665 396 2714 τά
451 2664 568 2715 καθ’
614 2663 900 2737 ὑπερϐολὴν
962 2664 1211 2737 λεγόμενα
1292 2666 1662 2740 παρελήλυθεν,

329 2755 460 2825 ὁμοῦ
492 2752 753 2827 παρελθὼν
783 2756 850 2805 τά
878 2757 1180 2826 ταχύτατα,
1230 2751 1591 2830 παραδραμών
1649 2761 1737 2808 καὶ
1802 2775 1932 2812 πτη-

1743 2667 1929 2718 ἀπανθ’

328 2849 425 2892 νῶν
456 2842 623 2893 αὐτῶν
657 2847 750 2899 τὴν
777 2843 1044 2909 ὠκύτητα,
1087 2848 1177 2895 καὶ
1206 2853 1457 2917 χαμερπῆ
1506 2864 1622 2895 τινα
1664 2850 1753 2896 καὶ
1798 2841 1931 2896 δυσ-

328 2930 516 2987 κίνητα
572 2933 842 3002 φαίνεσθαι
899 2930 1063 3003 ἀφείς,
1128 2938 1548 3006 συγκρινόμενα·
1604 2932 1795 2984 ἀλλα’ὁ
1865 2930 1931 2990 δη

328 3038 418 3091 μοι
454 3022 649 3071 ἔπεισιν
673 3018 757 3072 ἐπί
780 3023 979 3080 τούτοις
1023 3019 1141 3095 ἐρῶ.
1172 3021 1300 3096 Ἐρώ
1355 3030 1477 3093 γοῦν
1531 3024 1595 3082 ὡς
1661 3024 1789 3079 ὅσην
1836 3026 1930 3080 τὴν

329 3112 659 3180 ταχῦτηταό
718 3116 835 3171 νοῦς
895 3109 1107 3161 αὐτόθεν
1161 3110 1340 3181 αὐχεῖ,
1390 3110 1579 3184 μᾶλλον
1626 3108 1675 3163 δ’
1730 3114 1928 3169 ὁπόσην

331 3202 425 3255 τὴν
475 3196 801 3255 ἀεικινησίαν
850 3198 1091 3265 πλουτεῖ,
1142 3203 1206 3260 ὡς
1250 3198 1337 3251 ἀπ’
1394 3200 1562 3272 ἀκρων
1620 3199 1805 3272 ἀθρόον
1859 3201 1931 3262 εἰς

325 3288 467 3361 ἄκρα
521 3284 857 3355 διικνεῖσθαι,
917 3294 1007 3339 καὶ
1057 3289 1131 3350 εἰς
1188 3289 1339 3341 αὐτόν
1390 3288 1444 3341 ἐκ
1506 3299 1604 3341 των
1663 3287 1792 3362 τῇδε
1840 3297 1929 3343 καὶ
1960 3296 1998 3349 C

324 3378 553 3429 κάτωθεν
603 3376 904 3449 ἀνατρέχειν
954 3382 1041 3429 τόν
1084 3378 1322 3452 οὐρανόν,
1378 3384 1465 3431 καὶ
1532 3381 1657 3451 ὑπὲρ
1737 3379 1927 3432 ἐκείνου

327 3462 377 3517 δ’
410 3465 568 3518 ἐνίοτε
596 3468 858 3537 γίνεσθαι,
896 3470 1156 3524 τοσαύτην
1184 3469 1210 3519 ό
1237 3468 1559 3542 αὐτόχρημα
1586 3478 1702 3530 νοῦς
1755 3470 1927 3521 Ἰωάν-

322 3575 439 3620 νης,
481 3555 653 3630 ὥσπερ
684 3560 756 3628 μὴ
805 3554 1280 3629 έπιπροσθοῦμενος
1331 3562 1539 3629 σώματι
1582 3554 1722 3631 μηδὲ
1772 3564 1929 3632 σαρκί

323 3642 832 3718 παραποδιζόμενος,
903 3650 1019 3718 περί
1070 3648 1159 3706 τὰς
1216 3655 1287 3697 τώ
1351 3649 1677 3719 μαθημάτων
1750 3646 1932 3705 ἀναλη-

324 3734 442 3805 ψεις
495 3731 779 3806 εὖδρομίαν
826 3734 987 3806 ηῦχει
1068 3739 1159 3787 καὶ
1232 3743 1521 3801 συντονίαν,
1605 3735 1932 3809 ἀπροσπταίο

330 3843 487 3889 στως,
522 3820 991 3898 ἀπαραποδίστως,
1018 3822 1204 3897 ἀθρόον
1264 3826 1393 3897 ὁμοῦ
1444 3822 1595 3877 διιὼν
1652 3830 1930 3897 σύμπαντα

327 3920 419 3966 καὶ
468 3914 539 3975 εἰς
597 3913 762 3987 βάθος
829 3924 930 3966 τών
985 3916 1254 3987 νοημάτων
1334 3926 1594 3967 κατανοῶν
1660 3918 1878 3969 ἕκαστον
1912 3938 1924 3950 ·

332 4010 434 4057 Καὶ
460 4025 549 4077 μοι
582 4001 753 4057 δοκεῖν
781 4004 874 4056 οὐκ
916 4002 1200 4065 ἀπεικότως
1265 4006 1325 4056 ἄν
1374 4005 1418 4057 εἰ
1482 4013 1661 4057 τοῦτον
1716 4006 1928 4058 Πλάτων

328 4097 560 4162 τεθέατο,
619 4100 712 4152 τὴν
767 4096 1000 4166 μάθησιν
1067 4093 1357 4167 ἀνάμνησιν
1426 4092 1763 4167 ἐδογμάτισε,
1841 4101 1929 4148 καὶ

332 4186 463 4245 ἴσως
491 4186 553 4235 ἄν
596 4181 797 4255 ἐδέχθη
848 4189 938 4235 καὶ
990 4186 1334 4258 πιθανώτερος
1390 4180 1534 4246 ἔδοξε
1567 4207 1577 4217 ·
1629 4194 1830 4257 παρῆκε
1879 4182 1930 4237 δ’

329 4271 391 4324 ἀν
425 4272 509 4325 ἐπὶ
552 4276 720 4344 τούτῳ
780 4276 845 4325 τὰ
892 4274 1061 4345 φαῦλα
1133 4278 1224 4325 καὶ
1276 4275 1439 4347 μικρά
1502 4270 1929 4349 παραδείγματα,

329 4371 423 4414 τοῦ
454 4361 625 4415 ἐλαίου
659 4359 870 4421 δηλαδὴ
928 4366 986 4415 τό
1026 4362 1226 4435 ἆψοφόν
1284 4382 1336 4415 τε
1378 4369 1466 4415 καὶ
1523 4360 1795 4437 εὔδρομον,
1843 4370 1931 4416 καὶ

326 4451 435 4503 ἀλλ’
484 4454 619 4504 ἄττα
678 4456 886 4513 τοὺτοις
932 4457 1229 4528 παρόμοια,
1280 4448 1574 4527 παιδαρίων
1618 4457 1931 4526 μικροφυὶαν

325 4544 463 4596 πάνυ
480 4550 778 4617 μικροφυῶς
808 4544 1217 4615 παριστάνοντα.

324 4631 499 4688 cilem
538 4631 653 4687 olei
692 4630 933 4687 ﬂuentis
965 4647 1233 4697 cursum,
1268 4636 1325 4687 et
1357 4630 1588 4704 reliqua.
1625 4632 1720 4687 his
1766 4632 2001 4703 similia,

324 4720 669 4794 primentia.

401 4898 490 4963 ις’.
520 4903 624 4956 Τήν
654 4918 709 4951 τε
756 4903 845 4950 καὶ
885 4900 988 4971 γὰρ
1056 4898 1327 4970 έγκὺκλιον
1382 4896 1665 4951 παίδευσιν
1720 4900 1929 4953 ἅπασαν
1960 4903 2003 4956 D

327 4988 569 5061 ἀχρόνως
623 4984 821 5060 σχεδόν
878 4987 1251 5062 ὴκριϐώσατο·
1317 4988 1365 5041 ἐν
1418 4988 1603 5063 ἀκαρεῖ
1660 4993 1758 5063 γὰρ
1840 4996 1929 5042 καί

326 5084 520 5153 μετρίῳ
581 5082 716 5131 πάνυ
784 5087 856 5149 τῷ
922 5082 1100 5151 χρόνῳ
1157 5083 1287 5153 πρός
1341 5079 1679 5152 Ἐλληνισμόν
1730 5100 1783 5133 τε
1836 5086 1929 5139 τὴν

325 5169 555 5241 γλῶτταν
614 5168 916 5244 έρῥύθμισε,
966 5173 1056 5220 καὶ
1134 5173 1340 5241 συχνὴν
1419 5171 1654 5243 ἱστορίαν
1733 5167 1931 5223 ἐνθένδε

1473 5261 1673 5331 μύθους
1732 5255 1789 5311 δὲ
1841 5267 1930 5313 καὶ

1000 5347 1387 5423 ἀναλεξάμενος,
1495 5349 1743 5423 φλυαρίας
1841 5354 1929 5422 μὲν

328 5258 656 5331 συνειληχως
694 5262 787 5320 τάς
843 5263 1027 5333 φρένας
1076 5262 1378 5311 πεπύκνωτο
1410 5281 1422 5292 ο

323 5349 507 5421 λόγους
584 5349 905 5421 πλασμάτων
1000 5349 1387 5423 ἀναλεξάμενος,
1495 5349 1743 5423 φλυαρίας

321 5438 623 5500 Ἑλληνικῆς
668 5445 1008 5511 κατεγνώκει,
1064 5448 1342 5514 προσφυῶς
1390 5436 1440 5492 δ’
1490 5439 1715 5492 ἐντεῦθεν
1774 5438 1930 5497 ἀλλη-

318 5536 489 5604 γορεῖν
522 5530 825 5602 θαυμασίως
851 5530 981 5601 ἄγαν
1012 5527 1319 5597 ἐξήσκηται,
1352 5532 1488 5582 ἔνθεν
1540 5526 1599 5582 δέ
1652 5534 1738 5581 καὶ
1801 5534 1929 5605 πρός

319 5614 602 5691 ὑποδοχὴν
654 5617 906 5693 εὐτρεπὴς
973 5622 1221 5691 μειζόνων
1304 5622 1599 5691 γεγένηται,
1677 5618 1928 5690 ὑψηλοτέ-

313 5729 442 5786 ρων,
472 5709 625 5781 λέγω,
647 5710 971 5782 μαθημάτων
1028 5714 1118 5761 καὶ
1169 5707 1532 5781 καταλήψεων.
1593 5709 1775 5771 Τοίνυν
1832 5714 1922 5761 καὶ

2111 1960 2191 2010 15.
2227 1958 2551 2029 Postquam
2577 1971 2719 2025 ergo
2757 1959 3016 2011 Joannes
3057 1954 3310 2024 dignum
3344 1969 3407 2008 se
3459 1967 3685 2024 praece-

2037 2051 2291 2115 ptorem,
2318 2044 2435 2100 Deo
2457 2045 2515 2100 id
2547 2051 2924 2116 procurante,
2952 2049 3164 2099 nactus
3194 2047 3286 2098 est
3322 2060 3337 2111 ;
3378 2058 3572 2114 aquae,
3622 2046 3686 2095 ut

2038 2135 2270 2201 dicitur,
2302 2151 2408 2207 per
2435 2134 2661 2191 declive
2688 2135 2893 2190 tluenti
2920 2134 3199 2206 apparuit
3228 2131 3433 2187 similis
3458 2132 3683 2187 irrevo-

2039 2223 2215 2279 cabili
2264 2224 2491 2295 impetu
2549 2230 2605 2279 et
2651 2224 2824 2280 celeri
2880 2222 3414 2295 comprehensione
3461 2219 3688 2291 dicipli-

2039 2328 2286 2380 narum;
2311 2319 2415 2369 aut
2443 2315 2593 2369 sicut
2623 2314 2776 2383 ignis
2806 2314 2866 2367 in
2898 2312 3136 2383 stipula,
3162 2317 3267 2367 aut
3299 2312 3349 2365 si
3399 2308 3548 2383 quid
3600 2313 3687 2363 est

2042 2402 2201 2458 aliud
2224 2419 2455 2465 eorum,
2486 2420 2620 2474 qua:
2661 2402 3107 2473 progredientia
3137 2400 3421 2465 celeriter,
3445 2399 3522 2455 ad
3569 2413 3688 2453 me-

2039 2496 2162 2547 tam
2178 2508 2353 2547 suam
2369 2490 3481 2564 pertinguntcelerrime,oculorumque
3498 2488 3687 2543 aciem

2040 2582 2222 2637 ferme
2243 2587 2625 2654 praevertunt.
2653 2582 2760 2647 Qui
2800 2582 2977 2637 etiam
3014 2581 3318 2653 superavit
3345 2595 3415 2635 ea
3461 2594 3597 2649 quas
3627 2578 3688 2631 in

2040 2677 2383 2741 exemplum
2414 2670 2739 2726 velocitatis
2766 2670 3042 2742 populari
3070 2685 3343 2725 sermone
3388 2681 3689 2737 usurpan-

2040 2764 2153 2825 tur,
2187 2764 2242 2814 ct
2302 2775 2439 2830 quae
2483 2759 2866 2831 hyperbolice
2911 2760 3297 2814 adducuntur
3345 2755 3683 2819 antecessit,

2040 2862 2250 2902 omnes
2275 2848 2520 2903 insimul
2549 2855 2703 2904 artes
2728 2849 3015 2903 citissime
3042 2863 3346 2914 emensus,
3394 2845 3689 2918 ipsasque

2040 2943 2401 3007 praavertens
2430 2938 2728 3005 volucres,
2752 2944 2931 3009 atque
2946 2936 3311 3001 eﬂiciens,ut
3324 2934 3557 2990 collatas
3597 2948 3688 2987 se-

2041 3040 2199 3091 cum,
2227 3026 2512 3082 animalia
2531 3026 2815 3098 quaedam
2844 3025 3191 3095 tardigrada
3231 3030 3334 3080 aut
3372 3022 3540 3078 humi
3599 3036 3689 3075 re-

2038 3115 2242 3186 pentia
2262 3121 2508 3187 possent
2535 3116 2740 3171 videri.
2769 3116 3024 3171 Dixerim
3047 3130 3190 3184 ergo
3234 3112 3401 3186 quod
3457 3116 3688 3184 quanta

2039 3203 2333 3259 celeritate
2364 3204 2648 3273 gloriatur
2673 3205 2933 3276 spiritus,
2958 3209 3307 3276 quantaque
3330 3202 3512 3274 pollet
3561 3200 3687 3269 agi-

2037 3292 2216 3357 litate,
2249 3298 2311 3349 ut
2338 3292 2416 3348 ab
2447 3294 2725 3348 extremis
2757 3293 2833 3349 ad
2882 3299 3149 3349 extrema
3201 3292 3396 3347 subito
3462 3292 3690 3362 impetu

2038 3387 2322 3450 transeat,
2349 3388 2407 3438 et
2434 3382 2494 3437 in
2518 3382 2736 3438 coelum
2757 3383 2955 3455 ipsum
2989 3382 3067 3438 ab
3092 3381 3472 3437 inferioribus
3524 3380 3689 3434 hisce

2037 3471 2310 3543 partibus
2348 3487 2679 3538 recurrens,
2713 3471 3011 3527 interdum
3055 3486 3237 3541 super
3273 3469 3419 3525 illud
3479 3467 3693 3524 consti-

2038 3564 2470 3628 tuatur;tanta
2499 3560 2680 3616 etiam
2706 3562 2989 3626 Joannes,
3033 3561 3137 3632 qui
3190 3565 3315 3614 erat
3362 3557 3540 3613 veluti
3584 3573 3690 3629 pu-

2038 3665 2140 3704 rus
2170 3649 2431 3721 spiritus,
2458 3665 2579 3705 non
2600 3649 3029 3705 obtenebratus
3054 3664 3302 3721 corpore
3332 3662 3528 3719 neque
3584 3646 3689 3700 im-

2038 3738 2272 3810 plicitus
2330 3738 2583 3794 vinculis
2627 3740 2847 3803 carnis,
2909 3739 3150 3808 gloriari
3210 3742 3441 3810 poterat
3482 3751 3693 3791 cursus

2040 3827 2311 3883 felicitate
2337 3828 2837 3901 contentioneque
2868 3829 3026 3884 circa
3081 3826 3417 3883 liberalium
3476 3825 3692 3879 artium

2038 3916 2440 3989 disciplinam,
2456 3931 2759 3990 nusquam
2782 3918 3010 3988 labens,
3036 3932 3343 3989 nusquam
3359 3914 3692 3983 otl‘endens,

2043 4006 2149 4061 sed
2175 4007 2381 4062 omnia
2400 4007 2683 4062 continuo
2704 4007 2931 4079 impetu
2964 4006 3391 4079 pertransiens,
3419 4009 3477 4059 et
3505 4018 3696 4075 usque

2041 4097 2118 4153 ad
2149 4096 2521 4170 profundum
2548 4112 3053 4169 quarumcunque
3110 4095 3457 4152 notitiarum
3498 4098 3697 4148 mente

2041 4186 2396 4259 pervadens.
2438 4190 2562 4242 Non
2601 4187 3146 4256 incongrueigitur,
3191 4186 3239 4240 si
3270 4185 3433 4240 hunc
3461 4182 3701 4238 vidisset

2044 4276 2231 4341 Plato,
2263 4275 2597 4331 doctrinam
2628 4292 2758 4331 esse
2779 4275 3282 4330 reminiscentiam
3313 4273 3696 4340 deﬁnivisset,

2043 4372 2099 4420 et
2128 4364 2376 4420 fortasse
2415 4364 2731 4420 meruisset
2785 4364 3049 4437 probari,
3112 4364 3305 4435 magis
3362 4360 3698 4417 verosimile

2042 4453 2191 4526 quid
2218 4454 2384 4526 loqui
2414 4454 2597 4515 visus,
2620 4470 2807 4525 quam
2857 4455 2902 4508 si
2952 4458 3363 4526 proposuisset
3413 4449 3698 4524 quaedam

2044 4542 2334 4613 ignobilia
2363 4559 2669 4615 parvaque
2695 4542 2995 4615 exempla,
3022 4548 3169 4616 puta
3194 4542 3467 4597 silentem
3498 4557 3567 4596 ac
3613 4540 3698 4596 fa-

2047 4631 2481 4688 iniantulorum
2512 4640 2691 4688 tenue
2743 4632 3055 4703 ingenium
3102 4631 3277 4688 valde
3325 4631 3551 4686 exiliter
3598 4646 3701 4686 ex-

2117 4904 2200 4955 16.
2235 4899 2588 4956 Universum
2619 4916 2887 4973 namque
2936 4900 3146 4956 orbem
3185 4899 3532 4955 litterarium
3581 4899 3702 4957 fere

2043 4989 2169 5045 sine
2195 4989 2483 5061 temporis
2510 4992 2703 5062 spatio
2735 4990 3011 5056 absolvit,
3040 4994 3098 5045 et
3152 4990 3322 5061 qussi
3370 4993 3704 5045 momenta-

2040 5096 2173 5139 neo.
2200 5087 2354 5137 certe
2383 5097 2677 5153 perquam
2724 5082 2891 5136 brevi
2939 5082 3225 5152 temporis
3272 5080 3580 5152 impendio
3626 5080 3702 5135 ad

2041 5172 2224 5227 Graeci
2248 5171 2545 5227 sermonis
2566 5188 2743 5226 usum
2764 5171 3168 5227 conformavit
3192 5170 3496 5241 linguam;
3550 5170 3703 5225 mul-

2039 5266 2288 5331 tamque
2322 5261 2728 5331 cognitionem
2776 5260 2915 5315 hinc
2974 5260 3248 5332 adeptus,
3306 5275 3377 5315 ea
3437 5264 3703 5315 mentem

2039 5350 2350 5406 instruxit:
2380 5349 2546 5405 lectis
2568 5366 2711 5405 vero
2738 5348 2956 5405 fabulis
2974 5349 3418 5421 figmentisque,
3467 5351 3704 5404 Graecas

2038 5440 2287 5512 quidem
2301 5454 2499 5510 nugas
2519 5439 2851 5505 damnavit,
2887 5440 2945 5494 in
2970 5439 3290 5509 allegorica
3312 5445 3515 5494 tamen
3539 5438 3702 5494 locu-

2038 5531 2199 5585 tione
2228 5530 2509 5602 apparuit
2532 5530 2624 5585 vel
2678 5529 2893 5586 exinde
2933 5529 3285 5585 mirabiliter
3325 5530 3702 5595 exercitatus,

2036 5626 2216 5692 atque
2246 5620 2325 5675 ad
2351 5622 2801 5692 susceptionem
2833 5620 3134 5691 majorum
3160 5618 3432 5689 idoneus,
3493 5620 3570 5675 ad
3607 5636 3706 5674 su-

2030 5709 2381 5767 blimiorum
2407 5708 2543 5765 dico
2587 5708 3044 5783 disciplinarum
3094 5708 3702 5783 speculationumque
