4484 6446
803 438 899 496 831
1998 433 2456 495 CONSTANTINI
2493 433 2968 495 ACROPOLITE.

4056 449 4158 505 832

804 563 1423 638 comprehensionem.
1447 566 1512 621 In
1540 562 1834 622 divisione
1867 562 2070 636 itaque
2090 576 2299 619 earum
2319 576 2454 635 par-
2489 585 2536 640 Α
2565 579 2575 611 ι

2387 576 2454 617 ιιι-
2489 585 2536 640 Α
2565 555 2822 633 διαιρέσει
2875 570 2975 615 τῶν
3018 570 3114 626 τῆς
3162 568 3451 641 πυριπνόου
3499 564 3585 637 (5)
3640 565 3925 639 κεφαλαίων
4005 567 4158 642 ἐγγυ-

803 653 972 724 tium,
1005 669 1159 727 quas
1197 654 1400 727 ignem
1449 653 1685 727 spirans
1732 652 1987 710 facultas
2017 650 2451 724 complectitur,

802 742 1065 816 perbene
1107 747 1397 810 versatus,
1459 743 1743 816 inspectis
1795 742 2139 799 orationum
2180 739 2329 796 ideis
2383 753 2455 795 ac

802 831 1121 899 methodis,
1149 831 1383 903 collegit
1399 847 1472 889 ex
1500 832 1571 888 iis
1592 832 1782 889 obiter
1799 831 2193 905 multiplicem
2238 830 2452 886 inven-

802 921 1035 978 tionum
1065 921 1303 993 copiam
1316 920 1828 994 afﬂuentiamque,
1855 920 2018 977 velut
2047 923 2343 977 mercator
2367 933 2453 975 se-

802 1008 1000 1078 dulus,
1021 1010 1124 1082 qui
1140 1009 1218 1066 ad
1246 1009 1430 1066 alium
1455 1009 1994 1067 tendenslocnmin
2006 1024 2130 1082 quo
2159 1022 2452 1079 magnum

801 1100 1001 1170 sperat
1026 1096 1258 1153 lucrum
1292 1096 1509 1164 facere,
1541 1097 1731 1154 sicubi
1760 1113 1864 1171 per
1887 1096 2049 1154 viam
2081 1095 2229 1168 quid
2270 1094 2452 1152 offen-

801 1185 954 1242 derit
980 1186 1332 1258 neutiquam
1359 1187 1889 1256 contemnendum,
1911 1202 2034 1242 non
2062 1189 2298 1243 recusat
2321 1186 2450 1257 ejus

802 1290 987 1331 causa
1014 1274 1311 1331 tantillum
1357 1275 1440 1331 ibi
1498 1276 1876 1333 commorari.
1936 1276 2023 1332 Ita
2076 1290 2220 1347 ergo
2272 1276 2450 1332 etiam

801 1366 1083 1431 Joannes,
1158 1364 1517 1421 rhetoricam
1594 1364 2023 1438 rhetoricasque
2135 1364 2451 1421 methodos

800 1468 1049 1525 quoquo
1067 1452 1249 1509 modo
1270 1458 1589 1521 mercatus,
1604 1455 1887 1510 continuo
1900 1453 1979 1510 ad
2002 1453 2450 1527 philosophiam

802 1542 1074 1598 accurrit.
1108 1544 1175 1597 Et
1198 1543 1463 1615 primum
1491 1543 1737 1615 quidem
1768 1544 1950 1614 hujus
1987 1542 2336 1615 primordia,
2363 1558 2453 1599 ra-

802 1629 1082 1687 tionalem
1105 1630 1324 1688 scilicet
1347 1631 1690 1689 facultatem
1716 1636 1921 1689 exacte
1942 1632 2242 1705 perdiscit,
2302 1631 2452 1702 ﬁgu-

799 1734 898 1775 ras
934 1719 1445 1794 resolutionesque
1462 1720 1952 1793 syllogismorum
1976 1720 2264 1794 explorat,
2316 1737 2452 1795 pro-

798 1808 1167 1881 positionum
1197 1808 1569 1867 affluentiam
1598 1814 1655 1866 et
1681 1814 2031 1883 promptum
2066 1825 2248 1867 usum
2287 1810 2451 1867 colli-

2562 652 2906 722 μνασάμενος,
2929 650 3094 725 λόγων
3123 673 3176 707 τε
3215 651 3359 716 ἰδίας
3419 659 3509 708 καὶ
3553 652 3814 728 μεθόδους
3862 653 4158 730 διασκεψά-

2560 756 2727 808 μενος,
2804 737 3074 795 κάντεῦθεν
3145 748 3353 815 συχνὴν
3434 744 3678 819 εὐπορίαν
3760 750 3849 798 καὶ
3936 747 4153 819 ἄφθονον

2563 826 2761 902 εὕρεσιν
2804 826 3107 903 παροδικῶς
3164 831 3551 906 συλλεξάμενος,
3604 834 3778 907 ὥσπερ
3827 835 3888 887 ἄν
3939 855 4016 897 τις
4069 855 4157 909 με-

2558 915 2883 989 γαλίμπορος
2944 918 3123 973 ἄλλοθί
3177 940 3278 974 που
3329 925 3415 975 τόν
3484 927 3677 976 σκοπόν
3744 925 3880 996 ἔχων
3948 930 4036 977 καὶ
4092 929 4150 978 τὸ

2559 1009 2691 1078 μέγα
2738 1010 2922 1061 εκεῖθεν
2969 1006 3156 1085 κέρδος
3200 1008 3639 1085 ἀπεκδεχόμενος,
3673 1013 3865 1085 μεταξύ
3920 1033 4021 1067 που
4057 1022 4154 1077 τῆς

2557 1099 2764 1168 πορείας
2806 1106 2905 1149 τῶν
2968 1117 3071 1151 τινι
3143 1105 3216 1173 μή
3298 1100 3754 1175 εὐκαταφρονήτων
3828 1108 4146 1175 περιτυχών,

2560 1182 2745 1257 βραχύ
2799 1205 2849 1238 τι
2905 1182 3188 1261 διατρίψας
3236 1187 3711 1264 προσεπικερδᾶναι
3767 1196 3838 1265 μή
3900 1196 4151 1251 κατοκνή-

2561 1290 2691 1325 σειεν
2725 1294 2738 1307 ο
2779 1270 3037 1335 ὡςδέκαὶ
3061 1277 3206 1339 οὗτος
3233 1279 3517 1353 ῥητορικὴν
3572 1284 3662 1332 καὶ
3719 1282 3808 1342 τάς
3855 1288 3949 1342 τῆς
4000 1282 4155 1355 ῥητο-

2556 1369 2707 1435 ρικῆς
2736 1359 2993 1435 μεθόδους
3025 1364 3303 1439 ἀμηγίπως
3353 1368 3817 1442 ἐμπορευσάμενος,
3867 1372 3925 1422 τὸ
3986 1372 4153 1441 τάχος

2558 1454 2684 1523 πρὸς
2728 1451 3032 1525 φιλοσοφίαν
3105 1452 3391 1530 ἀπέδραμε.
3488 1462 3588 1510 Καὶ
3654 1464 3838 1532 πρῶτα
3923 1461 4012 1530 μὲν
4089 1462 4156 1511 τὰ

2558 1540 2825 1612 προτελεια
2870 1546 3065 1605 ταύτης
3122 1549 3210 1603 τὴν
3256 1545 3471 1618 λογικὴν
3538 1551 3901 1622 πραγματείαν
3950 1548 4155 1622 ἑξακρι-

2560 1628 2764 1699 ϐοῡται,
2833 1635 3089 1705 σχήματά
3155 1654 3209 1687 τε
3279 1640 3368 1688 καὶ
3437 1634 3711 1699 ἀναλύσεις
3792 1636 4155 1710 συλλογισμῶν

2562 1722 2856 1788 σκεπτεται,
2916 1727 3006 1775 καὶ
3054 1725 3352 1797 προτάσεων
3409 1730 3672 1797 χορηγίαν
3724 1724 3997 1798 συλλέγει·
4066 1731 4155 1779 καὶ

2558 1809 2803 1872 καθάπαξ
2864 1814 2951 1863 τόν
3019 1811 3365 1885 ἀποφαντικὸν
3440 1814 3591 1888 λόγον
3657 1814 3998 1887 ἐκμελετήσας
4060 1821 4155 1875 τήν

802 1897 915 1967 git;
940 1902 1119 1970 atque
1140 1898 1521 1955 enuntiativae
1553 1899 1837 1955 orationis
1866 1904 2145 1955 naturam
2176 1899 2450 1972 specula-
2489 1939 2529 1994 Β
2558 1895 2573 1947 ὲ

2386 1915 2450 1956 θ,-
2489 1939 2529 1994 B
2558 1893 2826 1960 ἀπόδειξιν
2884 1897 3263 1973 ἐγχειρίζεται,
3310 1905 3501 1955 κανόνα
3545 1902 3709 1974 λόγων
3770 1907 3860 1955 καὶ
3918 1905 4152 1976 στάθμην

801 1988 916 2055 tus,
942 1984 1521 2043 demonstrationem
1552 1987 1916 2058 aggreditur,
1957 1986 2120 2044 velut
2156 1987 2449 2045 ratiocinii

800 2075 1073 2146 regulam
1093 2081 1150 2131 et
1209 2076 1768 2149 perpendicularem
1823 2092 2104 2134 normam
2160 2078 2446 2146 veritatis,

799 2168 904 2221 aut
930 2164 1131 2238 potius
1153 2170 1219 2222 ut
1248 2165 1474 2222 scalam
1498 2166 1834 2239 quamdam
1871 2167 2349 2224 introducentem
2371 2167 2451 2223 ad

797 2253 1161 2311 naturalium
1222 2270 1424 2311 rerum
1468 2256 2006 2328 investigationem,
2060 2271 2316 2330 quaeque
2371 2255 2451 2311 ad

799 2343 1368 2415 contemplationem
1386 2345 1580 2402 evehit
1611 2349 1897 2413 mentem,
1924 2345 2002 2402 ad
2036 2346 2451 2402 sublimiorem

799 2432 1019 2489 scilicet
1041 2432 1221 2490 aliam
1260 2434 1862 2508 prsestantioremque
1901 2434 2452 2509 supernaturalium

799 2538 1000 2580 rerum
1016 2522 1383 2594 indaginem.
1402 2526 1850 2598 Loquacitatem
1862 2541 2005 2583 vero
2018 2542 2154 2599 quae
2168 2526 2455 2598 cumipsa

800 2616 857 2669 et
885 2617 1022 2687 post
1050 2613 1246 2685 ipsam
1285 2614 1535 2671 discitur
1556 2616 1660 2683 (ita
1703 2631 1971 2688 namque
2014 2620 2283 2672 veterum
2329 2630 2453 2671 non

799 2717 980 2761 nemo
1009 2702 1383 2760 dialecticam
1423 2705 1773 2775 nominavit,
1800 2722 1936 2778 quis
1966 2706 2227 2778 primam
2258 2703 2453 2778 philo-

800 2794 1027 2866 sophiae
1046 2798 1278 2867 partem
1305 2795 1453 2851 mire
1478 2796 1693 2854 excolit
1714 2801 1770 2853 et
1795 2796 2069 2853 omnium
2100 2796 2318 2852 artium
2368 2798 2456 2850 est

801 2884 1092 2952 ministra,
1128 2900 1456 2957 earumque
1479 2885 1659 2942 tradit
1710 2902 1780 2942 ac
1846 2886 2109 2942 declarat
2164 2884 2457 2958 principia

800 2976 859 3029 et
887 2973 1222 3029 axiomata:
1255 2973 1335 3029 ad
1361 2989 1540 3031 omne
1560 2975 1858 3048 siquidem
1888 2974 2053 3049 quod
2076 2973 2457 3047 perquiratur

801 3066 905 3119 aut
933 3063 1164 3119 accidat
1212 3068 1584 3136 opportunas
1628 3064 1808 3121 etiam
1857 3065 1992 3139 ipsa
2046 3063 2175 3120 vias
2221 3061 2454 3135 aperit),

800 3151 1198 3217 dialecticam,
1232 3154 1388 3224 dico,
1438 3154 1781 3211 facultatem
1840 3154 2046 3227 ecquis
2114 3152 2456 3224 diligentius

801 3256 984 3314 quam
1011 3240 1250 3311 ille,aut
1274 3244 1426 3300 sicut
1454 3243 1550 3299 ille
1580 3243 1941 3316 perdidicit?
1965 3243 2101 3317 quis
2133 3245 2298 3299 tanta
2328 3256 2456 3315 per-

802 3330 1145 3403 spicacitate
1174 3332 1395 3403 ingenii
1428 3333 1488 3389 in
1514 3349 1587 3390 ea
1614 3338 1884 3390 versatus
1910 3335 2043 3390 est?
2073 3331 2281 3389 Nullus
2308 3346 2454 3387 sane

801 3436 937 3476 cum
970 3437 1041 3477 eo
1080 3421 1456 3496 disceptavit,
1489 3424 1633 3496 quin
1661 3439 1692 3479 e
1732 3423 1979 3493 vestigio
2033 3422 2210 3495 ccepti
2268 3421 2457 3494 paeni-

803 3513 934 3566 tens
964 3528 1025 3567 se
1058 3511 1259 3584 ipsum
1273 3512 1692 3569 condemnarit
1714 3513 2077 3569 temeritatis.
2114 3511 2455 3584 Expeditius

801 3602 960 3655 cnim
1004 3600 1222 3674 aliquis
1270 3604 1453 3659 Cretae
1511 3602 1967 3675 Labyrinthum,
2018 3605 2121 3658 aut
2173 3601 2455 3658 Casadam

804 3693 1395 3750 Lacedaemoniorum
1420 3697 1739 3765 effugisset,
1767 3711 1952 3767 quam
1975 3693 2457 3765 elenchorumip-

802 3780 924 3835 sius
954 3781 1247 3838 evasisset
1270 3783 1438 3850 retia,
1473 3783 1520 3839 si
1552 3783 1737 3840 semel
1767 3784 1837 3839 iis
1867 3788 2024 3840 esset
2053 3784 2331 3840 irretitus.

876 3871 959 3927 17.
985 3874 1088 3928 Ast
1107 3872 1354 3944 quando
1385 3874 1463 3929 ad
1488 3874 1908 3943 investiganda
1961 3872 2323 3929 naturalium
2374 3889 2460 3929 re-

800 3975 936 4015 rum
960 3975 1184 4017 arcana
1208 3964 1515 4034 processit,
1540 3963 1829 4034 Stagiritaa
1852 3963 2159 4036 discipulis
2186 3963 2460 4035 superior

799 4050 1116 4123 apparuit:
1151 4066 1273 4107 non
1304 4051 1464 4107 enim
1487 4052 1682 4109 solum
1717 4052 2036 4109 videbatur
2058 4057 2284 4108 naturae
2308 4052 2456 4126 peri-

799 4143 891 4195 tus
913 4140 1154 4206 arbiter,
1183 4157 1391 4197 verum
1421 4143 1686 4214 optimus
1742 4142 2084 4215 explorator
2129 4143 2454 4211 rationum,

793 4230 965 4301 juxta
1002 4246 1157 4303 quas
1180 4236 1412 4289 naturae
1437 4248 1637 4289 rerum
1674 4232 1889 4289 fuerint
1918 4233 2231 4289 ordinatas.
2262 4233 2455 4299 Quare

801 4319 990 4392 ipsius
1038 4320 1385 4390 Aristotelis,
1440 4327 1496 4379 et
1545 4322 1818 4378 omnium
1868 4327 2166 4396 quotquot
2221 4326 2357 4379 ante
2401 4325 2458 4378 et

797 4415 933 4483 post
957 4410 1125 4466 illum
1148 4411 1223 4467 de
1240 4417 1455 4468 natura
1468 4412 1663 4486 deque
1678 4412 2053 4469 naturalibus
2071 4412 2251 4469 rebus
2273 4412 2454 4467 disse-

794 4506 1043 4557 ruerunt
1071 4503 1446 4559 examinator
1472 4503 1737 4573 sedulus,
1786 4508 1890 4559 aut
1937 4503 2117 4560 etiam
2174 4502 2454 4575 explana-

795 4597 886 4650 tor
911 4592 1243 4649 tutissimus
1266 4593 1509 4649 habitus
1541 4598 1648 4649 est.
1688 4594 1915 4650 Animae
1960 4609 2101 4650 vero
2150 4592 2453 4649 immorta-

793 4682 1021 4740 litatem
1045 4697 1167 4737 non
1195 4682 1479 4752 ambigue
1511 4699 1582 4738 ex
1614 4682 1917 4752 ambiguis
1948 4682 2103 4738 illius
2135 4698 2451 4753 argumen-
2489 4661 2532 4716 Ῑ)

794 4771 866 4827 tis
900 4772 1187 4841 credidit;
1220 4788 1416 4845 neque
1474 4789 1545 4829 ex
1602 4772 1927 4845 altiloquis,
1973 4776 2037 4829 ut
2079 4788 2201 4829 non
2254 4772 2453 4830 dicam

793 4862 1084 4919 fabulosis
1136 4862 1493 4919 commentis
1538 4862 1814 4928 Platonis,
1868 4878 2118 4919 erronea
2169 4863 2453 4935 quaedam

794 4954 952 5011 circa
977 4953 1143 5010 illam
1173 4952 1551 5026 sophismata
1583 4951 1689 5009 fuit
1714 4951 2050 5025 amplexus,
2101 4968 2208 5026 per
2260 4953 2453 5011 incor-

792 5043 1137 5117 porationes
1163 5041 1462 5115 quasdam
1494 5045 1550 5097 et
1580 5040 2138 5098 transformationes
2162 5046 2348 5099 totam
2379 5043 2453 5099 de

866 5226 1067 5296 (5)1362
1125 5226 1410 5302 πνρὶπνοον
1475 5219 1571 5302 hic
1627 5236 1739 5302 prg
1791 5219 2093 5302 rhetorica
2129 5221 2452 5302 usurpari,

794 5292 1019 5369 ut'q'uas
1046 5292 1281 5351 animos
1322 5293 1579 5369 dicendo
1633 5292 1991 5369 inflammet,
2043 5295 2206 5369 patet
2247 5292 2321 5369 eri
2369 5309 2456 5348 se-

792 5363 1150 5441 quentibus;
1185 5381 1259 5441 ne
1280 5365 1427 5441 quis
1447 5370 1661 5441 autem
1678 5364 1759 5441 de
1774 5363 1956 5441 hujus
1974 5363 2243 5420 lectionis
2263 5364 2455 5441 since-

792 5435 962 5496 ritate
986 5435 1317 5499 scrupulus
1336 5439 1622 5509 cuiquam
1648 5435 1954 5509 incideret,
1979 5452 2177 5507 operas
2199 5437 2455 5509 pretium

793 5512 1025 5569 censuit
1045 5510 1331 5567 Possinus
1354 5507 1559 5566 noster
1578 5509 1779 5581 ipsum
1799 5508 2171 5581 archetypon
2188 5507 2457 5565 codicem

793 5600 1105 5641 msmcere.

866 5600 1151 5734 25)]???qu
1172 5653 1398 5734 passim
1422 5652 1807 5734 _Cretensi_um
1840 5651 2248 5734 labyrinthus,
2288 5655 2461 5734 Lacef

792 5725 1235 5795 daemoniorum
1266 5725 1521 5795 Cleadas,
1538 5740 1660 5781 non
1681 5725 1843 5792 item,
1864 5725 1992 5781 Fuit
2013 5728 2215 5791 autem
2235 5725 2382 5793 haec,
2397 5727 2461 5781 ut

791 5791 865 5859 ex
908 5790 1220 5865 Strabone,
1279 5790 1629 5871 Thimydide
1677 5799 1734 5855 et
1795 5790 2087 5856 Pausania
2139 5790 2454 5870 colligitur,

2556 1984 2819 2052 ἀληθείας,
2853 1992 2882 2047 ἦ
2916 1994 3006 2042 καὶ
3032 1988 3299 2063 ἀναγωγόν
3329 2011 3445 2045 τινα
3481 1994 3610 2067 πρὸς
3662 1995 3727 2045 τά
3785 1995 3985 2065 φυσικά
4038 1992 4154 2045 κλί-

2556 2095 2697 2147 ματα
2731 2098 2742 2110 ·
2767 2077 2900 2129 ἄττα
2932 2074 2999 2137 δὴ
3027 2082 3153 2153 πρὸς
3211 2083 3424 2156 θεωρίαν
3481 2080 3840 2155 μεταϐιϐάζει,
3891 2082 4153 2154 ὑψηλοτέ-

2556 2183 2650 2239 ραν
2676 2165 2834 2224 ἆλλην
2865 2172 2953 2220 καὶ
2982 2173 3270 2243 κρείττονα,
3324 2174 3419 2229 τὴν
3473 2179 3573 2223 τῶν
3631 2171 3758 2244 ὑπέρ
3817 2173 3972 2243 φύσιν
4020 2170 4153 2243 λὶγω

2557 2258 2642 2306 καὶ
2674 2256 2937 2330 θειοτερων
2986 2256 3238 2321 ἐξέτασιν.
3293 2263 3398 2317 Τὴν
3461 2256 3521 2312 δέ
3573 2256 3639 2317 δὴ
3708 2262 3801 2312 σύν
3852 2262 4015 2333 ταύτῃ
4064 2264 4155 2312 καὶ

2558 2345 2671 2416 μετ’
2691 2345 2872 2417 αὐτὴν,
2906 2351 3000 2405 τὴν
3035 2343 3359 2420 ἀδολεσχίαν
3389 2347 3522 2421 λέγω
3575 2348 3734 2417 (οὕτω
3776 2352 3878 2423 γὰρ
3926 2370 4007 2411 τις
4054 2358 4155 2402 τῶν

2558 2431 2720 2485 πάλαι
2777 2438 2871 2493 τὴν
2916 2432 3247 2496 διαλεκτικὴν
3304 2442 3706 2511 κατωνόμασεν,
3767 2440 3797 2497 ἦ
3854 2438 4157 2511 φιλοσοφίαν

2559 2526 2654 2580 τὴν
2692 2528 2905 2595 πρώτην
2966 2526 3296 2599 ὑποκρίνεται
3372 2524 3678 2592 δεξιώτατα,
3753 2532 3846 2586 τὴν
3933 2528 4160 2589 ἀπάσαις

2554 2609 2775 2683 ’τέχναις
2804 2619 2892 2666 καὶ
2932 2612 3246 2687 ἐπιστήμαις
3306 2616 3722 2689 πρεσϐεύουσαν,
3776 2622 3866 2670 καὶ
3914 2620 4009 2679 τάς
4061 2617 4161 2693 ἀρ-

2561 2702 2669 2771 χὰς
2698 2721 2751 2755 τε
2776 2705 3136 2775 παρὲχουσαν,
3160 2710 3251 2758 καὶ
3299 2702 3664 2779 διασαφοῦσαν
3720 2708 3785 2759 τά
3840 2706 4164 2779 ἀξιώματα),

2561 2796 2656 2848 τὴν
2717 2787 2804 2842 οὖν
2871 2791 3064 2851 ἐκείνην
3130 2793 3375 2870 ἄντικρυς
3432 2795 3789 2859 εἰκονίζουσαν
3848 2796 4000 2869 (πρὸς
4058 2798 4161 2870 γάρ

2562 2882 2698 2934 άπαν
2757 2884 2814 2933 τό
2867 2883 3179 2956 ζητούμενον
3231 2889 3260 2943 ἦ
3327 2884 3737 2960 προϐαλλόμενον
3790 2886 4018 2962 εὐχερῶς
4071 2891 4163 2939 καὶ

2564 2972 2695 3029 αὕτη
2718 2974 2835 3032 τούς
2876 2971 3057 3043 λόγους
3104 2972 3305 3047 ἐπάγει,
3359 2974 3601 3047 εὐλόγους
3665 2974 3775 3048 ἃμα
3847 2980 3937 3027 καὶ
3998 2975 4162 3048 ἁρμό-

2566 3060 2748 3123 ζοντας
2786 3066 3070 3134 κεκτημένη
3111 3066 3240 3136 πρός
3298 3065 3537 3135 ἕκαστον)
3586 3068 3662 3125 τὶς
3706 3066 3831 3136 ὑπέρ
3895 3063 4079 3116 ἆκεῑνον
4128 3068 4157 3121 ἣ

2564 3150 2675 3202 κατ’
2720 3148 2904 3203 ἐκεῖνον
2954 3150 3239 3227 ἠκρίϐωσε,
3297 3159 3387 3206 καὶ
3441 3155 3637 3205 όὺτωσί
3693 3153 3804 3226 μετ’
3882 3152 4162 3226 ἀγχινοίας

2565 3239 2873 3315 ἔχρησατο;
2914 3237 3104 3304 Οὐδείς
3134 3240 3194 3293 ἀν
3251 3242 3321 3305 εἰς
3362 3241 3547 3315 λόγους
3608 3242 3762 3295 ἐλθών
3829 3241 4019 3315 ἐκείνῳ,
4086 3247 4157 3315 μὴ

2562 3333 2807 3402 παραυτά
2871 3334 3116 3403 μετέγνω,
3166 3335 3382 3393 καὶτῆς
3432 3337 3743 3407 προπετείας
3790 3332 3973 3385 ἑαυτόν
4036 3352 4167 3385 κατι

2565 3418 2853 3494 εμέμψατο.
2919 3420 3301 3495 Εὑχερέστερον
3383 3421 3441 3472 ἂν
3490 3441 3565 3483 τις
3614 3420 3661 3473 ἐν
3748 3425 3925 3494 Κρήτη
4015 3420 4170 3473 λαϐύ-

2563 3511 2754 3584 ρινθον,
2810 3513 2839 3568 ἧ
2900 3512 2988 3561 τὸν
3045 3512 3190 3585 παρά
3254 3506 3689 3583 Λακεδαιμονίοις
3766 3506 4005 3563 Καιάδαν
4087 3512 4166 3578 (ὃ)

2564 3598 2821 3672 ἐξέφυγεν,
2853 3604 2882 3659 ἥ
2913 3603 3007 3662 τὰς
3036 3598 3227 3653 ἐκείνου
3285 3609 3383 3653 τῶν
3437 3600 3602 3673 λόγων
3650 3601 3811 3677 ἄρκυς
3859 3598 4161 3676 διέδρασεν,

2566 3693 2609 3741 εἴ
2638 3694 2698 3761 γέ
2728 3692 2775 3742 οἱ
2796 3709 2998 3742 τοιοτον
3025 3694 3149 3763 μοτε
3170 3696 3258 3743 καὶ
3292 3688 3522 3749 ἐδέησεν.

2642 3868 3098 3931 ιζ.Ἀλλ¹ἐπειὸ“ὴ
3132 3875 3251 3946 περί
3307 3873 3506 3943 φύσεως
3567 3870 3819 3934 ἐξετάζειν
3878 3867 3983 3930 ἢδη
4044 3891 4173 3946 προ⁴

2568 3966 2741 4032 ἡγετο,
2800 3962 2925 4034 ὑπέρ
2984 3962 3083 4011 τῶν
3147 3960 3201 4012 ἐκ
3250 3965 3529 4035 Σταγείρας
3588 3957 3886 4013 έδείκνντο’
3944 3962 4003 4011 θ’)
4066 3964 4169 4035 γάρ

2568 4047 2634 4108 δὴ
2668 4054 2821 4123 μόνον
2849 4046 3013 4113 δεξιός
3039 4070 3116 4112 τις
3159 4059 3251 4113 τῆς
3311 4053 3507 4123 φύσεως
3560 4050 3859 4123 ἐπιγνώμων
3912 4051 4164 4123 ἐφαίνετο,

2565 4140 2693 4192 ἀλλά
2752 4144 2841 4192 καὶ
2892 4149 2991 4192 τῶν
3049 4139 3213 4213 λόγων
3273 4137 3564 4215 ἀκριϐωτής
3619 4139 3834 4215 ἀριστος
3894 4139 4011 4191 καθ’
4081 4141 4170 4202 οὓς

2566 4232 2699 4283 οὕτω
2720 4251 2827 4292 πως
2858 4232 3150 4301 τετάχαται
3197 4232 3262 4282 τὰ
3315 4237 3411 4292 τῆς
3458 4231 3691 4303 φύσεως·
3741 4231 3875 4282 ἔνθεν
3934 4233 4023 4281 καὶ
4074 4229 4168 4281 αὖ·

2563 4329 2655 4373 τοῦ
2688 4341 2741 4374 τε
2796 4320 3187 4395 Ἀριστοτέλους
3225 4324 3312 4372 καὶ
3368 4329 3466 4372 τῶν
3524 4321 3638 4373 ὅσοι
3687 4322 3787 4394 πρό
3837 4318 4028 4373 ἐκείνου
4073 4325 4164 4372 καὶ

2564 4412 2673 4485 μετ’
2720 4410 2905 4463 ἐκεῖνον
2955 4415 3074 4485 περί
3129 4430 3183 4463 τε
3228 4413 3424 4483 φύσεως
3489 4415 3578 4463 καὶ
3646 4417 3879 4483 φυσικῶν
3964 4406 4165 4463 διεσκέ-

2562 4501 2748 4573 ψαντο,
2784 4499 3007 4574 ἀκριϐὴς
3044 4499 3176 4572 ἆγαν
3236 4496 3519 4572 ἀνεδείχθη
3577 4495 3874 4565 διαιτητὴς,
3934 4501 4063 4551 κάπὶ
4106 4502 4165 4550 τό

2565 4587 2752 4650 ἀληθὲς
2783 4585 3508 4664 διορθωτηςάσφαλέστατος.
3540 4593 3646 4646 Τὴν
3699 4584 3759 4640 δέ
3816 4595 3913 4649 τῆς
3978 4587 4168 4659 ψυχῆς

2564 4677 2854 4731 ἀθανασίαν
2882 4678 2974 4731 οὐκ
3004 4676 3294 4751 ἀμφιϐόλως
3353 4677 3404 4742 ἐξ
3464 4676 3759 4751 ἀμφιϐόλων
3818 4685 3916 4729 τῶν
3972 4678 4167 4729 ἐκείνου

2560 4769 2724 4840 λόγων
2767 4767 3040 4840 ὑπείληφεν
3075 4790 3087 4803 ο
3148 4766 3255 4820 ἀλλ’
3312 4765 3428 4821 οὐδ’
3481 4766 3535 4820 ἐκ
3591 4776 3690 4820 τῶν
3750 4774 3843 4820 τοῦ
3894 4766 4169 4829 Πλάτωνος

2562 4858 2883 4933 ὑψηγοριών,
2926 4857 2990 4910 ἐῶ
3048 4855 3099 4911 δ’
3144 4858 3301 4911 εἰπεῖν
3381 4856 3726 4931 μνθολογιῶν,
3818 4862 4171 4929 σεσοφισμένα

2563 4969 2615 5003 τε
2645 4956 2734 5003 καὶ
2784 4948 3147 5021 πεπλανημένα
3194 4952 3313 5024 περί
3351 4947 3538 5020 ψυχῆν
3591 4943 3847 5017 δοξάσας,
3912 4965 4170 5020 μετενσω-

2562 5046 2795 5115 ματὼσες
2862 5041 3005 5101 τινάς
3058 5042 3086 5098 ἧ
3146 5040 3525 5111 μεταμφιάσεις
3582 5039 3777 5097 ταύτης
3833 5038 3891 5089 τό
3948 5036 4163 5089 σύνολον

2566 5243 2592 5273 ‹‹
2613 5219 2885 5291 custodia
2905 5217 3169 5291 publica,
3194 5216 3253 5272 in
3271 5232 3456 5291 quam
3479 5215 3739 5291 malefici
3752 5214 4171 5291 ‘conjicieban-

2562 5296 2685 5355 tur;
2704 5312 2730 5342 ι
2748 5286 3171 5359 δόᾱὶῐδῐτδῦο,
3186 5286 3350 5359 apud
3366 5292 3575 5344 Persas
3600 5288 3684 5359 sic
3704 5286 3933 5343 dictum
3957 5310 3985 5336 ‹‹
4018 5286 4167 5342 sedi-

2564 5363 2767 5420 iicium
2783 5363 3033 5445 plenum
3050 5358 3418 5445 cineribus)
3446 5366 3503 5417 et
3524 5358 3665 5441 alibi
3682 5359 3931 5415 memini
3951 5358 4169 5445 legisse

2565 5451 2662 5492 me
2692 5430 3010 5508 quidpiam
3034 5433 3109 5489 de
3137 5432 3434 5508 supplicio
3454 5447 3571 5508 per
3601 5431 3970 5508 cinerechui
3990 5430 4171 5508 desti-

2570 5501 2743 5579 natus
2760 5501 2869 5579 illis
2881 5521 2953 5562 ex
2966 5501 3295 5579 improviso
3308 5501 3729 5579 invql‘vebatur
3742 5501 4143 5579 suffocandus
4155 5546 4168 5567 ,

2565 5578 2730 5653 quod
2757 5578 2903 5635 forte
2915 5574 3576 5653 occa'sipnemprmbere
3588 5574 3781 5653 possit
3796 5574 4167 5653 suspicandi,

2567 5644 2641 5708 ἐκ
2668 5655 2800 5703 καίω
2822 5666 2955 5719 uro,
2970 5654 3028 5706 et
3056 5644 3196 5720 ᾅδης
3212 5644 3490 5720 infernus
3504 5644 3945 5720 etymologiam
3966 5650 4173 5720 peten-

2568 5724 2714 5782 dam
2744 5739 2900 5781 esse.
2932 5717 3035 5779 Ms.
3058 5717 3248 5779 Vatic.
3276 5717 3475 5774 κςὰδαν
3502 5717 3702 5777 habet.
