4484 6446
305 537 628 615 παρεδέξατο
670 560 682 572 ·

306 651 395 683 τον
441 629 699 700 ἐπιγνοὺς,
761 626 995 680 ἀθάνατα
1055 629 1181 696 πρὸς
1241 630 1333 676 τοῦ
1386 620 1905 697 δεδημιουργηκότος

309 721 336 777 ἦ
402 716 835 780 δοξασθήσεσθαι
884 717 913 773 ἡ
970 713 1417 780 κολασθήσεσθαι,
1482 714 1620 773 ὃπως
1676 714 1779 785 ἄρα
1841 719 1903 783 τῇ

726 537 832 589 ἀλλ’
889 536 1093 597 ἀληθῶς
1130 538 1219 587 καὶ
1260 534 1662 609 ἀναμφηρίστως
1711 535 1904 587 eam.
1936 538 1981 590 Α

310 812 469 881 σαρκὶ
496 804 834 877 συμϐιώσεις,
885 808 975 854 xui
1012 802 1285 872 κατείληφε
1316 807 1405 853 xui
1458 797 1722 871 δεδίδαχε
1758 821 1768 833 ·
1821 806 1908 852 καὶ

304 903 578 969 γινομένην
614 897 782 965 εὐθὺς,
836 895 906 947 ἐνί
960 913 1015 946 τε
1066 899 1153 945 καὶ
1186 893 1325 955 οῐπαξ
1377 891 1645 944 ἐπέπειστο
1697 888 1911 943 συνδεῖ-

308 989 435 1039 σθαι
472 985 699 1056 παχυλῷ
737 991 959 1055 σώματι,
1000 984 1025 1034 6
1064 987 1153 1034 xui
1192 978 1338 1041 αὖθις
1398 980 1735 1052 ἀναλήψεται,
1778 980 1911 1039 πλὴν

306 1075 608 1148 λεπτότερον
648 1079 738 1125 xui
783 1076 1054 1146 θειότερον.
1096 1070 1236 1125 Ἀλλ’
1277 1069 1499 1123 ἐντεῦθεν
1545 1066 1652 1139 ὀδῷ
1695 1074 1907 1141 προῖὼν,

306 1170 399 1218 καὶ
465 1172 572 1226 τοῖς
650 1163 986 1237 ὑψηλοτέροις
1065 1160 1368 1235 προσϐαίνει
1439 1162 1767 1232 μαθήμασιν,
1844 1162 1912 1220 ὡς

312 1257 515 1328 θεωρεῖν
553 1254 739 1324 λόγους
793 1271 844 1304 τε
872 1257 961 1303 xui
992 1250 1287 1321 ἀναλογίας,
1344 1250 1588 1323 ἀρμονίας
1635 1268 1689 1301 τε
1739 1249 1911 1308 συξη-

308 1350 433 1409 τεῐν,
484 1347 573 1393 καὶ
612 1344 878 1415 ἀνερευνᾰν
936 1344 1195 1411 σχήματα
1241 1343 1330 1389 καὶ
1377 1342 1607 1397 κινήσεις
1660 1335 1910 1408 ἀστέρων,

310 1436 403 1483 xui
453 1427 709 1489 συνόδους
785 1428 1055 1486 πλανήτων
1118 1425 1439 1498 ἐξακριϐοῦν,
1497 1429 1911 1496 σχηματισμοὺς

310 1519 414 1591 (ἐφ’
455 1522 533 1580 οἷς
564 1516 631 1577 δή
662 1524 750 1571 καὶ
784 1520 853 1577 ως
881 1516 1087 1576 ἀληθῶς
1116 1536 1195 1577 τις
1241 1515 1477 1586 ἀπόγειος
1530 1519 1621 1565 xui
1667 1516 1913 1585 άντικρυς

959 1604 1327 1676 ἀναπέφανται)

309 1609 545 1683 οὐράνιος
606 1610 875 1682 ἄνθρωπος
959 1604 1327 1676 ἀναπέφανται)
1404 1599 1691 1662 Εὐκλείδας
1755 1604 1910 1675 ὑπερ-

310 1701 607 1765 ακοντίσας,
669 1695 1017 1767 Πτολεμαίους
1078 1692 1394 1767 ὑπερϐαλὼν,
1472 1696 1587 1752 τοὺς
1638 1694 1737 1763 πρό
1796 1694 1913 1743 τού-

309 1805 410 1837 των
442 1782 743 1846 Χαλδαίους
778 1780 972 1843 παῖδας
1011 1786 1184 1855 ὡσπερ
1218 1787 1484 1853 ἀποφήνας
1522 1785 1611 1833 xui
1659 1784 1753 1837 τήν
1798 1777 1910 1831 ἐπι-

311 1880 519 1947 στήμην
549 1874 818 1947 ἡμιτελεῖς.

1517 411 1973 468 CONSTANTlNl
2007 409 2467 468 ACROPOLITAS

3563 420 3665 474 834

2015 533 2220 592 anima
2243 532 2576 589 doctrinam
2602 534 2968 606 suscipiens:
3003 537 3107 593 sed
3156 552 3292 595 vere
3354 542 3533 612 atque
3581 543 3665 596 in-

2016 622 2358 678 dubitanter
2381 622 2716 692 intelligens
2754 623 2951 695 ipsam
2991 641 3123 681 esse
3162 626 3583 692 immortalem,
3632 646 3667 685 a

2018 710 2323 767 conditore
2352 713 2468 766 Deo
2494 711 2673 767 etiam
2701 711 2763 767 in
2788 718 3078 771 aeternum
3126 721 3231 772 aut
3272 716 3667 787 gloriticatum

2019 804 2122 855 aut
2146 799 2423 870 punitum
2449 799 2729 870 iri,juxta
2754 801 2938 857 vitam
2958 803 3021 859 in
3041 820 3290 876 corpore
3337 810 3555 873 actam,
3613 810 3671 861 et

2020 887 2296 958 cognovit
2322 892 2379 943 et
2404 887 2642 955 docuit;
2679 904 3157 965 persuasumque
3196 893 3423 959 habuit,
3472 893 3671 949 statim

2021 982 2201 1048 atque
2229 981 2428 1031 creata
2455 976 2623 1045 foret,
2639 978 2963 1035 semeleam
2987 981 3671 1051 colligariunimateriali

2022 1065 2257 1137 corpori
2284 1064 2449 1137 quod
2500 1081 2709 1121 rursus
2761 1073 2919 1123 esset
2965 1076 3352 1143 assumptura
3397 1070 3673 1126 subtilius

2021 1153 2421 1225 diviniusque.
2456 1154 2600 1209 Hinc
2633 1171 2769 1211 vero
2808 1158 3195 1228 progrediens
3234 1160 3313 1216 ad
3370 1159 3673 1216 sublimio-

2020 1258 2115 1299 res
2144 1242 2511 1314 disciplinas,
2540 1245 2792 1300 accessit
2830 1246 2907 1301 ad
2947 1248 3347 1319 speculandas
3375 1253 3672 1305 astrorum

2020 1332 2282 1387 rationes
2308 1332 2868 1405 proportionesque,
2906 1350 3237 1408 eorumque
3264 1338 3416 1393 inter
3439 1353 3501 1392 se
3530 1352 3673 1392 con-

2023 1422 2295 1490 gruentia
2318 1421 2759 1493 conquirendas
2809 1428 2866 1479 et
2915 1424 3360 1495 investigandas
3403 1426 3669 1495 ﬁguras:

2022 1515 2264 1583 propter
2296 1525 2558 1581 quorum
2582 1510 2855 1567 notitiam
2885 1514 3178 1584 terrigena
3207 1516 3508 1587 quispiam
3539 1531 3676 1586 pos-

2023 1597 2275 1655 sitvelut
2294 1613 2363 1653 ex
2395 1600 2693 1670 opposito,
2720 1600 2834 1655 dici
2861 1599 3045 1657 homo
3090 1603 3364 1658 caelestis.
3395 1607 3676 1676 Propera-

2020 1688 2102 1743 vit
2120 1687 2297 1743 etiam
2313 1687 2391 1742 ad
2405 1686 2780 1758 planetarum
2794 1705 3143 1761 progressus
3165 1692 3675 1765 iigurationesque

2018 1791 2229 1832 eorum
2259 1779 2316 1830 et
2345 1776 2900 1844 transtigurationes
2919 1779 3115 1834 varias
3136 1780 3534 1850 indagandas,
3567 1784 3674 1836 Eu-

2022 1862 2210 1919 clidas
2223 1864 2283 1917 in
2296 1862 2411 1918 hoc
2429 1878 2644 1933 genere
2657 1864 3035 1933 antecellens,
3054 1866 3399 1924 Ptolemaeos
3425 1884 3676 1940 exsupe-

307 1979 476 2032 rans,
505 1968 562 2019 et
578 1963 684 2036 qui
704 1962 817 2019 illis
855 1961 1220 2035 antiquiores
1251 1959 1413 2017 fuere
1445 1957 1773 2029 Chaldaeos,
1808 1953 1983 2030 quasi
2012 1967 2232 2025 pueros
2259 1950 2702 2023 semiperfectos
2740 1952 2987 2010 scientia
3012 1954 3199 2011 fuisse
3228 1956 3676 2014 demonstrans.

386 2071 479 2129 ιη’.
525 2070 659 2123 Ἀλλ’
691 2070 716 2122 ὁ
745 2071 936 2145 μικροῦ
992 2089 1046 2122 τε
1093 2064 1418 2141 παρίδραμε.
1486 2074 1605 2127 Τοῖς
1654 2069 1755 2139 γὰρ
1805 2065 1918 2123 ήθι-
1956 2064 1994 2118 Β

309 2168 421 2222 κοῖς
445 2159 674 2231 ἐντυχὼν
700 2167 799 2211 τῶν
839 2158 1159 2232 παλαιτέρων
1211 2159 1595 2229 συντάγμασιν,
1639 2156 1741 2206 ὅσα
1779 2155 1804 2205 6
1862 2152 1917 2205 ἐκ

312 2254 615 2324 Σταγείρας,
659 2242 829 2302 ὁπόσα
867 2250 892 2299 6
924 2247 978 2299 Ex
1018 2251 1335 2321 Χαιρωνείας
1371 2247 1472 2315 (7),
1505 2249 1594 2296 καὶ
1646 2262 1705 2314 γε
1756 2244 1782 2295 6
1839 2261 1919 2294 σε-

312 2343 533 2411 μνότητι
576 2338 701 2410 παρ’
762 2337 977 2395 ⁴Ἕλλησι
1038 2332 1322 2393 διαϐόητος
1385 2333 1594 2386 Πλάτων
1660 2333 1915 2394 συνέθετο,

314 2428 410 2480 οὐκ
477 2427 869 2501 ἀπερισκέπτως
940 2434 1045 2486 τοῖς
1100 2421 1399 2496 δεδομένοις
1473 2422 1651 2475 ἑαυτὸν
1719 2419 1916 2495 ἐμπαρ-

315 2522 507 2589 ίσχετο
560 2538 571 2551 -
617 2516 724 2568 ἀλλ’
780 2517 831 2579 ἐξ
860 2518 971 2588 ἅμα
1014 2518 1235 2585 πάντων,
1296 2515 1330 2564 οἱ
1386 2516 1475 2584 μεν
1534 2512 1749 2585 ἐνέκρινε
1805 2516 1920 2570 ταῖς

313 2617 410 2669 τῆς
447 2602 668 2680 καρδίας
721 2606 904 2668 πλαξὶν
959 2604 1288 2679 ἐνεχάραξεν,
1338 2602 1372 2653 ά
1426 2598 1474 2653 δ’
1517 2600 1785 2659 ἐλληνικῆς
1834 2595 1918 2651 δι-

315 2701 507 2769 έκρινεν
560 2695 842 2769 ἐμπαθείας
895 2698 923 2754 ἡ
989 2696 1359 2769 προσπαθείας,
1420 2690 1648 2765 ἀρίστως
1706 2689 1921 2763 ἀποκρί-

314 2807 427 2853 νας,
460 2785 695 2857 ἐκθυμως
735 2784 1061 2857 ἀπεστερξεν.
1119 2782 1320 2854 Ἀμέλει
1363 2800 1443 2833 τοι
1500 2786 1587 2832 καὶ
1632 2784 1725 2837 τὴν
1782 2778 1919 2831 Πλά-

316 2895 477 2936 τωνος
506 2879 866 2947 κοινογαμίαν,
896 2874 939 2926 εἰ
997 2870 1055 2925 δέ
1116 2871 1310 2945 βούλει,
1370 2876 1463 2928 τήν
1519 2871 1790 2944 Κράτητος
1841 2871 1918 2938 (8)

318 2968 386 3026 ὡς
425 2961 633 3021 κυνωδη
668 2962 855 3036 βιοτήν
896 2962 1318 3033 ἐπιλογισάμενος
1370 2958 1470 3010 κάκ
1524 2958 1706 3030 ψυχῆς
1765 2956 1922 3017 αὐτῆς

319 3054 574 3115 εἰποῦσιν,
634 3052 682 3115 ἐς
738 3057 1065 3126 Κυνόσαργες
1121 3050 1222 3121 (9),
1272 3054 1330 3101 τό
1376 3068 1428 3101 τε
1481 3046 1681 3099 ἐκείνων
1742 3046 1920 3107 εἰπεῖν,

321 3142 661 3214 ἀπεπέμψατο
693 3163 705 3175 ·
738 3146 824 3193 τόν
855 3160 907 3193 τε
939 3139 1271 3213 Ἀριστοτέλη
1319 3146 1410 3191 τοῦ
1466 3138 1634 3209 γάμον
1698 3140 1767 3208 μή
1823 3154 1921 3187 κα-

319 3236 494 3296 κίσας,
555 3230 660 3282 ἀλλ’
731 3233 1146 3304 ὑπερφρονήσας,
1216 3229 1470 3301 ὑπίρτερά
1550 3245 1603 3278 τε
1661 3230 1923 3299 φρονήσας

319 3326 411 3372 xui
450 3319 746 3394 ὶνθεώτερα,
777 3324 861 3371 τόν
920 3318 1140 3371 ἄσπιλον
1195 3320 1417 3390 αἱρεῖται
1472 3314 1587 3387 βίον
1637 3318 1723 3365 xui
1758 3316 1923 3388 κρείτ-

320 3429 465 3466 τονα.
518 3405 729 3466 Ἐπειδή
761 3413 863 3483 γαρ
915 3414 1004 3459 καὶ
1038 3412 1211 3479 γέγονε
1255 3410 1536 3478 κρείττονος
1572 3412 1664 3465 τῆς
1721 3402 1924 3463 ἡλικίας
1962 3445 2000 3499 C

322 3504 412 3550 xui
454 3502 579 3571 πρός
616 3500 819 3569 γάμους
870 3502 999 3571 πρός
1054 3516 1107 3548 τε
1180 3504 1278 3547 τὼν
1330 3498 1707 3565 γεγεννηκότων
1757 3492 1924 3544 αὑτων

321 3586 576 3651 ἐϐιάζετο,
613 3592 703 3639 xui
746 3592 877 3660 πρός
928 3586 971 3637 τ’
1013 3586 1177 3638 οὔλων
1238 3593 1447 3656 σνχνὼν
1504 3583 1552 3634 ἐν
1600 3581 1729 3634 τέλει
1787 3578 1927 3639 δῆτα

321 3682 412 3729 καὶ
455 3676 685 3748 pes/«11m
732 3676 1008 3748 ἐφείλκετο,
1076 3676 1309 3748 καθάπερ
1385 3692 1460 3733 τις
1511 3671 1719 3732 ἀπαθὴς
1774 3672 1925 3742 φύσις

322 3771 414 3818 xui
445 3768 614 3817 πάντα
659 3769 787 3840 πρός
843 3767 908 3817 τὰ
952 3760 1083 3837 τῇδε
1133 3763 1479 3838 ἀπὸστροφος,
1540 3760 1753 3822 ἀκλινὴς
1798 3761 1926 3830 οἰγαν

325 3852 388 3912 ἦν
418 3860 508 3907 καὶ
552 3851 842 3921 ἀνίνδοτος,
892 3854 1069 3905 ἄλλοθί
1116 3872 1216 3905 που
1252 3855 1339 3904 τόν
1390 3854 1583 3904 σκοπόν
1646 3852 1783 3921 ἔχων
1839 3853 1929 3899 καὶ

325 3944 561 4017 ἀλλαχοῦ
601 3946 895 4017 μεταθεῖναι
940 3940 1299 4016 διανοούμενος
1337 3946 1393 3994 τό
1450 3940 1734 4012 πολίτευμα
1771 3960 1783 3971 ·
1826 3941 1924 3995 ὅπη

323 4054 385 4107 γε
417 4040 508 4087 xui
539 4033 737 4094 Παῦλος
789 4036 814 4086 6
854 4038 1016 4106 μέγας
1064 4030 1178 4105 εἶχε
1221 4037 1314 4090 τήν
1360 4033 1630 4104 πρόθεσιν,
1688 4029 1930 4089 Ἰωάννης

325 4144 382 4177 τε
418 4129 510 4178 xui
532 4124 789 4191 Ἰωάννης,
832 4125 858 4176 6
892 4142 946 4176 τε
1002 4128 1290 4196 σκιρτήσας
1350 4125 1450 4194 πρό
1516 4129 1607 4180 τῆς
1651 4122 1933 4190 γεννήσεως

325 4216 544 4266 καὶτὸν
602 4217 864 4270 Δεσπότην
912 4217 1287 4285 προσκυνήσας
1329 4215 1398 4283 μὴ
1451 4210 1785 4280 θεασάμενος,
1847 4209 1934 4258 καὶ

327 4304 353 4354 ό
411 4301 495 4355 ἐπὶ
540 4310 612 4373 τῷ
663 4310 755 4355 τοῦ
812 4306 1007 4376 Κυρίου
1060 4302 1240 4359 στήθει
1281 4298 1549 4352 ἀναπεσὼν
1602 4295 1835 4349 κάκεῖθεν
1869 4298 1935 4347 τὰ

327 4400 424 4453 τῆς
458 4391 723 4463 θεολογίας
751 4390 1075 4466 ἀρυσάμενος
1102 4392 1329 4462 νάματα.

2105 2062 2185 2115 18.
2215 2061 2429 2114 Verum
2471 2058 2618 2115 illud
2648 2074 2863 2131 parum
2897 2060 3090 2118 abfuit
3131 2062 3277 2134 quin
3309 2079 3404 2119 me
3442 2068 3677 2137 praeter-

2025 2150 2153 2206 iret.
2179 2151 2325 2204 Cum
2356 2149 2417 2204 in
2442 2153 2711 2205 veterum
2742 2152 3205 2208 commentarios
3225 2152 3299 2208 de
3321 2154 3533 2210 morali
3550 2155 3680 2227 phi-

2026 2237 2306 2310 losophia
2333 2237 2654 2304 incidisset,
2686 2254 2841 2309 quos
2876 2240 3153 2310 Stagirita
3180 2247 3237 2298 et
3268 2242 3680 2300 Chaeronensis

2026 2344 2097 2385 ac
2129 2328 2415 2398 gravitate
2439 2343 2680 2384 morum
2712 2330 2875 2401 apud
2904 2332 3138 2387 Graecos
3163 2332 3680 2390 commendatissi-

2026 2434 2163 2473 mus
2194 2416 2357 2473 Plato
2386 2418 2758 2491 composuit;
2796 2433 2920 2474 non
2950 2421 3341 2493 semetipsum
3398 2422 3682 2479 omnibus

2026 2508 2519 2578 incircumspecte
2550 2507 2808 2577 tradidit,
2842 2524 2978 2580 quae
3017 2509 3096 2566 ab
3125 2510 3196 2565 iis
3228 2512 3532 2569 memoria:
3561 2512 3682 2569 fue-

2027 2598 2167 2651 runt
2225 2594 2460 2660 tradita,
2523 2595 2626 2651 sed
2692 2595 2842 2651 inter
2908 2612 2980 2652 ea
3034 2599 3258 2671 optime
3314 2600 3681 2669 discernens,

2028 2700 2165 2757 quae
2219 2683 2385 2740 bona
2443 2684 2755 2756 judicabat
2812 2686 3198 2757 imprimebat
3248 2689 3445 2745 cordis
3509 2690 3683 2747 tabu-

2028 2773 2123 2841 lis,
2156 2789 2289 2847 quae
2317 2789 2461 2830 vero
2500 2776 2578 2830 ad
2614 2774 2918 2831 licentiam
2984 2776 3227 2833 videndi
3292 2779 3571 2849 gentilem
3629 2784 3687 2837 et

2030 2863 2428 2935 cupiditatum
2465 2862 2777 2919 illecebras
2818 2865 3052 2936 putavit
3102 2866 3396 2938 pertinere
3435 2868 3686 2925 omnino

2030 2953 2273 3025 respuit.
2310 2952 2401 3008 Sic
2456 2954 2948 3009 communionem
3004 2971 3284 3027 uxorum,
3350 2974 3387 3013 a
3443 2958 3686 3015 Platone

2032 3042 2441 3111 adinventam,
2482 3046 2539 3099 et
2576 3057 2612 3099 a
2672 3044 2903 3099 Cratere
2957 3043 3293 3102 institutam
3344 3048 3686 3104 communis

2030 3133 2086 3188 vi
2098 3138 2159 3189 ta:
2184 3133 2549 3203 societatem,
2568 3133 2852 3189 caninam
2874 3139 3159 3206 reputans
3181 3141 3360 3209 atque
3382 3153 3454 3193 ex
3483 3138 3688 3195 animo

2033 3221 2333 3279 detestans
2364 3226 2686 3277 sectatores
2738 3222 3008 3294 ipsorum
3054 3224 3115 3279 in
3174 3225 3400 3282 malam
3448 3242 3689 3283 crucem

2034 3310 2406 3368 amandabat
2432 3332 2443 3366 :
2470 3311 2798 3367 Aristotelis
2836 3326 2980 3368 vero
3016 3311 3092 3368 de
3138 3314 3419 3385 conjugio
3463 3315 3689 3388 opinio—

2033 3415 2173 3456 nem
2205 3415 2325 3455 non
2348 3398 2719 3471 improbans,
2754 3398 2860 3455 sed
2887 3399 3179 3456 excelsius
3204 3417 3274 3457 ea
3304 3401 3531 3474 aliquid
3598 3419 3688 3459 sa-

2031 3491 2221 3562 piens,
2250 3488 2723 3562 sublimioraque
2753 3494 2810 3545 et
2838 3489 3137 3547 diviniora
3156 3490 3452 3562 cogitans,
3489 3492 3689 3549 incon-

2034 3578 2378 3635 taminatam
2389 3577 2686 3650 longeque
2700 3579 3174 3651 prmstantiorem
3189 3581 3323 3651 conj
3336 3580 3495 3651 ugali
3508 3580 3692 3638 vitam

2033 3667 2354 3740 praeelegit.
2429 3670 2495 3723 Ut
2558 3668 2719 3723 enim
2786 3669 3173 3740 provectioris
3229 3670 3417 3726 evasit
3482 3672 3693 3743 aetatis,

2034 3757 2505 3831 compellebatur
2533 3758 2778 3830 quidem
2809 3775 2846 3815 a
2866 3757 3234 3828 genitoribus
3262 3760 3408 3832 ipsis
3459 3760 3538 3817 ad
3585 3777 3692 3817 nu-

2033 3848 2211 3918 ptias,
2236 3852 2415 3920 atque
2446 3846 2525 3903 ab
2568 3847 2717 3915 aliis,
2751 3853 2806 3904 et
2835 3848 2928 3904 his
2966 3849 3214 3921 quidem
3271 3850 3473 3907 multis
3540 3851 3694 3923 posi-

2036 3936 2230 4009 tisque
2250 3936 2311 3991 in
2366 3936 2672 4007 dignitate,
2734 3938 2948 3994 eodem
3004 3938 3464 4010 pertrahebatur
3514 3956 3526 3995 :
3589 3939 3696 3997 sed

2036 4025 2217 4081 veluti
2238 4025 2631 4098 impassibilis
2668 4029 2953 4099 quaedam
2981 4032 3220 4096 natura,
3252 4043 3289 4084 a
3315 4028 3561 4085 terrenis
3602 4044 3694 4084 re-

2035 4114 2152 4171 bus
2181 4115 2429 4171 omnino
2481 4130 2749 4180 aversus,
2802 4116 2883 4172 ad
2936 4132 3039 4173 eas
3091 4116 3313 4173 inﬂecti
3381 4116 3701 4175 recusabat

2038 4202 2359 4271 obstinate,
2430 4208 2633 4276 utpote
2693 4204 2837 4261 alibi
2903 4221 3083 4261 suum
3139 4205 3373 4262 habens
3419 4221 3696 4278 scopum,

2038 4309 2230 4365 eoque
2261 4293 2529 4349 studium
2556 4310 2733 4350 suum
2755 4296 3073 4352 transferre
3098 4296 3389 4365 cogitans,
3419 4312 3543 4368 quo
3563 4312 3700 4353 ma-

2041 4397 2196 4453 gnus
2222 4383 2438 4439 Paulus
2466 4400 2642 4440 suum
2664 4384 2917 4441 intendit
2962 4386 3361 4458 propositum,
3421 4401 3700 4458 unusque

328 4486 387 4538 et
424 4480 571 4538 alter
611 4483 892 4549 Joannes,
947 4481 999 4536 is
1038 4478 1261 4535 scilicet
1288 4478 1394 4551 qui
1444 4477 1505 4533 in
1556 4480 1723 4532 utero
1761 4472 1968 4530 matris
2015 4476 2154 4529 ante
2201 4472 2571 4529 nativitatem
2602 4473 2870 4544 exsilivit,
2921 4478 2979 4530 et
3022 4489 3205 4546 quem
3244 4474 3506 4531 necdum
3539 4474 3700 4531 vide-

326 4576 422 4628 rat
450 4572 773 4628 Dominum
804 4569 1114 4641 adoravit;
1160 4572 1217 4626 et
1246 4567 1341 4624 ille
1368 4567 1472 4639 qui
1515 4580 1701 4639 supra
1738 4564 2007 4636 ejusdem
2042 4562 2275 4620 Domini
2314 4567 2523 4635 pectus
2556 4563 2847 4631 recubuit,
2888 4563 3172 4622 hauriens
3208 4564 3349 4622 inde
3389 4563 3701 4635 theologice

328 4660 577 4719 fontem.

1972 4741 2014 4796 D

407 4840 489 4897 ιϐ’.
520 4845 620 4896 Καὶ
647 4837 716 4900 δή
749 4839 926 4894 λοιπόν
953 4840 1112 4900 οὕτως
1153 4837 1333 4892 ἑαυτὸν
1378 4836 1679 4913 ἔρῥύθμισε,
1729 4836 1823 4896 τάς
1882 4852 1936 4885 τε

331 4938 431 4994 τῆς
475 4930 664 5005 ψυχῆς
734 4927 978 5004 δυνάμεις
1034 4928 1316 5003 ἐκόσμησε,
1372 4933 1461 4981 xui
1517 4936 1589 4999 τῷ
1636 4934 1705 4997 νῷ
1773 4923 1937 4985 καλῶς

331 5022 706 5092 καθυπίταξεν,
766 5025 835 5084 ὡς
892 5023 1029 5074 θείαν
1082 5022 1235 5081 ὅντως
1288 5021 1536 5094 ἀρμονίαν
1598 5016 1937 5090 ἐμφαίνεσθαι

333 5116 524 5185 τούτῳ,
583 5118 673 5165 καὶ
734 5111 1013 5184 ἀγγελικὴν
1080 5114 1149 5174 ὡς
1235 5109 1434 5170 ἀληθῶς
1509 5112 1932 5181 σεμνοπρέπειαν.

330 5204 485 5257 Ὅθεν
535 5200 601 5263 δή
674 5208 762 5255 καὶ
824 5202 883 5255 οὗ
942 5207 1094 5274 μόνον
1148 5209 1257 5263 τοῖς
1303 5206 1637 5273 γεννήτορσιν
1693 5197 1937 5272 ἐράσμιος

333 5294 465 5367 ὁμοῦ
493 5297 584 5346 καὶ
612 5297 785 5366 τίμιος
813 5289 891 5364 ἦν,
926 5290 1056 5344 ἀλλὰ
1099 5295 1185 5343 καὶ
1236 5296 1397 5343 πᾶσιν
1452 5288 1641 5358 ἄλλοις,
1714 5292 1803 5341 xui
1850 5287 1937 5339 αν-

408 5530 488 5604 (7)
510 5526 892 5589 Plutarchum
924 5527 1206 5601 intellige,
1236 5526 1595 5587 Chaeroneiaz
1626 5524 1687 5583 in
1720 5523 1942 5585 Boeotia

334 5609 704 5750 “(mlieres
720 5676 1072 5746 Thebanus,
1086 5672 1361 5750 Diogenis
1390 5673 1434 5750 C_
1436 5671 1597 5750 ynici
1607 5670 1942 5748 discipulus

336 5752 445 5827 qui
471 5746 621 5809 nihil
648 5750 954 5826 pessidere
980 5746 1310 5824 sapientem
1340 5746 1547 5807 voluit.

2122 4838 2205 4891 19.
2230 4834 2518 4909 Deinceps
2551 4839 2753 4893 autem
2782 4836 2975 4894 taliter
3002 4836 3384 4894 concinnavit
3438 4835 3703 4910 seipsum

2047 4924 2357 4997 animique
2380 4926 2679 4999 potentias
2709 4926 2792 4983 ita
2816 4926 3133 4985 adornavit
3156 4943 3227 4984 ac
3263 4927 3481 4984 mentis
3512 4927 3703 5001 impe-

2046 5016 2134 5073 rio
2160 5015 2592 5083 subordinavit,
2621 5022 2686 5073 ut
2705 5016 2765 5073 in
2795 5032 2866 5074 eo
2891 5017 3089 5090 reipsa
3113 5023 3472 5091 apparerent
3500 5017 3707 5074 divina

2047 5106 2329 5178 quaedam
2384 5107 2705 5164 harmonia
2769 5112 2825 5164 et
2866 5108 3048 5164 decor
3112 5124 3351 5164 morum
3396 5108 3705 5178 angelicus

2048 5196 2431 5270 gravitasque
2455 5214 2466 5252 :
2492 5202 2861 5271 quapropter
2881 5212 3003 5254 non
3048 5197 3246 5255 solum
3265 5203 3391 5256 erat
3411 5199 3629 5255 charus
3646 5200 3709 5255 at

2048 5302 2166 5359 que
2192 5286 2466 5346 amabilis
2504 5287 2895 5359 genitoribus,
2929 5287 3037 5345 sed
3067 5292 3124 5345 et
3160 5287 3291 5345 aliis
3312 5287 3598 5346 omnibus
3622 5289 3710 5361 ip-

2119 5524 2318 5597 (9)Ad
2347 5536 2551 5583 canem
2591 5522 2818 5595 album,
2863 5522 3159 5583 verbatim
3200 5524 3537 5584 diceretur:
3585 5529 3711 5585 erat

2052 5603 2253 5656 autem
2284 5597 2885 5673 Kw6a'upyi;_l\theni$
2919 5598 3147 5656 dictum
3192 5600 3599 5673 gymnasium,
3647 5599 3709 5657 in

2051 5682 2175 5755 quo
2210 5670 2423 5753 procul
2449 5670 2727 5755 an‘pudice
2765 5670 2924 5731 natis
2986 5670 3246 5745 remoti,
3278 5670 3711 5733 exercebantur

2053 5744 2223 5805 nothi
2245 5761 2315 5805 ac
2336 5744 2540 5818 spurii.
