4484 6446
833 416 936 470 835

2023 396 2481 460 CONSTANTINI
2518 400 3003 464 ACROPOLITE.

4079 422 4183 477 836

831 536 1033 608 sisque
1106 529 1482 587 heterodoxis
1540 528 1797 583 multum
1869 527 2246 582 venerabilis.
2323 530 2480 582 Post-
2510 526 2602 581 A1

2409 530 2480 581 st—
2510 526 2560 580 Α
2587 537 2692 590 τοῖς
2723 527 2782 583 δὲ
2814 538 2919 592 τοῖς
2941 529 3260 608 ἑτεροδόξοις
3290 531 3499 607 σφόδρα
3532 535 3644 587 λίαν
3694 535 3990 611 αἰδέσιμος.
4055 549 4180 595 Τοί-

829 641 1017 699 quam
1041 638 1185 678 vero
1216 625 1385 694 pater
1427 636 1497 674 ex
1545 619 1659 674 hac
1689 619 1816 673 vita
1841 633 2116 687 egressus
2145 617 2377 673 transiit
2399 617 2477 672 ad

829 715 1029 781 aliam,
1065 710 1347 766 suffectus
1386 710 1583 763 statim
1608 707 1765 761 ﬁlius
1809 711 2122 778 paternam
2149 707 2475 776 assumpsit

829 804 1201 872 dignitatem,
1249 804 1429 870 atque
1484 798 1635 852 inter
1686 812 1964 868 proceres
2009 796 2115 850 fuit
2158 796 2469 866 ascriptus.

829 891 1047 947 Invitus
1068 895 1293 945 tamen.
1325 889 1369 940 A
1398 887 1598 958 pueris
1627 885 1785 940 enim
1815 891 1873 940 et
1914 884 1991 940 ab
2035 884 2199 939 initio
2252 885 2470 952 cogita-

827 986 995 1034 verat
1034 977 1423 1048 semetipsum
1455 977 1568 1029 Deo
1594 989 1944 1029 consecrare
1994 974 2167 1044 eique
2217 972 2326 1027 soli
2384 973 2468 1026 vi-

825 1084 982 1137 vere,
1015 1066 1308 1123 Samuelis
1331 1063 1667 1134 exemplum
1694 1079 1816 1116 non
1839 1061 2031 1116 solum
2056 1077 2336 1132 sequens,
2366 1061 2469 1115 sed

825 1158 1002 1212 etiam
1034 1157 1093 1210 in
1119 1155 1236 1210 hoc
1265 1153 1514 1208 fortasse
1545 1167 1858 1223 superans,
1887 1167 1958 1205 eo
1987 1151 2153 1221 quod
2174 1166 2245 1204 ex
2273 1150 2470 1220 seipso

823 1246 937 1301 hoc
967 1245 1161 1313 elegit,
1199 1257 1323 1298 non
1372 1246 1572 1296 autem
1616 1257 1651 1295 a
1699 1239 2073 1312 parentibus,
2119 1240 2269 1292 sicut
2321 1239 2466 1308 ipse,

824 1333 1155 1404 promissus
1178 1333 1295 1385 Deo
1317 1335 1372 1385 et
1400 1328 1700 1383 exhibitus
1727 1327 1850 1382 fuit.
1886 1330 2306 1381 Verumtamen
2334 1342 2472 1396 sup-

822 1422 1021 1493 posuit
1039 1420 1323 1474 humeros
1353 1433 1510 1472 curae
1534 1416 1794 1470 civilium
1817 1431 2036 1484 rerum,
2070 1415 2174 1486 qui
2196 1414 2468 1485 spiritua-

819 1509 977 1564 libus
1002 1506 1351 1562 adhaarebat
1379 1521 1450 1559 ex
1476 1505 1699 1559 animo.
1736 1503 1848 1559 Sed
1878 1503 1956 1557 oh
1982 1503 1993 1556 !
2025 1518 2212 1573 quam
2242 1503 2466 1570 dextre,

821 1612 1008 1669 quam
1036 1595 1363 1667 prudenter
1389 1599 1446 1648 et
1477 1592 1744 1648 consulte
1771 1591 2059 1646 creditum
2093 1591 2203 1645 sibi
2243 1607 2465 1645 munus

820 1683 1302 1741 administrabat!
1321 1680 1774 1737 Diffundebatur
1793 1695 1934 1748 ergo
1953 1680 2338 1750 peromnium
2361 1696 2468 1735 ora

820 1773 1139 1829 admiratio
1167 1772 1315 1841 ejus,
1345 1769 1443 1824 sed
1479 1769 1780 1840 praecipue
1808 1768 1885 1822 ab
1912 1769 2042 1838 ipso
2071 1767 2234 1822 urbis
2264 1767 2466 1839 praefe-

819 1867 913 1917 cto
937 1859 1368 1921 honorabatur,
1397 1862 1532 1930 post
1555 1873 1737 1928 quem
1779 1862 1904 1911 erat
1949 1855 2292 1910 immediate
2351 1857 2464 1928 pri-
2495 1870 2540 1924 Β

816 1968 952 2006 mus
980 1966 1050 2004 ac
1079 1949 1240 2004 velut
1273 1947 1503 2016 collega
1539 1945 1861 2014 dignitatis.
1907 1950 2097 2016 Atque
2131 1945 2269 2000 hinc
2312 1946 2464 2000 ordi-

816 2056 953 2095 mur
982 2040 1214 2109 majora
1250 2037 1466 2099 dicere,
1519 2035 1848 2090 exantlatos
1890 2050 2108 2106 nempe
2166 2036 2227 2089 in
2280 2051 2462 2090 causa

817 2130 918 2184 Dei
946 2129 1185 2184 labores
1213 2141 1471 2198 queque
1499 2141 1608 2196 pro
1646 2125 1892 2180 veritate
1941 2125 2218 2180 sustinuit
2277 2131 2461 2181 certa-

811 2219 980 2274 mina
1003 2216 1399 2272 admiratione
1424 2230 1611 2285 quam
1643 2214 1911 2268 maxima
1938 2213 2145 2282 digna.

882 2313 973 2364 20.
999 2306 1113 2363 Sed
1137 2305 1384 2378 quando
1412 2305 1531 2359 huc
1559 2304 1796 2358 devenit
1824 2304 2033 2369 oratio,
2065 2304 2327 2372 agedum
2357 2322 2460 2361 no-

814 2403 966 2453 stras
995 2397 1394 2451 lamentemur
1413 2393 1802 2460 calamitates,
1817 2399 1875 2448 et
1902 2393 2235 2448 humanam
2256 2394 2459 2465 lugen-

811 2493 897 2543 tes
912 2485 1402 2550 imbecillitatem,
1419 2483 1630 2538 faciam
1641 2500 1709 2537 us
1723 2483 2046 2553 spectabile
2063 2484 2458 2540 inveteratum

811 2577 1100 2633 adversus
1131 2591 1242 2630 nos
1271 2573 1478 2628 odium
1511 2571 1773 2627 auctoris
1794 2571 2115 2640 malorum,
2160 2578 2339 2645 atque
2385 2575 2459 2630 de

808 2667 879 2721 iis
904 2681 1039 2737 qua:
1079 2664 1158 2719 ab
1187 2663 1319 2733 ipso
1352 2662 1512 2733 passi
1542 2677 1751 2715 sumus
1797 2665 1854 2715 et
1908 2662 2188 2731 patimur,
2250 2670 2312 2718 ut
2350 2679 2461 2734 par

809 2762 914 2821 est,
945 2767 1410 2825 conqueramur.
1447 2753 1595 2805 Bene
1626 2755 1870 2805 eatenus
1914 2751 2222 2806 habebant
2249 2768 2310 2806 se
2348 2769 2456 2807 no-

810 2849 950 2908 stra,
984 2847 1041 2897 et
1061 2857 1154 2897 res
1182 2840 1514 2896 Christiana
1542 2837 1813 2908 ﬂorebat,
1856 2839 2213 2909 praevalente
2237 2841 2457 2913 ubique

811 2932 1152 2990 orthodoxa
1180 2929 1323 2998 ﬁde,
1353 2929 1679 2998 omniaque
1708 2928 2032 2983 universim
2045 2929 2274 3000 optimo
2290 2937 2461 2986 erant

805 3025 867 3078 in
900 3027 1057 3077 statu
1083 3020 1236 3075 adeo
1268 3024 1332 3073 ut
1361 3017 1612 3073 caelestis
1636 3017 1942 3089 quaedam,
1973 3024 2036 3072 ut
2070 3022 2152 3073 sic
2181 3019 2454 3086 dixerim,

808 3113 967 3181 regio
998 3111 1298 3165 videretur
1324 3123 1457 3162 esse
1497 3106 1659 3162 orbis
1706 3113 2021 3176 terrarum,
2081 3124 2228 3179 quia
2277 3110 2456 3164 rebus

806 3201 1025 3257 nostris
1056 3214 1319 3271 praesens
1352 3197 1560 3252 aderat
1587 3199 1758 3262 Deus,
1795 3212 1979 3267 seque
2006 3197 2296 3252 adversus
2317 3216 2455 3254 con-
2485 3224 2528 3284 ε

804 3291 986 3348 traria
1006 3290 1182 3345 nobis
1215 3287 1524 3360 praebebat
1543 3292 1902 3341 curatorem.
1927 3287 2146 3342 Verum
2177 3289 2455 3359 malignis

807 3398 876 3438 ac
913 3378 1348 3436 fascinantibus
1378 3377 1566 3432 oculis
1592 3377 1823 3446 aspexit
1859 3392 1989 3446 nos,
2033 3379 2138 3448 qui
2171 3379 2301 3448 jam
2342 3382 2454 3451 pri-

804 3471 944 3527 dem
985 3469 1160 3524 nobis
1197 3468 1409 3523 invidit
1451 3469 1649 3523 Satan.
1693 3473 1873 3537 atque
1912 3471 1999 3533 (ut
2059 3469 2308 3536 gentiles
2365 3469 2452 3525 lo-

803 3562 1094 3632 quuntur)
1123 3557 1290 3625 gravi
1329 3554 1744 3625 Saturnalique
1777 3562 2027 3626 aspectu
2059 3571 2170 3611 nos
2207 3557 2454 3614 intuitus

804 3654 910 3704 est.
945 3647 1193 3702 Modum
1233 3646 1410 3715 igitur
1441 3660 1578 3698 acer
1602 3643 1697 3698 ille
1728 3649 1907 3714 atque
1955 3645 2034 3699 ad
2079 3646 2452 3702 malefacien-

803 3738 949 3792 dum
972 3736 1302 3791 industrius
1332 3733 1662 3799 adinvenit,
1691 3748 1814 3803 quo
1843 3749 1965 3788 non
1990 3734 2185 3789 solum
2212 3737 2452 3808 repelle-

801 3842 1000 3882 remur
1030 3841 1066 3879 a
1097 3823 1528 3893 gubernatione
1581 3827 1637 3876 et
1688 3821 2020 3878 visitatione
2071 3824 2295 3889 divina,
2346 3828 2449 3881 sed

800 3919 1001 3989 ipsum
1034 3917 1221 3969 Deum
1258 3911 1435 3967 nobis
1473 3910 1846 3966 eﬂiceremus
1891 3911 2226 3982 inimicum,
2276 3920 2333 3970 et
2375 3915 2454 3970 ad

801 4021 1105 4063 summam
1148 4009 1359 4059 contra
1396 4017 1507 4057 nos
1545 4001 1921 4056 iracundiam
1980 4004 2443 4061 concitaremus.

802 4095 1099 4162 Quoniam
1131 4097 1331 4148 autem
1353 4090 1709 4163 plerumque
1736 4092 2048 4146 consuevit
2070 4092 2362 4164 impetum
2391 4096 2453 4151 in

800 4185 1077 4242 homines
1111 4198 1234 4237 non
1263 4181 1458 4236 facere
1479 4180 1590 4234 nisi
1608 4196 1716 4251 per
1738 4180 2027 4247 medium,
2059 4185 2453 4252 quemadmo-

799 4277 946 4331 dum
977 4273 1122 4328 olim
1151 4272 1211 4326 in
1264 4270 1670 4343 protoplastos
1700 4285 1806 4340 per
1844 4276 2201 4341 serpentem,
2245 4289 2452 4329 rursus

799 4363 1125 4438 quemdam
1169 4361 1283 4416 sibi
1320 4361 1546 4414 invenit
1584 4374 1840 4429 pravum
1883 4360 2175 4429 moribus,
2218 4363 2450 4419 varium

798 4459 1020 4521 mente,
1051 4451 1338 4506 refertum
1364 4447 1767 4519 improbitate,
1790 4448 2255 4517 conglomeratis
2297 4453 2453 4508 frau-

799 4539 1076 4597 dulentus
1107 4537 1517 4608 contortisque
1546 4537 1607 4591 in
1635 4535 1845 4591 orbem
1875 4539 2193 4592 commotis
2213 4556 2450 4611 serpen-

799 4639 938 4696 tem,
973 4628 1299 4685 iracundiaa
1327 4641 1468 4680 vero
1497 4627 1727 4697 impetu
1769 4631 1824 4681 et
1853 4626 2211 4682 intolerandi
2238 4628 2452 4686 furoris

796 4717 1177 4776 vehementia
1205 4715 1454 4777 bellum,
1487 4732 1556 4770 ac
1593 4731 1860 4785 congrua
1900 4716 1991 4770 sui
2029 4718 2292 4773 nominis
2342 4735 2450 4791 ap-

797 4809 1116 4882 pellatione
1146 4806 1404 4873 leonem,
1439 4807 1718 4867 Leonem,
1775 4805 2045 4877 inquam,
2107 4822 2180 4862 ex
2231 4810 2449 4865 lsauris

796 4903 1158 4971 apostatam,
1182 4895 1286 4967 qui
1308 4895 1574 4966 primum
1590 4894 1839 4950 domino
1853 4910 1965 4949 suo
1981 4910 2208 4967 impera
2217 4899 2447 4970 torique

797 4993 1100 5060 acceptus,
1125 4985 1454 5058 potentiam
1476 4984 1606 5054 ejus
1623 4989 1803 5056 atque
1821 4984 2142 5056 imperium
2164 4986 2448 5059 supplan-

795 5081 959 5145 tavit,
979 5094 1102 5134 non
1133 5092 1427 5147 generosa
1449 5076 1716 5147 quadam
1758 5076 2101 5131 strenuitate
2150 5095 2295 5132 usus
2350 5093 2447 5144 (ne

794 5171 932 5244 quis
960 5171 1077 5225 hoc
1107 5167 1318 5240 putet),
1362 5165 1469 5220 sed
1505 5165 1658 5221 dolis
1694 5171 1752 5220 et
1805 5165 2123 5221 fraudibus
2151 5185 2162 5222 :
2187 5167 2448 5224 vafrities

795 5259 1098 5332 siquidem
1126 5255 1294 5313 haud
1321 5270 1459 5311 raro
1496 5256 1732 5326 peragit
1773 5270 1999 5326 magna
2045 5257 2353 5328 quaedam,
2393 5265 2450 5314 et

864 5460 972 5527 (10)
1004 5453 1373 5527 Theobosius
1397 5451 1868 5527 Adramyttenus
1897 5454 2007 5527 hic;
2037 5460 2192 5510 esset
2240 5455 2449 5511 intelli-

791 5524 1049 5600 gendus,
1085 5524 1544 5600 quiAnastasio
1574 5524 1847 5596 deposito
1888 5525 2173 5600 suffectus
2213 5542 2311 5600 an.
2347 5533 2448 5584 715

790 5597 972 5677 Leoni
999 5597 1174 5656 cessit
1200 5597 1562 5677 imperium:
1605 5612 1812 5677 verum
1849 5613 1974 5677 non
2015 5614 2056 5677 a_
2088 5597 2444 5667 Theodosio,

790 5674 895 5730 sed
919 5673 998 5729 ab
1030 5668 1352 5727 Anastasio
1381 5668 1801 5741 praefecturam
1841 5669 2093 5725 Orientis
2136 5677 2449 5726 assecutus

787 5753 915 5805 erat
944 5745 1099 5812 Deo;
1130 5741 1538 5800 Theodosium
1561 5756 1705 5797 vero
1721 5756 2041 5814 nunquam
2074 5743 2320 5815 agnovit
2339 5743 2450 5800 im-

2585 641 2672 670 νυν
2698 625 2785 672 καὶ
2827 621 3035 691 τελευτᾷ
3062 627 3148 673 τόν
3181 621 3310 694 βίων
3342 624 3368 674 ό
3393 629 3565 696 πατὴρ
3577 669 3589 691 ,
3619 631 3708 677 καὶ
3750 619 3876 701 πρός
3915 634 3980 681 τὰ
4018 630 4181 684 ἐκεῖσε

2584 711 2920 778 μεθίσταται,
2990 711 3308 784 Ἐγκρίνεται
3373 709 3423 764 δ’
3487 715 3631 774 οὗτος
3685 717 3855 781 εὐθὺς,
3918 723 4007 770 καὶ
4087 726 4180 777 τήν

2582 802 2840 868 πατρικὴν
2890 796 3035 859 ἀξίαν
3089 799 3453 871 ἀναλαμϐάνει,
3508 808 3597 854 καὶ
3642 811 3750 864 τοῖς
3806 805 3991 875 λογάσι
4045 828 4178 878 συγ-

2581 885 2916 956 καταλέγει-αι
2951 908 2961 918 ·
2998 888 3133 938 οἴκων
3170 893 3259 959 μέν
3293 911 3305 921 ο
3341 889 3467 940 ἀλλά
3513 894 3612 964 γὰρ
3645 894 3700 943 ἐκ
3731 889 3934 944 παίδων
3988 902 4075 947 καὶ
4127 896 4181 958 ἐξ

2582 971 2756 1045 ἀρχῆς
2813 975 2885 1036 εἰς
2923 983 3037 1026 νουν
3078 980 3310 1051 ἔστρεφεν
3352 978 3532 1030 ἑαυτὸν
3571 988 3641 1048 τῷ
3697 990 3809 1050 Θεῷ
3850 986 4179 1037 καθοσιώσαι

2581 1066 2669 1112 καί
2699 1059 2846 1123 δοτός
2905 1065 3044 1134 αὐτῷ
3088 1071 3446 1137 χρηματίσαι,
3496 1072 3620 1139 πρὸς
3671 1074 3757 1120 τόν
3812 1077 3972 1141 μέγαν
4021 1078 4177 1133 ὄντως

2581 1156 2670 1200 καὶ
2717 1152 2862 1212 οὗτος
2912 1152 3318 1226 ἀπευθυνόμενος
3368 1157 3607 1227 Σαμουὴλ
3665 1179 3676 1190 ·
3728 1161 3807 1210 ὅτι
3866 1157 3916 1211 δ’
3963 1162 4175 1212 αὐτόθεν

2582 1239 2739 1300 αὐτὸς
2789 1242 2931 1292 τοῦθ’
2989 1242 3162 1313 εἵλετο,
3241 1249 3330 1295 xui
3382 1251 3453 1316 μὴ
3531 1250 3660 1318 πρὸς
3719 1255 3816 1298 τὼν
3864 1255 4177 1324 γεννητόρων

2582 1328 2896 1398 ὑποσχεθεὶς
2928 1326 3133 1396 δέδοτο,
3187 1334 3332 1402 τάχα
3371 1353 3429 1404 γε
3459 1339 3547 1384 xui
3589 1335 3998 1406 ὑπερτιθέμενος.
4036 1338 4176 1394 Πλὴν

2583 1413 2708 1466 ἀλλά
2759 1422 2845 1474 τὴν
2904 1426 3002 1468 τῶν
3051 1419 3326 1470 πολιτικῶν
3376 1420 3677 1493 ἐπωμίσατο
3718 1422 3971 1497 φροντίδα
4002 1428 4026 1476 0
4075 1435 4176 1476 τῶν

2579 1515 2936 1576 πνευματικῶν
2991 1506 3148 1577 ἀπρὶξ
3200 1507 3560 1581 ἀντεχόμενος·
3620 1517 3684 1563 Τί
3726 1512 3848 1582 γοῦν
3903 1531 3915 1579 ;
3969 1517 4038 1573 ὡς
4096 1511 4177 1565 δε-

2581 1592 2720 1659 ξιῶς,
2760 1597 3116 1666 ὠςνουνεχῶς,
3149 1600 3216 1656 ως
3263 1597 3582 1658 εὐεπηϐόλως
3632 1602 3699 1650 τὰ
3746 1599 4179 1673 ἐγκεχειρισμένα

2581 1677 2890 1755 διῳκονόμει
2937 1685 2948 1737 i
3005 1689 3104 1736 Kui
3160 1689 3288 1758 πρὸς
3326 1690 3415 1757 μὲν
3453 1687 3690 1739 ἁπάντων
3731 1689 3894 1740 ἄλλων
3945 1691 4176 1763 περιελα-

2577 1769 2709 1821 λεῐτο
2739 1777 2827 1822 καὶ
2872 1772 3214 1843 ἐθαυμάζετο,
3256 1779 3384 1847 πρός
3431 1773 3490 1826 δὲ
3527 1785 3618 1828 τοῦ
3650 1785 3962 1851 κρατοῦντος
4015 1780 4176 1830 αὐτου

2575 1863 2639 1909 τὰ
2661 1863 2837 1931 πρῶτά
2868 1881 2920 1912 τε
2970 1860 3202 1933 ἐτιμᾶτο,
3244 1869 3334 1914 xui
3381 1864 3491 1935 μετ’
3549 1866 3703 1916 αὐτόν
3749 1863 3807 1923 ἦν
3856 1868 4025 1932 εὐθὺς,
4082 1874 4173 1919 και

2576 1950 2840 2021 σύναρχος
2866 1949 3176 2022 ἐνενόμιστο.
3221 1951 3358 2004 Ἐνόν
3415 1950 3532 2004 ἰδοὺ
3576 1954 3738 2025 λέγειν
3773 1959 3838 2006 τὰ
3883 1957 4045 2026 μείζω
4084 1963 4175 2008 xui

2570 2044 2871 2109 τιμιώτερα,
2911 2043 2975 2090 τὰ
3044 2043 3177 2092 κατὰ
3223 2046 3351 2095 Θεὸν
3408 2046 3591 2094 τούτου
3667 2044 4024 2116 παλαίσματα,
4080 2050 4174 2096 καὶ

2571 2129 2636 2176 τά
2662 2127 2787 2197 ὑπὲρ
2819 2135 2911 2188 τῆς
2944 2126 3188 2190 ἀληθείας
3217 2130 3515 2204 ἀξιάγαστα
3553 2131 3916 2205 ἀγωνίσματα.

2641 2304 2711 2360 κ’.
2753 2305 2887 2357 Ἀλλ’
2964 2305 3169 2381 ἐπείπερ
3239 2306 3422 2361 ἐνθαδί
3492 2317 3583 2361 τοῦ
3655 2311 3811 2382 λόγου
3868 2315 4172 2383 γεγένημαι,

2570 2394 2664 2461 οἵγε
2701 2390 2768 2451 δὴ
2801 2398 2866 2445 τά
2895 2396 3122 2468 ἡμέτερα
3174 2400 3420 2470 θρηνήσω
3472 2401 3636 2465 πάθη,
3697 2406 3787 2452 καὶ
3838 2406 3931 2458 τὴν
3979 2399 4175 2474 ἀνθρω-

2569 2487 2720 2538 πίνην
2772 2483 3036 2536 ἀσθένειαν
3106 2485 3545 2560 ἀποκλαύσωμαι,
3625 2494 3721 2546 τήν
3805 2509 3859 2542 τε
3947 2491 4172 2542 παλαιὰν

2570 2575 2698 2642 πρὸς
2752 2575 2888 2644 ἡμᾶς
2943 2583 3036 2625 του
3095 2575 3394 2648 ἀρχεκάκου
3454 2578 3788 2649 θριαμϐεύσω
3837 2576 4167 2652 δυσμένειαν,

2569 2666 2658 2711 xui
2699 2664 2764 2720 ὡς
2799 2663 2936 2724 εἰκός
2987 2661 3336 2738 ἀποδύρωμαι
3386 2669 3511 2741 ὑπὲρ
3571 2668 3638 2717 ὦν
3703 2673 3833 2740 πρὸς
3881 2668 4041 2720 αὐτοῦ
4087 2687 4173 2720 πε-

2567 2751 2825 2822 πόνθαμεν
2871 2771 2923 2803 τε
2979 2759 3069 2804 καὶ
3134 2756 3432 2826 πάσχομεν.
3497 2753 3626 2827 Εἶχε
3675 2760 3764 2828 μὲν
3822 2762 3946 2817 τέως
3999 2753 4052 2808 εὖ
4106 2760 4172 2808 τὰ

2567 2839 2810 2911 ἡμέτερα,
2857 2848 2946 2892 xui
3001 2844 3067 2893 τὰ
3114 2852 3213 2893 τῶν
3243 2851 3574 2916 Χριστιανῶν
3605 2847 3744 2902 ἤνθει
3782 2866 3794 2878 ·
3827 2849 3890 2897 τὰ
3926 2850 4028 2917 γὰρ
4079 2856 4172 2904 τῆς

2567 2925 2871 2999 ορθοδοξίας
2914 2929 3136 2996 ἐκράτει,
3196 2937 3286 2984 καὶ
3330 2937 3388 2984 τὸ
3428 2941 3527 2985 πᾶν
3586 2933 3756 2994 ἁπλῶς
3820 2935 3991 2996 καλῶς
4031 2933 4166 3006 εἶχε,

2566 3022 2652 3070 xui
2684 3024 2914 3090 κοσμίως
2945 3023 3013 3082 ὡς
3049 3019 3251 3083 ἀληθῶς
3299 3022 3534 3088 ἕσταλτο,
3567 3029 3656 3074 καὶ
3703 3024 3769 3074 ἶν’
3821 3025 3956 3075 οὕτω
3987 3030 4165 3096 φαίην,

2565 3107 2800 3175 οὐράνιός
2828 3127 2907 3169 τις
2962 3118 3134 3184 χῶρος
3185 3116 3338 3172 τόπος
3373 3109 3432 3168 ἦν
3481 3114 3505 3163 0
3562 3118 3839 3184 περίγειος,
3892 3118 3982 3164 καὶ
4041 3119 4168 3173 Θεός

2566 3205 2674 3257 τοῖς
2727 3199 2996 3269 ἡμετέροις
3047 3197 3390 3271 ἐπεχωρίαζε,
3451 3207 3539 3252 xui
3585 3211 3684 3252 τῶν
3735 3202 3851 3253 καθ’
3919 3205 4053 3273 ἡμᾶς
4099 3207 4170 3262 ως

2565 3284 2719 3335 εἰπεῖν
2787 3284 3135 3357 ἐπετρόπευεν.
3201 3287 3335 3340 Ἀλλ’
3398 3285 3570 3340 ἐπεῖδε
3624 3288 3889 3360 βάσκανον
3920 3292 4169 3342 όόἱνωθεν

2565 3378 2652 3424 xui
2714 3375 2765 3435 ἐξ
2819 3377 2992 3446 ἀρχῆς
3039 3377 3291 3450 φθονερῶς
3344 3380 3468 3448 ημῖν
3538 3378 3931 3450 ἐποφθαλμίζων
3982 3382 4169 3445 σατάν,

2564 3468 2652 3514 xui
2681 3465 2729 3532 (0
2771 3483 2926 3534 φασιν
2981 3467 3030 3516 οἱ
3069 3465 3237 3533 ἐκτὸς)
3287 3465 3599 3537 τελχινὼδες
3649 3475 3737 3519 καὶ
3794 3474 3995 3542 κρονιον
4056 3468 4172 3526 ἐνη-

2563 3557 2729 3603 τένισε
2775 3570 2786 3580 ·
2846 3559 3034 3626 τρόπον
3096 3552 3183 3605 οὖν
3257 3553 3549 3628 ἀνευρίσκει
3597 3559 3800 3618 όποῖνος
3851 3560 4034 3617 ἐκεῖνος
4075 3559 4172 3632 ῥᾳδ

2565 3635 2888 3714 διουργῆσαι
2921 3638 3110 3710 δεινός,
3142 3649 3230 3694 xui
3277 3649 3403 3717 πρός
3455 3649 3512 3694 τό
3561 3649 3720 3696 κακὸν
3748 3645 4128 3717 πολυμήχανός
4153 3667 4165 3677 ·

2563 3729 2602 3797 ᾧ
2639 3749 2698 3799 γε
2748 3729 2852 3800 οὐχ
2880 3732 3017 3792 ὅπως
3067 3730 3126 3782 ἀν
3173 3735 3703 3805 κατοστρακισθώμεν
3743 3741 3836 3791 τῆν
3879 3736 4018 3794 θείας
4062 3733 4172 3787 ἔπι-

2565 3830 2768 3880 σκοπῆς
2824 3840 2876 3872 τε
2931 3829 3019 3873 xui
3092 3821 3469 3896 κυϐερνήσεως,
3555 3823 3661 3875 ἀλλ’
3735 3823 4169 3898 ἐκπολεμήσωμεν

2561 3915 2650 3960 καὶ
2682 3915 2830 3979 Θεὸν,
2857 3915 2947 3962 xui
2972 3913 3037 3962 τά
3067 3914 3275 3982 ἔσχατα
3319 3914 3439 3964 καθ’
3485 3914 3630 3984 ἡμῶν
3684 3913 4001 3986 ὀργισθῆναι
4060 3911 4170 3967 διε-

2560 4001 2871 4071 ρεθίσωμεν,
2918 4000 3056 4052 Ἐπεὶ
3118 3998 3168 4052 δ’
3226 4005 3294 4062 ὡς
3340 4004 3407 4052 τὰ
3456 4002 3621 4054 πολλά
3650 3999 3742 4054 διὰ
3789 4009 3953 4074 μέσον
4000 4023 4166 4078 προσ-

2562 4088 2761 4140 ϐάλλειν
2818 4091 2941 4160 ημῖν
2995 4092 3167 4141 εἴωθεν
3235 4094 3326 4161 (ὡς
3379 4097 3469 4143 xui
3518 4091 3601 4144 ἐπὶ
3661 4095 3798 4143 κατὰ
3853 4093 4162 4165 πρωτοπλά-

2564 4198 2696 4230 στων
2738 4179 2900 4230 πάλαι
2953 4175 3047 4230 διὰ
3095 4188 3183 4231 τοῦ
3223 4182 3419 4252 ὄφεως),
3478 4183 3707 4252 εὑρίσκει
3745 4187 3836 4233 καὶ
3887 4183 4034 4242 αὖθις
4078 4187 4165 4234 τόν

2564 4267 2770 4319 σκολιόν
2804 4273 2929 4329 τους
2958 4274 3203 4343 τρόπους,
3257 4275 3342 4321 τόν
3397 4270 3629 4322 ποικίλον
3687 4276 3781 4329 τὴν
3811 4277 4043 4343 γνώμην,
4076 4277 4165 4325 τόν

2558 4363 2812 4432 πονηρίας
2869 4357 3149 4426 ἀνάπλεων,
3212 4363 3298 4410 τόν
3351 4361 3592 4434 ἄντικρυς
3640 4365 3754 4432 ὄφιν
3796 4369 3902 4420 τοῖς
3971 4381 4166 4413 σκαιω-

2559 4452 2786 4520 ρημασι,
2850 4451 2936 4498 τόν
2989 4453 3454 4521 συνεσπειραμένον
3502 4469 3557 4500 τε
3606 4456 3695 4502 xui
3743 4455 4166 4524 περιεστραμμέ-

2559 4556 2642 4587 νον
2696 4544 2806 4597 τοῖς
2860 4541 3175 4608 σκέμμασιν⁹
3238 4539 3266 4596 ἦ
3322 4538 3512 4610 μᾶλλον
3551 4543 3637 4590 τόν
3688 4538 3942 4614 ἀνήμερον
4000 4559 4169 4613 φερω-

2559 4628 2729 4696 νύμως
2788 4628 2941 4698 θῆρα,
2991 4629 3078 4677 τόν
3122 4627 3445 4701 αὐτόχρημα
3504 4627 3681 4679 λέοντα
3764 4633 3850 4679 τὸν
3917 4631 4166 4681 ἄστατον

2559 4720 2653 4772 τὴν
2694 4717 2872 4788 ὁρμὴν,
2921 4719 3007 4766 τὸν
3062 4715 3373 4768 ἀνύποιστον
3413 4723 3506 4774 τὴν
3557 4717 3738 4791 ὀργὴν,
3793 4723 3881 4769 τὸν
3930 4723 4024 4776 τὴν
4075 4739 4169 4770 κα-

2557 4809 2674 4856 κίαν
2721 4803 2999 4879 ἀφόρητον.
3046 4811 3189 4857 Λέων
3242 4806 3392 4866 οὗτος
3450 4808 3475 4857 ό
3529 4807 3582 4868 ἐξ
3633 4807 3905 4880 Ἰσαύρων,
3961 4810 3986 4858 0
4041 4804 4169 4860 ἀπο-

2559 4896 2751 4953 στάτης
2809 4898 2875 4945 τὰ
2925 4898 3014 4966 μὲν
3061 4903 3244 4968 πρῶτα
3307 4904 3398 4947 τοῦ
3449 4892 3710 4948 δεσπότου
3767 4902 3856 4948 καὶ
3907 4896 4166 4969 βασιλέως

2554 4989 2816 5056 γενόμενος
2854 4984 2988 5056 (10),
3025 4988 3204 5037 καὶτὸ
3244 4989 3432 5059 κράτος
3480 4987 3639 5039 αὐτοῦ
3691 4992 3775 5038 xoi
3840 4991 3935 5044 τὴν
3989 4985 4165 5060 ἀρχὴν

2555 5073 2874 5144 ὑφελόμενος,
2923 5074 3016 5125 οὐκ
3065 5070 3258 5145 ἀνδρίᾳ
3308 5078 3397 5145 (μη
3445 5075 3646 5133 οἰηθείη
3697 5095 3773 5136 τις
3803 5080 3956 5128 τοῦτό
3997 5078 4160 5145 ποτε),

2555 5171 2823 5234 μηχαναῖς
2855 5159 2914 5214 δὲ
2959 5168 3049 5215 xui
3099 5160 3272 5225 δόλοις
3328 5166 3767 5238 ὑποσπασάμενος
3823 5186 3836 5198 ο
3888 5165 3946 5217 οὐ
3999 5163 4167 5239 μικρά

2556 5255 2657 5325 γὰρ
2695 5253 2943 5313 πολλάκις
2990 5258 3080 5305 xui
3127 5262 3414 5326 πανοῦργος
3464 5258 3624 5312 ἤνυσε
3690 5260 3901 5328 τρόπος,
3952 5261 4042 5308 xui
4102 5258 4167 5306 τα

2559 5463 2898 5530 peratorem
2908 5504 2921 5520 ς
2937 5459 3041 5515 sed
3053 5477 3196 5516 mox
3209 5466 3274 5516 ut
3284 5460 3539 5518 electum
3562 5462 3791 5519 audivit
3805 5468 4013 5519 contra
4024 5479 4166 5519 eum

2561 5530 2749 5585 t'azdus
2779 5547 2918 5586 cum
2940 5533 3273 5607 _Artabasso
3299 5535 3597 5590 Armeniae
3619 5541 3873 5607 praetore
3896 5535 4167 5607 iniit.Fa-

2558 5608 2688 5677 ctus
2721 5604 3262 5677 autemimperator
3282 5621 3408 5662 non
3433 5604 3658 5677 statim,
3690 5611 3757 5662 ut
3779 5607 3934 5663 infra
3946 5606 4061 5663 dici
4082 5607 4165 5662 vi-

2556 5673 2754 5754 detur,
2787 5674 2892 5730 sed
2920 5673 3082 5732 anno
3112 5677 3281 5746 regni
3335 5678 3429 5754 sui
3459 5694 3622 5754 nono
3644 5673 3653 5677 ⁷
3677 5680 3944 5751 primum
3987 5679 4168 5753 capit

2553 5746 2824 5803 insanire
2844 5753 3052 5806 contra
3073 5755 3317 5807 sanctas
3344 5750 3660 5824 imagines.
