4484 6446
291 427 395 483 837

288 554 517 621 μέγιστα
548 553 687 602 ἔστιν
717 552 796 602 ὅτε
823 546 943 609 ἦθος
975 548 1247 601 ἐπίκλοπον
1287 548 1553 610 ἐξετέλεσε,
1601 552 1688 599 καὶ
1720 546 1754 597 ἃ
1778 566 1886 616 γεν-
1917 546 1965 599 Α

290 644 413 690 ναία
442 644 565 691 ποτε
595 645 715 714 χεὶρ
751 643 841 691 σὺν
873 647 1056 711 μακρῴ
1086 647 1154 707 νῷ
1194 643 1328 707 πόνῳ
1369 637 1462 688 οὐκ
1499 641 1700 707 ἴσχυσε
1724 656 1891 709 παρα-

294 730 620 791 στήσασθαι,
654 728 708 779 ἐκ
738 736 829 779 τοῦ
859 729 1056 801 ράστον
1099 723 1250 783 δόλος
1288 726 1649 797 κατέστρεψεν.
1693 729 1893 777 Οὔκουν

293 813 363 873 δὴ
398 820 699 889 θαυμαστόν
740 818 781 869 εἰ
816 823 904 868 καὶ
935 818 1083 877 οὗτος
1124 820 1255 867 κατά
1294 826 1385 866 τον
1424 814 1666 875 εὐσεϐοῦς
1692 814 1895 886 μεμελευ

292 912 466 966 τηκως
504 906 884 979 αὐτοκράτορος
924 910 1011 955 και
1062 906 1412 955 ἐπαναστάσει
1462 904 1892 975 ἐπικεχειρηκὼς,

293 996 442 1065 τάχα
464 1014 523 1063 γε
553 1004 646 1053 τῆς
678 993 993 1064 ἀγαθότητος
1022 994 1181 1044 αὐτου
1221 994 1756 1063 καταστοχασάμενος
1796 992 1894 1062 (δι’

294 1083 357 1140 ἣν
398 1088 485 1135 καὶ
524 1088 650 1158 πρὸς
688 1088 782 1139 τὴν
823 1082 1095 1153 βασιλείαν
1150 1084 1378 1154 enng
1422 1084 1446 1132 0
1504 1083 1652 1132 πάντ’
1709 1081 1894 1144 ἐκεῖνος

292 1171 452 1232 καλός
481 1168 789 1237 Θεοδόσιος)
835 1180 925 1223 του
973 1174 1108 1222 κατά
1158 1170 1411 1241 βούλησιν
1452 1171 1545 1221 οὐκ
1586 1170 1844 1241 ἀπέτυχεν
1878 1192 1890 1203 ·

296 1260 400 1311 εἰσὶ
428 1264 531 1332 γὰρ
562 1262 613 1311 οῖ
642 1279 797 1331 φασιν
827 1263 895 1321 ὡς
933 1280 1022 1311 και
1061 1259 1115 1311 ἐκ
1142 1264 1383 1331 μαντείας
1422 1265 1511 1310 καὶ
1552 1258 1895 1333 ἀπορρητοτέ-

294 1368 397 1420 ρων
427 1355 669 1420 μυήσεων
699 1354 788 1399 καὶ
818 1349 1025 1400 τελετὼν
1054 1346 1291 1419 ἀθέσμων
1323 1347 1377 1398 ἐκ
1418 1348 1605 1399 πολλου
1630 1352 1755 1420 πρὸς
1780 1368 1895 1399 του-

295 1442 377 1488 τοι
409 1434 737 1509 διηρεθιστο.
772 1436 910 1493 Πλὴν
941 1436 1047 1487 ἀλλ’
1078 1438 1103 1487 ό
1135 1440 1225 1507 μεν
1262 1446 1361 1487 τὼν
1394 1443 1673 1508 σκήπτρων
1714 1436 1893 1508 ἀφέμε-

293 1545 397 1589 νος,
429 1531 519 1576 καὶ
550 1526 905 1598 ὑποχωρήσας
949 1534 1047 1575 των
1092 1522 1370 1594 βασιλείων
1421 1526 1512 1595 (ως
1561 1530 1631 1595 μη
1682 1526 1893 1597 ὤφελον)

294 1621 403 1674 τοῖς
434 1621 528 1671 τῆς
568 1612 882 1673 Ἐκκλησίας
934 1617 1094 1686 φέρων
1141 1612 1321 1663 ἑαυτόν
1373 1611 1688 1682 ἐγκατέλεξεν
1726 1634 1737 1645 ·
1789 1616 1814 1664 ό
1844 1612 1893 1666 δ’

293 1701 404 1753 ἐπεὶ
453 1710 544 1752 του
588 1704 812 1775 κράτους
859 1701 1185 1763 ἐπείληπται,
1235 1704 1368 1751 κατά
1416 1710 1512 1752 των
1560 1704 1723 1767 θείων,
1758 1703 1887 1773 φευε

191 1832 209 1845 .
294 1792 500 1842 εἰκόνων
529 1790 824 1849 λελύττηκε,
859 1794 1046 1841 ταυτόν
1079 1787 1129 1841 0"
1162 1792 1319 1841 εἰπεῖν
1349 1796 1439 1841 καὶ
1470 1790 1583 1841 κατ’
1616 1791 1771 1842 αὑτοῦ
1804 1800 1893 1843 τοῦ

292 1884 443 1947 Θεοῦ,
472 1879 566 1931 οὐκ
596 1878 949 1950 ἀνασχόμενος
980 1884 1048 1949 μη
1080 1883 1145 1930 τα
1183 1881 1529 1951 ὑπεσχημένα
1561 1888 1667 1940 τοῖς
1714 1883 1892 1951 μάντε-
1923 1892 1965 1945 Β

292 1987 377 2019 σιν
402 1968 680 2037 ἐκπλῆσαι,
714 1974 803 2019 xui
840 1973 899 2019 τό
944 1973 1097 2041 χρέος
1145 1974 1324 2040 σφίσιν
1367 1968 1617 2020 ἀποτίσαι
1658 1979 1747 2029 τῆς
1794 1980 1892 2021 τῶν

290 2056 767 2131 προφοιϐασμάτων
798 2056 1027 2110 ἐκϐάσεω
1038 2079 1077 2118 ς.

364 2234 464 2287 κα’.
526 2235 744 2308 Ἐγείρει
801 2240 972 2286 τοίνυν
1028 2239 1189 2305 μέγαν
1260 2238 1393 2287 κατὰ
1460 2245 1593 2287 Θεου
1654 2237 1893 2309 πόλεμον,

294 2324 635 2399 ἀχρειοῡνται
673 2327 740 2375 τά
777 2328 957 2396 τεμένη
1008 2330 1097 2375 καὶ
1146 2329 1268 2385 τοὺς
1306 2330 1424 2384 νεὼς
1464 2322 1794 2398 ὃιεγείρεται,
1833 2330 1898 2377 τά

293 2434 351 2467 τε
392 2417 505 2467 θεῖα
540 2419 630 2466 καὶ
667 2420 820 2485 τίμια
866 2413 1210 2485 ἐκτυπωματα
1259 2412 1479 2476 διαξέειν
1537 2435 1589 2468 τε
1640 2422 1729 2467 καὶ
1769 2416 1900 2468 ἀπα-

294 2504 484 2576 λείφειν
524 2504 813 2576 ἐπαίρεται,
852 2509 941 2555 καὶ
1000 2503 1171 2564 ἀπλως
1226 2502 1450 2575 ἀμορφοί
1489 2506 1517 2562 ἦ
1574 2506 1761 2576 μᾶλλον
1800 2528 1900 2559 κα-

298 2598 580 2665 ταστρέφει
618 2598 712 2650 τὴν
753 2592 1067 2649 Ἐκκλησίαν
1108 2601 1263 2656 θεου,
1328 2594 1386 2649 ἢν
1443 2594 1598 2655 αὑτός
1656 2598 1901 2670 ὲνανθρω-

297 2688 478 2743 πὴσας
517 2681 838 2754 ἐθεμελίωσε,
881 2688 968 2733 καὶ
1009 2684 1337 2734 θεόπνευστοι
1391 2687 1577 2735 τούτου
1619 2693 1903 2757 περιεστοί-

297 2792 466 2843 χισαν
504 2776 742 2843 κήρυκες,
786 2774 1040 2844 μάρτυρές
1079 2791 1132 2822 τε
1192 2773 1319 2823 θεῖοι
1365 2780 1473 2833 τοῖς
1514 2776 1703 2845 αἵμασι
1744 2781 1903 2846 φοινί-

299 2862 471 2923 ξαντες
509 2860 891 2931 κατηγλάισαν,
923 2866 1010 2911 xui
1046 2862 1281 2933 θεοφόροι
1312 2866 1535 2932 Πατέρες
1572 2868 1701 2937 1:90;
1740 2864 1904 2936 ἀσφά-

296 2950 437 3003 λειαν
478 2946 823 3022 διωρόφωσαν
849 2952 928 3018 (τί
967 2948 1131 3001 πολλὰ
1157 2949 1320 3020 λέγειν
1346 2950 1389 3019 ;)
1421 2951 1480 3007 ἢν
1512 2952 1670 3013 αὐτὸς
1707 2956 1732 3004 ό
1773 2958 1904 3015 Θεὸς

297 3045 390 3091 xui
448 3044 629 3112 Πατὴρ
677 3038 1063 3113 παλαμηφορεί,
1122 3048 1193 3108 τῷ
1247 3048 1339 3090 του
1399 3042 1521 3092 Υιοῡ
1580 3046 1668 3093 καὶ
1730 3049 1903 3114 Λόγου

299 3129 689 3201 ἐξωνησάμενος
742 3131 943 3199 αἵματι,
993 3135 1051 3179 τό
1101 3148 1155 3180 τε
1213 3130 1343 3180 θεῖον
1405 3137 1612 3202 Πνενμα
1670 3138 1903 3203 συνέχει,

299 3225 511 3289 Πνεῦμα
547 3221 605 3268 τό
648 3220 854 3291 Πατρός
892 3222 975 3268 xui
1018 3222 1191 3287 Λόγου
1232 3227 1555 3289 μονογενοῦς,
1601 3227 1811 3292 Πνεῦμα
1846 3226 1905 3273 τό
1937 3245 1977 3299 C

300 3308 357 3359 ἐκ
397 3310 597 3379 Πατρός
636 3305 871 3379 αρρἠτως
910 3305 1329 3379 ἐκπορευόμενον,
1362 3311 1429 3368 ως
1469 3310 1595 3382 ὑπὲρ
1636 3310 1786 3381 λόγον
1816 3318 1905 3364 καὶ

301 3399 327 3447 0
364 3402 535 3465 Λόγος
572 3403 664 3447 τοῦ
705 3396 865 3447 αὐτου
904 3402 1144 3465 γεννᾶται
1186 3402 1405 3469 Πατρός.
1467 3402 1611 3450 Κατά
1666 3404 1907 3461 τοιαύτης

299 3484 639 3545 Ἐκκλησίας,
682 3486 720 3535 ὧ
758 3484 947 3554 τόλμης
1003 3484 1299 3557 παραϐόλου
1344 3485 1354 3538 Ῐ
1416 3488 1454 3537 ὠ
1514 3490 1735 3561 Θράσους
1792 3489 1908 3541 ἀλο-

302 3573 532 3643 γίστουῑ
577 3576 735 3645 ὁμόσε
776 3575 801 3624 0
842 3572 1106 3645 ἀλιτήριος
1147 3574 1334 3635 ἐκεῖνος
1390 3584 1681 3649 κεχώρηκε,
1726 3583 1909 3631 τοσού-

304 3681 397 3712 του
454 3663 804 3734 κατετόλμηκε
857 3667 1164 3736 πράγματος
1216 3686 1227 3696 ·
1290 3664 1437 3730 ἀλλα,
1497 3676 1587 3736 φευ
1645 3672 1909 3741 χριμάτων

306 3752 479 3804 Θεονὲ
524 3761 594 3813 εἰς
651 3757 812 3824 πέρας
867 3758 923 3803 τό
981 3758 1107 3825 πρός
1160 3752 1415 3823 βούλησιν
1474 3760 1660 3826 ἤγαγε,
1710 3764 1799 3810 καὶ
1852 3763 1909 3809 τό

303 3845 439 3893 κατά
482 3844 642 3913 θυμόν
683 3840 950 3903 ἐξετέλεσε.
991 3848 1236 3894 Τοιοῦτόν
1275 3863 1325 3894 τι
1364 3851 1452 3896 xui
1491 3850 1591 3917 γὰρ
1632 3850 1690 3898 τό
1732 3850 1911 3918 ἡμέτε-

302 3952 414 4005 ρον,
459 3930 645 4003 ἀνέμου
684 3928 889 3999 πεδίον,
931 3934 955 3981 ό
995 3951 1172 3998 φασιν,
1214 3934 1243 3990 ἡ
1301 3934 1532 4003 κάλαμος
1578 3940 1709 4009 πρός
1748 3934 1910 4011 αὔραν

306 4026 641 4095 στρεφόμενος
707 4027 796 4073 καὶ
871 4028 1365 4094 μεταστρεφόμενος,
1434 4024 1586 4094 λύγος
1651 4045 1705 4078 τε
1779 4028 1912 4096 ἄγαν

301 4110 481 4172 λεπτός
519 4116 609 4162 καὶ
648 4110 981 4185 ἀκρόρριζος,
1022 4116 1149 4185 1:90;
1189 4114 1330 4172 ὅστις
1369 4112 1428 4164 ἂν
1459 4120 1547 4165 xui
1587 4117 1747 4186 τύχοι
1789 4115 1911 4187 βια-

305 4202 538 4273 ζόμενος,
582 4200 832 4272 ἀγόμενος
870 4220 924 4252 τε
964 4208 1052 4252 xui
1092 4208 1456 4274 μεταγόμενος.
1520 4207 1594 4256 Οὐ
1635 4215 1913 4279 κατηγορὼ

303 4294 529 4354 πάντων,
588 4300 689 4341 τῶν
755 4290 997 4341 πλειόνων
1078 4288 1137 4343 δὲ
1214 4298 1569 4367 καταφέρομαι
1631 4300 1915 4367 συνήγορος

308 4379 605 4454 ἐπικαίρως,
661 4385 751 4431 καὶ
808 4388 899 4431 τοῦ
958 4389 1057 4431 τῶν
1129 4382 1449 4454 παλαιτέρων
1501 4384 1915 4456 προσλαμϐάνων

310 4468 641 4542 ἀπόφθεγμα.
684 4466 838 4521 Εἶδον
877 4473 997 4543 γὰρ,
1043 4467 1199 4539 εἶδον,
1245 4474 1309 4531 ως
1346 4478 1418 4543 μὴ
1462 4473 1669 4544 ὤφελον,
1699 4483 1918 4526 τοιαῦτα

310 4557 475 4630 κάγὼ,
535 4564 624 4610 καὶ
681 4561 883 4630 ὁμοίοις
939 4567 1157 4633 καιροῖς,
1221 4558 1385 4631 βαϐαὶ
1443 4570 1532 4621 τῆς
1593 4562 1911 4636 συμφορᾶςῐ

309 4651 623 4719 περιέτυχον
658 4669 670 4680 ·
711 4650 926 4720 τοιαύτῃ
969 4667 1023 4699 τε
1064 4656 1361 4722 σκοτομὴνη
1404 4650 1680 4724 ἐγκύρσας,
1721 4653 1919 4723 μεγαλα

310 4742 729 4811 προσκέκρουκα,
750 4743 839 4789 xui
878 4737 1063 4789 ἀνίατα
1083 4748 1273 4813 μικροῦ
1295 4744 1751 4814 τετραυμάτισμαι
1782 4746 1912 4811 (11).

1950 4602 1994 4655 D

311 4826 455 4879 Ἀλλ’
498 4826 583 4899 ἐμὲ
622 4831 711 4899 μὲν
752 4829 776 4878 ό
814 4836 916 4879 τῶν
972 4827 1163 4899 ψυχῶν
1224 4830 1401 4903 ἰατρός
1465 4836 1553 4881 καὶ
1602 4839 1700 4882 τῶν
1742 4836 1916 4904 σωμά-

384 4972 496 5042 (ll)
537 4970 778 5026 Videtur
832 4970 1033 5029 infelix
1095 4973 1513 5030 schismaticus
1554 4975 1777 5042 dolere,
1826 4976 1919 5031 vel

309 5041 478 5113 quod
509 5057 629 5097 non
660 5042 803 5098 satis
856 5049 1142 5098 constans
1169 5044 1343 5100 fuerit
1387 5046 1446 5101 in
1496 5047 1720 5102 tuendo
1766 5041 1921 5103 'schi-

311 5114 650 5189 smatesub
676 5114 927 5185 imperio
947 5116 1277 5189 Michaelis.
1312 5118 1415 5189 qui
1453 5120 1733 5173 unionem
1779 5136 1917 5175 cum

311 5184 573 5261 Ecclesia
620 5184 1174 5261 Rom’aqa‘fecerat,
1222 5184 1393 5261 eique
1439 5204 1499 5243 se
1545 5196 1919 5261 opponentes

310 5256 659 5329 removebat
678 5256 757 5311 ab
774 5257 1005 5321 officiis,
1022 5258 1172 5314 sicut
1189 5266 1245 5313 et
1261 5256 1420 5315 hunc
1439 5256 1917 5329 Constantinum,

317 5351 337 5376 ι
371 5343 552 5409 quem
580 5328 871 5409 educarat
899 5330 1064 5409 apud
1086 5346 1169 5409 .se
1218 5330 1649 5409 informarique
1680 5334 1921 5409 optimis

312 5398 543 5454 artibus
574 5405 844 5474 curar_at,_
866 5398 1125 5471 privavit
1155 5408 1471 5473 propterea
1511 5398 1642 5459 loco
1694 5398 1919 5474 gratiae,

313 5486 499 5542 quem
538 5470 704 5543 prius
747 5470 1044 5543 habuerat
1082 5478 1138 5528 et
1156 5470 1209 5528 'a
1250 5470 1359 5529 sua
1404 5470 1802 5533 familiaritate
1836 5470 1923 5533 reé

314 5543 522 5617 mov_i_t,
558 5566 586 5593 ››
616 5543 701 5598 uti
733 5542 938 5617 scribit
966 5545 1361 5616 Pachymeres
1410 5552 1561 5617 part.
1609 5565 1646 5613 1,
1693 5548 1731 5603 l.
1760 5565 1835 5616 vi,
1868 5566 1917 5605 c.

313 5618 405 5669 27.
443 5614 498 5670 Si
530 5618 732 5670 tamen
766 5614 859 5670 ille
891 5615 973 5669 sic
1004 5614 1332 5675 castigatus
1359 5614 1447 5672 vel
1491 5619 1799 5675 modicum
1822 5614 1921 5675 're-

315 5685 484 5764 misit
527 5686 602 5742 de
647 5687 997 5764 pertinacia,
1047 5685 1327 5764 Michaele
1385 5691 1751 5764 sesquianno
1788 5699 1925 5764 post

316 5762 584 5828 mortuo,
614 5758 790 5815 rediit
817 5758 896 5815 ad
927 5760 1221 5817 vomitum
1246 5776 1346 5817 an.
1383 5758 1540 5832 428i,
1560 5763 1673 5820 sub
1696 5758 1925 5822 Andro-

1500 424 1570 479 ΙΝ
1611 424 1666 479 S.
1704 420 1901 478 JOAN.
1948 418 2442 477 DAMASCENUM.

3543 421 3646 475 838

2002 544 2257 614 grandia
2282 549 2479 616 patrat
2509 544 2910 599 fraudulentia
2937 562 2950 605 ;
2982 559 3241 616 quaeque
3287 558 3507 599 manus
3556 560 3648 600 ro-

2002 633 2183 688 busta
2206 633 2491 688 diuturno
2520 632 2726 688 labore
2753 647 2875 689 non
2896 632 3082 687 valuit
3106 632 3409 699 edomare,
3457 649 3649 705 quan-

2002 722 2201 793 doque
2232 722 2507 777 facillime
2538 727 2841 793 expugnat
2875 721 3108 777 astutia.
3157 724 3282 776 Non
3330 722 3510 791 igitur
3538 724 3649 778 mi-

2004 812 2229 877 rum,si
2261 811 2440 865 etiam
2470 811 2620 881 ipse,
2663 815 2871 864 contra
2913 809 3078 880 pium
3122 811 3413 865 Caesarem
3463 811 3651 883 impia

2004 900 2323 955 meditatus
2356 915 2609 970 eumque
2651 898 2998 953 rebellando
3028 914 3369 967 aggressus,
3401 915 3470 955 ac
3502 898 3649 956 forte

2003 990 2134 1061 ipsa
2164 989 2263 1043 illa
2292 989 2421 1058 ejus
2451 987 2715 1042 bonitate
2750 987 3031 1049 confisus,
3067 992 3311 1057 propter
3356 1003 3539 1059 quam
3571 987 3650 1043 ad

2004 1078 2323 1149 imperium
2362 1083 2600 1131 evectus
2631 1075 2841 1139 fuerat,
2877 1091 2998 1130 non
3033 1081 3123 1130 est
3167 1075 3483 1132 frustratus
3523 1092 3648 1130 suae

2003 1166 2324 1221 voluntatis
2342 1164 2669 1236 proposito.
2696 1166 2843 1219 Sunt
2868 1170 3070 1218 autem
3090 1164 3195 1236 qui
3222 1164 3425 1220 dicant
3457 1164 3652 1220 occul-

2004 1256 2254 1311 tioribus
2280 1253 2590 1323 sortilegiis
2613 1253 3201 1325 divinationibusque
3226 1254 3649 1325 superstitiosis

2003 1361 2073 1400 ac
2105 1343 2343 1398 nefariis
2372 1342 2687 1415 praestigiis
2708 1342 2837 1411 jam
2858 1342 3090 1413 pridem
3113 1342 3191 1397 ad
3216 1342 3332 1397 hoc
3357 1343 3537 1398 fuisse
3566 1343 3650 1398 in-

2002 1434 2279 1487 vitatum.
2320 1434 2383 1485 Et
2412 1431 2505 1485 ille
2534 1430 2803 1502 quidem,
2843 1430 3165 1501 praeclarus
3207 1432 3428 1486 scilicet
3457 1432 3647 1487 Theo-

2003 1519 2519 1587 dosius,abdicato
2542 1524 2774 1590 sceptro
2795 1519 3114 1590 imperium
3136 1519 3439 1575 dimittens
3462 1520 3650 1591 (quod

2003 1611 2233 1665 utinam
2264 1624 2386 1663 non
2412 1607 2818 1676 contigisset!)
2849 1607 3258 1662 ecclesiasticis
3308 1608 3647 1663 ministeriis

2004 1699 2393 1768 semetipsum
2424 1696 2749 1760 dedicavit;
2783 1698 2893 1750 Leo
2915 1712 3056 1751 vero
3078 1702 3401 1768 postquam
3422 1698 3652 1768 accepit

2001 1802 2278 1856 regnum,
2308 1786 2522 1849 furere,
2560 1785 2743 1839 eheu!
2779 1783 3069 1839 adversus
3114 1800 3321 1840 sacras
3351 1785 3649 1857 imagines

2003 1876 2201 1947 ccepit,
2217 1875 2334 1929 sive
2364 1874 2528 1945 quod
2551 1873 2762 1928 eodem
2786 1873 3011 1935 recidit,
3036 1874 3324 1928 adversus
3352 1877 3559 1939 Deum,
3576 1891 3651 1930 ne

2006 1980 2125 2020 non
2145 1963 2567 2034 adimplevisse
2597 1963 2891 2017 diceretur
2918 1962 3083 2034 quod
3108 1962 3346 2017 vatibus
3373 1964 3496 2018 suis
3517 1979 3652 2035 pro-

2003 2055 2268 2113 miserat.
2282 2054 2387 2108 sed
2407 2053 2678 2108 debitum
2697 2052 2948 2107 ﬁdeliter
2974 2052 3324 2123 persolvisse
3348 2053 3517 2125 quod
3538 2053 3653 2109 sub

2005 2144 2343 2200 conditione
2374 2148 2621 2197 eventus
2654 2141 2987 2197 successuri
3008 2147 3404 2197 contraxerat.

2076 2240 2164 2289 21.
2198 2236 2476 2303 Magnum
2496 2232 2675 2302 igitur
2707 2230 2933 2285 bellum
2965 2235 3172 2285 contra
3204 2233 3390 2287 Deum
3416 2232 3653 2297 excitat,

2005 2322 2237 2379 inutilia
2266 2320 2489 2375 faciens
2528 2319 2751 2391 templa
2798 2323 2855 2373 et
2900 2318 3035 2373 loca
3077 2334 3249 2373 sacra
3284 2320 3653 2387 subvertens,

2010 2411 2309 2481 simulque
2330 2410 2407 2465 ad
2425 2409 2659 2464 divinas
2679 2408 2974 2478 imagines
2995 2407 3327 2464 abolendas
3343 2410 3659 2465 etcombu—

2008 2500 2228 2556 rendas
2252 2505 2374 2554 tota
2404 2498 2459 2553 vi
2490 2495 3229 2567 consurgens,deformem
3250 2498 3498 2555 omnino
3529 2500 3659 2555 red-

2011 2590 2116 2655 dit,
2149 2590 2346 2661 potius
2377 2588 2647 2651 dixerim,
2683 2586 2912 2641 subruit
2952 2586 3051 2640 Dei
3092 2586 3438 2652 Ecclesiam,
3471 2604 3659 2659 quam

2011 2681 2137 2752 ipse
2168 2684 2480 2749 assumpta
2505 2676 2874 2731 humanitate
2902 2674 3195 2740 fundavit,
3225 2692 3409 2748 quam
3432 2693 3660 2749 prazco-

2012 2786 2120 2825 nes
2142 2769 2271 2838 ejus
2302 2766 2587 2821 divinitus
2615 2764 2800 2820 afﬂati
2846 2765 3442 2827 circummunierunt.
3472 2783 3660 2839 quam

2013 2863 2307 2928 martyres
2353 2871 2562 2911 cruore
2608 2870 2720 2910 suo
2764 2859 3161 2925 purpuratam
3195 2853 3661 2926 illustraverunt,

2013 2963 2198 3020 quam
2232 2946 2419 3001 sancti
2454 2947 2652 2999 Patres
2675 2949 2965 3014 tanquam
2991 2943 3253 2998 turribus
3276 2944 3355 2999 ad
3384 2946 3664 3003 securita-

2012 3043 2130 3092 tem
2154 3035 2515 3105 comparatis
2537 3032 2853 3097 vallarunt,
2868 3047 3052 3103 quam
3074 3031 3335 3104 denique
3358 3036 3513 3089 Deus
3536 3034 3664 3106 ipse

2014 3134 2071 3183 et
2099 3129 2267 3181 Pater
2295 3126 2355 3179 in
2386 3123 2589 3196 palma
2620 3139 2837 3179 manus
2877 3136 2999 3178 sum
3031 3122 3197 3190 gerit,
3232 3122 3358 3178 Filii
3387 3128 3444 3179 et
3490 3125 3665 3181 Verbi

2016 3218 2104 3271 sui
2150 3214 2441 3284 sanguine
2481 3212 2879 3283 redemptam,
2914 3216 2970 3267 et
3016 3210 3257 3267 divinus
3299 3212 3549 3283 Spiritus
3592 3230 3667 3269 ex

2016 3311 2182 3364 Patre
2207 3302 2586 3359 indicibiliter
2614 3302 2967 3374 procedens,
3001 3301 3155 3356 sicut
3175 3306 3232 3357 et
3262 3302 3520 3358 Verbum
3540 3320 3670 3360 mo-

2016 3397 2096 3452 do
2125 3394 2394 3467 quodam
2426 3410 2461 3449 a
2492 3392 2657 3447 nulla
2699 3391 2928 3446 ratione
2976 3390 3547 3462 comprehendendo
3595 3410 3670 3449 ex

2017 3486 2231 3543 eodem
2267 3487 2431 3540 Patre
2461 3486 2795 3551 generatur.
2830 3483 3047 3537 Contra
3075 3480 3232 3535 hanc
3261 3481 3610 3546 Ecclesiam,
3632 3500 3670 3539 o

2020 3574 2312 3647 grandem
2337 3570 2695 3627 audaciam!
2738 3586 2774 3625 ο
2819 3571 3202 3624 temerariam
3249 3572 3670 3643 praesumptio-

2019 3665 2187 3720 nem!
2214 3661 2582 3736 perniciosus
2602 3659 2697 3714 ille
2718 3659 2934 3731 pedem
2958 3657 3191 3724 extulit;
3210 3664 3511 3715 ettantum
3532 3660 3673 3716 faci-

2021 3770 2137 3809 nus
2170 3752 2430 3819 molitus,
2454 3766 2489 3803 o
2512 3750 2611 3804 Dei
2629 3748 2857 3819 judicia
2882 3748 2893 3801 !
2919 3748 2999 3803 ad
3028 3747 3214 3803 ﬁnem
3238 3749 3405 3820 quod
3429 3749 3673 3807 volebat

2022 3842 2317 3915 perduxit,
2351 3838 2649 3913 quidquid
2708 3837 2911 3894 animo
2962 3836 3261 3893 volutarat
3308 3837 3671 3911 adimplens.

2022 3937 2199 3989 Erant
2230 3948 2372 4001 ergo
2420 3946 2514 3985 res
2564 3934 2784 3984 nostra:
2833 3928 3006 4000 quasi
3063 3943 3334 3999 campus,
3371 3933 3436 3982 ut
3480 3929 3672 3999 ajunt,

2021 4027 2359 4089 ventorum,
2382 4019 2473 4075 vel
2493 4017 2727 4075 arundo
2748 4016 2825 4072 ad
2857 4032 3070 4073 auram
3096 4033 3269 4072 versa
3292 4016 3675 4090 inversaque,

2022 4121 2125 4169 aut
2144 4111 2468 4181 virgultum
2500 4114 2674 4164 tenue
2695 4106 2929 4162 levibus
2953 4122 3024 4161 ac
3068 4105 3355 4162 brevibus
3398 4107 3677 4164 innixum

2020 4202 2343 4267 radicibus,
2379 4206 2436 4255 et
2462 4212 2829 4271 quocunque
2858 4195 3099 4251 libuerit
3128 4196 3315 4251 cuivis
3363 4195 3582 4252 ductile
3621 4202 3678 4254 et

2023 4294 2178 4348 ﬂecti
2204 4289 2703 4361 facile.Equidem
2733 4303 2857 4342 non
2896 4302 3108 4342 omnes
3157 4302 3399 4351 accuso,
3440 4286 3543 4343 sed
3573 4304 3678 4360 po-

2024 4382 2139 4436 tius
2169 4380 2468 4452 plerisque
2499 4377 2857 4433 advocatum
2890 4390 2985 4429 me
3014 4379 3428 4446 opportunum
3467 4374 3674 4442 offero,

2026 4472 2175 4526 sicut
2217 4485 2373 4523 unus
2422 4484 2494 4522 ex
2542 4463 2982 4536 antiquioribus
3028 4462 3194 4518 dixit.
3254 4462 3384 4517 Vidi
3432 4464 3675 4531 etenim,

2024 4560 2145 4615 vidi
2176 4558 2363 4631 (quod
2394 4557 2622 4612 utinam
2655 4570 2775 4609 non
2802 4553 3092 4608 vidissem
3118 4553 3157 4622 ἒ)
3187 4552 3366 4608 etiam
3396 4568 3508 4622 ego
3538 4552 3683 4610 talia

2027 4657 2082 4707 et
2105 4650 2166 4705 in
2199 4648 2419 4704 similia
2449 4652 2745 4717 tempora,
2776 4659 2885 4715 pro
2913 4642 3085 4698 dolor
3110 4642 3122 4696 !
3156 4642 3359 4708 incidi,
3409 4647 3589 4714 atque
3618 4643 3682 4699 in

2024 4745 2263 4796 noctem
2301 4734 2651 4808 hujusmodi
2697 4732 2959 4789 tenebris
2988 4731 3339 4787 obvolutam
3368 4731 3681 4787 incurrens

2026 4830 2284 4901 graviter
2313 4826 2555 4891 offendi,
2580 4822 3129 4880 immedicabilibus
3157 4837 3312 4894 pene
3328 4821 3681 4878 vulneribus

2027 4974 2182 5038 nico,
2216 4989 2252 5027 a
2281 4986 2404 5043 quo
2424 4968 2685 5043 denique
2700 4967 2909 5043 factus
2939 4970 3031 5020 est
3048 4963 3353 5043 logotheta
3382 4964 3542 5043 circa
3560 4980 3683 5043 an_-

2028 5035 2178 5101 num
2212 5035 2365 5099 1291.
2403 5042 2501 5097 Vel
2533 5035 2721 5112 (q—uod
2751 5038 2952 5112 potius
2984 5036 3362 5112 crediderim)
3384 5035 3574 5112 _dolet
3604 5035 3684 5112 ob

2029 5134 2164 5173 eam
2189 5107 2726 5190 divisionequua
2757 5107 2901 5190 sub.
2922 5108 3263 5190 andronico
3319 5107 3687 5188 schismatici

2029 5189 2140 5260 ipsi
2168 5186 2341 5241 divisi
2364 5178 3043 5260 fueruntinlosephitas
3062 5186 3119 5235 et
3137 5178 3516 5260 arsen‘ia‘nos,
3542 5195 3690 5251 quo-

2029 5250 2163 5315 r'um
2196 5260 2255 5313 hi
2289 5256 2572 5319 severius,
2606 5254 2702 5309 isti
2729 5250 3065 5320 benegnius
3094 5252 3191 5320 agi
3239 5250 3519 5306 volebant
3548 5250 3688 5306 eum

2031 5332 2099 5386 iis
2121 5332 2225 5402 qui
2252 5328 2457 5402 unioni
2492 5330 2775 5402 Romapaa
2807 5324 3019 5402 (quam
3042 5323 3294 5402 utrique
3308 5322 3688 5402 detestaban-

2030 5395 2632 5473 tur)'renuntiarant;
2668 5396 2740 5452 de
2786 5395 3020 5473 quibus
3054 5395 3216 5473 idem
3262 5395 3689 5473 Parcbyineres

2030 5465 2201 5548 parte
2231 5490 2289 5537 ιι,
2323 5472 2490 5548 lib._i,
2521 5486 2653 5542 cap.
2685 5465 2841 5548 2t__et
2866 5470 2961 5548 22.
2991 5466 3105 5548 sed
3136 5471 3193 5548 et
3235 5466 3353 5548 alia
3402 5465 3689 5548 deinceps

2014 5537 2359 5605 .schismata
2389 5543 2565 5615 plura
2596 5537 2969 5595 'exstiterunt
3016 5537 3551 5609 Constantinopoli,
3554 5552 3694 5665 ager

2033 5620 2253 5665 iustam
2290 5617 2384 5665 Dei
2409 5613 2884 5665 retributionem.
2917 5615 2982 5665 ut
3015 5626 3126 5665 nec
3173 5610 3462 5665 unionem
3509 5610 3550 5665 h
3637 5624 3694 5665 e-

3637 5624 3694 5665 θ-

2027 5620 2256 5691 justam
2288 5614 2884 5691 Dei’rctributionem,
2911 5615 2984 5691 ut
3015 5626 3126 5691 nec
3173 5614 3462 5691 unionem

2032 5682 2165 5747 rent
2206 5690 2356 5745 inter
2387 5704 2451 5743 se
2485 5686 2591 5759 qui
2638 5682 2927 5741 nolebant
2968 5682 3195 5739 habere
3237 5698 3377 5737 cum
3419 5683 3695 5739 Romana

2034 5762 2317 5820 Ecclesia.
