4484 6446
817 380 923 435 839

2015 359 2475 431 CONSTANTINI
2528 360 2983 430 Αοιιοροιιτιε

4075 380 4180 437 840

820 500 1159 558 confossus.
1190 501 1305 559 Sed
1335 515 1442 558 oro
1471 503 1535 557 ut
1560 499 1900 558 animorum
1928 500 1986 553 et
2014 513 2335 570 corporum
2367 512 2465 553 cu-
2496 494 2545 548 Δ
2582 512 2591 541 τ

2407 512 2465 552 u-
2496 494 2545 548 A
2582 512 2682 546 των
2726 495 2952 564 ἰάσαιτο,
2996 497 3087 546 καί
3140 494 3232 554 τὰς
3289 501 3389 545 τῶν
3446 494 3712 566 μωλὼπων
3769 495 3970 551 ἐκείνων
4026 500 4178 563 οὐλὰς

820 594 982 647 rator
1008 593 1161 646 Deus
1184 590 1497 646 medeatur
1526 589 1690 653 mihi,
1739 588 2110 659 istorumque
2156 585 2468 642 verberum

813 678 1031 735 livores
1060 678 1299 736 aboleat
1320 678 1617 749 benignus
1642 677 1911 733 medicus
1940 680 2279 747 nostrisque
2307 674 2466 730 inﬁr-

816 769 1038 825 mitatis
1065 768 1406 825 misericors
1427 772 1755 841 reparator.
1781 766 1895 823 Sed
1925 764 2188 835 agedum
2224 764 2303 820 ad
2333 779 2468 835 pro-

814 856 949 928 pria
977 861 1305 914 revertatur
1331 857 1523 914 oratio
1548 862 1604 913 et
1645 853 2057 929 superioribus
2105 868 2346 910 rursum
2374 853 2462 909 in-

813 944 1003 1003 sistat.

883 1066 971 1117 22.
1003 1061 1277 1119 Subversi
1295 1063 1517 1120 fuimus
1539 1080 1575 1120 a
1596 1061 1778 1131 malo,
1793 1060 2024 1117 malum
2050 1060 2110 1115 in
2136 1074 2233 1115 res
2249 1057 2459 1114 buma-

807 1166 921 1208 nas
941 1151 1298 1225 divinasque
1318 1158 1649 1227 usurpante
1665 1150 1984 1224 imperium
2010 1168 2021 1205 :
2046 1150 2150 1221 qui
2171 1164 2310 1205 vero
2329 1148 2459 1203 haec

806 1245 1151 1297 restaurans
1172 1241 1249 1298 ad
1271 1243 1588 1315 pristinam
1610 1241 1921 1297 reduceret
1946 1238 2344 1308 integritatem
2367 1237 2457 1293 in-

804 1329 1157 1385 veniebatur
1168 1345 1367 1397 nemo,
1384 1330 1589 1387 omnia
1610 1334 1811 1386 autem
1829 1328 1906 1383 ad
1920 1325 2453 1399 impossibilitatem

804 1416 1412 1490 desperationemque
1433 1424 1762 1474 extremam
1782 1414 2143 1472 reciderant:
2168 1430 2313 1469 nam
2331 1429 2455 1469 ma-

804 1519 959 1575 gnus
978 1507 1255 1571 Joannes,
1275 1507 1378 1577 qui
1399 1511 1521 1562 tam
1551 1505 1804 1561 densam
1839 1502 2158 1575 impietatis
2181 1502 2454 1558 domina-

802 1592 962 1648 tricis
980 1598 1217 1649 noctem
1238 1598 1471 1666 poterat
1495 1593 1853 1659 illuminare,
1887 1592 2108 1647 absens
2130 1592 2191 1646 in
2212 1590 2451 1645 Perside

799 1678 1044 1735 vivebat
1064 1681 1367 1747 Damasci;
1400 1686 1455 1737 et
1476 1681 1579 1753 qui
1601 1696 1737 1736 vere
1759 1684 1963 1735 noster
1984 1684 2110 1734 erat
2126 1693 2448 1748 rerumque

798 1772 1139 1824 nostrarum
1161 1770 1339 1825 etiam
1362 1768 1575 1825 exinde
1600 1768 1875 1841 provisor
1919 1766 2449 1838 circumspectissi-

2581 580 2906 653 ἀπαλείψειεν
2946 584 2971 633 ὁ
3013 582 3371 654 φιλάνθρωπος
3428 580 3682 657 ἀκίστωρ,
3725 590 3814 637 καὶ
3870 595 3961 648 τῆς
3998 590 4175 659 ἡμετέ-

2576 689 2671 743 ρας
2725 670 2993 731 ἀσθενείας
3044 671 3325 743 οἰκτίρμων
3389 672 3728 743 θεραπευτής.
3788 674 3845 726 Ὀ
3903 672 3962 727 δε
4009 675 4174 747 λόγος,

2575 762 2687 831 οἶγε,
2730 770 2829 813 τῶν
2866 766 3126 836 προτέρων
3166 761 3395 833 ἐχέσθω,
3436 767 3525 815 καὶ
3565 762 3854 835 ἐπειλῆφθω
3894 762 4041 827 αὖθις
4078 775 4176 819 τῶν

2573 850 2785 906 ἄνωθεν.

2641 1052 2747 1125 κβ.
2792 1054 3083 1128 Ἀνετράπη
3144 1057 3234 1127 μὲν
3288 1055 3388 1107 ὑπὸ
3441 1063 3533 1107 τοῦ
3591 1064 3755 1108 κακοῦ
3808 1064 3979 1119 κακῶς
4019 1057 4177 1131 βασι-

2568 1140 2842 1204 λεύσαντος
2882 1145 2947 1195 τά
2991 1145 3102 1195 θεῖά
3138 1162 3190 1195 τε
3248 1148 3337 1194 καὶ
3396 1145 3620 1218 ἡμέτερα
3655 1166 3667 1177 ·
3710 1147 3735 1196 ὁ
3777 1142 3826 1197 δ’
3866 1144 4174 1203 ἀναστήσων

2570 1230 2597 1287 ῆ
2660 1229 2965 1305 ἀνορθώσων
3021 1228 3104 1299 ἦν,
3164 1235 3231 1294 ὡς
3289 1235 3431 1303 ἔφην,
3493 1231 3668 1294 οὐδείς
3711 1254 3724 1267 ·
3778 1236 3950 1287 πάντα
4016 1232 4067 1287 δ’
4126 1233 4173 1287 ἓν

2567 1316 2828 1391 ἀμηχανῳ
2866 1322 3224 1387 καθειστήκει,
3265 1326 3353 1372 καὶ
3391 1320 3443 1372 ἐν
3483 1319 3661 1394 ἀπόρῳ
3699 1326 3765 1374 τὰ
3802 1330 3894 1375 τοῦ
3931 1325 4174 1397 πράγμω

2565 1425 2648 1466 τος
2684 1412 3020 1473 κατηντήκει,
3076 1413 3166 1460 καὶ
3218 1412 3283 1460 τά
3339 1417 3437 1469 τῶς
3495 1406 3823 1482 διορθώσεως
3862 1411 4172 1473 ἁπαξαπλῶς

2564 1494 2936 1571 ἀπηγορεύετο.
2978 1498 3034 1549 Ὀ
3072 1501 3173 1570 γὰρ
3225 1506 3317 1557 τῆς
3368 1496 3609 1559 ἀσεϐείας
3667 1504 3904 1572 φωστὴρ,
3946 1503 3971 1551 ὁ
4011 1506 4173 1572 μέγας

2565 1574 2817 1653 Ἰωάννης,
2878 1586 2929 1636 ἐν
2987 1592 3248 1656 Δαμασκῷ
3307 1591 3396 1637 καὶ
3455 1583 3681 1659 Περσίδι
3730 1584 3907 1659 διῆγε,
3964 1592 4052 1639 καὶ
4091 1587 4168 1641 ἐπ’

2562 1670 2863 1733 ἀλλοδαπῆς
2917 1673 3202 1745 ἐτύγχανεν
3260 1676 3327 1724 ὠν
3368 1676 3393 1725 ὁ
3433 1672 3707 1746 ύμεδαπὸς
3765 1675 4015 1741 ἀλιηθῶς,
4079 1683 4169 1730 xui

2558 1768 2656 1810 τῶν
2732 1764 2987 1835 ἡμετέρων
3062 1764 3297 1814 κάκεὶθεν
3372 1758 3615 1834 κηδεμὼν
3700 1762 4165 1836 προμηθέστατος.

797 1858 1028 1928 mus,in
1056 1856 1251 1914 aliena
1288 1857 1778 1914 commorabatur
1797 1856 2058 1929 regione.
2085 1854 2236 1921 Quid
2259 1868 2398 1924 ergo
2418 1854 2445 1907 ?
2476 1854 2516 1907 Β
2557 1856 2568 1877 ’

2396 1854 2445 1907 .?
2476 1854 2516 1907 Β
2557 1849 2719 1902 Ἀλλά
2774 1855 2823 1902 τί
2874 1858 3000 1921 γοῦν
3050 1869 3063 1919 ;
3123 1854 3180 1903 τὸ
3240 1852 3357 1903 καθ’
3422 1854 3578 1903 αὑτὸν
3640 1850 3746 1904 ἐκεῖ
3792 1854 4026 1927 στέρξας,
4068 1864 4167 1907 τῶν

797 1960 875 2001 an
902 1961 1025 2001 suae
1040 1945 1167 2001 istic
1189 1946 1435 2002 studens
1458 1946 1687 2002 utilitati
1695 1962 1819 2017 ,res
1841 1961 1977 2017 quas
1998 1944 2095 2000 hic
2122 1948 2308 2010 erant,
2337 1958 2445 2015 pu-

793 2033 983 2090 blicas
999 2034 1256 2105 neglexit
1278 2036 1306 2091 ?
1328 2035 1562 2091 Minime
1579 2050 1739 2091 vero.
1768 2035 1926 2091 Sicut
1946 2033 2104 2089 enim
2129 2032 2245 2089 loci
2265 2031 2441 2088 alicu-

792 2122 892 2192 jus
912 2123 1195 2192 indigena
1225 2128 1281 2179 et
1322 2128 1556 2180 amator
1591 2124 1653 2179 in
1689 2122 1886 2179 alieno
1914 2122 2266 2178 constitutus
2293 2119 2442 2189 solo,

794 2209 1000 2283 ibique
1016 2212 1269 2283 negotiis
1285 2213 1407 2268 suis
1423 2211 1706 2269 curandis
1723 2211 2058 2279 intendens,
2075 2209 2263 2265 sicubi
2281 2209 2447 2265 intel-

792 2299 1001 2356 lexerit
1018 2317 1112 2357 res
1128 2302 1333 2373 patriae
1351 2306 1563 2374 praeter
1583 2300 1773 2357 animi
1790 2300 1881 2355 sui
1903 2304 2109 2356 votum
2130 2300 2247 2370 agi,
2264 2299 2445 2355 etiam

793 2404 825 2445 e
848 2389 1180 2462 longinquo
1195 2389 1407 2447 iisdem
1430 2390 1686 2446 consulit
1704 2389 1991 2458 studiose,
2011 2404 2135 2444 non
2157 2388 2282 2444 sine
2304 2403 2444 2443 con-

793 2476 1130 2534 turbatione
1152 2482 1333 2551 atque
1357 2479 1651 2535 anxietate
1668 2478 1915 2550 propria
1938 2494 1949 2531 :
1979 2477 2063 2533 sic
2097 2492 2341 2549 quoque
2363 2475 2445 2530 vir

790 2566 886 2622 hic
906 2566 1169 2633 divinus,
1193 2568 1397 2624 animo
1416 2568 1663 2641 quidem
1686 2571 2102 2624 consternatus
2126 2572 2213 2622 est
2242 2566 2443 2622 statim

790 2658 969 2727 atque
996 2655 1055 2710 id
1079 2657 1326 2727 contigit
1354 2661 1409 2713 et
1442 2657 1690 2713 internis
1730 2656 1995 2712 motibus
2029 2654 2439 2721 conturbatus,

787 2748 989 2801 tamen
1015 2746 1254 2802 Domini
1284 2747 1376 2802 sui
1400 2746 1803 2803 liaereditatem
1830 2746 2006 2803 anxie
2032 2762 2271 2813 curans,
2304 2760 2442 2801 con-

787 2834 970 2890 suluit
989 2835 1218 2908 populo
1252 2836 1603 2905 Christiano,
1640 2841 1696 2892 et
1731 2836 2133 2909 frequentium
2164 2835 2441 2908 epistola-

782 2937 919 2978 rum
944 2922 1268 2995 scriptione
1309 2926 1539 2981 curavit
1567 2925 1792 2998 ubique
1821 2924 2104 2980 omnibus
2125 2928 2336 2979 notum
2357 2922 2438 2979 fa-

783 3027 914 3068 cere
935 3027 1219 3082 errorem,
1238 3013 1619 3070 manifestare
1637 3014 2058 3087 corruptelam,
2076 3018 2132 3069 et
2146 3013 2205 3068 in
2223 3013 2440 3068 demis-

782 3118 849 3158 so
867 3103 945 3159 ad
963 3103 1304 3161 animarum
1318 3104 1641 3176 perniciem
1658 3104 1844 3161 homo
1864 3104 2224 3161 occultatam
2238 3119 2438 3159 escam

2554 1935 2685 2009 τῇδε
2741 1944 2831 1990 καὶ
2886 1947 3070 1991 κοινῶν
3137 1939 3516 2011 κατημέλησε;
3561 1940 3759 1993 Πολλοῦ
3817 1962 3877 2013 γε
3932 1948 4022 1995 καὶ
4063 1940 4165 1999 δεῖ.

2553 2034 2637 2088 Ὠς
2673 2030 2773 2103 γάρ
2814 2048 2894 2089 τις
2936 2029 3216 2100 αὐτόχθων
3256 2048 3311 2081 τε
3361 2034 3450 2081 καὶ
3504 2028 3827 2103 φιλόπατρις,
3883 2030 3961 2084 ἐπ’
4016 2031 4170 2084 ἀλλο-

2555 2120 2698 2189 τρίας
2736 2122 3021 2189 γενόμενος,
3063 2122 3153 2170 καὶ
3207 2126 3304 2170 τῶν
3368 2115 3516 2170 ἰδίων
3576 2115 3727 2181 αὖθις
3776 2122 4079 2192 φροντίζων,
4123 2125 4171 2174 εἴ

2554 2224 2663 2266 πως
2721 2203 2788 2263 δὴ
2848 2210 2913 2257 τα
2969 2206 3020 2258 ἐν
3074 2215 3136 2279 τῇ
3191 2203 3410 2280 πατρίδι
3469 2212 3541 2279 μὴ
3603 2210 3671 2269 ὡς
3726 2207 3983 2281 βουλητὸν
4022 2212 4165 2281 ἔχειν

2556 2291 2793 2346 ἀκούσειε
2832 2294 2949 2365 (κᾶν
2988 2298 3132 2367 παρά
3168 2300 3263 2354 τὴν
3303 2294 3527 2369 καρδίαν
3593 2298 3772 2361 πάθοι,
3832 2303 3921 2350 καὶ
3981 2298 4165 2368 σκέψει

2554 2392 2653 2434 τῶν
2708 2383 2969 2457 λογισμῶν
3027 2381 3250 2451 ἐνδοίη),
3305 2384 3406 2437 κάκ
3465 2395 3556 2446 τῆς
3615 2382 3914 2449 ἀλλοδαπῆς
3972 2406 4026 2440 τε
4073 2392 4164 2440 καὶ

2553 2472 2813 2546 πόρρωθεν
2851 2479 2968 2549 περὶ
3005 2482 3103 2525 τῶν
3142 2473 3190 2525 ἐν
3233 2482 3341 2535 τοῖς
3382 2471 3545 2537 ἰδίοις
3585 2474 3645 2526 ἀν
3687 2472 4017 2547 διασκίψατο
4041 2498 4053 2509 ·
4096 2479 4161 2537 ὡς

2555 2557 2613 2614 δε
2670 2568 2759 2613 καὶ
2817 2564 2842 2613 ὁ
2903 2564 3035 2623 θειος
3091 2564 3238 2623 οὗτος
3297 2562 3425 2637 ἀνὴρ
3489 2562 3736 2635 βάλλεται
3791 2570 3885 2623 τὴν
3933 2562 4159 2638 καρδίαν

2552 2650 2744 2702 αὐτίκα
2781 2660 2851 2702 τῶ
2894 2651 3174 2724 συμϐάντι,
3224 2654 3535 2705 παθαίνεται
3591 2658 3686 2711 τὴν
3739 2653 3950 2724 ψυχὴν,
4003 2650 4162 2712 κῆδε-

2550 2758 2637 2791 ται
2675 2748 2765 2791 τοῦ
2808 2742 2944 2793 θείου
2998 2740 3219 2812 λάχους,
3280 2749 3573 2817 προνοεῖται
3631 2750 3723 2794 τοῦ
3778 2748 4157 2817 Χριστωνόμου

2551 2828 2691 2895 λαοῦ,
2725 2836 2811 2882 καὶ
2853 2838 3068 2901 συχνοῖς
3106 2834 3239 2883 πάνυ
3270 2839 3378 2892 τοῖς
3414 2834 3693 2904 γράμμασι
3731 2838 3866 2885 πᾶσι
3904 2841 4152 2903 πανταχῆ

2550 2920 2615 2970 τά
2652 2926 2747 2980 τῆς
2785 2919 2983 2981 πλάνης
3022 2918 3381 2995 ἀναγνωρίςει,
3424 2926 3513 2973 καὶ
3560 2924 3625 2973 τά
3681 2929 3777 2983 τῆς
3834 2924 3999 2993 λύμης
4040 2918 4158 2973 δια-

2552 3015 2721 3079 σαφεῖ,
2790 3011 2845 3060 τὸ
2907 3028 2966 3080 γε
3022 3007 3427 3083 ἐγκεκρυμμένον
3495 3006 3676 3082 δέλεαρ
3744 3019 3815 3080 τῷ
3870 3012 4156 3082 καθιεμένῳ

2549 3099 2683 3148 κατά
2721 3105 2821 3147 τῶν
2860 3097 3052 3169 ψυχῶν
3094 3097 3363 3172 ἀγκίστρῳ
3404 3105 3562 3151 πᾶσιν
3616 3098 3702 3150 ὑπ’
3748 3098 3869 3168 ὄψιν
3908 3100 4025 3169 οἱγει
4064 3103 4155 3151 καὶ

782 3191 895 3247 sub
917 3198 1313 3265 conspectum
1356 3193 1678 3250 adducere.
1732 3196 1899 3250 Forte
1948 3194 2130 3249 etiam
2174 3208 2438 3264 praesens
2477 3209 2553 3265 οι

2382 3208 2438 3248 15
2477 3209 2519 3265 ο
2552 3180 2805 3242 διάδηλον
2843 3188 3052 3243 τίθησι,
3101 3190 3260 3259 Τάχα
3299 3184 3350 3239 δ’
3391 3186 3450 3238 ἆν
3489 3193 3579 3239 καὶ
3618 3192 3728 3248 τοῖς
3769 3184 3949 3240 ἐνθαδί
3990 3188 4153 3261 πρού-

776 3280 1133 3337 intervenire
1159 3282 1347 3338 voluit
1366 3282 1437 3337 iis
1467 3298 1604 3355 quae
1636 3283 1732 3338 hic
1761 3282 2114 3353 agebantur,
2143 3288 2199 3338 et
2218 3282 2436 3338 nostris

778 3370 1222 3427 calamitatibus
1249 3386 1454 3427 coram
1480 3371 1780 3443 opitulari,
1800 3372 2002 3444 ipsum
2024 3374 2319 3427 Ctesarem
2345 3386 2434 3427 re-

775 3459 1131 3531 darguendo
1147 3461 1322 3532 juxta
1350 3466 1706 3517 consuetum
1733 3460 1845 3516 sibi
1884 3460 2097 3530 zelum,
2130 3459 2320 3517 multa
2346 3459 2431 3515 lo-

773 3549 1001 3621 quendi
1018 3548 1285 3605 libertate
1300 3551 1646 3623 praeditum;
1671 3550 1884 3618 zelum,
1900 3550 2171 3622 inquam,
2186 3549 2432 3621 igneum

771 3654 883 3709 pro
903 3638 1041 3708 Deo,
1065 3638 1203 3694 Elite
1234 3638 1463 3705 instar;
1493 3644 1549 3695 et
1588 3640 1978 3712 positajuxta
2000 3639 2375 3694 Psalmistam
2410 3639 2426 3673 ¹

770 3727 1083 3800 iniquitate
1114 3728 1243 3800 ejus
1272 3728 1334 3783 in
1366 3733 1695 3801 conspectu
1729 3729 1877 3799 ejus,
1930 3744 2201 3784 coercere
2243 3728 2429 3800 impe-

770 3819 897 3872 tum
961 3816 1362 3873 multitudinis
1401 3818 1715 3890 imperitze,
1768 3822 1823 3874 et
1874 3824 2172 3890 quatenus
2219 3822 2429 3889 posset

767 3905 968 3978 ipsam
995 3905 1251 3962 erudire.
1288 3908 1706 3963 Verumtamen
1735 3907 1959 3963 absens
1988 3907 2116 3977 (ubi
2139 3911 2340 3962 autem
2371 3910 2427 3962 et

766 3994 1077 4066 quomodo
1103 3994 1369 4051 diximus
1399 3997 1610 4069 supra)
1658 3996 2000 4052 istiusmodi
2046 3997 2423 4069 propositum

764 4098 888 4140 non
918 4088 1152 4157 poterat
1175 4084 1347 4141 facile
1373 4085 1739 4142 exsecutioni
1759 4085 2084 4153 mandare;
2119 4084 2250 4140 aliis
2280 4100 2423 4155 ergo

762 4172 962 4229 modis
985 4172 1251 4229 debitum
1274 4176 1394 4230 Deo
1416 4174 1777 4246 obsequium
1796 4174 2134 4247 persolvere
2151 4174 2419 4246 cupiens,

761 4278 1257 4335 quaquaversum
1290 4278 1431 4319 suas
1457 4263 1669 4319 direxit
1698 4263 2003 4336 epistolas,
2033 4262 2257 4335 quibus
2287 4280 2418 4319 mo-

759 4352 945 4408 nebat
974 4351 1122 4408 ritus
1153 4351 1383 4425 priores
1416 4368 1731 4425 capessere
1763 4358 1819 4408 et
1847 4352 2054 4425 patriis
2082 4351 2316 4421 legibus
2348 4368 2419 4409 ac

759 4440 1150 4512 religionibus
1180 4441 1491 4498 inhaerere.
1518 4444 1633 4497 llas
1664 4446 1863 4498 autem
1893 4441 2174 4514 epistolas
2212 4441 2290 4497 ad
2315 4457 2417 4498 eos

2548 3275 2824 3345 τεθύμητο,
2868 3276 2933 3334 ὡς
2971 3280 3060 3327 καὶ
3099 3277 3398 3347 παράνομον
3439 3272 3698 3347 διελέγξαι
3742 3274 3988 3347 βασιλέα,
4021 3278 4155 3327 κατά

2547 3364 2632 3413 τὸν
2671 3362 2828 3414 πολὺν
2868 3367 2960 3421 τὴν
3000 3363 3299 3438 παρρησίαν
3352 3369 3442 3416 xui
3494 3368 3581 3415 τὸν
3635 3365 3760 3438 ὑπερ
3809 3372 3942 3417 Θεοῦ
3994 3364 4151 3425 ζῆλον

2546 3449 2821 3525 ἐμπύρινον
2888 3452 3063 3505 Ἠλίου
3113 3474 3125 3486 ·
3196 3458 3285 3505 xui
3350 3458 3705 3529 παραστήσας
3757 3456 3947 3523 τούτῳ,
4015 3456 4154 3505 κατὰ

2543 3544 2629 3592 τὸν
2670 3538 2979 3615 Ψαλμῳδὸν,
3022 3548 3115 3601 τὴν
3170 3541 3386 3613 ἀνομίαν
3437 3544 3593 3595 αὑτοῦ
3652 3544 3789 3594 κατά
3844 3548 4145 3616 πρόσωπον,

2542 3636 2661 3682 λαόν
2699 3650 2753 3683 τε
2792 3629 3034 3683 ἀσύνετον
3090 3634 3425 3700 νουθετῆσαι,
3486 3637 3575 3684 xui
3624 3634 3692 3693 ὡς
3728 3631 3835 3684 ἐνὸν
3875 3628 4150 3702 παιδαγω-

2540 3728 2707 3790 γῆσαι
2759 3725 2849 3772 καὶ
2908 3718 3329 3793 διορθωσασθαι.
3392 3720 3530 3774 Ἀλλ’
3587 3719 3729 3773 ἀπὼν
3779 3723 3903 3791 (ὅπη
3960 3718 4020 3773 δε
4058 3727 4149 3773 καὶ

2540 3812 2674 3883 ὅπως
2714 3806 3213 3882 προδεδηλώκαμεν)
3272 3811 3365 3863 οὐκ
3423 3812 3886 3884 εὐμεταχείριστον
3934 3806 4047 3881 εἶχε
4087 3815 4145 3862 τό

2537 3902 2671 3950 κατά
2734 3901 2999 3971 πρόθεσιν.
3047 3905 3245 3952 Τούτου
3305 3908 3427 3971 γοῦν
3485 3900 3631 3952 ἕνεκα
3690 3904 3905 3972 τρόποις
3969 3898 4143 3961 οῦλοις

2538 3988 2841 4047 ἀποπλῆσαι
2881 3998 2994 4059 Θεῷ
3033 3993 3096 4041 τὰ
3147 3999 3238 4051 τῆς
3288 3989 3489 4062 ὀφειλῆς
3547 3986 3930 4042 διεσπούδακεν
3964 4010 3978 4023 ·
4020 3987 4142 4061 ἀμέ-

2534 4076 2608 4129 λει
2645 4084 2734 4130 xui
2771 4081 2976 4151 γραφὰς
3014 4081 3296 4150 ἁπανταχῆ
3340 4084 3623 4152 πέπομφεν,
3668 4076 4052 4131 ἀντιποιεῖσθαί
4086 4098 4139 4131 τε

2532 4176 2631 4218 τῶν
2671 4172 2929 4242 προτέρων
2970 4166 3343 4229 ἑπιταττούσας
3382 4168 3525 4239 ἐθῶν,
3568 4173 3685 4219 καὶ
3716 4176 3816 4219 τῶν
3873 4177 4137 4242 πατρικῶν

2535 4258 2736 4328 θεσμῶν
2771 4261 2859 4308 καὶ
2900 4258 3045 4309 θείων
3085 4256 3361 4329 ἐξέχεε-θαι
3412 4278 3425 4292 ·
3466 4256 3527 4319 ἃς
3587 4253 3653 4314 δὴ
3706 4262 3796 4308 καὶ
3833 4258 3968 4309 πάνυ
4008 4257 4136 4309 πολ-

2529 4344 2617 4407 λάς
2653 4354 2757 4407 τοῖς
2804 4346 3025 4399 ἐνταῦθα
3074 4344 3383 4421 διέσπειρεν,
3433 4344 3655 4419 ἀφειδῶς
3708 4348 3842 4399 πάνυ
3898 4366 4138 4399 καταπυ-

2528 4442 2750 4507 κνώσας,
2793 4441 2882 4489 καὶ
2924 4434 3163 4506 δαψιλῶς
3219 4439 3351 4508 οἰγαν
3410 4434 3803 4511 διασκορπίσας
3852 4440 4133 4498 τοσαύτας.

757 4529 986 4623 qui‘bic
1010 4529 1314 4623 degebant
1338 4530 1579 4587 mittens
1610 4530 1833 4587 multas
1872 4547 1942 4587 ac
1980 4531 2099 4623 fere
2134 4530 2416 4623 innume-
2447 4567 2493 4623 Β

2361 4547 2416 4587 g-
2447 4567 2493 4623 D
2532 4531 2633 4578 Kui
2670 4528 2791 4601 γὰρ,
2847 4528 2915 4587 ὡς
2970 4530 3058 4578 καὶ
3117 4531 3445 4600 κρυπτόντων
3493 4535 3593 4578 τῶν
3652 4525 4132 4598 ἀναλαμϐανόντων,

756 4618 977 4675 rabiles
1006 4620 1309 4692 (quamvis
1338 4635 1441 4676 eas
1472 4624 1835 4677 conarentur
1883 4619 2149 4677 occultas
2191 4619 2417 4677 habere

754 4710 859 4783 qui
891 4709 1283 4783 recipiebant)
1312 4726 1435 4769 non
1470 4712 1662 4784 potuit
1686 4711 2067 4785 evitare,quo
2096 4712 2299 4768 minus
2316 4727 2414 4767 ve-

753 4798 951 4855 nirent
980 4799 1041 4856 in
1076 4799 1353 4857 notitiam
1404 4800 1805 4873 imperatoris,
1853 4800 2104 4873 ejusque
2150 4800 2417 4858 furorem

754 4889 1047 4947 adversus
1080 4890 1417 4964 sapientem
1448 4890 1708 4949 scribam
1738 4891 2095 4949 suscitarent
2124 4895 2177 4948 et
2208 4896 2417 4949 contra

753 4994 1118 5051 generosum
1138 4980 1526 5054 palaestritam
1548 4981 1957 5048 incenderent,
1972 4980 2415 5055 suaderentque

750 5067 1150 5128 fraudulentis
1201 5068 1357 5128 dolis
1392 5088 1531 5129 eum
1580 5070 1840 5129 adoriri:
1882 5068 2051 5144 quod
2101 5072 2414 5143 quomodo

750 5164 953 5217 actum
980 5160 1074 5230 sit,
1092 5160 1230 5219 licet
1251 5160 1510 5220 breviter
1536 5161 1835 5235 explicare
1856 5161 2413 5234 coeperimus,nunc

747 5250 965 5309 iterum
995 5250 1270 5310 dicemus
1299 5252 1660 5311 distinctius.

820 5389 909 5443 23.
935 5386 1071 5444 Erat
1104 5386 1174 5456 is,
1200 5391 1265 5444 ut
1289 5386 1435 5459 dixi,
1468 5389 1583 5445 Leo
1616 5387 1935 5454 Isauricus,
1981 5386 2283 5444 belluinus
2312 5382 2411 5444 ille

745 5475 995 5551 quidem
1024 5481 1082 5534 et
1105 5477 1433 5536 iracundiae
1462 5477 1718 5536 modum
1748 5478 1982 5535 nullum
2008 5494 2266 5553 ponens,
2284 5493 2409 5534 non

746 5572 949 5628 tamen
992 5586 1189 5643 usque
1236 5569 1391 5627 adeo
1442 5570 1745 5644 leoninus,
1796 5574 1861 5629 ut
1912 5568 2115 5645 palam
2163 5568 2410 5629 auderet

816 5740 834 5779 ί
882 5735 1035 5803 Psal.
1070 5760 1286 5805 Lxxxix
1309 5738 1362 5804 8.

2528 4620 2617 4668 xui
2667 4612 2760 4669 διὰ
2823 4615 3013 4669 πολλοῦ
3076 4620 3133 4668 τὸ
3208 4616 3380 4669 λαθεῖν
3441 4617 3737 4688 τιθεμένων,
3810 4615 4135 4687 (συμϐαίνει)

2526 4708 2827 4778 γνωσθῆναί
2867 4724 2923 4759 τε
2961 4714 3032 4777 τῷ
3073 4704 3287 4778 βασιλεῖ
3322 4705 3415 4758 xui
3450 4708 3587 4758 κατά
3624 4713 3716 4758 τοῦ
3759 4712 3921 4777 σοφοῦ
3958 4723 4133 4778 γραμ-

2525 4799 2724 4869 ματέως
2762 4794 3003 4869 ὰμῆναί,
3044 4799 3135 4848 καὶ
3172 4797 3310 4849 κατὰ
3347 4802 3441 4848 τοῦ
3477 4800 3713 4867 γενναίου
3746 4793 3989 4847 ἀλείπτου
4017 4790 4136 4846 διαο

2525 4885 2710 4957 νάψαι,
2732 4890 2822 4939 καὶ
2851 4882 3082 4961 δολεροίς
3110 4884 3392 4940 ἀναπεῖσαι
3417 4894 3865 4960 κατεπιχιιρῆσαι
3892 4892 3995 4945 τοῖς
4016 4888 4131 4958 τρό-

2525 4995 2642 5039 ποις
2676 4997 2688 5011 ο
2719 4978 2896 5031 ὁποῖον
2929 4973 3096 5051 δήπερ
3128 4975 3395 5046 ἕκείνοι,εἱ
3418 4981 3509 5030 καὶ
3542 4973 3635 5030 διὰ
3668 4973 3937 5052 βραχέων,
3967 4969 4130 5032 δεδη-

2522 5066 2742 5131 λωκότες
2770 5069 3101 5141 πεφθάκαμεν
3114 5112 3126 5126 ,

2592 5360 2694 5437 κγ’.
2737 5350 3022 5437 Θηριώδης
3060 5356 3150 5436 μεν
3188 5359 3312 5437 γὰρ,
3353 5363 3444 5415 καὶ
3485 5362 3578 5420 τήν
3629 5352 3789 5435 ὀργὴν
3830 5352 4129 5433 ἀκατάσχε-

2519 5474 2628 5526 τος,
2671 5453 2777 5507 ἀλλ’
2817 5455 2945 5528 οὐχὶ
2982 5459 3072 5507 καὶ
3110 5452 3270 5507 τᾶλλα
3302 5447 3591 5513 λεοντὼδης
3629 5449 3728 5504 κάκ
3772 5458 3867 5504 τοῦ
3910 5457 4127 5525 φανεροῦ

2439 5578 2448 5589 -
2516 5551 2608 5607 τὴν
2670 5546 2854 5619 μάχην
2919 5544 3279 5619 κατατολμῶν,
3336 5545 3360 5596 ὁ
3430 5542 3675 5616 Ἰσαυρος
3737 5542 3805 5594 ὧν
3871 5540 4129 5615 ἐτύγχανε
