4484 6446
301 374 400 435 8H

1509 369 1579 434 IN
1619 378 1676 436 S.
1714 370 1911 438 JOAN.
1948 368 2449 435 DAHASCENUI.

3554 379 3659 436 842

296 503 442 554 Δίων
468 519 483 534 ·
520 498 784 563 ἀλώπεκος
809 496 868 553 δε
883 501 1076 553 κεύθων
1126 496 1186 559 ἦν
1234 504 1473 576 τρόπους,
1519 506 1608 554 καὶ
1656 504 1727 565 ὡς
1768 500 1899 560 ἀληο
1932 503 1981 557 Α
2009 515 2067 573 pl

1884 532 1899 544 -
1932 503 1981 557 Α
2009 498 2250 573 prodire
2289 497 2369 553 ad
2405 510 2699 571 pugnam;
2742 494 2849 554 sed
2885 495 3117 569 vulpini
3178 497 3361 554 moris
3398 500 3655 558 multum

295 591 399 652 θῶς
427 591 528 643 ὑπό
553 590 726 662 λεοντῇ
781 598 842 662 τῇ
903 588 1153 662 Βασιλικῇ
1192 596 1282 642 καὶ
1332 590 1579 664 φρικαλίᾳ
1620 592 1771 665 στολῇ
1806 597 1899 650 τὴν

292 673 508 753 δολεράν
538 697 591 731 τε
636 683 728 731 καὶ
775 679 961 750 ἄτιμον
1015 677 1282 738 ἀλωπεκῆν
1316 680 1652 754 περιίστελλε.
1719 686 1900 751 Λυττᾲ

287 775 414 838 γοῦν
442 769 577 820 κατά
605 775 696 821 τοῦ
745 766 919 839 ἁγίου,
975 766 1019 819 εἰ
1071 769 1178 819 οἶον
1230 786 1284 821 τε
1341 764 1757 843 διαχρήσασθαι
1818 768 1895 821 ἕκ-

286 862 483 925 μανεις,
517 856 547 914 ἦ
591 854 779 927 μᾶλλον
834 852 1158 925 διασπάσαι,
1189 862 1274 909 καὶ
1326 856 1569 928 ὠμότατοι
1598 862 1692 916 τήν
1748 861 1894 929 γένυν

287 942 523 1016 ἰμϐάψαι
561 952 633 1014 τῷ
662 946 865 1017 αἵματι,
906 950 996 997 καὶ
1046 946 1205 1019 θηρός
1236 941 1391 1002 δίκην
1446 949 1530 998 τόν
1586 952 1749 1021 πρᾶον
1804 966 1895 998 κα-

286 1032 753 1107 ταϐροχθίσασθαι
786 1054 798 1066 ·
852 1032 947 1085 οὐκ
977 1036 1113 1104 ἔχων
1142 1030 1193 1085 δ’
1233 1035 1259 1086 ὅ
1305 1053 1355 1086 τι
1384 1038 1472 1087 καὶ
1507 1031 1766 1108 δράσειεν,
1808 1033 1891 1087 ἐπὶ

288 1126 384 1180 την
431 1124 631 1181 συνήθη
714 1127 1035 1197 κακουργίαν
1088 1130 1273 1197 χωρεῖ.
1338 1127 1439 1175 Καί
1484 1130 1606 1194 γοῦν
1681 1127 1892 1195 συνάγει

289 1214 413 1272 τοὺς
470 1212 926 1284 ὑπογραμματεῖς,
1000 1214 1194 1272 πάντας

294 1304 631 1372 ⁴ῡαρισαῑκιιῖις
682 1301 816 1351 κατά
901 1308 997 1361 τῆς
1075 1298 1321 1360 ἀληθείας

1268 1231 1320 1264 τε
1395 1220 1740 1287 γραμματεῖς,
1800 1218 1890 1264 καὶ

1403 1300 1885 1374 τραχηλιάσαντας,

290 1384 400 1439 εἷπε
424 1407 504 1449 τις
563 1386 623 1438 ἀν
673 1386 915 1453 ἐκείνους,
974 1392 1062 1439 καὶ
1114 1396 1208 1446 τῆν
1259 1393 1444 1449 κακίας
1487 1387 1889 1462 ἀκριϐεστάτους

282 1482 500 1549 γραφεῖς

283 1583 373 1616 ται
403 1562 729 1635 βουλευταῖς,
761 1570 850 1617 καὶ
892 1567 1028 1617 κατά
1080 1574 1171 1626 τῆς
1209 1568 1433 1639 χάριτος
1464 1569 1585 1619 Υὶοῡ
1627 1574 1759 1619 Θεοῦ
1800 1573 1889 1620 καί

285 1660 524 1727 Χριστοῦ
583 1659 778 1727 Κυρίου
826 1652 1150 1726 βουλεύεται,
1208 1658 1270 1715 ὡς
1310 1652 1545 1728 Ἠρωδης
1602 1655 1751 1717 ἀλλος
1800 1662 1887 1709 καὶ

284 1741 441 1802 αὐτός
521 1740 756 1813 ὶκμανείς
807 1762 819 1775 ο

554 1496 567 1509 ο
620 1480 711 1528 καὶ
747 1473 813 1532 δὴ
865 1480 957 1528 συν
1008 1484 1114 1537 τοῖς
1162 1476 1389 1548 ἰαλέμοις
1441 1480 1648 1538 ἐκείνοις
1680 1483 1890 1531 σκέπτεο

874 1742 1007 1801 πλὴν
1089 1744 1173 1795 ἕνα
1230 1750 1318 1795 καὶ
1376 1743 1561 1795 τέλειον
1628 1742 1887 1816 σφαδάζει

282 1839 465 1883 τοῦτον
528 1828 991 1904 διαχειρίσασθαι,
1070 1830 1346 1893 πλείστους
1396 1831 1579 1895 ἄλλους
1638 1830 1886 1905 περιιδὼν

282 1915 566 1982 νηπιώδεις
623 1920 712 1973 ἅτε
767 1924 947 1993 κρίνας
1017 1925 1105 1972 καὶ
1166 1918 1371 1981 ἀτελεῖς.
1452 1920 1575 1974 Ἕνα
1643 1927 1730 1974 καὶ
1786 1926 1884 1999 γάρ

281 2016 465 2061 τοῦτον
516 2011 721 2062 πάντων
769 2008 969 2061 ίκείνων
1041 2008 1285 2067 ἀλείπτην
1348 2008 1577 2081 ἐγνώκει,
1627 2016 1715 2063 καὶ
1758 2018 1887 2086 πρὸς

284 2096 393 2158 ἑνός
422 2094 543 2170 ᾔδει
589 2102 683 2156 τὴν
739 2100 923 2170 μάχην
973 2094 1187 2150 δέσοιντι
1234 2100 1564 2173 παράτακτον
1618 2098 1885 2171 ἐσχηκώς.

284 2188 545 2239 Μανθάνει
596 2192 770 2259 μέντοι
822 2189 965 2260 παρά
1012 2189 1211 2239 πάντων
1262 2186 1451 2248 ἐπίσης
1502 2191 1559 2239 τό
1590 2190 1724 2240 κατὰ
1763 2192 1861 2241 πάν

282 2293 383 2326 των
436 2279 551 2349 περὶ
587 2275 772 2347 λόγους
802 2283 962 2328 αυτοῦ
1010 2278 1222 2348 κράτος,
1270 2280 1362 2333 τὴν
1422 2275 1468 2327 ἐν
1513 2275 1687 2347 λόγοις
1738 2274 1885 2352 διαρ-

282 2361 457 2438 pitius
512 2363 981 2437 ἀνωμολογηκότων
1058 2365 1240 2436 ἰσχὺν,
1300 2368 1386 2416 καὶ
1438 2370 1530 2423 την
1594 2370 1725 2441 πρὸς
1799 2371 1885 2419 τόν

283 2450 457 2529 ἄνδρα
513 2450 604 2506 διά
652 2453 805 2525 λόγου
858 2454 1027 2513 πάλην
1087 2462 1231 2526 κοινῇ
1289 2452 1645 2529 ἀπειρηκότων
1695 2463 1831 2528 φωνῇ
1868 2477 1881 2489 -

286 2548 378 2595 καὶ
407 2540 539 2615 μηδ’
569 2545 630 2595 οἰν
660 2563 780 2597 ποτε
829 2542 884 2596 ἐκ
921 2551 1013 2596 τοῦ
1044 2552 1260 2616 φανεροῦ
1289 2548 1638 2616 κατισχύσειν
1666 2540 1886 2618 διισχυ-

282 2636 577 2705 ρισαμίνων
633 2635 701 2684 τά
751 2631 944 2685 ἐκείνου
990 2632 1243 2686 ἀναλῦσαι
1292 2636 1706 2707 συγγράμματα,
1761 2655 1888 2687 παν-

285 2730 431 2793 ταχῆ
483 2741 538 2774 τε
588 2719 968 2798 διασπαρέντα,
1017 2727 1106 2775 καὶ
1159 2722 1347 2784 πολλῆς
1400 2726 1475 2776 ὃτι
1530 2733 1625 2786 τῆς
1676 2726 1886 2789 πειθοῦς

282 2811 367 2882 (οὐ
410 2813 510 2884 γὰρ
563 2810 809 2873 ἀληθείας
896 2811 1075 2870 ἤθελον
1163 2810 1351 2884 λέγειν)
1427 2813 1598 2886 πλήρη
1678 2816 1885 2886 τυγχά-

281 2919 450 2953 νοντα.

357 3073 459 3134 κδ’.
490 3083 616 3131 Τότε
655 3074 723 3137 δὴ
769 3076 948 3131 λοιπόν
1004 3081 1268 3153 τύραννος,
1308 3080 1373 3139 ὡς
1422 3081 1626 3132 πάντων
1676 3079 1889 3155 ἀπειρή-

282 3186 381 3233 κει,
429 3165 477 3219 ἐν
518 3170 701 3219 ἑαυτοῦ
745 3172 964 3239 γίνεται,
1026 3172 1116 3220 καὶ
1180 3176 1289 3230 τοῖς
1341 3168 1552 3232 οἰκείοις
1627 3169 1888 3246 ὶπιτρίπει

283 3255 557 3328 λογισμοῖς
592 3259 657 3309 τὰ
721 3264 811 3317 τῆς
871 3256 1101 3327 σκέψεως
1133 3278 1145 3291 ο
1181 3262 1270 3309 καὶ
1321 3256 1523 3330 ἀθρεῖτε
1589 3264 1888 3333 ποριμωτά-

283 3364 382 3407 της
441 3348 572 3419 πρὸς
626 3349 684 3398 τό
745 3350 903 3398 κακόν
955 3348 1154 3419 φύσεως
1230 3343 1499 3419 δαιμόνιον
1559 3352 1627 3409 ὡς
1688 3347 1888 3413 ἀληθῶς

284 3436 493 3509 εὕρεμα.
554 3437 875 3509 Προστάττει
929 3435 1163 3496 ζητῆσαι
1228 3444 1325 3488 τῶν
1388 3435 1672 3490 ἱπιστολών
1729 3440 1890 3493 αὑτοῦ

282 3528 430 3594 μίαν,
486 3528 575 3575 καὶ
624 3520 718 3576 διά
763 3523 1009 3576 πλείστου
1064 3528 1129 3585 ὡς
1210 3526 1453 3597 εὑρέσθαι
1536 3530 1886 3596 ποιήσασθαί,

287 3608 452 3664 ἱδίαιν
493 3609 552 3665 δε
606 3612 746 3691 α’ξτῷ
805 3609 1276 3688 διαχαραχθεῖσαν
1323 3623 1521 3688 χεροῖν.
1559 3621 1660 3669 Καὶ
1688 3624 1813 3688 γοῦν
1842 3619 1890 3671 οἱ

285 3700 539 3775 ἀνθρώπῳ
586 3700 767 3755 ἐκεῖνοι
797 3707 886 3754 καὶ
924 3708 993 3775 μη
1030 3712 1144 3774 Θεῷ
1204 3702 1439 3778 ἀρέσκειν
1499 3701 1593 3758 διά
1649 3704 1889 3771 σπουδῆς

284 3792 513 3861 ἷχοντες,
570 3792 638 3841 ὧν
684 3794 874 3843 καὶτά
926 3791 1060 3844 ὀστᾶ
1109 3788 1480 3866 διεσκόρπισεν
1530 3795 1556 3845 ό
1606 3799 1754 3863 Θεὸς,
1802 3800 1891 3848 καὶ

284 3880 355 3930 ὧν
428 3879 539 3952 μετ’
597 3882 738 3951 ἤχου
818 3884 874 3933 τὸ
943 3885 1275 3953 μνημόσυνον
1337 3882 1511 3945 ὤλετο,
1573 3882 1891 3944 ἐζητὴκασιν

284 3970 562 4044 εὑρήκασι,
620 3964 869 4042 δρομαίοι
951 3974 1429 4044 προσενηνόχασιν.
1480 3972 1539 4025 Ὀ
1605 3970 1657 4025 δ’
1715 3977 1888 4051 ὥσπερ

286 4057 500 4133 ἐρμαίου
552 4056 854 4129 λαϐόμενος,
912 4067 1013 4110 τῶν
1071 4078 1173 4111 τινι
1224 4068 1391 4112 ταῦτα
1452 4058 1652 4124 δεξιῶν,
1708 4066 1771 4116 Εἰ
1809 4083 1889 4135 γε,

287 4152 438 4220 φησὶ,
496 4143 776 4209 δυνηθείης
810 4146 1258 4221 ἀπομιμήσασθαι
1289 4155 1383 4207 τὴν
1425 4147 1566 4203 ἰδίαν
1606 4160 1700 4214 τῆς
1729 4161 1820 4204 τοῦ
1842 4152 1890 4205 ἐν

284 4244 348 4308 τῇ
398 4241 670 4309 Δαμασκῷ
730 4236 965 4289 Ἰωάννοτ
1015 4246 1218 4312 γραφῆς
1304 4240 1565 4308 (Ἰωάννου
1610 4240 1742 4312 λέγω
1798 4250 1890 4293 τοῦ

283 4333 378 4378 τοῦ
408 4329 685 4398 Μανσοὺρ,
730 4327 784 4377 ὃν
842 4322 1010 4379 δεινόν
1047 4325 1281 4381 κάκεῖθεν
1322 4325 1465 4387 ἦσθα
1503 4337 1603 4381 τῶν
1630 4331 1889 4404 ἡμετέρων

285 4413 477 4488 ἐχθρόν
504 4420 593 4467 καὶ
639 4414 905 4489 πολέμιον)
944 4421 1149 4470 καὶτὸν
1202 4426 1300 4469 τῶν
1354 4421 1674 4491 γράμμάτων
1731 4422 1889 4472 τύπον

284 4503 766 4578 ἐξακριεῖὡσασθαι,
823 4506 1049 4578 μεγάλην
1116 4510 1325 4579 εἴσομαί
1407 4527 1491 4559 σοι
1550 4514 1645 4567 τὴν
1704 4512 1887 4582 χάριν,

2008 603 2253 661 quoque
2284 586 2536 652 habens,
2574 587 2687 641 sub
2715 586 2879 656 regia
2917 602 2986 641 ac
3017 585 3261 642 leonina
3307 593 3364 643 et
3404 589 3647 645 terribili

2009 677 2205 748 specie
2235 674 2543 748 vulpinam
2576 674 2876 747 vilemque
2894 680 2952 731 et
2986 674 3429 732 fraudulentam
3461 678 3654 734 occui-

2007 763 2171 821 tabat
2191 769 2473 820 mentem.
2507 762 2668 819 Furit
2704 778 2848 835 ergo
2890 768 3100 819 contra
3147 768 3443 831 sanctum,
3496 768 3649 823 occi-

2004 851 2145 908 dere
2183 868 2343 919 eum,
2386 853 2435 907 si
2476 851 2685 924 possit,
2727 856 2831 907 aut
2874 851 3072 907 verius
3126 851 3355 908 laniare
3407 853 3657 926 cupiens

2005 946 2399 1013 cruentasque
2452 940 2727 996 maxillas
2796 940 3089 1011 sanguine
3128 942 3260 1013 ejus
3306 943 3550 1013 tingere,
3601 949 3659 1001 et

2002 1031 2559 1086 mansuetissimum
2585 1030 2781 1085 virum
2814 1030 3001 1085 ferino
3033 1045 3198 1085 more
3226 1046 3413 1102 quam
3440 1032 3655 1088 crude-

2000 1118 2225 1175 lissime
2241 1120 2528 1175 devorare
2564 1140 2576 1174 :
2608 1118 2713 1174 sed
2753 1134 2873 1174 non
2900 1119 3209 1174 inveniens
3248 1121 3558 1192 quomodo
3584 1121 3645 1177 id

2002 1209 2325 1280 perﬁceret,
2352 1208 2430 1265 ad
2477 1206 2829 1263 familiarem
2876 1206 2987 1262 sibi
3025 1207 3319 1263 vafritiem
3362 1211 3650 1266 converti-

2002 1303 2118 1353 tur.
2162 1297 2392 1354 Coactis
2420 1296 2825 1368 undequaque
2858 1295 3220 1351 subnotariis
3264 1298 3652 1371 notariisque,

1998 1386 2336 1441 Pharisaice
2367 1392 2575 1440 contra
2595 1384 2901 1439 veritatem
2935 1384 3245 1453 insurgere
3262 1384 3647 1454 audentibus,

1998 1490 2154 1545 quos
2186 1474 2401 1547 aliquis
2418 1472 2581 1529 haud
2612 1473 2809 1544 inepte
2835 1472 3048 1527 dixerit
3072 1472 3398 1544 iniquitatis
3448 1490 3651 1546 exper-

1998 1563 2259 1618 tissimos
2277 1562 2523 1627 scribas;
2553 1578 2691 1616 cum
2720 1561 2964 1633 perditis
2988 1560 3101 1616 illis
3122 1560 3494 1629 consiliariis,
3510 1580 3650 1620 con-

1997 1656 2088 1708 tra
2123 1652 2375 1721 gratiam
2400 1650 2518 1707 Filii
2555 1650 2655 1705 Dei
2688 1655 2738 1705 et
2770 1649 3067 1705 Christum
3103 1651 3336 1705 Domini
3363 1650 3650 1711 delibera-

1997 1742 2220 1796 tionem
2268 1740 2535 1810 instituit,
2599 1744 2889 1810 tanquam
2948 1738 3209 1794 Herodes
3253 1738 3400 1795 alter
3443 1743 3647 1809 etiam,

1997 1829 2121 1902 ipse
2150 1829 2455 1884 insaniens
2489 1847 2500 1883 :
2538 1827 2878 1899 multosque
2908 1827 3264 1899 despiciens,
3316 1828 3493 1885 veluti
3518 1846 3651 1903 par-

1998 1918 2167 1974 vulos
2206 1924 2387 1991 atque
2437 1915 2706 1972 imbelles
2761 1916 3001 1984 angitur
3052 1916 3278 1986 animo,
3335 1922 3399 1973 ut
3457 1935 3648 1976 unum

1997 2007 2399 2073 illum,v1rum
2430 2008 2633 2079 utique
2669 2004 3022 2078 perfectum,
3070 2006 3402 2063 interﬁciat.
3456 2011 3649 2066 Unum

1998 2096 2295 2169 siquidem
2317 2094 2750 2150 illumnoverat
2796 2100 3148 2150 casterorum
3196 2096 3469 2151 omnium
3519 2114 3650 2154 esse

1997 2184 2412 2239 instructorem
2439 2183 2516 2237 ad
2546 2182 2793 2249 luctam,
2826 2187 2881 2238 et
2908 2198 3047 2239 cum
3071 2199 3192 2237 uno
3244 2184 3357 2238 sibi
3397 2199 3644 2254 congre-

1996 2274 2285 2329 diendum
2317 2273 2541 2328 sciebat
2570 2273 2647 2328 ad
2679 2287 2947 2345 pugnam
2984 2274 3388 2345 paratissimo.
3440 2276 3651 2333 Intelli-

1998 2363 2175 2432 gebat
2203 2363 2361 2417 enim
2394 2379 2463 2417 ex
2495 2361 2777 2418 concordi
2842 2362 3114 2417 omnium
3175 2362 3461 2418 relatione
3525 2366 3648 2422 vim

1996 2456 2175 2524 atque
2202 2450 2532 2524 potentiam
2560 2464 2906 2506 sermonum
2939 2450 3069 2521 ejus
3099 2456 3309 2507 contra
3336 2452 3649 2511 universos

1994 2541 2099 2613 qui
2128 2541 2327 2612 palam
2358 2555 2570 2596 omnes
2597 2539 3057 2607 conﬁtebantur,
3105 2541 3270 2613 quod
3300 2557 3423 2597 non
3467 2544 3648 2601 aude.

1994 2636 2125 2686 rent
2147 2646 2284 2685 cum
2307 2629 2550 2685 homine
2599 2628 2884 2698 congredi
2925 2628 3315 2701 disputando,
3367 2631 3649 2704 despera-

1995 2718 2143 2775 bant
2174 2723 2373 2774 autem
2401 2716 2566 2790 quod
2598 2718 2728 2787 ejus
2753 2718 2973 2788 scripta
2994 2723 3241 2789 possent
3262 2718 3521 2791 abolere,
3560 2728 3647 2779 ut-

1998 2812 2133 2880 pote
2181 2808 2309 2879 jam
2333 2806 2560 2879 ubique
2618 2806 2915 2878 dispersa,
2967 2806 3345 2880 multumque
3396 2826 3641 2882 persua-

1998 2898 2182 2954 sionis
2221 2901 2350 2969 (nec
2403 2898 2565 2953 enim
2618 2896 2901 2953 volebant
2952 2896 3149 2953 dicere
3203 2900 3486 2972 veritatis)
3535 2903 3642 2961 ha-

1996 2987 2218 3044 bentia.

2066 3080 2323 3134 24.Tunc
2350 3080 2641 3151 tyrannus
2661 3074 2790 3133 aliis
2802 3076 3056 3131 diffusus
3081 3077 3365 3135 omnibus
3388 3083 3569 3154 atque
3590 3082 3651 3138 in

1998 3166 2263 3240 seipsum
2288 3181 2637 3234 conversus,
2661 3164 3065 3235 cognitionem
3104 3168 3361 3239 propriis
3381 3170 3652 3227 commit-

2000 3259 2065 3314 tit
2092 3254 2576 3327 cogitationibus,
2617 3259 2672 3309 et
2694 3253 2917 3323 ingenii
2960 3254 3039 3310 ad
3087 3255 3318 3313 malum
3348 3258 3654 3317 vaferrimi

2000 3346 2551 3404 machinamentum
2574 3358 2710 3400 vere
2741 3342 3108 3401 diabolicum
3130 3348 3364 3419 reperit.
3397 3350 3657 3422 Imperat

2000 3435 2387 3511 epistolarum
2414 3434 2659 3490 Joannis
2674 3448 2859 3488 unam
2889 3432 3156 3506 aliquam
3178 3436 3421 3508 requiri,
3458 3439 3655 3497 studio

2000 3530 2470 3598 quantocunque
2501 3521 2792 3587 adhibito,
2852 3521 2959 3578 sed
3010 3522 3324 3596 epistolam
3375 3532 3652 3599 autogra-

2003 3615 2209 3689 pham:
2236 3611 2484 3668 ministri
2513 3626 2651 3667 vero
2680 3610 2834 3681 ejus,
2866 3610 2969 3682 qui
2996 3625 3119 3666 non
3145 3614 3262 3668 Deo
3288 3614 3392 3670 sed
3423 3614 3656 3675 homini

2003 3704 2237 3778 placere
2266 3700 2633 3767 nitebantur,
2666 3714 2925 3771 quorum
2952 3714 3094 3757 ossa
3112 3700 3401 3774 dispersit
3424 3706 3577 3762 Deus
3598 3713 3656 3765 et

2001 3809 2262 3867 quorum
2294 3791 2587 3846 memoria
2618 3805 2755 3844 cum
2800 3789 2998 3845 sonitu
3051 3791 3241 3862 periit,
3290 3795 3656 3867 perquisive-

2001 3886 2159 3950 runt,
2210 3880 2585 3942 invenerunt,
2623 3877 2971 3949 cursimque
3014 3878 3339 3937 attulerunt
3384 3882 3462 3939 ad
3491 3899 3652 3949 eum,

2002 3976 2293 4043 tanquam
2324 3967 2403 4023 ad
2430 3966 3656 4047 magnumquoddaminexspectatumquc

2001 4060 2233 4117 lucrum
2257 4056 2620 4129 gaudentem
2655 4055 2802 4129 :qui
2842 4056 3130 4113 accersito
3152 4057 3229 4114 ad
3271 4075 3333 4116 se
3354 4060 3480 4117 viro
3538 4064 3659 4120 cui-

2000 4150 2146 4206 dam
2175 4146 2488 4216 industrio,
2545 4145 2603 4202 Si
2653 4145 3084 4210 characterem,
3143 4146 3356 4221 inquit,
3406 4152 3656 4211 Joannis

2000 4238 2163 4313 apud
2178 4238 2539 4293 Damascum
2556 4233 2845 4305 degentis,
2862 4235 3112 4291 Joannis
3126 4235 3261 4293 dico
3274 4238 3378 4294 ﬁlii
3392 4242 3657 4299 Mansur-

1999 4344 2182 4403 quem
2206 4323 2872 4397 graveminfestumque
2918 4339 3119 4381 rerum
3166 4332 3509 4387 nostrarum
3549 4333 3655 4390 ho-

2002 4424 2154 4476 stem
2183 4417 2363 4472 etiam
2389 4413 2528 4470 inde
2557 4413 2826 4485 patimur
2847 4414 2999 4470 sicut
3037 4416 3214 4487 nosti,
3237 4420 3500 4490 potueris
3527 4422 3656 4480 imi-

2005 4508 2113 4565 tari
2142 4507 2395 4579 ejusque
2427 4503 2797 4559 simillimum
2828 4504 3138 4577 exemplar
3165 4508 3482 4577 conﬁcere,
3516 4529 3654 4569 ma-

283 4598 373 4645 καὶ
453 4599 711 4668 μεγίστων
773 4593 983 4658 ἀξιώσω
1038 4605 1135 4648 τῶν
1205 4595 1453 4669 ἀμοιϐῶν.
1521 4596 1727 4651 Ἀκούει
1790 4608 1891 4651 τῶν
1930 4577 1973 4631 D
2003 4615 2054 4669 g1

1886 4621 1891 4641 ι
1930 4577 1973 4631 D
2003 4577 2189 4669 gnam
2210 4613 2246 4653 a
2272 4577 2367 4651 me
2386 4592 2564 4649 inibis
2586 4592 2845 4663 gratiam
2873 4599 2929 4650 et
2954 4595 3167 4663 grandi
3190 4600 3657 4670 praemioremu-

283 4683 450 4756 λόγων
484 4686 510 4736 ό
565 4681 735 4748 δεξιός
795 4691 889 4745 τήν
934 4690 1122 4738 κακίαν
1166 4688 1515 4763 ὑπογραφεὺς,
1571 4691 1660 4740 καὶ
1717 4689 1887 4741 ὑπισ-

283 4781 495 4848 χνεῖται
529 4780 622 4835 την
678 4781 1065 4851 μεταχείρισιν,
1114 4782 1202 4830 καὶ
1260 4777 1395 4830 οὕτω
1452 4798 1562 4840 πως
1625 4778 1892 4852 εὐστόχως

284 4864 538 4941 ἐκπληροῖ
574 4868 633 4917 τό
690 4869 815 4940 πρός
862 4863 1141 4939 βούλησιν,
1196 4869 1261 4929 ὡς
1291 4868 1397 4941 οὐχ
1430 4869 1506 4921 ὅτι
1544 4872 1671 4943 πρός
1706 4868 1891 4933 ἄλλους

285 4951 577 5024 διαλαϐεῖν,
610 4953 738 5009 ἀλλά
786 4960 875 5009 καὶ
928 4957 1068 5029 αὐτῷ
1123 4976 1180 5030 γε
1244 4966 1318 5030 τῷ
1373 4957 1777 5032 ἀγχινουστάτῳ
1802 4964 1891 5013 καὶ

282 5049 418 5122 πρός
467 5048 655 5107 παντὸς
711 5046 1012 5100 οὑτινοσοῦν
1064 5047 1302 5121 ὐξυτάτῳ
1358 5048 1651 5121 κατάληψιν
1704 5053 1771 5102 τά
1796 5058 1892 5113 τῆς

286 5140 572 5211 σκαιωρίας
614 5133 938 5209 ἀμωσγέπως
988 5135 1326 5210 ἀγνοηθῆναι,
1385 5144 1474 5192 καὶ
1527 5141 1592 5192 τά
1647 5149 1745 5201 τῆς
1792 5159 1888 5192 κα-

280 5231 538 5301 κουργίας
582 5222 949 5301 παραδραμεῖν
1005 5249 1017 5261 ·
1072 5234 1162 5282 καὶ
1220 5236 1489 5301 τοσοῦτον,
1549 5232 1618 5293 ὡς
1686 5233 1754 5283 τά
1799 5233 1890 5304 μεν

282 5326 631 5392 χαρακτῆρος
708 5316 1059 5391 ἀμφισϐητεῖν
1117 5324 1207 5373 καὶ
1264 5328 1362 5373 τῶν
1444 5321 1768 5397 γραμμάτων
1822 5324 1891 5383 ὡς

287 5404 445 5461 ἰδίων
492 5405 894 5472 ἀντιποιεῖσθαι,
961 5411 1027 5460 τὰ
1084 5405 1135 5461 δ’
1195 5408 1663 5487 ἐμπεριειλημμένα
1710 5415 1889 5483 σφίσιν

282 5500 351 5558 ὡς
417 5496 511 5549 οὐκ
585 5492 705 5549 ἴδια
760 5500 1210 5573 παρακρούεσθαι,
1286 5506 1387 5554 Καί
1437 5504 1538 5577 γὰρ
1594 5500 1891 5554 πέπλασται

279 5594 355 5659 τῷ
398 5581 550 5659 δεινῷ
598 5587 831 5661 τυράννῳ
870 5585 1150 5651 ἐπιστολῆς
1189 5586 1419 5656 ἔκδυσις,
1491 5587 1649 5651 δῆθεν
1706 5590 1760 5643 ἐκ
1799 5600 1891 5645 τον

282 5679 525 5735 Ἰωάννου
573 5681 702 5755 πρὸς
742 5677 1067 5751 Αὔγουστον,
1112 5686 1201 5734 καὶ
1242 5685 1566 5737 συντέθειται
1602 5691 1672 5757 τῷ
1718 5682 1893 5758 εὐφυεί

786 5805 1032 5868 ΡΑτιιοι.
1075 5811 1177 5870 Gn.
1219 5810 1365 5871 CXL.

2002 4686 2333 4745 neraberis.
2356 4682 2529 4739 Audit
2543 4682 2672 4738 haec
2692 4681 2899 4738 dexter
2919 4683 2999 4739 ad
3020 4686 3350 4758 nequitiam
3372 4691 3587 4759 scriba,
3603 4698 3662 4747 et

2004 4773 2445 4836 falsiﬁcandam
2494 4770 2741 4829 Joannis
2790 4787 3039 4829 manum
3085 4775 3402 4847 pollicetur
3442 4779 3661 4837 deinde

2002 4868 2169 4945 quod
2189 4871 2315 4924 erat
2331 4864 2625 4939 pollicitus
2658 4858 2783 4919 tam
2814 4863 2957 4920 scite
2988 4864 3186 4937 explet
3213 4868 3292 4923 ad
3336 4869 3661 4944 imperato-

2000 4960 2083 5017 ris
2109 4957 2496 5022 voluntatem,
2528 4956 2729 5010 utnon
2760 4951 2957 5010 solum
2986 4954 3135 5011 alios
3163 4955 3346 5016 latere
3386 4961 3661 5035 supposi-

2003 5051 2083 5109 tio
2100 5051 2323 5123 posset,
2348 5044 2453 5102 sed
2481 5044 2664 5101 etiam
2693 5042 3022 5117 ipsummet
3058 5047 3369 5116 Joannem,
3408 5049 3544 5109 licet
3582 5050 3663 5110 ad

2003 5136 2265 5211 cujusvis
2301 5134 2385 5192 rei
2415 5132 3019 5205 comprehensionem
3053 5137 3440 5210 acerrimum,
3472 5140 3555 5198 sic
3572 5141 3663 5197 fu-

2003 5245 2141 5302 gere
2170 5226 2397 5285 valeret
2423 5223 2589 5281 fraus
2614 5222 2851 5279 occulta
2881 5228 2939 5280 et
2979 5224 3292 5284 maleﬁcus
3335 5234 3528 5303 astus,
3575 5237 3662 5304 ut,

2000 5318 2167 5396 quod
2194 5316 2274 5375 ad
2294 5312 2657 5373 characteris
2672 5311 2898 5386 proprii
2914 5312 3175 5374 formam
3199 5318 3424 5388 attinet,
3438 5319 3663 5379 litteras

2001 5426 2111 5485 pro
2142 5409 2268 5465 suis
2302 5406 3070 5478 deberetaguoscere,quze
3109 5424 3254 5465 vero
3277 5410 3349 5465 iis
3400 5413 3664 5469 contine-

1999 5502 2223 5558 bantur
2244 5502 2454 5554 utnon
2487 5510 2598 5551 sua
2638 5486 2989 5565 repudiare.
3039 5496 3307 5557 Conﬁcta
3362 5501 3662 5575 siquidem

2002 5586 2406 5663 fuitepistola,
2431 5582 2595 5643 velut
2623 5579 2700 5641 ab
2733 5582 2865 5657 ipso
2910 5585 2990 5643 ad
3040 5593 3379 5661 Augustum
3418 5592 3660 5666 scripta,

2003 5683 2157 5741 sicut
2194 5678 2379 5739 solers
2417 5674 2513 5734 ille
2553 5672 2806 5748 scriptor
2844 5684 3162 5752 acceperat
3216 5682 3279 5739 in
3334 5682 3661 5753 mandatis,

3200 5811 3269 5867 27
