4484 6446
846 382 948 435 843
2036 366 2176 426 CON
2183 372 2497 429 STANTINI
2532 376 2572 429 Α
2583 375 2617 430 C

2434 374 2497 429 ΝῙ
2532 375 3017 433 ACROPOLITJE.
4101 391 4205 444 8H-

841 501 1172 558 secundum
1203 500 1495 573 propositi
1514 499 1575 553 in
1613 494 1990 565 autographo
2025 494 2383 551 characteris
2416 497 2490 552 si-
2520 501 2567 552 A
2597 518 2612 568 ς

2433 497 2490 552 ti-
2520 501 2567 552 Α
2597 507 2896 571 γραμματεῖ
2925 506 3056 575 πρὸς
3096 499 3259 570 ἰδέαν,
3323 507 3387 565 ὡς
3444 504 3732 578 ἐπετὰχθη,
3799 519 4023 583 γραφῆς,
4079 516 4204 586 πρὸς

840 592 1236 647 militudinem
1272 596 1329 646 et
1342 588 1704 645 diabolicam
1721 590 1843 640 tam
1856 584 2167 639 scribentis
2179 601 2365 657 quam
2387 589 2489 657 ju-
2597 607 2611 656 τ

2431 603 2489 641 ,ι-
2597 593 2919 659 γραμμάτων
3012 592 3280 662 ὁμοίωσιν,
3372 598 3500 667 πρὸς
3579 593 3858 668 δαιμονίαν
3938 598 4202 673 ἀκρίϐειαν

839 681 1036 737 bentis
1090 679 1487 744 industriam;
1548 681 1605 731 et
1652 676 1731 730 ad
1772 676 2082 727 Persarum
2142 675 2485 743 praefectum
2598 695 2610 725 ι

2429 691 2485 729 m
2598 677 2711 727 κατ’
2762 675 3045 752 ἀμφότερα,
3101 685 3186 731 καὶ
3240 680 3559 734 ἀπέσταλται
3601 692 3674 755 τῷ
3736 689 4050 760 Περσάρχῃ,
4112 694 4200 741 καὶ

840 770 1063 824 missa:
1116 784 1254 822 cum
1296 768 1407 821 hac
1448 780 1589 819 vero
1640 763 1828 818 missa
1875 766 1965 816 est
2017 762 2195 816 etiam
2247 763 2365 817 alia
2412 762 2486 817 de
2597 764 2611 814 a‘

2428 762 2486 817 ie
2597 764 2743 839 ἑτέρα
2789 772 2906 840 περὶ
2971 768 3132 820 αὐτοῦ
3177 772 3607 829 συνεπέσταλται.
3661 774 3722 827 Ἀ
3773 781 3942 827 τοίνυν
3990 786 4082 836 τῆν
4136 782 4199 839 ὡς

836 858 1087 913 Joanne.
1118 858 1256 921 Quae
1281 852 1587 922 autem,ab
1618 849 1919 917 hoc,velut
1941 848 2017 903 ad
2032 851 2321 905 Ctesarem
2352 851 2488 905 mis-
2595 852 2607 904 ε

2428 867 2488 905 τε·
2595 852 2649 904 ἐκ
2718 862 2810 905 τοῦ
2879 855 3116 909 Ἰωάννου
3172 863 3302 931 πρὸς
3340 863 3426 911 τὸν
3497 859 3720 932 βασιλέα
3788 863 4065 927 ἐπιστολῆς
4135 887 4199 918 τα

839 962 907 1002 sa
936 945 1206 1017 epistola.
1238 943 1733 1011 suggerebantur,
1764 938 1890 992 haec
1921 945 2089 991 erant
2118 939 2324 1009 quoad
2358 954 2481 993 sen—
2596 941 2610 992 ι

2427 954 2481 993 n—
2596 937 2889 1014 δηλοῦμενα
2953 941 3032 1012 ἦν,
3088 950 3253 998 ταῦτα
3314 967 3372 1019 γε
3422 946 3481 1006 ἦν
3512 972 3523 982 ·
3590 951 3719 1009 πλὴν
3772 952 3864 1004 οὐκ
3895 952 3978 1005 ἐπὶ
4022 954 4198 1017 λέξεως

838 1051 993 1101 sum;
1022 1048 1219 1105 neque
1249 1032 1408 1087 enim
1448 1029 1633 1084 verba
1658 1029 1875 1082 referre
1904 1026 2040 1096 ipsa
2072 1026 2320 1096 possim,
2352 1042 2485 1098 par-
2595 1049 2609 1080 ε

2428 1043 2485 1081 r-
2595 1032 2791 1102 εἴποιμι
2832 1031 3172 1106 ἐπιλέλησμαι
3214 1040 3315 1108 γάρ
3378 1058 3390 1070 ⁸
3440 1037 3546 1090 ἐπεί
3604 1059 3708 1099 πως
3771 1045 3879 1106 (12)
3935 1039 4051 1112 οὐδ9
4092 1040 4199 1095 ἐδι-

838 1124 967 1187 tim;
991 1122 1219 1177 oblitus
1247 1134 1621 1190 eorum,quae
1641 1131 1762 1171 non
1791 1114 2483 1170 credebauunemoriain
2594 1137 2609 1168 δ

2425 1132 2483 1170 In
2594 1122 2799 1171 καίωσα
2864 1141 2953 1192 μοι
3038 1122 3377 1177 ὼαποθέσθαι
3454 1136 3522 1196 τῷ
3584 1134 3827 1199 μνήμονι,
3894 1128 4196 1193 ἀπαξιώσας

836 1219 1102 1269 nostram
1120 1209 1584 1280 mereri.partim
1623 1205 1983 1269 dedignatus
2012 1208 2132 1258 tam
2158 1204 2485 1259 exsecrabi-
2594 1210 2607 1257 c‘

2427 1204 2485 1259 )i-
2594 1209 2724 1277 ὁμοῦ
2799 1215 2887 1261 καὶ
2978 1220 3066 1262 τοῦ
3133 1212 3399 1283 πλαματος
3470 1222 3558 1267 καὶ
3630 1226 3721 1268 τοῦ
3794 1226 4198 1292 σκευωρὴματος

834 1301 954 1357 lem
983 1301 1402 1372 imposturam.
1439 1298 1657 1351 Sensus
1687 1307 1829 1360 ergo
1864 1292 1993 1346 talis
2039 1294 2484 1362 quadamtenus
2596 1306 2605 1367 ί

2172 1294 2484 1348 damtenus
2596 1293 2993 1370 βδελυξάμενος.
3024 1299 3187 1371 Εἶχον
3208 1298 3265 1353 δὲ
3303 1305 3403 1375 ἄρα
3436 1306 3629 1356 οὑτωσί
3658 1325 3764 1367 πως
3786 1308 3943 1362 αὐτά.

834 1396 982 1447 erat.

906 1502 994 1553 25.
1029 1495 1249 1552 Servile
1281 1493 1494 1549 collum
1535 1490 1763 1546 etiame
1812 1489 2144 1560 longinquo
2194 1488 2484 1543 submitte
2664 1512 2677 1541 ι

2426 1492 2484 1543 t0
2664 1490 2749 1545 κε’.
2781 1492 3013 1545 Δούλιιον
3046 1494 3246 1565 αὐχένα
3310 1501 3397 1547 καὶ
3440 1497 3701 1572 πόρρωθεν
3778 1501 4033 1553 ῦποκλίνω
4089 1524 4192 1569 σοι,

836 1587 963 1651 tibi,
1006 1589 1201 1642 Caesar
1238 1588 1599 1652 tuorumque
1641 1578 1861 1650 pedum
1904 1578 2304 1632 extremitates
2350 1593 2482 1631 am-
2594 1622 2607 1651 τ

2423 1594 2482 1630 J-
2594 1578 2833 1651 [Bue-dri,
2872 1588 2963 1633 καὶ
3034 1589 3118 1635 σοὶ
3177 1589 3294 1644 τοὺς
3362 1588 3582 1658 ὡραίους
3620 1593 4065 1661 προσπτύσσομαι
4104 1598 4194 1643 πό-

832 1677 1075 1751 plector.
1099 1672 1520 1744 Equidem,uta
1544 1668 1774 1725 Christo
1795 1667 2348 1721 denominationem
2374 1666 2477 1720 ba-
2591 1689 2603 1719 ι

2421 1682 2477 1720 a-
2591 1664 2709 1729 δας,
2783 1670 2807 1719 ὁ
2861 1669 2961 1721 ἀπὸ
3020 1679 3251 1745 Χριστοῦ
3309 1682 3774 1747 παρωνομασμένος
3812 1677 3913 1747 ἐγώ
3966 1689 4037 1749 τῷ
4093 1689 4192 1731 τῶν

832 1768 1007 1827 bens.
1046 1764 1173 1831 tibi,
1225 1767 1288 1817 ut
1333 1760 1811 1816 Christianorum
1864 1756 2083 1827 ubique
2133 1756 2477 1817 degentium
2588 1765 2603 1809 Ἰ

2423 1772 2477 1809 m
2588 1762 2974 1831 Χριστωνύμων
3014 1757 3311 1817 ὀηδὴποτ“
3363 1762 3423 1812 ὄιν
3460 1769 3549 1815 καὶ
3620 1767 3934 1837 εὑρίσκοιντο
3986 1765 4194 1839 διάγον-

832 1854 1071 1929 prtesidi
1097 1849 1476 1908 manifestare
1508 1847 1721 1912 debeo,
1769 1862 1904 1917 quae
1937 1852 2232 1916 pertinent
2267 1844 2341 1899 ad
2377 1846 2479 1898 iin-
2512 1848 2548 1899 B
2589 1867 2603 1897 -.

2423 1862 2479 1897 [1-
2512 1848 2548 1899 Β
2589 1866 2669 1907 τες
2719 1850 2958 1919 ἄρχοντι,
3012 1854 3100 1900 καὶ
3133 1847 3379 1922 ὃιασαφῶ
3415 1855 3480 1903 τὰ
3531 1862 3629 1904 τῶν
3658 1853 4011 1907 ἀσεϐεστάτων
4041 1858 4194 1928 Ἀγα-

829 1945 1139 2019 piissimos
1171 1942 1521 2001 Saracenos;
1555 1933 2072 2009 quemadmodum
2089 1934 2307 1988 scilicet
2328 1949 2399 1987 ea
2416 1948 2476 1987 se
2584 1956 2600 2009 ε

2424 1948 2476 1987 se
2584 1945 2771 2009 ρηνών,
2805 1938 2942 1998 ὅπως
2972 1958 3025 1989 τε
3055 1942 3119 1989 τὰ
3147 1946 3233 1989 νῦν
3270 1943 3478 2010 ἔχουσι.
3541 1948 3629 1992 καὶ
3690 1945 3845 1995 ὁποῖα
3901 1942 4079 2001 δήπου
4128 1950 4195 1998 τὰ

828 2049 990 2090 nunc
1021 2032 1303 2097 habeant,
1347 2032 1402 2081 et
1430 2025 1635 2097 qualia
1661 2024 1808 2095 ipsis
1842 2023 2185 2087 acciderint,
2233 2037 2476 2093 quoque
2585 2044 2599 2075 π

2420 2037 2476 2075 le
2585 2027 2720 2075 κατὰ
2773 2030 2988 2087 τούτους
3030 2033 3393 2098 συμπέπτωκε,
3440 2036 3530 2082 καὶ
3564 2033 3617 2082 οἵ
3662 2042 3833 2084 κακῶν
3888 2037 3936 2085 οἱ
3985 2032 4191 2106 δυσμε-

826 2123 1125 2179 malorum
1178 2117 1583 2190 processerint
1612 2113 1811 2168 furiosi
1832 2112 1932 2166 illi.
1970 2113 2125 2167 Sciat
2154 2112 2333 2175 igitur
2356 2126 2477 2165 ma-
2585 2133 2597 2162 ι

2421 2126 2477 2165 a-
2585 2122 2681 2173 νείς
2729 2113 3060 2170 ἐληλάκασιν.
3116 2115 3274 2167 Ἴστω
3321 2137 3414 2169 σου
3464 2122 3522 2169 τὸ
3582 2123 3768 2187 κράτος
3808 2126 3873 2173 τὰ
3903 2131 3992 2182 τῆς
4033 2143 4192 2190 στρα-

822 2212 1010 2282 jestas
1043 2182 1372 2278 tua,-ipsos
1414 2204 1662 2259 omnino
1701 2201 1938 2255 destitui
1979 2200 2335 2255 militaribus
2376 2214 2475 2253 co-
2586 2223 2593 2231 -

2421 2214 2475 2253 3-
2586 2208 2696 2262 τιᾱς
2754 2204 3006 2265 παντελῶς
3046 2203 3611 2279 ἐξηπορηκοτας(προς
3682 2228 3736 2261 τε
3786 2215 3883 2283 ’γὰρ
3944 2211 4192 2274 ἀλλήλους

825 2301 939 2373 piis
962 2297 1157 2370 (divisi
1183 2295 1344 2350 enim
1370 2294 1520 2347 inter
1542 2307 1603 2345 se
1644 2295 1798 2344 sunt.
1828 2294 2157 2360 mutuoque
2201 2288 2279 2343 ab
2323 2287 2474 2341 invi—
2588 2312 2596 2341 ι

2415 2287 2474 2340 τί·
2588 2288 2868 2363 διῄρηνται
2930 2294 3062 2364 (13),
3136 2300 3224 2345 καὶ
3298 2295 3383 2347 ὑπ’
3444 2295 3671 2354 αλλήλων
3741 2296 4186 2374 ἕκδαπανῶνται),

823 2406 955 2446 cem
976 2390 1307 2444 atteruntur
1327 2381 1634 2443 conﬂictu)
1658 2384 1839 2451 atque
1874 2378 2026 2433 adeo
2066 2382 2347 2448 superato
2385 2376 2476 2430 fa-
2586 2384 2594 2431 ε

2419 2392 2476 2430 at-
2586 2382 2722 2432 ἔνθεν
2776 2387 2865 2433 καὶ
2909 2382 3338 2456 εῦεπιχειρήτους
3403 2382 3575 2459 ᾧσπερ
3644 2389 3705 2437 οἶν
3745 2394 3833 2439 καὶ
3872 2393 3950 2447 εἰη
4002 2388 4190 2461 βουλο-

821 2479 960 2535 ciles
991 2492 1123 2532 esse
1163 2475 1502 2543 cuicunque
1542 2469 1763 2525 volenti
1796 2485 1806 2521 :
1836 2483 2037 2522 meam
2083 2468 2328 2537 insuper
2368 2481 2473 2535 pa-
2584 2492 2592 2541 ι

2415 2481 2473 2520 a-
2584 2472 2717 2541 μένῳ
2747 2473 3101 2541 τυγχάνοντας
3135 2493 3147 2504 °
3200 2477 3629 2546 προσεπιτοῦτοις
3680 2473 3737 2529 δὲ
3786 2484 3873 2530 καὶ
3924 2483 4018 2536 τὴν
4058 2483 4186 2551 ἐμὴν

817 2570 1013 2632 triam,
1048 2565 1260 2621 urbem
1291 2563 1601 2633 antiquam
1655 2566 1711 2613 et
1745 2558 1992 2614 claram.
2025 2571 2160 2628 quae
2193 2571 2229 2609 a
2262 2554 2473 2609 funda-
2583 2581 2588 2607 τ

2415 2570 2473 2609 a-
2583 2556 2837 2632 πατρίὸα,
2892 2565 2986 2617 τὴν
3040 2562 3269 2631 ἀρχαίαν
3312 2563 3458 2614 πολιν
3505 2571 3593 2615 καὶ
3660 2574 3996 2639 περιώνυμον,
4058 2568 4186 2626 ατη-

817 2657 1035 2713 mentis
1056 2654 1244 2710 multo
1267 2654 1400 2725 jam
1430 2657 1694 2720 tempore
1728 2646 2166 2715 subrutajacet,
2195 2651 2251 2700 et
2276 2646 2335 2699 in
2360 2643 2471 2698 mi-
2582 2684 2588 2718 ί

2410 2643 2471 2698 li-
2582 2647 2799 2718 μέλητον
2851 2647 2904 2699 ἐκ
2961 2660 3164 2723 μακροῦ
3196 2670 3247 2702 τε
3297 2652 3458 2703 οὖσαν
3493 2660 3582 2705 καὶ
3620 2653 3664 2714 ἐς
3711 2660 3768 2706 τὸ
3805 2658 4045 2719 παντελές
4072 2655 4181 2716 ἤδη

818 2747 1111 2802 seriarum
1151 2738 1585 2814 plenitudinem
1625 2737 1856 2808 dejecta
1895 2741 2000 2793 est.
2045 2735 2213 2789 nullo
2252 2734 2472 2806 pariter
2580 2756 2589 2786 :

2412 2749 2472 2787 er
2580 2736 2994 2794 καταϐληθεωαν
3065 2744 3153 2790 καὶ
3225 2740 3476 2791 εὐάλωτον
3552 2753 3836 2814 πεφηνυῖαν
3895 2752 3983 2797 καὶ
4068 2747 4183 2799 λίαν

815 2834 1057 2907 negotio
1084 2828 1530 2902 subjugabilem
1551 2823 2463 2898 apparere.l\'ecuncterisigitur,
2578 2846 2586 2875 ι

2418 2839 2463 2886 r,
2578 2825 2990 2899 εὐεπιχείρητον.
3029 2832 3113 2884 Μὴ
3142 2836 3266 2897 γοῦν
3315 2828 3549 2882 ἐπιπλέον
3612 2831 3891 2899 ἀναϐαλοῦ,
3959 2841 4182 2909 τρισμέ-

812 2930 902 2981 ter
931 2922 1191 2979 maxime
1207 2921 1550 2991 imperator,
1567 2919 1670 2969 sed
1686 2929 1950 2986 praesens
1972 2913 2256 2969 assistens
2271 2912 2463 2966 solum
2575 2934 2583 2981 τ

2408 2928 2463 2965 m
2575 2934 2726 2983 ’γιστε
2803 2914 3022 2985 βασιλεῦ
3087 2937 3099 2949 ο
3160 2916 3266 2968 αλλ’
3306 2916 3577 2984 ἐπίστηθι,
3638 2919 3915 2993 ἐπιφάνηθι
4002 2930 4175 2995 μόνον,

813 3018 866 3069 te
888 3010 1219 3068 videndum
1238 3007 1459 3080 praabe.
1490 3012 1669 3076 atque
1688 3004 1764 3059 ad
1788 3020 1859 3058 ea
1897 3019 2031 3074 qua:
2063 3002 2157 3055 hic
2181 3007 2467 3069 geruntur
2573 3022 2584 3052 τ

2409 3016 2467 3054 Μ’
2573 3022 2868 3074 παραγενου
2898 3011 3007 3065 τοῖς
3036 3001 3163 3075 τῇδε
3215 3027 3226 3037 ·
3269 3002 3360 3057 διὰ
3412 3006 3645 3079 βραχέος
3674 3013 3775 3082 γὰρ
3843 3018 3931 3063 καὶ
3981 3017 4180 3065 ακονιτὶ

813 3103 1182 3174 ἱωρτονιειιε
1199 3097 1418 3153 accede
1448 3094 1649 3150 :brevi
1677 3092 1836 3147 enim
1878 3108 1948 3147 ac
1988 3092 2113 3146 sine
2140 3090 2463 3145 certamine
2573 3111 2584 3141 π

2408 3104 2463 3143 1e
2573 3096 2665 3148 τὴν
2715 3097 2991 3164 Δαμασκὸν
3054 3102 3373 3168 παραστήσῃ
3429 3102 3523 3153 τὴν
3592 3098 4026 3173 πολυθρύλλητον,
4088 3109 4179 3155 καὶ

810 3195 1198 3253 Damascum,
1248 3186 1424 3242 fama:
1482 3183 1822 3239 celebritate
1885 3181 2283 3239 notissimam,
2349 3178 2460 3233 sub
2498 3202 2581 3263 οε

2404 3178 2460 3233 1b
2498 3207 2538 3263 Ο
2573 3184 2705 3250 μέγα
2772 3181 2910 3242 κλέος
2966 3181 3325 3245 ἐπαναζεῦξεις
3389 3186 3640 3259 ἀράμενος
3697 3210 3709 3220 -
3778 3190 4017 3263 εὑρήσεις
4072 3196 4175 3265 γὰρ

809 3287 979 3336 tuam
1014 3278 1249 3345 rediges
1279 3279 1659 3347 potestatem,
1692 3276 1749 3326 et
1780 3285 2006 3337 magna
2037 3269 2225 3337 gloria
2253 3266 2457 3338 acqui-
2570 3288 2580 3319 ι

2404 3266 2457 3321 ,i-
2570 3268 2655 3340 ἐμὲ
2703 3270 2797 3321 οῦκ
2845 3274 2926 3322 ἐπὶ
2987 3280 3191 3345 μικροῖς
3237 3275 3443 3335 πάντως
3503 3279 3787 3348 συνέριθον,
3843 3280 4044 3349 μεγαλα
4092 3280 4175 3333 ἐπὶ

808 3370 919 3425 sita
947 3367 1192 3431 redibis;
1223 3380 1316 3419 me
1340 3362 1639 3434 siquidem
1663 3360 1720 3414 in
1754 3360 1956 3414 multis
1992 3358 2330 3427 adjutorem
2370 3371 2459 3410 re-
2568 3379 2579 3409 τ

2405 3371 2459 3409 e-
2568 3367 2628 3431 τῇ
2675 3357 2900 3431 Περσίδι
2943 3364 3089 3432 πασῃ
3162 3358 3467 3433 δυνάμενον,
3509 3370 3684 3416 καὶτὸ
3724 3374 3822 3417 παν
3855 3370 3953 3424 ὅπη
3996 3388 4049 3421 τε
4087 3377 4176 3422 καὶ

804 3458 1019 3531 peries,
1052 3460 1254 3526 utpote
1283 3457 1584 3525 potentem
1607 3450 1667 3503 in
1690 3448 1925 3503 Perside
1956 3452 2013 3501 et
2052 3462 2250 3500 rerum
2294 3461 2457 3499 sum-
2567 3469 2575 3497 ι

2406 3461 2457 3498 1-
2567 3450 2703 3509 ὅπως
2744 3469 2833 3520 μοι
2894 3447 3149 3519 βουλητὸν
3209 3458 3297 3502 καὶ
3335 3454 3526 3522 ἄγοντα
3578 3459 3668 3505 καὶ
3722 3460 4027 3527 μετάγοντα,
4076 3465 4177 3511 Καὶ

804 3563 970 3603 mam
1002 3557 1370 3617 quocunque
1400 3540 1639 3595 libuerit
1677 3538 1993 3591 ducentem
2036 3551 2105 3589 ac
2148 3534 2458 3589 traducen-
2565 3556 2575 3585 τ

2405 3550 2458 3587 n-
2565 3542 2841 3608 ταῦταμὲν
2870 3538 2899 3594 ἡ
2933 3546 3152 3589 τοιαῦτα
3188 3536 3255 3596 δὴ
3308 3544 3372 3591 τα
3415 3550 3504 3592 τοῦ
3564 3540 3874 3614 πλάσματος
3925 3567 3936 3577 ·
3970 3548 4005 3597 ἁ
4035 3544 4093 3599 δὲ
4120 3546 4176 3599 ἐκ

802 3642 952 3694 tem.
990 3638 1056 3690 Et
1085 3634 1213 3689 haec
1238 3629 1485 3703 quidem
1516 3633 1621 3683 aut
1648 3625 2000 3697 hujusmodi
2022 3624 2137 3679 alia
2168 3624 2457 3691 ﬁgmento
2564 3645 2573 3655 -

2404 3628 2457 3677 to
2564 3635 2656 3677 του
2706 3625 2964 3698 βασιλέως
3019 3632 3149 3701 πρὸς
3205 3632 3289 3679 τὸν
3338 3634 3656 3703 Περσάρχην
3698 3630 4033 3705 διεσήμαινεν
4063 3636 4175 3689 ἐπι-

806 3728 928 3782 isto
968 3722 1432 3779 continebantur
1472 3737 1485 3774 :
1528 3733 1664 3790 quae
1704 3731 1845 3772 vero
1877 3714 1955 3769 ab
1983 3715 2340 3786 imperatore
2379 3712 2458 3766 ad
2570 3736 2577 3764 ε

2406 3712 2458 3766 τό.
2570 3715 2771 3767 στολιον
2801 3719 2968 3768 ταυτοί
3020 3737 3079 3787 γε
3133 3719 3162 3776 ἦ
3218 3720 3416 3769 τοιαῦτ’
3468 3722 3602 3772 ἄττα
3655 3726 3864 3775 κάκεῖνα
3893 3732 3987 3783 τήν
4038 3729 4177 3780 ἔκθε-

804 3818 1119 3870 Persarum
1143 3808 1494 3883 praefectum
1532 3805 1870 3862 addebatur
1908 3803 2159 3875 epistola
2180 3804 2239 3857 in
2294 3802 2458 3856 hunc
2567 3825 2649 3856 σιν
2681 3802 2759 3862 ἧν.

801 3904 923 3960 fere
941 3902 1197 3959 modum
1237 3897 1578 3968 conscripta
1603 3899 1748 3950 erat.

870 4017 965 4067 26.
1004 4007 1350 4066 Admodum
1364 4004 1576 4077 inclyte
1611 4019 1682 4059 ac
1699 4001 1975 4058 nobiliter
2008 4004 2456 4071 nateetpraepo-
2635 4022 2641 4052 :

2397 4014 2456 4053 0-
2635 4001 2736 4054 κὲί.
2819 4000 3131 4071 Μεγακλεὲς,
3219 4001 3475 4074 ὑψισγενὶς,
3560 4009 3844 4080 κρατοίρχα
3934 4017 4168 4083 Περσῶν,

798 4108 930 4159 tens
961 4103 1279 4155 Persarum
1313 4094 1606 4167 praefecte,
1640 4092 1793 4147 bene
1839 4089 2056 4155 valeas,
2100 4094 2156 4144 et
2198 4105 2334 4160 qua!
2376 4086 2449 4143 ad
2564 4113 2569 4142 ι

2398 4086 2449 4143 td
2564 4094 2673 4152 εἴης
2711 4091 2908 4160 ῦσγιείας
2961 4093 3097 4161 ἔχων
3164 4091 3347 4152 καλῶς.
3408 4096 3485 4145 Tu
3530 4102 3623 4156 τῆς
3676 4096 3920 4160 ἐξουσίας
3971 4100 4025 4152 εὖ
4084 4121 4169 4153 σοι

801 4198 971 4248 tuam
1012 4188 1266 4244 attinent
1320 4182 1651 4255 potentiam
1691 4197 1761 4236 ac
1822 4179 2173 4249 dignitatem
2238 4177 2455 4233 cedant
2563 4202 2572 4231 ι

2399 4181 2455 4231 ut
2563 4178 2816 4249 διὲκ-οιτό9
2873 4179 3044 4251 κάμοῦ
3090 4189 3162 4250 τῷ
3219 4184 3395 4254 κράτει
3452 4189 3703 4247 παντοίας
3756 4195 3846 4247 τῆς
3917 4188 4170 4260 εὐθυμίας

797 4294 1103 4355 prospere,
1135 4289 1405 4346 meaeque
1444 4270 1832 4327 dominationi
1871 4268 2238 4324 denuntieris
2276 4267 2453 4338 plena
2563 4290 2568 4320 ι

2398 4282 2453 4321 Ia
2563 4269 2897 4321 ἐπαπολαύων
2943 4267 3181 4340 αγγελοιο
3216 4266 3267 4321 εὖ
3328 4274 3517 4342 ἔχοντα
3579 4294 3591 4306 ·
3638 4280 3829 4327 καὶτὰ
3884 4283 4017 4330 κατά
4073 4285 4169 4337 τήν

798 4373 1072 4430 felicitate
1101 4367 1234 4431 frui,
1268 4371 1448 4438 atque
1478 4362 1553 4417 de
1580 4360 1993 4429 magnitudine
2040 4366 2244 4414 nostra
2290 4358 2449 4413 idem
2561 4379 2569 4410 ε

2403 4374 2449 4412 [Π
2561 4358 2687 4431 ἐμὴν
2742 4361 2965 4429 μάνθανε
3044 4358 3441 4431 μεγαλειότητα.
3526 4360 3700 4415 Οἶσθα
3754 4363 3859 4427 οἷος
3915 4370 4015 4437 ἑγὼ
4080 4373 4174 4431 τὰς

795 4460 1112 4529 intelligas.
1137 4454 1299 4513 Nosti
1323 4468 1509 4524 quam
1529 4466 1642 4521 ego
1674 4452 1787 4505 sim
1810 4450 1868 4504 in
1893 4448 2218 4504 fcedenbus
2244 4452 2299 4502 et
2346 4463 2452 4519 pa-
2564 4474 2566 4492 ι

2404 4464 2452 4502 1-
2564 4444 2796 4507 σπονδὰς
2861 4446 3093 4519 ἀσφαλὴς
3145 4454 3235 4499 καὶ
3288 4450 3390 4510 οἷος
3428 4454 3523 4513 τὰς
3580 4452 3872 4524 συμϐάσεις
3922 4456 4175 4531 ἀμεταμὲ-

796 4553 904 4609 etis
944 4546 1251 4605 conventis
1289 4541 1436 4599 nulli
1488 4540 1787 4597 obnoxius
1845 4537 2261 4593 mutabilitati:
2305 4542 2453 4591 tem-
2559 4537 2567 4589 ἰ

2403 4553 2453 4591 1-
2559 4537 2710 4597 λητος
2754 4558 2765 4569 ·
2800 4539 2824 4588 ὁ
2858 4540 2959 4611 ’γάρ
2999 4556 3079 4588 τοι
3124 4544 3312 4609 χρονος
3342 4543 3502 4613 μέγας
3528 4543 3618 4608 (ὥς
3676 4562 3753 4603 τις
3783 4546 3899 4617 ἔφη)
3966 4549 4174 4600 πάντων

794 4659 911 4717 pus
943 4639 1125 4703 enim,
1152 4649 1412 4705 magnus
1434 4634 1519 4702 (ut
1547 4630 1800 4703 quidam
1832 4629 1997 4717 dixit)
2024 4626 2309 4696 magister
2356 4642 2450 4717 re—
2563 4653 2565 4669 ε

2401 4642 2450 4680 3-
2563 4623 2910 4689 διδάσκαλος,
2943 4631 3031 4678 καὶ
3090 4623 3240 4680 οὐδὲν
3277 4630 3400 4702 ὅπερ
3452 4629 3547 4681 οῦκ
3597 4629 3974 4687 ἀνακαλύπτειν
4032 4638 4172 4709 ἔχει,

795 4715 954 4797 rum,
988 4726 1136 4783 nihil
1166 4719 1720 4791 nondetegitatque
1780 4716 2020 4773 revelat.
2074 4718 2336 4771 Tuorum
2368 4715 2452 4769 in-
2561 4738 2566 4768 :

2403 4730 2452 4769 1-
2561 4722 2650 4768 καὶ
2692 4724 3064 4790 παραγυμνοῦν
3104 4715 3175 4778 εἰς
3258 4717 3522 4775 ἀλήθειαν.
3573 4727 3683 4773 Τῶν
3740 4727 3915 4794 μέντοι
3961 4745 4019 4787 τς
4069 4729 4174 4780 ῦπό

795 4822 967 4878 terim
1000 4815 1383 4872 subditorum
1406 4810 1681 4882 quidam,
1733 4806 2113 4881 improbitate
2158 4806 2451 4875 gaudens,

2404 4822 2451 4873 s,
2565 4810 2667 4870 σοὶ,
2701 4808 3023 4878 χαιρέκακος
3055 4810 3213 4867 ὅντως
3260 4812 3349 4858 καὶ
3404 4815 3501 4869 τῆς
3544 4808 3753 4881 εἰρήνης
3780 4812 4027 4885 πολέμιος
4080 4823 4174 4869 καὶ

795 4909 1075 4968 inimicus
1097 4905 1283 4977 pacis,
1313 4906 1371 4956 et
1399 4899 1585 4955 hostis
1624 4898 1876 4963 virtutis,
1941 4894 2273 4951 convellere
2327 4895 2455 4951 niti-
2562 4917 2566 4927 ι

2403 4895 2455 4951 Li-
2562 4902 2634 4965 τῷ
2683 4893 2863 4965 ἀγαθῷ
2923 4890 3209 4966 δυσμενὴς,
3266 4901 3497 4967 συγχέαι
3584 4902 3672 4959 τὰς
3737 4899 3977 4955 ἀνέκαθεν
4045 4906 4174 4977 ἡμῖν

797 5016 895 5076 ιω·
927 4996 1155 5054 fcedera
1174 4994 1327 5048 inter
1364 5005 1477 5045 nos
1501 4990 1631 5059 jam
1661 4986 1805 5043 olim
1857 4986 2106 5055 sancita,
2173 4990 2227 5041 et
2266 4985 2455 5057 jusju-
2564 5007 2568 5033 τ

2403 5001 2455 5041 u-
2564 4990 2809 5057 πειρᾶται
2842 4979 3096 5051 σπονδὰς,
3137 4988 3227 5036 καὶ
3254 4990 3374 5048 τοὺς
3418 4989 3602 5060 ὅρκους
3640 4990 3943 5065 παραλῦσαι
4004 4990 4174 5068 διερε-

2489 5097 2532 5151 D

875 5197 988 5264 (12)
1014 5192 1256 5249 Videtur
1309 5202 1690 5266 praesumere,
1716 5183 1891 5266 quod
1943 5188 2136 5266 textus
2188 5180 2455 5266 epistolas
2565 5200 2685 5266 que
2730 5183 2936 5266 praelio
2977 5182 3815 5266 pluresutrinquececidere,
3851 5191 4176 5251 Masalmas

799 5270 861 5325 in
877 5254 1015 5323 'Vit'a
1035 5254 1336 5338 expressé
1369 5262 1443 5316 sit
1478 5254 1806 5338 originalis,
1844 5256 1960 5338 hoc
2010 5254 2311 5338 autemjex
2336 5254 2457 5335 'illa
2567 5254 2769 5338 autem
2797 5271 2854 5310 in
2884 5254 3093 5334 fugam
3112 5261 3281 5338 actus
3303 5254 3464 5338 esti.»
3501 5260 3561 5338 Et
3593 5276 3831 5338 rursum
3856 5278 4016 5320 anno
4041 5270 4173 5331 732,

796 5342 925 5396 Vita
962 5326 1270 5396 adeo‘non
1309 5326 1677 5401 intelligitur,
1718 5334 1781 5383 ut
1836 5328 2035 5400 potius
2090 5326 2455 5382 contrarium
2568 5351 2606 5409 (:-
2638 5328 2699 5382 in
2728 5328 2999 5409 Iureiam
3055 5327 3379 5409 exercitum
3425 5328 3659 5409 induxit
3692 5348 3705 5387 :
3736 5349 3995 5407 cumque
4038 5326 4173 5407 jam

797 5413 915 5469 dici
952 5409 1315 5467 existimem.
1508 5400 1521 5401 ί
1950 5472 1968 5478 _
2566 5400 3049 5478 Caspiasportas
3085 5400 3393 5478 attigisset,
3421 5400 3964 5478 _metu_correptus
4011 5400 4174 5466 retro

871 5487 987 5556 (13)
1021 5487 1191 5537 Anno
1215 5476 1436 5556 Christi.
1458 5478 1583 5543 730,
1627 5476 1803 5556 motae
1867 5487 1904 5553 a
1950 5472 2141 5551 _Leone
2165 5485 2455 5556 _persecu-
2566 5469 2877 5556 concessit,
2913 5494 2951 5556 ››¹
2983 5469 3152 5556 sicuti
3182 5470 3385 5528 scribit
3420 5469 3933 5556 Theophanes‘ad
3974 5494 4174 5556 annos

795 5542 980 5614 tionis
998 5558 1235 5626 quarto,
1259 5547 1597 5626 Masalmas,
1628 5543 1969 5626 Saracenici
1985 5542 2278 5626 exercitus
2300 5546 2455 5623 vete-
2566 5545 2779 5626 Leonis
2812 5545 2873 5598 l3
2902 5543 3079 5626 (ει-15ζ
3109 5557 3245 5626 quae
3276 5558 3421 5623 sane
3452 5542 3763 5626 non'rnqle
3803 5551 4173 5610 conveniunt

793 5612 980 5687 ranus
1018 5612 1075 5682 Et
1130 5612 1406 5697 plurimis
1464 5612 1725 5697 victoriis
1763 5614 2005 5672 illustris
2053 5614 2294 5697 ductor,
2325 5636 2346 5663 ι
2373 5612 2454 5697 ‘in
2562 5630 2701 5671 cum
2731 5612 3290 5684 chronologia'alibi
3324 5630 3361 5671 a
3394 5615 3568 5673 nobis
3595 5616 3876 5677 deducta.

791 5685 1334 5760 Turoorum‘terras
1358 5690 1807 5765 expeditionem
1828 5685 2113 5759 suscepit,
2152 5689 2455 5742 conserto-
