4484 6446
305 418 413 475 848

1506 414 1575 468 ΙΝ
1617 412 1676 469 S.
1714 408 1919 468 JOAN.
1957 406 2455 464 DAMASCENUM.

3566 412 3670 466 846

310 545 444 604 Θίζει
488 542 682 614 οὕσπερ
732 540 964 599 ἀλλήλοις
1012 538 1067 590 ἐκ
1119 544 1320 610 μακροῦ
1397 538 1708 607 συνεθέμεθα
1774 534 1910 603 (14),
1946 537 1984 587 Α
2023 547 2081 586 ra

1900 579 1910 601 ,
1946 537 1984 587 Α
2023 529 2283 586 randum
2327 529 2653 586 dissolvere
2700 547 2823 603 quo
2864 546 2974 587 nos
3019 531 3097 587 ad
3139 532 3394 588 invicem
3436 534 3671 605 pridem

308 639 398 686 καὶ
441 636 885 705 κατεπιχειρῆσαί
956 648 1051 681 σου
1106 636 1200 688 τῆς
1270 632 1452 699 χωρας
1507 624 1911 696 παραϐιάζεταιν

310 721 385 792 ἐφ’
444 718 484 791 ᾧ
521 724 611 771 και
664 720 722 771 οὐ
779 722 941 792 μικρά
995 717 1325 789 συνάρασθαί
1375 734 1462 780 μοι
1514 713 1911 784 κατεπαγγέλλε-

312 827 419 862 ται.
472 808 604 860 Ἀλλ’
659 810 837 877 ἔγωγε,
907 804 1075 877 φιλίας
1125 800 1276 855 οὐδὲν
1336 802 1648 875 ἀκραιφνοῦς
1701 801 1913 871 λογιζό-

315 915 466 968 μενος
523 898 849 959 ισοστάσιον,
926 900 1214 967 περιφρονῶ
1268 895 1386 951 τοὺς
1441 890 1642 960 λόγους,
1688 908 1778 938 και
1824 891 1915 947 τὰς

314 988 502 1037 τούτου
556 982 846 1055 ξυμϐουλὰς
908 980 1281 1051 ἀπαναίνομαι.
1344 984 1511 1031 Πόσον
1562 981 1663 1049 γὰρ
1721 976 1780 1026 ἆν
1829 996 1918 1027 και

316 1077 394 1130 εἰη
422 1076 595 1144 μοιτό
627 1073 850 1123 ἐντεῦθεν
896 1065 1101 1143 κέρδος,
1168 1071 1292 1141 ὑπερ
1340 1076 1432 1118 του
1496 1076 1592 1117 τῶν
1649 1068 1917 1121 συνθηκῶν

318 1160 661 1232 ἀλογήσαιμι,
729 1180 819 1211 χαι
887 1162 972 1211 τὸν
1031 1158 1194 1229 φίλιον
1254 1160 1680 1227 παροργίσαιμι;
1738 1152 1920 1213 ”Οστις

319 1269 410 1301 και
458 1250 525 1299 ὠν
572 1268 661 1300 και
707 1249 964 1318 τυγχάνει
1004 1248 1030 1297 ὀ
1073 1248 1237 1297 ταῦτα
1298 1263 1357 1314 γε
1408 1244 1914 1315 μεταχειριζόμενος,

321 1340 552 1407 ὅφασιν,
586 1336 738 1395 αὐτός
787 1332 981 1397 δείξει·
1046 1338 1103 1385 τό
1133 1336 1232 1404 γὰρ
1292 1329 1359 1389 δὴ
1408 1338 1536 1402 πρός
1586 1350 1647 1402 με
1701 1334 1921 1403 γράμμα

324 1434 503 1497 σαφῶς
531 1432 758 1497 γνωριεῖ,
814 1420 978 1475 ἰδίαιν
1038 1422 1178 1490 αὐτῷ
1233 1427 1410 1494 χεροῖν
1464 1421 1717 1472 συντεθέν.
1747 1426 1924 1470 Ταυτα

321 1517 390 1565 τὰ
413 1521 505 1564 τοῦ
549 1512 807 1581 βασιλέως
858 1511 1064 1583 ἀρχικὰ
1107 1530 1198 1561 και
1248 1507 1526 1579 κοινωφελῆ
1593 1505 1925 1578 βουλεύματα

322 1623 415 1654 και
471 1600 804 1673 διανοήματα
855 1621 867 1632 ”

326 1686 509 1742 δευσεν

925 1608 1091 1651 ταῦτα
1141 1602 1171 1655 ἠ
1232 1597 1473 1671 ἁλουργίς
1526 1596 1679 1647 αὐτὸν
1728 1596 1926 1657 ἐξεπαί-

574 1710 585 1720 ·
638 1687 769 1741 οὕτω
836 1691 903 1739 τὰ
950 1696 1041 1748 τῆς
1080 1691 1378 1760 -’περιόπτου
1438 1705 1526 1736 και
1604 1687 1925 1756 τιμιωτάτης

326 1776 477 1840 ἀξίας
516 1773 763 1848 διάσημα
812 1775 1049 1848 σύμϐολα
1113 1794 1202 1826 και
1256 1772 1568 1848 περίϐλεπτα
1614 1778 1743 1844 μήτε
1798 1792 1925 1825 παν-

324 1871 529 1942 ούργως
604 1865 733 1919 ἀνίει
828 1862 1116 1938 μηδοτιοῦν

321 1963 451 2030 μήτε
480 1954 702 2029 δολερῶς
728 1960 786 2007 τό
816 1957 1063 2030 παράπαν
1095 1954 1585 2027 μεταχειρίζεσθαι.

398 2046 505 2107 κζ’.
577 2045 710 2099 Ἀλλ’
782 2042 963 2102 ἐπειδή
1047 2064 1137 2095 χαι
1207 2041 1476 2095 ἀνελάϐετο
1526 2045 1620 2103 τὰς
1669 2046 1868 2115 γραφὰς
1906 2044 1934 2094 ὀ

331 2134 599 2209 βάρϐαρος
636 2134 856 2187 ἐκεινοσί
902 2137 1170 2208 τύραννος,
1222 2152 1312 2184 και
1368 2134 1433 2184 τὰ
1480 2129 1528 2182 ἄν
1584 2132 1763 2191 αὐταῖς
1820 2131 1936 2185 ἀνε-

329 2225 531 2290 )εξατο,
585 2220 737 2276 οὐδὲν
794 2225 907 2293 (15)
1088 2221 1194 2273 ἀλλ’
1251 2223 1281 2279 ἦ
1330 2219 1598 2294 βάρϐαρος
1647 2221 1798 2281 εὐθὺς
1846 2222 1935 2283 ὡν,

334 2312 712 2389 ἀπερίσκεπτος
741 2316 835 2370 τὴν
865 2314 1031 2384 ὁρμὴν
1090 2330 1177 2362 ιιαι
1228 2313 1285 2362 τό
1330 2309 1441 2361 ὅλον
1495 2313 1650 2381 φάναι
1702 2308 1939 2380 παράϐο-

333 2403 441 2469 λος,
484 2402 675 2454 αὐτίκα
723 2405 782 2453 τὸ
836 2400 1061 2453 ἐπελθεῖν
1121 2399 1287 2456 ἀληθῆ
1343 2402 1408 2451 τὰ
1462 2395 1799 2469 δεδηλωμένα
1845 2417 1942 2451 πα-

335 2488 702 2565 ραδεξάμενος.
751 2489 838 2552 Ὠς
913 2492 1015 2565 γὰρ
1085 2485 1152 2546 δὴ
1216 2508 1306 2539 και
1371 2488 1780 2559 μεταχαλίσαιτο
1856 2491 1943 2539 τόν

341 2580 604 2639 Ἰωάννην,
648 2599 739 2631 και
785 2577 829 2631 εἰ
878 2581 971 2639 τὰς
1027 2576 1302 2638 ἐπιστολὰς
1379 2576 1688 2649 ἐγχειρίσειε
1746 2581 1864 2629 τίνα
1892 2594 1946 2628 τε

339 2670 489 2722 ταῦτ’
546 2672 708 2734 ἔστιν,
787 2670 974 2742 ἔροιτο,
1016 2669 1042 2718 ό
1109 2663 1161 2717 δ’
1214 2666 1269 2718 ἐκ
1316 2674 1408 2718 τοῦ
1464 2666 1646 2726 εὐθέως
1708 2670 1797 2734 μιν
1853 2666 1947 2717 οὐκ

341 2754 484 2829 εἶχεν
516 2755 815 2821 ἀνανεῦσαι,
849 2752 990 2828 μηδὲ
1042 2758 1108 2806 τα
1168 2762 1258 2806 τοῦ
1310 2756 1621 2828 γράμματος
1680 2754 1951 2826 ἀπομόσα-

345 2850 471 2899 σθαι
498 2846 517 2918 (
547 2853 782 2907 τοιοῦτος
815 2850 905 2897 καὶ
934 2847 1036 2917 γὰρ
1089 2844 1372 2915 ἐτύγχανεν
1404 2844 1470 2895 ὧν
1525 2842 1744 2915 ἀκριϐὴς
1798 2846 1947 2915 ἄγαν,

343 2936 404 2988 οὐ
446 2939 709 3009 προπετὴς
738 2954 829 2986 και
888 2936 984 2990 τὴν
1044 2936 1382 3004 συναρπαγὴν
1442 2928 1813 3005 διαφυγγάνων
1877 2933 1952 3003 ἐφ’

345 3025 596 3093 ἅπαντι),
659 3018 951 3075 συνειδέναι
1004 3017 1063 3073 δε
1116 3021 1257 3090 αὐτῷ
1296 3016 1499 3073 τοιόνδε
1546 3040 1597 3071 τι
1642 3040 1954 3093 μετακεχει-

346 3117 573 3189 ρισμένῳ
602 3110 894 3186 θαρραλέως
948 3108 1255 3182 ἁπέφασκεο
1321 3115 1393 3182 μὴ
1437 3107 1561 3171 δοὺς
1616 3109 1836 3183 ἀναϐολῇ
1891 3113 1959 3162 τὰ

2022 618 2475 684 obstrinximus,
2508 620 2775 688 urgendo
2822 626 2883 675 ut
2914 621 3217 688 regionem
3253 629 3417 677 tuam
3465 624 3671 693 subju-

2024 723 2165 776 gare
2193 722 2393 775 coner,
2454 714 2631 779 atque
2659 707 2940 763 auxilium
2973 708 3049 763 ad
3076 710 3185 763 hoc
3213 726 3333 764 non
3367 712 3673 766 modicum

2026 794 2170 849 mihi
2215 810 2276 849 se
2323 794 2586 849 laturum
2630 795 2986 867 pollicendo.
3046 801 3255 852 Verum
3288 814 3397 867 ego
3430 800 3675 854 sincerae

2025 882 2300 938 amicitiae
2355 882 2499 937 nihil
2549 884 2960 955 comparabile
3005 901 3129 939 esse
3171 887 3541 956 existimans,
3570 888 3677 943 hu-

2019 970 2287 1043 jusmodi
2325 973 2740 1039 suggestiones
2790 978 2968 1044 atque
3021 974 3266 1029 consilia
3309 975 3628 1032 abominor
3658 991 3673 1006 ο

2025 1060 2191 1132 quod
2218 1060 2378 1115 enim
2412 1066 2535 1115 tam
2571 1077 2862 1131 magnum
2903 1062 3135 1118 lucrum
3178 1065 3323 1119 mihi
3353 1074 3549 1137 posset
3572 1068 3678 1122 ali-

2028 1148 2222 1203 cunde
2264 1164 2588 1218 emergere,
2638 1159 2878 1221 prOpter
2920 1152 3086 1222 quod
3129 1153 3325 1208 {Ledus
3372 1154 3590 1210 violem
3626 1159 3681 1210 et

2029 1237 2293 1292 amicum
2320 1252 2639 1307 provocem
2666 1239 2743 1293 ad
2775 1239 3151 1295 iracundiam
3174 1242 3201 1295 ?
3227 1246 3513 1297 Caeterum
3546 1245 3680 1315 quis

2031 1326 2237 1380 talium
2271 1327 2647 1381 machinator
2678 1328 2774 1392 sit,
2806 1328 2935 1398 ipse
2970 1330 3151 1401 (quod
3197 1332 3386 1399 aiunt)
3422 1335 3634 1403 prodet
3666 1352 3679 1388 :

2031 1414 2243 1468 idenim
2263 1414 2623 1468 manifestum
2642 1416 3256 1488 facitepistola,ipsius
3272 1422 3513 1491 propria
3550 1437 3683 1476 exa-

2032 1507 2373 1556 ratamanu.
2392 1504 2525 1556 Haec
2539 1518 2755 1574 nempe
2774 1512 2912 1558 sunt
2926 1505 3302 1575 imperatorio
3316 1508 3482 1579 apice
3497 1509 3685 1577 digna

2034 1594 2089 1644 et
2108 1590 2167 1643 in
2190 1605 2511 1644 commune
2543 1590 2706 1645 utilia
2728 1592 2987 1659 cogitata
3013 1611 3024 1657 ;
3072 1594 3156 1647 sic
3183 1610 3319 1649 eum
3347 1612 3455 1651 sua
3484 1596 3690 1652 docuit

2034 1694 2332 1751 purpura:
2366 1680 2446 1733 ita
2492 1679 2766 1734 sublimis
2796 1681 2955 1735 illius
2984 1682 3579 1757 honoratissimzeque
3605 1686 3691 1740 di-

2035 1768 2275 1839 gnitatis
2297 1768 2556 1836 insignia
2576 1784 2696 1823 non
2719 1769 3099 1839 patiebantur
3122 1772 3284 1827 vafre
3306 1773 3691 1831 dissimulan-

1232 1862 1515 1935 ἀνέχεσθαι
1587 1864 1926 1935 φθέγγεσθαι,
1958 1881 2001 1934 Β
2037 1864 2157 1911 tem
2227 1861 2329 1911 aut
2409 1857 2657 1912 omnino
2702 1858 2943 1914 reticere
2990 1876 3003 1913 ι

1921 1881 2001 1934 ,Β
2037 1864 2157 1911 tem
2227 1861 2329 1911 aut
2409 1857 2657 1912 omnino
2702 1858 2943 1914 reticere
2990 1859 3327 1932 quidpiam,
3361 1869 3465 1919 aut
3515 1880 3692 1934 agere

2039 1945 2464 2002 fraudulenter.

2111 2037 2200 2089 27.
2239 2037 2562 2107 Postquam
2613 2036 2759 2092 tales
2790 2038 3113 2108 scripturas
3138 2042 3367 2113 accepit
3396 2043 3695 2100 barbarus

2042 2124 2233 2195 iisque
2289 2130 2567 2181 contenta
2624 2127 3004 2198 perlustravit
3056 2130 3264 2199 oculis,
3329 2132 3698 2190 inhumanus

2039 2216 2168 2285 jam
2217 2219 2394 2270 antea
2445 2230 2582 2269 cum
2627 2220 2783 2270 esset
2847 2222 2902 2272 et
2954 2217 3398 2278 inconsiderato
3471 2226 3701 2296 impetu

2046 2301 2181 2359 ferri
2202 2304 2260 2357 in
2284 2303 2661 2360 iracundiam
2683 2305 2891 2360 solitus
2918 2320 3302 2381 praecepsque
3319 2311 3398 2366 ad
3409 2313 3705 2384 quidlibet

2048 2392 2475 2460 effutiendum;
2511 2410 2652 2449 vera
2681 2410 2809 2450 esse
2842 2412 2981 2451 mox
3026 2399 3275 2455 credidit
3312 2417 3448 2472 quae
3480 2403 3705 2472 signiti-

2051 2483 2344 2538 cabantur
2375 2482 2510 2537 Slbl.
2562 2484 2933 2540 Accersitum
2963 2502 3106 2555 ergo
3134 2489 3426 2545 Joannem
3458 2507 3597 2547 cum
3623 2493 3709 2547 in-

2054 2578 2429 2643 terrogasset,
2458 2577 2655 2628 utrum
2683 2574 2809 2644 ipse
2840 2591 2943 2630 eas
2973 2578 3306 2650 scripsisset
3336 2582 3620 2652 epistolas
3652 2587 3712 2639 et

2053 2662 2201 2735 quid
2245 2663 2373 2719 hch
2416 2663 2529 2718 sibi
2576 2663 3113 2739 vellent;cumque
3160 2668 3276 2737 ille,
3322 2677 3386 2725 ut
3416 2672 3474 2727 in
3514 2689 3576 2728 re
3602 2673 3714 2728 im-

2056 2752 2302 2824 provisa
2317 2768 2437 2808 non
2459 2753 2705 2808 auderet
2724 2769 2899 2810 suam
2920 2771 3048 2811 esse
3072 2758 3430 2830 scripturam
3448 2762 3715 2820 abnuere

2058 2845 2209 2910 (erat
2251 2842 2410 2896 enim
2452 2858 2744 2914 perquam
2771 2843 3242 2917 circumspectus
3264 2849 3321 2904 in
3348 2851 3543 2907 verbis
3581 2868 3719 2909 cau-

2062 2936 2297 3003 tusque,
2324 2946 2399 2985 ne
2421 2947 2542 3003 qua
2565 2932 2625 2986 in
2646 2932 2716 2986 iis
2743 2932 2855 2988 sibi
2886 2933 3201 3006 obreperet
3232 2937 3505 3012 falsitas).
3528 2942 3736 2999 ﬁdenr

2062 3028 2152 3076 ter
2202 3026 2403 3075 tamen
2452 3020 2840 3091 inﬁciaretur,
2902 3039 2963 3077 se
3007 3024 3140 3079 talis
3210 3027 3384 3083 ullius
3442 3029 3724 3088 facinoris

2066 3109 2288 3164 habere
2310 3110 2761 3176 conscientiam,
2801 3111 2895 3166 vel
2920 3113 3235 3186 quidpiam
3264 3117 3564 3187 ejusmodi
3608 3126 3725 3177 tra-

346 3209 444 3262 τῆς
474 3199 726 3271 σκέψεως,
776 3205 845 3271 μὴ
876 3202 1056 3273 καιρὸν
1114 3197 1244 3269 ἐφείς
1295 3197 1591 3266 ἐξετάσεως,
1660 3201 1725 3258 ὡς
1777 3197 1837 3249 ἂν
1877 3199 2036 3280 Ertio
2070 3204 2117 3253 ct

1955 3202 2036 3280 ῑο
2070 3198 2346 3267 ctavisse,
2380 3203 2672 3269 tyrannus
2704 3215 2898 3272 neque
2931 3218 3169 3258 moram
3199 3205 3601 3278 disquisitioni
3637 3212 3726 3267 in-

349 3299 448 3342 τῶν
493 3290 910 3361 ὁμολογουμένως
974 3291 1303 3360 κατακρίτων
1356 3307 1445 3337 και
1491 3290 1686 3348 πάσαις
1744 3284 1962 3340 καταδε-

352 3376 701 3451 δικασμένων,
779 3382 873 3435 τὴν
956 3396 1209 3449 τιμωρίαν
1285 3375 1514 3437 ἀνηλεως
1600 3376 1958 3449 ἀποφαίνεται.

354 3472 457 3523 Καί
481 3478 609 3540 γουν
642 3472 737 3525 τὴν
768 3475 860 3528 τῆς
892 3464 1064 3529 δεξιᾶς
1119 3465 1393 3540 ἀφαίρεσιν
1424 3468 1449 3518 ὁ
1496 3471 1618 3527 τέως
1671 3464 1846 3529 δεξιός
1900 3472 1965 3520 τα

349 3558 505 3611 πάνθ’
549 3559 813 3632 ὑπηρέτης
858 3552 1336 3623 καταδεδίκασται,
1395 3556 1501 3626 οὐχ
1545 3557 1699 3614 ἧττον
1751 3556 1966 3635 εὐλόγως

350 3649 381 3706 ἣ
415 3646 806 3720 φιλανθρώπως,
852 3647 968 3707 ags
1024 3648 1227 3707 ἀπηνὴς
1276 3664 1365 3697 και
1408 3648 1475 3697 τὰ
1516 3649 1687 3698 πάντα
1736 3647 1965 3721 παραλο-

346 3756 439 3808 γος
482 3740 608 3807 ᾤετο
634 3756 647 3769 ·
689 3740 785 3793 τὴν
823 3737 923 3808 γὰρ
978 3753 1059 3786 τοι
1114 3736 1626 3808 χαθυπηρετήσασαν
1677 3741 1969 3810 εστερηκὼς

354 3846 446 3878 και
501 3830 597 3883 τὴν
666 3832 758 3877 τοῦ
830 3826 980 3897 ἔργον
1060 3824 1540 3895 κατατολμήσασαν
1611 3824 1965 3898 ἀποκεκοφὼς,

360 3914 472 3967 οὔτ’
504 3914 659 3967 οὐτόν
710 3920 896 3966 εκεῖνον
943 3913 1141 3966 τοιαῦτ’
1198 3916 1391 3984 ἀφῆκεν
1442 3914 1601 3967 εἰσέτι
1658 3910 1968 3987 διαπράττε-

359 4006 485 4058 σθαι
510 3999 791 4073 δύνασθαι,
817 4002 927 4055 οὗθ’
959 4005 1127 4076 ἕτερόν
1188 4021 1316 4056 ποτε
1362 4012 1812 4077 κατεπιχειρῆσαι
1866 4014 1969 4057 τῶν

360 4092 551 4166 ὁμοίων
565 4112 611 4154 ες
623 4092 861 4166 ὕστερον.

432 4181 533 4241 κη’.
566 4181 642 4235 Οὐ
674 4186 844 4255 μέντοι
882 4201 941 4253 γε
962 4185 1127 4256 μέχρι
1175 4184 1363 4234 τούτου
1426 4188 1581 4240 σταίη
1630 4186 1697 4235 τὰ
1745 4191 1838 4246 τῆς
1880 4183 1967 4256 ὀρ-

358 4280 482 4344 γῆς,
512 4268 627 4325 οὐδ’
653 4272 726 4333 εἰς
750 4268 873 4324 τόδε
895 4275 951 4323 τό
997 4267 1165 4324 δεινόν
1195 4266 1392 4333 λήξειεν
1428 4293 1438 4305 ·
1493 4272 1625 4325 ἀλλά
1682 4282 1835 4326 τοῦτο
1878 4277 1969 4347 μὲν

360 4360 432 4423 εἰς
497 4360 801 4432 χλευασμὸν
848 4368 941 4411 τοῦ
996 4358 1282 4421 ἑαλωκότος
1339 4356 1498 4418 δῆθεν
1566 4380 1649 4414 επι
1707 4366 1965 4425 τοιούτου,

357 4458 514 4503 τοῦτο
554 4445 612 4502 δέ
659 4468 749 4501 και
802 4456 902 4500 τῶν
952 4448 1135 4523 ἐτέρων
1197 4455 1582 4523 σωφρονισμόν,
1610 4458 1720 4511 τοῖς
1769 4452 1971 4523 ὁμοίοις

2070 3288 2346 3359 dulgens,
2400 3304 2596 3361 neque
2643 3296 2880 3363 tempus
2921 3296 3203 3360 examini,
3261 3302 3551 3370 tanquam
3578 3303 3639 3357 in
3666 3320 3728 3359 re

2071 3378 2297 3449 proprii
2323 3379 2441 3432 oris
2493 3379 2869 3435 confessione
2904 3390 3213 3454 cowperta
3243 3392 3300 3441 et
3327 3389 3729 3464 undequaque

2073 3466 2423 3531 certissima,
2472 3466 2738 3523 decernit
2782 3470 3169 3542 supplicium.
3222 3477 3304 3530 lta
3347 3478 3425 3532 ad
3472 3479 3731 3537 dexterae

2075 3572 2294 3611 manus
2354 3556 2783 3613 abscissionem
2832 3560 3038 3615 dexter
3071 3577 3179 3633 per
3216 3567 3423 3622 omnia
3465 3569 3734 3626 minister

2074 3645 2438 3711 damnatur;
2470 3646 2652 3718 idque
2683 3652 2771 3711 (ut
2818 3649 3076 3704 crudelis
3102 3651 3196 3706 ille
3218 3669 3287 3708 ac
3332 3670 3548 3727 prosus
3592 3660 3737 3716 irra-

2077 3734 2318 3790 tionalis
2356 3735 2757 3795 existimabat)
2791 3752 2914 3792 non
2940 3738 3140 3795 minus
3162 3744 3371 3816 merito
3399 3761 3587 3817 quam
3618 3748 3735 3805 cle-

2078 3828 2345 3879 menter:
2379 3823 2635 3880 dexteraa
2689 3825 2987 3898 siquidem
3038 3829 3365 3888 ministerio
3408 3838 3733 3907 privatum,

2077 3918 2153 3980 et,
2211 3929 2335 3985 qua
2375 3913 2610 3969 facinus
2662 3913 2856 3971 fuerat
2918 3933 3130 3986 ausus,
3182 3928 3349 3992 parte
3389 3926 3734 3997 multatum,

2078 4004 2471 4075 impotentem
2505 4004 2797 4061 reddebat
2822 4006 2901 4062 ad
2926 4007 3115 4064 simile
3140 4011 3455 4085 quidpiam
3489 4018 3738 4075 molien-

2078 4092 2226 4149 dum
2249 4094 2612 4166 patrandum
2624 4111 2693 4149 ve
2723 4095 3032 4169 deinceps.

2148 4185 2237 4238 28.
2263 4184 2392 4239 Non
2412 4186 2613 4239 tamen
2644 4184 2739 4239 hic
2791 4188 2947 4242 stetit
2979 4187 3236 4245 eﬂ‘raanis
3267 4192 3595 4253 iracundiae
3626 4199 3739 4256 im-

2078 4277 2290 4344 petus;
2320 4271 2426 4327 sed
2458 4271 2691 4328 addidit
2732 4273 2917 4340 aliud,
2940 4279 3159 4348 partim
3185 4280 3264 4336 ad
3310 4286 3739 4345 contumeliam

2079 4361 2209 4432 ejus
2238 4362 2342 4433 qui
2372 4360 2565 4418 fuerat
2586 4362 2639 4417 in
2672 4362 2887 4420 delicto
2918 4369 3634 4445 comprehensus,partim
3659 4379 3739 4435 ad

2080 4450 2334 4507 aliorum
2361 4467 2435 4507 ne
2455 4451 2515 4505 in
2549 4453 2690 4508 talia
2720 4470 2994 4527 unquam
3045 4459 3501 4527 prolaberentur
3529 4482 3736 4523 exem-

360 4544 431 4603 ὡς
457 4538 516 4591 ἂν
546 4558 606 4611 γε
634 4544 706 4612 μὴ
740 4541 1087 4613 περιπέσοιεν,
1134 4537 1245 4609 ἅμα
1302 4534 1360 4591 δὲ
1414 4559 1504 4591 και
1538 4540 1615 4636 ἐξ
1663 4543 1829 4616 ἄκρας
1880 4545 1967 4617 όρ‹
1998 4578 2047 4636 D
2081 4539 2131 4612 pl

1998 4578 2047 4636 Β
2081 4539 2269 4636 plum,
2308 4540 2547 4636 eodem
2570 4544 2752 4599 etiam
2786 4543 2943 4600 facto
2985 4562 3111 4602 suae
3149 4549 3474 4609 obsecutus
3516 4558 3738 4627 gravis-

358 4637 463 4699 γῆς
503 4648 558 4681 τε
611 4648 701 4680 και
755 4634 943 4701 μίσους
983 4630 1339 4699 επιγενομένου
1381 4627 1489 4681 ἀνθ’
1532 4625 1595 4692 ἧς
1642 4636 1763 4691 τέως
1821 4651 1970 4707 στορ-

359 4726 463 4791 γῆς
509 4737 563 4770 τε
626 4737 717 4769 και
768 4717 997 4790 εὐμενίας
1079 4721 1320 4774 εχεκτητο
1385 4722 1517 4790 πρός
1586 4719 1741 4771 αὐτόν
1814 4720 1971 4789 (οὕτω

360 4828 454 4860 χαι
520 4809 621 4881 γὰρ
680 4806 930 4879 εἰώθαμεν
993 4807 1278 4879 ἄνθρωποι,
1342 4814 1429 4869 οῦς
1482 4813 1582 4882 πρό
1635 4818 1825 4883 μικροῦ
1876 4830 1971 4863 πο-

364 4900 570 4959 θοῦντες
642 4892 791 4970 ἦμεν,
820 4898 863 4948 εἶ
918 4899 972 4968 γέ
1012 4914 1066 4948 τι
1109 4899 1297 4971 μικρὸν
1351 4894 1621 4970 ἁμηγέπου
1669 4904 1972 4976 προσκρού-

437 5109 549 5200 (ll)
577 5107 968 5200 Experbolice
998 5108 1060 5170 id
1082 5108 1521 5200 accipiendum,
1552 5112 1842 5200 sive‘cum
1881 5134 1968 5200 re—

364 5190 575 5268 spectu
595 5185 674 5241 ad
720 5190 1009 5267 tractatus
1060 5185 1291 5266 pridem
1340 5185 1538 5256 initos,
1594 5189 1701 5245 sed
1748 5192 1970 5271 saepius

361 5257 638 5339 violatos,
672 5271 779 5338 per
794 5264 1155 5339 irruptiones
1179 5264 1417 5339 iteratas
1446 5260 1879 5339 saracenorum
1908 5279 1968 5318 in

365 5332 705 5409 Romanum
736 5331 1076 5409 imperium.
1101 5332 1250 5409 [iam
1281 5331 1440 5409 idem
1476 5332 1869 5409 Theophanes
1890 5340 1969 5390 te-

364 5406 574 5468 statur,
596 5399 762 5472 quod
784 5399 1455 5472 pradictuslasalmas,
1478 5399 1657 5459 anno‘
1674 5404 1880 5460 Leonis
1907 5410 1969 5462 to

369 5495 391 5522 ι
414 5474 752 5546 Caesaream
769 5472 1166 5544 Cappadociae
1178 5472 1361 5529 armis
1376 5488 1859 5546 aggressus,eam
1874 5493 1967 5533 oc-

366 5544 613 5615 cupavit
632 5565 665 5615 »ξ
682 5548 736 5598 et
752 5557 994 5615 rursum
1011 5558 1173 5600 anno
1194 5547 1258 5599 14
1277 5566 1306 5595 ι(
1330 5544 1666 5602 Romanam
1679 5546 1969 5606 ditionem

366 5613 556 5693 armis
576 5613 896 5693 infestavit,
923 5620 1105 5693 atque
1134 5616 1212 5693 inp
1235 5617 1615 5690 Cappadocia
1661 5620 1971 5678 Charsiani

367 5658 791 5758 Εἶὲἄέὼῖ
797 5658 1220 5758 ἂὶῖἱοᾜυῖἧάέᾖ
1237 5658 1639 5746 ΐᾶνῖὦέἷὶἷη
1662 5658 1972 5751 ῗιῗιὶἵἽὲ

369 5780 403 5812 ει
432 5758 653 5817 Iavias
672 5756 834 5817 illius
860 5760 1020 5817 [nam
1045 5756 1277 5818 bellum
1299 5760 1608 5820 Romanis
1625 5761 1841 5837 intulit,
1871 5780 1973 5838 pe-

2082 4629 2251 4686 simae
2304 4630 2404 4685 iraa
2452 4630 2738 4703 odioque,
2791 4635 3135 4692 succedenti
3166 4638 3225 4694 in
3270 4642 3470 4699 locum
3521 4647 3735 4719 prioris

2080 4719 2304 4775 amoris
2332 4736 2402 4775 ac
2427 4719 2876 4777 benevolentiae.
2930 4724 3024 4780 Sic
3080 4728 3241 4783 enim
3280 4730 3465 4788 ferme
3493 4751 3737 4809 compa—

2078 4808 2191 4865 rati
2230 4824 2463 4875 sumus,
2501 4815 2561 4865 ut
2584 4810 2804 4882 quibus
2835 4814 3016 4883 paulo
3046 4822 3182 4872 ante
3214 4808 3737 4884 aiﬁciebamurite-

2078 4899 2281 4956 nerius
2328 4900 2379 4955 si
2415 4899 2563 4972 quid
2617 4899 2977 4961 offenderint
3014 4921 3262 4980 quoquo
3300 4913 3507 4985 modo,
3540 4920 3737 4990 magis

2077 5123 2432 5197 netrataque
2447 5133 2587 5175 cum
2610 5124 2842 5197 armato
2861 5120 3045 5197 milite
3066 5123 3496 5197 Paphlagonia,
3546 5136 3738 5195 multa

2079 5192 2455 5273 captivorum
2488 5193 2693 5273 praeda
2720 5193 2943 5273 ditatus
2970 5194 3031 5250 in
3062 5192 3326 5273 patriam
3349 5192 3520 5261 rediit
3547 5224 3559 5273 ;
3592 5230 3618 5257 ››
3651 5192 3735 5265 ηξιῖ

2078 5263 2196 5344 que
2224 5264 2307 5318 ita
2331 5263 2616 5344 deinceps
2638 5265 2889 5344 singulis
2909 5264 3039 5344 fere
3061 5263 3258 5344 annis,
3290 5263 3564 5344 quamdiu
3590 5263 3736 5338 viiit

2082 5334 2215 5419 lico,
2267 5334 2453 5416 modo
2509 5334 2749 5419 Mavias,
2781 5337 2965 5419 modo
2999 5334 3288 5419 suiman,
3309 5334 3425 5400 ‘tilii
3455 5334 3734 5419 eiusde—mi

2081 5406 2721 5489 isam,prov‘incias_has
2733 5408 2980 5487 autillas
3001 5410 3255 5489 ingressi
3266 5406 3567 5489 leguntur;
3596 5406 3735 5480 ἀῶ

2078 5478 2551 5606 illecptt'thodoxis
2592 5479 2927 5550 imaginum
2958 5478 3286 5541 cultoribus
3325 5478 3627 5551 vvexandis
3650 5478 3739 5553 in;

2101 5566 2174 5606 en
2223 5566 2240 5605 ι
2271 5589 2286 5605 .

2077 5555 2286 5608 tendit.

2079 5620 2539 5752 ci(ﬁt’>)ﬂt’idetur
2560 5638 2770 5679 versus
2794 5623 2890 5681 vel
2927 5624 3139 5686 saltem
3181 5630 3369 5691 verba
3390 5633 3621 5710 aliquot
3643 5655 3743 5698 ex-

2201 5711 2260 5751 ss
