4484 6446
846 412 949 472 847

840 629 1082 693 bamus,
1136 622 1333 687 hodie,
1369 620 1417 676 si
1457 619 1657 689 tegula
1706 618 2037 685 intercidat,
2078 624 2142 676 ut
2167 621 2488 692 proverbio

794 716 1074 783 edicitur,
1131 711 1438 768 oderimus
1484 724 1554 764 ac
1608 707 2021 779 reprobamus.
2083 708 2180 763 His
2231 723 2373 779 ergo
2412 709 2487 766 de

838 804 1037 862 causis
1080 800 1397 857 rescissam
1444 797 1717 853 dextram
1743 796 1913 866 jubet
1934 796 2248 867 praefectus
2280 797 2400 853 tolli
2425 798 2484 854 in

835 894 1024 951 altum
1076 906 1147 947 ac
1194 887 1395 944 medio
1450 887 1577 941 foro
1630 885 1921 957 suspendi
1950 884 2028 941 ad
2072 886 2484 957 spectaculum

835 982 1128 1038 omnium.
1162 981 1276 1034 Nec
1306 991 1496 1038 mora,
1530 975 1917 1046 suspenditur
1944 972 2209 1044 dextera,
2240 974 2485 1031 dextera

835 1072 1043 1144 utique
1097 1065 1353 1132 Domini,
1393 1064 1639 1119 dextera
1666 1063 2058 1135 priestantiori
2091 1062 2477 1133 gloriﬁcanda

829 1161 1064 1225 virtute,
1118 1156 1364 1211 dextera
1390 1168 1527 1225 quae
1558 1149 1847 1221 confregit
1876 1151 2171 1221 inimicos,
2206 1158 2480 1208 auctores

826 1247 1047 1304 scilicet
1108 1260 1178 1301 ac
1230 1247 1561 1314 repertores
1615 1240 1984 1312 imposturae,
2042 1256 2177 1311 qua:
2240 1241 2478 1311 magni-

826 1337 1031 1393 tudine
1061 1349 1184 1390 suze
1224 1330 1425 1402 glorias
1452 1329 1724 1385 contrivit
1751 1329 2127 1385 adversarios
2156 1348 2168 1385 :
2200 1329 2477 1386 adversa-

824 1427 893 1483 rii
934 1428 1134 1480 autem
1165 1425 1335 1477 erant
1362 1420 1744 1475 innovatores
1783 1416 2124 1473 divinarum
2151 1434 2221 1474 ac
2250 1418 2472 1490 patria-

818 1530 956 1571 rum
1012 1510 1421 1575 traditionum,
1467 1506 1865 1578 improbitatis
1904 1505 2136 1579 pugiles
2175 1506 2470 1577 generosi,

821 1617 1153 1674 eorumque
1178 1600 1561 1654 instructores
1590 1594 1918 1665 daemones,
1939 1596 2041 1668 qui
2059 1611 2170 1651 nos
2182 1596 2314 1666 jam
2332 1596 2470 1652 inde

819 1709 857 1749 a
870 1690 1162 1765 principio
1178 1687 1449 1745 oderant.
1471 1685 1731 1741 Detrium
1747 1684 1967 1756 phatur
1977 1684 2223 1740 dextera
2240 1685 2418 1741 etiam
2434 1700 2471 1741 a

816 1778 1215 1840 remotissimis
1237 1775 1510 1848 partibus
1527 1776 1792 1829 virtutem
1805 1776 2074 1846 operata,
2100 1789 2468 1845 quaenovum

2042 403 2502 466 CONSTANTINI
2537 409 3017 468 ACROPOLITzE.

843 541 1021 597 etiam
1071 535 1531 593 aversemurzet
1558 530 1726 603 quod
1758 529 1885 586 heri
1930 530 2266 603 impensius
2315 548 2488 589 ama-
2521 534 2568 588 Α
2604 554 2614 585 ι

2029 531 2266 602 pensius
2315 548 2488 589 ama-
2521 534 2568 588 Α
2604 552 2765 600 σειαν,
2798 535 2865 586 τὰ
2908 533 3115 606 μέγιστ’
3166 536 3345 607 αἰφνης
3398 532 3800 610 ἀπεχθανόμεθα

4103 414 4207 475 848

3849 558 3863 572 ·
3904 543 3995 591 καὶ
4024 542 4073 592 οἰ
4134 548 4198 613 τῇ

2600 624 2731 694 χθες
2777 621 3032 696 ἐρωτικῶς
3098 628 3216 697 περὶ
3271 621 3396 678 τόδε
3442 645 3494 677 τι
3567 623 3905 700 διακείμενοι,
3978 632 4200 703 τήμερον

2599 710 2882 786 ὀστράκου,
2914 714 2972 764 τὸ
3010 719 3101 763 τοῦ
3158 711 3336 784 λόγου,
3392 720 3789 786 μεταπεσόντος,
3838 722 4092 789 μισοῦμέν
4146 736 4199 771 τε

2596 804 2686 851 καὶ
2727 801 3009 873 κακίζομεν
3052 804 3066 867 )
3127 822 3140 835 ο
3201 805 3394 854 τούτων
3444 806 3534 876 μὲν
3600 802 3689 856 οὖν
3736 808 3899 878 χάριν
3964 826 4055 858 και
4104 803 4199 860 διὰ

2596 897 2758 940 ταῦτα
2809 888 2885 941 ἐπ’
2926 890 3121 963 ἀγορᾶς
3166 894 3327 963 μέσης
3374 896 3467 950 τὴν
3526 892 3831 946 ἐκκοπεῖσαν
3871 894 4196 967 αἰωρηθῆναι

2596 974 2969 1034 διακελεύεται.
3029 986 3121 1033 Τοι
3144 982 3245 1054 γάρ
3303 1000 3385 1033 τοι
3410 986 3499 1033 καὶ
3574 986 3704 1055 πρὸς
3758 985 3875 1035 θέαν
3932 986 4190 1042 πάντωνὴ

2595 1064 2743 1129 δεξιὰ
2794 1072 3068 1141 κρέμαται,
3157 1066 3305 1131 δεξιὰ
3352 1072 3419 1133 ὡς
3486 1070 3690 1133 ἀληθῶς
3767 1077 3982 1146 Κυρίου,
4043 1069 4194 1135 δεξιὰ

2593 1150 2949 1228 δεδοξασμένη
3010 1154 3058 1207 ἕν
3137 1155 3312 1227 ἰσχύϊ,
3366 1165 3427 1230 τῇ
3505 1160 3732 1233 θειοτέρα
3798 1156 4029 1212 δελονότι
4104 1166 4193 1213 καὶ

2588 1248 2864 1314 κρείττονι,
2900 1240 3049 1306 δεξιά
3086 1264 3115 1302 η
3155 1246 3434 1316 θραύσασα
3472 1244 3719 1319 ἐχθρούς,
3776 1252 3898 1311 τούς
3956 1250 4193 1322 προπά-

2587 1348 2681 1391 τας
2711 1327 2920 1389 δηλαδή
2954 1337 3043 1383 καὶ
3074 1333 3280 1405 εὑρετὰς
3333 1342 3423 1394 τῆς
3475 1336 3741 1407 εύρίσεως,
3797 1356 3887 1387 και
3942 1345 4013 1407 τῷ
4059 1336 4188 1394 πλή-

2587 1420 2663 1471 θει
2692 1428 2782 1481 τῆς
2812 1417 2973 1483 δόξης
3017 1424 3139 1483 τοὺς
3195 1424 3500 1485 ύπεαντίους
3559 1423 3895 1497 συντρίψασα
3929 1442 3940 1453 ·
3982 1427 4104 1494 (τίς
4153 1427 4184 1483 ἡ

2584 1503 2734 1579 δόξα,
2771 1510 2801 1566 ἡ
2862 1510 3004 1583 παρὰ
3034 1516 3168 1561 Θεού
3219 1513 3469 1583 σύναρσις
3512 1529 3523 1580 ;
3572 1510 3591 1581 )
3631 1512 3923 1565 ὑπεναντίοι
3972 1509 4030 1565 δε
4085 1515 4191 1588 ἄρα

2580 1598 2628 1648 οἱ
2658 1601 2923 1669 κενοτόμοι
2957 1596 3140 1650 ἐκεῖνοι
3188 1606 3288 1649 τῶν
3349 1602 3494 1651 θείων
3554 1604 3642 1651 καὶ
3696 1610 3964 1676 πατρικῶν
4016 1622 4184 1674 παρα-

2581 1681 2800 1756 δόσεων,
2829 1689 2877 1739 οἰ
2900 1694 3122 1758 γενναῖοι
3175 1695 3265 1747 τῆς
3312 1708 3498 1750 κακιας
3562 1690 3918 1758 ὑπασπισταὶ,
3990 1695 4078 1743 καὶ
4134 1694 4185 1744 οἰ

2580 1772 2817 1827 ἀλεῖπται
2841 1780 3058 1828 τουτωνὶ
3092 1771 3351 1848 δαίμονες,
3412 1779 3461 1829 οἱ
3513 1776 3747 1852 ἀρχῆθεν
3800 1781 3925 1851 ἡμῖν
3983 1775 4185 1853 δυσμε-

816 1870 996 1928 simul
1034 1884 1103 1924 ac
1135 1872 1392 1922 veterem
1436 1862 1734 1927 Israelem,
1777 1861 1937 1918 hunc
1977 1866 2265 1934 tempore,
2302 1862 2468 1920 illum
2502 1893 2540 1947 Β
2578 1884 2587 1914 ι

2417 1880 2468 1920 m
2502 1893 2540 1947 Β
2578 1871 2680 1926 νείς
2707 1869 2797 1917 xui
2849 1863 3104 1936 πολέμιοι.
3152 1865 3564 1939 Τεθριάμϐευται
3614 1864 3782 1934 δεξιὰ,
3823 1870 3853 1925 ἡ
3910 1873 4188 1927 ποιήσασα

814 1957 1179 2017 revelatione
1224 1952 1560 2027 perfectiori
1585 1967 1656 2008 ac
1701 1950 2040 2021 cognitione
2079 1951 2358 2007 diviniori
2386 1951 2468 2008 sic

811 2050 1060 2115 dictum,
1091 2048 1300 2100 contra
1328 2040 1599 2096 inimicos
1628 2040 2010 2095 vehementer
2038 2039 2464 2096 corroboravit.

817 2141 994 2193 Porro
1020 2133 1218 2190 statim
1242 2136 1423 2203 atque
1443 2130 1502 2183 in
1516 2128 1790 2184 omnium
1812 2134 2203 2200 conspectum
2225 2128 2469 2186 dextera

812 2226 915 2283 illa
957 2223 1131 2285 venit,
1177 2235 1391 2277 omnes
1421 2216 1601 2273 simul
1632 2220 1689 2273 et
1718 2216 2097 2273 crediderunt
2142 2216 2381 2290 culpam
2413 2221 2469 2273 et

810 2329 1057 2388 poenam
1152 2293 1548 2380 agnoverunt,
1607 2305 1751 2367 noti,
1793 2305 2004 2375 ignoti,
2052 2305 2362 2363 domestici
2411 2311 2466 2362 et

810 2403 1009 2473 alieni,
1063 2401 1217 2457 bene
1266 2414 1335 2454 ac
1371 2395 1527 2452 male
1553 2394 1747 2451 affecti
1782 2395 2080 2468 (quamvis
2111 2400 2464 2468 promptum

806 2496 961 2547 esset
1018 2487 1314 2562 suspicari
1365 2485 1628 2557 aliquem
1659 2484 1786 2539 viro
1815 2499 1922 2556 per
1963 2484 2170 2539 omnia
2207 2484 2462 2540 honesto

804 2597 877 2638 ac
930 2579 1120 2654 probo
1173 2574 1526 2645 inimicum),
1576 2573 1750 2645 quasi
1780 2576 2057 2629 anatura
2105 2573 2180 2629 sit
2214 2573 2460 2630 insitum

803 2687 910 2727 seu
934 2669 1134 2743 potius
1163 2682 1199 2723 a
1229 2662 1663 2722 consuetudine
1711 2677 1900 2735 prava
1946 2662 2222 2719 inolitum
2253 2662 2459 2735 pleris-

799 2776 938 2833 que,
975 2758 1135 2814 mala
1172 2756 1353 2811 etiam
1396 2754 1471 2809 de
1502 2752 1744 2825 optimis
1770 2752 1941 2808 facile
1970 2753 2231 2809 credere.
2262 2752 2459 2824 Aliqui

802 2849 962 2905 enim
995 2852 1099 2904 aut
1126 2845 1325 2919 potius
1356 2842 1645 2915 plerique,
1679 2858 1782 2897 eos
1811 2857 1845 2897 a
1866 2841 2089 2914 quibus
2117 2857 2227 2897 nec
2259 2841 2318 2897 in
2341 2841 2458 2897 mi-

800 2938 968 2994 nimo
1019 2936 1267 3009 quidem
1300 2932 1424 2989 laesi
1455 2934 1613 2998 sunt,
1647 2931 1763 2986 hoc
1793 2931 1926 3003 ipso
1957 2931 2124 3004 quod
2152 2930 2248 2987 vel
2269 2931 2458 2988 tantil-

798 3028 925 3083 lum
976 3024 1340 3099 praecellant,
1401 3021 1659 3079 oderunt
1711 3024 1767 3075 et
1816 3026 2191 3091 aversantur,
2246 3026 2458 3077 contra

796 3124 1127 3174 creatorem
1176 3130 1383 3171 eorum
1442 3115 1630 3167 Deum
1659 3115 1904 3181 agentes
1933 3110 2333 3184 impudenter,
2360 3112 2454 3185 ip-

796 3207 1041 3279 siusque
1060 3200 1571 3275 magniﬁcentiam
1593 3200 1769 3272 aegris
1788 3199 1976 3256 oculis
1991 3201 2308 3257 intuentes.

801 3294 1237 3369 ἀποστρέφονται,
1326 3293 1457 3365 πρὸς
1545 3292 1632 3341 τόν
1732 3288 1969 3347 πλάστην
2037 3293 2193 3351 ὄντως

800 3389 1081 3457 στέγοντες.

865 3497 954 3548 29.
974 3490 1220 3557 Ututsit,
1236 3504 1342 3562 per
1353 3487 1627 3544 omnium
1640 3503 1747 3544 ora
1769 3486 2078 3559 divulgata
2090 3486 2455 3561 fuitetculpa
2497 3488 2537 3545 C

799 3588 857 3641 et
885 3581 1170 3656 poena,ita
1192 3578 1422 3635 volente
1450 3580 1568 3633 Deo
1598 3592 1707 3650 per
1735 3593 1919 3650 quem
1949 3576 2149 3634 denuo
2175 3576 2454 3634 facienda

796 3677 966 3731 erant
994 3685 1220 3740 magna
1248 3673 1306 3725 et
1331 3667 1593 3741 antiquis
1622 3667 1735 3722 illis
1788 3682 1913 3724 non
1943 3667 2246 3724 absimilia
2271 3668 2452 3723 mira-

797 3763 931 3819 cula
965 3781 979 3829 ;
1014 3762 1062 3816 si
1087 3775 1210 3816 non
1242 3758 1545 3814 mediante
1571 3759 1792 3829 Moyse,
1822 3759 2019 3826 Josue,
2045 3756 2189 3823 Elia,
2218 3762 2323 3813 aut
2353 3756 2455 3813 ali-

792 3868 917 3926 quo
946 3850 1381 3925 prophetarum
1411 3862 1481 3903 ac
1508 3846 1850 3903 divinorum
1880 3846 2130 3903 istorum
2162 3846 2451 3918 virorum,

797 3946 953 4000 certe
982 3938 1349 4005 immediate,
1389 3952 1497 4009 per
1524 3952 1647 3993 non
1681 3935 1999 4009 indignum
2031 3936 2079 3992 si
2108 3937 2246 4010 quis
2278 3936 2454 4008 alius,

796 4046 995 4104 neque
1051 4028 1323 4085 invitum.
1377 4026 1726 4083 Referantur
1776 4026 1954 4098 igitur
1978 4030 2037 4082 et
2070 4027 2455 4083 conferantur

796 4122 950 4177 inter
975 4135 1058 4185 se,
1090 4122 1146 4175 et
1166 4121 1595 4190 praeponantur
1611 4116 1788 4172 etiam
1813 4114 2107 4172 hodierna
2131 4116 2451 4172 veteribus.

792 4215 1116 4283 Postquam
1146 4208 1524 4264 detumuerat
1566 4204 1733 4261 furor
1761 4204 2025 4268 barbari,
2065 4206 2307 4262 mittens
2346 4205 2450 4262 ali-

799 4317 984 4374 quem
1006 4302 1267 4355 Joannes
1296 4294 1555 4368 reposcit
1576 4310 1847 4361 manum,
1876 4295 2261 4367 prtetexendo
2290 4295 2454 4352 dolo-

786 4389 869 4447 ris
897 4385 1361 4457 vehementiam,
1391 4388 1449 4442 et
1487 4384 1781 4440 cruciatus
1807 4384 2191 4441 acerbitatem
2224 4385 2451 4458 suppli-

792 4477 1012 4537 cationi
1026 4476 1173 4533 alias
1185 4491 1304 4532 non
1321 4472 1674 4541 excusabili;
1696 4472 2136 4547 allegandoque
2155 4475 2451 4531 rationem

787 4562 1371 4638 verosimilem,quod
1384 4578 1700 4636 nunquam
1714 4562 2083 4635 mitigandus
2096 4568 2254 4620 esset
2265 4579 2450 4636 preme

796 4674 1034 4729 sensus,
1085 4654 1357 4730 quandiu
1396 4669 1691 4726 suspensa
1728 4668 1949 4710 manus
1989 4658 2278 4711 maneret.
2334 4658 2449 4711 Nec

791 4748 1070 4822 pluribus
1115 4760 1271 4817 opus
1327 4742 1435 4800 fuit
1485 4742 1563 4799 ad
1615 4742 2009 4799 cicurandum
2058 4742 2315 4799 ferinum
2365 4748 2449 4816 ty-

2292 3288 2837 3363 ἆπαναισχυντοῡντες

2579 1952 2680 2005 κάκ
2742 1962 2842 2005 τῶν
2902 1953 3159 2006 ἀπωτάτω
3219 1960 3310 2006 καί
3383 1954 3645 2030 πόρρωθεν
3677 1953 3922 2028 δύναμιν,
3980 1962 4188 2011 καὶτὸν

2577 2047 2876 2117 πρόσφατον
2934 2044 3064 2116 ὁμοῦ
3120 2048 3210 2097 καὶ
3276 2044 3634 2119 πρεσϐύτατον
3693 2046 3927 2119 Ἰσραὴλ,
3987 2051 4045 2100 τό
4093 2051 4188 2119 μὶν

2578 2140 2649 2203 τῷ
2681 2137 2876 2205 χρόνῳ,
2910 2136 2967 2184 τὸ
3000 2129 3053 2184 δ’
3084 2131 3411 2205 ἀποκαλύψει
3468 2134 3745 2209 τελεωτέρα
3807 2140 3898 2189 καὶ
3964 2135 4188 2208 ἐπιγνώ-

2580 2240 2658 2273 σει
2690 2223 2920 2295 θειοτέρα
2956 2226 3046 2273 καὶ
3102 2227 3376 2293 κρείττονι,
3436 2226 3503 2275 τὰ
3559 2224 3762 2296 μεγάλα
3807 2224 3921 2277 κατ’
3980 2223 4187 2299 ἐχθρῶν

2576 2306 2931 2379 ἐνισχύσασα.
2962 2309 3097 2362 Ἀλλ’
3129 2308 3235 2362 ἐπεὶ
3291 2318 3416 2381 γούν
3475 2312 3548 2373 εἰς
3596 2314 3712 2364 θίαν
3763 2313 3853 2370 ἧκε
3897 2320 4051 2380 πᾶσι,
4094 2319 4186 2367 καὶ

2573 2400 2759 2460 πάντες
2788 2404 2881 2458 τὴν
2934 2396 3229 2458 καταδίκην
3278 2406 3367 2453 καὶ
3420 2405 3512 2460 τὴν
3552 2407 3805 2475 τιμωρίαν
3863 2402 4178 2475 ἐπέγνωσαν,

2575 2488 2832 2555 ωνὸθεις,
2902 2486 3145 2560 ἀγνῶτες,
3232 2489 3438 2555 οἰκεῖοι,
3507 2489 3786 2565 ἀλλότριοι,
3865 2490 4177 2560 ἐπιτήδειοι,

2573 2572 2867 2649 δυσμενεῖς,
2947 2581 3049 2649 εἰγε
3119 2582 3203 2630 καὶ
3274 2578 3604 2632 ὑπολειπτέον
3681 2580 3809 2633 εἶναί
3889 2601 4006 2634 τινα
4089 2587 4177 2635 τὸν

2570 2664 2916 2738 ἐχθραίνοντα
2971 2675 3043 2737 τῷ
3100 2668 3165 2719 τὰ
3218 2671 3388 2720 πάντα
3447 2668 3606 2741 καλῷ,
3665 2678 3737 2741 τῷ
3796 2674 3926 2745 πρὸς
3976 2673 4179 2736 πάντας

2568 2763 2816 2829 χρηστῷ.
2857 2759 3085 2828 Ῐῐεφυκὸς
3142 2753 3200 2809 δε
3247 2758 3351 2829 ἦρα
3398 2758 3662 2830 ξυμϐαίνει
3724 2781 3736 2793 ·
3792 2766 3882 2813 καὶ
3946 2765 4048 2834 γὰρ
4107 2770 4171 2834 τῇ

2569 2846 2793 2918 ἡμετέρα
2850 2848 3023 2897 τουτοί
3072 2847 3244 2917 φύσει,
3286 2846 3475 2919 μᾶλλον
3536 2845 3595 2900 δὲ
3630 2854 3719 2900 καὶ
3774 2852 3960 2902 εἴωθεν.
4000 2854 4073 2913 ὡς
4109 2855 4176 2903 τὰ

2566 2932 2728 2985 πολλά
2759 2932 3099 3005 ἐπιγίνεσθαι.
3162 2940 3327 2988 Ἔνιοι
3391 2941 3480 2988 καὶ
3543 2939 3668 3013 γὰρ,
3731 2938 3923 3012 μᾶλλον
3980 2936 4031 2992 δ’
4110 2942 4175 2991 ἶν’

2565 3022 2701 3074 οὕτω
2731 3027 2887 3093 φαίην
2918 3025 2965 3075 οἱ
2994 3022 3219 3091 πλείους,
3254 3029 3343 3077 xui
3372 3032 3477 3086 τοῖς
3509 3031 3581 3099 μὴ
3624 3023 3944 3086 ἠδικηκόσιν
3997 3026 4172 3093 οὐδὲν,

2567 3114 2671 3183 εἴγε
2729 3115 2882 3184 μόνον
2951 3110 3133 3166 ἐκεῖνοι
3219 3122 3359 3187 σφῶν
3440 3118 3793 3191 ύπερφέροιεν,
3872 3121 4056 3171 τούτου
4113 3114 4174 3171 δε

2563 3205 2721 3273 μόνου
2751 3207 2841 3255 καὶ
2900 3202 2995 3255 ούκ
3046 3202 3201 3255 ἄλλου
3259 3212 3499 3276 μισοῦσι,
3568 3211 3657 3259 καὶ
3710 3205 3949 3281 ἐκθύμως
3986 3209 4175 3271 αύτούς

2938 3296 3086 3359 Θεὸν,
3165 3298 3255 3346 xui
3326 3298 3422 3353 τὴν
3489 3294 3784 3369 φιλοτιμίαν
3849 3300 4037 3351 τούτου
4102 3303 4173 3371 μὴ

2633 3488 2730 3544 κθ’.
2766 3488 2903 3549 Πλὴν
2936 3488 3064 3544 ἀλλά
3111 3497 3244 3544 πᾶσι
3291 3495 3379 3544 καὶ
3422 3494 3487 3545 τὰ
3541 3502 3636 3555 τῆς
3693 3491 4012 3566 καταδίκης,
4077 3501 4171 3550 καὶ

2564 3580 2631 3631 τΞι
2694 3587 2785 3641 τῆς
2833 3579 3027 3652 χλεύης
3083 3579 3425 3652 ἓπέγνωσται,
3484 3588 3700 3657 προνοίᾳ
3750 3587 3952 3646 πάντως
4011 3595 4169 3653 Θεοῦ,

2564 3668 2687 3744 παρ’
2745 3670 2807 3722 οὗ
2864 3667 2931 3729 δὴ
2992 3672 3061 3723 τὰ
3105 3671 3304 3744 μεγάλα
3358 3676 3447 3725 καὶ
3504 3676 3642 3726 κατά
3694 3677 3759 3727 τὰ
3823 3681 3944 3749 πρίν
4004 3686 4174 3731 εκεῖνα

2568 3760 3091 3832 θαυματοποιηθῆναι
3136 3765 3226 3813 καὶ
3268 3758 3419 3825 αὖθις
3458 3762 3523 3814 αύ
3578 3762 3788 3836 ἤμελλεν
3817 3786 3830 3798 ·
3888 3765 3932 3818 εἰ
3984 3762 4042 3819 δὲ
4093 3772 4167 3839 μὴ

2567 3843 2643 3900 δι’
2674 3847 2820 3911 ἀξίου
2851 3858 2942 3902 τού
2972 3853 3135 3922 μέσου
3158 3854 3410 3921 Μωσέως,
3444 3856 3472 3910 ἦ
3510 3853 3705 3923 Ἰησοῦ,
3738 3857 3766 3912 ἦ
3821 3859 3925 3928 μὴν
3968 3855 4171 3926 Ἠλιοῦ,

2566 3937 2595 3995 ἦ
2656 3946 2755 3989 τῶν
2812 3957 2949 3999 τινος
2999 3938 3168 4013 ἐτέρου
3234 3959 3511 4013 προφητων
3562 3947 3653 3994 καὶ
3720 3944 3866 3995 θείων
3942 3941 4171 4019 ἀνδρῶν,

2566 4022 2770 4099 ἀμέσως
2804 4023 2863 4081 δε
2902 4028 2977 4081 επ’
3012 4026 3140 4101 ἀξίῳ
3167 4029 3333 4103 ἕτερός
3371 4050 3450 4093 τις
3559 4051 3616 4103 γε
3668 4033 3728 4084 ἄν
3783 4038 3871 4085 καὶ
3920 4038 3997 4093 εἵη
4041 4034 4174 4108 βου-

2563 4114 2778 4188 λομένῳ.
2843 4124 2943 4170 Και
3003 4118 3191 4190 λεγέτω
3245 4123 3336 4171 xui
3395 4124 3660 4191 συναγετω
3706 4124 3765 4174 τὸ
3823 4122 4169 4197 ὑπερϐάλλον,

2562 4209 2653 4257 καὶ
2682 4206 2998 4281 ύπερτιθὲτω
3026 4212 3117 4259 καὶ
3146 4217 3246 4259 τῶν
3302 4216 3390 4261 νύν
3455 4211 3585 4282 ὁμοῦ
3639 4231 3729 4263 και
3784 4220 3884 4264 τῶν
3935 4220 4169 4273 πώποτε.

2564 4294 2648 4356 Ὠς
2692 4298 2794 4371 γάρ
2837 4292 2905 4355 δὴ
2966 4305 3037 4368 τῷ
3096 4296 3340 4372 ϐαρϐὰρῳ
3392 4298 3599 4362 λήξειαν
3656 4303 3704 4353 οἱ
3739 4302 3913 4373 θυμοί,
3958 4303 4174 4376 πέμψας

2562 4386 2588 4436 ὁ
2620 4384 2877 4453 Ἰωάννης,
2911 4385 3135 4441 αἰτεῖται
3183 4392 3278 4446 τὴν
3334 4395 3515 4461 χεῖρα,
3570 4392 3628 4441 τό
3675 4390 3951 4464 περιαλγὶς
4010 4389 4172 4451 δῆθεν

2565 4478 3053 4549 σχηματισὰμενος,
3092 4496 3182 4529 και
3221 4480 3280 4530 τὸ
3332 4472 3441 4540 τῆς
3477 4475 3672 4541 ὀδύνης
3720 4480 3792 4541 εἰς
3851 4478 4173 4541 δυσώπησιν

2561 4564 2819 4641 ἀφόρητον
2849 4565 3276 4642 προϐαλλόμενος,
3338 4567 3522 4640 λόγους
3572 4589 3626 4622 τε
3674 4570 3921 4643 εὐλόγους
3966 4592 4171 4646 προφα-

2564 4658 2858 4729 σισὰμενος,
2904 4659 2973 4719 ὡς
3010 4658 3060 4719 ἔς
3102 4656 3150 4708 τ’
3206 4655 3266 4709 ἂν
3315 4658 3345 4716 ἡ
3402 4663 3524 4733 χεὶρ
3578 4657 3931 4736 ἁπηωρημένη
3978 4682 4032 4715 τε
4084 4668 4163 4724 εἴη

2560 4746 2626 4796 τὰ
2687 4752 2778 4798 τού
2827 4744 3017 4818 α’λγους
3070 4745 3201 4818 ούχί
3273 4745 3576 4820 λωφήσειεν.
3642 4750 3757 4802 Ἐπί
3808 4754 4010 4814 τούτοις
4074 4774 4167 4808 και

789 4836 967 4895 ranni
993 4836 1289 4901 animum,
1330 4837 1387 4890 et
1410 4848 1551 4889 eum
1580 4832 1685 4906 qui
1705 4832 2105 4907 implacabilis
2134 4833 2451 4890 videbatur
2486 4851 2528 4907 ο

2393 4848 2451 4890 Lll‘
2486 4851 2528 4907 ο
2563 4835 2785 4901 ἰλαρύνει
2842 4839 2929 4888 τὸν
2986 4837 3188 4909 ἄγριον,
3241 4857 3331 4890 και
3383 4841 3471 4891 τὸν
3528 4836 3824 4912 ἀμείλικτον
3878 4842 4164 4915 μειλίσσει.

790 4924 1310 5001 componendum.
1362 4925 1447 4979 Ita
1478 4922 1637 4979 enim
1692 4938 1822 4979 sese
1859 4922 2045 4979 habet
2086 4922 2292 4994 homo,
2340 4924 2452 4981 ira~

784 5017 1023 5076 cundia:
1053 5012 1459 5072 succumbens
1488 5011 1613 5069 fera
1641 5011 1892 5069 efﬁcitur
1921 5012 2448 5083 exhomine,sum-

786 5113 892 5182 pta
916 5111 1119 5165 autem
1144 5109 1211 5161 ut
1232 5103 1420 5160 voluit
1443 5102 1706 5159 vindicta
1731 5102 2117 5175 mansuescit,
2148 5107 2205 5159 et
2226 5118 2297 5159 ex
2324 5088 2449 5161 {Era

784 5215 994 5256 rursus
1025 5193 1483 5254 transformatur
1511 5194 1571 5250 in
1601 5193 2282 5266 hominem.lndulgetur
2302 5211 2447 5266 ergo

782 5289 1022 5357 Joanni,
1078 5291 1143 5343 ut
1171 5290 1480 5343 dexteram
1528 5284 1813 5357 recipiat;
1847 5301 1991 5342 mox
2041 5290 2244 5343 autem
2274 5290 2330 5343 et
2359 5302 2445 5342 re-

782 5384 958 5455 cepta
1008 5377 1135 5445 fuit,
1182 5380 1240 5432 et
1267 5375 1517 5432 admota
1545 5374 1699 5448 parti
1741 5375 1900 5431 unde
1947 5374 2141 5432 fuerat
2181 5375 2438 5439 abcissa,

780 5475 866 5527 est
892 5469 1093 5526 eidem
1137 5465 1425 5524 adunata.
1459 5465 1612 5531 Quid
1642 5480 1786 5522 vero
1810 5464 1905 5521 hic
1926 5464 2151 5537 justius
2183 5466 2442 5523 admira-

776 5563 940 5620 bitur
964 5558 1180 5634 aliquis
1204 5559 1231 5616 ?
1261 5557 1353 5614 vel
1382 5557 1581 5630 potius
1611 5554 1923 5630 quomodo
1954 5558 2299 5630 exaequabit
2325 5574 2441 5614 ser-

773 5667 957 5711 mone
986 5650 1071 5708 rei
1099 5649 1271 5707 factte
1299 5647 1651 5719 dignitatem
1692 5649 1719 5702 ‘I
1752 5649 1957 5703 Utrum
1987 5646 2206 5705 deinde
2236 5647 2438 5707 obstu-

773 5746 976 5824 pescet
1004 5740 1191 5819 prius,
1220 5754 1299 5797 an
1326 5737 1510 5795 tidem
1536 5737 1808 5810 Joannis,
1840 5752 1917 5795 an
1940 5753 2082 5795 vero
2107 5740 2436 5813 potentiam

2558 4930 2803 4979 Τοιοῦτόν
2823 4945 2876 4979 τι
2913 4945 3004 4979 και
3043 4928 3144 5002 γὰρ
3194 4927 3504 5004 ἄνθρωπος’
3569 4928 3839 5005 ὀργίζεται
3894 4939 4167 5007 συμπεσὸν

2559 5016 2694 5069 οὕτω
2741 5036 2832 5069 και
2892 5018 3065 5091 θηρίον
3096 5016 3150 5080 εξ
3206 5015 3479 5093 ἀνθρώπου
3532 5021 3853 5075 καθίσταται
3881 5043 3894 5057 ο
3942 5026 4171 5099 ἡμερού-

2557 5126 2642 5159 ται
2688 5110 2747 5159 τό
2805 5107 2920 5160 κατ’
2973 5106 3138 5181 ὄρεξιν
3173 5107 3461 5179 εκπλήσας,
3509 5114 3600 5163 καί
3657 5111 3728 5174 εἰς
3776 5114 4047 5187 ἄνθρωπον
4110 5134 4170 5168 εκ

2560 5198 2745 5271 θηρίου
2775 5196 2928 5251 πάλιν
2958 5202 3394 5271 μεταπεποίηται.
3426 5204 3609 5253 Τοίνυν
3632 5197 3700 5260 δὴ
3750 5220 3839 5255 και
3887 5200 4166 5258 ενδίδοταε

2555 5290 2720 5360 τούτῳ
2772 5296 2862 5349 τῆς
2912 5284 3088 5352 δεξιᾶς
3131 5290 3159 5346 ἡ
3214 5287 3471 5361 ἀνάληψις
3506 5310 3517 5324 ·
3580 5296 3826 5365 παραυτά
3872 5303 3997 5365 γούν
4078 5314 4175 5348 και

2556 5376 2875 5441 ἁνείληπται,
2937 5396 3027 5431 και
3100 5381 3213 5433 ὅθεν
3283 5383 3591 5435 εκκὲκοπται
3660 5402 3751 5435 και
3830 5386 4168 5454 επιτεθειται,

2552 5487 2643 5520 και
2679 5475 3095 5544 περιήρμοσται.
3136 5466 3290 5522 Ἀλλὰ
3345 5476 3398 5523 τί
3444 5490 3504 5544 γε
3560 5492 3637 5534 τις
3686 5476 3911 5527 εντεύθεν
3970 5475 4029 5527 ἀν
4074 5496 4171 5530 και

2553 5559 3087 5633 θαυμάσειε;μὰλλον
3121 5556 3198 5631 δε,
3247 5562 3405 5622 πῶςό
3462 5561 3610 5634 λόγος
3658 5568 3783 5640 πρὸς
3840 5564 3988 5628 ἀξίαν
4042 5563 4169 5623 διη-

2548 5654 2777 5721 γήσαιτο
2806 5652 2871 5703 τὰ
2900 5657 2992 5703 τού
3027 5652 3378 5725 πράγματος
3427 5656 3630 5727 Πότερα
3674 5656 3779 5728 γὰρ
3829 5662 3921 5709 τοῦ
3966 5652 4165 5731 ἀνδρὸς

2548 5745 2640 5801 τὴν
2684 5746 2863 5797 πίστιν
2912 5739 3188 5816 ἁγάσεται,
3250 5744 3280 5804 ἧ
3330 5748 3425 5804 τὴν
3472 5752 3564 5807 τῆς
3613 5748 3885 5821 Πανάγνου
3931 5742 4165 5825 δύναμιν
