4484 6446
788 389 889 451 851

1985 398 2443 457 CONSTANTINI
2479 397 2956 456 ACROPOLITE.

4049 394 4160 453 852

789 534 1101 591 vesperam
1124 520 1745 583 demorabiturﬂetus.
1772 526 1828 579 et
1855 523 1934 578 ad
1959 524 2320 579 matutinum
2344 525 2445 578 ιω·
2483 525 2519 574 Α
2556 550 2560 570 ε

2389 539 2445 578 Β·
2483 525 2519 574 Α
2556 522 2772 594 ᾤμωζον
2842 521 3162 594 ὠλοφύροντο
3236 520 3526 593 πρόσπολοί
3602 538 3657 572 τε
3702 525 3793 571 καὶ
3880 526 4160 592 περιοικοι,

790 608 919 664 titia
934 611 975 665 ³.
998 631 1025 658 ››
1062 613 1139 665 Ea
1153 611 1311 665 enim
1325 626 1433 681 pro
1454 611 1674 683 quibus
1705 609 2031 667 familiares
2062 617 2244 684 atque
2269 612 2447 667 vicini

793 697 991 751 omnis
1038 698 1392 753 conditionis
1440 704 1496 754 et
1558 699 1747 754 aetatis
1820 698 2133 769 ejularant,
2210 716 2448 771 gemue-

793 791 950 847 rant,
992 786 1433 857 suspiraverant
1456 789 1708 859 vesperi,
1736 805 1876 843 mox
1899 794 2077 860 atque
2100 789 2292 845 illuxit
2313 805 2448 859 age-

794 873 944 929 bant
966 876 1263 930 contraria
1288 879 1515 937 omnia,
1545 876 1925 935 exsultantes.
1950 878 2335 947 gratulantes,
2358 880 2450 949 ju-

794 962 1052 1018 bilantes
1101 964 1410 1019 communi
1457 966 1685 1020 cunctis
1742 966 1965 1034 gaudio
2025 982 2165 1021 cum
2236 973 2451 1037 praeter

2558 613 2737 672 ἡλικία
2774 616 2863 663 καὶ
2915 613 3057 681 ¹ν’ύχη
3120 606 3390 681 διάφορος,
3453 611 3651 682 πρωίας
3700 608 3852 668 εὐθὺς
3919 607 4159 679 ἀντεπῄει

2556 701 2831 770 γεγηθέναι
2874 717 2927 750 τε
2983 702 3071 749 καί
3128 703 3365 769 αιρτᾴν,
3424 702 3513 750 καὶ
3559 696 3803 769 λαμπρῶς
3854 698 3984 767 ὁμοῦ
4032 699 4158 747 πάν-

2557 807 2650 849 τας
2691 786 3024 859 ἀγάλλεσθαι,
3059 788 3185 855 ὑγιᾶ
3212 788 3354 857 παρά
3395 781 3720 857 προσδοκίαν
3777 786 3986 837 ἅπασαν
4034 803 4158 834 κατ-

2562 874 2770 937 ιδόντας
2796 882 2884 927 καὶ
2914 875 3265 946 ἐμπεφυκυῖαν
3293 870 3444 935 αὖθις
3493 879 3585 930 τὴν
3636 881 3815 947 χεῖρα,
3878 878 3964 926 καὶ
4024 872 4157 946 ἔνερ-

2558 970 2651 1037 γόν
2678 969 2801 1037 πρὸς
2820 968 2844 1016 6
2864 984 2923 1036 γε
2953 964 3090 1033 αύτῷ
3128 962 3407 1035 βουλητὸν.

795 1052 1270 1124 expectationem
1308 1054 1579 1109 viderent
1601 1054 1909 1110 dexteram
1927 1054 2176 1123 salvam,
2206 1056 2615 1112 adhaarentem
2644 1054 2912 1117 brachio,
2941 1058 3119 1125 atque
3149 1052 3226 1107 ad
3255 1050 3552 1123 quidlibet
3578 1049 3870 1106 habilem.

870 1234 957 1286 32.
983 1232 1183 1301 Neque
1214 1246 1390 1299 porro
1422 1232 1577 1287 intra
1621 1232 1877 1305 parietes
1943 1233 2303 1288 domesticos
2359 1234 2455 1289 hic

802 1318 1077 1391 plausus,
1116 1318 1205 1374 vel
1250 1334 1433 1390 penes
1478 1320 1637 1376 solos
1685 1320 2006 1376 familiares
2036 1321 2207 1377 haesit
2249 1323 2456 1377 notitia

801 1406 887 1462 rei
926 1410 1125 1475 gestae:
1197 1406 1302 1461 sed
1347 1407 1526 1477 longe
1596 1408 1837 1480 lataque
1905 1410 2199 1481 procurrit
2268 1409 2453 1478 fama;

802 1494 1052 1568 quidam
1077 1497 1259 1551 etiam
1289 1494 1714 1553 festinaverunt
1743 1496 2020 1569 praefecto
2050 1514 2161 1554 suo
2181 1502 2456 1555 nuntiare

801 1583 901 1656 (ex
922 1584 1208 1653 Agarenis
1233 1584 1294 1640 hi
1314 1591 1504 1654 erant,
1532 1601 1677 1655 erga
1726 1602 1838 1641 nos
1894 1602 2131 1658 semper
2176 1587 2456 1643 malevoli

803 1673 1474 1745 propterdetestabilem
1490 1690 1665 1730 suam
1684 1677 1934 1745 sectam)
1960 1676 2125 1747 quod
2156 1676 2355 1732 salvus
2386 1677 2459 1733 sit

803 1761 1089 1827 Joannes,
1117 1778 1187 1817 ac
1218 1762 1505 1817 membris
1550 1765 1778 1833 integer
1819 1764 2077 1833 gaudeat
2112 1765 2457 1833 gratuletur-
2488 1782 2525 1834 Β

804 1866 922 1921 que
953 1849 1082 1911 sibi,
1132 1856 1189 1905 et
1218 1851 1399 1906 veluti
1419 1850 1722 1908 laureatus
1746 1853 1994 1924 quidem
2024 1869 2240 1925 paeana
2266 1855 2458 1910 conci-

805 1944 931 2007 nat,
957 1938 1283 2011 palamque
1313 1941 1582 1996 exsultet.
1619 1941 1715 1996 llle
1752 1958 1889 1997 vero
1920 1943 2205 1999 continuo
2258 1960 2457 1999 accer-

806 2044 947 2084 sens
976 2032 1277 2096 sanctum,
1303 2029 1449 2101 quid
1476 2030 1585 2085 sibi
1600 2030 2014 2096 factum,esset
2034 2032 2205 2103 jubet
2233 2034 2457 2089 veraci-

807 2125 893 2174 ter
919 2116 1235 2189 explicare,
1262 2125 1527 2174 extrema
1547 2136 1802 2192 quaeque
1823 2123 2249 2188 comminatus,
2275 2124 2383 2178 nisi
2400 2129 2462 2180 ut

807 2214 941 2262 acta
952 2208 1337 2262 erantomnia
1352 2208 1714 2280 loqueretur.
1735 2210 1975 2265 Divinus
1989 2216 2186 2266 autem
2201 2213 2460 2267 Joannes

807 2300 1097 2367 tanquam
1114 2296 1308 2367 seipso
1317 2296 1445 2367 jam
1464 2297 1695 2366 melior,
1716 2303 1779 2353 ut
1803 2299 1995 2370 quiad
2022 2299 2271 2356 meliora
2286 2317 2459 2358 voca-

806 2384 1031 2440 batura
1046 2387 1163 2439 Deo
1176 2385 1456 2440 etexhinc
1470 2387 1704 2456 majora
1719 2393 2109 2459 suscepturus
2142 2394 2285 2455 erat,
2314 2390 2461 2446 nihil

805 2473 1050 2538 veritus,
1083 2488 1207 2528 non
1235 2474 1385 2530 iram
1410 2490 1597 2546 quam
1625 2475 1806 2546 paulo
1837 2482 1974 2532 ante
2020 2484 2299 2549 expertus
2332 2479 2461 2535 fue-

808 2567 918 2631 rat,
947 2577 1069 2617 non
1101 2562 1363 2618 furorem
1396 2564 1526 2633 ejus
1552 2564 2008 2632 intolerabilem,
2054 2582 2177 2622 non
2235 2569 2460 2624 terribi-

807 2651 1018 2706 liorem
1046 2652 1423 2717 sententiam,
1456 2653 1640 2709 libera
1653 2670 1798 2709 voce
1812 2656 2086 2711 etanimo
2112 2657 2457 2729 conﬁdenti,

811 2744 888 2796 Ne
936 2740 1258 2807 existimes,
1304 2743 1516 2814 inquit,
1570 2747 1737 2814 quod
1785 2744 1875 2799 vel
1937 2744 2113 2800 donis
2164 2747 2259 2811 vel
2305 2748 2459 2803 dolis

806 2830 1101 2885 evaserim
1134 2846 1401 2901 poenam,
1432 2836 1536 2888 aut
1558 2831 1674 2888 alio
1700 2833 1903 2905 aliquo
1925 2834 2110 2891 modo
2137 2852 2232 2891 me
2276 2836 2462 2892 eidem

810 2917 1230 2984 subtraxerim;
1262 2920 1451 2976 multo
1478 2921 1679 2976 minus
1712 2922 1877 2993 quod
1908 2924 2180 2980 humana
2201 2932 2325 2981 arte
2366 2926 2463 2982 vel

809 3005 1283 3078 pharmacorum
1316 3009 1525 3064 virtute
1571 3010 1896 3067 sectionem
1944 3013 2279 3070 curaverim
2311 3032 2324 3070 :
2359 3014 2463 3070 sed

811 3096 1058 3161 omnino
1081 3097 1254 3151 crede
1284 3097 1448 3168 quod
1476 3104 1532 3189 et
1556 3116 1775 3171 passus
1801 3117 1935 3156 sum
1965 3102 2263 3174 quidquid
2288 3104 2467 3174 jussi—
2495 3136 2534 3189 ρ

814 3185 903 3255 sti,
929 3190 985 3239 et
1019 3202 1055 3240 a
1081 3185 1208 3241 solo
1252 3190 1369 3241 Deo
1394 3188 1697 3244 medelam
1728 3190 1838 3244 sim
1871 3196 2251 3259 consecutus,
2280 3210 2465 3249 mem-

812 3273 1184 3346 brorumque
1216 3276 1614 3343 integritatem
1656 3278 1886 3333 salvam
1942 3282 2464 3351 quemadmodum

814 3369 982 3435 potes
1012 3364 1246 3419 intueri.
1280 3370 1468 3437 Atque
1496 3366 1623 3421 haec
1641 3367 1850 3422 dicens
1882 3368 2095 3424 ambas
2126 3386 2347 3425 manus
2371 3387 2467 3426 ex-

813 3453 1020 3521 tendit,
1048 3458 1226 3526 atque
1283 3454 1343 3508 in
1389 3454 1573 3511 altera
1639 3456 2075 3513 demonstravit
2130 3460 2467 3515 circumdu-

812 3547 969 3598 ctam
993 3542 1234 3607 lineam,
1258 3560 1395 3615 quae
1444 3560 1738 3616 perquam
1778 3547 2161 3603 manifestam
2211 3549 2470 3605 faciebat

811 3631 1140 3687 sectionem
1171 3631 1414 3701 factam,
1448 3638 1505 3688 et
1530 3637 2030 3692 restaurationem
2068 3643 2357 3694 secutam.

882 3903 970 3954 33.
1002 3898 1093 3953 Ad
1122 3898 1251 3953 haec
1287 3898 1739 3971 obstupefactus
1793 3901 2117 3970 barbarus,
2168 3907 2333 3973 Vere,
2376 3906 2468 3962 in-

807 3990 955 4062 quit,
984 3989 1274 4044 innocens
1297 4004 1449 4051 eras,
1491 3991 1779 4057 Joannes;
1813 3997 1870 4047 et
1889 4008 2001 4048 nos
2026 3994 2272 4065 quidem
2304 3994 2469 4052 fraus

808 4078 1064 4149 decepit,
1082 4082 1143 4133 tu
1169 4093 1312 4133 vero
1327 4083 1535 4134 contra
1552 4095 1795 4135 omnem
1820 4082 2108 4152 justitiam
2139 4083 2467 4141 damnatus

810 4186 880 4225 ac
906 4184 1124 4239 passus
1148 4184 1212 4223 es
1247 4167 1389 4221 :sed
1429 4168 1713 4242 deinceps
1784 4172 2116 4242 majoribus
2149 4174 2313 4245 apud
2371 4192 2468 4232 me

808 4256 1141 4312 honoribus
1172 4256 1482 4325 extolleris,
1517 4263 1571 4313 et
1605 4276 1789 4331 supra
1827 4267 2072 4317 caeteros
2109 4264 2467 4320 constitutus

810 4345 1064 4400 subditis
1108 4345 1257 4400 meis
1313 4346 1609 4401 universis
1662 4349 1775 4403 eris
1823 4349 2124 4405 illustrior.
2204 4354 2466 4408 Joannes

807 4451 949 4491 vero
975 4435 1035 4489 in
1062 4439 1278 4490 terram
1309 4451 1371 4490 se
1411 4442 1817 4508 prosternens.
1840 4444 1895 4495 et
1924 4439 2209 4512 lacrymis
2262 4441 2467 4497 calen-

804 4524 965 4580 tibus
1010 4523 1339 4596 proﬂuens,
1400 4526 1585 4595 Absit,
1637 4528 1848 4600 inquit,
1928 4534 1992 4584 ut
2070 4529 2330 4603 amplius
2406 4532 2466 4587 in

805 4613 1039 4670 mundo
1097 4630 1403 4679 maneam,
1458 4632 1495 4670 ιι
1545 4616 1675 4671 solo
1722 4621 1836 4673 Deo
1891 4623 2192 4674 extractus
2261 4636 2333 4675 ex
2398 4618 2467 4674 iis

804 4704 1108 4761 aerumnis.
1143 4720 1296 4775 quas
1321 4704 1584 4775 proferre
1606 4705 1753 4761 solet
1784 4708 1913 4763 haec
1946 4709 2239 4764 terrestris
2292 4709 2465 4765 habi-

802 4793 969 4862 tatio,
999 4808 1105 4848 seu
1127 4793 1326 4863 potius
1351 4799 1591 4865 pratum
1630 4810 1953 4864 noxarum,
1995 4797 2145 4852 sicut
2200 4802 2469 4853 externo-

800 4898 938 4937 rum
965 4881 1306 4954 sapientum
1360 4898 1623 4939 nonemo
1673 4883 1840 4953 dixit,
1890 4884 2005 4955 vel,
2059 4890 2117 4940 ut
2176 4890 2465 4942 consueto

799 4970 979 5027 nobis
1010 4970 1309 5027 vocabulo
1341 4976 1494 5040 utar,
1526 4972 1697 5028 vallis
1729 4974 2160 5047 lacrymarum.
2197 4980 2266 5031 At
2316 4991 2464 5047 prae-

800 5064 1011 5129 fectus,
1060 5064 1382 5133 Nunquam
1428 5078 1540 5131 ego
1594 5062 1720 5123 tibi,
1770 5066 2050 5135 Joannes,
2106 5064 2458 5121 concedam.

800 5152 902 5207 Hic
946 5155 1171 5215 autem;
1218 5152 1410 5223 Caput
1465 5153 1676 5224 inquit,
1739 5153 1785 5207 si
1850 5153 2018 5221 velis,
2069 5153 2275 5210 aufer:
2319 5170 2463 5211 nam

797 5248 1046 5315 paratus
1068 5257 1203 5296 sum
1230 5241 1388 5297 mille
1415 5242 1632 5314 potius,
1662 5244 1711 5297 si
1754 5243 2037 5314 possibile
2094 5246 2187 5309 sit,
2242 5249 2461 5300 mortes

794 5332 983 5397 obire,
1008 5347 1196 5403 quam
1223 5347 1296 5387 ex
1344 5346 1415 5387 eo
1453 5331 1620 5401 quod
1651 5348 1813 5387 nunc
1838 5332 1992 5403 coepi
2023 5333 2334 5405 proposito
2366 5350 2463 5389 ex-

794 5421 1011 5478 cidere.
1045 5420 1142 5476 llle
1173 5424 1377 5477 tamen
1420 5421 1710 5477 manebat
1735 5422 2048 5493 immotus,
2100 5438 2209 5477 nec
2260 5423 2461 5477 minus

791 5516 1052 5570 Joannes
1103 5528 1275 5568 suam
1329 5511 1585 5581 urgebat
1640 5512 2012 5583 petitionem,
2076 5528 2112 5568 a
2164 5513 2462 5569 sententia

789 5602 1145 5675 neutiquam
1169 5600 1542 5657 revocabilis.
1578 5602 1765 5657 Grave
1797 5616 1941 5673 ergo
1962 5601 2114 5657 inter
2134 5605 2459 5681 utrumque

856 5781 997 5841 Psal
1018 5798 1185 5839 Πιι.
1214 5784 1268 5837 ε.
1318 5750 1321 5751 ν

2761 1142 2835 1194 Ού
2866 1146 3030 1214 μέχρι
3057 1138 3116 1193 δὲ
3146 1149 3245 1191 τῶν
3295 1139 3407 1191 κατ’
3451 1141 3590 1191 οἶκον
3651 1142 3853 1212 κρότος,
3910 1135 4026 1190 οὐδ’
4092 1138 4161 1198 εἰς

2563 1235 2679 1291 τοὺς
2731 1230 2944 1289 οἰκείους
2991 1231 3016 1280 ό
3061 1228 3212 1299 λόγος
3265 1225 3547 1299 διέμεινεν
3593 1225 3719 1277 ἀλλὰ
3775 1222 4056 1298 διέδραμεν
4127 1228 4157 1283 ἡ

2565 1326 2709 1392 φήμη
2764 1319 2859 1370 κὰν
2913 1326 3017 1378 τοῖς
3058 1317 3279 1369 κυκλοσε
3326 1315 3420 1368 κάν
3496 1324 3601 1375 τοῖς
3667 1314 3917 1389 πορρωθι·
3987 1321 4162 1366 τοίνυν

2564 1414 2653 1460 καὶ
2702 1410 2956 1479 φθάνουσί
3024 1425 3155 1467 τινες
3235 1413 3306 1474 τῷ
3392 1409 3617 1477 σφετέρῳ
3690 1403 4165 1477 προσαγγείλαντες

2564 1498 2787 1571 ἄρχοντι
2816 1500 2939 1562 (τῶν
2971 1496 3269 1569 Ἀγαρηνὼν
3326 1490 3460 1551 ἦσαν
3516 1490 3677 1561 οὖτοῖ,
3737 1500 3835 1544 τῶν
3895 1489 4166 1564 δυσμενῶν

2565 1589 2805 1657 ἡμῖνκαὶ
2852 1584 3108 1655 πολεμίων
3167 1582 3221 1634 ἐκ
3286 1590 3377 1634 τοῦ
3432 1580 3775 1653 ἐναγεστάτου
3829 1584 4168 1655 θρησκεύμα-

2566 1676 2671 1742 τος)
2729 1677 2807 1725 ὅτι
2861 1692 2915 1724 τε
2970 1680 3074 1732 σῶς
3118 1674 3142 1722 ὁ
3199 1672 3435 1730 Ἰωάννης
3483 1673 3640 1740 μένει,
3712 1674 3802 1720 καὶ
3884 1672 3948 1720 τὰ
4036 1668 4165 1740 μελη

2568 1760 2952 1827 ἀδιαλωϐητος,
2993 1764 3083 1812 καὶ
3112 1762 3192 1812 ὅτι
3222 1764 3424 1833 χαίρει,
3456 1762 3546 1809 καὶ
3593 1760 3673 1809 ὅτι
3728 1764 4037 1831 περικροτεῖ,
4079 1762 4171 1808 καὶ

2565 1871 2643 1913 τις
2702 1855 3012 1922 στεφανίτης
3080 1850 3359 1920 καθαπερεὶ
3414 1850 3695 1910 παιανίζει,
3769 1852 3859 1897 καὶ
3923 1845 4172 1919 λαμπρῶς

2565 1942 2776 2012 γέγηθε.
2840 1944 2939 1992 Καὶ
2987 1941 3042 2000 ὃς
3092 1939 3339 2009 παραυτά
3389 1940 3476 1987 τόν
3531 1936 3677 2006 άγιον
3748 1934 4169 2007 μεταστελλεταυ

2567 2036 2655 2082 καὶ
2686 2033 2750 2081 τὰ
2771 2028 2886 2080 κατ’
2941 2028 3095 2079 αὐτὸν
3150 2025 3361 2090 ἐξειπεῖν
3415 2021 3768 2076 διακελεύεται
3829 2028 3959 2097 πρὸς
4046 2022 4173 2081 ἀλὴ.

2571 2120 2729 2183 θιιαν,
2788 2120 2849 2169 τὰ
2906 2119 3114 2187 ἔσχατα
3171 2112 3669 2184 ἐπαπειλησάμενος,
3735 2112 3778 2164 εἰ
3833 2116 3905 2183 μη
3966 2113 4027 2163 ἄν
4106 2115 4173 2172 ὡς

2569 2206 2871 2277 ἐσχήκεσαν
2916 2208 3295 2277 παραστήσειε.
3341 2207 3441 2254 Καὶ
3470 2208 3592 2272 γοῦν
3650 2201 3676 2252 ὁ
3736 2202 3864 2260 θεῖος
3897 2200 4164 2265 Ἰωάννης,

2567 2300 2808 2369 κρείττων
2861 2294 3033 2365 ὠσπερ
3088 2293 3247 2343 αὑτοῦ
3295 2295 3541 2361 γεγονὼς,
3601 2290 3680 2340 ὅτι
3726 2308 3838 2349 πως
3887 2285 3994 2347 ἠδη
4077 2308 4172 2340 και

2567 2389 2695 2459 πρὸς
2724 2376 2990 2455 κρείττονα
3009 2380 3335 2454 μετεκαλεῖτο
3356 2382 3487 2452 πρὸς
3530 2386 3621 2430 τοῦ
3677 2386 3832 2439 Θεοῦ,
3888 2384 3977 2430 καὶ
4039 2380 4177 2452 πρὸς

2568 2475 2783 2546 μείζονα
2836 2472 3130 2525 τούντεῦθεν
3190 2467 3540 2533 ἁνελαϐάνετο,
3618 2464 3784 2540 μηδὲν
3854 2472 4171 2540 υποτρέσας,

2566 2568 2639 2635 μὴ
2700 2568 2791 2620 τὴν
2850 2565 2948 2634 πρὸ
3008 2559 3240 2635 βραχέος
3272 2562 3453 2632 οργήν,
3486 2562 3557 2629 μὴ
3591 2561 3677 2608 τὸν
3704 2556 3952 2609 ἆστεκτον
3982 2555 4175 2609 ἐκεῖνον

2572 2655 2755 2723 θυμὸν,
2807 2655 2877 2722 μὴ
2930 2656 3022 2707 τὴν
3080 2646 3357 2721 φρικαλέαν
3444 2645 3729 2717 ἀπόφασιν,
3801 2644 4172 2719 πεπαρῥησια-

2572 2744 2729 2811 σμένῃ
2762 2737 2964 2810 γλώττῃ
2999 2741 3088 2788 καὶ
3119 2734 3360 2805 ἀπτοητῳ
3388 2744 3478 2795 τῆς
3515 2732 3703 2806 ψυχῆς
3764 2740 4173 2808 παραστήματι.

2570 2833 2655 2885 Μὴ
2689 2830 2799 2879 οἷον
2830 2845 2913 2898 με,
2948 2830 3099 2897 φησὶ,
3134 2821 3324 2897 δώροις
3363 2828 3501 2876 τισὶν
3550 2824 3578 2881 ἦ
3642 2819 3815 2882 δόλοις
3866 2827 3958 2880 την
4008 2842 4175 2894 τιμω-

2570 2922 2687 2991 ρίαν
2767 2914 3045 2979 ὑπαλύξαι,
3102 2915 3130 2973 ἦ
3198 2913 3333 2983 ἄλλῳ
3386 2932 3456 2983 τῳ
3538 2919 3637 2963 τῶν
3706 2910 3943 2963 ἁπάντων
3999 2916 4179 2983 τρόπῳ

2574 3002 2869 3076 διεκφυγεῖν
2904 3048 2917 3071 ,
2972 3008 3101 3074 μήτε
3174 3007 3276 3074 μὴν
3326 3000 3598 3075 ἀνθρώποῦ
3638 3005 3799 3071 τέχνῃ
3854 3019 3942 3051 και
3974 3002 4179 3074 φαρμά-

2573 3115 2675 3146 κων
2706 3093 2929 3146 ἐπιθέσει
2966 3097 3057 3150 τὴν
3117 3088 3361 3166 διαρτίαν
3412 3088 3707 3142 ἀπολαϐεῖνι
3771 3088 3877 3141 ἀλλ’
3930 3091 4044 3141 ῖσθι
4080 3109 4152 3141 σα

2574 3192 2674 3256 φὼς
2728 3188 2817 3235 καὶ
2872 3184 3159 3234 πεπονθότα
3204 3182 3229 3232 6
3274 3199 3333 3250 γε
3381 3175 3447 3236 δη
3514 3185 3603 3231 καὶ
3659 3198 4028 3253 προστεταχας
4079 3184 4178 3230 καὶ

2574 3276 2704 3347 πρὸς
2738 3280 2870 3324 Θεοῦ
2900 3276 3059 3342 μόνου
3090 3275 3182 3328 τὴν
3212 3272 3355 3321 ἴασιν
3384 3268 3674 3339 ἐσχηκότα,
3724 3272 3814 3319 καὶ
3869 3268 4044 3338 ὥσπερ
4107 3263 4178 3324 δὴ

2575 3369 2665 3414 καὶ
2728 3365 2850 3436 ὸρᾲν
2904 3364 3063 3432 ἔχεις,
3144 3358 3381 3417 ἀνελλιπῆ
3434 3364 3683 3430 γεγονότα
3729 3362 3817 3415 τήν
3866 3356 4178 3429 ὁλομελειαν.

2575 3452 2833 3512 Ἐκτείνας
2859 3450 2941 3503 ἐπὶ
2984 3447 3167 3502 τοῖσδε
3200 3455 3272 3500 τὼ
3324 3455 3491 3521 χεῖρε,
3550 3452 3641 3499 καὶ
3695 3450 3788 3504 τήν
3847 3444 3931 3499 ἐπὶ
3989 3448 4183 3519 θάτερα

2576 3541 2991 3615 περικυκλοῦσαν
3044 3536 3216 3602 δείξας
3262 3542 3531 3612 γραμμὴν,
3580 3537 3609 3594 ἦ
3665 3540 3755 3592 τήν
3812 3554 3866 3587 τε
3918 3532 4182 3593 διακοπὴν

2576 3636 2784 3688 καὶτην
2829 3632 2961 3702 μετὰ
3006 3636 3159 3680 τοῦτο
3214 3626 3531 3699 ἐφαρμογην,
3589 3626 3724 3677 πάνυ
3767 3626 4009 3698 καθαρῶς
4055 3626 4181 3677 ὑπε-

2579 3716 2828 3772 δείκνυεν.

2650 3898 2743 3971 λγ’.
2799 3900 2907 3971 Ἐφ’
2964 3895 3037 3959 οἷς
3083 3902 3174 3949 καὶ
3251 3894 3651 3968 καταπλαγέντα
3728 3897 3816 3947 τὸν
3889 3892 4182 3969 βάρϐαρον,

2576 3988 2774 4050 Ὀντως
2804 3988 3078 4050 ἀνεύθυνος
3118 3985 3280 4053 ἦσθα,
3332 3988 3506 4057 φάναυ
3561 3990 3647 4037 atati
3707 3981 3857 4045 δόλος
3904 3988 3993 4057 μὲν
4043 3988 4188 4057 ἡμᾶς

2577 4077 2892 4143 ἐξηπάτησε,
2935 4080 3079 4151 παρὰ
3130 4073 3189 4128 δε
3236 4077 3408 4128 πάντα
3489 4071 3695 4127 δίκαιον
3788 4073 3941 4145 λόγον
4006 4074 4186 4140 αὐτὸς,

2578 4166 2811 4234 Ἰωάννη,
2842 4171 2931 4218 καὶ
2958 4162 3348 4225 κατεδικάσθης
3404 4168 3495 4215 καὶ
3546 4164 3825 4223 πέπόνθας.
3878 4162 4012 4215 ’Δ).λ’
4069 4164 4190 4214 ῖσθι

2578 4260 2827 4331 μειζόνων
2882 4255 3301 4326 ἁξιωθησόμενος
3356 4256 3487 4326 πρὸς
3539 4251 3663 4324 ἐμοῦ
3719 4255 3777 4304 τὸ
3834 4254 3964 4323 μετὰ
4031 4260 4191 4303 τοῦτο

2576 4355 2761 4418 τιμῶν,
2791 4348 2918 4420 ὑπὲρ
2943 4349 3066 4407 τοὺς
3117 4343 3297 4404 ἄλλους
3352 4361 3405 4395 τε
3454 4341 3752 4413 ταξόμενος,
3806 4346 3896 4393 καὶ
3949 4349 4047 4393 τῶν
4093 4341 4188 4393 ὑπ’

2576 4436 2690 4509 ἕμοὶ
2748 4445 2839 4487 τοῦ
2886 4435 3070 4486 λοιποῦ
3138 4437 3599 4503 καταστησόμενος
3653 4431 3893 4483 ἁπάντων
3969 4449 4189 4505 περιφα-

2575 4531 2831 4585 νέστατος·
2882 4524 2941 4575 Ὀ
2997 4520 3056 4576 δὲ
3112 4528 3312 4586 πρηνὴς
3370 4521 3563 4573 αὐτίκα
3616 4525 3809 4585 πεσὼν,
3868 4516 4076 4592 δάκρυά
4129 4538 4188 4572 τε

2579 4618 2742 4688 θερμὰ
2772 4618 3069 4685 καταχέων,
3098 4617 3184 4670 Μή
3214 4631 3305 4683 μοι
3340 4614 3542 4682 γένοιτο
3599 4614 3687 4660 καὶ
3746 4609 3906 4661 εἰσέτι
3967 4616 4040 4678 τῷ
4097 4613 4187 4660 κό-

2578 4726 2694 4777 σμῳ
2721 4702 3033 4776 περιπολεῖν,
3083 4701 3184 4753 ὐπὸ
3244 4708 3377 4753 Θεοῦ
3430 4703 3590 4772 μόνου
3640 4699 3879 4772 ῥυσθέντι
3939 4698 4007 4748 ὧν
4063 4696 4185 4750 ἐπι-

2575 4797 2740 4869 φέρειν
2763 4794 2934 4846 εἴωθεν
2966 4793 3268 4865 ὀπερίγειος
3306 4790 3503 4841 οὑτωσὶ
3552 4792 3703 4847 τόπος
3751 4784 3952 4849 δεινῶν,
4006 4789 4032 4838 ὁ
4086 4795 4186 4850 τῆς

2573 4883 2703 4944 ἄτης
2758 4881 2943 4953 λειμὼν
3001 4882 3093 4952 (ὡς
3140 4888 3239 4931 τῶν
3286 4898 3360 4938 τις
3406 4879 3631 4950 θυραίων
3677 4884 3847 4948 σοφῶν
3933 4874 4181 4947 ἄγνωμά-

2571 4978 2772 5043 τευσεν)
2816 4972 2845 5030 ἡ
2893 4971 3010 5022 καθ’
3063 4971 3203 5041 ἡμᾶς
3254 4967 3402 5043 ἐρεῖν,
3458 4970 3486 5026 ἡ
3537 4966 3713 5028 κοιλὰς
3766 4974 3856 5017 τοῦ
3909 4965 4187 5038 κλαυθμῶ-

2572 5082 2678 5129 νος,
2704 5062 2762 5113 Ὀ
2805 5058 2856 5114 δ’
2882 5058 3174 5124 ὑπολαϐὼν,
3229 5056 3370 5111 Ἀλλ’
3416 5057 3509 5109 οὐκ
3567 5052 3779 5107 ἐνδώσω
3811 5074 3914 5124 σοι,
3947 5055 4182 5120 Ἰωάννη,

2569 5158 2723 5203 τοῦτο
2741 5169 2882 5203 ποτε.
2921 5154 3019 5202 Καὶ
3049 5148 3121 5209 ὃς·
3170 5145 3350 5219 ⁴Αφελέ
3399 5165 3491 5218 μοι
3538 5150 3627 5197 καὶ
3684 5148 3780 5205 τὴς
3827 5144 4073 5215 κεφαλῆς,
4139 5144 4185 5196 εἰ

2574 5239 2774 5313 βούλειο
2835 5243 2925 5291 καὶ
2971 5240 3092 5311 γὰρ,
3148 5237 3192 5289 εἰ
3244 5237 3349 5288 οἶόν
3407 5255 3461 5288 τε
3510 5240 3732 5307 μυρίους
3790 5236 3994 5306 ἕτοιμός
4075 5234 4188 5305 εἰμι

2574 5332 2830 5391 θανάτους
2868 5328 3162 5393 ἀποθανεῖν,
3195 5328 3225 5385 ἣ
3260 5331 3319 5378 τὸ
3367 5325 3468 5379 ἀπὸ
3522 5321 3681 5383 τοῦδε
3731 5333 3824 5377 τοῦ
3867 5327 4003 5376 κατὰ
4056 5322 4189 5397 βού-

2566 5420 2719 5478 λησιν
2751 5420 3006 5473 ἐκπεσεῖν,
3050 5416 3295 5477 Κάκεῖνος
3352 5418 3505 5476 αὖθις
3550 5413 3765 5477 ἀκλινὴς
3822 5411 4022 5486 διεμενε
4089 5419 4184 5467 καὶ

2571 5508 2859 5571 ἁνένδοτος·
2894 5512 2961 5570 ὡς
2993 5504 3051 5560 δε
3077 5512 3166 5559 καὶ
3196 5506 3343 5567 οὗτός
3371 5510 3460 5564 τὴν
3512 5506 3725 5563 αἴτησιν
3780 5504 4025 5578 ἰσχυρὸς,
4082 5508 4179 5556 καὶ

2567 5604 2661 5657 τὴν
2725 5600 2974 5673 πρόθεσιν
3052 5598 3384 5669 ἀμετάθετος.
3461 5597 3723 5669 Καρτερός
3799 5600 3925 5665 γοῦν
3999 5592 4179 5667 ὥσπερ
