4484 6446
325 459 427 512 853
1532 449 1604 507 IN
1648 450 1704 507 S.
1744 446 1937 505 JOAN.
1980 449 2476 505 DAMASCENUM.
3584 444 3689 497 854

328 582 553 635 συνὶστη
586 582 762 649 σφὶσιν
796 576 953 647 ἁγών,
1008 582 1097 628 καί
1154 576 1360 648 ἰσχυρά
1415 596 1495 637 τις
1551 574 1758 626 ἐκεινοιν
1813 569 2004 627 δια-Α
2038 588 2099 628 ce

1911 604 1927 613 -
1957 578 2004 627 Α
2038 578 2338 629 certamen
2371 588 2441 627 ac
2467 571 2647 627 veluti
2668 572 3004 627 colluctatio
3040 572 3314 643 pertinax
3360 567 3491 633 fuit,
3546 582 3682 621 cum

328 672 484 740 μάχη
521 670 911 738 συμπεπτωκεν·
970 666 1201 739 ἑκάτερος
1262 668 1362 736 γάρ
1433 667 1627 736 Θατέρῳ
1685 660 1810 734 μηδ’
1867 665 1927 713 οἷν
2044 677 2099 715 ιιι

1911 684 1927 712 ν
2044 676 2196 715 unus
2218 660 2467 715 alterum
2488 662 2768 715 niteretur
2800 659 3022 714 viribus
3052 658 3336 715 omnibus
3380 669 3682 726 superare,

327 764 435 817 πῶς
465 775 587 808 ποτε
615 755 820 816 ὑπεῖξαι
854 754 1267 827 άπισχυρὶζετο,
1325 758 1415 804 καί
1473 752 1562 808 ὅλη
1626 750 1929 803 ἀντὶπιπτιν
2043 756 2098 803 to

1916 772 1929 799 θ
2043 756 2284 820 totoque
2310 749 2522 803 robore
2549 748 2966 813 velutirruere,
3010 748 3305 819 planeque
3362 760 3433 799 ex
3484 742 3687 797 animo

334 846 513 917 ἰσχύι,
542 849 630 895 καί
657 843 888 916 iaceam;
916 843 998 895 ἐπὶ
1028 840 1164 912 τῷδε
1224 840 1588 912 διηγωνὶζετο.
1647 839 1799 893 Ἀλλά
1854 858 1930 891 νε·
2042 838 2105 892 ad

1913 870 1930 878 -
2042 837 2119 892 ad
2148 837 2262 892 hoc
2288 837 2677 891 incumberet.
2716 836 2826 892 Sed
2858 836 3102 891 victoria
3134 850 3317 906 penes
3369 834 3684 896 Joannem,

328 939 538 991 νὶκηκεν
587 933 827 995 Ἰωάννης
888 942 948 990 τῆ
1014 936 1260 1004 συνάρσει
1314 940 1405 983 τοῦ
1467 936 1778 1003 κρεῖττονος·
1838 925 1930 985 ἧτ-
2044 932 2099 981 ut

1916 959 1930 969 -
2044 931 2244 997 utpote
2271 942 2453 981 causa
2483 925 2810 989 meliorem,
2851 925 3043 979 stetit:
3107 924 3295 979 victus
3347 928 3433 975 est
3488 924 3687 974 autem

330 1037 486 1075 τηται
520 1014 571 1069 δ’
604 1020 629 1069 ὁ
666 1018 991 1089 παλαμναῖος
1041 1015 1229 1077 ἐκεῖνος
1283 1020 1373 1067 καί
1428 1013 1688 1087 βάρϐαρος
1750 1018 1931 1085 τὺραν-
2043 1031 2101 1069 sa

1915 1043 1931 1051 -
2043 1014 2465 1084 sanguinarius
2497 1014 2590 1069 ille
2617 1013 3035 1085 barbarusque
3072 1019 3382 1084 tyrannus,
3434 1014 3491 1064 et
3549 1024 3686 1062 cum

329 1126 432 1175 νος,
483 1112 572 1157 καί
620 1112 971 1164 συνήττηνται
1020 1108 1069 1157 οἱ
1126 1104 1339 1178 ἀόρατοι
1396 1104 1629 1154 άλεῖπταὶ
1699 1121 1752 1153 τε
1843 1106 1932 1152 καί
2043 1120 2100 1157 ec

1918 1106 1932 1152 ί
2043 1120 2113 1157 eo
2161 1103 2483 1157 invisibiles
2527 1104 2844 1158 luctatores
2916 1109 3093 1173 atque
3142 1102 3448 1171 adjutores
3504 1098 3689 1170 ipsius

335 1198 789 1260 συνασπισταί,οὶ
818 1203 929 1255 τοῖς
971 1195 1181 1265 ἀγαθοῖς
1233 1196 1376 1264 ἡμῶν
1432 1191 1508 1243 ἀεί
1568 1190 1931 1263 βασιαὶνοντες
2042 1190 2106 1243 de

1918 1211 1931 1250 ;
2042 1190 2367 1259 daemones,
2402 1191 2502 1260 qui
2520 1191 2693 1244 bonis
2722 1190 2937 1245 nostris
2965 1189 3248 1261 Operibus
3268 1194 3448 1260 atque
3498 1189 3689 1241 consi-

330 1286 503 1356 ἔργοις
530 1302 582 1335 τε
610 1289 699 1334 καί
734 1282 1054 1355 βουλευμασι
1110 1280 1368 1353 δαιμονες.
2040 1278 2097 1333 lii

2040 1278 2131 1333 liis
2152 1292 2439 1351 perpetuo
2470 1280 2764 1334 invident.

404 1368 512 1426 λδ’.
562 1378 625 1423 Ti
680 1379 804 1442 γοῦν
856 1378 945 1423 καί
998 1379 1152 1437 ποιεῖ,
1220 1372 1446 1443 ἐπειπερ,
1504 1368 1572 1421 Ὀ
1622 1388 1673 1419 τι
1724 1371 1784 1419 οἷν
1847 1387 1931 1419 σοι
2112 1372 2127 1422 Ξ

1919 1388 1931 1418 ι
2112 1347 2200 1424 34.
2230 1347 2379 1432 Quid
2404 1383 2545 1435 ergo
2576 1368 2707 1423 fecit
2738 1374 2841 1423 aut
2868 1372 3179 1440 quomodo
3232 1383 3327 1421 res
3373 1364 3690 1434 disposuit,

330 1456 421 1502 καί
461 1454 539 1508 εἰη
575 1449 894 1523 βουλόμενῳ,
925 1453 1020 1518 οἶγε
1051 1447 1118 1507 δή
1152 1448 1441 1523 ἐκπερανον,
1504 1449 1695 1506 ἡχουσε
1742 1464 1754 1511 ;
1823 1455 1932 1507 πῶς
2042 1472 2101 1527 ρ(

1923 1466 1932 1507 :
2042 1463 2362 1528 postquam
2390 1457 2633 1521 audivit,
2663 1456 2961 1528 Quidquid
2986 1455 3293 1527 placuerit,
3347 1469 3479 1522 age,
3530 1468 3694 1507 exse-

333 1558 387 1591 τε
416 1541 481 1591 τά
518 1540 633 1590 κατ’
666 1540 818 1590 αὐτόν
841 1536 1165 1605 διατὶθεται;
1215 1538 1273 1589 Ὀ
1336 1544 1524 1597 πιστός
1579 1542 1668 1608 μέν
1733 1539 1929 1587 οὶκονό-
2041 1561 2104 1616 (μ

1923 1566 1929 1575 ·
2041 1561 2223 1616 quere
2248 1546 2275 1600 ’ἶ
2304 1544 2510 1599 Fidelis
2538 1544 2632 1599 ille
2692 1552 2749 1599 et
2808 1545 3073 1615 prudens
3116 1543 3513 1615 dispensator,
3567 1541 3694 1611 jam

331 1647 426 1699 μος
484 1633 572 1678 καί
624 1632 887 1701 φρόνιμος,
942 1627 1079 1689 ἐξότε
1133 1633 1223 1678 καί
1300 1627 1581 1697 οἰκονομεῖν
1636 1622 1928 1689 ἀνεδὲξατο,
2042 1634 2097 1688 in

1924 1668 1928 1683 .
2042 1633 2180 1688 inde
2211 1634 2288 1688 ab
2318 1649 2389 1688 eo
2418 1642 2682 1705 tempore
2713 1650 2835 1705 quo
2867 1634 2957 1687 sui
2988 1633 3115 1705 ipse
3162 1632 3312 1702 juris
3352 1630 3547 1701 potuit
3602 1644 3695 1684 res

330 1719 449 1767 τότε
480 1711 539 1766 δέ
597 1719 1042 1787 συνεφαπτομένου
1108 1723 1241 1767 Θεου
1290 1720 1378 1765 καί
1435 1720 1751 1787 συνετώτεροι
1810 1712 1932 1784 βου-
2045 1738 2101 1793 ρι

1923 1745 1932 1751 -
2045 1723 2315 1793 proprias
2345 1721 2644 1788 ordinare,
2673 1728 2813 1777 tunc
2876 1726 3075 1776 autem
3124 1720 3446 1791 adjuvante
3494 1720 3694 1790 ipsum

330 1803 661 1874 λωσάμεδος,
718 1804 923 1855 ἅπαντα
964 1808 1055 1875 μέν
1111 1810 1196 1855 τόν
1254 1803 1470 1855 πλοῦτον
1522 1810 1632 1862 τοῖς
1677 1799 1933 1873 δεομένοις
2046 1814 2101 1865 υ(

1924 1822 1933 1862 ς
2046 1814 2163 1865 Deo
2197 1810 2427 1866 utiliora
2456 1813 2632 1866 etiam
2657 1811 2905 1866 consilia
2922 1811 3185 1882 capiens,
3214 1808 3531 1879 pecuniam
3565 1806 3695 1878 qui-

332 1889 603 1963 διενειμεν,
670 1891 858 1965 ἀγρούς
936 1889 996 1944 δέ
1052 1897 1141 1943 καί
1191 1899 1284 1949 τήν
1331 1900 1519 1949 κτῆσιν
1582 1891 1737 1948 (ὓλην
1826 1898 1931 1951 τοῖς
1969 1920 2006 1973 Β
2044 1900 2103 1953 ἀε

1928 1912 1931 1949 ;
1969 1920 2006 1973 Β
2044 1900 2183 1953 dem
2214 1915 2457 1954 omnem
2488 1899 2789 1954 distribuit
2840 1900 3229 1971 pauperibus.
3264 1912 3442 1965 agros
3475 1911 3612 1950 vero
3643 1900 3699 1950 et

330 1985 690 2053 προσήκουσιν
742 1980 1126 2055 ἀπεκλήρωσεν·
1192 1980 1299 2033 ἐπεί
1367 1978 1425 2032 δέ
1486 1988 1651 2051 σοφώς
1702 1983 1766 2031 τά
1817 1980 1931 2031 κατ’
2045 2004 2101 2042 [ιε

1921 1980 1931 1996 ’
2045 1988 2305 2059 reliquas
2362 1988 2778 2058 possessiones
2841 1988 2992 2043 inter
3045 1987 3417 2059 propinquos
3475 1984 3692 2038 divisit.

332 2070 489 2121 αὐτόν
583 2067 804 2126 διεθετο.
879 2071 1146 2128 εἱλωτικην
1234 2068 1487 2126 ἀναϐολήν
1585 2071 1931 2143 περιθεμενος,
2045 2078 2103 2131 Cl

1925 2113 1931 2131 .
2045 2078 2189 2131 Cum
2213 2082 2415 2132 autem
2444 2079 2524 2133 sic
2551 2078 2755 2133 omnia
2773 2077 3094 2149 prudenter
3109 2075 3471 2137 ordinasset,
3522 2072 3696 2127 servi-

329 2166 466 2232 πρός
491 2164 585 2216 τήν
638 2158 834 2230 ἀγαθήν
890 2158 1099 2232 ἀπαὶρει
1154 2164 1385 2231 πορεὶαν,
1441 2166 1498 2210 το
1552 2163 1641 2230 μέν
1696 2163 1933 2230 φαινόμε-
2045 2164 2095 2219 le

1923 2191 1933 2198 -
2045 2164 2159 2220 lem
2202 2166 2448 2221 indutus
2473 2166 2772 2232 habitum,
2801 2167 2857 2221 in
2901 2166 3123 2221 bonam
3165 2180 3293 2219 sese
3320 2163 3483 2217 viam
3511 2161 3694 2231 dedit,

331 2267 417 2299 νον
465 2253 712 2319 πενιχρός
750 2254 879 2319 προς
942 2246 1000 2300 δέ
1057 2256 1150 2305 την
1192 2257 1281 2299 τοι)
1322 2247 1555 2321 ἐριτὶμου
1606 2254 1933 2320 μαργαρὶτου
2045 2270 2102 2309 ex

1925 2271 1933 2296 ν
2045 2260 2286 2309 externa
2306 2255 2551 2327 quidem
2578 2256 2773 2327 specie
2802 2270 3052 2326 pauper,
3106 2253 3209 2307 sed
3254 2252 3333 2308 ad
3372 2252 3696 2307 emendam

328 2335 581 2397 ἑζώνησιν
663 2337 881 2388 πλοῦτον
950 2336 1118 2410 βαρύν
1181 2342 1273 2394 την
1342 2336 1528 2411 ἀρετήν
1595 2336 1931 2408 ἐπαγόμενος.
2046 2359 2099 2413 p1

2046 2344 2367 2413 pretiosam
2396 2345 2784 2412 margaritam
2827 2344 3044 2398 multas
3078 2358 3245 2413 opes,
3279 2340 3553 2396 virtutem
3595 2340 3701 2394 sci-

333 2430 435 2477 Καί
458 2433 585 2495 γοῦν
633 2431 725 2483 την
782 2426 1122 2499 Ἰερουσαλήμ
1179 2424 1580 2497 καταλαμϐάνει,
1639 2427 1721 2476 ἵνα
1772 2445 1825 2476 τε
1875 2432 1932 2477 το
2045 2431 2104 2486 Ιὶ(

1926 2450 1932 2475 ι
2045 2431 2194 2495 licet,
2232 2448 2438 2487 secum
2471 2432 2745 2487 efferens.
2802 2431 3130 2501 Ingreditur
3168 2446 3310 2499 ergo
3369 2430 3697 2500 Hierosoly-

328 2518 586 2586 σωτήριον
616 2513 911 2575 ἐξετελεσθη
968 2520 1277 2589 μυστήριον,
1336 2513 1547 2566 κάκεῖσε
1606 2522 1804 2575 σεπτώς
1862 2524 1933 2585 τῷ
2046 2538 2099 2575 ω

1921 2525 1933 2565 i
2046 2538 2230 2586 mam,
2259 2522 2567 2577 utibidem
2612 2522 2817 2577 salutis
2841 2531 3057 2576 nostrae
3102 2520 3456 2592 mysterium
3507 2518 3692 2572 susci-

328 2610 444 2671 Θεῷ
499 2608 587 2653 καί
640 2607 874 2660 Δεσπότη
926 2609 1020 2662 τήν
1077 2607 1436 2677 προσκύνησιν
1486 2603 1929 2675 ἀφοσιωσάμενος,
2047 2625 2099 2681 pi

1926 2649 1929 2664 .
2047 2617 2209 2681 peret
2234 2614 2516 2682 ;-Deoque
2540 2628 2609 2667 ac
2642 2611 2893 2666 Domino
2918 2626 3025 2665 suo
3055 2615 3393 2665 reverenter
3450 2607 3697 2663 adorato

335 2693 482 2762 παρά
525 2697 619 2749 τήν
663 2700 754 2743 του
844 2692 1067 2764 μεγάλου
1118 2691 1255 2744 Σάϐα
1306 2698 1467 2764 μονην
1537 2694 1740 2751 οἷπεισι,
1794 2693 1934 2745 Σάϐα
2044 2716 2106 2754 sa

1924 2714 1934 2745 ι
2044 2699 2467 2765 sanctificatus,
2501 2701 2577 2755 ad
2600 2682 2813 2769 'magizi
2857 2700 3026 2755 Sabze
3060 2697 3493 2753 monasterium
3552 2695 3695 2751 abit.

325 2788 419 2830 του
456 2786 549 2836 τήν
573 2778 759 2851 ἀρετήν
784 2780 1096 2855 περιϐοήτου
1132 2788 1217 2832 καί
1260 2788 1353 2839 την
1410 2785 1542 2832 κατά
1596 2786 1723 2834 Θεὸν
1774 2783 1924 2833 πολι·
2046 2790 2096 2843 δε

2046 2787 2214 2843 Sabae
2245 2788 2494 2859 inquam
2540 2787 2715 2855 illius,
2790 2788 3002 2842 virtute
3039 2785 3406 2841 celeberrimi
3454 2789 3511 2840 et
3556 2800 3698 2839 con-

326 2873 467 2919 τεὶαν
507 2869 931 2941 περιθρυλλὴτου,
965 2870 1105 2922 Σάϐα
1132 2878 1223 2922 του
1274 2871 1603 2944 λαμπρότητι
1662 2869 1783 2943 βὶου
1838 2878 1931 2929 την
2041 2894 2097 2932 νε

1927 2896 1931 2915 ι
2041 2879 2371 2933 versatione
2404 2878 2865 2933 nominatissimi
2895 2894 2906 2930 :
2933 2876 3124 2945 Sabae,
3166 2880 3351 2931 totam
3400 2890 3536 2946 quae
3585 2872 3698 2929 sub

328 2958 415 3028 ὑφ’
446 2958 586 3015 ἣλιον
616 2962 1069 3029 καταυγάσαντος,
1103 2960 1155 3011 ὃν
1184 2964 1321 3032 εἴπερ
1350 2980 1429 3021 τις
1459 2960 1519 3011 άν
1574 2967 1702 3032 pair:
1768 2967 1928 3014 τὺπον
2042 2984 2099 3022 so

1922 2985 1928 3007 ν
2042 2968 2164 3022 sole
2217 2976 2302 3022 est
2355 2974 2570 3023 terram
2633 2968 2763 3022 vitae
2819 2983 2939 3021 suae
3010 2964 3273 3021 claritate
3324 2963 3693 3035 illustrantis,

323 3052 415 3097 τοῦ
444 3044 733 3118 μοναδικόν
766 3047 888 3120 βιου
921 3049 1112 3101 ἀνωθεν
1143 3056 1252 3109 τοῖς
1309 3052 1357 3100 ἐν
1429 3059 1495 3120 γῆ
1558 3053 1927 3123 καταπεμφθῆ-
2038 3073 2094 3129 qi

1924 3084 1927 3091 ι
2038 3073 2223 3129 quam
2246 3056 2492 3128 quidem
2516 3058 2644 3127 ejus
2674 3057 2853 3111 vitam
2876 3055 3093 3127 aliquis
3147 3054 3359 3110 dixerit
3379 3054 3440 3109 in
3494 3068 3695 3108 exem-

324 3155 431 3200 ναι,
456 3136 509 3187 εὖ
541 3134 683 3205 οἶδα,
721 3147 812 3197 ⁴’ῆς
870 3137 1114 3198 ἀληθεὶας
1174 3139 1279 3210 οὐχ
1332 3138 1713 3211 ἁμαρτήσεται.
1778 3144 1926 3214 Παρά
2038 3145 2095 3217 pl

1922 3144 1926 3192 ἕ
2038 3145 2202 3217 plum
2229 3146 2575 3201 monasticae
2606 3145 2992 3216 professionis
3018 3144 3092 3199 de
3114 3144 3265 3199 coelo
3288 3144 3541 3199 missam
3564 3157 3693 3197 esse

318 3232 446 3294 γοῦν
475 3230 569 3283 τήν
605 3225 799 3277 ἐκεινου
850 3234 1020 3297 φοιτᾲ-
1076 3227 1271 3299 λαὺρας
1322 3232 1409 3286 τας
1470 3232 1709 3289 τοιαύτας
1766 3234 1926 3300 μονάς
1957 3272 1996 3326 C
2037 3236 2089 3290 hi

1922 3252 1996 3326 :C
2037 3236 2385 3290 hominibus
2434 3251 2613 3306 super
2664 3244 2814 3291 terra
2855 3234 3392 3297 commorantibus,
3434 3248 3693 3305 cumque

320 3312 493 3363 καλεῖν
533 3313 781 3366 εἰώθασιν
810 3318 859 3366 οι
895 3315 1094 3370 πολλοὶ.
1128 3316 1219 3377 Ὠς
1244 3317 1333 3367 οὖν
1363 3317 1486 3390 παρ’
1514 3318 1643 3375 αὐτῆ
1701 3322 1918 3389 γένοιτο,
1960 3312 1996 3326 υ
2036 3325 2091 3379 ὴ(

1917 3365 1918 3374 χ
1960 3312 1996 3326 υ
2036 3325 2148 3379 hoc
2172 3324 2403 3392 dixerit,
2424 3324 2565 3378 nihil
2584 3331 2791 3395 praeter
2805 3324 3108 3379 veritatem
3126 3323 3342 3377 dixerit
3362 3329 3521 3377 certo
3545 3322 3688 3379 scio.

316 3404 409 3451 καί
440 3410 509 3471 τῷ
535 3410 634 3453 τῶν
664 3401 711 3454 ἐν
742 3404 874 3461 αὐτῆ
905 3410 1195 3477 προεστωτι
1252 3405 1324 3465 εἰς
1363 3405 1482 3474 ὄψιν
1535 3404 1693 3471 ἔλθοι,
1753 3412 1923 3457 πεσών
2040 3416 2079 3469 U

2040 3416 2104 3469 Ut
2121 3420 2320 3469 autem
2340 3415 2416 3468 ad
2434 3413 2587 3467 illius
2608 3411 3277 3482 monasterium(lauras
3296 3411 3563 3483 plerique
3600 3427 3694 3467 so-

316 3494 419 3561 πρό
447 3499 546 3541 τῶν
574 3490 771 3543 ἐκεινου
804 3489 1003 3557 ποδῶν,
1030 3502 1101 3563 τῷ
1132 3495 1273 3565 παρα
1323 3503 1395 3564 τῷ
1456 3494 1751 3565 Εὑαγγελιῳ
1809 3495 1921 3546 ἐαυ-
2034 3502 2085 3558 le

1918 3526 1921 3532 λ
2034 3502 2505 3558 lentistiusmodi
2530 3502 2660 3558 loca
2682 3503 3016 3573 nominare)
3037 3508 3215 3573 atque
3236 3503 3689 3573 inconspectum

317 3583 407 3629 τόν
438 3576 725 3632 ἀπολωλότι
778 3580 1022 3655 προϐάτῳ
1080 3583 1445 3656 προσεικάζεν,
1493 3582 1804 3655 ἀφαρπάσαι
1869 3603 1922 3635 τε
2035 3592 2088 3648 al

1919 3603 1922 3633 ε
2035 3592 2270 3648 abbatis
2287 3592 2465 3657 venit,
2497 3591 2574 3646 ad
2588 3592 2636 3662 ej
2650 3609 2717 3645 us
2735 3590 2926 3663 pedes
2944 3590 3285 3661 procidcns,
3306 3590 3538 3645 similen
3560 3606 3690 3647 sese

317 3675 413 3717 τοῦ
440 3677 626 3725 νοητοῦ
656 3667 1021 3723 κατεδυσὼπει
1057 3674 1232 3743 θηρός,
1266 3677 1357 3724 καί
1396 3680 1457 3730 τῆ
1523 3669 1637 3743 ὶδιᾳ
1699 3672 1920 3747 ἐνσηκά-
2034 3697 2088 3735 e1

2034 3680 2299 3736 exhibuit
2337 3680 2494 3736 ovilli
2532 3681 2593 3735 in
2621 3680 2932 3750 evangelio
2965 3678 3598 3752 perditae,supplicans
3630 3683 3694 3735 ut

324 3774 416 3807 σαι
472 3754 682 3830 μάνδρᾳ
735 3761 869 3811 πάνυ
924 3760 1151 3834 λιπαρῶς
1203 3763 1518 3827 καθικὲτευε,
1605 3758 1745 3833 μηδέ
1800 3765 1920 3823 τούς
2034 3786 2095 3842 5F

2034 3768 2340 3842 spirituale
2367 3770 2591 3824 ostium
2617 3768 3070 3841 apprehendere
3091 3767 3202 3824 sibi
3226 3767 3447 3836 liceret,
3467 3774 3522 3823 et
3544 3769 3605 3824 in
3628 3768 3691 3824 il-

321 3846 614 3918 ὀφθαλμούς
645 3848 715 3909 εἰς
755 3848 1003 3922 οὐρανούς
1051 3848 1174 3922 ἆραι
1226 3850 1445 3922 τολμῶν,
1498 3854 1567 3912 ώς
1624 3853 1649 3902 ὁ
1703 3861 1773 3922 τῷ
1822 3859 1922 3903 Σωο
2033 3860 2092 3913 ﬁl

1918 3881 1922 3891 ι
2033 3860 2145 3913 lius
2181 3859 2491 3930 proprium
2518 3858 2669 3913 ovile
2691 3856 2908 3929 recipi;
2931 3857 3167 3912 interim
3187 3873 3325 3913 vero
3354 3873 3463 3913 nec
3483 3856 3689 3913 oculos

319 3935 834 4010 τῆριπαραϐολικώς
882 3937 1308 4000 ἰπεισκυκληθείς
1364 3939 1603 4005 τελώνης,
1657 3945 1746 3991 καί
1792 3946 1923 4013 πρὸς
2033 3964 2087 4004 al

1918 3961 1923 4001 ;
2033 3948 2296 4004 audebat
2338 3948 2534 4003 levare
2564 3949 2624 4002 in
2654 3947 2893 4013 cmlum,
2932 3946 3180 4003 sicutille
3212 3948 3274 4002 in
3306 3946 3613 4019 parabolis
3653 3963 3689 4004 a

318 4029 589 4093 μετανοὶας
612 4022 959 4096 σχεδιασθείς
1018 4031 1175 4089 ὅντως
1218 4029 1583 4101 ὑπογραμμὸν,
1629 4034 1720 4080 καί
1775 4028 1921 4103 ἀτρε-
2036 4040 2089 4094 δέ

1916 4061 1921 4070 ·
2036 4038 2338 4094 Salvatore
2359 4043 2727 4092 memoratus
2747 4037 3127 4109 publicanus,
3144 4036 3606 4109 propositusque
3628 4036 3687 4092 in

315 4120 449 4172 ποῦς
478 4118 637 4165 τυπον
697 4114 1093 4186 ἐξαγορεύσεως·
1152 4122 1242 4168 καί
1300 4120 1466 4169 ταυτά
1519 4121 1578 4188 γε
1633 4138 1733 4183 τις,
1790 4120 1815 4170 ό
1870 4118 1921 4182 ἐξ
2032 4144 2086 4183 ει

1912 4120 1921 4182 Ξ
2032 4126 2376 4198 exemplum
2395 4127 2755 4199 pcenitentim
2788 4132 2965 4198 atque
2993 4127 3238 4181 sincerae
3260 4125 3683 4197 confessionis;

313 4200 519 4272 ὀνύχων
550 4202 759 4255 ἁπαλῶν
789 4206 1018 4277 καθαρός
1066 4211 1155 4257 καί
1210 4204 1309 4257 ἀπο
1360 4210 1619 4278 γενεσεως.
1678 4207 1747 4259 Ὢ
1797 4229 1921 4282 καρ-
2031 4216 2084 4271 id

1918 4242 1921 4250 -
2031 4216 2211 4288 idque
2232 4232 2370 4270 cum
2404 4231 2438 4270 a
2468 4216 2702 4279 teneris,
2736 4216 2821 4271 uti
2864 4215 3097 4282 dicitur,
3152 4215 3492 4285 unguiculis
3534 4216 3689 4289 ipsa-

314 4285 438 4351 διας
492 4294 971 4365 συντετριμμενηςῐ
1029 4295 1067 4345 ὣ
1101 4298 1385 4367 πνευματος
1438 4301 1869 4368 τεταπεινωμένου
1903 4300 1914 4354 l
2031 4322 2085 4377 q]

2031 4285 2148 4377 que
2178 4305 2483 4363 nativitate
2531 4321 2718 4377 purus
2758 4305 2949 4360 fuerit.
3011 4306 3053 4361 Ο
3104 4320 3208 4360 cor
3254 4285 3609 4360 contritum!
3651 4321 3687 4361 ο

314 4380 356 4430 ὦ
385 4379 573 4451 ψυχῆς
621 4387 750 4434 Θεὸν
798 4384 1027 4457 ὁρώσης,
1082 4390 1203 4436 Θεον
1259 4386 1647 4457 φανταζομὲνης
1702 4386 1826 4441 ἀεὶῐ
1878 4388 1918 4439 ὦ
2031 4411 2085 4467 ει

1911 4413 1918 4438 ›
2031 4396 2304 4467 spiritum
2346 4394 2726 4450 humiliatum
2758 4396 2770 4450 !
2805 4412 2840 4450 ο
2865 4395 3130 4450 animam
3151 4398 3337 4450 Deum
3359 4395 3682 4462 videntem,

312 4468 501 4540 ψυχῆς
533 4475 625 4528 τὴν
669 4470 969 4524 ἀνεὶκαστον
1021 4480 1154 4525 Θεου
1198 4470 1355 4535 δόξαν
1404 4474 1767 4537 άναπολούσης
1826 4474 1918 4528 διά
2035 4488 2083 4539 υι

1917 4522 1918 4525 η
2035 4488 2217 4539 Deum
2252 4500 2487 4557 semper
2510 4485 2871 4552 cogitantem
2905 4485 2917 4540 Ξ
2951 4501 2987 4539 o
3019 4485 3285 4539 animam
3313 4483 3532 4539 divinae
3565 4487 3688 4555 glo-

311 4563 522 4624 παντὸς,
555 4565 645 4612 καί
671 4564 803 4632 μόνα
841 4564 906 4612 τά
958 4560 1151 4614 ἐκείνου
1214 4560 1585 4635 ὃιανοουμὲνης
1641 4562 1912 4635 διηνεκῶς,
2030 4574 2075 4627 ri

2030 4574 2128 4628 riae
2162 4590 2399 4645 semper
2428 4575 2738 4637 intentam,
2774 4589 2963 4645 eaque
2988 4574 3115 4629 sola
3154 4578 3521 4646 spectantem
3547 4591 3684 4647 quas

312 4652 404 4699 καί
444 4646 647 4720 ἀμέσως
680 4648 857 4721 ἀμὲσῳ
916 4654 995 4702 νοί
1063 4658 1455 4725 συναπτομενης
1487 4663 1558 4725 τῲ
1618 4660 1803 4728 πρώτῳ
1848 4666 1916 4727 νῷ
1952 4685 1995 4738 D
2029 4662 2083 4718 i1]

1914 4688 1916 4701 ι
1952 4685 1995 4738 ι)
2029 4662 2166 4718 illuc
2194 4662 2556 4731 conducunt,
2592 4662 2897 4734 mentique
2935 4662 3017 4717 illi
3044 4662 3252 4734 prima;
3282 4679 3353 4718 ac
3392 4646 3685 4719 mentium

310 4741 402 4787 καί
453 4747 539 4788 νυν
589 4738 900 4811 ἐνσωμάτων
938 4746 1027 4791 καί
1092 4740 1382 4812 ἀσωμάτων
1439 4740 1795 4818 ὃημιουργῴἓ
1853 4745 1918 4798 Ὦ.
2028 4769 2081 4808 ο(

1913 4786 1918 4798 -
2028 4768 2453 4824 corporearum
2481 4769 2651 4824 aeque
2682 4768 2752 4807 ac
2787 4753 3277 4824 incorporearum
3326 4751 3527 4824 opiﬁci
3576 4754 3684 4808 im-

308 4824 494 4896 ψυχῆς
522 4826 569 4889 ἐς
628 4828 929 4885 τηλικοῦτον
989 4826 1297 4902 ὃιαρθεὶσης
1341 4830 1391 4894 ἐξ
1441 4835 1647 4907 άρετῆς,
1706 4840 1791 4886 καί
1846 4836 1918 4897 εἰς
2030 4860 2079 4896 m

1913 4858 1918 4896 :
2030 4842 2345 4897 mediatius
2364 4842 2753 4897 inhaerentem
2775 4842 2787 4896 !
2809 4858 2843 4896 ο
2869 4842 3135 4897 animam
3162 4846 3284 4897 tam
3314 4841 3553 4898 excelsa
3573 4842 3684 4897 vir-

308 4925 560 4967 τοσουτον
590 4918 993 4979 ὑποπιπτούσης
1047 4918 1105 4971 ἐκ
1152 4926 1523 4989 ταπεινώσεως,
1581 4928 1671 4974 καί
1737 4927 1803 4985 ὡς
1858 4930 1914 4976 τό
2028 4935 2079 4986 ti;

1913 4955 1914 4969 ι
2028 4935 2150 4986 tute
2164 4936 2727 5001 evectam,tam,tam
2747 4930 3044 5003 profunda
3068 4930 3404 4987 humilitate
3434 4930 3684 5004 depres-

308 5001 477 5077 μηδέν
554 5006 741 5064 ἑαυτήν
822 5006 1170 5081 ἀχρειοὺσης,
1252 5009 1667 5084 θριαμϐευοὺσης
1721 5032 1775 5064 τε
1828 5019 1915 5065 καί
2028 5037 2079 5075 sa

2028 5025 2241 5090 sam,ut
2256 5038 2315 5075 se
2329 5021 2504 5092 quasi
2518 5001 2776 5075 inutilem
2793 5020 2869 5076 ad
2883 5021 3080 5077 omnia
3092 5020 3429 5077 existimans
3441 5001 3686 5093 de'seip-

310 5094 723 5157 στηλιτευοὺσης
806 5100 979 5172 ὥσπερ
1059 5098 1450 5172 ἐξαμαρτοῦσαν
1555 5100 1818 5159 ἀνήκεστα
1898 5105 1910 5159 !
2030 5126 2081 5164 se

2030 5126 2097 5164 sa
2112 5110 2506 5182 triumpharit,
2523 5126 2707 5182 seque
2724 5118 2784 5165 ut
2796 5110 3287 5179 gravissimorum
3305 5117 3682 5184 peccatorum

2025 5214 2188 5254 ream
2215 5200 2541 5254 traduxerit
2568 5200 2579 5254 !

376 5326 461 5381 λε’.
502 5327 641 5387 Πλήν
675 5328 801 5381 ἀλλά
831 5339 892 5389 τῆ
918 5338 1009 5382 τοῦ
1050 5332 1276 5404 μεγάλου
1310 5331 1448 5384 Σάϐα
1476 5343 1605 5406 μονῆ
1665 5337 1688 5386 ό
1749 5339 1912 5408 μεγας
2098 5346 2147 5396 3ξ

2098 5346 2187 5396 35.
2224 5344 2374 5411 Ergo
2396 5342 2456 5396 in
2488 5342 2693 5411 magni
2724 5342 2896 5398 Sabua
2921 5342 3156 5399 lauram
3187 5360 3450 5414 magnus
3504 5348 3684 5401 Joan-

302 5417 541 5479 Ἰωάννης
572 5420 972 5492 προσειληπται,
1007 5424 1031 5472 ὁ
1065 5424 1185 5474 ὅσον
1222 5420 1428 5476 οὐδέπω
1471 5430 1701 5496 συχνούς
1757 5429 1908 5500 ὑπερ·
2025 5446 2073 5485 ης

2025 5446 2130 5485 nes
2162 5435 2427 5501 receptus
2451 5436 2561 5497 est,
2594 5433 2771 5503 quasi
2790 5432 2896 5504 qui
2924 5432 3183 5488 necdum
3205 5434 3423 5489 multos
3459 5450 3685 5508 eosque

301 5505 554 5560 ϐαλὲσθαι
607 5509 798 5582 μὲλλων
844 5517 932 5563 καί
987 5520 1083 5564 τῶν
1134 5514 1366 5585 μεγάλων
1426 5515 1498 5576 εἰς
1552 5514 1752 5588 ἀρετὴν.
1810 5524 1909 5571 Καί
2022 5518 2072 5573 in

2022 5518 2081 5573 in
2107 5519 2317 5575 virtute
2345 5525 2695 5591 prmstantes
2723 5527 3085 5591 superasset.
3108 5523 3442 5579 Monasterii
3482 5505 3685 5580 autem

297 5606 427 5668 γοῦν
451 5600 476 5649 ό
514 5608 588 5670 τῷ
620 5604 735 5652 τότε
757 5609 853 5662 τῆς
882 5611 1039 5673 μονῆς
1094 5613 1402 5675 προστατῶν
1457 5608 1580 5665 τούς
1644 5611 1907 5678 προῦχον-
2022 5624 2062 5679 p

2022 5608 2341 5679 praefectus
2403 5610 2801 5664 monchorum
2870 5611 3205 5684 praecipuos
3273 5615 3554 5669 accersit:
3615 5630 3684 5670 ac

298 5707 397 5750 τας
425 5698 524 5740 τῶν
550 5700 797 5762 μοναχών
847 5695 1254 5763 μεταπέμπεται·
1306 5699 1395 5745 καί
1448 5704 1631 5768 πρώτα
1681 5702 1771 5768 μέν
1832 5706 1904 5768 τῲ
2016 5714 2069 5770 p1

2016 5698 2212 5770 primo
2234 5697 2479 5770 quidem
2502 5698 2575 5761 ei,
2603 5698 2707 5771 qui
2731 5704 2867 5755 ante
2894 5698 3046 5756 alios
3066 5701 3374 5771 ingressus
3429 5702 3687 5771 astabat,

295 5783 401 5853 πρό
426 5788 525 5830 τῶν
552 5779 714 5831 ἄλλων
744 5786 833 5833 καί
860 5782 1076 5833 εἰσιόντι
1119 5787 1209 5835 καί
1268 5787 1447 5837 στάντι
1497 5791 1591 5846 τήν
1648 5794 1742 5839 τοῦ
1787 5792 1903 5849 νεὴ-
2015 5804 2066 5845 οι

2015 5804 2225 5846 curam
2251 5788 2761 5863 injungitnovitii,
2794 5806 2977 5862 quem
3029 5792 3082 5848 ei
3132 5793 3554 5865 monstrabat,
3608 5810 3680 5865 ge
