4484 6446
802 434 904 490 855

1997 423 2459 487 CONSTANTINI
2498 414 2975 478 ACROPOLITE.

4054 413 4156 468 856

796 558 1075 616 rendam.
1104 556 1203 614 llle
1233 570 1374 613 vero
1423 558 1714 629 tanquam
1776 555 2081 624 attonitus,
2138 556 2220 613 uti
2274 552 2443 610 vultu
2474 544 2567 604 Al

2384 550 2518 609 luA
2551 540 2711 605 λυδος
2776 542 3027 615 ἱφορείαν,
3105 537 3277 603 διὶξας
3316 540 3491 605 αὐτόν,
3565 538 3863 600 άνατὶθησι.
3944 540 4045 591 Καί
4101 539 4155 600 ὃς

794 648 927 721 ipso
944 647 1345 715 monstrabat,
1363 645 1760 703 ministerium
1775 646 1891 703 hoc
1919 646 2217 703 recusavit
2258 643 2444 700 susci-

794 752 958 810 pere,
972 740 1293 809 postquam
1315 750 1377 791 se
1390 738 1717 809 utcumque
1730 734 2081 806 collegisset,
2099 735 2214 791 hoc
2247 732 2445 789 solum

795 825 1188 884 eﬁ‘atusz’l‘ibi
1208 839 1393 894 nunc,
1416 824 1610 893 Pater,
1656 824 1863 882 videor
1891 824 2243 881 inobediens
2289 838 2441 893 esse,

792 914 940 972 nihil
972 918 1110 988 tale,
1140 915 1291 972 sicut
1318 914 1506 971 nostis
1526 929 1797 988 unquam
1822 930 2064 988 passus,
2092 929 2163 971 ex
2184 927 2308 986 quo
2348 927 2445 969 me

792 1004 897 1061 tibi
916 1005 1249 1075 regendum
1270 1003 1566 1072 commisi,
1590 1004 1698 1060 sed
1718 1019 1914 1078 neque
1933 1002 2251 1061 aliasidem
2285 1017 2445 1058 com-

791 1094 1088 1153 missurus
1116 1110 1129 1150 :
1152 1109 1314 1151 nunc
1331 1097 1533 1151 autem
1551 1109 1802 1150 causam
1818 1093 2075 1164 intellige
2096 1096 2154 1148 et
2178 1092 2442 1165 ignosce,

790 1185 914 1254 Ego
933 1181 1165 1253 alongo
1182 1183 1311 1254 jam
1328 1187 1598 1256 tempore
1621 1182 1759 1238 novi
1789 1181 2243 1239 celeberrimum
2282 1182 2443 1237 hunc

788 1272 986 1329 virum
1036 1290 1050 1328 :
1098 1272 1228 1343 ejus
1285 1271 1448 1328 enim
1504 1271 1716 1328 laudes
1774 1271 2093 1329 manifesta
2177 1269 2445 1342 vulgavit

788 1360 971 1429 fama,
1004 1365 1299 1435 tanquam
1331 1361 1612 1418 facundia
1642 1367 1699 1418 et
1722 1361 1840 1418 vita
1879 1360 2193 1418 clarissimi
2222 1378 2234 1416 :
2293 1376 2436 1434 qua-

786 1454 1031 1527 propter
1059 1466 1269 1508 vereor
1292 1450 1428 1523 ejus
1453 1466 1664 1507 curam
1700 1452 2024 1523 suscipere,
2054 1453 2223 1507 Pater
2275 1465 2441 1506 reve-

785 1539 994 1609 rende,
1022 1539 1317 1613 imparem
1366 1539 1561 1596 eidem
1620 1555 1717 1596 me
1759 1539 2064 1611 Judicans.
2115 1539 2203 1594 Ad
2257 1538 2441 1595 alium

783 1627 1003 1685 deinde
1025 1645 1090 1686 se
1149 1628 1442 1686 convertit
1484 1628 1698 1695 abbas,
1758 1634 1814 1686 et
1858 1629 1953 1685 hic
1997 1628 2262 1684 similiter
2314 1644 2441 1685 sese

784 1722 1063 1783 excusat;
1118 1718 1379 1791 indeque
1413 1718 1492 1775 ad
1556 1718 1815 1786 tertium,
1840 1719 1941 1792 qui
1963 1734 2135 1792 aeque
2163 1722 2285 1775 toto
2306 1718 2442 1775 nisu

780 1808 1009 1867 resilit:
1044 1812 1221 1882 prout
1267 1808 1447 1865 etiam
1494 1808 1593 1866 alii
1650 1808 1871 1882 aliique
1940 1808 2224 1879 fecerunt,
2286 1825 2439 1881 quos

2550 635 2783 705 καθάπερ
2842 632 2886 685 εἰ
2938 650 3018 693 τις
3068 628 3374 695 ἔκπληκτος,
3433 630 3503 693 ὡς
3571 623 3867 686 δεδήλωκεν
3934 625 3987 681 ἐκ
4064 635 4154 683 τοῦ

2557 728 2856 796 σχήματος,
2887 725 2980 779 τήν
3022 718 3349 793 λειτουργὶαν
3395 720 3724 792 ἀπαγορεύει,
3787 735 3941 772 τουτο
4001 718 4153 789 μόνον

2557 810 2731 879 εἰπών,
2778 808 2873 881 ὀψε
2924 827 3047 865 ποτε
3088 807 3371 881 ἀνειληφώς
3425 806 3604 860 ἑαυτὸν
3656 805 3826 877 μόλις·
3883 809 3985 871 Σοί,
4039 806 4156 860 Πὰ-

2554 919 2663 973 τερ,
2689 906 2777 952 νῦν
2836 897 3055 961 άνὴκοος
3110 896 3481 970 άναγαὶνομαι,
3532 895 3708 960 ἐξότου
3770 914 3851 948 τοι
3906 898 3995 947 καί
4047 898 4155 950 ἐνε-

2554 989 2773 1065 χιίρισα
2812 986 3053 1061 ἐμαυτόν,
3086 991 3244 1060 μήπω
3269 1005 3349 1057 ys,
3402 987 3470 1048 ὡς
3525 983 3701 1051 οἶσθα,
3758 986 3931 1041 τουτοὶ
3967 1002 4153 1039 πεπον-

2557 1080 2671 1147 θώς,
2707 1077 2833 1130 ἀλλά
2888 1073 3019 1150 μηδ’
3084 1076 3155 1139 εἷς
3182 1073 3329 1137 αὖθις
3350 1077 3451 1129 εἴθε
3475 1076 3619 1129 ποτεο
3652 1077 3712 1131 τό
3744 1070 3794 1127 δ’
3813 1078 3979 1126 αἰτιον
4001 1075 4153 1125 τοῦτό

2553 1186 2629 1238 yt,
2663 1165 2758 1218 οὐκ
2810 1164 2953 1232 ἄλλο,
2981 1168 3071 1219 καί
3104 1165 3395 1237 σὺγγνωοι.
3464 1163 3550 1217 Ἐκ
3601 1168 3806 1237 μακροῦ
3837 1165 3923 1215 τόν
3984 1157 4157 1235 ἄνδρα

2552 1254 2859 1329 περιϐόητον
2888 1257 3106 1325 ἔγνωκασ
3140 1255 3169 1311 ἡ
3202 1255 3300 1326 γάρ
3360 1272 3452 1325 μοι
3509 1257 3653 1325 φήμη
3706 1253 3773 1304 τά
3824 1250 3939 1304 κατ’
4001 1250 4155 1303 αὐτόν

2554 1341 2907 1415 ἀκριϐεστατα
2955 1338 3287 1416 διετρὰνωσε,
3356 1345 3445 1395 καί
3491 1339 3628 1412 λόγῳ
3660 1358 3715 1397 τε
3765 1344 3855 1391 καί
3905 1337 4009 1410 βὶῳ
4051 1346 4149 1391 τῶν

2551 1432 3000 1505 περιφανεστάτω
3022 1428 3369 1504 παρεστησεν,
3431 1428 3503 1501 ἐφ’
3648 1433 3739 1481 καί
3787 1424 4007 1480 δξδοικα
4052 1432 4149 1484 τήν

2552 1518 2886 1589 ἑπιστασὶαν,
2918 1521 3043 1594 ὑπέρ
3112 1517 3198 1591 ἐμέ
3244 1522 3449 1591 κρίνων,
3497 1520 3664 1589 Πάτερ
3723 1518 3981 1571 Θεσπὶσιε.
4039 1516 4155 1569 ἐπὶ

2550 1611 2637 1661 τόν
2675 1608 2785 1679 μετ’
2828 1612 3014 1661 ἐκεῖνον
3068 1611 3242 1682 τρὶπει
3299 1612 3386 1659 τόν
3428 1606 3600 1678 λόγον·
3652 1604 3886 1666 κακεῖνος
3930 1613 4000 1674 τῷ
4052 1608 4155 1678 πρό

2551 1697 2710 1750 αὐτοῦ
2772 1693 2988 1769 συνᾴδει
3032 1701 3125 1755 τήν
3171 1694 3542 1770 ἀπαγόρευσιν.
3622 1695 3734 1748 Ἐπί
3806 1699 3891 1747 τόν
3964 1694 4151 1766 ἕτερον,

2550 1783 2963 1847 κηίούδόὖτος
3003 1788 3320 1839 συντὶθεται·
3384 1784 3469 1837 ἐπί
3520 1788 3607 1837 τόν
3665 1784 3774 1857 μετ’
3834 1783 4008 1852 αὐτόν,
4065 1788 4157 1835 καί

780 1898 976 1961 abbas
994 1870 1359 1972 appellabat,
1390 1914 1561 1972 aeque
1579 1914 1682 1955 eos
1709 1870 2020 1955 inveniens
2048 1870 2439 1971 impersuasi-
2472 1900 2510 1955 Β
2550 1910 2551 1917 ‘

2384 1898 2439 1955 ,i_
2472 1900 2510 1955 Β
2550 1876 2647 1947 ὅλῳ
2676 1874 2905 1936 κάκεῖνος
2926 1877 3197 1950 ὑποχωρεῖ
3243 1882 3313 1945 τῷ
3353 1870 3502 1927 ποδι-
3585 1873 3665 1926 ἐπ’
3715 1873 3865 1925 ἄλλον
3913 1882 4000 1925 οῦν
4046 1872 4155 1945 μετ’

779 1988 929 2045 biles
964 2004 1037 2045 ex
1070 1988 1389 2045 formidine
1419 1990 1773 2061 prtenotata.
1802 1987 1876 2045 Ut
1906 1987 2065 2044 enim
2119 1987 2304 2044 verbo
2336 1987 2437 2045 ab-

778 2077 1033 2147 solvam,
1065 2094 1277 2134 omnes
1311 2077 1391 2134 illi
1421 2077 1792 2134 venerabiles
1837 2094 2028 2143 senes,
2073 2076 2206 2134 licet
2236 2094 2272 2134 a
2303 2077 2435 2155 plu—

777 2167 945 2224 rimis
975 2168 1149 2225 annis
1180 2167 1579 2224 monasticam
1638 2167 1818 2224 vitam
1868 2167 2146 2241 professi,
2186 2168 2435 2241 ejusque

778 2256 975 2317 ofﬁcia
999 2257 1204 2314 omnia
1223 2260 1536 2330 perspecta
1564 2255 1877 2321 habentes,
1921 2256 1980 2312 in
2032 2256 2147 2314 hoc
2199 2256 2438 2330 conspi-

775 2346 995 2405 rabant
1024 2351 1088 2407 ut
1115 2345 1532 2419 magisterium
1581 2345 1694 2403 sibi
1742 2346 2119 2421 propositum
2176 2346 2436 2405 declina-

774 2440 928 2496 rent.

846 2616 935 2673 36.
970 2619 1109 2673 Post
1151 2631 1365 2672 omnes
1406 2616 1662 2690 denique
1713 2617 1804 2673 vir
1867 2615 1963 2674 ille
2006 2616 2265 2686 divinus,
2316 2625 2439 2677 tan-

685 2697 699 2709 ’
776 2722 966 2782 quam
1013 2705 1158 2763 istos
1199 2704 1560 2778 despiciens,
1638 2706 1949 2763 accersivit
2006 2707 2214 2779 alium,
2266 2714 2438 2767 {etate

776 2796 1232 2870 provectiorem,
1262 2794 1536 2851 fortassis
1558 2799 1615 2852 et
1634 2795 1864 2867 virtute,
1900 2796 2275 2871 simplicitate
2298 2815 2439 2856 vero

778 2901 1020 2943 morum
1052 2884 1484 2941 Abrahamium
1498 2900 1726 2955 senem,
1746 2885 2007 2943 multum
2023 2887 2202 2944 etiam
2234 2888 2441 2945 Jacobi

778 2975 1195 3050 praeferentem
1225 2974 1561 3031 sinceritate
1583 2992 1711 3041 sua,
1748 2992 2006 3049 vereque
2037 2977 2267 3051 antiqui
2316 2996 2439 3037 mo-

778 3066 862 3127 ris
890 3066 1220 3123 hominem.
1246 3064 1389 3121 lluic
1408 3064 1838 3123 institutionem
1868 3068 2111 3124 Joannis
2132 3084 2441 3125 commen-

783 3156 906 3222 dat,
939 3155 1078 3211 huic
1110 3154 1598 3228 prascipitipsum
1629 3154 1925 3212 deducere
1953 3173 2060 3229 per
2114 3158 2275 3215 viam
2335 3162 2441 3216 Na-

782 3260 1013 3304 zarenas
1061 3244 1397 3300 secundum
1467 3247 1654 3301 Deum
1724 3247 2224 3306 conversationis.

785 3350 928 3406 ergo
954 3334 1049 3391 ille
1100 3336 1392 3391 Joannem
1443 3350 1740 3407 perquam
1784 3334 2035 3392 libenter
2088 3338 2437 3410 accepisset,

786 3441 972 3485 manu
992 3424 1356 3498 prehensum
1376 3423 1435 3480 in
1462 3440 1636 3481 suam
1649 3425 1955 3481 deducens
1975 3426 2269 3493 cellulam,
2314 3428 2441 3501 ipse

786 3515 1034 3592 quidem
1058 3513 1465 3571 revertebatur
1482 3513 1754 3584 gaudens
1775 3514 1930 3571 velut
1956 3516 2184 3586 grande
2206 3516 2440 3574 lucrum

786 3605 1062 3679 adeptus,
1093 3603 1360 3661 Joannes
1404 3602 1841 3660 veroinetfabili
1866 3604 2123 3677 repletus
2166 3610 2294 3664 erat
2347 3607 2442 3663 las-

786 3696 914 3755 titia
943 3711 1014 3752 ac
1035 3695 1082 3750 si
1112 3694 1315 3767 ipsum
1332 3692 1689 3766 paradisum
1714 3692 2144 3764 ingrederetur.
2197 3697 2343 3753 Nam
2389 3701 2444 3752 et

785 3784 924 3843 huic
953 3784 1130 3841 beato
1161 3783 1422 3841 dabatur
1457 3787 1825 3856 praeceptum
1862 3800 1874 3839 :
1921 3783 2024 3839 sed
2074 3792 2441 3860 prreccptum

784 3874 1270 3949 haudquaquam
1300 3889 1372 3930 ex
1398 3871 1742 3938 levioribus,
1770 3872 1949 3945 quale
1970 3873 2318 3947 imperfecto
2342 3875 2443 3931 ali-

785 3965 879 4022 cui
910 3968 1365 4039 proponeretur.
1396 3961 1701 4035 Siquidem
1740 3962 2074 4020 mandabat
2120 3980 2303 4021 senex
2348 3982 2446 4022 vo-

782 4054 994 4111 luntati
1044 4068 1301 4127 propriis
1347 4052 1598 4108 omnino
1664 4052 1811 4107 nihil
1857 4052 2190 4127 indulgere,
2249 4072 2444 4130 neque

782 4145 977 4205 facere
998 4144 1313 4219 quidpiam
1351 4158 1473 4216 quo
1512 4158 1618 4215 per
1649 4158 1712 4198 se
1738 4142 2139 4201 inclinabatur
2170 4164 2182 4212 ;
2213 4146 2321 4203 sed
2373 4162 2445 4204 ea

782 4235 982 4294 solum
1013 4250 1150 4308 qua:
1180 4233 1621 4307 imperarentur
1658 4236 1877 4289 conatu
1924 4234 2093 4290 omni
2139 4234 2217 4291 ad
2258 4235 2443 4294 ﬁnem

780 4321 1802 4401 perducereperfeclequeimplere:
1839 4323 2024 4379 Deum
2057 4324 2301 4382 assidue
2341 4326 2442 4384 ha-

776 4416 921 4475 bere
941 4431 1062 4489 prae
1086 4412 1297 4481 oculis,
1348 4418 1404 4469 et
1446 4428 1586 4469 cum
1636 4429 1707 4468 eo
1756 4413 1977 4469 versari
2037 4415 2321 4471 continuo
2370 4432 2439 4474 ac

777 4522 890 4583 pro
913 4504 1145 4563 delictis
1173 4504 1503 4576 deprecari,
1540 4501 1752 4558 crebro
1799 4518 1997 4571 genua
2036 4502 2330 4560 flectendo
2383 4513 2437 4564 et

776 4597 1074 4656 ferventes
1102 4594 1403 4667 lacrymas
1421 4590 1811 4649 effundendo.
1846 4591 1998 4649 Nihil
2018 4595 2200 4664 enim,
2226 4594 2324 4659 fili,
2352 4598 2437 4652 in-

772 4686 1044 4763 quiebat,
1076 4685 1161 4742 sic
1180 4688 1497 4757 acceptum
1518 4682 1700 4739 habet
1739 4688 1843 4740 aut
1898 4681 2083 4757 pluris
2136 4683 2276 4741 facit
2318 4689 2434 4743 Do-

770 4776 975 4837 minus
995 4792 1183 4851 quam
1213 4774 1487 4848 spiritum
1516 4772 1899 4830 bumiliatum
1948 4777 2005 4829 et
2065 4790 2168 4831 cor
2220 4776 2434 4832 contri-

768 4873 921 4927 tum.
952 4872 1144 4940 Atque
1164 4866 1294 4923 haec
1320 4864 1567 4938 quidem
1591 4863 1727 4935 ipso
1754 4864 1811 4919 in
1834 4862 2039 4920 limine
2074 4865 2430 4938 praecipiens

767 4974 839 5016 ac
870 4956 1049 5014 veluti
1084 4955 1549 5012 fundamentum
1587 4954 1840 5025 jaciens,
1872 4954 2228 5011 ostendebat
2249 4955 2426 5027 quasi

762 5047 1102 5123 primordia
1120 5044 1405 5120 quaedam
1434 5064 1445 5105 :
1470 5061 1607 5118 qua:
1629 5050 1832 5102 autem
1846 5044 1923 5101 ad
1944 5044 2214 5101 animam
2238 5051 2425 5103 trans-

763 5138 1147 5196 formandam
1179 5136 1239 5192 in
1271 5134 1485 5191 melius
1543 5140 1723 5206 atque
1777 5133 2094 5207 perfectius
2137 5141 2422 5208 coaptan-

759 5228 905 5285 dam
928 5226 1175 5295 faciunt,
1210 5241 1319 5281 nec
1350 5240 1472 5281 non
1486 5223 1562 5281 ad
1596 5224 1998 5297 potentiarum
2018 5226 2147 5296 ejus
2176 5241 2423 5298 perpur-

758 5316 1596 5390 gationemevectionemquc,
1618 5329 1756 5386 quas
1779 5313 2027 5370 demum
2050 5315 2242 5371 oratio
2286 5330 2421 5387 pos-

756 5409 831 5466 sit
857 5407 1040 5477 digne
1061 5406 1358 5478 exsequi?
1390 5404 1594 5476 Incipit
1622 5408 1822 5461 autem
1852 5420 1888 5462 a
1910 5404 2224 5475 cognitivis
2240 5404 2420 5461 facul-

750 5498 997 5567 tatibus,
1033 5501 1096 5553 ut
1127 5494 1489 5569 appetitivas
1522 5499 1701 5551 etiam
1741 5494 2157 5567 animalcsquc
2204 5501 2416 5568 poten-

820 5623 933 5751 ΨΒ)
987 5623 1130 5688 Qua:
1188 5636 1331 5693 pars
1394 5618 1563 5676 tertia
1612 5618 1877 5701 hominis
1917 5620 1945 5675 ?
1994 5622 2247 5693 Corpus,
2302 5620 2416 5703 nisi

742 5695 823 5752 fal
850 5712 937 5752 or.
980 5694 1061 5751 ad
1080 5691 1248 5752 quod
1278 5695 1838 5752 spectantqumaue
1896 5700 2110 5748 sensus
2165 5700 2412 5752 externi.

742 5706 937 5760 fallor,
980 5706 1061 5751 an
1080 5706 1248 5766 quoa
1278 5706 1838 5774 spectantquinque
1896 5706 2110 5748 sensus
2165 5706 2412 5772 externi,

742 5766 998 5848 gubjecti
1029 5764 1425 5848 appetiturac
1455 5763 1768 5848 voluntati,
1793 5778 1983 5845 quam
2020 5764 2298 5848 concipio
2311 5781 2410 5845 _ve,

738 5831 827 5899 iut
847 5831 1102 5899 alterum
1116 5831 1380 5898 hominis
1394 5840 1647 5910 partem,
1671 5831 1922 5894 sitamin
1945 5831 2152 5895 anima
2171 5831 2415 5910 partim;

2549 1964 2699 2018 ἄλλον
2758 1964 3049 2041 ἐστρὶφετο,
3123 1968 3213 2016 καί
3291 1964 3477 2036 ὁμοὶως
3538 1966 3634 2021 τήν
3696 1961 3751 2015 ix
3802 1970 3898 2024 τῆς
3956 1958 4157 2024 δειλὶας

2550 2052 2811 2106 ἀπεὶθειαν
2873 2056 3267 2126 περιετύγχανε·
3320 2051 3580 2105 συνελόντι
3635 2053 3735 2124 γάρ
3791 2052 3966 2123 φάναι,
4031 2051 4157 2123 ὀμο-

2546 2147 2975 2216 γνωμονησαντες
3005 2144 3135 2216 ὁμοῦ
3186 2144 3373 2204 πάντες
3438 2143 3487 2194 οἱ
3528 2140 3776 2214 γηραλὶοι
3828 2140 4013 2194 ἐκεῖνοι
4067 2159 4158 2192 και

2551 2232 3247 2307 σεϐάσμιοιᾶνθρωποι,καί
3306 2250 3392 2284 τον
3459 2227 3665 2304 μονάδα
3726 2229 3842 2303 βὶον
3896 2232 4158 2301 ἀνηρημὶ-

2546 2341 2623 2375 νοι
2654 2320 2708 2385 ἐξ
2733 2322 2864 2393 ἄγαν
2926 2329 3140 2397 μακρῶν
3196 2328 3295 2372 τῶν
3345 2319 3608 2385 ἐνιαυτῶν,
3654 2323 3748 2377 τὴν
3803 2338 3857 2373 τε
3916 2318 4157 2372 πολιτὶαν

2548 2411 2910 2487 ὑπερηρμενοι,
2962 2416 3053 2462 καί
3106 2408 3337 2483 ἀκριϐεῖς
3394 2418 3485 2471 τῆς
3566 2416 3866 2482 μοναχικῆς
3940 2406 4157 2467 ἐπιστή-

2548 2520 2715 2575 μονες,
2746 2504 2840 2559 τήν
2876 2507 2936 2560 τῆ
2951 2522 2971 2563 ς
3014 2518 3341 2573 προστασιας
3394 2504 3719 2575 παραὶτησιν
3773 2502 4152 2571 ὡμοφὼνησαν,

2619 2590 2701 2652 λς’
2766 2588 3180 2644 Μεταστὶλλεται
3260 2588 3371 2662 μετ’
3442 2588 3630 2650 αὐτοῦς
3688 2589 3714 2640 6
3778 2588 3913 2649 Θεῖος
3971 2585 4157 2648 ἐκεῖνος

2550 2678 2702 2753 ἁνήρ,
2734 2680 2933 2740 πάντας
2991 2680 3164 2751 ὥσπερ
3221 2676 3444 2740 ὶκεὶνους
3501 2673 3771 2753 περιιδὼν,
3842 2677 4009 2751 ἕτερον
4063 2680 4156 2733 τήν

2549 2768 2754 2828 ἠλικὶαν
2784 2772 3103 2841 προήκοντα,
3143 2768 3291 2840 τάχα
3331 2763 3391 2819 δέ
3448 2771 3538 2819 καί
3598 2770 3691 2824 τήν
3760 2764 3941 2839 ἀρετήν
3995 2766 4155 2837 ὑπερ-

2551 2856 2811 2923 ϐαίνοντα,
2872 2866 2933 2917 τῆ
2998 2852 3058 2910 δέ
3105 2863 3196 2910 τοῦ
3254 2858 3415 2918 ἤθους
3458 2855 3714 2914 ἁπλότητι
3817 2853 4158 2928 Ἀϐραμιαῖον

2550 2949 2791 3020 ἄντικρυς
2838 2949 3075 3021 γεροντα,
3136 2945 3265 2998 πολύ
3314 2949 3446 2999 κατά
3499 2949 3586 2998 τόν
3647 2942 3832 2997 Ἰακώϐ
3888 2944 4163 3016 αὐχοῦντα

2551 3039 2609 3089 τό
2662 3035 2946 3100 ἄπλαστον,
3027 3038 3117 3086 καί
3210 3033 3437 3109 ἀρχαῖον
3494 3036 3564 3096 ὡς
3612 3032 3816 3094 άληθῶς
3868 3034 4159 3107 ἄνθρωπον.

2550 3128 2729 3196 Τοὺτῳ
2777 3129 2871 3182 τήν
2920 3126 3199 3197 ἠγεμονιαν
3254 3124 3517 3198 ὶπιτρεπει
3568 3128 3736 3194 τοὺτῳ
3793 3127 3888 3180 τήν
3933 3118 4161 3193 οδηγιαν

2293 3210 2439 3305 ὡῖη
2476 3250 2516 3306 C
2553 3224 2648 3275 τῆς
2694 3217 3041 3288 Ναζωραίκῆς
3089 3217 3179 3265 καί
3230 3216 3364 3265 κατά
3416 3216 3544 3266 Θεὸν
3597 3211 3857 3274 πολιτεὶας
3908 3210 4158 3267 ἀνατιθιῖ-

2555 3307 2655 3357 Καί
2686 3302 2735 3364 ὃς
2762 3302 2989 3374 εὐθύμως
3033 3302 3166 3373 ἄγαν
3200 3310 3291 3362 τῆς
3347 3305 3527 3376 χειρός
3580 3306 3666 3353 τόν
3710 3301 3951 3357 Ἰωάννην
4008 3299 4164 3352 λαϐό-

2551 3396 2718 3465 μενός,
2758 3391 2937 3444 ἄπεισι
2980 3393 3109 3465 πῐρά
3165 3394 3251 3443 τόν
3309 3391 3545 3443 οἰκὶσκον
3593 3394 3679 3442 τόν
3749 3387 3904 3442 ἶδιονο
3956 3391 3982 3441 6
4070 3394 4162 3461 μέν

2552 3482 2690 3533 καθά
2745 3499 2879 3541 τινος
2962 3480 3178 3554 ἑρμαὶου
3230 3499 3434 3551 τυχων,
3486 3479 3879 3551 ἑπαναστρὲψας
3930 3498 4162 3551 περιχα-

2552 3575 2615 3644 pi;
2630 3590 2669 3635 ς,
2711 3571 2737 3621 6
2770 3566 2819 3621 δ’
2855 3570 3028 3641 ὥσπερ
3060 3569 3238 3621 ἑαυτὸν
3270 3573 3355 3621 τόν
3401 3564 3723 3643 παράδεισον
3783 3568 3978 3635 εἰσιών,
4034 3564 4165 3626 ἠδο-

2552 3668 2639 3721 νῆς
2684 3658 2911 3734 άρῥὴτου
2964 3658 3236 3721 πλησθεὶς.
3293 3664 3393 3712 Καὶ
3435 3655 3502 3717 δή
3534 3666 3606 3729 τῷ
3649 3664 3892 3731 μακαρὶῳ
3945 3654 4166 3710 δίδοται

2555 3749 2752 3810 ἐντολή,
2785 3754 2873 3800 καί
2899 3750 2929 3807 ἡ
2965 3746 3136 3807 ἐντολὸ
3168 3748 3273 3821 οὐχ
3299 3752 3369 3809 ὡς
3420 3753 3549 3822 πρός
3599 3748 3747 3808 ἀτελῆ
3804 3756 3901 3801 τῶν
3950 3747 4166 3820 ἰλαφρο-

2553 3842 2707 3914 τὲρων
2749 3858 2827 3900 τις
2879 3838 2960 3895 ἦν.
3012 3838 3376 3909 Ἐπισκηπτει,
3427 3840 3529 3913 γάρ
3581 3840 3607 3890 6
3657 3841 3821 3911 γὶρων
3877 3845 3950 3908 τῷ
4042 3834 4167 3909 ἱδὶῳ

2555 3925 2801 4001 μηδόλως
2832 3930 3063 4000 στεργειν
3131 3926 3451 3999 βουλήματι,
3508 3923 3639 3999 μηδ’
3700 3926 3914 3980 ἐκτελεῖν
3970 3946 4020 3979 τι
4079 3946 4167 3978 τοι

2554 4021 2797 4092 παράπαν
2845 4016 3187 4069 αὐθεκαστονο
3259 4016 3366 4069 ἀλλ’
3440 4019 3600 4090 ὅσπερ
3690 4019 3752 4069 οἷν
3833 4021 4161 4090 προσταγεὶη

2555 4110 2728 4181 μόνον,
2760 4111 2849 4159 καί
2880 4114 3032 4159 τοῦτο
3066 4106 3225 4177 ἰσχύς
3256 4107 3355 4165 ὅση
3389 4110 3572 4182 πὶρατι
3604 4103 3817 4159 διδόναι
3863 4111 3953 4158 καί
3998 4105 4168 4167 καλῶς

2554 4195 2859 4269 ἐκπληροῦν,
2922 4193 3000 4248 άεὶ
3067 4214 3121 4247 τε
3164 4201 3252 4247 τόν
3303 4201 3431 4249 Θεόν
3490 4198 3630 4268 ἔχειν
3691 4201 3792 4269 πρό
3861 4195 4164 4268 ὀφθαλμῶν,

2552 4290 2642 4338 καί
2673 4293 2787 4357 Θεῷ
2820 4281 3072 4347 διηνεκῶς
3094 4284 3450 4357 ἐντυγχάνειν,
3483 4290 3573 4337 καί
3620 4287 3746 4358 ὑπὲρ
3801 4292 3901 4337 τῶν
3954 4284 4166 4357 ἀμπλα-

2550 4377 2797 4439 κημάτων
2848 4372 3155 4448 ἔκλιπαρεῖν,
3219 4376 3396 4445 συχνά
3493 4382 3872 4446 γονυπετοϋντα
3925 4378 4014 4425 καί
4069 4370 4170 4425 δά·

2550 4484 2685 4536 κρυα
2710 4466 2871 4536 θερμά
2923 4465 3272 4534 κατάχεοντα.
3325 4459 3494 4516 Οὐδέν
3546 4466 3669 4537 γάρ,
3705 4466 3913 4536 ἔφασκε,
3963 4466 4162 4529 τεκνον,

2548 4554 2683 4606 οὕτω
2739 4559 3037 4628 προσὶεται,
3123 4559 3214 4605 καί
3294 4558 3411 4626 περί
3488 4554 3718 4615 πλεὶονος
3798 4555 4018 4618 τὶθεται,
4090 4556 4164 4614 ὡς

2545 4651 2749 4715 πνεῦμα
2787 4646 3220 4714 τεταπεινωμὶνον
3283 4648 3373 4694 καί
3439 4640 3665 4715 καρὸὶαν
3720 4645 4164 4716 συντετριμμὲνην

2545 4733 2571 4784 6
2602 4737 2809 4805 Κὺριος.
2839 4737 3123 4785 Καίταντά
3149 4736 3239 4804 μέν
3271 4730 3324 4794 ἐξ
3370 4732 3534 4792 αὐτῆς
3592 4733 3844 4795 ὑπετὶθει,
3904 4736 3995 4782 καί
4050 4733 4163 4783 οἷόν

2543 4841 2594 4874 τι
2627 4821 2823 4896 βάθρον
2869 4821 3137 4889 ﬂammise,
3194 4825 3222 4880 ἣ
3275 4825 3365 4874 καί
3413 4840 3527 4873 τινα
3592 4821 3861 4897 προήλεια
3916 4817 4163 4893 παρεδή-

2542 4910 2767 4963 κνυενιᾶ
2824 4907 2885 4963 δέ
2933 4918 3230 4983 μεταποιεῖν
3284 4914 3586 4984 κρειττόνως
3635 4907 3749 4963 οἶδε
3801 4910 4008 4982 ψυχήν,
4065 4916 4161 4963 καί

2541 5005 2667 5072 πρός
2717 5000 3018 5073 τελεωτεραν
3109 4999 3459 5073 συμϐάλλεται
3547 4999 3980 5074 μεταρρὺθμισιν,
4054 5008 4159 5052 τῶν

2540 5089 2699 5150 αὐτῆς
2752 5109 2805 5142 τε
2872 5086 3140 5162 δυνάμεων
3193 5091 3451 5165 κάθαρσιν
3501 5094 3589 5141 καί
3634 5088 3907 5157 ἀνάϐασιν,
3958 5093 4039 5151 τὶς
4091 5088 4158 5140 ἀν

2534 5187 2883 5251 παραστῆσαι
2913 5177 3065 5250 λόγος
3088 5176 3310 5241 ἐξὶκοιτο
3340 5196 3352 5245 ;
3386 5180 3512 5230 Ἀπό
3571 5183 3659 5251 μέν
3718 5182 3820 5250 γάρ
3874 5185 3972 5229 τὼν
4021 5198 4157 5248 γνω-

2535 5275 2723 5319 στικῶν
2755 5270 3003 5341 ἄρχεται,
3035 5270 3104 5329 ὡς
3134 5269 3195 5319 ἄν
3237 5265 3303 5327 δή
3357 5273 3446 5320 καί
3489 5270 3579 5329 τάς
3626 5268 3893 5343 ὀρεκτικάς
3948 5286 4002 5319 τε
4058 5272 4154 5319 καί

2533 5357 2779 5425 ζωτικάς,
2829 5363 2919 5410 καί
2966 5360 3060 5410 σύν
3114 5357 3331 5421 ταύταις
3388 5360 3481 5419 τάς
3547 5357 3632 5409 ὑπ’
3689 5358 3848 5418 αὐτάς
3911 5358 4006 5418 τάς
4052 5364 4154 5419 τῆς

2532 5451 2717 5521 τρὶτης
2773 5446 2904 5519 Itym
2966 5453 3152 5522 μοὶρας
3202 5452 3293 5499 καί
3370 5452 3610 5521 χεὶρονος
3683 5448 3820 5517 (16).
3896 5449 4147 5519 μεταθεὶη

2526 5588 2750 5661 partim
2775 5589 2837 5646 in
2868 5604 3121 5662 corpore
3153 5604 3167 5645 :
3198 5589 3293 5645 cui
3319 5587 3579 5663 denique
3639 5593 3929 5662 superstet
3991 5588 4149 5645 ratio

2526 5678 2647 5769 sive
2659 5678 3011 5769 intellectus,
3026 5684 3189 5736 totus
3204 5679 3552 5769 spiritualis,‘
3566 5695 3757 5752 eoque
3771 5694 3911 5753 pars
3942 5678 4148 5751 prima

2525 5771 2585 5827 et
2611 5765 2973 5842 dignissima
2990 5765 3278 5829 hominis;
