4484 6446
322 408 432 463 857

1542 409 1611 466 IN
1643 409 1702 468 S.
1735 409 1939 467 JOAN.
1978 409 2480 471 DAMASCENUM.

3586 414 3688 468 858

321 534 451 606 πρὸς
512 533 572 587 τὸ
638 535 889 606 κρεῖττον,
931 534 1020 585 καὶ
1085 530 1366 605 μεταϐάλοι
1436 535 1567 607 πρὸς
1622 536 1680 588 τὸ
1742 535 1926 590 θιιότε·
1957 544 2002 592 Α
2035 537 2092 593 tit

1918 544 2002 592 -Α
2035 537 2165 604 tias,
2199 550 2457 609 quaeque
2494 532 2586 590 bis
2639 532 2916 606 subjectis
2971 506 3111 591 sunt
3163 536 3552 607 spectantque
3610 533 3689 591 ad

320 641 434 696 ρον.

396 798 492 861 λζ’,
526 798 680 852 Ἀλλά
704 802 775 872 μὴ
813 800 1058 873 θαυμάσῃ
1089 820 1168 862 τις
1228 802 1367 865 ὅπως
1421 800 1524 875 ἆρα
1583 805 1673 856 καὶ
1706 799 1927 860 ἐπαιδα-

322 893 486 961 γώγει
513 892 598 942 τὸν
622 888 828 958 τελειον,
862 893 950 942 καὶ
979 894 1065 941 τὸν
1101 890 1258 964 ἄκρον
1322 891 1654 963 κατήραξεν*
1724 891 1767 946 εί
1825 894 1927 967 γὰρ

322 982 410 1034 καὶ
454 982 613 1050 μέγας
644 977 855 1032 αὐτόθεν
895 979 921 1031 ὀ
976 979 1215 1041 Ἰωάννης
1271 977 1552 1052 ἐτύγχανεν
1618 984 1706 1047 ὧν,
1774 985 1931 1054 σοφίᾳ

322 1070 735 1139 πεπυκνωμένος,
790 1072 879 1120 xui
938 1066 1091 1141 ἀρετῇ
1168 1087 1575 1141 κεκοσμημενος,
1636 1075 1725 1123 καὶ
1799 1069 1932 1140 ὑψη-

320 1155 406 1217 λὸς
436 1154 624 1228 ἀμφοῖν
653 1161 743 1212 καὶ
776 1158 1065 1217 θεσπέσιοςο
1098 1156 1204 1209 ἀλλ’
1244 1160 1358 1210 ἐστι
1406 1178 1485 1220 τις
1546 1163 1635 1211 xui
1694 1156 1931 1221 ἐπίδοσις

319 1252 415 1301 τοῦ
446 1245 625 1312 καλοῦ,
666 1250 756 1299 καὶ
811 1254 902 1299 τοῦ
955 1245 1147 1300 τελείου
1209 1250 1401 1318 πέφυκε
1465 1247 1780 1323 τελεώτερον,
1841 1254 1930 1302 καὶ

319 1340 415 1388 τοῦ
456 1330 725 1405 διασήμου
755 1338 1200 1409 περιφανέστερον.
1257 1335 1366 1387 Οὐκ
1434 1334 1647 1398 ἀπεικὸς
1714 1333 1773 1389 δι
1840 1341 1930 1389 xui

321 1426 410 1475 τὸν
438 1422 683 1475 ἀπλοὶκὸν
712 1427 951 1497 γέροντα,
982 1432 1082 1476 τῶν
1112 1426 1212 1497 πρὸ
1248 1431 1340 1477 τοῦ
1408 1430 1477 1496 μη
1550 1429 1786 1493 συνεντα,
1863 1428 1931 1487 ὡς

320 1516 395 1584 μὴ
426 1510 850 1586 ἀκριϐωσάμενόν
881 1533 991 1574 πως
1028 1518 1057 1571 ἦ
1102 1518 1191 1565 xui
1252 1514 1505 1575 παντελῶς
1568 1514 1927 1585 ἀλογήσανπα,

323 1602 391 1661 ὡς
421 1609 522 1653 τῶν
560 1620 678 1655 τινα
712 1598 1074 1677 παιδοτριϐεῖν
1116 1601 1323 1674 ἀτελῶν,
1383 1609 1471 1656 καὶ
1545 1607 1681 1657 κατά
1745 1608 1931 1677 μικρὸν

326 1691 442 1745 οἶάν
518 1688 714 1763 ἐνάγειν
778 1695 904 1765 πρὸς
970 1691 1283 1750 τελειότητα.
1350 1692 1570 1754 Κολάξει
1607 1698 1778 1746 τοίνυν
1842 1699 1931 1752 τήν

322 1778 597 1847 αἴσθησιν,
624 1779 748 1852 μηθ’
789 1782 912 1855 ὁρᾴν
950 1785 1255 1856 περιέργως,
1296 1782 1419 1854 μήτ’
1484 1780 1687 1848 ἀκούειν
1755 1778 1934 1840 imae—

2035 627 2267 683 tertiam
2287 624 2761 697 deterioremque
2784 624 3045 681 hominis
3075 628 3328 697 partem,
3361 624 3514 696 parti
3546 623 3689 682 sub-

2031 715 2195 787 jiciat
2227 715 2453 771 meliori
2478 718 2658 787 atque
2697 713 2777 770 ad
2814 713 3109 770 diviniora
3143 712 3475 771 transferat.

2106 807 2196 860 37.
2219 809 2409 877 Atque
2470 802 2568 859 hic
2630 802 2883 859 fortasse
2912 802 3230 860 mirabitur
3260 802 3496 876 aliquis,
3537 817 3692 876 quo-

2036 892 2219 949 modo
2245 893 2573 967 perfectum
2598 892 2727 962 jam
2756 892 2953 948 virum
2981 891 3197 949 dooere
3241 893 3695 965 praasumpserit

2039 998 2243 1051 senex,
2282 987 2341 1040 et
2372 984 2501 1054 jam
2542 997 2850 1037 summum
2880 981 3162 1055 perficere
3202 982 3401 1038 adhuc
3458 983 3692 1052 magis;

2037 1073 2255 1130 etenim
2283 1088 2391 1146 per
2419 1073 2687 1145 seipsum
2718 1086 2980 1142 magnus
3031 1075 3157 1127 erat
3201 1073 3459 1128 Joannes
3488 1074 3695 1144 utpote

2038 1163 2250 1237 plenus
2308 1163 2617 1235 sapientia,
2692 1167 2939 1218 ornatus
3013 1162 3225 1217 virtute
3288 1167 3344 1218 et
3418 1161 3694 1234 utrinque

2036 1252 2392 1309 venerabilis
2421 1268 2609 1325 quam
2625 1252 2729 1324 qui
2754 1251 3035 1307 maxime.
3064 1254 3487 1308 Verumtamen
3518 1250 3696 1322 adjici

2040 1356 2278 1414 semper
2298 1341 2525 1413 aliquid
2554 1343 2751 1413 potest
2778 1340 2856 1396 ad
2891 1339 3139 1402 bonum,
3172 1343 3229 1396 et
3276 1338 3535 1412 perfecto
3566 1354 3694 1411 per-

2038 1429 2270 1499 fectius,
2302 1428 2594 1501 praeclaro
2624 1427 2969 1502 prmelarius
3010 1428 3329 1485 invenitur.
3362 1431 3489 1485 Non
3519 1427 3697 1498 igitur

2038 1520 2440 1587 incongruum
2470 1517 2579 1575 fuit
2606 1517 2774 1590 quod
2806 1516 3059 1590 simplex
3085 1516 3182 1572 hic
3213 1532 3417 1587 senex,
3448 1516 3697 1585 ignarus

2039 1605 2586 1678 praeteritorum(ut
2622 1605 2725 1676 qui
2764 1620 2835 1661 ea
2894 1620 3005 1660 nec
3057 1608 3351 1660 scrutatus
3406 1607 3533 1660 erat
3584 1602 3699 1659 for-

2041 1699 2196 1752 tasse
2235 1709 2347 1750 nec
2373 1694 2521 1750 scire
2552 1696 2887 1763 curaverat)
2916 1693 3231 1749 instituerit
3255 1708 3417 1762 eum,
3439 1691 3599 1749 velut
3624 1706 3698 1749 ex

2037 1782 2576 1856 imperfectioribus
2597 1782 2883 1855 aliquem,
2906 1782 3197 1855 paulatim
3220 1782 3299 1838 ad
3318 1781 3549 1837 virtutis
3571 1796 3699 1853 per-

319 1888 441 1938 νως,
471 1870 551 1922 ὅτι
580 1874 651 1940 μὴ
676 1874 793 1944 περὶ
822 1878 957 1923 Θεοῦ
994 1876 1085 1924 καὶ
1119 1880 1218 1923 τῶν
1287 1873 1431 1924 θείων
1497 1870 1777 1942 ἐγκελευσά
1834 1891 1930 1943 με-
1960 1887 2003 1943 Β
2040 1871 2090 1928 fe

1924 1903 1930 1913 -
1960 1887 2003 1943 Β
2040 1871 2355 1929 fectionem
2386 1871 2751 1928 inducenda.
2780 1872 3041 1941 Castigat
3064 1872 3266 1944 itaque
3297 1886 3511 1927 sensus
3541 1872 3695 1941 ejus,

318 1977 426 2022 νος,
455 1954 595 2030 μηδὲ
623 1958 957 2031 λιχνεῦεσθαί
988 1979 1096 2021 πως
1123 1965 1241 2035 περὶ
1265 1966 1352 2019 την
1413 1967 1594 2031 γεῦσιν
1656 1962 1790 2012 ὥστε
1859 1957 1926 2019 δὴ

317 2043 732 2105 καθηδύνεσθαι·
774 2047 880 2101 ἀλλ’
932 2051 1052 2103 ὅσον
1107 2069 1167 2121 γε
1220 2051 1421 2122 ἀποζῇν
1478 2051 1784 2123 τρεφεσθαι,
1835 2054 1931 2121 μί-

317 2140 573 2209 μνημίνον
604 2145 710 2196 τῆσ
745 2137 1109 2211 παραϐάσεως,
1167 2143 1254 2191 καὶ
1308 2148 1398 2200 τῆς
1460 2138 1649 2192 ἐκεῖθεν
1702 2135 1795 2191 δ’ίά
1839 2142 1932 2197 τὴν

316 2226 553 2298 λιχνείαν
627 2236 729 2289 τῶς
792 2228 1080 2283 καλλίστων
1157 2226 1482 2297 ἐκπτώσεως,
1551 2238 1642 2290 τῆς
1696 2226 1933 2301 ἀκράτου

323 2312 587 2374 δήπουθεν
649 2319 844 2380 ἐκείνης
919 2327 1137 2393 τρυφῆς,
1217 2322 1306 2371 xui
1370 2326 1463 2379 τῆς
1539 2316 1805 2390 ἀφράστου
1880 2337 1937 2390 γε

322 2401 541 2468 ἡδονῆς⁸
578 2409 704 2481 πρὸς
736 2404 795 2460 δε
824 2409 977 2460 τάσιν
1031 2411 1213 2482 χειρὸς
1268 2407 1560 2462 συστελλειν
1618 2406 1932 2481 παράλογον,

322 2498 413 2547 καὶ
480 2494 613 2566 ἁφῆς
674 2500 916 2568 κατέχειν
982 2500 1041 2550 τὸ
1108 2500 1301 2562 ἄνετον,
1364 2497 1432 2560 εἰς
1498 2504 1617 2550 νοῦν
1686 2493 1937 2559 διηνεκῶς

324 2586 520 2655 ἄγοντα
544 2588 600 2637 τὸ
632 2584 685 2637 ἐκ
716 2593 807 2638 τοῦ
876 2585 1147 2662 τολμηρῶς
1212 2587 1455 2658 ἅψασθαι
1512 2607 1611 2639 των
1677 2591 1941 2659 προπατό-

320 2691 424 2747 ρων
456 2672 739 2747 ὀλίσθημα·
785 2674 971 2728 ἀνθέων
1002 2695 1056 2729 τε
1108 2680 1198 2729 καὶ
1259 2679 1432 2751 μύρων
1486 2673 1653 2748 ὁδμάς
1710 2674 1939 2747 ἀποπέμ-

322 2763 517 2815 πεσθαι
540 2768 756 2835 μονονοὺ
820 2762 1108 2827 διαπαντὸς
1166 2773 1265 2818 τῶν
1338 2764 1386 2818 ἐν
1455 2762 1611 2838 Ἐδεμ
1665 2765 1938 2839 ὀσφραινό-

322 2870 494 2923 μενον,
526 2850 771 2905 κάκείνων
806 2854 1072 2925 ἐπιτυχεῖν
1132 2853 1407 2927 ἐφιέμενον.

2038 1965 2104 2018 ut
2130 1964 2434 2017 assuescat
2458 1976 2653 2033 neque
2680 1959 3054 2031 superﬂuum
3108 1960 3307 2016 videre
3362 1958 3698 2032 quidpiam,

2039 2065 2149 2107 nec
2178 2049 2534 2107 deliciosum
2566 2050 2791 2120 audire,
2823 2049 2937 2105 nisi
2975 2050 3074 2106 Dei
3102 2048 3196 2106 vel
3234 2064 3435 2106 rerum
3469 2048 3698 2105 divina-

2040 2155 2175 2196 rum
2203 2155 2410 2206 causa,
2441 2155 2638 2212 neque
2666 2138 2821 2209 gulae
2862 2138 3089 2212 aliquid
3120 2137 3429 2208 indulgere
3456 2152 3562 2210 per
3593 2152 3701 2207 gu-

2042 2233 2199 2285 stum
2220 2228 2539 2302 voluptatis
2562 2244 2742 2299 ergo:
2777 2228 2882 2284 sed
2922 2227 3119 2284 solum
3176 2227 3489 2284 comedere
3535 2225 3703 2299 quod

2043 2318 2122 2375 ad
2150 2318 2437 2375 tuendam
2464 2318 2649 2375 vitam
2707 2319 2781 2375 sit
2836 2318 3003 2385 satis,
3058 2332 3391 2374 memorem
3440 2316 3701 2389 antiquae

2044 2408 2558 2477 transgressionis,
2589 2412 2646 2463 et
2682 2406 2993 2480 quomodo
3023 2423 3129 2479 per
3167 2406 3371 2477 gulam
3424 2404 3704 2461 maximis

2044 2496 2222 2554 bonis
2251 2497 2394 2554 olim
2420 2497 2835 2565 exciderimns;
2861 2497 3221 2567 cogitantem
3245 2497 3424 2553 etiam
3446 2495 3706 2551 sinceras

2046 2586 2290 2644 alterius
2347 2587 2482 2643 vita:
2544 2586 2790 2643 delicias
2849 2586 3302 2660 ineﬂabilesque
3350 2585 3707 2658 voluptates.

2049 2676 2295 2732 Vetabat
2323 2692 2568 2749 quoque
2592 2676 2684 2732 vel
2715 2691 2967 2732 manum
2993 2674 3313 2732 extendere
3372 2675 3709 2731 inconside-

2047 2769 2171 2821 rate
2198 2765 2293 2822 vel
2312 2765 2539 2839 aliquid
2570 2765 2747 2822 molle
2768 2766 3131 2835 contingere,
3183 2780 3307 2837 prae
3363 2763 3552 2820 oculis
3604 2764 3707 2820 ha-

2048 2852 2291 2911 bentem
2321 2855 2560 2911 ruinam
2599 2853 3107 2927 protoplastorum
3130 2869 3201 2910 ex
3236 2853 3545 2910 audaciori
3566 2867 3709 2909 con-

321 2943 486 2996 tactu
511 2946 737 2998 natam.
769 2943 1004 2999 Florum
1034 2943 1252 3000 deinde
1282 2948 1463 3017 atque
1490 2948 1939 3013 unguentorum
1961 2940 2176 2999 odores
2201 2943 2455 3013 jubebat
2492 2943 2791 3014 ablegare,
2852 2944 2981 3000 sola
3027 2947 3224 3000 mente
3278 2956 3518 3014 semper
3565 2940 3712 2999 olta‘

324 3028 577 3086 cientem
610 3031 877 3102 paradisi
907 3033 1325 3103 fragrantiam,
1361 3039 1540 3107 atque
1560 3034 1674 3090 hac
1704 3032 1820 3089 frui
1844 3031 2018 3087 unice
2048 3033 2412 3105 cupientem.

398 3118 496 3177 λη’.
528 3124 626 3176 Καὶ
658 3126 811 3175 ταυτὶ
877 3126 966 3194 μὲν
1012 3128 1131 3195 περὶ
1204 3124 1501 3186 αἰσθήσεως
1579 3128 1668 3176 καὶ
1723 3122 2025 3179 αἰσθητη-(Σ
2121 3126 2169 3179 3i

1937 3124 2025 3179 a-C
2121 3126 2205 3179 38.
2234 3126 2298 3179 Et
2327 3122 2456 3180 haec
2478 3123 2725 3197 quidem
2756 3123 2915 3180 circa
2973 3139 3185 3180 sensus
3234 3136 3565 3195 eorumque
3615 3135 3708 3177 or-

326 3210 507 3282 ρίωνὸ
549 3213 735 3281 σεμνὸς
790 3209 977 3273 ἐκεῖνος
1040 3217 1202 3287 γέρων
1260 3218 1349 3265 καὶ
1398 3221 1687 3285 πρακτικῆς
1738 3210 1943 3284 φιλοσοο

332 3302 453 3370 φίας
492 3296 890 3363 ἐπηϐολώτατος
927 3310 999 3372 τῷ
1059 3304 1125 3353 τὰ
1185 3304 1356 3354 πάντα
1425 3305 1515 3374 μεν
1574 3302 1791 3371 εηᾶηκόῳ,
1841 3298 1943 3351 κάκ

329 3391 519 3440 τοὺτου
579 3386 804 3461 ἀμαθίας
872 3391 1037 3465 ἄκρας
1112 3390 1393 3464 ὑποκριτῇ,
1469 3399 1531 3462 τῇ
1612 3387 1665 3442 δ’
1727 3389 1943 3460 ἀληθεία

334 3478 552 3548 θεωρίας
606 3479 735 3550 ὁμοῦ
773 3479 967 3542 τελείας
1031 3485 1122 3532 καὶ
1188 3480 1424 3555 πράξεως
1487 3479 1791 3553 ἐπιμελητῇ,
1858 3499 1935 3532 σον

332 3572 546 3638 φῶτατα
577 3566 841 3639 ἐπέσκηψε
877 3571 1110 3642 μαθητῇ·
1154 3576 1272 3645 περὶ
1348 3567 1407 3623 δὲ
1473 3561 1855 3643 φανταητικοῶ
1890 3588 1944 3621 τε

330 3662 421 3708 καὶ
455 3659 744 3729 φαντασίας
765 3667 854 3711 τοῦ
885 3662 1181 3717 παθητικοῦ
1213 3657 1351 3719 δῆτα
1412 3666 1526 3722 νοὸς
1592 3665 1781 3726 ὀποῖα;
1856 3660 1942 3722 Ὠς

330 3745 445 3798 λίαν
472 3750 771 3820 θαυμαστὰ,
804 3754 892 3802 xui
917 3754 1081 3822 μόνης
1118 3759 1215 3812 τῆς
1272 3759 1363 3803 τοῦ
1430 3751 1653 3823 μεγάλου
1710 3751 1944 3822 γλώττης

333 3832 570 3908 δεόμενα,
640 3847 732 3890 τοῦ
798 3843 1230 3912 πρακτικωτάτου
1299 3846 1384 3892 xui
1458 3843 1941 3912 θεωρητικωτάτου,

331 3931 422 3977 xui
480 3934 542 3998 τῇ
607 3928 722 3980 κατ’
790 3930 944 4001 ἄμφω
999 3930 1278 4003 φιλοσοφία
1333 3930 1584 4005 λαμπρῶς
1636 3930 1943 4003 ὑπερϐαλόν-

333 4034 422 4076 τος
453 4021 541 4069 xui
571 4022 690 4079 τοὺς
724 4026 812 4069 νῦν
852 4020 983 4090 ὁμοῦ
1050 4024 1137 4072 xui
1206 4024 1326 4080 τοὺς
1388 4027 1595 4072 πώποτε
1629 4040 1640 4053 ’
1676 4016 1854 4077 Μηδέν
1894 4039 1945 4071 τι

342 4105 567 4167 συνόλως
589 4116 688 4158 τῶν
718 4110 910 4178 γηίνων
965 4114 1054 4161 καὶ
1121 4105 1333 4160 υλωὸων
1400 4113 1776 4183 παρηγγὺησεν
1826 4107 1943 4160 ἀνα-

337 4197 629 4267 ματτεσθαι
654 4217 667 4229 ·
700 4200 744 4249 εἴ
772 4216 823 4249 ,ιι
854 4194 913 4249 δέ
942 4216 1048 4257 πως
1084 4203 1170 4249 xui
1237 4196 1650 4251 ἐναπολελειπταί
1712 4201 1760 4250 οἱ
1827 4197 1943 4250 ἀνα-

338 4283 669 4357 πολοῦμενον,
703 4286 979 4339 ἀποϐαλεῖν
1006 4291 1063 4339 τὸ
1126 4290 1291 4359 τάχος
1365 4294 1454 4340 καί
1521 4286 1945 4362 διακρούσασθαι

336 4377 514 4440 (τοῦτο
538 4379 637 4451 γὰρ
668 4385 759 4437 τῆς
789 4384 888 4428 τῶν
940 4379 1300 4451 χθονιωτίρων
1359 4383 1644 4449 φαντασίας
1696 4379 1784 4429 καὶ
1849 4380 1946 4430 πά-

2048 3226 2207 3281 gana
2231 3213 2587 3268 venerabilis
2628 3213 2722 3269 ille
2784 3228 2967 3269 senex
3018 3218 3074 3269 et
3124 3211 3525 3285 philosophiae
3574 3226 3711 3283 pra-

2047 3301 2210 3357 cticee
2239 3302 2670 3358 scientissimus
2692 3301 2951 3359 docebat
2970 3302 3333 3375 discipulum
3373 3301 3453 3357 ad
3503 3300 3714 3356 omnia

2047 3389 2678 3463 obsequentissimum,
2703 3396 2759 3448 et
2796 3392 2943 3447 dum
2970 3406 3277 3448 summam
3306 3390 3715 3463 ignorantiam

2050 3479 2308 3545 simulat,
2334 3481 2582 3537 actionis
2611 3497 2783 3553 aeque
2804 3496 2873 3537 ac
2928 3480 3353 3553 speculationis
3403 3480 3714 3553 perfectio-

2049 3586 2187 3626 nem
2210 3570 2420 3628 sedula
2448 3572 2836 3629 meditatione
2858 3576 3245 3629 consecutum
3273 3570 3715 3644 sapientissime

2048 3660 2326 3719 docebat.
2358 3663 2497 3727 Quae
2528 3666 2728 3718 autem
2759 3662 2916 3717 circa
2946 3662 3331 3734 phantasiam
3355 3660 3715 3733 phantasire-

2048 3766 2166 3822 que
2201 3750 2497 3806 obnoxias
2528 3751 2713 3807 animi
2739 3751 3049 3824 passiones
3084 3750 3489 3824 praecipiebat,
3511 3750 3716 3823 qualia

2050 3839 2296 3895 demum
2324 3845 2492 3895 erant
2513 3840 2540 3896 ?
2573 3843 2714 3897 Vere
2744 3840 3127 3909 admiranda,
3158 3855 3416 3913 quaeque
3438 3844 3504 3895 ut
3528 3840 3714 3912 expli-

2051 3928 2172 3983 cari
2204 3930 2465 4001 possint,
2490 3934 2705 3999 egeant
2728 3929 2857 4001 ipsa
2887 3929 3095 3999 magni
3128 3928 3282 3984 illius
3322 3928 3432 3983 viri
3485 3926 3715 3997 lingua,

2054 4023 2254 4089 utpote
2286 4019 2345 4074 in
2374 4020 2544 4091 praxi
2576 4034 2647 4075 ac
2676 4019 2905 4075 theoria
2934 4018 3177 4086 summi,
3206 4019 3266 4074 in
3334 4032 3526 4089 eaque
3579 4031 3716 4088 quae

2052 4124 2124 4161 ex
2156 4107 2244 4162 his
2267 4108 2509 4163 duobus
2560 4109 2818 4178 exsurgit
2877 4108 3260 4181 philosophia
3325 4105 3718 4179 praecellentis

2053 4196 2364 4252 manifeste
2391 4199 2643 4267 cunctis,
2676 4199 2778 4269 qui
2811 4213 2881 4253 eo
2923 4202 3189 4269 tempore
3221 4202 3323 4252 aut
3376 4196 3556 4251 etiam
3614 4194 3719 4250 ali-

2052 4286 2301 4358 quando
2333 4288 2697 4343 cxstiteruut.
2728 4287 3065 4359 lmperabat
3084 4287 3324 4353 scilicet,
3348 4291 3717 4341 terrenarum

2054 4382 2231 4447 atque
2263 4378 2657 4432 matcrialium
2699 4394 2897 4432 rerum
2932 4377 3076 4432 nulli
3108 4376 3358 4431 omnino
3388 4375 3721 4431 adverteret

338 4468 427 4526 θος
463 4470 552 4517 καί
616 4468 892 4530 σύστασις,
962 4472 1052 4518 xui
1122 4476 1216 4528 τῆς
1278 4468 1393 4520 κατ’
1462 4472 1624 4525 αυτὴν
1692 4466 1946 4541 ἐνεργείας
1981 4508 2021 4559 D
2055 4480 2109 4520 at

1945 4492 1946 4495 η
1981 4508 2021 4559 D
2055 4467 2346 4532 animum,
2379 4468 2576 4539 siquid
2623 4483 2765 4523 vero
2796 4465 3096 4538 ejusmodi
3127 4465 3427 4537 reliquum
3458 4465 3509 4520 ei
3542 4468 3716 4531 esset,

334 4554 475 4608 τοῦτ’
516 4550 668 4617 αὖθις
708 4552 967 4624 διάλυσις)
995 4578 1006 4589 ·
1051 4560 1182 4628 μονα
1224 4553 1281 4609 δὲ
1322 4558 1676 4629 φαντάζεσθαι
1717 4560 1781 4609 τὰ
1819 4559 1943 4630 ὑπὲρ

334 4646 494 4716 ἡμᾶς,
612 4642 826 4695 κάκεῖνα
926 4647 1047 4697 ὄντα
1124 4642 1363 4708 δοξάζειν
1440 4648 1510 4707 ὼς
1621 4644 1945 4711 ἀκιάπτωτα,

332 4733 579 4786 κάκείνων
628 4734 841 4807 ἐξαρτᾷν
898 4740 989 4793 την
1058 4732 1317 4803 διάνοιαν,
1357 4734 1615 4801 ,κάκείνων
1676 4735 1946 4810 ἐπιστηρί-

334 4824 561 4884 ξεσοαι·
599 4824 661 4875 ἶν’
703 4828 841 4885 ὁπως
918 4823 974 4875 ἐκ
1046 4832 1138 4877 τοῦ
1216 4821 1436 4897 δυνάμει
1496 4834 1612 4877 νοῦν
1670 4830 1947 4898 πεφηνέναι

332 4912 558 4987 ἐνεργείᾳ
584 4916 747 4987 ταύτῃ
790 4921 908 4966 νοῦν
973 4912 1250 4986 ἀποφήνειε
1284 4936 1296 4947 ο
1364 4920 1449 4967 τόν
1518 4912 1569 4967 δ’
1631 4912 1694 4967 αὖ
1759 4915 1943 4970 ἐντελε-

330 5007 459 5074 χείᾳ
488 5010 604 5054 νοῦν
646 5001 998 5076 ἐνεργέστερον
1038 5012 1221 5078 μακρῷ
1261 5008 1350 5056 καὶ
1390 5005 1662 5078 θειότερον,
1723 5008 1787 5067 ὡς
1856 5011 1942 5058 τὸν

328 5096 537 5156 νοητὸν,
611 5092 819 5164 ἀμέσως
884 5092 1388 5166 ἀντιλαμϐάνεσθαι,
1476 5091 1614 5165 μηδὲ
1682 5114 1780 5146 τινι
1843 5104 1942 5148 τῶν

328 5178 714 5256 ὑποδεεστέρων
782 5180 1050 5255 δυνάμεων
1116 5190 1547 5256 κατασπώμενον,
1616 5186 1708 5243 τας
1776 5180 1941 5237 δ’ῦπ’

329 5270 469 5343 αὐτῷ
535 5273 709 5333 πάσας
785 5269 1058 5343 ἀνάγοντα,
1126 5278 1217 5325 xui
1277 5278 1407 5348 πρὸς
1477 5273 1657 5325 ἑαυτὸν
1708 5273 1937 5344 ἕλκοντα,

325 5366 416 5413 καὶ
450 5359 523 5413 δι’
554 5362 712 5414 αὑτοῦ
749 5365 833 5413 xui
865 5366 958 5414 σὺν
990 5359 1129 5434 αῦτῷ
1170 5366 1299 5437 πρὸς
1374 5366 1503 5415 Θεὸν
1569 5368 1936 5437 μεταφέρονται.

2054 4556 2111 4611 id
2140 4557 2425 4613 continuo
2448 4562 2722 4613 enectum
2746 4557 2984 4628 ejiceret
3004 4561 3182 4629 atque
3240 4554 3583 4612 exturbaret
3636 4553 3720 4624 (in

2053 4648 2167 4704 hoc
2188 4646 2348 4702 enim
2376 4645 2868 4718 consistitpassio
2901 4645 3257 4718 phantasia,
3280 4644 3437 4700 circa
3466 4658 3562 4698 res
3593 4656 3721 4700 ma‘

2056 4738 2143 4807 gis
2167 4743 2429 4792 terrenas
2459 4736 2771 4806 versantis,
2804 4739 2860 4791 et
2888 4735 3003 4791 hoc
3028 4734 3306 4790 virtutem
3362 4732 3562 4789 eidem
3614 4732 3720 4789 ad-

2056 4830 2395 4882 versantem
2423 4824 2738 4895 dissolvit),
2774 4824 2903 4881 sola
2924 4830 3125 4881 autem
3156 4840 3227 4879 ea
3248 4822 3574 4894 cogitando
3594 4823 3720 4878 vol-

2057 4922 2231 4983 veret,
2267 4932 2401 4988 qua:
2426 4930 2611 4987 supra
2643 4930 2754 4971 nos
2781 4919 2917 4970 sunt
2944 4920 3000 4971 et
3026 4931 3164 4987 quae
3185 4929 3322 4970 vere
3356 4912 3718 4983 subsistunt,

2054 5014 2119 5064 ut
2148 5023 2285 5080 quae
2316 5006 2587 5061 excidere
2619 5010 2939 5077 nequeant,
2974 5005 3180 5075 magni
3204 5004 3458 5060 faceret:
3522 5003 3600 5059 ad
3649 5019 3722 5061 ea

2054 5097 2180 5153 sola
2214 5102 2471 5151 mentem
2514 5094 2800 5163 attollere,
2843 5094 2921 5150 ad
2964 5110 3036 5151 ea
3071 5093 3295 5150 conniti
3331 5092 3583 5165 jubebat
3613 5110 3625 5148 :
3658 5098 3723 5150 ut

2052 5186 2153 5258 qui
2186 5201 2291 5257 per
2340 5185 2615 5240 virtutem
2665 5183 2857 5240 factus
2911 5200 3043 5239 esse
3095 5184 3340 5255 spiritus
3379 5181 3718 5246 videbatur,

2052 5275 2245 5347 ipsam
2277 5290 2520 5347 quoque
2552 5274 2965 5347 operationem
2992 5272 3365 5345 spiritualem
3424 5276 3722 5328 monstra-

2049 5369 2135 5420 ret
2162 5364 2556 5435 animumque
2596 5367 2671 5418 ad
2706 5362 3133 5435 perfectionem
3176 5367 3448 5418 evectum
3502 5362 3721 5417 imme-

325 5449 483 5505 diate
518 5450 860 5523 susciperet,
886 5450 1281 5512 efﬁcaciorem
1316 5452 1505 5508 multo
1534 5457 1714 5525 atque
1744 5452 2123 5521 diviniorem,
2168 5458 2371 5525 utpote
2428 5452 2910 5521 intellectualem,
2972 5468 3169 5526 neque
3210 5450 3313 5507 ulli
3369 5449 3723 5506 interiorum

323 5538 675 5596 facultatum
702 5540 1053 5608 obnoxium,
1090 5541 1199 5597 sed
1238 5541 1347 5597 has
1378 5558 1591 5598 omnes
1624 5541 1955 5600 elevantem
1982 5549 2160 5618 atque
2194 5544 2528 5600 trahentem
2560 5543 2639 5600 ad
2669 5559 2751 5610 se,
2777 5547 2835 5600 et
2866 5558 2970 5616 per
3018 5558 3082 5599 se
3136 5558 3207 5599 ac
3267 5557 3475 5598 secum
3536 5548 3721 5597 trans-

322 5629 614 5685 ferentem
669 5630 748 5687 ad
774 5633 981 5687 Deum.

391 5717 473 5772 λθζ
513 5724 614 5772 Καὶ
678 5728 846 5773 ταῦτα
909 5724 999 5794 μὶν
1036 5719 1246 5784 ὁκαλος
1302 5726 1466 5797 γέρων
1526 5722 1753 5781 ὑπέθηκε
1822 5732 1937 5777 νοῦο

2121 5728 2209 5782 39.
2235 5723 2397 5781 Talia
2426 5723 2807 5781 venerandus
2839 5722 2935 5780 ille
2964 5736 3146 5781 senex
3176 5720 3507 5796 prudenter
3538 5722 3720 5793 atque
