4484 6446
1997 422 2457 482 CONSTANTINI
2492 423 2965 483 ACROPOLITE.

4057 427 4163 482 860

803 540 1045 597 cordate
1067 543 1429 613 suggerebat
1448 544 1920 618 injungebatque
1941 562 2050 603 suo
2066 562 2172 619 per
2196 547 2453 617 gratiam
2483 549 2505 600 ,Α

2508 549 2532 600 ι
2561 555 2728 617 νεχῶς
2757 554 2847 600 καὶ
2877 548 3167 618 ἐπέσκηψεν
3207 547 3459 622 ἐμϐριθῶς
3491 555 3562 617 τῷ
3624 550 3760 599 κατὰ
3829 551 3988 622 χάριν
4045 551 4162 618 υἱῷ.

802 627 948 696 ﬁlio,
980 629 1113 687 licet
1142 632 1435 704 sapientia
1484 650 1635 689 cano
1683 642 1739 691 et
1782 637 2097 707 prudentia
2150 637 2295 703 seni,
2352 635 2455 707 qui

804 712 1028 786 alioqui
1059 716 1235 770 etiam
1265 733 1300 771 a
1333 733 1521 788 puero
1553 720 1826 775 virtutem
1866 720 1978 775 sibi
2030 720 2211 774 veluti
2274 719 2453 775 colla-

803 807 1079 859 ctaneam
1112 810 1169 861 et
1200 805 1421 878 ubique
1450 808 1806 864 familiarem
1832 808 2146 866 habuerat.
2187 813 2454 881 Insuper,

802 906 879 947 ne
904 908 970 948 se
994 894 1241 951 omnino
1261 895 1490 968 aliquid
1519 913 1651 953 esse
1698 903 1933 971 putaret
1980 914 2165 970 seque
2213 903 2457 970 propter

803 979 1157 1053 eloquentia:
1187 983 1411 1040 cultum
1443 986 1763 1053 extolleret,
1796 988 2035 1043 vetabat
2073 986 2227 1043 illius
2273 986 2455 1043 ullam

806 1070 930 1125 sive
956 1086 1245 1142 magnam
1274 1074 1397 1128 sive
1418 1090 1671 1145 parvam
1712 1077 2005 1132 rationem
2038 1076 2281 1138 habere,
2351 1075 2459 1131 sed

802 1156 963 1215 foras
988 1160 1302 1217 excludere
1324 1162 1502 1219 simul
1532 1180 1601 1221 ac
1644 1165 1829 1220 semel
1886 1165 2184 1239 quidquid
2237 1164 2457 1219 didice-

804 1250 897 1303 rat
924 1253 1236 1305 externum
1259 1255 1439 1322 atque
1461 1253 1655 1324 ipsam
1678 1253 1855 1309 etiam
1891 1254 2242 1309 memoriam
2266 1269 2460 1324 quan-

804 1338 931 1390 tum
962 1342 1169 1408 posset
1206 1337 1517 1396 eliminare
1545 1341 1833 1411 jubebat:
1863 1358 2057 1414 neque
2102 1342 2293 1397 solum
2340 1356 2462 1396 non

801 1424 1181 1495 permittebat
1210 1426 1437 1499 aliquid
1465 1444 1785 1485 numerose
1823 1446 2210 1502 componere,
2242 1430 2329 1485 vel
2365 1445 2462 1484 en-

803 1513 1016 1569 comiis
1046 1514 1388 1571 historiisve
1416 1518 1748 1574 scribendis
1806 1535 2038 1587 vacare,
2111 1519 2217 1575 sed
2269 1533 2465 1590 neque

804 1600 1119 1671 epistolam
1145 1603 1376 1660 mittere
1407 1610 1687 1661 notorum
1746 1606 1941 1662 alicui.
2004 1607 2135 1663 Scio
2183 1606 2465 1678 equidem

802 1687 934 1743 haec
957 1690 1285 1760 spiritualia
1307 1694 1474 1763 parvi
1510 1694 1785 1750 facienda
1815 1694 1893 1750 ab
1923 1695 2235 1767 imperitis,
2293 1694 2467 1765 quasi

803 1776 910 1848 qui
933 1776 1009 1832 de
1038 1781 1337 1851 mysteriis
1366 1781 1697 1855 disciplinae
1752 1799 1987 1839 arcanae
2039 1784 2254 1855 loquor
2303 1784 2468 1855 apud

2563 644 2634 705 τῷ
2658 636 2817 707 πολιῴ
2842 642 2931 709 μὲν
2962 642 3055 695 τὴν
3103 644 3288 709 σοφίαν
3340 643 3424 688 καὶ
3488 636 3750 709 πρεσϐύτῃ
3823 642 3915 694 τὴν
3973 643 4167 711 φρόνη-

2567 744 2682 777 σιν·
2717 726 2760 777 εἰ
2821 731 2905 777 καὶ
2970 724 3131 787 ἄλλως
3190 726 3243 776 ἐκ
3310 724 3497 785 παιδός
3560 729 3842 799 σύντροφον
3900 724 4010 797 εἶχε
4064 731 4160 783 τὴν

2564 812 2748 887 ἀρετὴν
2779 820 2867 867 καὶ
2909 811 2981 866 δι’
3018 815 3134 866 ὅλου
3193 811 3518 871 συνδίαιτον.
3579 819 4039 887 Πρόσεπιτούτοις,
4094 820 4166 885 μή

2564 906 2616 953 τί
2653 922 2760 964 πως
2800 905 3000 955 οἴεσθαι
3033 905 3339 975 τοπαράπαν
3396 904 3700 974 τυγχάνειν,
3769 904 3797 961 ἡ
3869 912 3993 974 γοῦν
4032 922 4173 963 τινος

2565 986 2619 1043 ix
2647 1001 2742 1052 τῆς
2771 1001 2869 1044 τῶν
2908 993 3070 1063 λόγων
3109 995 3405 1067 ὑπερφέρειν
3443 988 3789 1059 παιδεύσεως,
3850 997 3983 1065 μέγα
4041 1013 4095 1045 τε
4138 995 4169 1052 ἧ

2566 1084 2749 1155 μικρὸν
2780 1086 2850 1153 μὴ
2886 1090 3082 1153 φρονεῖν
3111 1085 3193 1133 ἐπὶ
3232 1082 3406 1152 λόγοις
3466 1084 3525 1132 τό
3590 1081 3822 1148 σύνολον,
3884 1081 3989 1132 ἀλλ’
4050 1080 4176 1133 ἀπο-

2570 1171 2753 1222 θέσθαι
2773 1171 3017 1233 καθάπαξ
3049 1170 3198 1242 λόγον
3236 1174 3322 1222 τόν
3388 1172 3623 1243 θύραθεν,
3692 1175 3782 1222 καὶ
3834 1173 4004 1222 πάντα
4060 1175 4178 1245 τρό-

2569 1277 2664 1310 πον
2737 1258 3136 1331 ἀποπέμπεσθαι
3174 1266 3353 1311 τοῦτον
3428 1266 3519 1317 τῆς
3592 1264 3797 1329 μνήμης
3840 1280 3851 1290 ·

3411 1346 3754 1419 [πλκστικῶς]

3928 1265 4017 1311 καὶ
4072 1259 4179 1330 οὐχ

2572 1348 2705 1406 ὅπως
2777 1347 2961 1417 λόγους
3034 1347 3307 1408 πλατυκῶς
3411 1347 3754 1417 [πλκστικῶς]
3861 1349 4177 1412 συντιθέναι,

2572 1440 2659 1487 καὶ
2697 1436 2973 1508 ἐγκωμίοις
3012 1438 3041 1495 ἡ
3085 1442 3173 1488 καὶ
3224 1436 3480 1507 ἱστορίαις
3533 1434 3838 1509 ἐπιχειρεῖν,
3891 1435 3996 1487 ἀλλ’
4054 1432 4182 1488 οὐδέ

2574 1532 2673 1576 τῶν
2705 1527 2941 1581 συνήθων
2973 1524 3283 1577 ἐπιστέλλειν
3314 1529 3433 1576 τινί.
3492 1520 3633 1575 Οῖδα
3694 1528 3784 1595 μεν
3838 1532 3924 1575 ουν
3981 1526 4050 1586 ὡς
4098 1545 4181 1596 μισ

2576 1616 2675 1685 κρά
2704 1621 2871 1664 ταῦτα
2907 1616 3196 1685 νομισθεῖεν
3251 1620 3359 1674 τοῖς
3415 1612 3669 1684 ἀμυήτοις
3724 1618 3786 1670 τὴ
3844 1613 4027 1682 λογικά
4090 1618 4181 1664 καὶ

2576 1704 2642 1753 τὰ
2669 1711 2761 1762 τῆς
2800 1698 3045 1763 παιδείας
3086 1700 3373 1761 ἀτελέστοις
3407 1702 3601 1753 οὑτωσί
3658 1721 3768 1761 πως
3820 1700 3948 1773 ἐρεῖν
4002 1702 4180 1776 ὄργια,

2577 1791 2710 1841 ἔνθεν
2740 1794 2827 1841 καὶ
2858 1790 2962 1861 οὐχ
2995 1793 3188 1851 ἱκανοῖς
3214 1786 3498 1860 διαγνῶναι
3555 1791 3660 1841 οἶόν
3716 1810 3830 1841 τινα
3895 1794 3988 1847 τὴν
4053 1786 4183 1847 ἡδό-

804 1866 1081 1923 nondum
1100 1868 1368 1926 initiatos
1394 1890 1408 1941 ;
1431 1887 1502 1927 eo
1522 1872 1689 1943 quod
1705 1888 1827 1928 non
1846 1873 1962 1928 sint
1985 1873 2107 1945 apti
2138 1872 2218 1927 ad
2250 1886 2470 1940 cogno—
2502 1937 2505 1945 ι

2508 1894 2543 1945 Β
2577 1883 2667 1935 νην
2712 1880 2824 1948 ἔχει
2862 1883 2949 1929 καὶ
2988 1880 3162 1930 ὁποῖον
3220 1886 3308 1938 τῆς
3364 1874 3586 1951 καρδίας
3639 1876 3843 1949 ἔμποιεί
3868 1877 4183 1946 πλατυσμόν

805 1954 1117 2025 scendum,
1149 1964 1443 2030 quantam
1482 1960 1701 2016 habeat
1730 1960 2120 2033 voluptatem,
2148 1967 2443 2032 quantum

804 2057 923 2114 que
943 2042 1124 2101 faciat
1142 2046 1412 2104 animum
1442 2049 1676 2104 dilatari
1704 2050 1966 2121 perfecta
2014 2050 2320 2121 expressio
2372 2064 2469 2104 co-

803 2131 1159 2201 gitationum
1177 2151 1420 2192 suarum
1433 2143 1489 2192 et
1507 2144 1930 2209 conceptuum,
1954 2154 2088 2194 men
2098 2139 2166 2194 tis
2191 2141 2473 2193 accurata

814 2221 1235 2292 manifestatio,
1267 2225 1541 2298 Sedquid
1574 2226 1837 2282 dicerent
1874 2226 1972 2298 illi,
2016 2227 2263 2299 quando
2298 2225 2467 2280 audi-

802 2312 934 2365 rent
956 2310 1123 2382 quod
1146 2312 1325 2369 etiam
1371 2314 1795 2385 praascribatur
1845 2314 2151 2370 silentium
2178 2319 2236 2369 et
2281 2313 2469 2369 omni-

802 2396 1229 2469 modalinguaa
1260 2403 1635 2474 compressio
1655 2404 1999 2475 imperetur,
2020 2404 2101 2459 ita
2126 2408 2190 2457 ut
2215 2418 2324 2457 nec
2358 2416 2467 2473 gry

801 2485 1065 2557 proferre
1091 2488 1424 2562 discipulus
1464 2492 1709 2561 audeat,
1730 2492 1859 2546 -nisi
1897 2507 2036 2546 cum
2078 2507 2114 2547 a
2179 2490 2468 2559 magistro

797 2574 1007 2646 jussus
1035 2592 1107 2632 ex
1133 2577 1355 2634 divinis
1405 2580 1575 2635 libris
1622 2580 1850 2652 aliquid
1900 2579 2106 2651 legerit
2154 2579 2232 2634 ad
2284 2582 2470 2634 Deum

802 2664 1255 2737 propitiandum
1282 2669 1815 2741 conﬁtendumque
1836 2670 1864 2724 Ἰ

870 2757 957 2809 40.
994 2755 1146 2820 Quid
1176 2772 1313 2812 vero
1344 2759 1633 2815 innocens
1680 2758 1776 2814 ille
1826 2764 1883 2813 et
1922 2761 2039 2813 Deo
2089 2763 2214 2814 tota
2270 2762 2470 2813 mente

801 2842 1040 2911 aﬂlxus,
1098 2845 1269 2917 cujus
1322 2862 1424 2903 cor
1477 2848 1893 2905 rectitudinem
1955 2863 2194 2919 semper
2245 2847 2468 2915 dilexit,

802 2933 1112 3004 quomodo
1142 2934 1203 2989 in
1229 2935 1359 2991 istis
1394 2953 1455 2992 se
1485 2936 1717 2992 habet?
1742 2940 1891 2993 Num
1921 2936 2194 3004 labascit,
2233 2940 2467 2991 tantum

798 3021 1040 3093 pondus
1057 3029 1499 3095 praeceptorum
1517 3024 1853 3093 dedignans
1867 3025 1894 3079 ?
1907 3031 2011 3080 aut
2042 3023 2345 3079 sublevari
2369 3039 2468 3094 pe-

803 3110 885 3177 tit,
914 3126 989 3167 ne
1019 3109 1241 3168 scilicet
1275 3114 1335 3169 in
1391 3115 1684 3187 principio
1740 3119 2149 3186 praegravatus
2196 3128 2470 3169 succum-

798 3197 953 3255 bat?
984 3199 1187 3271 Longe
1220 3201 1381 3258 istud
1429 3220 1464 3259 a
1504 3205 1754 3260 Joanne.
1814 3203 2083 3259 Libenter
2135 3207 2351 3258 cuncta
2408 3202 2466 3256 in

798 3288 1085 3346 humeros
1124 3291 1391 3365 suscipit,
1434 3297 1491 3348 et
1566 3293 1723 3348 viam
1797 3294 1953 3349 hanc
1993 3308 2130 3365 quin
2195 3292 2361 3346 ducit
2388 3291 2467 3347 ad

797 3378 987 3434 Deum
1042 3394 1335 3449 generose
1386 3382 1737 3451 ingreditur,
1792 3398 1898 3437 seu
1951 3381 2150 3453 potius
2198 3380 2275 3436 ad
2332 3380 2463 3435 vita:

797 3468 1149 3525 monasticae
1182 3469 1441 3526 stadium
1468 3470 1741 3527 alacriter
1787 3471 2261 3544 percurrendum
2302 3468 2462 3524 exui“

795 3563 911 3625 tur,
936 3564 994 3613 et
1014 3572 1136 3614 non
1170 3558 1367 3615 solum
1389 3560 1463 3615 ad
1511 3560 1921 3632 quintuplum,
1978 3559 2083 3615 sed
2137 3560 2215 3614 ab
2263 3558 2461 3614 decies

794 3644 1206 3719 millecuplum
1236 3654 1541 3705 certamen
1568 3650 1897 3718 inungitur.
1934 3648 2049 3705 Sed
2079 3648 2228 3704 forte
2264 3662 2461 3703 susce-

795 3733 882 3806 pit
910 3749 1221 3805 generose,
1260 3737 1425 3809 quod
1471 3753 1592 3793 non
1624 3736 1754 3792 tulit
1793 3737 2050 3800 fortiter;
2092 3742 2195 3792 aut
2232 3736 2459 3805 ingres-

798 3837 901 3878 sus
920 3824 1237 3896 intrepide,
1266 3842 1389 3882 non
1429 3828 1675 3883 certavit
1715 3832 2058 3882 constanter
2084 3826 2112 3881 ?
2139 3825 2307 3880 Absit
2345 3825 2459 3880 hoc

795 3913 1068 3980 omnino,
1090 3914 1265 3971 absit.
1303 3919 1431 3973 Non
1471 3922 1672 3973 tamen
1712 3916 1873 3972 velut
1912 3916 2094 3972 victor
2118 3915 2345 3987 .aliquis
2400 3914 2461 3969 in

797 4001 1183 4076 Olympiacis,
1224 4006 1481 4074 Nemeis,
1514 4005 1605 4061 vel
1644 4005 1940 4061 lsthmicis
1984 4004 2172 4060 viliter
2210 4019 2462 4059 corona-

796 4094 891 4146 tus
919 4093 1219 4164 apparuit,
1253 4099 1357 4149 aut
1387 4098 1452 4150 ut
1483 4110 1641 4150 unus
1667 4110 1874 4150 eorum
1907 4093 2011 4165 qui
2054 4094 2113 4148 in
2174 4091 2463 4147 Panathe-

794 4180 943 4236 naais
972 4184 1416 4254 pravaluerunt
1444 4199 1669 4239 corona
1698 4182 1979 4253 oleagina
2010 4182 2329 4250 magnifice
2378 4196 2465 4235 re-

793 4269 1031 4326 vinctus
1062 4286 1289 4341 comas,
1334 4276 1438 4328 aut
1467 4272 1710 4345 pineam
1753 4272 2050 4344 quatiens,
2077 4286 2268 4342 eoque
2293 4269 2464 4324 vehe-

794 4362 1025 4416 menter
1061 4358 1460 4429 intumecens,
1493 4361 1582 4416 vel
1604 4361 1787 4416 sacris
1826 4359 2195 4432 quibusdam
2264 4358 2461 4430 pomis

794 4447 1090 4520 (profanis
1152 4449 1349 4520 potius
1413 4449 1686 4518 dixerim)
1754 4450 2073 4519 gloriosus,
2131 4447 2463 4503 ridentibus

792 4537 1041 4611 quidem
1072 4537 1242 4594 illum
1274 4539 1759 4611 sapientioribus,
1791 4539 1990 4611 pueris
2032 4554 2172 4593 vero
2212 4537 2463 4608 applau—

792 4598 1079 4683 dentibus
1122 4632 1179 4683 et
1226 4598 1673 4684 succinentibus
1826 4643 2005 4683 scena
2037 4598 2330 4693 theatris;
2363 4630 2467 4681 aut
2496 4598 2542 4653 θ

794 4717 967 4773 sicuti
999 4733 1131 4773 sors
1160 4717 1357 4773 tulerit
1392 4718 1676 4773 inunctus
1704 4723 1760 4773 et
1787 4717 1946 4773 brevi
1964 4716 2300 4773 admodum
2326 4722 2465 4770 tem-

792 4822 941 4880 pore
997 4806 1305 4876 laudatus,
1364 4807 1545 4879 idque
1619 4806 1761 4863 solis
1815 4806 2037 4862 fositan
2103 4805 2465 4877 promiscuae

792 4896 1153 4953 conditionis
1194 4896 1382 4952 turbis
1427 4912 1498 4951 ac
1535 4896 1626 4952 vili
1657 4895 1971 4969 plebecula
2001 4913 2013 4950 :
2050 4894 2156 4949 sed
2184 4895 2325 4949 exiit
2355 4910 2469 4949 cce-

790 4985 930 5043 litus
952 4990 1297 5051 coronatus,
1321 4986 1550 5056 angelis
1574 4992 1630 5042 et
1648 4984 1933 5056 angelicis
1956 4985 2307 5040 hominibus
2329 4999 2469 5038 cum

814 5075 1213 5132 admiratione
1244 5074 1859 5148 circumstipantibus,
1888 5073 2295 5145 spectaculum
2333 5088 2471 5127 vere

789 5162 1098 5232 factus,uti
1110 5165 1381 5237 loquitur
1395 5166 1615 5220 Paulus
1630 5167 1649 5199 ³
1664 5165 1769 5232 ',et
1783 5163 2013 5234 angelis
2026 5169 2083 5218 et
2095 5162 2464 5235 hominibus,

790 5255 1210 5328 visibilemque
1242 5260 1425 5327 atque
1452 5254 1816 5310 invisibilem
1859 5258 2138 5308 naturam
2178 5252 2467 5324 obstupe-

791 5344 1044 5407 faciens.

864 5542 920 5578 ²¹
952 5544 969 5597 l
1002 5544 1215 5608 Conv,
1260 5546 1311 5597 9.

862 5688 976 5759 (17)
1007 5689 1247 5744 Festus:
1286 5706 1314 5738 ι
1384 5684 1761 5743 Pentathlum
1836 5682 2067 5756 antiqui
2138 5683 2468 5755 quinquer-

787 5778 938 5845 tium
963 5777 1246 5836 dixerunt
1278 5794 1291 5844 ;
1335 5775 1398 5834 id
1439 5781 1642 5835 autem
1686 5790 1879 5848 genus
1911 5773 2354 5837 exercitationis
2394 5790 2469 5836 ex

2580 1968 2609 2024 ἡ
2650 1976 2747 2018 τῶν
2788 1963 3152 2038 διανοημάτων
3218 1970 3477 2037 εὔστοχος
3514 1969 3760 2037 ἔκφανσις
3788 1971 3877 2016 καὶ
3938 1972 4036 2015 τῶν
4066 1983 4183 2020 νοη-

2580 2058 2756 2128 μάτων
2796 2054 3014 2128 ἀκριϐὴς
3075 2054 3402 2125 ἀνακάλυψις
3433 2076 3443 2088 ·
3476 2054 3603 2106 ἀλλά
3632 2060 3684 2106 τί
3738 2053 3797 2104 ἂν
3858 2056 3907 2105 οἱ
3955 2060 4188 2104 τοιοῦτοι

2580 2152 2668 2197 καὶ
2708 2152 2850 2217 φαῖεν
2917 2144 3251 2209 ἀκούσαντες,
3318 2147 3386 2204 ως
3443 2148 3533 2195 καὶ
3594 2149 3796 2200 σιωπὴν
3854 2141 4183 2211 ἐπισκήψειε,

2580 2240 2669 2286 καὶ
2742 2235 2912 2286 τελέαν
2986 2243 3074 2294 τῆς
3138 2233 3370 2303 γλώττης
3437 2238 3675 2303 κατοχὴν
3770 2231 4073 2298 ίπιτάξειεν,
4116 2233 4186 2291 ὡς

2580 2320 2719 2395 μηδε
2758 2330 2876 2398 γρῦ,
2913 2327 2971 2374 τό
3022 2330 3112 2374 τοῦ
3169 2322 3346 2393 λόγου,
3402 2322 3594 2394 τολμᾷν
3650 2322 3991 2393 φθέγγεσθαι.
4043 2318 4188 2379 ἐκτός

2581 2412 2624 2464 εἱ
2697 2417 2767 2484 μη
2846 2415 2976 2486 πρὸς
3042 2412 3197 2463 αὐτόν
3257 2416 3700 2483 προσταττόμενος
3764 2419 3863 2461 τῶν
3923 2410 4187 2482 θειοτέρων

2582 2500 2883 2572 ἁναγὲγοιτό
2949 2521 3065 2552 τινα
3141 2498 3335 2571 βίϐλων
3400 2505 3530 2575 πρός
3582 2498 3861 2569 ἐξιλασμόν
3917 2505 4050 2551 Θεου
4096 2501 4188 2548 καί

2582 2589 2905 2662 ἁνθομολόγη
2915 2609 2996 2642 σιν
3032 2609 3043 2658 ;

2650 2768 2719 2840 μ’.
2751 2773 2812 2820 Τί
2846 2773 3012 2820 τοίνυν
3042 2769 3067 2819 ό
3096 2768 3266 2839 πραΰς
3300 2784 3313 2834 ;
3344 2772 3395 2817 τί
3447 2771 3618 2818 τοίνυν
3656 2767 3680 2816 ό
3720 2767 3916 2826 οἰκακός
3963 2768 4051 2815 καὶ
4113 2771 4188 2833 τῷ

2581 2865 2694 2926 Θεῷ
2719 2853 2897 2909 διόλου
2952 2856 3286 2924 κολλωπενος,
3348 2856 3504 2927 οὗπερ
3569 2854 3848 2913 εὐθύτητας
3914 2854 4189 2923 ἠγάπησεν

2578 2947 2608 3003 ἡ
2652 2942 2871 3018 καρδία,
2910 2954 3020 3006 πῶς
3060 2944 3395 2997 ἐπιτουτοισῖ
3438 2940 3776 3007 διατίθεται;
3818 2949 3940 2995 Μῶν
3967 2941 4189 3001 ὀκλάζει

2579 3042 2651 3105 τῷ
2680 3038 2914 3105 τοσούτῳ
2945 3034 3098 3109 βάρει
3156 3031 3642 3104 δυσανασχετήσας
3700 3040 3798 3082 τῶν
3855 3030 4065 3082 ἐντολῶν
4101 3049 4113 3095 ;
4148 3032 4179 3087 ἧ

2578 3128 2681 3196 μὴν
2713 3123 3053 3195 ἐπελαφρίσαι
3085 3125 3253 3189 ζητεῖ,
3287 3125 3355 3184 ως
3394 3121 3453 3172 ἆν
3511 3125 3582 3187 μὴ
3632 3122 3689 3171 ἐκ
3745 3126 3959 3191 πρώτης
4017 3117 4193 3191 βαρη-

2508 3244 2548 3299 C
2581 3215 2686 3273 θεὶς
2724 3210 2996 3277 abantem;
3039 3212 3232 3264 Πολλοῦ
3272 3230 3327 3282 γε
3366 3216 3455 3262 καὶ
3495 3206 3575 3262 δεῖ
3610 3230 3622 3242 ’
3658 3210 3891 3280 εὐθύμως
3947 3214 4036 3259 καὶ
4087 3213 4193 3279 γὰρ

2577 3304 2666 3361 τάς
2724 3300 2928 3361 ἐντολὰς
2984 3299 3320 3372 ἐπωμίςεται,
3404 3304 3492 3350 καὶ
3573 3302 3820 3368 γενναίως
3893 3301 3987 3354 τὴν
4061 3300 4193 3370 πρὸς

2577 3393 2704 3442 Θεὸν
2736 3393 2929 3447 ταύτην
2981 3392 3214 3460 οἰγονσαν
3281 3393 3518 3453 εἴσεισιν,
3562 3388 3831 3459 εὐθαρσῶς
3883 3384 3941 3438 δε
4001 3384 4197 3457 μᾶλλον

2574 3479 2731 3531 εἰπεῖν
2789 3483 2920 3552 πρὸς
2974 3483 3029 3531 τό
3086 3488 3179 3539 τῆς
3241 3474 3536 3550 μοναδικῆς
3591 3473 3809 3529 στάδιον
3874 3472 4192 3540 ἀποδύεται,

2570 3569 2789 3640 καὶούχ
2820 3571 2900 3620 ὅτι
2925 3588 2985 3639 γε
3046 3568 3111 3628 εἰς
3166 3567 3445 3619 πένταθλον
3500 3566 3848 3636 ἐπαλείφεται,
3902 3563 4011 3615 ἀλλ’
4071 3562 4198 3620 ἀλη-

2574 3661 2674 3719 θῶς
2714 3657 2871 3709 εἰπεῖν
2924 3662 2992 3717 είς
3043 3655 3329 3729 μυρίαθλον
3381 3654 3654 3726 (17).⁷Αρ’
3722 3654 3811 3705 οὖν
3864 3649 4195 3723 ὑποδέχεται

2570 3750 2660 3819 μεν
2722 3746 3041 3820 θαρσαλέως,
3106 3746 3165 3797 οὐ
3222 3749 3359 3819 φέρει
3428 3741 3486 3796 δε
3542 3750 3847 3816 καρτερῶς·
3904 3744 3933 3799 ἡ
3997 3744 4189 3793 εἰσεισι

2571 3839 2661 3908 μεν
2719 3834 3005 3898 ἁπτοητως,
3056 3835 3114 3885 οὑ
3185 3834 3405 3907 στερρῶς
3464 3829 3523 3884 δε
3588 3831 4011 3902 έπαγωνίζεται-;
4071 3829 4187 3881 Οὐκ

2571 3927 2685 3977 ἔστι
2714 3932 2867 3976 τοῦτο
2899 3927 3076 3987 εἰπεῖν,
3118 3924 3213 3974 οὐκ
3242 3926 3405 3979 ἔστιν,
3435 3921 3639 3993 Ἀμέλει
3685 3940 3767 3973 τοι
3818 3926 3908 3972 καὶ
3960 3920 4065 3990 οὐχ
4119 3920 4188 3969 ὡς

2574 4013 2950 4086 Ὀλυμπιᾶσιν,
2980 4015 3008 4072 ἡ
3042 4013 3090 4065 ἐν
3121 4014 3316 4083 Νεμέᾳ,
3381 4013 3409 4069 ἢ
3473 4012 3675 4082 Ἰσθμοῖ
3728 4014 4007 4070 νενικηκὼς
4062 4026 4186 4059 στε-

2574 4107 2787 4173 φανίτης
2843 4107 3203 4176 μικροπρεπὴς
3261 4097 3650 4167 ἀναδείκνυται,
3712 4103 3741 4156 ἦ
3803 4103 3891 4150 καὶ
3950 4106 4052 4149 τῶν
4105 4116 4189 4158 τις

2573 4197 2968 4264 κεκρατηκότων
3018 4193 3084 4242 τὰ
3144 4192 3480 4247 Παναθήναια
3536 4190 3767 4259 στεφάνῳ
3822 4190 3967 4259 τάχα
4016 4196 4088 4257 τῷ
4132 4186 4190 4238 ἐκ

2573 4286 2782 4342 κοτίνης
2812 4285 2945 4352 μέγα
2975 4288 3145 4352 κομῶν
3201 4283 3231 4337 ἤ
3292 4277 3559 4330 ἀνασοϐῶν
3616 4280 3702 4328 τόν
3760 4276 3814 4329 ἐκ
3864 4282 4045 4336 πίτυός
4100 4282 4191 4327 καὶ

2573 4372 2639 4421 τὰ
2664 4373 2891 4441 μέγιστα
2921 4368 3388 4441 έπιϐρενθυόμενος,
3441 4368 3469 4425 ἡ
3529 4376 3653 4438 γοῦν
3720 4369 3871 4439 ἱεροῖς
3916 4384 4027 4417 τισι
4081 4371 4192 4452 μιξ-

2572 4458 2697 4523 λοις,
2752 4458 2942 4529 μᾶλλον
2992 4455 3041 4511 δ’
3099 4458 3321 4530 ἀνιέροις
3372 4456 3888 4531 περιθρυ).λουμενος,
3941 4457 4041 4506 ὑπὸ
4096 4460 4190 4526 μεν

2572 4553 2981 4621 νουνεχεστέρων
3045 4549 3151 4619 οὐχ
3225 4549 3380 4605 ἧττον
3450 4548 3827 4619 εμπαιζόμενος
3902 4548 3931 4603 ἦ
4004 4548 4192 4619 θριαμ-

2575 4637 2866 4710 ϐευόμενός,
2919 4641 3018 4691 ὑπό
3075 4635 3133 4691 δε
3186 4633 3576 4710 παιδισκαρίων
3636 4634 4030 4708 περιϐοώμενος,
4096 4641 4190 4687 καὶ

2574 4730 2686 4788 τόῖς
2712 4727 2767 4779 ἐκ
2795 4736 2886 4787 τῆς
2931 4735 3123 4787 σκηνῆς
3179 4731 3545 4798 συριττόμενος
3604 4729 3632 4782 ἤ
3704 4729 3793 4775 καὶ
3849 4733 3921 4793 τῷ
3988 4724 4042 4776 ἐκ
4097 4731 4192 4784 τῆς

2576 4821 2765 4889 μοίρας
2804 4815 3169 4889 ἀληλιμμένος,
3222 4820 3312 4866 καὶ
3376 4814 3561 4887 βραχὺ
3614 4822 3687 4883 τῷ
3744 4818 3921 4886 χρόνῳ
3974 4812 4194 4886 περιλα-

2576 4905 2835 4979 λούμενος,
2876 4912 3053 4979 μόνοις
3083 4925 3143 4976 γε
3198 4907 3345 4976 τάχα
3416 4911 3521 4963 τοῖς
3573 4912 3664 4963 τῆς
3728 4898 3964 4973 χυδαίας
4014 4905 4195 4973 τύχης

2578 5001 2668 5047 καὶ
2750 5000 3016 5070 σύρφακος
3050 5016 3061 5028 ·
3120 4993 3226 5046 ἀλλ’
3306 4994 3466 5056 ἔξεισι
3539 4998 3847 5065 στεφανίτης
3928 4991 4190 5063 οὐράνιος,

2580 5083 2811 5156 ἀγγέλοις
2852 5105 2903 5137 τε
2947 5091 3035 5136 καὶ
3093 5082 3387 5154 ἱσαγγέλόις
3438 5079 3666 5156 ἀνδράσι
3716 5080 4193 5155 περιστοιχιζόμε-

2578 5183 2663 5237 νός
2701 5195 2754 5228 τε
2802 5178 2892 5227 κάι
2951 5177 3361 5247 θαυμαζόμενος,
3424 5174 3635 5245 θέατρον
3689 5170 3891 5230 ἀληθῶς
3950 5189 4038 5220 και
4101 5168 4195 5240 ἀγ-

2576 5268 2745 5342 γέλοις
2801 5285 2887 5317 και
2956 5263 3266 5338 ἀνθρώποις,
3332 5264 3467 5313 κοιτά
3516 5265 3602 5313 τόν
3650 5262 3906 5333 μακάριον
3967 5258 4192 5327 Παῦλον,

2575 5363 2882 5431 γενόμενος·
2915 5353 3213 5411 ἐκπλήττων
3270 5349 3513 5409 δηλονότι
3572 5369 3663 5401 και
3712 5354 3806 5406 την
3857 5350 4049 5421 όρατὴν
4099 5352 4193 5420 φύ-

2579 5466 2661 5500 σιν
2687 5466 2777 5499 και
2806 5450 2901 5503 τὴν
2930 5443 3172 5517 ἀόρατον.

2579 5700 2669 5755 his
2684 5698 2957 5770 quinque
2976 5693 3208 5770 artibus
3224 5690 3565 5770 constabat,
3588 5691 3755 5745 Jactu
3780 5688 3947 5757 disci,
3981 5703 4187 5757 cursu,

2580 5764 2751 5841 saltu,
2772 5764 3161 5850 jaculatione,
3193 5764 3537 5831 luctatione.
3562 5784 3589 5813 ››
