4484 6446
821 416 923 474 863

2023 412 2480 474 CONSTANTINI
2514 415 3002 476 ACROPOLl'l‘A-J.

4086 423 4195 479 864

819 537 1032 608 ﬁgens,
1052 535 1336 608 cognovit
1361 536 1561 609 ipsum
1592 551 1747 604 esse,
1773 537 1945 610 cujus
1970 537 2265 596 famulitio
2285 538 2480 596 fuerat
2509 540 2558 595 Α

2424 541 2480 596 at
2509 540 2558 595 Α
2590 541 2806 613 ἔγνωκεν
2837 540 2987 611 εἶναι,
3027 540 3088 594 οὗ
3126 543 3253 604 τέως
3309 548 3416 603 τοῖς
3480 542 3799 616 προσπόλοις
3859 546 4195 601 συντέτακτο.

821 627 1135 699 ascriptus.
1160 628 1289 685 Mox
1315 630 1519 683 autem
1546 627 1609 682 in
1638 630 1903 683 mentem
1930 630 2308 684 recurrerunt
2333 643 2480 701 opes

820 718 877 771 et
907 714 1095 785 gloria
1125 714 1237 770 viri
1302 714 1571 789 pristina,
1633 714 1753 772 fors
1796 716 1978 773 etiam
2016 716 2355 788 benignitas
2408 731 2480 772 ac

819 804 1227 863 mansuetudo
1275 819 1421 876 erga
1462 805 1726 863 famulos
1758 806 2201 864 observabatur
2227 807 2433 864 animo
2462 822 2476 871 ;

820 908 1081 967 eumque
1132 908 1305 964 egere
1358 908 1570 966 reapse
1618 893 2061 967 suspicabatur,
2122 896 2197 963 ei,
2261 895 2367 969 qui
2415 894 2479 951 in

820 983 1160 1050 adversam,
1184 986 1249 1040 ut
1268 982 1457 1050 aiunt,
1484 983 1790 1041 fortunam
1810 984 2164 1057 impegerat,
2190 985 2342 1041 bene
2361 983 2480 1040 vel-

818 1070 873 1129 le
903 1070 1245 1144 incipiebat.
1277 1074 1473 1129 Bonus
1504 1086 1646 1143 ergo
1671 1072 1770 1130 ille
1796 1072 2078 1145 famulus,
2106 1073 2270 1130 bona
2299 1072 2479 1130 etiam

820 1161 1091 1232 cogitans
1127 1160 1362 1230 (solent
1418 1162 1577 1218 enim
1626 1161 1889 1219 dominis
1934 1162 2080 1232 suis,
2138 1168 2204 1219 ut
2240 1162 2476 1232 dicitur,

820 1249 975 1305 servi
1024 1264 1155 1305 esse
1210 1251 1487 1322 similes)
1533 1251 2057 1308 indiscriminatim
2115 1251 2477 1318 numeravit,

819 1342 1117 1411 quantum
1161 1354 1269 1412 pro
1337 1340 1553 1413 sportis
1604 1340 1996 1411 exigebatur:
2058 1344 2115 1397 et
2162 1340 2344 1397 veluti
2404 1339 2479 1395 de

821 1430 1130 1483 contractu
1156 1428 1270 1484 sibi
1323 1428 1677 1499 gratulatus,
1736 1446 1773 1485 a
1836 1429 2077 1499 negotio
2133 1430 2480 1502 importuno

820 1530 961 1572 eum
983 1514 1293 1583 subtraxit,
1322 1517 1426 1589 qui
1452 1521 1518 1572 ut
1561 1516 1774 1590 procul
1807 1532 1843 1573 a
1872 1517 2031 1573 curis
2088 1516 2480 1573 saecularibus

820 1604 1063 1672 viveret,
1095 1606 1339 1674 negotia
1376 1606 1583 1663 omnia
1611 1605 2020 1663 abdicaverat.
2054 1607 2145 1663 Sic
2169 1607 2274 1679 qui
2305 1609 2483 1663 antea

820 1692 1095 1767 plurimis
1126 1694 1462 1766 stipabatur
1496 1695 1816 1768 equitibus,
1849 1710 2012 1751 nunc
2044 1694 2209 1751 solus
2269 1697 2485 1751 Dama-

821 1798 924 1839 sco
959 1783 1296 1854 egrediens,
1332 1790 1491 1842 retro
1520 1785 1679 1842 unde
1708 1791 1950 1843 venerat
2014 1785 2227 1843 rediit:
2286 1798 2485 1857 neque

2592 632 2847 702 Παραυτά
2912 637 3038 702 γοῦν
3068 652 3077 659 ·
3108 635 3195 685 καὶ
3286 630 3513 685 πλούτου
3610 631 4039 705 ἀνεμιμνῄσκετο,
4105 640 4199 687 καὶ

2593 714 2751 783 δόξαν
2790 718 3136 791 ἀνελογίξετο,
3167 721 3313 793 τάχα
3342 716 3393 774 δ’
3426 720 3485 773 ἂν
3521 724 3612 773 καὶ
3651 726 3745 781 τὴν
3775 724 3906 796 πρὸς
3951 725 4011 775 τὸ
4060 722 4198 775 εἱλω-

2589 810 2732 862 τικὸν
2764 809 2966 880 εῦμενὶς
3022 807 3181 862 αὑτοῦ
3234 812 3325 862 καὶ
3377 808 3618 881 γαλήνιον
3673 810 4067 885 παρεισεκύκλει
4122 819 4199 882 τῷ

2589 896 2849 970 λογισμῷ,
2880 901 2971 950 καὶ
3004 906 3206 971 χρῆναι
3270 900 3475 961 πάντως
3540 897 3861 971 ίπελογίζετο
3915 904 4005 952 καὶ
4060 899 4201 953 ἔναν-

2587 988 2678 1038 τία
2703 1004 2780 1056 γε,
2814 986 2839 1038 ὃ
2867 1004 3015 1058 φασι,
3043 990 3385 1060 περιτυχόντι
3413 995 3487 1057 τῷ
3544 983 3757 1060 δαίμονι
3808 988 4011 1043 εὐνοεῖν.
4052 996 4201 1061 Χρη-

2592 1076 2689 1128 στά
2727 1081 2849 1146 γοῦν
2879 1075 3044 1136 οὕτως
3081 1076 3107 1126 ὁ
3136 1079 3377 1149 χρηστός
3417 1074 3598 1137 ἐκεῖνος
3646 1084 3755 1139 τοῖς
3803 1081 4013 1151 τρόποις
4054 1077 4198 1130 οὶκί-

2589 1182 2681 1224 της
2746 1162 3001 1226 ἐννοηθεὶς
3057 1164 3077 1235 (
3125 1166 3269 1221 εἴωθε
3332 1170 3423 1219 καὶ
3464 1169 3567 1240 γὰρ
3621 1174 3731 1229 τοῖς
3780 1168 4067 1241 ἄρχουσιν,
4126 1169 4199 1229 ὦς

2592 1271 2743 1324 φασι,
2795 1253 3262 1325 συνεξομοιοῦσθαι
3339 1258 3400 1307 τό
3458 1254 3807 1330 ὑποχείριον)
3874 1252 4199 1325 ἀδιακρίτως

2591 1342 2782 1394 ὁπόσον
2822 1340 2905 1394 ἰπὶ
2964 1350 3082 1403 ταῖς
3150 1347 3400 1416 σπυρίσιν
3454 1341 3703 1416 ἀπῃτεῖτο
3760 1342 4197 1416 καταϐαλόμενος,

2589 1436 2680 1483 καὶ
2709 1430 3175 1504 ἕπευχαριστήσας
3226 1435 3398 1506 ὥσπερ
3434 1440 3525 1486 τοῦ
3595 1433 4038 1506 συναλλάγματος,
4098 1437 4204 1506 μό-

2590 1520 2670 1581 λις
2720 1518 2983 1583 ἀπήλλαξε
3012 1523 3336 1596 πραγμάτων
3392 1525 3480 1574 τόν
3533 1524 3659 1597 ὑπερ
3717 1530 3810 1575 τοῦ
3858 1522 4206 1597 ἀπραγμόνως

2594 1607 2760 1669 ζῆσαι
2807 1607 3027 1661 πλεῖστα
3077 1611 3213 1663 πάνυ
3262 1618 3364 1663 τῶν
3428 1612 3747 1684 πραγμάτων
3797 1610 4204 1683 ἀποϐαλόμενον.

2596 1701 2697 1750 Καὶ
2721 1704 2847 1769 γοῦν
2873 1700 2899 1750 ό
2937 1701 3039 1771 πρό
3079 1706 3170 1752 τοῦ
3198 1698 3462 1763 πλείστοις
3500 1702 3582 1753 ὅτι
3632 1708 3737 1761 τοίς
3796 1702 4040 1762 ἱππόταις
4093 1720 4207 1752 πα-

2595 1792 3009 1861 ραπεμπόμενος,

3094 1796 3391 1861 μονώτατος
3467 1795 3553 1849 τὴν
3676 1793 3951 1863 Δάμασκον
4033 1790 4204 1854 ἐξιὼν,

822 1872 984 1930 enim
1045 1888 1356 1943 regressus
1420 1873 1644 1945 fuisset,
1704 1874 1819 1931 nisi
1866 1874 2158 1932 mandato
2224 1876 2484 1946 expleto,
2519 1894 2561 1949 Β

2432 1888 2484 1940 0,
2519 1894 2561 1949 Β
2596 1877 2905 1953 παλίνορσος
2945 1875 3187 1950 βαδίζων
3242 1878 3504 1943 ἀνέζευξεν
3532 1900 3545 1914 ο
3598 1876 3723 1933 οῦδὶ
3768 1883 3870 1953 γάρ
3927 1880 3987 1932 ἄν
4048 1878 4203 1931 ἐπαν-

821 1964 1102 2037 quamvis
1125 1964 1470 2035 contigisset
1490 1965 1542 2020 ei
1574 1966 1883 2022 immorari
1909 1966 2135 2023 diutius
2170 1983 2182 2022 :
2213 1964 2489 2037 etpotius

822 2052 1135 2110 circuisset
1163 2058 1287 2111 tota
1316 2054 1437 2111 vita
1463 2070 1575 2111 sua
1616 2055 1768 2112 inter
1805 2055 2066 2112 ludibria
2122 2054 2491 2129 exprobran-

822 2143 991 2208 tium,
1012 2142 1178 2215 quod
1196 2143 1343 2201 viles
1356 2144 1591 2201 reculas
1606 2148 1728 2201 tam
1742 2144 1924 2203 charo
1938 2149 2282 2218 exponeret,
2301 2159 2489 2217 quam

822 2233 1009 2290 Patris
1025 2232 1113 2288 sui
1130 2233 1451 2306 spiritualis
1465 2239 1831 2308 praeceptum
1845 2250 1967 2294 non
1982 2239 2135 2291 esset
2147 2238 2484 2291 excecutus:

822 2320 995 2378 rediit
1021 2326 1224 2379 autem
1263 2323 1504 2395 tropaeis
1555 2324 1779 2393 gravis,
1831 2339 1969 2400 quas
2020 2327 2284 2400 superbo
2330 2322 2488 2381 hosti

824 2424 1111 2481 generose
1136 2410 1505 2470 obluctando
1529 2412 1889 2473 detraxerat.

898 2601 981 2656 53.
1017 2599 1134 2657 Sed
1167 2601 1384 2674 excipit
1412 2618 1524 2659 nos
1555 2603 1740 2671 aliud,
1775 2620 1896 2661 non
1927 2604 2178 2661 dixerim
2226 2602 2303 2659 de
2350 2616 2487 2675 pec-

823 2692 956 2747 cato
989 2695 1303 2763 tropaeum,
1331 2708 1536 2750 verum
1564 2710 1635 2750 ex
1683 2710 1874 2767 parva
1922 2694 2190 2769 quadam
2223 2692 2464 2749 occasio

820 2795 897 2836 ne
919 2779 1129 2849 ingens
1155 2780 1408 2838 facinus.
1442 2786 1617 2840 Beato
1639 2785 1764 2840 viro
1790 2784 1972 2840 vicini
1994 2784 2355 2841 habitabant
2374 2781 2486 2837 fra-

823 2872 942 2925 tres
972 2869 1117 2935 duo,
1138 2870 1399 2928 fraterna
1420 2872 1573 2929 inter
1602 2889 1663 2930 se
1690 2874 1976 2931 charitate
2002 2872 2308 2945 conjuncti
2338 2887 2351 2937 ;
2379 2885 2490 2927 nec

822 2958 983 3015 enim
1024 2959 1226 3017 minus
1256 2961 1367 3018 sibi
1408 2964 1935 3035 conjungebantur
1992 2964 2235 3037 spiritus
2280 2975 2490 3018 eorum

823 3062 896 3104 ex
922 3050 1216 3121 propositi
1243 3052 1634 3110 similitudine
1652 3070 1838 3127 quam
1869 3070 2124 3126 corpora
2152 3069 2226 3110 ex
2247 3054 2489 3108 natura.

824 3140 1049 3196 Horum
1074 3139 1223 3197 alter
1253 3142 1530 3200 sublatus
1565 3160 1597 3200 e
1640 3145 1792 3201 vivis
1821 3145 2076 3202 alterum
2131 3158 2283 3217 pene
2333 3155 2491 3198 mor-

2598 1966 2721 2027 ἦλθε
2746 1972 2814 2039 μὴ
2875 1970 2931 2020 τό
2998 1969 3113 2020 κατ’
3180 1968 3386 2028 ἑντολήν
3446 1968 3729 2037 ἕκπλήσας,
3796 1968 3891 2022 κᾶν
3956 1970 4091 2021 οὕτω
4143 1988 4207 2041 γε

2597 2060 2765 2129 τυχόν
2794 2057 2865 2119 εἰς
2929 2060 3126 2131 μακρόν
3193 2060 3327 2131 άγαν
3388 2060 3792 2135 ὑπερημέρησε·
3864 2060 4048 2112 θᾶττον
4099 2061 4204 2133 γὰρ

2599 2146 2659 2199 ἂν
2706 2152 2919 2221 περιιὼν
2975 2153 3065 2201 καὶ
3108 2148 3416 2221 παιζόμενος
3492 2151 3687 2201 οὑτωσὶ
3729 2148 3918 2201 πολλοῦ
3948 2151 4015 2201 τά
4065 2168 4205 2219 γαυ-

2597 2235 2788 2290 λότατα
2861 2239 3182 2309 ἑκτιθέμενος
3250 2244 3345 2296 τήν
3414 2242 3551 2302 ζωὴν
3613 2238 3966 2311 ἐξεμέτρησεν,
4022 2238 4052 2296 ἢ
4110 2243 4206 2289 τοῦ

2596 2332 2949 2398 πνευματικοῦ
3005 2331 3209 2399 Ιιατρὸς
3292 2326 3442 2386 ἀτελῆ
3519 2336 3723 2401 παρῆκε
3797 2332 3890 2385 τὴν
3948 2325 4153 2385 ἐντολήν
4189 2347 4202 2361 ·

2597 2415 2729 2473 πλὴν
2790 2415 2894 2468 ἀλλ’
2974 2418 3195 2476 ἐπανῆκε
3299 2422 3678 2491 τροπαιοφόρος
3745 2422 3835 2470 καὶ
3912 2417 4206 2492 ὑπέροφρυν

2596 2511 2841 2579 γενναίως
2878 2507 3280 2570 καταπαλαίσας
3318 2506 3618 2563 ἀντίπαλον.

2668 2606 2782 2677 μγ’.
2826 2605 2958 2659 Ἀλλ’
3015 2603 3294 2679 ἐκδέχεται
3350 2608 3491 2679 ἡμᾶς
3534 2608 3721 2680 ἕτερον,
3778 2605 3873 2658 οὐκ
3909 2604 3968 2656 ἆν
4008 2608 4209 2678 εἴποιμι

2600 2693 2978 2768 ἀποπτώματος
3052 2700 3321 2769 τρόπαιον,
3400 2695 3506 2748 ἀλλ’
3557 2695 3610 2748 ἐκ
3682 2702 3874 2770 μικροῦ
3930 2713 4063 2755 τινος
4113 2702 4209 2747 τοῦ

2602 2784 2946 2857 συμϐάματος
2989 2789 3126 2858 μίγα
3162 2786 3276 2838 λίαν
3352 2784 3663 2861 ἀρίστευμα.
3719 2790 3953 2857 Μοναχὼ
4002 2803 4107 2836 τινε
4134 2792 4209 2853 τῷ

2598 2880 2840 2947 μακαρίῳ
2897 2878 2986 2947 μεν
3083 2873 3363 2951 ἀγχιθύρω
3422 2874 3775 2947 ἐτυγχανέτην
3828 2879 3957 2941 ὄντε,
4000 2870 4209 2945 ἀδελφὼ

4100 2983 4209 3035 ονχ

2601 3053 2752 3111 ἧττον
2801 3055 2900 3127 γὰρ
2978 3052 3033 3106 ἐκ
3113 3058 3461 3129 προαιρέσεως
3522 3055 3872 3111 συνεπτεσθην
3925 3060 3996 3123 τῷ
4047 3054 4209 3104 πυώ-

2601 3162 2727 3215 ματι
2758 3142 2786 3201 ἦ
2820 3149 2926 3203 τοῖς
2953 3148 3193 3217 σώμασιν
3224 3142 3324 3196 ἀπὸ
3384 3146 3600 3215 φύσεως.
3652 3145 3856 3196 Τούτων
3922 3143 4102 3216 ἅτερος
4157 3139 4213 3203 ἐξ

2603 2960 2661 3017 δε
2700 2968 2865 3022 ἤστην
2920 2964 3178 3034 ἀλλήλοιν,
3238 2970 3327 3017 καὶ
3382 2967 3673 3039 έφρονείτην
3728 2961 3983 3037 ἀδελφικά
4017 2985 4029 2997 ·

827 3230 997 3284 tuum
1054 3230 1324 3304 reliquit:
1384 3248 1527 3289 nam
1577 3234 1626 3289 is
1677 3234 2015 3292 calamitate
2070 3234 2187 3290 ista
2245 3246 2566 3313 prorsusc

2440 3246 2492 3287 18
2523 3256 2566 3313 ο
2604 3230 2885 3306 ἀνθρώπων
2939 3237 3230 3306 γενόμενος,
3282 3240 3473 3306 μικροῦ
3555 3235 3730 3306 νεκρόν
3796 3231 4034 3284 κατελιπε
4118 3232 4211 3282 θά-

822 3317 1035 3389 victus,
1058 3335 1179 3377 non
1198 3322 1554 3383 admittebat
1572 3324 2002 3393 consolatores,
2026 3341 2149 3381 non
2170 3320 2497 3395 recipiebat

826 3407 1162 3464 hortatores
1192 3426 1205 3476 ;
1235 3413 1339 3468 sed
1370 3416 1710 3488 cuicunque
1751 3416 1965 3473 rationi
2034 3428 2210 3470 aures
2256 3409 2497 3485 penitus

826 3497 1184 3560 occluserat.
1229 3506 1368 3561 Post
1395 3504 1544 3561 alios
1576 3521 1719 3578 ergo
1741 3506 1963 3579 plures,
1984 3505 2063 3561 ad
2088 3519 2227 3560 eum
2254 3513 2498 3574 quoque

824 3591 1078 3647 accessit
1102 3591 1203 3649 illa
1226 3597 1653 3668 compassione
1686 3596 2038 3669 plenissima
2069 3596 2295 3664 anima,
2320 3593 2502 3647 Joan-

819 3692 952 3749 nes,
996 3680 1164 3738 vultu
1202 3682 1434 3751 hilaris,
1463 3702 1739 3743 sermone
1786 3687 2009 3752 suavis,
2044 3691 2099 3742 et
2126 3690 2380 3756 utroque
2401 3696 2499 3736 ve-

825 3768 1131 3839 nerabilis,
1165 3775 1624 3848 conabaturque
1664 3793 1986 3834 mmrorem
2016 3776 2296 3832 eximere.
2341 3769 2496 3838 Quid

823 3861 1024 3915 autem
1083 3877 1204 3918 non
1236 3865 1595 3935 excogitavit
1622 3883 1744 3940 quo
1788 3868 1918 3939 ejus
1969 3867 2243 3923 animum
2300 3862 2380 3919 ad
2432 3875 2494 3916 se

822 3954 1127 4007 revocaret
1153 3953 1181 4009 ?
1205 3953 1352 4025 quid
1382 3969 1505 4011 non
1537 3957 1784 4013 contulit
1817 3973 1889 4013 ex
1934 3957 2121 4013 sacris
2172 3954 2489 4028 Scripturis

823 4053 946 4110 quo
973 4042 1322 4112 passionem
1349 4045 1722 4103 consolando
1766 4046 2028 4104 leniret?
2073 4050 2350 4116 Omnem,
2404 4050 2489 4105 uti

821 4128 1058 4199 dicitur,
1086 4132 1348 4205 lapidem
1376 4138 1581 4203 movit;
1614 4138 1718 4193 sed
1741 4138 1927 4194 nihilo
1949 4138 2085 4211 plus
2111 4137 2483 4212 proﬁciebat,

820 4232 1009 4290 quam
1041 4225 1250 4277 statuae
1293 4224 1645 4299 colloquens
1683 4226 1776 4283 vel
1824 4227 2215 4285 adamantem
2271 4233 2483 4283 terens.

819 4308 1085 4366 Tandem
1116 4314 1318 4369 tamen
1346 4314 1515 4387 (nam
1548 4317 1725 4373 etiam
1755 4322 1922 4387 gutta
1960 4318 2184 4375 cadens
2241 4317 2485 4375 assidue

819 4402 1055 4470 petram
1084 4404 1378 4477 excavat)
1407 4406 1579 4462 rediit
1610 4413 1918 4481 utcunque
1973 4409 2049 4465 ad
2082 4425 2211 4466 sese
2268 4424 2484 4464 mona-

821 4489 993 4557 chus,
1028 4489 1263 4564 sibique
1289 4508 1360 4549 ac
1387 4498 1589 4553 sensui
1638 4498 1965 4564 restitutus,
2020 4498 2351 4571 Siquidem.
2400 4498 2479 4553 in-

2604 3341 2747 3397 τερον
2778 3343 2789 3357 ·
2821 3330 2882 3395 τῇ
2942 3325 3044 3397 γαρ
3112 3329 3355 3396 συμφορᾴ
3406 3325 3673 3397 κατάκρας
3731 3320 3912 3382 ὶκεῖνος
3978 3319 4213 3381 ἑαλωκὼς

2605 3411 3004 3488 παρακλήτορας
3055 3412 3113 3464 οῦ
3162 3416 3427 3485 προσίετο,
3483 3413 3792 3485 πάραινέτας
3866 3410 3924 3463 οὗ
3991 3405 4217 3483 παρεδέο

2608 3523 2756 3575 χετο,
2790 3503 3035 3565 καθάπαξ
3067 3499 3126 3556 δε
3168 3505 3293 3575 πρός
3322 3504 3492 3554 πάντα
3542 3501 3692 3573 λόγον
3721 3505 3814 3559 τὴν
3871 3499 4033 3557 ἀκοὴν
4085 3497 4218 3550 ἀπο-

2609 3593 2893 3647 κέκλειστο.
2950 3592 3105 3645 Ἀλλά
3152 3597 3398 3666 πρόσεισι
3446 3594 3612 3662 τούτῳ
3657 3594 3786 3664 μετά
3836 3593 4071 3662 συχνοὺς
4117 3588 4218 3639 ἆλ-

2608 3681 2725 3744 λους
2764 3687 2851 3734 καὶ
2876 3684 2905 3741 ἡ
2968 3683 3377 3754 συμπαθεστάτη
3419 3680 3602 3752 ψυχὴ,
3631 3682 3656 3732 ὁ
3708 3679 3902 3751 γλυκὺς
3956 3678 4216 3744 Ἰωάννης,

2607 3775 2632 3825 ὁ
2653 3779 2743 3826 καὶ
2763 3776 2857 3831 τὴν
2884 3771 3003 3843 ὄψιν
3033 3768 3189 3837 ἡδὺς,
3221 3776 3311 3823 καὶ
3340 3774 3426 3823 τόν
3465 3770 3616 3843 λόγον
3671 3773 3860 3842 πραῢς,
3902 3773 3994 3820 καὶ
4060 3766 4220 3819 ἐπιει-

2604 3872 2703 3925 κῶς
2729 3859 3003 3935 αἰδέσιμος
3033 3861 3151 3913 κατ’
3209 3859 3496 3934 ἀμφότερα,
3550 3864 3641 3913 καὶ
3696 3856 3763 3917 δὴ
3824 3857 4063 3933 ἐπειρᾶτο
4117 3866 4216 3918 τῆς

2602 3950 2826 4015 ἀκηδίας
2882 3950 3278 4025 ἀναλαμϐάνειν,
3338 3955 3390 4003 τί
3443 3954 3532 4023 μὲν
3580 3954 3651 4024 μὴ
3714 3948 4029 4023 ἀνευρίσκων
4084 3948 4215 4018 παρ’

2599 4044 2981 4098 ἐαυτοῦίκανόν
3011 4041 3371 4117 παρακαλέσαι
3422 4041 3610 4113 ψυχήν
3653 4056 3667 4107 ;
3714 4043 3766 4093 τί
3826 4036 3885 4091 δε
3942 4041 4012 4111 μὴ
4063 4040 4210 4110 παρά

2595 4143 2695 4187 τῶν
2756 4140 2969 4208 Γραφών
3003 4131 3337 4204 ἑπισυνείρων
3406 4133 3538 4206 πρὸς
3590 4133 3649 4181 τό
3689 4135 3978 4199 κατασχεῖν
4016 4130 4074 4178 τό
4106 4128 4207 4178 πά-

2598 4226 2680 4286 θος
2708 4223 3193 4300 παραμυθήσασθαι
3222 4238 3235 4289 ;
3265 4222 3442 4273 Πάντα
3489 4219 3677 4284 κάλων,
3712 4220 3738 4271 ὅ
3795 4236 3971 4291 φασιν,
4030 4215 4113 4268 ἐπὶ
4146 4220 4204 4269 τό

2594 4314 2785 4368 ἀνύσαι
2826 4318 3089 4371 κεκίνηκεν
3148 4331 3161 4345 ο
3219 4309 3325 4363 ἀλλ’
3383 4306 3445 4368 ἦν
3502 4312 3675 4382 ὥσπερ
3720 4304 3992 4381 ἀνδριάντι
4040 4326 4208 4381 προσ-

2594 4406 2786 4478 ομιλων
2843 4405 2872 4464 ἣ
2932 4401 3177 4476 περιξέων
3234 4396 3513 4473 ἀδάμαντα
3574 4419 3586 4435 ι

2594 4493 3129 4569 μοναχός(κοιλαίνει
3154 4493 3256 4565 γὰρ
3286 4486 3565 4561 ἐνδελεχὴς
3618 4494 3707 4541 καὶ
3749 4491 3940 4563 πέτραν
3996 4488 4201 4561 ῥανὶς),

3652 4399 3922 4469 Ἀνανὴφει
3973 4401 4126 4470 μόγις
4177 4399 4203 4450 ό

818 4581 968 4654 quit,
997 4582 1295 4639 consolari
1333 4601 1430 4642 me
1456 4588 1620 4652 velis,
1655 4605 1787 4661 age,
1842 4604 2139 4661 compone
2168 4589 2358 4647 melos
2388 4589 2488 4646 ali-
2520 4616 2561 4670 ο

2432 4589 2488 4646 li-
2520 4616 2561 4670 ο
2595 4593 2683 4641 καὶ
2714 4586 2761 4640 ἕν
2793 4587 2956 4657 ἑαυτῷ
2983 4590 3205 4657 γίνεται,
3236 4587 3326 4635 καὶ
3358 4581 3426 4643 εἰς
3479 4582 3846 4650 συναίσθῆναι,
3901 4582 4055 4652 φησὶ,
4112 4584 4203 4631 καὶ

820 4672 1005 4745 quod,
1030 4674 1195 4745 quod
1220 4677 1645 4750 memetipsum
1668 4678 2031 4735 succinendo
2053 4678 2291 4735 dolores
2309 4679 2486 4736 infor-

821 4763 970 4818 tunii
996 4764 1112 4819 mei
1141 4764 1387 4835 leniam,
1421 4770 1527 4840 qui
1554 4767 1613 4823 in
1646 4769 1913 4825 animam
1948 4785 2147 4825 meam
2177 4768 2484 4825 incurren-

822 4856 932 4922 tes,
962 4852 1329 4911 intellectum
1362 4857 1725 4916 conturbant
1746 4863 1803 4916 et
1838 4874 1941 4917 cor
1964 4874 2168 4916 meum
2189 4859 2485 4933 quodam-

820 4942 1005 5001 modo
1031 4943 1457 5018 depascuntur.
2126 4966 2132 4972 ’

890 5233 982 5289 44.
1024 5228 1126 5285 Cui
1173 5227 1455 5298 Joannes,
1490 5230 1558 5285 Et
1592 5242 1737 5300 qua,
1786 5227 1999 5302 inquit,
2061 5228 2294 5286 ratione
2353 5228 2483 5285 ﬁeri

817 5322 1054 5397 poterit,
1084 5325 1148 5378 ut
1173 5319 1355 5377 Patris
1378 5317 1736 5374 mandatum
1764 5319 2191 5392 transgrediar,
2207 5318 2483 5375 absolute

812 5411 1083 5486 jubentis
1106 5409 1406 5467 abstinere
1435 5424 1473 5465 a
1500 5423 1864 5482 quocunque
1891 5408 2193 5481 ejusmodi
2220 5408 2483 5479 cogitatu

821 5504 915 5562 vel
945 5518 1127 5577 opere
1156 5502 1183 5557 ?
1214 5501 1402 5567 Levis,
1428 5500 1754 5573 respondet
1781 5500 1947 5569 alter,
1976 5500 2105 5557 haec
2131 5498 2483 5556 inobedien-

820 5598 916 5653 tiae
938 5593 1136 5667 culpa,
1166 5596 1443 5665 respectu
1466 5589 1729 5647 utilitatis
1760 5606 1792 5647 e
1813 5605 2107 5647 converso
2128 5588 2484 5663 provenien-

818 5685 1235 5743 tis:animam
1284 5682 1447 5739 enim
1502 5684 1855 5738 maerentem
1913 5678 2323 5737 consolaberis
2377 5694 2485 5735 seu

819 5776 1023 5852 potius
1046 5774 1330 5834 retinebis
1349 5772 1751 5845 deﬁcientem,
1774 5788 1845 5833 ac
1862 5788 2015 5846 pene
2030 5772 2158 5845 jam
2178 5786 2485 5845 egressam

2592 4683 2678 4731 καὶ
2736 4684 2883 4750 γοῦν,
2970 4679 3031 4729 Εἴ
3082 4693 3144 4748 με
3203 4670 3381 4747 βούλει
3463 4670 3887 4745 παρακληθῆσιν,
3953 4672 4194 4743 ἔρχεταί·

2595 4768 2936 4839 εὐθυμότερον
2990 4763 3174 4824 ἐθέλεις
3241 4762 3553 4824 θεάσασθαι,
3611 4761 3704 4832 οἶγε
3758 4760 3937 4820 σύνθες
3994 4777 4065 4823 τι,
4115 4762 4205 4809 καὶ

2592 4853 2920 4931 μελῳδησον,
2949 4855 3086 4928 ᾧπερ
3137 4852 3197 4905 ἄν
3256 4852 3478 4925 ἐμαυτόν
3531 4845 3837 4923 κατεπᾴδων
3880 4851 3946 4900 τὰ
3998 4846 4054 4900 ἐκ
4108 4856 4205 4910 τῆς

2595 4953 2869 5022 συμφορᾶς
2932 4946 3075 5003 πάθη
3160 4943 3480 5016 κοιμίζοιμι,
3538 4939 3669 4993 ἄττα
3740 4958 3831 5012 μοι
3882 4942 3978 4997 τὴν
4014 4937 4204 5010 ψυχὴν

2593 5036 2835 5105 ἐκϐαίνει,
2894 5040 2984 5088 καὶ
3038 5030 3218 5094 δεινῶς
3282 5034 3528 5107 ταράττει
3608 5032 3695 5082 τὸν
3755 5027 4033 5101 λογισμόν,
4113 5032 4204 5081 καὶ

2590 5133 2683 5189 τὴν
2714 5122 2939 5203 καρδίαν
2972 5127 3145 5199 ὥσπερ
3178 5117 3617 5196 καταδαρδάπτει
3645 5138 3766 5192 μου.

2662 5223 2778 5301 μδ’.
2822 5229 2923 5279 Καὶ
2980 5224 3055 5291 ὃς,
3116 5226 3217 5276 Καὶ
3260 5229 3369 5283 πῶς
3432 5218 3492 5271 ἂν
3548 5222 3640 5277 τὴν
3691 5220 3955 5291 πατρικὴν
4003 5214 4204 5275 ἐντολὴν

2590 5312 2904 5391 περιίδοιμι,
2966 5310 3283 5376 ἁπαξαπλῶς
3348 5308 3723 5380 επισκὴψασαν
3783 5306 4205 5381 ἀποστρέφεσθαι

2590 5407 2725 5460 ἁπαν
2750 5425 2807 5479 γε
2861 5410 3095 5458 τοιοῦτον
3147 5408 3237 5455 καὶ
3290 5399 3555 5474 μελέτημα
3613 5403 3705 5451 καὶ
3780 5396 4041 5469 ἐνέργημα
4092 5394 4205 5463 ;Ὀ

2592 5493 2675 5565 δε,
2703 5498 2902 5571 Μικρὸν
2928 5495 3046 5547 ἴσθι
3082 5494 3137 5546 τὸ
3196 5499 3290 5554 τῆς
3348 5497 3619 5563 παρακοῆς
3675 5489 3876 5549 ταύτης
3924 5484 4207 5559 ἀμπλάκη-

2590 5608 2666 5662 μα
2724 5589 2856 5659 πρός
2910 5588 2969 5637 τὸ
3049 5582 3105 5636 ἐκ
3152 5590 3245 5644 τῆς
3316 5582 3552 5641 ὑπακοῆς
3606 5574 3774 5639 τῆσδε
3833 5578 4153 5651 κατόρθωμα
4190 5598 4204 5610 ·

2589 5678 2777 5750 ψυχὴν
2848 5674 2942 5728 οῦκ
3022 5670 3352 5747 ὀδυνωμένην
3423 5669 3823 5747 παρακαλέσας,
3904 5669 3934 5727 ἡ
4012 5666 4208 5740 μᾶλλον

2594 5766 2930 5821 ἄκλείπουσαν
2982 5762 3194 5838 ἐφέξεις,
3270 5766 3360 5818 καὶ
3405 5766 3601 5837 μικροῦ
3656 5755 3767 5813 δεῖν
3844 5756 4208 5832 ἀποιχομένην
