4484 6446
310 419 417 473 865

1524 406 1593 466 IN
1636 412 1693 468 S.
1727 402 1928 468 JOAN.
1969 402 2464 469 DAMASCENUM.

3568 414 3674 472 866

313 542 683 612 συντηρήσεις,
730 537 760 596 ἦ
806 542 895 591 καὶ
938 536 1286 595 ἐπανασιιὶωεις
1330 542 1402 605 τῷ
1462 540 1686 607 σώματι.
1736 536 1794 588 Ὀ
1852 532 1919 587 δε
1951 539 1997 592 Α
2027 551 2084 593 cc

1907 535 1919 587 'r
1951 539 1997 592 Α
2027 534 2413 593 conservahis
2437 532 2527 589 vel
2548 532 2727 590 etiam
2745 534 2978 605 corpori
3000 549 3109 589 suo
3137 534 3425 591 restitues.
3444 537 3678 593 Abnue-

310 630 549 688 Ἰωάννης
602 632 692 679 καὶ
740 624 891 689 αὖθις
940 624 1157 691 ἀνένευε,
1218 630 1307 677 καὶ
1358 620 1509 685 αὖθις
1565 625 1726 682 αὐτὴν
1784 623 1919 676 ἄντο-

310 716 404 774 λὴν
471 715 807 791 προεϐάλλετο
863 736 876 750 ο
947 717 972 767 ό
1029 711 1087 768 δι
1130 713 1288 774 πολὺς
1345 718 1436 765 καὶ
1466 712 1619 764 πάλιν
1686 711 1917 777 ὶνίκειτο,

311 810 403 857 καὶ
464 812 837 879 φορτικώτερος
896 806 1186 871 ὑπετίθετο,
1258 801 1509 875 λιπαρῶν,
1591 800 1916 872 ἀναγκάζων,

309 894 616 967 μειλίσσων,
654 892 1037 964 ἐκϐιαζόμενος,
1084 898 1135 943 τί
1202 895 1293 963 μὲν
1338 890 1395 942 οὗ
1443 890 1623 961 λέγων,
1664 896 1714 942 τί
1755 887 1813 942 δε
1850 894 1919 961 μὴ

309 986 551 1056 πράττων
598 990 697 1033 τῶν
746 983 846 1033 ὅσα
905 977 1169 1033 δυσωπεῖν
1225 976 1363 1031 οἶδεν
1394 980 1662 1051 ἄνθρωπον
1711 996 1723 1045 ;
1766 976 1921 1050 ἀκρι-

310 1070 568 1128 ϐεστάτην
608 1069 657 1122 ἐν
697 1070 860 1141 ἐαυτῷ
898 1074 992 1127 τὴν
1032 1078 1131 1121 τῶν
1171 1075 1341 1120 Λιτὼν
1385 1069 1497 1137 (l8)
1545 1068 1715 1120 εἰκόνα
1755 1063 1925 1119 διετύ-

308 1179 413 1211 που
468 1181 480 1192 ·
515 1165 604 1211 καὶ
632 1160 814 1220 ὁποίας
859 1160 884 1210 ὁ
935 1160 1417 1230 προσωποποιήσας
1464 1159 1653 1217 ταυτας
1710 1158 1922 1229 ἑνεγρα-

308 1247 399 1316 ψε,
458 1250 703 1309 τοιαύτας
753 1245 936 1305 ἐκεῖνος
981 1248 1221 1317 ἄντικρυς
1264 1243 1558 1307 ἐξεικόνιξεν
1616 1265 1628 1276 ·
1684 1240 1793 1295 εἶπέ
1844 1262 1926 1303 τις

309 1335 395 1402 ἂν,
441 1335 484 1387 εἰ
514 1340 825 1408 παρέτυχεν,
867 1336 937 1395 ὡς
968 1336 1185 1405 ἀριστος
1233 1336 1386 1393 ὄντως
1439 1341 1537 1384 τῶν
1599 1340 1694 1393 τῆς
1748 1331 1924 1405 ῥαψῳ-

312 1421 437 1486 δίας
468 1426 619 1486 οὗτος
668 1426 977 1498 ὑποκριτής.
1016 1423 1073 1475 Ὀ
1115 1420 1164 1475 δ’
1206 1420 1455 1494 ἁκαμπὴς
1494 1426 1583 1473 καὶ
1636 1422 1801 1482 οὕτως
1842 1417 1925 1489 ἦν,

309 1518 404 1565 καὶ
449 1510 719 1574 ἀνένδοτος
758 1511 985 1584 διέμενεν
1025 1512 1097 1572 εἰς
1135 1515 1193 1563 τό
1240 1510 1499 1579 παντελὲς,
1557 1518 1652 1571 τῆς
1721 1508 1927 1570 ἐντολῆς

312 1600 394 1654 ἀεὶ
447 1605 769 1674 μεμνημένος
837 1606 927 1653 καὶ
987 1605 1265 1674 προτείνων
1324 1596 1612 1660 διαπαντός
1673 1599 1744 1659 εἰς
1799 1617 1925 1671 παρ-

309 1695 545 1759 αίτησιν,
598 1694 688 1741 καὶ
730 1694 801 1762 μὴ
855 1691 915 1740 οἷν
974 1707 1033 1760 γε
1083 1696 1155 1758 τῷ
1208 1692 1384 1761 τρόπῳ
1442 1684 1928 1761 ἁπισχυριζόμενος

306 1777 588 1842 ἀθετῆσαι,
642 1782 709 1840 ὡς
768 1774 968 1830 ἐνθένδε
1020 1782 1112 1834 την
1163 1781 1427 1846 σωτηρίαν
1479 1773 1925 1847 ἀπεκδεχόμενοςο

2026 625 2135 681 bat
2185 623 2575 679 nihilominus
2626 624 2884 678 Joannes
2910 628 2967 678 et
3006 622 3221 679 iterum
3270 625 3679 695 praetendebat

2028 712 2239 768 datum
2271 711 2386 767 sibi
2416 715 2779 782 praeceptum
2815 727 2828 777 ;
2860 725 2969 766 nec
2998 710 3264 767 instabat
3294 712 3493 767 minus
3510 713 3677 778 alter,

2030 800 2404 871 graviterque
2467 797 2857 854 incumbebat
2907 798 3325 871 supplicando,
3381 800 3678 871 cogendo,

2029 886 2411 957 blandiendo,
2456 886 2599 942 nihil
2640 902 2761 941 non
2812 886 3107 955 faciendo,
3161 904 3282 960 quo
3336 890 3681 961 persuaderi

2030 976 2260 1032 homini
2291 990 2466 1048 posse
2496 974 2775 1031 credebat
2804 976 3128 1043 genuinam
3162 976 3557 1048 ipsarummet
3592 978 3680 1033 Li-

2031 1064 2331 1121 taniarum
2366 1080 2472 1119 seu
2498 1079 2744 1135 precum
2776 1062 3103 1133 imaginem
3131 1065 3192 1120 in
3242 1082 3306 1121 se
3343 1066 3683 1138 exprimens

2030 1152 2503 1225 qualescumque
2559 1152 3005 1224 repraesentavit
3032 1153 3082 1208 is
3122 1154 3224 1226 qui
3262 1154 3491 1226 primus
3538 1155 3685 1210 deas

2034 1240 2187 1303 fecit,
2229 1240 2374 1296 tales
2421 1240 2794 1306 assimilavit,
2850 1245 2913 1295 ut
2960 1240 3076 1296 dici
3130 1248 3339 1313 posset
3389 1248 3682 1315 tanquam

2034 1330 2286 1402 ipsemet
2314 1329 2576 1400 Optimus
2610 1330 2903 1401 poematis
2939 1329 3211 1385 imitator.
3230 1332 3443 1386 Verum
3465 1331 3684 1387 adhaac

2036 1418 2216 1474 etiam
2269 1417 2625 1473 obﬁrmatus
2672 1419 2935 1473 Joannes
2982 1418 3334 1489 presistebat
3376 1423 3680 1484 immotus,

2038 1521 2275 1577 semper
2301 1522 2533 1560 memor
2562 1505 2860 1578 praecepti,
2894 1507 3207 1578 ipsumque
3244 1507 3304 1562 in
3358 1509 3686 1563 excusatio-

2036 1610 2175 1651 nem
2205 1593 2601 1666 praetendens,
2626 1594 2793 1666 quod
2817 1594 2979 1651 nulla
3007 1596 3234 1652 ratione
3265 1602 3465 1667 posset
3484 1596 3687 1651 infrin-

2039 1698 2196 1753 gere,
2224 1684 2365 1754 quia
2394 1698 2501 1755 per
2527 1682 2674 1737 illud
2718 1682 3077 1739 salvandum
3124 1699 3183 1738 se
3224 1684 3530 1756 sperabat.
3574 1684 3687 1741 Sed

2041 1771 2204 1836 alter,
2235 1776 2290 1827 et
2298 1772 2428 1842 jam
2452 1776 2590 1827 ante
2613 1772 3035 1843 mentisimpos
3058 1788 3181 1844 pra:
3202 1772 3429 1842 dolore,
3461 1778 3518 1829 et
3547 1779 3688 1829 tunc

314 1874 417 1921 Καὶ
457 1868 532 1933 ὃς,
580 1871 776 1941 ἔκφρων
823 1871 914 1939 μέν
968 1865 1127 1927 άλλως
1190 1874 1260 1935 τῷ
1322 1868 1477 1917 πάθει
1523 1870 1809 1936 γενόμενος,
1846 1862 1928 1916 ἐπὶ
1959 1885 2003 1938 Β
2040 1860 2085 1916 ir

1915 1868 1928 1913 ι
1959 1885 2003 1938 Β
2040 1860 2101 1916 in
2132 1877 2323 1916 unum
2353 1861 2518 1933 quod
2562 1861 2872 1933 quaerebat
2899 1867 3021 1917 toto
3050 1861 3406 1918 incumbens
3427 1862 3686 1931 ingenio,

2041 1950 2360 2023 prudenter
2412 1950 2660 2005 omnino
2708 1965 2777 2005 ac
2842 1950 3162 2021 sapienter,
3226 1950 3547 2007 Reddenda
3586 1951 3691 2007 tibi

2038 2040 2164 2109 erit,
2196 2038 2406 2111 inquit,
2435 2038 2495 2093 in
2527 2039 2621 2093 die
2646 2038 2855 2109 judicii
2892 2039 3039 2095 ratio
3093 2039 3275 2111 hujus
3324 2041 3439 2096 mei
3472 2056 3690 2097 moero-

2036 2128 2117 2184 ris
2147 2146 2159 2183 :
2187 2128 2301 2184 scis
2343 2132 2544 2184 autem
2573 2128 2883 2200 quomodo
2914 2129 3391 2186 condemnentur
3419 2147 3456 2187 a
3513 2130 3693 2186 Patri-

2038 2217 2172 2283 bus,
2201 2217 2304 2290 qui
2326 2224 2643 2273 maerentes
2674 2217 3197 2289 alﬁciuntinjuria.
3223 2219 3528 2293 Quidquid
3555 2220 3693 2276 hac-

2040 2312 2210 2363 tenus
2268 2306 2541 2363 adhiberi
2620 2306 2699 2362 ab
2751 2308 3098 2363 hominibus
3152 2310 3362 2381 potuit,
3412 2309 3558 2365 nihil
3614 2309 3694 2365 ad

2040 2396 2323 2453 solatium
2348 2412 2552 2452 meum
2583 2396 2788 2467 valuit,
2823 2413 2947 2453 non
2978 2397 3342 2470 deprecatio,
3376 2414 3497 2455 non
3528 2399 3695 2472 polli-

2040 2487 2258 2552 citatio,
2292 2502 2415 2542 non
2442 2487 2797 2559 praecipiens
2831 2494 3017 2558 pater,
3049 2504 3173 2543 non
3206 2488 3515 2545 familiaris
3560 2506 3693 2545 con-

2041 2576 2267 2644 solans,
2299 2591 2423 2632 non
2454 2577 2686 2632 amicus
2724 2576 3008 2646 invisens,
3039 2593 3163 2634 non
3203 2584 3497 2649 cognatus
3541 2596 3694 2652 prte-

2040 2682 2196 2733 sens,
2220 2670 2285 2721 ut
2310 2680 2432 2721 uno
2462 2664 2657 2721 dicam
2708 2667 2918 2733 verbo,
2964 2666 3112 2722 nihil
3160 2668 3408 2725 omnino
3445 2686 3457 2723 :
3492 2669 3698 2725 omnia

2038 2754 2197 2810 enim
2219 2753 2524 2826 aequaliter
2548 2770 2810 2822 aversor,
2833 2770 2970 2824 qnze
2997 2760 3054 2811 et
3070 2756 3198 2827 jam
3224 2757 3458 2829 pridem
3496 2757 3698 2813 dimisi

2040 2849 2096 2899 et
2125 2858 2286 2898 nunc
2338 2843 2517 2914 plane
2581 2842 2914 2899 abominor.
2951 2842 3053 2899 Eia
3109 2860 3273 2914 ergo,
3330 2848 3497 2902 Pater
3543 2862 3701 2901 reve-

2039 2932 2246 3001 rende,
2280 2932 2437 3005 stylo
2469 2939 2569 2990 tuo
2589 2932 3035 3002 elegantissimo
3051 2934 3291 3007 applica
3310 2936 3458 2991 mihi
3475 2952 3699 2992 sermo-

2040 3022 2133 3078 nis
2157 3023 2576 3096 pharmacum,
2602 3022 2766 3079 velut
2795 3022 3189 3095 emplastrum
3207 3024 3520 3097 quoddam
3544 3025 3703 3081 salu-

311 3118 541 3195 γραφίδι
592 3141 604 3153 ·
665 3118 994 3191 ἓμπλαστρόν
1047 3138 1165 3170 τινα
1222 3120 1596 3192 θεραπευτικὸν
1659 3119 1933 3170 ἐπισκεύα-
2042 3117 2191 3179 tare,
2221 3128 2344 3185 quo
2366 3113 2680 3169 sanitatem
2712 3113 2998 3185 recipiam
3020 3117 3077 3168 et
3127 3113 3333 3169 anima
3382 3115 3702 3171 retineatur

315 3230 428 3282 σον,
496 3212 609 3269 ἣτις
684 3206 1054 3260 ἁνακαλέσεται
1104 3210 1236 3282 πρὸς
1295 3208 1517 3279 ὑγίειαν,
1570 3210 1661 3259 καί
1712 3226 1803 3279 μοι
1841 3210 1935 3263 τὴν
1966 3240 2007 3295 C
2042 3201 2086 3257 il

1928 3228 1935 3252 ν
1966 3240 2007 3295 C
2042 3201 2104 3295 in
2134 3218 2383 3274 corpore
2394 3202 2524 3295 jam
2545 3201 2878 3270 deﬁciente,
2901 3202 3242 3275 ipsamque,
3267 3204 3430 3260 utita
3447 3204 3699 3261 dixerim

2046 3290 2107 3347 in
2133 3291 2383 3347 naribus
2413 3290 2696 3357 habente,
2755 3295 3110 3363 tantumque
3163 3308 3287 3349 non
3340 3293 3701 3366 exspirante.

2051 3381 2214 3438 Scias
2238 3386 2459 3447 autem,
2493 3387 2549 3437 et
2569 3386 2730 3438 certo
2763 3381 2938 3451 scias,
2966 3381 3091 3437 fore
3118 3387 3183 3438 ut
3210 3398 3305 3438 res
3332 3387 3457 3440 tota
3509 3384 3704 3440 occul-

2050 3476 2111 3529 ta
2134 3474 2378 3527 maneat
2404 3485 2600 3543 neque
2629 3486 2902 3543 unquam
2930 3471 3007 3528 ad
3030 3472 3304 3528 notitiam
3335 3472 3494 3529 senis
3546 3473 3706 3530 defe-

2050 3566 2235 3618 ratur:
2255 3561 2370 3617 hoc
2400 3561 2562 3617 enim
2584 3560 2733 3617 mihi
2760 3577 2917 3617 cura:
2939 3561 3237 3635 imprimis
3262 3561 3391 3632 erit,
3462 3578 3703 3636 semper

2052 3651 2394 3724 provisuro,
2417 3649 2663 3722 utquod
2684 3650 3087 3723 compositum
3115 3650 3292 3708 fuerit
3315 3651 3618 3709 occultum
3651 3656 3708 3710 et

2054 3755 2344 3797 arcanum
2390 3739 2672 3797 habeam.

310 1954 373 2010 δε
400 1966 473 2027 τῷ
514 1958 813 2027 ζητουμένῳ
860 1962 950 2008 καὶ
991 1955 1107 2007 λίαν
1155 1958 1418 2030 ἐμφρόνως
1469 1951 1925 2025 διασκεπτόμενος,

301 2056 562 2118 νουνεχῶς
613 2045 821 2099 ἀπατῶν
870 2051 960 2097 καὶ
988 2067 1013 2095 ν
1047 2042 1295 2116 διομιλών
1364 2050 1687 2097 συνετώτατα
1717 2088 1731 2113 ,
1790 2043 1929 2115 ’Υφέο

305 2138 429 2202 ξεις,
473 2141 621 2208 φαίη,
679 2145 771 2196 τῆς

308 2230 617 2301 κατάκριμα
659 2246 671 2258 ο
715 2222 873 2278 οἶσθα
921 2221 979 2276 δι
1050 2225 1221 2277 ὁπόσα
1290 2228 1409 2286 τοὺς

828 2134 955 2208 ἐμῆς
1008 2130 1237 2196 ἀκηδίας
1276 2133 1324 2186 ἐν
1397 2142 1564 2208 καιρῷ
1618 2139 1839 2206 κρίσεως
1870 2134 1927 2184 τό

1482 2223 1580 2281 uxr.
1590 2220 1624 2275 δ
1631 2232 1810 2283 ιῶντας
1881 2220 1929 2273 οἱ

308 2319 537 2388 Πατίρες
591 2310 1046 2374 καταδικάζουσιν
1100 2334 1111 2346 ο
1163 2310 1313 2365 οὐδὲν
1356 2315 1458 2387 γὰρ
1505 2321 1604 2363 τῶν
1652 2314 1753 2364 ὅσα
1792 2311 1918 2366 πλά-

308 2406 458 2466 ζεται
507 2402 627 2479 παρ’
686 2402 979 2478 ἀνθρώποις
1055 2404 1229 2454 ἱκανόν
1311 2404 1567 2473 τυγχάνει
1650 2421 1740 2474 μοι
1802 2405 1930 2476 πρὸς

308 2494 668 2569 παράκλησιν,
713 2492 807 2544 οὐκ
868 2492 1110 2554 ἔντευξις.
1164 2492 1269 2563 οὐχ
1336 2493 1601 2557 ὑποθήκη,
1662 2492 1721 2543 ου
1770 2510 1930 2565 προσ-

311 2588 513 2637 τάττων
578 2587 778 2654 πατὴρ,
850 2580 907 2633 οὐ
967 2583 1431 2653 παραμυθούμενος
1490 2577 1802 2649 ἐπιτήδειος,
1872 2581 1929 2633 οὐ

310 2674 459 2747 φίλος
498 2675 773 2746 ὁρώμενος,
836 2671 893 2722 οὐ
970 2676 1225 2741 συγγενὴς
1278 2669 1629 2743 ἐφιστάμενος,
1713 2669 1929 2723 συνελὼν

312 2768 443 2817 εῖπω
484 2771 585 2815 τῶν
642 2761 881 2813 ἁπάντων
946 2755 1098 2811 οὐδὲν
1146 2780 1159 2792 ο
1207 2762 1377 2811 πάντα
1418 2762 1519 2832 γαρ
1581 2758 1755 2821 ἐξίσης
1808 2758 1929 2811 ἁπέ-

314 2871 609 2925 στραμμαι,
659 2849 823 2902 πάλαι
865 2854 955 2921 μὲν
1012 2848 1417 2921 ἀποταξάμενος,
1468 2854 1578 2901 νυνὶ
1627 2845 1677 2901 δ’
1728 2848 1929 2911 ἀληθῶς

314 2938 721 3015 βδελυξάμενος.
757 2938 886 3009 Ἀγε
947 2946 1093 3010 γοῦν,
1160 2941 1327 3011 Πάτερ
1387 2938 1659 3010 σεϐάσμιε,
1712 2935 1806 2990 δια
1851 2937 1931 2990 λό-

309 3053 411 3105 γου
458 3052 547 3105 μοι
604 3034 950 3104 προσενέγκαι
1008 3031 1278 3101 φάρμακον
1352 3037 1412 3101 τῇ
1475 3027 1772 3101 ὃεμιωτάτῃ
1836 3048 1930 3081 σου

665 3118 994 3191 ἓμπλαστρόν
1047 3138 1165 3170 τινα
1222 3120 1596 3192 θεραπευτικὸν
1659 3119 1933 3170 ἐπισκευα-

315 3300 507 3372 ψυχὴν
562 3297 913 3371 παρακαθέξει
962 3305 1034 3365 τῷ
1087 3303 1315 3369 σώματι,
1367 3296 1786 3369 λειποθυμοῦντι,
1847 3301 1938 3348 xui.

318 3396 515 3463 μικροῦ
557 3384 667 3440 δεῖν
711 3386 762 3438 ἐν
795 3387 938 3462 ῥισὶν
984 3386 1147 3444 αὐτὴν
1207 3390 1429 3460 φέροντι,
1481 3391 1571 3437 καὶ
1608 3388 1781 3459 ὥσπερ
1823 3384 1938 3447 ἑξα-

316 3482 612 3532 ποπνίοντι.
669 3474 812 3529 ’Ἱσθι
867 3478 989 3548 γὰρ,
1042 3477 1155 3528 ἴσθι
1198 3478 1262 3536 ὡς
1318 3478 1366 3527 ἐν
1414 3474 1692 3550 ἀπορρήτῳ
1744 3477 1812 3526 τὰ
1848 3481 1939 3526 τοῦ

319 3571 631 3643 πράγματος
668 3568 920 3629 κείσεται,
967 3569 1055 3616 καὶ
1111 3559 1454 3617 οὗδοπωσοῦν
1506 3583 1631 3616 ποτε
1689 3564 1941 3638 φωραθεὶς

321 3665 398 3727 τῷ
426 3659 629 3730 γέροντι
662 3676 675 3689 υ
715 3651 810 3706 διὰ
834 3656 937 3727 γὰρ
984 3650 1257 3726 φροντιδος
1314 3652 1374 3704 ἂν
1427 3656 1630 3726 ἔχοιμι,
1670 3658 1758 3705 καὶ
1814 3672 1942 3728 προ.

324 3753 580 3822 ορώμενος
643 3744 742 3811 ἀεὶ,
786 3742 1228 3819 περικαλυπτοιμι
1307 3746 1364 3797 τὸ
1426 3746 1663 3796 συντεθεν
1711 3748 1801 3795 καὶ
1854 3762 1944 3795 συ-

328 3835 508 3889 στελλο
517 3856 533 3887 ι
536 3856 574 3908 μ
582 3856 597 3887 ι
605 3877 620 3893 .

2129 3923 2216 3975 45.
2250 3919 2347 3976 llis
2378 3918 2560 3974 vincit
2586 3918 2895 3975 hominem
2918 3918 3392 3986 misericordem,
3411 3920 3712 3979 demulcet

2060 4024 2171 4064 sua
2190 4012 2405 4064 natura
2433 4006 2779 4076 ﬂexibilem,
2815 4011 2872 4063 et
2898 4008 2975 4063 ad
3004 4007 3172 4080 quod
3196 4007 3344 4077 vult,
3368 4009 3547 4066 trahit
3605 4026 3712 4084 per

2064 4114 2128 4155 se
2155 4096 2501 4153 ducibilem.
2532 4097 2850 4169 Componit
2879 4111 3022 4168 ergo
3050 4098 3310 4154 Joannes
3357 4100 3709 4173 troparium,

2064 4189 2147 4245 sic
2177 4188 2339 4244 enim
2376 4188 2717 4243 istiusmodi
2741 4186 2933 4244 solent
2960 4202 3072 4244 nec
3120 4187 3288 4245 aliter
3332 4187 3555 4246 debent
3610 4206 3713 4264 ap-

2062 4278 2292 4351 pellari:
2324 4277 2654 4349 troparium
2676 4292 3011 4349 paucorum
3042 4294 3348 4348 versuum,
3381 4278 3485 4334 sed
3511 4281 3712 4337 multae

2063 4366 2318 4437 energies
2348 4367 2620 4439 plenum,
2648 4365 2814 4439 quod
2830 4366 3007 4422 etiam
3032 4367 3383 4423 suavissime
3406 4368 3584 4438 canit,
3618 4384 3715 4426 se-

336 4462 396 4518 δέ
462 4485 475 4499 ο
553 4465 579 4516 ὃ
639 4460 705 4521 δὴ
759 4468 850 4514 καὶ
906 4460 1263 4534 ἐμμελέστατα
1313 4457 1555 4534 μελῳδεῖ,
1598 4466 1690 4520 τὴν
1741 4467 1952 4533 πρωτην
2062 4474 2107 4513 Cl

1945 4483 1952 4506 ν
2062 4456 2331 4513 cundum
2352 4456 2684 4512 harmoniae
2712 4471 2844 4512 vere
2864 4456 3072 4528 primae
3103 4462 3615 4530 tenoremzestque
3637 4459 3716 4528 (si

1312 4572 1323 4583 -
1390 4549 1595 4623 (βούλει
1663 4551 1951 4619 πυθέσθαι)
1987 4598 2029 4623 n
2061 4545 2229 4603 lubet
2256 4545 2484 4617 audire)
2512 4544 2886 4615 hujusmodi:
2912 4545 3083 4601 Hum:

1939 4551 1951 4608 i
1987 4598 2029 4623 η
2061 4545 2229 4603 lubet
2256 4545 2484 4617 audire)
2512 4544 2886 4615 hujusmodi:
2912 4545 3193 4603 Humana
3221 4546 3427 4604 omnia
3461 4548 3710 4621 vanitas,

340 4648 430 4697 xui.
480 4644 527 4708 6,
584 4645 760 4697 Πάντα
813 4646 1100 4715 ματαιότης
1157 4642 1221 4693 τά
1287 4638 1602 4715 ἀνθρώπινα,
1659 4639 1759 4692 ὅσα
1846 4640 1953 4712 οὐχ
1986 4634 2027 4651 υ
2063 4653 2111 4710 q‘

1948 4662 1953 4709 ι
1986 4634 2027 4651 ⁸¹
2063 4653 2201 4710 quae
2230 4640 2367 4710 post
2386 4640 2643 4692 mortem
2692 4651 2816 4693 non
2865 4634 3181 4693 exsistunt.
3210 4639 3338 4693 Non
3360 4642 3719 4709 permanent

343 4734 578 4807 ὑπάρχει
636 4733 769 4805 μετὰ
827 4732 1066 4800 θάνατον,
1119 4729 1197 4786 Οὐ
1245 4734 1529 4805 παραμένει
1558 4729 1583 4779 ό
1622 4726 1859 4794 πλοῦτος,
1893 4729 1951 4781 οὗ
2063 4744 2114 4800 0]

1944 4730 1951 4776 ὓ
2063 4742 2232 4800 opes,
2266 4741 2390 4783 non
2411 4726 2731 4783 comitatur
2745 4725 2953 4797 gloria,
2980 4726 3358 4799 subsequens
3374 4727 3534 4784 enim
3550 4743 3715 4785 mors

2064 4816 2272 4875 omnia
2291 4816 2404 4873 ista
2426 4815 2563 4873 fecit
2582 4831 2961 4874 evanescere.
2996 4818 3374 4891 Quapropter
3390 4816 3720 4877 immortali

397 3925 491 3995 με’.
558 3925 731 3977 Πείθει
785 3925 989 3984 τούτοις
1061 3925 1148 3974 τόν
1208 3923 1484 3995 συμπαθῇ,
1542 3921 1805 3993 μειλίσσει
1861 3924 1948 3974 τὸν

324 4016 524 4068 οἴκοθεν
582 4016 826 4081 εὗεικτον,
892 4011 1154 4085 ἐφελκεται
1218 4015 1349 4085 πρὸς
1394 4014 1420 4064 ὃ
1487 4018 1577 4064 καὶ
1631 4010 1951 4084 βεϐούληται

323 4111 432 4167 τοῖς
482 4110 615 4157 πᾶσι
669 4108 727 4156 τό
766 4122 826 4175 γε
880 4102 953 4163 εἰς
1002 4102 1157 4155 αὑτὸν
1207 4102 1331 4160 ἧκον
1386 4101 1704 4155 εὑέντευκτόν
1757 4120 1808 4155 τε
1855 4108 1951 4155 καὶ

326 4196 695 4268 εὐμετάφορον.
736 4195 1022 4251 Συντίθησι
1060 4197 1231 4244 τοίνυν
1271 4196 1551 4267 τροπάριον
1622 4193 1752 4265 (19),
1815 4193 1949 4245 οὕτω

326 4288 431 4359 γὰρ
466 4286 665 4358 ταχθὲν
706 4282 878 4355 ἐκείνῳ
913 4285 978 4335 τὰ
1008 4279 1189 4335 τοιάδε
1240 4283 1431 4352 καλεῖν,
1475 4283 1569 4335 οὐκ
1624 4282 1789 4344 άλλως
1839 4280 1953 4335 δέον

334 4372 498 4429 εἰπεῖν
542 4395 555 4408 -
598 4375 903 4449 τροπάριον,
936 4372 995 4424 οὐ
1040 4372 1367 4444 πολύστιχον
1421 4376 1531 4445 μέν,
1588 4370 1953 4445 πολυδύναμον

338 4557 497 4617 ὄντως
555 4553 804 4628 ἁρμονίαν
872 4551 1232 4626 ἁρμοσάμενος

346 4819 614 4878 συνοδεύει
661 4823 690 4880 ἡ
743 4818 875 4884 δόξα
929 4842 941 4856 ·
984 4819 1205 4874 ἐπελθὼν
1260 4823 1361 4894 γὰρ
1421 4822 1447 4872 ό
1509 4821 1744 4886 θάνατος,
1790 4826 1955 4873 ταῦτα

2064 5052 2361 5127 ψαλλόντων
2420 5052 2663 5127 φθόγγος-
2706 5049 2989 5122 εὐθύνοιτο,
3067 5046 3161 5127 06x
3246 5048 3508 5127 εὔρυθμον
3574 5053 3724 5107 ἕσται

2066 5121 2123 5180 τό
2192 5125 2340 5199 μέλος
2428 5121 2570 5177 οὐδε
2638 5121 2980 5199 ’ἐναρμόνιοη
3066 5121 3235 5199 οὐδε-ξ
3287 5121 3432 5199 μέλος
3499 5126 3721 5198 λέγοιτο,

2070 5147 2123 5180 το
2192 5146 2340 5199 gum;
2431 5146 2554 5177 ουσε
2646 5146 2967 5199 εναρμονιον,
3066 5146 3190 5177 ουοε
3282 5146 3432 5249 ἕωλος
3500 5146 3721 5198 λεγοιτο,

2070 5198 2176 5252 ἀλλ’
2236 5196 2444 5272 ἀπηχὲς
2490 5201 2580 5272 καὶ
2628 5194 2955 5272 ἀνάρμοστον
3010 5200 3097 5249 καὶ
3144 5196 3275 5272 ἆρρυ
3313 5216 3413 5270 μου
3454 5204 3676 5272 φώνημα
3708 5219 3722 5233 ο

2142 5268 2472 5342 «Troparia
2499 5268 2781 5325 dicuntur
2804 5269 2960 5342 quia
2986 5284 3048 5325 se
3092 5268 3469 5342 convertunt
3506 5269 3585 5326 ad
3601 5268 3726 5328 tra-

2072 5347 2256 5411 ctum,
2290 5339 2348 5397 et
2368 5344 2581 5397 cantus
2603 5339 3001 5397 mutationem
3032 5340 3112 5397 ad
3133 5339 3282 5398 illud
3311 5341 3561 5408 faciunt,
3622 5359 3731 5399 seu

2071 5412 2786 5487 vertuntquoda‘mmodo
2808 5412 2886 5469 ad
2898 5417 3111 5487 tonum
3132 5413 3729 5487 modulationemque

2074 5484 2403 5544 tractuum:
2432 5484 2546 5541 nisi
2602 5486 2763 5540 enim
2818 5498 2957 5541 cum
3009 5485 3120 5541 illis
3164 5486 3487 5542 concordet
3527 5484 3727 5551 tonus,

2075 5560 2207 5633 ipsa
2236 5558 2507 5633 troparia
2530 5557 2873 5633 canentium
2905 5568 3027 5633 non
3056 5557 3331 5633 dicentur
3350 5573 3479 5633 esse
3519 5558 3731 5633 melos,

2078 5629 2184 5689 s'ed
2240 5629 2552 5702 confusus,
2591 5629 3025 5704 incompositus
3064 5633 3121 5687 et
3166 5629 3564 5689 inconcinnus
3616 5630 3734 5689 cla-

2078 5720 2212 5763 mor
2243 5727 2271 5756 »
2303 5746 2316 5761 .

420 5056 536 5131 (l8)
556 5055 819 5131 Litas,_id
851 5059 957 5123 est,
988 5053 1461 5131 precesprimus
1483 5052 1542 5111 in
1565 5053 1815 5111 dearum
1847 5067 1955 5131 nu-

346 5126 582 5187 merum
603 5126 1301 5198 retulitllome’rus,cujiis
1316 5128 1495 5183 ctiam
1523 5132 1805 5199 poemata
1838 5126 1957 5181 dis-

346 5204 701 5275 tinguuntur
720 5201 782 5257 in
803 5202 1200 5271 Ithapsodzas,
1223 5216 1377 5273 quas
1399 5201 1597 5256 Latine
1612 5199 1793 5255 libros
1814 5199 1957 5255 dici-

348 5291 510 5332 mus.

421 5347 533 5424 (t9)
563 5347 642 5424 De
673 5345 1137 5424 t1°0pgr_i_is_,quee
1170 5343 1373 5424 Latine
1404 5345 1726 5400 versiculos
1748 5356 1962 5424 vocare

352 5413 574 5493 possis,
607 5418 692 5475 ita
716 5413 923 5493 scribit
940 5413 1200 5493 Zonaras
1223 5413 1302 5493 ad
1333 5418 1639 5493 Canonem
1667 5414 1965 5493 anastasi-

352 5487 525 5547 inum
555 5489 925 5557 Damasceni,
971 5491 1242 5563 Τροπάρια
1289 5487 1542 5563 λέγονται,
1577 5490 1646 5550 ὼς
1689 5491 1819 5563 πρὸς
1846 5491 1965 5563 Τοὺς

356 5565 568 5638 εἰρμοὺς
606 5568 914 5636 τρεπόμενα,
966 5559 1075 5638 καὶ
1131 5559 1225 5638 τὴν
1288 5559 1548 5638 ἀναφορὰν
1621 5559 1737 5638 τ-οιῖο⁷
1781 5559 1967 5633 μέλους

356 5634 489 5710 πρὸς
539 5634 793 5710 ἐκείνουςΔ
827 5636 1129 5708 ποιούμενα,
1189 5634 1217 5692 ἣ
1289 5638 1385 5710 xui
1428 5634 1495 5695 ὡς
1570 5636 1966 5710 τρέποντῌαᾼτὴν

359 5702 530 5780 φωνὴν
576 5716 677 5759 τῶν
723 5702 1146 5781 ᾁδόντιὶ›ν’πρὸς
1203 5708 1260 5757 τό
1308 5706 1459 5778 μελος
1499 5702 1610 5758 καῖ
1637 5709 1722 5757 τόν
1771 5706 1967 5781 ρυθμον

360 5788 463 5833 τῶν
507 5782 695 5857 εἱρμῶν
736 5780 764 5814 ⁷·
813 5780 856 5833 εἰ
903 5785 974 5856 μὴ
1022 5780 1124 5856 γὰρ
1174 5781 1300 5857 πρὸς
1346 5780 1571 5841 ἐκείνους
1617 5781 1645 5832 ό
1697 5786 1797 5831 τῶν
1833 5780 1971 5834 αὐτὰ
