4484 6446
826 437 928 490 867

2025 425 2488 484 CONSTANTINI
2524 425 2994 484 ACROPOLITE.

4081 435 4184 488 868

817 558 947 628 jam
979 557 1208 614 Christo
1235 553 1565 609 clamemus
1599 569 1611 606 :
1674 552 1955 624 Requiem
1977 552 2141 607 dona
2170 551 2470 608 translatis
2504 554 2548 606 Α
2583 574 2588 603 τ

2408 551 2470 608 tis
2504 554 2548 606 Α
2583 553 2749 603 πάντα
2779 552 3071 624 ἐξηφάνισε.
3106 556 3191 604 Διό
3235 561 3449 626 Χριστῷ
3480 563 3552 624 τῷ
3592 554 3828 628 ἀθανάτῳ
3861 555 4130 629 βοήσωμεν
4167 577 4179 590 ·

823 648 961 701 hinc
988 646 1145 708 illuc,
1173 644 1276 699 ubi
1300 644 1570 698 omnium
1606 641 1886 697 salusest.
1913 643 2208 712 Oquantae
2243 641 2473 713 sapien-

830 736 924 790 tiae
957 735 1151 806 plenae
1172 739 1308 788 sunt
1328 733 1419 787 hae
1435 748 1641 803 paucae
1661 730 1932 801 syllabae!
1951 746 2174 802 paucae,
2199 731 2470 802 inquam,

825 823 1068 894 syllabae
1097 825 1370 893 respectu
1398 819 1756 890 amplissimi
1805 834 1986 890 quem
2017 819 2321 873 continent
2348 835 2475 874 sen-

825 929 949 967 sus:
971 910 1212 983 qualem
1241 909 1633 981 philosophiae
1657 907 2179 974 latitudinem,hoc
2224 908 2475 963 definitu

825 1016 895 1055 ac
928 1005 1266 1054 memoratu
1296 997 1465 1052 facile
1496 997 1722 1050 dictum
1783 996 2143 1051 IUniversim
2194 997 2471 1062 ostendit,

823 1089 1124 1160 planeque
1151 1088 1541 1149 demonstrat,
1567 1090 1623 1140 et
1653 1085 1927 1140 absolute
1958 1085 2276 1150 concludit,
2311 1086 2474 1140 nihili

827 1176 1167 1232 faciendam
1202 1176 1404 1236 vitam,
1428 1173 1592 1228 nihili
1627 1173 1941 1244 praesentia
1965 1173 2089 1227 haec
2120 1174 2476 1228 aestimanda

823 1282 976 1320 esse.
1014 1265 1239 1321 Similia
1265 1263 1705 1319 dixissetetiam
1738 1263 1923 1332 is,qui
1946 1263 2216 1316 omnium
2246 1263 2476 1333 sapien-

825 1355 1089 1408 tissimus
1129 1353 1466 1407 declaratus
1518 1358 1607 1405 est
1665 1351 1964 1415 Salomon,
2001 1356 2054 1404 et
2103 1350 2347 1404 dixisset
2399 1351 2471 1415 ei,

822 1458 1008 1514 quam
1033 1443 1257 1497 caelitus
1288 1441 1540 1510 adeptus
1567 1445 1678 1506 est,
1699 1440 2001 1510 sapientiae
2036 1455 2304 1494 consona
2333 1457 2344 1493 :
2392 1440 2476 1494 di-

823 1535 916 1586 cta
939 1535 1159 1588 autem,
1191 1535 1254 1585 ut
1275 1528 1654 1590 admiranda,
1689 1527 1938 1581 fuissent
1960 1545 2133 1582 usum
2176 1529 2475 1598 proverbii

825 1621 1051 1689 sortita,
1082 1635 1204 1674 non
1234 1625 1434 1674 tamen
1458 1633 1703 1688 prorsus
1739 1633 2006 1671 consona
2032 1617 2230 1671 verbis
2245 1619 2373 1687 ejus
2396 1618 2473 1672 vi-

823 1714 1017 1780 taeque
1047 1709 1312 1770 dixisset,
1346 1711 1545 1760 motus
1573 1705 2477 1767 reverentiadoniexinde,sicut

821 1798 949 1870 ipse
976 1802 1241 1861 testatur,
1271 1795 1668 1867 procedentis,
1715 1799 1776 1849 ut
1829 1799 2061 1849 taceam
2120 1796 2472 1866 passionum

2583 645 2714 701 Τοὺς
2751 645 3106 712 μεταστάντας
3264 644 3408 713 ἡμῶν
3482 642 3802 704 ἀνάπαυσον,
3877 648 3996 697 ἔνθα
4056 649 4181 696 πάν-

2584 749 2681 779 των
2715 729 2855 780 ἐστὶν
2891 732 2920 786 η
2957 735 3208 802 σωτηρία.
3263 731 3321 782 Ὠ
3365 735 3536 792 πόσης
3577 744 3729 784 τουτο
3783 737 3923 804 γεμει
3976 734 4180 805 φιλοσο-

2585 821 2705 887 φίας
2752 821 2807 868 τό
2849 816 3288 889 βραχυσύλλαϐον
3349 819 3360 872 l
3413 817 3856 891 βραχυσύλλαϐον
3901 825 4021 893 γὰρ,
4051 825 4183 895 πρὸς

2584 907 2644 963 ἣν
2688 909 2991 979 παριοτάνει
3077 906 3345 968 πλατυκῶς
3428 911 3617 958 ἔννοιαν
3647 930 3658 941 ·
3694 910 3732 959 ὠ
3775 915 3944 966 πόσην
3999 915 4182 980 σοφίας

2586 995 2745 1063 αὐχεῖ
2797 993 3130 1064 μεγαλόνοιαν
3185 999 3241 1046 τό
3279 995 3541 1066 εὖόριστον
3589 1005 3738 1048 τοῦτο
3789 1003 3876 1049 καὶ
3930 999 4183 1069 εὐμνημό-

2583 1083 2798 1135 νευτονῖ
2869 1089 3082 1144 Γενικῶς
3159 1083 3514 1154 ἀποφαίνεται,
3577 1085 3755 1145 όλικῶς
3815 1084 4180 1150 ἀποδείκνυσι,

2587 1180 2780 1242 σεμνῶς
2831 1171 3110 1242 ἀναγκάζει
3181 1169 3346 1243 μηδὲν
3396 1175 3644 1243 ἡγεῖσθαι
3696 1179 3781 1226 τόν
3831 1173 3966 1246 βίον,
4019 1173 4186 1246 μηδὲν

2586 1264 2650 1311 τά
2702 1266 2932 1333 παρόντα
2977 1260 3298 1330 λογίζεσθαι.
3358 1259 3481 1313 Εἶπέ
3517 1283 3615 1314 που
3670 1272 3770 1315 τῶν
3817 1264 3974 1314 αὖτού
4021 1265 4184 1334 λόγων

2585 1355 2672 1399 καί
2731 1348 2960 1419 Σολομὼν
3022 1349 3386 1422 παραπλήσια,
3445 1352 3469 1401 ό
3525 1354 3728 1402 πάντων
3799 1355 3928 1423 μετά
3981 1356 4185 1403 πάντων

2585 1443 3043 1508 μεμαρτυρημένος
3090 1444 3379 1509 σοφωτοτος
3426 1461 3437 1471 ·
3481 1447 3568 1491 καὶ
3610 1438 3718 1492 εἶπε
3776 1445 3865 1512 μὲν
3922 1441 4045 1503 ἄξια
4091 1450 4185 1502 τῆς

2590 1527 2646 1586 ἧς
2713 1528 2902 1577 ἄνωθεν
2954 1525 3175 1596 ἐσχήκει
3257 1533 3461 1598 σοφίας,
3522 1534 3610 1579 καὶ
3663 1526 4081 1600 ἐγνωμοδότησεν
4121 1533 4185 1588 ὡς

2987 1613 3093 1664 ἀλλ’

2584 1702 2756 1773 λόγοις
2804 1708 2893 1754 καὶ
2938 1706 3000 1754 τὰ
3038 1710 3128 1763 τῆς
3163 1700 3432 1775 διαγωγῆς
3472 1703 3768 1768 ἐπεδείξατο

2589 1617 2857 1685 θαυμάσια
2915 1635 2927 1647 ·
2987 1613 3093 1664 ἀλλ’
3172 1615 3413 1686 οὓμενουν
3472 1613 3755 1679 διαπαντός
3805 1615 4016 1687 συνῴδὸ
4079 1626 4187 1678 τοῖς

3829 1728 3840 1738 ·
3892 1703 4042 1758 αἰδοῖ
4083 1709 4184 1778 γὰρ

2583 1801 2678 1851 τῆς
2733 1791 2918 1844 ἐκεῖθεν
2979 1794 3048 1853 ὡς
3126 1793 3278 1852 αὐτὸς
3304 1792 3490 1855 ἐκεῖνος
3543 1799 3910 1868 μεμαρτύρηκε
3965 1792 4184 1868 δωρεᾶς,

824 1887 1095 1943 omniurn
1129 1887 1557 1949 humanarum,
1587 1885 1784 1956 potius
1805 1884 2056 1938 dixerim
2097 1885 2471 1940 irrationabi-
2504 1894 2546 1946 Β
2583 1901 2595 1932 π

2420 1885 2471 1939 μί-
2504 1894 2546 1946 Β
2583 1885 2812 1952 παρίημι
2881 1881 3042 1951 λέγειν
3083 1884 3260 1933 παθῶν
3334 1881 3663 1956 ἀνθρωπίνων
3721 1889 3749 1942 ἧ
3812 1885 4000 1956 μᾶλλον
4077 1884 4191 1935 ἀλο-

823 1977 969 2032 lium
991 1976 1530 2047 compressionem,
1558 1977 1763 2029 Beatus
1781 1973 1876 2029 hic
1907 1979 2061 2028 certe
2096 1979 2153 2029 et
2181 1990 2317 2028 vere
2349 1989 2475 2045 per-

828 2065 1015 2120 fectus
1045 2066 1230 2120 homo
1253 2064 1379 2123 fuit.
1414 2065 1518 2134 qui
1561 2062 1672 2117 sibi
1726 2062 1973 2118 omnino
2036 2063 2311 2118 conscius
2351 2068 2474 2118 erat

821 2153 1222 2210 collateralem
1257 2156 1375 2208 Deo
1408 2153 1768 2224 sapientiam
1796 2167 1916 2207 non
1957 2153 2202 2223 quidem
2233 2152 2472 2224 petiisse

820 2243 1048 2315 palam,
1069 2243 1174 2298 sed
1205 2257 1343 2296 vere
1372 2240 1811 2312 accepisse,ctsi
1842 2240 2473 2312 nonpropalaretquo-

821 2331 1006 2387 modo
1037 2347 1174 2387 eam
1194 2331 1502 2402 receperit,
1523 2333 1723 2401 utpote
1741 2330 2094 2399 jactantiam
2113 2331 2229 2384 oris
2252 2346 2471 2401 usque-

821 2436 1063 2492 quaque
1094 2419 1424 2489 declinans;
1478 2434 1662 2490 quam
1725 2418 1782 2472 id
1817 2423 2018 2474 tamen
2063 2434 2268 2473 verum
2320 2423 2473 2474 esset

821 2524 1097 2564 sermone
1130 2507 1308 2563 simul
1336 2513 1392 2562 et
1412 2523 1591 2578 opere
1618 2505 1954 2573 declarans,
2019 2506 2270 2562 Prorsus
2311 2508 2470 2563 enim

821 2614 1066 2653 aversus
1090 2613 1124 2652 a
1153 2595 1382 2651 mundo
1411 2601 1467 2650 et
1491 2595 1656 2650 omni
1675 2594 1888 2649 affectu
1944 2595 2268 2650 irrationali
2300 2613 2465 2669 supe-

820 2688 962 2751 rior,
997 2691 1177 2758 atque
1224 2690 1289 2740 ut
1322 2685 1502 2739 verbo
1533 2684 1866 2749 absolvam,
1899 2700 2071 2756 aeque
2100 2684 2372 2741 faciendo
2403 2703 2472 2742 ac

821 2774 1191 2847 speculando
1203 2772 1613 2846 philosophari
1627 2771 1895 2840 edoctus,
1919 2774 2125 2828 omnia
2142 2774 2318 2829 simul
2332 2791 2472 2830 con-

821 2863 1131 2920 temnebat
1152 2869 1207 2918 et
1230 2861 1394 2918 nihili
1423 2861 1682 2917 faciebat
1714 2862 1939 2924 omnia;
1960 2863 2184 2933 quippe
2197 2865 2298 2934 qui
2326 2867 2472 2919 tem-

821 2953 1053 3025 poralia
1080 2956 1136 3006 et
1157 2957 1390 3006 terrena
1419 2957 1634 3006 cuncta
1679 2951 1876 3022 potius
1924 2966 2045 3005 non
2101 2967 2234 3006 esse
2287 2969 2473 3024 quam

820 3058 950 3097 esse
973 3040 1278 3106 credebat;
1310 3045 1489 3111 atque
1521 3039 1677 3094 illius
1705 3040 1986 3111 praecipui
2019 3041 2163 3096 boni
2184 3041 2477 3098 duntaxat

820 3130 1145 3202 cupiditate
1168 3129 1485 3197 ﬂagrabat,
1550 3129 1718 3200 quod
1750 3145 1934 3200 supra
1978 3145 2088 3184 nos
2127 3137 2214 3186 est
2269 3135 2469 3202 atque,

2582 1974 2817 2043 γωτίρων
2858 1974 3212 2041 κατάσχεσιν.
3251 1970 3308 2022 ’0
3349 1968 3407 2023 δὲ
3457 1991 3517 2042 γε
3572 1975 3824 2047 μακάριος
3873 1975 4053 2025 οὑτοσὶ
4101 1979 4192 2025 καὶ

2583 2057 2768 2117 τέλειος
2808 2057 3011 2119 ἀληθῶς
3063 2061 3351 2128 ἄνθρωπος,
3403 2062 3481 2112 ὅτι
3529 2066 3619 2112 καὶ
3672 2058 3765 2112 διὰ
3815 2064 4017 2113 πάντων
4062 2063 4190 2132 ὀμο-

2581 2145 2744 2217 λογών
2795 2145 3075 2200 διετελεσεν
3115 2149 3300 2219 ἐαυτῷ,
3337 2151 3362 2200 ό
3412 2155 3498 2208 τὴν
3527 2147 3788 2225 πάρεδρον
3839 2160 3951 2221 Θεῷ
4006 2157 4191 2223 σοφίαν

2581 2235 2674 2285 οὐκ
2744 2235 2965 2295 αἰτήσας
3035 2240 3123 2308 μὲν
3197 2244 3444 2311 φανερῶς,
3478 2237 3695 2309 εἰληφὼς
3751 2236 3800 2290 δ’
3861 2237 4087 2309 ἀληθῶς,
4150 2240 4195 2290 εἰ

2581 2330 2788 2396 καὶμὴ
2842 2326 3053 2392 ἐξεῖπεν,
3121 2329 3185 2386 ὡς
3252 2326 3444 2398 εἴληφε,
3519 2330 3687 2385 πάντη
3767 2348 3875 2388 πως
3947 2328 4192 2379 ἐκκλίνων

2581 2417 2857 2487 προίεσθαι
2928 2414 3456 2489 μεγαλορρημοσύνην
3541 2424 3634 2467 τοῦ
3717 2423 3995 2489 στόματος,
4101 2422 4193 2469 καὶ

2581 2504 2750 2574 λόγοις
2807 2507 2939 2564 ὅπως
2994 2505 3235 2567 ἀληθείας
3312 2509 3424 2577 ἔχει
3482 2512 3571 2557 καὶ
3655 2509 3884 2568 στάσεως
3962 2507 4192 2580 ἐγνωμά-

2582 2613 2749 2656 τευσε,
2814 2599 2903 2645 καὶ
2973 2594 3142 2668 ἔργοις
3196 2594 3372 2656 αὐτοῖς
3411 2592 3743 2667 διεχλεύασε,
3793 2597 4038 2659 καθάπαξ
4073 2605 4195 2649 τοῦ·

2582 2702 2666 2734 τον
2730 2681 3095 2757 ἀποστραφεὶς,
3163 2689 3253 2735 καὶ
3318 2689 3510 2746 παντὸς
3598 2685 3916 2759 ἀλογωτέρου
3992 2688 4196 2748 πάθους

2583 2770 2831 2846 ἀνωτερος
2900 2772 3185 2844 φυλαχθεὶς
3245 2794 3257 2805 ·
3328 2773 3498 2834 ἁπλῶς
3564 2794 3617 2826 τε
3675 2775 3832 2826 εἰπεῖν
3895 2775 4197 2832 κατάλληλα

2582 2867 2643 2931 τῇ
2699 2862 2884 2931 θεωρίᾳ
2914 2864 2979 2912 τὰ
3034 2867 3152 2930 περὶ
3192 2866 3286 2919 τὴν
3330 2861 3518 2933 πρᾶξιν
3563 2861 3958 2934 ἐφιλοσόφησεν,
4005 2863 4195 2916 ἅπανθ’

2584 2951 2713 3021 ὁμοῦ
2753 2956 3132 3024 περιφρονήσας
3202 2957 3292 3003 καὶ
3347 2961 3438 3004 τοῦ
3517 2949 3739 3023 μηδενός
3803 2952 4055 3017 ἀξιώσας,
4125 2954 4199 3011 ὡς

2585 3038 2678 3088 οὐκ
2708 3038 2762 3089 όν
2811 3039 2999 3110 μᾶλλον
3058 3041 3086 3098 ἦ
3133 3040 3185 3091 ὃν
3239 3040 3580 3112 λογισάμενος
3629 3041 3765 3093 ἅπαν
3799 3043 3929 3113 ὁμου
3979 3042 4198 3111 χθόνιον

2584 3147 2638 3178 τε
2657 3132 2746 3179 καί
2766 3133 3001 3201 χρόνιον,
3030 3125 3154 3181 οὐδε
3192 3134 3348 3201 μόνου
3375 3135 3465 3182 καὶ
3505 3135 3694 3202 κυρίως
3743 3135 3886 3191 ὄντος
3927 3138 4017 3181 τοῦ
4065 3131 4197 3201 ὑπὲρ

817 3218 1140 3286 ineffabile,
1165 3223 1222 3272 et
1251 3218 1416 3288 quod
1447 3218 1724 3272 universa
1749 3233 1884 3288 quae
1954 3223 2093 3273 sunt
2150 3235 2324 3274 suam
2372 3220 2474 3274 ha-
2503 3241 2545 3296 ρ
2586 3237 2588 3242 ί

2420 3235 2474 3274 a-
2503 3241 2545 3296 C
2586 3219 2719 3286 ἡμᾶς
2768 3219 2956 3268 ἐκείνου
3006 3221 3093 3268 καὶ
3146 3217 3464 3291 ἀπορρήτου,
3528 3220 3655 3290 παρ’
3687 3219 3749 3270 οὗ
3778 3225 3878 3269 πᾶν
3909 3217 4133 3288 ἐσχήκει
4162 3221 4191 3274 ἦ

818 3307 961 3363 bent
993 3307 1084 3362 vel
1115 3307 1418 3378 accipiunt
1454 3307 1801 3361 essentiam.

887 3416 976 3468 46.
1016 3412 1150 3477 Sed,
1179 3429 1215 3467 o
1238 3417 1618 3484 repentinum
1641 3428 1849 3467 casum
1879 3413 1891 3466 ι
1917 3416 2020 3467 aut
2057 3413 2280 3484 potius,
2323 3430 2473 3484 euge

2584 3304 2831 3376 λαμϐάνει
2860 3310 2951 3363 τὴν
2978 3310 3212 3373 ὅντωσιν,
3243 3303 3501 3379 διάπυρον
3542 3310 3635 3364 τὴν
3691 3309 3861 3378 ἔφεσιν
3909 3305 4186 3377 ἐσχηκώς.

2655 3411 2803 3484 μζὲ.
2854 3412 2992 3466 Ἀλλ’
3042 3414 3080 3464 ὠ
3128 3421 3523 3488 περιπτὼματος
3564 3410 3867 3486 αἰφνιδίουῖ
3935 3414 3960 3470 ἦ
4004 3412 4201 3485 μᾶλλον

2586 3498 2702 3574 εὖγε
2744 3511 2835 3562 τῆς
2893 3499 3094 3555 ἐνθένδε
3127 3502 3365 3578 λαμπρᾶς
3416 3500 3733 3574 δοκιμασίας
3780 3512 3872 3554 τοῦ
3912 3506 4147 3576 μάκαρος
4185 3500 4198 3554 ί

2588 3587 2660 3643 δι’
2693 3592 2751 3652 ἧς
2781 3594 2856 3643 ἔτι
2903 3591 3091 3663 μᾶλλον
3146 3590 3428 3664 ἐμφανίσαι
3487 3595 3544 3644 τὸ
3586 3593 3809 3651 εὐπειθὲς
3876 3591 4060 3663 ἤμελλε
4110 3595 4205 3642 καὶ

820 3501 1173 3573 praeclaram
1204 3501 1362 3556 beati
1383 3501 1569 3555 nostri
1591 3500 1806 3555 exinde
1856 3501 2276 3572 probationem
2312 3503 2323 3557 !
2352 3519 2476 3575 qua

819 3590 1192 3645 manifestius
1223 3589 1486 3645 debebat
1515 3591 1856 3654 monstrari,
1886 3607 2073 3662 quam
2111 3591 2388 3647 subditus
2418 3598 2476 3648 et

816 3695 1000 3752 quam
1021 3685 1340 3751 promptus
1365 3685 1520 3734 esset
1549 3679 1626 3734 ad
1644 3679 1824 3734 Patris
1845 3680 1935 3733 sui
1955 3680 2280 3751 spiritualis
2305 3698 2476 3738 man-

815 3769 1046 3835 datum,
1070 3772 1486 3840 quantamque
1514 3767 1922 3822 obedientiam
1943 3768 1995 3823 ei
2031 3769 2310 3825 deferret.
2370 3774 2476 3828 Ca-

813 3857 975 3913 nenti
991 3863 1203 3929 praeter
1214 3856 1710 3928 exspectationem
1726 3858 2070 3927 supervenit
2084 3860 2479 3925 senex,verba

817 3946 1004 4011 audit,
1039 3961 1162 4000 rem
1189 3945 1848 4015 intelligit,indignatur
1874 3950 1938 4000 ut
1967 3952 2368 4020 contemptus.
2389 3950 2477 4004 In-

817 4034 1088 4103 greditur
1119 4049 1260 4103 ergo
1289 4034 1377 4089 ira
1397 4039 1636 4090 tumens
1667 4040 1722 4090 et
1738 4034 1954 4106 plenus
1984 4034 2180 4093 furore
2208 4054 2278 4093 ac
2296 4039 2476 4099 veluti

814 4140 1047 4180 meram
1078 4123 1261 4179 bilem
1288 4124 1549 4194 spirans:
1579 4139 1773 4195 neque
1811 4123 2024 4179 intueri
2073 4141 2210 4181 eum
2273 4128 2472 4193 voluit,

818 4213 921 4268 sed
957 4212 1134 4284 plane
1165 4212 1741 4283 aversansserioque
1767 4213 2195 4284 repellens,vix
2227 4216 2473 4272 demum

2588 3680 2800 3738 εὐηκοον
2858 3679 3044 3733 ὁπόσον
3098 3681 3164 3741 εἰς
3229 3685 3314 3732 τὸν
3356 3685 3703 3754 πνευματικόν
3753 3684 3911 3752 ηὔχει
3971 3684 4201 3754 Πατέρα,

2587 3774 2676 3820 καὶ
2733 3771 2844 3820 οἷαν
2910 3767 3152 3827 ἐκέκτητο
3231 3775 3324 3827 τὴν
3401 3772 3692 3841 ὑποταγὴν.
3766 3769 4076 3841 Ἐφίσταταί
4153 3770 4207 3819 οἱ

2587 3861 2731 3929 παρά
2781 3855 3108 3931 προσδοκίαν
3180 3855 3501 3930 μελῳδοῦντι
3550 3862 3575 3910 ό
3619 3863 3802 3931 γέρων,
3869 3857 4045 3909 ἀκούει
4100 3865 4204 3909 τῶν

2587 3947 2771 4019 λόγων,
2848 3953 3065 4006 συνίησι
3138 3955 3230 4000 τοῦ
3306 3950 3487 4023 ἔργου,
3558 3947 3848 4000 ἐκϐαίνεται
3889 3966 4202 4022 περιφρόνη-

2592 4041 2714 4100 θείς.
2756 4042 2960 4092 Εἴσεισι
2998 4047 3122 4107 γοῦν
3178 4044 3348 4112 γέμων
3407 4042 3573 4113 θυμοῦ
3622 4045 3711 4092 καὶ
3757 4039 3955 4113 πλήρης
4013 4039 4198 4115 ὀργῆς,

2587 4128 2748 4200 χόλον
2777 4131 2951 4203 ὥσπερ
2979 4127 3264 4196 ἀποπνέων,
3321 4135 3408 4181 καὶ
3467 4127 3600 4202 μηδ’
3647 4125 3831 4181 ἐνιδεῖν
3883 4125 4040 4187 δῆθεν
4094 4128 4201 4180 ἐθέο

2584 4219 2703 4288 λων,
2759 4218 2887 4270 ἀλλά
2941 4220 3119 4282 τελέως
3169 4219 3634 4294 ἀποστρεφόμενος,
3685 4218 3782 4272 κάκ
3842 4220 4026 4292 ψυχῆς
4069 4227 4196 4271 τοῦ-

815 4301 1020 4367 verbo,
1041 4316 1235 4372 eoque
1248 4299 1570 4355 acerbitate
1583 4299 1781 4371 pleno,
1798 4300 2084 4368 dignatur
2096 4310 2467 4361 maerentem:

818 4396 919 4461 Ita,
949 4406 984 4445 o
1002 4390 1204 4455 miser,
1228 4390 1505 4461 praecepti
1531 4389 1753 4444 oblitus
1775 4405 1837 4444 es
1856 4390 1884 4444 ?
1907 4391 2174 4447 Haeccine
2192 4395 2467 4465 promisi.

814 4480 882 4535 sti
910 4479 938 4532 ‘I
969 4479 1234 4533 Haaccine
1264 4478 1776 4550 elegisti,quando
1820 4480 2173 4536 renuntians
2218 4484 2467 4554 mundo,

2584 4329 2668 4361 τον
2727 4307 3154 4381 ἀποποιούμενος⁶
3215 4309 3309 4380 ὀψὲ
3378 4306 3438 4362 δέ
3489 4329 3611 4362 ποτε
3657 4315 3747 4362 καὶ
3817 4314 3968 4382 μόγις
4037 4308 4196 4380 λόγου

2582 4404 2670 4450 καὶ
2725 4397 2880 4470 λόγου
2935 4407 3129 4470 μεστοῦ
3172 4404 3382 4473 πικρίας
3447 4400 3668 4461 ἠξίωσεν
3717 4421 3730 4432 ·
3774 4399 3976 4466 Οὕτως,
4027 4399 4196 4469 ἄθλιε,

2581 4495 2672 4548 τῆς
2720 4487 2926 4549 ἐντολῆς
2974 4487 3220 4541 ἐπελάθου
3255 4506 3267 4554 ;
3323 4489 3482 4540 Ταῦθ’
3528 4490 3768 4560 ὑπέσχου
3802 4505 3815 4554 ;
3851 4495 4029 4540 Ταυτα
4067 4507 4198 4562 προ-

814 4573 1065 4638 cogente
1097 4568 1338 4623 nemine
1360 4567 1755 4623 accessistiad
1783 4583 1895 4623 nos
1917 4569 1945 4623 ?
1972 4572 2098 4625 Non
2124 4573 2466 4636 meministi,
2499 4597 2544 4651 Ι)
2583 4601 2585 4625 ι

2426 4575 2466 4636 i,
2499 4597 2544 4651 Ι)
2583 4576 2716 4628 είλου
2771 4578 2850 4628 ὅτε
2880 4585 2972 4628 τοῦ
3017 4581 3218 4649 κόσμου
3267 4575 3702 4650 ἀποκεχώρηκας,
3746 4583 3836 4630 καὶ
3888 4578 4010 4650 παρ’
4056 4579 4197 4649 ἡμᾶς

811 4662 961 4728 quot
980 4656 1347 4728 quantisque
1369 4655 1772 4726 rejicientibus
1816 4662 1887 4723 te,
1921 4657 2252 4715 eoforsitan
2303 4662 2468 4732 quod

808 4761 1049 4802 morum
1063 4750 1302 4800 tuorum
1316 4743 1673 4816 pravitatem
1695 4743 2360 4821 intractabilitatemque
2380 4751 2469 4806 in-

811 4835 1219 4907 trospicerent,
1251 4833 1416 4890 solus
1444 4848 1558 4903 ego
1589 4838 1642 4890 te
1671 4833 1857 4906 (quod
1880 4835 2111 4891 utinam
2148 4853 2270 4894 non
2302 4839 2469 4896 fecis-

811 4940 938 4980 sem
955 4922 1370 4995 !)susceperim
1391 4921 1844 4994 indiscipulum,
1858 4939 1994 4978 mea
2012 4925 2470 4986 teinstructione

811 5013 1096 5083 dignatus
1113 5013 1139 5066 ‘I
1156 5028 1278 5067 non
1292 5012 1511 5068 sanein
1526 5027 1664 5084 spes
1683 5012 1981 5082 ejusmodi
2001 5030 2071 5070 ac
2090 5015 2264 5072 talem
2285 5018 2468 5076 ﬁnem

810 5118 934 5159 non
956 5102 1244 5176 profecto,
1272 5117 1378 5173 per
1404 5102 1602 5173 ipsam
1621 5101 1774 5169 vitae,
1798 5106 2148 5160 monasticae
2175 5108 2465 5177 regulam:

808 5207 930 5249 non
940 5237 954 5262 ,
970 5207 1076 5264 per
1087 5190 1362 5247 ordinem
1375 5189 1543 5246 illum
1555 5189 2032 5263 pulcherrimum
2052 5209 2236 5265 quem
2255 5213 2292 5253 a
2304 5199 2469 5270 prin-

809 5281 964 5354 cipio
989 5280 1405 5346 observarunt,
1438 5281 1544 5352 qui
1572 5296 1700 5336 vere
1713 5279 2096 5337 solitudinem
2122 5283 2462 5355 elegerunt:

808 5387 1067 5444 non,per
1079 5369 1572 5443 speciosissimam
1587 5369 2091 5447 clarissimamque
2104 5375 2464 5446 nigredinem

806 5458 1397 5529 habitus,venerabili
1412 5459 1732 5516 Pachomio
1745 5460 1819 5516 de
1834 5461 1997 5517 caelis
2014 5469 2465 5534 monstrati;sed

806 5555 871 5607 ut
883 5557 936 5607 te
946 5567 1058 5624 pro
1066 5555 1128 5607 ut
1141 5555 1376 5622 oportet
1388 5550 1767 5621 corrigerem,
1782 5556 2077 5609 etomnem
2088 5570 2213 5627 qua
2233 5557 2464 5616 inﬂaris

2583 4664 2971 4736 ἀναγκάσαντος
3009 4661 3235 4738 μηδενὸς
3291 4671 3548 4737 γέγονας;
3598 4666 3708 4718 Οὐκ
3753 4668 3912 4719 οἶσθα
3964 4664 4035 4738 ἐφ’
4093 4669 4198 4739 ὅτῳ

2584 4774 2641 4806 σε
2680 4754 3030 4829 προσείληφα,
3077 4750 3315 4820 δείλαιε;
3370 4755 3445 4806 Οὐ
3477 4759 3742 4828 μέμνησαι
3794 4760 3970 4807 πόσων
4013 4773 4071 4807 σε
4103 4761 4197 4808 καὶ

2582 4845 2700 4895 οἴων
2731 4843 2789 4895 οὗ
2841 4840 3302 4917 προσδεχομένων,
3352 4848 3408 4896 1'6
3463 4853 3554 4896 τοῦ
3611 4850 3806 4918 τρόπου
3859 4847 4008 4916 τάχα
4034 4865 4196 4897 κατο-

2581 4935 2909 4986 πτευσάντων
2981 4938 3162 4986 σκαιόν
3240 4940 3330 4986 καὶ
3410 4932 3747 5006 δυσάγωγον,
3803 4940 3962 5006 μόνος
4031 4935 4196 5006 ἔγωγε

2581 5026 2952 5096 προσηκάμην,
3016 5027 3086 5085 ὡς
3159 5026 3260 5077 ε’ίθε
3331 5030 3403 5098 μὴ
3487 5025 3699 5097 ὤφελον,
3757 5029 3846 5076 καὶ
3905 5026 4195 5097 μαθητείας

2581 5113 2804 5182 ἠξίωσα,
2858 5113 2951 5165 οὐκ
2997 5111 3086 5166 ἐπὶ
3136 5117 3403 5175 τοιαύταις
3464 5122 3580 5176 ταῖς
3651 5113 3876 5184 ἐλπίσιν,
3935 5113 4029 5166 οὐκ
4105 5113 4196 5167 ἐπὶ

2579 5205 2816 5274 τοιούτῳ,
2859 5203 2918 5255 οὐ
2975 5207 3050 5276 μὰ
3111 5207 3233 5265 τοὺς
3284 5212 3384 5256 τῶν
3437 5212 3687 5276 μοναχῶν
3750 5204 4058 5278 ἰερωτατους
4111 5206 4194 5256 θε-

2580 5296 2765 5365 σμοὺς,
2819 5293 2877 5345 οὐ
2929 5297 3004 5366 μά
3040 5298 3131 5352 τὴν
3179 5295 3594 5368 συντηρηθεῑσαν
3651 5291 3888 5367 ἀρχῆθεν
3927 5293 4188 5362 εὐταξίαν,

2577 5390 2686 5444 τοῖς
2746 5386 2876 5458 πρὸς
2932 5381 3170 5441 ἀλήθειαν
3215 5386 3303 5435 τὸν
3358 5379 3569 5456 μονάδα
3644 5382 3761 5456 βίον
3841 5382 4191 5454 ἀνελομένοις,

2576 5478 2666 5525 καὶ
2730 5477 2824 5531 τὴν
2871 5475 3006 5525 κατὰ
3060 5477 3188 5526 Θεὸν
3240 5472 3508 5527 πολιτείαν
3553 5472 3962 5545 ἀσπασομένοις,
4013 5473 4073 5526 οὐ
4115 5476 4196 5545 μὰ

2576 5567 2670 5621 τὴν
2719 5564 2997 5635 όραθείσαν
3041 5564 3233 5616 ἄνωθεν
3279 5567 3555 5636 Παχωμίῳ
3609 5571 3683 5633 τῷ
3752 5564 4016 5635 θεσπεσίῳ
4073 5564 4192 5634 (20)

876 5732 994 5805 (20)
1046 5731 1107 5787 S.
1152 5728 1456 5786 Pachomii
1528 5728 1761 5802 prolixa
1817 5734 1876 5788 et
1924 5732 2346 5808 antiquissima
2399 5742 2545 5800 Acta
2591 5741 2813 5803 damus
2865 5745 2932 5804 14
2976 5741 3128 5820 ω,
3177 5741 3285 5808 ubi
3310 5758 3483 5809 nam.
3538 5746 3604 5810 ΑΒ
3641 5740 3894 5812 refertur
3945 5741 4199 5820 regula,
