4484 6446
267 413 377 467 869

1477 406 1549 464 IN
1589 407 1647 464 S.
1686 405 1884 465 JOAN.
1924 404 2425 463 DAMASCENUN.

3525 402 3631 457 8'10

266 530 628 607 φαιδροτάτην
671 535 865 590 ταύτην
920 538 1009 585 καὶ
1069 534 1440 607 λαμπροτάτην
1497 531 1867 603 μελανειμόνη-
1899 532 1947 584 Α
1980 536 2037 586 tu

1857 561 1867 572 -
1899 532 1947 584 Α
1980 533 2062 586 tui
2094 528 2551 585 aestimationem
2582 525 2886 596 subigens,
2918 542 3025 598 per
3054 527 3215 583 viam
3249 525 3461 582 salutis
3504 525 3628 581 sine

272 642 359 673 σιν
385 644 396 655 ·
432 621 541 672 ἀλλ’
574 624 640 673 ἶν’
695 626 762 682 ὡς
795 619 910 674 δέον
951 641 1008 674 σε
1062 628 1462 694 καταρτίσαιμι,
1505 626 1593 672 καὶ
1657 640 1713 673 σε
1771 641 1868 691 φυ-

276 720 501 762 σιονσαν
559 710 925 771 καθυποτάξας
998 711 1206 761 ἅπασαν
1250 714 1442 773 οἴησιν,
1500 714 1872 779 απροσκόπτως

274 805 374 855 τήν
429 803 553 871 πρὸς
604 802 864 869 σωτηρίαν
910 795 1195 849 διαϐαίνειν
1254 795 1705 867 καθοδηγησαιμι.
1768 804 1873 847 Nar

280 885 334 937 δ’
365 886 453 937 αλλ
500 886 679 937 ἔλαθον
720 886 935 957 ἐμαυτὸν
996 886 1325 957 ἀποσμήχων
1390 886 1631 951 Αἰθίοπα,
1685 886 1713 942 ἡ
1752 905 1875 959 καρ-

278 980 418 1027 κίνον
474 972 717 1045 βαδίζειν
775 976 905 1048 ὀρθὰ
960 978 1363 1047 μεταμανθάνειν
1435 974 1873 1045 ἐκϐιαζομενος,ἠ

282 1064 434 1125 ξύλον
489 1062 722 1134 σκαμϐόν
797 1062 1080 1116 ἀπευθυναι
1138 1082 1467 1137 πειρωμενος,
1520 1064 1547 1122 ἡ
1606 1067 1648 1114 εἷ
1717 1068 1766 1114 τί
1823 1081 1881 1133 γε

284 1152 411 1203 οἰλλο
466 1162 565 1202 των
619 1152 830 1204 αὐτόθεν
882 1149 1343 1223 δυσμεταϐλητων,
1394 1158 1483 1202 καὶ
1538 1156 1639 1202 απὸ
1686 1154 1883 1222 φύσεως

285 1250 643 1312 μεταποιῆσαι
695 1260 1143 1311 κατεπειγομενος.
1215 1241 1384 1293 Ἔνθεν
1425 1240 1484 1291 ἂν
1528 1246 1615 1291 xui
1673 1240 1739 1299 εἰς
1784 1260 1881 1290 παι

286 1328 514 1400 ραϐολήν
590 1335 853 1401 γενοίμην,
945 1336 1033 1381 xui
1116 1332 1143 1387 η
1221 1336 1479 1402 παροιμία
1556 1331 1888 1388 καθηκόντως

290 1417 591 1491 ἐπιρρηθείη
642 1438 753 1489 μοι,
787 1420 847 1475 ἣν
870 1422 1003 1469 κατά
1043 1426 1142 1468 τῶν
1175 1418 1405 1489 αφρονως
1459 1438 1505 1468 τι
1571 1424 1659 1469 xui
1718 1420 1889 1487 μάτην

289 1510 801 1578 μεταχειριζομένων
860 1506 1108 1576 ἐπιφέρειν
1172 1503 1382 1557 οἴδασιν
1430 1510 1476 1557 oi
1518 1506 1691 1557 πολλοί
1748 1526 1759 1537 °
1798 1509 1888 1555 καὶ

1980 617 2342 674 offendiculo
2364 614 2794 672 transeundam
2817 615 3199 670 deducerem.
3226 618 3393 670 Nunc
3428 620 3632 670 autem

1982 706 2298 776 deceptum
2315 720 2408 759 me
2428 703 2600 757 video
2618 702 2878 757 lavando
2897 703 3250 774 A-Ithiopem,
3270 708 3325 757 et
3344 717 3633 757 cancrum

1984 793 2257 849 docendo
2285 792 2420 846 recti
2445 806 2685 859 gressus
2714 791 3023 851 rationem,
3054 808 3123 845 ac
3146 792 3375 858 lignum
3409 794 3632 845 tortum

1985 882 2292 948 erigendo,
2324 887 2427 936 aut
2446 880 2492 934 si
2514 879 2658 951 quid
2678 878 2842 933 aliud
2866 879 3103 934 difficile
3123 883 3407 944 mutatur,
3428 883 3640 934 contra

1988 978 2262 1028 naturam
2298 970 2603 1026 tentando.
2639 971 3016 1040 Quapropter
3049 970 3108 1023 in
3139 969 3405 1025 derisum
3442 969 3635 1024 factus

1990 1078 2145 1124 sum,
2169 1059 2546 1131 quadratque
2576 1058 2634 1112 in
2664 1073 2758 1112 me
2784 1058 3193 1128 proverbium,
3218 1072 3341 1128 quo
3374 1058 3641 1129 plerique

1992 1152 2455 1205 utunturcontra
2467 1161 2569 1199 eos
2583 1146 2685 1217 qui
2700 1145 2921 1216 aliquid
2948 1145 3358 1217 imprudenter
3380 1162 3448 1200 ac
3469 1145 3639 1201 stulte

1993 1236 2262 1301 aggressi
2293 1240 2431 1289 sunt
2457 1234 2708 1288 :etenim
2732 1233 2885 1303 coepi
2905 1232 3269 1305 facere,quai
3296 1233 3501 1304 perﬁci
3519 1247 3642 1289 non

1995 1330 2289 1397 poterant,
2320 1329 2375 1379 et
2398 1337 2577 1392 super
2605 1338 2795 1393 aquas
2827 1321 3082 1376 scribere
3117 1320 3471 1377 volui.Nunc
3501 1339 3645 1394 ergo

1996 1414 2089 1469 exi
2122 1413 2337 1473 statim,
2374 1410 2665 1465 discedea
2697 1426 2812 1476 me,
2836 1410 2988 1465 vade
3012 1415 3147 1481 post
3173 1426 3516 1481 perversam
3549 1428 3647 1468 co—

1999 1500 2348 1569 gitationem
2391 1504 2580 1554 tuam.

290 1599 392 1668 γὰρ
477 1597 746 1656 ἀνηνύτοις
832 1596 1227 1666 ἐπικεχείρηκα,
1306 1602 1392 1646 καὶ
1478 1601 1562 1646 ἐπὶ
1635 1599 1879 1666 ματαίοις
1960 1588 2287 1654 ἐσπούδακα,
2355 1609 2444 1640 και
2513 1587 2717 1649 ἀληθῶς
2793 1588 2909 1639 καθ’
2982 1584 3188 1640 ὑδάτων
3262 1592 3475 1663 γράφειν
3514 1594 3656 1645 τεθέ-

290 1685 448 1740 ληκα.
486 1684 619 1735 Ἀλλ’
662 1684 824 1746 ἔξελθε
850 1688 907 1735 τό
938 1687 1119 1754 τάχος,
1163 1684 1253 1735 ἀπ’
1284 1682 1405 1755 ἐμου
1433 1703 1601 1753 γενου,
1644 1688 1733 1734 καὶ
1764 1691 1859 1742 τῆς
1892 1690 1984 1739 σῆς
2016 1680 2181 1731 ὀπίσω
2210 1684 2437 1750 πονηρᾶς
2470 1673 2707 1735 διανοίας
2736 1679 3043 1747 παρεύθητι.

370 1790 474 1863 μζ.
519 1790 578 1845 Ὀ
636 1788 685 1841 δ’
756 1790 1098 1862 ἀπαράκλητα
1165 1792 1365 1860 ἐθρηνει
1409 1797 1598 1857 πεσὼν,
1654 1795 1744 1841 καὶ
1797 1793 1892 1846 τήν
1926 1804 1962 1856 Β

295 1882 470 1931 αἰτίαν
522 1900 572 1931 τε
620 1879 909 1953 ἐξηγόρευε,
980 1885 1069 1931 καὶ
1139 1880 1357 1930 πλεῖστα
1412 1881 1537 1951 ὑπὲρ
1583 1884 1894 1950 συγγνώμης

296 1966 488 2022 ἐδέετο.
542 1968 599 2019 Ὀ
674 1965 723 2019 δ’
774 1964 838 2019 αὖ
884 1972 1047 2041 γέρων
1120 1967 1339 2042 σοϐαρὸς
1400 1969 1606 2033 ἵστατο,
1664 1970 1896 2038 συχνοὺς

295 2062 608 2109 κατατείνων
639 2061 755 2116 τοὺς
799 2056 999 2126 λόγους,
1059 2056 1249 2127 μᾶλλον
1307 2054 1366 2109 δε
1418 2061 1650 2130 μακροὺς
1684 2055 1895 2107 ἐπισυν-

298 2152 448 2220 είρων
504 2150 627 2207 τοὺς
695 2146 1031 2217 χλευασμούς
1092 2167 1104 2178 ·
1160 2146 1298 2207 τέλος
1370 2155 1463 2203 τῆν
1524 2150 1702 2217 χειρός
1748 2141 1900 2197 τόνδε

296 2235 601 2307 λαϐόμενος,
637 2232 804 2287 Ονδεν
849 2239 905 2285 τό
948 2232 1047 2286 ἀπὸ
1092 2232 1248 2287 τουδε
1296 2254 1379 2286 σοι
1434 2254 1488 2287 τε
1517 2234 1677 2307 κάμοὶ
1709 2238 1897 2298 κοινὸν,

302 2328 511 2396 ἔφησεν,
540 2327 776 2397 οῐνθρωπε
818 2346 829 2356 ·
866 2326 964 2381 ὅπη
992 2332 1117 2394 γοῦν
1149 2343 1232 2376 σοι
1260 2330 1348 2375 καὶ
1385 2323 1662 2396 βουλητὸν,
1726 2326 1898 2379 οῐπιθι,

304 2414 507 2477 ’Ἑξεισι
560 2413 643 2465 ἐπὶ
694 2416 916 2476 τούτοις.
980 2412 1133 2464 Ἀλλὰ
1190 2418 1271 2475 τίς
1336 2414 1395 2464 ἂν
1448 2413 1671 2466 ἐντευθεν
1715 2414 1901 2488 ἐκφρά-

308 2523 414 2556 asta
445 2505 508 2555 τὰ
537 2500 763 2576 δάκρυα,
793 2506 878 2555 τὸν
910 2507 1146 2567 κοπετὸν,
1186 2508 1280 2561 την
1328 2509 1625 2575 κατήφειαν,
1686 2508 1743 2555 τὸ
1810 2513 1904 2565 τῆς

304 2592 496 2663 ψυχῆς
528 2594 713 2657 πάθος,
759 2597 852 2650 τὴν
901 2600 991 2643 του
1047 2598 1284 2662 σώματος
1321 2593 1489 2657 τῆξιν,
1543 2597 1599 2644 τό
1649 2592 1905 2665 ἀφόρητον

305 2686 510 2747 πένθος,
578 2686 637 2734 τό
680 2681 1046 2755 ἁπαράκλητον
1104 2682 1260 2752 οἷλγος
1315 2699 1328 2747 ;
1383 2683 1504 2753 Οὐχ
1559 2683 1693 2734 οὕτω
1746 2684 1909 2734 πάλαι

306 2773 555 2823 πέπονθεν
595 2772 619 2821 ό
660 2766 835 2839 Ἀδὰμ
874 2778 964 2829 τῆς
1018 2766 1177 2839 Ἐδεμ
1228 2768 1488 2834 ἐξωσθεὶς,
1543 2772 1613 2830 ὡς
1649 2789 1709 2840 γε
1760 2770 1909 2832 οὗτος

309 2861 338 2911 ὁ
377 2865 447 2931 μὴ
480 2864 681 2930 ματαίᾳ
729 2859 839 2909 κατ’
899 2857 1085 2909 ἐκεῖνον
1126 2854 1300 2909 ἐλπίδι
1352 2858 1584 2920 κλαπεὶς,
1623 2858 1749 2911 ἀλλὰ
1782 2880 1912 2931 συμ-

309 2950 503 3019 παθεία
527 2955 588 3018 τῇ
633 2947 757 3019 πρὸς
801 2951 887 2997 τόν
949 2943 1167 3017 ἀδελφόν
1222 2948 1501 3018 ὑπαχθεὶς,
1554 2954 1642 2999 καὶ
1692 2957 1788 3010 τῆς
1822 2956 1912 3000 τοῦ

307 3043 461 3111 ατρὸς
520 3038 694 3098 ἑστίας
775 3036 900 3107 ὑπὲρ
987 3032 1319 3107 φιλαδελφίας
1379 3034 1676 3099 ἀπελαθείς.
1760 3037 1915 3091 Ἀλλὰ

313 3128 463 3200 μόλις
539 3128 611 3189 εὶς
662 3134 779 3178 νοῦν
845 3129 1041 3177 ἔπεισιν
1094 3128 1377 3197 (εὑρετικόν
1447 3130 1549 3200 γαρ
1592 3130 1620 3184 ἡ
1690 3127 1912 3198 ἀνάγκη,

312 3222 405 3268 καὶ
434 3236 544 3276 πως
575 3213 643 3273 δὴ
692 3219 748 3267 τὸ
792 3214 1103 3287 βιαζόμενον
1133 3215 1532 3286 πολυμήχανον)
1563 3219 1650 3281 ὡς,
1711 3217 1754 3269 εὶ
1797 3223 1918 3279 τοὺς

314 3309 649 3377 προῦχοντας
684 3312 784 3355 τῶν
837 3312 1083 3374 μοναχῶν
1138 3310 1369 3374 προσιὼν
1418 3301 1914 3371 καταδυσωπήσειι,

314 3399 407 3445 καὶ
436 3391 685 3465 πρέσϐεσι
719 3397 896 3462 σφίσιν
934 3390 1308 3465 ἀποχρήσαιτό
1361 3396 1487 3465 πρὸς
1542 3397 1629 3444 τὸν
1679 3399 1915 3467 γέροντα,

319 3487 491 3543 ίκέτας
540 3501 592 3533 τε
636 3478 946 3552 αἰδεσίμους
1004 3480 1336 3549 προϐάλοιτό,
1416 3481 1557 3534 ἵλεων
1624 3478 1775 3544 αὖθις
1863 3483 1919 3534 ἂν

318 3573 485 3641 ἐαυτῲ
532 3573 665 3638 θείη,
712 3575 802 3621 καὶ
850 3578 940 3631 τῆς
998 3574 1249 3642 προτέρας
1306 3572 1585 3641 μαθητείας
1666 3572 1920 3635 καταξιω-

320 3663 456 3725 θείη,
488 3666 577 3711 καὶ
605 3669 700 3721 τῆς
730 3658 955 3711 ἐντεῦθεν
979 3664 1235 3733 σωτηρίας
1266 3660 1359 3711 οὐκ
1400 3658 1739 3731 ἀστοχησειε.

393 3748 497 3821 μη’.
549 3756 713 3801 Τοῦτο
762 3745 829 3806 δὴ
877 3754 966 3799 καὶ
996 3756 1135 3800 ποιεῖ
1175 3770 1187 3781 ·
1244 3754 1333 3801 καὶ
1387 3748 1607 3801 ἀπίασιν
1642 3752 1691 3802 οί
1747 3757 1925 3822 σεμνοὶ

318 3844 412 3890 καὶ
459 3840 725 3890 θεσπέσιοι
776 3841 1028 3910 γέροντες,
1062 3841 1131 3900 ὡς
1182 3836 1240 3889 ἂν
1296 3835 1363 3895 δὴ
1407 3843 1492 3890 τόν
1536 3837 1825 3898 παιδευτὴν
1855 3850 1926 3911 τῷ

321 3930 534 4000 μαθητῇ
608 3926 1001 3995 καταλλάξειαν,
1068 3932 1157 3979 καὶ
1224 3931 1312 3979 τόν
1371 3931 1481 3979 υἱόν
1556 3927 1927 4002 ἐπαναγάγοιεν

321 4025 397 4087 τῷ
444 4022 624 4090 πατρί.
690 4015 825 4070 Ἀλλ’
878 4017 1164 4091 εὑρηκεσαν
1224 4023 1313 4069 καὶ
1386 4014 1681 4089 ἀδάμαντος
1742 4018 1928 4073 ἐκεῖνον

328 4107 675 4180 σκληρότερον
710 4128 721 4138 ·
757 4102 908 4158 οὐδὲν
934 4110 1035 4178 γὰρ
1069 4108 1094 4157 ὃ
1125 4126 1176 4158 τι
1219 4112 1307 4159 xui
1350 4105 1697 4179 παρεδέχετο,
1757 4106 1932 4162 οὐδενί

325 4217 435 4256 πως
489 4192 889 4268 διεμειλίσσετο.
941 4195 1024 4256 Ὠς
1082 4192 1140 4248 δε
1196 4193 1433 4269 σφοδρῶς
1502 4196 1765 4263 ἐνέκειντο,
1843 4205 1932 4251 καὶ

329 4285 655 4359 βαρυτάταις
683 4285 837 4336 αὐτόν
869 4286 996 4357 ὑπὲρ
1044 4293 1136 4346 τῆς
1183 4283 1550 4357 ἀσυμπαθείας
1608 4296 1722 4349 ταῖς
1773 4287 1937 4341 ἐπιτι-

327 4378 479 4448 μίαις
529 4371 863 4427 ἀπεδείκνυον
916 4372 1213 4446 ἐνεχόμενον
1262 4380 1351 4426 καὶ
1393 4377 1633 4447 μείζοσιν
1693 4381 1822 4451 ἤπερ
1882 4376 1935 4429 ἐκ

325 4470 423 4523 τῆς
480 4466 775 4537 παρηκοίας
834 4462 1150 4535 [παρακοῆς]
1210 4462 1399 4515 ἐκεῖνον
1456 4463 1592 4531 (ἐξὸν
1650 4468 1773 4539 γὰρ,
1816 4466 1936 4537 ἐφα-

331 4571 479 4619 σκον,
516 4547 784 4624 [δευτέρᾳ]
814 4550 987 4623 ἐντολῇ
1025 4554 1081 4603 τό
1104 4559 1195 4603 τοῦ
1236 4553 1476 4624 μαθητοῦ
1537 4549 1939 4626 διορθώσασθαι

328 4649 540 4713 πταῖμα
589 4639 828 4713 ἐσχάτης
888 4640 1166 4713 ἁμαρτίας,
1216 4647 1348 4713 μήτε
1405 4647 1506 4713 μὴν
1593 4651 1941 4714 μετανοοῦντα

333 4733 672 4803 προσίεσθαι,
705 4736 837 4803 μήτε
884 4736 976 4788 τὴν
1021 4733 1143 4805 ἅπερ
1203 4739 1295 4783 του
1334 4730 1679 4803 ἐπικληματος
1728 4732 1941 4791 εὐθύνην

334 4822 755 4895 παραγυμνοῡν),
831 4820 983 4881 οὗτος
1030 4819 1321 4885 ὑπολαϐὼν,
1379 4822 1516 4876 Ἀλλ’
1589 4823 1632 4874 εί
1704 4819 1943 4897 παριδεῖν

339 4910 499 4963 ἐθέλει
554 4917 649 4969 τήν
688 4920 785 4971 τῆς
810 4918 1023 4985 πρώτης
1047 4910 1345 4985 παράϐασιν
1401 4911 1619 4975 ἐντολῆς,
1678 4920 1767 4973 τῆς
1830 4910 1946 4965 δευ-

339 5004 496 5072 τέρας
549 4996 704 5073 δευρο
751 4996 819 5058 δὴ
869 5002 1095 5071 γενέσθω
1139 5004 1330 5062 ταύτης
1380 5000 1738 5075 ἐκπληρωτής.
1786 5001 1946 5060 Ὀλην

338 5096 434 5146 τήν
473 5089 667 5162 λαῦραν
696 5087 1024 5162 περιελθέτω,
1076 5096 1166 5142 καὶ
1216 5093 1282 5142 τά
1330 5100 1432 5143 τῶν
1480 5088 1734 5156 οἰκιδίων,
1795 5091 1828 5142 οἷ
1877 5088 1945 5149 δὴ

343 5179 599 5252 καλοῦμεν
675 5184 910 5253 σωτήρια
984 5182 1121 5250 (21).
1204 5184 1497 5256 σαρωσάτω
1570 5183 1638 5233 τα
1723 5180 1948 5253 λὺματα.

2073 1787 2160 1839 47.
2192 1784 2457 1839 Joannes
2488 1798 2624 1837 vero
2657 1788 2987 1853 prostratus
3027 1782 3196 1838 humi
3232 1783 3413 1841 ﬂebat
3446 1786 3655 1843 incon-

2004 1872 2346 1934 solabiliter,
2371 1886 2617 1925 causam
2630 1886 2937 1941 exponens
2960 1871 3338 1943 multumque
3358 1889 3466 1944 pro
3480 1876 3658 1931 venia

2005 1962 2308 2017 exoranda
2328 1960 2697 2031 supplicans.
2720 1962 2970 2013 Econtra
2989 1975 3169 2014 senex
3190 1960 3386 2017 stabat
3408 1963 3657 2035 rigidus,

2007 2048 2905 2122 increpantiaverbainlongum
2928 2050 3306 2120 protrahens,
3332 2068 3436 2106 seu
3454 2053 3659 2124 potius

2008 2139 2270 2212 prolian
2301 2136 2619 2191 invectivas
2640 2136 2926 2204 colligens
2952 2153 2964 2189 :
2999 2136 3259 2208 denique
3301 2154 3487 2194 manu
3519 2156 3660 2196 eum

2010 2227 2492 2299 apprehendens,
2521 2224 2691 2285 Nihil,
2726 2226 2939 2295 inquit,
2980 2239 3051 2280 ex
3087 2240 3246 2280 nunc
3269 2226 3372 2281 tibi
3404 2244 3474 2283 ac
3516 2229 3663 2284 mihi

2012 2331 2333 2372 commune
2364 2314 2454 2379 sit,
2487 2328 2523 2368 o
2550 2314 2762 2379 homo;
2796 2328 2919 2385 quo
2941 2312 3105 2367 voles
3135 2312 3315 2370 abito.
3355 2317 3665 2387 Egreditur

2014 2420 2192 2474 ergo:
2229 2418 2435 2458 verum
2458 2402 2594 2474 quis
2625 2401 2822 2456 valeat
2848 2400 3145 2472 explicare
3177 2403 3305 2473 ejus
3336 2403 3661 2476 lacrymas,

2015 2493 2343 2566 planctum,
2369 2491 2676 2561 gemitum,
2697 2489 3080 2545 afflictionem
3100 2491 3304 2546 animi.
3325 2494 3665 2551 emaciatio-

2016 2597 2153 2638 nem
2173 2580 2457 2651 corporis,
2479 2578 2701 2633 doloris
2724 2579 3117 2634 intolerabilis
3136 2584 3191 2634 et
3213 2581 3666 2639 inconsolabilis

2016 2671 2263 2728 tristitiae
2292 2669 2675 2725 acerbitatem
2697 2666 2726 2721 ?
2748 2671 2871 2723 Non
2903 2668 2987 2723 sic
3018 2668 3161 2723 olim
3187 2685 3219 2725 e
3250 2671 3534 2741 paradiso
3556 2674 3674 2744 eje-

2020 2766 2152 2816 etus
2183 2761 2374 2814 Adam
2404 2758 2572 2822 luxit,
2597 2757 3121 2829 quemadmodum
3145 2758 3263 2827 hic,
3283 2775 3404 2815 non
3427 2777 3584 2817 vana
3609 2767 3676 2819 ut

2021 2850 2113 2905 ille
2146 2864 2252 2919 spe
2281 2848 2591 2918 deceptus,
2613 2846 2716 2900 sed
2742 2846 2958 2901 affectu
2982 2846 3257 2902 fraternae
3288 2850 3675 2908 commisera-

2023 2938 2197 2994 tionis
2230 2936 2673 3007 supplantatus:
2707 2941 2763 2990 et
2793 2935 3099 2990 charitatis
3128 2951 3317 2993 causa
3358 2938 3543 2995 domo
3573 2956 3678 3012 pa-

2025 3034 2192 3083 terna
2222 3025 2532 3097 expulsus.
2571 3026 2641 3080 Ut
2663 3040 2805 3079 vero
2833 3023 3276 3096 aliquantulum
3314 3027 3376 3081 in
3409 3044 3471 3083 se
3503 3029 3680 3085 rediit

2026 3114 2341 3186 (industria
2379 3120 2581 3169 autem
2618 3128 2714 3168 res
2756 3118 2842 3168 est
2881 3120 3225 3183 necessxtas,
3277 3120 3332 3171 et
3396 3116 3679 3191 quisquis

2028 3204 2149 3259 vim
2181 3203 2423 3275 patitur,
2460 3202 2714 3257 multum
2742 3208 2953 3257 contra
2983 3202 3267 3273 molitur),
3299 3205 3451 3269 Quid
3479 3206 3547 3277 si,
3595 3208 3682 3262 in-

2026 3293 2154 3364 quit
2192 3292 2354 3363 apud
2414 3306 2496 3355 se,
2539 3290 2901 3362 primoribus
2940 3292 3383 3348 monachorum
3424 3295 3682 3367 supplex

2025 3380 2189 3446 ﬁam,
2231 3381 2424 3451 iisque
2462 3385 2526 3434 ut
2562 3379 2772 3448 legatis
2823 3379 2902 3434 ad
2941 3395 3145 3434 senem
3185 3379 3679 3452 deprecatoribus

2029 3476 2180 3539 utar,
2217 3474 2281 3523 ut
2308 3484 2404 3524 me
2442 3468 2622 3539 priori
2662 3467 2984 3539 disciplina
3020 3468 3320 3539 dignetur,
3355 3485 3552 3543 neque
3591 3488 3684 3529 re-

2029 3558 2211 3632 pellat
2231 3573 2267 3613 a
2288 3557 2497 3625 salute,
2520 3572 2707 3629 quam
2729 3556 2870 3612 inde
2891 3563 3174 3628 exspecto
3198 3559 3225 3613 ‘I

2106 3733 2192 3785 48.
2239 3728 2491 3796 Dictum,
2540 3726 2788 3783 factum.
2841 3727 3079 3783 Abeunt
3124 3730 3454 3787 venerandi
3504 3731 3587 3788 illi
3632 3737 3690 3789 et

2036 3818 2225 3875 sancti
2258 3834 2449 3885 senes,
2480 3821 2545 3871 ut
2573 3816 2937 3889 discipulum
2966 3817 3256 3886 magistro
3286 3820 3691 3891 reconcilient,

2036 3908 2228 3963 ﬁlium
2245 3906 2538 3962 reducant
2550 3904 2628 3960 ad
2642 3912 2893 3977 patrem.
2911 3904 3027 3961 Sed
3047 3906 3368 3964 adamente
3388 3911 3698 3981 reperiunt

2038 3994 2543 4060 durioremillum,
2560 3994 2707 4049 nihil
2723 3994 2883 4050 enim
2898 3995 3263 4067 suscipiebat
3285 4012 3482 4070 neque
3505 4015 3571 4056 se
3592 4016 3697 4072 pa-

2041 4085 2299 4141 tiebatur
2327 4083 2597 4139 emolliri.
2633 4084 2780 4139 Cum
2814 4088 3015 4139 tamen
3046 4084 3336 4142 instarent
3368 4087 3698 4146 vehemen-

2043 4175 2179 4240 tius,
2203 4172 2707 4244 ostenderentque
2732 4171 2899 4244 quod
2921 4174 3226 4242 graviores
3247 4189 3357 4246 pro
3380 4192 3492 4233 sua
3518 4178 3700 4235 incle-

2044 4264 2269 4320 mentia
2297 4263 2547 4317 daturus
2577 4266 2729 4317 esset
2756 4277 2987 4333 poenas,
3013 4279 3199 4334 quam
3218 4280 3329 4336 pro
3357 4266 3702 4324 inobedien-

2047 4354 2129 4409 tia
2151 4352 2315 4422 alter,
2351 4351 2586 4407 Licebat
2614 4351 2797 4418 enim,
2831 4350 3206 4422 inquiebant,
3238 4354 3452 4411 iterato
3482 4372 3702 4428 praece-

2047 4450 2151 4516 pto
2182 4442 2475 4511 corrigere
2502 4442 2562 4496 in
2603 4440 2898 4513 discipulo
2929 4448 3471 4517 quantumcunque
3507 4447 3703 4517 gravis

1968 4542 2013 4597 1)
2048 4532 2243 4590 delicti
2261 4530 2501 4603 lapsum
2522 4550 2536 4598 ;
2550 4544 2746 4601 neque
2759 4531 3036 4586 convenit
3054 4546 3174 4586 non
3190 4532 3498 4591 admittere
3514 4536 3709 4608 poeni-

2048 4626 2284 4691 tentem,
2294 4635 2362 4676 ac
2375 4635 2447 4675 ne
2461 4617 2936 4674 satisfactionem
2948 4619 3195 4691 quidem
3208 4638 3387 4693 quam
3402 4638 3512 4694 pro
3525 4625 3712 4697 culpa

2049 4710 2225 4767 vellet
2263 4708 2601 4780 explicare;
2645 4707 2912 4780 reposuit
2952 4707 3091 4763 ille:
3153 4710 3211 4765 Si
3264 4710 3445 4782 primi
3496 4728 3715 4784 praece-

2051 4800 2131 4873 pti
2174 4797 2716 4867 transgressionem
2742 4795 3121 4853 dissimulare
3148 4813 3243 4853 me
3274 4799 3423 4863 vult,
3450 4816 3583 4871 age,
3621 4818 3714 4859 se-

2053 4889 2324 4947 cundum
2363 4884 2710 4959 adimpleat,
2757 4885 3094 4943 Circumeat
3138 4886 3377 4945 lauram
3415 4895 3607 4947 totam
3659 4896 3718 4949 et

2053 4979 2410 5036 latrinarum
2442 4976 2651 5033 sordes
2681 4978 3119 5046 expurget.Hoc
3149 4978 3357 5035 audito
3386 4979 3471 5036 illi
3492 4987 3720 5039 averte-

2057 5075 2197 5127 runt
2232 5067 2448 5137 vultus,
2490 5066 3011 5139 discesseruntque
3051 5066 3282 5139 pudore
3333 5073 3718 5143 prtegravati,

2063 5175 2201 5215 cum
2235 5173 2308 5214 ex
2334 5171 2457 5213 una
2480 5154 2728 5228 quidem
2744 5159 2912 5227 parte
2936 5155 3392 5215 considerarent
3419 5159 3529 5216 viri
3547 5176 3721 5218 vene-

350 5448 552 5529 eidem
574 5448 930 5529 praescripta
1049 5449 1289 5521 angelo,
1308 5450 1366 5505 in
1392 5467 1514 5529 qua
1526 5450 1825 5529 titmentio
1838 5466 1959 5507 me-

354 5521 506 5601 lot_e_s
538 5519 713 5601 albae,
734 5519 1009 5601 lebitonis
1028 5519 1740 5601 seusuperpe‘lliciilinei,
1766 5530 1830 5601 _et
1856 5540 1958 5578 cu-

358 5591 535 5647 culli:
565 5592 739 5665 c_ujus
768 5591 903 5665 licet
941 5607 1065 5665 non
1095 5591 1421 5665 explicetur
1478 5594 1659 5662 color,
1718 5595 1961 5665 nigrum

356 5670 563 5738 tamen
592 5662 755 5738 hunc
781 5662 965 5738 fuisse
995 5662 1389 5738 facile—quivis
1408 5667 1608 5723 credet

436 5736 547 5807 (21)
569 5734 660 5791 Ad
670 5735 946 5807 verbum,
966 5734 1386 5807 aedicularum,
1399 5753 1555 5811 quas
1564 5739 1746 5797 sellas
1756 5736 1967 5812 appel-

2068 5447 2287 5511 lamus,
2320 5445 2423 5511 ita,
2458 5440 2537 5500 ad
2570 5440 2921 5511 hujusmodi
2950 5442 3368 5502 necessitatem
3399 5446 3731 5510 honestiori

2069 5518 2367 5574 vocabulo
2406 5514 2863 5594 explicandam,
2890 5516 3080 5594 variae
3110 5517 3295 5594 apud
3349 5534 3462 5594 nos
3519 5531 3731 5594 gentes

2071 5596 2321 5662 utuntur
2350 5585 2506 5643 voce‘
2526 5586 2717 5662 sedis;
2768 5585 2982 5662 Suidas
3021 5585 3244 5662 autem,
3278 5605 3415 5662 quae
3444 5585 3553 5651 hi5
3591 5612 3735 5653 neu-

2075 5661 2296 5738 traliter
2330 5664 2610 5738 corrupta,
2654 5656 2939 5738 feminine
2984 5658 3193 5738 scribit
3228 5656 3529 5738 ⁷σιιῖνιηηρίιιις,
3578 5667 3737 5727 vult-

2075 5749 2196 5807 que
2224 5732 2346 5789 dici
2366 5736 2432 5789 ut
2460 5726 2663 5800 «nisi,
2687 5728 2954 5805 σιλλὰριιι,
2979 5726 3163 5805 ἕδρας.
