4484 6446
816 397 920 470 87l
2009 402 2476 463 CONSTANTINI
2506 401 2980 460 amomum.
4071 384 4179 453 8‘72‘

817 536 1025 595 rabilis
1061 535 1463 600 honestatem,
1504 534 1579 588 ex
1614 515 1802 589 altera
1837 544 1977 587 vero
2013 528 2464 587 obscaenitatem
2494 528 2545 584 Α
2574 532 2588 580 '.

2409 543 2464 584 αι
2494 528 2545 584 Α
2574 524 2728 580 Τοῦθ⁹
2786 526 2856 587 ὡς
2906 527 3158 592 ἤκουσαν,
3218 520 3628 596 ἀπεστράφησαν
3681 519 3771 579 τὰς
3824 517 3972 589 ὄψεις
4015 537 4029 552 ι
4084 515 4180 570 καὶ

821 625 1091 684 sordium
1123 623 1473 695 cogitarent.
2575 635 2592 668 ε

2575 616 2682 687 οὐχ
2710 616 2864 673 ἧττον
2911 612 3023 687 μετ’
3072 614 3333 683 αἱσχὺνης
3362 611 3391 669 ἦ
3454 608 3652 682 βάρους
3702 606 3959 680 ἀπῄεσαν,
4011 612 4068 659 τό
4120 626 4176 659 τε

2574 712 2664 757 τοῦ
2722 699 2912 777 ἀνδρὸς
2976 703 3159 773 σεμνόν
3212 702 3303 751 καὶ
3368 695 3643 770 περίδοξον
3714 694 4171 768 ἀναλμγιζόμενοι,

2575 798 2666 847 καὶ
2694 796 2753 846 τό
2782 800 2883 844 τῶν
2902 790 3261 866 ῥυπασμάτων
3286 789 3411 860 ἄγος
3438 783 3474 840 δ
3479 788 3888 859 ιενθυμούμενοι.

891 914 979 970 49.
1021 908 1174 976 Quid
1209 923 1390 982 porro
1426 905 1714 964 Joannes?
1752 902 1905 959 Vidit
1940 902 2299 958 revertentes
2335 898 2468 956 illos
2646 922 2662 973 ε

2404 913 2468 956 os
2646 899 2750 973 μθ’.
2789 898 2944 952 Ἀλλὰ
2971 901 3024 950 τί
3065 916 3160 970 περ
3219 897 3245 947 ὀ
3275 894 3556 959 Ἰωάννης;
3614 892 3745 968 Ὀρᾷ
3785 894 4003 953 τούτους
4048 890 4175 943 ύπο-

818 1000 917 1072 (ex
943 1015 1067 1072 quo
1097 980 1259 1055 enim
1286 996 1541 1067 ingressi
1569 997 1758 1063 erant,
1787 992 1991 1048 laetum
2015 988 2244 1062 aliquid
2280 987 2359 1044 ad
2397 986 2468 1043 iis
2579 1010 2589 1042 1

2405 986 2468 1043 iis
2579 987 2898 1064 στρεψαντας
2946 983 3031 1057 (ἧν
3078 988 3203 1059 γὰρ,
3262 983 3397 1047 ἐξότε
3442 988 3533 1035 καὶ
3566 982 3847 1055 εἰσῄεσαν,
3912 980 4176 1032 πυθέσθαι

821 1065 884 1145 se
905 1065 1266 1145 auditurum'
1280 1065 1655 1158 praestolans,
1686 1080 1933 1138 ferventi
1954 1079 2033 1135 ad
2057 1082 2242 1135 Deum
2261 1076 2470 1148 depre-
2575 1097 2592 1130 1

2402 1091 2470 1132 'e-
2575 1097 2628 1130 τι
2652 1081 2890 1150 χρηστόν
2920 1072 3286 1147 ἐκδεχόμενος,
3327 1076 3416 1125 καὶ
3471 1074 3669 1145 θερμῶς
3717 1072 3844 1144 ὑπὲρ
3893 1065 4049 1121 τοῦδε
4085 1071 4173 1119 τόν

822 1177 1042 1234 cationi
1064 1155 1347 1245 instabat)
1375 1179 1432 1230 et
1461 1171 1755 1230 accedens
1792 1170 2138 1239 interrogat,
2166 1164 2313 1239 quid
2334 1163 2470 1221 velit
2578 1175 2593 1218 ι

2400 1163 2470 1220 ςιίι
2578 1168 2706 1218 Θεὸν
2753 1162 3072 1233 δυσωπῶν)ο
3130 1168 3299 1216 τοίνυν
3356 1165 3448 1213 καὶ
3498 1163 3730 1235 προσιὼν
3775 1157 3927 1220 εὐθύς
3981 1155 4171 1231 ἐρωτᾷ,

822 1268 1010 1330 Pater,
1042 1269 1099 1320 et
1127 1262 1274 1335 quid
1300 1277 1411 1334 pro
1436 1259 1651 1316 delicto
1680 1257 1808 1313 ﬁeri
1825 1256 2055 1327 jubeat.
2079 1257 2151 1310 At
2169 1252 2250 1309 illi
2273 1252 2468 1325 primo
2575 1274 2593 1307 1

2403 1265 2468 1307 10
2575 1259 2626 1307 τί
2656 1273 2710 1306 τε
2738 1256 2764 1306 ὁ
2787 1257 2966 1324 Πατὴρ
2999 1252 3173 1323 ἐθελει,
3208 1255 3298 1303 καὶ
3330 1251 3357 1302 ὃ
3384 1269 3437 1302 τι
3455 1268 3513 1321 γε
3560 1251 3686 1321 ὑπὲρ
3741 1254 3834 1299 τοῦ
3894 1245 4174 1318 ἀμπλακή-

821 1368 946 1409 non
957 1333 1401 1407 audebantrem
1416 1348 1634 1420 eloqui,
1652 1345 2080 1402 reverebantur
2090 1342 2252 1399 enim
2271 1341 2468 1398 virum
2576 1365 2592 1417 ε

2407 1357 2468 1397 m
2576 1363 2740 1417 ματος
2771 1340 3169 1417 διαπράξασθαι
3200 1338 3463 1411 βούλεται.
3513 1338 3579 1389 Οἱ
3626 1333 3686 1389 δε
3736 1355 3831 1394 την
3888 1338 3978 1406 μέν
4034 1338 4174 1406 πρώ-

822 1440 904 1497 ob
933 1439 1167 1511 generis
1198 1438 1259 1494 in
1289 1454 1360 1494 eo
1385 1436 1737 1505 claritatem,
1780 1448 1891 1489 nec
1914 1433 2113 1488 minus
2139 1431 2219 1486 ob
2238 1429 2469 1487 virtutis
2577 1452 2593 1485 1

2403 1429 2469 1484 tis
2577 1452 2672 1492 την
2703 1432 2913 1495 ἐξειπεῖν
2944 1431 3039 1483 ούκ
3069 1431 3377 1501 ἠνείχοντο·
3433 1427 3729 1498 ᾐσχύνοντο
3784 1443 3886 1498 γαρ
3938 1427 4025 1476 τόν
4081 1423 4174 1474 οἶν-

822 1508 1254 1585 excellentiam.
1290 1528 1356 1581 Ut
1393 1539 1535 1595 ergo
1576 1522 1718 1579 vidit
1755 1520 1903 1577 nihil
1943 1535 2004 1575 se
2042 1517 2470 1590 interrogando
2581 1542 2593 1574 ε

2405 1517 2470 1573 10
2581 1519 2687 1596 δρα
2722 1530 2813 1582 τῆς
2850 1540 2904 1573 τε
2943 1519 2997 1572 ἐκ
3061 1526 3154 1572 τοῦ
3218 1523 3398 1589 γένους
3454 1519 3757 1587 περιφανίας
3812 1516 3904 1564 καὶ
3969 1518 4061 1571 τῆς
4122 1508 4176 1573 ἐξ

822 1616 1134 1690 proﬁcere,
1152 1614 1231 1672 ad
1243 1630 1452 1671 eorum
1475 1628 1609 1670 sese
1629 1608 2232 1683 prosternenspedes,
2250 1622 2472 1677 magna
2581 1610 2593 1663 ἐ

2404 1622 2472 1662 [18.
2581 1610 2765 1682 ἀρετῆς
2798 1610 2904 1681 οὐχ
2928 1610 3083 1668 ἧττον
3116 1612 3445 1680 σεμνότητος.
3492 1605 3580 1666 Ὠς
3631 1600 3680 1656 δ’
3730 1603 3824 1655 οὐκ
3875 1601 4004 1653 ἀνίει
4058 1598 4175 1651 ἀνε-

822 1722 990 1773 voce,
1048 1704 1289 1770 Edicite,
1344 1702 1556 1775 inquit,
1615 1701 1841 1770 Patres,
1907 1698 2052 1770 quid
2107 1697 2247 1752 velit
2300 1696 2472 1752 Pater
2579 1720 2593 1774 ε

2405 1711 2472 1751 er
2579 1709 2775 1774 ρωτῶν,
2843 1702 2943 1771 πρὸ
3003 1705 3103 1749 τῶν
3156 1693 3334 1749 ποδῶν
3384 1714 3439 1746 τε
3487 1698 3679 1756 πεσὼν,
3744 1691 4003 1754 Ἐξείπατί
4059 1708 4176 1761 μοι,

823 1811 996 1852 meus
1029 1811 1042 1849 :
1073 1809 1211 1850 ecce
1235 1792 1394 1849 enim
1426 1794 1708 1863 paratum
1738 1804 1834 1844 me
1861 1787 1940 1843 ad
1978 1785 2332 1843 mandatum
2375 1800 2471 1841 ex-
2581 1797 2594 1843 l

2402 1801 2471 1840 :x-
2581 1793 2819 1863 Πατὶρες,
2843 1786 2982 1857 ἐϐόα,
3021 1784 3252 1848 ἐξείπατε
3280 1788 3333 1836 τί
3372 1801 3464 1857 περ
3519 1783 3545 1834 ό
3585 1783 3705 1853 ἐμός
3763 1780 3893 1833 θέλει
3947 1782 4124 1851 Πατήρ
4160 1798 4173 1811 ·

821 1884 1114 1958 piendum
1131 1881 1499 1955 etquidquid
1528 1875 2470 1935 volueritexsecutionimandan-
2500 1875 2541 1929 Β
2579 1881 2592 1932 ἑ

2408 1889 2470 1929 n-
2500 1875 2541 1929 Β
2579 1879 2775 1951 ἕτοιμος
2803 1880 2904 1951 γὰρ
2954 1874 3288 1950 ἐκπληρῶσαι
3338 1875 3507 1943 τούτῳ
3558 1876 3617 1923 τό
3677 1868 3907 1937 θελητόν,
3957 1872 4047 1920 καὶ
4106 1866 4178 1929 εἰς

824 1954 993 2029 dum.
1027 1975 1189 2028 Tunc
1216 1954 1362 2042 rem,
1385 1974 1448 2026 ut
1486 1972 1631 2034 erat,
1672 1969 2100 2040 exposuerunt,
2140 1967 2473 2021 avertentes
2579 1988 2595 2021 1

2411 1979 2473 2019 es
2579 1972 2734 2041 πέρας
2760 1965 2968 2039 ἀγαγεῖν
3008 1967 3068 2017 τό
3116 1966 3244 2038 πρὸς
3284 1960 3559 2035 βούλησιν.
3605 1965 3776 2029 Μόγις
3826 1954 3895 2017 δὴ
3944 1961 4061 2010 τότε
4112 1961 4182 2008 τὰ

824 2062 1057 2119 vultum
1086 2067 1142 2118 et
1179 2065 1359 2134 prout
1394 2058 1648 2116 decebat
1680 2056 2118 2113 erubescentes.
2158 2059 2262 2110 Ast
2297 2070 2333 2110 o
2371 2068 2474 2109 cor
2580 2077 2595 2109 1

2410 2068 2474 2109 οι·
2580 2065 2677 2118 τῆς
2704 2055 2970 2128 ἐπιτιμίας
2993 2056 3063 2115 ὡς
3106 2050 3245 2123 εἶχεν
3294 2049 3680 2123 ἐξαγορεύουσι,
3727 2049 3817 2109 τὰς
3865 2045 4011 2117 ὄψεις
4054 2045 4181 2098 ἁπο-

826 2152 1145 2208 contritum
1183 2150 1256 2206 to
1287 2148 1560 2221 spiritum
1602 2145 1984 2203 humiliatum
2013 2146 2024 2200 !
2057 2148 2300 2216 propter
2336 2156 2474 2215 quae
2584 2166 2597 2199 ‹

2410 2156 2474 2196 ιω
2584 2150 2907 2221 στραφέντες,
2964 2146 3054 2194 καὶ
3106 2144 3173 2193 τὰ
3230 2140 3404 2193 εἰκότα
3465 2137 3883 2211 ἐρυθριάσαντες.
3945 2134 4079 2189 Ἀλλ’
4140 2136 4181 2185 ὣ

826 2257 951 2300 non
973 2241 1168 2298 solum
1188 2255 1313 2298 non
1332 2238 1605 2311 despexit
1624 2237 1788 2293 illum
1808 2240 1994 2293 Deum
2012 2233 2313 2291 autsalute
2329 2246 2474 2305 qua—
2583 2256 2597 2287 π

2416 2246 2474 2287 a-
2583 2231 2806 2309 καρδίας
2870 2232 3066 2292 ἐκείνης
3116 2230 3553 2302 συντετριμμενης
3596 2227 3608 2281 l
3668 2230 3709 2277 ὥ
3746 2228 4182 2296 τεταπεινωμένου

825 2331 1109 2403 licunque
1138 2330 1420 2400 dignatus
1467 2334 1573 2395 est,
1617 2326 1724 2382 sed
1760 2325 2008 2381 omnino
2056 2322 2377 2395 magniﬁce
2421 2324 2477 2375 et
2584 2344 2596 2377 1

2421 2324 2477 2375 et
2584 2326 2872 2396 πνεύματος
2897 2321 2909 2376 ἓ
2935 2318 3008 2381 οἷς
3036 2324 3125 2372 καὶ
3154 2318 3260 2390 οὐχ
3308 2318 3387 2369 ὃτι
3410 2335 3470 2387 γε
3495 2318 3621 2376 Θεὸς
3662 2322 3844 2367 τοῦτον
3892 2313 3985 2366 οὐκ
4038 2313 4183 2375 ἐξου-

829 2401 1142 2493 splendide
1172 2418 1450 2475 eumdem
1497 2415 1753 2488 excepit,
1803 2412 2177 2472 admirandis
2227 2409 2477 2468 omnino
2587 2414 2600 2465 ε

2415 2424 2477 2466 ιο
2587 2409 2804 2465 δένωσεν
2855 2412 2885 2470 ἡ
2957 2413 3220 2482 σωτηρίας
3280 2406 3442 2478 ψιλῆς
3498 2403 3842 2473 κατηξίωσεν,
3904 2401 4032 2454 ἀλλὰ
4093 2406 4186 2454 καὶ

828 2508 1091 2582 praemiis
1112 2508 1314 2581 ipsum
1333 2505 1671 2563 cumulans.
1694 2505 1922 2560 Etenim
1935 2503 2029 2559 vix
2048 2501 2321 2559 audierat
2342 2514 2475 2556 ver-
2583 2501 2599 2555 l

2419 2514 2475 2554 r-
2583 2501 2821 2575 λαμπρός
2870 2502 3004 2572 ἄγαν
3052 2501 3383 2572 προσήκατο,
3444 2499 3533 2546 καὶ
3572 2493 3975 2567 μεγαλοπρεπῶς
4021 2510 4190 2565 προσ-

824 2580 996 2667 bum,
1028 2580 1165 2653 cum
1197 2612 1341 2652 mox
1369 2593 1763 2667 apprehensis
1785 2608 1973 2648 manu
2025 2590 2224 2669 scopis
2274 2594 2332 2646 et
2377 2604 2477 2645 co-
2587 2610 2595 2643 1

2412 2604 2477 2645 0·
2587 2587 2821 2653 εδέξατο,
2884 2592 2975 2640 καὶ
3044 2589 3366 2658 θαυμαστοῖς
3420 2584 3546 2643 οἵοις
3610 2580 3871 2652 ἠμείψατο
3943 2581 4183 2652 γέρασιν.

828 2687 1083 2760 phinum
1112 2686 1368 2763 humero
1383 2682 1720 2756 suscipiens
1741 2680 1947 2747 abivit,
1963 2668 2238 2752 velutqui
2251 2678 2476 2743 animo,
2588 2689 2599 2729 ι

2418 2692 2476 2743 0,
2588 2679 2699 2732 Οὐκ
2736 2680 2863 2751 ἔφθη
2910 2679 3011 2751 γὰρ
3073 2674 3321 2742 ἀκούσας,
3353 2677 3443 2725 καὶ
3493 2670 3661 2723 λαϐὼν
3708 2672 3839 2741 μετὰ
3890 2675 4075 2740 χεῖρας
4126 2668 4188 2717 τό

827 2752 1017 2834 ὗθιιω
1033 2753 1259 2847 ubique
1279 2752 1640 2847 praesentem
1654 2771 1912 2842 vidente,
1935 2774 1994 2827 et
2007 2769 2206 2826 statim
2220 2768 2479 2824 manda-
2585 2789 2598 2821 1

2420 2784 2479 2824 a-
2585 2770 2745 2821 πτύον
2786 2772 2877 2819 καὶ
2924 2764 3313 2837 ἐπωμισάμενος
3368 2765 3596 2833 κόφινον,
3657 2760 3799 2810 ὡσὰν
3839 2753 3908 2815 δὴ
3966 2759 4054 2806 καί
4104 2752 4191 2805 ἐπὶ

824 2869 956 2922 tum
977 2844 1351 2937 capessente,
1376 2877 1500 2918 non
1520 2877 1692 2917 secus
1710 2875 1898 2933 quam
1923 2859 1998 2916 de
2024 2859 2272 2930 antiquo
2294 2858 2479 2913 Israe-
2588 2879 2595 2890 ι

2423 2873 2479 2913 e-
2588 2865 2660 2928 τῷ
2710 2853 2993 2915 διαπαντός
3046 2857 3213 2925 τούτῳ
3269 2854 3400 2905 Θεὸν
3461 2852 3646 2924 ὁρῶντι
3709 2851 3800 2899 καὶ
3865 2844 4194 2918 αὐτόχρημα

827 2954 901 3011 lis
921 2930 1150 3028 populo
1182 2951 1590 3009 conﬁtebatur
1633 2930 1848 3018 David,
1887 2949 2019 3005 haec
2049 2946 2262 3004 Psalmi
2294 2945 2483 3002 verba
2588 2968 2598 3000 1

2423 2962 2483 3002 Μ.
2588 2946 2910 3000 καταστάντι
2950 2946 3049 3013 νοῖ,
3107 2942 3213 3013 οὐχ
3270 2942 3425 2999 ἧττον
3482 2939 3631 2999 αὖθις
3689 2939 3718 2993 ἤ
3773 2933 3853 2987 ἐπὶ
3908 2941 3982 3004 τῷ
4026 2930 4194 2984 πάλαι

829 3046 1171 3117 opportune
1201 3039 1787 3097 concineret.Avertit
1815 3038 1894 3094 ab
1922 3037 2209 3094 oneribus
2230 3036 2481 3092 dorsum
2590 3038 2600 3060 ’

2423 3051 2481 3091 m
2590 3036 2804 3113 Ἰσραὴλ
2859 3033 3255 3107 ἀνθομολογοῖτο
3309 3026 3474 3083 Δαϐίδ
3527 3033 3618 3080 καὶ
3676 3026 4023 3099 εὐκαιρότατα
4047 3021 4194 3093 ψαλ-

830 3112 963 3203 ejus
992 3134 1035 3201 ³,
1049 3130 1475 3202 agravioribus
1494 3130 1701 3202 utique
1715 3127 1976 3197 etmagis
1995 3125 2294 3199 pudendis
2306 3124 2481 3181 sarci--
2589 3149 2601 3201 ι

2419 3124 2481 3180 δίι-
2589 3124 2825 3201 μῳδοίη,
2856 3128 2926 3187 ὡς
2955 3125 3274 3182 Ἀηέστησεν
3300 3119 3402 3173 ἀπὸ
3430 3121 3629 3191 ἅρσεων
3658 3120 3745 3169 τόν
3796 3122 3953 3167 νῶτον
4005 3112 4190 3176 αὐτοῦ,

830 3221 924 3278 nis
953 3239 967 3288 ;
1001 3226 1057 3277 et
1085 3236 1307 3277 manus
1338 3219 1470 3291 ejus
1498 3219 1563 3274 in
1591 3216 1853 3289 cophino
1887 3216 2235 3272 servierunt.
2268 3217 2483 3271 Ferens
2510 3224 2550 3277 c
2590 3238 2601 3290 ε

2423 3228 2483 3269 ns
2510 3224 2550 3277 C
2590 3218 2999 3290 μαχθηροτέρων
3029 3232 3082 3264 τε
3126 3217 3217 3264 καὶ
3273 3210 3631 3282 αἰσχροτὶρων
3670 3201 3881 3263 δηλαδὴ
3940 3201 4194 3291 βασταγ-

828 3310 1011 3382 igitur
1029 3309 1373 3366 necessaria
1392 3309 1473 3365 ad
1490 3308 1759 3364 sordium
1777 3306 2252 3379 exportationem
2266 3304 2483 3360 instru-

2427 3319 2483 3359 ιι-
2593 3309 2792 3379 μάτων,
2837 3309 2928 3355 καὶ
2975 3304 3045 3364 ὡς
3083 3303 3139 3353 αἱ
3184 3307 3358 3374 χεῖρες
3391 3297 3551 3349 αὐτοῦ
3590 3294 3638 3347 ἐν
3686 3302 3759 3365 τῷ
3796 3296 3989 3364 κοφίνῳ
4046 3286 4198 3341 ἐδού-

830 3405 1054 3470 menta,
1088 3415 1213 3457 non
1235 3398 1434 3471 scopis
1456 3399 1675 3466 solum,
1706 3395 1815 3453 sed
1843 3396 2025 3453 etiam
2047 3393 2331 3452 manibus
2357 3409 2486 3451 eas-
2592 3396 2601 3449 ἰ

2432 3409 2486 3448 8·
2592 3396 2802 3449 λευσαν.
2862 3391 3338 3461 Διαγκαλισάμενος
3407 3383 3495 3439 οὖν
3571 3387 3637 3437 τὰ
3709 3387 3839 3458 πρός
3912 3380 4198 3455 ἐκφόρησιν

832 3489 977 3547 dem
997 3462 1062 3545 in
1088 3462 1422 3562 cophinum
1448 3462 1703 3557 collegit.
2596 3508 2603 3536 1

2596 3490 2811 3561 ὄργανα,
2847 3491 2920 3553 τῷ
2956 3483 3104 3552 πτύῳ
3130 3475 3190 3533 δέ
3229 3481 3388 3551 μόνῳ,
3446 3474 3575 3527 ἀλλὰ
3630 3477 3720 3525 καὶ
3772 3474 3959 3545 χερσίν
4016 3462 4202 3527 αύταῖς

2599 3570 2951 3647 διεχειρίζετο
2978 3572 3045 3623 τὰ
3068 3568 3397 3642 μολύσματα,
3448 3568 3537 3617 καὶ
3584 3562 3795 3635 πληρῶν
3847 3562 3936 3612 τὸν
3984 3561 4200 3631 κόφινον

2600 3662 2879 3717 ἀνετίθετο.

905 3781 994 3834 50.
1030 3772 1235 3832 Audiit
1269 3772 1402 3830 haec
1443 3785 1646 3839 senex,
1690 3767 2016 3842 statimque
2066 3767 2389 3831 emollitus,
2430 3766 2495 3824 in
2672 3791 2676 3800 ι

2435 3766 2495 3824 in
2672 3768 2729 3824 ν’.
2757 3767 2909 3821 Τοῦτ’
2966 3764 3219 3817 ἀκουσθεν
3250 3762 3276 3814 ὁ
3322 3764 3484 3835 γέρων
3533 3757 3884 3832 μειλίσσεται,
3932 3757 4025 3806 καὶ
4079 3748 4206 3826 δρο-

836 3874 1157 3926 ocCursum
1190 3862 1325 3935 ejus
1357 3860 1640 3917 velociter
1669 3858 1988 3931 egreditur,
2015 3856 2287 3930 colloque
2342 3858 2495 3915 infu-
2602 3888 2607 3933 1

2434 3875 2495 3915 u-
2602 3866 2757 3933 μαῖος
2790 3855 3085 3929 ἐφίσταται,
3141 3857 3231 3905 καὶ
3295 3852 3511 3925 περιφὺς
3572 3855 3645 3918 τῷ
3709 3844 3989 3921 τραχηιῳ,
4046 3859 4203 3913 περι-

834 3977 939 4020 sus
973 3927 1360 4014 deosculatur
1387 3927 1749 4024 frequenter,
1792 3948 2118 4021 alloquitur
2153 3927 2403 4007 dulciter
2440 3951 2497 4008 et
2602 3927 2605 3994 ί

2440 3951 2497 4008 et
2603 3950 2891 4002 επτύσσετο
2949 3945 3145 4016 συχνὰ,
3194 3938 3516 4015 προσωμίλει
3562 3932 3737 3995 ἠδὲαι
3798 3927 4120 4004 παλινῳδίαν
4148 3948 4204 3983 τε

832 4051 993 4108 dicta
1026 4046 1355 4103 retractans
1392 4022 1656 4113 appellat
1692 4037 1882 4094 ﬁlium
1921 4037 2295 4110 obedientiaa,
2337 4039 2495 4097 divi-
2602 4070 2603 4083 ι

2434 4041 2495 4097 'i-
2602 4040 2763 4111 ἄγων,
2810 4040 2982 4089 τέκνον
3022 4035 3260 4091 ὑπακοῆς
3317 4026 3587 4093 ἀπεκάλει,
3642 4029 3731 4077 καὶ
3790 4025 3920 4076 θεῖον
3977 4022 4205 4072 κατωνό-

832 4150 1104 4210 numqne
1116 4129 1431 4188 hominem
1442 4131 1758 4199 nuncupat
1782 4126 2079 4199 ;seipsum
2094 4142 2233 4183 vero
2245 4108 2492 4185 beatum
2599 4172 2603 4202 λ

2433 4145 2492 4185 m
2599 4132 2760 4202 μαζεν
2802 4127 3068 4199 ἄνθρωπον
3101 4141 3114 4155 ·
3172 4119 3394 4172 πλεῖστὰ
3438 4136 3493 4170 τε
3523 4116 3703 4169 ἑαυτόν
3742 4112 4074 4187 ἐμακάριζεν,
4129 4108 4204 4169 οἷς

832 4198 1138 4303 praedicat,
1171 4219 1393 4294 partim
1419 4217 1565 4291 quia
1594 4198 1919 4289 praefectus
1942 4215 2138 4272 fuerat
2173 4221 2352 4273 tantae
2381 4219 2493 4275 vir-
2599 4198 2603 4264 λ

2429 4219 2493 4275 ir-
2600 4220 2680 4271 ὅτι
2734 4218 2954 4285 τοιούτῳ
2993 4218 3087 4271 τὴν
3141 4209 3324 4285 ἁρετην
3382 4206 3747 4275 ἓπεστάτησεν,
3805 4203 3941 4255 ούτω
3971 4198 4200 4272 μεγαλῳ,

833 4288 973 4376 tutis
1002 4314 1153 4379 viro,
1186 4316 1311 4367 tam
1349 4322 1593 4379 magno,
1624 4311 1747 4363 tam
1789 4304 2073 4378 perfecto,
2116 4309 2240 4362 tam
2265 4307 2490 4365 incom-
2599 4332 2604 4356 1

2436 4325 2490 4365 n-
2599 4308 2735 4361 οὕτω
2786 4305 2978 4375 τελείῳ,
3039 4301 3172 4354 οὕτω
3218 4306 3329 4359 τοῖς
3376 4297 3512 4358 ὅλοις
3560 4291 3924 4368 ἀπαραμίλλῳ,
3983 4292 4073 4341 καὶ
4125 4288 4207 4349 οἷς

832 4403 1092 4481 parabili
1116 4419 1129 4469 ;
1152 4398 1373 4473 partim
1400 4396 1569 4470 quod
1584 4395 1881 4452 submotis
1894 4394 2028 4452 aliis
2042 4396 2341 4467 ejusmodi
2355 4415 2492 4454 mu-
2602 4426 2603 4435 ι

2433 4416 2492 4454 1-
2602 4393 2671 4456 δὴ
2723 4398 2844 4455 τοὺς
2885 4393 3093 4451 λοιποὺς
3140 4386 3695 4463 παραγκωνισμεάνος,
3749 4385 3841 4439 τὴν
3922 4380 4204 4450 ἠγεμονίαν

834 4470 951 4554 nus
987 4494 1116 4567 ipse
1153 4470 1308 4546 esset
1337 4485 1599 4543 sortitus.
1639 4484 1906 4557 Denique
1945 4484 2324 4557 amplexibus
2360 4487 2492 4558 ejus
2601 4512 2605 4536 1

2435 4503 2492 4543 18
2601 4486 2755 4546 αὐτὸς
2806 4483 3160 4555 ἐκληρώσατο.
3220 4477 3360 4530 Ἐπεί
3430 4470 3481 4527 δ’
3547 4473 3820 4546 αύτὰρκως
3895 4472 4024 4540 ἔσχε
4102 4473 4206 4517 τῶν

834 4552 1165 4654 utcumque
1191 4552 2224 4645 satiatus,ingreditur—cellam,-la3va
2243 4552 2490 4648 quidem
2519 4576 2562 4631 D
2603 4603 2605 4623 ι

2435 4592 2490 4633 m
2519 4576 2562 4631 D
2603 4573 2921 4647 ἀσπασμῶν,
2955 4573 3143 4623 εἴσεισι
3172 4571 3267 4625 τήν
3306 4564 3497 4627 οἰκίαν,
3533 4570 3595 4635 τῇ
3626 4561 3752 4631 λαιᾷ
3788 4563 3878 4632 μέν
3907 4567 3998 4617 τῆς
4026 4552 4206 4617 δεξιᾶς

776 4666 780 4669 ’
832 4689 1024 4733 manu
1051 4643 1361 4727 dexteram
1391 4664 1521 4735 ejus
1546 4643 1778 4731 tenens,
1801 4663 2047 4720 dextero
2077 4679 2221 4720 vero
2240 4643 2491 4723 brachio

2434 4666 2491 4723 i0
2602 4643 2867 4738 ἐχόμενος,
2901 4661 3093 4734 θατέρᾳ
3139 4653 3199 4710 δὲ
3256 4664 3356 4708 τῶν
3414 4660 3587 4705 νώτων
3638 4650 3795 4703 αύτόν
3854 4643 4205 4719 διαγκαλιζό-

834 4764 1087 4821 dorsum
1106 4758 1158 4830 ej
1169 4773 1237 4814 us
1259 4751 1671 4822 circumdans;
1704 4756 1886 4825 atque
1912 4768 1985 4809 ex
2007 4767 2077 4809 eo
2099 4756 2368 4827 tempore
2392 4754 2492 4811 illo
2602 4810 2605 4827 ,

2432 4754 2492 4811 lo
2602 4731 2772 4827 μένός,
2803 4751 2971 4804 καὶτὸ
2994 4731 3047 4811 ἐξ
3099 4746 3292 4799 ἐκείνου
3347 4742 3459 4796 οὔθ’
3504 4744 3570 4802 ὡς
3615 4741 3827 4813 μαθητῇ
3884 4731 4203 4800 παιδευτὴς,

835 4853 1037 4922 utitur,
1080 4820 1206 4905 non
1245 4848 1311 4901 ut
1346 4841 1637 4913 magister
1659 4820 1995 4914 discipulo.
2032 4820 2243 4915 neque.
2268 4847 2334 4900 ut
2368 4843 2493 4901 filio
2602 4820 2606 4888 ἶ

2436 4844 2493 4901 i0
2603 4842 2810 4903 οὗθ’ὡς
2838 4842 3013 4911 πατὴρ
3044 4839 3203 4908 τέκνῳ
3231 4838 3501 4907 χρώμενος
3560 4827 3643 4901 ἧν,
3703 4830 3773 4890 ὧς
3828 4846 3931 4880 τινι
3991 4820 4051 4878 δὲ
4103 4830 4207 4875 τῶν

835 4910 1036 5017 pater,
1074 4937 1182 4994 sed
1225 4939 1518 5006 tanquam
1566 4910 1933 4989 nobiliorum
1978 4910 2336 4989 naturarum
2388 4932 2495 4990 uni
2602 4954 2606 4985 ε

2433 4932 2495 4990 ni
2602 4934 2903 5008 κρειττόνων
2961 4929 3161 5001 φύσεων
3217 4928 3538 4999 προσανεῖχε
3583 4924 3674 4972 καὶ
3731 4914 3805 4971 δι’
3853 4912 4040 4976 αἰδοῦς
4087 4910 4204 4985 ἦγε,

837 5006 979 5091 cum
998 5006 1359 5087 verecundia
1384 5019 1733 5091 accedebat,
1758 5020 2147 5079 vehementer
2164 5022 2369 5096 ipsum
2388 5023 2493 5082 ho-
2603 5043 2608 5076 :

2076 5035 2147 5079 er
2164 5022 2369 5096 ipsum
2388 5023 2493 5082 ho-
2603 5006 2770 5077 καὶτὰ
2790 5017 2992 5094 μεγὰλα
3011 5018 3181 5089 ἐτίμα,
3202 5017 3292 5067 καὶ
3308 5014 3378 5076 ὡς
3393 5011 3528 5073 εἰκός
3549 5006 3847 5070 ἐσεϐἀζετο.

837 5135 1083 5190 norans,
1110 5121 1169 5175 et
1183 5115 1336 5172 sicut
1351 5109 1747 5169 conveniebat
1764 5110 1992 5168 colens.

914 5216 999 5268 51.
1025 5182 1325 5276 Quoniam
1341 5215 1483 5259 vero
1504 5215 1629 5257 non
1649 5200 2009 5273 expediebat
2024 5198 2337 5261 lucernam
2358 5201 2495 5261 abs-
2676 5221 2685 5253 1

2442 5220 2495 5260 s-
2676 5198 2769 5256 ναί,
2795 5199 2936 5253 Ἐπεί
2968 5191 3017 5249 δ’
3057 5193 3151 5248 οὐκ
3180 5191 3354 5269 ,ἐχρῆν
3408 5186 3643 5244 ἐπιπλίον
3695 5189 3782 5241 τόν
3833 5183 4027 5259 λύχνον
4083 5182 4211 5236 ὑπο-

839 5299 1019 5360 condi
1048 5296 1163 5355 sub
1191 5291 1400 5352 modio
1422 5293 1644 5363 (neque
1669 5272 1831 5347 enim
1857 5305 2049 5364 parva
2085 5291 2215 5350 haec
2244 5292 2495 5351 calami-
2604 5309 2610 5342 :

2442 5292 2495 5351 i-
2604 5288 2995 5365 κεκρύφθαιτόν
3044 5279 3297 5359 μέδιμνον
3342 5277 3490 5353 (ούδε
3535 5280 3637 5352 γὰρ
3692 5272 3818 5330 ούδὲ
3871 5276 4059 5350 μετρία
4103 5291 4213 5334 πως

838 5396 930 5450 tas
955 5392 1082 5446 erat
1116 5384 1280 5442 ﬁdeli
1308 5378 1555 5456 populo,
1588 5378 1907 5452 profundis
1937 5381 1999 5437 in
2025 5381 2284 5440 tenebris
2314 5382 2495 5439 ober-
2605 5402 2609 5431 1

2440 5398 2495 5439 r-
2605 5378 2830 5433 ἐντεῦθεν
2885 5373 2945 5435 ἣν
3002 5373 3027 5434 ὁ
3084 5374 3251 5446 ζημία
3303 5379 3373 5442 τῷ
3425 5368 3624 5423 εὐσεϐεῖ
3674 5371 3766 5419 καὶ
3816 5366 3934 5436 θείῳ
3993 5366 4211 5435 σχοινί-

838 5448 1015 5547 ranti,
1047 5483 1106 5535 et
1131 5448 1609 5549 graviter-valde—
1641 5467 2027 5542 prolabenti),
2074 5487 2186 5528 nec
2249 5484 2494 5546 aequum
2606 5498 2609 5516 1

2442 5484 2494 5529 ω
2606 5462 2945 5543 σματι,ὡςέν
3002 5462 3158 5538 βαθεῖ
3198 5472 3272 5535 τῷ
3328 5464 3498 5532 σκότῳ
3546 5458 3859 5531 πλανωμένῳ
3913 5458 4003 5505 καὶ
4064 5448 4213 5505 δεινὰ

839 5573 969 5629 erat
987 5545 1239 5627 omnino
1268 5560 1500 5622 obstrui
1516 5558 1745 5618 fontem
1769 5558 1936 5634 (dum
1958 5559 2131 5635 plebs
2160 5545 2495 5622 Christiana
2602 5581 2610 5615 1

2439 5578 2495 5622 Ia
2602 5555 2737 5615 πάνυ
2775 5554 3179 5634 προσπταίοντι)
3219 5557 3352 5627 μήτε
3398 5555 3502 5626 μήν
3548 5545 3837 5609 διαπαντός
3894 5548 3987 5604 τὴν
4030 5546 4210 5616 πηγήν

909 5708 933 5744 ³
954 5706 1111 5765 Psal.
1134 5717 1306 5773 Lxxx,
1326 5704 1381 5759 7.
