4484 6446
288 392 396 456 873

291 523 679 574 ἀνακόπτεσθαι
713 515 917 572 δὶκαιον
961 519 1239 591 ἑτὺγχανεν
1297 520 1371 586 ὃν,
1426 526 1516 573 τοῦ
1554 519 1680 572 λαοῦ
1737 516 1881 590 διψει
1925 523 1971 576 Α

297 613 444 663 θεὶων
507 608 956 681 λειποψυχουντος
1021 610 1286 682 ῥηματίων,
1328 614 1416 660 καί
1454 611 1516 660 τά
1556 612 1760 680 ἔσχατα
1805 629 1886 681 μι-

293 707 423 772 κροῦ
462 702 695 758 πνεοντὸς
747 716 800 749 τε
846 703 934 749 καί
978 693 1384 764 κινδυνευοντος,
1448 708 1556 758 πῶς
1621 702 1710 748 καί
1781 701 1893 749 τὶνα

295 792 487 862 τρόπον
528 790 554 839 ὃ
609 807 662 839 τε
711 785 905 857 λύχνος
946 785 1387 860 παρρησιάζεται,
1438 791 1527 838 καί
1569 791 1626 838 τό
1677 788 1892 858 ἄφθονον

297 887 392 941 τῆς
423 882 560 941 θεὶας
599 883 791 940 ταύτης
834 876 1220 950 ἀναστομουται
1270 880 1437 953 ρευμα
1486 887 1680 950 πηγῆς,
1732 883 1789 930 τὸ
1842 897 1894 930 τε

299 973 677 1042 Χριστὼνυμον
733 965 1044 1042 καταρδεὺει
1089 967 1276 1039 λαχος,
1327 973 1416 1020 καί
1456 973 1512 1020 τό
1583 969 1711 1020 θεῖον
1770 966 1894 1019 ἀνα-

300 1057 431 1117 ζωοί
474 1057 752 1131 πλήρωμα,
797 1064 911 1126 Θεῷ
967 1065 1037 1126 τῷ
1087 1065 1227 1128 σοφῷ
1290 1067 1387 1108 τῶν
1453 1059 1706 1132 ἡμετὲρων
1773 1075 1895 1128 προ-

298 1156 484 1213 νοητῆ,
513 1153 603 1200 καί
643 1151 708 1200 τά
744 1150 880 1199 κατα
932 1156 1086 1200 τοῦτο
1131 1145 1538 1220 διῳκονόμηται.
1605 1155 1734 1210 Θεὸς
1793 1152 1894 1222 γάρ

299 1236 449 1296 αὖθις
501 1235 945 1310 παρρησιάζεται,
993 1236 1124 1294 πλήν
1177 1239 1282 1309 οὐχ
1327 1241 1389 1298 ὡς
1434 1247 1506 1305 τῷ
1553 1237 1791 1311 Ἀϐρααμ
1849 1244 1897 1291 ίν

295 1334 362 1384 τῆ
411 1333 573 1382 σκηνῆ
624 1328 758 1377 κατά
797 1321 1028 1399 παροδον
1077 1324 1416 1398 ἐπιφαὶνεται,
1477 1327 1588 1380 οὔθ’
1631 1328 1699 1388 ὡς
1721 1336 1791 1397 τῷ
1821 1332 1900 1380 ἐκ·

293 1419 433 1485 γόνῳ
477 1412 663 1467 Ἰακὼϐ
712 1411 805 1466 δια
856 1415 1024 1476 παλης
1062 1433 1115 1467 τε
1181 1420 1270 1467 καί
1288 1419 1436 1476 νὶκης
1471 1412 1897 1488 διασημαίνει-αι,

295 1503 488 1567 παλης,
552 1503 767 1572 ἐκεὶνης,
828 1507 857 1562 ἡ
903 1508 959 1556 1'6
1002 1508 1138 1575 μεγα
1180 1501 1534 1577 προδιετὺπου
1582 1514 1673 1568 τῆς
1726 1516 1904 1568 κοινῆς

297 1595 447 1660 ἡμῶν
519 1597 780 1666 σωτηρὶας
848 1597 1160 1664 μυστήριον·
1239 1600 1330 1651 τήν
1374 1598 1587 1647 κενωσὶν
1641 1615 1774 1667 φημι
1815 1607 1906 1654 καί

296 1685 393 1738 τήν
425 1680 746 1754 πρόσληψιν,
770 1685 859 1732 καί
884 1685 977 1738 τήν
1026 1688 1119 1732 τοῦ
1159 1681 1578 1756 προσληφύεντος
1627 1682 1678 1746 ἐξ
1743 1684 1906 1745 αὐτῆς

298 1767 646 1842 προσλήψεως
677 1772 1068 1826 θεωσιν.Τοὺτο
1121 1774 1221 1843 γαρ
1268 1773 1415 1844 οἶμαι
1454 1777 1512 1824 τό
1561 1777 1644 1823 τὸν
1695 1772 1907 1846 Ἰσραήλ

299 1855 638 1917 ἐκνικηοῆναι
666 1863 1033 1933 προυπεφαινε,
1065 1864 1123 1912 τό
1173 1866 1265 1917 τήν
1316 1863 1567 1935 ἡμετέραν
1613 1860 1689 1913 ἐπ’
1745 1861 1908 1933 ἐτχὰ-
1940 1867 1979 1922 Β

300 1967 404 2000 των
427 1953 603 2020 φυσιν,
636 1953 730 2006 τήν
760 1951 878 2009 τὶως
926 1949 1156 2022 ἰσχυραν
1213 1956 1306 2007 τήν
1352 1951 1610 2023 ἁμαρτίαν
1650 1957 1739 2004 καί
1787 1951 1908 2024 ἀμε-

300 2039 536 2107 τάθετον,
596 2036 961 2110 ξυμπλακῆναι
1063 2047 1198 2107 Θεῷ,
1291 2043 1457 2091 εῖτουν
1515 2040 1911 2113 προσληφθῆναι

301 2131 396 2178 καί
425 2135 669 2180 τοσοῦτον
697 2127 748 2190 ἐξ
788 2128 945 2201 οὗπερ
1000 2129 1062 2186 ἧν
1101 2137 1296 2194 πεσεῖν,
1355 2133 1520 2182 εἶτουν
1581 2140 1909 2202 μεταπεσεῖν,

300 2221 368 2276 ὡς
421 2216 525 2288 οὐχ
573 2218 654 2268 ὃτι
690 2235 747 2287 γε
800 2216 1122 2286 ἁγιασοῆναι
1181 2215 1318 2289 (ἀλλ’
1373 2218 1412 2268 ὦ
1453 2227 1668 2292 aetatm)
1709 2239 1913 2291 μυστη-

299 2305 475 2378 ρὶουε
541 2307 581 2355 ὦ
637 2311 916 2380 τεραστιου
969 2310 1058 2358 καί
1124 2315 1240 2357 νουν
1291 2307 1761 2374 καταπληττοντος,
1822 2310 1912 2360 καί

300 2394 457 2465 λόγον
515 2394 914 2456 συστὲλλοντοςῐ
949 2395 968 2466 )
999 2400 1088 2446 καί
1135 2397 1408 2460 θεωθῆναι,
1449 2402 1536 2448 καί
1589 2399 1688 2450 ὑπό
1737 2401 1915 2460 πασης

300 2487 734 2557 προσκυνηθῆναι
762 2494 850 2546 τῆς
875 2490 1118 2548 κτὶσεως.
1165 2486 1302 2545 Πλην
1325 2487 1430 2560 οὐχ
1479 2492 1614 2540 οὕτω
1671 2508 1730 2560 γε
1785 2495 1916 2552 Θεος

301 2581 395 2628 καί
446 2572 596 2638 αὖθις
639 2575 1064 2650 παῤῥησιὰζεται
1118 2578 1307 2649 (ταῦτα
1364 2581 1464 2652 γάρ
1522 2578 1677 2630 οὖλον
1725 2583 1912 2648 τύπου,

301 2669 396 2716 καί
436 2671 733 2736 οικονομὶας
765 2668 998 2738 μεὶζονος
1041 2669 1496 2741 προχαραγματα)
1556 2672 1668 2718 νυνί
1713 2663 1772 2720 δέ
1823 2665 1917 2720 δια

307 2753 580 2813 triga-3706'
633 2755 896 2824 πανάγνου
938 2758 1158 2828 μητρὸς,
1220 2762 1313 2814 τῆς
1361 2756 1494 2815 θείας
1573 2761 1662 2807 καὶ
1706 2754 1916 2830 ἀχειρο-

305 2845 518 2894 τεύκτου
576 2851 790 2906 σκηνῆς,
850 2841 902 2905 ἐξ
955 2844 1016 2904 ἧς
1069 2842 1328 2917 προελθὼν
1385 2850 1783 2916 κατηγωνίσατο
1829 2849 1916 2897 τὸν

309 2929 525 3003 ἐχθρὸν,
550 2929 845 3004 διαγγέλλει
875 2936 932 2984 τὸ
985 2931 1262 3005 βουλητὸν.
1318 2930 1531 2992 Ἐπειδὴ
1575 2938 1676 3008 γαρ
1720 2933 1772 2997 ἐξ
1829 2935 1918 2986 αὖ·

311 3029 404 3080 τῆς
445 3041 496 3073 τε
565 3027 655 3073 καὶ
731 3018 806 3073 δι’
851 3021 1011 3082 αὐτῆς
1058 3021 1463 3097 ἑνανθρωπὴσας
1514 3032 1575 3082 τῆ
1627 3032 1770 3082 κοινῆ
1819 3034 1918 3076 τὼν

313 3109 595 3184 ἀνθρώπων
631 3111 1006 3186 προσωμίλησε
1063 3115 1235 3184 φύσει,
1288 3108 1382 3164 διὰ
1434 3116 1634 3176 ἡαύτης
1687 3118 1775 3166 καὶ
1830 3122 1917 3166 νῦν

311 3201 487 3268 αὖθις,
520 3204 582 3258 ἦν
636 3200 865 3272 αγγελων
907 3206 998 3253 καὶ
1053 3199 1395 3274 ἆρχαγγέλων
1445 3207 1534 3255 καὶ
1592 3211 1773 3255 πασῶν
1821 3199 1917 3256 δυ·
1947 3225 1988 3282 C

310 3291 508 3361 ναμεων
551 3294 920 3363 προτετίμηκε,
976 3295 1065 3342 καὶ
1143 3290 1310 3362 ὁμιλεῖ
1373 3297 1462 3344 καὶ
1537 3289 1789 3365 διασαφεῖ
1852 3296 1918 3345 τὰ

308 3382 442 3452 πρὸς
464 3377 627 3450 βούλη
637 3398 739 3436 σιν,

381 3466 489 3540 νβ’.
535 3474 647 3538 Μιᾲ
716 3475 842 3540 γοῦν
889 3477 988 3520 τῶν
1066 3477 1262 3521 νυκτῶν
1316 3468 1641 3543 ἓπιφαὶνεται
1673 3478 1746 3532 τῷ
1798 3490 1917 3546 πρε-

307 3555 477 3615 σϐύτη
511 3559 539 3615 ἡ
573 3558 833 3628 παναγνος
865 3557 990 3616 αὐτη
1016 3563 1284 3622 Θεοτόκος,
1306 3563 1417 3627 καὶ,
1451 3564 1533 3625 Τί,
1571 3566 1724 3632 φησὶ,
1759 3569 1914 3613 τοῦτο

304 3648 608 3713 ποιείςςῖνα
637 3650 689 3699 τί
731 3665 786 3700 τε
839 3651 1014 3718 πηγὴν
1067 3646 1410 3722 ἀναφράττεις
1475 3650 1621 3701 θείων
1679 3649 1914 3722 πολυχεύ

303 3754 440 3808 μονα
477 3734 662 3807 λόγων,
724 3740 814 3788 καὶ
866 3745 1121 3811 φωστῆρα
1176 3736 1576 3810 περικαλύπτεις
1626 3743 1739 3807 καὶ,
1813 3757 1914 3791 συ-

308 3825 548 3887 σκιάζεις
602 3828 660 3877 τὸ
720 3834 846 3897 φῶς,
900 3830 990 3877 καὶ
1063 3829 1228 3878 νύκτα
1301 3825 1634 3900 μεσημϐρίας
1710 3835 1911 3894 ποιεῐς;

305 3919 466 3986 ’Ἀφες
503 3918 590 3966 τὸν
616 3915 858 3972 Ἰωάννην
909 3923 1081 3988 κοσμῆ
1119 3935 1210 3968 και
1246 3915 1422 3988 λόγοις
1483 3921 1574 3974 τὴν
1603 3915 1916 3976 Ἐκκλησίαν

309 4011 466 4057 Θεοῦ.
515 4003 670 4076 "Agis;
719 4004 966 4080 στηρίξαι
1011 4009 1205 4063 ταυτην
1252 4012 1356 4066 τοῖς
1402 4007 1577 4079 ὀρθοῖς
1633 4003 1914 4079 δόγμασιν.

311 4092 470 4165 Ἀφες
505 4092 758 4147 ἀναλῦσαι
806 4096 874 4146 τὰ
924 4102 1023 4146 τῶν
1081 4104 1342 4167 σοφιστῶν
1384 4104 1478 4156 τῆς
1525 4100 1714 4158 κακίας
1769 4101 1918 4170 περὶ·

313 4202 444 4254 εργα
471 4202 561 4235 και
615 4179 858 4256 γριφώδη
905 4183 1271 4258 προϐλήματα.
1322 4183 1475 4257 Ἄφες
1522 4181 1785 4257 διελέγξαι
1829 4188 1920 4246 τὰς

312 4271 514 4333 ἁπατας
569 4276 760 4325 τούτων
808 4293 898 4324 και
969 4275 1035 4325 τὰ
1101 4278 1423 4346 σοφίσματα.
1505 4274 1793 4347 Περίπλεως
1833 4271 1921 4328 οὖν

312 4368 511 4436 τρόμου
537 4382 628 4416 και
675 4366 862 4436 φρίκης
911 4364 936 4414 6
985 4367 1221 4435 μοναχὸς
1274 4361 1639 4436 ἀφυπνίζεται,
1699 4384 1788 4416 και
1835 4367 1922 4416 τὸν

1276 4452 1362 4518 Ὦ,
1442 4473 1507 4524 φη
1519 4472 1622 4518 σιν,
1689 4455 1926 4527 ἄνθρωπε

313 4550 405 4596 τοῦ
429 4550 582 4608 Θεοῦ,
615 4544 707 4613 ἆγε
727 4546 785 4594 τὸ
817 4541 918 4595 ἀπὸ
966 4538 1121 4594 τοῦδε
1172 4546 1265 4600 τὴν
1325 4538 1570 4594 δοθεῖσάν
1627 4562 1710 4595 σοι
1765 4545 1927 4616 χάριν
1963 4583 2006 4636 D

313 4636 445 4705 πρὸς
466 4639 558 4684 τοῦ
586 4637 878 4705 κρείττονος
906 4630 1298 4706 παῤῥησίασον,
1326 4629 1373 4683 ἐν
1420 4632 1578 4703 ἰσχύϊ
1606 4636 1692 4690 τὴν
1760 4637 1928 4704 φωνὴν

314 4721 388 4792 fr,"
397 4740 552 4788 ωσον,
603 4721 820 4792 φθέγξαι

315 4453 558 4510 Ἰωάννην
623 4453 1023 4524 μετακαλεῖται,
1102 4473 1192 4504 και

896 4722 1111 4796 ῥήματα
1188 4723 1318 4790 θεῖα,
1387 4741 1478 4772 και
1518 4723 1695 4782 σύνθες
1746 4721 1932 4793 λόγους

320 4815 512 4884 σοφίας
559 4809 775 4884 πλήρεις
820 4817 917 4873 τῆς
965 4811 1184 4865 ἄνωθεν·
1255 4811 1425 4863 ὦπταί
1468 4829 1558 4883 μοι
1610 4813 1712 4886 γὰρ
1763 4812 1792 4870 ἡ
1841 4817 1932 4864 τοῦ

316 4904 572 4975 ἡμετέρου
628 4906 854 4977 σώτειρα
903 4904 1101 4973 γένους,
1153 4902 1183 4959 ἡ
1245 4901 1502 4972 πάναγνος
1564 4903 1804 4973 Μαριὰμ,
1857 4900 1932 4962 οἷς

316 5009 372 5044 τε
396 4995 497 5064 πρὸ
528 4997 620 5043 τοῦ
643 4986 925 5043 διεκώλυον
982 4990 1402 5064 χαλεπαινουσα,
1455 5010 1545 5043 και
1601 4990 1798 5043 ἀνεῖναι
1843 4996 1934 5042 τοῦ

316 5080 502 5134 λοιποῦ
554 5076 796 5155 σφοδρῶς
853 5085 1258 5153 κατεπείγουσα.
1300 5086 1482 5134 Τοίνυν
1553 5099 1644 5153 μοι
1705 5100 1791 5133 και
1844 5087 1936 5140 τῆς

319 5171 478 5226 εἰσέτι
497 5189 705 5243 κατασχ
719 5174 873 5232 ἐσεως
908 5171 1194 5243 σύγγνωθι·
1251 5172 1481 5244 σύγνωθι
1547 5178 1641 5232 τῆς
1697 5168 1936 5242 ἀφελείας

320 5270 396 5332 τῷ
431 5263 655 5334 γέροντι.
714 5265 816 5314 Καὶ
911 5260 962 5323 ὃς
1032 5265 1103 5334 μὴ
1173 5263 1311 5334 μέγα
1359 5265 1637 5334 φρονήσας,
1698 5256 1839 5333 μηδέ
1885 5278 1937 5311 τι

320 5349 750 5426 παρηλλαγμένον
801 5350 930 5413 ὅλως
968 5346 1377 5424 ἐπιδειξάμενος,
1435 5349 1550 5403 ἀλλ”
1609 5349 1692 5402 ἐπι
1743 5356 1936 5403 ταυτοῡ

321 5445 509 5516 μένων,
565 5460 656 5494 και
725 5445 818 5500 τὴν
901 5443 1186 5514 σύντροφον
1265 5438 1532 5514 διατηρῶν
1598 5444 1937 5514 μετριότητα,

321 5539 418 5590 τήν
467 5549 523 5584 τε
573 5529 1042 5608 ἁντισυγχώρησιν
1105 5531 1217 5604 ἅμα
1253 5536 1344 5585 καὶ
1388 5535 1482 5592 τήν
1535 5530 1701 5604 εὐχὴν
1752 5529 1941 5590 ἀπῄτει

320 5625 455 5696 πρὸς
479 5626 574 5680 τὴν
605 5619 824 5696 ὶγχείρη
834 5641 937 5677 σιν.

396 5733 478 5784 νγ.
533 5716 661 5766 Τίνα
711 5708 770 5766 δε
823 5714 930 5790 ἄρα
981 5713 1275 5769 τούντεῦθεν
1336 5711 1554 5783 ἐξέθετο,
1620 5731 1712 5766 και
1787 5711 1943 5767 ὁποῖά

759 5823 1007 5881 ΡΑτΒοι..
1034 5822 1134 5881 Gn.
1172 5823 1301 5881 CXL

1521 397 1590 452 IN
1631 396 1685 452 S.
1725 396 1919 452 JOAN.
1962 391 2457 453 DAMASCENUM.

3546 400 3657 463 876

2001 520 2324 576 verborum
2347 521 2687 578 divinorum
2712 523 2806 581 siti
2825 525 3040 583 fatiscit
3059 531 3116 584 et
3141 530 3402 584 extreme
3429 529 3661 600 pericli-

2000 615 2132 665 tans
2163 624 2318 678 aegre
2346 610 2618 682 spiritum
2641 612 2824 682 ducit)
2853 631 2963 684 age
2986 616 3260 672 videmus
3281 634 3406 689 qua
3425 618 3656 676 ratione

1999 697 2292 770 producta
2329 697 2574 756 lucerna
2613 703 2704 771 sit,
2739 708 2792 758 et
2820 704 3043 761 ﬂuento
3075 706 3302 778 copiosi
3332 706 3510 762 fontis
3540 707 3656 763 hu-

1996 786 2096 857 jus
2153 793 2413 843 reserato
2439 789 2682 859 irrigata
2710 791 3026 848 haereditas
3057 795 3549 864 Christianorum,
3599 800 3657 852 et

2001 874 2206 931 divina
2230 874 2537 946 plenitudo
2567 884 2920 947 restaurata,
2953 883 3073 937 Deo
3104 881 3286 939 rebus
3317 883 3534 940 nostris
3564 900 3656 941 sa-

2001 963 2231 1037 pienter
2282 965 2648 1038 providente,
2681 974 2736 1023 et
2767 969 2923 1026 circa
2954 971 3015 1026 id
3050 978 3380 1042 satagente.
3439 975 3655 1030 lterum

2003 1051 2162 1108 enim
2197 1051 2380 1109 libere
2395 1055 2515 1124 egit
2534 1058 2716 1113 Deus:
2743 1073 2866 1113 non
2891 1064 3088 1115 tamen
3115 1060 3285 1117 sicuti
3310 1059 3657 1119 Abrahamo

2006 1146 2294 1215 tanquam
2323 1144 2385 1199 in
2412 1147 2662 1202 transitu
2694 1149 2973 1220 apparuit
3019 1149 3173 1207 intra
3205 1151 3655 1209 tabernaculum

2007 1246 2200 1303 neque
2237 1231 2409 1288 sicuti
2434 1236 2634 1306 nepoti
2664 1240 2792 1305 ejus
2821 1238 3044 1294 Jacobo
3075 1255 3182 1310 per
3209 1239 3436 1296 luctum
3465 1246 3521 1297 et
3546 1257 3657 1313 pu-

2008 1335 2190 1389 gnam
2213 1337 2275 1376 se
2297 1322 2696 1380 manifestavit
2715 1343 2727 1390 ;
2744 1325 2927 1391 illam,
2951 1328 3224 1400 inquam,
3252 1328 3496 1396 luctam,
3521 1345 3658 1401 quae

2010 1411 2349 1466 communis
2400 1417 2617 1468 nostra;
2657 1413 2865 1470 salutis
2905 1431 3195 1486 magnum
3230 1418 3662 1489 przetigurabat

2009 1499 2361 1568 mysterium
2376 1501 2858 1558 .exinanitionem
2873 1505 3092 1561 scilicet
3113 1510 3171 1561 et
3193 1508 3658 1578 susceptionem,

2012 1592 2191 1659 atque
2238 1587 2369 1657 ejus
2401 1588 2502 1660 qui
2553 1597 2870 1662 susceptus
2916 1592 3108 1648 fuerat
3152 1609 3222 1648 ex
3275 1594 3407 1666 ipsa
3459 1611 3663 1651 susce-

2013 1676 2215 1748 ptione
2237 1675 2697 1734 deitieationem.
2717 1682 2776 1734 In
2803 1696 2924 1752 quo
2947 1697 3092 1737 sane
3118 1687 3334 1740 natura
3355 1689 3580 1754 nostra,
3599 1688 3665 1740 ut

2015 1765 2310 1832 existimo,
2331 1767 2608 1822 extremis
2630 1767 2794 1824 hisce
2819 1772 3186 1841 temporibus
3214 1773 3341 1827 visa
3370 1778 3457 1828 est
3486 1774 3666 1830 Israe-

2014 1853 2133 1909 lem
2147 1855 2541 1926 superavisse,
2559 1857 2724 1928 quod
2747 1865 2993 1914 eatenus
3010 1860 3580 1917 incommutabiliter
3596 1878 3668 1918 ac

2016 1942 2264 1998 ﬁrmiter
2288 1950 2533 2014 peccato
2561 1945 2880 2014 inhmrens,
2913 1961 3237 2018 congressa
3265 1966 3406 2006 cum
3435 1953 3553 2007 Deo
3597 1952 3672 2007 sit

2019 2037 2196 2102 atque
2223 2031 2301 2087 ab
2330 2048 2402 2088 eo
2431 2041 2766 2106 assumpta,
2796 2040 2976 2109 atque
3007 2053 3072 2093 ex
3104 2053 3176 2094 eo
3210 2054 3341 2110 lpSO
3372 2055 3476 2111 per
3505 2040 3672 2112 quod

2020 2119 2140 2177 labi
2165 2137 2236 2177 ac
2256 2120 2438 2178 relabi
2472 2121 2780 2193 debuerat,
2807 2141 2929 2181 non
2956 2131 3157 2183 solum
3190 2128 3582 2194 sanctificata,
3613 2132 3674 2199 (o

2020 2211 2400 2266 tremendum
2419 2213 2804 2284 mysterium!
2829 2230 2865 2271 ο
2888 2215 3230 2287 prodigium
3251 2216 3674 2288 obstupescere

2023 2298 2245 2355 faciens
2283 2300 2553 2356 animam
2586 2303 3000 2376 rationemque
3034 2305 3460 2362 transcendens
3487 2307 3525 2378 !)
3569 2307 3677 2364 sed

2023 2388 2202 2444 etiam
2248 2389 2522 2446 deiﬁcata
2563 2397 2620 2446 et
2657 2391 2736 2447 ab
2783 2393 3067 2448 omnibus
3093 2395 3378 2451 creaturis
3404 2395 3678 2454 adorata.

2026 2480 2153 2534 Non
2183 2483 2405 2548 tamen,
2440 2485 2500 2534 ut
2526 2478 2668 2545 dixi,
2699 2480 2774 2536 ad
2817 2481 3100 2538 eumdem
3134 2481 3386 2538 modum
3425 2499 3586 2538 nunc
3614 2482 3680 2537 li-

2023 2569 2164 2625 bere
2189 2570 2309 2640 egit
2334 2570 2484 2640 (istm
2511 2570 2671 2626 enim
2697 2571 2904 2641 ﬁgura:
2934 2578 3103 2629 erant
3134 2572 3374 2628 alterius
3401 2573 3484 2630 rei
3511 2573 3675 2630 altio-

2025 2659 2224 2732 risque
2245 2659 2676 2731 providentize),
2700 2675 2860 2716 nunc
2883 2666 3086 2718 autem
3111 2678 3216 2734 per
3236 2679 3410 2718 suam
3435 2663 3681 2735 purissi-

2025 2764 2192 2804 mam
2219 2753 2494 2818 matrem,
2523 2747 2670 2804 illud
2693 2749 2916 2806 scilicet
2944 2750 3216 2807 divinum
3243 2757 3300 2807 et
3320 2767 3442 2807 non
3468 2768 3680 2808 manu-

2025 2838 2252 2893 factum
2291 2837 2766 2906 tabernaculum,
2798 2855 2870 2894 cx
2899 2855 3023 2912 quo
3050 2840 3337 2912 prodiens
3369 2840 3681 2898 inimicum

2027 2933 2433 3001 superaverat,
2450 2928 2804 2985 voluntatem
2817 2946 2980 2986 suam
2995 2931 3374 3000 signiﬁcavit.
3391 2933 3681 2997 Quoniam

2026 3018 2186 3074 enim
2207 3033 2278 3074 ex
2304 3017 2435 3090 ipsa
2454 3022 2511 3072 et
2531 3032 2635 3089 per
2666 3018 2862 3090 ipsam
2889 3018 3082 3075 factus
3102 3019 3288 3076 homo
3319 3036 3458 3076 cum
3488 3021 3683 3078 homi-

2026 3107 2205 3163 nibus
2230 3107 2514 3177 dignatus
2529 3111 2622 3162 est
2646 3107 2988 3164 conversari
3014 3126 3027 3176 ;
3058 3123 3162 3180 per
3181 3109 3480 3176 eamdem,
3496 3126 3683 3182 quam

2028 3212 2211 3268 supra
2263 3195 2510 3266 angelos
2569 3196 3082 3269 archangelosque
3130 3203 3187 3254 et
3231 3213 3445 3254 omnes
3502 3199 3683 3256 virtu-

2026 3290 2114 3342 tes
2138 3285 2472 3355 honoravit,
2504 3284 2737 3341 locutus
2766 3292 2853 3343 est
2881 3290 2939 3344 et
2967 3287 3373 3344 manifestavit
3414 3304 3553 3361 quae
3583 3305 3681 3348 vo-

2028 3374 2212 3432 lebat.

2097 3465 2187 3518 52.
2229 3466 2380 3534 Ergo
2419 3468 2591 3521 nocte
2635 3463 2906 3537 quadam
2945 3465 3226 3538 apparuit
3264 3466 3392 3522 seni
3424 3466 3680 3540 Deipara

2025 3559 2100 3620 et,
2134 3555 2267 3623 Cur,
2299 3553 2508 3626 inquit,
2544 3554 2658 3610 hoc
2685 3554 2831 3610 facis
2854 3554 2881 3610 ‘I
2912 3555 3106 3620 Quare
3135 3555 3397 3613 obstruis
3426 3556 3676 3626 fontem,

2023 3642 2242 3700 divinis
2265 3643 2644 3699 sermonibus
2669 3643 2911 3716 copiose
2933 3649 3280 3709 scatentem,
3304 3649 3363 3702 et
3381 3645 3679 3703 luminare

2022 3731 2365 3803 abscondis,
2398 3731 2686 3788 aclucem
2711 3732 3107 3802 obumbrans,
3138 3738 3377 3790 noctem
3407 3733 3592 3791 efﬁcis
3616 3736 3678 3792 in

2024 3820 2311 3877 meridie?
2335 3821 2606 3877 Permitte
2622 3822 2919 3878 Joannem
2945 3837 3240 3878 exornare
3270 3822 3468 3880 verbis
3485 3809 3681 3881 Eccle-

2014 3910 2179 3985 lsiam
2238 3909 2338 3965 Dei
2378 3928 2392 3978 ;
2445 3910 2717 3982 permitte
2776 3916 2839 3966 ut
2887 3910 3062 3968 rectis
3107 3927 3243 3968 eam
3291 3911 3683 3984 dogmatibus

2027 3998 2305 4062 stabiliat,
2357 4000 2630 4070 permitte
2674 4003 2738 4055 ut
2770 3998 3059 4056 dissolvat
3089 4000 3407 4073 perplexas
3447 4001 3685 4060 intrica-

2027 4093 2238 4161 tasque
2269 4087 2672 4160 pessimorum
2704 4087 3108 4159 sophistarum
3136 4088 3526 4160 objectiones,
3556 4106 3686 4163 per-

2028 4177 2193 4233 mitte
2244 4181 2307 4232 ut
2329 4191 2538 4232 eorum
2569 4177 2944 4249 sophismata
2967 4181 3024 4234 et
3064 4177 3306 4235 fraudes
3328 4177 3678 4250 redarguat.

2031 4267 2120 4323 Ad
2149 4266 2279 4322 haec
2309 4265 2517 4322 timore
2538 4282 2608 4322 ac
2635 4271 2889 4323 tremore
2915 4266 3197 4340 impletus
3224 4268 3562 4325 monachus
3590 4286 3689 4326 ex-

2031 4355 2384 4430 pergiscitur
2429 4358 2722 4412 Joannem
2771 4356 3051 4425 advocat,
3082 4361 3158 4424 et,
3195 4357 3317 4422 Eia,
3351 4357 3567 4431 inquit,
3600 4360 3689 4415 vir

2036 4447 2158 4510 Dei,
2210 4444 2355 4501 data
2408 4445 2511 4500 tibi
2541 4445 2618 4501 ad
2650 4445 2900 4501 meliora
2947 4446 3139 4514 gratia
3185 4445 3369 4502 libere
3421 4464 3494 4505 ex
3525 4464 3688 4505 nunc

2038 4541 2220 4601 utere,
2253 4534 2450 4592 exalta
2486 4535 2547 4590 in
2573 4534 2917 4592 fortitudine
2949 4551 3182 4602 vocem,
3222 4535 3467 4609 loquere
3505 4538 3692 4596 verba

2038 4625 2266 4691 divina,
2290 4629 2348 4681 et
2390 4639 2689 4696 compone
2732 4639 3040 4681 sermones
3085 4625 3336 4698 delapsa
3368 4642 3441 4682 ex
3462 4627 3581 4684 alto
3603 4645 3695 4685 sa—

2039 4715 2264 4788 pientia
2291 4713 2504 4788 plenos
2539 4730 2551 4770 :
2585 4714 2868 4787 apparuit
2890 4714 3050 4770 enim
3078 4715 3224 4771 mihi
3245 4716 3478 4788 generis
3503 4718 3696 4774 nostri

2041 4803 2346 4870 salvatrix,
2373 4802 2728 4859 intemerata
2748 4803 2916 4873 virgo
2939 4803 3140 4872 Maria,
3163 4818 3526 4860 succensens
3548 4805 3697 4862 mihi

2040 4893 2187 4968 quia
2211 4897 2265 4950 te
2309 4891 2616 4966 impedivi,
2650 4907 2978 4966 severeque
3004 4892 3348 4965 injungens,
3391 4898 3457 4950 ut
3507 4899 3608 4952 tuo
3642 4900 3698 4953 te

2042 4982 2286 5041 arbitrio
2320 4983 2515 5038 sinam
2547 4996 2747 5053 agere.
2780 4982 3025 5055 Ignosce
3054 4981 3233 5053 igitur
3256 4983 3424 5057 quod
3452 4988 3506 5042 te
3531 4985 3698 5042 cohi-

2043 5072 2301 5144 buerim,
2336 5071 2582 5143 ignosce
2613 5071 2780 5129 senili
2814 5071 3195 5146 simplicitati.
3228 5075 3481 5133 Econtra
3517 5077 3702 5133 Joan-

2045 5179 2171 5234 nes,
2192 5178 2316 5220 non
2351 5163 2541 5219 elatus
2568 5161 2798 5233 animo,
2826 5177 3023 5235 neque
3055 5162 3239 5220 ullam
3265 5163 3516 5221 omnino
3547 5165 3610 5221 in
3640 5181 3704 5222 se

2048 5252 2443 5310 mutationem
2469 5251 2814 5323 ostendens,
2839 5251 2945 5308 sed
2962 5251 3024 5308 in
3045 5252 3260 5310 eodem
3285 5257 3444 5310 statu
3468 5270 3706 5327 perma-

2047 5358 2221 5414 nens,
2271 5346 2452 5416 atque
2482 5342 2840 5399 familiarem
2871 5340 2985 5398 sibi
3032 5340 3394 5399 modestiam
3420 5344 3708 5414 retinens,

2049 5433 2176 5507 ipse
2223 5435 2424 5507 potius
2467 5433 2698 5504 ignosci
2742 5431 3048 5505 sibipetiit,
3096 5437 3152 5488 et
3191 5448 3296 5506 pro
3329 5449 3393 5491 se
3424 5439 3490 5491 ut
3518 5439 3718 5493 oraret

2053 5524 2131 5582 ad
2152 5540 2282 5582 rem
2307 5523 2787 5595 aggrediendam
2813 5521 3198 5596 supplicavit.

2128 5710 2215 5765 53.
2250 5703 2464 5774 Qualia
2493 5721 2631 5766 vero
2662 5702 2880 5764 exinde
2909 5703 3550 5778 composueritetquee
3581 5702 3720 5763 scri-

3227 5816 3296 5872 28
