  <div class='ocr_page' id='page_1' title='image "/cluster/home/n/w/nwhite01/storage/ocr_20150623/140/nnc1.0046979905/451.png"; bbox 0 0 4484 6446; ppageno 0'>
   <div class='ocr_carea' id='block_1_1' title="bbox 815 446 919 500">
    <p class='ocr_par' dir='ltr' id='par_1_1' title="bbox 815 446 919 500">
     <span class='ocr_line' id='line_1_1' title="bbox 815 446 919 500; baseline 0.019 -2"><span class='ocrx_word' id='word_1_1' title='bbox 815 446 919 500; x_wconf 83' lang='lat'>875</span> 
     </span>
    </p>
   </div>
   <div class='ocr_carea' id='block_1_2' title="bbox 2012 424 2988 487">
    <p class='ocr_par' dir='ltr' id='par_1_2' title="bbox 2012 424 2988 487">
     <span class='ocr_line' id='line_1_2' title="bbox 2012 424 2988 487; baseline -0.005 -2"><span class='ocrx_word' id='word_1_2' title='bbox 2012 428 2471 487; x_wconf 80' lang='lat' dir='ltr'>CONSTANTINI</span> <span class='ocrx_word' id='word_1_3' title='bbox 2508 424 2988 482; x_wconf 68' lang='lat' dir='ltr'>ACBOPOLIT/E.</span> 
     </span>
    </p>
   </div>
   <div class='ocr_carea' id='block_1_3' title="bbox 4075 423 4180 476">
    <p class='ocr_par' dir='ltr' id='par_1_3' title="bbox 4075 423 4180 476">
     <span class='ocr_line' id='line_1_3' title="bbox 4075 423 4180 476; baseline 0 -1"><span class='ocrx_word' id='word_1_4' title='bbox 4075 423 4180 476; x_wconf 84' lang='lat'>876</span> 
     </span>
    </p>
   </div>
   <div class='ocr_carea' id='block_1_4' title="bbox 812 549 2583 639">
    <p class='ocr_par' dir='ltr' id='par_1_4' title="bbox 812 555 2549 639">
     <span class='ocr_line' id='line_1_4' title="bbox 812 555 2549 639; baseline -0.009 -17"><span class='ocrx_word' id='word_1_5' title='bbox 812 567 1019 639; x_wconf 87' lang='lat' dir='ltr'>pserit,</span> <span class='ocrx_word' id='word_1_6' title='bbox 1067 564 1231 629; x_wconf 84' lang='lat' dir='ltr'>longi</span> <span class='ocrx_word' id='word_1_7' title='bbox 1286 560 1573 633; x_wconf 89' lang='lat' dir='ltr'>temporis</span> <span class='ocrx_word' id='word_1_8' title='bbox 1628 557 1963 630; x_wconf 85' lang='lat' dir='ltr'>prolixique</span> <span class='ocrx_word' id='word_1_9' title='bbox 1996 555 2287 610; x_wconf 77' lang='lat' dir='ltr'>sermonis</span> <span class='ocrx_word' id='word_1_10' title='bbox 2318 569 2472 624; x_wconf 87' lang='lat' dir='ltr'>opus</span> <span class='ocrx_word' id='word_1_11' title='bbox 2509 557 2549 607; x_wconf 78' lang='grc' dir='ltr'><strong>Α</strong></span> 
     </span>
    </p>
   </div>
   <div class='ocr_carea' id='block_1_5' title="bbox 2407 549 4178 639">
    <p class='ocr_par' dir='ltr' id='par_1_5' title="bbox 2407 549 4178 622">
     <span class='ocr_line' id='line_1_5' title="bbox 2407 549 4178 622; baseline -0.005 -18"><span class='ocrx_word' id='word_1_12' title='bbox 2407 569 2472 606; x_wconf 87' lang='lat' dir='ltr'>us</span> <span class='ocrx_word' id='word_1_13' title='bbox 2509 557 2549 607; x_wconf 78' lang='grc' dir='ltr'><strong>Α</strong></span> <span class='ocrx_word' id='word_1_14' title='bbox 2583 570 2641 620; x_wconf 85' lang='grc' dir='ltr'>γε</span> <span class='ocrx_word' id='word_1_15' title='bbox 2670 549 3048 622; x_wconf 67' lang='grc' dir='ltr'>συνεγράψατο,</span> <span class='ocrx_word' id='word_1_16' title='bbox 3083 555 3287 621; x_wconf 71' lang='grc' dir='ltr'>μακροῦ</span> <span class='ocrx_word' id='word_1_17' title='bbox 3323 551 3525 608; x_wconf 83' lang='grc' dir='ltr'>πάντως</span> <span class='ocrx_word' id='word_1_18' title='bbox 3576 568 3667 599; x_wconf 86' lang='grc' dir='ltr'>του</span> <span class='ocrx_word' id='word_1_19' title='bbox 3725 566 3920 619; x_wconf 71' lang='grc' dir='ltr'>χρόνον</span> <span class='ocrx_word' id='word_1_20' title='bbox 3960 564 4049 595; x_wconf 91' lang='grc' dir='ltr'>και</span> <span class='ocrx_word' id='word_1_21' title='bbox 4088 551 4178 595; x_wconf 70' lang='grc' dir='ltr'>τού</span> 
     </span>
    </p>
   </div>
   <div class='ocr_carea' id='block_1_6' title="bbox 818 642 2473 727">
    <p class='ocr_par' dir='ltr' id='par_1_6' title="bbox 818 642 2473 727">
     <span class='ocr_line' id='line_1_6' title="bbox 818 642 2473 727; baseline -0.011 -14"><span class='ocrx_word' id='word_1_22' title='bbox 818 658 967 712; x_wconf 85' lang='lat' dir='ltr'>foret</span> <span class='ocrx_word' id='word_1_23' title='bbox 995 669 1294 727; x_wconf 83' lang='lat' dir='ltr'>exponere</span> <span class='ocrx_word' id='word_1_24' title='bbox 1328 671 1340 706; x_wconf 75' lang='grc' dir='ltr'>ε</span> <span class='ocrx_word' id='word_1_25' title='bbox 1376 653 1554 716; x_wconf 76' lang='lat' dir='ltr'>igitur</span> <span class='ocrx_word' id='word_1_26' title='bbox 1586 664 1778 720; x_wconf 86' lang='lat' dir='ltr'>neque</span> <span class='ocrx_word' id='word_1_27' title='bbox 1801 646 2006 701; x_wconf 85' lang='lat' dir='ltr'>omnia</span> <span class='ocrx_word' id='word_1_28' title='bbox 2038 661 2231 716; x_wconf 90' lang='lat' dir='ltr'>neque</span> <span class='ocrx_word' id='word_1_29' title='bbox 2266 642 2473 697; x_wconf 86' lang='lat' dir='ltr'>ordine</span> 
     </span>
    </p>
   </div>
   <div class='ocr_carea' id='block_1_7' title="bbox 820 733 2471 813">
    <p class='ocr_par' dir='ltr' id='par_1_7' title="bbox 820 733 2471 813">
     <span class='ocr_line' id='line_1_7' title="bbox 820 733 2471 813; baseline -0.011 -10"><span class='ocrx_word' id='word_1_30' title='bbox 820 763 932 802; x_wconf 89' lang='lat' dir='ltr'>suo</span> <span class='ocrx_word' id='word_1_31' title='bbox 979 746 1200 809; x_wconf 89' lang='lat' dir='ltr'>dicam,</span> <span class='ocrx_word' id='word_1_32' title='bbox 1244 742 1347 797; x_wconf 91' lang='lat' dir='ltr'>sed</span> <span class='ocrx_word' id='word_1_33' title='bbox 1390 754 1587 813; x_wconf 89' lang='lat' dir='ltr'>pauca</span> <span class='ocrx_word' id='word_1_34' title='bbox 1636 736 1993 799; x_wconf 83' lang='lat' dir='ltr'>admodum,</span> <span class='ocrx_word' id='word_1_35' title='bbox 2041 751 2176 805; x_wconf 61' lang='lat' dir='ltr'>quae</span> <span class='ocrx_word' id='word_1_36' title='bbox 2227 733 2366 786; x_wconf 89' lang='lat' dir='ltr'>mihi</span> <span class='ocrx_word' id='word_1_37' title='bbox 2414 733 2471 785; x_wconf 90' lang='lat' dir='ltr'>in</span> 
     </span>
    </p>
   </div>
   <div class='ocr_carea' id='block_1_8' title="bbox 818 823 2469 896">
    <p class='ocr_par' dir='ltr' id='par_1_8' title="bbox 818 823 2469 896">
     <span class='ocr_line' id='line_1_8' title="bbox 818 823 2469 896; baseline -0.01 -6"><span class='ocrx_word' id='word_1_38' title='bbox 818 840 1079 890; x_wconf 85' lang='lat' dir='ltr'>mentem</span> <span class='ocrx_word' id='word_1_39' title='bbox 1106 832 1364 895; x_wconf 79' lang='lat' dir='ltr'>venient,</span> <span class='ocrx_word' id='word_1_40' title='bbox 1393 826 1674 883; x_wconf 86' lang='lat' dir='ltr'>indicabo</span> <span class='ocrx_word' id='word_1_41' title='bbox 1701 843 1711 879; x_wconf 92' lang='lat'>:</span> <span class='ocrx_word' id='word_1_42' title='bbox 1741 824 1954 896; x_wconf 80' lang='lat' dir='ltr'>partim</span> <span class='ocrx_word' id='word_1_43' title='bbox 1984 829 2043 877; x_wconf 92' lang='lat' dir='ltr'>ut</span> <span class='ocrx_word' id='word_1_44' title='bbox 2066 823 2152 878; x_wconf 86' lang='lat' dir='ltr'>iis.</span> <span class='ocrx_word' id='word_1_45' title='bbox 2184 823 2282 891; x_wconf 89' lang='lat' dir='ltr'>qui</span> <span class='ocrx_word' id='word_1_46' title='bbox 2321 823 2469 891; x_wconf 84' lang='lat' dir='ltr'>ipsa,</span> 
     </span>
    </p>
   </div>
   <div class='ocr_carea' id='block_1_9' title="bbox 814 910 2473 994">
    <p class='ocr_par' dir='ltr' id='par_1_9' title="bbox 814 910 2473 994">
     <span class='ocr_line' id='line_1_9' title="bbox 814 910 2473 994; baseline -0.01 -16"><span class='ocrx_word' id='word_1_47' title='bbox 814 925 943 994; x_wconf 89' lang='lat' dir='ltr'>jam</span> <span class='ocrx_word' id='word_1_48' title='bbox 979 929 1155 977; x_wconf 85' lang='lat' dir='ltr'>antea</span> <span class='ocrx_word' id='word_1_49' title='bbox 1186 923 1498 982; x_wconf 89' lang='lat' dir='ltr'>noverunt,</span> <span class='ocrx_word' id='word_1_50' title='bbox 1522 914 1872 969; x_wconf 75' lang='lat' dir='ltr'>memoriam</span> <span class='ocrx_word' id='word_1_51' title='bbox 1897 926 2175 965; x_wconf 82' lang='lat' dir='ltr'>renovem</span> <span class='ocrx_word' id='word_1_52' title='bbox 2204 928 2217 969; x_wconf 85' lang='lat'>:</span> <span class='ocrx_word' id='word_1_53' title='bbox 2261 910 2473 980; x_wconf 82' lang='lat' dir='ltr'>partim</span> 
     </span>
    </p>
   </div>
   <div class='ocr_carea' id='block_1_10' title="bbox 822 999 2473 1078">
    <p class='ocr_par' dir='ltr' id='par_1_10' title="bbox 822 999 2473 1078">
     <span class='ocr_line' id='line_1_10' title="bbox 822 999 2473 1078; baseline -0.011 -10"><span class='ocrx_word' id='word_1_54' title='bbox 822 1018 1044 1068; x_wconf 90' lang='lat' dir='ltr'>utnota</span> <span class='ocrx_word' id='word_1_55' title='bbox 1076 1012 1289 1066; x_wconf 83' lang='lat' dir='ltr'>faciam</span> <span class='ocrx_word' id='word_1_56' title='bbox 1314 1007 1521 1078; x_wconf 90' lang='lat' dir='ltr'>iis.qui</span> <span class='ocrx_word' id='word_1_57' title='bbox 1550 1020 1758 1059; x_wconf 85' lang='lat' dir='ltr'>eorum</span> <span class='ocrx_word' id='word_1_58' title='bbox 1792 1002 2190 1070; x_wconf 80' lang='lat' dir='ltr'>cognitionem</span> <span class='ocrx_word' id='word_1_59' title='bbox 2218 999 2473 1053; x_wconf 69' lang='lat' dir='ltr'>net-dum</span> 
     </span>
    </p>
   </div>
   <div class='ocr_carea' id='block_1_11' title="bbox 820 1087 2475 1161">
    <p class='ocr_par' dir='ltr' id='par_1_11' title="bbox 820 1087 2475 1161">
     <span class='ocr_line' id='line_1_11' title="bbox 820 1087 2475 1161; baseline -0.011 -3"><span class='ocrx_word' id='word_1_60' title='bbox 820 1108 959 1158; x_wconf 84' lang='lat' dir='ltr'>sunt</span> <span class='ocrx_word' id='word_1_61' title='bbox 1004 1101 1279 1157; x_wconf 81' lang='lat' dir='ltr'>assecuti.</span> <span class='ocrx_word' id='word_1_62' title='bbox 1328 1095 1640 1152; x_wconf 83' lang='lat' dir='ltr'>Exornavil</span> <span class='ocrx_word' id='word_1_63' title='bbox 1688 1108 1800 1159; x_wconf 88' lang='lat' dir='ltr'>ego</span> <span class='ocrx_word' id='word_1_64' title='bbox 1850 1091 2113 1161; x_wconf 89' lang='lat' dir='ltr'>primum</span> <span class='ocrx_word' id='word_1_65' title='bbox 2167 1087 2475 1142; x_wconf 89' lang='lat' dir='ltr'>concinnis</span> 
     </span>
    </p>
   </div>
   <div class='ocr_carea' id='block_1_12' title="bbox 824 1177 2474 1259">
    <p class='ocr_par' dir='ltr' id='par_1_12' title="bbox 824 1177 2474 1259">
     <span class='ocr_line' id='line_1_12' title="bbox 824 1177 2474 1259; baseline -0.011 -13"><span class='ocrx_word' id='word_1_66' title='bbox 824 1192 946 1246; x_wconf 88' lang='lat' dir='ltr'>suis</span> <span class='ocrx_word' id='word_1_67' title='bbox 960 1189 1235 1245; x_wconf 86' lang='lat' dir='ltr'>melodiis</span> <span class='ocrx_word' id='word_1_68' title='bbox 1253 1186 1603 1259; x_wconf 65' lang='lat' dir='ltr'>praeclaram</span> <span class='ocrx_word' id='word_1_69' title='bbox 1626 1179 1947 1235; x_wconf 80' lang='lat' dir='ltr'>Salvatoris</span> <span class='ocrx_word' id='word_1_70' title='bbox 1961 1194 2124 1233; x_wconf 85' lang='lat' dir='ltr'>ressu</span> <span class='ocrx_word' id='word_1_71' title='bbox 2134 1177 2474 1237; x_wconf 89' lang='lat' dir='ltr'>rectionem,</span> 
     </span>
    </p>
   </div>
   <div class='ocr_carea' id='block_1_13' title="bbox 823 1265 2476 1351">
    <p class='ocr_par' dir='ltr' id='par_1_13' title="bbox 823 1265 2476 1351">
     <span class='ocr_line' id='line_1_13' title="bbox 823 1265 2476 1351; baseline -0.01 -18"><span class='ocrx_word' id='word_1_72' title='bbox 823 1280 1002 1351; x_wconf 89' lang='lat' dir='ltr'>idque</span> <span class='ocrx_word' id='word_1_73' title='bbox 1016 1296 1137 1334; x_wconf 91' lang='lat' dir='ltr'>non</span> <span class='ocrx_word' id='word_1_74' title='bbox 1157 1275 1500 1348; x_wconf 87' lang='lat' dir='ltr'>simpliciter</span> <span class='ocrx_word' id='word_1_75' title='bbox 1515 1271 1619 1325; x_wconf 82' lang='lat' dir='ltr'>sed</span> <span class='ocrx_word' id='word_1_76' title='bbox 1641 1268 1957 1323; x_wconf 86' lang='lat' dir='ltr'>multifarie</span> <span class='ocrx_word' id='word_1_77' title='bbox 1972 1284 2039 1321; x_wconf 85' lang='lat' dir='ltr'>ac</span> <span class='ocrx_word' id='word_1_78' title='bbox 2054 1265 2476 1329; x_wconf 81' lang='lat' dir='ltr'>diversimode,</span> 
     </span>
    </p>
   </div>
   <div class='ocr_carea' id='block_1_14' title="bbox 826 1356 2479 1429">
    <p class='ocr_par' dir='ltr' id='par_1_14' title="bbox 826 1356 2479 1429">
     <span class='ocr_line' id='line_1_14' title="bbox 826 1356 2479 1429; baseline -0.014 -1"><span class='ocrx_word' id='word_1_79' title='bbox 826 1377 1001 1429; x_wconf 89' lang='lat' dir='ltr'>inven</span> <span class='ocrx_word' id='word_1_80' title='bbox 1011 1370 1169 1423; x_wconf 66' lang='lat' dir='ltr'>tione-</span> <span class='ocrx_word' id='word_1_81' title='bbox 1182 1366 1488 1420; x_wconf 83' lang='lat' dir='ltr'>variarum</span> <span class='ocrx_word' id='word_1_82' title='bbox 1508 1360 1786 1413; x_wconf 86' lang='lat' dir='ltr'>cantionu</span> <span class='ocrx_word' id='word_1_83' title='bbox 1798 1372 1851 1410; x_wconf 70' lang='lat' dir='ltr'>ir</span> <span class='ocrx_word' id='word_1_84' title='bbox 1868 1356 2231 1425; x_wconf 77' lang='lat' dir='ltr'>,alternuque</span> <span class='ocrx_word' id='word_1_85' title='bbox 2246 1370 2479 1408; x_wconf 87' lang='lat' dir='ltr'>earum-</span> 
     </span>
    </p>
   </div>
   <div class='ocr_carea' id='block_1_15' title="bbox 824 1442 2474 1518">
    <p class='ocr_par' dir='ltr' id='par_1_15' title="bbox 824 1442 2474 1518">
     <span class='ocr_line' id='line_1_15' title="bbox 824 1442 2474 1518; baseline -0.015 0"><span class='ocrx_word' id='word_1_86' title='bbox 824 1464 964 1518; x_wconf 89' lang='lat' dir='ltr'>dem</span> <span class='ocrx_word' id='word_1_87' title='bbox 984 1461 1137 1514; x_wconf 90' lang='lat' dir='ltr'>inter</span> <span class='ocrx_word' id='word_1_88' title='bbox 1159 1470 1220 1510; x_wconf 91' lang='lat' dir='ltr'>se</span> <span class='ocrx_word' id='word_1_89' title='bbox 1243 1450 1588 1509; x_wconf 86' lang='lat' dir='ltr'>mirabiliter</span> <span class='ocrx_word' id='word_1_90' title='bbox 1615 1460 2025 1501; x_wconf 76' lang='lat' dir='ltr'>connexarum</span> <span class='ocrx_word' id='word_1_91' title='bbox 2046 1442 2474 1497; x_wconf 81' lang='lat' dir='ltr'>vicissitudine.</span> 
     </span>
    </p>
   </div>
   <div class='ocr_carea' id='block_1_16' title="bbox 829 1531 2475 1618">
    <p class='ocr_par' dir='ltr' id='par_1_16' title="bbox 829 1531 2475 1618">
     <span class='ocr_line' id='line_1_16' title="bbox 829 1531 2475 1618; baseline -0.015 -10"><span class='ocrx_word' id='word_1_92' title='bbox 829 1551 941 1608; x_wconf 85' lang='lat' dir='ltr'>Sed</span> <span class='ocrx_word' id='word_1_93' title='bbox 990 1554 1047 1603; x_wconf 92' lang='lat' dir='ltr'>et</span> <span class='ocrx_word' id='word_1_94' title='bbox 1093 1561 1203 1618; x_wconf 91' lang='lat' dir='ltr'>pro</span> <span class='ocrx_word' id='word_1_95' title='bbox 1236 1540 1478 1612; x_wconf 86' lang='lat' dir='ltr'>reliquis</span> <span class='ocrx_word' id='word_1_96' title='bbox 1509 1536 1693 1595; x_wconf 87' lang='lat' dir='ltr'>festis,</span> <span class='ocrx_word' id='word_1_97' title='bbox 1732 1533 1952 1606; x_wconf 86' lang='lat' dir='ltr'>quibus</span> <span class='ocrx_word' id='word_1_98' title='bbox 2000 1533 2273 1597; x_wconf 74' lang='lat' dir='ltr'>religiosa</span> <span class='ocrx_word' id='word_1_99' title='bbox 2307 1531 2475 1602; x_wconf 74' lang='lat' dir='ltr'>plebs</span> 
     </span>
    </p>
   </div>
   <div class='ocr_carea' id='block_1_17' title="bbox 826 1621 2476 1708">
    <p class='ocr_par' dir='ltr' id='par_1_17' title="bbox 826 1621 2476 1708">
     <span class='ocr_line' id='line_1_17' title="bbox 826 1621 2476 1708; baseline -0.014 -13"><span class='ocrx_word' id='word_1_100' title='bbox 826 1640 1244 1708; x_wconf 76' lang='lat' dir='ltr'>congregatur,</span> <span class='ocrx_word' id='word_1_101' title='bbox 1273 1644 1461 1685; x_wconf 90' lang='lat' dir='ltr'>unum</span> <span class='ocrx_word' id='word_1_102' title='bbox 1495 1623 1739 1695; x_wconf 88' lang='lat' dir='ltr'>aliquod</span> <span class='ocrx_word' id='word_1_103' title='bbox 1763 1621 1872 1675; x_wconf 90' lang='lat' dir='ltr'>sibi</span> <span class='ocrx_word' id='word_1_104' title='bbox 1900 1636 2246 1692; x_wconf 82' lang='lat' dir='ltr'>proponens</span> <span class='ocrx_word' id='word_1_105' title='bbox 2268 1635 2476 1675; x_wconf 91' lang='lat' dir='ltr'>eorum</span> 
     </span>
    </p>
   </div>
   <div class='ocr_carea' id='block_1_18' title="bbox 826 1709 2479 1801">
    <p class='ocr_par' dir='ltr' id='par_1_18' title="bbox 826 1709 2479 1801">
     <span class='ocr_line' id='line_1_18' title="bbox 826 1709 2479 1801; baseline -0.014 -16"><span class='ocrx_word' id='word_1_106' title='bbox 826 1725 1273 1801; x_wconf 89' lang='lat' dir='ltr'>mysteriorum,</span> <span class='ocrx_word' id='word_1_107' title='bbox 1320 1732 1456 1788; x_wconf 63' lang='lat' dir='ltr'>quae</span> <span class='ocrx_word' id='word_1_108' title='bbox 1488 1713 1777 1769; x_wconf 86' lang='lat' dir='ltr'>Dominus</span> <span class='ocrx_word' id='word_1_109' title='bbox 1810 1726 1878 1765; x_wconf 89' lang='lat' dir='ltr'>ac</span> <span class='ocrx_word' id='word_1_110' title='bbox 1910 1709 2250 1779; x_wconf 88' lang='lat' dir='ltr'>redemptor</span> <span class='ocrx_word' id='word_1_111' title='bbox 2278 1715 2479 1763; x_wconf 88' lang='lat' dir='ltr'>noster</span> 
     </span>
    </p>
   </div>
   <div class='ocr_carea' id='block_1_19' title="bbox 831 1797 2475 1875">
    <p class='ocr_par' dir='ltr' id='par_1_19' title="bbox 831 1797 2475 1875">
     <span class='ocr_line' id='line_1_19' title="bbox 831 1797 2475 1875; baseline -0.015 -1"><span class='ocrx_word' id='word_1_112' title='bbox 831 1797 1016 1874; x_wconf 84' lang='lat' dir='ltr'>homo</span> <span class='ocrx_word' id='word_1_113' title='bbox 1068 1813 1262 1868; x_wconf 86' lang='lat' dir='ltr'>factus</span> <span class='ocrx_word' id='word_1_114' title='bbox 1304 1802 1642 1875; x_wconf 89' lang='lat' dir='ltr'>complevit,</span> <span class='ocrx_word' id='word_1_115' title='bbox 1689 1798 1948 1871; x_wconf 89' lang='lat' dir='ltr'>plurima</span> <span class='ocrx_word' id='word_1_116' title='bbox 1987 1814 2178 1868; x_wconf 74' lang='lat' dir='ltr'>eaque</span> <span class='ocrx_word' id='word_1_117' title='bbox 2211 1797 2475 1868; x_wconf 84' lang='lat' dir='ltr'>pulcher-</span> 
     </span>
    </p>
   </div>
   <div class='ocr_carea' id='block_1_20' title="bbox 825 1888 2549 1972">
    <p class='ocr_par' dir='ltr' id='par_1_20' title="bbox 825 1888 2549 1972">
     <span class='ocr_line' id='line_1_20' title="bbox 825 1888 2549 1972; baseline -0.016 -10"><span class='ocrx_word' id='word_1_118' title='bbox 825 1907 980 1961; x_wconf 90' lang='lat' dir='ltr'>rima</span> <span class='ocrx_word' id='word_1_119' title='bbox 1009 1896 1369 1972; x_wconf 88' lang='lat' dir='ltr'>composuit.</span> <span class='ocrx_word' id='word_1_120' title='bbox 1402 1890 1621 1946; x_wconf 92' lang='lat' dir='ltr'>Deinde</span> <span class='ocrx_word' id='word_1_121' title='bbox 1671 1888 1848 1942; x_wconf 90' lang='lat' dir='ltr'>etiam</span> <span class='ocrx_word' id='word_1_122' title='bbox 1876 1892 2217 1940; x_wconf 86' lang='lat' dir='ltr'>sanctorum</span> <span class='ocrx_word' id='word_1_123' title='bbox 2251 1900 2475 1938; x_wconf 87' lang='lat' dir='ltr'>memo-</span> <span class='ocrx_word' id='word_1_124' title='bbox 2508 1902 2549 1956; x_wconf 76' lang='grc' dir='ltr'>Β</span> 
     </span>
    </p>
   </div>
   <div class='ocr_carea' id='block_1_21' title="bbox 826 1978 2476 2050">
    <p class='ocr_par' dir='ltr' id='par_1_21' title="bbox 826 1978 2476 2050">
     <span class='ocr_line' id='line_1_21' title="bbox 826 1978 2476 2050; baseline -0.016 0"><span class='ocrx_word' id='word_1_125' title='bbox 826 1995 945 2050; x_wconf 90' lang='lat' dir='ltr'>rias</span> <span class='ocrx_word' id='word_1_126' title='bbox 976 1988 1241 2046; x_wconf 91' lang='lat' dir='ltr'>similiter</span> <span class='ocrx_word' id='word_1_127' title='bbox 1265 1978 1621 2047; x_wconf 87' lang='lat' dir='ltr'>honestavit,</span> <span class='ocrx_word' id='word_1_128' title='bbox 1655 1978 1736 2032; x_wconf 91' lang='lat' dir='ltr'>ita</span> <span class='ocrx_word' id='word_1_129' title='bbox 1767 1980 1831 2030; x_wconf 92' lang='lat' dir='ltr'>ut</span> <span class='ocrx_word' id='word_1_130' title='bbox 1856 1979 2088 2029; x_wconf 90' lang='lat' dir='ltr'>tantum</span> <span class='ocrx_word' id='word_1_131' title='bbox 2119 1989 2240 2027; x_wconf 91' lang='lat' dir='ltr'>non</span> <span class='ocrx_word' id='word_1_132' title='bbox 2266 1988 2476 2027; x_wconf 88' lang='lat' dir='ltr'>omnes</span> 
     </span>
    </p>
   </div>
   <div class='ocr_carea' id='block_1_22' title="bbox 828 2062 2476 2138">
    <p class='ocr_par' dir='ltr' id='par_1_22' title="bbox 828 2062 2476 2138">
     <span class='ocr_line' id='line_1_22' title="bbox 828 2062 2476 2138; baseline -0.021 1"><span class='ocrx_word' id='word_1_133' title='bbox 828 2083 905 2138; x_wconf 89' lang='lat' dir='ltr'>ad</span> <span class='ocrx_word' id='word_1_134' title='bbox 938 2080 1191 2136; x_wconf 84' lang='lat' dir='ltr'>similem</span> <span class='ocrx_word' id='word_1_135' title='bbox 1222 2073 1411 2129; x_wconf 85' lang='lat' dir='ltr'>zelum</span> <span class='ocrx_word' id='word_1_136' title='bbox 1439 2068 1670 2131; x_wconf 86' lang='lat' dir='ltr'>evehat,</span> <span class='ocrx_word' id='word_1_137' title='bbox 1713 2071 1891 2135; x_wconf 85' lang='lat' dir='ltr'>atque</span> <span class='ocrx_word' id='word_1_138' title='bbox 1924 2062 1999 2117; x_wconf 91' lang='lat' dir='ltr'>ad</span> <span class='ocrx_word' id='word_1_139' title='bbox 2031 2062 2225 2133; x_wconf 87' lang='lat' dir='ltr'>ipsam</span> <span class='ocrx_word' id='word_1_140' title='bbox 2267 2078 2476 2116; x_wconf 62' lang='lat' dir='ltr'>eorum</span> 
     </span>
    </p>
   </div>
   <div class='ocr_carea' id='block_1_23' title="bbox 827 2151 2477 2231">
    <p class='ocr_par' dir='ltr' id='par_1_23' title="bbox 827 2151 2477 2231">
     <span class='ocr_line' id='line_1_23' title="bbox 827 2151 2477 2231; baseline -0.014 -4"><span class='ocrx_word' id='word_1_141' title='bbox 827 2169 1219 2226; x_wconf 81' lang='lat' dir='ltr'>imitationem</span> <span class='ocrx_word' id='word_1_142' title='bbox 1267 2162 1586 2231; x_wconf 83' lang='lat' dir='ltr'>disponat;</span> <span class='ocrx_word' id='word_1_143' title='bbox 1620 2154 1758 2209; x_wconf 83' lang='lat' dir='ltr'>facit</span> <span class='ocrx_word' id='word_1_144' title='bbox 1792 2152 1951 2207; x_wconf 89' lang='lat' dir='ltr'>enim</span> <span class='ocrx_word' id='word_1_145' title='bbox 2004 2151 2081 2204; x_wconf 88' lang='lat' dir='ltr'>ad</span> <span class='ocrx_word' id='word_1_146' title='bbox 2132 2151 2477 2221; x_wconf 82' lang='lat' dir='ltr'>exemplum</span> 
     </span>
    </p>
   </div>
   <div class='ocr_carea' id='block_1_24' title="bbox 827 2240 2476 2329">
    <p class='ocr_par' dir='ltr' id='par_1_24' title="bbox 827 2240 2476 2329">
     <span class='ocr_line' id='line_1_24' title="bbox 827 2240 2476 2329; baseline -0.015 -13"><span class='ocrx_word' id='word_1_147' title='bbox 827 2264 1165 2329; x_wconf 87' lang='lat' dir='ltr'>martyrum</span> <span class='ocrx_word' id='word_1_148' title='bbox 1199 2262 1543 2321; x_wconf 86' lang='lat' dir='ltr'>generosos,</span> <span class='ocrx_word' id='word_1_149' title='bbox 1577 2244 1923 2315; x_wconf 88' lang='lat' dir='ltr'>quicunque</span> <span class='ocrx_word' id='word_1_150' title='bbox 1962 2242 2037 2295; x_wconf 89' lang='lat' dir='ltr'>ad</span> <span class='ocrx_word' id='word_1_151' title='bbox 2074 2240 2476 2295; x_wconf 86' lang='lat' dir='ltr'>concinemlos</span> 
     </span>
    </p>
   </div>
   <div class='ocr_carea' id='block_1_25' title="bbox 828 2327 2479 2419">
    <p class='ocr_par' dir='ltr' id='par_1_25' title="bbox 828 2327 2479 2419">
     <span class='ocr_line' id='line_1_25' title="bbox 828 2327 2479 2419; baseline -0.015 -14"><span class='ocrx_word' id='word_1_152' title='bbox 828 2327 1163 2419; x_wconf 73' lang='lat' dir='ltr'>martyrum</span> <span class='ocrx_word' id='word_1_153' title='bbox 1190 2343 1454 2412; x_wconf 86' lang='lat' dir='ltr'>hymnos</span> <span class='ocrx_word' id='word_1_154' title='bbox 1485 2331 1861 2396; x_wconf 87' lang='lat' dir='ltr'>accesserint,</span> <span class='ocrx_word' id='word_1_155' title='bbox 1894 2336 1951 2384; x_wconf 91' lang='lat' dir='ltr'>et</span> <span class='ocrx_word' id='word_1_156' title='bbox 1975 2329 2049 2383; x_wconf 90' lang='lat' dir='ltr'>ad</span> <span class='ocrx_word' id='word_1_157' title='bbox 2080 2346 2281 2396; x_wconf 91' lang='lat' dir='ltr'>omne,</span> <span class='ocrx_word' id='word_1_158' title='bbox 2311 2327 2479 2400; x_wconf 91' lang='lat' dir='ltr'>quod</span> 
     </span>
    </p>
   </div>
   <div class='ocr_carea' id='block_1_26' title="bbox 828 2417 2480 2495">
    <p class='ocr_par' dir='ltr' id='par_1_26' title="bbox 828 2417 2480 2495">
     <span class='ocr_line' id='line_1_26' title="bbox 828 2417 2480 2495; baseline -0.015 0"><span class='ocrx_word' id='word_1_159' title='bbox 828 2417 1130 2495; x_wconf 87' lang='lat' dir='ltr'>terrenum</span> <span class='ocrx_word' id='word_1_160' title='bbox 1164 2430 1255 2485; x_wconf 92' lang='lat' dir='ltr'>vel</span> <span class='ocrx_word' id='word_1_161' title='bbox 1283 2424 1523 2483; x_wconf 90' lang='lat' dir='ltr'>carnale</span> <span class='ocrx_word' id='word_1_162' title='bbox 1553 2426 1658 2479; x_wconf 86' lang='lat' dir='ltr'>est.</span> <span class='ocrx_word' id='word_1_163' title='bbox 1689 2420 1771 2473; x_wconf 89' lang='lat' dir='ltr'>sic</span> <span class='ocrx_word' id='word_1_164' title='bbox 1794 2417 2057 2488; x_wconf 80' lang='lat' dir='ltr'>affectos,</span> <span class='ocrx_word' id='word_1_165' title='bbox 2086 2417 2480 2489; x_wconf 88' lang='lat' dir='ltr'>quemadmo-</span> 
     </span>
    </p>
   </div>
   <div class='ocr_carea' id='block_1_27' title="bbox 828 2507 2478 2595">
    <p class='ocr_par' dir='ltr' id='par_1_27' title="bbox 828 2507 2478 2595">
     <span class='ocr_line' id='line_1_27' title="bbox 828 2507 2478 2595; baseline -0.016 -10"><span class='ocrx_word' id='word_1_166' title='bbox 828 2529 977 2584; x_wconf 90' lang='lat' dir='ltr'>dum</span> <span class='ocrx_word' id='word_1_167' title='bbox 1007 2524 1045 2579; x_wconf 92' lang='lat' dir='ltr'>ii</span> <span class='ocrx_word' id='word_1_168' title='bbox 1075 2522 1178 2595; x_wconf 90' lang='lat' dir='ltr'>qui</span> <span class='ocrx_word' id='word_1_169' title='bbox 1203 2519 1327 2575; x_wconf 89' lang='lat' dir='ltr'>istis</span> <span class='ocrx_word' id='word_1_170' title='bbox 1353 2513 1689 2586; x_wconf 88' lang='lat' dir='ltr'>superiores</span> <span class='ocrx_word' id='word_1_171' title='bbox 1742 2514 1942 2563; x_wconf 88' lang='lat' dir='ltr'>sancte</span> <span class='ocrx_word' id='word_1_172' title='bbox 1969 2507 2260 2575; x_wconf 78' lang='lat' dir='ltr'>vixerunt,</span> <span class='ocrx_word' id='word_1_173' title='bbox 2289 2521 2478 2578; x_wconf 90' lang='lat' dir='ltr'>quan-</span> 
     </span>
    </p>
   </div>
   <div class='ocr_carea' id='block_1_28' title="bbox 830 2596 2481 2686">
    <p class='ocr_par' dir='ltr' id='par_1_28' title="bbox 830 2596 2481 2686">
     <span class='ocr_line' id='line_1_28' title="bbox 830 2596 2481 2686; baseline -0.014 -12"><span class='ocrx_word' id='word_1_174' title='bbox 830 2619 1152 2686; x_wconf 89' lang='lat' dir='ltr'>docunque</span> <span class='ocrx_word' id='word_1_175' title='bbox 1211 2604 1578 2664; x_wconf 87' lang='lat' dir='ltr'>laudatorias</span> <span class='ocrx_word' id='word_1_176' title='bbox 1626 2600 1700 2654; x_wconf 92' lang='lat' dir='ltr'>de</span> <span class='ocrx_word' id='word_1_177' title='bbox 1730 2599 1799 2652; x_wconf 90' lang='lat' dir='ltr'>iis</span> <span class='ocrx_word' id='word_1_178' title='bbox 1826 2598 2131 2668; x_wconf 83' lang='lat' dir='ltr'>componit</span> <span class='ocrx_word' id='word_1_179' title='bbox 2180 2596 2330 2651; x_wconf 89' lang='lat' dir='ltr'>odas</span> <span class='ocrx_word' id='word_1_180' title='bbox 2377 2596 2481 2667; x_wconf 88' lang='lat' dir='ltr'>qui</span> 
     </span>
    </p>
   </div>
   <div class='ocr_carea' id='block_1_29' title="bbox 829 2686 2481 2772">
    <p class='ocr_par' dir='ltr' id='par_1_29' title="bbox 829 2686 2481 2772">
     <span class='ocr_line' id='line_1_29' title="bbox 829 2686 2481 2772; baseline -0.015 -8"><span class='ocrx_word' id='word_1_181' title='bbox 829 2710 1009 2763; x_wconf 90' lang='lat' dir='ltr'>vitam</span> <span class='ocrx_word' id='word_1_182' title='bbox 1044 2706 1126 2759; x_wconf 91' lang='lat' dir='ltr'>sic</span> <span class='ocrx_word' id='word_1_183' title='bbox 1164 2700 1415 2772; x_wconf 87' lang='lat' dir='ltr'>egerunt</span> <span class='ocrx_word' id='word_1_184' title='bbox 1445 2711 1458 2749; x_wconf 88' lang='lat'><strong>:</strong></span> <span class='ocrx_word' id='word_1_185' title='bbox 1490 2705 1714 2762; x_wconf 87' lang='lat' dir='ltr'>eosque</span> <span class='ocrx_word' id='word_1_186' title='bbox 1756 2688 1881 2742; x_wconf 90' lang='lat' dir='ltr'>suis</span> <span class='ocrx_word' id='word_1_187' title='bbox 1921 2686 2262 2755; x_wconf 83' lang='lat' dir='ltr'>gloriﬁcans</span> <span class='ocrx_word' id='word_1_188' title='bbox 2299 2688 2481 2742; x_wconf 89' lang='lat' dir='ltr'>canti-</span> 
     </span>
    </p>
   </div>
   <div class='ocr_carea' id='block_1_30' title="bbox 830 2775 2479 2855">
    <p class='ocr_par' dir='ltr' id='par_1_30' title="bbox 830 2775 2479 2855">
     <span class='ocr_line' id='line_1_30' title="bbox 830 2775 2479 2855; baseline -0.017 -1"><span class='ocrx_word' id='word_1_189' title='bbox 830 2799 945 2855; x_wconf 89' lang='lat' dir='ltr'>bus</span> <span class='ocrx_word' id='word_1_190' title='bbox 975 2794 1124 2850; x_wconf 88' lang='lat' dir='ltr'>alios</span> <span class='ocrx_word' id='word_1_191' title='bbox 1148 2806 1217 2846; x_wconf 89' lang='lat' dir='ltr'>ex</span> <span class='ocrx_word' id='word_1_192' title='bbox 1250 2786 1403 2845; x_wconf 87' lang='lat' dir='ltr'>aliis,</span> <span class='ocrx_word' id='word_1_193' title='bbox 1450 2783 1734 2836; x_wconf 87' lang='lat' dir='ltr'>canentes</span> <span class='ocrx_word' id='word_1_194' title='bbox 1777 2777 1912 2831; x_wconf 92' lang='lat' dir='ltr'>dico</span> <span class='ocrx_word' id='word_1_195' title='bbox 1942 2782 1998 2830; x_wconf 89' lang='lat' dir='ltr'>et</span> <span class='ocrx_word' id='word_1_196' title='bbox 2043 2776 2370 2837; x_wconf 88' lang='lat' dir='ltr'>audientes,</span> <span class='ocrx_word' id='word_1_197' title='bbox 2406 2775 2479 2829; x_wconf 87' lang='lat' dir='ltr'>si-</span> 
     </span>
    </p>
   </div>
   <div class='ocr_carea' id='block_1_31' title="bbox 831 2863 2485 2943">
    <p class='ocr_par' dir='ltr' id='par_1_31' title="bbox 831 2863 2485 2943">
     <span class='ocr_line' id='line_1_31' title="bbox 831 2863 2485 2943; baseline -0.015 0"><span class='ocrx_word' id='word_1_198' title='bbox 831 2885 959 2943; x_wconf 92' lang='lat' dir='ltr'>mul</span> <span class='ocrx_word' id='word_1_199' title='bbox 988 2895 1200 2939; x_wconf 90' lang='lat' dir='ltr'>omnes</span> <span class='ocrx_word' id='word_1_200' title='bbox 1230 2876 1306 2932; x_wconf 90' lang='lat' dir='ltr'>ad</span> <span class='ocrx_word' id='word_1_201' title='bbox 1355 2871 1607 2928; x_wconf 89' lang='lat' dir='ltr'>meliora</span> <span class='ocrx_word' id='word_1_202' title='bbox 1635 2882 1705 2923; x_wconf 90' lang='lat' dir='ltr'>ac</span> <span class='ocrx_word' id='word_1_203' title='bbox 1737 2864 2031 2920; x_wconf 78' lang='lat' dir='ltr'>diviniora</span> <span class='ocrx_word' id='word_1_204' title='bbox 2080 2864 2347 2919; x_wconf 86' lang='lat' dir='ltr'>tansfert.</span> <span class='ocrx_word' id='word_1_205' title='bbox 2382 2863 2485 2919; x_wconf 89' lang='lat' dir='ltr'>Illa</span> 
     </span>
    </p>
   </div>
   <div class='ocr_carea' id='block_1_32' title="bbox 828 2952 2484 3049">
    <p class='ocr_par' dir='ltr' id='par_1_32' title="bbox 828 2952 2484 3049">
     <span class='ocr_line' id='line_1_32' title="bbox 828 2952 2484 3049; baseline -0.016 -17"><span class='ocrx_word' id='word_1_206' title='bbox 828 2990 1031 3049; x_wconf 89' lang='lat' dir='ltr'>porro,</span> <span class='ocrx_word' id='word_1_207' title='bbox 1063 2986 1196 3043; x_wconf 83' lang='lat' dir='ltr'>quae</span> <span class='ocrx_word' id='word_1_208' title='bbox 1244 2964 1411 3021; x_wconf 89' lang='lat' dir='ltr'>aliter</span> <span class='ocrx_word' id='word_1_209' title='bbox 1434 2958 1649 3015; x_wconf 75' lang='lat' dir='ltr'>diffuse</span> <span class='ocrx_word' id='word_1_210' title='bbox 1693 2955 1985 3026; x_wconf 84' lang='lat' dir='ltr'>exposuit,</span> <span class='ocrx_word' id='word_1_211' title='bbox 2015 2952 2152 3025; x_wconf 90' lang='lat' dir='ltr'>quis</span> <span class='ocrx_word' id='word_1_212' title='bbox 2182 2952 2377 3008; x_wconf 87' lang='lat' dir='ltr'>valeat</span> <span class='ocrx_word' id='word_1_213' title='bbox 2405 2953 2484 3007; x_wconf 91' lang='lat' dir='ltr'>si-</span> 
     </span>
    </p>
   </div>
   <div class='ocr_carea' id='block_1_33' title="bbox 834 3050 1490 3137">
    <p class='ocr_par' dir='ltr' id='par_1_33' title="bbox 834 3050 1490 3137">
     <span class='ocr_line' id='line_1_33' title="bbox 834 3050 1490 3137; baseline -0.026 -16"><span class='ocrx_word' id='word_1_214' title='bbox 834 3063 1081 3137; x_wconf 88' lang='lat' dir='ltr'>gillatim</span> <span class='ocrx_word' id='word_1_215' title='bbox 1108 3067 1425 3114; x_wconf 88' lang='lat' dir='ltr'>numerare</span> <span class='ocrx_word' id='word_1_216' title='bbox 1462 3050 1490 3103; x_wconf 69' lang='lat'>‘2</span> 
     </span>
    </p>
   </div>
   <div class='ocr_carea' id='block_1_34' title="bbox 907 3132 2489 3209">
    <p class='ocr_par' dir='ltr' id='par_1_34' title="bbox 907 3132 2489 3209">
     <span class='ocr_line' id='line_1_34' title="bbox 907 3132 2489 3209; baseline -0.013 0"><span class='ocrx_word' id='word_1_217' title='bbox 907 3156 992 3209; x_wconf 82' lang='grc'>54.</span> <span class='ocrx_word' id='word_1_218' title='bbox 1023 3152 1305 3205; x_wconf 71' lang='lat' dir='ltr'>Caeterum</span> <span class='ocrx_word' id='word_1_219' title='bbox 1351 3143 1478 3196; x_wconf 67' lang='lat' dir='ltr'>hinc</span> <span class='ocrx_word' id='word_1_220' title='bbox 1518 3136 1754 3208; x_wconf 86' lang='lat' dir='ltr'>aliaque</span> <span class='ocrx_word' id='word_1_221' title='bbox 1813 3133 2132 3202; x_wconf 89' lang='lat' dir='ltr'>dimittam,</span> <span class='ocrx_word' id='word_1_222' title='bbox 2178 3132 2489 3205; x_wconf 91' lang='lat' dir='ltr'>quomodo</span> 
     </span>
    </p>
   </div>
   <div class='ocr_carea' id='block_1_35' title="bbox 2556 2234 2995 2309">
    <p class='ocr_par' dir='ltr' id='par_1_35' title="bbox 2556 2234 2995 2309">
     <span class='ocr_line' id='line_1_35' title="bbox 2556 2234 2995 2309; baseline -0.009 -23"><span class='ocrx_word' id='word_1_223' title='bbox 2556 2234 2563 2240; x_wconf 63' lang='grc'><strong>’</strong></span> <span class='ocrx_word' id='word_1_224' title='bbox 2588 2254 2689 2309; x_wconf 86' lang='grc' dir='ltr'>ρων</span> <span class='ocrx_word' id='word_1_225' title='bbox 2748 2238 2995 2304; x_wconf 75' lang='grc' dir='ltr'>συνείρων</span> 
     </span>
    </p>
   </div>
   <div class='ocr_carea' id='block_1_36' title="bbox 2584 635 4182 710">
    <p class='ocr_par' dir='ltr' id='par_1_36' title="bbox 2584 635 4182 710">
     <span class='ocr_line' id='line_1_36' title="bbox 2584 635 4182 710; baseline -0.005 -20"><span class='ocrx_word' id='word_1_226' title='bbox 2584 639 2736 710; x_wconf 71' lang='grc' dir='ltr'>λόγου</span> <span class='ocrx_word' id='word_1_227' title='bbox 2761 635 2997 710; x_wconf 66' lang='grc' dir='ltr'>δεόμενα·</span> <span class='ocrx_word' id='word_1_228' title='bbox 3048 658 3152 708; x_wconf 84' lang='grc' dir='ltr'>ουχ</span> <span class='ocrx_word' id='word_1_229' title='bbox 3206 638 3409 688; x_wconf 66' lang='grc' dir='ltr'>ἅπαντα</span> <span class='ocrx_word' id='word_1_230' title='bbox 3460 644 3548 708; x_wconf 74' lang='grc' dir='ltr'>μὲν</span> <span class='ocrx_word' id='word_1_231' title='bbox 3593 640 3727 688; x_wconf 78' lang='grc' dir='ltr'>κατὰ</span> <span class='ocrx_word' id='word_1_232' title='bbox 3775 637 3972 709; x_wconf 72' lang='grc' dir='ltr'>ῥυθμόν</span> <span class='ocrx_word' id='word_1_233' title='bbox 4024 639 4182 684; x_wconf 73' lang='grc' dir='ltr'>είποιο</span> 
     </span>
    </p>
   </div>
   <div class='ocr_carea' id='block_1_37' title="bbox 2585 722 4177 797">
    <p class='ocr_par' dir='ltr' id='par_1_37' title="bbox 2585 722 4177 797">
     <span class='ocr_line' id='line_1_37' title="bbox 2585 722 4177 797; baseline -0.006 -19"><span class='ocrx_word' id='word_1_234' title='bbox 2585 727 2887 797; x_wconf 64' lang='grc' dir='ltr'>μεν,όλίγα,</span> <span class='ocrx_word' id='word_1_235' title='bbox 2948 722 3007 777; x_wconf 67' lang='grc' dir='ltr'>δὲ</span> <span class='ocrx_word' id='word_1_236' title='bbox 3054 726 3187 789; x_wconf 75' lang='grc' dir='ltr'>λίαν,</span> <span class='ocrx_word' id='word_1_237' title='bbox 3240 745 3328 775; x_wconf 73' lang='grc' dir='ltr'>και</span> <span class='ocrx_word' id='word_1_238' title='bbox 3376 727 3476 776; x_wconf 85' lang='grc' dir='ltr'>ὃσα</span> <span class='ocrx_word' id='word_1_239' title='bbox 3528 746 3613 775; x_wconf 83' lang='grc' dir='ltr'>νυν</span> <span class='ocrx_word' id='word_1_240' title='bbox 3673 727 3793 795; x_wconf 69' lang='grc' dir='ltr'>ἡμῖν</span> <span class='ocrx_word' id='word_1_241' title='bbox 3842 723 3913 782; x_wconf 80' lang='grc' dir='ltr'>εὶς</span> <span class='ocrx_word' id='word_1_242' title='bbox 3970 728 4177 792; x_wconf 74' lang='grc' dir='ltr'>μνήμην</span> 
     </span>
    </p>
   </div>
   <div class='ocr_carea' id='block_1_38' title="bbox 2585 809 4178 885">
    <p class='ocr_par' dir='ltr' id='par_1_38' title="bbox 2585 809 4178 885">
     <span class='ocr_line' id='line_1_38' title="bbox 2585 809 4178 885; baseline -0.005 -19"><span class='ocrx_word' id='word_1_243' title='bbox 2585 812 3042 885; x_wconf 70' lang='grc' dir='ltr'>ἡκειὸη).ωσομεν,</span> <span class='ocrx_word' id='word_1_244' title='bbox 3098 833 3250 863; x_wconf 83' lang='grc' dir='ltr'>τουτο</span> <span class='ocrx_word' id='word_1_245' title='bbox 3296 818 3384 884; x_wconf 70' lang='grc' dir='ltr'>μὲν</span> <span class='ocrx_word' id='word_1_246' title='bbox 3437 818 3551 872; x_wconf 82' lang='grc' dir='ltr'>τούς</span> <span class='ocrx_word' id='word_1_247' title='bbox 3605 815 3898 883; x_wconf 73' lang='grc' dir='ltr'>φθάσαντας</span> <span class='ocrx_word' id='word_1_248' title='bbox 3956 809 4178 861; x_wconf 68' lang='grc' dir='ltr'>ἐπελθεῖν</span> 
     </span>
    </p>
   </div>
   <div class='ocr_carea' id='block_1_39' title="bbox 2587 898 4177 975">
    <p class='ocr_par' dir='ltr' id='par_1_39' title="bbox 2587 898 4177 975">
     <span class='ocr_line' id='line_1_39' title="bbox 2587 898 4177 975; baseline -0.004 -22"><span class='ocrx_word' id='word_1_249' title='bbox 2587 903 3079 975; x_wconf 64' lang='grc' dir='ltr'>ἀναμιμνήσκοντες,</span> <span class='ocrx_word' id='word_1_250' title='bbox 3140 921 3293 952; x_wconf 82' lang='grc' dir='ltr'>τουτο</span> <span class='ocrx_word' id='word_1_251' title='bbox 3354 898 3412 952; x_wconf 74' lang='grc' dir='ltr'>δὲ</span> <span class='ocrx_word' id='word_1_252' title='bbox 3457 922 3545 952; x_wconf 88' lang='grc' dir='ltr'>και</span> <span class='ocrx_word' id='word_1_253' title='bbox 3597 910 3701 960; x_wconf 87' lang='grc' dir='ltr'>τοῖς</span> <span class='ocrx_word' id='word_1_254' title='bbox 3759 907 3915 971; x_wconf 69' lang='grc' dir='ltr'>μήπω</span> <span class='ocrx_word' id='word_1_255' title='bbox 3964 917 4177 969; x_wconf 84' lang='grc' dir='ltr'>περιτυ-</span> 
     </span>
    </p>
   </div>
   <div class='ocr_carea' id='block_1_40' title="bbox 2585 992 4179 1065">
    <p class='ocr_par' dir='ltr' id='par_1_40' title="bbox 2585 992 4179 1065">
     <span class='ocr_line' id='line_1_40' title="bbox 2585 992 4179 1065; baseline -0.004 -23"><span class='ocrx_word' id='word_1_256' title='bbox 2585 1011 2751 1063; x_wconf 73' lang='grc' dir='ltr'>χουσι</span> <span class='ocrx_word' id='word_1_257' title='bbox 2789 992 3146 1065; x_wconf 76' lang='grc' dir='ltr'>γνωρίζοντες.</span> <span class='ocrx_word' id='word_1_258' title='bbox 3202 997 3399 1061; x_wconf 83' lang='grc' dir='ltr'>Κοσμεί</span> <span class='ocrx_word' id='word_1_259' title='bbox 3449 994 3539 1061; x_wconf 76' lang='grc' dir='ltr'>μὲν</span> <span class='ocrx_word' id='word_1_260' title='bbox 3601 1000 3688 1041; x_wconf 80' lang='grc' dir='ltr'>ουν</span> <span class='ocrx_word' id='word_1_261' title='bbox 3734 993 3799 1040; x_wconf 80' lang='grc' dir='ltr'>τὰ</span> <span class='ocrx_word' id='word_1_262' title='bbox 3842 998 4023 1060; x_wconf 78' lang='grc' dir='ltr'>πρωτα</span> <span class='ocrx_word' id='word_1_263' title='bbox 4072 994 4179 1045; x_wconf 86' lang='grc' dir='ltr'>τοῖς</span> 
     </span>
    </p>
   </div>
   <div class='ocr_carea' id='block_1_41' title="bbox 2590 1075 4181 1153">
    <p class='ocr_par' dir='ltr' id='par_1_41' title="bbox 2590 1075 4181 1153">
     <span class='ocr_line' id='line_1_41' title="bbox 2590 1075 4181 1153; baseline -0.004 -22"><span class='ocrx_word' id='word_1_264' title='bbox 2590 1088 2873 1153; x_wconf 80' lang='grc' dir='ltr'>στιχηροῖς</span> <span class='ocrx_word' id='word_1_265' title='bbox 2909 1079 3067 1130; x_wconf 81' lang='grc' dir='ltr'>αύτού</span> <span class='ocrx_word' id='word_1_266' title='bbox 3099 1075 3440 1150; x_wconf 69' lang='grc' dir='ltr'>μελῳδήμασι</span> <span class='ocrx_word' id='word_1_267' title='bbox 3493 1084 3586 1135; x_wconf 80' lang='grc' dir='ltr'>τήν</span> <span class='ocrx_word' id='word_1_268' title='bbox 3643 1086 3732 1129; x_wconf 80' lang='grc' dir='ltr'>τού</span> <span class='ocrx_word' id='word_1_269' title='bbox 3777 1084 4009 1148; x_wconf 71' lang='grc' dir='ltr'>Σωτῆρος</span> <span class='ocrx_word' id='word_1_270' title='bbox 4064 1095 4181 1144; x_wconf 37' lang='lat' dir='ltr'>glau-</span> 
     </span>
    </p>
   </div>
   <div class='ocr_carea' id='block_1_42' title="bbox 2589 1166 4178 1240">
    <p class='ocr_par' dir='ltr' id='par_1_42' title="bbox 2589 1166 4178 1240">
     <span class='ocr_line' id='line_1_42' title="bbox 2589 1166 4178 1240; baseline -0.004 -21"><span class='ocrx_word' id='word_1_271' title='bbox 2589 1166 2719 1240; x_wconf 72' lang='grc' dir='ltr'>δρᾶν</span> <span class='ocrx_word' id='word_1_272' title='bbox 2757 1167 3118 1229; x_wconf 78' lang='grc' dir='ltr'>ἐξανάστασιν·</span> <span class='ocrx_word' id='word_1_273' title='bbox 3173 1186 3261 1217; x_wconf 87' lang='grc' dir='ltr'>και</span> <span class='ocrx_word' id='word_1_274' title='bbox 3339 1168 3443 1238; x_wconf 82' lang='grc' dir='ltr'>ούχ</span> <span class='ocrx_word' id='word_1_275' title='bbox 3522 1167 3695 1226; x_wconf 76' lang='grc' dir='ltr'>ἁπλῶς</span> <span class='ocrx_word' id='word_1_276' title='bbox 3761 1166 3894 1217; x_wconf 70' lang='grc' dir='ltr'>οὕτω</span> <span class='ocrx_word' id='word_1_277' title='bbox 3971 1170 4178 1234; x_wconf 83' lang='grc' dir='ltr'>κοσμεῖ,</span> 
     </span>
    </p>
   </div>
   <div class='ocr_carea' id='block_1_43' title="bbox 2588 1251 4185 1326">
    <p class='ocr_par' dir='ltr' id='par_1_43' title="bbox 2588 1251 4185 1326">
     <span class='ocr_line' id='line_1_43' title="bbox 2588 1251 4185 1326; baseline -0.004 -18"><span class='ocrx_word' id='word_1_278' title='bbox 2588 1255 2874 1317; x_wconf 77' lang='grc' dir='ltr'>πολυειδῶς</span> <span class='ocrx_word' id='word_1_279' title='bbox 2908 1252 2965 1308; x_wconf 73' lang='grc' dir='ltr'>δὲ</span> <span class='ocrx_word' id='word_1_280' title='bbox 2996 1275 3085 1306; x_wconf 88' lang='grc' dir='ltr'>και</span> <span class='ocrx_word' id='word_1_281' title='bbox 3116 1255 3377 1319; x_wconf 70' lang='grc' dir='ltr'>ποικίλως,</span> <span class='ocrx_word' id='word_1_282' title='bbox 3421 1256 3581 1325; x_wconf 72' lang='grc' dir='ltr'>μελῶν</span> <span class='ocrx_word' id='word_1_283' title='bbox 3632 1275 3683 1307; x_wconf 85' lang='grc' dir='ltr'>τε</span> <span class='ocrx_word' id='word_1_284' title='bbox 3728 1251 4000 1326; x_wconf 64' lang='grc' dir='ltr'>διαφόροις</span> <span class='ocrx_word' id='word_1_285' title='bbox 4050 1254 4185 1322; x_wconf 66' lang='grc' dir='ltr'>εὗρέ-</span> 
     </span>
    </p>
   </div>
   <div class='ocr_carea' id='block_1_44' title="bbox 2594 1341 4181 1415">
    <p class='ocr_par' dir='ltr' id='par_1_44' title="bbox 2594 1341 4181 1415">
     <span class='ocr_line' id='line_1_44' title="bbox 2594 1341 4181 1415; baseline -0.004 -19"><span class='ocrx_word' id='word_1_286' title='bbox 2594 1364 2709 1396; x_wconf 92' lang='grc' dir='ltr'>σεσι</span> <span class='ocrx_word' id='word_1_287' title='bbox 2738 1365 2826 1395; x_wconf 84' lang='grc' dir='ltr'>και</span> <span class='ocrx_word' id='word_1_288' title='bbox 2869 1348 3180 1415; x_wconf 73' lang='grc' dir='ltr'>θαυμαστῶς</span> <span class='ocrx_word' id='word_1_289' title='bbox 3234 1352 3353 1404; x_wconf 78' lang='grc' dir='ltr'>οιως</span> <span class='ocrx_word' id='word_1_290' title='bbox 3402 1343 3854 1415; x_wconf 73' lang='grc' dir='ltr'>ἐναλλαττομέναις</span> <span class='ocrx_word' id='word_1_291' title='bbox 3904 1341 4181 1411; x_wconf 84' lang='grc' dir='ltr'>ἐγγύτησι·</span> 
     </span>
    </p>
   </div>
   <div class='ocr_carea' id='block_1_45' title="bbox 2588 1430 4189 1505">
    <p class='ocr_par' dir='ltr' id='par_1_45' title="bbox 2588 1430 4189 1505">
     <span class='ocr_line' id='line_1_45' title="bbox 2588 1430 4189 1505; baseline -0.003 -20"><span class='ocrx_word' id='word_1_292' title='bbox 2588 1436 2682 1485; x_wconf 75' lang='grc' dir='ltr'>κάν</span> <span class='ocrx_word' id='word_1_293' title='bbox 2712 1444 2827 1495; x_wconf 87' lang='grc' dir='ltr'>ταῖς</span> <span class='ocrx_word' id='word_1_294' title='bbox 2847 1436 3055 1494; x_wconf 74' lang='grc' dir='ltr'>λοιπαῖς</span> <span class='ocrx_word' id='word_1_295' title='bbox 3081 1431 3140 1485; x_wconf 73' lang='grc' dir='ltr'>δὲ</span> <span class='ocrx_word' id='word_1_296' title='bbox 3165 1442 3265 1484; x_wconf 83' lang='grc' dir='ltr'>τῶν</span> <span class='ocrx_word' id='word_1_297' title='bbox 3310 1436 3664 1505; x_wconf 81' lang='grc' dir='ltr'>πανηγύρεων,</span> <span class='ocrx_word' id='word_1_298' title='bbox 3724 1432 3795 1504; x_wconf 73' lang='grc' dir='ltr'>ἐφ’</span> <span class='ocrx_word' id='word_1_299' title='bbox 3853 1433 3935 1490; x_wconf 85' lang='grc' dir='ltr'>αἶς</span> <span class='ocrx_word' id='word_1_300' title='bbox 3982 1433 4006 1481; x_wconf 93' lang='grc' dir='ltr'>ό</span> <span class='ocrx_word' id='word_1_301' title='bbox 4049 1430 4189 1481; x_wconf 77' lang='grc' dir='ltr'>εύσε-</span> 
     </span>
    </p>
   </div>
   <div class='ocr_carea' id='block_1_46' title="bbox 2589 1522 4188 1592">
    <p class='ocr_par' dir='ltr' id='par_1_46' title="bbox 2589 1522 4188 1592">
     <span class='ocr_line' id='line_1_46' title="bbox 2589 1522 4188 1592; baseline -0.004 -17"><span class='ocrx_word' id='word_1_302' title='bbox 2589 1524 2681 1583; x_wconf 74' lang='grc' dir='ltr'>6ης</span> <span class='ocrx_word' id='word_1_303' title='bbox 2727 1524 2849 1584; x_wconf 72' lang='grc' dir='ltr'>λεὼς</span> <span class='ocrx_word' id='word_1_304' title='bbox 2888 1523 3209 1592; x_wconf 77' lang='grc' dir='ltr'>ἐνθεάζομεν.</span> <span class='ocrx_word' id='word_1_305' title='bbox 3271 1524 3319 1574; x_wconf 84' lang='grc' dir='ltr'>ἓν</span> <span class='ocrx_word' id='word_1_306' title='bbox 3366 1542 3418 1573; x_wconf 87' lang='grc' dir='ltr'>τι</span> <span class='ocrx_word' id='word_1_307' title='bbox 3468 1525 3667 1582; x_wconf 85' lang='grc' dir='ltr'>πάντως</span> <span class='ocrx_word' id='word_1_308' title='bbox 3716 1522 4041 1592; x_wconf 78' lang='grc' dir='ltr'>προτιθέντες</span> <span class='ocrx_word' id='word_1_309' title='bbox 4087 1527 4188 1569; x_wconf 80' lang='grc' dir='ltr'>τῶν</span> 
     </span>
    </p>
   </div>
   <div class='ocr_carea' id='block_1_47' title="bbox 2589 1603 4191 1685">
    <p class='ocr_par' dir='ltr' id='par_1_47' title="bbox 2589 1603 4191 1685">
     <span class='ocr_line' id='line_1_47' title="bbox 2589 1603 4191 1685; baseline -0.004 -21"><span class='ocrx_word' id='word_1_310' title='bbox 2589 1617 2782 1685; x_wconf 82' lang='grc' dir='ltr'>ὅσαπερ</span> <span class='ocrx_word' id='word_1_311' title='bbox 2811 1615 2836 1663; x_wconf 90' lang='grc' dir='ltr'>ό</span> <span class='ocrx_word' id='word_1_312' title='bbox 2880 1616 3153 1671; x_wconf 79' lang='grc' dir='ltr'>Δεσπότης</span> <span class='ocrx_word' id='word_1_313' title='bbox 3189 1631 3277 1661; x_wconf 92' lang='lat' dir='ltr'>xm</span> <span class='ocrx_word' id='word_1_314' title='bbox 3332 1611 3551 1673; x_wconf 79' lang='grc' dir='ltr'>Ῥύστης</span> <span class='ocrx_word' id='word_1_315' title='bbox 3609 1609 4011 1683; x_wconf 76' lang='grc' dir='ltr'>ἐνανθρωπὴσας</span> <span class='ocrx_word' id='word_1_316' title='bbox 4068 1603 4191 1658; x_wconf 81' lang='grc' dir='ltr'>δια-</span> 
     </span>
    </p>
   </div>
   <div class='ocr_carea' id='block_1_48' title="bbox 2589 1696 4191 1770">
    <p class='ocr_par' dir='ltr' id='par_1_48' title="bbox 2589 1696 4191 1770">
     <span class='ocr_line' id='line_1_48' title="bbox 2589 1696 4191 1770; baseline -0.005 -17"><span class='ocrx_word' id='word_1_317' title='bbox 2589 1701 2825 1766; x_wconf 75' lang='grc' dir='ltr'>τετέλεκε,</span> <span class='ocrx_word' id='word_1_318' title='bbox 2914 1720 3001 1750; x_wconf 79' lang='grc' dir='ltr'>και</span> <span class='ocrx_word' id='word_1_319' title='bbox 3080 1703 3144 1750; x_wconf 78' lang='grc' dir='ltr'>τὰ</span> <span class='ocrx_word' id='word_1_320' title='bbox 3207 1699 3383 1750; x_wconf 80' lang='grc' dir='ltr'>εἰκότα</span> <span class='ocrx_word' id='word_1_321' title='bbox 3449 1698 3879 1770; x_wconf 70' lang='grc' dir='ltr'>ἐπαγαλλόμενοι,</span> <span class='ocrx_word' id='word_1_322' title='bbox 3931 1696 4191 1747; x_wconf 73' lang='grc' dir='ltr'>κάλλιστά</span> 
     </span>
    </p>
   </div>
   <div class='ocr_carea' id='block_1_49' title="bbox 2587 1784 4188 1857">
    <p class='ocr_par' dir='ltr' id='par_1_49' title="bbox 2587 1784 4188 1857">
     <span class='ocr_line' id='line_1_49' title="bbox 2587 1784 4188 1857; baseline -0.004 -17"><span class='ocrx_word' id='word_1_323' title='bbox 2587 1809 2640 1841; x_wconf 85' lang='grc' dir='ltr'>τε</span> <span class='ocrx_word' id='word_1_324' title='bbox 2670 1810 2758 1840; x_wconf 88' lang='grc' dir='ltr'>και</span> <span class='ocrx_word' id='word_1_325' title='bbox 2790 1788 3007 1840; x_wconf 70' lang='grc' dir='ltr'>πλεῖστα</span> <span class='ocrx_word' id='word_1_326' title='bbox 3035 1788 3286 1848; x_wconf 75' lang='grc' dir='ltr'>ξυνέθετο.</span> <span class='ocrx_word' id='word_1_327' title='bbox 3334 1790 3467 1857; x_wconf 84' lang='grc' dir='ltr'>Πρὸς</span> <span class='ocrx_word' id='word_1_328' title='bbox 3509 1784 3566 1839; x_wconf 74' lang='grc' dir='ltr'>δὲ</span> <span class='ocrx_word' id='word_1_329' title='bbox 3629 1807 3717 1837; x_wconf 92' lang='grc' dir='ltr'>και</span> <span class='ocrx_word' id='word_1_330' title='bbox 3774 1793 3979 1857; x_wconf 61' lang='grc' dir='ltr'>μνήμας</span> <span class='ocrx_word' id='word_1_331' title='bbox 4025 1786 4188 1854; x_wconf 76' lang='grc' dir='ltr'>ἁγίων</span> 
     </span>
    </p>
   </div>
   <div class='ocr_carea' id='block_1_50' title="bbox 2587 1872 4189 1948">
    <p class='ocr_par' dir='ltr' id='par_1_50' title="bbox 2587 1872 4189 1948">
     <span class='ocr_line' id='line_1_50' title="bbox 2587 1872 4189 1948; baseline -0.004 -19"><span class='ocrx_word' id='word_1_332' title='bbox 2587 1886 2691 1937; x_wconf 86' lang='grc' dir='ltr'>τοὶς</span> <span class='ocrx_word' id='word_1_333' title='bbox 2754 1881 2947 1948; x_wconf 87' lang='grc' dir='ltr'>όμοίοις</span> <span class='ocrx_word' id='word_1_334' title='bbox 3009 1876 3251 1948; x_wconf 76' lang='grc' dir='ltr'>λαμπρως</span> <span class='ocrx_word' id='word_1_335' title='bbox 3319 1881 3699 1947; x_wconf 78' lang='grc' dir='ltr'>κατεκόσμησε·</span> <span class='ocrx_word' id='word_1_336' title='bbox 3758 1882 3910 1945; x_wconf 85' lang='grc' dir='ltr'>μόνον</span> <span class='ocrx_word' id='word_1_337' title='bbox 3961 1874 4048 1924; x_wconf 78' lang='grc' dir='ltr'>οὖν</span> <span class='ocrx_word' id='word_1_338' title='bbox 4094 1872 4189 1923; x_wconf 65' lang='grc' dir='ltr'>οὐκ</span> 
     </span>
    </p>
   </div>
   <div class='ocr_carea' id='block_1_51' title="bbox 2588 1961 4190 2040">
    <p class='ocr_par' dir='ltr' id='par_1_51' title="bbox 2588 1961 4190 2040">
     <span class='ocr_line' id='line_1_51' title="bbox 2588 1961 4190 2040; baseline -0.004 -22"><span class='ocrx_word' id='word_1_339' title='bbox 2588 1968 2786 2040; x_wconf 80' lang='grc' dir='ltr'>ἐπαίρει</span> <span class='ocrx_word' id='word_1_340' title='bbox 2816 1969 3009 2025; x_wconf 81' lang='grc' dir='ltr'>πάντας</span> <span class='ocrx_word' id='word_1_341' title='bbox 3064 1969 3195 2037; x_wconf 86' lang='grc' dir='ltr'>πρός</span> <span class='ocrx_word' id='word_1_342' title='bbox 3248 1965 3403 2024; x_wconf 71' lang='grc' dir='ltr'>ζῆλον</span> <span class='ocrx_word' id='word_1_343' title='bbox 3443 1968 3529 2016; x_wconf 89' lang='grc' dir='ltr'>τόν</span> <span class='ocrx_word' id='word_1_344' title='bbox 3588 1965 3785 2036; x_wconf 84' lang='grc' dir='ltr'>ὅμοιον,</span> <span class='ocrx_word' id='word_1_345' title='bbox 3848 1983 3938 2015; x_wconf 88' lang='grc' dir='ltr'>και</span> <span class='ocrx_word' id='word_1_346' title='bbox 3980 1961 4190 2013; x_wconf 65' lang='grc' dir='ltr'>ὑπαλει-</span> 
     </span>
    </p>
   </div>
   <div class='ocr_carea' id='block_1_52' title="bbox 2589 2049 4188 2128">
    <p class='ocr_par' dir='ltr' id='par_1_52' title="bbox 2589 2049 4188 2128">
     <span class='ocr_line' id='line_1_52' title="bbox 2589 2049 4188 2128; baseline -0.004 -19"><span class='ocrx_word' id='word_1_347' title='bbox 2589 2077 2669 2128; x_wconf 79' lang='grc' dir='ltr'>φει</span> <span class='ocrx_word' id='word_1_348' title='bbox 2699 2060 2827 2128; x_wconf 83' lang='grc' dir='ltr'>πρὸς</span> <span class='ocrx_word' id='word_1_349' title='bbox 2856 2061 2947 2113; x_wconf 80' lang='grc' dir='ltr'>την</span> <span class='ocrx_word' id='word_1_350' title='bbox 2974 2055 3135 2111; x_wconf 68' lang='grc' dir='ltr'>αὐτὴν</span> <span class='ocrx_word' id='word_1_351' title='bbox 3159 2059 3406 2125; x_wconf 81' lang='grc' dir='ltr'>μίμησιν·</span> <span class='ocrx_word' id='word_1_352' title='bbox 3461 2075 3547 2105; x_wconf 86' lang='grc' dir='ltr'>και</span> <span class='ocrx_word' id='word_1_353' title='bbox 3601 2056 3702 2128; x_wconf 88' lang='grc' dir='ltr'>γάρ</span> <span class='ocrx_word' id='word_1_354' title='bbox 3763 2073 3868 2112; x_wconf 90' lang='grc' dir='ltr'>πως</span> <span class='ocrx_word' id='word_1_355' title='bbox 3917 2049 4188 2125; x_wconf 72' lang='grc' dir='ltr'>ἀνδρείους</span> 
     </span>
    </p>
   </div>
   <div class='ocr_carea' id='block_1_53' title="bbox 2587 2142 4192 2217">
    <p class='ocr_par' dir='ltr' id='par_1_53' title="bbox 2587 2142 4192 2217">
     <span class='ocr_line' id='line_1_53' title="bbox 2587 2142 4192 2217; baseline -0.004 -20"><span class='ocrx_word' id='word_1_356' title='bbox 2587 2148 2771 2203; x_wconf 84' lang='grc' dir='ltr'>τίθησι</span> <span class='ocrx_word' id='word_1_357' title='bbox 2812 2147 2947 2195; x_wconf 80' lang='grc' dir='ltr'>κατὰ</span> <span class='ocrx_word' id='word_1_358' title='bbox 2989 2146 3252 2217; x_wconf 85' lang='grc' dir='ltr'>μάρτυρας</span> <span class='ocrx_word' id='word_1_359' title='bbox 3280 2187 3293 2210; x_wconf 94' lang='grc'>,</span> <span class='ocrx_word' id='word_1_360' title='bbox 3344 2146 3390 2194; x_wconf 81' lang='grc' dir='ltr'>εἴ</span> <span class='ocrx_word' id='word_1_361' title='bbox 3431 2163 3502 2214; x_wconf 90' lang='grc' dir='ltr'>τῳ</span> <span class='ocrx_word' id='word_1_362' title='bbox 3548 2142 3606 2193; x_wconf 77' lang='grc' dir='ltr'>ἂν</span> <span class='ocrx_word' id='word_1_363' title='bbox 3644 2146 3805 2214; x_wconf 81' lang='grc' dir='ltr'>τύχοι</span> <span class='ocrx_word' id='word_1_364' title='bbox 3858 2152 3953 2193; x_wconf 85' lang='grc' dir='ltr'>των</span> <span class='ocrx_word' id='word_1_365' title='bbox 3993 2142 4192 2212; x_wconf 82' lang='grc' dir='ltr'>μαρτύ-</span> 
     </span>
    </p>
   </div>
   <div class='ocr_carea' id='block_1_54' title="bbox 3087 2225 4193 2305">
    <p class='ocr_par' dir='ltr' id='par_1_54' title="bbox 3087 2225 4193 2305">
     <span class='ocr_line' id='line_1_54' title="bbox 3087 2225 4193 2305; baseline -0.003 -22"><span class='ocrx_word' id='word_1_366' title='bbox 3087 2237 3175 2283; x_wconf 82' lang='grc' dir='ltr'>τόν</span> <span class='ocrx_word' id='word_1_367' title='bbox 3234 2233 3570 2305; x_wconf 82' lang='grc' dir='ltr'>ύμνητὴριον·</span> <span class='ocrx_word' id='word_1_368' title='bbox 3633 2251 3722 2282; x_wconf 89' lang='grc' dir='ltr'>και</span> <span class='ocrx_word' id='word_1_369' title='bbox 3767 2234 3891 2304; x_wconf 83' lang='grc' dir='ltr'>πρὸς</span> <span class='ocrx_word' id='word_1_370' title='bbox 3943 2231 4078 2281; x_wconf 79' lang='grc' dir='ltr'>ἅπαν</span> <span class='ocrx_word' id='word_1_371' title='bbox 4132 2225 4193 2280; x_wconf 71' lang='grc' dir='ltr'>δὲ</span> 
     </span>
    </p>
   </div>
   <div class='ocr_carea' id='block_1_55' title="bbox 2589 2320 4194 2397">
    <p class='ocr_par' dir='ltr' id='par_1_55' title="bbox 2589 2320 4194 2397">
     <span class='ocr_line' id='line_1_55' title="bbox 2589 2320 4194 2397; baseline -0.003 -23"><span class='ocrx_word' id='word_1_372' title='bbox 2589 2324 2907 2397; x_wconf 89' lang='grc' dir='ltr'>προσπαθείς</span> <span class='ocrx_word' id='word_1_373' title='bbox 2958 2326 3206 2392; x_wconf 75' lang='grc' dir='ltr'>σαρκικόν</span> <span class='ocrx_word' id='word_1_374' title='bbox 3239 2339 3293 2372; x_wconf 87' lang='grc' dir='ltr'>τε</span> <span class='ocrx_word' id='word_1_375' title='bbox 3343 2341 3434 2372; x_wconf 88' lang='grc' dir='ltr'>και</span> <span class='ocrx_word' id='word_1_376' title='bbox 3462 2326 3662 2391; x_wconf 75' lang='grc' dir='ltr'>γήινον,</span> <span class='ocrx_word' id='word_1_377' title='bbox 3713 2324 3848 2371; x_wconf 80' lang='grc' dir='ltr'>κατὰ</span> <span class='ocrx_word' id='word_1_378' title='bbox 3886 2325 4005 2379; x_wconf 78' lang='grc' dir='ltr'>τούς</span> <span class='ocrx_word' id='word_1_379' title='bbox 4035 2320 4194 2379; x_wconf 89' lang='grc' dir='ltr'>όσίως</span> 
     </span>
    </p>
   </div>
   <div class='ocr_carea' id='block_1_56' title="bbox 2590 2407 4197 2483">
    <p class='ocr_par' dir='ltr' id='par_1_56' title="bbox 2590 2407 4197 2483">
     <span class='ocr_line' id='line_1_56' title="bbox 2590 2407 4197 2483; baseline -0.004 -19"><span class='ocrx_word' id='word_1_380' title='bbox 2590 2433 2680 2464; x_wconf 89' lang='grc' dir='ltr'>και</span> <span class='ocrx_word' id='word_1_381' title='bbox 2702 2414 2827 2483; x_wconf 81' lang='grc' dir='ltr'>ύπερ</span> <span class='ocrx_word' id='word_1_382' title='bbox 2850 2415 2915 2462; x_wconf 80' lang='grc' dir='ltr'>τὰ</span> <span class='ocrx_word' id='word_1_383' title='bbox 2954 2408 3083 2468; x_wconf 77' lang='grc' dir='ltr'>τῆὃε</span> <span class='ocrx_word' id='word_1_384' title='bbox 3129 2408 3443 2481; x_wconf 77' lang='grc' dir='ltr'>βιώσαντας,</span> <span class='ocrx_word' id='word_1_385' title='bbox 3498 2413 3541 2461; x_wconf 86' lang='grc' dir='ltr'>εί</span> <span class='ocrx_word' id='word_1_386' title='bbox 3595 2429 3698 2461; x_wconf 89' lang='grc' dir='ltr'>τινι</span> <span class='ocrx_word' id='word_1_387' title='bbox 3752 2409 3903 2460; x_wconf 75' lang='grc' dir='ltr'>πάλιν</span> <span class='ocrx_word' id='word_1_388' title='bbox 3959 2418 4058 2460; x_wconf 81' lang='grc' dir='ltr'>τῶν</span> <span class='ocrx_word' id='word_1_389' title='bbox 4111 2407 4197 2458; x_wconf 83' lang='grc' dir='ltr'>ού-</span> 
     </span>
    </p>
   </div>
   <div class='ocr_carea' id='block_1_57' title="bbox 2591 2498 4195 2571">
    <p class='ocr_par' dir='ltr' id='par_1_57' title="bbox 2591 2498 4195 2571">
     <span class='ocr_line' id='line_1_57' title="bbox 2591 2498 4195 2571; baseline -0.003 -18"><span class='ocrx_word' id='word_1_390' title='bbox 2591 2521 2723 2553; x_wconf 89' lang='grc' dir='ltr'>τωσι</span> <span class='ocrx_word' id='word_1_391' title='bbox 2781 2502 3053 2560; x_wconf 75' lang='grc' dir='ltr'>ζησάντων</span> <span class='ocrx_word' id='word_1_392' title='bbox 3135 2503 3252 2559; x_wconf 87' lang='grc' dir='ltr'>τούς</span> <span class='ocrx_word' id='word_1_393' title='bbox 3334 2500 3654 2571; x_wconf 86' lang='grc' dir='ltr'>αὶνετηρίους</span> <span class='ocrx_word' id='word_1_394' title='bbox 3730 2501 3805 2556; x_wconf 87' lang='grc' dir='ltr'>ε’ίη</span> <span class='ocrx_word' id='word_1_395' title='bbox 3869 2498 4195 2569; x_wconf 77' lang='grc' dir='ltr'>συνθέμενος·</span> 
     </span>
    </p>
   </div>
   <div class='ocr_carea' id='block_1_58' title="bbox 2592 2584 4202 2663">
    <p class='ocr_par' dir='ltr' id='par_1_58' title="bbox 2592 2584 4202 2663">
     <span class='ocr_line' id='line_1_58' title="bbox 2592 2584 4202 2663; baseline -0.004 -22"><span class='ocrx_word' id='word_1_396' title='bbox 2592 2610 2680 2642; x_wconf 88' lang='grc' dir='ltr'>και</span> <span class='ocrx_word' id='word_1_397' title='bbox 2769 2592 3106 2663; x_wconf 86' lang='grc' dir='ltr'>καθωραίσας</span> <span class='ocrx_word' id='word_1_398' title='bbox 3180 2595 3285 2648; x_wconf 84' lang='grc' dir='ltr'>τοῖς</span> <span class='ocrx_word' id='word_1_399' title='bbox 3351 2589 3608 2659; x_wconf 70' lang='grc' dir='ltr'>ᾄσμασιν,</span> <span class='ocrx_word' id='word_1_400' title='bbox 3670 2587 3855 2648; x_wconf 71' lang='grc' dir='ltr'>ἄλλους</span> <span class='ocrx_word' id='word_1_401' title='bbox 3930 2585 4097 2645; x_wconf 77' lang='grc' dir='ltr'>ἁπλῶς</span> <span class='ocrx_word' id='word_1_402' title='bbox 4144 2584 4202 2646; x_wconf 84' lang='grc' dir='ltr'>ἐξ</span> 
     </span>
    </p>
   </div>
   <div class='ocr_carea' id='block_1_59' title="bbox 2593 2674 4202 2750">
    <p class='ocr_par' dir='ltr' id='par_1_59' title="bbox 2593 2674 4202 2750">
     <span class='ocr_line' id='line_1_59' title="bbox 2593 2674 4202 2750; baseline -0.004 -20"><span class='ocrx_word' id='word_1_403' title='bbox 2593 2679 2755 2730; x_wconf 72' lang='grc' dir='ltr'>ἀλλων</span> <span class='ocrx_word' id='word_1_404' title='bbox 2800 2680 2914 2738; x_wconf 87' lang='grc' dir='ltr'>τούς</span> <span class='ocrx_word' id='word_1_405' title='bbox 2962 2677 3006 2729; x_wconf 83' lang='grc' dir='ltr'>τ’</span> <span class='ocrx_word' id='word_1_406' title='bbox 3046 2674 3293 2747; x_wconf 73' lang='grc' dir='ltr'>ᾄδοντας,</span> <span class='ocrx_word' id='word_1_407' title='bbox 3352 2681 3468 2736; x_wconf 82' lang='grc' dir='ltr'>τοὺς</span> <span class='ocrx_word' id='word_1_408' title='bbox 3512 2677 3554 2728; x_wconf 87' lang='grc' dir='ltr'>τ’</span> <span class='ocrx_word' id='word_1_409' title='bbox 3605 2675 3992 2750; x_wconf 76' lang='grc' dir='ltr'>καροωμένους,</span> <span class='ocrx_word' id='word_1_410' title='bbox 4046 2693 4202 2746; x_wconf 85' lang='grc' dir='ltr'>μετα-</span> 
     </span>
    </p>
   </div>
   <div class='ocr_carea' id='block_1_60' title="bbox 2593 2765 4201 2840">
    <p class='ocr_par' dir='ltr' id='par_1_60' title="bbox 2593 2765 4201 2840">
     <span class='ocr_line' id='line_1_60' title="bbox 2593 2765 4201 2840; baseline -0.004 -20"><span class='ocrx_word' id='word_1_411' title='bbox 2593 2776 2750 2836; x_wconf 87' lang='grc' dir='ltr'>ποιεῖ,</span> <span class='ocrx_word' id='word_1_412' title='bbox 2781 2787 2872 2819; x_wconf 88' lang='grc' dir='ltr'>και</span> <span class='ocrx_word' id='word_1_413' title='bbox 2898 2770 3104 2838; x_wconf 77' lang='grc' dir='ltr'>σύναμα</span> <span class='ocrx_word' id='word_1_414' title='bbox 3134 2768 3327 2826; x_wconf 84' lang='grc' dir='ltr'>πάντας</span> <span class='ocrx_word' id='word_1_415' title='bbox 3364 2770 3494 2839; x_wconf 88' lang='grc' dir='ltr'>πρὸς</span> <span class='ocrx_word' id='word_1_416' title='bbox 3542 2771 3601 2818; x_wconf 88' lang='grc' dir='ltr'>τό</span> <span class='ocrx_word' id='word_1_417' title='bbox 3650 2774 3881 2840; x_wconf 89' lang='grc' dir='ltr'>κρεῖττον</span> <span class='ocrx_word' id='word_1_418' title='bbox 3935 2784 4023 2815; x_wconf 89' lang='grc' dir='ltr'>και</span> <span class='ocrx_word' id='word_1_419' title='bbox 4069 2765 4201 2815; x_wconf 87' lang='grc' dir='ltr'>θειό-</span> 
     </span>
    </p>
   </div>
   <div class='ocr_carea' id='block_1_61' title="bbox 2595 2852 4201 2933">
    <p class='ocr_par' dir='ltr' id='par_1_61' title="bbox 2595 2852 4201 2933">
     <span class='ocr_line' id='line_1_61' title="bbox 2595 2852 4201 2933; baseline -0.004 -23"><span class='ocrx_word' id='word_1_420' title='bbox 2595 2879 2738 2933; x_wconf 91' lang='grc' dir='ltr'>τερον</span> <span class='ocrx_word' id='word_1_421' title='bbox 2769 2864 3177 2931; x_wconf 80' lang='grc' dir='ltr'>μεταστοιχειοῑ.</span> <span class='ocrx_word' id='word_1_422' title='bbox 3212 2855 3275 2909; x_wconf 80' lang='grc' dir='ltr'>”Α</span> <span class='ocrx_word' id='word_1_423' title='bbox 3310 2852 3355 2907; x_wconf 77' lang='grc' dir='ltr'>δ’</span> <span class='ocrx_word' id='word_1_424' title='bbox 3395 2856 3466 2915; x_wconf 85' lang='grc' dir='ltr'>εἰς</span> <span class='ocrx_word' id='word_1_425' title='bbox 3524 2855 3712 2917; x_wconf 78' lang='grc' dir='ltr'>πλάτος</span> <span class='ocrx_word' id='word_1_426' title='bbox 3766 2854 3927 2913; x_wconf 71' lang='grc' dir='ltr'>ἄλλως</span> <span class='ocrx_word' id='word_1_427' title='bbox 3983 2853 4201 2921; x_wconf 77' lang='grc' dir='ltr'>ἐξέθετο,</span> 
     </span>
    </p>
   </div>
   <div class='ocr_carea' id='block_1_62' title="bbox 2596 2943 3587 3017">
    <p class='ocr_par' dir='ltr' id='par_1_62' title="bbox 2596 2943 3587 3017">
     <span class='ocr_line' id='line_1_62' title="bbox 2596 2943 3587 3017; baseline -0.005 -18"><span class='ocrx_word' id='word_1_428' title='bbox 2596 2954 2675 3008; x_wconf 88' lang='grc' dir='ltr'>τίς</span> <span class='ocrx_word' id='word_1_429' title='bbox 2704 2950 2764 2998; x_wconf 69' lang='grc' dir='ltr'>ἄν</span> <span class='ocrx_word' id='word_1_430' title='bbox 2785 2948 2918 3000; x_wconf 77' lang='grc' dir='ltr'>κατὰ</span> <span class='ocrx_word' id='word_1_431' title='bbox 2938 2950 3091 3017; x_wconf 84' lang='grc' dir='ltr'>μέρος</span> <span class='ocrx_word' id='word_1_432' title='bbox 3122 2943 3587 3017; x_wconf 74' lang='grc' dir='ltr'>ἀπαριθμήσαιτος</span> 
     </span>
    </p>
   </div>
   <div class='ocr_carea' id='block_1_63' title="bbox 2672 3118 4204 3197">
    <p class='ocr_par' dir='ltr' id='par_1_63' title="bbox 2672 3118 4204 3197">
     <span class='ocr_line' id='line_1_63' title="bbox 2672 3118 4204 3197; baseline -0.004 -20"><span class='ocrx_word' id='word_1_433' title='bbox 2672 3122 2772 3180; x_wconf 76' lang='grc' dir='ltr'>νδ’.</span> <span class='ocrx_word' id='word_1_434' title='bbox 2804 3127 2975 3178; x_wconf 86' lang='grc' dir='ltr'>Ἐάσω</span> <span class='ocrx_word' id='word_1_435' title='bbox 3014 3122 3196 3178; x_wconf 73' lang='grc' dir='ltr'>τᾶλλα.</span> <span class='ocrx_word' id='word_1_436' title='bbox 3258 3122 3436 3194; x_wconf 82' lang='grc' dir='ltr'>(Ἀλλὰ</span> <span class='ocrx_word' id='word_1_437' title='bbox 3492 3124 3617 3191; x_wconf 79' lang='grc' dir='ltr'>πῶς)</span> <span class='ocrx_word' id='word_1_438' title='bbox 3674 3127 3900 3197; x_wconf 80' lang='grc' dir='ltr'>παρήσω</span> <span class='ocrx_word' id='word_1_439' title='bbox 3949 3125 4066 3182; x_wconf 79' lang='grc' dir='ltr'>τοὺς</span> <span class='ocrx_word' id='word_1_440' title='bbox 4111 3118 4204 3190; x_wconf 83' lang='grc' dir='ltr'>ἐγ-</span> 
     </span>
    </p>
   </div>
   <div class='ocr_carea' id='block_1_64' title="bbox 833 3211 2604 3319">
    <p class='ocr_par' dir='ltr' id='par_1_64' title="bbox 833 3221 2604 3319">
     <span class='ocr_line' id='line_1_64' title="bbox 833 3221 2604 3319; baseline -0.015 -19"><span class='ocrx_word' id='word_1_441' title='bbox 833 3239 1153 3319; x_wconf 66' lang='lat' dir='ltr'>praateribo</span> <span class='ocrx_word' id='word_1_442' title='bbox 1183 3227 1646 3290; x_wconf 88' lang='lat' dir='ltr'>encomiasticos</span> <span class='ocrx_word' id='word_1_443' title='bbox 1685 3238 2012 3292; x_wconf 87' lang='lat' dir='ltr'>sermones,</span> <span class='ocrx_word' id='word_1_444' title='bbox 2045 3221 2268 3293; x_wconf 90' lang='lat' dir='ltr'>quibus</span> <span class='ocrx_word' id='word_1_445' title='bbox 2318 3237 2491 3277; x_wconf 89' lang='lat' dir='ltr'>vene—</span> <span class='ocrx_word' id='word_1_446' title='bbox 2535 3240 2604 3312; x_wconf 61' lang='grc' dir='ltr'><strong>Ο</strong></span> 
     </span>
    </p>
   </div>
   <div class='ocr_carea' id='block_1_65' title="bbox 2436 3211 4207 3319">
    <p class='ocr_par' dir='ltr' id='par_1_65' title="bbox 2439 3211 4207 3319">
     <span class='ocr_line' id='line_1_65' title="bbox 2439 3211 4207 3312; baseline -0.004 -45"><span class='ocrx_word' id='word_1_447' title='bbox 2439 3237 2491 3276; x_wconf 83' lang='lat' dir='ltr'>e-</span> <span class='ocrx_word' id='word_1_448' title='bbox 2535 3219 2992 3312; x_wconf 72' lang='grc' dir='ltr'>Οκωμιασϊικούς</span> <span class='ocrx_word' id='word_1_449' title='bbox 3033 3219 3150 3273; x_wconf 86' lang='grc' dir='ltr'>τούς</span> <span class='ocrx_word' id='word_1_450' title='bbox 3200 3216 3293 3273; x_wconf 82' lang='grc' dir='ltr'>τὰς</span> <span class='ocrx_word' id='word_1_451' title='bbox 3359 3211 3678 3285; x_wconf 80' lang='grc' dir='ltr'>σεϐασμίους</span> <span class='ocrx_word' id='word_1_452' title='bbox 3735 3212 3914 3286; x_wconf 78' lang='grc' dir='ltr'>ἑορτὰς</span> <span class='ocrx_word' id='word_1_453' title='bbox 3968 3228 4207 3282; x_wconf 88' lang='grc' dir='ltr'>περικρο-</span> 
     </span>
     <span class='ocr_line' id='line_1_66' title="bbox 2456 3300 4187 3319; baseline 0 0"><span class='ocrx_word' id='word_1_454' title='bbox 2456 3312 2465 3319; x_wconf 97' lang='grc'>.</span> <span class='ocrx_word' id='word_1_455' title='bbox 2682 3313 2695 3317; x_wconf 57' lang='grc' dir='ltr'>μ</span> <span class='ocrx_word' id='word_1_456' title='bbox 2903 3306 2920 3317; x_wconf 71' lang='grc' dir='ltr'><em>η</em></span> <span class='ocrx_word' id='word_1_457' title='bbox 2968 3300 3015 3319; x_wconf 55' lang='grc' dir='ltr'>εκ.</span> <span class='ocrx_word' id='word_1_458' title='bbox 3142 3307 3148 3316; x_wconf 93' lang='grc'>.</span> <span class='ocrx_word' id='word_1_459' title='bbox 3358 3308 3367 3317; x_wconf 87' lang='grc'>,</span> <span class='ocrx_word' id='word_1_460' title='bbox 3690 3300 3708 3319; x_wconf 54' lang='grc' dir='ltr'><strong><em>κ</em></strong></span> <span class='ocrx_word' id='word_1_461' title='bbox 3764 3310 3775 3315; x_wconf 74' lang='lat'>-</span> <span class='ocrx_word' id='word_1_462' title='bbox 3951 3302 3974 3319; x_wconf 75' lang='grc' dir='ltr'>ι.</span> <span class='ocrx_word' id='word_1_463' title='bbox 4038 3318 4043 3319; x_wconf 62' lang='lat'>,</span> 
     </span>
    </p>
   </div>
   <div class='ocr_carea' id='block_1_66' title="bbox 832 3312 2496 3390">
    <p class='ocr_par' dir='ltr' id='par_1_66' title="bbox 832 3312 2496 3390">
     <span class='ocr_line' id='line_1_67' title="bbox 832 3312 2496 3390; baseline -0.015 0"><span class='ocrx_word' id='word_1_464' title='bbox 832 3312 1042 3390; x_wconf 67' lang='lat' dir='ltr'>randae</span> <span class='ocrx_word' id='word_1_465' title='bbox 1082 3323 1430 3383; x_wconf 86' lang='lat' dir='ltr'>festivitates</span> <span class='ocrx_word' id='word_1_466' title='bbox 1470 3317 1940 3376; x_wconf 88' lang='lat' dir='ltr'>circumsonant,</span> <span class='ocrx_word' id='word_1_467' title='bbox 1973 3312 2199 3382; x_wconf 91' lang='lat' dir='ltr'>quique</span> <span class='ocrx_word' id='word_1_468' title='bbox 2237 3312 2312 3366; x_wconf 92' lang='lat' dir='ltr'>ad</span> <span class='ocrx_word' id='word_1_469' title='bbox 2351 3312 2496 3366; x_wconf 89' lang='lat' dir='ltr'>divi-</span> 
     </span>
    </p>
   </div>
   <div class='ocr_carea' id='block_1_67' title="bbox 836 3400 2496 3478">
    <p class='ocr_par' dir='ltr' id='par_1_67' title="bbox 836 3400 2496 3478">
     <span class='ocr_line' id='line_1_68' title="bbox 836 3400 2496 3478; baseline -0.014 1"><span class='ocrx_word' id='word_1_470' title='bbox 836 3422 1067 3478; x_wconf 90' lang='lat' dir='ltr'>niorem</span> <span class='ocrx_word' id='word_1_471' title='bbox 1090 3429 1227 3470; x_wconf 89' lang='lat' dir='ltr'>vere</span> <span class='ocrx_word' id='word_1_472' title='bbox 1250 3408 1683 3476; x_wconf 86' lang='lat' dir='ltr'>melioremque</span> <span class='ocrx_word' id='word_1_473' title='bbox 1715 3401 1998 3456; x_wconf 90' lang='lat' dir='ltr'>choream</span> <span class='ocrx_word' id='word_1_474' title='bbox 2024 3400 2323 3456; x_wconf 82' lang='lat' dir='ltr'>invitant?</span> <span class='ocrx_word' id='word_1_475' title='bbox 2344 3417 2496 3473; x_wconf 88' lang='lat' dir='ltr'>quo-</span> 
     </span>
    </p>
   </div>
   <div class='ocr_carea' id='block_1_68' title="bbox 840 3484 2501 3568">
    <p class='ocr_par' dir='ltr' id='par_1_68' title="bbox 840 3484 2501 3568">
     <span class='ocr_line' id='line_1_69' title="bbox 840 3484 2501 3568; baseline -0.014 0"><span class='ocrx_word' id='word_1_476' title='bbox 840 3509 1024 3568; x_wconf 88' lang='lat' dir='ltr'>modo</span> <span class='ocrx_word' id='word_1_477' title='bbox 1055 3501 1387 3562; x_wconf 88' lang='lat' dir='ltr'>transiliam</span> <span class='ocrx_word' id='word_1_478' title='bbox 1418 3496 1646 3551; x_wconf 88' lang='lat' dir='ltr'>fontem</span> <span class='ocrx_word' id='word_1_479' title='bbox 1677 3484 1936 3546; x_wconf 69' lang='lat' dir='ltr'>seientiaa</span> <span class='ocrx_word' id='word_1_480' title='bbox 1966 3488 2104 3543; x_wconf 91' lang='lat' dir='ltr'>inde</span> <span class='ocrx_word' id='word_1_481' title='bbox 2136 3491 2501 3552; x_wconf 86' lang='lat' dir='ltr'>emanantis,</span> 
     </span>
    </p>
   </div>
   <div class='ocr_carea' id='block_1_69' title="bbox 845 3578 2506 3657">
    <p class='ocr_par' dir='ltr' id='par_1_69' title="bbox 845 3578 2506 3657">
     <span class='ocr_line' id='line_1_70' title="bbox 845 3578 2506 3657; baseline -0.014 1"><span class='ocrx_word' id='word_1_482' title='bbox 845 3606 910 3657; x_wconf 91' lang='lat' dir='ltr'>ut</span> <span class='ocrx_word' id='word_1_483' title='bbox 936 3612 1060 3654; x_wconf 93' lang='lat' dir='ltr'>non</span> <span class='ocrx_word' id='word_1_484' title='bbox 1084 3593 1295 3650; x_wconf 86' lang='lat' dir='ltr'>saltem</span> <span class='ocrx_word' id='word_1_485' title='bbox 1328 3588 1389 3643; x_wconf 91' lang='lat' dir='ltr'>in</span> <span class='ocrx_word' id='word_1_486' title='bbox 1417 3584 1667 3640; x_wconf 86' lang='lat' dir='ltr'>transitu</span> <span class='ocrx_word' id='word_1_487' title='bbox 1710 3579 1925 3636; x_wconf 80' lang='lat' dir='ltr'>exinde</span> <span class='ocrx_word' id='word_1_488' title='bbox 1954 3578 2234 3633; x_wconf 87' lang='lat' dir='ltr'>hauriam</span> <span class='ocrx_word' id='word_1_489' title='bbox 2264 3581 2291 3635; x_wconf 82' lang='lat'>&#39;?</span> <span class='ocrx_word' id='word_1_490' title='bbox 2319 3585 2384 3635; x_wconf 89' lang='lat' dir='ltr'>ut</span> <span class='ocrx_word' id='word_1_491' title='bbox 2426 3580 2506 3636; x_wconf 93' lang='lat' dir='ltr'>ad</span> 
     </span>
    </p>
   </div>
   <div class='ocr_carea' id='block_1_70' title="bbox 843 3667 2504 3759">
    <p class='ocr_par' dir='ltr' id='par_1_70' title="bbox 843 3667 2504 3759">
     <span class='ocr_line' id='line_1_71' title="bbox 843 3667 2504 3759; baseline -0.004 -28"><span class='ocrx_word' id='word_1_492' title='bbox 843 3688 1089 3759; x_wconf 67' lang='lat' dir='ltr'>reliquae</span> <span class='ocrx_word' id='word_1_493' title='bbox 1160 3675 1493 3737; x_wconf 84' lang='lat' dir='ltr'>festivitatis</span> <span class='ocrx_word' id='word_1_494' title='bbox 1558 3686 1803 3727; x_wconf 90' lang='lat' dir='ltr'>cursum</span> <span class='ocrx_word' id='word_1_495' title='bbox 1868 3667 2169 3723; x_wconf 88' lang='lat' dir='ltr'>robustior</span> <span class='ocrx_word' id='word_1_496' title='bbox 2227 3670 2504 3738; x_wconf 89' lang='lat' dir='ltr'>evadam,</span> 
     </span>
    </p>
   </div>
   <div class='ocr_carea' id='block_1_71' title="bbox 845 3756 2512 3853">
    <p class='ocr_par' dir='ltr' id='par_1_71' title="bbox 845 3756 2512 3853">
     <span class='ocr_line' id='line_1_72' title="bbox 845 3756 2512 3853; baseline -0.013 -17"><span class='ocrx_word' id='word_1_497' title='bbox 845 3756 1096 3853; x_wconf 80' lang='lat' dir='ltr'>quando</span> <span class='ocrx_word' id='word_1_498' title='bbox 1124 3787 1220 3828; x_wconf 91' lang='lat' dir='ltr'>me</span> <span class='ocrx_word' id='word_1_499' title='bbox 1243 3768 1500 3823; x_wconf 83' lang='lat' dir='ltr'>deﬁcere</span> <span class='ocrx_word' id='word_1_500' title='bbox 1523 3762 1586 3817; x_wconf 92' lang='lat' dir='ltr'>in</span> <span class='ocrx_word' id='word_1_501' title='bbox 1607 3758 1801 3815; x_wconf 89' lang='lat' dir='ltr'>stadio</span> <span class='ocrx_word' id='word_1_502' title='bbox 1826 3772 2070 3813; x_wconf 90' lang='lat' dir='ltr'>sensero</span> <span class='ocrx_word' id='word_1_503' title='bbox 2101 3773 2171 3812; x_wconf 88' lang='lat' dir='ltr'>ac</span> <span class='ocrx_word' id='word_1_504' title='bbox 2191 3756 2512 3829; x_wconf 88' lang='lat' dir='ltr'>desperare</span> 
     </span>
    </p>
   </div>
   <div class='ocr_carea' id='block_1_72' title="bbox 850 3846 2511 3926">
    <p class='ocr_par' dir='ltr' id='par_1_72' title="bbox 850 3846 2511 3926">
     <span class='ocr_line' id='line_1_73' title="bbox 850 3846 2511 3926; baseline -0.014 0"><span class='ocrx_word' id='word_1_505' title='bbox 850 3846 1158 3926; x_wconf 70' lang='lat' dir='ltr'>coronam.</span> <span class='ocrx_word' id='word_1_506' title='bbox 1194 3862 1342 3917; x_wconf 90' lang='lat' dir='ltr'>Cum</span> <span class='ocrx_word' id='word_1_507' title='bbox 1374 3853 1532 3910; x_wconf 90' lang='lat' dir='ltr'>enim</span> <span class='ocrx_word' id='word_1_508' title='bbox 1557 3849 1713 3905; x_wconf 91' lang='lat' dir='ltr'>illius</span> <span class='ocrx_word' id='word_1_509' title='bbox 1746 3846 2015 3912; x_wconf 88' lang='lat' dir='ltr'>memini,</span> <span class='ocrx_word' id='word_1_510' title='bbox 2047 3853 2406 3916; x_wconf 86' lang='lat' dir='ltr'>evagantem</span> <span class='ocrx_word' id='word_1_511' title='bbox 2427 3848 2511 3904; x_wconf 88' lang='lat' dir='ltr'>fo-</span> 
     </span>
    </p>
   </div>
   <div class='ocr_carea' id='block_1_73' title="bbox 851 3935 2515 4015">
    <p class='ocr_par' dir='ltr' id='par_1_73' title="bbox 851 3935 2515 4015">
     <span class='ocr_line' id='line_1_74' title="bbox 851 3935 2515 4015; baseline -0.013 0"><span class='ocrx_word' id='word_1_512' title='bbox 851 3974 949 4015; x_wconf 87' lang='lat' dir='ltr'>ras</span> <span class='ocrx_word' id='word_1_513' title='bbox 996 3956 1259 4010; x_wconf 86' lang='lat' dir='ltr'>mentem</span> <span class='ocrx_word' id='word_1_514' title='bbox 1289 3943 1575 4001; x_wconf 89' lang='lat' dir='ltr'>continuo</span> <span class='ocrx_word' id='word_1_515' title='bbox 1604 3953 1823 3994; x_wconf 87' lang='lat' dir='ltr'>revoco</span> <span class='ocrx_word' id='word_1_516' title='bbox 1854 3955 1869 4000; x_wconf 83' lang='lat'><strong>;</strong></span> <span class='ocrx_word' id='word_1_517' title='bbox 1897 3951 2036 3991; x_wconf 91' lang='lat' dir='ltr'>cum</span> <span class='ocrx_word' id='word_1_518' title='bbox 2095 3936 2224 4006; x_wconf 91' lang='lat' dir='ltr'>ejus</span> <span class='ocrx_word' id='word_1_519' title='bbox 2263 3935 2515 3993; x_wconf 88' lang='lat' dir='ltr'>memini</span> 
     </span>
    </p>
   </div>
   <div class='ocr_carea' id='block_1_74' title="bbox 849 4025 2511 4111">
    <p class='ocr_par' dir='ltr' id='par_1_74' title="bbox 849 4025 2511 4111">
     <span class='ocr_line' id='line_1_75' title="bbox 849 4025 2511 4111; baseline -0.007 -16"><span class='ocrx_word' id='word_1_520' title='bbox 849 4062 989 4103; x_wconf 72' lang='lat' dir='ltr'>vere</span> <span class='ocrx_word' id='word_1_521' title='bbox 1020 4039 1214 4111; x_wconf 85' lang='lat' dir='ltr'>magis</span> <span class='ocrx_word' id='word_1_522' title='bbox 1244 4031 1547 4092; x_wconf 89' lang='lat' dir='ltr'>rationalis</span> <span class='ocrx_word' id='word_1_523' title='bbox 1575 4028 1801 4093; x_wconf 90' lang='lat' dir='ltr'>videor,</span> <span class='ocrx_word' id='word_1_524' title='bbox 1836 4026 1966 4096; x_wconf 89' lang='lat' dir='ltr'>ipsa</span> <span class='ocrx_word' id='word_1_525' title='bbox 1996 4025 2223 4080; x_wconf 89' lang='lat' dir='ltr'>ratione</span> <span class='ocrx_word' id='word_1_526' title='bbox 2250 4027 2511 4097; x_wconf 89' lang='lat' dir='ltr'>pruden-</span> 
     </span>
    </p>
   </div>
   <div class='ocr_carea' id='block_1_75' title="bbox 849 4115 2507 4195">
    <p class='ocr_par' dir='ltr' id='par_1_75' title="bbox 849 4115 2507 4195">
     <span class='ocr_line' id='line_1_76' title="bbox 849 4115 2507 4195; baseline -0.013 -1"><span class='ocrx_word' id='word_1_527' title='bbox 849 4138 966 4194; x_wconf 88' lang='lat' dir='ltr'>tius</span> <span class='ocrx_word' id='word_1_528' title='bbox 997 4133 1082 4189; x_wconf 90' lang='lat' dir='ltr'>uti</span> <span class='ocrx_word' id='word_1_529' title='bbox 1128 4128 1337 4185; x_wconf 90' lang='lat' dir='ltr'>valens</span> <span class='ocrx_word' id='word_1_530' title='bbox 1366 4143 1383 4195; x_wconf 85' lang='grc'>;</span> <span class='ocrx_word' id='word_1_531' title='bbox 1434 4136 1572 4177; x_wconf 92' lang='lat' dir='ltr'>cum</span> <span class='ocrx_word' id='word_1_532' title='bbox 1599 4120 1731 4188; x_wconf 88' lang='lat' dir='ltr'>ejus</span> <span class='ocrx_word' id='word_1_533' title='bbox 1782 4115 2049 4181; x_wconf 88' lang='lat' dir='ltr'>memini,</span> <span class='ocrx_word' id='word_1_534' title='bbox 2075 4122 2318 4185; x_wconf 88' lang='lat' dir='ltr'>repente</span> <span class='ocrx_word' id='word_1_535' title='bbox 2348 4117 2507 4174; x_wconf 89' lang='lat' dir='ltr'>inve-</span> 
     </span>
    </p>
   </div>
   <div class='ocr_carea' id='block_1_76' title="bbox 849 4203 2507 4284">
    <p class='ocr_par' dir='ltr' id='par_1_76' title="bbox 849 4203 2507 4284">
     <span class='ocr_line' id='line_1_77' title="bbox 849 4203 2507 4284; baseline -0.01 -4"><span class='ocrx_word' id='word_1_536' title='bbox 849 4227 985 4284; x_wconf 89' lang='lat' dir='ltr'>nior</span> <span class='ocrx_word' id='word_1_537' title='bbox 1025 4235 1158 4277; x_wconf 90' lang='lat' dir='ltr'>esse</span> <span class='ocrx_word' id='word_1_538' title='bbox 1197 4213 1429 4271; x_wconf 91' lang='lat' dir='ltr'>solidus</span> <span class='ocrx_word' id='word_1_539' title='bbox 1460 4224 1585 4282; x_wconf 64' lang='lat' dir='ltr'>pra:</span> <span class='ocrx_word' id='word_1_540' title='bbox 1636 4205 1768 4261; x_wconf 87' lang='lat' dir='ltr'>aliis</span> <span class='ocrx_word' id='word_1_541' title='bbox 1824 4203 2054 4259; x_wconf 88' lang='lat' dir='ltr'>cunctis</span> <span class='ocrx_word' id='word_1_542' title='bbox 2106 4204 2395 4273; x_wconf 84' lang='lat' dir='ltr'>theologis</span> <span class='ocrx_word' id='word_1_543' title='bbox 2449 4212 2507 4263; x_wconf 87' lang='lat' dir='ltr'>et</span> 
     </span>
    </p>
   </div>
   <div class='ocr_carea' id='block_1_77' title="bbox 850 4293 2503 4373">
    <p class='ocr_par' dir='ltr' id='par_1_77' title="bbox 850 4293 2503 4373">
     <span class='ocr_line' id='line_1_78' title="bbox 850 4293 2503 4373; baseline -0.013 -1"><span class='ocrx_word' id='word_1_544' title='bbox 850 4314 1039 4373; x_wconf 90' lang='lat' dir='ltr'>multo</span> <span class='ocrx_word' id='word_1_545' title='bbox 1061 4308 1174 4366; x_wconf 88' lang='lat' dir='ltr'>illis</span> <span class='ocrx_word' id='word_1_546' title='bbox 1194 4299 1633 4371; x_wconf 87' lang='lat' dir='ltr'>intelligentior.</span> <span class='ocrx_word' id='word_1_547' title='bbox 1659 4296 1747 4352; x_wconf 92' lang='lat' dir='ltr'>Oh</span> <span class='ocrx_word' id='word_1_548' title='bbox 1767 4300 1915 4366; x_wconf 89' lang='lat' dir='ltr'>quot</span> <span class='ocrx_word' id='word_1_549' title='bbox 1945 4293 2361 4364; x_wconf 87' lang='lat' dir='ltr'>mysteriorum</span> <span class='ocrx_word' id='word_1_550' title='bbox 2396 4312 2503 4351; x_wconf 87' lang='lat' dir='ltr'>no-</span> 
     </span>
    </p>
   </div>
   <div class='ocr_carea' id='block_1_78' title="bbox 850 4382 2500 4462">
    <p class='ocr_par' dir='ltr' id='par_1_78' title="bbox 850 4382 2500 4462">
     <span class='ocr_line' id='line_1_79' title="bbox 850 4382 2500 4462; baseline -0.011 -1"><span class='ocrx_word' id='word_1_551' title='bbox 850 4404 1040 4461; x_wconf 90' lang='lat' dir='ltr'>titiam</span> <span class='ocrx_word' id='word_1_552' title='bbox 1070 4396 1235 4455; x_wconf 88' lang='lat' dir='ltr'>brevi</span> <span class='ocrx_word' id='word_1_553' title='bbox 1263 4389 1551 4462; x_wconf 87' lang='lat' dir='ltr'>temporis</span> <span class='ocrx_word' id='word_1_554' title='bbox 1583 4384 1775 4458; x_wconf 89' lang='lat' dir='ltr'>spatio</span> <span class='ocrx_word' id='word_1_555' title='bbox 1807 4382 1951 4437; x_wconf 88' lang='lat' dir='ltr'>mihi</span> <span class='ocrx_word' id='word_1_556' title='bbox 1983 4383 2173 4436; x_wconf 91' lang='lat' dir='ltr'>sentio</span> <span class='ocrx_word' id='word_1_557' title='bbox 2218 4382 2452 4440; x_wconf 86' lang='lat' dir='ltr'>infundi</span> <span class='ocrx_word' id='word_1_558' title='bbox 2486 4387 2500 4443; x_wconf 81' lang='grc' dir='ltr'>ι</span> 
     </span>
    </p>
   </div>
   <div class='ocr_carea' id='block_1_79' title="bbox 847 4470 2506 4564">
    <p class='ocr_par' dir='ltr' id='par_1_79' title="bbox 847 4470 2506 4564">
     <span class='ocr_line' id='line_1_80' title="bbox 847 4470 2506 4564; baseline -0.017 -15"><span class='ocrx_word' id='word_1_559' title='bbox 847 4493 927 4550; x_wconf 91' lang='lat' dir='ltr'>ad</span> <span class='ocrx_word' id='word_1_560' title='bbox 958 4492 1251 4564; x_wconf 87' lang='lat' dir='ltr'>quantam</span> <span class='ocrx_word' id='word_1_561' title='bbox 1276 4480 1497 4537; x_wconf 85' lang='lat' dir='ltr'>evehor</span> <span class='ocrx_word' id='word_1_562' title='bbox 1538 4471 2098 4544; x_wconf 80' lang='lat' dir='ltr'>magnanimitatem</span> <span class='ocrx_word' id='word_1_563' title='bbox 2135 4471 2147 4525; x_wconf 88' lang='lat'>!</span> <span class='ocrx_word' id='word_1_564' title='bbox 2181 4470 2357 4528; x_wconf 90' lang='lat' dir='ltr'>Calco</span> <span class='ocrx_word' id='word_1_565' title='bbox 2396 4475 2506 4531; x_wconf 89' lang='lat' dir='ltr'>hu-</span> 
     </span>
    </p>
   </div>
   <div class='ocr_carea' id='block_1_80' title="bbox 846 4561 2504 4647">
    <p class='ocr_par' dir='ltr' id='par_1_80' title="bbox 846 4561 2504 4647">
     <span class='ocr_line' id='line_1_81' title="bbox 846 4561 2504 4647; baseline -0.012 -7"><span class='ocrx_word' id='word_1_566' title='bbox 846 4561 1053 4647; x_wconf 74' lang='lat' dir='ltr'>mana,</span> <span class='ocrx_word' id='word_1_567' title='bbox 1085 4574 1295 4633; x_wconf 88' lang='lat' dir='ltr'>scindo</span> <span class='ocrx_word' id='word_1_568' title='bbox 1320 4584 1520 4627; x_wconf 87' lang='lat' dir='ltr'>aerem</span> <span class='ocrx_word' id='word_1_569' title='bbox 1547 4561 1951 4621; x_wconf 88' lang='lat' dir='ltr'>humidiorem</span> <span class='ocrx_word' id='word_1_570' title='bbox 1984 4561 2146 4615; x_wconf 91' lang='lat' dir='ltr'>hunc</span> <span class='ocrx_word' id='word_1_571' title='bbox 2172 4567 2228 4616; x_wconf 92' lang='lat' dir='ltr'>et</span> <span class='ocrx_word' id='word_1_572' title='bbox 2251 4562 2504 4621; x_wconf 91' lang='lat' dir='ltr'>circum-</span> 
     </span>
    </p>
   </div>
   <div class='ocr_carea' id='block_1_81' title="bbox 845 4649 2503 4733">
    <p class='ocr_par' dir='ltr' id='par_1_81' title="bbox 845 4649 2503 4733">
     <span class='ocr_line' id='line_1_82' title="bbox 845 4649 2503 4733; baseline -0.012 -4"><span class='ocrx_word' id='word_1_573' title='bbox 845 4672 1048 4728; x_wconf 86' lang='lat' dir='ltr'>fusum</span> <span class='ocrx_word' id='word_1_574' title='bbox 1107 4673 1297 4731; x_wconf 66' lang='lat' dir='ltr'>terrae,</span> <span class='ocrx_word' id='word_1_575' title='bbox 1354 4658 1503 4733; x_wconf 90' lang='lat' dir='ltr'>quin</span> <span class='ocrx_word' id='word_1_576' title='bbox 1555 4658 1613 4710; x_wconf 88' lang='lat' dir='ltr'>et</span> <span class='ocrx_word' id='word_1_577' title='bbox 1662 4652 1914 4709; x_wconf 87' lang='lat' dir='ltr'>alterum</span> <span class='ocrx_word' id='word_1_578' title='bbox 1964 4649 2268 4722; x_wconf 89' lang='lat' dir='ltr'>puriorem</span> <span class='ocrx_word' id='word_1_579' title='bbox 2310 4659 2503 4709; x_wconf 85' lang='lat' dir='ltr'>trans-</span> 
     </span>
    </p>
   </div>
   <div class='ocr_carea' id='block_1_82' title="bbox 845 4739 2504 4827">
    <p class='ocr_par' dir='ltr' id='par_1_82' title="bbox 845 4739 2504 4827">
     <span class='ocr_line' id='line_1_83' title="bbox 845 4739 2504 4827; baseline -0.013 -9"><span class='ocrx_word' id='word_1_580' title='bbox 845 4759 1062 4827; x_wconf 88' lang='lat' dir='ltr'>cendo,</span> <span class='ocrx_word' id='word_1_581' title='bbox 1093 4761 1151 4811; x_wconf 92' lang='lat' dir='ltr'>et</span> <span class='ocrx_word' id='word_1_582' title='bbox 1179 4758 1413 4809; x_wconf 87' lang='lat' dir='ltr'>tantum</span> <span class='ocrx_word' id='word_1_583' title='bbox 1439 4761 1560 4803; x_wconf 92' lang='lat' dir='ltr'>non</span> <span class='ocrx_word' id='word_1_584' title='bbox 1592 4756 1881 4816; x_wconf 86' lang='lat' dir='ltr'>procurro</span> <span class='ocrx_word' id='word_1_585' title='bbox 1910 4739 2056 4793; x_wconf 88' lang='lat' dir='ltr'>ultra</span> <span class='ocrx_word' id='word_1_586' title='bbox 2077 4739 2298 4795; x_wconf 66' lang='lat' dir='ltr'>aethera</span> <span class='ocrx_word' id='word_1_587' title='bbox 2323 4748 2504 4814; x_wconf 88' lang='lat' dir='ltr'>atque</span> 
     </span>
    </p>
   </div>
   <div class='ocr_carea' id='block_1_83' title="bbox 845 4828 2503 4908">
    <p class='ocr_par' dir='ltr' id='par_1_83' title="bbox 845 4828 2503 4908">
     <span class='ocr_line' id='line_1_84' title="bbox 845 4828 2503 4908; baseline -0.013 -1"><span class='ocrx_word' id='word_1_588' title='bbox 845 4850 925 4908; x_wconf 89' lang='lat' dir='ltr'>ad</span> <span class='ocrx_word' id='word_1_589' title='bbox 952 4846 1191 4904; x_wconf 89' lang='lat' dir='ltr'>tertium</span> <span class='ocrx_word' id='word_1_590' title='bbox 1231 4839 1451 4897; x_wconf 68' lang='lat' dir='ltr'>caelum</span> <span class='ocrx_word' id='word_1_591' title='bbox 1496 4833 1789 4907; x_wconf 86' lang='lat' dir='ltr'>pertingo,</span> <span class='ocrx_word' id='word_1_592' title='bbox 1840 4833 1899 4883; x_wconf 83' lang='lat' dir='ltr'>ct</span> <span class='ocrx_word' id='word_1_593' title='bbox 1940 4844 2076 4899; x_wconf 69' lang='lat' dir='ltr'>qua:</span> <span class='ocrx_word' id='word_1_594' title='bbox 2107 4844 2228 4883; x_wconf 91' lang='lat' dir='ltr'>non</span> <span class='ocrx_word' id='word_1_595' title='bbox 2257 4828 2393 4885; x_wconf 90' lang='lat' dir='ltr'>licet</span> <span class='ocrx_word' id='word_1_596' title='bbox 2420 4830 2503 4886; x_wconf 88' lang='lat' dir='ltr'>lo-</span> 
     </span>
    </p>
   </div>
   <div class='ocr_carea' id='block_1_84' title="bbox 844 4917 2503 5011">
    <p class='ocr_par' dir='ltr' id='par_1_84' title="bbox 844 4917 2503 5011">
     <span class='ocr_line' id='line_1_85' title="bbox 844 4917 2503 5011; baseline -0.011 -18"><span class='ocrx_word' id='word_1_597' title='bbox 844 4938 969 5011; x_wconf 87' lang='lat' dir='ltr'>qui,</span> <span class='ocrx_word' id='word_1_598' title='bbox 1004 4933 1171 4991; x_wconf 76' lang='lat' dir='ltr'>effari</span> <span class='ocrx_word' id='word_1_599' title='bbox 1188 4931 1430 4992; x_wconf 90' lang='lat' dir='ltr'>doceor,</span> <span class='ocrx_word' id='word_1_600' title='bbox 1453 4924 1667 4996; x_wconf 89' lang='lat' dir='ltr'>plenus</span> <span class='ocrx_word' id='word_1_601' title='bbox 1688 4917 2104 4973; x_wconf 89' lang='lat' dir='ltr'>enthusiasmo</span> <span class='ocrx_word' id='word_1_602' title='bbox 2125 4917 2503 4991; x_wconf 89' lang='lat' dir='ltr'>multumque</span> 
     </span>
    </p>
   </div>
   <div class='ocr_carea' id='block_1_85' title="bbox 844 5006 2504 5099">
    <p class='ocr_par' dir='ltr' id='par_1_85' title="bbox 844 5006 2504 5099">
     <span class='ocr_line' id='line_1_86' title="bbox 844 5006 2504 5099; baseline -0.011 -16"><span class='ocrx_word' id='word_1_603' title='bbox 844 5006 1079 5099; x_wconf 81' lang='lat' dir='ltr'>meipso</span> <span class='ocrx_word' id='word_1_604' title='bbox 1122 5021 1335 5078; x_wconf 90' lang='lat' dir='ltr'>melior</span> <span class='ocrx_word' id='word_1_605' title='bbox 1383 5033 1395 5071; x_wconf 91' lang='lat'>:</span> <span class='ocrx_word' id='word_1_606' title='bbox 1444 5028 1664 5086; x_wconf 90' lang='lat' dir='ltr'>parum</span> <span class='ocrx_word' id='word_1_607' title='bbox 1714 5009 1875 5063; x_wconf 88' lang='lat' dir='ltr'>enim</span> <span class='ocrx_word' id='word_1_608' title='bbox 1926 5006 2097 5062; x_wconf 88' lang='lat' dir='ltr'>abest</span> <span class='ocrx_word' id='word_1_609' title='bbox 2142 5008 2291 5078; x_wconf 89' lang='lat' dir='ltr'>quin</span> <span class='ocrx_word' id='word_1_610' title='bbox 2348 5008 2504 5064; x_wconf 90' lang='lat' dir='ltr'>illius</span> 
     </span>
    </p>
   </div>
   <div class='ocr_carea' id='block_1_86' title="bbox 844 5096 2504 5174">
    <p class='ocr_par' dir='ltr' id='par_1_86' title="bbox 844 5096 2504 5174">
     <span class='ocr_line' id='line_1_87' title="bbox 844 5096 2504 5174; baseline -0.013 0"><span class='ocrx_word' id='word_1_611' title='bbox 844 5096 1031 5174; x_wconf 74' lang='lat' dir='ltr'>causa</span> <span class='ocrx_word' id='word_1_612' title='bbox 1058 5116 1119 5169; x_wconf 91' lang='lat' dir='ltr'>in</span> <span class='ocrx_word' id='word_1_613' title='bbox 1151 5110 1371 5166; x_wconf 64' lang='lat' dir='ltr'>coelum</span> <span class='ocrx_word' id='word_1_614' title='bbox 1397 5101 1724 5162; x_wconf 85' lang='lat' dir='ltr'>ascendam</span> <span class='ocrx_word' id='word_1_615' title='bbox 1763 5102 2046 5168; x_wconf 89' lang='lat' dir='ltr'>totusque</span> <span class='ocrx_word' id='word_1_616' title='bbox 2075 5096 2313 5152; x_wconf 92' lang='lat' dir='ltr'>divinus</span> <span class='ocrx_word' id='word_1_617' title='bbox 2358 5097 2504 5154; x_wconf 88' lang='lat' dir='ltr'>ﬁam</span> 
     </span>
    </p>
   </div>
   <div class='ocr_carea' id='block_1_87' title="bbox 843 5185 2504 5279">
    <p class='ocr_par' dir='ltr' id='par_1_87' title="bbox 843 5185 2504 5279">
     <span class='ocr_line' id='line_1_88' title="bbox 843 5185 2504 5279; baseline -0.013 -15"><span class='ocrx_word' id='word_1_618' title='bbox 843 5213 902 5264; x_wconf 89' lang='lat' dir='ltr'>et</span> <span class='ocrx_word' id='word_1_619' title='bbox 949 5205 1131 5279; x_wconf 88' lang='lat' dir='ltr'>plane</span> <span class='ocrx_word' id='word_1_620' title='bbox 1175 5194 1524 5273; x_wconf 88' lang='lat' dir='ltr'>spiritualis,</span> <span class='ocrx_word' id='word_1_621' title='bbox 1585 5196 1764 5261; x_wconf 88' lang='lat' dir='ltr'>atque</span> <span class='ocrx_word' id='word_1_622' title='bbox 1810 5185 2179 5279; x_wconf 83' lang='lat' dir='ltr'>intelligendi</span> <span class='ocrx_word' id='word_1_623' title='bbox 2227 5187 2504 5243; x_wconf 84' lang='lat' dir='ltr'>facultate</span> 
     </span>
    </p>
   </div>
   <div class='ocr_carea' id='block_1_88' title="bbox 845 5276 2505 5370">
    <p class='ocr_par' dir='ltr' id='par_1_88' title="bbox 845 5276 2505 5370">
     <span class='ocr_line' id='line_1_89' title="bbox 845 5276 2505 5370; baseline -0.022 -16"><span class='ocrx_word' id='word_1_624' title='bbox 845 5276 1096 5370; x_wconf 60' lang='lat' dir='ltr'>aqualis</span> <span class='ocrx_word' id='word_1_625' title='bbox 1119 5290 1335 5361; x_wconf 88' lang='lat' dir='ltr'>angelo</span> <span class='ocrx_word' id='word_1_626' title='bbox 1356 5287 1549 5342; x_wconf 89' lang='lat' dir='ltr'>factus</span> <span class='ocrx_word' id='word_1_627' title='bbox 1568 5281 1795 5335; x_wconf 86' lang='lat' dir='ltr'>videor.</span> <span class='ocrx_word' id='word_1_628' title='bbox 1832 5277 2002 5331; x_wconf 85' lang='lat' dir='ltr'>Disco</span> <span class='ocrx_word' id='word_1_629' title='bbox 2022 5292 2158 5347; x_wconf 82' lang='lat' dir='ltr'>quae</span> <span class='ocrx_word' id='word_1_630' title='bbox 2189 5276 2268 5331; x_wconf 88' lang='lat' dir='ltr'>ad</span> <span class='ocrx_word' id='word_1_631' title='bbox 2296 5278 2505 5333; x_wconf 91' lang='lat' dir='ltr'>imma-</span> 
     </span>
    </p>
   </div>
   <div class='ocr_carea' id='block_1_89' title="bbox 845 5365 2504 5443">
    <p class='ocr_par' dir='ltr' id='par_1_89' title="bbox 845 5365 2504 5443">
     <span class='ocr_line' id='line_1_90' title="bbox 845 5365 2504 5443; baseline -0.014 0"><span class='ocrx_word' id='word_1_632' title='bbox 845 5365 1082 5443; x_wconf 68' lang='lat' dir='ltr'>teriales</span> <span class='ocrx_word' id='word_1_633' title='bbox 1127 5376 1495 5436; x_wconf 90' lang='lat' dir='ltr'>substantias</span> <span class='ocrx_word' id='word_1_634' title='bbox 1527 5369 1841 5443; x_wconf 87' lang='lat' dir='ltr'>pertinent,</span> <span class='ocrx_word' id='word_1_635' title='bbox 1884 5371 1940 5420; x_wconf 89' lang='lat' dir='ltr'>et</span> <span class='ocrx_word' id='word_1_636' title='bbox 1977 5365 2287 5437; x_wconf 90' lang='lat' dir='ltr'>quomodo</span> <span class='ocrx_word' id='word_1_637' title='bbox 2320 5382 2504 5421; x_wconf 87' lang='lat' dir='ltr'>nove-</span> 
     </span>
    </p>
   </div>
   <div class='ocr_carea' id='block_1_90' title="bbox 843 5455 2503 5537">
    <p class='ocr_par' dir='ltr' id='par_1_90' title="bbox 843 5455 2503 5537">
     <span class='ocr_line' id='line_1_91' title="bbox 843 5455 2503 5537; baseline -0.013 -5"><span class='ocrx_word' id='word_1_638' title='bbox 843 5476 1052 5532; x_wconf 88' lang='lat' dir='ltr'>narius</span> <span class='ocrx_word' id='word_1_639' title='bbox 1082 5472 1302 5527; x_wconf 90' lang='lat' dir='ltr'>chorus</span> <span class='ocrx_word' id='word_1_640' title='bbox 1325 5466 1403 5522; x_wconf 90' lang='lat' dir='ltr'>ad</span> <span class='ocrx_word' id='word_1_641' title='bbox 1428 5458 1742 5537; x_wconf 85' lang='lat' dir='ltr'>trinarium</span> <span class='ocrx_word' id='word_1_642' title='bbox 1764 5455 2104 5520; x_wconf 88' lang='lat' dir='ltr'>reducatur,</span> <span class='ocrx_word' id='word_1_643' title='bbox 2140 5461 2318 5527; x_wconf 89' lang='lat' dir='ltr'>prout</span> <span class='ocrx_word' id='word_1_644' title='bbox 2347 5456 2503 5511; x_wconf 88' lang='lat' dir='ltr'>ordi-</span> 
     </span>
    </p>
   </div>
   <div class='ocr_carea' id='block_1_91' title="bbox 843 5544 2505 5627">
    <p class='ocr_par' dir='ltr' id='par_1_91' title="bbox 843 5544 2505 5627">
     <span class='ocr_line' id='line_1_92' title="bbox 843 5544 2505 5627; baseline -0.014 -5"><span class='ocrx_word' id='word_1_645' title='bbox 843 5570 1022 5622; x_wconf 87' lang='lat' dir='ltr'>natus</span> <span class='ocrx_word' id='word_1_646' title='bbox 1071 5567 1181 5627; x_wconf 90' lang='lat' dir='ltr'>est,</span> <span class='ocrx_word' id='word_1_647' title='bbox 1243 5567 1546 5626; x_wconf 90' lang='lat' dir='ltr'>cognosco</span> <span class='ocrx_word' id='word_1_648' title='bbox 1590 5555 1646 5605; x_wconf 92' lang='lat' dir='ltr'>et</span> <span class='ocrx_word' id='word_1_649' title='bbox 1700 5544 2312 5613; x_wconf 87' lang='lat' dir='ltr'>admiror;insonant</span> <span class='ocrx_word' id='word_1_650' title='bbox 2358 5544 2505 5600; x_wconf 85' lang='lat' dir='ltr'>mihi</span> 
     </span>
    </p>
   </div>
   <div class='ocr_carea' id='block_1_92' title="bbox 842 5632 2507 5711">
    <p class='ocr_par' dir='ltr' id='par_1_92' title="bbox 842 5632 2507 5711">
     <span class='ocr_line' id='line_1_93' title="bbox 842 5632 2507 5711; baseline -0.014 0"><span class='ocrx_word' id='word_1_651' title='bbox 842 5650 1177 5711; x_wconf 72' lang='lat' dir='ltr'>ineffabiles</span> <span class='ocrx_word' id='word_1_652' title='bbox 1222 5660 1432 5703; x_wconf 88' lang='lat' dir='ltr'>eorum</span> <span class='ocrx_word' id='word_1_653' title='bbox 1489 5635 1850 5705; x_wconf 67' lang='lat' dir='ltr'>doxologiaz,</span> <span class='ocrx_word' id='word_1_654' title='bbox 1883 5638 1940 5688; x_wconf 89' lang='lat' dir='ltr'>et</span> <span class='ocrx_word' id='word_1_655' title='bbox 1981 5648 2133 5704; x_wconf 91' lang='lat' dir='ltr'>pene</span> <span class='ocrx_word' id='word_1_656' title='bbox 2177 5632 2507 5706; x_wconf 89' lang='lat' dir='ltr'>compellor</span> 
     </span>
    </p>
   </div>
   <div class='ocr_carea' id='block_1_93' title="bbox 842 5722 2507 5802">
    <p class='ocr_par' dir='ltr' id='par_1_93' title="bbox 842 5722 2507 5802">
     <span class='ocr_line' id='line_1_94' title="bbox 842 5722 2507 5802; baseline -0.014 0"><span class='ocrx_word' id='word_1_657' title='bbox 842 5758 968 5802; x_wconf 88' lang='lat' dir='ltr'>una</span> <span class='ocrx_word' id='word_1_658' title='bbox 1009 5755 1151 5798; x_wconf 88' lang='lat' dir='ltr'>cum</span> <span class='ocrx_word' id='word_1_659' title='bbox 1201 5736 1273 5794; x_wconf 83' lang='lat' dir='ltr'>iis</span> <span class='ocrx_word' id='word_1_660' title='bbox 1329 5725 1735 5792; x_wconf 79' lang='lat' dir='ltr'>diversimode</span> <span class='ocrx_word' id='word_1_661' title='bbox 1789 5737 2004 5779; x_wconf 88' lang='lat' dir='ltr'>canere</span> <span class='ocrx_word' id='word_1_662' title='bbox 2048 5728 2228 5796; x_wconf 85' lang='lat' dir='ltr'>atque</span> <span class='ocrx_word' id='word_1_663' title='bbox 2254 5722 2507 5781; x_wconf 84' lang='lat' dir='ltr'>laudare</span> 
     </span>
    </p>
   </div>
   <div class='ocr_carea' id='block_1_94' title="bbox 2606 3300 4209 3374">
    <p class='ocr_par' dir='ltr' id='par_1_94' title="bbox 2606 3300 4209 3374">
     <span class='ocr_line' id='line_1_95' title="bbox 2606 3300 4209 3374; baseline -0.004 -18"><span class='ocrx_word' id='word_1_664' title='bbox 2606 3313 2842 3369; x_wconf 75' lang='grc' dir='ltr'>τούντας,</span> <span class='ocrx_word' id='word_1_665' title='bbox 2871 3306 2920 3355; x_wconf 87' lang='grc' dir='ltr'>οἱ</span> <span class='ocrx_word' id='word_1_666' title='bbox 2956 3300 3023 3361; x_wconf 78' lang='grc' dir='ltr'>δὴ</span> <span class='ocrx_word' id='word_1_667' title='bbox 3056 3307 3181 3374; x_wconf 85' lang='grc' dir='ltr'>πρὸς</span> <span class='ocrx_word' id='word_1_668' title='bbox 3214 3308 3430 3374; x_wconf 89' lang='grc' dir='ltr'>χορείαν</span> <span class='ocrx_word' id='word_1_669' title='bbox 3488 3300 3897 3373; x_wconf 75' lang='grc' dir='ltr'>μετακαλούνται</span> <span class='ocrx_word' id='word_1_670' title='bbox 3949 3302 4209 3370; x_wconf 83' lang='grc' dir='ltr'>θειοτέραν</span> 
     </span>
    </p>
   </div>
   <div class='ocr_carea' id='block_1_95' title="bbox 2610 3387 4213 3464">
    <p class='ocr_par' dir='ltr' id='par_1_95' title="bbox 2610 3387 4213 3464">
     <span class='ocr_line' id='line_1_96' title="bbox 2610 3387 4213 3464; baseline -0.006 -17"><span class='ocrx_word' id='word_1_671' title='bbox 2610 3398 2762 3454; x_wconf 83' lang='grc' dir='ltr'>ὅντως</span> <span class='ocrx_word' id='word_1_672' title='bbox 2796 3414 2885 3444; x_wconf 91' lang='grc' dir='ltr'>και</span> <span class='ocrx_word' id='word_1_673' title='bbox 2932 3397 3233 3464; x_wconf 69' lang='grc' dir='ltr'>κρείττοια;</span> <span class='ocrx_word' id='word_1_674' title='bbox 3263 3396 3356 3449; x_wconf 84' lang='grc' dir='ltr'>τὴν</span> <span class='ocrx_word' id='word_1_675' title='bbox 3423 3388 3482 3442; x_wconf 67' lang='grc' dir='ltr'>δὲ</span> <span class='ocrx_word' id='word_1_676' title='bbox 3532 3395 3706 3461; x_wconf 78' lang='grc' dir='ltr'>πηγὴν</span> <span class='ocrx_word' id='word_1_677' title='bbox 3750 3399 3856 3450; x_wconf 80' lang='grc' dir='ltr'>πως</span> <span class='ocrx_word' id='word_1_678' title='bbox 3906 3387 4009 3461; x_wconf 86' lang='grc' dir='ltr'>ἆρα</span> <span class='ocrx_word' id='word_1_679' title='bbox 4045 3406 4213 3459; x_wconf 89' lang='grc' dir='ltr'>παρα-</span> 
     </span>
    </p>
   </div>
   <div class='ocr_carea' id='block_1_96' title="bbox 2617 3473 4216 3557">
    <p class='ocr_par' dir='ltr' id='par_1_96' title="bbox 2617 3473 4216 3557">
     <span class='ocr_line' id='line_1_97' title="bbox 2617 3473 4216 3557; baseline -0.006 -21"><span class='ocrx_word' id='word_1_680' title='bbox 2617 3482 2921 3557; x_wconf 76' lang='grc' dir='ltr'>δραμούμαι</span> <span class='ocrx_word' id='word_1_681' title='bbox 2950 3490 3041 3541; x_wconf 81' lang='grc' dir='ltr'>τῆς</span> <span class='ocrx_word' id='word_1_682' title='bbox 3082 3486 3359 3551; x_wconf 73' lang='grc' dir='ltr'>γνώσεωςς</span> <span class='ocrx_word' id='word_1_683' title='bbox 3389 3482 3419 3538; x_wconf 74' lang='grc' dir='ltr'><em>ἦ</em></span> <span class='ocrx_word' id='word_1_684' title='bbox 3444 3488 3551 3540; x_wconf 86' lang='grc' dir='ltr'>πῶς</span> <span class='ocrx_word' id='word_1_685' title='bbox 3582 3479 3709 3549; x_wconf 70' lang='grc' dir='ltr'>οὐχὶ</span> <span class='ocrx_word' id='word_1_686' title='bbox 3756 3499 3846 3529; x_wconf 91' lang='grc' dir='ltr'>και</span> <span class='ocrx_word' id='word_1_687' title='bbox 3892 3483 3946 3530; x_wconf 86' lang='grc' dir='ltr'>ἐκ</span> <span class='ocrx_word' id='word_1_688' title='bbox 3976 3473 4216 3550; x_wconf 77' lang='grc' dir='ltr'>πάροδον</span> 
     </span>
    </p>
   </div>
   <div class='ocr_carea' id='block_1_97' title="bbox 2614 3562 4219 3645">
    <p class='ocr_par' dir='ltr' id='par_1_97' title="bbox 2614 3562 4219 3645">
     <span class='ocr_line' id='line_1_98' title="bbox 2614 3562 4219 3645; baseline -0.006 -20"><span class='ocrx_word' id='word_1_689' title='bbox 2614 3575 2805 3632; x_wconf 83' lang='grc' dir='ltr'>ταύτης</span> <span class='ocrx_word' id='word_1_690' title='bbox 2850 3570 3151 3645; x_wconf 81' lang='grc' dir='ltr'>ἀρύσομαι;</span> <span class='ocrx_word' id='word_1_691' title='bbox 3206 3572 3291 3620; x_wconf 80' lang='grc' dir='ltr'>ἵνα</span> <span class='ocrx_word' id='word_1_692' title='bbox 3336 3589 3444 3630; x_wconf 89' lang='grc' dir='ltr'>πως</span> <span class='ocrx_word' id='word_1_693' title='bbox 3488 3571 3617 3643; x_wconf 87' lang='grc' dir='ltr'>πρὸς</span> <span class='ocrx_word' id='word_1_694' title='bbox 3670 3570 3755 3619; x_wconf 91' lang='grc' dir='ltr'>τὸν</span> <span class='ocrx_word' id='word_1_695' title='bbox 3805 3566 3978 3639; x_wconf 77' lang='grc' dir='ltr'>ἐφεξῆς</span> <span class='ocrx_word' id='word_1_696' title='bbox 4023 3562 4219 3639; x_wconf 79' lang='grc' dir='ltr'>δρόμον</span> 
     </span>
    </p>
   </div>
   <div class='ocr_carea' id='block_1_98' title="bbox 2620 3652 4223 3733">
    <p class='ocr_par' dir='ltr' id='par_1_98' title="bbox 2620 3652 4223 3733">
     <span class='ocr_line' id='line_1_99' title="bbox 2620 3652 4223 3733; baseline -0.006 -19"><span class='ocrx_word' id='word_1_697' title='bbox 2620 3664 2964 3733; x_wconf 87' lang='grc' dir='ltr'>άκμαιότερος</span> <span class='ocrx_word' id='word_1_698' title='bbox 3038 3662 3239 3730; x_wconf 83' lang='grc' dir='ltr'>γέμωαι</span> <span class='ocrx_word' id='word_1_699' title='bbox 3268 3702 3284 3729; x_wconf 88' lang='grc'>,</span> <span class='ocrx_word' id='word_1_700' title='bbox 3356 3656 3696 3728; x_wconf 50' lang='lat' dir='ltr'>humiliuon</span> <span class='ocrx_word' id='word_1_701' title='bbox 3769 3652 3888 3707; x_wconf 78' lang='grc' dir='ltr'>ἰδού</span> <span class='ocrx_word' id='word_1_702' title='bbox 3967 3658 4223 3725; x_wconf 75' lang='grc' dir='ltr'>ἀπογινώ-</span> 
     </span>
    </p>
   </div>
   <div class='ocr_carea' id='block_1_99' title="bbox 2620 3745 4216 3818">
    <p class='ocr_par' dir='ltr' id='par_1_99' title="bbox 2620 3745 4216 3818">
     <span class='ocr_line' id='line_1_100' title="bbox 2620 3745 4216 3818; baseline -0.007 -15"><span class='ocrx_word' id='word_1_703' title='bbox 2620 3771 2758 3804; x_wconf 90' lang='grc' dir='ltr'>σκων</span> <span class='ocrx_word' id='word_1_704' title='bbox 2817 3753 2903 3801; x_wconf 88' lang='grc' dir='ltr'>τόν</span> <span class='ocrx_word' id='word_1_705' title='bbox 2960 3745 3192 3814; x_wconf 75' lang='grc' dir='ltr'>δίαυλον,</span> <span class='ocrx_word' id='word_1_706' title='bbox 3256 3767 3345 3798; x_wconf 92' lang='grc' dir='ltr'>και</span> <span class='ocrx_word' id='word_1_707' title='bbox 3412 3748 3746 3818; x_wconf 78' lang='grc' dir='ltr'>ἀπαγορεύων</span> <span class='ocrx_word' id='word_1_708' title='bbox 3800 3748 3885 3797; x_wconf 87' lang='grc' dir='ltr'>τὸν</span> <span class='ocrx_word' id='word_1_709' title='bbox 3955 3749 4216 3816; x_wconf 66' lang='grc' dir='ltr'>στέφανον.</span> 
     </span>
    </p>
   </div>
   <div class='ocr_carea' id='block_1_100' title="bbox 2620 3837 4220 3911">
    <p class='ocr_par' dir='ltr' id='par_1_100' title="bbox 2620 3837 4220 3911">
     <span class='ocr_line' id='line_1_101' title="bbox 2620 3837 4220 3911; baseline -0.004 -19"><span class='ocrx_word' id='word_1_710' title='bbox 2620 3840 2778 3896; x_wconf 77' lang='grc' dir='ltr'>Ἀλλὰ</span> <span class='ocrx_word' id='word_1_711' title='bbox 2830 3842 2930 3911; x_wconf 76' lang='grc' dir='ltr'>φὰρ</span> <span class='ocrx_word' id='word_1_712' title='bbox 2963 3839 3226 3910; x_wconf 79' lang='grc' dir='ltr'>ἐμνήσθην</span> <span class='ocrx_word' id='word_1_713' title='bbox 3282 3840 3494 3897; x_wconf 85' lang='grc' dir='ltr'>ἐκείνης,</span> <span class='ocrx_word' id='word_1_714' title='bbox 3548 3855 3639 3886; x_wconf 89' lang='grc' dir='ltr'>και</span> <span class='ocrx_word' id='word_1_715' title='bbox 3689 3843 3807 3887; x_wconf 78' lang='grc' dir='ltr'>νοῦν</span> <span class='ocrx_word' id='word_1_716' title='bbox 3854 3837 4102 3908; x_wconf 86' lang='grc' dir='ltr'>παραυτὰ</span> <span class='ocrx_word' id='word_1_717' title='bbox 4132 3837 4220 3885; x_wconf 88' lang='grc' dir='ltr'>τόν</span> 
     </span>
    </p>
   </div>
   <div class='ocr_carea' id='block_1_101' title="bbox 2622 3923 4221 4003">
    <p class='ocr_par' dir='ltr' id='par_1_101' title="bbox 2622 3923 4221 4003">
     <span class='ocr_line' id='line_1_102' title="bbox 2622 3923 4221 4003; baseline -0.006 -20"><span class='ocrx_word' id='word_1_718' title='bbox 2622 3932 2837 4003; x_wconf 79' lang='grc' dir='ltr'>θύραθεν</span> <span class='ocrx_word' id='word_1_719' title='bbox 2890 3931 3224 3998; x_wconf 80' lang='grc' dir='ltr'>συναγηοχα·</span> <span class='ocrx_word' id='word_1_720' title='bbox 3276 3925 3539 3998; x_wconf 80' lang='grc' dir='ltr'>ἐμνήσθην</span> <span class='ocrx_word' id='word_1_721' title='bbox 3588 3923 3806 3993; x_wconf 87' lang='grc' dir='ltr'>ἐκείνης,</span> <span class='ocrx_word' id='word_1_722' title='bbox 3854 3944 3945 3975; x_wconf 88' lang='lat' dir='ltr'>xm</span> <span class='ocrx_word' id='word_1_723' title='bbox 3991 3932 4063 3993; x_wconf 84' lang='grc' dir='ltr'>τῷ</span> <span class='ocrx_word' id='word_1_724' title='bbox 4112 3927 4221 3974; x_wconf 82' lang='grc' dir='ltr'>ὄντι</span> 
     </span>
    </p>
   </div>
   <div class='ocr_carea' id='block_1_102' title="bbox 2616 4012 4220 4093">
    <p class='ocr_par' dir='ltr' id='par_1_102' title="bbox 2616 4012 4220 4093">
     <span class='ocr_line' id='line_1_103' title="bbox 2616 4012 4220 4093; baseline -0.004 -22"><span class='ocrx_word' id='word_1_725' title='bbox 2616 4020 2951 4093; x_wconf 79' lang='grc' dir='ltr'>λογικώτερος</span> <span class='ocrx_word' id='word_1_726' title='bbox 2993 4012 3395 4087; x_wconf 80' lang='grc' dir='ltr'>ἀναδέδειγμαι,</span> <span class='ocrx_word' id='word_1_727' title='bbox 3460 4015 3704 4089; x_wconf 81' lang='grc' dir='ltr'>χρῆσθαι</span> <span class='ocrx_word' id='word_1_728' title='bbox 3756 4019 4093 4085; x_wconf 83' lang='grc' dir='ltr'>συνετώτερον</span> <span class='ocrx_word' id='word_1_729' title='bbox 4146 4018 4220 4082; x_wconf 82' lang='grc' dir='ltr'>τῷ</span> 
     </span>
    </p>
   </div>
   <div class='ocr_carea' id='block_1_103' title="bbox 2616 4101 4218 4179">
    <p class='ocr_par' dir='ltr' id='par_1_103' title="bbox 2616 4101 4218 4179">
     <span class='ocr_line' id='line_1_104' title="bbox 2616 4101 4218 4179; baseline -0.004 -20"><span class='ocrx_word' id='word_1_730' title='bbox 2616 4108 2752 4179; x_wconf 76' lang='grc' dir='ltr'>λογῳ</span> <span class='ocrx_word' id='word_1_731' title='bbox 2802 4103 3100 4177; x_wconf 80' lang='grc' dir='ltr'>δυναμενος·</span> <span class='ocrx_word' id='word_1_732' title='bbox 3176 4103 3440 4175; x_wconf 78' lang='grc' dir='ltr'>ἐμνήσθην</span> <span class='ocrx_word' id='word_1_733' title='bbox 3509 4104 3726 4171; x_wconf 84' lang='grc' dir='ltr'>ἐκείνης,</span> <span class='ocrx_word' id='word_1_734' title='bbox 3780 4122 3890 4169; x_wconf 88' lang='grc' dir='ltr'>και,</span> <span class='ocrx_word' id='word_1_735' title='bbox 3940 4105 3997 4152; x_wconf 87' lang='grc' dir='ltr'>τὸ</span> <span class='ocrx_word' id='word_1_736' title='bbox 4041 4101 4218 4172; x_wconf 77' lang='grc' dir='ltr'>μεῖζον</span> 
     </span>
    </p>
   </div>
   <div class='ocr_carea' id='block_1_104' title="bbox 2614 4192 4219 4265">
    <p class='ocr_par' dir='ltr' id='par_1_104' title="bbox 2614 4192 4219 4265">
     <span class='ocr_line' id='line_1_105' title="bbox 2614 4192 4219 4265; baseline -0.005 -16"><span class='ocrx_word' id='word_1_737' title='bbox 2614 4200 2832 4265; x_wconf 85' lang='grc' dir='ltr'>πάντων,</span> <span class='ocrx_word' id='word_1_738' title='bbox 2884 4194 3124 4265; x_wconf 77' lang='grc' dir='ltr'>ἀσφαλὴς</span> <span class='ocrx_word' id='word_1_739' title='bbox 3206 4192 3443 4263; x_wconf 79' lang='grc' dir='ltr'>θεολόγος</span> <span class='ocrx_word' id='word_1_740' title='bbox 3523 4193 3780 4264; x_wconf 82' lang='grc' dir='ltr'>παρευθὺς</span> <span class='ocrx_word' id='word_1_741' title='bbox 3830 4192 4076 4265; x_wconf 84' lang='grc' dir='ltr'>εύρημαι,</span> <span class='ocrx_word' id='word_1_742' title='bbox 4127 4210 4219 4241; x_wconf 91' lang='grc' dir='ltr'>και</span> 
     </span>
    </p>
   </div>
   <div class='ocr_carea' id='block_1_105' title="bbox 2610 4277 4218 4360">
    <p class='ocr_par' dir='ltr' id='par_1_105' title="bbox 2610 4277 4218 4360">
     <span class='ocr_line' id='line_1_106' title="bbox 2610 4277 4218 4360; baseline -0.005 -22"><span class='ocrx_word' id='word_1_743' title='bbox 2610 4291 2915 4360; x_wconf 80' lang='grc' dir='ltr'>νοερωτερος</span> <span class='ocrx_word' id='word_1_744' title='bbox 2968 4279 3033 4340; x_wconf 74' lang='grc' dir='ltr'>δή</span> <span class='ocrx_word' id='word_1_745' title='bbox 3081 4302 3191 4343; x_wconf 88' lang='grc' dir='ltr'>πως</span> <span class='ocrx_word' id='word_1_746' title='bbox 3234 4285 3538 4353; x_wconf 75' lang='grc' dir='ltr'>γεγένημαι.</span> <span class='ocrx_word' id='word_1_747' title='bbox 3588 4280 3655 4333; x_wconf 79' lang='grc' dir='ltr'>Ὦ.</span> <span class='ocrx_word' id='word_1_748' title='bbox 3707 4285 3884 4333; x_wconf 90' lang='grc' dir='ltr'>πόσων</span> <span class='ocrx_word' id='word_1_749' title='bbox 3935 4278 3982 4330; x_wconf 85' lang='grc' dir='ltr'>ἐν</span> <span class='ocrx_word' id='word_1_750' title='bbox 4036 4277 4218 4353; x_wconf 80' lang='grc' dir='ltr'>ἀκαρεί</span> 
     </span>
    </p>
   </div>
   <div class='ocr_carea' id='block_1_106' title="bbox 2611 4368 4218 4449">
    <p class='ocr_par' dir='ltr' id='par_1_106' title="bbox 2611 4368 4218 4449">
     <span class='ocr_line' id='line_1_107' title="bbox 2611 4368 4218 4449; baseline -0.006 -21"><span class='ocrx_word' id='word_1_751' title='bbox 2611 4379 2914 4449; x_wconf 83' lang='grc' dir='ltr'>μυστηρίων</span> <span class='ocrx_word' id='word_1_752' title='bbox 2972 4372 3309 4434; x_wconf 75' lang='grc' dir='ltr'>ἠξιώθηνῐῶ</span> <span class='ocrx_word' id='word_1_753' title='bbox 3357 4372 3424 4431; x_wconf 83' lang='grc' dir='ltr'>εἰς</span> <span class='ocrx_word' id='word_1_754' title='bbox 3478 4372 3591 4422; x_wconf 88' lang='grc' dir='ltr'>οἰαν</span> <span class='ocrx_word' id='word_1_755' title='bbox 3644 4375 3951 4428; x_wconf 80' lang='grc' dir='ltr'>κατηντηκα</span> <span class='ocrx_word' id='word_1_756' title='bbox 4001 4368 4218 4441; x_wconf 78' lang='grc' dir='ltr'>μεγαλό-</span> 
     </span>
    </p>
   </div>
   <div class='ocr_carea' id='block_1_107' title="bbox 2610 4456 4222 4536">
    <p class='ocr_par' dir='ltr' id='par_1_107' title="bbox 2610 4456 4222 4536">
     <span class='ocr_line' id='line_1_108' title="bbox 2610 4456 4222 4536; baseline -0.006 -18"><span class='ocrx_word' id='word_1_757' title='bbox 2610 4485 2771 4518; x_wconf 89' lang='grc' dir='ltr'>νοιαν·</span> <span class='ocrx_word' id='word_1_758' title='bbox 2802 4459 3091 4536; x_wconf 80' lang='grc' dir='ltr'>ύπερπηδῶ</span> <span class='ocrx_word' id='word_1_759' title='bbox 3139 4464 3204 4513; x_wconf 77' lang='grc' dir='ltr'>τὰ</span> <span class='ocrx_word' id='word_1_760' title='bbox 3262 4460 3579 4535; x_wconf 80' lang='grc' dir='ltr'>ἀνθρώπινα,</span> <span class='ocrx_word' id='word_1_761' title='bbox 3630 4456 3909 4531; x_wconf 79' lang='grc' dir='ltr'>διασχίξω</span> <span class='ocrx_word' id='word_1_762' title='bbox 3960 4462 4046 4510; x_wconf 88' lang='grc' dir='ltr'>τὸν</span> <span class='ocrx_word' id='word_1_763' title='bbox 4094 4457 4222 4533; x_wconf 78' lang='grc' dir='ltr'>ἀέρα</span> 
     </span>
    </p>
   </div>
   <div class='ocr_carea' id='block_1_108' title="bbox 2612 4547 4219 4625">
    <p class='ocr_par' dir='ltr' id='par_1_108' title="bbox 2612 4547 4219 4625">
     <span class='ocr_line' id='line_1_109' title="bbox 2612 4547 4219 4625; baseline -0.006 -18"><span class='ocrx_word' id='word_1_764' title='bbox 2612 4573 2816 4608; x_wconf 88' lang='grc' dir='ltr'>τουτονι</span> <span class='ocrx_word' id='word_1_765' title='bbox 2845 4556 2932 4604; x_wconf 88' lang='grc' dir='ltr'>τὸν</span> <span class='ocrx_word' id='word_1_766' title='bbox 2973 4553 3251 4625; x_wconf 86' lang='grc' dir='ltr'>ύγρότερον</span> <span class='ocrx_word' id='word_1_767' title='bbox 3308 4570 3400 4601; x_wconf 86' lang='grc' dir='ltr'>και</span> <span class='ocrx_word' id='word_1_768' title='bbox 3446 4555 3723 4623; x_wconf 84' lang='grc' dir='ltr'>περίγειον,</span> <span class='ocrx_word' id='word_1_769' title='bbox 3780 4547 4071 4623; x_wconf 76' lang='grc' dir='ltr'>ὑπερϐαίνω</span> <span class='ocrx_word' id='word_1_770' title='bbox 4119 4555 4219 4598; x_wconf 85' lang='grc' dir='ltr'>τῶν</span> 
     </span>
    </p>
   </div>
   <div class='ocr_carea' id='block_1_109' title="bbox 2611 4636 4219 4717">
    <p class='ocr_par' dir='ltr' id='par_1_109' title="bbox 2611 4636 4219 4717">
     <span class='ocr_line' id='line_1_110' title="bbox 2611 4636 4219 4717; baseline -0.006 -20"><span class='ocrx_word' id='word_1_771' title='bbox 2611 4646 3005 4717; x_wconf 82' lang='grc' dir='ltr'>καθαρωτέρων,</span> <span class='ocrx_word' id='word_1_772' title='bbox 3057 4643 3182 4714; x_wconf 75' lang='grc' dir='ltr'>ύπερ</span> <span class='ocrx_word' id='word_1_773' title='bbox 3229 4644 3314 4693; x_wconf 91' lang='grc' dir='ltr'>τόν</span> <span class='ocrx_word' id='word_1_774' title='bbox 3371 4639 3555 4712; x_wconf 74' lang='grc' dir='ltr'>αἰθέρα</span> <span class='ocrx_word' id='word_1_775' title='bbox 3608 4641 3703 4691; x_wconf 86' lang='grc' dir='ltr'>θέω</span> <span class='ocrx_word' id='word_1_776' title='bbox 3749 4646 3962 4712; x_wconf 80' lang='grc' dir='ltr'>μικροῦ,</span> <span class='ocrx_word' id='word_1_777' title='bbox 4005 4656 4095 4688; x_wconf 90' lang='grc' dir='ltr'>και</span> <span class='ocrx_word' id='word_1_778' title='bbox 4153 4636 4219 4697; x_wconf 86' lang='grc' dir='ltr'>εἰς</span> 
     </span>
    </p>
   </div>
   <div class='ocr_carea' id='block_1_110' title="bbox 2610 4725 4221 4808">
    <p class='ocr_par' dir='ltr' id='par_1_110' title="bbox 2610 4725 4221 4808">
     <span class='ocr_line' id='line_1_111' title="bbox 2610 4725 4221 4808; baseline -0.006 -23"><span class='ocrx_word' id='word_1_779' title='bbox 2610 4739 2782 4808; x_wconf 89' lang='grc' dir='ltr'>τρίτον</span> <span class='ocrx_word' id='word_1_780' title='bbox 2848 4730 3063 4805; x_wconf 79' lang='grc' dir='ltr'>οὐρανόν</span> <span class='ocrx_word' id='word_1_781' title='bbox 3132 4731 3325 4801; x_wconf 78' lang='grc' dir='ltr'>φθάνω,</span> <span class='ocrx_word' id='word_1_782' title='bbox 3400 4749 3490 4780; x_wconf 91' lang='grc' dir='ltr'>και</span> <span class='ocrx_word' id='word_1_783' title='bbox 3564 4734 3599 4779; x_wconf 85' lang='grc' dir='ltr'>ἀ</span> <span class='ocrx_word' id='word_1_784' title='bbox 3677 4727 3771 4779; x_wconf 81' lang='grc' dir='ltr'>ούκ</span> <span class='ocrx_word' id='word_1_785' title='bbox 3827 4725 3939 4789; x_wconf 82' lang='grc' dir='ltr'>ἐξόν</span> <span class='ocrx_word' id='word_1_786' title='bbox 3990 4725 4221 4783; x_wconf 78' lang='grc' dir='ltr'>λαλῆσαι</span> 
     </span>
    </p>
   </div>
   <div class='ocr_carea' id='block_1_111' title="bbox 2610 4813 4222 4896">
    <p class='ocr_par' dir='ltr' id='par_1_111' title="bbox 2610 4813 4222 4896">
     <span class='ocr_line' id='line_1_112' title="bbox 2610 4813 4222 4896; baseline -0.006 -19"><span class='ocrx_word' id='word_1_787' title='bbox 2610 4825 2826 4896; x_wconf 81' lang='grc' dir='ltr'>γλωσση</span> <span class='ocrx_word' id='word_1_788' title='bbox 2881 4830 3137 4893; x_wconf 79' lang='grc' dir='ltr'>μυοῡμαι,</span> <span class='ocrx_word' id='word_1_789' title='bbox 3195 4825 3282 4871; x_wconf 83' lang='grc' dir='ltr'>καὶ</span> <span class='ocrx_word' id='word_1_790' title='bbox 3331 4813 3715 4891; x_wconf 71' lang='grc' dir='ltr'>ἐνθουσιασμοῦ</span> <span class='ocrx_word' id='word_1_791' title='bbox 3758 4817 4080 4892; x_wconf 81' lang='grc' dir='ltr'>πληροῠμαι,</span> <span class='ocrx_word' id='word_1_792' title='bbox 4129 4834 4222 4867; x_wconf 92' lang='grc' dir='ltr'>και</span> 
     </span>
    </p>
   </div>
   <div class='ocr_carea' id='block_1_112' title="bbox 2612 4904 4220 4987">
    <p class='ocr_par' dir='ltr' id='par_1_112' title="bbox 2612 4904 4220 4987">
     <span class='ocr_line' id='line_1_113' title="bbox 2612 4904 4220 4987; baseline -0.005 -23"><span class='ocrx_word' id='word_1_793' title='bbox 2612 4920 2797 4987; x_wconf 87' lang='grc' dir='ltr'>μακρῷ</span> <span class='ocrx_word' id='word_1_794' title='bbox 2820 4914 3066 4985; x_wconf 76' lang='grc' dir='ltr'>κρείττων</span> <span class='ocrx_word' id='word_1_795' title='bbox 3101 4908 3328 4981; x_wconf 69' lang='grc' dir='ltr'>ἐμαυτοῦ</span> <span class='ocrx_word' id='word_1_796' title='bbox 3371 4914 3605 4981; x_wconf 87' lang='grc' dir='ltr'>γίνομαι·</span> <span class='ocrx_word' id='word_1_797' title='bbox 3662 4911 3813 4980; x_wconf 90' lang='grc' dir='ltr'>μόνον</span> <span class='ocrx_word' id='word_1_798' title='bbox 3871 4908 3970 4979; x_wconf 82' lang='grc' dir='ltr'>γὰρ</span> <span class='ocrx_word' id='word_1_799' title='bbox 4022 4904 4116 4957; x_wconf 76' lang='grc' dir='ltr'>οὐκ</span> <span class='ocrx_word' id='word_1_800' title='bbox 4167 4904 4220 4956; x_wconf 81' lang='grc' dir='ltr'>ἐν</span> 
     </span>
    </p>
   </div>
   <div class='ocr_carea' id='block_1_113' title="bbox 2613 4994 4223 5077">
    <p class='ocr_par' dir='ltr' id='par_1_113' title="bbox 2613 4994 4223 5077">
     <span class='ocr_line' id='line_1_114' title="bbox 2613 4994 4223 5077; baseline -0.006 -23"><span class='ocrx_word' id='word_1_801' title='bbox 2613 5003 2814 5077; x_wconf 76' lang='grc' dir='ltr'>οὐρανῷ</span> <span class='ocrx_word' id='word_1_802' title='bbox 2858 4996 2952 5052; x_wconf 80' lang='grc' dir='ltr'>διὰ</span> <span class='ocrx_word' id='word_1_803' title='bbox 3000 5001 3191 5058; x_wconf 88' lang='grc' dir='ltr'>ταύτης</span> <span class='ocrx_word' id='word_1_804' title='bbox 3245 4997 3559 5072; x_wconf 79' lang='grc' dir='ltr'>ἀνέρχομαι,</span> <span class='ocrx_word' id='word_1_805' title='bbox 3620 5015 3709 5047; x_wconf 87' lang='grc' dir='ltr'>και</span> <span class='ocrx_word' id='word_1_806' title='bbox 3764 4998 3894 5056; x_wconf 88' lang='grc' dir='ltr'>θεῖος</span> <span class='ocrx_word' id='word_1_807' title='bbox 3942 4994 4050 5055; x_wconf 80' lang='grc' dir='ltr'>ὅλος</span> <span class='ocrx_word' id='word_1_808' title='bbox 4096 4994 4223 5045; x_wconf 75' lang='grc' dir='ltr'>καθ-</span> 
     </span>
    </p>
   </div>
   <div class='ocr_carea' id='block_1_114' title="bbox 2615 5087 4221 5161">
    <p class='ocr_par' dir='ltr' id='par_1_114' title="bbox 2615 5087 4221 5161">
     <span class='ocr_line' id='line_1_115' title="bbox 2615 5087 4221 5161; baseline -0.004 -18"><span class='ocrx_word' id='word_1_809' title='bbox 2615 5097 2857 5156; x_wconf 88' lang='grc' dir='ltr'>ίσταμαι,</span> <span class='ocrx_word' id='word_1_810' title='bbox 2892 5109 2981 5141; x_wconf 89' lang='grc' dir='ltr'>και</span> <span class='ocrx_word' id='word_1_811' title='bbox 3029 5096 3143 5148; x_wconf 80' lang='grc' dir='ltr'>νούς</span> <span class='ocrx_word' id='word_1_812' title='bbox 3196 5089 3443 5161; x_wconf 79' lang='grc' dir='ltr'>ἄντικρυς</span> <span class='ocrx_word' id='word_1_813' title='bbox 3480 5087 3826 5160; x_wconf 80' lang='grc' dir='ltr'>χρηματίζω,</span> <span class='ocrx_word' id='word_1_814' title='bbox 3876 5104 3968 5136; x_wconf 90' lang='grc' dir='ltr'>και</span> <span class='ocrx_word' id='word_1_815' title='bbox 4008 5103 4221 5156; x_wconf 85' lang='grc' dir='ltr'>ισαγγε-</span> 
     </span>
    </p>
   </div>
   <div class='ocr_carea' id='block_1_115' title="bbox 2612 5174 4221 5249">
    <p class='ocr_par' dir='ltr' id='par_1_115' title="bbox 2612 5174 4221 5249">
     <span class='ocr_line' id='line_1_116' title="bbox 2612 5174 4221 5249; baseline -0.006 -14"><span class='ocrx_word' id='word_1_816' title='bbox 2612 5183 2700 5243; x_wconf 77' lang='grc' dir='ltr'>λος</span> <span class='ocrx_word' id='word_1_817' title='bbox 2718 5185 2807 5238; x_wconf 85' lang='grc' dir='ltr'>τὴν</span> <span class='ocrx_word' id='word_1_818' title='bbox 2865 5177 3163 5249; x_wconf 76' lang='grc' dir='ltr'>κατάληψιν</span> <span class='ocrx_word' id='word_1_819' title='bbox 3212 5174 3614 5249; x_wconf 77' lang='grc' dir='ltr'>ἁναδείκνυμαι.</span> <span class='ocrx_word' id='word_1_820' title='bbox 3690 5176 3948 5229; x_wconf 86' lang='grc' dir='ltr'>Μανθάνω</span> <span class='ocrx_word' id='word_1_821' title='bbox 4003 5177 4069 5225; x_wconf 84' lang='grc' dir='ltr'>τὰ</span> <span class='ocrx_word' id='word_1_822' title='bbox 4120 5182 4221 5225; x_wconf 82' lang='grc' dir='ltr'>τῶν</span> 
     </span>
    </p>
   </div>
   <div class='ocr_carea' id='block_1_116' title="bbox 2616 5260 4225 5343">
    <p class='ocr_par' dir='ltr' id='par_1_116' title="bbox 2616 5260 4225 5343">
     <span class='ocr_line' id='line_1_117' title="bbox 2616 5260 4225 5343; baseline -0.004 -22"><span class='ocrx_word' id='word_1_823' title='bbox 2616 5269 2782 5321; x_wconf 75' lang='grc' dir='ltr'>ἀύλων</span> <span class='ocrx_word' id='word_1_824' title='bbox 2814 5270 2881 5331; x_wconf 82' lang='grc' dir='ltr'>ὡς</span> <span class='ocrx_word' id='word_1_825' title='bbox 2914 5277 3184 5343; x_wconf 83' lang='grc' dir='ltr'>παρῆκται</span> <span class='ocrx_word' id='word_1_826' title='bbox 3215 5263 3505 5338; x_wconf 76' lang='grc' dir='ltr'>δυνάμεων·</span> <span class='ocrx_word' id='word_1_827' title='bbox 3539 5269 3625 5317; x_wconf 87' lang='grc' dir='ltr'>τὸν</span> <span class='ocrx_word' id='word_1_828' title='bbox 3675 5261 3967 5316; x_wconf 79' lang='grc' dir='ltr'>ἐννεαδικὸν</span> <span class='ocrx_word' id='word_1_829' title='bbox 4008 5260 4065 5315; x_wconf 85' lang='grc' dir='ltr'>δι</span> <span class='ocrx_word' id='word_1_830' title='bbox 4102 5265 4225 5315; x_wconf 63' lang='lat' dir='ltr'>rixo-</span> 
     </span>
    </p>
   </div>
   <div class='ocr_carea' id='block_1_117' title="bbox 2617 5353 4223 5433">
    <p class='ocr_par' dir='ltr' id='par_1_117' title="bbox 2617 5353 4223 5433">
     <span class='ocr_line' id='line_1_118' title="bbox 2617 5353 4223 5433; baseline -0.006 -20"><span class='ocrx_word' id='word_1_831' title='bbox 2617 5380 2767 5433; x_wconf 90' lang='grc' dir='ltr'>σμον,</span> <span class='ocrx_word' id='word_1_832' title='bbox 2820 5363 2907 5412; x_wconf 89' lang='grc' dir='ltr'>τὸν</span> <span class='ocrx_word' id='word_1_833' title='bbox 2949 5365 3020 5421; x_wconf 88' lang='grc' dir='ltr'>είς</span> <span class='ocrx_word' id='word_1_834' title='bbox 3056 5355 3333 5431; x_wconf 78' lang='grc' dir='ltr'>τριαδικόν</span> <span class='ocrx_word' id='word_1_835' title='bbox 3393 5361 3759 5429; x_wconf 86' lang='grc' dir='ltr'>συναγόμενον,</span> <span class='ocrx_word' id='word_1_836' title='bbox 3800 5360 3954 5428; x_wconf 91' lang='grc' dir='ltr'>μόνον</span> <span class='ocrx_word' id='word_1_837' title='bbox 3997 5353 4102 5425; x_wconf 74' lang='grc' dir='ltr'>οὐχ</span> <span class='ocrx_word' id='word_1_838' title='bbox 4152 5357 4223 5415; x_wconf 87' lang='grc' dir='ltr'>ὼς</span> 
     </span>
    </p>
   </div>
   <div class='ocr_carea' id='block_1_118' title="bbox 2615 5443 4221 5520">
    <p class='ocr_par' dir='ltr' id='par_1_118' title="bbox 2615 5443 4221 5520">
     <span class='ocr_line' id='line_1_119' title="bbox 2615 5443 4221 5520; baseline -0.005 -18"><span class='ocrx_word' id='word_1_839' title='bbox 2615 5448 2953 5503; x_wconf 77' lang='grc' dir='ltr'>διατέτακται</span> <span class='ocrx_word' id='word_1_840' title='bbox 3001 5469 3091 5501; x_wconf 86' lang='grc' dir='ltr'>και</span> <span class='ocrx_word' id='word_1_841' title='bbox 3146 5454 3389 5520; x_wconf 87' lang='grc' dir='ltr'>γινώσκω</span> <span class='ocrx_word' id='word_1_842' title='bbox 3418 5467 3509 5498; x_wconf 89' lang='grc' dir='ltr'>και</span> <span class='ocrx_word' id='word_1_843' title='bbox 3559 5448 3930 5519; x_wconf 86' lang='grc' dir='ltr'>ύπεράγαμαι·</span> <span class='ocrx_word' id='word_1_844' title='bbox 3993 5443 4221 5515; x_wconf 79' lang='grc' dir='ltr'>ἐνηχοῦ-</span> 
     </span>
    </p>
   </div>
   <div class='ocr_carea' id='block_1_119' title="bbox 2614 5529 4218 5615">
    <p class='ocr_par' dir='ltr' id='par_1_119' title="bbox 2614 5529 4218 5615">
     <span class='ocr_line' id='line_1_120' title="bbox 2614 5529 4218 5615; baseline -0.005 -22"><span class='ocrx_word' id='word_1_845' title='bbox 2614 5561 2711 5614; x_wconf 89' lang='grc' dir='ltr'>μαι</span> <span class='ocrx_word' id='word_1_846' title='bbox 2737 5544 2831 5603; x_wconf 83' lang='grc' dir='ltr'>τὰς</span> <span class='ocrx_word' id='word_1_847' title='bbox 2853 5539 3181 5615; x_wconf 75' lang='grc' dir='ltr'>ἀπορρήτους</span> <span class='ocrx_word' id='word_1_848' title='bbox 3226 5538 3427 5591; x_wconf 83' lang='grc' dir='ltr'>ἐκείνων</span> <span class='ocrx_word' id='word_1_849' title='bbox 3482 5534 3805 5608; x_wconf 78' lang='grc' dir='ltr'>δοξολογίας,</span> <span class='ocrx_word' id='word_1_850' title='bbox 3832 5554 3921 5587; x_wconf 88' lang='grc' dir='ltr'>και</span> <span class='ocrx_word' id='word_1_851' title='bbox 3977 5554 4086 5595; x_wconf 87' lang='grc' dir='ltr'>πως</span> <span class='ocrx_word' id='word_1_852' title='bbox 4150 5529 4218 5591; x_wconf 76' lang='grc' dir='ltr'>δὴ</span> 
     </span>
    </p>
   </div>
   <div class='ocr_carea' id='block_1_120' title="bbox 2618 5619 4223 5704">
    <p class='ocr_par' dir='ltr' id='par_1_120' title="bbox 2618 5619 4223 5704">
     <span class='ocr_line' id='line_1_121' title="bbox 2618 5619 4223 5704; baseline -0.006 -21"><span class='ocrx_word' id='word_1_853' title='bbox 2618 5635 3001 5704; x_wconf 87' lang='grc' dir='ltr'>συνεπαίρομαι</span> <span class='ocrx_word' id='word_1_854' title='bbox 3029 5634 3121 5689; x_wconf 76' lang='grc' dir='ltr'>τὴν</span> <span class='ocrx_word' id='word_1_855' title='bbox 3163 5628 3331 5687; x_wconf 78' lang='grc' dir='ltr'>ἁπλῆν</span> <span class='ocrx_word' id='word_1_856' title='bbox 3352 5624 3561 5702; x_wconf 82' lang='grc' dir='ltr'>Τριάδα</span> <span class='ocrx_word' id='word_1_857' title='bbox 3598 5645 3689 5677; x_wconf 90' lang='grc' dir='ltr'>και</span> <span class='ocrx_word' id='word_1_858' title='bbox 3719 5629 3877 5687; x_wconf 81' lang='grc' dir='ltr'>ὄντως</span> <span class='ocrx_word' id='word_1_859' title='bbox 3931 5619 4223 5696; x_wconf 73' lang='grc' dir='ltr'>μοναδικην</span> 
     </span>
    </p>
   </div>
   <div class='ocr_carea' id='block_1_121' title="bbox 2617 5714 4226 5797">
    <p class='ocr_par' dir='ltr' id='par_1_121' title="bbox 2617 5714 4226 5797">
     <span class='ocr_line' id='line_1_122' title="bbox 2617 5714 4226 5797; baseline -0.006 -22"><span class='ocrx_word' id='word_1_860' title='bbox 2617 5718 2880 5797; x_wconf 72' lang='grc' dir='ltr'>διαφόρως</span> <span class='ocrx_word' id='word_1_861' title='bbox 2920 5720 3160 5794; x_wconf 80' lang='grc' dir='ltr'>ἀνυμνείν</span> <span class='ocrx_word' id='word_1_862' title='bbox 3213 5740 3305 5773; x_wconf 89' lang='grc' dir='ltr'>και</span> <span class='ocrx_word' id='word_1_863' title='bbox 3352 5722 3614 5794; x_wconf 87' lang='grc' dir='ltr'>γεραίρειν</span> <span class='ocrx_word' id='word_1_864' title='bbox 3664 5714 3985 5779; x_wconf 80' lang='grc' dir='ltr'>πολυειδῶς.</span> <span class='ocrx_word' id='word_1_865' title='bbox 4020 5716 4226 5770; x_wconf 81' lang='grc' dir='ltr'>Ἐννοοῦ</span> 
     </span>
    </p>
   </div>
  </div>
