4484 6446
383 401 486 455 8'77

1605 404 1672 457 ΙΝ
1710 403 1766 458 S.
1805 398 1982 458 JOAN
2020 396 2521 459 DAMASCENUM.

3639 399 3741 451 878

382 544 480 596 μαι
528 528 619 584 τάς
667 531 806 597 τρεῖς
855 532 944 584 τῆς
1017 527 1301 599 ὑπερφυοῦς
1376 526 1559 586 οὖσὶας
1635 532 1722 577 καί
1769 528 1983 598 ὕπερον·
2011 532 2057 582 Α
2090 526 2153 582 sil

1969 556 1983 567 -
2011 532 2057 582 Α
2090 526 2421 599 simplicem
2448 542 2518 582 ac
2579 540 2711 581 vere
2759 525 3000 581 unicam
3053 524 3419 580 Trinitatem.
3477 520 3740 591 Intelligo

388 617 505 664 σίου
537 617 739 684 φὺσεως
771 616 1148 677 ὑποπατικάς,
1193 611 1482 677 ἰδιότητας,
1522 620 1645 688 πρὸς
1676 612 1753 676 δέ,
1806 615 1979 688 ὥσπερ

384 697 451 757 δή
480 705 674 759 ταύτην
705 707 793 753 καί
837 708 961 773 μὶαν
1009 704 1191 753 οὑσὶαν
1248 712 1346 755 τῶν
1394 712 1547 777 τριῶν
1602 702 1981 774 καταλαμϐάνω

383 796 693 862 προσώπων,
744 792 875 842 οὕτω
926 796 1016 843 καί
1068 812 1192 863 μιαν
1236 790 1474 854 ἕξουσὶαν
1523 796 1851 863 ἑπιγινὼσκω
1893 797 1982 843 καί

383 874 625 950 δύναμιν·
659 880 775 931 ὖθεν
805 885 895 932 καί
952 882 1036 932 ἕνα
1087 886 1177 932 καί
1226 880 1389 939 ἀληθῆ
1446 886 1637 939 ταυτην
1693 887 1842 935 Θεον.
1892 886 1981 932 καί

380 970 535 1037 μόνον
589 978 687 1019 τῶν
767 974 917 1020 ὄντων
996 977 1212 1041 τριττῶς
1252 968 1599 1044 ἀπερὶγαπτον
1642 975 1731 1021 καί
1783 968 1981 1028 ἀληθῶς

384 1056 750 1113 ἀκατάληπτον
804 1062 860 1108 το
919 1059 1210 1127 θαυμάσιον
1285 1063 1374 1109 καί
1431 1057 1809 1129 καταλαμϐάνω
1893 1062 1983 1108 καί

384 1144 624 1216 σὶϐομαι.
655 1145 730 1197 Οὐ
750 1153 876 1215 γοῦν
902 1148 1075 1217 φθάνω
1126 1144 1344 1218 διαιρῶν
1398 1148 1469 1207 εἰς
1520 1154 1658 1221 τρια,
1718 1152 1806 1197 καί
1865 1165 1981 1197 συν-

383 1234 531 1284 ἀπτω
562 1239 691 1305 πρὸς
723 1235 791 1299 ἓν,
842 1240 897 1286 το
960 1239 1049 1306 μέν
1104 1243 1212 1297 τοῖς
1264 1244 1627 1309 χαρακτῆρσι,
1693 1240 1750 1287 τό
1801 1232 1859 1286 δέ
1915 1242 1976 1292 τῆ

385 1322 620 1394 ἐξουσὶᾳ,
647 1331 707 1381 τῆ
743 1330 1031 1398 μοναρχὶα,
1067 1332 1126 1381 τῆ
1180 1326 1575 1396 ὀμοουσιὸτητι,
1630 1334 1691 1383 τῆ
1746 1344 1797 1376 τε
1854 1328 1985 1397 πρός

384 1416 443 1461 τὸ
496 1420 697 1484 πρῶτον
751 1415 916 1464 αἴτιον
970 1420 1069 1463 τῶν
1102 1411 1157 1463 ἐκ
1216 1421 1304 1465 τοῦ
1348 1420 1556 1487 πρῶτον
1592 1418 1681 1464 καί
1739 1413 1982 1464 αἰτιατῶν

387 1507 626 1570 συμφυῐᾳ
678 1505 767 1551 καί
839 1498 1218 1573 ἀπαραλλάκτῳ
1270 1506 1571 1563 ταυτότητι,
1622 1504 1786 1563 οὕτως
1842 1499 1985 1551 ἐπαὶ-

383 1606 565 1659 ρομαι,
616 1588 751 1640 οὕτω
811 1589 1149 1661 κουφὶζομαι,
1209 1590 1341 1642 οὕτω
1421 1590 1728 1662 θαυμασάυς
1803 1588 1987 1659 ἀνάγο-

382 1694 499 1746 μαι,
540 1680 630 1727 καί
673 1676 800 1737 ὅλως
850 1685 950 1727 τῶν
995 1676 1216 1730 ἐνταῦθα
1270 1678 1665 1751 μετεωρὶζομαυ
1719 1681 1809 1729 καί
1858 1679 1985 1729 θειό-

380 1783 523 1839 τερος
553 1763 982 1838 ἀποκαθίσταμαι
1006 1771 1096 1818 καί
1138 1764 1495 1843 φαιδρότερος.

452 1960 543 2017 νε’.
596 1962 775 2023 Μῦθος
826 1965 914 2033 μέν
968 1964 1069 2036 γάρ
1127 1982 1209 2025 τις
1253 1967 1342 2015 καί
1414 1967 1660 2020 ποιητική
1722 1968 1978 2035 τερατεὶα,

382 2049 571 2122 μᾶλλον
604 2045 663 2101 δέ
687 2047 931 2124 γραὼδης
977 2051 1284 2119 ἀνάπλασις,
1319 2053 1395 2103 ὅτι
1440 2057 1529 2103 καί
1579 2050 1756 2113 ἒξὶσης
1808 2052 1842 2102 ἆ
1894 2057 1982 2124 μέν

382 2140 448 2190 τά
495 2136 801 2211 βρεφύλλια,
877 2142 927 2191 οἱ
1001 2135 1060 2191 δέ
1124 2143 1245 2202 τούς
1302 2136 1580 2200 νηπιὼδεις
1638 2140 1983 2212 ψυχαγωγεῖν

384 2229 569 2299 ἓχονσι
610 2235 715 2288 τοῖς
759 2231 1072 2303 καινοτεροις
1126 2228 1449 2301 ἀκοὺσμασι⁸
1516 2231 1678 2301 μῦθος
1734 2230 1839 2301 οὖν,
1898 2235 1983 2282 τόν

388 2316 529 2373 ἣλιον
588 2314 637 2378 ἒς
690 2317 927 2369 Ὠκεανόν

389 2403 595 2477 ἀνάγειν
636 2405 1012 2482 λαμπρότερον,

1022 2322 1282 2389 κατάγειν,
1386 2317 1617 2371 κάκεῖθεν
1689 2318 1983 2391 λελουμὶνον

1098 2408 1236 2465 Πλὴν
1277 2410 1391 2460 ἔστι
1447 2410 1629 2480 μῦθος,
1683 2408 1842 2461 πάλαι

391 2494 781 2569 θρυλλούμενος,
835 2504 921 2547 νῦν
998 2492 1057 2549 δέ
1129 2493 1556 2569 διαπαιζὸμενος
1635 2507 1725 2559 τῆς
1807 2495 1865 2551 δε
1929 2517 1988 2569 γε

392 2584 696 2659 ζωηρῥύτου
737 2586 933 2649 ταύτης
988 2596 1180 2657 πηγῆς,
1232 2586 1420 2659 μᾶλλον
1493 2584 1553 2639 δέ
1595 2588 1687 2640 τοῦ
1771 2586 1986 2640 ἀπλὲτου

389 2669 548 2725 τοῦδε
573 2681 669 2723 τῶν
712 2672 874 2744 λόγων
926 2672 1199 2744 πελάγους,
1244 2679 1333 2726 καί
1381 2671 1714 2736 άδιεξιτὴτου
1764 2684 1855 2736 τῆς
1904 2696 1990 2729 σο-

392 2761 511 2833 φὶας
544 2759 761 2833 βάθους,
790 2762 884 2813 οὐκ
914 2764 1055 2814 ἔστιν
1086 2761 1139 2823 ὃς
1174 2763 1235 2814 ἄν
1284 2763 1327 2815 εἰ
1384 2768 1474 2815 καὶ
1520 2782 1570 2815 τι
1620 2769 1804 2837 μικρὸν
1855 2763 1989 2816 ἀπο-

392 2848 614 2915 στὶλϐοι,
639 2850 945 2922 άστερίσκος
972 2853 1102 2921 εἴγε
1130 2855 1290 2922 τὺχοι
1342 2851 1409 2903 ὢν
1463 2850 1675 2923 ἀφανής,
1742 2858 1832 2904 καί
1884 2854 1990 2925 οὐχ

388 2938 469 2990 ὅτι
518 2942 651 2990 κατά
704 2945 791 2991 τόν
846 2943 1008 3011 μὶγαν
1051 2948 1232 2992 τοῦτον
1278 2939 1420 2997 ἣλιον
1482 2939 1843 3011 άκτινοϐολῶν,
1900 2947 1990 2995 καί

384 3029 450 3079 τά
506 3031 705 3101 περατα
758 3024 1081 3098 διαυγάζων,
1155 3031 1220 3089 ὡς
1285 3027 1374 3081 ἀπ’
1431 3031 1602 3105 ἄκρων
1659 3033 1859 3102 φθάνων
1917 3033 1990 3094 εἰς

386 3117 544 3190 ἄκρα,
603 3121 693 3169 καί
744 3116 895 3169 πάνθ’
949 3119 1078 3189 ὁμοῦ
1125 3126 1217 3179 τῆς
1290 3118 1477 3190 αἴγλης
1535 3119 1760 3194 πληρῶν·
1818 3123 1989 3174 ὁποῖοὶ

2089 631 2384 687 supremae
2400 615 2671 670 essentiae
2698 630 2767 669 ac
2781 612 3371 687 supersubstantialis
3384 616 3611 667 natura;
3636 612 3742 681 hy-

2088 704 2414 772 postaticas
2457 702 2869 773 proprietates,
2910 703 3029 757 imo
3060 702 3253 773 ipsam
3316 716 3497 755 unam
3565 699 3741 753 trium

2088 807 2484 862 personarum
2516 791 2832 845 essentiam
2865 789 3321 862 quodammodo
3346 788 3741 858 comprehen-

2090 882 2187 939 do.
2225 881 2306 934 sic
2340 895 2521 934 unam
2558 880 2880 950 potentiam
2915 884 3387 950 potestatemque
3410 892 3739 945 cognosco:

2090 985 2210 1040 quo
2230 969 2289 1022 tit
2316 974 2376 1023 ut
2396 968 2590 1039 ipsam
2609 967 2931 1035 intelligam
2957 967 3325 1037 adoremque
3349 981 3537 1020 unum
3561 980 3630 1019 ac
3648 980 3742 1018 ve-

2090 1073 2221 1111 rum
2246 1057 2776 1127 Deum,solumque
2796 1058 2945 1110 inter
2966 1057 3171 1110 omnia
3188 1071 3322 1127 quae
3346 1053 3746 1109 exsistunttri-

2092 1144 2317 1217 pliciter
2346 1144 2767 1199 indeﬁnibilem
2797 1161 2866 1199 ac
2885 1160 3135 1216 prorsus
3155 1144 3738 1214 incomprehensum.

2092 1237 2238 1291 Cum
2275 1234 2451 1303 igitur
2480 1236 2539 1289 in
2572 1242 2686 1288 tres
2719 1235 2922 1288 divido
2971 1240 3026 1289 et
3077 1234 3136 1288 in
3171 1249 3362 1288 unum
3415 1232 3740 1302 conjungo,

2092 1329 2206 1378 tres
2237 1324 2294 1377 in
2323 1324 2802 1395 proprietatibus.
2835 1340 3023 1377 unum
3055 1323 3341 1395 potentia,
3374 1321 3742 1386 auctoritate,

2090 1412 2727 1477 consubstantialitate,
2749 1418 2805 1466 et
2833 1428 2904 1467 ea
2934 1428 3068 1483 quae
3097 1418 3182 1466 est
3211 1418 3597 1465 causatorum
3620 1425 3747 1463 om-

2093 1502 2256 1555 nium
2282 1517 2417 1555 cum
2438 1502 2633 1571 prima
2656 1517 2839 1555 causa
2866 1500 3286 1571 dependentia,
3323 1497 3745 1553 indissolubili-

2091 1605 2211 1662 que
2242 1589 2428 1661 ipsius
2481 1589 2819 1653 identitate;
2854 1589 2936 1642 sic
2966 1588 3234 1653 extollor,
3279 1594 3397 1642 tam
3454 1587 3600 1641 levis
3646 1585 3742 1655 tio,

2094 1684 2217 1733 tam
2245 1676 2590 1733 mirabiliter
2614 1693 2852 1731 sursum
2881 1692 3045 1747 agor,
3091 1682 3150 1730 ut
3195 1692 3267 1731 ex
3328 1675 3396 1730 iis
3455 1691 3591 1747 quae
3621 1674 3749 1729 istic

2094 1774 2233 1822 sunt
2262 1770 2420 1821 totus
2453 1767 2815 1837 suspendar,
2847 1771 3026 1837 atque
3048 1765 3186 1819 inde
3213 1763 3472 1819 divinior
3493 1762 3749 1834 splendi-

2023 1872 2062 1926 Β
2094 1855 2345 1927 diorque
2376 1854 2523 1909 mihi
2548 1854 2661 1926 ipsi
2692 1854 2993 1910 restituar.

2167 1967 2251 2017 55.
2286 1961 2508 2017 Fabula
2536 1966 2624 2016 est
2650 1960 3128 2033 ﬁgmentumque
3153 1960 3480 2032 poeticum,
3505 1976 3610 2015 seu
3640 1975 3751 2032 po-

2093 2050 2206 2107 tius
2238 2051 2395 2108 anile
2416 2057 2847 2115 commentum,
2863 2067 2985 2123 quo
3016 2049 3324 2123 aaqualiter
3344 2049 3482 2105 hinc
3504 2049 3752 2122 quidem

2093 2140 2388 2209 infantuli,
2434 2140 2573 2195 inde
2615 2140 2869 2212 ~pueruli
2936 2144 3381 2196 consueverunt
3443 2138 3749 2209 oblectari,

2094 2228 2455 2285 novitatibus
2496 2228 2811 2301 audiendis
2864 2229 3233 2301 gaudentes;
3279 2227 3485 2285 fabula
3523 2234 3630 2297 est,
3664 2229 3752 2284 in-

2094 2330 2300 2388 quam,
2325 2334 2449 2390 qua
2477 2317 2691 2373 dicitur
2714 2317 2800 2374 sol
2833 2318 2892 2373 in
2946 2333 3243 2373 oceanum
3290 2317 3499 2387 mergi,
3551 2317 3753 2389 ibique

2095 2408 2335 2464 ablutus
2364 2407 2647 2464 illustrior
2675 2424 3004 2478 resurgere.
3039 2410 3107 2464 Ut
3136 2413 3337 2463 tamen
3386 2407 3516 2463 haec
3572 2407 3645 2463 sit
3674 2406 3755 2463 fa-

2097 2498 2261 2567 bula,
2288 2497 2431 2554 olim
2461 2497 2777 2563 celebrata,
2811 2514 2972 2554 nunc
3006 2496 3423 2571 explodenda:
3457 2498 3561 2570 qui
3612 2498 3758 2553 vivi-

2097 2586 2220 2643 ﬂuo
2248 2588 2339 2643 isti
2368 2587 2535 2659 fonti,
2570 2593 2673 2644 aut
2704 2589 2903 2660 potius
2931 2587 3359 2661 inenavigabili
3408 2603 3756 2644 sermonum

2099 2676 2316 2749 pelago
2345 2683 2403 2732 et
2430 2676 2869 2748 impenetrabili
2900 2676 3207 2749 sapientia:
3239 2676 3544 2749 profundo
3567 2694 3628 2732 se
3650 2676 3758 2732 im-

2101 2765 2385 2832 merserit,
2414 2760 2541 2820 ﬁeri
2563 2779 2685 2819 non
2713 2770 2925 2836 potest,
2951 2769 3516 2837 quantumcumque
3539 2780 3756 2836 parum

2100 2854 2230 2925 ipse
2252 2852 2543 2918 scintillet,
2580 2858 2870 2925 tanquam
2910 2854 3129 2923 exigua
3160 2858 3341 2925 atque
3363 2853 3760 2926 inconspicua

2101 2942 2350 3008 stellula,
2372 2943 2517 3015 quin
2550 2942 2741 2998 instar
2763 2942 2969 3013 magni
2998 2942 3181 3013 hujus
3207 2941 3350 2997 solis
3379 2942 3582 2998 radios
3613 2958 3757 2999 suos

2099 3030 2397 3087 diffundat
2427 3036 2607 3104 atque
2655 3036 2920 3087 extrema
2952 3047 3210 3103 quaeque
3250 3030 3577 3101 collustret,
3626 3036 3758 3087 tan-

2097 3137 2285 3193 quam
2316 3137 2353 3177 a
2390 3120 2645 3175 summis
2676 3120 2756 3175 ad
2786 3136 3028 3175 summa
3066 3136 3427 3191 procurrens
3468 3125 3524 3176 et
3556 3121 3757 3192 splen-

386 3226 515 3267 τινες
571 3209 620 3259 οἱ
674 3209 775 3279 πρὸ
831 3211 1017 3259 τοὺτου
1065 3212 1154 3259 καί
1201 3210 1331 3280 μετά
1378 3216 1559 3261 τοῦτον
1635 3209 1988 3283 ἐκλάμψαντες
2027 3230 2068 3285 C
2097 3209 2157 3265 dt

2027 3230 2068 3285 ρ
2097 3209 2243 3265 dore
2273 3224 2383 3265 suo
2423 3208 2601 3263 simul
2647 3209 2855 3264 omnia
2892 3208 3131 3280 replens
3172 3225 3183 3262 ε
3218 3207 3429 3281 quales
3484 3208 3760 3264 nonnulli

387 3303 654 3367 φωστῆρες
709 3300 1057 3369 παγκὸσμιοι,
1103 3302 1197 3354 τήν
1276 3298 1578 3369 οἰκουμενην
1662 3300 1986 3374 λαμπρυναν-

385 3404 489 3455 τες,
524 3384 789 3438 Βασὶλειὸν
834 3406 966 3459 φημι
1023 3392 1110 3438 καί
1162 3390 1448 3460 Γρηγὸριον
1500 3391 1621 3451 τούς
1673 3387 1989 3455 άκλονὴτους

384 3473 782 3536 τῆςεεύσεϐεὶας
833 3474 1133 3548 προϐόλους,
1186 3479 1308 3538 τούς
1360 3476 1601 3552 στεῤῥούς
1636 3486 1727 3541 τῆς
1778 3480 1988 3539 Ἐκκλη-

391 3570 507 3624 σὶας
568 3565 864 3637 θεμεθλους,
921 3567 1017 3627 τάς
1073 3564 1462 3641 ἀρῥαγεστάτας
1518 3566 1699 3638 βάσεις
1758 3578 1848 3631 τῆς
1906 3576 1984 3623 πι-

390 3674 551 3717 στεως
601 3656 791 3725 (ταῦτα
843 3658 941 3728 γάρ
992 3652 1136 3708 οὗτοι
1201 3659 1372 3709 πάντα
1445 3654 1660 3719 δεόντως
1734 3658 1985 3725 ἀκούοιεν,

387 3748 537 3816 τάχα
561 3741 619 3797 δέ
648 3749 739 3796 καί
791 3746 855 3797 τά
903 3747 1029 3818 ὑπέρ
1091 3753 1256 3798 ταῦτα
1306 3748 1638 3810 καθηκόντως
1690 3748 1820 3820 ἄγαν
1868 3770 1990 3803 κατ-

387 3833 767 3908 ονομάξοιντο)·
826 3838 951 3908 πρός
1009 3828 1071 3886 δέ
1150 3838 1352 3897 τούτοις
1426 3842 1515 3887 καί
1590 3841 1720 3909 μετά
1795 3843 1989 3892 τουτων

386 3923 628 3981 Ἰωάννην
668 3927 776 3990 τόν,
826 3928 919 3982 τήν
970 3922 1201 3995 γλῶτταν
1263 3933 1523 4000 χρυσοῦν,
1576 3932 1666 3979 του
1721 3929 1990 4001 ὁμώνυμον

384 4016 575 4083 τουτῳῖ
600 4018 689 4065 καί
715 4014 1057 4086 ὁμὸυτροπον,
1103 4018 1193 4066 καί
1234 4022 1344 4076 τοῖς
1401 4021 1534 4067 πᾶσι
1583 4019 1749 4075 πάντη
1804 4018 1991 4069 κατάλ-

384 4103 557 4161 ληλονσ
591 4103 649 4156 οὗ
673 4099 733 4156 δέ
772 4106 874 4178 γάρ
928 4102 989 4155 ἆν
1047 4109 1203 4176 φαὶην
1243 4103 1517 4177 ἐφάμιλλον
1566 4114 1596 4164 ἥ
1659 4108 1988 4180 συνάμιλλον,

386 4191 498 4245 ἀλλ’
555 4196 718 4253 ὅντως
776 4191 981 4267 ἀκριϐές
1034 4192 1403 4265 ἀπεικὸνισμα,
1469 4198 1537 4257 ὡς
1604 4200 1731 4267 πρός
1814 4199 1992 4270 εὐφυές

387 4280 575 4335 ἐκεῖνον
606 4285 921 4355 αρχέτυπον,
975 4288 1065 4334 καί
1124 4279 1460 4355 διαγινωσκω
1505 4294 1683 4338 τοῦτον
1723 4292 1811 4339 καί
1868 4286 1991 4341 άπο-

387 4378 655 4445 φαὶνομαι.
720 4371 857 4430 Πλην
929 4370 1039 4424 ἀλλ’
1106 4376 1199 4425 οὑκ
1267 4372 1621 4448 άρῥυσάμενον
1696 4374 1992 4451 [ἕρῥιζωμὲ-

386 4462 522 4533 νον],
570 4466 659 4513 καί
712 4469 810 4513 τῶν
870 4480 987 4514 τινα
1042 4462 1161 4515 καθ’
1219 4464 1358 4534 ἡμᾶς
1407 4472 1507 4515 τῶν
1552 4462 1804 4539 ἀμυδρῶς
1856 4464 1995 4526 δῆτα

2098 3304 2233 3353 ante
2247 3303 2303 3354 et
2318 3302 2451 3371 post
2464 3297 2663 3370 ipsum
2678 3312 2923 3369 quoque
2936 3296 3306 3366 effulserunt,
3320 3296 3762 3368 velutpulcher-

2096 3389 2250 3444 rima
2327 3387 2668 3453 luminaria,
2755 3387 3103 3442 universum
3173 3391 3467 3442 terrarum
3546 3386 3757 3443 orbem

2095 3477 2515 3543 illuminantia,
2550 3476 2830 3533 Basilium
2859 3482 3041 3550 atque
3086 3477 3436 3546 Gregorium
3469 3476 3756 3546 intelligo,

2096 3568 2454 3624 inconcussa
2498 3566 2730 3638 pietatis
2779 3565 3203 3629 antemuralia,
3262 3565 3439 3621 ﬁrma
3487 3565 3758 3621 Ecclesiae

2098 3656 2513 3712 fundamenta.
2540 3656 2954 3725 integerrimas
2973 3655 3115 3710 ﬁdei
3129 3656 3307 3711 bases
3330 3674 3342 3722 ;
3368 3656 3447 3711 ita
3460 3654 3757 3727 siquidem

2097 3748 2261 3819 ipsos
2289 3746 2779 3817 nuncupabimus
2804 3761 2924 3801 non
2958 3746 3306 3817 incongrue,
3340 3745 3486 3817 quin
3521 3749 3577 3800 et.
3607 3746 3758 3801 emi-

2099 3836 2469 3892 nentioribus
2527 3835 2943 3904 cognomentis
2996 3835 3287 3908 appellari
3331 3836 3757 3907 possint;cum

2099 3925 2212 3981 illis
2236 3941 2375 3981 vero
2415 3930 2595 3997 atque
2622 3931 2759 3997 post
2783 3924 2915 3980 illos
2951 3927 3265 3995 Joannem,
3309 3941 3559 3980 aureum
3612 3924 3762 3980 illud

2100 4031 2188 4083 os,
2220 4014 2357 4070 huic
2380 4020 2583 4070 nostro
2615 4014 3039 4083 cognominem
3080 4030 3151 4069 ac
3180 4014 3451 4070 moribus
3500 4013 3758 4069 similem

2100 4105 2272 4178 eique
2302 4103 3042 4177 comparandum;neque
3094 4103 3256 4159 enim
3313 4102 3509 4159 ausim
3564 4103 3761 4160 dicere

2101 4194 2398 4267 aequalem
2446 4192 2537 4248 vel
2591 4193 3003 4265 coaequalem;
3049 4193 3154 4249 sed
3212 4209 3349 4249 vere
3407 4198 3761 4249 accuratum

2101 4283 2433 4356 exemplar,
2456 4282 2617 4338 velut
2666 4283 2745 4338 ad
2800 4283 3107 4357 archetypi
3165 4283 3453 4353 elegantis
3500 4281 3763 4338 formam

2101 4389 2480 4445 expressum,
2514 4387 2779 4440 agnosco
2811 4372 2977 4428 illum
3018 4378 3197 4445 atque
3254 4372 3621 4428 demonstro.
3657 4374 3763 4427 Ve-

2101 4468 2445 4519 rumtamen
2476 4461 2753 4533 nunquid
2790 4461 2919 4516 sine
2947 4461 3339 4517 fundamento
3362 4462 3498 4534 quis
3529 4460 3763 4528 dixerit,

387 4556 808 4624 πεφωτισμὲνων,
855 4557 946 4604 καί
1014 4551 1215 4614 ἀκτῖνος
1272 4556 1443 4629 ὥσπερ
1494 4552 1784 4609 ἀποπάλσει
1842 4554 1994 4615 διηυ-
2027 4583 2072 4638 D
2104 4552 2158 4609 8.1

2027 4583 2072 4638 Β
2104 4552 2367 4625 aliquem
2394 4551 2578 4607 nostri
2606 4551 2892 4622 temporis
2925 4550 3159 4606 modice
3198 4550 3514 4622 duntaxat,
3549 4551 3767 4607 illumi-

393 4645 688 4714 γασμενων,
747 4641 861 4694 ὃλον
939 4640 1159 4695 ἀνελθεῖν
1236 4644 1622 4715 φωτεινότατον,
1716 4651 1805 4699 καί
1881 4648 1994 4701 ὂλον

392 4727 767 4806 φαιδρότατον,
794 4736 885 4784 καί
914 4731 1027 4784 ὃλον
1056 4729 1443 4786 θεοειδὶστατον
1468 4753 1480 4789 :

461 4952 546 4997 νς.
596 4938 660 4985 Ti
733 4950 823 5005 μοι
869 4930 1031 5004 λιγειν
1077 4934 1288 5001 λοιπὸν;
1316 4933 1383 4993 ὡς
1437 4940 1681 5007 παρεῖται
1735 4937 1998 5006 Σταγειρι-

389 5040 487 5084 της
514 5024 647 5095 μετά
670 5029 766 5085 τῆς
804 5015 1105 5097 γριφὼδους
1159 5019 1505 5095 τεχνολογὶας
1556 5026 1646 5076 καί
1697 5031 1791 5086 τῆς
1839 5022 1999 5075 πολυ-

393 5108 622 5185 σχιδοῦς
664 5116 784 5185 περί
832 5115 1032 5184 φύσεως
1079 5114 1168 5165 καὶ
1215 5121 1447 5184 φυσικῶν
1489 5112 1669 5187 ἀρχῶν
1717 5112 1995 5179 ἕκθὶσεωςς

394 5205 459 5262 ὡς
504 5208 787 5276 παρῶπται
838 5203 967 5274 μετά
1014 5208 1106 5262 τῆς
1153 5200 1444 5277 ὑψηγορὶας
1483 5207 1640 5272 (ὀκνῶ
1695 5205 1797 5274 γάρ
1846 5204 2001 5274 φάναι

398 5289 682 5363 θεολογὶας)
742 5295 832 5342 καί
880 5298 981 5342 τῶν
1029 5289 1124 5343 οὐκ
1180 5289 1423 5363 ἀσφαλῶν
1476 5295 1594 5366 περί
1644 5291 1829 5363 ψυχῆς
1875 5312 2001 5363 γνω·

399 5383 765 5454 ματευμάτων,
820 5380 850 5438 ἣ
902 5384 1295 5455 τερατευμάτων
1358 5380 1548 5455 μᾶλλον
1598 5380 1775 5447 εἰπεῖν,
1833 5383 1858 5433 ὁ
1914 5400 2005 5434 ποι

398 5471 486 5531 λὺς
510 5470 811 5531 Ἀθηναῖοις
850 5470 1058 5523 Πλάτων
1088 5474 1178 5522 καί
1222 5478 1332 5533 τοῖς
1385 5466 1604 5529 Ἕλλησι
1682 5464 2003 5541 διαϐόητος;

404 5565 473 5623 ὡς
526 5563 552 5613 ὁ
598 5560 780 5623 λοιπὸς
827 5569 925 5613 τῶν
984 5560 1276 5634 φιλοσόφων
1330 5560 1508 5635 ὅμιλος
1554 5560 1766 5623 ἔκεὶνοις
1819 5558 2005 5629 δοξῶν,

406 5650 596 5725 μᾶλλον
647 5648 697 5705 δ’
753 5650 1015 5723 ἄναντὶων,
1059 5654 1455 5724 κατᾶγνωσταη
1489 5651 1647 5705 ’Δλλά
1702 5659 1870 5705 ταῦτα
1919 5655 2009 5725 μέν

408 5744 604 5815 icti”,
678 5741 723 5795 εἰ
774 5746 865 5796 καί
916 5740 1116 5817 μεγάλα
1167 5740 1303 5795 ἆττα
1336 5743 1615 5816 τυγχάνει,
1673 5747 1763 5795 καί
1810 5741 2012 5805 άληθῶς

2104 4648 2316 4699 natum
2358 4646 2414 4697 et
2440 4641 2593 4696 velut
2642 4640 2796 4695 radii
2827 4642 3004 4696 unius
3043 4641 3411 4697 evibratione
3443 4657 3769 4698 coruscan-

2104 4738 2249 4801 tem,
2278 4747 2400 4787 non
2428 4746 2608 4803 posse
2667 4729 2794 4785 ﬁeri
2852 4734 3043 4786 totum
3104 4730 3529 4799 clarissimum,
3577 4736 3772 4787 totum

2106 4820 2694 4895 splendidissimum,
2722 4823 2915 4876 totum
2942 4819 3298 4877 deiformem
3321 4821 3348 4877 ?

2177 4935 2266 4987 56.
2309 4933 2473 4986 Nunc
2496 4945 2637 4985 vero
2666 4928 2814 5001 quid
2837 4929 3046 4985 attinet
3065 4930 3283 4998 dicere,
3305 4930 3617 5002 quomodo
3648 4946 3774 5004 prie

2105 5024 2333 5079 Joanne
2350 5018 2829 5077 contemnendus
2864 5019 2937 5075 sit
2958 5020 3236 5091 Stagirita
3266 5036 3405 5075 cum
3453 5037 3562 5076 sua
3591 5021 3775 5091 aenig-

2108 5111 2328 5168 matica
2358 5109 2692 5166 disserendi
2716 5115 2842 5165 arte
2866 5113 3045 5181 atque
3068 5109 3378 5182 multiplici
3401 5110 3776 5182 expositione

2109 5205 2339 5257 naturae
2381 5205 2436 5255 et
2466 5198 2831 5255 naturalium
2861 5198 3297 5271 principiorum
3319 5198 3347 5253 ?
3383 5198 3548 5271 quod
3608 5199 3779 5272 parvi

2112 5288 2422 5346 faciendus
2449 5289 2522 5344 sit
2551 5304 2691 5343 cum
2732 5304 2844 5343 sua
2882 5286 3409 5361 grandiloquentia
3441 5290 3585 5359 (non
3616 5289 3781 5345 enim

2114 5380 2307 5437 ausim
2331 5379 2525 5436 dicere
2538 5378 3204 5452 theologiam)cumque
3231 5395 3345 5435 sua
3374 5378 3531 5436 male
3572 5378 3783 5435 funda-

2116 5476 2195 5540 ta,
2228 5476 2350 5539 aut,
2384 5476 2447 5526 ut
2472 5469 2667 5525 verius
2698 5470 2934 5543 loquar,
2969 5474 3311 5526 monstrosa
3342 5469 3416 5525 de
3459 5470 3786 5527 animabus

2118 5561 2410 5619 sententia
2450 5560 2544 5616 ille
2570 5561 2736 5632 apud
2764 5560 3151 5616 Athenienses
3176 5564 3232 5616 et
3280 5562 3515 5616 Graecos
3542 5565 3789 5619 cateros

2118 5650 2640 5709 nominatissimus
2686 5650 2851 5707 Plato
2879 5654 2907 5706 ?
2964 5649 3131 5723 quod
3180 5648 3565 5723 despicabilis
3613 5649 3794 5709 fuerit

2119 5746 2244 5799 tota
2275 5739 2777 5816 philosophorum
2806 5738 3003 5814 turba,
3029 5738 3249 5798 eadem
3316 5755 3456 5798 cum
3506 5739 3628 5797 illis
3685 5755 3796 5799 seu
