4484 6446
844 422 913 473 79
1996 413 2458 472 CONSTANTIM
2492 416 2974 474 ACBOPOLITAS.

4061 427 4164 484 880

805 543 1006 616 potius
1025 541 1323 598 contraria
1344 539 1602 596 sentiens
1617 538 1645 594 ?
1668 536 2172 594 Prmtermittenda
2191 554 2456 613 namque
2492 542 2540 595 Α
2571 564 2576 590 ι

2390 555 2456 596 ue
2492 542 2540 595 Α
2571 540 2885 611 άξιάγάστα,
2928 541 3054 613 ’Ἄγε
3107 539 3166 595 δέ
3205 547 3293 594 καί
3360 544 3510 607 αὖθις
3553 549 3646 603 τήν
3695 547 3820 618 ὑπέρ
3876 555 3969 608 τῆς
4025 549 4161 602 εὖσε-

806 632 935 688 hzec
967 631 1111 686 mihi
1141 635 1282 684 sunt
1307 629 1532 693 omnia,
1560 625 1838 698 quamvis
1861 626 2184 694 magniﬁca
2233 634 2289 684 et
2317 645 2457 684 con-

807 719 1166 774 sideratione
1206 717 1560 785 dignissima
1589 734 1602 783 ;
1636 715 1972 786 iterumque
2027 714 2350 772 dicendum
2381 718 2455 774 de

807 808 1079 863 libertate
1106 805 1287 872 beati,
1315 821 1437 877 qua
1466 820 1576 876 pro
1606 803 1822 875 pietate
1858 801 2198 870 decertavit,
2252 811 2308 860 et
2332 805 2455 862 zelo

801 912 986 969 quem
1015 894 1226 950 habuit
1248 894 1435 949 instar
1473 893 1722 947 Phinees
1749 896 1958 946 contra
2002 890 2362 949 fornicantes
2393 894 2455 949 in

804 985 930 1040 suis
959 981 1486 1040 adiuventionibus
1524 981 1648 1036 sive
1681 980 2005 1036 temerariis
2045 982 2230 1047 ausis,
2271 983 2453 1038 etim-

799 1073 1125 1146 prudenter
1153 1076 1398 1142 agentes
1455 1073 1664 1126 contra
1713 1069 2132 1125 immaculatas
2171 1085 2454 1127 veneran-

798 1163 1031 1234 dasque
1061 1161 1378 1229 imagines.
1399 1158 1696 1228 Imagines
1723 1156 1858 1228 (vah
1889 1157 2206 1214 audaciam
2233 1159 2271 1228 t)
2298 1176 2451 1232 quas

798 1251 860 1306 in
902 1250 1257 1306 memoriam
1287 1248 1582 1304 incarnati
1614 1247 1960 1316 Salvatoris,
2001 1253 2058 1302 et
2087 1263 2296 1304 eorum
2346 1249 2451 1320 qui

792 1355 902 1412 pro
924 1340 1058 1412 ipso
1097 1337 1552 1394 decertaverunt
1582 1339 1686 1390 aut
1721 1335 1870 1391 alias
1931 1335 2238 1406 reliogiose
2276 1338 2449 1408 juxta

789 1429 986 1498 legem
1004 1426 1214 1485 Christi
1230 1427 1504 1481 vixerunt
1521 1429 1889 1492 sanctorum,
1902 1424 2032 1495 jam
2059 1425 2198 1479 inde
2227 1442 2262 1481 a
2283 1427 2447 1498 prin-

790 1517 946 1590 cipio
975 1515 1310 1588 praedicam
1333 1513 1471 1570 fidei
1503 1512 1820 1569 eﬂ‘ormare
1847 1512 2053 1568 didicit
2085 1513 2444 1570 universitas

789 1605 1278 1661 Christianorum.
1306 1601 1591 1668 Quamvis
1611 1601 1838 1656 nimine
1868 1616 2157 1672 praesens,
2209 1601 2444 1658 eminus

784 1698 989 1750 tamen
1011 1691 1209 1748 emisit
1224 1690 1427 1762 jacula
1447 1694 1656 1746 contra
1680 1687 2013 1761 improbos,
2034 1691 2140 1761 qui
2160 1691 2442 1762 opinione

784 1798 855 1839 ac
881 1781 1042 1838 foedo
1063 1778 1374 1836 ratiocinio
1412 1793 1523 1834 suo
1553 1782 2104 1848 conspurcaverunt
2140 1787 2242 1834 aut
2271 1783 2439 1835 etiam

2567 629 2706 692 ϐεὶκς
2739 631 3034 706 παρρησὶαν
3089 639 3180 684 τοῦ
3237 636 3468 708 μάκαρος
3529 633 3880 707 ἀναλάϐωμεν,
3929 643 4018 688 καί
4075 643 4160 688 τόν

2568 719 2719 782 ζῆλον
2741 721 2794 772 ὃν
2831 723 2962 772 κατά
3014 725 3100 772 τὸν
3149 725 3316 782 Φινεές
3370 726 3589 794 ἔσχηκε,
3641 726 3774 774 κατά
3827 733 3926 776 τῶν
3981 724 4161 798 ἐκπορ-

2564 810 2848 860 νέυσάντων
2914 807 2962 860 ἐν
3021 807 3127 870 τοῖς
3197 815 3458 884 σφετεροις
3540 812 3704 864 αὐτῶν
3782 809 4156 886 διανοήμασιν,

2565 895 2654 948 εἰτ’
2699 897 2788 948 οὖν
2836 897 3156 970 τολμήμασι,
3207 903 3296 949 καί
3340 899 3577 971 αἰσχρῶς
3639 903 3771 970 ἄγαν
3839 899 4160 974 ἀπερυθριά-

2565 987 2762 1036 σάντων
2793 987 2928 1037 κατ-οἱ
2975 996 3073 1037 τῶν
3125 985 3398 1060 άχροὲντων
3448 992 3538 1039 καί
3593 987 3893 1061 σεϐάσμὶων
3951 991 4157 1043 εἰκόνων

2561 1073 2738 1144 (eam
2790 1075 2985 1147 τόλμης
3035 1079 3074 1146 ε)
3120 1076 3154 1127 ἂ
3192 1077 3259 1135 εἰς
3308 1075 3595 1149 ἀνάμνησιν
3648 1087 3742 1140 τῆς
3819 1081 3944 1151 ὑπέρ
4013 1083 4157 1152 ἡμῶν

2560 1171 2650 1213 τοῦ
2699 1169 2929 1235 Σωτῆρος
2992 1162 3447 1236 ἔνανθρωπήσεως,
3498 1171 3586 1217 καί
3632 1175 3732 1218 τῶν
3790 1169 3915 1241 ὑπέρ
3963 1173 4157 1229 ταύτης

2561 1247 2954 1308 διαθλησάντων
2993 1256 3024 1309 ἦ
3079 1258 3168 1304 καί
3227 1262 3425 1326 σεμνῶς
3475 1254 3642 1315 οἰλλως
3695 1260 3784 1307 καί
3835 1259 3970 1308 κατα
4021 1265 4156 1330 Χρι-

2561 1344 2680 1392 στόν
2705 1341 2975 1400 ζησάντων
3031 1341 3208 1412 άγὶων,
3259 1343 3448 1394 ἀνωθεν
3496 1343 3647 1406 εὐθύς
3694 1349 3785 1395 καί
3844 1343 3932 1396 ἀπ’
3993 1345 4156 1398 αὐτοῦ

2556 1437 2647 1480 τοῦ
2704 1433 3040 1504 κηρὺγματος
3089 1434 3146 1482 τό
3192 1435 3566 1503 Χριστὼννμον
3621 1431 3913 1484 ἀνατυποῦν
3974 1454 4156 1508 παρει-

2554 1515 2780 1590 λὴφαμεν
2825 1518 3099 1592 πλήρωμά.
3183 1524 3283 1572 Καὶ
3332 1519 3432 1592 γάρ
3510 1519 3788 1591 άκοντὶζει,
3858 1522 3901 1574 εἰ
3947 1529 4036 1575 καί
4079 1528 4151 1596 μή

2552 1613 2752 1681 παρὼν,
2783 1605 2910 1660 άλλά
2937 1607 3218 1681 πόρρωθεν,
3271 1611 3406 1660 κατά
3456 1617 3554 1661 τῶν
3619 1608 3920 1662 ἀκολάστων
3971 1617 4151 1685 γνὼμη

2552 1700 2641 1747 καί
2671 1695 2886 1768 αἰσχρῷ
2913 1695 3150 1768 λογισμῷ
3207 1694 3614 1769 βεϐηλωσάντων
3661 1699 3690 1757 ἡ
3751 1704 3841 1751 καί
3898 1700 4154 1761 παντελῶς

2552 1781 2971 1859 διαγραψάμτων
3023 1788 3089 1837 τοὶ
3145 1786 3291 1857 ἅγια·
3345 1785 3546 1859 βάλλει,
3597 1789 3736 1840 καθά
3781 1808 3883 1841 τινι
3940 1786 4150 1864 δόρατι,

783 1871 1032 1928 omnino
1070 1868 1462 1926 aboleverunt
1492 1871 1703 1923 sancta
1725 1885 1738 1922 :
1759 1871 1816 1922 et
1836 1866 2086 1938 epistola
2116 1883 2248 1933 sua,
2279 1868 2437 1924 velu-
2467 1884 2512 1938 Β
2550 1898 2554 1924 ι

2380 1885 2437 1924 u-
2467 1884 2512 1938 Β
2550 1874 2788 1945 εὐστόχῳ
2812 1873 2926 1926 λὶοιν
2956 1873 3225 1942 ἐπιστολῆ,
3253 1879 3338 1928 τόν
3360 1883 3451 1928 ὀὔ
3498 1882 3711 1949 πρὼτως
3755 1887 3847 1938 τῆς
3912 1877 4151 1940 άληθεὶοις

781 1961 822 2015 ti
862 1960 1037 2016 hasta
1073 1959 1228 2014 bene
1283 1955 1608 2020 collimata,
1659 1955 1906 2010 confixit
1949 1953 2142 2011 ﬁlium
2202 1955 2432 2028 Leonis,

780 2050 910 2118 ejus
935 2048 1039 2121 qui
1072 2048 1300 2119 primus
1327 2061 1363 2101 a
1383 2044 1627 2100 veritate
1653 2043 1971 2110 exciderat,
2000 2043 2074 2100 de
2101 2060 2225 2116 quo
2255 2046 2436 2102 etiam

775 2138 906 2208 jam
929 2141 1067 2194 ante
1096 2135 1241 2205 dixi,
1274 2149 1470 2206 pauca
1486 2149 1558 2188 ex
1585 2131 1787 2188 multis
1811 2131 1969 2188 circa
1998 2149 2137 2188 eum
2168 2133 2228 2188 in
2250 2133 2436 2190 histo-

781 2229 936 2283 riam
953 2225 1155 2282 relatis
1189 2223 1446 2293 seligens
1472 2239 1485 2276 :
1510 2237 1672 2278 nunc
1693 2225 1896 2278 autem
1916 2222 2327 2278 nominandus
2345 2227 2438 2280 est

775 2315 922 2372 mihi
953 2313 1124 2385 (velle
1147 2312 1306 2368 enim
1330 2327 1438 2367 vos
1469 2310 1666 2381 credo)
1721 2310 1790 2374 is,
1843 2310 1947 2382 qui
2004 2327 2078 2366 ex
2125 2326 2196 2367 eo
2235 2317 2432 2382 natus,

775 2403 1110 2461 secundum
1142 2402 1271 2473 ejus
1298 2399 1640 2472 exemplum
1671 2399 1959 2469 regnavit.
2012 2401 2433 2457 Constantinus

772 2495 869 2551 hic
896 2493 1023 2559 fuit,
1055 2492 1160 2565 qui
1190 2490 1602 2556 nihilominus,
1626 2489 1774 2562 quin
1804 2488 1982 2545 etiam
2014 2489 2202 2546 multo
2236 2493 2433 2562 magis

771 2598 959 2657 quam
983 2581 1100 2651 ille,
1116 2580 1416 2643 insanivit,
1441 2579 1646 2636 animo
1678 2578 1881 2652 utique
1909 2579 2433 2651 impudentissimo

771 2679 827 2730 et
847 2675 1022 2730 homo
1062 2677 1428 2741 stercoreus;
1455 2669 1530 2725 de
1551 2685 1674 2742 quo
1713 2684 1835 2725 non
1859 2685 2104 2741 possum
2117 2688 2134 2740 ;
2151 2669 2264 2726 imo
2289 2669 2434 2726 abo-

771 2764 970 2821 minor
990 2760 1451 2834 enarrare,quid
1483 2759 1554 2829 ei,
1581 2759 1782 2816 nescio
1810 2775 1934 2830 qua
1949 2763 2200 2828 ratione,
2223 2760 2287 2816 in
2324 2759 2432 2816 ba-

770 2855 996 2928 ptismo
1017 2851 1286 2921 contigit,
1303 2854 1510 2906 contra
1524 2853 1744 2905 rectam
1769 2849 2108 2905 doctrinam
2120 2849 2432 2922 autpotius

772 2948 981 3000 contra
994 2944 1189 3014 ipsum
1206 2940 1522 3012 baptisma,
1542 2939 1599 2994 in
1615 2939 2000 3010 prresagium,
2018 2938 2141 2994 sive
2159 2939 2430 3010 utpotius

769 3032 1044 3100 dixerim,
1060 3031 1118 3086 in
1133 3029 1503 3086 manifestam
1517 3027 1696 3083 futuri
1711 3032 1957 3083 eventus
1980 3028 2402 3100 praenotionem
2413 3069 2428 3084 .

845 3144 931 3194 57.
965 3137 1068 3192 llic
1100 3136 1200 3191 ubi
1235 3135 1312 3191 ad
1336 3133 1563 3190 virilem
1613 3133 1878 3205 pervenit
1933 3137 2192 3200 (etatem,
2261 3133 2429 3205 quod

2548 1962 2982 2025 ἕξολισθὴσαντος
3025 1962 3222 2024 λεοντος
3291 1966 3518 2035 ἔγγονον,
3598 1970 3716 2037 περί
3772 1973 3865 2018 τοῦ
3936 1964 4002 2025 δή
4060 1972 4152 2020 καί

2547 2053 2704 2123 ἔφθην
2743 2057 3063 2126 προειρηκώς
3109 2053 3276 2128 μὲτρι⁹
3333 2052 3486 2120 άττα,
3516 2059 3606 2106 καί
3653 2053 3710 2106 ἐκ
3761 2054 3959 2108 πολλῶν
3997 2056 4153 2127 ὀλὶγα

2544 2150 2644 2192 τῶν
2739 2141 3155 2214 άνιστορημενων
3273 2147 3392 2216 περί

2543 2238 2747 2302 γνωριῶ
2771 2225 2938 2283 δὀῦν
2990 2231 3112 2302 ὑμῖν
3162 2234 3252 2282 καί
3307 2235 3365 2283 τό
3414 2230 3467 2294 ἐξ
3510 2230 3724 2300 ἐκεινου,
3792 2234 3906 2284 κατ’
3962 2232 4151 2287 ἐκεῖνον

2545 2317 2820 2391 (βούλεσθε
2847 2322 2944 2394 γάρ
2992 2321 3136 2389 ἴσως)
3201 2315 3513 2382 ὃεδηλωκως
3575 2319 3628 2383 ἐξ
3686 2321 3953 2394 ὀνόματος.
4006 2329 4150 2376 Κων-

2545 2416 2813 2470 σταντίνος
2855 2408 3019 2474 οὖτος,
3072 2409 3126 2470 ὃς
3186 2408 3291 2480 οὐχ
3359 2410 3536 2479 ἧττον,
3588 2409 3631 2461 εἰ
3678 2415 3749 2482 μή
3803 2417 3890 2463 καί
3933 2412 4147 2482 μάλλον,

2542 2501 2675 2551 κατά
2747 2505 2843 2560 τῆς
2934 2497 3190 2572 εὖσεϐεἱας
3260 2497 3578 2566 λελύττηκεν,
3638 2501 3668 2557 ἠ
3758 2497 4145 2561 ὃνσωδεστάτη

2541 2586 2720 2658 ψυχή,
2772 2589 2798 2639 ὁ
2861 2590 3215 2661 κοπρὸφυρτος
3272 2589 3562 2660 ἅνθρωπος.
3621 2587 3732 2640 Οὖκ
3786 2587 4067 2662 άνεχομαι,
4112 2591 4143 2650 ἡ

2541 2676 2731 2748 μᾶλλον
2758 2672 3116 2749 βδελύττομαι
3136 2681 3222 2729 τόν
3254 2674 3302 2728 ἐν
3342 2684 3414 2747 τῷ
3472 2674 3809 2749 βαπτὶσμοιτι
3859 2681 3992 2731 κατα
4053 2687 4148 2732 τοῦ

2542 2766 2697 2840 ὀρθοῦ
2728 2763 3014 2839 δόγματος,
3057 2766 3245 2839 μᾶλλον
3296 2762 3355 2818 δέ
3407 2766 3520 2818 κατ’
3581 2767 3741 2819 αὐτοῦ
3799 2776 3890 2820 τοῦ
3951 2766 4148 2840 βαπτὶο

2544 2875 2762 2928 σμάτος,
2813 2855 2906 2907 οὐκ
2975 2852 3078 2907 οἶδ’
3145 2855 3297 2921 ὃπως,
3353 2854 3716 2928 ἐπισυμϐάντα
3769 2861 3955 2928 τοὺτῳ,
4016 2863 4149 2931 πρός

2541 2944 2908 3016 φοιϐασμόνὴ,
2969 2943 3310 3016 ἀληθεστερον
3355 2944 3534 3011 εἰπεῖν,
3601 2953 3740 3016 σαφῆ
3789 2941 3880 2996 τοῦ
3927 2965 4150 3016 γενησο-

2539 3038 2690 3102 μενον
2730 3030 3087 3106 προδήλωσιν,
3121 3033 3188 3092 εἰς
3209 3032 3428 3090 ἐπήκοον
3469 3033 3704 3095 ἐξειπεῖν.

3499 2141 3668 2195 ὶκὶνου
3763 2142 4149 2216 ἀναλεξάμενος·

2609 3141 2696 3202 νζ.
2758 3141 2918 3200 Οὖτος
2986 3140 3056 3201 εἰς
3109 3137 3308 3214 ἄνδρας
3358 3138 3534 3206 ἐλθών,
3593 3143 3662 3201 ὡς
3711 3142 3813 3192 ei"):
3841 3146 3912 3213 μή
3964 3143 4144 3213 ὤφελε,

772 3229 1004 3286 utinam
1034 3242 1159 3284 non
1188 3224 1434 3282 fuisset!
1467 3223 1615 3297 quid
1670 3238 1792 3279 non
1853 3222 2095 3279 admisit
2141 3222 2377 3280 sceleris
2401 3225 2429 3280 ‘I
2457 3239 2498 3295 (ς
2539 3253 2543 3261 ι

2374 3225 2429 3280 ιῖ
2457 3239 2498 3295 C
2539 3233 2590 3282 τὶ
2619 3234 2709 3301 μέν
2739 3239 2838 3281 τῶν
2867 3227 3104 3300 άοεσμων
3162 3227 3256 3280 οὐκ
3303 3228 3489 3300 ἔπραξε
3514 3243 3527 3294 ;
3551 3233 3603 3280 τὶ
3649 3225 3709 3281 δέ
3761 3238 3860 3280 τῶν
3901 3230 4145 3304 αἰσχρῶν

771 3318 917 3392 quid
946 3315 1260 3390 turpidinis
1290 3329 1414 3370 non
1439 3312 1748 3386 patravit?
1781 3311 2013 3368 Fcedius
2046 3328 2235 3384 quam
2260 3319 2429 3385 pater

775 3424 921 3464 suus
950 3400 1290 3478 inquinavit
1311 3403 1408 3459 Dei
1430 3402 1746 3476 pepulum.
1769 3400 1882 3458 Sed
1903 3416 1940 3457 o
1967 3399 2425 3458 solertissimum

771 3495 1088 3554 consilium
1130 3493 1324 3549 sancti
1349 3493 1360 3547 !
1385 3491 1684 3565 oplagam
1731 3490 2245 3563 opportunissimo
2277 3496 2426 3548 tem-

771 3601 916 3659 pore
943 3582 1262 3640 inﬂictam!
1290 3580 1538 3636 Phinees
1577 3579 1825 3653 quidem
1869 3578 2195 3636 Israelitam
2225 3580 2286 3635 in
2317 3597 2428 3639 sua

769 3669 1426 3743 observavitnequitia,
1461 3672 1518 3724 et
1543 3667 1780 3723 hastam
1807 3666 2056 3733 intorsit,
2089 3674 2270 3740 atque
2293 3685 2426 3741 pro-

767 3763 996 3838 palavit
1022 3766 1360 3836 peccatum,
1381 3764 1438 3816 et
1469 3761 1715 3814 caeteros
1737 3773 1809 3814 eo
1837 3757 2115 3830 exemplo
2142 3760 2424 3816 emenda-

765 3855 888 3911 vit:
914 3852 1019 3909 sed
1051 3867 1171 3907 uno
1199 3849 1396 3906 solum
1429 3848 1488 3904 in
1529 3846 1664 3904 loco
1715 3847 1994 3920 repressit
2051 3847 2298 3920 crimen,
2323 3865 2423 3905 so-

761 3944 979 4016 losque
1015 3943 1340 4014 praesentes
1370 3938 1580 3994 avertit
1615 3952 1652 3993 a
1681 3935 1924 3993 scelere.
1981 3938 2240 3994 Joannes
2282 3955 2423 3996 vero

762 4032 1150 4102 vehementer
1174 4028 1408 4084 zelosus
1435 4041 1546 4100 pro
1569 4028 1707 4093 Deo,
1753 4029 1812 4081 et
1864 4041 2048 4098 supra
2076 4041 2186 4082 nos
2213 4025 2422 4083 intelli-

762 4137 932 4195 gens,
957 4135 1028 4177 ac
1041 4120 1200 4175 circa
1220 4133 1332 4174 nos
1350 4121 1633 4188 satagens
1654 4113 1956 4185 jaculatus
1973 4119 2065 4170 est
2079 4115 2348 4188 quidem,
2366 4123 2423 4174 et

761 4226 1036 4269 unacum
1050 4213 1296 4282 peccato
1309 4211 1685 4279 peccatorem
1698 4203 1983 4270 confodit;
2004 4203 2112 4260 sed
2133 4206 2334 4261 statim
2358 4206 2420 4262 id

758 4301 897 4359 fecit
911 4299 1133 4372 ubique
1147 4302 1353 4354 notum
1364 4301 1440 4363 ,et
1453 4298 1740 4351 momento
1753 4309 1905 4367 pene
1921 4294 2196 4368 temporis
2216 4311 2418 4352 omnes

761 4388 1273 4460 sustulitiniquos,
1293 4384 1496 4441 litteris
1517 4384 1662 4456 ipsis
1685 4383 1956 4439 revelans
1975 4383 2169 4438 scelus
2195 4385 2418 4458 ubique

755 4480 1029 4537 locorum
1043 4477 1104 4534 in
1117 4481 1442 4549 conspectu
1456 4473 1732 4538 omnium,
1753 4477 1810 4528 et
1828 4473 2208 4545 deimpietate
2223 4474 2416 4528 trium~

2538 3319 2633 3371 οὐκ
2690 3321 3152 3390 έποὶησε;Χεῑρον
3192 3325 3284 3369 τοῦ
3328 3319 3696 3388 γεγεννηκότος
3752 3323 3810 3370 τό
3861 3326 3954 3371 τοῦ
4007 3327 4147 3372 Θεοῦ

2537 3409 2678 3468 ἔθνος
2721 3406 2940 3480 ἐμὶανεν.
2999 3405 3135 3460 Ἀλλ’
3190 3401 3306 3478 εὖγε
3367 3405 3773 3477 εὐστοχωτάτης
3841 3415 3935 3460 τοῦ
3987 3408 4145 3480 ἁγίου

2539 3495 2732 3570 βουλῆς
2769 3497 2780 3552 ε
2822 3493 2936 3568 εὖγε
2982 3497 3332 3569 καιριωτάτης
3395 3494 3640 3566 πληγῆςῑ
3680 3501 3843 3556 Φινεές
3895 3501 3985 3569 μέν
4037 3500 4144 3570 γάρ

2535 3592 2620 3639 τὸν
2650 3586 2981 3660 Ἰσραηλὶτην
3011 3592 3072 3643 τῆ
3137 3589 3297 3657 κακὶᾳ
3347 3581 3752 3658 σννδιετήρησε,
3803 3591 3894 3638 καί
3952 3585 4145 3640 άνετεὶο

2533 3695 2644 3729 νετο
2672 3673 2823 3751 δόρυ,
2847 3695 2936 3728 και
2995 3673 3326 3732 ἇστηλὶτευσε
3363 3678 3422 3726 τό
3468 3675 3776 3750 ἁμάρτημα,
3814 3681 3905 3728 καί
3946 3681 4002 3728 τό
4052 3675 4144 3728 ἀπ’

2534 3763 2724 3818 ἐκεινου
2777 3767 2898 3827 τούς
2948 3762 3160 3825 λοιπούς
3228 3761 3563 3837 ἐσωφρόνισεο
3638 3763 3771 3822 πλην
3823 3763 3899 3835 ἐφ’
3953 3764 4028 3817 iri
4081 3772 4143 3820 τό

2532 3859 2675 3926 τόπῳ
2735 3853 3020 3926 άνεσχηκε,
3066 3857 3156 3904 καί
3199 3857 3385 3925 μόνους
3427 3856 3551 3915 τούς
3605 3858 4011 3928 παρατυχόντας
4046 3864 4142 3919 τῆς

2534 3943 2792 4018 άμαρτὶας
2814 3945 3238 4016 άνακεχαὶτισεν·
3288 3944 3314 3993 ὁ
3364 3938 3424 3994 δέ
3474 3947 3561 3994 τόν
3611 3943 3737 4016 ὑπέρ
3797 3950 3931 3995 Θεοῦ
3981 3943 4138 4006 ζῆλον

2530 4035 2680 4094 οὗτος
2702 4033 2881 4100 πολύς,
2924 4034 2950 4084 ὁ
2993 4034 3058 4084 τά
3110 4032 3236 4106 ὑπέρ
3287 4033 3426 4103 ἡμᾶς
3473 4036 3702 4098 συνετός,
3753 4036 3844 4084 καί
3892 4035 3958 4084 τά
4017 4035 4141 4087 καθ’

2529 4125 2668 4196 ἡμᾶς
2715 4127 2987 4195 νουνεχής,
3027 4124 3372 4179 κατηκόντισε
3429 4124 3540 4193 μέν,
3573 4141 3662 4174 και
3718 4129 3790 4192 τῷ
3842 4130 3987 4193 κακῷ
4042 4128 4139 4181 τήν

2527 4217 2711 4265 κακὶάι.
2760 4211 3200 4276 συνεξεκεντησενθ
3251 4209 3534 4282 ἁπανταχῆ
3593 4206 3646 4262 δ’
3695 4208 3882 4284 ἁθρόον
3934 4208 4138 4265 ἀνέδει-

2528 4303 2599 4370 ξε,
2645 4307 2736 4354 καί
2816 4300 2864 4353 ἐν
2931 4299 3114 4374 άκαρεί
3164 4307 3254 4352 τοῦ
3309 4302 3508 4373 χρόνον
3560 4302 3758 4360 πάντας
3790 4300 4132 4373 συνεστειλεν,

2524 4395 2805 4466 γράμμασι
2852 4398 2962 4451 τοῖς
3015 4389 3192 4451 αὐτοῖς
3249 4394 3383 4442 πᾶσι
3430 4398 3676 4462 πανταχῆ
3729 4395 3822 4448 τήν
3872 4389 4136 4466 ἁμαρτὶαν

2526 4481 2882 4552 ἀνακαλύψας,
2912 4485 2999 4532 καί
3044 4478 3399 4555 θριαμϐεῦσας
3453 4483 3509 4531 τό
3565 4498 3941 4553 παρανομημα.
3999 4481 4138 4552 Εὖγε

755 4569 976 4642 phans.
1013 4570 1195 4624 Macte
1236 4570 1338 4621 tuo
1369 4564 1485 4620 isto
1515 4564 1576 4653 in
1623 4562 1723 4618 Dei
1767 4578 1952 4618 causa
1998 4561 2142 4653 zelo,
2191 4568 2418 4636 martyr
2446 4599 2491 4653 Β

2362 4580 2418 4631 νι-
2446 4599 2491 4653 D
2528 4591 2611 4624 σοι
2638 4579 2730 4625 τοῦ
2756 4573 2890 4624 κατά
2945 4575 3073 4623 Θεὸν
3125 4569 3306 4637 ζήλον,
3352 4571 3552 4644 μάρτυς
3597 4568 3757 4631 ὄντως
3803 4569 4133 4641 άναὶμοξκτεε

757 4661 1066 4716 incruente
1091 4657 1102 4712 !
1130 4659 1310 4714 Macte
1327 4652 1578 4710 ferventi
1607 4657 1707 4708 tuo
1725 4667 1868 4722 erga
1881 4651 2164 4707 eumdem
2179 4654 2412 4709 amore!

754 4753 937 4808 Macte
963 4746 1149 4806 animi
1171 4745 1254 4802 tui
1281 4743 1359 4802 ad
1390 4741 1627 4818 pietatis
1677 4741 2096 4798 defensionem
2150 4741 2411 4800 fiducia!

752 4843 938 4899 Macte
965 4837 1174 4896 illustri
1201 4840 1303 4894 tua
1325 4833 1745 4908 intrepidaque
1771 4833 2108 4890 constantia
2145 4833 2208 4889 in
2261 4850 2413 4906 prae-

752 4928 1017 4988 dicanda
1042 4927 1286 4986 veritate
1312 4925 1324 4981 !

823 5041 912 5096 58.
938 5035 1092 5104 Quid
1114 5038 1314 5092 autem
1338 5033 1366 5088 ?
1388 5049 1466 5091 an
1497 5047 1642 5103 erga
1682 5030 1870 5086 Deum
1909 5044 2126 5103 resque
2174 5029 2412 5089 divinas

747 5131 834 5189 ita
858 5128 1105 5186 affectus
1136 5126 1232 5182 hic
1263 5123 1394 5193 fuit,
1423 5127 1480 5179 et
1518 5125 1674 5179 Deus
1723 5135 1863 5176 eum
1915 5135 2036 5175 non
2087 5122 2407 5194 promovit,

746 5219 1018 5294 atquead
1033 5217 1568 5290 maximaqueeque
1581 5212 1839 5284 suscepit
1861 5211 1889 5266 ?
1905 5211 2409 5285 lgiturquomodo

745 5325 886 5366 cum
915 5325 986 5366 eo
1025 5307 1211 5381 egerit
1247 5309 1422 5371 Deus,
1451 5305 1613 5360 disce
1636 5322 1652 5374 ;
1687 5307 1744 5358 et
1768 5301 2080 5373 quomodo
2109 5319 2248 5358 eum
2281 5320 2408 5359 sus-

743 5399 985 5474 ceperit,
1018 5397 1180 5456 audi.
1217 5395 1492 5468 Suggerit
1525 5390 2075 5463 Hierosolymorum
2137 5393 2400 5462 antistiti,

742 5495 884 5548 tunc
918 5487 1208 5546 obtinenti
1242 5487 1526 5544 thronum
1560 5483 1753 5541 fratris
1781 5481 2260 5547 Domini,Jacobi
2293 5484 2400 5540 sci-

736 5579 874 5637 licet
901 5579 1112 5637 fervidi
1141 5577 1298 5634 illius
1325 5575 1597 5648 magistri
1636 5579 1816 5647 atque
1863 5573 2158 5644 praeconis
2185 5571 2401 5631 verita-

735 5671 811 5728 tis
835 5670 1170 5746 (quomodo
1196 5673 1398 5726 autem
1429 5667 1792 5740 suggesserit
1812 5671 2002 5735 taceo,
2029 5667 2174 5741 quia
2197 5665 2400 5723 invisi-

731 5761 926 5823 biliter
954 5778 1062 5837 per
1086 5762 1384 5820 internam
1421 5760 1670 5832 Spiritus
1703 5758 2030 5818 motionem
2053 5757 2113 5815 id
2148 5757 2397 5827 factum)

2526 4662 2654 4734 Εὖγε
2670 4669 2760 4714 τοῦ
2789 4657 3049 4736 ὃιαπόρου
3079 4663 3209 4734 πρός
3239 4661 3326 4712 τὸν
3370 4662 3498 4711 Θεὸν
3549 4658 3761 4733 φὶ).τρον
3801 4659 3813 4714 ε
3855 4659 3985 4730 Εὖγε
4035 4667 4099 4718 τῆ
4113 4680 4136 4722 ς

2524 4753 2650 4825 ὑπέρ
2689 4758 2781 4812 τῆς
2838 4747 3102 4810 εὖσεϐεὶας
3170 4747 3804 4824 παῤῥησὶαςΓΥπ-ὲρενγε
3885 4767 3970 4800 σοι
4038 4756 4136 4801 τοῦ

2523 4848 2832 4914 περιφανοῦς
2853 4845 2943 4893 καί
2995 4838 3047 4903 ἐξ
3100 4837 3352 4914 άτρεστου
3401 4845 3490 4900 τῆς
3542 4836 3730 4909 ψυχῆς
3781 4842 4135 4912 παραστήμα-

2522 4950 2607 4994 τος
2637 4933 2764 5005 ύπέρ
2789 4938 2884 4993 τῆς
2915 4929 3158 4990 άληθεὶας
3187 4932 3525 5005 κηρύγματος
3552 4928 3563 4983 l

2590 5039 2690 5098 νη’.
2734 5037 2890 5092 Ἀλλά
2929 5043 2979 5092 τὶ
3033 5046 3160 5110 γοῦν
3198 5037 3344 5097 οὖτος
3374 5041 3464 5109 μέν
3529 5035 3664 5089 οὕτω
3715 5037 3846 5109 πρὸς
3892 5054 3946 5088 τε
3998 5038 4131 5089 Θεὸν

2519 5133 2610 5181 καί
2629 5131 2694 5181 τά
2719 5130 2846 5204 ὖπέρ
2879 5135 3014 5182 Θεοῦ
3041 5133 3166 5188 Θεὸς
3193 5123 3243 5180 δ’
3284 5129 3343 5180 ού
3398 5131 3668 5200 προσὶετο,
3720 5129 3750 5183 ἦ
3777 5125 3868 5177 οὐκ
3915 5124 3963 5177 ἐν
4017 5132 4131 5186 τοῖς

2516 5215 2750 5291 μάλιστα
2819 5214 3335 5294 προσεὸὶχετο;καί
3383 5216 3522 5278 ὁπως
3573 5222 3754 5268 τοῦτον
3826 5211 3940 5287 εἶχε
3995 5219 4131 5276 Θεὸς

2515 5311 2759 5382 μάνθανε,
2815 5313 2904 5360 καί
2946 5310 3084 5369 ὅπως
3151 5303 3572 5382 προσελάμϐανεν
3639 5300 3813 5359 άκονε.
3875 5302 4131 5357 ’Υποϐάλ-

2512 5397 2588 5450 λει
2625 5407 2697 5470 τῷ
2754 5408 2852 5450 τῶν
2897 5397 3266 5473 Ἰεροσολύμων
3312 5404 3695 5470 προστατοῦντι
3735 5400 3826 5448 καί
3881 5400 3965 5447 τόν
4009 5396 4130 5467 6ρό-

2512 5509 2594 5541 νον
2649 5489 2760 5540 κατ’
2829 5488 2990 5541 ἐκεῖνο
3055 5495 3241 5562 καιροῦ
3296 5495 3388 5540 τοῦ
3436 5483 3778 5559 ’Λδελφοθεον
3865 5479 4127 5554 διεποντι,

2515 5577 2762 5630 Ἰακώϐου
2805 5577 2936 5649 λέγω
2991 5571 3082 5630 τοὺ
3127 5573 3453 5652 διαπρυσὶον
3512 5583 3608 5636 τῆς
3659 5572 3903 5635 άληθεὶας
3957 5567 4126 5625 διδαο

2513 5666 2706 5721 σκάλου
2737 5673 2826 5721 καί
2850 5673 3076 5744 κήρυκος
3117 5670 3195 5738 (τὸ
3249 5663 3300 5721 δ’
3346 5666 3484 5729 ὁπως
3532 5662 3809 5718 ὑποϐάλλει
3864 5662 4122 5738 παρίημι,

2511 5757 2741 5831 ἀοράτως
2786 5759 2888 5834 γάρ
2960 5762 3051 5811 καί
3127 5751 3194 5810 δι’
3253 5761 3522 5819 ἐπιπνοίας
3600 5763 3690 5810 τοῦ
3771 5753 4117 5828 Πνενματος),
