4484 6446
340 424 438 479 881

337 545 709 621 πρεσϐυτέροις
764 548 945 596 τοῦτον

342 638 500 693 θύτην
537 638 842 706 μυστηρίων
880 631 1141 685 ἄκτελέσαι
1166 635 1253 683 τὸν
1309 640 1408 683 τῶν
1474 633 1579 683 ἄνω
1638 637 1728 683 καὶ
1788 631 1933 701 οὖρα-

337 728 458 775 νίων
506 722 732 786 ἐπάξιον.
766 727 863 775 Καὶ
922 722 974 782 ὃς
1003 726 1148 793 χρίει
1200 724 1257 773 τὸ
1314 723 1482 792 τάχος
1537 720 1936 793 μεταπεμψάμε·

337 832 440 880 νος,
464 817 691 873 καὶτοῖς
730 813 1012 884 ἱεροθύταις
1060 812 1350 875 συντάττει,
1384 813 1447 870 ως
1476 810 1535 861 ἂν
1592 806 1659 867 δὴ
1700 813 1756 861 τὸ
1804 812 1939 881 μέγα

340 902 483 973 θῦμα
510 900 799 974 καλλιεροίη
836 903 1085 973 Χριστὸν,
1137 904 1194 951 τό
1244 900 1391 951 τυθεν
1452 902 1542 971 μεν
1595 898 1754 964 ἅπαξ,
1818 899 1939 950 θυό-

338 1008 487 1063 μενον
547 986 598 1042 δ’
649 989 854 1057 εἰσαιεὶ,
907 989 1032 1062 ὑπερ
1088 996 1187 1039 τῶν
1239 988 1379 1050 οἱπαξ
1435 991 1525 1060 μεν
1572 991 1935 1054 πεπτωκότων,

337 1078 457 1131 καθ’
488 1077 712 1135 ἑκάστην
766 1074 826 1129 δε
894 1073 1340 1149 διασαλευομένων
1375 1078 1539 1149 ἡμῶν.
1581 1082 1645 1130 Τί
1694 1073 1753 1129 δὲ
1811 1080 1941 1135 Θεὸς

337 1171 429 1239 μεν
463 1167 598 1220 οὕτω
657 1186 767 1228 πως
824 1169 1026 1237 ἔχρισε,
1086 1170 1170 1217 xui
1217 1167 1381 1228 οὕτως
1438 1164 1709 1230 ἀνέδειξεν,
1766 1166 1939 1216 ὁποῖόν

338 1276 394 1309 τε
422 1254 534 1328 εἶχε
568 1261 655 1308 καὶ
690 1264 795 1316 τοίς
830 1254 1091 1329 πόρρωθεν
1122 1252 1442 1313 διεδήλωσεν
1476 1272 1489 1321 ;
1523 1256 1548 1307 ὁ
1582 1252 1629 1307 δ’
1680 1253 1939 1327 ὀλιγωρη-

340 1364 446 1411 σεν,
489 1346 518 1402 ἡ
550 1347 861 1416 καθυφῆκεν,
898 1346 926 1403 ἡ
987 1352 1077 1404 τῆς
1102 1344 1217 1395 κατ’
1263 1342 1447 1418 ἀρετήν
1490 1347 1762 1404 συντονίας
1816 1343 1942 1405 ὅλως

340 1432 637 1505 ἠμελησεν;
698 1436 957 1503 Οὖμενουν
1011 1428 1275 1503 οὐδαμῶς,
1350 1440 1533 1503 μακρῷ
1597 1434 1699 1504 γὰρ
1758 1431 1941 1483 πλείων

340 1522 568 1575 ἐντεῦθεν
606 1528 698 1580 τὴν
755 1524 1049 1596 προθυμίαν
1094 1520 1272 1594 ἐφάνη,
1306 1526 1395 1573 καὶ
1433 1522 1603 1593 πολλῷ
1667 1540 1769 1572 τινι
1826 1523 1942 1593 θερ-

338 1615 551 1684 μότερος
608 1614 695 1663 τὸν
774 1618 865 1662 τοῦ
935 1616 1175 1682 σώματος
1231 1612 1577 1682 ὑπωπιασμον
1634 1606 1940 1681 ἀνεδείχθη,

338 1706 436 1758 τήν
462 1720 514 1752 τε
544 1704 853 1752 ταπείνωσιν
912 1699 1247 1773 ὑψηλότερος,
1288 1704 1375 1751 καὶ
1440 1703 1568 1773 πρὸς
1623 1706 1796 1751 πᾶσαν
1854 1698 1945 1751 οἰλ-

337 1787 432 1846 λην
488 1787 674 1862 ἀρετην
736 1787 1086 1862 ἀκμαιότερος.
1167 1788 1256 1849 Ὠς
1305 1791 1405 1862 γὰρ
1470 1790 1530 1840 άν
1596 1806 1671 1848 τις
1728 1796 1826 1840 τῶν
1881 1789 1946 1839 τὰ

1547 414 1619 473 ΙΝ
1660 416 1719 475 S.
1756 415 1950 473 JOAN.
1991 415 2490 475 DAMASCENUM.

1032 541 1433 613 συγκαταλέξαι,
1487 545 1576 594 καὶ
1637 550 1736 594 τῶν
1794 543 1934 594 κάτω
1962 543 2011 597 Α
2049 542 2329 611 suggerit,
2355 544 2803 618 inquam,utpri

1927 566 1934 592 ι
1962 543 2011 597 Α
2049 542 2329 611 suggerit,
2355 544 2624 616 inquam,
2645 547 2708 601 ut
2723 545 3086 619 presbyteris
3108 546 3698 613 ascribatJoannem,

3593 422 3699 476 882

2048 636 2103 688 et
2133 634 2409 705 supernis
2449 640 2627 706 atque
2657 636 2995 693 cmlestibus
3035 638 3331 711 mysteriis
3381 637 3701 706 dignatum

2046 721 2281 777 ordient
2309 722 2388 777 ad
2418 738 2488 779 ea
2534 740 2670 795 qute
2718 725 2776 780 in
2829 727 2991 782 terris
3050 732 3356 796 geruntur.
3414 726 3510 780 llle
3556 739 3699 791 ergo

2045 827 2187 867 mox
2217 812 2569 869 accersitum
2600 814 2852 884 inungit,
2885 819 2942 871 et
2970 817 3120 872 inter
3144 817 3482 872 sacerdotes
3525 814 3705 870 collo-

2048 904 2518 970 cat,utmagnam
2532 902 3097 967 hostiam,Christum
3127 906 3316 977 ipsum
3339 919 3568 976 nempe,
3596 903 3705 959 rite

2048 995 2377 1055 consacret,
2392 1006 2526 1058 quae
2546 992 2726 1047 semel
2745 994 3056 1050 immolata
3075 995 3422 1050 immolatur
3436 991 3705 1065 quotidie

2049 1094 2158 1150 pro
2175 1079 2371 1148 nobis,
2388 1080 2807 1152 semelquidem
2826 1082 3036 1154 lapsis,
3051 1084 3314 1155 quotidie
3327 1098 3468 1138 vero
3486 1080 3705 1153 impelli

2051 1166 2128 1223 ad
2155 1167 2395 1239 lapsum
2424 1167 2627 1223 solitis.
2660 1171 2848 1235 Quem
2874 1187 3011 1226 vero
3038 1171 3124 1227 sic
3157 1172 3326 1227 unxit
3353 1175 3409 1226 et
3441 1170 3524 1224 sic
3568 1185 3702 1225 eve-

2049 1258 2134 1313 xit
2166 1257 2338 1323 Deus,
2367 1259 2698 1330 quantique
2727 1259 2944 1316 faceret
2965 1261 3141 1316 etiam
3164 1260 3341 1329 longe
3362 1259 3571 1331 positis
3602 1259 3703 1313 de-

2051 1347 2438 1411 monstravit;
2462 1363 2535 1403 an
2556 1347 2838 1421 deinceps
2858 1349 3253 1418 negligentius
3282 1349 3419 1419 egit,
3453 1348 3701 1404 remisit-

2051 1450 2168 1506 que
2218 1434 2570 1491 industriam
2610 1441 2667 1491 et
2713 1438 2871 1493 circa
2924 1438 3152 1494 virtutis
3218 1438 3701 1493 exercitationem

2052 1523 2359 1593 elanguit?
2383 1524 2615 1580 Minime
2638 1541 2809 1581 vero:
2847 1526 2949 1581 sed
2972 1527 3184 1583 exhinc
3203 1528 3495 1597 majorem
3516 1526 3703 1581 multo

2053 1612 2240 1667 animi
2275 1612 2638 1669 alacritatem
2680 1614 2963 1671 adhibere
3016 1618 3174 1671 visus
3223 1620 3354 1682 est;
3398 1616 3457 1671 in
3502 1615 3704 1685 subju-

2055 1701 2252 1771 gando
2283 1718 2530 1775 corpore
2562 1702 2898 1770 ferventior,
2932 1705 2990 1759 in
3022 1721 3085 1760 se
3115 1704 3493 1761 liumiliando
3516 1704 3705 1759 subli-

2055 1791 2226 1860 mior,
2252 1796 2431 1863 atque
2456 1792 2529 1848 ad
2553 1808 2797 1848 omnem
2836 1793 3014 1850 aliam
3059 1794 3333 1850 virtutem
3382 1794 3704 1849 robustior.

334 1875 469 1950 τῇδε
519 1877 927 1951 περιπολούντων
989 1877 1200 1951 ἀρχεῖα,
1257 1878 1489 1950 μείζονος
1537 1876 1716 1939 ἐπιϐὰς
1774 1876 1941 1939 ἀξίας,
1972 1892 2015 1948 Β
2059 1882 2105 1935 Si

1932 1924 1941 1936 .
1972 1892 2015 1948 Β
2059 1882 2394 1937 Sicntenim
2426 1898 2631 1937 eorum
2659 1883 2872 1956 aliquis
2888 1885 2991 1956 qui
3016 1889 3334 1941 versantur
3357 1884 3417 1939 in
3460 1882 3700 1956 palatio,

339 1966 691 2041 ἐνεργέστερος
750 1971 1045 2025 κατασταίη
1140 1972 1229 2018 καὶ
1312 1968 1720 2041 προθυμότερος,
1804 1970 1941 2039 εἴπερ

340 2056 556 2127 εὐλόγως
586 2059 717 2128 πρὸς
762 2064 854 2108 τοῦ
916 2061 1254 2128 τετιμηκότος
1312 2054 1595 2129 ἐγκριθείη,
1650 2061 1737 2107 καὶ
1791 2056 1947 2117 αὐτὸς

339 2165 397 2218 γε
424 2150 553 2220 πρὸς
609 2145 772 2203 αὐτὴν
827 2144 1185 2216 ἐπιλογίσαιτό
1243 2147 1292 2197 οἱ
1343 2150 1399 2196 τὸ
1462 2145 1802 2217 ὀφειλόμενον,
1856 2150 1945 2197 καὶ

340 2239 401 2288 τὸ
452 2232 652 2287 δίκαιον
713 2234 1012 2307 ἐπικρίνειεν
1047 2256 1059 2269 ·
1103 2239 1171 2296 ὡς
1236 2232 1294 2287 δε
1337 2240 1426 2287 καὶ
1474 2236 1643 2300 οὗτος,
1681 2238 1809 2310 πρὸς
1857 2244 1947 2288 του

343 2326 449 2376 ἀνω
482 2323 757 2393 Βασιλέως,
798 2332 889 2376 τοῦ
937 2344 1093 2397 μονον
1147 2324 1366 2394 ἀγαθοῦ,
1403 2332 1493 2376 τοῦ
1542 2328 1701 2395 μόνον
1747 2323 1949 2382 ἀλαθή-

344 2432 437 2466 του
469 2418 749 2483 Δεσπότου,
782 2417 840 2466 τὸ
875 2422 967 2474 τῆς
1026 2416 1302 2486 ἱερωσύνης
1360 2408 1668 2485 δεδεγμένος
1723 2412 1946 2485 ἀξίωμα,

345 2505 406 2557 τὸ
435 2508 681 2576 μέγιστον
740 2502 1048 2574 ἀξιωμάτων
1108 2508 1196 2554 καὶ
1249 2508 1581 2574 τιμιώτατον,
1635 2507 1723 2554 xui
1774 2507 1950 2574 μονοις

348 2600 454 2653 τοίς
482 2595 618 2644 κατά
658 2596 744 2645 τὸν
774 2596 937 2665 μέγαν
966 2600 1147 2644 τοῦτον
1176 2596 1306 2663 πρὸς
1373 2590 1615 2648 ἀληθειαν
1678 2592 1950 2665 καταλαμ-

352 2681 626 2754 ϐανόμενον
708 2701 762 2734 τε
817 2687 908 2734 καὶ
990 2685 1423 2753 συντηρούμενον,
1508 2681 1846 2753 εὐθυμότερον
1900 2701 1954 2735 τε

350 2780 445 2834 τῆς
476 2771 808 2842 λειτουργιας
836 2770 1133 2839 ἐπείληπτο,
1177 2775 1266 2822 καὶ
1297 2773 1423 2844 πρὸς
1479 2774 1572 2828 τὴν
1624 2780 1721 2832 τῆς
1768 2769 1952 2845 ἀρετῆς

1529 2859 1667 2913 Ἀλλ’

901 2950 1007 3021 οὐχ
1060 2952 1141 3002 ὅτι
1177 2952 1304 3023 πρὸς
1363 2949 1662 3013 πένταθλον,
1721 2949 1827 3001 ἀλλ’
1885 2951 1958 3012 εἰς

353 2861 604 2936 ἐργασίαν
673 2866 1047 2935 συντονώτερον
1114 2857 1443 2933 διεγηγερτο.
1529 2859 1667 2913 Ἀλλ’
1750 2860 1952 2934 ἐπείπερ

352 2951 488 3003 οὕτω
544 2956 807 3021 γενναίως,

352 3039 637 3113 μυρίαθλον
700 3040 786 3109 (ὡς
862 3044 952 3091 καὶ
1011 3041 1228 3110 φάμενος
1299 3038 1481 3109 ἔφθην)
1538 3035 1953 3111 ἀποδυσάμενος,

355 3130 635 3202 θαυμαστά
665 3131 751 3181 οἶα
798 3125 1118 3190 ἐπιδείξαιτο
1144 3148 1156 3161 ·
1197 3133 1288 3180 καὶ
1345 3130 1425 3180 ὅτι
1466 3147 1526 3198 γε
1576 3128 1826 3186 πλείστην
1871 3127 1959 3200 ίμ-

2056 1971 2102 2026 si
2125 1971 2201 2027 ad
2221 1972 2511 2043 majorem
2534 1974 3249 2044 ascenderitdignitatem,
3275 1974 3706 2047 promptiorem

2057 2076 2117 2116 se
2140 2061 2217 2115 ad
2239 2060 2535 2133 obsequia
2556 2062 2811 2129 exhibet,
2842 2068 2906 2119 ut
2944 2063 3022 2118 ab
3046 2080 3115 2119 eo
3136 2064 3239 2136 qui
3279 2064 3477 2136 ipsum
3518 2063 3706 2118 bono-

2056 2150 2529 2220 ravitjudicetur
2572 2151 2631 2206 id
2670 2152 2936 2219 meritus,
2989 2169 3189 2207 secum
3242 2153 3367 2225 ipse
3414 2153 3707 2208 rationem

2058 2240 2249 2295 iniens
2270 2254 2391 2312 quo
2412 2245 2587 2312 pacto
2620 2240 2888 2297 debitum
2914 2258 3091 2296 suum
3110 2243 3265 2312 juste
3288 2241 3559 2297 exsolvat
3590 2259 3601 2295 :
3628 2241 3709 2296 ita

2059 2330 2236 2385 etiam
2260 2330 2543 2399 Joannes,
2567 2346 2601 2385 a
2632 2346 2769 2400 rege
2827 2346 3059 2399 regum,
3094 2331 3219 2386 solo
3264 2332 3424 2386 bono
3470 2347 3538 2386 ac
3580 2329 3709 2385 solo

2058 2435 2200 2475 vero
2230 2419 2476 2475 domino
2508 2425 2733 2487 nostro,
2801 2421 3116 2477 sacerdotii
3151 2420 3410 2475 donatus
3458 2420 3707 2481 honore,

2060 2509 2331 2565 omnium
2352 2509 2653 2565 honorum
2670 2510 2936 2565 maximo
2956 2514 3012 2565 et
3032 2510 3571 2577 venerabilissimo,
3592 2514 3648 2564 et
3676 2525 3712 2564 a

2062 2598 2202 2653 solis
2254 2598 2369 2670 ipsi
2424 2614 2631 2654 revera
2670 2599 2963 2654 similibus
3002 2599 3383 2672 suscipiendo
3426 2599 3714 2669 gerendo-

2064 2704 2200 2760 que,
2247 2689 2583 2760 promptius
2633 2689 2951 2761 capessivit
2999 2689 3393 2744 ministerium
3449 2704 3715 2756 sacrum,

2065 2784 2245 2850 atque
2284 2778 2363 2834 ad
2402 2778 2633 2834 virtutis
2668 2777 2896 2833 cultum
2960 2777 3300 2846 vigilantior
3362 2778 3716 2834 exsurrexit.

2068 2868 2394 2940 Postquam
2416 2872 2617 2923 autem
2639 2884 2766 2923 sese
2789 2873 2910 2923 tam
2934 2883 3239 2937 generose,
3266 2883 3387 2924 non
3442 2867 3521 2923 ad
3578 2882 3721 2939 pen-

2067 2958 2316 3014 tathlum
2340 2960 2429 3023 (ut
2450 2958 2726 3029 superius
2743 2958 2971 3014 dictum
2993 2963 3126 3025 est),
3147 2958 3249 3014 sed
3266 2958 3340 3014 ad
3358 2956 3719 3029 myriathlon

2066 3049 2446 3120 praeparavit,
2494 3063 2681 3120 quam
2731 3047 2993 3103 maxime
3045 3046 3406 3103 admiranda
3465 3047 3725 3120 patravit

2070 3138 2356 3207 facinora,
2392 3142 2702 3211 totumque
2732 3138 2792 3193 in
2818 3137 2909 3192 sui
2932 3137 3395 3193 admirationem
3426 3137 3724 3193 theatrum

352 3217 501 3270 ϐάλοι
526 3226 599 3289 τῷ
630 3220 825 3289 θεάτρῳ
850 3222 941 3276 τὴν
972 3217 1214 3280 ἔκπληξιν
1249 3239 1260 3251 ο
1292 3214 1426 3275 ἦσαν
1486 3214 1545 3270 δε
1578 3218 1681 3292 ἄρα
1730 3222 1787 3270 τὸ
1842 3219 1959 3270 θέα·
1991 3251 2032 3307 C
2071 3243 2123 3284 ra

1950 3249 1959 3261 '
1991 3251 2032 3307 ρ
2071 3227 2269 3300 rapuit
2298 3245 2309 3281 :
2342 3227 2636 3283 theatrum
2659 3242 2798 3283 vero
2824 3226 3160 3299 implebant
3179 3225 3431 3297 angelici
3461 3225 3721 3298 spiritus,

351 3326 473 3381 τρον
505 3308 632 3360 θεῖοί
658 3326 712 3360 τε
735 3308 1046 3382 πληροῦντες
1084 3307 1311 3379 ἄγγελοι,
1347 3309 1397 3359 οἰ
1446 3311 1537 3359 καὶ
1592 3315 1693 3359 τῶν
1756 3306 1960 3378 ἀγώνων

355 3392 491 3453 ἦσαν
545 3402 727 3447 τοῦτον
782 3396 1156 3469 ὑπερογάμενοι
1218 3416 1231 3428 ·
1289 3400 1379 3447 καὶ
1432 3392 1676 3467 δαίμονες
1730 3400 1963 3469 περιτρέ-

356 3503 561 3558 χοντες,
590 3484 639 3537 οὶ
664 3488 754 3536 καὶ
790 3483 1282 3556 ἀντικαθιστάμενοι
1339 3488 1507 3556 τούτῳ
1565 3490 1655 3538 καὶ
1705 3484 1963 3558 πολυτρο-

356 3595 468 3638 πως
528 3574 864 3641 ἀντεπιόντες,
929 3581 1018 3628 xui
1086 3575 1477 3648 πολύμηχάνως
1534 3573 1961 3647 ἀντεγειρομενοι,

357 3665 443 3726 οὓς
466 3669 556 3717 xui
604 3665 709 3737 οὐχ
758 3666 913 3724 ἧττον
971 3665 1221 3737 εὐτέχνως
1279 3666 1307 3722 ἡ
1362 3669 1605 3735 γενναίως
1675 3684 1966 3736 κατηγωνι-

361 3773 510 3810 σατο.

428 3881 525 3934 νθῖ
557 3880 698 3933 Ἐπεὶ
739 3876 788 3933 δ’
822 3875 909 3932 οὖν
963 3879 1098 3931 οὕτω
1156 3886 1322 3931 ταῦτα
1382 3876 1618 3947 διήνυτο,
1678 3878 1965 3955 ἀγέραστον

360 3966 411 4022 δ’
442 3968 677 4022 ἐπιπλέον
733 3968 1029 4022 καταλιπεῖν
1087 3968 1180 4020 οὐκ
1224 3965 1283 4027 ἧν
1335 3970 1483 4041 τάχα
1528 3972 1659 4042 πρὸς
1709 3977 1800 4021 τοῦ
1856 3988 1968 4023 στε-

357 4056 580 4133 φοὸότου
610 4066 765 4125 Θεοῦ,
807 4060 860 4110 ὄν
915 4063 1000 4110 καὶ
1049 4057 1370 4129 ἀγωνοθέτην
1423 4058 1821 4130 προύστήσατο,
1876 4064 1966 4111 καὶ

356 4152 487 4224 πρὸς
516 4148 569 4200 ὃν
598 4146 830 4222 ἀρχῆθεν
859 4146 1079 4221 ἀφορῶν,
1144 4147 1328 4199 ἑαυτοῦ
1366 4167 1419 4201 τε
1472 4150 1733 4220 ὁσημέραι
1781 4147 1966 4201 πλείων

358 4237 573 4310 ἐγένετο,
633 4245 737 4298 τοῖς
817 4237 995 4299 ἄθλοις
1062 4236 1405 4311 ἀκμαιότερον
1469 4236 1767 4304 ἐπετείνετο,
1827 4239 1967 4300 τέλος

358 4323 419 4379 δὲ
447 4332 536 4379 καὶ
566 4328 629 4379 ru
658 4326 861 4399 μεγάλα
892 4322 1208 4393 διεπράξατο
1260 4330 1345 4378 καὶ
1401 4330 1731 4401 κατώρθωσε.
1788 4332 1851 4380 Τί
1908 4332 1966 4380 τὸ

357 4415 582 4470 ἐντεῦθεν
626 4422 715 4469 xui
758 4422 999 4489 γίνεται;
1033 4424 1145 4469 Τῶν
1193 4425 1406 4491 μακρῶν
1474 4415 1743 4469 ἀναλαϐεῖν
1812 4416 1967 4471 ἐθέλει

356 4511 523 4559 πόνων
558 4510 700 4573 Θεὸς,
744 4511 830 4559 καὶ
876 4514 985 4569 τοῖς
1025 4512 1142 4583 περὶ
1183 4507 1341 4560 αὐτὸν
1394 4506 1585 4578 λογάσι
1646 4507 1967 4579 συγκαταλέ-

2072 3317 2371 3390 ejusmodi
2400 3316 2829 3373 certaminibus
2861 3316 3199 3389 plusquam
3221 3316 3337 3371 dici
3364 3316 3551 3388 possit
3570 3314 3729 3371 oble-

2073 3409 2215 3465 ctari
2244 3407 2395 3464 soliti
2421 3426 2433 3463 :
2458 3406 2679 3462 diaboli
2702 3410 2902 3463 autem
2921 3404 3624 3477 circumcursabant,ipsi
3646 3419 3729 3460 re-

2075 3499 2346 3555 sistentes
2388 3512 2456 3553 ac
2492 3494 2893 3568 multipliciter
2952 3501 3380 3568 repugnantes,
3433 3494 3611 3549 variis
3660 3510 3732 3550 ex

2075 3588 2329 3644 adverso
2375 3585 2668 3642 machinis
2699 3585 3007 3653 adhibitis,
3058 3602 3213 3657 quos
3250 3584 3345 3640 ille
3384 3583 3572 3640 nihilo
3627 3583 3731 3639 mi-

2075 3694 2191 3735 nus
2222 3677 2510 3733 industrie
2537 3690 2943 3748 generoseque
2965 3675 3296 3747 pugnando
3338 3674 3658 3746 superavit.

2150 3880 2235 3933 59.
2266 3874 2509 3930 Talibus
2548 3872 2948 3946 perfunctum,
2980 3887 3105 3927 non
3136 3877 3261 3929 erat
3299 3886 3429 3944 par,
3476 3870 3734 3944 relinqui

2076 3966 2575 4022 irremuneratum
2599 3978 2632 4017 a
2656 3963 2793 4029 Deo,
2826 3978 3006 4035 quem
3036 3962 3147 4017 sibi
3169 3966 3565 4034 proposuerat
3590 3975 3734 4030 ago-

2076 4055 2407 4119 nothetam,
2438 4057 2496 4108 et
2532 4053 2592 4108 in
2626 4068 2807 4124 quem
2836 4052 2961 4123 jam
2994 4052 3133 4107 inde
3163 4068 3198 4108 a
3223 4052 3512 4123 principio
3543 4051 3733 4106 inten-

2079 4150 2193 4209 tus,
2238 4144 2432 4215 seipso
2462 4141 2727 4215 quotidie
2785 4141 2967 4197 ﬁebat
2998 4144 3212 4211 major,
3272 4144 3329 4196 et
3375 4140 3448 4195 ad
3494 4155 3734 4212 pugnas

2077 4234 2284 4290 fortior
2299 4231 2685 4305 procedebat.
2701 4231 2970 4286 maxima
2985 4230 3243 4303 denique
3257 4245 3441 4303 opera
3455 4230 3532 4285 ad
3548 4229 3735 4285 ﬁnem

2076 4322 2431 4396 perducens.
2468 4319 2621 4387 Quid
2666 4319 2844 4389 igitur
2875 4322 2903 4374 ?
2931 4318 3195 4375 Prolixos
3223 4322 3353 4390 ejus
3380 4318 3619 4375 labores
3641 4335 3734 4373 su-

2077 4412 2302 4484 scipere
2344 4410 2535 4466 voluit
2586 4414 2758 4478 Deus,
2809 4425 3071 4481 eumque
3123 4408 3344 4465 sanctis
3390 4408 3513 4465 suis
3570 4424 3735 4465 asso-

2076 4503 2253 4563 ciare,
2271 4500 2744 4557 acertaminibus
2758 4500 3058 4571 generosis
3072 4499 3355 4570 deinceps
3367 4498 3731 4571 quieturum,

359 4599 463 4663 ξαι,
519 4603 608 4650 xui
641 4606 741 4649 τῶν
788 4605 1049 4670 καρτερῶν
1111 4596 1320 4669 ἀγώνων
1370 4594 1757 4663 διαναπαῦσαι,
1813 4606 1966 4651 τοῦτο
1998 4616 2041 4669 D
2077 4595 2123 4649 si

1964 4626 1966 4641 ι
1998 4616 2041 4669 ι)
2077 4595 2227 4649 sicut
2248 4598 2304 4648 et
2328 4592 2479 4647 fecit.
2512 4591 2768 4663 Imperat
2790 4606 2932 4661 ergo
2963 4588 3396 4662 spectatoribus
3426 4604 3495 4645 ac
3528 4588 3735 4644 lauda-

362 4684 422 4740 δε
445 4692 535 4739 xui
563 4694 717 4741 ποιεῖ.
750 4692 933 4739 Τοίνυν
987 4692 1073 4739 καὶ
1133 4685 1395 4759 ἐπιτρέπει
1448 4694 1559 4749 τοῖς
1617 4695 1715 4738 τῶν
1756 4686 1965 4759 ἀγώνων

360 4779 566 4836 θεαταῖς
617 4774 857 4848 ἀγγέλοις
893 4776 921 4834 ἦ
980 4774 1250 4845 ἀγασταίς,
1303 4780 1391 4827 καὶ
1445 4778 1495 4828 οῖ
1551 4775 1793 4849 λαμπρὰν
1839 4774 1969 4849 λαμ-

358 4874 503 4941 πρῶς
531 4870 625 4924 τὴν
652 4869 915 4939 μακαρίαν
964 4863 1286 4937 ἀνειληφότες
1316 4862 1473 4917 τοῦδε
1529 4864 1737 4935 ψυχὴν,
1779 4864 1827 4928 ἐς
1884 4866 1962 4918 0'3-

357 4959 540 5028 ρανοὺς
571 4954 906 5029 ἀναφέρουσι,
934 4960 1023 5007 xui
1086 4962 1202 5016 ταῖς
1257 4962 1357 5007 τῶν
1422 4955 1581 5027 ἁγίων
1637 4954 1845 5026 ψυχαῖς
1886 4974 1966 5007 σε·

358 5052 499 5106 πτῶς
548 5045 681 5116 ἄγαν
740 5047 1283 5115 συγκατατάττουσιν.
1347 5042 1481 5097 Ἀλλ’
1510 5047 1635 5104 ἴσως
1687 5044 1745 5096 οὐ
1802 5045 1967 5118 μικρά

357 5153 440 5197 τις
492 5133 552 5185 ἆν
610 5132 1006 5208 ἀμφισϐήτησις
1088 5142 1199 5195 τοῖς
1253 5141 1352 5186 τῶν
1404 5132 1564 5205 ἁγίων
1596 5135 1701 5186 ἐκεῖ
1759 5153 1967 5187 συνεπε-

356 5230 552 5276 πτώκει
579 5230 786 5299 χοροῖς,
825 5225 925 5281 ὅπη
968 5225 1075 5276 τεό
1129 5225 1263 5285 θεῖος
1294 5221 1422 5297 ἀνὴρ
1474 5224 1623 5285 οὗτος
1676 5222 1963 5292 τετάξεται,

356 5316 489 5374 ἴσως
517 5309 568 5365 δ’
616 5312 676 5364 ἂν
707 5318 796 5365 καὶ
827 5318 978 5365 ποίου
1010 5318 1273 5388 προσταίη
1307 5320 1475 5384 χοροῦ
1502 5321 1601 5365 τῶν
1632 5318 1749 5385 περὶ
1802 5316 1957 5368 Θεὸν,

354 5402 415 5454 Ἠ
455 5405 545 5475 μεν
593 5405 694 5475 γὰρ
752 5405 864 5477 ἱερά
901 5410 1001 5455 τῶν
1055 5405 1332 5477 μαρτύρων
1390 5401 1602 5464 πληθὺς
1634 5402 1705 5464 εἰς
1754 5401 1969 5464 ἑαυτοὺς

360 5490 421 5543 ἂν
498 5491 888 5564 μετεκαλοῦντο,
958 5489 1139 5551 ἐπειδὴ
1201 5497 1291 5545 καὶ
1339 5492 1589 5567 λαμπρῶς
1632 5494 1764 5564 οῖγαν
1818 5492 1965 5553 οὗτος

360 5580 726 5655 ἀνωμολογηκε
762 5588 854 5642 τὴν
891 5581 1155 5654 ἀλήθειαν,
1184 5588 1274 5636 καὶ
1302 5591 1494 5657 μικροῦ
1522 5580 1629 5637 δεῖν
1651 5586 1717 5636 τὰ
1760 5586 1969 5655 ἔσχατα

358 5673 601 5741 πέπονθε,
649 5672 744 5725 κᾶν
802 5673 872 5736 εὶς
902 5679 1237 5749 μετριώτερον
1294 5676 1344 5726 οἱ
1401 5674 1556 5746 θυμοὶ
1610 5682 1680 5743 τῷ
1739 5676 1968 5747 τυράννῳ

360 5763 674 5836 λωφήσειαν,
731 5767 821 5817 καὶ
876 5762 1174 5841 ἀφαιρεθείη
1216 5768 1379 5839 μόνης
1414 5773 1507 5827 τῆς
1570 5761 1767 5831 δεξιᾶς,
1825 5767 1972 5837 τάχα

2076 4682 2307 4740 toribus
2360 4680 2696 4737 facinorum
2736 4682 2865 4752 ejus
2896 4680 3143 4750 angelis,
3178 4684 3242 4735 ut
3288 4679 3530 4735 beatam
3572 4677 3734 4734 illius

2076 4774 2347 4830 animam
2381 4786 2450 4827 ac
2479 4771 2790 4826 virtutibus
2813 4769 3191 4843 splendidam
3225 4768 3539 4841 splendide
3582 4769 3733 4825 acci-

2077 4865 2243 4937 piant
2272 4860 2659 4933 deferantque
2686 4860 2745 4916 in
2773 4860 3010 4917 caelum.
3044 4860 3143 4915 Hic
3174 4875 3316 4916 vero
3344 4874 3466 4915 non
3497 4859 3733 4916 medio-

2076 4954 2191 5009 cris
2221 4952 2467 5007 forsitan
2500 4951 2717 5007 exstitit
2763 4950 3124 5007 concertatio
3156 4950 3307 5006 inter
3351 4950 3567 5006 choros
3600 4965 3735 5006 san-

2076 5048 2329 5107 ctorum,
2352 5040 2599 5097 ubinam
2632 5040 2872 5096 divinus
2900 5040 2987 5096 vir
3023 5040 3129 5097 iste
3180 5040 3496 5106 locaretur,
3529 5040 3586 5095 et
3614 5039 3736 5096 cui-

2074 5149 2217 5190 nam
2240 5148 2468 5202 eorum,
2489 5132 2593 5204 qui
2615 5132 2731 5188 Deo
2758 5131 3060 5195 assistunt,
3092 5129 3288 5187 ordini
3309 5129 3734 5202 praeficeretur,

2076 5223 2303 5279 Etenim
2337 5221 2656 5277 multitudo
2697 5225 3033 5293 martyrum
3086 5221 3287 5293 ipsum
3316 5220 3609 5277 invitabat
3654 5220 3735 5278 ad

2076 5329 2160 5382 se,
2190 5312 2334 5385 quia
2364 5311 2649 5383 praeclare
2705 5311 2895 5368 fuerat
2948 5312 3256 5367 veritatem
3306 5310 3620 5367 confessus
3678 5316 3735 5369 et

2076 5408 2308 5460 tantum
2326 5418 2448 5458 non
2474 5408 2738 5458 extrema
2756 5418 3074 5475 perpessus
3099 5420 3111 5469 ;
3133 5401 3439 5474 quamvis,
3467 5400 3735 5457 emollita

2079 5492 2157 5550 ad
2216 5492 2679 5549 mediocritatem
2709 5492 2946 5565 tyranni
3001 5491 3334 5557 iracundia,
3377 5491 3505 5547 sola
3558 5490 3736 5547 fuerit

2077 5583 2322 5639 dextera
2356 5583 2621 5656 privatus
2655 5601 2667 5639 :
2701 5583 2804 5656 qui
2835 5582 3247 5639 verosimiliter
3292 5581 3514 5638 idcirco
3569 5580 3737 5639 diffe-

2077 5672 2338 5736 rebatur.
2386 5688 2648 5746 superna
2676 5672 2946 5746 quadam
3000 5672 3399 5746 providentia,
3466 5686 3541 5727 ne
3599 5674 3737 5727 ante

2079 5769 2316 5838 tempus
2346 5763 2461 5821 cito
2492 5763 2823 5822 auferretur
2853 5764 2937 5821 vir
2986 5768 3109 5821 tam
3166 5762 3439 5836 insignis,
3486 5766 3545 5820 et
3594 5766 3740 5819 tetas
