4484 6446
789 377 897 435 883
1991 379 2448 439 CONSTANTINI
2486 383 2560 440 Α(

2387 385 2448 439 Νι
2486 383 2965 446 ACBOPOLITE.
4056 397 4158 452 884

789 508 1002 561 nostra
1026 504 1362 575 privaretur
1419 502 1824 573 sermonibus,
1875 520 2029 576 quos
2077 522 2448 579 componens
2484 519 2560 564 Λ

2383 523 2448 564 ns
2484 519 2527 564 Λ
2559 529 2618 579 γε
2675 514 2865 564 ἀνωθεν
2929 512 3311 585 ἐπισχεθέντος,
3368 519 3435 577 ὡς
3511 521 3583 589 μὴ
3648 517 3708 569 ἂν
3771 516 3823 581 ἐξ
3876 517 4154 593 ἀνθρώπων

790 592 1113 648 Ecclesiam
1139 593 1347 649 Christi
1371 592 1529 648 velut
1558 592 1634 647 de
1663 608 1824 647 novo
1849 592 2124 650 fundaret
2167 601 2224 651 et
2266 596 2449 651 mira-

2381 611 2449 651 a-
2561 604 2659 671 πρό
2687 602 2824 672 ὧρας
2852 601 3005 653 καλόν
3045 608 3263 674 γένοιτο,
3294 610 3383 657 καὶ
3449 608 3722 678 στερηθείη
3755 607 3916 678 λόγων
3950 592 3979 659 ό
4014 607 4152 679 βίος,

788 681 985 736 biliter
1037 682 1393 737 adornaret:
1443 687 1653 737 utnon
1694 681 1911 747 dicam,
1960 687 2251 755 tanquam
2299 685 2450 741 exile

2382 685 2450 741 ile
2561 686 2648 748 ούς
2688 688 2840 760 ἤμελε
2871 692 3073 754 συνθεὶς
3104 692 3174 753 εἰς
3238 698 3398 746 νέωτα
3451 695 3695 767 στηριξαι
3744 715 3797 748 τε
3848 696 4011 757 καλῶς
4062 703 4153 754 τὴν

790 771 990 827 nimis.
1016 771 1183 843 quod
1214 788 1360 843 opes
1390 776 1447 826 et
1476 771 1709 840 generis
1758 772 2086 828 claritatem
2135 774 2446 842 abdicarit,

2385 775 2446 842 it,
2561 776 2873 835 Ἐκκλησίαν
2936 787 3169 853 Χριστού
3241 787 3331 834 καὶ
3392 792 3798 855 κατακοσμῆσαι
3856 788 4156 857 θαυμασιώ-

790 859 959 931 quod
974 862 1103 930 jam
1136 860 1274 915 inde
1297 877 1332 916 a
1364 875 1551 931 puero
1584 875 1853 914 amorem
1883 860 2085 916 saeculi
2112 878 2148 917 a
2175 878 2237 917 se
2257 879 2449 919 remo-
2559 890 2561 895 ·

2381 879 2449 919 ιο·
2559 885 2709 919 τατα.
2740 871 2939 940 Μικρὸν
2964 871 3061 944 γὰρ
3091 874 3222 943 πρός
3254 868 3381 923 τάδε
3407 871 3631 925 πλούτου
3686 893 3739 926 τε
3799 878 4152 947 μνημονεύειν,

791 950 959 1016 verit,
983 948 1148 1021 quod
1183 948 1362 1004 simul
1383 949 1589 1004 omnia
1623 949 1963 1005 transitoria
1987 950 2155 1005 nihili
2188 953 2448 1009 aestima-
2557 974 2562 1004 :

2387 969 2448 1009 a-
2557 960 2646 1006 καὶ
2698 962 3026 1027 περιφανείας
3075 958 3233 1030 λέγειν
3297 959 3589 1034 ἀφαίρεσιν,
3641 964 3720 1014 ὅτι
3756 968 3846 1014 καὶ
3905 962 4154 1036 ἀποστορ-

790 1038 881 1092 rit.
909 1038 1020 1102 Qui
1049 1053 1188 1092 vero
1219 1037 1387 1092 aliter
1406 1054 1592 1109 quam
1628 1036 1762 1092 fll>0
1812 1040 2103 1109 sanguine
2148 1040 2438 1096 stabilive-
2556 1064 2561 1077 ·

2385 1057 2438 1096 ’θ-
2556 1063 2660 1113 γως
2689 1048 2817 1118 πρὸς
2856 1049 2921 1097 τὰ
2981 1043 3110 1117 τῇδε
3174 1046 3229 1099 ἔκ
3261 1046 3447 1110 παιδός
3475 1050 3620 1111 εὐθὺς
3650 1048 3782 1122 εἶχε,
3815 1057 3904 1103 καὶ
3961 1052 4156 1115 ἁπαξά-

788 1131 929 1182 runt
960 1125 1303 1196 Ecclesiam,
1339 1126 1415 1181 ad
1444 1142 1504 1181 se
1527 1126 1692 1181 illum
1719 1126 2129 1192 traducebant,
2148 1128 2222 1183 de
2256 1144 2448 1201 eoque
2555 1155 2559 1165 ι

2387 1144 2448 1183 Je
2555 1152 2726 1184 παντα
2754 1142 2845 1185 τού
2884 1131 3104 1205 μηδενός
3144 1136 3313 1198 ἠξίου.
3343 1141 3409 1189 Οἳ
3460 1158 3513 1190 τε
3553 1136 3620 1197 δὴ
3677 1140 3841 1201 ἄλλως
3900 1146 3994 1199 τὴν
4050 1141 4158 1194 Ἐκ-

783 1216 921 1285 jure
960 1215 1343 1270 meritissimo
1374 1214 1803 1283 gloriabantur,
1853 1220 1914 1270 ut
1970 1217 2073 1287 qui
2121 1216 2281 1273 circa
2322 1216 2451 1272 reli-

2388 1216 2451 1272 li-
2556 1219 2777 1277 κλησίαν
2837 1223 3164 1295 στηρίξαντες
3214 1228 3341 1298 πρὸς
3397 1226 3605 1287 ἑαυτούς
3659 1227 3717 1278 ἄν
3757 1230 4034 1300 μεθίστων,
4069 1234 4158 1280 καὶ

790 1304 1031 1373 gionem
1055 1303 1311 1375 plurima
1334 1304 1654 1374 scripserat
1672 1304 2101 1376 docueratque.
2142 1304 2225 1360 llli
2246 1321 2446 1376 porro,
2555 1329 2561 1339 -

2388 1322 2446 1375 0,
2555 1312 2620 1359 τὰ
2676 1309 2850 1361 εἰκότα
2907 1310 3302 1383 ἐπεσεμνύνοντο
3365 1317 3499 1366 πάνυ
3548 1335 3606 1385 γε
3668 1319 3735 1377 ὡς
3771 1316 3988 1368 πλεῖστα
4039 1323 4157 1391 περὶ

789 1393 893 1465 qui
920 1392 1147 1448 ﬂuxam
1172 1393 1329 1448 hanc
1361 1400 1629 1449 nostram
1654 1392 2034 1465 solutamque
2074 1394 2314 1450 vivendi
2356 1411 2448 1450 ra-
2559 1436 2560 1443 η

2389 1411 2448 1450 a-
2559 1397 2821 1459 εὐσεϐείας
2848 1405 2937 1451 καὶ
2992 1401 3426 1474 συγγραψάμενον
3477 1409 3564 1455 καὶ
3619 1401 3933 1467 διδάξαντα.
3988 1410 4051 1458 Τί
4099 1403 4159 1458 δε

789 1482 1014 1537 tionem
1028 1481 1404 1548 dimiserunt,
1432 1480 1758 1537 solitariam
1790 1482 2301 1555 austerioremque
2324 1499 2448 1538 am-
2558 1507 2560 1535 τ

2385 1500 2448 1538 n-
2558 1492 2646 1538 καὶ
2677 1489 2839 1538 οἰτόν
2869 1490 3027 1561 ύγρόν
3052 1494 3141 1541 καὶ
3197 1490 3461 1562 λελυμένον
3516 1497 3601 1544 τόν
3651 1495 3896 1567 ἡμέτερον
3953 1499 4156 1546 τουτονὶ

790 1570 971 1643 plexi,
993 1569 1291 1641 numquid
1322 1570 1373 1640 ej
1386 1587 1451 1624 us
1482 1570 1761 1626 societate
1786 1570 1987 1625 ornari
2018 1571 2195 1627 etiam
2217 1572 2331 1643 ipsi
2350 1573 2448 1628 de-

2386 1588 2448 1628 ,e-
2561 1574 2674 1647 βίον
2732 1575 3159 1649 ὰποστερξαντες,
3238 1584 3325 1631 τόν
3387 1577 3438 1632 δ’
3484 1580 3729 1653 ἐρημικόν
3786 1582 4010 1654 ελόμενοι
4067 1588 4157 1635 καὶ

791 1659 1157 1724 siderabant,
1198 1660 1378 1731 idque
1427 1659 1659 1730 optima
1700 1676 1770 1714 ex
1828 1660 2064 1715 causa?
2106 1661 2246 1739 Quis
2288 1661 2448 1716 enim
2559 1687 2562 1693 -

2386 1678 2448 1716 m
2559 1668 2919 1737 τραχύτερον;
2960 1668 3055 1718 οὐκ
3104 1667 3164 1719 ἂν
3196 1665 3263 1726 δὴ
3333 1668 3818 1739 ἐγκαλλωπισθῆναι
3872 1676 3961 1723 καὶ
4012 1672 4156 1723 οὗτοι

789 1748 989 1817 magis
1044 1747 1142 1803 illo
1205 1747 1496 1802 saeculum
1537 1753 1593 1802 et
1645 1748 1942 1819 quidquid
1991 1748 2052 1803 in
2099 1736 2320 1804 saicula
2358 1755 2451 1804 est

2385 1755 2451 1804 ξεί
2563 1756 2910 1824 συνταχθέντι
2943 1761 3121 1826 σφίσιν
3178 1758 3528 1825 ὴσπάσαντος
3565 1764 3665 1811 Καὶ
3721 1759 3861 1821 μάλα
3912 1759 3972 1810 ἂν
4025 1760 4156 1812 εἰκό-

792 1842 1107 1894 aversatus
1134 1841 1238 1907 est,
1269 1841 1325 1893 et
1349 1836 1521 1908 plura
1550 1853 1619 1892 ac
1645 1838 1879 1906 majora
1917 1837 2208 1908 despexit,
2257 1838 2447 1894 nihili-
2480 1866 2520 1919 Β
2559 1863 2563 1872 ·

2388 1839 2447 1893 li-
2480 1866 2520 1919 Β
2559 1860 2687 1902 τως·
2722 1847 2801 1904 τίς
2829 1848 2917 1894 καὶ
2946 1847 3047 1917 γαρ
3087 1843 3242 1897 τουδε
3271 1845 3460 1917 μᾶλλον
3507 1850 3593 1898 τὸν
3648 1846 3766 1919 βίον
3824 1854 3913 1900 καὶ
3968 1852 4033 1899 τὰ
4067 1856 4159 1900 τοῦ

787 1942 906 1999 que
946 1927 1195 1981 omnino
1232 1925 1571 1994 aestimavit,
1619 1925 1916 1997 quidquid
1952 1925 2218 1998 plerique
2259 1927 2450 1983 homi-

2385 1927 2450 1982 li-
2562 1929 2683 2001 βίου
2715 1929 3095 2006 ἀπέστραπται,
3136 1939 3225 1985 καὶ
3282 1934 3438 1986 πλείω
3476 1940 3567 1987 καὶ
3616 1937 3779 2007 μείζω
3826 1943 4156 2011 περιεώρακε,

789 2032 938 2071 num
976 2016 1225 2071 maximi
1272 2014 1517 2083 faciunt,
1573 2019 1751 2087 atque
1801 2015 1860 2069 in
1912 2015 2041 2071 sola
2079 2032 2252 2072 cruce
2287 2017 2447 2086 vixit,
2559 2042 2560 2046 η

2390 2017 2447 2086 it,
2559 2025 2649 2076 καὶ
2702 2020 2874 2083 ἁπλῶς
2940 2030 3029 2074 τοῦ
3087 2020 3313 2095 μηδενός
3371 2021 3697 2098 διακέκρικεν
3755 2026 3880 2089 άξια
3935 2029 4003 2080 τὰ
4056 2034 4161 2087 τοῖς

786 2105 989 2162 nudus
1020 2105 1267 2163 omnino
1294 2104 1560 2160 Chistum
1584 2110 1840 2161 secutus.

2560 2112 2766 2174 πολλοῖς
2834 2119 3101 2185 τιμώμενα
3156 2120 3246 2164 τοῦ
3311 2116 3519 2179 παντὸς,
3577 2118 3666 2165 καὶ
3722 2118 3861 2186 μόνῳ
3911 2115 4163 2177 συνίζηκε

2558 2211 2630 2274 τῷ
2665 2210 2895 2277 σταυρῷ,
2957 2204 3152 2276 γυμνός
3232 2201 3469 2258 ἁπάντων
3549 2204 4019 2270 κατηκολονθηκὼς
4090 2213 4164 2277 τῷ

2558 2300 2774 2366 Χριστῷ
2808 2310 2821 2360 ;

860 2399 949 2452 60.
976 2394 1258 2450 Existimo
1294 2397 1495 2449 autem
1526 2393 1689 2467 quod
1724 2395 1899 2451 etiam
1934 2395 2001 2460 is,
2055 2396 2159 2468 qui
2206 2397 2448 2453 tonitrui
2630 2418 2631 2425 η

2393 2398 2448 2453 ui
2630 2382 2694 2444 ξ’.
2725 2380 2889 2455 Οἶμαι
2920 2379 2971 2435 δ’
3010 2386 3079 2446 ὡς
3107 2389 3196 2437 καὶ
3246 2385 3395 2447 αὐτὸς
3424 2388 3450 2438 ό
3509 2385 3731 2459 βροντῆς
3777 2389 3890 2449 υἱὸς
3946 2405 4164 2459 μετονο-

784 2483 944 2539 ﬁlius
970 2484 1435 2551 cognominatus
1456 2488 1566 2550 est,
1617 2490 1860 2555 propter
1917 2501 2089 2540 suam
2145 2486 2446 2555 grandilo-

2392 2502 2446 2542 3-
2557 2474 2768 2543 μασθεὶς
2812 2469 2905 2524 διὰ
2933 2478 3028 2530 τὴν
3058 2473 3356 2548 ηψηγορίαν
3404 2478 3607 2538 πάντως
3658 2482 3749 2529 καὶ
3801 2480 3894 2534 τὴν
3942 2480 4163 2548 φρικτὴν

785 2573 1096 2645 quentiam
1136 2578 1193 2628 et
1231 2573 1559 2627 verendam
1600 2573 1848 2628 omnino
1887 2574 2270 2643 theologiam,
2322 2591 2446 2631 non

2391 2591 2446 2631 ,η
2558 2560 2818 2632 θεολογίαν
2846 2562 2950 2634 οὐχ
2989 2564 3121 2622 ὅπως
3152 2563 3212 2614 ἂν
3238 2564 3398 2635 ἑαυτῷ
3451 2570 3541 2617 καὶ
3573 2573 3677 2625 τοίς
3731 2565 3847 2617 κατ’
3898 2565 4053 2617 αύτόν
4106 2583 4162 2617 τε

786 2663 981 2717 solum
1003 2662 1297 2732 judicavit
1324 2662 1521 2733 ipsum
1556 2678 1760 2717 secum
1804 2663 2101 2734 sociisque
2140 2664 2264 2719 suis
2304 2680 2449 2736 apo-

2388 2680 2449 2720 ο,
2558 2655 2645 2702 καὶ
2678 2654 2772 2702 σύν
2796 2651 2937 2721 αύτῷ
2970 2652 3421 2724 συγκαταλεγῆναι
3472 2662 3673 2726 χρῆναι
3727 2662 3908 2706 τοῦτον
3960 2653 4159 2729 ἐπέκρι-

787 2752 957 2807 stolis
988 2750 1268 2806 collocari
1290 2750 1547 2806 debere:
1582 2751 1686 2805 sed
1713 2751 1775 2805 id
1800 2752 1981 2807 etiam
2001 2752 2200 2823 reipsa
2243 2752 2448 2809 eﬂ'ecc-
2556 2762 2558 2768 ‘

2395 2771 2448 2808 ρ-
2556 2759 2633 2792 νεν
2670 2762 2681 2773 ·
2710 2739 2837 2792 ἀλλὰ
2883 2746 2972 2793 καὶ
3026 2738 3098 2793 δι’
3152 2744 3305 2815 ἔργου
3354 2741 3414 2794 ἂν
3471 2742 3787 2812 ἐπεποιήκει,
3838 2750 3926 2796 καὶ
3977 2744 4160 2816 λόγους

784 2841 875 2906 rit,
906 2842 1168 2895 rationes
1211 2840 1290 2894 ad
1325 2840 1385 2894 id
1430 2856 1724 2911 perquam
1769 2840 1968 2910 justas
2012 2841 2342 2907 adducens,
2393 2847 2450 2898 et

2393 2847 2450 2898 et
2558 2829 2798 2901 εὐλόγους
2852 2829 3172 2901 ἐπενηνόχει,
3254 2836 3343 2884 καὶ
3391 2841 3583 2906 μικροῦ
3631 2832 4021 2907 ἐπεμαρτύρατο
4065 2840 4157 2892 τὴν

784 2929 1235 3001 propemodum
1273 2928 1570 3001 aequalem
1592 2928 1705 2984 sibi
1725 2931 2020 2985 Joannem
2060 2936 2445 2988 contestatus.

2388 2948 2445 2988 is.
2562 2919 2796 2975 ἰσότητα.
2825 2919 2891 2972 Ἦ
2934 2924 3036 2992 γὰρ
3090 2920 3147 2971 οὐ
3208 2917 3422 2982 δεόντως
3462 2921 3647 2996 ἀκριϐῆ
3712 2927 3802 2975 καὶ
3856 2930 4038 2975 τοῦτον
4091 2926 4159 2984 ὡς

786 3018 1067 3091 Nunquid
1089 3018 1250 3074 enim
1282 3017 1792 3073 studiosissimum
1817 3018 1977 3074 hunc
2032 3019 2227 3075 virum
2277 3021 2448 3091 juxta

2389 3026 2448 3077 ta
2558 3008 2737 3061 ἑαυτὸν
2774 3008 3008 3081 θεολόγον
3060 3014 3435 3083 παρέστησενς
3491 3031 3549 3063 ου
3602 3014 3898 3085 παρθένονς
3951 3013 4009 3064 ού
4057 3022 4158 3064 τῶν

789 3124 997 3164 secum
1016 3124 1148 3163 esse
1172 3107 1519 3176 theologum
1543 3107 2020 3165 demonstravit?
2041 3110 2318 3183 nunquid
2333 3111 2446 3165 vir-
2557 3123 2560 3130 '

2395 3127 2446 3165 ιι-
2557 3102 2656 3171 πρό
2736 3099 2931 3151 αἰώνων
3011 3106 3317 3173 μυστηρίων
3396 3100 3699 3177 ἐκφάντορα,
3784 3107 3875 3155 καὶ
3925 3112 4027 3155 τῶν
4099 3102 4161 3156 ἆπ

789 3198 988 3268 ginem
1004 3199 1031 3251 ?
1052 3197 1326 3269 nunquid
1354 3198 1780 3270 mysteriorum
1804 3214 1839 3253 a
1860 3203 2080 3255 saeculo
2102 3200 2445 3256 abditorum
2479 3226 2517 3280 ρ
2557 3214 2560 3236 λ

2392 3217 2445 3256 m
2479 3226 2517 3280 Ο
2557 3187 2914 3280 ἐσχάτων-καὶ
2961 3185 3035 3240 δι’
3083 3192 3216 3280 ἡμᾶς
3262 3187 3578 3265 διαπρύσιον
3627 3196 3696 3254 ὡς
3747 3191 3951 3254 ἀληθῶς
3999 3199 4163 3266 κήρυ-

785 3303 1151 3360 ρτεθοοηθω,
1186 3293 1473 3342 eteorum
1503 3303 1638 3359 qua:
1704 3288 2025 3359 postremis
2071 3290 2446 3361 temporibus
2485 3274 2517 3280 ⁷

2392 3307 2446 3345 ιε
2485 3274 2517 3280 ’
2558 3294 2661 3343 κα;
2689 3278 2749 3330 Εἰ
2782 3274 2840 3330 δε
2869 3283 3057 3350 καὶμὴ
3109 3278 3193 3331 ἐπὶ
3240 3285 3296 3332 τό
3345 3289 3435 3333 τοῦ
3482 3287 3676 3356 Κυρίου
3730 3284 3925 3342 στῆθος
3977 3280 4163 3335 ἀναπε-

785 3377 943 3432 circa
965 3392 1078 3431 nos
1110 3380 1364 3445 agentur
1393 3375 1719 3431 ferventem
1748 3377 2201 3447 praedicatorem
2220 3381 2248 3435 ‘I
2275 3378 2447 3444 Quod

2387 3378 2447 3434 )d
2562 3372 2663 3418 σών
2692 3370 2897 3438 ἔτυχεν,
2924 3366 3052 3420 ἀλλὰ
3081 3376 3188 3430 τοῖς
3218 3376 3309 3421 τοῦ
3348 3375 3540 3443 Κυρίου
3602 3370 3777 3441 λόγοις
3804 3370 4158 3440 ἀνεπαύσατο,

785 3467 834 3522 si
860 3483 982 3522 non
1014 3466 1286 3522 recubuit
1312 3481 1497 3537 supra
1528 3471 1733 3536 pectus
1760 3467 2014 3533 Domini,
2045 3468 2344 3539 acquievit
2362 3474 2447 3524 ta-

2391 3485 2447 3524 a-
2558 3455 2791 3509 κάκεῖθεν
2828 3453 2894 3515 δὴ
2925 3462 3015 3509 καὶ
3044 3457 3195 3518 οὗτός
3248 3461 3316 3519 ὡς
3364 3456 3417 3521 ἐξ
3474 3457 3728 3512 ἁκενὼτου
3781 3468 3953 3531 πηγῆς
4001 3457 4162 3530 δαψι-

783 3572 924 3613 men
955 3556 1155 3612 verbis
1190 3556 1443 3623 Domini,
1478 3561 1657 3627 atque
1683 3557 1898 3612 exinde
1951 3558 2132 3613 etiam
2164 3559 2291 3630 ipse
2322 3564 2448 3614 tan-

2391 3575 2448 3614 [ι-
2558 3546 2657 3608 λώς
2681 3548 2814 3618 οἰγαν
2865 3550 2956 3605 τὴν
2991 3566 3175 3619 σοφιαν
3232 3548 3467 3620 ἠρύσατο
3499 3562 3513 3577 ⁸
3548 3547 3591 3600 εἰ
3645 3553 3717 3621 μὴ
3763 3553 3858 3607 τὴν
3899 3552 4162 3621 πάναγνον

787 3662 974 3719 quam
1006 3661 1036 3700 e
1068 3644 1229 3700 fonte
1261 3645 1615 3700 inexhausto
1645 3646 1956 3716 copiosam
1988 3647 2189 3702 hausit
2214 3648 2446 3720 sapien-

2394 3664 2446 3703 [ι-
2560 3634 2888 3708 ὶνεχειρίσθη
2920 3641 3010 3688 καὶ
3050 3642 3357 3709 Θεομήτορα
3393 3636 3491 3708 (ἐπ’
3542 3638 3713 3700 ἄλλοις
3754 3642 3856 3712 γὰρ
3908 3635 4165 3691 διοικονο-

788 3736 952 3792 tiam.
992 3734 1047 3790 Si
1079 3733 1405 3807 purissima
1433 3733 1533 3788 Dei
1564 3736 1741 3789 Mater
1771 3735 1823 3789 ei
1852 3736 2277 3792 commendata
2325 3752 2448 3793 non

2393 3752 2448 3791 ,η
2560 3727 2792 3797 μηθῆναι
2842 3734 3008 3778 ταῦτα
3057 3734 3161 3787 τοῖς
3207 3731 3422 3799 χρόνοις
3462 3731 3589 3802 πρὸς
3652 3737 3747 3789 τῆς
3792 3728 4021 3801 μεγάλης
4072 3735 4164 3782 καὶ

789 3829 878 3881 est
898 3825 1049 3891 (haec
1064 3823 1221 3878 enim
1242 3827 1303 3877 ut
1328 3822 1458 3877 aliis
1479 3822 1854 3894 temporibus
1874 3830 2207 3893 agerentur,
2222 3841 2450 3895 magna
2559 3849 2560 3858 ι

2395 3842 2450 3882 Ia
2559 3815 2927 3873 ἀκαταλήπτου
2993 3820 3241 3889 Προνοίας
3295 3815 3596 3891 ἀφώριστο,
3645 3838 3735 3870 και
3792 3818 3851 3871 οὐ
3906 3838 3997 3871 του
4029 3822 4166 3871 κατὰ

790 3918 971 3984 atque
994 3910 1365 3967 inscrutabili
1388 3909 1489 3964 Dei
1514 3910 1891 3982 providentia
1913 3912 2300 3968 constitutum
2322 3914 2448 3981 fuit,
2559 3928 2561 3935 ‘

2394 3914 2448 3981 it,
2559 3907 2645 3955 τόν
2672 3908 2833 3976 μέγαν
2863 3912 3043 3956 τοῦτον
3076 3901 3210 3963 ἦσαν
3248 3907 3477 3977 καιρου),
3528 3905 3637 3958 ἀλλ’
3692 3903 3779 3958 οὖν
3832 3928 3922 3960 και
3980 3907 4165 3960 ἀνελά-

789 4018 899 4058 nec
930 4002 1059 4072 ejus
1107 4001 1347 4055 fuerunt
1406 4000 1628 4066 saeculi,
1688 4001 1861 4071 cujus
1912 4007 2113 4057 noster
2164 4009 2449 4069 sanctus),

2396 4011 2449 4069 ι),
2561 3992 2677 4046 ϐετο
2706 3996 2771 4046 τὰ
2800 3996 2924 4066 ὑπὲρ
2967 3994 3150 4062 αὐτῆς,
3200 4014 3288 4046 και
3340 3996 3512 4071 ὥσπερ
3562 3999 3756 4055 ταύτην
3820 3994 4167 4055 ἰδιοποιησά-

793 4089 1283 4147 commendatam
1318 4096 1519 4144 tamen
1548 4089 1659 4145 sibi
1686 4089 1900 4145 habuit
1925 4091 2055 4161 ejus
2083 4108 2355 4158 causam,
2396 4098 2454 4148 et
2562 4142 2564 4156 ,

2396 4098 2454 4148 et
2562 4103 2708 4157 μενος
2735 4088 3099 4156 κατεκόσμησε
3122 4101 3135 4112 ⁸
3169 4104 3258 4136 και
3284 4084 3389 4156 ούχ
3420 4087 3501 4137 ὅτι
3528 4104 3587 4157 γε
3632 4085 3823 4145 πολλὴν
3885 4086 3971 4139 ἐπί
3999 4090 4164 4161 ταύτῃ

790 4179 1115 4252 ipsammet
1145 4179 1202 4232 in
1231 4178 1353 4233 suis
1386 4193 1715 4233 numerans
1746 4180 2060 4237 exornavit
2093 4199 2105 4249 ;
2134 4196 2331 4253 neque
2363 4198 2455 4237 so-

2399 4198 2455 4237 ο.
2562 4178 2655 4232 τήν
2706 4170 2842 4225 αἰὸὼ
2894 4178 3249 4248 πνετέρησεν,
3298 4173 3426 4226 ἀλλὰ
3478 4195 3568 4226 και
3624 4182 3785 4228 πᾶσιν
3829 4176 3999 4237 ἄλλοις
4070 4176 4170 4229 ἐνέ-

790 4269 916 4325 lum
939 4269 1067 4341 ipse
1099 4267 1286 4323 multa
1311 4284 1446 4324 eam
1479 4273 1565 4323 est
1589 4270 1921 4325 reverentia
1951 4277 2323 4341 prosecutus,
2349 4272 2456 4329 sed

2399 4272 2456 4329 ,ά
2564 4261 2684 4315 ϐαλε
2718 4284 2729 4295 ·
2758 4261 2853 4314 κᾶν
2911 4261 2953 4314 εἰ
3004 4266 3076 4335 μὴ
3111 4267 3378 4336 παρέτυχε
3433 4272 3505 4335 τῷ
3551 4273 3783 4339 σταυρῷ,
3834 4264 3940 4317 ἀλλ’
3993 4266 4170 4325 ἠσπά-

791 4358 971 4414 etiam
1002 4356 1164 4411 hunc
1199 4355 1483 4411 affectum
1511 4356 1766 4427 ingessit
1793 4358 2095 4414 omnibus.
2134 4360 2190 4416 Si
2221 4360 2273 4417 ei
2330 4376 2455 4417 non

2397 4377 2455 4417 m
2566 4372 2693 4404 σατο
2723 4355 2809 4403 τόν
2843 4355 3089 4425 σταυρὸν,
3118 4356 3208 4404 καὶ
3238 4353 3362 4427 παρ’
3394 4354 3506 4405 ὅλον
3563 4358 3649 4405 τόν
3681 4353 3839 4406 αὑτοῦ
3867 4352 3984 4426 βίον
4013 4360 4168 4428 μόνον

793 4446 1039 4516 contigit
1066 4445 1178 4500 sub
1209 4462 1383 4501 cruce
1411 4447 1753 4506 consistere.
1814 4464 2057 4504 crucem
2106 4455 2305 4506 tamen
2355 4452 2456 4507 ad-

2399 4452 2456 4506 d-
2565 4441 2622 4493 ού
2664 4446 2956 4516 παρίστατο
3013 4437 3062 4493 δ’
3107 4440 3467 4502 ἁναπολήσεως
3519 4464 3531 4475 ·
3585 4448 3674 4494 καὶ
3720 4442 4170 4516 κατεψηφισμένον

792 4535 1016 4592 amavit
1048 4540 1104 4589 et
1143 4533 1351 4606 quoad
1400 4534 1541 4590 vixit
1579 4551 1703 4606 prae
1744 4535 1931 4591 oculis
1972 4537 2203 4604 habuit,
2251 4541 2454 4596 Jesum
2487 4580 2528 4634 Β

2403 4556 2454 4596 [η
2487 4580 2528 4634 D
2565 4530 2699 4604 ἐώρα
2728 4534 2814 4582 τὸν
2845 4531 3047 4589 Ἰησοῦν
3077 4536 3166 4583 καὶ
3194 4535 3389 4604 γυμνόν
3446 4531 3525 4584 ἐπὶ
3575 4535 3761 4585 τούτου
3805 4536 3891 4585 τὸν
3955 4541 4174 4609 Σωτῆρα

791 4626 1001 4683 mortis
1032 4625 1391 4680 damnatum
1436 4625 1695 4694 intuens,
1730 4631 1786 4681 et
1812 4626 2043 4683 nudum
2095 4628 2155 4684 in
2212 4645 2285 4685 ea
2313 4646 2454 4702 pen-
2487 4622 2525 4634 ν

2398 4647 2454 4686 [ι-
2487 4622 2525 4634 ’⁷
2562 4623 2898 4694 κρεμάμενον,
2954 4625 3043 4673 καὶ
3090 4624 3147 4672 τό
3196 4622 3357 4681 πάθος
3411 4626 3652 4687 συνενόει,
3710 4627 3799 4675 καὶ
3850 4627 3945 4682 τὴν
3991 4629 4169 4682 κοινὴν

792 4717 1034 4771 dentem
1053 4714 1422 4770 Salvatorem
1438 4730 1575 4769 cum
1600 4717 1893 4771 memoria
1908 4718 2208 4789 passionis
2223 4720 2275 4789 ej
2286 4735 2372 4790 us,
2398 4724 2455 4776 et

2398 4724 2455 4776 et
2566 4716 2824 4783 σωτηρίαν
2888 4710 3230 4781 ἀνελογίζετο,
3291 4712 3402 4763 ὅθεν
3456 4707 3523 4769 δὴ
3557 4716 3647 4763 καὶ
3706 4716 3789 4764 ἐπὶ
3834 4712 4025 4785 μᾶλλον
4073 4718 4169 4773 τὴν

793 4804 1136 4861 communis
1168 4803 1519 4881 salvationis
1551 4819 1655 4876 per
1685 4820 1824 4860 eum
1856 4811 2126 4877 patratas,
2164 4808 2324 4864 unde
2351 4825 2451 4864 ex-

2400 4826 2451 4864 [-
2564 4802 2736 4875 σάρκα
2766 4820 2819 4852 τε
2862 4807 3132 4852 ταπεινοῦν
3181 4804 3271 4851 καὶ
3322 4803 3379 4851 τὸ
3445 4808 3648 4874 πνεῦμα
3700 4801 3995 4855 συστέλλειν
4044 4804 4171 4877 ἐπῄ-

792 4894 1090 4952 cilabatur
1128 4893 1205 4949 ad
1240 4908 1460 4965 corpus
1486 4893 1680 4962 magis
1708 4893 2112 4963 subigendum
2139 4896 2453 4968 subjicien-
2561 4944 2563 4963 η

2398 4914 2453 4953 η-
2561 4910 2695 4964 ρετο.
2732 4889 2868 4948 Πλὴν
2896 4889 3003 4941 ἀλλ’
3037 4891 3126 4942 εἴθ’
3156 4890 3305 4951 οὗτος
3335 4896 3424 4941 καὶ
3453 4893 3501 4942 οὶ
3531 4895 3625 4942 σύν
3678 4895 3864 4963 τούτῳ,
3912 4895 4011 4945 εἶτε
4062 4898 4169 4965 μὴν

791 4984 1062 5055 dumque
1085 4981 1336 5053 spiritui.
1372 4982 1684 5049 Caeterum,
1710 4982 1793 5037 uti
1821 4982 1930 5038 soli
1978 4986 2097 5041 Deo
2146 4989 2454 5059 Deumque

2397 5003 2454 5043 λθ
2563 4980 2729 5046 ἄλλος,
2766 4978 3056 5054 εἶθ’ἓτερος
3111 4981 3248 5031 θείου
3284 4987 3465 5032 τοῦτον
3520 4984 3917 5055 προαγορεύσας
3972 4990 4168 5057 χοροῦ,

790 5072 1319 5130 circumstantibus
1355 5077 1567 5127 notum
1599 5076 1705 5138 est,
1731 5088 1809 5128 an
1837 5073 1944 5129 iste
1966 5091 2104 5131 cum
2129 5077 2305 5132 sociis
2333 5078 2453 5133 sive

2397 5093 2453 5132 ve
2562 5073 2705 5143 παρὰ
2732 5065 2979 5142 διαιτητῇ
3013 5077 3126 5140 Θεῷ
3161 5074 3254 5127 την
3298 5078 3523 5121 νικῶσαν
3591 5070 3861 5142 ἠνέγκατο,
3917 5077 4057 5144 μόνῳ
4108 5071 4168 5124 ἂν

790 5163 943 5220 alius
992 5179 1066 5217 ex
1122 5161 1326 5217 divino
1377 5162 1581 5228 choro,
1637 5177 1776 5217 eum
1827 5163 1941 5219 sibi
1989 5164 2290 5223 vindicare
2356 5183 2454 5222 cu-

2401 5183 2454 5222 u-
2564 5168 2677 5230 Θεῷ
2712 5164 2799 5211 καὶ
2836 5166 2943 5221 τοῖς
2984 5164 3101 5234 περὶ
3132 5162 3253 5212 Θεὸν
3285 5163 3361 5218 εἴη
3384 5164 3616 5231 γνωστόν
3650 5181 3662 5192 ·
3706 5161 3785 5212 ὅτι
3818 5157 3877 5214 δὲ
3906 5167 3995 5214 καὶ
4026 5165 4172 5235 παρὰ

787 5254 979 5328 piens,
1014 5251 1479 5324 praerogativam
1511 5250 1706 5307 tulerit
1735 5268 1771 5307 a
1801 5254 1982 5308 totius
2014 5270 2212 5310 causaa
2252 5255 2455 5312 diribi-

2403 5256 2455 5311 .i-
2564 5259 2676 5323 Θεῷ
2708 5255 2796 5303 καὶ
2832 5250 2880 5305 ἐν
2910 5258 3020 5312 τοῖς
3047 5251 3280 5325 μάλιστα
3307 5260 3404 5303 τῶν
3463 5256 3581 5326 περὶ
3610 5255 3740 5304 Θεὸν
3792 5256 4056 5318 τέτακται,
4120 5252 4174 5317 ἐξ

786 5350 915 5400 tore
943 5345 1082 5403 Deo,
1111 5340 1193 5397 ita
1213 5356 1284 5397 ex
1322 5341 1395 5396 iis
1444 5356 1581 5413 quae
1637 5340 1902 5397 diximus
1952 5360 2207 5415 quaeque
2262 5345 2451 5401 multo

2400 5351 2451 5401 to
2561 5342 2706 5394 ὧντε
2742 5341 3028 5417 εἰρήκειμεν
3078 5345 3168 5392 καὶ
3221 5338 3274 5403 ἐξ
3320 5341 3386 5391 ὧν
3442 5342 3576 5392 πάνυ
3609 5338 3667 5394 δε
3721 5340 3918 5394 πολλῶν
3961 5342 4171 5415 παρελί-

784 5432 961 5505 plura
986 5429 1476 5502 praetermisimus
1517 5429 1899 5486 manifestum
1959 5435 2139 5505 atque
2200 5434 2450 5489 certissi-

1869 5447 1899 5485 n
1959 5435 2139 5505 atque
2200 5434 2450 5489 certissi-
2561 5451 2737 5504 πομεν,
2774 5428 2991 5489 εὔδηλόν
3021 5450 3074 5483 τε
3103 5436 3193 5482 καὶ
3220 5436 3640 5504 γνωριμώτατον,

785 5538 953 5604 mum
983 5524 1089 5586 est,
1120 5518 1281 5590 quod
1314 5534 1349 5573 a
1382 5521 1500 5575 Deo
1532 5518 1857 5575 collocatus
1913 5520 1989 5577 sit
2012 5520 2166 5578 inter
2189 5538 2291 5579 eos
2345 5523 2450 5595 qui

781 5609 1041 5683 proximi
1064 5608 1179 5664 sibi
1205 5608 1517 5666 assistunt.

853 5705 938 5759 6t.
982 5703 1148 5756 Nunc
1169 5713 1281 5769 age
1311 5698 1529 5757 chorus
1552 5697 1748 5775 omnis
1757 5698 2082 5783 justorum,
2115 5716 2356 5771 oremus
2388 5707 2445 5764 et

2395 5707 2445 5764 et
2625 5702 2726 5772 Ea’.
2757 5706 2940 5759 Τοίνυν
2971 5697 3122 5754 δεῦτε
3165 5697 3257 5771 δὴ,
3319 5704 3485 5777 χορὸς
3536 5699 3782 5772 εὐσεϐῶν,
3834 5698 4166 5761 δυσωπήσω-
