4484 6446
339 399 447 452 885
1559 394 1628 449 ΙΝ
1669 396 1724 449 8.
1764 395 1959 451 JOAN.
1999 396 2110 451 DA]

1930 398 1959 449 ἱ.
1999 394 2490 452 DAMASCENUM.
3596 401 3701 455 886

340 540 433 591 μεν
469 525 559 572 xui
611 523 804 593 θερμῶς
855 522 1008 573 αὑτὸν
1065 523 1398 591 ίκιτεύσωμεν
1455 523 1751 590 μεμνῆσθαι
1801 522 1946 591 ἡμῶν
1986 525 2026 576 Α
2063 521 2111 576 fe

1933 543 1946 570 ρ
1986 525 2026 576 Α
2063 521 2353 576 ferventer
2382 521 2788 592 supplicemus
2820 523 2920 589 illi,
2948 528 3011 577 ut
3036 522 3173 577 velit
3194 526 3470 577 nostrum
3498 524 3704 577 memi-

338 615 472 682 πρός
528 615 649 662 Θεόν
712 616 800 661 καί
848 612 1311 682 ὑπερεντυγχάνειν
1366 613 1532 677 τοὺτῳ
1583 606 1827 668 διηνεκῶς
1858 618 1949 660 του
2062 626 2109 664 n1

1930 618 1949 660 3
2062 612 2221 664 nisse
2244 610 2406 681 apud
2436 614 2641 672 Eleum,
2701 627 2959 682 eumque
2996 617 3284 682 perpetuo
3329 611 3701 681 interpellare

340 707 516 748 κοινοῦ
573 717 624 750 τε
675 698 783 769 ἅμα
841 704 928 750 καί
987 708 1076 759 τῆς
1126 698 1437 758 Ἐκκλησὶας
1506 698 1867 770 πληρώματος·
1925 701 1950 750 ὃ
2060 715 2111 770 p1

1930 701 1950 750 ὃ
2060 715 2170 770 pro
2196 700 2475 754 universa
2503 700 2879 755 multitudine
2908 700 3201 768 Ecclesia,
3236 716 3419 771 quam
3448 716 3570 754 non
3595 701 3701 755 mi-

340 792 435 836 xui
483 796 570 837 ννν
610 788 715 857 οὐχ
770 788 920 844 ἧττον
961 788 989 845 ἦ
1034 791 1218 838 τούτου
1272 790 1537 858 περιόντος
1584 788 1609 837 ό
1657 785 1951 860 ἀρχέκακος
2060 804 2111 843 n1

1933 808 1951 848 ς
2060 804 2174 843 nus
2204 789 2337 855 hoc,
2376 804 2557 859 quam
2599 805 2721 859 quo
2747 790 2875 860 ipse
2905 788 3142 843 vivebat
3179 793 3465 859 tempore,
3499 796 3704 843 auctor

344 871 610 945 διενοχλεῖ
658 882 900 940 σατανοὶς,
940 882 1025 926 xui
1092 872 1202 946 ἰδίᾳ
1290 877 1625 946 ὑπερηγορεῐν
1678 896 1769 927 τον
1828 879 1952 928 καθ·
2060 894 2115 930 In

1933 907 1952 916 -
2060 878 2358 931 malorum
2381 885 2622 932 satanas
2639 877 2891 939 infestat,
2912 882 2967 932 et
2993 877 3239 943 singulis
3256 877 3421 947 quod
3446 878 3704 933 maxime

344 966 580 1013 ἑκαστα’
615 967 678 1023 ὼς
736 968 1051 1036 καταρτίσαι
1106 966 1194 1034 μεν
1250 965 1456 1024 πάντως
1533 972 1673 1021 κοινῆ
1730 963 1799 1025 εἰς
1857 969 1951 1021 την
2061 982 2115 1022 cc

1931 985 1951 1014 ν
2061 966 3702 1038 convenitimpetrarepatrocinando;utomnesquidem

344 1053 484 1101 κατὰ
512 1055 638 1102 Θεὸν
693 1053 930 1123 ὁμόνοιάν
983 1071 1035 1103 τε
1092 1057 1181 1103 καὶ
1234 1054 1545 1122 σύμπνοιαν,
1603 1054 1860 1125 ρυθμίσαι
1893 1050 1951 1104 δέ
2060 1072 2115 1109 cc

1933 1058 1951 1104 έ
2060 1056 2457 1111 communiter
2478 1056 2853 1111 stabiliamus
2878 1056 2935 1109 in
2967 1070 3105 1109 vera
3142 1055 3475 1109 secundum
3520 1056 3704 1110 Deum

344 1145 436 1189 xui
469 1141 551 1190 ἕνα
577 1142 692 1191 καθ’
724 1142 901 1192 ἑαυτὸν
933 1142 1150 1192 ἕκαστον
1179 1137 1429 1191 διαλυσαί
1489 1160 1539 1191 τε
1584 1147 1675 1196 την
1720 1141 1949 1211 ἐπέχου-
2059 1160 2115 1199 at

1933 1172 1949 1179 -
2059 1146 2400 1199 animorum
2433 1144 2775 1209 concordia,
2804 1143 3017 1211 singuli
3050 1158 3185 1197 vero
3225 1142 3524 1212 sigillatim
3562 1142 3704 1197 libe-

350 1246 447 1278 σαν
495 1232 552 1279 τὸ
606 1236 705 1280 πᾶν
756 1227 875 1281 τόδε
926 1248 1292 1299 σκοτομαιναν,
1334 1233 1421 1279 καὶ
1462 1225 1807 1281 διεσκεδάσαι
1856 1236 1949 1286 την
2059 1247 2118 1284 re

1934 1252 1949 1279 ι
2059 1247 2259 1284 remur
2288 1231 2365 1285 ab
2398 1246 2486 1293 ea,
2522 1247 2654 1302 qua
2684 1232 3025 1285 universum
3052 1246 3213 1285 nunc
3257 1235 3535 1301 occupat,
3568 1229 3705 1284 cali-

345 1314 656 1386 καταιγίδα,
718 1323 807 1369 καὶ
855 1322 912 1368 τό
968 1316 1134 1369 δεινὸν
1174 1324 1557 1390 καταστορέσαι
1596 1326 1689 1378 τῆς
1741 1318 1949 1374 Ἐκκλη-
2060 1319 2116 1386 gi

1931 1349 1949 1357 -
2060 1319 2214 1386 gine;
2262 1328 2323 1373 ut
2363 1321 2684 1390 dissipetur
2744 1324 3063 1390 tempestas
3086 1324 3142 1373 et
3186 1319 3381 1386 gravis
3434 1318 3702 1372 Ecclesia

347 1409 467 1465 σίας
519 1403 823 1473 κλυδώνιον,
873 1411 962 1457 καὶ
1022 1403 1135 1477 ἰδίᾳ
1185 1402 1235 1458 δ’
1267 1403 1329 1457 αὖ
1384 1412 1471 1457 xui
1517 1408 1631 1457 καθ’
1690 1408 1774 1458 ἕνα
1825 1412 1949 1479 πρός
2053 1410 2117 1479 ja

1929 1428 1949 1467 ς
2053 1408 2297 1479 jactatio
2320 1410 2726 1481 conquiescat,
2762 1414 2941 1480 atque
2968 1409 3040 1463 ita
3068 1424 3278 1462 omnes
3310 1413 3365 1462 et
3386 1408 3604 1476 singuli
3623 1407 3700 1462 ad

343 1490 518 1545 εὔδιον
549 1500 637 1545 xui
689 1500 945 1567 σωτήριον
995 1492 1228 1546 auo-3m
1285 1495 1483 1563 λιμένα,
1527 1498 1590 1546 τά
1637 1504 1733 1545 των
1783 1495 1946 1566 ἐμπα-
2058 1515 2114 1569 qi

1932 1528 1946 1536 -
2058 1499 2326 1569 quietum
2360 1499 2565 1554 salutis
2605 1505 2844 1569 portum
2884 1498 3237 1567 dirigamur,
3280 1497 3703 1568 componendo

344 1584 445 1633 θῶν
503 1582 767 1654 λογισμῶν
815 1586 1206 1634 κατευνάσαντα
1278 1587 1503 1654 κύματα,
1552 1586 1644 1642 τὰς
1700 1581 1950 1654 βιωτικας
2059 1589 2115 1642 ﬂ:

1933 1604 1950 1643 ς
2059 1589 2275 1642 ﬂuctus
2308 1588 2789 1659 perturbatarum
2815 1587 3245 1656 cogitationum
3268 1592 3324 1641 et
3368 1586 3568 1641 saculi
3607 1602 3704 1641 cu-

346 1667 487 1729 δῆτα
548 1676 821 1742 μερίμνας,
881 1674 974 1732 τὰς
1022 1671 1205 1743 ἀγρίας
1281 1680 1377 1731 τῆς
1428 1671 1615 1741 ψυχῆς
1673 1671 1945 1735 λαίλαπας,
2056 1692 2117 1731 ra

1933 1715 1945 1735 .
2056 1692 2175 1743 ras,
2209 1664 2429 1747 quibus
2456 1680 2746 1747 tanquam
2776 1675 3181 1730 savisanima
3212 1674 3510 1745 procellis,
3531 1689 3702 1729 mens

343 1760 431 1830 ὑφ’
481 1760 548 1809 ὧν
600 1762 623 1809 ό
673 1760 984 1830 κυϐερνήτης
1032 1770 1147 1821 νους
1196 1764 1576 1833 περιτρέπεται,
1624 1766 1712 1811 καὶ
1760 1761 1947 1811 οἰάκων
2058 1780 2114 1833 gi

1933 1784 1947 1810 ι
2058 1765 2442 1833 gubernatrix
2470 1766 2911 1833 circumagitur,
2945 1769 3001 1819 et
3028 1764 3212 1818 invita
3238 1778 3482 1835 quoque
3511 1763 3704 1817 dimo-

346 1850 484 1900 οἱκων
530 1850 758 1919 μεθίεται
798 1858 888 1909 τῆς
937 1848 1280 1908 ἐπιστατικῆς
1350 1858 1449 1899 τῶν
1496 1848 1743 1919 ψυχικῶν
1789 1846 1946 1901 δυνά·
1990 1868 2028 1921 Β
2058 1870 2117 1908 ν(

1934 1881 1946 1889 -
1990 1868 2028 1921 Β
2058 1860 2226 1908 vctur
2256 1870 2290 1908 a
2317 1853 2724 1922 gubernaculo
2742 1852 3114 1925 praesidentis
3140 1852 3296 1907 circa
3317 1868 3411 1907 res
3435 1851 3705 1922 spiritua-

347 1957 503 2010 μεως,
560 1944 649 1989 xui
700 1944 902 2007 ναυτιᾷ,
953 1943 1041 1989 καὶ
1092 1938 1309 2009 ίλιγγιᾴ,
1363 1943 1447 1989 xui
1480 1938 1723 2001 καθάπαξ
1770 1939 1949 2000 εξαπο-
2058 1942 2118 1998 le.

1935 1970 1949 1978 -
2058 1942 2143 1998 les
2176 1944 2467 2013 potentia,
2500 1950 2794 2014 tauquam
2847 1957 3076 1996 nausea
3104 1941 3508 2011 vertigineque
3532 1946 3589 1995 et
3609 1940 3706 1995 de-

348 2034 445 2099 ρεῖ,
504 2031 591 2077 καὶ
636 2034 749 2086 ταῖς
792 2027 876 2077 ὑπ’
933 2026 1085 2077 αὐτόν
1160 2022 1413 2098 δυνάμεσι
1468 2026 1951 2096 συγκαταϐαπτίζεο
2060 2032 2119 2086 lic

1935 2055 1951 2068 -
2060 2032 2244 2103 liquio
2274 2031 2584 2097 laborans,
2619 2030 2950 2085 simulcum
2969 2029 3255 2099 subjectis
3300 2028 3411 2083 sibi
3432 2029 3706 2100 potentiis

348 2135 459 2183 ται,
490 2122 578 2166 xui
610 2113 759 2186 βυθῷ
808 2114 1059 2177 ἀπωλείας
1104 2112 1531 2185 συγκαταδυεται
1564 2136 1574 2147 ·
1601 2115 1657 2175 ἃς
1688 2117 1951 2187 σύμπλους
2062 2138 2119 2175 ει

1935 2138 1951 2177 ς
2062 2120 2509 2189 submergenda
2539 2120 2904 2192 etprofundo
2935 2118 3279 2189 perditionis
3325 2117 3706 2183 involvenda;

348 2208 439 2275 μὲν
471 2204 628 2274 ἔλαχε
680 2210 767 2255 καὶ
825 2208 950 2277 πρὸς
1008 2207 1281 2277 ἐμπορείαν
1338 2206 1634 2277 συνερίθους
1684 2204 1949 2274 γαληνιον,
2060 2210 2119 2263 ᾐίε

1939 2248 1949 2265 .
2060 2210 2149 2275 iis,
2183 2212 2452 2281 inquam,
2482 2208 2779 2281 potentiis,
2814 2225 2966 2280 quas
3000 2209 3195 2262 socias
3222 2207 3623 2275 navigationis
3655 2212 3710 2262 et

352 2298 753 2363 συνναυαγησας
813 2289 873 2343 δέ
924 2312 1033 2354 πως
1097 2298 1185 2344 xui
1261 2298 1721 2365 συμπεριτραπεὶς,
1793 2292 1949 2345 απόλ-
2062 2306 2123 2354 tr;

1936 2326 1949 2333 -
2062 2299 2398 2371 tranquilla
2439 2298 2856 2368 negotiationis
2898 2296 3219 2370 participes
3259 2295 3489 2351 futuras
3536 2311 3707 2351 mens

348 2381 407 2432 λυ
417 2386 469 2433 σί
488 2400 541 2434 τε
569 2386 659 2434 xui
690 2381 1092 2436 συναπόλλυται.
2061 2406 2119 2445 ac

2061 2389 2309 2459 accepit,
2342 2387 2723 2459 naufragium
2753 2392 2952 2442 autem
3000 2384 3555 2457 quomodocunque
3610 2401 3710 2456 pa-

2062 2478 2213 2535 tiens
2257 2486 2438 2551 atque
2476 2477 2788 2541 subversa,
2840 2476 3054 2549 perdit,
3106 2480 3161 2532 et
3204 2490 3328 2532 una
3374 2490 3514 2532 cum
3563 2474 3709 2547 ipsis

2064 2568 2347 2640 perditur.

420 2666 519 2740 ξβ.
564 2668 720 2719 Ἀλλὰ
772 2664 994 2739 δεόμεθά
1048 2687 1165 2737 σου,
1219 2670 1416 2741 μάκαρ,
1470 2674 1559 2720 καὶ
1612 2673 1813 2741 πρόσου
1867 2674 1953 2720 τόν
2136 2681 2191 2731 9Ξ

1940 2692 1953 2719 ι
2136 2681 2223 2731 92.
2256 2679 2376 2745 Ego
2406 2693 2567 2745 vero,
2600 2693 2637 2732 ο
2685 2678 2877 2744 beate,
2906 2692 3013 2732 oro
3045 2681 3118 2742 te,
3157 2676 3492 2748 supplicem
3542 2681 3711 2733 tuum

349 2758 539 2809 ἱκέσιον
585 2778 597 2790 ο
653 2763 741 2809 xui
784 2764 870 2809 νῦν
909 2762 997 2829 μεν
1058 2757 1272 2809 αὐτόθεν
1326 2760 1390 2808 τὰ
1442 2758 1559 2809 καθ’
1605 2760 1738 2827 ἡμας
1794 2760 1953 2822 ἱθυνε,
2068 2785 2120 2821 ει

1942 2799 1953 2822 ,
2068 2768 2305 2837 suscipe
2355 2773 2458 2821 :et
2485 2781 2647 2821 nunc
2686 2765 2933 2837 quidem
2966 2766 3083 2820 mei
3133 2780 3342 2820 curam
3394 2780 3713 2821 assumens

346 2850 602 2907 καὶπρὸς
651 2851 913 2918 σωτηρίαν
964 2843 1273 2916 καθοδηγει,
1329 2851 1418 2897 καὶ
1464 2855 1555 2904 τῆν
1613 2848 1752 2907 θείας
1800 2844 1957 2920 Ἐὃεμ
2067 2872 2117 2911 γε

1945 2870 1957 2899 ι
2067 2872 2160 2911 res
2192 2872 2359 2911 meas
2393 2855 2470 2909 ad
2502 2855 2754 2911 salutem
2791 2854 3171 2925 calestisque
3197 2853 3459 2925 paradisi
3486 2854 3716 2911 habita-

348 2940 770 2999 κατασκηνωσιν,
813 2935 883 2996 εἰς
926 2931 982 2986 δε
1037 2936 1187 2994 αυθις
1244 2939 1334 2985 καὶ
1382 2937 1513 3006 μετὰ
1567 2939 1661 2991 τὴν
1711 2936 1957 2988 ανάλυσιν
2068 2945 2119 3000 ti,

1942 2960 1957 2987 ν
2068 2945 2291 3001 tionem
2321 2945 2641 3016 perducas,
2668 2951 2991 3016 postquam
3013 2959 3155 2999 vero
3186 2943 3362 3000 fuerit
3387 2945 3592 3000 anima
3621 2960 3713 3000 so-

350 3026 613 3097 πρόστηθι
642 3025 860 3094 θερμῶς.
893 3027 961 3085 ὡς
989 3025 1050 3074 οἶν
1096 3043 1156 3094 γε
1193 3031 1285 3084 τῆς
1331 3023 1542 3074 αἰωνίου
1595 3030 1663 3095 μη
1722 3023 1957 3096 ἀστοχή-
2067 3035 2121 3089 lu

1940 3056 1957 3063 ·
2067 3035 2191 3090 luta
2236 3050 2488 3107 corpore
2532 3034 2807 3090 ardenter
2856 3034 3033 3099 insta,
3075 3050 3151 3090 ne
3177 3039 3403 3089 aterna
3441 3033 3710 3105 privatus

353 3131 535 3184 σαιμεν
589 3111 941 3177 ἀπολαύσεως,
996 3118 1084 3164 καὶ
1139 3120 1229 3172 τῆς
1283 3112 1550 3183 ἀκηράτου
1629 3122 1829 3185 τρυφῆς
1887 3120 1956 3185 μὴ
2068 3140 2124 3179 re

1943 3120 1956 3171 '7
2068 3125 2292 3195 requie,
2326 3125 2602 3179 excidam
2639 3125 2875 3179 sincera
2914 3123 3235 3195 voluptate.
3264 3128 3511 3193 Ignosce
3534 3123 3714 3180 etiam

352 3201 670 3273 ὶκπέσοιμεν.
732 3200 900 3273 Κὰμοὶ
949 3202 1151 3273 λιπαρῲ
1193 3203 1475 3271 συγγνωθι,
1503 3206 1591 3253 καὶ
1636 3211 1731 3263 τῆς
1777 3202 1955 3274 ἐγχει-
1999 3220 2041 3276 C
2070 3215 2123 3269 in

1947 3234 1955 3245 -
1999 3220 2041 3276 C
2070 3214 2284 3269 infelici
2316 3214 2482 3282 mihi,
2512 3220 2565 3268 et
2604 3214 2743 3268 huic
2781 3214 3022 3268 conatui
3066 3213 3360 3284 propitius
3408 3218 3559 3268 esto.
3592 3216 3718 3268 Non

352 3296 553 3363 ρήσεως
586 3290 725 3343 ἵλαθι
758 3312 767 3321 ·
805 3288 927 3342 οὐδὲ
955 3294 1055 3365 γὰρ
1091 3290 1144 3352 ἐξ
1184 3287 1465 3349 αὐθαδείας
1504 3289 1531 3347 ἢ
1578 3294 1707 3364 πρός
1754 3288 1955 3344 ἐπίδει-
2070 3320 2123 3357 ει

1945 3324 1955 3332 -
2070 3305 2229 3358 enim
2250 3318 2319 3358 ex
2346 3304 2685 3373 arrogantia
2708 3302 2784 3357 ad
2815 3302 3296 3371 ostentationem,
3355 3301 3456 3356 sed
3506 3300 3716 3370 multa,

353 3378 582 3442 ξιν,αλλ’
612 3378 667 3431 ἐκ
706 3379 919 3441 πολλῆς,
970 3380 1039 3439 ὡς
1085 3376 1260 3443 οἶσθα,
1322 3386 1412 3439 τῆς
1465 3379 1664 3439 εὐνοίας
1708 3386 1795 3432 xui
1841 3381 1957 3433 εἰλι-
2073 3398 2124 3446 ιιι

1949 3412 1957 3420 ·
2073 3393 2332 3457 utnOsti,
2396 3391 2711 3447 devotione
2769 3392 3119 3462 sinceraque
3171 3405 3396 3460 amore,
3445 3405 3630 3462 quem
3684 3405 3720 3446 a

351 3476 560 3542 κρινοῠς
583 3477 674 3520 τοῦ
716 3468 950 3541 φίλτρου,
997 3469 1057 3526 ἦν
1088 3464 1337 3519 παιδόθεν
1378 3471 1538 3539 ἔσχον
1585 3473 1716 3542 πρὸς
1758 3472 1813 3522 σε
1871 3476 1956 3522 xui
2072 3498 2122 3551 μι

1949 3492 1956 3522 ι
2072 3481 2321 3551 pueritia
2339 3482 2525 3537 habui
2554 3496 2697 3551 erga
2728 3486 2781 3536 te
2802 3486 2859 3536 et
2898 3486 3030 3536 tuas
3062 3480 3527 3551 compositiones
3555 3478 3720 3535 lucu-

349 3560 417 3608 τὰ
465 3560 534 3609 σὰ
574 3560 964 3630 συγγράμματα
1014 3562 1103 3608 xui
1161 3561 1454 3628 πόνηματα,
1516 3565 1625 3619 τοῖς
1688 3564 1804 3632 περὶ
1863 3566 1957 3610 σοῦ
2067 3571 2120 3624 b1

1949 3568 1957 3607 δ
2067 3571 2516 3642 brationesque,
2546 3570 2625 3625 ad
2638 3570 2791 3625 hanc
2812 3568 2888 3624 de
2901 3585 2961 3624 re
2982 3570 3315 3625 orationem
3336 3567 3720 3623 scribendam

350 3666 403 3699 τε
465 3646 634 3716 λόγοις
681 3645 1020 3717 ἐπεϐαλόμην,
1072 3646 1161 3697 xui
1232 3654 1323 3697 τοῦ
1391 3650 1526 3698 κατά
1585 3643 1809 3719 δύναμιν
1853 3649 1958 3720 οὐχ
2069 3677 2121 3713 η]

1951 3671 1958 3720 ;
2069 3677 2163 3715 me
2194 3662 2433 3729 ingessi,
2466 3659 2612 3715 nihil
2651 3659 2815 3730 quod
2870 3659 3035 3731 potui
3083 3658 3559 3729 pratermittens.
3621 3657 3722 3713 Eia

350 3736 638 3808 ὑστέρησα.
702 3742 803 3787 Ναὶ
853 3736 1117 3806 σύγγνωθί
1174 3754 1283 3805 μοι,
1340 3740 1430 3787 xui
1488 3731 1635 3797 δέξαι
1682 3734 1832 3789 τόνδε
1870 3742 1957 3789 τὸν
2068 3764 2121 3803 ει

1951 3760 1957 3783 ’
2068 3764 2210 3819 ergo
2254 3748 2535 3804 condoua
2578 3748 2742 3818 mihi,
2777 3753 2833 3802 et
2884 3747 3044 3802 hunc
3090 3746 3497 3803 laudatorium
3544 3745 3722 3801 simul

348 3825 498 3895 λόγον
547 3825 935 3897 εὖφημητηριόν
983 3844 1035 3876 τε
1092 3824 1203 3894 οἶμα
1250 3830 1339 3875 xui
1390 3827 1667 3896 ἱκετηριον,
1736 3832 1824 3878 xui
1873 3846 1958 3879 πε·
2068 3836 2119 3891 ά(

1949 3859 1958 3868 ·
2068 3836 2669 3908 deprecatoriumque
2721 3851 3062 3891 sermonem
3121 3835 3396 3907 suscipe;
3430 3840 3611 3907 atque
3660 3835 3720 3890 in

350 3919 494 3986 ρίεπε
547 3918 636 3987 μεν
688 3911 817 3986 τῇδε
854 3919 943 3965 xui
996 3917 1060 3965 τα
1114 3913 1289 3965 εἰκότα
1333 3917 1638 3985 κατάρτιζε,
1691 3915 1740 3967 ἐν
1790 3915 1958 3987 λόγοις
2068 3926 2121 3980 )1.-

1946 3937 1958 3977 ;
2068 3926 2183 3980 hac
2208 3925 2455 3997 quidem
2488 3926 2609 3980 vita
2637 3941 2733 3979 me
2760 3924 3019 3980 reforma
3068 3924 3128 3979 in
3172 3923 3457 3979 omnibus
3500 3922 3717 3993 verbis,

352 4003 403 4055 ἐν
450 4004 719 4077 πράξεσιν,
775 4002 822 4055 ἐν
882 3999 1257 4075 διανοήμασιν,
1327 4001 1373 4053 ἐν
1443 4002 1819 4076 βουλεύμασιν,
1875 4004 1957 4057 ἐπὶ
2067 4032 2123 4087 οι

1952 4049 1957 4057 -
2067 4016 2372 4087 operibus,
2422 4013 2885 4087 cogitationibus
2936 4019 3119 4086 atque
3173 4013 3436 4068 consiliis
3483 4012 3723 4082 adjutor

353 4097 487 4144 πᾶσί
537 4112 628 4165 μοι
669 4093 915 4153 καθάπαξ
967 4093 1342 4163 συνιστάμενος
1395 4111 1446 4143 τε
1511 4098 1600 4144 xui
1654 4098 1958 4165 συναιρόμε-
2068 4110 2124 4160 at

1952 4125 1958 4133 ’
2068 4110 2245 4176 atque
2267 4104 2610 4175 opitulator,
2641 4109 2963 4175 postquam
2985 4107 3188 4158 autem
3220 4118 3251 4157 e
3276 4101 3424 4157 vivis
3472 4101 3723 4159 transla-

354 4199 434 4240 νος
491 4202 502 4212 ·
549 4183 679 4253 μετὰ
726 4176 784 4232 δε
836 4184 927 4237 τὴν
973 4176 1175 4232 ἐνθένδε
1239 4184 1327 4231 xui
1379 4178 1432 4242 ἐξ
1476 4179 1755 4253 ἀνθρώπων
1805 4184 1957 4254 μετά·
2071 4200 2125 4249 tu

1953 4215 1957 4221 ’
2071 4200 2162 4249 tus
2209 4194 2344 4249 hinc
2397 4194 2587 4260 t'nero,
2637 4192 2883 4247 ostende
2919 4200 2970 4247 te
3028 4192 3174 4248 mihi
3226 4197 3636 4264 susceptorem
3667 4197 3724 4248 et

358 4288 545 4321 στασιν
603 4268 929 4342 ἀντιληπτωρ
1002 4270 1187 4340 θερμός
1267 4266 1565 4340 ἐπιφάνηθι,
1631 4274 1719 4321 καὶ
1794 4267 1958 4332 δεξιός
2068 4298 2129 4354 οι

1951 4291 1958 4331 ἱ
2068 4289 2480 4355 opportunum
2503 4282 2869 4338 advocatum
2912 4282 3072 4354 apud
3136 4285 3344 4347 Deum,
3378 4287 3442 4338 ut
3489 4281 3722 4338 meliori

355 4361 487 4429 πρὸς
538 4362 667 4409 Θεὸν
716 4359 1035 4431 ὑπερηγορος
1071 4378 1081 4387 ·
1142 4356 1210 4418 ὠς
1289 4355 1349 4406 ἂν
1407 4361 1477 4427 μὴ
1526 4365 1614 4417 τῆς
1672 4363 1959 4430 κρείττονος
2071 4390 2126 4427 sc

1947 4380 1959 4420 ς
2071 4380 2225 4427 sorte
2257 4389 2379 4427 non
2412 4373 2689 4427 excidam
2721 4388 2791 4427 ex
2823 4372 3105 4442 operibus
3166 4372 3313 4427 meis
3373 4372 3718 4438 damnatus,

354 4451 595 4518 γενοίμην
661 4446 852 4508 λήξεως
902 4449 1178 4514 ἓκπτωτος,
1263 4441 1675 4507 ακταδικασθεὶς
1729 4446 1783 4498 ἐκ
1861 4457 1959 4498 τῶν
2072 4481 2125 4517 δε

1950 4469 1959 4494 '
2072 4464 2175 4517 sed
2216 4462 2446 4517 cumiis
2477 4462 2751 4528 collocer,
2805 4462 2909 4534 qui
2950 4462 3262 4517 incarnato
3301 4461 3551 4518 Verboa
3582 4462 3721 4518 dex-

354 4535 608 4607 πράξεων,
686 4534 811 4585 ἀλλα
884 4535 1234 4604 συνταχθείην
1306 4540 1415 4594 τοῖς
1489 4543 1559 4604 τῷ
1651 4538 1959 4610 θεανθρὼπῳ
1994 4558 2124 4631 Dte

1952 4560 1959 4585 ⁵
1994 4577 2039 4631 D
2071 4553 2209 4608 teris
2234 4553 2479 4607 stabunt
2505 4551 2855 4623 felicemque
2878 4551 3039 4607 illam
3070 4567 3277 4607 vocem
3303 4551 3723 4625 audiam,qua

357 4630 513 4695 Λόγῳ
541 4628 1027 4699 παραστησομένοις
1079 4622 1133 4673 ἐκ
1174 4620 1376 4690 δεξιῶν,
1430 4629 1520 4676 xui
1572 4633 1661 4685 τῆς
1701 4631 1961 4698 μακαρίας
1994 4620 2035 4631 υ
2070 4642 2128 4696 ἀί

1952 4646 1961 4687 ;
1994 4620 2035 4631 ”
2070 4642 2322 4711 dignum
2346 4641 2483 4697 facit
2522 4620 2832 4696 hominem
2877 4640 3289 4697 benedictione
3317 4642 3447 4711 jam
3476 4620 3723 4699 olim-ab

357 4713 552 4775 ὶκείνης
611 4723 777 4786 φωνῆς
842 4711 1151 4784 ἀκούσαιμι,
1217 4712 1570 4775 καταξιονσης
1645 4722 1733 4775 τῆς
1818 4719 1961 4789 παρα
2071 4750 2120 4786 ω

1953 4736 1961 4766 ί
2071 4738 2293 4787 ueterno
2326 4734 2488 4786 Patre
2510 4730 2769 4799 decreta,
2802 4746 3062 4802 eumque
3096 4731 3176 4787 ad
3218 4747 3543 4803 perennem
3574 4732 3724 4789 bea-

357 4811 449 4854 τοῡ
498 4803 735 4875 ανάρχου
788 4806 986 4877 ιΙατρὸς
1051 4803 1373 4874 κυρωθείσης
1439 4804 1628 4854 ἀνωθεν
1699 4804 1958 4875 εὐλογίας,
2074 4822 2128 4875 ιη

1955 4851 1958 4866 ι
2074 4820 2382 4876 titudinem
2427 4819 2720 4881 transfert,
2776 4819 2966 4889 gratia
3018 4819 3379 4877 etbeneﬁcio
3423 4821 3610 4893 ipsius
3640 4822 3726 4878 in-

357 4896 442 4944 xui
486 4888 878 4964 μεταδιδοὺσης
936 4899 1027 4951 τῆς
1077 4889 1301 4948 ἀλήκτου
1378 4897 1782 4965 μακαριότητος,
1852 4896 1958 4965 χά-
2072 4926 2128 4979 gf

1956 4926 1958 4933 ·
2072 4910 2254 4979 geniti
2300 4907 2483 4964 Patris
2538 4915 2594 4963 et
2637 4888 2916 4964 coaterni
2968 4909 3093 4965 Filii
3157 4888 3645 4984 sanctissiinique
3670 4916 3727 4968 et

357 5000 463 5056 ριτι
511 4986 602 5033 xui
656 4981 1016 5055 φιλανθρωπίᾳ
1054 4979 1212 5031 αὐτοῦ
1258 5000 1311 5032 τε
1354 4988 1444 5032 τοῦ
1513 4979 1792 5053 ἀγεννητου
1854 4990 1959 5035 [Ια-
2070 5017 2128 5072 οἱ

1957 5016 1959 5023 '
2070 4999 2472 5072 optimiatque
2486 4999 2702 5054 viviﬁci
2732 4999 3004 5070 Spiritus,
3025 5000 3199 5055 unius
3221 5001 3516 5069 essentia,
3550 5001 3728 5057 unius

359 5075 501 5143 τρός,
552 5080 641 5123 τοῦ
696 5068 973 5123 συναίδίου
1028 5071 1171 5131 Υίοῡ,
1244 5074 1334 5121 xui
1392 5077 1481 5121 τοῦ
1550 5077 1807 5141 παναγίου
1874 5078 1963 5124 καὶ
2073 5068 2130 5161 ρξ

1959 5115 1963 5123 -
2073 5090 2373 5161 potentia,
2409 5088 2583 5143 unius
2614 5089 2999 5155 auctoritatis,
3034 5090 3213 5144 unius
3242 5096 3473 5146 natura
3505 5106 3575 5147 ac
3611 5090 3730 5146 dei-

360 5161 559 5231 ἀγαθοῦ
585 5165 672 5212 xui
715 5160 972 5221 ζωοποιοὺ
1019 5161 1336 5230 Πνεύματος,
1391 5167 1481 5219 τῆς
1520 5166 1646 5231 μιᾶς
1702 5159 1961 5230 ἐξουσίας,

1959 5208 1961 5220 ι
2074 5159 2232 5243 tatis,
2265 5195 2453 5250 quam
2483 5177 2652 5233 decet
2675 5178 2873 5232 omnis
2912 5178 3121 5250 gloria,
3170 5180 3384 5248 honor,
3417 5186 3474 5236 et
3521 5180 3730 5236 adora-

360 5257 455 5310 τῆς
497 5256 619 5321 μιᾶς
651 5248 945 5321 βασιλείας,
999 5255 1090 5307 τῆς
1142 5253 1265 5317 μιᾶς
1321 5253 1411 5299 xui
1468 5252 1669 5320 φύσεως
1700 5254 1788 5301 xui
1850 5252 1964 5302 θεο-
2074 5270 2131 5324 η(

1961 5283 1964 5290 ’
2074 5270 2174 5333 tio,
2228 5284 2387 5323 nunc.
2444 5272 2501 5322 et
2560 5284 2797 5339 semper
2829 5272 2885 5322 et
2951 5269 3011 5323 in
3069 5268 3292 5324 sacula
3348 5269 3732 5327 saeculorum.

361 5359 528 5401 τητος,
660 5344 842 5415 πρέπει
898 5344 1047 5392 πᾶσα
1083 5333 1233 5405 δόξα,
1279 5343 1403 5410 τιμὴ
1436 5344 1526 5391 xui
1581 5342 1964 5413 προσκύνησις,
2075 5365 2287 5413 Αωθη,

359 5437 447 5483 νῦν
476 5435 568 5483 καὶ
598 5429 697 5498 ἀεὶ,
728 5435 818 5482 καὶ
848 5428 919 5491 εἰς
964 5448 1083 5489 τους
1141 5426 1325 5487 αἰῶνας
1376 5436 1476 5479 τῶν
1527 5428 1742 5486 αἰώνων.
1776 5430 1962 5502 Ἀμήν.
