4484 6446
770 380 875 434 887

2001 378 2459 437 CONSTANTINI
2498 380 2972 437 ACROPOLI'I‘A'J.

4080 394 4185 449 888

769 511 4170 539 WW

1277 661 1547 811 DE
1635 660 2448 813 SANCTA
2526 662 3695 820 THEODOSIA

2170 945 2600 1010 MARTYRE
2645 947 2773 1011 GP.

1756 1142 2633 1227 COMMENTARIUS
2711 1145 2843 1225 PR
2858 1144 3226 1228 ZEVIUS

997 1342 1304 1413 Auctore
1355 1342 1734 1412 Godefrido
1784 1341 2271 1411 Henschensio
2322 1342 2390 1408 in
2440 1341 2634 1409 Actis
2684 1344 2801 1413 SS.
2856 1345 3170 1414 Botland.
3226 1348 3383 1416 Maii
3434 1354 3480 1414 t.
3534 1349 3652 1431 VI,
3706 1348 3815 1416 die
3865 1350 3974 1417 29.

857 1638 1057 1696 Causa
1092 1644 1148 1695 et
1171 1638 1346 1696 series
1374 1641 1656 1711 martyrii
1674 1654 1749 1697 ea:
1768 1653 1903 1695 mss.
1931 1635 2298 1709 Synaxariis
2330 1650 2342 1688 :
2373 1602 2757 1692 encomiuma
2785 1638 3179 1696 Constantino
3204 1640 3526 1712 Logotheta
3559 1643 3844 1712 scriptum
3874 1661 3886 1709 ;
3919 1640 4098 1712 hujus

2209 1730 2355 1782 (etas
2392 1728 2447 1778 et
2481 1722 2767 1793 dignitas.

854 1854 904 1910 1.
934 1852 1244 1909 Decimum
1295 1853 1503 1909 Leonis
1557 1852 1795 1909 lsaurici
1846 1867 2075 1908 annum
2111 1849 2435 1907 funestavit
2474 1850 2520 1903 Α
2620 1854 2670 1905 3.
2702 1852 2832 1905 Haec
2855 1851 3123 1926 ille,qute
3145 1869 3298 1926 pene
3333 1854 3546 1910 iisdem
3568 1854 3764 1911 verbis
3793 1854 3987 1925 legere
4023 1860 4109 1912 est
4136 1856 4198 1911 in

784 1958 1095 2001 sacrarum
1123 1942 1458 2013 imaginum
1512 1942 1775 2013 abolitio,
1822 1957 2021 2015 quam.
2045 1940 2280 2015 pridem
2336 1940 2434 1996 ille

783 2034 989 2091 animo
1006 2033 1308 2091 decretam
1326 2034 1646 2105 meditans,
1678 2032 1908 2089 effectui
1933 2033 2178 2089 tandem
2213 2031 2435 2088 manci-

781 2125 967 2199 pavit,
998 2126 1205 2180 amoto
1238 2123 1623 2179 sanctissimo
1655 2125 1949 2180 Germano
1989 2122 2333 2195 patriarcha
2380 2125 2438 2177 et

779 2216 843 2274 in
897 2215 1028 2285 ejus
1074 2213 1274 2269 locum
1323 2213 1647 2270 substituto
1687 2215 1875 2287 impio
1913 2213 2248 2270 Anastasio.
2307 2214 2435 2269 Mox

780 2304 941 2360 enim
973 2306 1152 2375 atque
1198 2302 1427 2358 idolum
1475 2302 1635 2359 istud
1693 2319 1869 2359 suum
1917 2319 2101 2377 supra
2149 2303 2433 2359 thronum

780 2393 1064 2451 Ecclesia:
1114 2391 1445 2460 collocavit,
1502 2393 1741 2449 illarum
1780 2394 2287 2450 removendarum
2324 2392 2434 2448 ini.

777 2484 929 2542 tium
948 2483 1083 2540 fecit
1110 2498 1147 2539 a
1171 2482 1472 2539 vestibulo
1492 2482 1717 2556 palatii.
1746 2483 1913 2556 quod
1936 2482 2013 2541 ab
2029 2498 2199 2539 aenea
2222 2482 2433 2538 Christi

781 2577 978 2629 statua
1013 2571 1541 2628 ibidemcollocata
1573 2589 1795 2629 nomen
1809 2578 2139 2646 acceperat,
2165 2576 2230 2629 ut
2251 2572 2428 2632 Χαλκῆ

778 2662 1094 2718 diceretur.
1144 2660 1518 2717 Vestibulum
1569 2660 1752 2726 istud,
1816 2665 1959 2718 teste
2000 2661 2225 2718 Codino
2279 2660 2432 2717 libro

778 2754 863 2809 De
882 2751 1215 2823 originibus
1245 2749 1359 2807 CP.
1401 2765 1662 2821 magnus
1685 2751 2111 2808 Constantinus
2131 2750 2427 2821 fundarat,

774 2842 835 2898 in
858 2856 1048 2914 eaque
1081 2843 1341 2896 statuam
1386 2840 1738 2913 praedictam
1786 2845 2073 2907 erexerat,
2099 2860 2129 2894 α
2159 2857 2295 2914 quae
2350 2841 2431 2897 ibi

776 2931 931 2988 stetit
972 2945 1166 2988 annos
1201 2929 1678 3004 quadringentos
1719 2934 1774 2987 et
1818 2930 2204 3004 quindecim;
2259 2931 2432 3002 cujus

772 3021 987 3078 virtute
1006 3019 1236 3089 mulier,
1252 3019 1563 3089 sanguinis
1579 3018 2195 3093 proﬂuviolaborans,
2220 3024 2433 3077 sanata

772 3110 984 3173 fuerat.
1041 3114 1098 3166 et
1170 3108 1357 3165 multa
1399 3108 1518 3165 alia
1561 3109 1718 3166 facta
1762 3114 1933 3167 erant
1986 3111 2279 3167 miracula
2334 3128 2346 3166 :
2401 3133 2428 3160 »

2548 1956 2617 1997 ea
2628 1956 2815 2013 quam
2832 1945 3254 2016 Metapbrastes
3266 1945 3518 2017 scripsit,
3534 1945 3807 2015 ejusdem
3824 1948 3883 2002 S.
3912 1946 4199 2019 Stephani

2545 2030 2806 2087 Junioris
2835 2032 2983 2099 Vita,
3010 2050 3316 2107 quamque
3346 2035 3606 2091 invenire
3632 2039 3719 2090 est
3740 2035 3903 2107 apud
3928 2035 4201 2107 Lipoma-

2546 2136 2693 2176 num
2714 2127 2770 2178 et
2794 2123 3055 2188 Surium,
3088 2139 3196 2179 nec
3234 2140 3355 2180 non
3412 2126 3564 2180 inter
3605 2126 3798 2197 Opera
3852 2123 3914 2180 S.
3952 2124 4198 2181 Joannis

2548 2212 2917 2275 Damasceni,
2978 2220 3224 2286 propter
3286 2213 3656 2270 vicinitatem
3721 2215 4059 2286 argumenti
4123 2214 4199 2270 de

2545 2299 2709 2355 cultu
2761 2301 3115 2373 imaginum,
3164 2302 3242 2357 ab
3293 2302 3506 2359 eodem
3568 2304 3622 2359 S.
3671 2305 3894 2359 Joanne
3948 2303 4199 2373 egregiis

2545 2390 2915 2446 orationibus
2945 2395 3438 2464 propugnato.Ex
3468 2392 3641 2448 dictis
3674 2397 3873 2449 autem
3908 2392 4081 2448 facile
4112 2396 4201 2448 est

2545 2480 2836 2551 corrigere
2862 2481 3309 2554 Theophanem,
3341 2482 3415 2537 de
3442 2486 3666 2538 tentata
3691 2482 4011 2538 Dominicze
4052 2483 4200 2539 ima-

2544 2570 2697 2641 ginis
2729 2570 3139 2637 subversione,
3170 2570 3292 2626 imo
3319 2574 3376 2626 et
3417 2572 3696 2643 perfecta,
3748 2576 4026 2641 agentem
4075 2587 4199 2628 uno

2544 2675 2705 2715 anno
2737 2659 2907 2715 citius
2938 2675 3124 2733 quam
3169 2659 3245 2715 de
3278 2662 3332 2717 S.
3389 2661 3669 2717 Germani
3720 2660 4094 2733 depositione
4145 2665 4202 2718 et

2543 2749 2841 2806 Anastasii
2891 2748 3234 2806 intrusione.
3304 2751 3539 2806 interim
3576 2751 3627 2807 ei
3695 2750 3934 2806 credere
3984 2766 4201 2822 possu-

2543 2855 2680 2894 mus
2707 2838 3005 2893 dictarum
3045 2837 3364 2895 mulierum
3393 2839 3689 2911 supplicio
3711 2854 3833 2895 non
3861 2839 3943 2895 ita
3966 2855 4202 2911 repres-

2543 2945 2677 2984 sum
2706 2944 2837 2984 esse
2865 2928 3059 2984 zelum
3090 2929 3583 2996 orthodoxorum,
3615 2930 3762 3002 quin
3816 2930 3926 2986 viri
3973 2929 4198 3003 plures,

2541 3017 2817 3074 muliebri
2849 3017 3131 3073 stimulati
3156 3019 3455 3092 exemplo,
3492 3021 3688 3075 conati
3726 3019 3841 3076 sint
3862 3019 3941 3075 ab
3983 3019 4199 3076 eadem

2543 3108 2803 3177 imagine
2826 3123 3027 3163 arcere
3056 3108 3362 3179 injuriam,
3395 3108 3488 3164 vel
3511 3108 3728 3165 factam
3759 3108 3964 3165 ulcisci
3991 3126 4003 3175 ;
4035 3125 4201 3166 vere-

774 3199 1050 3273 adeoque
1088 3199 1286 3273 posita
1329 3198 1429 3255 illa
1474 3203 1632 3257 esset
1650 3215 1812 3256 anno
1853 3201 1975 3256 3t5.
2030 3201 2145 3258 Sed
2196 3199 2432 3274 decepit
2462 3194 2502 3249 Β
2542 3213 2658 3271 que
2687 3196 3003 3267 addiderit,
3026 3197 3192 3270 quod
3219 3219 3246 3247 ‹‹
3279 3197 3977 3272 Constantinopolitanus
4004 3214 4201 3271 popu-

776 3289 1072 3348 Codinum
1095 3289 1443 3363 supputatio
1487 3305 1617 3359 sua,
1667 3289 1759 3346 vel
1807 3290 2036 3347 librarii
2064 3291 2124 3347 in
2164 3290 2431 3347 numeris

775 3378 1248 3438 transcribendis
1276 3383 1570 3442 errarunt;
1607 3384 1840 3436 constat
1878 3381 2038 3437 enim
2081 3380 2246 3453 quod
2296 3385 2431 3437 ante

777 3484 1009 3527 annum
1038 3471 1141 3525 328
1173 3467 1598 3525 Constantinus
1624 3484 1747 3526 non
1773 3469 2126 3543 applicuerit
2157 3470 2430 3527 animum

779 3557 1297 3631 Constantinopoli
1327 3556 1715 3615 aediﬁcandae.

848 3655 904 3708 2.
943 3649 1034 3705 Ad
1054 3664 1181 3705 rem
1232 3649 1433 3721 ipsam
1474 3648 1641 3721 quod
1700 3648 1922 3716 attinet,
1975 3655 2185 3707 testem
2236 3652 2310 3707 de
2364 3667 2436 3708 ea

778 3739 1098 3806 habemus,
1141 3738 1247 3812 qui
1277 3742 1418 3794 tunc
1460 3738 1721 3806 vivebat,
1780 3739 2149 3813 Stephanum
2208 3744 2434 3812 Magnae

779 3827 1044 3885 ecclesiae
1086 3824 1757 3899 Constantinopolitanae
1802 3828 2148 3899 diaconum,
2200 3831 2259 3885 in
2310 3831 2435 3887 Vita

784 3914 1149 3991 S.Stephani
1184 3914 1467 3980 Junioris,
1504 3914 1899 3971 memorabile
1944 3918 2299 3989 martyrium
2364 3934 2435 3975 ea

780 4007 1099 4064 occasione
1125 4004 1310 4078 passi,
1343 4003 1550 4060 danda
1571 4020 1606 4059 a
1636 4004 1810 4060 nobis
1840 4022 2011 4062 xxvm
2052 4008 2430 4075 Novembris,

781 4096 944 4154 unde.
973 4096 1102 4151 haec
1128 4093 1331 4166 accipe
1365 4110 1377 4148 :
1416 4116 1443 4143 ››
1468 4096 1530 4148 In
1558 4092 1650 4149 his
1684 4108 1790 4165 per
1836 4099 2195 4165 potestatein
2244 4114 2432 4167 agens

780 4187 1080 4244 haareseos
1112 4187 1426 4255 tyrannus,
1458 4182 1704 4239 tentavit
1733 4184 2020 4241 continuo
2061 4186 2434 4244 Dominicam

785 4273 996 4334 Christi
1029 4273 1127 4328 Dei
1156 4271 1343 4327 nostri
1400 4271 1749 4343 imaginem,
1810 4288 1994 4346 supra
2036 4274 2234 4344 regias
2280 4276 2437 4331 fores

782 4366 1089 4440 positam,
1143 4378 1214 4419 eo
1261 4361 1395 4418 loco
1444 4377 1580 4434 quas
1638 4361 1715 4417 ab
1765 4362 1896 4436 ipsa
1953 4363 2169 4420 dicitur
2226 4367 2441 4424 Sancta

787 4455 1001 4514 Chalee
1026 4450 1303 4509 demoliri
1347 4455 1405 4507 et
1458 4451 1583 4521 igni
1635 4451 1902 4509 tradere:
1948 4454 2115 4526 quod
2173 4460 2229 4510 et
2278 4454 2437 4514 fecit.

2541 3287 2654 3353 lus,
2688 3286 2767 3342 ob
2798 3301 3021 3342 novam
3067 3287 3244 3343 istam
3286 3287 3623 3344 doctrinam
3673 3287 3940 3343 maximo
3990 3286 4199 3344 dolore

2541 3376 2822 3451 percitus,
2876 3381 3002 3432 tum
3057 3377 3259 3449 ipsum
3320 3377 3578 3433 Leonem
3631 3377 3836 3433 statuit
3888 3376 4195 3448 invadere,

2542 3471 2670 3523 tum
2702 3465 2925 3522 multos
2954 3481 3027 3521 ex
3053 3466 3432 3538 imperatoris
3456 3465 3769 3533 famulitio,
3802 3465 3906 3538 qui
3928 3465 4006 3522 ab
4044 3481 4202 3522 aerea

2541 3560 2715 3630 porta
2744 3555 2980 3612 Domini
3019 3555 3346 3626 imaginem
3380 3554 3803 3621 deturbabant,
3837 3555 3969 3611 neci
3994 3554 4198 3611 dedit:

2542 3662 2667 3719 quo
2696 3645 2920 3702 factum
2951 3650 3042 3701 est
3074 3649 3136 3700 ut
3160 3645 3219 3700 in
3247 3643 3488 3712 multos,
3512 3644 3747 3717 pietatis
3792 3660 3955 3716 ergo,
4010 3659 4203 3700 mem-

2542 3736 2793 3791 brorum
2822 3734 3213 3801 mutilatione,
3256 3734 3630 3798 verberibus,
3671 3734 3916 3805 exsiliis,
3958 3733 4203 3791 damnis

2542 3824 2719 3880 illatis
2751 3824 3242 3881 animadversum
3266 3824 3460 3880 fuerit.
3492 3846 3519 3873 »

2614 3918 2665 3969 4.
2705 3914 2819 3971 Sed
2870 3920 3411 3987 quantumcunque
3459 3913 3729 3969 animose
3784 3912 4012 3982 egerint
4066 3913 4201 3982 viri,

2543 4004 2765 4074 egregii
2790 4008 2989 4060 tamen
3018 4008 3270 4059 conatus
3292 4003 3523 4059 initium
3556 4002 3793 4059 feminis
3850 4002 4072 4059 ascribi
4106 4003 4204 4058 de-

2542 4095 2645 4151 bet
2678 4112 2689 4150 :
2725 4093 3018 4166 imprimis
3050 4100 3249 4149 autem
3277 4108 3485 4150 earum
3511 4092 3649 4149 duci
3677 4099 3922 4160 sanctae,
3954 4092 4031 4148 de
4079 4108 4204 4165 qua

2545 4198 2722 4255 agere
2751 4184 3133 4250 instituimus,
3168 4182 3512 4239 Theodosius
3545 4200 3557 4238 :
3596 4183 3768 4253 cujus
3792 4198 4013 4237 nomen
4037 4189 4095 4237 et
4121 4182 4203 4237 vi-

2547 4278 2672 4332 tam
2702 4278 3079 4347 mortemque
3109 4279 3173 4329 ut
3209 4289 3329 4329 non
3361 4273 3799 4344 ignoraremus,
3836 4271 4027 4328 effecit
4074 4271 4205 4327 reli-

2550 4364 2720 4435 giosa
2751 4363 3547 4436 Constantinopolitanorum
3581 4362 3799 4417 civium
3840 4362 4049 4433 pietas,
4099 4362 4206 4434 qui

2552 4452 2774 4509 crudeli
2814 4452 3067 4508 lanienae
3092 4452 3465 4507 subtractum
3497 4466 3739 4523 corpus,
3773 4454 3901 4506 tum
3954 4449 4206 4523 quidem

787 4549 853 4603 In
882 4547 1019 4620 ipsa
1046 4546 1245 4600 autem
1268 4540 1653 4599 demolitione
1674 4540 1799 4598 zelo
1839 4542 2240 4601 corroborata:
2276 4562 2437 4618 qum-
2472 4557 2514 4612 ο
2555 4543 2648 4616 pie
2679 4542 3095 4611 condiderunt,
3130 4546 3340 4613 postea
3384 4545 3606 4609 autem,
3655 4539 3887 4595 reddita
3933 4537 4207 4595 Ecclesiae

785 4638 930 4695 dam
952 4633 1231 4692 mulieres
1261 4631 1623 4689 venerandae
1647 4646 1935 4702 generose
1961 4633 2438 4693 insurrexerunt:

786 4724 1303 4803 apprehensisque
1329 4721 1504 4778 scalis
1533 4721 1950 4779 demolitorem
1995 4738 2180 4779 sacrae
2227 4725 2441 4797 imagi-

786 4820 882 4876 nis
914 4814 1287 4889 spatbarium
1336 4810 1730 4868 devolverunt
1778 4811 1834 4867 in
1894 4816 2135 4881 terram,
2179 4830 2443 4887 eumque

787 4909 1103 4982 carpentes
1130 4902 1509 4960 tradiderunt
1542 4901 1715 4957 morti
1739 4918 1753 4969 ;
1776 4900 1941 4957 nulla
1990 4902 2208 4960 deinde
2250 4904 2439 4961 inter-

787 4999 984 5076 posita
1014 5010 1185 5052 mora
1213 4994 1654 5065 procurrentes,
1698 4990 2046 5048 invaserunt
2075 4994 2442 5065 patriarcha-

785 5092 905 5149 lem
932 5088 1207 5151 domum,
1239 5080 1543 5155 lapidibus
1581 5082 1935 5153 impetentes
1975 5082 2232 5155 impium
2281 5094 2442 5142 Ana-

788 5172 1614 5245 stasium,vociferantesque.
1630 5192 1657 5221 ››
1673 5173 1716 5227 0
1732 5172 2438 5245 caputimpurissimumt

786 5294 814 5323 ‹‹
867 5286 903 5327 o
939 5265 1179 5325 inimice
1223 5261 1482 5319 veritatis
1520 5262 1532 5317 !
1583 5261 1801 5317 Ideone
1847 5262 2243 5334 praesulatum
2296 5266 2441 5321 arri-

785 5360 986 5435 pnisti,
1022 5356 1517 5412 utsacrosanctas
1550 5356 1776 5407 statuas
1811 5355 2099 5407 everteres
2130 5352 2157 5408 ?
2188 5374 2213 5402 ››
2247 5354 2440 5419 Quam

784 5446 1218 5507 contumeliam
1248 5458 1370 5499 non
1409 5440 1605 5497 ferens
1641 5440 1931 5513 profanus
1981 5441 2099 5509 ille,
2130 5442 2270 5511 fuga
2310 5459 2438 5500 sese

782 5536 1071 5597 subduxit
1122 5552 1153 5591 e
1200 5536 1527 5605 conspectu
1598 5530 2016 5600 religiosarum
2064 5533 2433 5603 mulierum;

780 5637 961 5705 atque
990 5626 1068 5686 ad
1090 5631 1418 5701 tyrannum
1466 5638 1595 5677 sese
1634 5620 1946 5695 recipiens,
1994 5622 2188 5680 effecit
2232 5627 2295 5680 ut
2320 5623 2432 5681 illa:

770 5737 1007 5784 ommes
1034 5716 1215 5779 morti
1234 5713 1628 5775 traderentur:
1664 5733 1693 5763 ››

2554 4630 3437 4705 pace,extuleruntreligiosius.
3470 4630 3812 4686 fortassisin
3834 4629 4078 4702 eoipso,
4106 4630 4207 4684 ubi

2553 4721 3026 4779 sanctimonialis
3056 4722 3298 4789 vixerat,
3332 4719 3631 4777 cmnobio.
3669 4719 3961 4785 Quoniam
4004 4724 4206 4775 autem

2552 4813 2734 4880 diem,
2766 4827 2888 4884 quo
2921 4814 3181 4867 mactata
3211 4808 3527 4865 crudeliter
3556 4808 4121 4874 fuerat,adduxerat
4148 4810 4209 4864 in

2552 4902 2916 4958 oblivionem
2947 4916 3117 4955 saevae
3133 4898 3561 4972 persecutionis
3578 4897 3941 4953 diuturnitas
3963 4902 4020 4952 et
4062 4898 4209 4953 taci-

2554 4993 2804 5048 turnitas
2816 4989 3192 5062 scriptorum,
3213 4987 3437 5060 placuit
3455 5002 3763 5043 assumere
3776 4986 3937 5042 hunc
3956 4985 4117 5042 diem
4148 4992 4209 5042 t9

2553 5082 2680 5138 Maii
2707 5079 2873 5154 quod
2925 5078 3235 5135 Orientalis
3273 5078 3472 5133 omnis
3515 5077 3773 5132 Ecclesia
3815 5075 4210 5132 celeberrimo

2553 5170 2715 5227 cultu
2757 5169 3138 5243 prosequitur
3170 5170 3223 5225 S.
3254 5166 3676 5234 Theodosiam,
3731 5170 4060 5237 martyrem
4089 5168 4211 5221 Cte-

2553 5277 2737 5317 sareze
2763 5261 2821 5315 in
2851 5257 3187 5326 Palaestina,
3205 5257 3279 5313 de
3295 5273 3419 5329 qua
3434 5272 3546 5312 nos
3564 5256 3797 5327 egimus
3813 5256 3909 5311 die
3923 5260 3955 5309 2
3971 5255 4206 5328 Aprilis.

2715 5352 2796 5406 ita
2827 5364 3047 5404 nomen
3077 5346 3206 5418 ejus
3233 5347 3584 5418 inscriptum
3629 5345 3921 5417 reperitur
3968 5345 4208 5401 Menaeis

2550 5440 2807 5506 excusis,
2836 5454 2973 5511 quin
3017 5437 3136 5493 fere
3185 5437 3453 5509 sequitur
3508 5434 3799 5491 Maximus
3857 5434 4209 5506 Cytheraeus

2548 5531 2595 5585 ἐν
2632 5531 2769 5606 βὶοις
2795 5532 3004 5604 Ἀγὶων,
3037 5530 3138 5586 ubi
3171 5535 3307 5602 post
3363 5529 3706 5585 encomium
3753 5526 4054 5599 praedictae
4098 5543 4210 5583 an-

2544 5623 2728 5696 tiquae
2754 5621 3100 5679 Theodosia:
3132 5619 3372 5676 additur
3413 5617 3702 5675 memoria
3723 5621 3948 5673 sancta).
4004 5617 4214 5673 hosio-

2543 5714 2800 5789 maryris
2820 5710 3168 5771 Theodosia:
3202 5709 3902 5784 Constantinopolitanae,
3938 5723 4077 5765 cum
4109 5706 4204 5766 al-
