4484 6446
312 419 419 475 889

310 545 545 601 lusione
565 542 644 600 ad
666 542 984 599 arietinum
1005 550 1221 598 cornu,
1244 547 1367 605 quo
1384 527 1581 585 cervix
1605 525 1656 581 ei
1683 522 1915 580 confra-
1944 526 1989 579 Α

316 639 415 691 cta
443 640 550 703 est,
586 648 689 705 per
727 628 1077 702 hujusmodi
1116 622 1451 681 distichon:

570 744 730 815 Κέρας
758 745 907 813 κριοῦ
942 738 1142 790 κτεῖναν
1169 752 1243 795 σε,
1278 725 1564 793 Θεοδοσία,

566 828 738 901 Ὠφθη
762 832 867 881 νέον
908 846 991 880 σοι
1014 832 1108 886 τῆς
1133 821 1442 895 Ἀμαλθείας
1462 821 1635 888 κέρας.

392 920 669 975 Alterum
684 916 1216 973 Amaltheaevisum
1238 916 1339 979 est,
1368 902 1708 963 Theodosia.
1734 912 1922 955 cornu

428 1009 558 1063 Hoc
582 1008 709 1076 tibi,
731 1022 845 1079 quo
868 1005 1107 1062 Christo
1129 1001 1369 1057 victima
1385 994 1645 1067 pulchra
1668 990 1850 1045 cadis.

395 1119 446 1171 6.
483 1113 705 1171 Eadem
737 1111 1048 1177 memoria,
1075 1125 1213 1164 cum
1235 1104 1409 1162 simili
1431 1099 1684 1157 disticho
1704 1094 1925 1167 reperi-

324 1207 423 1261 tur
443 1204 502 1260 in
517 1220 633 1261 ms.
657 1200 988 1275 Synaxario
1011 1196 1376 1255 Chifﬂetiano
1403 1210 1414 1248 :
1434 1191 1533 1247 ubi
1557 1185 1926 1259 insuperhoc

327 1292 405 1348 de
438 1294 579 1360 vita,
603 1291 892 1364 martyrio
915 1293 971 1345 et
998 1287 1161 1345 cultu
1186 1286 1317 1356 ejus
1350 1283 1611 1351 elogium
1666 1275 1923 1364 additur,

322 1382 491 1455 quod
518 1398 589 1439 ex
622 1363 1075 1453 ipsocollatum
1103 1392 1241 1432 cum
1264 1378 1425 1430 textu
1452 1366 1763 1455 Synaxarii
1805 1363 1928 1418 Cla-

323 1453 666 1527 romontani
689 1469 768 1525 ad
802 1473 862 1525 18
898 1466 1057 1535 Julii,
1084 1467 1168 1521 sic
1216 1466 1389 1519 sonat
1420 1481 1432 1517 :
1482 1459 1622 1516 Αὕτη
1658 1454 1717 1514 ἧν
1748 1453 1793 1507 ἐν
1821 1459 1930 1513 τοῖς

326 1565 539 1635 χρόνοις
569 1555 862 1613 Θεοδοσίου
910 1559 1024 1629 [τοῦ
1076 1551 1491 1629 Ἀτραμυτηνου]
1547 1550 1732 1619 γονέων
1791 1543 1928 1596 εὗσε-

328 1651 430 1705 ϐων
511 1652 779 1723 θυγάτηρ,
859 1646 911 1699 ἔκ
991 1654 1081 1706 τῆς
1147 1637 1731 1697 Κωνσταντινουπολεως
1778 1655 1789 1666 ·
1842 1636 1930 1684 καὶ

326 1744 605 1812 γενομένης
672 1738 947 1798 ἐπταέτους
1011 1736 1037 1786 ο
1102 1738 1274 1806 πατὴρ
1358 1729 1699 1793 ἐτελεύτησεν,
1755 1725 1785 1780 ἡ
1873 1718 1932 1773 δε

328 1834 505 1901 μήτηρ
566 1826 801 1879 λαϐοῦσα
859 1829 951 1883 τὴν
993 1820 1165 1876 παῖδα
1205 1821 1464 1892 ἀπέκειρεν
1495 1821 1543 1869 ἓν
1582 1834 1683 1867 τινι
1728 1821 1825 1864 τῶν
1882 1809 1930 1861 ἐν

329 1877 500 1901 ιμ’-’Τ
570 1877 798 1879 ν
908 1877 917 1883 -
1383 1877 1391 1892 .

329 1918 595 1987 Βυζαντίῳ
631 1918 990 1988 μοναστηρίων
1021 1933 1034 1945 ο
1095 1908 1205 1964 εἶτα
1261 1914 1350 1961 καὶ
1407 1910 1434 1966 ἡ
1500 1910 1671 1979 μήτηρ
1724 1877 2006 1971 τελευτᾲΒ

328 2005 698 2077 καταλείψασα
750 2012 810 2076 τῇ
868 2005 1119 2076 Μακαρία
1166 2005 1258 2057 τήν
1315 1998 1434 2054 ὃλην
1492 1992 1793 2068 περιουσίαν
1839 1989 1932 2041 αὑ-

326 2096 525 2158 τῆς-Ἠ
559 2091 617 2147 δὲ
656 2093 711 2146 ἐκ
760 2098 999 2165 χρουσοῡ
1046 2096 1135 2142 καὶ
1190 2088 1417 2161 ἁργυρον
1462 2092 1597 2158 τρεῖς
1656 2079 1805 2151 ἁγίας
1863 2077 1933 2129 εἰ-

328 2190 479 2245 κόνας
508 2184 959 2236 κατασκευάσασα
1002 2178 1117 2251 [τοῦ
1215 2173 1614 2251 Χριστου],τῆς
1652 2172 1932 2236 Θεοτόκου,

334 2278 426 2327 καὶ
495 2282 589 2334 τῆς
638 2272 789 2343 ἁγίας
829 2271 1204 2337 Ἀναστασίας,
1239 2269 1302 2318 τὰ
1340 2265 1496 2316 λοιπὰ
1554 2257 1775 2332 διένειμε
1826 2262 1936 2316 τοῖς

335 2370 572 2435 πτωχοῖς
607 2362 719 2433 [καὶ
751 2359 1031 2435 ὁρφὰνοις].
1086 2359 1232 2410 Μετὰ
1286 2352 1345 2407 δε
1376 2373 1491 2406 τινα
1543 2354 1732 2423 χρόνον
1786 2349 1936 2401 Λέον-

331 2472 415 2513 τος
480 2460 570 2505 τοῦ
621 2447 917 2513 δυσσεϐοῦς
970 2456 1064 2508 τῆς
1130 2444 1409 2518 βασιλείας
1465 2439 1812 2513 ὃραξαμένου,
1870 2438 1936 2498 ὡς

336 2551 429 2595 τοῦ
457 2540 827 2594 εὐσεϐεστάτου
870 2534 1163 2591 Θεοδοσίου
1200 2536 1670 2605 ὑποχωρήσαντος,
1724 2524 1817 2580 διὰ
1880 2528 1937 2576 τὸ

335 2637 406 2705 μὴ
440 2632 713 2684 πείθεσθαι
741 2637 850 2691 τοῖς
897 2626 1137 2680 ἀσεϐέσιν
1190 2624 1349 2676 αὑτοῦ
1408 2620 1640 2693 δόγμασι
1696 2620 1782 2670 τὸν
1843 2619 1938 2688 μέ-

332 2741 430 2793 γαν
456 2720 506 2772 ἐν
536 2723 899 2792 πατριὰρχαις
937 2720 1193 2791 Γερμανον
1254 2711 1459 2786 [τοῦτον
1512 2710 1643 2782 μετα
1703 2704 1939 2781 ῥοπάλων

334 2815 425 2864 καὶ
482 2810 638 2881 ξιφῶν
690 2816 779 2860 τοῦ
840 2809 1223 2881 πατριαρχείου
1282 2801 1623 2873 κατήνεγκε]·
1675 2796 1805 2850 ἁλλὰ
1852 2800 1941 2847 καὶ

334 2905 430 2958 τὴν
486 2899 639 2970 ἁγίαν
733 2902 821 2949 καὶ
902 2898 1221 2952 Δεσποτικὴν
1307 2892 1478 2945 εἰκονα
1552 2893 1785 2961 Χριστοῦ
1850 2891 1942 2937 τοῦ

338 2994 465 3043 Θεοῦ
523 2990 689 3061 ἡμῶν,
746 2992 839 3044 τὴν
903 2982 1241 3060 [ἱδρυμέμην]
1290 2983 1523 3057 ὑπιρὰνω
1589 2987 1688 3031 τῶν
1747 2975 1940 3044 πυλῶν,

340 3079 390 3132 ἐν
422 3080 609 3151 αἷσπερ
640 3073 760 3149 [διὰ
786 3080 870 3129 τόν
920 3078 1263 3149 χαρακτῆρα]
1302 3073 1331 3129 ἡ
1390 3070 1517 3141 ἁγία
1567 3068 1747 3126 Χαλκῆ
1808 3065 1944 3135 λέγε-

338 3188 448 3234 ται,
506 3163 755 3221 ἔσπευδεν
806 3168 832 3217 ὁ
892 3168 1219 3240 θηριωνυμος
1286 3166 1605 3231 κατενεγκεῖν
1659 3162 1750 3209 καὶ
1819 3157 1946 3226 πυρί

340 3253 691 3332 παραδοῦναι.
744 3259 845 3309 Καὶ
905 3253 953 3307 ἐν
1104 3260 1273 3305 ταῦτα
1330 3250 1560 3314 ἐτελεῖτο,
1616 3246 1769 3299 καὶὸ
1816 3263 1946 3296 σπα-
1980 3236 2018 3292 C

345 3330 523 3423 θὰριος
544 3342 605 3404 ἧν
650 3344 733 3397 ἐπί
786 3352 878 3404 τῆς
930 3342 1187 3414 κλῐμακος
1238 3338 1392 3412 [μετὰ
1420 3346 1514 3399 τῆς
1562 3334 1783 3404 ἀξίνης],
1826 3330 1949 3404 βου-

346 3436 553 3509 λόμενος
604 3439 699 3493 τὴν
751 3431 951 3507 [ἁγίαν]
988 3432 1159 3485 εἰκόνα
1185 3428 1513 3492 καταϐαλεῖν,
1560 3426 1727 3492 εὐθύς,
1778 3426 1807 3481 ἡ
1851 3442 1951 3494 μα-

342 3530 504 3599 καρία
545 3520 812 3577 Θεοδοσία
840 3521 951 3595 μεθ’
1009 3521 1187 3595 ἑτέρων
1241 3525 1498 3591 γυναικῶν
1557 3513 1800 3575 εὐσεϐῶν,
1858 3520 1951 3573 τῆς

343 3615 592 3683 κλίμακος
657 3609 1001 3685 δραξὰμεναι,
1068 3614 1157 3662 καὶ
1225 3612 1311 3661 τὸν
1375 3607 1664 3678 σπαθὰριον
1883 3609 1950 3674 γῇ

349 3702 749 3777 προσριψασαι,
812 3708 886 3770 τῷ
947 3700 1148 3769 θανὰτῳ
1202 3693 1512 3769 παρέδωκαν
1550 3715 1560 3727 ·
1622 3697 1711 3744 καὶ
1798 3710 1955 3742 κατα-

344 3791 604 3845 λαϐοῦσαι
645 3795 703 3843 τὸ
758 3794 1158 3864 πατριαρχεῐον,
1200 3784 1526 3839 ἑλιῦοϐύλουν
1578 3786 1663 3835 τὸν
1720 3778 1951 3837 δυσσεϐῆ

350 3880 698 3934 Ἀναστάσιον
729 3881 816 3930 τὸν
846 3879 1208 3951 πατριάρχην.
1252 3878 1559 3948 ΙΙαραυτίκα
1616 3868 1703 3923 οὖν
1759 3871 1811 3921 αἱ
1868 3872 1957 3939 μεν

350 3970 528 4023 λοιπαί
602 3978 701 4021 τῶν
768 3976 1027 4040 γυναικῶν
1114 3964 1634 4037 ἁπεκεῳαλίσθησαν,
1722 3963 1815 4017 τὴν
1900 3954 1960 4010 δὲ

357 4061 509 4133 ἁγίαν
579 4059 716 4131 ὠμὸς
784 4077 863 4119 τις
928 4062 1017 4108 καὶ
1108 4056 1447 4128 ἀπάνθρωπος
1530 4051 1684 4104 am
1769 4046 1963 4119 δήμιος

349 4153 451 4222 πρὸ
504 4151 590 4201 τὸν
662 4154 809 4213 Βοῦν,
863 4144 1029 4197 λαϐὼν
1077 4148 1231 4219 κερας
1304 4149 1474 4214 κριοῦ,
1542 4145 1630 4192 καὶ
1686 4134 1961 4211 μανιωδῶς

355 4242 491 4291 κατὰ
520 4242 607 4290 τὸν
638 4237 839 4308 αὐχένα
881 4234 1087 4298 ἐλάσας,
1152 4237 1237 4286 τὸν
1288 4240 1379 4284 τοῦ
1429 4234 1717 4304 μαρτυρίου
1781 4231 1964 4298 στέφα-

355 4348 439 4381 νον
468 4328 595 4399 αὐτῇ
655 4325 993 4400 προύξένησε.
1045 4328 1170 4397 Περί
1229 4319 1287 4374 δὲ
1340 4330 1438 4372 των
1495 4318 1716 4393 ἁπείρων
1764 4318 1964 4388 θαυμα-

356 4438 477 4485 των,
536 4425 635 4467 τῶν
692 4416 811 4467 καθ’
882 4414 1106 4471 ἑκάστην
1194 4408 1268 4464 δι’
1336 4410 1498 4471 αὐτῆς
1573 4409 1961 4481 ἐνεργουμένων,

358 4506 526 4570 ἔξεστι
555 4509 809 4575 πὰντιτῷ
843 4502 1137 4575 βουλομένῳ
1183 4502 1477 4573 μανθάνειν.
1527 4498 1758 4551 Τελείται
1816 4493 1874 4549 δὲ
1931 4498 1960 4554 ἡ

359 4595 520 4655 αὐτῆς
572 4593 784 4655 σύναξις
853 4591 899 4643 ἐν
954 4598 1015 4662 τῇ
1067 4598 1196 4662 μονῇ
1266 4596 1358 4640 τοῦ
1446 4589 1779 4659 Διοκράτους,
1848 4586 2038 4650 ἓνοαι)

357 4692 532 4737 κεῖται
557 4686 615 4735 τὸ
671 4683 820 4754 ἅγιον
869 4681 1029 4740 αὐτῆς
1078 4679 1340 4750 λείψανον.
1404 4680 1537 4733 HERC
1601 4676 1721 4742 ibi;
1775 4674 1967 4730 verbis

358 4790 496 4847 quae
527 4774 545 4844 [
575 4772 827 4847 ]inclusi
852 4787 882 4826 e
902 4770 1369 4828 Claromontano
1388 4767 1663 4839 sumptis,
1698 4766 1801 4821 ubi
1833 4765 1969 4820 ﬁnis

359 4864 539 4919 etiam
571 4863 656 4918 sic
684 4860 958 4917 diversus
989 4860 1280 4931 reperitur
1307 4875 1319 4913 :
1356 4856 1539 4910 Λαϐὼν
1565 4860 1711 4929 κέρας
1738 4854 1968 4926 ἀπέσφα-

360 4955 439 5018 ξεν
466 4953 649 5011 αὐτὴν.
693 4952 872 5012 Οὕτως
921 4947 1009 5002 οὖν
1066 4948 1235 5009 καλῶς
1298 4948 1681 5020 ἁγωνισάμεναι
1737 4946 1807 5007 εἰς
1856 4952 1969 5016 χεῖ-

360 5064 456 5119 ρας
504 5049 637 5095 Θεοῦ
685 5044 750 5093 τὰ
818 5042 1088 5111 πνεύματα
1140 5038 1332 5091 ἑαυτῶν
1388 5038 1685 5109 παρὲθεντο.
1742 5034 1970 5086 Τελεῐται

363 5129 423 5185 ὃε
454 5134 482 5190 ἡ
508 5134 706 5192 ταύτης
737 5130 971 5195 συναξις,
1006 5128 1053 5180 ἐν
1200 5128 1328 5200 ἁγία
1394 5135 1521 5199 μονῇ
1580 5132 1671 5177 τοῦ
1736 5132 1973 5197 Σωτῆρος

362 5228 597 5297 Χριστοῦ
628 5227 721 5273 τοῦ
741 5220 1022 5293 Εὐεργέτου

432 5318 486 5367 7.
518 5334 537 5360 ι
567 5310 695 5367 Fuit
718 5309 847 5364 hzec
880 5309 937 5363 in
967 5305 1505 5364 diebus'l‘heodosii
1535 5302 1972 5376 [Adramyteni]

359 5403 603 5475 piorum
632 5403 950 5473 parentum
982 5398 1104 5454 ﬁlia
1133 5414 1206 5454 ex
1247 5396 1396 5453 urbe
1435 5392 1970 5465 Constantinopoli,

362 5508 500 5565 quae
532 5507 671 5546 cum
700 5488 1003 5562 septennis
1027 5486 1181 5545 facta
1201 5486 1974 5557 amisissetpatrem,mater

364 5581 591 5653 accepit
610 5578 818 5645 ﬁliam,
843 5583 900 5635 et
921 5578 982 5634 in
1001 5593 1123 5635 uno
1139 5576 1644 5635 monasteriorum
1671 5574 1974 5646 Byzantio-

362 5687 501 5729 rum
518 5669 775 5727 attondit
802 5687 815 5737 ;
839 5668 1059 5727 deinde
1090 5666 1237 5726 obiit
1256 5667 1435 5725 etiam
1457 5666 1611 5741 ipsa,
1630 5665 1975 5739 relinquens

360 5754 502 5821 ﬁliae
513 5776 691 5821 suam
701 5776 926 5822 omnem
939 5758 1348 5820 substantiam.
1366 5749 1495 5817 Haec
1507 5774 1582 5817 ex
1601 5772 1750 5818 auro
1762 5767 1973 5829 argen.

1650 402 1720 456 IN
1763 400 1818 455 S.
1859 395 2328 454 THEODOSlAM.

3567 392 3673 447 890

2028 524 2207 592 toque
2238 524 2352 573 tres
2383 516 2492 573 sibi
2518 516 2810 586 imagines
2839 514 3230 587 comparavit,
3263 513 3496 587 [Christi
3522 514 3671 569 scili-

2028 608 2160 678 cet],
2192 607 2578 679 Deiparseque
2621 604 3033 672 sanctissimas,
3093 608 3149 659 et
3196 605 3250 660 S.
3313 603 3666 674 Anastasius,

2029 702 2242 752 caetera
2270 695 2571 751 distribuit
2600 696 2658 749 in
2686 710 2999 766 pauperes.
3036 697 3171 748 Post
3224 693 3470 766 aliquod
3528 708 3671 748 vero

2029 791 2287 857 tempus,
2304 801 2439 840 cum
2454 785 2673 855 impius
2698 786 2807 839 Leo
2822 783 3169 855 arripuisset
3189 781 3674 854 imperium,piis-

2032 876 2184 931 simo
2211 873 2548 931 Theodosio
2562 889 2689 928 sese
2703 873 3073 928 subducente
3091 888 3103 937 ;
3120 887 3409 942 magnum
3425 870 3675 943 patriar-

2033 964 2210 1019 cham
2242 965 2624 1032 Germanum,
2656 977 2725 1018 eo
2756 962 2921 1034 quod
2952 961 3134 1017 nollet
3162 961 3349 1030 impio
3376 960 3504 1030 ejus
3525 959 3676 1028 dog-

2034 1055 2178 1110 mati
2204 1053 2529 1118 adhaerere,
2564 1054 2723 1123 [cum
2757 1051 2975 1121 gladiis
3007 1056 3062 1106 et
3084 1050 3342 1106 fustibus
3371 1066 3401 1105 e
3428 1050 3676 1122 patriar-

2035 1143 2189 1213 chio]
2218 1142 2460 1215 expulit,
2497 1146 2550 1197 et
2579 1147 2847 1197 sanctam
2871 1146 3049 1212 atque
3074 1137 3676 1209 Dominicamimagi-

2036 1249 2172 1289 nem
2208 1233 2437 1288 Domini
2460 1232 2668 1297 nostri,
2702 1246 2880 1302 supra
2910 1235 3142 1302 portam
3172 1246 3327 1302 quae,
3387 1228 3489 1301 [ab
3547 1228 3679 1299 ipso

2036 1322 2379 1389 simulacro,
2403 1321 2632 1395 sancta]
2667 1323 2849 1376 Αἰτιθᾶ
2886 1319 3120 1386 dicitur,
3176 1318 3550 1389 collocatam,
3586 1331 3679 1372 co-

2038 1415 2211 1466 natus
2239 1415 2327 1465 est
2356 1410 2608 1481 dejicere
2639 1408 2855 1465 efferus
2884 1413 3063 1481 atque
3093 1408 3217 1479 igni
3243 1407 3497 1464 tradere.
3532 1408 3681 1462 Cum

2039 1505 2239 1556 autem
2263 1500 2373 1555 hoc
2392 1502 2685 1569 ageretur,
2708 1502 2765 1553 et
2786 1496 3125 1569 spatharius
3147 1496 3306 1567 [cum
3325 1495 3537 1566 securi]
3552 1495 3681 1565 jam

2040 1595 2192 1643 esset
2212 1588 2268 1643 in
2290 1587 2699 1656 scalis,volens
2724 1602 2959 1642 sacram
2973 1585 3228 1656 efﬁgiem
3251 1584 3519 1651 amoliri;
3540 1599 3680 1640 con-

2042 1678 2206 1734 tinuo
2235 1680 2291 1732 S.
2315 1676 2646 1734 Theodosia
2677 1676 2927 1747 aliaeque
2953 1676 3067 1748 piae
3086 1674 3364 1730 mulieres
3381 1673 3683 1745 arripuere

2042 1767 2258 1836 scalas,
2289 1770 2345 1823 et
2368 1766 2668 1837 dejectum
2699 1766 2757 1821 in
2788 1769 2975 1821 terras
3002 1764 3374 1837 spatharium
3409 1762 3541 1819 neci
3589 1762 3687 1817 de-

2043 1857 2259 1913 derunt
2296 1876 2309 1925 ;
2352 1856 2839 1928 incurrentesque
2866 1855 2927 1909 in
2947 1853 3397 1927 patriarchium,
3436 1856 3687 1908 Anasta-

2044 1946 2198 2001 sium
2224 1942 2893 2017 pseudo-patriarcham
2915 1945 3223 2015 cmperunt
3249 1940 3541 2013 lapidare.
3568 1940 3690 1996 Sta-

2045 2035 2147 2090 tim
2176 2034 2353 2105 igitur
2383 2033 2624 2105 reliqum
2660 2030 2905 2105 quidem
2948 2030 3226 2087 mulieres
3256 2030 3449 2102 capite
3500 2028 3688 2101 plexre

2044 2128 2201 2188 sunt,
2234 2125 2511 2179 Sanctam
2540 2137 2681 2177 vero
2716 2120 2972 2177 crudelis
3009 2120 3262 2193 quidam
3292 2123 3471 2190 atque
3516 2117 3692 2173 inhu-

2043 2228 2261 2268 manus
2279 2210 2539 2267 carnifex
2562 2211 2807 2266 trahens
2831 2209 2909 2266 ad
2938 2210 3139 2265 locum
3161 2209 3337 2264 Bovis
3358 2207 3607 2273 dictum,
3637 2209 3694 2261 et

2046 2317 2233 2358 cornu
2251 2300 2447 2357 arietis
2476 2300 2738 2372 rapiens,
2758 2298 2903 2354 illud
2927 2298 2987 2353 in
3015 2299 3308 2355 cervicem
3329 2294 3693 2351 furibundus

2044 2391 2313 2464 impegit,
2346 2390 2518 2462 eique
2545 2388 2782 2460 martyii
2834 2403 3120 2444 coronam
3171 2386 3381 2443 attulit.
3438 2388 3517 2440 De
3561 2383 3694 2439 inﬁ-

2046 2482 2182 2537 nitis
2195 2496 2374 2554 porro
2388 2479 2709 2545 miraculis,
2729 2495 2865 2552 quae
2883 2478 3148 2552 quotidie
3165 2493 3273 2551 per
3294 2477 3490 2550 ipsam
3522 2474 3694 2543 fiunt,

2048 2572 2237 2629 cuivis
2277 2572 2425 2627 scire
2449 2570 2665 2626 volenti
2698 2573 3047 2642 promptum
3079 2571 3167 2624 est
3196 2567 3426 2623 discere
3458 2582 3470 2620 :
3504 2564 3698 2636 agitur

2049 2666 2249 2717 autem
2278 2660 2429 2715 illius
2463 2658 2746 2715 festivitas
2779 2659 2839 2713 in
2862 2656 3228 2713 monasterio
3257 2654 3560 2726 Diocratis,
3592 2652 3699 2709 ubi

2051 2755 2259 2807 sancta
2290 2750 2419 2821 ejus
2444 2748 2683 2822 lipsana
2701 2747 3105 2820 requiescunt.
3138 2768 3166 2797 »

2123 2862 2174 2915 8.
2204 2856 2448 2926 Eadem,
2482 2855 2588 2911 sed
2617 2854 2695 2911 ad
2727 2855 2792 2910 18
2822 2852 2982 2921 Julii,
3014 2852 3261 2925 quando
3299 2851 3453 2923 forte
3498 2849 3703 2920 aliqua

2052 2946 2265 3004 elevati
2278 2943 2624 3001 translative
2639 2944 2906 3017 corporis
2923 2942 3218 2999 memoria
3241 2942 3457 3013 agitur,
3479 2938 3704 2995 haben-

2053 3040 2146 3093 tur
2174 3036 2235 3091 in
2261 3051 2371 3091 ms.
2403 3033 2737 3107 Synaxario
2769 3032 3256 3097 Claromontano,
3278 3030 3529 3103 aliisque
3554 3043 3701 3083 mss.

2053 3125 2115 3181 in
2144 3124 2508 3181 bibliotheca
2565 3122 2969 3178 Ambrosiana
3016 3120 3349 3187 Mediolani,
3396 3123 3454 3174 et
3503 3115 3705 3173 Ducali

2056 3212 2399 3270 Sabaudica
2432 3212 2668 3269 Taurini
2720 3211 2967 3283 repertis
3000 3210 3145 3266 :sed
3191 3210 3254 3265 in
3304 3207 3706 3265 Ambrosiano

2058 3303 2283 3369 codice,
2315 3318 2426 3374 pro
2462 3307 2729 3373 tempore
2766 3299 3078 3371 Theodosii
3134 3297 3543 3372 Adramyteni,
3603 3293 3709 3367 qui

2062 3392 2240 3449 Leoni
2260 3391 2579 3462 imperium
2600 3390 2797 3458 cessit,
2819 3392 3061 3445 notatur
3078 3393 3319 3459 tempus
3337 3382 3710 3442 Constantini

2061 3481 2446 3554 Copronymi,
2480 3495 2586 3553 per
2613 3479 3003 3536 manifestum
3053 3493 3355 3534 errorem:
3391 3481 3447 3531 et
3504 3487 3711 3530 mona-

2064 3572 2331 3640 sterium,
2362 3570 2527 3643 quod
2559 3569 2698 3626 alibi
2732 3570 3049 3637 Diocratis,
3068 3568 3196 3623 istic
3219 3566 3592 3623 Dexiocratis
3611 3577 3715 3634 ap-

2066 3660 2341 3734 pellatur.
2372 3660 2464 3715 Sic
2488 3664 2690 3715 autem
2710 3674 2912 3715 revera
2939 3656 3369 3731 appellandum
3405 3654 3578 3710 docet
3601 3653 3712 3707 Co-

2067 3751 2267 3818 dinus,
2283 3768 2351 3806 ex
2366 3766 2488 3823 quo
2509 3750 2766 3820 Cangius
2782 3749 2842 3805 in
2858 3765 2968 3805 sua
2990 3746 3517 3816 Constantinopoli
3543 3742 3714 3799 Chri-

2067 3843 2267 3897 stiana
2290 3840 2521 3907 asserit,
2547 3840 2955 3895 Dexiocratem
2978 3838 3139 3893 hunc
3161 3835 3480 3910 patricium
3512 3832 3713 3898 fuisse,

2070 3937 2125 3986 et
2152 3931 2264 3985 sub
2294 3930 2627 3987 Theodosio
2657 3922 2897 3984 Juniore
2944 3928 3241 3994 ﬂoruisse,
3292 3931 3350 3982 et
3404 3921 3719 3979 ecclesiam

2070 4036 2192 4076 una
2215 4037 2354 4076 cum
2381 4019 2723 4089 gerocomio
2746 4018 2861 4091 ipsi
2883 4018 3088 4074 addito
3110 4018 3186 4073 de
3208 4033 3317 4072 suo
3342 4014 3586 4071 nomine
3618 4026 3722 4084 ap-

2072 4111 2350 4185 pellasse.
2386 4116 2447 4167 In
2479 4111 2942 4166 Claromontano
2966 4114 3190 4175 autem,
3212 4107 3441 4164 omissa
3463 4104 3721 4160 miracu-

2072 4202 2269 4258 lorum
2301 4206 2403 4258 aut
2457 4200 2847 4272 reliquiarum
2897 4198 3221 4269 mentione,
3294 4197 3420 4252 haec
3480 4192 3725 4266 ponitur

2075 4292 2344 4349 clausula
2378 4309 2389 4346 :
2418 4311 2447 4344 α
2483 4291 2793 4361 Accipiens
2812 4306 2999 4345 cornu
3025 4286 3305 4344 mactavit
3325 4300 3482 4341 eam.
3513 4282 3604 4339 Sic
3621 4281 3725 4352 igi-

2076 4390 2169 4441 tur
2195 4384 2441 4456 pulchre
2469 4382 2862 4446 decertantes,
2898 4379 3209 4435 animasin
3233 4377 3333 4433 Dei
3363 4390 3585 4431 manus
3612 4378 3725 4428 tra-

2076 4475 2390 4530 diderunt:
2434 4472 2591 4527 illius
2622 4486 2765 4526 vero
2808 4470 3094 4526 festivitas
3150 4468 3347 4539 agitur
3403 4466 3463 4521 in
3518 4467 3728 4520 sancto

2075 4563 2440 4622 monasterio
2464 4560 2787 4619 Salvatoris
2811 4560 3045 4629 Christi,
3063 4558 3201 4614 dicti
3231 4556 3506 4614 Benefici.
3527 4578 3555 4605 »
3582 4554 3732 4610 Can-

2077 4658 2208 4728 gius
2228 4656 2286 4710 in
2311 4670 2420 4709 sua
2445 4651 2966 4719 Constantinopoli
2987 4649 3340 4707 Christiana
3360 4646 3435 4702 de
3468 4646 3584 4701 hoc
3604 4659 3731 4700 mo-

2075 4743 2338 4803 nasterio
2357 4744 2485 4797 fuse
2510 4743 2653 4810 agit,
2674 4739 2969 4811 docetque
2986 4736 3152 4794 haud
3174 4735 3383 4809 procul
3406 4751 3442 4791 a
3464 4733 3733 4790 Blacher-

2077 4836 2172 4892 nis
2200 4836 2371 4905 juxta
2408 4832 2570 4888 littus
2610 4829 2795 4887 fuisse
2829 4848 2841 4885 :
2876 4844 3017 4885 cum
3069 4842 3193 4900 quo
3248 4824 3484 4881 videtur
3538 4823 3734 4880 facere

2077 4925 2243 4999 quod
2266 4922 2532 4996 sequitur
2557 4920 2930 4984 Encomium,
2955 4918 3102 4973 dum
3132 4932 3302 4973 num.
3332 4918 3399 4971 34
3421 4914 3521 4980 ait,
3546 4928 3735 4985 prope

2079 5016 2240 5071 littus
2262 5012 2486 5069 sedisse
2508 5015 2882 5066 contractum
2896 5008 3246 5081 quemdam,
3261 5004 3520 5077 indeque
3535 5002 3737 5059 subla-

2081 5110 2207 5162 tum
2238 5103 2505 5159 humeris
2533 5116 2668 5156 esse
2685 5100 2759 5155 ad
2795 5098 3068 5155 tumbam
3089 5098 3341 5163 Sanctae,
3368 5094 3470 5150 ubi
3494 5096 3738 5150 curatus

2082 5201 2196 5251 est.
2231 5198 2500 5251 Fortasse
2531 5192 2831 5248 sociarum
2858 5189 3176 5245 mulierum
3206 5201 3464 5260 corpora
3506 5183 3741 5257 sepulta

2082 5286 2142 5341 in
2168 5282 2527 5340 Dexiocratis
2546 5279 2908 5337 monasterio
2936 5279 3202 5345 fuerant;
3236 5280 3294 5333 et
3312 5278 3556 5348 propter
3580 5289 3741 5329 com-

2086 5390 2331 5431 munem
2363 5389 2571 5429 earum
2594 5387 2733 5427 cum
2761 5368 3095 5426 Theodosia
3123 5366 3497 5440 passionem,
3527 5364 3740 5435 hujus-

2083 5480 2328 5538 quoque
2358 5461 2642 5519 festivitas
2671 5460 2897 5516 ibidem
2956 5458 3053 5529 agi
3110 5455 3460 5529 ibidemque
3517 5468 3741 5528 corpus

2082 5555 2453 5628 requiescere
2483 5556 2780 5609 censetur.

2156 5667 2206 5719 9.
2235 5664 2585 5719 Praatactum
2612 5657 2997 5726 miraculum,
3042 5656 3280 5730 aliaque
3334 5653 3624 5726 deinceps
3681 5650 3744 5706 in

2084 5746 2372 5814 Encomio
2393 5754 2654 5823 narrata,
2685 5740 2907 5808 saeculo
2938 5748 3206 5823 primum
3234 5745 3339 5804 xin
3368 5747 3623 5804 exeunte
3643 5743 3748 5800 aut
