4484 6446
805 444 905 501 891

2010 446 2476 504 CONSTANTINI
2510 447 2999 505 ACROPOLITE.

4103 456 4208 509 892

800 585 899 626 xxv
963 570 1244 626 inchoato
1283 574 1521 642 patrata
1567 576 1753 627 sunt:
1800 577 1937 627 ante
1989 588 2125 643 quae
2174 576 2448 643 tempora
2476 572 2526 623 Α
2563 572 2812 627 invidit:
2845 594 2873 621 »
2904 572 2961 628 ia
2994 574 3253 632 Diatriba
3290 584 3492 634 autem
3541 578 3614 634 de
3656 579 4001 635 Simeonum
4059 577 4207 631 scri-

803 658 1353 731 oporteretpridem
1406 660 1694 715 accidisse
1747 659 1866 723 illa,
1917 677 2175 732 quorum
2225 660 2448 715 mentio

801 745 870 801 ﬁt
918 746 975 801 in
1035 748 1402 818 Synaxarils,
1459 752 1517 803 et
1563 748 1908 821 antiquiora
1982 749 2186 821 aliqua
2258 750 2449 821 ipsius

804 837 1035 892 Sancta:
1065 836 1367 893 exstitisse
1404 841 1538 893 acta
1566 838 1726 893 unde
1752 843 1998 910 accepta
2018 839 2135 893 sint
2177 840 2448 909 Synaxa-

800 925 1028 981 riorum
1059 942 1207 980 mss.
1229 926 1422 995 elogia
1457 948 1470 983 :
1500 942 1635 999 quae
1686 933 1831 983 Acta
1883 928 2065 984 modo
2114 944 2236 984 non
2289 929 2447 984 inve-

801 1014 1062 1070 niantur.
1095 1016 1461 1087 Utorumque
1486 1017 1787 1085 jacturam
1818 1023 2122 1089 utcunque
2152 1016 2452 1089 supplebit

802 1108 906 1155 Τοὺ
969 1106 1271 1175 σοφωτάτου
1329 1106 1555 1176 μεγάλου
1609 1108 1899 1176 Λογοθέτου
1964 1114 2124 1178 κυροῡ
2182 1113 2447 1159 Κωνσταν-

802 1196 967 1260 τίνου,
1011 1200 1104 1244 τοῦ
1169 1192 1561 1265 Ἀκροπολίτου,
1617 1194 1767 1266 λόγος
1831 1195 1901 1256 εἰς
1952 1199 2044 1252 τὴν
2106 1196 2259 1266 ἁγίαν
2311 1198 2453 1247 ὁσιο-

802 1279 1047 1353 μάρτυρα
1102 1278 1431 1335 Θεοδοσίανε
1511 1305 1538 1331 ‹‹
1618 1284 2046 1355 Sapientissimi
2125 1290 2182 1338 et
2245 1285 2450 1353 magni

800 1369 1144 1441 logothetae,
1174 1370 1385 1426 domni
1424 1372 1793 1427 Constantini
1848 1372 2218 1444 Acropolitae,
2254 1389 2449 1429 sermo

800 1459 863 1514 in
911 1463 1183 1515 sanctam
1246 1459 1752 1532 hosiomartyrem
1795 1461 2193 1517 Theodosiam
2223 1481 2235 1517 :
2268 1485 2296 1511 »
2351 1462 2449 1517 de-

803 1548 1056 1619 scriptus
1107 1563 1181 1603 ex
1246 1548 1451 1605 codice
1509 1550 1809 1606 Vaticano.
1867 1551 2291 1606 Constantinus
2319 1551 2447 1616 iste,

801 1637 1179 1710 propinquas
1227 1638 1501 1710 sepulcro
1576 1640 1734 1695 aedes
1808 1639 2107 1705 habitans,
2186 1640 2450 1710 magnis-

802 1740 921 1798 que
950 1724 1029 1781 ad
1055 1741 1127 1781 ea
1165 1730 1286 1781 tam
1308 1726 1369 1781 in
1398 1743 1507 1782 sua
1534 1743 1721 1799 quam
1752 1727 1811 1782 in
1844 1728 2045 1796 generi
2077 1727 2171 1782 sui
2195 1744 2455 1799 persona

803 1813 1053 1871 affectus
1080 1813 1405 1885 beneﬁciis,
1439 1816 1597 1871 hanc
1617 1815 1774 1871 illius
1806 1816 2213 1872 laudationem
2263 1816 2452 1888 publi-

2560 662 2696 731 ptis,
2731 666 2939 731 praeter
2967 662 3123 718 hanc
3142 664 3214 719 de
3245 670 3299 721 ὃ.
3353 668 3703 735 Theodosia,
3757 673 3871 721 tres
3923 682 4131 721 earum
4171 680 4207 719 a

2558 766 2620 803 se
2646 756 2997 820 conspectas
3029 764 3323 821 numerat,
3348 779 3373 802 «
3403 756 3463 810 in
3500 759 3555 811 S.
3586 757 3983 827 Neophytum,
4031 757 4091 809 in
4144 756 4199 809 S.

2556 836 2934 893 Theodorum
2960 841 3254 909 Tironem,
3287 850 3343 897 et
3367 845 3428 898 in
3460 846 3514 899 S.
3554 846 3846 899 Joannem
3893 848 4205 898 Damasce-

2558 941 2776 983 num.»
2836 928 2948 982 Sed
2986 928 3241 986 dubium
3284 933 3413 1002 ipse
3465 949 3642 988 suum
3691 932 3919 988 solvere
3969 932 4204 986 videtur

2556 1014 2820 1078 Allatius,
2845 1017 3092 1087 quando
3114 1034 3185 1073 ex
3208 1021 3572 1092 Pachymere
3595 1021 3964 1093 prmlaudato
3986 1020 4205 1085 allegat

2556 1102 2777 1167 locum,
2807 1106 2908 1159 ubi
2939 1104 3152 1162 dicitur
3197 1111 3570 1165 Andronicus
3622 1109 4009 1178 Palaeologos,
4068 1113 4206 1179 post

2558 1192 2789 1247 obitum
2821 1195 3024 1264 patris.
3062 1217 3080 1243 ε
3114 1203 3249 1252 aute
3280 1197 3427 1253 alios
3486 1216 3627 1254 usus
3673 1198 3969 1255 Muzalone
4024 1197 4203 1252 Theo-

2557 1280 2725 1349 doro,
2780 1299 2962 1352 quem
3024 1284 3158 1339 illus
3217 1293 3384 1357 pater
3452 1288 3509 1342 in
3600 1289 3809 1357 magni
3888 1286 4207 1356 logothetas

2557 1370 2908 1440 Acropolitze
2939 1372 3233 1429 demortui
3267 1374 3466 1430 locum
3489 1376 3845 1445 subrogarat
3879 1392 3890 1429 :
3922 1398 3947 1421 »ι
4006 1373 4209 1444 utique

2559 1459 2789 1527 Georgii
2822 1477 2833 1513 :
2866 1476 3008 1514 nam
3036 1464 3455 1518 Constantinus
3486 1469 3686 1519 noster
3719 1464 3858 1518 vixit
3906 1478 4045 1517 cum
4096 1466 4211 1515 An—

2558 1547 2827 1617 dronico,
2852 1551 2933 1604 uti
2952 1551 3083 1619 jam
3107 1568 3289 1622 supra
3310 1553 3535 1608 dictum
3562 1560 3669 1608 est.

2638 1637 2716 1689 tl.
2754 1638 2905 1702 Quin
2944 1639 3066 1694 imo
3123 1641 3351 1709 Georgii
3409 1641 3565 1696 illius
3622 1641 3781 1696 ﬁlius
3827 1641 4009 1695 fuisse
4061 1640 4205 1694 Con-

2560 1726 2874 1791 stantinus,
2900 1726 3077 1797 plane
3108 1728 3402 1795 colligitur
3432 1746 3504 1785 ex
3545 1730 3645 1784 lib.
3680 1747 3749 1795 v1,
3783 1746 3916 1801 cap.
3974 1733 4061 1795 26,
4106 1727 4207 1781 ubi

2560 1821 2856 1879 narratur,
2889 1817 3200 1887 quomodo
3242 1818 3481 1873 Michael
3530 1819 3991 1875 Constantinum
4042 1822 4221 1871 Acro-

802 1920 869 1960 ce
902 1902 1277 1959 recitandam
1306 1906 1664 1977 composuit,
1691 1905 1933 1977 qualem
1989 1906 2327 1961 invenimus
2392 1906 2452 1962 in
2486 1918 2526 1971 Β
2565 1902 2833 1974 politam,
2866 1926 2893 1951 ‹‹
2926 1921 3107 1974 quem
3140 1921 3175 1959 a
3199 1912 3362 1976 patre
3412 1922 3634 1975 magno
3688 1907 3990 1978 logotheta
4043 1920 4215 1960 acce-

802 2008 918 2049 ms.
945 1991 1253 2048 Vaticano.
1277 1993 1664 2064 lntelligimus
1690 2001 1890 2050 autem
1921 1998 2159 2050 Viennae
2209 2012 2451 2067 quoque

801 2082 863 2138 in
894 2082 1165 2137 Caesarea
1201 2081 1565 2138 bibliotheca
1620 2089 1875 2151 exstare,
1934 2090 1990 2139 et
2044 2084 2141 2139 hic
2189 2085 2452 2153 primum

804 2170 1297 2227 Graeco-Latinam
1327 2171 1682 2227 exhibemus
1718 2190 1729 2226 :
1755 2173 1860 2227 sed
1892 2184 2071 2228 antea
2104 2176 2451 2245 quaerimus,

802 2260 939 2332 quis
991 2259 1421 2317 Constantinus
1476 2260 1584 2315 iste
1630 2260 1824 2326 fuerit,
1879 2267 1935 2318 et
1989 2278 2112 2334 quo
2184 2268 2453 2334 tempore

800 2348 1030 2405 vixerit.
1062 2348 1151 2404 Ad
1174 2349 1292 2405 hoc
1316 2349 1732 2419 indagandum
1779 2351 1906 2423 ipse
1936 2352 2111 2407 nobis
2165 2354 2454 2423 suggerit,

803 2451 1090 2508 generum
1122 2438 1236 2494 sibi
1261 2438 1444 2495 fuisse
1496 2439 1688 2495 ﬁlium
1735 2441 2023 2513 principis
2072 2442 2454 2505 Cholcorum.

801 2526 1206 2600 eumdemque
1226 2533 1507 2600 nepotem
1529 2529 1791 2585 defuncti
1814 2530 2194 2603 imperatoris
2209 2548 2281 2587 ex
2312 2532 2452 2597 tilia,

799 2618 1107 2687 regnantis
1138 2633 1341 2674 sorore
1375 2634 1390 2683 ;
1416 2634 1552 2690 qua?
1576 2620 2254 2691 Constantinopolitanae
2278 2621 2458 2677 histo-

800 2706 926 2773 rias,
954 2706 1127 2778 periti
1166 2705 1338 2762 facile
1382 2707 1717 2777 intelligunt
1766 2708 1844 2764 ad
1900 2709 2194 2765 Michaelis
2248 2710 2457 2765 Palam-

800 2795 1186 2869 logi,ﬁliique
1211 2797 1342 2867 ejus
1368 2797 1692 2853 Andronici
1747 2798 1997 2854 senioris
2044 2804 2318 2871 tempora
2375 2801 2456 2855 sic

803 2885 1015 2958 aptari,
1040 2890 1102 2941 ut
1123 2884 1201 2941 ad
1218 2885 1385 2941 nulla
1406 2886 1524 2942 alia
1539 2902 1710 2959 aeque
1732 2888 1963 2959 possint
1983 2888 2453 2943 accommodari.

804 2973 991 3046 Coepit
1011 2977 1213 3030 autem
1229 2974 1525 3048 imperare
1546 2976 1787 3033 Michael
1814 2992 1977 3033 anno
2000 2981 2135 3033 1260
2156 2994 2167 3043 ;
2188 2983 2245 3033 et
2266 2976 2457 3032 ﬁlium

802 3063 1234 3133 Andronicum,
1260 3065 1543 3136 conjugio
1574 3072 1758 3122 Annte
1815 3066 1950 3123 ﬁliae
2007 3068 2167 3137 regis
2224 3068 2458 3123 Panno-

804 3152 918 3209 niae
941 3152 1241 3225 junctum,
1276 3155 1486 3211 ascivit
1514 3156 1751 3222 imperii
1777 3158 1868 3211 sui
1920 3163 2258 3213 consortem
2296 3172 2457 3213 anno

2562 2000 2733 2065 ptum
2792 1992 3077 2048 educarat
3134 1994 3297 2065 apud
3352 2011 3435 2062 se,
3488 1996 3918 2066 informarique
3970 1993 4217 2065 optimis

2563 2082 2789 2138 artibus
2803 2090 3057 2147 curarat,
3080 2106 3106 2131 ››
3126 2090 3367 2156 propter
3387 2086 3769 2156 pertinaciam
3793 2084 3850 2138 iu
3870 2083 4212 2147 schismate,

2565 2194 2592 2222 ‹‹
2626 2171 3018 2243 privaritloco
3048 2174 3251 2241 gratiae
3304 2190 3485 2245 quem
3537 2176 3701 2246 prius
3734 2175 4043 2236 habuerat,
4105 2177 4220 2226 eta

2565 2276 2673 2316 sua
2703 2260 3099 2317 familiaritate
3123 2264 3441 2318 removerit
3471 2281 3483 2317 :
3522 2285 3549 2313 »
3574 2262 3741 2335 quod
3770 2262 3994 2317 factum
4047 2267 4215 2315 ante-

2563 2350 3147 2422 penultimoimperii
3174 2367 3354 2407 anno.
3400 2354 3609 2407 Verum
3644 2352 3758 2407 cito
3799 2351 3959 2422 apud
4021 2349 4216 2404 ﬁlium

2564 2438 2970 2493 Andronicum
3054 2440 3424 2510 recuperavit
3509 2442 3958 2507 Constantinus,
4048 2434 4218 2508 quod

2565 2528 2731 2598 apud
2762 2528 3102 2584 Michaelem
3136 2530 3458 2584 amiserat:
3489 2530 3568 2584 uti
3613 2535 3669 2583 et
3720 2528 4088 2589 Theodorus,
4142 2524 4223 2579 ob

2566 2618 2845 2674 eamdem
2864 2636 3111 2675 causam
3143 2620 3336 2691 gradu
3354 2620 3670 2688 logothetaa
3695 2625 3893 2674 motus
3915 2636 3927 2673 :
3949 2617 4053 2688 qui
4084 2632 4226 2670 cum

2566 2710 2848 2765 eumdem
2866 2708 2944 2764 ad
2974 2708 3315 2764 Andronico
3343 2710 3684 2780 recepisset,
3729 2708 3785 2762 in
3842 2708 3972 2778 ipso
4024 2720 4225 2775 perse-

2565 2799 2814 2865 veravit,
2893 2798 3329 2869 protovestiarii
3410 2797 3576 2853 titulo
3658 2798 3903 2866 insuper
3987 2799 4225 2860 auctus,

2568 2904 2759 2960 usque
2786 2886 2866 2942 ad
2890 2903 2988 2942 an.
3032 2890 3183 2954 1294,
3211 2903 3332 2959 quo
3384 2886 3567 2951 obiit;
3620 2892 3676 2940 et
3718 2887 3847 2958 ipso
3905 2883 4225 2952 logothetae

2569 2992 2816 3032 munere
2851 2991 3258 3030 successorem
3318 2974 3527 3030 habuit
3564 2975 3917 3045 praedictum
3953 2971 4220 3039 Gregorii

2567 3066 2757 3121 ﬁlium
2792 3065 3263 3128 Constantinum,
3290 3065 3673 3135 imperatoria
3713 3079 3851 3117 mox
3913 3060 4222 3125 afﬁnitate,

2566 3156 2651 3211 uti
2675 3170 2858 3225 supra
2877 3154 3158 3217 diximus,
3180 3156 3564 3209 honoratum.
3592 3153 3873 3219 Quandiu
3893 3151 3987 3206 hic
4010 3155 4227 3222 postea

808 3246 964 3308 1272,
997 3242 1124 3315 ipse
1155 3247 1356 3299 autem
1378 3244 1525 3300 obiit
1548 3244 1660 3301 sub
1682 3245 1865 3302 ﬁnem
1896 3262 1993 3302 an.
2044 3250 2198 3303 1281.
2228 3247 2366 3316 Ejus
2388 3262 2458 3301 ac
2498 3267 2538 3323 ρ
2568 3246 2768 3300 vixerit
2821 3260 2941 3299 non
2983 3244 3213 3315 reperio
3239 3261 3251 3297 :
3302 3260 3489 3298 unum
3544 3241 3960 3297 verosimiliter
4016 3239 4228 3293 videor

803 3332 909 3388 ﬁlii
934 3348 1027 3388 res
1049 3335 1249 3403 gestas
1296 3334 1592 3389 accuratis
1619 3336 2068 3392 commentariis
2104 3340 2456 3408 prosecutus

807 3426 896 3478 est
915 3422 1203 3492 Georgius
1230 3422 1646 3495 Pechymeres,
1689 3440 1812 3479 non
1841 3425 1923 3480 ita
1967 3425 2200 3498 pridem
2251 3423 2461 3481 Latini-

806 3513 925 3567 tate
949 3508 1211 3567 donatus
1261 3526 1299 3568 a
1350 3516 1555 3569 nostro
1587 3515 1753 3569 Petro
1806 3514 2077 3582 Possino,
2120 3522 2177 3568 et
2234 3515 2462 3569 Graeco-

808 3599 1010 3655 Latine
1039 3598 1234 3655 editus
1259 3602 1461 3656 Romae
1502 3602 2114 3671 magniﬁcentissimis
2170 3618 2241 3658 ac
2285 3602 2464 3675 plane

807 3688 987 3758 regiis
1050 3690 1211 3761 typis
1270 3690 1620 3747 Barberinis.
1676 3694 1756 3747 Ex
1800 3708 1872 3748 eo
1932 3691 2242 3759 discimus,
2292 3692 2461 3764 quod

808 3777 947 3834 ﬁlite
1010 3777 1275 3834 Michaeli
1329 3778 1548 3836 fuerint
1600 3786 1741 3847 tres,
1800 3782 1976 3837 etiam
2046 3782 2369 3837 nominatas
2431 3798 2466 3835 a

811 3866 1191 3924 Christodulo
1220 3868 1277 3922 in
1299 3868 1551 3940 epistola
1570 3871 1794 3941 praevia
1825 3870 1903 3926 ad
1934 3871 2249 3926 historiam
2292 3873 2465 3926 Joan-

810 3956 904 4013 nis
931 3958 1343 4027 Cantacuzeni,
1373 3958 1536 4015 [rene
1567 3960 1805 4030 scilicet,
1838 3960 2121 4020 Eudocia.
2171 3966 2229 4017 et
2258 3967 2454 4016 Anna.

808 4049 975 4102 lrene
1006 4048 1215 4120 nupsit
1238 4050 1444 4105 Asano
1472 4049 1723 4119 Jnniori,
1754 4050 2045 4121 Bulgariae
2068 4052 2191 4121 regi
2229 4070 2240 4118 ;
2279 4050 2465 4104 Eudo-

809 4135 902 4192 cia
928 4136 1182 4209 principi
1244 4138 1533 4194 Lazorum
1583 4139 1894 4207 collocata,
1954 4141 2170 4196 marito
2229 4146 2466 4194 mortuo

808 4225 872 4281 in
897 4225 1331 4282 monasterium
1356 4243 1484 4283 sese
1539 4231 1806 4301 recepit;
1859 4234 2049 4300 Anna,
2110 4229 2233 4285 ﬁlio
2294 4229 2467 4285 cralis

810 4330 920 4369 seu
942 4314 1102 4384 regis
1123 4316 1338 4372 Serviaa
1365 4316 1669 4389 desponsa
1697 4319 1965 4392 quidem.
1999 4320 2104 4375 sed
2148 4321 2469 4390 conjuncta

807 4420 1149 4477 nunquam,
1188 4421 1350 4462 anno
1385 4410 1518 4462 1278
1550 4409 1814 4465 Michaeli
1852 4410 2303 4480 consanguineo
2357 4425 2467 4463 suo

809 4494 1067 4560 nubens,
1098 4495 1295 4551 attulit
1324 4497 1375 4552 ei
1406 4497 1641 4553 titulum
1672 4498 1975 4571 despotae:
2008 4505 2064 4555 et
2094 4499 2231 4554 huic
2279 4498 2468 4570 potuit

2568 3350 2744 3406 posse
2770 3333 2991 3399 dicere,
3026 3334 3378 3388 Encomium
3406 3336 3460 3388 S.
3494 3331 3842 3387 Theodosia:
3876 3330 3953 3385 ab
3985 3344 4055 3384 eo
4088 3328 4230 3382 scri-

2568 3428 2739 3494 ptum
2790 3420 2975 3475 fuisse
3048 3426 3185 3475 ante
3265 3436 3494 3475 annum
3577 3423 3731 3477 1306.
3800 3416 4023 3489 alioqui
4103 3430 4229 3471 non

2570 3510 2874 3566 omisisset
2920 3509 3375 3565 celeberrimum
3440 3509 3600 3563 istud
3656 3506 4013 3562 miraculum
4064 3504 4236 3577 quod

2570 3600 2674 3654 lib.
2714 3617 2765 3669 v,
2801 3600 2874 3655 de
2898 3600 3263 3663 Andronico.
3308 3614 3438 3671 cap.
3471 3602 3557 3667 32,
3589 3602 3791 3651 narrat
3831 3594 4237 3665 Pachymeres

2571 3704 2695 3761 quo
2722 3690 2858 3760 ique
2888 3688 3103 3743 eodem
3136 3687 3383 3755 contigit
3412 3702 3593 3742 anno.
3627 3688 3721 3740 Est
3747 3690 3948 3740 autem
3976 3706 4002 3732 ‹‹
4027 3682 4239 3751 magni

2572 3777 2889 3846 logotheta’
2912 3776 3177 3831 ofﬁcium
3209 3776 3540 3848 proprium.
3576 3781 3638 3829 ut
3669 3775 3750 3830 ait
3772 3772 4034 3830 Codinus
4082 3770 4239 3825 libro

2574 3869 2647 3924 de
2690 3869 2935 3937 Ofﬁciis,
2988 3866 3276 3922 mandata
3336 3867 3499 3936 regia
3556 3872 3612 3920 et
3668 3881 3844 3920 aures
3897 3862 4095 3917 bullas
4153 3860 4234 3915 ad

2573 3972 2765 4025 reges,
2819 3957 3108 4026 sultanos,
3172 3962 3444 4028 satrapas
3496 3954 3775 4026 expedire
3813 3970 3825 4007 :
3862 3975 3889 4001 ν
3936 3951 4106 4022 isque
4155 3950 4237 4003 ab

2574 4046 2786 4102 eodem
2825 4047 3048 4101 Codino
3106 4052 3456 4100 numeratur
3514 4046 3572 4099 in
3617 4043 3826 4098 ordine
3880 4038 4234 4095 otﬁcialium

2577 4136 2977 4191 Palatinorum
3009 4134 3406 4190 duodecimus
3454 4137 3565 4187 Nec
3595 4131 3758 4187 aliud
3788 4136 4077 4203 praeterea
4120 4142 4231 4182 no-

2575 4226 2828 4282 tandum
2858 4227 3015 4281 circa
3041 4226 3167 4280 haec
3198 4225 3473 4293 occurrit.
3508 4238 3693 4294 quam
3724 4218 4077 4290 Acropolitte
4122 4232 4230 4288 ap-

2576 4315 2958 4388 pellationem
2982 4330 3103 4369 non
3136 4314 3314 4369 fuisse
3337 4313 3564 4383 patrue,
3593 4311 3697 4365 sed
3720 4308 3961 4365 familiae
4004 4321 4231 4375 cogno-

2576 4410 2885 4460 mentum:
2916 4420 3052 4459 cum
3088 4404 3230 4457 satis
3262 4410 3487 4457 certum
3534 4401 3825 4456 videatur.
3883 4404 4005 4451 tam
4059 4397 4234 4449 Geor-

2578 4496 2744 4564 gium
2766 4510 2950 4566 quam
2975 4494 3022 4563 ej
3038 4510 3104 4547 us
3126 4492 3315 4547 ﬁlium
3338 4489 3790 4545 Constantinum
3818 4484 4238 4542 Constantino-

809 4585 987 4642 datus
1017 4602 1146 4642 esse
1176 4586 1549 4660 principatus
1576 4588 1957 4658 Colchorum,
1990 4595 2053 4644 ut
2107 4605 2177 4643 ex
2229 4604 2300 4644 eo
2345 4604 2469 4643 ma-
2504 4616 2545 4669 ο
2578 4585 2880 4658 politanos
2912 4583 3097 4639 fuisse
3132 4602 3144 4637 :
3184 4582 3302 4637 alia
3345 4586 3547 4635 autem
3584 4578 3892 4647 gentilium
3934 4573 4237 4669 ejusmodi

811 4678 1094 4735 trimonio
1125 4684 1301 4734 natus
1324 4678 1483 4734 filius
1516 4681 1792 4750 potuerit,
1828 4680 1985 4734 circa
2025 4694 2256 4733 annum
2309 4682 2468 4746 1295,

809 4767 1031 4823 ducere
1053 4783 1305 4823 uxorem
1340 4766 1526 4824 ﬁliam
1582 4767 1949 4824 Constantini
1997 4767 2339 4837 logothetaa,
2395 4765 2470 4821 de

810 4872 935 4931 quo
964 4855 1141 4912 nobis
1172 4855 1233 4911 in
1261 4856 1718 4929 praesentiarum
1748 4862 1836 4912 est
1863 4857 2135 4928 quaestio.

888 4948 971 5003 10.
1006 4948 1123 5002 Leo
1161 4945 1431 5012 Allatius,
1459 4946 1520 5002 in
1580 4962 1693 5001 sua
1742 4945 1817 5001 de
1869 4944 2133 5015 Georgiis
2188 4942 2469 5009 Diatriba,

813 5037 975 5096 edita
1049 5041 1187 5110 post
1242 5036 1477 5106 Georgii
1524 5034 1877 5108 Acropolitae
1938 5033 2271 5104 historiam,
2323 5032 2474 5088 inter

811 5131 1043 5201 legatos
1076 5144 1113 5184 a
1141 5126 1419 5185 Michaele
1442 5127 1661 5183 missos
1692 5126 1770 5181 ad
1801 5126 2153 5196 Gregorium
2199 5127 2261 5193 Χ,
2310 5138 2472 5179 anno

818 5222 975 5286 l273,
1033 5219 1413 5274 nominatum
1462 5216 1774 5272 inveniens
1824 5214 1986 5289 apud
2042 5214 2473 5285 Pachymerem

813 5310 1006 5377 lib.V,
1031 5324 1165 5382 cap.
1216 5314 1301 5371 17,
1353 5329 1381 5357 ‹‹
1441 5322 1511 5362 ex
1562 5305 1863 5362 senatorio
1917 5305 2150 5369 ordine,
2207 5304 2473 5375 primum

815 5398 1504 5473 magnumlogothetam
1537 5395 1962 5470 Acropolitam,
2010 5418 2037 5444 »
2083 5392 2335 5461 dubitat,
2394 5391 2476 5447 lo-

817 5506 1004 5548 cusne
1042 5490 1138 5546 hic
1163 5487 1583 5559 inteliigendus
1617 5487 1689 5542 sit
1729 5486 1804 5541 de
1858 5484 2145 5557 praedicto
2203 5484 2475 5551 Georgio,

819 5590 1024 5656 (quem
1073 5579 1253 5637 etiam
1312 5578 1517 5649 magni
1575 5576 1895 5647 logothetaa
1953 5574 2226 5630 functum
2280 5572 2478 5629 officio

818 5674 1097 5745 constat),
1128 5686 1205 5728 an
1227 5670 1303 5727 de
1365 5693 1386 5719 ι
1432 5666 1840 5727 Constantino.
1906 5664 2081 5735 cujus
2133 5662 2477 5735 complures

818 5764 1122 5837 orationes
1162 5763 1225 5832 in
1271 5766 1620 5829 sanctorum
1668 5755 2017 5821 festivitates
2066 5759 2307 5830 tempus
2354 5767 2480 5825 non

2580 4674 3010 4743 cognominum
3057 4670 3288 4725 saeculis
3344 4668 3458 4723 illis
3513 4669 3869 4722 usitatorum
3936 4662 4238 4733 exempla,

2580 4779 2715 4835 qua:
2746 4777 3135 4833 nequaquam
3160 4759 3320 4814 credi
3344 4758 3571 4829 possint
3600 4754 3880 4827 patriam.
3949 4752 4031 4807 uti
4093 4750 4244 4805 alias

2581 4852 2943 4911 viderentur,
2987 4855 3216 4917 notare,
3258 4848 3393 4902 vide
3443 4845 3606 4918 apud
3663 4844 3923 4900 Leonem
3974 4840 4240 4903 Alltium,

2581 4941 2637 4995 iu
2664 4941 2971 5012 praecitata
2994 4938 3068 4994 de
3096 4938 3361 5007 Georgiis
3392 4935 3654 4991 Diatriba
3681 4932 3784 4988 ubi
3838 4931 3913 4986 de
3972 4935 4243 4999 Acropo-

2581 5032 2685 5086 lita
2706 5030 2845 5098 agit.

2656 5120 2745 5175 12.
2780 5121 3073 5173 Hactenus
3094 5116 3167 5170 de
3198 5120 3439 5170 auctore
3461 5118 3518 5169 et
3550 5120 3818 5183 tempore
3878 5108 4084 5180 scripti
4139 5110 4248 5161 En-

2584 5210 2783 5264 comii.
2823 5211 2897 5263 De
2931 5206 3063 5262 loco
3115 5204 3384 5276 martyrii
3436 5219 3472 5257 a
3523 5206 3580 5257 S.
3625 5198 3964 5256 Theodosia
4012 5195 4251 5254 tolerati

2584 5300 2833 5355 verbum
2869 5314 3056 5353 unum
3087 5296 3182 5351 hic
3215 5294 3703 5367 prmmittendum
3740 5293 4036 5361 superest.
4098 5288 4253 5342 Con'

2586 5389 2883 5445 stantinus
2906 5403 3071 5442 num.
3108 5390 3175 5440 29
3208 5385 3268 5440 in
3298 5382 3552 5439 macello
3583 5384 3947 5453 pertractam
3975 5381 4253 5431 sanctam

2588 5484 2669 5535 ait
2694 5497 2706 5533 :
2736 5477 3089 5550 Synaxaria,
3118 5474 3321 5546 utique
3344 5489 3418 5528 ex
3450 5468 3895 5543 antiquioribus
3921 5465 4096 5534 Actis,
4120 5468 4257 5537 πρὸς

2588 5576 2673 5623 τόν
2704 5576 2831 5622 Βοῦν
2861 5567 2943 5625 ad
2972 5568 3211 5622 Bovem.
3240 5564 3338 5620 Hic
3370 5563 3540 5618 locus
3572 5576 3650 5616 an
3681 5559 3849 5626 olim,
3895 5555 3989 5612 vel
4039 5553 4257 5609 saltem

2588 5657 3132 5721 Constantinimvo,
3156 5652 3479 5710 macellum
3511 5649 3627 5705 sibi
3641 5644 4258 5720 adjunctumhabue-

2586 5751 2678 5823 rit,
2712 5762 2907 5824 eaque
2926 5746 3243 5823 occasione
3274 5746 3677 5808 mactatorum
3724 5735 4083 5795 animalium
4121 5749 4263 5790 cor-
