4484 6446
298 393 410 451 893

1677 383 1748 442 ΙΝ
1788 383 1845 439 8.
1883 382 2353 442 ΤΒΕΟΒΟΞΙΑΙ.

3597 387 3706 443 θοι

298 532 429 573 nua
448 516 670 573 ibidem
692 513 769 570 ad
800 526 1047 567 manum
1070 513 1299 564 essent:
1321 524 1396 564 an
1419 524 1560 564 vero
1583 508 1642 563 id
1664 510 1952 565 Constan-
1984 512 2029 563 Α
2061 521 2190 578 pro,
2251 506 2512 578 ἐχωνιύθη
2573 510 2863 579 conﬂatus
2912 517 3018 579 est,
3066 512 3124 566 in
3192 527 3303 567 ms.
3372 510 3699 580 legebatur,

302 607 462 663 tinus.
486 621 593 677 per
631 599 1010 673 conjectandi
1032 599 1333 655 licentiam
1364 599 1445 655 ita
1476 598 1795 669 scripserit,
1830 611 1953 652 non

300 694 509 751 divino
538 712 550 749 :
580 692 654 747 de
689 694 841 746 Bove
873 689 996 745 scio
1036 703 1107 742 ex
1140 686 1373 742 Joanne
1402 689 1599 742 Tzetze
1648 687 1797 741 inter
1824 686 1953 740 fora

300 782 548 854 publica
572 780 952 835 nominatum
980 776 1184 840 fuisse,
1234 779 1354 837 Βοός
1404 775 1616 848 ἀγορὰν,
1661 780 1777 833 ἤτοι
1828 781 1953 825 Βοῦν

299 876 391 923 τὸν
421 876 599 938 τόπον,
621 870 785 924 Bovis
798 869 1026 937 forum,
1059 880 1160 921 seu
1193 866 1385 921 locum
1416 867 1522 936 qui
1546 866 1657 919 Bos
1684 865 1948 919 dicitur:

299 975 377 1016 ex
399 959 623 1015 Codino
650 972 790 1012 vero
807 958 891 1011 De
914 954 1243 1024 originibus
1263 969 1404 1009 eum
1429 953 1608 1008 fuisse
1632 968 1751 1008 non
1777 950 1952 1008 valde

298 1054 602 1104 remotum
625 1062 661 1102 a
686 1045 910 1118 palatio
934 1062 947 1098 :
982 1042 1281 1115 siquidem
1312 1044 1464 1098 inter
1482 1048 1742 1114 quatuor
1771 1041 1952 1113 porti-

298 1151 429 1197 cus.
452 1137 673 1209 quibus
697 1132 907 1188 urbem
928 1134 1163 1187 ornavit
1181 1130 1467 1194 Eubulus,
1484 1130 1636 1186 duas
1657 1133 1950 1195 numerat,

305 1246 333 1274 ι
364 1240 401 1280 a
433 1224 643 1281 Chalce
669 1237 776 1295 per
805 1220 1021 1277 Milium
1051 1224 1109 1275 et
1138 1222 1352 1275 Forum
1386 1235 1574 1291 usque
1596 1219 1671 1273 ad
1693 1221 1952 1273 Taurum

300 1320 361 1369 et
393 1316 609 1369 Bovem
639 1315 695 1367 et
726 1309 1179 1381 Hexakyonium
1222 1308 1435 1362 ductas
1468 1325 1481 1361 :
1517 1328 1545 1357 »
1578 1312 1787 1379 postea
1816 1321 1953 1361 vero

300 1400 378 1456 de
437 1400 646 1457 statuis
694 1414 927 1471 agens:
963 1400 1085 1451 «In
1138 1396 1291 1462 loco,
1345 1396 1560 1466 inquit,
1606 1399 1953 1465 nuncupato

300 1490 486 1557 Bove,
514 1488 777 1544 maxima
800 1492 928 1542 erat
955 1484 1191 1553 fornax,
1221 1485 1391 1540 Bovis
1417 1490 1596 1555 caput
1616 1484 1872 1549 habens,
1892 1483 1953 1537 in

300 1593 428 1649 qua
476 1575 732 1633 maleﬁci
764 1574 1166 1647 puniebantur
1198 1593 1209 1628 :
1244 1589 1431 1645 quare
1460 1573 1639 1628 etiam
1685 1572 1954 1627 Julianus

301 1664 527 1720 multos
559 1663 921 1719 Christianos
941 1662 1002 1716 in
1032 1676 1104 1716 ea
1125 1660 1473 1717 combussit.
1508 1662 1642 1715 Erat
1671 1675 1811 1714 vero
1838 1659 1950 1714 for-

299 1769 425 1809 nax
446 1753 546 1809 illa
569 1754 631 1807 in
659 1752 919 1821 ﬁguram
945 1750 1118 1806 bovis
1139 1748 1514 1805 conformata
1545 1747 1952 1820 spectaculum

298 1842 479 1910 longe
503 1842 906 1898 maximum...

300 1930 411 1985 sed
431 1930 728 1986 Heraclius
750 1945 883 1985 eam
911 1927 1211 1987 conﬂavit.
1235 1926 1464 1982 follium
1486 1930 1673 1995 (aereae
1697 1931 1951 1981 monetae

298 2034 490 2089 genus
514 2024 663 2088 erat)
704 2018 1121 2073 cudendorum
1149 2032 1353 2073 causa.
1384 2039 1409 2064 ››
1442 2015 1632 2071 Torsit
1660 2015 1754 2070 hic
1786 2014 1951 2069 locus

958 1846 1014 1895 et
1042 1840 1267 1895 mansit
1314 1854 1506 1910 usque
1540 1837 1616 1892 ad
1664 1838 1948 1901 Pbocam,
1986 1862 2023 1913 Β

2062 596 2303 663 ignoui-3913
2342 604 2639 653 mactatus
2678 604 2758 653 est
2787 617 2798 652 :
2830 615 2965 671 quae
3006 601 3054 655 si
3080 600 3434 671 metaphora
3462 616 3582 656 non
3616 606 3703 657 est

2062 684 2200 740 bovi
2217 703 2383 741 EBDBO
2401 693 2625 758 aptata,
2641 689 2917 760 spbalma
2931 696 3022 744 est
3050 690 3427 746 librariorum
3450 709 3461 756 ;
3488 691 3583 746 ille
3601 708 3704 747 au-

2062 780 2178 829 tem
2211 790 2281 829 eo
2310 790 2431 830 non
2479 777 2901 833 animadverso
2956 779 3036 834 ita
3089 780 3277 846 vertit,
3322 780 3553 849 integra
3600 796 3704 834 au-

2064 870 2179 918 tem
2204 866 2533 934 permansit
2554 865 2762 921 fornax
2777 866 2877 921 illa
2900 883 3089 935 usque
3111 868 3189 923 ad
3208 872 3475 940 tempora
3496 869 3703 924 Phocus

2061 952 2319 1022 tyranni,
2362 952 2466 1023 qni
2516 952 2756 1008 ultimus
2800 955 3071 1010 omnium
3121 955 3200 1011 ab
3250 955 3514 1011 Heraclio
3546 957 3604 1011 in
3635 972 3704 1012 eo

2061 1041 2489 1097 combustus.»
2530 1045 2645 1098 Hoc
2668 1062 2697 1097 e
2726 1044 2932 1099 Phocea
2977 1052 3163 1100 morte
3202 1062 3380 1101 nemo
3415 1046 3704 1102 hactenus

2063 1131 2399 1195 somniavit,
2421 1146 2611 1203 neque
2627 1132 2719 1187 vel
2740 1148 2843 1204 per
2865 1133 3145 1189 umbram
3167 1134 3412 1189 extundi
3452 1150 3524 1189 ex
3545 1134 3705 1190 hisce

2062 1216 2257 1271 verbis
2310 1224 2502 1290 potest
2538 1217 2596 1290 ᾖν
2647 1217 2705 1272 δὲ
2753 1223 2781 1278 ὴ
2827 1225 3037 1293 nunc;
3072 1226 3163 1284 ἕως
3204 1229 3355 1276 Φωκά
3389 1244 3399 1255 ·
3436 1222 3562 1274 ἀλλὰ
3605 1225 3703 1274 ὑπὸ

2058 1303 2358 1376 Ἡρακλείου
2392 1305 2630 1377 ἔφηνε-56η
2682 1308 2816 1379 λόγῳ
2857 1310 3063 1379 φοὶέων,
3094 1311 3251 1366 unde
3302 1310 3468 1365 vides
3518 1327 3704 1382 quam

2064 1408 2273 1462 parum
2297 1395 2599 1464 possimus
2622 1396 3039 1467 interpretibus
3060 1399 3313 1453 nimium
3336 1399 3394 1453 in
3418 1415 3595 1471 opere
3620 1399 3703 1453 fe-

2063 1481 2421 1536 stinantibus
2448 1482 2651 1539 ﬁdere.
2678 1486 2773 1539 Est
2794 1490 2994 1539 tamen
3015 1487 3413 1558 verum,quod
3440 1488 3496 1542 in
3532 1487 3704 1542 Chro-

2063 1570 2196 1624 nico
2228 1570 2906 1642 Constantinopolitano,
2945 1573 3345 1630 Alexandrino
3392 1588 3709 1646 perperam

2062 1658 2242 1727 dicto,
2267 1673 2404 1729 pag.
2429 1664 2529 1712 576
2557 1659 2806 1728 legatur,
2843 1662 3045 1717 Phocea
3074 1664 3391 1733 cujusdam
3419 1669 3476 1717 et
3500 1664 3708 1718 Leonis

2065 1746 2312 1801 scellarii
2345 1762 2617 1818 corpora,
2642 1753 2852 1805 trunca
2879 1757 2934 1803 et
2960 1752 3063 1805 diu
3096 1755 3351 1822 raptata,
3380 1752 3457 1807 ad
3494 1754 3708 1807 Bovem

2064 1836 2263 1891 delata
2282 1837 2518 1891 tandem
2545 1847 2600 1892 et
2624 1847 3007 1899 concremata
3028 1841 3229 1895 fuisse.
3263 1841 3432 1896 Plura
3457 1840 3530 1896 de
3558 1844 3709 1897 Bove

2063 1925 2223 1997 apud
2251 1926 2535 1993 Cangium
2564 1927 2697 1982 vide
2725 1928 2786 1983 in
2811 1930 3336 1998 Constantinopoli
3358 1929 3709 1986 Christiana

2061 2014 2163 2069 lib.
2198 2032 2233 2067 ι.
2268 2030 2379 2085 cap
2419 2018 2507 2085 24,
2542 2015 2645 2071 ubi
2676 2017 2749 2071 de
2781 2016 2921 2073 foris
2946 2018 3200 2091 publicis
3230 2035 3396 2074 num.
3429 2022 3491 2075 XI
3522 2018 3707 2076 multa

298 2106 507 2163 Codini
545 2108 927 2179 interpretem
965 2106 1264 2161 Joannem
1312 2103 1752 2166 Leunclavium,
1784 2102 1949 2174 quod
2060 2102 2213 2158 lectu
2242 2108 2299 2158 et
2328 2104 2476 2159 scitu
2505 2106 2863 2174 dignissima
2888 2107 3175 2163 invenies.

1071 2512 1248 2577 ΤΟΥ
1300 2510 1839 2576 ΣΟΦΩΤΑΤΟΥ
1892 2510 2322 2575 ΜΕΓΑΛΟΥ
2388 2503 2933 2574 ΛΟΓΟΘΕΤΟΥ

1903 2662 2114 2709 ΚΥΡΟΥ

688 2777 1853 2894 ΚΩΝΣΤΑΝΤΙΝΟΥ
1953 2778 2221 2891 ΤΟΥ
2295 2765 3346 2889 ΑΚΡΟΠΡΔΙΤΟΥ

926 2986 1333 3075 ’ΛΟΓΟΣ
1384 2986 1562 3073 ΕΙΣ
1611 2989 1838 3072 ΤΗΝ
1895 2988 2249 3072 ΑΓΙΑΝ
2303 2984 2697 3073 ΟΣΙΟΜΛ

1327 3046 1333 3070 .
1384 2986 1562 3073 ΕΙΣ
1611 2989 1838 3072 ΤΗΝ
1895 2988 2249 3072 ΑΓΙΑΝ
2303 2980 3098 3073 ΟΣΙΟΜΑΡΤΥΡΑ

1300 3161 2722 3339 ΘΕΟΔΟΣΙΑΝ.

1050 3554 1851 3623 SAPIENTISSIMI
1924 3554 2261 3624 MAGNI
2334 3550 2987 3623 LOGOTHET/E

1906 3739 2126 3784 DOMINI

594 3897 987 4049 CON
1004 3897 1903 4066 STANTIN
1916 3900 1985 4050 Ι
2083 3895 3437 4049 ACROPOLITAE

966 4192 1394 4288 SERMO
1455 4194 1590 4287 IN
1651 4194 2255 4290 SANCTAM
2310 4193 3055 4290 MARTYREM

1271 4435 2797 4605 THEODOSIAM.

691 4733 817 4805 (Ex
852 4733 1047 4790 codice
1107 4734 1396 4791 Vaticano
1434 4735 1561 4803 800,
1598 4735 1712 4806 fol.
1766 4739 1875 4807 9t;
1915 4736 2237 4805 interprete
2278 4736 2348 4791 Η.
2396 4737 2470 4792 Ρ.
2517 4737 2769 4793 Daniete
2815 4736 3112 4805 Cardono,
3162 4736 3227 4792 S.
3270 4736 3357 4805 J.)

404 5192 453 5245 α’
492 5199 722 5245 Γυναῖκα
899 5191 1142 5267 ἀνδρείαν
1173 5201 1266 5247 πιῦ
1307 5213 1391 5255 τος
1431 5192 1491 5245 ἂν
1539 5197 1628 5244 καὶ
1677 5196 1815 5254 ὅπως
1854 5199 1931 5243 εὐ-

329 5300 432 5356 ροι,
484 5284 510 5335 ὁ
551 5286 710 5356 σοφὸς
753 5287 991 5358 ἠπόρησε
1021 5284 1272 5357 Σολομῶν.
1320 5288 1419 5337 Καὶ
1458 5282 1596 5355 μάλα
1624 5302 1683 5353 γε
1728 5286 1933 5342 εἰκότως

331 5374 588 5443 ἠπόρησε.
639 5374 747 5444 Πρὸ
802 5373 904 5444 ’γὰρ
954 5380 1050 5434 τῆς
1122 5374 1344 5445 χάριτος
1397 5368 1639 5431 ἀσθενοῦς
1691 5370 1935 5433 καθαπαξ

330 5468 430 5521 τῆς
484 5459 816 5534 ἀνθρωπίνης
886 5464 1091 5533 φύσεως
1150 5464 1432 5533 πεφηνυίας
1502 5457 1595 5513 διὰ
1678 5464 1769 5518 τὴν
1844 5468 1935 5512 τοῦ

335 5545 627 5623 δυσμενοῦς
662 5550 787 5623 ἡμῖν
827 5551 1092 5613 ἐξαπάτην
1140 5554 1324 5618 σατὰν,
1361 5555 1462 5623 χαὶ
1494 5556 1587 5609 τὴν
1618 5558 1713 5613 τῆς
1745 5546 1937 5602 δεσπο-

334 5646 488 5701 τικῆς
525 5638 827 5715 παράϐασιν
876 5639 1099 5703 ἐντολῆς,
1152 5640 1418 5703 τοσαῦτης
1479 5648 1540 5713 ᾖν
1599 5636 1936 5715 ἁνδρανεστι-

332 5746 444 5803 ρον,
479 5728 534 5792 ἐξ
571 5725 887 5793 ἁδολουθιας
930 5730 1182 5794 ἐξίτηλον.
1214 5729 1325 5803 ’Δφ’
1355 5726 1413 5783 οὗ
1465 5726 1523 5783 δί
1559 5733 1688 5792 Θεὸς
1730 5734 1934 5806 ’γέγονεν

1783 5002 2255 5067 PROLOGUS.

1963 5158 2004 5213 C

2124 5196 2172 5246 1.
2215 5190 2511 5247 Mulierem
2548 5189 2763 5246 fortem
2790 5188 2889 5245 ubi
2914 5189 3050 5263 quis
3072 5194 3364 5245 terrarum
3390 5193 3447 5245 et
3464 5204 3587 5260 qua
3614 5204 3707 5245 ra-

2048 5283 2205 5339 tione
2244 5280 2414 5337 facile
2448 5284 2649 5353 posset
2678 5280 2955 5352 reperire,
2987 5295 3108 5335 non
3140 5295 3356 5353 parum
3389 5278 3705 5334 addubita-

2047 5373 2153 5429 bat
2184 5370 2662 5445 sapientissimus
2694 5368 3002 5426 Salomon.
3027 5372 3226 5441 Neque
3246 5368 3307 5424 id
3329 5384 3473 5426 sane
3494 5368 3707 5425 imme-

2048 5464 2179 5519 rito.
2197 5466 2342 5518 Ante
2366 5462 2525 5517 enirn
2548 5477 2733 5534 quam
2758 5460 3036 5516 uberiore
3057 5459 3277 5515 divinae
3303 5459 3503 5529 gratiae
3531 5459 3708 5531 copia

2048 5551 2279 5607 caelitus
2310 5549 2484 5605 nobis
2513 5548 2595 5605 uti
2622 5553 2776 5605 esset
2804 5563 3177 5618 concessum,
3209 5552 3265 5603 et
3283 5563 3406 5619 quo
3438 5553 3707 5619 tempore

2048 5645 2266 5697 natura
2284 5640 2573 5705 humana,
2590 5643 2718 5694 tum
2737 5637 2816 5694 ob
2833 5654 3151 5711 nunquam
3170 5652 3293 5694 non
3311 5636 3510 5693 infesti
3532 5636 3708 5693 nobis

2049 5734 2269 5795 satanas
2287 5729 2552 5801 insignes
2568 5727 2835 5794 fraudes,
2859 5734 2989 5785 tum
3010 5727 3090 5784 ob
3108 5726 3541 5785 mandatorum
3564 5726 3709 5784 divi-
