  <div class='ocr_page' id='page_1' title='image "/cluster/home/n/w/nwhite01/storage/ocr_20150623/140/nnc1.0046979905/461.png"; bbox 0 0 4484 6446; ppageno 0'>
   <div class='ocr_carea' id='block_1_1' title="bbox 834 423 941 479">
    <p class='ocr_par' dir='ltr' id='par_1_1' title="bbox 834 423 941 479">
     <span class='ocr_line' id='line_1_1' title="bbox 834 423 941 479; baseline -0.009 0"><span class='ocrx_word' id='word_1_1' title='bbox 834 423 941 479; x_wconf 82' lang='grc'><strong>895</strong></span> 
     </span>
    </p>
   </div>
   <div class='ocr_carea' id='block_1_2' title="bbox 2028 417 4194 483">
    <p class='ocr_par' dir='ltr' id='par_1_2' title="bbox 2028 417 4194 483">
     <span class='ocr_line' id='line_1_2' title="bbox 2028 417 4194 483; baseline 0.002 -8"><span class='ocrx_word' id='word_1_2' title='bbox 2028 419 2485 478; x_wconf 82' lang='lat' dir='ltr'><strong>CONSTANTINI</strong></span> <span class='ocrx_word' id='word_1_3' title='bbox 2523 417 3000 478; x_wconf 69' lang='lat' dir='ltr'><strong>ACROPOLITE.</strong></span> <span class='ocrx_word' id='word_1_4' title='bbox 4090 427 4194 483; x_wconf 83' lang='lat'><strong>896</strong></span> 
     </span>
    </p>
   </div>
   <div class='ocr_carea' id='block_1_3' title="bbox 835 544 2606 626">
    <p class='ocr_par' dir='ltr' id='par_1_3' title="bbox 835 544 2606 618">
     <span class='ocr_line' id='line_1_3' title="bbox 835 544 2606 618; baseline -0.002 -15"><span class='ocrx_word' id='word_1_5' title='bbox 835 560 1053 603; x_wconf 90' lang='lat' dir='ltr'><strong>norum</strong></span> <span class='ocrx_word' id='word_1_6' title='bbox 1067 544 1620 618; x_wconf 66' lang='lat' dir='ltr'><strong>przevaricationem</strong></span> <span class='ocrx_word' id='word_1_7' title='bbox 1638 546 2134 617; x_wconf 89' lang='lat' dir='ltr'><strong>continuam,suis</strong></span> <span class='ocrx_word' id='word_1_8' title='bbox 2150 545 2479 602; x_wconf 85' lang='lat' dir='ltr'><strong>admodum</strong></span> <span class='ocrx_word' id='word_1_9' title='bbox 2510 548 2557 601; x_wconf 81' lang='grc' dir='ltr'><strong>Α</strong></span> <span class='ocrx_word' id='word_1_10' title='bbox 2596 566 2606 597; x_wconf 81' lang='grc' dir='ltr'>ι</span> 
     </span>
    </p>
   </div>
   <div class='ocr_carea' id='block_1_4' title="bbox 2421 544 4192 626">
    <p class='ocr_par' dir='ltr' id='par_1_4' title="bbox 2422 546 4192 626">
     <span class='ocr_line' id='line_1_4' title="bbox 2422 546 4192 626; baseline 0.003 -29"><span class='ocrx_word' id='word_1_11' title='bbox 2422 561 2479 602; x_wconf 89' lang='lat' dir='ltr'><strong>m</strong></span> <span class='ocrx_word' id='word_1_12' title='bbox 2510 548 2557 601; x_wconf 81' lang='grc' dir='ltr'><strong>Α</strong></span> <span class='ocrx_word' id='word_1_13' title='bbox 2596 546 2882 620; x_wconf 79' lang='grc' dir='ltr'>ἄνθρωπος,</span> <span class='ocrx_word' id='word_1_14' title='bbox 2939 550 3029 600; x_wconf 84' lang='grc' dir='ltr'>καὶ</span> <span class='ocrx_word' id='word_1_15' title='bbox 3066 550 3160 607; x_wconf 79' lang='grc' dir='ltr'><strong>τὴν</strong></span> <span class='ocrx_word' id='word_1_16' title='bbox 3204 556 3533 602; x_wconf 74' lang='grc' dir='ltr'><strong>πεπτωκυῖαν</strong></span> <span class='ocrx_word' id='word_1_17' title='bbox 3592 549 3921 626; x_wconf 84' lang='grc' dir='ltr'>ἀνώρθρωσε,</span> <span class='ocrx_word' id='word_1_18' title='bbox 3978 555 4068 604; x_wconf 84' lang='grc' dir='ltr'><strong>καὶ</strong></span> <span class='ocrx_word' id='word_1_19' title='bbox 4106 553 4192 603; x_wconf 86' lang='grc' dir='ltr'><strong>τὸν</strong></span> 
     </span>
    </p>
   </div>
   <div class='ocr_carea' id='block_1_5' title="bbox 836 633 2482 709">
    <p class='ocr_par' dir='ltr' id='par_1_5' title="bbox 836 633 2482 709">
     <span class='ocr_line' id='line_1_5' title="bbox 836 633 2482 709; baseline 0 -19"><span class='ocrx_word' id='word_1_20' title='bbox 836 634 1063 691; x_wconf 90' lang='lat' dir='ltr'><strong>viribus</strong></span> <span class='ocrx_word' id='word_1_21' title='bbox 1116 638 1240 691; x_wconf 91' lang='lat' dir='ltr'><strong>erat</strong></span> <span class='ocrx_word' id='word_1_22' title='bbox 1291 633 1522 691; x_wconf 90' lang='lat' dir='ltr'><strong>defecta</strong></span> <span class='ocrx_word' id='word_1_23' title='bbox 1551 652 1563 701; x_wconf 91' lang='lat'><strong>;</strong></span> <span class='ocrx_word' id='word_1_24' title='bbox 1596 635 1680 691; x_wconf 91' lang='lat' dir='ltr'><strong>nil</strong></span> <span class='ocrx_word' id='word_1_25' title='bbox 1733 635 1997 709; x_wconf 90' lang='lat' dir='ltr'><strong>profecto</strong></span> <span class='ocrx_word' id='word_1_26' title='bbox 2040 636 2282 701; x_wconf 91' lang='lat' dir='ltr'><strong>mirum,</strong></span> <span class='ocrx_word' id='word_1_27' title='bbox 2317 635 2366 690; x_wconf 90' lang='lat' dir='ltr'><strong>si</strong></span> <span class='ocrx_word' id='word_1_28' title='bbox 2422 636 2482 691; x_wconf 92' lang='lat' dir='ltr'><strong>in</strong></span> 
     </span>
    </p>
   </div>
   <div class='ocr_carea' id='block_1_6' title="bbox 837 726 2484 799">
    <p class='ocr_par' dir='ltr' id='par_1_6' title="bbox 837 726 2484 799">
     <span class='ocr_line' id='line_1_6' title="bbox 837 726 2484 799; baseline 0 -19"><span class='ocrx_word' id='word_1_29' title='bbox 837 726 1131 796; x_wconf 86' lang='lat' dir='ltr'><strong>majorem</strong></span> <span class='ocrx_word' id='word_1_30' title='bbox 1181 740 1435 798; x_wconf 84' lang='lat' dir='ltr'><strong>semper,</strong></span> <span class='ocrx_word' id='word_1_31' title='bbox 1486 726 1949 783; x_wconf 81' lang='lat' dir='ltr'><strong>imbecillitatem</strong></span> <span class='ocrx_word' id='word_1_32' title='bbox 1990 727 2258 799; x_wconf 90' lang='lat' dir='ltr'><strong>delapsa,</strong></span> <span class='ocrx_word' id='word_1_33' title='bbox 2291 726 2484 795; x_wconf 88' lang='lat' dir='ltr'><strong>magis</strong></span> 
     </span>
    </p>
   </div>
   <div class='ocr_carea' id='block_1_7' title="bbox 836 813 2483 888">
    <p class='ocr_par' dir='ltr' id='par_1_7' title="bbox 836 813 2483 888">
     <span class='ocr_line' id='line_1_7' title="bbox 836 813 2483 888; baseline 0.001 -19"><span class='ocrx_word' id='word_1_34' title='bbox 836 813 1016 869; x_wconf 87' lang='lat' dir='ltr'><strong>etiam</strong></span> <span class='ocrx_word' id='word_1_35' title='bbox 1046 814 1311 887; x_wconf 79' lang='lat' dir='ltr'><strong>quotidie</strong></span> <span class='ocrx_word' id='word_1_36' title='bbox 1358 815 1674 887; x_wconf 82' lang='lat' dir='ltr'><strong>magisque</strong></span> <span class='ocrx_word' id='word_1_37' title='bbox 1706 821 2202 888; x_wconf 83' lang='lat' dir='ltr'><strong>corrumperetur.</strong></span> <span class='ocrx_word' id='word_1_38' title='bbox 2248 818 2318 871; x_wconf 85' lang='lat' dir='ltr'><strong>At</strong></span> <span class='ocrx_word' id='word_1_39' title='bbox 2340 830 2483 871; x_wconf 89' lang='lat' dir='ltr'><strong>vero</strong></span> 
     </span>
    </p>
   </div>
   <div class='ocr_carea' id='block_1_8' title="bbox 836 903 2485 975">
    <p class='ocr_par' dir='ltr' id='par_1_8' title="bbox 836 903 2485 975">
     <span class='ocr_line' id='line_1_8' title="bbox 836 903 2485 975; baseline 0.002 -17"><span class='ocrx_word' id='word_1_40' title='bbox 836 906 1163 975; x_wconf 85' lang='lat' dir='ltr'><strong>postquam</strong></span> <span class='ocrx_word' id='word_1_41' title='bbox 1204 903 1464 959; x_wconf 88' lang='lat' dir='ltr'><strong>hominis</strong></span> <span class='ocrx_word' id='word_1_42' title='bbox 1489 908 1768 961; x_wconf 89' lang='lat' dir='ltr'><strong>naturam</strong></span> <span class='ocrx_word' id='word_1_43' title='bbox 1800 907 1953 961; x_wconf 91' lang='lat' dir='ltr'><strong>Deus</strong></span> <span class='ocrx_word' id='word_1_44' title='bbox 1981 920 2485 969; x_wconf 88' lang='lat' dir='ltr'><strong>assumere,eam-</strong></span> 
     </span>
    </p>
   </div>
   <div class='ocr_carea' id='block_1_9' title="bbox 834 992 2483 1066">
    <p class='ocr_par' dir='ltr' id='par_1_9' title="bbox 834 992 2483 1066">
     <span class='ocr_line' id='line_1_9' title="bbox 834 992 2483 1066; baseline 0.003 -19"><span class='ocrx_word' id='word_1_45' title='bbox 834 1006 954 1063; x_wconf 91' lang='lat' dir='ltr'><strong>que</strong></span> <span class='ocrx_word' id='word_1_46' title='bbox 992 992 1409 1049; x_wconf 86' lang='lat' dir='ltr'><strong>miserabiliter</strong></span> <span class='ocrx_word' id='word_1_47' title='bbox 1455 1009 1599 1050; x_wconf 88' lang='lat' dir='ltr'><strong>sane</strong></span> <span class='ocrx_word' id='word_1_48' title='bbox 1647 993 1915 1051; x_wconf 88' lang='lat' dir='ltr'><strong>habitam</strong></span> <span class='ocrx_word' id='word_1_49' title='bbox 1962 1010 2204 1051; x_wconf 87' lang='lat' dir='ltr'><strong>rursum</strong></span> <span class='ocrx_word' id='word_1_50' title='bbox 2239 994 2483 1066; x_wconf 81' lang='lat' dir='ltr'><strong>erigere,</strong></span> 
     </span>
    </p>
   </div>
   <div class='ocr_carea' id='block_1_10' title="bbox 834 1080 2486 1156">
    <p class='ocr_par' dir='ltr' id='par_1_10' title="bbox 834 1080 2486 1156">
     <span class='ocr_line' id='line_1_10' title="bbox 834 1080 2486 1156; baseline 0.002 -21"><span class='ocrx_word' id='word_1_51' title='bbox 834 1081 981 1153; x_wconf 91' lang='lat' dir='ltr'><strong>quin</strong></span> <span class='ocrx_word' id='word_1_52' title='bbox 1008 1080 1187 1137; x_wconf 91' lang='lat' dir='ltr'><strong>etiam</strong></span> <span class='ocrx_word' id='word_1_53' title='bbox 1217 1098 1379 1151; x_wconf 91' lang='lat' dir='ltr'><strong>eum,</strong></span> <span class='ocrx_word' id='word_1_54' title='bbox 1402 1098 1582 1155; x_wconf 92' lang='lat' dir='ltr'><strong>quem</strong></span> <span class='ocrx_word' id='word_1_55' title='bbox 1605 1087 1668 1138; x_wconf 91' lang='lat' dir='ltr'><strong>ut</strong></span> <span class='ocrx_word' id='word_1_56' title='bbox 1692 1083 1991 1153; x_wconf 90' lang='lat' dir='ltr'><strong>infestum,</strong></span> <span class='ocrx_word' id='word_1_57' title='bbox 2022 1084 2104 1138; x_wconf 92' lang='lat' dir='ltr'><strong>sic</strong></span> <span class='ocrx_word' id='word_1_58' title='bbox 2134 1083 2312 1153; x_wconf 85' lang='lat' dir='ltr'><strong>longe</strong></span> <span class='ocrx_word' id='word_1_59' title='bbox 2338 1099 2486 1156; x_wconf 87' lang='lat' dir='ltr'><strong>quo-</strong></span> 
     </span>
    </p>
   </div>
   <div class='ocr_carea' id='block_1_11' title="bbox 834 1170 2486 1245">
    <p class='ocr_par' dir='ltr' id='par_1_11' title="bbox 834 1170 2486 1245">
     <span class='ocr_line' id='line_1_11' title="bbox 834 1170 2486 1245; baseline 0.003 -21"><span class='ocrx_word' id='word_1_60' title='bbox 834 1185 953 1241; x_wconf 90' lang='lat' dir='ltr'><strong>que</strong></span> <span class='ocrx_word' id='word_1_61' title='bbox 982 1170 1158 1226; x_wconf 91' lang='lat' dir='ltr'><strong>nobis</strong></span> <span class='ocrx_word' id='word_1_62' title='bbox 1186 1186 1317 1227; x_wconf 85' lang='lat' dir='ltr'><strong>esse</strong></span> <span class='ocrx_word' id='word_1_63' title='bbox 1338 1171 1724 1228; x_wconf 87' lang='lat' dir='ltr'><strong>valentiorem</strong></span> <span class='ocrx_word' id='word_1_64' title='bbox 1752 1173 1896 1229; x_wconf 86' lang='lat' dir='ltr'><strong>tristi</strong></span> <span class='ocrx_word' id='word_1_65' title='bbox 1919 1173 2325 1245; x_wconf 85' lang='lat' dir='ltr'><strong>experimento</strong></span> <span class='ocrx_word' id='word_1_66' title='bbox 2356 1189 2486 1229; x_wconf 87' lang='lat' dir='ltr'><strong>sen-</strong></span> 
     </span>
    </p>
   </div>
   <div class='ocr_carea' id='block_1_12' title="bbox 834 1258 2485 1331">
    <p class='ocr_par' dir='ltr' id='par_1_12' title="bbox 834 1258 2485 1331">
     <span class='ocr_line' id='line_1_12' title="bbox 834 1258 2485 1331; baseline 0.002 -15"><span class='ocrx_word' id='word_1_67' title='bbox 834 1258 1134 1316; x_wconf 88' lang='lat' dir='ltr'><strong>tiebamus</strong></span> <span class='ocrx_word' id='word_1_68' title='bbox 1166 1260 1421 1330; x_wconf 82' lang='lat' dir='ltr'><strong>graviter</strong></span> <span class='ocrx_word' id='word_1_69' title='bbox 1469 1261 1780 1319; x_wconf 87' lang='lat' dir='ltr'><strong>vulnerare</strong></span> <span class='ocrx_word' id='word_1_70' title='bbox 1828 1278 1951 1318; x_wconf 92' lang='lat' dir='ltr'><strong>non</strong></span> <span class='ocrx_word' id='word_1_71' title='bbox 1983 1262 2315 1331; x_wconf 85' lang='lat' dir='ltr'><strong>dubitavit;</strong></span> <span class='ocrx_word' id='word_1_72' title='bbox 2350 1279 2485 1319; x_wconf 89' lang='lat' dir='ltr'><strong>om-</strong></span> 
     </span>
    </p>
   </div>
   <div class='ocr_carea' id='block_1_13' title="bbox 834 1350 2484 1421">
    <p class='ocr_par' dir='ltr' id='par_1_13' title="bbox 834 1350 2484 1421">
     <span class='ocr_line' id='line_1_13' title="bbox 834 1350 2484 1421; baseline 0.002 -18"><span class='ocrx_word' id='word_1_73' title='bbox 834 1350 1400 1421; x_wconf 89' lang='lat' dir='ltr'><strong>nesque,communi</strong></span> <span class='ocrx_word' id='word_1_74' title='bbox 1414 1365 1483 1405; x_wconf 92' lang='lat' dir='ltr'><strong>ac</strong></span> <span class='ocrx_word' id='word_1_75' title='bbox 1496 1350 1825 1407; x_wconf 79' lang='lat' dir='ltr'><strong>sufficiente</strong></span> <span class='ocrx_word' id='word_1_76' title='bbox 1842 1352 2130 1407; x_wconf 88' lang='lat' dir='ltr'><strong>adversus</strong></span> <span class='ocrx_word' id='word_1_77' title='bbox 2142 1351 2484 1409; x_wconf 74' lang='lat' dir='ltr'><strong>daemonem</strong></span> 
     </span>
    </p>
   </div>
   <div class='ocr_carea' id='block_1_14' title="bbox 835 1437 2485 1513">
    <p class='ocr_par' dir='ltr' id='par_1_14' title="bbox 835 1437 2485 1513">
     <span class='ocr_line' id='line_1_14' title="bbox 835 1437 2485 1513; baseline 0.004 -22"><span class='ocrx_word' id='word_1_78' title='bbox 835 1437 1029 1507; x_wconf 85' lang='lat' dir='ltr'><strong>gratia</strong></span> <span class='ocrx_word' id='word_1_79' title='bbox 1051 1437 1347 1504; x_wconf 82' lang='lat' dir='ltr'><strong>instructi,</strong></span> <span class='ocrx_word' id='word_1_80' title='bbox 1378 1439 1690 1495; x_wconf 87' lang='lat' dir='ltr'><strong>victoriam</strong></span> <span class='ocrx_word' id='word_1_81' title='bbox 1731 1456 1970 1512; x_wconf 91' lang='lat' dir='ltr'><strong>sperare</strong></span> <span class='ocrx_word' id='word_1_82' title='bbox 2001 1441 2328 1513; x_wconf 89' lang='lat' dir='ltr'><strong>potuimus,</strong></span> <span class='ocrx_word' id='word_1_83' title='bbox 2357 1445 2485 1497; x_wconf 90' lang='lat' dir='ltr'><strong>tum</strong></span> 
     </span>
    </p>
   </div>
   <div class='ocr_carea' id='block_1_15' title="bbox 836 1526 2486 1600">
    <p class='ocr_par' dir='ltr' id='par_1_15' title="bbox 836 1526 2486 1600">
     <span class='ocr_line' id='line_1_15' title="bbox 836 1526 2486 1600; baseline 0.004 -20"><span class='ocrx_word' id='word_1_84' title='bbox 836 1541 979 1583; x_wconf 81' lang='lat' dir='ltr'><strong>sane</strong></span> <span class='ocrx_word' id='word_1_85' title='bbox 1008 1541 1132 1582; x_wconf 93' lang='lat' dir='ltr'><strong>non</strong></span> <span class='ocrx_word' id='word_1_86' title='bbox 1162 1526 1270 1582; x_wconf 90' lang='lat' dir='ltr'><strong>viri</strong></span> <span class='ocrx_word' id='word_1_87' title='bbox 1307 1527 1511 1594; x_wconf 91' lang='lat' dir='ltr'><strong>modo,</strong></span> <span class='ocrx_word' id='word_1_88' title='bbox 1544 1528 1646 1600; x_wconf 89' lang='lat' dir='ltr'><strong>qui</strong></span> <span class='ocrx_word' id='word_1_89' title='bbox 1697 1529 2097 1585; x_wconf 91' lang='lat' dir='ltr'><strong>robustiorem</strong></span> <span class='ocrx_word' id='word_1_90' title='bbox 2128 1530 2315 1586; x_wconf 86' lang='lat' dir='ltr'><strong>sortiti</strong></span> <span class='ocrx_word' id='word_1_91' title='bbox 2346 1534 2486 1587; x_wconf 89' lang='lat' dir='ltr'><strong>sunt</strong></span> 
     </span>
    </p>
   </div>
   <div class='ocr_carea' id='block_1_16' title="bbox 834 1614 2488 1690">
    <p class='ocr_par' dir='ltr' id='par_1_16' title="bbox 834 1614 2488 1690">
     <span class='ocr_line' id='line_1_16' title="bbox 834 1614 2488 1690; baseline 0.004 -19"><span class='ocrx_word' id='word_1_92' title='bbox 834 1614 1119 1681; x_wconf 90' lang='lat' dir='ltr'><strong>indolem,</strong></span> <span class='ocrx_word' id='word_1_93' title='bbox 1154 1616 1431 1673; x_wconf 90' lang='lat' dir='ltr'><strong>eamdem</strong></span> <span class='ocrx_word' id='word_1_94' title='bbox 1460 1618 1745 1690; x_wconf 72' lang='lat' dir='ltr'><strong>praeclare</strong></span> <span class='ocrx_word' id='word_1_95' title='bbox 1774 1619 2190 1676; x_wconf 89' lang='lat' dir='ltr'><strong>demonstrare</strong></span> <span class='ocrx_word' id='word_1_96' title='bbox 2219 1624 2357 1676; x_wconf 91' lang='lat' dir='ltr'><strong>sunt</strong></span> <span class='ocrx_word' id='word_1_97' title='bbox 2386 1635 2488 1690; x_wconf 86' lang='lat' dir='ltr'><strong>ag-</strong></span> 
     </span>
    </p>
   </div>
   <div class='ocr_carea' id='block_1_17' title="bbox 836 1705 2485 1779">
    <p class='ocr_par' dir='ltr' id='par_1_17' title="bbox 836 1705 2485 1779">
     <span class='ocr_line' id='line_1_17' title="bbox 836 1705 2485 1779; baseline 0.002 -19"><span class='ocrx_word' id='word_1_98' title='bbox 836 1705 1043 1774; x_wconf 90' lang='lat' dir='ltr'><strong>gressi,</strong></span> <span class='ocrx_word' id='word_1_99' title='bbox 1077 1706 1255 1762; x_wconf 90' lang='lat' dir='ltr'><strong>etiam</strong></span> <span class='ocrx_word' id='word_1_100' title='bbox 1287 1723 1470 1779; x_wconf 89' lang='lat' dir='ltr'><strong>supra</strong></span> <span class='ocrx_word' id='word_1_101' title='bbox 1498 1712 1729 1764; x_wconf 79' lang='lat' dir='ltr'><strong>naturae</strong></span> <span class='ocrx_word' id='word_1_102' title='bbox 1761 1708 1976 1765; x_wconf 85' lang='lat' dir='ltr'><strong>limites</strong></span> <span class='ocrx_word' id='word_1_103' title='bbox 1997 1724 2125 1765; x_wconf 92' lang='lat' dir='ltr'><strong>sese</strong></span> <span class='ocrx_word' id='word_1_104' title='bbox 2154 1709 2485 1777; x_wconf 69' lang='lat' dir='ltr'><strong>efferentes,</strong></span> 
     </span>
    </p>
   </div>
   <div class='ocr_carea' id='block_1_18' title="bbox 833 1794 2487 1871">
    <p class='ocr_par' dir='ltr' id='par_1_18' title="bbox 833 1794 2487 1871">
     <span class='ocr_line' id='line_1_18' title="bbox 833 1794 2487 1871; baseline 0.002 -20"><span class='ocrx_word' id='word_1_105' title='bbox 833 1794 1465 1851; x_wconf 87' lang='lat' dir='ltr'><strong>verumimbecillioris</strong></span> <span class='ocrx_word' id='word_1_106' title='bbox 1478 1812 1721 1869; x_wconf 88' lang='lat' dir='ltr'><strong>quoque</strong></span> <span class='ocrx_word' id='word_1_107' title='bbox 1740 1814 1920 1853; x_wconf 82' lang='lat' dir='ltr'><strong>sexus</strong></span> <span class='ocrx_word' id='word_1_108' title='bbox 1934 1798 2191 1869; x_wconf 91' lang='lat' dir='ltr'><strong>virgines</strong></span> <span class='ocrx_word' id='word_1_109' title='bbox 2204 1799 2487 1871; x_wconf 74' lang='lat' dir='ltr'><strong>quaedam</strong></span> 
     </span>
    </p>
   </div>
   <div class='ocr_carea' id='block_1_19' title="bbox 2592 635 4195 713">
    <p class='ocr_par' dir='ltr' id='par_1_19' title="bbox 2592 635 4195 713">
     <span class='ocr_line' id='line_1_19' title="bbox 2592 635 4195 713; baseline 0.003 -27"><span class='ocrx_word' id='word_1_110' title='bbox 2592 639 2716 697; x_wconf 79' lang='grc' dir='ltr'>τέως</span> <span class='ocrx_word' id='word_1_111' title='bbox 2766 635 2882 688; x_wconf 86' lang='grc' dir='ltr'>καθ’</span> <span class='ocrx_word' id='word_1_112' title='bbox 2922 638 3068 709; x_wconf 80' lang='grc' dir='ltr'>ἡμῶν</span> <span class='ocrx_word' id='word_1_113' title='bbox 3130 636 3387 710; x_wconf 77' lang='grc' dir='ltr'><strong>ἰσχύοντα</strong></span> <span class='ocrx_word' id='word_1_114' title='bbox 3428 639 3799 710; x_wconf 77' lang='grc' dir='ltr'>καταϐέϐληκε,</span> <span class='ocrx_word' id='word_1_115' title='bbox 3849 645 3939 693; x_wconf 82' lang='grc' dir='ltr'>καὶ</span> <span class='ocrx_word' id='word_1_116' title='bbox 4003 643 4195 713; x_wconf 76' lang='grc' dir='ltr'>χάριτι</span> 
     </span>
    </p>
   </div>
   <div class='ocr_carea' id='block_1_20' title="bbox 2592 726 4189 803">
    <p class='ocr_par' dir='ltr' id='par_1_20' title="bbox 2592 726 4189 803">
     <span class='ocr_line' id='line_1_20' title="bbox 2592 726 4189 803; baseline 0.004 -26"><span class='ocrx_word' id='word_1_117' title='bbox 2592 726 2707 778; x_wconf 86' lang='grc' dir='ltr'>κατ’</span> <span class='ocrx_word' id='word_1_118' title='bbox 2789 726 2949 778; x_wconf 82' lang='grc' dir='ltr'>αύτοῡ</span> <span class='ocrx_word' id='word_1_119' title='bbox 3000 736 3144 786; x_wconf 84' lang='grc' dir='ltr'>κοινῆ</span> <span class='ocrx_word' id='word_1_120' title='bbox 3228 730 3409 789; x_wconf 81' lang='grc' dir='ltr'>πάντες</span> <span class='ocrx_word' id='word_1_121' title='bbox 3474 735 3566 789; x_wconf 80' lang='grc' dir='ltr'><strong>τὴν</strong></span> <span class='ocrx_word' id='word_1_122' title='bbox 3626 740 3852 784; x_wconf 82' lang='grc' dir='ltr'>νικῶσαν</span> <span class='ocrx_word' id='word_1_123' title='bbox 3914 730 4189 803; x_wconf 75' lang='grc' dir='ltr'>ἐλάχομεν,</span> 
     </span>
    </p>
   </div>
   <div class='ocr_carea' id='block_1_21' title="bbox 2593 813 4195 892">
    <p class='ocr_par' dir='ltr' id='par_1_21' title="bbox 2593 813 4195 892">
     <span class='ocr_line' id='line_1_21' title="bbox 2593 813 4195 892; baseline 0.004 -27"><span class='ocrx_word' id='word_1_124' title='bbox 2593 814 2697 886; x_wconf 85' lang='grc' dir='ltr'><strong>ούχ</strong></span> <span class='ocrx_word' id='word_1_125' title='bbox 2750 816 2829 866; x_wconf 83' lang='grc' dir='ltr'><strong>ὄτι</strong></span> <span class='ocrx_word' id='word_1_126' title='bbox 2884 835 2944 887; x_wconf 71' lang='grc' dir='ltr'>γε</span> <span class='ocrx_word' id='word_1_127' title='bbox 3004 813 3190 891; x_wconf 80' lang='grc' dir='ltr'>ἄνδρες</span> <span class='ocrx_word' id='word_1_128' title='bbox 3246 823 3505 889; x_wconf 77' lang='grc' dir='ltr'><strong>κρείττους</strong></span> <span class='ocrx_word' id='word_1_129' title='bbox 3556 816 3940 892; x_wconf 78' lang='grc' dir='ltr'>ἀνεδείχθησαν</span> <span class='ocrx_word' id='word_1_130' title='bbox 3993 823 4195 892; x_wconf 79' lang='grc' dir='ltr'>φύσεως</span> 
     </span>
    </p>
   </div>
   <div class='ocr_carea' id='block_1_22' title="bbox 2592 904 4195 980">
    <p class='ocr_par' dir='ltr' id='par_1_22' title="bbox 2592 904 4195 980">
     <span class='ocr_line' id='line_1_22' title="bbox 2592 904 4195 980; baseline 0.002 -24"><span class='ocrx_word' id='word_1_131' title='bbox 2592 908 2682 956; x_wconf 84' lang='grc' dir='ltr'>καὶ</span> <span class='ocrx_word' id='word_1_132' title='bbox 2720 904 2845 979; x_wconf 69' lang='grc' dir='ltr'>ὑπὲρ</span> <span class='ocrx_word' id='word_1_133' title='bbox 2900 908 3052 977; x_wconf 79' lang='grc' dir='ltr'>φύσιν</span> <span class='ocrx_word' id='word_1_134' title='bbox 3106 908 3441 980; x_wconf 75' lang='grc' dir='ltr'><strong>ἠρίστευσαν,</strong></span> <span class='ocrx_word' id='word_1_135' title='bbox 3502 908 3608 961; x_wconf 80' lang='grc' dir='ltr'>ἀλλ’</span> <span class='ocrx_word' id='word_1_136' title='bbox 3655 905 3762 967; x_wconf 76' lang='grc' dir='ltr'>ἤδη</span> <span class='ocrx_word' id='word_1_137' title='bbox 3811 913 3902 962; x_wconf 85' lang='grc' dir='ltr'><strong>καί</strong></span> <span class='ocrx_word' id='word_1_138' title='bbox 3951 918 4195 980; x_wconf 73' lang='grc' dir='ltr'>’γυναῖκες</span> 
     </span>
    </p>
   </div>
   <div class='ocr_carea' id='block_1_23' title="bbox 2594 993 4196 1070">
    <p class='ocr_par' dir='ltr' id='par_1_23' title="bbox 2594 993 4196 1070">
     <span class='ocr_line' id='line_1_23' title="bbox 2594 993 4196 1070; baseline 0.003 -25"><span class='ocrx_word' id='word_1_139' title='bbox 2594 995 2865 1065; x_wconf 76' lang='grc' dir='ltr'>ύπερφευῖς</span> <span class='ocrx_word' id='word_1_140' title='bbox 2938 1013 3069 1055; x_wconf 83' lang='grc' dir='ltr'>τινες</span> <span class='ocrx_word' id='word_1_141' title='bbox 3155 993 3498 1067; x_wconf 73' lang='grc' dir='ltr'>ἀνεφάνησαν,</span> <span class='ocrx_word' id='word_1_142' title='bbox 3576 1018 3664 1049; x_wconf 91' lang='grc' dir='ltr'><strong>και</strong></span> <span class='ocrx_word' id='word_1_143' title='bbox 3720 1005 3829 1060; x_wconf 86' lang='grc' dir='ltr'>τοῖς</span> <span class='ocrx_word' id='word_1_144' title='bbox 3875 998 3999 1070; x_wconf 70' lang='grc' dir='ltr'>ὑπερ</span> <span class='ocrx_word' id='word_1_145' title='bbox 4058 999 4196 1069; x_wconf 73' lang='grc' dir='ltr'>ἡμᾶς</span> 
     </span>
    </p>
   </div>
   <div class='ocr_carea' id='block_1_24' title="bbox 2594 1081 4198 1156">
    <p class='ocr_par' dir='ltr' id='par_1_24' title="bbox 2594 1081 4198 1156">
     <span class='ocr_line' id='line_1_24' title="bbox 2594 1081 4198 1156; baseline 0.002 -23"><span class='ocrx_word' id='word_1_146' title='bbox 2594 1081 2960 1155; x_wconf 79' lang='grc' dir='ltr'>ἡμιλλὴθησαν</span> <span class='ocrx_word' id='word_1_147' title='bbox 2995 1081 3282 1154; x_wconf 71' lang='grc' dir='ltr'>ἀγγελικῶς</span> <span class='ocrx_word' id='word_1_148' title='bbox 3320 1083 3403 1137; x_wconf 73' lang='grc' dir='ltr'><strong>ἔπι</strong></span> <span class='ocrx_word' id='word_1_149' title='bbox 3448 1094 3543 1156; x_wconf 75' lang='grc' dir='ltr'><strong>γῆς</strong></span> <span class='ocrx_word' id='word_1_150' title='bbox 3580 1092 3694 1147; x_wconf 86' lang='grc' dir='ltr'>ταῖς</span> <span class='ocrx_word' id='word_1_151' title='bbox 3733 1085 3997 1147; x_wconf 77' lang='grc' dir='ltr'><strong>ἀληθείαις</strong></span> <span class='ocrx_word' id='word_1_152' title='bbox 4051 1084 4198 1138; x_wconf 85' lang='grc' dir='ltr'>πολι-</span> 
     </span>
    </p>
   </div>
   <div class='ocr_carea' id='block_1_25' title="bbox 2593 1169 4199 1248">
    <p class='ocr_par' dir='ltr' id='par_1_25' title="bbox 2593 1169 4199 1248">
     <span class='ocr_line' id='line_1_25' title="bbox 2593 1169 4199 1248; baseline 0.002 -25"><span class='ocrx_word' id='word_1_153' title='bbox 2593 1173 2921 1244; x_wconf 75' lang='grc' dir='ltr'>τευσάμεναι,</span> <span class='ocrx_word' id='word_1_154' title='bbox 2949 1191 3038 1222; x_wconf 84' lang='grc' dir='ltr'><strong>και</strong></span> <span class='ocrx_word' id='word_1_155' title='bbox 3068 1179 3166 1223; x_wconf 82' lang='grc' dir='ltr'>τῶν</span> <span class='ocrx_word' id='word_1_156' title='bbox 3210 1169 3342 1244; x_wconf 73' lang='grc' dir='ltr'>τῇδε</span> <span class='ocrx_word' id='word_1_157' title='bbox 3366 1193 3455 1224; x_wconf 84' lang='grc' dir='ltr'><strong>και</strong></span> <span class='ocrx_word' id='word_1_158' title='bbox 3479 1183 3675 1247; x_wconf 75' lang='grc' dir='ltr'>γεηρῶν</span> <span class='ocrx_word' id='word_1_159' title='bbox 3698 1176 3797 1227; x_wconf 85' lang='grc' dir='ltr'>ὅσα</span> <span class='ocrx_word' id='word_1_160' title='bbox 3828 1171 3895 1233; x_wconf 75' lang='grc' dir='ltr'><strong>δὴ</strong></span> <span class='ocrx_word' id='word_1_161' title='bbox 3926 1194 4015 1227; x_wconf 80' lang='grc' dir='ltr'><strong>και</strong></span> <span class='ocrx_word' id='word_1_162' title='bbox 4044 1176 4199 1248; x_wconf 75' lang='grc' dir='ltr'>ὑπέρ-</span> 
     </span>
    </p>
   </div>
   <div class='ocr_carea' id='block_1_26' title="bbox 2594 1257 4199 1338">
    <p class='ocr_par' dir='ltr' id='par_1_26' title="bbox 2594 1257 4199 1338">
     <span class='ocr_line' id='line_1_26' title="bbox 2594 1257 4199 1338; baseline 0.001 -23"><span class='ocrx_word' id='word_1_163' title='bbox 2594 1281 2740 1338; x_wconf 82' lang='grc' dir='ltr'>τεραι</span> <span class='ocrx_word' id='word_1_164' title='bbox 2766 1264 2944 1333; x_wconf 78' lang='grc' dir='ltr'>φύσεις</span> <span class='ocrx_word' id='word_1_165' title='bbox 2975 1257 3341 1336; x_wconf 81' lang='grc' dir='ltr'>ύπεριδόῦσαι,</span> <span class='ocrx_word' id='word_1_166' title='bbox 3390 1282 3479 1315; x_wconf 93' lang='grc' dir='ltr'><strong>και</strong></span> <span class='ocrx_word' id='word_1_167' title='bbox 3522 1266 3591 1325; x_wconf 84' lang='grc' dir='ltr'>ὡς</span> <span class='ocrx_word' id='word_1_168' title='bbox 3628 1262 3902 1337; x_wconf 73' lang='grc' dir='ltr'><strong>ἀσώματοι</strong></span> <span class='ocrx_word' id='word_1_169' title='bbox 3938 1268 3996 1317; x_wconf 88' lang='grc' dir='ltr'><strong>τό</strong></span> <span class='ocrx_word' id='word_1_170' title='bbox 4043 1272 4199 1335; x_wconf 85' lang='grc' dir='ltr'>σῶμα</span> 
     </span>
    </p>
   </div>
   <div class='ocr_carea' id='block_1_27' title="bbox 2594 1348 4196 1424">
    <p class='ocr_par' dir='ltr' id='par_1_27' title="bbox 2594 1348 4196 1424">
     <span class='ocr_line' id='line_1_27' title="bbox 2594 1348 4196 1424; baseline 0.001 -21"><span class='ocrx_word' id='word_1_171' title='bbox 2594 1354 3066 1423; x_wconf 77' lang='grc' dir='ltr'>περιφρονήσασαι.</span> <span class='ocrx_word' id='word_1_172' title='bbox 3119 1357 3318 1421; x_wconf 87' lang='grc' dir='ltr'>Συχναι</span> <span class='ocrx_word' id='word_1_173' title='bbox 3370 1354 3460 1423; x_wconf 70' lang='grc' dir='ltr'><strong>μεν</strong></span> <span class='ocrx_word' id='word_1_174' title='bbox 3513 1348 3599 1404; x_wconf 80' lang='grc' dir='ltr'><strong>οὖν</strong></span> <span class='ocrx_word' id='word_1_175' title='bbox 3654 1361 3934 1423; x_wconf 72' lang='grc' dir='ltr'>γυναικῶν,</span> <span class='ocrx_word' id='word_1_176' title='bbox 3967 1354 4097 1424; x_wconf 83' lang='grc' dir='ltr'>μετὰ</span> <span class='ocrx_word' id='word_1_177' title='bbox 4136 1354 4196 1404; x_wconf 85' lang='grc' dir='ltr'><strong>τό</strong></span> 
     </span>
    </p>
   </div>
   <div class='ocr_carea' id='block_1_28' title="bbox 2594 1438 4199 1511">
    <p class='ocr_par' dir='ltr' id='par_1_28' title="bbox 2594 1438 4199 1511">
     <span class='ocr_line' id='line_1_28' title="bbox 2594 1438 4199 1511; baseline 0 -19"><span class='ocrx_word' id='word_1_178' title='bbox 2594 1444 2727 1511; x_wconf 75' lang='grc' dir='ltr'>μέγα</span> <span class='ocrx_word' id='word_1_179' title='bbox 2781 1458 2867 1490; x_wconf 91' lang='grc' dir='ltr'><strong>και</strong></span> <span class='ocrx_word' id='word_1_180' title='bbox 2925 1442 3135 1511; x_wconf 79' lang='grc' dir='ltr'>φρικτόν</span> <span class='ocrx_word' id='word_1_181' title='bbox 3182 1446 3278 1501; x_wconf 85' lang='grc' dir='ltr'>τῆς</span> <span class='ocrx_word' id='word_1_182' title='bbox 3338 1438 3773 1508; x_wconf 75' lang='grc' dir='ltr'>ἑνανθρωπησεως</span> <span class='ocrx_word' id='word_1_183' title='bbox 3800 1448 3891 1493; x_wconf 81' lang='grc' dir='ltr'><strong>τοῦ</strong></span> <span class='ocrx_word' id='word_1_184' title='bbox 3932 1447 4066 1493; x_wconf 71' lang='grc' dir='ltr'><strong>Θεοῦ</strong></span> <span class='ocrx_word' id='word_1_185' title='bbox 4104 1460 4199 1492; x_wconf 90' lang='grc' dir='ltr'><strong>και</strong></span> 
     </span>
    </p>
   </div>
   <div class='ocr_carea' id='block_1_29' title="bbox 2597 1526 4196 1603">
    <p class='ocr_par' dir='ltr' id='par_1_29' title="bbox 2597 1526 4196 1603">
     <span class='ocr_line' id='line_1_29' title="bbox 2597 1526 4196 1603; baseline -0.001 -21"><span class='ocrx_word' id='word_1_186' title='bbox 2597 1537 2833 1603; x_wconf 80' lang='grc' dir='ltr'><strong>Σωτῆρος</strong></span> <span class='ocrx_word' id='word_1_187' title='bbox 2884 1532 3176 1600; x_wconf 82' lang='grc' dir='ltr'>μυστήριον</span> <span class='ocrx_word' id='word_1_188' title='bbox 3222 1526 3466 1602; x_wconf 75' lang='grc' dir='ltr'><strong>ἀνδρεῖον</strong></span> <span class='ocrx_word' id='word_1_189' title='bbox 3517 1532 3644 1601; x_wconf 84' lang='grc' dir='ltr'>πρός</span> <span class='ocrx_word' id='word_1_190' title='bbox 3692 1534 3811 1592; x_wconf 81' lang='grc' dir='ltr'>τοὺς</span> <span class='ocrx_word' id='word_1_191' title='bbox 3849 1531 3962 1582; x_wconf 86' lang='grc' dir='ltr'>κατ’</span> <span class='ocrx_word' id='word_1_192' title='bbox 4006 1529 4196 1603; x_wconf 79' lang='grc' dir='ltr'>ἀρετὴν</span> 
     </span>
    </p>
   </div>
   <div class='ocr_carea' id='block_1_30' title="bbox 2596 1613 4200 1693">
    <p class='ocr_par' dir='ltr' id='par_1_30' title="bbox 2596 1613 4200 1693">
     <span class='ocr_line' id='line_1_30' title="bbox 2596 1613 4200 1693; baseline -0.001 -22"><span class='ocrx_word' id='word_1_193' title='bbox 2596 1618 2781 1678; x_wconf 79' lang='grc' dir='ltr'><strong>ἄθλους</strong></span> <span class='ocrx_word' id='word_1_194' title='bbox 2819 1613 3133 1679; x_wconf 79' lang='grc' dir='ltr'><strong>ἐνεδείξαντο</strong></span> <span class='ocrx_word' id='word_1_195' title='bbox 3178 1621 3437 1690; x_wconf 75' lang='grc' dir='ltr'>φρόνημα,</span> <span class='ocrx_word' id='word_1_196' title='bbox 3476 1620 3705 1689; x_wconf 76' lang='grc' dir='ltr'>γενναῖόν</span> <span class='ocrx_word' id='word_1_197' title='bbox 3733 1638 3787 1672; x_wconf 82' lang='grc' dir='ltr'><strong>τε</strong></span> <span class='ocrx_word' id='word_1_198' title='bbox 3832 1618 4020 1690; x_wconf 72' lang='grc' dir='ltr'>ψυχῆς</span> <span class='ocrx_word' id='word_1_199' title='bbox 4064 1620 4200 1693; x_wconf 88' lang='grc' dir='ltr'>πρὸς</span> 
     </span>
    </p>
   </div>
   <div class='ocr_carea' id='block_1_31' title="bbox 2597 1706 4198 1780">
    <p class='ocr_par' dir='ltr' id='par_1_31' title="bbox 2597 1706 4198 1780">
     <span class='ocr_line' id='line_1_31' title="bbox 2597 1706 4198 1780; baseline -0.001 -20"><span class='ocrx_word' id='word_1_200' title='bbox 2597 1711 2713 1768; x_wconf 76' lang='grc' dir='ltr'>τοὺς</span> <span class='ocrx_word' id='word_1_201' title='bbox 2746 1708 2871 1780; x_wconf 69' lang='grc' dir='ltr'>ύπὶρ</span> <span class='ocrx_word' id='word_1_202' title='bbox 2907 1712 3137 1779; x_wconf 78' lang='grc' dir='ltr'><strong>Χριστοῦ</strong></span> <span class='ocrx_word' id='word_1_203' title='bbox 3162 1725 3251 1757; x_wconf 88' lang='grc' dir='ltr'><strong>και</strong></span> <span class='ocrx_word' id='word_1_204' title='bbox 3309 1709 3444 1759; x_wconf 84' lang='grc' dir='ltr'><strong>κατά</strong></span> <span class='ocrx_word' id='word_1_205' title='bbox 3502 1711 3731 1780; x_wconf 73' lang='grc' dir='ltr'><strong>Χριστὸν</strong></span> <span class='ocrx_word' id='word_1_206' title='bbox 3781 1706 3979 1779; x_wconf 74' lang='grc' dir='ltr'>ἀγῶνας</span> <span class='ocrx_word' id='word_1_207' title='bbox 4026 1709 4198 1780; x_wconf 82' lang='grc' dir='ltr'>παροί-</span> 
     </span>
    </p>
   </div>
   <div class='ocr_carea' id='block_1_32' title="bbox 2600 1792 4200 1870">
    <p class='ocr_par' dir='ltr' id='par_1_32' title="bbox 2600 1792 4200 1870">
     <span class='ocr_line' id='line_1_32' title="bbox 2600 1792 4200 1870; baseline -0.001 -21"><span class='ocrx_word' id='word_1_208' title='bbox 2600 1816 2779 1869; x_wconf 90' lang='grc' dir='ltr'>στημα</span> <span class='ocrx_word' id='word_1_209' title='bbox 2945 1792 3003 1847; x_wconf 74' lang='grc' dir='ltr'><strong>δὲ</strong></span> <span class='ocrx_word' id='word_1_210' title='bbox 3053 1801 3139 1846; x_wconf 84' lang='grc' dir='ltr'><strong>νῦν</strong></span> <span class='ocrx_word' id='word_1_211' title='bbox 3193 1797 3317 1867; x_wconf 79' lang='grc' dir='ltr'>ἡμῖν</span> <span class='ocrx_word' id='word_1_212' title='bbox 3371 1792 3477 1853; x_wconf 79' lang='grc' dir='ltr'>ἤδη</span> <span class='ocrx_word' id='word_1_213' title='bbox 3516 1795 3895 1870; x_wconf 71' lang='grc' dir='ltr'>προϐεϐλημένη</span> <span class='ocrx_word' id='word_1_214' title='bbox 3950 1800 4079 1868; x_wconf 87' lang='grc' dir='ltr'>πρός</span> <span class='ocrx_word' id='word_1_215' title='bbox 4118 1795 4200 1848; x_wconf 81' lang='grc' dir='ltr'>εύ-</span> 
     </span>
    </p>
   </div>
   <div class='ocr_carea' id='block_1_33' title="bbox 835 1882 2606 1961">
    <p class='ocr_par' dir='ltr' id='par_1_33' title="bbox 835 1886 2606 1961">
     <span class='ocr_line' id='line_1_33' title="bbox 835 1886 2606 1961; baseline 0.001 -20"><span class='ocrx_word' id='word_1_216' title='bbox 835 1889 892 1942; x_wconf 90' lang='lat' dir='ltr'><strong>et</strong></span> <span class='ocrx_word' id='word_1_217' title='bbox 920 1888 1208 1942; x_wconf 67' lang='lat' dir='ltr'><strong>matronae</strong></span> <span class='ocrx_word' id='word_1_218' title='bbox 1239 1886 1511 1942; x_wconf 86' lang='lat' dir='ltr'><strong>exstitere</strong></span> <span class='ocrx_word' id='word_1_219' title='bbox 1554 1886 1829 1957; x_wconf 91' lang='lat' dir='ltr'><strong>illustres,</strong></span> <span class='ocrx_word' id='word_1_220' title='bbox 1870 1904 2007 1961; x_wconf 68' lang='lat' dir='ltr'><strong>quae</strong></span> <span class='ocrx_word' id='word_1_221' title='bbox 2052 1889 2333 1945; x_wconf 90' lang='lat' dir='ltr'><strong>adversus</strong></span> <span class='ocrx_word' id='word_1_222' title='bbox 2363 1904 2485 1956; x_wconf 91' lang='lat' dir='ltr'><strong>eos,</strong></span> <span class='ocrx_word' id='word_1_223' title='bbox 2518 1902 2558 1956; x_wconf 78' lang='grc' dir='ltr'>Β</span> <span class='ocrx_word' id='word_1_224' title='bbox 2599 1909 2606 1936; x_wconf 74' lang='grc' dir='ltr'><strong>ε</strong></span> 
     </span>
    </p>
   </div>
   <div class='ocr_carea' id='block_1_34' title="bbox 2429 1882 4200 1961">
    <p class='ocr_par' dir='ltr' id='par_1_34' title="bbox 2429 1882 4200 1960">
     <span class='ocr_line' id='line_1_34' title="bbox 2429 1882 4200 1960; baseline 0.001 -25"><span class='ocrx_word' id='word_1_225' title='bbox 2429 1906 2485 1956; x_wconf 64' lang='grc' dir='ltr'><strong>με,</strong></span> <span class='ocrx_word' id='word_1_226' title='bbox 2518 1902 2558 1956; x_wconf 77' lang='grc' dir='ltr'>Β</span> <span class='ocrx_word' id='word_1_227' title='bbox 2599 1891 2795 1958; x_wconf 76' lang='grc' dir='ltr'>φημίας</span> <span class='ocrx_word' id='word_1_228' title='bbox 2851 1886 3118 1951; x_wconf 73' lang='grc' dir='ltr'>ὑπόθεσιν,</span> <span class='ocrx_word' id='word_1_229' title='bbox 3169 1888 3227 1936; x_wconf 89' lang='grc' dir='ltr'><strong>τό</strong></span> <span class='ocrx_word' id='word_1_230' title='bbox 3291 1888 3599 1960; x_wconf 74' lang='grc' dir='ltr'>φερωνύμως</span> <span class='ocrx_word' id='word_1_231' title='bbox 3653 1882 3925 1938; x_wconf 78' lang='grc' dir='ltr'><strong>θεόσδοτον</strong></span> <span class='ocrx_word' id='word_1_232' title='bbox 3978 1883 4200 1956; x_wconf 70' lang='grc' dir='ltr'>ἀγαθόν,</span> 
     </span>
    </p>
   </div>
   <div class='ocr_carea' id='block_1_35' title="bbox 834 1974 2605 2050">
    <p class='ocr_par' dir='ltr' id='par_1_35' title="bbox 834 1974 2605 2050">
     <span class='ocr_line' id='line_1_35' title="bbox 834 1974 2605 2050; baseline 0.003 -21"><span class='ocrx_word' id='word_1_233' title='bbox 834 1990 1096 2048; x_wconf 86' lang='lat' dir='ltr'><strong>quorum</strong></span> <span class='ocrx_word' id='word_1_234' title='bbox 1125 1975 1276 2031; x_wconf 91' lang='lat' dir='ltr'><strong>vires</strong></span> <span class='ocrx_word' id='word_1_235' title='bbox 1302 1976 1519 2031; x_wconf 90' lang='lat' dir='ltr'><strong>nostris</strong></span> <span class='ocrx_word' id='word_1_236' title='bbox 1540 1974 1717 2046; x_wconf 90' lang='lat' dir='ltr'><strong>longe</strong></span> <span class='ocrx_word' id='word_1_237' title='bbox 1746 1982 1883 2033; x_wconf 92' lang='lat' dir='ltr'><strong>sunt</strong></span> <span class='ocrx_word' id='word_1_238' title='bbox 1904 1978 2261 2050; x_wconf 88' lang='lat' dir='ltr'><strong>superiores,</strong></span> <span class='ocrx_word' id='word_1_239' title='bbox 2284 1977 2488 2034; x_wconf 90' lang='lat' dir='ltr'><strong>animo</strong></span> <span class='ocrx_word' id='word_1_240' title='bbox 2600 1995 2605 2023; x_wconf 67' lang='grc' dir='ltr'><strong>ε</strong></span> 
     </span>
    </p>
   </div>
   <div class='ocr_carea' id='block_1_36' title="bbox 2433 1974 4204 2050">
    <p class='ocr_par' dir='ltr' id='par_1_36' title="bbox 2433 1974 4204 2049">
     <span class='ocr_line' id='line_1_36' title="bbox 2433 1974 4204 2049; baseline -0.003 -16"><span class='ocrx_word' id='word_1_241' title='bbox 2433 1993 2488 2034; x_wconf 90' lang='grc' dir='ltr'><strong>ιο</strong></span> <span class='ocrx_word' id='word_1_242' title='bbox 2600 1974 2881 2043; x_wconf 79' lang='grc' dir='ltr'>Θεοδοσία,</span> <span class='ocrx_word' id='word_1_243' title='bbox 2932 1976 2961 2033; x_wconf 79' lang='grc' dir='ltr'><strong>ἠ</strong></span> <span class='ocrx_word' id='word_1_244' title='bbox 3020 1974 3067 2026; x_wconf 84' lang='grc' dir='ltr'><strong><em>ἐν</em></strong></span> <span class='ocrx_word' id='word_1_245' title='bbox 3119 1975 3288 2036; x_wconf 83' lang='grc' dir='ltr'><strong>ὁσίαις</strong></span> <span class='ocrx_word' id='word_1_246' title='bbox 3330 1980 3659 2049; x_wconf 77' lang='grc' dir='ltr'>πυρίπιστος,</span> <span class='ocrx_word' id='word_1_247' title='bbox 3718 1981 3807 2028; x_wconf 87' lang='grc' dir='ltr'>καὶ</span> <span class='ocrx_word' id='word_1_248' title='bbox 3864 1975 3911 2028; x_wconf 76' lang='grc' dir='ltr'><strong>ἐν</strong></span> <span class='ocrx_word' id='word_1_249' title='bbox 3966 1977 4204 2049; x_wconf 77' lang='grc' dir='ltr'><strong>μάρτυσι</strong></span> 
     </span>
    </p>
   </div>
   <div class='ocr_carea' id='block_1_37' title="bbox 834 2063 2483 2138">
    <p class='ocr_par' dir='ltr' id='par_1_37' title="bbox 834 2063 2483 2138">
     <span class='ocr_line' id='line_1_37' title="bbox 834 2063 2483 2138; baseline 0.003 -20"><span class='ocrx_word' id='word_1_250' title='bbox 834 2063 970 2138; x_wconf 89' lang='lat' dir='ltr'><strong>plus</strong></span> <span class='ocrx_word' id='word_1_251' title='bbox 999 2079 1184 2135; x_wconf 86' lang='lat' dir='ltr'><strong>quam</strong></span> <span class='ocrx_word' id='word_1_252' title='bbox 1218 2064 1488 2121; x_wconf 87' lang='lat' dir='ltr'><strong>muliebri</strong></span> <span class='ocrx_word' id='word_1_253' title='bbox 1520 2064 1822 2122; x_wconf 88' lang='lat' dir='ltr'><strong>decertare</strong></span> <span class='ocrx_word' id='word_1_254' title='bbox 1852 2082 1975 2123; x_wconf 91' lang='lat' dir='ltr'><strong>non</strong></span> <span class='ocrx_word' id='word_1_255' title='bbox 2002 2066 2241 2123; x_wconf 91' lang='lat' dir='ltr'><strong>fuerunt</strong></span> <span class='ocrx_word' id='word_1_256' title='bbox 2268 2068 2483 2134; x_wconf 59' lang='lat' dir='ltr'><strong>veritas,</strong></span> 
     </span>
    </p>
   </div>
   <div class='ocr_carea' id='block_1_38' title="bbox 834 2153 2486 2224">
    <p class='ocr_par' dir='ltr' id='par_1_38' title="bbox 834 2153 2486 2224">
     <span class='ocr_line' id='line_1_38' title="bbox 834 2153 2486 2224; baseline 0.001 -14"><span class='ocrx_word' id='word_1_257' title='bbox 834 2153 1194 2224; x_wconf 90' lang='lat' dir='ltr'><strong>angelicam,</strong></span> <span class='ocrx_word' id='word_1_258' title='bbox 1225 2155 1273 2210; x_wconf 90' lang='lat' dir='ltr'><strong>si</strong></span> <span class='ocrx_word' id='word_1_259' title='bbox 1303 2171 1513 2211; x_wconf 85' lang='lat' dir='ltr'><strong>verum</strong></span> <span class='ocrx_word' id='word_1_260' title='bbox 1562 2155 1861 2222; x_wconf 84' lang='lat' dir='ltr'><strong>dicamus,</strong></span> <span class='ocrx_word' id='word_1_261' title='bbox 1893 2156 1953 2212; x_wconf 93' lang='lat' dir='ltr'><strong>in</strong></span> <span class='ocrx_word' id='word_1_262' title='bbox 1984 2161 2139 2213; x_wconf 90' lang='lat' dir='ltr'><strong>terra</strong></span> <span class='ocrx_word' id='word_1_263' title='bbox 2165 2157 2346 2213; x_wconf 90' lang='lat' dir='ltr'><strong>vitam</strong></span> <span class='ocrx_word' id='word_1_264' title='bbox 2380 2156 2486 2212; x_wconf 81' lang='lat' dir='ltr'><strong>du-</strong></span> 
     </span>
    </p>
   </div>
   <div class='ocr_carea' id='block_1_39' title="bbox 834 2243 2487 2319">
    <p class='ocr_par' dir='ltr' id='par_1_39' title="bbox 834 2243 2487 2319">
     <span class='ocr_line' id='line_1_39' title="bbox 834 2243 2487 2319; baseline 0.002 -21"><span class='ocrx_word' id='word_1_265' title='bbox 834 2248 1053 2309; x_wconf 89' lang='lat' dir='ltr'><strong>centes,</strong></span> <span class='ocrx_word' id='word_1_266' title='bbox 1087 2247 1143 2299; x_wconf 91' lang='lat' dir='ltr'><strong>et</strong></span> <span class='ocrx_word' id='word_1_267' title='bbox 1180 2243 1361 2299; x_wconf 89' lang='lat' dir='ltr'><strong>veluti</strong></span> <span class='ocrx_word' id='word_1_268' title='bbox 1404 2260 1475 2300; x_wconf 84' lang='lat' dir='ltr'><strong>ex</strong></span> <span class='ocrx_word' id='word_1_269' title='bbox 1520 2244 1639 2300; x_wconf 90' lang='lat' dir='ltr'><strong>alto</strong></span> <span class='ocrx_word' id='word_1_270' title='bbox 1669 2245 2063 2316; x_wconf 90' lang='lat' dir='ltr'><strong>despicientes</strong></span> <span class='ocrx_word' id='word_1_271' title='bbox 2108 2261 2487 2319; x_wconf 75' lang='lat' dir='ltr'><strong>quascunque</strong></span> 
     </span>
    </p>
   </div>
   <div class='ocr_carea' id='block_1_40' title="bbox 834 2332 2487 2405">
    <p class='ocr_par' dir='ltr' id='par_1_40' title="bbox 834 2332 2487 2405">
     <span class='ocr_line' id='line_1_40' title="bbox 834 2332 2487 2405; baseline 0.001 -17"><span class='ocrx_word' id='word_1_272' title='bbox 834 2332 896 2388; x_wconf 89' lang='lat' dir='ltr'><strong>in</strong></span> <span class='ocrx_word' id='word_1_273' title='bbox 925 2332 1071 2388; x_wconf 85' lang='lat' dir='ltr'><strong>orbe</strong></span> <span class='ocrx_word' id='word_1_274' title='bbox 1104 2332 1219 2388; x_wconf 90' lang='lat' dir='ltr'><strong>hoc</strong></span> <span class='ocrx_word' id='word_1_275' title='bbox 1250 2348 1372 2388; x_wconf 92' lang='lat' dir='ltr'><strong>non</strong></span> <span class='ocrx_word' id='word_1_276' title='bbox 1400 2337 1558 2401; x_wconf 91' lang='lat' dir='ltr'><strong>sunt,</strong></span> <span class='ocrx_word' id='word_1_277' title='bbox 1589 2334 1693 2390; x_wconf 92' lang='lat' dir='ltr'><strong>sed</strong></span> <span class='ocrx_word' id='word_1_278' title='bbox 1732 2334 2009 2391; x_wconf 89' lang='lat' dir='ltr'><strong>videntur</strong></span> <span class='ocrx_word' id='word_1_279' title='bbox 2038 2335 2244 2405; x_wconf 83' lang='lat' dir='ltr'><strong>magni</strong></span> <span class='ocrx_word' id='word_1_280' title='bbox 2270 2334 2487 2390; x_wconf 88' lang='lat' dir='ltr'><strong>facien-</strong></span> 
     </span>
    </p>
   </div>
   <div class='ocr_carea' id='block_1_41' title="bbox 835 2420 2487 2498">
    <p class='ocr_par' dir='ltr' id='par_1_41' title="bbox 835 2420 2487 2498">
     <span class='ocr_line' id='line_1_41' title="bbox 835 2420 2487 2498; baseline 0.002 -21"><span class='ocrx_word' id='word_1_281' title='bbox 835 2420 915 2477; x_wconf 92' lang='lat' dir='ltr'><strong>da</strong></span> <span class='ocrx_word' id='word_1_282' title='bbox 944 2439 956 2477; x_wconf 93' lang='lat'>:</span> <span class='ocrx_word' id='word_1_283' title='bbox 990 2422 1206 2478; x_wconf 80' lang='lat' dir='ltr'><strong>animae</strong></span> <span class='ocrx_word' id='word_1_284' title='bbox 1238 2422 1502 2495; x_wconf 90' lang='lat' dir='ltr'><strong>profecto</strong></span> <span class='ocrx_word' id='word_1_285' title='bbox 1548 2422 1763 2496; x_wconf 88' lang='lat' dir='ltr'><strong>seipsis</strong></span> <span class='ocrx_word' id='word_1_286' title='bbox 1795 2424 2033 2481; x_wconf 84' lang='lat' dir='ltr'><strong>altiores</strong></span> <span class='ocrx_word' id='word_1_287' title='bbox 2080 2424 2321 2489; x_wconf 61' lang='lat' dir='ltr'><strong>effectae,</strong></span> <span class='ocrx_word' id='word_1_288' title='bbox 2351 2440 2487 2498; x_wconf 66' lang='lat' dir='ltr'><strong>quas</strong></span> 
     </span>
    </p>
   </div>
   <div class='ocr_carea' id='block_1_42' title="bbox 836 2512 2487 2584">
    <p class='ocr_par' dir='ltr' id='par_1_42' title="bbox 836 2512 2487 2584">
     <span class='ocr_line' id='line_1_42' title="bbox 836 2512 2487 2584; baseline 0.003 -18"><span class='ocrx_word' id='word_1_289' title='bbox 836 2526 974 2567; x_wconf 91' lang='lat' dir='ltr'><strong>cum</strong></span> <span class='ocrx_word' id='word_1_290' title='bbox 1005 2527 1258 2583; x_wconf 88' lang='lat' dir='ltr'><strong>corpora</strong></span> <span class='ocrx_word' id='word_1_291' title='bbox 1282 2527 1393 2568; x_wconf 90' lang='lat' dir='ltr'><strong>sua</strong></span> <span class='ocrx_word' id='word_1_292' title='bbox 1422 2512 1648 2584; x_wconf 91' lang='lat' dir='ltr'><strong>ubique</strong></span> <span class='ocrx_word' id='word_1_293' title='bbox 1678 2513 2145 2582; x_wconf 90' lang='lat' dir='ltr'><strong>circumferrent,</strong></span> <span class='ocrx_word' id='word_1_294' title='bbox 2177 2513 2260 2571; x_wconf 89' lang='lat' dir='ltr'><strong>sic</strong></span> <span class='ocrx_word' id='word_1_295' title='bbox 2284 2519 2487 2571; x_wconf 89' lang='lat' dir='ltr'><strong>tamen</strong></span> 
     </span>
    </p>
   </div>
   <div class='ocr_carea' id='block_1_43' title="bbox 834 2600 2488 2674">
    <p class='ocr_par' dir='ltr' id='par_1_43' title="bbox 834 2600 2488 2674">
     <span class='ocr_line' id='line_1_43' title="bbox 834 2600 2488 2674; baseline 0.003 -19"><span class='ocrx_word' id='word_1_296' title='bbox 834 2600 1012 2672; x_wconf 92' lang='lat' dir='ltr'><strong>quasi</strong></span> <span class='ocrx_word' id='word_1_297' title='bbox 1038 2606 1203 2658; x_wconf 82' lang='lat' dir='ltr'><strong>extra</strong></span> <span class='ocrx_word' id='word_1_298' title='bbox 1223 2617 1495 2674; x_wconf 89' lang='lat' dir='ltr'><strong>corpora,</strong></span> <span class='ocrx_word' id='word_1_299' title='bbox 1521 2602 1755 2674; x_wconf 88' lang='lat' dir='ltr'><strong>absque</strong></span> <span class='ocrx_word' id='word_1_300' title='bbox 1783 2603 1905 2659; x_wconf 90' lang='lat' dir='ltr'><strong>ulla</strong></span> <span class='ocrx_word' id='word_1_301' title='bbox 1927 2619 2133 2659; x_wconf 90' lang='lat' dir='ltr'><strong>eorum</strong></span> <span class='ocrx_word' id='word_1_302' title='bbox 2162 2620 2325 2671; x_wconf 88' lang='lat' dir='ltr'><strong>cura,</strong></span> <span class='ocrx_word' id='word_1_303' title='bbox 2358 2620 2488 2660; x_wconf 91' lang='lat' dir='ltr'><strong>ver-</strong></span> 
     </span>
    </p>
   </div>
   <div class='ocr_carea' id='block_1_44' title="bbox 835 2690 2487 2764">
    <p class='ocr_par' dir='ltr' id='par_1_44' title="bbox 835 2690 2487 2764">
     <span class='ocr_line' id='line_1_44' title="bbox 835 2690 2487 2764; baseline 0.002 -18"><span class='ocrx_word' id='word_1_304' title='bbox 835 2690 1143 2746; x_wconf 88' lang='lat' dir='ltr'><strong>sabantur.</strong></span> <span class='ocrx_word' id='word_1_305' title='bbox 1171 2693 1390 2747; x_wconf 90' lang='lat' dir='ltr'><strong>Earum</strong></span> <span class='ocrx_word' id='word_1_306' title='bbox 1418 2690 1615 2763; x_wconf 87' lang='lat' dir='ltr'><strong>igitur,</strong></span> <span class='ocrx_word' id='word_1_307' title='bbox 1641 2708 1794 2764; x_wconf 90' lang='lat' dir='ltr'><strong>quas</strong></span> <span class='ocrx_word' id='word_1_308' title='bbox 1818 2692 2001 2748; x_wconf 89' lang='lat' dir='ltr'><strong>modo</strong></span> <span class='ocrx_word' id='word_1_309' title='bbox 2023 2692 2321 2763; x_wconf 89' lang='lat' dir='ltr'><strong>dicebam,</strong></span> <span class='ocrx_word' id='word_1_310' title='bbox 2353 2710 2487 2749; x_wconf 87' lang='lat' dir='ltr'><strong>mu-</strong></span> 
     </span>
    </p>
   </div>
   <div class='ocr_carea' id='block_1_45' title="bbox 834 2779 2489 2855">
    <p class='ocr_par' dir='ltr' id='par_1_45' title="bbox 834 2779 2489 2855">
     <span class='ocr_line' id='line_1_45' title="bbox 834 2779 2489 2855; baseline 0.001 -19"><span class='ocrx_word' id='word_1_311' title='bbox 834 2779 1044 2836; x_wconf 88' lang='lat' dir='ltr'><strong>lierum</strong></span> <span class='ocrx_word' id='word_1_312' title='bbox 1072 2794 1193 2835; x_wconf 89' lang='lat' dir='ltr'><strong>non</strong></span> <span class='ocrx_word' id='word_1_313' title='bbox 1224 2795 1454 2851; x_wconf 66' lang='lat' dir='ltr'><strong>paucae,</strong></span> <span class='ocrx_word' id='word_1_314' title='bbox 1486 2783 1623 2853; x_wconf 92' lang='lat' dir='ltr'><strong>post</strong></span> <span class='ocrx_word' id='word_1_315' title='bbox 1642 2781 1855 2849; x_wconf 89' lang='lat' dir='ltr'><strong>ingens</strong></span> <span class='ocrx_word' id='word_1_316' title='bbox 1877 2780 2024 2837; x_wconf 91' lang='lat' dir='ltr'><strong>illud</strong></span> <span class='ocrx_word' id='word_1_317' title='bbox 2046 2798 2115 2838; x_wconf 93' lang='lat' dir='ltr'><strong>ac</strong></span> <span class='ocrx_word' id='word_1_318' title='bbox 2138 2798 2309 2839; x_wconf 91' lang='lat' dir='ltr'><strong>sacro</strong></span> <span class='ocrx_word' id='word_1_319' title='bbox 2338 2798 2489 2855; x_wconf 89' lang='lat' dir='ltr'><strong>quo-</strong></span> 
     </span>
    </p>
   </div>
   <div class='ocr_carea' id='block_1_46' title="bbox 833 2869 2486 2941">
    <p class='ocr_par' dir='ltr' id='par_1_46' title="bbox 833 2869 2486 2941">
     <span class='ocr_line' id='line_1_46' title="bbox 833 2869 2486 2941; baseline 0.002 -17"><span class='ocrx_word' id='word_1_320' title='bbox 833 2869 977 2925; x_wconf 89' lang='lat' dir='ltr'><strong>dam</strong></span> <span class='ocrx_word' id='word_1_321' title='bbox 1008 2869 1253 2926; x_wconf 91' lang='lat' dir='ltr'><strong>horrore</strong></span> <span class='ocrx_word' id='word_1_322' title='bbox 1279 2869 1699 2941; x_wconf 90' lang='lat' dir='ltr'><strong>plenissimum</strong></span> <span class='ocrx_word' id='word_1_323' title='bbox 1724 2870 1823 2926; x_wconf 89' lang='lat' dir='ltr'><strong>Dei</strong></span> <span class='ocrx_word' id='word_1_324' title='bbox 1844 2886 1914 2927; x_wconf 92' lang='lat' dir='ltr'><strong>ac</strong></span> <span class='ocrx_word' id='word_1_325' title='bbox 1935 2870 2256 2928; x_wconf 87' lang='lat' dir='ltr'><strong>Salvatoris</strong></span> <span class='ocrx_word' id='word_1_326' title='bbox 2277 2873 2486 2939; x_wconf 89' lang='lat' dir='ltr'><strong>nostri,</strong></span> 
     </span>
    </p>
   </div>
   <div class='ocr_carea' id='block_1_47' title="bbox 834 2958 2488 3031">
    <p class='ocr_par' dir='ltr' id='par_1_47' title="bbox 834 2958 2488 3031">
     <span class='ocr_line' id='line_1_47' title="bbox 834 2958 2488 3031; baseline 0.002 -18"><span class='ocrx_word' id='word_1_327' title='bbox 834 2973 1077 3015; x_wconf 90' lang='lat' dir='ltr'><strong>carnem</strong></span> <span class='ocrx_word' id='word_1_328' title='bbox 1118 2963 1387 3015; x_wconf 88' lang='lat' dir='ltr'><strong>nostram</strong></span> <span class='ocrx_word' id='word_1_329' title='bbox 1432 2958 1832 3031; x_wconf 90' lang='lat' dir='ltr'><strong>suscipientis,</strong></span> <span class='ocrx_word' id='word_1_330' title='bbox 1869 2975 2183 3029; x_wconf 90' lang='lat' dir='ltr'><strong>arcanum,</strong></span> <span class='ocrx_word' id='word_1_331' title='bbox 2215 2961 2488 3031; x_wconf 88' lang='lat' dir='ltr'><strong>ingentes</strong></span> 
     </span>
    </p>
   </div>
   <div class='ocr_carea' id='block_1_48' title="bbox 833 3044 2604 3121">
    <p class='ocr_par' dir='ltr' id='par_1_48' title="bbox 833 3048 2604 3121">
     <span class='ocr_line' id='line_1_48' title="bbox 833 3048 2604 3121; baseline -0.002 -16"><span class='ocrx_word' id='word_1_332' title='bbox 833 3048 913 3105; x_wconf 91' lang='lat' dir='ltr'><strong>ad</strong></span> <span class='ocrx_word' id='word_1_333' title='bbox 932 3049 1216 3104; x_wconf 90' lang='lat' dir='ltr'><strong>virtutum</strong></span> <span class='ocrx_word' id='word_1_334' title='bbox 1245 3048 1633 3121; x_wconf 88' lang='lat' dir='ltr'><strong>quantumvis</strong></span> <span class='ocrx_word' id='word_1_335' title='bbox 1655 3048 1982 3105; x_wconf 87' lang='lat' dir='ltr'><strong>arduarum</strong></span> <span class='ocrx_word' id='word_1_336' title='bbox 2006 3049 2490 3105; x_wconf 86' lang='lat' dir='ltr'><strong>exercitationem</strong></span> <span class='ocrx_word' id='word_1_337' title='bbox 2599 3071 2604 3101; x_wconf 70' lang='grc' dir='ltr'>ι</span> 
     </span>
    </p>
   </div>
   <div class='ocr_carea' id='block_1_49' title="bbox 2434 3044 4205 3121">
    <p class='ocr_par' dir='ltr' id='par_1_49' title="bbox 2434 3044 4205 3121">
     <span class='ocr_line' id='line_1_49' title="bbox 2434 3044 4205 3121; baseline -0.004 -18"><span class='ocrx_word' id='word_1_338' title='bbox 2434 3066 2490 3105; x_wconf 87' lang='lat' dir='ltr'><strong>m</strong></span> <span class='ocrx_word' id='word_1_339' title='bbox 2599 3068 2767 3102; x_wconf 90' lang='grc' dir='ltr'>εκοντι</span> <span class='ocrx_word' id='word_1_340' title='bbox 2831 3044 3204 3119; x_wconf 71' lang='grc' dir='ltr'>καθωδηγηκει</span> <span class='ocrx_word' id='word_1_341' title='bbox 3268 3051 3394 3119; x_wconf 80' lang='grc' dir='ltr'>πρὸς</span> <span class='ocrx_word' id='word_1_342' title='bbox 3451 3047 3517 3099; x_wconf 77' lang='grc' dir='ltr'><strong>τά</strong></span> <span class='ocrx_word' id='word_1_343' title='bbox 3567 3051 3824 3121; x_wconf 83' lang='grc' dir='ltr'><strong>σωτήρια.</strong></span> <span class='ocrx_word' id='word_1_344' title='bbox 3884 3046 4037 3097; x_wconf 80' lang='grc' dir='ltr'>Ἀλλά</span> <span class='ocrx_word' id='word_1_345' title='bbox 4089 3048 4205 3098; x_wconf 82' lang='grc' dir='ltr'>τού-</span> 
     </span>
    </p>
   </div>
   <div class='ocr_carea' id='block_1_50' title="bbox 834 3132 2605 3211">
    <p class='ocr_par' dir='ltr' id='par_1_50' title="bbox 834 3136 2605 3211">
     <span class='ocr_line' id='line_1_50' title="bbox 834 3136 2605 3211; baseline 0.001 -18"><span class='ocrx_word' id='word_1_346' title='bbox 834 3136 1214 3193; x_wconf 91' lang='lat' dir='ltr'><strong>subeundam</strong></span> <span class='ocrx_word' id='word_1_347' title='bbox 1246 3137 1503 3207; x_wconf 89' lang='lat' dir='ltr'><strong>animos,</strong></span> <span class='ocrx_word' id='word_1_348' title='bbox 1539 3142 1594 3193; x_wconf 90' lang='lat' dir='ltr'><strong>et</strong></span> <span class='ocrx_word' id='word_1_349' title='bbox 1623 3138 1788 3193; x_wconf 91' lang='lat' dir='ltr'><strong>virile</strong></span> <span class='ocrx_word' id='word_1_350' title='bbox 1809 3138 2122 3211; x_wconf 88' lang='lat' dir='ltr'><strong>quoddam</strong></span> <span class='ocrx_word' id='word_1_351' title='bbox 2154 3138 2370 3195; x_wconf 90' lang='lat' dir='ltr'><strong>mentis</strong></span> <span class='ocrx_word' id='word_1_352' title='bbox 2399 3155 2491 3194; x_wconf 82' lang='lat' dir='ltr'><strong>ro-</strong></span> <span class='ocrx_word' id='word_1_353' title='bbox 2597 3159 2605 3170; x_wconf 91' lang='grc'><strong>·</strong></span> 
     </span>
    </p>
   </div>
   <div class='ocr_carea' id='block_1_51' title="bbox 2436 3132 4207 3211">
    <p class='ocr_par' dir='ltr' id='par_1_51' title="bbox 2436 3132 4207 3210">
     <span class='ocr_line' id='line_1_51' title="bbox 2436 3132 4207 3210; baseline -0.005 -16"><span class='ocrx_word' id='word_1_354' title='bbox 2436 3156 2491 3194; x_wconf 83' lang='lat'><strong>0-</strong></span> <span class='ocrx_word' id='word_1_355' title='bbox 2597 3158 2698 3191; x_wconf 89' lang='grc' dir='ltr'><strong>των</strong></span> <span class='ocrx_word' id='word_1_356' title='bbox 2775 3136 2864 3210; x_wconf 75' lang='grc' dir='ltr'><strong>μέν</strong></span> <span class='ocrx_word' id='word_1_357' title='bbox 2932 3137 3047 3199; x_wconf 70' lang='grc' dir='ltr'>ἅλις</span> <span class='ocrx_word' id='word_1_358' title='bbox 3105 3158 3117 3170; x_wconf 73' lang='grc' dir='ltr'><strong>ο</strong></span> <span class='ocrx_word' id='word_1_359' title='bbox 3196 3139 3254 3188; x_wconf 85' lang='grc' dir='ltr'><strong>τό</strong></span> <span class='ocrx_word' id='word_1_360' title='bbox 3341 3132 3392 3188; x_wconf 74' lang='grc' dir='ltr'><strong>δ’</strong></span> <span class='ocrx_word' id='word_1_361' title='bbox 3479 3135 3657 3197; x_wconf 82' lang='grc' dir='ltr'>εἰωθὸς</span> <span class='ocrx_word' id='word_1_362' title='bbox 3734 3134 4207 3210; x_wconf 73' lang='grc' dir='ltr'>προσφθεγξαμένῳ</span> 
     </span>
    </p>
   </div>
   <div class='ocr_carea' id='block_1_52' title="bbox 831 3222 2602 3316">
    <p class='ocr_par' dir='ltr' id='par_1_52' title="bbox 831 3226 2602 3316">
     <span class='ocr_line' id='line_1_52' title="bbox 831 3226 2602 3316; baseline 0.001 -34"><span class='ocrx_word' id='word_1_363' title='bbox 831 3226 948 3283; x_wconf 91' lang='lat' dir='ltr'><strong>bur</strong></span> <span class='ocrx_word' id='word_1_364' title='bbox 967 3242 1036 3282; x_wconf 92' lang='lat' dir='ltr'><strong>ac</strong></span> <span class='ocrx_word' id='word_1_365' title='bbox 1056 3227 1432 3299; x_wconf 90' lang='lat' dir='ltr'><strong>propositum</strong></span> <span class='ocrx_word' id='word_1_366' title='bbox 1449 3226 1508 3282; x_wconf 91' lang='lat' dir='ltr'><strong>in</strong></span> <span class='ocrx_word' id='word_1_367' title='bbox 1531 3226 1603 3282; x_wconf 92' lang='lat' dir='ltr'><strong>iis</strong></span> <span class='ocrx_word' id='word_1_368' title='bbox 1626 3228 2053 3283; x_wconf 88' lang='lat' dir='ltr'><strong>certaminibus</strong></span> <span class='ocrx_word' id='word_1_369' title='bbox 2075 3228 2486 3295; x_wconf 91' lang='lat' dir='ltr'><strong>ostenderunt,</strong></span> <span class='ocrx_word' id='word_1_370' title='bbox 2522 3261 2560 3316; x_wconf 63' lang='grc' dir='ltr'>ε</span> <span class='ocrx_word' id='word_1_371' title='bbox 2598 3248 2602 3277; x_wconf 72' lang='grc' dir='ltr'><strong>τ</strong></span> 
     </span>
    </p>
   </div>
   <div class='ocr_carea' id='block_1_53' title="bbox 2436 3222 4207 3316">
    <p class='ocr_par' dir='ltr' id='par_1_53' title="bbox 2436 3222 4207 3316">
     <span class='ocr_line' id='line_1_53' title="bbox 2436 3222 4207 3316; baseline -0.005 -34"><span class='ocrx_word' id='word_1_372' title='bbox 2436 3232 2560 3316; x_wconf 68' lang='lat' dir='ltr'><strong>1t,C</strong></span> <span class='ocrx_word' id='word_1_373' title='bbox 2598 3246 2688 3279; x_wconf 89' lang='grc' dir='ltr'><strong>και</strong></span> <span class='ocrx_word' id='word_1_374' title='bbox 2747 3235 2856 3289; x_wconf 78' lang='grc' dir='ltr'>νύν,</span> <span class='ocrx_word' id='word_1_375' title='bbox 2928 3227 2995 3289; x_wconf 82' lang='grc' dir='ltr'>ὡς</span> <span class='ocrx_word' id='word_1_376' title='bbox 3044 3228 3122 3284; x_wconf 81' lang='grc' dir='ltr'><strong>εἴη</strong></span> <span class='ocrx_word' id='word_1_377' title='bbox 3164 3245 3254 3298; x_wconf 88' lang='grc' dir='ltr'>μοι</span> <span class='ocrx_word' id='word_1_378' title='bbox 3302 3234 3395 3277; x_wconf 80' lang='grc' dir='ltr'>τού</span> <span class='ocrx_word' id='word_1_379' title='bbox 3471 3227 3807 3298; x_wconf 77' lang='grc' dir='ltr'><strong>προκειμένου</strong></span> <span class='ocrx_word' id='word_1_380' title='bbox 3895 3222 4207 3297; x_wconf 80' lang='grc' dir='ltr'><strong>συλλήπτωρ</strong></span> 
     </span>
    </p>
   </div>
   <div class='ocr_carea' id='block_1_54' title="bbox 832 3311 2603 3389">
    <p class='ocr_par' dir='ltr' id='par_1_54' title="bbox 832 3311 2603 3389">
     <span class='ocr_line' id='line_1_54' title="bbox 832 3311 2603 3389; baseline 0.002 -19"><span class='ocrx_word' id='word_1_381' title='bbox 832 3332 970 3388; x_wconf 62' lang='lat' dir='ltr'><strong>quae</strong></span> <span class='ocrx_word' id='word_1_382' title='bbox 1016 3331 1127 3388; x_wconf 90' lang='lat' dir='ltr'><strong>pro</strong></span> <span class='ocrx_word' id='word_1_383' title='bbox 1179 3315 1408 3372; x_wconf 87' lang='lat' dir='ltr'><strong>Christo</strong></span> <span class='ocrx_word' id='word_1_384' title='bbox 1438 3320 1497 3371; x_wconf 91' lang='lat' dir='ltr'><strong>et</strong></span> <span class='ocrx_word' id='word_1_385' title='bbox 1552 3316 1828 3389; x_wconf 87' lang='lat' dir='ltr'><strong>exemplo</strong></span> <span class='ocrx_word' id='word_1_386' title='bbox 1869 3317 2081 3373; x_wconf 89' lang='lat' dir='ltr'><strong>Christi</strong></span> <span class='ocrx_word' id='word_1_387' title='bbox 2131 3317 2487 3373; x_wconf 90' lang='lat' dir='ltr'><strong>sustinuere.</strong></span> <span class='ocrx_word' id='word_1_388' title='bbox 2531 3311 2560 3316; x_wconf 73' lang='grc'><em>’</em></span> <span class='ocrx_word' id='word_1_389' title='bbox 2600 3338 2603 3356; x_wconf 73' lang='grc' dir='ltr'>ι</span> 
     </span>
    </p>
   </div>
   <div class='ocr_carea' id='block_1_55' title="bbox 2434 3311 4205 3389">
    <p class='ocr_par' dir='ltr' id='par_1_55' title="bbox 2436 3311 4205 3388">
     <span class='ocr_line' id='line_1_55' title="bbox 2436 3311 4205 3388; baseline -0.005 -15"><span class='ocrx_word' id='word_1_390' title='bbox 2436 3332 2487 3373; x_wconf 90' lang='lat' dir='ltr'><strong>e.</strong></span> <span class='ocrx_word' id='word_1_391' title='bbox 2531 3311 2560 3316; x_wconf 62' lang='grc'><em>’</em></span> <span class='ocrx_word' id='word_1_392' title='bbox 2600 3318 2746 3383; x_wconf 81' lang='grc' dir='ltr'>Θεὸς,</span> <span class='ocrx_word' id='word_1_393' title='bbox 2798 3314 3127 3388; x_wconf 72' lang='grc' dir='ltr'><strong>ἐγχειρητέον</strong></span> <span class='ocrx_word' id='word_1_394' title='bbox 3181 3315 3275 3386; x_wconf 79' lang='grc' dir='ltr'><strong>οἶγε</strong></span> <span class='ocrx_word' id='word_1_395' title='bbox 3346 3322 3454 3375; x_wconf 88' lang='grc' dir='ltr'>τοῖς</span> <span class='ocrx_word' id='word_1_396' title='bbox 3521 3321 3612 3374; x_wconf 83' lang='grc' dir='ltr'><strong>τῆς</strong></span> <span class='ocrx_word' id='word_1_397' title='bbox 3688 3317 3948 3388; x_wconf 79' lang='grc' dir='ltr'><strong>μακαρίοις</strong></span> <span class='ocrx_word' id='word_1_398' title='bbox 4012 3311 4205 3383; x_wconf 68' lang='grc' dir='ltr'>ἀγῶσι,</span> 
     </span>
    </p>
   </div>
   <div class='ocr_carea' id='block_1_56' title="bbox 833 3400 2604 3479">
    <p class='ocr_par' dir='ltr' id='par_1_56' title="bbox 833 3404 2604 3479">
     <span class='ocr_line' id='line_1_56' title="bbox 833 3404 2604 3479; baseline -0.002 -20"><span class='ocrx_word' id='word_1_399' title='bbox 833 3406 1047 3460; x_wconf 87' lang='lat' dir='ltr'><strong>Verum</strong></span> <span class='ocrx_word' id='word_1_400' title='bbox 1078 3404 1177 3461; x_wconf 90' lang='lat' dir='ltr'><strong>illa</strong></span> <span class='ocrx_word' id='word_1_401' title='bbox 1205 3421 1343 3478; x_wconf 69' lang='lat' dir='ltr'><strong>quae</strong></span> <span class='ocrx_word' id='word_1_402' title='bbox 1376 3404 1685 3461; x_wconf 85' lang='lat' dir='ltr'><strong>laudanda</strong></span> <span class='ocrx_word' id='word_1_403' title='bbox 1728 3405 1907 3462; x_wconf 86' lang='lat' dir='ltr'><strong>hodie</strong></span> <span class='ocrx_word' id='word_1_404' title='bbox 1937 3406 2111 3463; x_wconf 91' lang='lat' dir='ltr'><strong>nobis</strong></span> <span class='ocrx_word' id='word_1_405' title='bbox 2155 3410 2247 3463; x_wconf 92' lang='lat' dir='ltr'><strong>est</strong></span> <span class='ocrx_word' id='word_1_406' title='bbox 2273 3422 2490 3479; x_wconf 89' lang='lat' dir='ltr'><strong>propo-</strong></span> <span class='ocrx_word' id='word_1_407' title='bbox 2599 3426 2604 3456; x_wconf 85' lang='lat'><strong><em>:</em></strong></span> 
     </span>
    </p>
   </div>
   <div class='ocr_carea' id='block_1_57' title="bbox 2437 3400 4208 3479">
    <p class='ocr_par' dir='ltr' id='par_1_57' title="bbox 2437 3400 4208 3473">
     <span class='ocr_line' id='line_1_57' title="bbox 2437 3400 4208 3473; baseline -0.002 -17"><span class='ocrx_word' id='word_1_408' title='bbox 2437 3422 2490 3464; x_wconf 82' lang='grc' dir='ltr'><strong>ο·</strong></span> <span class='ocrx_word' id='word_1_409' title='bbox 2599 3425 2689 3457; x_wconf 90' lang='grc' dir='ltr'><strong>και</strong></span> <span class='ocrx_word' id='word_1_410' title='bbox 2754 3411 2860 3466; x_wconf 85' lang='grc' dir='ltr'>τοῖς</span> <span class='ocrx_word' id='word_1_411' title='bbox 2914 3405 3050 3457; x_wconf 77' lang='grc' dir='ltr'>κατά</span> <span class='ocrx_word' id='word_1_412' title='bbox 3105 3407 3233 3457; x_wconf 78' lang='grc' dir='ltr'><strong>Θεόν</strong></span> <span class='ocrx_word' id='word_1_413' title='bbox 3295 3407 3490 3466; x_wconf 80' lang='grc' dir='ltr'><strong>ταύτης</strong></span> <span class='ocrx_word' id='word_1_414' title='bbox 3546 3400 3844 3460; x_wconf 74' lang='grc' dir='ltr'>ἕπιϐλητέον</span> <span class='ocrx_word' id='word_1_415' title='bbox 3899 3402 4208 3473; x_wconf 81' lang='grc' dir='ltr'>παλαίσμα-</span> 
     </span>
    </p>
   </div>
   <div class='ocr_carea' id='block_1_58' title="bbox 835 3492 2702 3568">
    <p class='ocr_par' dir='ltr' id='par_1_58' title="bbox 835 3492 2702 3568">
     <span class='ocr_line' id='line_1_58' title="bbox 835 3492 2702 3568; baseline 0 -19"><span class='ocrx_word' id='word_1_416' title='bbox 835 3494 968 3561; x_wconf 91' lang='lat' dir='ltr'><strong>sita,</strong></span> <span class='ocrx_word' id='word_1_417' title='bbox 1001 3498 1060 3550; x_wconf 92' lang='lat' dir='ltr'><strong>et</strong></span> <span class='ocrx_word' id='word_1_418' title='bbox 1087 3493 1244 3549; x_wconf 89' lang='lat' dir='ltr'><strong>velut</strong></span> <span class='ocrx_word' id='word_1_419' title='bbox 1297 3492 1770 3565; x_wconf 89' lang='lat' dir='ltr'><strong>pulcherrimum</strong></span> <span class='ocrx_word' id='word_1_420' title='bbox 1826 3495 2142 3568; x_wconf 89' lang='lat' dir='ltr'><strong>quoddam</strong></span> <span class='ocrx_word' id='word_1_421' title='bbox 2192 3496 2422 3552; x_wconf 93' lang='lat' dir='ltr'><strong>donum</strong></span> <span class='ocrx_word' id='word_1_422' title='bbox 2453 3511 2490 3551; x_wconf 91' lang='lat' dir='ltr'><strong>a</strong></span> <span class='ocrx_word' id='word_1_423' title='bbox 2602 3514 2702 3549; x_wconf 88' lang='grc' dir='ltr'><strong>σιν.</strong></span> 
     </span>
    </p>
   </div>
   <div class='ocr_carea' id='block_1_59' title="bbox 833 3580 4209 3654">
    <p class='ocr_par' dir='ltr' id='par_1_59' title="bbox 833 3580 4209 3654">
     <span class='ocr_line' id='line_1_59' title="bbox 833 3580 4209 3654; baseline -0.001 -14"><span class='ocrx_word' id='word_1_424' title='bbox 833 3586 953 3640; x_wconf 92' lang='lat' dir='ltr'><strong>Deo</strong></span> <span class='ocrx_word' id='word_1_425' title='bbox 1002 3583 1357 3640; x_wconf 87' lang='lat' dir='ltr'><strong>mortalibus</strong></span> <span class='ocrx_word' id='word_1_426' title='bbox 1387 3599 1695 3653; x_wconf 89' lang='lat' dir='ltr'><strong>concessa,</strong></span> <span class='ocrx_word' id='word_1_427' title='bbox 1723 3600 1845 3640; x_wconf 91' lang='lat' dir='ltr'><strong>non</strong></span> <span class='ocrx_word' id='word_1_428' title='bbox 1874 3601 1910 3641; x_wconf 91' lang='lat' dir='ltr'><strong>a</strong></span> <span class='ocrx_word' id='word_1_429' title='bbox 1946 3585 2030 3641; x_wconf 91' lang='lat' dir='ltr'><strong>rei</strong></span> <span class='ocrx_word' id='word_1_430' title='bbox 2079 3586 2328 3641; x_wconf 88' lang='lat' dir='ltr'><strong>veritate</strong></span> <span class='ocrx_word' id='word_1_431' title='bbox 2378 3585 2641 3641; x_wconf 90' lang='lat' dir='ltr'><strong>alienum</strong></span> <span class='ocrx_word' id='word_1_432' title='bbox 2690 3583 2896 3641; x_wconf 90' lang='lat' dir='ltr'><strong>sortita</strong></span> <span class='ocrx_word' id='word_1_433' title='bbox 2926 3586 3016 3639; x_wconf 87' lang='lat' dir='ltr'><strong>est</strong></span> <span class='ocrx_word' id='word_1_434' title='bbox 3059 3598 3306 3651; x_wconf 92' lang='lat' dir='ltr'><strong>nomen,</strong></span> <span class='ocrx_word' id='word_1_435' title='bbox 3341 3582 3698 3651; x_wconf 89' lang='lat' dir='ltr'><strong>Theodosia,</strong></span> <span class='ocrx_word' id='word_1_436' title='bbox 3752 3582 4023 3654; x_wconf 87' lang='lat' dir='ltr'><strong>interque</strong></span> <span class='ocrx_word' id='word_1_437' title='bbox 4052 3580 4209 3637; x_wconf 87' lang='lat' dir='ltr'><strong>alias</strong></span> 
     </span>
    </p>
   </div>
   <div class='ocr_carea' id='block_1_60' title="bbox 830 3670 4207 3746">
    <p class='ocr_par' dir='ltr' id='par_1_60' title="bbox 830 3670 4207 3746">
     <span class='ocr_line' id='line_1_60' title="bbox 830 3670 4207 3746; baseline -0.001 -18"><span class='ocrx_word' id='word_1_438' title='bbox 830 3672 1090 3744; x_wconf 87' lang='lat' dir='ltr'><strong>virgines</strong></span> <span class='ocrx_word' id='word_1_439' title='bbox 1136 3672 1547 3729; x_wconf 90' lang='lat' dir='ltr'><strong>sanctissimas</strong></span> <span class='ocrx_word' id='word_1_440' title='bbox 1586 3672 2037 3729; x_wconf 74' lang='lat' dir='ltr'><strong>ferventissimae</strong></span> <span class='ocrx_word' id='word_1_441' title='bbox 2067 3672 2208 3730; x_wconf 86' lang='lat' dir='ltr'><strong>fidei</strong></span> <span class='ocrx_word' id='word_1_442' title='bbox 2238 3672 2635 3746; x_wconf 65' lang='lat' dir='ltr'><strong>praerogativa</strong></span> <span class='ocrx_word' id='word_1_443' title='bbox 2679 3672 2947 3743; x_wconf 88' lang='lat' dir='ltr'><strong>insignis,</strong></span> <span class='ocrx_word' id='word_1_444' title='bbox 2983 3676 3040 3728; x_wconf 90' lang='lat' dir='ltr'><strong>et</strong></span> <span class='ocrx_word' id='word_1_445' title='bbox 3084 3672 3237 3727; x_wconf 88' lang='lat' dir='ltr'><strong>inter</strong></span> <span class='ocrx_word' id='word_1_446' title='bbox 3280 3676 3574 3744; x_wconf 86' lang='lat' dir='ltr'><strong>martyres</strong></span> <span class='ocrx_word' id='word_1_447' title='bbox 3621 3670 4031 3739; x_wconf 73' lang='lat' dir='ltr'><strong>celeberrima,</strong></span> <span class='ocrx_word' id='word_1_448' title='bbox 4064 3686 4207 3727; x_wconf 88' lang='lat' dir='ltr'><strong>cum</strong></span> 
     </span>
    </p>
   </div>
   <div class='ocr_carea' id='block_1_61' title="bbox 832 3759 4207 3834">
    <p class='ocr_par' dir='ltr' id='par_1_61' title="bbox 832 3759 4207 3834">
     <span class='ocr_line' id='line_1_61' title="bbox 832 3759 4207 3834; baseline -0.001 -17"><span class='ocrx_word' id='word_1_449' title='bbox 832 3760 903 3817; x_wconf 92' lang='lat' dir='ltr'><strong>iis</strong></span> <span class='ocrx_word' id='word_1_450' title='bbox 932 3760 1216 3817; x_wconf 90' lang='lat' dir='ltr'><strong>omnibus</strong></span> <span class='ocrx_word' id='word_1_451' title='bbox 1241 3777 1379 3834; x_wconf 63' lang='lat' dir='ltr'><strong>quae</strong></span> <span class='ocrx_word' id='word_1_452' title='bbox 1410 3766 1546 3817; x_wconf 89' lang='lat' dir='ltr'><strong>ante</strong></span> <span class='ocrx_word' id='word_1_453' title='bbox 1573 3761 1771 3833; x_wconf 89' lang='lat' dir='ltr'><strong>ipsam</strong></span> <span class='ocrx_word' id='word_1_454' title='bbox 1802 3762 2149 3818; x_wconf 85' lang='lat' dir='ltr'><strong>exstiterunt</strong></span> <span class='ocrx_word' id='word_1_455' title='bbox 2174 3762 2421 3834; x_wconf 88' lang='lat' dir='ltr'><strong>pulchre</strong></span> <span class='ocrx_word' id='word_1_456' title='bbox 2452 3761 2758 3817; x_wconf 88' lang='lat' dir='ltr'><strong>contendit</strong></span> <span class='ocrx_word' id='word_1_457' title='bbox 2794 3760 2869 3818; x_wconf 90' lang='lat' dir='ltr'><strong>de</strong></span> <span class='ocrx_word' id='word_1_458' title='bbox 2899 3760 3165 3817; x_wconf 90' lang='lat' dir='ltr'><strong>victoria.</strong></span> <span class='ocrx_word' id='word_1_459' title='bbox 3200 3760 3428 3817; x_wconf 86' lang='lat' dir='ltr'><strong>Harum</strong></span> <span class='ocrx_word' id='word_1_460' title='bbox 3457 3760 3619 3818; x_wconf 90' lang='lat' dir='ltr'><strong>enim</strong></span> <span class='ocrx_word' id='word_1_461' title='bbox 3649 3760 3779 3817; x_wconf 88' lang='lat' dir='ltr'><strong>aliis</strong></span> <span class='ocrx_word' id='word_1_462' title='bbox 3808 3759 3956 3816; x_wconf 88' lang='lat' dir='ltr'><strong>nihil</strong></span> <span class='ocrx_word' id='word_1_463' title='bbox 3994 3759 4207 3815; x_wconf 87' lang='lat' dir='ltr'><strong>admo-</strong></span> 
     </span>
    </p>
   </div>
   <div class='ocr_carea' id='block_1_62' title="bbox 832 3849 4208 3923">
    <p class='ocr_par' dir='ltr' id='par_1_62' title="bbox 832 3849 4208 3923">
     <span class='ocr_line' id='line_1_62' title="bbox 832 3849 4208 3923; baseline -0.001 -18"><span class='ocrx_word' id='word_1_464' title='bbox 832 3850 979 3905; x_wconf 93' lang='lat' dir='ltr'><strong>dum</strong></span> <span class='ocrx_word' id='word_1_465' title='bbox 1010 3850 1086 3906; x_wconf 93' lang='lat' dir='ltr'><strong>de</strong></span> <span class='ocrx_word' id='word_1_466' title='bbox 1130 3849 1319 3921; x_wconf 89' lang='lat' dir='ltr'><strong>gloria</strong></span> <span class='ocrx_word' id='word_1_467' title='bbox 1348 3850 1739 3919; x_wconf 89' lang='lat' dir='ltr'><strong>concessisse,</strong></span> <span class='ocrx_word' id='word_1_468' title='bbox 1771 3850 1921 3907; x_wconf 91' lang='lat' dir='ltr'><strong>alias</strong></span> <span class='ocrx_word' id='word_1_469' title='bbox 1973 3851 2152 3907; x_wconf 92' lang='lat' dir='ltr'><strong>etiam</strong></span> <span class='ocrx_word' id='word_1_470' title='bbox 2206 3867 2330 3907; x_wconf 92' lang='lat' dir='ltr'><strong>non</strong></span> <span class='ocrx_word' id='word_1_471' title='bbox 2378 3851 2505 3907; x_wconf 90' lang='lat' dir='ltr'><strong>sine</strong></span> <span class='ocrx_word' id='word_1_472' title='bbox 2553 3850 2844 3923; x_wconf 66' lang='lat' dir='ltr'><strong>praeclara</strong></span> <span class='ocrx_word' id='word_1_473' title='bbox 2887 3867 2997 3906; x_wconf 91' lang='lat' dir='ltr'><strong>sua</strong></span> <span class='ocrx_word' id='word_1_474' title='bbox 3039 3849 3218 3906; x_wconf 89' lang='lat' dir='ltr'><strong>laude</strong></span> <span class='ocrx_word' id='word_1_475' title='bbox 3266 3850 3396 3906; x_wconf 91' lang='lat' dir='ltr'><strong>visa</strong></span> <span class='ocrx_word' id='word_1_476' title='bbox 3442 3854 3532 3907; x_wconf 92' lang='lat' dir='ltr'><strong>est</strong></span> <span class='ocrx_word' id='word_1_477' title='bbox 3578 3864 3933 3923; x_wconf 88' lang='lat' dir='ltr'><strong>superasse;</strong></span> <span class='ocrx_word' id='word_1_478' title='bbox 3974 3849 4208 3904; x_wconf 88' lang='lat' dir='ltr'><strong>cunctis</strong></span> 
     </span>
    </p>
   </div>
   <div class='ocr_carea' id='block_1_63' title="bbox 832 3938 4212 4014">
    <p class='ocr_par' dir='ltr' id='par_1_63' title="bbox 832 3938 4212 4014">
     <span class='ocr_line' id='line_1_63' title="bbox 832 3938 4212 4014; baseline -0.001 -18"><span class='ocrx_word' id='word_1_479' title='bbox 832 3955 974 3996; x_wconf 90' lang='lat' dir='ltr'><strong>vero</strong></span> <span class='ocrx_word' id='word_1_480' title='bbox 1007 3956 1145 4012; x_wconf 69' lang='lat' dir='ltr'><strong>quae</strong></span> <span class='ocrx_word' id='word_1_481' title='bbox 1174 3940 1371 4013; x_wconf 90' lang='lat' dir='ltr'><strong>ipsam</strong></span> <span class='ocrx_word' id='word_1_482' title='bbox 1401 3945 1505 3997; x_wconf 89' lang='lat' dir='ltr'><strong>aut</strong></span> <span class='ocrx_word' id='word_1_483' title='bbox 1533 3944 1768 3997; x_wconf 65' lang='lat' dir='ltr'><strong>srecutze</strong></span> <span class='ocrx_word' id='word_1_484' title='bbox 1784 3941 1912 4011; x_wconf 89' lang='lat' dir='ltr'><strong>jam</strong></span> <span class='ocrx_word' id='word_1_485' title='bbox 1942 3940 2181 3997; x_wconf 90' lang='lat' dir='ltr'><strong>fuerunt</strong></span> <span class='ocrx_word' id='word_1_486' title='bbox 2210 3945 2313 3998; x_wconf 89' lang='lat' dir='ltr'><strong>aut</strong></span> <span class='ocrx_word' id='word_1_487' title='bbox 2333 3956 2514 4014; x_wconf 89' lang='lat' dir='ltr'><strong>porro</strong></span> <span class='ocrx_word' id='word_1_488' title='bbox 2538 3943 2885 4014; x_wconf 87' lang='lat' dir='ltr'><strong>sequentur,</strong></span> <span class='ocrx_word' id='word_1_489' title='bbox 2907 3955 3131 4011; x_wconf 65' lang='lat' dir='ltr'><strong>praises</strong></span> <span class='ocrx_word' id='word_1_490' title='bbox 3156 3940 3553 3997; x_wconf 90' lang='lat' dir='ltr'><strong>certaminum</strong></span> <span class='ocrx_word' id='word_1_491' title='bbox 3582 3939 3924 4009; x_wconf 87' lang='lat' dir='ltr'><strong>fortissima,</strong></span> <span class='ocrx_word' id='word_1_492' title='bbox 3958 3942 4015 3994; x_wconf 89' lang='lat' dir='ltr'><strong>et</strong></span> <span class='ocrx_word' id='word_1_493' title='bbox 4038 3938 4212 3993; x_wconf 82' lang='lat' dir='ltr'><strong>inex-</strong></span> 
     </span>
    </p>
   </div>
   <div class='ocr_carea' id='block_1_64' title="bbox 831 4028 4210 4103">
    <p class='ocr_par' dir='ltr' id='par_1_64' title="bbox 831 4028 4210 4103">
     <span class='ocr_line' id='line_1_64' title="bbox 831 4028 4210 4103; baseline -0.001 -19"><span class='ocrx_word' id='word_1_494' title='bbox 831 4028 1175 4102; x_wconf 79' lang='lat' dir='ltr'><strong>pugnabilis</strong></span> <span class='ocrx_word' id='word_1_495' title='bbox 1221 4029 1377 4086; x_wconf 90' lang='lat' dir='ltr'><strong>facta</strong></span> <span class='ocrx_word' id='word_1_496' title='bbox 1418 4033 1507 4085; x_wconf 91' lang='lat' dir='ltr'><strong>est</strong></span> <span class='ocrx_word' id='word_1_497' title='bbox 1556 4030 2020 4102; x_wconf 80' lang='lat' dir='ltr'><strong>propugnatrix;</strong></span> <span class='ocrx_word' id='word_1_498' title='bbox 2064 4030 2286 4103; x_wconf 90' lang='lat' dir='ltr'><strong>partim</strong></span> <span class='ocrx_word' id='word_1_499' title='bbox 2335 4030 2412 4086; x_wconf 88' lang='lat' dir='ltr'><strong>ad</strong></span> <span class='ocrx_word' id='word_1_500' title='bbox 2444 4030 2670 4086; x_wconf 85' lang='lat' dir='ltr'><strong>fortiter</strong></span> <span class='ocrx_word' id='word_1_501' title='bbox 2722 4029 3076 4086; x_wconf 90' lang='lat' dir='ltr'><strong>certandum</strong></span> <span class='ocrx_word' id='word_1_502' title='bbox 3126 4029 3440 4102; x_wconf 91' lang='lat' dir='ltr'><strong>impellens</strong></span> <span class='ocrx_word' id='word_1_503' title='bbox 3478 4029 3677 4085; x_wconf 89' lang='lat' dir='ltr'><strong>verbis</strong></span> <span class='ocrx_word' id='word_1_504' title='bbox 3726 4034 3783 4085; x_wconf 91' lang='lat' dir='ltr'><strong>et</strong></span> <span class='ocrx_word' id='word_1_505' title='bbox 3830 4028 4116 4101; x_wconf 86' lang='lat' dir='ltr'><strong>pulchras</strong></span> <span class='ocrx_word' id='word_1_506' title='bbox 4147 4029 4210 4083; x_wconf 94' lang='lat' dir='ltr'><strong>in</strong></span> 
     </span>
    </p>
   </div>
   <div class='ocr_carea' id='block_1_65' title="bbox 831 4116 4213 4193">
    <p class='ocr_par' dir='ltr' id='par_1_65' title="bbox 831 4116 4213 4193">
     <span class='ocr_line' id='line_1_65' title="bbox 831 4116 4213 4193; baseline -0 -20"><span class='ocrx_word' id='word_1_507' title='bbox 831 4134 1101 4192; x_wconf 87' lang='lat' dir='ltr'><strong>pugnam</strong></span> <span class='ocrx_word' id='word_1_508' title='bbox 1133 4118 1288 4174; x_wconf 90' lang='lat' dir='ltr'><strong>vires</strong></span> <span class='ocrx_word' id='word_1_509' title='bbox 1317 4117 1661 4190; x_wconf 84' lang='lat' dir='ltr'><strong>sufﬁciens;</strong></span> <span class='ocrx_word' id='word_1_510' title='bbox 1709 4119 1929 4191; x_wconf 90' lang='lat' dir='ltr'><strong>partim</strong></span> <span class='ocrx_word' id='word_1_511' title='bbox 1960 4119 2039 4176; x_wconf 91' lang='lat' dir='ltr'><strong>ad</strong></span> <span class='ocrx_word' id='word_1_512' title='bbox 2086 4121 2335 4193; x_wconf 92' lang='lat' dir='ltr'><strong>propius</strong></span> <span class='ocrx_word' id='word_1_513' title='bbox 2375 4135 2513 4176; x_wconf 90' lang='lat' dir='ltr'><strong>cum</strong></span> <span class='ocrx_word' id='word_1_514' title='bbox 2560 4120 2733 4175; x_wconf 89' lang='lat' dir='ltr'><strong>hoste</strong></span> <span class='ocrx_word' id='word_1_515' title='bbox 2764 4118 3280 4192; x_wconf 89' lang='lat' dir='ltr'><strong>congrediendum</strong></span> <span class='ocrx_word' id='word_1_516' title='bbox 3322 4119 3666 4192; x_wconf 86' lang='lat' dir='ltr'><strong>fortiterque</strong></span> <span class='ocrx_word' id='word_1_517' title='bbox 3690 4134 3801 4192; x_wconf 91' lang='lat' dir='ltr'><strong>pro</strong></span> <span class='ocrx_word' id='word_1_518' title='bbox 3834 4120 3952 4174; x_wconf 92' lang='lat' dir='ltr'><strong>Deo</strong></span> <span class='ocrx_word' id='word_1_519' title='bbox 3984 4116 4213 4173; x_wconf 89' lang='lat' dir='ltr'><strong>auden-</strong></span> 
     </span>
    </p>
   </div>
   <div class='ocr_carea' id='block_1_66' title="bbox 830 4206 4213 4283">
    <p class='ocr_par' dir='ltr' id='par_1_66' title="bbox 830 4206 4213 4283">
     <span class='ocr_line' id='line_1_66' title="bbox 830 4206 4213 4283; baseline 0 -20"><span class='ocrx_word' id='word_1_520' title='bbox 830 4209 999 4273; x_wconf 91' lang='lat' dir='ltr'><strong>dum,</strong></span> <span class='ocrx_word' id='word_1_521' title='bbox 1029 4206 1209 4263; x_wconf 90' lang='lat' dir='ltr'><strong>rebus</strong></span> <span class='ocrx_word' id='word_1_522' title='bbox 1238 4208 1539 4265; x_wconf 90' lang='lat' dir='ltr'><strong>instruens</strong></span> <span class='ocrx_word' id='word_1_523' title='bbox 1577 4212 1635 4265; x_wconf 92' lang='lat' dir='ltr'><strong>et</strong></span> <span class='ocrx_word' id='word_1_524' title='bbox 1671 4208 2054 4265; x_wconf 87' lang='lat' dir='ltr'><strong>sermonibus</strong></span> <span class='ocrx_word' id='word_1_525' title='bbox 2094 4210 2374 4279; x_wconf 91' lang='lat' dir='ltr'><strong>incitans,</strong></span> <span class='ocrx_word' id='word_1_526' title='bbox 2415 4215 2595 4283; x_wconf 91' lang='lat' dir='ltr'><strong>atque</strong></span> <span class='ocrx_word' id='word_1_527' title='bbox 2638 4211 2970 4267; x_wconf 90' lang='lat' dir='ltr'><strong>etiamnum</strong></span> <span class='ocrx_word' id='word_1_528' title='bbox 3015 4214 3309 4267; x_wconf 90' lang='lat' dir='ltr'><strong>certantes</strong></span> <span class='ocrx_word' id='word_1_529' title='bbox 3354 4211 3486 4283; x_wconf 91' lang='lat' dir='ltr'><strong>ipsa</strong></span> <span class='ocrx_word' id='word_1_530' title='bbox 3514 4226 3625 4283; x_wconf 90' lang='lat' dir='ltr'><strong>pro</strong></span> <span class='ocrx_word' id='word_1_531' title='bbox 3657 4210 3953 4282; x_wconf 88' lang='lat' dir='ltr'><strong>cujusque</strong></span> <span class='ocrx_word' id='word_1_532' title='bbox 3984 4208 4213 4264; x_wconf 68' lang='lat' dir='ltr'><strong>meritis</strong></span> 
     </span>
    </p>
   </div>
   <div class='ocr_carea' id='block_1_67' title="bbox 830 4296 4211 4371">
    <p class='ocr_par' dir='ltr' id='par_1_67' title="bbox 830 4296 4211 4371">
     <span class='ocr_line' id='line_1_67' title="bbox 830 4296 4211 4371; baseline 0 -18"><span class='ocrx_word' id='word_1_533' title='bbox 830 4297 1051 4354; x_wconf 81' lang='lat' dir='ltr'><strong>auxilio</strong></span> <span class='ocrx_word' id='word_1_534' title='bbox 1076 4313 1186 4355; x_wconf 91' lang='lat' dir='ltr'><strong>suo</strong></span> <span class='ocrx_word' id='word_1_535' title='bbox 1214 4296 1424 4355; x_wconf 89' lang='lat' dir='ltr'><strong>fovens</strong></span> <span class='ocrx_word' id='word_1_536' title='bbox 1451 4315 1521 4354; x_wconf 89' lang='lat' dir='ltr'><strong>ac</strong></span> <span class='ocrx_word' id='word_1_537' title='bbox 1548 4304 1901 4371; x_wconf 87' lang='lat' dir='ltr'><strong>protegens;</strong></span> <span class='ocrx_word' id='word_1_538' title='bbox 1933 4298 2048 4355; x_wconf 90' lang='lat' dir='ltr'><strong>nisi</strong></span> <span class='ocrx_word' id='word_1_539' title='bbox 2070 4298 2299 4357; x_wconf 90' lang='lat' dir='ltr'><strong>discere</strong></span> <span class='ocrx_word' id='word_1_540' title='bbox 2321 4299 2496 4356; x_wconf 91' lang='lat' dir='ltr'><strong>malis</strong></span> <span class='ocrx_word' id='word_1_541' title='bbox 2518 4298 2785 4356; x_wconf 73' lang='lat' dir='ltr'><strong>scintillae</strong></span> <span class='ocrx_word' id='word_1_542' title='bbox 2812 4299 3137 4371; x_wconf 89' lang='lat' dir='ltr'><strong>cujusdam</strong></span> <span class='ocrx_word' id='word_1_543' title='bbox 3158 4300 3455 4357; x_wconf 90' lang='lat' dir='ltr'><strong>rationem</strong></span> <span class='ocrx_word' id='word_1_544' title='bbox 3478 4298 3765 4356; x_wconf 87' lang='lat' dir='ltr'><strong>habuisse</strong></span> <span class='ocrx_word' id='word_1_545' title='bbox 3785 4296 4211 4355; x_wconf 87' lang='lat' dir='ltr'><strong>Theodosiam-</strong></span> 
     </span>
    </p>
   </div>
   <div class='ocr_carea' id='block_1_68' title="bbox 831 4386 4212 4461">
    <p class='ocr_par' dir='ltr' id='par_1_68' title="bbox 831 4386 4212 4461">
     <span class='ocr_line' id='line_1_68' title="bbox 831 4386 4212 4461; baseline -0.001 -18"><span class='ocrx_word' id='word_1_546' title='bbox 831 4387 1004 4454; x_wconf 85' lang='lat' dir='ltr'><strong>Quod</strong></span> <span class='ocrx_word' id='word_1_547' title='bbox 1033 4388 1084 4443; x_wconf 91' lang='lat' dir='ltr'><strong>si</strong></span> <span class='ocrx_word' id='word_1_548' title='bbox 1113 4387 1300 4454; x_wconf 91' lang='lat' dir='ltr'><strong>dicas,</strong></span> <span class='ocrx_word' id='word_1_549' title='bbox 1329 4388 1527 4444; x_wconf 89' lang='lat' dir='ltr'><strong>vivam</strong></span> <span class='ocrx_word' id='word_1_550' title='bbox 1558 4387 1817 4460; x_wconf 91' lang='lat' dir='ltr'><strong>intellige</strong></span> <span class='ocrx_word' id='word_1_551' title='bbox 1846 4389 2083 4460; x_wconf 90' lang='lat' dir='ltr'><strong>pietatis</strong></span> <span class='ocrx_word' id='word_1_552' title='bbox 2112 4389 2230 4445; x_wconf 90' lang='lat' dir='ltr'><strong>huc</strong></span> <span class='ocrx_word' id='word_1_553' title='bbox 2249 4388 2553 4459; x_wconf 87' lang='lat' dir='ltr'><strong>religionis</strong></span> <span class='ocrx_word' id='word_1_554' title='bbox 2585 4388 2927 4455; x_wconf 89' lang='lat' dir='ltr'><strong>scintillam,</strong></span> <span class='ocrx_word' id='word_1_555' title='bbox 2950 4388 3071 4443; x_wconf 90' lang='lat' dir='ltr'><strong>aud</strong></span> <span class='ocrx_word' id='word_1_556' title='bbox 3104 4387 3343 4444; x_wconf 89' lang='lat' dir='ltr'><strong>sordido</strong></span> <span class='ocrx_word' id='word_1_557' title='bbox 3372 4387 3473 4444; x_wconf 90' lang='lat' dir='ltr'><strong>illo</strong></span> <span class='ocrx_word' id='word_1_558' title='bbox 3503 4392 3801 4461; x_wconf 89' lang='lat' dir='ltr'><strong>repertam</strong></span> <span class='ocrx_word' id='word_1_559' title='bbox 3835 4386 4054 4453; x_wconf 81' lang='lat' dir='ltr'><strong>cinere,</strong></span> <span class='ocrx_word' id='word_1_560' title='bbox 4086 4400 4212 4458; x_wconf 89' lang='lat' dir='ltr'><strong>quo</strong></span> 
     </span>
    </p>
   </div>
   <div class='ocr_carea' id='block_1_69' title="bbox 831 4476 4211 4551">
    <p class='ocr_par' dir='ltr' id='par_1_69' title="bbox 831 4476 4211 4551">
     <span class='ocr_line' id='line_1_69' title="bbox 831 4476 4211 4551; baseline -0 -19"><span class='ocrx_word' id='word_1_561' title='bbox 831 4476 1111 4533; x_wconf 87' lang='lat' dir='ltr'><strong>universa</strong></span> <span class='ocrx_word' id='word_1_562' title='bbox 1144 4477 1419 4533; x_wconf 82' lang='lat' dir='ltr'><strong>Ecclesiae</strong></span> <span class='ocrx_word' id='word_1_563' title='bbox 1449 4477 1653 4546; x_wconf 85' lang='lat' dir='ltr'><strong>facies,</strong></span> <span class='ocrx_word' id='word_1_564' title='bbox 1681 4477 1862 4534; x_wconf 88' lang='lat' dir='ltr'><strong>veluti</strong></span> <span class='ocrx_word' id='word_1_565' title='bbox 1893 4478 2220 4549; x_wconf 89' lang='lat' dir='ltr'><strong>caliginosa</strong></span> <span class='ocrx_word' id='word_1_566' title='bbox 2246 4478 2516 4551; x_wconf 88' lang='lat' dir='ltr'><strong>quadam</strong></span> <span class='ocrx_word' id='word_1_567' title='bbox 2546 4477 2817 4543; x_wconf 90' lang='lat' dir='ltr'><strong>nocte,id</strong></span> <span class='ocrx_word' id='word_1_568' title='bbox 2848 4477 3134 4549; x_wconf 91' lang='lat' dir='ltr'><strong>temporis</strong></span> <span class='ocrx_word' id='word_1_569' title='bbox 3159 4477 3556 4547; x_wconf 88' lang='lat' dir='ltr'><strong>obtegebatur</strong></span> <span class='ocrx_word' id='word_1_570' title='bbox 3580 4496 3593 4534; x_wconf 91' lang='lat'>:</span> <span class='ocrx_word' id='word_1_571' title='bbox 3618 4492 3756 4551; x_wconf 64' lang='lat' dir='ltr'><strong>quae</strong></span> <span class='ocrx_word' id='word_1_572' title='bbox 3786 4476 4032 4549; x_wconf 89' lang='lat' dir='ltr'><strong>quidem</strong></span> <span class='ocrx_word' id='word_1_573' title='bbox 4061 4491 4211 4549; x_wconf 83' lang='lat' dir='ltr'><strong>pau-</strong></span> 
     </span>
    </p>
   </div>
   <div class='ocr_carea' id='block_1_70' title="bbox 828 4565 4212 4640">
    <p class='ocr_par' dir='ltr' id='par_1_70' title="bbox 828 4565 4212 4640">
     <span class='ocr_line' id='line_1_70' title="bbox 828 4565 4212 4640; baseline 0 -19"><span class='ocrx_word' id='word_1_574' title='bbox 828 4565 1019 4622; x_wconf 91' lang='lat' dir='ltr'><strong>lulum</strong></span> <span class='ocrx_word' id='word_1_575' title='bbox 1049 4565 1214 4639; x_wconf 91' lang='lat' dir='ltr'><strong>prius</strong></span> <span class='ocrx_word' id='word_1_576' title='bbox 1240 4566 1618 4633; x_wconf 84' lang='lat' dir='ltr'><strong>delitescens,</strong></span> <span class='ocrx_word' id='word_1_577' title='bbox 1652 4572 1712 4623; x_wconf 89' lang='lat' dir='ltr'><strong>at</strong></span> <span class='ocrx_word' id='word_1_578' title='bbox 1742 4566 1881 4624; x_wconf 91' lang='lat' dir='ltr'><strong>dein</strong></span> <span class='ocrx_word' id='word_1_579' title='bbox 1911 4573 2154 4640; x_wconf 90' lang='lat' dir='ltr'><strong>repente</strong></span> <span class='ocrx_word' id='word_1_580' title='bbox 2202 4569 2482 4637; x_wconf 81' lang='lat' dir='ltr'><strong>excitata,</strong></span> <span class='ocrx_word' id='word_1_581' title='bbox 2514 4569 2575 4624; x_wconf 91' lang='lat' dir='ltr'><strong>in</strong></span> <span class='ocrx_word' id='word_1_582' title='bbox 2602 4568 2918 4624; x_wconf 81' lang='lat' dir='ltr'><strong>flammam</strong></span> <span class='ocrx_word' id='word_1_583' title='bbox 2969 4567 3165 4639; x_wconf 90' lang='lat' dir='ltr'><strong>erupit</strong></span> <span class='ocrx_word' id='word_1_584' title='bbox 3204 4567 3626 4633; x_wconf 90' lang='lat' dir='ltr'><strong>clarissimam,</strong></span> <span class='ocrx_word' id='word_1_585' title='bbox 3660 4571 3723 4622; x_wconf 89' lang='lat' dir='ltr'><strong>ut</strong></span> <span class='ocrx_word' id='word_1_586' title='bbox 3753 4582 3825 4623; x_wconf 89' lang='lat' dir='ltr'><strong>ea</strong></span> <span class='ocrx_word' id='word_1_587' title='bbox 3852 4566 4007 4621; x_wconf 91' lang='lat' dir='ltr'><strong>duce</strong></span> <span class='ocrx_word' id='word_1_588' title='bbox 4035 4570 4212 4637; x_wconf 88' lang='lat' dir='ltr'><strong>quot-</strong></span> 
     </span>
    </p>
   </div>
   <div class='ocr_carea' id='block_1_71' title="bbox 827 4654 4211 4731">
    <p class='ocr_par' dir='ltr' id='par_1_71' title="bbox 827 4654 4211 4731">
     <span class='ocr_line' id='line_1_71' title="bbox 827 4654 4211 4731; baseline 0 -20"><span class='ocrx_word' id='word_1_589' title='bbox 827 4660 975 4728; x_wconf 91' lang='lat' dir='ltr'><strong>quot</strong></span> <span class='ocrx_word' id='word_1_590' title='bbox 1004 4672 1125 4712; x_wconf 90' lang='lat' dir='ltr'><strong>non</strong></span> <span class='ocrx_word' id='word_1_591' title='bbox 1157 4656 1405 4713; x_wconf 88' lang='lat' dir='ltr'><strong>omnino</strong></span> <span class='ocrx_word' id='word_1_592' title='bbox 1436 4656 1849 4728; x_wconf 75' lang='lat' dir='ltr'><strong>caecutiebant,</strong></span> <span class='ocrx_word' id='word_1_593' title='bbox 1890 4658 1950 4713; x_wconf 92' lang='lat' dir='ltr'><strong>in</strong></span> <span class='ocrx_word' id='word_1_594' title='bbox 1981 4663 2209 4714; x_wconf 91' lang='lat' dir='ltr'><strong>rectum</strong></span> <span class='ocrx_word' id='word_1_595' title='bbox 2240 4657 2659 4731; x_wconf 65' lang='lat' dir='ltr'><strong>pulcherrimae</strong></span> <span class='ocrx_word' id='word_1_596' title='bbox 2692 4656 2900 4713; x_wconf 89' lang='lat' dir='ltr'><strong>salutis</strong></span> <span class='ocrx_word' id='word_1_597' title='bbox 2931 4657 3229 4715; x_wconf 87' lang='lat' dir='ltr'><strong>tramitem</strong></span> <span class='ocrx_word' id='word_1_598' title='bbox 3278 4657 3432 4713; x_wconf 85' lang='lat' dir='ltr'><strong>ultro</strong></span> <span class='ocrx_word' id='word_1_599' title='bbox 3476 4656 3919 4713; x_wconf 89' lang='lat' dir='ltr'><strong>reducerentur.</strong></span> <span class='ocrx_word' id='word_1_600' title='bbox 3973 4654 4087 4711; x_wconf 93' lang='lat' dir='ltr'><strong>Sed</strong></span> <span class='ocrx_word' id='word_1_601' title='bbox 4131 4654 4211 4711; x_wconf 84' lang='lat' dir='ltr'><strong>de</strong></span> 
     </span>
    </p>
   </div>
   <div class='ocr_carea' id='block_1_72' title="bbox 828 4744 4211 4821">
    <p class='ocr_par' dir='ltr' id='par_1_72' title="bbox 828 4744 4211 4821">
     <span class='ocr_line' id='line_1_72' title="bbox 828 4744 4211 4821; baseline -0.001 -20"><span class='ocrx_word' id='word_1_602' title='bbox 828 4744 922 4801; x_wconf 89' lang='lat' dir='ltr'><strong>his</strong></span> <span class='ocrx_word' id='word_1_603' title='bbox 952 4744 1134 4801; x_wconf 92' lang='lat' dir='ltr'><strong>modo</strong></span> <span class='ocrx_word' id='word_1_604' title='bbox 1157 4745 1299 4802; x_wconf 88' lang='lat' dir='ltr'><strong>satis</strong></span> <span class='ocrx_word' id='word_1_605' title='bbox 1331 4763 1343 4801; x_wconf 93' lang='lat'>:</span> <span class='ocrx_word' id='word_1_606' title='bbox 1372 4745 1508 4802; x_wconf 89' lang='lat' dir='ltr'><strong>ideo</strong></span> <span class='ocrx_word' id='word_1_607' title='bbox 1536 4750 1739 4802; x_wconf 85' lang='lat' dir='ltr'><strong>autem</strong></span> <span class='ocrx_word' id='word_1_608' title='bbox 1761 4762 1833 4802; x_wconf 91' lang='lat' dir='ltr'><strong>ea</strong></span> <span class='ocrx_word' id='word_1_609' title='bbox 1853 4746 2274 4819; x_wconf 72' lang='lat' dir='ltr'><strong>praemittenda</strong></span> <span class='ocrx_word' id='word_1_610' title='bbox 2294 4747 2461 4816; x_wconf 81' lang='lat' dir='ltr'><strong>duxi,</strong></span> <span class='ocrx_word' id='word_1_611' title='bbox 2494 4751 2557 4803; x_wconf 90' lang='lat' dir='ltr'><strong>ut</strong></span> <span class='ocrx_word' id='word_1_612' title='bbox 2586 4747 2785 4819; x_wconf 90' lang='lat' dir='ltr'><strong>operis</strong></span> <span class='ocrx_word' id='word_1_613' title='bbox 2811 4750 3071 4821; x_wconf 87' lang='lat' dir='ltr'><strong>suscepti</strong></span> <span class='ocrx_word' id='word_1_614' title='bbox 3097 4748 3338 4818; x_wconf 91' lang='lat' dir='ltr'><strong>adjutor</strong></span> <span class='ocrx_word' id='word_1_615' title='bbox 3368 4747 3516 4803; x_wconf 90' lang='lat' dir='ltr'><strong>mihi</strong></span> <span class='ocrx_word' id='word_1_616' title='bbox 3545 4749 3698 4802; x_wconf 90' lang='lat' dir='ltr'><strong>Deus</strong></span> <span class='ocrx_word' id='word_1_617' title='bbox 3719 4744 3893 4802; x_wconf 88' lang='lat' dir='ltr'><strong>adsit.</strong></span> <span class='ocrx_word' id='word_1_618' title='bbox 3915 4747 4081 4801; x_wconf 88' lang='lat' dir='ltr'><strong>Nunc</strong></span> <span class='ocrx_word' id='word_1_619' title='bbox 4102 4744 4211 4816; x_wconf 85' lang='lat' dir='ltr'><strong>igi-</strong></span> 
     </span>
    </p>
   </div>
   <div class='ocr_carea' id='block_1_73' title="bbox 828 4835 4212 4910">
    <p class='ocr_par' dir='ltr' id='par_1_73' title="bbox 828 4835 4212 4910">
     <span class='ocr_line' id='line_1_73' title="bbox 828 4835 4212 4910; baseline -0.001 -19"><span class='ocrx_word' id='word_1_620' title='bbox 828 4838 923 4891; x_wconf 92' lang='lat' dir='ltr'><strong>tur</strong></span> <span class='ocrx_word' id='word_1_621' title='bbox 955 4838 1009 4890; x_wconf 91' lang='lat' dir='ltr'><strong>B.</strong></span> <span class='ocrx_word' id='word_1_622' title='bbox 1042 4836 1325 4907; x_wconf 86' lang='lat' dir='ltr'><strong>martyris</strong></span> <span class='ocrx_word' id='word_1_623' title='bbox 1358 4836 1418 4891; x_wconf 91' lang='lat' dir='ltr'><strong>in</strong></span> <span class='ocrx_word' id='word_1_624' title='bbox 1450 4835 1877 4893; x_wconf 85' lang='lat' dir='ltr'><strong>certaminibus</strong></span> <span class='ocrx_word' id='word_1_625' title='bbox 1917 4836 2348 4907; x_wconf 81' lang='lat' dir='ltr'><strong>fortitudinem,</strong></span> <span class='ocrx_word' id='word_1_626' title='bbox 2380 4840 2438 4893; x_wconf 90' lang='lat' dir='ltr'><strong>et</strong></span> <span class='ocrx_word' id='word_1_627' title='bbox 2467 4836 2528 4893; x_wconf 91' lang='lat' dir='ltr'><strong>in</strong></span> <span class='ocrx_word' id='word_1_628' title='bbox 2554 4852 2740 4893; x_wconf 86' lang='lat' dir='ltr'><strong>arena</strong></span> <span class='ocrx_word' id='word_1_629' title='bbox 2767 4853 2877 4910; x_wconf 94' lang='lat' dir='ltr'><strong>pro</strong></span> <span class='ocrx_word' id='word_1_630' title='bbox 2908 4839 3028 4896; x_wconf 91' lang='lat' dir='ltr'><strong>Deo</strong></span> <span class='ocrx_word' id='word_1_631' title='bbox 3060 4853 3169 4894; x_wconf 93' lang='lat' dir='ltr'><strong>suo</strong></span> <span class='ocrx_word' id='word_1_632' title='bbox 3201 4836 3457 4910; x_wconf 86' lang='lat' dir='ltr'><strong>gloriose</strong></span> <span class='ocrx_word' id='word_1_633' title='bbox 3486 4836 3894 4909; x_wconf 89' lang='lat' dir='ltr'><strong>depugnantis</strong></span> <span class='ocrx_word' id='word_1_634' title='bbox 3926 4839 4212 4891; x_wconf 85' lang='lat' dir='ltr'><strong>constan-</strong></span> 
     </span>
    </p>
   </div>
   <div class='ocr_carea' id='block_1_74' title="bbox 829 4926 1420 4984">
    <p class='ocr_par' dir='ltr' id='par_1_74' title="bbox 829 4926 1420 4984">
     <span class='ocr_line' id='line_1_74' title="bbox 829 4926 1420 4984; baseline 0 -1"><span class='ocrx_word' id='word_1_635' title='bbox 829 4927 974 4984; x_wconf 89' lang='lat' dir='ltr'><strong>tiam</strong></span> <span class='ocrx_word' id='word_1_636' title='bbox 1004 4926 1420 4983; x_wconf 81' lang='lat' dir='ltr'><strong>exhibeamus.</strong></span> 
     </span>
    </p>
   </div>
   <div class='ocr_carea' id='block_1_75' title="bbox 2596 2064 4203 2140">
    <p class='ocr_par' dir='ltr' id='par_1_75' title="bbox 2596 2064 4203 2140">
     <span class='ocr_line' id='line_1_75' title="bbox 2596 2064 4203 2140; baseline -0.001 -22"><span class='ocrx_word' id='word_1_637' title='bbox 2596 2066 2923 2140; x_wconf 74' lang='grc' dir='ltr'>περιϐόητος,</span> <span class='ocrx_word' id='word_1_638' title='bbox 2997 2072 3108 2125; x_wconf 83' lang='grc' dir='ltr'>ταῖς</span> <span class='ocrx_word' id='word_1_639' title='bbox 3160 2068 3249 2136; x_wconf 66' lang='grc' dir='ltr'>μὲν</span> <span class='ocrx_word' id='word_1_640' title='bbox 3300 2074 3398 2116; x_wconf 80' lang='grc' dir='ltr'><strong>τῶν</strong></span> <span class='ocrx_word' id='word_1_641' title='bbox 3474 2068 3605 2137; x_wconf 82' lang='grc' dir='ltr'>πρὸς</span> <span class='ocrx_word' id='word_1_642' title='bbox 3680 2065 3842 2128; x_wconf 68' lang='grc' dir='ltr'>αὐτῆς</span> <span class='ocrx_word' id='word_1_643' title='bbox 3912 2064 4203 2137; x_wconf 77' lang='grc' dir='ltr'>ἡμιλλήθη,</span> 
     </span>
    </p>
   </div>
   <div class='ocr_carea' id='block_1_76' title="bbox 2596 2151 4204 2226">
    <p class='ocr_par' dir='ltr' id='par_1_76' title="bbox 2596 2151 4204 2226">
     <span class='ocr_line' id='line_1_76' title="bbox 2596 2151 4204 2226; baseline -0.004 -17"><span class='ocrx_word' id='word_1_644' title='bbox 2596 2164 2695 2210; x_wconf 81' lang='grc' dir='ltr'>τῶν</span> <span class='ocrx_word' id='word_1_645' title='bbox 2766 2152 2816 2207; x_wconf 77' lang='grc' dir='ltr'><strong>δ’</strong></span> <span class='ocrx_word' id='word_1_646' title='bbox 2874 2154 2932 2207; x_wconf 88' lang='grc' dir='ltr'>ού</span> <span class='ocrx_word' id='word_1_647' title='bbox 2980 2155 3197 2226; x_wconf 75' lang='grc' dir='ltr'>πάμπαν</span> <span class='ocrx_word' id='word_1_648' title='bbox 3279 2152 3579 2225; x_wconf 71' lang='grc' dir='ltr'>ἀπελείφθη,</span> <span class='ocrx_word' id='word_1_649' title='bbox 3651 2157 3745 2215; x_wconf 88' lang='grc' dir='ltr'><strong>τάς</strong></span> <span class='ocrx_word' id='word_1_650' title='bbox 3831 2151 3891 2207; x_wconf 69' lang='grc' dir='ltr'><strong>δὲ</strong></span> <span class='ocrx_word' id='word_1_651' title='bbox 3950 2153 4204 2226; x_wconf 79' lang='grc' dir='ltr'>λαμπρῶς</span> 
     </span>
    </p>
   </div>
   <div class='ocr_carea' id='block_1_77' title="bbox 2594 2240 4205 2319">
    <p class='ocr_par' dir='ltr' id='par_1_77' title="bbox 2594 2240 4205 2319">
     <span class='ocr_line' id='line_1_77' title="bbox 2594 2240 4205 2319; baseline -0.006 -14"><span class='ocrx_word' id='word_1_652' title='bbox 2594 2246 2909 2319; x_wconf 69' lang='grc' dir='ltr'>ὑπερήλασε,</span> <span class='ocrx_word' id='word_1_653' title='bbox 2949 2252 3048 2296; x_wconf 80' lang='grc' dir='ltr'><strong>τῶν</strong></span> <span class='ocrx_word' id='word_1_654' title='bbox 3094 2240 3153 2295; x_wconf 73' lang='grc' dir='ltr'><strong>δὲ</strong></span> <span class='ocrx_word' id='word_1_655' title='bbox 3202 2244 3313 2313; x_wconf 78' lang='grc' dir='ltr'>μεθ’</span> <span class='ocrx_word' id='word_1_656' title='bbox 3370 2244 3556 2302; x_wconf 73' lang='grc' dir='ltr'>ἑαυτὴν</span> <span class='ocrx_word' id='word_1_657' title='bbox 3593 2244 3811 2297; x_wconf 79' lang='grc' dir='ltr'>ἀπασῶν</span> <span class='ocrx_word' id='word_1_658' title='bbox 3846 2243 4093 2316; x_wconf 75' lang='grc' dir='ltr'>πρόϐολός</span> <span class='ocrx_word' id='word_1_659' title='bbox 4121 2264 4205 2305; x_wconf 87' lang='grc' dir='ltr'><strong>τις</strong></span> 
     </span>
    </p>
   </div>
   <div class='ocr_carea' id='block_1_78' title="bbox 2595 2331 4204 2410">
    <p class='ocr_par' dir='ltr' id='par_1_78' title="bbox 2595 2331 4204 2410">
     <span class='ocr_line' id='line_1_78' title="bbox 2595 2331 4204 2410; baseline -0.003 -21"><span class='ocrx_word' id='word_1_660' title='bbox 2595 2340 2843 2410; x_wconf 77' lang='grc' dir='ltr'><strong>ἄτρεστος</strong></span> <span class='ocrx_word' id='word_1_661' title='bbox 2900 2335 2969 2395; x_wconf 85' lang='grc' dir='ltr'>ὡς</span> <span class='ocrx_word' id='word_1_662' title='bbox 3021 2332 3220 2395; x_wconf 82' lang='grc' dir='ltr'>ἀληθῶς</span> <span class='ocrx_word' id='word_1_663' title='bbox 3287 2331 3570 2406; x_wconf 72' lang='grc' dir='ltr'>ἀνεδείχθη</span> <span class='ocrx_word' id='word_1_664' title='bbox 3626 2354 3714 2385; x_wconf 87' lang='grc' dir='ltr'><strong>και</strong></span> <span class='ocrx_word' id='word_1_665' title='bbox 3777 2334 4204 2405; x_wconf 74' lang='grc' dir='ltr'>ἀκαταγὼνιστος</span> 
     </span>
    </p>
   </div>
   <div class='ocr_carea' id='block_1_79' title="bbox 2594 2422 4205 2500">
    <p class='ocr_par' dir='ltr' id='par_1_79' title="bbox 2594 2422 4205 2500">
     <span class='ocr_line' id='line_1_79' title="bbox 2594 2422 4205 2500; baseline -0.004 -21"><span class='ocrx_word' id='word_1_666' title='bbox 2594 2428 2876 2500; x_wconf 78' lang='grc' dir='ltr'>πρόμαχος</span> <span class='ocrx_word' id='word_1_667' title='bbox 2906 2444 2919 2457; x_wconf 77' lang='grc' dir='ltr'><strong><em>ο</em></strong></span> <span class='ocrx_word' id='word_1_668' title='bbox 2948 2430 3100 2476; x_wconf 83' lang='grc' dir='ltr'>τούτο</span> <span class='ocrx_word' id='word_1_669' title='bbox 3146 2426 3234 2495; x_wconf 65' lang='grc' dir='ltr'>μὲν</span> <span class='ocrx_word' id='word_1_670' title='bbox 3283 2425 3601 2475; x_wconf 76' lang='grc' dir='ltr'>νουθετούσα</span> <span class='ocrx_word' id='word_1_671' title='bbox 3643 2444 3732 2475; x_wconf 86' lang='grc' dir='ltr'><strong>και</strong></span> <span class='ocrx_word' id='word_1_672' title='bbox 3772 2422 3941 2485; x_wconf 75' lang='grc' dir='ltr'>καλῶς</span> <span class='ocrx_word' id='word_1_673' title='bbox 4004 2441 4205 2495; x_wconf 86' lang='grc' dir='ltr'>καταρ-</span> 
     </span>
    </p>
   </div>
   <div class='ocr_carea' id='block_1_80' title="bbox 2595 2508 4205 2587">
    <p class='ocr_par' dir='ltr' id='par_1_80' title="bbox 2595 2508 4205 2587">
     <span class='ocr_line' id='line_1_80' title="bbox 2595 2508 4205 2587; baseline -0.004 -20"><span class='ocrx_word' id='word_1_674' title='bbox 2595 2516 2840 2575; x_wconf 77' lang='grc' dir='ltr'>τίζουσα,</span> <span class='ocrx_word' id='word_1_675' title='bbox 2873 2520 3025 2565; x_wconf 75' lang='grc' dir='ltr'>τοῦτο</span> <span class='ocrx_word' id='word_1_676' title='bbox 3080 2508 3138 2564; x_wconf 69' lang='grc' dir='ltr'><strong>δὲ</strong></span> <span class='ocrx_word' id='word_1_677' title='bbox 3187 2511 3566 2583; x_wconf 68' lang='grc' dir='ltr'>ὑπαλείφουσα,</span> <span class='ocrx_word' id='word_1_678' title='bbox 3610 2533 3701 2564; x_wconf 88' lang='grc' dir='ltr'><strong>και</strong></span> <span class='ocrx_word' id='word_1_679' title='bbox 3733 2515 3863 2587; x_wconf 87' lang='grc' dir='ltr'>πρός</span> <span class='ocrx_word' id='word_1_680' title='bbox 3910 2514 4029 2573; x_wconf 76' lang='grc' dir='ltr'>τοὺς</span> <span class='ocrx_word' id='word_1_681' title='bbox 4069 2512 4205 2562; x_wconf 84' lang='grc' dir='ltr'><strong>κατά</strong></span> 
     </span>
    </p>
   </div>
   <div class='ocr_carea' id='block_1_81' title="bbox 2598 2600 4200 2674">
    <p class='ocr_par' dir='ltr' id='par_1_81' title="bbox 2598 2600 4200 2674">
     <span class='ocr_line' id='line_1_81' title="bbox 2598 2600 4200 2674; baseline -0.004 -17"><span class='ocrx_word' id='word_1_682' title='bbox 2598 2607 2725 2657; x_wconf 81' lang='grc' dir='ltr'><strong>Θεὸν</strong></span> <span class='ocrx_word' id='word_1_683' title='bbox 2755 2601 2953 2674; x_wconf 80' lang='grc' dir='ltr'>ἀγῶνας</span> <span class='ocrx_word' id='word_1_684' title='bbox 2983 2600 3290 2674; x_wconf 81' lang='grc' dir='ltr'>ἑπαίρουσα,</span> <span class='ocrx_word' id='word_1_685' title='bbox 3321 2620 3409 2652; x_wconf 85' lang='grc' dir='ltr'><strong>και</strong></span> <span class='ocrx_word' id='word_1_686' title='bbox 3442 2604 3505 2652; x_wconf 83' lang='grc' dir='ltr'><strong>τὰ</strong></span> <span class='ocrx_word' id='word_1_687' title='bbox 3532 2600 3705 2653; x_wconf 79' lang='grc' dir='ltr'>εἰκότα</span> <span class='ocrx_word' id='word_1_688' title='bbox 3737 2600 4200 2673; x_wconf 77' lang='grc' dir='ltr'>ύπερασπίζουσα,</span> 
     </span>
    </p>
   </div>
   <div class='ocr_carea' id='block_1_82' title="bbox 2598 2685 4204 2765">
    <p class='ocr_par' dir='ltr' id='par_1_82' title="bbox 2598 2685 4204 2765">
     <span class='ocr_line' id='line_1_82' title="bbox 2598 2685 4204 2765; baseline -0.002 -21"><span class='ocrx_word' id='word_1_689' title='bbox 2598 2694 2626 2752; x_wconf 78' lang='grc' dir='ltr'>ᾖ</span> <span class='ocrx_word' id='word_1_690' title='bbox 2658 2692 2847 2765; x_wconf 87' lang='grc' dir='ltr'>μᾶλλον</span> <span class='ocrx_word' id='word_1_691' title='bbox 2876 2693 3101 2764; x_wconf 67' lang='grc' dir='ltr'>σπινθὴρ</span> <span class='ocrx_word' id='word_1_692' title='bbox 3134 2711 3215 2753; x_wconf 89' lang='grc' dir='ltr'>τις</span> <span class='ocrx_word' id='word_1_693' title='bbox 3269 2690 3530 2752; x_wconf 68' lang='grc' dir='ltr'>εὐσεϐείας</span> <span class='ocrx_word' id='word_1_694' title='bbox 3563 2692 3743 2765; x_wconf 73' lang='grc' dir='ltr'>εὑρέθη</span> <span class='ocrx_word' id='word_1_695' title='bbox 3800 2691 3863 2751; x_wconf 83' lang='grc' dir='ltr'>ὡς</span> <span class='ocrx_word' id='word_1_696' title='bbox 3920 2689 3967 2741; x_wconf 74' lang='grc' dir='ltr'><strong>ἐν</strong></span> <span class='ocrx_word' id='word_1_697' title='bbox 4000 2685 4204 2759; x_wconf 82' lang='grc' dir='ltr'>σποδιᾷ</span> 
     </span>
    </p>
   </div>
   <div class='ocr_carea' id='block_1_83' title="bbox 2596 2778 4202 2855">
    <p class='ocr_par' dir='ltr' id='par_1_83' title="bbox 2596 2778 4202 2855">
     <span class='ocr_line' id='line_1_83' title="bbox 2596 2778 4202 2855; baseline -0.003 -21"><span class='ocrx_word' id='word_1_698' title='bbox 2596 2791 2658 2855; x_wconf 83' lang='grc' dir='ltr'>τῇ</span> <span class='ocrx_word' id='word_1_699' title='bbox 2706 2786 2819 2834; x_wconf 87' lang='grc' dir='ltr'>τότε</span> <span class='ocrx_word' id='word_1_700' title='bbox 2871 2782 3174 2852; x_wconf 77' lang='grc' dir='ltr'>κατεχούσῃ</span> <span class='ocrx_word' id='word_1_701' title='bbox 3238 2784 3533 2852; x_wconf 77' lang='grc' dir='ltr'>σκοτομήνῃ</span> <span class='ocrx_word' id='word_1_702' title='bbox 3578 2787 3673 2841; x_wconf 84' lang='grc' dir='ltr'>τῆς</span> <span class='ocrx_word' id='word_1_703' title='bbox 3749 2778 4064 2841; x_wconf 79' lang='grc' dir='ltr'>Ἐκκλησίας</span> <span class='ocrx_word' id='word_1_704' title='bbox 4142 2781 4202 2829; x_wconf 85' lang='grc' dir='ltr'><strong>τὸ</strong></span> 
     </span>
    </p>
   </div>
   <div class='ocr_carea' id='block_1_84' title="bbox 2596 2864 4201 2944">
    <p class='ocr_par' dir='ltr' id='par_1_84' title="bbox 2596 2864 4201 2944">
     <span class='ocr_line' id='line_1_84' title="bbox 2596 2864 4201 2944; baseline -0.002 -21"><span class='ocrx_word' id='word_1_705' title='bbox 2596 2870 2854 2944; x_wconf 77' lang='grc' dir='ltr'>πλήρωμα</span> <span class='ocrx_word' id='word_1_706' title='bbox 2908 2891 2921 2903; x_wconf 77' lang='grc' dir='ltr'><strong><em>ο</em></strong></span> <span class='ocrx_word' id='word_1_707' title='bbox 2972 2870 3029 2930; x_wconf 86' lang='grc' dir='ltr'>ὃς</span> <span class='ocrx_word' id='word_1_708' title='bbox 3065 2872 3190 2943; x_wconf 84' lang='grc' dir='ltr'>πρός</span> <span class='ocrx_word' id='word_1_709' title='bbox 3228 2872 3317 2941; x_wconf 71' lang='grc' dir='ltr'><strong>μὲν</strong></span> <span class='ocrx_word' id='word_1_710' title='bbox 3346 2871 3553 2941; x_wconf 82' lang='grc' dir='ltr'>μικρὸν,</span> <span class='ocrx_word' id='word_1_711' title='bbox 3588 2869 3614 2919; x_wconf 88' lang='grc' dir='ltr'><strong><em>ὃ</em></strong></span> <span class='ocrx_word' id='word_1_712' title='bbox 3663 2887 3714 2919; x_wconf 90' lang='grc' dir='ltr'>τι</span> <span class='ocrx_word' id='word_1_713' title='bbox 3754 2864 4009 2937; x_wconf 75' lang='grc' dir='ltr'>διέλαθεν,</span> <span class='ocrx_word' id='word_1_714' title='bbox 4063 2868 4201 2940; x_wconf 73' lang='grc' dir='ltr'>ἠρθη</span> 
     </span>
    </p>
   </div>
   <div class='ocr_carea' id='block_1_85' title="bbox 2600 2957 4205 3034">
    <p class='ocr_par' dir='ltr' id='par_1_85' title="bbox 2600 2957 4205 3034">
     <span class='ocr_line' id='line_1_85' title="bbox 2600 2957 4205 3034; baseline -0.002 -21"><span class='ocrx_word' id='word_1_715' title='bbox 2600 2957 2651 3013; x_wconf 81' lang='grc' dir='ltr'><em>δ’</em></span> <span class='ocrx_word' id='word_1_716' title='bbox 2696 2960 2885 3023; x_wconf 66' lang='grc' dir='ltr'>εὐθὺς,</span> <span class='ocrx_word' id='word_1_717' title='bbox 2953 2959 3024 3021; x_wconf 84' lang='grc' dir='ltr'><strong>εἰς</strong></span> <span class='ocrx_word' id='word_1_718' title='bbox 3086 2962 3287 3034; x_wconf 85' lang='grc' dir='ltr'>πυρσόν</span> <span class='ocrx_word' id='word_1_719' title='bbox 3339 2978 3428 3010; x_wconf 89' lang='grc' dir='ltr'><strong>και</strong></span> <span class='ocrx_word' id='word_1_720' title='bbox 3502 2960 3617 3018; x_wconf 83' lang='grc' dir='ltr'>τούς</span> <span class='ocrx_word' id='word_1_721' title='bbox 3672 2962 3742 3030; x_wconf 83' lang='grc' dir='ltr'><strong>μή</strong></span> <span class='ocrx_word' id='word_1_722' title='bbox 3816 2957 4205 3029; x_wconf 72' lang='grc' dir='ltr'>τυφλὼττοντας</span> 
     </span>
    </p>
   </div>
   <div class='ocr_carea' id='block_1_86' title="bbox 2391 5016 2640 5072">
    <p class='ocr_par' dir='ltr' id='par_1_86' title="bbox 2391 5016 2640 5072">
     <span class='ocr_line' id='line_1_86' title="bbox 2391 5016 2640 5072; baseline -0.004 0"><span class='ocrx_word' id='word_1_723' title='bbox 2391 5016 2575 5072; x_wconf 79' lang='lat' dir='ltr'><strong>APUT</strong></span> <span class='ocrx_word' id='word_1_724' title='bbox 2601 5018 2640 5071; x_wconf 89' lang='grc' dir='ltr'><strong>Ι.</strong></span> 
     </span>
    </p>
   </div>
   <div class='ocr_carea' id='block_1_87' title="bbox 1613 5017 3318 5173">
    <p class='ocr_par' dir='ltr' id='par_1_87' title="bbox 1613 5017 3318 5173">
     <span class='ocr_line' id='line_1_87' title="bbox 2391 5017 2640 5072; baseline 0 -1"><span class='ocrx_word' id='word_1_725' title='bbox 2391 5017 2481 5072; x_wconf 82' lang='grc' dir='ltr'><strong>ΑΡ</strong></span> <span class='ocrx_word' id='word_1_726' title='bbox 2601 5018 2640 5071; x_wconf 89' lang='grc' dir='ltr'><strong>Ι.</strong></span> 
     </span>
     <span class='ocr_line' id='line_1_88' title="bbox 1613 5017 3318 5173; baseline -0.001 -9"><span class='ocrx_word' id='word_1_727' title='bbox 1613 5108 1677 5164; x_wconf 92' lang='lat' dir='ltr'><strong>S.</strong></span> <span class='ocrx_word' id='word_1_728' title='bbox 1710 5106 2047 5163; x_wconf 57' lang='lat' dir='ltr'><strong>Theodosia</strong></span> <span class='ocrx_word' id='word_1_729' title='bbox 2078 5017 2789 5173; x_wconf 45' lang='lat' dir='ltr'><strong>natalesfzdolgccntia,</strong></span> <span class='ocrx_word' id='word_1_730' title='bbox 2820 5109 2945 5164; x_wconf 73' lang='lat' dir='ltr'><strong>vita</strong></span> <span class='ocrx_word' id='word_1_731' title='bbox 2966 5108 3318 5164; x_wconf 78' lang='lat' dir='ltr'><strong>monash’ca.</strong></span> 
     </span>
    </p>
   </div>
   <div class='ocr_carea' id='block_1_88' title="bbox 898 5230 2669 5308">
    <p class='ocr_par' dir='ltr' id='par_1_88' title="bbox 898 5231 2566 5306">
     <span class='ocr_line' id='line_1_89' title="bbox 898 5231 2566 5306; baseline -0.001 -17"><span class='ocrx_word' id='word_1_732' title='bbox 898 5239 949 5290; x_wconf 88' lang='lat'><strong>2.</strong></span> <span class='ocrx_word' id='word_1_733' title='bbox 983 5235 1175 5306; x_wconf 82' lang='lat' dir='ltr'><strong>Atque</strong></span> <span class='ocrx_word' id='word_1_734' title='bbox 1193 5235 1254 5288; x_wconf 91' lang='lat' dir='ltr'><strong>ut</strong></span> <span class='ocrx_word' id='word_1_735' title='bbox 1276 5231 1415 5288; x_wconf 90' lang='lat' dir='ltr'><strong>inde</strong></span> <span class='ocrx_word' id='word_1_736' title='bbox 1435 5231 1667 5288; x_wconf 85' lang='lat' dir='ltr'><strong>initium</strong></span> <span class='ocrx_word' id='word_1_737' title='bbox 1682 5231 1979 5289; x_wconf 91' lang='lat' dir='ltr'><strong>ducamus</strong></span> <span class='ocrx_word' id='word_1_738' title='bbox 2002 5233 2299 5290; x_wconf 89' lang='lat' dir='ltr'><strong>sermonis</strong></span> <span class='ocrx_word' id='word_1_739' title='bbox 2324 5231 2487 5289; x_wconf 90' lang='lat' dir='ltr'><strong>unde</strong></span> <span class='ocrx_word' id='word_1_740' title='bbox 2523 5234 2566 5288; x_wconf 92' lang='lat' dir='ltr'><strong>D</strong></span> 
     </span>
    </p>
   </div>
   <div class='ocr_carea' id='block_1_89' title="bbox 2445 5230 4216 5308">
    <p class='ocr_par' dir='ltr' id='par_1_89' title="bbox 2445 5230 4216 5308">
     <span class='ocr_line' id='line_1_90' title="bbox 2445 5230 4216 5308; baseline -0.005 -21"><span class='ocrx_word' id='word_1_741' title='bbox 2445 5234 2487 5287; x_wconf 57' lang='lat' dir='ltr'><strong>te</strong></span> <span class='ocrx_word' id='word_1_742' title='bbox 2523 5234 2566 5288; x_wconf 89' lang='lat' dir='ltr'><strong>D</strong></span> <span class='ocrx_word' id='word_1_743' title='bbox 2780 5230 2926 5285; x_wconf 71' lang='grc' dir='ltr'>Ἀλλ’</span> <span class='ocrx_word' id='word_1_744' title='bbox 2981 5232 3042 5283; x_wconf 86' lang='grc' dir='ltr'><strong>ἶν’</strong></span> <span class='ocrx_word' id='word_1_745' title='bbox 3101 5230 3395 5308; x_wconf 78' lang='grc' dir='ltr'>ἀρξώμεθα,</span> <span class='ocrx_word' id='word_1_746' title='bbox 3438 5232 3551 5283; x_wconf 83' lang='grc' dir='ltr'>ὅθεν</span> <span class='ocrx_word' id='word_1_747' title='bbox 3598 5231 3753 5284; x_wconf 62' lang='grc' dir='ltr'>ποθεν</span> <span class='ocrx_word' id='word_1_748' title='bbox 3792 5230 3824 5288; x_wconf 80' lang='grc' dir='ltr'>ἡ</span> <span class='ocrx_word' id='word_1_749' title='bbox 3876 5232 4062 5301; x_wconf 73' lang='grc' dir='ltr'>τέχνη,</span> <span class='ocrx_word' id='word_1_750' title='bbox 4104 5234 4216 5289; x_wconf 83' lang='grc' dir='ltr'>τοῖς</span> 
     </span>
    </p>
   </div>
   <div class='ocr_carea' id='block_1_90' title="bbox 828 5314 2599 5395">
    <p class='ocr_par' dir='ltr' id='par_1_90' title="bbox 828 5322 2599 5395">
     <span class='ocr_line' id='line_1_91' title="bbox 828 5322 2599 5395; baseline -0.001 -16"><span class='ocrx_word' id='word_1_751' title='bbox 828 5340 926 5380; x_wconf 89' lang='lat' dir='ltr'><strong>ars</strong></span> <span class='ocrx_word' id='word_1_752' title='bbox 951 5322 1190 5379; x_wconf 89' lang='lat' dir='ltr'><strong>dicendi</strong></span> <span class='ocrx_word' id='word_1_753' title='bbox 1221 5322 1381 5395; x_wconf 71' lang='lat' dir='ltr'><strong>(quae</strong></span> <span class='ocrx_word' id='word_1_754' title='bbox 1412 5326 1469 5378; x_wconf 92' lang='lat' dir='ltr'><strong>et</strong></span> <span class='ocrx_word' id='word_1_755' title='bbox 1496 5322 1629 5394; x_wconf 90' lang='lat' dir='ltr'><strong>ipsa</strong></span> <span class='ocrx_word' id='word_1_756' title='bbox 1652 5323 1864 5395; x_wconf 91' lang='lat' dir='ltr'><strong>positis</strong></span> <span class='ocrx_word' id='word_1_757' title='bbox 1902 5338 1939 5379; x_wconf 91' lang='lat' dir='ltr'><strong>a</strong></span> <span class='ocrx_word' id='word_1_758' title='bbox 1988 5326 2205 5380; x_wconf 90' lang='lat' dir='ltr'><strong>natura</strong></span> <span class='ocrx_word' id='word_1_759' title='bbox 2234 5323 2486 5379; x_wconf 86' lang='lat' dir='ltr'><strong>sanctio-</strong></span> <span class='ocrx_word' id='word_1_760' title='bbox 2598 5348 2599 5353; x_wconf 57' lang='grc' dir='ltr'><strong>π</strong></span> 
     </span>
    </p>
   </div>
   <div class='ocr_carea' id='block_1_91' title="bbox 2447 5314 4218 5395">
    <p class='ocr_par' dir='ltr' id='par_1_91' title="bbox 2447 5314 4218 5394">
     <span class='ocr_line' id='line_1_92' title="bbox 2447 5314 4218 5394; baseline -0.005 -17"><span class='ocrx_word' id='word_1_761' title='bbox 2447 5338 2486 5378; x_wconf 83' lang='grc'><strong>)-</strong></span> <span class='ocrx_word' id='word_1_762' title='bbox 2598 5331 2692 5384; x_wconf 84' lang='grc' dir='ltr'><strong>τῆς</strong></span> <span class='ocrx_word' id='word_1_763' title='bbox 2733 5324 2934 5393; x_wconf 77' lang='grc' dir='ltr'>φύσεως</span> <span class='ocrx_word' id='word_1_764' title='bbox 2972 5324 3121 5394; x_wconf 78' lang='grc' dir='ltr'>τάχα</span> <span class='ocrx_word' id='word_1_765' title='bbox 3173 5320 3637 5373; x_wconf 76' lang='grc' dir='ltr'>κατακολουθοῦσα</span> <span class='ocrx_word' id='word_1_766' title='bbox 3697 5321 3925 5391; x_wconf 76' lang='grc' dir='ltr'>θεσμοῖς,</span> <span class='ocrx_word' id='word_1_767' title='bbox 3970 5314 4218 5390; x_wconf 75' lang='grc' dir='ltr'>παρέδω-</span> 
     </span>
    </p>
   </div>
   <div class='ocr_carea' id='block_1_92' title="bbox 826 5409 2597 5486">
    <p class='ocr_par' dir='ltr' id='par_1_92' title="bbox 826 5410 2488 5486">
     <span class='ocr_line' id='line_1_93' title="bbox 826 5410 2488 5486; baseline -0.002 -16"><span class='ocrx_word' id='word_1_768' title='bbox 826 5411 1354 5481; x_wconf 67' lang='grc' dir='ltr'><strong>ηίὺιιεοιδθιὶεἱοεε</strong></span> <span class='ocrx_word' id='word_1_769' title='bbox 1434 5410 1809 5484; x_wconf 89' lang='lat' dir='ltr'><strong>obsequitur)</strong></span> <span class='ocrx_word' id='word_1_770' title='bbox 1872 5412 2282 5486; x_wconf 90' lang='lat' dir='ltr'><strong>incipiendum</strong></span> <span class='ocrx_word' id='word_1_771' title='bbox 2359 5426 2488 5468; x_wconf 89' lang='lat' dir='ltr'><strong>esse</strong></span> 
     </span>
    </p>
   </div>
   <div class='ocr_carea' id='block_1_93' title="bbox 2448 5409 4219 5486">
    <p class='ocr_par' dir='ltr' id='par_1_93' title="bbox 2448 5409 4219 5485">
     <span class='ocr_line' id='line_1_94' title="bbox 2448 5409 4219 5485; baseline -0.003 -21"><span class='ocrx_word' id='word_1_772' title='bbox 2448 5426 2488 5467; x_wconf 64' lang='lat' dir='ltr'><strong>te</strong></span> <span class='ocrx_word' id='word_1_773' title='bbox 2598 5432 2681 5464; x_wconf 84' lang='grc' dir='ltr'>κεν</span> <span class='ocrx_word' id='word_1_774' title='bbox 2712 5413 2997 5485; x_wconf 78' lang='grc' dir='ltr'>ἄρχεσθαι,</span> <span class='ocrx_word' id='word_1_775' title='bbox 3035 5410 3090 5463; x_wconf 74' lang='grc' dir='ltr'>ἔκ</span> <span class='ocrx_word' id='word_1_776' title='bbox 3142 5420 3241 5463; x_wconf 83' lang='grc' dir='ltr'><strong>τῶν</strong></span> <span class='ocrx_word' id='word_1_777' title='bbox 3283 5412 3426 5463; x_wconf 81' lang='grc' dir='ltr'>κατω</span> <span class='ocrx_word' id='word_1_778' title='bbox 3451 5430 3541 5462; x_wconf 91' lang='grc' dir='ltr'><strong>και</strong></span> <span class='ocrx_word' id='word_1_779' title='bbox 3594 5409 3713 5462; x_wconf 80' lang='grc' dir='ltr'>καθ’</span> <span class='ocrx_word' id='word_1_780' title='bbox 3758 5414 3917 5481; x_wconf 81' lang='grc' dir='ltr'>ἡμᾶς,</span> <span class='ocrx_word' id='word_1_781' title='bbox 3967 5409 4079 5460; x_wconf 86' lang='grc' dir='ltr'>ὅθεν</span> <span class='ocrx_word' id='word_1_782' title='bbox 4124 5426 4219 5459; x_wconf 86' lang='grc' dir='ltr'><strong>και</strong></span> 
     </span>
    </p>
   </div>
   <div class='ocr_carea' id='block_1_94' title="bbox 826 5501 2488 5577">
    <p class='ocr_par' dir='ltr' id='par_1_94' title="bbox 826 5501 2488 5577">
     <span class='ocr_line' id='line_1_95' title="bbox 826 5501 2488 5577; baseline 0 -18"><span class='ocrx_word' id='word_1_783' title='bbox 826 5502 1181 5577; x_wconf 75' lang='lat' dir='ltr'><strong>praescribit,</strong></span> <span class='ocrx_word' id='word_1_784' title='bbox 1215 5517 1288 5558; x_wconf 83' lang='lat' dir='ltr'><strong>ex</strong></span> <span class='ocrx_word' id='word_1_785' title='bbox 1316 5501 1390 5558; x_wconf 90' lang='lat' dir='ltr'><strong>iis</strong></span> <span class='ocrx_word' id='word_1_786' title='bbox 1416 5518 1554 5575; x_wconf 63' lang='lat' dir='ltr'><strong>qum</strong></span> <span class='ocrx_word' id='word_1_787' title='bbox 1607 5501 1668 5557; x_wconf 92' lang='lat' dir='ltr'><strong>in</strong></span> <span class='ocrx_word' id='word_1_788' title='bbox 1698 5506 1856 5559; x_wconf 90' lang='lat' dir='ltr'><strong>terra</strong></span> <span class='ocrx_word' id='word_1_789' title='bbox 1887 5507 2030 5560; x_wconf 92' lang='lat' dir='ltr'><strong>sunt</strong></span> <span class='ocrx_word' id='word_1_790' title='bbox 2056 5504 2275 5577; x_wconf 89' lang='lat' dir='ltr'><strong>posita,</strong></span> <span class='ocrx_word' id='word_1_791' title='bbox 2309 5507 2365 5559; x_wconf 91' lang='lat' dir='ltr'><strong>et</strong></span> <span class='ocrx_word' id='word_1_792' title='bbox 2416 5519 2488 5560; x_wconf 82' lang='lat' dir='ltr'><strong>ex</strong></span> 
     </span>
    </p>
   </div>
   <div class='ocr_carea' id='block_1_95' title="bbox 826 5591 2489 5667">
    <p class='ocr_par' dir='ltr' id='par_1_95' title="bbox 826 5591 2489 5667">
     <span class='ocr_line' id='line_1_96' title="bbox 826 5591 2489 5667; baseline 0.001 -19"><span class='ocrx_word' id='word_1_793' title='bbox 826 5592 1051 5667; x_wconf 91' lang='lat' dir='ltr'><strong>quibus</strong></span> <span class='ocrx_word' id='word_1_794' title='bbox 1082 5591 1445 5665; x_wconf 87' lang='lat' dir='ltr'><strong>principium</strong></span> <span class='ocrx_word' id='word_1_795' title='bbox 1494 5608 1708 5649; x_wconf 90' lang='lat' dir='ltr'><strong>omnes</strong></span> <span class='ocrx_word' id='word_1_796' title='bbox 1760 5591 2042 5649; x_wconf 89' lang='lat' dir='ltr'><strong>ducimus</strong></span> <span class='ocrx_word' id='word_1_797' title='bbox 2072 5608 2087 5658; x_wconf 88' lang='lat'><strong>;</strong></span> <span class='ocrx_word' id='word_1_798' title='bbox 2116 5608 2153 5650; x_wconf 90' lang='lat' dir='ltr'><strong>a</strong></span> <span class='ocrx_word' id='word_1_799' title='bbox 2201 5592 2357 5659; x_wconf 88' lang='lat' dir='ltr'><strong>loco,</strong></span> <span class='ocrx_word' id='word_1_800' title='bbox 2402 5592 2489 5649; x_wconf 90' lang='lat' dir='ltr'><strong>in-</strong></span> 
     </span>
    </p>
   </div>
   <div class='ocr_carea' id='block_1_96' title="bbox 826 5683 2488 5759">
    <p class='ocr_par' dir='ltr' id='par_1_96' title="bbox 826 5683 2488 5759">
     <span class='ocr_line' id='line_1_97' title="bbox 826 5683 2488 5759; baseline 0 -18"><span class='ocrx_word' id='word_1_801' title='bbox 826 5701 1033 5759; x_wconf 91' lang='lat' dir='ltr'><strong>quam,</strong></span> <span class='ocrx_word' id='word_1_802' title='bbox 1068 5688 1126 5741; x_wconf 87' lang='lat' dir='ltr'><strong>et</strong></span> <span class='ocrx_word' id='word_1_803' title='bbox 1146 5683 1277 5741; x_wconf 89' lang='lat' dir='ltr'><strong>aliis</strong></span> <span class='ocrx_word' id='word_1_804' title='bbox 1298 5683 1587 5741; x_wconf 90' lang='lat' dir='ltr'><strong>nascendi</strong></span> <span class='ocrx_word' id='word_1_805' title='bbox 1606 5684 1923 5756; x_wconf 88' lang='lat' dir='ltr'><strong>adjunctis,</strong></span> <span class='ocrx_word' id='word_1_806' title='bbox 1950 5684 2309 5758; x_wconf 88' lang='lat' dir='ltr'><strong>principium</strong></span> <span class='ocrx_word' id='word_1_807' title='bbox 2335 5700 2488 5757; x_wconf 88' lang='lat' dir='ltr'><strong>quo-</strong></span> 
     </span>
    </p>
   </div>
   <div class='ocr_carea' id='block_1_97' title="bbox 825 5772 2488 5851">
    <p class='ocr_par' dir='ltr' id='par_1_97' title="bbox 825 5772 2488 5851">
     <span class='ocr_line' id='line_1_98' title="bbox 825 5772 2488 5851; baseline 0 -18"><span class='ocrx_word' id='word_1_808' title='bbox 825 5790 944 5851; x_wconf 90' lang='lat' dir='ltr'><strong>que</strong></span> <span class='ocrx_word' id='word_1_809' title='bbox 960 5775 1242 5835; x_wconf 88' lang='lat' dir='ltr'><strong>faciemus</strong></span> <span class='ocrx_word' id='word_1_810' title='bbox 1257 5773 1518 5835; x_wconf 90' lang='lat' dir='ltr'><strong>dicendi.</strong></span> <span class='ocrx_word' id='word_1_811' title='bbox 1542 5774 1871 5834; x_wconf 86' lang='lat' dir='ltr'><strong>Nativitatis</strong></span> <span class='ocrx_word' id='word_1_812' title='bbox 1890 5774 2070 5847; x_wconf 91' lang='lat' dir='ltr'><strong>igitur</strong></span> <span class='ocrx_word' id='word_1_813' title='bbox 2082 5772 2283 5833; x_wconf 89' lang='lat' dir='ltr'><strong>locum</strong></span> <span class='ocrx_word' id='word_1_814' title='bbox 2309 5776 2488 5833; x_wconf 86' lang='lat' dir='ltr'><strong>nacta</strong></span> 
     </span>
    </p>
   </div>
   <div class='ocr_carea' id='block_1_98' title="bbox 2598 5496 4220 5575">
    <p class='ocr_par' dir='ltr' id='par_1_98' title="bbox 2598 5496 4220 5575">
     <span class='ocr_line' id='line_1_99' title="bbox 2598 5496 4220 5575; baseline -0.004 -21"><span class='ocrx_word' id='word_1_815' title='bbox 2598 5507 2691 5560; x_wconf 83' lang='grc' dir='ltr'>τὴν</span> <span class='ocrx_word' id='word_1_816' title='bbox 2724 5501 2898 5575; x_wconf 75' lang='grc' dir='ltr'>ἀρχὴν</span> <span class='ocrx_word' id='word_1_817' title='bbox 2928 5504 3117 5564; x_wconf 70' lang='grc' dir='ltr'>πάντες</span> <span class='ocrx_word' id='word_1_818' title='bbox 3145 5504 3355 5574; x_wconf 79' lang='grc' dir='ltr'>ἔχομεν,</span> <span class='ocrx_word' id='word_1_819' title='bbox 3390 5509 3483 5563; x_wconf 85' lang='grc' dir='ltr'><strong>τῆς</strong></span> <span class='ocrx_word' id='word_1_820' title='bbox 3504 5504 3752 5572; x_wconf 77' lang='grc' dir='ltr'><strong>γενέσεως</strong></span> <span class='ocrx_word' id='word_1_821' title='bbox 3807 5507 3903 5557; x_wconf 78' lang='grc' dir='ltr'><strong>τῆν</strong></span> <span class='ocrx_word' id='word_1_822' title='bbox 3960 5496 4220 5571; x_wconf 72' lang='grc' dir='ltr'>ἀπαρχὴν</span> 
     </span>
    </p>
   </div>
   <div class='ocr_carea' id='block_1_99' title="bbox 2600 5591 4219 5666">
    <p class='ocr_par' dir='ltr' id='par_1_99' title="bbox 2600 5591 4219 5666">
     <span class='ocr_line' id='line_1_100' title="bbox 2600 5591 4219 5666; baseline -0.002 -23"><span class='ocrx_word' id='word_1_823' title='bbox 2600 5594 2955 5665; x_wconf 68' lang='grc' dir='ltr'>ποιησόμεθα.</span> <span class='ocrx_word' id='word_1_824' title='bbox 3013 5591 3192 5666; x_wconf 78' lang='grc' dir='ltr'>Ταύτῃ</span> <span class='ocrx_word' id='word_1_825' title='bbox 3235 5610 3425 5666; x_wconf 89' lang='grc' dir='ltr'>πατρις</span> <span class='ocrx_word' id='word_1_826' title='bbox 3474 5593 3564 5664; x_wconf 65' lang='grc' dir='ltr'>μὲν</span> <span class='ocrx_word' id='word_1_827' title='bbox 3621 5591 3652 5648; x_wconf 75' lang='grc' dir='ltr'>ἡ</span> <span class='ocrx_word' id='word_1_828' title='bbox 3706 5591 4117 5653; x_wconf 76' lang='grc' dir='ltr'>Κωνσταντίνου,</span> <span class='ocrx_word' id='word_1_829' title='bbox 4154 5591 4219 5640; x_wconf 87' lang='grc' dir='ltr'><strong>τό</strong></span> 
     </span>
    </p>
   </div>
   <div class='ocr_carea' id='block_1_100' title="bbox 2596 5676 4219 5757">
    <p class='ocr_par' dir='ltr' id='par_1_100' title="bbox 2596 5676 4219 5757">
     <span class='ocr_line' id='line_1_101' title="bbox 2596 5676 4219 5757; baseline -0.005 -22"><span class='ocrx_word' id='word_1_830' title='bbox 2596 5680 2934 5757; x_wconf 80' lang='grc' dir='ltr'>περιλάλητον</span> <span class='ocrx_word' id='word_1_831' title='bbox 2984 5680 3226 5734; x_wconf 81' lang='grc' dir='ltr'>Αύσόνων</span> <span class='ocrx_word' id='word_1_832' title='bbox 3287 5679 3578 5755; x_wconf 84' lang='grc' dir='ltr'>βασίλειον,</span> <span class='ocrx_word' id='word_1_833' title='bbox 3637 5680 3694 5731; x_wconf 87' lang='grc' dir='ltr'><strong>τὸ</strong></span> <span class='ocrx_word' id='word_1_834' title='bbox 3749 5676 3971 5731; x_wconf 86' lang='grc' dir='ltr'>παλαιόν</span> <span class='ocrx_word' id='word_1_835' title='bbox 4009 5684 4102 5737; x_wconf 78' lang='grc' dir='ltr'>τῆς</span> <span class='ocrx_word' id='word_1_836' title='bbox 4139 5676 4219 5728; x_wconf 82' lang='grc' dir='ltr'><strong>οἰ-</strong></span> 
     </span>
    </p>
   </div>
   <div class='ocr_carea' id='block_1_101' title="bbox 2597 5761 4219 5849">
    <p class='ocr_par' dir='ltr' id='par_1_101' title="bbox 2597 5761 4219 5849">
     <span class='ocr_line' id='line_1_102' title="bbox 2597 5761 4219 5849; baseline -0.006 -22"><span class='ocrx_word' id='word_1_837' title='bbox 2597 5776 2851 5847; x_wconf 86' lang='grc' dir='ltr'>κουμένης</span> <span class='ocrx_word' id='word_1_838' title='bbox 2909 5771 3142 5849; x_wconf 84' lang='grc' dir='ltr'>ἀρχεῖον,</span> <span class='ocrx_word' id='word_1_839' title='bbox 3184 5774 3244 5825; x_wconf 88' lang='grc' dir='ltr'><strong>τὸ</strong></span> <span class='ocrx_word' id='word_1_840' title='bbox 3302 5775 3466 5848; x_wconf 76' lang='grc' dir='ltr'>μέχρι</span> <span class='ocrx_word' id='word_1_841' title='bbox 3522 5770 3758 5847; x_wconf 79' lang='grc' dir='ltr'>περάτων</span> <span class='ocrx_word' id='word_1_842' title='bbox 3816 5774 3907 5830; x_wconf 83' lang='grc' dir='ltr'>τῆς</span> <span class='ocrx_word' id='word_1_843' title='bbox 3953 5774 4050 5840; x_wconf 73' lang='grc' dir='ltr'><strong>’γῆς</strong></span> <span class='ocrx_word' id='word_1_844' title='bbox 4094 5761 4219 5819; x_wconf 76' lang='grc' dir='ltr'><strong>δια-</strong></span> 
     </span>
    </p>
   </div>
  </div>
