4484 6446
284 421 388 474 897

1628 411 1692 465 ΙΝ
1734 411 1794 467 S.
1838 412 2311 470 THEODOSIAM.
3538 434 3641 486 808

285 540 474 596 ϐόητον
526 544 705 612 ὄνομα,
768 546 847 605 ῆν,
908 542 1111 611 μυρίοις
1152 535 1268 588 καθ’
1322 534 1484 593 αὐτην
1543 536 1882 607 εὐθηνομένηι
1924 550 1963 594 Α
1997 552 2056 591 es

1869 558 1882 586 ι
1924 550 1963 594 Α
1997 540 2083 592 est
2110 538 2463 605 Theodosia,
2518 539 2713 611 ipsam
2759 544 2962 612 magni
3019 547 3386 605 Constantini
3427 553 3640 610 urbem

284 629 523 700 ἀγαθοῖς,
565 626 715 681 οὐδὲν
766 629 929 687 οὕτως
969 626 1229 699 ἐκόσμησε
1279 630 1367 676 καὶ
1418 624 1486 683 εἰς
1542 629 1599 675 τό
1652 621 1883 685 διηνεκὲς

285 720 403 788 ἔχει
454 726 686 788 κοσμεῖν,
720 720 789 778 ὡς
819 719 844 768 ό
874 720 1069 778 ταύτης
1122 715 1373 773 πολιστής
1427 732 1479 765 τε
1529 718 1618 764 καὶ
1674 720 1883 765 πολιού-

288 825 408 876 χος,
459 813 841 867 Κωνσταντῖνος
906 808 932 857 ὁ
986 809 1168 876 μέγας,
1228 811 1335 863 τοῖς
1392 804 1526 853 κατὰ
1583 806 1710 853 Θεόν
1767 822 1883 873 αρι-

287 897 576 966 στεύμασιδ
605 898 634 952 ὴ
668 904 765 946 τῶν
804 897 936 945 κατὰ
974 896 1205 966 Χριστόν
1257 895 1322 951 ὡς
1370 890 1572 950 ἀληθῶς
1626 889 1882 961 βασιλέων

287 982 470 1055 βάσις,
525 988 584 1035 τό
640 993 734 1044 τῆς
783 982 1039 1042 εὐσεϐείας
1110 984 1344 1052 ἔρεισμα,
1396 984 1453 1031 τὸ
1512 989 1605 1039 τῆς
1659 984 1880 1040 πίστεως

287 1078 579 1144 στήριγμα,
622 1074 647 1123 ό
677 1076 807 1144 μετά
845 1076 961 1132 τούς
1011 1070 1333 1131 ἀποστόλους
1389 1067 1691 1127 ἀπόστολος.
1750 1076 1877 1120 Tat-

283 1164 446 1221 αύτης
494 1164 521 1218 η
576 1166 811 1234 μακαρία
866 1157 1119 1233 πατρίδος
1151 1163 1322 1230 ἔτυχε,
1380 1160 1596 1227 τοιούτῳ
1656 1157 1876 1228 πολιστῇ

281 1254 373 1301 καὶ
426 1248 692 1320 πολιούχῳ
724 1251 1064 1320 σεμνύνεσθαι
1103 1248 1286 1317 ἔλαχεν
1323 1268 1333 1279 ·
1368 1245 1463 1317 ἐρώ
1505 1242 1583 1311 δὲ,
1616 1250 1704 1296 καὶ
1738 1247 1884 1315 τάχα

280 1357 340 1407 γε
384 1337 593 1397 εἰκότως
636 1337 753 1409 ἐρῶ,
801 1344 1034 1389 τοιοῦτον
1074 1340 1203 1407 ἔσχε
1241 1339 1326 1386 τόν
1366 1340 1633 1408 πρόγονον,
1668 1337 1882 1404 τοιούτῳ

284 1422 620 1497 διδασκάλῳ,
674 1428 889 1496 τοιούτῳ
932 1445 992 1496 γε
1038 1422 1220 1496 ὁδηγῷ
1258 1428 1387 1497 πρὸς
1425 1428 1519 1481 τὴν
1560 1423 1716 1498 όρύην
1764 1427 1881 1495 περὶ

285 1523 423 1567 Θεοῦ
453 1512 611 1576 δόξαν
652 1514 948 1589 ἐχρήσατο,

1994 625 2374 682 decantatam
2390 628 2541 683 adeo
2563 630 2962 687 Ausoniorum
2984 633 3411 705 imperatorum
3437 641 3641 698 sedem

1994 716 2241 784 regiam,
2268 717 2526 771 universi
2547 720 2856 789 quondam
2872 721 3030 776 orbis
3046 725 3423 796 complexam
3447 729 3640 802 impe-

1994 802 2171 868 rium,
2213 804 2387 873 cujus
2418 804 2496 859 ad
2536 812 2795 877 quatuor
2825 809 3035 864 mundi
3082 818 3280 882 partes
3346 822 3642 876 extremas

1993 890 2156 945 fama
2193 906 2535 965 nomenque
2574 894 2863 966 inclytum
2923 901 3182 969 pervasit
3214 920 3226 969 ;
3259 919 3444 974 quam
3473 907 3644 964 innu-

1994 980 2172 1033 meris
2226 980 2633 1038 abundantem
2668 983 2865 1053 bonis,
2916 987 3059 1042 nihil
3117 990 3197 1045 ita
3249 992 3326 1047 ad
3372 1001 3642 1064 posteros

1992 1069 2246 1133 ornavit,
2275 1075 2375 1124 aut
2397 1086 2665 1142 unquam
2698 1078 2787 1127 est
2816 1081 3263 1143 exornaturum,
3302 1098 3486 1152 quam
3516 1085 3641 1156 ipse

1993 1156 2097 1227 qui
2134 1172 2269 1211 eam
2311 1158 2597 1225 condidit,
2630 1166 2686 1215 et
2714 1164 3028 1232 praesentia
3083 1183 3193 1222 sua
3240 1172 3643 1245 praesidioque

1994 1244 2236 1310 fulcivit,
2298 1262 2556 1315 magnus
2614 1252 3053 1318 Constantinus,
3115 1256 3377 1325 pulchris
3428 1262 3487 1316 in
3544 1244 3643 1318 Dei

1993 1349 2178 1389 causa
2198 1334 2505 1391 laboribus
2537 1337 2611 1393 ad
2646 1339 2825 1393 tinem
2865 1342 3164 1411 perductis
3187 1351 3639 1424 memorandus,

1994 1428 2050 1477 et
2100 1438 2309 1494 regum
2350 1429 2621 1493 omnium
2678 1428 3115 1488 Cliritianorum
3159 1434 3336 1505 longe
3390 1438 3641 1510 primus,

1996 1514 2235 1566 ﬁrmum
2252 1512 2557 1583 religionis
2588 1531 2656 1570 ac
2682 1518 2916 1587 pietatis
2948 1519 3222 1589 fulcrum,
3257 1525 3393 1581 ﬁdei
3426 1535 3642 1584 llOSil‘tB

283 1603 683 1658 sanctissimae
712 1601 1237 1675 propugnaculum
1278 1616 1422 1657 sane
1455 1600 1742 1663 validum,
1795 1615 1865 1655 ac
1918 1605 2052 1671 post
2109 1601 2445 1673 praecipuos
2491 1602 2622 1657 illos
2654 1606 2959 1675 apostolos
3003 1608 3127 1679 ipse
3158 1627 3399 1686 quoque
3446 1615 3643 1672 dicen-

282 1691 401 1747 dus
430 1691 758 1764 apostolus.
799 1691 921 1748 Tali
968 1691 1171 1763 itaque
1210 1690 1393 1746 natali
1425 1689 1552 1745 solo
1582 1691 1749 1758 virgo
1796 1689 1911 1744 ista
1938 1688 2115 1745 beata
2149 1688 2393 1761 prodiit,
2444 1691 2542 1746 tali
2572 1692 2824 1748 civitatis
2873 1711 2994 1753 suae
3034 1700 3238 1769 patrize
3293 1704 3498 1771 gavisa
3558 1710 3645 1761 est

280 1780 554 1853 principe
583 1786 640 1836 et
665 1780 943 1837 inclaruit
966 1785 1243 1852 patrono,
1273 1779 1472 1834 Dicam
1527 1778 1831 1850 equidem,
1862 1780 1920 1833 et
1948 1778 2112 1849 quod
2142 1793 2235 1832 res
2276 1783 2363 1834 est
2403 1780 2603 1835 dicam
2652 1798 2666 1848 ;
2699 1782 2980 1841 eumdem
3006 1786 3195 1854 illum,
3227 1806 3407 1862 quem
3460 1794 3643 1850 modo

283 1868 598 1941 descripsi,
630 1870 763 1941 ipsa
790 1868 1000 1924 habuit
1056 1868 1522 1940 progenitorem,
1554 1864 1839 1922 eumdem
1877 1864 2258 1922 instituenda!
2290 1869 2423 1923 vitae
2469 1875 2916 1941 praeceptorem,
2958 1875 3239 1932 eumdem
3297 1879 3377 1935 ad
3419 1898 3640 1955 veram,

277 1972 419 2030 qum
450 1959 510 2013 in
537 1961 654 2014 Deo
682 1962 738 2013 et
767 1974 803 2014 a
835 1961 954 2014 Deo
980 1962 1091 2025 est,
1127 1956 1206 2013 ad
1246 1956 1496 2025 gloriam
1528 1956 1859 2011 ductorem.

349 2047 417 2119 γ’.
460 2047 614 2099 Ἀλλα
651 2049 802 2100 ποθεῖ
851 2068 932 2109 τις
983 2052 1111 2108 ῖσως
1167 2049 1347 2118 μαθεῖν
1401 2051 1490 2098 καὶ
1548 2047 1735 2098 ὁποίων
1792 2043 1883 2101 7,-3-
1926 2046 1965 2100 Β

274 2141 512 2210 μοιρήκει
575 2145 675 2188 τῶν
736 2135 1049 2209 ἀρχηγετῶν
1096 2143 1190 2197 τῆς
1240 2140 1514 2207 γενέσεως,
1574 2140 1663 2187 καὶ
1712 2136 1881 2187 ὁποῖοι

274 2244 370 2297 περ
429 2225 573 2276 οὗτοι
616 2228 680 2277 τὰ
726 2229 857 2298 πρός
915 2228 1043 2277 Θεὸν
1106 2228 1240 2284 ὄντες
1298 2222 1584 2294 ἐτύγχανον
1619 2240 1631 2289 ;
1668 2224 1881 2276 Εὐσεϐέ-

279 2333 484 2381 στατοι,
551 2319 641 2367 καὶ
691 2314 936 2385 φιλόθεοι,
999 2318 1089 2366 καὶ
1154 2322 1253 2365 τῶν
1328 2313 1537 2365 ἐντολῶν
1596 2321 1687 2365 τον
1746 2322 1879 2365 (θεον

277 2401 512 2475 ἀκριϐεῖς
560 2403 791 2474 φύλακες.
850 2408 913 2456 Τί
970 2400 1053 2455 δεῖ
1103 2402 1264 2454 πολλά
1318 2402 1480 2473 λέγειν
1515 2418 1527 2467 ;
1569 2401 1631 2453 ἐῶ
1678 2406 1778 2474 γὰρ
1813 2407 1880 2463 ὡς

276 2490 475 2564 ἐκόμων
518 2492 742 2563 πλούτῳ,
790 2497 879 2545 καὶ
917 2488 1073 2553 δόξης
1104 2491 1369 2549 ἀπηλανον
1405 2513 1417 2525 -
1470 2490 1518 2543 ἐν
1570 2488 1769 2565 βραχεῖ
1821 2488 1881 2544 δέ

276 2601 458 2653 φημι,
526 2587 821 2655 γεννήτορες
910 2585 1149 2633 τοιούτου
1231 2589 1300 2651 τῷ
1375 2585 1483 2632 ὄντι
1564 2586 1879 2653 γεννήματος

278 2668 559 2744 ἀξιόχρεῳ.
604 2669 738 2723 Ἀλλ’
793 2674 936 2723 οὔπω
994 2670 1188 2731 τελείας
1243 2674 1444 2741 γέγονεν
1501 2668 1727 2737 ἡλικίας,
1788 2675 1879 2722 καὶ

278 2757 666 2831 ἁπορφάνισται
704 2767 796 2811 τοῦ
834 2764 1047 2832 πατρός,
1119 2760 1362 2819 ἑπταέτης
1401 2762 1474 2810 ἔτι
1512 2761 1878 2830 τυγχάνουσα,

275 2853 369 2899 καὶ
424 2848 609 2908 πολλῆς
654 2852 726 2901 ἔτι
774 2845 987 2919 δεομένη
1048 2856 1143 2911 τῆς
1194 2851 1515 2921 προμηθείας
1586 2852 1653 2910 ὡς
1710 2848 1880 2921 ἀμέμ-

276 2957 415 2997 πτως
453 2942 510 2989 τό
552 2938 647 3010 ζῇν
686 2937 1037 3012 ἐκμετρήσειε,
1080 2943 1170 2989 καὶ
1226 2947 1323 2989 τῶν
1363 2935 1603 3009 παγίδων
1654 2936 1883 3013 ἀνωτέρα

276 3033 521 3098 γενομένη
564 3036 655 3080 τοῦ
706 3025 1019 3100 δυσμενοῦς,
1080 3030 1150 3087 ὡς
1199 3037 1270 3097 τῷ
1325 3036 1438 3098 Θεῷ
1480 3026 1736 3099 βουλητὸν
1794 3032 1879 3080 τόν

279 3126 371 3168 τοῦ
421 3116 543 3188 βίου
602 3114 796 3189 δρόμον
866 3116 1095 3170 ἀνύσειεν
1150 3138 1163 3149 ·
1217 3117 1343 3169 ἀλλὰ
1394 3120 1590 3176 ταύτης
1637 3121 1881 3189 ούμενουν

278 3206 374 3257 οὐκ
425 3207 738 3279 ημοίρησεν.
777 3206 835 3257 ’0
873 3209 974 3278 γὰρ
1006 3203 1161 3268 εἰδὼς
1190 3208 1257 3257 τὰ
1284 3209 1455 3259 πάντα
1482 3210 1582 3279 πρὸ
1636 3215 1731 3267 τῆς
1761 3209 1879 3257 τού-

279 3314 381 3346 των
406 3299 667 3365 γενέσεως,
721 3296 747 3346 ό
807 3293 1064 3369 ἀφορίζων
1113 3293 1169 3346 ἐκ
1222 3294 1427 3347 κοιλιῶν
1475 3304 1742 3369 μητρικών
1787 3296 1881 3347 οἶν-

2066 2048 2116 2101 3.
2161 2047 2333 2101 Estne
2373 2050 2573 2103 autem
2630 2049 2733 2121 qui
2789 2050 2935 2106 illud
2987 2069 3230 2127 quoque
3284 2074 3644 2129 cognoscere

1993 2132 2259 2189 fortassis
2286 2136 2600 2203 desiderat,
2643 2140 2851 2211 quales
2898 2142 3233 2202 Theoaosia
3259 2155 3640 2223 quantosque

1990 2222 2142 2278 felici
2165 2229 2319 2280 sorte
2342 2231 2521 2281 nacta
2546 2226 2619 2283 sit
2641 2235 2914 2299 parentes
2940 2230 2966 2285 ?
2994 2232 3077 2288 Ita
3103 2237 3366 2305 profecto
3396 2222 3638 2309 habeat,

1990 2327 2337 2384 supremam
2358 2314 2488 2370 illos
2519 2317 2618 2371 Dei
2639 2318 3017 2388 majestatem
3043 2325 3344 2396 praecipuo
3370 2329 3637 2400 quodam

1990 2402 2151 2457 cultu
2177 2407 2233 2458 et
2257 2419 2461 2460 amore
2488 2404 2673 2461 fuisse
2696 2417 3066 2481 prosecutos,
3085 2417 3211 2469 tum
3241 2432 3378 2473 vero
3402 2435 3643 2476 summa

1990 2492 2370 2548 accuratione
2387 2493 2671 2550 universa
2690 2497 2965 2567 ejusdem
2984 2501 3081 2556 Dei
3100 2505 3387 2561 mandata
3408 2524 3643 2580 semper

1990 2580 2349 2652 implevisse.
2387 2583 2541 2648 Quid
2570 2601 2725 2657 opus
2754 2587 3030 2658 pluribus
3062 2592 3089 2646 ?
3119 2593 3363 2657 Quantis
3395 2598 3643 2653 circum-

1989 2670 2268 2727 ﬂuxerint
2296 2672 2537 2739 divitiis,
2589 2681 2938 2749 quantaque
2978 2680 3189 2749 gloria,
3231 2685 3461 2742 silentio
3492 2704 3642 2760 prae-

1991 2762 2149 2815 tereo
2194 2761 2500 2827 ;breviter
2555 2766 2897 2835 pronuntio,
2958 2776 3266 2841 parentem
3323 2780 3644 2849 utrumque

1990 2847 2202 2905 habuit
2229 2850 2577 2920 Theodosia,
2634 2854 2799 2925 prole
2839 2860 2961 2912 tam
2998 2865 3205 2918 sancta
3241 2866 3485 2936 tamque
3514 2847 3642 2921 illu-

1992 2937 2095 2992 stri
2123 2938 2563 3009 dignissimam.
2595 2945 2732 3014 lpsa
2779 2950 3000 3015 autem,
3028 2964 3167 3005 cum
3200 2955 3401 3008 tenera
3446 2954 3645 3009 adhuc

1991 3027 2347 3097 virguncula
2376 3031 2699 3102 septimum
2739 3035 2926 3089 aetatis
2959 3052 3081 3093 suae
3113 3054 3341 3096 annum
3370 3043 3644 3099 nondum

1991 3121 2145 3172 esset
2171 3121 2608 3188 prietergressa,
2664 3136 2923 3194 cumque
2960 3126 3038 3181 ad
3064 3127 3178 3184 hoc
3207 3135 3272 3185 ut
3302 3131 3428 3186 sine
3448 3148 3644 3204 repre-

1992 3205 2282 3262 hensione
2338 3208 2522 3263 vitam
2590 3210 2746 3265 hanc
2803 3214 3117 3271 mortalem
3177 3217 3535 3292 decurreret,
3590 3228 3646 3280 et

1994 3295 2437 3352 cacodmmonis
2460 3296 2692 3354 insidiis
2722 3298 2881 3357 facta
2910 3305 3201 3375 superior,
3232 3308 3378 3365 illud
3408 3312 3645 3370 vivendi

281 3381 411 3457 δρας
464 3403 517 3436 τε
561 3389 652 3437 καὶ
688 3391 941 3455 γυναῖκας
993 3386 1144 3456 ὁμοῦ,
1205 3389 1294 3436 καὶ
1342 3383 1557 3455 ἐκλογὴν
1617 3390 1696 3437 αεὶ
1737 3404 1883 3458 περι·
1925 3400 1965 3454 C
1993 3383 2051 3440 in

1869 3416 1883 3426 -
1925 3383 2345 3454 Cinstitutum,
2401 3386 2568 3458 quod
2619 3389 2738 3444 Deo
2792 3392 3171 3460 potissimum
3221 3404 3375 3455 esset
3425 3401 3640 3474 visum,

278 3476 581 3545 ποιούμενος
640 3473 824 3544 ἐαυτῷ,
901 3478 991 3525 καὶ
1055 3481 1146 3534 τῆς
1200 3478 1460 3548 μακαρίας
1512 3475 1726 3544 ταύτης,
1784 3476 1885 3526 ὅσα

277 3568 370 3614 καὶ
421 3567 619 3638 πατὴρ,
668 3562 1049 3637 προύνοήσατο.
1091 3562 1234 3635 Ἂμα
1283 3582 1338 3615 τε
1365 3566 1465 3636 γὰρ
1498 3563 1523 3615 ὁ
1570 3568 1736 3636 πατὴρ
1796 3568 1882 3615 τόν

280 3650 399 3724 βίον
461 3651 761 3724 μετήλλαξε,
817 3656 907 3704 καὶ
963 3653 1075 3724 ἅμα
1119 3671 1176 3723 γε
1244 3653 1272 3711 ἡ
1333 3657 1508 3727 μήτηρ
1554 3657 1736 3725 κόσμῳ
1792 3657 1883 3705 καὶ

278 3749 385 3801 τοῖς
439 3740 486 3792 ἐν
542 3745 723 3814 κόσμῳ
796 3746 1005 3816 χαίρειν
1079 3742 1318 3807 εἰποῦσα,
1387 3741 1568 3800 ἑαυτὸν
1642 3748 1732 3794 καὶ
1796 3746 1885 3800 τὴν

280 3830 466 3891 ἑαυτῆς
522 3827 694 3883 παῖδα
751 3836 965 3903 σεμνείῳ
1013 3849 1068 3883 τε
1132 3830 1465 3903 περιέκλεισε,
1530 3836 1621 3884 καὶ
1688 3838 1886 3904 σεμνῶς

283 3919 434 3988 βιουν
458 3920 709 3994 προύξένη
720 3939 802 3972 σεν
833 3917 1260 3975 ἑκπαιδεύεσθαι.

1994 3474 2299 3545 arriperet,
2332 3474 2516 3546 patris
2546 3476 2867 3533 etiamnum
2917 3482 3165 3540 consilio
3196 3490 3250 3541 et
3270 3490 3649 3559 providentia

1995 3562 2261 3632 indigere
2286 3563 2606 3632 videretur,
2639 3566 2854 3623 eodem
2885 3569 3096 3628 orbata
3124 3572 3252 3631 fuit.
3289 3577 3401 3633 Sed
3428 3594 3537 3636 nec
3567 3582 3648 3638 ita

1994 3653 2344 3709 necessariis
2374 3653 2454 3709 ad
2477 3654 2906 3714 instituendam
2934 3667 3091 3718 recte
3122 3664 3307 3721 vitam
3356 3670 3647 3739 praesidiis

1995 3742 2103 3797 fuit
2125 3742 2424 3799 destituta.
2451 3743 2616 3799 Idem
2644 3746 2869 3820 quippe
2889 3748 2985 3805 ille
3014 3752 3121 3823 qui
3159 3755 3365 3812 omnia
3415 3764 3647 3829 nostra,

1994 3832 2100 3887 diu
2137 3832 2315 3887 etiam
2355 3838 2494 3890 ante
2534 3850 2721 3906 quam
2766 3836 2964 3895 lucem
3013 3841 3174 3898 hanc
3214 3844 3646 3917 ingrediamur,

1996 3921 2345 3991 cognoscit;
2395 3922 2509 3994 quis
2556 3923 2731 3980 nobis
2782 3925 2998 3985 deinde
3050 3930 3402 4007 obventura,
3455 3937 3533 3994 ab
3576 3954 3648 3995 eo

276 4010 407 4081 jam
438 4014 566 4066 tum
591 4014 861 4083 tempore
909 4026 1032 4082 quo
1084 4015 1361 4066 materno
1391 4009 1590 4066 adhuc
1629 4014 1797 4066 utero
1827 4025 2196 4100 coercemur,
2224 4026 2333 4100 pro
2365 4011 2663 4100 sapientia
2686 4031 2797 4071 sua
2825 4019 3049 4089 optime
3076 4020 3339 4094 disponit
3367 4044 3381 4093 ;
3410 4031 3467 4082 et
3494 4044 3649 4100 quos

279 4099 406 4155 vult
432 4098 738 4171 praecipua
767 4098 1038 4170 quadam
1068 4114 1232 4165 cura,
1266 4099 1389 4154 sive
1410 4114 1441 4154 e
1481 4098 1752 4155 maribus
1788 4100 1911 4155 sive
1936 4098 2241 4169 efeminis,
2268 4099 2561 4157 fovendos
2592 4101 2754 4175 eligit
2784 4122 2797 4172 ;
2831 4106 2948 4177 hic,
3001 4108 3275 4182 inquam,
3332 4120 3650 4187 paternam

282 4204 457 4244 suam
505 4186 949 4259 providentiam
988 4201 1132 4257 erga
1179 4186 1462 4243 tenellam
1505 4186 1704 4244 adhuc
1752 4187 2044 4259 virginem
2083 4187 2413 4245 desiderari
2443 4206 2567 4246 non
2615 4197 2704 4248 est
2733 4210 2974 4265 passus.
3015 4198 3203 4256 Simul
3244 4186 3401 4259 enim
3429 4222 3650 4277 parens

281 4275 626 4332 Theodosius
658 4276 843 4332 vitam
869 4276 1028 4332 hanc
1056 4292 1197 4332 cum
1245 4282 1437 4332 morte
1476 4292 1581 4332 seu
1637 4276 1869 4334 meliori
1921 4277 2120 4349 potius
2174 4277 2293 4333 vita
2357 4284 2767 4350 commutavit,
2818 4285 2996 4342 simul
3054 4293 3110 4345 et
3160 4297 3351 4348 mater
3402 4294 3647 4351 caducis

284 4364 500 4422 mundi
524 4364 727 4431 rebus,
759 4364 1113 4437 mundoque
1134 4365 1249 4436 ipsi
1270 4366 1549 4421 nuntium
1588 4366 1894 4423 remittens
1945 4371 2185 4422 secretis
2208 4382 2278 4422 ac
2328 4367 2621 4439 religiosae
2680 4372 2899 4429 domus
2930 4377 3112 4448 septis
3143 4380 3407 4453 seipsam
3437 4384 3649 4443 filiam-

280 4470 400 4527 que
437 4454 699 4522 inclusit,
732 4453 835 4509 ubi
866 4452 946 4509 ad
975 4454 1159 4509 vitam
1192 4454 1477 4525 praeclare
1511 4455 1852 4512 ducendam
1877 4455 2297 4529 pulcherrimis
2327 4472 2461 4512 eam
2486 4462 2798 4532 prteceptis
2815 4466 3045 4521 curavit
3069 4467 3279 4524 imbui.

356 4540 419 4597 ὁν.
472 4550 619 4616 Τρεῖς
669 4562 721 4594 τε
782 4546 881 4617 γαρ
942 4542 1089 4604 ὅλους
1139 4542 1403 4605 ἐνιαυτούς
1447 4543 1574 4616 αὐτῇ
1620 4552 1883 4603 συνασκή-
1919 4546 1963 4599 ι)
2065 4549 2122 4601 4.

1875 4577 1883 4587 -
1919 4546 1963 4599 υ
2065 4549 2122 4601 4.
2163 4545 2371 4601 Tribus
2401 4549 2649 4605 omnino
2671 4552 2844 4607 anuis
2876 4570 2997 4610 una
3022 4572 3159 4612 cum
3206 4559 3330 4617 ﬁlia
3359 4563 3646 4621 traductis

284 4636 445 4705 σοὶσα,
480 4638 569 4685 καὶ
612 4639 713 4685 πᾶν
767 4637 809 4685 εἳ
855 4652 906 4685 τι
968 4634 1376 4707 συμπραξαμένη
1427 4634 1581 4686 καλόν
1638 4640 1727 4688 καί
1776 4638 1884 4688 θεά·

280 4743 481 4797 ρεστον,
538 4722 789 4776 κατελυσε
840 4726 927 4775 τὸν
969 4722 1085 4795 βίον
1131 4722 1233 4775 κακ
1286 4732 1383 4776 τὼν
1412 4727 1603 4795 γηίνων
1660 4731 1881 4797 μετέστη

278 4817 406 4887 πρὸς
436 4815 501 4865 τὰ
538 4813 774 4887 οὐράνια,
822 4812 1040 4865 πλοῦτον
1088 4814 1272 4887 ὁρατόν
1330 4813 1459 4886 αὐτῇ
1501 4814 1881 4883 καταλιποῦσα,

282 4906 406 4965 ὅσος
458 4922 518 4976 γε
566 4902 843 4975 ὑπελείφθη
904 4908 994 4955 καὶ
1052 4908 1209 4976 μήπω
1267 4899 1533 4966 διαδοθεὶς
1586 4909 1711 4978 ἔφθη
1780 4914 1885 4968 τοῖς

279 4998 492 5063 πένησι,
544 4997 634 5045 καί
682 4997 814 5067 πρός
860 5012 919 5064 γε
963 4996 1048 5045 τὸν
1105 4998 1323 5066 κρείττω
1381 5001 1470 5047 καὶ
1510 4994 1881 5065 ἀληθέστατον,

281 5083 338 5145 ὃς
388 5087 479 5135 καὶ
536 5090 778 5155 περιοῦσι
841 5084 1072 5152 σύνεστι,
1125 5087 1214 5135 καὶ
1288 5085 1681 5157 μεθισταμένοις
1756 5106 1882 5137 συν-

280 5176 508 5236 άπεισιν,
534 5173 587 5235 ὃς
617 5171 745 5244 ούχὶ
776 5175 912 5224 κατα
945 5176 1031 5224 τόν
1062 5174 1334 5245 ὁμώνυμον
1393 5175 1529 5245 αύτῷ
1580 5175 1880 5247 τυφλωττει,

280 5261 412 5314 ἀλλὰ
451 5267 541 5315 καὶ
569 5262 682 5315 λίαν
723 5258 1014 5335 ὀξυδορκεῖ,
1047 5266 1223 5314 καὶτὸ
1278 5259 1345 5320 δὴ
1378 5265 1557 5335 μεῖζόν
1612 5270 1737 5340 πρὸς
1791 5272 1881 5324 τήν

278 5355 416 5406 κατὰ
446 5356 573 5407 Θεὸν
603 5355 814 5425 πορείαν
853 5346 1162 5422 καθοδηγεῖ,
1209 5356 1300 5403 καὶ
1354 5356 1483 5427 πρὸς
1530 5359 1622 5413 τὴν
1679 5356 1749 5417 εἰς
1793 5356 1881 5409 ού-

882 5438 1227 5511 απρόσκοπτα
1285 5438 1530 5513 βαδίζειν
1597 5454 1757 5501 ποιεῖ.
1822 5449 1883 5502 Τί

276 5541 404 5606 γοῦν
434 5535 464 5592 ἠ
497 5538 729 5608 μακαρία
762 5550 774 5596 ;
807 5538 912 5592 πῶς
965 5538 1072 5592 τοῖς
1132 5527 1404 5604 διαφόροις
1450 5534 1622 5595 αὐτοῖς
1674 5536 1885 5610 κλήροις

280 5627 551 5698 ἐχρήσατο
586 5640 599 5693 ;
633 5631 741 5698 μῶν
772 5625 841 5683 ὡς
872 5619 1054 5682 ἀτελής
1083 5637 1096 5686 ;
1121 5629 1231 5693 μῶν
1266 5624 1334 5683 ὡς
1383 5622 1565 5687 ἀνῆλιξ
1617 5642 1629 5691 ;
1688 5627 1884 5679 Πολλοῦ

279 5734 336 5787 γε
380 5718 469 5767 καὶ
522 5710 624 5769 δεῖ.
672 5716 770 5767 Τόν
814 5714 903 5784 μεν
951 5712 1052 5785 γὰρ
1100 5711 1426 5787 φθειρόμενον
1487 5714 1704 5769 πλοῦτον
1753 5738 1884 5791 παρ-

276 5447 464 5518 ρανούς
538 5445 795 5515 ἄγουσαν,

1994 4636 2053 4692 in
2084 4636 2217 4693 loco
2246 4637 2346 4695 illo
2376 4644 2431 4695 et
2460 4641 2896 4713 exercitatione,
2936 4646 3081 4703 nihil
3112 4651 3279 4721 quod
3329 4652 3508 4711 laude
3562 4656 3651 4713 di-

1996 4741 2184 4796 gnum
2216 4732 2320 4784 aut
2352 4731 2469 4784 Deo
2495 4729 2781 4802 placitum
2809 4745 3198 4804 cognosceret
3224 4743 3525 4814 omittens,
3548 4746 3651 4819 pia

1994 4816 2344 4874 Theodosia:
2375 4824 2566 4876 mater
2591 4822 2829 4879 vivendi
2884 4826 3069 4884 ﬁnem
3120 4830 3277 4900 fecit,
3330 4838 3387 4890 et
3416 4816 3650 4895 terreno

1994 4906 2199 4964 relicto
2244 4908 2549 4966 domicilio
2599 4911 2661 4969 in
2700 4913 3001 4973 caelestem
3042 4935 3170 4977 sese
3217 4921 3652 4984 habitationem

1994 4998 2308 5055 transtulit.
2342 5002 2595 5057 Tantum
2624 5019 2766 5060 vero
2796 5021 3006 5064 earum
3055 5025 3191 5082 qua:
3224 5012 3322 5069 hic
3379 5015 3653 5075 videntur

1994 5088 2129 5144 ﬁliae
2183 5106 2305 5144 suae
2354 5090 2589 5164 reliquit
2626 5094 2966 5153 divitiarum
2995 5107 3296 5172 quantum
3350 5121 3387 5161 a
3432 5106 3547 5179 piis
3586 5110 3650 5167 in

1993 5196 2215 5249 egenos
2238 5181 2687 5252 elargitionibus
2719 5186 2832 5259 ipsi
2856 5191 3149 5262 superfuit
3181 5210 3192 5248 :
3225 5194 3358 5251 illas
3383 5198 3652 5259 videlicet

1994 5270 2269 5326 meliores
2309 5288 2379 5327 ac
2407 5273 2665 5329 veriores
2710 5283 2841 5334 rata
2893 5295 3021 5336 esse
3061 5298 3226 5354 opes,
3277 5301 3414 5358 quas
3462 5294 3518 5345 et
3552 5290 3651 5347 hic

1994 5358 2326 5416 viventibus
2348 5378 2658 5436 nunquam
2688 5382 2812 5423 non
2843 5367 3083 5438 adsunt,
3108 5377 3159 5429 et
3191 5373 3331 5432 hinc
3356 5377 3653 5449 emigranc

1994 5454 2079 5505 tes
2106 5466 2486 5521 possessores
2520 5470 2662 5510 suos
2693 5457 2942 5514 minime
2994 5460 3280 5521 deserunt
3311 5481 3324 5531 ;
3358 5483 3492 5540 quae
3524 5486 3648 5540 eos,

1993 5538 2099 5612 qui
2123 5540 2268 5613 ipsis
2290 5542 2618 5616 potiuntur,
2642 5563 2765 5603 non
2792 5550 3128 5609 secundum
3148 5552 3210 5609 id
3230 5538 3398 5627 quod
3424 5538 3652 5619 habent

1994 5629 2280 5699 nominis,
2315 5648 2636 5707 excaecare,
2668 5637 2773 5694 sed
2812 5638 2890 5695 ad
2935 5642 3277 5700 acutissime
3320 5645 3650 5707 videndum

1997 5719 2201 5778 oculos
2233 5724 2461 5795 aperire
2484 5724 2630 5799 ipsis
2661 5733 2919 5801 possunt
2948 5735 3004 5790 et
3044 5732 3235 5793 solent
3261 5753 3279 5808 ;
3307 5751 3444 5809 quae
3483 5738 3650 5799 deni-
