  <div class='ocr_page' id='page_1' title='image "/cluster/home/n/w/nwhite01/storage/ocr_20150623/140/nnc1.0046979905/463.png"; bbox 0 0 4484 6446; ppageno 0'>
   <div class='ocr_carea' id='block_1_1' title="bbox 877 395 980 462">
    <p class='ocr_par' dir='ltr' id='par_1_1' title="bbox 877 395 980 462">
     <span class='ocr_line' id='line_1_1' title="bbox 877 395 980 462; baseline 0 0"><span class='ocrx_word' id='word_1_1' title='bbox 877 395 980 462; x_wconf 85' lang='grc'>899</span> 
     </span>
    </p>
   </div>
   <div class='ocr_carea' id='block_1_2' title="bbox 2069 395 3048 456">
    <p class='ocr_par' dir='ltr' id='par_1_2' title="bbox 2069 395 3048 456">
     <span class='ocr_line' id='line_1_2' title="bbox 2069 395 3048 456; baseline 0.005 -5"><span class='ocrx_word' id='word_1_2' title='bbox 2069 396 2526 455; x_wconf 79' lang='lat' dir='ltr'>CONSTANTINI</span> <span class='ocrx_word' id='word_1_3' title='bbox 2561 395 3048 456; x_wconf 72' lang='lat' dir='ltr'>ACROPOLFTE.</span> 
     </span>
    </p>
   </div>
   <div class='ocr_carea' id='block_1_3' title="bbox 4127 404 4233 465">
    <p class='ocr_par' dir='ltr' id='par_1_3' title="bbox 4127 404 4233 465">
     <span class='ocr_line' id='line_1_3' title="bbox 4127 404 4233 465; baseline 0.009 -1"><span class='ocrx_word' id='word_1_4' title='bbox 4127 404 4233 465; x_wconf 82' lang='lat'>900</span> 
     </span>
    </p>
   </div>
   <div class='ocr_carea' id='block_1_4' title="bbox 874 522 2645 604">
    <p class='ocr_par' dir='ltr' id='par_1_4' title="bbox 874 522 2645 600">
     <span class='ocr_line' id='line_1_4' title="bbox 874 522 2645 600; baseline -0.006 -18"><span class='ocrx_word' id='word_1_5' title='bbox 874 525 991 600; x_wconf 88' lang='lat' dir='ltr'>que</span> <span class='ocrx_word' id='word_1_6' title='bbox 1022 531 1087 582; x_wconf 89' lang='lat' dir='ltr'>ut</span> <span class='ocrx_word' id='word_1_7' title='bbox 1106 525 1430 598; x_wconf 88' lang='lat' dir='ltr'>plurimum</span> <span class='ocrx_word' id='word_1_8' title='bbox 1460 539 1600 578; x_wconf 90' lang='lat' dir='ltr'>suos</span> <span class='ocrx_word' id='word_1_9' title='bbox 1614 522 1690 577; x_wconf 91' lang='lat' dir='ltr'>ad</span> <span class='ocrx_word' id='word_1_10' title='bbox 1713 525 1898 577; x_wconf 89' lang='lat' dir='ltr'>Deum</span> <span class='ocrx_word' id='word_1_11' title='bbox 1922 525 2220 576; x_wconf 82' lang='lat' dir='ltr'>amatores</span> <span class='ocrx_word' id='word_1_12' title='bbox 2240 525 2400 575; x_wconf 90' lang='lat' dir='ltr'>recto</span> <span class='ocrx_word' id='word_1_13' title='bbox 2414 525 2522 574; x_wconf 88' lang='lat' dir='ltr'>tra-</span> <span class='ocrx_word' id='word_1_14' title='bbox 2552 523 2599 573; x_wconf 80' lang='grc' dir='ltr'><strong>Λ</strong></span> <span class='ocrx_word' id='word_1_15' title='bbox 2631 540 2645 570; x_wconf 77' lang='grc' dir='ltr'>ι</span> 
     </span>
    </p>
   </div>
   <div class='ocr_carea' id='block_1_5' title="bbox 2452 522 4223 604">
    <p class='ocr_par' dir='ltr' id='par_1_5' title="bbox 2452 522 4223 601">
     <span class='ocr_line' id='line_1_5' title="bbox 2452 522 4223 601; baseline 0.005 -27"><span class='ocrx_word' id='word_1_16' title='bbox 2452 523 2599 574; x_wconf 70' lang='lat' dir='ltr'>&#39;a-A</span> <span class='ocrx_word' id='word_1_17' title='bbox 2631 523 2764 572; x_wconf 86' lang='grc' dir='ltr'>αντὰ</span> <span class='ocrx_word' id='word_1_18' title='bbox 2823 522 3097 593; x_wconf 77' lang='grc' dir='ltr'>σκορπίζει</span> <span class='ocrx_word' id='word_1_19' title='bbox 3156 529 3266 583; x_wconf 87' lang='grc' dir='ltr'>τοῖς</span> <span class='ocrx_word' id='word_1_20' title='bbox 3316 525 3523 587; x_wconf 81' lang='grc' dir='ltr'>πένησι,</span> <span class='ocrx_word' id='word_1_21' title='bbox 3576 531 3824 576; x_wconf 83' lang='grc' dir='ltr'>τοσοῦτον</span> <span class='ocrx_word' id='word_1_22' title='bbox 3880 528 4006 601; x_wconf 85' lang='grc' dir='ltr'>παρ’</span> <span class='ocrx_word' id='word_1_23' title='bbox 4069 530 4223 591; x_wconf 81' lang='grc' dir='ltr'>ἑαυτῆ</span> 
     </span>
    </p>
   </div>
   <div class='ocr_carea' id='block_1_6' title="bbox 875 606 2646 688">
    <p class='ocr_par' dir='ltr' id='par_1_6' title="bbox 875 606 2646 686">
     <span class='ocr_line' id='line_1_6' title="bbox 875 606 2646 686; baseline -0.006 -16"><span class='ocrx_word' id='word_1_24' title='bbox 875 617 1014 671; x_wconf 94' lang='lat' dir='ltr'>mite</span> <span class='ocrx_word' id='word_1_25' title='bbox 1062 615 1417 686; x_wconf 88' lang='lat' dir='ltr'>perducunt.</span> <span class='ocrx_word' id='word_1_26' title='bbox 1478 617 1553 678; x_wconf 93' lang='lat' dir='ltr'>et,</span> <span class='ocrx_word' id='word_1_27' title='bbox 1604 627 1740 665; x_wconf 84' lang='lat' dir='ltr'>cum</span> <span class='ocrx_word' id='word_1_28' title='bbox 1799 609 2165 680; x_wconf 90' lang='lat' dir='ltr'>ipsissimam</span> <span class='ocrx_word' id='word_1_29' title='bbox 2224 607 2282 661; x_wconf 92' lang='lat' dir='ltr'>in</span> <span class='ocrx_word' id='word_1_30' title='bbox 2341 606 2557 662; x_wconf 60' lang='lat' dir='ltr'>ccelos‘</span> <span class='ocrx_word' id='word_1_31' title='bbox 2628 631 2646 660; x_wconf 61' lang='grc' dir='ltr'><strong><em>π</em></strong></span> 
     </span>
    </p>
   </div>
   <div class='ocr_carea' id='block_1_7' title="bbox 2453 606 4224 688">
    <p class='ocr_par' dir='ltr' id='par_1_7' title="bbox 2455 611 4224 688">
     <span class='ocr_line' id='line_1_7' title="bbox 2455 611 4224 688; baseline 0.007 -28"><span class='ocrx_word' id='word_1_32' title='bbox 2455 611 2557 660; x_wconf 68' lang='grc'>09»⁴</span> <span class='ocrx_word' id='word_1_33' title='bbox 2628 619 3005 680; x_wconf 73' lang='grc' dir='ltr'>κατασχοῦσα,</span> <span class='ocrx_word' id='word_1_34' title='bbox 3054 613 3245 663; x_wconf 85' lang='grc' dir='ltr'>όπόσον</span> <span class='ocrx_word' id='word_1_35' title='bbox 3304 611 3376 672; x_wconf 77' lang='grc' dir='ltr'>εἰς</span> <span class='ocrx_word' id='word_1_36' title='bbox 3434 613 3595 672; x_wconf 87' lang='grc' dir='ltr'>θείους</span> <span class='ocrx_word' id='word_1_37' title='bbox 3648 611 3978 688; x_wconf 79' lang='grc' dir='ltr'>ἀποχρήσειν</span> <span class='ocrx_word' id='word_1_38' title='bbox 4032 623 4224 683; x_wconf 82' lang='grc' dir='ltr'>τύπους</span> 
     </span>
    </p>
   </div>
   <div class='ocr_carea' id='block_1_8' title="bbox 873 696 2516 774">
    <p class='ocr_par' dir='ltr' id='par_1_8' title="bbox 873 696 2516 774">
     <span class='ocr_line' id='line_1_8' title="bbox 873 696 2516 774; baseline -0.005 -16"><span class='ocrx_word' id='word_1_39' title='bbox 873 705 1030 759; x_wconf 89' lang='lat' dir='ltr'>viam</span> <span class='ocrx_word' id='word_1_40' title='bbox 1091 704 1324 774; x_wconf 83' lang='lat' dir='ltr'>absque</span> <span class='ocrx_word' id='word_1_41' title='bbox 1376 717 1573 756; x_wconf 89' lang='lat' dir='ltr'>errore</span> <span class='ocrx_word' id='word_1_42' title='bbox 1639 698 2070 767; x_wconf 84' lang='lat' dir='ltr'>demonstrent,</span> <span class='ocrx_word' id='word_1_43' title='bbox 2144 697 2202 751; x_wconf 89' lang='lat' dir='ltr'>in</span> <span class='ocrx_word' id='word_1_44' title='bbox 2274 696 2516 750; x_wconf 88' lang='lat' dir='ltr'>eosdem</span> 
     </span>
    </p>
   </div>
   <div class='ocr_carea' id='block_1_9' title="bbox 871 785 2518 865">
    <p class='ocr_par' dir='ltr' id='par_1_9' title="bbox 871 785 2518 865">
     <span class='ocr_line' id='line_1_9' title="bbox 871 785 2518 865; baseline -0.006 -18"><span class='ocrx_word' id='word_1_45' title='bbox 871 809 1113 865; x_wconf 91' lang='lat' dir='ltr'>quoque</span> <span class='ocrx_word' id='word_1_46' title='bbox 1169 793 1298 846; x_wconf 90' lang='lat' dir='ltr'>sine</span> <span class='ocrx_word' id='word_1_47' title='bbox 1362 789 1793 862; x_wconf 86' lang='lat' dir='ltr'>impedimento</span> <span class='ocrx_word' id='word_1_48' title='bbox 1845 787 1963 841; x_wconf 91' lang='lat' dir='ltr'>ullo</span> <span class='ocrx_word' id='word_1_49' title='bbox 2019 792 2081 840; x_wconf 91' lang='lat' dir='ltr'>ut</span> <span class='ocrx_word' id='word_1_50' title='bbox 2139 785 2518 856; x_wconf 79' lang='lat' dir='ltr'>perveniatur</span> 
     </span>
    </p>
   </div>
   <div class='ocr_carea' id='block_1_10' title="bbox 871 872 2515 947">
    <p class='ocr_par' dir='ltr' id='par_1_10' title="bbox 871 872 2515 947">
     <span class='ocr_line' id='line_1_10' title="bbox 871 872 2515 947; baseline -0.007 -11"><span class='ocrx_word' id='word_1_51' title='bbox 871 880 1153 938; x_wconf 77' lang='lat' dir='ltr'>efﬁciunt.</span> <span class='ocrx_word' id='word_1_52' title='bbox 1185 880 1332 946; x_wconf 86' lang='lat' dir='ltr'>Quid</span> <span class='ocrx_word' id='word_1_53' title='bbox 1364 879 1539 947; x_wconf 91' lang='lat' dir='ltr'>igitur</span> <span class='ocrx_word' id='word_1_54' title='bbox 1582 881 1643 930; x_wconf 82' lang='grc' dir='ltr'>Β.</span> <span class='ocrx_word' id='word_1_55' title='bbox 1681 875 2012 931; x_wconf 88' lang='lat' dir='ltr'>Theodosia</span> <span class='ocrx_word' id='word_1_56' title='bbox 2036 875 2064 928; x_wconf 84' lang='lat'>‘?</span> <span class='ocrx_word' id='word_1_57' title='bbox 2094 875 2241 940; x_wconf 88' lang='lat' dir='ltr'>Qua,</span> <span class='ocrx_word' id='word_1_58' title='bbox 2274 872 2515 944; x_wconf 86' lang='lat' dir='ltr'>putatis,</span> 
     </span>
    </p>
   </div>
   <div class='ocr_carea' id='block_1_11' title="bbox 869 962 2518 1038">
    <p class='ocr_par' dir='ltr' id='par_1_11' title="bbox 869 962 2518 1038">
     <span class='ocr_line' id='line_1_11' title="bbox 869 962 2518 1038; baseline -0.007 -14"><span class='ocrx_word' id='word_1_59' title='bbox 869 972 1097 1026; x_wconf 84' lang='lat' dir='ltr'>ratione</span> <span class='ocrx_word' id='word_1_60' title='bbox 1128 969 1367 1033; x_wconf 77' lang='lat' dir='ltr'>divitiis,</span> <span class='ocrx_word' id='word_1_61' title='bbox 1403 972 1716 1038; x_wconf 89' lang='lat' dir='ltr'>parentum</span> <span class='ocrx_word' id='word_1_62' title='bbox 1778 969 1963 1018; x_wconf 92' lang='lat' dir='ltr'>morte</span> <span class='ocrx_word' id='word_1_63' title='bbox 2023 963 2133 1016; x_wconf 88' lang='lat' dir='ltr'>sibi</span> <span class='ocrx_word' id='word_1_64' title='bbox 2169 962 2380 1016; x_wconf 86' lang='lat' dir='ltr'>relictis</span> <span class='ocrx_word' id='word_1_65' title='bbox 2409 976 2518 1014; x_wconf 90' lang='lat' dir='ltr'>usa</span> 
     </span>
    </p>
   </div>
   <div class='ocr_carea' id='block_1_12' title="bbox 869 1049 2515 1129">
    <p class='ocr_par' dir='ltr' id='par_1_12' title="bbox 869 1049 2515 1129">
     <span class='ocr_line' id='line_1_12' title="bbox 869 1049 2515 1129; baseline -0.008 -14"><span class='ocrx_word' id='word_1_66' title='bbox 869 1066 954 1115; x_wconf 86' lang='lat' dir='ltr'>est</span> <span class='ocrx_word' id='word_1_67' title='bbox 1004 1061 1032 1114; x_wconf 90' lang='lat'><strong>?</strong></span> <span class='ocrx_word' id='word_1_68' title='bbox 1081 1075 1156 1113; x_wconf 84' lang='lat' dir='ltr'>an</span> <span class='ocrx_word' id='word_1_69' title='bbox 1207 1056 1547 1129; x_wconf 83' lang='lat' dir='ltr'>imperfecte</span> <span class='ocrx_word' id='word_1_70' title='bbox 1604 1054 1630 1108; x_wconf 88' lang='lat'><strong>?</strong></span> <span class='ocrx_word' id='word_1_71' title='bbox 1667 1070 1743 1108; x_wconf 89' lang='lat' dir='ltr'>an</span> <span class='ocrx_word' id='word_1_72' title='bbox 1791 1053 1916 1106; x_wconf 88' lang='lat' dir='ltr'>sine</span> <span class='ocrx_word' id='word_1_73' title='bbox 1965 1051 2159 1106; x_wconf 85' lang='lat' dir='ltr'>fructu</span> <span class='ocrx_word' id='word_1_74' title='bbox 2205 1051 2233 1103; x_wconf 85' lang='lat'><strong>?</strong></span> <span class='ocrx_word' id='word_1_75' title='bbox 2283 1049 2515 1103; x_wconf 85' lang='lat' dir='ltr'>Minime</span> 
     </span>
    </p>
   </div>
   <div class='ocr_carea' id='block_1_13' title="bbox 865 1139 2513 1217">
    <p class='ocr_par' dir='ltr' id='par_1_13' title="bbox 865 1139 2513 1217">
     <span class='ocr_line' id='line_1_13' title="bbox 865 1139 2513 1217; baseline -0.007 -15"><span class='ocrx_word' id='word_1_76' title='bbox 865 1165 1029 1204; x_wconf 86' lang='lat' dir='ltr'>vero.</span> <span class='ocrx_word' id='word_1_77' title='bbox 1062 1152 1225 1203; x_wconf 89' lang='lat' dir='ltr'>Dona</span> <span class='ocrx_word' id='word_1_78' title='bbox 1246 1146 1467 1217; x_wconf 88' lang='lat' dir='ltr'>quippe</span> <span class='ocrx_word' id='word_1_79' title='bbox 1513 1142 1873 1213; x_wconf 87' lang='lat' dir='ltr'>corruptioni</span> <span class='ocrx_word' id='word_1_80' title='bbox 1900 1145 1956 1194; x_wconf 90' lang='lat' dir='ltr'>et</span> <span class='ocrx_word' id='word_1_81' title='bbox 1983 1140 2293 1195; x_wconf 87' lang='lat' dir='ltr'>amissioni</span> <span class='ocrx_word' id='word_1_82' title='bbox 2324 1139 2513 1192; x_wconf 81' lang='lat' dir='ltr'>obno-</span> 
     </span>
    </p>
   </div>
   <div class='ocr_carea' id='block_1_14' title="bbox 2628 700 4227 775">
    <p class='ocr_par' dir='ltr' id='par_1_14' title="bbox 2628 700 4227 775">
     <span class='ocr_line' id='line_1_14' title="bbox 2628 700 4227 775; baseline 0.009 -28"><span class='ocrx_word' id='word_1_83' title='bbox 2628 700 2850 769; x_wconf 84' lang='grc' dir='ltr'>ενόμισε.</span> <span class='ocrx_word' id='word_1_84' title='bbox 2886 703 2956 752; x_wconf 86' lang='grc' dir='ltr'>Δι’</span> <span class='ocrx_word' id='word_1_85' title='bbox 3002 701 3061 752; x_wconf 85' lang='grc' dir='ltr'>οὗ</span> <span class='ocrx_word' id='word_1_86' title='bbox 3109 707 3196 752; x_wconf 82' lang='grc' dir='ltr'>καὶ</span> <span class='ocrx_word' id='word_1_87' title='bbox 3251 709 3382 775; x_wconf 81' lang='grc' dir='ltr'>τρεῖς</span> <span class='ocrx_word' id='word_1_88' title='bbox 3421 701 3620 762; x_wconf 82' lang='grc' dir='ltr'>εἰκόνας</span> <span class='ocrx_word' id='word_1_89' title='bbox 3670 703 3948 764; x_wconf 74' lang='grc' dir='ltr'>ἐκτήσατο,</span> <span class='ocrx_word' id='word_1_90' title='bbox 4008 715 4095 765; x_wconf 75' lang='grc' dir='ltr'>τήν</span> <span class='ocrx_word' id='word_1_91' title='bbox 4136 719 4227 761; x_wconf 75' lang='grc' dir='ltr'>τοῦ</span> 
     </span>
    </p>
   </div>
   <div class='ocr_carea' id='block_1_15' title="bbox 2632 791 4226 866">
    <p class='ocr_par' dir='ltr' id='par_1_15' title="bbox 2632 791 4226 866">
     <span class='ocr_line' id='line_1_15' title="bbox 2632 791 4226 866; baseline 0.006 -28"><span class='ocrx_word' id='word_1_92' title='bbox 2632 792 2822 860; x_wconf 80' lang='grc' dir='ltr'>Κυρίου</span> <span class='ocrx_word' id='word_1_93' title='bbox 2853 794 2937 840; x_wconf 78' lang='grc' dir='ltr'>καί</span> <span class='ocrx_word' id='word_1_94' title='bbox 2994 796 3226 863; x_wconf 77' lang='grc' dir='ltr'>Σωτῆρος</span> <span class='ocrx_word' id='word_1_95' title='bbox 3276 792 3419 861; x_wconf 76' lang='grc' dir='ltr'>ἡμῶν</span> <span class='ocrx_word' id='word_1_96' title='bbox 3471 791 3647 847; x_wconf 74' lang='grc' dir='ltr'>Ἰησοῦ</span> <span class='ocrx_word' id='word_1_97' title='bbox 3701 800 3953 866; x_wconf 69' lang='grc' dir='ltr'>Χριστοῦ,</span> <span class='ocrx_word' id='word_1_98' title='bbox 4009 802 4101 854; x_wconf 83' lang='grc' dir='ltr'>τὴν</span> <span class='ocrx_word' id='word_1_99' title='bbox 4132 807 4226 859; x_wconf 83' lang='grc' dir='ltr'>τῆς</span> 
     </span>
    </p>
   </div>
   <div class='ocr_carea' id='block_1_16' title="bbox 2626 875 4227 952">
    <p class='ocr_par' dir='ltr' id='par_1_16' title="bbox 2626 875 4227 952">
     <span class='ocr_line' id='line_1_16' title="bbox 2626 875 4227 952; baseline 0.007 -27"><span class='ocrx_word' id='word_1_100' title='bbox 2626 879 2888 946; x_wconf 76' lang='grc' dir='ltr'>πανάγνου</span> <span class='ocrx_word' id='word_1_101' title='bbox 2937 875 3090 929; x_wconf 81' lang='grc' dir='ltr'>τουδε</span> <span class='ocrx_word' id='word_1_102' title='bbox 3122 882 3327 951; x_wconf 83' lang='grc' dir='ltr'>Μητρός</span> <span class='ocrx_word' id='word_1_103' title='bbox 3358 883 3445 930; x_wconf 87' lang='grc' dir='ltr'>καὶ</span> <span class='ocrx_word' id='word_1_104' title='bbox 3477 884 3600 952; x_wconf 84' lang='grc' dir='ltr'>πρός</span> <span class='ocrx_word' id='word_1_105' title='bbox 3646 899 3704 950; x_wconf 74' lang='grc' dir='ltr'>γε</span> <span class='ocrx_word' id='word_1_106' title='bbox 3748 887 3840 938; x_wconf 84' lang='grc' dir='ltr'>τὴν</span> <span class='ocrx_word' id='word_1_107' title='bbox 3869 891 3962 943; x_wconf 84' lang='grc' dir='ltr'>τῆς</span> <span class='ocrx_word' id='word_1_108' title='bbox 4004 885 4227 937; x_wconf 77' lang='grc' dir='ltr'>πολυάθ-</span> 
     </span>
    </p>
   </div>
   <div class='ocr_carea' id='block_1_17' title="bbox 2625 963 4228 1038">
    <p class='ocr_par' dir='ltr' id='par_1_17' title="bbox 2625 963 4228 1038">
     <span class='ocr_line' id='line_1_17' title="bbox 2625 963 4228 1038; baseline 0.008 -25"><span class='ocrx_word' id='word_1_109' title='bbox 2625 963 2712 1014; x_wconf 87' lang='grc' dir='ltr'>λου</span> <span class='ocrx_word' id='word_1_110' title='bbox 2742 968 3006 1038; x_wconf 77' lang='grc' dir='ltr'>μάρτυρος</span> <span class='ocrx_word' id='word_1_111' title='bbox 3050 967 3420 1029; x_wconf 79' lang='grc' dir='ltr'>Ἀναστασίας,</span> <span class='ocrx_word' id='word_1_112' title='bbox 3478 969 3537 1024; x_wconf 81' lang='grc' dir='ltr'>ἢν</span> <span class='ocrx_word' id='word_1_113' title='bbox 3586 968 3638 1018; x_wconf 86' lang='grc' dir='ltr'>ἐκ</span> <span class='ocrx_word' id='word_1_114' title='bbox 3673 977 3766 1030; x_wconf 84' lang='grc' dir='ltr'>τῆς</span> <span class='ocrx_word' id='word_1_115' title='bbox 3816 968 4068 1034; x_wconf 76' lang='grc' dir='ltr'>δοθείσης</span> <span class='ocrx_word' id='word_1_116' title='bbox 4105 979 4228 1025; x_wconf 80' lang='grc' dir='ltr'>ταύ-</span> 
     </span>
    </p>
   </div>
   <div class='ocr_carea' id='block_1_18' title="bbox 2624 1055 4227 1132">
    <p class='ocr_par' dir='ltr' id='par_1_18' title="bbox 2624 1055 4227 1132">
     <span class='ocr_line' id='line_1_18' title="bbox 2624 1055 4227 1132; baseline 0.007 -31"><span class='ocrx_word' id='word_1_117' title='bbox 2624 1071 2683 1124; x_wconf 67' lang='grc' dir='ltr'>τῃ</span> <span class='ocrx_word' id='word_1_118' title='bbox 2736 1059 2851 1125; x_wconf 82' lang='grc' dir='ltr'>περὶ</span> <span class='ocrx_word' id='word_1_119' title='bbox 2894 1055 3026 1106; x_wconf 72' lang='grc' dir='ltr'>αὐτὰ</span> <span class='ocrx_word' id='word_1_120' title='bbox 3082 1059 3299 1128; x_wconf 74' lang='grc' dir='ltr'>χάριτός</span> <span class='ocrx_word' id='word_1_121' title='bbox 3357 1057 3813 1131; x_wconf 79' lang='grc' dir='ltr'>Φαρμακολυτρίαν</span> <span class='ocrx_word' id='word_1_122' title='bbox 3854 1062 3878 1110; x_wconf 90' lang='grc' dir='ltr'>ό</span> <span class='ocrx_word' id='word_1_123' title='bbox 3927 1067 4227 1132; x_wconf 67' lang='grc' dir='ltr'>Χριστώνυ-</span> 
     </span>
    </p>
   </div>
   <div class='ocr_carea' id='block_1_19' title="bbox 2622 1141 3438 1214">
    <p class='ocr_par' dir='ltr' id='par_1_19' title="bbox 2622 1141 3438 1214">
     <span class='ocr_line' id='line_1_19' title="bbox 2622 1141 3438 1214; baseline 0.01 -25"><span class='ocrx_word' id='word_1_124' title='bbox 2622 1159 2717 1210; x_wconf 85' lang='grc' dir='ltr'>μος</span> <span class='ocrx_word' id='word_1_125' title='bbox 2747 1144 3116 1214; x_wconf 63' lang='grc' dir='ltr'>κατονομάζειν</span> <span class='ocrx_word' id='word_1_126' title='bbox 3147 1141 3258 1195; x_wconf 81' lang='grc' dir='ltr'>οἶδε</span> <span class='ocrx_word' id='word_1_127' title='bbox 3295 1145 3438 1205; x_wconf 74' lang='grc' dir='ltr'>λεὼς.</span> 
     </span>
    </p>
   </div>
   <div class='ocr_carea' id='block_1_20' title="bbox 865 1226 4225 1306">
    <p class='ocr_par' dir='ltr' id='par_1_20' title="bbox 865 1226 4225 1306">
     <span class='ocr_line' id='line_1_20' title="bbox 865 1226 4225 1306; baseline 0 -14"><span class='ocrx_word' id='word_1_128' title='bbox 865 1238 965 1292; x_wconf 87' lang='lat' dir='ltr'>xia</span> <span class='ocrx_word' id='word_1_129' title='bbox 1020 1238 1078 1291; x_wconf 92' lang='lat' dir='ltr'>in</span> <span class='ocrx_word' id='word_1_130' title='bbox 1135 1250 1432 1306; x_wconf 85' lang='lat' dir='ltr'>pauperes</span> <span class='ocrx_word' id='word_1_131' title='bbox 1488 1230 1788 1285; x_wconf 85' lang='lat' dir='ltr'>distribuit</span> <span class='ocrx_word' id='word_1_132' title='bbox 1834 1229 2059 1293; x_wconf 85' lang='lat' dir='ltr'>omnia,</span> <span class='ocrx_word' id='word_1_133' title='bbox 2122 1232 2353 1281; x_wconf 90' lang='lat' dir='ltr'>tantum</span> <span class='ocrx_word' id='word_1_134' title='bbox 2412 1226 2523 1280; x_wconf 88' lang='lat' dir='ltr'>sibi</span> <span class='ocrx_word' id='word_1_135' title='bbox 2580 1227 2874 1285; x_wconf 82' lang='lat' dir='ltr'>duntaxat</span> <span class='ocrx_word' id='word_1_136' title='bbox 2912 1249 2982 1286; x_wconf 85' lang='lat' dir='ltr'>ex</span> <span class='ocrx_word' id='word_1_137' title='bbox 3038 1233 3120 1286; x_wconf 92' lang='lat' dir='ltr'>eis</span> <span class='ocrx_word' id='word_1_138' title='bbox 3175 1248 3513 1297; x_wconf 85' lang='lat' dir='ltr'>reservans,</span> <span class='ocrx_word' id='word_1_139' title='bbox 3571 1243 3871 1305; x_wconf 89' lang='lat' dir='ltr'>quantum</span> <span class='ocrx_word' id='word_1_140' title='bbox 3909 1238 3984 1291; x_wconf 91' lang='lat' dir='ltr'>ad</span> <span class='ocrx_word' id='word_1_141' title='bbox 4019 1255 4225 1294; x_wconf 86' lang='lat' dir='ltr'>sacras</span> 
     </span>
    </p>
   </div>
   <div class='ocr_carea' id='block_1_21' title="bbox 864 1316 4221 1396">
    <p class='ocr_par' dir='ltr' id='par_1_21' title="bbox 864 1316 4221 1396">
     <span class='ocr_line' id='line_1_21' title="bbox 864 1316 4221 1396; baseline -0.003 -14"><span class='ocrx_word' id='word_1_142' title='bbox 864 1328 1157 1396; x_wconf 81' lang='lat' dir='ltr'>imagines</span> <span class='ocrx_word' id='word_1_143' title='bbox 1183 1321 1544 1379; x_wconf 89' lang='lat' dir='ltr'>coemendas</span> <span class='ocrx_word' id='word_1_144' title='bbox 1571 1318 1970 1374; x_wconf 87' lang='lat' dir='ltr'>necessarium</span> <span class='ocrx_word' id='word_1_145' title='bbox 1993 1318 2117 1371; x_wconf 88' lang='lat' dir='ltr'>fore</span> <span class='ocrx_word' id='word_1_146' title='bbox 2149 1316 2570 1383; x_wconf 84' lang='lat' dir='ltr'>arbitrabatur,</span> <span class='ocrx_word' id='word_1_147' title='bbox 2599 1333 2671 1372; x_wconf 84' lang='lat' dir='ltr'>ex</span> <span class='ocrx_word' id='word_1_148' title='bbox 2696 1318 2916 1388; x_wconf 86' lang='lat' dir='ltr'>quibus</span> <span class='ocrx_word' id='word_1_149' title='bbox 2943 1325 3057 1374; x_wconf 89' lang='lat' dir='ltr'>tres</span> <span class='ocrx_word' id='word_1_150' title='bbox 3080 1321 3190 1375; x_wconf 89' lang='lat' dir='ltr'>sibi</span> <span class='ocrx_word' id='word_1_151' title='bbox 3213 1322 3512 1392; x_wconf 73' lang='lat' dir='ltr'>praecipue</span> <span class='ocrx_word' id='word_1_152' title='bbox 3544 1326 3934 1392; x_wconf 89' lang='lat' dir='ltr'>comparavit,</span> <span class='ocrx_word' id='word_1_153' title='bbox 3961 1330 4221 1396; x_wconf 82' lang='lat' dir='ltr'>primam</span> 
     </span>
    </p>
   </div>
   <div class='ocr_carea' id='block_1_22' title="bbox 867 1404 4221 1482">
    <p class='ocr_par' dir='ltr' id='par_1_22' title="bbox 867 1404 4221 1482">
     <span class='ocr_line' id='line_1_22' title="bbox 867 1404 4221 1482; baseline 0 -12"><span class='ocrx_word' id='word_1_154' title='bbox 867 1414 1096 1470; x_wconf 88' lang='lat' dir='ltr'>Domini</span> <span class='ocrx_word' id='word_1_155' title='bbox 1130 1430 1198 1468; x_wconf 90' lang='lat' dir='ltr'>ac</span> <span class='ocrx_word' id='word_1_156' title='bbox 1237 1410 1556 1466; x_wconf 89' lang='lat' dir='ltr'>Salvatoris</span> <span class='ocrx_word' id='word_1_157' title='bbox 1587 1409 1771 1463; x_wconf 90' lang='lat' dir='ltr'>nostri</span> <span class='ocrx_word' id='word_1_158' title='bbox 1801 1410 1934 1461; x_wconf 89' lang='lat' dir='ltr'>Jesu</span> <span class='ocrx_word' id='word_1_159' title='bbox 1974 1404 2207 1459; x_wconf 84' lang='lat' dir='ltr'>Christi.</span> <span class='ocrx_word' id='word_1_160' title='bbox 2241 1404 2576 1474; x_wconf 69' lang='lat' dir='ltr'>purissimae</span> <span class='ocrx_word' id='word_1_161' title='bbox 2612 1405 2705 1458; x_wconf 89' lang='lat' dir='ltr'>Dei</span> <span class='ocrx_word' id='word_1_162' title='bbox 2741 1406 3003 1462; x_wconf 90' lang='lat' dir='ltr'>Parentis</span> <span class='ocrx_word' id='word_1_163' title='bbox 3035 1409 3302 1476; x_wconf 86' lang='lat' dir='ltr'>alteram,</span> <span class='ocrx_word' id='word_1_164' title='bbox 3339 1425 3517 1464; x_wconf 91' lang='lat' dir='ltr'>unam</span> <span class='ocrx_word' id='word_1_165' title='bbox 3543 1411 3781 1482; x_wconf 90' lang='lat' dir='ltr'>insuper</span> <span class='ocrx_word' id='word_1_166' title='bbox 3813 1421 4034 1469; x_wconf 71' lang='lat' dir='ltr'>sanctte</span> <span class='ocrx_word' id='word_1_167' title='bbox 4068 1432 4221 1470; x_wconf 88' lang='lat' dir='ltr'>mar-</span> 
     </span>
    </p>
   </div>
   <div class='ocr_carea' id='block_1_23' title="bbox 863 1494 4218 1576">
    <p class='ocr_par' dir='ltr' id='par_1_23' title="bbox 863 1494 4218 1576">
     <span class='ocr_line' id='line_1_23' title="bbox 863 1494 4218 1576; baseline 0 -18"><span class='ocrx_word' id='word_1_168' title='bbox 863 1503 1006 1576; x_wconf 82' lang='lat' dir='ltr'>tyris</span> <span class='ocrx_word' id='word_1_169' title='bbox 1036 1501 1388 1564; x_wconf 67' lang='lat' dir='ltr'>Anastasiaa,</span> <span class='ocrx_word' id='word_1_170' title='bbox 1431 1503 1514 1553; x_wconf 93' lang='lat' dir='ltr'>tot</span> <span class='ocrx_word' id='word_1_171' title='bbox 1542 1497 1638 1552; x_wconf 91' lang='lat' dir='ltr'>Dei</span> <span class='ocrx_word' id='word_1_172' title='bbox 1669 1512 1852 1552; x_wconf 80' lang='lat' dir='ltr'>causa</span> <span class='ocrx_word' id='word_1_173' title='bbox 1902 1494 2138 1549; x_wconf 89' lang='lat' dir='ltr'>labores</span> <span class='ocrx_word' id='word_1_174' title='bbox 2172 1508 2493 1563; x_wconf 59' lang='lat' dir='ltr'>perpessas,</span> <span class='ocrx_word' id='word_1_175' title='bbox 2524 1507 2712 1562; x_wconf 91' lang='lat' dir='ltr'>quam</span> <span class='ocrx_word' id='word_1_176' title='bbox 2763 1495 2841 1549; x_wconf 89' lang='lat' dir='ltr'>ob</span> <span class='ocrx_word' id='word_1_177' title='bbox 2894 1496 3260 1565; x_wconf 77' lang='lat' dir='ltr'>singularem</span> <span class='ocrx_word' id='word_1_178' title='bbox 3286 1498 3570 1552; x_wconf 90' lang='lat' dir='ltr'>divinitus</span> <span class='ocrx_word' id='word_1_179' title='bbox 3601 1507 3912 1572; x_wconf 85' lang='lat' dir='ltr'>acceptam</span> <span class='ocrx_word' id='word_1_180' title='bbox 3943 1503 4218 1574; x_wconf 82' lang='lat' dir='ltr'>gratiam,</span> 
     </span>
    </p>
   </div>
   <div class='ocr_carea' id='block_1_24' title="bbox 861 1579 3257 1663">
    <p class='ocr_par' dir='ltr' id='par_1_24' title="bbox 861 1579 3257 1663">
     <span class='ocr_line' id='line_1_24' title="bbox 861 1579 3257 1663; baseline -0.002 -17"><span class='ocrx_word' id='word_1_181' title='bbox 861 1590 1122 1663; x_wconf 91' lang='lat' dir='ltr'>populus</span> <span class='ocrx_word' id='word_1_182' title='bbox 1153 1588 1521 1644; x_wconf 85' lang='lat' dir='ltr'>Christianus</span> <span class='ocrx_word' id='word_1_183' title='bbox 1555 1585 1983 1654; x_wconf 83' lang='lat' dir='ltr'>cognominare</span> <span class='ocrx_word' id='word_1_184' title='bbox 2024 1581 2172 1637; x_wconf 83' lang='lat' dir='ltr'>solet</span> <span class='ocrx_word' id='word_1_185' title='bbox 2211 1579 2643 1634; x_wconf 88' lang='lat' dir='ltr'>Veneﬁciorum</span> <span class='ocrx_word' id='word_1_186' title='bbox 2683 1582 3117 1640; x_wconf 81' lang='lat' dir='ltr'>dissolutricem</span> <span class='ocrx_word' id='word_1_187' title='bbox 3157 1587 3257 1656; x_wconf 82' lang='grc'>(1).</span> 
     </span>
    </p>
   </div>
   <div class='ocr_carea' id='block_1_25' title="bbox 934 1669 2588 1750">
    <p class='ocr_par' dir='ltr' id='par_1_25' title="bbox 934 1669 2588 1750">
     <span class='ocr_line' id='line_1_25' title="bbox 934 1669 2588 1750; baseline -0.007 -16"><span class='ocrx_word' id='word_1_188' title='bbox 934 1684 984 1734; x_wconf 85' lang='grc'>5.</span> <span class='ocrx_word' id='word_1_189' title='bbox 1010 1683 1200 1750; x_wconf 85' lang='lat' dir='ltr'>Atque</span> <span class='ocrx_word' id='word_1_190' title='bbox 1231 1678 1358 1732; x_wconf 71' lang='lat' dir='ltr'>haac</span> <span class='ocrx_word' id='word_1_191' title='bbox 1385 1681 1524 1730; x_wconf 90' lang='lat' dir='ltr'>sunt</span> <span class='ocrx_word' id='word_1_192' title='bbox 1569 1691 1704 1746; x_wconf 68' lang='lat' dir='ltr'>quas</span> <span class='ocrx_word' id='word_1_193' title='bbox 1757 1673 1831 1728; x_wconf 92' lang='lat' dir='ltr'>de</span> <span class='ocrx_word' id='word_1_194' title='bbox 1854 1672 1926 1726; x_wconf 91' lang='lat' dir='ltr'>iis</span> <span class='ocrx_word' id='word_1_195' title='bbox 1957 1687 2112 1742; x_wconf 91' lang='lat' dir='ltr'>quas</span> <span class='ocrx_word' id='word_1_196' title='bbox 2145 1671 2264 1724; x_wconf 85' lang='lat' dir='ltr'>dixi</span> <span class='ocrx_word' id='word_1_197' title='bbox 2295 1669 2512 1723; x_wconf 88' lang='lat' dir='ltr'>divitiis</span> <span class='ocrx_word' id='word_1_198' title='bbox 2549 1671 2588 1723; x_wconf 88' lang='grc' dir='ltr'>Β</span> 
     </span>
    </p>
   </div>
   <div class='ocr_carea' id='block_1_26' title="bbox 859 1758 2514 1831">
    <p class='ocr_par' dir='ltr' id='par_1_26' title="bbox 859 1758 2514 1831">
     <span class='ocr_line' id='line_1_26' title="bbox 859 1758 2514 1831; baseline -0.007 -7"><span class='ocrx_word' id='word_1_199' title='bbox 859 1767 1191 1824; x_wconf 88' lang='lat' dir='ltr'>Theodosia</span> <span class='ocrx_word' id='word_1_200' title='bbox 1205 1765 1314 1820; x_wconf 90' lang='lat' dir='ltr'>sibi</span> <span class='ocrx_word' id='word_1_201' title='bbox 1330 1763 1626 1828; x_wconf 91' lang='lat' dir='ltr'>facienda,</span> <span class='ocrx_word' id='word_1_202' title='bbox 1643 1766 1699 1817; x_wconf 92' lang='lat' dir='ltr'>et</span> <span class='ocrx_word' id='word_1_203' title='bbox 1727 1768 1923 1816; x_wconf 92' lang='lat' dir='ltr'>mente</span> <span class='ocrx_word' id='word_1_204' title='bbox 1945 1759 2235 1831; x_wconf 90' lang='lat' dir='ltr'>concepit,</span> <span class='ocrx_word' id='word_1_205' title='bbox 2252 1764 2308 1813; x_wconf 88' lang='lat' dir='ltr'>et</span> <span class='ocrx_word' id='word_1_206' title='bbox 2321 1758 2514 1828; x_wconf 86' lang='lat' dir='ltr'>reipsa</span> 
     </span>
    </p>
   </div>
   <div class='ocr_carea' id='block_1_27' title="bbox 859 1851 2512 1921">
    <p class='ocr_par' dir='ltr' id='par_1_27' title="bbox 859 1851 2512 1921">
     <span class='ocr_line' id='line_1_27' title="bbox 859 1851 2512 1921; baseline -0.008 -7"><span class='ocrx_word' id='word_1_207' title='bbox 859 1863 1140 1914; x_wconf 84' lang='lat' dir='ltr'>exsecuta</span> <span class='ocrx_word' id='word_1_208' title='bbox 1169 1859 1274 1911; x_wconf 92' lang='lat' dir='ltr'>est.</span> <span class='ocrx_word' id='word_1_209' title='bbox 1311 1853 1483 1908; x_wconf 86' lang='lat' dir='ltr'>Bonis</span> <span class='ocrx_word' id='word_1_210' title='bbox 1516 1867 1657 1907; x_wconf 90' lang='lat' dir='ltr'>vero</span> <span class='ocrx_word' id='word_1_211' title='bbox 1697 1851 1766 1906; x_wconf 92' lang='lat' dir='ltr'>iis</span> <span class='ocrx_word' id='word_1_212' title='bbox 1825 1867 1955 1921; x_wconf 70' lang='lat' dir='ltr'>qua:</span> <span class='ocrx_word' id='word_1_213' title='bbox 1993 1865 2126 1904; x_wconf 86' lang='lat' dir='ltr'>vere</span> <span class='ocrx_word' id='word_1_214' title='bbox 2186 1852 2343 1916; x_wconf 91' lang='lat' dir='ltr'>sunt,</span> <span class='ocrx_word' id='word_1_215' title='bbox 2405 1863 2512 1902; x_wconf 92' lang='lat' dir='ltr'>nec</span> 
     </span>
    </p>
   </div>
   <div class='ocr_carea' id='block_1_28' title="bbox 859 1937 2512 2011">
    <p class='ocr_par' dir='ltr' id='par_1_28' title="bbox 859 1937 2512 2011">
     <span class='ocr_line' id='line_1_28' title="bbox 859 1937 2512 2011; baseline -0.006 -9"><span class='ocrx_word' id='word_1_216' title='bbox 859 1946 1009 2002; x_wconf 90' lang='lat' dir='ltr'>falsa</span> <span class='ocrx_word' id='word_1_217' title='bbox 1039 1943 1488 2000; x_wconf 87' lang='lat' dir='ltr'>nomenclatura</span> <span class='ocrx_word' id='word_1_218' title='bbox 1515 1941 1795 1996; x_wconf 82' lang='lat' dir='ltr'>dicuntur</span> <span class='ocrx_word' id='word_1_219' title='bbox 1820 1939 2004 2006; x_wconf 90' lang='lat' dir='ltr'>bona,</span> <span class='ocrx_word' id='word_1_220' title='bbox 2046 1937 2357 2011; x_wconf 91' lang='lat' dir='ltr'>quomodo</span> <span class='ocrx_word' id='word_1_221' title='bbox 2389 1937 2512 1992; x_wconf 77' lang='lat' dir='ltr'>ani-</span> 
     </span>
    </p>
   </div>
   <div class='ocr_carea' id='block_1_29' title="bbox 861 2025 2509 2103">
    <p class='ocr_par' dir='ltr' id='par_1_29' title="bbox 861 2025 2509 2103">
     <span class='ocr_line' id='line_1_29' title="bbox 861 2025 2509 2103; baseline -0.007 -12"><span class='ocrx_word' id='word_1_222' title='bbox 861 2033 1374 2101; x_wconf 89' lang='lat' dir='ltr'>mumintenderit,</span> <span class='ocrx_word' id='word_1_223' title='bbox 1400 2030 1728 2103; x_wconf 88' lang='lat' dir='ltr'>quisquam</span> <span class='ocrx_word' id='word_1_224' title='bbox 1755 2044 1828 2082; x_wconf 92' lang='lat' dir='ltr'>ne</span> <span class='ocrx_word' id='word_1_225' title='bbox 1854 2029 2178 2096; x_wconf 83' lang='lat' dir='ltr'>interrogat</span> <span class='ocrx_word' id='word_1_226' title='bbox 2207 2025 2235 2079; x_wconf 77' lang='lat'><strong>?</strong></span> <span class='ocrx_word' id='word_1_227' title='bbox 2265 2026 2509 2098; x_wconf 89' lang='lat' dir='ltr'>Sapien-</span> 
     </span>
    </p>
   </div>
   <div class='ocr_carea' id='block_1_30' title="bbox 860 2116 2511 2197">
    <p class='ocr_par' dir='ltr' id='par_1_30' title="bbox 860 2116 2511 2197">
     <span class='ocr_line' id='line_1_30' title="bbox 860 2116 2511 2197; baseline -0.007 -17"><span class='ocrx_word' id='word_1_228' title='bbox 860 2131 944 2180; x_wconf 89' lang='lat' dir='ltr'>ter</span> <span class='ocrx_word' id='word_1_229' title='bbox 962 2124 1250 2197; x_wconf 83' lang='lat' dir='ltr'>profecto.</span> <span class='ocrx_word' id='word_1_230' title='bbox 1284 2137 1390 2176; x_wconf 92' lang='lat' dir='ltr'>nec</span> <span class='ocrx_word' id='word_1_231' title='bbox 1413 2120 1578 2175; x_wconf 89' lang='lat' dir='ltr'>aliter</span> <span class='ocrx_word' id='word_1_232' title='bbox 1621 2134 1806 2190; x_wconf 89' lang='lat' dir='ltr'>quam</span> <span class='ocrx_word' id='word_1_233' title='bbox 1845 2117 1958 2171; x_wconf 90' lang='lat' dir='ltr'>illis</span> <span class='ocrx_word' id='word_1_234' title='bbox 1998 2116 2080 2171; x_wconf 88' lang='lat' dir='ltr'>uti</span> <span class='ocrx_word' id='word_1_235' title='bbox 2107 2132 2215 2187; x_wconf 91' lang='lat' dir='ltr'>par</span> <span class='ocrx_word' id='word_1_236' title='bbox 2244 2121 2347 2170; x_wconf 90' lang='lat' dir='ltr'>est.</span> <span class='ocrx_word' id='word_1_237' title='bbox 2384 2117 2511 2170; x_wconf 85' lang='lat' dir='ltr'>Non</span> 
     </span>
    </p>
   </div>
   <div class='ocr_carea' id='block_1_31' title="bbox 856 2205 2509 2278">
    <p class='ocr_par' dir='ltr' id='par_1_31' title="bbox 856 2205 2509 2278">
     <span class='ocr_line' id='line_1_31' title="bbox 856 2205 2509 2278; baseline -0.007 -9"><span class='ocrx_word' id='word_1_238' title='bbox 856 2215 1018 2269; x_wconf 91' lang='lat' dir='ltr'>enim</span> <span class='ocrx_word' id='word_1_239' title='bbox 1048 2210 1446 2267; x_wconf 79' lang='lat' dir='ltr'>differendum</span> <span class='ocrx_word' id='word_1_240' title='bbox 1481 2208 1592 2263; x_wconf 87' lang='lat' dir='ltr'>sibi</span> <span class='ocrx_word' id='word_1_241' title='bbox 1637 2206 1895 2278; x_wconf 86' lang='lat' dir='ltr'>amplius</span> <span class='ocrx_word' id='word_1_242' title='bbox 1935 2205 2291 2261; x_wconf 80' lang='lat' dir='ltr'>existimavit</span> <span class='ocrx_word' id='word_1_243' title='bbox 2340 2205 2509 2277; x_wconf 90' lang='lat' dir='ltr'>quin,</span> 
     </span>
    </p>
   </div>
   <div class='ocr_carea' id='block_1_32' title="bbox 858 2295 2511 2369">
    <p class='ocr_par' dir='ltr' id='par_1_32' title="bbox 858 2295 2511 2369">
     <span class='ocr_line' id='line_1_32' title="bbox 858 2295 2511 2369; baseline -0.005 -11"><span class='ocrx_word' id='word_1_244' title='bbox 858 2301 1194 2359; x_wconf 91' lang='lat' dir='ltr'>secundum</span> <span class='ocrx_word' id='word_1_245' title='bbox 1234 2299 1538 2356; x_wconf 66' lang='lat' dir='ltr'>altissimae</span> <span class='ocrx_word' id='word_1_246' title='bbox 1589 2295 2152 2369; x_wconf 67' lang='lat' dir='ltr'>perfectissimteque</span> <span class='ocrx_word' id='word_1_247' title='bbox 2206 2295 2511 2365; x_wconf 70' lang='lat' dir='ltr'>sapientiae</span> 
     </span>
    </p>
   </div>
   <div class='ocr_carea' id='block_1_33' title="bbox 857 2383 2511 2462">
    <p class='ocr_par' dir='ltr' id='par_1_33' title="bbox 857 2383 2511 2462">
     <span class='ocr_line' id='line_1_33' title="bbox 857 2383 2511 2462; baseline -0.005 -15"><span class='ocrx_word' id='word_1_248' title='bbox 857 2391 1095 2462; x_wconf 90' lang='lat' dir='ltr'>placita,</span> <span class='ocrx_word' id='word_1_249' title='bbox 1111 2391 1181 2444; x_wconf 91' lang='lat' dir='ltr'>iis</span> <span class='ocrx_word' id='word_1_250' title='bbox 1194 2406 1320 2444; x_wconf 89' lang='lat' dir='ltr'>sese</span> <span class='ocrx_word' id='word_1_251' title='bbox 1338 2387 1624 2443; x_wconf 89' lang='lat' dir='ltr'>omnibus</span> <span class='ocrx_word' id='word_1_252' title='bbox 1646 2401 1780 2456; x_wconf 68' lang='lat' dir='ltr'>quae</span> <span class='ocrx_word' id='word_1_253' title='bbox 1812 2383 1890 2439; x_wconf 90' lang='lat' dir='ltr'>ad</span> <span class='ocrx_word' id='word_1_254' title='bbox 1914 2384 2214 2438; x_wconf 91' lang='lat' dir='ltr'>mundum</span> <span class='ocrx_word' id='word_1_255' title='bbox 2242 2388 2511 2454; x_wconf 87' lang='lat' dir='ltr'>spectant</span> 
     </span>
    </p>
   </div>
   <div class='ocr_carea' id='block_1_34' title="bbox 851 2471 2508 2551">
    <p class='ocr_par' dir='ltr' id='par_1_34' title="bbox 851 2471 2508 2551">
     <span class='ocr_line' id='line_1_34' title="bbox 851 2471 2508 2551; baseline -0.007 -13"><span class='ocrx_word' id='word_1_256' title='bbox 851 2481 1028 2539; x_wconf 92' lang='lat' dir='ltr'>bonis</span> <span class='ocrx_word' id='word_1_257' title='bbox 1055 2477 1432 2551; x_wconf 84' lang='lat' dir='ltr'>exspoliaret,</span> <span class='ocrx_word' id='word_1_258' title='bbox 1469 2481 1529 2530; x_wconf 91' lang='lat' dir='ltr'>ut</span> <span class='ocrx_word' id='word_1_259' title='bbox 1559 2474 1730 2547; x_wconf 88' lang='lat' dir='ltr'>plura</span> <span class='ocrx_word' id='word_1_260' title='bbox 1758 2478 1811 2528; x_wconf 91' lang='lat' dir='ltr'>et</span> <span class='ocrx_word' id='word_1_261' title='bbox 1840 2472 2089 2527; x_wconf 90' lang='lat' dir='ltr'>meliora</span> <span class='ocrx_word' id='word_1_262' title='bbox 2127 2471 2345 2527; x_wconf 89' lang='lat' dir='ltr'>deinde</span> <span class='ocrx_word' id='word_1_263' title='bbox 2372 2488 2508 2528; x_wconf 93' lang='lat' dir='ltr'>con-</span> 
     </span>
    </p>
   </div>
   <div class='ocr_carea' id='block_1_35' title="bbox 853 2561 2506 2643">
    <p class='ocr_par' dir='ltr' id='par_1_35' title="bbox 853 2561 2506 2643">
     <span class='ocr_line' id='line_1_35' title="bbox 853 2561 2506 2643; baseline -0.006 -17"><span class='ocrx_word' id='word_1_264' title='bbox 853 2573 1219 2643; x_wconf 88' lang='lat' dir='ltr'>sequeretur.</span> <span class='ocrx_word' id='word_1_265' title='bbox 1257 2568 1401 2622; x_wconf 89' lang='lat' dir='ltr'>Cum</span> <span class='ocrx_word' id='word_1_266' title='bbox 1424 2580 1564 2619; x_wconf 91' lang='lat' dir='ltr'>vero</span> <span class='ocrx_word' id='word_1_267' title='bbox 1593 2579 1801 2617; x_wconf 89' lang='lat' dir='ltr'>curam</span> <span class='ocrx_word' id='word_1_268' title='bbox 1829 2576 2072 2617; x_wconf 87' lang='lat' dir='ltr'>omnem</span> <span class='ocrx_word' id='word_1_269' title='bbox 2088 2566 2141 2616; x_wconf 92' lang='lat' dir='ltr'>et</span> <span class='ocrx_word' id='word_1_270' title='bbox 2163 2561 2506 2616; x_wconf 86' lang='lat' dir='ltr'>sollicitudi-</span> 
     </span>
    </p>
   </div>
   <div class='ocr_carea' id='block_1_36' title="bbox 852 2650 2508 2722">
    <p class='ocr_par' dir='ltr' id='par_1_36' title="bbox 852 2650 2508 2722">
     <span class='ocr_line' id='line_1_36' title="bbox 852 2650 2508 2722; baseline -0.007 -6"><span class='ocrx_word' id='word_1_271' title='bbox 852 2676 990 2715; x_wconf 91' lang='lat' dir='ltr'>nem</span> <span class='ocrx_word' id='word_1_272' title='bbox 1022 2673 1145 2713; x_wconf 94' lang='lat' dir='ltr'>non</span> <span class='ocrx_word' id='word_1_273' title='bbox 1175 2654 1576 2712; x_wconf 87' lang='lat' dir='ltr'>necessariam</span> <span class='ocrx_word' id='word_1_274' title='bbox 1611 2651 1919 2722; x_wconf 90' lang='lat' dir='ltr'>abjiciens,</span> <span class='ocrx_word' id='word_1_275' title='bbox 1955 2650 2037 2705; x_wconf 92' lang='lat' dir='ltr'>sic</span> <span class='ocrx_word' id='word_1_276' title='bbox 2070 2651 2244 2721; x_wconf 89' lang='lat' dir='ltr'>quasi</span> <span class='ocrx_word' id='word_1_277' title='bbox 2272 2650 2350 2705; x_wconf 89' lang='lat' dir='ltr'>ad</span> <span class='ocrx_word' id='word_1_278' title='bbox 2381 2667 2508 2722; x_wconf 92' lang='lat' dir='ltr'>per-</span> 
     </span>
    </p>
   </div>
   <div class='ocr_carea' id='block_1_37' title="bbox 851 2739 2506 2816">
    <p class='ocr_par' dir='ltr' id='par_1_37' title="bbox 851 2739 2506 2816">
     <span class='ocr_line' id='line_1_37' title="bbox 851 2739 2506 2816; baseline -0.007 -12"><span class='ocrx_word' id='word_1_279' title='bbox 851 2748 1067 2803; x_wconf 87' lang='lat' dir='ltr'>fectam</span> <span class='ocrx_word' id='word_1_280' title='bbox 1088 2747 1216 2816; x_wconf 88' lang='lat' dir='ltr'>jam</span> <span class='ocrx_word' id='word_1_281' title='bbox 1268 2742 1639 2815; x_wconf 84' lang='lat' dir='ltr'>pervenisset</span> <span class='ocrx_word' id='word_1_282' title='bbox 1674 2744 1930 2806; x_wconf 73' lang='lat' dir='ltr'>tetatem,</span> <span class='ocrx_word' id='word_1_283' title='bbox 1972 2743 2029 2793; x_wconf 92' lang='lat' dir='ltr'>et</span> <span class='ocrx_word' id='word_1_284' title='bbox 2067 2739 2144 2793; x_wconf 90' lang='lat' dir='ltr'>ad</span> <span class='ocrx_word' id='word_1_285' title='bbox 2199 2755 2506 2793; x_wconf 90' lang='lat' dir='ltr'>summum</span> 
     </span>
    </p>
   </div>
   <div class='ocr_carea' id='block_1_38' title="bbox 851 2828 2506 2911">
    <p class='ocr_par' dir='ltr' id='par_1_38' title="bbox 851 2828 2506 2911">
     <span class='ocr_line' id='line_1_38' title="bbox 851 2828 2506 2911; baseline -0.007 -17"><span class='ocrx_word' id='word_1_286' title='bbox 851 2836 1178 2911; x_wconf 78' lang='lat' dir='ltr'>prudentiae</span> <span class='ocrx_word' id='word_1_287' title='bbox 1209 2832 1407 2889; x_wconf 91' lang='lat' dir='ltr'>omnis</span> <span class='ocrx_word' id='word_1_288' title='bbox 1435 2835 1651 2885; x_wconf 88' lang='lat' dir='ltr'>vocata</span> <span class='ocrx_word' id='word_1_289' title='bbox 1688 2833 1843 2884; x_wconf 90' lang='lat' dir='ltr'>esset</span> <span class='ocrx_word' id='word_1_290' title='bbox 1869 2828 2122 2899; x_wconf 91' lang='lat' dir='ltr'>apicem,</span> <span class='ocrx_word' id='word_1_291' title='bbox 2156 2843 2192 2883; x_wconf 92' lang='lat' dir='ltr'>a</span> <span class='ocrx_word' id='word_1_292' title='bbox 2221 2828 2506 2884; x_wconf 91' lang='lat' dir='ltr'>continuo</span> 
     </span>
    </p>
   </div>
   <div class='ocr_carea' id='block_1_39' title="bbox 850 2917 2508 2988">
    <p class='ocr_par' dir='ltr' id='par_1_39' title="bbox 850 2917 2508 2988">
     <span class='ocr_line' id='line_1_39' title="bbox 850 2917 2508 2988; baseline -0.007 -5"><span class='ocrx_word' id='word_1_293' title='bbox 850 2927 930 2984; x_wconf 90' lang='lat' dir='ltr'>ad</span> <span class='ocrx_word' id='word_1_294' title='bbox 968 2926 1246 2981; x_wconf 86' lang='lat' dir='ltr'>virtutem</span> <span class='ocrx_word' id='word_1_295' title='bbox 1276 2925 1495 2978; x_wconf 89' lang='lat' dir='ltr'>conatu</span> <span class='ocrx_word' id='word_1_296' title='bbox 1534 2919 1618 2975; x_wconf 90' lang='lat' dir='ltr'>ita</span> <span class='ocrx_word' id='word_1_297' title='bbox 1674 2934 1796 2973; x_wconf 90' lang='lat' dir='ltr'>non</span> <span class='ocrx_word' id='word_1_298' title='bbox 1845 2917 2104 2986; x_wconf 90' lang='lat' dir='ltr'>recessit,</span> <span class='ocrx_word' id='word_1_299' title='bbox 2159 2921 2220 2971; x_wconf 89' lang='lat' dir='ltr'>ut</span> <span class='ocrx_word' id='word_1_300' title='bbox 2252 2917 2448 2988; x_wconf 90' lang='lat' dir='ltr'>potius</span> <span class='ocrx_word' id='word_1_301' title='bbox 2471 2934 2508 2973; x_wconf 90' lang='lat' dir='ltr'>a</span> 
     </span>
    </p>
   </div>
   <div class='ocr_carea' id='block_1_40' title="bbox 2693 1669 4222 1747">
    <p class='ocr_par' dir='ltr' id='par_1_40' title="bbox 2693 1669 4222 1747">
     <span class='ocr_line' id='line_1_40' title="bbox 2714 1669 4069 1696; baseline 0.012 -15"><span class='ocrx_word' id='word_1_302' title='bbox 2714 1669 2723 1681; x_wconf 88' lang='grc'><strong><em>,</em></strong></span> <span class='ocrx_word' id='word_1_303' title='bbox 2809 1671 2819 1690; x_wconf 86' lang='grc'>,</span> <span class='ocrx_word' id='word_1_304' title='bbox 2929 1673 2939 1691; x_wconf 93' lang='grc'>,</span> <span class='ocrx_word' id='word_1_305' title='bbox 3034 1673 3053 1686; x_wconf 90' lang='grc'>.</span> <span class='ocrx_word' id='word_1_306' title='bbox 3218 1678 3225 1688; x_wconf 86' lang='grc'>.</span> <span class='ocrx_word' id='word_1_307' title='bbox 3411 1679 3419 1691; x_wconf 88' lang='grc'>.</span> <span class='ocrx_word' id='word_1_308' title='bbox 3553 1678 3564 1691; x_wconf 91' lang='grc'><strong><em>,</em></strong></span> <span class='ocrx_word' id='word_1_309' title='bbox 3870 1684 3880 1696; x_wconf 68' lang='grc' dir='ltr'><strong><em>ρ</em></strong></span> <span class='ocrx_word' id='word_1_310' title='bbox 4059 1684 4069 1696; x_wconf 83' lang='grc'><strong>.</strong></span> 
     </span>
     <span class='ocr_line' id='line_1_41' title="bbox 2693 1671 4222 1747; baseline 0.007 -27"><span class='ocrx_word' id='word_1_311' title='bbox 2693 1689 2749 1726; x_wconf 86' lang='grc' dir='ltr'>ε,</span> <span class='ocrx_word' id='word_1_312' title='bbox 2826 1671 2924 1724; x_wconf 75' lang='grc' dir='ltr'>Αλλ</span> <span class='ocrx_word' id='word_1_313' title='bbox 2998 1693 3128 1725; x_wconf 87' lang='grc' dir='ltr'>ουτω</span> <span class='ocrx_word' id='word_1_314' title='bbox 3177 1695 3266 1746; x_wconf 86' lang='grc' dir='ltr'>μεν</span> <span class='ocrx_word' id='word_1_315' title='bbox 3310 1693 3428 1747; x_wconf 86' lang='grc' dir='ltr'>περι</span> <span class='ocrx_word' id='word_1_316' title='bbox 3479 1695 3665 1728; x_wconf 88' lang='grc' dir='ltr'>τουτου</span> <span class='ocrx_word' id='word_1_317' title='bbox 3713 1674 3956 1736; x_wconf 85' lang='grc' dir='ltr'>διενοηθη</span> <span class='ocrx_word' id='word_1_318' title='bbox 3988 1699 4078 1731; x_wconf 90' lang='grc' dir='ltr'>και</span> <span class='ocrx_word' id='word_1_319' title='bbox 4113 1677 4222 1731; x_wconf 82' lang='grc' dir='ltr'>διε-</span> 
     </span>
    </p>
   </div>
   <div class='ocr_carea' id='block_1_41' title="bbox 2621 1759 4228 1834">
    <p class='ocr_par' dir='ltr' id='par_1_41' title="bbox 2621 1759 4228 1834">
     <span class='ocr_line' id='line_1_42' title="bbox 2621 1759 4228 1834; baseline 0.007 -26"><span class='ocrx_word' id='word_1_320' title='bbox 2621 1759 2872 1830; x_wconf 81' lang='grc' dir='ltr'>πράξατο.</span> <span class='ocrx_word' id='word_1_321' title='bbox 2931 1768 3054 1834; x_wconf 82' lang='grc' dir='ltr'>Περὶ</span> <span class='ocrx_word' id='word_1_322' title='bbox 3117 1760 3176 1814; x_wconf 72' lang='grc' dir='ltr'>δὲ</span> <span class='ocrx_word' id='word_1_323' title='bbox 3214 1771 3305 1816; x_wconf 84' lang='grc' dir='ltr'>τοῦ</span> <span class='ocrx_word' id='word_1_324' title='bbox 3350 1764 3532 1815; x_wconf 78' lang='grc' dir='ltr'>λοιποῦ</span> <span class='ocrx_word' id='word_1_325' title='bbox 3581 1765 3826 1833; x_wconf 85' lang='grc' dir='ltr'>πλούτου,</span> <span class='ocrx_word' id='word_1_326' title='bbox 3866 1776 3956 1819; x_wconf 78' lang='grc' dir='ltr'>τοῦ</span> <span class='ocrx_word' id='word_1_327' title='bbox 3985 1771 4054 1829; x_wconf 85' lang='grc' dir='ltr'>ὡς</span> <span class='ocrx_word' id='word_1_328' title='bbox 4103 1767 4228 1826; x_wconf 81' lang='grc' dir='ltr'>ἀλη-</span> 
     </span>
    </p>
   </div>
   <div class='ocr_carea' id='block_1_42' title="bbox 2623 1849 4230 1925">
    <p class='ocr_par' dir='ltr' id='par_1_42' title="bbox 2623 1849 4230 1925">
     <span class='ocr_line' id='line_1_43' title="bbox 2623 1849 4230 1925; baseline 0.006 -26"><span class='ocrx_word' id='word_1_329' title='bbox 2623 1849 2721 1908; x_wconf 81' lang='grc' dir='ltr'>θῶς</span> <span class='ocrx_word' id='word_1_330' title='bbox 2759 1850 3002 1918; x_wconf 78' lang='grc' dir='ltr'>πλουτου,</span> <span class='ocrx_word' id='word_1_331' title='bbox 3036 1857 3124 1904; x_wconf 86' lang='grc' dir='ltr'>καὶ</span> <span class='ocrx_word' id='word_1_332' title='bbox 3164 1858 3235 1923; x_wconf 84' lang='grc' dir='ltr'>μὴ</span> <span class='ocrx_word' id='word_1_333' title='bbox 3286 1849 3705 1925; x_wconf 68' lang='grc' dir='ltr'>διαψευδομένου</span> <span class='ocrx_word' id='word_1_334' title='bbox 3740 1860 3834 1913; x_wconf 79' lang='grc' dir='ltr'>τὴν</span> <span class='ocrx_word' id='word_1_335' title='bbox 3879 1857 4085 1924; x_wconf 82' lang='grc' dir='ltr'>κλῆσιν,</span> <span class='ocrx_word' id='word_1_336' title='bbox 4118 1866 4230 1916; x_wconf 86' lang='grc' dir='ltr'>πῶς</span> 
     </span>
    </p>
   </div>
   <div class='ocr_carea' id='block_1_43' title="bbox 2619 1939 4230 2011">
    <p class='ocr_par' dir='ltr' id='par_1_43' title="bbox 2619 1939 4230 2011">
     <span class='ocr_line' id='line_1_44' title="bbox 2619 1939 4230 2011; baseline 0.006 -24"><span class='ocrx_word' id='word_1_337' title='bbox 2619 1939 2720 2010; x_wconf 75' lang='grc' dir='ltr'>ἄρα</span> <span class='ocrx_word' id='word_1_338' title='bbox 2768 1943 2912 2000; x_wconf 84' lang='grc' dir='ltr'>ζητεῖ</span> <span class='ocrx_word' id='word_1_339' title='bbox 2941 1960 3040 2005; x_wconf 86' lang='grc' dir='ltr'>τις,</span> <span class='ocrx_word' id='word_1_340' title='bbox 3098 1940 3353 2011; x_wconf 74' lang='grc' dir='ltr'>ἐσκέψατο</span> <span class='ocrx_word' id='word_1_341' title='bbox 3389 1959 3400 2008; x_wconf 92' lang='grc'><strong>;</strong></span> <span class='ocrx_word' id='word_1_342' title='bbox 3439 1947 3567 1995; x_wconf 82' lang='grc' dir='ltr'>Δίαν</span> <span class='ocrx_word' id='word_1_343' title='bbox 3602 1953 3839 2006; x_wconf 81' lang='grc' dir='ltr'>συνετῶς,</span> <span class='ocrx_word' id='word_1_344' title='bbox 3896 1950 3985 1996; x_wconf 84' lang='grc' dir='ltr'>καὶ</span> <span class='ocrx_word' id='word_1_345' title='bbox 4033 1949 4101 2007; x_wconf 85' lang='grc' dir='ltr'>ὡς</span> <span class='ocrx_word' id='word_1_346' title='bbox 4134 1947 4230 1997; x_wconf 69' lang='grc' dir='ltr'>οὐκ</span> 
     </span>
    </p>
   </div>
   <div class='ocr_carea' id='block_1_44' title="bbox 2620 2026 4234 2108">
    <p class='ocr_par' dir='ltr' id='par_1_44' title="bbox 2620 2026 4234 2108">
     <span class='ocr_line' id='line_1_45' title="bbox 2620 2026 4234 2108; baseline 0.005 -30"><span class='ocrx_word' id='word_1_347' title='bbox 2620 2026 2784 2087; x_wconf 71' lang='grc' dir='ltr'>ἄλλως</span> <span class='ocrx_word' id='word_1_348' title='bbox 2831 2027 3015 2102; x_wconf 78' lang='grc' dir='ltr'>ἐχρῆν,</span> <span class='ocrx_word' id='word_1_349' title='bbox 3067 2027 3206 2082; x_wconf 77' lang='grc' dir='ltr'>Οὑδε</span> <span class='ocrx_word' id='word_1_350' title='bbox 3244 2033 3346 2104; x_wconf 75' lang='grc' dir='ltr'>γὰρ</span> <span class='ocrx_word' id='word_1_351' title='bbox 3389 2032 3640 2104; x_wconf 78' lang='grc' dir='ltr'>ἠνέσχετο</span> <span class='ocrx_word' id='word_1_352' title='bbox 3672 2037 3742 2105; x_wconf 76' lang='grc' dir='ltr'>μὴ</span> <span class='ocrx_word' id='word_1_353' title='bbox 3797 2039 4041 2108; x_wconf 68' lang='grc' dir='ltr'>παραυτά</span> <span class='ocrx_word' id='word_1_354' title='bbox 4091 2048 4234 2106; x_wconf 71' lang='grc' dir='ltr'>φιλο-</span> 
     </span>
    </p>
   </div>
   <div class='ocr_carea' id='block_1_45' title="bbox 2623 2119 4232 2194">
    <p class='ocr_par' dir='ltr' id='par_1_45' title="bbox 2623 2119 4232 2194">
     <span class='ocr_line' id='line_1_46' title="bbox 2623 2119 4232 2194; baseline 0.005 -27"><span class='ocrx_word' id='word_1_355' title='bbox 2623 2125 2853 2188; x_wconf 80' lang='grc' dir='ltr'>σοφῆσαι</span> <span class='ocrx_word' id='word_1_356' title='bbox 2912 2119 3208 2192; x_wconf 83' lang='grc' dir='ltr'>τελεώτερόν</span> <span class='ocrx_word' id='word_1_357' title='bbox 3268 2139 3320 2172; x_wconf 90' lang='grc' dir='ltr'>τε</span> <span class='ocrx_word' id='word_1_358' title='bbox 3364 2126 3453 2173; x_wconf 86' lang='lat' dir='ltr'>xui</span> <span class='ocrx_word' id='word_1_359' title='bbox 3512 2122 3851 2194; x_wconf 73' lang='grc' dir='ltr'>ὑψηλότερον,</span> <span class='ocrx_word' id='word_1_360' title='bbox 3925 2129 4012 2175; x_wconf 81' lang='grc' dir='ltr'>καὶ</span> <span class='ocrx_word' id='word_1_361' title='bbox 4094 2123 4232 2175; x_wconf 79' lang='grc' dir='ltr'>ἁπο-</span> 
     </span>
    </p>
   </div>
   <div class='ocr_carea' id='block_1_46' title="bbox 2621 2205 4232 2281">
    <p class='ocr_par' dir='ltr' id='par_1_46' title="bbox 2621 2205 4232 2281">
     <span class='ocr_line' id='line_1_47' title="bbox 2621 2205 4232 2281; baseline 0.005 -25"><span class='ocrx_word' id='word_1_362' title='bbox 2621 2206 2830 2280; x_wconf 79' lang='grc' dir='ltr'>στέρξαι</span> <span class='ocrx_word' id='word_1_363' title='bbox 2874 2211 2964 2279; x_wconf 77' lang='grc' dir='ltr'>μὲν</span> <span class='ocrx_word' id='word_1_364' title='bbox 3017 2210 3083 2260; x_wconf 78' lang='grc' dir='ltr'>τὰ</span> <span class='ocrx_word' id='word_1_365' title='bbox 3132 2205 3281 2281; x_wconf 73' lang='grc' dir='ltr'>τῇδε,</span> <span class='ocrx_word' id='word_1_366' title='bbox 3347 2214 3465 2281; x_wconf 88' lang='grc' dir='ltr'>περὶ</span> <span class='ocrx_word' id='word_1_367' title='bbox 3537 2207 3594 2262; x_wconf 71' lang='grc' dir='ltr'>δὲ</span> <span class='ocrx_word' id='word_1_368' title='bbox 3645 2211 3889 2263; x_wconf 77' lang='grc' dir='ltr'>πλείστου</span> <span class='ocrx_word' id='word_1_369' title='bbox 3945 2214 4008 2263; x_wconf 83' lang='grc' dir='ltr'>τὰ</span> <span class='ocrx_word' id='word_1_370' title='bbox 4063 2211 4232 2264; x_wconf 83' lang='grc' dir='ltr'>ἐκεῖσε</span> 
     </span>
    </p>
   </div>
   <div class='ocr_carea' id='block_1_47' title="bbox 2618 2297 4231 2369">
    <p class='ocr_par' dir='ltr' id='par_1_47' title="bbox 2618 2297 4231 2369">
     <span class='ocr_line' id='line_1_48' title="bbox 2618 2297 4231 2369; baseline 0.004 -23"><span class='ocrx_word' id='word_1_371' title='bbox 2618 2298 2967 2352; x_wconf 80' lang='grc' dir='ltr'>ποιήσασθαι.</span> <span class='ocrx_word' id='word_1_372' title='bbox 3010 2297 3208 2369; x_wconf 82' lang='grc' dir='ltr'>Ἀμέλει</span> <span class='ocrx_word' id='word_1_373' title='bbox 3265 2318 3343 2349; x_wconf 90' lang='grc' dir='ltr'>τοι</span> <span class='ocrx_word' id='word_1_374' title='bbox 3382 2302 3467 2350; x_wconf 80' lang='grc' dir='ltr'>καὶ</span> <span class='ocrx_word' id='word_1_375' title='bbox 3522 2302 3645 2351; x_wconf 83' lang='grc' dir='ltr'>ὡσεὶ</span> <span class='ocrx_word' id='word_1_376' title='bbox 3699 2300 3894 2362; x_wconf 85' lang='grc' dir='ltr'>τελείας</span> <span class='ocrx_word' id='word_1_377' title='bbox 3947 2310 4083 2352; x_wconf 78' lang='grc' dir='ltr'>οὐσα</span> <span class='ocrx_word' id='word_1_378' title='bbox 4135 2309 4231 2360; x_wconf 82' lang='grc' dir='ltr'>τῆς</span> 
     </span>
    </p>
   </div>
   <div class='ocr_carea' id='block_1_48' title="bbox 2617 2384 4224 2464">
    <p class='ocr_par' dir='ltr' id='par_1_48' title="bbox 2617 2384 4224 2464">
     <span class='ocr_line' id='line_1_49' title="bbox 2617 2384 4224 2464; baseline 0.004 -29"><span class='ocrx_word' id='word_1_379' title='bbox 2617 2384 2838 2450; x_wconf 79' lang='grc' dir='ltr'>ἡλικίας,</span> <span class='ocrx_word' id='word_1_380' title='bbox 2908 2391 2997 2436; x_wconf 83' lang='grc' dir='ltr'>καὶ</span> <span class='ocrx_word' id='word_1_381' title='bbox 3073 2390 3140 2448; x_wconf 81' lang='grc' dir='ltr'>ὡς</span> <span class='ocrx_word' id='word_1_382' title='bbox 3202 2387 3269 2446; x_wconf 85' lang='grc' dir='ltr'>εἰς</span> <span class='ocrx_word' id='word_1_383' title='bbox 3334 2388 3492 2459; x_wconf 77' lang='grc' dir='ltr'>ἀκρον</span> <span class='ocrx_word' id='word_1_384' title='bbox 3559 2387 3841 2446; x_wconf 86' lang='grc' dir='ltr'>ἐληλακυῖα</span> <span class='ocrx_word' id='word_1_385' title='bbox 3905 2397 4224 2464; x_wconf 78' lang='grc' dir='ltr'>φρονήσεως,</span> 
     </span>
    </p>
   </div>
   <div class='ocr_carea' id='block_1_49' title="bbox 2615 2473 4223 2549">
    <p class='ocr_par' dir='ltr' id='par_1_49' title="bbox 2615 2473 4223 2549">
     <span class='ocr_line' id='line_1_50' title="bbox 2615 2473 4223 2549; baseline 0.004 -25"><span class='ocrx_word' id='word_1_386' title='bbox 2615 2482 2710 2534; x_wconf 86' lang='grc' dir='ltr'>τῆς</span> <span class='ocrx_word' id='word_1_387' title='bbox 2761 2474 2872 2525; x_wconf 85' lang='grc' dir='ltr'>κατ’</span> <span class='ocrx_word' id='word_1_388' title='bbox 2941 2473 3121 2548; x_wconf 78' lang='grc' dir='ltr'>ἀρετὴν</span> <span class='ocrx_word' id='word_1_389' title='bbox 3190 2481 3455 2535; x_wconf 86' lang='grc' dir='ltr'>συντονίας</span> <span class='ocrx_word' id='word_1_390' title='bbox 3507 2476 3565 2526; x_wconf 74' lang='grc' dir='ltr'>οὐ</span> <span class='ocrx_word' id='word_1_391' title='bbox 3623 2479 3940 2549; x_wconf 82' lang='grc' dir='ltr'>καθυφῆκεν,</span> <span class='ocrx_word' id='word_1_392' title='bbox 4001 2477 4108 2530; x_wconf 80' lang='grc' dir='ltr'>ἀλλ’</span> <span class='ocrx_word' id='word_1_393' title='bbox 4167 2477 4223 2530; x_wconf 74' lang='grc' dir='ltr'>ἐκ</span> 
     </span>
    </p>
   </div>
   <div class='ocr_carea' id='block_1_50' title="bbox 2615 2561 4225 2642">
    <p class='ocr_par' dir='ltr' id='par_1_50' title="bbox 2615 2561 4225 2642">
     <span class='ocr_line' id='line_1_51' title="bbox 2615 2561 4225 2642; baseline 0.004 -29"><span class='ocrx_word' id='word_1_394' title='bbox 2615 2572 2712 2613; x_wconf 83' lang='grc' dir='ltr'>τῶν</span> <span class='ocrx_word' id='word_1_395' title='bbox 2768 2561 3224 2638; x_wconf 81' lang='grc' dir='ltr'>ὰρχοειδεστοίτων</span> <span class='ocrx_word' id='word_1_396' title='bbox 3278 2562 3559 2638; x_wconf 80' lang='grc' dir='ltr'>ἀρξαμένη,</span> <span class='ocrx_word' id='word_1_397' title='bbox 3589 2575 3687 2616; x_wconf 85' lang='grc' dir='ltr'>τῶν</span> <span class='ocrx_word' id='word_1_398' title='bbox 3721 2565 4016 2639; x_wconf 77' lang='grc' dir='ltr'>ἀκροτάτων</span> <span class='ocrx_word' id='word_1_399' title='bbox 4057 2571 4225 2642; x_wconf 81' lang='grc' dir='ltr'>μέχρι</span> 
     </span>
    </p>
   </div>
   <div class='ocr_carea' id='block_1_51' title="bbox 2616 2650 4224 2725">
    <p class='ocr_par' dir='ltr' id='par_1_51' title="bbox 2616 2650 4224 2725">
     <span class='ocr_line' id='line_1_52' title="bbox 2616 2650 4224 2725; baseline 0.004 -23"><span class='ocrx_word' id='word_1_400' title='bbox 2616 2652 2845 2724; x_wconf 80' lang='grc' dir='ltr'>ἀφίκετο,</span> <span class='ocrx_word' id='word_1_401' title='bbox 2876 2650 3026 2706; x_wconf 70' lang='grc' dir='ltr'>οὐδὲν</span> <span class='ocrx_word' id='word_1_402' title='bbox 3058 2651 3291 2715; x_wconf 80' lang='grc' dir='ltr'>οὑδόλως</span> <span class='ocrx_word' id='word_1_403' title='bbox 3321 2651 3804 2725; x_wconf 84' lang='grc' dir='ltr'>παραποδισθεῖσα.</span> <span class='ocrx_word' id='word_1_404' title='bbox 3866 2653 3998 2708; x_wconf 73' lang='grc' dir='ltr'>Οὐδ’</span> <span class='ocrx_word' id='word_1_405' title='bbox 4047 2659 4074 2707; x_wconf 87' lang='grc'><em>6</em></span> <span class='ocrx_word' id='word_1_406' title='bbox 4131 2662 4224 2708; x_wconf 81' lang='grc' dir='ltr'>καὶ</span> 
     </span>
    </p>
   </div>
   <div class='ocr_carea' id='block_1_52' title="bbox 2613 2742 4225 2817">
    <p class='ocr_par' dir='ltr' id='par_1_52' title="bbox 2613 2742 4225 2817">
     <span class='ocr_line' id='line_1_53' title="bbox 2613 2742 4225 2817; baseline 0.002 -24"><span class='ocrx_word' id='word_1_407' title='bbox 2613 2742 2836 2802; x_wconf 82' lang='grc' dir='ltr'>τελείους</span> <span class='ocrx_word' id='word_1_408' title='bbox 2866 2745 3000 2794; x_wconf 83' lang='grc' dir='ltr'>κατὰ</span> <span class='ocrx_word' id='word_1_409' title='bbox 3043 2746 3252 2816; x_wconf 74' lang='grc' dir='ltr'>καιροὺς</span> <span class='ocrx_word' id='word_1_410' title='bbox 3301 2742 3487 2814; x_wconf 71' lang='grc' dir='ltr'>ἔσφηλε</span> <span class='ocrx_word' id='word_1_411' title='bbox 3535 2750 3652 2817; x_wconf 84' lang='grc' dir='ltr'>περὶ</span> <span class='ocrx_word' id='word_1_412' title='bbox 3706 2747 3772 2795; x_wconf 85' lang='grc' dir='ltr'>τὰ</span> <span class='ocrx_word' id='word_1_413' title='bbox 3801 2749 3938 2816; x_wconf 81' lang='grc' dir='ltr'>μέσα</span> <span class='ocrx_word' id='word_1_414' title='bbox 3984 2767 3995 2777; x_wconf 88' lang='grc'><strong>·</strong></span> <span class='ocrx_word' id='word_1_415' title='bbox 4049 2751 4140 2797; x_wconf 85' lang='grc' dir='ltr'>καὶ</span> <span class='ocrx_word' id='word_1_416' title='bbox 4189 2743 4225 2796; x_wconf 77' lang='grc' dir='ltr'><strong>ἆ</strong></span> 
     </span>
    </p>
   </div>
   <div class='ocr_carea' id='block_1_53' title="bbox 2615 2828 4224 2906">
    <p class='ocr_par' dir='ltr' id='par_1_53' title="bbox 2615 2828 4224 2906">
     <span class='ocr_line' id='line_1_54' title="bbox 2615 2828 4224 2906; baseline 0.002 -23"><span class='ocrx_word' id='word_1_417' title='bbox 2615 2828 2680 2888; x_wconf 80' lang='grc' dir='ltr'>δὴ</span> <span class='ocrx_word' id='word_1_418' title='bbox 2733 2839 2840 2892; x_wconf 86' lang='grc' dir='ltr'>τοῖς</span> <span class='ocrx_word' id='word_1_419' title='bbox 2896 2830 3098 2891; x_wconf 86' lang='grc' dir='ltr'>πολλοῖς</span> <span class='ocrx_word' id='word_1_420' title='bbox 3132 2833 3258 2905; x_wconf 70' lang='grc' dir='ltr'>ὑπὲρ</span> <span class='ocrx_word' id='word_1_421' title='bbox 3303 2835 3370 2883; x_wconf 81' lang='grc' dir='ltr'>τὰ</span> <span class='ocrx_word' id='word_1_422' title='bbox 3409 2833 3548 2906; x_wconf 78' lang='grc' dir='ltr'>ἄκρα</span> <span class='ocrx_word' id='word_1_423' title='bbox 3589 2838 3889 2904; x_wconf 84' lang='grc' dir='ltr'>νενόμισται</span> <span class='ocrx_word' id='word_1_424' title='bbox 3947 2836 4224 2905; x_wconf 86' lang='grc' dir='ltr'>φθάσασα,</span> 
     </span>
    </p>
   </div>
   <div class='ocr_carea' id='block_1_54' title="bbox 2612 2919 4226 2995">
    <p class='ocr_par' dir='ltr' id='par_1_54' title="bbox 2612 2919 4226 2995">
     <span class='ocr_line' id='line_1_55' title="bbox 2612 2919 4226 2995; baseline 0.002 -23"><span class='ocrx_word' id='word_1_425' title='bbox 2612 2920 2789 2991; x_wconf 78' lang='grc' dir='ltr'>μεῖζόν</span> <span class='ocrx_word' id='word_1_426' title='bbox 2847 2940 2896 2972; x_wconf 90' lang='grc' dir='ltr'>τι</span> <span class='ocrx_word' id='word_1_427' title='bbox 2938 2926 3054 2995; x_wconf 87' lang='grc' dir='ltr'>περὶ</span> <span class='ocrx_word' id='word_1_428' title='bbox 3107 2921 3292 2982; x_wconf 79' lang='grc' dir='ltr'>εαυτῆς</span> <span class='ocrx_word' id='word_1_429' title='bbox 3357 2919 3653 2992; x_wconf 73' lang='grc' dir='ltr'>ἕφαντάσθη</span> <span class='ocrx_word' id='word_1_430' title='bbox 3694 2943 3706 2954; x_wconf 88' lang='grc'><strong>·</strong></span> <span class='ocrx_word' id='word_1_431' title='bbox 3939 2926 4071 2975; x_wconf 78' lang='grc' dir='ltr'>κατὰ</span> <span class='ocrx_word' id='word_1_432' title='bbox 4128 2929 4226 2980; x_wconf 77' lang='grc' dir='ltr'>τήν</span> 
     </span>
    </p>
   </div>
   <div class='ocr_carea' id='block_1_55' title="bbox 849 3006 2620 3089">
    <p class='ocr_par' dir='ltr' id='par_1_55' title="bbox 849 3007 2620 3089">
     <span class='ocr_line' id='line_1_56' title="bbox 849 3007 2620 3089; baseline -0.008 -17"><span class='ocrx_word' id='word_1_433' title='bbox 849 3013 1264 3089; x_wconf 85' lang='lat' dir='ltr'>pulcherrimis</span> <span class='ocrx_word' id='word_1_434' title='bbox 1303 3008 1578 3081; x_wconf 90' lang='lat' dir='ltr'>ejusdem</span> <span class='ocrx_word' id='word_1_435' title='bbox 1628 3007 1805 3062; x_wconf 90' lang='lat' dir='ltr'>initiis</span> <span class='ocrx_word' id='word_1_436' title='bbox 1863 3011 1918 3062; x_wconf 89' lang='lat' dir='ltr'>et</span> <span class='ocrx_word' id='word_1_437' title='bbox 1950 3007 2081 3078; x_wconf 90' lang='lat' dir='ltr'>ipsa</span> <span class='ocrx_word' id='word_1_438' title='bbox 2121 3022 2365 3061; x_wconf 92' lang='lat' dir='ltr'>sumens</span> <span class='ocrx_word' id='word_1_439' title='bbox 2396 3007 2506 3062; x_wconf 93' lang='lat' dir='ltr'>ini-</span> <span class='ocrx_word' id='word_1_440' title='bbox 2543 3021 2582 3074; x_wconf 74' lang='grc' dir='ltr'>ρ</span> <span class='ocrx_word' id='word_1_441' title='bbox 2614 3033 2620 3057; x_wconf 73' lang='grc' dir='ltr'>ι</span> 
     </span>
    </p>
   </div>
   <div class='ocr_carea' id='block_1_56' title="bbox 2457 3006 4228 3089">
    <p class='ocr_par' dir='ltr' id='par_1_56' title="bbox 2461 3006 4228 3085">
     <span class='ocr_line' id='line_1_57' title="bbox 2461 3006 4228 3085; baseline 0.002 -24"><span class='ocrx_word' id='word_1_442' title='bbox 2461 3008 2506 3062; x_wconf 89' lang='lat' dir='ltr'>i-</span> <span class='ocrx_word' id='word_1_443' title='bbox 2543 3021 2582 3074; x_wconf 83' lang='lat' dir='ltr'><strong>C</strong></span> <span class='ocrx_word' id='word_1_444' title='bbox 2614 3006 2933 3067; x_wconf 80' lang='grc' dir='ltr'>δεσποτικὴν</span> <span class='ocrx_word' id='word_1_445' title='bbox 2989 3007 3082 3062; x_wconf 80' lang='grc' dir='ltr'>διὰ</span> <span class='ocrx_word' id='word_1_446' title='bbox 3148 3013 3340 3070; x_wconf 88' lang='grc' dir='ltr'>παντὸς</span> <span class='ocrx_word' id='word_1_447' title='bbox 3396 3016 3697 3083; x_wconf 71' lang='grc' dir='ltr'>προσταγὴν</span> <span class='ocrx_word' id='word_1_448' title='bbox 3753 3011 3973 3085; x_wconf 82' lang='grc' dir='ltr'>ἀχρείαν</span> <span class='ocrx_word' id='word_1_449' title='bbox 4037 3013 4228 3071; x_wconf 74' lang='grc' dir='ltr'>ἑαυτὴν</span> 
     </span>
    </p>
   </div>
   <div class='ocr_carea' id='block_1_57' title="bbox 848 3095 2504 3176">
    <p class='ocr_par' dir='ltr' id='par_1_57' title="bbox 848 3095 2504 3176">
     <span class='ocr_line' id='line_1_58' title="bbox 848 3095 2504 3176; baseline -0.005 -15"><span class='ocrx_word' id='word_1_450' title='bbox 848 3106 1016 3176; x_wconf 88' lang='lat' dir='ltr'>tium,</span> <span class='ocrx_word' id='word_1_451' title='bbox 1067 3103 1144 3159; x_wconf 90' lang='lat' dir='ltr'>ad</span> <span class='ocrx_word' id='word_1_452' title='bbox 1185 3116 1492 3156; x_wconf 90' lang='lat' dir='ltr'>summum</span> <span class='ocrx_word' id='word_1_453' title='bbox 1533 3096 1781 3153; x_wconf 90' lang='lat' dir='ltr'>tandem</span> <span class='ocrx_word' id='word_1_454' title='bbox 1829 3095 2211 3168; x_wconf 88' lang='lat' dir='ltr'>perfectionis</span> <span class='ocrx_word' id='word_1_455' title='bbox 2265 3096 2504 3152; x_wconf 91' lang='lat' dir='ltr'>culmen</span> 
     </span>
    </p>
   </div>
   <div class='ocr_carea' id='block_1_58' title="bbox 847 3186 2505 3266">
    <p class='ocr_par' dir='ltr' id='par_1_58' title="bbox 847 3186 2505 3266">
     <span class='ocr_line' id='line_1_59' title="bbox 847 3186 2505 3266; baseline -0.005 -17"><span class='ocrx_word' id='word_1_456' title='bbox 847 3191 1168 3266; x_wconf 88' lang='lat' dir='ltr'>pertigerit.</span> <span class='ocrx_word' id='word_1_457' title='bbox 1205 3189 1356 3246; x_wconf 84' lang='lat' dir='ltr'>Nihil</span> <span class='ocrx_word' id='word_1_458' title='bbox 1385 3187 1618 3243; x_wconf 90' lang='lat' dir='ltr'>interim</span> <span class='ocrx_word' id='word_1_459' title='bbox 1653 3187 1714 3241; x_wconf 91' lang='lat' dir='ltr'>in</span> <span class='ocrx_word' id='word_1_460' title='bbox 1766 3186 2048 3240; x_wconf 89' lang='lat' dir='ltr'>virtutum</span> <span class='ocrx_word' id='word_1_461' title='bbox 2102 3201 2280 3240; x_wconf 91' lang='lat' dir='ltr'>cursu</span> <span class='ocrx_word' id='word_1_462' title='bbox 2327 3193 2505 3242; x_wconf 86' lang='lat' dir='ltr'>nacta</span> 
     </span>
    </p>
   </div>
   <div class='ocr_carea' id='block_1_59' title="bbox 845 3273 2504 3354">
    <p class='ocr_par' dir='ltr' id='par_1_59' title="bbox 845 3273 2504 3354">
     <span class='ocr_line' id='line_1_60' title="bbox 845 3273 2504 3354; baseline -0.004 -16"><span class='ocrx_word' id='word_1_463' title='bbox 845 3279 1275 3354; x_wconf 89' lang='lat' dir='ltr'>impedimenti,</span> <span class='ocrx_word' id='word_1_464' title='bbox 1291 3294 1401 3333; x_wconf 90' lang='lat' dir='ltr'>nec</span> <span class='ocrx_word' id='word_1_465' title='bbox 1422 3276 1579 3331; x_wconf 92' lang='lat' dir='ltr'>circa</span> <span class='ocrx_word' id='word_1_466' title='bbox 1600 3279 1904 3347; x_wconf 90' lang='lat' dir='ltr'>postrema</span> <span class='ocrx_word' id='word_1_467' title='bbox 1928 3273 2059 3330; x_wconf 67' lang='lat' dir='ltr'>vita:</span> <span class='ocrx_word' id='word_1_468' title='bbox 2083 3291 2209 3330; x_wconf 55' lang='lat' dir='ltr'>suae</span> <span class='ocrx_word' id='word_1_469' title='bbox 2233 3280 2504 3347; x_wconf 89' lang='lat' dir='ltr'>tempora</span> 
     </span>
    </p>
   </div>
   <div class='ocr_carea' id='block_1_60' title="bbox 843 3363 2496 3443">
    <p class='ocr_par' dir='ltr' id='par_1_60' title="bbox 843 3363 2496 3443">
     <span class='ocr_line' id='line_1_61' title="bbox 843 3363 2496 3443; baseline -0.003 -17"><span class='ocrx_word' id='word_1_470' title='bbox 843 3372 913 3426; x_wconf 91' lang='lat' dir='ltr'>iis</span> <span class='ocrx_word' id='word_1_471' title='bbox 945 3386 1081 3443; x_wconf 79' lang='lat' dir='ltr'>quae</span> <span class='ocrx_word' id='word_1_472' title='bbox 1113 3372 1249 3424; x_wconf 89' lang='lat' dir='ltr'>ante</span> <span class='ocrx_word' id='word_1_473' title='bbox 1281 3370 1485 3436; x_wconf 89' lang='lat' dir='ltr'>egerat</span> <span class='ocrx_word' id='word_1_474' title='bbox 1512 3363 1815 3420; x_wconf 88' lang='lat' dir='ltr'>maculam</span> <span class='ocrx_word' id='word_1_475' title='bbox 1859 3363 2044 3418; x_wconf 88' lang='lat' dir='ltr'>ullam</span> <span class='ocrx_word' id='word_1_476' title='bbox 2076 3363 2275 3419; x_wconf 87' lang='lat' dir='ltr'>inferri</span> <span class='ocrx_word' id='word_1_477' title='bbox 2298 3380 2496 3437; x_wconf 91' lang='lat' dir='ltr'>passa,</span> 
     </span>
    </p>
   </div>
   <div class='ocr_carea' id='block_1_61' title="bbox 840 3452 2500 3532">
    <p class='ocr_par' dir='ltr' id='par_1_61' title="bbox 840 3452 2500 3532">
     <span class='ocr_line' id='line_1_62' title="bbox 840 3452 2500 3532; baseline -0.003 -17"><span class='ocrx_word' id='word_1_478' title='bbox 840 3476 977 3532; x_wconf 67' lang='lat' dir='ltr'>quae</span> <span class='ocrx_word' id='word_1_479' title='bbox 998 3457 1200 3514; x_wconf 90' lang='lat' dir='ltr'>multis</span> <span class='ocrx_word' id='word_1_480' title='bbox 1221 3457 1346 3527; x_wconf 90' lang='lat' dir='ltr'>jam</span> <span class='ocrx_word' id='word_1_481' title='bbox 1375 3460 1501 3510; x_wconf 92' lang='lat' dir='ltr'>tum</span> <span class='ocrx_word' id='word_1_482' title='bbox 1528 3452 1854 3525; x_wconf 89' lang='lat' dir='ltr'>putabatur</span> <span class='ocrx_word' id='word_1_483' title='bbox 1876 3452 1952 3508; x_wconf 93' lang='lat' dir='ltr'>ad</span> <span class='ocrx_word' id='word_1_484' title='bbox 1977 3469 2217 3508; x_wconf 91' lang='lat' dir='ltr'>summa</span> <span class='ocrx_word' id='word_1_485' title='bbox 2243 3469 2500 3526; x_wconf 65' lang='lat' dir='ltr'>quaeque</span> 
     </span>
    </p>
   </div>
   <div class='ocr_carea' id='block_1_62' title="bbox 839 3541 2498 3618">
    <p class='ocr_par' dir='ltr' id='par_1_62' title="bbox 839 3541 2498 3618">
     <span class='ocr_line' id='line_1_63' title="bbox 839 3541 2498 3618; baseline -0.004 -14"><span class='ocrx_word' id='word_1_486' title='bbox 839 3547 1136 3605; x_wconf 85' lang='lat' dir='ltr'>curriculo</span> <span class='ocrx_word' id='word_1_487' title='bbox 1163 3544 1524 3618; x_wconf 87' lang='lat' dir='ltr'>pervenisse,</span> <span class='ocrx_word' id='word_1_488' title='bbox 1559 3557 1852 3612; x_wconf 88' lang='lat' dir='ltr'>magnum</span> <span class='ocrx_word' id='word_1_489' title='bbox 1883 3541 2029 3596; x_wconf 89' lang='lat' dir='ltr'>nihil</span> <span class='ocrx_word' id='word_1_490' title='bbox 2049 3541 2124 3596; x_wconf 93' lang='lat' dir='ltr'>de</span> <span class='ocrx_word' id='word_1_491' title='bbox 2156 3557 2218 3596; x_wconf 89' lang='lat' dir='ltr'>se</span> <span class='ocrx_word' id='word_1_492' title='bbox 2238 3542 2348 3597; x_wconf 91' lang='lat' dir='ltr'>sibi</span> <span class='ocrx_word' id='word_1_493' title='bbox 2367 3559 2498 3614; x_wconf 91' lang='lat' dir='ltr'>per-</span> 
     </span>
    </p>
   </div>
   <div class='ocr_carea' id='block_1_63' title="bbox 840 3629 2497 3707">
    <p class='ocr_par' dir='ltr' id='par_1_63' title="bbox 840 3629 2497 3707">
     <span class='ocr_line' id='line_1_64' title="bbox 840 3629 2497 3707; baseline -0.003 -15"><span class='ocrx_word' id='word_1_494' title='bbox 840 3636 1026 3693; x_wconf 88' lang='lat' dir='ltr'>suasit</span> <span class='ocrx_word' id='word_1_495' title='bbox 1058 3652 1070 3700; x_wconf 94' lang='lat'><strong>;</strong></span> <span class='ocrx_word' id='word_1_496' title='bbox 1103 3635 1248 3707; x_wconf 85' lang='lat' dir='ltr'>quin</span> <span class='ocrx_word' id='word_1_497' title='bbox 1276 3633 1474 3706; x_wconf 89' lang='lat' dir='ltr'>potius</span> <span class='ocrx_word' id='word_1_498' title='bbox 1500 3630 1832 3686; x_wconf 89' lang='lat' dir='ltr'>secundum</span> <span class='ocrx_word' id='word_1_499' title='bbox 1864 3629 1924 3684; x_wconf 92' lang='lat' dir='ltr'>id</span> <span class='ocrx_word' id='word_1_500' title='bbox 1956 3629 2122 3701; x_wconf 90' lang='lat' dir='ltr'>quod</span> <span class='ocrx_word' id='word_1_501' title='bbox 2150 3645 2186 3685; x_wconf 86' lang='lat' dir='ltr'>a</span> <span class='ocrx_word' id='word_1_502' title='bbox 2242 3632 2497 3688; x_wconf 90' lang='lat' dir='ltr'>Domino</span> 
     </span>
    </p>
   </div>
   <div class='ocr_carea' id='block_1_64' title="bbox 837 3719 2494 3795">
    <p class='ocr_par' dir='ltr' id='par_1_64' title="bbox 837 3719 2494 3795">
     <span class='ocr_line' id='line_1_65' title="bbox 837 3719 2494 3795; baseline -0.002 -14"><span class='ocrx_word' id='word_1_503' title='bbox 837 3724 1121 3782; x_wconf 92' lang='lat' dir='ltr'>inculcari</span> <span class='ocrx_word' id='word_1_504' title='bbox 1150 3723 1338 3795; x_wconf 89' lang='lat' dir='ltr'>probe</span> <span class='ocrx_word' id='word_1_505' title='bbox 1367 3725 1635 3784; x_wconf 88' lang='lat' dir='ltr'>noverat,</span> <span class='ocrx_word' id='word_1_506' title='bbox 1661 3720 1952 3774; x_wconf 87' lang='lat' dir='ltr'>famulam</span> <span class='ocrx_word' id='word_1_507' title='bbox 1986 3735 2050 3773; x_wconf 92' lang='lat' dir='ltr'>se</span> <span class='ocrx_word' id='word_1_508' title='bbox 2073 3719 2331 3776; x_wconf 91' lang='lat' dir='ltr'>ducebat</span> <span class='ocrx_word' id='word_1_509' title='bbox 2360 3722 2494 3777; x_wconf 91' lang='lat' dir='ltr'>inu-</span> 
     </span>
    </p>
   </div>
   <div class='ocr_carea' id='block_1_65' title="bbox 2615 3096 4225 3173">
    <p class='ocr_par' dir='ltr' id='par_1_65' title="bbox 2615 3096 4225 3173">
     <span class='ocr_line' id='line_1_66' title="bbox 2615 3096 4225 3173; baseline 0.002 -23"><span class='ocrx_word' id='word_1_510' title='bbox 2615 3096 2806 3157; x_wconf 79' lang='grc' dir='ltr'>δόὺλην</span> <span class='ocrx_word' id='word_1_511' title='bbox 2838 3099 3061 3172; x_wconf 80' lang='grc' dir='ltr'>ἐνόμιζε,</span> <span class='ocrx_word' id='word_1_512' title='bbox 3104 3104 3194 3150; x_wconf 88' lang='grc' dir='ltr'>καί</span> <span class='ocrx_word' id='word_1_513' title='bbox 3242 3103 3310 3160; x_wconf 88' lang='grc' dir='ltr'>ὡς</span> <span class='ocrx_word' id='word_1_514' title='bbox 3367 3096 3518 3151; x_wconf 69' lang='grc' dir='ltr'>οὐδὲν</span> <span class='ocrx_word' id='word_1_515' title='bbox 3567 3097 3811 3172; x_wconf 74' lang='grc' dir='ltr'>οὐδαμῶς</span> <span class='ocrx_word' id='word_1_516' title='bbox 3868 3110 3969 3152; x_wconf 86' lang='grc' dir='ltr'>τῶν</span> <span class='ocrx_word' id='word_1_517' title='bbox 4015 3102 4225 3173; x_wconf 81' lang='grc' dir='ltr'>ὄφειλο-</span> 
     </span>
    </p>
   </div>
   <div class='ocr_carea' id='block_1_66' title="bbox 2611 3186 4232 3262">
    <p class='ocr_par' dir='ltr' id='par_1_66' title="bbox 2611 3186 4232 3262">
     <span class='ocr_line' id='line_1_67' title="bbox 2611 3186 4232 3262; baseline 0.002 -23"><span class='ocrx_word' id='word_1_518' title='bbox 2611 3193 2772 3259; x_wconf 83' lang='grc' dir='ltr'>μένων</span> <span class='ocrx_word' id='word_1_519' title='bbox 2828 3187 3163 3245; x_wconf 79' lang='grc' dir='ltr'>ἐκπλήσασαν</span> <span class='ocrx_word' id='word_1_520' title='bbox 3221 3186 3505 3248; x_wconf 75' lang='grc' dir='ltr'>ἐταλάνιζε·</span> <span class='ocrx_word' id='word_1_521' title='bbox 3557 3191 3689 3240; x_wconf 80' lang='grc' dir='ltr'>κατά</span> <span class='ocrx_word' id='word_1_522' title='bbox 3726 3207 3781 3241; x_wconf 81' lang='grc' dir='ltr'>τε</span> <span class='ocrx_word' id='word_1_523' title='bbox 3827 3195 3923 3246; x_wconf 81' lang='grc' dir='ltr'>τὴν</span> <span class='ocrx_word' id='word_1_524' title='bbox 3982 3197 4075 3241; x_wconf 82' lang='grc' dir='ltr'>τοῦ</span> <span class='ocrx_word' id='word_1_525' title='bbox 4129 3211 4232 3262; x_wconf 87' lang='grc' dir='ltr'>μα-</span> 
     </span>
    </p>
   </div>
   <div class='ocr_carea' id='block_1_67' title="bbox 2610 3277 4232 3351">
    <p class='ocr_par' dir='ltr' id='par_1_67' title="bbox 2610 3277 4232 3351">
     <span class='ocr_line' id='line_1_68' title="bbox 2610 3277 4232 3351; baseline 0.002 -24"><span class='ocrx_word' id='word_1_526' title='bbox 2610 3282 2798 3351; x_wconf 87' lang='grc' dir='ltr'>καρίου</span> <span class='ocrx_word' id='word_1_527' title='bbox 2844 3277 3050 3329; x_wconf 82' lang='grc' dir='ltr'>Παύλου</span> <span class='ocrx_word' id='word_1_528' title='bbox 3112 3278 3249 3328; x_wconf 89' lang='grc' dir='ltr'>θείαν</span> <span class='ocrx_word' id='word_1_529' title='bbox 3293 3283 3383 3328; x_wconf 83' lang='grc' dir='ltr'>καὶ</span> <span class='ocrx_word' id='word_1_530' title='bbox 3441 3282 3721 3349; x_wconf 82' lang='grc' dir='ltr'>σωτήριον,</span> <span class='ocrx_word' id='word_1_531' title='bbox 3776 3280 4070 3344; x_wconf 77' lang='grc' dir='ltr'>ὑποθήκην,</span> <span class='ocrx_word' id='word_1_532' title='bbox 4114 3278 4232 3330; x_wconf 75' lang='grc' dir='ltr'>ἐπι-</span> 
     </span>
    </p>
   </div>
   <div class='ocr_carea' id='block_1_68' title="bbox 2609 3365 4232 3439">
    <p class='ocr_par' dir='ltr' id='par_1_68' title="bbox 2609 3365 4232 3439">
     <span class='ocr_line' id='line_1_69' title="bbox 2609 3365 4232 3439; baseline 0.002 -22"><span class='ocrx_word' id='word_1_533' title='bbox 2609 3366 2954 3438; x_wconf 84' lang='grc' dir='ltr'>λανθανομένη</span> <span class='ocrx_word' id='word_1_534' title='bbox 3023 3375 3121 3418; x_wconf 87' lang='grc' dir='ltr'>τῶν</span> <span class='ocrx_word' id='word_1_535' title='bbox 3203 3368 3435 3431; x_wconf 81' lang='grc' dir='ltr'>ὄπισθεν,</span> <span class='ocrx_word' id='word_1_536' title='bbox 3494 3365 3877 3418; x_wconf 84' lang='grc' dir='ltr'>ἐπεκτείνεσθαι</span> <span class='ocrx_word' id='word_1_537' title='bbox 3952 3375 4063 3429; x_wconf 87' lang='grc' dir='ltr'>τοῖς</span> <span class='ocrx_word' id='word_1_538' title='bbox 4134 3372 4232 3439; x_wconf 84' lang='grc' dir='ltr'>ἔμ-</span> 
     </span>
    </p>
   </div>
   <div class='ocr_carea' id='block_1_69' title="bbox 2608 3451 4215 3530">
    <p class='ocr_par' dir='ltr' id='par_1_69' title="bbox 2608 3451 4215 3530">
     <span class='ocr_line' id='line_1_70' title="bbox 2608 3451 4215 3530; baseline 0.001 -23"><span class='ocrx_word' id='word_1_539' title='bbox 2608 3458 2830 3530; x_wconf 88' lang='grc' dir='ltr'>προσθεν</span> <span class='ocrx_word' id='word_1_540' title='bbox 2883 3451 3153 3520; x_wconf 81' lang='grc' dir='ltr'>ἔσπευδεν,</span> <span class='ocrx_word' id='word_1_541' title='bbox 3207 3453 3484 3530; x_wconf 78' lang='grc' dir='ltr'>ἐγκρατείᾳ</span> <span class='ocrx_word' id='word_1_542' title='bbox 3543 3459 3600 3506; x_wconf 88' lang='grc' dir='ltr'>τό</span> <span class='ocrx_word' id='word_1_543' title='bbox 3654 3463 3808 3528; x_wconf 87' lang='grc' dir='ltr'>σῶμα</span> <span class='ocrx_word' id='word_1_544' title='bbox 3861 3461 4215 3528; x_wconf 71' lang='grc' dir='ltr'>μαραίνουσα,</span> 
     </span>
    </p>
   </div>
   <div class='ocr_carea' id='block_1_70' title="bbox 2609 3541 4220 3617">
    <p class='ocr_par' dir='ltr' id='par_1_70' title="bbox 2609 3541 4220 3617">
     <span class='ocr_line' id='line_1_71' title="bbox 2609 3541 4220 3617; baseline 0.002 -22"><span class='ocrx_word' id='word_1_545' title='bbox 2609 3542 2918 3616; x_wconf 70' lang='grc' dir='ltr'>ἀγρυπνίαις</span> <span class='ocrx_word' id='word_1_546' title='bbox 2994 3541 3345 3606; x_wconf 75' lang='grc' dir='ltr'>ἀδιαλείπτως</span> <span class='ocrx_word' id='word_1_547' title='bbox 3419 3545 3732 3617; x_wconf 78' lang='grc' dir='ltr'>ἐμμένουσα,</span> <span class='ocrx_word' id='word_1_548' title='bbox 3805 3542 4059 3606; x_wconf 73' lang='grc' dir='ltr'>διηνεκεῖς</span> <span class='ocrx_word' id='word_1_549' title='bbox 4121 3550 4220 3609; x_wconf 85' lang='grc' dir='ltr'>τὰς</span> 
     </span>
    </p>
   </div>
   <div class='ocr_carea' id='block_1_71' title="bbox 2608 3635 4221 3708">
    <p class='ocr_par' dir='ltr' id='par_1_71' title="bbox 2608 3635 4221 3708">
     <span class='ocr_line' id='line_1_72' title="bbox 2608 3635 4221 3708; baseline 0.002 -22"><span class='ocrx_word' id='word_1_550' title='bbox 2608 3639 2738 3708; x_wconf 83' lang='grc' dir='ltr'>πρὸς</span> <span class='ocrx_word' id='word_1_551' title='bbox 2778 3639 2905 3687; x_wconf 86' lang='grc' dir='ltr'>Θεόν</span> <span class='ocrx_word' id='word_1_552' title='bbox 2988 3636 3253 3708; x_wconf 84' lang='grc' dir='ltr'>ἱκετηρίας</span> <span class='ocrx_word' id='word_1_553' title='bbox 3304 3640 3610 3706; x_wconf 76' lang='grc' dir='ltr'>ποιουμένη,</span> <span class='ocrx_word' id='word_1_554' title='bbox 3675 3640 3764 3686; x_wconf 79' lang='grc' dir='ltr'>καὶ</span> <span class='ocrx_word' id='word_1_555' title='bbox 3817 3635 3907 3693; x_wconf 84' lang='grc' dir='ltr'>ὅλη</span> <span class='ocrx_word' id='word_1_556' title='bbox 3969 3637 4221 3700; x_wconf 77' lang='grc' dir='ltr'>καθάπαξ</span> 
     </span>
    </p>
   </div>
   <div class='ocr_carea' id='block_1_72' title="bbox 2602 3727 3314 3796">
    <p class='ocr_par' dir='ltr' id='par_1_72' title="bbox 2602 3727 3314 3796">
     <span class='ocr_line' id='line_1_73' title="bbox 2602 3727 3314 3796; baseline 0.006 -22"><span class='ocrx_word' id='word_1_557' title='bbox 2602 3728 2842 3795; x_wconf 75' lang='grc' dir='ltr'>’γινομένη</span> <span class='ocrx_word' id='word_1_558' title='bbox 2877 3731 2967 3774; x_wconf 83' lang='grc' dir='ltr'>τοῦ</span> <span class='ocrx_word' id='word_1_559' title='bbox 3001 3727 3314 3796; x_wconf 89' lang='grc' dir='ltr'>κρείττονος.</span> 
     </span>
    </p>
   </div>
   <div class='ocr_carea' id='block_1_73' title="bbox 835 3807 4214 3883">
    <p class='ocr_par' dir='ltr' id='par_1_73' title="bbox 835 3807 4214 3883">
     <span class='ocr_line' id='line_1_74' title="bbox 835 3807 4214 3883; baseline 0 -14"><span class='ocrx_word' id='word_1_560' title='bbox 835 3814 998 3869; x_wconf 92' lang='lat' dir='ltr'>tilem</span> <span class='ocrx_word' id='word_1_561' title='bbox 1033 3828 1046 3877; x_wconf 86' lang='lat'><strong>;</strong></span> <span class='ocrx_word' id='word_1_562' title='bbox 1080 3816 1133 3867; x_wconf 93' lang='lat' dir='ltr'>et</span> <span class='ocrx_word' id='word_1_563' title='bbox 1174 3810 1354 3866; x_wconf 88' lang='lat' dir='ltr'>veluti</span> <span class='ocrx_word' id='word_1_564' title='bbox 1397 3808 1541 3864; x_wconf 88' lang='lat' dir='ltr'>nihil</span> <span class='ocrx_word' id='word_1_565' title='bbox 1589 3809 1838 3863; x_wconf 91' lang='lat' dir='ltr'>omnino</span> <span class='ocrx_word' id='word_1_566' title='bbox 1868 3807 2035 3879; x_wconf 87' lang='lat' dir='ltr'>quod</span> <span class='ocrx_word' id='word_1_567' title='bbox 2066 3808 2144 3862; x_wconf 90' lang='lat' dir='ltr'>ad</span> <span class='ocrx_word' id='word_1_568' title='bbox 2176 3808 2509 3878; x_wconf 89' lang='lat' dir='ltr'>profectum</span> <span class='ocrx_word' id='word_1_569' title='bbox 2545 3828 2725 3867; x_wconf 92' lang='lat' dir='ltr'>suum</span> <span class='ocrx_word' id='word_1_570' title='bbox 2772 3814 2992 3868; x_wconf 90' lang='lat' dir='ltr'>faceret</span> <span class='ocrx_word' id='word_1_571' title='bbox 3037 3813 3380 3883; x_wconf 87' lang='lat' dir='ltr'>peregisset,</span> <span class='ocrx_word' id='word_1_572' title='bbox 3414 3812 3698 3868; x_wconf 90' lang='lat' dir='ltr'>miseram</span> <span class='ocrx_word' id='word_1_573' title='bbox 3725 3829 3787 3868; x_wconf 92' lang='lat' dir='ltr'>se</span> <span class='ocrx_word' id='word_1_574' title='bbox 3814 3818 3870 3868; x_wconf 91' lang='lat' dir='ltr'>et</span> <span class='ocrx_word' id='word_1_575' title='bbox 3906 3812 4214 3870; x_wconf 86' lang='lat' dir='ltr'>bonorum</span> 
     </span>
    </p>
   </div>
   <div class='ocr_carea' id='block_1_74' title="bbox 837 3895 4219 3974">
    <p class='ocr_par' dir='ltr' id='par_1_74' title="bbox 837 3895 4219 3974">
     <span class='ocr_line' id='line_1_75' title="bbox 837 3895 4219 3974; baseline 0 -17"><span class='ocrx_word' id='word_1_576' title='bbox 837 3917 1090 3974; x_wconf 88' lang='lat' dir='ltr'>operum</span> <span class='ocrx_word' id='word_1_577' title='bbox 1111 3900 1354 3971; x_wconf 91' lang='lat' dir='ltr'>inopem</span> <span class='ocrx_word' id='word_1_578' title='bbox 1380 3895 1700 3969; x_wconf 88' lang='lat' dir='ltr'>reputabat</span> <span class='ocrx_word' id='word_1_579' title='bbox 1733 3915 1744 3963; x_wconf 91' lang='lat'>;</span> <span class='ocrx_word' id='word_1_580' title='bbox 1769 3911 2057 3964; x_wconf 90' lang='lat' dir='ltr'>nec,non,</span> <span class='ocrx_word' id='word_1_581' title='bbox 2085 3897 2420 3952; x_wconf 91' lang='lat' dir='ltr'>secundum</span> <span class='ocrx_word' id='word_1_582' title='bbox 2441 3899 2708 3955; x_wconf 86' lang='lat' dir='ltr'>divinam</span> <span class='ocrx_word' id='word_1_583' title='bbox 2733 3907 2790 3955; x_wconf 89' lang='lat' dir='ltr'>et</span> <span class='ocrx_word' id='word_1_584' title='bbox 2813 3900 3140 3956; x_wconf 88' lang='lat' dir='ltr'>salutarem</span> <span class='ocrx_word' id='word_1_585' title='bbox 3173 3900 3335 3955; x_wconf 89' lang='lat' dir='ltr'>Pauli</span> <span class='ocrx_word' id='word_1_586' title='bbox 3353 3901 3847 3970; x_wconf 87' lang='lat' dir='ltr'>admonitionem,</span> <span class='ocrx_word' id='word_1_587' title='bbox 3877 3917 4012 3973; x_wconf 64' lang='lat' dir='ltr'>quae</span> <span class='ocrx_word' id='word_1_588' title='bbox 4056 3910 4219 3958; x_wconf 82' lang='lat' dir='ltr'>retro</span> 
     </span>
    </p>
   </div>
   <div class='ocr_carea' id='block_1_75' title="bbox 836 3985 4216 4065">
    <p class='ocr_par' dir='ltr' id='par_1_75' title="bbox 836 3985 4216 4065">
     <span class='ocr_line' id='line_1_76' title="bbox 836 3985 4216 4065; baseline 0.001 -20"><span class='ocrx_word' id='word_1_589' title='bbox 836 3995 1006 4046; x_wconf 90' lang='lat' dir='ltr'>erant</span> <span class='ocrx_word' id='word_1_590' title='bbox 1026 3988 1410 4055; x_wconf 80' lang='lat' dir='ltr'>obliviscens,</span> <span class='ocrx_word' id='word_1_591' title='bbox 1445 3985 1522 4042; x_wconf 90' lang='lat' dir='ltr'>ad</span> <span class='ocrx_word' id='word_1_592' title='bbox 1552 3985 1853 4040; x_wconf 90' lang='lat' dir='ltr'>anteriora</span> <span class='ocrx_word' id='word_1_593' title='bbox 1902 4000 1964 4039; x_wconf 93' lang='lat' dir='ltr'>se</span> <span class='ocrx_word' id='word_1_594' title='bbox 1999 3985 2358 4041; x_wconf 83' lang='lat' dir='ltr'>extendebat</span> <span class='ocrx_word' id='word_1_595' title='bbox 2388 4005 2401 4053; x_wconf 88' lang='lat'><strong>;</strong></span> <span class='ocrx_word' id='word_1_596' title='bbox 2436 3987 2919 4062; x_wconf 88' lang='lat' dir='ltr'>abstinentiaque</span> <span class='ocrx_word' id='word_1_597' title='bbox 2951 4005 3171 4061; x_wconf 92' lang='lat' dir='ltr'>corpus</span> <span class='ocrx_word' id='word_1_598' title='bbox 3204 4006 3380 4044; x_wconf 91' lang='lat' dir='ltr'>suum</span> <span class='ocrx_word' id='word_1_599' title='bbox 3409 4005 3785 4057; x_wconf 89' lang='lat' dir='ltr'>emacerans,</span> <span class='ocrx_word' id='word_1_600' title='bbox 3808 3995 3866 4045; x_wconf 90' lang='lat' dir='ltr'>et</span> <span class='ocrx_word' id='word_1_601' title='bbox 3893 4007 4216 4065; x_wconf 89' lang='lat' dir='ltr'>nunquam</span> 
     </span>
    </p>
   </div>
   <div class='ocr_carea' id='block_1_76' title="bbox 836 4073 3966 4150">
    <p class='ocr_par' dir='ltr' id='par_1_76' title="bbox 836 4073 3966 4150">
     <span class='ocr_line' id='line_1_77' title="bbox 836 4073 3966 4150; baseline 0 -15"><span class='ocrx_word' id='word_1_602' title='bbox 836 4095 958 4135; x_wconf 92' lang='lat' dir='ltr'>non</span> <span class='ocrx_word' id='word_1_603' title='bbox 987 4077 1204 4149; x_wconf 88' lang='lat' dir='ltr'>vigiliis</span> <span class='ocrx_word' id='word_1_604' title='bbox 1222 4093 1282 4132; x_wconf 91' lang='lat' dir='ltr'>se</span> <span class='ocrx_word' id='word_1_605' title='bbox 1310 4091 1616 4142; x_wconf 83' lang='lat' dir='ltr'>exercens,</span> <span class='ocrx_word' id='word_1_606' title='bbox 1659 4079 1836 4146; x_wconf 90' lang='lat' dir='ltr'>atque</span> <span class='ocrx_word' id='word_1_607' title='bbox 1869 4073 2153 4130; x_wconf 89' lang='lat' dir='ltr'>assiduas</span> <span class='ocrx_word' id='word_1_608' title='bbox 2177 4077 2294 4130; x_wconf 93' lang='lat' dir='ltr'>Deo</span> <span class='ocrx_word' id='word_1_609' title='bbox 2321 4091 2528 4146; x_wconf 89' lang='lat' dir='ltr'>preces</span> <span class='ocrx_word' id='word_1_610' title='bbox 2545 4078 2821 4144; x_wconf 79' lang='lat' dir='ltr'>offerens,</span> <span class='ocrx_word' id='word_1_611' title='bbox 2857 4080 3230 4134; x_wconf 89' lang='lat' dir='ltr'>continenter</span> <span class='ocrx_word' id='word_1_612' title='bbox 3261 4078 3613 4150; x_wconf 85' lang='lat' dir='ltr'>proﬁciebat</span> <span class='ocrx_word' id='word_1_613' title='bbox 3632 4079 3692 4134; x_wconf 91' lang='lat' dir='ltr'>in</span> <span class='ocrx_word' id='word_1_614' title='bbox 3725 4080 3966 4135; x_wconf 87' lang='lat' dir='ltr'>melius.</span> 
     </span>
    </p>
   </div>
   <div class='ocr_carea' id='block_1_77' title="bbox 906 4162 2493 4235">
    <p class='ocr_par' dir='ltr' id='par_1_77' title="bbox 906 4162 2493 4235">
     <span class='ocr_line' id='line_1_78' title="bbox 906 4162 2493 4235; baseline -0.002 -11"><span class='ocrx_word' id='word_1_615' title='bbox 906 4172 958 4224; x_wconf 84' lang='lat'>6.</span> <span class='ocrx_word' id='word_1_616' title='bbox 987 4167 1076 4223; x_wconf 77' lang='lat' dir='ltr'>Ad</span> <span class='ocrx_word' id='word_1_617' title='bbox 1110 4169 1295 4221; x_wconf 90' lang='lat' dir='ltr'>Deum</span> <span class='ocrx_word' id='word_1_618' title='bbox 1327 4165 1505 4234; x_wconf 90' lang='lat' dir='ltr'>igitur</span> <span class='ocrx_word' id='word_1_619' title='bbox 1538 4169 1591 4218; x_wconf 90' lang='lat' dir='ltr'>et</span> <span class='ocrx_word' id='word_1_620' title='bbox 1618 4162 1823 4218; x_wconf 90' lang='lat' dir='ltr'>divina</span> <span class='ocrx_word' id='word_1_621' title='bbox 1862 4163 2027 4235; x_wconf 90' lang='lat' dir='ltr'>quod</span> <span class='ocrx_word' id='word_1_622' title='bbox 2073 4163 2297 4231; x_wconf 89' lang='lat' dir='ltr'>attinet,</span> <span class='ocrx_word' id='word_1_623' title='bbox 2333 4165 2493 4221; x_wconf 89' lang='lat' dir='ltr'>dicta</span> 
     </span>
    </p>
   </div>
   <div class='ocr_carea' id='block_1_78' title="bbox 823 4252 2490 4328">
    <p class='ocr_par' dir='ltr' id='par_1_78' title="bbox 823 4252 2490 4328">
     <span class='ocr_line' id='line_1_79' title="bbox 823 4252 2490 4328; baseline -0.002 -15"><span class='ocrx_word' id='word_1_624' title='bbox 823 4259 956 4328; x_wconf 90' lang='lat' dir='ltr'>jam</span> <span class='ocrx_word' id='word_1_625' title='bbox 1006 4256 1236 4312; x_wconf 89' lang='lat' dir='ltr'>ratione</span> <span class='ocrx_word' id='word_1_626' title='bbox 1275 4260 1403 4309; x_wconf 89' lang='lat' dir='ltr'>erat</span> <span class='ocrx_word' id='word_1_627' title='bbox 1427 4267 1684 4324; x_wconf 90' lang='lat' dir='ltr'>operosa</span> <span class='ocrx_word' id='word_1_628' title='bbox 1723 4256 1902 4323; x_wconf 90' lang='lat' dir='ltr'>atque</span> <span class='ocrx_word' id='word_1_629' title='bbox 1942 4252 2206 4307; x_wconf 88' lang='lat' dir='ltr'>assidua.</span> <span class='ocrx_word' id='word_1_630' title='bbox 2243 4256 2390 4309; x_wconf 92' lang='lat' dir='ltr'>Cum</span> <span class='ocrx_word' id='word_1_631' title='bbox 2420 4255 2490 4309; x_wconf 88' lang='lat' dir='ltr'>iis</span> 
     </span>
    </p>
   </div>
   <div class='ocr_carea' id='block_1_79' title="bbox 829 4342 2490 4415">
    <p class='ocr_par' dir='ltr' id='par_1_79' title="bbox 829 4342 2490 4415">
     <span class='ocr_line' id='line_1_80' title="bbox 829 4342 2490 4415; baseline -0.003 -11"><span class='ocrx_word' id='word_1_632' title='bbox 829 4353 1032 4404; x_wconf 89' lang='lat' dir='ltr'>autem</span> <span class='ocrx_word' id='word_1_633' title='bbox 1054 4345 1388 4415; x_wconf 86' lang='lat' dir='ltr'>virginibus</span> <span class='ocrx_word' id='word_1_634' title='bbox 1415 4360 1550 4415; x_wconf 67' lang='lat' dir='ltr'>quae</span> <span class='ocrx_word' id='word_1_635' title='bbox 1581 4343 1641 4397; x_wconf 88' lang='lat' dir='ltr'>in</span> <span class='ocrx_word' id='word_1_636' title='bbox 1662 4342 1874 4397; x_wconf 89' lang='lat' dir='ltr'>eodem</span> <span class='ocrx_word' id='word_1_637' title='bbox 1903 4343 2268 4398; x_wconf 88' lang='lat' dir='ltr'>monasterio</span> <span class='ocrx_word' id='word_1_638' title='bbox 2307 4346 2490 4399; x_wconf 89' lang='lat' dir='ltr'>sacris</span> 
     </span>
    </p>
   </div>
   <div class='ocr_carea' id='block_1_80' title="bbox 829 4430 2486 4509">
    <p class='ocr_par' dir='ltr' id='par_1_80' title="bbox 829 4430 2486 4509">
     <span class='ocr_line' id='line_1_81' title="bbox 829 4430 2486 4509; baseline -0.003 -16"><span class='ocrx_word' id='word_1_639' title='bbox 829 4454 967 4493; x_wconf 89' lang='lat' dir='ltr'>curn</span> <span class='ocrx_word' id='word_1_640' title='bbox 993 4437 1129 4509; x_wconf 89' lang='lat' dir='ltr'>ipsa</span> <span class='ocrx_word' id='word_1_641' title='bbox 1154 4431 1676 4490; x_wconf 83' lang='lat' dir='ltr'>exercitationibus</span> <span class='ocrx_word' id='word_1_642' title='bbox 1707 4430 2021 4496; x_wconf 87' lang='lat' dir='ltr'>vacabant,</span> <span class='ocrx_word' id='word_1_643' title='bbox 2055 4431 2208 4486; x_wconf 90' lang='lat' dir='ltr'>Deus</span> <span class='ocrx_word' id='word_1_644' title='bbox 2238 4435 2486 4489; x_wconf 88' lang='lat' dir='ltr'>immor-</span> 
     </span>
    </p>
   </div>
   <div class='ocr_carea' id='block_1_81' title="bbox 827 4520 2484 4599">
    <p class='ocr_par' dir='ltr' id='par_1_81' title="bbox 827 4520 2484 4599">
     <span class='ocr_line' id='line_1_82' title="bbox 827 4520 2484 4599; baseline -0.002 -15"><span class='ocrx_word' id='word_1_645' title='bbox 827 4528 959 4584; x_wconf 90' lang='lat' dir='ltr'>talis</span> <span class='ocrx_word' id='word_1_646' title='bbox 990 4527 1002 4582; x_wconf 90' lang='lat'><strong>!</strong></span> <span class='ocrx_word' id='word_1_647' title='bbox 1032 4542 1155 4599; x_wconf 90' lang='lat' dir='ltr'>quo</span> <span class='ocrx_word' id='word_1_648' title='bbox 1179 4524 1362 4580; x_wconf 91' lang='lat' dir='ltr'>modo</span> <span class='ocrx_word' id='word_1_649' title='bbox 1377 4539 1438 4578; x_wconf 89' lang='lat' dir='ltr'>se</span> <span class='ocrx_word' id='word_1_650' title='bbox 1453 4520 1698 4592; x_wconf 89' lang='lat' dir='ltr'>gerebat</span> <span class='ocrx_word' id='word_1_651' title='bbox 1710 4521 1871 4592; x_wconf 77' lang='lat' dir='ltr'>‘Iquo</span> <span class='ocrx_word' id='word_1_652' title='bbox 1887 4521 2069 4576; x_wconf 88' lang='lat' dir='ltr'>modo</span> <span class='ocrx_word' id='word_1_653' title='bbox 2084 4523 2484 4580; x_wconf 89' lang='lat' dir='ltr'>conversaba-</span> 
     </span>
    </p>
   </div>
   <div class='ocr_carea' id='block_1_82' title="bbox 2675 4167 4217 4240">
    <p class='ocr_par' dir='ltr' id='par_1_82' title="bbox 2675 4167 4217 4240">
     <span class='ocr_line' id='line_1_83' title="bbox 2675 4167 4217 4240; baseline 0.001 -19"><span class='ocrx_word' id='word_1_654' title='bbox 2675 4167 2742 4232; x_wconf 82' lang='grc' dir='ltr'>ς’.</span> <span class='ocrx_word' id='word_1_655' title='bbox 2779 4168 2932 4221; x_wconf 81' lang='grc' dir='ltr'>Ἀλλὰ</span> <span class='ocrx_word' id='word_1_656' title='bbox 2982 4171 3046 4220; x_wconf 83' lang='grc' dir='ltr'>τὰ</span> <span class='ocrx_word' id='word_1_657' title='bbox 3099 4173 3188 4240; x_wconf 79' lang='grc' dir='ltr'>μὲν</span> <span class='ocrx_word' id='word_1_658' title='bbox 3235 4172 3360 4240; x_wconf 85' lang='grc' dir='ltr'>πρὸς</span> <span class='ocrx_word' id='word_1_659' title='bbox 3417 4172 3476 4219; x_wconf 91' lang='grc' dir='ltr'>τὸ</span> <span class='ocrx_word' id='word_1_660' title='bbox 3531 4176 3681 4220; x_wconf 85' lang='grc' dir='ltr'>Θείον</span> <span class='ocrx_word' id='word_1_661' title='bbox 3711 4174 3801 4220; x_wconf 84' lang='grc' dir='ltr'>καὶ</span> <span class='ocrx_word' id='word_1_662' title='bbox 3835 4171 3901 4220; x_wconf 85' lang='grc' dir='ltr'>τὰ</span> <span class='ocrx_word' id='word_1_663' title='bbox 3955 4172 4069 4222; x_wconf 79' lang='grc' dir='ltr'>θεῖα</span> <span class='ocrx_word' id='word_1_664' title='bbox 4117 4172 4217 4222; x_wconf 75' lang='grc' dir='ltr'>οὗ-</span> 
     </span>
    </p>
   </div>
   <div class='ocr_carea' id='block_1_83' title="bbox 2600 4254 4217 4332">
    <p class='ocr_par' dir='ltr' id='par_1_83' title="bbox 2600 4254 4217 4332">
     <span class='ocr_line' id='line_1_84' title="bbox 2600 4254 4217 4332; baseline 0.003 -25"><span class='ocrx_word' id='word_1_665' title='bbox 2600 4277 2696 4318; x_wconf 91' lang='grc' dir='ltr'>τως</span> <span class='ocrx_word' id='word_1_666' title='bbox 2749 4254 2808 4314; x_wconf 74' lang='grc' dir='ltr'>ἦν</span> <span class='ocrx_word' id='word_1_667' title='bbox 2868 4257 3092 4332; x_wconf 72' lang='grc' dir='ltr'>ἐνεργὴς,</span> <span class='ocrx_word' id='word_1_668' title='bbox 3155 4258 3315 4318; x_wconf 80' lang='grc' dir='ltr'>οὑτως</span> <span class='ocrx_word' id='word_1_669' title='bbox 3369 4255 3428 4315; x_wconf 76' lang='grc' dir='ltr'>ἦν</span> <span class='ocrx_word' id='word_1_670' title='bbox 3481 4260 3722 4319; x_wconf 78' lang='grc' dir='ltr'>σύντονος</span> <span class='ocrx_word' id='word_1_671' title='bbox 3756 4279 3768 4290; x_wconf 90' lang='grc'><strong>·</strong></span> <span class='ocrx_word' id='word_1_672' title='bbox 3799 4262 3926 4330; x_wconf 88' lang='grc' dir='ltr'>πρὸς</span> <span class='ocrx_word' id='word_1_673' title='bbox 3992 4255 4052 4311; x_wconf 73' lang='grc' dir='ltr'>δὲ</span> <span class='ocrx_word' id='word_1_674' title='bbox 4118 4264 4217 4322; x_wconf 81' lang='grc' dir='ltr'>τὰς</span> 
     </span>
    </p>
   </div>
   <div class='ocr_carea' id='block_1_84' title="bbox 2599 4343 4210 4418">
    <p class='ocr_par' dir='ltr' id='par_1_84' title="bbox 2599 4343 4210 4418">
     <span class='ocr_line' id='line_1_85' title="bbox 2599 4343 4210 4418; baseline 0.002 -22"><span class='ocrx_word' id='word_1_675' title='bbox 2599 4352 3021 4418; x_wconf 85' lang='grc' dir='ltr'>συνασκουμένας</span> <span class='ocrx_word' id='word_1_676' title='bbox 3072 4347 3201 4418; x_wconf 70' lang='grc' dir='ltr'>αὐτῇ</span> <span class='ocrx_word' id='word_1_677' title='bbox 3266 4350 3524 4418; x_wconf 74' lang='grc' dir='ltr'>μοναχὰς,</span> <span class='ocrx_word' id='word_1_678' title='bbox 3598 4348 3736 4407; x_wconf 81' lang='grc' dir='ltr'>ὅπως</span> <span class='ocrx_word' id='word_1_679' title='bbox 3799 4343 3939 4418; x_wconf 79' lang='grc' dir='ltr'>εἶχεν</span> <span class='ocrx_word' id='word_1_680' title='bbox 4000 4363 4015 4411; x_wconf 78' lang='grc' dir='ltr'>ς</span> <span class='ocrx_word' id='word_1_681' title='bbox 4067 4349 4210 4411; x_wconf 76' lang='grc' dir='ltr'>ὅπως</span> 
     </span>
    </p>
   </div>
   <div class='ocr_carea' id='block_1_85' title="bbox 2599 4432 4209 4510">
    <p class='ocr_par' dir='ltr' id='par_1_85' title="bbox 2599 4432 4209 4510">
     <span class='ocr_line' id='line_1_86' title="bbox 2599 4432 4209 4510; baseline 0.002 -24"><span class='ocrx_word' id='word_1_682' title='bbox 2599 4432 2818 4488; x_wconf 83' lang='grc' dir='ltr'>διέκειτο</span> <span class='ocrx_word' id='word_1_683' title='bbox 2852 4453 2864 4502; x_wconf 94' lang='grc'><strong>;</strong></span> <span class='ocrx_word' id='word_1_684' title='bbox 2897 4436 3034 4510; x_wconf 78' lang='grc' dir='ltr'>Ἀρά</span> <span class='ocrx_word' id='word_1_685' title='bbox 3063 4456 3122 4507; x_wconf 77' lang='grc' dir='ltr'>γε</span> <span class='ocrx_word' id='word_1_686' title='bbox 3149 4434 3203 4486; x_wconf 74' lang='grc' dir='ltr'>ἐκ</span> <span class='ocrx_word' id='word_1_687' title='bbox 3262 4443 3354 4487; x_wconf 81' lang='grc' dir='ltr'>τοῦ</span> <span class='ocrx_word' id='word_1_688' title='bbox 3405 4437 3750 4508; x_wconf 78' lang='grc' dir='ltr'>ὑπερέχοντος</span> <span class='ocrx_word' id='word_1_689' title='bbox 3806 4436 3986 4508; x_wconf 83' lang='grc' dir='ltr'>ὡμίλει</span> <span class='ocrx_word' id='word_1_690' title='bbox 4042 4454 4055 4502; x_wconf 89' lang='grc'><strong>;</strong></span> <span class='ocrx_word' id='word_1_691' title='bbox 4104 4432 4209 4509; x_wconf 73' lang='grc' dir='ltr'>ἆρά</span> 
     </span>
    </p>
   </div>
   <div class='ocr_carea' id='block_1_86' title="bbox 2592 4525 4206 4599">
    <p class='ocr_par' dir='ltr' id='par_1_86' title="bbox 2592 4525 4206 4599">
     <span class='ocr_line' id='line_1_87' title="bbox 2592 4525 4206 4599; baseline 0.001 -23"><span class='ocrx_word' id='word_1_692' title='bbox 2592 4544 2653 4594; x_wconf 73' lang='grc' dir='ltr'>’γε</span> <span class='ocrx_word' id='word_1_693' title='bbox 2683 4527 2956 4599; x_wconf 84' lang='grc' dir='ltr'>ὑπερετίθη</span> <span class='ocrx_word' id='word_1_694' title='bbox 3017 4534 3157 4598; x_wconf 85' lang='grc' dir='ltr'>σφῶν</span> <span class='ocrx_word' id='word_1_695' title='bbox 3205 4528 3252 4577; x_wconf 83' lang='grc' dir='ltr'>ἓν</span> <span class='ocrx_word' id='word_1_696' title='bbox 3310 4545 3449 4577; x_wconf 90' lang='grc' dir='ltr'>τισιν</span> <span class='ocrx_word' id='word_1_697' title='bbox 3498 4525 3683 4583; x_wconf 73' lang='grc' dir='ltr'>ἑαυτήν</span> <span class='ocrx_word' id='word_1_698' title='bbox 3728 4546 3742 4593; x_wconf 71' lang='grc' dir='ltr'>ς</span> <span class='ocrx_word' id='word_1_699' title='bbox 3796 4529 4058 4596; x_wconf 75' lang='grc' dir='ltr'>Οὔμενουν</span> <span class='ocrx_word' id='word_1_700' title='bbox 4109 4528 4206 4578; x_wconf 75' lang='grc' dir='ltr'>οὐ-</span> 
     </span>
    </p>
   </div>
   <div class='ocr_carea' id='block_1_87' title="bbox 825 4587 2596 4690">
    <p class='ocr_par' dir='ltr' id='par_1_87' title="bbox 825 4587 2560 4690">
     <span class='ocr_line' id='line_1_88' title="bbox 825 4587 2560 4690; baseline -0.002 -17"><span class='ocrx_word' id='word_1_701' title='bbox 825 4623 922 4673; x_wconf 92' lang='lat' dir='ltr'>tur</span> <span class='ocrx_word' id='word_1_702' title='bbox 949 4617 978 4672; x_wconf 80' lang='lat'><strong>?</strong></span> <span class='ocrx_word' id='word_1_703' title='bbox 1008 4587 1130 4690; x_wconf 72' lang='lat' dir='ltr'>quo</span> <span class='ocrx_word' id='word_1_704' title='bbox 1145 4615 1330 4670; x_wconf 92' lang='lat' dir='ltr'>modo</span> <span class='ocrx_word' id='word_1_705' title='bbox 1340 4587 1601 4686; x_wconf 79' lang='lat' dir='ltr'>reliquas</span> <span class='ocrx_word' id='word_1_706' title='bbox 1617 4587 1851 4667; x_wconf 80' lang='lat' dir='ltr'>ommes</span> <span class='ocrx_word' id='word_1_707' title='bbox 1870 4611 1944 4666; x_wconf 94' lang='lat' dir='ltr'>de</span> <span class='ocrx_word' id='word_1_708' title='bbox 1958 4628 2070 4667; x_wconf 91' lang='lat' dir='ltr'>sua</span> <span class='ocrx_word' id='word_1_709' title='bbox 2082 4613 2484 4684; x_wconf 90' lang='lat' dir='ltr'>spiritualium</span> <span class='ocrx_word' id='word_1_710' title='bbox 2519 4587 2560 4638; x_wconf 70' lang='grc' dir='ltr'>υ</span> 
     </span>
    </p>
   </div>
   <div class='ocr_carea' id='block_1_88' title="bbox 2433 4587 4204 4690">
    <p class='ocr_par' dir='ltr' id='par_1_88' title="bbox 2433 4587 4204 4687">
     <span class='ocr_line' id='line_1_89' title="bbox 2433 4587 4204 4687; baseline 0 -21"><span class='ocrx_word' id='word_1_711' title='bbox 2433 4631 2484 4670; x_wconf 83' lang='lat' dir='ltr'>tn</span> <span class='ocrx_word' id='word_1_712' title='bbox 2519 4587 2560 4638; x_wconf 71' lang='grc' dir='ltr'>υ</span> <span class='ocrx_word' id='word_1_713' title='bbox 2596 4587 2793 4687; x_wconf 40' lang='grc' dir='ltr'>δαμῶςζ</span> <span class='ocrx_word' id='word_1_714' title='bbox 2850 4615 2934 4675; x_wconf 78' lang='grc' dir='ltr'>Ὠς</span> <span class='ocrx_word' id='word_1_715' title='bbox 2990 4587 3088 4687; x_wconf 70' lang='grc' dir='ltr'>γάρ</span> <span class='ocrx_word' id='word_1_716' title='bbox 3139 4635 3215 4675; x_wconf 89' lang='grc' dir='ltr'>τις</span> <span class='ocrx_word' id='word_1_717' title='bbox 3264 4613 3478 4687; x_wconf 79' lang='grc' dir='ltr'>ἀμελὴς.</span> <span class='ocrx_word' id='word_1_718' title='bbox 3536 4617 3606 4675; x_wconf 84' lang='grc' dir='ltr'>ὡς</span> <span class='ocrx_word' id='word_1_719' title='bbox 3661 4623 3759 4667; x_wconf 87' lang='grc' dir='ltr'>τῶν</span> <span class='ocrx_word' id='word_1_720' title='bbox 3813 4613 4204 4686; x_wconf 74' lang='grc' dir='ltr'>ἐπηγγελμένων</span> 
     </span>
    </p>
   </div>
   <div class='ocr_carea' id='block_1_89' title="bbox 823 4699 2485 4775">
    <p class='ocr_par' dir='ltr' id='par_1_89' title="bbox 823 4699 2485 4775">
     <span class='ocr_line' id='line_1_90' title="bbox 823 4699 2485 4775; baseline -0.004 -12"><span class='ocrx_word' id='word_1_721' title='bbox 823 4705 1126 4762; x_wconf 90' lang='lat' dir='ltr'>donorum</span> <span class='ocrx_word' id='word_1_722' title='bbox 1166 4703 1342 4775; x_wconf 88' lang='lat' dir='ltr'>copia</span> <span class='ocrx_word' id='word_1_723' title='bbox 1369 4699 1663 4756; x_wconf 90' lang='lat' dir='ltr'>reddebat</span> <span class='ocrx_word' id='word_1_724' title='bbox 1690 4699 2004 4772; x_wconf 88' lang='lat' dir='ltr'>participes</span> <span class='ocrx_word' id='word_1_725' title='bbox 2034 4703 2062 4754; x_wconf 81' lang='lat'><strong><em>?</em></strong></span> <span class='ocrx_word' id='word_1_726' title='bbox 2084 4700 2333 4772; x_wconf 92' lang='lat' dir='ltr'>Insuper</span> <span class='ocrx_word' id='word_1_727' title='bbox 2361 4702 2485 4759; x_wconf 88' lang='lat' dir='ltr'>illa-</span> 
     </span>
    </p>
   </div>
   <div class='ocr_carea' id='block_1_90' title="bbox 821 4787 2482 4867">
    <p class='ocr_par' dir='ltr' id='par_1_90' title="bbox 821 4787 2482 4867">
     <span class='ocr_line' id='line_1_91' title="bbox 821 4787 2482 4867; baseline -0.003 -15"><span class='ocrx_word' id='word_1_728' title='bbox 821 4812 958 4851; x_wconf 91' lang='lat' dir='ltr'>rum</span> <span class='ocrx_word' id='word_1_729' title='bbox 978 4793 1252 4867; x_wconf 89' lang='lat' dir='ltr'>pluribus</span> <span class='ocrx_word' id='word_1_730' title='bbox 1279 4789 1544 4846; x_wconf 86' lang='lat' dir='ltr'>habebat</span> <span class='ocrx_word' id='word_1_731' title='bbox 1574 4805 1638 4844; x_wconf 90' lang='lat' dir='ltr'>se</span> <span class='ocrx_word' id='word_1_732' title='bbox 1663 4787 2004 4844; x_wconf 87' lang='lat' dir='ltr'>inferiorem</span> <span class='ocrx_word' id='word_1_733' title='bbox 2040 4805 2052 4854; x_wconf 94' lang='lat'><strong>;</strong></span> <span class='ocrx_word' id='word_1_734' title='bbox 2083 4804 2279 4861; x_wconf 90' lang='lat' dir='ltr'>neque</span> <span class='ocrx_word' id='word_1_735' title='bbox 2305 4791 2364 4846; x_wconf 94' lang='lat' dir='ltr'>id</span> <span class='ocrx_word' id='word_1_736' title='bbox 2392 4808 2482 4848; x_wconf 90' lang='lat' dir='ltr'>so-</span> 
     </span>
    </p>
   </div>
   <div class='ocr_carea' id='block_1_91' title="bbox 820 4878 2482 4955">
    <p class='ocr_par' dir='ltr' id='par_1_91' title="bbox 820 4878 2482 4955">
     <span class='ocr_line' id='line_1_92' title="bbox 820 4878 2482 4955; baseline -0.003 -14"><span class='ocrx_word' id='word_1_737' title='bbox 820 4885 967 4955; x_wconf 84' lang='lat' dir='ltr'>lum,</span> <span class='ocrx_word' id='word_1_738' title='bbox 1005 4883 1108 4940; x_wconf 91' lang='lat' dir='ltr'>sed</span> <span class='ocrx_word' id='word_1_739' title='bbox 1139 4881 1313 4955; x_wconf 89' lang='lat' dir='ltr'>quasi</span> <span class='ocrx_word' id='word_1_740' title='bbox 1343 4895 1546 4935; x_wconf 91' lang='lat' dir='ltr'>rerum</span> <span class='ocrx_word' id='word_1_741' title='bbox 1569 4878 1868 4933; x_wconf 90' lang='lat' dir='ltr'>bonarum</span> <span class='ocrx_word' id='word_1_742' title='bbox 1896 4878 2147 4949; x_wconf 87' lang='lat' dir='ltr'>incuria,</span> <span class='ocrx_word' id='word_1_743' title='bbox 2179 4884 2234 4934; x_wconf 90' lang='lat' dir='ltr'>et</span> <span class='ocrx_word' id='word_1_744' title='bbox 2259 4879 2336 4935; x_wconf 91' lang='lat' dir='ltr'>ad</span> <span class='ocrx_word' id='word_1_745' title='bbox 2357 4897 2482 4936; x_wconf 88' lang='lat' dir='ltr'>om-</span> 
     </span>
    </p>
   </div>
   <div class='ocr_carea' id='block_1_92' title="bbox 818 4968 2482 5035">
    <p class='ocr_par' dir='ltr' id='par_1_92' title="bbox 818 4968 2482 5035">
     <span class='ocr_line' id='line_1_93' title="bbox 818 4968 2482 5035; baseline -0.005 -3"><span class='ocrx_word' id='word_1_746' title='bbox 818 4975 920 5032; x_wconf 87' lang='lat' dir='ltr'>nia</span> <span class='ocrx_word' id='word_1_747' title='bbox 977 4973 1129 5030; x_wconf 89' lang='lat' dir='ltr'>foret</span> <span class='ocrx_word' id='word_1_748' title='bbox 1173 4969 1417 5035; x_wconf 88' lang='lat' dir='ltr'>inutilis,</span> <span class='ocrx_word' id='word_1_749' title='bbox 1470 4969 1815 5024; x_wconf 90' lang='lat' dir='ltr'>divinorum</span> <span class='ocrx_word' id='word_1_750' title='bbox 1871 4968 2297 5024; x_wconf 87' lang='lat' dir='ltr'>mandatorum</span> <span class='ocrx_word' id='word_1_751' title='bbox 2353 4969 2482 5024; x_wconf 88' lang='lat' dir='ltr'>nul-</span> 
     </span>
    </p>
   </div>
   <div class='ocr_carea' id='block_1_93' title="bbox 817 5057 2480 5132">
    <p class='ocr_par' dir='ltr' id='par_1_93' title="bbox 817 5057 2480 5132">
     <span class='ocr_line' id='line_1_94' title="bbox 817 5057 2480 5132; baseline -0.004 -12"><span class='ocrx_word' id='word_1_752' title='bbox 817 5063 946 5120; x_wconf 88' lang='lat' dir='ltr'>lum</span> <span class='ocrx_word' id='word_1_753' title='bbox 977 5079 1100 5118; x_wconf 92' lang='lat' dir='ltr'>non</span> <span class='ocrx_word' id='word_1_754' title='bbox 1131 5059 1476 5132; x_wconf 88' lang='lat' dir='ltr'>negligeret,</span> <span class='ocrx_word' id='word_1_755' title='bbox 1500 5075 1641 5114; x_wconf 91' lang='lat' dir='ltr'>cum</span> <span class='ocrx_word' id='word_1_756' title='bbox 1669 5057 1933 5129; x_wconf 90' lang='lat' dir='ltr'>ingenuo</span> <span class='ocrx_word' id='word_1_757' title='bbox 1963 5058 2222 5130; x_wconf 74' lang='lat' dir='ltr'>qIIodam</span> <span class='ocrx_word' id='word_1_758' title='bbox 2251 5058 2480 5130; x_wconf 89' lang='lat' dir='ltr'>pudore</span> 
     </span>
    </p>
   </div>
   <div class='ocr_carea' id='block_1_94' title="bbox 817 5149 2478 5221">
    <p class='ocr_par' dir='ltr' id='par_1_94' title="bbox 817 5149 2478 5221">
     <span class='ocr_line' id='line_1_95' title="bbox 817 5149 2478 5221; baseline -0.002 -11"><span class='ocrx_word' id='word_1_759' title='bbox 817 5155 972 5212; x_wconf 86' lang='lat' dir='ltr'>ultro</span> <span class='ocrx_word' id='word_1_760' title='bbox 1003 5152 1332 5210; x_wconf 88' lang='lat' dir='ltr'>accedebat</span> <span class='ocrx_word' id='word_1_761' title='bbox 1362 5149 1698 5212; x_wconf 87' lang='lat' dir='ltr'>universas,</span> <span class='ocrx_word' id='word_1_762' title='bbox 1731 5153 2049 5221; x_wconf 88' lang='lat' dir='ltr'>propterea</span> <span class='ocrx_word' id='word_1_763' title='bbox 2078 5150 2314 5220; x_wconf 86' lang='lat' dir='ltr'>quodin</span> <span class='ocrx_word' id='word_1_764' title='bbox 2342 5165 2478 5206; x_wconf 86' lang='lat' dir='ltr'>san-</span> 
     </span>
    </p>
   </div>
   <div class='ocr_carea' id='block_1_95' title="bbox 816 5237 2479 5300">
    <p class='ocr_par' dir='ltr' id='par_1_95' title="bbox 816 5237 2479 5300">
     <span class='ocr_line' id='line_1_96' title="bbox 816 5237 2479 5300; baseline -0.003 0"><span class='ocrx_word' id='word_1_765' title='bbox 816 5250 924 5300; x_wconf 63' lang='lat' dir='ltr'>cta:</span> <span class='ocrx_word' id='word_1_766' title='bbox 955 5259 1094 5299; x_wconf 91' lang='lat' dir='ltr'>cum</span> <span class='ocrx_word' id='word_1_767' title='bbox 1119 5245 1237 5298; x_wconf 92' lang='lat' dir='ltr'>Deo</span> <span class='ocrx_word' id='word_1_768' title='bbox 1258 5239 1730 5297; x_wconf 86' lang='lat' dir='ltr'>conversationis</span> <span class='ocrx_word' id='word_1_769' title='bbox 1752 5237 1950 5294; x_wconf 89' lang='lat' dir='ltr'>studio</span> <span class='ocrx_word' id='word_1_770' title='bbox 1995 5238 2074 5294; x_wconf 89' lang='lat' dir='ltr'>ab</span> <span class='ocrx_word' id='word_1_771' title='bbox 2104 5238 2389 5295; x_wconf 90' lang='lat' dir='ltr'>omnibus</span> <span class='ocrx_word' id='word_1_772' title='bbox 2416 5256 2479 5296; x_wconf 90' lang='lat' dir='ltr'>se</span> 
     </span>
    </p>
   </div>
   <div class='ocr_carea' id='block_1_96' title="bbox 884 5435 2474 5511">
    <p class='ocr_par' dir='ltr' id='par_1_96' title="bbox 884 5435 2474 5511">
     <span class='ocr_line' id='line_1_97' title="bbox 884 5435 2474 5511; baseline -0.002 -15"><span class='ocrx_word' id='word_1_773' title='bbox 884 5443 961 5511; x_wconf 85' lang='lat' dir='ltr'>(t)</span> <span class='ocrx_word' id='word_1_774' title='bbox 993 5442 1048 5497; x_wconf 91' lang='lat' dir='ltr'>S.</span> <span class='ocrx_word' id='word_1_775' title='bbox 1079 5438 1398 5511; x_wconf 83' lang='lat' dir='ltr'>Anastasia</span> <span class='ocrx_word' id='word_1_776' title='bbox 1428 5439 1833 5511; x_wconf 80' lang='lat' dir='ltr'>cognomento</span> <span class='ocrx_word' id='word_1_777' title='bbox 1887 5435 2305 5511; x_wconf 72' lang='grc' dir='ltr'>φαρμακολίτρια</span> <span class='ocrx_word' id='word_1_778' title='bbox 2333 5437 2474 5493; x_wconf 89' lang='lat' dir='ltr'>coli-</span> 
     </span>
    </p>
   </div>
   <div class='ocr_carea' id='block_1_97' title="bbox 813 5508 2474 5576">
    <p class='ocr_par' dir='ltr' id='par_1_97' title="bbox 813 5508 2474 5576">
     <span class='ocr_line' id='line_1_98' title="bbox 813 5508 2474 5576; baseline -0.004 -6"><span class='ocrx_word' id='word_1_779' title='bbox 813 5508 910 5570; x_wconf 81' lang='lat' dir='ltr'>tur</span> <span class='ocrx_word' id='word_1_780' title='bbox 938 5508 1053 5568; x_wconf 87' lang='lat' dir='ltr'>hoc</span> <span class='ocrx_word' id='word_1_781' title='bbox 1083 5510 1328 5567; x_wconf 91' lang='lat' dir='ltr'>nomine</span> <span class='ocrx_word' id='word_1_782' title='bbox 1361 5525 1398 5565; x_wconf 90' lang='lat' dir='ltr'>a</span> <span class='ocrx_word' id='word_1_783' title='bbox 1444 5508 1658 5565; x_wconf 66' lang='lat' dir='ltr'>Graecis</span> <span class='ocrx_word' id='word_1_784' title='bbox 1705 5512 1773 5562; x_wconf 83' lang='lat'><strong>22</strong></span> <span class='ocrx_word' id='word_1_785' title='bbox 1805 5508 2167 5563; x_wconf 82' lang='lat' dir='ltr'>Decembris.</span> <span class='ocrx_word' id='word_1_786' title='bbox 2216 5508 2361 5576; x_wconf 69' lang='lat' dir='ltr'>qum</span> <span class='ocrx_word' id='word_1_787' title='bbox 2396 5525 2474 5565; x_wconf 89' lang='lat' dir='ltr'>an</span> 
     </span>
    </p>
   </div>
   <div class='ocr_carea' id='block_1_98' title="bbox 808 5580 2474 5661">
    <p class='ocr_par' dir='ltr' id='par_1_98' title="bbox 808 5580 2474 5661">
     <span class='ocr_line' id='line_1_99' title="bbox 808 5580 2474 5661; baseline -0.003 -20"><span class='ocrx_word' id='word_1_788' title='bbox 808 5582 1240 5661; x_wconf 75' lang='lat' dir='ltr'>distinguenda</span> <span class='ocrx_word' id='word_1_789' title='bbox 1289 5582 1361 5661; x_wconf 80' lang='lat' dir='ltr'>sit</span> <span class='ocrx_word' id='word_1_790' title='bbox 1389 5596 1453 5661; x_wconf 79' lang='lat' dir='ltr'>__a</span> <span class='ocrx_word' id='word_1_791' title='bbox 1505 5583 1777 5661; x_wconf 69' lang='lat' dir='ltr'>Bomana</span> <span class='ocrx_word' id='word_1_792' title='bbox 1801 5655 1810 5661; x_wconf 25' lang='grc' dir='ltr'><strong>Δ</strong></span> <span class='ocrx_word' id='word_1_793' title='bbox 1838 5580 2033 5661; x_wconf 85' lang='lat' dir='ltr'>istius_</span> <span class='ocrx_word' id='word_1_794' title='bbox 2054 5580 2474 5661; x_wconf 70' lang='lat' dir='ltr'>appellationis</span> 
     </span>
    </p>
   </div>
   <div class='ocr_carea' id='block_1_99' title="bbox 813 5651 2470 5724">
    <p class='ocr_par' dir='ltr' id='par_1_99' title="bbox 813 5651 2470 5724">
     <span class='ocr_line' id='line_1_100' title="bbox 813 5651 2470 5724; baseline -0.002 -10"><span class='ocrx_word' id='word_1_795' title='bbox 813 5656 990 5714; x_wconf 87' lang='lat' dir='ltr'>Probi</span> <span class='ocrx_word' id='word_1_796' title='bbox 1005 5651 1224 5721; x_wconf 43' lang='lat' dir='ltr'>&#39;uxore,</span> <span class='ocrx_word' id='word_1_797' title='bbox 1256 5652 1640 5710; x_wconf 87' lang='lat' dir='ltr'>nobilissima</span> <span class='ocrx_word' id='word_1_798' title='bbox 1661 5655 1922 5724; x_wconf 72' lang='lat' dir='ltr'>martyre</span> <span class='ocrx_word' id='word_1_799' title='bbox 1945 5651 2058 5708; x_wconf 91' lang='lat' dir='ltr'>sub</span> <span class='ocrx_word' id='word_1_800' title='bbox 2085 5651 2470 5724; x_wconf 87' lang='lat' dir='ltr'>Diocletiano,</span> 
     </span>
    </p>
   </div>
   <div class='ocr_carea' id='block_1_100' title="bbox 809 5723 2472 5799">
    <p class='ocr_par' dir='ltr' id='par_1_100' title="bbox 809 5723 2472 5799">
     <span class='ocr_line' id='line_1_101' title="bbox 809 5723 2472 5799; baseline -0.004 -12"><span class='ocrx_word' id='word_1_801' title='bbox 809 5728 1177 5799; x_wconf 83' lang='lat' dir='ltr'>videbimus,</span> <span class='ocrx_word' id='word_1_802' title='bbox 1203 5726 1394 5783; x_wconf 86' lang='lat' dir='ltr'>sinon</span> <span class='ocrx_word' id='word_1_803' title='bbox 1422 5729 1584 5796; x_wconf 84' lang='lat' dir='ltr'>ante,</span> <span class='ocrx_word' id='word_1_804' title='bbox 1602 5729 1760 5781; x_wconf 86' lang='lat' dir='ltr'>certe</span> <span class='ocrx_word' id='word_1_805' title='bbox 1785 5723 1865 5781; x_wconf 87' lang='lat' dir='ltr'>ad</span> <span class='ocrx_word' id='word_1_806' title='bbox 1885 5727 1955 5780; x_wconf 83' lang='lat'><strong>25</strong></span> <span class='ocrx_word' id='word_1_807' title='bbox 1971 5723 2314 5781; x_wconf 87' lang='lat' dir='ltr'>Decembris</span> <span class='ocrx_word' id='word_1_808' title='bbox 2363 5727 2472 5784; x_wconf 91' lang='lat' dir='ltr'>Co-</span> 
     </span>
    </p>
   </div>
   <div class='ocr_carea' id='block_1_101' title="bbox 2593 4700 4204 4778">
    <p class='ocr_par' dir='ltr' id='par_1_101' title="bbox 2593 4700 4204 4778">
     <span class='ocr_line' id='line_1_102' title="bbox 2593 4700 4204 4778; baseline 0.001 -22"><span class='ocrx_word' id='word_1_809' title='bbox 2593 4704 2928 4778; x_wconf 78' lang='grc' dir='ltr'>ἐκπληροῦσα</span> <span class='ocrx_word' id='word_1_810' title='bbox 2965 4701 3152 4776; x_wconf 72' lang='grc' dir='ltr'>μηδὲν,</span> <span class='ocrx_word' id='word_1_811' title='bbox 3195 4705 3303 4777; x_wconf 86' lang='grc' dir='ltr'>μετ’</span> <span class='ocrx_word' id='word_1_812' title='bbox 3351 4700 3533 4764; x_wconf 82' lang='grc' dir='ltr'>αἰδοῦς</span> <span class='ocrx_word' id='word_1_813' title='bbox 3577 4704 3790 4766; x_wconf 81' lang='grc' dir='ltr'>ἁπάσας</span> <span class='ocrx_word' id='word_1_814' title='bbox 3827 4710 4073 4778; x_wconf 66' lang='grc' dir='ltr'>προσῄει,</span> <span class='ocrx_word' id='word_1_815' title='bbox 4118 4708 4204 4757; x_wconf 83' lang='grc' dir='ltr'>ὅτε</span> 
     </span>
    </p>
   </div>
   <div class='ocr_carea' id='block_1_102' title="bbox 2595 4789 4205 4867">
    <p class='ocr_par' dir='ltr' id='par_1_102' title="bbox 2595 4789 4205 4867">
     <span class='ocr_line' id='line_1_103' title="bbox 2595 4789 4205 4867; baseline 0.002 -24"><span class='ocrx_word' id='word_1_816' title='bbox 2595 4789 2792 4850; x_wconf 85' lang='grc' dir='ltr'>δήποτε</span> <span class='ocrx_word' id='word_1_817' title='bbox 2843 4801 2944 4844; x_wconf 86' lang='grc' dir='ltr'>τῶν</span> <span class='ocrx_word' id='word_1_818' title='bbox 3002 4797 3134 4867; x_wconf 85' lang='grc' dir='ltr'>πρὸς</span> <span class='ocrx_word' id='word_1_819' title='bbox 3172 4797 3300 4845; x_wconf 84' lang='grc' dir='ltr'>Θεὸν</span> <span class='ocrx_word' id='word_1_820' title='bbox 3365 4792 3632 4855; x_wconf 72' lang='grc' dir='ltr'>ἐντεύξεων</span> <span class='ocrx_word' id='word_1_821' title='bbox 3673 4789 3769 4864; x_wconf 72' lang='grc' dir='ltr'>ἦγε</span> <span class='ocrx_word' id='word_1_822' title='bbox 3823 4792 4048 4864; x_wconf 78' lang='grc' dir='ltr'>σχολὴν,</span> <span class='ocrx_word' id='word_1_823' title='bbox 4109 4799 4205 4846; x_wconf 81' lang='lat' dir='ltr'>xui</span> 
     </span>
    </p>
   </div>
   <div class='ocr_carea' id='block_1_103' title="bbox 2595 4879 4201 4957">
    <p class='ocr_par' dir='ltr' id='par_1_103' title="bbox 2595 4879 4201 4957">
     <span class='ocr_line' id='line_1_104' title="bbox 2595 4879 4201 4957; baseline 0.001 -24"><span class='ocrx_word' id='word_1_824' title='bbox 2595 4885 2764 4942; x_wconf 77' lang='grc' dir='ltr'>πάσας</span> <span class='ocrx_word' id='word_1_825' title='bbox 2823 4883 3010 4944; x_wconf 80' lang='grc' dir='ltr'>ἑαυτῆς</span> <span class='ocrx_word' id='word_1_826' title='bbox 3067 4885 3365 4957; x_wconf 70' lang='grc' dir='ltr'>ὑπερφέρειν</span> <span class='ocrx_word' id='word_1_827' title='bbox 3426 4884 3620 4953; x_wconf 71' lang='grc' dir='ltr'>ἡγεῖτο,</span> <span class='ocrx_word' id='word_1_828' title='bbox 3668 4887 3759 4933; x_wconf 86' lang='grc' dir='ltr'>καὶ</span> <span class='ocrx_word' id='word_1_829' title='bbox 3830 4879 4201 4954; x_wconf 76' lang='grc' dir='ltr'>ηὑδαιμόνιζε.</span> 
     </span>
    </p>
   </div>
   <div class='ocr_carea' id='block_1_104' title="bbox 2589 4968 4200 5045">
    <p class='ocr_par' dir='ltr' id='par_1_104' title="bbox 2589 4968 4200 5045">
     <span class='ocr_line' id='line_1_105' title="bbox 2589 4968 4200 5045; baseline 0.001 -23"><span class='ocrx_word' id='word_1_830' title='bbox 2589 4975 2658 5022; x_wconf 90' lang='grc' dir='ltr'>Τό</span> <span class='ocrx_word' id='word_1_831' title='bbox 2703 4975 2757 5023; x_wconf 72' lang='grc' dir='ltr'>τε</span> <span class='ocrx_word' id='word_1_832' title='bbox 2814 4973 3011 5044; x_wconf 79' lang='grc' dir='ltr'>μεῖζον,</span> <span class='ocrx_word' id='word_1_833' title='bbox 3057 4973 3192 5024; x_wconf 79' lang='grc' dir='ltr'>οὕτω</span> <span class='ocrx_word' id='word_1_834' title='bbox 3251 4979 3533 5045; x_wconf 82' lang='grc' dir='ltr'>φρονοῦσα,</span> <span class='ocrx_word' id='word_1_835' title='bbox 3594 4972 3728 5023; x_wconf 79' lang='grc' dir='ltr'>οὑτω</span> <span class='ocrx_word' id='word_1_836' title='bbox 3788 4968 4200 5044; x_wconf 76' lang='grc' dir='ltr'>δεαλογιζομένη</span> 
     </span>
    </p>
   </div>
   <div class='ocr_carea' id='block_1_105' title="bbox 2589 5058 4210 5136">
    <p class='ocr_par' dir='ltr' id='par_1_105' title="bbox 2589 5058 4210 5136">
     <span class='ocr_line' id='line_1_106' title="bbox 2589 5058 4210 5136; baseline 0 -24"><span class='ocrx_word' id='word_1_837' title='bbox 2589 5067 2834 5135; x_wconf 82' lang='grc' dir='ltr'>περὶτῶν</span> <span class='ocrx_word' id='word_1_838' title='bbox 2877 5058 3128 5134; x_wconf 79' lang='grc' dir='ltr'>ἀδελφῶν,</span> <span class='ocrx_word' id='word_1_839' title='bbox 3187 5058 3311 5114; x_wconf 69' lang='grc' dir='ltr'>οὐδε</span> <span class='ocrx_word' id='word_1_840' title='bbox 3359 5068 3457 5134; x_wconf 82' lang='grc' dir='ltr'>μιᾷ</span> <span class='ocrx_word' id='word_1_841' title='bbox 3509 5064 3702 5113; x_wconf 84' lang='grc' dir='ltr'>τούτων</span> <span class='ocrx_word' id='word_1_842' title='bbox 3749 5058 4020 5135; x_wconf 75' lang='grc' dir='ltr'>ἐφρόνησε,</span> <span class='ocrx_word' id='word_1_843' title='bbox 4078 5065 4210 5136; x_wconf 83' lang='grc' dir='ltr'>πρὸς</span> 
     </span>
    </p>
   </div>
   <div class='ocr_carea' id='block_1_106' title="bbox 2590 5148 4210 5224">
    <p class='ocr_par' dir='ltr' id='par_1_106' title="bbox 2590 5148 4210 5224">
     <span class='ocr_line' id='line_1_107' title="bbox 2590 5148 4210 5224; baseline 0.001 -22"><span class='ocrx_word' id='word_1_844' title='bbox 2590 5148 2838 5224; x_wconf 76' lang='grc' dir='ltr'>οὐδεμίαν</span> <span class='ocrx_word' id='word_1_845' title='bbox 2906 5150 3291 5212; x_wconf 79' lang='grc' dir='ltr'>ἐζηλοτύπησεν</span> <span class='ocrx_word' id='word_1_846' title='bbox 3347 5172 3359 5184; x_wconf 76' lang='grc'><em>’</em></span> <span class='ocrx_word' id='word_1_847' title='bbox 3413 5149 3519 5202; x_wconf 81' lang='grc' dir='ltr'>ἀλλ’</span> <span class='ocrx_word' id='word_1_848' title='bbox 3591 5153 3770 5221; x_wconf 75' lang='grc' dir='ltr'>ἠγάπα</span> <span class='ocrx_word' id='word_1_849' title='bbox 3848 5152 4024 5212; x_wconf 84' lang='grc' dir='ltr'>πάσας</span> <span class='ocrx_word' id='word_1_850' title='bbox 4116 5156 4210 5203; x_wconf 86' lang='lat' dir='ltr'>xui</span> 
     </span>
    </p>
   </div>
   <div class='ocr_carea' id='block_1_107' title="bbox 2587 5239 4210 5316">
    <p class='ocr_par' dir='ltr' id='par_1_107' title="bbox 2587 5239 4210 5316">
     <span class='ocr_line' id='line_1_108' title="bbox 2587 5239 4210 5316; baseline -0.001 -23"><span class='ocrx_word' id='word_1_851' title='bbox 2587 5244 2797 5316; x_wconf 76' lang='grc' dir='ltr'>ἔστεργε</span> <span class='ocrx_word' id='word_1_852' title='bbox 2853 5262 2865 5274; x_wconf 78' lang='grc' dir='ltr'><strong><em>ο</em></strong></span> <span class='ocrx_word' id='word_1_853' title='bbox 2907 5247 2997 5292; x_wconf 83' lang='grc' dir='ltr'>καὶ</span> <span class='ocrx_word' id='word_1_854' title='bbox 3064 5241 3237 5314; x_wconf 83' lang='grc' dir='ltr'>ὥσπερ</span> <span class='ocrx_word' id='word_1_855' title='bbox 3297 5260 3372 5300; x_wconf 81' lang='grc' dir='ltr'>τις</span> <span class='ocrx_word' id='word_1_856' title='bbox 3428 5239 3746 5312; x_wconf 77' lang='grc' dir='ltr'>ἀρτιπαγὴς,</span> <span class='ocrx_word' id='word_1_857' title='bbox 3807 5243 3876 5301; x_wconf 82' lang='grc' dir='ltr'>ὡς</span> <span class='ocrx_word' id='word_1_858' title='bbox 3919 5249 4008 5299; x_wconf 85' lang='grc' dir='ltr'>τῆς</span> <span class='ocrx_word' id='word_1_859' title='bbox 4066 5243 4210 5292; x_wconf 78' lang='grc' dir='ltr'>κατὰ</span> 
     </span>
    </p>
   </div>
   <div class='ocr_carea' id='block_1_108' title="bbox 2586 5437 4202 5510">
    <p class='ocr_par' dir='ltr' id='par_1_108' title="bbox 2586 5437 4202 5510">
     <span class='ocr_line' id='line_1_109' title="bbox 2586 5437 4202 5510; baseline 0 -17"><span class='ocrx_word' id='word_1_860' title='bbox 2586 5438 2766 5493; x_wconf 88' lang='lat' dir='ltr'>diuus</span> <span class='ocrx_word' id='word_1_861' title='bbox 2781 5437 2850 5493; x_wconf 81' lang='lat' dir='ltr'>de</span> <span class='ocrx_word' id='word_1_862' title='bbox 2870 5437 3214 5510; x_wconf 76' lang='lat' dir='ltr'>Originibus</span> <span class='ocrx_word' id='word_1_863' title='bbox 3229 5438 3308 5494; x_wconf 91' lang='lat' dir='ltr'>ait</span> <span class='ocrx_word' id='word_1_864' title='bbox 3325 5437 3619 5510; x_wconf 91' lang='lat' dir='ltr'>templum</span> <span class='ocrx_word' id='word_1_865' title='bbox 3634 5437 3711 5493; x_wconf 90' lang='lat' dir='ltr'>illi</span> <span class='ocrx_word' id='word_1_866' title='bbox 3737 5437 4102 5494; x_wconf 64' lang='lat' dir='ltr'>aediﬁcatum</span> <span class='ocrx_word' id='word_1_867' title='bbox 4129 5453 4202 5493; x_wconf 90' lang='lat' dir='ltr'>eo</span> 
     </span>
    </p>
   </div>
   <div class='ocr_carea' id='block_1_109' title="bbox 2585 5510 4204 5582">
    <p class='ocr_par' dir='ltr' id='par_1_109' title="bbox 2585 5510 4204 5582">
     <span class='ocr_line' id='line_1_110' title="bbox 2585 5510 4204 5582; baseline 0.001 -18"><span class='ocrx_word' id='word_1_868' title='bbox 2585 5511 2644 5564; x_wconf 90' lang='lat' dir='ltr'>in</span> <span class='ocrx_word' id='word_1_869' title='bbox 2675 5510 2829 5575; x_wconf 92' lang='lat' dir='ltr'>loco,</span> <span class='ocrx_word' id='word_1_870' title='bbox 2866 5510 2965 5566; x_wconf 92' lang='lat' dir='ltr'>ubi</span> <span class='ocrx_word' id='word_1_871' title='bbox 2999 5510 3192 5566; x_wconf 83' lang='lat' dir='ltr'>fuerat</span> <span class='ocrx_word' id='word_1_872' title='bbox 3226 5510 3446 5565; x_wconf 91' lang='lat' dir='ltr'>domus</span> <span class='ocrx_word' id='word_1_873' title='bbox 3475 5510 3796 5580; x_wconf 86' lang='lat' dir='ltr'>cujusdam</span> <span class='ocrx_word' id='word_1_874' title='bbox 3819 5510 4071 5582; x_wconf 84' lang='lat' dir='ltr'>patricii,</span> <span class='ocrx_word' id='word_1_875' title='bbox 4101 5525 4204 5565; x_wconf 85' lang='lat' dir='ltr'>co-</span> 
     </span>
    </p>
   </div>
   <div class='ocr_carea' id='block_1_110' title="bbox 2585 5581 4199 5654">
    <p class='ocr_par' dir='ltr' id='par_1_110' title="bbox 2585 5581 4199 5654">
     <span class='ocr_line' id='line_1_111' title="bbox 2585 5581 4199 5654; baseline 0 -17"><span class='ocrx_word' id='word_1_876' title='bbox 2585 5588 2913 5651; x_wconf 89' lang='lat' dir='ltr'>gnomento</span> <span class='ocrx_word' id='word_1_877' title='bbox 2929 5582 3246 5638; x_wconf 82' lang='lat' dir='ltr'>Pharmaci</span> <span class='ocrx_word' id='word_1_878' title='bbox 3263 5599 3275 5637; x_wconf 89' lang='lat'><strong>:</strong></span> <span class='ocrx_word' id='word_1_879' title='bbox 3293 5597 3430 5654; x_wconf 62' lang='lat' dir='ltr'>qua</span> <span class='ocrx_word' id='word_1_880' title='bbox 3443 5596 3520 5654; x_wconf 88' lang='lat' dir='ltr'>an</span> <span class='ocrx_word' id='word_1_881' title='bbox 3536 5582 3607 5637; x_wconf 87' lang='lat' dir='ltr'>sit</span> <span class='ocrx_word' id='word_1_882' title='bbox 3629 5581 3834 5654; x_wconf 70' lang='lat' dir='ltr'>prima</span> <span class='ocrx_word' id='word_1_883' title='bbox 3844 5581 4084 5654; x_wconf 82' lang='lat' dir='ltr'>occasio</span> <span class='ocrx_word' id='word_1_884' title='bbox 4096 5597 4199 5637; x_wconf 85' lang='lat' dir='ltr'>co-</span> 
     </span>
    </p>
   </div>
   <div class='ocr_carea' id='block_1_111' title="bbox 2625 5653 4196 5726">
    <p class='ocr_par' dir='ltr' id='par_1_111' title="bbox 2625 5653 4196 5726">
     <span class='ocr_line' id='line_1_112' title="bbox 2625 5653 4196 5726; baseline 0.001 -17"><span class='ocrx_word' id='word_1_885' title='bbox 2625 5654 2910 5721; x_wconf 86' lang='lat' dir='ltr'>nominis,</span> <span class='ocrx_word' id='word_1_886' title='bbox 2923 5655 3237 5726; x_wconf 84' lang='lat' dir='ltr'>autipsam</span> <span class='ocrx_word' id='word_1_887' title='bbox 3249 5653 3462 5710; x_wconf 74' lang='lat' dir='ltr'>centra</span> <span class='ocrx_word' id='word_1_888' title='bbox 3472 5653 3824 5726; x_wconf 77' lang='lat' dir='ltr'>pharmaoa,</span> <span class='ocrx_word' id='word_1_889' title='bbox 3837 5653 3900 5710; x_wconf 88' lang='lat' dir='ltr'>id</span> <span class='ocrx_word' id='word_1_890' title='bbox 3911 5658 4196 5712; x_wconf 80' lang='lat' dir='ltr'>estvene-</span> 
     </span>
    </p>
   </div>
   <div class='ocr_carea' id='block_1_112' title="bbox 2625 5725 3767 5800">
    <p class='ocr_par' dir='ltr' id='par_1_112' title="bbox 2625 5725 3767 5800">
     <span class='ocr_line' id='line_1_113' title="bbox 2625 5725 3767 5800; baseline -0.001 -18"><span class='ocrx_word' id='word_1_891' title='bbox 2625 5726 2736 5800; x_wconf 86' lang='lat' dir='ltr'>cia,</span> <span class='ocrx_word' id='word_1_892' title='bbox 2762 5726 3110 5799; x_wconf 87' lang='lat' dir='ltr'>invocandi,</span> <span class='ocrx_word' id='word_1_893' title='bbox 3138 5725 3288 5783; x_wconf 88' lang='lat' dir='ltr'>alias</span> <span class='ocrx_word' id='word_1_894' title='bbox 3320 5725 3506 5798; x_wconf 76' lang='lat' dir='ltr'>quaeri</span> <span class='ocrx_word' id='word_1_895' title='bbox 3532 5725 3767 5798; x_wconf 90' lang='lat' dir='ltr'>poterit.</span> 
     </span>
    </p>
   </div>
  </div>
