4484 6446
280 372 378 424 901
1616 374 1686 430 IN
1726 376 1783 432 S.
1824 374 2295 435 THEODOSIAM.
3532 381 3638 437 902

282 496 412 545 Θεὸν
468 498 682 566 πορείας
747 492 935 553 ἀήθης.
987 492 1159 553 ἐζήτει
1224 496 1347 566 παρ’
1405 495 1626 555 ἑκάστης
1705 495 1881 557 ποδη-
1920 504 2053 556 Ast:

1867 530 1881 540 -
1920 504 1965 556 Α
1996 502 2264 572 superari
2298 500 2718 565 arbitrabatur,
2747 501 3027 556 miseram
3070 517 3197 556 sese
3241 504 3297 555 et
3343 500 3638 557 infelicem

281 584 512 650 νεῖσθαι.
569 588 658 632 καὶ
709 586 838 654 πρὸς
891 581 1077 652 ἀρετήν
1136 583 1254 652 παρ’
1327 583 1521 655 ἑκάστη
1595 586 1878 641 ἰθύνεσθαι.
1993 604 2052 659 δι

1869 630 1878 641 .
1993 589 2322 659 appellans.
2348 589 2640 661 Quodque
2662 589 2836 656 longe
2869 596 2959 643 est
2990 591 3211 659 majus,
3235 605 3373 644 cum
3398 594 3563 645 tanta
3587 589 3640 644 ei

285 672 439 720 Οὕτω
488 688 541 721 τε
591 678 793 739 πνεῦμα
840 677 1287 740 τεταπεινωμένον,
1339 678 1427 723 καὶ
1481 671 1705 744 καρδίαν
1768 696 1886 726 συν-
1995 678 2049 731 in

1867 706 1886 716 -
1995 678 2217 732 inesset
2248 678 2586 749 prudentia,
2623 684 2865 748 tamque
2890 677 3175 754 praeclara
3208 676 3423 747 agendi
3469 678 3638 745 ratio,

1994 766 2143 820 inter
2170 766 2440 835 ejusdem
2482 766 2855 820 contubernii
2896 765 3154 831 sodales,
3190 765 3353 820 nulla
3384 766 3642 822 elatioris

1993 855 2175 909 animi
2204 854 2419 909 edebat
2448 858 2639 923 signa,
2672 854 2899 909 nullam
2935 870 3179 909 suarum
3214 854 3514 912 sodalium
3558 855 3644 910 in-

287 935 451 988 vidia
483 936 979 1005 prosequebatur.
1015 937 1116 990 sed
1148 953 1352 991 amore
1384 945 1627 994 cunctas
1670 946 1726 993 et
1758 941 2165 997 benevolentia
2219 943 2728 1013 complectebatur
2778 942 3083 1009 singulari.
3126 946 3252 998 Non
3284 942 3453 998 aliter
3490 959 3643 1015 quo-

287 1038 407 1092 que
439 1039 622 1093 quam
650 1025 697 1077 si
732 1026 787 1078 in
813 1024 1020 1078 divino
1047 1025 1338 1095 obsequio
1370 1027 1570 1082 fuisset
1596 1030 1832 1087 novitia.
1866 1036 1921 1083 et
1945 1030 2206 1085 methodi
2254 1032 2328 1085 ad
2371 1033 2554 1085 Deum
2597 1031 3125 1102 appropinquandi
3157 1032 3369 1099 ignara
3413 1037 3516 1087 aut
3558 1033 3646 1086 in-

288 1117 481 1177 sueta,
509 1128 539 1164 a
572 1113 824 1175 singulis
858 1113 1095 1183 petebat
1123 1116 1352 1169 instrui.
1386 1124 1439 1169 et
1480 1118 1537 1169 in
1570 1123 1791 1172 rectam
1828 1118 2053 1172 virtutis
2086 1120 2383 1188 semitam,
2414 1121 2461 1173 si
2492 1121 2636 1174 forte
2686 1120 2962 1173 aberrare
3014 1120 3382 1189 contingeret
3418 1120 3644 1176 reduci.

290 1202 376 1253 lta
410 1201 681 1270 spirituum
739 1202 869 1272 ipsa
900 1202 1162 1257 habebat
1193 1204 1596 1267 humiliatum.
1629 1211 1685 1260 et
1716 1221 1819 1260 cor
1848 1208 2187 1267 contritum,
2221 1224 2356 1280 quas
2412 1209 2534 1263 duo
2581 1208 2886 1279 despicere
2921 1210 3071 1263 Deus
3100 1223 3449 1281 nequaqum
3477 1209 3648 1278 solet,

280 764 622 829 τετριμμένην
688 758 948 823 ἐκέκτητο,
1011 760 1044 809 ἀ
1114 766 1183 829 μή
1250 760 1542 822 ἐξουθενοῦν
1594 769 1679 813 τὸν
1757 768 1886 816 Θεὸν

288 848 468 915 φθάνει
505 854 916 920 μεμαρτυρηκὼς
945 850 969 898 ὅ
1002 845 1185 899 Δαυίδ.

286 1288 809 1358 quemadmodum
839 1299 1083 1345 sanctus
1115 1297 1363 1345 testatur
1388 1294 1587 1347 David.

362 1392 425 1453 ζ’.
479 1394 680 1465 Ἀμέλει
722 1414 804 1447 τοι
856 1404 928 1465 τῲ
985 1399 1185 1468 θυμικῲ
1240 1398 1455 1467 ἔχουσά
1504 1398 1573 1469 ἐφ’
1640 1400 1729 1450 οὐκ
1796 1406 1884 1459 τῆς

284 1481 475 1552 ψυχῆς
524 1486 719 1556 ὅτῳπερ
772 1484 831 1534 ἂν
888 1490 1177 1555 χρήσαιτο,
1228 1487 1338 1537 ὅλον
1393 1491 1524 1537 κατὰ
1574 1497 1663 1539 του
1718 1487 1883 1560 ἀρχε-

285 1571 451 1621 κάκου
504 1577 589 1621 τὸν
660 1574 820 1643 θυμὸν
866 1572 1033 1642 ἐξέχεε
1102 1581 1320 1631 σατανοὶ,
1401 1575 1660 1648 πόρρωθεν
1736 1578 1887 1627 αὐτὸν

290 1657 644 1729 ἀπερύκουσα,
693 1660 951 1734 πορῥωθεν
1006 1659 1356 1723 ἐκδιώκουσά,
1412 1670 1501 1715 καὶ
1552 1669 1623 1735 μή
1712 1674 1887 1735 παραεέ

290 1756 548 1817 χωροῦσα
582 1752 639 1799 τὸ
688 1752 934 1821 παράπαν
986 1754 1361 1822 προσεγγίσάι,
1432 1750 1582 1823 μηδ’,
1640 1756 1665 1805 ὅ
1713 1774 1888 1824 φασιν,

294 1834 348 1897 ἐξ
391 1834 714 1908 ἀγχωμάλου
773 1838 1181 1909 συμπλέκεσθαι.
1242 1841 1316 1891 Οὐ
1374 1845 1473 1914 γὰρ
1535 1845 1615 1892 ὅτι
1662 1862 1720 1912 γε
1770 1848 1895 1914 πρὸς
1927 1820 1964 1872 Β

296 1922 477 1995 βολαῖς
516 1924 866 1999 ἀκροϐολίζειν
926 1928 1018 1979 οὐκ
1068 1925 1303 1980 ἐνεδίδου
1349 1934 1435 1981 τὸν
1497 1930 1893 2003 πολυμήχανον,

296 2009 509 2074 οὖδέἰς
532 2014 701 2071 πάλην
753 2015 881 2077 ὅλως
934 2014 1063 2068 ἀνίει
1118 2026 1308 2089 χωρεῖν
1348 2023 1436 2069 καὶ
1486 2018 1891 2090 ξυμπλέκεσθαι·

299 2101 408 2152 ἀλλ’
442 2103 496 2153 εὖ
528 2103 666 2175 μάλα
713 2104 974 2178 πόρρωθεν
1022 2102 1179 2179 εἶργε,
1239 2111 1329 2157 καὶ
1392 2110 1515 2159 ὡσεί
1568 2127 1643 2167 τις
1687 2107 1898 2181 ἀριστος

298 2196 617 2262 στρατηγὸς,
674 2196 798 2244 ὡσεί
862 2213 942 2253 τις
996 2191 1165 2255 δεξιὸς
1224 2194 1631 2265 ἀνταγωνιστὴς,
1681 2195 1734 2247 ἐκ
1800 2206 1900 2248 τῶν

297 2278 580 2331 ἀπωτάτων
620 2283 1007 2351 κατηγωνίζετο
1066 2286 1351 2354 φθάνουσα.
1403 2281 1603 2342 Μηδενί
1657 2283 1899 2357 δ’ἀσχο-

291 2367 514 2439 λουμένῃ
570 2378 669 2421 τῶν
733 2370 987 2439 ἐνταυθοῖ,
1042 2368 1263 2442 μηδενὸς
1316 2372 1722 2447 ἐπιστρεφομένη
1800 2383 1900 2426 τῶν

297 2462 507 2528 κόσμου
573 2468 821 2531 τερπνῶν,
905 2460 1019 2511 ὅλον
1098 2465 1155 2512 τὸ
1232 2460 1607 2533 ἐπιθυμητικὸν
1686 2467 1901 2516 ἀνέτεινε

294 2551 430 2621 πρὸς
451 2552 600 2607 Θεὸν,
634 2554 724 2601 καὶ
752 2558 847 2610 τῆς
873 2550 1033 2601 αὐτοῦ
1081 2570 1344 2624 κατάκρας
1402 2550 1610 2622 ἀγάπης
1664 2552 1898 2619 ἑάλωκεν,

297 2635 391 2707 ὅλη
427 2644 559 2689 Θεοῦ
586 2642 675 2689 καὶ
713 2646 814 2689 τῶν
874 2640 1018 2690 θείων
1062 2642 1353 2712 ἱμειρομένη
1401 2640 1577 2713 ψυχή.
1613 2641 1792 2704 Οῦτως
1848 2641 1903 2693 ἐκ

298 2730 532 2796 πρώτης,
566 2728 592 2777 ὅ
620 2745 795 2797 φασιν,
830 2729 859 2783 η
890 2733 1339 2802 μακαρίατριχὸς,
1370 2736 1517 2780 πᾶσα
1547 2735 1636 2802 μεν
1655 2736 1744 2782 καὶ
1768 2730 1905 2782 ἐντο-

301 2809 396 2867 λήν
426 2809 648 2886 ἐπλήρου
680 2820 1021 2881 Δεσποτικήν,
1056 2820 1219 2887 μέχρι
1254 2822 1461 2891 κεραίας
1494 2823 1580 2870 καὶ
1611 2819 1713 2878 ἐνὸς
1756 2819 1902 2885 ἰῶτα,

302 2901 372 2949 τὰ
401 2908 493 2950 τοῦ
521 2903 659 2952 θείου
690 2907 848 2974 νόμου
877 2904 1164 2973 φυλάττειν,
1197 2908 1261 2964 ὡς
1292 2906 1443 2965 αὐτὸς
1474 2909 1706 2969 ὑπέθετο,
1752 2911 1908 2959 σπεὺ-

2070 1385 2123 1438 7.
2158 1388 2409 1440 Omnem
2441 1386 2626 1440 animi
2656 1386 2877 1439 fastum
2908 1390 2963 1438 et
2995 1391 3221 1441 motum
3250 1387 3650 1442 vehementio-

2000 1489 2126 1527 rem
2158 1474 2335 1545 plane
2366 1480 2628 1530 exuerat.
2657 1490 2793 1528 cum
2822 1474 2966 1528 nihil
2996 1475 3290 1531 accideret
3318 1478 3484 1548 quod
3532 1477 3649 1531 vir-

2006 1563 2201 1629 ginem
2234 1572 2504 1618 sanctam
2536 1563 2612 1617 ad
2646 1561 3018 1617 iracundiam
3051 1570 3251 1634 posset
3298 1580 3648 1634 provocare;

2005 1650 2148 1704 illud
2182 1652 2377 1706 solum
2411 1653 2734 1705 retinuerat
2756 1651 2861 1704 zeli
2906 1657 2961 1704 et
3009 1652 3426 1721 animositatis,
3485 1654 3653 1726 quod

2005 1744 2062 1796 in
2090 1741 2430 1795 dtemonem
2482 1740 2786 1795 eﬂundere
2844 1754 2965 1794 non
3022 1740 3148 1794 sine
3207 1742 3397 1808 gloria
3452 1746 3655 1813 posset

2010 1831 2203 1898 Longe
2232 1830 2409 1899 igitur
2448 1829 2611 1884 illum
2641 1846 2677 1884 a
2702 1844 2763 1883 se
2807 1829 3068 1895 abigere,
3098 1828 3277 1898 longe
3326 1830 3655 1899 fugientem

2006 1921 2302 1991 persequi,
2330 1936 2527 1991 neque
2556 1920 2825 1973 ommino
2853 1919 3402 1990 appropinquandi,
3430 1926 3534 1975 aut
3581 1936 3656 1976 ex

2006 2009 2378 2081 eequo,quod
2394 2009 2579 2077 aiunt,
2598 2007 3024 2078 congrediendi
3052 2024 3255 2063 secum
3276 2010 3656 2066 occasionem

2008 2099 2365 2169 permittere.
2399 2101 2524 2153 Non
2583 2097 2740 2151 enim
2799 2096 3093 2152 adversus
3147 2096 3303 2152 hosti
3354 2098 3657 2155 vaferrimi

2008 2188 2265 2253 impetus
2302 2186 2396 2241 vel
2427 2187 2662 2241 eminus
2710 2202 2853 2240 suas
2896 2185 3150 2256 experiri
3191 2184 3433 2242 volebat
3478 2188 3654 2259 vires,

2010 2292 2117 2330 nec
2148 2277 2206 2329 in
2237 2275 2579 2347 palaestram
2610 2275 2858 2329 omnino
2904 2274 3238 2329 sustinebat
3293 2274 3659 2332 descendere

2009 2370 2066 2419 et
2100 2365 2375 2419 cominus
2418 2380 2554 2418 cum
2586 2380 2655 2419 eo
2687 2363 2990 2433 congredi,
3033 2363 3135 2419 sed
3196 2363 3426 2419 meliori
3480 2364 3660 2435 longe

2010 2454 2257 2511 consilio
2290 2453 2498 2526 procul
2527 2452 2695 2508 illum
2723 2469 2757 2507 a
2779 2468 2839 2507 se
2858 2451 3079 2522 jubens
3130 2452 3441 2521 facessere,
3498 2469 3664 2525 egre-

2011 2546 2088 2615 gii
2122 2560 2366 2616 prorsus
2408 2543 2597 2598 militis
2653 2548 2709 2597 et
2750 2541 3142 2610 antagonistaa
3196 2549 3397 2614 partes
3448 2559 3662 2601 omnes

2011 2634 2319 2706 implebat,
2360 2632 2507 2687 dum
2540 2647 2570 2685 e
2600 2631 2932 2702 longinquo
2964 2636 3020 2685 et
3049 2632 3223 2702 quasi
3260 2632 3495 2701 fugiens
3544 2634 3662 2689 ini-

2014 2725 2236 2780 micum
2264 2736 2439 2774 suum
2470 2724 2643 2774 caute
2674 2721 3002 2790 impeteret.
3030 2719 3179 2774 Nulli
3207 2736 3416 2776 earum
3460 2737 3664 2779 rerum

2011 2828 2166 2885 quas
2210 2810 2305 2864 hic
2354 2808 2642 2863 miramur
2698 2808 2946 2875 intenta,
3005 2808 3183 2863 nullis
3232 2811 3442 2864 mundi
3479 2810 3665 2880 hujus

2012 2898 2422 2971 voluptatibus
2451 2897 2691 2961 irretita,
2711 2897 2917 2952 omnia
2942 2913 3053 2953 sua
3079 2902 3221 2954 vota
3244 2898 3667 2973 desideriaque

307 2983 501 3040 δουσαο
522 2990 678 3043 Ἀλλὰ
701 2996 759 3044 τὸ
786 2994 984 3064 μεῖζον,
1016 2991 1143 3045 ἀλλὰ
1157 2998 1213 3045 τὸ
1227 2999 1494 3065 μέγιστον,
1521 2996 1644 3065 ἐρῶν
1657 2999 1904 3069 ἔρχομαι.
1984 3046 1987 3047 ,
2016 2991 2075 3045 in

1894 3036 1904 3048 .
1984 3046 1987 3047 ν
2016 2991 2075 3045 in
2108 3005 2293 3045 unum
2330 2990 2513 3042 Deum
2553 2986 2814 3055 deﬁgere
2849 2986 2957 3041 fuit
3017 2986 3190 3043 solita
3222 3008 3233 3042 :
3266 2986 3425 3043 illius
3484 2990 3665 3046 unius

306 3077 661 3148 capiebatur
697 3096 923 3147 amore,
957 3088 1076 3137 toto
1118 3084 1320 3138 animo
1351 3084 1454 3139 diu
1482 3090 1781 3157 noctuque
1813 3086 1932 3139 Deo
1965 3096 2035 3137 ac
2076 3078 2256 3134 rebus
2290 3075 2505 3130 divinis
2535 3074 2870 3130 intendens.
2909 3079 2988 3129 Ita
3017 3075 3245 3146 primis,
3276 3077 3445 3148 quod
3478 3077 3666 3147 aiunt,

309 3166 651 3234 unguiculis
683 3169 851 3238 virgo
881 3173 994 3225 ista
1020 3170 1374 3227 beatissima
1413 3175 1790 3244 praescriptas
1810 3190 1846 3227 a
1874 3175 1991 3226 Deo
2020 3165 2366 3224 hominibus
2402 3163 2633 3219 vivendi
2658 3163 2818 3232 leges
2849 3163 3137 3235 implebat
3166 3180 3397 3228 omnes,
3428 3164 3491 3221 id
3516 3165 3672 3223 solli-

306 3256 418 3309 cite
444 3271 684 3323 curans,
712 3265 774 3312 ut
806 3274 878 3313 ne
912 3264 1203 3328 punctum
1231 3260 1475 3332 quidem
1512 3278 1696 3317 unum
1732 3276 1963 3317 unusve
2010 3272 2164 3329 apex
2202 3255 2420 3310 divinae
2449 3252 2597 3323 legis
2635 3252 2968 3307 custoditus
2994 3251 3348 3320 elaberetur,
3376 3256 3673 3326 quemad-

302 3345 557 3399 modum
589 3347 845 3417 ipsemet
884 3348 1171 3403 Dominus
1202 3349 1260 3404 id
1293 3348 1636 3406 faciendum
1667 3348 1986 3406 constituit.
2011 3346 2131 3403 Sed
2158 3360 2319 3400 nunc
2343 3343 2543 3414 majus
2582 3341 2900 3414 quiddam,
2924 3340 3045 3396 imo
3076 3341 3434 3413 maximum,
3464 3359 3675 3415 aggre-

301 3432 438 3489 dior
465 3434 688 3491 dicere.

1826 3580 2054 3638 CAPUT
2094 3577 2155 3634 ll.

412 3721 525 3775 Leo
557 3719 884 3787 Isauricus,
918 3722 1207 3791 imagines
1228 3720 1587 3792 aboliturus,
1616 3720 2004 3846 Gymnaséum
2025 3718 2331 3844 pubilgcum
2363 3732 2495 3772 cum
2521 3716 2827 3787 magistris
2864 3716 2977 3773 sibi
3003 3719 3453 3777 adversantibus
3480 3720 3570 3777 in-

1768 3807 1874 3846 cen
1922 3806 1978 3846 ιο
2008 3805 2114 3846 per
2158 3805 2175 3844 ι
2211 3832 2222 3842 .

1768 3805 1978 3848 ιἐηαιο
2006 3805 2222 3859 ρεναιι.

386 3913 452 3973 η’.
510 3913 605 3966 Ἦν
662 3918 751 3987 μεν
800 3916 963 3978 οὕτως
1011 3918 1041 3974 ἡ
1103 3922 1341 3993 μακαρία
1394 3914 1660 3989 διάγουσα
1727 3915 1915 3991 ἀρέτῆς
1955 3916 1994 3971 C
2096 3916 2146 3968 8.

1905 3936 1915 3977 ;
1955 3916 1994 3971 C
2096 3916 2146 3968 8.
2183 3915 2343 3968 Hanc
2382 3911 2849 3984 pulcherrimam
2884 3928 3028 3969 sane
3088 3913 3322 3970 vivendi
3379 3917 3676 3976 rationem

324 4003 688 4076 ἐπιμελομένη,
732 4004 921 4063 ἑαυτήν
969 4013 1031 4064 τῆ
1076 4015 1205 4079 μονῇ
1254 4006 1648 4082 περικλείουσα,
1695 4011 1783 4058 καὶ
1822 4024 1915 4078 μο-

316 4115 386 4165 νῳ
436 4100 549 4163 Θεῷ
599 4088 692 4145 διὰ
744 4097 935 4156 παντὸς
984 4100 1413 4169 προσανέχουσα.
1471 4096 1605 4148 Ἀλλ’
1680 4094 1768 4155 ἓως
1853 4097 1919 4147 τὰ

315 4182 438 4233 καθ’
468 4184 603 4254 ἡμᾶς
632 4178 746 4253 εἶχε
775 4182 957 4247 καλῶς,
996 4188 1085 4235 καὶ
1111 4190 1229 4259 περὶ
1269 4193 1402 4237 Θεοῦ
1464 4191 1551 4237 καὶ
1610 4193 1707 4236 τῶν
1771 4186 1918 4236 θείων

320 4279 617 4348 φρονοῦντες
674 4268 800 4345 ἦμεν
860 4272 1009 4348 ὀρθὰ,
1067 4277 1125 4325 τὸ
1180 4274 1246 4335 εἰς
1306 4275 1651 4348 κληρονομίαν
1712 4271 1919 4327 ὶδιωθεν

319 4362 462 4432 αὐτῷ
495 4366 811 4434 σχοίνισμα,
844 4365 869 4413 ὅ
918 4366 1022 4422 νέος
1077 4362 1310 4439 Ἰσραήλ,
1372 4366 1396 4416 ὅ
1448 4368 1746 4440 περιούσιος
1796 4363 1919 4425 λαὸς

318 4456 412 4503 καὶ
450 4449 726 4524 ἐξαίρετος.
781 4451 921 4504 Ἐπεὶ
988 4449 1041 4504 δ’
1107 4454 1132 4504 ὅ
1189 4454 1378 4505 ἄνωθεν
1430 4453 1733 4527 βασκαίνων
1793 4455 1919 4525 ημῖν

317 4538 533 4602 πολλαῖς
592 4540 833 4601 πολλάκις
887 4540 1005 4592 καθ’
1073 4543 1218 4613 ήμῶν
1302 4540 1572 4615 ἐχρήσατο
1649 4551 1921 4615 μηχαναῖς

321 4626 494 4695 (οὐδὲν
523 4627 707 4682 δ’ὅτι
756 4636 846 4682 καὶ
904 4630 1105 4701 ήνυσε),
1159 4630 1429 4685 κάντεῦθεν
1480 4632 1775 4707 ἐξηπορήθη
1829 4638 1920 4686 καὶ

320 4720 661 4791 ήμηχάνησε,
724 4721 894 4771 πάντα
936 4722 1044 4791 μεν,
1108 4721 1135 4771 ὁ
1200 4740 1350 4793 φασι,

318 4811 455 4860 κατὰ
512 4815 607 4870 τῆς
666 4807 978 4870 Ἐκκλησίας
1042 4814 1199 4879 Θεοῦ,

1425 4722 1592 4774 κάλων
1674 4728 1789 4781 κινή
1801 4742 1918 4786 σας,

1284 4831 1354 4883 μη
1365 4807 1399 4863 δ
1401 4814 1450 4863 εν
1536 4808 1585 4863 δ’
1661 4810 1817 4871 ἐκτελῆ
1830 4832 1922 4864 σαι

321 4893 566 4959 δυνηθείς
595 4906 694 4949 τῶν
716 4902 848 4971 πρὸς
878 4896 1155 4971 βούλησιν,
1186 4898 1311 4952 ἀλλὰ
1361 4905 1449 4953 καὶ
1501 4900 1695 4953 πλατὺν
1762 4901 1921 4974 ὀφλή-

320 5006 418 5049 σας
469 4986 784 5059 κατάγελων,
838 4987 965 5048 ὅλως
1027 4988 1192 5060 ἑαυτῷ
1246 4994 1439 5061 ’γίνεται
1490 4996 1580 5043 καὶ
1628 4995 1921 5064 καινότερόν

318 5096 370 5128 τι
410 5077 741 5147 τεχνάζεται.
813 5077 889 5129 Οῦ
945 5080 1046 5151 γάρ
1095 5098 1148 5130 τι
1203 5088 1301 5131 τῶν
1358 5082 1504 5132 θείων
1552 5089 1921 5155 παραποιήσαι

320 5162 597 5236 δογμάτων
647 5165 868 5241 ἐπαίρει·
927 5162 1021 5219 διὰ
1081 5170 1182 5241 γάρ
1270 5172 1475 5222 πάντων
1550 5168 1919 5245 ἐπιχειρήσας,

2026 4002 2265 4058 tenebat
2306 4000 2655 4070 Theodosia,
2724 4002 2953 4057 virtutis
3030 4003 3229 4060 studio
3304 4006 3678 4065 continenter

2026 4091 2365 4158 intendens,
2407 4090 2699 4159 virginem
2760 4105 3066 4146 sacrarum
3120 4092 3399 4150 cmnobio
3446 4096 3675 4166 clausa,

2028 4186 2084 4237 et
2107 4185 2303 4235 mente
2326 4181 2386 4235 in
2420 4182 2606 4235 Deum
2646 4195 2885 4251 semper
2928 4185 3142 4236 erecta.
3191 4183 3410 4239 Notum
3474 4189 3680 4242 autem

2028 4276 2132 4342 est,
2166 4268 2477 4342 quomodo
2508 4285 2647 4324 cum
2676 4269 2883 4324 omnia
2902 4273 3108 4326 nostra
3136 4270 3302 4328 salva
3328 4272 3529 4330 adhuc
3546 4291 3677 4334 esse

2028 4367 2084 4417 et
2123 4358 2467 4428 incolumia,
2501 4364 2558 4413 et
2590 4357 2664 4412 de
2724 4360 2840 4413 Deo
2896 4359 3233 4433 divinisque
3280 4362 3463 4419 rebus
3521 4372 3680 4424 recte

2028 4466 2241 4506 omnes
2287 4448 2662 4514 sentiremus,
2716 4464 2958 4504 eramus
3019 4449 3281 4521 populus
3327 4453 3582 4510 eximius
3624 4460 3683 4513 et

2028 4539 2269 4611 electus,
2306 4537 2412 4610 qui
2437 4537 2597 4593 velut
2624 4553 2815 4592 novus
2839 4536 3033 4603 Israel,
3076 4538 3189 4609 ipsi
3246 4542 3484 4613 proprie
3528 4544 3683 4601 obti-

2030 4626 3019 4701 gimusinfuniculumhaereditatis
3060 4644 3203 4683 sum.
3241 4632 3312 4685 At
3348 4636 3682 4705 postquam

2029 4735 2061 4774 e
2081 4717 2231 4774 coelo
2252 4715 2462 4789 pulsus
2498 4714 2795 4788 superbia
2820 4715 3063 4787 spiritus
3092 4732 3269 4773 suam
3311 4718 3372 4774 in
3403 4720 3685 4779 homines

2028 4807 2319 4864 invidiam
2358 4806 2417 4860 in
2454 4810 2730 4877 apertum
2777 4804 2955 4877 coepit
3019 4805 3304 4877 proferre,
3360 4808 3565 4866 multis
3612 4828 3685 4869 ac

2030 4898 2212 4954 variis
2243 4895 2583 4968 frequenter
2612 4894 2911 4950 machinis
2942 4894 3175 4950 animos
3206 4901 3443 4954 nostros
3491 4916 3688 4974 oppu-

2031 5003 2216 5060 gnare
2246 4990 2335 5041 est
2372 5000 2719 5058 aggressus.
2754 4986 2824 5041 Ut
2838 4984 3282 5041 veroadversus
3300 4985 3430 5043 illos
3462 5005 3684 5062 parum

2029 5076 2234 5142 valuit,
2260 5079 2316 5131 et
2345 5075 2457 5131 hac
2497 5090 2569 5129 ex
2598 5079 2765 5146 parte
2797 5071 3147 5145 proﬁciendi
3168 5074 3483 5147 quidpiam
3513 5095 3688 5151 spem

2032 5182 2277 5224 omnem
2308 5164 2746 5235 machinasque
2768 5163 2986 5234 abjecit
3015 5163 3270 5233 inutiles,
3308 5165 3427 5223 alia
3468 5167 3689 5228 deinde

319 5250 417 5306 διὰ
438 5256 642 5307 πάντων
700 5261 791 5307 καὶ
848 5254 1286 5331 ἁποκέκρουσται·
1339 5264 1402 5311 Τί
1452 5259 1539 5311 οὖν
1569 5259 1594 5311 ὁ
1627 5267 1876 5333 σκαιωρεῖ
1904 5277 1918 5328 ;
1957 5274 2000 5328 ι)
2030 5273 2090 5313 ra

1957 5274 2000 5328 ι)
2030 5256 2259 5313 ratione
2278 5254 2486 5310 omnia
2537 5253 2856 5326 susdeque,
2901 5258 2964 5308 ut
3000 5252 3278 5321 dicimus,
3336 5260 3583 5327 vertere,
3632 5265 3692 5317 et

316 5347 373 5395 τί
431 5351 742 5417 μηχανᾶται
795 5346 820 5397 ὅ
881 5345 1280 5419 πολυμήχανος;
1340 5351 1439 5409 Τὰς
1506 5350 1641 5410 θείας
1702 5349 1920 5416 εἰκόνας,

317 5435 386 5484 τὰ
440 5434 550 5507 ἱερὰ
605 5439 696 5486 καὶ
752 5436 1027 5487 πάνσεπτα
1077 5434 1446 5509 ἐκτυπώματα,
1507 5436 1562 5490 ἐκ
1621 5443 1804 5511 μέσου,
1857 5442 1928 5501 ὡς

322 5524 518 5584 ἱκανοῖς
556 5524 703 5575 ταῦτ’
751 5522 1028 5598 ἐνεργῆσαι
1090 5521 1358 5597 διέγνωκε,
1420 5528 1752 5585 ποιήσασθαι
1800 5528 1928 5581 ὐπο-

321 5613 541 5664 τίθεταιο
579 5617 668 5665 καὶ
698 5614 728 5672 ή
763 5616 1029 5678 ὑποθήκη,
1062 5618 1119 5667 τὸ
1174 5611 1383 5684 δοκοῦν,
1444 5612 1613 5685 δεξιὰ,
1675 5614 1825 5682 δεξιά
1876 5615 1928 5671 δ’

321 5700 504 5754 ὁποίαν
546 5700 790 5756 ἐκκλίνειν
840 5708 906 5765 ὡς
953 5700 1235 5773 δοκοῦσαν,
1296 5703 1430 5759 ἀλλὰ
1473 5712 1545 5779 μή
1600 5707 1784 5779 οὖσαν,
1839 5713 1929 5763 καὶ

2032 5347 2228 5419 ipsam
2263 5346 2360 5401 Dei
2420 5343 2746 5401 Ecclesiam
2795 5343 3042 5413 aggredi
3098 5343 3367 5401 instituit.
3420 5348 3690 5423 Cumque

2034 5451 2274 5492 rursum
2303 5433 2451 5490 nihil
2493 5450 2704 5490 eorum
2751 5449 2887 5505 quae
2937 5432 3283 5503 singulatim
3336 5443 3697 5510 conceperat

2035 5524 2268 5583 efﬁcere
2298 5525 2604 5594 valuisset,
2631 5524 2777 5597 quin
2795 5522 2974 5580 etiam
3001 5520 3192 5579 effuso
3230 5525 3353 5581 risu
3380 5529 3698 5588 meruisset

2037 5616 2251 5688 excipi,
2285 5614 2364 5671 ad
2387 5631 2529 5671 suas
2556 5630 2618 5670 se
2648 5618 2803 5671 artes
2824 5617 3015 5669 totum
3037 5614 3347 5681 convertit,
3372 5632 3444 5672 ac
3464 5632 3698 5678 novum

2040 5706 2218 5780 plane
2280 5705 2600 5763 consilium
2658 5704 2997 5775 excogitare
3048 5704 3247 5777 capit.
3309 5707 3439 5767 Non
3530 5710 3695 5770 enim
