4484 6446
843 401 945 457 903

839 534 1030 577 unum
1065 515 1401 590 quodpiam
1429 513 1769 570 divinorum
1783 512 2138 581 dogmatum
2165 509 2489 582 suspicioni

839 608 1115 666 falsitatis
1160 604 1490 662 obnoxium
1536 602 1786 659 reddere
1848 605 1936 657 est
1996 615 2341 670 aggressus,
2384 598 2491 654 sed

838 697 1130 756 adversus
1162 697 1376 750 cuncta
1419 691 1596 747 simul
1651 691 1988 760 insurgens,
2029 689 2091 744 in
2143 704 2215 744 ea
2261 688 2490 744 rabiem

839 802 1014 842 suam
1040 798 1285 841 omnem
1323 787 1574 837 conatus
1604 786 1692 836 est
1719 779 2044 835 effundere.
2116 776 2267 842 Quid
2315 777 2492 846 igitur

837 875 981 932 mali
1019 871 1260 930 molitus
1287 875 1376 926 est
1416 870 1444 926 ?
1503 886 1657 942 quas
1700 867 2176 924 machinationes
2219 864 2490 922 adhibuit

837 962 1140 1036 pessimus
1193 959 1454 1030 genius?
1513 957 1896 1013 Venerandas
1945 955 2044 1011 Dei
2091 954 2490 1024 divorumque

836 1051 1156 1123 imagines,
1186 1063 1388 1104 sacras
1409 1047 1538 1102 illas
1566 1051 1623 1102 et
1650 1045 1816 1100 omni
1845 1044 2073 1100 honore
2101 1041 2488 1112 dignissimas

836 1140 1082 1209 efﬁgies,
1131 1141 1337 1209 utpote
1375 1151 1530 1208 quas
1577 1133 1851 1207 pluribus
1917 1147 2037 1188 non
2116 1146 2332 1203 parum
2409 1129 2486 1184 ad

833 1233 991 1286 recte
1024 1226 1331 1298 agendum
1353 1224 1638 1296 prodesse
1657 1221 1992 1294 judicabat,
2020 1219 2224 1276 statuit
2244 1218 2487 1274 emedio

835 1317 949 1373 sibi
981 1333 1113 1372 esse
1135 1312 1448 1370 tollendas.
1478 1315 1544 1367 Et
1571 1312 1667 1367 via
1697 1309 1945 1382 quidem
1967 1308 2046 1364 ad
2075 1308 2190 1363 hoc
2223 1305 2483 1376 tetendit,
2509 1310 2670 1361 recta
2695 1307 2756 1362 in
2787 1309 3050 1379 speciem
3093 1326 3106 1364 :

2051 376 2506 443 CONSTANTINI
2544 385 2998 443 ACROPOLITE

4098 399 4203 455 904

2519 512 2566 565 Α
2601 511 2770 562 πάντα
2810 514 3063 584 φέρουσαν
3104 509 3438 586 ἐπαρίστερα,
3490 515 3516 566 ὁ
3576 519 3734 588 σοφός
3785 518 3998 571 ὑπέθετο
4055 520 4203 572 Σολο-

2601 606 2728 669 μῶν.
2756 594 2962 650 [εἴδωλα
3009 598 3237 668 νομίζειν
3285 601 3522 666 ὑπέϐαλε,
3581 610 3670 657 καὶ
3725 610 3818 664 τὴν
3876 614 3991 680 περὶ
4039 615 4204 659 ταῦτα

2603 684 2842 745 σπουδὴν
2871 696 2965 748 τῆς
2996 688 3221 750 παλαιοῖς
3250 687 3380 742 εἶναι
3408 692 3628 760 πλάνης,
3677 701 3766 746 καὶ
3816 705 3912 758 τῆς
3967 699 4201 770 ἀρχαίας

2599 774 2792 836 ἐκείνης
2846 776 3109 849 τερθρείας
3177 775 3380 848 ἀπᾷδον
3451 783 3618 838 πάντη
3715 789 3988 855 πεφηνέναι
4077 793 4204 857 Χρι-

2601 871 2826 925 στιανοῑς
2873 863 3130 934 λείψανον.
3194 867 3357 920 Βαϐαῖ
3419 877 3514 931 τῆς
3586 871 3799 943 τόλμηςὲ
3867 871 4033 944 βαϐαὶ
4106 883 4199 934 τῆς

2600 957 2910 1013 σκαιότητος
2939 954 2951 1008 ξ
2977 962 3068 1025 φεῦ
3098 964 3196 1006 τὼν
3233 967 3486 1028 μηχανῶν
3544 967 3636 1012 τοῦ
3701 959 3988 1036 ἀλάστορος
4021 963 4033 1016 l
4087 970 4195 1015 Νῦν

2595 1045 2685 1113 μὲν
2729 1042 2906 1106 οὕτως,
2961 1050 3048 1094 νῦν
3101 1040 3152 1095 δ’
3209 1045 3385 1119 ἑτέρως
3441 1045 3717 1121 ἐπιχειρεῖ,
3772 1049 3872 1101 κάκ
3927 1059 4029 1102 τῶν
4107 1049 4196 1104 δε-

2596 1129 2716 1192 ξιῶν
2739 1128 2936 1202 βάλλει,
2969 1129 3070 1182 κάκ
3096 1141 3194 1184 τῶν
3240 1132 3544 1208 ἀριστερῶν,
3599 1138 3625 1189 ό
3680 1144 3799 1212 περὶ
3852 1143 3911 1190 τό
3964 1159 4197 1213 κακουρ-

2595 1226 2701 1289 γεῖν
2740 1216 3190 1292 ἀμφοτεροδέξιος.

3146 1310 3252 1365 sed
3299 1316 3459 1370 recta
3483 1315 3726 1386 qualem
3764 1314 4194 1373 declinandam

833 1405 1066 1462 monuit
1095 1403 1337 1474 sapiens
1376 1400 1687 1462 Salomon,
1711 1403 1914 1470 utpote
1943 1413 2080 1468 quae
2123 1396 2256 1451 talis
2283 1395 2569 1460 videatur,
2624 1395 2729 1450 sed
2787 1411 2910 1450 non
2968 1398 3060 1465 sit,
3122 1414 3329 1455 verum
3381 1401 3457 1457 ad
3489 1404 3768 1475 sequiora
3810 1405 4013 1461 ducat.
4051 1408 4197 1475 Sug-

835 1495 1002 1565 gerit,
1035 1493 1200 1564 ipsas
1233 1489 1620 1545 aestimandas
1643 1503 1770 1543 esse
1803 1486 1984 1550 idola,
2019 1490 2075 1540 et
2098 1500 2278 1540 omne
2301 1483 2458 1538 circa
2479 1499 2582 1538 eas
2603 1483 2896 1553 studium,
2918 1487 3139 1541 veteris
3183 1503 3312 1544 esse
3343 1490 3558 1546 erroris
3588 1498 3768 1564 atque
3803 1493 4066 1565 antiquae
4106 1510 4201 1549 su-

830 1580 1195 1658 perstitionis
1217 1578 1543 1634 evanidum
1564 1577 1902 1644 vestigium,
1935 1575 2086 1630 inter
2125 1573 2459 1628 Chistianos
2487 1571 2774 1629 relictum.
2819 1574 2942 1628 Vah
2998 1575 3316 1632 audaciam
3360 1579 3601 1649 pessimi
3645 1580 3964 1644 daemonis,
3994 1587 4050 1637 et
4083 1581 4202 1637 im-

829 1675 998 1747 piam
1025 1668 1332 1725 stultitiam
1367 1667 1380 1722 !
1414 1667 1532 1722 vah
1564 1665 1811 1720 insanas
1860 1663 2199 1718 molitiones
2240 1661 2251 1715 !
2294 1660 2465 1717 Modo
2518 1660 2734 1716 scilicet
2789 1661 2967 1730 hanc,
3013 1663 3198 1720 modo
3237 1665 3400 1722 illam
3452 1669 3741 1738 perdendi
3775 1670 4053 1725 homines
4102 1687 4201 1726 ra-

830 1762 1056 1818 tionem
1088 1757 1197 1813 init
1221 1774 1234 1811 :
1267 1772 1303 1812 a
1332 1754 1554 1811 dextris
1584 1759 1640 1810 et
1658 1769 1695 1810 a
1717 1753 1970 1808 sinistris
1994 1752 2244 1806 miseros
2273 1748 2520 1820 impetit,
2546 1750 2920 1808 ambidexter
2946 1753 3026 1808 ad
3048 1754 3429 1812 inferendum
3453 1764 3910 1815 nocumentum.

903 1855 956 1906 9.
999 1847 1256 1914 Quinam
1280 1849 1480 1900 autem
1520 1843 1684 1899 fuere
1713 1857 1869 1914 quos
1895 1840 2187 1911 judicavit
2233 1839 2484 1894 idoneos

832 1941 935 1994 aut
959 1934 1183 2008 quibus
1214 1948 1364 1987 usus
1394 1931 1477 1986 rei
1513 1935 1601 1986 est
1638 1928 2024 1997 administris,
2083 1927 2332 2000 quando
2383 1926 2484 1982 Dei

832 2026 1398 2099 permissuregnum
1414 2020 1526 2075 sibi
1547 2023 1672 2075 erat
1685 2018 2093 2073 vindicaturus
2120 2017 2147 2071 ?
2167 2019 2278 2072 Leo
2307 2017 2355 2071 is
2379 2016 2486 2071 fuit

831 2115 911 2172 ab
939 2113 1165 2170 Isauria
1190 2111 1409 2176 dictus,
1443 2108 1778 2164 saevissima
1810 2106 2042 2179 absque
2059 2105 2245 2161 dubio
2261 2105 2481 2169 bellua,

830 2204 1166 2274 eademque
1205 2199 1538 2255 indomita:
1571 2197 1675 2269 qui
1705 2201 1911 2252 contra
1949 2194 2182 2250 Domini
2239 2209 2482 2264 gregem

829 2293 1114 2350 continuo
1148 2290 1466 2345 intremere
1489 2301 1836 2356 aggressus,
1867 2285 1927 2340 in
1973 2301 2112 2340 eum
2159 2299 2282 2339 non
2317 2282 2485 2339 aliter

827 2398 1014 2456 quam
1044 2378 1360 2437 carnivora
1388 2376 1671 2448 qumdam
1717 2376 1843 2430 fera
1886 2374 2134 2429 insiluit.
2188 2372 2483 2438 Quemad-

827 2470 1082 2527 modum
1137 2473 1195 2524 et
1234 2467 1286 2522 is
1333 2466 1439 2538 qui
1494 2481 1599 2536 per
1642 2462 2037 2535 antiphrasim
2077 2467 2327 2518 vocatus
2375 2461 2485 2517 fuit

825 2557 1201 2623 Anastasius;
1233 2556 1463 2627 quippe
1483 2553 1702 2625 postB.
1724 2555 2091 2608 Germanum
2114 2550 2175 2606 in
2228 2550 2329 2605 Dei
2382 2552 2484 2604 Ec-

827 2647 1072 2704 clesiam
1089 2659 1315 2714 magno
1327 2642 1601 2714 ejusdem
1623 2640 1784 2697 malo
1808 2640 2204 2705 introductus,
2229 2643 2483 2694 mortem

826 2752 950 2793 non
986 2735 1198 2808 paucis
1237 2736 1295 2789 et
1321 2731 1625 2788 interitum
1678 2729 1887 2786 attulit.
1932 2728 2042 2784 Sed
2083 2744 2209 2800 qua
2237 2727 2483 2783 tandem

824 2827 1058 2883 ratione
1097 2839 1206 2895 pro
1226 2823 1311 2878 rei
1335 2821 1644 2892 dignitate,
1673 2833 2075 2890 quaecumque
2093 2817 2157 2872 id
2197 2817 2483 2888 temporis

826 2916 1045 2971 misera
1076 2912 1425 2968 acciderunt
1462 2913 1642 2981 atque
1666 2907 1906 2975 acerba,
1950 2906 2146 2961 verbis
2190 2905 2434 2961 efferam
2455 2906 2483 2960 ‘I

824 3004 1249 3076 episcoporum
1261 2998 1460 3066 exilia,
1489 2995 2056 3068 comprehensiones
2078 2994 2479 3062 sacerdotum,

825 3094 1090 3148 virorum
1126 3088 1468 3162 principum
1508 3085 1880 3141 calamitates
1906 3083 2085 3138 simul
2126 3087 2183 3138 et
2223 3083 2480 3153 ignomi-

823 3182 978 3250 nias,
1002 3184 1352 3235 sanctorum
1372 3175 1692 3232 hominum
1720 3173 2088 3242 etvirginum
2121 3188 2429 3227 sacrarum
2449 3187 2481 3228 e

822 3268 1207 3327 monasteriis
1233 3266 1522 3322 violentas
1551 3263 1947 3327 detrusiones,
1991 3267 2047 3317 et
2065 3260 2304 3333 publice
2345 3277 2482 3318 cou-

827 3361 1065 3417 stitutas
1091 3355 1448 3415 earumdem
1473 3353 1964 3426 proscriptiones,
1999 3353 2338 3407 vexationes
2357 3368 2482 3408 non

822 3449 1101 3507 ferendas
1128 3445 1391 3514 vincula,
1423 3443 1748 3511 cruciatus,
1770 3442 2060 3498 violenter
2083 3441 2297 3497 allatas
2327 3457 2484 3497 mor-

819 3544 927 3607 tes,
956 3543 1013 3595 et
1041 3537 1247 3609 pejora
1275 3533 1574 3590 mortibus
1604 3536 1903 3588 tormenta
1933 3531 1961 3587 ?
1991 3532 2207 3587 Verum
2241 3534 2308 3586 ut
2344 3546 2481 3586 san-

820 3633 929 3685 ctae
953 3626 1137 3698 hujus
1154 3623 1406 3695 virginis
1428 3621 1721 3677 illustrem
1752 3635 2000 3692 prorsus
2017 3634 2088 3675 ac
2115 3618 2480 3690 intrepidam

819 3713 1305 3787 magnitudinem
1329 3710 1514 3768 animi
1536 3708 1754 3766 clarius
1779 3708 1841 3763 in
1867 3706 2137 3764 medium
2165 3706 2490 3779 adducam,

2523 1839 2565 1892 Β
2669 1838 2731 1897 θ’.
2780 1846 2922 1903 Τίνες
2981 1838 3030 1893 δ’
3077 1850 3165 1905 οὒς
3225 1850 3314 1897 καὶ
3371 1844 3606 1920 ἐνέκρινε,
3672 1853 3762 1900 καὶ
3804 1854 3941 1901 τίσιν
3995 1852 4197 1923 ὑπηρέ-

2592 1946 2709 1989 ταις
2733 1927 2816 1981 ἐπὶ
2864 1933 3059 1991 τούτοις
3089 1929 3360 2003 ἐχρήσατο
3394 1952 3407 2001 ;
3462 1934 3527 1986 Ὀ
3558 1955 3612 1988 τε
3643 1933 3709 1994 δὴ
3769 1942 3861 1995 τὴν
3916 1937 4195 2010 βασιλείαν

2593 2024 2726 2068 Θεοῦ
2810 2025 3195 2092 παραχωρήσει
3269 2025 3718 2097 σφετερισάμενος,
3817 2029 3957 2078 Λέων
4032 2029 4058 2078 ό
4144 2025 4198 2088 ἐξ

2595 2105 2863 2180 Ἰσαύρων,
2916 2109 2940 2159 ό
2997 2110 3178 2181 ἄγριος
3235 2111 3556 2184 αὐτόχρημα
3606 2115 3701 2185 θὴρ
3763 2119 3851 2166 καὶ
3909 2113 4198 2176 ἀτίθασσος

2593 2193 2646 2256 ὃς
2677 2198 2811 2247 κατά
2837 2205 2927 2258 τῆς
2955 2202 3179 2270 ποίμνης
3223 2199 3370 2260 εὐθὺς
3421 2209 3555 2254 Θεοῦ
3608 2198 3774 2254 δεινόν
3829 2202 4194 2277 ἐϐρυχὴσατο,

4011 2294 4172 2352 ἠλατο
4183 2333 4195 2357 ,

2592 2375 2728 2425 καὶὸ
2757 2378 2869 2427 κατ’
2897 2375 3201 2451 ἀντίφρασιν
3243 2379 3604 2447 ’Λναστάσιος,
3669 2382 3694 2431 ό
3758 2385 3890 2452 μετά
3942 2384 4025 2433 τόν
4088 2403 4195 2454 μα-

2592 2289 2680 2336 καὶ
2728 2288 2862 2337 κατά
2917 2291 3084 2358 μέσης
3137 2289 3300 2350 αὐτῆς
3346 2291 3482 2342 καθά
3541 2310 3616 2352 τις
3683 2291 3933 2363 ὠμηστὴς

2592 2465 2775 2536 κάριον
2817 2470 3070 2538 Γερμανόν
3129 2465 3212 2519 ἐπὶ
3259 2478 3403 2538 κακῴ
3463 2477 3526 2541 τῇ
3577 2469 3863 2542 Ἐκκλησία
3907 2470 4198 2544 ἐπεισφρή-

2595 2570 2690 2612 σας
2747 2560 2902 2624 Θεου,
2946 2560 3033 2606 καὶ
3088 2555 3297 2617 πολλοῖς
3358 2559 3435 2608 ὅτι
3491 2559 3712 2610 θανάτου
3776 2565 3866 2610 καὶ
3939 2557 4199 2623 ἀπωλείας

2590 2645 2856 2713 γενόμενος
2899 2644 3084 2705 αἴτιος.
3137 2643 3291 2697 Ἀλλά
3349 2653 3458 2706 πῶς
3514 2645 3574 2697 ἄν
3632 2651 3762 2719 πρός
3811 2646 3958 2709 ἀξίαν
4004 2647 4199 2722 ἐκτρα-

2590 2727 2904 2805 γῳὸἡσαιμι
2931 2735 2996 2784 ru
3023 2737 3137 2785 τότε
3166 2729 3332 2800 δεινά;
3383 2737 3472 2795 tu;
3523 2744 3621 2787 τὼν
3678 2734 3963 2811 ἀρχιερέων
3997 2738 4194 2810 ὑπερο-

2591 2823 2726 2890 ρίας;
2782 2822 2871 2880 τὰς
2921 2828 3021 2872 τῶν
3073 2824 3241 2895 ἱερέων
3299 2823 3630 2895 καθείρξεις;
3682 2827 3777 2886 τὰς
3806 2834 3906 2876 των
3963 2823 4009 2876 ἐν
4066 2825 4195 2878 τελε(

2593 2907 2783 2980 ζημίας
2813 2910 2923 2962 ἅμα
2960 2915 3049 2961 καὶ
3103 2913 3328 2979 ἀτιμίας
3381 2915 3469 2973 τάς
3525 2920 3624 2963 τῶν
3681 2914 3835 2965 όσίων
3884 2910 4087 2988 ἀνδρῶν
4141 2933 4195 2967 τε

2590 3002 2680 3049 καὶ
2719 3018 2996 3069 γυναικων,
3028 2999 3080 3051 ἐκ
3129 3020 3182 3052 τε
3236 3010 3334 3052 τὼν
3393 2999 3728 3074 ἀσκητηρίων
3779 3001 4051 3063 ἀπελάσεις
4104 3009 4197 3055 καὶ

2591 3085 2673 3138 ἐπὶ
2719 3087 2969 3140 πλατειων
3029 3085 3331 3162 ὃημεύσειςς
3390 3094 3484 3151 τας
3567 3089 3916 3153 ἀνυποίστονς
3992 3095 4193 3144 τούτων

2522 3175 2848 3244 ακολάσεις
2895 3180 2960 3229 τά
3016 3175 3224 3250 ὃησμά;
3281 3181 3370 3239 ru;
3427 3178 3787 3252 στρεϐλώσειςς
3863 3184 3977 3241 τοὺς
4033 3180 4187 3252 βιαί-

2589 3283 2678 3326 ους
2734 3267 3005 3332 Οανάτους;
3081 3270 3148 3318 τα
3221 3273 3386 3341 χείρω
3463 3270 3684 3321 θανάτου
3772 3267 4188 3343 βασανιστήρια;

2592 3353 2724 3406 Ἀλλ’
2775 3357 2857 3406 ἱνα
2912 3355 3101 3427 μαλλον
3159 3360 3216 3407 τό
3268 3365 3355 3417 τῆς
3437 3362 3702 3431 μακαρίας
3788 3366 4012 3429 γενναῖον
4101 3363 4196 3411 καὶ

2587 3444 2833 3517 ἄτρεστον
2868 3449 3274 3518 παραστήσαιμι
3311 3450 3570 3519 φρόνημα,
3617 3447 3666 3499 ἓν
3717 3467 3770 3500 τι
3811 3455 3908 3509 τῆς
3969 3445 4195 3520 βασιλι-

2586 3540 2683 3594 κῆς
2729 3532 2998 3600 ἀπηνειας,
3054 3534 3217 3586 τᾶλλα
3261 3543 3369 3596 τοῖς
3425 3533 3764 3608 βουλομένοις
3814 3537 3950 3589 ἔνθεν
4037 3535 4180 3609 ἀφεὶς

2591 3627 2853 3692 συνορᾲνῖ,
2891 3618 3244 3696 διηγήσομαι.

2516 3724 2709 3765 unum
2739 3709 3075 3782 quodpiam
3098 3711 3467 3770 crudelitatis
3491 3712 3667 3784 regiae
3688 3713 4035 3787 exemplum
4063 3729 4177 3787 pro

815 3807 1027 3870 feram,
1057 3802 1293 3876 reliqua
1324 3800 1396 3856 iis
1428 3799 1652 3873 quibus
1690 3797 1948 3854 lubitum
1982 3796 2156 3852 fuerit
2184 3795 2564 3868 inspicienda
2593 3799 2853 3871 penitius
2883 3799 3254 3873 relinquens.

886 3893 976 3953 10.
1025 3892 1415 3965 Superiorum
1451 3903 1665 3958 regum
1724 3885 2120 3958 temporibus,
2173 3901 2314 3941 cum
2368 3885 2475 3958 qui

815 3997 1142 4056 regnorum
1168 3977 1644 4036 moderabantur
1663 3976 1959 4044 habenas,
1986 3991 2056 4031 eo
2100 3974 2265 4047 quod
2314 3990 2476 4045 gere-

809 4075 960 4132 bant
986 4071 1232 4129 nomine
1262 4085 1390 4125 sese
1419 4066 1586 4124 haud
1607 4063 2328 4134 ostendebantindignos,
2355 4064 2470 4121 sub

809 4165 1154 4236 jectamque
1175 4159 1291 4215 sibi
1311 4158 1601 4214 ditionem
1621 4172 1694 4212 ex
1721 4171 1896 4227 aequo
1905 4155 2188 4227 justoque
2219 4154 2474 4210 admini-

815 4253 1091 4310 strabant
1117 4249 1581 4320 fulciebantque,
1602 4261 1804 4302 rerum
1822 4243 2064 4300 nonnisi
2077 4244 2469 4301 honestarum

812 4359 1018 4402 amore
1048 4357 1118 4398 ac
1165 4338 1582 4413 prosecutione
1642 4339 2002 4391 exornantes
2063 4334 2471 4407 principatum

811 4428 1384 4504 suum,etquidquid
1398 4426 1680 4483 eumdem
1711 4426 1791 4482 ad
1810 4425 2170 4497 posteriores
2196 4424 2472 4480 illustrio-

809 4541 938 4582 rem
976 4525 1210 4597 poterat
1220 4519 1470 4575 reddere
1494 4532 1720 4587 magno
1735 4515 1932 4572 studio
1949 4519 2375 4587 promoventes
2392 4515 2470 4572 ad

808 4614 1268 4671 incrementum.
1287 4607 1821 4680 Horum,inquam,
1851 4621 2062 4674 regum
2093 4605 2468 4678 temporibus

805 4704 984 4778 plura
1023 4698 1309 4759 tradentis
1355 4695 1655 4769 diciplinis
1696 4695 1830 4751 loca
1881 4693 2253 4751 exmdiﬁcata
2306 4699 2466 4766 sunt,

806 4809 942 4866 quae
975 4797 1133 4849 certa
1161 4787 1430 4862 quadam
1452 4785 1684 4843 ratione
1716 4784 1798 4856 sej
1810 4788 1990 4841 uncta
2012 4789 2180 4841 erant
2205 4783 2285 4840 ab
2310 4784 2469 4840 invi-

808 4901 962 4951 cem,
981 4881 1319 4952 eademque
1349 4877 1694 4948 conjuncta;
1724 4874 1803 4946 sej
1816 4879 1994 4931 uncta
2023 4872 2272 4947 quidem
2317 4873 2466 4930 locis

806 4979 864 5032 et
890 4971 1179 5042 aediﬁciis,
1209 4973 1271 5026 at
1297 4983 1439 5024 vero
1471 4971 1681 5023 mutua
1723 4963 1988 5038 quadem
2043 4963 2468 5036 conjunctione

805 5069 863 5123 et
882 5060 1195 5121 communi
1216 5058 1450 5132 porticu
1475 5058 1538 5113 in
1567 5070 1758 5112 unum
1775 5055 1957 5112 veluti
1979 5053 2302 5110 aediﬁcium
2330 5069 2467 5111 coa-

801 5151 1067 5219 lescenti;
1100 5150 1182 5207 ita
1211 5152 1297 5221 ut,
1327 5145 1606 5220 quamvis
1663 5144 1968 5202 exterioris
2009 5144 2219 5200 forma:
2278 5144 2468 5202 varie-

803 5248 921 5302 tate
943 5247 1000 5300 et
1027 5253 1282 5298 numero
1313 5236 1836 5306 distinguerentur,
1869 5249 1993 5290 non
2017 5232 2220 5306 plures
2241 5238 2462 5298 tamen,

803 5333 910 5390 sed
947 5347 1072 5388 una
1090 5329 1387 5386 duntaxat
1417 5325 1638 5382 domus
1661 5323 1776 5380 dici
1799 5319 2036 5392 posset.
2062 5323 2129 5378 In
2159 5321 2251 5379 his
2281 5338 2463 5396 porro

803 5421 1237 5493 aediﬁciisque;
1253 5415 1577 5474 duodecim
1602 5413 1853 5471 omnino
1875 5411 2297 5477 censebantur,
2315 5428 2464 5468 nun-

800 5527 988 5586 quam
1013 5525 1140 5568 non
1170 5507 1421 5567 colocati
1445 5510 1616 5563 erant
1637 5508 2055 5577 praeceptores,
2095 5507 2275 5575 atque
2312 5502 2466 5559 inter

801 5619 905 5661 eos
932 5617 1091 5658 unus
1104 5599 1346 5673 aliquis,
1368 5597 1473 5671 qui
1502 5595 1652 5653 alios
1673 5610 1886 5652 omnes
1915 5596 2271 5651 cunctarum
2293 5591 2465 5649 disci-

797 5692 1100 5767 plinarum
1132 5688 1344 5764 peritia
1375 5689 1706 5762 superaret.
1741 5685 1866 5757 Hic,
1897 5687 1962 5744 ut
1985 5681 2152 5743 omni
2193 5681 2460 5742 scientia-

2659 3887 2709 3945 ι’.
2767 3892 2904 3962 Πρός
2961 3898 3060 3941 τῶν
3113 3891 3219 3942 οἶνω
3276 3888 3558 3963 βασιλέων,
3619 3891 3666 3943 οἱ
3717 3895 3807 3944 καὶ
3850 3895 3945 3951 τὴν
4003 3891 4194 3951 κλῆσιν

2583 3976 2899 4048 ἠληθευσαν,
2932 3981 2997 4040 ὡς
3017 3978 3123 4031 ἐνὸν
3155 3976 3250 4032 δια
3281 3978 3403 4052 βίον
3443 3986 3746 4053 συνέχοντες
3785 4001 3838 4034 τε
3896 3986 3985 4034 καὶ
4051 4001 4188 4040 στη-

2580 4071 2809 4142 ρίζοντες
2831 4071 2888 4120 τό
2942 4070 3191 4140 ὑπήκοον,
3247 4075 3338 4122 καὶ
3388 4078 3451 4142 τῇ
3527 4070 3802 4143 φιλοκαλία
3844 4075 3938 4129 τὴν
4005 4070 4186 4143 ἀρχὴν

2582 4161 3004 4230 κατεκόσμησαν,
3056 4159 3192 4210 άπαν
3252 4159 3276 4210 ὃ
3329 4163 3524 4217 ταύτην
3594 4159 3952 4233 εὐκλεεστέραν
4025 4162 4182 4212 καθί-

2585 4264 2765 4316 στησι,
2801 4244 2895 4300 διὰ
2922 4244 3163 4308 σπουδῆς
3198 4248 3368 4312 αὔξειν
3397 4251 3714 4322 ποιούμενοι·
3759 4253 3891 4322 πρὸς
3941 4249 4028 4302 οὖν
4084 4251 4184 4302 τῶν

2580 4336 2948 4410 μεγαλουργῶν
2992 4336 3191 4389 ἐκείνων
3247 4335 3449 4412 ἀνδρῶν
3499 4335 3853 4410 διδασκαλεῖα
3905 4337 3952 4391 ἐν
4015 4343 4182 4413 ταύτῃ

2582 4421 2649 4483 δὴ
2699 4434 2759 4498 τῇ
2809 4425 3149 4498 μεγαλοπόλει
3207 4423 3524 4500 δεδόμηται,
3581 4425 3876 4502 διῃρημένα
3928 4449 4042 4491 πως
4094 4433 4186 4480 καὶ

2582 4520 2883 4588 συνημμένα
2941 4518 3295 4588 τυγχάνοντα”
3344 4513 3639 4594 διῃρημένα
3689 4521 3779 4591 μὲν
3837 4526 3945 4581 τοῖς
4034 4522 4185 4577 οἰκη-

2505 4586 2547 4640 D
2577 4624 2732 4677 μασι,
2763 4613 2824 4678 τῇ
2862 4601 2911 4658 δ’
2953 4603 3280 4678 ἀλληλουχία
3317 4611 3407 4659 καὶ
3462 4616 3534 4678 τῷ
3601 4617 3754 4679 κοινῴ
3806 4607 4062 4683 περιϐόλῳ
4113 4612 4188 4668 εἰς

2579 4697 2627 4746 ἓν
2678 4691 2940 4752 δήπουθεν
2996 4699 3338 4768 συναγόμενα,
3392 4699 3462 4758 ὡς
3513 4698 3600 4749 ἕνα
3679 4717 3740 4768 γε
3811 4693 3982 4750 δοκεῖν
4076 4704 4187 4760 τοῖς

2579 4783 2760 4846 ἔξωθέν
2808 4783 3041 4836 ποικίλον
3105 4791 3195 4837 καὶ
3271 4785 3608 4859 πολυόφορονο
3688 4791 3778 4839 καὶ
3859 4783 4182 4840 διδάσκαλοι

2585 4870 2598 4887 ,.
2642 4872 2654 4891 .
2693 4872 2746 4889 ..
2812 4879 2833 4890 -
2915 4875 2933 4884 -
3227 4881 3244 4890 -
3783 4877 3795 4901 ,
3859 4883 3880 4893 ..
4010 4874 4023 4886 ς
4114 4874 4176 4904 ~_.

2579 4890 2640 4924 επ
2684 4891 2880 4944 αντοις,
2909 4893 3008 4926 οσα
3037 4869 3105 4932 δὴ
3147 4893 3316 4927 ταυτα
3355 4871 3680 4928 δυοκαίδεκα
3746 4872 3781 4928 ὃ
3852 4895 3933 4942 ην,
3981 4895 4052 4937 εις
4103 4896 4185 4929 uit

2576 4959 2948 5036 καθιδρύοντο,
2986 4962 3188 5018 καὶέπὶ
3219 4967 3412 5017 τούτων
3461 4967 3486 5017 ό
3543 4974 3642 5018 τῶν
3705 4966 3832 5019 ὅλων
3885 4967 4018 5018 κατά
4079 4973 4182 5019 πᾶν

2577 5049 2719 5114 εἶδος
2769 5049 3014 5116 παιδείας
3090 5054 3409 5129 ὑπερφέρων,
3480 5060 3570 5108 καὶ
3639 5063 3754 5116 ταῖς
3833 5055 4183 5129 ἐστιστημαις

2575 5139 2967 5216 ἐπισημότερος,
2999 5141 3054 5205 ὃς
3089 5148 3178 5196 καὶ
3220 5143 3578 5217 οἰκουμενικός
3631 5140 3956 5207 διδάσκαλος
3999 5147 4180 5205 ἤκουε·

2571 5235 2766 5290 ταύτην
2806 5235 2904 5308 γαρ
2954 5237 3047 5292 τὴν
3096 5237 3252 5306 τιμὴν
3307 5237 3437 5306 πρὸς
3496 5241 3588 5288 τοῦ
3648 5232 3910 5308 βασιλέως
3958 5233 4186 5308 ἐλάμϐα-

2573 5341 2643 5390 νε,
2686 5327 2776 5375 καὶ
2810 5326 2904 5381 τὴν
2952 5321 3185 5396 ἐφορείαν
3222 5333 3587 5397 μυσταγωγῶν
3641 5326 3772 5398 ὁμοῦ
3828 5328 3918 5378 καὶ
3965 5332 4186 5399 μυστῶν

2574 5411 2937 5489 ἐπετέτραπτο.
2999 5411 3095 5465 Ἦν
3143 5416 3234 5486 μὲν
3274 5409 3362 5466 οὖν
3428 5414 3560 5466 οὕτω
3606 5423 3761 5468 τοῦτο
3818 5411 4184 5490 διενεργούμε-

2571 5521 2654 5555 νον
2685 5504 2897 5571 ἄνωθεν,
2925 5507 3015 5556 καὶ
3051 5504 3076 5555 ό
3109 5502 3260 5576 λόγος
3294 5502 3429 5557 ἔνθεν
3493 5506 3634 5578 εἶχεν
3684 5505 4024 5573 αὐξάνεσθαι,
4091 5511 4186 5558 καὶ

2571 5597 2629 5646 τό
2689 5595 2826 5646 κατὰ
2888 5596 3043 5666 φύσιν
3131 5591 3386 5668 ἀνθρώπῳ
3475 5599 3608 5670 πρὸς
3691 5603 3784 5649 τοῦ
3867 5594 4183 5668 αὖτολόγου,

2571 5686 2698 5758 πρὸς
2752 5693 2847 5745 τῆς
2903 5683 3223 5758 αὐτοσόφίας
3282 5683 3438 5748 αὗςῆς
3489 5691 3580 5747 τῆς
3650 5689 3889 5758 γενέσεως
3961 5683 4187 5759 ἔγκατα-
