4484 6446
306 427 409 481 905

1637 424 1703 478 IN
1746 423 1803 478 S.
1846 422 2318 480 THEODOSIAM.

3558 430 3664 485 906

308 552 519 621 σπαρεν,
594 552 683 599 καὶ
739 547 765 599 ὃ
824 544 1041 619 δυνάμει
1100 554 1233 599 πᾶσι
1304 555 1485 608 κοινῶς
1548 550 1733 612 ἔνεστι,
1775 551 1899 620 πρός
1938 552 2079 603 Aru

1893 567 1899 606 :
1938 552 1983 603 Α
2013 564 2147 602 rum
2176 562 2388 616 genere
2420 550 2663 601 caeteros
2692 546 2844 602 inter
2870 546 3049 619 plane
3075 547 3395 621 eminebat,
3430 551 3664 608 univer-

305 642 398 693 τὴν
437 636 553 687 κατ’
610 632 1014 693 ἐπιτηδειότητα
1062 635 1276 707 ἐπήρετο
1360 640 1586 699 κίνησιν,
1655 641 1743 686 καὶ
1782 636 1900 687 πολ·

305 724 413 785 λοῐς
453 724 522 784 εὶς
558 722 826 795 ἐνέργειαν,
879 724 921 775 εἰ
972 729 1061 774 καὶ
1109 729 1179 793 μὴ
1244 730 1376 774 πᾶσι
1422 728 1701 792 προήγετο,
1751 731 1812 780 τῆ
1850 742 1902 774 τε

307 809 525 864 διοικεῖν
606 809 783 883 εἰδυίᾳ
837 812 1129 883 φιλοσοφία.
1191 819 1277 863 καὶ
1318 816 1445 883 πρὸς
1483 817 1537 863 τό
1585 814 1905 885 κρεῖττοντά

305 902 423 953 καθ’
462 903 598 972 ἡμᾶς
654 907 946 975 μεταφέρειν
983 908 1070 951 καὶ
1130 901 1463 972 ὑψηλότερον,
1534 907 1622 952 καὶ
1660 900 1905 972 βασιλεία

304 987 774 1060 πεπαιδαγώγητο,
839 995 928 1042 καὶ
997 989 1231 1041 πολιτεία
1303 995 1647 1060 κατήρτιστο,
1705 994 1792 1040 καὶ
1845 992 1903 1039 τό

306 1075 554 1150 δημώδες
582 1098 670 1131 και
692 1082 761 1140 ὡς
798 1078 983 1131 ἐπίπαν
1038 1077 1397 1151 ἀστάθμητον,
1451 1082 1514 1139 ὡς
1568 1078 1673 1130 ἐνόν
1722 1078 1905 1153 ἐρῥῦθο

305 1186 461 1238 μισ-το
491 1173 581 1220 καὶ
608 1167 943 1222 συνίσταλτο.

2014 636 2158 690 satis
2205 651 2446 707 quoque
2495 635 2781 704 magister
2826 636 3113 708 appellari
3168 638 3374 693 solitus
3403 644 3572 694 erat:
3602 642 3668 694 ut

2015 729 2211 778 autem
2249 725 2356 776 isto
2391 725 2630 778 nomine
2688 725 2931 778 honoris
2962 741 3146 780 causa
3199 733 3528 792 vocaretur,
3584 726 3667 782 ab

2014 814 2143 882 ipso
2179 812 2447 866 videlicet
2472 828 2608 880 rege
2639 820 2969 883 acceperat,
3003 821 3058 869 et
3080 822 3199 869 tam
3230 820 3287 869 in
3310 832 3411 869 eos
3433 816 3538 887 qui
3569 831 3669 870 sa-

2015 901 2126 955 cris
2158 901 2451 970 initiandi,
2484 917 2670 972 quam
2701 902 2805 973 qui
2836 903 2905 956 iis
2931 902 3140 958 initiati
3166 904 3294 974 jam
3327 910 3514 972 erant,
3566 922 3669 961 au-

2015 990 2347 1044 ctoritatem
2394 1006 2568 1045 suam
2608 1006 2879 1046 exercere
2919 997 3169 1062 poterat.
3206 993 3318 1048 Res
3350 1000 3552 1049 autem
3584 994 3670 1050 sic

2016 1084 2182 1133 erant
2210 1079 2514 1149 dispositae
2537 1079 2613 1135 ab
2636 1080 2823 1149 initio,
2858 1085 2920 1136 ut
2941 1081 3044 1136 tibi
3064 1082 3461 1139 ratiocinandi
3492 1099 3672 1154 auge.

2017 1172 2173 1222 retur
2200 1166 2470 1235 facultas;
2500 1175 2555 1224 et
2578 1169 2745 1240 quod
2772 1169 3001 1225 homini
3030 1185 3101 1226 ex
3131 1187 3254 1242 quo
3285 1172 3347 1227 in
3371 1172 3671 1228 mundum

306 1256 568 1325 gignitur
597 1272 633 1313 a
672 1262 887 1313 natura
907 1256 1303 1313 communiter
1333 1257 1575 1312 insitum
1603 1260 1711 1321 est,
1744 1260 1809 1311 ut
1857 1255 2155 1311 intellectu
2211 1256 2541 1312 discurrere
2604 1262 2782 1329 atque
2841 1273 3048 1330 sapere
3100 1274 3207 1331 per
3254 1259 3522 1332 seipsum
3570 1276 3674 1317 va-

302 1343 441 1413 leat,
500 1344 579 1401 ad
634 1361 991 1415 congruum,
1050 1351 1226 1416 prout
1279 1362 1433 1417 opus
1492 1345 1657 1403 foret.
1733 1351 1961 1400 motum

2020 1345 2373 1401 excitaretur
2406 1363 2418 1413 ;
2452 1345 2791 1417 multisque,
2836 1347 2883 1401 si
2913 1362 3035 1402 non
3066 1348 3372 1419 omnibus,
3406 1349 3671 1406 daretur.

304 1434 707 1489 commoditas
740 1440 895 1489 recte
924 1434 1386 1506 philosophandi
1418 1453 1430 1501 ;
1462 1433 1615 1489 adeo
1641 1438 1701 1489 ut
1740 1440 1796 1488 et
1827 1433 2145 1505 imperium
2176 1434 2306 1489 istic
2329 1434 2679 1501 erudiretur,
2712 1440 2769 1490 et
2797 1435 2984 1490 civilis
3018 1440 3208 1492 status
3275 1438 3672 1501 ordinaretur,

301 1519 556 1593 ipsaque
593 1523 774 1578 etiam
801 1521 992 1594 plebs,
1036 1521 1314 1593 quam-vis
1359 1520 1804 1577 inconsiderata
1841 1526 1897 1577 et
1924 1537 2102 1591 vaga,
2134 1538 2257 1594 qua
2300 1522 2427 1578 ﬁeri
2481 1528 2676 1594 potest
2721 1524 3141 1581 ordinanretur
3180 1530 3675 1599 componeretur-

305 1624 442 1681 que.

380 1698 463 1751 ια’.
498 1698 593 1751 Ἤν
618 1702 709 1771 μεν
741 1696 828 1751 οὖν
860 1698 914 1751 ἐκ
943 1707 1148 1772 μακροῦ
1187 1700 1327 1751 τοῦθ’
1369 1699 1527 1759 οὕτως
1583 1702 1705 1771 ἕχον
1731 1721 1743 1732 ·
1795 1700 1909 1751 κατ’
1945 1705 1982 1757 Β

305 1786 465 1840 ἐκεῖνο
502 1784 561 1840 δὲ
596 1807 657 1859 γε
708 1796 893 1862 καιροῦ
947 1784 1129 1861 ἄνδρες
1171 1787 1465 1860 ἀριπρεπεῐς
1516 1794 1605 1841 καὶ
1651 1786 1911 1860 διάσημοι

301 1880 418 1937 τοὺς
452 1880 596 1949 παρά
625 1880 718 1937 τὰς
751 1874 984 1937 σπουδὰς
1013 1880 1224 1949 θρόνους
1254 1878 1337 1929 ἐπὶ
1380 1884 1563 1950 κόσμῳ
1610 1888 1750 1949 σφῶν
1792 1878 1908 1930 ἐλα-

296 1986 421 2038 χον,
452 1972 540 2020 καὶ
564 1967 754 2040 μᾶλλον
785 1970 811 2019 ό
841 1976 939 2020 τῶν
962 1966 1124 2019 ἀλλων
1156 1968 1449 2040 πρωτεύων,
1491 1972 1580 2021 καὶ
1630 1973 1723 2025 τὴν
1754 1972 1910 2039 τιμὴν

297 2056 514 2117 ὕπατος.
550 2056 625 2109 Οὐ
655 2059 757 2129 γὰρ
787 2053 855 2115 δὴ
903 2060 968 2109 τά
1010 2055 1159 2118 ἐκτός
1203 2057 1347 2109 οὗτοι
1400 2062 1489 2109 καὶ
1544 2058 1763 2130 θύραθεν
1815 2062 1910 2128 μό-

296 2164 403 2215 νον,
427 2143 554 2197 ἀλλά
601 2151 690 2198 καὶ
737 2148 804 2198 τά
842 2142 987 2198 ἔνδον
1037 2150 1128 2197 καὶ
1189 2148 1300 2198 θεῖα
1349 2145 1642 2218 φιλοσοφεῖν
1708 2146 1907 2204 ήθελον.

301 2234 501 2307 Ἀμέλει
530 2255 611 2288 τοι
648 2240 739 2288 καὶ
784 2237 895 2288 θεῖα
947 2240 1180 2294 ἤσκηντο
1222 2232 1487 2307 δόγματα,
1544 2240 1632 2287 καὶ
1678 2232 1912 2310 παραδό-

302 2344 406 2386 σεις
453 2324 887 2386 ἐκκλησιαστικὰς
952 2323 1310 2397 ἠκριϐωκεσαν
1368 2345 1380 2357 ·
1433 2328 1637 2396 εἴχοντό
1685 2343 1739 2377 τε
1787 2327 1913 2376 τού-

299 2433 401 2466 των
426 2418 516 2466 κοὶὶ
559 2419 907 2488 περιείχοντο,
971 2412 1101 2466 κάπὶ
1153 2416 1367 2475 ταύταις
1405 2416 1600 2474 πάντας
1642 2421 1911 2486 συντηρεῖν

301 2507 450 2579 ἔργον
470 2509 767 2575 πεποίηντο,
803 2506 915 2558 ὅθεν
940 2509 1028 2557 καὶ
1051 2501 1085 2557 δ
1091 2506 1144 2557 ιά
1169 2512 1323 2577 τιμῆς
1361 2506 1560 2572 πάσης,
1590 2501 1684 2557 διὰ
1722 2503 1911 2556 πολλοῦ

302 2614 358 2647 τε
390 2594 721 2667 σεϐάσματος
751 2593 895 2666 εἶχον
917 2600 1050 2667 σφᾶς
1081 2594 1319 2654 ἅπαντες.
1352 2593 1429 2645 Οὔ
1462 2590 1496 2645 δ
1501 2599 1528 2652 ὴ
1559 2592 1816 2665 βασιλεὺς
1848 2595 1914 2645 εἰ-

302 2704 426 2737 νεκα
453 2688 669 2746 τούτους
695 2688 796 2758 πρὸ
819 2685 1023 2737 πάντων
1056 2683 1219 2736 ἄλλων
1260 2685 1543 2757 ὁμόφρονας
1583 2702 1635 2735 τε
1664 2688 1754 2736 καὶ
1784 2684 1913 2755 ὁμο-

304 2780 573 2847 γνώμονας
600 2781 752 2847 σχεῖν
775 2773 1106 2849 ίπειράσατο,
1128 2771 1334 2845 ἐνόμισε
1362 2774 1461 2846 γὰρ
1495 2774 1584 2836 ὡς,
1618 2775 1756 2847 εἰπερ
1790 2774 1914 2845 όμο-

308 2860 490 2926 δόξους
510 2863 699 2924 αὐτοὺς
724 2868 982 2922 κτήσαιτο
1011 2867 1102 2915 καὶ
1128 2862 1227 2924 ἕξει
1246 2858 1446 2934 σχεδὸν
1469 2864 1660 2921 πάντας
1690 2864 1914 2937 ὁμόφρο-

306 2973 417 3015 νας.
455 2953 593 3006 Ἀλλ“
634 2953 728 3006 οὗκ
758 2956 984 3025 ἴσχυσεν
1017 2947 1205 3004 οὐδένα
1252 2959 1390 3023 σφῶν
1448 2959 1801 3022 μεταστῆσαι,
1856 2953 1914 3003 οὐ

302 3051 528 3117 πρῶτον,
561 3042 655 3095 οὐκ
683 3045 931 3113 ἔσχατον,
967 3041 1026 3093 οὐ
1060 3044 1216 3113 μέσον
1250 3062 1261 3072 ·
1292 3046 1422 3092 πᾶσι
1574 3042 1672 3113 γὰρ
1706 3039 1790 3093 ἐπὶ
1819 3048 1915 3111 τῷ·

304 3127 364 3183 δε
392 3135 604 3205 τρόποις
634 3134 925 3206 ἐχρήσατο,
958 3126 1110 3183 οὐδὲν
1134 3126 1185 3182 δ’
1216 3130 1243 3181 ὅ
1266 3148 1316 3181 τι
1348 3134 1435 3181 καὶ
1478 3130 1657 3188 ἤνυσε.
1713 3131 1790 3181 Τά
1827 3134 1918 3201 μέν

300 3222 403 3295 γὰρ
428 3230 606 3293 πρῶτα
630 3223 762 3293 μετά
784 3220 978 3281 πολλῆς
1021 3221 1103 3272 ὃτι
1161 3223 1458 3294 πραότητος
1517 3220 1583 3269 τὰ
1639 3226 1735 3279 τῆς
1790 3224 1919 3289 γνώ-

300 3329 401 3383 μης
430 3309 720 3382 ἐξήγγελλε,
747 3315 838 3363 καὶ
868 3314 918 3362 οί
948 3311 1248 3384 σύμφρονας
1306 3314 1456 3379 σχεῖν
1506 3306 1682 3365 ἤθελεν
1718 3328 1729 3340 ·
1772 3311 1837 3369 ὡς
1868 3304 1922 3360 δ’

302 3397 609 3471 ἕλὲγχοντας
665 3395 798 3453 εἶδεν
847 3398 1006 3451 αὐτοῦ
1046 3402 1141 3457 τὴν
1188 3396 1455 3467 ἀπόνοιαν,
1508 3402 1597 3449 καὶ
1650 3393 1779 3469 μηδ’
1836 3398 1917 3463 ἂν,

302 3491 348 3542 εἰ
387 3508 438 3541 τι
490 3493 579 3542 καὶ
634 3493 854 3561 γένοιτο,
901 3493 995 3546 τὴν
1024 3496 1125 3539 τῶν
1181 3487 1341 3559 ἁγίων
1382 3487 1590 3539 εἰκόνων
1642 3482 1919 3561 διισχυρι-

302 3579 547 3652 ζομένους
602 3577 857 3638 ἀθετῆσαι
926 3580 1309 3651 προσκύνησιν,
1362 3580 1496 3651 πρὸς
1556 3574 1766 3636 ἀπειλὰς
1825 3582 1919 3630 καὶ

301 3666 472 3742 ὕϐρεις
511 3666 805 3743 ἐχώρησεν.

1951 3086 1989 3140 C

2092 1702 2341 1757 1ι1.ῐ1ειο
2399 1701 2595 1772 igitur,
2655 1717 2843 1774 quam
2899 1702 3040 1771 dixi,
3102 1702 3332 1759 ratione
3389 1719 3485 1760 res
3546 1718 3677 1760 sese

2021 1789 2693 1862 habebantantiquitus.
2739 1790 2954 1847 Iisdem
2983 1806 3123 1847 vero
3164 1793 3538 1865 temporibus
3569 1793 3677 1849 viri

2022 1879 2283 1947 insignes
2307 1895 2553 1951 prorsus
2574 1886 2753 1952 atque
2775 1881 3045 1952 praeclari
3066 1896 3169 1937 eas
3191 1898 3327 1954 quas
3356 1899 3462 1955 per
3482 1883 3681 1940 studia

2020 1967 2265 2023 honoris
2309 1983 2497 2024 causa
2539 1968 2884 2024 obtinentur
2914 1968 3086 2025 sedes
3118 1970 3179 2027 in
3219 1972 3558 2027 maximum
3589 1970 3683 2027 sui.

2021 2056 2399 2129 accipiebant
2445 2063 2889 2125 ornamentum,
2948 2059 3332 2130 potissimum
3386 2065 3590 2117 autem
3626 2061 3680 2115 is

2021 2146 2126 2218 qui
2172 2145 2415 2218 reliquis
2471 2146 2756 2203 omnibus
2789 2154 2846 2203 et
2891 2152 3015 2203 erat
3044 2152 3100 2204 et
3145 2148 3487 2205 habebatur
3523 2163 3679 2221 pras-

2024 2237 2293 2301 stantior,
2341 2235 2564 2308 quique
2595 2235 2896 2292 consulari
2934 2236 3329 2308 praefulgebat
3368 2238 3680 2308 dignitate.

2023 2326 2151 2379 Non
2197 2324 2357 2379 enim
2388 2327 2695 2379 externam
2726 2324 2926 2379 solum
2955 2329 3010 2381 et
3042 2324 3392 2381 saecularem
3423 2324 3685 2398 philoso-

2023 2413 2229 2485 phiam
2274 2412 2377 2483 illi,
2429 2412 2535 2467 sed
2579 2412 2923 2469 interiorem
2972 2430 3215 2484 quoque
3245 2413 3549 2485 religionis
3580 2430 3684 2472 no-

2025 2506 2159 2557 straa
2182 2502 2538 2568 tractabant,
2563 2516 2745 2574 seque
2766 2518 2905 2558 cum
2923 2502 3042 2558 otio
3060 2502 3278 2558 divinis
3297 2502 3686 2574 dogmatibus

2026 2591 2399 2659 exercebant,
2451 2594 2506 2647 et
2561 2606 2788 2661 magna
2807 2608 2946 2647 cum
2977 2591 3284 2661 diligentia
3339 2593 3686 2651 traditiones

2025 2680 2449 2736 scrutabantur
2479 2679 2931 2736 ecclesiasticas.
2986 2682 3085 2737 llis
3127 2682 3242 2754 ipsi
3270 2681 3686 2752 intendebant,

2024 2770 2241 2826 harum
2293 2768 2495 2825 studio
2522 2770 2627 2825 toti
2657 2770 3134 2842 occupabantur,
3162 2770 3450 2844 nullaque
3475 2787 3688 2829 earum

2026 2864 2089 2914 ut
2128 2859 2523 2931 negligeretur
2570 2859 2695 2915 suis
2735 2860 2893 2916 curis
2946 2876 3179 2933 suaque
3217 2860 3524 2932 vigilantia
3561 2860 3687 2918 eﬂi-

2027 2948 2267 3004 ciebant
2291 2965 2303 3015 ;
2328 2947 2489 3003 unde
2510 2953 2564 3005 et
2584 2947 2733 3003 illud
2754 2948 3254 3021 consequebatur,
3272 2950 3688 3006 utsecundum

2027 3053 2240 3094 omnes
2271 3038 2601 3094 honestatis
2636 3053 2706 3093 ac
2753 3037 3060 3108 religionis
3088 3038 3250 3110 leges
3291 3039 3479 3095 vitam
3507 3039 3689 3096 duce-

2029 3133 2178 3184 rent.
2196 3128 2364 3184 Tales
2387 3144 2525 3183 cum
2548 3132 2765 3194 essent,
2789 3127 2934 3183 nihil
2954 3128 3120 3200 prius
3137 3128 3691 3201 habuitimperator

2031 3234 2219 3291 quam
2262 3222 2326 3274 ut
2356 3233 2459 3273 eos
2485 3217 2545 3272 in
2577 3233 2753 3273 suam
2784 3218 3141 3274 sententiam
3168 3218 3537 3291 pertraheret
3564 3237 3578 3287 ;
3606 3219 3691 3275 ita

2033 3307 2145 3363 sibi
2177 3306 2399 3363 scilicet
2426 3304 2551 3362 fore
2572 3305 2967 3378 persuadens,
2991 3311 3057 3363 ut
3097 3306 3147 3362 si
3187 3307 3349 3363 viros
3399 3307 3534 3364 illos
3577 3307 3688 3364 im-

2030 3394 2234 3468 pietati
2261 3412 2384 3451 suae.
2412 3394 2659 3453 haberet
2682 3395 3142 3465 consentientes,
3168 3395 3423 3453 aliorum
3443 3411 3691 3469 quoque

2032 3486 2269 3541 animos
2299 3483 2456 3540 facili
2481 3485 2721 3555 negotio
2759 3489 3151 3557 expugnaret.
3192 3489 3264 3541 At
3290 3501 3430 3542 vero
3478 3501 3691 3543 eorum

2030 3574 2285 3641 nullum,
2309 3589 2434 3630 non
2463 3574 2750 3647 primum,
2782 3589 2905 3630 non
2933 3573 3234 3644 inﬁmum,
3265 3590 3389 3631 non
3417 3574 3692 3632 medium

2030 3681 2067 3722 a
2113 3679 2264 3721 sana
2312 3663 2583 3720 doctrina
2610 3668 2893 3736 rectoque
2929 3664 3172 3720 vivendi
3201 3664 3469 3722 instituto
3505 3665 3694 3723 dedu-

301 3773 435 3815 cere
462 3757 648 3814 valuit
679 3760 776 3826 ;et
807 3756 1089 3830 quamvis
1140 3754 1357 3813 modos
1413 3769 1625 3812 omnes
1671 3755 1921 3828 viasque
1976 3758 2284 3821 tentasset,
2340 3752 2488 3808 nihil
2533 3758 2734 3809 tamen
2788 3753 3039 3810 omnino
3101 3752 3312 3810 eﬂ'ecit.
3389 3754 3691 3828 Principio

299 3848 530 3922 quippe
559 3863 699 3905 cum
725 3847 893 3905 omni
921 3845 1387 3903 mansuetudine
1418 3850 1475 3902 et
1504 3844 1805 3902 modestia
1830 3862 2005 3902 suam
2042 3843 2154 3900 illis
2182 3847 2446 3899 mentem
2471 3841 2801 3899 renuntiari
2828 3841 2981 3909 fecit,
3014 3843 3183 3915 quod
3209 3842 3345 3900 illos
3390 3843 3692 3919 opinionis

299 3953 425 3995 suae
457 3938 654 3996 socios
681 3953 752 3995 ac
790 3935 1221 4006 suffragatores
1245 3934 1470 3992 habere
1504 3933 1833 4007 plurimum
1864 3934 2247 3992 desideraret.
2272 3934 2489 3989 Verum
2529 3936 2591 3988 ut
2618 3931 2697 3988 ab
2751 3932 2835 3988 eis
2890 3947 3066 3989 suam
3094 3933 3421 3990 amentiam
3481 3933 3694 3992 acriter

297 4028 562 4086 incusari
602 4026 925 4102 perspexit,
954 4041 1171 4099 neque,
1226 4040 1593 4098 quacunque
1640 4024 1890 4082 demum
1949 4025 2192 4081 fortuna
2247 4021 2587 4096 periculove
2636 4022 2964 4095 proposito,
3023 4021 3242 4078 adduci
3303 4023 3469 4080 viros
3511 4037 3694 4097 posse

298 4122 367 4176 ut
402 4122 753 4176 sanctarum
779 4116 1010 4175 cultum
1031 4115 1349 4187 inaginum
1378 4130 1448 4172 ac
1478 4116 1928 4173 venerationem
1964 4112 2357 4187 rejiciendam
2422 4111 2707 4180 dicerent,
2770 4111 2851 4168 ad
2913 4111 3114 4169 minas
3169 4115 3227 4169 et
3290 4112 3692 4172 contumelias

298 4223 631 4266 conversus
670 4211 779 4264 est.

371 4313 470 4388 ιβ’.
500 4315 583 4377 Ὠς
632 4310 683 4368 δ’
710 4310 836 4368 οὐδὲ
864 4313 999 4366 οὕτω
1047 4314 1335 4386 μετίπειθε,
1384 4314 1592 4365 πάττων
1648 4310 1909 4385 ἀπογνοὺς
1949 4300 1991 4354 D

300 4404 488 4474 ἄλλων,
529 4404 643 4468 ὅλος
695 4413 791 4466 τῆς
845 4405 1096 4465 ἀπηνείας
1147 4402 1331 4456 ἑαυτοῦ
1361 4406 1560 4474 γίνεται
1593 4422 1605 4436 ο
1660 4404 1771 4455 ὅθεν
1819 4408 1909 4455 καὶ

300 4500 486 4567 χώραν
510 4490 637 4556 δοὺς
666 4494 843 4556 αὐτοῖς
883 4492 1135 4563 σκέψεως,
1175 4496 1367 4564 πέμπει
1396 4495 1516 4553 τοὺς
1548 4492 1719 4552 αὐτοῖς
1764 4492 1911 4550 οἰκή-

302 4602 439 4657 μασι
485 4587 871 4645 καταὺσαντας.
950 4583 1051 4636 Κὰὶ
1109 4581 1157 4634 οἳ
1213 4585 1307 4640 τὴν
1392 4583 1527 4657 ὥραν
1589 4586 1912 4657 τηρήσαντες

303 4677 386 4727 ὅτε
414 4680 505 4727 καὶ
543 4676 593 4727 οἱ
620 4676 751 4748 πρὸς
788 4677 876 4726 τόν
913 4675 1083 4725 κοινὸν
1143 4671 1381 4723 ἁπάντων
1448 4667 1715 4729 δυνάστην
1774 4669 1913 4723 ἀντι-

304 4762 563 4826 ϐαίνοντες
618 4764 792 4831 ὕπνον,
855 4764 1116 4819 ἡττῶνται
1165 4763 1352 4813 τούτου
1388 4765 1479 4812 καὶ
1533 4759 1910 4827 ἀνακλίνονται,

303 4854 455 4915 ἄλλος
504 4853 711 4907 ἄλλοθεν
763 4852 1135 4927 περιελθόντες,
1166 4859 1269 4924 πῦρ
1311 4852 1700 4920 ὑπανάπτουσι,
1741 4853 1914 4902 καὶτὸ

302 4952 397 5006 τῆς
427 4947 606 5015 σοφίας
634 4945 703 5005 ὡς
725 4940 929 5002 ἀληθῶς
968 4936 1287 5012 ἐνδιαίτημα
1315 4947 1377 5011 τῇ
1443 4938 1595 5011 φλογὶ
1646 4942 1913 5011 πανταχό-

304 5035 385 5087 θεν
424 5029 894 5106 περιλαμϐάνουσι,
924 5034 1016 5083 καὶ
1044 5036 1220 5084 πᾶσαν
1250 5035 1356 5089 τοῖς
1414 5025 1565 5081 ἔνδον
1617 5028 1918 5082 ἀποκλείου-

302 5143 387 5178 σιν
421 5118 619 5186 ἶξοδον,
654 5122 737 5175 Ἐν
768 5118 855 5174 οὖν
885 5123 1020 5174 πάνυ
1058 5118 1258 5194 βραχεῖ
1294 5138 1367 5190 τῳ
1425 5120 1691 5191 παμφάγῳ
1737 5121 1920 5179 πάντες

297 5217 431 5288 πυρὶ
458 5212 643 5274 αὐταῖς
673 5210 896 5285 βίϐλοις,
931 5210 1114 5271 αὐταῖς
1145 5209 1341 5272 οἰκίαις
1374 5229 1386 5242 ·
1419 5208 1824 5264 κατανάλωνται.
1853 5207 1922 5260 Ὧ

296 5303 517 5369 πάθους,
557 5303 597 5353 ὦ
625 5301 818 5375 ζημίας
843 5300 856 5355 l
891 5300 952 5360 ἣν
983 5302 1248 5359 ὑποσταίη
1276 5301 1367 5373 μὲν
1393 5302 1451 5351 τό
1501 5295 1689 5351 δοκοῦν
1718 5300 1749 5357 ἠ
1784 5305 1923 5365 Κων,

304 5396 600 5459 σταντίνου,
645 5398 758 5453 ταῖς
807 5386 859 5445 δ’
913 5388 1184 5451 ἀληθείαις
1251 5393 1396 5461 γένος
1444 5388 1580 5441 ἅπαν
1635 5388 1920 5468 Ῥωμαίων,

305 5486 397 5535 καὶ
476 5483 526 5534 οἰ
607 5485 702 5540 τὴν
788 5484 972 5555 σοφίαν
1028 5480 1303 5542 ζητοῦντες
1370 5478 1609 5532 ἀνέκαθεν
1664 5476 1922 5543 Ἕλληνες,

311 5572 486 5645 ὥσπερ
544 5574 635 5623 καὶ
683 5572 710 5624 ό
757 5572 888 5633 θεῖος
962 5569 1165 5631 Παῦλος
1214 5565 1622 5645 δίεμαρτύρατο.
1667 5568 1741 5621 Οὐ
1824 5570 1925 5642 γὰρ

313 5663 472 5735 ὄτιγε
517 5663 765 5716 τοιούτων
817 5657 1023 5736 ἀνδρῶν
1080 5660 1374 5736 ἐστέρηται,
1417 5659 1547 5714 ἀλλὰ
1602 5664 1691 5713 καὶ
1758 5667 1929 5732 σοφῶν

315 5748 521 5827 ἀνδρῶν
567 5753 993 5828 συγγραμμάτων
1047 5752 1305 5806 πλείστων
1367 5770 1422 5805 τε
1482 5755 1573 5804 καὶ
1636 5749 1930 5804 καλλίστων

534 5842 787 5903 Ρλτεοι..
822 5845 923 5902 Gn.
947 5843 1098 5904 CXL.

2101 4316 2184 4367 l2.
2220 4312 2490 4383 Cumque
2505 4309 2621 4365 hoc
2656 4308 2837 4366 etiam
2863 4308 3048 4366 modo
3076 4308 3242 4382 apud
3292 4310 3457 4367 viros
3511 4309 3693 4369 fortes
3769 4385 3771 4388 φ

2024 4400 2173 4456 nihil
2226 4398 2562 4473 proﬁceret,
2608 4402 2664 4454 et
2711 4397 2876 4455 aliud
2932 4398 3081 4454 nihil
3133 4414 3256 4471 quo
3299 4415 3404 4455 eos
3457 4404 3695 4471 cogeret

2025 4505 2341 4562 superesse
2386 4488 2888 4545 animadverteret
2917 4504 2930 4542 :
2962 4503 3084 4544 sua:
3118 4504 3180 4545 se
3213 4488 3507 4546 ferocitati
3537 4490 3696 4547 abri-

2022 4579 2315 4650 piendum
2337 4583 2527 4635 totum
2553 4576 2793 4634 tradidit
2820 4596 2833 4646 ;
2859 4592 3273 4650 concessoque
3299 4578 3445 4651 ipsis
3475 4578 3697 4637 delibe-

2023 4669 2200 4725 randi
2228 4668 2441 4740 spatio,
2475 4666 2753 4723 submisit
2777 4668 2880 4740 qui
2905 4667 3138 4724 aedibus
3168 4683 3380 4724 eorum
3410 4666 3697 4726 ﬂammas

2025 4759 2352 4831 injicerent.
2404 4758 2470 4813 Hi
2518 4761 2925 4831 opportunum
2980 4758 3246 4815 maxime
3300 4758 3695 4816 observantes

2026 4854 2283 4921 tempus,
2299 4864 2436 4903 cum
2452 4846 2880 4919 sapientissimi
2902 4848 3182 4904 homines
3205 4848 3310 4922 qui
3332 4848 3413 4905 ad
3434 4849 3697 4906 multum

2028 4939 2218 4994 noctis
2236 4936 2525 4993 adversus
2546 4935 2822 4993 omnium
2846 4935 3207 4993 domitorem
3230 4953 3515 4996 somnum
3534 4938 3697 4995 forti-

2028 5034 2115 5085 ter
2142 5042 2408 5101 pugnare
2449 5026 2603 5082 soliti
2632 5030 2826 5088 erant,
2859 5026 3055 5082 eidem
3077 5026 3261 5084 etiam
3301 5028 3699 5086 succumbere

2029 5122 2231 5174 essent
2255 5117 2466 5186 coacti,
2489 5121 2545 5173 et
2569 5116 2839 5173 cubitum
2865 5117 3155 5189 tantisper
3179 5132 3241 5173 se
3268 5117 3697 5189 contulissent;

2032 5207 2131 5266 alii
2155 5207 2303 5264 alias
2330 5206 2552 5263 aedium
2582 5210 2785 5279 partes
2816 5206 3261 5264 circumeuntes
3291 5207 3499 5279 ignem
3530 5223 3704 5282 spar-

2034 5314 2191 5369 gere,
2238 5297 2743 5369 verissimumque
2770 5296 3080 5370 sapientia:
3121 5296 3312 5369 ipsius
3369 5297 3702 5371 hospitium

2032 5387 2296 5445 ﬂammis
2328 5386 2593 5460 undique
2630 5385 2935 5443 involvere
2976 5391 3306 5460 coeperunt;
3334 5402 3582 5445 omnem
3608 5388 3701 5445 in-

2036 5482 2131 5535 tus
2161 5477 2548 5535 manentibus
2580 5476 2806 5533 exitum
2836 5476 3296 5549 praecludentes.
3328 5478 3557 5535 Modico
3587 5478 3705 5551 igi-

2038 5572 2133 5624 tur
2180 5567 2376 5640 spatio
2421 5565 2706 5639 temporis
2750 5581 2963 5623 omnes
3012 5565 3446 5624 devorantibus
3489 5572 3711 5627 cuncta

2039 5657 2305 5713 ﬂammis
2319 5656 2518 5713 hausti
2530 5660 2710 5730 atque
2731 5655 3040 5729 absumpti
3059 5659 3221 5726 sunt,
3236 5672 3361 5714 una
3377 5673 3517 5714 cum
3537 5656 3709 5715 libris

2041 5752 2222 5821 atque
2276 5746 2424 5820 ipsis
2462 5745 2721 5804 aedibus.
2784 5748 2829 5805 Ο
2876 5745 3135 5817 cladem,
3183 5763 3220 5806 ο
3268 5746 3708 5808 aﬂlictionem!
