4484 6446
831 370 932 424 907
2026 376 2486 433 CONSTANTINI
2526 377 3003 435 ACROPOLITJE.
4095 386 4194 442 908

826 507 1015 564 quam
1028 491 1382 549 sustinuisse
1394 493 1628 549 videtur
1642 494 1784 550 urbs
1800 497 2480 570 Constantinopolitana,
2510 522 2554 572 Α

2423 515 2480 567 a,
2510 522 2554 572 Α
2602 506 3072 574 συναπεστέρηται.
3117 501 3273 554 Ἀλλὰ
3331 504 3496 573 τούτῳ
3538 506 3647 574 μὲν,
3701 508 3769 565 ὡς
3813 507 3989 577 ἔφθην,
4048 507 4193 558 εἰπὼν

822 596 1034 638 revera
1083 586 1284 639 autem
1331 583 1493 638 natio
1537 587 1807 641 Romana
1860 585 2140 641 sustinuit
2181 588 2477 654 universa,

2425 605 2477 654 a,
2600 591 2647 641 ἐν
2674 610 2724 642 τι
2756 600 2853 641 τῶν
2880 590 3257 662 τονβασιλέως
3304 593 3420 643 καθ’
3471 595 3615 663 ἡμων
3666 597 3845 667 ἔργων,
3999 616 4048 646 τι
4102 606 4194 647 των

821 671 1058 743 ipsique
1107 670 1283 727 etiam
1319 672 1586 743 gentiles,
1620 678 1941 745 quotquot,
1976 678 2123 731 teste
2155 676 2358 743 Paulo,
2394 694 2483 732 sa-

2426 694 2483 732 a-
2598 684 2713 731 τότε
2770 676 2971 746 δεινῶν,
3017 685 3106 730 καὶ
3157 688 3247 739 τῆς
3321 680 3608 752 μελλούσης
3666 685 3732 743 ως
3805 684 3961 735 εἰπεῖν
4015 690 4196 745 κακίας

823 760 1111 833 pientiam
1159 760 1236 816 ab
1274 761 1441 816 initio
1471 762 1892 834 quaesiverunt.
1927 766 2053 819 Non
2085 765 2245 819 enim
2275 766 2482 821 talium

2424 783 2482 821 m
2597 773 2907 840 προοίμιον’
2943 771 3006 819 τά
3041 768 3195 819 λοιπά
3241 765 3286 819 δ’
3347 773 3389 821 ει
3455 768 3699 841 βούλοιτό
3748 791 3827 831 τις
3880 774 4083 843 μαθεῖν,

821 847 1091 904 virorum
1133 847 1431 904 duntaxat
1478 848 1635 905 facta
1665 854 1753 905 est
1774 850 2032 923 jactura,
2065 868 2270 907 verum
2302 855 2483 910 etiam

1735 854 1753 905 t
1774 850 2032 923 jactura,
2065 868 2270 907 verum
2302 855 2483 910 etiam
2595 861 2711 929 περὶ
2739 856 2906 907 αὐτῶν
2936 858 3144 927 ἱστορίᾳ
3164 862 3506 929 περιτυχέτω.

821 936 1085 1009 plurium
1108 952 1178 994 ac
1208 936 1747 1010 pulcherrimorum
1780 938 2092 1009 librorum,
2126 957 2280 1013 quos
2312 943 2738 1014 sapientissimi
2776 944 3052 1000 homines
3091 946 3576 1017 conscripserunt
3605 949 3705 1018 (2).
3737 948 3849 1004 Sed
3881 949 3998 1004 huc
4028 950 4198 1004 devc-

821 1026 906 1095 ni,
937 1025 1134 1082 dicere
1154 1025 1364 1083 volens
1396 1042 1585 1084 unum
1626 1028 1813 1085 nostri
1870 1031 2251 1101 Imperatoris
2304 1030 2558 1099 facinus,
2596 1049 2665 1089 ac
2694 1033 2874 1089 veluti
2939 1034 3301 1106 prooemium
3351 1036 3480 1106 ejus
3533 1051 3670 1107 quae
3724 1043 4001 1092 secutura
4048 1043 4200 1093 esset

823 1114 1181 1173 calamitatis
1206 1130 1220 1182 ;
1242 1120 1456 1174 caetera
1480 1116 1527 1172 si
1542 1116 1679 1190 quis
1700 1132 2065 1188 cognoscere
2083 1123 2303 1191 cupiat,
2332 1121 2531 1191 ipsam
2553 1137 2691 1194 quae
2713 1120 2789 1178 de
2811 1122 2924 1177 illis
2954 1123 3293 1195 conscripta
3316 1128 3424 1186 est,
3444 1123 3756 1181 historiam
3806 1125 4079 1183 consulat
4097 1129 4197 1198 (3),

2360 1283 2540 1338 CAUT
2570 1282 2656 1338 IIl.

914 1392 1567 1466 Spatharium,0hristi
1583 1396 1906 1468 imaginem
1936 1398 2677 1469 dejecturum,przecipitat
2705 1397 3054 1465 Theodosia,
3085 1403 3141 1455 et
3159 1398 3303 1466 ﬁdei
3320 1413 3443 1455 suae
3472 1399 3762 1455 rationem
3786 1405 4052 1471 tyranno

2389 1487 2609 1544 reddit.

882 1602 966 1657 13.
996 1601 1145 1656 Cum
1171 1599 1351 1670 igitur
1382 1602 1505 1656 tam
1532 1601 1742 1671 gravia
1798 1604 2045 1674 tamque
2074 1602 2474 1659 intolerabilia

2418 1603 2474 1659 ia,
2655 1599 2738 1673 ιγ’.
2772 1601 2914 1655 Ἀλλ’
2941 1599 3029 1655 οὖν
3055 1603 3188 1655 οὕτω
3221 1599 3400 1655 δεινῶν
3442 1603 3606 1666 οὕτως
3646 1602 3972 1657 ἀνυποίστων
4003 1603 4189 1676 ἐπαιγο-

806 1688 1106 1762 supplicia
1119 1688 1208 1744 inf
1207 1694 1476 1745 crrentur
1490 1705 1695 1746 sacras
1709 1690 2003 1758 imagines
2027 1690 2471 1771 venerantibus,

2422 1709 2471 1771 Β,
2580 1695 2741 1763 μένων
2788 1693 2921 1743 κατά
2994 1700 3093 1743 τῶν
3142 1695 3235 1754 τὰς
3303 1696 3438 1767 ἱεράς
3503 1693 3696 1753 εἰκόνας
3762 1696 4188 1766 προσκυνούντων

801 1775 917 1834 illa:
944 1783 1147 1835 autem
1173 1777 1577 1847 abolerentur,
1609 1784 1666 1835 et
1696 1779 1984 1844 funditus,
2014 1786 2078 1836 ut
2102 1782 2186 1837 sic
2235 1781 2471 1853 loquar,

2424 1797 2471 1849 ι’,
2580 1789 2862 1854 τιμωριῶν,
2897 1779 3298 1854 ἀμαυρουμένων
3353 1778 3411 1834 δὲ
3441 1790 3539 1833 τῶν
3601 1785 3746 1834 θείων
3784 1781 4189 1854 ἐκτυπωμοὶτων,

802 1866 1294 1941 exstirparentur,
1328 1868 1776 1940 spathariorum
1807 1869 2026 1941 aliquis
2052 1872 2230 1926 etiam
2264 1876 2474 1927 contra

2415 1886 2474 1927 ra
2580 1875 2669 1922 καὶ
2740 1873 2809 1932 ὡς
2871 1871 3027 1923 εἰπεῖν
3084 1873 3554 1945 κατερειπωθέντων
3622 1874 3828 1923 πάντων
3881 1872 4186 1944 ἀπανταχῆ,

802 1955 1127 2014 Salvatoris
1161 1955 1369 2012 Christi
1401 1956 1673 2013 divinam
1713 1956 1991 2030 efﬁgiem,
2028 1964 2283 2014 stantem
2316 1959 2374 2014 in
2402 1976 2475 2016 ea

2419 1976 2475 2016 3a
2580 1968 2678 2011 τῶν
2729 1980 2806 2021 τις
2862 1962 3187 2034 σπαθαρίων,
3228 1966 3317 2013 καὶ
3369 1964 3503 2012 κατά
3546 1969 3640 2023 τῆς
3685 1963 3826 2022 θείας
3876 1961 4067 2023 εἰκόνος
4098 1968 4190 2013 τοῦ

798 2050 977 2119 porta
1000 2061 1136 2118 quae
1166 2046 1356 2101 zEnea
1381 2045 1615 2112 dicitur,
1646 2063 1823 2102 suum
1852 2053 1939 2102 est
1964 2063 2284 2118 aggressus
2311 2047 2471 2104 furo-

2416 2065 2471 2102 0-
2582 2057 2820 2123 Σωτῆρος
2852 2057 3102 2123 Χριστοῦ,
3160 2058 3247 2110 τῆς
3298 2052 3579 2123 ἱσταμένης
3624 2049 3707 2103 ἐπὶ
3764 2061 3859 2111 τῆς
3903 2052 4039 2103 οὕτω
4092 2071 4187 2103 κα-

797 2151 927 2192 rem
953 2151 1249 2203 exercere,
1280 2151 1540 2208 eamque
1570 2137 1630 2191 in
1676 2140 1896 2193 terram
1928 2142 2320 2209 prosternere.
2353 2141 2471 2193 Hoc
2512 2140 2548 2193 Β

2421 2155 2471 2193 )ο
2512 2140 2548 2193 Β
2578 2137 2830 2210 λουμένης
2852 2138 3079 2208 Χαλκῆς,
3124 2142 3363 2213 ὥρμησεν
3411 2138 3665 2206 ἀπελθεῖν,
3724 2138 3799 2211 ἐφ’
3948 2160 4009 2211 γε
4065 2142 4192 2193 ταὺ-

797 2229 1000 2283 autem
1048 2229 1112 2281 ut
1151 2224 1343 2282 beatae
1373 2225 1724 2282 Theodosia;
1755 2231 1843 2282 est
1871 2227 2301 2294 renuntiatum,
2344 2228 2469 2283 Phi-

2417 2228 2469 2283 ii-
2578 2248 2672 2285 την
2718 2228 3044 2283 καταϐαλεῖν.
3095 2228 3230 2280 Ἀλλ’
3296 2227 3551 2299 ἀνηγγέλη
3622 2236 3773 2281 τοῦτο
3822 2236 3884 2299 τῇ
3932 2233 4188 2301 μακαρίᾳ,

795 2330 941 2373 nees
969 2329 1113 2371 mox
1141 2313 1305 2371 illam
1326 2313 1485 2371 zelus
1512 2318 1568 2371 et
1593 2314 1730 2370 Elim
1757 2314 1997 2371 invasit.
2026 2315 2226 2372 Plures
2252 2316 2469 2373 deinde

2414 2317 2469 2373 ie
2578 2321 2668 2369 καὶ
2698 2317 2727 2375 ἣ
2765 2317 2918 2379 ζῆλον
2963 2315 3208 2390 παραυτά
3257 2319 3444 2379 Φινεὲς,
3504 2316 3657 2378 ζῆλον
3697 2314 3932 2369 ἀνέλαϐεν
3962 2316 4139 2369 Ἠλιοῦ
4174 2338 4185 2351 ·

792 2404 1104 2476 religiosas
1130 2409 1595 2478 matronas,quae
1621 2406 1916 2461 mundum
1939 2406 2272 2479 mundique
2295 2423 2467 2463 orna-

2415 2423 2467 2463 ξι-
2576 2413 2648 2476 τῷ
2698 2426 2780 2458 τοι
2851 2411 2941 2459 καὶ
3005 2413 3278 2476 γυναῖκας,
3365 2410 3567 2478 κόσμου
3626 2426 3717 2457 και
3768 2414 3867 2457 τῶν
3917 2415 4186 2477 κοσμικῶν

791 2500 1005 2552 menta
1058 2495 1411 2551 omniaase
1459 2501 1859 2563 removerant,
1913 2501 2036 2552 toto
2089 2497 2294 2553 animo
2356 2497 2467 2554 soli

2417 2497 2467 2553 ili
2578 2493 2965 2569 ἀποῤῥαγείσας
3011 2493 3311 2569 ὁλοσχερῶς
3391 2499 3481 2546 καὶ
3538 2494 4018 2568 προσκολληθείσας
4067 2495 4188 2557 ὅλας

792 2585 1169 2642 adhaerentes
1192 2588 1333 2653 Deo,
1357 2584 1552 2641 socias
1575 2584 1688 2641 sibi
1710 2585 2068 2657 adjungens,
2098 2591 2305 2642 sancto
2321 2602 2467 2659 quo-

2415 2602 2467 2643 D-
2577 2593 2711 2655 Θεῷ,
2781 2586 2895 2657 μεθ’
2962 2585 3150 2645 ἑαυτῆς
3224 2584 3492 2656 λαμϐάνει,
3570 2590 3659 2635 καὶ
3744 2584 3841 2655 ὅλῳ
3890 2588 4023 2637 κατά
4093 2593 4186 2637 τοῦ

797 2674 943 2732 dam
1002 2673 1201 2731 furore
1234 2674 1311 2730 ad
1343 2674 1652 2730 hominem
1683 2674 1855 2744 virgo
1894 2675 2096 2732 fertur.
2132 2677 2217 2731 Ex
2258 2692 2467 2731 eorum

2417 2692 2467 2731 in
2577 2675 2873 2746 σπαθαρίου
2931 2681 3150 2725 κινεῖται
3210 2675 3374 2746 θυμῷ.
3429 2676 3619 2746 Τάγμα
3673 2682 3828 2726 τοῦτο
3903 2682 4001 2726 τῶν
4068 2678 4188 2747 περὶ

792 2763 891 2821 hic
941 2770 1067 2821 erat
1097 2764 1331 2832 ordine,
1363 2763 1469 2836 qui
1519 2763 1738 2836 gladio,
1790 2781 1915 2820 non
1948 2765 2163 2833 securi,
2196 2766 2467 2826 instructi

2416 2770 2467 2826 :ti
2573 2767 2659 2815 τὸν
2726 2761 2952 2834 βασιλέα
3022 2764 3394 2836 σπαθηφόρων,
3455 2762 3513 2814 οὐ
3564 2762 3940 2836 πελεκυφόρων,
3991 2765 4057 2823 ὡς
4098 2768 4187 2816 καὶ

793 2870 1002 2926 regem
1044 2854 1288 2928 stipant,
1320 2853 1426 2926 qui
1457 2853 1605 2909 ordo
1637 2858 1725 2909 est
1763 2854 1971 2910 ordine
2007 2855 2345 2921 satellitum,
2381 2853 2464 2911 uti

2415 2853 2464 2911 ,ti
2573 2854 2602 2911 ἡ
2651 2852 2834 2912 κλῆσις
2882 2849 3056 2921 δηλοῖ,
3118 2848 3387 2927 δευτερεῖα
3424 2855 3514 2925 μὲν
3575 2857 3723 2924 φέρον
3770 2860 3871 2904 τῶν
3929 2852 4186 2925 ἐπωμίους

790 2943 1036 3013 indicat,
1069 2942 1475 3000 nomenclatio
1512 2942 1615 3013 (4),
1659 2943 1952 3014 posterior
1980 2961 1993 3007 ;
2026 2959 2229 3013 regem
2262 2949 2461 3001 autem

2412 2961 2461 2999 in
2573 2940 2861 3013 ἀνεχόντων
2892 2945 3015 3002 τοὺς
3045 2940 3291 3005 πελέκεις,
3332 2949 3617 3014 συντηροῦν
3646 2938 3704 2994 δὲ
3757 2947 3910 3014 σφίσι
3960 2944 4027 2994 τὰ
4084 2950 4183 2995 τῶν

789 3033 1066 3101 custodit,
1095 3037 1153 3089 et
1194 3036 1417 3102 atergo
1444 3031 1820 3104 subsequens
1861 3037 2040 3104 atque
2077 3032 2155 3088 ab
2199 3034 2460 3105 impera-

2411 3050 2460 3090 ι-
2573 3030 2831 3103 βασιλέων
2905 3030 3142 3095 ὀπίσθια,
3223 3035 3623 3104 συμπαραμένον
3683 3038 3795 3093 τοῖς
3857 3030 4182 3105 ἀνακτόροις,

788 3125 911 3179 tore
960 3138 1267 3195 nusquam
1311 3120 1650 3188 discedens,
1685 3122 1919 3191 regium
1962 3128 2145 3178 noctu
2175 3125 2460 3178 conclave

2410 3138 2460 3178 re
2571 3126 2824 3182 καὶτοὺς
2882 3119 3189 3194 βασιλείους
3263 3124 3440 3181 νυκτός
3522 3120 3780 3193 θαλάμους
3849 3120 4181 3194 περιπολοῦν,

790 3215 1012 3282 servat,
1064 3210 1522 3284 principemque
1583 3209 1645 3264 in
1691 3209 2005 3282 publicum
2057 3211 2458 3283 prodeuntem

2412 3230 2458 3268 ῃ
2566 3212 2663 3261 κάν
2715 3211 2825 3270 ταῖς
2890 3207 3141 3283 προόδοις
3202 3213 3288 3261 τὸν
3344 3209 3569 3282 βᾶσιλέα
3612 3209 3973 3283 περικυκλουν.
4036 3213 4183 3263 Κατά

787 3300 1215 3371 cingit.Contra
1234 3297 1589 3370 hujusmodi
1615 3298 2247 3370 hominem,generoso
2274 3301 2451 3373 plane

2410 3318 2451 3357 ie
2568 3297 2635 3358 δὴ
2686 3302 2873 3352 τούτου
2952 3303 3167 3370 γενναίῳ
3225 3301 3360 3352 πάνυ
3407 3319 3497 3352 και
3549 3299 3794 3371 ἀπτοήτῳ
3843 3298 4015 3371 βαίνει
4050 3319 4181 3375 φρο-

782 3393 963 3463 atque
984 3388 1281 3461 intrepido
1306 3387 1533 3456 animo,
1566 3387 1737 3458 virgo
1766 3389 2168 3461 progreditur.
2563 3394 2781 3462 νήματι.

859 3482 942 3535 14.
996 3478 1227 3545 Quibus
1267 3481 1469 3534 autem
1501 3476 1603 3533 illa
1636 3478 2022 3533 sermonibus
2078 3478 2450 3535 audientium
2493 3497 2533 3552 ρ

2403 3496 2450 3535 [ῃ
2493 3497 2533 3552 C
2638 3474 2723 3533 ιδ’.
2769 3483 2834 3531 Τί
2863 3483 2953 3551 μὲν
3004 3478 3063 3531 οὑ
3113 3475 3513 3551 διαλογιζομένη
3572 3487 3671 3531 τῶν
3726 3481 3853 3552 πρός
3901 3482 3987 3531 τόν
4044 3480 4174 3553 ὑπὲρ

778 3573 1034 3635 mentes,
1068 3571 1134 3625 ut
1160 3566 1353 3623 zelum
1386 3565 1486 3622 Dei
1515 3567 1918 3638 conciperent,
1954 3567 2303 3623 excitabat?
2324 3585 2453 3640 qui-

2413 3586 2453 3624 ι-
2561 3576 2653 3620 τοῦ
2685 3572 2811 3621 Θεοῦ
2862 3568 3017 3628 ζῆλον
3060 3567 3373 3642 ἐπαιρόντων
3433 3585 3445 3635 ;
3496 3573 3549 3621 τί
3588 3565 3648 3620 δὲ
3689 3576 3787 3620 τῶν
3834 3572 3961 3642 πρὸς
4000 3565 4180 3620 δυσώ-

775 3658 893 3715 bus
925 3661 1114 3714 Deum
1166 3657 1368 3729 ipsum
1422 3655 1623 3710 verbis
1653 3654 2093 3727 alloquebatur,
2143 3658 2450 3727 utjustam

2390 3674 2450 3713 m
2560 3677 2724 3715 πησιν
2759 3660 2945 3708 ἱκανῶν
2978 3658 3035 3709 οὗ
3069 3654 3408 3729 διαλεγομένη
3461 3665 3575 3728 Θεῷ
3620 3674 3633 3724 ;
3689 3662 3740 3709 τί
3782 3653 3841 3709 δὲ
3896 3657 3953 3710 οὗ
4005 3659 4156 3711 νουθε

775 3749 905 3821 ejus
930 3747 1223 3805 adversus
1248 3745 1526 3802 homines
1549 3745 1703 3800 iram
1726 3744 1993 3816 placaret
2018 3744 2249 3817 ?quam
2274 3762 2448 3816 gene-

2409 3763 2448 3802 3-
2561 3754 2729 3799 τοῡσα
2780 3754 2894 3810 ταῖς
2948 3751 3043 3799 σὺν
3084 3746 3214 3820 αὐτῇ
3250 3751 3337 3799 καὶ
3394 3751 3514 3820 περὶ
3558 3746 3715 3804 αὐτὴν
3768 3742 4035 3818 ἀδελφαῖς,
4088 3750 4180 3800 καὶ

774 3852 945 3894 rosos
974 3834 1403 3894 comitantibus
1449 3849 1513 3890 se
1559 3834 1867 3889 sororibus
1907 3834 2154 3891 indebat
2185 3837 2449 3908 spiritus,

2402 3854 2449 3901 s,
2560 3840 2689 3910 πρός
2738 3840 2826 3888 τόν
2948 3838 3075 3910 ὑπὲρ
3135 3845 3231 3898 τῆς
3307 3835 3551 3897 ἀληθείας
3621 3828 3774 3887 ἆθλον
3848 3835 4173 3908 ἆλείφουσα;

776 3931 832 3983 et
862 3927 940 3984 ad
971 3925 1291 3999 pulchrum
1317 3940 1425 3996 pro
1457 3924 1705 3980 veritate
1729 3928 2031 3980 certamen
2057 3925 2443 3982 subeundum

2405 3944 2443 3981 n
2562 3929 2701 4000 Πρός
2729 3929 2818 3998 μὲν
2849 3928 2949 4000 γὰρ
2979 3926 3165 3983 ἑαυτὴν
3212 3934 3429 3978 τοιαῦτα
3487 3922 3554 3983 δή
3610 3944 3728 3977 τινα
3785 3921 4028 3977 διενοεῖτο
4086 3931 4176 3978 καὶ

776 4032 964 4090 quam
990 4016 1214 4073 fortiter
1243 4013 1594 4071 animabat?
1620 4013 1711 4070 Sic
1743 4013 2051 4069 enimvero
2076 4030 2283 4071 secum
2316 4016 2451 4089 ipsa

2404 4032 2451 4072 sa
2563 4011 2896 4067 διεσκέπτετο
2951 4036 2962 4048 ·
3022 4012 3166 4067 Ἔδει
3218 4019 3307 4088 μὲν
3366 4014 3419 4066 ὃν
3475 4014 3682 4087 εἱλόμην
3746 4013 3862 4086 βίον
3936 4023 4175 4088 τηρῆσαι

782 4107 1105 4179 cogitabat,
1138 4107 1221 4161 sic
1258 4103 1766 4161 ratiocinabatur:
1799 4104 2124 4175 Oportebat
2170 4106 2451 4178 equidem

2403 4124 2451 4162 11
2563 4101 2657 4157 διὰ
2693 4110 2886 4166 παντός
2919 4126 2930 4138 ·
2964 4112 3112 4157 τοῦτο
3143 4108 3244 4176 γὰρ
3301 4104 3619 4177 προύθέμην,
3675 4106 3815 4156 τοῦτ’
3866 4102 4174 4177 ἐπηγγειλά-

783 4213 921 4255 eam
963 4213 1083 4265 me,
1115 4190 1305 4268 quam
1338 4193 1492 4249 ultro
1543 4193 1799 4264 suscepi,
1853 4193 2146 4249 rationem
2212 4193 2452 4250 vivendi

2399 4193 2452 4250 di
2561 4214 2663 4266 μην
2724 4190 2855 4247 Θεοῦ
2909 4199 2998 4246 καὶ
3057 4193 3335 4266 ἀνθρώπων
3393 4192 3721 4268 ἐπίπροσθεν,
3781 4193 3976 4265 ἐμαυτῇ
4038 4199 4170 4267 μόνη

782 4293 1012 4346 sariam
1028 4289 1247 4342 tectam
1273 4296 1648 4340 conservare.
1674 4285 1792 4338 Hoc
1828 4283 1989 4338 enim
2025 4299 2231 4339 coram
2256 4284 2374 4340 Deo
2396 4286 2451 4341 et

2402 4286 2451 4341 et
2559 4282 2866 4358 προσλαλεῖν
2923 4288 3011 4336 καὶ
3066 4292 3200 4354 Θεῷ,
3262 4282 3367 4334 ἀλλ’
3442 4279 3556 4335 οὐδ’
3619 4281 4020 4356 ἐπιστρέφεσθαι
4071 4304 4173 4355 μη-

778 4378 1128 4438 hominibus
1176 4376 1472 4433 facturam
1519 4389 1617 4428 me
1646 4374 1956 4445 proposui,
1990 4374 2068 4429 ad
2107 4374 2222 4430 hoc
2254 4392 2451 4432 sacra-

2402 4393 2451 4432 1-
2562 4369 2742 4434 δενός·
2780 4371 2887 4424 ἐπεὶ
2945 4369 2995 4424 δ’
3047 4374 3071 4423 ό
3123 4370 3424 4445 βασκαίνων
3473 4373 3598 4444 ἡμῖν
3658 4373 3846 4424 ἄνωθεν
3904 4377 3994 4424 καὶ
4052 4373 4173 4424 καθ’

777 4473 982 4527 mento
1032 4482 1129 4523 me
1177 4462 1489 4533 obstrinxi,
1541 4478 1680 4517 cum
1714 4464 1832 4518 Deo
1866 4462 1997 4519 solo
2027 4467 2083 4518 et
2114 4480 2353 4520 mecum
2384 4469 2449 4520 ut

2399 4469 2449 4520 λι
2559 4464 2703 4533 ἡμῶν
2757 4466 3032 4515 τέκταίνων
3098 4460 3174 4514 ἀεὶ
3244 4466 3330 4519 τὴν
3412 4461 3723 4520 Ἐκκλησίαν
3797 4469 3930 4514 Θεοῦ
3986 4457 4170 4514 διιτά-

774 4574 1069 4627 versarer,
1094 4555 1466 4628 reliquorum
1515 4556 1718 4608 autem
1749 4552 2067 4608 hominum
2100 4554 2444 4610 societatem

2395 4572 2444 4609 [ῃ
2554 4551 2697 4626 ραξε,
2759 4558 2847 4604 καὶ
2912 4548 3077 4604 δεινόν
3138 4550 3401 4625 ἐπήγειρεν
3448 4551 3577 4621 αὐτῇ
3620 4548 3862 4603 κλῦδωνα
3896 4572 3907 4582 ·
3952 4552 4047 4622 ἄγε
4096 4548 4166 4610 δὴ

772 4650 1037 4721 effugere
1067 4650 1289 4703 conatu
1319 4643 1486 4700 omni
1525 4642 2307 4715 contenderem.Postquam
2338 4661 2443 4700 au-

2397 4662 2443 4700 1-
2553 4646 2807 4715 προῑτέον,
2861 4646 2955 4700 την
3001 4644 3237 4713 ἡσυχίαν
3291 4645 3630 4714 παρορατέον,
3697 4640 3887 4710 ψυχῆς
3944 4637 4168 4711 ἀφειὸη-

772 4744 895 4798 tem
936 4736 1171 4809 generis
1201 4733 1456 4791 humani
1484 4749 1625 4789 osor
1654 4732 2004 4801 acerrimus,
2038 4735 2094 4788 et
2121 4731 2287 4788 nullo
2317 4749 2439 4790 non

2401 4751 2439 4790 n
2551 4735 2664 4784 τέον
2727 4731 2838 4804 ἅμα
2915 4735 3004 4783 καὶ
3091 4736 3355 4803 σώματος,
3412 4731 3538 4804 ὑπὲρ
3618 4736 3709 4782 τοῦ
3774 4734 4167 4801 προαγαγόντος

842 4883 917 4955 (2)
962 4879 1315 4955 Teopbanes
1363 4875 1442 4932 ad
1465 4947 1474 4955 _
1499 4890 1730 4955 annum
1784 4874 1990 4955 Leonis
2026 4875 2111 4955 t9,
2161 4874 2441 4955 animad-
2478 4866 2521 4921 D
2552 4874 2759 4955 phiam
2774 4873 3082 4931 autsimile
3098 4872 3337 4947 aliquod
3360 4872 3805 4946 opuslectorem
3834 4871 4167 4928 hicremitti

768 4946 1012 5011 versum
1042 4946 1103 5007 iri
1143 4966 1246 5006 eos
1299 4947 1599 5021 praecipue
1628 4948 1729 5016 ait,
1761 4946 1866 5021 qui
1899 4947 2209 5002 sanctitate
2240 4952 2295 5001 et
2335 4947 2435 5002 do-
2551 4946 2852 5021 existimo.

771 5026 964 5083 ctrina
993 5014 1345 5080 clarebant’:
1393 5014 1547 5075 adeo
1580 5026 1643 5074 ut
1694 5014 1907 5073 scholae
1934 5034 2057 5073 una
2086 5034 2226 5073 cum
2266 5034 2437 5075 sacra
2620 5018 3035 5090 (4)Securigeri
3049 5017 3725 5090 scilicetpraecedebant,
3742 5014 4159 5090 sequebantur

766 5097 1041 5155 doctrina
1070 5093 1419 5157 exciderint,
1453 5107 1590 5164 quae
1630 5107 1665 5145 a
1697 5090 1918 5164 saeculo
1950 5094 2008 5146 S.
2064 5090 2435 5146 Constantini
2550 5088 2859 5164 spatharii.
2914 5090 3028 5145 Sed
3067 5088 3379 5164 quomodo
3425 5088 3485 5144 in
3538 5089 3746 5164 ordine
3798 5089 4161 5164 stipatorum

762 5168 960 5241 Magni
1016 5181 1208 5240 usque
1262 5164 1337 5241 de
1381 5158 1775 5241 ea-tempora
1830 5161 2175 5241 floruerant.
2238 5164 2434 5241 Graece
2546 5158 2847 5241 regiorum
2873 5158 3421 5241 secundumlocum
3442 5158 4161 5241 tenuissespathariosi_n-

769 5230 1663 5309 06339ﬁvau,.'exstinguerentnr.
1710 5233 2004 5309 Profecto
2032 5233 2172 5299 (nisi
2213 5233 2432 5309 scholae
2544 5230 2756 5309 dicati;
2788 5232 3021 5309 κλῆσιςῗ
3063 5233 3343 5309 Suspicor
3371 5248 3494 5309 non
3551 5238 3671 5288 tam
3725 5230 3949 5286 nomen
4001 5230 4159 5286 indi-

762 5314 891 5370 istaa
913 5303 1081 5368 extra
1102 5303 1488 5365 communem
1514 5306 1729 5361 civium
1758 5304 2188 5360 habitationem
2206 5303 2434 5376 fuerint
2543 5305 2683 5368 cari,
2710 5306 2803 5360 cui
2826 5310 2875 5375 ej
2889 5305 3125 5360 usmodi
3139 5303 3301 5360 notio
3316 5304 3795 5376 haudquaquam
3811 5318 3917 5374 per
3930 5316 3991 5357 se
4009 5317 4159 5357 con-

807 5387 993 5455 ositie)
1024 5383 1124 5438 vix
1153 5386 1245 5436 est
1293 5377 1594 5442 credibile,
1642 5378 1874 5432 aedibus
1918 5376 2099 5431 fuisse
2126 5375 2429 5502 subiectas
2536 5377 2747 5445 juncta
2769 5384 2876 5443 est,
2878 5392 3084 5502 tgutum
3108 5376 3487 5431 matriculam
3502 5374 3732 5455 palatii,
3767 5389 3872 5455 seu
3906 5390 4157 5429 nomen-

808 5472 1068 5502 ammas-
1092 5469 1230 5502 cum
1252 5450 1481 5502 viciniae
1503 5450 1678 5502 totius
1700 5448 2017 5502 manifesto
2036 5448 2235 5502 oericu
2264 5463 2320 5502 ο.
2541 5448 2872 5502 claturamo
2945 5447 3386 5502 c10rum.aualis
3401 5448 3614 5502 oassim
3630 5462 3688 5501 in
3703 5444 3978 5501 manibus
4001 5448 4153 5502 erat.

807 5402 993 5455 OSIUB)
1024 5402 1124 5438 le
1153 5402 1245 5436 851.
1293 5402 1594 5442 creuruuc,
1642 5402 1874 5432 wuxuus
1918 5402 2099 5431 tunsae
2126 5402 2240 5431 sui)
2269 5402 2429 5433 unus
2536 5402 2747 5445 JuuUid
2769 5402 2876 5443 υδι,
2945 5402 3084 5455 unus
3108 5402 3487 5431 muli'wumm
3513 5402 3732 5455 μωιειιι,
3767 5402 3872 5455 acu
3906 5402 4153 5429 ιιυωυιι-

759 5402 1069 5520 ﬁammas,
1092 5469 1231 5509 cum
1252 5450 1481 5505 viciniae
1503 5450 1678 5505 totius
1700 5448 2017 5504 manifesto
2036 5402 2320 5519 pericuio.
2350 5518 2359 5520 _
2541 5448 2823 5504 claturam
2838 5402 3386 5520 ogcmrumgualis
3400 5448 3688 5520 passimin
3703 5444 3978 5520 manibus
4001 5448 4153 5510 erat,

831 5497 2140 5601 talﬁiilia’maehoc‘argvumento.histori‘am
2168 5518 2428 5600 singula-
2538 5497 3482 5601 indicabatqueot'ticiigujusqiie
3505 5519 3801 5601 ordinem,
3821 5497 4155 5597 observan:

757 5589 906 5657 rem'
932 5615 1094 5655 nunc
1125 5596 1425 5660 novimus,
1459 5589 1567 5648 nec
1600 5592 1744 5648 alibi
1777 5593 2009 5647 citatam
2042 5589 2373 5662 reperimus
2410 5609 2422 5645 :
2537 5590 2683 5647 dum
2707 5589 2940 5664 quoties
2964 5592 3023 5647 in
3050 5589 3357 5663 publicum
3382 5589 4155 5664 progrediebaturimpera-

756 5673 981 5729 mirum
1031 5675 1233 5727 autem
1276 5668 1428 5723 foret
1456 5682 1591 5739 eam
1622 5667 1882 5739 auctoris
1913 5663 2423 5739 tetateexstitisse,
2537 5669 2647 5739 tor,
2676 5663 2827 5739 iniis
2857 5680 3012 5736 quos
3036 5667 3348 5739 προκένσους
3374 5663 3691 5732 vocabant,
3737 5678 3849 5718 nos
3901 5676 4151 5734 proces-

752 5759 918 5803 nunc
944 5741 1213 5817 ignorari
1242 5759 1256 5811 ;
1284 5754 1473 5813 quare
1510 5737 1591 5797 ad
1642 5736 2021 5810 Theophanis
2059 5736 2425 5806 chronogra-
2538 5736 2737 5793 siones
2765 5736 3124 5793 diceremus.
