  <div class='ocr_page' id='page_1' title='image "/cluster/home/n/w/nwhite01/storage/ocr_20150623/140/nnc1.0046979905/468.png"; bbox 0 0 4484 6446; ppageno 0'>
   <div class='ocr_carea' id='block_1_1' title="bbox 306 428 410 481">
    <p class='ocr_par' dir='ltr' id='par_1_1' title="bbox 306 428 410 481">
     <span class='ocr_line' id='line_1_1' title="bbox 306 428 410 481; baseline 0 0"><span class='ocrx_word' id='word_1_1' title='bbox 306 428 410 481; x_wconf 85' lang='lat'>909</span> 
     </span>
    </p>
   </div>
   <div class='ocr_carea' id='block_1_2' title="bbox 1644 418 2314 477">
    <p class='ocr_par' dir='ltr' id='par_1_2' title="bbox 1644 418 2314 477">
     <span class='ocr_line' id='line_1_2' title="bbox 1644 418 2314 477; baseline -0.003 -2"><span class='ocrx_word' id='word_1_2' title='bbox 1644 422 1707 477; x_wconf 75' lang='lat' dir='ltr'><strong>1N</strong></span> <span class='ocrx_word' id='word_1_3' title='bbox 1751 420 1807 476; x_wconf 91' lang='lat' dir='ltr'>S.</span> <span class='ocrx_word' id='word_1_4' title='bbox 1846 418 2314 476; x_wconf 79' lang='lat' dir='ltr'>TdEODOSIAM.</span> 
     </span>
    </p>
   </div>
   <div class='ocr_carea' id='block_1_3' title="bbox 3553 426 3659 481">
    <p class='ocr_par' dir='ltr' id='par_1_3' title="bbox 3553 426 3659 481">
     <span class='ocr_line' id='line_1_3' title="bbox 3553 426 3659 481; baseline -0.019 0"><span class='ocrx_word' id='word_1_5' title='bbox 3553 426 3659 481; x_wconf 87' lang='grc'>910</span> 
     </span>
    </p>
   </div>
   <div class='ocr_carea' id='block_1_4' title="bbox 309 542 2080 621">
    <p class='ocr_par' dir='ltr' id='par_1_4' title="bbox 309 546 2080 621">
     <span class='ocr_line' id='line_1_4' title="bbox 309 546 2080 621; baseline -0.005 -21"><span class='ocrx_word' id='word_1_6' title='bbox 309 552 443 621; x_wconf 75' lang='grc' dir='ltr'>ἡμᾶς</span> <span class='ocrx_word' id='word_1_7' title='bbox 473 554 562 599; x_wconf 89' lang='grc' dir='ltr'>καί</span> <span class='ocrx_word' id='word_1_8' title='bbox 590 552 967 621; x_wconf 79' lang='grc' dir='ltr'>προνοουμένου</span> <span class='ocrx_word' id='word_1_9' title='bbox 1015 554 1113 597; x_wconf 80' lang='grc' dir='ltr'>τῶν</span> <span class='ocrx_word' id='word_1_10' title='bbox 1169 546 1284 597; x_wconf 77' lang='grc' dir='ltr'>καθ’</span> <span class='ocrx_word' id='word_1_11' title='bbox 1316 547 1477 616; x_wconf 74' lang='grc' dir='ltr'>ἡμᾶς,</span> <span class='ocrx_word' id='word_1_12' title='bbox 1534 549 1623 595; x_wconf 90' lang='grc' dir='ltr'>καί</span> <span class='ocrx_word' id='word_1_13' title='bbox 1674 546 1760 603; x_wconf 75' lang='grc' dir='ltr'>τὰς</span> <span class='ocrx_word' id='word_1_14' title='bbox 1800 552 1897 594; x_wconf 79' lang='grc' dir='ltr'>τῶν</span> <span class='ocrx_word' id='word_1_15' title='bbox 1937 552 1983 604; x_wconf 71' lang='grc' dir='ltr'><strong>Α</strong></span> <span class='ocrx_word' id='word_1_16' title='bbox 2019 547 2080 597; x_wconf 30' lang='lat' dir='ltr'>te,</span> 
     </span>
    </p>
   </div>
   <div class='ocr_carea' id='block_1_5' title="bbox 1894 542 3665 621">
    <p class='ocr_par' dir='ltr' id='par_1_5' title="bbox 1894 542 3665 617">
     <span class='ocr_line' id='line_1_5' title="bbox 1894 542 3665 617; baseline 0.003 -21"><span class='ocrx_word' id='word_1_17' title='bbox 1894 566 1897 583; x_wconf 74' lang='grc' dir='ltr'>ι</span> <span class='ocrx_word' id='word_1_18' title='bbox 1937 552 1983 604; x_wconf 74' lang='grc' dir='ltr'><strong>Α</strong></span> <span class='ocrx_word' id='word_1_19' title='bbox 2019 547 2283 614; x_wconf 84' lang='lat' dir='ltr'>tempore</span> <span class='ocrx_word' id='word_1_20' title='bbox 2300 543 2547 598; x_wconf 85' lang='lat' dir='ltr'>insidias</span> <span class='ocrx_word' id='word_1_21' title='bbox 2562 542 2736 598; x_wconf 87' lang='lat' dir='ltr'>nobis</span> <span class='ocrx_word' id='word_1_22' title='bbox 2751 547 3003 613; x_wconf 73' lang='lat' dir='ltr'>struens,</span> <span class='ocrx_word' id='word_1_23' title='bbox 3025 542 3343 601; x_wconf 84' lang='lat' dir='ltr'>Ecclesiam</span> <span class='ocrx_word' id='word_1_24' title='bbox 3367 544 3467 600; x_wconf 87' lang='lat' dir='ltr'>Dei</span> <span class='ocrx_word' id='word_1_25' title='bbox 3486 546 3665 617; x_wconf 66' lang='lat' dir='ltr'>coepit</span> 
     </span>
    </p>
   </div>
   <div class='ocr_carea' id='block_1_6' title="bbox 307 634 1900 711">
    <p class='ocr_par' dir='ltr' id='par_1_6' title="bbox 307 634 1900 711">
     <span class='ocr_line' id='line_1_6' title="bbox 307 634 1900 711; baseline -0.002 -22"><span class='ocrx_word' id='word_1_26' title='bbox 307 641 574 711; x_wconf 76' lang='grc' dir='ltr'>πρακτέων</span> <span class='ocrx_word' id='word_1_27' title='bbox 656 636 731 688; x_wconf 79' lang='grc' dir='ltr'>ἐπ’</span> <span class='ocrx_word' id='word_1_28' title='bbox 790 636 1027 707; x_wconf 88' lang='grc' dir='ltr'>ἐσχάτων</span> <span class='ocrx_word' id='word_1_29' title='bbox 1080 634 1300 704; x_wconf 67' lang='grc' dir='ltr'>ἀμοιϐὰς</span> <span class='ocrx_word' id='word_1_30' title='bbox 1375 636 1495 705; x_wconf 71' lang='grc' dir='ltr'>ἡμῖν</span> <span class='ocrx_word' id='word_1_31' title='bbox 1555 636 1900 704; x_wconf 72' lang='grc' dir='ltr'>ταμιεύοντος.</span> 
     </span>
    </p>
   </div>
   <div class='ocr_carea' id='block_1_7' title="bbox 2015 632 3664 702">
    <p class='ocr_par' dir='ltr' id='par_1_7' title="bbox 2015 632 3664 702">
     <span class='ocr_line' id='line_1_7' title="bbox 2015 632 3664 702; baseline 0.003 -17"><span class='ocrx_word' id='word_1_32' title='bbox 2015 632 2383 702; x_wconf 85' lang='lat' dir='ltr'>perturbare,</span> <span class='ocrx_word' id='word_1_33' title='bbox 2412 637 2467 686; x_wconf 87' lang='lat' dir='ltr'>et</span> <span class='ocrx_word' id='word_1_34' title='bbox 2498 646 2742 699; x_wconf 81' lang='lat' dir='ltr'>gravem</span> <span class='ocrx_word' id='word_1_35' title='bbox 2783 632 2935 686; x_wconf 91' lang='lat' dir='ltr'>adeo</span> <span class='ocrx_word' id='word_1_36' title='bbox 2964 636 3172 687; x_wconf 91' lang='lat' dir='ltr'>contra</span> <span class='ocrx_word' id='word_1_37' title='bbox 3227 648 3361 688; x_wconf 89' lang='lat' dir='ltr'>eam</span> <span class='ocrx_word' id='word_1_38' title='bbox 3411 635 3664 691; x_wconf 84' lang='lat' dir='ltr'>excitare</span> 
     </span>
    </p>
   </div>
   <div class='ocr_carea' id='block_1_8' title="bbox 309 720 3669 797">
    <p class='ocr_par' dir='ltr' id='par_1_8' title="bbox 309 720 3669 797">
     <span class='ocr_line' id='line_1_8' title="bbox 309 720 3669 797; baseline -0.001 -16"><span class='ocrx_word' id='word_1_39' title='bbox 309 730 747 797; x_wconf 79' lang='lat' dir='ltr'>tempestatem,</span> <span class='ocrx_word' id='word_1_40' title='bbox 789 730 917 780; x_wconf 91' lang='lat' dir='ltr'>tum</span> <span class='ocrx_word' id='word_1_41' title='bbox 940 740 1083 779; x_wconf 87' lang='lat' dir='ltr'>sane</span> <span class='ocrx_word' id='word_1_42' title='bbox 1114 723 1537 795; x_wconf 82' lang='lat' dir='ltr'>prodeundum</span> <span class='ocrx_word' id='word_1_43' title='bbox 1562 722 1741 777; x_wconf 88' lang='lat' dir='ltr'>etiam</span> <span class='ocrx_word' id='word_1_44' title='bbox 1782 720 1978 786; x_wconf 91' lang='lat' dir='ltr'>nobis,</span> <span class='ocrx_word' id='word_1_45' title='bbox 2002 720 2205 790; x_wconf 90' lang='lat' dir='ltr'>quieta</span> <span class='ocrx_word' id='word_1_46' title='bbox 2233 722 2518 791; x_wconf 86' lang='lat' dir='ltr'>tantisper</span> <span class='ocrx_word' id='word_1_47' title='bbox 2548 721 2667 775; x_wconf 90' lang='lat' dir='ltr'>vita</span> <span class='ocrx_word' id='word_1_48' title='bbox 2698 720 3031 775; x_wconf 86' lang='lat' dir='ltr'>deserenda</span> <span class='ocrx_word' id='word_1_49' title='bbox 3060 738 3071 774; x_wconf 91' lang='lat'>:</span> <span class='ocrx_word' id='word_1_50' title='bbox 3107 736 3229 776; x_wconf 91' lang='lat' dir='ltr'>non</span> <span class='ocrx_word' id='word_1_51' title='bbox 3259 721 3388 777; x_wconf 69' lang='lat' dir='ltr'>vita:</span> <span class='ocrx_word' id='word_1_52' title='bbox 3419 738 3669 792; x_wconf 91' lang='lat' dir='ltr'>parcen-</span> 
     </span>
    </p>
   </div>
   <div class='ocr_carea' id='block_1_9' title="bbox 310 808 3664 886">
    <p class='ocr_par' dir='ltr' id='par_1_9' title="bbox 310 808 3664 886">
     <span class='ocr_line' id='line_1_9' title="bbox 310 808 3664 886; baseline -0 -18"><span class='ocrx_word' id='word_1_53' title='bbox 310 814 480 879; x_wconf 88' lang='lat' dir='ltr'>dum,</span> <span class='ocrx_word' id='word_1_54' title='bbox 514 830 635 870; x_wconf 93' lang='lat' dir='ltr'>non</span> <span class='ocrx_word' id='word_1_55' title='bbox 668 813 939 886; x_wconf 80' lang='lat' dir='ltr'>corpori;</span> <span class='ocrx_word' id='word_1_56' title='bbox 990 812 1146 867; x_wconf 86' lang='lat' dir='ltr'>illius</span> <span class='ocrx_word' id='word_1_57' title='bbox 1180 811 1559 883; x_wconf 90' lang='lat' dir='ltr'>potissimum</span> <span class='ocrx_word' id='word_1_58' title='bbox 1600 810 1808 879; x_wconf 81' lang='lat' dir='ltr'>gratia,</span> <span class='ocrx_word' id='word_1_59' title='bbox 1852 808 1953 879; x_wconf 89' lang='lat' dir='ltr'>qui</span> <span class='ocrx_word' id='word_1_60' title='bbox 1978 808 2297 878; x_wconf 77' lang='lat' dir='ltr'>pulchrum</span> <span class='ocrx_word' id='word_1_61' title='bbox 2342 809 2455 863; x_wconf 90' lang='lat' dir='ltr'>hac</span> <span class='ocrx_word' id='word_1_62' title='bbox 2486 809 2545 863; x_wconf 92' lang='lat' dir='ltr'>in</span> <span class='ocrx_word' id='word_1_63' title='bbox 2590 813 2755 880; x_wconf 87' lang='lat' dir='ltr'>parte</span> <span class='ocrx_word' id='word_1_64' title='bbox 2788 808 3133 880; x_wconf 74' lang='lat' dir='ltr'>exemplum</span> <span class='ocrx_word' id='word_1_65' title='bbox 3180 810 3356 865; x_wconf 86' lang='lat' dir='ltr'>nobis</span> <span class='ocrx_word' id='word_1_66' title='bbox 3390 811 3664 882; x_wconf 64' lang='lat' dir='ltr'>praebuit,</span> 
     </span>
    </p>
   </div>
   <div class='ocr_carea' id='block_1_10' title="bbox 308 896 3662 975">
    <p class='ocr_par' dir='ltr' id='par_1_10' title="bbox 308 896 3662 975">
     <span class='ocr_line' id='line_1_10' title="bbox 308 896 3662 975; baseline -0 -17"><span class='ocrx_word' id='word_1_67' title='bbox 308 905 533 975; x_wconf 87' lang='lat' dir='ltr'>quique</span> <span class='ocrx_word' id='word_1_68' title='bbox 564 919 676 959; x_wconf 92' lang='lat' dir='ltr'>nos</span> <span class='ocrx_word' id='word_1_69' title='bbox 718 909 775 959; x_wconf 90' lang='lat' dir='ltr'>et</span> <span class='ocrx_word' id='word_1_70' title='bbox 804 906 1011 958; x_wconf 91' lang='lat' dir='ltr'>nostra</span> <span class='ocrx_word' id='word_1_71' title='bbox 1054 917 1177 956; x_wconf 92' lang='lat' dir='ltr'>non</span> <span class='ocrx_word' id='word_1_72' title='bbox 1221 900 1420 955; x_wconf 87' lang='lat' dir='ltr'>minus</span> <span class='ocrx_word' id='word_1_73' title='bbox 1469 900 1620 955; x_wconf 87' lang='lat' dir='ltr'>bene</span> <span class='ocrx_word' id='word_1_74' title='bbox 1664 914 1851 971; x_wconf 85' lang='lat' dir='ltr'>quam</span> <span class='ocrx_word' id='word_1_75' title='bbox 1899 896 2147 969; x_wconf 82' lang='lat' dir='ltr'>provide</span> <span class='ocrx_word' id='word_1_76' title='bbox 2194 897 2506 968; x_wconf 81' lang='lat' dir='ltr'>gubernat,</span> <span class='ocrx_word' id='word_1_77' title='bbox 2549 903 2605 953; x_wconf 90' lang='lat' dir='ltr'>et</span> <span class='ocrx_word' id='word_1_78' title='bbox 2648 914 2902 969; x_wconf 92' lang='lat' dir='ltr'>operum</span> <span class='ocrx_word' id='word_1_79' title='bbox 2934 903 3277 955; x_wconf 89' lang='lat' dir='ltr'>nostrorum</span> <span class='ocrx_word' id='word_1_80' title='bbox 3324 901 3662 957; x_wconf 88' lang='lat' dir='ltr'>mercedem</span> 
     </span>
    </p>
   </div>
   <div class='ocr_carea' id='block_1_11' title="bbox 310 991 1533 1061">
    <p class='ocr_par' dir='ltr' id='par_1_11' title="bbox 310 991 1533 1061">
     <span class='ocr_line' id='line_1_11' title="bbox 310 991 1533 1061; baseline -0.004 -14"><span class='ocrx_word' id='word_1_81' title='bbox 310 991 485 1049; x_wconf 87' lang='lat' dir='ltr'>nobis</span> <span class='ocrx_word' id='word_1_82' title='bbox 507 992 585 1048; x_wconf 89' lang='lat' dir='ltr'>ad</span> <span class='ocrx_word' id='word_1_83' title='bbox 607 998 941 1047; x_wconf 86' lang='lat' dir='ltr'>extremum</span> <span class='ocrx_word' id='word_1_84' title='bbox 964 995 1160 1046; x_wconf 85' lang='lat' dir='ltr'>servat</span> <span class='ocrx_word' id='word_1_85' title='bbox 1189 991 1533 1061; x_wconf 89' lang='lat' dir='ltr'>repositam.</span> 
     </span>
    </p>
   </div>
   <div class='ocr_carea' id='block_1_12' title="bbox 386 1075 1913 1154">
    <p class='ocr_par' dir='ltr' id='par_1_12' title="bbox 386 1075 1913 1154">
     <span class='ocr_line' id='line_1_12' title="bbox 386 1075 1913 1154; baseline -0.003 -23"><span class='ocrx_word' id='word_1_86' title='bbox 386 1081 465 1135; x_wconf 79' lang='grc' dir='ltr'>ιε’.</span> <span class='ocrx_word' id='word_1_87' title='bbox 504 1087 589 1149; x_wconf 81' lang='grc' dir='ltr'>Τῷ</span> <span class='ocrx_word' id='word_1_88' title='bbox 634 1076 693 1133; x_wconf 87' lang='grc' dir='ltr'>δέ</span> <span class='ocrx_word' id='word_1_89' title='bbox 720 1100 779 1151; x_wconf 88' lang='grc' dir='ltr'>γε</span> <span class='ocrx_word' id='word_1_90' title='bbox 836 1088 1037 1154; x_wconf 86' lang='grc' dir='ltr'>σωτῆρι</span> <span class='ocrx_word' id='word_1_91' title='bbox 1092 1087 1205 1150; x_wconf 86' lang='grc' dir='ltr'>Θεῷ</span> <span class='ocrx_word' id='word_1_92' title='bbox 1260 1081 1425 1131; x_wconf 77' lang='grc' dir='ltr'>ἐκεῖνά</span> <span class='ocrx_word' id='word_1_93' title='bbox 1468 1097 1573 1137; x_wconf 88' lang='grc' dir='ltr'>πως</span> <span class='ocrx_word' id='word_1_94' title='bbox 1631 1085 1729 1128; x_wconf 80' lang='grc' dir='ltr'>τῶν</span> <span class='ocrx_word' id='word_1_95' title='bbox 1781 1075 1913 1128; x_wconf 82' lang='grc' dir='ltr'>Ψαλ-</span> 
     </span>
    </p>
   </div>
   <div class='ocr_carea' id='block_1_13' title="bbox 310 1166 1913 1241">
    <p class='ocr_par' dir='ltr' id='par_1_13' title="bbox 310 1166 1913 1241">
     <span class='ocr_line' id='line_1_13' title="bbox 310 1166 1913 1241; baseline -0.002 -20"><span class='ocrx_word' id='word_1_96' title='bbox 310 1178 420 1241; x_wconf 90' lang='grc' dir='ltr'>μῶν</span> <span class='ocrx_word' id='word_1_97' title='bbox 473 1168 815 1236; x_wconf 74' lang='grc' dir='ltr'>ἀναλεξαμένη</span> <span class='ocrx_word' id='word_1_98' title='bbox 906 1174 996 1221; x_wconf 91' lang='grc' dir='ltr'>καί</span> <span class='ocrx_word' id='word_1_99' title='bbox 1062 1168 1422 1233; x_wconf 81' lang='grc' dir='ltr'>ὑπαλλάξασα,</span> <span class='ocrx_word' id='word_1_100' title='bbox 1503 1166 1913 1236; x_wconf 68' lang='grc' dir='ltr'>ἀνθωμολογεῖτο</span> 
     </span>
    </p>
   </div>
   <div class='ocr_carea' id='block_1_14' title="bbox 312 1252 1913 1332">
    <p class='ocr_par' dir='ltr' id='par_1_14' title="bbox 312 1252 1913 1332">
     <span class='ocr_line' id='line_1_14' title="bbox 312 1252 1913 1332; baseline -0.001 -23"><span class='ocrx_word' id='word_1_101' title='bbox 312 1264 401 1310; x_wconf 88' lang='grc' dir='ltr'>καί</span> <span class='ocrx_word' id='word_1_102' title='bbox 432 1255 691 1330; x_wconf 79' lang='grc' dir='ltr'>διελέγετο</span> <span class='ocrx_word' id='word_1_103' title='bbox 720 1281 731 1292; x_wconf 94' lang='grc'><strong>·</strong></span> <span class='ocrx_word' id='word_1_104' title='bbox 763 1263 1007 1327; x_wconf 80' lang='grc' dir='ltr'>Δίκασον,</span> <span class='ocrx_word' id='word_1_105' title='bbox 1059 1261 1235 1332; x_wconf 77' lang='grc' dir='ltr'>Κύριε,</span> <span class='ocrx_word' id='word_1_106' title='bbox 1293 1262 1415 1319; x_wconf 85' lang='grc' dir='ltr'>τοὺς</span> <span class='ocrx_word' id='word_1_107' title='bbox 1472 1252 1786 1317; x_wconf 79' lang='grc' dir='ltr'>ἀδικοῦντάς</span> <span class='ocrx_word' id='word_1_108' title='bbox 1836 1273 1913 1321; x_wconf 85' lang='grc' dir='ltr'>σε,</span> 
     </span>
    </p>
   </div>
   <div class='ocr_carea' id='block_1_15' title="bbox 312 1344 1915 1419">
    <p class='ocr_par' dir='ltr' id='par_1_15' title="bbox 312 1344 1915 1419">
     <span class='ocr_line' id='line_1_15' title="bbox 312 1344 1915 1419; baseline -0.002 -20"><span class='ocrx_word' id='word_1_109' title='bbox 312 1346 606 1419; x_wconf 88' lang='grc' dir='ltr'>πολέμησον</span> <span class='ocrx_word' id='word_1_110' title='bbox 682 1352 800 1409; x_wconf 84' lang='grc' dir='ltr'>τοὺς</span> <span class='ocrx_word' id='word_1_111' title='bbox 859 1347 1209 1419; x_wconf 88' lang='grc' dir='ltr'>πολεμοῦντάς</span> <span class='ocrx_word' id='word_1_112' title='bbox 1270 1366 1351 1403; x_wconf 89' lang='grc' dir='ltr'>σε.</span> <span class='ocrx_word' id='word_1_113' title='bbox 1415 1344 1693 1399; x_wconf 76' lang='grc' dir='ltr'>Ἐπιλαϐοῦ</span> <span class='ocrx_word' id='word_1_114' title='bbox 1758 1344 1915 1395; x_wconf 82' lang='grc' dir='ltr'>ὅπλου</span> 
     </span>
    </p>
   </div>
   <div class='ocr_carea' id='block_1_16' title="bbox 311 1433 1919 1511">
    <p class='ocr_par' dir='ltr' id='par_1_16' title="bbox 311 1433 1919 1511">
     <span class='ocr_line' id='line_1_16' title="bbox 311 1433 1919 1511; baseline -0.002 -24"><span class='ocrx_word' id='word_1_115' title='bbox 311 1441 402 1488; x_wconf 90' lang='grc' dir='ltr'>καί</span> <span class='ocrx_word' id='word_1_116' title='bbox 435 1439 641 1511; x_wconf 77' lang='grc' dir='ltr'>θυρεοῦ,</span> <span class='ocrx_word' id='word_1_117' title='bbox 673 1442 763 1489; x_wconf 90' lang='grc' dir='ltr'>καί</span> <span class='ocrx_word' id='word_1_118' title='bbox 790 1436 1049 1494; x_wconf 80' lang='grc' dir='ltr'>ἀνάστηθι</span> <span class='ocrx_word' id='word_1_119' title='bbox 1074 1437 1141 1497; x_wconf 87' lang='grc' dir='ltr'>εἰς</span> <span class='ocrx_word' id='word_1_120' title='bbox 1166 1441 1258 1493; x_wconf 80' lang='grc' dir='ltr'>τὴν</span> <span class='ocrx_word' id='word_1_121' title='bbox 1292 1434 1538 1507; x_wconf 80' lang='grc' dir='ltr'>βοήθειαν</span> <span class='ocrx_word' id='word_1_122' title='bbox 1560 1444 1652 1495; x_wconf 84' lang='grc' dir='ltr'>τῆς</span> <span class='ocrx_word' id='word_1_123' title='bbox 1686 1442 1775 1494; x_wconf 82' lang='grc' dir='ltr'>τῆς</span> <span class='ocrx_word' id='word_1_124' title='bbox 1796 1433 1919 1490; x_wconf 85' lang='grc' dir='ltr'>κλη-</span> 
     </span>
    </p>
   </div>
   <div class='ocr_carea' id='block_1_17' title="bbox 309 1518 1916 1599">
    <p class='ocr_par' dir='ltr' id='par_1_17' title="bbox 309 1518 1916 1599">
     <span class='ocr_line' id='line_1_17' title="bbox 309 1518 1916 1599; baseline -0.002 -21"><span class='ocrx_word' id='word_1_125' title='bbox 309 1531 550 1599; x_wconf 83' lang='grc' dir='ltr'>ρονομίας</span> <span class='ocrx_word' id='word_1_126' title='bbox 600 1545 716 1581; x_wconf 89' lang='grc' dir='ltr'>σου.</span> <span class='ocrx_word' id='word_1_127' title='bbox 794 1522 935 1579; x_wconf 76' lang='grc' dir='ltr'>’ἰδοῦ</span> <span class='ocrx_word' id='word_1_128' title='bbox 988 1528 1090 1598; x_wconf 78' lang='grc' dir='ltr'>γὰρ</span> <span class='ocrx_word' id='word_1_129' title='bbox 1144 1522 1273 1598; x_wconf 76' lang='grc' dir='ltr'>ἦραν</span> <span class='ocrx_word' id='word_1_130' title='bbox 1322 1527 1370 1577; x_wconf 85' lang='grc' dir='ltr'>οἱ</span> <span class='ocrx_word' id='word_1_131' title='bbox 1442 1523 1744 1596; x_wconf 79' lang='grc' dir='ltr'>ἀνομοῦντες</span> <span class='ocrx_word' id='word_1_132' title='bbox 1802 1518 1916 1575; x_wconf 82' lang='grc' dir='ltr'>κατ’</span> 
     </span>
    </p>
   </div>
   <div class='ocr_carea' id='block_1_18' title="bbox 313 1616 1917 1686">
    <p class='ocr_par' dir='ltr' id='par_1_18' title="bbox 313 1616 1917 1686">
     <span class='ocr_line' id='line_1_18' title="bbox 313 1616 1917 1686; baseline -0.002 -18"><span class='ocrx_word' id='word_1_133' title='bbox 313 1616 477 1678; x_wconf 70' lang='grc' dir='ltr'>αὐτῆς</span> <span class='ocrx_word' id='word_1_134' title='bbox 533 1616 775 1686; x_wconf 83' lang='grc' dir='ltr'>κεφαλὴν,</span> <span class='ocrx_word' id='word_1_135' title='bbox 825 1620 914 1667; x_wconf 90' lang='grc' dir='ltr'>καί</span> <span class='ocrx_word' id='word_1_136' title='bbox 968 1624 1067 1667; x_wconf 90' lang='grc' dir='ltr'>τῶν</span> <span class='ocrx_word' id='word_1_137' title='bbox 1118 1624 1221 1667; x_wconf 89' lang='grc' dir='ltr'>σῶν</span> <span class='ocrx_word' id='word_1_138' title='bbox 1282 1617 1679 1685; x_wconf 86' lang='grc' dir='ltr'>θυσιαστηρίων</span> <span class='ocrx_word' id='word_1_139' title='bbox 1734 1633 1917 1686; x_wconf 81' lang='grc' dir='ltr'>κατορ-</span> 
     </span>
    </p>
   </div>
   <div class='ocr_carea' id='block_1_19' title="bbox 314 1701 1918 1776">
    <p class='ocr_par' dir='ltr' id='par_1_19' title="bbox 314 1701 1918 1776">
     <span class='ocr_line' id='line_1_19' title="bbox 314 1701 1918 1776; baseline -0.002 -19"><span class='ocrx_word' id='word_1_140' title='bbox 314 1725 539 1776; x_wconf 85' lang='grc' dir='ltr'>χουνται</span> <span class='ocrx_word' id='word_1_141' title='bbox 582 1707 632 1757; x_wconf 82' lang='grc' dir='ltr'>οἱ</span> <span class='ocrx_word' id='word_1_142' title='bbox 684 1701 937 1769; x_wconf 77' lang='grc' dir='ltr'>ἀναιδεῖς,</span> <span class='ocrx_word' id='word_1_143' title='bbox 986 1708 1075 1755; x_wconf 90' lang='grc' dir='ltr'>καί</span> <span class='ocrx_word' id='word_1_144' title='bbox 1103 1707 1167 1756; x_wconf 80' lang='grc' dir='ltr'>τὰ</span> <span class='ocrx_word' id='word_1_145' title='bbox 1196 1704 1323 1774; x_wconf 76' lang='grc' dir='ltr'>ἅγιά</span> <span class='ocrx_word' id='word_1_146' title='bbox 1367 1723 1461 1755; x_wconf 91' lang='grc' dir='ltr'>σου</span> <span class='ocrx_word' id='word_1_147' title='bbox 1509 1702 1821 1775; x_wconf 79' lang='grc' dir='ltr'>βεϐηλοῦσιν</span> <span class='ocrx_word' id='word_1_148' title='bbox 1869 1704 1918 1754; x_wconf 82' lang='grc' dir='ltr'>οἱ</span> 
     </span>
    </p>
   </div>
   <div class='ocr_carea' id='block_1_20' title="bbox 315 1791 1916 1866">
    <p class='ocr_par' dir='ltr' id='par_1_20' title="bbox 315 1791 1916 1866">
     <span class='ocr_line' id='line_1_20' title="bbox 315 1791 1916 1866; baseline -0.002 -20"><span class='ocrx_word' id='word_1_149' title='bbox 315 1797 723 1866; x_wconf 73' lang='grc' dir='ltr'>παναγέστατοι.</span> <span class='ocrx_word' id='word_1_150' title='bbox 758 1793 894 1847; x_wconf 83' lang='grc' dir='ltr'>Ἀλλ’</span> <span class='ocrx_word' id='word_1_151' title='bbox 926 1791 1204 1862; x_wconf 66' lang='grc' dir='ltr'>ἐπίσκεψαι</span> <span class='ocrx_word' id='word_1_152' title='bbox 1259 1795 1397 1863; x_wconf 76' lang='grc' dir='ltr'>ἡμᾶς</span> <span class='ocrx_word' id='word_1_153' title='bbox 1451 1791 1498 1843; x_wconf 82' lang='grc' dir='ltr'>ἐν</span> <span class='ocrx_word' id='word_1_154' title='bbox 1551 1799 1622 1861; x_wconf 84' lang='grc' dir='ltr'>τῷ</span> <span class='ocrx_word' id='word_1_155' title='bbox 1676 1796 1916 1864; x_wconf 76' lang='grc' dir='ltr'>σωτηρίῳ</span> 
     </span>
    </p>
   </div>
   <div class='ocr_carea' id='block_1_21' title="bbox 319 1880 1918 1957">
    <p class='ocr_par' dir='ltr' id='par_1_21' title="bbox 319 1880 1918 1957">
     <span class='ocr_line' id='line_1_21' title="bbox 319 1880 1918 1957; baseline -0.004 -20"><span class='ocrx_word' id='word_1_156' title='bbox 319 1892 557 1952; x_wconf 86' lang='grc' dir='ltr'>σου,τοῦ</span> <span class='ocrx_word' id='word_1_157' title='bbox 614 1880 741 1937; x_wconf 76' lang='grc' dir='ltr'>ἰδεῖν</span> <span class='ocrx_word' id='word_1_158' title='bbox 771 1883 821 1935; x_wconf 88' lang='grc' dir='ltr'>ἐν</span> <span class='ocrx_word' id='word_1_159' title='bbox 851 1890 912 1955; x_wconf 78' lang='grc' dir='ltr'>τῇ</span> <span class='ocrx_word' id='word_1_160' title='bbox 966 1888 1300 1957; x_wconf 76' lang='grc' dir='ltr'>χρηστότητι</span> <span class='ocrx_word' id='word_1_161' title='bbox 1347 1890 1443 1934; x_wconf 87' lang='grc' dir='ltr'>τῶν</span> <span class='ocrx_word' id='word_1_162' title='bbox 1501 1881 1746 1933; x_wconf 80' lang='grc' dir='ltr'>ἐκλεκτῶν</span> <span class='ocrx_word' id='word_1_163' title='bbox 1802 1899 1918 1947; x_wconf 85' lang='grc' dir='ltr'>σου,</span> 
     </span>
    </p>
   </div>
   <div class='ocr_carea' id='block_1_22' title="bbox 320 1972 1924 2047">
    <p class='ocr_par' dir='ltr' id='par_1_22' title="bbox 320 1972 1924 2047">
     <span class='ocr_line' id='line_1_22' title="bbox 320 1972 1924 2047; baseline -0.004 -22"><span class='ocrx_word' id='word_1_164' title='bbox 320 1981 414 2026; x_wconf 88' lang='grc' dir='ltr'>τοῦ</span> <span class='ocrx_word' id='word_1_165' title='bbox 473 1973 818 2047; x_wconf 70' lang='grc' dir='ltr'>εὐφρανθῆναι</span> <span class='ocrx_word' id='word_1_166' title='bbox 876 1972 922 2025; x_wconf 84' lang='grc' dir='ltr'>ἐν</span> <span class='ocrx_word' id='word_1_167' title='bbox 974 1980 1033 2044; x_wconf 77' lang='grc' dir='ltr'>τῇ</span> <span class='ocrx_word' id='word_1_168' title='bbox 1092 1972 1377 2045; x_wconf 73' lang='grc' dir='ltr'>εὐφροσύνῃ</span> <span class='ocrx_word' id='word_1_169' title='bbox 1440 1979 1530 2023; x_wconf 82' lang='grc' dir='ltr'>τοῦ</span> <span class='ocrx_word' id='word_1_170' title='bbox 1565 1973 1739 2031; x_wconf 80' lang='grc' dir='ltr'>ἔθνους</span> <span class='ocrx_word' id='word_1_171' title='bbox 1805 1982 1924 2021; x_wconf 79' lang='grc' dir='ltr'>σου.</span> 
     </span>
    </p>
   </div>
   <div class='ocr_carea' id='block_1_23' title="bbox 322 2058 1926 2135">
    <p class='ocr_par' dir='ltr' id='par_1_23' title="bbox 322 2058 1926 2135">
     <span class='ocr_line' id='line_1_23' title="bbox 322 2058 1926 2135; baseline -0.002 -20"><span class='ocrx_word' id='word_1_172' title='bbox 322 2062 629 2135; x_wconf 74' lang='grc' dir='ltr'>Εὑφροσύνη</span> <span class='ocrx_word' id='word_1_173' title='bbox 683 2058 744 2115; x_wconf 91' lang='grc' dir='ltr'>δέ</span> <span class='ocrx_word' id='word_1_174' title='bbox 774 2082 868 2115; x_wconf 92' lang='grc' dir='ltr'>σου</span> <span class='ocrx_word' id='word_1_175' title='bbox 917 2071 989 2133; x_wconf 80' lang='grc' dir='ltr'>τῷ</span> <span class='ocrx_word' id='word_1_176' title='bbox 1034 2062 1189 2135; x_wconf 86' lang='grc' dir='ltr'>λάχει</span> <span class='ocrx_word' id='word_1_177' title='bbox 1238 2064 1267 2120; x_wconf 82' lang='grc' dir='ltr'>ἡ</span> <span class='ocrx_word' id='word_1_178' title='bbox 1313 2071 1411 2114; x_wconf 88' lang='grc' dir='ltr'>τῶν</span> <span class='ocrx_word' id='word_1_179' title='bbox 1472 2072 1574 2115; x_wconf 90' lang='grc' dir='ltr'>σῶν</span> <span class='ocrx_word' id='word_1_180' title='bbox 1630 2060 1926 2134; x_wconf 75' lang='grc' dir='ltr'>σεϐασμίων</span> 
     </span>
    </p>
   </div>
   <div class='ocr_carea' id='block_1_24' title="bbox 328 2150 1930 2227">
    <p class='ocr_par' dir='ltr' id='par_1_24' title="bbox 328 2150 1930 2227">
     <span class='ocr_line' id='line_1_24' title="bbox 328 2150 1930 2227; baseline -0.001 -23"><span class='ocrx_word' id='word_1_181' title='bbox 328 2152 534 2205; x_wconf 69' lang='grc' dir='ltr'>εἰκόνων</span> <span class='ocrx_word' id='word_1_182' title='bbox 609 2154 985 2227; x_wconf 83' lang='grc' dir='ltr'>προσκύνησις,</span> <span class='ocrx_word' id='word_1_183' title='bbox 1051 2154 1080 2210; x_wconf 78' lang='grc' dir='ltr'>ἡ</span> <span class='ocrx_word' id='word_1_184' title='bbox 1136 2154 1267 2226; x_wconf 83' lang='grc' dir='ltr'>πρὸς</span> <span class='ocrx_word' id='word_1_185' title='bbox 1318 2157 1412 2210; x_wconf 80' lang='grc' dir='ltr'>τὴν</span> <span class='ocrx_word' id='word_1_186' title='bbox 1484 2150 1717 2226; x_wconf 80' lang='grc' dir='ltr'>ἀρχαίαν</span> <span class='ocrx_word' id='word_1_187' title='bbox 1779 2152 1930 2214; x_wconf 78' lang='grc' dir='ltr'>αὖθις</span> 
     </span>
    </p>
   </div>
   <div class='ocr_carea' id='block_1_25' title="bbox 327 2240 1931 2316">
    <p class='ocr_par' dir='ltr' id='par_1_25' title="bbox 327 2240 1931 2316">
     <span class='ocr_line' id='line_1_25' title="bbox 327 2240 1931 2316; baseline -0.001 -22"><span class='ocrx_word' id='word_1_188' title='bbox 327 2250 427 2294; x_wconf 89' lang='grc' dir='ltr'>τῶν</span> <span class='ocrx_word' id='word_1_189' title='bbox 493 2244 638 2295; x_wconf 83' lang='grc' dir='ltr'>θείων</span> <span class='ocrx_word' id='word_1_190' title='bbox 682 2250 814 2294; x_wconf 84' lang='grc' dir='ltr'>ναῶν</span> <span class='ocrx_word' id='word_1_191' title='bbox 899 2241 1202 2316; x_wconf 76' lang='grc' dir='ltr'>εὐπρέπειαν</span> <span class='ocrx_word' id='word_1_192' title='bbox 1292 2240 1674 2316; x_wconf 83' lang='grc' dir='ltr'>ἁναμόρφωσις.</span> <span class='ocrx_word' id='word_1_193' title='bbox 1762 2241 1931 2314; x_wconf 81' lang='grc' dir='ltr'>Κάμοί</span> 
     </span>
    </p>
   </div>
   <div class='ocr_carea' id='block_1_26' title="bbox 325 2331 1931 2403">
    <p class='ocr_par' dir='ltr' id='par_1_26' title="bbox 325 2331 1931 2403">
     <span class='ocr_line' id='line_1_26' title="bbox 325 2331 1931 2403; baseline 0.001 -22"><span class='ocrx_word' id='word_1_194' title='bbox 325 2337 415 2381; x_wconf 85' lang='grc' dir='ltr'>νῦν</span> <span class='ocrx_word' id='word_1_195' title='bbox 444 2335 533 2382; x_wconf 89' lang='grc' dir='ltr'>καί</span> <span class='ocrx_word' id='word_1_196' title='bbox 582 2337 698 2393; x_wconf 90' lang='grc' dir='ltr'>ταῖς</span> <span class='ocrx_word' id='word_1_197' title='bbox 771 2331 1107 2403; x_wconf 74' lang='grc' dir='ltr'>ὁμογνώμοσι</span> <span class='ocrx_word' id='word_1_198' title='bbox 1182 2334 1394 2391; x_wconf 85' lang='grc' dir='ltr'>ταῦταις</span> <span class='ocrx_word' id='word_1_199' title='bbox 1465 2335 1579 2403; x_wconf 82' lang='grc' dir='ltr'>ἐμοί</span> <span class='ocrx_word' id='word_1_200' title='bbox 1650 2335 1739 2382; x_wconf 89' lang='grc' dir='ltr'>καί</span> <span class='ocrx_word' id='word_1_201' title='bbox 1810 2332 1931 2403; x_wconf 88' lang='grc' dir='ltr'>ὀμό-</span> 
     </span>
    </p>
   </div>
   <div class='ocr_carea' id='block_1_27' title="bbox 327 2415 1930 2495">
    <p class='ocr_par' dir='ltr' id='par_1_27' title="bbox 327 2415 1930 2495">
     <span class='ocr_line' id='line_1_27' title="bbox 327 2415 1930 2495; baseline -0.001 -23"><span class='ocrx_word' id='word_1_202' title='bbox 327 2439 506 2495; x_wconf 81' lang='grc' dir='ltr'>φροσι,</span> <span class='ocrx_word' id='word_1_203' title='bbox 551 2424 677 2493; x_wconf 87' lang='grc' dir='ltr'>πρὸς</span> <span class='ocrx_word' id='word_1_204' title='bbox 707 2423 793 2472; x_wconf 91' lang='grc' dir='ltr'>τόν</span> <span class='ocrx_word' id='word_1_205' title='bbox 848 2421 975 2488; x_wconf 69' lang='grc' dir='ltr'>ὑπερ</span> <span class='ocrx_word' id='word_1_206' title='bbox 1020 2428 1120 2472; x_wconf 87' lang='grc' dir='ltr'>τῶν</span> <span class='ocrx_word' id='word_1_207' title='bbox 1170 2428 1272 2472; x_wconf 87' lang='grc' dir='ltr'>σῶν</span> <span class='ocrx_word' id='word_1_208' title='bbox 1322 2422 1469 2473; x_wconf 87' lang='grc' dir='ltr'>θείων</span> <span class='ocrx_word' id='word_1_209' title='bbox 1520 2420 1723 2473; x_wconf 81' lang='grc' dir='ltr'>εἰκόνων</span> <span class='ocrx_word' id='word_1_210' title='bbox 1778 2415 1930 2473; x_wconf 82' lang='grc' dir='ltr'>ἆθλον</span> 
     </span>
    </p>
   </div>
   <div class='ocr_carea' id='block_1_28' title="bbox 324 2512 1933 2583">
    <p class='ocr_par' dir='ltr' id='par_1_28' title="bbox 324 2512 1933 2583">
     <span class='ocr_line' id='line_1_28' title="bbox 324 2512 1933 2583; baseline 0.001 -24"><span class='ocrx_word' id='word_1_211' title='bbox 324 2512 634 2583; x_wconf 81' lang='grc' dir='ltr'>χωρούσαις</span> <span class='ocrx_word' id='word_1_212' title='bbox 686 2513 776 2561; x_wconf 88' lang='grc' dir='ltr'>καί</span> <span class='ocrx_word' id='word_1_213' title='bbox 805 2517 897 2569; x_wconf 82' lang='grc' dir='ltr'>τῆς</span> <span class='ocrx_word' id='word_1_214' title='bbox 952 2518 1046 2570; x_wconf 83' lang='grc' dir='ltr'>σῆς</span> <span class='ocrx_word' id='word_1_215' title='bbox 1091 2515 1415 2582; x_wconf 85' lang='grc' dir='ltr'>παναμώμου</span> <span class='ocrx_word' id='word_1_216' title='bbox 1460 2514 1677 2583; x_wconf 84' lang='grc' dir='ltr'>μητρός,</span> <span class='ocrx_word' id='word_1_217' title='bbox 1734 2518 1835 2563; x_wconf 91' lang='grc' dir='ltr'>τῶν</span> <span class='ocrx_word' id='word_1_218' title='bbox 1882 2530 1933 2562; x_wconf 85' lang='grc' dir='ltr'>τε</span> 
     </span>
    </p>
   </div>
   <div class='ocr_carea' id='block_1_29' title="bbox 325 2595 1933 2673">
    <p class='ocr_par' dir='ltr' id='par_1_29' title="bbox 325 2595 1933 2673">
     <span class='ocr_line' id='line_1_29' title="bbox 325 2595 1933 2673; baseline 0 -22"><span class='ocrx_word' id='word_1_219' title='bbox 325 2599 452 2670; x_wconf 71' lang='grc' dir='ltr'>ὑπερ</span> <span class='ocrx_word' id='word_1_220' title='bbox 513 2606 609 2652; x_wconf 87' lang='grc' dir='ltr'>σοῦ</span> <span class='ocrx_word' id='word_1_221' title='bbox 672 2601 805 2653; x_wconf 82' lang='grc' dir='ltr'><strong>κάτὰ</strong></span> <span class='ocrx_word' id='word_1_222' title='bbox 859 2595 1142 2673; x_wconf 70' lang='grc' dir='ltr'>διαφόρους</span> <span class='ocrx_word' id='word_1_223' title='bbox 1212 2604 1429 2672; x_wconf 80' lang='grc' dir='ltr'>καιροὺς</span> <span class='ocrx_word' id='word_1_224' title='bbox 1506 2605 1933 2673; x_wconf 82' lang='grc' dir='ltr'>καταπροεμένων</span> 
     </span>
    </p>
   </div>
   <div class='ocr_carea' id='block_1_30' title="bbox 325 2688 1935 2765">
    <p class='ocr_par' dir='ltr' id='par_1_30' title="bbox 325 2688 1935 2765">
     <span class='ocr_line' id='line_1_30' title="bbox 325 2688 1935 2765; baseline 0.001 -25"><span class='ocrx_word' id='word_1_225' title='bbox 325 2692 385 2741; x_wconf 88' lang='grc' dir='ltr'>τό</span> <span class='ocrx_word' id='word_1_226' title='bbox 442 2693 556 2761; x_wconf 74' lang='grc' dir='ltr'>ζῇν,</span> <span class='ocrx_word' id='word_1_227' title='bbox 588 2693 678 2741; x_wconf 86' lang='grc' dir='ltr'>καί</span> <span class='ocrx_word' id='word_1_228' title='bbox 723 2697 824 2741; x_wconf 91' lang='grc' dir='ltr'>τῶν</span> <span class='ocrx_word' id='word_1_229' title='bbox 883 2688 1047 2741; x_wconf 80' lang='grc' dir='ltr'>ἄλλων</span> <span class='ocrx_word' id='word_1_230' title='bbox 1104 2708 1188 2741; x_wconf 93' lang='grc' dir='ltr'>σοι</span> <span class='ocrx_word' id='word_1_231' title='bbox 1246 2689 1725 2762; x_wconf 78' lang='grc' dir='ltr'>εῦαρεστησάντων,</span> <span class='ocrx_word' id='word_1_232' title='bbox 1777 2697 1935 2765; x_wconf 88' lang='grc' dir='ltr'>χεῖρα</span> 
     </span>
    </p>
   </div>
   <div class='ocr_carea' id='block_1_31' title="bbox 330 2777 1930 2854">
    <p class='ocr_par' dir='ltr' id='par_1_31' title="bbox 330 2777 1930 2854">
     <span class='ocr_line' id='line_1_31' title="bbox 330 2777 1930 2854; baseline 0 -23"><span class='ocrx_word' id='word_1_233' title='bbox 330 2777 584 2851; x_wconf 79' lang='grc' dir='ltr'>βοηθείας</span> <span class='ocrx_word' id='word_1_234' title='bbox 629 2778 684 2841; x_wconf 79' lang='grc' dir='ltr'>ἐξ</span> <span class='ocrx_word' id='word_1_235' title='bbox 714 2777 867 2850; x_wconf 81' lang='grc' dir='ltr'>ἁγίου</span> <span class='ocrx_word' id='word_1_236' title='bbox 921 2797 1013 2831; x_wconf 92' lang='grc' dir='ltr'>σου</span> <span class='ocrx_word' id='word_1_237' title='bbox 1066 2784 1476 2854; x_wconf 84' lang='grc' dir='ltr'>κατοικητηρίου</span> <span class='ocrx_word' id='word_1_238' title='bbox 1535 2779 1875 2851; x_wconf 66' lang='grc' dir='ltr'>κατάπεμψον</span> <span class='ocrx_word' id='word_1_239' title='bbox 1919 2802 1930 2812; x_wconf 92' lang='grc'><strong>·</strong></span> 
     </span>
    </p>
   </div>
   <div class='ocr_carea' id='block_1_32' title="bbox 328 2865 1933 2945">
    <p class='ocr_par' dir='ltr' id='par_1_32' title="bbox 328 2865 1933 2945">
     <span class='ocr_line' id='line_1_32' title="bbox 328 2865 1933 2945; baseline -0.001 -23"><span class='ocrx_word' id='word_1_240' title='bbox 328 2869 639 2941; x_wconf 86' lang='grc' dir='ltr'>ἐνίσχυσον,</span> <span class='ocrx_word' id='word_1_241' title='bbox 697 2873 821 2940; x_wconf 90' lang='grc' dir='ltr'>μόνε</span> <span class='ocrx_word' id='word_1_242' title='bbox 904 2865 1113 2935; x_wconf 60' lang='grc' dir='ltr'>δυνατὴ,</span> <span class='ocrx_word' id='word_1_243' title='bbox 1187 2873 1281 2927; x_wconf 80' lang='grc' dir='ltr'>τὴν</span> <span class='ocrx_word' id='word_1_244' title='bbox 1335 2871 1588 2945; x_wconf 79' lang='grc' dir='ltr'>ἡμετέραν</span> <span class='ocrx_word' id='word_1_245' title='bbox 1645 2870 1933 2942; x_wconf 74' lang='grc' dir='ltr'>ἀσθένειαν,</span> 
     </span>
    </p>
   </div>
   <div class='ocr_carea' id='block_1_33' title="bbox 333 2954 1303 3032">
    <p class='ocr_par' dir='ltr' id='par_1_33' title="bbox 333 2954 1303 3032">
     <span class='ocr_line' id='line_1_33' title="bbox 333 2954 1303 3032; baseline 0.001 -21"><span class='ocrx_word' id='word_1_246' title='bbox 333 2955 369 3011; x_wconf 88' lang='grc' dir='ltr'><em>δ</em></span> <span class='ocrx_word' id='word_1_247' title='bbox 373 2963 425 3020; x_wconf 91' lang='grc' dir='ltr'>ὸς</span> <span class='ocrx_word' id='word_1_248' title='bbox 456 2961 580 3030; x_wconf 75' lang='grc' dir='ltr'>ἡμῖν</span> <span class='ocrx_word' id='word_1_249' title='bbox 603 2954 827 3031; x_wconf 76' lang='grc' dir='ltr'>δύναμιν</span> <span class='ocrx_word' id='word_1_250' title='bbox 853 2962 942 3011; x_wconf 90' lang='grc' dir='ltr'>καί</span> <span class='ocrx_word' id='word_1_251' title='bbox 961 2963 1303 3032; x_wconf 87' lang='grc' dir='ltr'>κραταίωσιν.</span> 
     </span>
    </p>
   </div>
   <div class='ocr_carea' id='block_1_34' title="bbox 2099 1076 3670 1149">
    <p class='ocr_par' dir='ltr' id='par_1_34' title="bbox 2099 1076 3670 1149">
     <span class='ocr_line' id='line_1_34' title="bbox 2099 1076 3670 1149; baseline 0.004 -20"><span class='ocrx_word' id='word_1_252' title='bbox 2099 1080 2182 1131; x_wconf 79' lang='grc'>15.</span> <span class='ocrx_word' id='word_1_253' title='bbox 2212 1076 2307 1131; x_wconf 87' lang='lat' dir='ltr'>His</span> <span class='ocrx_word' id='word_1_254' title='bbox 2342 1076 2531 1145; x_wconf 89' lang='lat' dir='ltr'>dictis,</span> <span class='ocrx_word' id='word_1_255' title='bbox 2568 1076 2814 1132; x_wconf 90' lang='lat' dir='ltr'>selectas</span> <span class='ocrx_word' id='word_1_256' title='bbox 2855 1076 3162 1149; x_wconf 91' lang='lat' dir='ltr'>quasdam</span> <span class='ocrx_word' id='word_1_257' title='bbox 3209 1094 3240 1133; x_wconf 93' lang='lat' dir='ltr'>e</span> <span class='ocrx_word' id='word_1_258' title='bbox 3291 1078 3670 1135; x_wconf 87' lang='lat' dir='ltr'>Psalmorum</span> 
     </span>
    </p>
   </div>
   <div class='ocr_carea' id='block_1_35' title="bbox 2022 1162 3672 1237">
    <p class='ocr_par' dir='ltr' id='par_1_35' title="bbox 2022 1162 3672 1237">
     <span class='ocr_line' id='line_1_35' title="bbox 2022 1162 3672 1237; baseline 0.003 -19"><span class='ocrx_word' id='word_1_259' title='bbox 2022 1162 2174 1219; x_wconf 90' lang='lat' dir='ltr'>libro</span> <span class='ocrx_word' id='word_1_260' title='bbox 2206 1166 2527 1220; x_wconf 82' lang='lat' dir='ltr'>sententias</span> <span class='ocrx_word' id='word_1_261' title='bbox 2555 1165 2883 1237; x_wconf 83' lang='lat' dir='ltr'>proferens,</span> <span class='ocrx_word' id='word_1_262' title='bbox 2918 1165 3147 1222; x_wconf 91' lang='lat' dir='ltr'>alterno</span> <span class='ocrx_word' id='word_1_263' title='bbox 3186 1171 3363 1223; x_wconf 91' lang='lat' dir='ltr'>cantu</span> <span class='ocrx_word' id='word_1_264' title='bbox 3393 1170 3512 1223; x_wconf 92' lang='lat' dir='ltr'>Deo</span> <span class='ocrx_word' id='word_1_265' title='bbox 3553 1166 3672 1225; x_wconf 85' lang='lat' dir='ltr'>Sal-</span> 
     </span>
    </p>
   </div>
   <div class='ocr_carea' id='block_1_36' title="bbox 2024 1253 3676 1322">
    <p class='ocr_par' dir='ltr' id='par_1_36' title="bbox 2024 1253 3676 1322">
     <span class='ocr_line' id='line_1_36' title="bbox 2024 1253 3676 1322; baseline 0.003 -15"><span class='ocrx_word' id='word_1_266' title='bbox 2024 1253 2211 1308; x_wconf 90' lang='lat' dir='ltr'>vatori</span> <span class='ocrx_word' id='word_1_267' title='bbox 2243 1255 2325 1308; x_wconf 78' lang='lat' dir='ltr'>ita</span> <span class='ocrx_word' id='word_1_268' title='bbox 2350 1254 2708 1309; x_wconf 82' lang='lat' dir='ltr'>concinebat</span> <span class='ocrx_word' id='word_1_269' title='bbox 2739 1270 2808 1310; x_wconf 91' lang='lat' dir='ltr'>ac</span> <span class='ocrx_word' id='word_1_270' title='bbox 2856 1254 3258 1311; x_wconf 88' lang='lat' dir='ltr'>conﬁtebatur</span> <span class='ocrx_word' id='word_1_271' title='bbox 3279 1256 3545 1322; x_wconf 89' lang='lat' dir='ltr'>:Judica,</span> <span class='ocrx_word' id='word_1_272' title='bbox 3565 1259 3676 1312; x_wconf 87' lang='lat' dir='ltr'>Do-</span> 
     </span>
    </p>
   </div>
   <div class='ocr_carea' id='block_1_37' title="bbox 2026 1344 3677 1419">
    <p class='ocr_par' dir='ltr' id='par_1_37' title="bbox 2026 1344 3677 1419">
     <span class='ocr_line' id='line_1_37' title="bbox 2026 1344 3677 1419; baseline 0.003 -22"><span class='ocrx_word' id='word_1_273' title='bbox 2026 1344 2186 1398; x_wconf 90' lang='lat' dir='ltr'>mine</span> <span class='ocrx_word' id='word_1_274' title='bbox 2208 1386 2220 1407; x_wconf 94' lang='lat'>,</span> <span class='ocrx_word' id='word_1_275' title='bbox 2253 1348 2537 1398; x_wconf 87' lang='lat' dir='ltr'>nocentes</span> <span class='ocrx_word' id='word_1_276' title='bbox 2557 1360 2671 1410; x_wconf 91' lang='lat' dir='ltr'>me,</span> <span class='ocrx_word' id='word_1_277' title='bbox 2688 1360 2756 1399; x_wconf 87' lang='lat' dir='ltr'>ex</span> <span class='ocrx_word' id='word_1_278' title='bbox 2767 1345 3409 1416; x_wconf 90' lang='lat' dir='ltr'>pugnaimpugnantes</span> <span class='ocrx_word' id='word_1_279' title='bbox 3422 1362 3519 1402; x_wconf 91' lang='lat' dir='ltr'>me</span> <span class='ocrx_word' id='word_1_280' title='bbox 3542 1362 3677 1419; x_wconf 89' lang='lat' dir='ltr'>:ap-</span> 
     </span>
    </p>
   </div>
   <div class='ocr_carea' id='block_1_38' title="bbox 2026 1432 3676 1506">
    <p class='ocr_par' dir='ltr' id='par_1_38' title="bbox 2026 1432 3676 1506">
     <span class='ocr_line' id='line_1_38' title="bbox 2026 1432 3676 1506; baseline 0.002 -19"><span class='ocrx_word' id='word_1_281' title='bbox 2026 1432 2329 1504; x_wconf 88' lang='lat' dir='ltr'>prehende</span> <span class='ocrx_word' id='word_1_282' title='bbox 2356 1449 2527 1489; x_wconf 90' lang='lat' dir='ltr'>arma</span> <span class='ocrx_word' id='word_1_283' title='bbox 2551 1439 2607 1489; x_wconf 90' lang='lat' dir='ltr'>et</span> <span class='ocrx_word' id='word_1_284' title='bbox 2640 1438 2899 1501; x_wconf 86' lang='lat' dir='ltr'>scutum,</span> <span class='ocrx_word' id='word_1_285' title='bbox 2933 1439 2989 1489; x_wconf 92' lang='lat' dir='ltr'>et</span> <span class='ocrx_word' id='word_1_286' title='bbox 3017 1450 3272 1505; x_wconf 82' lang='lat' dir='ltr'>exsurge</span> <span class='ocrx_word' id='word_1_287' title='bbox 3320 1436 3382 1490; x_wconf 91' lang='lat' dir='ltr'>in</span> <span class='ocrx_word' id='word_1_288' title='bbox 3438 1435 3676 1506; x_wconf 89' lang='lat' dir='ltr'>adjuto-</span> 
     </span>
    </p>
   </div>
   <div class='ocr_carea' id='block_1_39' title="bbox 2028 1520 3678 1596">
    <p class='ocr_par' dir='ltr' id='par_1_39' title="bbox 2028 1520 3678 1596">
     <span class='ocr_line' id='line_1_39' title="bbox 2028 1520 3678 1596; baseline 0.003 -21"><span class='ocrx_word' id='word_1_289' title='bbox 2028 1520 2180 1576; x_wconf 90' lang='lat' dir='ltr'>rium</span> <span class='ocrx_word' id='word_1_290' title='bbox 2206 1521 2567 1576; x_wconf 77' lang='lat' dir='ltr'>hzereditatis</span> <span class='ocrx_word' id='word_1_291' title='bbox 2590 1526 2725 1576; x_wconf 49' lang='lat' dir='ltr'>tuas.</span> <span class='ocrx_word' id='word_1_292' title='bbox 2760 1524 2901 1577; x_wconf 84' lang='lat' dir='ltr'>Ecce</span> <span class='ocrx_word' id='word_1_293' title='bbox 2931 1523 3090 1577; x_wconf 90' lang='lat' dir='ltr'>enim</span> <span class='ocrx_word' id='word_1_294' title='bbox 3114 1524 3258 1593; x_wconf 83' lang='lat' dir='ltr'>legis</span> <span class='ocrx_word' id='word_1_295' title='bbox 3311 1527 3425 1579; x_wconf 70' lang='lat' dir='ltr'>tuas</span> <span class='ocrx_word' id='word_1_296' title='bbox 3448 1539 3678 1596; x_wconf 63' lang='lat' dir='ltr'>praeva-</span> 
     </span>
    </p>
   </div>
   <div class='ocr_carea' id='block_1_40' title="bbox 2027 1613 3682 1686">
    <p class='ocr_par' dir='ltr' id='par_1_40' title="bbox 2027 1613 3682 1686">
     <span class='ocr_line' id='line_1_40' title="bbox 2027 1613 3682 1686; baseline 0.002 -19"><span class='ocrx_word' id='word_1_297' title='bbox 2027 1613 2317 1668; x_wconf 89' lang='lat' dir='ltr'>ricatores</span> <span class='ocrx_word' id='word_1_298' title='bbox 2347 1616 2552 1667; x_wconf 90' lang='lat' dir='ltr'>contra</span> <span class='ocrx_word' id='word_1_299' title='bbox 2583 1616 2636 1667; x_wconf 89' lang='lat' dir='ltr'>te</span> <span class='ocrx_word' id='word_1_300' title='bbox 2668 1613 3013 1669; x_wconf 88' lang='lat' dir='ltr'>levaverunt</span> <span class='ocrx_word' id='word_1_301' title='bbox 3032 1620 3237 1685; x_wconf 91' lang='lat' dir='ltr'>caput,</span> <span class='ocrx_word' id='word_1_302' title='bbox 3284 1614 3682 1686; x_wconf 84' lang='lat' dir='ltr'>profanarunt</span> 
     </span>
    </p>
   </div>
   <div class='ocr_carea' id='block_1_41' title="bbox 2031 1699 3680 1771">
    <p class='ocr_par' dir='ltr' id='par_1_41' title="bbox 2031 1699 3680 1771">
     <span class='ocr_line' id='line_1_41' title="bbox 2031 1699 3680 1771; baseline 0.002 -16"><span class='ocrx_word' id='word_1_303' title='bbox 2031 1701 2230 1771; x_wconf 89' lang='lat' dir='ltr'>impiis</span> <span class='ocrx_word' id='word_1_304' title='bbox 2257 1699 2529 1771; x_wconf 89' lang='lat' dir='ltr'>tripudiis</span> <span class='ocrx_word' id='word_1_305' title='bbox 2558 1700 2763 1755; x_wconf 88' lang='lat' dir='ltr'>altaria</span> <span class='ocrx_word' id='word_1_306' title='bbox 2800 1706 2919 1767; x_wconf 88' lang='lat' dir='ltr'>tua,</span> <span class='ocrx_word' id='word_1_307' title='bbox 2959 1706 3015 1757; x_wconf 88' lang='lat' dir='ltr'>et</span> <span class='ocrx_word' id='word_1_308' title='bbox 3055 1706 3219 1757; x_wconf 88' lang='lat' dir='ltr'>saeta</span> <span class='ocrx_word' id='word_1_309' title='bbox 3253 1706 3355 1757; x_wconf 87' lang='lat' dir='ltr'>tua</span> <span class='ocrx_word' id='word_1_310' title='bbox 3403 1702 3680 1759; x_wconf 86' lang='lat' dir='ltr'>homines</span> 
     </span>
    </p>
   </div>
   <div class='ocr_carea' id='block_1_42' title="bbox 2031 1788 3681 1863">
    <p class='ocr_par' dir='ltr' id='par_1_42' title="bbox 2031 1788 3681 1863">
     <span class='ocr_line' id='line_1_42' title="bbox 2031 1788 3681 1863; baseline 0 -16"><span class='ocrx_word' id='word_1_311' title='bbox 2031 1790 2253 1860; x_wconf 88' lang='lat' dir='ltr'>impuri</span> <span class='ocrx_word' id='word_1_312' title='bbox 2284 1806 2353 1844; x_wconf 90' lang='lat' dir='ltr'>ac</span> <span class='ocrx_word' id='word_1_313' title='bbox 2384 1789 2649 1845; x_wconf 85' lang='lat' dir='ltr'>scelerati</span> <span class='ocrx_word' id='word_1_314' title='bbox 2682 1788 3040 1860; x_wconf 89' lang='lat' dir='ltr'>polluerunt.</span> <span class='ocrx_word' id='word_1_315' title='bbox 3070 1791 3183 1845; x_wconf 83' lang='lat' dir='ltr'>Sed</span> <span class='ocrx_word' id='word_1_316' title='bbox 3229 1790 3455 1863; x_wconf 89' lang='lat' dir='ltr'>respice</span> <span class='ocrx_word' id='word_1_317' title='bbox 3477 1808 3588 1847; x_wconf 91' lang='lat' dir='ltr'>nos</span> <span class='ocrx_word' id='word_1_318' title='bbox 3616 1792 3681 1847; x_wconf 91' lang='lat' dir='ltr'>in</span> 
     </span>
    </p>
   </div>
   <div class='ocr_carea' id='block_1_43' title="bbox 2035 1878 3685 1937">
    <p class='ocr_par' dir='ltr' id='par_1_43' title="bbox 2035 1878 3685 1937">
     <span class='ocr_line' id='line_1_43' title="bbox 2035 1878 3685 1937; baseline 0.002 -3"><span class='ocrx_word' id='word_1_319' title='bbox 2035 1878 2277 1935; x_wconf 90' lang='lat' dir='ltr'>salutari</span> <span class='ocrx_word' id='word_1_320' title='bbox 2330 1883 2432 1934; x_wconf 92' lang='lat' dir='ltr'>tuo</span> <span class='ocrx_word' id='word_1_321' title='bbox 2460 1882 2522 1933; x_wconf 94' lang='lat' dir='ltr'>ut</span> <span class='ocrx_word' id='word_1_322' title='bbox 2570 1878 2881 1935; x_wconf 87' lang='lat' dir='ltr'>videamus</span> <span class='ocrx_word' id='word_1_323' title='bbox 2935 1879 2996 1934; x_wconf 91' lang='lat' dir='ltr'>in</span> <span class='ocrx_word' id='word_1_324' title='bbox 3048 1879 3316 1935; x_wconf 88' lang='lat' dir='ltr'>bonitate</span> <span class='ocrx_word' id='word_1_325' title='bbox 3360 1880 3685 1937; x_wconf 89' lang='lat' dir='ltr'>electorum</span> 
     </span>
    </p>
   </div>
   <div class='ocr_carea' id='block_1_44' title="bbox 2036 1967 3689 2038">
    <p class='ocr_par' dir='ltr' id='par_1_44' title="bbox 2036 1967 3689 2038">
     <span class='ocr_line' id='line_1_44' title="bbox 2036 1967 3689 2038; baseline 0.002 -14"><span class='ocrx_word' id='word_1_326' title='bbox 2036 1974 2298 2038; x_wconf 90' lang='lat' dir='ltr'>tuorum,</span> <span class='ocrx_word' id='word_1_327' title='bbox 2321 1967 2834 2023; x_wconf 78' lang='lat' dir='ltr'>utexsultemusin</span> <span class='ocrx_word' id='word_1_328' title='bbox 2857 1968 3058 2024; x_wconf 75' lang='lat' dir='ltr'>laetitia</span> <span class='ocrx_word' id='word_1_329' title='bbox 3084 1969 3274 2038; x_wconf 90' lang='lat' dir='ltr'>gentis</span> <span class='ocrx_word' id='word_1_330' title='bbox 3303 1974 3435 2025; x_wconf 71' lang='lat' dir='ltr'>tuae.</span> <span class='ocrx_word' id='word_1_331' title='bbox 3467 1970 3689 2027; x_wconf 69' lang='lat' dir='ltr'>Laetitia</span> 
     </span>
    </p>
   </div>
   <div class='ocr_carea' id='block_1_45' title="bbox 2035 2058 3689 2131">
    <p class='ocr_par' dir='ltr' id='par_1_45' title="bbox 2035 2058 3689 2131">
     <span class='ocr_line' id='line_1_45' title="bbox 2035 2058 3689 2131; baseline 0.002 -18"><span class='ocrx_word' id='word_1_332' title='bbox 2035 2074 2217 2131; x_wconf 91' lang='lat' dir='ltr'>porro</span> <span class='ocrx_word' id='word_1_333' title='bbox 2247 2062 2350 2114; x_wconf 88' lang='lat' dir='ltr'>tua</span> <span class='ocrx_word' id='word_1_334' title='bbox 2378 2058 2437 2112; x_wconf 91' lang='lat' dir='ltr'>in</span> <span class='ocrx_word' id='word_1_335' title='bbox 2465 2074 2535 2113; x_wconf 96' lang='lat' dir='ltr'>eo</span> <span class='ocrx_word' id='word_1_336' title='bbox 2567 2060 2765 2130; x_wconf 89' lang='lat' dir='ltr'>posita</span> <span class='ocrx_word' id='word_1_337' title='bbox 2795 2063 2904 2124; x_wconf 90' lang='lat' dir='ltr'>est,</span> <span class='ocrx_word' id='word_1_338' title='bbox 2938 2062 3001 2114; x_wconf 93' lang='lat' dir='ltr'>ut</span> <span class='ocrx_word' id='word_1_339' title='bbox 3026 2058 3189 2113; x_wconf 92' lang='lat' dir='ltr'>cultu</span> <span class='ocrx_word' id='word_1_340' title='bbox 3219 2063 3275 2115; x_wconf 91' lang='lat' dir='ltr'>et</span> <span class='ocrx_word' id='word_1_341' title='bbox 3303 2060 3689 2117; x_wconf 88' lang='lat' dir='ltr'>veneratione</span> 
     </span>
    </p>
   </div>
   <div class='ocr_carea' id='block_1_46' title="bbox 2037 2147 3693 2221">
    <p class='ocr_par' dir='ltr' id='par_1_46' title="bbox 2037 2147 3693 2221">
     <span class='ocr_line' id='line_1_46' title="bbox 2037 2147 3693 2221; baseline 0.001 -16"><span class='ocrx_word' id='word_1_342' title='bbox 2037 2148 2202 2205; x_wconf 91' lang='lat' dir='ltr'>omni</span> <span class='ocrx_word' id='word_1_343' title='bbox 2226 2147 2618 2217; x_wconf 74' lang='lat' dir='ltr'>dignissimae,</span> <span class='ocrx_word' id='word_1_344' title='bbox 2636 2163 2820 2204; x_wconf 67' lang='lat' dir='ltr'>sacrae</span> <span class='ocrx_word' id='word_1_345' title='bbox 2839 2153 2951 2203; x_wconf 60' lang='lat' dir='ltr'>tua;</span> <span class='ocrx_word' id='word_1_346' title='bbox 2971 2152 3333 2221; x_wconf 90' lang='lat' dir='ltr'>tuorumque</span> <span class='ocrx_word' id='word_1_347' title='bbox 3348 2154 3693 2206; x_wconf 85' lang='lat' dir='ltr'>sanctorum</span> 
     </span>
    </p>
   </div>
   <div class='ocr_carea' id='block_1_47' title="bbox 2038 2238 3692 2312">
    <p class='ocr_par' dir='ltr' id='par_1_47' title="bbox 2038 2238 3692 2312">
     <span class='ocr_line' id='line_1_47' title="bbox 2038 2238 3692 2312; baseline 0.001 -17"><span class='ocrx_word' id='word_1_348' title='bbox 2038 2238 2366 2295; x_wconf 88' lang='lat' dir='ltr'>adorentur</span> <span class='ocrx_word' id='word_1_349' title='bbox 2392 2238 2705 2307; x_wconf 90' lang='lat' dir='ltr'>imagines,</span> <span class='ocrx_word' id='word_1_350' title='bbox 2737 2244 2919 2310; x_wconf 90' lang='lat' dir='ltr'>utque</span> <span class='ocrx_word' id='word_1_351' title='bbox 2991 2238 3327 2295; x_wconf 88' lang='lat' dir='ltr'>secundum</span> <span class='ocrx_word' id='word_1_352' title='bbox 3379 2255 3513 2296; x_wconf 88' lang='lat' dir='ltr'>eam</span> <span class='ocrx_word' id='word_1_353' title='bbox 3554 2255 3692 2312; x_wconf 67' lang='lat' dir='ltr'>quae</span> 
     </span>
    </p>
   </div>
   <div class='ocr_carea' id='block_1_48' title="bbox 2041 2327 3697 2400">
    <p class='ocr_par' dir='ltr' id='par_1_48' title="bbox 2041 2327 3697 2400">
     <span class='ocr_line' id='line_1_48' title="bbox 2041 2327 3697 2400; baseline 0.001 -16"><span class='ocrx_word' id='word_1_354' title='bbox 2041 2328 2371 2400; x_wconf 89' lang='lat' dir='ltr'>antiquitus</span> <span class='ocrx_word' id='word_1_355' title='bbox 2393 2333 2518 2383; x_wconf 90' lang='lat' dir='ltr'>erat</span> <span class='ocrx_word' id='word_1_356' title='bbox 2552 2328 2888 2384; x_wconf 89' lang='lat' dir='ltr'>decentiam</span> <span class='ocrx_word' id='word_1_357' title='bbox 2918 2327 3143 2399; x_wconf 90' lang='lat' dir='ltr'>templa</span> <span class='ocrx_word' id='word_1_358' title='bbox 3172 2328 3384 2384; x_wconf 91' lang='lat' dir='ltr'>iisdem</span> <span class='ocrx_word' id='word_1_359' title='bbox 3407 2344 3697 2386; x_wconf 83' lang='lat' dir='ltr'>exornen-</span> 
     </span>
    </p>
   </div>
   <div class='ocr_carea' id='block_1_49' title="bbox 2044 2415 3697 2487">
    <p class='ocr_par' dir='ltr' id='par_1_49' title="bbox 2044 2415 3697 2487">
     <span class='ocr_line' id='line_1_49' title="bbox 2044 2415 3697 2487; baseline 0.003 -19"><span class='ocrx_word' id='word_1_360' title='bbox 2044 2416 2155 2470; x_wconf 86' lang='lat' dir='ltr'>tur.</span> <span class='ocrx_word' id='word_1_361' title='bbox 2190 2417 2357 2470; x_wconf 88' lang='lat' dir='ltr'>Nunc</span> <span class='ocrx_word' id='word_1_362' title='bbox 2390 2415 2567 2484; x_wconf 83' lang='lat' dir='ltr'>igitur</span> <span class='ocrx_word' id='word_1_363' title='bbox 2593 2415 2757 2482; x_wconf 89' lang='lat' dir='ltr'>mihi,</span> <span class='ocrx_word' id='word_1_364' title='bbox 2790 2419 2848 2471; x_wconf 91' lang='lat' dir='ltr'>et</span> <span class='ocrx_word' id='word_1_365' title='bbox 2873 2417 3103 2472; x_wconf 92' lang='lat' dir='ltr'>cunctis</span> <span class='ocrx_word' id='word_1_366' title='bbox 3154 2416 3302 2472; x_wconf 89' lang='lat' dir='ltr'>meis</span> <span class='ocrx_word' id='word_1_367' title='bbox 3361 2417 3697 2487; x_wconf 86' lang='lat' dir='ltr'>sodalibus,</span> 
     </span>
    </p>
   </div>
   <div class='ocr_carea' id='block_1_50' title="bbox 2042 2504 3701 2580">
    <p class='ocr_par' dir='ltr' id='par_1_50' title="bbox 2042 2504 3701 2580">
     <span class='ocr_line' id='line_1_50' title="bbox 2042 2504 3701 2580; baseline 0.002 -20"><span class='ocrx_word' id='word_1_368' title='bbox 2042 2520 2233 2560; x_wconf 93' lang='lat' dir='ltr'>unum</span> <span class='ocrx_word' id='word_1_369' title='bbox 2260 2520 2499 2559; x_wconf 91' lang='lat' dir='ltr'>mecum</span> <span class='ocrx_word' id='word_1_370' title='bbox 2525 2504 2805 2577; x_wconf 87' lang='lat' dir='ltr'>idemque</span> <span class='ocrx_word' id='word_1_371' title='bbox 2838 2506 3251 2575; x_wconf 88' lang='lat' dir='ltr'>sentientibus,</span> <span class='ocrx_word' id='word_1_372' title='bbox 3303 2522 3563 2580; x_wconf 67' lang='lat' dir='ltr'>quaeque</span> <span class='ocrx_word' id='word_1_373' title='bbox 3591 2522 3701 2579; x_wconf 86' lang='lat' dir='ltr'>pro</span> 
     </span>
    </p>
   </div>
   <div class='ocr_carea' id='block_1_51' title="bbox 2045 2594 3696 2669">
    <p class='ocr_par' dir='ltr' id='par_1_51' title="bbox 2045 2594 3696 2669">
     <span class='ocr_line' id='line_1_51' title="bbox 2045 2594 3696 2669; baseline 0.003 -21"><span class='ocrx_word' id='word_1_374' title='bbox 2045 2609 2357 2651; x_wconf 87' lang='lat' dir='ltr'>sacrarum</span> <span class='ocrx_word' id='word_1_375' title='bbox 2391 2594 2748 2663; x_wconf 86' lang='lat' dir='ltr'>imaginum,</span> <span class='ocrx_word' id='word_1_376' title='bbox 2771 2610 2882 2666; x_wconf 90' lang='lat' dir='ltr'>pro</span> <span class='ocrx_word' id='word_1_377' title='bbox 2904 2596 3112 2651; x_wconf 87' lang='lat' dir='ltr'>matris</span> <span class='ocrx_word' id='word_1_378' title='bbox 3164 2600 3279 2651; x_wconf 63' lang='lat' dir='ltr'>tua:</span> <span class='ocrx_word' id='word_1_379' title='bbox 3335 2597 3696 2669; x_wconf 66' lang='lat' dir='ltr'>purissimas,</span> 
     </span>
    </p>
   </div>
   <div class='ocr_carea' id='block_1_52' title="bbox 2043 2683 3703 2756">
    <p class='ocr_par' dir='ltr' id='par_1_52' title="bbox 2043 2683 3703 2756">
     <span class='ocr_line' id='line_1_52' title="bbox 2043 2683 3703 2756; baseline 0.002 -18"><span class='ocrx_word' id='word_1_380' title='bbox 2043 2699 2153 2756; x_wconf 90' lang='lat' dir='ltr'>pro</span> <span class='ocrx_word' id='word_1_381' title='bbox 2184 2699 2392 2738; x_wconf 91' lang='lat' dir='ltr'>eorum</span> <span class='ocrx_word' id='word_1_382' title='bbox 2421 2685 2523 2754; x_wconf 91' lang='lat' dir='ltr'>qui</span> <span class='ocrx_word' id='word_1_383' title='bbox 2546 2683 2721 2739; x_wconf 90' lang='lat' dir='ltr'>variis</span> <span class='ocrx_word' id='word_1_384' title='bbox 2752 2684 3125 2755; x_wconf 90' lang='lat' dir='ltr'>temporibus</span> <span class='ocrx_word' id='word_1_385' title='bbox 3151 2685 3339 2741; x_wconf 88' lang='lat' dir='ltr'>vitam</span> <span class='ocrx_word' id='word_1_386' title='bbox 3396 2686 3483 2741; x_wconf 90' lang='lat' dir='ltr'>tui</span> <span class='ocrx_word' id='word_1_387' title='bbox 3518 2700 3703 2743; x_wconf 90' lang='lat' dir='ltr'>causa</span> 
     </span>
    </p>
   </div>
   <div class='ocr_carea' id='block_1_53' title="bbox 2045 2771 3703 2848">
    <p class='ocr_par' dir='ltr' id='par_1_53' title="bbox 2045 2771 3703 2848">
     <span class='ocr_line' id='line_1_53' title="bbox 2045 2771 3703 2848; baseline 0.002 -20"><span class='ocrx_word' id='word_1_388' title='bbox 2045 2777 2101 2828; x_wconf 94' lang='lat' dir='ltr'>et</span> <span class='ocrx_word' id='word_1_389' title='bbox 2131 2772 2488 2842; x_wconf 90' lang='lat' dir='ltr'>sanguinem</span> <span class='ocrx_word' id='word_1_390' title='bbox 2515 2771 2873 2843; x_wconf 73' lang='lat' dir='ltr'>effuderunt,</span> <span class='ocrx_word' id='word_1_391' title='bbox 2896 2789 3004 2845; x_wconf 92' lang='lat' dir='ltr'>pro</span> <span class='ocrx_word' id='word_1_392' title='bbox 3036 2772 3293 2830; x_wconf 91' lang='lat' dir='ltr'>aliorum</span> <span class='ocrx_word' id='word_1_393' title='bbox 3322 2774 3583 2847; x_wconf 91' lang='lat' dir='ltr'>denique</span> <span class='ocrx_word' id='word_1_394' title='bbox 3595 2775 3703 2848; x_wconf 89' lang='lat' dir='ltr'>qui</span> 
     </span>
    </p>
   </div>
   <div class='ocr_carea' id='block_1_54' title="bbox 2046 2861 3701 2934">
    <p class='ocr_par' dir='ltr' id='par_1_54' title="bbox 2046 2861 3701 2934">
     <span class='ocr_line' id='line_1_54' title="bbox 2046 2861 3701 2934; baseline 0.003 -17"><span class='ocrx_word' id='word_1_395' title='bbox 2046 2876 2293 2934; x_wconf 90' lang='lat' dir='ltr'>quoquo</span> <span class='ocrx_word' id='word_1_396' title='bbox 2322 2861 2505 2917; x_wconf 91' lang='lat' dir='ltr'>modo</span> <span class='ocrx_word' id='word_1_397' title='bbox 2536 2862 2686 2931; x_wconf 89' lang='lat' dir='ltr'>grati</span> <span class='ocrx_word' id='word_1_398' title='bbox 2708 2861 2814 2917; x_wconf 89' lang='lat' dir='ltr'>tibi</span> <span class='ocrx_word' id='word_1_399' title='bbox 2839 2862 3186 2919; x_wconf 83' lang='lat' dir='ltr'>exstiterunt</span> <span class='ocrx_word' id='word_1_400' title='bbox 3230 2864 3481 2929; x_wconf 86' lang='lat' dir='ltr'>honore,</span> <span class='ocrx_word' id='word_1_401' title='bbox 3518 2869 3701 2922; x_wconf 89' lang='lat' dir='ltr'>certa-</span> 
     </span>
    </p>
   </div>
   <div class='ocr_carea' id='block_1_55' title="bbox 2048 2951 3701 3022">
    <p class='ocr_par' dir='ltr' id='par_1_55' title="bbox 2048 2951 3701 3022">
     <span class='ocr_line' id='line_1_55' title="bbox 2048 2951 3701 3022; baseline 0.002 -15"><span class='ocrx_word' id='word_1_402' title='bbox 2048 2967 2188 3007; x_wconf 90' lang='lat' dir='ltr'>men</span> <span class='ocrx_word' id='word_1_403' title='bbox 2212 2967 2450 3006; x_wconf 93' lang='lat' dir='ltr'>mecum</span> <span class='ocrx_word' id='word_1_404' title='bbox 2469 2951 2669 3007; x_wconf 91' lang='lat' dir='ltr'>subire</span> <span class='ocrx_word' id='word_1_405' title='bbox 2692 2952 2940 3008; x_wconf 90' lang='lat' dir='ltr'>minime</span> <span class='ocrx_word' id='word_1_406' title='bbox 2983 2952 3315 3009; x_wconf 89' lang='lat' dir='ltr'>detrectant</span> <span class='ocrx_word' id='word_1_407' title='bbox 3345 2971 3358 3021; x_wconf 92' lang='lat'>;</span> <span class='ocrx_word' id='word_1_408' title='bbox 3390 2954 3588 3022; x_wconf 91' lang='lat' dir='ltr'>nobis,</span> <span class='ocrx_word' id='word_1_409' title='bbox 3611 2955 3701 3011; x_wconf 88' lang='lat' dir='ltr'>in-</span> 
     </span>
    </p>
   </div>
   <div class='ocr_carea' id='block_1_56' title="bbox 329 3040 3706 3121">
    <p class='ocr_par' dir='ltr' id='par_1_56' title="bbox 329 3040 3706 3121">
     <span class='ocr_line' id='line_1_56' title="bbox 329 3040 3706 3121; baseline -0.001 -17"><span class='ocrx_word' id='word_1_410' title='bbox 329 3064 539 3121; x_wconf 88' lang='lat' dir='ltr'>quam,</span> <span class='ocrx_word' id='word_1_411' title='bbox 570 3047 869 3103; x_wconf 81' lang='lat' dir='ltr'>universis</span> <span class='ocrx_word' id='word_1_412' title='bbox 897 3048 1099 3104; x_wconf 79' lang='lat' dir='ltr'>auxilii</span> <span class='ocrx_word' id='word_1_413' title='bbox 1131 3049 1215 3104; x_wconf 92' lang='lat' dir='ltr'>tui</span> <span class='ocrx_word' id='word_1_414' title='bbox 1265 3048 1575 3106; x_wconf 81' lang='lat' dir='ltr'>dexteram</span> <span class='ocrx_word' id='word_1_415' title='bbox 1616 3066 1689 3105; x_wconf 82' lang='lat' dir='ltr'>ex</span> <span class='ocrx_word' id='word_1_416' title='bbox 1736 3047 2084 3106; x_wconf 87' lang='lat' dir='ltr'>habilaculo</span> <span class='ocrx_word' id='word_1_417' title='bbox 2117 3046 2218 3097; x_wconf 84' lang='lat' dir='ltr'>tuo</span> <span class='ocrx_word' id='word_1_418' title='bbox 2249 3044 2455 3096; x_wconf 82' lang='lat' dir='ltr'>sancto</span> <span class='ocrx_word' id='word_1_419' title='bbox 2500 3040 2775 3112; x_wconf 86' lang='lat' dir='ltr'>porrige;</span> <span class='ocrx_word' id='word_1_420' title='bbox 2808 3040 3219 3099; x_wconf 83' lang='lat' dir='ltr'>inﬁrmitatem</span> <span class='ocrx_word' id='word_1_421' title='bbox 3266 3047 3557 3113; x_wconf 89' lang='lat' dir='ltr'>nostram,</span> <span class='ocrx_word' id='word_1_422' title='bbox 3598 3044 3706 3117; x_wconf 91' lang='lat' dir='ltr'>qui</span> 
     </span>
    </p>
   </div>
   <div class='ocr_carea' id='block_1_57' title="bbox 335 3136 2059 3209">
    <p class='ocr_par' dir='ltr' id='par_1_57' title="bbox 335 3136 2059 3209">
     <span class='ocr_line' id='line_1_57' title="bbox 335 3136 2059 3209; baseline 0.001 -16"><span class='ocrx_word' id='word_1_423' title='bbox 335 3137 501 3194; x_wconf 88' lang='lat' dir='ltr'>solus</span> <span class='ocrx_word' id='word_1_424' title='bbox 530 3141 723 3209; x_wconf 88' lang='lat' dir='ltr'>potes,</span> <span class='ocrx_word' id='word_1_425' title='bbox 748 3136 1079 3205; x_wconf 82' lang='lat' dir='ltr'>conﬁrma;</span> <span class='ocrx_word' id='word_1_426' title='bbox 1114 3137 1329 3209; x_wconf 88' lang='lat' dir='ltr'>largire</span> <span class='ocrx_word' id='word_1_427' title='bbox 1360 3138 1515 3194; x_wconf 89' lang='lat' dir='ltr'>vires</span> <span class='ocrx_word' id='word_1_428' title='bbox 1538 3142 1594 3195; x_wconf 90' lang='lat' dir='ltr'>et</span> <span class='ocrx_word' id='word_1_429' title='bbox 1631 3138 2059 3195; x_wconf 77' lang='lat' dir='ltr'>fortitudinem-</span> 
     </span>
    </p>
   </div>
   <div class='ocr_carea' id='block_1_58' title="bbox 407 3224 2019 3301">
    <p class='ocr_par' dir='ltr' id='par_1_58' title="bbox 407 3224 2019 3301">
     <span class='ocr_line' id='line_1_58' title="bbox 407 3224 2019 3301; baseline 0.002 -21"><span class='ocrx_word' id='word_1_430' title='bbox 407 3227 491 3291; x_wconf 83' lang='grc' dir='ltr'>ιζ’.</span> <span class='ocrx_word' id='word_1_431' title='bbox 520 3234 643 3288; x_wconf 85' lang='grc' dir='ltr'>Ταῖς</span> <span class='ocrx_word' id='word_1_432' title='bbox 671 3224 732 3280; x_wconf 82' lang='grc' dir='ltr'>δέ</span> <span class='ocrx_word' id='word_1_433' title='bbox 754 3246 810 3299; x_wconf 90' lang='grc' dir='ltr'>γε</span> <span class='ocrx_word' id='word_1_434' title='bbox 856 3231 949 3281; x_wconf 82' lang='grc' dir='ltr'>σὺν</span> <span class='ocrx_word' id='word_1_435' title='bbox 1008 3228 1139 3300; x_wconf 75' lang='grc' dir='ltr'>αὐτῇ</span> <span class='ocrx_word' id='word_1_436' title='bbox 1196 3233 1285 3281; x_wconf 88' lang='grc' dir='ltr'>καί</span> <span class='ocrx_word' id='word_1_437' title='bbox 1336 3232 1455 3301; x_wconf 90' lang='grc' dir='ltr'>περί</span> <span class='ocrx_word' id='word_1_438' title='bbox 1502 3228 1666 3287; x_wconf 75' lang='grc' dir='ltr'>αὐτὴν</span> <span class='ocrx_word' id='word_1_439' title='bbox 1715 3238 1937 3282; x_wconf 89' lang='grc' dir='ltr'>τοιαῦτα</span> <span class='ocrx_word' id='word_1_440' title='bbox 1978 3232 2019 3286; x_wconf 86' lang='lat' dir='ltr'>C</span> 
     </span>
    </p>
   </div>
   <div class='ocr_carea' id='block_1_59' title="bbox 336 3315 1937 3393">
    <p class='ocr_par' dir='ltr' id='par_1_59' title="bbox 336 3315 1937 3393">
     <span class='ocr_line' id='line_1_59' title="bbox 336 3315 1937 3393; baseline 0.001 -22"><span class='ocrx_word' id='word_1_441' title='bbox 336 3315 598 3376; x_wconf 81' lang='grc' dir='ltr'>δήπουθεν</span> <span class='ocrx_word' id='word_1_442' title='bbox 667 3322 989 3391; x_wconf 81' lang='grc' dir='ltr'>προηγόρευε</span> <span class='ocrx_word' id='word_1_443' title='bbox 1054 3360 1067 3375; x_wconf 93' lang='grc'><strong>.</strong></span> <span class='ocrx_word' id='word_1_444' title='bbox 1123 3324 1230 3371; x_wconf 88' lang='grc' dir='ltr'>Νῦν</span> <span class='ocrx_word' id='word_1_445' title='bbox 1305 3322 1484 3393; x_wconf 85' lang='grc' dir='ltr'>καιρός</span> <span class='ocrx_word' id='word_1_446' title='bbox 1535 3316 1937 3393; x_wconf 74' lang='grc' dir='ltr'>εὐπρόσδεκτος,</span> 
     </span>
    </p>
   </div>
   <div class='ocr_carea' id='block_1_60' title="bbox 334 3403 1938 3481">
    <p class='ocr_par' dir='ltr' id='par_1_60' title="bbox 334 3403 1938 3481">
     <span class='ocr_line' id='line_1_60' title="bbox 334 3403 1938 3481; baseline 0.001 -21"><span class='ocrx_word' id='word_1_447' title='bbox 334 3415 423 3460; x_wconf 90' lang='grc' dir='ltr'>νῦν</span> <span class='ocrx_word' id='word_1_448' title='bbox 463 3409 633 3481; x_wconf 75' lang='grc' dir='ltr'>ἡμέρα</span> <span class='ocrx_word' id='word_1_449' title='bbox 668 3412 951 3481; x_wconf 84' lang='grc' dir='ltr'>σωτηρίας.</span> <span class='ocrx_word' id='word_1_450' title='bbox 1005 3403 1379 3480; x_wconf 86' lang='grc' dir='ltr'>Ἐνδυσῶμεθα</span> <span class='ocrx_word' id='word_1_451' title='bbox 1431 3408 1564 3461; x_wconf 87' lang='grc' dir='ltr'>ὅπλα</span> <span class='ocrx_word' id='word_1_452' title='bbox 1604 3417 1695 3461; x_wconf 84' lang='grc' dir='ltr'>τοῦ</span> <span class='ocrx_word' id='word_1_453' title='bbox 1727 3413 1893 3475; x_wconf 86' lang='grc' dir='ltr'>φωτός</span> <span class='ocrx_word' id='word_1_454' title='bbox 1926 3431 1938 3442; x_wconf 89' lang='grc'>·</span> 
     </span>
    </p>
   </div>
   <div class='ocr_carea' id='block_1_61' title="bbox 334 3494 1945 3572">
    <p class='ocr_par' dir='ltr' id='par_1_61' title="bbox 334 3494 1945 3572">
     <span class='ocr_line' id='line_1_61' title="bbox 334 3494 1945 3572; baseline 0 -22"><span class='ocrx_word' id='word_1_455' title='bbox 334 3499 473 3550; x_wconf 80' lang='grc' dir='ltr'>κατὰ</span> <span class='ocrx_word' id='word_1_456' title='bbox 521 3504 622 3549; x_wconf 86' lang='grc' dir='ltr'>τῶν</span> <span class='ocrx_word' id='word_1_457' title='bbox 649 3496 855 3571; x_wconf 83' lang='grc' dir='ltr'>ἐχθρῶν</span> <span class='ocrx_word' id='word_1_458' title='bbox 886 3505 976 3557; x_wconf 81' lang='grc' dir='ltr'>τῆς</span> <span class='ocrx_word' id='word_1_459' title='bbox 1020 3494 1259 3558; x_wconf 77' lang='grc' dir='ltr'>ἀληθείας</span> <span class='ocrx_word' id='word_1_460' title='bbox 1310 3503 1661 3572; x_wconf 71' lang='grc' dir='ltr'>χωρήσωμεν.</span> <span class='ocrx_word' id='word_1_461' title='bbox 1709 3500 1945 3559; x_wconf 88' lang='grc' dir='ltr'>Θάνατος</span> 
     </span>
    </p>
   </div>
   <div class='ocr_carea' id='block_1_62' title="bbox 335 3585 1944 3663">
    <p class='ocr_par' dir='ltr' id='par_1_62' title="bbox 335 3585 1944 3663">
     <span class='ocr_line' id='line_1_62' title="bbox 335 3585 1944 3663; baseline 0.002 -25"><span class='ocrx_word' id='word_1_462' title='bbox 335 3589 463 3660; x_wconf 84' lang='grc' dir='ltr'>ἡμῖν</span> <span class='ocrx_word' id='word_1_463' title='bbox 524 3591 791 3660; x_wconf 82' lang='grc' dir='ltr'>πρόκειται</span> <span class='ocrx_word' id='word_1_464' title='bbox 839 3607 851 3619; x_wconf 90' lang='grc'><strong>·</strong></span> <span class='ocrx_word' id='word_1_465' title='bbox 902 3590 973 3658; x_wconf 79' lang='grc' dir='ltr'>μὴ</span> <span class='ocrx_word' id='word_1_466' title='bbox 1030 3585 1497 3661; x_wconf 73' lang='grc' dir='ltr'>φιλοψυχήσωμεν.</span> <span class='ocrx_word' id='word_1_467' title='bbox 1573 3590 1798 3641; x_wconf 89' lang='grc' dir='ltr'>Βάσανοι</span> <span class='ocrx_word' id='word_1_468' title='bbox 1844 3592 1944 3663; x_wconf 88' lang='grc' dir='ltr'>πρὸ</span> 
     </span>
    </p>
   </div>
   <div class='ocr_carea' id='block_1_63' title="bbox 339 3674 1945 3751">
    <p class='ocr_par' dir='ltr' id='par_1_63' title="bbox 339 3674 1945 3751">
     <span class='ocr_line' id='line_1_63' title="bbox 339 3674 1945 3751; baseline 0.001 -22"><span class='ocrx_word' id='word_1_469' title='bbox 339 3678 563 3729; x_wconf 84' lang='grc' dir='ltr'>θανάτου</span> <span class='ocrx_word' id='word_1_470' title='bbox 598 3680 686 3728; x_wconf 89' lang='grc' dir='ltr'>καί</span> <span class='ocrx_word' id='word_1_471' title='bbox 721 3674 1051 3748; x_wconf 73' lang='grc' dir='ltr'>κολαστήρια</span> <span class='ocrx_word' id='word_1_472' title='bbox 1078 3697 1091 3709; x_wconf 91' lang='grc'>·</span> <span class='ocrx_word' id='word_1_473' title='bbox 1120 3680 1191 3748; x_wconf 83' lang='grc' dir='ltr'>μὴ</span> <span class='ocrx_word' id='word_1_474' title='bbox 1254 3674 1598 3750; x_wconf 81' lang='grc' dir='ltr'>δειλιάσωμεν</span> <span class='ocrx_word' id='word_1_475' title='bbox 1644 3674 1783 3751; x_wconf 67' lang='grc' dir='ltr'>μηδὲ</span> <span class='ocrx_word' id='word_1_476' title='bbox 1850 3698 1945 3750; x_wconf 80' lang='grc' dir='ltr'>φο-</span> 
     </span>
    </p>
   </div>
   <div class='ocr_carea' id='block_1_64' title="bbox 338 3764 1949 3839">
    <p class='ocr_par' dir='ltr' id='par_1_64' title="bbox 338 3764 1949 3839">
     <span class='ocr_line' id='line_1_64' title="bbox 338 3764 1949 3839; baseline 0.001 -20"><span class='ocrx_word' id='word_1_477' title='bbox 338 3765 577 3839; x_wconf 76' lang='grc' dir='ltr'>ϐηθῶμεν</span> <span class='ocrx_word' id='word_1_478' title='bbox 621 3768 742 3827; x_wconf 81' lang='grc' dir='ltr'>τοὺς</span> <span class='ocrx_word' id='word_1_479' title='bbox 782 3768 841 3817; x_wconf 91' lang='grc' dir='ltr'>τὸ</span> <span class='ocrx_word' id='word_1_480' title='bbox 892 3773 1045 3838; x_wconf 86' lang='grc' dir='ltr'>σῶμα</span> <span class='ocrx_word' id='word_1_481' title='bbox 1090 3769 1180 3839; x_wconf 74' lang='grc' dir='ltr'>μεν</span> <span class='ocrx_word' id='word_1_482' title='bbox 1223 3766 1546 3838; x_wconf 76' lang='grc' dir='ltr'>ἀποκτεῖναι,</span> <span class='ocrx_word' id='word_1_483' title='bbox 1599 3772 1691 3826; x_wconf 77' lang='grc' dir='ltr'>τὴν</span> <span class='ocrx_word' id='word_1_484' title='bbox 1745 3764 1805 3820; x_wconf 74' lang='grc' dir='ltr'>δε</span> <span class='ocrx_word' id='word_1_485' title='bbox 1848 3767 1949 3838; x_wconf 74' lang='grc' dir='ltr'>ψυ-</span> 
     </span>
    </p>
   </div>
   <div class='ocr_carea' id='block_1_65' title="bbox 338 3851 1949 3931">
    <p class='ocr_par' dir='ltr' id='par_1_65' title="bbox 338 3851 1949 3931">
     <span class='ocr_line' id='line_1_65' title="bbox 338 3851 1949 3931; baseline 0.002 -24"><span class='ocrx_word' id='word_1_486' title='bbox 338 3860 447 3929; x_wconf 71' lang='grc' dir='ltr'>χὴν</span> <span class='ocrx_word' id='word_1_487' title='bbox 496 3860 569 3928; x_wconf 79' lang='grc' dir='ltr'>μή</span> <span class='ocrx_word' id='word_1_488' title='bbox 652 3853 997 3929; x_wconf 65' lang='grc' dir='ltr'>παραϐλάψαι</span> <span class='ocrx_word' id='word_1_489' title='bbox 1055 3851 1387 3928; x_wconf 83' lang='grc' dir='ltr'>δυναμένους,</span> <span class='ocrx_word' id='word_1_490' title='bbox 1458 3858 1523 3918; x_wconf 83' lang='grc' dir='ltr'>ὡς</span> <span class='ocrx_word' id='word_1_491' title='bbox 1572 3859 1949 3931; x_wconf 88' lang='grc' dir='ltr'>προσετάχθη-</span> 
     </span>
    </p>
   </div>
   <div class='ocr_carea' id='block_1_66' title="bbox 340 3943 1950 4019">
    <p class='ocr_par' dir='ltr' id='par_1_66' title="bbox 340 3943 1950 4019">
     <span class='ocr_line' id='line_1_66' title="bbox 340 3943 1950 4019; baseline 0 -21"><span class='ocrx_word' id='word_1_492' title='bbox 340 3964 451 4019; x_wconf 88' lang='grc' dir='ltr'>μεν.</span> <span class='ocrx_word' id='word_1_493' title='bbox 478 3943 547 3998; x_wconf 76' lang='grc' dir='ltr'><strong><em>Ἠ</em></strong></span> <span class='ocrx_word' id='word_1_494' title='bbox 576 3947 677 4019; x_wconf 83' lang='grc' dir='ltr'>γὰρ</span> <span class='ocrx_word' id='word_1_495' title='bbox 705 3943 764 3997; x_wconf 82' lang='grc' dir='ltr'>οῦ</span> <span class='ocrx_word' id='word_1_496' title='bbox 790 3951 881 4005; x_wconf 80' lang='grc' dir='ltr'>τῆς</span> <span class='ocrx_word' id='word_1_497' title='bbox 897 3946 1149 4018; x_wconf 80' lang='grc' dir='ltr'>ἡμετέρας</span> <span class='ocrx_word' id='word_1_498' title='bbox 1180 3949 1377 4017; x_wconf 85' lang='grc' dir='ltr'>φύσεως</span> <span class='ocrx_word' id='word_1_499' title='bbox 1409 3946 1631 4007; x_wconf 74' lang='grc' dir='ltr'>ἐτύσεως</span> <span class='ocrx_word' id='word_1_500' title='bbox 1660 3946 1950 4019; x_wconf 73' lang='grc' dir='ltr'>ἐτύγχανον</span> 
     </span>
    </p>
   </div>
   <div class='ocr_carea' id='block_1_67' title="bbox 342 4030 1952 4111">
    <p class='ocr_par' dir='ltr' id='par_1_67' title="bbox 342 4030 1952 4111">
     <span class='ocr_line' id='line_1_67' title="bbox 342 4030 1952 4111; baseline 0.001 -23"><span class='ocrx_word' id='word_1_501' title='bbox 342 4030 500 4089; x_wconf 78' lang='grc' dir='ltr'>οὖσαι</span> <span class='ocrx_word' id='word_1_502' title='bbox 524 4036 579 4087; x_wconf 88' lang='grc' dir='ltr'>αἱ</span> <span class='ocrx_word' id='word_1_503' title='bbox 608 4036 799 4087; x_wconf 84' lang='grc' dir='ltr'>ἄνωθεν</span> <span class='ocrx_word' id='word_1_504' title='bbox 830 4038 920 4086; x_wconf 87' lang='grc' dir='ltr'>καί</span> <span class='ocrx_word' id='word_1_505' title='bbox 977 4032 1065 4086; x_wconf 76' lang='grc' dir='ltr'>ἀπ’</span> <span class='ocrx_word' id='word_1_506' title='bbox 1119 4034 1284 4096; x_wconf 74' lang='grc' dir='ltr'>αὐτῆς</span> <span class='ocrx_word' id='word_1_507' title='bbox 1331 4043 1422 4097; x_wconf 82' lang='grc' dir='ltr'>τῆς</span> <span class='ocrx_word' id='word_1_508' title='bbox 1468 4040 1593 4111; x_wconf 85' lang='grc' dir='ltr'>πρός</span> <span class='ocrx_word' id='word_1_509' title='bbox 1651 4035 1952 4109; x_wconf 82' lang='grc' dir='ltr'>ἀνθρώπους</span> 
     </span>
    </p>
   </div>
   <div class='ocr_carea' id='block_1_68' title="bbox 342 4121 1950 4199">
    <p class='ocr_par' dir='ltr' id='par_1_68' title="bbox 342 4121 1950 4199">
     <span class='ocr_line' id='line_1_68' title="bbox 342 4121 1950 4199; baseline 0.001 -22"><span class='ocrx_word' id='word_1_510' title='bbox 342 4121 627 4197; x_wconf 75' lang='grc' dir='ltr'>ἐπιδημίας</span> <span class='ocrx_word' id='word_1_511' title='bbox 680 4131 814 4178; x_wconf 92' lang='grc' dir='ltr'>Θεοῦ</span> <span class='ocrx_word' id='word_1_512' title='bbox 863 4126 988 4199; x_wconf 63' lang='grc' dir='ltr'>ὑπὲρ</span> <span class='ocrx_word' id='word_1_513' title='bbox 1046 4132 1179 4178; x_wconf 84' lang='grc' dir='ltr'>Θεοῦ</span> <span class='ocrx_word' id='word_1_514' title='bbox 1251 4129 1341 4177; x_wconf 89' lang='grc' dir='ltr'>καί</span> <span class='ocrx_word' id='word_1_515' title='bbox 1394 4134 1495 4178; x_wconf 85' lang='grc' dir='ltr'>τῶν</span> <span class='ocrx_word' id='word_1_516' title='bbox 1542 4128 1689 4180; x_wconf 84' lang='grc' dir='ltr'>θείων</span> <span class='ocrx_word' id='word_1_517' title='bbox 1749 4128 1950 4199; x_wconf 82' lang='grc' dir='ltr'>θεσμῶν</span> 
     </span>
    </p>
   </div>
   <div class='ocr_carea' id='block_1_69' title="bbox 344 4210 1953 4290">
    <p class='ocr_par' dir='ltr' id='par_1_69' title="bbox 344 4210 1953 4290">
     <span class='ocr_line' id='line_1_69' title="bbox 344 4210 1953 4290; baseline 0.002 -24"><span class='ocrx_word' id='word_1_518' title='bbox 344 4210 707 4272; x_wconf 76' lang='grc' dir='ltr'>διαθλήσασαε</span> <span class='ocrx_word' id='word_1_519' title='bbox 759 4230 773 4282; x_wconf 86' lang='grc'><strong>;</strong></span> <span class='ocrx_word' id='word_1_520' title='bbox 821 4211 998 4287; x_wconf 84' lang='grc' dir='ltr'>Ἰσμεν</span> <span class='ocrx_word' id='word_1_521' title='bbox 1061 4217 1180 4275; x_wconf 83' lang='grc' dir='ltr'>τοὺς</span> <span class='ocrx_word' id='word_1_522' title='bbox 1236 4222 1329 4276; x_wconf 84' lang='grc' dir='ltr'>τῆς</span> <span class='ocrx_word' id='word_1_523' title='bbox 1377 4218 1819 4290; x_wconf 87' lang='grc' dir='ltr'>πρωτομάρτυρος</span> <span class='ocrx_word' id='word_1_524' title='bbox 1860 4220 1953 4269; x_wconf 83' lang='grc' dir='ltr'>Θί-</span> 
     </span>
    </p>
   </div>
   <div class='ocr_carea' id='block_1_70' title="bbox 342 4301 1952 4377">
    <p class='ocr_par' dir='ltr' id='par_1_70' title="bbox 342 4301 1952 4377">
     <span class='ocr_line' id='line_1_70' title="bbox 342 4301 1952 4377; baseline 0.001 -22"><span class='ocrx_word' id='word_1_525' title='bbox 342 4302 469 4365; x_wconf 84' lang='grc' dir='ltr'>κλης</span> <span class='ocrx_word' id='word_1_526' title='bbox 518 4301 720 4375; x_wconf 81' lang='grc' dir='ltr'>ἀγῶνας</span> <span class='ocrx_word' id='word_1_527' title='bbox 772 4307 862 4355; x_wconf 84' lang='grc' dir='ltr'>καί</span> <span class='ocrx_word' id='word_1_528' title='bbox 919 4304 984 4354; x_wconf 80' lang='grc' dir='ltr'>τὰ</span> <span class='ocrx_word' id='word_1_529' title='bbox 1052 4302 1401 4375; x_wconf 86' lang='grc' dir='ltr'>παλαίσματα</span> <span class='ocrx_word' id='word_1_530' title='bbox 1479 4323 1490 4335; x_wconf 87' lang='grc'>·</span> <span class='ocrx_word' id='word_1_531' title='bbox 1526 4305 1621 4357; x_wconf 75' lang='grc' dir='ltr'>οὐκ</span> <span class='ocrx_word' id='word_1_532' title='bbox 1672 4303 1952 4377; x_wconf 76' lang='grc' dir='ltr'>ἀγνοοῦμεν</span> 
     </span>
    </p>
   </div>
   <div class='ocr_carea' id='block_1_71' title="bbox 344 4392 1954 4469">
    <p class='ocr_par' dir='ltr' id='par_1_71' title="bbox 344 4392 1954 4469">
     <span class='ocr_line' id='line_1_71' title="bbox 344 4392 1954 4469; baseline 0 -24"><span class='ocrx_word' id='word_1_533' title='bbox 344 4396 467 4456; x_wconf 80' lang='grc' dir='ltr'>τοὺς</span> <span class='ocrx_word' id='word_1_534' title='bbox 524 4401 621 4455; x_wconf 81' lang='grc' dir='ltr'>τῆς</span> <span class='ocrx_word' id='word_1_535' title='bbox 667 4396 931 4469; x_wconf 88' lang='grc' dir='ltr'>μακαρίας</span> <span class='ocrx_word' id='word_1_536' title='bbox 983 4392 1172 4454; x_wconf 80' lang='grc' dir='ltr'>ἄθλους</span> <span class='ocrx_word' id='word_1_537' title='bbox 1227 4392 1518 4468; x_wconf 83' lang='grc' dir='ltr'>Βαρϐάρας,</span> <span class='ocrx_word' id='word_1_538' title='bbox 1565 4399 1687 4456; x_wconf 77' lang='grc' dir='ltr'>τοὺς</span> <span class='ocrx_word' id='word_1_539' title='bbox 1724 4403 1815 4455; x_wconf 83' lang='grc' dir='ltr'>τῆς</span> <span class='ocrx_word' id='word_1_540' title='bbox 1843 4414 1954 4466; x_wconf 82' lang='grc' dir='ltr'>γεν-</span> 
     </span>
    </p>
   </div>
   <div class='ocr_carea' id='block_1_72' title="bbox 344 4484 1953 4559">
    <p class='ocr_par' dir='ltr' id='par_1_72' title="bbox 344 4484 1953 4559">
     <span class='ocr_line' id='line_1_72' title="bbox 344 4484 1953 4559; baseline 0.001 -23"><span class='ocrx_word' id='word_1_541' title='bbox 344 4490 495 4546; x_wconf 92' lang='grc' dir='ltr'>ναίας</span> <span class='ocrx_word' id='word_1_542' title='bbox 552 4484 792 4559; x_wconf 81' lang='grc' dir='ltr'>Εἰρήνης,</span> <span class='ocrx_word' id='word_1_543' title='bbox 845 4488 966 4545; x_wconf 84' lang='grc' dir='ltr'>τοὺς</span> <span class='ocrx_word' id='word_1_544' title='bbox 1014 4489 1105 4545; x_wconf 84' lang='grc' dir='ltr'>τὴς</span> <span class='ocrx_word' id='word_1_545' title='bbox 1161 4484 1541 4558; x_wconf 71' lang='grc' dir='ltr'>μεγαλόφρονος</span> <span class='ocrx_word' id='word_1_546' title='bbox 1592 4485 1785 4549; x_wconf 81' lang='grc' dir='ltr'>ἐκείνης</span> <span class='ocrx_word' id='word_1_547' title='bbox 1839 4493 1953 4538; x_wconf 87' lang='grc' dir='ltr'>Μα-</span> 
     </span>
    </p>
   </div>
   <div class='ocr_carea' id='block_1_73' title="bbox 2123 3218 3706 3293">
    <p class='ocr_par' dir='ltr' id='par_1_73' title="bbox 2123 3218 3706 3293">
     <span class='ocr_line' id='line_1_73' title="bbox 2123 3218 3706 3293; baseline 0.003 -19"><span class='ocrx_word' id='word_1_548' title='bbox 2123 3221 2206 3275; x_wconf 77' lang='lat' dir='ltr'>l6.</span> <span class='ocrx_word' id='word_1_549' title='bbox 2234 3218 2454 3274; x_wconf 83' lang='lat' dir='ltr'>Exinde</span> <span class='ocrx_word' id='word_1_550' title='bbox 2485 3218 2565 3275; x_wconf 90' lang='lat' dir='ltr'>ad</span> <span class='ocrx_word' id='word_1_551' title='bbox 2595 3218 2853 3275; x_wconf 88' lang='lat' dir='ltr'>soldales</span> <span class='ocrx_word' id='word_1_552' title='bbox 2895 3236 3036 3277; x_wconf 88' lang='lat' dir='ltr'>suas</span> <span class='ocrx_word' id='word_1_553' title='bbox 3062 3236 3375 3293; x_wconf 88' lang='lat' dir='ltr'>conversa,</span> <span class='ocrx_word' id='word_1_554' title='bbox 3409 3222 3572 3280; x_wconf 91' lang='lat' dir='ltr'>hisce</span> <span class='ocrx_word' id='word_1_555' title='bbox 3602 3239 3706 3282; x_wconf 91' lang='lat' dir='ltr'>eas</span> 
     </span>
    </p>
   </div>
   <div class='ocr_carea' id='block_1_74' title="bbox 2048 3310 3709 3384">
    <p class='ocr_par' dir='ltr' id='par_1_74' title="bbox 2048 3310 3709 3384">
     <span class='ocr_line' id='line_1_74' title="bbox 2048 3310 3709 3384; baseline 0.003 -17"><span class='ocrx_word' id='word_1_556' title='bbox 2048 3311 2301 3367; x_wconf 89' lang='lat' dir='ltr'>vocibus</span> <span class='ocrx_word' id='word_1_557' title='bbox 2325 3315 2412 3366; x_wconf 92' lang='lat' dir='ltr'>est</span> <span class='ocrx_word' id='word_1_558' title='bbox 2434 3310 2731 3366; x_wconf 89' lang='lat' dir='ltr'>allocuta:</span> <span class='ocrx_word' id='word_1_559' title='bbox 2769 3313 2935 3366; x_wconf 86' lang='lat' dir='ltr'>Nunc</span> <span class='ocrx_word' id='word_1_560' title='bbox 2969 3315 3227 3384; x_wconf 91' lang='lat' dir='ltr'>tempus,</span> <span class='ocrx_word' id='word_1_561' title='bbox 3262 3329 3709 3382; x_wconf 90' lang='lat' dir='ltr'>sorores,acce-</span> 
     </span>
    </p>
   </div>
   <div class='ocr_carea' id='block_1_75' title="bbox 2049 3398 3711 3473">
    <p class='ocr_par' dir='ltr' id='par_1_75' title="bbox 2049 3398 3711 3473">
     <span class='ocr_line' id='line_1_75' title="bbox 2049 3398 3711 3473; baseline 0.004 -17"><span class='ocrx_word' id='word_1_562' title='bbox 2049 3400 2298 3473; x_wconf 76' lang='lat' dir='ltr'>piabile,</span> <span class='ocrx_word' id='word_1_563' title='bbox 2335 3415 2496 3455; x_wconf 93' lang='lat' dir='ltr'>nunc</span> <span class='ocrx_word' id='word_1_564' title='bbox 2550 3415 2687 3455; x_wconf 89' lang='lat' dir='ltr'>vere</span> <span class='ocrx_word' id='word_1_565' title='bbox 2726 3398 2853 3455; x_wconf 92' lang='lat' dir='ltr'>dies</span> <span class='ocrx_word' id='word_1_566' title='bbox 2900 3405 3040 3456; x_wconf 92' lang='lat' dir='ltr'>sunt</span> <span class='ocrx_word' id='word_1_567' title='bbox 3095 3400 3323 3457; x_wconf 89' lang='lat' dir='ltr'>salutis.</span> <span class='ocrx_word' id='word_1_568' title='bbox 3378 3404 3711 3462; x_wconf 86' lang='lat' dir='ltr'>Induamur</span> 
     </span>
    </p>
   </div>
   <div class='ocr_carea' id='block_1_76' title="bbox 2055 3488 3710 3566">
    <p class='ocr_par' dir='ltr' id='par_1_76' title="bbox 2055 3488 3710 3566">
     <span class='ocr_line' id='line_1_76' title="bbox 2055 3488 3710 3566; baseline 0.004 -20"><span class='ocrx_word' id='word_1_569' title='bbox 2055 3506 2226 3547; x_wconf 91' lang='lat' dir='ltr'>arma</span> <span class='ocrx_word' id='word_1_570' title='bbox 2250 3489 2419 3555; x_wconf 91' lang='lat' dir='ltr'>lucis,</span> <span class='ocrx_word' id='word_1_571' title='bbox 2451 3493 2507 3545; x_wconf 91' lang='lat' dir='ltr'>et</span> <span class='ocrx_word' id='word_1_572' title='bbox 2528 3488 2819 3545; x_wconf 86' lang='lat' dir='ltr'>adversus</span> <span class='ocrx_word' id='word_1_573' title='bbox 2846 3490 3049 3547; x_wconf 88' lang='lat' dir='ltr'>hostes</span> <span class='ocrx_word' id='word_1_574' title='bbox 3072 3491 3340 3549; x_wconf 88' lang='lat' dir='ltr'>veritatis</span> <span class='ocrx_word' id='word_1_575' title='bbox 3363 3494 3710 3566; x_wconf 91' lang='lat' dir='ltr'>progredia-</span> 
     </span>
    </p>
   </div>
   <div class='ocr_carea' id='block_1_77' title="bbox 2052 3578 3711 3653">
    <p class='ocr_par' dir='ltr' id='par_1_77' title="bbox 2052 3578 3711 3653">
     <span class='ocr_line' id='line_1_77' title="bbox 2052 3578 3711 3653; baseline 0.004 -18"><span class='ocrx_word' id='word_1_576' title='bbox 2052 3596 2211 3637; x_wconf 91' lang='lat' dir='ltr'>mur.</span> <span class='ocrx_word' id='word_1_577' title='bbox 2250 3582 2399 3636; x_wconf 83' lang='lat' dir='ltr'>Mors</span> <span class='ocrx_word' id='word_1_578' title='bbox 2437 3578 2613 3635; x_wconf 90' lang='lat' dir='ltr'>nobis</span> <span class='ocrx_word' id='word_1_579' title='bbox 2630 3584 2716 3635; x_wconf 90' lang='lat' dir='ltr'>est</span> <span class='ocrx_word' id='word_1_580' title='bbox 2736 3582 3049 3653; x_wconf 88' lang='lat' dir='ltr'>proposita</span> <span class='ocrx_word' id='word_1_581' title='bbox 3072 3582 3229 3637; x_wconf 68' lang='lat' dir='ltr'>:vitaz</span> <span class='ocrx_word' id='word_1_582' title='bbox 3249 3583 3711 3653; x_wconf 85' lang='lat' dir='ltr'>igituramorem</span> 
     </span>
    </p>
   </div>
   <div class='ocr_carea' id='block_1_78' title="bbox 2052 3668 3714 3746">
    <p class='ocr_par' dir='ltr' id='par_1_78' title="bbox 2052 3668 3714 3746">
     <span class='ocr_line' id='line_1_78' title="bbox 2052 3668 3714 3746; baseline 0.004 -21"><span class='ocrx_word' id='word_1_583' title='bbox 2052 3669 2287 3725; x_wconf 91' lang='lat' dir='ltr'>nullum</span> <span class='ocrx_word' id='word_1_584' title='bbox 2320 3668 2733 3740; x_wconf 67' lang='lat' dir='ltr'>prmferamus.</span> <span class='ocrx_word' id='word_1_585' title='bbox 2760 3670 3067 3727; x_wconf 88' lang='lat' dir='ltr'>Cruciatus</span> <span class='ocrx_word' id='word_1_586' title='bbox 3086 3676 3343 3728; x_wconf 89' lang='lat' dir='ltr'>mortem</span> <span class='ocrx_word' id='word_1_587' title='bbox 3370 3673 3714 3746; x_wconf 63' lang='lat' dir='ltr'>precedent</span> 
     </span>
    </p>
   </div>
   <div class='ocr_carea' id='block_1_79' title="bbox 2055 3758 3713 3834">
    <p class='ocr_par' dir='ltr' id='par_1_79' title="bbox 2055 3758 3713 3834">
     <span class='ocr_line' id='line_1_79' title="bbox 2055 3758 3713 3834; baseline 0.004 -19"><span class='ocrx_word' id='word_1_588' title='bbox 2055 3775 2125 3815; x_wconf 90' lang='lat' dir='ltr'>ac</span> <span class='ocrx_word' id='word_1_589' title='bbox 2139 3758 2452 3831; x_wconf 90' lang='lat' dir='ltr'>supplicia,</span> <span class='ocrx_word' id='word_1_590' title='bbox 2470 3758 2575 3813; x_wconf 88' lang='lat' dir='ltr'>sed</span> <span class='ocrx_word' id='word_1_591' title='bbox 2592 3774 2713 3814; x_wconf 92' lang='lat' dir='ltr'>non</span> <span class='ocrx_word' id='word_1_592' title='bbox 2730 3763 2979 3816; x_wconf 89' lang='lat' dir='ltr'>terream</span> <span class='ocrx_word' id='word_1_593' title='bbox 2990 3777 3074 3831; x_wconf 92' lang='lat' dir='ltr'>ur,</span> <span class='ocrx_word' id='word_1_594' title='bbox 3098 3777 3295 3834; x_wconf 89' lang='lat' dir='ltr'>neque</span> <span class='ocrx_word' id='word_1_595' title='bbox 3316 3761 3713 3821; x_wconf 79' lang='lat' dir='ltr'>formidemus</span> 
     </span>
    </p>
   </div>
   <div class='ocr_carea' id='block_1_80' title="bbox 2056 3848 3713 3920">
    <p class='ocr_par' dir='ltr' id='par_1_80' title="bbox 2056 3848 3713 3920">
     <span class='ocr_line' id='line_1_80' title="bbox 2056 3848 3713 3920; baseline 0.004 -15"><span class='ocrx_word' id='word_1_596' title='bbox 2056 3864 2160 3905; x_wconf 90' lang='lat' dir='ltr'>eos</span> <span class='ocrx_word' id='word_1_597' title='bbox 2184 3849 2289 3920; x_wconf 91' lang='lat' dir='ltr'>qui</span> <span class='ocrx_word' id='word_1_598' title='bbox 2321 3848 2554 3920; x_wconf 89' lang='lat' dir='ltr'>corpori</span> <span class='ocrx_word' id='word_1_599' title='bbox 2584 3848 2833 3920; x_wconf 89' lang='lat' dir='ltr'>quidem</span> <span class='ocrx_word' id='word_1_600' title='bbox 2874 3856 3125 3905; x_wconf 89' lang='lat' dir='ltr'>mortem</span> <span class='ocrx_word' id='word_1_601' title='bbox 3147 3849 3377 3919; x_wconf 74' lang='lat' dir='ltr'>aﬂ‘erre,</span> <span class='ocrx_word' id='word_1_602' title='bbox 3411 3852 3517 3909; x_wconf 92' lang='lat' dir='ltr'>sed</span> <span class='ocrx_word' id='word_1_603' title='bbox 3585 3854 3713 3911; x_wconf 88' lang='lat' dir='ltr'>ani-</span> 
     </span>
    </p>
   </div>
   <div class='ocr_carea' id='block_1_81' title="bbox 2058 3936 3715 4015">
    <p class='ocr_par' dir='ltr' id='par_1_81' title="bbox 2058 3936 3715 4015">
     <span class='ocr_line' id='line_1_81' title="bbox 2058 3936 3715 4015; baseline 0.004 -22"><span class='ocrx_word' id='word_1_604' title='bbox 2058 3954 2222 3993; x_wconf 93' lang='lat' dir='ltr'>mam</span> <span class='ocrx_word' id='word_1_605' title='bbox 2252 3942 2525 3993; x_wconf 90' lang='lat' dir='ltr'>nostram</span> <span class='ocrx_word' id='word_1_606' title='bbox 2547 3936 2764 3993; x_wconf 66' lang='lat' dir='ltr'>lmdere</span> <span class='ocrx_word' id='word_1_607' title='bbox 2778 3937 2943 3995; x_wconf 91' lang='lat' dir='ltr'>nulla</span> <span class='ocrx_word' id='word_1_608' title='bbox 2956 3938 3183 3996; x_wconf 90' lang='lat' dir='ltr'>ratione</span> <span class='ocrx_word' id='word_1_609' title='bbox 3208 3946 3715 4015; x_wconf 88' lang='lat' dir='ltr'>possunt;quem-</span> 
     </span>
    </p>
   </div>
   <div class='ocr_carea' id='block_1_82' title="bbox 2059 4026 3712 4102">
    <p class='ocr_par' dir='ltr' id='par_1_82' title="bbox 2059 4026 3712 4102">
     <span class='ocr_line' id='line_1_82' title="bbox 2059 4026 3712 4102; baseline 0.005 -21"><span class='ocrx_word' id='word_1_610' title='bbox 2059 4026 2393 4082; x_wconf 86' lang='lat' dir='ltr'>admodum</span> <span class='ocrx_word' id='word_1_611' title='bbox 2419 4026 2764 4099; x_wconf 69' lang='lat' dir='ltr'>praecipitur</span> <span class='ocrx_word' id='word_1_612' title='bbox 2810 4027 3007 4083; x_wconf 91' lang='lat' dir='ltr'>nobis.</span> <span class='ocrx_word' id='word_1_613' title='bbox 3071 4029 3354 4102; x_wconf 84' lang='lat' dir='ltr'>Nunquid</span> <span class='ocrx_word' id='word_1_614' title='bbox 3399 4032 3561 4087; x_wconf 92' lang='lat' dir='ltr'>enim</span> <span class='ocrx_word' id='word_1_615' title='bbox 3603 4049 3712 4091; x_wconf 91' lang='lat' dir='ltr'>na-</span> 
     </span>
    </p>
   </div>
   <div class='ocr_carea' id='block_1_83' title="bbox 2060 4120 3714 4180">
    <p class='ocr_par' dir='ltr' id='par_1_83' title="bbox 2060 4120 3714 4180">
     <span class='ocr_line' id='line_1_83' title="bbox 2060 4120 3714 4180; baseline 0.005 -8"><span class='ocrx_word' id='word_1_616' title='bbox 2060 4120 2207 4172; x_wconf 67' lang='lat' dir='ltr'>tura:</span> <span class='ocrx_word' id='word_1_617' title='bbox 2240 4120 2460 4172; x_wconf 70' lang='lat' dir='ltr'>nostra:</span> <span class='ocrx_word' id='word_1_618' title='bbox 2476 4122 2783 4173; x_wconf 88' lang='lat' dir='ltr'>consortes</span> <span class='ocrx_word' id='word_1_619' title='bbox 2811 4134 2931 4173; x_wconf 93' lang='lat' dir='ltr'>non</span> <span class='ocrx_word' id='word_1_620' title='bbox 2972 4121 3213 4175; x_wconf 85' lang='lat' dir='ltr'>fuerunt</span> <span class='ocrx_word' id='word_1_621' title='bbox 3257 4120 3545 4179; x_wconf 91' lang='lat' dir='ltr'>sublimes</span> <span class='ocrx_word' id='word_1_622' title='bbox 3584 4123 3714 4180; x_wconf 75' lang='lat' dir='ltr'>istae</span> 
     </span>
    </p>
   </div>
   <div class='ocr_carea' id='block_1_84' title="bbox 2062 4206 3719 4286">
    <p class='ocr_par' dir='ltr' id='par_1_84' title="bbox 2062 4206 3719 4286">
     <span class='ocr_line' id='line_1_84' title="bbox 2062 4206 3719 4286; baseline 0.004 -24"><span class='ocrx_word' id='word_1_623' title='bbox 2062 4206 2302 4274; x_wconf 63' lang='lat' dir='ltr'>animae,</span> <span class='ocrx_word' id='word_1_624' title='bbox 2318 4222 2453 4278; x_wconf 64' lang='lat' dir='ltr'>quae</span> <span class='ocrx_word' id='word_1_625' title='bbox 2470 4207 2633 4278; x_wconf 92' lang='lat' dir='ltr'>apud</span> <span class='ocrx_word' id='word_1_626' title='bbox 2647 4223 2896 4279; x_wconf 89' lang='lat' dir='ltr'>superos</span> <span class='ocrx_word' id='word_1_627' title='bbox 2912 4208 3093 4264; x_wconf 92' lang='lat' dir='ltr'>modo</span> <span class='ocrx_word' id='word_1_628' title='bbox 3105 4215 3439 4281; x_wconf 88' lang='lat' dir='ltr'>versantur,</span> <span class='ocrx_word' id='word_1_629' title='bbox 3457 4228 3719 4286; x_wconf 71' lang='lat' dir='ltr'>quinque</span> 
     </span>
    </p>
   </div>
   <div class='ocr_carea' id='block_1_85' title="bbox 2064 4296 3721 4375">
    <p class='ocr_par' dir='ltr' id='par_1_85' title="bbox 2064 4296 3721 4375">
     <span class='ocr_line' id='line_1_85' title="bbox 2064 4296 3721 4375; baseline 0.004 -23"><span class='ocrx_word' id='word_1_630' title='bbox 2064 4296 2141 4352; x_wconf 91' lang='lat' dir='ltr'>ab</span> <span class='ocrx_word' id='word_1_631' title='bbox 2174 4296 2305 4367; x_wconf 91' lang='lat' dir='ltr'>ipso</span> <span class='ocrx_word' id='word_1_632' title='bbox 2334 4296 2432 4351; x_wconf 91' lang='lat' dir='ltr'>Dei</span> <span class='ocrx_word' id='word_1_633' title='bbox 2455 4296 2514 4351; x_wconf 91' lang='lat' dir='ltr'>in</span> <span class='ocrx_word' id='word_1_634' title='bbox 2546 4300 2734 4353; x_wconf 90' lang='lat' dir='ltr'>terras</span> <span class='ocrx_word' id='word_1_635' title='bbox 2767 4296 3032 4354; x_wconf 88' lang='lat' dir='ltr'>adventu</span> <span class='ocrx_word' id='word_1_636' title='bbox 3054 4314 3163 4371; x_wconf 88' lang='lat' dir='ltr'>pro</span> <span class='ocrx_word' id='word_1_637' title='bbox 3208 4301 3327 4356; x_wconf 91' lang='lat' dir='ltr'>Deo</span> <span class='ocrx_word' id='word_1_638' title='bbox 3380 4301 3721 4375; x_wconf 86' lang='lat' dir='ltr'>divinisque</span> 
     </span>
    </p>
   </div>
   <div class='ocr_carea' id='block_1_86' title="bbox 2064 4384 3723 4464">
    <p class='ocr_par' dir='ltr' id='par_1_86' title="bbox 2064 4384 3723 4464">
     <span class='ocr_line' id='line_1_86' title="bbox 2064 4384 3723 4464; baseline 0.006 -25"><span class='ocrx_word' id='word_1_639' title='bbox 2064 4384 2301 4454; x_wconf 84' lang='lat' dir='ltr'>legibus</span> <span class='ocrx_word' id='word_1_640' title='bbox 2332 4384 3011 4453; x_wconf 71' lang='lat' dir='ltr'>decertarunt?1‘heclze,</span> <span class='ocrx_word' id='word_1_641' title='bbox 3032 4388 3184 4444; x_wconf 89' lang='lat' dir='ltr'>inter</span> <span class='ocrx_word' id='word_1_642' title='bbox 3197 4394 3493 4463; x_wconf 79' lang='lat' dir='ltr'>martyres</span> <span class='ocrx_word' id='word_1_643' title='bbox 3512 4392 3723 4464; x_wconf 77' lang='lat' dir='ltr'>primae</span> 
     </span>
    </p>
   </div>
   <div class='ocr_carea' id='block_1_87' title="bbox 2068 4476 3722 4544">
    <p class='ocr_par' dir='ltr' id='par_1_87' title="bbox 2068 4476 3722 4544">
     <span class='ocr_line' id='line_1_87' title="bbox 2068 4476 3722 4544; baseline 0.005 -13"><span class='ocrx_word' id='word_1_644' title='bbox 2068 4490 2293 4544; x_wconf 86' lang='lat' dir='ltr'>agones</span> <span class='ocrx_word' id='word_1_645' title='bbox 2315 4480 2371 4531; x_wconf 86' lang='lat' dir='ltr'>et</span> <span class='ocrx_word' id='word_1_646' title='bbox 2424 4476 2754 4532; x_wconf 86' lang='lat' dir='ltr'>certamina</span> <span class='ocrx_word' id='word_1_647' title='bbox 2780 4476 3113 4533; x_wconf 90' lang='lat' dir='ltr'>novimus:</span> <span class='ocrx_word' id='word_1_648' title='bbox 3174 4494 3297 4535; x_wconf 93' lang='lat' dir='ltr'>non</span> <span class='ocrx_word' id='word_1_649' title='bbox 3356 4481 3722 4539; x_wconf 72' lang='lat' dir='ltr'>beatissimaa</span> 
     </span>
    </p>
   </div>
   <div class='ocr_carea' id='block_1_88' title="bbox 344 4565 2115 4650">
    <p class='ocr_par' dir='ltr' id='par_1_88' title="bbox 344 4567 2115 4650">
     <span class='ocr_line' id='line_1_88' title="bbox 344 4567 2115 4650; baseline 0.001 -24"><span class='ocrx_word' id='word_1_650' title='bbox 344 4579 513 4649; x_wconf 78' lang='grc' dir='ltr'>ρίνης,</span> <span class='ocrx_word' id='word_1_651' title='bbox 551 4574 581 4633; x_wconf 82' lang='grc' dir='ltr'><strong>ἣ</strong></span> <span class='ocrx_word' id='word_1_652' title='bbox 632 4578 721 4626; x_wconf 88' lang='grc' dir='ltr'>καί</span> <span class='ocrx_word' id='word_1_653' title='bbox 772 4576 1042 4649; x_wconf 88' lang='grc' dir='ltr'>τυράννοις</span> <span class='ocrx_word' id='word_1_654' title='bbox 1090 4572 1331 4646; x_wconf 77' lang='grc' dir='ltr'>ἀντέστη,</span> <span class='ocrx_word' id='word_1_655' title='bbox 1390 4579 1479 4627; x_wconf 83' lang='grc' dir='ltr'>καί</span> <span class='ocrx_word' id='word_1_656' title='bbox 1518 4572 1741 4649; x_wconf 79' lang='grc' dir='ltr'>δαίμοσι</span> <span class='ocrx_word' id='word_1_657' title='bbox 1788 4594 1954 4650; x_wconf 80' lang='grc' dir='ltr'>προσ·</span> <span class='ocrx_word' id='word_1_658' title='bbox 1993 4592 2036 4646; x_wconf 79' lang='grc' dir='ltr'>ι)</span> <span class='ocrx_word' id='word_1_659' title='bbox 2069 4567 2115 4620; x_wconf 81' lang='grc' dir='ltr'>Βι</span> 
     </span>
    </p>
   </div>
   <div class='ocr_carea' id='block_1_89' title="bbox 1956 4565 3727 4650">
    <p class='ocr_par' dir='ltr' id='par_1_89' title="bbox 1993 4565 3727 4646">
     <span class='ocr_line' id='line_1_89' title="bbox 1993 4565 3727 4646; baseline 0.006 -26"><span class='ocrx_word' id='word_1_660' title='bbox 1993 4592 2036 4646; x_wconf 79' lang='lat' dir='ltr'><strong>D</strong></span> <span class='ocrx_word' id='word_1_661' title='bbox 2069 4565 2367 4635; x_wconf 62' lang='lat' dir='ltr'>Barbarie,</span> <span class='ocrx_word' id='word_1_662' title='bbox 2396 4581 2519 4620; x_wconf 92' lang='lat' dir='ltr'>non</span> <span class='ocrx_word' id='word_1_663' title='bbox 2549 4581 2855 4635; x_wconf 74' lang='lat' dir='ltr'>generosae</span> <span class='ocrx_word' id='word_1_664' title='bbox 2884 4568 3102 4635; x_wconf 88' lang='lat' dir='ltr'>Irenes,</span> <span class='ocrx_word' id='word_1_665' title='bbox 3162 4584 3285 4625; x_wconf 93' lang='lat' dir='ltr'>non</span> <span class='ocrx_word' id='word_1_666' title='bbox 3317 4573 3727 4642; x_wconf 72' lang='lat' dir='ltr'>magnanimae</span> 
     </span>
    </p>
   </div>
   <div class='ocr_carea' id='block_1_90' title="bbox 348 4663 1956 4739">
    <p class='ocr_par' dir='ltr' id='par_1_90' title="bbox 348 4663 1956 4739">
     <span class='ocr_line' id='line_1_90' title="bbox 348 4663 1956 4739; baseline 0 -22"><span class='ocrx_word' id='word_1_667' title='bbox 348 4664 616 4734; x_wconf 77' lang='grc' dir='ltr'>επάλαισε,</span> <span class='ocrx_word' id='word_1_668' title='bbox 670 4669 758 4717; x_wconf 88' lang='grc' dir='ltr'>καί</span> <span class='ocrx_word' id='word_1_669' title='bbox 793 4663 1009 4739; x_wconf 88' lang='grc' dir='ltr'>λαμπρὰ</span> <span class='ocrx_word' id='word_1_670' title='bbox 1063 4664 1181 4717; x_wconf 84' lang='grc' dir='ltr'>καθ’</span> <span class='ocrx_word' id='word_1_671' title='bbox 1242 4664 1492 4739; x_wconf 76' lang='grc' dir='ltr'>ἑκατέρων</span> <span class='ocrx_word' id='word_1_672' title='bbox 1576 4668 1767 4724; x_wconf 84' lang='grc' dir='ltr'>ἔστησε</span> <span class='ocrx_word' id='word_1_673' title='bbox 1839 4669 1956 4739; x_wconf 88' lang='grc' dir='ltr'>τρό-</span> 
     </span>
    </p>
   </div>
   <div class='ocr_carea' id='block_1_91' title="bbox 353 4774 503 4812">
    <p class='ocr_par' dir='ltr' id='par_1_91' title="bbox 353 4774 503 4812">
     <span class='ocr_line' id='line_1_91' title="bbox 353 4774 503 4812; baseline 0.027 -4"><span class='ocrx_word' id='word_1_674' title='bbox 353 4774 503 4812; x_wconf 87' lang='grc' dir='ltr'>παια.</span> 
     </span>
    </p>
   </div>
   <div class='ocr_carea' id='block_1_92' title="bbox 424 4930 1956 5009">
    <p class='ocr_par' dir='ltr' id='par_1_92' title="bbox 424 4930 1956 5009">
     <span class='ocr_line' id='line_1_92' title="bbox 424 4930 1956 5009; baseline 0 -22"><span class='ocrx_word' id='word_1_675' title='bbox 424 4933 509 4996; x_wconf 70' lang='grc' dir='ltr'>ιζ.</span> <span class='ocrx_word' id='word_1_676' title='bbox 564 4936 763 5009; x_wconf 77' lang='grc' dir='ltr'>Μικρὸν</span> <span class='ocrx_word' id='word_1_677' title='bbox 810 4937 900 5002; x_wconf 71' lang='grc' dir='ltr'>μεν</span> <span class='ocrx_word' id='word_1_678' title='bbox 929 4937 1060 4996; x_wconf 82' lang='grc' dir='ltr'>ἴσως</span> <span class='ocrx_word' id='word_1_679' title='bbox 1087 4930 1233 4987; x_wconf 77' lang='grc' dir='ltr'>δοκεῖ</span> <span class='ocrx_word' id='word_1_680' title='bbox 1287 4954 1401 4989; x_wconf 90' lang='grc' dir='ltr'>τισι</span> <span class='ocrx_word' id='word_1_681' title='bbox 1449 4938 1509 4987; x_wconf 90' lang='grc' dir='ltr'>τὸ</span> <span class='ocrx_word' id='word_1_682' title='bbox 1564 4936 1887 5009; x_wconf 83' lang='grc' dir='ltr'>τολμώμενον</span> <span class='ocrx_word' id='word_1_683' title='bbox 1942 4957 1956 4969; x_wconf 89' lang='grc'><strong>·</strong></span> 
     </span>
    </p>
   </div>
   <div class='ocr_carea' id='block_1_93' title="bbox 352 5023 1963 5099">
    <p class='ocr_par' dir='ltr' id='par_1_93' title="bbox 352 5023 1963 5099">
     <span class='ocr_line' id='line_1_93' title="bbox 352 5023 1963 5099; baseline 0 -20"><span class='ocrx_word' id='word_1_684' title='bbox 352 5023 601 5079; x_wconf 72' lang='grc' dir='ltr'>ἁλλ’ῖστε</span> <span class='ocrx_word' id='word_1_685' title='bbox 629 5028 767 5098; x_wconf 88' lang='grc' dir='ltr'>μέγα</span> <span class='ocrx_word' id='word_1_686' title='bbox 789 5027 949 5077; x_wconf 86' lang='grc' dir='ltr'>κακὸν</span> <span class='ocrx_word' id='word_1_687' title='bbox 1001 5028 1060 5078; x_wconf 86' lang='grc' dir='ltr'>τὸ</span> <span class='ocrx_word' id='word_1_688' title='bbox 1114 5027 1258 5099; x_wconf 87' lang='grc' dir='ltr'>παρὰ</span> <span class='ocrx_word' id='word_1_689' title='bbox 1309 5028 1429 5087; x_wconf 78' lang='grc' dir='ltr'>τοῦς</span> <span class='ocrx_word' id='word_1_690' title='bbox 1491 5034 1589 5089; x_wconf 78' lang='grc' dir='ltr'>τῆς</span> <span class='ocrx_word' id='word_1_691' title='bbox 1647 5026 1963 5089; x_wconf 85' lang='grc' dir='ltr'>Ἐκκλησίας</span> 
     </span>
    </p>
   </div>
   <div class='ocr_carea' id='block_1_94' title="bbox 353 5113 1963 5192">
    <p class='ocr_par' dir='ltr' id='par_1_94' title="bbox 353 5113 1963 5192">
     <span class='ocr_line' id='line_1_94' title="bbox 353 5113 1963 5192; baseline -0.001 -22"><span class='ocrx_word' id='word_1_692' title='bbox 353 5117 575 5188; x_wconf 82' lang='grc' dir='ltr'>θεσμοὺς</span> <span class='ocrx_word' id='word_1_693' title='bbox 632 5114 914 5187; x_wconf 78' lang='grc' dir='ltr'>ἁπαν-αχῆ</span> <span class='ocrx_word' id='word_1_694' title='bbox 983 5122 1072 5167; x_wconf 90' lang='grc' dir='ltr'>νῦν</span> <span class='ocrx_word' id='word_1_695' title='bbox 1126 5113 1509 5191; x_wconf 84' lang='grc' dir='ltr'>ἐνεργούμενον.</span> <span class='ocrx_word' id='word_1_696' title='bbox 1564 5119 1633 5169; x_wconf 88' lang='grc' dir='ltr'><strong>Τό</strong></span> <span class='ocrx_word' id='word_1_697' title='bbox 1702 5119 1803 5192; x_wconf 90' lang='grc' dir='ltr'>γάρ</span> <span class='ocrx_word' id='word_1_698' title='bbox 1883 5135 1963 5169; x_wconf 84' lang='grc' dir='ltr'>τοι</span> 
     </span>
    </p>
   </div>
   <div class='ocr_carea' id='block_1_95' title="bbox 350 5202 1965 5279">
    <p class='ocr_par' dir='ltr' id='par_1_95' title="bbox 350 5202 1965 5279">
     <span class='ocr_line' id='line_1_95' title="bbox 350 5202 1965 5279; baseline -0.001 -20"><span class='ocrx_word' id='word_1_699' title='bbox 350 5207 447 5268; x_wconf 82' lang='grc' dir='ltr'>τὰς</span> <span class='ocrx_word' id='word_1_700' title='bbox 502 5206 642 5266; x_wconf 87' lang='grc' dir='ltr'>θείας</span> <span class='ocrx_word' id='word_1_701' title='bbox 681 5202 976 5277; x_wconf 75' lang='grc' dir='ltr'>ἀπαλείφειν</span> <span class='ocrx_word' id='word_1_702' title='bbox 1022 5204 1244 5270; x_wconf 84' lang='grc' dir='ltr'>εἰκόνας,</span> <span class='ocrx_word' id='word_1_703' title='bbox 1288 5210 1379 5257; x_wconf 91' lang='grc' dir='ltr'>καί</span> <span class='ocrx_word' id='word_1_704' title='bbox 1442 5208 1563 5267; x_wconf 82' lang='grc' dir='ltr'>τούς</span> <span class='ocrx_word' id='word_1_705' title='bbox 1630 5208 1795 5279; x_wconf 84' lang='grc' dir='ltr'>ἱεροὺς</span> <span class='ocrx_word' id='word_1_706' title='bbox 1841 5211 1965 5269; x_wconf 85' lang='grc' dir='ltr'>νεὼς</span> 
     </span>
    </p>
   </div>
   <div class='ocr_carea' id='block_1_96' title="bbox 354 5293 1964 5369">
    <p class='ocr_par' dir='ltr' id='par_1_96' title="bbox 354 5293 1964 5369">
     <span class='ocr_line' id='line_1_96' title="bbox 354 5293 1964 5369; baseline 0.001 -21"><span class='ocrx_word' id='word_1_707' title='bbox 354 5293 769 5369; x_wconf 78' lang='grc' dir='ltr'>ἀχρειοῦν,ὅλην</span> <span class='ocrx_word' id='word_1_708' title='bbox 818 5293 992 5357; x_wconf 86' lang='grc' dir='ltr'>ἁπλῶς</span> <span class='ocrx_word' id='word_1_709' title='bbox 1041 5301 1325 5369; x_wconf 85' lang='grc' dir='ltr'>παραποιεῖ</span> <span class='ocrx_word' id='word_1_710' title='bbox 1372 5300 1466 5355; x_wconf 85' lang='grc' dir='ltr'>τήν</span> <span class='ocrx_word' id='word_1_711' title='bbox 1514 5294 1798 5363; x_wconf 73' lang='grc' dir='ltr'>εὐσέϐειαν,</span> <span class='ocrx_word' id='word_1_712' title='bbox 1850 5296 1964 5349; x_wconf 85' lang='grc' dir='ltr'>ὅλον</span> 
     </span>
    </p>
   </div>
   <div class='ocr_carea' id='block_1_97' title="bbox 355 5382 1967 5461">
    <p class='ocr_par' dir='ltr' id='par_1_97' title="bbox 355 5382 1967 5461">
     <span class='ocr_line' id='line_1_97' title="bbox 355 5382 1967 5461; baseline 0.001 -24"><span class='ocrx_word' id='word_1_713' title='bbox 355 5382 526 5438; x_wconf 76' lang='grc' dir='ltr'>ἀθετεῖ</span> <span class='ocrx_word' id='word_1_714' title='bbox 579 5387 638 5437; x_wconf 89' lang='grc' dir='ltr'>τὸ</span> <span class='ocrx_word' id='word_1_715' title='bbox 690 5391 781 5445; x_wconf 77' lang='grc' dir='ltr'>τῆς</span> <span class='ocrx_word' id='word_1_716' title='bbox 820 5382 1257 5461; x_wconf 81' lang='grc' dir='ltr'>ἐνανθρωπὴσεως</span> <span class='ocrx_word' id='word_1_717' title='bbox 1300 5392 1390 5438; x_wconf 89' lang='grc' dir='ltr'>τοῦ</span> <span class='ocrx_word' id='word_1_718' title='bbox 1433 5392 1567 5439; x_wconf 85' lang='grc' dir='ltr'>Θεοῦ</span> <span class='ocrx_word' id='word_1_719' title='bbox 1588 5390 1679 5438; x_wconf 89' lang='grc' dir='ltr'>καί</span> <span class='ocrx_word' id='word_1_720' title='bbox 1734 5393 1967 5460; x_wconf 83' lang='grc' dir='ltr'>Σωτῆρος</span> 
     </span>
    </p>
   </div>
   <div class='ocr_carea' id='block_1_98' title="bbox 357 5472 1967 5551">
    <p class='ocr_par' dir='ltr' id='par_1_98' title="bbox 357 5472 1967 5551">
     <span class='ocr_line' id='line_1_98' title="bbox 357 5472 1967 5551; baseline 0.001 -24"><span class='ocrx_word' id='word_1_721' title='bbox 357 5479 670 5550; x_wconf 81' lang='grc' dir='ltr'>μυστήριον.</span> <span class='ocrx_word' id='word_1_722' title='bbox 720 5473 860 5529; x_wconf 82' lang='grc' dir='ltr'>Ἀλλ’</span> <span class='ocrx_word' id='word_1_723' title='bbox 900 5474 944 5528; x_wconf 85' lang='grc' dir='ltr'>εἰ</span> <span class='ocrx_word' id='word_1_724' title='bbox 994 5478 1083 5528; x_wconf 88' lang='grc' dir='ltr'>καί</span> <span class='ocrx_word' id='word_1_725' title='bbox 1117 5478 1304 5551; x_wconf 84' lang='grc' dir='ltr'>μικρὸν</span> <span class='ocrx_word' id='word_1_726' title='bbox 1358 5472 1438 5541; x_wconf 75' lang='grc' dir='ltr'>ἦν,</span> <span class='ocrx_word' id='word_1_727' title='bbox 1486 5476 1678 5529; x_wconf 84' lang='grc' dir='ltr'>ὁπόσον</span> <span class='ocrx_word' id='word_1_728' title='bbox 1732 5478 1862 5545; x_wconf 85' lang='grc' dir='ltr'>ἐστί,</span> <span class='ocrx_word' id='word_1_729' title='bbox 1910 5479 1967 5529; x_wconf 89' lang='grc' dir='ltr'>τὸ</span> 
     </span>
    </p>
   </div>
   <div class='ocr_carea' id='block_1_99' title="bbox 433 5671 1971 5745">
    <p class='ocr_par' dir='ltr' id='par_1_99' title="bbox 433 5671 1971 5745">
     <span class='ocr_line' id='line_1_99' title="bbox 433 5671 1971 5745; baseline 0 -14"><span class='ocrx_word' id='word_1_730' title='bbox 433 5675 509 5745; x_wconf 82' lang='grc'>(5)</span> <span class='ocrx_word' id='word_1_731' title='bbox 539 5672 845 5745; x_wconf 89' lang='lat' dir='ltr'>Coluntur,</span> <span class='ocrx_word' id='word_1_732' title='bbox 874 5673 939 5745; x_wconf 15' lang='lat' dir='ltr'>,S.</span> <span class='ocrx_word' id='word_1_733' title='bbox 961 5671 1229 5731; x_wconf 89' lang='lat' dir='ltr'>Barbara</span> <span class='ocrx_word' id='word_1_734' title='bbox 1252 5676 1285 5729; x_wconf 83' lang='grc'>4</span> <span class='ocrx_word' id='word_1_735' title='bbox 1312 5673 1675 5745; x_wconf 91' lang='lat' dir='ltr'>Decembris,</span> <span class='ocrx_word' id='word_1_736' title='bbox 1720 5676 1774 5732; x_wconf 90' lang='lat' dir='ltr'>S.</span> <span class='ocrx_word' id='word_1_737' title='bbox 1806 5676 1971 5732; x_wconf 90' lang='lat' dir='ltr'>Irene</span> 
     </span>
    </p>
   </div>
   <div class='ocr_carea' id='block_1_100' title="bbox 367 5744 1968 5820">
    <p class='ocr_par' dir='ltr' id='par_1_100' title="bbox 367 5744 1968 5820">
     <span class='ocr_line' id='line_1_100' title="bbox 367 5744 1968 5820; baseline -0.001 -15"><span class='ocrx_word' id='word_1_738' title='bbox 367 5754 398 5805; x_wconf 79' lang='lat'><strong>5</strong></span> <span class='ocrx_word' id='word_1_739' title='bbox 436 5744 589 5818; x_wconf 77' lang='lat' dir='ltr'>Maii,</span> <span class='ocrx_word' id='word_1_740' title='bbox 628 5746 683 5803; x_wconf 93' lang='lat' dir='ltr'>S.</span> <span class='ocrx_word' id='word_1_741' title='bbox 748 5744 989 5815; x_wconf 76' lang='lat' dir='ltr'>Marina,</span> <span class='ocrx_word' id='word_1_742' title='bbox 1036 5745 1257 5804; x_wconf 90' lang='lat' dir='ltr'>Latinis</span> <span class='ocrx_word' id='word_1_743' title='bbox 1304 5744 1757 5820; x_wconf 31' lang='lat' dir='ltr'>Margarita,’20</span> <span class='ocrx_word' id='word_1_744' title='bbox 1786 5746 1922 5804; x_wconf 83' lang='lat' dir='ltr'>Julii</span> <span class='ocrx_word' id='word_1_745' title='bbox 1955 5766 1968 5804; x_wconf 94' lang='lat'>:</span> 
     </span>
    </p>
   </div>
   <div class='ocr_carea' id='block_1_101' title="bbox 2068 4654 3731 4735">
    <p class='ocr_par' dir='ltr' id='par_1_101' title="bbox 2068 4654 3731 4735">
     <span class='ocr_line' id='line_1_101' title="bbox 2068 4654 3731 4735; baseline 0.007 -26"><span class='ocrx_word' id='word_1_746' title='bbox 2068 4654 2226 4710; x_wconf 91' lang='lat' dir='ltr'>illius</span> <span class='ocrx_word' id='word_1_747' title='bbox 2251 4655 2485 4711; x_wconf 83' lang='lat' dir='ltr'>Marime</span> <span class='ocrx_word' id='word_1_748' title='bbox 2512 4656 2587 4726; x_wconf 80' lang='lat'>(5)</span> <span class='ocrx_word' id='word_1_749' title='bbox 2616 4656 2969 4724; x_wconf 91' lang='lat' dir='ltr'>ignoramus</span> <span class='ocrx_word' id='word_1_750' title='bbox 3008 4658 3235 4728; x_wconf 72' lang='lat' dir='ltr'>praelia,</span> <span class='ocrx_word' id='word_1_751' title='bbox 3267 4677 3405 4733; x_wconf 70' lang='lat' dir='ltr'>quae</span> <span class='ocrx_word' id='word_1_752' title='bbox 3455 4663 3731 4735; x_wconf 87' lang='lat' dir='ltr'>tyrannis</span> 
     </span>
    </p>
   </div>
   <div class='ocr_carea' id='block_1_102' title="bbox 2067 4744 3729 4819">
    <p class='ocr_par' dir='ltr' id='par_1_102' title="bbox 2067 4744 3729 4819">
     <span class='ocr_line' id='line_1_102' title="bbox 2067 4744 3729 4819; baseline 0.006 -19"><span class='ocrx_word' id='word_1_753' title='bbox 2067 4744 2291 4818; x_wconf 90' lang='lat' dir='ltr'>pariter</span> <span class='ocrx_word' id='word_1_754' title='bbox 2320 4748 2377 4800; x_wconf 92' lang='lat' dir='ltr'>et</span> <span class='ocrx_word' id='word_1_755' title='bbox 2396 4744 2777 4801; x_wconf 59' lang='lat' dir='ltr'>daemonibus</span> <span class='ocrx_word' id='word_1_756' title='bbox 2794 4747 3095 4819; x_wconf 86' lang='lat' dir='ltr'>opposita,</span> <span class='ocrx_word' id='word_1_757' title='bbox 3129 4748 3461 4819; x_wconf 91' lang='lat' dir='ltr'>gloriosum</span> <span class='ocrx_word' id='word_1_758' title='bbox 3473 4751 3548 4809; x_wconf 92' lang='lat' dir='ltr'>de</span> <span class='ocrx_word' id='word_1_759' title='bbox 3562 4752 3729 4809; x_wconf 80' lang='lat' dir='ltr'>utris-</span> 
     </span>
    </p>
   </div>
   <div class='ocr_carea' id='block_1_103' title="bbox 2068 4835 2775 4908">
    <p class='ocr_par' dir='ltr' id='par_1_103' title="bbox 2068 4835 2775 4908">
     <span class='ocr_line' id='line_1_103' title="bbox 2068 4835 2775 4908; baseline 0.007 -19"><span class='ocrx_word' id='word_1_760' title='bbox 2068 4850 2187 4907; x_wconf 91' lang='lat' dir='ltr'>que</span> <span class='ocrx_word' id='word_1_761' title='bbox 2219 4838 2511 4906; x_wconf 69' lang='lat' dir='ltr'>tropaeum</span> <span class='ocrx_word' id='word_1_762' title='bbox 2549 4835 2775 4908; x_wconf 86' lang='lat' dir='ltr'>posuit.</span> 
     </span>
    </p>
   </div>
   <div class='ocr_carea' id='block_1_104' title="bbox 2144 4923 3731 5001">
    <p class='ocr_par' dir='ltr' id='par_1_104' title="bbox 2144 4923 3731 5001">
     <span class='ocr_line' id='line_1_104' title="bbox 2144 4923 3731 5001; baseline 0.007 -23"><span class='ocrx_word' id='word_1_763' title='bbox 2144 4929 2227 4978; x_wconf 84' lang='grc'>17.</span> <span class='ocrx_word' id='word_1_764' title='bbox 2260 4924 2468 4994; x_wconf 82' lang='lat' dir='ltr'>Exigui</span> <span class='ocrx_word' id='word_1_765' title='bbox 2494 4923 2763 4981; x_wconf 86' lang='lat' dir='ltr'>fortassis</span> <span class='ocrx_word' id='word_1_766' title='bbox 2791 4927 3081 4983; x_wconf 88' lang='lat' dir='ltr'>momenti</span> <span class='ocrx_word' id='word_1_767' title='bbox 3114 4928 3486 5001; x_wconf 91' lang='lat' dir='ltr'>quibusdam</span> <span class='ocrx_word' id='word_1_768' title='bbox 3522 4930 3731 4989; x_wconf 87' lang='lat' dir='ltr'>videa-</span> 
     </span>
    </p>
   </div>
   <div class='ocr_carea' id='block_1_105' title="bbox 2070 5011 3732 5079">
    <p class='ocr_par' dir='ltr' id='par_1_105' title="bbox 2070 5011 3732 5079">
     <span class='ocr_line' id='line_1_105' title="bbox 2070 5011 3732 5079; baseline 0.007 -11"><span class='ocrx_word' id='word_1_769' title='bbox 2070 5017 2168 5069; x_wconf 91' lang='lat' dir='ltr'>tur</span> <span class='ocrx_word' id='word_1_770' title='bbox 2216 5011 2331 5068; x_wconf 91' lang='lat' dir='ltr'>ista</span> <span class='ocrx_word' id='word_1_771' title='bbox 2375 5011 2744 5069; x_wconf 86' lang='lat' dir='ltr'>nefariorum</span> <span class='ocrx_word' id='word_1_772' title='bbox 2802 5014 3121 5073; x_wconf 92' lang='lat' dir='ltr'>hominum</span> <span class='ocrx_word' id='word_1_773' title='bbox 3167 5018 3535 5077; x_wconf 91' lang='lat' dir='ltr'>machinatio</span> <span class='ocrx_word' id='word_1_774' title='bbox 3570 5038 3582 5076; x_wconf 93' lang='lat'>:</span> <span class='ocrx_word' id='word_1_775' title='bbox 3623 5021 3732 5079; x_wconf 91' lang='lat' dir='ltr'>sed</span> 
     </span>
    </p>
   </div>
   <div class='ocr_carea' id='block_1_106' title="bbox 2069 5101 3731 5181">
    <p class='ocr_par' dir='ltr' id='par_1_106' title="bbox 2069 5101 3731 5181">
     <span class='ocr_line' id='line_1_106' title="bbox 2069 5101 3731 5181; baseline 0.007 -23"><span class='ocrx_word' id='word_1_776' title='bbox 2069 5117 2178 5158; x_wconf 90' lang='lat' dir='ltr'>vos</span> <span class='ocrx_word' id='word_1_777' title='bbox 2224 5101 2403 5172; x_wconf 90' lang='lat' dir='ltr'>longe</span> <span class='ocrx_word' id='word_1_778' title='bbox 2453 5102 2669 5159; x_wconf 92' lang='lat' dir='ltr'>melius</span> <span class='ocrx_word' id='word_1_779' title='bbox 2711 5104 3015 5174; x_wconf 64' lang='lat' dir='ltr'>institutae,</span> <span class='ocrx_word' id='word_1_780' title='bbox 3076 5105 3224 5163; x_wconf 88' lang='lat' dir='ltr'>illud</span> <span class='ocrx_word' id='word_1_781' title='bbox 3262 5110 3491 5181; x_wconf 90' lang='lat' dir='ltr'>optime</span> <span class='ocrx_word' id='word_1_782' title='bbox 3545 5111 3731 5179; x_wconf 90' lang='lat' dir='ltr'>scitis,</span> 
     </span>
    </p>
   </div>
   <div class='ocr_carea' id='block_1_107' title="bbox 2070 5193 3735 5270">
    <p class='ocr_par' dir='ltr' id='par_1_107' title="bbox 2070 5193 3735 5270">
     <span class='ocr_line' id='line_1_107' title="bbox 2070 5193 3735 5270; baseline 0.006 -20"><span class='ocrx_word' id='word_1_783' title='bbox 2070 5208 2194 5250; x_wconf 94' lang='lat' dir='ltr'>non</span> <span class='ocrx_word' id='word_1_784' title='bbox 2228 5193 2527 5249; x_wconf 89' lang='lat' dir='ltr'>mediocre</span> <span class='ocrx_word' id='word_1_785' title='bbox 2557 5210 2687 5250; x_wconf 91' lang='lat' dir='ltr'>esse</span> <span class='ocrx_word' id='word_1_786' title='bbox 2736 5195 2990 5266; x_wconf 89' lang='lat' dir='ltr'>malum,</span> <span class='ocrx_word' id='word_1_787' title='bbox 3033 5198 3198 5270; x_wconf 94' lang='lat' dir='ltr'>quod</span> <span class='ocrx_word' id='word_1_788' title='bbox 3242 5204 3452 5258; x_wconf 88' lang='lat' dir='ltr'>contra</span> <span class='ocrx_word' id='word_1_789' title='bbox 3503 5206 3735 5260; x_wconf 85' lang='lat' dir='ltr'>veteres</span> 
     </span>
    </p>
   </div>
   <div class='ocr_carea' id='block_1_108' title="bbox 2072 5282 3733 5362">
    <p class='ocr_par' dir='ltr' id='par_1_108' title="bbox 2072 5282 3733 5362">
     <span class='ocr_line' id='line_1_108' title="bbox 2072 5282 3733 5362; baseline 0.007 -25"><span class='ocrx_word' id='word_1_790' title='bbox 2072 5282 2342 5339; x_wconf 64' lang='lat' dir='ltr'>Ecclesiae</span> <span class='ocrx_word' id='word_1_791' title='bbox 2356 5284 2694 5340; x_wconf 91' lang='lat' dir='ltr'>sanctiones</span> <span class='ocrx_word' id='word_1_792' title='bbox 2706 5284 2865 5359; x_wconf 84' lang='lat' dir='ltr'>impii</span> <span class='ocrx_word' id='word_1_793' title='bbox 2880 5287 3102 5360; x_wconf 90' lang='lat' dir='ltr'>ubique</span> <span class='ocrx_word' id='word_1_794' title='bbox 3117 5303 3277 5346; x_wconf 92' lang='lat' dir='ltr'>nunc</span> <span class='ocrx_word' id='word_1_795' title='bbox 3292 5293 3733 5362; x_wconf 90' lang='lat' dir='ltr'>suntaggressi.</span> 
     </span>
    </p>
   </div>
   <div class='ocr_carea' id='block_1_109' title="bbox 2076 5372 3737 5451">
    <p class='ocr_par' dir='ltr' id='par_1_109' title="bbox 2076 5372 3737 5451">
     <span class='ocr_line' id='line_1_109' title="bbox 2076 5372 3737 5451; baseline 0.007 -23"><span class='ocrx_word' id='word_1_796' title='bbox 2076 5372 2316 5429; x_wconf 85' lang='lat' dir='ltr'>Divinas</span> <span class='ocrx_word' id='word_1_797' title='bbox 2347 5374 2509 5431; x_wconf 92' lang='lat' dir='ltr'>enim</span> <span class='ocrx_word' id='word_1_798' title='bbox 2543 5374 2860 5445; x_wconf 83' lang='lat' dir='ltr'>imagines,</span> <span class='ocrx_word' id='word_1_799' title='bbox 2912 5377 3074 5433; x_wconf 92' lang='lat' dir='ltr'>calce</span> <span class='ocrx_word' id='word_1_800' title='bbox 3131 5377 3372 5451; x_wconf 91' lang='lat' dir='ltr'>oblitas,</span> <span class='ocrx_word' id='word_1_801' title='bbox 3430 5396 3505 5438; x_wconf 81' lang='lat' dir='ltr'>ex</span> <span class='ocrx_word' id='word_1_802' title='bbox 3545 5382 3737 5439; x_wconf 93' lang='lat' dir='ltr'>oculis</span> 
     </span>
    </p>
   </div>
   <div class='ocr_carea' id='block_1_110' title="bbox 2078 5462 3742 5538">
    <p class='ocr_par' dir='ltr' id='par_1_110' title="bbox 2078 5462 3742 5538">
     <span class='ocr_line' id='line_1_110' title="bbox 2078 5462 3742 5538; baseline 0.007 -19"><span class='ocrx_word' id='word_1_803' title='bbox 2078 5462 2301 5531; x_wconf 92' lang='lat' dir='ltr'>tollere,</span> <span class='ocrx_word' id='word_1_804' title='bbox 2325 5468 2381 5520; x_wconf 90' lang='lat' dir='ltr'>et</span> <span class='ocrx_word' id='word_1_805' title='bbox 2402 5480 2573 5521; x_wconf 90' lang='lat' dir='ltr'>sacra</span> <span class='ocrx_word' id='word_1_806' title='bbox 2602 5464 2824 5538; x_wconf 89' lang='lat' dir='ltr'>templa</span> <span class='ocrx_word' id='word_1_807' title='bbox 2837 5465 3119 5525; x_wconf 90' lang='lat' dir='ltr'>informia</span> <span class='ocrx_word' id='word_1_808' title='bbox 3143 5484 3214 5526; x_wconf 91' lang='lat' dir='ltr'>ac</span> <span class='ocrx_word' id='word_1_809' title='bbox 3235 5469 3470 5529; x_wconf 87' lang='lat' dir='ltr'>inutilia</span> <span class='ocrx_word' id='word_1_810' title='bbox 3489 5471 3742 5531; x_wconf 86' lang='lat' dir='ltr'>reddere</span> 
     </span>
    </p>
   </div>
   <div class='ocr_carea' id='block_1_111' title="bbox 2080 5662 3747 5806">
    <p class='ocr_par' dir='ltr' id='par_1_111' title="bbox 2080 5662 3747 5806">
     <span class='ocr_line' id='line_1_111' title="bbox 2080 5662 3747 5806; baseline 0.01 -92"><span class='ocrx_word' id='word_1_811' title='bbox 2080 5663 2368 5806; x_wconf 37' lang='grc' dir='ltr'>ἕαδε-(ΖΡ.</span> <span class='ocrx_word' id='word_1_812' title='bbox 2392 5662 2767 5737; x_wconf 79' lang='lat' dir='ltr'>praecipuam</span> <span class='ocrx_word' id='word_1_813' title='bbox 2790 5666 3239 5726; x_wconf 88' lang='lat' dir='ltr'>venerationem</span> <span class='ocrx_word' id='word_1_814' title='bbox 3251 5668 3560 5743; x_wconf 88' lang='lat' dir='ltr'>habuisse,</span> <span class='ocrx_word' id='word_1_815' title='bbox 3602 5670 3747 5730; x_wconf 86' lang='lat' dir='ltr'>alibi</span> 
     </span>
     <span class='ocr_line' id='line_1_112' title="bbox 2126 5766 2425 5806; baseline 0 0"><span class='ocrx_word' id='word_1_816' title='bbox 2126 5766 2425 5806; x_wconf 78' lang='lat' dir='ltr'>ocuimus.</span> 
     </span>
    </p>
   </div>
   <div class='ocr_carea' id='block_1_112' title="bbox 2126 5766 2425 5809">
    <p class='ocr_par' dir='ltr' id='par_1_112' title="bbox 2126 5766 2425 5809">
     <span class='ocr_line' id='line_1_113' title="bbox 2126 5766 2425 5809; baseline 0.003 -1"><span class='ocrx_word' id='word_1_817' title='bbox 2126 5766 2425 5809; x_wconf 79' lang='lat' dir='ltr'>ocuimus.</span> 
     </span>
    </p>
   </div>
  </div>
