4484 6446
825 393 925 446 9η
2012 390 2471 447 CONSTANTINI
2509 389 2994 448 ACROPOLITE.
4077 409 4174 458 91.3

823 513 971 586 quid
999 512 1164 568 aliud
1193 515 1285 568 est
1333 527 1520 585 quam
1547 513 1849 585 pietatem,
1899 531 2086 586 quam
2119 515 2467 584 religionem
2500 515 2546 566 A
2587 537 2594 566 :

2406 532 2467 571 m
2500 515 2546 566 A
2587 522 2674 567 καί
2713 522 2896 590 μικρόν
2927 537 2976 568 τι
3023 522 3181 589 νόμου
3236 521 3534 591 παραϐῆναι
3573 527 3661 574 καί
3710 523 3927 593 ἐντολῆς,
3991 528 4014 577 ό
4076 535 4170 579 Σω-

821 617 1067 657 omnem
1080 606 1338 657 evertere
1354 601 1641 667 funditus,
1663 608 1719 657 et
1745 604 2468 659 universumlncarnatio-
2584 626 2592 634 ·

2407 621 2468 659 ο-
2584 611 2678 680 τηρ
2741 609 2882 677 ἡμῶν
2932 612 3019 657 καί
3075 615 3338 670 Δεσπότης
3396 609 3442 661 ἐν
3484 619 3590 672 τοῖς
3635 613 3968 682 Εὐαγγελίοις
3999 612 4172 667 ἐδιδα-

819 690 914 745 nis
931 690 1149 746 divinae
1164 691 1517 763 mysterium
1533 691 1710 746 inane
1726 692 1973 747 reddere
1990 698 2168 764 atque
2190 693 2421 747 nullum
2442 694 2469 748 ‘?
2583 693 2590 743 ἓ

2399 694 2469 748 1?
2583 693 2678 759 ξεν,
2719 695 2785 754 εὶς
2829 694 2876 746 ἓν
2906 695 3031 746 ἰῶτα
3060 702 3148 748 καί
3207 702 3331 767 μίαν
3395 705 3605 772 κεραίαν
3639 705 3692 752 τὸ
3746 702 3929 754 τέλειον
3976 723 4170 775 περιγε-

815 783 888 835 At
912 779 1206 836 faciamus
1237 779 1408 852 parvi
1438 780 1605 852 quod
1663 785 1976 835 conantur.
2029 783 2244 846 Quanti
2269 788 2469 837 tamen
2577 803 2586 851 τ

2399 797 2469 837 en
2577 790 2783 854 γραφώς
2820 805 2830 816 ·
2893 783 3076 841 ἡλίκην
3125 805 3176 836 τε
3231 791 3365 860 φέρει
3413 793 3506 846 τὴν
3551 790 3777 841 εὔκλειαν
3838 796 3894 842 τό
3943 798 4014 863 μὴ
4063 791 4170 844 ἀθε-

815 868 963 924 illud
987 869 1330 925 faciendum
1357 869 1432 925 sit
1461 868 1628 941 quod
1650 869 2042 925 velmediocre
2068 871 2373 942 quidpiam
2394 871 2468 926 de
2576 890 2586 902 ·

2398 871 2468 926 de
2576 879 2739 928 τῆσαι
2777 880 2876 923 τῶν
2941 875 3353 946 τεθεσπισμένων
3417 875 3601 950 βραχὺ
3650 881 3698 929 οἱ
3741 887 3962 949 γενναῖοι
4015 881 4169 932 πάλαι

812 957 943 1028 lege
956 958 1163 1014 divina
1178 957 1941 1029 etmandatisinfringatur,
1969 960 2241 1015 Salvator
2265 965 2469 1015 noster
2576 967 2583 1012 1

2397 976 2469 1015 :er
2576 959 2929 1028 Μακκαϐαῖοι,
2979 967 3068 1013 καί
3111 968 3241 1035 πρός
3286 983 3345 1034 γε
3377 967 3402 1022 ἠ
3437 971 3674 1039 μακαρία
3728 971 3920 1019 τούτων
3972 975 4168 1040 μήτηρ,

813 1060 884 1102 ac
903 1047 1262 1103 Dominusin
1275 1048 1669 1102 sacrosanctis
1696 1047 2028 1117 Evangeliis
2049 1048 2272 1118 docuit,
2304 1049 2466 1104 viam
2573 1069 2584 1101 ς

2398 1065 2466 1104 ω
2573 1055 2934 1123 παρέστησαν,
2981 1055 3067 1102 καί
3087 1071 3198 1114 πως
3241 1050 3541 1126 ὑπόδειγμα
3592 1064 3700 1117 τοῖς
3759 1056 3972 1119 ἐσαῦθις
4026 1058 4169 1130 ἀκρι-

809 1136 1190 1209 prefectionis
1217 1137 1396 1192 unius
1419 1136 1540 1193 iota
1577 1137 1877 1208 uniusque
1908 1136 2096 1210 apicis
2127 1139 2320 1207 rigore
2354 1139 2464 1192 cir-
2574 1146 2580 1183 ι

2396 1139 2464 1192 ir-
2574 1136 2696 1200 ϐοῦς
2750 1139 2978 1210 φυλακῆς
3032 1149 3130 1190 τῶν
3204 1146 3433 1214 νομίμων
3480 1143 3914 1197 καταλελοίπεσαν
3967 1168 3978 1178 ·
4031 1149 4167 1198 ὑείόν

814 1225 1226 1282 cumscribens
1238 1267 1250 1280 .
1262 1227 1291 1279 J
1298 1241 1394 1282 am
1411 1241 1552 1282 vero
1564 1241 1749 1298 quam
1767 1225 2096 1295 gloriosum
2112 1227 2236 1291 erit,
2255 1227 2302 1280 si
2316 1227 2462 1282 divi-
2571 1248 2585 1279 ι

2397 1227 2462 1282 ri-
2571 1232 2727 1303 κρέως
2767 1227 3056 1299 απογεῦσαι
3105 1234 3256 1301 μόνον
3323 1229 3753 1304 ἀναγκαζόμενοι,
3811 1238 4055 1306 οὗμενουν
4114 1236 4168 1287 οὗ

807 1329 1016 1372 narum
1028 1314 1221 1386 legum
1235 1331 1310 1371 ne
1325 1315 1620 1372 minimam
1635 1315 1881 1388 quidem
1895 1321 2126 1386 partem
2139 1315 2461 1386 infringere
2571 1337 2578 1367 :

2398 1333 2461 1372 re
2571 1322 2900 1387 κατένευσαν,
2965 1316 3090 1369 ἀλλὰ
3146 1325 3236 1370 καί
3279 1325 3470 1393 μυρίας
3523 1323 3650 1392 ὑπὲρ
3704 1320 3860 1375 τοῦδε
3911 1323 4168 1395 βασάνους

808 1405 1230 1461 sustineamus.
1250 1404 1514 1459 Illustres
1528 1403 1837 1476 quondam
1853 1404 2194 1470 Machabaei,
2215 1420 2323 1460 nec
2338 1420 2460 1460 non
2570 1428 2579 1457 ι

2394 1420 2460 1460 )n
2570 1409 2872 1465 ὑπέστησαν
2908 1429 2919 1441 ο
2953 1413 3043 1460 καί
3081 1414 3209 1484 πυρί
3238 1413 3338 1482 γὰρ
3376 1415 3466 1462 καί
3505 1408 3711 1484 σιδήρῳ
3766 1409 4165 1486 παραδοθέντες,

804 1492 1159 1551 beatissima
1199 1493 1436 1549 illorum
1485 1498 1696 1560 mater,
1747 1498 2072 1564 praesentes
2130 1493 2456 1548 assistunt:
2568 1516 2575 1546 :

2396 1499 2456 1548 t:
2568 1501 2657 1548 καί
2719 1502 2818 1548 πᾶν
2892 1498 3254 1568 ὑπενεγκόντες
3346 1495 3535 1564 δεινόν,
3594 1496 3852 1571 διέμειναν
3907 1499 4167 1575 ἀπερίτρε-

801 1582 982 1656 quale
1010 1581 1091 1638 illi
1135 1582 1483 1654 exemplum
1534 1581 1925 1637 observandae
1983 1581 2130 1652 legis
2189 1582 2460 1638 similiter
2567 1607 2572 1636 τ

2397 1598 2460 1637 er
2567 1605 2705 1638 πτοι.
2761 1592 2924 1637 Τοῦτο
2984 1582 3050 1644 δὴ
3123 1585 3170 1637 ἐν
3213 1596 3282 1657 νῷ
3334 1585 3648 1659 βαλλόμεναι
3702 1595 3792 1641 καί
3841 1591 4006 1661 ἡμεῖς,
4075 1592 4167 1660 ἆγε

801 1673 1111 1728 certaturis
1133 1671 1502 1743 reliquerunt
1538 1670 1565 1724 ?
1590 1671 1869 1726 Porcinas
1900 1687 2109 1726 carnes
2160 1671 2359 1727 solum
2393 1677 2458 1728 ut
2566 1697 2572 1727 τ

2398 1677 2458 1728 ut
2566 1679 2692 1750 πρὸς
2751 1678 2833 1726 τὸν
2896 1675 3022 1748 ὑπὲρ
3081 1685 3177 1739 τῆς
3230 1676 3489 1739 εὐσεϐείας
3544 1673 3695 1730 ἆθλον
3757 1683 3888 1750 μετὰ
3945 1682 4169 1754 θάρσους

796 1764 1130 1833 gustarent,
1163 1777 1200 1818 a
1231 1765 1490 1833 tyranno
1531 1759 1853 1832 compulsi,
1879 1775 2001 1815 non
2034 1760 2218 1816 modo
2251 1762 2302 1816 ei
2333 1777 2454 1818 non

2398 1779 2454 1817 )n
2568 1760 2979 1836 ἀποδυσώμεθα,
3043 1768 3347 1837 σπεύσωμεν
3403 1768 3603 1837 φθάσαι
3658 1771 3745 1820 τόν
3800 1778 4169 1842 κατεπιχειρῆ-

797 1850 1211 1918 obediverunt,
1269 1850 1375 1906 sed
1429 1851 1782 1905 innumeros
1849 1865 2094 1922 quoque
2136 1857 2455 1922 propterea
2497 1866 2537 1920 Β

2397 1869 2455 1908 3a
2497 1866 2537 1920 Β
2569 1873 2659 1906 σαι
2700 1851 3010 1925 βουλόμενον
3069 1862 3159 1915 τῆς
3215 1857 3355 1915 θείας
3397 1863 3489 1908 τοῦ
3532 1863 3766 1932 Σωτῆρος
3789 1857 3980 1920 εἰκόνος
4040 1877 4168 1911 σπα-

794 1941 1095 1998 cruciatus
1123 1941 1578 1999 sustinuerunt:
1621 1941 1866 2012 ignique
1925 1955 1994 1995 ac
2048 1939 2203 1996 ferro
2258 1941 2453 1998 traditi
2568 1945 2774 2016 θάριον.

793 2034 850 2088 et
876 2035 1417 2104 quantumcunque
1449 2029 1659 2099 gravia
1685 2029 2006 2085 tolerantes
2047 2034 2361 2102 tormenta,
2397 2032 3234 2104 inconcussiperseverarunt.
3262 2036 3428 2090 Nunc
3449 2034 3631 2106 igitur
3660 2041 3714 2092 et
3760 2052 3895 2105 nos,
3946 2037 4172 2094 illustre

791 2119 946 2177 adeo
966 2118 1310 2191 exemplum
1329 2122 1527 2175 mente
1555 2119 1880 2190 animoque
1907 2123 2236 2186 versantes,
2272 2119 2352 2175 ad
2384 2122 2701 2192 pulchrum
2733 2138 2841 2193 pro
2871 2121 3153 2193 religione
3175 2128 3478 2179 certamen
3506 2124 3894 2182 subeundum
3917 2113 4172 2184 fidenter

791 2209 1071 2266 accincta
1101 2224 1215 2265 nos
1244 2207 1649 2278 conferamus,
1683 2212 1739 2263 et
1782 2206 2131 2262 festinemus
2179 2208 2559 2278 spatharium
2607 2211 2810 2278 istum,
2860 2212 2965 2283 qui
3012 2210 3284 2284 impuras
3335 2227 3555 2268 manus
3618 2214 3678 2269 in
3728 2214 3998 2272 divinam
4053 2216 4176 2273 Sal-

789 2299 1013 2357 vatoris
1046 2298 1235 2355 nostri
1257 2298 1589 2365 imaginem
1619 2300 1794 2369 parat
1830 2296 2093 2367 injicere,
2127 2297 2407 2354 cohibere
2450 2315 2486 2356 a
2517 2299 2754 2356 scelere.

862 2389 948 2445 18.
982 2387 1262 2460 Haecilla,
1291 2392 1349 2444 et
1398 2386 1712 2443 confestim
1734 2385 1812 2442 ad
1870 2385 2122 2442 Chalcen
2175 2386 2405 2443 accedit
2448 2410 2461 2444 :

2394 2391 2461 2444 t:
2646 2390 2736 2446 ιη’.
2803 2390 2961 2442 Ταῦτ’
3024 2391 3140 2462 ἔφη,
3198 2391 3348 2463 καίῇ
3407 2394 3574 2463 τάχος
3611 2395 3756 2464 παρὰ
3805 2397 3899 2452 τὴν
3954 2393 4165 2453 Χαλκῆν

786 2481 845 2536 et
863 2477 1230 2552 (oinsignem
1246 2476 1737 2533 animiﬁduciam
1770 2475 1809 2546 Ξ)
1842 2491 1984 2531 mox
2012 2475 2269 2531 utfuitin
2300 2475 2456 2532 loco,

2392 2493 2456 2532 ‘0:
2567 2483 2788 2550 γέγονεν.
2865 2477 2998 2532 Ἀλλ’
3048 2479 3086 2529 ὡ
3153 2484 3384 2550 γενναίου
3441 2479 3630 2551 ψυχῆς
3699 2484 4163 2555 παραστήματοςῐ

790 2567 1090 2625 anemine
1121 2565 1471 2622 mortalium
1501 2564 1807 2638 prohiberi
1839 2581 1900 2619 se
1950 2581 2153 2637 passa,
2209 2566 2356 2637 quin
2399 2571 2456 2621 et

2399 2571 2456 2621 et
2565 2567 2752 2619 αὐτίκα
2810 2575 2880 2636 τῷ
2929 2570 3333 2641 παραγενέσθαι,
3415 2565 3549 2638 μηδ’
3607 2569 3714 2630 ἑνός
3762 2569 4159 2645 ἐπιπραφείσα,

783 2655 994 2712 ﬁdenti
1023 2655 1189 2712 vultu
1219 2659 1467 2711 cunctos
1496 2658 1821 2726 praesentes
1843 2653 2075 2716 intuita,
2109 2653 2452 2726 scalasipsa

2393 2670 2452 2710 sa
2560 2658 2758 2718 πάντας
2824 2658 2952 2728 ὁμοῦ
3009 2656 3412 2731 παραϐλέψασα,
3488 2667 3584 2722 τῆς
3640 2659 3892 2732 κλίμακος
3949 2659 4164 2734 δράττε-

786 2745 1063 2801 omnium
1094 2745 1295 2817 prima
1320 2743 1634 2815 arripit,ac
1661 2741 1991 2809 sodalibus,
2039 2742 2198 2797 idem
2216 2748 2277 2798 ut
2301 2744 2446 2814 ipste
2556 2771 2557 2774 η

2389 2759 2446 2799 ιω
2556 2763 2662 2815 ται,
2699 2750 2787 2797 καί
2815 2753 2924 2805 ταῖς
2975 2749 3068 2797 σὺν
3127 2746 3256 2818 αὐτῇ
3298 2746 3732 2800 συνεπιλαϐέσθαι
3763 2751 3812 2801 οἱ
3861 2746 4160 2803 διακελεύε-

782 2835 1029 2903 faciant,
1070 2834 1298 2891 fortiter
1326 2835 1598 2906 imperat.
1647 2833 1757 2899 Qui
1809 2832 1988 2902 igitur
2040 2833 2098 2887 in
2145 2832 2444 2888 scalarum

2389 2850 2444 2888 m
2554 2853 2663 2892 ται.
2708 2839 2807 2887 Καὶ
2863 2843 2988 2905 γοῦν
3038 2837 3062 2885 ό
3103 2838 3355 2909 μετέωρος
3407 2836 3693 2908 τολμητὴς,
3723 2843 3901 2911 πρίνῆ
3958 2859 4008 2892 τι
4065 2849 4160 2902 τῆς

782 2925 1125 2982 summitate
1142 2925 1272 2996 jam
1311 2923 1432 2979 fere
1490 2921 1854 2979 consistebat
1910 2921 2158 2993 impius,
2208 2938 2441 2978 sacram

2389 2938 2441 2977 [η
2555 2925 2695 2985 θείας
2725 2924 2911 2984 εἰκόνος
2977 2923 3344 2994 λωϐήσασθαι,
3405 2926 3471 2985 εἰς
3524 2923 3658 2996 ᾅδου
3713 2926 3979 3001 βάραθρον
4036 2949 4160 2981 κατ-

787 3012 1047 3085 efﬁgiem
1106 3019 1436 3086 antequam
1494 3012 1836 3083 corriperet,
1870 3011 1938 3066 iis
1989 3027 2296 3081 excussus,
2378 3012 2439 3066 in
2550 3032 2558 3063 ε

2385 3012 2439 3066 in
2550 3017 2808 3071 ενήνεκται
2865 3035 2876 3046 ·
2930 3018 3108 3066 πίπτει
3178 3019 3267 3065 καί
3323 3016 3444 3087 γὰρ,
3497 3021 3586 3067 καί
3634 3017 3660 3067 ὁ
3730 3020 3855 3078 τέως
3941 3027 4156 3092 αυριῶν,

780 3103 1157 3175 profundum
1187 3103 1404 3158 inferni
1433 3101 1701 3168 corruit;
1755 3100 2022 3170 dejectus
2079 3105 2166 3156 est
2232 3101 2433 3155 enim:
2549 3122 2551 3151 :

2388 3117 2433 3154 .:
2549 3107 2637 3153 καί
2669 3106 2726 3153 τὸ
2787 3107 2957 3174 στόμα
2987 3103 3059 3164 εἰς
3124 3102 3338 3177 οὐρανόν
3394 3106 3614 3176 θέμενος,
3647 3111 3737 3157 καί
3789 3109 3873 3157 τόν
3940 3109 4159 3182 ὑπερθυ-

779 3196 836 3248 et
863 3193 969 3265 qui
994 3192 1178 3266 paulo
1209 3197 1346 3248 ante
1375 3191 1698 3247 insolenter
1730 3205 1793 3245 se
1828 3190 2086 3260 jactans,
2137 3205 2205 3244 os
2258 3206 2435 3244 suum
2466 3245 2505 3268 μ
2545 3233 2550 3263 1

2386 3206 2435 3244 m
2466 3245 2505 3268 μ
2545 3193 2721 3263 ράνιον
2773 3192 3014 3264 ἄντικρυς
3082 3191 3434 3264 βλασφημῶν,
3501 3202 3692 3266 πτῶμα
3741 3191 4000 3253 δύστηνον
4073 3201 4157 3268 γέ-

777 3281 839 3337 in
869 3246 1084 3339 caelum
1106 3282 1361 3354 aperire,
1394 3285 1452 3337 et
1495 3279 1660 3336 caelis
1707 3279 1991 3335 omnibus
2039 3278 2434 3335 Excelsiorem
2466 3246 2506 3300 (³
2543 3301 2548 3313 ε

2388 3296 2434 3334 Il
2466 3246 2506 3300 L'
2543 3299 2680 3352 γονε,
2752 3277 2882 3352 μηδ’
2945 3282 3160 3354 ἐκφορᾶς
3229 3279 3529 3354 ἀξιούμενος
3583 3246 3670 3338 ..ό
3718 3287 3818 3359 γὰρ
3866 3246 4159 3357 ἀπρόοπτος

775 3371 1061 3444 impetere
1086 3370 1448 3444 blasphema
1503 3369 1711 3441 lingua
1759 3368 1953 3424 fuerat
2001 3385 2199 3435 ausus,
2260 3368 2434 3423 mise-

2384 3384 2434 3423 e-
2547 3371 2766 3430 θάνατος
2793 3374 2915 3432 τοὺς
2953 3374 3072 3444 περί
3117 3369 3272 3422 αὐτόν
3305 3367 3606 3445 διεθρόησε,
3663 3377 3754 3424 καί
3805 3371 3954 3425 ἀλλον
4002 3373 4155 3425 ἀλλα-

772 3463 1036 3518 randum
1068 3465 1207 3518 ante
1237 3459 1448 3517 oculos
1498 3459 1772 3515 omnium
1812 3457 2071 3514 cadaver
2105 3458 2433 3529 jacuit,se-
2541 3522 2543 3531 ι

2376 3473 2433 3512 B-
2541 3466 2646 3532 χοῦ
2676 3454 3010 3524 διεσκέδασε,
3052 3464 3146 3518 τήν
3182 3478 3237 3512 τε
3291 3461 3556 3533 μακᾶρίαν
3603 3466 3692 3513 καί
3721 3464 3816 3524 τὰς
3870 3467 3963 3514 σὺν
4013 3467 4147 3537 αὐτῇ

772 3550 1028 3625 Ριιιῐυτω
1058 3551 1239 3608 etiam
1263 3551 1493 3607 honore
1509 3551 1806 3623 privatus.
1846 3548 2176 3620 Repentina
2206 3548 2432 3621 quippe
2541 3574 2543 3581 ι

2206 3548 2432 3621 quippe
2541 3550 2712 3610 πάσας
2743 3547 3011 3624 ἐλευθέρως
3031 3548 3188 3607 ἀνῆκε
3216 3553 3310 3608 τὴν
3342 3550 3419 3601 ἐπ’
3446 3549 3590 3603 οἰκου
3620 3553 3958 3627 πορεύεσθαι.

769 3640 1036 3698 hominis
1095 3640 1308 3698 nefarii
1362 3639 1596 3713 punitio
1654 3654 1865 3694 omnes
1929 3638 2031 3709 qui
2084 3637 2426 3710 spectaculo
2483 3637 2819 3708 interfuere,
2875 3639 3157 3694 attonitos
3209 3636 3492 3704 reddidit,
3544 3644 3724 3713 atque
3789 3640 3973 3697 alium
4031 3641 4150 3699 alio

765 3728 906 3788 fecit
928 3730 1290 3800 abscedere;
1322 3729 1405 3786 ita
1436 3731 1496 3785 Β.
1519 3727 1869 3786 Theodosiae
1901 3731 1958 3784 et
1983 3727 2213 3784 cunctis
2236 3743 2372 3800 quae
2412 3743 2551 3783 cum
2579 3726 2714 3799 ipsa
2743 3732 2913 3784 erant
2946 3726 3321 3798 viriginibus,
3353 3727 3608 3786 domum
3654 3745 3717 3786 se
3747 3730 3888 3787 tutis
3926 3729 4148 3790 referre

765 3818 950 3877 licuit.

843 3914 928 3968 19.
956 3912 1170 3967 Verum
1203 3908 1370 3984 quod
1400 3908 1624 3966 factum
1676 3907 1888 3976 fuerat,
1937 3906 2119 3963 latere
2176 3905 2424 3963 minime
2607 3926 2614 3957 ι

2382 3921 2424 3963 ιθ
2607 3904 2688 3960 ιϐ’.
2717 3904 2855 3959 Ἀλλ’
2884 3906 3074 3979 ᾔσθετο
3125 3913 3217 3960 τοῦ
3253 3910 3527 3980 γενομένου
3569 3909 3595 3960 ό
3634 3909 3957 3983 θηριώνυμος
3986 3908 4153 3982 βασι-

764 4000 960 4073 potuit
984 3999 1421 4056 ferocissimum
1451 4012 1676 4068 regem,
1705 3996 1810 4068 qui
1836 4011 2064 4066 magna
2092 4012 2235 4052 mox
2256 3996 2422 4052 rabie
2530 3994 2535 4047 ἶ

2373 3996 2422 4052 ie
2530 3994 2661 4066 λεὺς,
2696 3996 2788 4048 καί
2817 4000 2953 4069 μέγα
2977 4016 3027 4049 τι
3053 4001 3143 4048 καί
3190 3998 3374 4072 ἄγριον
3415 3998 3533 4050 κατ’
3575 3997 3745 4051 αὐτῶν
3795 3999 3943 4060 εὐθὺς
3996 3999 4144 4075 ἔϐρυ-

762 4089 825 4146 in
848 4105 1051 4146 sacras
1072 4092 1193 4146 Deo
1214 4089 1497 4159 virigines
1519 4085 2221 4152 concitatus,infrenduit.
2247 4085 2422 4151 Quid-
2528 4145 2533 4156 η

2377 4085 2422 4141 1·
2528 4091 2758 4156 χήσατο.
2802 4091 3153 4158 Συναγηοχὼς
3193 4089 3314 4160 γὰρ,
3378 4085 3438 4138 ἶν’
3491 4087 3626 4139 οὕτω
3693 4092 3870 4160 φαίην,
3919 4093 3977 4143 τὸ
4035 4090 4148 4145 ἔπι-

761 4178 912 4253 quid
941 4179 1122 4250 igitur
1166 4177 1430 4234 habebat
1481 4175 1801 4249 supercilii,
1871 4176 1934 4230 ni
1965 4175 2047 4231 ita
2092 4175 2313 4242 dicam,
2357 4176 2420 4230 in
2531 4206 2532 4213 η

2373 4190 2420 4230 ιι
2531 4176 2760 4242 σκύνιον,
2835 4175 2909 4227 Οὐ
2965 4177 3038 4247 μὰ
3091 4179 3185 4234 τὴν
3239 4173 3386 4247 ἐμὴν,
3435 4178 3626 4250 εἴρηκε,
3686 4177 3905 4250 κεφαλὴν
3966 4181 4144 4250 (τοῦτο

762 4285 954 4326 unum
975 4283 1350 4339 congregans
1379 4285 1392 4323 :
1427 4269 1534 4322 Per
1561 4269 1764 4338 caput,
1812 4265 2023 4336 inquit,
2070 4282 2271 4320 meum
2301 4265 2419 4335 (hic
2530 4288 2533 4308 ‹

2370 4265 2419 4320 ic
2530 4259 2597 4321 δὴ
2629 4265 2786 4326 τὸείς
2816 4266 2966 4338 ὁρκον
3006 4271 3113 4326 τοῖς
3163 4263 3475 4338 βασιλεῦσιν
3520 4265 3586 4327 ὠς
3633 4265 3716 4319 ἐπὶ
3770 4267 3898 4320 πολὺ
3951 4288 4141 4344 προφε-

760 4359 982 4416 scilicet
1001 4359 1246 4430 regibus
1275 4356 1512 4431 pridem
1541 4356 1795 4412 usitatus
1821 4354 2067 4427 jurandi
2125 4371 2258 4411 mos
2305 4354 2418 4426 est)
2525 4385 2531 4425 ι

2376 4354 2418 4426 ι)
2525 4352 2782 4426 ρόμενον),
2826 4357 2886 4406 οὗ
2925 4355 3040 4406 τινά
3070 4373 3134 4426 με
3186 4353 3346 4426 φιλεῖν
3395 4355 3537 4427 ὑμῶν
3589 4357 3883 4428 ἡγήσομαι,
3939 4358 3984 4410 εἰ
4037 4368 4140 4413 τῶν

754 4449 923 4506 haud
945 4449 1227 4523 equidem
1241 4448 1486 4504 credam
1509 4462 1582 4503 ex
1601 4446 1772 4501 vobis
1785 4445 2051 4517 aliquem
2077 4460 2282 4500 amare
2296 4461 2414 4514 me,

2368 4461 2414 4514 Β,
2525 4462 2601 4503 τις
2657 4446 2962 4519 κακούργων
3015 4449 3234 4496 τουτωνὶ
3293 4447 3519 4515 γυναίων
3580 4452 3768 4519 χεῖρας
3834 4450 3928 4509 τὰς
4008 4447 4139 4522 εμὰς

757 4539 805 4594 si
820 4538 916 4594 vel
937 4554 1062 4595 una
1091 4537 1399 4611 quaepiam
1430 4552 1461 4592 e
1487 4534 1840 4592 facinorosis
1891 4532 2018 4589 istis
2063 4533 2414 4590 mulieribus
2448 4567 2489 4620 Β
2526 4559 2528 4577 ι

2366 4551 2414 4589 ιε
2448 4567 2489 4620 D
2526 4528 2796 4605 διαφύγοι,
2827 4538 3010 4606 καὶμὴ
3053 4530 3145 4585 διὰ
3208 4534 3410 4605 τάχους
3461 4532 3516 4586 ἐκ
3572 4542 3671 4586 τῶν
3713 4540 3934 4589 σκοτίων
3993 4546 4137 4610 σφῶν

751 4643 973 4684 manus
998 4643 1167 4684 meas
1195 4626 1461 4696 effugiat,
1494 4630 1596 4681 aut
1617 4639 1966 4680 nonomnes
1985 4624 2291 4693 continuo,
2341 4641 2414 4680 ex
2450 4619 2476 4620 ί

2365 4641 2414 4680 εχ
2450 4619 2476 4620 7
2522 4622 2819 4695 οἰκημάτων
2889 4625 3374 4698 συναθροισθεῖσαι,
3428 4619 3582 4687 δίκας
3649 4634 3740 4677 τοῦ
3799 4625 4136 4700 τολμήματος

750 4717 972 4776 abditis
999 4733 1248 4774 suarum
1271 4715 1496 4772 aedium
1525 4716 1586 4770 in
1604 4713 1914 4786 publicum
1955 4718 2409 4786 protractm,au-
2520 4736 2521 4740 η

2364 4731 2409 4770 ι-
2520 4716 2739 4767 τίσειαν.
2807 4712 2964 4766 Ταῦτ’
3023 4715 3138 4784 ἔφη,
3182 4717 3270 4764 καί
3326 4713 3375 4765 οἰ
3420 4715 3702 4788 παρευθὺς,
3769 4715 3920 4778 ἄλλος
3977 4716 4135 4770 ἀλλα-

749 4808 936 4865 dacise
955 4811 1138 4865 tantae
1168 4822 1383 4880 poenas
1408 4804 1778 4878 persolvant.
1808 4803 1944 4859 Haec
1989 4804 2087 4859 vix
2143 4804 2410 4860 edixerat

2364 4808 2410 4860 ιι
2521 4809 2628 4873 χοῖ
2691 4798 3134 4878 διαμερισθέντες,
3201 4804 3270 4854 τὰ
3323 4809 3418 4864 τῆς
3445 4801 3636 4864 πόλεως
3694 4808 3901 4876 σεμνείά
3944 4825 3996 4859 τε
4041 4813 4135 4860 καί

745 4898 1094 4972 imperator,
1119 4913 1260 4953 cum
1287 4911 1317 4951 e
1348 4893 1634 4950 ministris
1690 4893 1818 4963 ejus
1850 4891 2113 4964 plurimi,
2167 4909 2274 4965 per
2292 4893 2408 4949 alia.

2362 4894 2408 4949 ia.
2517 4897 2891 4965 φροντιστήρια
2977 4889 3337 4964 διειλήφεσᾶν,
3417 4891 3796 4957 ἀναζητοῦντες
3873 4898 3965 4968 μὲν
4039 4903 4133 4950 καί

746 4989 848 5046 alii
895 4988 1063 5045 urbis
1108 4985 1246 5044 loca
1291 4985 1572 5058 dispersi,
1627 4983 2042 5053 religiosarum
2103 4984 2403 5053 virginum
2514 5003 2517 5012 ί

2361 5002 2403 5040 n
2514 4983 2608 5044 τὰς
2664 4981 2840 5053 ἄλλας,
2885 4983 3006 5034 ὅσαι
3058 5001 3115 5054 γε
3160 4989 3253 5034 τοῦ
3306 4984 3603 5057 σπαθαρίου
3649 4991 4132 5062 κατεπεχείρησαν,

742 5079 960 5136 domos
987 5082 1043 5134 et
1081 5077 1245 5134 urbis
1272 5075 1452 5133 totius
1479 5073 1846 5131 monasteria
1877 5074 2240 5145 perscrutari
2265 5079 2406 5132 sunt

2366 5079 2406 5132 ιι
2516 5074 2613 5144 πρὸ
2647 5068 2697 5123 δ’
2725 5071 2888 5124 ἄλλων
2942 5070 3160 5124 ἁπασῶν
3219 5076 3313 5131 τὴν
3365 5073 3631 5146 μακαρίᾶν
3683 5077 3881 5133 ταύτην
3937 5073 4137 5131 Θεοδο-

740 5170 1010 5243 aggressi
1037 5188 1056 5241 ;
1080 5168 1384 5240 requirent
1422 5165 1668 5239 quidem
1686 5169 1742 5220 et
1769 5164 1918 5220 alias
1959 5179 2192 5231 omnes,
2244 5181 2403 5237 qua:-

2363 5183 2403 5220 3-
2515 5161 2633 5212 σίᾶν
2684 5183 2695 5194 ·
2755 5162 2849 5214 οὐκ
2897 5160 3049 5234 ὀλίγα
3106 5166 3196 5214 καί
3265 5165 3366 5236 γὰρ
3419 5159 3693 5216 ἰδιαίτάτα
3759 5166 3920 5237 φθαίη
3979 5171 4134 5239 σφίσι

740 5277 981 5334 cunque
1048 5260 1288 5330 injicere
1345 5258 1404 5312 in
1457 5255 1837 5328 spatharium
1870 5270 2133 5310 manuus
2165 5253 2401 5311 fuerant
2509 5275 2511 5281 ·

2350 5262 2401 5310 λι
2509 5257 2626 5326 περί
2673 5251 2834 5312 αὐτῆς
2914 5250 3218 5323 ἐπισκήψας
3264 5253 3289 5304 ὁ
3345 5251 3615 5325 βασιλεὺς,
3667 5259 4002 5330 πρωτουργόν
4029 5257 4121 5311 ἆτε

737 5367 922 5423 ausae,
968 5349 1079 5406 sed
1101 5349 1345 5405 beatam
1375 5346 1772 5403 Theodosiam
1815 5344 2168 5416 cumprimis
2227 5360 2396 5401 com-
2506 5400 2508 5413 λ

2352 5362 2396 5400 ι-
2506 5343 2820 5414 μεμαθηκὼς
2840 5345 2928 5393 καί
2974 5344 3032 5394 τὸ
3061 5348 3161 5394 πᾶν
3194 5337 3266 5394 δι’
3294 5341 3460 5404 αὐτῆς
3515 5345 3763 5415 γονέσθάι
3803 5341 4123 5418 διεγνωκώς.

735 5441 1110 5516 prehendere
1147 5439 1476 5511 cupientes.
1515 5439 1643 5492 Non
1681 5436 1840 5492 enim
1869 5434 2200 5491 mediocria
2232 5451 2394 5506 quae-

2358 5453 2394 5490 ε-
2510 5436 2609 5483 Καί
2641 5427 2708 5490 δὴ
2753 5435 2950 5494 ταύτας
3009 5431 3356 5502 συλλέξαντες,
3384 5434 3455 5495 εὶς
3486 5433 3534 5486 ἓν
3582 5433 3789 5496 ἁπάσας
3839 5439 4129 5513 συνήθροι-

732 5548 875 5590 nam
893 5529 1281 5600 autvulgaria
1292 5527 1584 5584 adversus
1598 5525 1764 5582 illam
1787 5525 2062 5581 meditari
2092 5526 2213 5580 suis
2227 5525 2394 5580 visus

2354 5542 2394 5580 Ls
2507 5541 2601 5574 σαν
2633 5543 2645 5555 ·
2685 5525 2778 5573 σὺν
2807 5518 2858 5574 δ’
2899 5521 3133 5584 ἁπάσαις
3159 5529 3252 5582 τὴν
3285 5525 3410 5598 ὑπερ
3438 5522 3650 5585 ἁπάσας
3688 5530 3780 5577 καί
3826 5526 3974 5584 ἡλίου
4042 5523 4125 5580 δι-

731 5621 927 5678 fuerat
946 5636 1069 5688 rex,
1102 5634 1290 5692 quam
1318 5616 1591 5673 omnium
1623 5615 1885 5688 primam
1919 5614 2152 5670 facinus
2208 5613 2392 5670 fuisse

2354 5630 2392 5670 te
2502 5633 2597 5670 κην
2644 5611 2866 5688 ἀστέρας
2935 5613 3026 5674 τὰς
3056 5612 3216 5675 ἄλλας
3292 5615 3766 5687 ὑπεραυγάξουσαν
3819 5620 3980 5690 μέσον
4019 5618 4125 5670 αὑ-

731 5727 1080 5786 aggressam
1094 5705 1568 5776 didicerat,etrei
1584 5705 1761 5763 totius
1777 5704 2069 5762 exstitisse
2102 5717 2378 5760 causam.
2499 5726 2502 5733 ι

2041 5719 2069 5759 e
2102 5717 2378 5760 causam.
2499 5711 2598 5755 τῶν
2634 5705 2863 5762 ἔστησαν
2889 5709 2976 5757 καί
3000 5711 3072 5777 τῷ
3104 5703 3317 5778 βασιλεῖ
3343 5709 3812 5780 συμπαρέστησαν.
