4484 6446
303 450 406 508 913

1635 449 1705 504 ΙΝ
1746 448 1801 505 S.
1833 447 2302 506 THEODOSIAM.

3563 439 3665 495 914

300 571 774 646 Comprehensos
799 586 942 644 ergo
967 586 1178 629 omnes
1202 571 1264 630 in
1293 570 1601 645 publicum
1628 573 1848 646 pariter
1868 573 2224 648 protrahunt
2251 590 2264 624 :
2314 570 2421 626 sed
2450 573 2506 626 et
2552 583 2690 625 cum
2721 565 3006 624 omnibus
3037 580 3174 622 eam
3218 579 3482 638 quoque,
3526 579 3665 637 quae

297 661 642 735 prmcellens
695 661 1004 729 omnibus,
1035 662 1119 718 uti
1158 661 1247 719 sol
1283 678 1406 735 prae
1464 662 1665 730 stellis,
1713 662 1860 720 alias
1913 662 2237 736 superabat
2276 661 2528 731 fulgore,
2585 659 2854 731 ipsarum
2893 657 2956 712 in
2989 655 3209 728 medio,
3241 670 3445 712 coram
3475 653 3665 727 impe-

295 756 493 808 ratore
519 750 906 808 constituunt.

368 838 435 898 κ’.
487 839 545 893 Ὀ
626 837 686 893 δε
731 844 821 892 καὶ
886 843 1017 915 πρὸς
1080 844 1170 913 μεν
1245 843 1340 903 τὰς
1419 840 1570 902 ἄλλας
1639 841 1899 916 βλοσυρὸν
1938 843 1985 896 Α
2083 844 2139 896 2(

1892 864 1899 889 ν
1938 843 1985 896 Α
2083 844 2172 896 20.
2208 839 2306 895 Ille
2354 853 2514 908 vero,
2563 837 2623 892 in
2670 835 2822 891 alias
2869 833 3118 906 quidem
3175 847 3387 889 omnes
3425 835 3663 889 torvum

295 927 494 999 ἔϐλεψε,
561 933 671 996 καὶ,
738 927 848 982 Ἰνα
915 933 988 998 τί,
1053 934 1204 1001 φησὶ,
1269 926 1507 987 δύστηνα
1561 933 1770 1003 γύναια,
1835 931 1900 992 εἰς

297 1024 548 1069 τοσοῦτον
617 1020 765 1076 ἣκετε
835 1017 1044 1090 τόλμης,
1114 1021 1181 1080 ὡς
1255 1023 1345 1070 καὶ
1409 1027 1714 1092 προσταγῆς
1775 1017 1899 1091 ἐμῆς

301 1104 580 1174 ἀλογήσαι,
621 1109 836 1158 καὶτὸν
903 1105 1021 1179 ἐμόν
1086 1109 1376 1181 σπαθάριον
1424 1108 1528 1180 οῦχ
1579 1110 1657 1160 ὅτι
1711 1128 1769 1179 γε
1808 1116 1898 1160 τοῦ

293 1196 447 1266 ἔργου
485 1192 873 1267 παραποδίσαι,
935 1194 1063 1248 ἀλλά
1118 1201 1206 1248 καὶ
1267 1195 1430 1269 βιαίῳ
1485 1199 1682 1268 θανάτῳ
1725 1216 1898 1270 παροι-

293 1283 498 1356 πέμψαι
551 1302 564 1350 ;
627 1289 764 1358 Πρός
817 1282 876 1338 δε
907 1290 999 1342 τήν
1056 1291 1316 1360 μακαρίαν
1371 1289 1564 1344 ταύτην
1607 1283 1899 1340 Θεοδοσίαν

290 1371 647 1446 ἐπιστραφεὶς,
705 1373 814 1424 Οῦκ
883 1373 1057 1436 ἔλαθές
1123 1393 1234 1446 μοι,
1280 1383 1587 1449 κακοῦργον,
1636 1378 1749 1446 ἔφη,
1809 1380 1898 1426 καὶ

288 1480 617 1534 μιαρωτατον
654 1465 867 1533 γύναιον
898 1483 910 1496 ο
944 1463 1037 1514 οῦκ
1089 1464 1247 1533 ἠγνοή
1262 1467 1327 1516 σά
1385 1483 1478 1516 σου
1536 1469 1594 1516 τό
1623 1463 1896 1534 ἀλόγιστον

293 1552 504 1622 θράσος,
539 1551 596 1601 οῦ
632 1556 724 1608 τήν
772 1550 1071 1626 παράϐαλον
1120 1552 1334 1624 τόλμαν,
1388 1553 1494 1624 οὐχ
1551 1553 1576 1604 ὃ
1637 1559 1752 1624 περὶ
1810 1557 1896 1604 τόν

293 1641 585 1712 σπαθάριον
640 1637 892 1715 ἔδρασας,
943 1647 1033 1693 καὶ
1095 1644 1164 1702 ὡς
1223 1641 1410 1702 ἀνεῖλες
1459 1651 1529 1712 τῷ
1586 1641 1689 1714 ἐμῷ
1735 1661 1896 1714 προσ-

288 1730 522 1800 τάγματι
565 1731 996 1802 ὑπηρετούμενον.
1045 1729 1261 1802 Ἔμοιγε
1294 1730 1538 1806 ἀντ-ἤρας,
1600 1731 1713 1783 κατ’
1774 1730 1897 1802 ἐμοῦ

288 1819 380 1876 τάς
433 1825 616 1890 χεῖρας
669 1818 914 1881 ἐκίνησας
971 1839 983 1851 ο
1043 1823 1309 1894 τοιγάρτοι
1361 1816 1646 1880 διαναστὰς
1712 1823 1891 1891 ἔγωγε,

288 1908 385 1966 τὰς
414 1909 538 1981 ὑπὲρ
582 1907 807 1979 ἐμαυτοῦ
861 1906 1014 1971 δικας
1052 1908 1347 1977 ἀπαιτήσω,
1400 1915 1486 1962 καὶ
1545 1907 1765 1970 δικαίως
1816 1911 1896 1961 ότι

285 1991 544 2067 λήψομαι,
593 2001 682 2048 καὶ
731 2001 792 2055 τὴ
853 1998 1028 2049 εἰκότα
1077 2017 1132 2050 σε
1199 2003 1292 2056 τήν
1360 1997 1621 2071 ἀλάστορα
1657 2017 1890 2070 τισομαι,

286 2085 357 2145 ὡς
384 2089 456 2156 μὴ
513 2089 598 2137 τόν
651 2085 962 2158 βουλόμενον
1019 2096 1119 2138 τῶν
1171 2086 1552 2160 βασιλευόντων
1607 2088 1679 2148 εἰς
1734 2092 1896 2140 νέωτα

284 2176 714 2247 κατεπαίρεσθαι,
755 2173 886 2248 μηδ’
909 2177 1044 2228 οὕτω
1073 2179 1212 2228 κατὰ
1267 2184 1362 2238 τῆς
1415 2176 1592 2252 ἀρχῆς
1639 2173 1896 2228 αῦθαδιά-
1928 2211 1966 2265 Β

288 2263 490 2324 ζεσθαι.
538 2263 672 2317 Ἀλλ’
710 2267 876 2316 ἔνεστι
931 2265 1444 2338 μεταϐουλευσαμένῃ
1491 2272 1580 2318 καὶ
1623 2268 1892 2339 πεισθείσῃ

284 2351 690 2424 συμϐουλεύοντι
719 2354 887 2416 πλέον,
930 2355 959 2412 ή
993 2357 1062 2416 ὡς
1101 2351 1314 2427 βασιλεῖ
1343 2375 1425 2406 σοι
1478 2358 1892 2428 προστάσσοντι,

283 2445 640 2514 περισωθῆναι
670 2446 760 2515 μεν
808 2440 938 2516 τῇδε
968 2449 1056 2496 καὶ
1097 2441 1386 2497 διαϐιῶσαι
1456 2448 1892 2518 περιφανέστατα,

283 2528 386 2583 ἐκεῖ
416 2526 474 2582 δε
499 2537 741 2605 γενομένῃ
769 2541 863 2594 τῆς
893 2538 1155 2607 μακαρίας
1194 2533 1388 2596 ἐκείνης
1444 2541 1626 2605 τυχεῖν
1681 2534 1894 2596 λήξεως.

2012 930 2271 994 intuens,
2305 931 2373 984 Ut
2402 926 2571 999 quid,
2599 926 2698 991 ait,
2725 924 2985 980 infelices
3012 922 3398 988 mulierculae,
3423 937 3494 978 eo
3519 936 3664 995 pro-

2011 1020 2268 1075 cessistis
2290 1017 2579 1082 audaciae,
2609 1019 2669 1072 ut
2704 1030 2823 1070 non
2848 1030 2982 1069 mea
3000 1012 3184 1068 modo
3215 1011 3503 1068 mandata
3523 1025 3664 1067 con-

2012 1112 2297 1174 temnere,
2346 1108 2446 1162 sed
2500 1121 2704 1161 meum
2753 1118 2995 1176 quoque
3036 1101 3409 1174 spatharium
3448 1100 3526 1156 ab
3562 1116 3662 1157 eo-

2008 1199 2280 1253 rumdem
2298 1196 2705 1252 mandatorum
2723 1193 3099 1250 exsecutione
3118 1191 3457 1264 prohibere,
3473 1205 3664 1264 neque

2007 1287 2068 1343 id
2100 1287 2313 1352 solum,
2339 1301 2546 1340 verum
2581 1283 2815 1339 funesta
2842 1283 3019 1338 etiam
3051 1284 3240 1336 morte
3287 1280 3487 1336 delere
3538 1295 3663 1336 non

2009 1376 2131 1430 sitis
2161 1376 2358 1431 veritas
2389 1375 2414 1428 *ἶ
2441 1374 2530 1427 Ad
2562 1373 2802 1428 beatam
2833 1369 3049 1426 deinde
3080 1368 3478 1425 Theodosiam
3517 1384 3660 1425 con-

2005 1481 2211 1520 versus
2237 1483 2248 1519 :
2286 1468 2432 1528 Non,
2458 1462 2786 1534 inquiebat,
2815 1462 2996 1515 latere
3027 1475 3122 1515 me
3151 1458 3416 1531 potuisti,
3441 1457 3662 1515 facino-

2004 1568 2144 1610 rosa
2164 1557 2218 1608 et
2249 1553 2565 1607 mulierum
2598 1551 2866 1605 omnium
2890 1548 3156 1620 pessima
3189 1562 3348 1602 :non
3379 1546 3526 1602 mihi
3556 1547 3666 1604 fuit

2007 1642 2212 1710 ignota
2241 1647 2339 1697 tua
2358 1641 2456 1696 illa
2482 1641 2794 1694 infraenata
2813 1637 3120 1708 jactantia,
3146 1651 3266 1691 non
3291 1635 3550 1691 audacia
3576 1635 3663 1691 in-

2007 1731 2208 1801 signis.
2245 1730 2386 1785 Novi
2422 1729 2686 1801 profecto
2708 1725 3003 1799 quidquid
3028 1725 3316 1781 adversus
3345 1723 3659 1780 satellitem

2005 1836 2229 1884 meum,
2263 1823 2314 1873 te
2344 1817 2662 1874 hortatrice
2689 1832 2758 1872 ac
2788 1816 2962 1878 duce,
2983 1819 3218 1885 gestum
3242 1813 3433 1883 fuerit,
3461 1818 3517 1869 et
3537 1829 3661 1886 qua

2004 1907 2233 1963 ratione
2264 1907 2604 1962 ministrum
2618 1905 2793 1974 regiis
2818 1903 3333 1974 obtemperantem
3358 1902 3659 1958 mandatis

2003 1997 2338 2053 interimere
2367 1996 2614 2050 minime
2638 1993 3025 2049 dubitaveris.
3050 1991 3182 2048 Mihi
3214 2007 3352 2046 cum
3375 2007 3445 2047 eo
3475 1991 3661 2049 modo

2004 2102 2154 2142 ausa
2183 2102 2246 2142 es
2279 2084 2604 2149 adversari,
2630 2089 2765 2140 tuas
2797 2085 3006 2137 contra
3036 2080 3335 2153 meipsum
3375 2097 3593 2137 manus
3625 2098 3662 2139 ε.

2005 2179 2058 2232 te
2077 2173 2422 2247 compulsas
2442 2173 2620 2229 fuisse
2637 2173 2912 2241 ignorare
2933 2186 3056 2226 non
3081 2174 3272 2243 potes.
3293 2172 3459 2226 Nunc
3483 2170 3662 2242 igitur

2003 2264 2168 2320 haud
2200 2264 2586 2335 saneinjusto
2617 2262 2936 2317 adversum
2959 2264 3011 2316 te
3043 2260 3239 2315 furore
3267 2275 3659 2331 consurgens,

2005 2369 2114 2424 pro
2147 2353 2384 2408 sceleris
2398 2350 2815 2419 magnitudine
2836 2365 3048 2422 poenas
3060 2364 3375 2420 reposcam
3393 2367 3405 2417 ;
3421 2363 3531 2404 nec
3553 2349 3660 2405 mi-

2005 2460 2118 2500 nus
2144 2445 2301 2515 juste
2330 2444 2529 2516 reipsa
2559 2458 2797 2498 sumam
2821 2440 3180 2513 supplicium
3201 2438 3378 2495 simul
3397 2443 3453 2495 et
3470 2439 3660 2496 vindi-

2008 2539 2186 2600 ctam,
2212 2539 2274 2589 ut
2292 2548 2470 2588 nemo
2491 2532 2669 2603 regiis
2695 2547 2828 2587 sese
2836 2530 3020 2602 jussis
3051 2530 3444 2602 imposterum
3473 2544 3659 2602 oppo-

281 2632 446 2688 nere,
488 2619 678 2676 aliave
709 2621 936 2677 ratione
972 2621 1194 2677 audeat
1248 2628 1457 2677 contra
1487 2622 1820 2695 principem
1879 2621 2106 2677 efferre.
2158 2625 2324 2677 Potes
2375 2626 2574 2677 tamen
2608 2620 2679 2690 (si
2709 2619 2796 2674 vis
2821 2623 3056 2674 mutare
3087 2622 3370 2684 mentem,
3425 2621 3483 2674 et
3520 2634 3661 2676 sua-

279 2705 464 2775 denti,
491 2714 596 2766 aut
619 2710 836 2782 potius,
875 2714 937 2765 ut
975 2725 1179 2780 regem
1209 2711 1400 2776 decet,
1453 2712 1774 2784 imperanti
1828 2711 2065 2784 parere)
2114 2711 2209 2767 hic
2262 2711 2508 2783 quidem
2554 2709 2773 2766 salvari
2813 2713 2870 2765 et
2922 2707 3407 2781 splendidissime
3436 2707 3659 2778 vivere,

277 2797 340 2852 in
371 2797 556 2854 altero
586 2803 787 2855 autem
819 2799 1035 2856 saeculo
1069 2801 1248 2856 beata
1277 2799 1499 2867 perfrui
1531 2801 1755 2874 requie.

516 2888 674 2941 ’Δλλά
751 2897 858 2949 πῶς
923 2889 984 2940 ἂν
1069 2889 1226 2952 ἀξίως
1287 2896 1698 2963 παραστήσαιμι
1752 2890 1888 2962 λόγῳ

277 2981 374 3036 τήν
419 2979 552 3049 μετά
597 2978 796 3039 παλλῆς
845 2980 923 3031 ὃτι
978 2985 1227 3041 συνέσεως
1274 2989 1368 3042 τῆς
1427 2982 1702 3054 Μάρτυρος
1759 2980 1889 3033 ἀπό-

277 3085 455 3142 κρισιν
511 3071 643 3143 πρὸς
705 3072 792 3121 τόν
833 3071 1078 3143 τύραννον
1140 3075 1347 3136 ;ποίαν
1387 3069 1542 3141 λόγου
1599 3070 1888 3128 πεπλουτη-

277 3161 383 3216 κὼς
431 3152 654 3229 δύναμιν
715 3174 728 3224 ;
783 3158 812 3217 ἣ
862 3158 1052 3230 μᾶλλον
1108 3163 1262 3211 ποίαν
1334 3158 1562 3230 εἰληχὼς
1622 3159 1889 3212 ἐπίπνοιαν

276 3246 488 3315 ἄνωθεν,
520 3242 594 3298 δι’
633 3247 692 3307 ἧς
731 3247 863 3304 αὕτη
892 3252 982 3299 καὶ
1017 3255 1182 3320 σοφῶς
1238 3247 1570 3322 ἀπεκρίνατο,
1627 3255 1716 3301 καὶ
1775 3269 1888 3300 νου-

275 3342 445 3405 νεχῶς
484 3334 797 3408 ἐπεστόμισε
836 3340 922 3388 τὸν
959 3335 1218 3412 βλοσυρὸν
1279 3342 1372 3396 τήν
1441 3338 1619 3413 ὀφρὺν,
1667 3342 1754 3390 τὸν
1793 3343 1886 3397 τήν

273 3425 505 3495 γλῶτταν
535 3426 716 3494 πολῦν,
765 3429 851 3477 τὸν
896 3428 1138 3501 ἄντικρυς
1195 3435 1462 3479 καταπιεῖν
1525 3428 1686 3486 αῦτήν
1742 3427 1888 3500 βρεν-

351 2887 453 2944 κα’,

279 3516 520 3586 θυόμενον
565 3518 698 3568 κατά
735 3519 822 3568 τὸν
871 3514 1166 3569 ἐνοικοῦντά
1221 3519 1290 3586 οἱ,
1346 3520 1432 3568 τόν
1499 3521 1592 3574 τήν
1645 3527 1744 3588 γῆν
1798 3524 1886 3570 καὶ

276 3603 544 3656 θάλασσαν
575 3604 851 3677 ἐξαλείφειν
909 3605 1264 3680 ἐπαιρόμενον,
1313 3610 1377 3667 ὡς
1432 3606 1540 3658 ἐνόν
1588 3627 1678 3677 μοι
1721 3616 1887 3659 ταῦτα

274 3689 646 3767 διεννοήσομαι
737 3712 750 3761 ;
838 3699 928 3747 καὶ
973 3699 1040 3756 ὡς
1098 3694 1152 3758 ἐξ
1206 3696 1414 3748 εἰκότων
1473 3695 1589 3770 ἐρῶ.
1663 3695 1884 3768 Ἔγωγε,

272 3788 424 3854 φησὶ,
480 3781 720 3856 βασιλεῦ,
767 3783 822 3836 ἐκ
873 3780 1068 3846 παιδὸς
1115 3785 1261 3845 εὐθὺς
1307 3791 1398 3843 τήν
1463 3788 1707 3856 ἡσυχίαν
1772 3785 1885 3838 ἐπό-

275 3873 438 3942 θησα,
503 3878 592 3925 καὶ
643 3878 703 3932 τὴ
780 3872 907 3944 ἐμήν
967 3879 1224 3946 σωτηρίαν
1279 3873 1535 3940 ἐζήτησα,
1583 3881 1671 3927 καὶ
1735 3873 1885 3928 οὐδέν

271 3981 334 4034 με
381 3971 481 4014 τῶν
539 3963 631 4015 τοῦ
687 3968 889 4036 κόσμου
974 3975 1220 4040 τερπνῶν,
1297 3970 1424 4019 Θεοῦ
1503 3971 1882 4039 συναραμένου,

273 4060 365 4114 τῆς
392 4055 681 4127 προθέσεως
726 4061 1060 4126 μεταστῆσαι
1119 4059 1420 4126 κατίσχυσε
1454 4076 1465 4087 ·
1509 4060 1598 4107 καὶ
1637 4063 1724 4106 νῦν
1771 4058 1886 4108 ἴσθι

269 4149 368 4203 τῆς
409 4147 534 4216 πρὸς
560 4147 688 4196 Θεὸν
722 4141 928 4215 ἀγάπης
984 4153 1081 4196 τῶν
1149 4144 1388 4197 ἁπάντων
1441 4142 1592 4197 οὐδὲν
1649 4144 1884 4203 ἀποστή-

272 4238 490 4287 σειν.¹⁴0
516 4240 640 4304 γοῦν
671 4231 731 4284 ἃν
773 4236 849 4292 εἰη
909 4253 992 4285 σοι
1048 4232 1366 4307 βουλομένῳ,
1427 4239 1495 4307 μή
1553 4240 1885 4296 κατοκνήσας

269 4322 366 4392 ἄγε
431 4317 499 4380 δὴ
539 4326 800 4397 πέρανον·
837 4325 1025 4398 σάρκες
1084 4321 1202 4376 ἰδοὺ
1258 4323 1445 4387 ξαίνειν
1505 4324 1666 4387 αῦτάς
1719 4330 1880 4398 πρόσ-

268 4430 440 4478 ταττε,
487 4411 735 4486 ἁρμονίας
789 4412 950 4485 μελῶν
1020 4409 1273 4484 διασπᾴν,
1333 4414 1466 4466 ὀστά
1529 4414 1882 4479 συνθλάττειν,

265 4499 459 4573 κεφαλῇ
510 4506 603 4558 τήν
657 4506 820 4574 τομήν
859 4501 1138 4574 ἐπενεγκεῖν
1175 4524 1186 4536 ·
1221 4501 1268 4554 ἐν
1330 4502 1530 4576 βραχεῖ
1574 4523 1726 4576 φημι,
1793 4513 1883 4564 τῆς

267 4587 452 4642 ἐνθάδε
480 4595 617 4653 ζωῆς
650 4596 924 4666 στέρησον,
986 4592 1050 4652 ὠς
1090 4594 1149 4644 οἶν
1207 4612 1270 4665 με
1325 4595 1510 4646 θᾶττον
1564 4602 1625 4652 τῆ
1694 4594 1882 4666 αἰωνίῳ

266 4686 358 4733 καὶ
395 4686 651 4756 κρείττονι
693 4682 1117 4756 παραπέμψειας,

2069 2892 2164 2946 2t.
2197 2892 2328 2956 Qua
2360 2906 2522 2946 nunc
2544 2905 2657 2960 ego
2680 2887 2921 2945 dicendi
2957 2887 3238 2944 facultate
3291 2887 3663 2960 sapientissi-

1998 2997 2166 3036 mam
2201 2981 2479 3052 martyris
2513 2979 2592 3036 ad
2622 2984 2951 3052 tyrannum
2977 2977 3434 3050 responsionem
3453 2978 3514 3034 in
3530 2994 3659 3036 me-

1998 3071 2166 3126 dium
2193 3070 2498 3144 proferam
2523 3070 2551 3123 ?
2590 3086 2715 3142 qua
2741 3068 3066 3124 verborum
3106 3083 3178 3124 ac
3226 3067 3663 3125 sententiarum

1998 3161 2175 3233 copia
2206 3161 2550 3226 instructus,
2583 3159 2677 3216 vel
2709 3159 2909 3232 potius
2935 3175 3058 3231 qua
3089 3158 3163 3214 de
3190 3158 3347 3216 coelo
3406 3157 3664 3233 inspira-

1999 3251 2158 3307 tione
2185 3256 2526 3306 commotus
2549 3249 2578 3303 ?
2604 3265 2710 3322 per
2747 3249 2991 3321 qualem
3022 3248 3244 3303 scilicet
3268 3249 3402 3320 ipsa
3439 3253 3496 3305 et
3525 3264 3663 3321 pru-

1997 3341 2206 3397 denter
2271 3340 2599 3413 respondit,
2663 3342 2718 3394 et
2771 3339 3184 3393 obmutescere
3262 3337 3398 3394 fecit
3469 3338 3657 3411 illum,

1998 3429 2313 3502 supercilio
2346 3429 2604 3484 ferocem
2634 3433 2689 3484 et
2721 3443 2822 3484 ore
2846 3427 3152 3496 turgidum
3197 3444 3210 3495 ;
3253 3427 3440 3498 illum,
3474 3427 3664 3484 instar

1997 3521 2294 3576 daemonis
2311 3519 2797 3587 seinhabitantis,
2814 3516 3188 3573 frendentem
3211 3534 3283 3572 ex
3305 3516 3559 3574 adverso
3583 3517 3661 3575 ad

1996 3609 2448 3680 deglutiendam
2481 3609 2697 3680 ipsam,
2723 3612 3065 3679 terramque
3090 3611 3146 3662 et
3174 3622 3340 3663 mare
3394 3623 3457 3662 se
3482 3623 3660 3680 posse

1996 3700 2234 3756 abolere
2251 3703 2743 3772 praesumentem;
2765 3697 3077 3770 quomodo
3092 3695 3234 3753 talia
3255 3697 3401 3752 mihi
3415 3697 3659 3754 credam

1995 3787 2564 3860 comprehensibilia
2585 3804 2737 3851 esse,
2763 3791 2866 3843 aut
2895 3802 2966 3842 ea
2983 3786 3408 3843 convenienter
3439 3786 3659 3844 valebo

1995 3878 2233 3950 eloqui?
2257 3882 2399 3948 Ego,
2421 3876 3091 3951 respondit'l‘heodosia,
3105 3879 3233 3948 jam
3255 3876 3660 3951 indeaprima

1993 3973 2163 4024 aetate
2183 3968 2498 4041 quietioris
2531 3967 2685 4024 etab
2716 3966 2882 4024 omni
2913 3966 3233 4022 hominum
3273 3968 3518 4039 strepitu
3558 3983 3658 4024 re-

1993 4059 2266 4115 motioris
2305 4059 2440 4115 vitae
2469 4059 2766 4114 desiderio
2798 4073 3055 4114 accensa
3077 4057 3182 4126 fui,
3236 4074 3272 4114 o
3304 4059 3655 4131 imperator,

1992 4165 2103 4206 nec
2117 4151 2319 4206 minus
2349 4149 2786 4222 consequendze
2811 4149 3015 4204 salutis
3046 4164 3196 4204 mete
3230 4148 3500 4205 studiosa
3514 4149 3657 4222 ;sed

1993 4256 2103 4295 nec
2133 4239 2296 4295 exiis
2324 4239 2841 4312 quidquam,quae
2887 4237 3154 4294 mundus
3191 4239 3251 4294 in
3306 4238 3484 4294 bonis
3532 4239 3656 4295 suis

1993 4329 2351 4402 gaudiisque
2378 4329 2578 4398 habet,
2597 4345 2632 4384 a
2655 4332 2932 4402 suscepto
2959 4327 3209 4384 consilio
3236 4344 3518 4385 revocare
3533 4345 3651 4400 me,

1993 4421 2112 4474 Deo
2158 4420 2311 4474 bene
2351 4419 2630 4491 propitio,
2672 4418 2876 4473 valuit.
2918 4421 3084 4473 Nunc
3122 4433 3367 4490 quoque
3405 4418 3522 4475 hoc
3547 4419 3654 4477 tibi

1992 4514 2079 4564 est
2109 4509 2442 4578 sciendum,
2470 4526 2500 4564 e
2533 4508 2715 4564 rebus
2764 4509 3046 4564 omnibus
3105 4508 3335 4564 nullam
3381 4509 3650 4581 reperiri,

1990 4616 2125 4672 qua:
2158 4615 2193 4655 a
2210 4599 2309 4654 Dei
2332 4600 2615 4654 charitate
2632 4599 2823 4671 possit
2842 4615 2938 4654 me
2961 4599 3144 4655 modo
3171 4598 3292 4654 ullo
3327 4599 3650 4667 abducere,

1991 4689 2046 4742 Si
2078 4689 2254 4760 igitur
2311 4690 2392 4745 ita
2435 4689 2539 4745 tibi
2585 4690 2838 4758 videtur,
2889 4704 3022 4759 age,
3078 4689 3244 4745 nulla
3293 4689 3651 4762 interposita

266 4786 460 4838 mora,
484 4787 694 4826 necem
719 4772 866 4827 after
891 4791 902 4827 :
929 4772 1184 4828 exhibeo
1216 4789 1434 4845 corpus
1468 4789 1671 4828 meum
1705 4773 1780 4829 ad
1812 4776 2106 4848 supplicia
2135 4796 2147 4832 :
2183 4778 2532 4834 verberibus
2559 4779 2702 4834 illud
2744 4779 2889 4850 jube
2917 4780 3198 4850 discerpi.
3223 4779 3641 4836 membrorum

266 4875 511 4932 quoque
541 4862 814 4916 omnium
842 4876 1202 4933 compagem
1231 4862 1500 4933 dissolvi,
1538 4863 1830 4933 confringi
1859 4881 1996 4922 ossa
2031 4884 2043 4932 ;
2077 4869 2288 4939 capitis
2329 4869 2764 4925 abscissionem
2791 4869 3042 4942 impera,
3066 4875 3267 4942 atque,
3299 4875 3365 4926 ut
3393 4869 3650 4928 breviter

265 4948 488 5018 dicam,
521 4950 653 5006 vitm
669 4949 851 5021 hujus
877 4967 1062 5008 usura
1090 4951 1314 5024 privari
1341 4969 1436 5008 me
1461 4953 1628 5024 jube,
1663 4959 1728 5009 ut
1757 4954 1927 5011 citius
1965 4957 2043 5013 ad
2087 4957 2488 5014 immortalem
2528 4958 2960 5032 melioremque
3012 4959 3201 5016 vitam
3231 4975 3339 5033 per
3379 4964 3431 5018 te
3454 4963 3648 5018 trans-

265 5040 492 5097 mittar.

338 5128 443 5202 κβ’.
497 5133 710 5192 Τούτοις
766 5132 792 5184 ό
847 5134 1086 5204 τύραννος
1153 5131 1508 5207 ἐξαπορηθεὶς,
1582 5140 1672 5188 καὶ
1742 5138 1870 5210 πρὸς
1907 5139 1949 5192 D

265 5222 354 5280 τὰς
405 5218 589 5281 λοιπὰς
626 5223 714 5272 τὸν
763 5221 1289 5296 λόγον’τρεψάμενος,
1359 5223 1494 5277 Ἀλλ’
1563 5226 1709 5297 ὑμεῖς
1790 5245 1868 5297 γε,

264 5315 418 5382 φησί,
461 5315 531 5383 μή
575 5318 635 5384 τῇ
711 5317 1055 5388 ματαιόφρονι
1112 5316 1276 5386 ταύτῃ
1351 5314 1869 5385 κατακολουθήσητε,

262 5397 394 5474 μηδ’
427 5399 476 5462 ἐς
505 5409 751 5453 τοσοῦτον
789 5407 980 5474 μανίας
1035 5402 1232 5471 ἔλθητε,
1289 5403 1353 5464 ὠς
1396 5410 1485 5456 καὶ
1546 5414 1644 5456 τῶν
1699 5404 1872 5458 ἐνταῦ-

265 5493 332 5544 θα
361 5487 529 5549 ἡδέων
571 5491 886 5566 στερηθῆναι
939 5498 1029 5544 καὶ
1080 5501 1179 5544 τῶν
1238 5492 1402 5546 ἐκεῖσε
1455 5495 1560 5566 οὐχ
1603 5496 1778 5561 ἧττον,
1827 5495 1870 5546 εἰ

261 5585 334 5652 μή
383 5579 593 5653 μᾶλλον,
645 5579 936 5654 ἀμοιρῆσαι
981 5591 1224 5654 τερπνῶν,
1285 5587 1374 5634 καὶ
1421 5590 1546 5658 πρός
1595 5604 1655 5656 γε
1701 5605 1868 5638 κατα-

261 5668 585 5729 δικασθῆναι
626 5672 841 5724 θάνατον
881 5675 967 5724 τόν
1015 5670 1287 5726 ἀθάνατον.
1345 5675 1408 5725 Αἱ
1450 5669 1530 5738 δὲ,
1587 5675 1654 5736 ως
1707 5675 1870 5737 καλῆς

263 5757 596 5815 διδασκάλου
645 5761 800 5815 καλαὶ
860 5771 933 5835 τῷ
989 5767 1096 5816 ὄντι
1143 5765 1456 5837 μαθήτριαι,
1514 5769 1600 5824 Μὴ
1668 5770 1868 5839 γένοιτο

2053 5142 2142 5192 22.
2176 5140 2295 5194 Hoc
2324 5154 2617 5211 responso
2648 5139 2726 5196 ad
2756 5155 3056 5197 summam
3105 5139 3335 5197 consilii
3373 5139 3646 5214 inopiam

1983 5226 2280 5283 adductus
2346 5235 2660 5300 tyrannus,
2716 5229 2980 5300 virgines
3040 5230 3190 5288 alias
3256 5231 3373 5287 hoc
3427 5231 3647 5289 iterum

1983 5333 2260 5373 sermone
2293 5319 2649 5390 compellat:
2684 5322 2796 5375 Vos
2829 5325 2983 5377 certe
3010 5321 3192 5377 nolite
3223 5322 3453 5378 insanae
3503 5321 3646 5378 huic

1981 5407 2214 5463 mulieri
2263 5409 2639 5481 pertinaciter
2683 5410 3009 5477 adhaerere,
3076 5428 3267 5485 eoque
3325 5411 3645 5470 dementia:

1980 5499 2280 5569 progredi,
2311 5503 2375 5554 ut
2406 5516 2510 5554 vos
2543 5505 2598 5554 et
2628 5500 2698 5556 iis
2751 5518 2887 5574 quae
2935 5502 3030 5558 hic
3063 5507 3201 5558 sunt
3237 5502 3414 5559 bonis
3459 5503 3643 5560 orbas

1979 5603 2131 5651 esse,
2161 5594 2383 5661 etquae
2413 5590 2470 5644 in
2526 5591 2711 5648 altera
2758 5592 2877 5649 vita
2931 5593 3328 5665 reperiuntur,
3394 5593 3645 5666 paribus

1979 5684 2152 5745 certe,
2215 5680 2261 5734 si
2311 5697 2434 5736 non
2509 5682 2862 5753 majoribus,
2932 5683 3338 5756 voluptatibus
3393 5683 3640 5756 priVari,

1977 5769 2125 5841 quin
2155 5769 2338 5826 etiam
2377 5771 2456 5828 ad
2482 5777 2737 5830 mortem
2771 5773 3162 5832 condemnari
3193 5779 3501 5847 aeternam,
3535 5790 3644 5848 pa-
