4484 6446
781 406 884 460 913

2030 405 2487 463 CONSTANTINI
2510 407 2977 463 ACROPOLITJE

4048 414 4152 466 9l6

774 508 1030 597 tiamini,
1061 528 1179 586 Illae
1218 534 1440 597 autem,
1504 531 1960 603 quemadmodo
2027 533 2279 604 egregiae
2310 549 2436 590 ma-
2468 537 2513 591 Α

2383 549 2436 590 a-
2468 537 2513 591 Α
2556 536 2720 607 ἡμᾶς,
2750 539 2899 607 φασὶ,
2952 542 3015 607 τῇ
3080 536 3400 607 θεοπνεύστῳ
3458 537 3603 608 ἡμῶν
3650 536 3853 590 ἐναντία
3897 546 4154 612 φρονῆσαι

781 619 978 690 gistrm
1018 619 1345 692 discipulas
1377 619 1630 677 decebat
1685 637 1809 677 non
1866 622 2066 678 minus
2122 625 2433 695 egregias:

782 706 970 779 Absit,
994 709 1293 781 inquiunt,
1339 714 1403 764 ut
1428 726 1565 765 cum
1606 710 1890 767 divinitus
1916 712 2208 785 inspirata
2252 719 2441 770 matre

786 811 857 852 ac
888 798 1178 867 magistra
1208 803 1417 854 nostra
1447 814 1569 854 non
1603 798 1817 855 eadem
1852 802 2202 873 sentiamus,
2235 806 2297 858 ut
2329 804 2443 858 tuis

784 900 1017 941 morem
1045 900 1330 956 geramus
1384 886 1707 955 blanditiis,
1748 893 1815 944 ut
1868 889 2047 945 minis
2092 895 2440 947 terreamur.

786 974 977 1046 Hujus
1007 990 1119 1031 nos
1151 976 1417 1033 instituta
1438 992 1507 1032 ac
1538 993 1737 1034 mores
1756 979 2083 1051 sequimur,
2114 980 2192 1035 ab
2230 981 2344 1037 hac
2370 997 2444 1037 ne

784 1079 1311 1135 separemur,cum
1324 1065 1738 1123 obsecratione
1753 1068 2033 1139 petimus.
2061 1071 2445 1142 Quaecunque

783 1150 963 1222 igitur
991 1153 1069 1209 ab
1095 1169 1167 1210 ea
1196 1154 1301 1210 tibi
1332 1154 1492 1211 dicta
1522 1160 1680 1222 sunt,
1732 1157 1946 1212 eadem
1975 1173 2011 1212 a
2066 1159 2242 1214 nobis
2286 1159 2447 1216 dicta

782 1240 889 1296 tibi
915 1246 1150 1313 putato.
1193 1243 1424 1313 Ingenti
1454 1244 1534 1300 ad
1564 1245 1692 1301 haec
1714 1246 1900 1303 verba
1929 1246 2125 1303 furore
2166 1247 2446 1319 impletus

782 1332 1108 1402 tyrannus:
1134 1332 1405 1399 Insanas,
1426 1334 1738 1401 exclamat,
1759 1335 2038 1391 mulieres
2061 1353 2092 1392 e
2122 1341 2446 1409 conspectu

2551 632 2907 697 μυσταγωγῶ,
2965 630 3035 696 μὴ
3116 630 3228 686 ταῖς
3303 633 3420 687 σαῖς
3508 626 3689 689 ὑπεξαι
3758 629 4022 696 θωπείαις,
4078 631 4149 699 μὴ

2554 715 2838 788 θροηθῆναι
2914 720 3024 774 ταῖς
3106 712 3357 774 ἀπειλαῖς.
3455 717 3659 776 Ταύτης
3727 716 3880 789 ἐσμὲν
3937 713 4152 788 ὀπαδοὶ,

2551 805 2713 875 ταύτῃ
2748 807 2836 855 καὶ
2895 812 3215 874 πνταγῆναι
3269 806 3560 877 ποιούμεθα
3610 802 3682 857 δι’
3724 805 3891 876 εὐχῆς
3926 826 3939 839 ο
3970 805 4003 857 ἃ
4026 814 4153 876 γοῦν

2551 894 2695 965 παρὰ
2724 894 2914 952 ταύτης
2945 891 3199 961 ἀκήκοας,
3232 892 3375 945 ταῦτ’
3426 895 3673 969 ἄντικρυς
3721 899 3810 946 καὶ
3839 894 3963 966 παρ’
4007 896 4155 966 ἡμῶν

2553 979 2793 1041 ἀκηκοὼς
2812 986 3055 1052 γίνωσκε.
3091 989 3279 1053 Θυμοῦ
3308 981 3524 1044 πληθεὶς
3544 981 3627 1035 ἐπὶ
3675 986 3879 1045 τούτοις
3908 984 3933 1034 ό
3969 986 4156 1057 τύραν-

2551 1090 2655 1135 νος,
2683 1075 3081 1135 Μεταστήσατε,
3125 1075 3274 1142 φησὶ,
3342 1074 3428 1131 τὰς
3476 1070 3882 1144 ἀπονενοημένοις
3930 1071 3982 1135 ἐξ
4026 1070 4156 1143 ἐμοῦ

2553 1156 2647 1212 διὰ
2676 1163 2886 1231 ταχέος,
2919 1160 2949 1219 ἣ
2983 1159 3171 1231 μᾶλλον
3194 1158 3249 1212 ἐκ
3278 1168 3369 1212 τοῦ
3393 1159 3515 1233 βίον
3553 1164 3618 1213 τά
3642 1163 3872 1213 κάκιστα
3899 1167 4159 1220 ποιήσατε

2550 1251 2760 1320 γύναια,
2812 1247 2972 1320 βιαίῳ
3031 1251 3231 1321 θανάτῳ
3266 1247 3532 1324 παράδοτε
3576 1251 3645 1311 ὠς
3670 1250 3731 1301 ἄν
3762 1253 3816 1303 αἱ
3854 1258 3944 1311 τῆς
3993 1251 4159 1311 αὐτῆς

2555 1337 2801 1400 ἀπονοίας
2825 1342 2895 1410 μὴ
2929 1345 3021 1390 τοῦ
3067 1338 3249 1391 λοιποῦ
3280 1339 3642 1412 κατατολμῷεν
3673 1344 3737 1393 τά
3783 1340 4154 1414 παραπλήσια.

779 1433 917 1475 meo
934 1421 1291 1491 quantocius
1313 1422 1584 1494 abripite,
1617 1428 1721 1480 aut
1751 1425 1966 1495 potius,
1993 1430 2057 1481 ut
2113 1431 2418 1481 merentur
2469 1426 2692 1482 crudeli
2742 1430 2932 1484 morte
2980 1427 3269 1499 perimite,
3324 1432 3388 1483 ut
3435 1428 3482 1484 si
3529 1444 3665 1501 qum
3720 1429 3890 1485 istius
3952 1428 4157 1485 adhuc

778 1506 1048 1565 fortassis
1075 1514 1213 1568 sunt
1242 1510 1582 1583 dementias,
1619 1512 1836 1569 similia
1866 1518 2209 1587 perpetrare
2240 1514 2682 1572 exhorrescant.

2281 1641 2505 1696 CAPUT
2559 1639 2648 1693 lV.

1285 1761 1350 1818 S.
1386 1761 1728 1819 Theodosia
1746 1768 1880 1833 post
1900 1764 2200 1821 sociarum
2231 1779 2431 1821 necem
2461 1764 2706 1821 crudele
2733 1767 3099 1835 martyrium
3134 1770 3191 1823 et
3221 1766 3421 1835 gloria
3448 1766 3513 1821 in
3544 1767 3727 1823 catis.

851 1889 940 1942 23.
967 1882 1129 1940 Talia
1158 1898 1297 1941 cum
1340 1884 1588 1942 dixisset
1645 1890 1963 1959 tyrannus,
2011 1888 2297 1944 continuo
2331 1888 2441 1943 mi-
2484 1889 2523 1943 Β

779 1975 948 2033 nistri
970 1974 1119 2045 ejus,
1137 1975 1595 2046 tanquamignis
1611 1975 1776 2046 ligna
1797 1976 2143 2049 corripiens,
2174 1982 2445 2033 sanctam

782 2064 1061 2124 auferunt
1089 2078 1124 2119 a
1156 2067 1485 2135 conspectu
1536 2064 1723 2138 ipsius
1772 2084 1785 2135 ;
1831 2071 1888 2123 et
1935 2072 2178 2122 caeteras
2228 2068 2447 2139 pariter

780 2170 922 2213 cum
963 2169 1035 2210 ea
1077 2151 1409 2218 abducunt,
1467 2154 1711 2211 trahunt
1757 2172 1864 2227 per
1904 2156 2114 2220 crines,
2171 2155 2446 2212 maxillas

779 2244 1141 2320 percutiunt,
1175 2258 1282 2315 per
1319 2242 1551 2315 plateas
1598 2249 1841 2317 raptant
1868 2245 2209 2303 insolenter.
2254 2249 2445 2317 Atque

779 2336 891 2392 has
934 2332 1181 2407 quidem
1240 2331 1477 2405 absque
1529 2350 1703 2390 mora
1758 2334 2074 2391 crudeliter
2125 2335 2442 2402 trucidant,

778 2423 1281 2495 venerandasque
1311 2438 1521 2480 revera
1571 2424 1866 2491 victimas,
1919 2425 2223 2494 religionis
2256 2440 2444 2481 causa

777 2518 1091 2583 mactatas,
1125 2512 1365 2569 Numini
1395 2529 1678 2585 supremo
1713 2515 1928 2570 sistunt
1974 2515 2251 2570 homines
2280 2515 2445 2571 nefa—

776 2603 869 2659 rii.
900 2606 1221 2675 postremae
1270 2601 1794 2659 condcmnationis
1852 2603 1913 2658 in
1969 2603 2182 2659 ultimo
2235 2603 2447 2659 mundi

776 2699 1071 2765 tempore,
1104 2707 1227 2748 non
1250 2692 1376 2747 sine
1407 2692 1626 2761 insigni
1653 2708 1765 2749 suo
1795 2692 2046 2765 pudore,
2084 2692 2263 2748 futuri
2314 2694 2397 2749 rei
2431 2711 2444 2749 :

778 2782 1022 2840 beatam
1070 2797 1210 2839 vero
1259 2782 1681 2852 Theodosiam,
1714 2783 1789 2838 de
1840 2798 1961 2855 qua
2000 2782 2295 2856 plurimus
2324 2781 2449 2854 regi

780 2873 973 2930 fuerat
1002 2887 1219 2938 sermo,
1253 2871 1332 2928 ad
1362 2870 1611 2927 alteram
1670 2876 1977 2928 servantes
2027 2873 2445 2945 quaestionem,

782 2963 999 3021 iterum
1043 2976 1182 3016 cum
1223 2975 1295 3016 ea
1338 2960 1505 3032 loqui
1559 2965 1891 3033 coeperunt,
1941 2965 1999 3017 et
2044 2962 2449 3033 quamobrem

784 3050 1171 3125 pertinaciter
1199 3050 1353 3106 adeo
1388 3050 1461 3106 iis
1489 3066 1627 3124 quae
1657 3050 2118 3124 imperabantur
2149 3052 2449 3108 contradi-

791 3144 972 3210 ceret,
1009 3140 1376 3213 pecunctari.

854 3233 944 3287 24.
997 3233 1069 3287 At
1116 3244 1261 3286 vero
1324 3229 1506 3287 beata
1564 3234 1807 3304 martyr,
1868 3247 2111 3289 summa
2156 3233 2450 3304 sapientia
2487 3251 2527 3307 ο

784 3334 1152 3392 summaque
1182 3319 1367 3375 animi
1389 3319 1733 3376 fortitudine
1763 3322 1846 3377 ita
1870 3337 1975 3377 eos
2006 3326 2096 3377 est
2141 3322 2403 3379 allocuta
2432 3339 2445 3377 :

779 3411 901 3480 Ego
940 3424 1186 3481 quoque
1230 3408 1314 3476 id,
1367 3425 1405 3465 o
1457 3408 1623 3475 boni,
1674 3424 1747 3466 ex
1782 3410 1956 3467 vobis
2022 3427 2249 3483 quaero,
2300 3412 2449 3484 quid

778 3498 1025 3556 tandem
1057 3514 1192 3554 esse
1221 3498 1414 3570 possit
1443 3498 1504 3555 in
1544 3515 1754 3567 causa,
1795 3516 1903 3555 cur
1941 3500 2019 3556 ad
2064 3503 2362 3557 cruciatus
2393 3507 2450 3558 et

777 3592 1033 3645 mortem
1064 3602 1161 3643 me
1181 3586 1626 3657 designetis?An
1648 3590 2144 3661 proptereajquod
2172 3590 2447 3661 religiose

778 3677 1050 3734 venerari
1074 3676 1410 3733 staduerim
1437 3677 1566 3749 ejus
1594 3678 1945 3749 imaginem,
1974 3681 2079 3750 qui
2109 3696 2248 3735 cum
2295 3684 2449 3736 Deus

780 3770 937 3823 esset
968 3770 1215 3839 propter
1251 3782 1349 3821 me
1388 3770 1568 3822 natus
1624 3772 1714 3823 est
1760 3767 1967 3837 homo,
2025 3768 2233 3824 similis
2282 3770 2447 3825 mei?

782 3861 886 3913 aut
919 3855 1049 3926 ejus
1070 3855 1176 3927 qui
1196 3857 1385 3910 Deum
1414 3858 1470 3910 et
1497 3855 1808 3911 hominem
1838 3856 2069 3929 absque
2128 3857 2245 3913 ulla
2270 3858 2448 3928 virgi-

784 3945 987 4001 nitatis
1013 3960 1141 4000 sua:
1169 3943 1309 4000 labe
1333 3945 1562 4017 peperit
1583 3945 1727 4000 ?aut
1758 3961 1967 4002 eorum
1998 3947 2101 4020 qui
2128 3946 2447 4003 Salvatoris

786 4034 1118 4091 adventum
1172 4033 1404 4089 mundo
1468 4032 1749 4090 universo
1808 4035 2243 4091 annuntiarunt
2279 4037 2307 4091 ?
2346 4040 2450 4093 aut

787 4124 1050 4196 denique
1102 4139 1314 4181 eorum
1364 4124 1469 4196 qui
1526 4140 1704 4180 suum
1746 4140 1856 4197 pro
1914 4125 2129 4181 Christi
2175 4127 2448 4185 doctrina

781 4211 1071 4271 fuderunt
1116 4212 1497 4284 sanguinem,
1553 4213 1780 4286 quique
1845 4213 1964 4270 alia
1992 4215 2171 4271 etiam
2219 4218 2447 4273 ratione

790 4303 1065 4360 divinam
1096 4303 1211 4359 sibi
1264 4302 1593 4360 amicitiam
1636 4303 1952 4361 conciliare
1993 4309 2132 4361 sunt
2175 4307 2372 4362 conati
2418 4308 2447 4363 ‘I

791 4393 1112 4461 Quomodo
1140 4409 1283 4450 vero
1304 4408 1429 4449 non
1478 4393 1711 4465 optima
1740 4409 1876 4449 cum
1922 4393 2152 4450 ratione
2205 4395 2447 4452 stultam

790 4502 889 4542 me
916 4485 1185 4542 dicerent
1212 4490 1269 4541 et
1288 4485 1591 4552 insanam,
1619 4484 1668 4539 si
1696 4490 1893 4541 vestra
1924 4485 2190 4557 profecto
2239 4486 2448 4543 deliria

2624 1886 2721 1959 κγ’.
2772 1893 2873 1942 Καὶ
2901 1890 2927 1941 ό
2977 1892 3067 1960 μὲν
3105 1890 3253 1942 ταῦτ’
3299 1892 3413 1963 ἔφη,
3449 1892 3515 1942 Οἱ
3555 1886 3604 1943 δ’
3664 1890 3834 1957 εὐθὺς,
3897 1898 3999 1965 πῦρ
4030 1891 4161 1954 ύλης
4202 1880 4205 1881 ν

2552 1980 2725 2052 ὥσπερ
2755 1974 3097 2051 δραξάμενον,
3129 1984 3222 2038 τήν
3269 1998 3323 2031 τε
3370 1978 3524 2051 ἁγίαν
3577 1981 3863 2051 μεθιστᾶσι
3918 1986 4008 2034 καὶ
4066 1985 4164 2044 τὰς

2555 2071 2648 2120 σὺν
2680 2068 2809 2140 αὐτῇ
2864 2071 3254 2140 συναπάγουσι,
3313 2077 3413 2121 τῶν
3466 2078 3667 2141 τριχῶν
3726 2070 3969 2137 ἕλκοντες,
4024 2074 4165 2123 κατά

2551 2166 2774 2230 παρειῶν
2836 2160 3127 2225 τύπτοντες,
3192 2155 3287 2211 διὰ
3360 2158 3608 2211 πλατειῶν
3683 2162 3946 2233 σύροντες.
4004 2160 4164 2213 Ἀλλὰ

2552 2248 2646 2307 τὰς
2670 2248 2759 2318 μὲν
2795 2246 2953 2309 ἄλλας
2992 2248 3139 2308 εὐθὺς
3194 2249 3505 2319 σφάττουσι,
3563 2252 3653 2300 καὶ
3708 2250 3916 2321 θύματα
3969 2253 4165 2311 ταύτας

2551 2342 2701 2408 τίμια
2725 2345 2797 2406 τῷ
2830 2338 2938 2389 όντι
2960 2357 3020 2409 γε
3049 2342 3139 2389 καὶ
3186 2336 3452 2411 σεϐάσμια
3506 2343 3868 2411 προσήνεγκαν
3928 2348 3999 2410 τῷ
4044 2348 4162 2411 Θεῷ

2553 2426 2602 2477 οἱ
2675 2434 2769 2486 τῆς
2823 2424 3058 2497 ἕσχάτης
3110 2430 3239 2501 πρὸς
3316 2434 3378 2498 τῇ
3469 2425 3836 2501 ἀνυπερϐλήτῳ
3923 2429 4157 2502 αἰσχύνῃ

2552 2512 2847 2576 καταδίκης
2896 2514 2974 2567 ἐπ’
3045 2514 3260 2587 ἐσχάτῳ
3320 2520 3409 2568 καὶ
3456 2517 3736 2569 ὑπεύθυνοι
3786 2538 3798 2550 ·
3849 2521 3941 2576 τὴν
3991 2515 4050 2570 δέ
4101 2537 4165 2590 γε

2554 2607 2817 2675 μακαρίαν
2846 2606 3041 2660 ταύτην
3108 2600 3421 2670 Θεοδοσίαν,
3468 2605 3526 2665 ἧς
3567 2608 3685 2678 πέρι
3723 2608 3810 2656 καὶ
3846 2612 3919 2674 τῷ
3952 2603 4167 2677 βασιλεῖ

2554 2691 2699 2762 λόγος
2749 2694 2826 2744 ὅτι
2876 2692 3034 2755 πολὺς
3089 2694 3183 2761 ἧν,
3242 2693 3314 2754 εἰς
3384 2690 3631 2767 δευτέραν
3684 2692 3995 2766 έταμίευσαν
4065 2699 4164 2752 τὴν

2557 2780 2812 2846 ἐξέτασιν,
2841 2786 2930 2833 καὶ
2966 2782 3036 2844 εἰς
3064 2782 3253 2853 λόγους
3280 2778 3433 2845 αὖθις
3470 2780 3624 2841 ἦλθον
3681 2782 3834 2855 αὐτῇ,
3885 2788 3975 2835 καὶ
4032 2784 4163 2858 ὑπὲρ

2557 2872 2676 2922 ὅτου
2726 2874 2986 2929 τοσαύτην
3049 2879 3272 2924 ποιεῖται
3346 2876 3441 2930 τήν
3507 2874 3749 2925 ἔνστασιν
3811 2874 4168 2925 πυνθάνεσθαι

2557 2959 2761 3018 ἤθελον.

2628 3224 2731 3283 κδ’.
2790 3231 2890 3281 Καὶ
2946 3228 2977 3287 ἣ
3057 3226 3198 3301 μάλα
3265 3236 3504 3295 συνετῶς,
3558 3231 3700 3302 μάλα
3743 3232 3983 3301 γενναίως
4035 3233 4170 3304 πρὸς

2557 3317 2743 3379 αὐτοὺς
2798 3321 2981 3389 ἔφησεν
3016 3339 3028 3351 ·
3070 3317 3207 3370 Ἀλλ’
3261 3319 3409 3391 ὑμεῖς
3461 3337 3539 3389 γε,
3594 3315 3633 3369 ὦ
3690 3318 3902 3390 λῷστοι,
3960 3320 4169 3371 πυνθά-

2555 3427 2731 3480 νομαι,
2784 3411 2922 3468 τίνος
2965 3426 3028 3480 με
3075 3406 3242 3460 εἳνεκα
3315 3404 3696 3469 καταδικάζετε
3763 3410 3979 3461 θάνατον
4029 3425 4042 3475 ;
4087 3410 4171 3461 ὃτι

2554 3504 2863 3572 προσκυνεῖν
2918 3496 3071 3549 ἐθέλω
3124 3501 3219 3555 τὴν
3277 3496 3449 3549 εἰκόνα
3485 3504 3578 3549 τοῦ
3635 3494 3710 3550 δι’
3779 3496 3866 3570 έμε
3912 3497 4028 3549 κατ’
4082 3496 4172 3570 έμε

2553 3590 2821 3657 γεγονότος
2874 3593 3008 3639 Θεοῦ
3074 3602 3087 3652 ;
3142 3588 3269 3658 πρὸς
3321 3582 3381 3638 δε
3426 3605 3486 3657 γε
3528 3595 3623 3647 τῆς
3667 3585 3942 3661 ἀχράντως
3987 3594 4172 3640 τοῦτον

2555 3678 2857 3741 τεκούσης,
2909 3684 3009 3726 τῶν
3061 3674 3395 3747 κηρυξάντων
3449 3674 3606 3728 αὐτόν
3652 3674 3701 3726 ἐν
3754 3683 3872 3736 ταῖς
3924 3680 4171 3750 reparat;

2554 3773 2655 3817 τῶν
2707 3764 3177 3839 ύπεραθλησάντων
3209 3764 3368 3817 αὐτοῦ
3421 3781 3434 3832 ;
3489 3773 3589 3817 τῶν
3650 3764 3815 3827 ἄλλως
3893 3764 4176 3839 εὐαρεστη-

2558 3857 2756 3908 σάντων
2805 3857 2942 3925 αύτῷ
2982 3872 2995 3922 ;
3044 3859 3145 3908 Καὶ
3190 3862 3301 3915 πῶς
3356 3854 3443 3916 οῦς
3494 3854 3591 3917 ἔξω
3637 3860 3881 3927 γενοίμην
3927 3862 4017 3907 νοῦ
4081 3860 4175 3908 καὶ

2556 3953 2765 4020 φρενῶν,
2822 3952 2930 4005 τοῖς
2984 3944 3309 4017 αὐτόχρημα
3360 3943 3699 4020 παραπλῆξιν
3786 3945 3907 4017 ύμῖν
3946 3963 4179 4019 συμφρο-

2553 4040 2784 4101 νήσασα,
2839 4035 2867 4093 ἡ
2918 4039 3007 4086 καὶ
3059 4033 3306 4097 καθάπαξ
3356 4035 3642 4086 πεισθεῖσα
3710 4041 3928 4086 τοιαῦτα
4008 4053 4175 4086 κατα-

2553 4127 2881 4198 ναγκάζουσι
2944 4144 2957 4193 ;
3028 4132 3141 4185 Πῶς
3189 4121 3240 4177 δ’
3317 4124 3677 4197 ἀνασχοίμην,
3746 4126 3839 4186 τάς
3887 4127 4025 4187 θείας
4078 4132 4171 4180 καὶ

2556 4220 2750 4278 σεπτάς
2809 4216 3009 4278 εἰκόνας
3065 4214 3429 4288 χλευαζόντων
3509 4217 3674 4287 ὑμῶν,
3740 4221 3830 4267 καὶ
3876 4215 4173 4268 καλούντων

2554 4308 2713 4369 αὐτὰς
2772 4302 2965 4358 εἴδωλα
3011 4322 3025 4371 ;
3085 4308 3162 4358 Τὰ
3229 4307 3327 4380 γὰρ
3411 4300 3601 4357 εἴδωλα
3666 4303 4034 4358 ἀνυποστάτων
4078 4310 4170 4358 καί

2554 4398 2679 4469 ψιλῇ
2740 4392 3164 4467 διατυπουμένων
3234 4393 3435 4467 ἐπινοίᾳ
3486 4393 3771 4467 πλάσματά
3842 4414 3895 4447 τε
3964 4400 4054 4447 καί
4102 4395 4171 4447 εἰ-

2555 4490 2805 4560 κάσματα
2862 4482 3234 4557 διεγνωκαμεν,
3307 4481 3423 4537 οὐδ’
3506 4482 3671 4543 ἀληθῆ
3726 4487 3791 4537 τὰ
3850 4489 4172 4557 πρωτότνπα

789 4591 903 4647 ego
931 4575 1112 4632 etiam
1133 4574 1386 4631 delirare
1415 4574 1479 4629 in
1506 4573 1778 4630 animum
1812 4575 2159 4631 inducerem
2181 4577 2209 4632 ?
2250 4576 2446 4632 autab
2486 4608 2529 4661 Β
2558 4598 2560 4625 ς

2399 4576 2446 4632 ,1)
2486 4608 2529 4661 D
2558 4582 2648 4629 καί
2704 4581 2858 4648 τίμια
2908 4575 3026 4627 καθ’
3080 4574 3215 4627 αὖτά
3268 4579 3359 4626 καί
3418 4572 3701 4647 σεϐάσμια,
3742 4581 3833 4635 τῆς
3871 4574 4032 4635 αὐτῆς
4078 4579 4170 4626 καί

786 4668 859 4724 iis
886 4665 1239 4739 persuaderi
1270 4664 1419 4720 mihi
1444 4664 1724 4730 sinerem,
1755 4663 1859 4737 qui
1889 4668 1966 4721 ad
1997 4665 2265 4722 absurda
2294 4666 2448 4722 adeo

787 4755 1132 4830 pertrahere
1148 4771 1246 4811 me
1285 4760 1581 4811 conantur
1618 4755 1645 4810 ?
1686 4753 1753 4809 Id
1800 4759 2001 4811 autem
2050 4770 2174 4827 qua
2202 4758 2449 4811 tandem

2562 4668 2616 4718 αἱ
2692 4665 2875 4726 εἰκόνες
2948 4662 3004 4715 ἐκ
3076 4670 3167 4716 τοῦ
3252 4663 3445 4724 εἰκότος
3531 4671 3685 4735 τιμῆς
3777 4665 4172 4723 καθεστήκασιν

2560 4756 2705 4818 ἄξια.

787 4846 1022 4905 ratione
1046 4844 1285 4902 valeam
1316 4844 1588 4912 tolerare,
1621 4844 1789 4917 quod
1820 4860 2005 4901 sacraa
2035 4850 2093 4901 et
2116 4845 2479 4902 venerandae
2507 4845 2804 4915 imagines
2833 4842 2974 4899 odio
3005 4841 3178 4899 vobis
3220 4841 3339 4898 sint
3368 4844 3425 4898 et
3453 4841 3737 4905 ludibrio,
3772 4848 3830 4899 et
3856 4858 3964 4915 pro
3992 4842 4172 4899 idolis

787 4937 1180 4995 habeantur?
1210 4934 1375 4991 ldola
1403 4939 1560 4991 certe
1607 4935 1889 4991 novimus
1917 4950 2054 4991 esse
2112 4935 2435 4992 simulacra
2485 4952 2685 4992 rerum
2717 4950 2840 4991 non
2894 4932 3372 5002 subsistentium,
3403 4936 3460 4988 et
3488 4932 3686 4988 solerti
3732 4932 4028 4990 industria
4077 4949 4171 4990 re-

785 5030 1289 5101 praesentatarum
1328 5024 1618 5096 ﬁgmenta
1646 5042 1659 5080 :
1687 5040 1951 5097 quorum
1994 5030 2314 5098 prototypa
2360 5042 2500 5082 cum
2520 5040 2664 5081 vera
2688 5040 2811 5080 non
2839 5023 2974 5093 sint,
3004 5038 3200 5095 neque
3230 5037 3337 5094 per
3368 5037 3499 5077 sese
3539 5022 3955 5078 aestimationis
3989 5020 4171 5078 ullius

788 5122 893 5176 aut
920 5116 1113 5190 pretii,
1144 5130 1522 5188 consequens
1543 5119 1651 5185 est,
1678 5120 1740 5171 ut
1764 5115 1913 5187 ipsa;
1943 5115 2238 5185 imagines
2273 5116 2458 5172 nihilo
2486 5115 2702 5187 majori
2730 5114 3110 5169 veneratione
3142 5111 3259 5167 sint
3285 5110 3504 5183 dignae.

859 5210 949 5263 ‘25.
993 5208 1063 5263 Ut
1091 5206 1271 5276 igitur
1295 5204 1495 5261 verbis
1525 5204 1672 5261 nihil
1696 5211 1904 5262 contra
1931 5221 2067 5262 eam
2094 5205 2247 5262 efﬁci
2266 5222 2447 5279 posse

788 5300 1221 5371 cognoverunt,
1253 5311 1439 5368 quam
1467 5299 1634 5351 tanta
1660 5295 1848 5351 animi
1874 5295 2152 5352 ﬁrmitate
2199 5312 2449 5368 respon-

786 5388 1054 5457 dentem,
1090 5386 1356 5461 'tamque
1418 5386 1719 5460 sapienter
1770 5402 2001 5441 errores
2042 5385 2453 5443 confutantem

788 5478 1165 5549 audiverant,
1210 5475 1555 5533 immaniter
1609 5492 1743 5532 eam
1785 5476 2013 5533 caedere
2076 5482 2385 5549 coeperunt
2438 5495 2451 5545 ;

784 5568 1075 5643 quodque
1101 5567 1369 5624 oratione
1401 5566 1764 5639 persuadere
1786 5582 1907 5622 non
1942 5567 2274 5635 valuerant,
2322 5583 2451 5622 ver-

785 5661 1002 5717 berum
1047 5659 1355 5716 atrocitate
1411 5663 1763 5731 extorquere
1804 5664 1941 5713 sunt
1994 5660 2288 5729 aggressi.
2338 5659 2452 5715 Sed

785 5750 953 5825 quod
978 5749 1357 5808 intenderant
1387 5764 1508 5805 non
1535 5748 1720 5805 modo
1756 5763 1877 5804 non
1929 5752 2070 5804 sunt
2124 5749 2449 5822 consecuti,

2628 5204 2716 5258 κε’.
2769 5202 2853 5263 Ὠς
2905 5199 2992 5255 οὖν
3060 5204 3289 5273 ἔγνωσαν
3361 5201 3418 5253 ού
3493 5200 3668 5272 λόγοις
3716 5208 3898 5254 πεῖσαι
3974 5204 4173 5260 ταύτην

2563 5292 2861 5367 δυνάμενοι,
2914 5294 3049 5346 οὕτω
3105 5312 3186 5344 τοι
3267 5291 3489 5367 στερρῶς
3556 5291 3967 5367 ἀποκρινομένην
4019 5294 4177 5367 ὁρῶν·

2562 5406 2645 5448 τες
2713 5390 2801 5437 καί
2889 5392 3113 5445 συνετῶς
3196 5382 3359 5441 αὐτὴν
3440 5387 3875 5458 περιτρέπουσαν,
3950 5382 4177 5445 ἀνηλεῶς

2562 5476 2839 5547 μαστίζειν
2894 5475 3270 5550 προήχθησαν,
3326 5478 3417 5524 καί
3473 5473 3498 5525 ὃ
3552 5478 3623 5545 μὴ
3676 5475 3854 5545 φθαῖεν
3905 5469 4178 5534 δνηθέντες

2561 5570 2752 5631 πειθοῖ,
2786 5564 2883 5638 βίᾳ
2944 5566 3281 5636 κατισχύσαι
3331 5559 3699 5622 διενοήθησαν.
3741 5562 3879 5617 Ἀλλ’
3907 5562 4177 5637 ἀπέτυχον

2562 5666 2652 5711 τοῦ
2704 5664 2925 5723 σκοποῦ,
2994 5654 3122 5708 ἀλλά
3175 5651 3469 5728 διήμαρτον
3511 5662 3606 5716 τῆς
3654 5650 3868 5715 ἐλπίδος
3910 5656 4036 5729 πρὸς

2559 5752 2660 5823 γὰρ
2711 5750 2897 5825 μικρὸν
2960 5745 3088 5806 αύτὴ
3147 5744 3392 5814 θελξασα,
3458 5744 3668 5821 βρατῶν
3730 5743 4173 5818 ἀφρονεστάτους,
