4484 6446
322 428 429 484 917

320 554 457 604 κατὰ
487 554 575 603 τὸν
634 549 864 618 εἰπόντα,
922 544 1203 618 διήλεγξεν.
1255 548 1320 598 Οἱ
1372 548 1461 617 μεν
1506 546 1606 617 γὰρ
1669 546 1783 604 τούς
1835 545 1920 595 τύ-
1958 550 2002 597 Α

320 659 541 700 πτοντας
572 639 865 695 ἐπέστησαν
912 642 1003 689 καὶ
1058 638 1152 697 τὰς
1203 636 1463 707 μάστιγας
1518 630 1916 707 ιῖιηυτρέττισαν⁸

322 731 351 787 ἠ
388 725 440 781 δ’
467 724 655 782 ούδένα
699 727 848 798 λόγον
900 733 1039 795 σφῶν
1100 727 1452 795 ποιησαμένη,
1501 724 1569 784 ὡς
1622 722 1695 783 εἰς
1740 722 1923 792 λόγους

323 817 478 878 αὖθις
509 820 637 888 ἔγνω
691 823 884 890 χωρεῖν
941 814 1235 887 μελλοντας,
1295 812 1360 864 ⁸0
1425 811 1695 877 Βούλεσθε,
1742 816 1919 881 φησίν,

322 910 395 978 μὴ
459 906 662 978 μελλετε
750 902 1189 978 διαπράττεσθαι.
1252 901 1392 954 Ἱστε
1434 910 1548 971 τῆς,
1612 901 1675 960 ἧς
1730 902 1925 971 ἔχομαι

320 1000 555 1067 γνώμης,
610 992 995 1065 έκστησομένην
1065 988 1331 1044 οὐδέποτε·
1418 990 1477 1043 ού
1551 991 1651 1062 γάρ
1729 993 1790 1052 μέ
1846 1007 1926 1048 τις

322 1088 544 1141 πτοήσει
606 1092 704 1135 τῶν
763 1081 1065 1134 ἀποκτεῖναι
1138 1084 1228 1152 μέν
1285 1083 1343 1131 τό
1404 1087 1556 1151 σῶμα
1603 1074 1922 1149 δυναμένων,

321 1172 657 1245 λυμήνασθαι
711 1168 769 1224 δε
790 1169 1147 1243 μηδοπωσοῦν
1209 1170 1501 1241 ἰσχυόντων
1550 1188 1649 1240 μου
1708 1176 1769 1226 τῆ
1824 1166 1927 1237 ψυ-

320 1270 423 1332 χῆ,
472 1262 537 1321 ὡς
589 1264 615 1313 ό
663 1267 753 1313 καὶ
805 1260 991 1331 ψυχὴν
1049 1263 1179 1333 πρὸς
1247 1268 1318 1327 τῷ
1375 1266 1581 1329 σωματι
1643 1254 1927 1327 δυνάμενος

319 1349 593 1416 ἀπολέσαι,
640 1351 729 1403 ἇτε
787 1346 1115 1423 δημιουργός
1170 1349 1237 1399 ὠν
1294 1346 1483 1419 ἀμφοῖν
1528 1350 1617 1398 καὶ
1669 1342 1928 1405 δεσπότης

320 1441 558 1493 ὑπέθετο.

391 1704 493 1768 κζ’,
552 1711 669 1765 Πῶς
738 1706 907 1757 οἴεσθε
985 1701 1124 1755 ταῦτ’
1195 1699 1508 1761 ἀκούσαντες
1584 1696 1929 1763 ὃιετέθησαη

319 1800 437 1855 Πῶς
471 1797 521 1845 οὶ
549 1798 643 1851 τὴν
675 1792 832 1867 ὀφρύν
866 1792 921 1844 ἐκ
950 1800 1041 1844 τοῦ
1077 1790 1359 1863 βασιλείου
1418 1792 1641 1863 κράνους
1696 1790 1931 1860 αὐχοῦν-

314 1902 400 1944 τες
464 1889 556 1941 τὴν
639 1886 899 1941 τοσαύτην

316 1972 454 2025 Βέλεε
491 1974 628 2025 καθά
653 1993 755 2025 τινι
811 1977 905 2030 τὴν
960 1968 1185 2047 καρδίαν
1254 1970 1567 2028 ἐϐλήθησαν·
1612 1970 1780 2022 τοίνυν
1837 1972 1927 2020 καὶ

318 2064 692 2134 συνεχύθησαν
745 2071 817 2133 τῷ
868 2064 1039 2133 θυμῷ,
1104 2067 1193 2113 καὶ
1261 2061 1498 2133 ἐκμανεῖς
1582 2060 1923 2131 ἐγεγόνεισαν,

314 2150 417 2203 κάκ
444 2160 535 2203 τοῦ
567 2154 720 2226 ἔργου
750 2159 904 2203 τοῦτο
963 2155 1321 2225 παρέστησαν·
1379 2150 1437 2202 ού
1480 2153 1581 2222 γὰρ
1633 2148 1711 2200 ότι
1767 2152 1922 2220 γυνὴ,

314 2238 540 2293 ούδ“ὃτι
562 2245 650 2293 τόν
683 2239 798 2312 βίον
839 2243 997 2302 ὁσίως
1048 2260 1101 2293 τε
1167 2246 1257 2293 καὶ
1324 2238 1604 2312 ἀμέμπτως
1656 2234 1921 2300 διήνυσεν,

317 2331 391 2391 εἰς
422 2338 540 2383 νοῦν
591 2330 721 2392 ὅλως
780 2330 977 2399 ἔϐαλον,
1030 2329 1132 2381 ἀλλ’
1181 2330 1304 2382 ὡσεί
1363 2349 1479 2381 τινα
1528 2328 1746 2393 λῃστήν,
1800 2327 1926 2379 ὡσεὶ

314 2439 433 2472 τινα
480 2427 791 2493 κακοῦργον,
854 2424 883 2478 ἦ
938 2425 1026 2471 καὶ
1078 2440 1131 2471 τι
1184 2428 1280 2470 τῶν
1350 2418 1706 2480 ἐξωλεστάτων
1764 2416 1924 2478 ἄλλως

313 2515 540 2580 γυναίων
577 2512 827 2586 ῥιπτοῦσι
883 2514 1019 2562 κατὰ
1074 2518 1187 2581 γῆς,
1271 2510 1619 2581 μαστίζουσιν
1697 2506 1918 2567 ἀπηνῶς.

316 2600 453 2654 Ἀλλ’
480 2603 528 2653 οἱ
567 2605 656 2673 μεν
686 2604 919 2669 ἔτυπτον,
952 2606 1042 2653 καὶ
1072 2602 1169 2658 ὅση
1200 2619 1259 2671 γε
1302 2600 1462 2672 ἰσχύς
1488 2602 1724 2667 ἔτυπτον,
1774 2600 1803 2655 ἡ
1871 2594 1921 2650 δ’

321 2690 395 2752 εἰς
444 2691 661 2766 οὐρανὸν
699 2694 787 2742 τόν
828 2698 945 2742 νοῦν
998 2690 1325 2754 ἀνατείνασα,
1376 2694 1464 2741 καὶ
1529 2688 1618 2746 όλη
1677 2706 1918 2759 γενομένη

315 2786 407 2832 τοῦ
437 2786 742 2854 κρείττονος,
774 2777 887 2851 εὖγε
924 2788 1017 2832 τοῦ
1048 2779 1316 2853 θάρσουςι
1374 2787 1487 2849 εῦγε
1540 2786 1634 2839 τῆς
1682 2777 1747 2837 εἰς
1793 2780 1921 2830 Θεὸν

1322 2878 1412 2929 τῆς
1526 2872 1883 2939 γενναιότητος
1905 2867 1916 2921 !

1284 2960 1549 3031 στερέωμόί

315 2872 674 2933 πεποιθήσεως
691 2870 702 2923 !
729 2873 977 2945 ὑπέρευγε
1043 2873 1207 2926 ταύτη

314 2959 451 3029 onst
460 2958 574 3012 αλλε
629 2964 833 3032 κειμένη
845 2980 855 2992 ⁸
988 2962 1175 3032 Κύριος

312 3055 589 3121 καταφυγὴ
619 3069 739 3122 μου,
772 3055 862 3101 καὶ
890 3050 1085 3123 ρύστης
1131 3068 1251 3119 you-
1313 3050 1337 3099 ό
1388 3054 1516 3109 Θεός
1581 3066 1680 3119 μου
1727 3045 1919 3119 βοηθός

1252 3142 1343 3189 καὶ
1413 3136 1737 3210 ἀντιληπτωρ
1796 3156 1917 3207 μου,

1642 2976 1741 3028 μου
1831 2961 1920 3008 καὶ

312 3157 435 3209 μου,
492 3142 644 3213 κέρας
690 3143 956 3212 σωτηρίας
1042 3157 1162 3211 μου,

311 3230 366 3279 ὅν
420 3226 795 3299 ἐπικαλουμένη
890 3229 1220 3299 σωθήσομαι.

312 3315 695 3389 ῦπερϐόσομαι,
729 3320 787 3368 τό
851 3324 945 3378 τῆς
1001 3312 1317 3377 κακοδοξίας
1380 3323 1530 3367 τοῦτο
1585 3311 1917 3388 διάφραγμα,

308 3404 335 3457 ὁ
364 3402 686 3477 διατειχίζει
830 3414 983 3475 Θεοῦ,
1020 3403 1343 3477 διατειχίζεί
1376 3403 1434 3458 δε
1463 3412 1552 3458 καὶ
1593 3414 1688 3466 τῆς
1750 3404 1920 3476 ἀφρά-

311 3513 439 3546 στου
469 3494 661 3556 ἐκείνης
679 3501 767 3548 καὶ
798 3494 1025 3553 ἄληκτον
1056 3500 1528 3570 μακαταριότητος.

1302 3231 1401 3279 Καὶ
1452 3234 1628 3297 τείχος
1671 3225 1721 3277 ἐν
1780 3225 1920 3295 αὐτῷ

1669 419 1739 475 ΙΝ
1783 418 1839 475 S.
1881 415 2351 474 THEODOSIAM.

3585 413 3690 470 918

2032 556 2242 598 verum
2269 540 2449 597 etiam
2479 538 2645 596 omni
2678 553 2926 612 prorsus
2985 537 3333 595 exciderunt
3393 552 3520 611 spe,
3553 553 3690 612 qua

2032 630 2344 703 paululum
2371 645 2473 685 eos
2498 628 2824 701 decipiens,
2858 628 3138 701 probavit
3175 643 3324 694 esse,
3358 632 3423 685 ut
3461 627 3543 684 ait
3570 626 3688 697 ille,

2034 719 2415 775 stultissimos
2438 717 2723 774 virorum.
2746 717 2829 773 Illi
2854 718 3013 773 enim
3039 718 3422 773 verberantes
3442 717 3692 773 instrue-

2032 808 2255 865 bantet
2284 806 2824 877 dirigebantictus:
2858 807 2991 879 ipsa
3014 822 3153 862 vero
3201 804 3369 862 nihili
3434 820 3539 862 eos
3597 804 3689 863 fa-

2034 898 2217 964 ciens,
2237 901 2301 953 ut
2330 897 2471 952 vidit
2496 912 2532 953 a
2558 896 2906 951 verberibus
2924 896 3000 952 ad
3031 895 3217 951 verba
3236 910 3477 951 rursum
3503 895 3685 952 deve-

2031 986 2159 1042 nire
2189 989 2472 1058 paratos:
2503 984 2696 1052 Quod,
2740 984 2955 1056 inquit,
3008 983 3200 1039 facere
3242 982 3414 1039 vultis
3480 982 3689 1039 incun-

2033 1080 2260 1131 ctanter
2274 1074 2554 1146 peragite.
2572 1074 2763 1129 Nostis
2787 1088 2881 1129 me
2896 1072 2973 1128 ab
2997 1087 3068 1128 ea
3089 1088 3281 1145 quam
3310 1088 3471 1128 nunc
3487 1071 3687 1129 habeo

2035 1170 2229 1220 mente
2252 1164 2655 1219 discessuram
2673 1177 3009 1235 nunquam.
3043 1165 3157 1217 Nec
3183 1177 3326 1217 sane
3360 1161 3689 1235 quisquam

2034 1270 2131 1308 me
2164 1252 2431 1307 terruerit
2460 1267 2690 1320 eorum,
2722 1251 2827 1320 qui
2865 1266 3084 1323 corpus
3114 1250 3365 1322 quidem
3389 1250 3553 1306 istud
3590 1266 3690 1307 oc-

2034 1342 2228 1398 cidere
2241 1340 2741 1414 possunt,animee
2764 1344 2965 1395 autem
2986 1339 3487 1412 meaejmolestiam
3507 1338 3694 1396 ullam

2036 1430 2245 1487 afferre
2275 1446 2398 1485 non
2427 1434 2703 1502 possunt,
2735 1428 3255 1501 quemadmodum
3288 1432 3483 1499 potest
3510 1427 3561 1484 is
3588 1428 3695 1501 qui

2038 1521 2304 1575 animam
2333 1535 2453 1574 una
2474 1518 2720 1590 perdere
2750 1517 3055 1574 valetcum
3082 1532 3352 1589 corpore,
3376 1517 3521 1589 quia
3570 1523 3695 1573 tam

2037 1609 2219 1679 hujus
2249 1625 2433 1680 quam
2460 1608 2616 1663 illius
2651 1609 2843 1663 factor
2868 1611 2957 1662 est
2985 1612 3042 1663 et
3092 1612 3343 1663 creator.

2110 1702 2196 1753 26.
2227 1700 2352 1764 Qua
2380 1698 2610 1754 ratione
2641 1697 2884 1753 affectos
2915 1697 3093 1752 fuisse
3121 1696 3341 1769 putatis
3381 1696 3513 1753 hac
3578 1712 3692 1753 au-

2037 1786 2310 1842 dientes?
2336 1803 2458 1859 quo
2490 1786 2673 1841 modo
2707 1790 2940 1841 tantum
2968 1786 3060 1841 sui
3098 1785 3370 1857 ipsorum
3426 1789 3693 1842 contem-

1000 1890 1137 1954 σφῶν
1208 1886 1580 1955 περιφρόνησιν
1672 1880 1890 1950 ἤνεγκαν
1914 1897 1927 1947 ;
1971 1894 2009 1948 Β
2036 1881 2207 1946 ptum
2233 1876 2538 1948 excepisse
2564 1891 2692 1943 eos,
2712 1890 2771 1947 qn

1919 1897 1927 1947 ;
1971 1894 2009 1948 Β
2036 1881 2207 1946 ptum
2233 1876 2538 1948 excepisse
2564 1891 2692 1943 eos,
2712 1874 2815 1947 qui
2845 1874 2925 1931 ob
2953 1874 3162 1931 datam
3209 1872 3322 1930 sibi
3380 1889 3417 1929 a
3462 1874 3690 1931 crudeli

2034 1967 2390 2039 imperatore
2444 1968 2822 2037 potestatem,
2894 1963 3180 2021 tollebant
3252 1962 3687 2037 supercilium?

2032 2055 2515 2125 Transﬁgebatur
2545 2070 2648 2110 cor
2677 2068 2887 2110 eorum
2912 2053 3069 2110 velut
3082 2052 3285 2125 jaculo
3308 2053 3600 2126 quodam,
3628 2056 3687 2111 et

2033 2146 2137 2201 toti
2158 2143 2684 2200 confundebantur
2704 2158 2827 2216 prae
2883 2141 3102 2210 furore,
3153 2141 3685 2215 eﬂieiebanturque

2032 2234 2247 2304 rabidi,
2288 2240 2345 2291 et
2387 2250 2493 2307 per
2534 2233 2912 2289 iracundiam
2969 2232 3233 2304 agebant
3283 2234 3507 2289 omnia.
3556 2236 3687 2289 Non

2033 2324 2193 2380 enim
2218 2323 2467 2379 omnino
2488 2322 2548 2377 in
2576 2326 2837 2377 mentem
2869 2321 2981 2377 sibi
3031 2320 3229 2377 venire
3280 2320 3684 2393 patiebantur,

2034 2419 2134 2471 aut
2162 2412 2328 2486 quod
2353 2411 2563 2467 mulier
2583 2415 2756 2477 esset,
2790 2415 2893 2467 aut
2912 2410 3079 2483 quod
3103 2409 3257 2466 adeo
3286 2409 3564 2483 religiose
3602 2410 3689 2467 in-

2031 2503 2386 2576 culpateque
2418 2502 2691 2564 vixisset;
2721 2501 2849 2569 sed,
2870 2500 3048 2557 veluti
3072 2500 3411 2557 maleﬁcam
3438 2504 3495 2557 et
3520 2500 3690 2557 femi-

2031 2609 2250 2649 narum
2280 2591 2553 2647 omnium
2603 2591 2874 2647 ultimam
2922 2591 3499 2664 nequissimamque,
3560 2590 3691 2648 solo

2031 2682 2369 2740 afﬂixerunt
2391 2682 2844 2738 etinclementer
2863 2680 3265 2753 ﬂagellarunt.
3283 2680 3691 2739 Verberabant

2028 2774 2130 2841 illi,
2156 2777 2212 2828 et
2240 2771 2639 2828 verberabant
2660 2771 2886 2827 viribus
2915 2771 3073 2838 totis,
3100 2771 3239 2844 ipsa
3288 2786 3430 2828 vero
3482 2774 3687 2829 mente

2027 2874 2090 2931 in
2115 2862 2333 2920 caelum
2364 2861 2583 2927 deﬁxa,
2616 2862 2913 2932 etmajora
2948 2860 3315 2934 melioraque
3336 2861 3544 2919 omnia
3595 2876 3691 2918 co-

2028 2954 2225 3022 gitans
2249 2952 2308 3023 (o
2346 2952 2643 3021 insignem
2672 2950 2858 3007 animi
2888 2950 3295 3007 fortitudinem
3323 2950 3410 3007 !‘o
3441 2952 3689 3022 pracla-

2028 3059 2158 3099 ram
2184 3043 2244 3097 in
2278 3044 2463 3096 Deum
2488 3040 2808 3096 fiduciam!
2837 3056 2873 3096 o
2898 3056 3215 3113 nunquam
3243 3041 3389 3097 satis
3431 3041 3689 3101 laudan-

2028 3131 2170 3187 dam
2203 3131 2658 3200 generositatem
2713 3130 2857 3199 !);in
2911 3134 3133 3185 terram
3190 3129 3326 3186 licet
3382 3136 3688 3203 prostrata

2028 3223 2159 3278 haec
2180 3238 2211 3276 e
2230 3220 2481 3276 Psalmis
2532 3219 2795 3275 suaviter
2821 3218 3210 3275 concinebat:
3242 3221 3531 3277 Dominus
3585 3222 3688 3279 ﬁr-

2032 3314 2407 3367 mamentum
2430 3325 2635 3365 meum
2662 3314 2718 3365 et
2746 3308 3045 3382 refugium
3067 3324 3292 3377 meum,
3325 3314 3382 3366 et
3403 3310 3689 3370 liberator

2030 3416 2223 3457 meus.
2258 3402 2411 3454 Deus
2438 3415 2631 3464 meus,
2665 3397 2984 3454 auxiliator
3010 3414 3201 3463 meus,
3235 3414 3423 3455 cornu
3481 3400 3688 3458 salutis

2032 3506 2203 3559 mete,
2219 3494 2277 3545 et
2297 3492 2609 3560 susceptor
2633 3504 2827 3558 meus,
2844 3503 3027 3561 quem
3058 3488 3349 3544 invocans
3373 3489 3542 3547 salva
3562 3506 3687 3557 ero,

306 3584 371 3640 in
396 3583 529 3656 ipso
554 3585 960 3655 transgrediar
989 3601 1270 3652 murum;
1318 3600 1584 3652 murum,
1628 3585 1902 3657 inquam,
1961 3579 2369 3655 perversitatis
2423 3579 2623 3650 hujus,
2675 3578 2781 3651 qui
2828 3583 3071 3651 separat
3126 3594 3163 3635 a
3217 3577 3338 3635 Deo
3377 3584 3560 3653 atque
3609 3581 3690 3639 ab

310 3677 535 3729 interna
561 3672 973 3745 ineﬂ‘abilique
999 3674 1057 3730 in
1087 3673 1254 3729 oculis
1281 3672 1628 3729 beatudine.

386 3760 611 3822 κξ.Ἧν
656 3762 745 3814 οὖν
788 3759 917 3814 ίδείν
970 3764 1199 3834 αἱμάτων
1252 3761 1306 3814 ἐκ
1366 3759 1628 3836 διαφόρων
1676 3768 1765 3813 τοῦ
1823 3766 1922 3813 σώ-

315 3870 475 3923 ματος
542 3860 709 3925 μερῶν
780 3852 1165 3926 προχεομένους
1237 3857 1501 3926 κρουνούς,
1595 3848 1923 3922 ἑδαφος,φοι-

311 3946 640 4014 νισσόμενόν,
694 3946 929 4016 κέρματα
1002 3950 1207 4015 σαρκῶν
1270 3940 1478 3994 ἂλλοθεν
1536 3941 1665 3993 ἄλλα
1709 3937 1920 3993 διασκι-

314 4027 561 4103 δνάμενα,
624 4040 777 4103 σῶμα
830 4032 1076 4094 καθάπαξ
1140 4031 1474 4100 καταξανθεν,
1542 4040 1695 4103 σῶμα
1760 4050 1917 4082 κατα-

307 4118 513 4186 ϐληθεν,
546 4126 634 4172 καὶ
689 4124 790 4193 πρό
840 4129 935 4182 τῆς
985 4123 1179 4195 φθορᾶς
1233 4140 1422 4196 μικρου
1482 4123 1638 4193 φάναι
1696 4117 1914 4192 διαφθα-

308 4212 412 4280 ρεν,
441 4208 649 4281 ψυχὴν,
679 4206 730 4262 δ’
758 4208 959 4279 ἀπαθῆ,
1014 4215 1105 4263 καὶ
1150 4215 1302 4271 ὅντως
1356 4209 1767 4285 ούρανοϐάμονα·
1820 4214 1914 4267 τὴν

306 4300 410 4371 γάρ
460 4318 542 4351 τοι
602 4299 823 4371 κεφαλὴν
895 4301 925 4358 ἡ
986 4305 1223 4373 μακαρία
1280 4297 1793 4373 διάρασα,Τύπτετε
1847 4300 1913 4359 ὠς

308 4386 472 4459 ἰσχύς
520 4390 640 4460 ὑμῖν
718 4391 834 4460 ἔφη,
911 4392 1149 4441 τύπτετε·
1230 4388 1317 4462 ἐμὲ
1361 4393 1485 4461 γὰρ,
1539 4385 1593 4440 εὖ
1648 4389 1773 4456 ίστε,
1818 4396 1915 4449 τῆς

304 4478 597 4547 προθέσεως
652 4475 877 4539 ούδόλως
948 4478 1250 4546 ἐκστήσετε,
1323 4475 1445 4531 οὐδε
1491 4486 1599 4539 τοῖς
1652 4478 1911 4549 ὑμετέροις

304 4565 590 4638 θελημασιν
614 4566 883 4619 ύποκλῐναι
928 4565 1238 4626 δυνήσεσθε.
1273 4567 1405 4640 ⁷Αρ’
1466 4568 1559 4620 ούκ
1624 4566 1905 4640 ἐμφιλοσο-
1947 4615 1991 4670 D

364 4662 373 4670 ο
599 4660 606 4670 ι
716 4664 731 4670 η.
772 4657 782 4670 9
804 4664 812 4670 ι
900 4658 924 4670 ν
950 4660 957 4670 σ
1160 4654 1181 4670 λ
1306 4663 1313 4670 .
1537 4652 1557 4667 ν
1602 4658 1612 4670 I
1708 4658 1718 4670 1
1839 4666 1859 4670 ..-

307 4662 520 4729 φώτατα
557 4660 614 4708 τό
644 4664 734 4708 τοῦ
772 4657 1100 4729 Ἀναξάρχου
1147 4654 1493 4725 διενοήσατο,
1529 4652 1612 4731 ἆρ’
1664 4658 1722 4710 ού
1744 4666 1906 4731 κρεῖτ-

301 4765 387 4798 τον
413 4744 625 4816 ἐκείνου,
654 4753 747 4797 τοῦ
772 4746 855 4799 ἐπὶ
910 4752 1235 4817 γενναιότητι
1294 4744 1608 4817 διαϐοήτου,
1672 4756 1763 4799 τοῦ
1814 4752 1907 4806 τὴν

307 4840 492 4906 σοφίαν
570 4834 993 4910 πολυθρυλλητου
1072 4840 1130 4888 τό
1214 4847 1368 4908 σῶμα
1431 4842 1903 4912 περιπεφρόνηκεν,

304 4925 365 4978 Εἰ
393 4927 494 5000 γὰρ
526 4930 616 4977 καὶ
647 4930 717 4997 μὴ
754 4925 973 4978 θύλακον
1005 4930 1209 4999 ἔφησεν,
1254 4927 1355 4979 ἀλλ’
1423 4926 1629 4999 ἐνόμισε
1680 4932 1769 4979 καὶ
1817 4935 1907 4979 τοῦ

303 5011 531 5087 μηδενὸς
556 5018 796 5086 ετίμησε,
857 5024 1089 5088 κρεῖττον
1140 5019 1293 5078 ὄντως
1340 5016 1532 5069 ἐκείνου
1598 5026 1687 5069 και
1739 5016 1906 5089 ἐφιλοσ-

303 5108 503 5176 σόφήσε
532 5109 622 5156 καὶ
672 5101 984 5176 ἠνὸρίσατο.
1031 5105 1090 5157 Ὀ
1136 5110 1225 5177 μὲν
1284 5110 1384 5180 γὰρ
1438 5105 1516 5158 ἐπ’
1561 5105 1731 5177 όλίγον
1790 5105 1908 5178 ἐμα-

300 5194 524 5264 στίχθη,
557 5198 646 5245 καὶ
678 5193 742 5255 ὠς
768 5193 817 5245 ἐν
852 5196 1046 5269 θεάτρῳ
1085 5202 1190 5255 τοῖς
1242 5202 1644 5268 παρατυχοῦσιν
1696 5194 1906 5267 ἐμφανί-

300 5282 677 5351 ζεσθαιῆθελε,
730 5288 820 5336 καὶ
872 5290 965 5343 τὴν
1021 5286 1144 5360 παρ’
1210 5285 1487 5359 ἀνθρώπων
1543 5283 1700 5348 δόξαν
1760 5284 1906 5361 ἐκαρ-

298 5375 433 5445 τέρει
491 5374 806 5447 θηρώμενος,
880 5378 929 5427 οῖ
1003 5394 1055 5427 τε
1138 5379 1239 5448 γὰρ
1290 5378 1501 5449 ὁρωντες
1578 5375 1901 5448 στιζόμενον,

297 5467 389 5515 καὶ
452 5470 562 5524 ταῖς
617 5463 847 5527 στίξεσιν
902 5466 959 5517 ού
1013 5471 1510 5539 κατακαμπτόμενον
1567 5465 1903 5537 ἐτεθήπεσαν,

369 5625 817 5702 (6)-ᾼηᾶπειτοὴί
832 5628 1292 5697 Abderitae,cum
1308 5631 1479 5702 jussu
1502 5632 1902 5689 Nicocreontis

296 5697 496 5770 Cyprii
517 5702 783 5777 tyrranni
821 5702 881 5757 in
903 5718 1088 5758 saxeo
1106 5697 1391 5777 mortario
1412 5704 1896 5777 contunderetur,

296 5786 369 5829 ea
392 5785 509 5829 vox
543 5771 832 5831 laudatur
872 5790 910 5831 a
961 5776 1209 5843 Laertio,
1264 5776 1565 5843 Cicerone,
1624 5771 1894 5835 Valerioi

2104 3760 2190 3813 27.
2218 3759 2467 3815 Cernere
2496 3757 2676 3828 igitur
2705 3760 2833 3813 erat
2859 3757 3021 3814 rivos
3070 3758 3246 3831 quasi
3299 3760 3613 3832 sanguinis
3656 3777 3690 3819 e

2030 3850 2211 3907 variis
2236 3848 2488 3918 virginei
2512 3846 2851 3920 corpusculi
2876 3848 3149 3920 partibus
3181 3849 3567 3921 proﬂuentes,
3596 3868 3690 3910 so-

2027 3939 2156 3996 lum
2186 3944 2609 4012 purpuratum,
2656 3938 2931 3994 carnium
2981 3938 3172 3996 frusta
3218 3938 3335 3997 alio
3382 3940 3501 3998 alia
3551 3942 3687 4000 loco

2028 4046 2260 4103 sparsa,
2274 4046 2491 4102 corpus
2505 4044 2752 4100 prorsus
2763 4027 3049 4101 lacerum,
3065 4044 3285 4103 corpus
3300 4031 3682 4106 dissolutum,

2027 4126 2083 4177 et
2104 4127 2242 4177 ante
2266 4125 2520 4176 mortem
2543 4119 2720 4191 quasi
2766 4125 3224 4191 praemortuum,
3283 4136 3423 4179 cum
3480 4123 3687 4182 anima

2025 4210 2260 4265 interim
2282 4208 2748 4282 perturbationis
2760 4223 2974 4280 expers
2989 4210 3050 4264 in
3063 4209 3198 4281 ipso
3223 4210 3685 4283 quodammodo

2025 4299 2180 4357 cculo
2193 4300 2412 4354 versari
2451 4297 2770 4354 videretur.
2804 4297 3033 4354 Etenim
3063 4298 3300 4356 sublato
3324 4300 3683 4373 aliquantis-

2025 4404 2130 4460 per
2145 4388 2337 4461 capite
2360 4406 2372 4453 ;
2392 4386 2727 4454 Vcrberate,
2746 4387 3078 4459 inquiebat,
3091 4392 3388 4461 quantum
3409 4393 3680 4465 potestis,

2023 4477 2170 4549 quin
2200 4476 2381 4532 etiam
2406 4480 2653 4532 cunctas
2680 4476 2742 4530 in
2761 4475 3015 4532 verbera
3041 4476 3245 4534 afferte
3267 4478 3420 4535 vires
3444 4496 3457 4547 ;
3489 4483 3679 4539 nostis

2024 4567 2203 4631 enim,
2239 4583 2275 4622 a
2299 4566 2551 4639 pristina
2572 4566 2786 4622 mentis
2817 4566 3108 4623 sententia
3137 4567 3302 4624 nullo
3344 4585 3442 4626 me
3494 4572 3681 4631 modo

2022 4657 2489 4723 dimovendam;
2522 4672 2631 4713 nec
2660 4655 2868 4712 vestris
2899 4672 3173 4729 unquam
3216 4658 3526 4717 desideriis
3583 4679 3681 4721 me

2022 4747 2315 4818 subjicere
2333 4746 2619 4819 poteritis.
2643 4748 2848 4802 Nonne
2862 4761 3005 4817 ergo
3045 4748 3213 4819 quod
3235 4748 3296 4805 in
3321 4753 3680 4811 Anaxarcho

2018 4840 2097 4910 (6)
2130 4837 2492 4910 philosopho
2523 4836 2632 4893 fuit
2661 4836 3194 4909 praeclarissimum
3240 4839 3550 4910 insigniter
3599 4849 3680 4901 te-

2017 4929 2195 4985 nuit?
2221 4944 2421 4985 nonne
2453 4928 2665 4983 melius
2685 4943 2871 5000 quam
2910 4927 3025 4995 ille,
3060 4928 3139 4985 ob
3162 4929 3537 4989 nobilitatem
3586 4951 3678 4993 ce-

2018 5018 2223 5087 lebris,
2251 5024 2308 5075 et
2333 5018 2413 5075 ob
2440 5018 2800 5090 sapientiam
2822 5017 3219 5085 clarissimus,
3250 5036 3469 5095 corpus
3495 5040 3672 5083 suum

2018 5109 2419 5181 contempsit?
2434 5108 2490 5164 Si
2517 5108 2696 5177 enim,
2722 5107 2949 5164 femina
2969 5109 3280 5178 exsistens,
3300 5111 3480 5170 molle
3503 5115 3673 5186 nihil,

2015 5199 2165 5255 nihil
2191 5200 2373 5254 sensit
2401 5202 2505 5255 aut
2534 5197 2683 5253 dixit
2720 5197 3070 5267 femineum,
3118 5215 3230 5256 nec
3281 5203 3536 5261 reverita
3586 5212 3678 5265 est

2015 5305 2388 5361 quemquam
2414 5308 2426 5358 ;
2461 5287 2778 5343 sublimius
2795 5288 3061 5360 profecto
3077 5306 3262 5362 quam
3288 5291 3384 5349 ille
3404 5293 3676 5367 philoso-

2015 5380 2202 5451 phata
2226 5384 2336 5446 est,
2362 5383 2418 5435 et
2446 5378 2795 5450 generosius
2827 5378 2965 5449 egit.
2999 5378 3101 5435 Hic
3138 5379 3414 5439 videlicet
3455 5384 3675 5459 exiguo

2016 5468 2215 5525 solum
2234 5473 2502 5541 tempore
2519 5466 2871 5524 verberibus
2902 5473 3215 5539 contusus,
3238 5475 3674 5544 spectatoribus

2014 5657 2042 5685 ‹‹
2070 5633 2295 5700 Tunde,
2329 5632 2514 5690 tunde
2558 5634 2897 5691 Anaxarchi
2969 5636 3189 5705 follem,
3246 5640 3675 5701 Anaxarchum

2010 5706 2173 5763 enim
2204 5723 2327 5763 non
2355 5706 2580 5763 tundis.
2612 5727 2639 5755 n
