4484 6446
807 424 910 479 919

2009 423 2464 480 CONSTANTINI
2500 423 2986 481 ACROPOLITA-Z.

4073 425 4180 480 920

806 547 1001 619 gestiit
1019 546 1541 618 quemadmodum
1563 547 1624 604 in
1643 548 1873 604 theatro
1885 549 2246 621 conspicuus
2276 553 2462 618 esset;
2500 557 2547 609 Α
2575 572 2577 598 τ

2401 553 2462 618 ιῑ;
2500 557 2664 609 Ακαι
2722 553 2771 602 οἱ
2847 551 3188 622 μαστίξοντες
3255 551 3499 622 παραυτὰ
3549 547 3956 621 μεταδληθέντες
4011 549 4172 602 ἐθαύ-

806 637 1191 693 ethominum
1208 637 1632 693 tantummodo
1652 638 1894 694 laudem
1916 643 2313 705 consectatus,
2351 639 2463 695 for-

805 725 937 780 titer
965 725 1139 796 fecit;
1177 742 1316 780 cum
1350 725 1572 781 scilicet
1601 731 1924 798 praesentes
1975 727 2467 800 obstupescerent

804 814 1138 882 hominem,
1162 815 1420 886 subipsa
1443 816 1796 871 contusione
1837 831 1908 871 ne
1930 817 2177 888 quidem
2204 833 2335 872 sese
2355 823 2466 872 tor-

805 907 1089 975 quentem
1115 903 1176 958 in
1203 903 1380 968 latus,
1409 904 1644 976 ipsique
1671 905 1775 976 qui
1824 921 1962 960 eum
2018 907 2465 962 contundebant

2573 640 2760 712 μαζον⁸
2845 641 2940 697 τὴν
3017 636 3076 691 δέ
3151 658 3210 710 γε
3257 643 3518 710 μακαρίαν
3564 642 3758 694 ταύτην
3800 641 3849 691 οἱ
3903 639 4178 698 τύπτοντες

2577 731 2782 799 σύναιμα
2809 731 2966 780 κοιοί
3003 732 3322 799 τυπτομένην
3383 730 3622 798 θεώμενοι
3679 727 3783 797 οὐχ
3849 729 3929 778 ὅτι
3976 746 4034 797 ’γε
4083 727 4178 778 οὐκ

2574 817 2752 875 ἠλέουν
2814 817 2940 869 αλλά
2964 837 3052 868 και
3075 817 3287 888 ἐμίσουν
3341 815 3395 867 ἐκ
3449 815 3651 887 ψυχῆς,
3712 836 3800 866 και
3857 812 4178 888 ἐλοιδοροῦν-

2573 926 2630 959 το
2662 910 2825 965 ταύτη
2857 916 2946 968 τῆς
2972 907 3236 975 ἀπονοίας,
3271 927 3358 958 και
3390 905 3711 967 ἐταλάνιζον.

806 991 1129 1046 commotis
1172 992 1392 1047 animis
1437 993 1720 1048 eumdem
1759 993 2214 1050 demirarentur.
2249 999 2485 1050 Beatam
2529 1012 2667 1052 vero
2709 997 2887 1065 hanc,
2931 1001 3054 1053 tam
3085 998 3187 1069 qui
3232 996 3563 1065 caedebant,
3597 1011 3786 1067 quam
3828 995 3934 1067 qui
3959 1010 4179 1052 cassam

806 1080 1181 1152 spectabant,
1210 1097 1332 1136 non
1355 1082 1559 1150 modo,
1601 1098 1724 1137 non
1755 1083 2217 1151 miserebantur,
2255 1085 2360 1139 sed
2381 1085 2787 1143 infensissimo
2812 1103 3056 1160 quoque
3094 1086 3614 1159 prosequebantur
3644 1086 3805 1155 odio,
3841 1091 3896 1142 et
3934 1086 4179 1141 demen-

806 1169 952 1226 tiam
977 1170 1030 1225 ei
1060 1169 1469 1242 objectabant,
1503 1176 1748 1243 propter
1771 1189 1958 1245 quam
1999 1189 2132 1229 eam
2161 1173 2456 1245 putabant
2489 1175 2804 1231 infelicem.

875 1262 964 1314 28.
987 1261 1207 1314 Revera
1235 1264 1376 1331 post
1393 1259 1553 1314 illam
1576 1261 1678 1316 Dei
1695 1277 1879 1333 supra
1900 1267 2180 1317 naturam
2223 1278 2468 1318 omnem

803 1346 987 1418 positi
1016 1347 1514 1414 incarnationem,
1545 1348 1616 1402 iis
1647 1365 1891 1421 quoque
1936 1350 2040 1422 qui
2089 1351 2202 1405 sub
2253 1355 2468 1407 natura

804 1439 946 1491 sunt
968 1452 1154 1508 supra
1174 1440 1451 1492 naturam
1478 1452 1653 1507 agere
1674 1438 1864 1494 multa
1876 1440 2064 1511 etpati
2106 1455 2463 1495 concessum

804 1523 934 1581 fuit.
963 1528 1165 1598 Neque
1230 1526 1293 1581 id
1357 1527 1654 1584 immerito
1689 1545 1701 1595 ;
1733 1529 1958 1600 quippe
2007 1534 2224 1584 natura
2297 1530 2462 1585 omni

805 1614 1097 1686 superior,
1112 1619 1461 1687 naturaeque
1475 1615 1716 1671 effector
1730 1618 1904 1684 Deus,
1919 1621 1975 1672 et
1991 1622 2206 1689 praeter
2233 1623 2462 1672 natura:

803 1705 968 1776 leges
999 1710 1176 1760 natus
1196 1705 1382 1761 homo
1408 1705 1719 1778 multaque
1760 1723 1946 1777 supra
1968 1708 2096 1778 ejus
2151 1708 2306 1762 vires
2340 1707 2460 1763 efﬁ-

805 1811 936 1852 cere
961 1794 1189 1865 valens,
1217 1800 1448 1850 natura:
1483 1811 1727 1867 quoque
1757 1795 1921 1852 dedit
1958 1797 2250 1853 nonnulla
2279 1813 2461 1869 supra

802 1885 958 1940 vires
989 1885 1237 1957 perpeti,
1271 1885 1794 1956 quemadmodum
1824 1886 1885 1940 in
1912 1886 2025 1941 hac
2077 1886 2254 1942 beata
2305 1886 2456 1942 fecit.

804 1976 935 2040 Quo
960 1974 1120 2029 enim
1143 1973 1330 2028 modo
1353 1973 1574 2028 valeret
1615 1974 1858 2040 femina,
1907 1975 2216 2031 imbecillis
2292 1993 2459 2032 sexu,

803 2064 1166 2138 paenitentiis
1198 2065 1509 2135 exhausta,
1536 2080 1781 2136 corpore
1812 2066 2161 2121 verberibus
2196 2067 2276 2122 sic
2298 2067 2458 2122 lace-

802 2160 954 2222 rato,
980 2158 1181 2227 atque,
1229 2158 1294 2209 ut
1345 2154 1426 2209 ita
1483 2154 1706 2224 dicam,
1738 2155 2060 2227 discerpto,
2113 2155 2256 2212 talia
2312 2157 2463 2212 inter

802 2243 1038 2300 medios
1059 2243 1358 2299 cruciatus
1393 2244 1610 2298 sentire
1655 2248 1711 2300 et
1763 2245 2034 2315 profari?
2062 2245 2346 2317 Equidem
2376 2246 2460 2301 sic

803 2334 1096 2402 existimo,
1163 2332 1434 2388 divinam
1512 2333 1928 2402 Theodosiam,
1979 2335 2459 2392 Macbabaaorum

801 2423 1098 2495 exemplo,
1115 2438 1542 2494 corporearum
1557 2424 1830 2479 omnium
1853 2423 2238 2480 affectionum
2267 2424 2460 2480 domi-

800 2529 944 2569 nam
975 2513 1352 2568 constituisse
1420 2513 1736 2581 rationem,
1798 2529 1931 2569 vere
1970 2515 2275 2584 invictam,
2325 2530 2460 2569 vere

799 2601 1296 2674 insuperabilem.
1332 2603 1733 2668 Ca3terum,ut
1773 2606 1898 2658 tam
1949 2602 2174 2658 fortiter
2219 2607 2460 2674 tamque

799 2695 1140 2748 constanter
1157 2689 1456 2745 cruciatus
1485 2690 1846 2762 peracerbos
1871 2690 1947 2746 ab
1969 2707 2039 2746 ea
2067 2691 2343 2746 sustineri
2374 2691 2459 2745 vi-

797 2779 1129 2852 deruntqui
1145 2778 1847 2851 eosinferebant,partim
1861 2781 2108 2852 quidem
2139 2781 2305 2852 quod
2331 2781 2460 2836 afe-

796 2870 1165 2926 minavictos
1179 2868 1408 2940 seipsos
1421 2867 2092 2941 erubescerent,partim
2115 2875 2323 2925 contra
2353 2886 2461 2924 su-

797 2958 1184 3030 amipsorum
1198 2957 1556 3028 pravitatem
1571 2962 1839 3027 agentes,
1855 2963 1912 3014 et
1939 2958 1999 3012 in
2039 2958 2269 3014 rabiem
2300 2973 2457 3029 quo-

795 3046 1129 3104 dammodo
1158 3046 1474 3118 acti,quod
1497 3051 1637 3101 tunc
1661 3063 1850 3103 unum
1886 3053 2216 3120 supererat,
2247 3047 2307 3103 in
2334 3062 2460 3103 car—

2650 1266 2755 1322 κη’.
2819 1263 3012 1325 ’Ὁντως
3071 1265 3201 1336 μετά
3256 1268 3350 1321 την
3405 1272 3495 1315 τοῦ
3553 1265 3813 1334 ὑπεφυοῦς
3850 1270 3983 1316 Θεοῦ
4040 1262 4181 1314 ἐναν-

2578 1347 2847 1417 θρωπησιν
2903 1352 3163 1419 καρτερεῖν
3251 1347 3313 1396 τὰ
3360 1346 3486 1417 ὑπὲρ
3563 1347 3717 1415 φύσιν
3786 1350 3888 1402 τοῖς
3945 1345 4043 1394 ὑπὸ
4089 1346 4183 1413 φύ-

2578 1453 2658 1486 σιν
2726 1437 3066 1505 κεχάρισται,
3167 1453 3256 1484 και
3309 1435 3444 1484 κατά
3534 1432 3684 1502 λόγον
3742 1434 3915 1491 ὄντως.
3973 1433 4031 1483 Ὀ
4073 1434 4177 1504 γὰρ

2574 1526 2698 1593 ὑπὲρ
2726 1527 2879 1596 φύσιν
2927 1528 3062 1592 Θεὸς,
3119 1543 3208 1574 και
3263 1531 3354 1583 τῆς
3399 1525 3594 1594 φύσεως
3664 1519 3987 1594 δημιουργὸς
4049 1523 4177 1594 ὑπὲρ

2573 1616 2727 1684 φύσιν
2777 1633 2828 1665 τε
2898 1618 3141 1684 γεγονὼς,
3232 1632 3321 1664 και
3404 1615 3468 1663 τά
3537 1613 3662 1684 ὑπὲρ
3737 1614 3885 1682 φύσιν
3957 1611 4178 1683 ἐνηργη-

2571 1708 2695 1768 κῶς,
2755 1707 2916 1774 φέρειν
2983 1709 3042 1759 τῆ
3121 1704 3272 1772 φύσει
3329 1704 3394 1751 τὰ
3468 1702 3592 1772 ὑπὲρ
3651 1699 3813 1757 αὐτὴν
3869 1699 4174 1771 ἐχαρίσατο,

2571 1792 2724 1843 ὁποῖά
2777 1811 2835 1861 γε
2885 1791 2979 1842 κᾶν
3059 1798 3117 1848 τῆ
3202 1794 3439 1863 μακαρίᾳ
3506 1792 3666 1845 ταυτη
3723 1789 4033 1840 τετελεσταιο
4086 1807 4180 1839 και

2571 1888 2680 1940 πῶς
2725 1883 2826 1953 γὰρ
2894 1879 3058 1940 άλλως
3103 1883 3326 1950 ἴσχυσεν
3373 1877 3432 1928 ἆν
3489 1880 3701 1948 γύναιον
3744 1876 3938 1928 ἁπαλὸν
3981 1884 4041 1934 τῆ
4085 1880 4180 1947 φυ-

2502 1969 2542 2022 Β
2575 1989 2672 2034 σει,
2725 1970 2930 2021 ἐκτακεν
3013 1977 3072 2027 τῆ
3131 1968 3376 2030 ἀσκήσει,
3435 1970 3527 2028 τάς
3583 1970 3781 2040 σάρκας
3820 1966 3953 2018 οὑτω
4021 1985 4180 2016 κατα-

2575 2062 2928 2130 στιχθεν,και
2957 2059 3019 2119 ὠς
3079 2059 3237 2111 εἰπεῖν
3301 2055 3730 2132 διασπαραχθεν,
3777 2064 3996 2108 τοιαῦτα
4040 2055 4182 2126 φιλο-

2574 2148 2746 2220 σοφεῖν
2770 2149 2816 2201 ἐν
2843 2157 2954 2210 τοῖς
2974 2151 3193 2202 πάθεσιν
3220 2167 3231 2215 ;
3259 2147 3455 2208 ’Ὸντως
3505 2148 3867 2220 αὐτοκράτορα
3917 2155 4012 2196 τῶν
4080 2165 4179 2197 πα-

2575 2240 2673 2289 Θῶν
2716 2241 2802 2290 τόν
2870 2238 3122 2310 λογισμὸν
3188 2241 3323 2290 κατά
3404 2241 3518 2297 τοὺς
3593 2236 3754 2288 πάλαι
3802 2235 4182 2295 Μακκαϐαίους

2571 2331 2918 2399 παρέστησεν,
3023 2331 3176 2387 ὅντως
3237 2325 3514 2390 ἀήττητον,
3632 2324 3787 2386 ὄντως
3860 2323 4184 2394 ἀκαταγωνί-

2574 2435 2714 2471 στον.
2743 2416 2880 2474 Πλὴν
2921 2415 3026 2466 ἀλλ’
3091 2418 3160 2477 ὠς
3193 2412 3331 2467 εἶδον
3387 2416 3520 2466 οὕτω
3571 2433 3812 2485 γενναιως
3860 2416 3954 2473 τὰς
4004 2411 4180 2484 βασά-

2570 2525 2708 2571 νους,
2772 2505 2905 2557 οὓτω
2961 2514 3222 2580 καρτερῶς
3275 2510 3550 2576 φέρουσαν,
3601 2511 3752 2555 τοῦτο
3804 2506 3894 2574 μὲν
3932 2504 4180 2572 ’γυναικός

2571 2596 2858 2667 ἡττώμενοι
2888 2615 2978 2647 και
3025 2599 3119 2653 τὴν
3179 2591 3336 2652 ἧτταν
3397 2592 3856 2665 ἐπαισχυνόμενοι,
3915 2599 4066 2644 τοῦτο
4119 2587 4180 2642 δὲ

2569 2693 2662 2745 τῆς
2750 2694 2889 2757 σφῶν
2963 2681 3280 2748 κακοδοξίας
3370 2683 3784 2754 ἀντιποιούμενοι
3827 2702 3917 2733 και
3969 2683 4073 2733 οἷον
4124 2681 4180 2734 ἐκ

2573 2778 2926 2850 θηριοὺμενοι,
2998 2781 3054 2827 τό

2574 2885 2649 2933 σι,
2680 2885 2769 2916 και
2799 2873 2908 2926 τοῖς
2933 2873 3026 2925 τῆς
3050 2871 3275 2937 φρουρᾶς
3333 2859 3722 2938 παραδιδοῦσι,
3789 2857 3998 2926 δεινοῖς,
4049 2864 4183 2931 κάμ-

2569 2953 2668 3025 ψαι
2707 2959 2898 3012 ταύτην
2944 2957 3076 3006 οὕτω
3122 2953 3448 3026 βουλόμενοι,
3504 2973 3594 3004 και
3641 2959 3712 3022 τῷ
3771 2949 4022 3023 βασιλείῳ
4077 2950 4180 3000 καθ

3139 2795 3198 2845 γε
3235 2783 3322 2826 νῦν
3382 2775 3512 2825 εἶναι
3561 2778 3762 2847 φρουρᾷ
3802 2776 4178 2845 παραπέμπου-

2571 3045 2827 3108 υποτάξαι
2860 3043 3178 3117 βουλήματι.

793 3153 990 3193 cerem
1017 3138 1410 3192 amandatam
1438 3136 1840 3193 carceralibus
1866 3137 2111 3194 tradunt
2141 3137 2450 3202 aerumnis,
2476 3135 2560 3191 ita
2589 3150 2724 3191 eam
2745 3133 2995 3204 fatigare
3025 3134 3309 3199 volentes,
3343 3136 3400 3189 et
3429 3131 3605 3203 regias
3623 3130 3868 3188 tandem
3884 3128 4181 3200 subjicere

792 3226 1108 3283 voluntati.

865 3320 955 3372 29.
989 3318 1119 3371 Non
1149 3315 1359 3387 paucis
1381 3314 1598 3370 deinde
1628 3314 1850 3387 elapsis
1896 3315 2132 3382 diebus,
2188 3331 2328 3371 cum
2382 3315 2455 3370 de
2495 3314 2534 3371 C

794 3420 866 3462 ea
897 3405 1116 3461 iterum
1161 3404 1490 3476 periculum
1534 3404 1816 3468 facerent,
1853 3406 2256 3477 eamdemque
2306 3406 2456 3461 sicut

792 3498 930 3551 ante
957 3494 1275 3566 persistere
1305 3493 1659 3560 invenirent,
1692 3509 1763 3552 ac
1795 3495 2067 3566 ejusdem
2121 3510 2455 3564 cognosce-

790 3589 924 3641 rent
950 3598 1196 3640 manere
1253 3585 1582 3653 sententiae,
1627 3589 1878 3640 mortem
1931 3585 2061 3655 ejus
2103 3585 2450 3640 decernunt.

791 3676 922 3730 Mox
941 3673 1040 3730 alii
1071 3672 1357 3728 manibus
1383 3688 1520 3728 eam
1560 3674 1942 3744 accipientes,
1967 3673 2064 3729 alii
2086 3689 2193 3745 per
2246 3673 2453 3745 capitis

790 3763 995 3818 velum
1031 3761 1352 3831 trahentes,
1375 3762 1508 3817 aliis
1539 3762 1637 3818 alii
1687 3763 1957 3834 corporis
1997 3763 2286 3818 membris
2318 3778 2452 3817 eam

791 3856 1120 3925 raptantes,
1164 3851 1327 3907 velut
1351 3867 1534 3924 pecus
1561 3852 1895 3925 quoddam,
1930 3852 2234 3908 ducebant
2273 3852 2351 3908 ad
2371 3852 2453 3908 la-

792 3942 1042 3999 nienam
1067 3942 1447 3998 innocentem
1477 3942 1576 3996 Dei
1601 3941 1907 4009 buculam,
1939 3942 2210 4012 ejusdem
2234 3941 2455 3998 stabuli

790 4035 851 4088 et
873 4032 1084 4104 pascui
1104 4035 1469 4096 consortem,
1492 4046 1689 4103 neque
1713 4031 1791 4087 ab
1812 4032 1897 4086 eis
1935 4031 2134 4088 divelli
2179 4047 2452 4103 unquam

795 4137 858 4177 se
883 4136 1152 4194 passam.
1186 4123 1316 4177 Non
1342 4119 1590 4176 deerant
1620 4120 1857 4176 interim
1883 4123 1986 4193 qui
2019 4137 2152 4176 eam
2185 4125 2455 4193 percute-

792 4217 944 4277 rent,
974 4216 1030 4267 et
1057 4210 1446 4266 inclementer
1463 4210 1846 4266 verberarent
1873 4229 1886 4279 ;
1912 4227 2056 4267 nam
2078 4218 2322 4267 caeteros
2352 4210 2457 4283 qui

794 4317 931 4358 eam
960 4300 1255 4365 convitiis,
1279 4315 1311 4355 e
1337 4299 1515 4371 pleno
1545 4299 1633 4370 (ut
1659 4299 1899 4372 dicitur)
1925 4301 2194 4373 plaustro
2235 4301 2457 4371 petitis,

795 4390 1133 4447 onerabant
1192 4389 1403 4446 omitto
1455 4389 1675 4445 dicere.
1747 4393 2071 4463 Postquam
2129 4394 2328 4447 autem
2387 4405 2458 4445 eo

795 4485 1106 4541 venerunt,
1139 4478 1244 4534 ubi
1269 4479 1656 4534 decreverant
1685 4478 1870 4534 ﬁnem
1945 4479 2140 4534 facere
2201 4479 2270 4534 iis
2325 4496 2458 4551 quae

795 4569 1193 4628 intendebant
1223 4568 1631 4638 (decreverant
1663 4573 1862 4624 autem
1895 4569 1955 4624 id
1988 4569 2182 4625 facere
2235 4569 2295 4624 in
2336 4585 2460 4624 ma-

2637 3314 2735 3370 κθῖ

2566 3424 2657 3456 και
2687 3411 2868 3475 πεῖραν
2910 3403 3069 3462 αὐτῆς
3107 3405 3452 3474 ποιησάμενοι

2823 3314 2882 3366 Ὠ
2960 3311 3019 3366 δὲ
3088 3322 3187 3365 τῶν
3265 3315 3469 3387 ἡμερῶν
3536 3310 3713 3382 ὀλίγαι
3733 3307 4178 3384 παρεληλύθεσαν,

3529 3401 3635 3454 ἐπει
3676 3405 3762 3456 την
3822 3399 3984 3456 αὐτὴν
4028 3395 4182 3458 αὖθις

2567 3494 2736 3566 εὗρον,
2795 3498 2888 3550 τὴν
2938 3493 3096 3551 αὐτὴν
3144 3489 3296 3554 αὖθις
3346 3491 3666 3562 ἀνέγνωσαν,
3721 3485 4180 3548 καταδικάζουσιν

2569 3584 2732 3643 αὐτῆς
2764 3585 3003 3635 θάνατον.
3052 3583 3227 3635 Ἔνθεν
3285 3601 3367 3633 τοι
3419 3601 3509 3632 και
3567 3582 3615 3631 οἱ
3672 3581 3760 3651 μεν
3830 3585 3930 3630 τῶν
3985 3585 4182 3650 χειρῶν

2563 3675 2759 3733 ταύτης
2807 3671 3098 3743 λαϐόμενοι,
3177 3673 3225 3723 οἱ
3285 3667 3344 3722 δὲ
3409 3679 3504 3730 τῆς
3589 3667 3810 3739 κεφαλῆς
3878 3666 4183 3738 καλύπτρας

2565 3757 3074 3834 δραξάμενοι,οῐλλοι
3106 3757 3155 3812 δ’
3205 3760 3360 3812 οἰλλου
3417 3760 3602 3831 μέρους
3659 3766 3750 3809 του
3803 3763 4042 3828 σώματος
4080 3755 4184 3807 εἶλ-

2562 3869 2672 3919 κον,
2703 3870 2794 3901 και
2823 3851 2891 3912 ὠς
2924 3849 3180 3922 βόσκημα
3232 3847 3358 3920 ἦγον
3439 3849 3522 3901 ἐπι
3573 3852 3778 3921 σφαγὴν
3831 3851 3925 3904 τὴν
3972 3845 4184 3916 ἀπειρό-

2563 3959 2720 3992 κακον
2753 3941 2817 4000 ὡς
2849 3938 3051 4001 ἀληθῶς
3107 3946 3241 3993 Θεοῦ
3303 3935 3550 4011 δάμαλιν,
3605 3958 3693 3989 και
3748 3944 3841 3997 τῆς
3890 3936 4050 3994 αὐτῆς
4101 3954 4187 3986 νο·

2564 4037 2668 4101 μῆς
2692 4047 2743 4080 τε
2802 4048 2891 4079 και
2948 4025 3187 4101 μάνδρας
3228 4027 3599 4100 ἀντεχομένην,
3650 4047 3741 4078 και
3800 4031 3871 4098 μὴ
3916 4032 4184 4096 μεταστῆ-

2564 4139 2648 4170 ναι
2690 4123 2748 4170 τό
2797 4121 3043 4191 παράπαν
3099 4119 3258 4178 αὐτῆς
3317 4116 3654 4190 ἀνεχομένην.
3703 4116 3820 4170 Εἰσί
3873 4111 3920 4166 δ’
3973 4113 4021 4166 οἱ
4072 4116 4184 4166 ἔτυ-

2565 4228 2692 4261 πτον
2723 4209 2870 4278 ἐντῷ
2903 4208 3118 4280 μεταξὺ,
3172 4228 3262 4260 καί
3321 4207 3544 4268 ἀνηλεῶς
3600 4209 3835 4258 ἔτυπτονο
3896 4207 4019 4264 τοὺς
4073 4207 4179 4277 γὰρ

2568 4298 2749 4367 ὕϐρεσι
2772 4297 3051 4358 πλύνοντας
3073 4319 3161 4349 και
3201 4298 3268 4359 ὠς
3327 4297 3378 4360 ἐξ
3426 4297 3648 4369 ἁμάξης,
3690 4298 3715 4348 ὅ
3773 4315 3923 4367 φασι,
3981 4290 4182 4346 διαλοι-

2572 4386 2918 4462 δορουμένους
2990 4394 3240 4462 παρίημι.
3319 4387 3454 4441 Ἀλλ’
3524 4388 3729 4459 ἐπείπερ
3780 4386 4010 4457 ἐφθασαν
4059 4386 4180 4436 ὅποι

2573 4476 2640 4537 δὴ
2670 4479 2811 4539 τέλος
2833 4475 3016 4530 δοῦναι
3046 4481 3345 4551 προῦκειτο,
3371 4485 3476 4538 τοῖς
3526 4479 3662 4528 κατά
3708 4479 3901 4528 σκοπόν
3960 4474 4029 4544 (ἐν
4082 4493 4182 4545 μα-

2572 4569 2730 4639 κέλλῳ
2761 4565 2810 4620 δ’
2843 4569 3021 4630 αὐτοῖς
3068 4572 3362 4643 προῦκειτο,
3422 4569 3485 4619 ἶν’
3535 4573 3603 4628 ὡς
3642 4561 3854 4638 ἀμνάδα
3895 4561 4184 4638 παραδῶσι

797 4661 947 4718 cello
976 4661 1072 4731 (7),
1097 4663 1162 4714 ut
1183 4663 1474 4730 tanquam
1500 4658 1628 4713 Ovis
1640 4658 2017 4729 jugularetur
2037 4665 2140 4714 aut
2168 4658 2344 4714 veluti
2364 4660 2458 4730 ju-
2500 4679 2550 4735 η

2410 4675 2458 4714 1-
2500 4679 2550 4735 η
2578 4667 2882 4730 σφαγῆ.και
2914 4658 2980 4719 ὠς
3003 4661 3122 4709 ἕντι
3167 4667 3264 4709 τῶν
3317 4665 3516 4714 κτηνῶν
3574 4662 3863 4720 κτείνωσιν,
3924 4656 4036 4726 οἶμα
4091 4657 4181 4724 μὲν

798 4755 1073 4808 mentum
1102 4753 1467 4804 mactaretur
1504 4754 1630 4804 tam
1651 4748 1730 4804 ad
1777 4749 2204 4805 contumeliam
2249 4750 2460 4820 ipsius,

799 4856 991 4914 quam
1017 4839 1098 4895 ad
1157 4838 1415 4896 aliorum
1471 4837 1634 4894 idem
1715 4855 1856 4894 cum
1900 4839 2035 4911 ipsa
2084 4839 2464 4895 sentientium

800 4929 1163 5000 irrisionem)
1193 4945 1206 4995 ;
1239 4932 1584 5001 postquam,
1639 4933 1703 4984 ut
1759 4929 1902 4996 dixi,
1969 4945 2296 5001 pervenere
2343 4944 2467 5001 quo

801 5018 1111 5087 volebant,
1181 5017 1536 5075 carniﬁcum
1612 5033 1920 5075 nonnemo
1977 5034 2206 5074 novum
2290 5018 2469 5090 quid-

803 5109 951 5166 dam
992 5111 1049 5164 et
1115 5106 1426 5164 insolitum
1481 5109 1838 5178 excogitavit
1872 5125 1884 5163 :
1917 5107 2081 5164 illam
2122 5108 2283 5178 enim
2331 5122 2468 5180 quae

804 5200 1017 5274 capitis
1029 5198 1398 5256 abscissione
1409 5198 2120 5271 autmachasrteimpulsu
2142 5199 2467 5272 peragitur,

804 5296 1066 5351 mortem
1109 5289 1395 5346 acerbam
1429 5289 1679 5362 quidem
1707 5289 2000 5359 accidere,
2029 5293 2292 5345 attamen
2321 5288 2468 5344 tole-

805 5381 1060 5440 rabilem
1092 5379 1514 5436 arbitrabatur.
1548 5384 1796 5452 Arrepto
1823 5379 2026 5452 itaque
2047 5379 2215 5452 quod
2261 5379 2324 5434 in
2373 5378 2471 5434 via

809 5472 1056 5547 publica
1070 5471 1216 5527 forte
1230 5469 1593 5527 offerebatur
1604 5471 1880 5540 cornu(8)
1911 5470 2191 5540 virginem
2209 5473 2470 5524 sanctam

881 5623 960 5693 (7)
994 5623 1074 5678 De
1098 5621 1232 5677 loco
1280 5635 1461 5693 supra
1509 5621 1638 5693 jam
1669 5623 1870 5693 actum
1907 5623 2015 5676 est.
2069 5617 2346 5693 Melitenen
2371 5634 2473 5693 au;

811 5690 954 5763 tem,
995 5690 1370 5750 Latinalicef
1404 5690 1524 5748 vox
1573 5692 1666 5762 sit,
1725 5691 1907 5747 etiam
1961 5690 2182 5746 Paulus
2231 5690 2394 5752 dixit,
2453 5691 2473 5746 Ι

811 5769 944 5839 Cor,
977 5783 1031 5834 x,
1065 5770 1153 5823 25.
1186 5764 1494 5820 Μακελλιῑον
1540 5764 1679 5830 alii;
1731 5763 1872 5820 hinc
1921 5763 2309 5834 λεωμακελ).ιον,
2359 5765 2473 5819 Ma-

2578 4749 2649 4810 εἰς
2678 4749 2871 4820 χλεύην
2924 4756 3020 4808 τῆς
3071 4753 3351 4820 μακαρίας,
3406 4749 3515 4817 οἶμα
3563 4743 3620 4798 δὲ
3666 4765 3755 4797 και
3811 4753 3910 4796 τῶν
3961 4742 4186 4816 όμοφρόο

2575 4860 2671 4890 νων
2696 4841 2858 4896 ταύτη
2923 4837 3261 4908 κατάγελων),
3323 4835 3429 4888 ἀλλ’
3483 4838 3548 4898 ὡς
3604 4835 3722 4888 ὁποι
3787 4831 3854 4892 δὴ
3914 4854 4004 4885 και
4058 4831 4185 4904 βού-

2577 4930 2744 4982 λοιντο
2796 4933 3164 5000 παραγένοιντο
3203 4937 3301 4979 τῶν
3349 4947 3431 4988 τις
3500 4923 3704 4998 δημίων
3785 4927 4076 4996 καινότερον
4135 4942 4188 4975 τι

2580 5016 2911 5077 διενοήσατο·
2946 5019 3040 5077 την
3063 5021 3152 5090 μὲν
3181 5021 3282 5090 γὰρ
3343 5013 3435 5069 διὰ
3490 5024 3580 5068 τοῦ
3631 5016 3805 5088 ξίφους
3856 5018 4040 5086 τομὴν,
4101 5032 4186 5064 πι-

2579 5112 2705 5185 κρὰν
2757 5112 2848 5181 μεν
2905 5128 2995 5160 καί
3075 5107 3235 5168 ἄλλως
3297 5104 3578 5180 ὀδυνηρὰν,
3653 5105 3759 5157 ἀλλ’
3818 5101 3906 5157 οὖν
3960 5106 4187 5178 φορητὸν

2582 5196 2649 5258 δή
2702 5219 2811 5262 πως
2863 5200 3123 5269 ἡγήσατο,
3155 5218 3245 5249 και
3299 5203 3393 5255 τὴν
3449 5194 3542 5249 διὰ
3593 5199 3870 5269 μαχαίρας
3918 5194 4185 5253 ὡσαύτως.

2583 5293 2745 5364 Κέρας
2815 5286 2901 5341 οὖν
2959 5299 3057 5340 τῶν
3103 5290 3512 5361 παρευρεθὲντων
3564 5286 3755 5352 λαϐὼν,
3812 5285 3883 5346 εἰς
3959 5293 4058 5355 γῆν
4135 5302 4191 5334 τε

2579 5387 2673 5443 τὴν
2727 5383 2909 5452 Ἀγίαν
2986 5378 3313 5448 καταϐακὼν,
3386 5399 3477 5430 και
3528 5387 3618 5438 τῆς
3669 5383 3838 5450 κόμης
3889 5379 4019 5450 πρὸς
4073 5373 4192 5426 ἑαυ-

3882 5467 4023 5532 ὠθεί,
4101 5468 4195 5515 καὶ

2580 5477 2667 5526 τόν
2715 5471 3006 5531 ἀνακλάσας
3087 5468 3181 5523 διὰ
3249 5477 3339 5522 τοῦ
3415 5478 3776 5542 γαργαρεῶνος

2582 5615 2796 5672 cellum
2828 5614 3144 5689 publicum
3174 5611 3731 5689 apudCedrenum.
3843 5685 3852 5689 Α
3970 5679 4008 5689 υ
4057 5680 4087 5689 ν,
4133 5679 4188 5689 η

2653 5691 2728 5758 (8)
2743 5679 3070 5743 Ατῐθιὶηυω
3089 5679 3274 5742 cornu
3290 5685 3467 5741 fuisse
3480 5683 3704 5740 indicat
3721 5685 3928 5738 auctor
3951 5679 4194 5737 distichi

2586 5761 2646 5817 in
2672 5759 3034 5833 Synaxariis.
