4484 6446
335 436 433 490 921
1670 432 1738 486 ΙΝ
1781 432 1836 487 S.
1877 431 2105 487 THEOD

1923 428 2348 487 HEODOSIAM.
3590 428 3693 482 922

336 556 660 620 σπονδύλους
709 560 872 630 τούτῳ
928 555 1206 629 διατεμὼν,
1291 560 1579 631 πικρότατα
1661 565 1749 615 τῆς
1812 560 1924 614 τους
2038 569 2106 626 pr

1923 577 1924 608 ;
2038 553 2356 626 prosternit
2387 553 2515 608 solo
2547 569 2560 616 ;
2598 556 2652 608 et
2677 552 2942 608 crinibus
2957 566 3091 607 eam
3105 549 3694 621 oorripiens‘magna

331 659 489 709 πνοῆς
510 649 670 706 αὐτὴν
703 647 998 721 ἀφαιρεῖται
1018 650 1222 718 σύναμα
1251 651 1339 698 καὶ
1370 654 1461 707 τῆς
1486 646 1640 706 ζωῆς.
2039 644 2096 698 vi

2039 644 2096 698 vi
2128 645 2186 698 in
2214 643 2492 713 jugulum
2529 646 2604 711 (9)
2635 658 2822 698 cornu
2860 641 3127 714 impellit,
3161 645 3219 695 et
3243 639 3528 695 diffractis
3559 651 3691 711 qua:

331 736 546 791 deinde
568 741 887 790 occurrunt
916 735 1220 797 vertebris,
1251 733 1642 788 acerbissimo
1669 749 1806 788 cum
1838 731 2060 787 doloris
2092 746 2270 786 sensu
2297 732 2570 802 Spiritum
2603 731 2850 802 martyri
2885 730 3188 800 vitamque
3220 727 3461 783 ademit.

403 824 462 878 λ’.
497 829 595 877 Καί
625 827 673 876 οἱ
709 828 796 895 μεν
825 824 956 875 οὓτω
986 827 1049 874 τὰ
1077 826 1210 874 κατὰ
1241 824 1402 894 θυμόν
1450 821 1678 879 ἔπλησαν
1712 842 1724 854 ο
1785 823 1813 878 ἡ
1877 817 1935 872 δέ
2115 823 2174 874 30

2115 823 2202 874 30.
2238 823 2428 890 Atqne
2451 819 2509 874 hi
2540 819 2785 890 quidem
2813 834 2885 873 ea
2912 833 3034 890 qua
3065 817 3286 871 dictum
3331 821 3420 870 est
3466 814 3693 870 ratione

329 916 482 975 εὐθὺς
557 923 655 965 τῶν
704 915 817 964 κατ’
881 917 1050 985 ἔφεσιν
1104 915 1260 983 ἔτυχε
1321 933 1332 944 ·
1386 914 1768 984 παραπομποὺς
1831 913 1931 983 γαρ
2044 909 2100 964 fu

1923 931 1931 961 ι
2044 909 2307 965 furorem
2331 925 2504 964 suum
2529 909 2962 980 expleverunt;
3012 907 3308 962 Thodosia
3356 921 3497 961 vero
3544 905 3694 960 votis

331 1003 584 1074 ἀγγέλους
638 1005 844 1074 εὑρήκει
893 1008 980 1053 καὶ
1038 1003 1400 1075 προπομπούς,
1475 1003 1523 1052 οἱ
1600 1004 1689 1051 καὶ
1770 1018 1928 1070 προη·
2044 1013 2102 1052 ac

1921 1030 1928 1037 -
2044 1013 2114 1052 ac
2146 998 2454 1053 desideriis
2489 997 2610 1052 suis
2657 997 2904 1052 omnino
2957 997 3143 1068 potita
3193 1000 3302 1050 est.
3354 994 3692 1050 leestium

326 1100 514 1162 γοῦντο
564 1095 778 1154 ταύτης,
807 1096 897 1142 καὶ
942 1090 1052 1161 μετ’
1101 1089 1375 1160 εὐφημίας,
1433 1093 1786 1161 παρέπεμπον,
1843 1093 1932 1139 καὶ
2042 1103 2097 1158 ql

1922 1097 1932 1139 ι
2042 1087 2265 1158 quippe
2281 1086 2590 1155 geniorum
2614 1086 3062 1156 praecedentium
3078 1083 3693 1155 subsequentiumque

327 1181 395 1240 εἰς
421 1180 636 1255 οὐρανόν
666 1178 721 1231 ἔκ
755 1188 850 1250 γῆς
899 1177 1255 1250 μετεϐίϐαζον.
1310 1181 1468 1248 Τάχα
1521 1174 1571 1230 δ’
1632 1177 1691 1228 ἂν
1741 1177 1932 1247 ἀναγο-
2043 1191 2098 1230 cc

1923 1207 1932 1216 -
2043 1175 2325 1230 comitatu
2359 1176 2595 1244 stipata,
2630 1189 2751 1229 non
2780 1176 2904 1228 sine
2932 1174 3151 1242 insigni
3173 1171 3424 1227 laudum
3473 1187 3694 1243 praeco-

325 1275 450 1339 μένη
483 1277 702 1321 τοιαῦτα
726 1271 792 1320 τὰ
815 1273 942 1341 πρός
971 1271 1060 1328 τὰς
1111 1267 1303 1340 ἀρχὰς,
1358 1272 1488 1339 πρός
1549 1270 1642 1326 τὰς
1694 1267 1934 1328 ἐξουσίας
2042 1265 2096 1319 ni

1921 1287 1934 1326 ;
2042 1265 2212 1330 nio,e
2239 1265 2408 1320 terris
2447 1265 2508 1320 in
2538 1265 2756 1319 coelum
2809 1263 3068 1318 deducta
3108 1263 3235 1317 fuit.
3293 1263 3445 1316 Dum
3492 1266 3692 1317 autem

324 1361 455 1429 μετὰ
514 1357 818 1432 παρρησίας
881 1356 1175 1428 ἐφθέγγετο,
1241 1355 1446 1426 "maior;
1508 1361 1658 1427 κέρας
1720 1375 1818 1426 μου
1884 1353 1931 1406 ἐν
2043 1369 2095 1408 as

1922 1376 1931 1402 ρ
2043 1353 2409 1421 ascenderet,
2442 1356 2672 1424 poterat
2720 1353 2796 1407 ad
2844 1353 3212 1424 principatus
3266 1355 3323 1406 et
3373 1355 3693 1422 potestates

324 1455 439 1501 Θεῶ
470 1467 590 1518 μου.
625 1447 706 1499 Ἐν
755 1449 854 1517 γὰρ
914 1446 1047 1514 οὐτῷ
1101 1448 1217 1504 τούς
1271 1443 1420 1515 ἰμους
1480 1444 1702 1517 ἐχθροὺς
1750 1444 1930 1518 ἐκερὰ-
2043 1443 2087 1496 si

1921 1476 1930 1486 -
2043 1443 2125 1497 sic
2155 1442 2405 1498 ﬁdenter
2433 1442 2596 1513 loqui
2632 1461 2643 1507 ;
2681 1441 3012 1497 Exaltatum
3057 1445 3148 1496 est
3181 1456 3368 1495 cornu
3398 1455 3602 1494 meum
3633 1440 3692 1494 in

325 1555 472 1600 τισα,
506 1542 595 1587 καὶ
626 1544 712 1586 νυν
743 1531 858 1586 ἰδοὺ
885 1538 1013 1605 πρὸς
1055 1534 1210 1584 αὐτόν
1249 1537 1452 1604 οἱπειμι,
1513 1533 1666 1584 αὐτόν
1725 1538 1932 1604 αμέσως
2046 1531 2096 1584 [)η

1922 1557 1932 1595 ;
2046 1531 2166 1586 Deo
2207 1547 2380 1595 meo;
2444 1531 2542 1585 illo
2595 1532 2818 1602 quippe
2877 1531 3152 1602 prOpitio,
3197 1529 3472 1584 inimicos
3528 1543 3693 1583 meos

324 1628 412 1676 τόν
453 1620 523 1675 δι’
563 1623 648 1694 ἔμε
709 1624 958 1694 γεγονότα
1004 1622 1117 1673 κατ’
1177 1621 1262 1693 ἐμὲ
1321 1628 1782 1694 προσκυνήσουσα,
1840 1632 1932 1684 τῆς
2040 1636 2095 1674 νε

1920 1645 1932 1684 ;
2040 1622 2321 1676 ventilavi
2355 1636 2542 1676 cornu
2577 1638 2589 1686 ;
2627 1628 2682 1676 et
2704 1636 2838 1676 ecce
2870 1635 3029 1674 nunc
3047 1619 3124 1675 ad
3155 1635 3293 1673 eum
3325 1617 3691 1689 proﬁciscor,

329 1719 660 1787 Θεομήτορος
730 1715 868 1774 θείας
932 1711 1398 1770 ἁπαπολαύσουσα,
1467 1713 1554 1770 τὰς
1632 1707 1725 1762 διὰ
1799 1720 1929 1782 Χρι-
2042 1711 2100 1782 ip

1921 1742 1929 1751 -
2042 1711 2365 1782 ipsummet
2397 1711 2500 1782 qui
2540 1727 2646 1781 pro
2679 1727 2772 1765 me
2807 1712 2996 1765 factus
3022 1714 3108 1764 est
3155 1709 3359 1763 homo.
3401 1708 3692 1762 velamine

325 1807 448 1854 στὸν
472 1801 798 1864 ἁθλησασας,
831 1800 922 1860 τὰς
971 1799 1252 1872 βιωσάσας
1297 1799 1460 1860 ἄλλως
1513 1802 1646 1850 κατά
1705 1805 1929 1870 Χριστόν
2041 1815 2096 1855 8]

1923 1823 1929 1844 ν
2041 1806 2244 1855 amoto
2277 1801 2622 1866 adoratura,
2655 1804 2708 1853 et
2737 1800 2928 1855 Matris
2959 1799 3088 1869 ejus
3151 1797 3540 1852 sanctissima:
3559 1795 3694 1851 frui-

321 1889 688 1962 ἀσπασομένη,
721 1895 933 1952 καὶτῆς
982 1898 1118 1958 σφῶν
1169 1889 1374 1960 ὁμιλίας
1426 1893 1926 1962 κατατρυφήσουσα,
1973 1891 2009 1944 Β
2041 1892 2092 1942 tu

1923 1935 1926 1950 .
1973 1891 2009 1944 Β
2041 1892 2172 1943 tura
2223 1893 2568 1959 conspectu,
2621 1904 2688 1942 ac
2740 1887 3070 1943 salutatura
3123 1891 3370 1941 caeteras
3418 1901 3553 1956 quae
3603 1883 3694 1939 vel

321 1983 449 2032 εἷπω
511 1979 819 2048 συνελοῦσα,
852 1988 950 2030 τῶν
1008 1984 1133 2040 τέως
1180 1997 1268 2048 μοι
1333 1987 1706 2049 προσκυνητών
1756 1981 1926 2029 τύπων
2039 1993 2092 2048 pl

1925 2002 1926 2012 ι
2039 1993 2150 2048 pro
2173 1977 2401 2033 Christo
2451 1992 2650 2047 passas
2702 1982 2839 2030 sunt
2877 1975 2969 2030 vel
3019 1975 3352 2029 secundum
3398 1974 3526 2043 ejus
3553 1989 3696 2044 prae-

326 2069 556 2140 ὀψομένη
589 2077 676 2120 νῦν
732 2067 1034 2140 ἀπέρχομαι
1097 2070 1162 2118 τὰ
1219 2072 1576 2139 πρωτότυπα·
1648 2066 1747 2118 ἀπό
1801 2074 1927 2134 γοῦν
2039 2082 2097 2120 CC

1922 2089 1927 2109 ν
2039 2073 2211 2137 cepta
2242 2066 2461 2127 vixere,
2491 2070 2546 2120 et
2585 2081 2656 2120 ex
2682 2081 2890 2120 earum
2924 2064 3377 2119 conversatione
3421 2078 3542 2117 non
3574 2063 3693 2116 exi-

321 2157 446 2229 ἐμου
487 2161 535 2208 οί
566 2162 966 2230 πονηρευόμενοι
1000 2159 1187 2217 παντες
1243 2155 1525 2213 ἀπόστητε.
1579 2156 1711 2207 Ἀλλ’
1753 2158 1782 2213 ἡ
1836 2161 1925 2228 μέν
2040 2171 2092 2223 gl

1920 2178 1925 2200 ν
2040 2171 2228 2223 guum
2252 2161 2502 2226 captura
2535 2155 2846 2224 gaudium.
2872 2153 3056 2223 Abeo,
3106 2152 3436 2224 inquiebat,
3483 2167 3691 2206 earum

324 2247 490 2308 οὕτως
545 2244 705 2317 εἶχεν,
766 2247 930 2306 οὔτως
985 2244 1247 2318 ἀνήρχετο
1280 2265 1290 2276 ·
1326 2247 1372 2296 oi
1441 2241 1499 2296 δέ
1546 2247 1736 2302 rat-371i;
1801 2263 1924 2316 προσ
2037 2246 2095 2300 iu

1922 2277 1924 2283 -
2037 2245 2392 2313 imaginum,
2423 2261 2579 2315 quas
2611 2243 2890 2313 religioso
2931 2258 3166 2313 semper
3192 2242 3352 2296 cultu
3411 2243 3693 2296 venerata

317 2339 673 2407 πορευόμενοι,
706 2339 1054 2405 παρεπόμενοί
1107 2353 1160 2385 τε
1222 2338 1311 2384 καὶ
1367 2338 1700 2403 συνεπόμενοι
1757 2339 1807 2383 τί
1864 2331 1924 2383 ἂν
2038 2351 2088 2389 ει

1923 2357 1924 2368 ι
2038 2350 2195 2398 sum,
2229 2333 2488 2405 ipsamet
2509 2339 2905 2403 conspectura
2941 2337 3278 2403 prototypa.
3327 2329 3617 2384 Discedite
3657 2344 3694 2384 a

318 2423 542 2489 ἕποίουν,
576 2429 665 2476 καὶ
703 2425 836 2484 ὅπως
894 2420 1188 2487 διέκειντο;
1242 2423 1300 2474 Εἰ
1350 2425 1450 2494 γὰρ
1502 2421 1586 2473 ἐπὶ
1625 2422 1697 2473 ἑνὶ
1750 2421 1923 2495 αμαρ-
2037 2438 2089 2478 m

1921 2453 1923 2461 ι
2037 2438 2133 2478 me
2166 2422 2346 2491 igitur
2383 2437 2594 2476 omnes
2626 2422 2729 2492 qui
2769 2420 3101 2492 operamini
3141 2419 3537 2490 iniquitatem.
3579 2421 3692 2473 Hoc

316 2513 462 2583 τωλῷ
501 2522 855 2585 μετανοοῦντι,
911 2513 980 2574 ὠς
1028 2515 1053 2564 ό
1113 2516 1294 2584 Κύριος
1345 2512 1501 2571 αὐτὸς
1555 2531 1744 2583 ειρηκε,
1802 2531 1925 2582 χαι·
2034 2512 2087 2567 it;

1922 2543 1925 2550 -
2034 2512 2234 2583 itaque
2275 2511 2456 2566 modo
2490 2511 2834 2566 Theodosiae
2897 2526 2989 2564 res
3044 2525 3174 2564 sese
3232 2509 3519 2573 habuere,
3579 2507 3693 2563 hac

314 2621 510 2677 ροντες,
559 2608 733 2666 πόσης
778 2603 838 2654 ἀν
871 2603 954 2655 ἐπί
999 2611 1060 2674 τῇ
1095 2603 1150 2654 ἐκ
1198 2599 1388 2663 παιδός
1439 2601 1585 2660 εὐθύς
1641 2601 1922 2674 εὐαρεστη-
2037 2617 2085 2654 re

1921 2635 1922 2641 η
2037 2601 2265 2656 ratione
2304 2600 2364 2655 in
2403 2599 2584 2655 caelos
2624 2600 2834 2654 evasit.
2879 2602 3044 2654 Nunc
3083 2603 3304 2661 autem,
3359 2597 3464 2668 qui
3528 2595 3692 2651 illam

318 2695 457 2765 σάσῃ
517 2701 614 2745 τῶν
671 2695 856 2744 τούτου
913 2694 1114 2762 θεσμῶν
1169 2698 1341 2762 χαρᾶς
1395 2711 1448 2743 τε
1505 2696 1593 2742 καὶ
1650 2687 1925 2762 χυμηδίας
2037 2706 2089 2761 pl

1921 2711 1925 2748 :
2037 2688 2598 2761 prmcedebant,qui
2630 2688 3073 2744 comitabantur
3103 2687 3328 2758 quique
3364 2685 3692 2756 subseque-

315 2781 546 2839 ἐπλήσαν
582 2800 595 2848 ;
2039 2779 2260 2834 bantur
2282 2778 2498 2848 angeli,
2523 2777 2671 2850 quid
2715 2778 2922 2833 fecisse
2949 2782 3053 2832 aut
3103 2775 3330 2848 quibus
3374 2774 3692 2829 incessisse

314 2871 514 2926 modis
545 2871 953 2926 arbitramur?
985 2870 1212 2925 Etenim
1243 2870 1291 2924 si
1323 2885 1501 2942 super
1529 2885 1649 2925 uno
1678 2874 1986 2941 peccatore
2021 2868 2434 2941 paenitentiam
2467 2874 2699 2936 agente,
2742 2865 3262 2938 quemadmodum
3302 2865 3554 2936 ipsemet
3586 2866 3694 2918 Do-

313 2961 511 3015 minus
560 2963 808 3014 testatus
864 2964 972 3024 est,
1015 2963 1249 3014 tantum
1279 2959 1425 3031 ipsis
1478 2959 1551 3014 sit
1596 2959 1911 3028 gaudium,
1962 2964 2192 3029 quanta
2241 2973 2343 3012 eos
2391 2957 2591 3012 laetitia
2628 2963 2856 3028 quanto
2913 2955 3136 3026 gaudio
3189 2954 3460 3009 dicemus
3509 2953 3694 3008 fuisse

311 3048 590 3122 repletos,
625 3047 705 3104 ob
743 3063 900 3113 eam,
933 3064 1070 3120 quae
1097 3063 1134 3103 a
1166 3047 1374 3120 primis
1404 3048 1539 3104 vitae
1562 3063 1687 3103 suae
1713 3048 1888 3103 annis
1920 3047 1972 3103 ei
2001 3046 2221 3119 placuit
2255 3063 2360 3119 per
2386 3046 2813 3106 mandatorum
2851 3046 2981 3117 ejus
3010 3043 3492 3100 observationem
3517 3042 3545 3096 ?

385 3138 482 3194 λα’.
509 3137 709 3208 Ἔγωγε
735 3137 912 3210 οἴομαι
943 3138 1012 3198 ὠς
1066 3137 1171 3208 οὐχ
1242 3138 1392 3195 ἧττον
1451 3139 1479 3196 ἡ
1545 3138 1628 3189 ὅτε
1682 3142 1774 3195 τὴν
1832 3145 1923 3196 τῆς
1964 3137 2004 3192 C
2103 3141 2156 3192 3|

1964 3137 2004 3192 C
2103 3141 2189 3192 31.
2218 3137 2306 3192 Ad
2333 3152 2429 3191 me
2455 3136 2622 3208 quod
2647 3137 2870 3198 attinei,
2894 3150 3016 3190 non
3043 3133 3260 3189 minori
3286 3132 3447 3188 illam
3476 3131 3694 3203 plausu

312 3230 752 3302 πρωτομὰρτυρος
844 3230 1178 3299 παρέπεμπον
1264 3227 1464 3287 Θέκλης
1539 3227 1745 3298 ψυχὴν,
1835 3231 1923 3278 καὶ
2029 3225 2083 3280 la

1921 3269 1923 3275 ,
2029 3225 2352 3297 Ιωῐὶιὶειῳιθ
2412 3230 2746 3297 exceptam.
2797 3240 2907 3280 nec
2962 3224 3278 3296 pauciores
3330 3221 3582 3277 laudum
3622 3236 3692 3277 ac

315 3317 557 3391 ἐκρότουν
587 3321 676 3369 καὶ
739 3319 972 3388 ἔχαιρον,
1042 3321 1131 3368 καὶ
1186 3320 1273 3367 τόν
1326 3317 1594 3390 ἄνθρωπον
1659 3319 1784 3389 ὑπὲρ
1841 3315 1922 3366 αν·
2031 3329 2086 3384 gl

1920 3348 1922 3355 ι
2031 3316 2358 3384 gratiarum
2374 3315 2636 3387 hymnos
2653 3319 2768 3371 Deo
2783 3320 3022 3388 propter
3034 3314 3344 3370 hominem
3358 3313 3691 3368 humanato

318 3408 534 3477 θρώπων
599 3411 864 3477 γενόμενον
931 3406 1122 3477 ὕμνουν
1177 3412 1346 3457 τεκαὶ
1403 3402 1671 3467 ἐδόξαζον·
1733 3412 1788 3457 'H
1832 3407 1920 3476 μὲν
2029 3403 2089 3459 de

2029 3403 2378 3460 decantatos
2400 3405 2580 3460 fuisse
2607 3405 2948 3470 arbibitror,
2969 3419 3154 3476 quam
3179 3408 3319 3458 tunc
3343 3418 3480 3457 cum
3504 3406 3693 3473 proto-

313 3499 416 3570 γὰρ
448 3503 520 3565 τῷ
552 3495 618 3556 εἰς
648 3501 822 3568 τρίτον
875 3495 1088 3569 οὐρανόν
1155 3493 1414 3547 ἀνελθόντι
1462 3499 1667 3566 Παύλῳ,
1719 3500 1805 3546 καὶ
1857 3499 1921 3546 τα
2030 3511 2084 3550 m

2030 3495 2308 3566 martyris
2334 3495 2558 3550 Theclae
2586 3497 2697 3566 (l0)
2728 3496 2995 3551 animam
3017 3494 3319 3550 deduxere
3350 3493 3568 3563 angeli.
3592 3491 3696 3548 illa

313 3585 520 3660 ἄρρητα
547 3587 799 3657 μυηθέντι
847 3585 1290 3650 κατηκολούθήσε,
1346 3582 1438 3637 διά
1485 3604 1539 3637 τε
1591 3585 1784 3646 πολλῆς
1839 3587 1922 3637 ὅτε
2028 3600 2084 3655 ql

2028 3583 2266 3655 quidem
2318 3584 2496 3641 Paulo
2545 3586 2604 3640 in
2655 3585 2890 3640 tertium
2926 3600 3114 3656 usque
3163 3583 3381 3639 coelum
3413 3587 3604 3654 rapto,
3638 3585 3694 3637 et

309 3679 692 3746 μυσταγωγίας
728 3676 857 3748 πρός
911 3677 967 3725 τό
1025 3682 1115 3725 τοῦ
1169 3679 1459 3748 μαρτυρίου
1521 3671 1738 3726 στάδιον
1795 3673 1918 3726 ἀπε·
2029 3689 2080 3728 al

2029 3689 2252 3728 arcana
2284 3689 2404 3729 non
2432 3675 2752 3730 revelanda
2778 3675 3008 3743 edocto,
3043 3672 3338 3744 discipula
3363 3671 3637 3739 adhaasit,
3658 3685 3695 3726 a.

313 3760 558 3815 δύσατο·
613 3764 643 3820 ἡ
700 3759 749 3814 δ’
810 3762 915 3833 οὐχ
970 3764 1108 3823 ὅπως
1166 3759 1477 3833 διδασκάλῳ
1531 3767 1665 3814 κατὰ
1720 3762 1919 3815 Παῦλον
2028 3778 2084 3833 ql

2028 3777 2151 3833 quo
2179 3779 2317 3816 cum
2341 3778 2460 3816 non
2484 3778 2680 3834 pauca
2705 3763 2778 3817 de
2800 3763 2979 3818 rebus
3002 3761 3340 3817 cmlestibus
3368 3760 3690 3826 didicisset,

310 3851 603 3925 ἐχρήσατο,
644 3849 772 3902 ἀλλὰ
810 3847 934 3903 οὐδέ
971 3859 1066 3902 τῶν
1118 3850 1246 3902 πολὺ
1313 3852 1422 3923 μετ’
1479 3851 1662 3904 ἐκεῖνον
1694 3875 1705 3884 ·
1736 3857 1793 3904 τό
1862 3849 1920 3906 δέ
2029 3867 2081 3907 at

2029 3853 2107 3907 ad
2125 3851 2392 3924 martyrii
2417 3853 2675 3907 stadium
2700 3852 2973 3908 alacriter
2993 3851 3436 3907 decurrendum
3458 3848 3693 3920 egregie

308 3961 369 4012 γε
394 3940 593 4012 μεῖζον,
627 3941 708 3992 ὅτι
766 3945 854 3992 καὶ
925 3949 1140 4011 συχνοῖς
1188 3941 1317 4011 οἱγαν
1377 3950 1476 3992 τῶν
1547 3944 1920 4014 όμογνωμόνων
2028 3955 2079 4012 pl

2028 3941 2294 4012 profecto
2348 3941 2453 3996 fuit
2498 3943 2805 3997 instructa.
2861 3940 3014 4006 Quid
3063 3945 3257 3996 autem
3306 3937 3692 3996 Theodosia?

311 4027 470 4088 δῆθεν
498 4033 628 4103 πρὸς
663 4029 958 4082 τούναντίον
1009 4029 1373 4102 μεθελκομένῆ,
1427 4039 1516 4082 τοῦ
1577 4033 1732 4105 όρθοῡ
1781 4052 1922 4106 περι·
2031 4034 2082 4087 Νι

2031 4034 2158 4087 Non
2191 4031 2462 4096 Paulum,
2506 4032 2742 4087 Paulive
2787 4031 3064 4100 similem,
3109 4036 3212 4086 aut
3251 4032 3429 4085 etiam
3483 4044 3693 4085 eorum

310 4112 640 4192 ἐσχετο,καὶ
672 4121 974 4193 ὑπερθανεῖν
1035 4119 1196 4171 αὐτοῦ
1249 4120 1426 4175 εἵλετο.
1487 4127 1586 4174 Καὶ
1646 4123 1675 4179 ἡ
1715 4126 1804 4194 μέν
1835 4121 1919 4174 ἐπι
2030 4137 2081 4176 ul

2030 4137 2220 4176 unum
2274 4123 2378 4192 qui
2425 4121 2529 4176 diu
2561 4137 2704 4177 sane
2738 4133 2874 4194 post
2901 4121 3065 4177 Pauli
3097 4127 3368 4192 tempora
3398 4120 3692 4187 vixerunt,

308 4212 581 4285 πράγματι
636 4215 728 4268 τὴν
804 4211 1048 4262 ἔνστασιν
1149 4206 1453 4276 ἐνεδείξατο,
1535 4213 1655 4284 παρ’
1734 4213 1923 4264 ἅπαντι
2030 4226 2079 4282 p1

1920 4253 1923 4262 .
2030 4217 2459 4282 praeceptorem
2483 4216 2660 4267 nacta
2675 4216 2790 4266 est:
2809 4211 2912 4266 sed
2930 4212 3095 4283 quod
3118 4210 3304 4282 pluris
3326 4209 3691 4277 faciendum,

311 4300 689 4372 ὠμολογημένῳ
746 4299 916 4370 τελείῳ
972 4319 1026 4352 τε
1085 4299 1195 4372 οἶμα
1252 4306 1340 4352 καὶ
1387 4300 1588 4353 ἀτελεῖ·
1641 4304 1669 4359 ἡ
1733 4298 1782 4354 δ’
1843 4295 1922 4353 ἐπ’
2031 4315 2082 4355 οι

2031 4315 2169 4355 cum
2208 4299 2447 4371 plurimi
2488 4300 2954 4356 Christianorum
2991 4304 3103 4369 (ll)
3137 4299 3339 4370 palam
3372 4300 3429 4354 in
3463 4303 3695 4354 contra-

311 4388 737 4461 ἀμφιϐαλλομένῳ
815 4393 1056 4460 συχνοῖς,
1153 4387 1375 4452 ἀτελέσι,
1480 4389 1639 4461 λέγω,
1714 4392 1763 4442 οἱ
1834 4395 1920 4442 καὶ
2008 4391 2078 4446 'ri

2008 4391 2180 4446 'riam
2213 4396 2444 4461 partem
2475 4391 2790 4456 traherent,
2818 4395 3041 4446 rectam
3069 4395 3271 4445 tamen
3297 4389 3456 4445 viam
3483 4389 3691 4454 tenuit,

309 4480 538 4544 πλείους,
615 4481 683 4540 ὦς
747 4497 897 4550 φασι,
957 4483 1046 4529 καὶ
1101 4478 1290 4540 πολλὰς
1344 4481 1420 4530 ὅτι
1478 4483 1571 4542 τὰς
1623 4479 1916 4551 ἀντιλογίας
1959 4496 1999 4551 ι)
2032 4486 2080 4534 et

1959 4496 1999 4551 ι)
2032 4486 2086 4534 et
2118 4495 2224 4551 pro
2258 4484 2497 4534 veritate
2530 4481 2682 4534 mori
2714 4480 2905 4549 elegit.
2938 4479 3037 4534 Illa
3072 4479 3475 4534 constantiam
3509 4477 3696 4532 tenuit

310 4565 668 4638 εὑρίσκουσιν,
722 4567 867 4638 ὤφθη
917 4584 970 4617 τε
1027 4565 1439 4639 ἀπειρίτρεπτος,
1498 4572 1586 4619 καὶ
1639 4571 1703 4619 τα
1754 4587 1918 4641 παρα·
2032 4587 2081 4624 Si

2032 4586 2213 4641 super
2243 4585 2324 4636 re,
2366 4569 2726 4633 imperfectis
2757 4586 2929 4641 asque
2959 4587 3029 4625 ac
3061 4569 3334 4640 perfectis
3355 4566 3696 4622 indubitata

310 4654 513 4714 πλήσια
539 4654 769 4708 ὲνστᾶσα
813 4663 873 4727 τῇ
924 4658 1328 4729 πρωτομὰρτυρι
1388 4661 1452 4708 τὰ
1496 4657 1588 4709 ἶσα
1650 4654 1916 4729 διεκαρτέ-
2027 4659 2081 4714 Τ]

2027 4659 2380 4728 Theodosia,
2405 4676 2512 4731 pro
2534 4676 2606 4716 ea
2635 4677 2771 4732 quae
2803 4677 2837 4715 a
2860 4659 3061 4715 multis
3095 4658 3426 4714 vocabatur
3456 4657 3515 4712 in
3553 4673 3695 4713 con-

311 4764 464 4819 ρησε.
499 4749 665 4797 Πόσον
705 4741 754 4797 δ’
790 4744 849 4795 ἂν
881 4747 1146 4815 ἡγήσαντο
1179 4744 1258 4796 ὁτι
1303 4752 1390 4797 καὶ
1450 4747 1731 4807 συνάθλους
1786 4747 1919 4799 πλεῖ-
2029 4754 2078 4806 tr

2029 4750 2401 4814 troversiam,
2456 4749 2534 4806 ab
2582 4749 2940 4816 imperfectis
2981 4749 3220 4816 scilicet,
3253 4747 3358 4820 qui
3389 4747 3610 4803 multas
3640 4750 3696 4803 et

316 4854 442 4896 στας
469 4840 740 4900 πεποίηκε,
789 4839 879 4887 καὶ
939 4839 1068 4906 πρός
1113 4838 1197 4886 τόν
1257 4835 1408 4887 αὐτόν
1459 4838 1585 4908 ὑπὲρ
1639 4846 1771 4890 Θεου
1826 4841 1919 4900 ζῆ·
2031 4856 2087 4894 m

2031 4854 2285 4908 magnas
2309 4838 2370 4894 in
2401 4839 2769 4895 contrarium
2801 4839 3062 4894 rationes
3086 4839 3457 4907 invenerant,
3482 4842 3546 4892 ut
3575 4837 3693 4894 aie-

312 4923 396 4977 λον
455 4923 634 4998 ἐπῆρε,
711 4930 800 4976 καὶ
874 4932 967 4985 τῆς
1043 4923 1146 4976 ἂνω
1221 4923 1497 4997 βασιλείας
1569 4926 1920 5000 κληρονόμους
2028 4927 2083 4983 bt

2028 4927 2194 4993 bant,
2222 4928 2442 4984 mansit
2461 4929 2823 4983 inconcussa
2851 4944 2863 4992 ;
2892 4928 2953 4982 in
2979 4927 3206 4983 caeteris
3233 4942 3373 4982 vero
3395 4925 3525 4998 pari
3555 4942 3695 4982 cum

314 5017 636 5072 κατὲστησεν
688 5030 701 5078 ;
751 5013 885 5066 Ἀλλ’
940 5012 1146 5084 ἄγγελοι
1204 5019 1292 5086 μέν
1346 5017 1541 5068 οὕτωσ-ί
1604 5037 1708 5078 πως
1763 5021 1920 5088 ἔχαι-
2028 5033 2085 5088 pl

2028 5023 2468 5088 protomartyre
2496 5018 2939 5090 perseverantia
2967 5017 3113 5073 nihil
3143 5033 3328 5089 quam
3360 5016 3459 5072 illa
3490 5017 3693 5074 minus

312 5123 424 5177 ρον,
474 5105 631 5156 ὁσίων
683 5123 736 5155 τε
793 5099 958 5175 δῆμοι
1005 5108 1094 5155 καὶ
1164 5107 1439 5179 μαρτύρων
1507 5105 1715 5158 ἄλλοθεν
1778 5107 1921 5159 ἄλλοι
2029 5124 2083 5178 οε

2029 5108 2148 5178 egit
2165 5107 2406 5163 fortiter.
2428 5107 2574 5162 Illud
2593 5123 2773 5180 porro
2794 5107 3004 5179 quanti
3027 5106 3370 5162 facxendum
3395 5111 3508 5176 est,
3526 5107 3697 5178 quod

313 5202 801 5267 προσυπαντῶντες,
839 5194 906 5255 ὡς
957 5197 1014 5245 τό
1067 5193 1223 5261 εἰκός,
1271 5191 1560 5258 ἐδεξιοῦντο
1619 5202 1712 5254 τὴν
1771 5199 1919 5249 ὁσίαν
2029 5197 2084 5270 pl

2029 5197 2229 5270 plures
2251 5197 2527 5268 ejusdem
2549 5197 2892 5253 certaminis
2914 5197 3172 5253 effecerit
3193 5199 3406 5262 socias,
3435 5213 3592 5269 quas
3616 5196 3696 5254 ad

313 5284 426 5356 ἁμα
451 5289 540 5336 καὶ
570 5286 830 5358 μάρτυρα,
894 5288 984 5335 καὶ
1040 5291 1136 5346 τῆς
1209 5289 1452 5358 σφετέρας
1507 5291 1692 5360 μοίρας
1748 5289 1918 5339 ἐκάτε-
2031 5289 2078 5344 si

2031 5288 2285 5344 similem
2309 5287 2499 5344 zelum
2528 5304 2636 5360 pro
2670 5291 2786 5344 Deo
2808 5288 3104 5343 excitavit.
3153 5303 3386 5360 suoque
3418 5286 3695 5360 exemplo

312 5393 398 5446 ροι
428 5381 645 5431 ποιῆσοι
717 5375 908 5430 ταύτην
959 5371 1176 5426 ἐπόθουν
1218 5380 1306 5426 καὶ
1359 5371 1684 5428 ἰδιώσασθαι
1718 5398 1730 5409 ο
1789 5382 1920 5439 Θεὸς
2029 5379 2083 5435 in

2029 5379 2091 5435 in
2123 5378 2378 5436 cmlestis
2407 5379 2576 5448 regni
2613 5378 3024 5436 haereditatem
3054 5379 3350 5435 immisit?
3391 5379 3515 5435 Hoc
3554 5394 3696 5450 ergo

387 5554 465 5621 (9)
484 5551 683 5625 Melius
700 5551 849 5608 forte
865 5553 1330 5609 Ambrosianum
1365 5555 1762 5625 Synaxarium
1786 5559 1921 5608 κατὰ
2034 5557 2419 5625 Septembris.

387 5573 1330 5621 tu)meuusroneamnrosianum
1365 5573 1762 5625 aynaxarium
1786 5575 1921 5608 κατα
2034 5573 2085 5613 δι

314 5624 516 5705 αὐχένα
546 5623 604 5679 in
628 5627 853 5704 cervice
885 5641 896 5678 :
923 5625 1058 5705 quis
1095 5625 1477 5705 enimﬁnescit
1514 5628 1815 5683 vertebrae
1857 5628 1916 5683 in
2053 5701 2066 5705 _

1920 5601 1921 5606 η
2034 5573 2102 5613 δε
2151 5573 2419 5618 ῐΘΓΠΟῙῚΒ.

2053 5701 2066 5705 _
2271 5630 2421 5705 Quia
2459 5638 2557 5705 τῶν
2608 5631 3010 5705 όμογυωμόνων,
3061 5629 3691 5705 ρῙιιδᾴεηι--εεῃζεηειξκ,

313 5697 566 5778 cervice,
593 5711 716 5778 non
745 5697 804 5778 in
831 5703 1070 5778 gutture
1100 5697 1278 5778 esse]
1340 5772 1373 5778 _
1464 5769 1498 5778 __
1856 5776 1907 5778 __
2032 5701 2121 5778 de
2150 5701 2268 5778 fide
2309 5701 2468 5778 circa
2497 5697 2800 5757 Christum
2821 5697 3154 5778 '_duntax'at
3194 5700 3441 5772 intelligi
3469 5701 3567 5758 hic
3600 5697 3699 5760 de-

387 5769 501 5841 (10)
536 5771 593 5826 S.
630 5767 870 5836 Thecla,
901 5767 1275 5842 discipulaS.
1340 5769 1521 5839 Pauli,
1585 5771 1817 5841 colitur,
1850 5776 1918 5829 23
2029 5773 2150 5841 bet,
2187 5773 2667 5831 Christianorum
2705 5773 2870 5830 verti.
