4484 6446
805 426 906 480 923

2001 421 2456 480 CONSTANTINI
2495 421 2970 479 ACROPOLITE.

4060 423 4165 477 924

803 547 988 604 modo
1008 545 1366 604 latabantur
1403 547 1617 617 angeli,
1648 551 1992 604 sanctorum
2033 563 2172 603 vero
2202 553 2259 603 et
2297 562 2448 602 mar-
2493 548 2540 601 A
2572 573 2574 590 ι

2390 562 2448 602 .r-
2493 548 2540 601 Α
2572 543 2622 598 δ’
2672 545 2797 618 ὑπέρ
2853 545 2912 597 οὗ
2968 565 3058 598 και
3115 543 3189 599 δι’
3221 548 3274 598 ὃν
3312 546 3608 618 ἠγωνίσατο
3667 543 3928 606 διατήσας
3957 547 4161 616 ἀμφοῖν,

804 641 999 706 tyrum
1021 641 1251 701 turma,
1287 635 1416 690 alia
1448 636 1689 690 aliunde
1711 636 2155 708 progredientes
2185 635 2449 703 obviam,

804 729 1024 779 sancta
1056 723 1233 778 simul
1254 739 1324 778 ac
1355 724 1601 796 martyri
1622 724 2032 787 occurrebant,
2069 728 2133 778 ut
2171 739 2280 795 par
2310 727 2456 789 erat,

803 817 859 867 et
887 827 1010 866 sua
1033 812 1257 883 quique
1277 812 1431 883 parti
1455 813 1779 882 cupiebant
1805 813 2113 883 propriam
2157 812 2476 866 vindicare.

2573 644 2670 687 τῶν
2719 634 2936 686 αἰωνίων
3013 633 3221 707 ἀγαθῶν
3276 635 3463 708 ἀμφοῖν
3520 635 3891 688 συναπολαύειν
3950 629 4166 686 ἐνδέδω-

2570 743 2672 778 κεν.

2519 812 2674 866 Deus
2701 815 2922 874 autem,
2953 814 3123 884 cujus
3153 828 3266 886 ope
3311 817 3366 868 et
3398 814 3567 884 cujus
3599 828 3781 868 causa
3819 813 4162 873 certaverat,

803 916 941 956 cum
982 901 1248 974 utrisque
1288 917 1652 958 conversans
1693 902 1826 958 fecit
1867 907 1930 958 ut
1968 919 2105 958 cum
2148 902 2417 972 utrisque
2448 902 2699 973 pramio
2727 901 3126 972 perfrueretur
3156 908 3398 958 aterno.

2321 1001 2541 1054 CAPUT
2581 1001 2641 1053 V.

1244 1089 1548 1146 Mz'racula
1577 1090 1658 1147 ad
1696 1092 1759 1145 S.
1802 1090 2138 1146 Theodosia
2166 1090 2596 1144 invocationem
2625 1094 2898 1157 patrata,
2922 1090 3027 1145 ubi
3053 1090 3277 1145 Auctor
3303 1090 3376 1144 de
3403 1105 3463 1145 se
3490 1095 3543 1145 et
3569 1090 3709 1144 suis.

874 1181 960 1232 32.
988 1180 1177 1249 Atque
1201 1178 1552 1249 hujusmodi
1572 1179 1756 1233 ferme
1786 1180 1944 1234 fuere
1967 1195 2035 1234 ea
2057 1195 2192 1250 qua
2232 1179 2460 1233 Sancta

800 1267 861 1321 in
893 1266 1046 1321 calo
1075 1267 1480 1336 contigerunt,
1512 1274 1690 1340 prout
1719 1283 1985 1338 congrue
2025 1269 2359 1337 conjectare
2398 1266 2461 1320 li-

800 1360 927 1422 cet;
957 1371 1068 1411 nos
1116 1372 1258 1411 vero
1310 1356 1487 1428 quiin
1528 1363 1681 1412 terra
1729 1358 1906 1429 positi
1955 1373 2159 1412 sacras
2198 1357 2327 1425 ejus
2374 1368 2460 1410 re-

798 1444 1017 1516 liquias
1041 1445 1286 1501 feliciter
1318 1445 1727 1517 possidemus,
1769 1447 1915 1517 quid
1957 1446 2200 1501 tandem
2243 1445 2458 1507 facere,

799 1537 903 1589 aut
938 1549 1061 1605 qua
1093 1535 1319 1589 ratione
1359 1534 1603 1589 affectos
1644 1551 1778 1590 esse
1818 1533 2462 1606 oporteat,considere-

799 1637 955 1692 mus,
1001 1623 1330 1694 prasertim
1381 1639 1520 1678 cum
1563 1629 1645 1679 tot
1684 1625 1815 1694 ejus
1865 1623 2228 1679 admiranda
2276 1638 2460 1693 opera

798 1710 962 1765 nullo
1003 1726 1124 1766 non
1147 1712 1242 1767 die
1273 1713 1678 1784 experiamur,
1706 1713 2138 1784 videamusque
2161 1712 2460 1780 homines,

797 1800 1066 1870 corporis
1096 1816 1207 1854 usu
1231 1800 1576 1872 viribusque
1603 1801 2237 1866 destitutos,hactenus
2277 1815 2461 1854 mem-

798 1887 1051 1944 brorum
1076 1905 1318 1945 suorum
1343 1895 1566 1945 rectam
1589 1891 1877 1962 consequi
1899 1889 2458 1955 conformationem;

799 1977 1016 2032 surdos
1072 1994 1144 2034 ac
1187 1984 1408 2044 mutos,
1451 1985 1805 2052 recuperato
1845 1981 2085 2035 aurium
2140 1984 2197 2034 et
2239 1979 2459 2048 lingua

795 2081 940 2130 usu,
973 2068 1054 2123 ob
1089 2068 1348 2139 insignia
1375 2069 1524 2124 adeo
1557 2070 1844 2125 miracula
1876 2069 2097 2139 gaudio
2126 2069 2460 2136 exsultare;

798 2160 854 2209 et
881 2156 1024 2223 Deo,
1055 2159 1158 2230 qui
1187 2163 1356 2213 tanta
1395 2173 1537 2228 erga
1575 2159 1852 2215 homines
1893 2165 2196 2230 operatur,
2239 2158 2461 2227 gratias

795 2243 1074 2301 exhibere
1108 2265 1121 2314 ;
1163 2254 1218 2303 et
1248 2250 1409 2304 illam
1467 2254 1711 2324 propter
1743 2249 1914 2319 cujus
1979 2248 2187 2302 merita
2225 2251 2460 2302 tantum

795 2330 1227 2394 beneﬁciorum
1267 2341 1907 2412 accipimus,quaque
1967 2343 2127 2391 tanta
2183 2337 2242 2391 in
2307 2335 2457 2391 calo

799 2421 1014 2490 gloria,
1040 2430 1204 2484 tanta
1227 2431 1286 2485 in
1322 2431 1490 2486 terris
1529 2435 1821 2503 potestate
1865 2426 2067 2498 pollet,
2109 2426 2323 2481 debitis
2355 2425 2459 2480 ho-

796 2529 1015 2573 norum
1055 2524 1112 2574 et
1150 2519 1406 2575 laudum
1464 2520 1664 2587 titulis,
1708 2522 1771 2573 ut
1818 2533 1927 2589 par
1977 2522 2082 2579 est,
2136 2516 2447 2588 prosequi.

2639 1176 2744 1249 λβζ
2802 1180 2884 1230 Ἐν
2937 1182 3027 1250 μὲν
3073 1179 3272 1252 οὐρανῷ
3351 1180 3568 1230 τοιαῦτά
3628 1197 3708 1230 τοι
3777 1185 3838 1248 τῇ
3925 1179 4170 1248 Μακαρία

2569 1263 2696 1337 τῇδε
2724 1273 3023 1336 συνήτηκεν,
3057 1269 3157 1319 ὅσα
3184 1288 3239 1338 γε
3291 1267 3346 1318 ἐκ
3401 1276 3497 1318 τῶν
3549 1268 3754 1319 εἰκότων
3805 1269 3916 1318 ἔστι
3973 1268 4170 1335 στοχά-

2572 1357 2769 1406 σασθαι
2799 1376 2810 1387 ο
2843 1359 2962 1417 τοὺς
3003 1352 3053 1406 δ’
3084 1354 3168 1407 ἐπι
3197 1365 3297 1426 γῆς
3345 1358 3740 1428 εὑρισκομένους
3789 1358 3923 1426 ἡμᾶς
3973 1374 4061 1404 και
4110 1357 4168 1404 τό

2574 1446 2704 1517 ἱερὸν
2735 1444 2896 1506 αὐτῆς
2923 1451 3238 1515 κατέχοντας
3269 1445 3505 1514 λείψανον
3555 1451 3606 1496 τί
3654 1453 3817 1497 ποιεῖν
3875 1444 3978 1514 ἆρα
4034 1447 4167 1515 χρὴ,

2569 1552 2659 1583 και
2731 1534 2868 1594 ὅπως
2933 1530 3013 1585 δεῖ
3064 1530 3384 1603 διακεῖσθαι,
3451 1540 3816 1605 σκοπήσωμεν,
3881 1552 3970 1584 και
4023 1532 4170 1582 ταῦθ’

2571 1623 2829 1695 ὁσημέραι
2887 1631 2985 1673 τῶν
3045 1625 3321 1694 θαυμάτων
3379 1623 3539 1682 αὐτῆς
3595 1621 3965 1685 ἀπολαϐόντας,
4051 1623 4173 1680 τοὺς

2569 1714 2694 1769 τέως
2716 1715 3054 1782 παρειμένους
3088 1717 3181 1770 τὴν
3226 1712 3515 1785 όλομέλειαν
3581 1712 3675 1772 τῆς
3737 1720 3876 1782 σφῶν
3926 1707 4170 1781 διαρτίας

2503 1799 2794 1874 (ῖὸρῶντας
2843 1795 2994 1860 αὖθις
3051 1797 3114 1852 αὖ
3193 1800 3562 1870 ἀπολαϐόντας,
3633 1804 3832 1871 κωφούς
3891 1819 3979 1850 και
4047 1797 4170 1849 ἀλα-

2570 1887 2703 1953 λους,
2782 1893 3070 1960 φωνοῦντας
3141 1910 3193 1942 τε
3261 1911 3350 1942 και
3421 1891 3700 1950 ἀκούοντας
3798 1887 4167 1961 ἐφηδύνεσθαι,

2569 1981 2770 2039 παντως
2824 1987 2935 2040 ταῖς
2994 1982 3442 2056 θαυματουργίαις
3517 1980 3852 2053 εὐχαριστεῖν
3934 1988 4004 2048 τῷ
4096 1978 4169 2048 ἐφ’

2570 2070 2714 2139 ἡμῶν
2771 2077 2992 2120 τοιαῦτα
3058 2067 3406 2144 διενεργοῦντι
3461 2078 3594 2140 Θεῷ,
3663 2089 3752 2120 και
3805 2073 3898 2126 τὴν
3954 2066 4030 2120 δι’
4109 2067 4172 2128 ἧς

2569 2157 2713 2209 ταῦτ’
2773 2158 3115 2232 ένεργούμεθα
3167 2165 3259 2219 τὴν
3320 2158 3709 2233 δεδοξασμένην
3753 2163 3946 2217 ταύτην
4003 2158 4052 2210 ἐν
4089 2157 4172 2210 ού-

2566 2255 2762 2320 ρανοῖς,
2816 2269 2906 2299 και
2962 2250 3096 2300 οὕτω
3149 2249 3351 2322 μεγάλα
3405 2250 3702 2322 ἰσχύουσαν
3760 2247 3840 2300 ἐπί
3903 2256 3996 2309 τῆς
4051 2255 4170 2318 γῆς,

2567 2338 2631 2387 τά
2661 2337 2834 2389 εἰκότα
2875 2357 2965 2388 και
3011 2345 3269 2414 γεραίρειν
3323 2359 3410 2390 και
3463 2339 3726 2411 εύφημεῖν.
3799 2337 4023 2390 Πλεῖστα
4083 2341 4173 2408 μεν

2567 2429 2708 2484 οῦνὴ
2752 2433 2904 2499 Ἀγία
2953 2431 3210 2502 ὁσημέραι
3259 2437 3626 2502 τερατουργεῖ’
3685 2427 3795 2480 ἀλλ’
3843 2428 3998 2501 οὗπερ
4052 2427 4175 2478 αύτ-

2566 2521 2727 2578 όπτης
2745 2515 2987 2589 ἐγενόμην
3010 2519 3103 2569 οὐκ
3127 2517 3304 2576 ἀνήσω
3323 2523 3394 2589 μὴ
3427 2516 3815 2590 διηγήσασθαι.

795 2606 972 2662 Multa
1021 2613 1160 2662 sunt
1191 2609 1438 2680 quidem
1479 2625 1615 2681 qua
1654 2609 1866 2664 Sancta
1897 2605 2161 2678 quotidie
2199 2604 2339 2659 facit
2377 2603 2756 2673 admiranda,
2791 2608 2894 2662 sed
2937 2623 3074 2677 qua
3124 2608 3268 2679 ipsis
3322 2608 3485 2663 hisce
3516 2608 3703 2662 oculis
3730 2607 3928 2662 videre
3960 2606 4172 2672 merui,

792 2710 916 2751 non
942 2712 1191 2768 possum
1232 2713 1353 2753 non
1377 2713 1677 2753 enarrare.

865 2789 955 2840 33.
991 2788 1136 2840 Puer
1164 2786 1416 2858 quidam
1441 2791 1568 2842 erat
1597 2790 1767 2841 atate
1799 2785 1874 2840 ad
1893 2784 2223 2856 pubertatis
2267 2797 2459 2838 annos

792 2874 921 2945 jam
947 2890 1322 2946 progressus,
1347 2893 1418 2931 ex
1472 2891 1680 2931 eorum
1736 2891 2032 2946 pagorum
2092 2890 2214 2928 uno
2235 2873 2456 2945 aliquo,

792 2963 896 3035 qui
923 2965 981 3018 in
1015 2965 1270 3037 Phrygia
1291 2965 1369 3020 ad
1404 2964 1654 3020 ﬂuvium
1706 2963 2104 3036 Rhyndacum
2138 2963 2251 3034 (t2)
2301 2966 2457 3029 sunt,

2639 2782 2735 2854 λγ’.
2769 2782 2990 2838 Παιδίον
3045 2791 3137 2844 τὴν
3185 2786 3392 2844 ἠλικίαν
3447 2782 3554 2844 ἤδη
3619 2784 3884 2860 πρόσηϐον
3937 2789 4010 2854 ό”ν,
4071 2803 4174 2835 πα-

2569 2877 2681 2943 τρίς
2701 2871 2836 2944 τῴὃε
2865 2883 2963 2926 τῶν
2996 2881 3112 2949 περί
3161 2879 3247 2926 τόν
3302 2871 3580 2926 Ἰὐνδακόν
3633 2879 3866 2946 ποταμὸν
3919 2878 4014 2945 μία
4067 2893 4175 2923 κω-

2570 2971 2698 3035 μῶν,
2765 2972 2856 3024 τῆς
2931 2966 3342 3037 προενεγκούσης
3414 2967 3738 3036 μεταναστόω
3793 2967 3850 3016 τὸ
3913 2960 3963 3014 δ’
4039 2965 4176 3022 ὅπως

798 3025 1110 3121 oriundus,
1130 3025 1256 3110 scd
1287 3070 1322 3109 a
1352 3054 1547 3126 patrio
1580 3053 1706 3108 solo
1735 3025 2111 3125 peregrinu°.
2146 3025 2254 3108 ‘Hic
2295 3025 2460 3122 quod
2491 3025 2531 3078 Β

2404 3051 2460 3104 id
2491 3025 2531 3078 Β
2569 3053 2730 3124 λέγειν
2796 3054 2854 3105 ού
2909 3058 3152 3128 φορητόν,
3214 3053 3413 3106 ἀσεϐῶν
3476 3058 3533 3106 τό
3588 3054 3759 3125 κύκλῳ
3809 3049 4175 3126 καταδραμόν-

794 3140 958 3197 dictu
991 3141 1718 3212 abominabile,vagorum
1751 3147 2163 3210 Agarenorum
2189 3139 2460 3209 impieta-

791 3233 912 3284 tem
960 3230 1323 3298 sectabatur,
1378 3236 1434 3284 et
1474 3228 2052 3299 Constantinopolim
2105 3227 2458 3293 adveniens,

793 3316 909 3372 hac
943 3317 1079 3373 illac
1120 3335 1226 3390 per
1256 3318 1553 3374 civitatem
1594 3317 1938 3374 oberrabat.
1981 3319 2124 3372 Ecce
2167 3321 2391 3382 autem,
2423 3330 2460 3370 o

789 3407 1021 3463 rabiem
1070 3408 1385 3476 damonis,
1429 3408 1703 3463 omnium
1749 3411 1958 3463 contra
1991 3423 2101 3463 nos
2155 3407 2456 3462 malorum

792 3497 1052 3552 auctoris
1087 3497 1099 3551 !
1149 3498 1243 3552 die
1267 3497 1536 3569 quadam
1588 3496 1868 3569 impletur
1921 3495 2178 3551 tenebris
2208 3501 2265 3552 et
2291 3496 2461 3551 verti-

791 3587 947 3655 gine.
999 3587 1389 3642 Meridianum
1444 3587 1666 3643 scilicet
1723 3592 1848 3643 erat
1898 3591 2156 3659 tempus,
2210 3586 2460 3658 quando

790 3675 972 3730 etiam
1023 3677 1208 3732 David
1242 3677 1323 3732 ait
1354 3692 1476 3731 non
1503 3676 1916 3731 habitantibus
1945 3676 2005 3730 in
2036 3676 2334 3746 adjutorio
2365 3674 2460 3730 Al-

789 3763 1021 3830 tissimi,
1043 3770 1099 3820 et
1123 3765 1183 3819 in
1209 3765 1310 3820 Dei
1349 3765 1737 3820 tabernaculo
1768 3781 1890 3820 non
1917 3764 2455 3834 commorantibus,

789 3852 1197 3909 damoniacas
1243 3855 1708 3925 imaginationes
1760 3855 2055 3924 ingruere.
2105 3859 2241 3911 Cum
2284 3855 2461 3925 igitur

791 3943 872 3997 sic
924 3943 1268 4012 agitaretur,
1325 3949 1382 3999 et
1430 3945 1583 4000 ratio
1607 3945 1660 3999 ei
1687 3960 1811 3999 non
1859 3959 2076 4016 parum
2117 3949 2272 4000 esset
2319 3960 2460 3998 con-

787 4032 1049 4097 turbata,
1071 4034 1391 4105 derepente
1421 4036 1600 4090 etiam
1635 4035 1923 4090 contortis
1952 4035 2032 4091 ita
2057 4040 2328 4105 repertus
2353 4035 2460 4090 fuit

788 4121 1063 4190 genibus,
1098 4128 1160 4178 ut
1198 4123 1359 4179 tibia
1403 4123 1728 4179 femoribus
1773 4123 2168 4191 adharerent,
2204 4129 2260 4180 et
2289 4123 2457 4180 abor-

789 4208 921 4264 tivis
961 4209 1072 4264 illis
1111 4210 1275 4266 haud
1315 4211 1620 4267 dissimilis
1651 4219 1986 4284 appareret,
2007 4228 2160 4285 quos
2199 4212 2276 4268 ad
2316 4228 2462 4284 pra.

788 4300 1146 4354 tereuntium
1179 4301 1601 4357 consitandam
1631 4302 2218 4358 commiserationem
2249 4303 2461 4374 plateis

786 4391 1093 4461 expositos
1128 4391 1467 4463 frequenter
1493 4393 1917 4464 conspicimus:
1945 4393 2091 4464 quin
2118 4394 2296 4448 etiam
2320 4409 2461 4465 apo-

786 4477 1073 4549 plecticus
1128 4485 1290 4536 totus
1323 4487 1468 4550 erat,
1523 4498 1634 4537 nec
1661 4481 1839 4553 plane
1870 4483 2196 4551 intelligere
2227 4487 2462 4554 poterat

785 4568 931 4639 quid
960 4575 1278 4640 pateretur.
1334 4574 1482 4628 Cum
1514 4577 1714 4626 autem
1766 4578 1982 4627 natura
2015 4579 2251 4642 cogeret
2280 4573 2355 4628 ad
2390 4589 2461 4628 ea

784 4657 1010 4728 quibus
1042 4660 1325 4726 assuevit,
1380 4665 1519 4717 tunc
1554 4663 1698 4717 satis
1731 4677 2108 4732 cognoscens
2137 4663 2286 4735 quid
2317 4661 2460 4735 mali

785 4753 940 4802 esset
966 4748 1212 4819 (reptilis
1241 4750 1402 4805 enim
1425 4749 1617 4806 factus
1642 4755 1788 4816 erat,
1821 4751 1924 4823 qui
1954 4755 2199 4807 eatenus
2228 4750 2460 4810 solebat

784 4836 1045 4908 pedibus
1066 4837 1363 4910 incedere)
1389 4840 1670 4895 manibus
1693 4856 1865 4912 aque
1888 4856 1958 4896 ac
1981 4840 2238 4912 pedidus
2264 4845 2454 4908 utens,

784 4943 969 5000 supra
987 4943 1098 4984 sua
1111 4944 1171 4983 se
1185 4944 1384 4998 genua
1397 4945 1516 4984 non
1535 4930 2056 5002 promovebat,sed
2072 4929 2459 5002 protrahebat

784 5022 1033 5072 eatenus
1049 5017 1254 5072 saltem
1272 5018 1519 5074 rationis
1537 5034 1812 5091 compos,
1835 5024 1898 5075 ut
1921 5020 2138 5076 victum
2163 5023 2456 5092 quareret

783 5107 1145 5162 mendicato.
1166 5107 1257 5164 Sic
1271 5108 1385 5163 hac
1399 5108 1652 5181 illacque
1666 5126 1727 5165 re
1736 5117 1973 5181 pentem
1988 5126 2170 5183 seque
2184 5110 2455 5166 volutan-

786 5201 902 5253 tem
930 5206 1062 5268 (nec
1088 5198 1249 5253 enim
1271 5197 1442 5253 aliter
1465 5204 1720 5270 poterat)
1747 5199 1823 5255 ad
1852 5215 2277 5272 measquoque
2295 5200 2455 5256 ades

784 5303 924 5343 eum
955 5287 1204 5357 contigit
1223 5287 1521 5356 devenire,
1557 5289 1824 5361 mihique
1848 5291 1906 5343 in
1938 5297 2329 5361 conspectum
2355 5305 2454 5344 ve-

781 5377 1058 5447 nire,non
1081 5392 1290 5447 gressu
1307 5378 1717 5445 debilem,non
1732 5379 2188 5446 claudicantem,
2206 5380 2310 5434 sed
2332 5397 2458 5437 ma-

785 5468 999 5524 nifeste
1022 5474 1331 5541 repentem
1355 5475 1409 5525 et
1431 5470 1802 5540 gradientem
1827 5487 2009 5544 supra
2026 5477 2230 5543 pectus
2245 5487 2312 5527 ac
2327 5486 2459 5528 ven.

783 5560 1298 5632 trem,secundum
1331 5567 1591 5616 veterem
1622 5559 2108 5618 maledictionem
2138 5562 2452 5634 serpentis.

2568 3162 2664 3194 των
2726 3143 3043 3214 Ἀγαρηνῶν,
3103 3163 3188 3195 και
3248 3146 3392 3217 παρά
3443 3149 3536 3201 τὴν
3585 3148 3975 3196 Κωνσταντίνου
4038 3147 4179 3212 γενό-

2569 3251 2737 3303 μενον,
2766 3229 2896 3304 τῇδε
2941 3231 3147 3285 κάκεῖσε
3202 3243 3297 3294 τῆς
3348 3233 3538 3292 πόλεως
3593 3231 3845 3304 ἀλωμενον
3905 3229 3984 3290 ἦν.
4037 3231 4175 3284 Ἀλλ’

2570 3323 2608 3371 ὠ
2663 3330 2758 3384 τῆς
2818 3321 3058 3374 ἀνεκαθεν
3112 3331 3201 3375 τοῦ
3245 3322 3546 3396 ἀρχεκάκου
3601 3327 3730 3395 πρός
3782 3325 3924 3394 ἡμῶς
3970 3317 4178 3393 δυσμε-

2568 3416 2704 3472 νείας
2739 3411 2750 3464 l
2789 3417 2976 3463 σκότου
3029 3431 3119 3463 και
3176 3409 3327 3472 δίνης
3383 3418 3504 3483 μιᾶς
3553 3411 3844 3483 πληροῦται
3900 3419 3999 3462 τῶν
4048 3413 4176 3481 ἡμε-

2568 3501 3066 3573 ρῶν,Μεσημϐρίας
3096 3509 3156 3559 ῆν
3205 3503 3231 3552 ό
3278 3504 3474 3574 καιρός,
3529 3503 3611 3552 ὅτε
3673 3497 3740 3558 δὴ
3797 3521 3886 3551 και
3944 3502 3969 3551 ό
4045 3502 4175 3561 θεῖος

2570 3592 2660 3660 ἔφη
2733 3587 2906 3643 Ααυῖδ
2968 3600 3072 3650 τοῖς
3132 3595 3202 3662 μὴ
3263 3598 3597 3642 κατοικοῦσιν
3660 3589 3710 3641 ἐν
3787 3588 4014 3661 βοηθείᾳ
4083 3597 4175 3640 τοῦ

2573 3679 2846 3749 Ὑψίστου,
2879 3677 3010 3752 μηδ’
3056 3679 3103 3730 έν
3156 3688 3218 3752 τῇ
3282 3684 3447 3752 σκέπη
3507 3688 3598 3730 τοῦ
3631 3687 3762 3732 Θεοῦ
3791 3678 4170 3750 αύλιζομένοις,

2569 3774 2635 3822 τὰ
2666 3765 2994 3841 δαιμονιωδη
3055 3773 3370 3840 συμπίπτειν
3423 3771 3804 3840 φαντάσματα·
3867 3769 4032 3819 παθόν
4084 3764 4171 3819 οὖν

2569 3862 2703 3913 οὕτω
2733 3879 2822 3910 και
2851 3878 2936 3910 τον
2967 3858 3215 3930 λογισμόν
3273 3858 3366 3909 οὐκ
3419 3857 3495 3910 ἐπ’
3554 3857 3720 3928 ὀλίγον
3785 3859 4167 3930 συνταραχθέν,

2569 3953 2664 4011 τὰς
2731 3950 2908 4020 ἰγνύας
2996 3951 3452 4020 συνεστραμμένας
3527 3951 3712 4019 αἴφνης
3788 3949 3910 4017 ἔχον
3966 3948 4170 4019 εὑρέθη,

2569 4047 2679 4101 τοῖς
2740 4047 2928 4110 μηροῖς
2986 4041 3078 4098 τὰς
3127 4043 3329 4109 κνὴμας
3385 4042 3798 4109 συμπεφυκυίας,
3855 4038 4010 4088 όποία
4074 4045 4172 4087 τῶν

2571 4129 2625 4182 ἐκ
2679 4137 2887 4200 γενετῆς
2945 4127 3297 4200 ἀμϐλωμάτων
3374 4130 3523 4199 συχά
3572 4129 3715 4201 παρά
3770 4129 3863 4187 τὰς
3933 4126 4174 4186 πλατείας

2571 4228 2661 4278 τῆς
2714 4218 2906 4278 πόλεως
2962 4217 3186 4291 ἔρριπτε,
3247 4221 3332 4268 τόν
3395 4225 3493 4268 τῶν
3561 4221 3850 4290 παριόντων
3907 4214 4042 4268 arma
4094 4215 4177 4267 ἐκ-

2574 4306 2843 4380 δεχόμεθα
2867 4328 2878 4340 ·
2911 4305 3016 4358 ἀλλ’
3051 4308 3111 4364 ἧν
3143 4308 3211 4368 ὠς
3264 4305 3450 4358 ἐπίπαν
3492 4305 3822 4364 ἀπόπληκτον
3879 4309 3933 4357 τό
3976 4302 4174 4358 παιδά-

2499 4380 2702 4472 1)ριον,
2737 4417 2824 4448 και
2872 4393 3001 4468 μηδ’
3031 4398 3056 4446 ὃ
3114 4415 3166 4447 τι
3221 4397 3481 4464 πεπόνθει,
3545 4400 3772 4448 συνιέναι
3815 4399 3872 4447 τό
3929 4397 4176 4468 παράπαν

2573 4485 2876 4559 δυνάμενον.
2918 4487 3061 4537 Ἐπεί
3097 4481 3146 4537 δ’
3179 4487 3207 4542 ἡ
3243 4489 3399 4556 φύσις
3443 4489 3572 4559 πρὸς
3627 4486 3754 4559 ἅπερ
3811 4488 3956 4537 εἴωθε
4013 4504 4176 4542 κατησ-

2570 4580 2818 4646 νάγκασε,
2874 4576 2976 4626 τότ’
3030 4577 3243 4644 ἔγνωκεν
3301 4572 3529 4645 ἀκριϐῶς
3603 4574 3661 4624 οὗ
3724 4580 3887 4624 κακοῦ

3834 4659 4176 4734 βαδιστικόν)

3969 4578 4175 4644 γέγονεν

2570 4666 2907 4737 (ἐρπυστικόν
2982 4666 3084 4737 γὰρ
3159 4667 3383 4720 κατέστη
3489 4667 3547 4715 τό
3609 4668 3732 4725 τέως

2569 4759 2731 4828 χερσί
2761 4756 2850 4826 μεν
2883 4754 2968 4806 οἵα
3022 4773 3112 4805 και
3169 4758 3300 4805 ποσί
3349 4759 3640 4827 χρώμενον,
3691 4759 3800 4813 τοῖς
3844 4748 3903 4803 δε
3959 4755 4174 4822 γόνασιν

2569 4844 2674 4916 ούχ
2732 4846 2865 4903 ὅπως
2920 4843 2974 4894 λε
3033 4841 3327 4915 προϐαῖνον,
3383 4841 3512 4894 ἀλλὰ
3558 4845 3858 4913 συρόμενον,
3916 4849 4034 4892 νοῦν
4088 4842 4175 4892 ού-

2568 4954 2663 4995 τως
2689 4937 2824 5006 ἔχων
2856 4933 3094 4996 ἐπιπολὺ,
3135 4936 3200 4984 τὰ
3258 4936 3387 5005 πρὸς
3443 4937 3630 5003 χρείας
3683 4929 3736 4993 ἐξ
3779 4931 4032 4990 αἰτήσεως
4085 4951 4174 4982 πο·

2566 5025 2858 5099 ριζόμενον,
2921 5023 3072 5095 ἕρπον
3129 5041 3182 5073 τε
3234 5018 3362 5094 τῇδε
3417 5019 3626 5072 κάκεῖσε
3679 5040 3769 5071 και
3821 5016 4173 5091 κυλινδούμε-

2566 5134 2670 5170 νον.
2726 5114 3006 5167 Ἠτοιαύτη
3063 5131 3122 5182 γε
3172 5115 3275 5183 μὴν
3338 5110 3434 5168 ἆλη
3487 5113 3669 5162 τούτου
3724 5129 3814 5160 και
3876 5113 4019 5184 παρά
4082 5115 4175 5167 τὴν

2568 5203 2693 5276 ἐμὴν
2749 5202 2914 5254 οἰκίαν
2972 5202 3212 5272 γενέσθαι
3263 5205 3532 5266 πεποίηκε,
3588 5220 3676 5251 και
3733 5220 3822 5272 μοι
3882 5205 4006 5274 πρὸς
4056 5201 4175 5270 ἄψιν

2569 5292 2739 5359 ἦλθεν,
2773 5293 2832 5344 ού
2854 5292 3104 5364 χωλεῦον,
3148 5291 3243 5343 ούκ
3292 5290 3533 5358 όκλάζον,
3607 5289 3734 5342 ἀλλά
3794 5299 3970 5362 σαφῶς
3999 5289 4171 5365 ἕρπον,

2567 5383 2697 5434 κάπί
2743 5391 2812 5452 τῷ
2863 5383 3045 5439 στὴθεί
3109 5401 3199 5433 και
3248 5389 3309 5439 τῆ
3375 5381 3549 5452 κοιλιᾳ
3611 5383 3745 5432 κατά
3799 5385 3894 5439 τὴν
3949 5381 4174 5432 παλαιὰν

2570 5472 2762 5530 ἐκείνην
2803 5474 3032 5543 κατάραν
3074 5478 3168 5521 τοῦ
3204 5475 3360 5543 ὄφεως
3383 5474 3740 5544 πορευόμενον.

855 5705 969 5775 (t2)
991 5703 1358 5776 Rhymlacus
1388 5703 1608 5759 ﬂuvius
1632 5705 1826 5777 Mysia
1853 5705 2149 5777 (Phrygia
2173 5706 2419 5776 majoris
2433 5721 2504 5763 ea
2527 5722 2668 5779 pars
2701 5709 2806 5761 esti
2842 5705 2901 5761 in
2928 5703 3349 5778 Propontidem
3381 5703 3576 5760 inﬂuit
3597 5704 3674 5760 ad
3701 5705 4170 5776 congnominem

784 5793 896 5852 sibi
919 5809 1152 5868 urpem.
1173 5793 1321 5852 Sunt
1339 5794 1444 5868 qui
1466 5795 1714 5852 credant
1744 5794 1928 5853 Plinio
1965 5797 2187 5869 Lycum
2206 5795 2345 5853 dici.
