4484 6446
295 434 400 490 925

363 554 470 612 λδ’.
503 556 637 610 Ἀλλ’
677 556 734 608 οὐ
766 557 898 608 πάνυ
929 573 988 624 γε
1033 557 1230 624 συχναὶ
1291 548 1556 624 παρῆλθον
1610 555 1707 599 τῶν
1765 548 1892 619 ἠμε-
1922 550 1964 602 Α

291 654 414 719 ρῷν,
458 653 548 698 καὶ
603 642 842 718 βαδίζων
898 639 1043 702 αὖθις
1082 645 1204 714 πρός
1253 643 1391 711 ἡμᾶς
1449 640 1473 689 6
1527 645 1645 697 παῖς
1696 640 1892 707 γέγονε,

294 734 460 806 βαίων
512 739 874 808 ἀπρόσκοπτα,
924 732 1007 784 ἐπί
1055 751 1108 783 τε
1146 739 1244 782 τῶν
1302 726 1485 780 ποδοῖν
1527 726 1714 798 ἀμφοῖν
1769 744 1896 781 σκηο

291 830 615 896 ριπτόμενος,
675 829 763 875 καὶ
797 825 1066 894 ἱστάμενος
1119 822 1307 894 ὄρθιος.
1361 821 1428 878 ὡς
1474 836 1532 887 γε
1591 812 1655 872 δὴ
1714 817 1896 873 πάντες

293 910 462 966 οἱδιὰ
523 913 758 974 πλάσεως
791 909 843 964 εὖ
898 915 1127 982 ἔχοντες,
1183 913 1334 982 τέρας
1391 915 1544 959 τοῦτο
1579 913 1688 964 τοῖς
1739 911 1894 977 προί-

294 999 479 1054 δοῦσιν
512 1003 708 1054 ἅπασιν
759 998 922 1067 ἔδοξε,
979 1005 1063 1051 καὶ
1093 998 1243 1058 ἄλλος
1281 997 1430 1049 ἄλλον
1478 996 1628 1056 εὐθὺς
1676 1011 1894 1064 μετεκα-

290 1091 446 1158 λεῐτο,
509 1098 597 1143 καὶ
659 1092 827 1165 ἔτερος
903 1091 1074 1161 ἐτέρου
1158 1092 1275 1161 περὶ
1342 1087 1482 1154 αὐτῷ
1567 1083 1891 1144 ἐπυνθάνετο;

292 1181 413 1252 Οὐχ
457 1181 607 1239 οὗτος
659 1179 864 1243 ἐκεῖνος,
920 1178 1099 1249 λέγων,
1153 1179 1177 1228 6
1212 1179 1310 1250 πρὸ
1367 1181 1557 1247 μικροῦ
1609 1174 1897 1244 μετάφορη-

289 1275 372 1329 τός
406 1289 418 1336 ;
454 1270 575 1340 Οὐχ
606 1269 751 1328 οὗτος
802 1269 828 1319 6
885 1270 1016 1338 χθες
1077 1269 1212 1337 ἔχων
1261 1271 1350 1316 καὶ
1397 1268 1652 1336 πρότριτα
1705 1279 1893 1330 συγκεο

289 1362 528 1430 καμμένα
567 1361 632 1409 τά
687 1362 880 1428 γόνατα
923 1374 936 1423 ;
982 1361 1081 1408 Καὶ
1148 1353 1232 1406 ἐπὶ
1262 1353 1390 1405 πολύ
1444 1372 1554 1412 πως
1612 1346 1893 1420 διηπορού-

289 1449 447 1519 μεθα,
493 1447 538 1498 εἰ
603 1445 990 1503 ἕπαληθεύοντά
1047 1445 1178 1496 εἰσιν
1245 1445 1369 1514 ἡμῖν
1427 1444 1492 1492 τὰ
1556 1449 1651 1500 τῆς
1708 1438 1890 1508 ὅψεως,

290 1537 388 1597 ἕως
449 1535 604 1597 αὐτὸς
679 1538 839 1606 ἔγωγε
882 1533 1149 1606 ἐγγύτερον
1204 1530 1413 1602 ἀγαγὼν
1470 1531 1608 1588 ὅπως
1668 1547 1721 1580 τε
1777 1529 1896 1599 ἠρό-

289 1645 414 1696 μην,
443 1630 532 1676 καὶ
561 1627 685 1676 πότε
712 1625 875 1694 ὑγιεῖς
931 1623 1065 1674 οὕτω
1131 1625 1247 1681 τοὺς
1301 1615 1473 1680 πόδας
1524 1617 1739 1689 ἐγένετο.
1797 1622 1895 1669 Καὶ

290 1713 659 1782 ὃς,ἘΕῆλθον,
711 1715 826 1784 ἔφη,
861 1720 958 1764 τῶν
1017 1710 1272 1775 ἕνταυθοί,
1331 1711 1474 1782 παρὰ
1530 1710 1616 1758 τόν
1661 1705 1895 1777 αἰγιαλὸν

289 1808 500 1874 γέγονα,
527 1802 597 1863 ὡς
625 1810 724 1853 τῶν
756 1805 1046 1876 παριόντων
1099 1800 1341 1871 αἱτοίμην
1389 1799 1456 1858 ὡς
1513 1803 1603 1848 τοῦ
1632 1795 1754 1868 παρ’
1807 1795 1897 1845 αὑ-

1632 421 1707 478 lN
1747 423 1801 479 S.
1843 423 2316 480 THEODOSIAM.

3549 428 3656 483 926

2083 552 2168 604 34.
2202 552 2326 605 Non
2350 550 2519 605 multi
2555 549 2692 606 inde
2716 549 3071 606 effluxerant
3098 550 3245 615 dies,
3280 567 3417 607 cum
3448 567 3653 607 rursus

2007 638 2082 693 ad
2115 639 2276 692 aedes
2309 645 2546 693 nostras
2574 640 2731 694 idem
2767 656 2828 695 se
2852 639 3201 695 adolescens
3229 640 3495 708 contulit,
3521 642 3657 696 abs-

2005 742 2121 797 que
2150 727 2313 781 omni
2336 728 2768 798 impedimento
2791 729 3075 799 omnique
3104 728 3492 783 incommodo
3524 744 3659 800 pro-

2006 815 2300 885 grediens,
2334 821 2585 888 utroque
2620 817 2865 871 firmiter
2891 817 3217 872 consistens
3250 818 3422 889 pede,
3453 822 3507 872 et
3528 835 3655 873 cor-

2006 920 2149 976 pore
2180 905 2236 959 in
2258 905 2444 960 altum
2472 911 2686 974 erecto,
2711 905 3232 977 quemadmodum
3253 907 3441 961 solent
3469 907 3506 960 ii
3529 908 3656 978 qui-

2006 993 2117 1047 bus
2144 994 2306 1047 omni
2339 1010 2411 1048 ex
2443 1000 2608 1064 parte
2634 994 2913 1049 absoluta
2939 995 3348 1049 membrorum
3381 996 3654 1050 omnium

2005 1081 2400 1137 conformatio
2427 1082 2659 1152 obtigit.
2708 1083 3048 1152 Prodigium
3090 1084 3203 1138 hoc
3237 1083 3520 1138 omnibus
3549 1084 3654 1155 qui

2005 1186 2038 1225 a
2069 1170 2259 1225 lerant
2287 1186 2407 1226 non
2439 1171 2740 1226 mediocre
2761 1172 2948 1226 visum
2975 1176 3066 1226 est
3097 1189 3106 1224 :
3135 1187 3202 1226 ac
3222 1171 3317 1226 alii
3340 1172 3654 1227 confestim

2004 1259 2171 1326 alios,
2204 1265 2264 1314 ut
2338 1259 2421 1330 ﬁt,
2482 1260 2862 1328 advocantes,
2908 1276 3086 1332 super
3133 1261 3509 1315 adolescente
3555 1261 3654 1317 illo

2005 1347 2192 1402 multa
2205 1348 2542 1403 exinvicem
2564 1349 3652 1420 sciscitabantur.Nonne,inquiebant,

2003 1435 2096 1490 ille
2128 1437 2220 1490 hic
2251 1443 2360 1502 est,
2402 1437 2504 1506 qui
2531 1452 2653 1492 non
2681 1453 2716 1492 a
2747 1439 2938 1492 multo
2971 1442 3236 1509 tempore
3267 1437 3384 1492 huc
3427 1438 3505 1492 ad
3543 1452 3653 1492 nos

2004 1524 2112 1580 fuit
2144 1524 2375 1579 delatus
2399 1529 2425 1578 ?
2456 1528 2662 1580 Nonne
2694 1525 2852 1580 idem
2883 1526 3010 1598 ipse
3046 1526 3124 1581 ab
3159 1526 3285 1581 heri
3315 1530 3372 1580 et
3401 1525 3654 1581 nudius-

2005 1614 2212 1668 tertius
2261 1620 2568 1670 contracta
2606 1615 2870 1671 habebat
2924 1616 3162 1685 genua?
3212 1615 3452 1671 Multum
3481 1616 3658 1684 igitur

2005 1703 2455 1774 dubitabamus,
2505 1719 2648 1759 nam
2694 1721 2836 1760 vera
2884 1709 3080 1760 essent
3127 1720 3262 1776 quae
3296 1704 3655 1760 videbamus

2006 1791 2190 1847 oculis
2216 1811 2228 1859 ;
2256 1792 2448 1847 donec
2479 1808 2588 1862 ego
2622 1793 2746 1865 ipse
2779 1794 3025 1864 propius
3058 1797 3134 1848 ad
3166 1809 3305 1847 eum
3338 1793 3653 1863 accedens,

288 1901 388 1944 τῶν
415 1892 576 1952 ἐλέους
606 1893 930 1962 τυγχάνοιμι
959 1907 970 1918 ·
1009 1888 1134 1940 ἀλλά
1191 1908 1266 1948 τις
1297 1896 1394 1938 τῶν
1422 1882 1612 1938 ὁδιτών
1645 1885 1757 1949 (οὐκ
1790 1880 1895 1936 οἶδ’
1936 1899 1974 1952 Β
2006 1898 2059 1954 p1

1883 1888 1895 1915 ’
1936 1899 1974 1952 Β
2006 1883 2378 1954 percunctari
2402 1884 2575 1954 coepi,
2600 1899 2723 1955 qua
2748 1883 2992 1938 tandem
3017 1883 3266 1949 ratione,
3292 1900 3485 1955 quove
3513 1889 3654 1938 tem-

287 1983 425 2043 ὅπως
456 2001 555 2049 τις,
589 1980 646 2032 οὐ
705 1982 806 2054 γὰρ
857 1979 1059 2052 ἑώρακα
1117 1983 1384 2052 πρότερον,
1440 1975 1497 2027 οὐ
1549 1977 1677 2046 μετά
1730 1982 1896 2026 ταῦτα

286 2079 467 2123 τοῦτον
529 2071 796 2142 τεθέαμαι)
899 2075 1191 2140 καινότερον
1285 2065 1362 2117 ἐπ’
1423 2064 1534 2136 ἐμοὶ
1618 2068 1892 2121 πεποίηκεν

286 2160 442 2226 ἔλεον,
521 2162 653 2234 ἄρας
736 2179 798 2231 με
853 2175 863 2185 ·
928 2163 1017 2209 καὶ
1072 2160 1173 2229 γὰρ
1251 2151 1547 2226 ἐπωμάδιον
1603 2155 1744 2224 παρὰ
1799 2157 1892 2210 την

301 2253 464 2321 Αγίαν
534 2254 695 2322 φέρων
770 2249 1012 2300 κατέθετο
1063 2265 1073 2274 ·
1128 2247 1262 2297 οὕτω
1317 2243 1418 2315 γὰρ
1478 2243 1747 2294 καλεῖσθαι
1799 2246 1892 2299 τήν

286 2343 550 2413 μακαρίαν
591 2341 784 2396 ταύτην
839 2333 1132 2390 Θεοδοσίαν
1190 2337 1218 2392 ἡ
1278 2342 1377 2385 τῶν
1437 2335 1712 2404 θαυμάτων
1772 2352 1893 2384 συν-

288 2432 440 2499 έχεια
510 2430 652 2500 παρά
706 2447 764 2498 γε
809 2435 870 2498 τῇ
956 2424 1290 2497 μεγαλοπόλει
1369 2426 1528 2493 ταύτῃ
1594 2425 1889 2487 πεποίηκεν,

289 2515 436 2589 οἶμαι
487 2513 544 2568 δε
602 2521 691 2568 καὶ
741 2525 838 2568 τῶν
897 2515 1090 2567 πόλεων
1135 2520 1380 2584 πανταχῆ
1418 2533 1428 2544 ο
1491 2520 1735 2581 πανταχῆ
1793 2513 1889 2584 γὰρ

288 2606 500 2670 ἑξαπλοί
543 2611 630 2664 την
671 2609 832 2679 χάριν
890 2626 901 2638 ο
958 2607 1037 2656 ὅτι
1084 2609 1172 2655 καὶ
1218 2603 1546 2673 πανταχόθεν
1603 2600 1892 2674 ξυρρέοντες

288 2700 337 2749 οἱ
366 2705 535 2758 κακῶς
562 2699 773 2768 ἔχοντες
819 2705 919 2748 τῶν
983 2696 1164 2747 ἰάσεων
1217 2692 1487 2745 ἐπανίασιν
1533 2689 1889 2750 ἀπολαϐόντες.

2005 1987 2148 2043 pore
2178 1972 2401 2042 pedum
2458 1973 2772 2027 sanitatem
2817 1978 3175 2028 consecutus
3216 1978 3386 2027 esset.
3424 1974 3494 2026 At
3539 1972 3651 2038 ille,

2006 2063 2129 2115 Non
2183 2061 2262 2115 ita
2319 2060 2574 2131 pridem,
2609 2061 2817 2132 inquit,
2865 2061 3003 2116 hinc
3053 2061 3131 2115 ad
3175 2061 3333 2116 littus
3374 2077 3654 2130 egressus

2005 2166 2161 2214 sum,
2196 2155 2316 2204 uta
2347 2151 2823 2220 pretereuntibus
2853 2150 3253 2221 eleemosynaa
3303 2150 3526 2221 aliquid
3559 2165 3653 2205 ro-

2003 2239 2206 2308 gando
2255 2254 2652 2311 consequerer
2695 2257 2706 2304 ;
2768 2256 2904 2294 cum
2953 2256 3088 2294 ecce
3122 2256 3151 2294 e
3203 2239 3654 2295 transeuntibus

2003 2343 2158 2383 unus
2189 2329 2511 2400 quisquam
2532 2331 2658 2398 (nec
2682 2329 2842 2384 enim
2865 2329 2998 2400 quis
3023 2329 3197 2384 fuerit
3219 2330 3361 2396 scio,
3393 2330 3495 2400 qui
3518 2334 3654 2386 ante

2002 2434 2318 2490 nunquam
2350 2419 2657 2474 hominem
2689 2418 2976 2485 videram,
3011 2424 3064 2474 et
3103 2419 3319 2473 deinde
3356 2435 3476 2474 non
3510 2435 3654 2475 con-

2003 2509 2167 2580 spexi
2190 2508 2472 2580 amplius)
2491 2509 2791 2564 insolitum
2811 2509 2955 2563 mihi
2978 2509 3426 2580 eleemosynam
3451 2513 3656 2565 contu-

2002 2599 2084 2668 lit,
2113 2598 2260 2652 dum
2289 2604 2592 2670 arreptum
2617 2614 2710 2652 me
2741 2603 2919 2669 atque
2942 2599 2999 2652 in
3033 2598 3318 2653 humeros
3352 2614 3492 2654 suos
3519 2598 3657 2653 sub-

2001 2688 2212 2756 latum,
2247 2687 2527 2759 deposuit
2575 2689 2739 2761 apud
2777 2690 3056 2744 Sanctam
3092 2705 3104 2742 :
3139 2688 3253 2743 hoc
3293 2687 3520 2760 quippe
3547 2704 3655 2744 no-

293 2785 454 2842 mine
485 2785 726 2840 beatam
760 2784 1160 2841 Theodosiam
1193 2780 1505 2854 appellari,
1539 2780 1597 2835 in
1639 2779 1753 2835 hac
1799 2794 2024 2848 magna
2066 2778 2296 2833 civitate
2332 2778 2467 2832 fecit
2515 2778 2943 2833 miraculorum
2976 2777 3296 2833 multitudo
3332 2795 3344 2831 :
3377 2777 3657 2834 existimo

286 2881 488 2930 autem
519 2875 601 2930 sic
632 2875 811 2930 etiam
842 2875 901 2929 in
931 2873 1062 2930 aliis
1085 2873 1306 2944 ubique
1334 2869 1587 2925 urbibus
1611 2869 1944 2935 nominari,
1978 2867 2198 2939 ubique
2225 2867 2383 2922 enim
2417 2867 2671 2937 gratiam
2701 2867 2987 2922 divinitus
3016 2867 3126 2922 sibi
3159 2866 3438 2922 collatam
3468 2867 3660 2940 expli-

287 2967 420 3032 cat;
452 2979 639 3035 quare
670 2963 849 3018 etiam
880 2962 1148 3034 undique
1180 2959 1494 3016 conﬂuunt
1522 2957 1679 3013 male
1709 2956 2002 3012 habentes
2033 2961 2088 3011 et
2116 2955 2435 3011 discedunt
2464 2956 2735 3012 sanitatis
2765 2955 3195 3011 restitutionem
3225 2956 3550 3010 consecuti.

357 3052 660 3106 λε’.Τοίνυν
699 3058 788 3105 καὶ
821 3052 1098 3124 ἀνωνύμως
1157 3050 1290 3103 οὕτω
1348 3052 1406 3100 τό
1460 3044 1743 3120 παιδάριον
1797 3046 1896 3098 ἁπ-

285 3141 542 3196 εκαλεσεν.
579 3147 680 3195 Καὶ
707 3139 773 3200 δὴ
807 3161 868 3213 με
898 3143 1128 3207 ὑποθεὶς,
1187 3143 1300 3212 ἔφη,
1360 3147 1422 3211 τῇ
1479 3139 1674 3197 ταύτης
1734 3143 1893 3210 σορῷ,

286 3231 437 3302 ἐλαίῳ
509 3250 562 3282 τε
654 3250 851 3304 χρισας
933 3238 1023 3291 τῆς
1117 3229 1488 3303 ἓπῃωρημένης
1577 3233 1896 3298 φωταγωγοῦ

285 3318 430 3383 ἐξιὼν
503 3319 706 3392 εὔχετο.
785 3321 920 3391 Ἐγὼ
976 3317 1029 3372 δ’
1108 3318 1484 3390 ἐναπολειφθεὶς
1536 3315 1584 3368 ἐν
1633 3314 1896 3388 ἀμηχάνῳ

281 3413 562 3481 γεγένημαι
619 3425 635 3442 ⁸
697 3409 756 3461 οὗ
810 3411 911 3483 γὰρ
1008 3407 1303 3482 προϐαίνειν
1359 3407 1504 3471 ὅλως,
1552 3406 1609 3458 οὐ
1655 3404 1897 3478 μεταϐαί-

282 3517 383 3549 νειν
442 3494 742 3570 ἠδυνάμην,
801 3495 909 3548 ἀλλ’
959 3499 1028 3558 ὦς
1075 3517 1127 3548 τι
1173 3496 1536 3570 παρερῥίμμην
1585 3496 1756 3565 ἄχθος
1806 3497 1895 3544 καὶ

282 3596 381 3640 τῶν
431 3607 556 3662 προς
609 3592 795 3662 χρείαν
841 3586 1159 3662 ἐστερούμην
1208 3589 1233 3638 6
1295 3584 1539 3646 δείλαιος.
1598 3591 1748 3656 Τρεῖς
1797 3592 1894 3634 τῶν

282 3679 486 3750 ἡμερῶν
544 3676 936 3750 παρερρύησαν,
999 3681 1088 3728 καὶ
1156 3696 1244 3747 μοι
1296 3675 1426 3736 ζάλη
1489 3694 1568 3735 τις
1629 3678 1748 3744 περὶ
1807 3675 1894 3723 τόν

281 3764 537 3838 λογισμὸν
581 3771 808 3837 γέγονεν,
866 3766 972 3838 οὐχ
1020 3767 1199 3839 οἵαπερ
1251 3764 1412 3822 ἐκείνη
1471 3767 1496 3822 η
1549 3766 1649 3837 πρὸ
1702 3769 1892 3834 μικροῦ

284 3855 647 3928 ξυμπεσοῡσα,
689 3859 778 3906 καὶ
831 3859 897 3907 τὰ
946 3861 1136 3927 γόνατα
1187 3857 1642 3930 παραρθρωσασα,
1702 3857 1890 3926 γρὶκην

282 3963 374 4017 μοι
421 3949 510 3996 καὶ
561 3965 724 4016 μονης
789 3942 888 3997 ἀπὸ
943 3950 1150 4018 μνήμης
1203 3943 1394 4004 ἐκείνης
1447 3951 1601 4007 ποιεῖ,
1659 3941 1891 4013 γαλήνης

287 4030 346 4086 δὲ
405 4037 496 4091 τὴν
558 4031 782 4108 καρδίαν
853 4034 1149 4107 πληροῦσα,
1219 4038 1308 4084 καὶ
1371 4035 1498 4106 πρὸς
1555 4035 1613 4082 τὸ
1669 4032 1889 4101 εὔθυμον

283 4121 680 4196 μεταϐάλλουσα
757 4142 768 4153 ·
826 4126 938 4176 ὅθεν
1017 4129 1106 4176 καὶ
1163 4123 1229 4185 ὠς
1288 4125 1334 4174 ἓν
1389 4122 1530 4193 ὕπνῳ
1586 4117 1886 4192 πεπεδημέ-

659 4208 839 4280 δόξας,

286 4320 416 4358 στην
469 4320 520 4352 τε
578 4299 660 4353 ἐπὶ
720 4297 911 4367 πόδας,
968 4307 1057 4353 καὶ
1113 4300 1334 4375 προέϐην
1413 4299 1495 4352 ἐπὶ
1566 4303 1783 4371 μακρόν,
1839 4298 1886 4350 ἐν

282 4231 369 4273 νος
440 4208 569 4263 εἶναι
659 4208 839 4280 δόξας,
935 4214 1088 4283 ὑγιὴς
1169 4213 1432 4284 ἀναθορὼν
1514 4211 1757 4284 εὖρημαι,
1845 4212 1889 4262 ἔ-

282 4390 448 4461 ἑαυτῷ
519 4409 571 4443 τε
623 4395 912 4462 γενόμενος,
976 4396 1066 4443 καὶ
1117 4393 1228 4443 ὅθεν
1296 4391 1390 4448 ἧκέ
1436 4409 1525 4460 μοι
1575 4385 1801 4440 συνιδὼν
1855 4391 1882 4445 ἡ

283 4478 526 4552 βοήθεια,
581 4488 640 4550 τῇ
691 4489 782 4540 τῆς
824 4480 1008 4552 Ἀγίας
1065 4476 1556 4554 προσδεδραμήκειν
1590 4486 1747 4552 σορῷ,
1797 4483 1885 4530 καὶ
1919 4468 1959 4520 Ῐ)

280 4577 344 4641 τῇ
396 4571 589 4631 ταύτης
643 4573 860 4644 περιφὺς
922 4570 1098 4641 εἰκόνι,
1150 4575 1240 4622 καὶ
1279 4572 1456 4641 συχνὰ
1499 4572 1692 4626 ταύτην
1744 4587 1884 4641 περι-

281 4657 600 4730 πτυξάμενος
669 4656 902 4726 ἐξῆλθον,
953 4660 1020 4721 ὡς
1073 4661 1244 4731 ὁρᾶτε,
1304 4667 1394 4711 τοῦ
1425 4659 1506 4710 ἐπ’
1560 4657 1672 4730 ἐμοὶ
1732 4653 1883 4719 δοξά-

281 4748 384 4808 ζων
466 4750 979 4820 θαυματουργήματο
990 4771 1009 4810 ς

280 4833 389 4895 ἤδη
425 4835 476 4899 ἐξ
502 4837 562 4889 οὗ
595 4842 688 4895 τὴν
736 4837 882 4890 πόλιν
940 4847 1243 4912 περινοστὼ,
1308 4836 1580 4911 ἐλευθέρως
1624 4839 1742 4889 ὁποι
1795 4843 1883 4888 καὶ

1071 4766 1083 4778 ⁸
1137 4754 1226 4800 καὶ
1269 4756 1356 4800 νῦν
1415 4749 1603 4821 ἡμέραι
1651 4752 1884 4818 τέτταρες

281 4927 542 5000 βούλομαι
572 4932 927 5000 πορευόμενος.

553 5216 632 5229 \\\

511 5216 646 5269 Αλλὰ
693 5212 831 5288 μηδὲ
875 5218 938 5267 τὰ
970 5215 1070 5288 ἐμὰ
1119 5217 1294 5288 ὅτιπερ
1359 5216 1457 5288 ἐμὰ
1510 5214 1882 5286 παραλειπτέον

350 5215 454 5266 λς’.
490 5216 501 5236 9

385 5260 407 5278 ’³
442 5259 454 5271 ο

279 5304 417 5376 ἐμοὶ,
463 5307 528 5367 ὡς
561 5308 632 5379 μή
703 5312 791 5358 καὶ
849 5306 983 5358 αὐτά
1046 5306 1206 5367 λήθης
1267 5307 1682 5378 παραπεμφθεῖεν
1712 5303 1880 5377 βυθῷ,

279 5393 426 5465 κάγὼ
484 5395 678 5468 μέμψει
750 5393 937 5468 δικαίᾳ
1010 5394 1461 5453 καθυποϐληθείην
1537 5394 1881 5469 ἀχαριστίας,

279 5481 420 5556 μηδὲ
457 5483 590 5556 λόγῳ
629 5484 766 5556 ψιλῷ
804 5483 1136 5561 παραδοῦναι
1196 5487 1570 5561 προθυμηθεὶς,
1642 5487 1770 5558 οἷπερ
1833 5481 1883 5536 εὖ

279 5581 386 5634 τοῖς
426 5578 590 5648 ἔργοις
629 5577 785 5647 ἔφθην
825 5579 1002 5628 παθών
1050 5597 1062 5610 ·
1104 5581 1222 5649 περὶ
1263 5573 1320 5628 δὲ
1387 5584 1474 5628 του
1517 5572 1762 5650 δευτέρου
1801 5579 1885 5627 τὸν

280 5663 430 5735 λόγον
470 5670 762 5736 ποιήσομαι
800 5671 1067 5741 πρότερον.
1109 5665 1346 5742 Γαμϐρὸς
1421 5669 1542 5738 ἐμὸς
1583 5667 1666 5718 ἐπὶ
1732 5667 1886 5738 θυγα-

281 5759 369 5829 τρί
442 5764 541 5806 τῶν
617 5755 827 5828 εὐγενῶν
903 5757 1049 5818 οὗτος
1109 5762 1197 5810 καὶ
1237 5755 1604 5829 περιϐλέπτων,
1669 5752 1885 5828 ἀδελφι-

1935 3107 1974 3161 C

2073 3045 2162 3101 35.
2208 3048 2410 3116 Itaque
2445 3045 2727 3100 Sanctam
2772 3060 3016 3118 quoque
3070 3060 3218 3116 puer
3269 3046 3376 3099 iste
3429 3059 3658 3100 vocans

2008 3134 2241 3207 absque
2270 3135 2516 3208 proprio
2547 3135 2812 3190 nomine.
2849 3136 3039 3207 Super
3074 3134 3275 3206 hujus,
3310 3135 3521 3206 inquit,
3568 3139 3659 3190 tu-

2006 3226 2236 3281 mulum
2268 3243 2364 3281 me
2385 3242 2616 3299 ponens
2639 3225 2753 3293 ille,
2770 3229 2826 3281 et
2846 3225 3104 3297 desuper
3123 3241 3406 3297 appensae
3427 3224 3659 3296 lampa-

2005 3316 2095 3370 dis
2116 3316 2248 3370 oleo
2274 3316 2592 3384 inungens,
2625 3315 2818 3371 oravit
2846 3321 2901 3370 et
2942 3315 3103 3371 abiit.
3130 3317 3250 3384 Ego
3278 3329 3420 3369 vero
3446 3313 3658 3370 dereli-

2005 3410 2157 3471 ctus,
2179 3404 2326 3477 quid
2359 3419 2599 3474 agerem
2621 3404 2962 3459 nesciebam
2989 3422 3001 3458 :
3027 3420 3170 3459 nam
3197 3419 3394 3475 neque
3420 3419 3660 3475 progre-

2003 3493 2063 3547 di
2084 3509 2276 3565 neque
2317 3492 2548 3562 digredi
2587 3493 2724 3548 inde
2753 3497 3046 3564 poteram,
3081 3491 3186 3548 sed
3217 3491 3438 3547 inutilis
3471 3491 3659 3547 instar

2004 3584 2289 3656 ponderis
2320 3583 2734 3650 remanebam,
2761 3583 3043 3638 omnibus
3066 3583 3144 3638 ad
3174 3582 3357 3638 vitam
3384 3597 3661 3638 necessa-

1999 3673 2104 3728 riis
2153 3672 2330 3728 rebus
2379 3672 2696 3728 destitutus
2745 3673 2946 3727 miser.
3002 3675 3138 3727 Tres
3187 3672 3459 3727 abierant
3506 3671 3654 3738 dies,

2002 3778 2140 3818 cum
2166 3762 2309 3818 mihi
2357 3761 2639 3834 quaedam
2672 3762 2886 3817 mentis
2916 3761 3230 3818 concussio
3268 3760 3502 3825 accidit,
3534 3776 3654 3814 non

2000 3853 2199 3924 qualis
2237 3857 2373 3907 ante
2419 3852 2701 3922 exiguum
2748 3857 2988 3924 tempus
3037 3852 3460 3923 superveniens
3507 3849 3656 3905 mihi

2001 3958 2198 4013 genua
2229 3943 2541 4007 contraxit,
2586 3946 2641 3996 et
2671 3940 2764 3996 vel
2795 3941 2924 3996 sola
2954 3940 3364 3995 recordatione
3399 3939 3489 3994 sui
3519 3939 3656 3994 hor-

1999 4047 2194 4087 rorem
2220 4031 2364 4086 mihi
2395 4031 2628 4097 incutit;
2663 4029 2768 4086 sed
2791 4031 3058 4086 animum
3085 4029 3342 4101 implens
3371 4028 3653 4101 tranquil-

1997 4121 2177 4184 litate.
2207 4122 2550 4194 Optimeque
2573 4135 2974 4192 componens;
3003 4119 3183 4182 unde,
3212 4119 3392 4174 veluti
3417 4118 3464 4173 si
3487 4134 3651 4174 som-

1998 4211 2186 4264 nianti
2218 4214 2448 4265 tantum
2481 4209 2753 4264 oblatum
2776 4209 2985 4264 fuisset
3007 4208 3228 4280 pedum
3252 4207 3651 4279 impedimen-

1997 4303 2148 4365 tum,
2189 4300 2269 4355 ita
2303 4315 2397 4354 me
2448 4314 2667 4353 sanum
2717 4297 2992 4354 exsiliens
3041 4299 3252 4370 reperi,
3297 4298 3547 4369 stetique
3591 4298 3650 4353 in

1996 4390 2178 4462 pedes
2210 4393 2444 4444 erectus
2489 4393 2546 4443 et
2574 4388 2880 4443 modicum
2913 4403 3269 4460 progressus
3301 4404 3454 4442 sum.
3503 4390 3650 4444 Tum

1995 4495 2135 4535 vero
2167 4480 2224 4534 in
2259 4479 2558 4550 meipsum
2583 4493 2913 4546 regressus,
2932 4483 2988 4532 et
3008 4477 3169 4532 unde
3192 4477 3474 4532 auxilium
3504 4476 3651 4532 mihi

1996 4569 2277 4637 venisset,
2328 4567 2686 4636 intelligens,
2740 4566 2817 4621 ad
2851 4569 3078 4622 Sanctae
3110 4567 3495 4638 sepulchrum
3555 4584 3656 4622 cu-

1994 4659 2186 4726 curri;
2229 4665 2286 4714 et
2315 4674 2499 4714 sacrae
2552 4659 2681 4728 ejus
2725 4657 2974 4728 imagini
3019 4656 3269 4725 affusus,
3317 4673 3456 4711 cum
3486 4656 3650 4713 illam

1995 4750 2313 4822 complexu
2358 4748 2651 4821 frequenti
2680 4747 3071 4818 strinxissem,
3119 4748 3293 4813 exivi,
3346 4752 3410 4803 ut
3439 4747 3651 4804 videtis

1995 4839 2353 4895 miraculum
2381 4839 2441 4893 in
2473 4854 2566 4893 me
2593 4837 2819 4894 factum
2851 4837 3184 4892 celebrans.
3231 4839 3485 4902 Quartus
3511 4854 3650 4895 vero

1993 4945 2155 4984 nunc
2190 4928 2316 4983 dies
2346 4933 2453 4996 est,
2483 4944 2554 4984 ex
2584 4943 2707 4999 quo
2740 4927 2950 4982 urbem
2997 4927 3154 4983 hanc
3183 4943 3428 4982 omnem
3464 4943 3650 4983 sanus

1993 5018 2344 5084 obambulo,
2403 5023 2458 5074 et
2487 5033 2854 5090 quocunque
2903 5017 3172 5074 locorum
3215 5018 3388 5073 fuerit
3415 5017 3651 5075 libitum

1994 5108 2223 5180 absque
2255 5108 2688 5180 impedimento
2717 5123 2927 5180 pergo.

2065 5222 2151 5273 36.
2195 5217 2308 5272 Sed
2339 5232 2474 5288 quae
2530 5231 2666 5272 mea
2711 5220 2868 5283 sunt,
2900 5220 3195 5288 tanquam
3246 5215 3293 5270 si
3342 5231 3477 5272 mea
3529 5231 3652 5272 non

1995 5312 2218 5375 essent,
2251 5306 2550 5378 praeterire
2597 5321 2719 5361 non
2766 5305 2990 5372 debeo;
3026 5321 3099 5361 ne
3146 5305 3192 5360 si
3223 5305 3526 5378 profundo
3583 5322 3653 5362 eo

1998 5397 2230 5452 silentio
2294 5397 2569 5462 obruam,
2633 5396 3074 5465 ingratitudinis
3132 5401 3288 5451 notae
3344 5395 3650 5467 subjiciar,

1996 5486 2163 5560 quod
2191 5503 2299 5541 nec
2331 5501 2605 5541 sermone
2647 5486 2891 5558 quidem
2938 5485 3074 5540 exili
3107 5485 3389 5556 dignatus
3421 5501 3493 5540 ea
3527 5487 3653 5541 fue-

1996 5578 2128 5644 rim,
2161 5577 2221 5632 in
2253 5576 2474 5648 quibus
2497 5592 2675 5647 opere
2699 5575 2969 5632 beneﬁco
2996 5580 3337 5648 prazventus
3359 5592 3492 5630 sum
3516 5592 3654 5631 cum

1998 5684 2191 5723 essem
2223 5666 2520 5722 infirmus.
2562 5666 2732 5732 Quod
2764 5670 2964 5722 autem
2993 5666 3287 5739 posterius
3319 5665 3554 5736 accidit,
3581 5666 3656 5723 de

1999 5773 2070 5814 eo
2123 5756 2288 5829 prius
2346 5771 2684 5812 sermonem
2734 5756 3061 5812 instituam.
3115 5757 3303 5812 Gener
3356 5755 3502 5812 mihi
3552 5771 3658 5828 per
