4484 6446
784 386 886 442 927
1971 384 2431 444 CONSTANTINI
2467 383 2946 443 ACROPOLITjE.
4030 386 4134 441 928

781 507 968 565 ﬁliam
1000 510 1086 564 est
1107 505 1326 564 nobilis
1357 509 1536 580 atque
1564 506 1822 575 illustris,
1857 512 2059 581 utpote
2079 525 2270 581 nepos
2301 509 2431 581 ejus
2463 505 2512 560 Α
2544 529 2552 559 t

2362 526 2431 566 us
2463 505 2512 560 Α
2544 505 2665 569 δούς
2702 510 2803 580 γὰρ
2839 514 2930 560 τοῦ
2959 514 3046 560 νῦν
3103 504 3321 567 εὐσεϐῶς
3370 507 3516 578 ἡμῶν
3575 505 3960 579 βασιλεύοντος,
4013 513 4133 568 παῖς

781 596 887 670 qui
935 596 1119 652 modo
1152 611 1260 667 per
1304 595 1629 668 imperium
1664 597 2048 666 moderatur;
2086 597 2241 654 illius
2292 614 2431 654 vero

780 684 959 752 ﬁlius,
991 684 1096 756 qui
1122 699 1193 739 ex
1222 683 1486 752 legitima
1508 688 1848 756 parentum,
1875 701 2145 754 avorum,
2174 691 2231 742 et
2259 702 2432 757 proa-

781 788 998 828 vorum
1029 772 1409 828 successione
1440 773 1734 831 Colchidis
1758 775 2159 847 principatum
2187 775 2422 831 heredi

781 866 900 917 tate
927 861 1153 926 tenuit;
1195 877 1381 934 quam
1430 863 1591 918 enim
1632 863 1729 919 hic
1761 865 2137 935 imperatoris
2167 864 2432 920 defuncti

780 950 968 1006 ﬁliam
1015 950 1380 1006 matrimonii
1408 951 1539 1022 lege
1571 952 1682 1007 sibi
1729 953 2060 1023 conjunxit,
2101 953 2281 1023 hujus
2310 970 2432 1026 quo

780 1039 856 1094 de
885 1039 1101 1110 loquor
1127 1046 1317 1094 mater
1347 1039 1583 1095 exstitit.
1618 1043 1782 1096 Hunc
1809 1057 1946 1096 cum
1974 1041 2086 1096 sub
2116 1057 2432 1114 vesperam

780 1144 852 1184 ex
882 1128 1022 1184 aula
1051 1128 1438 1198 imperatoria
1468 1129 1720 1185 domum
1750 1146 1812 1185 se
1845 1146 1983 1185 cum
2017 1131 2139 1184 suis
2171 1131 2429 1201 referret,

780 1217 999 1289 cupido
1029 1217 1210 1273 subiit
1235 1233 1393 1289 equo
1447 1233 1510 1274 se
1560 1219 1896 1285 exercendi,
1947 1219 2007 1274 in
2048 1236 2240 1291 eoque
2279 1237 2431 1276 non-

779 1306 925 1362 nihil
948 1322 1010 1362 se
1027 1306 1420 1376 exhilarandi,
1438 1308 1961 1379 quemadmodum
1979 1308 2317 1380 frequenter
2341 1328 2432 1367 so-

779 1394 903 1450 lent
930 1394 1113 1450 aetatis
1143 1394 1312 1450 istius
1333 1395 1607 1466 juvenes,
1633 1395 1694 1450 in
1728 1396 1922 1466 prima
1954 1398 2282 1468 praesertim
2315 1415 2430 1470 pu-

778 1483 1026 1553 bertate,
1081 1483 1280 1556 qualis
1329 1485 1457 1556 ipse
1506 1489 1649 1539 erat.
1685 1487 1799 1541 Eos
1857 1491 2058 1541 autem
2110 1488 2214 1558 qui
2272 1490 2430 1544 circa

777 1571 976 1644 ipsum
996 1576 1184 1641 erant,
1199 1576 1256 1627 et
1276 1572 1462 1627 multo
1479 1589 1824 1646 magnoque
1841 1579 2060 1629 conatu
2081 1575 2430 1632 dissuadere

777 1660 841 1717 id
889 1660 1284 1727 conabantur,
1340 1661 1829 1733 intempestivum
1862 1678 1989 1717 esse
2021 1669 2428 1735 suggerentes,

778 1753 1190 1815 contemnens,
1221 1749 1282 1804 in
1324 1750 1612 1805 sententia
1640 1751 1888 1805 omnino
1920 1752 2287 1822 permansit;
2316 1753 2431 1808 hoc

2543 594 2602 650 δε
2656 605 2747 649 τοῦ
2812 603 2905 655 την
2970 605 3066 658 τῆς
3134 592 3393 668 Κολχίδος
3449 594 3624 670 ἀρχὴν
3663 598 3718 648 ῖκ
3755 615 3809 649 τε
3879 601 4131 671 πατέρων,

2539 691 2786 756 πάππων,
2825 691 2914 738 καὶ
2945 686 3253 738 ὶπιπάππων
3292 685 3692 760 κληρωσαμένου

2541 779 2571 833 ἠ
2641 784 2732 828 τοῦ
2806 774 3331 848 προϐεϐασιλευκότος
3416 776 3650 848 θυγάτηρ
3747 777 3921 846 γάμου
3994 795 4134 847 νομῳ

2545 868 2885 938 πναφθείσα,
2926 869 3100 936 μήτηρ
3138 860 3293 917 τοῦδε
3347 867 3614 935 γεγένηται
3641 885 3654 896 ·
3715 864 3861 924 οὗτος
3900 861 3967 922 δὴ
4009 868 4136 936 πρὸς

2543 955 2760 1028 ἑσπέραν
2786 963 2885 1006 τῶν
2935 952 3228 1025 ἀνακτόρων
3275 952 3432 1024 ἐξῄει,
3464 958 3554 1004 καὶ
3585 957 3677 1011 τὴν
3732 952 3808 1004 ἐπ’
3841 956 3985 1005 οἴκου
4041 957 4135 1005 σύν

3752 707 3764 720 ο
3816 689 3981 758 τούτῳ
4030 690 4132 760 γὰρ

2540 1052 2645 1104 τοῖς
2677 1048 2791 1118 περί
2829 1044 2983 1094 αὐτὸν
3040 1041 3305 1116 ἐπορεύετο
3340 1063 3352 1074 ·
3387 1043 3473 1094 οἵα
3517 1039 3575 1094 δε
3629 1045 3694 1093 τὰ
3742 1051 3840 1094 τῶν
3892 1045 4012 1094 νέων
4061 1044 4137 1094 ἔτι

2539 1139 2633 1191 τὴν
2662 1133 2887 1198 ἡλικίαν,
2944 1137 3033 1184 καὶ
3071 1131 3302 1202 μάλιστα
3345 1140 3442 1183 τῶν
3496 1130 3715 1203 ἐφήϐων,
3766 1133 3938 1192 ὁποῖος
3986 1131 4135 1192 οὗτος

2541 1221 2822 1293 έτύγχανεν
2889 1222 2978 1290 ὧν,
3044 1219 3406 1278 ὶππηλατῆσαί
3461 1221 3509 1271 οἱ
3566 1218 3797 1287 ἐπῆλθεν,
3862 1219 3936 1291 ἐφ’
3981 1220 4021 1290 ᾧ
4077 1238 4138 1290 γε

2541 1309 2870 1382 διαχυθῆναι
2909 1313 3118 1382 μικρόν.
3153 1314 3283 1370 Τοὺς
3313 1306 3400 1361 οὖν
3428 1307 3550 1380 ἀμφ’
3605 1309 3759 1360 αύτόν
3815 1310 3990 1380 συχνὰ
4047 1313 4137 1360 καὶ

2539 1408 2705 1452 ταῦτα
2750 1399 3063 1460 κωλύοντας,
3148 1403 3238 1450 καὶ
3317 1402 3409 1455 τὴν
3461 1397 3653 1470 ἀωρίαν
3715 1402 4139 1470 προϊσχομένους

2538 1486 2808 1561 περιιδὼν,
2851 1488 2975 1549 ὅλως
3008 1495 3097 1540 τοῦ
3159 1490 3289 1559 πρὸς
3339 1488 3545 1544 θέλησιν
3597 1492 3790 1557 γέγονε,
3827 1495 3978 1539 τούτο
4040 1490 4138 1558 μό-

2539 1597 2621 1629 νον
2663 1582 2842 1650 σφίσιν
2895 1575 3342 1648 ἐγκελευσάμενος,
3376 1575 3579 1639 ”Απιτε,
3640 1579 3756 1636 τούς
3807 1583 3936 1636 σύας
3998 1575 4140 1627 ἀπώ-

2543 1686 2667 1718 σατε
2699 1687 2711 1699 ο
2746 1673 2838 1727 τῆς
2876 1669 2977 1739 γάρ
3021 1665 3277 1736 λεωφόρου
3330 1664 3550 1721 πλησίον
3607 1661 3740 1722 ἦσαν
3795 1664 3936 1716 οὗτοι
3993 1669 4139 1737 νεμό-

2539 1775 2700 1828 μενοι.
2751 1760 2851 1808 Καὶ
2895 1757 2943 1807 οἱ
2999 1757 3088 1826 μεν
3133 1755 3197 1814 ὠς
3262 1755 3666 1827 προσετάγησαν
3729 1759 4078 1811 πεποιήκεσαν
4123 1775 4134 1786 ·

778 1842 1014 1894 tantum
1041 1837 1153 1894 illis
1201 1839 1525 1910 imperans,
1561 1843 1623 1894 ut
1666 1855 1822 1904 sues,
1873 1840 1978 1910 qui
2008 1846 2244 1912 propter
2273 1843 2429 1898 viam
2469 1857 2549 1913 Bt

2370 1860 2429 1898 ω
2469 1857 2513 1913 Β
2542 1848 2566 1896 ό
2600 1842 2649 1897 δ’
2690 1844 2842 1905 εὐθὺς
2909 1846 3085 1916 συχνὰ
3149 1843 3429 1915 μυωπίζων
3495 1845 3717 1915 ἐφέρετο,
3780 1841 3888 1894 ἀλλ’
3937 1842 4139 1916 ἐφέρετο

778 1926 1086 1999 publicam
1118 1927 1544 1998 pascebantur,
1583 1928 1912 1998 abigerent.
1945 1931 2227 1985 Fecerunt
2257 1931 2336 1985 illi
2368 1937 2432 1987 ut
2540 1939 2549 1988 ἐ

2370 1937 2432 1987 ut
2540 1937 2627 1995 ἕως
2657 1937 2706 1986 οἱ
2735 1933 3030 1993 ἀπελθόντες
3059 1930 3138 1994 δίς
3169 1952 3222 1985 τε
3285 1937 3660 2004 συστραφέντες
3687 1936 3773 1984 καὶ
3837 1937 3971 2007 τρὶς,
4030 1941 4141 1994 τοῖς

773 2017 926 2088 jussi
955 2021 1124 2072 erant
1157 2036 1168 2069 :
1198 2018 1324 2089 ipse
1369 2033 1510 2072 vero
1541 2017 1911 2074 multimodis
1946 2035 2168 2090 equum
2197 2025 2431 2077 tentans
2540 2047 2544 2056 ι

2369 2037 2431 2077 DS
2540 2031 2631 2076 τοῦ
2668 2025 2826 2076 ἵππου
2857 2027 3010 2075 ποσὶν
3050 2024 3299 2094 ὤφθησαν
3327 2017 3722 2092 κυλινδούμενοί
3771 2041 3823 2074 τε
3871 2027 3960 2074 καὶ
4004 2042 4140 2094 συμ-

776 2105 1098 2174 ferebatur,
1119 2106 1314 2162 donec
1348 2105 1568 2162 scilicet
1591 2122 1730 2162 sues
1762 2107 2014 2174 abactae,
2041 2114 2126 2164 ter
2146 2115 2430 2181 quaterve
2540 2135 2547 2166 -.

2371 2127 2430 2166 ve
2540 2111 2864 2174 ποδίζοντες.
2917 2112 2981 2164 Ὀ
3034 2131 3087 2164 τε
3133 2115 3234 2185 γὰρ
3286 2113 3441 2172 ῖππος
3499 2112 3679 2172 ὁσάκις
3705 2113 3752 2163 οἱ
3822 2120 3936 2172 σύες
3993 2131 4142 2186 περι-

775 2196 1136 2263 redeuntes,
1172 2195 1287 2250 sub
1313 2196 1460 2267 ipsis
1490 2197 1628 2268 equi
1654 2196 1909 2268 pedibus
1939 2198 2192 2254 volutari
2230 2216 2430 2271 caepe-
2541 2203 2823 2266 εσκέλιζον,
2892 2205 3036 2271 ἔργον
3090 2203 3262 2271 ὥσπερ
3321 2209 3477 2253 τοῦτο
3537 2204 3857 2271 ποιούμενοι,
3936 2206 4141 2253 πίπτων

775 2289 935 2350 runt,
968 2300 1230 2356 eumque
1260 2284 1571 2356 impedire.
1616 2287 1817 2358 Equus
1848 2287 2030 2352 enim,
2059 2288 2293 2359 quoties
2316 2289 2430 2344 sub

775 2375 1032 2447 pedibus
1062 2374 1192 2444 ejus
1218 2375 1614 2431 versabantur
1645 2393 1781 2431 sues
1812 2377 1992 2433 veluti
2022 2379 2097 2434 de
2134 2378 2430 2436 industria

775 2465 837 2520 id
869 2467 1132 2534 agentes,
1181 2464 1403 2520 cadens
1434 2465 1612 2520 simul
1664 2481 2135 2538 assurgensque,
2187 2469 2430 2524 tandem

774 2554 856 2609 ita
881 2552 1162 2619 concidit,
1209 2559 1272 2608 ut
1301 2568 1614 2626 resurgere
1644 2555 1916 2626 nequiret
1955 2574 1966 2622 ;
1999 2573 2200 2612 sessor
2228 2562 2428 2613 autem

776 2658 1068 2698 excussus
1119 2646 1412 2714 tanquam
1441 2659 1472 2698 e
1510 2642 1722 2712 funda,
1779 2645 1976 2700 statim
2026 2645 2196 2701 humi
2243 2648 2432 2717 jacuit

775 2746 1004 2803 pronus
1023 2730 1196 2802 juxta
1234 2747 1483 2804 equum,
1527 2733 2082 2803 parumadmodum
2134 2735 2366 2792 distans
2397 2753 2433 2791 a

774 2827 1035 2892 mortuo,
1061 2821 1176 2876 nisi
1201 2821 1368 2893 quod
1399 2821 1592 2877 tenuis
1613 2822 1863 2894 quidem
1880 2826 2114 2881 artorize
2136 2825 2367 2897 pulsus,
2397 2843 2432 2882 a

774 2911 1014 2968 medicis
1048 2911 1480 2984 deprehensus,
1521 2927 1661 2968 cum
1701 2912 1901 2968 adhuc
1939 2914 2001 2969 in
2042 2915 2196 2970 vivis
2224 2931 2432 2972 nume-

772 3001 1037 3058 randum
1096 3000 1476 3071 suggerebat.

844 3096 933 3147 37.
962 3095 1090 3148 Non
1109 3091 1332 3161 longue
1359 3107 1394 3146 a
1415 3091 1641 3164 palatio
1661 3091 1790 3148 haec
1813 3093 2179 3161 acciderunt,
2218 3111 2288 3152 eo
2325 3097 2432 3152 sci-
2611 3096 2615 3147 ἶ

2370 3097 2432 3152 3i—
2611 3095 2710 3157 λζ’.
2777 3095 2887 3148 Ούκ
2920 3095 3021 3146 ἄπο
3085 3100 3251 3146 ταῦτα
3304 3099 3406 3145 τῶν
3449 3093 3745 3166 ἀνακτόρων
3794 3091 4085 3166 ξυμϐέϐηκε
4129 3113 4141 3126 ·

773 3179 909 3236 licet
953 3179 1110 3246 loco,
1154 3179 1259 3253 qui
1317 3182 1607 3252 Stagnum
1650 3183 1980 3238 rotundum
2025 3184 2259 3240 dicitur.
2295 3185 2427 3252 Sed,
2469 3208 2544 3266 ρ·

2370 3185 2427 3252 d,
2469 3210 2511 3266 ρ
2539 3191 2689 3246 τόπος
2717 3188 2815 3259 γὰρ
2849 3183 2897 3235 έν
3007 3185 3032 3235 ὁ
3064 3185 3259 3236 οὑτωσί
3309 3203 3418 3244 πως
3475 3183 3763 3257 Γυρολίμνη
3809 3182 4141 3255 καλούμενος.

773 3269 1295 3343 quemadmodum
1324 3285 1397 3325 ea
1426 3270 1619 3326 solent
1647 3288 1782 3343 quae
1810 3272 1976 3328 fama
2019 3273 2312 3343 feruntur,
2344 3291 2428 3331 re-

2375 3291 2428 3331 e-
2545 3276 2679 3331 Ἀλλ’
2729 3277 2813 3328 οἶα
2863 3272 2931 3333 δὴ
2991 3277 3057 3327 τὰ
3095 3282 3190 3334 τῆς
3236 3278 3431 3346 φήμης,
3481 3273 3528 3325 ἐν
3582 3271 3768 3347 ἀκαρεῖ
3815 3269 4146 3345 διαπεφήμι-

772 3363 951 3432 pente
1003 3358 1229 3430 ubique
1277 3357 1592 3428 vulgatum
1638 3359 1768 3429 fuit,
1823 3361 2044 3418 obiisse
2095 3379 2167 3418 ex
2212 3363 2430 3420 infelici

773 3447 1139 3521 equitatione
1161 3447 1470 3518 juvenem.
1500 3451 1648 3504 Tum
1674 3465 1818 3505 vero
1851 3451 1968 3518 alii,
2022 3453 2065 3509 Ο
2111 3452 2427 3522 infelicem,

774 3538 1140 3607 exclamant,
1173 3554 1384 3594 casum
1440 3538 1453 3594 l
1487 3555 1523 3595 o
1553 3539 1948 3597 infortunium
1982 3543 1994 3597 !
2036 3543 2154 3614 alii,
2213 3546 2428 3612 Quam,

771 3627 1072 3700 inquiunt,
1119 3626 1315 3682 subito
1355 3626 1416 3682 id
1455 3628 1668 3684 accidit
1705 3628 1716 3683 ι
1772 3645 1960 3701 quam
2022 3631 2430 3705 inexspectato

774 3716 997 3772 corruit
1018 3717 1030 3770 l
1056 3716 1144 3771 Ad
1167 3732 1261 3771 me
1283 3731 1528 3790 quoque
1547 3734 1578 3773 e
1600 3718 1853 3787 vestigio
1874 3719 2124 3790 quidam
2155 3724 2426 3789 accurrit,

771 3805 1182 3878 lacrymarum
1228 3804 1462 3878 plenus,
1506 3811 1561 3860 et
1602 3807 1850 3880 cupiens
1880 3809 2126 3880 quidem
2155 3811 2217 3866 id
2264 3813 2431 3883 quod

771 3894 1069 3951 acciderat
1090 3894 1451 3963 renuntiare,
1476 3894 1582 3950 sed
1603 3911 1747 3951 voce
1764 3912 1886 3951 non
1906 3899 2200 3955 continuis
2231 3902 2431 3958 minus

774 3983 1136 4054 singultibus
1165 4000 1353 4057 quam
1375 3984 1565 4040 multo
1584 3986 1849 4041 anhelitu
1880 3987 2186 4060 impedita,
2210 4006 2284 4046 ex
2305 3992 2433 4049 sola

771 4073 1022 4130 demissi
1079 4073 1140 4129 in
1201 4079 1419 4129 terram
1473 4074 1670 4131 vultus
1720 4077 2021 4144 maestitia,
2080 4082 2135 4134 et
2187 4082 2432 4137 commi-

775 4163 1092 4220 serationis
1118 4179 1300 4234 quem
1327 4163 1785 4220 demonstrabat
1821 4165 2060 4234 affectu,
2094 4168 2255 4224 triste
2284 4170 2431 4226 mihi

771 4254 1088 4328 quidpiam
1128 4253 1448 4310 videbatur
1497 4254 1851 4324 signiﬁcare.
1907 4262 2096 4330 Atque
2150 4274 2261 4329 ego
2309 4275 2432 4316 non

769 4361 987 4419 parum
1016 4345 1220 4401 animo
1242 4349 1602 4400 commotus.
1629 4346 1756 4411 Cui,
1779 4345 2054 4417 inquam,
2077 4364 2351 4405 meorum
2372 4356 2430 4405 et

770 4435 918 4510 quid
949 4435 1191 4490 tandem
1242 4433 1550 4489 infortunii
1590 4435 1858 4490 accidit?
1893 4439 2075 4505 Tunc,
2123 4439 2429 4510 respondit

2374 4439 2429 4496 lit
2542 4459 2737 4492 πτωκεν
2774 4440 2799 4490 ὁ
2832 4440 3009 4503 ῖππος,
3037 4441 3126 4488 καὶ
3162 4436 3231 4497 εἰς
3286 4438 3360 4487 ἔτι
3415 4442 3604 4500 κεῖται,
3655 4431 3821 4507 μηδὲν
3852 4455 3903 4486 τι
3962 4435 4145 4506 λέγων,

771 4542 954 4597 gener
983 4541 1140 4597 equo
1167 4523 1488 4589 ferebatur,
1533 4540 1666 4578 cum
1702 4541 1824 4596 quo
1848 4526 2067 4596 pariter
2117 4528 2175 4582 in
2210 4536 2424 4584 terram
2467 4567 2511 4622 ο

2380 4546 2424 4584 n
2467 4567 2511 4622 Β
2543 4526 2769 4603 μηδενός
2842 4527 3231 4597 αἰσθανόμενος.
3306 4525 3501 4596 Ἐξῂειν
3561 4525 3749 4576 αὐτίκα
3794 4532 3886 4576 τοῦ
3931 4521 4151 4597 διηγου-

771 4616 994 4671 corruit
1023 4635 1036 4683 ;
1071 4631 1140 4670 ac
1171 4614 1892 4686 etiamnuminfelixjacet
1919 4616 2148 4689 absque
2187 4617 2429 4690 loquela

770 4709 826 4761 et
850 4720 1052 4760 sensu.
1076 4704 1170 4758 His
1202 4704 1458 4758 narratis
1483 4703 1757 4773 egredior
1781 4704 1965 4761 domo
1999 4722 2011 4761 :
2046 4722 2241 4778 neque
2266 4708 2431 4764 aliud

771 4794 980 4852 audire
1014 4809 1119 4865 per
1151 4793 1307 4848 viam
1339 4793 1485 4849 mihi
1517 4795 1784 4864 contigit,
1806 4811 2013 4867 quam,
2052 4797 2095 4854 Ο
2117 4799 2429 4870 quomodo

772 4885 832 4941 id
866 4883 1172 4954 intelliget.
1193 4883 1496 4956 quomodo
1525 4883 1753 4941 videbit
1775 4901 1944 4941 socer
1959 4886 2088 4957 ejus
2114 4887 2126 4942 ξ
2153 4888 2274 4944 Hac
2291 4889 2430 4946 illac

771 4973 1030 5046 gemitus
1068 4977 1126 5028 et
1156 4988 1451 5028 manuum
1485 4973 1933 5047 complosiones
1976 4976 2379 5035 audiebantur
2411 4997 2424 5047 ;

770 5081 910 5121 cum
932 5079 1046 5133 ego
1067 5063 1144 5118 ad
1163 5063 1362 5119 locum
1384 5063 1489 5119 ubi
1498 5064 1738 5136 jacebat
1755 5066 2132 5137 perveniens,
2148 5085 2428 5126 manum-

769 5171 888 5228 que
929 5153 1393 5227 apprehendens
1431 5160 1489 5210 et
1541 5155 1789 5212 brachia
1829 5156 2235 5224 circumdans,
2277 5160 2429 5225 Quid
2537 5163 2540 5213 ἴ

2389 5160 2429 5215 d
2537 5163 2704 5215 λωσόν
2734 5176 2843 5230 μοι,
2875 5162 2974 5208 παῖ
3015 5153 3246 5226 φίλτατε.
3272 5152 3330 5205 Ὀ
3363 5149 3412 5204 δ’
3459 5149 3609 5204 ούδεν
3657 5170 3706 5202 τι
3752 5158 3986 5226 κρεῖττον
4018 5151 4155 5223 ἀψύ-

767 5244 1011 5319 pateris,
1059 5242 1319 5317 aiebam,
1370 5244 1517 5316 quid
1546 5244 1734 5310 doles,
1780 5245 2126 5303 charissime
2158 5247 2238 5304 fili
2269 5248 2297 5303 ‘?
2318 5264 2430 5318 age

1659 5262 1734 5310 es,
1780 5245 2126 5303 charissime
2158 5247 2238 5304 fili
2269 5248 2297 5303 ‘?
2318 5264 2430 5318 age
2538 5271 2647 5324 χου
2687 5256 2787 5300 τῶν
2816 5245 3099 5317 λεγομένων
3129 5239 3190 5302 ἦν
3220 5242 3430 5298 ἐπαΐων.

767 5335 972 5393 indica
1005 5351 1016 5389 :
1051 5332 1180 5405 ipse
1208 5350 1349 5389 vero
1378 5333 1546 5389 mihi]
1568 5334 1763 5407 magis
1813 5335 2098 5394 audiebat
2144 5354 2280 5410 quae
2329 5337 2609 5401 dicebam
2647 5353 2835 5411 quam
2876 5336 2922 5390 si
2949 5333 3247 5390 exanimis
3274 5331 3526 5388 omnino
3565 5329 3793 5387 fuisset.

841 5428 929 5482 38.
950 5427 1204 5496 Jamque
1243 5439 1364 5479 nox
1398 5423 1498 5481 illa
1539 5424 1923 5497 praeterierat,
1968 5427 2114 5483 nihil
2154 5429 2427 5484 omitten-
2607 5430 2612 5481 ἴ

2379 5445 2427 5484 1-
2607 5429 2710 5487 λη’.
2769 5425 3034 5501 Παρῆλθεν
3093 5425 3122 5481 ἡ
3197 5423 3289 5485 νύξ
3341 5421 3508 5480 ἐκείνη
3585 5429 3685 5474 τῶν
3740 5419 4150 5480 Ἀσκληπιαδῶν

768 5515 929 5572 tibus
952 5512 1201 5569 medicis
1229 5528 1437 5569 eorum
1469 5530 1607 5587 quae
1638 5514 1752 5572 hac
1782 5516 2124 5584 occasione,
2163 5523 2227 5574 ut
2256 5518 2424 5588 fiant,

771 5621 869 5661 ars
899 5602 1138 5660 medica
1166 5603 1528 5676 praescribit:
1573 5605 1886 5680 utriusque
1931 5623 2150 5664 manus
2206 5615 2426 5682 apertae

770 5698 912 5752 sunt
967 5708 1159 5764 vente,
1207 5694 1324 5752 alia
1362 5699 1588 5754 tentata
1643 5697 1912 5757 remedia
1949 5698 2171 5768 omnia,
2221 5699 2428 5759 omnia

2541 2203 2823 2266 εσκέλιζον,
2892 2205 3036 2274 ἔργον
3090 2203 3262 2275 ὥσπερ
3321 2209 3477 2253 τοῦτο
3537 2204 3857 2272 ποιούμενοι,

2540 2293 2652 2365 ἅμα
2733 2298 2821 2344 καὶ
2887 2291 3221 2364 ἐγειρόμενος,
3310 2290 3452 2351 τέλος
3509 2290 3686 2357 εἰπεῖν,
3755 2290 4014 2363 ανήγρετοι
4053 2295 4142 2343 πέ-

2539 2401 2707 2434 πτωκε
2761 2398 2773 2409 ·
2842 2386 2932 2432 καὶ
3007 2383 3031 2432 ό
3084 2379 3345 2440 ἁναϐάτης
3405 2378 3753 2451 ἐκτιναχθεὶς,
3821 2385 3912 2432 καὶ
3964 2382 4139 2453 ὥσπερ

2542 2465 3008 2542 ἀποσφενδονηθεὶς
3088 2470 3302 2543 εὕρηται
3363 2474 3591 2541 κείμενος
3641 2470 3920 2541 παρευθύς,
3977 2470 4143 2539 οἷγχι-

2542 2562 2641 2611 στά
2670 2579 2769 2610 που
2827 2566 2918 2610 τοῦ
2951 2560 3111 2610 ἵππου
3149 2563 3367 2632 πρηνὴς,
3422 2553 3588 2629 μηδὲν
3630 2557 3758 2620 ὅλως
3798 2565 3978 2630 νεκροῦ
4025 2556 4142 2610 διε-

2539 2653 2795 2720 νηνοχώς,
2849 2647 2974 2705 πλὴν
3027 2650 3147 2699 ὅσον
3200 2650 3438 2720 σφυγμὸς
3484 2643 3734 2721 ἀμυδρὰς,
3797 2652 3885 2699 καὶ
3939 2656 4146 2720 πνεῦμα

2537 2744 2644 2799 τοῖς
2709 2737 3192 2810 περιεργαζομένοις
3274 2735 3479 2806 λεπτὸν,
3558 2744 3667 2798 τοῖς
3727 2743 3990 2811 περιοῦσιν
4065 2739 4146 2790 ἔτι

2542 2827 2942 2899 συγκαταλέγειν
2972 2832 3154 2878 τοῦτον
3182 2824 3449 2881 ὑπέϐαλεν.

2543 3386 2666 3418 σται
2713 3372 2986 3436 πανταχῇ,
3024 3363 3092 3424 ὠς
3144 3364 3381 3422 τέθνηκεν
3413 3365 3437 3414 ὸ
3471 3359 3618 3415 δεῖνα
3668 3361 3988 3420 ἱππηλατῶν.
4044 3367 4148 3415 Καὶ

2541 3458 2590 3508 οἱ
2615 3458 2724 3528 μὲν,
2756 3454 2824 3506 Ὠ
2879 3462 2969 3505 τού
3031 3451 3369 3524 συμϐάματος
3404 3451 3415 3504 ι
3449 3451 3487 3502 ὡ
3543 3460 3637 3513 τῆς
3694 3448 3870 3514 δεινῆς
3924 3454 4144 3516 ταύτης,

2539 3546 2727 3617 ἔλεγον,
2777 3549 3047 3615 συμφορᾶς
3090 3541 3102 3594 l
3136 3543 3186 3593 οἱ
3217 3538 3288 3606 δ’,
3338 3540 3406 3592 Ὠ
3443 3542 3548 3593 οἷον
3606 3544 3790 3612 αἴφνης
3822 3544 4026 3612 γέγονεν
4062 3540 4073 3593 !
4108 3542 4149 3591 ῶ

2541 3636 2646 3688 οἷον
2707 3629 3119 3706 ἀπροσδοκήτως
3186 3635 3430 3682 συνέπεσε
3474 3630 3485 3683 Ῐ
3524 3635 3623 3683 Καὶ
3654 3633 3743 3702 μοί
3794 3649 3874 3692 τις
3930 3629 4149 3702 ἐφίστα-

2542 3745 2629 3777 ται
2681 3720 2922 3796 δακρύων
2971 3720 3244 3788 ύπόπλεος,
3298 3719 3449 3771 θελων
3516 3722 3605 3791 μεν
3662 3717 3901 3790 ἀγγεῖλαι
3959 3722 4017 3770 τὸ
4059 3738 4148 3790 γε-

2540 3816 2708 3885 γονός,
2767 3816 2858 3868 τὴν
2909 3807 2968 3861 δε
3025 3813 3193 3878 φωνήν
3251 3809 3356 3880 ούχ
3406 3808 3559 3866 ἧττον
3615 3814 3728 3869 τοῖς
3776 3815 4082 3879 στεναγμοῖς
4113 3809 4143 3867 ἦ

2540 3911 2649 3964 τοῖς
2724 3902 2994 3973 ἄσθμασιν
3064 3902 3459 3971 ἑγκοπτόμενος,
3544 3900 3599 3950 ἑκ
3669 3902 3827 3970 μόνης
3891 3906 3985 3958 τῆς
4056 3906 4150 3951 τοῦ

2539 3997 2824 4066 προσώπου
2873 3994 3176 4061 κατηφείας,
3218 3992 3304 4040 καὶ
3368 3996 3460 4048 τῆς
3506 3991 3636 4061 πρός
3688 4006 3751 4060 με
3791 3989 4145 4057 συμπαθείας,

2541 4085 2602 4143 ἣν
2660 4084 2980 4152 ύπενέφαινεν
3051 4077 3177 4147 ἐμὴν
3229 4077 3498 4153 γνωρίζων
3551 4081 3642 4135 τὴν
3681 4079 3951 4150 συμφορὰν
4005 4079 4150 4149 ἔμοι-

2539 4193 2618 4245 γε.
2656 4174 2809 4243 Κάγὼ
2865 4166 3264 4241 διαταραχθεὶς,
3300 4172 3414 4220 Τίνι
3467 4175 3566 4218 τῶν
3595 4169 3728 4238 ἐμῶν
3784 4170 4031 4219 συνέπεσε
4088 4172 4149 4220 τό

2543 4259 2730 4330 δεινὸν,
2761 4265 2853 4312 καὶ
2880 4263 2931 4310 τί
2981 4277 3075 4331 περ
3137 4257 3162 4308 ὃ
3218 4258 3437 4309 πέπονθε
3461 4274 3474 4324 ;
3501 4252 3918 4329 διεπυνθανόμην
3972 4257 4146 4319 εὐθύς.

2544 4356 2644 4405 Καὶ
2701 4350 2772 4414 ὃς,
2819 4348 2879 4401 Ὀ
2932 4351 3018 4407 σὸς
3072 4345 3350 4404 ἱππηλάτει
3404 4345 3658 4420 γαμϐρὸς,
3713 4365 3802 4397 και
3870 4348 3918 4398 οἱ
3952 4352 4150 4416 συμπέ-

2540 4627 2714 4693 μένου,
2764 4624 2852 4670 καί
2911 4637 3000 4690 μοι
3040 4619 3182 4689 παρὰ
3215 4620 3307 4674 τὴν
3367 4613 3490 4667 ὀδόν
3549 4612 3720 4679 οὐδὲν,
3763 4614 3870 4667 ἀλλ’
3902 4616 3930 4674 ἡ
3993 4624 4149 4668 τοῦτο

2540 4716 2692 4783 μόνον
2722 4709 2956 4777 ἠκούετο,
2991 4706 3060 4758 Ὢ
3090 4706 3193 4758 οἷον
3247 4703 3530 4756 ἀκούσεται
3585 4721 3598 4772 ;
3655 4705 3693 4755 ὠ
3748 4707 3853 4757 οἷον
3912 4706 3936 4756 ὁ
3991 4701 4150 4762 κηδε-

2543 4804 2668 4860 στὴς
2717 4795 2873 4850 τοῦδε
2928 4798 3168 4850 θεάσεται
3228 4811 3240 4860 ;
3303 4799 3581 4866 Στεναγμοί
3633 4814 3688 4846 τε
3739 4791 3870 4866 τῇδε
3912 4792 4146 4860 κάκεῖσε,

2539 4894 2628 4942 καὶ
2655 4896 2847 4962 χειρῶν
2873 4888 3121 4956 πάταγοι.
3170 4883 3306 4938 Ἀλλ’
3363 4882 3583 4942 ἐπέστην
3647 4880 3802 4958 οὗπερ
3861 4881 3921 4942 ἦν
3975 4889 4150 4956 κείμε-

2538 5001 2642 5047 νος,
2708 4982 2798 5030 καὶ
2854 4975 3132 5048 λάϐόμενος
3187 4983 3284 5035 τῆς
3331 4977 3508 5047 χειρὸς
3560 4977 3650 5026 καὶ
3715 4975 3941 5048 περιθεὶς
3990 4973 4150 5026 αὐτὸν

2536 5077 2651 5132 ταῖς
2706 5066 2972 5139 ἀγκάλαις,
3008 5070 3071 5118 Τί
3133 5067 3363 5136 πάσχεις
3413 5082 3426 5131 ;
3479 5065 3623 5136 ἰφην,
3679 5067 3731 5114 τί
3783 5059 3950 5133 ὀδυνᾷ
4004 5059 4151 5130 ;δή-

2538 5517 2687 5574 οὐδὲν
2719 5514 2966 5590 οὐδαμῶς
3023 5519 3326 5588 παριέντων,
3381 5516 3576 5585 ὅσαπερ
3628 5513 3715 5565 ἐπὶ
3753 5509 3937 5565 τοῖσδε
3978 5515 4152 5586 πράτ-

2536 5630 2638 5663 τειν
2697 5610 2726 5667 ἠ
2787 5611 2949 5680 τέχνη
3000 5610 3296 5682 παρεγγυᾷ,
3365 5602 3550 5676 φλέϐας
3601 5598 3811 5660 δηλαδὴ
3863 5621 4150 5675 τεμνόντων

2536 5698 2833 5776 ἀμφοτέρων
2880 5705 3098 5772 χειρῶν,
3148 5699 3238 5747 καὶ
3297 5692 3630 5767 βοηθούντων
3689 5691 3897 5746 ἄλλοθεν
3956 5692 4146 5763 ἄλλως,
