4484 6446
291 390 390 441 929

1602 395 1670 447 l.\'
1701 393 1756 448 S.
1798 393 2275 454 THEODOSIAM.

3539 406 3643 459 930

288 513 427 562 κάτω
454 513 520 562 τά
557 512 660 562 ἄνω
721 512 1018 577 κινούντων,
1063 513 1089 563 ὃ
1139 532 1294 583 φασιν
1348 510 1510 579 οὗτοι,
1570 522 1657 568 καὶ
1714 517 1883 571 πάντα
1914 528 1952 575 Α
1993 538 2059 576 Πιι

1871 539 1883 571 ι
1914 528 1952 575 Α
1993 529 2154 577 mota
2185 539 2285 576 sus
2315 522 2529 593 deque,
2564 528 2625 577 nt
2654 523 2876 592 dicunt,
2901 528 2957 579 et
2985 525 3131 580 nihil
3162 542 3280 581 non
3307 526 3642 582 adhibitum

288 604 475 673 τρόπον
523 604 913 671 μηχανωμένων
970 604 1035 662 ὡς
1086 601 1151 660 εἰς
1206 604 1453 659 αἴσθησιν
1526 604 1755 676 ἀγαγεῖν·
1823 606 1883 659 Ὀ

291 684 516 740 δὀύδεν
554 687 757 760 ἃμεινον
800 685 957 761 εἶχεν,
1010 688 1116 741 ἀλλ’
1167 692 1356 762 ὁμοίως
1414 692 1741 752 ἀναισθητῶν
1801 692 1878 753 ἦν.

292 775 560 851 Παρερῥύη
589 782 678 829 καὶ
716 780 774 829 τὸ
827 786 918 838 τῆς
975 774 1355 851 διαδεξαμένης
1408 782 1598 855 ἡμέρας
1653 780 1883 841 διάστη-

290 885 381 937 μα,
414 872 505 917 καὶ
533 862 679 926 οὗτος
714 867 738 917 ό
772 866 923 926 αὐτὸς
949 864 1030 924 ἦν,
1063 868 1189 938 Ὀψὲ
1221 865 1279 921 δὲ
1332 875 1420 922 καὶ
1473 876 1597 943 πρός
1665 873 1885 945 ἑσπέραν

290 952 749 1027 ἐφθέγξατοβιαιόν
772 974 823 1007 τι
857 960 947 1008 καὶ
978 953 1357 1029 ἀδιάρθρωτον,
1406 960 1435 1017 ἣ
1492 960 1681 1032 μᾶλλον
1731 962 1886 1014 εἰπεῖν

289 1043 697 1116 παρεφθέγξατο.
753 1050 854 1097 Καὶ
904 1053 995 1096 τοῦ
1050 1049 1230 1097 λόιποῦ
1310 1054 1745 1121 παρακεκομμένα
1800 1050 1885 1101 λα-

290 1131 386 1182 λῶν
413 1132 497 1197 ἦν,
552 1130 681 1184 ἀλλα
716 1136 807 1205 μεν
851 1132 1189 1205 ἐρωτώμενος,
1242 1134 1370 1187 ἄλλα
1442 1134 1491 1189 δ’
1553 1137 1889 1212 ἀποκρινόμε-

289 1238 388 1286 νος,
445 1219 750 1282 πλειστάκις
807 1230 898 1283 τῆς
954 1225 1147 1296 ἡμέρας
1217 1235 1582 1300 παραφρονῶν,
1638 1235 1727 1281 καὶ
1786 1230 1891 1301 οὐχ

293 1308 488 1366 ἣκιστα
536 1317 631 1373 τῆς
685 1314 890 1381 νυκτὸς,
945 1320 1031 1364 νῦν
1085 1317 1174 1384 μεν
1228 1322 1402 1380 τοῦτο,
1464 1324 1550 1367 νῦν
1619 1315 1669 1369 δ’
1733 1317 1892 1372 ἐκεῖνο

294 1399 652 1470 φθεγγόμενος,
687 1396 855 1471 μηδεν
906 1396 956 1452 δ’
1014 1402 1040 1453 ὃ
1092 1421 1143 1453 τι
1195 1407 1281 1454 καὶ
1336 1407 1690 1477 παριστάνων,
1753 1404 1892 1477 μηδὲ

296 1482 609 1554 δηλοποιῶῃ
640 1487 832 1559 μεταξύ
877 1507 932 1540 τε
962 1487 1099 1561 βοῶν
1146 1495 1387 1562 γεγονὼς,
1447 1498 1536 1544 καὶ
1584 1496 1647 1553 ὡς
1700 1513 1892 1547 πεπον-

298 1575 394 1635 θὼς
448 1593 499 1626 τι
553 1583 652 1627 τῶν
702 1574 1018 1648 ἀνηκέστων,
1064 1584 1196 1652 μέγα
1260 1581 1467 1653 κράζων
1544 1585 1724 1654 αἴφνης
1803 1588 1892 1637 καὶ

297 1658 624 1736 ὀδυρόμενος.

362 2001 457 2057 λθ’.
490 2001 854 2076 Ἠσχάλλομεν
880 2000 987 2077 οὖν,
1036 2008 1101 2066 ὤς
1164 2010 1224 2059 τό
1282 2006 1440 2079 εἰκός,
1504 2004 1891 2083 ἐδυσφοροῦμεν

291 2091 341 2143 οἰ
395 2087 836 2153 κηδεσται·δέος
886 2114 986 2168 γαρ
1043 2096 1168 2167 ἡμῖν
1226 2096 1371 2155 έπὴει
1429 2102 1501 2168 μὴ
1578 2102 1723 2170 μείνῃ
1801 2095 1893 2151 διὰ

290 2185 480 2242 παντὸς
544 2182 680 2234 οὕτω
724 2182 1058 2257 παραληρῶν,
1109 2190 1196 2237 καὶ
1248 2189 1343 2248 τὰς
1396 2191 1581 2259 φρένας
1656 2190 1733 2245 εἰη
1801 2185 1895 2241 διὰ

294 2267 417 2342 βίου
442 2272 768 2345 παράκοπος·
806 2272 882 2325 Oi}
911 2276 1013 2346 γὰρ
1046 2270 1113 2332 δή
1138 2293 1249 2337 πως
1296 2276 1368 2336 εἰς
1428 2275 1623 2348 ἀγαθόν
1680 2282 1771 2329 καὶ
1834 2280 1893 2329 τό

291 2366 393 2410 τῶν
461 2364 662 2433 χοίρων
742 2358 1161 2434 έξελαμϐάνομεν,
1246 2368 1366 2426 τοὺς
1457 2362 1894 2437 ἐξαιτησαμένους

292 2449 381 2498 τόν
408 2450 598 2522 Κύριον
628 2446 949 2521 ἐμϐληθῆναι
1005 2455 1215 2526 χοὶροις
1271 2449 1717 2527 διενθυμούμενοι,
1778 2459 1895 2516 τοὺς

296 2536 420 2607 ἡμῖν
472 2532 706 2609 ἀρχῆθεν
761 2535 1181 2601 ἐπιϐουλεύοντας
1228 2537 1504 2613 δαίμονας,
1574 2549 1660 2597 καὶ
1741 2544 1896 2617 μάλι-

298 2642 402 2676 στα
420 2627 674 2697 μαθόντες
720 2629 789 2687 ὡς
848 2624 1163 2700 διωχθέντες
1217 2631 1548 2705 ὑπέστρεψαν
1602 2632 1650 2685 οἳ
1689 2642 1891 2706 χοῖροι,

295 2720 387 2768 καὶ
435 2717 505 2778 ὡς
555 2715 662 2788 ούχ
717 2715 858 2779 ἅπαξ
900 2722 1145 2780 εἰσιόντες
1201 2739 1254 2772 τε
1316 2726 1405 2774 καὶ
1465 2721 1703 2786 ἐξιόντες,
1736 2742 1897 2797 προσ-

297 2803 562 2866 ϐάλλοντες
617 2808 841 2880 ὡσπερεὶ
897 2811 988 2859 καὶ
1049 2810 1351 2881 ἡττώμενοι,
1412 2810 1697 2864 τελευταῖον
1773 2814 1898 2885 θρα-

299 2896 511 2968 σύτερον
551 2893 868 2957 έπιτεθέντες
913 2895 1217 2953 κατέϐαλον.
1283 2898 1348 2951 ⁴Ο
1395 2919 1447 2951 τι
1507 2897 1560 2953 δ’
1606 2903 1663 2954 ού
1724 2903 1899 2979 πόρῥω

293 2990 387 3043 τῆς
434 2982 681 3045 ἀληθείας
737 2982 1155 3058 έστοχαζόμεθα,
1216 2987 1368 3049 αὐτὸς
1418 2991 1443 3042 ό
1490 2998 1658 3044 ταῦτα
1721 2995 1899 3046 παθὼν

292 3075 425 3145 μετά
455 3076 547 3131 τὴν
585 3080 675 3125 τοῦ
704 3075 905 3135 πάθους
945 3072 1250 3147 ἀπαλλαγὴν
1310 3087 1487 3150 σαφῶς
1536 3081 1659 3152 ἡμῖν
1711 3077 1897 3140 διεδή-

292 3160 473 3216 λωσεν.
508 3165 697 3235 [ῖρηκε
725 3167 814 3214 καὶ
860 3165 962 3237 γὰρ
1018 3166 1082 3224 ὡς
1149 3162 1320 3229 ἔδοξεν
1378 3163 1549 3242 ἄνδρα
1601 3170 1747 3243 όρᾴν,
1802 3175 1899 3242 μέ-

291 3248 421 3302 λανα
469 3254 566 3308 τὴν
642 3254 858 3325 χροιὰν,
911 3253 1095 3326 ἄγριον
1147 3258 1241 3312 τήν
1293 3254 1434 3327 ὄψιν,
1476 3258 1797 3331 ὑπερμεγέθη
1838 3262 1897 3312 τὸ

295 3347 468 3412 σῶμα,
523 3344 761 3412 σχοίνοις
820 3346 1266 3416 περιισχημένους
1329 3348 1450 3408 τοὺς
1508 3354 1633 3407 σῦας
1672 3346 1899 3420 ἐφέλκον-

291 3447 361 3481 τα
382 3436 488 3490 τοῖς
531 3436 623 3481 τοῦ
663 3429 823 3483 ἰππου
878 3436 1035 3484 ποσίν
1060 3453 1072 3465 ·
1107 3430 1365 3504 ἐκφεύγειν
1403 3454 1458 3487 τε
1512 3438 1723 3498 τούτους
1778 3437 1900 3511 βια-

294 3519 564 3592 ζομένους,
609 3522 740 3593 πρὸς
794 3516 854 3572 δε
911 3519 1034 3593 βίαν
1099 3520 1475 3596 ἀπαγομένους,
1538 3526 1632 3587 ἕως
1691 3546 1902 3601 συμπο-

296 3605 565 3669 δισθέντος
592 3613 785 3681 πεσὼν,
815 3608 875 3661 ού
896 3614 1155 3683 μέμνηται
1179 3612 1206 3665 ὃ
1236 3631 1287 3665 τι
1317 3618 1406 3666 καὶ
1430 3617 1699 3671 πέπονθεν.

1993 625 2213 680 operte,
2269 616 2329 665 ut
2377 611 2654 665 sensibus
2715 612 3058 667 redderetur
3108 614 3459 669 adolescens
3494 633 3505 670 :
3540 614 3641 688 qui

1994 699 2180 753 nihilo
2214 705 2409 755 tamen
2446 701 2653 754 melius
2686 700 2821 755 inde
2845 701 3076 769 habuit,
3110 703 3215 757 sed
3242 704 3455 759 eadem
3481 720 3643 774 pror-

1996 803 2098 841 sus
2125 788 2353 843 ratione
2380 788 2622 858 jacebat
2649 804 2859 843 sensus
2885 792 3080 845 omnis
3112 807 3349 863 expers.
3410 794 3647 847 Prester-

1996 876 2060 931 iit
2088 891 2331 948 quoque
2362 892 2429 931 ea
2453 893 2588 949 qua:
2620 884 2853 932 noctem
2874 879 3000 947 jam
3050 880 3270 935 dictam
3326 880 3646 937 subsecuta

1998 971 2123 1020 erat
2153 965 2299 1035 dies,
2325 970 2503 1038 atque
2533 967 2626 1022 ille
2657 968 2716 1022 in
2747 969 2960 1023 eodem
2993 984 3184 1041 usque
3214 974 3370 1025 statu
3404 985 3642 1041 perma-

1998 1070 2138 1109 nere
2179 1054 2368 1109 visus:
2427 1072 2565 1110 cum
2611 1072 2745 1111 ecce
2794 1057 2906 1111 sub
2966 1073 3281 1129 vesperam
3343 1057 3646 1129 quasdam

2000 1144 2172 1214 quasi
2200 1151 2437 1199 coactas
2456 1160 2563 1200 nec
2593 1144 2905 1201 distinctas
2935 1147 3078 1201 satis
3113 1162 3424 1216 voces,seu
3447 1148 3647 1219 potius

2001 1232 2414 1301 deliramenta,
2439 1234 2700 1305 proferre
2719 1235 2915 1305 ccepit;
2931 1234 3212 1307 deinceps
3228 1252 3368 1291 vero
3407 1236 3650 1292 concisa

1999 1323 2283 1393 quaedam
2313 1320 2687 1393 loquebatur,
2738 1322 2901 1377 aliud
2916 1338 3100 1395 quam
3128 1324 3293 1395 quod
3320 1323 3649 1396 interroga-

2001 1410 2179 1465 batur
2231 1411 2621 1482 respondcns.
2690 1412 2922 1466 Diurnis
3010 1418 3073 1467 ut
3106 1412 3437 1484 plurimum
3482 1413 3648 1468 horis

2002 1499 2263 1554 maxime
2294 1516 2435 1555 vero
2477 1502 2804 1566 nocturnis,
2861 1502 3044 1557 modo
3089 1503 3225 1569 hoc,
3267 1503 3451 1559 modo
3506 1502 3652 1559 illud

2002 1587 2226 1657 dicens,
2242 1589 2387 1644 nihil
2410 1590 2549 1645 certi
2570 1591 2835 1646 indicare
2857 1596 2959 1647 aut
2981 1594 3313 1664 exprimere
3338 1592 3652 1649 manifeste

2000 1676 2256 1732 valebat-
2287 1677 2592 1734 Clamores
2626 1678 2885 1734 subinde
2917 1679 3132 1736 edebat
3159 1680 3453 1749 ingentes,
3477 1680 3651 1752 quasi

2001 1764 2370 1821 intolerabile
2392 1766 2685 1838 quiddam
2721 1773 3033 1838 cogeretur
3065 1768 3347 1841 perferre,
3389 1785 3458 1825 ac
3479 1768 3654 1825 vehe-

2001 1858 2233 1909 meuter
2282 1870 2427 1911 sane
2482 1855 2949 1913 lamentabatur.

2071 1996 2157 2051 39.
2219 1997 2339 2052 Nos
2378 1997 2637 2065 interim,
2679 1998 2784 2070 qui
2824 2014 3033 2055 curam
3082 1999 3211 2069 ejus
3267 1999 3649 2070 gerebamus,

2001 2084 2278 2154 graviter,
2309 2092 2369 2142 ut
2399 2102 2509 2159 par
2529 2092 2673 2152 erat,
2731 2088 3111 2159 angebamur
3141 2106 3153 2143 :
3202 2093 3396 2145 metus
3426 2088 3654 2161 quippe

2000 2173 2175 2229 nobis
2208 2175 2625 2246 incutiebatur,
2657 2192 2732 2233 ne
2763 2182 3049 2249 perpetuo
3080 2177 3327 2243 delirus,
3374 2182 3477 2234 aut
3529 2181 3656 2234 tota.

2000 2264 2121 2321 vita
2162 2266 2360 2339 impos
2418 2267 2634 2324 mentis
2698 2274 3123 2340 perseveraret.
3181 2269 3295 2325 Sed
3330 2284 3440 2325 nec
3501 2267 3650 2324 boni

2000 2354 2336 2426 quidquam
2396 2356 2824 2413 ominabamur
2904 2373 2970 2414 ex
3026 2358 3245 2430 porcis:
3298 2358 3431 2412 illos
3491 2357 3655 2413 enim

2002 2443 2421 2512 cogitabamus
2454 2446 2783 2516 daemones,
2806 2447 2994 2519 quiet
3022 2447 3167 2503 olim
3198 2463 3235 2504 a
3290 2446 3543 2502 Domino
3591 2446 3654 2501 id

2001 2534 2319 2604 petierunt,
2343 2540 2407 2591 ut
2428 2536 2487 2591 in
2500 2538 3209 2608 porcosimmitterentur,
3234 2541 3291 2593 et
3313 2552 3348 2591 a
3365 2535 3659 2608 principio

2002 2626 2275 2685 insidiari
2304 2626 2481 2682 nobis
2513 2641 2633 2682 non
2668 2630 2921 2693 cessant;
2949 2626 3211 2683 maxime
3241 2642 3381 2681 cum
3427 2624 3658 2680 audire-

2004 2734 2162 2785 mus,
2176 2715 2487 2790 quomodo
2500 2714 2736 2787 depulsi
2763 2731 2799 2771 a
2818 2715 2942 2781 via,
2956 2716 3016 2771 in
3039 2715 3317 2771 eamdem
3341 2713 3661 2771 rediissent

2005 2809 2186 2881 idque
2216 2822 2339 2862 non
2353 2805 2697 2877 simpliciter
2710 2805 3074 2875 egrediendo
3091 2803 3658 2877 redeundoque,sed

2009 2904 2275 2969 tanquan
2294 2896 2625 2952 assilientes
2648 2895 3073 2967 cedentesque,
3096 2911 3165 2951 ac
3186 2895 3446 2966 denique
3477 2893 3666 2950 auda-

2007 2989 2135 3043 cius
2175 2988 2567 3048 incurrentes.
2623 2985 2910 3056 juvenem
2971 2983 3430 3040 sudvertissent.
3492 2980 3668 3048 Quod

2007 3090 2149 3132 vero
2178 3074 2343 3130 haud
2371 3073 2551 3143 longe
2582 3090 2618 3129 ιι
2646 3074 2730 3129 rei
2770 3072 3015 3129 veritate
3054 3073 3403 3144 conjectura
3458 3073 3668 3127 nostra

2010 3165 2266 3232 abesset,
2290 3164 2543 3236 ipsemet
2567 3163 2672 3236 qui
2698 3164 2826 3219 haec
2851 3162 3208 3234 patiebatur,
3264 3164 3594 3234 postquam
3632 3174 3671 3217 a

1930 3303 1971 3357 Ο
2012 3254 2175 3311 malo
2206 3268 2316 3309 suo
2336 3252 2622 3309 liberatus
2648 3252 2864 3308 deinde
2886 3250 3385 3357 fuit,.p'lanissime
3406 3249 3671 3305 declara-

2010 3346 2113 3401 vit.
2142 3342 2408 3399 Asseruit
2440 3342 2665 3414 quippe
2692 3342 2891 3397 visum
2918 3340 3032 3396 sibi
3065 3340 3245 3396 fuisse
3280 3339 3499 3405 virum,
3540 3342 3670 3395 atro

2011 3434 2228 3497 colore,
2260 3447 2467 3489 severo
2494 3429 2683 3499 vultu,
2723 3430 2991 3502 corporis
3022 3427 3439 3501 magnitudine
3485 3426 3671 3483 inusi-

2010 3529 2150 3588 tata,
2165 3522 2270 3597 qui
2286 3521 2530 3579 funibus
2548 3520 2908 3577 constrictos
2935 3535 3152 3592 porcos
3187 3517 3300 3575 sub
3338 3518 3502 3589 ipsos
3532 3517 3672 3589 equi

2010 3614 2196 3688 pedes
2224 3612 2524 3683 adigebat.
2543 3614 2755 3667 Porcos
2771 3614 2971 3666 autem
2992 3609 3196 3680 fugere
3217 3607 3485 3682 primum
3502 3621 3672 3663 com-

290 3697 524 3772 pulsos,
544 3697 665 3756 alia
688 3698 906 3755 deinde
936 3700 995 3755 vi
1021 3700 1083 3757 in
1104 3718 1331 3776 equum
1354 3703 1557 3763 denuo
1587 3705 1915 3781 immissos,
1971 3707 2167 3765 donec
2197 3704 2280 3761 sic
2304 3701 2597 3776 impedito
2624 3699 2947 3773 collapsus,
2978 3702 3284 3773 pateretur
3312 3712 3383 3756 ea
3407 3710 3673 3770 quorum

291 3786 560 3861 amplius
598 3803 724 3846 non
750 3788 1045 3846 meminit.

366 3960 442 4033 μ’.
516 3960 620 4036 Ἐφ’
686 3963 887 4025 ἱκαναῖς
944 3958 1031 4015 οὖν
1096 3958 1223 4036 ἦμεν
1286 3964 1420 4017 οὕτω
1475 3961 1900 4044 διαπορούμενοι,

293 4052 435 4113 ὅπως
488 4058 579 4104 τοῦ
634 4050 953 4105 ἀνυποίστου
1010 4052 1214 4116 πάθους
1268 4053 1425 4107 αὐτόν
1493 4054 1902 4132 ἀπαλλάξαιμεν,

292 4142 433 4202 ὅπως
458 4140 673 4204 έαυτοὺς
717 4149 807 4203 τῆς
846 4140 929 4195 ἐπὶ
966 4138 1103 4214 τῷδε
1160 4140 1436 4216 φροντίδος
1473 4165 1529 4198 τε
1588 4152 1678 4200 καὶ
1734 4148 1903 4210 λύπης

288 4229 744 4305 έλευθερώσαιμεν.
806 4230 943 4285 Ἀλλ’
1009 4231 1080 4295 εἰς
1145 4240 1264 4285 νοῦν
1316 4238 1473 4306 μόγις
1515 4233 1759 4309 ἒϐάλομεν
1836 4239 1903 4291 τὰ

288 4329 355 4395 τῇ
430 4320 585 4394 Ἀγίᾳ
669 4322 1000 4379 καθεκάστην
1084 4326 1586 4399 τερατουργούμενα,
1666 4331 1758 4379 καὶ
1836 4329 1904 4390 ὡς

293 4410 352 4464 έκ
397 4410 559 4474 ζάλης
635 4410 702 4472 εἰς
747 4410 929 4483 λιμένα
1005 4414 1249 4487 παραυτά
1308 4415 1774 4489 καθωρμίσθημεν,
1815 4422 1906 4469 καὶ

294 4503 429 4576 πρὸς
464 4502 523 4552 τό
583 4498 922 4574 εύθυμότερον
990 4498 1143 4561 εὐθὺς
1197 4500 1519 4575 έπανῄειμεν,
1579 4508 1669 4556 καὶ
1730 4506 1904 4579 ὧσπερ

296 4588 491 4641 ἑαυτῶν
562 4586 901 4661 ἐγεγόνειμεν,
954 4591 1003 4641 οἱ
1058 4593 1157 4663 πρὸ
1204 4599 1395 4666 μικροῦ
1446 4589 1644 4665 σχεδόν
1699 4591 1908 4655 ἐξεστη-

297 4681 468 4747 κότες,
526 4683 616 4731 καὶ
675 4698 790 4730 τινα
858 4682 1048 4753 τρόπον
1099 4688 1171 4752 τῷ
1220 4683 1499 4734 πεπονθότι
1559 4684 1909 4756 συμπάσχον-

298 4787 399 4829 τες.
431 4770 642 4821 Πάντων
686 4764 773 4820 οὖν
825 4767 989 4820 ἄλλων
1057 4768 1247 4822 αὐτίκα
1295 4770 1608 4843 ὴλογηκότες
1655 4775 1799 4848 παρά
1853 4795 1907 4846 γε

298 4864 365 4930 τῇ
430 4866 569 4932 σορῷ
631 4864 725 4919 τῆς
780 4856 963 4929 Ἀγίας
1027 4861 1295 4933 γινόμεθα,
1352 4866 1441 4915 καὶ
1500 4862 1783 4937 ῥιπτοῦμεν
1832 4861 1911 4916 ἐπ’

300 4943 526 5020 ἐδάφους
578 4945 733 4999 αὐτόν
765 4967 778 4980 ⁸
814 4953 904 5000 καὶ
956 4949 982 4999 ό
1020 4954 1267 5022 νεωκόρος
1325 4959 1420 5013 τῆς
1469 4949 1695 5005 κιϐωτοῦ
1725 4954 1812 5004 τόν
1846 4954 1912 5005 ἱε-

298 5039 393 5113 ρὸν
440 5035 711 5109 ἐξενεγκὼν
752 5039 1037 5113 θησαυρόν,
1097 5041 1185 5091 τόν
1239 5040 1410 5101 ζῶντα
1456 5048 1573 5102 ταῖς
1634 5039 1913 5117 ἐνεργείαις

301 5130 460 5187 ὄντως
518 5129 716 5202 νεκρὸν,
766 5125 862 5198 ὅλῳ
912 5125 1243 5204 ἐπιστηρίζει
1290 5138 1363 5201 τῷ
1413 5136 1636 5205 σώματι,
1692 5131 1913 5205 κεφαλῆς

300 5216 470 5279 αὐτῆς
504 5215 881 5295 ἀπαρξάμενος,
933 5223 1079 5293 χρίει
1103 5238 1157 5273 τε
1238 5219 1405 5273 λαϐὼν
1452 5221 1619 5275 ἔλαιον
1663 5230 1752 5283 τῆς
1809 5244 1913 5296 φω-

299 5314 545 5379 ταγωγοῦ
601 5303 957 5382 σταυροειδῶς
1002 5305 1141 5380 τῷδε
1191 5313 1250 5363 τό
1293 5315 1595 5384 πρόσωπον,
1654 5317 1744 5365 καὶ
1784 5316 1915 5386 πρός

298 5416 361 5471 γε
418 5400 602 5472 στέρνα
652 5416 706 5450 τε
761 5402 850 5450 καὶ
923 5399 1233 5473 μετάφρενα.
1298 5405 1399 5454 Καὶ
1458 5401 1546 5473 (ὧν
1607 5402 1913 5476 θαυμασίων

303 5494 442 5541 Θεοῦ
472 5486 484 5541 l
515 5487 554 5539 ὦ
577 5483 757 5555 δόξης,
786 5488 845 5549 ἧς
896 5486 1204 5548 ἀπήλαυσαν
1250 5489 1431 5563 ψυχαὶ
1487 5495 1619 5564 μετὰ
1659 5494 1915 5565 σωμάτων

303 5576 741 5651 ύπεραθλήσασαι
779 5584 871 5630 τοῦ
903 5586 1056 5647 Θεοῦ,
1087 5579 1268 5653 ψυχαὶ
1295 5584 1431 5634 κατά
1482 5584 1611 5635 Θεὸν
1641 5589 1746 5643 τοῖς
1810 5587 1915 5635 σώ-

305 5687 446 5743 μασι
514 5666 913 5742 συμϐιώσασαι)
963 5672 1031 5732 ὡς
1088 5667 1239 5724 οὐδὲν
1276 5673 1564 5741 πεπονθὼς,
1615 5674 1678 5733 ὡς
1709 5674 1770 5725 οῦ
1793 5675 1919 5727 ποτέ

304 5778 363 5812 τι
427 5758 935 5836 παραφθεγξάμενος,
982 5758 1119 5835 έξῄει
1175 5762 1354 5838 ῥώμης
1404 5758 1459 5816 εὖ
1499 5764 1637 5837 ἔχων
1676 5767 1765 5818 καὶ
1816 5771 1918 5816 τῶν

2085 3970 2171 4024 40.
2215 3968 2345 4023 Non
2374 3964 2553 4035 igitur
2581 3963 2811 4036 absque
2830 3960 3064 4019 ratione
3089 3958 3490 4033 angebamur,
3522 3974 3675 4033 quo-

2014 4056 2200 4114 modo
2238 4072 2269 4111 e
2302 4060 2424 4113 tam
2456 4053 2673 4126 grandi
2705 4051 2866 4109 malo
2896 4050 3298 4107 eximeremus
3326 4048 3676 4107 adolescen-

2016 4152 2156 4216 tem,
2193 4149 2250 4201 et
2275 4160 2387 4201 nos
2407 4143 2573 4217 ipsos
2604 4156 2859 4198 maerore
2889 4144 2945 4197 et
2980 4139 3375 4197 sollicitudine
3397 4138 3677 4195 liberare-

2014 4253 2173 4292 mus.
2190 4234 2292 4291 Vix
2319 4238 2521 4290 autem
2544 4248 2615 4289 ea
2626 4248 2762 4305 quae
2778 4233 2833 4289 S.
2855 4230 3189 4287 Theodosia
3200 4228 3465 4302 quotidie
3479 4231 3679 4300 patrat

2016 4323 2396 4390 admiranda,
2420 4336 2799 4394 cmperamus
2821 4325 3017 4376 mente
3042 4319 3365 4384 revolvere,
3388 4334 3526 4373 cum
3540 4332 3679 4373 ecce

2016 4414 2193 4487 quasi
2213 4429 2287 4469 ex
2307 4389 2665 4484 tempestate
2686 4408 2865 4465 delati
2888 4409 2949 4464 in
2971 4413 3236 4481 portum,
3263 4407 3502 4463 animos
3539 4420 3681 4462 con-
3696 4389 3727 4421 ⁸

2018 4504 2186 4560 tinuo
2202 4503 2465 4572 majores
2479 4500 2868 4573 sumpsimus,
2888 4503 2945 4554 et
2963 4498 3141 4554 nobis
3165 4497 3341 4553 veluti
3359 4496 3681 4569 derepente

2023 4610 2237 4649 sumus
2268 4590 2624 4663 redditi,qui
2650 4589 2833 4661 paulo
2856 4594 2994 4645 ante
3026 4587 3256 4644 consilii
3277 4587 3489 4659 inopes
3514 4590 3683 4643 extra

2018 4699 2132 4739 nos
2178 4683 2346 4756 ipsos
2386 4681 2801 4746 versabamur,
2852 4682 2908 4733 et
2940 4678 3156 4733 iisdem
3195 4675 3677 4749 quodammodo,

2020 4772 2244 4846 quibus
2264 4770 2639 4832 adolescens,
2667 4766 3168 4824 excruciabamur
3186 4764 3519 4822 doloribus.
3544 4766 3681 4821 Om-

2021 4862 2121 4919 nia
2159 4862 2336 4933 igitur
2369 4858 2489 4917 alia
2518 4864 2895 4932 seponentes,
2932 4856 3012 4913 ad
3051 4858 3283 4913 Sanctaa
3330 4854 3681 4928 sepulcrum

2021 4951 2351 5027 pergimus,
2379 4951 2704 5023 ipsumque
2733 4948 2795 5004 in
2820 4946 3022 5020 templi
3052 4946 3398 5018 pavimento
3430 4945 3687 5002 colloca-

2022 5059 2177 5099 mus.
2222 5043 2371 5098 Tum
2407 5038 2664 5095 aedituus
2686 5053 2927 5095 sacrum
2958 5052 2988 5092 e
3012 5034 3685 5108 lipsanotbecatbesau-

2024 5148 2159 5188 rum
2186 5144 2483 5205 promere,
2514 5127 2707 5201 iisque
2736 5126 3031 5196 hominia,
3081 5124 3363 5198 spirantis
3411 5123 3685 5197 quidem,

2025 5220 2132 5278 sed
2176 5235 2360 5294 quem
2403 5217 2483 5274 ob
2525 5218 2723 5273 virum
2759 5214 3124 5273 naturalium
3167 5214 3467 5271 defeclum
3505 5214 3686 5270 inter-

2025 5315 2334 5367 mortuum
2364 5307 2746 5376 aastimasses,
2788 5310 2982 5363 totum
3012 5320 3233 5378 corpus
3274 5304 3533 5374 signare,
3574 5302 3688 5359 ini-

2026 5401 2175 5457 tium
2205 5415 2241 5456 a
2270 5398 2463 5472 capite
2483 5397 2731 5465 ducens,
2765 5395 3020 5469 oleoque
3056 5411 3087 5451 e
3110 5394 3395 5467 lampade
3438 5396 3689 5466 accepto

2026 5491 2087 5547 in
2109 5490 2360 5546 modum
2380 5488 2572 5545 crucis
2590 5487 2846 5551 vultum,
2860 5490 3091 5559 pectus,
3118 5501 3189 5542 ac
3209 5485 3459 5541 dorsum
3481 5482 3689 5556 jacen-

2027 5580 2102 5637 tis
2126 5579 2412 5637 oblinere.
2448 5582 2592 5635 Ecce
2625 5582 2826 5635 autem
2854 5589 2913 5643 (ο
2939 5575 3301 5633 admiranda
3325 5575 3423 5632 Dei
3457 5589 3642 5646 Opera
3672 5574 3686 5630 Ξ

2030 5687 2063 5728 o
2097 5670 2299 5743 gloriae
2331 5669 2584 5740 insignis
2609 5666 3107 5739 magnitudinem,
3143 5682 3267 5741 qua
3296 5666 3358 5723 in
3382 5665 3533 5722 coelo
3555 5680 3691 5738 per-

2029 5760 2310 5820 fruuntur
2334 5761 2576 5830 animae,
2601 5776 2738 5834 qua:
2764 5758 2866 5817 Dei
2896 5773 3083 5817 causa
3103 5758 3167 5815 in
3192 5755 3548 5831 corporibus
3568 5770 3693 5813 cer-
