4484 6446
820 417 916 469 931
2033 405 2495 466 CONSTANTINI
2542 406 3000 465 ACROPOLITE
4083 411 4188 465 932

817 515 1335 590 taverunt,anima3
1347 530 1484 587 quae
1504 515 1835 572 secundum
1856 518 2042 571 Deum
2057 515 2477 570 vixeruntcum
2520 518 2566 570 Α

2423 530 2477 568 m
2520 518 2566 570 Α
2597 523 2784 586 φρενῶν
2832 513 3174 584 ἀπρόσκοπτα
3238 513 3448 585 ὁμιλῶν,
3509 521 3597 567 καὶ
3653 523 3750 566 τῶν
3802 515 4080 586 λεγομένων
4141 514 4187 565 ἐν

817 605 1192 677 corporibus)
1230 603 1405 675 quasi
1445 602 1589 657 nihil
1637 620 1906 675 unquam
1947 603 2088 659 mali
2130 617 2474 674 perpessus.

2416 620 2474 656 lS.
2595 607 2796 654 συνέσει
2849 606 3130 673 γινόμενος.
3203 600 3299 652 Ἐῶ
3355 605 3456 675 γὰρ
3516 606 3580 664 ὡς
3632 610 3721 657 καὶ
3773 609 4050 678 προκόπτει
4129 607 4187 654 τὸ

818 709 1016 766 neque
1065 691 1290 764 aliquid
1337 696 1551 762 praeter
1587 692 1880 747 rationem
1919 692 2171 746 locutus
2229 690 2475 759 integris

818 782 1089 854 corporis
1140 797 1208 836 ac
1256 781 1470 834 mentis
1528 779 1913 834 facultatibus
1955 779 2152 839 exivit.
2206 778 2474 849 expedite

814 869 1088 942 loquens,
1121 873 1178 924 et
1199 884 1270 924 ea
1296 884 1431 940 qua:
1460 867 1821 940 loquebatur
1863 867 2214 936 intelligens.
2255 867 2471 921 Omitto
2581 891 2585 899 ι

2413 873 2471 921 to
2581 876 2681 928 πῆς
2733 872 2956 938 ἥγημαι,
3024 866 3049 917 ὃ
3102 868 3339 937 μείζονος
3405 870 3829 944 θαυματουργίας
3880 869 4183 941 λογίζομαι.

814 959 1010 1014 dicere
1035 962 1330 1030 quantum
1364 973 1436 1011 ex
1461 972 1532 1010 eo
1559 960 1829 1028 tempore
1860 956 2193 1028 profecerit,
2227 970 2348 1010 non
2381 955 2578 1010 minus
2607 972 2792 1027 quam
2823 960 3016 1024 aatate,
3064 957 3306 1027 spiritus
3349 961 3404 1012 et
3435 959 3701 1029 corporis
3733 957 4186 1030 praerogativis;

815 1047 984 1121 quod
1008 1062 1119 1117 ego
1141 1045 1405 1118 profecto
1428 1045 1714 1114 singulari
1746 1046 2004 1117 cuipiam
2037 1047 2138 1101 Dei
2163 1060 2306 1114 erga
2339 1043 2524 1110 illum,
2559 1044 2947 1116 providentiae
2969 1045 3312 1114 attribuere,
3335 1045 3448 1102 hoc
3478 1047 3726 1103 minoris
3754 1045 4026 1103 miraculi
4055 1045 4189 1102 loco

812 1136 1034 1193 habere
1059 1134 1202 1190 mihi
1240 1149 1419 1206 posse
1451 1134 1678 1190 videor.

2590 689 2690 741 ἀπὸ
2721 686 2876 742 τοῦδε
2907 689 3011 760 ούχ
3051 690 3203 746 ἧττον
3257 689 3286 747 ἣ
3345 699 3407 762 τῇ
3456 691 3635 764 ἡλικίᾳ
3688 692 3941 764 ψυχικοῖς
3991 711 4044 744 τε
4100 697 4189 743 καὶ

2589 786 2904 850 σωματικοῖς
2961 784 3368 852 προτερήμασιν·
3426 781 3452 830 ὅ
3508 782 3647 842 θείας
3719 789 3893 853 σαφῶς
3973 783 4188 832 ἐπισκο-

2659 1302 2763 1374 μα’·
2808 1302 2945 1358 Ἀλλ’
2988 1299 3111 1354 ούδὲ
3161 1307 3220 1355 τὸ
3274 1302 3354 1355 ἐπ’
3411 1303 3523 1376 ἐμοὶ
3590 1301 4042 1379 παραδραμοῦμαι
4092 1313 4190 1365 τῆς

2583 1390 2764 1462 ’Λγίας
2812 1395 3100 1466 τεράστιόν.
3165 1392 3428 1464 Ἐπλήγην
3480 1390 3624 1446 πόδα
3669 1396 3754 1445 τόν
3843 1389 4013 1456 δεξιὸν
4087 1398 4188 1467 πρὸ

2582 1486 2787 1551 χρόνων
2815 1482 3205 1550 ὅτισυχνῶν”ἠ
3262 1478 3320 1533 δὲ
3369 1481 3569 1553 πληγή,
3627 1485 3786 1544 ἵππος
3843 1481 3927 1534 ἐπὶ
3990 1487 4190 1554 κνήμης

2580 1568 2676 1630 λὰξ
2705 1568 2966 1639 ἔτυψεν,ὃ
3008 1574 3136 1639 πρὸς
3181 1573 3238 1620 τό
3296 1573 3460 1645 παρὸν
3510 1571 3938 1644 εύπεριφρόνητον
3991 1569 4186 1637 ἔδοξεν,

885 1310 974 1362 tt.
1002 1306 1117 1362 Sed
1147 1321 1344 1377 neque
1375 1305 1558 1375 aliud,
1583 1305 1750 1378 quod
1782 1305 1994 1361 eadem
2028 1305 2251 1360 Sancta
2290 1303 2479 1360 admi-

812 1396 1076 1454 randum
1108 1395 1256 1450 mihi
1287 1395 1648 1450 beneﬁcium
1698 1395 1988 1466 praestitit,
2043 1394 2279 1449 silentio
2331 1393 2475 1451 duxi

811 1483 1409 1558 prmtermittendum.
1441 1487 1588 1538 Ante
1615 1499 1736 1538 non
1759 1483 2045 1553 exiguum
2077 1488 2314 1554 tempus
2336 1498 2472 1537 crus

812 1576 956 1631 mihi
988 1575 1096 1630 fuit
1124 1574 1293 1630 valde
1325 1573 1602 1629 affectum
1665 1589 1738 1629 ex
1768 1574 2012 1628 vulnere
2041 1573 2202 1645 quod
2229 1573 2471 1628 recalci-

812 1669 975 1720 trans
1003 1679 1195 1735 equus
1223 1662 1572 1734 impegerat,
1600 1677 1707 1718 nec
1722 1661 1928 1731 magni
1950 1662 2062 1717 sub
2083 1662 2317 1717 initium
2341 1678 2469 1718 esse

810 1752 1129 1809 videbatur
1146 1753 1454 1807 momenti.
1482 1751 1806 1823 Postquam
1832 1757 2032 1806 autem
2055 1756 2316 1824 quatuor
2337 1767 2465 1806 om-

809 1842 957 1898 nino
989 1841 1174 1913 elapsi
1197 1845 1367 1896 erant
1419 1840 1566 1906 dies,
1616 1839 1925 1896 doloribus
1955 1855 2285 1911 oppressus
2329 1856 2465 1895 sum
2507 1835 2580 1888 Βι

2136 1857 2285 1894 :ssus
2329 1856 2465 1895 sum
2507 1835 2545 1888 Β
2577 1832 2685 1884 ἀλλ’
2716 1834 2798 1886 ἐπὶ
2833 1842 3068 1907 σφυροῖς,
3104 1834 3186 1886 ἐπὶ
3220 1832 3518 1902 δακτύλοις,
3554 1835 3626 1908 ἐφ’
3681 1837 3779 1908 ὅλῳ
3837 1844 3907 1906 τῷ

809 1946 931 1986 non
946 1930 1224 1996 ferendis,
1241 1945 1362 1985 non
1377 1945 1446 1984 ea
1459 1928 1652 1984 solum
1667 1945 1786 2001 qua
1809 1927 1986 1983 laesus
2008 1945 2172 1983 eram
2196 1929 2461 2000 corporis

809 2025 997 2092 parte,
1032 2020 1137 2076 sed
1182 2019 1306 2074 ima
1344 2019 1527 2074 etiam
1563 2017 1734 2090 pedis
1801 2017 2008 2088 planta
2057 2017 2280 2087 digitis,
2318 2018 2460 2075 talo.

809 2110 1071 2165 Pessime
1116 2108 1296 2178 igitur
1325 2107 1471 2162 mihi
1511 2107 1615 2161 diu
1665 2111 1825 2162 erat:
1882 2123 2142 2178 cumque
2169 2106 2342 2162 dolor
2365 2107 2460 2162 ille

807 2197 1079 2254 nonnihil
1099 2197 1379 2252 leniretur
1415 2195 1826 2251 claudicabam
1840 2200 2042 2251 tamen
2055 2195 2456 2262 vehementer,

806 2303 916 2343 nec
948 2288 1075 2342 sine
1101 2300 1324 2356 magna
1348 2285 1623 2341 molestia
1639 2284 1853 2340 affecto
1875 2300 2044 2340 crure
2061 2283 2166 2340 niti
2186 2289 2458 2357 poteram

807 2378 968 2431 Duos
997 2376 1055 2431 in
1088 2376 1200 2431 isto
1231 2375 1498 2430 cruciatu
1527 2389 1688 2430 anno
1737 2389 2076 2443 exegeram,
2121 2373 2284 2429 nullo
2314 2373 2459 2429 mali

805 2465 971 2538 quod
985 2463 1878 2537 patiebarlevamine,annisque
1891 2463 2172 2535 deinceps
2185 2462 2455 2532 singulis,

805 2554 1328 2626 quemadmodum
1362 2553 1769 2624 certiquidem
1809 2553 2007 2608 morbi
2048 2556 2222 2608 certis
2255 2567 2456 2608 recur-

805 2659 933 2700 rere
952 2644 1142 2700 solent
1161 2643 1556 2714 temporibus,
1576 2643 1692 2715 ped
1701 2659 1800 2698 um
1814 2658 2056 2714 quoque
2069 2658 2342 2698 meorum
2358 2641 2460 2697 do-

802 2731 894 2789 lor
913 2732 1306 2789 increscebat.
1337 2736 1420 2786 Ac
1453 2747 1692 2787 rursum
1723 2731 1890 2786 haud
1919 2731 2002 2786 ita
2030 2730 2288 2786 multum
2322 2733 2462 2803 post

801 2821 1115 2894 temporis,
1138 2821 1282 2877 anni
1309 2819 1488 2875 unius
1517 2819 1709 2891 spatio
1743 2819 1837 2875 bis
1863 2824 2019 2875 terve
2048 2818 2210 2874 idem
2240 2834 2335 2875 me
2373 2824 2458 2875 te-

801 2911 984 2967 nebat
1027 2909 1276 2966 malum.
1310 2911 1492 2965 Metus
1522 2912 1667 2976 erat,
1722 2923 1796 2964 ne
1846 2911 2148 2963 crescente
2181 2913 2350 2964 aetate
2376 2908 2461 2964 in-

801 3002 1173 3055 crementum
1196 2997 1419 3069 pariter
1436 2995 1674 3053 dolores
1695 2996 2050 3069 acciperent.
2075 2997 2186 3065 (Fit
2205 2996 2364 3052 enim
2387 3012 2457 3053 ex

800 3087 1202 3144 immoderato
1223 3086 1493 3159 quadam
1515 3086 1648 3142 vitae
1673 3102 1901 3148 amore,
1921 3091 1985 3142 ut
2005 3102 2217 3142 omnes
2228 3087 2458 3159 passim

2579 1655 2706 1708 ἀλλά
2753 1677 2842 1728 μοι
2892 1659 3021 1730 μετὰ
3074 1663 3165 1715 τήν
3213 1661 3460 1730 τετάρτην
3515 1657 3700 1711 ὀδύναι
3770 1664 4071 1731 γεγόνεισαν
4101 1659 4184 1711 ού.

2579 1742 2851 1797 δοπωσοῦν
2876 1751 3117 1819 φορηταὶ,
3177 1748 3270 1798 οὐκ
3328 1746 3400 1818 ἐφ’
3555 1768 3613 1818 γε
3671 1747 3964 1819 ἐπεπλὴγην
4014 1752 4179 1823 μέρει,

4004 1856 4098 1909 ταρ
4109 1845 4184 1907 σῷ

2573 1927 2662 1974 καὶ
2699 1932 2771 1993 τῷ
2810 1923 3051 1990 πέλματιο
3085 1923 3180 1976 ’Πν
3213 1921 3298 1976 οὖν
3347 1930 3580 1999 πονήρως
3638 1928 3774 1996 ἔχων
3828 1924 3902 1997 ἐφ’
3960 1927 4180 1996 ἰκᾶναῖς,

2571 2017 2659 2062 καὶ
2720 2019 2811 2063 τοῦ
2860 2014 3059 2071 πάθους
3116 2012 3468 2084 λωφήσαντος,
3542 2012 3789 2085 χωλεύων
3873 2010 4020 2074 αὖθις
4100 2015 4184 2067 ἐπὶ

2570 2101 2722 2166 πολὺ,
2780 2106 2870 2153 και
2919 2101 3013 2152 οὐκ
3069 2102 3125 2153 εὖ
3213 2100 3677 2176 ἐπιστηριζόμενος
3761 2111 3832 2172 τῷ
3903 2105 4184 2155 πεπονθότι

2567 2186 2714 2242 ποδί.
2748 2193 2846 2242 Δύο
2877 2199 2976 2241 τῶν
2999 2188 3242 2242 ἐνιαυτῶν
3296 2191 3688 2266 παρεῤῥύήσαν,
3746 2198 3834 2243 καὶ
3883 2189 4027 2244 πόδα
4096 2196 4183 2251 τόν

2568 2278 2723 2330 αὐτόν
2751 2277 2984 2349 ήλγησα,
3031 2284 3121 2332 καὶ
3164 2287 3256 2331 τοῦ
3303 2279 3486 2332 λοιποῦ
3544 2300 3634 2352 μοι
3690 2281 3804 2333 κατ’
3853 2282 3960 2341 ἔτος
4007 2283 4074 2343 ὦς
4130 2299 4184 2334 τι

2568 2377 2666 2419 τῶν
2713 2366 2766 2419 ἐκ
2814 2365 3063 2442 περιόδου
3123 2368 3371 2430 ξυναντᾶν
3437 2369 3690 2422 εἰωθότων
3754 2372 4062 2442 νοσημάτων
4124 2375 4184 2423 τό

2569 2467 2668 2510 τῶν
2695 2455 2871 2511 ποδῶν
2921 2459 3080 2531 ἆλγός
3127 2457 3433 2518 ἁνέσκηπτε.
3498 2465 3642 2514 Μετὰ
3705 2458 3764 2514 δὲ
3823 2467 4051 2535 χρόνους
4121 2462 4184 2514 ού

2567 2549 2702 2600 πάνυ
2723 2547 2944 2610 πολλοὺς
2977 2545 3060 2611 δις
3091 2557 3183 2601 τοῦ
3241 2553 3387 2611 ἔτους
3454 2549 3716 2612 ξυνέϐαινέ
3761 2571 3852 2624 μοι
3903 2554 3961 2603 τὸ
4005 2553 4177 2613 πάθος

2567 2642 2657 2689 καὶ
2686 2642 2817 2712 τρίς.
2851 2643 2950 2690 Καί
2983 2658 3073 2711 μοι
3097 2636 3213 2702 δέος
3285 2639 3451 2697 εἰσήει
3499 2642 3654 2709 ἔνθεν,
3696 2646 3767 2712 μή
3816 2661 3925 2702 πως
3971 2642 4186 2714 προίόν-

2568 2746 2656 2788 τος
2693 2735 2786 2779 τοῦ
2826 2731 3022 2801 χρόνου
3080 2733 3170 2780 καὶ
3217 2736 3310 2781 τοῦ
3363 2737 3528 2782 κακοῦ
3581 2728 3659 2800 (ἐκ
3709 2733 3811 2805 γὰρ
3875 2729 4180 2802 φιλοζωίας,

2568 2811 2740 2886 οἶμαι,
2792 2821 2893 2878 πᾶς
2951 2836 3032 2878 τις
3085 2819 3153 2877 ὡς
3204 2818 3350 2889 κάγὼ
3410 2818 3726 2889 φαντάζεται
3789 2821 3844 2870 τὸ
3896 2817 4184 2892 μακρόϐιον

2567 2910 2657 2956 καὶ
2688 2903 2877 2976 μᾶλλον
2909 2905 2952 2956 εἰ
2981 2906 3092 2958 κατ’
3139 2904 3224 2978 ἐμὲ
3272 2912 3645 2981 προστετηκὼς
3701 2910 3778 2966 εἴη
3818 2915 3924 2968 τοίς
3978 2910 4182 2978 γηῖνοις

2567 2990 2750 3046 τοισδε
2779 2999 2868 3046 καὶ
2917 2994 3142 3052 κηλουσι
3194 2998 3283 3052 τήν
3341 2996 3616 3066 αισθησιν)
3665 3017 3679 3029 ο
3738 2995 3888 3068 φόϐος
3944 2999 4032 3048 οὺν
4089 3016 4184 3069 μοι

2567 3089 2765 3156 γεγόνει
2827 3089 2899 3157 μή
2983 3086 3173 3157 χεῖράς
3235 3105 3287 3137 τε
3351 3085 3705 3160 παραλυθείην
3758 3091 3848 3138 καὶ
3899 3082 4090 3155 πόδας,
4146 3091 4177 3146 ἦ

797 3177 1098 3244 homines,
1122 3193 1192 3233 ac
1225 3192 1337 3246 ego
1367 3175 1685 3247 imprimis,
1711 3174 1932 3231 multos
1955 3175 2054 3230 hic
2089 3175 2265 3231 nobis
2288 3175 2460 3247 polli-
2500 3194 2539 3248 ρ

2417 3175 2460 3230 i-
2500 3179 2657 3248 Cxai
2708 3177 2765 3225 τὸ
2831 3177 3042 3245 σύμπαν
3094 3173 3497 3249 ἐξαρθρωθείην,
3567 3180 3656 3228 καὶ
3727 3175 3971 3238 καθάπαξ
4021 3196 4181 3228 κατα-

798 3277 1045 3319 ceamur
1068 3276 1282 3327 annos,
1320 3261 1503 3332 idque
1534 3261 1885 3333 praesertim,
1920 3260 1967 3315 si
2000 3260 2117 3316 mei
2155 3260 2233 3316 ad
2269 3260 2460 3317 instar

796 3351 967 3408 vanis
988 3351 1202 3407 mundi
1220 3350 1404 3421 hujus
1423 3349 1624 3416 rebus,
1645 3354 1930 3405 etsensus
1945 3354 2182 3406 nostros
2201 3350 2457 3406 nimium

798 3441 877 3499 ad
899 3458 959 3498 se
980 3441 1378 3514 rapientibus,
1408 3440 1684 3497 addictus
1716 3441 1835 3511 sit.)
1865 3443 2048 3498 Metus
2087 3440 2266 3511 igitur
2308 3441 2456 3496 mihi

797 3535 1034 3600 erat,ne
1047 3531 1334 3588 manibus
1369 3530 1752 3602 pedibusque
1783 3547 1854 3586 ac
1869 3535 1988 3586 toto
2003 3530 2182 3586 etiam
2207 3546 2456 3602 corpore

2572 3267 2758 3320 σταίην
2798 3263 3114 3324 κλινοπετής.
3169 3263 3284 3316 Ἐπὶ
3343 3259 3401 3315 δὲ
3442 3263 3632 3336 μᾶλλον
3692 3263 3904 3337 ἐφόϐουν
3970 3267 4019 3317 οἱ
4076 3273 4181 3317 τῶν

2571 3351 2757 3428 ἰατρων
2800 3349 3166 3426 δοκιμώτεροι,
3219 3352 3451 3415 ξυνήθεις
3506 3357 3643 3414 ὄντες
3681 3353 3794 3426 ἐμοὶ
3823 3359 3913 3406 καὶ
3968 3354 4185 3412 ἡλικιῶ-

2565 3462 2673 3509 ται,
2706 3438 2872 3515 μηδέν
2911 3463 3021 3506 πως
3063 3443 3271 3516 ἰσχύειν
3299 3448 3430 3520 πρὸς
3470 3448 3564 3503 τήν
3616 3449 3768 3498 νόσον
3827 3449 3920 3504 τήν
3985 3449 4182 3518 τέχνην

2565 3532 2969 3607 ἰσχυριζόμενοι
2984 3576 2995 3588 .

793 3619 1058 3694 paralysi
1091 3620 1420 3686 dissolutis,
1464 3619 1684 3675 affixus
1715 3620 1962 3675 omnino
1993 3619 2145 3676 lecto
2175 3620 2490 3676 btererem.
2515 3621 2633 3693 lpsi
2654 3622 2900 3694 insuper
2925 3624 3297 3679 medicorum
3324 3622 3829 3695 praestantissimi,
3860 3623 3963 3696 qui
3995 3624 4181 3681 mori-

792 3709 907 3766 bus
937 3715 1180 3766 etzetate
1203 3714 1259 3765 et
1297 3708 1731 3765 consuetudine
1761 3709 2072 3782 propiores
2094 3708 2239 3765 mihi
2258 3714 2446 3778 erant,
2479 3725 2602 3766 non
2633 3711 2850 3783 exiguo
2881 3711 3237 3769 tenebantur
3261 3717 3445 3780 metu,
3475 3729 3616 3769 cum
3645 3712 3848 3769 nullus
3881 3714 4026 3770 artis
4055 3729 4184 3771 me-

792 3798 942 3856 dicae
973 3803 1226 3856 conatus
1259 3801 1582 3855 adversum
1613 3797 1761 3855 mala
1782 3814 1920 3855 mea
1948 3797 2279 3872 quidquam
2311 3798 2533 3855 valeret
2557 3798 2810 3856 efﬁcere.

2629 3941 2747 4016 μβ’.
2788 3948 2852 3997 Τί
2875 3950 3000 4016 γοῦν
3057 3943 3370 4016 ἐπεπόνθειν,
3408 3946 3520 3998 ὃθεν
3549 3965 3639 4018 μοι
3698 3943 3771 3998 δι’
3804 3943 4018 4008 ἐλπίδος
4048 3944 4111 4005 ἧν
4143 3950 4174 4006 ἠ

2561 4030 2805 4103 βοήθεια,
2849 4031 3014 4085 λαϐὼν
3054 4031 3242 4086 ἐκεῖθεν
3299 4038 3394 4093 τὴν
3453 4033 3808 4110 ἀπαγόρευσιν
3861 4053 3875 4103 ;
3946 4037 4180 4111 Ἀθυμίᾳ

2559 4124 2911 4194 κατεσχέθην,
2946 4127 3037 4176 καὶ
3077 4126 3146 4186 ὡς
3190 4127 3249 4176 τὸ
3281 4123 3414 4186 εἰκὸς
3476 4121 3755 4183 ἠκηδίασα
3795 4146 3808 4160 ο
3872 4125 3978 4178 ἀλλ’
4019 4125 4179 4199 ἐμνή-

2561 4213 2692 4268 σθην
2720 4214 2855 4263 κατὰ
2893 4217 2982 4270 τὸν
3030 4208 3320 4271 Δαυῐδικήν
3375 4213 3655 4285 εἰσήγησιν
3711 4222 3803 4267 τοῦ
3866 4223 4020 4284 Θεοῦ,
4085 4221 4179 4268 καὶ

790 3947 879 4001 43.
914 3942 1126 4010 Qualia
1150 3943 1330 4013 igitur
1358 3957 1608 4015 passum
1639 3957 1738 3997 me
1780 3942 2151 4008 credis,cum
2178 3942 2316 3998 inde
2354 3959 2452 3998 ve-

791 4038 949 4091 tarer
975 4037 1322 4107 exspectare
1356 4031 1626 4099 meliora,
1678 4031 1840 4087 unde
1871 4038 2030 4088 certo
2080 4033 2227 4088 mihi
2275 4033 2449 4104 adju-

789 4124 902 4180 turi
933 4123 1135 4180 auxilii
1163 4138 1303 4195 spes
1330 4121 1530 4177 omnis
1555 4121 1750 4177 fuerat
1777 4122 1804 4176 ?
1862 4124 1993 4178 Jam
2017 4123 2256 4178 animos
2290 4122 2452 4193 abje-

787 4229 1010 4282 ceram,
1027 4218 1081 4269 et
1097 4211 1265 4285 quod
1278 4226 1655 4283 consequens
1676 4215 1782 4282 est,
1801 4211 2017 4267 inerter
2041 4211 2408 4282 languebam
2435 4230 2446 4280 ;

784 4303 1053 4376 quando,
1091 4301 1426 4358 secundum
1455 4300 1799 4357 Davidicam
1826 4300 2185 4371 doctrinam,
2217 4317 2450 4358 memor

749 4423 758 4430 ~
785 4391 871 4448 fui
897 4392 1019 4462 Dei,
1045 4395 1356 4464 etrepente
1378 4389 1711 4446 delectatus
1725 4407 1859 4445 sum
1888 4410 1904 4461 ;
1955 4395 2016 4445 ln
2040 4390 2174 4463 ipso
2199 4391 2444 4464 quippe,

786 4481 1047 4547 aiebam,
1073 4481 1180 4536 etsi
1219 4479 1628 4536 validissimus
1680 4479 1754 4535 sit
1800 4496 1922 4552 quo
1953 4480 2163 4536 laboro
2194 4482 2444 4536 morbus
2484 4472 2527 4525 Β

2402 4499 2444 4536 ιε
2484 4472 2527 4525 D
2560 4478 2668 4531 ἀλλ’
2717 4482 3004 4538 ἡττήσεται
3058 4489 3155 4543 τῆς
3206 4488 3461 4554 κραταιᾶς
3519 4482 3706 4554 ἰσχύος
3736 4487 3862 4536 Θεοῦ
3900 4505 3911 4516 ·
3946 4487 4011 4544 ὡς
4070 4489 4173 4557 γὰρ

785 4577 838 4628 et
865 4571 1030 4627 omni
1053 4569 1424 4626 medentium
1455 4575 1578 4626 arte
1611 4569 2182 4642 superior,attamen
2211 4571 2439 4644 potenti

2405 4571 2439 4628 Li
2556 4573 2992 4643 πεπιστεύκαμεν,
3073 4576 3162 4623 καὶ
3213 4574 3280 4623 τὰ
3327 4567 3562 4624 ἀδύνατα
3631 4580 3744 4643 Θεῷ
3801 4570 4018 4640 δυνατὰ,
4086 4579 4176 4627 καὶ

780 4661 940 4718 illius
969 4661 1183 4717 virtute
1208 4660 1575 4717 domabitur.
1604 4660 1792 4717 Simul
1809 4662 1967 4716 enim
2000 4665 2178 4734 atque
2200 4662 2449 4719 ﬁrmiter

2405 4679 2449 4719 ειν
2555 4657 2705 4713 οὐδὲν
2737 4661 2763 4712 ό
2792 4680 2843 4712 τι
2866 4669 2956 4720 τῆς
2987 4660 3147 4714 αὐτοῦ
3188 4656 3459 4734 δυνάμεως
3524 4663 3906 4736 ὑπερκείσεται.
3966 4668 4064 4717 Καὶ
4114 4684 4176 4736 γε

779 4751 1020 4807 credere
1055 4754 1112 4806 et
1153 4765 1396 4823 sperare
1435 4750 1492 4807 in
1541 4750 1745 4818 ipsum
1788 4751 2126 4818 statuimus,
2161 4752 2445 4810 continuo

2400 4769 2445 4810 to
2555 4747 2925 4822 ἐνενοησάμην,
2983 4751 3120 4812 ὅπως
3186 4769 3239 4802 τε
3311 4752 3340 4808 ἡ
3421 4752 3681 4823 πάναγνος
3761 4752 3921 4805 αὐτοῦ
3978 4757 4171 4829 Μήτηρ

779 4855 916 4913 qua:
947 4839 1076 4896 fieri
1106 4855 1284 4913 posse
1305 4854 1428 4895 non
1464 4837 1847 4908 videbantur,
1890 4840 2009 4894 Deo
2059 4838 2212 4894 fiunt
2255 4838 2447 4911 possi-

2407 4838 2447 4893 i-
2553 4847 2698 4911 κοινῇ
2758 4858 2812 4891 τε
2885 4843 2975 4892 καὶ
3043 4841 3343 4892 καθέκαστα
3397 4841 3544 4912 ἡμῶν
3611 4837 3900 4914 κηδομένη,
3969 4844 4173 4895 πάντων

777 4928 944 4996 bilia,
979 4946 1089 4986 nec
1123 4929 1559 5002 estquidquam
1591 4928 1758 5001 quod
1779 4928 2046 4984 divinam
2075 4929 2206 5000 ejus
2234 4934 2442 5001 poten-

777 5018 928 5075 tiam
952 5023 1215 5092 superet.
1249 5021 1310 5074 In
1331 5019 1692 5074 memoriam
1713 5033 1956 5090 quoque
1971 5034 2252 5074 revocare
2266 5019 2443 5090 coepi,

775 5109 1094 5181 quomodo
1125 5108 1454 5181 purissima
1503 5107 1603 5164 Dei
1639 5109 1839 5175 Mater,
1870 5123 2069 5163 rerum
2102 5112 2442 5164 nostrarum

775 5197 1044 5270 quotidie
1071 5197 1238 5254 haud
1259 5213 1476 5270 parum
1505 5202 1811 5267 satagens.
1827 5195 2094 5252 divinam
2119 5213 2227 5269 pro
2248 5196 2442 5252 omni-

773 5287 892 5344 bus
933 5288 1411 5346 misericordiam
1439 5288 1764 5360 implorare
1788 5303 1910 5344 non
1948 5292 2156 5343 cesset.
2191 5290 2440 5344 Sanctos

774 5393 1021 5452 quoque
1050 5378 1184 5435 illos
1210 5378 1467 5449 cogitavi
1495 5394 1564 5434 ac
1593 5382 1855 5443 sanctas,
1903 5377 2125 5450 quibus
2169 5377 2247 5433 ab
2286 5376 2441 5434 altis-

774 5468 927 5524 simo
961 5468 1020 5524 in
1054 5467 1219 5525 ccelis
1253 5472 1371 5525 Deo
1402 5471 1633 5524 tantum
1665 5467 1760 5522 hic
1798 5467 2000 5537 gratiae
2050 5467 2158 5523 fuit
2200 5483 2441 5523 conces-

774 5564 1014 5626 sum,ut
1035 5558 1405 5616 insanabiles
1431 5573 1641 5614 curare
1665 5556 1911 5613 morbos
1925 5562 1983 5613 et
2021 5558 2194 5613 malis
2224 5558 2439 5613 imme-

772 5647 1136 5706 dicabilibus
1189 5647 1416 5705 mederi
1473 5652 1757 5721 possent:
1831 5647 2198 5704 Demetrium
2277 5647 2435 5719 dico,

771 5738 932 5798 illum
943 5741 1098 5798 inter
1109 5744 1394 5813 martyres
1406 5737 1869 5811 celeberrimum,
1883 5753 1992 5796 nec
2006 5753 2129 5795 non
2157 5753 2436 5810 magnum

2562 4298 2825 4373 θυμηδίας
2854 4301 3121 4360 ἐπλήσθην
3153 4301 3326 4363 εύθύς.
3377 4303 3457 4356 Ἐν
3511 4306 3612 4379 γάρ
3682 4304 3842 4376 αὐτῷ,
3922 4310 4011 4358 καὶ
4066 4310 4172 4380 γὰρ

2560 4393 2701 4462 ἔφην,
2739 4392 2782 4443 εἰ
2819 4397 2910 4443 καὶ
2973 4393 3002 4449 ἡ
3038 4396 3193 4454 νόσος
3260 4392 3463 4466 ἰσχυρὰ
3501 4398 3591 4445 καὶ
3631 4399 3725 4452 τήν
3783 4398 3975 4466 τέχνην
4031 4402 4175 4467 νικᾷ,

2553 4930 2995 5004 ὑπερεντυγχάνει
3091 4925 3363 4991 διηνεκῶς.
3454 4928 3664 5002 ’Δγίους
3750 4950 3803 4984 τε
3861 4937 3950 4984 καὶ
4017 4933 4176 5004 ἁγίας

2554 5017 2956 5092 ἀνελογισάμην,
2987 5020 3061 5081 οἷς
3090 5025 3179 5072 καὶ
3232 5016 3364 5092 τῇδε
3414 5022 3581 5095 χάρις
3633 5022 3714 5072 ὅτι
3769 5027 3992 5093 μεγίστη
4045 5027 4178 5098 πρὸς

2550 5116 2640 5161 τοῦ
2695 5107 2742 5160 ἐν
2801 5109 3038 5183 οὐρανοῖς
3081 5105 3405 5172 δοξάσαντος
3465 5105 3705 5182 δίδοται,
3773 5112 3839 5171 ὡς
3891 5117 3981 5164 καὶ
4027 5114 4179 5188 θερα-

2550 5200 2720 5251 πεύειν
2775 5197 3033 5258 ἀνήκεστα
3085 5203 3174 5251 καὶ
3241 5198 3423 5251 ἰᾶσθαι
3464 5197 3658 5251 ἀνίατα
3723 5196 3986 5254 δύνασθαι
4031 5222 4043 5235 ο
4077 5208 4180 5260 Δη-

2549 5291 2770 5360 μήτριόν
2817 5308 2951 5361 φημι
2975 5291 3063 5340 τὸν
3106 5287 3156 5340 ἐν
3213 5291 3448 5363 μάρτυσι
3509 5284 3814 5354 διαϐόητον,
3873 5295 3960 5342 τόν
4003 5293 4180 5367 ἱεράρ-

2549 5398 2656 5450 χην
2684 5381 2847 5451 μέγαν
2886 5378 3161 5442 Νικόλαον,
3220 5374 3419 5431 Εὖπλον
3488 5381 3573 5431 τὸν
3625 5377 3885 5432 πολύτλαν
3937 5385 4026 5433 καὶ
4080 5389 4177 5434 τοῦ

2549 5467 2869 5540 Εύαγγελίου
2893 5477 2965 5541 τῷ
3019 5472 3126 5520 ὄντι
3183 5463 3425 5521 διάκονον
3483 5489 3500 5502 ο
3557 5467 3642 5522 ἐπὶ
3698 5465 3758 5522 δὲ
3823 5472 4026 5532 τούτοις
4084 5476 4177 5524 καὶ

2547 5561 2678 5632 μετά
2714 5561 2912 5612 τούτων
2958 5562 3052 5618 τὴν
3083 5559 3233 5611 ὁσίαν
3272 5561 3468 5618 ταύτην
3526 5563 3616 5611 καὶ
3681 5562 3944 5634 μάρτυρα,
4007 5557 4065 5621 ἧς
4119 5559 4174 5614 ἐν

2545 5652 2784 5720 γειτόνων
2812 5650 2880 5701 ὢν
2926 5656 2987 5721 τῇ
3043 5656 3204 5725 σορῷ,
3263 5651 3357 5710 τὰς
3397 5650 3657 5726 ὁσημέραι
3722 5669 3778 5702 τε
3819 5655 3910 5703 καὶ
3965 5650 4171 5725 όσῶραι

2549 5741 2968 5817 θαυματουργίας
3026 5742 3110 5795 ἐπὶ
3178 5736 3416 5796 τοιοῖσδέ
3474 5759 3615 5795 τισιν
3673 5740 4032 5816 ἰπυνθανόμην
4087 5761 4172 5797 τε·
