4484 6446
271 377 376 431 933

1612 373 1679 429 ΙΝ
1722 375 1778 430 8.
1818 372 2294 431 THEODOSIAM.

3538 378 3649 432 934

271 498 520 569 λουμένας
542 500 631 548 καί
669 500 902 568 χείροσι.
956 502 1078 557 Τοῖς
1129 496 1216 548 οὖν
1273 496 1469 569 ἱατροις
1518 497 1711 549 αύτίκοι
1752 503 1876 569 χαί.
1908 503 1953 552 Α
1991 514 2042 569 0]

1908 503 1953 552 Α
1991 499 2339 569 episcopum
2366 498 2694 554 Nicolaum.
2729 504 2785 554 et
2816 499 3067 571 Euplum
3107 499 3222 571 (l3)
3271 502 3352 554 tot
3402 503 3651 571 tamque

274 605 379 660 ρειν
436 590 527 637 καί
590 585 768 646 αὐτοῖς
821 586 1109 658 φαρμάκοις
1176 585 1329 637 εἰπὼν
1404 590 1619 647 τούτους
1691 593 1879 659 μόνους

275 674 481 748 πρύστῆ
495 676 666 745 σάμην
695 683 784 734 τῆς
808 679 963 725 νόσου
997 676 1333 748 θεραπευτάς,

1996 586 2215 641 acerba
2235 587 2547 657 quondam
2584 587 2686 641 Dei
2717 604 2899 642 causa
2934 603 3310 659 perpessum,
3363 604 3433 643 ac
3501 588 3653 643 sacri

1988 677 2288 745 Evangelii
2336 678 2715 732 verissimum
2772 678 3118 733 diaconum.
3177 678 3393 733 Praeter
3441 678 3553 733 hos
3598 682 3655 733 et

276 778 417 819 cum
444 764 606 818 hisce
635 768 901 819 sanctam
936 761 1099 818 illam
1115 770 1463 835 martyrem,
1492 779 1526 819 a
1552 765 1724 835 cujus
1756 763 1984 820 tumulo
2010 764 2173 820 haud
2196 765 2373 834 longe
2394 765 3122 837 commorabar,qua9que
3147 766 3450 837 perpetuis
3466 766 3652 822 acad-

277 851 571 908 mirandis
601 867 723 907 non
746 850 930 906 modo
958 851 1019 906 in
1049 850 1197 917 dies,
1230 868 1437 908 verum
1471 854 1650 908 etiam
1677 854 1737 908 in
1768 853 1948 908 horas
1974 853 2277 925 operibus,
2341 868 2464 909 non
2509 855 2627 909 mei
2673 860 2910 909 tantum
2961 855 3182 910 similes
3228 854 3497 921 morbos,
3550 854 3655 909 sed

277 940 457 1013 longe
487 940 667 997 etiam
699 941 1007 1010 graviores
1036 939 1333 1012 depellere
1364 946 1577 1013 potest,
1611 942 1669 996 in
1700 941 1988 998 auxilium
2018 943 2245 999 vocavi.
2290 942 2653 999 Medicorum
2711 944 2912 1016 itaque
2956 949 3012 1000 et
3036 944 3507 1016 pharmacorum
3541 959 3655 1016 ope

279 1029 482 1085 valere
508 1030 701 1100 jussa,
722 1028 906 1085 hosce
938 1027 1138 1085 solum
1168 1030 1385 1086 morbo
1407 1034 1708 1086 curatores
1730 1030 2168 1103 proponebam.

353 1117 461 1192 μγ’·
521 1125 635 1179 Πῶς
683 1122 858 1171 τοίνυν
913 1123 1269 1193 παραστήσω,
1316 1128 1422 1181 πῶς
1484 1124 1569 1173 τὸν
1629 1120 1783 1188 ἔλεον,
1840 1120 1892 1172 ὃν

284 1204 572 1271 ἕνεδείξατό
605 1227 695 1280 μοι
723 1214 796 1278 τῷ
828 1206 1028 1281 ἀχρείῳ
1049 1211 1236 1260 τούτου
1272 1205 1443 1280 δούλῳ
1474 1213 1605 1271 Θεὸς
1644 1205 1739 1261 διὰ
1793 1217 1893 1262 τῶν

286 1296 709 1369 εύηρεστηκότῶν
740 1294 900 1367 αύτῷ,
950 1291 1044 1348 διὰ
1101 1294 1329 1369 βραχέος
1386 1296 1502 1371 ipa»:
1570 1302 1788 1371 Χρόνοις
1846 1298 1893 1350 ἐν

288 1384 481 1456 ὀλίγοις
543 1384 931 1460 ἐξαρθρωθῆναι
1004 1382 1367 1458 προσδόκιμος
1446 1386 1535 1454 ὢν,
1618 1387 1894 1448 πλείστους

288 1470 397 1533 ἤδη
441 1473 772 1549 παρημειψα,
831 1478 920 1527 καί
978 1471 1224 1549 διαρτίας
1271 1474 1324 1527 εὖ
1379 1477 1514 1546 ἔχων
1568 1476 1750 1548 μελῶν,
1806 1480 1895 1528 καί

292 1560 507 1635 βαδίζω
564 1564 633 1624 ὠς
685 1564 767 1615 ὅτε
828 1559 887 1620 ἦν
945 1562 1236 1624 εἰκοσιετης
1313 1560 1581 1632 ἐϐάδιζον,
1636 1568 1725 1617 καί
1807 1584 1895 1636 μοι

290 1652 565 1725 ἱλευθέρως
591 1656 646 1705 αἱ
675 1659 867 1727 χεῖρες,
912 1654 1032 1725 ὅμοι
1089 1673 1143 1706 τε
1196 1651 1453 1726 βουλητὸν
1508 1654 1639 1727 ἐμοί,
1691 1659 1782 1707 καί
1836 1658 1894 1706 τὸ

288 1740 527 1812 ψυχικὸν
575 1747 778 1813 πνεῦμα
833 1748 981 1807 κινεῖ,
1038 1746 1273 1813 φέρονταί
1324 1761 1377 1795 τε
1429 1747 1519 1793 καὶ
1588 1747 1893 1816 μεταφέρον-

288 1848 395 1883 ται.
450 1831 668 1883 Τοιαῡθ⁹
723 1830 917 1903 ὁρῶμεν
979 1837 1041 1902 τῇ
1103 1835 1253 1903 Ἀγίᾳ
1317 1830 1613 1903 τελούμενα,
1692 1833 1895 1885 τοιαῦθ’

2068 1124 2157 1177 43.
2187 1122 2355 1176 Nunc
2386 1137 2525 1177 vero
2549 1136 2675 1194 qua
2701 1122 2930 1178 ratione
2962 1122 3289 1178 edisseram
3343 1137 3479 1193 quae
3526 1126 3659 1178 acta

2002 1216 2141 1266 sunt
2163 1211 2191 1259 ‘?
2219 1226 2342 1283 quo
2370 1210 2553 1266 modo
2580 1211 3075 1280 misericordiam,
3098 1227 3286 1283 quam
3312 1210 3461 1266 mihi
3486 1226 3658 1268 servo

2001 1317 2109 1356 suo
2136 1300 2349 1365 inutili,
2364 1316 2471 1373 per
2488 1306 2729 1357 sanctos
2752 1316 2893 1356 suos
2916 1300 3072 1357 Deus
3086 1300 3383 1373 praestitit,
3404 1300 3661 1357 breviter

2002 1394 2209 1462 potero
2222 1390 2519 1462 explicare
2536 1390 2564 1445 ?
2592 1389 2688 1445 Ille
2710 1405 2843 1459 ego,
2859 1390 2964 1462 qui
2991 1389 3175 1462 paulo
3195 1395 3336 1445 ante
3369 1390 3658 1446 membris

2001 1478 2285 1534 omnibus
2317 1494 2423 1550 per
2447 1477 2756 1550 paralysin
2786 1477 3035 1535 videbar
3056 1477 3506 1547 dissolvendus,
3530 1479 3659 1549 jam

2002 1565 2202 1638 plures
2234 1566 2495 1635 transegi
2517 1581 2729 1631 annos,
2763 1569 2820 1621 et
2853 1570 2976 1621 toto
2998 1581 3249 1638 corpore
3278 1565 3457 1622 firma
3501 1582 3660 1622 com-

2003 1670 2157 1726 page
2181 1660 2352 1710 utens
2384 1655 2468 1709 sic
2498 1654 2714 1709 incedo
2743 1660 2808 1709 ut
2840 1654 3199 1711 incedebam
3257 1670 3395 1710 cum
3452 1655 3662 1725 viginti

2004 1743 2299 1799 duntaxat
2340 1758 2640 1799 annorum
2685 1759 2902 1799 essem:
2956 1760 3177 1799 manus
3227 1759 3474 1815 quoque
3514 1743 3662 1799 mihi

2004 1832 2274 1888 feruntur
2293 1832 2475 1887 libere
2511 1831 3041 1898 ettransferuntur,
3065 1848 3431 1904 quocunque
3455 1833 3663 1888 animo

290 1921 546 1993 ὁσημέραι
613 1922 1109 1994 τερατουργούμενα.
1164 1925 1226 1973 Τί
1271 1928 1397 1991 γοῦν
1448 1918 1514 1979 δὴ
1581 1925 1647 1973 τὰ
1734 1922 1893 1974 πάλαι
1934 1958 1977 2013 Β
2009 1938 2061 1977 ϐ(

1934 1958 1977 2013 Β
2009 1921 2336 2013 collibitum
2366 1927 2472 2013 est,
2507 1927 2609 2013 aut
2638 1921 2834 1977 vitalis
2862 1921 3423 2013 spiritushimpellit.
3478 1924 3665 2013 :I‘anta

289 2009 669 2081 καταλέγειν,ἡ
720 2006 1078 2084 παραδιδόναι
1134 2013 1200 2062 τά
1257 2010 1333 2082 ἐφ’
1383 2014 1527 2081 ἡμῶν
1582 2020 1889 2087 σμγγραγῇ;

290 2095 557 2172 μηδεμίαν
618 2107 720 2151 σῶν
781 2097 1143 2172 λαμϐανόντων
1215 2096 1472 2171 διέχειαν,
1528 2103 1772 2173 κυμάτων
1847 2121 1901 2158 τε

293 2185 451 2247 δίκην
483 2191 647 2263 ἕτερον
693 2187 867 2263 ἑτέρου
920 2188 1425 2261 καταλαμϐάνοντος·
1494 2195 1584 2242 καί
1637 2193 1738 2263 γάρ
1790 2211 1902 2253 πως

292 2276 662 2351 παραπλήσιον
693 2276 753 2329 ἂν
814 2279 998 2330 παθεῖν
1052 2274 1247 2340 δόξειεν
1313 2279 1339 2330 ὁ
1369 2286 1532 2330 ταῦτα
1585 2282 1899 2351 συγγράφειν

294 2373 606 2442 πειρώμενος
656 2373 766 2429 τοῖς
830 2367 910 2419 ἐπ’
969 2367 1234 2442 ἀφροσύνῃ
1296 2365 1599 2429 διαϐοήτοις
1662 2368 1896 2435 ἐκείνοις,

295 2455 364 2507 ὧν
393 2458 443 2508 οἱ
470 2458 557 2528 μεν
592 2455 826 2530 ἀριθμεῖν
853 2459 1211 2531 προήχθησαν
1254 2459 1482 2530 κύματα,
1545 2462 1594 2509 οἱ
1643 2453 1691 2510 δ’
1750 2456 1901 2509 ἀστέ-

294 2566 409 2621 ρας,
441 2548 489 2598 οἱ
516 2542 568 2598 δ’
624 2545 759 2599 ἄλλω
815 2550 917 2599 τινί
964 2554 1065 2598 τῶν
1120 2543 1391 2599 ἀδυνάτων
1446 2546 1898 2620 ἐπιχειρήσαντες

296 2634 582 2706 ἐνεπαίχθη
592 2655 708 2688 σαν·

2007 2010 2284 2065 videmus
2304 2008 2491 2065 ﬁeria
2533 2011 2749 2065 Sancta
2807 2015 2864 2065 et
2917 2009 3184 2082 quotidie
3236 2009 3667 2065 admirabiliter

2007 2098 2229 2172 perﬁci.
2262 2100 2373 2155 Sed
2395 2098 2541 2171 quid
2563 2098 2772 2154 attinet
2799 2104 2997 2154 vetera
3028 2114 3530 2165 commemorare,
3563 2103 3668 2156 aut

2008 2202 2081 2244 ea
2110 2203 2245 2259 quae
2268 2188 2327 2242 in
2359 2188 2533 2243 nobis
2555 2203 2716 2243 nunc
2765 2188 3121 2257 contingunt
3170 2188 3390 2259 scripto
3432 2190 3666 2245 tradere

2011 2292 2138 2332 cum
2175 2276 2400 2332 nullam
2433 2276 2564 2348 ipsa
2591 2276 2704 2331 sibi
2731 2276 3125 2333 cessationem
3155 2275 3527 2346 indulgeant,
3560 2276 3667 2333 sed

2012 2366 2095 2420 uti
2124 2364 2341 2421 ﬂuctus
2366 2364 2637 2431 ﬂuctum,
2671 2366 2752 2420 sic
2772 2365 2934 2421 aliud
2957 2365 3210 2421 alterum
3233 2366 3666 2438 consequeudo

2011 2455 2265 2527 excipiat
2292 2454 2321 2510 ?
2354 2455 2577 2510 Etenim
2611 2458 2715 2527 qui
2745 2454 2841 2510 illa
2872 2455 3077 2511 omnia
3122 2455 3441 2527 scriptione
3493 2455 3671 2511 vellet

2012 2544 2347 2617 complecti,
2373 2545 2442 2599 iis
2473 2544 2616 2599 mihi
2652 2560 2774 2600 non
2806 2544 3040 2600 videtur
3070 2544 3305 2600 futurus
3349 2545 3669 2611 absimilis,

2011 2650 2273 2707 quorum
2302 2633 2401 2689 alii
2442 2635 2662 2689 Ductus
2694 2635 2896 2700 maris,
2931 2633 3130 2689 stellas
3185 2633 3283 2689 alii
3328 2650 3667 2705 numerare,

297 2724 573 2782 nonnulli
594 2725 759 2781 aliud
788 2726 988 2782 nescio
1027 2725 1174 2798 quid
1205 2741 1279 2783 ex
1302 2725 1372 2782 iis
1401 2742 1537 2799 quae
1563 2726 1691 2783 ﬁeri
1725 2729 2032 2797 nequeunt
2069 2739 2193 2780 non
2247 2722 2376 2778 sine
2426 2721 2666 2778 stultitia
2720 2722 3003 2795 perﬁcere
3052 2723 3343 2793 aggressi,
3384 2723 3670 2780 omnibus

304 2830 370 2871 se
400 2813 685 2872 ridendos
715 2814 1121 2888 prmbuerunt.

1786 2990 2075 3049 EPILOG
2086 2990 2189 3049 US.

374 3168 484 3244 μδ’.
547 3170 685 3223 Ἀλλ’
740 3172 863 3246 ὅπερ
916 3173 1059 3243 ἔφην,
1117 3174 1170 3223 τί
1221 3190 1281 3242 γε
1340 3166 1455 3223 δίον
1523 3172 1664 3243 ἡμᾶς
1740 3178 1905 3225 ποιεῖν
1950 3171 1989 3226 C

299 3258 505 3313 τοιαῦθ’
545 3262 794 3335 ὁρῶντας,
849 3263 1094 3312 τοιούτων
1142 3262 1268 3333 παρ’
1320 3259 1476 3321 αύτῆς
1531 3259 1905 3328 ἀπολαύοντας

301 3354 515 3424 Χαίρειν
576 3353 668 3422 μεν
718 3351 893 3422 χαρὰν
964 3351 1150 3416 ἔνθεον,
1209 3348 1428 3424 πρέσϐιν
1509 3345 1568 3402 δὲ
1642 3352 1910 3403 ποιεῖσθαι

300 3442 434 3513 πρὸς
479 3441 688 3512 Κύριον,
720 3443 810 3491 καί
870 3434 1175 3502 δεξιοῦσθαι
1238 3442 1327 3511 μεν
1385 3438 1452 3499 εἰς
1518 3434 1739 3511 δύναμιν
1798 3440 1911 3492 ἔκα-

305 3546 450 3597 στον,
492 3530 782 3602 προστάτιν
847 3524 896 3580 δ’
959 3526 1287 3600 ἀφιλονείκως
1387 3524 1654 3581 ὶδιοῦσθαι
1743 3531 1914 3582 πάντα

301 3622 392 3669 καί
422 3618 839 3690 σφετερίζεσθαι·
877 3621 977 3669 Καί
1007 3616 1149 3689 μάλα
1206 3620 1307 3691 γὰρ
1370 3617 1598 3679 εἰκότως·
1658 3624 1744 3670 ἵνα
1806 3621 1909 3691 γὰρ

304 3705 443 3758 ἐάσω
480 3708 547 3758 τὰ
585 3711 800 3778 κρείττω
848 3710 939 3758 καί
997 3706 1313 3780 ὑψηλότερα,
1367 3706 1433 3757 ὧν
1482 3709 1610 3782 παρ’
1664 3707 1827 3767 αὐτῆς
1878 3708 1908 3767 ἡ

306 3790 380 3847 δι’
412 3795 575 3856 αὐτῆς
605 3794 942 3868 ἀπελαύομεν,
974 3797 1099 3870 ύπὶρ
1142 3797 1287 3867 ἡμῶν
1346 3795 1416 3857 εἰς
1471 3791 1643 3848 ἀίδιον
1703 3816 1913 3869 τυγχα-

304 3887 493 3946 νούσης
549 3892 684 3957 Θεῷ,
739 3890 830 3937 καί
875 3884 1228 3958 ἑξιλεουμένης
1292 3888 1468 3957 συχνά
1548 3885 1914 3959 πλημμελοῦσι

305 3980 397 4027 καί
428 3974 867 4050 παροργίζουσιν.
913 3973 1045 4027 Ἀλλ’
1115 3973 1253 4050 εἰπερ
1314 3975 1488 4047 ἰατρὸν
1545 3973 1786 4044 ἀνιάτων,
1837 3996 1915 4029 νο-

309 4065 556 4136 σημάτων
614 4068 766 4137 μόνον
835 4063 1103 4136 ηύχουμεν
1193 4064 1378 4134 αὐτὴν,
1468 4070 1669 4127 πόσους
1749 4066 1915 4139 ἐχρῆν

308 4155 439 4213 αύτῆ
474 4153 890 4207 καταϐάλλεσθαι
941 4157 1060 4215 τούς
1107 4155 1346 4227 μισθούς;
1420 4158 1591 4215 πόσης
1650 4174 1710 4226 γε
1758 4163 1915 4228 τιμῆς

307 4244 485 4307 ἀξιοῦν
540 4246 679 4297 Ἐπεί
740 4240 798 4296 δὲ
853 4248 942 4295 καί
999 4246 1253 4315 σωμάτων
1322 4248 1507 4305 νόσους
1592 4244 1755 4316 ἰᾶται,
1826 4250 1917 4297 καί

300 4334 495 4405 ψυχῶν
530 4335 798 4409 θεραπεύει
828 4338 1127 4406 νοσήματα,
1183 4332 1273 4405 ἆγε
1333 4329 1400 4391 δὴ
1462 4333 1530 4394 ὡς
1586 4333 1748 4406 ἰσχύς
1800 4335 1917 4387 ἕκα.

303 4443 428 4486 στος
456 4422 773 4477 ἀποτιννύτω
815 4423 927 4496 μετ’
976 4422 1372 4495 εὐγνωμοσύνης
1425 4426 1483 4475 τὸ
1538 4424 1764 4497 ὄφλημα,
1828 4425 1917 4478 καί

300 4517 429 4586 πρὸς
460 4513 596 4566 ἅπαν
636 4515 802 4575 πάθος
833 4512 1193 4571 ἐπικεκλῆσθω
1219 4519 1308 4565 καί
1349 4533 1579 4585 νοσημα.

2091 3173 2177 3226 44.
2197 3172 2425 3239 Verum,
2441 3167 2605 3241 quod
2624 3168 2753 3239 jam
2778 3171 2915 3223 ante
2937 3181 3180 3240 quoque
3203 3165 3504 3235 dicebam,
3528 3165 3677 3239 quid

2019 3277 2130 3317 nos
2165 3259 2412 3316 tandem
2460 3275 2570 3331 par
2614 3262 2702 3314 est
2743 3258 2962 3328 facere,
3018 3256 3122 3328 qui
3166 3260 3331 3312 tanta
3375 3256 3675 3324 videmus,

2020 3355 2187 3407 tanta
2233 3349 2579 3422 accepimus
2616 3364 2723 3421 per
2764 3350 3047 3405 Sanctam
3077 3345 3373 3402 beneﬁcia
3402 3347 3429 3402 ?
3473 3346 3680 3403 laetitia

2021 3441 2227 3513 utique
2258 3438 2528 3495 maxima
2562 3438 2883 3506 exsultare,
2933 3435 3343 3492 mediatricem
3391 3435 3678 3492 adhibere

2022 3529 2187 3603 apud
2225 3529 2567 3595 Dominum,
2595 3543 2732 3583 cum
2767 3526 3096 3597 gratiarum
3129 3524 3363 3581 actione
3409 3525 3680 3598 excipere

2023 3617 2280 3689 singula,
2326 3622 2644 3690 patronam
2694 3616 2753 3672 in
2804 3615 3089 3671 omnibus
3134 3614 3260 3670 sine
3304 3614 3682 3671 cunctatione

2024 3724 2325 3766 accersere
2354 3712 2410 3763 et
2433 3706 2607 3763 nobis
2630 3705 2937 3763 vindicare
2963 3704 3278 3773 debemus;
3320 3704 3504 3777 idque
3553 3720 3681 3761 ma-

2024 3814 2145 3869 gna
2173 3813 2312 3854 cum
2335 3797 2585 3853 ratione.
2620 3797 2773 3851 Nam
2800 3798 2863 3851 ut
2893 3794 3124 3866 optima
3143 3809 3401 3867 quaeque
3437 3798 3492 3849 et
3535 3809 3685 3865 pree-

2025 3888 2415 3954 stantissima,
2452 3903 2589 3959 quae
2622 3886 2700 3942 ab
2751 3902 2822 3942 ea
2867 3889 2923 3941 et
2974 3900 3081 3957 per
3130 3900 3266 3940 eam
3313 3883 3682 3956 accepimus,

2024 3978 2297 4035 omittam
2316 3977 2601 4049 proferre;
2618 3973 2880 4031 assiduis
2892 3973 2991 4030 illa
3004 3976 3193 4029 Deum
3239 3972 3688 4045 supplicationi-

2023 4068 2139 4125 bus
2169 4067 2379 4135 fatigat
2405 4073 2612 4122 nostra
2632 4079 2837 4131 causa,
2856 4063 3162 4135 nostrique
3184 4078 3320 4119 eam
3342 4078 3567 4133 magna
3593 4080 3688 4119 ca-

2024 4158 2110 4231 pit
2133 4156 2455 4223 miseratio,
2477 4154 2581 4227 qui
2610 4153 2809 4209 multis
2853 4152 3004 4208 adeo
3024 4151 3252 4208 delictis
3265 4152 3535 4207 divinam
3562 4169 3686 4209 ma-

2021 4248 2295 4318 jestatem
2321 4244 2400 4301 ad
2438 4243 2823 4299 irascendum
2851 4240 3028 4297 nobis
3070 4256 3491 4313 provocamus.
3515 4240 3689 4306 Quod

2027 4335 2074 4390 si
2100 4333 2399 4391 medicam
2424 4332 2551 4403 ejus
2586 4331 2768 4387 solius
2795 4346 3048 4386 manum
3073 4330 3132 4385 in
3161 4328 3392 4385 morbis
3415 4329 3692 4400 gravissi-

2025 4425 2140 4480 mis
2170 4428 2225 4479 et
2246 4422 2642 4495 imploremus
2670 4425 2726 4476 et
2756 4420 3111 4484 sentiamus,
3144 4423 3439 4491 quantam
3465 4418 3548 4473 illi
3584 4434 3693 4489 pu-

2025 4514 2160 4571 tatis
2200 4511 2540 4569 mercedem
2557 4527 2689 4567 esse
2724 4509 3101 4567 reddendam
3119 4509 3146 4564 ?
3164 4511 3314 4565 Cum
3337 4513 3540 4565 autem
3570 4522 3694 4566 non

301 4619 628 4676 corporum
660 4607 892 4659 tantum
925 4603 1237 4659 medeatur
1259 4602 1739 4674 infirmitatibus,
1770 4606 1876 4662 sed
1906 4605 2249 4662 animorum
2280 4618 2524 4674 quoque
2547 4600 2795 4656 morbos
2829 4598 3032 4655 tollere
3052 4614 3176 4655 non
3208 4602 3420 4660 cesset,
3444 4598 3557 4667 eia,
3584 4614 3695 4670 pro

303 4693 431 4748 suis
446 4692 702 4765 quisque
718 4692 942 4747 viribus
957 4690 1220 4747 debitum
1236 4709 1363 4747 cum
1378 4692 1739 4762 gratitudine
1754 4692 2141 4767 persolvat,et
2154 4692 2345 4765 ipsam
2360 4691 2655 4746 adversus
2668 4689 2828 4746 mala
2840 4688 3048 4745 omnia
3059 4688 3420 4761 morbosque
3434 4687 3693 4754 invocet,

375 4780 467 4855 με’.
520 4788 586 4833 '0
644 4778 711 4841 δὴ
767 4780 912 4853 κάγὼ
968 4788 1133 4833 ποιεῖν
1183 4781 1395 4849 εἰωθώς,
1464 4782 1558 4833 οὐκ
1617 4782 1753 4837 ἐάσω
1836 4787 1907 4858 μὴ
1952 4785 1994 4839 D

300 4878 528 4930 ποιῆσαι
566 4875 655 4923 καί
711 4878 799 4923 νῦν
849 4870 921 4933 εἰς
969 4870 1206 4930 ἐπήκοον·
1269 4869 1375 4923 ἀλλ’
1431 4872 1557 4947 ὑπὲρ
1648 4873 1771 4946 ἐμοῦ
1860 4894 1913 4927 τε

301 4966 398 5020 τὴν
432 4962 697 5033 ἱκετηρίαν
748 4964 837 5013 καί
864 4969 964 5012 τῶν
1014 4959 1148 5033 ἐμῶν
1205 4962 1432 5033 θέμενος,
1498 4963 1658 5015 τύπον
1715 4962 1915 5039 ὠσπερ·

303 5056 347 5104 εἰ
396 5047 553 5104 δώσω
611 5053 676 5103 τὰ
733 5050 1081 5123 παραπλήσια
1124 5049 1383 5127 λιπαρεῖν,
1463 5056 1552 5103 καί
1636 5054 1703 5105 τά
1785 5053 1916 5106 αύτά

304 5138 570 5198 δήπουθεν
632 5146 725 5199 τὴν
789 5140 966 5213 Ἀγίαν
1011 5136 1295 5194 δυσωπειν·
1359 5140 1420 5195 Ἠ
1475 5146 1565 5194 καί
1625 5150 1779 5216 σῶμα
1828 5151 1919 5199 καί

302 5230 493 5302 ψυχὴν
546 5231 602 5283 ἐκ
654 5226 851 5292 παιδὸς
918 5232 1247 5303 παραθεμένη
1309 5237 1423 5303 Θεῷ
1481 5237 1570 5285 καί
1631 5241 1784 5305 σῶμα
1828 5237 1917 5306 μέν

306 5320 537 5379 ἀσκήσει
586 5326 781 5393 χρονίᾳ
832 5320 1061 5390 τήξὰσα,
1113 5320 1300 5393 ψυχὴν
1395 5318 1455 5374 δὲ
1521 5330 1619 5373 τῶν
1699 5322 1922 5377 ἐνταῦθα

303 5415 397 5463 κάί
447 5414 547 5484 πρὸ
602 5406 898 5472 διαλύσεως
962 5414 1367 5482 μεταστήσασα,
1429 5416 1519 5464 καί
1573 5411 1710 5474 τέλος
1768 5413 1922 5487 ἄμφω

303 5504 584 5575 προεμένη,
618 5503 708 5551 καί
737 5507 830 5552 τοῦ
878 5496 1102 5572 μηδενός
1158 5498 1282 5565 ἆξια
1329 5504 1575 5577 κρίνασα,
1634 5501 1762 5576 ὑπὲρ
1830 5509 1922 5554 τοῦ

2098 4789 2185 4839 45.
2212 4780 2382 4848 Quod
2405 4779 2553 4836 dum
2577 4796 2688 4850 ego
2718 4794 3036 4851 nunquam
3073 4793 3195 4833 non
3227 4776 3419 4833 facere
3454 4776 3570 4832 sim
3604 4792 3695 4833 so-

2024 4872 2182 4937 litus,
2216 4886 2377 4927 nunc
2402 4885 2645 4943 quoque
2670 4884 2793 4925 non
2815 4867 3091 4924 omittam
3125 4866 3188 4923 id
3238 4867 3441 4939 ipsum
3495 4880 3693 4937 agere:

2027 4962 2133 5019 sed
2158 4978 2271 5035 pro
2308 4977 2403 5018 me
2431 4961 2703 5033 meisque
2720 4959 3188 5033 supplicationes
3206 4958 3543 5024 instituens,
3568 4957 3698 5014 aliis

2027 5068 2273 5126 quoque
2299 5052 2563 5108 formam
2595 5049 2991 5124 praescribam
3024 5047 3241 5104 similia
3266 5064 3377 5120 pro
3413 5064 3474 5104 se
3523 5047 3700 5104 obse-

2037 5141 2271 5211 crandi,
2305 5140 2642 5213 eademque
2674 5138 2989 5210 ﬂagitandi
3020 5154 3056 5195 a
3096 5139 3347 5206 Sancta;
3399 5138 3442 5195 Ο
3492 5154 3629 5210 quae
3664 5152 3701 5194 a

2030 5231 2246 5305 primis
2275 5230 2467 5287 aetatis
2500 5235 2614 5286 tute
2654 5229 2833 5285 annis
2863 5226 3297 5301 corpusculum
3352 5231 3524 5284 tuum
3578 5229 3699 5284 Deo

2029 5321 2264 5379 voluisti
2292 5336 2421 5378 esse
2449 5336 2708 5387 sacrum,
2740 5323 2796 5375 et
2838 5318 2953 5374 hoc
3001 5317 3248 5391 quidem
3305 5316 3703 5375 extenuavisti

2032 5411 2454 5469 exercitatione
2471 5410 2785 5477 diuturna;
2811 5408 3086 5465 animum
3114 5412 3337 5474 autem,
3362 5412 3500 5464 ante
3521 5406 3703 5463 etiam

2035 5518 2223 5575 quam
2251 5517 2323 5557 ex
2352 5500 2466 5557 hac
2492 5500 2613 5556 vita
2628 5499 2932 5571 migraret,
2956 5512 2993 5553 a
3014 5496 3197 5554 rebus
3223 5497 3511 5554 omnibus
3539 5512 3707 5554 crea-

377 5716 493 5786 (13)
525 5715 811 5773 Coluntur
837 5717 892 5773 S.
927 5716 1259 5774 Demetrius
1280 5720 1312 5774 8
1344 5716 1637 5787 Octobris,
1665 5720 1721 5777 S.
1746 5718 2021 5777 Nicotaus
2055 5723 2112 5774 11
2142 5717 2525 5787 Novembris,
2554 5718 2614 5775 S.
2642 5714 2866 5789 Euplus
2896 5716 2962 5772 12
2984 5715 3265 5786 Augusti.
