4484 6446
829 383 935 441 939

831 507 1060 579 καθαρὸν
1091 508 1236 576 πόμα
1276 506 1580 575 συμμέτρως

828 576 1069 651 πρόϐατα
1096 582 1249 629 τανῦν
1290 582 1546 645 σκιρτῶσι

832 648 1060 721 κροκάλῂ
1071 666 1125 698 σι
1164 650 1454 721 χαριέντως
1497 685 1509 696 .

833 718 987 792 ἀρνία
1026 718 1229 792 σκαίρει
1245 718 1253 721 ’
1260 718 1496 792 μητράσι

831 787 1069 863 χλοεροῖς
1099 787 1349 862 ἀρούραις
1369 787 1508 910 ’ἄορτι
1532 807 1545 820 ο

905 863 1125 910 Δονικοὶ
1149 863 1251 910 νέοι
1283 878 1369 910 ιιοι
1449 865 1545 910 εὐτε

905 863 1125 932 Λογικοὶ
1149 863 1251 911 νέοι
1280 878 1369 932 μοι
1410 863 1577 923 δεῦτε,

832 933 979 1003 ἔαρος
1016 933 1218 1003 καιρρς,
1254 936 1499 1003 σκιρτᾷτε
1533 950 1544 961 ·

833 1004 860 1074 6
882 997 1047 1074 αῖμων
1066 997 1195 1074 ’ἤδη
1244 997 1510 1074 τνρίσδιι,

831 1072 922 1145 ἔαρ
931 1066 1033 1125 ίνὸν
1059 1066 1207 1145 ᾆσμα
1226 1066 1434 1145 μέλπει,

834 1092 892 1125 τα
931 1092 1033 1125 ινον
1059 1092 1207 1144 ασμα
1235 1092 1434 1143 μελπει,

834 1092 1178 1219 θαλεροῖςηξπι
1211 1143 1455 1219 ῥείθροις,

831 1213 1061 1288 σκιιραῖς
1096 1214 1181 1267 ἐπὶ
1200 1213 1488 1288 -πλατά-νοις

824 1284 1122 1357 ἀνάπαυσιν
1162 1284 1450 1357 εὐτρεπίζει
1484 1303 1497 1316 ·

825 1353 1055 1430 χελιδὼν
1093 1357 1215 1430 ἄρτι
1237 1353 1441 1430 Τηρῆος

823 1427 1104 1500 καταλαλεῖ
1129 1427 1223 1500 τοῦ
1261 1427 1487 1500 φθορῆος
1520 1445 1533 1457 ·

822 1502 911 1551 τὸν
939 1497 1081 1552 Ἴτυν
1122 1493 1277 1559 ζητεῖ
1295 1493 1367 1548 δὲ’
1383 1496 1537 1549 πάλιν

819 1574 1115 1641 κασιγνήτη
1148 1571 1312 1641 ταύτῃ
1357 1563 1566 1641 σφόδρα
1593 1586 1606 1599 ·

819 1642 847 1693 6
888 1637 996 1695 Πᾶν
1021 1647 1116 1711 τῆς
1148 1637 1355 1711 Ἠχοῦς
1377 1637 1535 1711 ἐράει,

820 1713 847 1764 ὁ
876 1710 1099 1781 Κύκλωψ
1137 1708 1247 1769 τῆν
1271 1708 1568 1781 Γαλατείας,

814 1776 1107 1842 Ἀδώνιδος
1151 1776 1437 1854 Ἀφροδίτη
1449 1820 1461 1833 .

892 1857 1115 1925 Λογικοὶ
1154 1847 1259 1905 νέοι
1282 1870 1372 1924 μοι
1402 1847 1568 1918 δεῦτε,

820 1928 971 2001 ἔαρος
994 1927 1194 2010 καιρὸς,
1231 1929 1476 2045 σκῗτατε
1516 1943 1530 1955 ·

820 1998 1043 2045 ’νιοάνων
1083 1999 1241 2045 εσιιός
1278 2014 1310 2045 κ
1344 1993 1530 2045 α’νσνάζι

816 1993 1043 2069 ⁸εράνων
1083 1993 1241 2068 ἑσμὸς
1278 1993 1567 2064 κλαγγάζιι
1591 2012 1604 2025 ·

816 2020 1000 2121 λιγέως
1022 2063 1095 2119 ἄδ
1098 2086 1140 2119 ει
1170 2071 1259 2118 καὶ
1279 2068 1460 2121 κύκνος

852 2063 1000 2140 ιίγέως
1022 2063 1154 2138 ᾄδει⁷
1170 2071 1259 2118 καὶ
1279 2063 1460 2140 κύκνος

815 2138 1004 2213 πτερὸν
1032 2140 1169 2198 ἀνεὶς
1197 2145 1270 2207 τῷ
1297 2138 1561 2213 Ζεφύρῳμο

815 2206 1069 2271 κυκκύζιι
1102 2206 1256 2263 τανῦν
1285 2210 1312 2261 ό
1351 2206 1547 2270 κόκκυξ

812 2340 1183 2397 creationem
1228 2331 1443 2407 quaerit
1487 2331 1619 2403 jam
1656 2328 1920 2386 hirundo
1976 2334 2184 2385 contra
2235 2331 2484 2385 Tereum

810 2430 1223 2501 corruptorem
1252 2422 1539 2497 queritur,
1575 2436 1743 2477 soror
1793 2424 1997 2475 autem
2046 2420 2198 2492 Itym
2239 2418 2480 2476 sollicite

809 2516 1043 2590 quierit.
1075 2514 1239 2571 Echo
1264 2516 1506 2569 amatur
1534 2526 1571 2567 a
1600 2512 1778 2576 Pane,
1831 2508 2074 2565 Galatea
2120 2524 2156 2564 a
2200 2508 2479 2581 Cyclope,

808 2607 1007 2662 Venus
1057 2604 1135 2660 ab
1192 2601 1484 2660 Adonide.
1535 2599 1773 2663 Adeste,
1816 2599 2068 2670 juvenes
2130 2598 2477 2670 prudentes.

807 2694 971 2752 Veris
997 2697 1235 2765 tempus
1263 2690 1525 2757 advenit,
1552 2687 1840 2759 'jubilate,
1875 2689 2073 2744 Coetus
2108 2702 2328 2756 gruum
2380 2702 2482 2742 vo-

810 2799 944 2841 cem
995 2782 1207 2839 emittit
1244 2784 1509 2847 acutam,
1558 2777 1733 2833 dulce
1776 2776 1939 2833 canit
1986 2776 2167 2833 etiam
2225 2791 2480 2847 cygnus,

811 2871 975 2929 alam
1003 2885 1207 2926 versus
1240 2867 1580 2939 Zephyrum
1605 2864 1927 2936 replicans.
1952 2862 2231 2921 Cucullus
2262 2862 2481 2918 vocife-

2030 376 2303 432 ARSENII
2345 376 2454 434 ΟΡ.
2492 380 2977 439 ΡΑΤΒῙΑΒΟΗΔΕ.

2423 382 2454 434 ’.
2492 380 2977 439 PATRIARCHJE.
4086 399 4194 453 940

1959 519 2011 572 εν
2051 503 2221 572 ὸρεσιν
2264 500 2553 572 ἡ-λιϐατοις,

1986 568 2206 645 λιγὺρώς
2235 568 2353 641 ᾄδει
2393 578 2479 623 καὶ
2508 578 2662 626 κίττα

1984 644 2040 692 τὸ
2069 642 2296 712 μιμηλὸν
2327 650 2480 695 τούτο
2515 648 2643 706 ζῶον
2679 668 2691 679 ·

1985 715 2335 787 καμαροφάγα
2354 721 2440 787 νῦν
2471 717 2660 783 πάντα,

1984 784 2341 856 κοτινοτράγοι
2368 784 2460 836 σύν
2496 789 2699 856 τούτοις

1984 853 2347 926 καταφωνοῦσι
2378 853 2630 926 κοιλάδας

2058 925 2277 995 Λογικοὶ
2298 931 2399 978 νέοι
2431 946 2517 997 μοι
2560 925 2730 995 δεῦτε,

1984 997 2131 1069 ἔαρος
2158 1000 2357 1070 καιρρς,
2395 1005 2636 1070 σκιρτᾶτε
2662 1021 2674 1033 ο

1981 1068 2190 1137 κύματα
2202 1068 2493 1142 ,θαλάσσης
2515 1071 2657 1142 ἄρτι,

1980 1141 2182 1209 πραέως
2201 1138 2313 1191 λίαν
2351 1138 2614 1192 κινοῦνται
2643 1138 2656 1175 ἕ

1980 1211 2124 1284 ᾅρεσι
2153 1212 2359 1284 καὶγὰρ
2391 1214 2449 1262 τὸ
2480 1216 2659 1283 πρώην

1981 1276 2190 1355 ᾆϐάτοις
2228 1276 2619 1355 παρ’ωμοιούντο
2658 1304 2670 1316 ·

1981 1350 2127 1402 ἱστία
2156 1350 2326 1404 τοίνυν
2364 1350 2616 1421 πετάσας,

1978 1422 2004 1472 6
2038 1422 2189 1473 θέλων
2215 1422 2379 1497 πλέειν
2423 1423 2684 1497 θαλάσσῃ,

1976 1495 2181 1574 μακρὰν
2219 1492 2454 1574 ἀπαίρει.⁵
2475 1498 2605 1574 πρὸς
2641 1492 2835 1571 ’κέρδος

1978 1560 2265 1637 ξιναμπέμπει
2295 1560 2385 1615 καὶ
2421 1560 2666 1637 δελφίνων

1976 1632 2150 1704 ἀγέλη
2166 1638 2256 1707 καὶ.
2293 1644 2390 1687 τῶν
2421 1632 2691 1707 πομπίλων
2704 1682 2715 1694 ,

2045 1708 2123 1757 Τὰ
2154 1702 2292 1778 ῥόδα
2319 1714 2405 1757 νῦν
2446 1702 2727 1761 ἀνακύπτιι

1973 1776 2223 1849 χαρᾼοπ-ῶς
2253 1776 2307 1828 ἐκ
2355 1786 2454 1849 τῶν
2494 1778 2751 1849 καλύκων,

1975 1845 2038 1899 τὰ
2054 1845 2202 1920 ’βάτα
2226 1856 2313 1899 νῦν
2343 1847 2614 1902 ἀναϐάλλει
2637 1871 2650 1883 ο

1972 1919 2213 1980 ὑάκινθος
2245 1923 2338 1970 σύν
2378 1925 2648 1993 ναρκίσσῳ

1971 1994 2211 2081 χαροπόν
2254 1994 2735 2081 ζρῆμαωτυσγχάνιι
2778 2014 2790 2026 ·

1971 2060 2195 2131 μελισ-σα
2216 2060 2314 2112 τῶν
2347 2060 2591 2134 σίμϐλων
2609 2060 2643 2121 *ἥ
2654 2060 2687 2115 δ
2694 2084 2721 2121 η

1971 2131 2322 2205 ἀπαναστᾷσα
2352 2131 2652 2205 προθύμως,

3134 508 3265 578 συλᾴ
3290 512 3355 561 τὰ
3384 512 3513 569 ἄνθη
3554 520 3653 563 τῶν
3696 510 3949 585 δένδρων,

3128 582 3323 632 τίθεται
3351 591 3516 634 ταῦτα
3547 592 3653 645 τοῖς
3688 568 3942 657 σίμϐλοις,

3126 655 3293 703 πονέει
3322 653 3562 722 γλυκεῖαν
3594 656 3727 707 ἔνθεν

3125 726 3484 795 χαριεστάτην
3514 743 3567 776 τε
3614 724 3832 798 βρωσιν.

3196 794 3411 864 Λογικοὶ
3443 800 3544 847 νέοι
3585 794 3674 866 μοι
3706 794 3873 863 δεῦτε,

3125 864 3272 936 ἔαρος
3327 868 3526 939 καιρὸς,
3573 864 3818 939 σκιρτᾶτε
3851 891 3862 903 ο

3122 934 3299 1009 Τριὰς,
3342 934 3587 1009 ἀμέριστε
3629 934 3802 1008 φύσις,

3123 1004 3473 1079 ακατανόητον
3506 1004 3689 1079 βάθος,

3124 1071 3410 1151 ἀδιήγητον
3441 1071 3684 1151 τέ’κράτο
3696 1100 3733 1149 ς,

3122 1150 3273 1217 κόρον
3312 1148 3407 1199 οὐκ
3437 1148 3567 1217 ἔχον
3588 1170 3643 1202 τι
3674 1148 3882 1217 κάλλος,

3122 1168 3273 1217 κορον
3312 1168 3407 1199 ουκ
3437 1168 3459 1200 ε
3507 1169 3559 1201 ον
3588 1170 3643 1202 τι
3674 1168 3868 1216 καλλος

3122 1219 3218 1269 Θιὲ
3247 1168 3511 1282 παντάνοξ
3541 1226 3628 1272 καὶ
3657 1227 3868 1290 κτίστα,

3124 1292 3328 1365 Hemi;
3350 1289 3700 1365 ἀπαύγασμα,
3724 1289 3874 1365 δόξα,

3122 1358 3148 1410 ὁ
3176 1354 3211 1410 δ
3214 1354 3336 1434 οτὴρ
3371 1354 3580 1434 ἀγαθῶν
3603 1354 3833 1430 πάντων,

3120 1432 3387 1503 παροχιύς
3427 1432 3466 1505 ὁ-
3480 1440 3541 1491 τῆ
3554 1452 3576 1494 ς
3608 1438 3812 1505 σοφίας,

3122 1502 3379 1575 παρέχοις
3406 1502 3556 1563 αὐτος
3592 1502 3688 1562 τὴν
3711 1502 3905 1575 γνῶσιν

3121 1570 3309 1650 τρψδθεν
3348 1580 3455 1650 toi;
3491 1570 3964 1650 μικροῖςλάτραις,

3123 1642 3205 1713 ξνα
3234 1647 3326 1700 τὴν
3364 1648 3460 1701 σὴν
3492 1642 3765 1713 ἔξοὺσίαν,

3121 1710 3468 1783 ἀγαθωσύνην
3497 1734 3551 1768 τε
3589 1710 3763 1769 πᾶσαν

3122 1788 3383 1859 σςιινίωμενΔ
3400 1784 3455 1836 ἐκ
3483 1790 3786 1859 κτισμάτων
3815 1810 3829 1822 ·

3119 1854 3264 1915 κλέος
3284 1854 3505 1932 ςάγλαῶν
3535 1854 3835 1932 μαρτύρων,

3118 1944 3217 1997 προ
3225 1928 3448 1998 σάγομέν
3480 1928 3563 1980 σοι
3592 1928 3813 2001 μεσίτην

3120 2001 3389 2071 (adipe/tow,
3420 2002 3506 2050 τὸν
3532 2002 3834 2071 προστάτην

3122 2065 3396 2142 διατριϐῆς
3436 2065 3727 2143 Ἀρσὲνίου.

1974 2203 2287 2277 περιϐομϐοῖ
2320 2203 2410 2265 τὰς
2446 2203 2701 2267 κοιλάδας
2744 2227 2755 2240 ·

811 2964 979 3017 ratur
1002 2960 1064 3015 in
1092 2957 1297 3015 arduis
1330 2954 1636 3011 montibus
1688 2971 1701 3021 ;
1745 2951 2006 3008 suaviter
2054 2955 2257 3008 cantat
2300 2951 2479 3008 etiam
2589 2956 2713 3011 nita

814 3050 971 3120 cilla,
993 3049 1119 3106 avis
1150 3047 1253 3104 illa
1272 3045 1548 3103 imitandi
1571 3043 1856 3101 facultate
1879 3043 2231 3114 conspicua.
2262 3043 2482 3099 Omnes

813 3155 960 3198 aves
990 3154 1128 3211 quae
1157 3136 1379 3210 plantis
1410 3134 1705 3207 olivisque
1751 3132 2113 3199 nutriuntur,
2143 3133 2272 3203 jam
2301 3136 2482 3188 cantu
2595 3138 2705 3201 sta,

812 3227 1002 3285 valles
1040 3225 1290 3299 replent.
1340 3224 1578 3293 Adeste,
1622 3223 1877 3293 juvenes
1928 3220 2274 3305 prudentes.
2316 3220 2478 3277 Veris

809 3325 1053 3390 tempus
1085 3315 1345 3380 advenit,
1368 3312 1642 3385 jubilate.
1670 3314 1801 3368 Jam
1833 3309 2052 3366 ﬂuctus
2081 3310 2268 3366 maris
2309 3313 2480 3365 motu

812 3406 1228 3481 placidissimo
1250 3403 1542 3467 feruntur,
1571 3417 1712 3457 cum
1740 3415 1935 3473 nuper
1954 3400 2155 3457 adhuc
2172 3398 2480 3455 montibus

814 3495 1121 3553 altissimis
1154 3496 1634 3566 exaequarentur,
1660 3494 1718 3547 et
1742 3490 1847 3563 qui
1879 3505 2048 3545 mare
2098 3487 2480 3546 transfretare
2591 3492 2706 3545 tate

809 3590 1082 3652 conatur,
1136 3583 1287 3639 velis
1338 3580 1624 3654 expansis
1669 3594 1832 3635 nunc
1877 3578 2056 3649 longe
2104 3577 2356 3633 discedit
2398 3577 2478 3633 ad

806 3674 1045 3732 lucrum
1073 3670 1419 3730 faciendum
1447 3688 1460 3739 ;
1509 3668 1936 3741 delphinorum
1966 3682 2210 3740 quoque
2242 3671 2299 3722 et
2324 3665 2477 3739 pho-

809 3778 1022 3821 carum
1045 3764 1235 3819 caatus
1273 3774 1518 3816 sursum
1552 3757 2004 3829 emergit.Nunc
2033 3771 2272 3812 rosae—
2301 3754 2476 3811 dulce

2590 2334 2945 2402 aspectu—e
2960 2332 3247 2391 calicibus
3261 2336 3585 2411 prodeunt,
3603 2338 3910 2398 etfrutices
3925 2340 4202 2400 vernales

2590 2420 2976 2479 efﬂorescunt
3000 2424 3392 2497 ;hyacinthus
3415 2444 3555 2484 cum
3577 2430 3849 2488 narcisso
3866 2431 4204 2504 pulchritu-

2589 2510 2729 2566 dine
2759 2511 2966 2568 oculos
2995 2513 3359 2571 demulcent.
3394 2517 3537 2590 Apis
3567 2518 3779 2575 cellam
3806 2536 3946 2577 cum
3971 2521 4203 2594 impetu

2587 2599 2933 2673 relinquens
2964 2603 3150 2659 valles
3182 2604 3665 2679 [circumvolitat,
3697 2609 3984 2666 arborum
4022 2609 4207 2667 ﬂores

2590 2690 2843 2761 exsugit,
2878 2708 3127 2748 succum
3161 2694 3241 2749 ad
3272 2694 3451 2752 cellas
3476 2704 3836 2771 comportat,
3867 2699 4106 2756 dulcem
4129 2715 4206 2757 ac

2585 2778 2925 2850 jucundum
2955 2780 3095 2837 inde
3124 2781 3329 2838 cibum
3356 2784 3640 2842 efﬁciens.
3666 2787 3901 2853 Adeste,
3942 2788 4205 2860 juvenes

2590 2867 2933 2939 prudentes.
2968 2870 3129 2925 Veris
3160 2876 3399 2944 tempus
3431 2873 3688 2946 advenit,
3718 2875 3992 2946 jubilate.
4019 2878 4204 2933 OTri-

2718 2963 2991 3025 s,natura
3002 2958 3666 3034 indivisa,profunditas
3678 2965 4202 3037 incomprehensi-

2588 3044 2745 3117 bilis,
2762 3048 3028 3118 potentia
3047 3048 3484 3121 inenarrabilis,
3506 3052 3890 3126 pulchritudo
3907 3055 4197 3113 inexhau-

2724 3136 2877 3190 Dens
2898 3137 3280 3210 omnipotens
3298 3155 3368 3195 ac
3391 3142 3655 3209 Creator,
3682 3142 3865 3199 Patris
3887 3142 4195 3216 splendor,

2594 3221 2801 3294 gloria,
2818 3225 3091 3281 omnium
3104 3226 3407 3283 bonorum
3430 3228 3693 3302 largitor,
3728 3231 4033 3304 sapientia:
4054 3248 4200 3305 pro-

2592 3320 2850 3383 curator,
2886 3314 3148 3372 concede
3179 3315 3509 3374 humilibus
3533 3320 3722 3376 servis
3741 3319 4199 3392 intelligentiam

2591 3399 2917 3471 coelestem,
2932 3407 2995 3485 ut
3008 3404 3336 3475 potentiam
3353 3409 3519 3463 tuam
3533 3423 3899 3481 omnemque
3926 3409 4177 3481 benigni
4193 3443 4204 3452 -

2712 3506 2772 3545 m
2786 3506 2817 3546 e
2830 3492 3115 3548 creaturis
3132 3494 3457 3565 intelligam
3466 3513 3552 3551 us.
3570 3496 4019 3556 Celeberrimum
4042 3500 4204 3558 inter

2591 3582 2831 3635 sanctos
2844 3584 3134 3652 martyres
3147 3581 3451 3639 offerimus
3469 3583 3575 3640 tibi
3589 3589 3891 3659 tamquam
3904 3588 4204 3646 mediato-

2589 3682 2716 3724 rem
2747 3669 3086 3740 Georgium,
3122 3671 3479 3745 studiorum,
3511 3675 3742 3732 Arsenii
3775 3680 4120 3748 patronum.

1695 4087 2182 4199 ARSEN
2186 4088 2290 4197 II
2346 4082 3330 4202 PATRIARCHZE

1118 4321 1731 4396 PRIVILEGIUM
1776 4321 1955 4390 PRO
2000 4320 2584 4388 MONASTERIO
2630 4321 2741 4389 SS.
2790 4323 3220 4391 DEIPAR/E
3266 4324 3932 4396 MACRINITISSO.

949 4783 1373 4862 Hypomnema
1407 4780 1782 4856 patriarcha:
1819 4778 2025 4838 domui
2057 4778 2321 4837 Arsem‘i.
2497 4784 2543 4835 A

880 4908 1201 4964 Summum
1239 4901 1472 4959 malum
1486 4903 1577 4956 est
1597 4897 1986 4970 negligentia,
2011 4896 2465 4968 multorumque

804 5013 993 5055 causa
1013 4995 1335 5060 malorum,
1356 4990 1463 5049 sed
1478 4988 1685 5063 qualia
1708 4987 1922 5044 exinde
1939 4986 2317 5059 proveniant,
2340 4985 2464 5041 for-
2574 4985 2659 5037 οἷα

802 5066 965 5145 tibus
980 5086 1121 5143 viris
1136 5084 1285 5141 satis
1308 5086 1519 5139 notum
1542 5084 1652 5136 est:
1671 5082 1727 5135 et
1747 5093 1958 5134 revera
1978 5076 2127 5133 nihil
2146 5091 2463 5148 nunquam
2572 5080 2661 5127 καὶ
2682 5076 2699 5145 ξ,

799 5177 948 5235 boni
974 5192 1047 5234 ex
1076 5172 1311 5232 desidia
1334 5177 1515 5244 atque
1546 5168 1758 5225 inertia
1788 5165 2092 5241 proﬂuxit.
2113 5168 2233 5221 Hoc
2256 5170 2461 5221 autem

799 5272 857 5326 et
879 5266 1184 5339 sapientes
1212 5262 1357 5319 olim
1390 5258 1550 5316 eﬁati
1584 5261 1741 5325 sunt,
1775 5261 1831 5312 et
1866 5256 2008 5328 ipsae
2039 5271 2133 5311 res
2178 5254 2459 5324 neglectae

799 5358 1066 5415 clamant
1084 5348 1600 5428 perspicue.Quod
1621 5347 1900 5417 dicimus,
1928 5350 2129 5417 aperte
2148 5344 2349 5401 videre
2372 5347 2461 5400 est

792 5448 858 5506 in
882 5448 953 5504 iis
982 5446 1207 5520 quibus
1239 5440 1443 5497 debita
1462 5454 1608 5495 cura
1629 5437 1800 5493 deest
1823 5455 1841 5508 ;
1874 5434 2021 5491 nihil
2042 5434 2104 5490 in
2125 5433 2236 5489 illis
2260 5448 2457 5506 neque
2570 5435 2697 5506 θορᾴ

793 5538 1162 5612 exquisitum
1174 5533 1254 5589 ad
1266 5527 1802 5587 considerationem
1814 5568 1826 5592 ,
1840 5540 2034 5598 neque
2047 5524 2455 5596 circumscrip-
2564 5527 2689 5596 πρὸς

790 5634 925 5686 tum
945 5624 1294 5699 simpliciter
1313 5635 1494 5676 sensu
1506 5615 1995 5690 deprehenditur.
2033 5617 2144 5671 Res
2174 5613 2354 5684 igitur
2372 5616 2454 5670 ita

791 5734 858 5777 se
883 5715 1089 5791 habet,
1117 5718 1299 5789 atque
1327 5708 1525 5786 operis
1554 5706 1871 5768 dilatorem
1901 5720 2042 5762 cum
2070 5702 2312 5765 damnis
2330 5702 2454 5760 luc-

1887 4509 2112 4581 (Pasini
2137 4508 2375 4567 codices
2416 4508 2831 4580 Taurinenses,
2863 4513 3009 4570 tom.
3050 4510 3120 4581 Ι.)

2704 4778 3011 4854 ’Υπόμνημα
3033 4786 3127 4835 τοῦ
3176 4783 3513 4857 πατριάρχου
3557 4790 3719 4860 κυροῦ
3768 4783 4062 4862 Ἀρσινίου.

2649 4899 2818 4949 Κακόν
2858 4898 2888 4954 ἡ
2922 4896 3132 4968 ἀμέλεια
3180 4902 3270 4951 καὶ
3307 4897 3507 4951 πολλῶν
3562 4900 3707 4954 αἰτία
3796 4912 3994 4962 κακῶν.
4044 4903 4196 4958 Ἀλλ’

2709 4989 2775 5039 τὰ
2821 4988 3015 5047 ταύτης
3068 4984 3301 5060 ἐκφόρια,
3370 4987 3464 5041 οὐκ
3531 4987 3791 5062 ἀγεννέσιν
3841 4994 4128 5068 ἱστορεῖται
4173 5016 4189 5030 ·

2704 5077 2769 5136 ὡς
2816 5073 3023 5138 ἀληθῶς
3074 5072 3225 5129 οὐδέν
3281 5095 3332 5129 τι
3375 5082 3617 5151 χρηστὸν
3657 5082 3712 5133 ἐκ
3766 5082 4194 5160 τοῄκαταρῥᾳ-

2575 5166 2772 5235 θυμιίν,
2844 5173 2995 5217 τοῦτο
3076 5161 3135 5219 δὲ
3184 5170 3274 5219 καὶ
3329 5174 3504 5240 σοφοῖς
3567 5172 3658 5241 μὲν
3732 5166 4054 5239 διείληπται,
4096 5180 4196 5228 καὶ

2570 5252 2705 5305 αύτά
2732 5251 2817 5318 ,δέ
2844 5257 2910 5307 τὰ
2970 5263 3069 5307 τῶν
3125 5259 3443 5329 πραγμάτων
3492 5258 3789 5332 ἠμελημένα
3839 5260 4012 5335 βοῶσι
4061 5259 4195 5317 διὰ-

2567 5362 2737 5416 τορον.
2792 5347 3051 5418 Πάρεστιν
3092 5342 3140 5396 ἓν
3207 5345 3387 5408 αὐτοῖς
3425 5353 3535 5409 τοῖς
3589 5346 3862 5423 φροντίδος
3909 5350 4057 5413 ἐκτὸς
4093 5373 4195 5407 κα-

2698 5454 2724 5484 ν
2781 5430 3002 5507 ἐναργῶς
3078 5436 3136 5485 τὸ
3187 5433 3480 5507 λεγόμενον,
3533 5437 3607 5488 Ού
3665 5443 4083 5514 περινενοημένον
4130 5462 4195 5515 ει·ι

2755 5524 3124 5595 καταμάθησιν
3201 5524 3251 5576 ἐν
3320 5524 3484 5595 αὐτῷ,
3560 5524 3685 5581 οὐδὲ
3750 5533 4190 5605 πιριεσκιμμένον

2562 5612 2731 5674 ἁπλῶς
2789 5621 2850 5686 τῇ
2894 5613 3143 5672 αἰσθήσει
3200 5613 3678 5687 καταλαμϐάνεται.
3725 5625 3890 5673 Τοῦτο
3941 5624 4031 5693 μὲν
4090 5618 4189 5676 οὖν

2558 5710 2810 5763 τοιοῦτον.
2869 5708 2971 5758 Καὶ
3026 5707 3087 5760 τὸ
3152 5707 3241 5759 τὸν
3308 5702 3649 5780 ἀμϐολιεργὸν
3716 5707 3883 5785 ἄτῃσι
3937 5710 4187 5769 παλαίειν
