4484 6446
289 436 387 489 941
1150 428 1595 484 Ρωνιιεθιυιε
1634 426 1768 481 PRO
1809 426 2060 483 MONAS’

1879 425 2252 483 )NASTEBIO
2295 423 2797 480 MACRINITISSO.
3547 426 3650 479 942

296 564 458 628 σοφοῦ
492 564 591 607 τῶν
639 554 868 606 παλαιῶν
931 552 1297 624 γνωμὰτευμα.
1362 552 1418 604 Εἰ
1470 547 1526 602 δε
1598 556 1685 601 καὶ
1742 569 1874 601 σπου
1936 556 1980 606 Α
2013 553 2067 603 ta

1936 556 1980 606 A
2013 549 2138 611 tari,
2175 548 2383 603 veteris
2415 548 2696 618 sapientis
2726 546 3015 602 sententia
3046 549 3149 601 est.
3186 548 3331 602 Nam
3358 545 3405 599 si
3432 548 3655 617 etprae-

296 641 399 705 δῆς
451 646 743 718 παρούσης,
825 646 914 693 καὶ
1004 641 1219 712 μελέτης
1267 640 1578 713 ἐμμερίμνον
1611 644 1699 689 και
1762 658 1902 690 σννε-
2013 655 2067 692 se

1885 666 1902 675 -
2013 654 2147 692 sens
2178 638 2462 701 studium,
2491 641 2543 690 et
2584 636 2832 690 sollicita
2875 651 3016 689 cura
3066 639 3243 705 atque
3292 634 3536 689 assidua
3579 633 3656 689 ad

2011 725 2320 796 quidpiam
2343 723 2641 779 laudabile
2659 723 2897 777 feliciter
2910 722 3240 792 gerendum
3268 722 3655 788 adhibeatur;

2012 817 2124 872 hoc
2152 832 2346 887 neque
2375 821 2494 870 tam
2526 814 2693 869 facile
2725 815 2781 868 in
2814 830 2965 886 opus
3004 814 3337 877 deducitur,
3380 818 3434 868 et
3466 811 3660 868 sicubi

2014 904 2237 975 aliquid
2265 904 2631 970 adversetur,
2666 902 2991 958 multorum
3019 918 3087 958 ac
3119 902 3359 957 fortium
3395 902 3661 957 virorum

2015 992 2504 1064 ministerioopus
2529 996 2635 1056 est,
2658 996 2721 1047 ut
2741 991 3104 1063 perducatur
3135 991 3212 1046 ad
3236 991 3443 1057 finem,
3470 990 3660 1046 multo

2018 1087 2216 1137 autem
2241 1081 2455 1149 magis,
2491 1082 2538 1134 si
2578 1081 2823 1146 czeteris,
2857 1080 3080 1152 quibus
3119 1096 3211 1134 res
3250 1079 3516 1135 involuta
3554 1081 3662 1143 est,

2018 1169 2191 1224 malis
2222 1170 2518 1224 cunctatio
2537 1168 2811 1224 addatur.
2839 1169 2951 1225 Sed
2969 1173 3186 1224 nostrae
3200 1168 3446 1241 quidem
3462 1167 3665 1223 mode-

2018 1258 2233 1314 rationi
2273 1258 2449 1312 dehis
2468 1258 2580 1313 ista
2604 1258 2892 1313 disserere
2907 1259 3102 1313 visum
3121 1262 3209 1314 est
3233 1261 3665 1329 opportunum,

2019 1362 2201 1419 reque
2232 1347 2362 1419 ipsa
2393 1346 2673 1400 novimus
2704 1346 2832 1401 haec
2872 1346 3013 1401 talia
3055 1362 3210 1401 esse.
3248 1345 3669 1402 Monasterium

2021 1451 2207 1508 prope
2240 1435 2591 1491 territorium
2614 1436 3004 1491 Demetriadis
3051 1435 3395 1490 subditione
3421 1433 3672 1506 patriar-

295 742 433 803 χοῦς
487 733 611 804 ὑπερ
664 738 755 782 τοῦ
823 731 1216 801 κατορθωθῆναί
1253 748 1302 779 τι
1344 738 1441 778 τῶν
1502 726 1795 795 ἐπαινετῶν,
1846 730 1902 777 τὸ

300 817 354 872 δ’
378 815 495 872 οὐδ’
540 818 699 880 οὓτως
747 818 976 891 εὐχερῶς
1032 819 1104 877 εἰς
1153 820 1302 890 ἔργον
1356 815 1645 890 προϐαίνει,
1724 822 1812 866 καὶ
1864 818 1905 865 εἰ

297 912 397 961 που
444 928 495 960 τι
545 913 634 959 καὶ
683 906 971 959 ἁντιϐαῖνον
1056 908 1156 975 εἴη,
1224 904 1418 957 πολλῶν
1500 910 1589 956 καὶ
1648 908 1905 977 σθεναρῶν

303 996 651 1071 συμπράξεως
697 992 866 1047 δεῖται
945 996 1075 1066 πρὸς
1160 992 1550 1066 τελεσφόρησιψ
1607 993 1775 1045 πολλῶ
1850 987 1908 1042 δε

302 1085 492 1157 μᾶλλον
558 1079 847 1150 κάντεῦθεν,
942 1080 1003 1133 οὗ
1048 1089 1148 1133 τῶν
1192 1089 1363 1132 κακῶν
1413 1081 1637 1133 ἐκκυλίει
1703 1084 1765 1132 τὰ
1815 1087 1911 1138 τῆς

302 1172 574 1237 ἀναϐολῆς,
630 1169 664 1224 δ
670 1169 761 1224 ιαδ
764 1177 1030 1245 ραμείται.

1160 992 1550 1066 τελεσφόρησιψ
1607 993 1775 1045 πολλῶ

1113 1170 1267 1223 Ἀλλὰ
1342 1177 1401 1227 τῆ
1483 1174 1572 1243 μὲν
1635 1172 1779 1239 ἡμῶν
1827 1186 1910 1239 με·

300 1268 541 1337 τριότητι
568 1266 687 1333 περὶ
741 1263 935 1312 τούτων
993 1258 1128 1312 οὕτω
1176 1255 1443 1311 διαλαϐεῖν
1494 1259 1763 1330 εὐστόχως
1805 1256 1912 1326 ἐγέ-

302 1371 437 1404 νετο·
488 1353 767 1425 πράγμασι
826 1346 879 1401 δ’
919 1348 1096 1409 αὐτοῖς
1145 1350 1274 1418 ἔγνω
1324 1354 1492 1399 ταυτα
1538 1354 1782 1399 τοιαῦτα.
1850 1344 1913 1397 Ἠ

303 1442 443 1493 κατὰ
487 1443 580 1497 τήν
631 1437 829 1510 ένορίαν
909 1433 1277 1509 Δημητριάδος
1326 1438 1355 1494 ἡ
1399 1435 1484 1489 ἐπὶ
1540 1438 1914 1507 σταυροπηγίῳ

306 1533 397 1602 μὲν
457 1524 833 1601 πατριαρχικῷ
903 1527 1316 1596 καταπηχθεῖσα
1373 1529 1525 1596 μονὴ,
1576 1524 1653 1576 ἐπ’
1704 1523 1917 1594 ὀνόματι

309 1615 370 1671 δὲ
428 1615 726 1689 δομηθεῖσα
798 1623 894 1677 τῆς
968 1617 1232 1686 πανάγνου
1303 1620 1633 1688 Θεομήτορος
1677 1618 1766 1665 xui
1829 1620 1919 1671 τῆς

308 1708 736 1779 Μακρινιτίσσης
802 1701 1156 1773 ἐπιλεγομένη,
1243 1702 1426 1772 ἔμαθεν
1527 1700 1679 1767 αὕτη,
1764 1695 1916 1760 ἐδάη,

311 1794 385 1855 εἰς
413 1792 711 1864 ἐπιστήμην
741 1787 890 1848 ἦλθεν
936 1788 1149 1864 ἀκριϐῆ.
1202 1788 1306 1857 Ὡς,
1366 1790 1408 1841 εἰ
1455 1795 1638 1862 μικρὸν
1705 1807 1755 1840 τι
1814 1786 1919 1838 ἐνέ-

311 1879 524 1945 δωκενς,
560 1881 603 1933 εἰ
634 1879 819 1954 βραχύ
868 1898 920 1931 τι
971 1877 1230 1945 ἀνέπεσεν,
1284 1878 1328 1930 εἰ
1374 1882 1505 1952 πρός
1537 1878 1707 1949 ὀλίγον
1776 1881 1920 1935 ὄκνος

312 1972 475 2030 αὐτὴν
501 1965 788 2042 ὑπέδραμε,
846 1963 1087 2029 κίνδυνος
1137 1972 1228 2019 καὶ
1283 1975 1480 2028 πτῶσις
1554 1972 1671 2042 περὶ
1737 1965 1916 2023 αὐτὴν.

313 2066 415 2115 Καὶ
450 2060 505 2112 ἐκ
565 2066 659 2111 του
707 2062 1106 2132 πατριαρχικὴν
1176 2055 1507 2127 ἁνυψονσθαι
1554 2059 1773 2119 ταύτην,

1948 1922 1992 1975 Β

1853 2075 1920 2116 ως

310 2153 423 2203 ἔστι
464 2153 553 2201 xui
634 2146 1062 2221 ἀναγορεύεσθαι,
1120 2146 1419 2217 μεταλλαγὴ
1473 2151 1567 2203 τὴν
1643 2148 1922 2197 ἐπισκοπι·

310 2245 408 2297 κήν
454 2245 547 2291 τοῦ
619 2232 989 2309 Δημητριάδος
1065 2234 1251 2292 κλῆσιν
1312 2234 1718 2306 ὁνοματίζουσα.
1798 2238 1927 2285 Τίνα

311 2330 416 2403 γὰρ
456 2331 547 2379 xui
574 2326 675 2378 ὅσα
736 2326 785 2377 οἱ
832 2326 969 2377 κατὰ
1024 2327 1236 2398 καιροὺς
1294 2322 1562 2398 ἀρχιερεῖς
1619 2323 1925 2395 Δημητριά-

317 2414 412 2479 δος
458 2417 585 2491 ὑπὲρ
653 2421 745 2466 τοῦ
815 2415 1009 2471 ταύτην
1086 2417 1179 2470 τὴν

316 2505 668 2579 ἠγωνίσαντο,
727 2502 972 2565 καθάπαξ
1048 2500 1230 2575 λίχνον
1331 2501 1591 2574 ὀφθαλμὸν
1688 2500 1931 2554 ἐπέϐαλον

306 2594 400 2649 ,ἐπ’
482 2594 799 2661 αὐτην;καὶ
868 2595 1113 2664 οὕμενουν
1196 2586 1440 2663 οὐδαμῶς
1521 2592 1816 2662 ἠνείχοντο,
1859 2596 1929 2662 μὴ

324 2682 642 2757 περιϐοήτου
690 2682 928 2733 τοιούτου
1004 2678 1166 2731 καλοῦ
1232 2678 1507 2731 καλεῖσθαι
1574 2680 1814 2750 μέτοχοι·
1870 2674 1935 2728 εἴ·

324 2770 418 2827 δον
447 2771 578 2843 ὕψος
626 2775 716 2823 καὶ
781 2774 1119 2842 σεμνώματος
1175 2769 1411 2841 μέγεθος,
1461 2768 1771 2827 ἡττηθέντες
1806 2786 1933 2818 παν-

321 2867 478 2915 τοίων
506 2864 701 2923 οἶησιν,
730 2860 903 2911 πάντα
948 2864 1209 2918 κινοῦντες
1268 2862 1459 2931 τρόπον
1512 2860 1557 2909 εἴ
1608 2876 1712 2917 πως
1743 2855 1932 2928 εὖροιεν

328 2954 390 3005 τὸ
447 2952 784 3021 ποθούμενον.

1281 2418 1441 2484 μονὴν
1525 2413 1931 2486 σφετερίσασθαι

1331 2501 1591 2574 ὀφθαλμὸν

864 2946 999 2999 Ἀλλ’
1053 2947 1119 3007 εἰς
1175 2948 1346 3019 μάτην
1387 2946 1566 3006 αὐτοῖς
1646 2946 1671 2995 6
1756 2948 1929 3014 πόνος,

322 3042 471 3115 παρὰ
498 3038 687 3112 φαῦλον
717 3039 784 3089 τὰ
841 3033 1141 3104 διαϐούλια,
1202 3031 1353 3088 οὐδὲν
1420 3044 1515 3097 τῆς
1558 3030 1933 3093 κενοσπουδίας

322 3129 496 3182 αὐτῶν
523 3126 815 3193 ἀπώναντο,
848 3126 891 3178 εἰ
944 3130 1015 3198 μὴ
1078 3130 1169 3178 xui
1217 3125 1405 3198 μᾶλλον
1457 3123 1817 3197 ἀσφαλέστερα
1868 3122 1934 3172 τὰ

319 3226 419 3281 τῆς
448 3224 611 3291 μονῆς
649 3218 837 3271 ἔθεντο.
868 3222 964 3277 Οις
999 3218 1099 3290 γὰρ
1136 3216 1167 3273 ἠ
1228 3219 1357 3287 μονὴ
1436 3211 1676 3275 διενέξεις
1724 3212 1781 3264 ἐκ
1841 3217 1933 3262 τοῦ

2024 1524 2173 1580 chali
2196 1524 2397 1591 situm,
2432 1525 2545 1579 sub
2576 1526 2818 1580 nomine
2849 1525 3201 1581 castissimae
3246 1525 3343 1579 Dei
3372 1524 3584 1590 Matris,
3618 1526 3676 1579 et

2024 1614 2476 1669 Macrinitissum
2508 1613 2754 1681 dictum,
2788 1614 2917 1668 haec
2949 1628 3091 1669 sane
3122 1614 3350 1681 didicit,
3389 1612 3676 1683 novitque

2027 1708 2205 1776 atque
2238 1708 2519 1759 accurata
2542 1704 2752 1775 peritia
2781 1704 3060 1775 percepit.
3098 1706 3246 1759 Cum
3287 1703 3446 1758 enim
3477 1700 3676 1757 modi-

2028 1810 2164 1848 cum
2189 1793 2535 1856 remisisset,
2570 1798 2624 1847 et
2656 1792 2970 1864 paululum
3001 1792 3236 1848 desidia
3274 1794 3548 1863 torperet,
3593 1793 3676 1846 at-

2028 1898 2144 1954 que
2171 1881 2380 1937 inertia
2402 1882 2600 1953 ipsum
2622 1882 3428 1953 comprehendisset,lapsus
3444 1879 3676 1953 pericu-

2028 1970 2153 2025 lum
2186 1969 2384 2025 statim
2426 1968 2505 2024 illi
2533 1969 2850 2035 imminuit,
2898 1975 3076 2043 atque
3127 1968 3550 2026 transmutatio
3603 1983 3677 2023 ex

2028 2060 2409 2133 patriarchali
2443 2059 2686 2126 ditione,
2740 2060 2854 2115 sub
2880 2076 3003 2132 qua
3033 2061 3476 2133 proclamatum
3528 2062 3675 2126 erat,

2030 2150 2090 2204 in
2104 2148 2506 2221 episcopalem
2527 2150 2915 2204 Demetriadis
2931 2150 3503 2206 denominationem.
3524 2149 3680 2213 Quot

2032 2239 2213 2301 enim,
2248 2238 2543 2309 etquibus
2571 2237 2766 2292 modis
2800 2239 3185 2294 Demetriadis
3234 2238 3523 2310 episcopi,
3557 2236 3679 2291 suis

2034 2328 2289 2398 quisque
2313 2326 2702 2399 temporibus,
2746 2328 3179 2382 monasterium
3224 2327 3339 2383 hoc
3388 2339 3681 2398 usurpare

2036 2420 2356 2481 tentarunt,
2387 2416 2720 2487 avidosque
2751 2416 2810 2470 in
2833 2416 3035 2488 ipsum
3057 2416 3264 2472 oculos
3295 2416 3627 2486 injecerunt
3655 2415 3685 2471 7

2038 2505 2162 2560 imo
2181 2521 2320 2560 vero
2342 2521 2497 2574 aegre
2520 2505 2808 2573 ferebant,
2824 2521 2885 2560 se
2907 2522 3029 2561 non
3043 2522 3169 2562 esse
3208 2504 3478 2578 praeclari
3504 2504 3687 2575 hujus

2039 2594 2183 2649 boni
2204 2593 2540 2667 participes;
2566 2600 2856 2650 noverant
2884 2594 3277 2661 altitudinem,
3320 2599 3497 2667 atque
3509 2608 3689 2649 vene-

2040 2683 2285 2739 rationis
2314 2682 2817 2751 magnitudinem,
2847 2685 3185 2739 minuentes
3206 2684 3480 2739 omnium
3500 2680 3692 2739 existi-

2039 2774 2378 2841 mationem,
2398 2788 2757 2845 omnemque
2777 2773 3382 2845 moventeslapidem,
3402 2777 3465 2828 ut
3486 2772 3691 2845 aliquo

2040 2862 2224 2918 modo
2254 2862 2375 2917 voti
2406 2866 2717 2933 compotes
2747 2862 2973 2918 ﬁerent.
3011 2862 3124 2919 Sed
3152 2862 3213 2918 in
3262 2878 3492 2918 vanum
3546 2861 3693 2933 ipsis

2041 2951 2249 3007 cecidit
2272 2950 2462 3017 labor,
2487 2956 2667 3022 atque
2700 2951 2757 3005 in
2789 2952 2961 3023 pejus
3012 2967 3183 3008 versa
3235 2955 3374 3007 sunt
3416 2949 3688 3021 consilia,

2040 3039 2305 3111 nihilque
2321 3040 2497 3095 inane
2528 3038 2795 3095 studium
2824 3041 2968 3112 ipsis
2994 3040 3238 3112 profuit,
3261 3044 3696 3113 praeterquam-

2039 3128 2202 3201 quod
2227 3144 2320 3183 res
2336 3128 2688 3184 monasterii
2718 3133 2909 3185 certas
2934 3131 3129 3199 magis
3171 3134 3227 3186 et
3265 3129 3508 3186 stabiles
3551 3129 3691 3185 effe-

2042 3222 2265 3273 cerunt.
2288 3216 2516 3281 Quibus
2537 3217 2686 3272 enim
2701 3217 2897 3273 modis
2915 3219 3357 3286 monasterium,
3381 3217 3693 3276 facultates

323 3283 511 3382 μέρούς
530 3312 625 3366 τῆς
672 3304 963 3364 ἐπισκοπῆς
1006 3283 1389 3377 ᾐΔημητριάδος
1436 3304 1566 3374 ἔσχε
1624 3305 1715 3353 xui
1763 3301 1934 3373 πράγ-
1963 3283 2005 3337 C
2044 3310 2094 3362 et

1923 3329 1934 3342 -
1963 3283 2005 3337 θ
2044 3310 2099 3362 et
2132 3306 2298 3362 bona
2323 3322 2397 3361 ex
2426 3310 2592 3377 parte
2624 3306 3003 3379 episcopatus
3036 3283 3694 3376 Demetriadoshabuit,

321 3415 486 3470 ματα,
517 3397 724 3456 τούτοις
776 3393 1030 3466 λαμπρῶς
1096 3398 1187 3445 καὶ
1240 3390 1621 3467 ἁναντίρρἠτως
1678 3407 1935 3463 πατριαρ-

326 3489 462 3560 χιχή
523 3482 765 3556 ἀνεφάνη.
824 3487 928 3536 Καὶ
966 3485 1027 3535 τὸ
1081 3480 1303 3535 ἐντεῦθεν
1399 3477 1755 3548 διαναστᾶσα,
1836 3497 1939 3530 πα-

324 3579 661 3649 τριαρχικοῖς
703 3591 759 3625 τε
817 3573 1182 3647 κατωχυρὼθη
1237 3572 1581 3643 ὑπομνήμασι
1626 3578 1727 3621 τῶν
1784 3567 1942 3639 ἁγιω-

331 3665 502 3716 τάτων
530 3668 875 3735 πατριαρχῶν
926 3668 1019 3713 τοῦ
1075 3680 1131 3713 τε
1181 3668 1343 3734 κυροῦ
1378 3665 1659 3732 Γερμανοῦ,
1705 3662 1795 3710 xui
1850 3663 1943 3707 τοῦ

333 3758 498 3829 κυροῦ
533 3750 801 3809 Μανουήλ.
840 3754 938 3804 Καὶ
974 3752 1075 3823 πρὸ
1130 3757 1230 3801 τῶν
1288 3750 1674 3821 ὑπομνημάτων
1724 3743 1782 3799 δὲ
1828 3747 1945 3797 τού-

336 3863 438 3897 των
492 3841 825 3904 κατεξέτασιν
908 3837 1178 3911 ἀπειλήφει
1230 3846 1324 3891 τοῦ
1399 3842 1692 3912 μακαρίτου
1750 3836 1941 3888 ἐκείνου

338 3930 601 3987 δεσπότου
649 3936 812 4006 κυροϋ
878 3928 1144 3995 Μανουὴλ,
1200 3932 1455 4002 φέρουσαν
1512 3927 1793 4002 ἐπιγραφὰς
1853 3928 1943 3976 καὶ

337 4021 503 4075 ἄλλων
666 4021 977 4093 ἀρχιερέων,
1031 4022 1121 4072 καὶ
1173 4018 1334 4070 αὐτοῦ
1399 4014 1457 4070 δὲ
1506 4024 1597 4069 τοῦ
1646 4014 1943 4087 Δημητριά-

341 4108 439 4174 δος
485 4108 746 4165 Νικολάου
788 4116 881 4161 τοῦ
928 4107 1150 4176 Βλαττῆ,
1215 4114 1307 4160 του
1365 4111 1578 4179 πρώτως
1656 4106 1782 4178 ὑπὲρ
1855 4109 1944 4163 τῆς

340 4208 507 4275 μονῆς
595 4196 997 4272 ἀμφιϐαλόντος.
1055 4200 1156 4250 Καὶ
1270 4200 1595 4270 παρίστησιν
1681 4191 1944 4268 ἀριδηλως

342 4289 476 4347 αὓτη
508 4291 537 4347 ἡ
570 4287 907 4351 κατεξέτασις
959 4289 1028 4347 ὡς
1079 4287 1109 4344 ἡ
1170 4291 1298 4359 μονή
1367 4293 1464 4347 τῆς
1523 4286 1947 4357 Μακρινιτίσσης

342 4381 708 4452 πατριαρχικὴ
787 4380 880 4428 xui
932 4377 958 4427 6
1033 4366 1405 4449 Δημητριάδος
1478 4373 1749 4447 ἀμετόχως
1819 4373 1945 4444 ὑπὲρ

345 4468 509 4529 αὐτῆς
536 4463 854 4521 διενίστατο.
887 4469 993 4519 Ναὶ
1041 4470 1144 4538 μὴν
1197 4470 1287 4517 καὶ
1344 4466 1369 4516 6
1420 4459 1785 4539 Δημητριάδος
1841 4460 1951 4512 ἐπι-

351 4559 650 4617 σκοπεύσας
695 4558 825 4629 μετὰ
896 4558 984 4608 τὸν
1060 4553 1287 4613 Βλαττῆν
1380 4561 1637 4626 Νεοφυτος
1718 4549 1951 4609 δήλωσιν

2045 3394 2138 3449 bis
2151 3398 2435 3466 patenter,
2451 3409 2520 3450 ac
2534 3393 2659 3449 sine
2676 3394 2796 3450 ulla
2808 3400 2975 3451 contr
2986 3395 3281 3451 adictione
3297 3396 3697 3468 patriarchale

2050 3483 2346 3555 apparuit,
2382 3488 2560 3555 atque
2572 3483 2708 3540 hinc
2724 3487 3063 3552 excitatum,
3079 3486 3503 3558 patriarchalib
3511 3502 3579 3541 us
3590 3486 3703 3558 hy-

2049 3572 2452 3645 pomnematis
2482 3577 2831 3628 sanctorum
2850 3576 3089 3630 Patrum
3134 3575 3341 3631 domni
3400 3575 3699 3642 Germani,

2050 3666 2106 3715 et
2136 3659 2345 3716 domni
2365 3660 3084 3718 Manuelisconﬁrmatum
3116 3668 3227 3730 est,
3259 3667 3463 3719 etante
3492 3664 3703 3735 hujus-

2049 3749 2215 3804 modi
2245 3750 2720 3821 hypomnemata
2758 3752 3227 3820 recognitionem
3282 3753 3507 3825 recepit
3543 3753 3707 3810 beati

2051 3838 2319 3910 despotas
2345 3837 2575 3894 domini
2613 3838 2897 3895 Manuelis
2923 3839 3211 3896 ferentem
3253 3842 3706 3914 inscriptionem

2050 3928 2305 3985 aliorum
2318 3929 2764 4000 episcoporum,
2781 3929 3088 4003 ipsiusque
3106 3931 3372 4004 episcopi
3387 3931 3707 3989 Demetria-

2051 4017 2143 4072 dis
2174 4017 2394 4074 Nicolai
2422 4017 2643 4085 Blattae,
2676 4019 2781 4090 qui
2803 4019 3068 4090 primum
3091 4020 3165 4076 de
3194 4022 3309 4078 hoc
3336 4020 3706 4077 monasterio

2052 4105 2362 4162 dubitavit.
2403 4107 2656 4179 Ipsaque
2693 4108 3021 4178 recognitio
3060 4110 3342 4181 praeclare
3387 4110 3706 4183 adprobat,

2054 4196 2467 4252 monasterium
2485 4196 2930 4253 Macrinitissum
2944 4199 3339 4269 patriarchale
3351 4200 3707 4269 habendum,

2055 4290 2235 4357 atque
2274 4285 2664 4341 Demetriadis
2706 4287 3059 4359 episcopum
3090 4288 3321 4344 nullam
3359 4289 3710 4346 monasterii

2055 4374 2239 4445 hujus
2301 4374 2669 4431 Macrinitissi
2707 4377 3229 4448 participationem
3278 4378 3519 4435 habere.
3583 4381 3711 4435 Imo

2058 4480 2199 4519 vero
2229 4468 2284 4519 et
2311 4467 2436 4536 ipse
2470 4464 2665 4520 Blattaz
2707 4481 3020 4521 successor
3066 4466 3128 4521 in
3173 4467 3524 4540 episcopatu
3570 4473 3712 4525 Neo-

2062 4554 2285 4625 phytus
2296 4552 2762 4609 declarationem
2783 4555 3070 4626 scriptam
3088 4555 3273 4627 dedit,
3300 4563 3481 4630 atque
3505 4559 3717 4614 Deme-

349 4651 607 4722 ἔγγραφον
638 4645 834 4710 ἐξέθετο
890 4650 981 4699 xui
1036 4645 1210 4715 αὐτὸς,
1255 4649 1345 4698 xui
1399 4646 1537 4705 ὅπως
1585 4646 1610 4695 6
1660 4643 1955 4716 Δημητριά-
1989 4644 2032 4697 D
2066 4647 2120 4699 tr;

1947 4670 1955 4679 -
1989 4644 2032 4697 D
2066 4643 2269 4699 triadis
2300 4644 2652 4715 episcopum
2686 4642 2913 4699 nullam
2940 4647 3283 4701 monasterii
3312 4646 3494 4718 hujus
3515 4647 3718 4704 Macri-

354 4736 449 4800 δος
499 4738 559 4791 οὐ
616 4741 829 4811 μετέχει
877 4737 944 4799 εἰς
998 4741 1093 4796 τὴν
1136 4741 1296 4810 μονὴν
1334 4739 1530 4794 ταύτην
1596 4744 1693 4796 τῆς
1755 4740 1957 4805 Μακρι-

350 4832 616 4895 νιτίσσης,
667 4824 937 4901 διασαφεῖ,
990 4824 1286 4900 άναφανδόν
1360 4829 1756 4900 πατριαρχικήν
1832 4822 1961 4875 εἶναι

354 4920 552 4976 ταύτην
610 4916 895 4990 ὁμολογῶν.
977 4922 1078 4969 Καὶ
1131 4916 1299 4980 ἔξεστι
1346 4924 1417 4989 τῷ
1473 4914 1768 4989 βουλομένῳ
1813 4916 1961 4966 καθέ-

354 5026 533 5062 καστα
565 5014 669 5059 τῶν
727 5002 1099 5080 δικαιωμάτων
1145 5005 1507 5078 ἀναλέγεσθαι,
1557 5010 1647 5058 καὶ
1702 5009 1795 5063 τὴν
1848 5006 1965 5056 τού-

354 5118 457 5151 των
507 5096 875 5170 ἂναγνωρίζειν
947 5092 1190 5168 δύναμιν,
1265 5099 1351 5147 xui
1411 5096 1685 5170 γνωρίζειν
1744 5094 1877 5154 ὃπως
1933 5094 1962 5152 ὴ

360 5191 491 5262 μονὴ
521 5190 911 5261 πατριαρχικὴ,
972 5190 1062 5239 xui
1106 5181 1355 5258 οὐδεμίαν
1405 5188 1637 5258 μετοχὴν
1700 5186 1726 5236 6
1793 5192 1969 5256 Δημη-

357 5273 581 5354 τριάδος
608 5275 656 5328 ἓν
686 5283 815 5336 αῡτῆ
840 5279 1106 5333 κέκτηται-
1157 5275 1215 5327 οὐ
1246 5279 1398 5348 μόνον
1444 5270 1503 5327 δὲ
1543 5274 1591 5327 ἐν
1649 5274 1804 5340 αὐτῆ,
1863 5272 1969 5325 ἀλλ’

362 5370 481 5421 οὔτε
529 5365 577 5419 έν
626 5374 699 5433 τῷ
748 5365 1091 5440 παραλαυρίῳ
1162 5365 1320 5425 αὐτῆς
1371 5373 1444 5436 τῷ
1482 5363 1557 5416 ἐπ’
1614 5363 1829 5437 ὀνόματι
1880 5369 1971 5415 τοῦ

365 5460 518 5510 ὁσίου
564 5455 896 5531 Ὀνουφρίου,
950 5454 1070 5506 ὀτι
1115 5456 1216 5530 γὰρ
1257 5459 1345 5507 καὶ
1402 5456 1428 5506 6
1477 5455 1621 5515 ὅσιος
1680 5454 1976 5527 Ὀνούφριος

368 5549 783 5623 πατριαρχικόν,
838 5549 896 5598 τό
943 5547 1166 5619 γράμμα
1230 5540 1499 5619 διατρανοί
1574 5551 1664 5596 τοῦ
1728 5552 1799 5615 τῷ
1862 5548 1978 5595 τότε

367 5644 537 5711 καιρῷ
561 5639 629 5689 τὰ
664 5638 1034 5713 πατριαρχικὰ
1062 5640 1226 5688 ἐκεῖσε
1257 5632 1520 5695 διέποντος
1578 5630 1765 5686 δίκαια
1810 5634 1981 5687 Ἰωάν-

372 5748 463 5783 νου
494 5723 741 5786 διακόνου
780 5734 874 5781 τοῦ
919 5727 1179 5797 Ἀττικοῦ,
1228 5730 1288 5779 τό
1356 5723 1450 5780 διά
1488 5745 1605 5779 τινα
1659 5732 1752 5778 τοῦ
1807 5728 1981 5797 Δημὴ-

2065 4728 2255 4789 nitissi
2276 4732 2793 4805 participationem
2835 4733 3058 4789 habere
3088 4735 3481 4804 demonstrat,
3513 4736 3722 4809 palam

2069 4827 2392 4895 aperteque
2424 4822 2819 4894 patriarchale
2848 4822 2996 4878 illud
3025 4839 3155 4880 esse
3184 4827 3607 4897 pronuntians.
3640 4827 3729 4883 Li-

2072 4918 2164 4969 cet
2183 4928 2362 4985 porro
2381 4912 2621 4968 cuilibet
2657 4911 2878 4968 volenti
2897 4912 3136 4983 singula
3164 4915 3563 4973 instrumenta
3592 4932 3727 4989 per-

2071 5002 2287 5073 legere,
2319 5016 2649 5073 eorumque
2692 5002 2816 5057 vim
2861 5002 3331 5074 deprehendere,
3392 5022 3463 5062 ac
3518 5021 3727 5077 nosse,

2075 5092 2386 5164 quomodo
2400 5092 2833 5149 monasterium
2858 5092 3257 5164 patriarchale
3271 5096 3364 5165 sit,
3377 5095 3731 5169 nullamque

2077 5183 2234 5239 illius
2262 5182 2781 5254 participationem
2809 5180 3031 5238 habeat
3081 5185 3475 5241 Demetriadis
3506 5186 3736 5259 episco-

2079 5288 2232 5345 pus:
2261 5287 2383 5327 non
2406 5271 2603 5327 solum
2620 5277 2822 5328 autem
2858 5270 3041 5338 illius,
3078 5272 3185 5328 sed
3222 5289 3420 5348 neque
3467 5275 3737 5332 radiculas

2082 5363 2196 5435 ipsi
2222 5362 2523 5433 adjunctae
2558 5361 2671 5417 sub
2709 5360 2952 5416 nomine
2985 5362 3176 5418 sancti
3226 5364 3536 5437 Onuphrii.
3567 5365 3744 5431 Quod

2086 5453 2248 5509 enim
2276 5457 2331 5507 et
2361 5452 2549 5508 sancti
2580 5450 2869 5523 Onuphrii
2900 5450 3157 5509 aedicula
3179 5454 3593 5525 patriarchalis
3644 5455 3742 5524 sit,

2087 5543 2400 5615 perspicue
2432 5540 2771 5597 manifestat
2800 5539 3007 5597 charta
3031 5542 3280 5598 Joannis
3300 5544 3537 5601 diaconi
3553 5544 3747 5614 Attici,

2091 5648 2162 5688 eo
2189 5638 2454 5704 tempore
2467 5630 2890 5704 patriarchalia
2901 5632 3040 5701 jura
3062 5632 3557 5703 administrantis,
3586 5634 3752 5691 facta

2095 5724 2411 5783 occasione
2440 5722 2732 5780 molestiae
2761 5721 3085 5793 cujusdam
3108 5722 3283 5781 illatae
3306 5741 3342 5783 a
3360 5722 3754 5804 Demetriadis~
