4484 6446
828 383 928 438 943
2034 380 2315 436 ARSENll
2359 380 2458 437 cp.
2500 379 2990 438 PATRIARCHE.
3196 364 3235 400 '
4090 389 4194 446 944

823 504 1128 578 episcopo,
1147 518 1283 576 quae
1301 501 1521 558 idcirco
1551 500 1799 558 refertur
1819 501 1880 557 in
1913 502 2084 558 dictis
2107 505 2476 575 patriarcha-
2504 509 2550 560 Α
2586 525 2594 537 ι

2418 509 2550 560 a-A
2586 502 2803 578 τριάδος
2857 506 3248 580 παρενόχλησιν
3325 511 3551 580 γεγονός,
3603 516 3690 562 καὶ
3740 509 4010 585 ἐμφέρεται
4075 518 4189 586 περὶ

822 593 979 648 libus
996 591 1514 664 hypomnematis.
1553 593 1634 646 Ac
1651 590 1996 662 simpliciter
2025 594 2186 663 quod
2213 609 2345 648 vere
2375 609 2477 665 pa-
2585 614 2593 624 ·

2418 610 2477 650 a-
2585 599 2770 646 τούτου
2802 601 2889 646 καὶ
2920 595 2969 646 ἐν
3000 604 3108 657 τοῖς
3140 594 3524 668 διειλημμένοις
3599 608 4011 670 πατριαρχικαίς
4067 603 4189 654 ύπο-

822 681 1160 737 triarchalia
1201 680 1319 735 sint
1348 683 1470 734 tam
1520 679 1951 735 monasterium
1999 681 2470 749 Macrinitissum,
2584 704 2593 753 1

2415 699 2470 749 n,
2584 689 2842 754 μνήμασι.
2901 690 2999 736 Καὶ
3059 684 3231 746 ἀπλώς
3284 688 3363 736 ὅτι
3419 691 3786 760 πατριαρχικά
3827 694 3915 740 καὶ
3989 693 4046 739 τό
4093 698 4186 748 τῆς

821 785 1012 842 quam
1045 771 1227 839 hujus
1255 769 1581 840 hospitium
1603 773 1847 823 sanctus
1890 769 2256 840 Onuphrius,
2310 771 2475 827 nulla
2585 777 2592 822 1

2418 771 2475 827 la
2585 777 3008 843 Μηκρινιτὶσσης
3045 779 3410 847 μοναστηριον,
3461 781 3546 826 καὶ
3592 780 3650 826 τό
3701 779 3884 826 τούτου
3941 782 4186 847 μετόχιον

821 863 911 914 est
939 857 1255 922 dubitatio,
1287 856 1395 912 sed
1434 856 1664 912 clarum
1693 861 1784 910 est
1834 861 2014 928 atque
2057 857 2118 911 in
2177 857 2469 914 confesso.
2585 881 2592 908 ι

2413 874 2469 914 Ο.
2585 861 2611 910 6
2670 862 2813 922 ὅσιος
2862 860 3162 934 Ὀνούφριος
3221 860 3442 935 οὐδεμία
3494 863 3795 935 ἀμφιϐολία,
3857 864 3985 915 ἀλλά
4039 886 4183 937 φανε-

822 945 1216 1019 Similiterque
1277 944 1618 1002 indubitata
1681 943 2006 1017 multisque
2062 946 2472 1002 instrumentis
2581 969 2593 1021 1

2415 948 2472 1002 is
2581 952 2669 1021 ρόν
2717 954 2807 1001 καὶ
2893 950 3315 1023 ὁμολογούμενον.
3407 952 3581 1024 ’Ὁμως
3667 950 3719 1005 δ’
3767 954 3854 1005 οὖν
3908 959 3998 1006 καὶ
4030 956 4186 1015 οὕτως

820 1035 1180 1092 conﬁrmata
1192 1035 1306 1090 hac
1320 1049 1403 1101 re,
1420 1048 1631 1090 rursus
1644 1049 1701 1088 m
1711 1033 1840 1103 agis
1861 1032 2313 1100 conﬁrmantur,
2336 1051 2471 1107 quae
2583 1058 2591 1088 ‹

2414 1051 2471 1091 .aa
2583 1036 2932 1109 ὰναμφιϐόλου
2979 1045 3067 1090 καὶ
3117 1039 3319 1100 πολλοῖς
3368 1039 3416 1092 ἐν
3465 1037 3791 1112 δικαιώμασι
3840 1040 4054 1113 βεϐαίου
4093 1050 4185 1094 τοῦ

818 1124 900 1182 ad
928 1122 1361 1180 monasterium
1383 1125 1440 1178 et
1455 1121 1551 1191 adj
1566 1126 1808 1177 unctam
1824 1121 2140 1178 aediculam
2156 1123 2470 1194 pertinent.
2580 1145 2589 1178 τ

2417 1128 2470 1180 [ι.
2580 1127 2901 1199 πράγματος,
2932 1124 3048 1179 οὐδ’
3079 1129 3231 1190 αὖθις
3271 1132 3343 1200 μὴ
3394 1134 3484 1181 καὶ
3539 1128 3710 1182 πλεῖον
3761 1130 4060 1204 ένστηρίξαι
4123 1134 4188 1183 τὰ

816 1215 947 1270 Non
974 1212 1155 1283 igitur
1183 1210 1446 1283 amplius
1476 1209 1713 1266 diﬁerre
1743 1210 1948 1280 voluit,
1983 1211 2470 1268 ardentissimum
2579 1233 2587 1245 ι

2416 1229 2470 1268 m
2579 1223 2670 1274 τῆς
2694 1224 2855 1286 μονῆς
2875 1221 2964 1268 καὶ
2993 1224 3085 1269 τοῦ
3142 1218 3504 1291 παραλαυρίου
3562 1218 3726 1279 αὐτῆς
3782 1222 3990 1271 τούτου.
4051 1219 4187 1271 Ούκ-

815 1317 961 1373 erga
979 1301 1110 1358 haec
1129 1316 1400 1357 amorem
1428 1300 1717 1366 nutriens,
1750 1301 1982 1370 animo:
2003 1301 2196 1372 magis
2248 1301 2466 1369 adhuc,
2580 1323 2586 1352 ε

2416 1319 2466 1369 c,
2580 1321 2667 1354 ουν
2731 1300 3071 1357 ούδοπωσούν
3149 1301 3477 1358 διανεϐάλετο
3556 1308 3582 1358 6
3640 1306 3766 1380 ύπερ
3820 1310 4014 1360 τούτων
4068 1304 4183 1360 διά-

814 1406 1004 1464 quam
1030 1405 1300 1462 corpore,
1328 1388 1749 1444 nobilissimus
1783 1390 2126 1444 Comnenus
2187 1389 2470 1447 dominus
2578 1412 2585 1442 -.

2406 1408 2470 1447 us
2578 1411 2741 1466 πυρόν
2796 1393 3002 1467 φίλτρον
3060 1397 3276 1467 τρέφων,
3323 1396 3347 1445 ό
3397 1399 3486 1446 καὶ
3549 1394 3735 1466 ψυχὴν
3787 1396 3891 1468 οὐχ
3947 1393 4102 1454 ἧττον
4149 1399 4177 1456 ἦ

813 1479 1092 1536 Nicolaus
1120 1476 1912 1535 Maliasinusmoderationis
1966 1478 2470 1548 nostrazﬁdilectis-
2577 1499 2584 1531 :

2411 1497 2470 1534 .s-
2577 1483 2712 1532 κατά
2754 1490 2906 1553 σῶμα
2959 1482 3110 1553 εἰμὴ
3169 1487 3258 1534 καὶ
3313 1483 3501 1555 μᾶλλον
3549 1484 3913 1554 εύγενέστατος
3967 1487 3992 1536 6
4049 1493 4182 1558 Κομ-

815 1569 1005 1624 simus
1041 1566 1225 1622 ﬁlius.
1258 1565 1361 1621 Hic
1421 1565 1582 1620 enim
1623 1581 1763 1620 cum
1793 1564 2160 1622 laudabilem
2199 1567 2390 1623 zelum
2432 1584 2468 1625 a
2576 1588 2586 1619 ι

2432 1584 2468 1625 a
2576 1572 2724 1628 νηνὸς
2776 1574 2937 1644 κυρός
2983 1570 3242 1632 Νικόλαος
3291 1573 3316 1623 6
3378 1570 3735 1643 Μαλιασηνός,
3789 1577 3848 1625 τό
3903 1583 3992 1634 τῆς
4036 1576 4181 1646 ἡμῶν

811 1662 981 1731 patre
1002 1656 1302 1712 suobeato
1333 1654 1640 1710 Comneno
1662 1653 1912 1709 domino
1945 1653 2334 1711 Constantino
2357 1659 2466 1713 Ma-
2574 1679 2582 1730 1

2412 1673 2466 1713 a-
2574 1663 2910 1732 μετριότητος
2965 1658 3235 1729 ἀγαπητόν
3310 1664 3500 1714 τέκνον.
3577 1661 3739 1721 Οὗτος
3790 1665 3909 1736 γὰρ,
3986 1663 4183 1716 ἐπαινε-

807 1748 1026 1804 liasino
1049 1744 1350 1814 derivarit,
1381 1747 1502 1800 toto
1531 1743 1736 1799 animo
1795 1748 2036 1815 totaque
2087 1749 2285 1800 mente
2333 1762 2463 1802 mo-
2572 1766 2578 1776 ·

2410 1762 2463 1802 ζ)-
2572 1749 2657 1798 τόν
2686 1747 2840 1806 ζῆλον
2892 1747 3154 1800 ἀναλαϐὼν
3212 1757 3301 1800 τοῦ
3362 1753 3557 1822 πατρὸς
3606 1750 3767 1802 αύτοῡ
3821 1759 3912 1803 τοῦ
3958 1758 4181 1825 μακαρί-

807 1835 1052 1893 nasterii
1103 1833 1285 1905 hujus
1344 1831 1736 1901 Macrinitissi,
1797 1837 1854 1888 et
1895 1832 2137 1905 hospitii
2189 1834 2461 1904 ejusdem
2489 1855 2578 1912 Β·

2409 1851 2461 1891 m
2489 1855 2535 1912 Β
2573 1854 2664 1888 του
2698 1835 2888 1889 ἐκείνου
2952 1844 3220 1909 Κομνηνοῡ
3269 1847 3431 1912 κυροῦ
3481 1845 3870 1893 Κωνσταντίνου
3926 1851 4018 1894 τοῦ
4069 1850 4180 1896 Μα-

805 1925 1122 1983 utilitatem
1135 1922 1402 1986 anhelat;
1421 1920 1590 1978 ardet
1606 1920 1853 1977 omnino
1875 1936 1985 1993 pro
2007 1921 2460 1980 conﬁrmatione
2572 1925 2576 1976 ἶ

2410 1940 2460 1980 ie
2572 1925 2956 1996 λιασηνού,όλη
3007 1926 3162 1998 ψυχῆ
3217 1932 3308 1979 καὶ
3359 1934 3535 2000 γνώμη
3577 1929 3666 1986 ὅλη
3726 1934 3863 1982 πνέει
3909 1931 4036 2006 ὑπὲρ
4085 1940 4181 1995 τῆς

805 2019 864 2073 et
899 2014 1181 2072 beneﬁtio
1224 2027 1455 2078 eorum,
1506 2010 1992 2083 tranquillitatem
2045 2015 2223 2083 atque
2266 2014 2459 2070 omni-
2569 2037 2576 2086 1

2406 2014 2459 2070 ,i-
2569 2016 2732 2086 μονῆς
2759 2019 2950 2076 ταύτης
2997 2024 3094 2078 τῆς
3141 2023 3566 2089 Μακρινιτίσσης
3632 2024 3722 2071 καὶ
3774 2027 3866 2072 τοῦ
3923 2025 4177 2092 μετοχίου

803 2103 1310 2164 modamillorum
1355 2100 1688 2157 libertatem
1727 2099 2047 2171 desiderat,
2091 2117 2459 2175 omnemque
2569 2128 2574 2153 ‹

2411 2119 2459 2160 le
2569 2103 2751 2165 αύτῆς·
2815 2101 3032 2158 σπεύδει
3093 2107 3219 2180 ὑπὲρ
3289 2109 3595 2168 συστάσεως
3657 2107 3824 2160 αὐτῶν
3869 2113 3958 2161 καὶ
4003 2106 4182 2163 ἐπιδόο

800 2195 1074 2254 laborem
1099 2194 1161 2249 in
1189 2192 1305 2248 hoc
1335 2206 1489 2263 opus
1504 2189 1759 2246 confert:
1784 2191 2076 2261 quoniam
2093 2199 2458 2249 memoratus
2569 2224 2571 2234 ‹

2406 2209 2458 2248 is
2569 2211 2719 2259 σεως,
2774 2198 2864 2245 καὶ
2911 2196 2968 2246 τὸ
3018 2193 3440 2269 ἀπαρενόχλητον
3490 2201 3580 2248 καὶ
3614 2193 3952 2249 ἀδιάσειστον
3982 2201 4177 2249 τούτων

800 2287 935 2358 ejus
967 2289 1136 2358 pater
1164 2282 1379 2338 beatus
1415 2279 1512 2336 ille
1554 2279 1814 2335 multum
1841 2279 2156 2344 laboravit,
2186 2287 2242 2337 et
2273 2282 2455 2354 pluri-
2564 2302 2571 2332 τ

2402 2283 2455 2338 πί-
2564 2283 2732 2347 ποθεῖ,
2792 2287 2880 2334 καὶ
2946 2284 3116 2335 πάντα
3198 2288 3351 2336 πόνον
3417 2285 3544 2358 ύπερ
3623 2287 3807 2337 τούτου
3869 2287 4173 2357 ὑφίσταται.

798 2390 969 2432 mam
994 2371 1270 2430 adhibuit
1292 2385 1500 2426 curam
1530 2367 1609 2425 ad
1640 2369 2075 2425 monasterium
2095 2370 2456 2427 conﬁrman-
2566 2370 2569 2390 ’

2404 2387 2456 2427 λ-
2566 2369 2709 2422 Ἐπεί
2758 2375 2840 2422 τοί
2909 2391 2968 2442 γε
3045 2377 3133 2425 καὶ
3205 2375 3229 2424 6
3285 2375 3652 2445 μνημονευθεὶς
3712 2377 3896 2426 τούτου
3948 2378 4175 2450 πατὴρὸ

798 2463 968 2535 dum,
1003 2465 1068 2518 ut
1095 2459 1440 2533 simpliciter
1463 2457 1686 2523 dicam,
1720 2456 1899 2530 quale
1946 2458 2130 2514 modo
2181 2465 2270 2515 est
2327 2460 2454 2530 (sed
2563 2493 2569 2532 1

2402 2460 2454 2516 td
2563 2464 2859 2535 μακαρίτης
2925 2459 3113 2522 ἐκεῖνος
3187 2462 3467 2534 πάμπολλα
3539 2467 3842 2515 κεκοπίακεν
3906 2465 4031 2538 ὑπὲρ
4081 2473 4173 2518 τοῦ

793 2553 933 2610 licet
955 2553 1072 2609 hoc
1087 2565 1289 2616 nosse,
1319 2551 1498 2620 atque
1516 2547 1853 2618 perspicere
1883 2546 1939 2601 in
1957 2547 2455 2619 patriarchalibus
2562 2572 2564 2580 ι

2399 2566 2455 2606 13
2562 2554 2657 2607 τὴν
2695 2554 2856 2621 μονὴν
2909 2559 3270 2616 καταστῆσαι,
3323 2550 3496 2611 ἁπλῶς
3557 2553 3734 2623 φάναι,
3795 2554 3864 2614 εἰς
3917 2553 3942 2604 ὃ
4008 2552 4170 2610 ἐστιν.

794 2642 1051 2700 relatum
1067 2636 1557 2712 hypomnematis
1586 2639 1624 2706 ).
1658 2636 1759 2690 Hic
1797 2635 1977 2705 igitur
2033 2653 2169 2693 vere
2192 2638 2454 2707 religiosi
2561 2638 2565 2649 ⁴

2406 2639 2454 2695 si
2561 2637 2700 2691 Ἀλλ’
2751 2639 2863 2701 ἐξὸν
2907 2647 3061 2692 τοῦτο
3117 2642 3419 2711 γνωσθῆναι
3458 2640 3506 2692 ἐν
3571 2643 3678 2702 τοῖς
3760 2653 4176 2718 πατριαρχικοῖς

793 2730 983 2804 patris
1011 2728 1324 2798 religiosus
1352 2725 1533 2792 ﬁlius,
1582 2724 1796 2780 divinis
1866 2726 2116 2781 omnino
2167 2725 2449 2796 intentus,
2563 2767 2564 2771 η

2393 2744 2449 2796 λε,
2563 2726 2901 2800 ἐμφερόμενον
2942 2729 3332 2802 ὑπομνήμασιν.
3391 2726 3556 2793 Οὗτος
3605 2727 3654 2783 δ’
3709 2732 3796 2783 οὖν
3851 2734 3876 2784 6
3917 2732 4164 2807 ἐνέργοις

793 2825 1233 2893 paternamque
1266 2832 1476 2872 curam
1491 2816 1554 2870 in
1579 2815 1824 2887 iis,quaa
1854 2815 1930 2870 ad
1948 2816 2449 2888 Deum'spectant,

2411 2822 2449 2885 t,
2565 2817 2844 2888 θεαρέστου
2897 2820 3090 2886 πατρὸς
3177 2820 3452 2892 θεάρεστος
3492 2822 3626 2885 υίὸς,
3683 2821 3708 2871 6
3778 2823 4026 2892 θεάρεστα
4083 2827 4175 2875 καὶ

794 2909 1069 2966 aemulari
1099 2921 1484 2978 summopere
1499 2904 1768 2973 studens,
1791 2905 1999 2976 quales
2023 2921 2145 2960 non
2177 2906 2453 2963 adhibuit
2564 2967 2565 2974 η

2399 2907 2453 2963 iit
2564 2903 2932 2977 βουλευόμενος
2979 2911 3069 2958 καὶ
3143 2903 3609 2980 διαπραττόμενος,
3660 2914 3748 2960 καὶ
3801 2906 4040 2962 σπεύδων
4099 2916 4170 2983 μῆ

791 3015 1000 3072 preces
1029 2996 1194 3071 apud
1232 2994 1711 3051 moderationem
1741 3009 1964 3055 meam,
1993 3000 2213 3066 quotve
2245 3001 2451 3066 postu-

2400 3014 2451 3051 1—
2563 2993 2843 3064 ἀπολεῐψαι
2878 3002 2972 3056 τῆς
3001 3004 3264 3069 πατρικῆς
3308 2994 3549 3058 σπουδῆς
3599 2996 3647 3049 ἐν
3695 3005 3806 3059 τοῖς
3863 2996 3976 3051 Θεῶ
4045 2996 4171 3052 δια-

791 3086 1117 3145 lationibus
1143 3098 1389 3140 exorare
1415 3098 1538 3138 non
1560 3082 1782 3137 destitit
1803 3096 1927 3137 non
1959 3082 2175 3146 solum,
2208 3089 2273 3138 ut
2299 3099 2450 3155 prae-

2397 3101 2450 3139 e-
2562 3086 2800 3154 φέρουσι,
2862 3092 2989 3136 ποῖα
3039 3089 3132 3142 τὴν
3191 3087 3334 3156 ἡμῶν
3389 3089 3448 3137 ού
3514 3086 3901 3161 παρεκλὴτευσε
3951 3094 4168 3160 μητριό-

790 3178 998 3235 berem
1026 3173 1394 3234 monasterio
1420 3172 1558 3227 huic
1589 3187 1794 3226 meum
1815 3171 2250 3242 hypomnema,
2270 3173 2446 3228 sedet
2492 3249 2518 3252 _
2558 3194 2561 3203 ε

2401 3177 2446 3228 3t
2558 3189 2724 3239 τητα;
2754 3178 2897 3224 πόσα
2946 3173 3004 3224 ού
3060 3175 3568 3243 καθικέτευσεν;ού
3646 3181 3765 3250 περὶ
3846 3186 3937 3230 τοῦ
3992 3181 4172 3252 επορε-

789 3266 1056 3343 praafecti
1087 3264 1439 3322 electionem
1463 3266 1519 3318 et
1556 3262 1851 3324 ordinem,
1884 3262 2058 3318 valde
2090 3262 2447 3335 deprecatus
2480 3249 2519 3304 C
2557 3323 2560 3332 η

2401 3281 2447 3318 ιε
2480 3249 2519 3304 C
2557 3263 2759 3332 χθῆναι
2814 3267 2966 3333 μόνον
3019 3272 3080 3321 τῆ
3145 3271 3274 3335 μονῆ
3329 3266 3495 3322 ταύτῃ
3545 3270 3636 3317 καὶ
3699 3249 3972 3337 ἦμεδαπόν
4046 3249 4172 3320 ύπό-

790 3363 884 3416 est
909 3361 967 3414 et
1027 3354 1296 3412 maximo
1349 3351 1582 3409 ardoris
1611 3350 1860 3407 fervoris
1883 3366 2000 3422 que
2021 3351 2249 3424 impetu
2275 3353 2449 3410 obse-
2557 3393 2561 3420 1

2400 3370 2449 3410 ε-
2557 3370 2756 3422 μνημα,
2805 3349 2933 3403 ἀλλὰ
2982 3357 3072 3404 καὶ
3117 3357 3233 3426 περὶ
3280 3359 3374 3414 τῆς
3439 3361 3529 3406 τοῦ
3610 3355 3896 3426 ἡγουμένου
3951 3355 4171 3428 ἐκλογῆς

789 3446 1018 3514 crabat,
1051 3446 1445 3517 impenseque
1470 3440 1730 3512 rogabat
1770 3439 2224 3512 supplicationis
2262 3442 2448 3500 ﬁnem
2556 3459 2560 3489 :

2402 3460 2448 3500 ῃ
2556 3444 2646 3492 καὶ
2700 3439 2863 3502 τάξως
2909 3439 3066 3493 πολύν
3120 3440 3440 3516 παρεξέτεινε
3494 3445 3580 3494 τόν
3627 3444 3820 3496 ἱκέσιον
3872 3447 4004 3516 μετά
4058 3447 4173 3518 θερ-

787 3536 1012 3594 videre.
1042 3536 1109 3590 Et
1127 3532 1224 3588 hic
1254 3530 1502 3604 quidem
1543 3546 1853 3585 summum
1885 3545 2030 3600 erga
2060 3533 2247 3586 Deum
2278 3548 2446 3588 amo-
2555 3579 2558 3599 λ

2400 3549 2446 3588 )-
2555 3535 2660 3600 μῆς
2687 3533 2774 3580 καὶ
2833 3530 3056 3590 ζεούσης
3108 3531 3268 3602 ὁρμῆς
3320 3530 3597 3598 ἠντιϐόλει,
3651 3531 3955 3606 ἐξελιπάρει,
4014 3539 4171 3609 πέρας

786 3641 918 3684 rem
937 3625 1055 3680 hoc
1082 3621 1270 3679 modo
1291 3619 1552 3677 ostendit
1583 3635 1596 3673 :
1614 3618 1947 3674 moderatio
1961 3623 2163 3674 autem
2186 3637 2323 3677 mea
2344 3638 2447 3693 op-
2553 3639 2557 3649 λ

2402 3638 2447 3693 _).
2553 3626 2649 3677 τῆς
2702 3617 2898 3678 ἱκεσίας
2958 3615 3105 3672 ἰδεῖν.
3173 3617 3308 3670 Ἀλλ’
3363 3615 3515 3680 οὗτος
3566 3622 3656 3691 μὲν
3703 3628 3924 3673 τοιαῦτα
3971 3626 4067 3680 τὴν
4103 3623 4173 3683 είς

787 3715 936 3772 timo
963 3711 1274 3785 proposito
1304 3708 1565 3778 benigne
1592 3723 1891 3774 annuens,
1924 3707 2214 3779 piumque
2265 3709 2445 3780 hujus
2554 3725 2558 3753 ι

2400 3728 2445 3766 is
2554 3712 2682 3760 Θεὸν
2747 3707 2954 3778 ἀγάπην
3034 3705 3237 3771 δεικνύς
3301 3714 3395 3768 τὴν
3450 3709 3721 3766 αύτού.Ἡ
3777 3708 3836 3764 δὲ
3891 3717 4171 3788 μετριότης

787 3804 895 3861 viri
923 3807 1131 3859 votum
1161 3797 1519 3871 adimplens,
1545 3813 1808 3869 praesens
1830 3797 2198 3853 omnimodae
2221 3798 2443 3854 immu-
2553 3816 2558 3844 τ

2400 3816 2443 3854 ι..
2553 3798 2700 3868 ἡμῶν
2726 3805 2818 3857 τῆς
2860 3799 3061 3868 ἀγαθῆς
3117 3799 3409 3871 προθέσεως
3456 3795 3816 3872 ἀποδεξαμένη
3861 3804 3948 3853 τὸν
3996 3799 4171 3876 ἄνδρα

785 3891 988 3950 nitatis
1016 3890 1432 3963 hypomnema
1471 3885 1728 3950 exhibet,
1751 3885 1956 3941 virtute
1988 3886 2184 3956 cujus,
2231 3893 2288 3942 et
2319 3889 2444 3960 Spi-
2551 3905 2556 3937 :

2401 3889 2444 3944 i-
2551 3891 2759 3944 καὶτῆν
2787 3885 2951 3938 αὑτοῦ
3009 3889 3280 3962 θεάρεστον
3333 3892 3534 3940 ἱκεσίαν
3587 3887 3882 3961 πληροῦσα,
3939 3894 3996 3942 τό
4041 3911 4172 3965 παρ-

784 3984 928 4040 ritus
951 3980 1139 4037 sancti
1165 3978 1376 4051 gratia,
1427 3975 1654 4042 deﬁnit,
1707 3975 1955 4030 omnino
2004 3974 2260 4031 liberum
2314 3992 2443 4034 esse
2552 4000 2555 4021 ι

2396 3993 2443 4034 se
2552 3977 2606 4026 όν
2655 3983 2744 4035 τῆς
2816 3975 3095 4036 καθολικῆς
3137 3975 3422 4050 ἐλευθερίας
3521 3975 3789 4035 ἐκτίθησιν
3861 3980 4167 4060 ὑπόμνημα,

785 4073 1014 4129 dictum
1069 4065 1504 4125 monasterium
1568 4064 2046 4132 Macrinitissum,
2125 4065 2442 4138 ipsiusque
2552 4088 2556 4109 ‹

2397 4083 2442 4123 ιθ
2552 4059 2625 4115 δι’
2658 4060 2718 4115 οὖ
2767 4069 2857 4116 καὶ
2888 4063 2935 4115 ἐν
2986 4063 3122 4136 ἁγίῳ
3175 4069 3436 4137 Πνεύματι
3486 4062 3779 4141 διορίζεται
3830 4059 4168 4122 παντάπασιν

784 4159 1117 4234 hospitium
1146 4160 1422 4213 sanctum
1471 4153 1870 4225 Onuphrium,
1929 4157 2133 4224 utpote
2176 4171 2313 4226 quae
2340 4172 2443 4228 ρει-
2552 4176 2555 4201 ι

2394 4172 2443 4212 3,-
2552 4151 2815 4227 ἐλευθέραν
2880 4173 3009 4206 ειναι
3083 4159 3170 4212 τήν
3241 4173 3294 4206 τε
3359 4155 3610 4229 ῥηθεῖσαν
3662 4164 3753 4217 τῆς
3795 4160 4165 4232 Μακρινίσσης

784 4247 1128 4309 triarchalia
1155 4245 1341 4302 modo
1366 4247 1526 4310 sunt,
1551 4259 1620 4297 ac
1638 4257 1875 4313 semper
1889 4247 2080 4308 erunt,
2097 4245 2442 4301 etnomina-
2550 4283 2555 4314 1

2394 4262 2442 4301 3,-
2550 4247 2846 4314 μονὴν,καὶ
2882 4247 2940 4295 τό
2989 4245 3182 4303 ταύτης
3234 4249 3481 4316 μετόχιον
3526 4249 3613 4297 τόν
3665 4246 3812 4318 ἅγιον
3862 4248 4165 4324 Ὀνούφριον

779 4342 1031 4409 buntur,
1056 4335 1393 4393 secundum
1410 4349 1502 4404 ea,
1533 4331 1757 4404 quibus
1811 4333 2099 4387 instructa
2149 4339 2307 4402 sunt,
2353 4334 2441 4390 di-

2396 4336 2441 4390 i-
2552 4332 2620 4393 ὡς
2650 4334 3020 4406 πατριαρχικά
3057 4337 3147 4384 καὶ
3197 4336 3319 4384 ὄντα
3356 4339 3447 4386 καὶ
3501 4333 3644 4387 ἐσαεὶ
3703 4334 3924 4408 ἐσόμενά
3962 4356 4018 4390 τε
4074 4359 4164 4392 και

781 4431 1056 4505 plomata
1094 4432 1276 4499 atque
1292 4422 1716 4498 patriarcbalia
1749 4421 2229 4494 hypomnemata
2265 4440 2441 4480 sanc-

2392 4441 2441 4480 3—
2552 4420 3020 4494 ὁνομασθησόμενα
3075 4425 3211 4474 κατά
3280 4425 3346 4475 τά
3393 4428 3661 4498 προσόντα
3712 4425 3886 4487 αὐτοῖς
3950 4423 4163 4480 δικαιὼ-

780 4526 981 4579 torum
1003 4515 1482 4591 patriarcharum
1504 4516 1956 4568 antecessorum
1978 4527 2275 4568 meorum.
2310 4513 2419 4568 Nul
2550 4573 2551 4580 η

2388 4513 2419 4568 ιι
2550 4528 2691 4582 ματα
2743 4515 2833 4563 καὶ
2911 4513 2978 4563 τὰ
3052 4515 3423 4587 πατριαρχικά
3491 4515 3841 4587 ὑπομνήματα
3909 4525 4008 4568 τῶν
4058 4521 4159 4591 πρό

777 4608 1064 4679 lusigitur
1075 4605 1349 4664 omnium
1364 4601 1671 4670 ordinum,
1691 4603 1813 4656 sive
1829 4599 2289 4670 ecclesiasticus,
2316 4603 2441 4659 sive
2471 4605 2517 4659 D

2392 4619 2441 4659 re
2471 4605 2517 4659 D
2551 4600 2695 4670 ἡμῶν
2727 4599 3027 4672 ἁγιωτάτων
3054 4611 3422 4675 πατριαρχῶν.
3461 4599 3654 4665 Ούδεὶς
3702 4605 3790 4656 οὖν
3846 4614 3944 4657 τῶν
4001 4607 4163 4659 ἁπάν-

774 4700 987 4765 laicus,
1012 4697 1137 4753 sive
1161 4698 1422 4760 senator,
1453 4691 1578 4747 sive
1630 4689 1907 4762 specialis
1960 4690 2267 4762 quaapiam
2311 4709 2444 4763 per-

2391 4709 2444 4747 r-
2549 4707 2649 4742 των
2677 4693 2776 4742 εἴτε
2830 4689 3292 4759 ἐκκλησιαστικός,
3350 4696 3380 4751 ἣ
3445 4689 3796 4765 δημοσιακός,
3843 4697 3872 4753 ῆ
3933 4697 4162 4768 συγκλη-

775 4804 928 4846 sona
954 4785 1178 4845 audeat
1206 4797 1481 4855 unquam
1506 4780 1606 4851 jus
1646 4778 1894 4852 aliquod
1917 4779 1979 4834 in
2023 4779 2093 4834 iis
2119 4795 2437 4838 revocare:

2385 4797 2437 4838 3:
2549 4783 2713 4847 τικός,
2747 4784 2777 4838 ἤ
2819 4777 3083 4833 ἰδιωτικόν
3114 4786 3390 4856 πρόσωπον
3422 4782 3674 4855 τολμήσει
3703 4789 3909 4837 πώποτε
3948 4781 4156 4839 δίκαιόν

778 4877 882 4936 sed
938 4891 1137 4948 neque
1188 4872 1294 4946 qui
1321 4887 1432 4943 pro
1484 4875 1752 4942 tempore
1801 4868 1977 4924 fuerit
2048 4871 2441 4927 Demetriadis
2548 4894 2549 4900 η

2391 4872 2441 4927 is
2548 4889 2601 4922 τι
2633 4867 3055 4923 ἀνακαλέσασθαι
3095 4869 3150 4922 ἐκ
3199 4870 3394 4932 αὐτοῖς.
3425 4871 3565 4926 Ἀλλ’
3596 4870 3720 4926 οὐδὲ
3776 4873 3924 4935 αὐτὸς
3971 4876 3996 4927 6
4022 4878 4159 4928 κατά

777 4967 1120 5041 episcopus,
1145 4963 1440 5020 rationem
1469 4959 1692 5015 habeat
1732 4958 1958 5029 autjus
2020 4957 2356 5030 quodpiam
2379 4961 2440 5016 in
2547 4982 2548 4985 η

2384 4961 2440 5016 in
2547 4963 2759 5034 καιροὺς
2790 4956 3159 5035 Δημητριάδος
3180 4959 3463 5023 ἐπίσκοπος
3513 4960 3664 5035 λόγον
3704 4961 3803 5026 ἔξει
3856 4964 3886 5023 ῆ
3948 4960 4155 5018 δικαιο-

774 5057 1006 5115 dictum
1050 5051 1510 5120 monasterium,
1561 5047 1656 5104 vel
1703 5052 1982 5104 sanctum
2032 5048 2434 5120 Onuphrium.

2383 5066 2434 5107 [ι.
2546 5048 2724 5122 λογίαν
2754 5053 2870 5103 τινὰ
2899 5049 2966 5111 εἰς
2997 5054 3090 5109 τὴν
3123 5051 3375 5126 ῥηθεῖσαν
3428 5057 3590 5124 μονὴν
3651 5053 3681 5112 ῆ
3753 5053 3821 5114 εἰς
3866 5057 3953 5106 τὸν
4007 5053 4154 5127 ἆγιον

774 5145 1028 5221 Speciali
1072 5143 1234 5200 enim
1287 5140 1517 5197 ratione
1572 5137 1741 5194 illum
1797 5137 2058 5194 excludit
2101 5137 2436 5197 moderatio

2383 5140 2436 5197 io
2546 5138 2868 5215 Ὀνούφριον.
2929 5137 3241 5214 Ἰδικωτέρω
3297 5147 3386 5194 καὶ
3450 5143 3552 5216 γὰρ
3605 5141 3741 5215 λόγῳ
3793 5142 4154 5216 ἀποπέμπεται

772 5253 934 5308 mea,
972 5238 1178 5306 utpote
1209 5232 1314 5305 qui
1353 5229 1667 5286 turbarum
1707 5244 1890 5284 causa
1935 5227 1996 5283 in
2065 5229 2434 5287 monasterio

2384 5229 2434 5287 io
2545 5231 2574 5287 ἡ
2617 5234 2893 5305 μετριότης
2923 5235 3068 5303 ἡμῶν
3095 5237 3298 5298 τοῦτον,
3333 5234 3397 5292 ὡς
3450 5231 3604 5284 αύτόν
3660 5251 3784 5286 ποτε
3833 5241 3932 5285 τῶν
3990 5233 4155 5305 ὀχλή-

771 5343 902 5385 esse
932 5325 1140 5382 soleat.
1172 5326 1306 5380 Haec
1325 5321 1408 5378 ita
1423 5317 1633 5375 deﬁnit
1689 5317 2020 5374 moderatio
2075 5333 2232 5385 mea,
2266 5323 2323 5375 et
2349 5319 2434 5376 in-

2379 5335 2434 5376 n-
2545 5337 2672 5371 σεων
2700 5322 2861 5372 αἴτιον
2895 5326 2958 5378 τῆ
3013 5329 3167 5392 μονῆ.
3219 5327 3398 5374 Ταῦτα
3452 5322 3587 5373 ούτω
3638 5319 3931 5396 διορίζεται
3975 5325 4005 5381 ἡ
4064 5342 4150 5396 με-

769 5421 1059 5475 temerata
1085 5415 1148 5470 in
1195 5415 1545 5486 perpetuum
1594 5423 1833 5464 servare
1872 5407 2145 5479 cupiens,
2191 5422 2432 5464 excom-

2378 5425 2432 5464 ει-
2541 5413 2748 5482 τριότης
2804 5411 2969 5482 ἡμῶν·
3039 5414 3127 5464 καὶ
3201 5408 3518 5486 ἀπαράϐατα
3595 5407 3966 5486 διατηρεῖσθαι
4020 5411 4149 5486 βου-

768 5505 1243 5564 municationem
1264 5500 1478 5571 inﬂigit
1501 5515 1538 5554 a
1558 5497 1797 5554 viviﬁca
1830 5496 2105 5553 Trinitate
2136 5497 2431 5553 adversus

2376 5514 2431 5553 18
2540 5497 2723 5571 λομένη
2780 5499 2846 5559 εἰς
2903 5496 3141 5568 δινέκειν,
3176 5498 3468 5576 ἀφορισμόν
3584 5500 3801 5555 ἐπισείεί
3892 5506 3981 5555 τόν
4045 5501 4147 5556 ἀπὸ

768 5614 894 5668 eos,
940 5596 1046 5670 qui
1103 5593 1399 5664 abrogare
1449 5587 1805 5646 tentaverint
1856 5587 2175 5660 quidpiam
2219 5603 2430 5645 eorum
2538 5616 2539 5621 π

2378 5605 2430 5645 m
2538 5599 2633 5652 τῆς
2683 5591 2994 5665 ζωαρχικῆς
3073 5589 3302 5666 Τριάδος
3353 5596 3490 5647 κατά
3537 5603 3637 5647 τῶν
3681 5596 4038 5653 ἀθετησόντων
4095 5613 4149 5648 τε

765 5704 905 5763 quae
934 5686 1186 5746 deﬁnita
1214 5687 1355 5742 sunt
1385 5700 1399 5754 ;
1448 5679 2069 5739 excommunicatione
2127 5677 2421 5751 damnati,

2378 5678 2421 5751 ἱ,
2537 5688 2636 5733 τῶν
2681 5677 3060 5757 διωρισμένων.
3113 5681 3253 5736 Ἀλλ’
3306 5686 3386 5737 ὅτε
3435 5687 3524 5757 μεν
3573 5681 3879 5739 ἁλίσκονται
3913 5693 3985 5757 τῷ
4023 5688 4149 5758 ἀφο-
