4484 6446
341 401 448 456 945

340 530 518 594 ρισμῷ
582 524 631 574 οἱ
705 519 959 579 ἀθετῆσαί
1011 538 1063 572 τι
1108 526 1208 571 τῶν
1267 519 1635 593 ἕντεταλμένων
1691 523 1940 595 πειραθη-

342 615 573 682 σόμενοι,
604 613 838 662 ἴστωσαν
859 616 1014 661 τοῦτο
1065 607 1236 660 αὐτοίο
1288 611 1318 668 ἠ
1369 605 1428 662 δε
1473 614 1744 684 μετριότης
1796 611 1940 681 ἡμῶν

341 704 432 752 καὶ
463 704 581 772 μερὶ
601 707 691 759 τῆς
719 698 934 769 ἂκλογῆς
981 705 1073 750 τοῦ
1125 697 1174 751 ἕν
1224 704 1287 770 τῇ
1352 707 1478 771 μονῇ
1535 707 1628 761 τῆς
1681 706 1942 770 Μακρινι-

342 791 530 847 τίσσης
577 795 902 859 προεστῶτος
954 792 1123 838 ταῦτα
1195 783 1464 840 διατυποῐ.
1516 787 1736 840 Ὀπόταν
1786 788 1944 857 ἠγοῦ-

342 893 491 947 μενος
544 883 643 926 τῶν
698 882 869 947 χρεῶν
928 874 1305 950 λειτουργήσας
1357 878 1483 948 πρὸς
1541 878 1730 947 Κύριον
1777 871 1942 931 ὶκδη-

342 968 516 1034 μήση,
546 965 769 1034 γινέσθω
806 961 991 1034 ἐκλογὴ
1059 971 1380 1034 προεστῶτος
1427 965 1527 1016 ὑπὸ
1584 967 1786 1016 πάντων
1843 973 1942 1016 τῶν

344 1048 575 1123 ἀδελφῶν
623 1051 730 1124 μετ’
810 1048 1060 1113 εἰδησεως
1130 1058 1218 1105 καὶ
1287 1061 1378 1104 τοῦ
1438 1054 1698 1124 θεοφιλοῦς
1753 1051 1945 1130 ἀνδρὸς

341 1143 528 1193 τούτου
575 1148 668 1192 τοῦ
720 1140 1086 1212 εὐγενεστάτου
1139 1147 1407 1213 Κομνηνοῦ
1462 1149 1624 1213 κυροῦ
1685 1143 1942 1196 Νικολάου

341 1230 705 1300 Μαλιασηνοῦ,
772 1237 864 1281 τοῦ
934 1230 1174 1282 πλεῖστον
1251 1233 1370 1283 ὅσον
1438 1236 1786 1303 πνευματικὸν
1854 1253 1943 1286 κε-

337 1324 594 1391 κτημένου
623 1321 788 1394 ἔρωτα
824 1322 955 1393 πρὸς
990 1324 1082 1378 τὴν
1128 1324 1288 1391 μονὴν
1328 1323 1522 1377 ταύτην
1570 1326 1659 1372 καὶ
1688 1325 1753 1374 τὰ
1805 1323 1936 1381 αὐτῆ

340 1405 670 1480 διαφέροντα.
707 1409 858 1460 Οὕτω
906 1411 1007 1483 γὰρ
1067 1408 1312 1480 βούλεται
1371 1411 1400 1468 ἡ
1461 1415 1727 1484 μετριότης
1777 1413 1941 1482 ἡμῶν,

339 1498 423 1549 ἶνα
450 1502 540 1549 καὶ
580 1499 689 1568 μετ’
721 1497 882 1550 αὑτοῦ
910 1503 1120 1568 γίνηται
1150 1500 1179 1556 ἡ
1240 1506 1333 1551 τοῦ
1384 1502 1672 1570 ἡγουμένου
1735 1498 1944 1572 ἐκλογὴ.

336 1586 421 1645 Εἰς
451 1585 605 1637 αὑτὸν
634 1588 736 1660 γὰρ
762 1590 852 1637 καὶ
919 1586 990 1648 εἰς
1037 1590 1156 1648 τοὺς
1231 1583 1483 1658 ἀδελφοὺς
1541 1587 1772 1650 ἅπαντας
1825 1594 1947 1652 τοὺς

336 1673 477 1746 ἕντῇ
539 1683 667 1747 μονῇ
730 1673 1011 1733 ἀνατίθησι
1066 1679 1132 1728 τὰ
1186 1683 1282 1737 τῆς
1325 1674 1538 1746 ἐκλογης
1593 1684 1684 1727 τοῦ
1724 1679 1948 1750 ἡγουμέσ

332 1782 424 1815 νου
453 1765 481 1821 ἡ
511 1769 783 1838 μετριότης
805 1765 967 1835 ἡμῶν.
1017 1769 1116 1817 Καὶ
1168 1770 1337 1836 χωρὶς
1389 1761 1635 1826 εἰδήσεως
1678 1771 1767 1818 καὶ
1829 1766 1944 1839 ἀρε-

1192 394 1642 454 PRIVILEGIUM
1676 397 1810 454 PRO
1849 395 2294 455 MONASTERIO
2334 392 2851 450 MACRINITISSO.

3611 390 3721 448 946

2056 518 2160 590 qui
2191 521 2630 591 praeceptorum
2660 516 2889 589 aliquid
2919 515 3217 584 abrogare
3279 514 3565 583 auserint,
3598 530 3704 573 ma

2052 612 2236 664 neant
2260 606 2322 662 in
2353 622 2424 662 eo
2455 610 2633 662 statu.
2669 605 2992 662 Moderatio
3017 608 3220 660 autem
3245 619 3384 661 mea
3427 604 3586 662 circa
3624 620 3718 661 or—

2052 695 2254 752 dinem
2285 701 2468 768 atque
2494 695 2846 752 electionem
2887 693 3152 766 praefecti
3207 694 3560 749 monasterii
3607 696 3724 751 Ma-

2052 786 2330 841 crinitissi
2360 786 2489 840 haec
2517 784 2863 856 praescribit.
2899 786 3045 840 Cum
3075 782 3392 855 praafectus
3440 782 3715 840 debitum

2053 876 2171 929 Deo
2197 874 2455 930 reddens
2485 879 2758 929 mortuus
2791 873 2981 941 fuerit,
3042 873 3149 928 ﬁat
3191 871 3454 943 praefecti
3507 871 3717 928 electio

2052 962 2131 1019 ab
2161 962 2444 1019 omnibus
2472 962 2772 1029 fratribus,
2815 962 3034 1017 sciente
3090 960 3371 1031 religioso
3418 960 3549 1017 viro
3599 960 3718 1017 hoc

2051 1051 2425 1108 nobilissimo
2463 1054 2770 1107 Comneno
2801 1051 3024 1106 domno
3083 1049 3324 1106 Nicolao
3381 1049 3712 1116 Maliasino,

2053 1142 2158 1212 qui
2187 1142 2446 1213 plurimo
2473 1145 2653 1213 atque
2684 1140 2978 1213 spirituali
3026 1155 3232 1195 amore
3284 1139 3719 1195 monasterium

2054 1235 2112 1284 et
2139 1246 2275 1301 quin
2302 1231 2381 1285 ad
2411 1230 2613 1302 ipsum
2643 1233 2934 1302 spectant,
2964 1228 3360 1300 amplectitur.
3391 1229 3498 1288 lita
3554 1226 3719 1283 enim

2055 1320 2328 1390 praecipit
2363 1319 2695 1376 moderatio
2743 1333 2900 1388 mea,
2957 1324 3023 1374 ut
3078 1319 3211 1389 ipso
3271 1317 3556 1388 participe
3611 1317 3720 1373 ﬁat

2055 1408 2316 1478 praefecti
2345 1408 2570 1464 electio.
2607 1412 2668 1463 In
2699 1409 2900 1479 ipsum
2932 1407 3093 1462 enim
3137 1410 3194 1462 et
3237 1405 3449 1462 fratres
3505 1420 3716 1461 omnes

2057 1497 2403 1552 monasterii
2433 1496 2714 1552 transfert
2739 1497 2838 1568 jus
2870 1495 3127 1564 eligendi
3151 1495 3413 1567 praefecti
3442 1494 3715 1552 modera-

2057 1585 2136 1640 tio
2164 1601 2319 1653 mea,
2349 1591 2403 1640 et
2426 1584 2833 1657 absqueillius
2866 1585 3114 1640 scientia
3169 1589 3225 1639 et
3274 1583 3495 1656 placito
3546 1583 3715 1639 nolu-

2055 1688 2191 1728 mus
2242 1673 2370 1728 ﬁeri
2442 1674 2813 1729 electionem.
2877 1672 2990 1728 Sed
3039 1671 3320 1727 monachi
3376 1687 3589 1727 omnes
3656 1678 3718 1731 et

2057 1762 2393 1818 Comnenus
2423 1763 2517 1818 hic
2550 1762 2897 1818 electionem
2923 1760 3116 1817 facere
3142 1761 3383 1817 debent.
3415 1762 3562 1818 Cum
3605 1778 3712 1819 au-

337 1857 516 1914 σκείας
544 1858 632 1905 καὶ
677 1856 862 1905 τούτου
912 1853 970 1905 οὐ
1023 1854 1226 1926 θέλομεν
1273 1855 1512 1924 γίνεσθαι
1569 1859 1660 1912 τὴν
1711 1854 1939 1926 ἐκλογήν·
1975 1879 2019 1932 Β
2054 1855 2107 1906 te

1975 1879 2019 1932 Β
2054 1855 2172 1906 tem
2200 1852 2335 1924 quis
2361 1852 2669 1908 communi
2690 1866 2990 1906 consensu
3017 1849 3239 1906 electus
3275 1849 3467 1918 fuerit,
3491 1851 3540 1906 si
3582 1853 3710 1923 qui-

336 1940 766 2014 ἆλλόἰμοναχοὶ
795 1944 982 2004 πάντες
1021 1947 1108 1995 καὶ
1168 1945 1194 1994 ό
1254 1947 1518 2015 Κομνηνὸς
1570 1943 1715 2004 οὗτος
1774 1946 1943 1998 ποιεί-

332 2051 509 2083 τωσαν
556 2035 651 2089 την
733 2030 964 2102 ἐκλογήν.
1041 2031 1135 2084 ’ον
1207 2029 1258 2084 δ’
1301 2033 1361 2084 οἷν
1419 2041 1596 2093 κοινῶς
1645 2033 1945 2107 ἁρεσθέντες

333 2118 652 2188 ἓκλέξωνται,
688 2120 731 2172 εἰ
785 2123 875 2192 μεν
951 2123 1093 2192 τύχη
1161 2119 1209 2172 ἐν
1275 2128 1384 2183 τοῖς
1439 2120 1606 2175 ἐκεῖσε
1665 2119 1863 2193 διάγων
1917 2125 1943 2176 ό

1294 2210 1488 2285 ἕξαρχο
1498 2233 1538 2280 ς,
1617 2214 1944 2285 σφραγιζέτω

331 2299 486 2352 αὐτόν
533 2308 837 2372 προεστῶτα
909 2304 1043 2352 κατά
1115 2303 1172 2352 τό
1219 2299 1456 2353 ἀνέκαθεν
1508 2299 1942 2359 ἐκκλησιαστικὸν

332 2389 461 2449 ἔθος·
515 2388 559 2440 εἰ
634 2384 684 2440 δ’

331 2477 555 2549 ἔξαρχον
598 2477 646 2529 έν
694 2484 802 2539 τοῖς
848 2480 1073 2550 μέρεσιν,
1124 2477 1148 2530 ὁ
1191 2477 1411 2550 έκλεγεὶς
1489 2479 1561 2540 εἰς
1613 2486 1942 2552 προστασίαν

328 2570 473 2641 παρά
492 2575 590 2618 τῶν
650 2575 896 2639 μοναχῶν
944 2570 1148 2619 πάντων
1206 2573 1295 2620 καὶ
1339 2576 1430 2620 τοῦ
1503 2575 1769 2640 Κομνηνοῦ
1815 2573 1940 2622 τού-

332 2218 434 2261 τῶν
481 2217 882 2284 πατριὰρχικῶν
975 2206 1194 2262 δικαίων

768 2389 826 2440 οὐ
885 2391 1027 2460 τύχη
1074 2393 1192 2442 τότε
1235 2391 1364 2442 εἶναι
1420 2394 1496 2441 τὸν
1552 2396 1941 2464 πατριαρχικόν

328 2675 442 2720 του,
503 2657 567 2716 ὡς
618 2651 1026 2720 διατετύπωται,
1122 2655 1461 2731 ἐπικρατείτω
1569 2658 1725 2718 αὐτὸς
1804 2658 1940 2711 οὕτω

328 2746 590 2797 πάντατά
637 2753 727 2804 τῆς
780 2754 942 2816 μονῆς
990 2751 1080 2798 καὶ
1132 2749 1226 2804 τὴν
1281 2751 1459 2816 πονὴν⁹
1521 2752 1616 2799 καὶ
1662 2744 1940 2820 διεξαγέτω

328 2835 500 2885 πάντα
529 2835 596 2895 ὡς
624 2839 890 2908 προεστὼς
945 2839 1107 2907 μέχρι
1159 2842 1343 2908 καιροῦ
1399 2843 1492 2895 τῆς
1544 2832 1793 2908 ὸδημίας
1849 2846 1940 2888 τοῦ

328 2930 724 2996 πατριαρχικοῦ
777 2921 1027 2994 ἐξάρχου,
1104 2923 1270 2985 οὕτως
1328 2926 1397 2984 ὡς
1445 2924 1615 2996 ἔμελλε
1685 2922 1939 2996 διεξάγειν

327 3019 497 3064 ταῦτα
525 3017 614 3064 καὶ
648 3014 981 3084 σφραγισθεί.
1053 3011 1186 3066 Ἀλλ’
1235 3014 1317 3065 ὅτε
1367 3009 1656 3085 ἕνδημήσει
1712 3016 1736 3065 ὁ
1793 3015 1940 3089 ἔξαρ-

327 3120 449 3172 χος,
522 3102 890 3176 σφραγιζέσθω
968 3104 1110 3176 παρὰ
1216 3108 1309 3154 τοῦ
1408 3101 1657 3176 ἐξάρχου.
1747 3103 1941 3164 Ἀπλῶς

327 3191 430 3263 γάρ
455 3190 542 3242 ὑπ’
595 3187 803 3251 οὐδενός
869 3190 1041 3265 ἑτέρου
1098 3193 1558 3265 σφραγισθήσεται
1605 3194 1630 3244 ὁ
1683 3201 1774 3252 τῆς
1828 3200 2014 3282 Ma-C

327 3283 675 3351 κρινιτίσσης,
727 3281 1026 3351 ἡγούμενος,
1073 3280 1116 3332 εἰ
1165 3285 1235 3352 μὴ
1294 3283 1438 3352 παρὰ
1485 3288 1576 3341 τῆς
1641 3283 1787 3353 ἡμῶν
1845 3301 1939 3354 με-

324 3372 613 3443 τριότητος,
661 3369 823 3441 ἢμην
880 3375 972 3420 τοῦ
1026 3367 1254 3444 ἐξάρχου
1300 3370 1478 3430 αὐτῆς.
1532 3370 1821 3442 Ἀνηνέχθη
1883 3366 1942 3425 δὲ

323 3463 415 3510 καὶ
440 3463 557 3533 περὶ
598 3465 691 3511 τοῦ
757 3461 1163 3530 καταταχθῆναι
1247 3459 1316 3519 εἰς
1399 3458 1754 3532 παραλαύριον
1846 3468 1942 3522 τῆς

321 3552 763 3621 Μακρινιτίσσης,
821 3553 915 3606 την
993 3551 1128 3600 κατὰ
1173 3553 1266 3606 τὴν
1311 3547 1510 3620 ἐνορίαν
1565 3557 1661 3611 τῆς
1704 3549 1940 3620 ἁγιωτά-

321 3655 417 3697 της
454 3636 748 3697 ἐπισκοπῆς
834 3636 1131 3690 Βελεστίνου
1211 3634 1544 3710 διακειμένην
1629 3643 1790 3709 μονὴν
1847 3647 1943 3700 τῆς

321 3728 584 3798 πανάγνου
641 3730 900 3779 Θεοτόκου
965 3731 1058 3784 τὴν
1116 3725 1199 3780 ἐπὶ
1255 3732 1630 3801 σταυροπηγίῳ
1675 3730 1764 3799 μὲν
1817 3731 1943 3779 ταύ-

324 3836 422 3878 της
467 3825 562 3877 τῆς
627 3802 912 3876 ἐπισκοπῆς
982 3815 1301 3882 Βελεστίνου,

330 3913 492 3980 κυροῦ
546 3905 836 3979 Ἱλαρίωνος
906 3903 964 3959 δε
1029 3906 1326 3979 λεγομένην.

1391 3813 1770 3888 δεδομημένην,
1852 3823 1944 3868 τοῦ

1429 3908 1568 3960 Ἐπεὶ
1624 3912 1795 3959 τοίνυν
1841 3914 1946 3967 τοῖς

334 3999 524 4070 ἔχουσι
554 3995 716 4054 αὐτὴν
761 3995 968 4053 θελητόν
999 3994 1113 4047 ἐστι
1142 4002 1392 4069 μετόχιον
1463 3998 1728 4049 ὑποθεῖναι
1783 3996 1945 4054 αὐτὴν

336 4085 404 4146 εἰς
446 4089 540 4143 τὴν
622 4089 783 4156 μονὴν
861 4093 957 4145 τῆς
1001 4089 1446 4158 Μακρινιτίσσης,
1514 4083 1808 4157 διορίζεται
1859 4090 1949 4137 καὶ

335 4183 490 4228 τοῦτο
539 4175 569 4232 ἠ
647 4178 920 4249 μετριότης
973 4175 1120 4246 ἡμῶν
1169 4174 1303 4226 οὕτω
1349 4177 1610 4246 γενέσθαι,
1652 4179 1740 4227 καὶ
1792 4193 1949 4227 κατα-

339 4265 612 4336 ταχθῆναι
663 4267 860 4322 ταύτην
928 4268 1022 4322 τὴν
1091 4268 1251 4336 μονὴν
1299 4271 1393 4316 τοῦ
1446 4272 1608 4338 κυροῦ
1662 4263 1952 4338 Ἰλαρίωνος

340 4356 588 4426 μετόχιον
649 4362 746 4414 τῆς
824 4358 1266 4427 Μακρινιτίσσης.
1339 4355 1616 4406 Κανόνικὸν
1687 4356 1785 4428 γὰρ
1861 4357 1951 4405 καὶ

339 4450 493 4494 τοῦτο
525 4447 613 4494 καὶ
641 4439 868 4496 δίκαιον.
904 4441 1044 4499 Πλὴν
1071 4444 1096 4493 ὁ
1127 4440 1406 4502 ἐπὶσκοπος
1468 4442 1526 4494 οῦ
1595 4441 1679 4494 ἐπὶ
1735 4461 1951 4516 σταυρο-

627 3814 912 3876 ἐπισκοπῆς

341 4532 573 4602 πηγίῳή
608 4535 760 4603 μονὴ,
809 4529 974 4602 ἐχέτω
1033 4529 1080 4582 ἐν
1133 4530 1265 4587 αὐτῇ
1325 4535 1418 4589 τὴν
1473 4529 1731 4604 ἀναφορὰν
1790 4531 1948 4583 αὑτοῦ

339 4625 430 4672 καὶ
481 4624 538 4672 τὸ
601 4619 918 4692 ὀφειλόμενον
993 4621 1129 4691 αὐτῷ
1203 4625 1488 4675 κανονικὸν.
1577 4621 1686 4692 Ἐφ’
1754 4621 1950 4672 ἅπασιν

342 4710 430 4762 οὖν
480 4712 677 4771 τούτοις
729 4709 952 4782 ἐγεγόνει
991 4718 1052 4768 τῆ
1135 4708 1474 4782 διειλημμένη
1525 4719 1653 4782 μονῆ
1697 4718 1788 4770 τῆς
1831 4718 1953 4764 Μα-

339 4804 676 4874 κρινιτίσσης
703 4805 794 4852 καὶ
819 4805 954 4852 πᾶσι
983 4807 1088 4860 τοῖς
1129 4799 1258 4858 αὐτῆ
1325 4797 1632 4875 διαφέρουσι
1686 4801 1743 4852 τὸ
1790 4803 1955 4876 παρόν

2052 1941 2191 1996 dem
2214 1942 2520 2014 contingat
2540 1941 2622 1996 ibi
2651 1941 2940 1996 diversari
2963 1938 3456 2012 patriarchalium
3481 1940 3710 2010 jurium

2053 2030 2377 2086 exarchum
2389 2075 2401 2098 ,
2419 2046 2591 2085 cruce
2604 2029 2964 2099 insigniatur
2975 2029 3054 2084 ab
3068 2045 3138 2084 eo
3151 2028 3485 2100 praefectum
3503 2045 3714 2086 secun-

2053 2117 2202 2174 dum
2231 2118 2544 2190 antiquam
2566 2117 3036 2174 ecclesiasticam
3079 2115 3599 2174 consuetudinem.
3652 2118 3712 2174 Si

2052 2213 2254 2264 autem
2285 2207 2552 2264 fortassis
2584 2207 2741 2262 absit
2770 2205 2848 2261 ab
2879 2206 2950 2261 iis
2982 2205 3254 2278 partibus
3279 2205 3711 2277 patriarchicus

2052 2296 2370 2366 exarchus,
2392 2296 2835 2352 monachorum
2876 2294 3150 2351 omnium
3177 2299 3233 2350 et
3255 2294 3545 2352 Comneni
3572 2311 3711 2352 con-

2055 2401 2236 2440 sensu
2266 2385 2488 2440 electus
2520 2385 2785 2453 antistes,
2827 2384 2979 2440 sicut
3021 2383 3384 2456 praeﬁnitum
3436 2387 3543 2451 est,
3603 2384 3713 2440 ob-

2053 2473 2235 2529 tineat
2263 2473 2388 2545 ipse
2412 2474 2637 2542 omnia,
2667 2489 2802 2546 quae
2835 2472 2915 2530 ad
2943 2473 3382 2529 monasterium
3440 2476 3714 2545 spectant

2052 2577 2176 2619 una
2192 2579 2326 2618 cum
2341 2564 2709 2620 monasterio
2723 2564 2874 2635 ipso,
2891 2568 2948 2618 et
2965 2563 3336 2619 administret
3348 2563 3556 2620 omnia
3580 2566 3712 2619 tan-

2051 2669 2237 2726 quam
2269 2652 2581 2725 prrefectus
2631 2667 2821 2725 usque
2875 2653 2954 2708 ad
2998 2652 3256 2708 reditum
3300 2652 3712 2725 patriarchalis

2050 2742 2312 2810 exarchi,
2345 2758 2416 2798 eo
2449 2757 2695 2814 prorsus
2721 2740 2928 2808 modo,
2960 2756 3083 2814 quo
3129 2741 3414 2814 deinceps
3461 2741 3715 2798 admini-

2051 2836 2345 2888 straturus
2376 2837 2484 2899 est,
2522 2847 2662 2887 cum
2721 2847 2896 2887 cruce
2953 2831 3274 2900 insignitus
3327 2831 3520 2888 fuerit.
3567 2833 3714 2888 Cum

2049 2937 2189 2977 vero
2202 2921 2439 2977 redierit
2452 2920 2747 2976 exarchus
2758 2963 2771 2984 ,
2796 2924 2925 2975 tum
2944 2919 3020 2975 ab
3034 2935 3102 2975 eo
3117 2935 3291 2974 cruce
3323 2920 3710 2990 insigniatur:

2051 3008 2281 3066 anullo
2311 3008 2632 3065 enim’alio
2681 3007 3052 3064 Macrinitissi
3107 3007 3419 3079 praefectus
3475 3024 3716 3066 crucem

2049 3098 2311 3170 recipere
2342 3102 2554 3170 potest,
2585 3101 2990 3170 praeterquam
3019 3112 3056 3153 a
3086 3096 3502 3154 moderatione
3553 3113 3715 3161 mea,

2050 3187 2146 3242 vel
2172 3186 2328 3242 illius
2352 3188 2633 3243 exarcho.
2668 3187 3048 3258 Propositum
3114 3190 3204 3243 est
3260 3191 3486 3256 autem,
3536 3190 3602 3243 ut
3653 3187 3716 3243 in

2050 3275 2382 3348 hospitium
2460 3275 2828 3333 Macrinitissi
2905 3274 3215 3345 redigatur
3278 3275 3716 3333 monasterium

2053 3364 2443 3420 sanctissimae
2458 3364 2725 3436 Deiparaa
2751 3363 2928 3419 situm
2955 3379 3145 3435 prope
3164 3364 3524 3420 territorium
3546 3379 3716 3421 sanc-

2051 3453 2262 3510 tissimi
2288 3454 2675 3526 episcopatus
2703 3453 2995 3521 Belestini,
3027 3453 3142 3508 sub
3169 3453 3393 3510 ditione
3457 3453 3710 3526 quidem

2049 3543 2231 3613 hujus
2263 3542 2537 3598 Belestini
2595 3542 2865 3615 episcopi
2918 3541 3306 3610 aediﬁcatum,
3365 3542 3717 3616 dictumque

2050 3632 2258 3688 domni
2291 3632 2645 3689 Hiliarionis.
2674 3633 2972 3698 Quoniam
3003 3632 3184 3703 igitur
3224 3633 3380 3689 illius
3445 3648 3718 3705 posesso-

2049 3737 2145 3778 res
2176 3722 2237 3777 in
2266 3722 2596 3794 hospitium
2619 3722 2990 3778 Macrinitissi
3012 3722 3282 3793 redigere
3307 3724 3512 3795 ipsum
3531 3723 3720 3779 inten-

2052 3811 2222 3878 dunt,
2243 3811 2358 3867 hoc
2388 3812 2566 3867 etiam
2599 3811 2968 3868 exsecutioni
2994 3812 3274 3869 mandari
3302 3810 3567 3868 decernit
3591 3826 3718 3868 mo-

2052 3900 2280 3956 deratio
2311 3916 2466 3972 mea,
2508 3905 2566 3956 et
2606 3900 2799 3973 redigi
2850 3899 2967 3956 hoc
3017 3900 3456 3957 monasterium
3508 3894 3720 3957 domni

2055 3989 2371 4046 Hilarionis
2398 3990 2461 4045 in
2481 3989 2812 4061 hospitium
2843 3989 3214 4046 Macrinitissi
3246 4007 3258 4046 :
3290 3989 3406 4046 hoc
3431 3989 3595 4046 enim
3637 3988 3719 4046 le-

2055 4081 2277 4138 ditione
2302 4080 2736 4138 monasterium
2759 4085 2866 4149 est,
2895 4081 3153 4154 accipiat
3180 4080 3258 4137 ab
3298 4081 3434 4154 ipso
3493 4081 3721 4137 sensio-

2056 4187 2197 4228 nem
2223 4171 2615 4244 debitumque
2647 4171 2960 4229 tributum.
2991 4173 3310 4243 Propterea
3338 4171 3518 4242 igitur
3560 4171 3720 4229 dicto

2057 4261 2421 4318 monasterio
2486 4260 2876 4318 Macrinitisso
2944 4265 3001 4316 et
3057 4259 3341 4316 omnibus
3386 4261 3467 4316 ad
3518 4261 3722 4334 ipsum

2059 4350 2467 4423 spectantibus
2509 4365 2779 4422 praesens
2831 4350 3241 4422 hypomnema
3292 4349 3724 4407 moderationis

2058 4440 2521 4511 meaeimpertior
2534 4439 2611 4496 ad
2624 4444 2968 4512 perpetuam
2983 4439 3540 4497 ﬁrmitatem.Mense
3553 4441 3722 4498 Octo-

2058 4531 2149 4586 bri
2181 4530 2428 4585 decimae
2457 4529 2684 4601 quintae
2711 4529 3073 4593 indictionis,
3109 4528 3252 4586 anni
3310 4533 3447 4586 6765
3493 4531 3726 4603 (Christi

2066 4624 2241 4686 1257),
2273 4618 2434 4691 quod
2463 4618 2710 4690 quidem
2763 4618 3179 4690 hypomnema
3227 4619 3474 4692 propria
3533 4634 3725 4675 manu

2064 4708 2508 4764 subscribentes
2523 4706 3036 4777 subsignavimus,
3054 4710 3111 4764 et
3123 4713 3475 4765 consuetam
3490 4707 3724 4765 bullam

2065 4797 2313 4854 inferius
2343 4796 2798 4869 suspendimus.

341 4891 627 4964 ὑπόμνημα
667 4897 764 4952 τῆς
832 4891 977 4962 ἡμῶν
1052 4895 1389 4964 μετριότητος
1456 4891 1529 4951 εἰς
1587 4886 1801 4950 διηνεκῆ
1888 4888 2189 4962 ἀσφάλειαν.
2253 4889 2401 4941 Κατὰ
2457 4895 2597 4958 μῆνα
2647 4885 2959 4963 Ὀκτώϐριον
3003 4893 3100 4950 τῆς
3144 4890 3292 4941 πέντε
3353 4890 3444 4941 καὶ
3502 4883 3724 4951 δεκατης

341 4980 692 5052 ἐπινεμήσεως
763 4987 856 5032 τοῦ
900 4979 1362 5051 ἑξακισχιλιοστοῦ
1457 4980 1872 5033 ἑπτακοσιοστοῦ

1985 4979 2268 5043 ἑξηκοστοῦ
2340 4980 2577 5050 πέμπτου
2661 4978 2832 5039 ἔτους.

2944 4975 3027 5030 Ἐν
3270 4982 3361 5031 καὶ
3442 4985 3507 5038 τῆ
3566 4977 3723 5032 αὐτο-

340 5074 509 5143 χείρῳ
529 5070 802 5146 ὑπογραφῆ
827 5070 1273 5143 ὑποσημηναμένη
1309 5073 1339 5128 ἡ
1369 5074 1647 5144 μετριότης
1666 5071 1831 5144 ἡμῶν,
1876 5075 1965 5123 καὶ
1990 5073 2085 5128 τὴν
2121 5069 2321 5127 συνήθη
2349 5065 2571 5140 βοῦλλαν
2601 5069 2829 5121 κάτωθεν
2855 5065 3189 5142 ἁπηώρησεν.

555 5213 740 5286 Στίχοι
766 5215 830 5274 ὡς
849 5215 905 5266 εκ
933 5219 1217 5287 προσώπου
1248 5221 1340 5266 τοῦ
1391 5220 1658 5290 κτητορος.

416 5356 562 5428 Ἐμοὶ
582 5362 736 5430 μοναὶ
758 5363 896 5431 τρεῖς
919 5358 1030 5429 ἅμα
1070 5361 1476 5430 συντεταγμέναι

419 5450 521 5499 Καὶ
552 5454 663 5507 ταῖς
683 5446 957 5518 μεγίσταις
987 5445 1208 5504 κλήσεσι
1234 5447 1565 5521 κεκλημέναι,

415 5534 473 5588 Ἦ
505 5539 594 5608 μεν
623 5539 724 5611 γὰρ
752 5535 894 5588 ἐστιν
916 5535 969 5588 ἐκ
996 5543 1230 5610 χριστοῦ
1251 5544 1344 5588 τοῦ
1375 5542 1637 5611 Λατόμου,

415 5624 475 5678 ’Π
515 5623 566 5678 δ’
589 5624 644 5677 ἐκ
669 5627 933 5697 πανάγνου
953 5632 1042 5679 καὶ
1072 5629 1306 5703 καθαρᾶς
1343 5631 1626 5700 Παρθένου,

418 5719 582 5774 Ταίτη
618 5711 652 5769 δ
660 5715 855 5789 ’ἑφεξῆς
882 5716 1033 5780 αὖθις
1065 5716 1407 5790 ὠνομασμένη

2255 5212 2467 5268 Versus
2499 5216 2786 5283 tanquam
2813 5227 2888 5269 ea:
2910 5226 3169 5283 persona
3185 5211 3538 5269 conditoris.

2134 5357 2265 5414 Tria
2285 5357 2435 5414 mihi
2456 5358 2823 5415 monasteria
2853 5358 3032 5414 simul
3084 5361 3446 5426 constructa,

2135 5452 2326 5521 Atque
2357 5448 2660 5520 prmclaris
2686 5448 3040 5506 nominibus
3081 5453 3455 5521 nuncupata.

2140 5541 2336 5594 Unum
2365 5538 2612 5610 quidem
2644 5543 2735 5594 est
2762 5538 2976 5595 Christi
3020 5539 3268 5596 Latomi.

2133 5628 2399 5684 Alterum
2425 5628 2775 5685 castissima:
2807 5645 3096 5702 puraeque
3128 5629 3403 5701 Virginis,

2135 5718 2392 5776 Tertium
2419 5724 2623 5776 autem
2651 5734 2860 5777 rursus
2889 5719 3243 5793 insignitum
