4484 6446
811 377 914 436 94⁸7

812 501 1063 559 Nomine
1093 503 1480 559 Prascursoris
1506 506 1682 560 Novae
1725 508 1923 571 Petrae,

817 590 930 646 Sed
957 591 1085 661 jam
1117 606 1225 664 pro
1251 592 1343 648 his
1374 608 1444 648 ex
1474 593 1811 649 coelestibus
1841 595 2086 651 sedibus

813 677 1088 734 Validum
1122 680 1267 735 mihi
1291 680 1578 736 auxilium
1601 683 1823 754 prmbe,
1854 684 1953 739 Dei
1996 685 2271 755 Verbum,

815 769 1074 838 Meaeque
1106 769 1366 838 conjugi,
1401 770 1870 843 charissimoque
1913 772 2052 828 filio.

819 856 1205 927 Quaecunque
1244 858 1404 912 enim
1439 874 1474 913 a
1504 875 1598 914 me
1631 865 1797 930 gesta
1828 867 1988 930 sunt,

815 945 880 1001 In
892 945 1052 1001 hunc
1068 944 1250 1001 ﬁnem
1274 946 1599 1014 collimant,
1631 954 1809 1021 atque
1830 950 1943 1006 hoc
1966 952 2254 1024 consequi
2277 953 2472 1009 solum

1853 1037 2023 1111 [mihi
2050 1056 2206 1096 curae
2239 1046 2344 1098 est.

818 1126 972 1181 Dum
997 1124 1461 1181 intercedentem
1491 1126 1689 1182 habeo
1715 1128 2008 1198 optimam
2041 1129 2338 1200 Virginem

816 1217 864 1269 Α
894 1217 1175 1285 prompto
1200 1214 1423 1270 auxilio
1445 1214 1664 1282 solum,

816 1301 1227 1374 Maximusque
1258 1302 1502 1372 atfulget
1531 1304 1774 1360 luminis
1801 1305 1884 1360 tui
1933 1306 2237 1378 splendor,

813 1393 946 1448 Hac
977 1396 1119 1448 vota
1158 1392 1328 1450 facile
1357 1395 1644 1466 consequi
1707 1396 2089 1467 speraverim.

2018 383 2294 440 ARSENII
2335 384 2433 441 ΟΡ.
2493 384 2976 443 ΡΑΤΒΙΑΒΟΗᾸΞ.

4071 395 4173 450 948

2654 508 2740 560 Ἐκ
2768 505 3078 583 Προδρόμου
3105 515 3195 562 τοῦ
3224 512 3357 563 πάνυ
3380 519 3475 572 τῆς
3499 515 3633 574 Νέας
3679 517 3900 589 Πέτρας,

2657 598 2788 651 Ἀλλ’
2820 597 2932 650 ἀντὶ
2961 602 3154 650 τούτων
3187 599 3241 651 ἐκ
3266 609 3431 670 μονῶν
3460 602 3708 674 οὐρανίων

2654 690 2787 739 Λὶαν
2818 685 2931 757 ἐμοὶ
2963 689 3234 758 πάρασχε,
3257 696 3348 738 τοῦ
3370 695 3503 740 Θεοῦ
3535 694 3689 760 Λόγε,

2651 781 2721 832 Ti
2756 776 2970 846 συζύγῳ
2997 795 3049 826 τε
3075 780 3162 826 καὶ
3190 780 3345 847 τέκνῳ
3383 778 3695 849 πεφιλμένῳ.

2655 864 2798 936 Ἐμοὶ
2826 868 2924 937 ’γὰρ
2938 865 3072 916 ἅπαν
3096 862 3274 917 ἐνθαδὶ
3304 871 3658 941 πεπραγμένον

2653 953 2735 1014 Εἰς
2756 961 2906 1005 τοῦτο
2937 959 3106 1023 τείνει,
3131 958 3217 1006 καὶ
3247 963 3428 1026 τυχεῖν
3465 959 3604 1018 ζητῶ
3633 960 3806 1028 μόνον.

2653 1132 2801 1203 Ἔχω
2837 1138 3040 1203 μεσῖτιν
3073 1131 3273 1203 ἀγαθὴν
3298 1136 3390 1191 τὴν
3421 1135 3676 1205 Παρθένον

2652 1226 2756 1279 Τὴν
2780 1221 3032 1282 ὀξυτάτην
3065 1222 3134 1282 εἰς
3165 1221 3438 1293 ἐπίσκεψιν
3459 1227 3640 1294 μόνην,

2657 1317 2755 1363 Καὶ
2785 1314 2868 1361 τόν
2906 1315 3150 1382 μέγιστον
3181 1311 3292 1383 ἅμα
3321 1319 3411 1364 τοῦ
3437 1316 3601 1383 φωτὸς
3634 1311 3844 1383 λύχνον·

2657 1406 2754 1452 Καὶ
2792 1402 2915 1474 ῥᾷον
2943 1399 3002 1451 ἆν
3023 1403 3247 1472 τύχοιμι
3277 1405 3365 1452 καὶ
3393 1408 3493 1452 τῶν
3529 1399 3776 1458 ἐλπίδων.

2521 1557 4171 1587 _.____.______.___.______

2233 1690 2763 1782 ΔΙΑΘΗΚΗ

1271 1892 1411 1946 ΤΟΥ
1451 1898 1827 1948 ΑΓΙΩΤΑΤΟΥ
1872 1899 2195 1946 ΑΡΣΕΝΙΟΥ
2237 1894 2312 1966 (1)
2354 1901 2900 1950 ΑΡΧΙΕΠΙΣΚΟΠΟΥ
2941 1903 3728 1952 ΚΩΝΣΤΑΝΤΙΝΟΥΠΟΛΕΩΣ

1689 1999 1856 2046 NEA}?
1897 1999 2120 2046 ΡΩΜΗΣ
2164 2000 2277 2046 ΚΑΙ
2316 1995 2832 2050 ΟΙΚΟΥΜΕΝΙΚΟΥ
2873 2003 3317 2052 ΠΑΤΡΙΑΡΧΟΥ.

2087 2255 2926 2342 TESTAMENTUM

921 2456 1470 2522 SANCTISSIMI
1513 2457 1862 2520 ARSENII
1906 2456 2561 2521 ARCHIEPISCOPI
2607 2457 3464 2526 CONSTANTINOPOLIS
3511 2460 3766 2524 NOVZE
3811 2461 4081 2525 ROMZE

1865 2566 1969 2626 ET
2012 2564 2534 2630 OECUMENICI
2580 2565 3146 2630 PATRIARCHIE

1463 2751 1667 2825 (Apud
1705 2751 2066 2809 Dotelerium
2108 2750 2169 2807 in
2209 2750 2604 2808 Monumentis
2650 2750 2920 2808 Ecclesiae
2969 2753 3204 2820 Graecae,
3256 2757 3402 2810 tom.
3453 2753 3548 2825 Il,)

897 3010 938 3063 Ι.
970 3005 1427 3063 Vocalissimum
1470 3005 2096 3079 Prophetam-Regem,
2127 3023 2198 3064 ac
2247 3007 2347 3062 Dei
2375 3017 2481 3075 pa-
2511 2999 2556 3054 Β
2663 3002 2738 3058 Α’.

828 3099 976 3151 trem
1010 3095 1293 3151 Davidem
1321 3096 1588 3168 quotidie
1610 3097 1813 3166 audio,
1845 3098 2179 3154 dicentem:
2219 3119 2238 3145 α
2268 3098 2476 3162 Homo,

827 3183 1223 3240 sicutfcenum
1237 3185 1363 3239 dies
1378 3186 1508 3255 ejus
1534 3205 1546 3242 :
1578 3193 1868 3258 tanquam
1881 3187 1992 3242 ﬂos
2018 3188 2165 3256 agri,
2195 3185 2279 3239 sic
2319 3182 2482 3238 efﬂo-

825 3273 1031 3328 rebit‘.
1050 3296 1078 3323 »
1102 3274 1204 3328 Et:
1240 3296 1267 3323 ‹‹
1292 3277 1481 3330 Homo
1495 3276 1743 3332 vanitati
1763 3277 1972 3331 similis
1994 3276 2186 3332 factus
2209 3279 2299 3329 est
2322 3271 2480 3340 ;dies

823 3363 954 3433 ejus
983 3363 1133 3419 sicut
1163 3365 1383 3420 umbra
1411 3369 1822 3437 prietereunt'.
1841 3387 1868 3414 ››
1893 3365 2122 3431 Quibus
2148 3364 2294 3419 nihil
2317 3362 2482 3418 aliud

823 3451 1120 3521 signiﬁcat
1149 3469 1336 3526 quam
1362 3453 1645 3511 humanae
1688 3461 1919 3512 naturas
1987 3455 2240 3510 celerem
2292 3451 2483 3508 defec-

822 3542 1047 3598 tionem
1080 3542 1381 3615 citamque
1406 3549 1683 3599 mortem.
1709 3545 1901 3601 Audio
1923 3545 2144 3616 pariter
2174 3542 2483 3615 sapientis-

822 3632 1044 3688 simum
1069 3632 1453 3689 Salomonem
1469 3635 1683 3690 eadem
1703 3635 2212 3706 pronuntiantem,
2249 3635 2482 3705 ipsique

823 3722 1263 3789 concinentem,
1288 3738 1394 3794 per
1418 3723 1546 3778 haec
1571 3724 1754 3780 verba
1778 3743 1790 3779 :
1814 3746 1840 3773 ‹‹
1867 3724 2104 3780 Vanitas
2123 3725 2480 3791 vanitatum,

825 3812 1032 3868 omnia
1047 3813 1304 3869 vanitas.
1323 3835 1350 3862 η
1377 3814 1884 3886 Quandoquidem
1903 3815 2080 3884 igitur
2096 3815 2304 3870 omnia
2328 3829 2484 3870 vana

827 3906 986 3973 sunt,
1019 3901 1288 3974 nihilque
1315 3918 1346 3957 e
1367 3902 1548 3957 rebus
1563 3904 1964 3975 praesentibus
1982 3904 2228 3958 ﬁrmum
2259 3909 2365 3968 est,
2399 3903 2484 3958 ni-

825 3991 910 4048 hil
936 4006 1365 4063 corporeorum
1395 3991 1490 4047 vel
1515 3994 1752 4065 corpori
1789 3995 1861 4049 ad
1865 3994 2195 4064 jacentium
2244 4009 2482 4064 perma-

828 4099 1002 4152 nens,
1035 4082 1239 4139 anima
1263 4099 1406 4138 vero
1444 4084 1696 4140 materia
1726 4089 1886 4140 caret
1927 4100 1996 4140 ac
2050 4090 2304 4140 mortem
2361 4100 2484 4140 non

829 4172 1087 4245 patitur;
1121 4177 1353 4244 oportet
1385 4178 1445 4227 ut
1474 4173 1670 4229 cuncti
1723 4173 2180 4230 sollicitudinem
2240 4190 2483 4229 omnem

833 4278 1165 4335 curamque
1185 4265 1246 4318 in
1287 4279 1359 4318 ea
1409 4267 1465 4318 et
1509 4263 1570 4318 in
1614 4264 1794 4319 rebus
1845 4265 1923 4319 ad
1952 4264 2112 4319 illam
2149 4265 2485 4336 pertinenti-

2823 3010 2925 3056 Τοῦ
2977 3004 3469 3077 μεγαλοφωνοτάτου
3565 3006 3994 3078 προφητάνακτος
4102 3009 4197 3057 καὶ

2596 3093 2897 3165 θεοπάτορος
2952 3091 3118 3146 Δαϐὶδ
3201 3097 3528 3153 καθεκάστην
3581 3094 3986 3169 ἐπακροὼμινος·
4041 3095 4196 3148 ‹‹”Αν-

2596 3183 2790 3253 θρωποι
2813 3185 2937 3235 ὡσεὶ
2963 3188 3154 3256 χόρτος
3185 3186 3238 3235 αἱ
3266 3186 3456 3256 ἡμέραι
3497 3184 3677 3237 αὐτοῦ·
3738 3187 3861 3237 ὡσεὶ
3914 3187 4067 3246 ἄνθος
4102 3192 4198 3237 τοῦ

2594 3271 2776 3346 ἀγροῦ,
2820 3274 2980 3336 οὕτως
3022 3274 3349 3336 ἐξανθήσει·››
3400 3280 3510 3340 καὶ,
3546 3297 3573 3325 ‹‹
3626 3276 3932 3351 ’Ἄνθρωπος
3977 3282 4199 3349 ματαιό-

2592 3383 2710 3420 τητι
2744 3366 3012 3434 ὡμοιώθη,
3041 3367 3094 3416 αἱ
3126 3367 3315 3436 ἡμέραι
3360 3365 3518 3417 αὐτοῦ
3577 3368 3702 3418 ὡσεὶ
3763 3369 3888 3418 σκιὰ
3931 3369 4201 3440 παράγου-

2595 3473 2735 3504 σιν·››
2777 3449 2926 3505 οὐδὲν
2968 3453 3088 3505 ἀλλο
3135 3450 3415 3516 δηλοῦντος
3475 3455 3504 3513 ἡ
3551 3457 3610 3507 τὸ
3658 3458 4060 3532 ταχυμοίραντον
4106 3460 4200 3509 καὶ

2595 3542 2862 3615 ὠκύμορον
2885 3550 2974 3602 τῆς
3024 3552 3123 3594 τῶν
3174 3542 3454 3617 ἀνθρώπων
3509 3547 3728 3616 φύσεως·
3791 3549 3879 3596 καὶ
3925 3553 4016 3597 τοῦ
4067 3565 4200 3597 παν-

2597 3636 2761 3702 σόφου
2809 3632 3126 3704 Σολομῶντος
3177 3635 3243 3684 τὰ
3289 3634 3424 3684 αύτὰ
3477 3636 3642 3705 τούτῳ
3699 3636 4045 3706 φθεγγομένου
4107 3639 4200 3686 καὶ

2597 3719 2908 3793 συνᾴδοντος
2985 3722 3034 3773 ἐν
3082 3731 3175 3793 τῷ,
3248 3726 3609 3785 «Ματαιότης
3669 3729 4034 3795 ματαιότητων
4095 3723 4196 3792 (2),

2595 3813 2627 3861 ὰ
2657 3813 2829 3863 πάντα
2876 3816 3184 3883 ματαιότης⁶
3243 3833 3270 3861 ›)
3327 3810 3434 3864 ἐπεὶ
3503 3812 3589 3864 οὖν
3638 3815 3705 3864 τὰ
3751 3815 3922 3865 πάντα
3973 3815 4197 3884 μάταια,

2593 3905 2682 3950 καὶ
2707 3896 2858 3952 ούὸὲν
2909 3899 3120 3971 βέϐαιον
3180 3910 3278 3952 τῶν
3331 3906 3596 3976 παρόντων
3645 3899 3768 3954 οὐδὲ
3820 3907 4035 3974 μόνιμον
4097 3911 4198 3954 τῶν

2596 3997 2905 4060 σωματικῶν
2933 4009 3020 4040 και
3046 3995 3163 4062 περὶ
3188 3993 3243 4040 τό
3275 3998 3446 4062 σῶμα,
3480 3992 3509 4047 ἡ
3567 3990 3720 4062 ψυχὴ
3784 3986 3843 4042 δὲ
3896 3995 3986 4042 καὶ
4041 3989 4198 4042 ἄυλον

2593 4083 2681 4130 καὶ
2715 4077 2986 4130 ἀθάνατον·
3021 4083 3130 4152 χρὴ
3155 4085 3288 4131 πᾶσι
3329 4084 3419 4138 τὴν
3459 4079 3668 4131 ἅπασαν
3725 4079 3893 4131 αὐτῶν
3945 4082 4199 4153 μέριμναν

2596 4170 2684 4219 καὶ
2717 4165 2966 4239 φροντίδα
3017 4172 3143 4241 πρὸς
3199 4168 3362 4226 αὐτὴν
3427 4173 3517 4220 καὶ
3580 4172 3644 4220 τὰ
3700 4173 3813 4241 περὶ
3871 4169 4032 4226 αὐτὴν
4077 4168 4199 4219 ἁνα-

2594 4257 2809 4323 λίσκειν,
2865 4263 2952 4309 καὶ
3004 4255 3254 4319 διηνεκῶς
3310 4263 3404 4316 τὴν
3459 4267 3550 4310 τοῦ
3601 4261 3822 4311 θανάτου
3875 4261 4011 4333 ὥραν
4062 4260 4203 4310 κατὰ

829 4352 944 4408 bus
982 4352 1358 4424 impendant,
1380 4367 1616 4408 necnon
1667 4354 1947 4409 continue
2008 4355 2216 4408 mortis
2273 4353 2485 4409 horam
2520 4353 2558 4406 C
2595 4368 2600 4395 τ

2430 4370 2485 4408 m
2520 4353 2558 4406 C
2595 4355 2710 4398 νοῦν
2741 4349 2999 4415 τίθεσθαι,
3028 4353 3116 4399 καὶ
3139 4349 3280 4400 ούπω
3329 4355 3419 4408 τῆς
3471 4351 3654 4400 τούτου
3707 4352 3919 4421 μνήμης
3973 4347 4065 4410 ἐξω
4117 4351 4201 4419 φέ-

827 4447 1027 4500 mente
1051 4447 1281 4513 gerant,
1299 4457 1407 4503 nec
1425 4458 1694 4515 unquam
1713 4443 2102 4499 intermittant
2128 4444 2484 4500 memoriam

823 4533 1045 4591 obitus.

898 4665 921 4717 1
949 4658 1100 4717 Psal.
1129 4664 1315 4726 cu,l5.
1349 4660 1370 4693 ²
1402 4658 1556 4716 Psal.
1582 4675 1770 4726 cxuu,
1793 4661 1846 4714 4.

892 4787 971 4858 (1)
1009 4785 1242 4858 Arsenii
1271 4784 1579 4858 Autorianﬁi
1638 4787 1739 4842 CP.
1795 4785 2153 4858 patriarchae
2181 4800 2296 4852 res,
2319 4801 2484 4857 quae-

820 4857 938 4930 que
970 4857 1050 4913 ad
1073 4860 1518 4930 Testamentum
1548 4857 1663 4930 hoc
1704 4862 1993 4927 spectant,
2029 4857 2348 4930 traduntur
2401 4858 2479 4914 ab

819 4928 1116 4986 historicis
1164 4928 1520 5000 Byzantinis,
1571 4928 1877 5000 Phrantze,
1928 4928 2287 4999 Acropolita,
2344 4931 2480 4985 Gre-

818 5016 982 5071 gora,
1017 4999 1290 5065 Duca,’et
1355 4999 1684 5072 Pahymere
1766 4999 2065 5072 Videndus
2096 5001 2309 5072 etiam,
2364 5002 2476 5072 Leo

817 5073 1065 5128 Allatius
1096 5074 1181 5127 De
1198 5071 1533 5134 Methodiz‘s,
1559 5087 1616 5141 p.
1644 5075 1765 5134 383,
1796 5072 1919 5137 384,
1945 5071 2047 5124 ubi
2079 5071 2153 5125 de
2187 5071 2479 5128 Methodio

816 5143 1121 5200 monacho
1155 5147 1264 5211 (α).
1292 5149 1346 5197 et
1378 5142 1702 5196 schismate
1729 5144 2058 5196 Arseniano
2077 5159 2178 5196 seu
2209 5144 2479 5198 Arsenia-

815 5221 1038 5271 tarum.
1072 5217 1133 5270 In
1170 5214 1456 5284 Catalogo
1486 5214 1909 5286 episcoporum
1938 5214 2217 5283 Byzantii,
2251 5215 2480 5269 Graeco-

816 5286 1072 5342 Romani
1101 5287 1282 5366 .Juris,
1415 5287 1541 5353 304,
1593 5287 1618 5336 ὁ
1664 5284 1807 5354 ἆῖγιος
1835 5284 2100 5364 Ἀρςτένιος
2132 5285 2477 5366 όἈὺτωρεια-

815 5364 914 5422 νὸς,
940 5357 1452 5438 etquinquaginta
1478 5363 1618 5438 ante
1641 5372 1780 5412 eum
1804 5357 1986 5438 annis
2004 5357 2475 5438 patriarchatum

815 5428 1087 5486 tenuerat
1116 5428 1360 5484 Michael
1381 5429 1758 5493 Autorianus,
1785 5444 1854 5482 ex
1878 5428 2112 5496 eadem,
2148 5429 2474 5497 utvidetur,

815 5503 1281 5558 Autorianorum
1321 5506 1516 5572 gente.

887 5576 960 5646 (2)
1020 5571 1347 5634 Ματαιότηςί
1381 5575 1766 5644 ματαιοτητων.
1842 5572 1993 5627 Eccl.
2053 5573 2095 5640 Ι,
2149 5577 2201 5627 2.
2267 5571 2476 5630 Obser-

886 5720 964 5792 (α)
996 5717 1178 5790 Cujus
1199 5733 1355 5791 opus
1379 5717 1678 5774 edidimus
1709 5731 1893 5788 supra
1923 5716 1984 5774 in
2009 5719 2124 5777 hoc
2144 5717 2470 5777 volumine.

2595 4438 2802 4509 ρεσθαι.

2591 4788 2753 4842 vatio
2789 4788 2850 4843 S.
2907 4785 3220 4855 Augustini
3271 4785 3376 4840 lib.
3430 4789 3447 4840 ‘1
3503 4785 3869 4849 Retractum,
3943 4799 4078 4856 cap.
4137 4790 4197 4851 7,

2590 4860 2819 4914 variam
2834 4857 3136 4912 lectionem
3152 4859 3556 4913 vanitantium
3572 4873 3677 4912 seu
3690 4858 4067 4912 vanitantum
4082 4857 4203 4911 ori-

2593 4931 2790 4996 ginem
2806 4929 3022 4984 ducere
3039 4945 3074 4984 a
3090 4929 3306 4983 Latinis
3320 4929 3628 4984 codicibus
3643 4928 3844 4983 minus
3863 4928 4042 4995 veris,
4056 4944 4197 4983 cum

2593 5005 2788 5056 Graece
2819 5000 3112 5055 habeatur
3144 5003 3502 5063 vanitatum,
3537 5005 3786 5054 eatenus
3823 5015 3963 5054 vera
3991 5004 4100 5068 est,
4135 5006 4200 5054 ut

2590 5073 2713 5128 fieri
2732 5073 3004 5144 potuerit,
3023 5072 3192 5143 quzed
3203 5087 3300 5126 am
3316 5070 3894 5144 exemplariaGraeca
3907 5069 4198 5144 habuisse

2589 5142 2967 5216 ματαιούντων,
2991 5142 3172 5216 equo
3205 5142 3629 5216 vanitantium.
3666 5143 3828 5216 Certe
3857 5142 3914 5197 in
3945 5142 4198 5216 antiqua

2588 5212 2858 5271 versione
2880 5212 3315 5286 opusculorum
3357 5213 3594 5286 Eusebii
3623 5213 3701 5286 ad
3721 5213 3917 5286 tinem
3956 5212 4071 5286 lib.
4094 5212 4192 5286 vn,

2589 5283 2993 5343 vanitantz'dm
3051 5286 3305 5354 invenio,
3352 5285 3631 5357 quamvis
3678 5284 3840 5339 idem
3905 5283 4196 5357 Eusebius

2586 5360 2773 5430 Praep.
2791 5375 3001 5427 evang.
3022 5358 3126 5414 lib.
3141 5373 3213 5420 x1,
3228 5356 3431 5428 cap.7,
3449 5356 4194 5428 ροηδιματαιοτήτωνΩωά

2586 5429 2746 5502 quod
2766 5447 2878 5485 vox
2897 5430 3184 5485 Hebraica
3202 5429 3346 5483 verti
3361 5433 3552 5502 potest
3568 5430 3905 5484 vam'tatum
3923 5434 3977 5483 et
4010 5443 4194 5483 vano-

2585 5501 2716 5558 rum
2748 5503 3010 5574 indeque
3042 5503 3442 5557 vanitantium
3472 5501 3499 5555 ?
