4484 6446
341 421 446 476 949

414 542 482 596 Β’.
516 542 608 594 Διά
638 557 719 592 τοι
755 544 906 591 τοῦτο
935 539 1081 611 κὰγώ
1119 539 1145 592 ό
1171 540 1313 614 παρὰ
1362 545 1454 591 τοῦ
1488 541 1696 611 πρώτου
1758 542 1940 611 ποιμέ-
1969 545 2014 595 Α

341 652 427 694 νος
463 635 714 705 κρίμασιν
775 625 918 690 ἰδίας
969 629 1355 701 εὐσπλαγχνίας
1411 627 1764 702 ἕγχειρισθείς
1823 631 1940 690 τοὺς

343 720 808 778 ἆκκλησιαστικούς
870 717 1052 779 οἴακας
1122 725 1213 770 τοῦ
1276 724 1666 791 πατριαρχικοῡ
1737 719 1937 789 θρόνου,

345 811 428 861 ἵνα
457 811 514 860 τὸ
543 814 637 869 τῆς
665 806 1012 882 κληροτομίας
1043 806 1203 859 αὐτοῦ
1243 811 1541 878 σχοίνισμα
1585 808 1705 879 ὅπερ
1736 808 1760 857 ὁ
1819 813 1942 859 Ποι-

343 903 446 970 μήν
491 899 516 949 ὁ
586 896 741 957 καλος
791 905 862 966 τῷ
925 893 1045 967 ἰδίῳ
1109 897 1292 968 αἵματι
1351 895 1686 967 ἇξηγόρασεν,
1746 895 1942 966 εἰσάγω

343 991 470 1062 πρὸς
495 989 657 1058 νομὰς
685 1005 785 1037 των
839 985 1000 1038 αὐτοῦ
1057 984 1264 1037 ἐντολῶν
1322 986 1391 1044 ὡς
1458 983 1790 1044 ἐνεστηκυίας
1833 981 1940 1042 ἤδη

342 1071 670 1139 τῆςέξοδίου
714 1093 835 1146 μου,
891 1078 984 1132 τὴν
1036 1073 1328 1126 τελευταίαν
1383 1093 1481 1144 μου
1538 1072 1793 1145 βούλησιν
1847 1092 1944 1125 πα-

341 1162 558 1238 ραδηλῶ
587 1170 692 1225 τοῖς
716 1170 897 1230 πᾶσιν,
933 1165 1014 1215 ἱνα
1047 1171 1211 1234 γνῶσι
1234 1166 1296 1214 τὰ
1322 1163 1436 1214 κατ’
1469 1162 1555 1234 ἐμέ
1582 1164 1660 1214 ὅτι
1712 1158 1944 1222 οὐδόλως

343 1257 715 1326 συνήργησαῆ
773 1250 1000 1306 ίνέδωκα
1064 1257 1247 1325 μικρόν
1305 1273 1356 1304 τι
1413 1253 1484 1312 εὶς
1539 1255 1629 1313 τάς
1687 1271 1943 1324 προγεγο-

339 1343 484 1404 νυίας
531 1342 800 1415 ἐπιορκίας
855 1347 942 1394 καὶ
1009 1347 1356 1412 παραναμίας.
1415 1343 1761 1415 Μαρτύρομαι
1793 1344 1942 1406 Θεὸν,

341 1434 678 1505 μαρτύρομαι
731 1435 851 1492 τοὺς
925 1430 1189 1491 ἐκλεκτοὺς
1265 1435 1354 1482 καὶ
1430 1430 1608 1500 ἀγίους
1681 1429 1943 1500 ἀγγέλους.

415 1537 487 1594 Γ’.
545 1537 810 1608 Ὁμολογῶ
860 1533 968 1606 οὖν,
1030 1541 1267 1608 ποίμνιον
1321 1544 1412 1587 τοῦ
1468 1542 1599 1588 Θεοῦ
1657 1541 1746 1587 καὶ
1812 1539 1948 1587 κατὰ

346 1631 735 1700 παραχώρησιν
764 1629 950 1677 τούτου
992 1626 1135 1698 ἐμὸν,
1203 1635 1466 1677 πιστευειν
1528 1645 1590 1696 με
1644 1625 1799 1692 οὕτω,
1850 1644 1946 1676 κα-

349 1717 446 1775 θὼς
485 1717 533 1766 οἱ
563 1720 964 1789 κοσμοσὼτηρες
1009 1719 1098 1766 καὶ
1159 1716 1284 1766 θεῖοι
1329 1716 1562 1785 μαθηταὶ
1616 1721 1705 1765 τοῦ
1753 1718 1945 1786 Κυρίου

346 1824 447 1876 μου
472 1800 803 1877 παρέδωκαν,
855 1806 1023 1862 καθὼς
1078 1803 1126 1853 οὶ
1181 1803 1320 1874 ἅγιοι
1379 1807 1597 1875 Πατέρες
1638 1808 1726 1854 καὶ
1782 1799 1945 1854 διδά-

1761 410 2285 474 TESTAMENTUM.

3606 417 3712 472 950

2116 544 2179 597 11.
2209 541 2434 597 Idcirco
2474 556 2586 611 ego
2613 543 2716 615 qui
2743 559 2778 599 a
2803 545 2998 616 primo
3028 547 3286 617 pastore,
3313 542 3553 616 judiciis
3599 541 3709 598 mi~

2052 630 2389 686 sericordiaa
2412 631 2559 701 ejus,
2596 631 2654 686 in
2686 648 2904 688 manus
2931 635 3134 707 accepi
3166 632 3578 706 patriarchicm
3624 647 3711 688 se-

2050 717 2142 773 dis
2160 718 2562 774 ecclesiastica
2582 720 3009 792 gubernacula,
3036 728 3100 779 ut
3132 722 3492 778 hereditatis
3519 720 3711 792 ipsius

2052 805 2407 872 funiculum,
2438 823 2620 880 quem
2657 808 2856 865 bonus
2905 811 3111 866 Pastor
3167 811 3420 866 redemit
3467 809 3712 882 proprio

2053 897 2366 968 sanguine,
2390 898 2734 954 inducerem
2759 899 2816 953 in
2842 915 3070 970 pascua
3084 900 3510 956 mandatorum
3525 898 3706 967 illius,

2047 987 2174 1056 jam
2203 986 2461 1041 instante
2489 987 2583 1040 die
2611 988 2801 1042 exitus
2835 990 2970 1056 mei,
3001 1005 3346 1060 supremam
3375 1003 3576 1044 meam
3606 1002 3709 1043 vo-

2051 1076 2341 1131 luntatem
2359 1078 2584 1130 cunctis
2598 1075 2912 1147 patefacio,
2930 1083 2994 1133 ut
3011 1083 3482 1147 cognoscantres
3510 1091 3710 1142 meas;

2053 1163 2216 1234 quod
2250 1163 2590 1219 nullatenus
2620 1171 2974 1237 cooperatus
3007 1167 3240 1232 fuerim,
3283 1170 3387 1221 aut
3416 1165 3512 1221 vel
3541 1164 3714 1220 mini-

2054 1268 2223 1307 mum
2250 1253 2658 1308 consenserim
2681 1255 2956 1325 perjuriis
2974 1271 3043 1311 ac
3061 1254 3383 1310 sceleribus
3406 1270 3542 1327 quae
3565 1268 3716 1325 prte-

2056 1347 2375 1396 cesserunt.
2416 1343 2599 1396 Deum
2627 1346 2830 1412 testor,
2860 1347 3042 1399 testor
3071 1343 3288 1399 electos
3342 1348 3398 1398 et
3474 1346 3713 1398 sanctos

2056 1429 2324 1498 angelos.

2129 1536 2217 1589 Ill.
2255 1536 2432 1603 [gitur
2462 1536 2767 1601 conﬁteor,
2803 1553 2838 1592 ο
2883 1537 2980 1592 Dei
3043 1537 3219 1604 ovile,
3284 1552 3477 1610 exque
3526 1535 3714 1609 ipsius

2056 1625 2435 1680 concessione
2452 1642 2674 1692 meum,
2692 1628 2773 1681 ita
2795 1643 2890 1681 me
2911 1627 3170 1694 credere,
3190 1628 3337 1683 sicut
3358 1627 3570 1682 mundi
3590 1642 3715 1683 ser-

2056 1719 2293 1768 vatores
2318 1731 2385 1769 ac
2413 1715 2598 1769 divini
2620 1715 2892 1787 discipuli
2915 1718 3150 1771 Domini
3175 1717 3289 1771 mei
3318 1716 3709 1784 tradiderunt,

2059 1804 2205 1858 sicut
2233 1804 2419 1857 sancti
2437 1803 2638 1858 Patres
2655 1809 2710 1858 et
2727 1804 2888 1860 orbis
2906 1806 3176 1874 magistri
3191 1806 3544 1873 docuerunt,
3561 1805 3716 1861 sicut

347 1892 531 1946 σκαλοί
595 1913 647 1945 τε
700 1900 791 1953 τῆς
843 1893 1143 1964 οἰκουμένης
1197 1890 1578 1963 ἐδογμάτισαν,
1632 1896 1720 1943 καὶ
1775 1892 1945 1953 καθὼς
1991 1903 2026 1953 Β
2059 1908 2118 1947 cc

1939 1913 1945 1953 ;
1991 1903 2026 1953 Β
2059 1893 2491 1948 conﬁrmarunt
2510 1899 2729 1948 sanctae
2748 1895 3202 1950 etoecumenica:
3225 1893 3710 1966 synodiseptem,

346 1985 401 2034 αἱ
436 1982 585 2053 ἅγιαι
609 1987 700 2034 καὶ
750 1982 1104 2054 οἰκουμενικαὶ
1164 1979 1377 2033 σύνοδοι
1425 1980 1552 2034 ἐπτά
1609 1980 1944 2035 ἐϐεϐαίωσαν.

347 2076 448 2124 Καὶ
509 2070 598 2132 οὐς
651 2074 740 2143 μὶν
799 2073 941 2123 οὗτοι
1001 2069 1334 2144 ἀπεκηρυζαν
1393 2075 1482 2122 καὶ
1552 2068 1944 2142 ἀνεθεμάτισαν,

344 2166 434 2214 καὶ
502 2161 848 2236 ἀποκηρύττω
923 2165 1013 2212 καὶ
1092 2161 1455 2233 ἀναθέματίζω
1489 2181 1501 2194 ο
1558 2159 1642 2220 οὐς
1695 2157 1754 2213 δέ
1797 2161 1949 2212 πάλιν

344 2247 606 2320 ἕδέξαντο,
683 2255 773 2302 καὶ
814 2247 1046 2323 δεχομαι
1127 2255 1215 2302 καὶ
1246 2251 1718 2324 προσκυνῶ.Μετά
1773 2246 1831 2302 δέ
1889 2269 1948 2321 γε

343 2347 511 2392 ταῦτα
533 2339 792 2392 ἀκούσατε
822 2359 942 2412 μου,
978 2339 1052 2392 Οὐ
1107 2343 1208 2412 γὰρ
1265 2343 1331 2401 ὡς
1380 2346 1730 2410 καυχώμενος
1785 2345 1953 2394 ταῦτα

347 2432 656 2503 φθέγγομαι,

345 2527 708 2593 πατριαχικοῦ
777 2521 980 2592 θρόνου,
1013 2519 1106 2571 οὐκ
1139 2516 1367 2571 ὲνὲδωκα
1423 2519 1579 2570 ὕπνον
1647 2526 1758 2578 τοῖς
1817 2516 1952 2590 ἐμοῖς

736 2429 842 2482 ἀλλ’
900 2433 968 2491 ὡς
1047 2429 1307 2488 ἀληθεύων
1360 2431 1436 2481 ὅτι
1493 2428 1801 2489 ἐπικαθίσας
1859 2437 1951 2481 τοῦ

346 2607 642 2680 ὀφθαλμοῖς,
675 2604 798 2660 οὐδὲ
837 2614 947 2669 τοῖς
1000 2606 1279 2680 βλεφάροις
1334 2627 1433 2679 μου
1484 2611 1821 2677 νυσταγμόν·
1879 2606 1950 2657 οἰ-

346 2699 528 2766 χέσθω
555 2698 731 2769 φθόνος
761 2695 982 2768 ἐλέγχων
1009 2700 1096 2754 τὴν
1144 2695 1358 2768 ἀνομίαν
1399 2701 1487 2747 καὶ
1553 2692 1766 2747 ἀδικίαν
1794 2713 1806 2724 ’
1860 2694 1953 2746 οὐκ

2060 1982 2220 2046 Quos
2248 1980 2326 2036 illi
2354 1980 2701 2051 abjecerunt
2723 1983 3388 2052 etanathematizarunt,
3406 1982 3585 2037 etiam
3612 1982 3718 2038 ab-

2055 2070 2195 2140 jicio
2210 2086 2276 2125 ac
2292 2070 2725 2126 anathematizo
2747 2091 2759 2138 ;
2776 2088 2930 2144 quos
2944 2087 3083 2127 vero
3105 2075 3476 2143 receperunt,
3492 2072 3714 2144 recipio

2061 2163 2238 2230 atque
2271 2175 2538 2213 veneror.
2565 2161 2702 2215 Post
2721 2160 2868 2228 hEBC,
2895 2161 3096 2216 audite
3120 2177 3238 2217 me.
3272 2163 3398 2216 Non
3416 2159 3574 2215 enim
3603 2161 3718 2218 ista

2060 2249 2295 2320 loquor,
2313 2248 2764 2318 gloriabundus,
2780 2250 2886 2305 sed
2898 2266 3041 2306 vera
3056 2249 3417 2324 praedicans.
3437 2250 3719 2315 Quandiu

2062 2337 2305 2394 consedi
2331 2338 2390 2392 in
2422 2338 2804 2409 patriarchali
2831 2339 3066 2409 throno,
3099 2355 3222 2394 non
3262 2338 3402 2394 dedi
3433 2355 3721 2396 somnum

2061 2427 2250 2483 oculis
2277 2428 2450 2492 meis,
2484 2443 2593 2483 nec
2626 2427 2929 2500 palpebris
2948 2429 3097 2484 meis
3122 2428 3635 2485 dormitatiomem
3658 2430 3679 2463 ⁸
3705 2445 3718 2483 :

2062 2515 2303 2571 recedat
2331 2516 2556 2572 invidia
2585 2517 2954 2587 redarguens
2985 2517 3433 2589 improbitatem
3464 2522 3518 2573 et
3563 2518 3721 2588 inju-

2065 2605 2284 2661 stitiam
2316 2621 2327 2658 :
2358 2621 2748 2678 nequaquam
2780 2607 2950 2672 cessi,
3007 2622 3129 2662 non
3187 2606 3420 2677 neglexi
3477 2621 3722 2677 gregem

2064 2711 2269 2749 meum
2303 2710 2421 2750 non
2462 2696 2693 2751 cassavi
2719 2700 2888 2752 nocte
2911 2712 2981 2752 ac
3011 2696 3106 2751 die
3128 2713 3237 2768 pro
3267 2696 3369 2752 illo
3391 2696 3715 2754 decertare.

347 2782 572 2838 ἓνέδωκα
609 2785 754 2854 ὅλως,
800 2786 864 2838 σύ
912 2787 1257 2858 κατημέῶησα
1285 2794 1376 2838 τοῦ
1426 2782 1566 2837 ίδίου
1610 2790 1874 2857 ποιμνίου,
1908 2783 2000 2836 οὐκ
2031 2782 2340 2856 ἐπαυσάμην
2365 2788 2545 2846 νυκτὸς
2573 2790 2663 2837 καὶ
2695 2785 2877 2860 ἐμέρας
2904 2785 3398 2861 ὐπεραγονιζόμενος
3425 2788 3634 2841 τούτου.

420 2892 486 2946 Δ’.
526 2893 735 2947 Ἵσασιν
762 2896 810 2946 οἱ
840 2899 1158 2966 μεμυημένοι
1185 2895 1288 2966 (3),
1330 2896 1484 2955 ὅσους
1537 2892 1735 2963 ἀγῶνας
1799 2893 1948 2962 ἡγω-

347 2985 571 3054 νισάμην
612 2981 695 3035 ἐπὶ
723 2992 816 3045 τῆς
871 2982 1140 3055 βασιλείας
1191 2991 1282 3035 τοῦ
1320 2983 1367 3034 ἐν
1426 2981 1735 3054 βασιλεῦσιν
1783 2979 1950 3033 ἀοιδί-

347 3090 448 3143 μου
487 3077 575 3124 καὶ
608 3070 981 3124 εὐσεϐεστάτου
1013 3080 1175 3146 κυροῡ
1209 3068 1486 3144 Θεοδώρου
1538 3077 1630 3122 τοῦ
1682 3071 1945 3143 Λάσκαρι.

349 3161 472 3233 Οὐχ
503 3163 626 3233 ὑπὲρ
662 3160 921 3223 εὐσεϐείας
950 3158 1009 3214 δέ
1041 3158 1100 3220 ἧν
1133 3164 1156 3213 ό
1218 3160 1380 3233 ἀγὼν,
1437 3163 1504 3220 ὡς
1560 3158 1757 3211 ἀσεϐῶν
1815 3160 1951 3210 κατά

346 3254 398 3302 τὶ
428 3248 859 3312 όεύσεϐίστατος,
901 3249 1010 3302 ἀλλ’
1059 3252 1184 3323 ὑπέρ
1239 3258 1445 3324 χηρῶν,
1518 3250 1644 3321 ὑπὲρ
1696 3247 1946 3320 ὀρφανῶν,

347 3338 473 3410 ὑπέρ
512 3335 888 3412 ἀδικουμένων.
947 3339 1092 3394 Ἐπεί
1151 3336 1200 3391 δ’
1262 3338 1450 3398 ἐκεῖνος
1485 3336 1846 3411 ἐλειτούργησε
1893 3338 1950 3388 τὸ

345 3432 516 3502 χρεὼν
584 3425 631 3479 ἐν
694 3433 942 3500 μετανοίᾳ
1014 3427 1376 3502 ὐπερϐαλούσῇ
1449 3433 1538 3478 καὶ
1591 3425 1952 3498 ἐξομολογήσει

348 3517 532 3588 θερμῇ,
565 3521 652 3569 καὶ
699 3520 785 3569 τόν
841 3517 999 3569 αὐτοῦ
1056 3513 1228 3569 παῖδα
1279 3517 1598 3591 κληρονόμον
1651 3522 1742 3577 τύς
1797 3513 1954 3586 βασι-

343 3603 484 3667 λείας
535 3611 625 3659 καὶ
679 3607 839 3658 αὐτοῦ
909 3603 1173 3678 διάδοχον
1229 3605 1489 3674 κατέλιπε,
1560 3609 1650 3656 καὶ
1734 3603 1953 3664 ἅπαντες

342 3697 509 3767 τούτῳ
537 3696 769 3768 ὤμοσαν,
811 3698 879 3756 ὡς
935 3701 1023 3748 καὶ
1080 3699 1477 3769 προγενέστερον
1509 3697 1676 3764 τούτῳ
1732 3693 1953 3764 ὀμόσαν-

343 3802 438 3854 τες,
472 3788 561 3836 και
595 3782 862 3857 ἀρχιερεῖς
923 3789 1006 3836 καὶ
1068 3784 1352 3855 σύγκλητος
1426 3781 1653 3844 καὶάπας
1733 3785 1952 3853 στρατός

343 3877 430 3923 καὶ
459 3873 595 3935 ἄπας
637 3870 826 3946 δῆμος.
877 3877 1236 3949 Περιέχουσαν
1295 3870 1352 3925 δὲ
1410 3872 1634 3944 κεφαλὴν
1686 3871 1951 3932 λείποντός

344 3982 443 4035 μου
479 3966 566 4015 τόν
601 3963 952 4034 Παλαιολόγον
982 3969 1332 4020 πεποίηκασιν
1365 3963 1413 4013 οἰ
1438 3981 1491 4013 τε
1545 3960 1810 4034 ἀρχιερεῖς
1862 3965 1952 4013 καὶ

345 4053 374 4110 ἡ
413 4052 700 4122 σύγκλητος
729 4050 823 4104 διὰ
852 4056 909 4104 τὸ
935 4060 1026 4104 τοῦ
1058 4052 1316 4125 βασιλέως
1357 4050 1546 4108 οἶνηϐον
1579 4072 1590 4082 ·

343 4138 436 4198 λὴν
465 4141 617 4194 αὐτὸν
652 4137 816 4210 εὖοον,
842 4141 894 4194 ἐκ
922 4150 1016 4203 τῆς
1070 4146 1293 4202 Νικαίας
1346 4144 1472 4214 πρὸς
1527 4144 1620 4198 τὴν
1678 4138 1952 4212 βασίλειαν

346 4228 520 4285 ἐλθών.

345 4320 725 4393 κατησφάλισε,
779 4325 867 4372 καὶ
933 4324 1084 4393 τόμοι
1153 4323 1247 4372 σύν
1305 4327 1414 4381 τοῖς
1462 4320 1636 4392 ὅρκοις
1701 4317 1947 4390 ἐγένοντο.

347 4409 422 4460 Οὐ
452 4409 580 4461 πολύ
614 4406 672 4462 δὲ
701 4413 759 4461 τὸ
792 4407 840 4460 ἐν
881 4412 1024 4481 μέσῳ
1081 4414 1171 4461 καὶ
1239 4405 1500 4465 δεσπότην
1560 4408 1712 4458 αὐτὸν
1767 4410 1814 4458 οἱ
1862 4413 1947 4459 καὶ

1590 4501 1690 4548 Καὶ

1653 4055 1742 4101 καὶ
1803 4070 1953 4122 κεφα-

601 4235 701 4284 Καὶ
775 4233 949 4306 ὅρκοις
1023 4227 1465 4304 φρικωδεστάτοις
1540 4229 1695 4291 αὐτὸς
1769 4229 1950 4280 ἑαυτὸν

344 4498 567 4570 κεφαλὴν
641 4502 992 4570 ποιησὰμενοι
1069 4497 1492 4556 ἀποκατέσησαν.
1590 4501 1690 4548 Καὶ
1797 4495 1948 4548 πάλιν

2130 2892 2220 2948 IV.
2255 2892 2457 2949 Sciunt
2482 2908 2681 2948 rerum
2711 2893 2904 2964 periti,
2936 2897 3084 2966 quot
3113 2909 3340 2963 agones
3380 2894 3719 2951 decertave-

2058 2981 2171 3037 rim
2194 2981 2303 3036 sub
2333 2981 2586 3052 imperio
2617 2981 2866 3037 celebris
2908 2985 3058 3040 inter
3082 2983 3476 3055 imperatores
3525 2984 3720 3055 piissi~

2059 3071 2263 3142 mique
2309 3069 2538 3126 domini
2594 3069 2886 3126 Theodori
2944 3072 3228 3127 Lascaris.
3290 3075 3418 3128 Non
3484 3072 3720 3143 pietatis

2061 3175 2247 3215 causa
2275 3165 2399 3215 erat
2425 3164 2746 3226 certamen,
2776 3161 2951 3234 quasi
2988 3161 3295 3232 piissimus
3341 3162 3402 3217 in
3451 3161 3654 3234 aliquo
3684 3177 3722 3218 ει

2061 3250 2278 3322 pietate
2309 3249 2663 3306 descisceret
2697 3267 2708 3315 ;
2738 3250 2843 3305 sed
2871 3265 2982 3322 pro
3013 3250 3234 3320 viduis,
3267 3251 3579 3323 orphanis,
3629 3252 3722 3307 in-

2057 3339 2280 3410 juriam
2319 3341 2541 3411 passis.
2592 3340 2922 3412 Postquam
2967 3355 3108 3395 vero
3153 3339 3248 3395 ille
3297 3339 3570 3396 debitum
3616 3356 3722 3397 na-

2064 3432 2208 3484 turae
2241 3428 2499 3483 reddidit
2529 3445 2668 3483 cum
2701 3445 2941 3484 summa
2990 3428 3343 3501 pcenitentia
3386 3433 3445 3484 et
3494 3429 3720 3485 confes-

2064 3517 2229 3573 sione
2277 3517 2526 3588 fervida,
2582 3517 2895 3589 ﬁliumque
2968 3534 3144 3574 suum
3168 3517 3473 3574 haeredem
3530 3518 3720 3590 impe-

2063 3607 2130 3662 rii
2159 3624 2458 3679 suumque
2487 3623 2894 3664 successorem
2943 3608 3277 3680 dereliquit,
3320 3607 3513 3664 cuncti
3577 3608 3720 3665 huic

2063 3696 2341 3752 dixerunt
2409 3700 2876 3760 sacramentum,
2943 3696 3093 3752 sicut
3142 3703 3322 3752 antea
3367 3695 3449 3752 illi
3477 3699 3720 3767 jurave-

2061 3791 2196 3842 rant
2235 3804 2246 3840 :
2285 3801 2502 3858 nempe
2553 3785 2886 3858 pontiﬁces,
2938 3789 3202 3852 senatus,
3251 3785 3446 3841 omnis
3496 3786 3719 3842 exerci-

2063 3881 2176 3944 tus,
2210 3875 2524 3930 universus
2550 3875 2834 3947 populus.
2877 3879 3068 3946 tlaput
3094 3879 3296 3931 autem
3328 3890 3517 3946 supra
3542 3878 3715 3932 caete-

2061 3981 2185 4034 ros,
2217 3964 2462 4020 absente
2497 3980 2613 4031 me,
2649 3965 3082 4020 constituerunt
3112 3963 3541 4034 Palieologum,
3574 3980 3716 4022 cum

2063 4054 2376 4129 pontiﬁces
2402 4059 2527 4110 tum
2550 4058 2814 4122 senatus,
2837 4054 2915 4109 ob
2936 4053 3315 4126 imperatoris
3334 4057 3572 4110 aetatem
3597 4054 3717 4110 im—

2062 4145 2354 4218 puberem
2390 4161 2402 4198 :
2438 4159 2689 4216 eumque
2721 4147 2904 4215 caput
2929 4143 3155 4199 factum
3182 4143 3398 4215 reperi,
3422 4144 3717 4216 quandoe

2062 4236 2258 4292 Nicaea
2305 4234 2438 4289 veni
2485 4233 2547 4288 in
2590 4234 2840 4304 regiam.
2899 4232 2996 4288 Ille
3044 4232 3404 4304 juramentis
3451 4233 3718 4290 maxime

2061 4325 2376 4381 horrendis
2411 4323 2661 4379 munivit
2690 4339 2749 4379 se
2773 4338 2843 4378 ac
2873 4321 3057 4378 ﬁdem
3088 4322 3270 4391 dedit,
3302 4325 3360 4378 et
3389 4322 3536 4378 tomi
3577 4338 3718 4379 cum

2062 4414 2448 4471 sacramentis
2472 4413 2674 4484 scripti
2696 4417 2855 4477 sunt,
2881 4414 3009 4468 Non
3031 4411 3220 4466 multo
3248 4411 3718 4482 interjectotem-

2060 4520 2226 4576 pore,
2261 4504 2365 4575 qui
2392 4507 2571 4573 caput
2614 4501 3025 4569 designarant,
3071 4500 3388 4556 dominum
3430 4499 3717 4557 eumdem

342 4609 513 4661 τόμοι,
559 4594 650 4640 καὶ
702 4589 856 4641 πάλιν
916 4589 1081 4663 ὅρκοι,
1137 4593 1228 4640 καὶ
1287 4596 1387 4639 τῶν
1437 4590 1697 4662 προτέρων
1756 4606 1948 4658 φρικω-
1987 4573 2025 4625 D
2060 4611 2113 4649 οι

1943 4618 1948 4626 ·
1987 4573 2025 4625 D
2060 4573 2434 4649 creaverunt.
2463 4595 2626 4647 Tunc
2654 4591 2867 4646 iterum
2894 4589 3098 4655 libelli,
3127 4590 3344 4645 iterum
3368 4590 3714 4660 juramenta

343 4674 598 4752 δέστεροι.
633 4682 778 4732 Μετὰ
809 4675 867 4731 δε
895 4698 949 4750 γε
976 4681 1169 4735 ταύτην
1199 4678 1277 4750 (4)
1333 4683 1422 4729 καὶ
1471 4682 1566 4735 τὴν
1617 4685 1717 4728 τῶν
1773 4681 1948 4727 κοκκίο

338 4789 435 4819 νων
465 4764 686 4820 ἄνδυσιν
727 4763 994 4837 ἐνέδυσαν,
1032 4766 1154 4840 βίαν
1199 4772 1287 4819 καὶ
1343 4775 1440 4818 τῶν
1490 4769 1750 4840 προτέρων
1774 4763 1944 4837 βιαιο-

337 4861 487 4929 τέραν
513 4860 720 4931 πρὸςμέ
743 4843 1120 4929 ἔνδειξάμενοι.

409 4969 484 5025 E'.
531 4972 880 5044 Μαρτύρομαι
934 4971 1117 5030 πάντες
1174 4973 1294 5032 τούς
1343 4967 1549 5031 εἱδοτας
1602 4972 1695 5026 τὴν
1747 4969 1940 5042 ὑπερά-

339 5079 516 5132 πειρον
572 5059 767 5118 ἐκείνην
825 5058 967 5132 βίαν,
1037 5065 1127 5112 καὶ
1187 5064 1280 5117 τὴν
1335 5068 1435 5111 τῶν
1489 5067 1713 5133 φρικτῶν
1748 5059 1941 5115 συνθη-

333 5157 437 5201 κῶν
462 5153 553 5201 καὶ
582 5150 744 5223 ὅρκων
795 5147 1076 5221 ἀσφάλειαν
1135 5149 1195 5202 Εἰ
1257 5147 1315 5202 δὲ
1373 5169 1432 5220 γε
1488 5149 1629 5202 οὗτοι
1683 5146 1939 5205 ἀναισθη-

404 5347 427 5382 ³
453 5346 607 5404 Psal.
641 5363 821 5414 cxxxr,
850 5350 903 5402 4.

402 5525 574 5599 (3),οἱ
603 5529 941 5597 μεμυημένοι.
981 5528 1296 5599 Gregorius
1353 5529 1662 5599 Nyssenus
1727 5527 1936 5583 homil.

329 5601 361 5651 2
384 5599 445 5652 in
469 5598 973 5669 Ecclesiastem,p.
1009 5601 1111 5653 389
1152 5601 1212 5665 C,
1242 5598 1300 5651 '0
1350 5598 1583 5651 ἒνπαντί
1611 5603 1700 5651 καὶ
1729 5602 1776 5652 ἐν
1805 5605 1939 5652 πᾶσι

331 5673 647 5742 μεμνημένος
696 5669 917 5731 Παῦλος.
976 5670 1253 5742 Rescribe
1307 5687 1446 5726 cum
1495 5671 1700 5727 codice
1755 5673 1937 5739 Regio

334 5741 860 5814 1797,“μεμνημένος.
899 5742 1112 5798 Penico
1144 5741 1322 5800 etiam
1346 5743 1407 5798 in
1441 5743 1798 5816 Paraphrasi
1829 5747 1931 5800 Pa-

2058 4699 2249 4756 eaque
2286 4681 2586 4754 prioribus
2622 4679 3021 4736 terrribiliora.
3075 4679 3482 4756 Deinde,vero
3531 4679 3713 4736 etiam

2056 4788 2326 4846 purpura
2371 4771 2715 4840 induerunt,
2765 4786 2905 4826 cum
2948 4771 3245 4842 majorem
3295 4785 3483 4842 quam
3528 4774 3709 4827 antea

2053 4863 2177 4920 vim
2208 4860 2731 4931 mihiintulissent.

2122 4971 2187 5027 V.
2218 4971 2420 5024 Testor
2448 4971 2746 5040 quotquot
2792 4969 3087 5022 noverunt
3132 4965 3502 5022 immensam
3541 4965 3708 5023 illam

2051 5059 2194 5129 vim,
2229 5061 2284 5113 et
2313 5056 2691 5113 horribilium
2715 5062 3032 5129 pactorum
3067 5059 3706 5128 sacramentorumque

2051 5147 2418 5205 cautionem.
2449 5148 2492 5213 Ο
2504 5145 2622 5202 uod
2644 5146 2692 5202 si
2713 5145 2791 5202 illi
2815 5161 3058 5203 sensum
3071 5144 3422 5210 amiserunt,
3455 5161 3564 5202 seu
3577 5161 3708 5203 ma-

2050 5544 2351 5667 chymegae
2376 5559 2513 5615 cap.
2548 5544 2600 5610 9,
2625 5542 2712 5598 De
2739 5539 2960 5598 ccelesti
2993 5539 3339 5598 hierarchz’a
3363 5555 3425 5597 n.
3448 5544 3502 5611 2,
3525 5546 3713 5612 μυοῦν‹

2050 5636 2135 5667 ται
2172 5637 2234 5667 τα
2311 5635 2405 5667 εια.

2048 5636 2135 5668 ται
2172 5637 2234 5668 τα
2278 5635 2405 5670 υεια.

2121 5691 2200 5760 (4)
2231 5691 2376 5740 Μετά
2408 5684 2466 5740 δὲ
2495 5705 2550 5759 γε
2567 5684 3098 5756 ταύττηνᾸΠῘοΙΙὶεο
3123 5689 3341 5758 ἡμέραν.
