4484 6446
817 390 915 444 951

2026 389 2307 446 ARSENII
2347 393 2446 447 CP.
2490 387 2977 445 PATRIARCHrL.

4077 398 4181 453 952

822 512 913 583 gis
961 510 1304 568 voluntaria
1346 510 1576 568 malitia
1623 512 1857 568 veritati
1896 512 2302 570 testimonium
2344 529 2471 571 non
2499 518 2593 571 A1

2408 529 2471 571 )n
2499 518 2546 571 Α
2578 520 2777 583 τοῡσιν,
2839 514 2865 571 ἦ
2935 512 3126 585 μᾶλλον
3193 514 3605 577 ἑθελοκακοῦντες
3673 520 3765 575 τὴν
3842 517 4083 577 ἀλήθειαν
4123 520 4179 573 οὐ

821 600 1048 668 dicunt,
1065 604 1267 666 testor,
1289 600 1710 667 Isaiaeinstar‘,
1730 601 1950 657 caelum
1976 606 2032 657 et
2052 607 2292 665 terram,
2324 620 2472 676 quo-

818 689 997 746 modo
1026 690 1369 755 restiterim,
1401 690 1710 761 quomodo
1738 691 2147 747 contenderim
2173 714 2184 756 ;
2213 708 2337 764 quo
2368 710 2474 766 pa-

821 783 917 836 cto
938 780 1151 835 iterum
1184 779 1277 833 ille
1300 780 1782 850 juramentorum
1829 780 2343 838 conﬁrmationem
2394 784 2472 839 ad

820 885 918 926 me
950 873 1007 923 et
1038 868 1117 924 ad
1147 867 1460 939 pontiﬁces
1490 868 1712 925 fecerit.
1745 872 1893 925 Nam
1925 870 2005 925 ita
2030 871 2250 941 juravit
2290 889 2302 926 :
2337 893 2363 921 ‹‹
2406 872 2473 928 Si

821 959 1065 1015 voluero
1079 958 1250 1012 noxii
1260 957 1586 1028 quidquam
1599 959 1826 1028 facere,
1846 961 1967 1015 sive
1983 974 2211 1030 perme,
2236 963 2356 1017 sive
2368 977 2476 1031 per

820 1048 1034 1109 alium,
1050 1046 1113 1101 in
1135 1046 1441 1101 dominum
1453 1061 1666 1114 meum,
1686 1047 1954 1103 heredem
1968 1064 2476 1121 successoremque

819 1134 1077 1204 imperii,
1098 1135 1209 1190 sim
1231 1141 1571 1205 segregatus
1594 1151 1631 1191 α
1654 1136 1888 1205 vivi/ica
1909 1144 1962 1193 et
1981 1138 2477 1195 consubstantiali

829 1224 1145 1289 Trinitate,
1174 1230 1353 1295 atque
1379 1224 1642 1279 traditus
1663 1226 1921 1281 diabolo.
1955 1246 1982 1276 ιο
2008 1228 2152 1281 Cum
2181 1227 2293 1282 hoc
2318 1228 2474 1298 jure-

816 1312 1101 1385 jurando,
1143 1312 1321 1367 etiam
1347 1311 1511 1367 aliud
1540 1312 1766 1369 factum
1799 1319 1887 1369 est
1916 1330 2059 1384 erga
2084 1331 2329 1371 omnem
2359 1332 2473 1389 po-

818 1402 1055 1475 pulum,
1108 1401 1422 1472 pontiﬁces
1474 1402 1832 1467 sacerdotes,
1866 1404 2203 1476 optimates,
2235 1406 2469 1475 milites,

821 1490 1083 1562 denique
1107 1489 1387 1545 homines
1409 1491 1697 1562 privatos,
1720 1496 1803 1558 ut,
1832 1508 2013 1562 quem
2036 1509 2066 1547 e
2096 1493 2336 1548 duobus
2359 1495 2473 1549 im—

823 1579 1203 1655 peratoribus
1254 1579 1480 1635 videret
1524 1580 1785 1652 populus
1837 1580 1895 1635 in
1949 1582 2188 1637 alterius
2228 1583 2475 1639 insidias

822 1669 1145 1737 declinare,
1180 1667 1229 1723 si
1259 1666 1571 1724 insidiator
1599 1667 1847 1740 quidem
1873 1671 2191 1727 occidisset
2240 1671 2475 1727 insidiis

822 1758 1178 1833 appetitum,
1209 1761 1273 1813 ut
1314 1758 1513 1813 cuncti
1544 1764 2070 1829 congregarentur,
2103 1765 2279 1832 atque
2312 1760 2476 1815 illum

2579 611 2928 675 μαρτυροῦσι,
2984 607 3340 679 μαρτύρομαι,
3403 609 3537 658 κατά
3592 610 3679 659 τὸν
3738 607 3886 678 ἅγιον
3941 608 4179 678 Ἠσαῖαν,

2579 692 2793 765 οὐρανὸν
2850 712 2903 744 τι
2961 698 3050 744 καὶ
3088 702 3208 763 γῆν,
3264 714 3365 755 πως
3421 694 3692 761 ἀντέστην,
3746 705 3854 759 πῶς
3917 698 4181 768 ἠγωνισά-

2580 802 2701 854 μην,
2732 790 2835 841 πῶς
2861 782 3011 843 οὗτος
3045 788 3134 834 καὶ
3186 784 3339 835 πάλιν
3410 788 3504 842 τὴν
3567 793 3666 835 τῶν
3738 788 3901 858 ὅρκων
3958 786 4180 858 βεϐαίω-

2583 889 2665 921 σιν
2691 874 2821 943 πρὸς
2852 874 2915 943 με
2972 876 3061 923 καὶ
3116 876 3244 944 πρὸς
3294 876 3409 933 τοὺς
3466 872 3729 947 ἀρχιερεῖς
3768 874 4032 933 ἐποίησεν.
4074 878 4184 929 Οὖ-

2579 978 2652 1011 τω
2679 963 2779 1033 γὰρ
2812 961 3009 1033 ὤμοσεν
3041 982 3053 994 ·
3097 982 3124 1010 ‹‹
3180 962 3240 1013 Εἰ
3295 960 3538 1034 βουληθὼ
3594 983 3646 1014 τι
3699 968 3987 1017 κακωτικόν
4036 965 4185 1038 ἐργὰ·

2584 1051 2799 1113 σασθαι,
2848 1054 2947 1101 εἴτε
2978 1046 3049 1102 δι’
3104 1050 3228 1123 ἐμοῦ
3283 1048 3354 1102 δι’
3417 1050 3611 1124 ἑτέρου,
3668 1053 3737 1114 εἰς
3800 1058 3886 1105 τὸν
3938 1055 4185 1113 αὐθεντην

2580 1157 2680 1209 μου
2720 1143 2809 1190 και
2848 1138 3162 1213 κληρονόμον
3192 1145 3281 1191 καὶ
3311 1136 3573 1212 διάδοχον
3618 1149 3707 1202 τῆς
3767 1140 4056 1214 βασιλείας,
4107 1146 4190 1196 ἶνα

2582 1226 3063 1301 εὶμίάγωρισμέιος
3103 1226 3203 1280 ὰπὸ
3246 1236 3342 1289 τῆς
3398 1230 3707 1302 ζωαρχικῆς
3758 1235 3847 1282 καὶ
3905 1233 4187 1302 ὁμοουσίου

2583 1313 2828 1388 Τριάδος,
2890 1313 3313 1389 παραδεδομένος
3366 1326 3437 1388 τῷ
3502 1316 3750 1389 διαϐόλῳ,
3821 1342 3848 1368 ››
3906 1324 3999 1372 Σὺν
4074 1324 4189 1372 τού-

2582 1424 2654 1476 τῳ
2680 1415 2750 1475 τῷ
2786 1407 2922 1480 ὅρκῳ
2979 1411 3069 1458 καὶ
3115 1408 3279 1478 ἕτερος
3333 1413 3534 1478 γέγονεν
3584 1410 3741 1481 ὅρκος
3795 1413 3925 1483 πρὸς
3986 1410 4191 1462 ἅπαντα

2584 1498 2670 1547 τὸν
2738 1495 2880 1562 λαὸν,
2935 1494 3224 1568 ἀρχιερεῖς,
3292 1499 3460 1569 ἱερεῖς,
3518 1503 3857 1568 μεγιστᾶνας,
3912 1517 4189 1571 στρατευο-

2585 1588 2765 1655 μένους
2794 1588 2883 1635 καὶ
2926 1580 3177 1645 ἰδιώτας·
3232 1586 3405 1636 ὅντινα
3464 1583 3563 1637 ἀπὸ
3622 1594 3721 1637 τῶν
3771 1582 3867 1638 δύο
3932 1585 4189 1659 βασιλέων

2586 1670 2695 1724 ἴδοι
2751 1674 2775 1724 ὁ
2828 1671 2951 1734 λαὸς
3005 1671 3303 1725 ἐκκλίναντα
3346 1673 3412 1733 εἰς
3461 1672 3729 1731 ἐπιϐουλήν
3762 1682 3853 1726 τοῦ
3903 1674 4097 1749 ἑτερου,
4150 1676 4193 1727 εἰ

2585 1767 2674 1836 μέν
2734 1765 2965 1834 φονεύσει
3032 1766 3118 1813 τὸν
3184 1761 3661 1815 ἐπιϐουλευθένταὸ
3743 1762 4026 1835 ἐπίϐουλος,
4111 1766 4194 1816 ἶνα

823 1850 1005 1907 etiam
1048 1846 1447 1903 interﬁcerent
1495 1864 1508 1914 ;
1541 1847 1982 1919 proclamarent
2022 1866 2163 1905 vero
2196 1851 2258 1905 in
2294 1849 2478 1921 impe-
2510 1865 2555 1921 Β
2589 1875 2594 1901 ι

2417 1866 2478 1905 ιϐ·
2510 1865 2555 1921 Β
2589 1854 2915 1924 σωρεύωνται
2985 1850 3227 1918 ἅπαντες,
3304 1857 3392 1903 καὶ
3470 1855 3719 1924 φονεύωσι
3790 1858 3879 1905 καὶ
3952 1860 4133 1905 τοῦτον
4177 1874 4188 1887 ·

822 1942 1088 1995 ratorem
1121 1951 1304 2008 quem
1327 1935 1545 1991 vellent
1582 1951 1612 1991 e
1655 1941 1865 1992 senatu
1903 1954 1915 1991 :
1951 1938 1998 1992 si
2037 1954 2175 1994 vero
2224 1939 2479 1994 inaniter

822 2028 1106 2085 caderent
1130 2023 1382 2089 insidiae,
1409 2024 1674 2097 populus
1705 2042 1844 2081 eum
1884 2027 1990 2099 qui
2037 2028 2352 2083 insidiator
2390 2028 2476 2083 vi-

825 2133 930 2172 sus
965 2115 1172 2171 fuisset
1196 2113 1751 2186 comprehenderet,
1777 2131 1847 2171 ac
1879 2118 2054 2171 morti
2086 2116 2345 2172 traderet
2374 2117 2480 2172 ha-

822 2204 1110 2276 beretque
1154 2202 1580 2274 imperatorem
1624 2202 1791 2258 illum
1839 2204 1932 2259 cui
1966 2204 2199 2260 insidiae
2245 2208 2479 2260 structae

824 2298 1023 2351 essent
1054 2311 1065 2348 :
1103 2292 1269 2364 quod
1302 2291 1350 2345 si
1382 2307 1504 2347 non
1526 2292 1605 2348 ita
1631 2297 1832 2361 ageret
1858 2293 2137 2365 populus,
2180 2294 2291 2348 idsi
2337 2309 2481 2365 quo-

821 2398 941 2456 que
970 2386 1171 2437 essent
1208 2381 1712 2437 excommunicati
1749 2386 1927 2452 atque
1976 2382 2477 2438 anathematizati.

896 2473 983 2526 Vl.
1018 2469 1114 2525 His
1138 2468 1268 2541 ipse
1294 2469 1651 2540 juramentis
1698 2468 1961 2540 alligavit
2004 2487 2064 2524 se
2114 2485 2481 2543 omnemque

822 2560 1083 2635 plebem.
1111 2562 1225 2614 Nec
1245 2558 1436 2614 multo
1457 2558 1662 2630 elapso
1679 2564 1967 2631 tempore,
1988 2561 2117 2630 jam
2141 2560 2218 2615 ad
2242 2576 2479 2616 coronae

820 2651 1272 2723 impositionem
1325 2650 1615 2721 compulit
1650 2665 1767 2705 me.
1794 2652 1924 2715 Qua.
1965 2652 2193 2706 ratione
2241 2667 2483 2707 enume-

822 2756 954 2798 rare
979 2739 1208 2812 possim
1243 2737 1632 2810 multiplieem
1680 2754 1866 2810 quam
1915 2740 2169 2795 sustinui
2219 2741 2479 2812 tyranni-

822 2830 963 2887 dem
991 2830 1019 2885 ?
1044 2828 1309 2884 inﬁnitas
1338 2827 1470 2883 illas
1517 2827 1851 2895 violentias,
1892 2833 2092 2897 noctu,
2148 2846 2254 2902 per
2295 2830 2477 2896 diem,

822 2917 1285 2992 apontificibus,
1332 2916 1746 2989 optimatibus,
1779 2918 2214 2985 sacerdotibus,
2273 2935 2481 2975 mona-

823 3009 975 3077 chis,
1006 3006 1332 3079 hagioritis,
1362 3005 1656 3072 solitariis,
1696 3011 1751 3062 et
1793 3010 1857 3061 ut
1900 3006 2085 3062 semel
2133 3007 2353 3076 dicam,
2400 3008 2479 3064 ab

822 3096 1109 3155 omnibus
1142 3095 1259 3150 fere
1282 3095 1341 3149 in
1373 3094 1679 3165 dignitate,
1702 3096 2054 3163 sacerdotio,
2079 3096 2202 3153 vita
2244 3098 2479 3169 privata

823 3186 1159 3245 constitutis
1181 3185 1209 3241 ?
1228 3183 1343 3242 Sed
1359 3200 1467 3240 nec
1490 3184 1770 3241 mulieres
1795 3186 2144 3257 hujusmodi
2187 3187 2476 3243 violentiae

823 3280 1098 3349 expertes
1138 3278 1575 3330 remanserunt.
1608 3274 2036 3331 Testimonium
2069 3276 2215 3331 mihi
2246 3276 2479 3331 dabunt

824 3379 1036 3422 omnes
1065 3362 1297 3419 veritati
1332 3362 1620 3430 innutriti,
1648 3367 1878 3435 quanta
1915 3363 1994 3419 ad
2042 3364 2318 3436 Syrrhea,
2364 3367 2477 3420 Lu-

823 3452 1099 3527 padium,
1134 3452 1388 3507 Prusam
1418 3466 1639 3523 passus
1673 3451 1907 3508 fuerim.
1954 3452 2062 3508 Ubi
2102 3458 2304 3509 autem
2355 3469 2479 3510 non

823 3544 1183 3600 invenerunt
1221 3556 1319 3596 me
1372 3556 1494 3595 sua:
1544 3540 1836 3598 voluntati
1896 3541 2414 3615 obtemperantem
2463 3562 2475 3611 ;

823 3630 1229 3706 quadraginta
1252 3628 1588 3703 pontiﬁces,
1617 3634 1673 3686 et
1702 3630 1985 3703 amplius,
2008 3648 2118 3687 sua
2148 3632 2295 3687 mihi
2336 3632 2478 3687 scri-

824 3727 929 3796 pta
952 3720 1350 3788 tradiderunt,
1384 3719 1445 3775 in
1476 3720 1722 3792 propria
1753 3721 1954 3793 capita
1980 3721 2204 3777 habere
2246 3738 2306 3777 se
2342 3738 2480 3795 pro-

823 3811 968 3869 fessi
1002 3813 1521 3866 sacramentorum
1570 3809 1976 3880 violationem,
2024 3815 2080 3866 et
2123 3828 2481 3867 coronarem

823 3899 1229 3969 Palmologum
1254 3899 1519 3971 primum
1548 3918 1559 3954 :
1596 3898 1763 3971 quod
1789 3906 1917 3956 erat
1947 3896 2141 3972 nefas.
2182 3904 2301 3957 Hoc
2319 3902 2480 3957 enim

824 3990 935 4048 fuit
957 3992 1402 4045 sacramentum
1437 3992 1616 4060 atque
1665 3994 2181 4045 sacramentorum
2217 3991 2481 4047 maxime

822 4077 1196 4137 horrendum
1266 4092 1338 4135 ac
1402 4076 1803 4144 formidabile,
1882 4082 1947 4135 ut
2010 4079 2258 4137 haberet
2317 4081 2481 4138 Calo-

897 4191 919 4223 ‘
951 4193 1067 4244 Isa.
1091 4202 1131 4254 1,
1164 4188 1219 4240 2.

898 4275 1326 4349 (5)_'A7iopirc3v
1395 4276 1491 4349 vel
1544 4274 1890 4349 Ἀγιορειτῶν.
1946 4276 2281 4348 Hagioritae,
2351 4294 2480 4335 mo-

824 4346 1004 4406 nachi
1036 4346 1363 4403 incolentes
1389 4346 1537 4419 οἶγιον
1568 4346 1661 4402 vel
1690 4346 1849 4421 ’ἱερὸν⁸
1870 4350 2007 4421 ὅρος,
2040 4346 2308 4421 montem
2346 4366 2481 4405 san-

829 4426 994 4494 ctum
1038 4424 1099 4494 et
1141 4434 1404 4485 sacrum,
1449 4418 2003 4494 montemg‘atbosizr
2041 4419 2189 4494 ἆγιον
2234 4426 2349 4494 ὅρος
2389 4429 2481 4473 τοῦ

825 4490 999 4547 Ἄθω.
1044 4491 1237 4546 Victor
1264 4505 1427 4561 papa
1467 4490 1692 4557 tertius,
1730 4489 1835 4546 lib.
1859 4507 1896 4545 ιι
1926 4489 2320 4561 Βὶαιορονιώη
2359 4509 2481 4548 non

2590 1940 2945 2014 ἀναγορευωσι
3000 1937 3060 1992 δέ
3125 1939 3179 1991 ἐκ
3234 1947 3324 2000 τῆς
3374 1940 3668 2012 συγκλήτου
3727 1939 3951 2014 βασιλέα
3995 1943 4048 1994 ὃν
4104 1946 4195 1993 καὶ

2591 2031 2823 2083 θελουσιν
2859 2051 2869 2063 ·
2898 2026 3031 2082 εἶδε
3060 2034 3259 2101 ματαία
3312 2037 3441 2101 φανῇ
3488 2032 3517 2087 ἡ
3562 2028 3829 2096 ἐπιϐουλή,
3892 2033 3974 2083 ἵνα
4027 2039 4191 2106 κρατῇ

2589 2122 2614 2171 ὁ
2670 2119 2794 2181 λαὸς
2848 2124 2931 2171 τό)
2998 2123 3218 2190 φανέντα
3274 2117 3565 2189 ἐπίϐουλον,
3625 2124 3713 2171 καὶ
3762 2124 3945 2193 «pova
3996 2128 4196 2187 τοῦτον,

2588 2214 2677 2260 καὶ
2704 2211 2803 2280 ἔχῃ
2837 2214 2926 2260 καὶ
2977 2212 3064 2259 τὸν
3123 2206 3548 2260 ἐπιϐουλευθέντα
3605 2207 3865 2279 βασιλέα’
3922 2210 3965 2261 εἰ
4018 2206 4077 2261 δί
4134 2210 4196 2261 οὐ

2588 2302 2799 2355 ποιήσει
2827 2296 3037 2359 οὕτωςὸ
3066 2297 3210 2362 λαὸς,
3261 2299 3342 2349 ἵνα
3398 2298 3498 2349 ὦσι
3550 2302 3640 2349 ααὶ
3706 2298 3852 2351 αὐτοί
3900 2297 4198 2374 ἀφωρισμέ-

2589 2406 2665 2437 νοι
2686 2391 2775 2437 καὶ
2791 2384 3334 2457 ἁνατεθεματισμενοι.

2663 2474 2728 2540 ς’·
2761 2479 2972 2535 Τούτοις
2997 2482 3104 2536 τοῖς
3154 2477 3322 2549 ὅρκοις
3382 2472 3755 2547 συνδεσμὴσας
3797 2476 3953 2537 αὐτὸς
3992 2476 4192 2547 ἑαυτὸν,

2589 2570 2679 2617 καὶ
2709 2568 2879 2617 πάντα
2901 2568 2986 2616 τὸν
3016 2564 3156 2618 λαόν.
3200 2570 3298 2616 Καὶ
3340 2569 3522 2638 καιρὸς
3574 2565 3631 2617 ου
3694 2565 3851 2626 πολύς
3910 2566 4195 2639 παρελθὼν,

2589 2660 2678 2707 xui
2708 2658 2838 2729 πρὸς
2868 2659 2961 2713 τὴν
2996 2653 3177 2724 στέψιν
3210 2650 3317 2712 ἠδη
3351 2659 3625 2726 κατέπειγέ
3646 2674 3726 2727 με.
3780 2662 3893 2715 Πῶς
3944 2657 4004 2706 οἷν
4062 2654 4197 2707 ἀπα-

2588 2747 2934 2818 ριθμήσωμαι
2968 2747 3057 2804 τοὶς
3125 2740 3432 2816 τυραννίδας
3488 2744 3548 2807 ἃς
3607 2746 3876 2812 ὑπέστην;
3938 2753 4050 2807 πῶς
4103 2749 4200 2807 τὰς

2590 2836 2967 2907 ὑπεραπείρους
3018 2832 3143 2906 βίας
3199 2831 3415 2898 ἐκείνας,
3475 2836 3569 2895 τὰς
3632 2832 3680 2885 ἐν
3741 2839 3913 2902 νυκτί,
3980 2837 4073 2895 τοὶς
4149 2833 4198 2886 ἔν

2589 2926 2800 2999 ἡμέρᾳ;
2842 2932 2952 2984 πῶς
2981 2926 3074 2985 τὰς
3121 2934 3220 2976 τῶν
3283 2921 3587 2997 ἀρχιερέων,
3640 2925 3732 2986 τὰς
3789 2932 3887 2975 τῶν
3936 2943 4197 2996 μεγιστα-

2588 3034 2704 3068 νων.
2738 3017 2832 3074 τὰς
2898 3020 2998 3064 τῶν
3064 3014 3253 3088 ἱερέων,
3296 3016 3386 3073 τὰς
3445 3021 3545 3065 τῶν
3609 3021 3879 3085 μοναχῶν,
3939 3015 4030 3075 τὰς
4098 3020 4201 3064 τῶν

2586 3087 2890 3175 Ἀγιοριτῶν
2944 3105 3025 3174 (5)

3034 3149 3047 3173 ,
3108 3107 3199 3165 τὰς
3266 3111 3365 3155 τῶν
3428 3104 3777 3174 ἡσυχαστὼν,
3843 3106 3933 3155 καὶ
3990 3101 4199 3165 ἁπαξαο

2511 3220 2550 3274 C
2588 3194 2723 3254 πλῶς
2746 3194 2923 3255 εἰπεῖν,
2962 3190 3161 3265 σχεδὸν
3218 3212 3421 3246 παντων
3480 3195 3580 3244 τῶν
3642 3191 3690 3244 ἓν
3754 3191 3883 3245 τέλει
3945 3196 4034 3243 καὶ
4097 3201 4200 3243 τῶν

2589 3282 2636 3335 ἐν
2667 3286 2915 3358 ἱερωσύνῃ
2940 3289 3030 3335 καὶ
3070 3279 3343 3354 ἰδιωτείᾳ,
3400 3281 3533 3333 Ἀλλ’
3585 3278 3708 3333 οὐδὲ
3762 3289 4000 3353 γυναῖκες
4047 3284 4200 3353 ἄμοι-

3918 3375 4203 3444 Μαρτυρὴ-

2589 3466 2745 3513 σουσί
2773 3481 2863 3533 μοι
2920 3464 2969 3513 οἰ
3034 3470 3129 3524 τῆς
3196 3460 3436 3521 ἀληθείας
3500 3462 3684 3520 πάντες
3752 3463 4037 3532 σύντρσφοι
4094 3462 4198 3532 (6),

2588 3552 2688 3602 ὅσα
2712 3554 2847 3602 κατά
2876 3552 2941 3601 τὰ
2970 3550 3162 3624 Συρρεα
3194 3550 3273 3619 (7)
3341 3554 3429 3601 καὶ
3495 3554 3553 3600 τό
3623 3545 3913 3607 Λουπάδὴν
3978 3548 4059 3620 (8)
4109 3554 4201 3601 καὶ

2588 3643 2675 3696 τὴν
2708 3638 2949 3712 Προῦσαν
2982 3637 3342 3699 ὐπέστην.Ὠς
3401 3633 3459 3689 δέ
3516 3636 3621 3707 οὐχ
3680 3635 3919 3711 εὕρισκον
3973 3655 4036 3709 με
4095 3644 4203 3697 τοῖς

2586 3729 2779 3779 τούτων
2844 3725 3100 3798 θελήμασι
3162 3728 3479 3798 πειθόμενον,
3545 3728 3941 3799 τεσσαράκοντα
4016 3723 4201 3797 ἀρχιε-

2586 3390 2670 3445 ροι
2726 3380 2821 3432 τῆς
2882 3376 3131 3434 τοιαύτης
3204 3370 3324 3444 βίας
3385 3370 3837 3441 ἐναπελείφθησαν.

2588 3824 2695 3890 ρεῖς
2722 3819 2991 3890 καὶπρὸς,
3030 3814 3122 3876 τὰς
3162 3815 3352 3867 ἐαυτών
3418 3833 3508 3886 μοι
3574 3816 3775 3888 ’γραφὰς
3850 3814 4197 3888 ἐνεχείρισαν,

2589 3909 2730 3977 ἔχειν
2798 3908 3080 3977 φάσκοντες
3126 3905 3194 3965 εἰς
3228 3906 3321 3966 τὰς
3385 3904 3579 3956 ἑαυτῶν
3651 3904 3873 3976 κεφαλάς
3938 3909 4031 3961 τήν
4100 3914 4200 3956 τῶν

2590 3996 2754 4068 ὅρκων
2823 3998 3189 4068 παρατροπὴν,
3264 3999 3354 4045 καὶ
3427 3992 3617 4063 στέψαι
3690 3996 3775 4044 τὸν
3844 3991 4199 4063 Παλαιολόγον

2591 4092 2793 4160 πρῶτον
2838 4104 2850 4117 ο
2876 4085 2996 4158 ὅπερ
3027 4080 3087 4141 ἧν
3115 4082 3389 4155 ἀπώμοτον
3561 4083 3725 4144 Οὑτος
3766 4085 3868 4157 γὰρ
3938 4078 3998 4140 ἧν
4029 4082 4055 4133 ὁ
4113 4084 4199 4154 ὄρ-

2589 4296 2871 4353 sequerer
2892 4280 3127 4337 codices
3144 4278 3509 4352 quihabent,
3524 4284 3785 4353 sterceae,
3808 4293 3844 4333 a
3865 4283 4115 4335 stercus.
4139 4276 4205 4333 id

2589 4350 3052 4417 est‘stercoreus,
3085 4350 3465 4407 stercoratus.
3492 4355 3681 4422 Atque
3710 4350 3769 4405 in
3795 4366 3929 4405 eam
3967 4354 4203 4405 senten-

2590 4423 2734 4505 tiae).
2764 4424 3201 4505 aquaredibrs
3222 4422 3487 4505 discedo-

2664 4495 2740 4563 (7)
2772 4497 2848 4547 Τά
2880 4492 3089 4569 Σὺῥρεα.
3128 4494 3187 4549 ld
3211 4499 3321 4558 est,
3348 4494 3851 4569 siﬂinterpreteris,
3892 4492 4203 4569 Cpit/luen-

826 4562 1037 4637 procul
1067 4561 1384 4638 abinjtio:
1424 4562 1811 4638 Postmodum
1856 4578 1992 4638 vero
2038 4565 2101 4618 in
2153 4564 2386 4620 ercia
2419 4568 2481 4620 in
2514 4580 2559 4635 ι)
2594 4567 2679 4621 tia
2710 4561 3255 4638 :quoex'aquarum
3274 4561 3766 4621 conﬂuxumulta
3782 4564 3915 4620 loca
3930 4561 4203 4620 Latinum

824 4634 1023 4692 inonte
1048 4635 1165 4706 qui
1186 4635 1558 4706 Hagionoros
1590 4634 1835 4701 dicilur,
1865 4637 2178 4706 aliquanto
2225 4643 2485 4705 tempore

824 4704 1073 4779 mansit:
1123 4705 1271 4761 Hinc
1327 4710 1480 4778 τόμος
1520 4704 2036 4779 ῘΑσγιορειτικλὸςιῖιι
2087 4706 2206 4762 ﬁne
2267 4704 2485 4779 synodi

825 4777 1268 4839 Palamitarum,
1294 4776 1568 4831 Auctario
1596 4793 1654 4832 ιιι
1679 4776 2151 4835 Ὸοωὺεῇεἱδιιο.

895 4849 978 4922 (6)
1027 4851 1326 4922 Σύντροφοι.
1381 4848 1710 4922 Βγὶρῑίοιιθω
1761 4849 2028 4905 Latinam
2079 4848 2215 4905 fecit
2263 4850 2489 4905 Tertul-

821 4919 1067 4991 liamus,
1088 4919 1392 4977 Adversus
1415 4920 2015 4992 Valentinianos.cap
2043 4924 2075 4975 8
2101 4938 2112 4975 :
2150 4923 2397 4977 Interim
2426 4923 2487 4976 in

824 4995 1149 5050 tricenario
1173 4992 1514 5063 fecunditas
1536 4998 1660 5048 tota
1682 4992 1880 5061 deﬁcit
1899 5009 1911 5047 :
1932 4998 2203 5049 castrata
2230 4999 2311 5049 est
2331 4995 2416 5049 vis
2434 4999 2487 5049 et

816 5070 1085 5135 potestas
1116 5070 1170 5121 et
1195 5064 1379 5119 libido
1409 5065 1692 5133 genitalis
1726 5065 2023 5119 AEonum.
2061 5065 2245 5131 Quasi
2282 5081 2399 5119 non
2433 5070 2488 5119 et

820 5152 1207 5193 numerorum
1235 5141 1409 5191 tanta
1443 5135 1644 5192 adhuc
1700 5137 1959 5205 coagula
2000 5142 2393 5205 superessent.
2434 5144 2490 5193 et

821 5209 1002 5264 nulla
1021 5211 1147 5264 alia
1165 5208 1238 5264 de
1254 5208 1603 5278 paedagogio
1622 5212 1890 5265 nomina.
1912 5208 2110 5275 Quare
2126 5211 2279 5263 enim
2310 5224 2424 5263 non
2440 5213 2492 5265 et

821 5280 1260 5353 quinquaginta
1282 5285 1337 5353 et
1360 5286 1594 5334 centum
1606 5284 2009 5353 procreantur
2030 5284 2261 5353 iquare
2272 5286 2325 5353 ξι
2347 5287 2489 5335 ster-

820 5351 960 5409 ceiz
975 5351 1368 5422 etsyntrophi
1380 5353 1778 5407 nominantur
1794 5354 1822 5405 ?
1842 5352 2029 5417 Quem
2049 5351 2248 5407 locum
2268 5352 2488 5407 frustra

820 5423 1139 5479 sollicitant
1165 5423 1276 5478 viri
1301 5423 1483 5491 docti,
1516 5422 1575 5477 in
1599 5438 1746 5477 voce
1776 5425 2058 5491 sterceiar,
2088 5440 2219 5494 quae
2249 5439 2355 5494 per
2388 5422 2486 5477 de-

818 5495 1141 5567 ridiculum
1164 5495 1322 5551 facta
1347 5501 1453 5561 est,
1481 5494 1560 5567 ad
1587 5494 2003 5563 designandos
2030 5494 2312 5567 puerulos
2339 5501 2489 5550 ster-

817 5582 954 5623 core
984 5566 1302 5639 inquinare
1335 5582 1399 5621 se
1432 5566 1656 5639 solitos,
1682 5572 1941 5639 apteque
1964 5566 2103 5622 cum
2136 5566 2486 5639 syntrophis

817 5655 923 5695 seu
954 5638 1290 5694 coalumnis
1322 5638 1726 5708 conjungitur.
1774 5638 2002 5705 Rigaltii
2044 5638 2183 5694 vero
2215 5640 2486 5695 stercotaa

814 5710 1099 5775 nutrices,
1133 5711 1282 5782 quid
1327 5709 1703 5782 adronnum
1748 5709 1981 5782 prolem
2026 5710 2369 5775 augendam
2396 5710 2484 5766 fa-

816 5782 982 5840 ciunt
1010 5782 1038 5837 ?
1066 5781 1240 5848 QuOd
1263 5782 1309 5838 si
1338 5781 1486 5854 quid
1505 5781 1867 5839 mutandum
1895 5788 2071 5851 esset,
2105 5782 2358 5839 libenter
2378 5798 2482 5839 eos

2594 4654 2814 4693 nomen
2861 4643 3091 4709 gerunt.

2776 4713 2843 4761 Τὸ
2864 4703 3167 4766 *Λουπάδην
3219 4710 3384 4763 Forte
3438 4703 4014 4779 roAAounud‘wLpro
4072 4713 4206 4759 Λου-

2595 4775 2807 4835 πάδιον.
2836 4780 2983 4837 Urbs
3002 4786 3163 4844 nota,
3192 4796 3330 4852 quae
3354 4775 4027 4852 Aonudiov,_l.opadium,
4064 4781 4208 4852 |_.‘eo-

2596 4852 2870 4924 padium,
2890 4849 3243 4924 Lupadium’,
3263 4851 3632 4923 Lupardum,
3648 4850 3868 4922 Lupar,
3886 4849 4135 4922 Lupadi,
4151 4853 4209 4905 et

2601 4923 2816 4979 Uluhat
2842 4924 3003 4979 dicta
3036 4923 3345 4995 reperitur.

2670 4997 2747 5065 (9)
2775 4990 3282 5067 Ἀπὼμοτον.Ὀυὶἀ
3332 4994 3406 5067 siit
3456 4991 3752 5067 ἀπώμοτος,
3807 4990 4207 5067 φιίἀ-ἁνώμοτ

2598 5086 2676 5127 τος
2706 5064 2762 5122 et
2792 5064 3063 5138 ἐνώμότος,
3098 5066 3276 5121 etiam
3330 5064 3846 5138 tirones_'sciunt_.__
3872 5064 3995 5138 Sed
4028 5064 4208 5135 pauci

2598 5138 2745 5194 forte
2773 5135 3150 5193 extricabunt
3172 5153 3233 5191 se
3266 5152 3337 5192 ex
3359 5137 3488 5191 istis
3510 5136 3768 5191 Philonis
3788 5135 3941 5190 libro
3966 5137 4048 5191 De
4063 5150 4213 5191 som-

2598 5212 2732 5280 niis,
2763 5211 2985 5282 p.114!)
3020 5226 3032 5264 :
3064 5209 3243 5269 Οὕτως
3269 5210 3298 5266 ἡ
3330 5204 3615 5278 δυστυχὴς
3648 5207 3849 5282 (ψιξχιὴ)
3889 5206 4207 5277 ἐξηνεμὼθη,

2598 5285 2665 5343 ὡς
2692 5278 2781 5333 xui
2822 5280 3054 5353 ἐνόμοτον
3084 5282 3335 5353 γενέσθαι.
3364 5284 3482 5353 περί
3542 5286 3633 5330 τοῦ
3704 5278 3929 5352 βεϐαίως
3972 5285 4062 5331 καὶ
4115 5298 4213 5329 πα-

2596 5358 2725 5432 γίως
2756 5348 3132 5432 ταῦθ’ἐστάναι
3169 5348 3407 5432 ἀψευδοῦς
3429 5348 3712 5432 ’ὑπέλαϐεν
3742 5350 4029 5432 Equidem
4066 5364 4212 5431 ergo

2600 5421 2683 5480 sic
2701 5425 3042 5483 existimo.a
3065 5425 3190 5478 viro
3214 5421 3673 5492 incomparabili
3690 5423 3977 5492 scriptum
4003 5421 4210 5485 fuisse,

2598 5496 2872 5568 ἐνώμοτον,
2897 5501 2953 5551 et
2983 5498 3017 5547 οἰ
3046 5492 3277 5567 χευδὼς,
3310 5497 3389 5550 ad
3416 5492 3577 5568 hunc
3603 5510 3851 5568 sensum
3886 5512 3898 5559 ;
3929 5495 4029 5550 Sic
4049 5493 4211 5568 infe-

2599 5565 2915 5624 lix'anima
2938 5565 3262 5624 eventilata
3288 5572 3393 5627 est,
3418 5565 4095 5635 utetiamjurejurando
4118 5565 4215 5620 ob-

2596 5642 2913 5696 strinxerit
2936 5639 3180 5710 se,quod
3196 5640 3509 5707 ﬁrmiteret
3527 5638 3713 5693 solide
3726 5638 3837 5693 illa
3858 5638 4213 5706 consistant,

2594 5728 2727 5785 quae
2744 5713 2907 5782 falso
2925 5713 3313 5768 existimavit.
