4484 6446
330 407 434 461 953

330 546 421 588 κος
463 532 551 580 καὶ
605 525 771 601 ὁρκων
833 525 859 575 ό
908 518 1326 597 φρικωδέστατος
1373 525 1462 573 καὶ
1531 518 1921 594 φοϐερώτατος·
1956 522 2003 575 Α

330 618 473 687 ἔχειν
521 618 606 667 τὸν
666 611 1022 669 Καλοῑωοίννην
1100 613 1185 662 τὸν
1258 608 1481 682 βασιλέα
1528 610 1593 669 εἰς
1640 611 1809 662 πάντα
1864 612 1928 661 τὰ

330 711 576 778 πρωτεῖα,
664 708 753 754 καὶ
835 701 901 760 εἰς
956 704 1049 757 τήν
1098 698 1300 770 metu,
1349 703 1439 749 καὶ
1487 698 1557 759 εἰς
1614 703 1707 756 τήν
1766 698 1927 770 εύφὴ-

330 812 435 865 μην
495 794 627 862 (10),
671 795 760 843 καὶ
826 790 894 850 εἰς
944 792 1037 847 τήν
1100 792 1434 863 προπομπήν,
1492 792 1581 839 καὶ
1628 788 1700 848 εἰς
1756 794 1927 840 πᾶσαν

328 881 488 939 dum;
518 885 675 952 τιμήν
709 901 720 912 ·
749 882 835 931 τὸν
874 876 933 931 δε
977 876 1325 947 Παλαιολόγον
1371 879 1436 928 τά
1468 872 1731 949 δευτερεῖα
1773 897 1784 909 ο
1840 882 1930 929 καὶ

330 974 474 1040 ἔχειν
527 970 715 1030 αὐτοὺς
771 972 892 1028 τοὺς
944 966 1209 1041 ἀρχιερεῖς
1266 964 1462 1037 ὶνοχεῖν
1517 970 1605 1018 καὶ
1661 974 1929 1040 συντηρεῖν

328 1063 420 1110 καὶ
493 1058 774 1130 φυλάσσειν
821 1060 906 1108 τὸν
981 1056 1296 1129 κληρονόμον
1374 1062 1468 1115 τῆς
1511 1052 1805 1126 βασιλείας,
1842 1059 1932 1107 καὶ

326 1150 463 1219 μετὰ
536 1149 750 1199 θάνατον
820 1153 913 1198 τοῦ
966 1144 1321 1215 Παλαιολόγου
1392 1142 1706 1218 ἐγχειρίζειν
1765 1146 1932 1214 τούτῳ

326 1242 420 1287 καὶ
446 1242 539 1294 τήν
565 1236 724 1288 αὐτοῦ
752 1234 1041 1307 βασιλείαν.

400 1325 471 1378 Ζ’.
503 1325 591 1387 Ὠς
613 1322 671 1377 δι
701 1333 794 1385 τῆς
829 1322 1102 1396 βασιλείας
1150 1320 1327 1388 ἐπέϐη,
1386 1326 1476 1374 καὶ
1537 1322 1766 1382 πλείονας
1823 1319 1933 1373 ἀνο-

327 1421 490 1487 μαίας
536 1423 637 1466 τῶν
684 1417 944 1485 προτέρων
1002 1408 1140 1464 εἶδον
1187 1418 1365 1463 τοῦτον
1422 1411 1786 1485 ἐργαζόμενον,
1846 1414 1935 1461 καὶ

327 1508 406 1557 ἔτι
464 1503 792 1577 ἐργάσασθαι
858 1502 915 1554 ἐκ
966 1510 1064 1553 τῶν
1098 1505 1408 1573 φαινομένων
1440 1503 1757 1575 πραγμάτων
1800 1502 1937 1551 ὑπω-

327 1596 563 1657 πτεύετο,
633 1593 1003 1663 ἀγανακτήσας
1074 1592 1402 1663 ὑπεχώρησα
1522 1595 1621 1643 Καὶ
1679 1594 1763 1641 τόν
1830 1591 1934 1641 ἀπὸ

328 1683 548 1753 Ἐφέσου
599 1681 784 1734 ἐκεῖνον
834 1681 905 1742 εἰς
960 1684 1045 1732 τὸν
1087 1682 1475 1754 πατριαρχικὸν
1531 1678 1680 1741 ausa:
1735 1681 1933 1751 θρόνονο

325 1770 412 1831 Ὠς
440 1768 499 1823 δὲ
528 1772 557 1828 ἠ
590 1778 681 1822 τοῦ
743 1772 962 1821 θανάτου
1006 1766 1236 1841 δρεπάνη
1300 1776 1481 1820 τοῦτον
1531 1768 1800 1839 ἐξεθέρισε,
1844 1771 1933 1819 καὶ

328 1864 457 1932 πρὸς
504 1864 562 1911 τὸ
616 1858 803 1911 έκεῖθεν
863 1863 1131 1933 κριτήριον
1207 1857 1537 1931 παρέπεμψεν
1603 1856 1931 1927 ἀπολογησό-
1973 1871 2011 1924 Β

328 1968 480 2022 μενον
536 1953 655 2021 περὶ
721 1957 819 2000 τῶν
868 1953 1156 2021 πρακτέων,
1219 1947 1370 1999 πάλιν
1418 1948 1505 2019 ἐμὲ
1569 1945 1929 1999 ἀνεκαλέσατο.

323 2036 415 2098 Ὠς
474 2035 533 2089 δὲ
581 2046 673 2089 τού
764 2038 954 2090 οἰκείου
1013 2036 1199 2094 ἐπέϐην
1259 2039 1459 2109 θρόνου,
1524 2041 1649 2087 ποία
1699 2040 1929 2108 γραφική

328 2126 583 2197 ἐξήγησις
610 2133 943 2201 παραστήσει
980 2130 1075 2187 τάς
1126 2125 1178 2188 εξ
1220 2126 1379 2177 αὐτοῦ
1428 2145 1517 2197 μοι
1562 2127 1933 2196 συμπεσούσας

330 2214 454 2287 βιας
483 2235 495 2283 ;
529 2216 699 2269 Θέλων
740 2219 842 2291 γὰρ
878 2218 960 2267 ἱνα
1002 2219 1088 2267 τόν
1123 2215 1479 2272 Καλοῑωοίννην
1521 2214 1742 2287 βασιλέα
1788 2210 1931 2265 ἰδίων

328 2310 478 2377 τίσῃ,
558 2311 647 2357 καὶ
706 2311 837 2377 μήτε
881 2305 1108 2377 εὐφήμην
1153 2308 1313 2375 ἔχειν,
1393 2308 1523 2376 μήτε
1580 2310 1929 2375 μνημόσυνον,

329 2399 464 2466 μήτε
513 2392 785 2465 βασιλείας
842 2414 893 2445 τι
954 2400 1186 2466 σημεῖον,
1254 2397 1373 2454 τούς
1439 2396 1627 2453 κακούς
1690 2396 1933 2464 ποιμένας

330 2504 421 2535 και
467 2488 587 2544 τούς
624 2492 713 2543 τῆς
744 2484 1052 2544 Ἐκκλησίας
1100 2484 1324 2555 ἐχθρούς
1379 2482 1566 2554 μᾶλλον
1611 2484 1639 2541 ἡ
1701 2484 1932 2555 προστά-

330 2593 421 2633 τας
454 2578 733 2647 συνεργούς
761 2574 827 2634 εἰς
855 2581 1007 2626 τοῦτο
1044 2573 1316 2648 ἐχρήσατο
1378 2594 1390 2605 ·
1450 2573 1636 2635 ἤλπιζε
1695 2569 1752 2625 δε
1802 2571 1935 2643 κάμέ

331 2661 469 2724 έντὸς
511 2672 610 2715 τῶν
642 2664 842 2716 οἰκείων
890 2663 1047 2715 αύτοῦ
1097 2662 1299 2735 ἀρκύων
1349 2662 1490 2727 ﬂat,
1534 2660 1628 2715 διὰ
1664 2666 1722 2714 τό
1761 2680 1933 2735 προσ-

330 2752 734 2824 ταλαιπωρῆσαί
760 2772 823 2825 με
849 2760 909 2824 τῇ
959 2751 1150 2824 ἐξορίᾳ.
1210 2751 1293 2813 Ὡς
1337 2748 1396 2805 δὲ
1452 2754 1481 2810 ἡ
1539 2759 1629 2804 τοῦ
1687 2757 1813 2805 Θεοῦ
1857 2750 1935 2802 εύ-

336 2841 642 2913 σπλαγχνίᾱ
692 2851 791 2894 τῶν
857 2841 1018 2894 αὑτοῦ
1095 2838 1337 2912 παγίδων
1394 2839 1648 2915 έρῥύσατό
1700 2861 1784 2914 με,
1847 2852 1938 2900 καὶ

333 2927 456 2982 οάδι
502 2929 596 2983 κᾶν
638 2934 724 2983 τὸν
800 2936 956 3003 τόμον
1014 2930 1068 2983 ὃν
1136 2934 1287 2982 κακοὶ
1340 2936 1429 2983 καὶ
1486 2936 1665 3003 πικροὶ
1707 2935 1938 3003 ποιμένες

334 3019 586 3078 έποίησαν
618 3018 843 3074 ἀκοῦσαι
897 3021 1153 3087 ἠθέλησα,
1210 3025 1377 3080 πόσας
1415 3026 1674 3081 κακώσοις
1704 3020 1791 3093 ἐμὲ
1822 3020 1939 3074 ἐκοί-

332 3130 488 3181 κωσε,
543 3116 632 3163 καὶ
691 3116 860 3172 πόσας
914 3129 976 3183 με
1030 3110 1229 3181 θλίψεις
1273 3110 1495 3181 ἓθλιψεν,
1552 3108 1665 3163 οἶδε
1718 3112 1939 3163 ταῦταὸ

333 3197 781 3273 πανδερκέστατος
838 3199 1119 3271 ὀφθαλμός.
1176 3202 1306 3251 Ποτὲ
1367 3199 1610 3271 μὲνέλεγέ
1661 3220 1770 3271 μοι,
1830 3200 1939 3252 Ούκ

335 3288 558 3363 ἀπέλθῃς
619 3289 694 3350 εἰς
739 3293 833 3347 τήν
888 3294 1134 3359 Νίκαιαν,
1192 3289 1302 3341 ἐπεὶ
1353 3289 1941 3351 Κωνσταντινουπόλεως

335 3377 630 3453 ἄχειροτονή
640 3381 731 3439 θης
786 3399 799 3411 ο

335 3468 479 3531 ἄξια.

864 3382 987 3431 ποτε
1043 3374 1101 3431 δὲ
1160 3378 1291 3430 ἄλλα
1353 3386 1447 3440 τῆς
1509 3378 1669 3431 αὐτοῦ
1725 3375 1941 3439 διπλόης

408 3557 485 3617 Η’.
535 3558 623 3621 Ὠς
682 3555 742 3611 δε
793 3560 823 3616 ἡ
900 3557 1444 3620 Κωνσταντινούπολις
1505 3556 1785 3633 ἐκρατήθη,
1850 3563 1940 3610 καὶ

332 3652 465 3724 πρὸς
513 3648 676 3706 αὐτὴν
734 3646 1106 3721 ἀπηρχόμεθα,
1166 3655 1271 3707 πῶς
1323 3647 1444 3720 ύμῖν
1491 3653 1821 3720 παραστήσω
1853 3650 1943 3707 τὰς

333 3741 471 3790 κατά
526 3742 584 3790 τὸ
637 3740 916 3810 Σκουτάριν
979 3739 1091 3809 (ll)
1163 3736 1217 3799 ἐξ
1274 3736 1433 3789 αὐτοῦ
1484 3736 1803 3798 ἐπελθούσας
1853 3756 1943 3809 μοι

338 3827 569 3898 θλίψειςς
610 3836 716 3889 πῶς
754 3831 847 3889 τάς
877 3825 1001 3899 βίας
1031 3845 1043 3895 ;
1079 3825 1281 3898 βιάζων
1312 3846 1375 3899 με
1408 3825 1666 3899 ὀνομάσαι
1690 3829 1945 3901 πατριάρ-

335 3938 443 3990 χην
473 3920 562 3969 τὸν
588 3916 725 3981 κάπὸ
756 3918 978 3989 Ἐφέσου
1036 3916 1243 3981 ἐκεῖνον,
1304 3920 1395 3967 καὶ
1448 3920 1569 3977 τούς
1596 3916 1719 3989 παρ’
1785 3917 1944 3968 αὐτοῦ

337 4010 765 4082 χειροτονηέντας
817 4004 1084 4081 ἀρχειρεῖς
1162 4011 1252 4058 καὶ
1319 4008 1467 4079 ἱερεῖς
1520 4011 1611 4058 καὶ
1670 4002 1946 4068 διακόνους

339 4093 595 4160 δέξασθαι
625 4118 637 4130 ’
671 4096 715 4149 εἰ
754 4093 814 4149 δε
844 4102 915 4168 μή
946 4115 1027 4167 γε,
1054 4094 1285 4147 κωλυτέα
1330 4115 1420 4166 μοι
1452 4092 1512 4153 ἦν
1549 4097 1579 4153 ἠ
1622 4102 1946 4148 Κωνσταντι-

335 4186 623 4248 νουπόλεως
662 4182 887 4246 εἴσοδος.
938 4185 1026 4247 Ὠς
1085 4181 1143 4237 δὲ
1201 4187 1463 4242 πειθήνιον
1519 4185 1624 4256 οὐχ
1655 4184 1790 4257 ἐώρα
1834 4204 1896 4257 με
1930 4206 1942 4217 ·

337 4272 516 4337 οὐδεὶς
566 4278 668 4350 γὰρ
728 4282 829 4327 τῶν
894 4276 1020 4347 παρ’
1086 4273 1278 4327 ἐκείνου
1309 4276 1773 4347 χειροτονηθέντων
1830 4292 1941 4325 συν

338 4364 703 4438 ελεττούργησέ
779 4382 889 4435 μοι,
969 4361 1075 4414 ἀλλ’
1158 4360 1541 4435 ἀποτροπαίους
1611 4366 1701 4413 καὶ
1760 4357 1948 4434 βδελυ-

336 4458 507 4520 κτούς,
540 4458 611 4515 ὡς
664 4457 756 4505 καὶ
816 4454 980 4524 Θέμις,
1032 4454 1250 4514 τούτους
1316 4450 1458 4523 εἶχον
1508 4473 1520 4485 ·
1582 4450 1947 4523 ἀγανακτήσας

337 4547 691 4618 παρεχώρησέ
746 4561 837 4615 μοι
887 4546 982 4601 τήν
1058 4537 1289 4598 εἴσοδον.
1338 4541 1497 4594 Πάλιν
1554 4537 1611 4594 δὲ
1666 4546 1945 4614 σκαιωρίαι

336 4638 427 4685 καὶ
457 4632 610 4684 πάλιν
649 4633 855 4704 ἄπειροι
912 4635 1171 4690 κακώσεις
1209 4630 1325 4681 κατ’
1381 4629 1506 4702 έμοῦ
1572 4629 1619 4681 έν
1681 4638 1743 4701 τῇ
1799 4635 1945 4682 Κων-

341 4720 766 4774 σταντινουπόλει
794 4718 917 4792 παρ’
945 4718 1105 4771 αὐτοῦ
1136 4718 1389 4789 ἐγένοντο.

1979 4588 2022 4642 D

412 4809 489 4864 Θ’.
522 4809 608 4872 Ὠς
640 4812 742 4882 γὰρ
771 4813 859 4861 τόν
913 4809 1074 4861 αὐτοῦ
1154 4808 1404 4865 αὐθέντην
1460 4805 1685 4880 βασιλέα
1724 4806 1947 4865 ἠθέλησε

340 4908 604 4974 φονεῦσαι,
675 4902 740 4960 ὡς
786 4904 858 4972 μή
918 4918 969 4950 τι
1038 4897 1254 4969 κώλυμα
1313 4902 1489 4969 φανείη
1564 4897 1618 4959 ἐξ
1691 4896 1837 4969 ἐμοῦ,
1892 4900 1947 4949 αἱ

343 4995 627 5064 σκαιωρίαι
666 4990 779 5042 κατ’
837 4989 962 5063 ἐμοῦ
1032 4988 1449 5047 συνεπλάκησαν.
1507 4987 1589 5049 Ὠς
1649 4984 1707 5040 δὲ
1747 4990 1948 5060 μάταια

413 5170 531 5255 (10)
587 5168 857 5255 Ιξύφήμην.
939 5170 1035 5255 Est
1092 5168 1318 5255 εύφήμη,
1354 5167 1756 5255 ἐύφη.μισμὸς,¹
1795 5168 1947 5255 εὐφη-

341 5246 439 5314 μία
468 5249 567 5314 τὼν
600 5240 881 5314 ὀνομάτων,
917 5241 1165 5314 εὐφημία,
1198 5249 1255 5295 et
1281 5245 1469 5314 suum,
1507 5240 1708 5314 Latine
1736 5241 1941 5314 lauda:

343 5311 447 5381 tio,
462 5318 519 5368 et
537 5313 763 5380 laudes,
781 5312 976 5367 fausta
988 5312 1332 5368 acclamatio
1354 5311 1807 5383 imperatoribus
1821 5312 1946 5367 ﬁeri

343 5384 536 5440 solita.
606 5384 796 5456 Under
841 5383 1119 5456 εὐφημεῖν,
1165 5382 1496 5456 ἐπευφημεῖν,
1560 5382 1943 5456 ἐπευφημίξειν,

344 5456 621 5517 laudare.
652 5455 932 5511 laudibus
946 5457 1281 5524 cii/fumare,
1309 5455 1461 5510 bene
1475 5471 1545 5511 ac
1559 5455 1799 5510 feliciter
1812 5471 1943 5525 pre-

343 5528 485 5595 cari,
510 5528 722 5582 faustis
744 5526 1272 5583 acclamationibus
1294 5528 1596 5599 prosequi.
1618 5528 1945 5599 acclamare

341 5600 405 5678 in
433 5599 645 5678 laudes
666 5599 1063 5678 imperatoris,
1077 5597 1384 5678 fami'tai'e.
1410 5597 1557 5678 lte‘m
1577 5597 1945 5678 tﬁpnyfiaﬂat.

344 5671 747 5754 εύφημηθηναιη
808 5670 1344 5754 acclamationibus
1406 5670 1700 5754 salutaria
1727 5671 1948 5754 Dicitur

344 5741 523 5801 etiam
570 5746 629 5795 τὸ
663 5742 1030 5816 πολυχρόνιον,
1069 5745 1134 5795 τὰ
1178 5742 1527 5816 πολυχρόνια,
1552 5745 1580 5801 ἡ
1614 5741 1945 5817 πολυχρόνη-

1749 395 2273 454 ΤΕδΤΑΜΕΝΤΠΜ.

3584 407 3687 460 954

2035 523 2294 577 Joannes
2327 521 2389 577 in
2419 521 2705 578 omnibus
2770 524 3117 594 primatum,
3165 526 3224 581 in
3282 526 3687 595 coronatione,

2036 609 2402 678 laudatione,
2455 626 2765 682 processu,
2823 619 2882 667 et
2933 612 2992 667 in
3048 614 3215 669 omni
3274 614 3391 669 alio
3441 615 3689 683 honore,

2038 698 2411 768 Palaeologus
2483 715 2621 755 vero
2688 700 3017 757 secundum
3093 702 3330 767 locum;
3366 710 3539 775 utque
3578 704 3693 777 ipsi

2038 788 2348 859 pontiﬁces
2380 788 2664 854 foverent,
2721 794 3044 859 tuerentur,
3098 798 3536 862 conservarent,
3597 809 3693 848 cu-

2040 876 2329 932 stodirent
2356 878 2656 933 haeredem
2698 878 2949 951 imperii,
3009 895 3119 935 nec
3170 896 3289 936 non
3353 886 3488 953 post
3534 897 3693 937 mor-

2040 969 2159 1021 tem
2189 965 2503 1035 Palmologi
2530 967 2831 1025 traderent
2876 969 2929 1023 ei
2981 969 3177 1041 ipsum
3239 985 3482 1042 quoque
3540 970 3693 1026 illius

2039 1070 2379 1126 imperium.

2116 1324 2225 1376 VII.
2279 1324 2599 1394 Postquam
2676 1327 2877 1378 autem
2960 1323 3287 1395 assumpsit
3358 1323 3696 1396 imperium,

2047 1410 2568 1483 animadvertique
2581 1410 2745 1466 illum
2765 1412 2938 1483 plura
2958 1412 3154 1484 inique
3167 1429 3352 1485 quam
3367 1420 3544 1469 antea
3562 1430 3699 1486 ope-

2045 1500 2181 1563 rari,
2215 1506 2270 1555 et
2301 1500 2617 1555 verisimile
2644 1515 2715 1555 ex
2746 1500 2927 1555 rebus
2960 1500 3107 1571 ipsis
3136 1500 3259 1555 ﬁeri
3301 1501 3497 1557 adhuc
3551 1517 3698 1575 ope-

2044 1594 2335 1654 raturum,
2368 1604 2490 1660 prae
2530 1588 2945 1659 indignatione
2998 1590 3234 1645 recessi.
3290 1593 3451 1646 Tunc
3504 1591 3699 1662 Ephe-

2047 1678 2245 1733 sinum
2288 1678 2452 1733 illum
2513 1679 2591 1734 ad
2640 1678 3100 1750 patriarchalem
3148 1680 3337 1734 evexit
3392 1679 3697 1735 thronum.

2047 1768 2235 1831 Quem
2267 1782 2405 1821 cum
2446 1766 2654 1821 mortis
2712 1766 2829 1822 falx
2882 1766 3326 1833 demessuisset,
3399 1772 3575 1839 atque
3623 1767 3701 1823 ad

2046 1853 2305 1909 tribunal
2331 1853 2574 1909 alterius
2607 1854 2739 1908 vitae
2798 1854 3244 1925 transmisisset,
3306 1856 3598 1911 rationem
3626 1855 3701 1910 de

2044 1943 2327 2014 operibus
2356 1943 2749 2009 redditurum,
2801 1942 3013 1998 iterum
3054 1944 3355 1999 revocavit
3405 1960 3520 1999 me.
3596 1944 3703 1999 Ubi

2042 2047 2183 2087 vero
2216 2032 2525 2104 proprium
2552 2033 2834 2087 thronum
2869 2034 3213 2101 conscendi,
3244 2049 3524 2106 quaenam
3560 2033 3703 2088 scri-

2042 2128 2147 2193 pta
2181 2121 2444 2177 narratio
2486 2120 2789 2177 exhibebit
2830 2122 2890 2176 in
2932 2138 3086 2194 quas
3126 2137 3231 2194 per
3256 2138 3394 2176 eum
3446 2122 3704 2177 incurre-

2042 2210 2154 2265 rim
2185 2209 2565 2266 difﬁcultates
2594 2211 2621 2265 ί.)
2656 2211 2866 2265 Volens
2897 2212 3056 2266 enim
3088 2211 3511 2283 imperatorem
3542 2210 3702 2266 Calo-

2041 2300 2334 2355 Joannem
2364 2299 2440 2354 ad
2470 2299 2768 2370 privatum
2810 2304 3030 2355 statum
3060 2301 3352 2371 redigere,
3386 2306 3441 2355 et
3473 2300 3704 2371 privare

2041 2388 2404 2454 laudatione,
2446 2392 2861 2455 monumento,
2904 2390 3190 2462 omnique
3228 2389 3463 2461 imperii
3501 2394 3645 2445 nota
3690 2406 3704 2455 ;

2043 2478 2217 2534 malis
2242 2478 2585 2550 pastoribus
2616 2484 2673 2533 et
2697 2477 2964 2534 Ecclesia:
2992 2479 3269 2535 hostibus
3296 2480 3487 2549 magis
3517 2494 3704 2551 quam

2044 2568 2401 2641 praesulibus
2449 2572 2505 2623 et
2562 2568 2828 2640 patronis
2880 2568 2939 2623 in
2987 2568 3101 2624 hoc
3151 2568 3529 2639 adjutoribus
3559 2584 3704 2623 usus

2046 2663 2134 2713 est
2168 2676 2181 2712 :
2225 2658 2509 2729 sperabat
2539 2663 2737 2713 autem
2780 2657 2958 2713 etiam
2994 2674 3088 2714 me
3128 2659 3282 2713 intra
3323 2673 3466 2713 suos
3504 2673 3705 2713 casses

2046 2746 2346 2813 inducere,
2378 2746 2545 2819 quod
2573 2747 2629 2802 in
2676 2746 2881 2803 exsilio
2914 2746 3131 2802 multas
3160 2762 3461 2803 aerumnas
3509 2750 3708 2819 pertu—

2046 2838 2267 2893 lissem.
2306 2846 2457 2892 tum
2499 2852 2637 2891 vero
2678 2836 2777 2891 Dei
2816 2836 3223 2892 misericordia
3262 2852 3358 2891 me
3398 2852 3433 2891 a
3471 2836 3703 2910 laqueis

2048 2928 2177 2998 ejus
2234 2925 2525 2997 liberavit,
2584 2929 2640 2983 et
2673 2942 2869 2999 neque
2926 2925 3020 2980 vel
3068 2931 3299 2982 tomum
3338 2941 3520 2998 quem
3541 2926 3709 2999 pravi

2049 3016 2312 3089 saevique
2352 3020 2622 3088 pastores
2672 3015 3053 3071 confecerant
3089 3014 3297 3070 audire
3328 3014 3509 3080 volui,
3562 3018 3711 3087 quot

2050 3104 2222 3161 malis
2254 3120 2350 3160 me
2380 3103 2695 3171 vexaverit,
2736 3104 2977 3177 quantis
3009 3103 3453 3159 calamitatibus
3479 3103 3709 3160 afﬂixe-

2049 3195 2147 3260 rit,
2178 3194 2346 3250 novit
2374 3194 2479 3266 qui
2509 3193 2717 3250 omnia
2764 3198 3080 3249 contuetur
3109 3192 3338 3250 oculus.
3371 3192 3711 3265 Aliquando

2049 3283 2296 3356 quidem
2351 3283 2553 3339 aiebat
2598 3283 2744 3338 mihi
2799 3288 2813 3336 ξ
2877 3286 3005 3339 Non
3056 3282 3243 3339 abeas
3311 3282 3568 3339 Nicaeam
3607 3282 3712 3354 qui

2051 3372 2651 3445 Constantinopoleos
2694 3372 3009 3429 ordinatus
3058 3390 3121 3428 es
3154 3391 3167 3440 ;
3202 3371 3530 3445 aliquando
3569 3386 3711 3428 vero

2052 3464 2189 3530 alia,
2222 3463 2410 3533 digna
2434 3463 2621 3536 ipsius
2642 3463 2921 3520 versutia.

2124 3551 2244 3607 VII.
2283 3554 2573 3607 Caeterum
2618 3557 2969 3625 recuperata
3012 3550 3548 3623 Constantinopoli,
3601 3566 3710 3607 no-

2049 3642 2267 3714 bisque
2320 3657 2389 3697 eo
2443 3640 2739 3713 profectis,
2798 3642 3109 3713 quomodo
3161 3640 3334 3698 vobis
3389 3656 3712 3713 repraesen-

2051 3732 2196 3788 tabo
2249 3730 2555 3800 angustias
2600 3746 2736 3802 qum
2786 3730 2931 3786 mihi
2985 3746 3058 3786 ex
3110 3746 3181 3785 eo
3239 3730 3319 3786 ad
3376 3730 3712 3785 Scutarium

2054 3821 2582 3893 supervenerunt?
2608 3820 2919 3893 quomodo
2948 3820 3070 3876 vim
3098 3820 3125 3874 ?
3160 3819 3417 3889 Urgebat
3440 3823 3505 3875 ut
3528 3819 3711 3890 Ephe-

2053 3911 2250 3966 sinum
2291 3909 2457 3965 illum
2502 3910 2880 3966 nominarem
2910 3908 3336 3981 patriarcham,
3367 3912 3549 3981 atque
3582 3924 3712 3963 sus-

2052 4000 2311 4072 ciperem
2360 4000 2671 4055 ordinatos
2718 3999 2796 4055 ab
2839 4014 2910 4053 eo
2959 3998 3289 4071 pontiﬁces,
3346 3998 3712 4066 sacerdotes,

2052 4091 2341 4148 diaconos
2375 4106 2388 4155 ;
2423 4090 2512 4145 sin
2570 4090 2791 4155 minus,
2824 4088 3240 4162 prohibendus
3289 4088 3437 4145 mihi
3468 4095 3594 4145 erat
3622 4089 3713 4145 in-

2054 4197 2297 4251 gressus
2350 4178 2917 4252 Constantinopolis.
2970 4179 3186 4234 Videns
3216 4183 3417 4236 autem
3470 4194 3568 4235 me
3606 4194 3715 4235 ne-

2054 4286 2365 4344 quaquam
2400 4268 2765 4339 morigerum
2801 4288 2814 4337 ;
2846 4268 3048 4325 nullus
3080 4268 3240 4324 enim
3267 4284 3472 4325 eorum
3502 4268 3607 4342 qui
3636 4267 3715 4325 ab

2055 4360 2153 4417 illo
2184 4360 2442 4415 ordinati
2472 4358 2729 4423 fuerant.
2770 4358 3451 4429 mihicomministravit,
3480 4359 3582 4416 sed
3605 4374 3716 4431 pro

2055 4450 2403 4507 aversandis
2443 4448 3010 4521 abominandisque,
3042 4454 3222 4521 prout
3260 4466 3370 4521 par
3404 4455 3551 4519 erat,
3582 4450 3715 4507 illos

2053 4540 2242 4597 babui
2275 4559 2288 4607 ;
2322 4539 2673 4609 indignatus
2732 4539 3029 4595 concessit
3058 4539 3204 4594 mihi
3232 4540 3594 4611 ingressum,
3646 4545 3718 4596 At

2056 4629 2571 4702 Constantinopoli
2640 4629 2853 4686 iterum
2908 4628 3050 4689 doli,
3109 4628 3325 4684 iterum
3384 4630 3717 4687 innumerae

2054 4719 2406 4776 vexationes
2429 4718 2717 4774 adversus
2740 4733 2834 4773 me
2852 4733 2959 4790 per
2980 4733 3119 4773 eum
3142 4724 3589 4789 processerunt.

2127 4812 2212 4866 IX.
2254 4808 2510 4874 Quando
2563 4809 2723 4863 enim
2781 4806 3096 4863 dominum
3152 4824 3330 4863 suum
3362 4824 3432 4863 ac
3462 4809 3719 4881 impera-

2055 4904 2245 4955 torem
2294 4898 2477 4954 voluit
2522 4896 2871 4963 interﬁcere,
2904 4912 2980 4952 ne
3018 4897 3185 4970 quod
3214 4898 3718 4970 impedimentum

2053 5005 2125 5045 ex
2158 5003 2252 5044 me
2283 4988 2553 5053 oriretur,
2586 4986 2828 5043 fraudes
2885 4986 3175 5043 adversus
3216 5003 3311 5043 me
3343 4988 3717 5046 concinnatae

2057 5186 2161 5247 σις,
2211 5165 2663 5247 πολυχρονᾶσραι,
2712 5169 2784 5247 ‘et
2831 5164 3329 5247 πολυχρονεῖσθται,
3401 5166 3719 5247 πολυχρονιτ

2059 5240 2185 5307 ξειν,
2220 5237 2355 5310 βοᾲν
2386 5237 2445 5289 τὸ
2483 5237 2855 5310 πολυχρόνιον·
2909 5237 3063 5302 Quia
3108 5239 3331 5310 Multos
3372 5237 3591 5309 annos,"
3622 5240 3721 5295 Ad

2054 5308 2270 5367 multus
2324 5325 2533 5366 annos.
2586 5308 2673 5371 εις-
2710 5308 2875 5362 πολλά
2926 5312 3035 5377 ἔτη,
3088 5309 3251 5362 πολλὰ
3293 5314 3353 5367 τή
3407 5312 3517 5377 ἔτη,
3566 5308 3721 5367 inter

2051 5382 2262 5439 laudes
2275 5387 2331 5437 et
2343 5381 2807 5455 acclamationes
2820 5386 3064 5455 cmteras
3085 5381 3396 5437 vociferari
3418 5383 3719 5455 praecipue

2054 5471 2189 5510 mos
2214 5460 2361 5511 erat.
2381 5459 2569 5526 Atque
2597 5454 2725 5509 haac
2747 5453 3120 5526 pervulgata.

2128 5526 2239 5597 (tt)
2286 5530 2354 5598 Τό
2395 5524 2694 5598 Σκὸυτάριν.
2731 5524 3097 5598 δουῐατὶυω.
3151 5524 3290 5580 Vide
3339 5541 3461 5598 prae
3493 5526 3718 5581 caateris

2052 5598 2299 5653 infinita:
2327 5596 2601 5653 lectionis
2624 5603 2680 5653 et
2710 5596 2998 5653 doctrinae
3020 5597 3209 5651 virum
3240 5596 3517 5653 Carolum
3552 5598 3717 5653 Fres-

2052 5670 2221 5725 nium
2249 5669 2337 5725 Ad
2367 5669 2842 5741 Villharduinum
2865 5685 2927 5741 p,
2949 5672 3071 5725 286.
3101 5669 3429 5725 llorotheus
3460 5671 3720 5725 Monem-

2054 5741 2346 5799 basiensis
2368 5742 2427 5798 in
2451 5742 2711 5815 Synopsi
2733 5740 3034 5811 historica,
3059 5742 3333 5817 Σκούταρι.
