4484 6446
807 399 911 456 955

804 625 876 667 ea
932 609 1141 666 oculos
1187 609 1418 666 domini
1463 625 1534 666 ac
1580 607 1958 682 imperatoris
2004 607 2094 664 sui
2141 623 2280 665 cum
2324 606 2464 664 effo-

805 698 1008 768 disset,
1039 714 1256 772 resque
1291 699 1435 754 mihi
1465 703 1609 755 nota
1641 698 1797 754 facta
1843 701 2020 764 esset,
2058 695 2464 753 excommuni-

805 787 1025 844 cationi
1060 803 1197 843 eum
1240 787 1489 859 subjeci.
1533 789 1894 859 Optaveram
1935 790 2136 842 autem
2175 791 2240 841 ut
2279 783 2465 857 pmni-

804 876 1054 932 tentiam
1133 880 1354 946 ageret,
1425 875 1804 948 multumque
1855 891 2008 931 onus
2082 874 2461 942 tributorum,

804 965 1185 1038 vectigalium
1233 982 1265 1022 e
1309 966 1693 1032 commercio,
1748 965 2003 1021 aliarum
2057 963 2462 1036 iniquitatum,

803 1059 1044 1127 propter
1100 1054 1452 1126 hujusmodi
1508 1060 1822 1127 peccatum
1886 1053 2197 1118 minueret,
2262 1051 2464 1124 sicque

802 1141 978 1197 venia
1023 1142 1370 1199 donaretur.
1422 1144 1634 1198 Verum
1685 1143 1832 1215 quia
1885 1140 2301 1213 paenitentiam
2343 1155 2464 1196 non

803 1231 1084 1298 ostendit,
1107 1247 1218 1287 nec
1240 1231 1506 1304 aliquam
1527 1231 1829 1288 malorum
1850 1231 2269 1295 minutionem,
2293 1231 2464 1300 quin'

804 1320 928 1376 imo
949 1319 1452 1387 additamentum,
1484 1320 1534 1376 ei
1561 1335 1683 1376 non
1713 1319 1916 1392 ignovi
1946 1336 1958 1384 ;
1989 1318 2093 1374 sed
2124 1323 2262 1390 post
2291 1315 2465 1372 trien'

802 1409 973 1464 nium
1021 1424 1226 1465 coram
1265 1409 1640 1482 patriarchis,
1686 1408 2102 1482 metropolitis,
2149 1410 2361 1463 senatu
2407 1409 2465 1461 et

803 1498 969 1554 omni
1030 1497 1206 1564 clero,
1263 1497 1431 1554 illum
1492 1513 1566 1554 ex
1625 1498 1874 1554 ecclesia
1935 1497 2100 1567 ejeci,
2169 1500 2461 1568 tanquam

805 1585 1124 1657 indignum
1163 1587 1266 1658 qui
1304 1588 1365 1642 in
1410 1603 1545 1643 eam
1585 1587 2011 1656 ingrederetur,
2062 1589 2143 1642 Ex
2192 1600 2264 1639 eo
2309 1588 2459 1639 tem-

801 1690 948 1748 pore
1009 1680 1350 1731 commenta
1397 1675 1690 1732 adversus
1731 1691 1851 1742 me,
1900 1690 2034 1746 quas
2083 1677 2460 1730 commentus

803 1767 892 1820 est
946 1762 1072 1820 sine
1120 1763 1590 1830 accusatoribus,
1651 1764 1777 1821 sine
1831 1762 2100 1829 testibus,
2160 1778 2233 1818 ex
2291 1761 2458 1817 nudo

1731 395 2012 453 ARSENII
2049 392 2153 450 CP.
2196 389 2672 451 PATRIARCHE
2708 389 3240 448 TESTAMENTUM.

806 525 962 580 sunt.
1000 520 1116 578 Sed
1166 523 1310 578 tunc
1338 519 1548 578 omnia
1574 520 1636 577 in
1660 535 1886 576 vanum
1914 518 2271 575 reciderunt.
2300 520 2462 574 Post—
2496 521 2543 574 Α
2571 557 2577 586 τ

1671 535 1886 576 vanum
1914 518 2271 575 reciderunt.
2300 520 2462 574 Post—
2496 521 2543 574 Α
2571 535 2743 588 πάντα
2777 541 2847 604 τῷ
2905 536 3021 586 τότε
3051 531 3442 605 ἀπεφάνθησαν,

4058 393 4165 449 956

3531 536 3618 584 καὶ
3679 532 3810 603 μετά
3837 537 4006 584 ταῦτα
4051 536 4166 593 τοὺς

2573 623 2867 695 ὀφθαλμούς
2900 629 2992 675 τοῦ
3033 622 3279 676 αύθέντου
3314 626 3404 675 καὶ
3468 620 3720 694 βασιλέως
3775 620 3936 673 αύτοῦ
3984 621 4166 693 ἐξὼρυο

2573 712 2646 781 ξε,
2705 716 2791 763 καὶ
2853 715 3085 782 γνωστόν
3175 731 3264 784 μοι
3311 718 3462 764 τοῦτο
3517 709 3727 781 ἐγένετο,
3773 717 3846 780 τῷ
3895 708 4168 784 ἀφορισμῷ

2574 801 2724 853 αὐτὸν
2786 799 3160 853 καθυπέϐαλον.
3203 800 3417 852 "ﬂectas
3458 796 3516 852 δε
3562 801 3644 850 ἱνα
3695 801 3965 870 μετάνοιαν
4014 794 4172 850 ἐνδεί-

2575 890 2748 958 ξηται,
2799 894 2887 940 καὶ
2936 893 3029 948 τήν
3113 888 3304 947 πολλήν
3387 886 3664 961 βαρύτητα
3718 895 3814 939 τῶν
3862 891 4027 961 φόρων
4085 892 4173 939 καὶ

2572 981 2892 1050 κουμερκίων
2945 981 3035 1029 καὶ
3115 977 3294 1052 ἐτέρων
3368 973 3587 1029 ἀδικιῶν
3652 971 3746 1026 διὰ
3794 979 3881 1033 τήν
3927 977 4173 1032 τοιαύτην

2573 1065 2832 1138 ἁμαρτίαν
2877 1064 3187 1135 ἐκκόφηται,
3246 1069 3335 1117 καὶ
3388 1065 3521 1116 ούτω
3581 1065 3978 1136 συγχωρηθείη,
4009 1061 4092 1123 Ὠς
4117 1058 4177 1114 δε

2574 1157 2845 1227 μετάνοιαν
2884 1153 2974 1206 ούκ
3007 1150 3284 1220 ἐδείκνυεν,
3341 1149 3466 1205 ούδέ
3515 1172 3632 1203 τινα
3661 1151 3883 1209 ἐκκοπὴν
3923 1160 4022 1202 τῶν
4074 1170 4174 1202 κα-

2573 1251 2696 1312 κῶν,
2750 1241 2877 1294 ἀλλά
2923 1246 3012 1293 καὶ
3060 1241 3249 1314 μᾶλλον
3315 1243 3644 1315 προσθήκην,
3713 1239 3771 1291 ού
3827 1243 4179 1310 συνεχώρησα

2572 1332 2712 1401 αύτῷ
2745 1329 2910 1383 ⁸ἀλλά
2938 1332 3068 1402 μετὰ
3113 1334 3339 1404 τριετίαν
3396 1329 3607 1381 ἐνώπιον
3665 1335 3766 1380 τῶν
3821 1335 4172 1402 πατριαρχῶν

2571 1425 2661 1472 καὶ
2705 1428 2802 1471 τῶν
2852 1418 3246 1492 μητροπολιτῶν
3300 1423 3388 1470 καὶ
3440 1425 3535 1478 τῆς
3597 1416 3895 1487 συγκλήτου
3949 1423 4038 1468 καὶ
4086 1421 4179 1468 τοῦ

2571 1508 2732 1559 αύτοῦ
2761 1506 2979 1578 κλήρου,
3031 1505 3085 1557 ἐκ
3141 1513 3240 1568 τῆς
3287 1505 3570 1567 ἐκκλησίας
3618 1511 3801 1557 τοῦτον
3840 1503 4072 1566 ἐξέϐαλον
4116 1505 4181 1563 ὡς

2571 1595 2788 1658 ἀπάξιον
2817 1605 2909 1657 τῆς
2962 1598 3093 1668 πρὸς
3137 1595 3299 1653 αύτήν
3331 1591 3562 1648 εἰσόδου.
3598 1593 3811 1646 Ἕκτοτε
3869 1595 3923 1644 αἱ
3981 1611 4181 1644 σκαιω-

2565 1690 2679 1760 ρίαι
2733 1684 2848 1736 κατ’
2902 1682 3048 1756 ἐμοῦ,
3097 1681 3153 1744 ἃς
3215 1680 3282 1742 δή
3324 1688 3413 1734 καὶ
3455 1681 3813 1756 ἐπαιὼρησεν
3861 1683 3980 1733 ἄνευ
4022 1699 4182 1738 κατη-

2565 1779 2734 1846 γόρων
2781 1778 2870 1826 καὶ
2905 1775 3202 1848 μαρτύρων,
3261 1770 3362 1823 ἀπὸ
3420 1771 3577 1842 ψιλοῦ
3626 1776 3786 1844 μόνου
3837 1771 4012 1842 λόγου.
4060 1777 4187 1822 Του-

800 1852 1096 1908 duntaxat
1123 1868 1420 1909 sermone.
1468 1855 1586 1910 Hoc
1623 1858 1730 1919 est,
1761 1853 1995 1909 decrevi
2031 1850 2456 1908 communione
2487 1869 2527 1923 B
2566 1884 2571 1894 ι

2413 1866 2456 1905 le
2487 1869 2527 1923 Β
2566 1866 2739 1915 τέστιν
2772 1865 2941 1937 ὥρισα
2970 1870 3286 1920 κοινωνῆσαι
3325 1869 3447 1922 τοῦς
3485 1868 3579 1912 τοῦ
3612 1856 3895 1913 σουλτάνου
3936 1855 4136 1920 παῖδας
4172 1863 4184 1876 ⁸

800 1941 1089 2014 impertiri
1139 1941 1354 1998 sultani
1412 1958 1647 2015 pueros.
1711 1942 1973 1998 Ecclesia
2023 1957 2120 1996 me
2155 1939 2380 2013 expulit
2439 1959 2451 1998 :

799 2029 982 2103 idque
1011 2046 1152 2087 cum
1183 2031 1619 2088 sacratissimus
1649 2031 1884 2088 Pisidia:
1915 2030 2291 2103 metropolita
2318 2029 2458 2085 scri-

797 2124 902 2190 pto
941 2120 1252 2177 confessus
1287 2121 1519 2193 fuisset,
1562 2121 1729 2194 quod
1753 2121 1883 2195 ipse
1927 2121 2058 2177 illos
2100 2120 2462 2192 baptizasset

798 2212 855 2266 et
887 2210 1315 2267 communione
1344 2211 1633 2268 donasset
1671 2227 1686 2277 ;
1719 2226 1832 2280 ego
1863 2226 2003 2266 vero
2033 2225 2140 2282 per
2174 2210 2463 2282 scriptum

797 2299 1104 2372 professus
1137 2316 1354 2367 essem,
1377 2317 1474 2357 me
1506 2300 1850 2357 nullatenus
1881 2301 1942 2356 id
1971 2300 2139 2356 scire.

871 2390 930 2444 X.
974 2391 1154 2446 Porro
1193 2394 1332 2462 post
1368 2389 1670 2460 exsilium,
1706 2389 1868 2446 mille
1907 2388 2276 2445 mihirursus
2308 2387 2463 2444 intu-

795 2477 862 2536 lit
879 2477 1216 2536 calumnias
1236 2484 1294 2536 et
1313 2495 1636 2536 (erumnas.
1663 2478 1967 2536 Interdum
1993 2478 2258 2551 quidem,
2288 2469 2466 2549 quasi

794 2567 1171 2625 insidiatores
1217 2567 1572 2625 excitassem
1603 2568 1709 2643 qui
1741 2583 1880 2623 eum
1911 2567 2276 2624 occiderent.
2309 2568 2464 2632 Quo-

793 2657 951 2715 circa
989 2658 1228 2714 mascha
1278 2658 1550 2731 synodus
1577 2657 2218 2715 excommunicationis
2247 2671 2461 2712 censu-

795 2761 929 2804 ram
960 2746 1021 2803 in
1061 2763 1158 2804 me
1189 2747 1385 2804 emisit
1414 2766 1429 2816 ;
1461 2763 1531 2804 ac
1561 2763 1674 2819 ego
1703 2748 1904 2819 ipsum
1935 2762 2031 2803 me
2057 2745 2463 2817 segregationi

796 2835 1062 2906 subdidi,
1089 2835 1139 2892 si
1158 2835 1234 2892 de
1253 2852 1568 2910 quoquam
1591 2835 1891 2909 ejusmodi
1918 2851 2112 2892 essem
2135 2836 2416 2892 conscius
2443 2854 2461 2906 5

796 2924 889 2981 sin
919 2925 1145 2996 minus,
1175 2924 1494 2982 calumnias
1522 2929 1794 2982 auctores
1823 2923 2324 2996 insidiarumque,
2364 2924 2462 2980 iis-

794 3029 915 3088 que
952 3014 1230 3071 credulos
1259 3015 1780 3072 excommunicavi
1843 3021 1898 3070 et
1933 3014 2458 3072 anathematizavi.

795 3104 922 3162 Alio
981 3120 1120 3161 vero
1168 3109 1435 3178 tempore
1484 3107 1789 3174 Barangos
1833 3107 2207 3171 Narmaram,
2258 3104 2462 3160 locum

2567 1960 2663 2014 τῆς
2690 1952 3008 2012 Ἐκκ)ησίας
3033 1970 3096 2023 με
3126 1950 3354 2013 ἐξώθησε
3397 1971 3410 1983 ο

2569 2043 2729 2093 τάτου
2791 2040 3175 2113 μητροπολίτου
3247 2035 3537 2101 Πισσιδίας
3596 2037 3866 2112 ἐγγράφως
3931 2037 4187 2109 ὁμολογή-

2575 2150 2761 2192 σαντος
2796 2134 2860 2191 ὡς
2889 2128 3076 2190 ἐκεῖνος
3125 2133 3215 2180 καὶ
3255 2127 3504 2180 ἐϐάπτισε
3563 2130 3784 2188 τούτους
3830 2131 3920 2179 καὶ
3977 2125 4182 2178 ἐκοινώ-

2573 2238 2699 2278 νησε
2737 2240 2750 2252 ·
2783 2217 2954 2291 κάμοῦ
3000 2237 3055 2270 τε
3107 2216 3380 2291 ἐγγράφως
3428 2215 3850 2290 ὁμολογήσαντος
3886 2220 3957 2288 μή
3993 2212 4188 2267 εἰδέναι

2575 2327 2638 2381 με
2665 2311 2724 2360 τὸ
2757 2307 2968 2360 σύνολον
3008 2314 3185 2363 τοῦτο.

2648 2395 2703 2452 Γ.
2735 2400 2880 2451 Μετά
2911 2394 2970 2449 δε
3014 2400 3109 2454 τήν
3164 2394 3364 2468 ἐξορίαν
3413 2399 3606 2470 μυρίας
3652 2398 3743 2447 καὶ
3806 2393 3959 2446 πάλιν
4005 2412 4192 2445 σκαιω-

2575 2491 2689 2560 ρίας
2729 2492 2817 2539 καὶ
2877 2484 3077 2556 θλίψεις
3133 2504 3222 2558 μοι
3264 2484 3509 2557 ἐπήνεγκε
3562 2527 3574 2539 .

2576 2575 2788 2636 ϐούλους
2852 2571 2886 2627 δ
2893 2581 3169 2646 ιεγείραντι
3207 2581 3300 2627 τοῦ
3357 2574 3514 2626 αύτόν
3569 2581 3815 2646 φονεῦσαι
3844 2595 3856 2606 ·
3889 2574 4002 2626 ὃθεν
4031 2577 4122 2624 καὶ
4154 2575 4184 2631 ἡ

2575 2661 2967 2738 μοιχοσύνοδος
3013 2663 3305 2738 ἀφορισμόν
3392 2683 3478 2736 μοι
3568 2662 3892 2726 ἐξαπέστειλε
3952 2683 3965 2696 ·
4039 2661 4186 2733 κάγώ

2575 2753 2825 2806 ὑπέϐαλον
2906 2752 3129 2826 ἐμαυτὸν
3207 2753 3275 2813 εἰς
3358 2751 3648 2826 ἀφορισμόν
3732 2752 3775 2804 εἰ
3841 2755 4072 2811 τοιοῦτόν
4137 2769 4192 2803 τι

2577 2839 2800 2896 σύνοιδα
2828 2859 2840 2872 ⁸
2877 2842 2920 2894 εἰ
2951 2839 3011 2895 δε
3042 2846 3138 2914 μή,
3189 2845 3310 2902 τοὺς
3365 2847 3799 2916 σκαιωρήσαντας
3827 2846 3917 2893 καὶ
3975 2838 4190 2892 ἐπιϐου-

2573 2931 2920 3005 λευσαμίνους
2997 2936 3088 2984 καὶ
3177 2934 3566 2993 πιστεύσαντας
3637 2935 3724 2983 καὶ
3805 2930 4046 3006 ἀφώρισα
4097 2919 4194 2982 καὶ

2575 3020 2924 3093 ἀνεθεμάτισα
2954 3043 2966 3054 ·
3000 3020 3176 3073 ἄλλοτε
3223 3017 3282 3073 δε
3311 3021 3619 3095 Βαράγγους
3647 3021 3756 3091 (12)
3798 3019 3868 3081 εἰς
3907 3023 3992 3071 τόν
4050 3025 4191 3090 Ναρ-

2573 3116 2745 3183 μαραν
2795 3110 2847 3162 ὃν
2900 3109 3210 3184 ἐξωρίσθην,
3271 3108 3538 3162 ἀπέστειλε
3577 3109 3920 3181 φυλάττοντας
3965 3127 4049 3180 με,
4097 3111 4190 3160 καὶ

3457 1954 3544 2001 καὶ
3599 1957 3768 2002 ταῦτα
3789 1957 3880 2002 τοῦ
3935 1967 4187 2023 πανιερω-

3623 2487 3748 2536 ποτε
3788 2487 3897 2556 μεν,
3953 2486 4022 2544 ὡς
4077 2482 4188 2534 ἐπι-

794 3193 985 3251 exsilii
1030 3193 1168 3262 mei,
1198 3196 1376 3266 misit,
1421 3193 1825 3250 custodituros
1855 3210 1952 3249 me
1986 3210 1998 3260 ;
2028 3197 2158 3250 tum
2186 3193 2460 3249 innume-
2492 3227 2532 3282 Ο

2415 3209 2460 3248 3-
2492 3227 2532 3282 Ο
2573 3205 2764 3274 μυρίας
2821 3199 3017 3270 θλίψεις
3092 3219 3183 3269 μοι
3236 3199 3602 3273 προύξένησεν.
3660 3198 3757 3252 Ἐῶ
3825 3200 3926 3272 γὰρ
3978 3201 4043 3249 τὰ
4088 3203 4186 3258 τῆς

792 3281 1010 3338 rabilia
1045 3283 1195 3340 mihi
1221 3282 1611 3340 incommoda
1655 3283 2014 3339 conciliavit.
2060 3283 2282 3340 Omitto
2327 3297 2462 3354 qum

792 3371 872 3429 ad
914 3373 1275 3429 Tricocciam
1323 3374 1642 3445 pertinent,
1701 3389 1886 3446 quem
1919 3372 1996 3428 ad
2027 3371 2283 3428 modum
2317 3371 2464 3428 mihi

793 3476 1004 3518 eorum
1053 3461 1309 3519 insultus
1354 3463 1733 3535 imposuerit.
1791 3465 1941 3518 Nam
1987 3462 2034 3517 si
2083 3476 2464 3534 quaecunque

791 3550 853 3607 in
883 3566 981 3608 me
1011 3550 1259 3623 peregit,
1291 3556 1350 3608 et
1382 3551 1677 3608 adversus
1718 3550 2042 3608 Ecclesiam
2085 3549 2188 3606 Dei
2222 3550 2466 3606 molitus

793 3643 902 3704 est,
950 3639 1169 3696 referre
1198 3641 1584 3712 contendero,
1620 3645 2001 3698 enarrantem
2051 3638 2286 3696 deficiet
2317 3644 2464 3696 tem-

791 3744 932 3801 pus.
966 3731 1044 3784 De
1087 3729 1290 3787 multis
1334 3746 1477 3786 vero
1506 3745 1704 3802 pauca
1733 3729 2178 3802 repraesentavi,
2219 3733 2465 3802 propter

795 3817 1094 3874 sermonis
1127 3819 1460 3876 satietatem
1494 3823 1552 3875 et
1580 3818 1968 3876 nimietatem.
2007 3833 2144 3890 quin
2177 3817 2464 3874 nimirum

794 3905 1040 3962 inimica
1064 3911 1156 3962 est
1179 3907 1453 3966 auribus.
1480 3907 1763 3964 Dicebam
1792 3911 2014 3973 tamen,
2050 3906 2142 3962 Ab
2172 3907 2287 3962 hoc
2314 3911 2464 3962 tem-

793 4011 939 4069 pore
993 3997 1242 4053 satiatus
1285 3997 1550 4054 amentia
1579 4001 1636 4054 et
1668 3996 1986 4070 tyrannide
2018 4011 2160 4069 erga
2208 4012 2304 4052 me
2345 4013 2465 4052 ser-

794 4102 1025 4160 vosque
1070 4086 1192 4156 Dei,
1231 4086 1484 4158 desinet,
1541 4093 1678 4158 aget
1713 4087 2151 4159 pasnitentiam,
2189 4091 2254 4142 ut
2290 4086 2466 4142 venia

794 4175 1007 4232 donari
1036 4176 1249 4249 possit.

867 4267 954 4321 XI.
991 4265 1104 4323 Sed
1150 4266 1444 4339 quoniam
1498 4265 1826 4323 Ecclesiam
1853 4267 1953 4323 Dei
2011 4268 2183 4323 vertit
2213 4265 2273 4321 in
2306 4280 2411 4338 spe
2435 4295 2463 4308 -

793 4356 1039 4413 luncam
1087 4355 1412 4425 latronum,
1455 4360 1515 4413 et
1543 4355 1802 4428 lupanar
1837 4357 2020 4423 ;item
2076 4371 2262 4428 quem
2293 4355 2461 4427 prius

793 4445 1465 4514 excommunicaveram,
1482 4445 1540 4501 in
1557 4445 1701 4501 sede
1713 4461 1851 4501 mea
1871 4444 2202 4515 collocavit,
2225 4459 2462 4501 necnon

796 4533 875 4590 ad
887 4533 1050 4590 illam
1063 4534 1430 4606 impietatem
1446 4533 1989 4606 omnimodamque
2009 4532 2327 4605 perﬁdiam
2339 4548 2463 4604 qua

794 4623 982 4681 Latini
1025 4627 1305 4681 tenentur
1351 4629 1603 4681 conatus
1655 4628 1744 4681 est
1786 4623 2086 4680 adducere
2138 4622 2461 4679 Ecclesiam

795 4714 918 4782 Dei,
941 4729 1079 4787 quae
1106 4715 1406 4770 immenso
1429 4714 1725 4784 sanguine
1753 4717 1890 4771 ante
1912 4718 1970 4769 et
1986 4717 2125 4788 post
2154 4712 2456 4769 Christum

795 4820 866 4861 ac
904 4820 1012 4877 per
1058 4805 1356 4860 Christum
1397 4820 1687 4875 magnam
1725 4803 1985 4860 hostiam
2033 4803 2170 4859 fuso
2213 4802 2462 4860 collecta

794 4893 905 4951 fuit
963 4911 976 4949 :
1030 4893 1279 4951 demum
1335 4895 1641 4966 ingentem
1703 4894 2180 4967 persecutionem
2251 4899 2463 4950 contra

793 4984 1075 5041 eamdem
1099 4984 1427 5041 Ecclesiam
1457 4984 1748 5049 excitavit,
1781 4989 1921 5057 post
1941 4989 2025 5040 tot
2051 4999 2247 5040 annos
2274 4999 2308 5039 a
2334 4999 2463 5056 per-

794 5073 1202 5132 secutionibus
1232 5091 1244 5129 :
1270 5079 1589 5148 eapropter
1609 5073 2298 5130 excommunicationem
2329 5089 2462 5146 pro-

792 5164 995 5236 tendo,
1022 5165 1124 5222 cui
1160 5164 1290 5238 ipse
1321 5163 1575 5235 subjecit
1605 5179 1668 5220 se
1697 5163 1944 5236 propria
1972 5163 2295 5226 voluntate,
2329 5179 2463 5236 pro-

865 5311 982 5385 (t2)
1022 5311 1368 5385 _Bqtpé770uc.
1432 5311 1612 5385 Erant
1653 5309 1906 5379 Barangi
1954 5324 2059 5385 seu
2100 5310 2363 5380 Varangi
2407 5313 2466 5367 et

793 5382 1521 5464 Varingigmperatorum
1552 5383 1910 5464 Graecorum
1932 5382 2246 5464 stipatores
2272 5387 2329 5437 et
2363 5398 2464 5438 sa-

793 5452 1021 5511 tellites.
1060 5457 1141 5526 De
1157 5452 1239 5526 iis
1267 5459 1406 5526 post
1435 5453 1778 5526 Meursium,
1806 5452 2136 5526 Fabrotum
2168 5453 2460 5526 aliosque,

793 5527 967 5584 docte
980 5541 1050 5582 ac
1067 5524 1422 5597 dilligebter,
1437 5525 1740 5597 utomnia,
1760 5524 1918 5581 idem
1943 5524 2214 5580 Fresnius
2235 5524 2458 5596 noster,

794 5598 1054 5672 historia
1079 5596 1416 5672 Byzantines
1437 5596 1762 5672 illustrath
1781 5597 2142 5672 praecipuus.

867 5671 986 5745 (t3)
1018 5667 1136 5745 ᾉΤὸί
1162 5677 1267 5745 τῆς-
1329 5674 1668 5745 Ι“¹ρικοκκίαςὲ
1707 5667 1982 5745 _Expono'
2026 5668 2134 5745 (lg
2166 5667 2465 5725 Tricoccia

795 5739 930 5800 arce
968 5739 1139 5800 circa
1203 5739 1482 5808 Nicaeam,
1525 5745 1583 5798 et
1628 5739 2022 5812 Tricocciotis,
2071 5739 2462 5813 Nicanosque

2573 3294 2890 3360 Τρικοκκίας
2934 3291 3070 3359 (13),
3098 3296 3204 3349 πῶς
3262 3289 3335 3350 εἰς
3386 3287 3472 3360 ἐμε
3529 3292 3619 3340 καὶ
3671 3293 3762 3346 τήν
3817 3286 4016 3340 ἐκείνων
4071 3285 4195 3339 ἐπα-

2573 3379 2829 3434 νάστασιν
2907 3376 3235 3432 ἐπιτέθεικεν.
3288 3377 3349 3429 Εἰ
3417 3379 3520 3450 γὰρ
3578 3378 3750 3429 πάντα
3802 3378 3904 3429 ὅσα
3959 3395 4048 3448 μοι
4096 3394 4194 3428 πε-

2573 3471 2792 3537 ποίηκε,
2846 3469 2936 3517 καὶ
2966 3466 3067 3516 ὅσα
3117 3467 3252 3516 κατὰ
3300 3474 3396 3528 τῆς
3425 3472 3516 3517 τοῦ
3557 3472 3690 3518 Θεοῦ
3731 3464 4044 3527 Ἐκκλησίας
4069 3463 4195 3536 ἐμη-

2576 3560 2875 3628 χανήσατο,
2935 3553 3277 3628 ἀγωνίσωμαι
3362 3553 3768 3626 ἀφηγήσασθαι,
3843 3553 4094 3624 ἐπιλείψει
4133 3572 4198 3626 με

2581 3643 2926 3718 διηγούμενον
2983 3645 3008 3696 ὁ
3087 3649 3302 3716 χρόνος.
3379 3645 3466 3698 Ἐκ
3526 3653 3626 3696 τῶν
3702 3643 3899 3697 πολλῶν
3947 3641 4005 3696 δὲ
4044 3643 4198 3714 ὀλίγα

2574 3731 2938 3810 παρεδήλωσα
2971 3731 3066 3787 διὰ
3120 3737 3208 3785 τὸν
3252 3740 3345 3785 τοῦ
3395 3733 3553 3804 λόγου
3598 3737 3750 3807 κόρον
3782 3754 3795 3766 ο
3829 3729 4010 3790 ἐπειδὴ
4043 3738 4198 3806 κόρος

2575 3823 2733 3896 λόγου
2773 3823 3021 3897 πολέμιος
3080 3829 3278 3883 ἀκοαῖς.
3336 3823 3545 3894 Ἔλεγον
3605 3818 3686 3890 δὲ,
3751 3821 3853 3874 ἀπό
3900 3841 3959 3893 γε
3987 3829 4077 3874 τοῦ
4107 3828 4200 3872 νῦν

2576 3915 2844 3988 κορεσθεὶς
2867 3921 2958 3974 τῆς
2989 3911 3235 3973 ἀπονοίας
3285 3915 3374 3964 καὶ
3430 3908 3745 3984 τυραννίδος
3782 3918 3880 3972 τῆς
3930 3913 4061 3983 πρὸς
4111 3908 4200 3981 ἐμὲ

2575 4007 2665 4055 καὶ
2690 4011 2790 4054 τῶν
2821 4009 2914 4054 τοῦ
2955 4009 3089 4055 Θεοῦ
3140 3998 3365 4071 δούλων,
3437 4005 3525 4053 καὶ
3578 4004 3834 4054 παύσεται
3884 4005 3974 4052 καὶ
4035 4018 4195 4072 μετα-

2573 4096 2775 4159 νοήσει,
2808 4095 2898 4144 καὶ
2922 4096 3240 4164 συγγνώμης
3273 4089 3541 4154 ἀξιωθείη.

2645 4269 2746 4324 ΙΑ’.
2789 4269 2931 4324 Ἐπεὶ
2985 4266 3045 4322 δε
3103 4273 3197 4327 τὴν
3253 4275 3346 4321 τοῦ
3396 4267 3531 4323 Θεοῦ
3580 4266 3891 4326 Ἐκκλησίαν
3933 4267 4190 4325 σπήλαιον

2575 4357 2932 4434 ἀπειργάσατο
2982 4358 3212 4431 λῃστῶν,
3292 4363 3382 4410 καὶ
3431 4364 3664 4432 πορνεῖον
3726 4378 3738 4390 ·
3798 4361 3883 4409 καὶ
3937 4357 3991 4408 ὃν
4041 4353 4189 4428 εἶχον

2571 4451 3058 4523 προαφωρισμίνον,
3131 4447 3203 4509 εἰς
3248 4450 3334 4499 τόν
3390 4449 3567 4522 θρόνον
3613 4466 3712 4518 μου
3771 4445 3980 4498 ἐκάθισε
4037 4467 4049 4479 ·
4099 4451 4192 4499 καὶ

2572 4539 2640 4600 εἰς
2682 4542 2876 4595 ταύτην
2929 4541 3023 4595 τήν
3081 4535 3321 4590 ἀσέϐειαν
3364 4542 3452 4588 καὶ
3509 4535 3730 4594 παντελῆ
3795 4533 4045 4588 ἀπιστιαν
4097 4540 4191 4593 τήν

2571 4637 2670 4680 τῶν
2714 4632 2946 4697 Λατίνων
3025 4631 3322 4698 ἠγωνίσατο
3384 4631 3478 4684 τὴν
3530 4634 3620 4678 τοῦ
3681 4632 3815 4679 Θεοῦ
3863 4624 4188 4682 Ἐκκλησίαν

2571 4718 2713 4786 ἄξαι,
2763 4721 2856 4776 τήν
2909 4715 3302 4788 συνειλεγμένην
3359 4721 3569 4790 μυρίοις
3614 4717 3800 4787 οἱμασι
3857 4721 3971 4776 τοῖς
3998 4719 4099 4788 πρό
4129 4733 4191 4785 γε

2570 4814 2808 4881 Χριστοῦ
2847 4810 2937 4858 καὶ
2994 4808 3124 4878 μετὰ
3200 4809 3432 4879 Χριστόν
3477 4809 3567 4857 καὶ
3610 4805 3771 4857 αύτοῦ
3827 4810 3919 4856 τοῦ
3958 4804 4187 4876 μεγάλου

2575 4899 2798 4969 θύματος
2832 4900 2960 4948 ⁸καὶ
3020 4899 3179 4968 μέγαν
3236 4891 3472 4967 διωγμόν
3534 4895 3652 4946 κατ’
3709 4893 3874 4955 αὐτῆς
3925 4898 4185 4962 κεκίνηκε,

2571 4989 2867 5040 παυθίντων
2935 4993 3027 5037 τῶν
3067 4981 3312 5057 διωγμῶν
3359 4989 3460 5059 πρό
3516 4987 3722 5058 χρόνων
3774 4981 3972 5036 πολλῶν
4023 5004 4036 5016 ⁸
4095 4989 4187 5037 καὶ

2573 5076 2806 5129 ἐπιτείνω
2857 5079 2941 5128 τὸν
3018 5073 3328 5150 ἀφορισμόν,
3381 5075 3433 5126 ὃν
3521 5077 3676 5135 αὐτὸς
3741 5073 3908 5145 ἐαυτῷ
3967 5072 4187 5126 ὑπέϐαλε

2575 5163 2647 5219 δι’
2671 5167 2862 5219 οἰκείαν
2893 5165 3082 5238 ὄρεξιν,
3128 5162 3202 5216 δι’
3251 5164 3442 5217 οἰκείαν
3494 5162 3806 5232 ἀπόλαυσιν,
3859 5159 3933 5215 δι’
3991 5163 4184 5216 οἰκείαν

2575 5307 3917 5367 montesincolentibus.“nostexcaecationem
3929 5306 4182 5362 Joannis

2577 5381 2867 5446 Lascaris,
2890 5380 3180 5451 adversus
3207 5377 3547 5435 Michaelem
3580 5377 3996 5451 Palaeologum
4011 5394 4184 5451 arma

2574 5457 2880 5524 ceperunt,
2899 5457 2961 5505 ut
2981 5450 3228 5506 refertur
3249 5467 3285 5507 a
3316 5451 3564 5522 Georgio
3592 5449 4180 5524 Pachymere,lib.m,

2574 5522 2707 5596 cap.
2769 5529 2849 5594 i3,
2901 5524 3015 5596 tibi
3063 5529 3462 5596 Τρικοκκιώτας
3513 5522 3803 5596 nominat.
3864 5526 4182 5594 Τρικοκκίας

2574 5593 2775 5651 autem
2793 5594 2946 5651 arcis
2968 5593 3332 5650 mentionem
3353 5593 3492 5649 facit
3513 5593 3617 5650 lib.
3640 5609 3759 5663 xm,
3777 5593 3913 5665 cap.
3933 5598 3998 5649 33
4016 5611 4029 5659 ;
4044 5609 4182 5664 quas

2573 5668 2696 5722 duo
2725 5667 2856 5722 loca
2882 5667 3033 5722 inter
3071 5681 3133 5721 se
3184 5665 3403 5722 collata
3431 5666 3932 5721 Tricocciotarum
3954 5680 4179 5721 nomen

2571 5739 2887 5810 illustrant,
2901 5737 3240 5796 hominibus
3252 5738 3563 5808 insigniter
3582 5737 3850 5794 litteratis
3861 5736 4181 5794 obscurum
