4484 6446
331 375 440 430 957
1364 373 1708 430 GEORGIUS
1747 373 2029 431 ACROPO
2040 375 2097 430 Ll

1919 373 2029 431 )PO
2040 375 2211 431 LlTA.
2259 406 2326 416 —
2365 376 2663 433 NOTlTlA.
3590 375 3690 429 958

333 493 498 562 δόξαν
539 501 630 551 xui
659 501 716 550 τὸ
760 497 992 570 ἀνάθεμα
1052 519 1063 530 ·
1121 500 1209 549 xui
1260 493 1608 570 παραδίδωμι
1655 505 1836 550 τοῦτον
1889 500 2022 568 τῷΔ
2054 514 2104 571 p1

1925 501 1962 568 ᾧ
1975 500 2022 553 Δ
2054 499 2184 571 prio
2198 499 2437 572 placito,
2455 499 2699 572 propria
2714 499 3002 554 sententia
3021 517 3033 566 ;
3049 497 3340 570 protendo
3355 497 3696 566 anathema,

330 595 557 658 σατανᾷ,
607 589 778 650 καθὼς
843 593 931 640 xui
996 591 1052 640 τὸ
1111 591 1358 660 πρότερον
1424 587 1576 648 αὐτὸς
1621 587 1785 656 ἐαυτῷ
1851 584 1942 640 διὰ
2051 594 2101 642 et

1930 610 1942 640 ι
2051 594 2106 642 et
2131 587 2299 643 illum
2328 589 2498 644 trado
2538 588 2796 656 Satana,
2851 588 3002 642 sicut
3047 593 3223 641 antea
3275 586 3472 656 ipsum
3503 602 3564 641 se
3597 602 3701 659 per

335 686 435 728 τῶν
514 679 787 751 ἐπιορκιῶν
851 673 1216 751 παραδέδωκε,
1296 680 1384 727 xui
1444 684 1530 727 νῦν
1581 673 1672 728 διὰ
1710 685 1801 728 τοῦ
1854 685 1944 736 τῆς
2049 691 2106 748 pi

1928 696 1944 736 ;
2049 677 2313 748 perjuria
2367 677 2628 744 tradidit,
2690 691 2971 747 nuncque
3038 674 3213 729 tradit
3266 689 3371 744 per
3429 674 3699 730 Ecclesia

333 765 653 827 Ἐκκλησίας
706 763 943 838 διωγμοῦ
979 787 991 800 ·
1034 770 1116 817 xui
1185 768 1302 825 τοὺς
1362 769 1432 837 μὴ
1496 763 1760 839 ἀρχιερεῖς
1824 769 1942 828 τοὺς
2051 780 2104 836 ρ(

1928 787 1942 828 ;
2051 765 2544 836 persecutionem.
2581 765 2766 819 Etiam
2799 765 3031 819 Satana
3064 762 3234 818 trado
3265 761 3540 817 homines
3591 779 3699 818 ne-

334 857 811 926 συγκατατεθέντας
868 861 959 908 xui
1057 854 1466 926 ὑπογράψαντας
1541 855 1608 916 εὶς
1660 859 1748 912 τὴν
1820 854 1941 908 ἆσέ-ι
2048 868 2105 924 ql

1929 886 1941 897 -
2048 868 2359 926 quaquam
2399 854 2708 925 pontiﬁces
2758 851 3094 915 habendos,
3124 851 3227 922 qui
3275 856 3700 907 consenserunt

336 943 498 1012 ϐειαν,
568 949 656 996 xui
686 948 808 1005 τοὺς
846 946 1126 1018 ἄρχοντας,
1186 948 1306 1005 τοὺς
1358 949 1795 1017 συνεργήσαντας,
1853 950 1942 996 xui
2049 957 2107 997 su

1928 950 1942 996 'i
2049 943 2650 1014 subscripseruntque
2676 941 3002 1013 impietati;
3031 941 3160 1012 pari
3191 940 3373 996 modo
3403 955 3699 1011 proceres,

324 1037 442 1094 τοὺς
511 1035 680 1108 ἱερεῖς,
773 1039 862 1086 xui
944 1037 1060 1095 τοὺς
1117 1035 1480 1109 εὖμοιροῦντας
1553 1040 1791 1105 γνώσεως
1853 1040 1942 1086 xui
2047 1047 2087 1104 q

1928 1040 1942 1086 ὶ
2047 1032 2151 1104 qui
2182 1031 2400 1087 dedere
2431 1031 2866 1087 adminiculum
2895 1049 2907 1097 ;
2941 1031 3080 1085 item
3112 1029 3473 1098 sacerdotes,
3522 1044 3699 1085 cunc-

328 1123 823 1192 συγκατατεθίντας.
877 1125 978 1175 Τὸν
1038 1118 1097 1174 δὲ
1138 1121 1382 1195 ἀγοραῖον
1413 1122 1533 1174 λαὸν
1573 1127 1661 1174 καὶ
1725 1124 1940 1195 ἄμοιρον
2049 1125 2099 1176 to

1932 1144 1940 1170 ν
2049 1125 2262 1192 tosque
2291 1119 2565 1176 conscios
2596 1136 2666 1175 ac
2696 1135 3067 1176 assensores.
3097 1117 3261 1184 Quod
3295 1133 3437 1172 vero
3473 1121 3703 1189 spectat

323 1216 583 1281 γνώσεως,
619 1215 708 1262 xui
772 1215 842 1282 μὴ
912 1207 1093 1264 εἰδότα
1128 1207 1298 1273 δεξιὸν
1362 1212 1391 1269 ἦ
1426 1211 1716 1284 ἀριστερὸν,
1751 1214 1814 1272 ὡς
1844 1231 1941 1284 μα·
2050 1225 2094 1265 ω

1930 1241 1941 1250 -
2050 1208 2128 1265 ad
2159 1209 2466 1279 vulgarem
2499 1207 2814 1280 populum,
2857 1208 3211 1277 cognitionis
3243 1211 3568 1278 expertem,
3600 1222 3701 1263 ne-

331 1298 498 1358 Θητής
539 1305 630 1349 τοῦ
665 1302 861 1372 Κυρίου
894 1317 993 1370 μου
1023 1305 1117 1350 τοῦ
1155 1300 1346 1372 πράου,
1388 1299 1517 1370 λέγω
1559 1299 1699 1369 αὐτῷ
1734 1321 1745 1332 ·
1778 1321 1804 1348 ‹‹
1842 1302 1940 1352 Κύ-
2048 1314 2102 1353 sc

1930 1330 1940 1340 -
2048 1299 2324 1354 scientem
2344 1297 2492 1369 quid
2518 1297 2794 1352 dextrum
2820 1297 2892 1352 sit
2915 1296 3008 1352 vel
3026 1296 3332 1351 sinistrum
3362 1312 3374 1349 :
3409 1300 3701 1367 tanquam

325 1405 428 1460 ριε,
456 1389 527 1458 μὴ
562 1392 764 1458 στήσῃς
791 1386 962 1448 αὐτοῖς
999 1391 1093 1444 τήν
1133 1386 1392 1459 ἁμαρτίαν
1421 1391 1635 1445 ταύτην.
1672 1410 1698 1437 ››
2047 1386 2096 1441 dJ

2047 1386 2378 1459 discipulus
2403 1387 2701 1442 mansueti
2720 1386 2956 1441 Domini
2988 1385 3123 1448 mei,
3148 1384 3283 1439 dico
3314 1384 3491 1440 huic:
3526 1406 3553 1432 κ
3588 1386 3699 1442 Do-

2046 1476 2229 1540 mine,
2266 1490 2340 1530 ne
2375 1479 2601 1530 statuas
2632 1474 2745 1529 illis
2775 1475 2890 1529 hoc
2929 1478 3241 1545 peccatum
3277 1474 3316 1526 ι.
3351 1495 3379 1522 ν

410 1560 508 1616 ΙΒ’.
542 1561 760 1634 Ἀφίημι
781 1567 868 1614 xui
907 1568 1014 1624 τοῖς
1055 1558 1292 1633 ἀδελφοῖς
1366 1582 1466 1635 μου
1505 1570 1616 1624 τοῖς
1673 1563 1940 1637 συνεξορι-
2118 1564 2181 1618 XI

1931 1593 1940 1603 -
2118 1563 2230 1618 XII.
2265 1563 2567 1636 Quidquid
2596 1563 2901 1634 possideo,
2934 1562 3207 1634 relinquo
3231 1561 3513 1616 fratribus
3551 1560 3702 1616 meis

334 1651 511 1703 σθεῖσί
580 1670 670 1722 μοι
735 1655 824 1703 xui
882 1655 1344 1724 συμπαραμείνασι
1383 1653 1494 1724 μετ’
1552 1652 1675 1715 ἐμοῦ
1727 1652 1800 1714 εἰς
1851 1655 1940 1712 τὰς
2045 1668 2105 1724 ql

1929 1672 1940 1712 ;
2045 1651 2150 1724 qui
2183 1668 2419 1707 mecum
2459 1651 2701 1722 relegati
2732 1652 2987 1718 fuerunt,
3031 1665 3390 1721 mecumque
3419 1665 3700 1722 perman-

336 1739 534 1811 Θλίψεες
572 1759 692 1812 μου,
727 1743 771 1793 εἶ
796 1760 845 1792 τε
887 1742 988 1814 εἶρα
1025 1745 1301 1813 κέκτημαι.
1335 1747 1432 1794 Καὶ
1459 1744 1484 1793 ὁ
1542 1741 1732 1813 μέλλων
1773 1741 1938 1812 ὀχλῆ-
2047 1755 2107 1795 se

1930 1773 1938 1783 -
2047 1746 2249 1796 serunt
2278 1742 2338 1796 in
2369 1740 2808 1797 calamitatibus
2830 1740 3000 1795 meis.
3031 1741 3095 1794 Et
3115 1739 3220 1811 qui
3250 1755 3457 1794 eorum
3483 1754 3701 1810 quem-

335 1832 428 1881 σαί
457 1849 575 1881 τινα
624 1832 840 1897 τούτων,
881 1831 1027 1891 ὅστις
1081 1831 1184 1903 οἰρα
1221 1836 1308 1883 καὶ
1340 1834 1437 1896 εἴη,
1475 1833 1556 1883 ἶνα
1593 1834 1664 1883 ἔνι
1690 1833 1788 1883 ὑπὸ
1821 1829 1940 1882 ἀνα·
1977 1859 2014 1912 Β
2045 1846 2106 1902 qt

1926 1863 1940 1870 -
1977 1859 2014 1912 Β
2045 1845 2223 1902 quam
2239 1830 2526 1886 vexarein
2540 1830 2798 1884 animum
2814 1827 3589 1900 induxerit,quicunqueille
3603 1827 3697 1898 sit,

335 1920 542 1990 θέματι,
588 1923 677 1971 xui
734 1922 865 1990 μετὰ
892 1929 984 1972 τοῦ
1012 1917 1193 1973 Ἰούδα
1245 1922 1273 1978 ἡ
1329 1924 1478 1993 μερὶς
1544 1920 1722 1975 αὐτοῦ.
1788 1920 1939 1972 Ἀλλὰ
2044 1935 2106 1975 ar

1926 1943 1939 1972 ι
2044 1919 2412 1975 anathemati
2433 1918 2800 1989 subjiciatur,
2829 1917 3023 1989 sitque
3053 1932 3193 1988 pars
3214 1917 3343 1987 ejus
3369 1933 3505 1971 cum
3526 1915 3697 1972 Juda.

331 2013 424 2060 xui
481 2010 506 2059 ὁ
574 2006 853 2080 βουληθεὶς
909 2011 1242 2081 μεταγράψαι
1324 2029 1422 2081 μου
1472 2015 1565 2068 τὴν
1645 2010 1937 2062 τελευταίαν
2045 2011 2102 2064 SE

1930 2031 1937 2056 ν
2045 2009 2158 2064 Sed
2193 2013 2251 2065 et
2280 2008 2327 2063 si
2347 2008 2483 2080 quis
2499 2023 2844 2080 supremam
2865 2023 3060 2062 meam
3092 2005 3456 2061 voluntatem
3481 2005 3701 2060 descri—

337 2094 614 2168 βούλησιν,
657 2101 746 2148 xui
788 2093 880 2148 διὰ
917 2097 1093 2160 λέξεων
1151 2098 1332 2172 ἐτέρων
1361 2102 1448 2150 τὸν
1495 2105 1611 2150 νοῦν
1650 2101 1735 2150 τὸν
1767 2097 1937 2170 ἑγκεί-
2043 2097 2108 2152 be

1926 2130 1937 2140 -
2043 2096 2243 2153 bendo
2270 2096 2522 2151 voluerit
2547 2111 2948 2167 corrumpere,
2974 2110 3042 2150 ac
3073 2110 3178 2166 per
3207 2094 3324 2149 alia
3345 2093 3532 2149 verba
3561 2092 3697 2148 insi-

333 2204 486 2257 μενον
516 2187 738 2260 πειραθῇ
773 2185 1107 2258 μεταλλάξαι,
1171 2190 1318 2250 ὅστις
1375 2190 1478 2260 οἰρα
1527 2194 1616 2239 xui
1673 2191 1770 2253 εἴη,
1840 2192 1938 2241 εἴτε
2044 2191 2104 2242 tu

1925 2208 1938 2241 ε
2044 2191 2169 2242 tum
2201 2201 2449 2241 sensum
2470 2190 2841 2242 commutare
2870 2183 3203 2251 tentaverit,
3250 2184 3300 2239 is
3327 2183 3576 2256 quilibet
3603 2183 3696 2248 sit,

333 2273 794 2342 ἐκχλησιαστικὸς,
827 2279 927 2328 εἴτε
965 2277 1168 2349 ἄρχων,
1214 2279 1313 2329 εἴτε
1375 2285 1469 2339 τῆς
1535 2277 1692 2338 οἴλλης
1727 2283 1934 2351 μοίρας,
2043 2291 2104 2331 se

1927 2321 1934 2343 ,
2043 2291 2149 2331 seu
2197 2275 2651 2345 ecclesiasticus,
2689 2291 2796 2331 seu
2843 2274 3249 2344 magistratus,
3282 2274 3405 2328 sive
3456 2273 3698 2329 alterius

334 2365 470 2416 ἔστω
508 2368 598 2416 xui
627 2363 773 2425 οὗτος
803 2366 904 2417 ὑπό
929 2368 987 2418 τὸ
1020 2365 1267 2437 ἀνάθεμα.
2043 2381 2105 2422 co

2043 2364 2421 2434 conditionis,
2464 2365 2537 2421 sit
2565 2365 2784 2438 pariter
2822 2364 2936 2420 sub
2975 2365 3375 2420 anathemate.

408 2490 430 2523 ⁴
459 2492 584 2544 Act.
616 2505 714 2559 vn,
746 2491 833 2546 60.

334 2665 3686 2702 ω

1394 2868 1398 2871 .
1472 2824 1646 2871 ANNO
1692 2823 1920 2873 DOMINI
1965 2826 2555 2873 MCCXV-HCCLXXXII.

813 3019 1841 3175 GEORGIUS
1949 3021 3256 3174 AGROPOLITA

1771 3456 2248 3552 NOTITIA,

1225 3658 1485 3726 (Fabric.
1529 3659 1946 3716 Bibliothecra
1977 3660 2178 3716 Graeca
2208 3659 2303 3715 ed.
2339 3659 2559 3729 Harles,
2595 3664 2632 3716 t.
2668 3657 2804 3730 VII).

401 3987 685 4060 Georgius
711 3988 1052 4061 Acropolita
1080 3990 1415 4063 (proprium
1438 3989 1552 4045 hoc
1576 3989 1817 4045 familia
1842 3990 1939 4056 (a),
1972 4003 2094 4045 non
2127 3990 2332 4062 patria
2362 3989 2634 4060 nomen),
2682 3993 2851 4062 pater
2881 3989 2988 4044 fuit
3039 3987 3408 4044 Constantini
3441 3988 3704 4058 Acropo-

328 4075 447 4132 lita
469 4077 574 4148 (b),
604 4079 709 4150 qui
732 4080 997 4151 parentis
1029 4080 1306 4152 exemplo
1336 4095 1594 4151 magnus
1623 4079 1931 4149 logotheta
1959 4082 2030 4152 (ρ)
2058 4080 2116 4134 in
2149 4079 2289 4134 aula
2317 4079 2650 4150 CPolitana,
2699 4077 2802 4133 sed
2833 4078 3000 4132 Mich.
3034 4076 3348 4146 Palaologi
3379 4075 3569 4145 gratia
3624 4074 3704 4130 ob

327 4165 709 4238 repudiatam
729 4170 816 4223 Jo.
851 4168 1044 4238 Becci,
1074 4169 1457 4241 patriarcha,
1489 4185 1624 4224 cum
1665 4170 1880 4225 Latinis
1902 4168 2292 4225 concordiam
2314 4169 2549 4233 excidit,
2581 4168 2815 4240 scriptis
2843 4167 3132 4223 adversus
3165 4167 3425 4233 Latinos,
3448 4164 3703 4236 aliisque

328 4258 759 4324 monumentis,
775 4258 1000 4331 quibus
1017 4265 1362 4316 sanctorum
1377 4260 1731 4316 memoriam
1748 4260 1830 4330 (ά)
1845 4259 2182 4320 celebravit.
2199 4261 2452 4330 novique
2465 4257 2894 4327 Metaphrasta
2907 4273 3129 4313 nomen
3144 4256 3366 4321 meruit,
3391 4255 3588 4310 clarus
3603 4257 3706 4324 (1)-

329 4345 585 4409 Quando
616 4351 816 4402 autem
859 4363 894 4403 a
921 4347 1315 4404 Volaterrano
1343 4354 1396 4404 et
1422 4351 1507 4404 Jo.
1543 4348 1909 4421 Cuspiniano
1939 4349 2280 4421 Acropolita
2312 4349 2548 4416 citatur,
2581 4351 2754 4419 pater
2784 4347 3068 4416 Georgius
3100 4346 3461 4415 intelligitur,
3521 4359 3702 4416 quem

328 4433 602 4490 Labbeus
627 4435 688 4491 in
720 4438 1092 4507 Protreptico
1120 4439 1201 4494 ad
1225 4439 1576 4509 Hist.1tyz.,
1612 4455 1670 4511 p.
1714 4442 1802 4504 49,
1834 4443 1989 4494 recte
2019 4439 2272 4507 monuit,
2303 4439 2472 4494 illum
2502 4439 2702 4510 ipsum
2734 4453 2862 4492 esse
2884 4439 3208 4493 Pratorem
3234 4437 3495 4500 Graeciae,
3527 4435 3702 4491 Chro-

325 4523 445 4578 nici
477 4539 514 4579 a
537 4523 855 4582 Theodoro
888 4528 1126 4583 Lascari
1144 4528 1343 4584 exorsi
1366 4533 1422 4584 et
1443 4528 1504 4583 in
1525 4533 1765 4600 recepta
1795 4543 1831 4583 a
1852 4527 2020 4584 Mich.
2048 4527 2374 4597 Palaologo
2399 4527 2563 4583 CPoli
2581 4526 2905 4582 desinentis
2929 4531 3256 4592 auctorem,
3280 4541 3462 4598 quem
3488 4528 3703 4580 testem

326 4611 583 4671 subinde
606 4615 746 4672 citat
766 4618 859 4673 Jo.
895 4615 1296 4674 Leunclavius
1324 4617 1384 4672 in
1401 4619 1716 4674 Pandectis
1744 4619 2028 4674 Historiae
2053 4619 2316 4674 Turcica
2344 4633 2358 4684 ;
2385 4633 2528 4673 nam
2551 4621 2606 4672 et
2639 4615 3040 4688 Acropolitam
3064 4615 3412 4687 Ephramus
3432 4613 3494 4670 in
3526 4613 3702 4671 Chro-

395 4776 474 4850 (a)
506 4775 646 4850 Vide
679 4776 951 4833 Allatium
975 4779 1062 4834 De
1092 4779 1380 4849 Georgiis,
1410 4794 1468 4850 p.
1506 4781 1640 4850 73,55.
1663 4783 1720 4834 et
1771 4778 1936 4834 Han-
2048 4778 2153 4848 ιὶ.],
2184 4779 2431 4850 cavens,
2463 4781 2572 4832 etc.
2600 4778 2713 4834 Sed
2744 4782 2799 4833 et
2821 4777 3191 4850 Pachymeri,
3222 4775 3441 4850 Vlll,_8,
3476 4791 3704 4850 memo-

324 4845 550 4924 cliium,
577 4849 662 4924 De
679 4850 828 4924 _Byz.
855 4865 1056 4924 rerum
1069 4845 1661 4924 βσνὶρῐονίρᾁλιγὶδεῐ.
1688 4865 1820 4922 cap.
1845 4855 1932 4915 33,
2044 4865 2095 4924 re

1929 4893 1932 4907 .
2044 4845 2211 4924 ratur
2235 4848 2497 4924 ﬂammis
2524 4850 2817 4924 traditum
2835 4845 3160 4924 σύγγραμμα
3191 4856 3280 4924 τοῦ
3303 4848 3526 4924 παλαιοῦ
3545 4849 3700 4924 μεγά-

324 4919 807 4997 (FA_B_R_-)A_dc_l.G_.
849 4924 1000 4997 Cave
1023 4923 1179 4997 qm.
1207 4923 1323 4997 litt.
1342 4921 1447 4997 Ss.
1467 4919 1666 4997 Ecet,
1697 4919 1933 4997 toin._ll,
2044 4921 2095 4997 λο

1928 4967 1933 4985 ,
2044 4921 2133 4997 λου
2165 4921 2438 4997 λογοθίτου
2457 4929 2548 4997 τοῦ
2579 4919 3266 4997 ’ᾼκροπολίτουξδὲῂιῐοήε
3297 4922 3516 4997 magni
3544 4922 3699 4997 logo-

322 5004 382 5060 p.
408 4994 511 5044 3l2
539 4993 637 5063 ;C.
660 4992 1005 5048 Oudinusin
1026 4993 1242 5049 Comm.
1268 4994 1340 5049 de
1355 4993 1455 5048 SS.
1478 4995 1643 5059 eccl.,
1667 4998 1812 5048 tom.
1842 4994 1931 5058 lll,
2048 4994 2241 5063 theta,
2271 4993 2347 5047 ad
2378 4991 2823 5049 distinctionem
2845 5009 3064 5054 nempe
3084 4993 3343 5048 Junioris
3378 4992 3582 5060 magni
3614 4991 3701 5063 lo-

319 5076 380 5137 p.
415 5063 539 5131 465,
567 5061 1017 5137 Hambergerz.
1051 5067 1137 5129 N.,
1172 5067 1260 5131 1V,
1286 5082 1343 5135 p.
1375 5069 1477 5120 835
1502 5081 1658 5137 sqq.,
1690 5071 1745 5120 et
1778 5065 1933 5121 Saxii
2045 5061 2321 5137 gotheta,
2357 5065 2728 5120 Constantini
2756 5064 3253 5137 Acropolitaﬁlii.
3277 5064 3494 5137 dequo
3517 5062 3704 5120 verba

323 5131 531 5216 Orioni“.
567 5149 709 5216 ηερ.
745 5131 870 5191 316.
904 5136 1139 5216 (ΗΑ-ῃ.)-
1208 5207 1243 5216 ﬁ
1289 5131 1312 5216 ξ
1414 5209 1427 5216 _
1669 5211 1726 5216 η
1792 5211 1820 5216 _
2046 5131 2770 5216 Pachymeraﬁperperam
2819 5131 3440 5216 accipitAllatius._D:e
3467 5149 3704 5216 consep-

389 5203 886 5280 (b)_Pachymeres
907 5203 967 5262 in
990 5203 1173 5263 Mich.
1199 5207 1534 5278 Palatologo
1554 5210 1641 5280 Vl.
1664 5211 1748 5263 26.
1783 5211 1932 5263 Con-
2041 5223 2131 5273 su,
2165 5203 2223 5280 p'.
2259 5210 2384 5262 780.
2419 5203 2717 5278 Q'ua'ipse
2740 5203 3050 5280 rectius—de
3078 5214 3243 5280 patre
3272 5205 3574 5280 intellexit,
3595 5204 3698 5260 lib.

389 5224 468 5272 ψ)
495 5224 886 5275 racnymeres
907 5224 967 5262 in
990 5224 1173 5263 Mica.
1199 5224 1534 5278 rataocogo
1559 5224 1641 5265 γι.
1664 5224 1748 5263 zo.
1783 5224 1932 5263 Con-
2041 5224 2131 5273 su,
2212 5248 2223 5260 .
2270 5224 2384 5262 ιδυ.
2419 5224 2560 5273 uua
2590 5224 2717 5278 ipse
2740 5224 2954 5263 recuus
2976 5224 3050 5262 ae
3078 5224 3243 5280 patre
3272 5224 3574 5273 inieuexu,
3595 5224 3697 5260 un.

319 5272 406 5328 fer
459 5276 971 5350 iPapebrochium,
1036 5283 1184 5336 tom.
1245 5281 1358 5344 Vll,
1424 5282 1562 5335 Act.
1617 5279 1711 5336 SS.
1778 5280 1929 5346 Maii,
2042 5281 2127 5335 De
2151 5224 2523 5350 georgiam.
2569 5282 2690 5334 358.
2724 5279 3142 5350 Pachymeres,
3185 5284 3330 5350 tom.
3383 5279 3425 5350 l,
3475 5276 3578 5350 lib.
3620 5292 3697 5345 iv,

318 5361 380 5416 p.
404 5349 542 5422 76_8._
799 5420 808 5422 4
1227 5421 1237 5422 7
2043 5367 2089 5406 c.

2043 5367 2092 5406 c.
2116 5355 2202 5420 28,
2250 5348 2318 5422 p.
2342 5348 2569 5414 2|3,'de
2601 5351 2848 5420 Georgio
2880 5348 3188 5419 logotheta
3218 5369 3230 5405 :
3272 5349 3342 5422 7'0
3374 5349 3447 5410 εἰς
3501 5348 3703 5420 λογοθέ-

391 5418 469 5485 (σ)
498 5417 961 5494 Constantinum
989 5421 1415 5494 Acropolitam,
1449 5422 1693 5494 perinde
1736 5427 1799 5478 ut
1830 5438 1933 5494 pa-
2040 5443 2134 5484 τας

1930 5455 1933 5464 ι
2040 5443 2134 5484 τας
2190 5417 2354 5493 μέίγας
2406 5428 2492 5473 xui
2579 5425 2736 5494 σοφὸς
2760 5417 2856 5474 ‘ru
2905 5417 3154 5494 μάλιστα,
3229 5421 3362 5480 πλὴν
3410 5417 3701 5494 κατημελη-

319 5492 470 5544 trem
486 5491 801 5566 Georgium
814 5493 1080 5566 ,codices
1096 5491 1232 5548 mss.
1249 5491 1542 5566 magnum
1561 5491 1929 5563 logothetam
2040 5515 2090 5566 με

1184 5491 1542 5566 s.magnum
1561 5491 1929 5563 logothetam
2040 5498 2203 5566 μένως
2227 5491 2324 5566 τὼν
2356 5494 2423 5554 εὶς
2457 5491 2764 5551 συνείδήσιν
2794 5491 2949 5566 ἔχωὺ.

317 5566 554 5628 vocant,
580 5567 638 5618 et
661 5579 734 5619 ex
763 5563 877 5619 illis
903 5564 1171 5636 Allatius,
1207 5565 1558 5622 Lambecius
1579 5566 1658 5636 [v.
1688 5566 1766 5622 ad
1802 5571 1925 5622 not.
2040 5563 2049 5566 “
2111 5567 2192 5638 (d)
2227 5565 2474 5621 Allatius
2502 5567 2587 5622 De
2611 5563 2945 5623 Simeorium
2976 5567 3235 5635 scriptis,
3269 5581 3327 5638 p.
3370 5568 3484 5620 109.

393 5705 469 5774 (1)
503 5704 644 5762 Vide
676 5721 861 5780 supra
892 5707 1004 5764 col.
1039 5711 1162 5780 809,
1199 5708 1304 5766 ubi
1329 5712 1566 5768 exstant
1605 5710 1977 5768 Constantini
2009 5709 2365 5783 Acropolita
2399 5709 2619 5783 scripta
2649 5726 2786 5784 qua
2815 5714 3154 5784 supersunt.
3189 5713 3341 5766 Emr.
