4484 6446
296 425 397 478 961
1825 423 2067 478 ΝΟΤΙΤΙ.

1890 423 2126 478 )TITIA.
3557 421 3661 474 962

295 545 555 601 editione
585 546 854 597 versatus
879 546 989 608 est,
1019 547 1081 598 ut
1113 558 1232 599 non
1262 543 1682 612 gratulendum
1715 546 2061 616 AcrOpolitm
2085 547 2173 614 sit,
2203 543 2364 617 quod
2396 547 2507 599 Leo
2558 543 2804 598 Allatius
2838 543 3106 598 codicem
3169 542 3518 597 Vaticanum
3579 548 3661 623 (a)

296 632 568 703 ejusdem
601 630 870 701 opusculi
905 647 1014 685 ms.
1046 633 1314 685 Grmcum
1339 633 1452 684 sub
1491 631 1654 685 titulo
1682 637 1888 703 Ποίημα
1917 653 2067 706 χρουι

1917 642 2163 706 χρονικον
2192 634 2420 705 ἡμιτελὲς
2451 633 2832 688 nactus.illud
2867 633 3210 686 emendavit
3238 637 3293 684 et
3315 631 3569 686 divisum
3604 633 3662 686 in

297 722 516 792 capita,
539 734 816 789 novaque
843 721 1114 774 versione
1144 719 1437 774 donatum
1462 720 1518 773 in
1538 718 1733 774 lucem
1757 721 1970 776 iterum
1993 724 2175 778 edidit
2208 724 2382 778 Paris.
2431 721 2721 788 ttib’t,fol.,
2761 725 2968 775 Dousaa
2989 722 3142 775 notis
3166 720 3243 774 ad
3271 719 3494 774 calcem
3529 720 3667 774 sub-

290 809 518 880 junctis
561 807 658 876 (b).
702 807 1135 863 Observaverat
1173 815 1372 862 autem
1401 807 1766 879 jampridem
1799 810 2043 865 Allatius
2075 811 2135 865 in
2157 812 2241 866 De
2271 811 2482 865 Psellz’s
2515 810 2611 878 te),
2648 810 2759 864 hoc
2812 825 2931 863 non
2988 824 3118 862 esse
3171 808 3366 878 ipsam
3408 811 3664 878 Acropo-

295 897 412 951 Iitae
441 895 770 963 historiam,
804 895 909 950 sed
940 901 1169 951 tantum
1201 895 1631 967 compendium
1663 897 1814 966 ejus,
1848 914 1956 954 nec
1984 899 2061 954 ab
2092 905 2331 954 auctore
2371 898 2613 969 ipso(d),
2649 897 2751 952 sed
2794 897 2872 952 ab
2913 896 3030 952 alio
3070 896 3362 967 quodam,
3404 896 3666 965 resectis,

296 1001 434 1057 quae
465 984 548 1039 illi
578 1000 794 1056 parum
813 987 1153 1040 necessaria
1186 985 1313 1041 visa
1330 985 1513 1049 fuere,
1544 987 1990 1042 concinnatum.
2011 991 2213 1060 Ipsum
2234 1003 2412 1058 porro
2429 987 2778 1057 Acropolitae
2801 1002 2954 1057 opus
2981 985 3248 1056 ejusdem
3280 985 3457 1057 plane
3491 1000 3670 1054 argu-

293 1073 502 1139 menti,
527 1072 634 1127 sed
674 1072 980 1144 pulchrius
1002 1072 1422 1145 ditt‘usiusque,
1454 1073 1605 1128 inter
1640 1074 1877 1130 codices
1911 1091 2054 1130 mss.
2091 1077 2214 1132 Chii
2255 1079 2328 1146 (e)
2369 1075 2594 1130 invenit
2620 1090 2689 1130 ac
2729 1073 3095 1144 descriptum
3129 1076 3376 1128 Romam
3409 1073 3670 1142 advexit,

293 1161 546 1233 ejusque
577 1175 690 1232 ope
721 1175 842 1216 non
870 1160 1054 1216 modo
1090 1161 1365 1217 Breviarii
1393 1160 1604 1216 mutila
1635 1162 1953 1234 hiulcaque
1985 1171 2041 1218 et
2073 1162 2224 1218 male
2250 1164 2328 1219 ab
2355 1163 2788 1234 excriptoribus
2829 1167 3078 1218 tractata
3119 1163 3372 1217 correxit
3403 1162 3480 1217 ad
3507 1177 3675 1217 men-

297 1254 421 1306 tem
445 1248 726 1317 auctoris,
754 1248 858 1304 sed
890 1250 1067 1304 etiam
1096 1250 1407 1305 historiam
1439 1249 1756 1318 integram,
1783 1251 1988 1306 Latina
2022 1267 2131 1306 sua
2151 1252 2422 1307 versione
2462 1257 2518 1306 et
2557 1252 2711 1307 notis
2751 1251 3049 1306 historicis
3078 1250 3434 1306 illustratam
3475 1253 3674 1306 Graece

294 1344 354 1395 et
379 1338 577 1394 Latine
604 1338 764 1409 typis
786 1338 970 1408 regiis
1000 1337 1202 1402 edidit,
1229 1337 1711 1410 compendioque
1743 1339 1801 1393 in
1842 1339 2178 1404 Parisiensi,
2219 1356 2404 1411 quam
2446 1340 2588 1404 dixi,
2646 1340 2907 1395 editione
2966 1339 3252 1410 praemisit
3282 1341 3386 1410 (t).
3451 1339 3676 1394 Titulus

295 1431 427 1482 est:
461 1426 518 1478 Ἠ
575 1433 822 1497 παροῦσα
871 1432 1094 1501 χρονική
1150 1431 1424 1498 συγγραφὴ
1485 1435 1578 1478 τοῦ
1625 1427 1849 1498 μεγάλου
1905 1431 2197 1499 Λογοθέτου
2245 1437 2335 1480 τοῦ
2389 1428 2758 1502 Ἀκροπολὶτου
2801 1427 2959 1494 ἐστὶν,
3017 1427 3070 1488 ὃς
3127 1430 3299 1480 ἔκτισε
3348 1432 3436 1479 καὶ
3484 1431 3541 1479 τὸ
3581 1447 3676 1498 μο-

296 1517 582 1588 voto-riava
635 1522 726 1574 τῆς
779 1515 928 1586 ἁγίας
981 1524 1072 1567 τοῦ
1148 1524 1384 1586 Χριστοῦ
1439 1515 1813 1576 Ἀναστάσεως.
1871 1522 2109 1590 Ηεριέχει
2179 1515 2238 1569 δὲ
2296 1521 2362 1569 τὰ
2435 1522 2565 1589 μετὰ
2636 1523 2727 1575 τὴν
2789 1517 2983 1568 ἅλωσιν
3043 1526 3138 1577 τῆς
3194 1521 3678 1570 Κωνσταντινουπό-

296 1604 420 1664 λεως
451 1603 584 1676 ἄχρι
611 1613 701 1664 τῆς
736 1602 1005 1675 βασιλείας
1052 1605 1272 1676 Μιχαὴλ
1304 1613 1396 1656 του
1447 1604 1823 1676 Παλαιο).όγου.
1856 1611 2067 1677 ΑΟΓΟΡ(

1906 1607 2258 1677 cropolitam
2297 1605 2549 1661 libenter
2579 1610 2908 1677 sequuntur
2939 1605 3295 1660 recentiores
3340 1605 3674 1676 scriptores,

298 1695 483 1749 etiam
513 1693 882 1765 Nicephorus
911 1696 1219 1764 Gregoras,
1255 1699 1317 1748 ut
1346 1695 1406 1748 in
1432 1694 1609 1757 notis,
1643 1709 1701 1765 p.
1725 1699 1824 1748 2-27
1859 1699 1914 1750 et
1938 1698 2061 1760 239,
2118 1694 2278 1750 idem
2309 1695 2608 1756 observat.
2633 1695 2732 1765 qui
2752 1684 2952 1749 tam'en
2976 1709 3034 1766 p.
3069 1697 3171 1749 249
3212 1710 3333 1748 non
3367 1693 3676 1763 diftitetur,

297 1781 590 1853 pleraque
620 1783 887 1836 exactius
928 1797 964 1836 a
993 1785 1252 1852 Gregora
1285 1782 1458 1837 tradi.
1485 1782 1834 1852 Acropolitze
1865 1783 2112 1838 historia
2185 1785 2286 1853 (an
2328 1783 2759 1854 compendium
2796 1785 2951 1852 ejus,
2993 1799 3116 1837 non
3146 1782 3425 1850 dixerim)
3460 1799 3574 1837 ms.
3617 1782 3678 1837 in

298 1870 469 1926 blibl.
502 1870 904 1926 Ambrosiana
935 1870 1378 1935 Mediolanensi,
1415 1875 1470 1926 et
1498 1872 1557 1926 in
1583 1871 1736 1930 bibl.
1772 1872 1928 1941 regis
1958 1872 2470 1942 Christianissimi,
2513 1886 2682 1926 num.
2726 1876 2847 1926 731.
2891 1871 3124 1942 (Fixum)

375 1960 439 2015 In
477 1959 738 2016 diatriba
776 1961 859 2016 De
901 1959 1299 2031 Geogz'is,quz£
1325 1961 1574 2029 Georgio
1612 1960 1962 2032 Acropolitte
1995 1960 2314 2032 subjuncta
2344 1961 2586 2031 est,haac
2615 1965 2910 2032 praeterea
2940 1964 3069 2030 ejus
3101 1959 3320 2031 scripta
3360 1959 3437 2015 ab
3469 1959 3681 2016 Allatio

295 2053 872 2113 commemorantur,
904 2064 963 2120 p.
1000 2054 1121 2104 557.
1148 2051 1369 2104 Forma
1399 2050 1471 2105 de
1499 2050 1666 2105 Fide.
1699 2051 1783 2105 De
1814 2052 2034 2106 virtute
2059 2056 2111 2105 et
2152 2052 2375 2117 anima,
2418 2065 2579 2105 anno
2603 2048 2815 2104 mundi
2846 2053 2976 2105 6671
3016 2048 3250 2120 (Christi
3285 2051 3440 2120 1263)
3470 2065 3582 2105 ms.
3621 2048 3681 2104 in

300 2137 450 2195 bibl.
486 2137 727 2194 Antonii
752 2138 1084 2208 Augustini,
1121 2138 1257 2196 eod.
1294 2139 1414 2196 174.

371 2225 636 2301 Ἐρμενεία
678 2234 777 2278 τῶν
809 2226 1111 2298 θεοὶογικῶν
1158 2226 1349 2302 ῥητῶν,
1384 2229 1455 2282 In
1491 2227 1789 2298 theologia
1818 2228 2142 2285 Nazianzer

1911 2229 2191 2285 :zianzem’
2214 2230 2556 2295 sententias,
2606 2235 2696 2280 τοῦ
2734 2247 2786 2281 τε
2820 2249 2831 2262 ο
2870 2229 2983 2280 ἔστι
3012 2230 3113 2302 γὰρ
3165 2232 3223 2280 τὸ
3272 2231 3320 2280 ἓν
3367 2231 3682 2304 στασιάζον³

300 2320 431 2391 πρὸς
461 2317 631 2382 ἑαυτὸ,
668 2315 829 2368 πολλά
883 2319 1142 2388 γίνεσθαι,
1182 2321 1369 2386 potest
1418 2333 1624 2383 unum,
1673 2320 1727 2372 si
1770 2333 1807 2373 a
1845 2321 2032 2387 seipso

1911 2321 2032 2387 έρδο
2080 2318 2364 2383 discedat,
2411 2319 2601 2374 multa
2628 2319 2782 2387 ﬁeri,
2833 2323 2922 2369 καὶ
2951 2325 3063 2384 τοῦ,
3095 2321 3255 2390 μονὰς
3295 2316 3379 2369 ἀπ’
3413 2321 3579 2390 ά·χῆς
3612 2322 3682 2379 εἰς

301 2403 486 2459 δυάδα
513 2407 786 2464 κινηθεῖσα
813 2409 978 2479 μέχρι
1002 2402 1219 2479 τριάδος
1250 2405 1381 2464 ἐστί.
1421 2407 1628 2462 Umtas
1658 2421 1694 2461 a
1719 2409 2020 2476 principio
2054 2409 2072 2462 ἱ

1913 2409 2020 2476 ipio
2054 2409 2116 2462 in
2151 2407 2452 2462 binarium
2488 2413 2670 2470 mota,
2705 2409 2767 2462 in
2803 2408 3070 2463 ternario
3099 2407 3380 2463 consedit.
3422 2407 3632 2478 Incipit
3661 2410 3684 2455 ξ

304 2495 493 2550 Πολλοί
536 2499 639 2567 μὴν
667 2515 755 2547 χαι
786 2494 930 2547 ἆλλοί
958 2504 1057 2546 τῶν
1089 2495 1266 2568 φίλων,
1323 2518 1361 2547 ω
1393 2497 1638 2553 θειστάτη
1685 2516 1775 2548 και
1826 2495 2231 2569 σεϐασμιωτάτη
2278 2496 2492 2569 κεφαλὴ,
2544 2501 2618 2558 είς
2641 2496 2824 2568 λόγους
2871 2496 3028 2549 εῆιθεῖν
3074 2497 3208 2570 ἡμᾶς
3255 2499 3682 2569 κατηνάγκασαν.

303 2587 408 2643 Ms.
437 2584 499 2640 in
527 2583 674 2640 bibl.
704 2584 991 2642 Palatina.

308 2726 386 2766 ex
414 2724 550 2782 mea
587 2708 952 2782 bibliotheca
986 2708 1352 2782 postliminio
1409 2709 1714 2764 eductum.
1760 2712 1970 2782 Reper-
2030 2715 2086 2766 Β.
2120 2710 2287 2782 publ.
2322 2711 2454 2766 cod.
2489 2714 2647 2777 3041,
2681 2727 2740 2766 n.
2787 2717 2836 2766 5.
2881 2713 3019 2777 (sec.
3053 2710 3237 2769 Catal.
3270 2711 3446 2767 codd.
3479 2710 3684 2779 Paris);

311 2786 440 2862 tum
470 2781 633 2862 olim“
654 2779 952 2862 in_Galata
982 2779 1148 2850 (Pera
1179 2779 1914 2862 vulgo)_redemptumque
1934 2796 1970 2836 a
2026 2779 2257 2851 Georgii
2289 2789 2527 2862 {xci-op,
2558 2784 2720 2862 Hist:
2757 2783 2944 2862 dedt'z's
2975 2798 3107 2862 quae
3131 2783 3509 2862 post-ur_bem
3540 2797 3686 2862 cap-

310 2852 564 2923 Georgio
597 2853 1009 2923 Cantacuzeno
1041 2867 1110 2906 ex
1141 2851 1312 2923 cujus
1344 2852 1496 2906 libro
1546 2851 1970 2923 apographum
2027 2861 2147 2909 tam
2180 2851 2548 2910 acciderunt.
2576 2885 2646 2892 ——
2677 2853 2947 2912 Venetiis.
2980 2851 3039 2906 in
3076 2854 3210 2909 cod.
3248 2854 3518 2909 Naniano
3559 2857 3680 2922 154,

311 2922 740 2996 transcriptum
764 2922 872 2976 fuit
892 2921 1415 2996 manuTheodosii
1439 2921 1968 2996 Zygomal_te:Nau-
2027 2941 2082 2979 n.

1915 2939 1968 2977 1-
2027 2941 2085 2979 n.
2127 2928 2210 2990 14,
2258 2927 2486 2989 Georgii
2529 2925 2754 2996 μεγάλου
2803 2924 3094 2995 λογοθέτου,
3148 2933 3240 2976 τοῦ
3281 2921 3686 2996 κἈκροπο).ιτου,

312 2993 418 3066 plii
449 3008 520 3047 ex
551 2994 835 3066 petitione
866 2993 1096 3066 domini
1128 2993 1582 3066 GeorgiiAfratris
1618 2994 1734 3048 mei
1778 2995 1969 3066 P.M..

313 3063 418 3136 qui
447 3063 750 3136 auctorem
781 3064 948 3136 itlum
970 3064 1124 3118 inter
1153 3063 1302 3119 alios
1351 3063 1516 3136 Cpoli
1565 3065 1971 3136 superioribus

315 3135 492 3208 annis
536 3135 745 3208 attulit.
800 3135 902 3208 Hic
949 3151 1086 3189 cum
1125 3151 1287 3208 a_me
1332 3135 1585 3191 exercitii
1630 3135 1819 3204 gratia
1864 3151 1972 3208 pro

316 3206 470 3262 meis
503 3205 729 3260 Viribus
761 3206 960 3260 Latine
1011 3205 1336 3260 translatus
1389 3213 1561 3270 esset,
1614 3208 1713 3261 vix
1770 3205 1972 3262 tamen

316 3276 632 3332 videbatur
663 3277 915 3332 idoneus
938 3277 1042 3348 qui
1073 3292 1178 3348 per
1206 3277 1474 3332 virorum
1506 3293 1613 3333 ora
1641 3277 1971 3348 oculosque

315 3348 611 3403 volitaret.
645 3349 844 3403 Versio
876 3348 1042 3402 rudis
1073 3353 1198 3404 erat
1228 3353 1285 3403 et
1305 3350 1581 3404 nondum
1624 3349 1929 3418 recognita
1957 3367 1969 3416 ;

321 3418 631 3490 exemplar
657 3420 803 3490 (quo
841 3421 1020 3490 unico
1071 3419 1160 3473 usi
1188 3427 1439 3490 _sumus)
1486 3420 1564 3475 ita
1601 3425 1969 3490 corruptum,

319 3495 406 3546 tot
435 3488 667 3562 lacunis
693 3488 750 3545 et
778 3489 1030 3562 maculis
1059 3488 1392 3561 oppletum,
1426 3488 1548 3546 tam
1592 3488 1851 3562 denique
1896 3488 1974 3546 ab

319 3561 488 3617 omni
536 3565 703 3632 parte
748 3560 927 3634 culpa
963 3560 1354 3634 amanuensis
1397 3562 1524 3633 (qui
1574 3567 1631 3616 et
1678 3560 1818 3634 ipse
1850 3578 1977 3618 cor-

319 3637 498 3704 rupto
529 3631 861 3712 exemplari
888 3648 1041 3712 usus
1075 3634 1225 3712 erat)
1246 3631 1544 3712 vitiosum,
1574 3639 1637 3688 ut
1658 3631 1974 3712 mihil_mi-

320 3703 438 3758 nuis
469 3719 657 3776 quam
690 3703 939 3776 historia
970 3703 1174 3774 aliqua
1203 3703 1342 3776 inde
1382 3703 1512 3758 elici
1545 3720 1722 3776 posse
1753 3704 1978 3759 videre-

327 3783 436 3831 tur.
467 3774 594 3829 Non
617 3775 892 3839 mentior,
916 3774 1099 3829 lector
1129 3793 1140 3828 :
1176 3774 1254 3829 ad
1276 3776 1509 3844 singula
1533 3774 1976 3912 propemogum

327 3845 511 3901 verba
533 3844 984 3900 subsistendum
1009 3844 1154 3900 mihi
1175 3845 1283 3900 fuit
1304 3852 1359 3902 et
1380 3846 1798 3901 divinandum.
1878 3848 1976 3901 uid

322 3845 511 3901 verba
533 3844 984 3900 subsistendum
1009 3844 1154 3900 mihi
1175 3845 1283 3900 fuit
1304 3852 1359 3902 et
1380 3844 1798 3901 divinandum.
1825 3844 1978 3902 Ouid

323 3918 537 3989 quaeris
553 3915 843 3987 amplius?
873 3915 1019 3989 fregi
1042 3916 1318 3985 glaciem,
1341 3918 1544 3989 quoad
1560 3918 1746 3989 potui,
1777 3925 1977 3974 aucto-

323 3987 452 4044 rem
474 3987 740 4043 lacerum
762 3987 1160 4058 mutilumque
1188 3987 1450 4059 sepos’ui,
1476 3993 1540 4043 ut
1561 3987 1792 4044 meliori
1828 3995 1977 4044 tem-

369 4059 457 4116 ori
508 4065 931 4115 reservaretur.
982 4059 1099 4113 Sed
1147 4075 1286 4113 cum
1359 4062 1405 4113 J.
1463 4061 1756 4115 Meursius
1810 4067 1867 4115 et
1919 4063 1974 4115 P.

370 4131 673 4197 criverius,
702 4130 1012 4202 geminum
1054 4136 1110 4185 et
1146 4130 1616 4202 incomparabile
1657 4131 1980 4188 saeculino-

330 4201 429 4257 stri
460 4202 830 4273 eruditorum
847 4201 1047 4273 jubar,
1096 4201 1547 4273 operam’suam
1601 4203 1663 4257 in
1707 4204 1819 4258 hoc
1870 4219 1980 4257 au-

329 4278 488 4328 ctore
521 4271 841 4345 liberaliter
870 4271 1206 4345 otierentés,
1229 4289 1352 4328 non
1384 4290 1516 4329 esse
1540 4275 1981 4345 procrastinan-

329 4345 477 4417 dum
504 4344 861 4407 dictitarent,
888 4344 1101 4417 accidit
1130 4345 1332 4400 nescio
1356 4361 1479 4417 quo
1523 4344 1705 4400 modo
1766 4357 1835 4400 ut
1892 4346 1981 4399 hic

327 4416 478 4472 liber
501 4430 622 4471 una
654 4431 791 4469 cum
820 4416 1089 4470 versione
1121 4431 1255 4471 mea
1282 4422 1338 4471 et
1375 4416 1540 4472 notis
1593 4417 1920 4486 nonnullis,
1951 4432 1982 4472 e

329 4487 613 4543 manibus
635 4487 780 4541 mihi
822 4491 1174 4557 prmreptus,
1207 4489 1381 4559 quasi
1422 4487 1732 4543 abortivus
1776 4495 1983 4559 partus

332 4564 468 4615 ante
510 4565 748 4629 tempus
789 4564 1151 4626 nasceretur,
1194 4559 1274 4614 ita
1324 4565 1525 4614 tamen
1566 4565 1629 4614 ut
1675 4560 1855 4614 iidem
1902 4559 1983 4614 illi

377 4646 485 4702 uos
511 4630 632 4702 dixi
655 4630 889 4702 auctori
902 4631 1041 4684 huic
1064 4631 1416 4702 corrigendo
1445 4647 1567 4686 non
1591 4646 1806 4702 parum
1834 4631 1984 4685 lucis

377 4646 485 4686 uos
511 4646 632 4684 αλιι
655 4646 881 4684 aucrori
902 4646 1041 4684 nnic
1064 4646 1416 4700 corrigendo
1445 4647 1567 4686 non
1591 4646 1806 4702 parum
1834 4646 1983 4685 IIICIS

330 4646 622 4767 geberint,
669 4699 1052 4756 dilﬁcultates
1101 4701 1392 4772 plurimas
1450 4708 1506 4756 et
1543 4702 1983 4758 inextricabiles

331 4789 560 4829 errores
593 4772 998 4843 explicuerint.
1023 4775 1107 4827 Tu
1129 4773 1384 4842 interim,
1410 4774 1599 4829 amice
1616 4773 1818 4841 lector,
1862 4779 1984 4828 tan-

330 4845 406 4900 tis
419 4843 870 4899 difficultatibus
888 4843 1276 4899 consideratis
1295 4845 1456 4899 hunc
1485 4844 1757 4900 laborem
1781 4861 1984 4900 meum

334 4916 724 4989 studiumque
746 4915 1174 4989 promovendas
1196 4916 1278 4989 rei
1298 4916 1593 4972 historicas
1613 4933 1685 4972 ex
1707 4917 1985 4989 aequitate

333 4987 559 5060 metire,
594 4992 659 5060 et
678 4986 791 5042 hac
813 4990 943 5058 ipsa
971 4987 1340 5060 diligentiam
1385 5004 1584 5044 meam
1632 4986 1981 5060 compensa,

333 5059 489 5131 aequi
518 5057 783 5131 bonique
815 5058 1133 5131 consulens
1154 5060 1404 5130 primam
1426 5060 1583 5115 hanc
1605 5057 1836 5130 Georgii
1879 5063 1982 5116 Lo-

333 5129 587 5202 gothetae
631 5129 955 5185 editionem
985 5147 996 5184 :
1030 5130 1093 5185 in
1122 5129 1361 5202 magnis
1394 5132 1555 5186 enim
1584 5129 1843 5188 voluisse
1896 5136 1988 5188 sat

333 5201 468 5258 est:
522 5203 936 5276 recognitums
989 5201 1308 5276 eumdem,
1350 5204 1400 5276 si
1452 5205 1571 5259 Deo
1618 5203 1832 5276 placet,
1885 5203 1986 5259 ali-

331 5272 604 5400 quando,
643 5279 701 5329 et
737 5272 1213 5354 luculentiorem,
1265 5274 1314 5329 si
1351 5274 1471 5331 vita
1520 5272 1825 5346 sup—ersit,’
1852 5291 1986 5346 pro-

379 5351 643 5400 ucturus.
686 5347 923 5400 Interim
960 5350 1086 5400 esto
1135 5349 1450 5400 contentus
1501 5346 1616 5400 hoc
1653 5348 1896 5400 Catone.
1933 5350 1986 5400 et

379 5351 643 5418 ucturus.
686 5344 923 5401 Interim
960 5350 1086 5401 esto
1135 5349 1450 5402 contentus
1501 5344 1616 5403 hoc
1653 5344 1896 5418 Catone,
1933 5350 1992 5402 et

331 5415 524 5473 vale.»

406 5488 611 5563 (a)AAn
644 5487 695 5542 is
721 5491 821 5563 _est
846 5487 1340 5563 cod.,Vaticanus,
1375 5489 1480 5563 qui
1515 5496 1885 5548 memoratur
1929 5491 1992 5546 in

333 5558 672 5627 MOntfauc.,
706 5561 777 5615 Β.
831 5558 1175 5618 άὶὺι.⁷ηιγηε.
1226 5567 1272 5629 1,
1327 5558 1499 5634 ρ’,6,
1554 5563 1876 5630 B?—Paris,
1931 5564 1992 5619 in

2026 3001 2230 3069 ποίημα
2285 2995 2535 3069 χρονικ-ὁνν
2597 2997 2846 3069 ἡμιτςξ).ές.
2922 2995 3394 3069 Strategopulus,
3463 2995 3688 3069 codicis

2029 3066 2303 3138 scriptor,
2331 3066 2414 3121 "in
2455 3067 2572 3121 fine
2606 3066 2772 3122 addit
2806 3086 2817 3122 :
2847 3071 2916 3118 Τὸ
2966 3071 3131 3139 παρὸν
3180 3066 3246 3126 εὶς
3296 3066 3495 3136 γαλανα
3544 3067 3688 3139 εὖρον

2028 3142 2170 3211 παρὰ
2199 3141 2270 3189 τῶ
2297 3140 2639 3209 εὐγενιστάτῳ
2689 3141 2912 3211 ἄρχοντι
2941 3143 3105 3211 κυρίῳ
3167 3139 3422 3209 ’Λντωνιῳ
3452 3147 3524 3208 τῷ
3559 3144 3688 3190 Καν-

2029 3209 2362 3279 ηαέιουζηνῷ,
2395 3215 2484 3261 καὶ
2530 3210 2581 3270 ἐξ
2632 3209 2788 3260 αὐτοῦ
2828 3209 3132 3282 immuta
3181 3213 3310 3281 μετὰ
3358 3212 3532 3268 πάσης
3566 3228 3689 3282 προ-

2031 3283 2221 3352 θυμίας
2270 3289 2446 3337 Tauro.
2501 3283 2583 3350 Τῷ
2642 3284 2742 3332 άπο
2800 3288 2894 3342 τῆς
2964 3288 3197 3354 Χριστοῦ
3256 3285 3536 3352 γεννήσεως
3579 3283 3678 3354 ἔτερ

2029 3350 2185 3427 nos;
2218 3351 2426 3427 ἐγομηυι
2481 3356 2810 3427 Φευρουαρίοξ
2859 3351 2965 3427 δεηδ.
3012 3350 3689 3427 "I‘este_auctore_Catal.

2030 3422 2204 3494 codd.
2241 3422 2488 3478 Nanian.
2519 3422 2588 3494 p.‘
2612 3422 2734 3477 347.
2783 3423 2897 3478 Sed
2927 3425 2987 3477 in
3036 3423 3243 3494 primis
3271 3422 3573 3478 notandus
3599 3427 3691 3478 est

2032 3493 2224 3565 codex
2255 3493 2594 3550 Vindobo’n.
2625 3494 2866 3563 Caesar,
2911 3493 3084 3565 cujus
3123 3493 3370 3565 quidem
3418 3493 3693 3549 meminit

2029 3564 2250 3621 Nessel.
2293 3565 2352 3620 in
2386 3565 2566 3621 Catal.
2603 3565 2749 3620 bibl.
2786 3564 3003 3620 Caesar.
3040 3564 3177 3636 ms.)
3206 3581 3269 3619 n.
3302 3568 3416 3636 768,
3448 3569 3501 3632 2,
3536 3570 3690 3636 part.

2030 3653 2087 3692 v.
2118 3652 2254 3708 pag.
2300 3640 2417 3706 134,
2454 3636 2564 3708 sed,
2591 3635 2935 3708 diligentius
2964 3635 3508 3708 intelligentiusque
3539 3635 3692 3708 :des:

2032 3653 2087 3692 v.
2160 3653 2254 3706 ag.
2300 3653 2417 3706 134,
2454 3653 2558 3690 sea
2591 3653 2935 3705 autgenuus
2964 3653 3508 3708 inteingennusque
3554 3653 3692 3690 aes-

2032 3653 2204 3762 crigit
2251 3724 2390 3762 eum
2443 3707 2736 3762 Kollarius
2780 3707 2841 3760 in
2905 3707 3216 3778 Supplem.
3266 3708 3344 3762 ad
3395 3706 3694 3778 Lambecii

2033 3782 2366 3835 Comment.
2391 3782 2581 3850 p.643,
2615 3778 2714 3832 ubi
2736 3777 3083 3833 numeratur
3103 3779 3292 3833 codex
3315 3779 3436 3833 104.
3476 3778 3539 3832 Id
3567 3777 3695 3850 qui-

2033 3850 2165 3905 dem
2197 3865 2350 3920 opus
2381 3849 2440 3904 in
2471 3849 2568 3904 illo
2600 3850 2804 3904 codice
2827 3855 2987 3905 caret
3013 3852 3272 3904 auctoris
3312 3849 3603 3916 nomine,’
3633 3853 3690 3905 et

2032 3921 2389 3993 Tengnagel,
2421 3920 2707 3993 tribuerat
2733 3936 2872 3993 eum
2897 3922 3158 3993 Rrwtori
3206 3920 3470 3989 Greciae,
3509 3936 3696 3993 quem

2037 3995 2107 4047 Le
2117 3991 2428 4047 unclavius
2445 3991 2803 4046 multislocis
2817 3992 3023 4046 laudat
3037 3994 3094 4046 in
3113 3991 3696 4048 PandecleHistorias

2038 4066 2316 4136 Turonas,
2337 4079 2444 4118 nec
2461 4064 2849 4136 immerito.v.
2878 4063 3103 4136 Fabric.
3131 4063 3297 4136 initio
3317 4064 3497 4136 hujus
3516 4078 3690 4135 para-

2037 4135 2378 4205 graphi.Est
2397 4135 2558 4189 enim
2577 4134 2790 4203 Georg.
2814 4135 3178 4205 Acropolita,
3201 4135 3375 4205 cujus
3396 4134 3697 4204 integrum

2036 4222 2189 4278 opus
2211 4205 2560 4278 historicum
2588 4207 2852 4261 continet
2883 4206 2979 4278 hic
3010 4207 3224 4278 codex,
3253 4223 3330 4278 ex
3352 4222 3474 4278 quo
3501 4206 3698 4278 Allatii

2038 4275 2238 4347 editio,
2269 4277 2424 4331 vitiis
2455 4277 2738 4332 laborans
2785 4281 2843 4332 et
2894 4277 2953 4332 in
2997 4275 3116 4332 ﬁne
3164 4275 3411 4332 mutilus
3458 4277 3702 4348 (desunt

2039 4348 2219 4420 enim,
2252 4349 2341 4402 vel
2382 4349 2613 4403 incuria
2643 4348 2858 4415 Allatii,
2896 4348 2989 4402 vel
3017 4349 3218 4420 potius
3253 4364 3578 4420 operarum
3612 4349 3700 4404 in-

2039 4419 2200 4485 ertia,
2235 4420 2346 4474 tria
2379 4421 2589 4474 ultima
2615 4421 2832 4491 capita,
2857 4423 2945 4484 86,
2979 4419 3066 4484 87,
3094 4423 3202 4490 88),
3231 4419 3479 4475 miritice
3506 4423 3702 4491 potest

2039 4491 2349 4545 emendari
2375 4506 2444 4545 ac
2482 4490 2854 4561 locupletari.
2899 4491 3126 4561 (HARL).

2112 4562 2189 4629 (b)
2258 4562 2548 4634 Inscripta
2616 4568 2706 4634 est
2758 4561 2939 4617 editio
3005 4568 3140 4634 Γεωρ

3145 4567 3264 4633 γίου
3294 4595 3436 4603 ——
3467 4562 3700 4632 Georgii

2041 4633 2392 4704 Acropolitte
2420 4633 2626 4703 magni
2647 4633 2963 4701 logothette
2997 4633 3247 4689 Historia
3275 4647 3296 4704 ;
3322 4634 3499 4689 Jeolis
3524 4635 3700 4689 Chro-

2041 4705 2376 4777 nographia
2397 4704 2850 4777 compendiaria
2878 4720 2890 4770 ;
2923 4711 2985 4777 e_t_
3002 4707 3251 4760 Joannis
3271 4706 3496 4761 Canani
3518 4708 3703 4761 Narra

2042 4775 2121 4848 tio
2153 4776 2226 4848 de
2249 4776 2404 4832 bello
2465 4775 2588 4846 CPX,
2645 4779 2843 4848 Leone
2878 4775 3116 4848 ,Allatio
3180 4777 3521 4848 interprete,
3565 4793 3704 4833 cum

2042 4847 2314 4917 ejusdem
2335 4848 2491 4902 notis
2517 4854 2573 4902 et
2598 4847 2890 4903 Theodori
2913 4848 3127 4904 Douzae
3148 4847 3702 4904 observationibus.

2041 4919 2300 4974 Accessit
2340 4919 2599 4992 Diatriba
2625 4917 2698 4975 de
2720 4919 3124 4992 _Georgiorum
3194 4920 3538 4992 scriptis.-——
3593 4923 3703 4976 Re-

2043 5006 2190 5046 cusa
2226 4994 2314 5046 est
2352 4991 2479 5046 haec
2518 4991 2658 5054 edit,
2716 4990 2776 5046 in
2815 5006 3065 5062 corpore
3106 4990 3364 5061 Byzan‘t.
3418 4993 3704 5062 scriptor.

2041 5062 2248 5117 Venet.
2275 5065 2430 5124 I729,
2454 5062 2578 5127 £01.,
2605 5068 2750 5119 tom.
2778 5063 2886 5127 XII,
2907 5068 3059 5134 part.
3086 5079 3163 5118 ni.
3191 5066 3415 5131 (ΒΑΜ.)

2114 5133 2193 5205 (c)
2256 5135 2316 5188 P.
2342 5139 2407 5190 63
2439 5134 2719 5207 editionis
2747 5150 2781 5189 a
2814 5133 3300 5207 me’curataaubi
3329 5136 3390 5190 in
3440 5135 3567 5192 ima
3591 5150 3702 5207 pa-

2044 5205 2186 5275 gina
2208 5205 2623 5332 ttypcéggaphus
2645 5221 2753 5278 pro
2774 5205 2954 5263 Paris.
2981 5207 3141 5273 1651,
3166 5205 3292 5275 fol.,
3319 5222 3428 5279 per
3442 5205 3709 5265 errorem

2044 5292 2223 5332 nosui
2435 5320 2448 5332 .

2088 5283 2248 5332 osuit
2286 5283 2448 5335 1615.

2043 5283 2587 5476 ἒῗᾶἒὲἒὲξέἓὸϋῑεε
2612 5349 2730 5423 ipsi
2760 5353 2964 5408 tamen
2990 5348 3193 5406 tribuit
3217 5350 3464 5418 Allatus,
3488 5367 3550 5424 p.
3579 5353 3705 5420 368,

2282 5437 2452 5476 rans.

2104 5436 2133 5477 e
2161 5435 2452 5492 ueorgus.

2119 5494 2192 5564 (e)
2228 5492 2500 5563 Allatius,
2530 5495 2616 5551 De
2647 5495 2935 5566 Georgiis,
2959 5510 3024 5567 p.
3077 5498 3200 5551 356.

407 5685 488 5769 (1)
518 5689 582 5742 In
599 5685 729 5742 haec
748 5701 908 5769 nova
923 5687 1275 5769 Acropolitas
1302 5687 1887 5769 editioneduplicem
1905 5689 2214 5769 noluimus
2238 5697 2294 5750 et
2317 5693 2596 5752 eamdem
2614 5693 2758 5766 fere,
2775 5710 2910 5769 quae
2937 5693 2999 5752 in
3035 5691 3365 5769 Parisiensi
3401 5691 3708 5769 ingeritur,

336 5761 530 5818 textus
539 5760 951 5816 recensionem
963 5760 1408 5857 admittere,sed
1423 5760 1787 5821 Allatian'um
1803 5764 2172 5840 exhibemus,
2192 5769 2453 5826 Dousani
2469 5771 2557 5841 (Β)
2580 5760 2902 5857 pracipuis
2917 5768 3367 5857 varietetatibus
3384 5760 3708 5828 adnotatis.

2813 5842 2965 5898 Emr.
3001 5843 3176 5900 Pun.
