4484 6446
841 423 943 477 963
2101 417 2451 475 GEORGIUS
2490 415 2945 474 ACROPOLITA.
4088 421 4196 474 964

826 542 1211 599 Precationes
1250 540 1381 609 XIII,
1424 555 1577 611 quas
1625 539 1885 595 Michaeli
1928 538 2280 608 Palaeologo,
2325 540 2538 594 urbem
2588 540 2794 610 Cpolin
2855 539 3118 605 intranti,
3161 555 3223 594 se
3289 540 3708 610 composuisse
3763 545 3986 607 narrat,
4047 544 4188 597 c.87

826 633 1111 687 Historias
1137 635 1191 684 et
1223 630 1425 684 Oratio
1447 629 1519 684 de
1547 635 1779 696 recepta
1809 629 1984 696 Cpoli
2014 628 2186 697 cujus
2219 635 2642 697 argumentum
2675 645 2804 700 cap.
2839 631 2907 682 89
2941 628 3136 695 refert,
3175 629 3622 684 interciderunt.
3659 629 3970 685 Addantur
4003 648 4015 683 :

902 721 1107 776 Oratio
1128 720 1189 773 in
1213 719 1500 786 templum
1532 717 1859 772 Dominicar
1897 718 2347 772 resw‘rectionis
2379 717 2871 782 mstauraiumjn
2912 718 3211 786 cod.3088,
3255 717 3622 788 publ.Paris.
3665 719 4003 788 Logothetav
4031 720 4186 774 dom.

829 809 1067 878 Georgii
1081 808 1440 875 Acropotita
1460 806 1702 862 iambici
1732 821 1935 862 versus
1969 805 2139 872 LXIII,
2163 806 2264 876 qui
2314 811 2452 860 sunt
2497 806 2863 862 Praefationis
2926 806 3060 861 loco
3114 806 3175 860 in
3223 805 3514 861 Theodori
3575 806 3841 861 Lascaris
3882 806 4186 875 Epistolas.

824 900 971 952 Tum
1009 895 1277 952 Lascaris
1307 895 1569 966 epistolas
1599 897 1688 961 38,
1722 894 1798 949 ad
1834 909 2123 962 magnum
2151 892 2582 964 philosophum
2618 895 2780 948 Dom-
2817 895 3030 964 Georg.
3071 895 3486 962 Acropolitam
3529 899 3664 949 ante
3692 895 4003 950 Marcionis
4032 894 4190 965 lega-

826 987 1052 1042 tionem
1085 985 1162 1040 ad
1192 985 1487 1040 Joannem
1520 983 1771 1049 Ducam,
1814 983 2140 1052 Florentiae,
2163 982 2223 1037 in
2255 983 2386 1037 cod.
2422 984 2695 1048 Laurent,
2721 982 2925 1039 Medic.
2958 988 3046 1049 35,
3083 982 3229 1054 plut.
3265 985 3330 1037 59
3375 998 3561 1054 quem
3609 982 3858 1054 copiose
3919 987 4190 1038 recenset

826 1073 1082 1130 Bandin.
1116 1074 1177 1127 in
1209 1078 1305 1127 cat
1338 1114 1349 1127 .
1384 1072 1562 1127 codd.
1587 1072 1686 1127 Gr.
1725 1073 1789 1125 Η.
1820 1087 1879 1142 p.
1918 1075 2019 1125 555
2054 1087 2145 1141 sq.

900 1163 1203 1233 Ἐπιτάφιος
1241 1169 1313 1230 τῷ
1349 1157 1576 1232 ἀοιδίμῳ
1619 1158 1837 1232 βασιλεῖ
1859 1167 1998 1230 κνρῷ
2043 1158 2250 1230 Ἰωάννῃ
2327 1167 2399 1230 τῲ
2464 1162 2633 1232 Δούκᾳ

2464 1162 2633 1232 Δούκᾳ
2697 1162 2758 1216 in
2821 1160 2959 1217 cod.
3028 1161 3298 1218 Naniano
3363 1161 3488 1228 281,
3553 1175 3613 1216 n.
3684 1162 3804 1217 109.
3873 1162 3947 1220 V:
3999 1161 4185 1226 Catal,

825 1251 1004 1308 codd.
1027 1252 1120 1307 Gr.
1154 1254 1325 1320 Nan.,
1359 1265 1498 1322 pag.
1539 1253 1662 1304 474.

894 1338 1396 1413 Ερισηροσκώληκος
1437 1339 1673 1408 Georgii
1726 1337 2060 1407 Logothetw
2123 1336 2512 1408 interpolator
2569 1337 2644 1392 de

2422 1340 2512 1392 tor
2569 1337 2644 1392 de
2698 1354 2759 1393 se
2817 1340 2995 1411 ipso:
3063 1339 3365 1414 Παραϐολαὶ
3431 1341 3566 1391 κατὰ
3626 1341 3859 1414 Μάρκον,
3895 1339 4189 1407 Leidae,in

822 1427 971 1494 bibl,
1015 1428 1185 1500 publ.
1217 1427 1367 1483 inter
1396 1425 1574 1482 codd.
1608 1426 1881 1481 Vossian.
1917 1425 2058 1479 Vide
2083 1424 2262 1481 Catal.
2319 1424 2476 1480 illius
2500 1425 2670 1491 bibl.,
2705 1442 2764 1498 p.
2800 1432 2923 1493 402,
2953 1444 3013 1484 n.
3067 1434 3156 1487 17.

893 1517 1155 1588 Gregorii
1177 1515 1526 1571 Nazianzeni
1555 1516 1852 1570 orationes
1882 1519 1966 1580 16,
2001 1530 2140 1568 cum
2166 1513 2469 1584 perpetuis
2509 1514 2770 1586 scholiis,
2801 1516 2860 1570 in
2893 1523 3117 1574 catenas
3146 1517 3399 1573 modum
3429 1515 3985 1587 contextis,Georgii
4010 1519 4194 1573 Acro-

815 1607 1047 1676 politae,
1073 1605 1332 1661 Maximi
1359 1605 1715 1674 confessoris
1738 1608 1790 1659 et
1843 1602 2063 1658 Basilii
2111 1603 2363 1667 minimi,
2407 1605 2689 1658 Caesarea:
2744 1604 3030 1677 episcopi,
3082 1607 3216 1662 cod.
3266 1606 3557 1670 Naniano,
3609 1606 3744 1659 cod.
3774 1608 3865 1661 64.
3913 1605 4048 1660 Vid.
4086 1608 4189 1662 Ca-

821 1694 919 1751 tal.
951 1693 1127 1751 codd.
1162 1697 1254 1750 Gr.
1289 1697 1434 1750 Nan.
1480 1708 1620 1765 pag.
1660 1695 1776 1748 H4.
1809 1690 1960 1748 Add.
1989 1690 2145 1746 infra
2174 1690 2248 1746 de
2302 1690 2583 1760 Gregorio
2611 1693 2881 1748 Nazianz.
2941 1695 3044 1751 lib.
3101 1712 3155 1762 ν,
3191 1711 3325 1767 cap.
3381 1698 3465 1761 13,
3495 1691 3612 1748 vol.
3665 1692 3772 1760 VlI,
3807 1708 3866 1766 p.
3893 1694 3994 1749 540
4045 1694 4190 1750 edit.

818 1787 933 1841 vet.
1005 1788 1177 1840 ΒΑΜ..

1171 1872 1356 1929 Iedex
1379 1872 1790 1941 episcoporum
1819 1875 1874 1927 et
1900 1871 2159 1926 aliorum
2183 1869 2602 1940 quorumdam,
2635 1871 2700 1926 in
2733 1871 3102 1942 Acropolita:
3122 1873 3396 1930 Historia
3433 1876 3918 1927 memoratorum.

1817 1962 1878 2030 (Ν
1889 1958 2107 2014 umeris
2123 1958 2339 2030 capita,
2373 1973 2496 2015 non
2526 1960 2763 2030 paginae
2795 1961 3234 2036 designantur.)

887 2050 1228 2124 Acropolita
1257 2050 1331 2106 de
1363 2066 1425 2105 se
1455 2063 1586 2121 cap.
1620 2050 1709 2119 27,
1743 2051 1833 2116 29,
1865 2050 1952 2117 3'2,
2009 2051 2096 2114 39,
2148 2050 2218 2098 Τὸ
2242 2050 2386 2117 ⁴γένος
2428 2051 2658 2120 περιφανὶ

2428 2051 2720 2120 περνφανὲς,
2771 2066 2959 2120 genus
3011 2053 3140 2124 ejus
3183 2053 3410 2112 illustre
3436 2061 3525 2115 32.
3561 2055 3917 2130 Imperatori
3944 2052 4189 2125 junctus

815 2140 1122 2207 afﬁnitate,
1155 2145 1242 2196 70.
1267 2137 1666 2212 Imperatoris,
1699 2137 1946 2193 Joannis
2004 2139 2282 2198 Vatatzas,
2319 2138 2563 2191 nomine
2591 2137 2871 2208 epistolas
2919 2141 3155 2214 scripsit
3181 2147 3238 2198 et
3290 2144 3747 2216 imperatorium
3798 2141 4059 2212 sigillum
4080 2139 4189 2194 im-

810 2231 1049 2304 pressit,
1080 2232 1167 2296 44,
1200 2232 1288 2284 49.
1317 2227 1506 2282 Judex
1521 2227 1596 2281 de
1627 2225 1792 2281 Mich.
1824 2227 2149 2290 Comneno,
2175 2227 2263 2279 50.
2293 2227 2355 2279 In
2381 2225 2672 2282 Theodori
2699 2229 2980 2294 Junioris,
3008 2247 3192 2303 quem
3216 2232 3275 2288 in
3300 2233 3497 2305 logica
3540 2233 3860 2307 disciplina
3923 2231 4194 2286 institue-

810 2324 922 2389 rat,
946 2318 1423 2388 indignationem
1453 2314 1678 2381 incidit,
1713 2318 1802 2370 63.
1837 2314 1898 2368 Ei
1922 2313 2358 2380 reconciliatur,
2401 2313 2545 2369 ibid.
2581 2318 2820 2373 'Preetor
2878 2318 3211 2377 Occidentis
3257 2325 3638 2393 constitutus,
3674 2327 3761 2395 66,
3813 2326 3902 2390 67,
3933 2323 4020 2386 68,
4087 2320 4180 2373 70-

783 2407 1149 2479 ,ΑΜὶοΙλδθΙθ
1175 2405 1460 2479 perduelli
1495 2409 1725 2477 captus,
1757 2407 1846 2470 72,
1885 2406 1953 2457 79
1978 2407 2064 2458 83.
2096 2402 2348 2472 Legatus
2375 2401 2452 2458 ad
2485 2405 2923 2477 Constantium,
2952 2408 3344 2478 Bulgarorum
3368 2413 3725 2484 principem,
3779 2413 3865 2466 84.
3920 2404 4187 2463 Michaeli

812 2500 1121 2554 Comneno
1142 2496 1502 2553 solemnium
1526 2509 1774 2568 precum
1796 2491 2387 2548 tredecimformulas
2421 2495 2877 2566 componitpost
2899 2503 3141 2570 captam
3166 2501 3397 2572 Cpolin,
3421 2505 3507 2557 87.
3528 2502 3823 2559 Orationis
3852 2499 3926 2556 de
3946 2501 4187 2568 recepta

813 2587 1017 2660 Copoli
1047 2589 1491 2657 argumentum,
1516 2585 1603 2639 89.
1630 2585 1819 2638 Duces
1852 2580 2228 2637 exercituum
2258 2596 2368 2637 nec
2395 2583 2644 2639 omnino
2692 2583 3034 2645 laudandos
3075 2588 3328 2663 judicat,
3403 2607 3515 2648 nec
3566 2588 4017 2665 vituperandos,
4077 2584 4185 2641 sed

811 2677 1018 2733 omnia
1040 2676 1141 2731 Dei
1161 2679 1311 2731 nutu
1331 2674 1480 2736 fieri,
1513 2675 1602 2739 44,
1627 2675 1718 2727 46.

879 2765 1256 2821 Andronicus
1283 2764 1647 2830 Comnenus,
1689 2759 1988 2815 Michaelis
2024 2759 2173 2830 imp.
2201 2757 2379 2828 ﬁlius,
2409 2761 2499 2815 89.

879 2854 1262 2910 Andronicus
1285 2851 1530 2918 Muzalo,
1563 2864 1825 2919 magnus
1846 2848 2235 2914 domesticus,
2270 2851 2357 2904 63.

878 2943 1277 3011 Andronicus,
1311 2941 1626 2998 Sardensis
1656 2939 1996 3010 episcopus,
2026 2941 2117 2995 84.

878 3035 1182 3100 Arsenius,
1215 3049 1246 3089 e
1267 3031 1573 3088 monacho
1599 3045 1723 3085 una
1752 3027 2137 3084 hebdomade
2168 3027 2482 3099 diaconus,
2509 3028 2792 3086 sacerdos
2841 3036 2898 3087 et
2955 3033 3318 3104 patriarcha,
3362 3040 3448 3092 53.
3473 3035 3854 3093 Theodorum
3877 3032 4183 3105 juniorem

805 3123 975 3191 ibid,
1008 3127 1066 3178 et
1092 3122 1260 3179 Mich.
1285 3123 1659 3178 Comnenum
1689 3123 1957 3188 coronat,
1991 3123 2082 3174 77.
2108 3116 2443 3189 Depositus,
2474 3119 2562 3172 84.
2589 3118 2922 3191 Nicephoro
2953 3123 3244 3180 exstincto
3269 3123 3485 3181 iterum
3515 3124 3845 3188 restitutus,
3868 3121 4016 3178 ibid.
4065 3117 4184 3175 Sed

806 3213 971 3287 Cpoli
987 3218 1228 3286 recepta
1249 3212 1490 3280 absens,
1517 3213 1604 3266 88.

875 3306 1074 3360 Aurea
1114 3301 1296 3370 Bulla,
1338 3317 1375 3358 a
1397 3303 1626 3357 Joanne
1654 3301 1818 3355 Duca
1846 3299 1996 3369 imp.
2022 3294 2511 3353 Melenicensibus
2542 3296 2705 3368 data,
2734 3301 2828 3356 44.
2860 3299 2987 3357 Alia
3006 3300 3324 3360 ﬁrmandis
3350 3301 3970 3362 Thessalonicensium
3991 3298 4172 3373 privi-

809 3391 1000 3465 legiis,
1031 3395 1122 3449 45.
2313 3445 2334 3463 δ

879 3480 1148 3539 Balduini
1168 3479 1314 3552 imp.
1371 3478 1661 3536 interfecti
1731 3481 1915 3550 caput
1964 3474 2180 3532 Joanni
2224 3474 2370 3546 regi,
2409 3490 2519 3548 pro
2580 3476 2821 3549 poculo,
2886 3483 2970 3535 13.
3027 3480 3210 3551 Regia
3273 3481 3533 3554 insignia
3593 3482 3759 3556 Cpoli
3809 3481 4010 3553 capta,
4087 3479 4178 3533 86.

876 3569 1297 3628 Constantinus
1327 3568 1650 3634 Cabasilas,
1675 3566 1948 3624 Achridis
1978 3563 2266 3634 Bulgariaa
2289 3565 2806 3640 archiepiscopus,
2829 3571 2918 3625 80.

873 3662 1132 3718 Joannes
1157 3662 1525 3725 Camaterus,
1543 3656 1890 3730 patriarcha
1911 3653 2104 3727 Cpol.,
2127 3668 2261 3726 cap.
2293 3657 2345 3709 6.

872 3750 1216 3822 Canipanus
1246 3743 1638 3809 δυσνούστατος
1669 3749 1806 3800 κατὰ
1830 3748 1918 3798 τὸν
1944 3745 2173 3816 κωμικὸν
2198 3742 2544 3816 (Aristoph.)
2573 3744 2618 3796 εἰ

1637 3770 1638 3802 1
1669 3749 1806 3800 κατὰ
1830 3748 1918 3798 τὸν
1944 3745 2173 3816 κωμικὸν
2198 3742 2544 3816 (Aristoph.)
2573 3744 2618 3796 εἰ
2653 3765 2741 3799 και
2790 3752 2863 3821 μὴ
2889 3748 3289 3823 κλεπτίστατος,
3319 3755 3408 3808 45.

875 3839 1239 3913 Chrysopus,
1261 3840 1400 3910 equi
1418 3852 1664 3903 nomen,
1690 3841 1780 3892 61.

873 3928 1275 3999 Constantius,
1293 3927 1765 4000 Mesopotamita,
1789 3922 2171 3997 metropolita
2199 3921 2764 3994 Thessalonicensis,
2796 3929 2885 3983 21.

873 4019 1158 4078 Cosmidii
1186 4018 1620 4076 monasterium
1643 4032 1830 4090 prope
1850 4017 2254 4079 Blachermas,
2297 4013 2384 4067 88.

873 4112 1028 4167 Crux
1051 4108 1440 4182 imperatoria
1477 4122 1515 4164 a
1543 4106 1810 4178 Bulgaris
1850 4112 2046 4180 capta,
2081 4110 2171 4165 11.

873 4203 1032 4276 Κύριε
1061 4198 1290 4264 ἐλέησον,
1325 4197 1547 4253 centies
1568 4195 1906 4269 repetitum,
1944 4200 2032 4253 88.

872 4289 1226 4360 Demetrius,
1260 4287 1551 4358 Bulgaria:
1571 4286 2090 4361 archiepiscopus,
2120 4289 2211 4346 21.
2231 4289 2548 4362 Αὐτόνομος,
2583 4285 2725 4342 ibid.
2759 4284 2958 4357 [Alius
2979 4285 3334 4360 Demetrius,
3361 4286 3655 4345 Theodori
3681 4285 3864 4355 ﬁlius,
3896 4283 4177 4358 despota,

801 4395 937 4454 cap.
975 4377 1094 4451 45.]

869 4472 976 4526 Per
999 4467 1271 4524 dulleum
1305 4469 1360 4523 et
1389 4465 1618 4521 ferrum
1648 4464 1918 4522 candens
1950 4466 2254 4538 purgatio,
2299 4471 2386 4524 50.
2428 4468 2524 4521 Διὰ
2555 4468 2640 4519 θαι

2428 4468 2524 4521 Διὰ
2555 4466 2773 4519 θανᾶτου
2827 4464 3078 4539 ἕγγελχος
3103 4480 3212 4538 per
3238 4466 3452 4524 mortis
3479 4468 3786 4525 intentatis
3812 4467 4177 4538 praesentem

798 4563 1073 4616 mentum
1097 4555 1375 4630 quaestio,
1409 4555 1552 4611 ibid.

870 4647 1170 4722 Ἐγκύκλιος
1194 4642 1498 4716 παίδευσις,
1525 4647 1614 4700 29.
1639 4646 2004 4718 Μαθημάτιων
2036 4651 2127 4700 καί
2152 4645 2451 4724 ὑψηλοτέρα
2469 4653 2568 4699 τῶν
2606 4645 2771 4717 λόγων
2805 4639 3104 4717 παίδευσις,
3152 4648 3240 4702 32.

868 4741 1109 4796 Festum
1135 4733 1698 4806 Transﬁgurationis
1734 4735 1968 4808 Christi,
2007 4740 2095 4793 63.

865 4827 1153 4898 Georgius
1164 4825 1347 4896 Clida,
1371 4824 1556 4896 Cyzici
1582 4825 1985 4898 metropolita,
2034 4828 2124 4883 88.

867 4919 1203 4975 Germanus
1231 4913 1594 4988 patriarcha,
1619 4917 1706 4983 33,
1729 4917 1817 4969 42.

867 5007 1163 5066 Gradibus
1193 5004 1272 5062 ad
1303 5002 1566 5060 Ecclesia
1587 5003 1903 5076 prohibitis
1935 5003 2244 5063 connubia
2265 5004 2728 5078 imperatoribus
2751 5004 3200 5078 permittuntur,
3225 5009 3312 5062 50.

867 5100 1162 5174 Γράμματα
1200 5094 1444 5170 ἐρωτικά,
1477 5096 1568 5149 68.

865 5185 1185 5261 Hyacinthi
1218 5182 1651 5241 monasterium
1674 5186 1757 5250 10,
1795 5186 1878 5255 18,
1899 5186 1988 5240 42.

864 5276 1272 5351 Imperatoriae
1312 5274 1542 5341 litterae,
1571 5273 1756 5329 rubro
1796 5275 2185 5346 consignatae,
2217 5272 2307 5341 26,
2378 5278 2466 5331 38.
2535 5277 2887 5348 Imperator,
2920 5278 3091 5331 scuto
3121 5273 3414 5345 insidens,
3450 5271 3880 5347 proclamatur,
3939 5272 4029 5340 53,
4081 5276 4178 5326 77.

866 5368 1055 5439 Irene,
1077 5365 1460 5440 imperatoris
1485 5379 1675 5434 soror,
1708 5379 1769 5419 1n
1796 5365 2134 5421 monastico
2157 5364 2366 5422 habitu
2393 5364 2660 5436 Eulogia,
2689 5369 2776 5422 86.

861 5460 1144 5522 Joannes,
1168 5453 1722 5526 Hierosolymorum
1750 5470 1873 5521 rex,
1887 5460 1974 5512 27.
1987 5458 2150 5512 Hunc
2171 5455 2475 5525 octoginta
2494 5471 2690 5514 annos
2705 5458 2916 5512 natum
2938 5457 2994 5510 et
3015 5453 3175 5512 mole
3193 5454 3460 5528 corporis
3474 5453 3826 5526 viribusque
3839 5451 4141 5524 insignem
4156 5495 4173 5520 ,

791 5547 937 5606 vidit
967 5553 1022 5604 et
1050 5548 1304 5603 miratus
1331 5550 1421 5601 est
1445 5545 1802 5618 Acropolita,
1845 5545 1990 5602 ibid.

861 5638 1232 5707 Joannicius,
1267 5636 1590 5709 episcopus
1619 5634 2178 5708 Philadelphiensis,
2221 5639 2310 5694 84.

860 5732 1120 5789 Joannes
1157 5730 1460 5794 Macrotes,
1491 5741 1615 5799 quo
1645 5724 1726 5782 ad
1754 5726 2036 5799 epistolas
2064 5727 2273 5800 magni
2297 5726 2590 5786 momenti
2615 5726 2968 5785 scribendas
3008 5742 3152 5784 usus
3177 5728 3436 5786 Joannes
3504 5727 3772 5784 Vatatzes
3823 5723 4010 5796 imp.,
4063 5724 4162 5779 48.

788 5821 981 5882 Judex
1017 5819 1094 5880 de
1123 5818 1294 5877 Mich.
1327 5819 1678 5887 Commeno,
1714 5820 1800 5876 50.
