4484 6446
305 427 414 479 965
1842 419 2136 475 ΝΟΤΙΤΙΑ.
3562 422 3662 476 965

377 544 681 614 Josephus
714 541 1184 614 Mesopotamila,
1214 541 1668 608 grammaticus.
1697 543 1785 596 49.

375 631 776 701 Jurisjurandi
806 630 1088 696 formula,
1130 633 1204 701 μὰ
1231 634 1348 690 τοὺς
1373 629 1576 701 λόγους,
1608 634 1696 685 65.

376 719 606 778 Manuel
632 719 918 789 Lascaris,
944 719 1096 774 inter
1125 720 1459 775 monachos
1490 719 1726 775 Maximi
1755 732 1979 773 nomen
2009 717 2279 784 adscivit,
2311 719 2394 773 59.
2431 717 2913 784 Protosebastus,
2943 722 3034 775 60.

377 808 629 876 Manuel,
661 807 1214 863 Thessalonicensis
1255 807 1458 879 episc.,
1497 811 1582 863 84.

376 896 627 965 Manuel,
651 895 1012 967 patriarcha,
1052 900 1134 952 18.
1171 896 1404 952 Maximi
1433 910 1764 965 successor,
1813 898 1898 950 19.
1957 896 2096 949 Vere
2145 894 2230 949 vir
2281 893 2695 965 philosophus,
2742 895 2885 951 ibid.
2941 895 3157 952 Pietate
3225 896 3498 966 insignis,
3548 896 3676 977 lice.

300 985 530 1042 litteras
561 1001 779 1057 parum
809 985 1020 1040 doctus
1044 989 1100 1040 et
1131 986 1301 1039 uxori
1324 986 1594 1055 junctus,
1629 985 1716 1042 51.
1749 987 2009 1039 Mortuus
2042 982 2223 1054 paulo
2258 988 2392 1038 ante
2423 984 2846 1054 imperatorem
2870 987 3162 1040 Joannem
3213 987 3534 1051 Vataztem,
3587 990 3650 1042 53

377 1073 727 1137 Methodius,
757 1073 1105 1128 monasterii
1131 1073 1441 1143 Hyacinthi
1476 1071 1689 1136 abbas,
1735 1072 2075 1143 patriarcha
2105 1087 2209 1143 per
2232 1075 2347 1127 tres
2372 1087 2610 1127 menses
2635 1073 2823 1145 Cpol.,
2855 1075 2942 1128 42.

376 1162 570 1218 Mariis
600 1161 972 1230 Hodegetrias
1003 1162 1232 1230 imago,
1259 1164 1350 1216 88.

375 1248 670 1305 Michaelis
701 1248 1048 1318 archangeli
1089 1248 1409 1320 templum,
1434 1253 1524 1316 22,
1557 1253 1644 1304 85.

374 1337 618 1393 Michael
638 1337 1034 1392 Auctorianus
1063 1337 1419 1408 patriarcha.
1482 1337 1562 1392 19.
1623 1341 1816 1407 Λόγοις
1873 1341 2145 1409 τυγχάνων

1905 1341 2168 1409 υγχιὲνων,
2229 1341 2312 1390 καὶ
2371 1341 2544 1399 πάσης
2601 1349 2808 1412 γραφῆς
2858 1342 3099 1414 ἔμπειρος
3157 1348 3252 1402 τῆς
3308 1360 3360 1392 τε
3419 1343 3673 1413 ἡμετέρας

315 1430 408 1478 καὶ
436 1433 532 1487 τῆς
567 1426 804 1499 Θύραθεν,
831 1428 882 1481 6.
3585 1488 3593 1494 _
3624 1466 3675 1496 λε,

378 1512 623 1570 Michael
675 1514 1018 1569 Comnenus
1071 1513 1440 1583 Palasologus
1471 1514 1892 1586 purgationem
1921 1529 2027 1586 per
2053 1515 2273 1571 ferrum
2301 1516 2568 1572 candens
2591 1516 2915 1588 prudenter
2948 1517 3228 1584 declinat,
3267 1522 3354 1574 50.
3386 1519 3525 1588 Ejus
3545 1520 3678 1590 epi-

304 1603 482 1672 stola,
514 1604 602 1659 64.
637 1602 866 1674 Scripto
903 1607 1067 1658 tomo
1098 1618 1135 1658 a
1163 1603 1503 1673 patriarcha
1532 1608 1588 1657 et
1612 1603 1741 1659 aliis
1770 1603 2066 1676 episcopis
2097 1605 2175 1660 ad
2201 1605 2519 1678 imperium
2542 1607 2993 1678 suscipiendum
3023 1608 3323 1676 invitatur,
3369 1612 3458 1665 76.
3525 1608 3681 1679 Cpoli

303 1697 550 1762 recepta
577 1690 987 1762 patriarcham
1008 1692 1070 1746 in
1103 1695 1345 1748 tronum
1375 1691 1649 1758 restituit,
1681 1693 1771 1748 89.

381 1779 890 1847 Morotheodorus,
914 1784 972 1835 7.

381 1870 554 1925 Joan.
577 1869 821 1937 Muzalo,
850 1884 880 1925 e
903 1869 1158 1941 mystico
1192 1869 1552 1938 monachus,
1583 1873 1672 1925 40.

387 1958 671 2028 Georgius
699 1957 945 2027 Muzalo,
972 1958 1064 2016 75.

386 2047 763 2103 Andronicus
794 2047 1044 2117 Muzalo,
1074 2051 1167 2103 63.

391 2136 788 2207 Mitylenensis
817 2137 1328 2209 archiepiscopus,
1364 2139 1451 2192 74.

391 2226 674 2295 Nazaraai,
707 2241 818 2297 pro
848 2225 1187 2294 monachis,
1219 2228 1306 2280 42.

393 2323 764 2395 Nicephorus
789 2322 1518 2396 Alyates,grammaticus,
1549 2325 1638 2377 49.
1665 2321 1982 2377 Praefectus
2022 2317 2287 2387 caniclei,
2319 2318 2410 2386 75,
2437 2321 2526 2373 79.

392 2412 760 2484 Nicephorus
784 2412 1157 2478 Blemmides,
1182 2411 1578 2484 philosophus
1616 2410 2166 2473 excellentissimus,
2202 2408 2264 2462 in
2291 2406 2498 2475 logicis
2529 2405 2880 2477 Acropolitw
2902 2410 3254 2480 praeceptor,
3317 2413 3405 2465 32.
3459 2412 3684 2468 Praece-

320 2503 460 2573 ptor
483 2499 663 2556 etiam
683 2499 975 2557 Theodori
995 2500 1252 2555 Junioris
1282 2499 1454 2571 imp.,
1478 2499 1950 2572 patriarchatum
1982 2497 2145 2555 CPol.
2179 2496 2420 2568 respuit,
2447 2499 2531 2551 53.
2563 2495 2781 2567 Ephesi
2809 2501 3106 2563 versatus,
3141 2499 3229 2552 87.

389 2589 758 2660 Nicephorus
789 2604 861 2644 ex
892 2588 1270 2661 metropolita
1302 2589 1598 2659 Ephesino
1621 2588 1982 2661 patriarcha,
2015 2591 2102 2644 84.
2137 2590 2263 2643 Non
2293 2601 2400 2658 per
2420 2600 2649 2642 annum
2689 2585 3008 2655 integrum,
3042 2585 3187 2643 ibid.

394 2678 786 2749 Nicephorus,
820 2678 1242 2747 Tarchoniata,
1273 2693 1534 2746 magnus
1559 2677 1944 2743 domesticus,
1969 2682 2057 2740 36,
2097 2680 2186 2732 40.

395 2767 692 2836 Nicolaus,
726 2768 997 2824 medicus
1023 2768 1243 2833 bonus,
1273 2766 1674 2840 philosophas,
1697 2767 1885 2836 rudis,
1917 2771 2004 2823 39.
2037 2767 2324 2836 Dignitate
2352 2763 2672 2830 actuarius,
2697 2763 2817 2818 sive
2831 2763 3101 2820 medicus
3121 2765 3522 2839 imperatoris,
3537 2769 3682 2826 ibid.

393 2857 738 2914 Palmarum
768 2858 864 2913 die
889 2857 1314 2930 triumphantis
1352 2873 1518 2914 more
1550 2857 1763 2913 urbem
1784 2857 2019 2927 ingredi
2049 2856 2254 2912 solitus
2283 2854 2628 2926 imperator,
2657 2857 2741 2907 52.

396 2948 580 3018 Papa,
603 2950 658 3013 2,
687 2947 774 3010 14,
807 2947 888 3002 17.

399 3037 754 3092 Patriarchaa
777 3036 854 3093 ab
880 3037 1347 3110 imperatoribus
1373 3037 1626 3094 libenter
1647 3037 2042 3104 asciscuntur,
2066 3036 2169 3108 qui
2200 3031 2508 3090 desideriis
2558 3046 2768 3088 eorum
2818 3046 2940 3087 non
2984 3030 3380 3104 refragentur,
3435 3037 3524 3089 42.
3575 3037 3689 3091 Nec

323 3126 506 3182 nimis
534 3127 796 3197 sapiant,
829 3131 914 3182 53.

398 3215 689 3285 Pelagius,
721 3214 977 3285 legatus,
1010 3217 1135 3271 sive
1168 3217 1414 3272 nuntius
1445 3216 1744 3289 pontiﬁcis
1775 3219 1968 3286 Rom.,
1995 3221 2079 3272 17.

397 3306 566 3360 Joan.
599 3304 987 3376 Petraliphas,
1017 3320 1278 3375 magnus
1303 3305 1722 3371 chartularius,
1745 3305 1867 3362 sive
1899 3302 2312 3372 cancellarius,
2336 3302 2424 3371 37,
2456 3305 2546 3358 40.

398 3393 638 3449 Phidias
671 3394 1014 3462 statuarius,
1048 3397 1136 3463 50,

400 3482 647 3548 Phocas,
672 3482 1052 3555 metropolita
1087 3482 1645 3556 Philadelphiensis,
1679 3488 1768 3540 50.

400 3570 583 3627 Poeta
606 3570 964 3643 (Homerus),
990 3577 1079 3640 55,
1103 3577 1192 3639 63,
1227 3577 1318 3630 69.

399 3660 716 3717 Praxiteles
743 3662 1083 3728 statuarius,
1125 3664 1216 3718 50.
1238 3701 1242 3704 ~

404 3749 740 3807 Proverbia:
774 3750 892 3803 Ἐπὶ
924 3751 1082 3825 ξυροῦ
1109 3756 1172 3807 in
1230 3754 1358 3809 acie
1411 3753 1743 3821 novaculae,
1797 3756 1852 3822 9,
1910 3756 1998 3808 65.
2059 3751 2142 3803 Ἐν

1929 3757 1998 3808 15.
2059 3751 2142 3803 Ἐν
2205 3757 2366 3820 στενῷ
2415 3764 2510 3804 res
2545 3749 2609 3804 in
2659 3747 2951 3818 angustiis
3008 3749 3365 3818 constitutas,
3425 3755 3512 3807 59.
3579 3755 3700 3818 ,Επὶ

327 3837 514 3910 κύϐου,
547 3855 791 3906 securae,
829 3840 972 3896 ibid.
1004 3840 1249 3916 Στρεϐλόν
1291 3841 1460 3907 ξύλον,
1523 3840 1700 3894 οὔποτ’
1751 3840 1923 3914 ὀρθὸν,
1974 3847 2062 3894 καὶ
2112 3842 2138 3894 ὁ
2192 3837 2400 3910 Αἰθίωψ
2445 3838 2539 3891 οὐκ
2603 3833 2740 3890 οἶδεν
2797 3836 3180 3904 λιυκαίνεσθαι,
3239 3841 3329 3895 49·
3386 3845 3552 3900 Σκηνὴ
3610 3848 3703 3895 τοῦ

330 3925 598 4003 δράματος
643 3928 710 3989 εἰς
762 3925 1065 4004 τραγῳδίαν
1118 3934 1514 4002 μεμοκφωμένη,
1585 3933 1676 3988 63.
1759 3929 1915 4004 Ἐρὼν
1964 3929 2122 4002 ἄκων,
2208 3931 2298 3998 84,
2350 3931 2597 4002 Φρόνημα
2675 3930 2764 3979 καὶ
2835 3922 2970 3988 εἶδος
3052 3925 3360 4002 τυραννίδος
3429 3928 3593 3997 ἄξιον,
3678 3930 3704 3983 ὃ

331 4023 465 4090 φησι
494 4039 572 4081 τις
603 4026 705 4071 τῶν
740 4018 997 4086 παλαιῶν,
1026 4023 1091 4075 65
1148 4022 1444 4083 Φυζοικινῆς
1501 4018 1686 4092 ἐλάφου
1755 4016 1980 4093 κραδίην
2037 4022 2196 4092 ἔχων,
2255 4021 2337 4074 39.
2396 4019 2489 4069 Διὰ
2545 4020 2730 4090 μικρόν
2791 4036 2843 4068 τι
2897 4013 3079 4089 κέρδος
3123 4021 3182 4070 τὸ
3241 4017 3409 4091 φιλίας
3453 4017 3705 4095 ἆπορῥίπ-

329 4128 430 4163 των
461 4114 552 4162 καὶ
590 4113 901 4162 καταπᾶτῶν
931 4108 1199 4178 κύπελλον,
1228 4113 1320 4168 70.
1344 4114 1526 4163 Πᾶσαν
1557 4113 1808 4183 μηχανὴν
1840 4115 1930 4164 καὶ
1975 4113 2147 4165 πάντα
2197 4107 2366 4162 κάλων
2427 4113 2606 4177 κινεῖν,
2654 4109 2744 4162 81.
2797 4109 2895 4160 Τὸν
2936 4112 3056 4183 περὶ
3107 4106 3298 4180 ψυχῆς
3347 4113 3579 4184 τρέχειν,
3611 4112 3703 4166 81.

400 4196 722 4273 Σωσάνδρων
751 4198 1208 4271 monasterium,
1238 4199 1330 4256 88.

403 4287 592 4347 Studii
627 4289 1083 4355 monasterium,
1117 4291 1204 4345 88.

402 4379 747 4436 Theodorus
769 4379 974 4436 Junior
1007 4380 1177 4451 imp.,
1201 4377 1347 4441 ἀετὸς
1378 4382 1552 4453 ταχὺς
1581 4394 1619 4437 a
1640 4379 1926 4438 militibus
1949 4379 2311 4454 appellatus,
2340 4382 2428 4435 58.
2462 4376 2628 4434 Morti
2680 4375 2918 4433 vicinus
2977 4377 3041 4434 in
3087 4378 3458 4450 poenitentiae
3519 4379 3709 4436 ﬁdem

330 4468 616 4527 monachi
653 4467 848 4524 induit
867 4469 1166 4537 habitum,
1200 4471 1290 4524 74.

393 4557 590 4616 Theod
600 4575 737 4614 orus
756 4560 1189 4631 Exapterygus,
1201 4558 1552 4632 Acropolitte
1565 4563 1917 4634 praeceptor,
1928 4559 1992 4617 in
2038 4557 2480 4619 mathematicis
2493 4572 2617 4616 non
2629 4556 2965 4616 admodum
2980 4560 3297 4630 praastans,
3319 4557 3382 4614 in
3393 4556 3710 4617 rhetoricis

335 4648 633 4721 egregius,
660 4651 748 4706 32.

405 4739 754 4796 Theodorus
792 4738 1075 4809 lrenicus,
1116 4739 1479 4811 cognomine
1504 4742 1719 4814 Copas,
1752 4739 2113 4814 patriarcha,
2145 4742 2209 4796 19

406 4827 496 4884 Ad
524 4827 904 4885 Theodorum
930 4829 1484 4902 Contostephanum
1514 4830 1826 4886 instructio
1856 4831 2002 4903 imp.
2036 4829 2281 4887 Joannis
2293 4830 2568 4900 Vatatzaa,
2597 4827 2817 4902 scripto
2831 4826 3073 4897 tradita,
3095 4826 3408 4901 quomodo
3423 4827 3614 4886 aciem
3629 4827 3709 4886 ad

334 4934 542 4975 versus
565 4918 799 4974 Latinos
824 4933 1210 4990 componere,
1251 4919 1498 4992 quando
1534 4923 1591 4976 et
1619 4918 1724 4976 ubi
1765 4918 2089 4989 conﬂigere
2118 4919 2382 4988 deberet,
2403 4921 2495 4975 48.

405 5007 645 5065 Trinobi
674 5007 997 5080 epiacopus
1014 5007 1328 5082 αὐτονομίας
1361 5009 1464 5081 jus
1480 5013 1538 5066 et
1568 5009 1927 5082 patriarchae
1957 5025 2183 5067 nomen
2213 5008 2327 5066 sibi
2349 5007 2639 5077 vindicat,
2663 5011 2752 5065 33.

406 5097 742 5170 szrithon,
776 5113 1037 5169 magnus
1061 5098 1500 5168 charitularius,
1524 5102 1615 5155 45.

408 5189 589 5243 Xerus
614 5187 993 5259 metropolita
1022 5188 1330 5260 Naupacti,
1363 5191 1454 5256 49,

402 5277 754 5350 Acropolitte
784 5276 862 5332 ab
891 5276 1101 5332 Allatio
1131 5277 1460 5350 subjicitur,
1490 5294 1546 5350 p.
1588 5281 1776 5334 146-
1796 5279 1922 5340 186:
1953 5283 2216 5333 ῙΩΗΛΟΥ
2242 5277 2514 5334 JOELIS
2532 5276 3038 5348 Chronographia
3096 5277 3551 5348 compendiaria
3601 5278 3708 5352 (Ι),

330 5383 427 5425 res
453 5367 801 5423 brevissime
829 5367 1236 5439 perstringens
1257 5373 1314 5423 et
1355 5369 1770 5425 successiones
1800 5369 2143 5443 principum
2173 5369 2252 5425 ab
2275 5368 2418 5425 orbe
2468 5365 2710 5423 condito
2755 5383 2950 5439 usque
3009 5367 3089 5423 ad
3137 5372 3378 5440 captam
3429 5383 3466 5424 a
3517 5367 3718 5425 latinis

332 5473 496 5515 anno
521 5459 658 5512 1204
689 5455 915 5528 CPolin,
944 5457 1104 5514 circa
1121 5457 1284 5530 quod
1313 5463 1550 5531 tempus
1579 5459 1806 5514 vixisse
1856 5465 2067 5516 auctor
2109 5460 2235 5532 ipse
2256 5457 2513 5526 videtur,
2555 5460 2709 5512 certe
2767 5471 2891 5512 non
2932 5456 3037 5512 diu
3094 5462 3230 5530 post
3268 5457 3575 5529 scripsisse
3611 5457 3713 5530 (a),

333 5552 473 5621 post
509 5547 667 5602 hanc
708 5546 1258 5617 chronographiam
1286 5548 1554 5620 sequitur
1582 5550 1642 5603 in
1674 5548 1888 5604 eodem
1918 5549 2224 5606 volumine
2266 5563 2406 5620 pag.
2443 5550 2672 5602 187-199
2693 5545 2940 5602 Joannis
2975 5547 3200 5603 Canani
3222 5548 3304 5617 (ὁ)
3343 5548 3581 5600 Ἰωάννου
3624 5555 3718 5600 τοῦ

409 5637 493 5709 (a)
517 5635 684 5711 Conf.
712 5638 861 5711 Cave
889 5637 1046 5692 Hist.
1083 5636 1198 5693 litt.
1228 5637 1338 5694 SS.
1371 5639 1538 5705 eccl.,
1589 5641 1732 5696 tom.
1758 5639 1823 5711 Il,
1870 5654 1932 5711 p.
2222 5638 2307 5711 (b)
2332 5637 2485 5693 Vixit
2506 5637 2709 5711 circ._a
2747 5637 2880 5711 Chr.
2900 5638 3074 5711 1421.
3103 5640 3164 5692 ν.
3210 5638 3367 5711 Saxii
3417 5637 3718 5710 0nom.II,

339 5708 479 5784 281.
512 5708 735 5784 ριληι..)
931 5781 945 5784 ξ
1009 5783 1039 5784 η
1199 5783 1205 5784 ί
1806 5708 1815 5711 ’
1870 5708 1891 5711 “
2134 5727 2195 5784 p.
2220 5708 2322 5767 407
2365 5725 2454 5782 sq.
2480 5713 2537 5765 et
2559 5709 2666 5783 qui
2697 5708 2775 5765 ad
2799 5725 2869 5766 eo
2898 5708 3228 5768 laudantur
3259 5709 3490 5783 (Hann)

412 5781 489 5856 (1)
511 5781 717 5840 Exstat
741 5785 886 5840 tom.
916 5781 1233 5842 CXXXVIII.
1265 5785 1423 5843 Emr.
