4484 6446
855 408 958 467 967
2136 417 2416 473 GEORGII
2455 417 2924 474 ACROPOLITE.
4105 412 4203 466 968

856 541 1086 588 Κανανοῡ
1160 531 1414 605 διήγησις
1465 543 1583 609 περὶ
1625 546 1714 589 τοῦ
1767 538 1816 590 ἐν
1868 543 2402 594 Κωνσταντινουπόλεί
2465 546 2732 614 γεγονότος
2803 540 3028 612 πολέμου
3079 539 3213 590 κανά
3270 539 3328 588 τό
3388 534 3520 596 ζυιλ’
3591 538 3715 599 ἔτος,
3776 536 3858 586 ὅτε
3926 535 3968 586 ὸ⁹
4041 541 4205 607 Αμου-

853 626 951 693 ράτ
1012 627 1128 683 Hei;
1175 629 1432 695 παρέπεσε
1499 629 1658 698 ταύτῃ
1712 630 1842 698 μετά
1887 623 2154 698 δυνάμεως
2212 628 2448 704 βαρείας,
2512 637 2599 683 καὶ
2663 630 2945 703 παρολίγον
3030 629 3224 684 ταύτην
3309 625 3531 699 ἐκράτει,
3613 625 3729 696 εἰμή
3827 627 3856 682 ἠ
3927 626 4208 698 ὑπέραγνος

853 715 1040 785 Μήτηρ
1063 719 1151 762 τοι)
1183 718 1374 784 Κυρίου
1401 733 1595 772 ταυτην
1650 714 1879 787 ἐφύλαξε·
1938 718 2229 773 Narratio
2273 719 2344 775 de
2394 720 2541 775 bello
2606 723 2624 776 ί

2437 721 2541 775 ello
2606 720 2931 776 CPolitano
2976 718 3125 772 anni
3168 715 3244 770 ab
3300 715 3438 769 orbe
3487 713 3723 768 condito
3773 711 3933 777 6930,
3990 712 4208 767 Christi

854 800 1012 862 1422,
1046 815 1178 856 cum
1210 802 1454 858 Amurat
1485 805 1621 860 Beis
1652 805 1796 874 (sive
1818 811 2096 862 Amurate
2122 808 2440 863 secundus.
2485 811 2810 864 Turcarum
2851 805 3196 877 imperator)
3247 819 3381 859 cum
3428 803 3891 872 fortissimorum
3947 802 4206 856 militum

851 888 1196 965 exercitulin
1209 908 1337 950 eam
1353 895 1595 962 irrupit,
1615 909 1793 964 quam
1810 901 1863 949 et
1882 902 2278 965 expugnasset
2294 898 2516 968 utique,
2536 898 2656 952 nisi
2666 895 3223 952 immaculatissima
3239 893 3347 949 Dei
3361 892 3556 948 Mater
3571 895 3992 946 conservasset.
4007 890 4100 944 Ait
4111 905 4208 944 au-

852 985 972 1038 tem
1004 985 1298 1052 Cananus,
1329 984 1541 1039 urbem
1572 987 1991 1039 conservatam
2023 999 2153 1040 esse
2182 985 2333 1041 mira
2364 988 2418 1041 S.
2446 985 2636 1042 Mariae
2658 1001 2794 1056 ope,
2825 1001 2982 1057 quae,
3007 983 3289 1039 violaceis
3317 981 3537 1037 amicta
3593 979 3860 1035 vestibus
3916 984 3973 1035 et
4031 993 4208 1050 super

848 1073 1310 1144 propugnacula
1326 1071 1747 1139 deambulans,
1763 1072 2038 1128 hostibus
2053 1079 2338 1130 terrorem
2361 1089 2430 1130 ac
2450 1089 2756 1130 summam
2780 1073 3237 1145 trepidationem
3255 1069 3592 1126 incusserit.
3609 1064 3823 1126 Ἐπειδὴ
3845 1065 3905 1120 δὲ
3930 1067 3978 1119 οὶ
4026 1066 4207 1139 ἐχθροὶ

850 1165 940 1212 xui
970 1161 1204 1234 πολέμιοι
1257 1163 1398 1234 ὑμῶν
1448 1157 1686 1213 δέδωκαν
1732 1167 2024 1234 μαρτυρίαν
2081 1165 2344 1233 τοιαύτην,
2401 1165 2535 1214 πάνυ
2595 1162 2737 1214 ἐστὶν
2790 1161 3144 1232 ἀληγέστατον
3201 1163 3261 1211 τό
3324 1161 3499 1230 θαῦμα
3551 1165 3646 1218 τῆς
3704 1160 3993 1227 Παναγίας.
4061 1153 4206 1208 Ἐλε-

848 1268 906 1320 γε
950 1252 1049 1324 γὰρ
1094 1253 1119 1302 ό
1180 1254 1458 1310 Μησαὶτης
1514 1253 1854 1324 πατριάρχης
1898 1260 1997 1302 τῶν
2053 1255 2313 1326 Τούρκων,
2364 1252 2446 1304 ὅτε
2527 1253 2556 1309 ἡ
2644 1250 2788 1310 πόλις
2865 1249 3164 1324 ἐκπρόκειτό
3248 1246 3373 1320 παρ’
3453 1249 3596 1318 ἡμῶν
3695 1244 4207 1317 αἱχμαλωτισθῆναι,

849 1340 913 1399 ὡς
943 1341 991 1391 οἱ
1033 1343 1183 1412 σοφοὶ
1217 1347 1312 1401 τῆς
1340 1345 1562 1411 Περσίας
1594 1340 1664 1402 εἰς
1691 1343 1775 1391 τόν
1813 1343 1993 1413 καιρόν
2046 1348 2138 1392 τοῦ
2195 1342 2423 1412 Μωάμεθ
2481 1339 2888 1414 ἐψηφοφόρησαν
2945 1343 3064 1413 περὶ
3120 1339 3329 1406 τούτοῦ,
3388 1341 3477 1388 καὶ
3530 1333 3674 1407 εὖρον
3735 1336 3817 1385 ὅτι
3866 1333 3936 1393 εἰς
3987 1337 4046 1385 τό
4104 1335 4210 1393 ἔτος

848 1431 1049 1479 καὶτὸν
1107 1436 1247 1498 μῆνα
1299 1432 1387 1480 καὶ
1435 1432 1523 1485 τὴν
1573 1429 1769 1500 ἡμέραν
1826 1431 1915 1498 (24
1959 1429 2234 1498 Augusti)
2293 1433 2491 1490 ταύτης
2545 1438 2642 1490 τῆς
2695 1430 2832 1503 ὧρας
2887 1430 2918 1484 ἡ
2980 1427 3124 1487 πόλις
3172 1427 3296 1499 παρ’
3344 1427 3490 1497 ἡμῶν
3543 1428 3814 1496 πρόκειται
3870 1423 4213 1497 κρατηθῆναι,

847 1518 934 1566 καὶ
986 1514 1156 1587 ἔμελλε
1210 1523 1360 1569 τοῦτο
1407 1518 1647 1587 ’γενέσθαι
1703 1519 1837 1568 κατά
1884 1524 1978 1576 τῆν
2032 1513 2253 1588 δύναμιν
2310 1526 2408 1570 τῶν
2467 1517 2716 1592 ἀστέρων,
2768 1521 2856 1568 καὶ
2907 1521 3001 1574 τὴν
3025 1520 3218 1588 τέχνην
3274 1523 3373 1567 τῶν
3426 1513 3783 1587 ἀστρονόμων,
3817 1514 3859 1564 εἰ
3909 1516 3980 1583 μή
4038 1513 4068 1568 ἡ
4128 1530 4218 1580 γυ-

846 1609 1002 1654 ναῖκα
1038 1602 1201 1660 ἐκείνη
1253 1605 1283 1661 ἡ
1337 1604 1455 1666 ὀξέα
1499 1612 1734 1679 φοροῦσα
1787 1609 1874 1657 καὶ
1918 1611 2284 1680 περιπατοῡσα
2337 1615 2430 1659 τοῦ
2478 1609 2711 1679 κάστρου
2806 1609 2897 1657 xui
2980 1613 3078 1658 τῶν
3151 1608 3526 1677 προμαχιόνων
3603 1601 3770 1654 ἐπάνω
3845 1598 4046 1671 ἀφόϐως
4125 1606 4216 1650 τοῦ

849 1692 1071 1765 πολεμου
1115 1697 1208 1752 τὴν
1259 1696 1394 1767 ὥραν
1435 1693 1597 1751 ἐκείνη
1648 1693 1925 1768 ἀντέπραξε
1978 1698 2064 1756 τὰς
2118 1692 2367 1768 δυνάμεις
2419 1704 2518 1748 τῶν
2572 1697 2779 1769 ἄστρων
2843 1694 2932 1746 καί
2977 1699 3071 1752 τὴν
3129 1696 3322 1765 τέχνην
3370 1700 3471 1745 τῶν
3519 1689 3865 1764 ἀστρολόγων.
3919 1688 4058 1746 Πλὴν
4125 1687 4216 1740 οὐκ

848 1780 948 1833 ἀπὸ
991 1791 1111 1852 γῆς,
1163 1780 1286 1834 οὐδὲ
1339 1782 1390 1844 ἐξ
1437 1782 1717 1856 ἀνθρώπων
1761 1788 1854 1841 τὴν
1912 1781 2134 1858 δύναμιν
2183 1784 2345 1857 εἶχεν,
2398 1784 2504 1837 ἀλλ’
2559 1785 2613 1848 ἐξ
2663 1785 2883 1858 οὐρανοῦ
2939 1789 3028 1835 καὶ
3078 1782 3300 1856 ἀοράτόυ
3362 1778 3646 1852 δυνάμεως.
3697 1779 3921 1850 Ὁμοίως
3988 1783 4078 1830 xui
4151 1779 4216 1828 τά

846 1874 1215 1943 στρατεύματα
1263 1874 1432 1924 πάντα
1485 1882 1584 1925 τῶν
1665 1876 1906 1946 Τούρκων
1994 1873 2434 1949 ἐσυνεμαρτύρουν
2515 1874 2734 1949 ἐνόρκως
2814 1877 2901 1925 τόν
2973 1876 3288 1945 Μηρσαῐτην
3355 1870 3684 1936 ἐκεῖνον,καὶ
3730 1865 4038 1938 ἐδιηγοῦντο
4091 1870 4216 1938 πρὸς

841 1961 1061 2029 πάντας,
1117 1962 1195 2012 ὅτι
1248 1969 1339 2013 τοῦ
1391 1960 1614 2033 πολέμου
1684 1970 1775 2020 τῆν
1815 1962 1971 2036 ὥραν,
2037 1965 2157 2016 ὃταν
2345 1966 2574 2038 θράσους
2623 1968 2712 2016 καὶ
2765 1965 2932 2036 ὁρμῆς
2995 1961 3292 2034 ἀκρατὴτοῡ
3338 1962 3569 2032 ἔφθασαν
3622 1957 3694 2019 εἰς
3742 1959 3811 2009 τὰ
3883 1961 4040 2028 τείχη
4123 1963 4244 2008 τοῦ·

843 2050 1210 2122 κάστρου,ἰνα
1239 2049 1498 2103 ἀναϐῶσιν
1532 2049 1719 2117 ἐπάνω,
1783 2055 1871 2103 καὶ
1925 2047 2159 2114 διώξωσι
2207 2055 2330 2115 τούς
2397 2059 2686 2125 Ρωμαίους,
2746 2059 2833 2104 καὶ
2887 2057 2979 2109 τήν
3022 2053 3170 2104 πόλιν
3227 2049 3680 2122 αἰχμαλωτίσουν,
3739 2051 3851 2098 τότε
3911 2041 4051 2097 εἶδον
4118 2064 4204 2115 γυ-

840 2145 994 2190 ναῖκα
1051 2138 1168 2202 ὁξὶα
1210 2140 1388 2213 ῥοῦχα
1434 2147 1713 2214 φοροῦσαν,
1766 2146 1855 2192 καὶ
1903 2149 2300 2214 περιπατοῡσαυ
2366 2140 2534 2193 ἐπάνω
2579 2150 2678 2193 τῶν
2735 2146 3130 2214 προμαχιονίων
3179 2148 3268 2192 τοῦ
3329 2139 3424 2201 ἔξω
3483 2140 3740 2210 κάστρου.
3839 2139 3938 2188 Καὶ
4013 2137 4212 2191 ταύτην

844 2224 1057 2292 ἰδόντες,
1097 2233 1278 2288 σκότος
1321 2234 1411 2280 καὶ
1458 2234 1645 2301 τρόμος
1697 2235 1785 2281 xui
1825 2228 1974 2300 φόϐος
2030 2228 2171 2302 ἂφνω
2226 2231 2299 2292 εἰς
2358 2234 2452 2293 τὰς
2505 2231 2688 2302 ψυχὰς
2747 2230 2952 2288 εἰσῆλθε
3004 2239 3102 2282 τῶν
3149 2233 3377 2300 πάντων,
3432 2247 3522 2279 και
3561 2229 3690 2299 πρὸς
3749 2228 3916 2296 φυγὴν
3975 2223 4212 2293 ἔϐλεψαν,

840 2321 929 2368 καὶ
963 2318 1034 2379 εἰς
1058 2317 1275 2390 πόλεμον
1308 2315 1431 2370 οὐδὲ
1457 2317 1579 2378 ὅλως
1630 2323 1715 2370 xui
1771 2317 1872 2370 ἀπὸ
1922 2316 2191 2391 δυνάμεως
2240 2339 2294 2372 τε
2350 2320 2439 2372 xui
2503 2324 2712 2393 τέχνης.
2771 2321 2873 2379 Τῆς
2927 2322 3176 2390 γυναικός
3223 2319 3324 2392 γὰρ
3383 2317 3581 2376 ἐκείνης
3637 2313 3820 2385 ἔγαϐον
3848 2318 3942 2370 τήν
3996 2309 4213 2387 δειλίαν,

839 2410 928 2457 καὶ
949 2405 1274 2481 ἠλευθερώθη
1306 2409 1336 2464 ἡ
1370 2407 1535 2476 πόλις,
1568 2409 1717 2463 Cum
1745 2423 1882 2463 vero
1911 2409 2101 2464 hostes
2125 2415 2305 2480 atque
2334 2410 2610 2465 adversar

2441 2412 2673 2465 tersarii
2720 2411 2913 2465 nostri
2965 2410 3075 2465 hoc
3127 2409 3456 2464 testimonio
3508 2420 3614 2460 suo
3672 2403 4212 2469 constabiliverint,

837 2496 1027 2550 multo
1056 2497 1427 2553 verissimum
1461 2502 1545 2553 est
1578 2497 1688 2553 hoc
1715 2499 2102 2553 sanctissimae
2132 2499 2386 2567 Virginis
2437 2501 2820 2556 miraculum.
2872 2499 3146 2570 Namque
3187 2497 3493 2555 Mersaita,
3541 2497 3662 2550 sive
3704 2493 4068 2561 patriarcha
4128 2483 4211 2561 (α)

844 2583 1946 2654 Turcarum,afﬁnnabat,propositam
1982 2588 2456 2657 tuncillis/‘uisse
2477 2590 2779 2645 civitatem
2801 2589 2882 2644 ad
2900 2584 3693 2658 praedam,quemadmodum
3717 2583 3836 2637 viri
3859 2581 4216 2637 doctiPersce

837 2678 1016 2729 vetate
1039 2673 1366 2729 Mahometi
1383 2676 1841 2730 calculaverant
1871 2677 2247 2744 invenerant,
2276 2692 2390 2747 que
2423 2677 2533 2734 hoc
2562 2694 2742 2749 anno,
2773 2693 2994 2743 mense,
3025 2679 3142 2742 die,
3171 2677 3406 2747 dieique
3434 2675 3586 2730 liora
3616 2671 3818 2727 urbem
3844 2686 3882 2726 a
3907 2669 4075 2725 nobis
4121 2669 4215 2724 de-

838 2759 1183 2817 bellandum
1213 2777 1352 2829 esse;
1385 2768 1440 2818 et
1464 2764 1744 2832 futurum
1775 2763 1838 2818 id
1864 2769 1993 2819 erat
2009 2765 2250 2820 omnino
2263 2772 2567 2823 astrorum
2599 2769 2661 2823 vi
2685 2774 2741 2824 et
2764 2774 3244 2823 astronomorum
3263 2764 3548 2833 artiﬁcio;
3566 2763 3668 2819 sed
3687 2761 3995 2818 mulierem
4017 2760 4210 2825 illam,

834 2851 1113 2906 violaceis
1130 2851 1385 2907 vestibus
1398 2854 1812 2920 amictam,per
1822 2859 2084 2908 castrum
2097 2853 2661 2926 obambulantem,et
2673 2871 2856 2926 super
2868 2854 3323 2928 propugnacula
3335 2850 3803 2922 intrepide,dum
3814 2847 4214 2919 pugnainiba-

833 2943 956 3003 tur,
989 2941 1103 2995 vim
1123 2947 1425 2995 astrorum
1450 2941 1765 3008 obtudisse,
1781 2948 1835 2997 et
1848 2943 2282 3012 astroloqorum
2298 2946 2861 3016 artiﬁcia:quamvis
2886 2948 2996 3001 illa
3023 2961 3136 3000 non
3165 2961 3199 2999 a
3218 2951 3381 2998 terra
3398 2957 3587 3013 neque
3602 2955 3676 2996 ea:
3690 2936 4158 3004 hominibus,sed
4183 2951 4213 2991 e

834 3031 1047 3086 cceloet
1063 3032 1354 3087 invisibili
1360 3034 1779 3101 potestatevim
1793 3033 2116 3089 obtinebat.
2151 3034 2446 3090 Similiter
2469 3036 2768 3090 exercitus
2800 3035 3070 3091 universi
3108 3034 3440 3088 Turcarum
3463 3027 3876 3101 jurejurando
3907 3026 4214 3081 Mersaitae

833 3119 1059 3176 dictum
1074 3122 1534 3189 conﬁrmabant,
1563 3128 1615 3177 et
1644 3123 1917 3178 omnibus
1932 3122 2293 3191 narrabant,
2315 3138 2540 3193 pugna:
2564 3124 2732 3189 hara,
2766 3124 2905 3179 dum
2933 3139 3066 3179 cum
3089 3121 3343 3177 audacio
3361 3126 3413 3176 et
3427 3123 3670 3187 impetu,
3687 3117 3793 3188 qui
3805 3115 4067 3172 coerceri
4091 3129 4212 3168 non

824 3214 1093 3276 poterat,
1131 3210 1211 3265 ad
1223 3225 1416 3265 muros
1439 3213 1626 3266 castri
1650 3218 2153 3280 pervenerant,ut
2183 3213 2599 3277 ascenderant,
2627 3213 3294 3283 Graecosquefugarent,
3327 3209 3648 3279 urbemque
3679 3202 4215 3274 caperent,vidisse

830 3298 1164 3354 mulierem.
1199 3300 1477 3355 violaceis
1503 3300 1757 3354 vestibus
1783 3301 2078 3368 indutam,
2110 3301 2592 3358 deambulanlem
2621 3317 2805 3371 super
2831 3301 3293 3372 propugnacula
3315 3299 3630 3356 exterioris
3661 3296 3869 3364 castri;
3926 3309 4044 3363 qua
4081 3294 4214 3348 visa

829 3387 1032 3441 statim
1063 3388 1338 3454 tenebris,
1365 3390 1658 3458 procella,
1688 3390 1918 3457 timore,
1950 3404 2020 3446 ac
2043 3397 2297 3446 tremore
2326 3396 2628 3460 correptos
2655 3407 2853 3448 omnes
2878 3392 2941 3446 in
2966 3391 3180 3460 fugam
3211 3405 3270 3446 se
3297 3395 3350 3445 et
3376 3402 3496 3443 non
3525 3386 3601 3442 ab
3635 3385 3854 3440 bellum
3885 3382 4130 3446 dedisse,
4157 3387 4212 3436 et

831 3477 894 3532 vi
919 3477 1276 3548 inﬂuxuque
1299 3478 1463 3533 illius
1493 3479 1762 3533 mulieris
1791 3478 2176 3548 formidinem
2206 3480 2320 3535 sibi
2357 3481 2703 3549 immissum,
2724 3487 2779 3536 et
2801 3481 3005 3536 urbem
3034 3480 3372 3536 liberatam.
3430 3475 3705 3533 Similiter
3768 3471 4054 3528 traditum
4101 3474 4211 3548 est,

830 3566 1098 3623 Heraclio
1129 3567 1508 3639 imperitante
1537 3567 1743 3622 CPolin
1775 3568 2054 3638 precibus
2087 3569 2479 3624 sanctissimae
2504 3569 2756 3640 Virginis
2804 3569 3120 3625 liberatam
3177 3568 3257 3624 ab
3305 3565 3653 3623 obsidiones
3706 3564 4048 3628 Persarum,
4085 3575 4213 3631 quo

830 3659 1058 3729 spectat
1089 3655 1379 3727 scriptum
1403 3658 1601 3711 Graece
1622 3662 1678 3712 et
1711 3656 1908 3712 Latine
1938 3657 2156 3712 editum
2183 3673 2218 3712 a
2248 3657 2624 3729 Combeﬁsio,
2653 3664 2798 3716 tom.
2828 3661 2870 3714 ll
2899 3659 3181 3715 Auctarii
3207 3658 3365 3724 novi,
3398 3671 3540 3727 pag.
3560 3657 3684 3718 805,
3713 3652 3795 3703 Ἐν
3831 3657 3942 3712 τοῖς
3998 3654 4214 3722 Χρόνοις

825 3726 1128 3817 ιΙξροικλείον
1160 3726 1398 3817 Χοσρόης
1430 3744 1714 3820 Σάρϐαρον,
1748 3750 1858 3801 etc.
1895 3746 1986 3802 Sic
2015 3745 2290 3818 Adolpho
2314 3748 2400 3812 ιν,
2433 3747 2587 3802 comi

2439 3726 2636 3802 comiti
2663 3747 2954 3817 Holsatite,
2990 3762 3045 3802 a.
3079 3749 3311 3813 c.1227,
3343 3726 3635 3799 adversus
3661 3742 3859 3796 Danos
3891 3737 4210 3810 pugnanti,

823 3833 1012 3903 aiunt,
1048 3834 1239 3890 visam
1267 3834 1328 3889 in
1345 3834 1610 3891 nubibus
1625 3836 1679 3891 S.
1700 3836 1940 3892 Mariam
1954 3835 2366 3905 Magdalenam
2394 3837 2472 3907 (b)
2487 3852 2731 3892 amoeno
2747 3838 2767 3908 j
2781 3837 2966 3893 ubare
2979 3839 3393 3908 protegentem
3417 3832 3607 3905 ipsius
3621 3827 4209 3902 copias,dextraque,

820 3921 1019 3980 levata
1043 3922 1156 3979 illis
1189 3922 1663 3990 benedicentem,
1693 3925 1752 3979 in
1790 3924 1995 3980 hostes
2029 3941 2168 3981 vero
2199 3925 2401 3981 radios
2433 3925 2662 3982 solares
2701 3927 3108 3982 vehementius
3155 3918 3768 3996 retorquentem.'Sed
3805 3923 3863 3973 et
3911 3916 4209 3972 Zosimus-

819 4013 1095 4071 ethnicus
1151 4014 1424 4085 scriptor,
1452 4014 1555 4070 lib.
1575 4031 1627 4085 γ,
1665 4030 1799 4086 cap.
1822 4018 1874 4082 6,
1908 4015 2133 4085 scribit,
2166 4014 2487 4084 Alaricum,
2511 4031 2585 4071 ne
2615 4017 2873 4072 Athenas
2897 4032 3036 4072 cum
3057 4015 3320 4071 exercitu
3354 4015 3694 4084 occuparet,
3712 4006 4061 4064 deterritum
4076 4020 4207 4060 esse

821 4108 1146 4175 conspecta
1176 4102 1455 4173 Minerva,
1480 4109 1715 4160 armata
1745 4103 2182 4160 obambulante
2207 4104 2368 4160 urbis
2399 4121 2606 4161 muros
2633 4111 2689 4161 et
2718 4105 2965 4171 Achille,
2992 4108 3181 4161 stante
3205 4107 3342 4159 ante
3370 4101 3612 4165 moenia,
3636 4097 3922 4168 additque
3943 4108 4202 4150 causam

817 4191 983 4248 illam
1008 4197 1254 4248 servatas
1285 4192 1535 4249 civitatis
1556 4193 1910 4266 neutiquam
1942 4209 1978 4248 a
2003 4208 2064 4248 se
2097 4194 2588 4265 prmtermittenda

2430 4194 2670 4251 tendam
2687 4194 3101 4267 fuisse,utpote
3126 4196 3380 4268 θεοπρεπῇ
3396 4211 3515 4245 τινα
3536 4190 3718 4255 οὖσαν,
3739 4190 3828 4239 καὶ
3851 4192 3918 4246 εἰς
3939 4181 4201 4236 ἐύσίϐειαν

818 4285 938 4343 τοὺς
968 4281 1253 4344 ἀκούοντας
1283 4281 1626 4355 καλουμένην.

884 4426 968 4494 (a)
994 4427 1183 4490 Quam
1215 4426 1391 4500 hodie
1432 4425 1755 4500 you/tium
1802 4424 1994 4480 solent
2041 4441 2410 4500 nuncupare,
2527 4427 2726 4500 gensis
2750 4427 2996 4500 appelat
3021 4434 3283 4497 papaset
3314 4428 3815 4500 apostolicossute
3834 4423 4063 4500 g_entz's.

814 4490 978 4570 hunc
997 4498 1419 4570 patriarcham
1445 4490 1773 4570 Turcarum
1795 4503 1971 4570 vocat
1988 4497 2163 4553 etiam
2182 4490 2268 4570 p.‘
2287 4490 2411 4556 292.
2525 4490 2729 4570 cissim
2760 4490 2886 4565 fuit,
2919 4490 3206 4570 cui-papa
3232 4490 3527 4555 diceretur
3550 4498 3602 4552 [ι
3628 4497 3790 4552 Gran
3839 4490 4046 4570 :Turco
4099 4490 4194 4544 dei

817 4564 1068 4628 Aurbgds
1106 4571 1406 4641 όμέθιστος
1451 4577 1540 4624 xui
1564 4640 1581 4641 Π
1604 4568 1760 4629 πολὺς
1817 4568 1938 4639 παρ’
1993 4564 2199 4630 ἐκείνοις
2251 4573 2275 4623 ὁ
2335 4572 2413 4624 εὖο
2527 4569 2588 4626 Ct

2527 4564 2881 4638 Christiani,
2931 4574 2988 4626 et
3027 4564 3374 4627 Mahometis
3403 4573 3470 4626 lll
3523 4571 3760 4638 legatus
3796 4640 3801 4641 γ
3840 4564 4192 4641 [.eoninum,

814 4645 966 4711 γενὴς
1021 4633 1362 4715 πατριάρχης
1415 4642 1468 4693 ὃν
1533 4640 1678 4714 εἶχον
1731 4633 2075 4715 προοράτικόν
2131 4647 2221 4693 xui
2282 4664 2412 4716 προ-
2524 4644 2585 4697 Gz

815 4715 982 4768 φὴτην
1024 4714 1254 4768 τοῦνοιια
1311 4718 1626 4768 Μηοσαίτης
1695 4721 1756 4768 τῆ
1835 4719 2062 4768 Περσικῆ
2138 4710 2409 4768 διαλέκτω.
2523 4716 2581 4768 vi

2524 4642 2726 4698 Galliae
2744 4633 2900 4768 regis
2915 4642 3273 4712 ministrum,
3291 4659 3470 4712 magn
3482 4633 3905 4698 uvaizirium
3928 4633 4193 4707 appella-

2523 4716 2625 4768 vit.
2658 4719 2801 4768 utre
2829 4720 2916 4768 ert
2943 4715 3084 4768 Tan.
3112 4715 3297 4768 Faber
3319 4715 3397 4768 ad
3428 4714 3867 4768 Lonuinumm.
3918 4713 3997 4761 l7.

853 4715 982 4768 ὴτην
1024 4710 1626 4789 τοῶομάᾝῙηρσαίτὶλξ
1695 4710 1779 4784 τῇ
1835 4710 2062 4784 Περσικῇ
2138 4710 2409 4787 διαλέκτῳ,
2523 4716 2624 4782 Vit,

857 4782 1046 4837 uanius
1063 4784 1226 4837 idem
1253 4790 1532 4837 Cananus
1556 4786 2186 4837 memoratTurcarum
2204 4793 2412 4837 καλοενέ-
2594 4783 2624 4837 (.

2225 4710 2409 4787 ελέκτῳ.
2523 4716 2625 4782 vit,
2658 4719 2721 4770 ut
2741 4710 2916 4794 refert
2943 4710 3409 4797 Tan.l“.abe‘r_ad’
3428 4714 3867 4837 Longinumﬁ.
3918 4713 3996 4761 17.

2225 4793 2412 4837 :qu'vé-
2594 4783 2839 4837 (blVide
2873 4787 3381 4837 Lambecmmllb.
3430 4804 3467 4837 ιι
3514 4787 3732 4837 Rerum
3844 4779 3996 4837 embt

857 4782 1046 4860 inpius
1063 4779 1226 4844 idem
1253 4779 1532 4845 Cananus
1556 4779 2186 4860 memoratTurcarum
2204 4779 2412 4860 καλόν-ἐ·
2567 4779 2676 4860 _(b)
2701 4785 2839 4840 Vide
2873 4786 3259 4860 Lambecium
3279 4787 3381 4842 lib.
3430 4804 3467 4843 ιι
3514 4779 3732 4843 Ηὲνανη
3779 4779 4195 4847 Hemburgen-

809 4873 936 4978 ςους
954 4854 1079 4912 sive
1110 4860 1462 4925 monachos,
1489 4861 1670 4916 etiam
1704 4871 1822 4911 uno
1853 4856 2097 4910 nomine
2121 4854 2414 4933 Τουρκοκα-
2522 4857 2580 4914 si

846 4929 1077 4978 ονέοουε,
1117 4933 1393 4978 Similiter
1446 4932 1766 4978 Chnlinhas
1813 4929 2138 4978 Turcarum
2175 4931 2412 4978 Πιιςηρν-

1704 4871 1822 4911 uno
1853 4856 2097 4910 nomine
2121 4854 2414 4933 Τουρκοκα-
2522 4854 2675 4914 sium
2704 4872 2764 4929 p.
2786 4860 2845 4913 41
2887 4872 3012 4928 seq.
3045 4856 3187 4917 edit.
3231 4860 3461 4931 primae.

1699 4944 1766 4978 as
1813 4929 2138 4978 Turcarum
2175 4931 2412 4978 Πιιςηρν-

846 4929 1078 4999 ογέρους.
1117 4933 1393 4992 Similiter
1446 4932 1766 5004 Chalipbas
1813 4929 2140 4984 Turcarum
2175 4929 2412 5004 Ursper-
