4484 6446
711 407 819 464 979
2029 411 2317 471 GEORGII
2352 411 2830 470 ACROPOLITE.
4029 416 4137 475 980

716 537 824 592 sed
873 539 1086 596 Isaacii
1123 539 1283 595 ﬁlius
1313 555 1346 594 e
1404 537 1599 610 priore
1649 534 1730 592 llli
1777 550 1962 591 uxore
2028 543 2360 610 susceptus,
2393 537 2442 590 Α
2483 562 2487 586 ε

2393 537 2442 590 Α
2483 533 2703 608 ἀδελφὸν
2749 535 3009 589 Ἰσαάκιον
3059 537 3086 588 ὁ
3163 538 3534 610 προείρημὲνος
3601 534 3825 599 ’Λλέειος
3877 538 3902 574 ⁸
3950 559 4039 592 και
4088 541 4137 594 οἰ

707 629 834 681 tum
865 627 1130 698 primum
1161 644 1192 683 e
1223 627 1427 700 pueris
1450 625 1768 681 excedens.
1801 624 2033 680 facinus
2066 630 2365 697 patratum

2479 627 2574 686 τὰς
2629 625 2768 695 ὄψεις
2830 626 3094 700 ἐπήρωσε,
3151 631 3240 678 καὶ
3296 626 3358 682 ἦν
3411 627 3470 676 τὸ
3529 623 3628 682 ἀπὸ
3675 622 3833 678 τοῦδε
3891 636 3987 689 τῆς
4037 638 4137 681 τῶν

707 715 766 770 in
797 720 1104 786 parentem
1139 731 1290 780 aegre
1311 713 1746 780 ferens,fugam
1777 713 2098 768 meditatus
2115 716 2368 769 Romam

708 803 957 874 appulit,
992 810 1048 859 et
1076 804 1149 860 ad
1195 804 1380 875 pedes
1417 801 1715 874 pontificis
1757 801 2108 872 provolutus
2145 803 2372 874 impen-

713 908 898 964 seque
935 909 1190 949 exorans
1230 895 1429 948 acrius
1463 892 1540 947 ad
1574 891 1948 948 ulciscendas
1978 897 2260 964 paternas
2290 893 2375 947 in-

711 982 901 1053 jurias
962 982 1373 1038 incumbebat.
1448 984 1584 1037 Sors
1651 985 1790 1036 tunc
1884 987 1948 1036 ut
2034 982 2374 1052 complures

718 1071 778 1126 in
812 1071 1059 1144 Italiam.
1091 1087 1213 1126 non
1247 1088 1319 1126 ex
1352 1070 1515 1126 Italia
1534 1070 1736 1136 modo,
1763 1069 1870 1126 sed
1909 1086 1980 1126 ex
2007 1071 2229 1127 ditione
2243 1069 2373 1127 Gal-

721 1161 854 1226 lica,
881 1162 1100 1234 aliique
1138 1177 1212 1217 ex
1277 1161 1407 1216 aliis
1445 1161 1590 1216 locis
1650 1160 1784 1232 (nec
1840 1160 2087 1216 deerant
2152 1160 2373 1225 Veneti)

2472 711 2738 785 Ῥωμαίων
2794 720 3066 787 κρατήσας
3133 714 3309 785 ἀρχῆς
3359 715 3400 746 ⁸·
3457 714 3667 786 ὑπῆρχε
3723 710 3783 766 δὲ
3835 724 3909 786 τῷ
3965 717 4136 770 Ἰσαα-

2479 807 2576 873 κίῳ
2610 805 2721 864 σὶὸς
2780 802 2834 854 ἐκ
2891 811 2986 864 τῆς
3039 808 3293 876 προτέρας
3358 801 3516 854 αὑτοῦ
3567 806 3808 872 γυναικὸς
3863 808 4136 875 γεννηθεὶς,

2482 896 2569 943 τὸν
2597 896 2821 966 μείρακα
2867 889 2975 950 ἤδη
3035 891 3260 964 ἀμείϐων
3315 893 3359 959 ⁵,
3423 891 3485 953 ὃς,
3527 887 4012 964 δυσανασχετήσας
4073 903 4136 953 τῆ

2481 987 2571 1033 τοῦ
2649 984 2846 1052 πατρὸς
2937 986 3182 1052 παροινίᾳ
3255 980 3348 1038 τὴν
3403 985 3570 1051 φυγήν
3649 999 3704 1032 η
3750 985 4140 1055 μηχανησάμε-

2484 1086 2562 1127 νος
2619 1068 2732 1138 (11)
2788 1065 2870 1120 ἐπὶ
2926 1072 3020 1125 τὴν
3073 1067 3272 1139 Ῥώμην
3316 1072 3484 1138 χωρεῖ
3537 1072 3627 1118 καὶ
3678 1076 3751 1138 τῷ
3804 1072 4002 1132 ταύτης
4054 1068 4143 1143 ἀρ-

2485 1163 2658 1228 χιερεῖ
2707 1155 2886 1208 ἑαυτὸν
2960 1161 3294 1231 προσρίπτει,
3365 1155 3596 1227 λιπαρῶς
3644 1175 3698 1208 τε
3749 1159 3917 1227 τούτῳ
3974 1177 4145 1230 προσ-

724 1250 785 1305 in
816 1265 1006 1306 unum
1062 1250 1467 1314 convenirent,
1501 1264 1572 1304 eo
1611 1249 1856 1304 nomine
1898 1256 1960 1304 ut
1990 1249 2374 1311 Hierusalem,

726 1337 831 1393 ubi
859 1338 1235 1394 Dominicum
1259 1343 1384 1394 erat
1422 1337 1788 1408 sepulcrum,
1850 1353 1959 1393 suo
2014 1353 2260 1392 accessu
2317 1338 2378 1391 in

722 1426 1056 1482 libertatem
1085 1427 1478 1482 vindicarent.
1506 1429 1616 1481 Eos
1642 1427 1700 1481 in
1724 1427 2004 1482 eumdem
2028 1427 2228 1482 locum
2251 1442 2380 1482 coe-

798 1523 820 1557 ³
860 1524 886 1574 ὁ
925 1527 1297 1596 προειρημένος
1333 1522 1558 1596 ’.Αλέξιος
1597 1538 1718 1578 om.

1907 1525 1928 1557 ⁴
1958 1528 2047 1595 καὶ
2075 1520 2136 1580 ἧν
2173 1555 2244 1562 -
2285 1521 2461 1595 ἀρχῆς
2503 1537 2632 1595 om.
2687 1524 2751 1577 D.

727 1590 987 1666 πατρικὴν
1027 1590 1308 1651 indiatan
1339 1593 1620 1663 ἐπιζητῶν,
1653 1594 1893 1648 omissis
1916 1594 2156 1666 reliquis
2191 1597 2254 1648 D.
2319 1590 2474 1644 ’τέ-ῶν

1746 1594 1893 1648 ιὶςεὶε
1916 1594 2156 1666 reliquis
2191 1597 2254 1648 D.
2319 1590 2474 1644 ’τί-ῶν
2502 1592 2708 1645 Ἰταλῶν
2735 1609 2854 1648 om.
2891 1596 2954 1648 D.
3033 1594 3053 1627 ⁸
3076 1590 3238 1667 ἕτεροι
3268 1592 3408 1648 add.
3456 1595 3517 1648 D.

4002 1248 4144 1300 Ἐπεὶ

2491 1331 2550 1387 δὲ
2579 1344 2650 1404 τῷ
2699 1341 2811 1388 τότε
2842 1336 2956 1407 (12)
2981 1338 3139 1406 τύχοι
3176 1335 3347 1394 πλήθη
3371 1335 3533 1387 πολλὰ
3590 1335 3658 1396 εἰς
3716 1337 3764 1387 ἓν
3815 1337 4147 1394 συναχθῆναι

2489 1432 2588 1475 τῶν
2631 1424 2836 1476 Ἰταλῶν
2883 1426 2923 1490 ⁷,
2970 1427 3019 1476 οἱ
3071 1427 3161 1496 μὶν
3213 1425 3234 1459 ⁸
3288 1423 3340 1486 ἐξ
3393 1423 3554 1485 αὐτῆς
3606 1423 3823 1484 Ἰταλίας
3880 1427 3928 1477 ὁὶ
3987 1422 4046 1478 6":
4092 1425 4146 1477 ἐκ

2488 1250 2716 1318 κείμενος
2780 1251 2874 1304 τὴν
2950 1251 3202 1319 πατρικὴν
3283 1242 3558 1302 ἐκδίκησιν
3621 1244 3859 1306 ἐπεζήτει
3900 1249 3942 1302 ⁸.

2829 1523 2850 1557 ⁸
2891 1521 2974 1598 ⁸ἐκ
3012 1552 3098 1598 τί
3142 1520 3384 1598 ἀμείϐοινῇ
3419 1538 3543 1598 oin.
3591 1524 3652 1576 D.
3732 1524 3752 1556 ⁸
3813 1528 4146 1598 προσρίπτιι,

1637 1690 1978 1758 Theodori
2030 1691 2279 1758 Dousa:
2329 1696 2401 1756 et
2450 1690 2692 1758 Leonis
2739 1690 2972 1758 Allatii
3027 1701 3224 1757 notae.

727 1796 1209 1852 inaestimabilem
1229 1797 1497 1869 praedam
1515 1797 1791 1853 abactam
1809 1813 2126 1869 equorum,
2143 1798 2389 1864 auri,ar-

728 1868 1298 1937 genti,gemmarum
1313 1873 1369 1923 et
1407 1870 1794 1939 pretiosarum
1835 1868 2099 1923 vestium.
2130 1869 2199 1923 Si
2234 1871 2392 1924 inter

2499 1803 2983 1868 excmcatumque
3009 1799 3186 1852 trusit
3206 1799 3267 1852 in
3280 1811 3603 1862 carcerem,
3619 1797 3933 1868 eademque
3952 1798 4154 1865 impie-

2503 1873 2624 1923 tate
2636 1873 2678 1922 Α
2693 1869 2917 1923 texium
2930 1875 3216 1936 nepotem,
3238 1868 3410 1924 lsach
3423 1870 3709 1937 genitum,
3728 1883 3916 1924 annos
3938 1868 4155 1923 duode-

728 1941 1002 2007 smgulos
1024 1939 1276 2011 (inquit)
1317 1941 1626 1994 victoriam
1645 1941 2011 2008 partiamur,
2036 1940 2282 2010 quilibet
2319 1954 2392 1994 ea:
2425 1939 2464 1992 Β
2503 1940 2615 1994 cim
2630 1939 4017 2011 agentem,nisifugaelapsusfuisset,excecare
4047 1945 4156 1994 aut

732 2012 953 2065 nostris
986 2027 1106 2064 non
1136 2013 1451 2079 pauciores
1469 2027 1647 2080 quam
1671 2017 1903 2066 centum
1932 2011 2149 2066 obsedit
2163 2017 2216 2066 et
2229 2013 2388 2066 vicit.

737 2081 918 2136 Nobis
956 2097 1070 2135 non
1104 2084 1414 2137 victoriam
1440 2097 1797 2147 usurpamus
1835 2097 1900 2133 :«
1943 2085 1987 2136 A
2025 2083 2275 2136 Domino
2310 2087 2395 2136 est

733 2155 958 2226 factum
972 2153 1162 2226 istud;
1183 2159 1234 2226 et
1247 2153 1687 2226 estmirabilem
1696 2155 1891 2226 oculis
1920 2154 2204 2226 nostrisg)
2226 2151 2400 2226 Addit

741 2242 772 2278 ιι
788 2224 961 2278 certis
985 2222 1227 2277 delectis
1244 2223 1654 2278 dieDominica
1682 2224 2124 2278 Misericordms
2156 2224 2399 2278 Domini

741 2296 1162 2418 imperatorem
1185 2294 1438 2349 electum
1467 2310 1614 2349 esse.
1659 2295 2048 2365 sequentique
2091 2295 2400 2348 Dominica

745 2369 808 2418 iu
857 2365 2394 2418 ilateDeoimrentiomniumannlaususublimatum.

732 2365 1000 2436 jubilate
1017 2367 1130 2421 Deo
1145 2365 1365 2436 ingenti
1383 2366 1655 2420 omnium
1673 2365 1968 2436 applausu
1984 2365 2394 2420 sublimatum.

745 2436 966 2490 Ibidem
1008 2437 1122 2491 hoc
1152 2435 1338 2504 titulo,
1361 2453 1527 2500 usus,
1560 2438 1607 2491 Β
1627 2435 1893 2491 tlduinus
1911 2437 2016 2491 Dei
2043 2438 2245 2506 gratia
2258 2437 2399 2504 ﬁde-

746 2509 1004 2563 tissimus
1032 2509 1362 2576 imperator
1393 2507 1768 2576 Cpolitanus,
1801 2523 1836 2563 a
1885 2509 2000 2563 Deo
2055 2514 2396 2574 coronatus,

751 2580 1052 2634 Romaniae
1080 2580 1180 2637 (ita
1202 2579 1359 2650 apud
1386 2579 1715 2633 Arnoldum
1749 2585 1838 2633 est
1874 2578 2223 2644 legendum)
2283 2594 2399 2632 mo-

743 2651 986 2705 derator
1005 2656 1056 2704 et
1083 2665 1307 2718 semper
1338 2652 1382 2703 A
1396 2656 1662 2719 ugustus.
1690 2650 2083 2705 Flandrensis
2097 2659 2148 2705 et
2167 2651 2400 2705 Henne-

743 2722 1036 2792 goviensis
1075 2723 1452 2792 comes.7Has
1507 2721 1790 2792 epistolas
1838 2721 2032 2792 legere
2070 2720 2290 2776 volenti
2340 2721 2399 2774 in

744 2791 973 2847 mundo
992 2797 1082 2845 est
1105 2791 1400 2845 Arnoldus
1430 2791 1785 2846 Lubecensis
1803 2791 1994 2847 abbas
2007 2793 2403 2855 ,continuator

746 2862 1033 2934 Helmoldi
1090 2862 1448 2934 rSclavorum
1516 2863 1980 2934 chronographi,
2037 2863 2168 2928 ipso
2213 2862 2314 2917 lib.
2349 2879 2401 2916 vr

741 2935 880 2988 ﬁne.
903 2933 1064 2987 Prior
1083 2933 1372 3003 inscripta
1389 2939 1474 2988 est
1497 2933 1989 2990 excellentissimo
2012 2935 2127 2989 Dn.
2159 2934 2400 2997 Othoni,

744 3007 853 3060 Dei
863 3006 1066 3071 gratia
1089 3006 1489 3060 Romanorum
1524 3008 2239 3074 regietsemperAugusto
2267 3019 2401 3076 ;po-

746 3078 954 3131 sterior
983 3076 1320 3130 inscribitur
1348 3078 1637 3132 universis
1678 3077 1906 3132 Christi
1960 3077 2256 3145 ﬁdelibus,
2312 3091 2408 3131 ar-

744 3147 1153 3214 chiepiscopis.
1215 3148 1503 3215 episcopis
1535 3155 1589 3203 et
1639 3148 1973 3212 abbatibus,
2019 3148 2406 3216 primoribus-

745 3220 1025 3287 praeposit
1037 3219 1487 3281 is.decanis,ctrt
1495 3222 1726 3289 erisque
1737 3221 2121 3274 ecclesiarum
2134 3220 2407 3286 praelatis

2504 2011 2838 2078 interﬁcere
2865 2009 3154 2081 quiesivit.
3185 2010 3510 2065 Perductus
3545 2011 3602 2064 in
3637 2009 3896 2065 Siciliam
3928 2010 4159 2066 Alexius

2504 2097 2644 2152 puer
2666 2097 2700 2161 a
2714 2097 2917 2161 sorore
2935 2081 3390 2161 l‘renerecipitur
3410 2086 3467 2136 et
3483 2081 3749 2161 Philippo
3765 2081 3977 2136 marito
3990 2096 4159 2161 c_om-_

2507 2151 2847 2224 mendatur,
2897 2152 3165 2224 utipatri
3224 2151 3332 2224 suo
3386 2167 3494 2223 pro
3542 2151 3689 2206 virili
3748 2168 3951 2224 Aopem
4009 2151 4163 2207 ferat

2509 2222 2686 2278 simul
2714 2221 3036 2294 etimperio
3064 2227 3120 2278 et
3150 2223 3338 2278 oculis
3364 2221 3616 2293 privato,
3652 2228 3708 2294 et
3739 2221 3981 2278 fratrem
4013 2238 4161 2293 quo-

2507 2309 2623 2374 que
2651 2293 3496 2374 juvetelxsulemetextorrem.
3517 2295 3612 2374 His
3641 2293 3734 2348 ille
3767 2294 4163 2374 prtemunitus

2507 2364 2712 2437 litteris
2731 2364 2806 2419 ad
2823 2381 3132 2420 summum
3164 2365 3506 2437 pontiﬁcem
3525 2371 3587 2437 et
3608 2364 3809 2430 regem
3837 2364 4161 2437 Alemaniae

2510 2435 2833 2507 Philippum
2850 2435 3245 2507 progreditur,
3262 2437 3529 2507 aquibus
3543 2436 3813 2491 classium
3844 2435 4162 2507 praefectis,

2507 2508 2609 2578 qui
2643 2505 2719 2561 ad
2779 2505 3116 2562 Palaetinam
3161 2505 3625 2571 contendebant,
3682 2505 4164 2578 commendatur,

2509 2583 2745 2644 uteum,
2778 2579 2826 2633 si
2857 2578 2985 2633 ﬁeri
3011 2584 3234 2650 posset,
3291 2580 3350 2633 in
3394 2580 3654 2650 patrium
3702 2578 4022 2650 imperium
4077 2593 4166 2631 re-

2509 2650 2838 2704 stituerent.
2871 2651 2937 2721 Et
2973 2649 3253 2721 exceptus
3283 2649 3721 2721 humanissime
3742 2649 3968 2721 pepigit
3984 2653 4046 2721 et
4071 2664 4166 2721 sa;

2511 2725 2818 2775 cramento
2850 2718 3208 2792 firmavit'ea
3247 2738 3307 2776 se
3335 2718 3908 2792 praebiturum—quae
3940 2720 4037 2792 vix
4086 2718 4168 2773 ad

2511 2792 2733 2846 exitum
2765 2791 3010 2863 perduci
3028 2797 3303 2863 poterant
3331 2791 3504 2863 {nam
3533 2798 3745 2862 praeter
3772 2791 4168 2863 pecuniarum

2513 2878 2751 2917 acervos
2768 2861 3067 2917 auxilium
3107 2871 3314 2918 contra
3343 2861 3668 2919 Saracenos
3713 2861 3852 2917 cum
3883 2861 4171 2917 Romanis

2513 2933 2798 3006 militibus
2824 2940 2880 2988 et
2909 2934 3350 3006 quinquaginta
3392 2934 3759 3006 triremibus”
3786 2932 4081 3006 promisit,
4115 2936 4175 2986 et

2520 3005 2860 3076 Latinorum
2883 3004 3232 3066 religionem
3256 3005 3572 3076 amplexus
3593 3004 4038 3076 privilegiorum
4065 3005 4175 3058 Ro-

2516 3075 2680 3130 mani
2713 3076 3008 3148 pontiﬁcis
3034 3075 3374 3148 ejusquein
3393 3075 3672 3132 Orientali
3696 3076 3948 3147 imperio
3970 3079 4176 3148 aucto-

2515 3145 3165 3219 ritatis’restitutionem
3193 3145 3943 3219 ‘pollicetur,promittens,
3985 3145 4176 3200 verba.

2517 3223 2656 3272 sunt
2677 3218 2999 3273 lnnOCentii
3025 3234 3198 3289 papae
3216 3217 3478 3289 epistola
3497 3218 3570 3273 ad
3602 3217 3872 3272 Alexium
3913 3219 4175 3287 impera-

749 3290 1274 3359 ecctesmstit-isque
1300 3305 1449 3357 pers-
1462 3292 1572 3344 mis
1585 3291 1927 3356 baronibus,
1957 3291 2406 3354 militibus,sar-
2440 3290 2480 3345 C
2516 3294 2706 3344 torem
2734 3289 3131 3360 Cpolitanum,
3160 3305 3309 3361 puer
3339 3305 3556 3360 nempe
3578 3289 3838 3353 Alexius,
3869 3289 4028 3360 quod
4048 3294 4176 3361 tam

747 3363 963 3416 ziantis
980 3360 1257 3430 omnique
1292 3363 1516 3429 populo
1559 3362 1896 3416 Chritiano.
1941 3367 2128 3432 Atque
2195 3361 2408 3416 eadem

750 3434 875 3486 haec
909 3438 1370 3487 repriesentatnr
1417 3433 1677 3487 etiamin
1723 3432 2053 3487 Annalibus
2107 3432 2409 3487 Godofridi

749 3503 1056 3568 monachi,
1096 3518 1203 3574 ceu
1246 3504 1430 3557 missa
1471 3503 1681 3558 Adolfo
1735 3504 2066 3558 Coloniensi
2123 3504 2408 3574 archiepi-

748 3589 953 3644 scopo.
985 3572 1542 3644 Conferantquibus
1573 3576 1760 3629 otium
1789 3582 1845 3630 et
1893 3574 2099 3630 lubido
2123 3579 2228 3631 est.
2275 3572 2410 3629 mu-

751 3652 973 3715 tuaque
1008 3661 1192 3715 opera
1207 3661 1338 3699 eam
1361 3647 1691 3702 restituant.
1718 3647 1949 3715 Legitur
1978 3646 2197 3701 ibidem
2223 3655 2277 3701 et
2297 3645 2410 3700 alia

748 3716 1027 3786 epistola,
1057 3732 1244 3787 quam
1288 3719 1571 3771 Henricus
1615 3721 1741 3786 (qui
1812 3717 1941 3772 aliis
1997 3719 2184 3786 Hugo)
2213 3719 2408 3773 Sancti

750 3787 912 3842 Pauli
935 3803 1139 3841 comes
1187 3787 1436 3843 Henrico
1467 3788 1608 3842 duci
1636 3792 1710 3843 de
1744 3789 2024 3853 Lovanio,
2057 3788 2114 3842 id
2151 3794 2239 3844 est
2273 3791 2407 3843 Bra-

745 3858 988 3931 bantite,
1024 3858 1206 3931 misit.
1245 3859 1437 3923 Quam
1498 3859 1629 3914 vide
1659 3879 1670 3923 ;
1709 3865 1765 3914 et
1795 3860 1968 3931 plura
1996 3860 2040 3913 si
2077 3861 2261 3928 voles,
2297 3859 2409 3914 ad-

747 3929 886 3984 hibe
919 3930 1289 3984 Guntherum
1326 3931 1690 3985 monachum
1747 3929 2003 3985 ctenobii
2061 3931 2407 3986 Parisiensis

745 4001 805 4055 in
840 4000 1098 4074 Al-atia._
1128 4002 1230 4074 qui
1263 4000 1567 4074 historiam
1622 4002 1777 4056 hanc
1829 4009 2016 4072 captae
2059 4001 2309 4074 Cpoleos
2334 4018 2408 4056 ex

748 4087 848 4127 ore
876 4071 1099 4144 Martini
1127 4071 1365 4144 abbatis
1397 4074 1508 4134 sui,
1540 4073 1645 4144 qui
1691 4071 2120 4144 expugnationi
2154 4075 2405 4128 etvicto-

749 4144 849 4224 rite
866 4143 1145 4224 interluit.
1163 4143 1639 4224 fusedescripsit.
1662 4143 1882 4224 editam
1907 4160 2189 4224 nupereig
2215 4162 2405 4224 mem--

751 4215 957 4268 branis
985 4214 1063 4267 ab
1095 4215 1340 4268 lienrico
1381 4214 1615 4283 Canisio
1665 4214 2036 4285 Noviomago
2083 4217 2123 4269 Ι.
2151 4217 2215 4273 C.
2261 4217 2406 4271 anti-

755 4302 890 4356 quae
923 4285 1190 4340 lectionis
1223 4292 1387 4340 tomo
1412 4289 1470 4350 V’,
1506 4293 1654 4358 part.
1687 4303 1745 4341 ιι.
1781 4288 1995 4343 ΒουςΑ.

830 4362 940 4411 (lli
995 4362 1207 4429 (bur/an
1243 4376 1295 4408 re
1384 4361 1846 4429 μηχανησάμενος.
1927 4359 2166 4414 Alexius
2218 4358 2411 4413 obcae-

757 4429 868 4482 cati
906 4430 1104 4502 lsaacii
1132 4427 1307 4486 tilius.
1352 4429 1429 4502 ab
1459 4427 1658 4502 Alexio
1683 4427 1900 4502 patruo
1920 4447 1950 4483 a
1973 4431 2246 4484 custodia
2269 4430 2410 4502 edu-

757 4504 907 4564 ctus,
962 4498 1230 4573 libertate
1276 4507 1331 4554 et
1370 4500 1628 4573 licentia,
1673 4498 1864 4565 utens,
1923 4502 2217 4573 quidquid
2252 4501 2415 4556 aliter

759 4576 955 4625 narret
983 4570 1243 4625 Blondus
1267 4571 1477 4626 Decad.
1505 4591 1556 4637 ιι,
1577 4572 1657 4627 lib
1677 4589 1742 4643 ιι,
1768 4570 2035 4628 Alexium
2060 4570 2414 4642 contrapro—

2518 3363 2578 3414 in
2610 3358 2933 3415 subsidium
2967 3358 3178 3416 Terrte
3194 3368 3420 3416 sancto?
3435 3358 3614 3430 quam
3635 3362 3694 3415 in
3723 3358 4180 3428 expensisetdo-

2520 3433 2739 3486 nativis
2767 3434 2846 3486 eis
2880 3433 3196 3501 magniﬁce
3215 3433 3614 3500 responderet,
3629 3440 3884 3500 paratus
3904 3432 4082 3486 etiam
4111 3431 4176 3501 in

2519 3503 2788 3557 omnibus
2811 3509 2864 3558 et
2874 3519 2980 3570 per
2989 3500 3187 3558 Omnia
3201 3505 3418 3558 nostris
3436 3509 3596 3558 stare
3610 3504 4004 3563 mandatis,eo
4016 3500 4183 3572 quod

2519 3580 2958 3629 sacrosanctam
2978 3576 3303 3630 Romanam
3319 3576 3645 3630 Ecclesium
3661 3574 3828 3630 vellet
3845 3577 4020 3642 juxta
4045 3588 4178 3641 pos-

2519 3660 2580 3700 se
2595 3661 2767 3699 suum
2780 3646 2969 3700 modis
2985 3643 3256 3701 omnibus
3273 3647 3587 3704 honorare.
3603 3661 3675 3700 ac
3688 3661 3755 3700 ea
3787 3646 4025 3714 efﬁcere
4040 3657 4179 3714 quae

2519 3723 2738 3771 nostrae
2753 3717 3194 3784 forentplacita
3218 3719 3535 3772 voluntati.
3555 3718 3645 3771 Sic
3668 3717 3758 3771 ille
3780 3715 4010 3782 Cpolim
4038 3730 4178 3769 con-

2519 3787 2880 3860 duciturild
2927 3805 3064 3842 cum
3102 3789 3372 3860 rescisset
3430 3788 3668 3843 Alexius
3740 3794 4012 3860 patruus.
4047 3788 4180 3857 ipse

2517 3874 2760 3929 quoque
2791 3859 3020 3923 legatos
3053 3859 3127 3914 ad
3155 3859 3500 3931 pontiﬁcem
3534 3860 3721 3931 misit,
3741 3859 3846 3931 qui
3873 3872 4178 3930 propone-

2517 3935 2664 3993 rent,
2697 3930 3172 3986 Christianorum
3202 3931 3526 3987 exercitum
3550 3931 3609 3985 in
3637 3930 3970 3985 subsidium
3986 3931 4179 3984 Terrae

2518 4006 2735 4056 sanctae
2750 4002 3079 4057 destinasse
3103 4018 3243 4057 suas
3275 4003 3549 4072 regiones
3575 4001 3854 4057 invadere
3887 4008 3942 4055 et
3968 4008 4182 4055 contra.

2519 4073 2884 4129 Christianos
2901 4089 3066 4129 arma
3086 4089 3352 4144 movere;
3370 4073 3459 4128 sui
3489 4073 3752 4128 muneris
3769 4088 3901 4128 esse
3923 4077 3987 4127 ut
4016 4088 4120 4144 eos
4141 4086 4182 4125 a

2517 4144 2618 4199 tali
2641 4145 2947 4215 proposito
2965 4151 3287 4209 revocaret,
3322 4143 3396 4200 ne
3421 4161 3628 4199 eorum
3661 4161 3876 4199 manus
3907 4143 4181 4198 Christia-

2520 4232 2724 4270 norum
2740 4217 3031 4283 sanguine
3047 4216 3413 4271 fcedarentur
3426 4223 3483 4270 et
3506 4215 3899 4272 lieioffensam
3915 4217 4183 4268 incurre-

2519 4293 2666 4348 rent,
2686 4303 2758 4341 ne
2774 4287 2975 4342 Alexio
2989 4287 3109 4342 tilio
3127 4291 3207 4342 lsa
3220 4287 3349 4352 acii,
3367 4288 3468 4358 qui
3483 4293 3691 4342 contra
3705 4287 4004 4358 imperium
4029 4285 4182 4358 lapi-

2521 4359 2907 4412 demomnem
2924 4359 3211 4422 movebat,
3227 4356 3401 4430 Openi
3420 4364 3744 4430 praestaret,
3775 4356 3912 4413 cum
3948 4356 4183 4430 imperi-

2524 4430 2782 4484 umillud
2803 4446 2919 4484 non
2947 4428 3344 4499 successione,
3380 4428 3483 4484 sed
3507 4430 3790 4485 electione
3817 4428 4184 4484 confortare-

2524 4507 2707 4569 tur,et
2733 4500 3170 4573 Alexius,prius
3201 4518 3386 4572 quam
3419 4508 3588 4573 pater
3619 4502 3747 4572 ejus
3775 4507 3932 4556 esset
3957 4501 4186 4573 impera

2525 4580 2633 4638 tor,
2669 4579 2842 4628 natus
2870 4569 3158 4638 esset,nec
3186 4569 3548 4643 poterat—sibi
3573 4573 3629 4627 in
3651 4569 3910 4643 imperio
3928 4569 4058 4641 ejus
4079 4569 4188 4625 ali-

755 4646 1131 4716 tostratorem
1174 4643 1471 4698 exiturum
1503 4644 1581 4698 ad
1631 4646 2083 4700 Democraniam
2125 4645 2412 4716 sequitur.
2453 4644 2494 4702 D
2524 4644 2686 4715 quod
2707 4644 3038 4716 _vindicare.
3068 4644 3318 4716 Quidad
3345 4645 3473 4700 haec
3502 4643 3878 4715 responderit
3904 4659 4186 4716 summus

758 4713 828 4788 l_s,
863 4713 1305 4788 neciabnuente
1343 4722 1575 4788 patruo,
1613 4733 1750 4770 cum
1789 4717 2003 4788 Pisano
2033 4713 2301 4788 quodam
2341 4716 2414 4770 de

754 4783 897 4851 fuga
932 4784 1181 4858 consilio
1204 4783 1371 4858 inito,
1401 4786 1500 4840 ubi
1533 4787 1858 4852 navigandi
1902 4783 2411 4858 opportunitatem

752 4860 1068 4925 captasset.
1096 4857 1170 4911 ad
1197 4851 1552 4927 Hellesponti
1585 4851 1899 4914 Auloniam
1916 4851 2118 4925 fertur,
2149 4864 2206 4914 et
2232 4859 2410 4929 Athy-

751 4943 830 5000 rte
853 4943 1242 5000 commorans
1265 4944 1369 4999 per
1393 4930 1684 5000 scapham
1708 4931 1876 4985 navis
1898 4930 1972 4985 ad
1998 4947 2212 4986 navem
2239 4946 2410 4996 gran-

749 4998 1278 5073 demApervehitur.’
1305 4998 1564 5073 Conatus
1596 5002 1654 5056 in
1676 5017 1747 5056 eo
1771 5002 2064 5073 capiendo
2099 5002 2276 5057 Alexii
2305 5018 2409 5073 pa-

750 5071 861 5124 trui
882 5069 1100 5124 frustra
1130 5087 1341 5125 omnes
1383 5071 1544 5126 fuere
1575 5089 1586 5126 :
1618 5088 1758 5128 nam
1788 5069 1881 5128 ille
1905 5089 2081 5129 coma
2113 5074 2168 5128 in
2199 5069 2404 5128 orbem

746 5157 886 5196 rasa
919 5148 974 5195 et
1017 5143 1223 5196 Latina
1270 5149 1431 5197 veste
1473 5143 1708 5205 induta.
1753 5151 1809 5199 et
1848 5145 1906 5200 in
1961 5146 2140 5200 turba
2186 5161 2406 5202 manna

746 5213 1099 5275 obversans,
1134 5214 1515 5285 inquisitores
1541 5216 1728 5271 latuit.
1777 5216 2060 5273 Choniata
2101 5219 2159 5271 in
2192 5219 2406 5273 Alexio

748 5285 1070 5357 Comneno.
1103 5285 1184 5340 lib
1207 5302 1283 5344 ιιι.
1317 5301 1376 5356 p.
1406 5291 1528 5357 710,
1577 5292 1659 5343 l2.
1690 5287 1874 5342 Alexii
1921 5289 1978 5343 in
2011 5288 2406 5343 custodiendo

746 5356 974 5432 Isaacio
1003 5355 1177 5411 fratre
1198 5355 1497 5432 excaecato
1516 5355 1950 5432 negligentiam
1982 5375 2100 5432 non
2136 5360 2261 5415 sine
2301 5376 2402 5432 pe-

741 5427 930 5482 riculo
968 5433 1154 5484 notat.
1197 5429 1346 5494 Quid
1381 5446 1524 5494 ergo
1573 5427 1832 5498 nugatur
1871 5431 2137 5486 Blondus
2191 5427 2400 5487 Hist'or.

740 5499 952 5554 decad.
978 5516 1033 5569 ιιἓ
1065 5499 1215 5555 libro
1257 5501 1598 5558 v1?Frater
1643 5513 1771 5558 erat
1816 5504 2054 5558 Alexius
2096 5508 2268 5559 aetate
2295 5506 2403 5559 mi-

740 5587 872 5645 nor,
907 5587 1040 5645 cum.
1068 5588 1183 5642 quo
1223 5573 1736 5640 indulgentissime
1765 5575 1996 5645 agebat,
2035 5575 2183 5631 adeo
2220 5583 2282 5630 ut
2312 5577 2402 5630 ni-

738 5643 830 5699 hil
851 5644 964 5698 sibi
995 5644 1078 5698 ad
1121 5659 1411 5700 summam
1456 5643 1998 5702 administrationis
2042 5653 2260 5716 praeter
2293 5650 2398 5703 im-

733 5718 1107 5784 peratorium
1119 5716 1334 5772 deesset
1357 5733 1569 5774 nomen
1582 5731 1602 5784 ,'
1620 5733 1869 5789 eumque
1894 5735 1930 5774 a
1955 5721 2161 5775 Turcis
2187 5735 2296 5776 sua
2325 5726 2401 5776 te-

687 5854 690 5858 .
732 5789 1008 5844 maritate
1036 5795 1272 5857 captum
1316 5790 1645 5858 imperator
1672 5805 1889 5860 magna
1921 5795 1976 5846 vi
1999 5795 2268 5859 pecuniae
2295 5793 2400 5847 im-

727 5875 938 5930 pensa.
970 5860 1327 5933 redemerat.
1363 5861 1475 5928 Qui
1507 5864 1760 5930 pessimo
1820 5879 1913 5920 vir
1940 5865 2180 5933 ingenio
2202 5865 2399 5932 piissi-

730 5948 890 5989 mum
938 5932 1639 6005 indulgentissimumque
1654 5934 1916 6006 fratrem
1965 5932 2103 5995 dcto
2152 5943 2397 6009 captum

2525 4714 2890 4785 pontifex,ex
2921 4715 3189 4786 ejusdem
3223 4715 3426 4772 litteris
3450 4716 3525 4771 ad
3563 4714 3846 4770 eumdem
3878 4714 4184 4786 Alexium.

2523 4784 2677 4857 quas
2709 4784 3019 4858 perperam
3049 4787 3272 4842 nonulli
3307 4787 3384 4843 ad
3410 4784 4184 4843 lsaaciumreleruntvideri

2567 4864 2738 4912 otesl.

2523 4873 2964 4996 ρίῗῗὲἶλεπιὶδὶι
2991 4949 3060 5000 τῳ
3120 4935 3252 4984 τότε.
3318 4929 3533 4985 Classis
3595 4931 3810 4984 Veneta
3868 4928 3944 4984 ab
4013 4928 4182 4982 Erico

2524 5002 2795 5056 Dandulo
2848 5001 3229 5056 Venetiarum
3284 5002 3455 5067 duce,
3534 5001 3850 5057 hominum
3901 5000 4179 5054 omnium

2520 5074 2734 5128 Graecis
2786 5073 3210 5140 infensissimo,
3239 5073 3517 5128 deducta.
3555 5071 4012 5139 UbretusFolita,
4066 5072 4176 5127 Ge-

2517 5160 2721 5200 nuens.
2737 5145 2872 5199 Hist.
2895 5145 3060 5201 llb.IV
3079 5166 3090 5198 :
3106 5145 3370 5200 Michael
3391 5146 3780 5214 Palaeologus
3802 5159 3922 5199 sese
3943 5144 4181 5198 navali.

2519 5215 2624 5269 bus
2637 5216 2862 5285 opibus,
2879 5217 3090 5287 quibus
3101 5233 3165 5271 eo
3183 5225 3444 5284 tempore
3455 5218 3695 5271 omnino
3710 5216 3972 5276 carebat,
3988 5217 4183 5269 muni-

2515 5302 2585 5342 en
2599 5288 2740 5343 dum
2754 5296 2924 5342 ratus
2947 5289 3233 5343 adversus
3263 5289 3500 5344 Venetos
3515 5294 3829 5356 perpetuos
3862 5287 4177 5343 Gtesarum

2517 5360 2855 5414 Graecorum
2883 5360 3094 5416 hostes.
3115 5361 3554 5431 quorumquein
3575 5361 3795 5414 Graecis
3807 5356 4178 5431 expellendis

2516 5447 2736 5498 magna
2753 5447 2896 5500 pars
2923 5430 3364 5499 operte/uerat,
3397 5433 3616 5502 quique
3645 5431 3978 5499 complures
4000 5430 4180 5484 urbes

2514 5517 2585 5558 ac
2607 5503 2734 5558 loca
2758 5505 2996 5570 imperii
3020 5503 3323 5563 tenebant.
3357 5505 3418 5558 in
3441 5517 3607 5571 opem
3641 5503 4006 5558 Genuensem
4028 5518 4178 5555 con-

2511 5575 2695 5643 fugit.
2732 5575 3133 5645 Expeditionis
3179 5575 3320 5630 socii
3370 5575 3787 5645 adjunguntur
3839 5572 4176 5628 Bonifacius

2516 5647 2781 5702 marchio
2803 5644 3232 5709 Montisferrati,
3269 5647 3559 5702 Flandriae
3590 5661 3792 5702 comes
3820 5644 4174 5712 Balduinus,

2511 5733 2713 5773 comes
2744 5720 2941 5774 Sancti
2974 5718 3133 5773 Pauli
3171 5719 3386 5783 Ericus,
3421 5734 3624 5774 comes
3660 5717 3805 5773 Pleas
3850 5717 4168 5782 Lodoicus,

2508 5793 2564 5845 et
2590 5790 2685 5845 alii
2726 5790 3090 5862 complures,
3125 5789 3302 5846 tradit
3332 5791 3642 5857 Choniata,
3686 5788 3952 5862 audaces
3982 5787 4173 5844 bella-

2509 5867 2666 5944 tores
2705 5869 2762 5918 et
2800 5860 3037 5944 statura
3069 5862 3190 5944 suis
3238 5862 3425 5944 hastis
3451 5860 3908 5944 propemodum
3967 5876 4171 5932 pares.

2506 5935 2760 5990 Navium
2800 5939 2922 5992 toto
2969 5934 3227 5990 triennio
3285 5932 3538 5991 Venetiis
3579 5932 4174 6004 ‘fabricatarummec
