4484 6446
327 335 434 388 981

1863 324 2211 380 ANNALES.

3645 330 3750 384 982

322 463 418 515 τῆς
448 463 549 506 τῶν
588 454 836 526 Φράγκων
894 454 977 517 [Ρ.
1027 450 1082 520 3]
1123 448 1318 524 ἀρχῆς,
1365 448 1419 501 ἐκ
1469 448 1518 502 δ’
1565 452 1774 504 Ἐνετῶν
1824 454 1984 524 ἕτεροι
2014 454 2058 504 Α

1978 471 1984 500 '.
2014 454 2058 504 Α
2099 455 2285 518 gerat,
2324 452 2430 523 qui
2461 457 2599 508 tunc
2632 457 2859 508 tantam
2897 467 3175 506 summus
3211 452 3489 507 sacerdos
3533 452 3749 508 seniori

323 549 417 595 καί
473 541 525 604 ἐξ
579 540 741 593 enim»
792 539 955 601 ἄλλοι,
1007 543 1096 590 καὶ
1165 541 1194 596 ἡ
1266 542 1526 610 πρόφασις
1579 545 1646 601 είς
1701 538 1984 610 ὲ).ευθεριαν

321 641 420 692 τῆς
488 629 828 704 Ἰερουσαλήμ
883 627 1140 693 ἀπελθεῖν,
1198 632 1324 678 ὅπου
1381 629 1406 678 ό
1466 634 1716 698 κυριακος
1786 629 1986 698 τυγχά-

321 739 398 772 νει
454 723 630 791 τάφος,
695 714 754 774 ἦν
810 714 868 769 δε
929 718 954 767 5
1021 719 1239 776 τούτους
1315 718 1660 789 συναθροίσας
1703 718 1724 750 9
1795 717 1904 785 (13)
1960 717 1985 767 ό

321 811 703 883 οἱρχιερατικώς
775 814 864 866 τῆς
947 804 1297 878 πρεσϐυτέρας
1399 807 1778 876 προίστάμενος
1865 805 1986 856 Ῥώ-

323 917 451 968 μης,
501 902 576 962 ὅν,
643 902 713 956 ὡς
758 898 1107 967 προειρήκειν,
1165 895 1292 964 ὑπέρ
1350 903 1441 954 τῆς
1498 902 1754 968 πατρικῆς
1810 893 1982 966 ἀρχῆς

321 991 350 1038 ό
405 993 499 1038 τοὺ
553 987 821 1038 Ἰσαακίου
890 982 1172 1050 ἐξελιπάρει
1244 986 1375 1049 υίὸς,
1445 990 1556 1042 ταῖς
1618 981 1983 1054 παρακλήσεσὶ

1399 807 1778 876 προίστάμενος

321 1082 416 1126 τοῦ
446 1071 637 1133 παιδός
688 1069 1022 1132 δυσωπηθείς
1059 1072 1084 1121 ό
1138 1071 1376 1135 πάππας,
1417 1070 1646 1142 μάλιστα
1679 1071 1722 1104 ¹⁰
1767 1067 1824 1122 δὲ
1868 1078 1982 1131 ταῖς

321 1164 684 1233 ὑποσχεσεσιν
737 1160 1051 1230 (ἐτύγχανον
1115 1163 1214 1231 γὰρ
1284 1155 1676 1231 ἀδραι,(14),
1747 1155 1979 1230 παραδί-

321 1247 463 1302 δωσι
535 1254 622 1300 τόν
705 1245 876 1300 παῖδα
948 1245 1052 1307 τοῖς
1107 1249 1331 1317 ἡγεμόσι
1401 1257 1499 1298 τὼν
1570 1248 1976 1318 στρατευμάτον,

318 1340 388 1399 ὡς
444 1339 505 1390 ἀν
568 1339 722 1390 αὐτόν
797 1345 890 1398 τῆς
963 1341 1302 1408 προκειμένης
1363 1335 1690 1398 ἐκνεύσαντες
1747 1344 1818 1387 τῶ
1875 1355 1977 1387 πα-

316 1448 483 1499 τρικῳ
533 1427 984 1496 ἐγκαταστήσαιεν
1045 1427 1085 1459 ¹¹
1150 1426 1332 1498 θρόνω,
1377 1424 1688 1496 ἀναλώματοὶ
1745 1444 1797 1477 τε
1855 1426 1978 1497 παρ’

319 1518 484 1568 αὐτοῦ
559 1513 759 1567 λάϐοιεν
817 1516 988 1566 ὁπόσα
1061 1513 1121 1564 ἂν
1167 1513 1282 1565 καθ’
1339 1510 1461 1564 όδόν
1520 1513 1835 1564 ἀναλώσαιεν
1889 1533 1978 1564 και

317 1608 492 1657 ὁπόσα
557 1609 675 1678 περὶ
745 1608 837 1660 τὴν
909 1606 1299 1656 Κωνσταντίνου
1377 1598 1749 1673 βραδύναντες.
1823 1603 1976 1659 Ἀνή-

315 1696 538 1765 χθησαν
587 1689 675 1744 οὖν
750 1692 895 1743 οὗτοι
960 1697 1194 1764 τριήρεσι
1278 1710 1331 1742 τε
1392 1696 1481 1742 καὶ
1544 1696 1698 1742 ναυσὶ
1753 1691 1970 1752 κοίλαις.

317 1785 462 1837 Ἐπεί
513 1780 572 1834 δὲ
638 1790 697 1854 τῇ
766 1786 1154 1834 Κωνσταντίνου
1226 1780 1581 1853 προσώκειλαν
1636 1780 1868 1851 εὐτυχῶς
1927 1779 1974 1831 ἐν

317 1875 580 1942 πνεύμασι
655 1877 831 1944 φοροῑς
885 1872 997 1937 (lii)
1077 1873 1410 1940 πεποιημένοι
1491 1875 1584 1925 τὴν
1669 1865 1854 1920 ανοὸον
1905 1870 1970 1928 ¹²,

312 1961 639 2032 ’γνωρίζουσι
693 1968 797 2020 τοῖς
860 1959 962 2011 ἐκεῖ
1011 1960 1056 1993 ¹³
1117 1962 1204 2009 τόν
1252 1955 1441 2029 μαῑδα,
1489 1963 1580 2015 τὴν
1631 1954 1864 2023 ἀδικίαν,
1911 1962 1974 2010 τὰ

317 2046 414 2102 διὰ
470 2056 638 2101 ταῦτα
707 2055 799 2100 τοῦ
865 2050 1061 2120 Ῥώμης
1122 2047 1428 2119 ἐντάλματα.
1491 2052 1666 2121 Μέχρι
1719 2052 1809 2119 μὲν
1885 2056 1973 2099 ουν

313 2159 450 2200 τινος
501 2139 648 2209 λόγοι
700 2157 753 2190 τε
806 2137 858 2200 ἐξ
907 2137 1204 2210 ἀμφοτέρων
1275 2140 1317 2172 ¹⁵
1370 2136 1690 2208 ἐγεγόνεισαν
1731 2146 1829 2189 τῶν
1882 2157 1970 2208 με·

310 2235 409 2300 ρῆν
459 2232 548 2280 καί
587 2229 764 2299 μάχαι
792 2229 926 2278 κατ-οἱ
982 2230 1177 2298 χερσόν
1221 2230 1334 2295 (19)
1387 2231 1634 2300 ἰσχυραὶ,
1686 2225 1970 2298 ξυμϐἀσεις

309 2338 367 2370 τε
411 2317 465 2369 ἐκ
522 2315 804 2382 πρεσϐειῶν
866 2312 982 2368 οὐδ’
1040 2315 1167 2378 ὅλως
1234 2314 1549 2370 συνέϐαινον.
1606 2315 1742 2368 Ἐπεὶ
1815 2313 1873 2368 δέ
1943 2319 1968 2368 ό

310 2406 562 2479 βασιλεὺς
640 2405 864 2468 Ἀλέξιος
935 2413 1045 2466 τοῖς
1125 2409 1379 2466 τοιούτοις
1446 2405 1722 2462 ἀπώκνησε
1797 2408 1967 2479 πράγ-

313 2516 453 2569 μασι
553 2496 785 2567 μάλιστα
837 2492 895 2546 δὲ
954 2494 1201 2568 ἀπείρηκε
1255 2503 1364 2557 τοῖς
1420 2494 1560 2558 ἐντός
1616 2515 1689 2557 εις
1755 2499 1960 2566 σύγχυ-

2100 541 2297 594 Romee
2327 546 2580 612 praeerat
2612 559 2624 604 ;
2665 556 2866 612 quem,
2903 540 2984 594 uti
3014 539 3303 604 dixeram,
3337 555 3448 612 pro
3501 545 3751 611 paterno

2098 627 2346 699 imperio
2368 629 2780 700 recuperando
2799 629 3007 684 lsaacii
3028 628 3184 682 ﬁlius
3207 627 3458 699 supplici
3482 628 3751 683 oratione

2096 715 2400 772 exorabat.
2449 715 2852 772 Adolescentis
2896 715 3196 788 precibus,
3251 714 3374 770 imo
3404 715 3752 787 promissio-

2094 820 2229 860 rum
2286 804 2503 877 (neque
2536 805 2696 860 enim
2731 805 2949 875 exigua
2987 803 3281 876 pollicitus
3322 802 3537 872 fuerat)
3565 819 3748 876 expe-

2093 894 2350 948 ctatione
2362 898 2559 948 motus
2572 893 2883 964 copiarum
2907 893 2942 947 d
2953 892 3162 952 ucibus
3178 892 3463 963 juvenem
3480 892 3752 947 commit-

2094 982 2178 1050 tit,
2203 987 2265 1037 ut
2294 982 2344 1052 7
2377 999 2514 1038 eum
2541 982 2615 1038 de
2643 983 2737 1038 via
2767 982 3121 1038 decedentes
3178 985 3428 1052 paterno
3479 980 3631 1036 solio
3662 995 3748 1036 re-

2092 1071 2416 1134 stituerent,
2447 1076 2722 1143 sumptus
2743 1073 2867 1126 sive
2890 1071 2949 1125 in
2970 1070 3177 1125 itinere
3199 1069 3319 1124 sive
3340 1069 3505 1141 apud
3527 1071 3748 1141 Byzan-

2092 1160 2202 1214 tios
2256 1175 2426 1215 mora
2467 1161 2741 1232 impenso
2770 1159 2848 1216 ab
2878 1159 3008 1232 ipso
3040 1159 3430 1230 susciperent.
3477 1157 3746 1213 Triremi-

2087 1248 2204 1303 bus
2254 1250 2452 1320 itaque
2496 1254 2550 1304 et
2588 1249 2840 1304 navibus
2896 1247 3256 1304 conscensis:
3309 1245 3744 1302 secundissime

2087 1338 2410 1410 rapacibus
2449 1339 2638 1394 ventis
2669 1338 2784 1394 acti
2815 1337 3043 1410 Cpolim
3072 1338 3428 1409 perveniunt
3461 1354 3473 1391 :
3507 1335 3592 1392 ibi
3622 1351 3746 1391 ma-

2089 1426 2365 1482 nifestant
2382 1427 2846 1493 adolescentem,
2869 1431 3101 1499 patrata
3122 1426 3366 1494 scelera,
3390 1430 3549 1480 unde
3569 1429 3747 1480 enata

2081 1515 2258 1585 jussa
2287 1515 2580 1586 pontiﬁcis
2630 1522 2764 1571 ante
2814 1514 3019 1571 oculos
3049 1513 3323 1570 omnium
3375 1519 3747 1586 proponunt.

2089 1604 2400 1672 Congressi
2430 1610 2572 1660 sunt
2600 1620 2704 1676 per
2732 1604 2913 1659 breve
2945 1608 3181 1674 tempus
3216 1621 3228 1669 ;
3264 1602 3567 1674 colloquia
3596 1601 3749 1657 inter

2088 1693 2302 1748 ambas
2341 1699 2538 1763 partes
2577 1698 2998 1765 processerunt
3033 1709 3045 1759 ;
3078 1691 3295 1763 prmliis
3334 1707 3442 1746 nec
3483 1695 3748 1746 contem-

2088 1781 2302 1836 nendis
2326 1782 2402 1836 ad
2427 1782 2636 1836 urbem
2659 1781 2990 1836 decernunt
3017 1800 3030 1848 ;
3063 1780 3174 1837 Sed
3197 1779 3597 1849 legationibus
3619 1779 3746 1834 irri-

2088 1870 2158 1924 tis
2213 1870 2454 1939 gravius
2498 1870 2808 1927 dissident.
2860 1871 2957 1924 His
2989 1870 3312 1942 imperator
3344 1867 3582 1923 Alexius
3614 1868 3742 1922 ani-

2086 1977 2251 2015 mum
2275 1960 2678 2031 despondens,
2711 1960 2856 2032 quin
2884 1959 3005 2014 imo
3047 1958 3494 2014 tractationibus
3520 1957 3741 2013 civium

2082 2048 2345 2104 confusis
2368 2048 2479 2104 illis
2499 2050 2744 2120 quidem
2766 2065 2835 2104 ac
2857 2047 3103 2103 lubricis
3130 2046 3738 2118 difﬁdens,contemp-

2080 2138 2152 2192 tis
2203 2138 2604 2209 neglectisque
2649 2137 2931 2192 omnibus
2962 2136 3171 2207 fugam
3201 2135 3468 2208 arripuit,
3525 2141 3737 2206 sponte

2077 2226 2345 2299 quidem,
2389 2227 2492 2282 sed
2531 2226 2800 2282 illubenti
2827 2226 3049 2296 animo,
3079 2242 3219 2281 cum
3251 2224 3395 2280 illud
3421 2223 3736 2280 enuntias-

2079 2322 2186 2382 set,
2220 2322 2281 2371 ut
2310 2316 2481 2372 auriti
2517 2321 2695 2371 testes
2727 2315 3006 2380 referunt,
3038 2338 3058 2365 ι
3091 2314 3275 2370 David
3305 2314 3450 2382 fuga
3480 2313 3736 2370 salutem

2077 2404 2188 2460 sibi
2248 2406 2493 2477 peperit,
2551 2428 2578 2452 ››
2624 2421 2746 2460 una
2795 2421 3001 2459 secum
3036 2408 3115 2470 _et
3171 2421 3355 2460 uxore
3407 2407 3462 2458 et
3513 2402 3737 2474 ingenti

2080 2495 2471 2567 pecuniarum
2490 2494 2543 2549 vi
2561 2511 2632 2549 ex
2654 2493 3039 2565 imperatorio
3061 2493 3270 2548 aerario
3293 2498 3521 2548 avecta.

309 2605 394 2637 σιν
450 2583 806 2637 ἀποϐλέπουσι
851 2589 941 2636 καί
989 2593 1207 2636 νοσουσι
1246 2588 1303 2636 τό
1353 2586 1600 2649 ἄστατον,
1652 2588 1717 2636 re
1764 2587 1933 2636 πάντα
1965 2589 2173 2659 χαίρειν
2205 2583 2364 2646 ἐάσας
2413 2588 2523 2655 (19)
2557 2591 2691 2655 φυνγῇ
2727 2581 2998 2657 ἐχρήσατο
3026 2583 3149 2634 ἑκὼν
3176 2581 3449 2654 ἀέκοντί-γε
3489 2585 3636 2654 θυμῷ
3669 2582 3737 2646 ¹⁵,

306 2683 463 2726 τοῦτο
514 2673 581 2731 δὴ
625 2675 668 2708 ¹⁶
701 2693 1020 2747 προσειπων,
1049 2676 1117 2734 ὡς
1165 2675 1214 2725 οἱ
1245 2671 1525 2734 ἀκηκοότες
1579 2676 1827 2745 ἓφασκαν,
1873 2679 1930 2725 τό
1963 2697 1989 2724 ‹‹
2025 2670 2190 2726 Δαϐὶδ
2222 2679 2396 2746 φυγὼν
2431 2676 2544 2743 (18)
2592 2671 2786 2741 ἐσώθη,
2827 2695 2847 2722 ι
2906 2676 3360 2745 προσεπαγόμενός
3413 2691 3466 2724 τε
3519 2691 3608 2723 και
3645 2675 3739 2728 τὴν

303 2771 535 2834 γυναῖκα
587 2768 702 2830 (19)
755 2768 844 2814 καὶ
891 2768 1147 2834 χρήμανα
1177 2771 1268 2814 του
1299 2760 1582 2834 βασιλικοὺ
1612 2768 1849 2835 ταμιείου
1891 2766 2062 2818 ἱκανοί.

380 2889 402 2921 9
437 2889 784 2955 συναθροίσας
807 2918 874 2927 -
953 2888 998 2921 ¹⁰
1028 2886 1279 2960 μάλιστα]
1325 2886 1628 2966 ἀθροίσαςό
1658 2891 1891 2951 πάππας,
1925 2890 1950 2939 ὁ
1979 2896 2088 2947 ταῖς
2111 2888 2476 2962 παρακλήσεσι
2499 2894 2589 2940 τοὺ
2620 2884 2807 2947 παιδός
2845 2883 3334 2955 καταδυσωπηθεὶς,
3367 2884 3556 2966 μᾶλλον
3586 2887 3649 2941 D.
3697 2887 3738 2921 ¹¹

303 2965 715 3016 καταστήσαιεν.
753 2963 814 3013 Ι).
879 2961 938 3031 Δ¹²
971 2955 1313 3031 πεποιημένόν
1343 2955 1436 3017 τὴν
1463 2955 1648 3011 οἱνοδον
1676 2976 1797 3014 om.
1834 2959 1896 3015 D.
2053 2955 2216 3012 ἐκεῖσε
2245 2964 2306 3015 ι).
2389 2962 2431 2994 ¹⁵
2460 2958 2512 3022 ἐξ
2541 2958 2840 3031 ἀμφοτέρων
2871 2963 3005 3029 post
3028 2960 3225 3029 μάχαι,
3260 2955 3500 3011 omissis
3528 2965 3628 3008 τῶν
3651 2976 3743 3028 με·

306 3039 410 3080 κῶν
432 3036 487 3085 et
508 3033 728 3082 κατὰ-ιι
744 3028 1040 3082 συνέϐαινον
1067 3033 1127 3084 D.
1167 3028 1234 3064 “¹⁵
1255 3030 1379 3082 έκὼν
1399 3062 1466 3070 -
1485 3033 1630 3101 θυμῴ
1653 3046 1773 3085 om.
1806 3035 1864 3085 ε).
1924 3033 1968 3065 ¹⁶
1988 3028 2055 3088 δή
2079 3037 2136 3086 et
2161 3047 2298 3086 mox
2317 3033 2383 3092 ὡς
2406 3035 2463 3083 τὸ
2481 3037 2539 3086 et
2558 3028 3096 3103 πρ-οσεπαγόμενόςέ-
3116 3032 3510 3082 Κωνσταντίνου
3527 3043 3653 3084 om.
3675 3031 3736 3083 ι).

1218 3153 1560 3219 Theodori
1612 3155 1860 3222 Dousa:
1909 3164 1973 3221 et
2035 3154 2286 3221 Leonis
2337 3154 2572 3221 Allatii
2624 3163 2828 3221 notae.

303 3311 425 3351 non
460 3295 752 3368 equitum,
785 3300 850 3368 et
884 3294 1137 3368 militum
1190 3312 1511 3351 numerum
1559 3297 1747 3352 habes
1804 3298 1967 3368 apud
2001 3305 2041 3359 ρ
2082 3299 2342 3353 maxime
2374 3299 2609 3354 forman
2625 3297 2849 3353 foedera
2869 3298 3533 3354 constitutazﬂeductus
3557 3297 3740 3366 inpa-

302 3366 589 3440 eumde'm
611 3367 982 3434 Choniatam,
1004 3366 1303 3440 Andream
1332 3368 1664 3440 liandolum
1688 3366 1857 3424 Hist;
1879 3371 1971 3424 Ve-
2083 3372 2320 3425 triamA
2338 3371 3001 3440 lexius,imperatorque
3015 3371 3292 3425 autsolus
3305 3374 3553 3425 autcum
3561 3375 3743 3438 patre

302 3445 426 3493 net.
461 3438 562 3492 lib.
590 3455 645 3506 x,
709 3453 844 3509 cap.
895 3442 924 3490 3
957 3445 1013 3492 et
1033 3437 1204 3492 alios.
1249 3438 1420 3493 Plura
1451 3439 1674 3493 ducum
1723 3442 1971 3496 nomina

303 3509 468 3581 apud
516 3510 808 3564 Jacobum
868 3511 1163 3580 Meyeruiu
1215 3509 1276 3564 in
1334 3513 1560 3565 Annal.
1625 3512 1968 3568 Flandricis

311 3584 466 3636 1203.
514 3588 650 3636 ALL.

379 3653 492 3721 (13)
574 3651 670 3703 Ἢν

304 3723 641 3797 admodum
665 3728 865 3797 noster
885 3723 1219 3793 Acropolita
1235 3723 1486 3797 causam
1513 3725 1775 3796 ('Jpolitan
1796 3741 1970 3797 expe-

304 3795 546 3849 ditionis
580 3795 636 3847 in
669 3796 1006 3848 Romanum
1044 3795 1409 3865 pontificem,
1446 3805 1504 3850 ut
1550 3795 1606 3850 in
1637 3813 1775 3851 eum
1818 3795 1967 3852 Grie-

301 3881 509 3921 corum
549 3866 688 3920 odia
718 3866 946 3933 excitet,
979 3866 1235 3938 conjicit;
1267 3882 1453 3938 quam
1488 3869 1680 3938 magis
1713 3870 1970 3936 ingenue

301 3939 364 4008 in
396 3939 644 3991 Venetos-
677 3944 732 4008 et
755 3952 963 3991 eorum
992 3937 1206 3992 ducem
1243 3937 1616 4008 Dandulum,
1638 3941 1872 4004 Graecis,
1907 3948 1970 3994 ut

301 4007 589 4075 diximus,
621 4007 1082 4068 infensissimos.
1115 4009 1211 4063 alii
1244 4009 1521 4064 referunt.
1560 4007 1812 4066 Danduli
1844 4028 1970 4067 ma-

301 4079 514 4152 chinas
553 4084 609 4134 et
647 4084 824 4152 artes,
879 4079 1099 4150 quibus
1147 4080 1400 4136 classem
1452 4082 1614 4136 illam
1668 4083 1962 4152 instruxit,

302 4150 594 4224 Choniata
626 4150 963 4224 minutatim
992 4157 1214 4205 narrat.
1253 4153 1523 4224 Alienum
1560 4154 1857 4224 pontificis
1881 4150 1966 4209 In;

300 4221 561 4294 uocentii
586 4223 857 4294 animum
900 4222 978 4275 ab
1020 4238 1090 4275 ea
1120 4223 1517 4294 expeditione.
1561 4221 1748 4294 quam
1799 4243 1962 4280 suui-

304 4293 416 4346 mis
467 4292 782 4346 conatibus
831 4292 1504 4363 procurabat'marchio
1545 4292 1961 4353 Montisferrati

237 4415 248 4419 -
306 4364 661 4428 Bonifacius,
685 4364 826 4417 satis
850 4364 1022 4416 nobis
1050 4364 1315 4419 indicant
1341 4367 1613 4433 ejusdem
1641 4370 1963 4424 Innocentii

300 4435 380 4490 ad
413 4435 679 4488 Alexium
721 4435 1027 4508 litterieiet
1070 4443 1275 4491 auctor
1319 4437 1453 4492 ilius
1496 4447 1763 4493 actorum
1810 4458 1820 4493 :
1864 4443 1962 4508 lp-

299 4523 360 4562 se
375 4522 530 4571 vero,
549 4507 836 4571 marchio,
851 4507 924 4562 de
938 4507 1200 4562 Francia
1213 4524 1321 4576 per
1333 4512 1378 4563 A
1394 4511 1755 4566 lemannz’am
1770 4507 1963 4567 trans-

300 4580 449 4632 itmn
480 4578 643 4648 fecit,
685 4577 798 4653 ubi
838 4593 1002 4653 cum__
1030 4579 1314 4653 Philippo
1373 4582 1522 4637 duce
1562 4583 1806 4646 Suevize,
1864 4600 1960 4653 qui

775 3646 832 3702 δὲ
909 3652 934 3702 ὁ
997 3655 1212 3726 τούτους
1283 3655 1667 3726 συναθροίσας(
1723 3655 1970 3722 Maligne

296 4664 355 4705 se
405 4663 591 4713 regem
645 4650 894 4719 gerebat.
938 4650 1249 4706 dicebatur
1287 4652 1562 4707 habuisse
1619 4650 1957 4715 tractatum.
1998 4664 2041 4716 Ι)

298 4735 375 4774 ne
401 4722 681 4775 Alexium
704 4723 996 4774 sororium
1016 4738 1207 4778 suum.
1231 4724 1425 4790 ﬁlium
1452 4725 1723 4780 videlicet
1748 4727 1962 4781 [saucii

340 4794 599 4866 nondum
627 4792 932 4866 Cpolitani'
951 4794 1329 4861 imperatoris
1359 4799 1530 4864 cuius
1552 4812 1814 4852 sororem
1841 4800 1961 4866 ipse

327 4863 626 4937 ’hilippus
650 4863 917 4937 auxerat
943 4867 1002 4917 in
1037 4881 1304 4930 uxorem,
1335 4883 1368 4922 a
1392 4863 1555 4935 ftedo
1595 4863 1963 4937 captivitatis

296 4935 600 5007 ergastulo
626 4934 950 5004 fugientem
979 4937 1185 4990 reduci
1212 4934 1433 5007 faceret
1454 4934 1679 5002 C/mlim.
1708 4941 1783 4995 ab
1800 4957 1963 4997 exer-

296 5009 418 5061 citu
442 5006 779 5078 Christiano
807 5013 884 5062 ait
915 5006 1622 5078 obtinendumimperium
1640 5014 1959 5070 Romaniae.

293 5079 382 5133 De
405 5093 520 5149 quo
547 5093 679 5133 cum
707 5077 857 5134 idem
886 5079 1156 5134 marchio
1183 5082 1263 5136 ad
1291 5077 1584 5136 summum
1626 5086 1961 5152 pontiﬁcem

292 5155 648 5218 accessisset,
683 5152 855 5218 erepit
911 5166 1089 5220 agere
1117 5167 1150 5206 a
1182 5157 1436 5208 remotis.
1471 5155 1589 5209 Sed
1621 5171 1752 5210 cum
1796 5159 1965 5213 intel-

299 5223 536 5294 lexisset
572 5223 757 5288 ipsius
786 5224 1052 5277 animum
1087 5225 1168 5278 ad
1200 5225 1308 5279 hoc
1338 5241 1458 5280 non
1499 5242 1619 5281 ιέεϐ
1647 5229 1960 5294 directum,

294 5293 589 5366 expeditis
618 5297 867 5361 negotiis
908 5295 988 5349 ad
1013 5300 1208 5350 crucis
1236 5298 1496 5365 ofﬁcium
1527 5301 1965 5366 pertinentibus

294 5363 377 5420 ad
403 5368 656 5433 propria.
685 5370 986 5419 remeavit.
1023 5367 1163 5421 Vide
1193 5363 1276 5421 de
1299 5363 1414 5422 hac
1441 5363 1654 5424 eadem
1681 5387 1739 5425 re
1772 5379 1966 5426 Anna-

298 5437 395 5510 les
415 5436 802 5510 doctissimos
835 5436 1060 5492 Oderici
1097 5440 1382 5510 Raynaldi
1430 5440 1505 5494 ad
1541 5457 1770 5497 annum
1808 5448 1962 5501 1203.

296 5509 402 5582 qui
458 5507 731 5582 pluribus
787 5511 1122 5566 Romanum
1179 5507 1526 5582 pontiﬁcem
1559 5515 1965 5570 aGriecorum

301 5579 608 5636 calumnia
646 5579 877 5636 liberat.
909 5586 1045 5637 ALL.

383 5653 493 5723 ,14)
551 5653 880 5725 ξΕτύγχαναν
964 5657 1063 5730 ’γὰρ
1131 5651 1293 5731 ἀδραί
1335 5657 1623 5730 ’δυηίᾳυθ
1683 5659 1746 5714 in
1812 5659 1967 5715 hanc

2078 3445 2130 3496 si
2173 3449 2466 3510 superstes
2487 3443 2880 3505 inveniretur,
2922 3446 3298 3508 constitutus,
3325 3441 3740 3497 Graecanicam

2078 3513 2402 3568 Ecclesium
2429 3520 2480 3570 et
2504 3515 2854 3583 religionem
2879 3514 3162 3568 Romanae
3191 3513 3478 3568 Ecclesiae
3500 3517 3607 3568 aut
3639 3527 3736 3568 ca-

2082 3585 2303 3639 tholico
2317 3587 2393 3639 rit
2403 3585 2934 3653 uisubjiceret.Pro
2947 3585 3185 3640 damnis
3198 3583 3738 3655 insuper,quatdam

2086 3656 2305 3711 Venetis
2329 3673 2506 3727 quam
2534 3657 2787 3711 Francis
2814 3655 3032 3726 ubique
3050 3657 3383 3711 constitutis
3403 3655 3742 3711 Hemanuel

2081 3730 2157 3780 im
2163 3743 2254 3795 pei
2273 3734 2408 3782 ator
2417 3728 2649 3795 pridem
2667 3727 3243 3797 intulerat.triginta
3256 3727 3597 3782 milliaauri
3606 3741 3744 3782 mar

2081 3800 2221 3853 chos
2246 3801 2613 3855 dissolveret.
2638 3798 3022 3867 Principibus
3045 3813 3182 3855 vero
3207 3799 3603 3867 expeditionis
3634 3812 3741 3854 na-

2081 3871 2200 3925 vali
2220 3871 2498 3939 impensa;-
2517 3872 2913 3940 satisfaceret,
2936 3871 3000 3924 in
3017 3885 3136 3940 qua
3157 3876 3328 3926 erant
3347 3870 3573 3940 Venetis
3594 3869 3741 3924 obli-

2077 3943 2273 4011 gati.B
2301 3941 2519 3996 londus
2555 3942 2762 3998 decad.
2797 3944 2861 4008 ll,
2893 3941 2995 3996 lib.
3027 3939 3076 3994 vi
3106 3960 3118 4004 ;
3152 3946 3210 3997 et
3241 3939 3589 3998 Sabellicus.
3621 3940 3739 3995 Eu-

2076 4013 2244 4068 nead.
2300 4014 2397 4081 IX,
2443 4013 2542 4068 lib.
2573 4030 2607 4067 v
2654 4032 2665 4068 :
2715 4013 3030 4068 Moverunt
3065 4013 3283 4068 ducum
3312 4014 3538 4068 animos
3567 4027 3741 4080 pueri

2078 4086 2366 4154 lacrymze
2379 4091 2433 4140 et
2451 4092 2654 4141 tenera
2677 4091 2839 4150 aetas,
2859 4085 2958 4140 cui
2964 4085 3154 4154 facile
3162 4085 3346 4154 favor
3356 4083 3735 4151 conciliatur,

2076 4157 2176 4210 sed
2197 4161 2386 4224 magis
2396 4159 2647 4225 praemia
2660 4170 2793 4226 qua
2803 4155 3344 4224 promittebantur:
3356 4171 3497 4211 nam
3511 4160 3738 4224 prater

2075 4233 2290 4283 caetera
2316 4244 2445 4297 spes
2464 4228 2950 4296 praetendebatur
2973 4228 3108 4294 fore
3145 4235 3210 4283 ut
3241 4229 3293 4281 si
3321 4227 3570 4282 Alexius
3600 4242 3735 4282 cum

2070 4307 2248 4367 patre
2278 4301 2589 4367 imperium
2627 4304 3055 4369 recuperasset,
3092 4299 3441 4369 Cpolittana
3462 4299 3736 4354 Ecclesia

2076 4373 2355 4426 Romanae
2371 4372 2784 4439 subjiceretur.
2810 4375 2943 4426 ALL.

2145 4441 2255 4512 (13)
2300 4445 2565 4514 Πνεύμασι
2621 4448 2814 4514 φοροίς.
2870 4441 3162 4514 Choniata
3213 4457 3277 4514 p.
3319 4446 3443 4514 717,
3506 4446 3567 4497 15
3591 4443 3730 4514 ALL.

2145 4457 2255 4512 (is)
2302 4457 2565 4514 Ιινευμασι
2621 4460 2814 4514 φοροις.
2870 4457 3162 4498 unoniata
3319 4457 3443 4507 'Iu,
3506 4457 3567 4497 ιδ
3591 4457 3730 4497 ALL.

2091 4515 2485 4640 ¹8(ὧ6)Αιὶιῗχαι
2534 4517 2668 4566 κατὰ
2713 4516 2950 4585 χέρσοιν.
2999 4512 3138 4569 Vide
3236 4513 3567 4579 honiatam,
3625 4511 3735 4569 ibi-

2071 4591 2228 4640 dem.
2262 4591 2393 4640 ALL.

2145 4658 2258 4725 (i7)
2305 4659 2392 4729 7T6:
2445 4658 2616 4708 πάντα
2668 4659 2874 4729 χαίρειν
2922 4654 3133 4729 -ἕάσαςη
3193 4659 3340 4729 Nam
3411 4660 3549 4729 post
3621 4673 3733 4729 ρη-

2074 4743 2256 4794 gnam
2284 4728 2697 4797 detrectatam,
2731 4727 2786 4783 et
2815 4727 2978 4782 malo
3004 4727 3180 4797 genio
3201 4728 3261 4782 in
3288 4727 3496 4800 fugam
3525 4727 3737 4800 impel-

2074 4800 2247 4867 lente,
2271 4800 2329 4854 in
2351 4800 2640 4871 palatium
2656 4815 2935 4871 reversus
2958 4815 3096 4855 cum
3121 4805 3284 4855 [rene
3305 4799 3428 4855 ﬁlia
3448 4804 3507 4855 et
3525 4799 3736 4856 decem

2075 4873 2203 4926 auri
2252 4869 2770 4936 ceii’tenariis,cum
2825 4869 2940 4926 alio
2981 4875 3198 4927 ornatu
3227 4871 3613 4943 imperatorio
3665 4887 3738 4927 ex

2075 4943 2348 5015 pretiosis
2374 4944 2626 5015 gemmis
2657 4948 2710 4997 et
2736 4942 3066 5015 perspicuis
3095 4942 3598 5015 margaritis,sub
3624 4943 3738 5014 pri-

2076 5013 2238 5069 mam
2255 5015 2444 5069 noctis
2461 5014 2723 5084 vigiliam
2737 5013 3054 5070 'Debeltum
3076 5013 3403 5071 contendit.
3425 5013 3737 5084 Cboniata,

2075 5103 2132 5158 p.
2167 5090 2293 5144 723.
2320 5090 2415 5158 24.,
2442 5093 2573 5158 ᾼιι.

2145 5155 2482 5230 (18ιΔαϐὶδ
2534 5162 2706 5230 φυγών
2773 5159 2999 5230 Regum
3035 5157 3136 5212 lib.
3206 5172 3543 5230 capaxqu
3589 5176 3601 5213 :
3641 5163 3740 5230 καὶ

2145 5177 2260 5228 Ur”
2316 5177 2474 5210 Δαδισ
2534 5178 2600 5230 φυ
2639 5178 2706 5207 ων
2775 5177 2999 5226 negum
3035 5177 3136 5212 HD.
3206 5177 3340 5228 cap.
3403 5177 3543 5213 XXI"
3589 5177 3601 5213 Ζ
3651 5177 3737 5210 και

2077 5229 2344 5300 ἀπηγγεὶη
2376 5239 2448 5300 τῷ
2479 5177 2642 5282 Σαοὺζ
2673 5231 2754 5280 ότι
2804 5225 3168 5281 διασέσωσται
3216 5225 3385 5281 Δαϐὶδ
3441 5229 3495 5282 ἐκ
3549 5229 3737 5284 Κιὶλάε

2076 5302 2138 5356 Ν
2139 5305 2556 5373 untiatumque
2575 5307 2660 5356 est
2682 5302 2856 5357 Sauli
2868 5301 3027 5373 quod
3037 5302 3268 5372 fugsset
3280 5302 3480 5357 David
3495 5302 3568 5358 de
3581 5303 3741 5359 Ceila

2077 5379 2136 5445 et
2163 5375 2432 5428 salvatus
2456 5372 2628 5428 esset.
2665 5375 2730 5428 Et
2757 5373 2859 5428 lib.
2881 5372 2958 5439 ’lt,
2993 5389 3127 5445 cap,
3159 5389 3258 5439 xv,
3291 5373 3444 5441 fugit
3485 5375 3562 5430 ab
3591 5372 3742 5431 facie

2078 5444 2422 5517 Absalonis.
2461 5461 2792 5516 omnesque
2815 5461 2977 5512 suos,
2998 5444 3153 5517 quos
3191 5445 3618 5517 Hierosolymis
3638 5445 3742 5502 ha-

2080 5515 2296 5590 bebat,
2316 5522 2378 5571 ut
2403 5516 2636 5585 fugiant
2655 5515 2930 5573 hortatur
2957 5534 2970 5585 ;
3021 5515 3146 5589 quo
3174 5522 3404 5590 spectat
3431 5515 3744 5590 inscriptio

2081 5587 2300 5643 Psalmi
2331 5604 2408 5643 ιιι.
2463 5590 2680 5645 ΒουεΑ.

2150 5659 2266 5733 (19)
2296 5663 2401 5719 Τὴν
2450 5669 2692 5732 γυναῖκα.
2729 5662 2809 5716 De
2853 5675 3041 5718 uxore
3077 5675 3155 5717 ne
3205 5659 3459 5719 verbum
3495 5659 3744 5736 quidem
