4484 6446
782 403 883 458 983

783 615 959 671 Italos
980 616 1238 682 mittunt,
1261 621 1327 672 ut
1345 618 1553 674 Isaacii
1574 618 1730 674 ﬁlius
1753 620 2010 687 Alexius,
2036 622 2207 694 cujus
2228 635 2431 687 causa,

781 708 846 759 ut
865 704 1199 771 videbatur,
1226 705 1299 761 ad
1323 722 1494 762 arma
1515 708 1846 779 profectum
1869 714 2011 775 erat,
2036 711 2304 766 invectus
2331 708 2436 763 im-

781 796 1021 864 perator
1042 793 1496 852 acclamaretur.
1516 798 1708 862 Quare
1736 797 2111 865 adolescens,
2131 799 2351 873 quibus
2375 813 2435 852 se

781 879 1132 938 devinxerat
1165 882 1599 939 deducentibus
1636 884 1811 957 Italis,
1872 887 2314 943 conditionibus
2352 886 2436 941 in-

782 968 1110 1026 troducitur
1153 975 1210 1027 et
1248 988 1368 1027 uno
1411 973 1685 1029 omnium
1718 990 1818 1030 ore
1849 976 2171 1048 imperator
2196 976 2253 1048 8
2281 974 2438 1031 salu-

780 1061 961 1113 tatur.
995 1061 1173 1117 Erant
1196 1060 1474 1117 interium
1498 1062 1654 1118 cives
1678 1079 1812 1119 cum
1844 1064 1998 1120 Italis
2024 1066 2286 1135 imagine
2313 1070 2438 1120 tan-

780 1150 908 1204 tum
940 1148 1105 1221 pacis
1145 1153 1203 1205 et
1230 1150 1504 1207 amicitiae
1536 1152 1732 1224 specie
1762 1154 2107 1223 concordes,
2144 1169 2281 1209 cum
2316 1152 2438 1209 Itali

780 1240 1081 1323 promissa
1107 1238 1534 1312 impensasque
1581 1241 1778 1297 acrius
1822 1248 2223 1314 reposcerent,
2282 1244 2441 1298 cives

782 1345 995 1387 earum
1027 1346 1333 1386 summam
1365 1330 1661 1386 subducta
1688 1332 1918 1387 ratione
1950 1334 2278 1388 immanem
2310 1348 2440 1387 esse

783 1419 1209 1486 existimarent,
1232 1420 1596 1493 minimeque
1629 1436 1689 1475 se
1716 1438 1849 1476 eam
1889 1423 2227 1493 persolvere
2264 1437 2441 1494 posse

783 1508 1464 1566 contenderent.lnterca
1494 1524 1666 1565 novre
1698 1509 1884 1565 turbae
1912 1512 2168 1583 Byzantii
2196 1511 2441 1567 concitae

784 1601 943 1669 sunt,
977 1598 1147 1654 Pater
1170 1597 1330 1654 enim
1371 1597 1555 1654 Alexii
1584 1599 1844 1669 Angelus
1876 1601 2158 1667 Isaacius,
2209 1601 2344 1655 licet
2371 1616 2444 1656 ex

782 1686 933 1743 urbe
984 1686 1359 1758 declinasset,
1386 1687 1587 1744 adhuc
1617 1688 1677 1743 in
1730 1689 1898 1759 vivis,
1936 1689 2254 1762 paululum
2286 1693 2446 1745 ante-

782 1792 969 1851 quam
1002 1777 1351 1850 Byzantium
1383 1782 1712 1850 caperetur,
1754 1779 2108 1835 sententiam
2140 1780 2354 1835 tulerat
2383 1782 2447 1835 ut

2084 404 2372 464 GEORGII
2409 402 2885 461 ACROPOLITE.

854 527 906 580 3.
939 528 1021 582 Eo
1050 529 1251 599 itaque
1282 528 1446 601 Cpoli
1474 543 1715 599 egresso
1758 529 2119 601 legationem
2168 532 2329 588 cives
2356 528 2434 587 ad
2461 531 2509 584 Α

4094 412 4199 472 984

2635 528 2704 599 γ’.
2776 529 2912 584 Ἐπεὶ
2986 539 3111 604 γοῦν
3188 529 3333 594 οὖτος
3413 531 3542 596 ἑξήει
3614 541 3708 595 τῆς
3785 540 4195 604 Κωνσταντίνου,

2545 617 2894 691 πρεσϐεύουσι
2948 624 3077 696 πρὸς
3127 626 3243 683 τοὺς
3294 622 3517 683 Ἰταλοὺς
3570 626 3618 676 οἱ
3674 624 3956 698 οἰκήτορες,
4021 630 4088 688 ὡς
4137 628 4198 678 ἄν

2546 708 2571 758 ὁ
2626 714 2716 759 τοῦ
2776 708 3042 761 Ἰσαακίου
3094 710 3317 774 Ἀλέξιος
3370 714 3435 783 ιτ,
3491 709 3563 764 δι’
3621 714 3699 779 ὃυ,
3761 715 3829 773 ὡς
3877 710 4067 780 ἐδόκει,
4137 718 4198 767 τὸ

2545 798 2784 870 μάχιμον
2838 793 2897 855 ἧν
2947 799 3012 863 ³⁸,
3062 798 3205 862 ἐντὸς
3234 803 3509 872 είσαχθείη
3560 805 3649 853 καὶ
3708 800 3957 874 βασιλεὺς
4012 801 4202 875 ἀναγό-

2546 888 2774 960 ρευθείη.
2834 889 3118 960 Είσάγεται
3170 898 3294 961 γοῦν
3343 890 3411 951 εἰς
3457 895 3550 948 τὴν
3598 890 3738 942 πόλιν
3794 893 3819 942 ὁ
3876 900 3996 953 παῖς
4028 895 4071 928 ³9
4116 893 4201 950 ἐπὶ

2547 982 2658 1034 ταῖς
2714 978 2987 1048 προτέραις
3043 980 3349 1048 σὴνθήκαις,
3416 977 3494 1039 αἷς
3553 980 3814 1051 ὑπέσχετο
3865 988 3972 1041 τοῖς
4027 980 4203 1033 ἀναϐι-

2551 1062 2777 1116 ϐάσασιν
2837 1064 2993 1117 αὐτὸν
3049 1067 3288 1131 Ἰταλοῖς,
3350 1089 3439 1120 και
3509 1067 3755 1141 βασιλεὺς
3807 1071 3951 1142 παρὰ
4010 1075 4205 1133 παντὸς

2552 1151 2915 1227 ἀναγορεύεται
2968 1162 3058 1207 τοῦ
3111 1156 3257 1211 λαοῦ.
3290 1156 3460 1210 Ἦσαν
3500 1154 3586 1209 οὖν
3631 1162 3689 1210 τὸ
3723 1157 3822 1210 ἀπὸ
3875 1155 4029 1212 τοῦδε
4059 1163 4109 1212 οἵ
4150 1178 4206 1212 τε

2550 1242 2759 1294 πολῖται
2803 1247 2853 1294 οἵ
2907 1264 2961 1296 τε
3004 1245 3192 1298 Ἰταλοὶ
3254 1255 3326 1316 τῷ
3390 1244 3561 1299 δοκεῖν
3604 1250 3948 1319 είιοηνεῦοντες
3977 1249 4047 1316 ³ο,
4102 1258 4205 1300 τῶν

2552 1335 2640 1403 μεν
2694 1331 2898 1384 Ἰταλῶν
2955 1332 3307 1387 ἀπαιτοῦντων
3338 1338 3381 1371 ²¹
3418 1337 3531 1403 (20)
3589 1338 3681 1398 τὰς
3738 1338 4063 1407 ὑποσχέσεις
4113 1342 4207 1390 καὶ

2550 1423 2616 1473 τὰ
2664 1419 2994 1493 ἀναλώματα,
3053 1432 3153 1475 τῶν
3216 1421 3275 1477 δὲ
3328 1430 3611 1499 οἰκητόρων
3674 1434 3769 1488 τῆς
3814 1426 4005 1489 πόλεως
4074 1428 4203 1499 ὑπερ

2554 1508 2771 1583 ἀριθμὸν
2824 1513 3121 1584 ἡγουμένων
3196 1516 3253 1565 τὸ
3311 1522 3519 1586 χρῆμα,
3580 1519 3667 1567 καὶ
3719 1511 4205 1589 διισχυριζομὲνων

2555 1602 2623 1660 ὡς
2676 1600 2769 1652 οὐκ
2824 1601 2883 1652 ἂν
2942 1605 3113 1673 ἔχοιεν
3172 1612 3406 1656 τοσαῦτα
3455 1612 3586 1666 τοῖς.
3639 1604 3852 1665 Ἰταλοῖς
3911 1602 4205 1661 ἐπιδοῦναι.

2555 1688 2743 1748 Συνέϐη
2803 1686 2862 1742 δὴ
2909 1700 2981 1761 τῷ
3030 1696 3144 1745 τότε
3186 1698 3275 1744 καὶ
3331 1696 3638 1765 γογγυσμὸν
3688 1692 3735 1745 ἓν
3782 1703 3845 1767 τῇ
3897 1694 4042 1747 πόλει
4095 1698 4214 1748 τού-

2554 1798 2645 1832 του
2702 1781 2864 1851 χάριν
2909 1783 3147 1851 γενέσθαι
3199 1803 3212 1817 ο
3266 1783 3290 1834 ὀ
3343 1785 3444 1855 γὰρ
3496 1788 3667 1854 πατὴρ
3718 1783 3947 1846 Ἀλεξίου
3998 1786 4023 1836 ὁ
4077 1784 4213 1855 Ἀγ-

783 1883 857 1922 ex
883 1865 1147 1922 donariis
1177 1865 1362 1922 sacris
1402 1866 1463 1922 in
1495 1882 1684 1923 unum
1721 1868 1981 1925 collectis
2010 1868 2445 1941 divenditisque
2476 1881 2516 1935 Β

2444 1881 2516 1935 ηΒ
2554 1868 2696 1940 γελος
2754 1870 3012 1930 Ἰσαάκιος
3057 1873 3155 1940 (ἔτι
3204 1873 3305 1946 γὰρ
3352 1880 3535 1943 πιριῆν
3584 1880 3654 1942 τῷ
3708 1871 3833 1945 βίῳ,
3890 1871 3985 1925 κᾶν
4045 1872 4215 1947 ἀπῆρε

782 1954 939 2011 Italis
960 1953 1228 2010 debitum
1260 1955 1524 2027 primum
1548 1963 1935 2028 reponeretur
1960 1976 1971 2025 ;
2004 1959 2050 2013 si
2077 1958 2241 2030 quod
2264 1958 2441 2013 dees-

784 2048 893 2112 set,
921 2060 993 2101 ex
1022 2043 1253 2111 aerario,
1287 2044 1629 2117 civiumque
1659 2044 2042 2102 facultatibus
2081 2046 2445 2120 persolvere-

784 2140 899 2190 tur.
932 2136 1080 2189 Dum
1109 2133 1260 2189 inter
1302 2148 1363 2187 se
1390 2133 1677 2189 dissident
1711 2140 1766 2190 et
1793 2135 1931 2191 hinc
1963 2136 2241 2209 illincque
2266 2136 2449 2207 legati

781 2224 1116 2289 mittuntur,
1177 2221 1335 2278 ﬁlius
1383 2222 1586 2278 lsaacii
1615 2224 1853 2279 Alexius
1904 2224 1982 2279 ab
2016 2225 2219 2281 Alexio
2268 2229 2446 2293 Duca,

783 2312 863 2369 ab
891 2312 1006 2369 hoc
1036 2310 1250 2367 eodem
1282 2312 1487 2367 Isaacii
1520 2312 1644 2367 tilio
1695 2314 2127 2385 protovestiarii
2159 2314 2448 2385 dignitate

780 2402 1084 2471 insignito,
1135 2408 1190 2457 et
1226 2416 1262 2457 a
1292 2401 1521 2456 civibus
1564 2402 1765 2458 nescio
1816 2403 1961 2475 quid
2005 2404 2086 2459 illi
2130 2404 2273 2460 vitio
2314 2420 2447 2460 ver-

782 2491 1067 2557 tentibus,
1117 2491 1483 2564 Murtzuphlo
1520 2491 1698 2560 dicto,
1741 2492 2153 2551 obtruncatur.
2200 2496 2449 2550 Murtzu-

781 2582 963 2655 phlus
982 2586 1191 2655 postea
1211 2582 1669 2655 impcratornon
1689 2583 2079 2640 dissentiente
2102 2583 2328 2657 populo
2350 2584 2448 2639 eli-

782 2672 960 2743 gitur.
1012 2671 1153 2727 Hinc
1187 2672 1381 2742 magis
1414 2687 1484 2727 ac
1517 2673 1710 2741 magis
1770 2672 1895 2728 Itali
1925 2673 1986 2729 in
2018 2673 2280 2730 furorem
2330 2673 2448 2730 acti

783 2776 998 2832 graves
1030 2777 1099 2817 ac
1139 2761 1533 2833 sempiternas
1588 2762 1926 2818 inimicitias
1972 2762 2031 2818 in
2092 2764 2447 2836 Byzantinos

782 2856 1194 2925 susceperunt.
1220 2854 1323 2907 Per
1344 2851 1502 2907 idem
1528 2856 1764 2924 tempus
1817 2852 2107 2909 laudabili
2129 2853 2376 2910 consilio
2411 2870 2449 2910 a

781 2940 1013 2997 civibus
1047 2940 1445 2996 deliberatum
1478 2946 1566 2998 est
1599 2958 1611 2997 :
1641 2958 1785 2998 nam
1815 2942 1916 3014 qui
1950 2947 2248 3015 praeerant
2274 2946 2332 2999 et
2356 2942 2447 3000 di-

782 3030 1109 3102 gnitatibus
1164 3029 1625 3104 praefulgebant,
1658 3030 1975 3089 decrevere
2004 3036 2069 3089 ut
2104 3033 2308 3101 Latini,
2342 3033 2447 3107 qui

1768 3213 1812 3247 ¹⁸
1868 3209 1925 3265 δι
1957 3242 2027 3255 -
2076 3208 2137 3271 ἦν
2168 3227 2289 3269 om.
2328 3214 2390 3270 D.

1395 3286 1437 3319 ²¹
1465 3287 1555 3347 τὰς
1584 3286 1905 3355 ὑποσχέσεις
1965 3283 2325 3339 ἀπαιτούντων
2358 3288 2424 3341 1).

856 3211 897 3245 ¹⁷
934 3210 1199 3265 Ἰσαακίον
1231 3215 1340 3275 υἱὸς
1374 3212 1598 3275 Ἀλέξιος
1623 3212 1687 3267 Ι).

779 3285 1076 3360 ρηνεύοντες
1098 3300 1218 3340 om.
1252 3287 1315 3340 Ι).

2473 3214 2609 3289 “ne
2650 3219 2775 3275 παῖς
2825 3216 2882 3268 et
2924 3227 3065 3289 mox
3122 3217 3396 3289 προτέραις
3426 3229 3539 3289 om.
3564 3215 3643 3289 ⁸Ι).

2512 3286 2557 3320 ³⁵
2586 3288 2659 3338 ἔτι
2686 3317 2753 3324 -
2786 3288 2971 3357 μικρὸν
3027 3286 3169 3342 οω.
3195 3288 3261 3341 D.

2555 1962 2685 2029 μετά
2759 1963 2944 2034 μικρὸν
3024 1962 3096 2027 ³³)
3158 1966 3317 2034 μήπω
3398 1961 3607 2023 αλὸύσες
3667 1969 3757 2022 τῆς
3825 1968 4218 2016 Κωνσταντίνου

2554 2054 2765 2120 γνώμην
2826 2045 3051 2101 δέδωκεν
3109 2052 3178 2111 ὡς
3236 2060 3334 2102 τῶν
3391 2054 3535 2125 ἱερῶν
3589 2052 3868 2123 κειμηλίων
3928 2054 4042 2123 (24)
4094 2071 4221 2105 συν-

2557 2139 2796 2211 άθροισιν
2869 2144 3132 2209 γεγονέναι
3188 2142 3251 2191 τὰ
3334 2148 3535 2214 πρῶτα,
3595 2142 3784 2194 ἒκείθὲν
3841 2160 3895 2194 τε
3952 2142 4225 2214 ἄρξασθαι

2554 2234 2643 2278 τοῦ
2701 2230 2824 2300 πρὸς
2868 2232 2989 2289 τοὺς
3049 2224 3282 2289 Ἰταλοῦς
3331 2231 3519 2300 χρὲους
3554 2273 3566 2295 ,
3644 2232 3703 2281 τὸ
3759 2224 3818 2282 δί
3886 2228 4109 2283 ἐλλεῖπον
4162 2230 4225 2282 ἐκ

2556 2323 2654 2367 τῶν
2715 2314 3002 2387 βασιλικῶν
3059 2321 3304 2389 ταμιείων
3365 2313 3587 2375 δοθῆναι
3628 2322 3717 2369 καί
3777 2326 3877 2369 τῶν
3932 2320 4222 2393 οἰκητόρων

2556 2413 2649 2466 τῆς
2693 2404 2907 2467 πόλεως.
2963 2405 3043 2458 Ἐν
3093 2414 3164 2477 τῷ
3236 2405 3429 2478 μεταξὺ
3489 2404 3547 2459 δὲ
3615 2415 3713 2468 τῆς
3782 2405 4224 2479 ἀμφίσϐητήσεως

2556 2494 2721 2557 οὑσης
2768 2500 2856 2547 καὶ
2915 2494 2968 2558 ἐξ
3036 2495 3287 2570 ἑκατέρων
3342 2504 3442 2548 τῶν
3495 2504 3662 2568 μερῶν
3722 2495 4101 2569 ἀφικνουμένων
4166 2500 4221 2535 ⁸³

2556 2592 2654 2637 τῶν
2740 2582 3025 2657 πρέσϐεων,
3125 2588 3387 2657 φονεύεται
3463 2587 3489 2638 ὁ
3552 2593 3675 2647 ⁴ταῖς
3754 2595 3846 2639 τοῦ
3946 2587 4220 2641 Ἰσαακίου

2556 2673 2783 2736 Ἀλέξιος
2834 2675 2956 2749 παρ’
3023 2674 3251 2737 Ἀλεξίου
3311 2683 3404 2727 τοῦ
3452 2682 3643 2743 Δουκα,
3715 2678 3767 2728 ὅν
3821 2679 4222 2750 πρωτοκεστιά-

2555 2783 2665 2838 ριον
2724 2764 2830 2835 (32)
2881 2760 3031 2826 οὗτος
3078 2783 3367 2837 τετιμηκεν,
3430 2767 3477 2817 οὶ
3533 2762 3592 2818 δὲ
3657 2773 3751 2828 τῆς
3799 2765 3995 2828 πόλεως
4041 2769 4112 2827 εἷς
4164 2786 4221 2818 τι

2556 2860 2656 2905 τῶν
2742 2856 2901 2905 αὐτοῦ
2994 2856 3396 2926 ὶπιμεμφόμενοι
3479 2854 3885 2928 Μούρτζουφλον
3975 2855 4218 2911 ἐκάλουν.

2556 2943 2904 3017 Ἀνηγορεύθη
2954 2952 3080 3014 γοῦν
3140 2948 3286 3019 παρά
3350 2953 3449 2997 τῶν
3498 2945 3720 2998 πολιτῶν
3771 2947 3797 2998 ὀ
3858 2946 4036 3020 ῥηθεὶς
4080 2945 4224 2999 Ἀλὲ-
4258 2964 4268 2972 ‘

2557 3032 2664 3099 ξιος
2710 3032 3108 3108 Μούρτξουφλος
3156 3034 3273 3106 (23)
3328 3032 3597 3108 βασιλεύς.
3657 3034 3763 3088 Τοῦ
3806 3038 4045 3088 τοιούτου
4092 3042 4224 3106 γοῦν

3723 3214 3771 3249 ²⁰
3820 3213 3989 3267 Ἦσαν
4019 3244 4090 3255 -—
4139 3216 4225 3267 εἰ·

3338 3286 3387 3321 ³³
3415 3283 3678 3359 πρέσϐεων
3740 3284 4119 3360 ἀφικνουμένων
4153 3290 4224 3343 D.

1688 3488 2034 3556 Theodori
2087 3490 2335 3556 Dousm
2386 3499 2452 3556 et
2498 3487 2754 3558 Leonis
2805 3489 3041 3557 Allatii
3092 3498 3298 3559 noue.

779 3689 1071 3746 Chouiata
1108 3708 1119 3745 :
1155 3692 1388 3744 tantum
1417 3687 1691 3760 advectae
1706 3702 1914 3760 secum
1952 3686 2101 3760 tiliae
2152 3686 2443 3760 meminit,
2480 3688 2519 3743 C
2561 3686 2833 3760 traheret,
2868 3686 3159 3760 sacriﬁcia
3188 3702 3310 3743 non
3341 3702 3540 3759 pauca
3579 3686 3835 3760 sustulit.
3862 3687 3976 3744 Sed
4003 3702 4224 3760 parum

777 3778 964 3834 quam
1006 3761 1190 3834 tacuit
1219 3764 1418 3834 noster
1445 3758 1803 3834 Acropolita.
1829 3757 2005 3834 _Un_de
2038 3773 2177 3834 vero
2250 3758 2448 3834 hausit

778 3831 1041 3889 Blondus
1063 3832 1166 3887 lib.
1198 3848 1270 3897 γι,
1301 3831 1513 3887 tlecad.
1540 3847 1578 3886 ιι
1605 3831 1887 3885 Historia:
1918 3831 1943 3883 ἰ)
1973 3831 2054 3885 ad
2074 3847 2203 3885 eum
2230 3833 2448 3886 tumul-

778 3908 980 3960 tumin
994 3904 1140 3959 urbe
1151 3906 1447 3959 concitum
1468 3904 1515 3957 A
1530 3904 1720 3959 larius
1738 3902 2039 3970 patriciita
2064 3904 2330 3967 territus,
2350 3917 2450 3957 no-

778 3982 866 4032 cte
880 3978 1169 4032 concubia
1178 3977 1443 4045 fugiens,
1460 3977 1757 4042 ingentem
1775 3974 2119 4029 thesaurum
2132 3974 2311 4044 ,quod
2319 3990 2449 4043 pos-

779 4054 872 4104 tea
889 4050 1166 4103 rescitum
1182 4055 1262 4104 est
1274 4049 1459 4116 ,apud
1476 4049 1529 4101 II
1536 4050 1659 4102 ircn
1669 4062 1754 4101 em
1764 4047 1806 4113 ﬁ
1814 4046 1833 4099 l
1841 4048 1957 4100 iam
1974 4047 2265 4112 virginem
2282 4048 2339 4101 in
2355 4062 2447 4101 mo

776 4122 1040 4177 nasterio
1078 4121 1375 4188 defossum
1400 4118 1663 4188 reliquit.
1700 4120 1766 4173 Et
1795 4116 2142 4185 Sabellicus,
2186 4117 2445 4175 Iinuead.

778 4193 843 4248 IX
864 4192 967 4247 lib.
984 4209 1020 4245 v
1046 4209 1059 4246 :
1094 4192 1321 4246 Venetis
1343 4192 1401 4246 in
1421 4206 1628 4245 muros
1645 4189 2059 4245 accedentibus
2082 4197 2134 4245 et
2154 4190 2214 4243 in
2242 4188 2446 4244 urbem

775 4265 1109 4333 irrupturis
1140 4264 1396 4318 adversa
1426 4271 1482 4318 vi
1516 4263 1711 4317 Grazci
1739 4264 2038 4317 resistunt.
2072 4262 2274 4330 (Egre
2305 4261 2446 4315 urbs

773 4338 977 4406 prima
1008 4336 1105 4391 die
1131 4341 1213 4391 est
1246 4336 1505 4404 defensa.
1542 4334 1750 4395 Nocte,
1773 4348 1905 4402 qua:
1936 4333 2207 4406 deinceps
2244 4334 2445 4387 secuta

776 4405 881 4478 est,
906 4409 1166 4465 Aterius
1196 4408 1546 4478 imperator,
1580 4406 1928 4474 desperatis.
1963 4405 2160 4469 rebus,
2182 4419 2371 4460 uxore
2392 4411 2445 4460 et

780 4477 975 4537 liberis
997 4482 1229 4536 retectis
1255 4479 1487 4534 occulte
1507 4477 1711 4547 fugam
1743 4484 2015 4544 occupat,
2062 4492 2279 4545 magno
2307 4478 2449 4531 auri

774 4554 1043 4623 pondere
1070 4551 1238 4620 apud
1258 4551 1489 4605 Irenem
1520 4549 1727 4618 ﬁliam,
1758 4563 1938 4604 unam
1960 4563 2035 4605 ex
2054 4549 2241 4604 sacris
2264 4549 2444 4617 virgi-

778 4626 967 4693 nibus,
993 4624 1165 4682 humi
1198 4623 1456 4693 delosso.
1486 4629 1619 4676 ALL.

846 4690 962 4768 (20)
1035 4690 1276 4768 Ἰταλῶν
1336 4691 1713 4768 ἀπαιτούντων.
1810 4690 2197 4768 Postulabant
2283 4690 2444 4768 enim

776 4762 909 4825 auri
930 4762 1305 4825 centenarios
1325 4764 1766 4838 quinquaginta
1787 4763 1982 4838 statim
2011 4762 2441 4838 numerandos,

775 4847 834 4897 et
854 4833 1694 4911 adjiciebanturconditiones
1716 4834 2075 4911 durissimae,
2104 4833 2441 4911 tolerabiles

775 4906 977 4969 tamen
1010 4927 1120 4966 nec
1151 4910 1426 4965 omnium
1459 4906 2050 4977 diticillimte,quibus
2082 4906 2441 4977 captivitatis

773 4983 1107 5058 periculum
1129 4981 1565 5058 iniiuincbatac
1578 4979 1888 5058 publicum
1911 4978 2177 5058 exitium.
2198 4983 2335 5058 A_LL.

846 5059 959 5126 (12)
1029 5062 1139 5106 Trin
1216 5056 1361 5125 ἱερῶν
1420 5051 1724 5123 κειμηλίων.

774 5121 1013 5184 secutus
1041 5132 1128 5181 est
1158 5121 1395 5180 Alc'xius
1444 5121 1622 5179 filius.
1676 5128 2062 5177 sacrosancta
2110 5121 2442 5192 pi'ol'anans

773 5206 830 5257 et
851 5199 1075 5271 templa
1105 5197 1420 5259 invadens,
1454 5201 1517 5250 ul
1540 5211 1650 5271 nec
1698 5193 1881 5249 sacris
1910 5192 2280 5271 imaginibus
2300 5208 2441 5271 par-

772 5278 949 5331 ceret.
977 5264 1239 5343 quarum
1262 5274 1542 5323 ornatum
1565 5267 1882 5343 aberptuin
1906 5265 2273 5343 imaginibus
2295 5264 2440 5343 ipsis

768 5345 938 5401 humi
972 5335 1249 5415 projectis
1273 5346 1328 5395 et
1356 5355 1530 5415 sacra
1556 5355 1702 5393 vasa
1717 5335 1810 5393 al)
1841 5335 2443 5415 iisdemmettemplis

768 5421 941 5487 rapta
963 5411 1303 5487 eticontlata
1325 5416 1387 5466 ut
1406 5411 1656 5487 vulgare
1688 5426 1897 5487 aurum
1918 5411 2314 5487 _et_argentum
2338 5411 2441 5463 ho-

770 5481 962 5543 stibus
1010 5484 1217 5542 dabat.
1252 5484 1567 5539 Gentilium
1598 5498 1668 5537 ea
1697 5482 1803 5537 fuit
1834 5481 2057 5551 Opinio,
2090 5481 2162 5535 ad
2199 5496 2440 5535 conser-

769 5560 1034 5616 vandam
1049 5574 1174 5613 rem
1190 5556 1485 5628 publicam
1502 5555 1727 5626 templa
1742 5552 1986 5628 deorum
2000 5567 2438 5628 nonnunquam

766 5631 1075 5687 denudare
1105 5623 1301 5684 licere.
1335 5630 1577 5689 Seneca,
1615 5623 1900 5700 Controu.
1934 5623 2186 5700 I‘ViPro
2236 5623 2300 5679 re
2329 5639 2438 5700 pu-

767 5704 1310 5789 διίοιξιλιςνιιηιιιιιε
1338 5701 1562 5789 Ξετηηιςι
1589 5696 1926 5789 "154912992
1954 5696 2436 5789 ?f_"_"_~3‘§f‘_”'_f‘_"‘

767 5718 925 5761 οιιοα
953 5718 1020 5789 Ρι
1058 5718 1310 5772 rumque
1338 5718 1562 5771 tempta
1589 5718 1926 5775 nuaajuur,
1956 5718 2008 5779 et
2034 5718 2109 5755 τη,
2130 5718 2299 5777 usum
2332 5718 2436 5778 τςιι-

762 5776 967 5848 pendi:
1017 5718 1179 5831 gena
1221 5774 1583 5841 con/tantur.
1629 5774 1821 5828 Nerva
1861 5771 1924 5827 ut
1953 5767 2261 5842 impendia
2292 5782 2436 5824 con-

2560 3758 2734 3814 nobis
2776 3757 2923 3830 quid
2968 3757 3214 3829 gentiles
3262 3757 3570 3814 senserint.
3606 3759 3918 3815 Christiani
3950 3757 4225 3815 Christia-

2558 3846 2981 3903 nam,‘veram
3034 3846 3253 3903 nempe
3301 3830 3637 3886 doctrinam
3693 3830 4130 3903 amplectimur,
4165 3836 4228 3887 et

2557 3901 3028 3957 denudationem
3076 3901 3436 3973 templorum
3482 3903 3761 3967 similem,
3796 3901 3842 3957 si
3874 3902 4223 3971 necessitas,

2558 3989 2758 4046 quam
2788 3973 2952 4046 leges
3004 3974 3423 4046 praescribunt,
3469 3974 3745 4035 defuerit.
3797 3979 3853 4029 et
3899 3975 4225 4030 auctoritas

2557 4043 2854 4117 pontiﬁcis
2875 4043 3277 4110 concedentis,
3310 4045 3703 4103 detestamur.
3733 4046 3914 4101 Graeci
3939 4046 4073 4101 licet
4098 4047 4226 4101 suis

2559 4132 2796 4190 semper
2835 4123 2885 4172 et
2927 4118 2986 4190 in
3020 4117 3304 4190 omnibus
3344 4119 3929 4190 supparasitarentur
3969 4118 4228 4190 impera-

2559 4188 2808 4261 toribus,
2839 4189 3119 4261 rapinam
3150 4188 3306 4261 hanc
3352 4188 3605 4244 summis
3636 4191 3818 4244 etiam
3866 4188 4223 4261 maledictis,

2556 4259 2677 4314 non
2712 4259 2836 4314 sine
2877 4259 3236 4316 indicatione
3274 4259 3584 4315 lacessere.
3619 4261 3849 4315 Nicetas
3880 4260 3954 4314 de
3994 4260 4223 4315 Isaacio

2556 4331 2781 4399 Angelo
2813 4335 2869 4386 et
2918 4332 3128 4387 Alexio
3158 4332 3281 4387 tilio
3311 4348 3370 4403 p.
3404 4337 3529 4403 729,
3586 4336 3635 4388 8.
3670 4334 3942 4403 Quocum
3982 4331 4225 4387 confore

2551 4402 2943 4475 jUVﬂilltAQUIB
2967 4410 3136 4460 Anna
3192 4402 3496 4459 Comnena
3567 4409 3780 4459 narrat
3814 4402 3922 4457 lib.
3978 4419 4032 4475 iv
4069 4403 4222 4456 :09:

2555 4475 2701 4527 ἔλαθε
2783 4471 2846 4527 δέ
2916 4483 3097 4527 τοῦτον
3158 4504 3227 4516 -
3308 4478 3721 4551 πρυρανευεσθαι
3785 4473 4219 4550 παρεκελεύσατο.

2554 4552 2691 4601 ALL.

2625 4618 2738 4689 (-22)
2809 4616 2915 4692 ΔῗΟν
2982 4617 3457 4692 πρωτοϐεστιάριον
3528 4618 3820 4692 Clioniata
3869 4633 3928 4692 ρ.
3978 4622 4103 4692 745.
4148 4623 4209 4673 7.

2553 4688 2689 4744 ALL.
2712 4720 2781 4728 ——-
2805 4688 2883 4745 De
2904 4688 3354 4758 protovestiarii
3370 4690 3658 4754 dignitate
3687 4690 3821 4745 vide
3850 4689 4218 4745 Glossarium

2553 4760 2795 4815 Meursii
2869 4762 2929 4815 in
2976 4765 3295 4834 Βεττιάριθν.
3353 4762 3713 4817 Dilferebant
3770 4766 3969 4816 autem
4024 4761 4221 4830 digni-

2555 4836 2671 4888 tate
2694 4836 2750 4887 et
2773 4848 3020 4888 munere
3067 4836 3554 4901 protovestiarius
3595 4840 3647 4890 et
3682 4834 4218 4903 protovestiarites,

2554 4905 2727 4975 cujus
2753 4904 2906 4960 infra
2936 4911 3143 4959 auctor
3170 4912 3373 4961 noster
3400 4905 3687 4961 meminit.
3746 4905 3885 4959 Vide
3912 4904 4014 4967 ibi,
4050 4904 4220 4959 Blon-

2554 4976 2667 5030 dus
2702 4976 2784 5031 De
2806 4978 2986 5043 gestis
3028 4978 3376 5032 Venetorum
3408 4976 3678 5033 Alcxium
3710 4976 3869 5031 hunc
3911 4991 4030 5031 non
4065 4982 4223 5031 recte

1823 5051 2145 5105 Consilium
2232 5048 2442 5104 lsaacii
2479 5054 2519 5106 υ
2549 5050 3031 5116 protonotnrium
3066 5048 3221 5103 facit.
3253 5048 3423 5113 Quod
3466 5054 3665 5103 tamen
3698 5047 4085 5103 amanuensis
4120 5056 4225 5105 aut

2554 5120 2777 5191 librarii
2810 5119 3095 5174 mendum
3126 5120 3311 5175 videri
3340 5125 3550 5191 potest.
3580 5137 3716 5175 cum
3762 5119 3975 5191 decad.
4013 5122 4073 5183 II,
4109 5119 4216 5177 lib.

2556 5208 2628 5259 γι,
2676 5190 2842 5245 altier
2888 5192 2979 5259 sit,
3033 5198 3088 5247 et
3125 5194 3651 5261 protovestiarimn
3682 5191 3899 5247 diserte
3927 5190 4222 5260 legamus.

2557 5264 2737 5317 llocss
2756 5306 2767 5317 .

2622 5334 2736 5398 (23)
2770 5333 3007 5389 Alexius
3048 5336 3510 5401 cognominatus
3548 5335 3974 5404 Murtsnphlus
4019 5334 4225 5389 Graeco

2552 5406 2845 5461 vocabulo
2872 5406 2951 5460 ob
2983 5407 3306 5474 conjuncta
3338 5407 3590 5462 etveluti
3647 5406 3834 5461 oculis
3867 5406 4226 5461 imminenia

2553 5478 2897 5549 supercilia.
2927 5478 3155 5533 Nicetas
3187 5479 3245 5533 in
3291 5479 3515 5534 Isaacio
3548 5478 3772 5541 Angelo
3814 5484 3868 5532 et
3899 5477 4100 5549 Alexio
4135 5479 4172 5532 ι’
4207 5494 4219 5532 :

2551 5546 2716 5611 Μόνος
2777 5546 2826 5601 δ’
2882 5548 2935 5601 ἐκ
2988 5552 3191 5601 πάντων
3255 5552 3279 5601 ο
3338 5553 3536 5613 Δοὺκας
3617 5550 3863 5613 Ἀλέξιος.
3916 5550 3968 5610 ὃς
4023 5548 4076 5601 ἐκ
4130 5559 4224 5601 τοῦ

2552 5623 2916 5674 συνεσπάσθαι
3000 5626 3091 5683 τὰς
3160 5622 3318 5695 dum);
3384 5628 3473 5675 καὶ
3574 5619 3677 5674 οἷον
3757 5630 3862 5684 τοῖς
3940 5621 4222 5693 dehinc};

2550 5694 2932 5768 ἐπικρέμασθαι
2964 5745 2969 5759 ε
3044 5696 3170 5768 πρὸς
3196 5682 3233 5699 ’⁸
3260 5703 3359 5768 τῶν
3472 5696 3769 5768 συνεφήϐων
3877 5682 4219 5768 ἐπολνόμᾲστο

2548 5759 2972 5841 ﬁdissime)”
3025 5759 3191 5824 Forte
3244 5760 3565 5842 Monug‘a‘iés.
3600 5759 3795 5824 'Varie
3844 5759 4053 5824 autem'
4099 5759 4218 5822 hoc
