4484 6446
269 543 366 596 τὴν
438 538 844 591 Φιλιππούπολιν
920 536 1228 610 ἀφικόμενος
1309 544 1396 591 καὶ
1459 544 1528 610 μὴ
1607 542 1732 612 πρὸς

269 628 556 700 οἰκητόρων
621 624 832 698 δεχθεὶς
883 627 964 680 ἐπὶ
1025 632 1118 684 τὴν
1171 629 1564 680 Maenius-31:0)“
1637 627 1924 700 ἀφικνεῖται

268 714 482 767 κάκεῖσε
526 719 614 776 τὰς
670 712 948 789 διατριϐὰς
1005 715 1245 770 ἐποιεῖτο.
1312 716 1534 779 Ἀ>.έξιος
1597 714 1654 768 δὲ
1713 719 1737 768 ό
1795 721 1924 769 Δού-

271 824 370 864 κας
423 805 556 874 (31),
614 804 666 866 ὃς
707 809 791 856 τόν
844 807 952 856 υἱὸν
1008 812 1096 856 τοῦ
1152 805 1416 857 Ἰσαακίον
1458 805 1718 858 ἀπέκτεινε
1788 812 1920 876 (32),

277 892 585 965 βούλόμενος
621 891 674 944 ἐκ
729 889 930 954 κήδους
988 893 1127 962 αὐτῷ
1184 896 1662 968 προσαρμόσασθαι
1717 895 1826 966 ἅμα
1875 914 1926 946 τε

273 985 364 1033 τὸν
417 990 507 1033 τοῦ
555 983 821 1035 Ίσαακίου
867 983 977 1033 υἱόν
1036 988 1308 1053 πεφόνενκε
1360 988 1448 1034 καὶ
1503 984 1611 1054 ἁμα
1675 990 1766 1040 τὴν
1837 991 1924 1034 τοῦ

275 1070 538 1144 βασιλέως
615 1071 842 1133 Ἀλεξίου
906 1073 1162 1144 θυγατέρα
1233 1069 1488 1124 Εὺδοκιαν
1556 1074 1924 1144 προσηγάγετο

273 1159 344 1220 εἰς
390 1168 636 1230 γυναῖκα,
696 1162 928 1216 ὑστάτην
987 1155 1149 1212 οὖσαν
1199 1168 1298 1212 τῶν
1363 1162 1654 1232 θυγατέρων
1714 1161 1922 1216 ἐκείνου.

269 1255 417 1319 Τρεῖς
446 1251 547 1321 γὰρ
592 1250 706 1317 (33)
767 1250 1010 1319 ὑπῆρχον
1060 1247 1219 1317 αὐτῷ,
1255 1254 1344 1300 καὶ
1396 1251 1426 1306 ἡ
1477 1253 1568 1320 μεν
1616 1256 1785 1321 πρώιη
1837 1245 1926 1301 Εἶ-

270 1339 404 1408 ρήνη
447 1339 865 1408 κατωνόμάζετο,
935 1338 964 1395 ἢ
1009 1343 1100 1389 καὶ
1167 1334 1324 1409 ἀνδρὶ
1403 1338 1699 1401 συνέζευξεν
1779 1338 1924 1391 Ἀὶε-

270 1425 366 1494 ξίῳ
390 1435 462 1495 τῷ
493 1425 853 1496 Παλαιοὶογῳ,
895 1427 949 1477 ὃν
999 1431 1090 1476 καὶ
1135 1422 1400 1483 δεσπότην
1465 1430 1577 1493 (34)
1632 1431 1920 1497 τετίμηκεν·

272 1513 356 1583 [Ρο
386 1514 440 1584 5]
493 1512 621 1565 ἀ),λά
664 1522 936 1586 προῴχετο
985 1510 1134 1574 οὗτος
1190 1522 1285 1574 τῆς
1350 1520 1738 1567 Κωνσταντίνου
1789 1515 1924 1566 ἁλώ-

275 1602 515 1664 σεως.Ἠ
575 1599 634 1655 δὲ
700 1599 916 1676 δευτέρα
971 1602 1196 1654 ὶκαλεῐτο
1244 1609 1418 1668 Ἀννα,
1477 1604 1544 1664 εἰς
1601 1607 1660 1661 ἣν
1721 1601 1924 1657 Θεόδω-

271 1711 362 1763 ρον
432 1695 517 1744 τόν
591 1694 865 1766 Λάσκαριν
956 1691 1391 1766 ἐπεγάμϐρευσεν.
1473 1692 1536 1746 Ἡ
1643 1690 1700 1745 δε
1773 1698 1922 1764 τρίτη

275 1777 511 1833 Εὖὸοκία
579 1783 996 1852 κατωνομάζετο,
1076 1784 1136 1838 ἣν
1217 1786 1315 1854 πρὸ
1395 1790 1580 1853 καιροῦ
1655 1784 1679 1832 ὁ
1754 1785 1924 1856 πάτπρ

272 1869 436 1930 αὐτῆς
483 1879 555 1940 τῷ
604 1870 768 1944 κράλῃ
824 1871 934 1940 (35)
989 1869 1200 1944 Σερϐίας
1259 1873 1576 1934 συνέζευξεν,
1641 1872 1759 1922 Ἐπί
1825 1891 1928 1922 τινι

1815 418 2160 476 ANNALES.

3583 432 3687 486 990

1825 548 1923 591 τὼν
1953 547 1999 598 A
2038 544 2208 598 nieus
2239 560 2346 601 nec
2383 546 2461 601 ad
2492 547 2707 602 accolis
2739 553 3020 620 exceptus
3060 551 3502 622 Mosynupolim
3549 569 3685 609 cou-

2038 630 2203 698 fugit,
2233 633 2330 688 ubi
2357 651 2554 689 moras
2578 636 2867 691 trahebat.
2898 644 2962 691 At
3006 640 3194 692 Ducas
3262 639 3513 695 Alexius.
3575 643 3676 713 qui

2035 719 2223 776 ﬁlium
2251 722 2452 777 lsaacii
2474 725 2984 794 peremerat,illius
3010 725 3358 782 affinitatem
3381 729 3680 794 ambiens,

2037 810 2230 864 statim
2258 817 2434 882 atque
2462 811 2720 866 Alexiuui
2746 813 3062 882 jiigulavit,
3089 817 3467 886 imperatoris
3499 819 3688 874 Alexii

2035 896 2218 952 ﬁliam
2248 899 2594 968 Eudociam,
2629 899 2886 956 ﬁliarum
2917 901 3072 956 illius
3131 909 3522 974 postremam,
3573 907 3682 962 sibi

2036 986 2095 1040 in
2127 988 2508 1044 matrimonio
2534 989 2749 1059 junxit.
2783 993 2916 1045 Tres
2938 991 3156 1046 etenim
3198 990 3350 1048 ﬁlias
3402 1010 3682 1066 succepe-

2033 1083 2143 1140 rat,
2172 1091 2432 1146 quarum
2456 1079 2647 1148 prima
2687 1081 2848 1132 lrene
2877 1079 3229 1149 Palieologo,
3275 1083 3379 1152 qui
3417 1083 3683 1154 despotte

2034 1163 2320 1231 dignitate
2343 1165 2686 1220 honestatus
2706 1172 2841 1221 ante
2869 1167 3266 1238 direptionem
3296 1169 3461 1225 urbis
3501 1171 3684 1228 vitam

2033 1250 2286 1320 ﬁnierat,
2319 1252 2663 1320 collocatur;
2689 1255 2952 1310 secunda
2987 1263 3156 1311 Anna
3219 1257 3534 1314 Theodoro
3585 1261 3685 1314 La-

2037 1339 2186 1394 scari
2227 1339 2555 1412 desponsa;
2583 1341 2908 1397 Eudociam
2939 1345 3559 1416 tertiamimpuberem
3585 1346 3687 1402 ad-

2036 1427 2152 1482 huc
2196 1443 2305 1482 nec
2366 1435 2666 1484 maturam
2701 1430 2826 1485 viro
2861 1430 3003 1486 crali
3032 1432 3246 1487 Servios
3295 1442 3547 1506 nuptam
3587 1437 3685 1490 de-

2035 1515 2221 1579 derat,
2246 1532 2431 1588 quam
2469 1518 2586 1587 ille,
2625 1524 2686 1573 ut
2715 1519 2934 1590 aiebat,
2968 1521 3170 1576 nescio
3201 1523 3261 1575 in
3309 1537 3432 1592 quo
3478 1523 3686 1593 depre-

2035 1603 2287 1659 hensam
2319 1605 2469 1674 patri
2495 1605 2740 1670 remisit,
2782 1623 2916 1661 cum
2963 1623 3086 1678 quo
3125 1613 3357 1664 tetatem
3405 1610 3681 1679 degebat.

2038 1694 2178 1746 Eam
2240 1695 2432 1748 Ducas
2487 1693 2746 1752 Alexius.
2812 1695 3052 1751 exclusa
3117 1697 3378 1768 propria.
3437 1714 3684 1753 uxorem

2036 1779 2227 1835 duxit.
2269 1781 2381 1836 Sed
2410 1783 2608 1853 potitis
2643 1783 2801 1838 Italis
2831 1785 3109 1854 Byzantio
3140 1785 3279 1840 inde
3303 1802 3503 1841 secum
3536 1788 3687 1843 inter

2037 1869 2154 1924 alia
2202 1885 2450 1925 uxorem
2499 1869 2771 1925 deferens
2823 1874 3093 1938 excessit,
3140 1874 3470 1947 certiorque
3498 1875 3686 1931 factus

1193 1969 1531 2035 Theodori
1586 1970 1832 2036 Dousa)
1883 1978 1946 2033 et
1995 1966 2241 2034 Leonis
2292 1968 2522 2034 Allatii
2574 1980 2773 2036 notae.

351 2083 688 2152 (31)Ἀλεξιος
707 2080 764 2135 δε
781 2085 806 2135 ὁ
823 2087 1040 2145 Δούκας.
1059 2084 1443 2156 [[ο).υομί).ητος
1460 2085 1512 2136 ἐκ
1530 2091 1702 2156 again;
1722 2090 1924 2156 τριχός,

271 2160 365 2228 καὶ
411 2156 669 2226 ῥυηφενὴς
726 2175 792 2228 εις
844 2160 1022 2216 κοίτας
1077 2153 1435 2226 δεικνύμενος,
1475 2153 1577 2207 καί
1623 2153 1928 2228 κουριδίους

273 2223 693 2295 ἀλόχουςπαρὰ
721 2223 874 2283 δίκην
933 2223 1394 2297 ἀποπεμψάμενος,
1445 2223 1752 2281 Choniata.
1792 2234 1926 2280 ALL.

351 2301 462 2362 (3'2)
521 2299 668 2352 Cum
735 2297 1037 2352 Nicolaum
1110 2299 1416 2352 Canebum
1484 2298 1926 2352 a-tolesceutem

274 2368 551 2422 seditiose
567 2368 830 2440 Byzantii
847 2370 1305 2430 inaugurassent
1320 2376 1374 2423 et
1390 2369 1567 2423 lsaaci
1579 2385 1647 2423 us
1661 2371 1927 2423 animam

272 2446 500 2506 ageret,
534 2439 772 2494 Alexius
810 2440 1174 2495 Bonifacium
1204 2440 1613 2494 marchionem
1661 2440 1926 2506 accersit,

274 2509 502 2581 quibus
541 2511 734 2565 visum
782 2519 870 2565 est
917 2513 1148 2566 Latinas
1207 2511 1481 2566 cohortes
1525 2513 1583 2564 in
1639 2511 1926 2581 palatium

274 2580 704 2653 admittendas,
745 2581 966 2653 quibus
999 2581 1276 2636 Canebus
1325 2580 1804 2653 submoveretur.
1867 2581 1928 2634 ld

275 2667 416 2706 cum
438 2652 817 2707 nuntiassent
834 2652 1402 2724 DucieMurtzuphlo,
1429 2669 1566 2724 cum
1590 2653 1789 2724 multis
1805 2653 1927 2705 suis

275 2723 572 2794 cognatis.
607 2730 661 2778 et
692 2724 961 2794 spadone
979 2723 1127 2779 ﬁsco
1151 2723 1428 2794 praefecto
1461 2723 1570 2777 sibi
1594 2723 1925 2782 conciliato.

274 2793 694 2858 defectionem,
722 2793 910 2865 quam
931 2796 1056 2863 jam
1100 2793 1303 2850 animo
1339 2794 1598 2860 fovebat,
1634 2794 1885 2865 exclusit
1913 2810 1925 2847 :

275 2880 545 2936 namque
577 2864 935 2936 intempesta
959 2872 1129 2920 nocte
1188 2865 1450 2936 Alexium
1487 2881 1740 2936 puerum
1786 2864 1927 2936 adit,

276 2935 485 3006 aitque
516 2935 807 3000 cognatos
839 2936 987 3004 ejus.
1025 2935 1432 3007 bipenniferos
1467 2935 1780 3000 Barbaros,
1805 2935 1932 3006 plu-

275 3022 493 3087 resque
520 3007 742 3087 alios_i_n
771 3007 996 3087 foribus
1027 3024 1152 3061 esse
1178 3007 1253 3087 ad
1281 3023 1418 3087 eum
1448 3008 1526 3087 ob
1559 3008 1930 3087 initam‘cum

281 3077 504 3132 Latinis
524 3077 984 3133 familiaritatem
1007 3086 1061 3133 et
1076 3079 1397 3133 amicitiam
1417 3077 1928 3134 obtruncandum.

281 3149 376 3204 Sic
409 3165 662 3229 puerum
689 3149 952 3229 territum
980 3151 1341 3229 complexus
1361 3165 1464 3220 per
1482 3155 1714 3229 portam
1731 3149 1930 3229 pleriso
1963 3147 2004 3202 C

277 3220 682 3292 queignotam
704 3221 764 3275 in
782 3220 1311 3292 tentorium.’quod
1330 3222 1387 3274 in
1412 3220 1634 3292 palatio
1647 3220 1928 3283 habebat,

277 3292 456 3361 quasi
487 3291 842 3347 liberaturus
873 3291 1246 3362 pei‘ducit,’et
1267 3291 1663 3362 compedibus
1701 3292 1930 3358 injectis

277 3362 341 3416 in
375 3363 740 3418 teterrimum
760 3379 1059 3417 carcerem
1107 3363 1362 3432 conjicit,
1419 3369 1472 3416 et
1519 3362 1628 3415 sibi
1671 3362 1934 3430 insignia

279 3433 736 3505 imperiisumit,
769 3449 878 3488 nec
901 3449 1020 3489 non
1052 3435 1130 3490 ab
1161 3435 1290 3489 aliis
1315 3433 1735 3505 imperatorde
1769 3449 1932 3488 more

278 3504 711 3568 oonsalutatiir;
749 3521 855 3560 uec
897 3506 1083 3560 multo
1141 3511 1276 3575 post
1315 3521 1350 3559 a
1408 3504 1758 3559 satellitibus
1810 3506 1932 3558 suis

279 3575 589 3647 Canabum
622 3581 866 3647 captum
893 3577 1176 3631 custodite
1201 3576 1397 3631 tradit.
1428 3577 1633 3647 Alexio
1651 3576 1934 3647 deinceps

275 3662 470 3728 puero
488 3646 904 3728 bis‘venenum
931 3648 1290 3728 propinavit.
1323 3646 1488 3728 quod
1512 3662 1650 3728 cum
1681 3646 1772 3728 ille
1807 3654 1928 3726 tum

278 3717 472 3772 aetatis
505 3717 720 3774 robore
751 3725 876 3773 tum
910 3717 1217 3784 antidotis,
1257 3717 1478 3784 quibus
1524 3719 1818 3783 utebatur,
1856 3718 1930 3771 vi-

279 3789 476 3852 cisset,
492 3805 630 3862 euiu
648 3790 867 3861 laqueo
890 3790 1132 3862 tandem
1149 3789 1451 3862 praefocat.
1471 3804 1676 3862 mense
1701 3789 1932 3860 imperii

280 3866 470 3924 sexto,
503 3861 598 3915 die
629 3868 861 3916 octavo.
900 3861 1182 3926 Blondus,
1216 3863 1296 3915 De
1320 3864 1495 3930 gestis
1557 3861 1933 3915 Venetorum:

281 3931 358 3986 Et
370 3947 646 4000 puerum,
660 3933 707 3987 Α
722 3934 962 3991 lexium.
979 3949 1148 4004 quem
1162 3933 1372 3987 datum
1403 3932 1487 3987 bis
1507 3946 1796 3986 venenum
1813 3947 1932 3986 non

279 4005 606 4074 occiderat.
630 4004 766 4059 eliso
778 4010 1220 4074 gutturemanu
1232 4005 1483 4072 propria
1537 4005 1790 4074 necavit.
1836 4006 1935 4059 Sa-

283 4073 522 4138 bellius,
554 4073 822 4131 Ennead.
854 4075 914 4131 lX
952 4075 1106 4130 libro
1127 4077 1337 4146 quinto
1385 4091 1397 4128 :
1434 4073 1834 4144 Murtzuphlus
1849 4081 1932 4129 est

283 4147 504 4218 itaque,
540 4148 700 4217 quod
725 4150 986 4203 maxime
1013 4152 1271 4216 optabat,
1305 4153 1672 4212 consecutus,
1696 4151 1760 4198 ut
1791 4161 1933 4218 pars

283 4215 406 4272 una
421 4215 830 4274 multitudinis
847 4235 976 4274 eum
997 4215 1350 4287 praefectum
1371 4220 1554 4282 urbis,
1569 4218 1764 4271 altera
1787 4215 1929 4272 belli

277 4288 511 4357 ducem,
545 4291 721 4345 tertia
743 4293 1163 4358 imperatorem
1191 4290 1541 4344 declararit.
1571 4290 1700 4356 Ipse
1732 4289 1816 4342 ab
1864 4303 1931 4344 ea

279 4360 694 4416 declaratione
731 4363 1040 4429 confestim
1065 4362 1392 4416 satellitum
1427 4361 1930 4430 propinquorum-

278 4447 395 4501 que
419 4439 662 4488 caterva
721 4435 977 4502 stipatus
1003 4449 1121 4488 esse
1152 4447 1226 4488 er
1251 4432 1496 4500 publica
1527 4433 1830 4498 proripuit
1867 4433 1928 4484 in

274 4504 752 4560 Alez‘iidomum.
801 4501 877 4560 ar.
926 4519 1201 4572 puerum,
1255 4519 1421 4573 quem
1482 4509 1657 4558 antea
1709 4517 1929 4556 veneno
1964 4503 2006 4556 Ι)
2041 4501 2098 4554 in
2158 4501 2338 4554 rebus

269 4577 521 4642 petitum
553 4591 768 4631 necare
791 4592 912 4631 non
936 4577 1145 4643 potuit.
1188 4577 1330 4631 eliso
1389 4579 1633 4642 gutture
1676 4577 1926 4642 propria

268 4649 506 4702 necavit
537 4663 740 4708 manu.
771 4648 942 4702 homo
966 4654 1082 4701 tam
1105 4647 1366 4715 per/idus
1398 4661 1575 4716 quam
1601 4649 1877 4714 ingratus
1913 4664 1924 4710 ;

267 4721 620 4788 peperitque
672 4734 965 4773 summum
1018 4719 1240 4774 Isaacii
1269 4718 1613 4782 beneﬁcium
1633 4733 1925 4788 summam

270 4787 787 4858 ingratitudinem.
826 4791 944 4857 Hic,
991 4797 1055 4844 ut
1078 4790 1326 4849 videtur,
1364 4788 1658 4843 Sabellius
1690 4787 1924 4842 Alexios

266 4860 601 4932 confundit.
647 4864 914 4932 Namque
944 4861 1182 4916 Alexius
1219 4858 1619 4932 Murtzuphlus
1651 4859 1922 4932 Alexium

269 4933 479 4988 lsaacii
508 4931 698 4988 ﬁlium
729 4931 858 4987 neci
891 4932 1150 4987 tradidit.
1189 4931 1691 4987 Beneficiatamen
1722 4931 1924 4985 Isaacii

268 5002 486 5075 collata
512 5004 717 5060 Alexio
745 5020 866 5059 non
907 5004 1274 5075 Murtzuphlo
1323 5004 1504 5075 fuere.
1568 5002 1672 5075 sed
1725 5001 1924 5075 Alexio

267 5073 632 5148 fratri,quod
659 5076 850 5148 etipse
871 5073 1162 5130 Sabellius
1177 5091 1359 5148 supra
1378 5073 1707 5148 vid_erat.de
1724 5073 1924 5148 Alexio

267 5161 458 5218 puero
477 5146 678 5203 fsaacii
699 5146 821 5202 ﬁlio
840 5163 1161 5201 sermonem
1176 5146 1430 5202 habens:
1451 5146 1562 5212 Qui
1587 5146 1924 5218 Isaac/tium

267 5217 523 5286 patrem.
542 5223 716 5289 cujus
732 5221 1004 5286 beneﬁcio
1026 5235 1246 5288 magno
1269 5220 1409 5289 auri
1426 5219 1691 5285 pondere
1714 5217 1923 5284 fuisset

266 5290 408 5345 olim
422 5305 460 5346 α
477 5288 681 5346 Turcis
695 5292 1054 5359 redemptus,
1070 5302 1250 5362 atque
1262 5292 1345 5344 ita
1360 5288 1926 5343 humanetrartatus

264 5369 330 5416 ut
350 5365 623 5432 quamvis
649 5364 1047 5418 multominor
1067 5369 1214 5417 natu
1247 5367 1411 5420 esset.
1456 5362 1687 5432 vixerit
1727 5368 1924 5415 tamen

259 5431 494 5503 seraper
540 5450 674 5491 eum
720 5449 783 5490 eo
827 5437 1158 5502 imperante
1200 5449 1274 5489 ea:
1323 5449 1516 5504 (equo,
1595 5431 1789 5486 subita
1867 5434 1927 5486 vi

259 5520 608 5574 oppressum
622 5508 907 5576 privasset
926 5506 1268 5566 luminibus,
1287 5507 1590 5573 privatum
1626 5506 1925 5559 artissime

262 5577 570 5642 vinxisset,
600 5581 864 5634 vinctum
897 5580 957 5633 in
977 5577 1205 5645 factum
1238 5593 1309 5632 ac
1367 5584 1585 5631 tetrum
1627 5591 1923 5631 carcerem

259 5652 626 5721 confecisset.
665 5649 841 5705 Addit
860 5649 1181 5704 Balduiuiis
1201 5650 1371 5720 epist.
1393 5648 1470 5704 ad
1490 5649 1920 5702 Innocentium:

257 5721 447 5794 Nocte
482 5724 670 5791 igitur
701 5723 1040 5794 insequenti
1066 5722 1374 5776 dominum
1443 5735 1616 5775 suum
1663 5721 1926 5794 latenter

260 5793 474 5865 laqueo
531 5794 785 5864 su/f'ocat
829 5791 892 5850 in
947 5809 1190 5850 carcere
1255 5808 1389 5849 cum
1439 5807 1561 5862 quo
1629 5794 1755 5860 ipso
1833 5791 1928 5846 die

2039 2083 2365 2158 prandium
2391 2091 2724 2158 sumpserat
2761 2086 2959 2148 Judae,
2991 2092 3043 2139 ct
3068 2087 3474 2155 clavaferrea,
3507 2104 3686 2158 quam

2045 2153 2276 2209 tenebat
2308 2156 2366 2208 in
2383 2170 2564 2210 manu
2599 2157 2789 2210 latera
2804 2158 3106 2210 morientis
3128 2164 3182 2212 et
3196 2153 3386 2214 costas
3409 2153 3688 2214 inaudita

2043 2226 2396 2280 crudelitate
2410 2226 2759 2293 confringit.
2777 2242 3032 2296 casuque
3051 2231 3251 2295 vitam,
3269 2243 3446 2299 quam
3477 2231 3689 2299 laqueo

2041 2303 2368 2351 extorserat
2381 2301 2686 2364 ,conﬁngit
2700 2306 2957 2365 erepta-ni
2970 2314 3057 2358 ,αι’
3072 2301 3317 2368 imperia
3329 2301 3370 2354 li
3381 2303 3689 2368 sepultura

2045 2383 2316 2440 concessa
2364 2369 2751 2436 propalatum
2816 2370 3106 2432 omnibus,
3189 2373 3378 2426 scelus
3454 2371 3688 2440 funeris

2046 2439 2271 2512 [umore
2294 2440 2669 2512 dissimulat.
2722 2440 3204 2512 Scias‘quoque.
3253 2439 3459 2500 lector.
3481 2449 3692 2512 praeter

2045 2509 2304 2562 historici
2347 2509 2526 2564 fidem
2588 2527 2619 2563 a
2681 2509 2983 2564 nonnullis
3053 2509 3246 2567 notari
3322 2509 3691 2568 Guntherum

2046 2579 2346 2653 appellare
2391 2580 2780 2653 Murciphlum
2823 2589 3167 2651 tyrannum,
3229 2585 3399 2653 cujus
3435 2585 3689 2639 consilio

2048 2651 2227 2705 Alexii
2278 2655 2444 2720 pater
2500 2657 2675 2706 antea
2730 2651 3065 2708 obcaecatus
3126 2660 3182 2708 et
3259 2651 3318 2708 in
3393 2670 3692 2710 carcerem

2046 2723 2351 2790 conjectus
2382 2722 2732 2797 t_ue_rat,cum
2767 2739 2836 2777 eo
2859 2726 3141 2794 temporis
3169 2726 3695 2797 Murtzuphlinulla

2046 2800 2200 2869 esset
2245 2793 2408 2869 apud
2461 2793 2882 2869 imperatorem
2957 2793 3296 2858 auctoritas,
3332 2793 3695 2869 etfpraecipui

2047 2863 2202 2917 illius
2263 2863 2565 2918 facinoris
2597 2871 2870 2918 auctores
2919 2873 3277 2921 censeantur
3351 2863 3695 2923 Theodorus

2051 2935 2266 3010 Brana,
2299 2936 2582 3010 Georgius
2615 2935 3280 3010 Palseologus,.loaiines
3303 2938 3689 3010 Petraliphas,

2049 3007 2468 3059 Constantinus
2488 3005 2708 3060 Raulus
2722 3011 2778 3060 et
2800 3007 3039 3061 Michael
3059 3005 3532 3064 Cantacuzenusf
3558 3018 3692 3065 ALL.

2122 3079 2232 3141 (33)
2259 3082 2406 3150 Τρεις
2433 3080 2556 3150 γάρ.
2585 3077 2894 3143 Choniata,
2924 3093 3062 3150 pag.
3097 3079 3220 3144 673,
3275 3085 3355 3134 t7.
3412 3081 3698 3144 Georgius

2050 3148 2319 3202 Phi-anza
2347 3147 2452 3202 lib.
2487 3147 2524 3216 i,
2556 3163 2690 3218 cap.
2730 3155 2774 3213 l,
2814 3147 3298 3218 printerhistoriie
3330 3150 3508 3206 ﬁdem
3543 3152 3696 3206 duas

2049 3219 2317 3272 Alexium
2351 3220 3335 3289 Comneniiinimperatoremfilias
3368 3238 3693 3290 generasse

2049 3289 2272 3355 scribit,
2301 3306 2556 3360 quarum
2573 3298 2718 3344 natu
2740 3291 3123 3360 grandiorem
3143 3289 3390 3348 lrenem’
3411 3295 3694 3350 vocabulo

2041 3376 2353 3434 purpurea
2369 3362 2617 3416 induere
2628 3363 2910 3417 sandalia
2913 3365 2948 3431 j
2954 3365 3096 3434 ussit
3111 3399 3121 3410 .
3140 3365 3297 3434 quod
3318 3365 3510 3430 illam,
3527 3372 3580 3420 et
3599 3367 3698 3420 cui

2043 3432 2529 3500 desponderetur,
2561 3447 2920 3488 successores
2941 3442 2994 3488 et
3028 3432 3293 3490 heredes
3315 3443 3445 3503 post
3469 3436 3693 3491 obitum

2041 3519 2212 3579 suum
2233 3505 2969 3579 foreconstituisset,etc.;
2994 3507 3306 3579 exscripsit
3328 3509 3691 3579 exGregoi'a,

2043 3574 2145 3628 lib.
2182 3591 2254 3628 iv.
2284 3575 2734 3636 Volaterannus.
2760 3575 2861 3629 lib.
2895 3591 3054 3639 xxiii,
3080 3574 3208 3631 non'
3229 3578 3463 3633 minora
3494 3574 3693 3634 turbat

2044 3644 2122 3698 ab
2149 3645 2276 3699 aliis
2309 3646 2694 3716 scriptoribus
2724 3646 3103 3702 dissentiens:
3141 3649 3390 3709 Alexim
3429 3647 3692 3705 Mur/zu-

2039 3717 2223 3784 p/ilus
2251 3723 2658 3786 cognomento.
2683 3725 2745 3771 ut
2765 3723 3074 3773 estauctor
3097 3720 3472 3788 Acropolita,
3494 3721 3687 3788 ﬁliam

2041 3791 2284 3864 Annam
2353 3788 2652 3864 Theodoro
2722 3791 2984 3864 Lascari
3017 3791 3255 3858 locavit;
3324 3791 3697 3864 fugatusque

2045 3859 2277 3934 deinde.
2315 3860 2405 3914 uti
2437 3861 2722 3918 diximus.
2752 3876 2788 3916 a
2815 3861 3012 3934 Gallis
3071 3877 3197 3934 una
3245 3859 3379 3918 cum
3407 3859 3696 3934 'conjuge

2048 3931 2448 4006 Euphrosyna
2477 3938 2532 4006 et
2563 3931 2935 4006 generofuit.
2951 3932 3336 4006 Acropolites,
3361 3931 3696 4006 quem'ipse

2046 4001 2269 4074 laudat,
2314 4016 2433 4056 non
2467 4004 2547 4057 ait
2577 4003 2758 4074 Alexii
2801 4001 3143 4074 Murtzuphli
3213 4001 3400 4060 filiani
3456 4001 3694 4061 Annam

2043 4072 2354 4148 Theodoro
2389 4075 2619 4148 Lascari
2653 4073 2930 4141 locatam,
2966 4072 3067 4128 sed
3102 4075 3284 4148 Alexii
3321 4080 3697 4148 imperatoris

2047 4146 2248 4219 Isaacii
2279 4143 2671 4219 fratrifiliain:
2700 4161 2848 4219 nam
2872 4162 3060 4219 agens
3089 4146 3174 4219 de
3217 4143 3455 4219 filiabus
3515 4149 3696 4219 hujus

2041 4215 2246 4288 A1935“,
2271 4217 2300 4272 ἡ
2333 4211 2391 4267 δὲ
2424 4213 2664 4288 δευτέρα,
2719 4211 2941 4288 scribit,
2996 4215 3220 4270 ἐκαλεῖτο
3269 4217 3447 4286 Ἀννα,
3500 4220 3570 4280 εἰς
3597 4211 3693 4278 ”ἣν

2043 4284 2314 4359 Θεόδωρον
2344 4294 2428 4339 τόν
2458 4284 2727 4360 Λάσκαριν
2759 4287 3194 4361 ἐπεγάμξρενσεν.
3237 4284 3560 4363 Nullusque
3605 4298 3697 4347 est

2041 4359 2190 4434 inter
2217 4358 2533 4434 scriptores
2558 4358 2790 4414 Griecos
2820 4358 2926 4430 qui
2956 4358 3010 4414 iu
3061 4361 3172 4434 hoc
3220 4361 3299 4416 ab
3352 4358 3692 4434 Acropolita

2040 4429 2368 4502 dissentiat.
2385 4431 2527 4494 Quis
2547 4429 2914 4502 porrotequo
2927 4435 3129 4486 animo
3147 4432 3342 4497 ferret,
3358 4429 3694 4488 duminodo

2439 4503 2651 4556 Graecis
2704 4502 2953 4556 omnino
3029 4503 3274 4569 jejunus
3361 4520 3482 4560 non
3589 4507 3692 4573 sit,

2045 4573 2504 4642 Euphrosynam
2566 4589 2813 4628 uxorem
2873 4573 3144 4640 ejusdem
3197 4576 3378 4630 Alexii
3463 4576 3690 4642 Angeli,

2043 4642 2249 4716 Isaacii
2269 4644 2733 4716 fratrisuxorein
2751 4643 2865 4699 dici
2882 4645 3697 4716 Murtzuplili,ci:jusEudocia

2039 4715 2220 4770 Alexii
2254 4715 2456 4778 Angcli
2491 4721 2858 4770 memoratur
2888 4715 2914 4769 ?
2949 4721 3082 4771 ALL.

2109 4787 2223 4857 (34)
2257 4786 2992 4860 Despolienomine.quod
3025 4790 3080 4842 in
3112 4789 3223 4843 hoc
3250 4789 3449 4844 libello
3473 4790 3694 4860 siepius

2037 4859 2311 4918 occurrit.
2348 4861 2404 4912 in
2437 4859 2573 4914 aula
2592 4857 2898 4930 Cpolitan’a
2935 4860 3304 4915 vocabantur
3332 4861 3454 4920 ﬁlii.
3489 4857 3694 4917 fratres

2039 4930 2237 5004 generi
2255 4930 2652 5004 imperatoris,
2671 4930 3126 5004 sebastocrator,
3159 4934 3356 5004 Cwsal‘
3383 4941 3436 4986 et
3454 4936 3693 5004 patriar-

2038 5002 2184 5056 chae.
2217 5000 2492 5076 δρᾷ-κατὰ
2522 5001 2711 5072 ἐξοχὴν
2749 5003 2828 5057 ita
2859 5002 3052 5076 dictus
3105 5003 3210 5058 fuit
3271 5000 3504 5076 imperii
3563 5022 3695 5058 suc-

2037 5088 2259 5156 cessor.
2291 5073 2550 5156 filiorum
2583 5079 2726 5128 natu
2766 5074 3092 5156 mai-timus.
3145 5073 3590 5156 Nonnumquam
3639 5081 3695 5131 et

2039 5144 2168 5198 aliis
2236 5145 2607 5214 principibus
2668 5145 2942 5200 amicitia:
2996 5151 3100 5200 aut
3165 5144 3467 5202 afﬁnitatis
3553 5163 3695 5211 ergo

2038 5216 2406 5270 deferebant.
2465 5218 2605 5281 Quae
2676 5217 2880 5271 omnia
2913 5218 3361 5274 accuratissime
3415 5219 3698 5275 Meursius

2038 5287 2381 5341 observavit
2411 5288 2470 5342 in
2503 5288 2822 5342 Glossario.
2856 5290 3070 5343 Douss.

2111 5362 2222 5430 (35)
2282 5359 2486 5430 Kpai‘m;
2513 5375 2638 5414 rex.
2680 5359 2836 5431 Idem
2869 5359 3033 5431 quod
3069 5360 3433 5416 Polonorum
3491 5361 3698 5426 lingua

2039 5431 2326 5504 Crol._Tr'n
2358 5431 2553 5504 κράὶην
2586 5430 2797 5503 ἱερείας
2836 5430 3204 5504 Nicepliorus
3236 5435 3524 5496 Gregoras
3576 5449 3696 5489 non

2041 5501 2227 5577 Semel
2258 5501 2552 5567 nominat;
2600 5501 2670 5577 et
2700 5505 2724 5554 ό
2768 5501 3287 5577 κράὶηςίοὺγγριας
3352 5507 3408 5559 in
3450 5509 3697 5577 sancito

2039 5575 2688 5652 quodainpatriarchaa
2724 5575 3009 5652 anonyiui
3057 5575 3217 5647 apud
3251 5575 3696 5652 Leunclavium,

2040 5648 2097 5728 in
2126 5648 2274 5701 Jure
2295 5648 2843 5728 Greco-hRomanoi
2857 5648 3110 5728 κράλαινα
3152 5652 3362 5728 regina
3399 5648 3698 5728 Gregorue',

2038 5717 2140 5773 lib.
2200 5735 2292 5784 vn,
2341 5719 2595 5790 κρα).ίτζα
2659 5720 2719 5774 in
2797 5717 3094 5776 Chronico
3180 5720 3496 5789 Cpolitano
3584 5717 3696 5790 ms:

2039 5790 2203 5862 apud
2230 5792 2565 5848 Meursium.
2585 5792 2784 5848 Niceta
2811 5792 2868 5848 in
2908 5791 3106 5848 Alexio
3131 5793 3457 5862 Comneno,
3481 5791 3586 5863 lib,
3621 5809 3702 5878 ιιι⁹
