4484 6446
792 441 891 498 991

2142 434 2428 495 GEORGII
2463 434 2950 497 ACROPOLITIE.

4109 447 4217 505 992

797 563 1169 636 Mosynupoli
1204 565 1308 635 11
1372 563 1797 637 imperatorem
1849 564 2119 621 Alexium
2173 578 2447 620 socerum
2478 563 2525 616 A
2567 589 2568 607 ι

2478 563 2525 616 Α
2567 558 2625 617 δε
2680 565 2833 617 πάθει
2888 564 3023 636 (36),
3074 564 3144 627 ὡς
3201 567 3445 636 ἔφασκον,
3503 564 3695 622 ταύτην
3767 567 3918 631 οὗτος
3977 572 4218 644 φωράσας

791 654 1101 710 immorari
1123 654 1304 710 alacri
1329 653 1408 709 ad
1430 669 1570 710 eum
1600 655 1808 710 animo
1829 654 2068 712 festinat
2089 671 2101 712 :
2126 654 2230 727 qui
2254 653 2448 709 multis

792 743 901 799 alis
929 743 1132 809 titulis,
1165 743 1272 798 sed
1301 742 1440 798 ﬁliae
1473 743 1856 815 potissimum
1887 758 2070 800 causa
2103 743 2180 799 ab
2231 742 2446 798 eodem

792 831 1174 888 abhorrebat:
1201 830 1397 887 afﬁnis
1418 831 1809 887 nihilominus
1838 848 2160 906 personam
2184 832 2445 888 induens

791 920 1068 978 Alexium
1088 921 1322 993 excipit,
1344 927 1805 995 praeparatoque
1827 921 2069 979 lavacro
2089 927 2154 979 ut
2173 937 2295 978 una
2316 937 2446 977 cum

791 1009 912 1065 ﬁlia
928 1009 1368 1080 lavaretjussit,
1391 1008 1797 1082 balneumque
1814 1011 2148 1080 ingressum
2169 1015 2202 1066 Α
2216 1010 2442 1066 lexium

790 1098 1164 1170 imperatoris
1195 1098 1380 1154 Alexii
1425 1099 1762 1155 administri
1794 1100 2020 1172 impetu
2060 1100 2234 1165 factq
2268 1101 2443 1155 inva-

791 1187 942 1243 dunt
975 1193 1030 1244 et
1059 1187 1391 1246 luminibus
1414 1189 1688 1260 spoliant.
1718 1190 2021 1246 Traditum
2066 1195 2153 1246 est
2200 1190 2278 1246 ab
2295 1207 2442 1246 ocu-

789 1276 924 1331 latis
954 1277 1201 1332 testibus
1221 1277 1406 1334 ﬁliam
1430 1277 1505 1333 ad
1525 1277 1722 1333 balnei
1745 1277 1899 1334 fores
1927 1283 2181 1335 stantem
2209 1284 2439 1352 patrem

791 1364 1022 1436 injuriis
1045 1365 1360 1436 lacessere,
1382 1371 1589 1422 contra
1603 1382 1736 1422 eam
1760 1383 1794 1422 a
1820 1372 1986 1439 patre
2008 1385 2117 1440 pro
2135 1367 2440 1440 impudico

790 1458 968 1525 atque
990 1454 1286 1525 ﬁagitioso
1304 1470 1506 1510 amore
1520 1455 1846 1527 proscindi.
1865 1457 2210 1513 Obcmcatus
2239 1458 2441 1530 itaque

791 1543 983 1598 Ducas
1013 1543 1280 1598 Alexium
1305 1543 1468 1615 apud
1499 1544 1940 1616 Mosynupolim
1968 1548 2024 1600 et
2065 1545 2198 1601 loca
2242 1547 2442 1602 vicina

790 1630 1002 1702 palans
1025 1647 1334 1704 vagusque
1364 1632 1706 1688 oberrabat:
1750 1638 1806 1688 et
1835 1633 2157 1704 imperator
2205 1634 2441 1691 Alexius

788 1719 928 1775 inde
954 1719 1272 1776 deﬂectens
1295 1720 1778 1776 Thessalonicam
1805 1723 2125 1779 contendit.
2145 1723 2270 1780 Itali
2301 1739 2440 1779 vero

788 1808 953 1881 Cpoli
998 1809 1371 1876 excedentes,
1417 1810 1690 1882 circaque
1744 1813 2188 1884 Mosynupolim
2227 1813 2440 1869 immo-

786 1903 1008 1966 rantes,
1035 1902 1412 1971 compertum
1435 1898 1707 1954 Alexium
1739 1901 2171 1974 Murtzuphium
2209 1903 2438 1975 Cpolim
2472 1915 2511 1968 Β

788 2003 1056 2056 avexere,
1087 1988 1404 2060 scelusque
1449 1989 1615 2061 quod
1659 1989 1720 2044 in
1777 1989 2152 2063 imperatoris
2226 1994 2440 2052 lsaacii

787 2077 976 2134 ﬁlium
1009 2077 1278 2133 ediderat
1297 2077 1644 2133 ulciscentes
1667 2082 1939 2134 auctores
1983 2080 2147 2136 fuere
2186 2085 2251 2137 ut
2291 2099 2442 2154 prte-

786 2183 927 2239 ceps
941 2167 1281 2238 adigeretur
1305 2185 1318 2219 :
1344 2183 1608 2240 namque
1626 2168 1685 2223 in
1718 2168 2064 2226 columnam
2084 2171 2435 2242 maximam,

785 2257 880 2312 cui
907 2259 1097 2312 Tauro
1123 2271 1346 2312 nomen
1369 2261 1479 2322 est,
1499 2256 1806 2312 sublatum
1839 2272 2009 2326 egere
2047 2260 2433 2333 praecipitem,

783 2345 961 2422 ethic
982 2345 1118 2400 ﬁnis
1147 2345 1278 2401 vitae
1299 2345 1451 2401 illius
1473 2345 1598 2403 fuit.
1650 2345 1764 2403 Sed
1832 2346 2155 2420 imperator
2197 2349 2436 2407 Alexius

783 2434 1270 2493 Thessalonicam
1302 2436 1482 2494 venit.

2562 650 2644 703 ἐπὶ
2699 655 2786 703 τὸν
2864 658 3062 728 πατέρα
3114 652 3264 706 πάλιν
3339 654 3608 726 ἐκπέμπει,
3663 660 3752 708 καὶ
3807 659 3976 728 ἔμενεν
4036 660 4215 722 οὕτως.

2559 743 2763 798 Ταύτην
2822 741 3078 814 εἰλήφειὸ
3129 743 3393 818 εἰρημένος
3463 747 3658 805 Δούκας
3711 744 3932 808 Ἀλέξιος
3997 749 4068 816 :2,
4123 755 4217 807 τήν

2559 830 2748 883 οἰκείαν
2828 832 3122 884 καταλιπὼν
3197 837 3445 904 γαμετὴν.
3542 832 3623 896 Ὠς
3696 843 3821 906 γοῦν
3894 841 4038 911 παρὰ
4118 849 4217 890 τῶν

2556 919 2764 972 Ἰταλῶν
2838 921 2968 974 ἑάλω
3049 924 3079 980 ἡ
3165 927 3577 988 Κωνσταντίνου,
3647 921 3856 998 ἀπέδρα
3917 931 4006 978 καὶ
4066 928 4217 989 οὗτος

2556 1008 2742 1062 ἐκεῖθεν
2819 1013 2946 1081 (37),
3019 1011 3375 1086 ἐπιφερόμενος
3453 1017 3542 1064 καί
3594 1017 3687 1071 τὴν
3748 1016 3977 1087 σύζυγον
4041 1014 4212 1069 Εὔδο-

2554 1104 2690 1154 κίαν.
2746 1102 2936 1154 Μαθὼν
3009 1098 3068 1154 δε
3114 1105 3178 1161 ὡς
3232 1101 3280 1153 ἐν
3339 1102 3729 1155 Μοσυνοῠπολει
3791 1107 3886 1166 τὰς
3940 1102 4213 1181 διατριϐὰς

2553 1197 2778 1244 ποιεῖται
2835 1191 2860 1242 ὁ
2917 1192 3155 1264 πενθερὸς
3222 1191 3383 1243 αὑτοῦ
3451 1190 3695 1263 βασιλεὺς
3762 1191 4008 1258 Ἀλίξιος,
4080 1197 4212 1269 θαρ-

2552 1280 2776 1354 ρούντως
2808 1283 2935 1354 πρὸς
2991 1280 3146 1332 αὐτὸν
3205 1279 3381 1352 ἀπῄει.
3441 1279 3500 1332 Ὀ
3550 1277 3610 1333 δὲ
3665 1289 3846 1334 τοῦτον
3903 1284 4099 1336 πολλῶν
4156 1304 4212 1337 τι

2554 1369 2716 1421 ἄλλων
2775 1371 2937 1442 χάριν
2989 1374 3078 1422 καὶ
3135 1366 3284 1422 οὐδὲν
3347 1371 3501 1428 ἧττον
3546 1379 3641 1432 τῆς
3689 1373 3949 1448 θυγατρὸς
3986 1373 4214 1446 ἐμυσάτ-

2553 1478 2689 1515 τετο.
2724 1456 3044 1518 Κηδεστείας
3092 1459 3178 1510 οὖν
3235 1456 3437 1521 ὑποδὺς
3503 1467 3829 1533 προσωπεῖον
3881 1460 4207 1534 ὑποδέχεται

2553 1550 2639 1598 τὸν
2699 1547 2940 1613 Ἀλέξων,
3000 1547 3209 1620 λουτρόν
3262 1567 3315 1600 τε
3367 1547 3677 1623 εὐτρεπίσας
3731 1551 3840 1622 ἅμα
3892 1559 3954 1624 τῇ
3990 1554 4214 1625 θυγατρὶ

2552 1635 2799 1694 λουθῆναι
2869 1645 3049 1689 τοῦτον
3104 1642 3486 1711 προστέταχεν.
3547 1639 3720 1700 Ἐντὸς
3785 1640 3873 1692 οὖν
3951 1648 4042 1692 τοῦ
4099 1642 4215 1694 λου-

2556 1734 2709 1799 τῆρος
2765 1726 2879 1796 (38)
2948 1730 3218 1798 γενομένου
3295 1734 3387 1778 τοῦ
3472 1726 3700 1789 Ἀλεξίου
3781 1727 4214 1782 ἐπεισπίπτουσιν

2553 1814 2752 1889 ἀθρόως
2792 1815 2932 1886 αὐτῷ
2964 1818 3012 1867 οἱ
3041 1821 3132 1868 τοῦ
3213 1814 3471 1887 βασιλέως
3552 1815 3781 1879 Ἀλεξίου
3829 1818 4084 1892 ὑπηρέται
4136 1819 4210 1885 ³³,

2551 1903 2761 1957 κάκεῖσε
2834 1909 2971 1972 τοὺς
3036 1903 3332 1977 ὀφθαλμοῦς
3383 1904 3544 1956 αὐτοῦ
3604 1903 3990 1980 ἕξορύττουσιν,
4054 1907 4215 1980 ’Ἐφα-

2553 2015 2677 2049 σκον
2717 1993 2777 2048 δε
2820 1997 2868 2047 οἱ
2918 1995 3254 2066 ξυντυχόντες
3301 1999 3364 2056 ὡς
3421 1997 3450 2053 ὴ
3514 1997 3748 2072 θυγάτηρ
3809 1997 4014 2049 ἑστῶσα
4066 2001 4214 2072 παρὰ

2550 2088 2644 2142 τὴν
2692 2086 2850 2157 Θὺραν
2923 2091 3015 2135 τοῦ
3074 2083 3289 2155 λουτροῦ
3342 2086 3427 2134 τὸν
3485 2086 3681 2158 πατέρα
3738 2082 3952 2158 ὕϐρεσιν
4008 2086 4209 2157 ἓπλννε,

2550 2173 2779 2233 κάκεῖνος
2852 2175 3045 2230 ταύτην
3132 2180 3227 2234 τῆς
3292 2168 3552 2233 ἀναιδείας
3619 2178 3709 2225 καὶ
3791 2182 3882 2235 τῆς
3961 2173 4211 2246 ἀσελγοῦς

2551 2261 2863 2334 ἀγαπήσεως
2919 2257 3187 2333 ἐλοιδόρει.
3264 2260 3461 2332 Τυφλὸς
3521 2258 3608 2313 οὖν
3671 2267 3894 2334 γεγονὼς
3950 2265 3975 2314 ὁ
4041 2262 4212 2322 δηλω-

2553 2353 2652 2410 θεὶς
2710 2353 2900 2410 Δούκας
2952 2349 3175 2412 Ἀλίξιος
3231 2353 3348 2423 περὶ
3443 2352 3509 2401 τὰ
3589 2358 3686 2412 τῆς
3770 2352 4211 2414 Μοσυνουπὸλεως

2551 2440 2802 2493 ἐπλανᾶτο
2855 2444 3009 2514 μέρη,
3082 2438 3275 2499 ἀλήτης
3361 2435 3697 2513 διερχόμενος
3775 2443 3840 2492 τὰ
3907 2440 4092 2496 ἐκεῖσε.
4149 2443 4209 2505 ὀ

783 2521 842 2577 δε
905 2523 1150 2597 βασιλεὺς
1205 2524 1425 2589 Ἀλέξιος
1509 2523 1715 2600 ἀπάρας
1779 2524 1965 2578 ἐκεῖθεν
2047 2525 2129 2579 ἐπὶ
2211 2531 2277 2580 τὰ
2354 2535 2483 2604 μέρη
2538 2537 2633 2592 τῆς
2690 2528 3080 2591 Θεσσαλονίκης
3143 2527 3352 2603 ὶχώρει.
3416 2529 3557 2582 Ἐπεὶ
3620 2526 3679 2582 δε
3747 2529 4053 2602 ἐξώρμησαν
4109 2541 4208 2594 τῆς

784 2619 1173 2666 Κωνσταντίνου
1255 2616 1303 2667 οἱ
1352 2614 1540 2668 Ἰταλοὶ
1625 2619 1715 2667 καὶ
1761 2615 1992 2674 ἀπῆλθον
2073 2621 2190 2690 περὶ
2269 2622 2364 2676 τὴν
2439 2619 2851 2690 Μοσυνούπολσν,

2253 2703 2568 2771 δηλωθέντος
2641 2708 2800 2762 αὐτοῦ
2856 2708 3154 2781 μιάσματος
3225 2705 3554 2780 ἀμυνόμενοι,

779 2707 866 2761 τὴν
923 2708 1310 2756 Κωνσταντίνου
1388 2704 1661 2778 ἀπήγαγον
1730 2705 1865 2777 (39),
1936 2714 2039 2784 ,τοῦ
2112 2703 2170 2759 δὲ

851 2827 898 2861 ⁸³
951 2827 975 2877 ὁ
1026 2825 1430 2900 Μούρτζουφλος
1485 2829 1557 2883 D.

779 2902 959 2973 ηρίται
1000 2900 1065 2953 Ι).

2936 2619 3161 2693 εὑρόντες
3229 2617 3392 2670 ἐκεῖσε
3473 2621 3558 2669 τὸν
3647 2619 4049 2691 Μονρτξονφλον
4137 2622 4211 2683 εἰς

3650 2709 3773 2781 ὅπερ
3830 2708 3897 2769 εἰς
3950 2713 4036 2761 τὸν
4095 2712 4210 2761 υἱὸν

1678 2828 1700 2861 ³
1747 2831 2019 2899 γενομένου
2074 2835 2166 2879 τοῦ
2227 2827 2475 2903 λουτῆρος
2533 2829 2580 2880 οἱ
2623 2832 2713 2878 τοῦ
2770 2822 3026 2898 βασιλέως
3080 2822 3307 2886 Ἀλεξιου
3394 2822 3827 2876 ἐπιισπιπτουσιν
3892 2825 4032 2897 αὐτῷ
4098 2826 4210 2877 ὑπ-

1689 2968 2027 3036 Theodori
2077 2971 2328 3039 Dousa:
2380 2980 2446 3038 et
2495 2968 2747 3036 Leonis
2791 2966 3026 3035 Allatii
3075 2975 3275 3033 notae.

776 3087 1012 3143 tertiam
1044 3086 1175 3157 ejus
1203 3085 1384 3158 ﬁliam
1416 3086 1664 3158 nomine
1687 3086 2038 3155 Eudociam,
2067 3087 2200 3158 ipso
2231 3088 2434 3144 adhuc

775 3156 1470 3229 Andronicumifugiente
1488 3163 1545 3213 et
1574 3157 1887 3214 Palaestina
1907 3158 2073 3229 apud
2091 3156 2432 3216 “Ismaelitas

776 3229 1112 3294 oberrante,
1147 3228 1227 3284 ab
1247 3228 1477 3284 Isaacio
1505 3234 1717 3300 patruo
1747 3229 1892 3354 anon
1913 3228 2102 3301 patre,
2136 3230 2220 3286 uti
2269 3230 2433 3299 logo-

776 3301 959 3354 thetal
979 3300 1283 3354 Stephano
1304 3300 1427 3354 ﬁlio
1447 3299 1729 3354 Neemani
1798 3300 2148 3354 riballorum
2178 3301 2433 3354 principi

775 3301 959 3374 theta)
979 3299 1729 3374 Stephanoﬁlioh‘eemani
1749 3299 2148 3374 Triballorum
2178 3301 2433 3374 principi

773 3371 1142 3439 desponsam
1173 3372 1390 3426 scribit.
1424 3372 1679 3426 Triballi
1705 3371 1884 3439 igitur
1913 3379 1966 3426 et
2005 3371 2205 3428 Servii
2246 3371 2428 3429 iidem

773 3442 941 3500 Serbi
963 3443 1143 3498 Plinio
1170 3446 1310 3498 sunt
1334 3447 1536 3510 gentes
1567 3442 1722 3497 circa
1748 3443 2016 3498 Maeotim.
2068 3442 2250 3499 lidem
2295 3461 2433 3500 cum

772 3516 1018 3570 Snrabis
1050 3514 1266 3571 Ortelio
1289 3513 1580 3580 videntur,
1611 3514 1788 3569 Serbi
1815 3514 2080 3570 Cedreno
2100 3519 2240 3570 sunt
2273 3515 2434 3571 circa

775 3586 1152 3658 Dalmatiam,
1183 3601 1337 3658 quos
1357 3585 2030 3658 dicitquoqueScythas
2055 3587 2274 3641 vocari.
2299 3587 2435 3643 Ser-

773 3659 931 3714 viam
965 3655 1275 3713 Dardanos
1301 3655 1602 3711 habitasse
1630 3655 1832 3712 scribit
1884 3657 2311 3712 Volaterranus
2375 3662 2432 3714 et

774 3729 1194 3800 Cuspinianus.
1219 3727 1538 3783 Dardania
1570 3727 1909 3793 Ptolomaeo,
1938 3728 2145 3784 Orosio
2191 3735 2248 3784 et
2301 3728 2430 3784 aliis

774 3803 1024 3872 Europae
1056 3800 1240 3872 regio,
1264 3800 2074 3872 queeillysiaAmediterranea
2095 3803 2345 3872 vocatur
2370 3801 2430 3856 in

772 3869 998 3928 codice.
1036 3871 1242 3942 lllyriae
1269 3869 1412 3942 pars
1431 3875 1521 3942 est
1542 3869 1774 3942 Eliano
1800 3871 1862 3926 in
1903 3873 2092 3926 Variis
2111 3876 2166 3926 et
2190 3870 2429 3927 Nicolao

771 3943 936 4016 apud
970 3941 1295 4016 Stobaeuml
1331 3941 1720 4016 Σερϐίαῂοὺθι
1779 3942 2134 4016 Sophianus
2171 3942 2432 3998 Triballi

771 4012 984 4071 Mmsiae
1015 4013 1327 4082 inferioris,
1345 4012 1552 4085 populi
1587 4017 1728 4085 sunt
1762 4012 1970 4085 l’linio,
2013 4013 2333 4085 Ptolemaeo
2373 4019 2430 4070 et

774 4085 1068 4150 Straboni,
1103 4085 1205 4157 qui
1232 4083 1883 4157 eos'dicitadinsulam
1913 4084 2165 4140 Danubii
2199 4089 2426 4141 Peucen

769 4155 1139 4229 pertingere.w
1161 4159 1276 4229 llos
1307 4159 1362 4211 et
1393 4155 1652 4229 Scythas
1684 4155 1935 4226 quidam
1968 4160 2204 4229 vocant.
2233 4157 2429 4229 Servii

770 4227 1051 4284 dicuntur
1067 4244 1101 4282 a
1116 4228 1332 4294 Niceta;
1364 4227 1466 4280 sed
1485 4228 1780 4295 Bulgares
1807 4243 1841 4283 a
1858 4228 2113 4282 Laonico
2137 4227 2424 4283 Chalcon-

771 4300 937 4371 dyla,
969 4299 1268 4370 SOphiano
1297 4298 1556 4371 Lazioiet
1587 4299 1737 4352 aliis.
1766 4301 1843 4354 De
1881 4301 2087 4355 serviis
2110 4299 2209 4355 adi
2258 4300 2423 4357 Pan-

769 4370 965 4428 (ἱρείας
998 4373 1278 4427 Turcicas
1308 4370 1630 4442 Lunclavii,
1666 4386 1796 4442 cap.
1835 4375 1920 4425 37.
1954 4374 2162 4426 Dousa.

842 4445 955 4510 (36)
1024 4443 1141 4494 ’ῐίπί
1221 4463 1322 4494 τινι
1399 4438 1458 4494 ὃε
1533 4445 1704 4496 πάθει.

770 4514 1104 4570 accuratius
1134 4514 1352 4581 Niceta,
1387 4513 1488 4568 lib.
1519 4530 1577 4568 ιιι
1605 4515 1686 4569 De
1705 4514 1918 4570 Alexio
1950 4513 2268 4580 (.‘oinneno',
2309 4520 2421 4570 ter-

768 4586 912 4641 tiam
932 4585 1117 4641 ﬁliam
1159 4585 1507 4648 Eudociam,
1569 4602 1704 4640 cum
1760 4587 1960 4641 adhuc
2008 4587 2418 4642 Andronicum

766 4657 997 4727 fugeret
1018 4662 1074 4713 et
1099 4657 1263 4728 apud
1287 4657 1617 4712 Ismaelitas
1637 4663 1693 4712 et
1717 4657 1776 4711 in
1795 4657 2102 4713 Palmstina
2116 4658 2422 4714 oberraret

766 4729 1024 4788 Alexius.
1042 4729 1333 4784 lsaacium
1351 4728 1590 4783 fratrem
1608 4728 1909 4798 Stephano
1933 4729 2252 4785 Neomanis
2276 4729 2417 4797 tilio,

763 4800 1152 4856 Triballorum
1169 4799 1422 4871 principi
1439 4799 1858 4871 despondisse,
1874 4802 1973 4872 qui
1989 4807 2122 4870 post
2136 4802 2419 4871 exiguum

764 4877 1004 4944 tempus
1031 4872 1090 4927 in
1109 4872 1368 4943 Papyrio
1382 4877 1583 4944 monte
1607 4872 2416 4942 monachusﬁt;ﬁliumillius

765 4943 980 4999 eodem
1015 4944 1259 4998 nomine
1316 4943 1708 5015 Stephanum,
1777 4945 2009 5015 paterni
2044 4944 2418 5015 principatus

764 5015 1022 5087 domina
1047 5015 1307 5070 Eudocia
1341 5014 1664 5080 declarata,
1698 5014 1831 5070 eam
1874 5015 1982 5070 sibi
2023 5014 2294 5087 junxisse
2347 5032 2419 5072 ex

765 5103 957 5160 eaque
971 5086 1126 5142 ﬁlios
1158 5088 1512 5160 suscepisse;
1542 5087 1932 5160 postmodum
1957 5086 2194 5144 divulso
2224 5088 2420 5160 queri-

764 5158 985 5214 moniis
1015 5174 1244 5216 amore.
1268 5174 1406 5213 cum
1430 5158 1576 5212 alter
1596 5159 1760 5213 alteri
1786 5159 2158 5214 incestuosos
2182 5158 2418 5215 amores

763 5230 2031 5302 objiceretcresceretqueindiesdissidium,
2057 5231 2416 5302 Stephanum

763 5305 884 5357 sive
917 5302 1174 5357 conﬁcto
1207 5303 1330 5356 sive
1357 5317 1493 5356 vere
1537 5301 1775 5372 objecto
1821 5301 2094 5358 adulterii
2147 5301 2414 5369 crimine,

764 5374 1091 5430 Eudociam
1113 5373 1427 5446 solaitenui
1448 5373 1719 5437 interula,
1749 5389 1939 5446 eaque
1970 5373 2237 5446 undique
2269 5390 2416 5446 pras-

761 5446 1120 5518 cisa,iutvix
1141 5444 1458 5518 pudendas
1487 5450 1686 5516 partes
1719 5444 1960 5515 tegeret,
1994 5444 2410 5518 ignominiose,

761 5535 885 5591 quo
914 5517 1150 5591 libitum
1174 5522 1329 5591 esset
1365 5517 1528 5591 abire
1575 5517 1964 5591 concessisse;
2006 5517 2248 5574 fratrem
2297 5517 2415 5574 Ste-

761 5589 948 5662 pharii
969 5589 1244 5662 Volscum
1261 5589 1846 5662 ejusinhumanitate
1869 5590 2190 5661 objurgata
2210 5605 2414 5646 orasse

761 5661 823 5719 ut
855 5662 1130 5734 deposita
1159 5661 1495 5727 iracundia,
1524 5666 1580 5717 et
1603 5661 1836 5734 generis
1885 5662 2160 5718 Eudociie
2208 5662 2416 5719 habita

759 5733 1010 5796 ratione,
1035 5733 1388 5789 clementius
1416 5739 1618 5806 ageret
1639 5738 1693 5790 et
1714 5733 1892 5806 famae
1909 5751 2033 5790 suae
2056 5734 2408 5806 consuleret,

761 5807 866 5865 sed
893 5823 1032 5865 cum
1061 5806 1375 5878 ingentum
1404 5805 1558 5862 illius
1587 5805 1970 5879 implacabile
2018 5822 2260 5864 movere
2289 5805 2413 5865 non

2542 3089 2750 3159 posset
2775 3085 2971 3159 ipsam
2987 3081 3671 3159 Eudociam,utdignitas
3686 3082 3818 3152 ejus
3834 3082 4201 3159 postulabat,

2545 3153 2982 3239 Dyrrhachium
3021 3153 4042 3239 perdu‘eendam‘_curas‘se,lpatrem.
4074 3155 4204 3211 Ale-

2541 3224 2710 3284 xium
2742 3224 3052 3283 certiorem
3081 3225 3402 3294 redditum,
3449 3224 3635 3297 ﬁliam
3663 3224 3890 3297 lectica
3951 3226 4204 3297 aliisque

2542 3299 2912 3355 ornamentis
2938 3297 3329 3353 muliebribus
3377 3296 3598 3362 missis,
3655 3296 3717 3352 in
3774 3295 3968 3352 eadem
4024 3295 4204 3353 suam

2543 3371 2850 3442 recepisse.
2889 3372 3020 3442 Haec
3077 3368 3424 3442 Byzantium
3468 3383 3709 3442 reversa
3761 3373 3901 3439 post
3959 3373 4203 3440 captam

2541 3438 2755 3497 urbem
2777 3441 2978 3496 Alexio
3009 3438 3403 3512 Murszuphlo.
3429 3439 3531 3512 qui
3558 3438 3718 3512 duas
3742 3438 3962 3493 uxores
3983 3438 4205 3511 praeter

2541 3512 2633 3568 fas
2652 3527 2830 3568 omne
2844 3511 3208 3583 repudiarat,
3224 3509 3570 3583 iuteam‘sibi
3585 3510 3962 3583 adjungeret,
3982 3509 4203 3583 nupse-

2541 3588 2651 3650 rat;
2677 3584 2779 3639 sed
2805 3580 3172 3650 Murtzuphlo
3203 3580 3802 3636 demumluminibus
3833 3580 4204 3647 orbato,'La-

2539 3655 2704 3710 rissaa
2727 3655 2786 3709 in
2811 3651 3112 3710 Thessalia
3135 3653 3307 3709 Leoni
3343 3655 3533 3721 Sguro
3563 3651 3623 3707 in
3663 3653 4119 3708 matrimonium
4165 3670 4204 3709 a

2541 3730 2708 3798 patre
2727 3725 2933 3798 Alexio
2952 3725 3145 3781 datur.
3167 3728 3315 3781 Nota
3325 3723 3717 3798 'l‘riballorum
3735 3724 4066 3798 principem
4081 3725 4203 3798 dici

2540 3794 2575 3853 21
2599 3797 2888 3853 Choniata
2915 3812 3097 3868 quem
3128 3800 3329 3852 noster
3355 3794 3693 3867 Acropolita
3736 3794 3968 3851 'cralem
3989 3796 4201 3852 Servim

2539 3873 2869 3941 nuncupat.
2903 3873 3041 3941 ALL.

2613 3941 2721 4010 (37)
2751 3936 3153 4013 :.A1réo“pahxaii
3211 3939 3374 4013 πῦτος
3420 3937 3628 4013 ἐκεῖθεν.
3689 3937 3988 4013 Choniata
4047 3954 4199 4011 prae-

2538 4014 2624 4066 ter
2654 4009 2978 4067 Eudociam
3000 4009 3186 4066 ﬁliam
3206 4009 3583 4081 imperatoris
3606 4025 3812 4081 secum
3836 4009 4197 4066 conductam

2539 4083 3004 4156 Euphrosynam
3025 4097 3268 4208 quogue
3286 4080 3470 4137 Alexii
3494 4080 3698 4150 Angeli
3717 4097 3965 4136 uxorem
3991 4081 4197 4138 lembo

2539 4153 2882 4208 impositam
2913 4169 3117 4208 secum
3193 4154 3387 4208 uxisse
3425 4157 3631 4208 narrat
3687 4153 3746 4207 in
3800 4153 4195 4208 Murtzunhlo.

2535 4153 2882 4226 impositam
2913 4153 3117 4209 secum
3144 4153 3387 4226 duxisse
3425 4157 3631 4226 narrat
3687 4153 3746 4207 in
3800 4153 4195 4226 Murtzuphlo,

2536 4223 2674 4281 cum
2702 4226 2857 4281 duos
2895 4240 3134 4281 menses
3191 4229 3248 4280 et
3304 4224 3431 4280 dies
3471 4223 3773 4278 sexdecim
3814 4223 4189 4294 imperasset.

2537 4297 2849 4354 Sabellius.
2875 4298 3150 4354 Ennead.
3185 4313 3261 4364 ix,
3294 4296 3396 4352 lib.
3432 4312 3498 4350 νε
3539 4296 3790 4350 Αιείειίιε
3822 4294 3925 4350 ubi
3977 4296 4186 4353 urbem

2533 4385 2657 4426 una
2688 4385 2762 4426 ex
2790 4375 2966 4439 parte
2991 4375 3231 4439 captam
3253 4368 3432 4426 videt.
3464 4383 3598 4423 cum
3625 4381 3815 4422 uxore
3843 4381 3914 4421 ac
3949 4369 4189 4436 pellici-

1808 4444 1949 4498 Rem
2038 4443 2424 4515 prosequitur
2455 4451 2497 4505 Ι)
2534 4441 2638 4496 bus
2655 4457 2994 4513 magnaque
3011 4443 3069 4498 vi
3094 4442 3236 4498 auri
3254 4441 3606 4508 intempesta
3627 4445 3799 4494 nocte
3814 4439 4186 4507 Byzantium

2530 4515 2774 4584 reliqui.
2805 4519 2942 4568 ALL.

2603 4580 2714 4656 (38)
2757 4585 2775 4658 ’γ
2820 4589 2975 4658 Εντὸς
3027 4580 3114 4635 ὀῦν
3168 4590 3259 4658 τοῦ
3314 4581 3905 4658 ).ουτῆρος.(;11οηἱοίδ.
3936 4597 4187 4640 causam

2532 4673 2595 4712 se
2616 4655 2846 4713 nescire
2886 4657 3143 4724 ingenue
3173 4655 3411 4711 fatetur.
3445 4655 3581 4711 ALL.

2600 4731 2712 4798 (39)
2780 4723 3002 4791 Ἀλέξιον
3089 4727 3159 4788 εἰς
3225 4732 3317 4785 τὴν
3403 4730 3795 4806 Κωνσταντίνου
3885 4723 4186 4807 ἀπήγαγον.

2530 4797 2801 4872 Namque
2828 4816 2946 4855 non
2993 4799 3171 4872 multo
3212 4803 3348 4872 post
3382 4797 3857 4872 excmcationem
3893 4814 3929 4852 a
3971 4797 4188 4872 Latinis

2530 4869 2723 4928 Ducas
2753 4869 3229 4943 comprehensus
3261 4870 3612 4943 Byzantium
3658 4869 3980 4943 reducitur,
4002 4941 4014 4943 _
4035 4874 4093 4924 et
4127 4871 4188 4925 in

2525 4943 2821 5014 judicium
2860 4940 3159 4998 adductus
3181 4958 3288 5013 pro
3310 4940 3416 4996 sui
3445 4940 3793 5014 defensione
3815 4940 4103 4996 afferebat
4125 4956 4189 5014 se

2529 5013 2735 5088 patriae
2765 5014 3134 5087 proditorem
3164 5013 3536 5088 occidisseet
3575 5013 3770 5088 pcenis
3821 5013 4188 5088 commeritis

2530 5084 2833 5165 nillixisse;
2869 5102 3064 5165 neque
3095 5101 3157 5165 se
3185 5101 3374 5165 unum
3410 5084 3466 5140 id
3502 5084 3728 5165 fecisse,
3754 5084 3868 5165 .sed
3919 5085 4188 5165 reliquos

2527 5158 2683 5214 illius
2737 5155 3049 5228 cognatos.
3100 5160 3524 5212 Verumtamen
3580 5155 3787 5221 Latini,
3855 5155 4188 5227 repudiatis

2527 5230 2832 5295 omnibus,
2877 5229 3429 5302 capitishominem
3469 5229 3877 5302 condemnant
3933 5243 4092 5283 noro
4132 5232 4190 5283 et

2526 5301 2809 5357 inusitato
2842 5299 3116 5373 supplicii
3143 5316 3378 5372 genere:
3413 5315 3556 5373 nam
3587 5299 3648 5354 in
3671 5299 4032 5373 altissimam
4081 5316 4186 5354 co-

2525 5373 2801 5438 lumnam,
2826 5371 2975 5445 quin
2995 5371 3262 5445 inTauro
3281 5376 3392 5445 est,
3415 5371 3769 5445 perductum
3787 5371 4183 5445 prmcipitant.

2527 5449 2578 5500 ls
2600 5441 3031 5517 aliquandiuin
3055 5441 3899 5517 pedesdescéndens,deinde
3921 5441 4189 5517 in'_caput

2526 5514 2852 5573 subvérsus
2881 5522 2937 5572 et
2961 5514 3130 5572 humi
3154 5515 3359 5571 allisus
3387 5514 3810 5570 miserabiliter
3838 5514 4183 5572 interiil.Sic

2526 5590 2816 5646 Choniata
2845 5603 2880 5644 a
2905 5593 3108 5644 nostro
3131 5603 3251 5643 non
3278 5587 3597 5643 dissidens.
3628 5586 3814 5642 Paulo
3837 5585 4007 5642 aliter
4049 5602 4188 5642 nar-

2523 5667 2614 5718 rat
2668 5661 3000 5717 Dorotheus
3064 5659 3638 5725 Monembasiensis;
3680 5661 3746 5711 Oi
3806 5655 3863 5712 δὲ
3943 5660 4184 5732 Φράγγον

2523 5733 2706 5797 ἔταξαν
2771 5732 2974 5806 μεγάλα
3047 5736 3385 5806 χαρίσματα,
3471 5733 3790 5806 ὃποιοςᾼτὸν
3866 5727 4188 5806 παραιῖὦσεν

2523 5755 2706 5797 εταςαν
2817 5755 2974 5805 ενγαΛα
3047 5755 3385 5806 χαρισματα,
3471 5755 3645 5793 οποιος
3702 5755 3790 5783 ’τον
3866 5755 4042 5804 παραυ
4055 5755 4188 5783 ωσι-ν

2523 5811 2610 5860 τὸν
2634 5755 2874 5880 βασιλέα,
2891 5809 2980 5858 καὶ
3005 5807 3136 5878 μετὰ
3147 5809 3468 5880 χαρίσματα
3495 5807 3554 5858 τὰ
3567 5803 3729 5858 πολλά
3751 5807 3837 5856 τὸν
3876 5800 4188 5877 προύδωκαι
