4484 6446
281 429 411 480 1001
1788 429 2052 484 ΑΝΝΑῙιἘ

1869 429 2127 484 INALES.
3503 428 3640 483 1002

279 567 433 609 ουτος
458 543 587 620 μετὰ
620 554 713 606 τὴν
748 557 844 610 τῆς
894 555 1280 602 Κωνσταντίνου
1332 551 1525 600 ἄλωσιν
1579 556 1883 623 νεωτερίσας
1916 559 1951 604 A
1993 552 2050 606 si:

1868 559 1951 610 ;A
1993 551 2106 606 sibi
2157 550 2356 621 parari
2394 549 2675 615 audisset,
2729 565 2854 604 sese
2904 549 3297 615 subterduxit,
3346 553 3400 604 et
3439 566 3639 620 parva:

280 637 398 688 καθ’
449 638 647 701 ἑαυτὸν,
706 644 794 688 καὶ
849 640 1099 708 Κορίνθου
1165 641 1348 709 ἄρχων
1422 645 1510 689 καὶ
1586 649 1684 689 τὼν
1773 645 1885 710 περὶ
1998 642 2051 692 L(

1874 646 1885 689 ι
1998 638 2532 706 Lougobardorum
2565 638 2770 692 manui
2803 638 3166 708 impingens,
3201 638 3348 692 dum
3382 638 3462 692 ad
3507 653 3645 693 con-

1550 713 1748 798 Μικρὸν
1829 723 1886 778 δὲ
1994 723 2302 779 sobrinum
2338 724 2678 779 Michaelem
2724 724 3050 790 contendit,
3107 725 3356 796 capitur.
3404 724 3648 780 Michael

639 817 805 867 ἐκεῖσε
835 813 1277 888 προσδιατρίψας,
1332 822 1481 887 γνοὺς
1525 819 1667 888 παρά
1738 836 1886 867 τινων
1997 814 2220 884 Buippe
2255 813 2409 884 parti

1877 840 1886 862 ρ
1997 814 2220 884 Buippe
2255 813 2409 884 parti
2438 813 2647 867 veteris
2681 813 2836 880 Epiri
2869 819 3007 867 tunc
3041 813 3326 884 temporis
3367 813 3648 870 domina-

283 904 354 963 ὡς
375 901 684 954 ἁλίσκεσθαι
713 903 901 975 μελλει,
959 901 1183 977 ἀπέδρα.
1241 905 1326 957 Ἐκ
1382 901 1780 976 Λογογιϐαρδίας
1831 900 1888 956 δε
1995 901 2054 956 bi

1879 923 1888 956 ι
1995 900 2356 966 batur,ltalis
2373 900 2530 955 circa
2543 916 2613 955 ea
2631 899 3348 972 locaexcurrentibusls
3365 899 3650 956 molestus

284 1010 396 1042 τισι
450 992 722 1062 ξυντυχών
781 992 1070 1060 ἁλίσκεται,
1121 997 1249 1066 πρὸς
1301 998 1386 1044 τὸν
1467 989 1889 1067 πρωτεξάδελφον
1997 1006 2055 1062 ο]

1880 1013 1889 1040 ι
1997 1005 2428 1062 operosusque.
2463 989 2583 1059 Hic,
2615 991 2888 1062 inquam,
2921 1004 3360 1062 usquequaque
3405 986 3651 1044 Michael

285 1078 448 1130 αὐτοῦ
514 1080 736 1150 Μιχαὴλ
783 1083 876 1142 τὰς
930 1088 1164 1142 κινήσεις
1238 1087 1560 1150 ποιούμενος·
1647 1083 1707 1138 ἧν
1790 1085 1888 1150 γὰρ
1997 1078 2056 1133 (1(

1879 1100 1888 1130 ι
1997 1077 2444 1142 dominabatur,
2495 1093 2634 1133 cum
2677 1078 2986 1133 Joanninis
3029 1083 3084 1133 et
3122 1081 3273 1133 Arta:
3320 1093 3509 1149 usque
3571 1075 3650 1132 ad

2000 1170 2373 1239 Naupactum
2385 1168 2727 1239 imperaret.
2738 1170 2956 1239 Captus
2969 1167 3171 1239 itaque
3185 1183 3221 1222 a
3236 1165 3649 1238 Longobardis

2001 1256 2328 1326 imperator
2357 1255 2592 1310 Alexius
2619 1255 2929 1327 pretioque
2961 1256 3330 1327 redemptus,
3360 1270 3484 1310 una
3509 1269 3651 1310 cum

2001 1345 2256 1414 conjuge
2291 1343 2368 1399 ad
2398 1343 2703 1398 sultanum
2735 1344 2913 1398 lconii
2944 1343 3303 1399 Jathatinem
3326 1343 3444 1398 sibi
3482 1341 3654 1398 fami—

2002 1432 2249 1487 liaritate
2277 1437 2486 1487 notum
2520 1431 2815 1503 proﬁcisci
2843 1431 3154 1487 deliberat:
3175 1446 3440 1503 namque
3458 1431 3654 1487 Jatha-

2004 1520 2152 1575 tines
2183 1537 2214 1575 e
2246 1519 2444 1574 fratris
2479 1525 2618 1574 tunc
2647 1519 3162 1575 Musulmanarum
3208 1535 3410 1575 rerum
3449 1519 3656 1576 mode-

2005 1609 2214 1664 ratoris
2284 1608 2568 1664 manibus
2632 1607 2865 1677 fugiens
2927 1608 3218 1680 profugus
3281 1608 3510 1680 Cpolim
3559 1623 3666 1680 ap-

2006 1699 2186 1770 pellit,
2228 1703 2632 1769 exceptusque
2700 1697 2779 1753 ab
2827 1699 3186 1769 imperatore
3237 1697 3442 1753 Alexio
3491 1711 3666 1754 sacro

2007 1788 2271 1842 initiatur
2336 1787 2577 1842 lavacro
2637 1787 2916 1859 ﬁliusque
2975 1787 3319 1860 adoptatur.
3370 1789 3472 1843 Hic
3521 1802 3664 1843 cum

287 1879 434 1932 λεται
461 1881 587 1951 πρὸς
635 1881 721 1928 τὸν
783 1883 876 1926 τοῦ
931 1875 1146 1926 Ἰκονίου
1203 1876 1482 1927 σουλτάνον
1533 1874 1788 1941 ἀπελθεῖν,
1847 1877 1899 1927 ὃν
1931 1899 1972 1952 Β
2009 1876 2058 1930 in

1891 1898 1899 1922 ν
1931 1899 1972 1952 Β
2009 1876 2365 1947 imperatore
2397 1874 2603 1930 Alexio
2630 1874 2795 1947 Cpoli
2819 1875 3080 1944 fugiente
3111 1890 3234 1930 una
3264 1873 3518 1945 aufugit.
3546 1878 3662 1930 Nec

295 1969 588 2024 ἰαθατίνην
617 1965 734 2035 (63)
778 1965 1063 2035 ὠνόμαζον.
1122 1964 1218 2016 Ἤν
1268 1969 1368 2038 ’γὰρ
1424 1969 1590 2035 τούτῳ
1647 1968 1898 2027 συνήθηςο
2010 1981 2066 2019 m

1894 1988 1898 1998 ι
2010 1964 2196 2019 multo
2224 1969 2358 2035 post
2379 1965 2466 2018 vir
2487 1964 2740 2035 quidam
2764 1963 2918 2019 clam
2947 1963 3026 2019 ad
3051 1964 3252 2036 ipsum
3274 1963 3665 2036 proficiscens

291 2060 320 2109 ὁ
370 2060 471 2130 ’γὰρ
513 2057 777 2130 εἰρημένος
825 2054 1119 2115 Ἰαθατίνης
1168 2056 1256 2113 τὰς
1313 2062 1404 2106 τοῦ
1460 2051 1682 2126 ἀδελφοῦ
1741 2055 1900 2106 αὐτοῦ
2010 2053 2059 2109 fr

1894 2063 1900 2101 i
2010 2053 2204 2109 fratris
2262 2053 2492 2109 obitum
2567 2053 2800 2108 nuntiat
2855 2072 2868 2121 ;
2919 2053 3024 2125 qui
3104 2053 3204 2108 vili
3262 2053 3322 2108 in
3380 2059 3542 2109 veste
3593 2069 3665 2110 ac

291 2155 483 2219 χεῖρας
511 2141 744 2217 ἀποδρὰς
771 2143 1048 2203 Ἀζατίνου
1077 2146 1438 2216 κατάρχοντος
1494 2153 1564 2214 τῷ
1625 2149 1738 2196 τότε
1802 2154 1900 2195 τῶν
2011 2159 2062 2196 sc

1895 2167 1900 2190 ι
2011 2141 2343 2214 squallente
2407 2157 2544 2197 cum
2573 2141 2784 2197 nuntio
2815 2142 2923 2196 iter
2955 2141 3307 2212 ingreditur.
3365 2143 3440 2201 Et
3476 2158 3512 2198 a
3542 2142 3666 2200 suis

2012 2232 2285 2300 cognitus
2315 2233 2625 2286 Persarum
2660 2230 3021 2301 principatui
3069 2234 3301 2302 praeest,
3351 2230 3666 2288 Theodoro

2011 2321 2357 2391 imperatori
2410 2319 2548 2374 belli
2597 2319 3046 2374 discriminibus
3092 2335 3250 2392 saepe
3300 2319 3520 2376 afflicto
3561 2319 3668 2376 de-

2012 2409 2362 2481 bilitatoque
2388 2423 2510 2463 non
2543 2407 2726 2464 modo
2753 2407 3144 2464 auxiliaribus
3174 2408 3385 2481 copiis,
3420 2408 3526 2464 sed
3564 2409 3670 2465 fa:-

2014 2499 2154 2554 dere
2180 2499 2359 2553 etiam
2379 2503 2554 2568 pacto
2575 2499 2834 2568 (Annam
2858 2498 3020 2554 enim
3041 2498 3485 2570 imperatricem
3507 2513 3674 2556 soro-

2017 2604 2144 2643 rem
2176 2587 2601 2659 compellabat)
2630 2587 2904 2658 apprime
2936 2587 3265 2659 proﬁcuus.

298 2685 512 2757 ἡμέραι,
557 2685 647 2734 καὶ
697 2679 988 2752 ἀφικνεῖται
1021 2683 1150 2752 πρὸς
1195 2679 1351 2731 αὑτὸν
1391 2677 1532 2752 ’ἀνὴρ
1584 2682 1755 2753 κρύφα
1800 2681 2006 2751 μηνύων
2051 2676 2192 2746 αὐτῷ
2244 2679 2330 2727 τὸν
2380 2683 2472 2728 τοῦ
2527 2672 2752 2747 ἀδελφοῦ
2809 2676 2970 2728 αὐτοῦ
3009 2681 3166 2751 μόρον
3199 2697 3212 2710 ·
3248 2677 3303 2738 ὃς
3345 2681 3435 2729 καὶ
3490 2677 3679 2752 ῥάκεσι

297 2778 570 2843 πενιχροῖς
603 2769 907 2841 ἐσταλμένος
951 2771 1065 2840 μετ’
1091 2768 1250 2820 αὐτοῦ
1282 2767 1591 2840 ἀφικνεῖται,
1639 2769 1728 2819 καὶ
1775 2777 1883 2830 τοῖς
1921 2769 2080 2820 αὐτοῦ
2119 2768 2389 2826 καταστὰς
2416 2771 2675 2838 γνώριμος
2725 2768 3044 2838 Περσάρχης
3073 2765 3464 2838 έπιφημίζεται.
3517 2763 3681 2828 Οὗτος

297 2865 391 2912 καὶ
419 2869 492 2930 τῷ
521 2858 729 2932 βασιλει
757 2854 1024 2932 Θεσδώρῳ
1046 2860 1094 2909 ἓν
1142 2877 1254 2909 τισι
1279 2865 1479 2932 καιροῖς
1511 2860 1960 2931 στενοχωρηθέντι
1987 2859 2033 2892 ⁸³
2064 2860 2337 2929 χρήσιμος
2369 2854 2610 2927 ἀνεφάνη,
2647 2860 2960 2928 συμμαχίαν
3001 2851 3129 2918 δοὺς
3155 2861 3245 2909 καὶ
3273 2858 3342 2908 τὰ
3371 2857 3442 2917 εἰς
3476 2858 3683 2930 εἰρήνην

301 2951 650 3021 σπεισάμενος
690 2949 736 2983 ⁸³
766 2968 778 2981 ο
811 2948 880 3009 ὠς
909 2943 1137 3018 ἀδελφήν
1167 2945 1266 3020 γὰρ
1301 2951 1392 3004 τὴν
1434 2944 1693 3019 βασιλίδα
1716 2945 1910 3000 Ἀνναν
1951 2947 2232 3018 ὠνόμαζεν.

281 729 478 782 ταύτην
522 734 734 798 χωρῶν,
788 730 852 786 ὡς
893 733 982 778 καὶ
1031 727 1209 799 ἑτέρων
1282 731 1462 800 ἕτεροι.

281 819 372 865 καὶ
452 821 556 873 τοῖς

1238 1087 1560 1152 ποιούμενος·
1647 1083 1707 1138 ἧν
1790 1085 1888 1154 γὰρ

286 1163 431 1227 οὗτος
459 1172 573 1219 τότε
624 1173 811 1239 μέρους
868 1174 1002 1229 τινὸς
1059 1179 1152 1231 τῆς
1206 1171 1434 1231 παλαιᾶς
1482 1169 1727 1241 Ἠπείρου
1774 1173 1890 1239 (62)

284 1261 552 1326 κραη-ἠσας
581 1262 671 1306 καὶ
703 1257 864 1307 πολλὰ
889 1261 996 1318 τοῖς
1025 1261 1153 1330 πρὸς
1202 1261 1267 1308 τὰ
1325 1258 1492 1309 ἐκεῖσε
1551 1263 1680 1330 μέρη
1731 1257 1890 1328 ἀφιγ-

284 1347 454 1413 μένοις
513 1343 726 1405 Ἰταλοῖς
777 1349 1024 1418 παρέχων
1083 1348 1388 1417 πράγματα.
1445 1353 1544 1396 Καί
1606 1343 1666 1402 ἦν
1745 1342 1892 1406 οὗτος

292 1427 626 1485 δυναστεύων
675 1443 766 1493 τῆς
834 1438 1083 1494 τοιαύτης
1157 1442 1360 1507 χώρας⁸

290 1515 432 1590 ἦρχε
477 1525 565 1571 καὶ
615 1520 813 1592 Ἀρτης
854 1526 942 1572 καὶ
990 1527 1150 1593 μέχρι
1209 1525 1548 1574 Ναυπάκτου.
1615 1521 1702 1582 Ὠς
1770 1530 1894 1591 γουν

288 1606 420 1658 ἑάλω
477 1611 619 1682 παρά
670 1619 769 1660 τῶν
826 1606 1209 1682 Λογγιϐάρδων
1264 1611 1289 1660 ὁ
1342 1608 1590 1680 βασιλεὺς
1649 1609 1894 1674 Ἀλέξιος,

287 1699 380 1745 καὶ
437 1695 808 1769 ἀπεμπολεῖται
868 1699 992 1770 παρ’
1027 1699 1214 1769 ¹αὐτῶν
1274 1702 1480 1768 σύναμα
1534 1706 1594 1769 τῇ
1667 1703 1894 1768 γυναικί.

1447 1435 1739 1487 Ἰωαννίνων
1791 1438 1892 1508 γὰρ

289 1785 499 1862 Μικρὸν
530 1785 588 1839 δὲ
632 1790 762 1858 μετὰ
813 1795 905 1838 τοῦ
969 1787 1190 1857 Μιχαὴλ
1248 1792 1716 1860 προσκαρτερήσας
1771 1785 1898 1858 βού-

292 2234 737 2306 Μουσουλμάνων⁹
811 2235 980 2304 φυγὰς
1061 2235 1206 2304 παρὰ
1323 2237 1414 2290 τὴν
1513 2238 1900 2285 Κωνσταντίνου

294 2330 490 2397 ᾤχετο,
521 2329 708 2392 καὶτῷ
755 2321 967 2394 βασιλεῖ
1014 2318 1366 2374 ὑποδέδεκται
1428 2322 1657 2394 Ἀλεξίῳ,
1716 2321 1906 2394 βαπτί-

296 2417 442 2476 ζεταί
467 2433 520 2466 τε
548 2413 668 2487 παρ’
726 2412 885 2464 αὐτοῦ
939 2417 1030 2463 καὶ
1085 2413 1396 2464 υίοθετεῖται
1459 2413 1526 2446 ⁴⁰⁶
1581 2414 1635 2474 ὃς
1692 2418 1781 2464 καὶ
1831 2419 1904 2483 τῷ

299 2505 514 2578 βασιλεῖ
575 2502 784 2573 Ἀλεξίῳ
870 2498 1174 2575 συναπέδρα
1250 2498 1544 2575 ἀποδράντι
1607 2510 1701 2560 τῆν
1771 2508 1907 2554 Κων-

300 2598 572 2647 σταντίνου
641 2594 706 2645 ⁴¹.
769 2590 904 2645 Ἀλλ’
951 2590 1035 2662 [Ρ.
1097 2591 1151 2661 8]
1200 2594 1342 2642 οὔπω
1394 2597 1592 2662 συχναὶ
1643 2591 1907 2665 παρῆλθον

374 3039 420 3092 θ’
480 3042 617 3112 Πρὸς
667 3045 849 3091 τοῦτον
922 3039 952 3094 ἠ
1031 3043 1181 3089 πᾶσα
1239 3033 1448 3094 σπουδὴ
1507 3045 1600 3088 τοῦ
1660 3035 1987 3109 βασιλέωςϐ

316 3128 526 3192 Δλεξιου
621 3129 902 3200 ἀφικέσθαι
997 3133 1202 3198 προσῆν
1255 3147 1267 3159 ·
1315 3123 1736 3198 έδυσανασχέτει
1815 3127 1916 3197 ’γὰρ

307 3217 468 3271 ἐλθεῖν
524 3219 670 3292 παρὰ
715 3220 804 3268 τὸν
856 3214 1083 3288 βασιλέα
1125 3221 1215 3267 καὶ
1260 3215 1495 3288 ’γαμϐρὸς
1539 3212 1813 3291 Θεοδωρον
1846 3217 1914 3270 ⁸⁸.

302 3300 563 3379 Ἐφοδίοις
606 3306 731 3378 γοῦν
789 3305 998 3380 ἀπάρας
1070 3314 1166 3366 τῆς
1231 3313 1323 3357 τοῦ
1384 3305 1607 3376 Μιχαὴλ
1671 3313 1767 3376 ’γῆς
1827 3309 1917 3357 καὶ

305 3405 446 3471 φορῷ
491 3398 834 3469 χρησάμενος
888 3397 1140 3467 πνεύματι
1191 3402 1252 3466 τῇ
1311 3403 1403 3456 τῆς
1457 3394 1707 3450 Ἀττάλου
1756 3413 1918 3467 προσ-

305 3493 552 3561 ωρμισεν.
635 3486 1023 3558 ’Δσμενέστατα
1096 3491 1223 3556 γοῦν
1301 3488 1444 3558 παρὰ
1524 3492 1613 3536 τοῦ
1697 3483 1918 3536 σουλτὰν

305 3571 715 3650 προσδέδεκται.
742 3575 801 3626 Ὀ
834 3573 1084 3647 βασιλεὺς
1123 3570 1182 3626 δε
1213 3570 1484 3648 Θεόδωρος
1533 3570 1717 3646 διῆγεν
1757 3578 1805 3626 εν
1852 3583 1915 3647 τῇ

305 3669 524 3737 Νικαία,
585 3670 673 3717 καὶ
711 3662 964 3738 πρεσϐεία
1015 3667 1143 3739 πρὸς
1206 3671 1298 3716 τοῦ
1359 3662 1578 3716 σουλτὰν
1631 3664 1744 3734 (64)
1795 3663 1920 3737 παρ’

309 3755 464 3807 αὐτὸν
524 3752 813 3827 ἀφικνεῖναι
884 3758 979 3812 τὴν
1049 3761 1142 3805 τοῦ
1210 3751 1471 3826 βασιλέως
1526 3757 1617 3805 καὶ
1676 3754 1920 3828 πενθεροῦ

305 3844 643 3920 γνωριξουσα
688 3843 888 3916 ἄφιξιν,
936 3847 1025 3894 καὶ
1056 3845 1120 3903 ὡς
1169 3838 1353 3902 ἄδικος
1405 3845 1476 3894 εἴν
1537 3841 1735 3904 ξενικῆς
1783 3841 1921 3894 ἕπει-

306 3933 567 4008 λημμένος
619 3933 818 4009 ἀρχῆς.
867 3932 1179 4006 Ἐταράχθη
1225 3933 1338 4005 (65)
1369 3941 1494 4004 γοῦν
1551 3930 1635 3984 ἐπὶ
1689 3930 1798 3994 τοῖς
1836 3930 1922 3984 λό-

2100 3041 2150 3092 9.
2183 3035 2271 3091 Ad
2300 3034 2462 3092 hunc
2508 3038 2575 3091 ut
2622 3034 3096 3115 accederet'sua
3149 3035 3348 3093 studia
3395 3036 3688 3094 convertit

2026 3125 2233 3182 omnia
2261 3125 2500 3181 Alexius
2530 3125 2857 3198 imperator
2883 3141 2897 3180 :
2929 3125 3008 3182 ad
3047 3125 3475 3198 imperatorem
3523 3125 3687 3182 enim

2027 3219 2084 3272 et
2096 3215 2765 3286 generumTheodorum
2790 3214 3036 3271 moleste
3058 3215 3685 3273 accedebat.Comme-

2028 3309 2161 3360 atus
2189 3303 2391 3378 itaque
2418 3303 2763 3360 subvehens
2795 3319 2826 3360 e
2857 3303 3081 3360 ditione
3143 3304 3441 3361 Michaelis
3487 3304 3685 3370 solvit,

2027 3394 2219 3464 et17
2259 3393 2451 3449 ventis
2500 3409 2754 3466 operam
2797 3392 3085 3449 dantibus
3133 3393 3212 3449 ad
3259 3393 3432 3450 Attali
3470 3394 3688 3451 urbem

2027 3482 2356 3548 descendit,
2381 3487 2438 3538 et
2457 3498 2645 3555 quam
2666 3482 3058 3555 cupidissime
3081 3499 3118 3540 a
3132 3482 3374 3540 sultano
3394 3483 3692 3556 excipitur

2027 3572 2267 3628 interim
2325 3571 2535 3628 Nicaeae
2589 3572 2906 3628 Theodoro
2949 3572 3297 3646 imperatori
3361 3572 3606 3644 degenti
3654 3588 3694 3631 a

2030 3659 2266 3718 sultano
2280 3660 2502 3731 legatio
2527 3660 2938 3734 mittitur,quaa
2950 3667 3007 3718 et
3027 3663 3408 3734 imperatoris
3424 3666 3479 3718 et
3499 3661 3693 3718 soceri

2029 3751 2329 3807 nontiaret
2361 3750 2710 3821 adventum,
2743 3754 2801 3807 et
2823 3763 3012 3820 quam
3043 3751 3305 3823 injustus
3325 3755 3487 3808 esset
3506 3751 3688 3808 alieni

2030 3840 2401 3914 principatus
2425 3845 2772 3912 occupator.
2789 3840 3192 3898 Conturbatus
3216 3842 3422 3897 animo
3435 3841 3695 3913 impera-

2034 3933 2125 3986 tor
2153 3929 2335 3984 nimis
2355 3927 2512 3984 male
2537 3929 2735 3984 timuit
2760 3934 2918 3985 totus
2938 3931 2996 3988 S.
3019 3928 3300 3986 Sultanus
3317 3930 3479 3986 enim
3499 3929 3698 4003 specie

2032 4019 2465 4093 propugnandi
2488 4018 2695 4081 Alexii,
2728 4036 2791 4076 re
2819 4025 3014 4076 autem
3036 4021 3173 4093 ipsa
3192 4023 3498 4078 Romanos
3517 4036 3698 4092 agros

2034 4126 2246 4168 omnes
2272 4125 2586 4166 excurrere
2611 4109 3091 4182 populabundus
3117 4117 3175 4168 et
3201 4112 3409 4168 ditioni
3449 4112 3695 4169 Persicae

2035 4199 2258 4256 addere
2277 4200 2550 4255 animum
2576 4199 2914 4256 induxerat.
2939 4203 3240 4274 Erantque
3279 4218 3374 4258 res
3402 4202 3698 4259 Theodori

2035 4290 2096 4347 in
2128 4295 2390 4361 angusto
2417 4291 2641 4364 oppido
2671 4296 2909 4363 coactae,
2943 4297 3000 4349 et
3024 4297 3090 4348 ut
3115 4293 3283 4350 aiunt
3306 4294 3368 4349 in
3407 4293 3535 4350 acie
3583 4309 3698 4350 no-

311 4385 412 4438 ὑπὸ
466 4385 610 4458 ξεῖρα
661 4383 1012 4448 ποιήσασθαι,
1056 4385 1145 4433 καὶ
1201 4377 1259 4439 ἦν
1309 4379 1392 4433 ἰπὶ
1443 4389 1639 4455 χυροῠ,
1701 4385 1731 4432 ὅ
1775 4400 1924 4453 φασι,
1960 4407 2003 4460 D
2036 4395 2082 4434 v.

1960 4407 2003 4460 Ι)
2036 4379 2490 4447 vaculae.Quare
2511 4382 2857 4437 convocatis
2882 4381 3008 4438 suis
3022 4384 3308 4439 omnibus
3323 4383 3698 4457 explorabat,

309 4484 384 4546 τῷ
422 4474 633 4547 βασιλεῖ
683 4469 938 4546 Θεοδώρῳ
995 4474 1062 4523 τὰ
1117 4475 1424 4546 πράγματα.
1484 4476 1791 4542 Συναγαγὼν
1839 4468 1926 4523 οὖν
2036 4471 2080 4526 ir

2036 4471 2098 4526 in
2130 4487 2386 4527 suamne
2421 4487 2499 4526 an
2531 4473 2590 4526 in
2621 4472 2808 4527 soceri
2839 4472 3219 4544 imperatoris
3245 4472 3433 4529 Alexii
3463 4478 3699 4547 partem

2041 4560 2258 4618 abituri
2282 4567 2482 4637 essent
2500 4561 2528 4617 ?
2552 4560 2632 4616 Illi
2651 4577 2862 4618 omnes
2875 4577 2998 4618 uno
3021 4579 3122 4619 ore
3163 4563 3345 4620 veluti
3389 4580 3461 4620 ex
3478 4568 3704 4621 tessera

2039 4651 2390 4720 inclamare,
2409 4657 2514 4708 aut
2536 4668 2659 4708 una
2693 4668 2833 4708 cum
2858 4669 2930 4708 eo
2978 4670 3041 4709 se
3057 4654 3258 4710 vivere
3280 4658 3385 4711 aut
3404 4669 3528 4711 una
3549 4653 3706 4710 mori

388 4758 436 4791 ‘0
468 4752 940 4827 crinale—uiam]
974 4750 1025 4813 ἐς
1057 4751 1422 4827 Ἀλέξιονῄῆκε
1473 4759 1656 4804 τοῦτον
1709 4757 1798 4827 καὶ
1842 4751 1968 4825 παρ’
2016 4751 2372 4827 αὐςοῡηυὶοθ.
2422 4752 2483 4805 D.
2545 4753 2588 4787 ⁶¹
2626 4747 2932 4827 ’ἀποδράντα
2992 4762 3088 4816 τῆς
3139 4758 3530 4808 Κωνσταντίνου
3578 4769 3707 4814 om.

319 4831 383 4885 D.
417 4819 1018 4901 η’ἕνξστενοχωρηθὲντι
1045 4839 1168 4880 οω.
1195 4826 1260 4879 D.
1292 4824 1340 4858 ⁴⁸
1367 4829 1455 4876 καὶ
1481 4855 1552 4864 --
1583 4819 1930 4896 σπεισάμενος
1951 4826 2090 4880 om.]

1256 4868 1260 4878 .
1292 4824 1340 4858 ⁴⁸
1367 4829 1455 4876 καὶ
1481 4855 1552 4864 —
1583 4819 1930 4896 σπεισάμενος
1951 4826 2146 4880 om.D.
2179 4825 2228 4858 “
2257 4828 2386 4895 πρὸς
2417 4855 2488 4864 —-
2508 4819 2933 4899 Θεόδωρονόω,
2963 4827 3027 4881 D.

1171 4921 1516 4991 Theodori
1567 4922 1819 4991 Dousae
1868 4933 1937 4991 et
1984 4923 2233 4992 Leonis
2279 4923 2518 4991 Allatii
2568 4932 2772 4992 notae.

321 5044 532 5101 cedere
546 5042 808 5112 cogitur;
834 5045 890 5097 et
912 5040 1043 5097 aliis
1055 5040 1236 5096 etiam
1255 5039 1532 5096 cladibus
1547 5040 1772 5096 fractus
1795 5056 1935 5096 cum
2114 5041 2226 5111 (62)
2267 5040 2365 5094 Ἦν

319 5123 509 5187 Argos
531 5119 588 5172 et
612 5113 870 5187 ﬁnitima
885 5112 1114 5187 oppida
1137 5117 1428 5187 occupata
1445 5129 1585 5187 esse
1613 5117 1938 5187 cerneret_a

323 5184 694 5255 marchione,
726 5186 784 5241 in
820 5184 1246 5241 Acrocorintho
1278 5184 1457 5240 veluti
1487 5185 1550 5241 in
1579 5189 1752 5241 antro
1792 5189 1848 5240 et
1878 5185 1938 5239 in

323 5260 616 5334 spelunca
648 5257 931 5334 seabdit,
962 5257 1036 5334 in_
1075 5256 1268 5312 arduo
1307 5262 1511 5313 monte
1527 5257 1653 5334 gito
1700 5274 1770 5312 ac
1797 5256 1939 5334 fere

322 5328 811 5405 inexpugnabili,
833 5330 924 5384 vir
951 5328 1332 5405 inhumanus
1373 5345 1444 5384 ac
1485 5328 1723 5396 efferus,
1745 5328 1942 5405 _cladi-

324 5407 442 5461 bus
471 5401 747 5464 'urbium,
799 5401 1118 5457 hominum
1166 5401 1433 5474 caedibus
1476 5407 1532 5458 et
1576 5401 1941 5474 populorum

324 5475 768 5548 direptionibus
805 5488 1190 5548 summopere
1221 5473 1514 5548 gaudens,
1558 5473 1672 5546 qui
1702 5489 1943 5548 nec-pa-

325 5545 607 5607 triae—sua:
628 5546 879 5618 Nauplio
900 5545 1185 5619 pepercit,
1206 5551 1264 5602 et
1283 5545 1595 5619 Nicolaum
1617 5545 1940 5619 Corinthio.

327 5617 1102 5694 archiepiscopum,’c11m_
1157 5617 1755 5694 quoureconciliatus
1823 5618 1946 5675 fue-

328 5699 444 5762 rat,
477 5689 630 5750 in'ter
679 5689 892 5767 epulas
937 5689 1138 5767 eﬁosis
1177 5689 1366 5748 oculis
1393 5692 1680 5764 primum,
1732 5696 1946 5765 postea
2057 5689 2270 5767 polita,
2300 5689 2410 5750 sua
2439 5689 2672 5759 habuit,
2712 5709 2772 5767 p.
2820 5699 2904 5751 t7.
2947 5699 3082 5752 ALL.

331 5768 408 5825 de
437 5783 585 5840 rupe
620 5763 1034 5840 praecipitavit.
1395 5763 1405 5764 “
1670 5763 1673 5764 ⁷
1734 5763 1754 5765 “
1872 5830 1879 5834 ,
2059 5763 2079 5767 ”

1670 5763 1673 5764 ⁷
1734 5763 1754 5765 “
1872 5830 1879 5834 ,
2059 5763 2079 5767 ”
2131 5766 2240 5838 (65)
2264 5766 2593 5841 Ἐταράχθη,
2627 5763 2940 5840 Grégoras,
2973 5785 3034 5843 p.
3069 5773 3155 5826 t7.
3187 5773 3323 5826 ALL.

841 5856 1088 5912 PATROL.
1132 5856 1232 5912 Gn.
1276 5856 1420 5913 CXL.
3267 5862 3338 5918 32

307 4046 422 4096 γοις
463 4026 490 4077 ὁ
527 4024 794 4098 βασιλεύς,
834 4028 924 4076 καὶ
976 4019 1089 4084 δέος
1143 4023 1282 4092 αὐτῷ
1333 4025 1564 4094 ἑπεισῄει
1620 4022 1748 4094 οὐχὶ
1794 4042 1923 4094 σμι-

271 4106 283 4117 ’
307 4119 432 4189 κρὸν
475 4137 487 4148 ·
518 4116 544 4166 ὁ
575 4118 664 4187 μὲν
694 4116 796 4186 γὰρ
832 4112 1053 4165 σουλτὰν
1084 4117 1348 4186 πρόφασιν
1403 4107 1516 4182 εἶχε
1567 4114 1654 4164 τὸν
1698 4110 1924 4183 βασιλέα

307 4205 556 4274 ’Δλέξιον,
589 4213 651 4277 τῇ
707 4201 766 4256 δε
809 4202 1028 4274 ἀληθεία
1068 4205 1266 4262 σκοπὸς
1313 4197 1373 4258 ἧν
1423 4201 1564 4270 αὐτῷ
1607 4207 1782 4253 πᾶσαν
1831 4207 1925 4260 τὴν

313 4297 580 4369 Ῥωμαίων
642 4289 1002 4368 καταδραμεῖν
1069 4297 1158 4344 καὶ
1237 4290 1669 4348 καταληῖσασθαι
1737 4295 1765 4350 ἧ
1835 4297 1924 4344 καὶ

311 4569 434 4627 τοὺς
493 4565 653 4616 αὑτοῦ
721 4562 960 4638 ἐπειρᾶτο
1029 4563 1244 4628 τούτων,
1311 4565 1411 4614 εἶτε
1470 4564 1610 4632 αὐτῷ
1670 4566 1927 4636 προσανέ-

312 4674 500 4729 χοντες
549 4653 608 4705 ἂν
667 4654 762 4706 εἷεν
820 4656 921 4705 εἴτε
977 4659 1050 4722 τῷ
1103 4653 1330 4725 πενθερῷ
1372 4652 1530 4703 αὐτοῦ
1583 4659 1656 4722 τῷ
1718 4650 1930 4724 βασιλεῖ

2424 5042 2522 5113 γὰρ
2579 5037 2743 5117 οὗτος.
2772 5044 2890 5094 τότε
2928 5044 3114 5117 μέρους
3135 5045 3308 5117 Δδιἰνός
3337 5050 3434 5106 τῆς
3464 5042 3711 5117 παλαιᾶς.

2047 5112 2332 5181 Blondus,
2364 5115 2449 5186 De
2477 5112 2654 5186 gestis
2692 5112 3067 5186 venetofu'm,
3101 5114 3350 5171 ridicule
3379 5115 3523 5172 satis
3547 5117 3716 5186 pari-

2049 5185 2486 5260 terrGO/Treduis
2534 5185 2609 5260 de
2664 5185 2843 5260 Villa.
2897 5187 3188 5254 Gallicus,
3222 5189 3420 5260 quiin
3470 5185 3718 5244 Achaia!

2044 5259 2400 5328 principatu
2436 5258 2746 5314 Dominico
2803 5258 2877 5314 de
2929 5260 2992 5317 la
3033 5261 3191 5317 Dosa
3229 5258 3614 5329 successerat,
3660 5264 3717 5316 et

2049 5329 2313 5386 Michael
2345 5332 2675 5386 Comnenos
2703 5330 2946 5387 Graecus
3011 5332 3229 5388 nobilis
3274 5349 3411 5389 cum
3469 5333 3722 5401 Pelopo-

2051 5417 2210 5466 neso,
2243 5418 2409 5458 nunc
2447 5403 2654 5460 Morea
2678 5402 2863 5470 dicta,
2896 5419 3006 5473 per
3025 5405 3309 5474 fraudem
3346 5406 3578 5462 Veneta:
3601 5404 3716 5462 rei-

2049 5475 2308 5546 publicaO
2333 5477 2849 5548 obedientiamque
2872 5478 3345 5546 spoponderunt.
3376 5480 3524 5534 ALL.

2124 5549 2242 5623 (63)
2271 5549 2582 5623 Ἰαθαῖίνην.
2612 5549 3045 5623 Gregoras,lib.
3079 5565 3123 5605 ι.
3153 5566 3212 5623 p.
3249 5557 3334 5606 t7.
3363 5556 3498 5607 ALL.

2127 5621 2240 5696 (64)
2271 5620 2534 5696 Πρεσθεία
2556 5625 2683 5696 πρὸς
2707 5627 2801 5673 τοῦ
2824 5622 3068 5678 σουλτάν.
3102 5620 3394 5696 Gregoras
3442 5639 3515 5680 ex
3540 5626 3723 5680 Acro.

3849 2840 3865 2869 ὶ
