4470 6452
860 416 993 469 1003
2130 415 2412 474 GEORGII
2446 417 2625 476 Δί)Βο

2446 417 2935 476 ACROPOLITB.
4077 433 4208 488 1004

853 511 1021 600 velle.
1059 511 1390 571 Recollecto
1406 514 1586 586 igitur
1617 512 1820 570 animo
1856 510 2236 569 subdtiorum
2257 514 2511 570 vocibus
2540 518 2590 571 Α

2441 530 2511 570 us
2540 518 2590 571 Α
2621 512 2851 587 Ἀλεείῳ.
2883 518 2948 568 0i
3002 513 3062 570 δι
3113 514 3350 571 πανσυδὶ
3417 525 3512 590 tua}
3563 529 3724 593 φωνῇ,
3781 523 3848 583 ὡς
3898 523 3952 576 έκ
4000 532 4206 600 γνώμης

849 597 1385 672 ἱωρετειιοτΝἱοωιι
1415 603 1556 670 exit,
1589 617 1793 658 secum
1826 600 2090 670 legatum
2115 601 2333 658 sultani
2360 618 2509 658 con-

2436 618 2509 658 n-
2617 609 2762 675 μιᾶς,
2831 604 2861 662 ἣ
2919 605 3087 678 συζῇν
3142 606 3283 676 αὐτῷ
3340 607 3370 665 ἣ
3430 609 3813 662 συναπολέσθαι
3890 597 4201 685 εἰρηκεισαν.

845 688 1410 764 vehens,ocyusque
1431 688 2322 765 approperausPhiladelphiam
2337 705 2510 748 occu-

2442 707 2510 748 .u-
2617 690 2917 764 Θαρσαλέος
2946 701 3071 764 γοῦν
3100 693 3216 766 (66)
3245 696 3272 746 6
3304 693 3549 766 βασιλεὺς
3577 704 3684 758 τοῖς
3739 706 3836 750 τῶν
3888 701 3985 752 ύπό
4050 709 4207 777 χεῖρα

842 781 951 850 pat
968 819 981 833 .
1016 778 1298 836 Sultanus
1325 795 1459 836 cum
1482 780 1842 853 imperatore
1860 778 2086 848 Alexio,
2109 794 2289 851 quem
2323 779 2505 857 veluti

2439 781 2505 837 ni
2611 777 2782 851 λόγοις
2837 784 3100 853 γενόμενος
3147 789 3242 843 τῆς
3291 787 3515 845 Νικαίας
3567 782 3719 848 έξηει,
3769 789 3905 857 έχων
3960 793 4050 840 καὶ
4120 792 4204 841 τὸν

840 865 1253 924 Romanorum
1275 883 1480 925 escam
1512 883 1717 925 secum
1761 866 2158 936 conducebat,
2203 867 2263 922 iu
2302 853 2503 924 Antio-

2442 884 2503 924 ο-
2610 873 2703 920 τοῦ
2740 868 2961 921 σουλτὰν
3012 869 3226 942 πρέσϐιν
3280 872 3393 943 μεθ’
3437 871 3642 926 ἑαυτοῦ.
3671 853 3969 948 Ταχύτερόν
4023 873 4084 930 δι
4134 886 4204 948 τῷ

843 954 1044 1012 chiam
1073 955 1306 1029 irrupit.
1355 964 1453 1013 Est
1481 971 1554 1014 ea
1611 957 1821 1014 civitas
1875 955 2172 1014 Meandro
2214 956 2502 1027 adjacens

2438 973 2502 1013 ns
2610 951 2793 1030 δρόμῳ
2820 959 3162 1030 χρησάμενος
3190 958 3480 1031 ἀφικνεῖται
3523 969 3584 1033 τῇ
3645 959 3984 1035 Φιλάδελφον.
4037 964 4097 1016 '0
4146 962 4203 1018 δέ

841 1041 1121 1116 illiusque
1137 1043 1446 1117 potiundae
1469 1045 1850 1118 propositum
1870 1049 2013 1102 erat.
2031 1044 2174 1100 Hinc
2203 1045 2499 1101 machinis

2436 1045 2499 1101 Iis
2610 1043 2831 1097 σουλταν
2860 1044 3051 1120 έπάρας
3087 1047 3202 1118 μεθ’
3241 1047 3426 1101 ἑαυτοῦ
3477 1053 3566 1102 καὶ
3626 1049 3681 1102 ὃν
3736 1053 3806 1112 ὡς
3851 1048 4032 1126 δέλεαρ
4092 1051 4201 1106 έπε-

840 1130 1076 1189 adactis
1104 1132 1317 1190 urbem
1345 1133 1679 1207 premebat,
1727 1133 1841 1205 18
1885 1137 1940 1190 et
1969 1136 2202 1190 tantum
2246 1148 2369 1190 non
2400 1149 2495 1190 ce-

2438 1149 2495 1190 e-
2608 1136 2784 1206 φέρετο
2827 1133 3055 1207 βασιλέα
3112 1134 3358 1204 ’Δλέξιον,
3407 1141 3502 1196 την
3558 1135 3741 1210 ἔφοδον
3799 1137 3848 1192 έν
3902 1140 4203 1213 Ἀντιοχείᾳ

838 1225 1028 1294 perat.
1063 1221 1237 1288 Quod
1266 1223 1694 1295 pertimescens
1712 1222 2058 1280 Theodorus
2092 1223 2310 1295 (neque
2331 1222 2492 1279 enim

2434 1239 2492 1279 ω
2604 1227 2907 1280 πεποίηται’
2963 1222 3107 1285 πόλις
3169 1220 3229 1278 δι
3317 1227 3450 1284 αὕτη
3552 1231 3737 1298 χώρας
3832 1231 4199 1302 προκαθημένῃ

839 1307 1097 1367 dubium
1127 1315 1254 1368 erat
1275 1310 1422 1384 quin
1470 1327 1543 1369 ea
1588 1311 1839 1368 subacta
1884 1309 2122 1367 sultano
2160 1309 2393 1366 nullum
2431 1310 2493 1367 in
2603 1318 2604 1321 ‘

2432 1310 2493 1367 in
2603 1307 2914 1384 Μαιάνδρου
2944 1312 3081 1384 (67).
3116 1317 3332 1387 Κρατεῖν
3358 1310 3418 1366 δε
3452 1316 3500 1366 οἱ
3539 1316 3737 1378 ταύτης
3793 1312 3853 1374 ἧν
3909 1318 3935 1368 6
3987 1322 4197 1378 σκοπός.

835 1403 1150 1473 posterum
1180 1399 1680 1472 impedimentum
1709 1399 1879 1471 foret,
1906 1415 2030 1473 quo
2055 1399 2256 1456 minus
2282 1402 2496 1457 Roma-

2436 1415 2496 1457 α·
2603 1400 2698 1451 Διὰ
2734 1406 2901 1452 ταῦτα
2957 1404 3046 1453 καὶ
3099 1399 3353 1464 ἑλεπόλεις
3398 1401 3659 1460 ἐστήσατο
3713 1407 3804 1456 καὶ
3862 1404 4067 1478 έπόρθει
4108 1411 4201 1464 τήν

829 1487 899 1552 ni
927 1487 1166 1561 imperii
1191 1489 1494 1562 reliquum
1525 1487 1870 1558 debellaret)
1929 1494 1987 1546 et
2034 1487 2216 1544 veluti
2244 1488 2306 1544 in
2335 1487 2493 1544 cubo

2437 1503 2493 1544 )o
2600 1487 2768 1542 πόλιν.
2804 1492 2904 1541 Καὶ
2940 1485 3002 1547 ἦν
3031 1509 3091 1560 γε
3119 1489 3252 1548 αὕτη
3287 1489 3336 1543 έν
3368 1498 3490 1563 χρῷ
3520 1499 3612 1544 τοῦ
3647 1492 3859 1548 ἁλῶναι.
3894 1492 3962 1548 Ὀ
3989 1491 4058 1553 δὴ
4113 1500 4202 1548 καὶ

831 1573 974 1633 belli
1003 1577 1164 1633 exitu
1217 1578 1430 1649 posito,
1484 1577 1612 1635 sive
1666 1581 1732 1634 ut
1775 1576 1974 1633 verius
2007 1577 2229 1645 dicam,
2280 1576 2490 1633 Christi

2437 1576 2490 1632 sti
2601 1572 2842 1638 δεδιὼςό
2873 1575 3123 1648 βασιλεὺς
3169 1576 3444 1653 Θεόδωρος
3494 1587 3578 1646 (ἦν
3615 1583 3718 1655 γὰρ
3771 1587 3862 1634 καὶ
3911 1581 4093 1644 ἄληθες
4137 1587 4202 1645 ὡς

829 1664 1082 1735 domini,
1103 1666 1277 1738 cujus
1306 1681 1528 1722 nomen
1549 1665 1730 1722 veluti
1750 1670 2038 1723 tesseram
2061 1669 2117 1721 et
2138 1665 2377 1735 signum
2408 1665 2490 1737 pii

2432 1665 2490 1720 )ii
2599 1664 2643 1718 εἰ
2661 1667 2853 1726 ταύτης
2906 1664 3191 1739 ἐκράτησεν
3249 1669 3275 1720 6
3326 1665 3744 1734 σουλτὰν,ούδεν
3799 1670 3861 1722 ἂν
3911 1672 4054 1743 αύτῷ
4108 1672 4197 1742 έμ-

829 1768 944 1812 n0s
973 1754 1466 1826 circumferimus,
1499 1754 1781 1828 praesidio
1825 1755 2295 1829 nisus,propere
2343 1746 2487 1810 cele-

2433 1746 2487 1810 e-
2595 1749 2772 1806 ποδὼν
2829 1761 2923 1807 τοῦ
2966 1759 3037 1827 μὴ
3092 1762 3268 1809 πᾶσαν
3324 1761 3419 1815 τὴν
3470 1765 3571 1809 τῶν
3616 1757 3884 1830 Ῥωμαίων
3933 1765 4197 1835 χειρώσα-

827 1849 942 1915 rat,
972 1847 1138 1917 prius
1168 1845 1516 1916 commisso,
1548 1861 1622 1902 ne
1643 1845 1781 1919 quis
1812 1847 2064 1916 attegias
2090 1849 2194 1901 aut
2218 1843 2487 1901 sarcinas
2525 1863 2566 1918 Β

2432 1859 2487 1900 is
2525 1863 2566 1918 Β
2597 1843 2744 1914 σθαι)
2771 1847 2862 1895 καὶ
2891 1839 3000 1895 οἷον
3041 1842 3128 1897 ἰπὶ
3181 1844 3344 1897 κύϐου
3393 1848 3480 1897 τὸν
3531 1844 3749 1918 πόλεμον
3795 1849 3920 1914 θεὶς,
3981 1847 4011 1905 ἣ
4067 1848 4197 1920 μᾶλ-

825 1933 1080 2007 velquid
1104 1934 1295 1990 simile
1311 1934 1518 2008 prtelio
1542 1935 1747 1992 inutile
1766 1950 1890 2009 prae
1929 1933 2282 1991 necessariis
2322 1933 2485 1990 tenui

2431 1933 2485 1989 ui
2592 1929 2678 1984 λον
2731 1929 2936 1994 ἀληθῶς
2989 1932 3148 1986 εἰπεῖν
3206 1932 3290 1987 έπὶ
3341 1941 3410 2004 τῷ
3449 1939 3682 2008 Δεσπότῃ
3744 1934 4014 2010 θαρρήσας
4064 1943 4196 2012 Χρι-

821 2023 985 2081 victu
1014 2025 1352 2098 vestituque
1383 2023 1700 2082 deferrent.
1749 2025 2049 2082 Exercitus
2098 2023 2243 2080 bina
2296 2023 2484 2080 millia

2430 2023 2484 2080 ia
2595 2029 2722 2092 στῷ,
2751 2021 2812 2073 οὗ
2837 2025 2932 2080 τὴν
2955 2021 3142 2080 κλῆσιν
3192 2024 3258 2084 ὡς
3307 2026 3585 2096 σύσσημόν
3637 2043 3689 2076 τι
3743 2025 3772 2085 ἦ
3828 2023 4102 2100 σφραγῖδα
4146 2028 4195 2079 οἱ

795 2100 1143 2172 Ἱιοωὶηιιω
1174 2130 1299 2172 non
1321 2115 1668 2188 excedebat,
1699 2131 1961 2188 quorum
1983 2112 2308 2183 octingenti
2331 2113 2481 2177 Itali,

2429 2113 2481 2177 li,
2592 2108 2818 2172 εὐσεϐεῖς
2869 2112 3193 2184 ἐπιφέρομεν,
3260 2110 3566 2166 έπισπεύδει
3632 2117 3718 2166 τὸν
3791 2104 4008 2190 δρόμον⁹
4059 2136 4194 2190 παρ-

821 2201 936 2259 viri
983 2202 1209 2260 strenui
1239 2207 1297 2260 et
1351 2218 1541 2259 manu
1597 2203 1802 2270 fortes,
1859 2208 1926 2260 ut
1986 2203 2225 2260 occasio
2280 2199 2480 2273 palam

2429 2216 2480 2256 ω
2591 2199 2840 2271 αγγείλας
2868 2197 3075 2272 μηδένα
3113 2201 3142 2260 ἦ
3178 2207 3370 2262 σκευὴν
3414 2207 3578 2276 φέρειν
3633 2203 3662 2262 ἣ
3713 2205 3884 2276 ἄχθος
3935 2205 3967 2264 ἦ
4026 2206 4194 2280 ἕτερόν

811 2291 984 2366 fecit,
999 2293 1214 2367 reliqui
1243 2293 1496 2351 Romani
1524 2293 1708 2352 fuere,
2589 2308 2643 2341 τι
2667 2296 2767 2340 τῶν
2796 2288 2856 2342 ού
2885 2288 3294 2343 λυσιτελούντων
3337 2290 3386 2344 έν
3442 2301 3515 2363 τῷ
3571 2292 3798 2365 πολέμῳ,
3853 2295 3973 2347 ἄνευ
4018 2299 4196 2368 μέντοι

820 2390 924 2438 τῶν
965 2381 1260 2457 ἀναγκαίων
1288 2393 1485 2460 τροφῆς
1526 2390 1721 2461 μικρᾶς
1784 2387 1874 2436 καὶ
1922 2379 2223 2457 ἓνδύματος.
2272 2381 2370 2435 Ἦν
2438 2376 2498 2434 δέ
2552 2377 2689 2431 ἅπαν
2746 2379 2858 2450 (68)
2903 2379 3045 2450 αὐτῷ
3096 2383 3156 2433 τὸ
3215 2381 3515 2456 στράτευμα
3561 2382 3628 2444 εἰς
3681 2379 3989 2455 δισχιλίους
4042 2385 4196 2458 ἠριθ-

804 2478 1068 2547 μημένον,
1124 2471 1191 2526 ὧν
1236 2473 1542 2527 ὀκτακόσιοι
1579 2477 1670 2547 μεν
1731 2473 1940 2543 Ἰταλοὶ,
2008 2470 2192 2548 ἄνδρες
2237 2479 2459 2546 γενναῖοι
2519 2473 2610 2522 καὶ
2663 2472 2758 2527 τήν
2808 2475 2969 2545 χεῖρα
3021 2471 3283 2547 σθωαροὶ,
3342 2473 3464 2534 ὡςὸ
3517 2469 3598 2545 [Ρ.
3632 2473 3689 2544 9]
3743 2477 3926 2548 καιρὸς
4007 2471 4190 2544 ἔδειξε,

819 2569 1048 2638 Ρωμαῖοι
1078 2560 1138 2617 δὲ
1164 2566 1214 2617 οἱ
1239 2563 1413 2617 λοιποὶ
1443 2563 1752 2636 ἐτύγχανον.

797 2721 800 2724 Α
893 2658 981 2712 10.
1021 2656 1208 2727 Prope
1230 2653 1433 2727 itaque
1483 2653 1856 2710 Antiochiam
1909 2651 2100 2709 factus
2149 2653 2477 2726 imperator

2427 2668 2477 2708 )ιο
2665 2647 2720 2699 ι’·
2773 2647 2960 2720 Ἐγγύς
3012 2669 3112 2702 που
3153 2657 3281 2721 γοῦν
3333 2655 3604 2722 γενόμενος
3656 2653 3765 2723 (69)
3812 2662 3904 2715 τῆς
3991 2654 4192 2709 Ἀντιο-

815 2744 1060 2801 Persam
1081 2743 1370 2814 legatum,
1394 2748 1459 2799 ut
1479 2748 1772 2800 remearet
1801 2743 1876 2800 ad
1906 2743 2243 2807 dominum,
2276 2742 2473 2798 dimit-

2431 2747 2473 2798 ι-
2587 2742 2738 2808 χείας
2768 2739 2794 2789 6
2840 2737 3087 2810 βασιλεὺς
3135 2738 3327 2812 ἀφίησι
3381 2744 3469 2793 τὸν
3521 2739 3738 2815 πρέσϐιν
3791 2747 3996 2819 Πέρσην
4053 2748 4196 2815 παρὰ

814 2834 902 2890 tit.
955 2833 1054 2890 Ille
1108 2832 1345 2890 sultano
1395 2833 1634 2890 nuntiat
1699 2832 2078 2905 imperatoris
2138 2848 2471 2900 accessum,

2431 2848 2471 2900 ι,
2584 2831 2672 2880 τὸν
2701 2832 2942 2902 σφέτερον
2994 2828 3272 2902 ἀφικέσθαι
3332 2827 3616 2890 δεσπότηνο
3685 2838 3775 2885 καὶ
3853 2833 3907 2896 ὃς
3997 2833 4196 2894 ὄιπῆλθε

813 2924 1045 2980 creditu
1070 2925 1321 2980 omnino
1367 2923 1694 2990 difficilem,
1752 2923 1905 2979 adeo
1943 2929 2009 2979 ut
2047 2923 2472 2996 imperatorem

2425 2939 2472 2978 ω
2584 2923 2676 2970 καὶ
2720 2922 2904 2987 μηνύει
2942 2928 3015 2972 τῶ
3080 2919 3301 2974 σουλτὰν
3357 2926 3450 2982 τὴν
3509 2931 3601 2975 τοῦ
3656 2921 3913 2996 βασιλέως
3984 2922 4190 2998 ἔφοδον,

809 3015 939 3086 jam
971 3013 1181 3070 adesse
1206 3013 1605 3084 jurejurando
1627 3013 1986 3069 conﬁrmare
2013 3028 2257 3069 necesse
2301 3012 2476 3068 fuerit

2424 3013 2476 3068 ~it
2587 3004 2884 3062 δύσπιστον
2937 3008 3111 3081 έκείνῷ
3168 3013 3281 3082 (70)
3326 3015 3463 3065 πάνυ
3516 3017 3913 3086 τυγχάνουσαν.
3973 3015 4189 3089 Ὀρκοις

811 3102 1207 3173 legatum.His
1220 3103 1437 3159 auditis
1459 3102 1731 3160 sultanus
1746 3118 1932 3175 quam
1950 3102 2255 3158 celerrime
2267 3101 2474 3159 collec-
2520 3169 2552 3181 _

2431 3118 2474 3159 3-
2520 3169 2552 3181 ﬂ
2584 3106 2710 3169 γοῦν
2737 3097 2972 3152 έϐεϐαίου
3012 3101 3037 3152 6
3089 3099 3311 3175 πρέσϐις
3357 3104 3424 3162 ὣς
3481 3101 3631 3175 έγγύς
3677 3105 3705 3156 6
3765 3103 4018 3177 βασιλεὺς
4063 3109 4196 3181 πάρ-

814 3169 901 3250 tis
921 3193 1109 3265 copiis
1150 3193 1212 3249 in
1260 3193 1450 3250 aciem
1499 3169 1975 3249 militem—excit.
2028 3193 2292 3249 Primum
2346 3193 2474 3250 ltali
2514 3169 2555 3224 θ

2428 3193 2474 3250 Ji
2514 3169 2555 3224 (ἶ
2586 3207 2749 3243 εστιν.
2776 3195 2954 3242 Ταῦτα
2988 3189 3076 3242 οὖν
3105 3189 3340 3253 ἀκηκοὼς
3366 3193 3393 3244 6
3457 3193 3680 3246 σουλτὰν
3733 3169 3898 3266 (ἤην
3945 3199 4011 3256 ὡς
4078 3169 4193 3269 εἶχε

816 3282 1036 3340 sultani
1062 3283 1304 3339 ordines
1329 3282 1586 3339 nimium
1607 3281 1830 3339 multos
1848 3283 2225 3354 adoriuntur,
2255 3300 2326 3340 ac
2351 3299 2475 3340 ma-

2430 3300 2475 3340 ι-
2586 3278 2805 3348 τάχους,
2860 3281 2955 3340 τὰς
3013 3275 3259 3352 δυνάμεις
3333 3283 3547 3353 συνάγει
3630 3287 3722 3335 καὶ
3803 3287 4195 3357 παρατάττεται

815 3388 932 3430 nus
959 3372 1173 3430 validas
1200 3371 1596 3446 viriliorisque
1615 3372 1801 3429 animi
1846 3373 2214 3429 facinoribus
2249 3372 2476 3430 effectis

2427 3375 2476 3428 is
2585 3369 2716 3439 πρὸς
2754 3370 2841 3419 τὸν
2888 3367 3127 3441 πόλεμον.
3169 3371 3525 3440 Ἐμπίπτουσι
3579 3379 3704 3443 γοῦν
3764 3373 3879 3444 (⁸72)
3940 3379 4052 3434 ταῖς
4098 3380 4192 3426 τοῦ

815 3462 938 3520 fere
953 3478 1166 3519 omnes
1185 3461 1576 3530 occumbunt,
1597 3479 1737 3520 cum
1760 3462 1950 3519 multo
1967 3463 2168 3535 plures
2192 3479 2262 3518 ac
2285 3463 2473 3520 multo

2428 3479 2473 3520 ιο
2587 3454 2808 3508 σουλτὰν
2839 3465 3040 3531 πρῶτον
3069 3453 3355 3532 δυνάμεσιν
3395 3458 3606 3517 Ἰταλοί.
3669 3461 3803 3515 Ἀλλ’
3861 3457 3923 3520 ἧν
3979 3467 4039 3516 τὸ
4091 3471 4193 3516 τῶν

812 3539 1260 3610 numerosiores
1287 3550 1774 3608 obtruncassent.
1801 3553 2184 3624 Exsuperatis
2207 3568 2241 3608 a
2265 3553 2476 3609 Musul-

2425 3553 2476 3609 ‘1-
2583 3546 3007 3618 Μουσουλμάνων
3053 3547 3247 3609 πλῆθος
3321 3549 3474 3604 πολύ.
3534 3548 3701 3624 Ἔργα
3793 3547 3852 3604 δι
3937 3560 4190 3627 κρατερᾶς

807 3659 995 3700 mano
1027 3642 1184 3699 Italis
1221 3641 1388 3698 nullo
1426 3642 1666 3712 negotio
1716 3645 2126 3698 Romanorum
2177 3645 2468 3698 exercitus

2424 3660 2468 3698 ις
2579 3637 2764 3707 χειρὸς
2793 3630 3142 3708 ἕνδειξάμενοι
3197 3642 3288 3689 καὶ
3356 3643 3708 3712 γενναιοτέρας
3755 3638 3940 3712 ψυχῆς
3987 3639 4189 3713 σχεδόν

804 3749 953 3789 usus
985 3736 1091 3797 est,
1117 3732 1291 3803 cujus
1322 3731 1518 3805 potior
1538 3746 1680 3803 pars
1723 3731 1959 3800 fugiens
2010 3737 2177 3801 terga
2219 3737 2466 3802 vertere,

2422 3747 2466 3802 Β,
2578 3727 2836 3775 πίπτουσι
2859 3725 3065 3794 πάντες,
3120 3723 3558 3800 ἁπειροπλασίους
3609 3727 3789 3801 ξίφους
3830 3732 3980 3803 ἔργον
4035 3736 4187 3790 ποιη·

811 3822 1108 3896 19pauci
1165 3837 1228 3876 se
1259 3806 1463 3877 sistere
1503 3835 1725 3892 pugnas
1756 3821 1984 3876 exitum
2027 3827 2461 3892 exspectantes.

2420 3839 2461 3877 ε,
2581 3831 2776 3874 σαντες.
2834 3820 2945 3866 Τῶν
3001 3822 3127 3886 γοῦν
3183 3815 3390 3869 Ἰταλῶν
3444 3819 3493 3870 οἱ
3550 3819 3958 3892 Μουσουλμάνοι
4039 3840 4185 3894 περι-

799 3913 905 3969 Ubi
937 3911 1210 3968 sultanus
1259 3925 1531 3984 pugnam
1584 3909 1986 3983 indipiscitur,
2035 3910 2462 3983 imperatorem

2418 3929 2462 3968 n
2573 3906 2835 3976 γενόμενοι
2880 3904 3006 3979 ῥᾷον
3063 3910 3153 3958 καὶ
3203 3914 3304 3958 τῶν
3359 3905 3659 3981 Ῥωμαϊκῶν
3717 3907 3966 3982 έκράτουν
4025 3907 4183 3963 δυνά-

794 4001 1073 4073 vestigat.
1114 4001 1453 4057 Hserentem
1491 3999 1660 4056 illum
1707 4006 1886 4072 atque
1923 4000 2243 4056 attonitum
2290 4002 2458 4075 quis-

2416 4020 2458 4057 ς-
2570 4012 2726 4066 μεων·
2778 3999 2868 4047 καὶ
2931 3997 2979 4047 οἱ
3033 3997 3125 4068 μὲν
3182 3993 3560 4071 προτροπάδην
3613 4001 3848 4072 ἔφευγον,
3894 3999 4063 4072 ὀλίγοι
4121 3997 4181 4055 δε

795 4092 962 4167 piam
983 4091 1307 4148 ministrat.
1334 4090 1427 4147 Sic
1454 4088 1750 4146 celeritate
1770 4105 1894 4162 qua
1914 4091 2457 4164 poteragfcorporis

2407 4092 2457 4148 is
2568 4079 2874 4158 έκαρτέρουν
2939 4087 2998 4137 τὸ
3056 4085 3194 4147 τέλος
3268 4094 3362 4148 τῆς
3435 4092 3622 4160 μάχης
3699 4086 4172 4163 ἀποσκομούμενοι.

791 4180 1012 4239 robore
1025 4179 1221 4236 ﬁdens
1238 4180 1299 4235 in
1313 4179 1719 4252 imperatorem
1733 4178 1979 4251 rapitur.
1999 4181 2069 4236 Se
2083 4190 2456 4250 cognoscunt

2408 4190 2456 4237 τι(
2564 4177 2668 4233 Τῆς
2688 4175 2873 4245 μάχης
2920 4170 3007 4226 οὖν
3067 4174 3324 4250 έγκρατὴς
3369 4182 3635 4250 γενὸμινος
3691 4179 3809 4251 (73)
3863 4183 3888 4231 6
3949 4181 4173 4234 σουλτὰν

787 4272 1070 4337 invicem,
1101 4275 1157 4327 et
1177 4271 1411 4343 primus
1435 4267 1709 4325 sultanus
1729 4267 1901 4325 clava
1922 4270 2454 4343 caputimperator-

2405 4287 2454 4326 ιι.
2563 4259 2740 4323 ἔξητει
2769 4267 2857 4316 τὸν
2889 4262 3136 4338 βασιλέα,
3172 4271 3264 4318 καὶ
3295 4261 3538 4320 δείκνυσί
3567 4288 3650 4331 τις
3702 4275 3886 4321 τοῦτον
3929 4269 4068 4341 αύτῷ
4121 4269 4170 4323 έν

785 4351 866 4408 ris
883 4351 1034 4409 ferit.
1062 4351 1161 4407 Ille
1174 4350 1356 4424 plaga
1375 4349 1663 4421 vertigine
1681 4354 1992 4423 correptus
2021 4366 2181 4422 equo
2195 4352 2448 4424 (quippe

2404 4367 2448 4408 re
2561 4348 2840 4425 ἀμηχανίᾳ
2896 4358 3184 4426 γενόμενον.
3232 4354 3322 4418 Ὠς
3369 4353 3483 4428 εἶχε
3533 4365 3660 4429 γοῦν
3732 4360 3958 4430 τάχους,
4041 4363 4169 4434 πρὸς

783 4458 975 4516 equus
1007 4441 1187 4498 etiam
1222 4440 1422 4513 plaga,
1460 4439 1657 4496 nescio
1683 4455 1762 4495 an
1788 4439 2023 4500 iterata,
2066 4441 2442 4513 exsternitur)

2402 4443 2442 4513 Γ)
2558 4445 2645 4492 τὸν
2691 4440 2917 4514 βασιλέα
2969 4445 3127 4518 ὁρμᾷ,
3181 4452 3245 4517 τῇ
3298 4453 3390 4497 τοῦ
3450 4451 3694 4519 σώματος
3752 4448 3912 4520 ἰσχύί
3965 4448 4167 4524 θαρῥῶν

778 4532 1044 4601 decidit;
1076 4547 1200 4606 quo
1229 4529 1585 4588 deturbatus
1642 4535 1701 4587 et
1740 4529 1942 4588 divino
1991 4529 2217 4589 auxilio
2259 4531 2443 4590 veluti
2482 4527 2527 4583 D

2402 4533 2443 4590 ti
2482 4527 2527 4583 D
2558 4527 2635 4584 ἔπ’
2663 4531 2826 4604 αὐτῷ.
2853 4531 3126 4606 Ἐγνωσαν
3179 4529 3268 4587 οὖν
3316 4534 3592 4613 έκάτέρους
3641 4535 3872 4612 ἑκάτεροι
3920 4539 3991 4596 ⁸⁵.
4067 4543 4167 4593 Καὶ

845 4660 893 4695 ⁸³
922 4661 1156 4732 ἔγνωσαν
1182 4689 1255 4700 -
1280 4657 1514 4731 ἑκάτεροι
1543 4671 1666 4715 om.
1697 4658 1761 4713 D.

1660 4799 2006 4868 Theodori
2055 4800 2308 4872 Dousas
2359 4813 2426 4872 et
2473 4803 2724 4874 Leonis
2774 4803 3011 4874 Allatii
3059 4814 3268 4875 notae.

824 4980 945 5059 (eg)
966 4969 1295 5059 θαρσαλέως
1322 4982 1468 5059 γοῦν.
1503 4973 1818 5059 Οεοεοτδε,
1854 4987 1917 5045 p.
1950 4975 2033 5059 εξ.
2063 4977 2203 5059 ΑΙιι...
2547 4973 2865 5059 Caystrum
2887 4976 3124 5059 trajicit,
3150 4981 3275 5035 tam
3297 4977 3677 5059 longumiter
3707 4983 3832 5038 tam
3851 4979 4020 5038 brevi
4043 4980 4167 5040 die-

824 5045 1527 5126 (97)Maiaivdpou.-.kn_na.i
1563 5047 1890 5126 Comnena,
1933 5047 2257 5126 ᾼιᾳεείαᾴοε
2309 5047 2419 5104 lib.
2541 5064 2589 5105 τι

1761 5061 1890 5112 ena,
1933 5047 2257 5126 ᾼιᾳεείαᾴοε
2309 5047 2419 5104 lib.
2541 5045 2689 5126 rum
2709 5045 3027 5126 intervallo
3054 5065 3355 5126 emensus.
3391 5045 3526 5126 ,ξιιμ

747 5114 851 5180 xxi
894 5114 930 5179 τ’
993 5114 1232 5194 Ποταμὸς
1286 5116 1346 5173 δι
1393 5121 1419 5170 6
1476 5114 1783 5193 Μαίανδρος
1830 5122 1950 5190 περὶ
2006 5124 2235 5191 Φρυγίαν
2292 5139 2424 5173 σχο-

747 5196 1001 5256 λιὼτατος
1064 5201 1312 5265 ποταμῶν
1391 5191 1652 5258 ἁπάντων,
1745 5194 1835 5242 καὶ
1911 5194 2126 5263 καμπὰς
2178 5201 2421 5265 συνεχεῖς

2396 5151 2424 5162 -
2607 5122 2726 5265 £70;
2781 5124 3079 5175 Δύσπιστον
3132 5121 3330 5196 ἐκείνῳ.
3391 5125 3706 5196 Gregoras,
3758 5140 3825 5199 p.
3877 5126 3964 5182 18»
4017 5129 4158 5186 ALL.

2393 5201 2421 5255 ’ς
2631 5194 2692 5248 Tt
2748 5192 2806 5247 Ὁ
2838 5193 3079 5250 σουλτάν.
3144 5196 3795 5265 Gregorasp.19.ALL.

746 5196 1001 5256 λιὼτατος
1064 5193 1312 5266 ποταμῶν
1391 5193 1652 5258 ἁπάντων,
1745 5194 1835 5242 καὶ
1911 5194 2126 5263 καμπὰς
2178 5201 2421 5265 συνεχεῖς
2607 5193 2806 5265 (71)Ὀ
2838 5193 3079 5250 σουλτάν.
3144 5193 3440 5267 Gregoras
3465 5193 3532 5269 p:
3560 5193 3795 5256 ίθοᾸιιί.

746 5272 1071 5336 ποιούμενος,
1104 5335 1112 5336 7
2536 5334 2546 5336 μ
2602 5270 2712 5336 (72)
2747 5267 3102 5336 Ἐμπίπτουσι
3131 5274 3281 5336 γοῦν.
3316 5268 3615 5336 Gregoras
3662 5285 3724 5336 p.
3786 5273 3869 5326 19.
3929 5271 3971 5326 Β

743 5285 1071 5341 ποιούμενος,

815 5344 930 5424 (ῥίς)
957 5338 1054 5424 ᾜῙ
1087 5335 1148 5424 δι
1175 5337 1333 5393 ἁπαν.
1368 5337 1682 5423 Gregoras,
1709 5349 1769 5418 p.
1803 5336 1889 5390 18.
1921 5338 2061 5424 ΑΗ..
2138 5423 2163 5424 ἡ
2331 5406 2369 5424 ν

2602 5285 2712 5338 (12)
2750 5285 3102 5339 ἰμπιπτουσι
3131 5286 3281 5338 γουν.
3316 5285 3426 5323 ure
3472 5285 3615 5326 oras
3662 5285 3724 5343 p.
3786 5285 3869 5326 19.
3929 5285 4158 5329 uarum

2524 5334 2908 5424 fortitudinis,
2941 5354 3146 5424 rarum
3162 5339 3406 5424 virtutis
3432 5285 3665 5398 gellicas
3694 5340 4046 5424 exemplum
4077 5343 4091 5400 Ξ
4120 5359 4158 5400 o

808 5406 925 5483 ('69)
992 5412 1176 5483 Ἐγγύς
1238 5430 1339 5463 που
1413 5415 1559 5486 γοῦξν,
1607 5413 1897 5486 γενόμενος.
1969 5410 2243 5486 Namque
2311 5406 2407 5486 die
2521 5424 2573 5465 ai

2393 5425 2407 5465 ξ
2521 5410 2760 5467 animos
2785 5406 3114 5486 eternitate
3141 5411 3378 5482 dignos,
3433 5429 3646 5486 quam,
3681 5413 3811 5486 sibi,
3851 5406 3967 5486 ipsi
4039 5431 4158 5473 sua

731 5479 916 5542 ter'tio-
948 5479 1192 5556 superat
1237 5481 1457 5538 montis
1498 5479 1736 5551 Olympi
1779 5479 2111 5548 angustias,
2144 5479 2297 5552 ’quaa
2341 5481 2405 5538 in
2518 5487 2708 5538 morte
2737 5498 3051 5556 perperere
3087 5483 3161 5539 lo
3211 5479 3322 5540 cor
3409 5479 3478 5542 ra
3543 5485 3725 5542 cedro
3779 5479 3973 5556 digna
4111 5503 4151 5544 ο

731 5559 1066 5611 maximam
1111 5560 1399 5611 porrectas
1441 5551 1886 5611 longitudinem
1944 5552 2282 5611 Bithvniam
2343 5557 2400 5610 et
2513 5553 2727 5611 plagas
2748 5554 2882 5610 illas
2914 5555 3096 5611 stellis
3126 5555 3274 5611 ipsis
3307 5499 3654 5611 iﬁgstriores
3690 5555 3768 5611 ιῶ
3800 5567 3898 5611 τῆς
3951 5560 4151 5611 φύσεως

724 5551 1066 5632 maximam
1111 5560 1399 5628 porrectas
1441 5551 1886 5632 longitudinem
1930 5551 2282 5632 [Bithyniam
2343 5557 2400 5610 et
2511 5551 2882 5632 plagas—illas
2908 5555 3100 5632 stellis
3126 5555 3274 5629 ipsis
3307 5551 3654 5632 illustriores
3690 5555 3768 5632 (ὦ
3800 5551 3898 5620 τῆς
3951 5560 4158 5632 φύσεως

719 5631 1048 5708 Phrygiam
1078 5623 1399 5708 u'tramgue
1431 5625 1878 5708 disterminant,
1925 5623 2026 5680 illa
2055 5623 2260 5708 versus
2310 5642 2397 5708 se-
2507 5623 2878 5708 ξηρά-σάτυροι
2908 5627 2920 5684 Ι
2950 5628 3104 5708 mori
3143 5623 3488 5708 potuerunt.
3549 5631 3706 5688 vinci
3764 5635 3869 5687 aut
3911 5623 4154 5704 pedem

713 5697 1123 5778 ptenlrionem
1164 5697 1525 5778 declinante,
1584 5697 1698 5778 his
1727 5712 1939 5752 versus
1986 5697 2303 5778 meridiem
2334 5703 2394 5778 et
2501 5697 2866 5778 referrepon
2895 5697 3238 5778 potuerunt.
3273 5703 3415 5778 ALL.

712 5769 993 5837 austrum
1016 5775 1145 5833 sitis
1174 5789 1190 5842 ;
1213 5788 1338 5847 quo
1359 5771 1458 5829 die
1485 5769 1809 5828 undecimo
1830 5785 1972 5826 cum
1989 5771 2382 5845 pervenisset,
2569 5770 2689 5849 (73)
2714 5769 3029 5847 Gregdras,
3058 5789 3117 5849 p.
3152 5776 3243 5832 20.
3273 5777 3410 5832 ALL.
