4470 6452
299 392 459 446 1005

1799 392 2139 448 ANNALES.

3540 397 3680 452 1006

302 516 330 565 ό
401 517 490 586 μεν
550 514 769 566 σουλτὰν
836 516 1026 588 κορύνῃ
1102 515 1237 564 κατὰ
1287 512 1506 583 κεφαλῆς
1561 513 1770 571 πλήττει
1820 519 1909 568 τὸν
1943 515 2067 571 Aft

1943 518 1991 570 A
2021 515 2224 582 fultus,
2251 521 2479 573 erectus
2503 518 2824 590 strictoque
2849 517 3049 588 gladio
3083 517 3304 573 sultani
3331 518 3469 574 inde
3497 535 3689 578 rever-

305 601 550 674 βασιλέα,
601 608 690 654 καὶ
743 607 919 654 πίπτει
965 610 1054 653 τοῦ
1107 603 1265 652 ἵππου
1303 622 1314 633 ·
1362 599 1419 659 ἦν
1473 605 1574 675 γὰρ
1640 612 1699 675 τῇ
1779 603 1907 676 βολῇ

307 688 731 752 σκοτοδινιάσας.
765 687 1158 762 Συνεμποδίσθη
1189 693 1314 763 γὰρ,
1346 693 1414 749 ὡς
1464 711 1612 762 φασι,
1669 700 1729 764 τῇ
1779 691 1907 765 βολῇ

302 782 448 831 καὶὸ
482 782 656 843 ἵππος,
710 781 802 832 οὑκ
848 776 949 831 οἷδ’
1003 779 1046 830 εἰ
1081 784 1170 830 καὶ
1229 781 1413 830 τούτου
1468 776 1713 854 δευτέραν
1771 784 1912 856 παρὰ

303 876 398 919 τοῦ
449 869 668 921 σουλτὰν
724 868 962 928 λαϐόντος
1005 868 1232 938 πληγήν.
1269 866 1403 930 Ἐξω
1459 865 1508 920 δ’
1567 866 1654 921 οὖν
1707 879 1798 921 τοῦ
1832 872 1911 921 ἰπ-

302 977 406 1008 που
439 960 464 1008 ό
507 957 756 1030 βασιλεὺς
792 962 1060 1028 γενόμενος
1109 961 1199 1008 καὶ
1240 957 1344 1008 οἷον
1382 957 1603 1030 ῥωσθεὶς
1644 961 1743 1010 ὑπὸ
1786 961 1912 1011 θειοο

303 1050 454 1118 τέρας
485 1043 774 1118 δυναμεως,
803 1045 885 1098 ἐπὶ
915 1042 1084 1107 πόδας
1119 1047 1328 1105 σταθεὶς
1378 1050 1472 1103 τήν
1501 1048 1706 1104 σπάθην
1743 1045 1912 1115 ἐξάγει

301 1144 395 1186 τοῦ
450 1135 680 1201 κουλεοῦ,
708 1142 797 1188 καὶ
855 1143 946 1187 τοῦ
989 1135 1208 1187 σουλτὰν
1253 1131 1451 1187 ἐνθένδε
1483 1141 1793 1208 στραφέντος
1824 1142 1917 1192 καὶ

302 1211 624 1297 ύϐριστικῶς
664 1225 972 1287 ἐπειπόντος,
1015 1247 1042 1273 ‹‹
1087 1223 1282 1278 Λάϐετε
1333 1229 1556 1287 τουτονὶ,
1619 1248 1646 1274 ››
1696 1227 1912 1284 πλήττει

301 1320 421 1375 τοὺς
450 1316 721 1377 ὀπισθίους
766 1313 932 1375 πόδας
971 1324 1066 1377 τῆς
1115 1322 1206 1367 τοῦ
1241 1314 1459 1368 σουλτὰν
1493 1316 1652 1367 ἵππου
1685 1317 1710 1367 ὁ
1752 1315 1908 1387 βασι-

300 1406 418 1466 λεύς
456 1425 467 1436 ·
524 1404 724 1464 θηλείας
771 1401 830 1456 δέ
887 1403 1142 1475 ἐπωχεῖτο
1174 1409 1262 1455 καὶ
1311 1404 1709 1477 ὑπερμεγέθους.
1742 1404 1828 1466 Ὠς
1859 1405 1914 1457 ἐκ

301 1497 508 1566 πύργου
550 1502 671 1564 γοῦν
703 1495 728 1545 ὁ
762 1493 982 1545 σουλτὰν
1030 1492 1429 1560 καταϐάλλεται,
1485 1498 1575 1544 καί
1618 1496 1666 1545 οἱ
1723 1494 1914 1566 αἰφνή-

307 1579 401 1634 δόν
444 1583 557 1652 (74)
615 1584 643 1639 ἡ
697 1581 885 1654 κεφαλή
944 1580 1300 1653 ἀπονέμνεται,
1350 1587 1481 1652 μήτε
1524 1589 1615 1633 τοῦ
1657 1581 1917 1653 βασιλέως

302 1677 510 1743 γνόντος
560 1671 680 1743 μήθ’

302 1764 451 1833 παρὰ
474 1769 564 1813 τοῦ
613 1766 1057 1833 κεκαρατόμηται.
1099 1766 1239 1830 Νικᾴ
1293 1768 1418 1831 γοῦν
1458 1759 1681 1813 ἐντεῦθεν
1735 1762 1760 1812 ὁ
1816 1759 1915 1833 βα-

762 1671 929 1745 ἐτέρου
985 1678 1086 1722 τῶν
1142 1675 1519 1744 συμπαρόντων
1576 1679 1649 1741 τῷ
1706 1670 1918 1742 βασιλεῖ

2021 605 2509 679 si,injurioseque
2531 606 2966 664 conclamantis
2982 629 3008 656 «
3026 607 3226 678 Capite
3244 607 3426 672 hunc,
3451 631 3472 658 ι
3495 615 3688 681 poste-

2024 693 2210 748 riores
2237 709 2430 765 equae,
2487 711 2611 768 qua
2665 696 2918 752 immani
2967 694 3060 750 ille
3111 694 3462 763 vehebatur,
3505 697 3690 768 pedes

2026 779 2218 836 caedit.
2277 781 2541 853 Indeque
2609 787 2858 855 tanqum
2910 798 2940 838 e
3002 782 3147 838 turri
3199 781 3410 853 dejecti
3468 784 3688 842 sultani

2021 875 2205 942 caput
2234 872 2502 927 humeris
2535 874 2828 932 avellitur:
2853 890 2888 929 a
2913 888 3183 945 quonam
3197 873 3686 932 veroabscissum

2022 959 2114 1024 sit,
2148 975 2344 1031 neque
2371 960 2696 1033 imperator
2726 962 2854 1033 ipse
2885 977 3081 1034 neque
3105 977 3176 1016 ex
3205 961 3277 1016 iis
3305 962 3409 1034 qui
3435 962 3687 1020 aderant

2020 1048 2323 1119 quispiam
2352 1050 2674 1120 perspexit.
2701 1050 3012 1106 Potissima
3038 1051 3239 1122 itaque
3265 1051 3356 1105 sui
3385 1056 3548 1121 parte
3579 1052 3684 1108 de-

2019 1135 2207 1189 victus
2215 1151 2375 1204 ,cum
2392 1136 2542 1193 ultra
2553 1137 2832 1209 progredi
2845 1154 2982 1193 cum
2996 1137 3261 1193 millibus
3272 1137 3439 1193 haud
3456 1144 3684 1210 posset,

2019 1220 2344 1294 imperator
2373 1224 2607 1280 devicit.
2658 1226 2800 1281 Hinc
2843 1226 3122 1282 relaxatis
3163 1226 3381 1282 animis
3431 1229 3684 1286 Romani

2021 1312 2405 1384 respirarunt.
2431 1316 2719 1386 Perpetuo
2741 1330 3005 1387 namque
3027 1314 3381 1371 Musulmani
3406 1332 3546 1371 cum
3572 1320 3680 1374 Ro-

2023 1401 2240 1470 manis,
2290 1417 2608 1474 nunquam
2657 1403 3060 1459 rescindendo
3120 1403 3396 1460 amicitiaa
3459 1403 3682 1461 foedere

2025 1489 2229 1545 sociati
2254 1495 2392 1546 sunt
2421 1510 2431 1558 ;
2457 1508 2578 1563 quo
2609 1507 2645 1547 a
2665 1492 2909 1548 Persicis
2941 1493 3162 1564 pugnis
3192 1492 3343 1548 liber
3362 1492 3686 1565 imperator

2026 1577 2305 1634 Italorum
2323 1579 2540 1651 prmliis
2558 1580 2818 1636 animum
2841 1580 3209 1636 advertebat.
3229 1583 3594 1654 Comprehen
3605 1582 3690 1638 dit

2025 1671 2084 1721 et
2108 1683 2384 1722 socerum
2415 1667 2686 1724 Alexium
2717 1669 2777 1724 in
2803 1669 2951 1738 acie,
2993 1686 3176 1741 quem
3224 1670 3428 1726 debito
3459 1671 3690 1727 honore

2026 1755 2307 1812 affectum
2339 1757 2595 1814 Nicaeam
2623 1758 2774 1814 cond
2787 1759 3410 1832 uxit,insignibusque
3439 1760 3693 1833 impera-

306 1850 481 1910 σιλεύς
509 1853 567 1902 τό
593 1850 834 1902 πλεῖστον
887 1848 1228 1922 ἐξηττήμένος
1262 1871 1274 1882 -
1313 1846 1437 1901 οῦδὲ
1477 1853 1578 1922 γὰρ
1639 1847 1776 1920 εἶχεν
1832 1849 1914 1902 ἐπὶ
1952 1874 1995 1927 Β
2028 1850 2071 1902 ι(

1952 1874 1995 1927 Β
2028 1846 2188 1902 toriis
2253 1847 2368 1916 20
2426 1847 2750 1917 spoliatum
2804 1847 2866 1902 in
2905 1847 3223 1920 Hyacinthi
3257 1851 3691 1906 monasterium

301 1941 372 1991 τὰ
454 1944 636 2012 πρόσω
731 1946 925 2013 χωρεῖν
1010 1941 1141 2011 μετὰ
1221 1943 1440 2011 μετρίων
1520 1936 1910 2011 ἐλλελειμμένος.
2023 1952 2066 1990 rt

2023 1935 2330 2005 relegavit,
2371 1935 2474 1991 ubi
2513 1940 2570 1992 et
2599 1937 2758 1992 diem
2811 1953 2989 1992 suum
3019 1937 3184 1994 obiit.
3245 1939 3476 2009 Conjux
3533 1939 3691 1996 illius

302 2035 468 2082 Τοῦτο
515 2036 628 2089 τοῖς
673 2028 949 2100 Ῥωμαίοις
997 2031 1111 2099 (75)
1185 2025 1464 2098 ἀναψυχῆς
1531 2027 1726 2098 ἐγένετο
1792 2032 1913 2100 πρὸ·
2025 2028 2064 2081 Ε

2025 2026 2420 2098 Euphrosyne
2446 2027 2506 2081 in
2547 2030 2688 2083 Arta
2720 2027 2888 2095 urbe,
2921 2027 2983 2083 in
3031 2043 3155 2100 qua
3199 2031 3258 2084 et
3304 2028 3542 2101 sepulta
3580 2033 3686 2106 est,

303 2137 464 2190 φασις
515 2139 527 2151 ·
573 2114 806 2177 σπονδὰς
859 2121 958 2190 γὰρ
1029 2116 1253 2168 ἐντεῦθεν
1319 2115 1611 2190 ἀρρήκτους
1667 2119 1714 2168 οἱ
1770 2123 1919 2183 Mor»,
2023 2132 2068 2170 VL

683 2114 806 2177 νδὰς
859 2121 958 2190 γὰρ
1029 2116 1253 2168 ἐντεῦθεν
1319 2115 1611 2190 ἀρρήκτους
1667 2119 1714 2168 οἱ
1770 2123 1919 2183 Mor»,
2023 2115 2147 2170 vita
2178 2114 2448 2170 excessit.

305 2207 589 2279 σουλμάνοι
618 2210 750 2279 μετὰ
771 2206 1036 2278 Ῥωμαίων
1059 2205 1332 2263 ἐποίησαν.
1359 2205 1616 2258 Ἐντεῦθεν
1636 2214 1726 2265 τῆς
1748 2204 1913 2258 ἐκεῖσε
1934 2207 2117 2276 μάχης
2139 2202 2428 2277 ἐκεχειρίαν
2451 2205 2607 2275 ἔσχεν
2630 2206 2655 2256 ὁ
2685 2203 2959 2276 βασιλεὺς,
2985 2212 3095 2266 τοῖς
3124 2201 3173 2258 δ’
3200 2205 3405 2258 Ἰταλῶν
3436 2207 3682 2280 πολέμοις

303 2295 975 2371 ἐσχόλαζεν,Προσελάϐετο
999 2291 1057 2348 δὲ
1073 2297 1188 2366 (76)
1201 2300 1289 2347 καὶ
1306 2298 1391 2346 τὸν
1409 2297 1647 2367 πενθερὸν
1661 2295 1818 2346 αὐτοῦ
1831 2298 1917 2347 τὸν
1932 2293 2156 2367 βασιλέα
2174 2292 2394 2355 Ἀλέξιον
2413 2293 2462 2344 ἐν
2479 2301 2540 2352 τῆ
2566 2296 2720 2367 μάχῃ
2745 2296 2902 2368 εύρὼν
2925 2300 3014 2347 καὶ
3026 2298 3092 2347 τὰ
3108 2295 3284 2348 εἰκότα
3295 2297 3418 2367 τιμή
3430 2316 3544 2363 σας,
3557 2295 3691 2356 ἀπή·-

515 2139 527 2151 ·
573 2114 806 2177 σπονδὰς
859 2121 958 2191 γὰρ
1029 2116 1253 2168 ἐντεῦθεν
1319 2115 1611 2190 ἀρρήκτους
1667 2119 1714 2168 οἱ
1770 2123 1919 2183 Mor»,

301 2390 433 2456 γαγέ
453 2406 505 2438 τε
527 2385 596 2447 εἰς
623 2391 867 2456 Νίκαιαν,
893 2390 982 2437 καί
999 2393 1096 2436 τῶν
1117 2383 1406 2457 βασιλικῶν
1424 2390 1755 2457 παρασήμων
1779 2380 2008 2445 ἐκδύσας
2031 2382 2078 2434 ἐν
2101 2391 2161 2455 τῇ
2183 2391 2273 2434 τοῦ
2295 2382 2564 2435 Ὑακίνθου
2587 2391 2715 2455 μονῇ
2743 2381 2943 2455 διάγειν
2965 2383 3246 2452 ἐκέλευσεν,
3271 2387 3392 2437 ἔνθα
3413 2390 3502 2438 καὶ
3534 2388 3691 2444 θνήσ-

302 2494 382 2527 κει
411 2496 423 2508 .
458 2478 487 2533 ἡ
521 2479 622 2548 ,γὰρ
657 2476 886 2546 σύζυγος
915 2475 1075 2527 αὐτοι)
1105 2474 1410 2546 Εὐφροσύνη
1443 2475 1554 2545 (77)
1575 2472 1624 2525 ἐν
1654 2482 1715 2546 τῇ
1750 2482 1846 2536 τῆς
1876 2472 2075 2546 Ἀρτής
2113 2471 2410 2529 ἐτελεύτησε
2439 2477 2614 2547 χώρᾳ,
2647 2475 2769 2525 ἔνθα
2809 2479 2896 2526 καὶ
2923 2475 2947 2526 ὀ
2975 2477 3145 2548 νεκρὸς
3195 2474 3358 2537 αὐτῆς
3408 2477 3681 2534 κατετέθη.

378 2563 460 2619 ια’.
525 2568 843 2638 Περιεγένετο
876 2560 935 2616 δὲ
965 2568 1052 2616 καὶ
1111 2565 1136 2614 ό
1189 2561 1442 2635 βασιλεὺς
1501 2561 1777 2636 Θεόδωρος
1833 2568 1923 2615 καὶ
2106 2563 2130 2616 1

2106 2563 2160 2616 11
2205 2560 2544 2631 Proﬂigavit
2582 2561 2866 2635 deinceps
2910 2563 3236 2636 imperator
3261 2564 3606 2620 Theodorus
3637 2569 3694 2622 et

2035 2650 2320 2706 Davidem
2348 2649 3134 2722 PaphlagoniaaNdominum,
3170 2652 3312 2708 etin
3338 2657 3695 2726 potestatem

2031 2739 2248 2810 redigit
2296 2737 2659 2806 Heracleam,
2719 2741 3064 2808 Amastrim,
3099 2745 3232 2798 loca
3261 2742 3322 2798 in
3385 2743 3470 2798 eis
3515 2748 3696 2816 atque

2031 2827 2324 2901 oppidula
2346 2829 2570 2884 omnia.
2587 2831 2845 2884 Rursum
2869 2846 3080 2886 cursus
3105 2832 3392 2887 orationis
3416 2832 3476 2887 id
3498 2836 3702 2905 postu-

2030 2917 2112 2974 lat
2145 2922 2210 2974 ut
2248 2933 2385 2990 quae
2439 2921 2609 2990 gesta
2661 2922 2800 2974 sunt
2854 2918 2913 2974 in
2945 2919 3252 2976 occidente
3283 2937 3600 2978 enarrem:
3631 2925 3698 2979 ut

307 2987 744 3085 συγγράψασθαι.
809 2987 890 3082 [Ρ.
959 3014 1040 3077 10]
1088 3007 1198 3062 Ἰνα
1229 3005 1288 3061 δέ
1314 2987 1403 3082 μοι
1451 3011 1479 3067 ἡ
1540 2987 1752 3082 ’ἱστορία
1813 3017 1924 3072 τοῖς
1963 2987 2072 3062 CVt

1963 2987 2003 3042 (ἶ
2031 3024 2170 3063 vero
2189 2987 2745 3064 historia'omnibus
2765 3009 3084 3082 perspicua
3106 3009 3199 3081 sit,
3224 3025 3423 3084 pauca
3446 3011 3697 3084 quidem

303 2661 398 2704 τοῦ
436 2662 530 2714 τῆς
589 2654 946 2726 Παφλαγονίας
1013 2653 1126 2724 (78)
1183 2661 1496 2726 κρατοῦντος
1549 2649 1732 2718 Δανῖδ,
1833 2657 1922 2705 καὶ

311 2743 604 2815 Ηράκλειαν
687 2747 1055 2815 παρεστήσατο
1128 2747 1217 2794 καὶ
1296 2740 1595 2815 Ἀμαστριν
1675 2747 1766 2794 καὶ
1826 2746 1919 2800 τὴν

305 2839 484 2884 πᾶσαν
534 2831 684 2906 πέριξ
712 2839 897 2906 χώραν
927 2837 1016 2883 καὶ
1073 2832 1139 2883 τὰ
1188 2830 1458 2902 πολίχνια.
1510 2831 1670 2882 Πάλιν
1717 2827 1774 2882 δὲ
1832 2851 1922 2902 μοι

303 2925 370 2974 τὰ
400 2931 497 2982 τῆς
527 2924 761 2994 ἱστορίας
809 2919 1056 2993 βούλεται
1085 2923 1149 2972 τὰ
1210 2919 1258 2971 ἐν
1311 2929 1370 2992 τῇ
1414 2920 1609 2993 ἑσπέρᾳ
1657 2919 1921 2991 ξυμϐάντα

302 3107 467 3154 πᾶσιν
524 3104 810 3170 εὔγνωστός
869 3103 966 3169 εἴη,
1026 3095 1141 3152 δέον
1200 3098 1332 3170 ὀλίγ’
1393 3100 1526 3151 ἄττα
1577 3097 1917 3172 προεξειπεῖν.

375 3197 479 3243 Τοῦ
551 3187 811 3261 βασιλέως
879 3189 1148 3242 ’Ῑσαακίου
1198 3196 1294 3249 τῆς
1366 3191 1756 3240 Κωνσταντίνου
1806 3186 1922 3260 (79)

2032 3096 2414 3171 praedicenda
2436 3101 2594 3153 sunt.

2103 3188 2251 3243 Cum
2301 3185 2627 3258 imperator
2671 3185 2934 3244 Isaacius
3007 3203 3136 3245 rem
3202 3193 3434 3261 regeret
3505 3190 3697 3264 Cpoli-

1201 3303 1545 3371 Theodori
1597 3304 1846 3371 Dousae
1895 3311 1962 3370 et
2010 3301 2257 3372 Leonis
2308 3301 2539 3370 Allatii
2589 3311 2793 3371 notae.

379 3450 495 3524 (74)
526 3454 626 3530 Καί
674 3445 1041 3530 οξιαίφνηδόν.
1094 3451 1386 3530 Gregoras
1437 3451 1662 3530 tamen,
1719 3464 1792 3530 p.‘
1826 3449 1917 3517 2t,

307 3518 396 3603 ait
419 3518 601 3603 caput
625 3518 849 3603 s‘ultani
897 3526 1247 3603 amputasse
1272 3519 1677 3603 .Theodoru‘m,
1723 3518 1918 3603 idque

305 3591 559 3650 hastain
587 3593 774 3649 altum
797 3591 1016 3648 elatum
1042 3591 1316 3649 barbaris
1343 3591 1700 3646 exercitibus
1722 3597 1919 3646 osten-

307 3667 499 3722 disse.
537 3670 672 3720 ALL.

380 3736 495 3810 (75)
564 3743 726 3789 Τοῦτο
798 3743 907 3797 τοῖς
976 3734 1267 3806 Ῥωμαίοις.

308 3811 446 3864 ALL.

403 3883 492 3950 76)
526 3877 879 3952 Προσελάϐετο
918 3875 996 3931 δὲ.
1029 3879 1343 3952 Gregoras,
1377 3892 1435 3952 p.
1478 3879 1567 3931 2t.
1604 3880 1736 3952 ALL.

402 3946 492 4022 77)
540 3946 865 4024 Εῧφροσύνή.
903 3953 1062 4024 ΑΕΙἭΪ
1113 3949 1264 4024 virili
1321 3946 1525 4024 animo
1576 3948 1806 4014 mulier,
1841 3946 1919 4024 ab

304 4019 439 4095 ipsa
471 4019 684 4078 natura
704 4021 1258 4095 dicendisuavitate
1282 4027 1335 4095 e_t
1352 4021 1816 4095 leporeornata,
1841 4019 1918 4072 ad

307 4090 626 4168 praesentia
644 4095 865 4168 optime
885 4092 1364 4168 administranda
1385 4098 1440 4144 et
1463 4091 1538 4144 ad
1560 4090 1758 4168 futura
1788 4106 1916 4168 pro-

306 4163 566 4221 videntia
585 4163 991 4228 solértissima,
1013 4163 1141 4218 aliis
1171 4165 1350 4217 rebus
1381 4163 1676 4216 teterrima
1699 4164 1875 4232 pestis
1904 4179 1915 4215 :

306 4244 520 4310 praeter
550 4239 708 4310 enim
766 4235 1127 4310 exquisitum
1168 4239 1444 4304 ornatum
1488 4234 1788 4310 et_luxum
1834 4249 1918 4287 re-

307 4304 494 4380 gium,
519 4315 574 4363 et
590 4309 648 4363 in
670 4304 960 4362 mutando
978 4311 1217 4380 recepto
1238 4311 1394 4380 statu
1413 4312 1468 4359 et
1491 4304 1669 4380 rebus
1694 4320 1917 4380 novan-

306 4376 418 4446 dis,
440 4381 660 4452 quibus
684 4376 1327 4452 maritumsuperabat,
1350 4377 1587 4452 ingenio
1603 4376 1915 4452 impudici-

305 4454 401 4508 tiae
428 4446 650 4524 p'robro
683 4456 863 4524 atque
892 4446 1438 4524 infaniiainaritum
1457 4446 1914 4524 dehonestabat.

309 4520 444 4578 Huic
475 4524 673 4598 itaque
700 4520 915 4598 limites
946 4520 1280 4598 transiliens
1312 4525 1369 4598 et
1398 4520 1916 4598 superiorum-Au-

307 4590 622 4666 gustarum
647 4593 918 4666 instituta.
941 4597 1331 4666 contemnens
1352 4590 1671 4666 imperium
1690 4590 1747 4644 in
1765 4590 1917 4666 duos

305 4661 902 4745 principatusdivisit
936 4679 1167 4734 :neque
1206 4663 1366 4718 enim
1390 4663 1714 4787 imperator
1738 4661 1916 4742 quid:

306 4738 448 4787 miid
497 4744 623 4787 erat
660 4737 894 4787 libitum
927 4734 1276 4787 mandabat.
1322 4733 1426 4787 sed
1458 4749 1470 4787 i
1501 4734 1555 4787 la
1576 4738 1756 4787 etiam
1789 4748 1916 4787 Dari

306 4733 448 4811 quid
497 4733 623 4811 erat
660 4736 894 4811 libitum
927 4733 1276 4804 mandabat,
1322 4733 1426 4811 sed
1458 4733 1555 4811 illa
1576 4733 1756 4811 etiam
1789 4733 1917 4798 pari

307 4804 654 4865 auctoritate
667 4824 804 4878 quae
819 4807 949 4861 visa
965 4812 1134 4878 erant
1146 4805 1493 4878 peragebat,
1508 4805 1630 4859 imo
1641 4804 1917 4878 aliquan-

307 4824 654 4865 auctoritate
712 4824 1916 4878 uaeVisaerantperagenat,imoaiiquan-

307 4881 386 4952 do
416 4896 526 4952 pro
555 4824 934 4952 suaqibidine
974 4877 1129 4952 illius
1163 4878 1360 4952 jussis
1398 4875 1820 4952 intercedebat.
1855 4879 1916 4930 In

306 4947 709 5022 legationibus
736 4948 1049 5022 audiendis
1070 4947 1192 5005 duo
1217 4949 1478 5021 pretiosa
1501 4947 1648 5022 sol_ia
1669 4947 1918 5022 conjun-

308 5018 624 5098 ge'bantur,
652 5028 713 5098 et
733 5021 834 5098 illa
857 5021 1071 5098 marito
1094 5018 1234 5098 cum
1257 5018 1826 5098 magnosplendore
1849 5034 1917 5098 ac

307 5092 463 5168 pileo
487 5095 741 5164 gemmis
760 5097 814 5148 et
828 5092 1160 5168 perspicuis
1186 5092 1525 5168 margaritis
1546 5094 1758 5168 ornato
1777 5092 1919 5144 assi-

307 5161 513 5242 debat;
539 5161 857 5242 attorques
882 5161 1345 5242 pretiosissimas
1373 5161 1633 5242 detcollo
1666 5177 1917 5242 suspen-

307 5232 509 5315 debat.
527 5244 564 5315 ᾼ
577 5232 866 5315 liquando
881 5232 1279 5315 etiaminaliis
1293 5232 1631 5315 palatiissej
1644 5232 1920 5315 uncti‘per

306 5312 467 5366 vices
485 5303 1181 5378 adorabantur,subditis
1195 5307 1272 5362 ab
1291 5303 1648 5378 imperatore
1661 5303 1739 5378 ad
1757 5303 1920 5378 illam

308 5380 683 5438 salutandam
700 5385 829 5434 tran
842 5375 1150 5434 se'untibus
1167 5375 1428 5447 etgeniia
1453 5377 1806 5449 submissius
1822 5375 1922 5449 fle-

307 5450 1108 5509 ctentibus.Nonnullietiam
1144 5449 1523 5522 imperatoris
1557 5448 1922 5522 consangui-

308 5525 427 5594 nei,
447 5526 548 5597 qui
572 5539 846 5597 summos
862 5521 1245 5597 magistratus
1260 5521 1566 5590 gerebant,
1593 5521 1922 5597 imperatri-

309 5597 396 5653 cis
415 5592 769 5664 splendidas
793 5600 850 5650 et
874 5594 1026 5649 altas
1048 5593 1284 5650 lecticas
1307 5599 1600 5664 tanquam
1622 5592 1924 5664 mancipia

310 5663 614 5724 subibant.
650 5670 730 5723 Ex
754 5667 1043 5722 Clioniata
1070 5667 1131 5721 in
1156 5665 1358 5722 Alexio
1391 5663 1717 5722 Comneno.
1753 5663 1854 5719 lib.
1883 5681 1920 5718 i.

313 5747 446 5798 ALL.

1350 3698 1660 3805 G'regoras,
1714 3751 1773 3806 p.
1827 3738 1884 3789 2t
1903 3775 1915 3789 .

2029 3447 2213 3573 Α(78)
2270 3452 2373 3499 Τοῦ
2435 3454 2524 3507 τῆς
2599 3443 2981 3520 Παφλαγονίας.
3047 3447 3190 3505 Vide
3265 3464 3450 3523 supra
3520 3465 3574 3507 c.
3628 3455 3684 3506 7.

2078 3535 2159 3573 LL.

2078 3535 2159 3573 LL.

2100 3590 2208 3661 (79)
2313 3589 2601 3663 Ἰσαακίου-
2688 3597 2779 3642 τοῦ
2887 3595 3299 3663 Κωνσταντίνου.
3382 3593 3507 3663 Hic,
3584 3593 3686 3650 de-

2026 3660 2232 3717 functa
2265 3677 2475 3733 uxore,
2512 3661 2660 3717 Belae
2701 3661 2974 3730 Ungariae
3012 3663 3168 3733 regis
3197 3662 3383 3719 ﬁliam
3414 3660 3687 3722 nondum

2027 3748 2220 3816 annos
2245 3731 2454 3787 decem
2488 3737 2694 3816 natam
2721 3748 2827 3804 per
2880 3731 3109 3814 legatos
3153 3734 3365 3816 ambit.
3400 3737 3690 3816 sumptus

2026 3804 2394 3876 nuptiarum,
2429 3819 2503 3876 ne
2538 3803 2969 3876 ﬁscipecunia
3022 3806 3081 3860 in
3133 3805 3311 3861 simili
3349 3803 3690 3864 celebritate

2027 3874 2415 3948 minueretur,
2452 3874 2530 3948 ab
2561 3874 2815 3948 urbibus
2847 3881 2902 3932 et
2931 3876 3255 3948 provinciis
3307 3877 3534 3933 aﬁ‘atim
3566 3879 3688 3934 exi-

2030 3946 2150 4014 git:
2194 3946 2295 4001 sed
2343 3946 2633 4002 Anchialo
2676 3945 2965 4018 finitimas
3009 3949 3338 4018 praesertim
3395 3948 3600 4005 afﬂixit
3634 3955 3691 4005 et

2031 4018 2216 4094 Haami
2265 4018 2485 4094 montis
2531 4017 2901 4094 _accolas,_oi
2962 4017 3138 4071 Μυσοὶ
3195 4025 3455 4094 πρότερον,
3493 4022 3692 4094 ὠνομάτ-

2031 4089 2201 4157 ζοντο,
2228 4093 2337 4140 νυνὶ
2384 4085 2442 4141 δὲ
2493 4089 2692 4160 Βλάχοι
2738 4090 3132 4156 κικλήσκονται,
3164 4085 3244 4146 ait
3274 4085 3688 4148 Choniatain

2030 4161 2194 4232 prius
2217 4161 2726 4232 etiamﬂRomanis
2768 4161 3004 4227 infensi,
3055 4179 3160 4232 per
3208 4179 3456 4217 causam
3490 4164 3689 4220 abacti

2029 4231 2260 4303 pecoris
2291 4237 2346 4286 et
2366 4231 2511 4286 alias
2533 4231 2874 4287 vexationes
2905 4231 3102 4303 aperte
3127 4232 3434 4291 deficiunt.
3468 4242 3688 4292 Aucto—

2029 4302 2122 4358 res
2163 4302 2510 4358 defectionis
2543 4303 2706 4358 fuere
2737 4302 3029 4359 Petrus’et
3067 4305 3288 4359 Alanus
3337 4305 3570 4363 fratres.
3608 4311 3687 4363 Ne

1958 4395 1999 4447 ι)
2032 4380 2232 4447 tamen
2275 4376 2403 4428 sine
2451 4391 2634 4429 causa
2681 4391 2773 4429 res
2827 4392 3015 4430 novas
3073 4377 3266 4431 moliri
3321 4378 3686 4445 viderentur,

2031 4446 2193 4521 apud
2222 4448 2553 4521 _Cup_1'essos
2602 4447 3024 4521 imperatorem
3075 4447 3319 4512 adeunt,
3352 4454 3688 4521 rogantque

2029 4516 2461 4592 utlegionihus
2492 4516 2778 4592 Romanis
2828 4523 3269 4592 aversarentur,
3304 4525 3359 4574 et
3389 4516 3689 4592 praedium

2030 4589 2226 4659 exigui
2257 4588 2480 4643 reditus
2521 4589 2577 4643 in
2613 4591 2816 4644 Haemo
2839 4595 3041 4645 monte
3083 4589 3197 4645 sibi
3250 4588 3685 4660 assignaretur.

2030 4663 2107 4715 Re
2137 4675 2259 4715 non
2304 4663 2643 4731 impetrata,
2672 4665 2737 4715 ut
2765 4662 3109 4732 contempti,
3143 4661 3536 4719 defectionem
3577 4663 3691 4719 do-

2031 4748 2197 4804 mum
2213 4732 2430 4786 reversi
2447 4734 2834 4804 minantur,et
2857 4732 3237 4804 potissimum
3257 4737 3490 4790 Asanus
3505 4735 3691 4790 homo

2029 4803 2336 4877 audacior,
2365 4803 2470 4877 qui
2499 4819 2568 4858 eo
2621 4804 2765 4877 ipso
2802 4803 3069 4877 tempore
3099 4803 3213 4877 _ob_
3249 4805 3690 4877 impudentiam

2027 4874 2273 4930 Joannis
2307 4873 2802 4949 sebastocratoris
2832 4873 3005 4949 jussu
3025 4875 3292 4949 colaphis
3314 4873 3686 4949 impingitur.

2030 4945 2624 5020 contumeliisetiam
2647 4946 2855 5003 irritati
2883 4945 3282 5020 homines—isti
3325 4945 3536 5004 nefarii
3557 4965 3691 5020 gra-

2028 5018 2343 5073 vissimum
2420 5018 2480 5073 in
2541 5020 2842 5074 Romanos
2915 5018 3258 5076 incendium
3306 5018 3688 5078 suscitarunt.

2031 5089 2412 5163 B_u_lgari‘rei
2455 5087 2804 5163 difﬁcultate
2859 5091 3151 5163 perterriti
3208 5091 3286 5147 ab
3339 5109 3410 5148 eo
3468 5097 3690 5149 conatu

2030 5159 2454 5235 abhorrebant.
2491 5161 2635 5235 llinc
2676 5159 2904 5235 fratres,
2931 5165 2996 5217 ut
3041 5163 3437 5235 popularibus
3459 5168 3690 5220 metum

2031 5232 2380 5306 adimerent2
2433 5233 2546 5288 sub
2589 5232 3199 5306 Demetriimartyris
3249 5235 3494 5291 nomine
3548 5241 3691 5291 tem-

2031 5303 2196 5380 plum
2231 5276 2565 5380 zediiicant,
2584 5304 2645 5380 in
2690 5321 2812 5376 quo
2839 5276 3414 5380 multochoegerunt
3442 5308 3545 5380 qui
3573 5307 3692 5380 dae:

2031 5375 2343 5450 moniacos
2392 5376 2681 5450 exquisite
2713 5375 3159 5450 exprimerent,
3209 5375 3267 5434 et
3313 5375 3512 5434 furore
3577 5379 3694 5435 acti

2033 5447 2529 5520 proloquerenttir
2569 5447 2904 5505 libertatém
2954 5450 3224 5518 Bulgaris
3265 5452 3450 5506 Deum
3483 5467 3695 5506 conce-

2033 5519 2435 5592 de_1‘e,AChristi
2467 5525 2792 5592 martyrem
2829 5523 3192 5576 Demetrium
3217 5522 3490 5591 neglecta
3519 5523 3698 5578 Thes-

2035 5590 2302 5667 salonica
2330 5596 2387 5645 et
2437 5590 2880 5667 Romanorum_
2905 5590 3340 5650 consuetudine
3401 5594 3479 5667 ad
3530 5595 3699 5667 ipsos

2035 5663 2400 5737 pervenisse,
2429 5663 2777 5734 adjuturum
2809 5664 2884 5720 ad
2909 5682 3082 5737 opus.
3114 5667 3262 5721 Tum
3294 5682 3362 5722 ac
3412 5666 3459 5721 si
3484 5663 3700 5737 majori

2038 5684 2400 5736 pBI‘VBUlSSC,
2429 5684 2777 5734 adluxurum
2809 5684 2884 5720 aa
2909 5684 3082 5737 opus.
3124 5684 3143 5720 Ι
3163 5684 3262 5721 um
3294 5684 3362 5722 ac
3412 5684 3459 5721 Sl
3484 5684 3581 5721 ma
3610 5684 3700 5722 orl

2038 5734 2248 5808 spiritu
2304 5735 2652 5792 inﬂarentur
2719 5738 3304 5810 exagitarenturque,
3364 5684 3701 5811 majoribus
