4470 6452
822 401 956 455 1007

2098 392 2383 449 GEORGII
2409 392 2876 450 ACROPOLITE

4045 405 4190 459 1008

810 528 1033 582 tanam.
1060 534 1248 577 uxore
1275 517 1612 585 demortua,
1635 531 1825 588 quam
1846 531 2029 588 supra
2049 516 2331 572 diximus.
2359 517 2469 571 Un-
2502 516 2548 569 A

2425 531 2469 571 ι·
2502 516 2548 569 Α
2584 519 2962 592 κατάρχοντος,
2996 524 3083 573 καὶ
3123 531 3219 585 τῆς
3256 534 3489 597 γαμετῆς
3541 528 3802 587 θανούσης
3838 526 4018 592 αὑτοῦ,
4064 527 4190 595 ἠγά-

813 626 1027 683 garam
1062 611 1439 679 Ungarorum
1461 605 1748 679 principis
1773 605 1958 661 ﬁliam
2000 621 2251 662 uxorem
2280 604 2469 660 duxit.

812 701 962 756 Cum
996 699 1319 770 appararet
1346 693 1589 766 nuptias
1619 708 1846 765 easque
1879 692 2098 763 regias,
2140 691 2474 763 magniﬁcis

811 803 1055 862 quoque
1087 783 1431 857 sumptibus
1457 784 1742 840 decorare
1762 782 2043 840 decrevit.
2076 783 2220 839 Hinc
2256 798 2328 838 ex
2346 781 2474 838 uni-

812 892 987 933 versa
1008 879 1417 933 Romanorum
1446 872 1669 929 ditione
1698 872 1982 945 pecudes,
2012 888 2148 929 sues
2177 888 2247 928 ac
2287 872 2473 927 boves

816 964 1364 1037 congregabantur.
1397 961 1513 1020 Sed
1541 978 1681 1018 cum
1708 962 1929 1019 harum
1973 977 2173 1019 rerum
2200 960 2477 1033 Bulgaria

818 1056 1093 1114 omnium
1124 1052 1496 1110 feracissima
1535 1051 1632 1119 sit,
1677 1050 1940 1124 plurima
1992 1066 2237 1124 quoque
2279 1050 2358 1106 ab
2405 1064 2479 1106 ea

819 1143 1321 1219 deposcebantur.
1355 1140 1592 1212 Bulgari
1639 1144 1697 1197 et
1733 1145 1911 1197 antea
1957 1140 2203 1214 quidem
2249 1134 2478 1199 inimici

819 1234 1129 1304 Romanis,
1159 1232 1395 1304 illisque
1424 1229 1753 1288 multorum
1807 1229 2125 1298 bellorum,
2174 1231 2479 1303 captivita-

820 1328 970 1391 tum,
1003 1321 1373 1380 excidiorum
1402 1320 1645 1376 urbium
1675 1324 1732 1376 et
1756 1318 2012 1376 aliorum
2061 1324 2481 1377 sexcentarum

818 1411 1283 1469 infortuniorum
1309 1425 1414 1483 per
1433 1424 1627 1466 annos
1659 1408 1862 1481 plures
1885 1424 2090 1479 causa,
2123 1409 2367 1466 tandem
2404 1410 2483 1467 ab

815 1503 1180 1575 imperatore
1194 1499 1430 1570 Basilio,
1448 1516 1632 1573 quem
1645 1514 1768 1556 non
1787 1498 1968 1555 aliam
1983 1498 2063 1555 ob
2082 1515 2330 1556 causam
2352 1499 2483 1556 Bul-

816 1596 1205 1664 garoctonum
1240 1589 1456 1646 dictum
1477 1588 1634 1645 fama
1661 1593 1837 1661 atque
1861 1588 1912 1659 2
1927 1589 1969 1659 ι
1999 1588 2301 1645 auditione
2324 1605 2488 1646 acce-

813 1681 1038 1754 pimus,
1070 1678 1351 1735 debellati
1376 1678 1455 1735 ad
1479 1677 1861 1750 imperatoris
1892 1694 2087 1750 usque
2106 1678 2309 1734 lsaacii
2330 1683 2486 1735 tem-

812 1784 965 1842 pora
988 1768 1276 1825 Romanis
1307 1767 1529 1824 tributa
1556 1766 1925 1839 pendebant.
1957 1770 2104 1833 Tum
2130 1767 2210 1824 ob
2241 1783 2313 1825 ea
2346 1783 2482 1841 quae

2579 625 2698 677 γετο
2753 608 2820 669 εἰς
2897 618 3122 681 γυναῖκα
3176 618 3266 671 τὴν
3313 614 3373 671 ἢν
3418 621 3768 688 προειρήκειν,
3821 614 3871 678 ἐξ
3924 616 4192 687 Οὐγχριας

2582 696 2909 769 ὡρμημένην,
2970 701 3229 776 θυγατέρα
3282 700 3444 755 οὖσαν
3492 712 3585 757 τοῦ
3633 713 3734 756 τῶν
3795 706 4045 778 Οὔγγρων
4093 705 4191 775 ἀρ-

2581 803 2790 855 χοντος.
2817 786 2954 841 Ἐπεὶ
2999 785 3058 841 δι
3116 790 3284 862 ἔμελλε
3323 796 3409 844 τὸν
3456 796 3622 865 γάμον
3679 800 3843 845 ποιεῖν
3892 799 3982 844 καὶ
4021 794 4188 863 ὑπῆρ-

2582 892 2682 944 χον
2713 874 2865 939 οὗτος
2924 876 3223 949 βασιλικὸς,
3271 879 3520 953 ἀξιόλογα
3558 878 3666 934 ἔδει
3716 884 3953 953 γενέσθαι
4008 884 4190 932 τούτου

2583 964 2650 1015 τὰ
2707 963 3036 1039 ἀναλώματα.
3102 968 3361 1023 Ἐντεῦθεν
3417 970 3471 1035 ἐξ
3521 971 3735 1034 ἁπάσης
3793 979 3885 1032 τῆς
3924 971 4189 1042 Ῥωμαίων

2584 1050 2848 1127 ἕπαρχίας
2876 1056 3115 1129 πρόϐατά
3139 1077 3192 1111 τε
3221 1064 3311 1112 καὶ
3341 1067 3524 1135 χοῖροι
3570 1065 3661 1113 καὶ
3708 1059 3825 1133 βόες
3885 1064 4189 1131 συνήγοντο·

2582 1147 2724 1197 Ἐπεὶ
2755 1140 2815 1196 δε
2838 1144 2996 1198 πλείω
3042 1155 3141 1199 τῶν
3186 1147 3349 1200 ἄλλων
3384 1150 3414 1207 ἡ
3452 1149 3755 1222 Βουλγάρων
3802 1152 3973 1224 τρέφει
4003 1154 4192 1216 ταῦτα⁹

2587 1238 2676 1286 καὶ
2722 1234 2879 1287 πλείω
2926 1238 3070 1310 παρὰ
3128 1240 3322 1301 ταύτης
3373 1237 3688 1311 ἀπῃτοῦντο.
3736 1242 3807 1292 Τὸ
3862 1235 3921 1290 δε
3964 1236 4193 1308 Βουλγιί-

2588 1342 2691 1398 ρων
2738 1324 2890 1396 φῦλον
2937 1325 3053 1397 (80)
3106 1323 3393 1380 ἔκσπονδον
3584 1330 3651 1380 τὰ
3686 1336 3870 1400 πρῶτα
3920 1325 4194 1397 Ῥωμαίοις

2590 1411 2764 1464 τελοῦν
2812 1417 2902 1465 καὶ
2971 1413 3200 1487 πολέμων
3260 1416 3457 1468 πολλῶν
3503 1416 3744 1491 πρόξενον
3814 1418 4027 1487 γεγονὸς
4106 1414 4196 1465 αύ-

2592 1508 2703 1563 τοῐς
2751 1499 3198 1577 ἀνδραποδισμῶν
3255 1525 3309 1558 τε
3366 1510 3456 1559 καὶ
3509 1504 3747 1558 ἁλώσεων
3823 1504 3936 1573 (81)
4001 1502 4194 1556 πόλεων

2592 1596 2683 1644 καὶ
2706 1596 2905 1665 μυρίων
2945 1592 3108 1645 ἄλλων
3146 1591 3347 1664 δεινῶν,
3375 1599 3465 1647 καὶ
3521 1602 3685 1647 ταῦτα
3729 1596 3778 1647 ἓν
3833 1592 4036 1653 πολλοῖς
4087 1598 4197 1654 τοῖς

2593 1682 2773 1747 ἔτεσιν,
2833 1681 3037 1735 ὕστατα
3106 1687 3250 1759 παρὰ
3289 1691 3379 1736 τοῦ
3434 1682 3691 1757 βασιλέως
3750 1682 4020 1736 Βασιλείου
4078 1680 4196 1753 (32)

2593 1777 2888 1843 χειροῦται,
2949 1770 3002 1823 ὃν
3054 1768 3148 1824 διὰ
3225 1780 3392 1825 ταῦτα
3457 1772 3900 1848 Βουλγαροκτὸνον
3961 1771 3992 1828 ἡ
4045 1774 4191 1842 φήμη

815 1859 1292 1916 memoravimus
1317 1856 1705 1913 rebellionem
1725 1856 2071 1926 moliantur,
2099 1860 2157 1913 et
2183 1856 2261 1913 ab
2284 1862 2481 1914 Asano
2515 1866 2559 1923 Β

2432 1873 2481 1914 ιο
2515 1866 2559 1923 Β
2591 1856 2817 1914 ἐκάλεσε.
2866 1863 3044 1934 Μέχρι
3071 1868 3198 1932 γοῦν
3237 1869 3327 1914 τοῦ
3378 1860 3632 1935 βασιλέως
3688 1861 3957 1915 Ἰσαακίου
4006 1860 4197 1930 ύπόφο-

816 1948 1022 2004 nescio
1043 1964 1167 2021 quo
1190 1961 1438 2003 suasore
1458 1952 1637 2019 atque
1658 1945 2009 2019 impulsore,
2036 1946 2322 2002 omnibus
2342 1962 2479 2019 quae

818 2039 975 2095 intra
1005 2041 1278 2093 Hmmum
1308 2036 1388 2093 ad
1420 2037 1681 2092 Histrum
1710 2052 1906 2108 usque
1932 2042 2255 2092 excurrunt
2288 2036 2349 2091 in
2376 2052 2478 2109 po-

817 2130 1094 2186 testatem
1123 2126 1399 2197 redactis,
1428 2125 1591 2196 regio
1617 2110 1964 2198 occupatur.
1990 2127 2068 2181 Eo
2093 2141 2189 2181 res
2208 2127 2477 2184 Romana

821 2234 1013 2293 quam
1040 2217 1306 2273 maxime
1337 2214 1559 2273 afﬂicta
1587 2220 1715 2273 est:
1754 2214 1984 2285 Bulgari
2024 2230 2289 2288 namque
2337 2231 2476 2272 cum

821 2309 1056 2383 Scytha:
1100 2311 1343 2364 mutuas
1388 2321 1604 2379 operas
1665 2305 2069 2372 tradidissent,
2103 2305 2275 2361 multi
2300 2305 2475 2362 malis

820 2404 1125 2459 Romanos
1137 2400 1450 2454 vexarunt.
1464 2398 1781 2469 Propterea
1792 2394 2140 2466 indignatus
2154 2396 2479 2469 imperator

821 2488 1155 2548 Isaaciusin
1167 2502 1357 2543 unum
1375 2485 1632 2542 collectis
1648 2485 1837 2558 copiis
1856 2485 2145 2542 adversus
2167 2502 2270 2542 eos
2285 2486 2477 2543 aciem

818 2579 1003 2649 ducit,
1035 2582 1092 2634 et
1138 2575 1440 2633 maritima
1492 2578 1951 2648 praetergressus
1991 2580 2173 2647 atque
2211 2591 2320 2648 per
2371 2578 2478 2632 Me-

817 2668 1150 2726 sembriam
1162 2667 1461 2723 civitatem
1474 2664 1817 2721 iterfaciens
1841 2668 2112 2721 Haemum
2126 2664 2473 2736 ingreditur.

812 2763 1049 2816 Asanus
1081 2773 1221 2813 cum
1251 2755 1513 2812 exercitu
1533 2754 1595 2810 in
1624 2754 1916 2827 oppidulo
1947 2755 2041 2811 cui
2079 2770 2303 2812 nomen
2345 2755 2481 2813 Stri-

813 2849 978 2908 nabo
1022 2848 1379 2905 immoratur
1411 2863 1424 2913 ;
1455 2850 1512 2901 et
1556 2845 1885 2918 imperator
1931 2846 2170 2902 Alexius
2215 2846 2482 2903 tentoriis

817 2939 955 2997 ﬁxis
985 2937 1273 3009 Bulgaros
1301 2934 1562 2991 obsidet.
1601 2934 1714 2992 Sed
1745 2934 1823 2991 ab
1846 2935 1960 2991 illis
1990 2935 2268 2992 eluditur.
2320 2938 2484 2992 Unus

818 3029 979 3085 enim
1033 3043 1105 3083 ex
1173 3025 1286 3082 illis
1344 3022 1719 3094 transfugam
1789 3024 2080 3080 simulans
2135 3022 2485 3097 imperatori

819 3117 1181 3190 Scytharum
1209 3114 1600 3187 irruptionem
1630 3113 1963 3170 denuntiat.
1996 3117 2326 3187 Imperator
2346 3132 2486 3173 con-

2589 1966 2676 2020 ρον
2701 1952 2760 2001 τὸ
2816 1952 2957 2021 γένος
2994 1949 3151 2003 ἐτέλει
3201 1950 3495 2024 Ῥωμαίοις,
3552 1946 3645 2003 διὰ
3692 1947 3753 2003 δὲ
3802 1954 3895 2009 τὴν
3947 1950 4197 2004 τοιαύτην

2586 2043 2848 2112 πρόφασιν
2903 2039 3240 2112 μεμελέτηκεν
3284 2039 3590 2115 ἀνταρσίαν,
3643 2046 3733 2094 καὶ
3786 2038 4065 2092 ἀνίσταταί
4119 2056 4198 2096 τις

2582 2130 2746 2180 Ἀσάν
2773 2130 2890 2199 (83)
2920 2133 3149 2203 τοῦνομα
3171 2134 3259 2182 καὶ
3297 2129 3564 2203 βασιλεύει
3612 2139 3703 2192 τῆς
3751 2135 3955 2204 χώρας,
3988 2128 4197 2180 ἅπαντα

2582 2220 2648 2271 τὰ
2677 2217 2815 2281 ἐντὸς
2870 2227 2962 2271 τοῦ
2994 2220 3162 2293 Αἵμου
3217 2224 3381 2295 μέχρι
3431 2226 3522 2273 καὶ
3573 2228 3665 2273 τοῦ
3695 2219 3909 2295 Ἴστρου
3941 2220 4025 2291 ὑφ’
4081 2217 4197 2270 εαυ-

2583 2310 2668 2361 τὸν
2720 2311 3092 2382 ποιησάμενος.

2581 2403 2850 2469 Ῥωμαίοις
2911 2397 3093 2461 ξυνέϐη

3172 2310 3261 2365 Ἐκ
3305 2314 3494 2363 τούτου
3547 2310 3640 2362 ούκ
3708 2309 3859 2380 ὀλίγα
3908 2310 4199 2381 πράγματα

3157 2420 3170 2433 ’
3228 2400 3438 2471 ἔχοντες
3495 2402 3598 2472 γὰρ
3657 2401 3707 2451 οἱ
3769 2397 4055 2470 Βούλγαροι
4134 2398 4195 2447 τὸ

2586 2490 2835 2542 Σκυθικὸν
2908 2490 3194 2562 σύμμαχον
3249 2488 3413 2543 πολλὰ
3502 2489 3705 2542 ἐποίουν
3932 2486 4196 2558 Ῥωμαίων

2588 2576 2624 2632 δ
2628 2582 2752 2635 εινά.
2781 2587 2865 2651 Τῷ
2894 2599 2975 2632 τοι
3004 2585 3093 2632 καὶ
3132 2582 3158 2633 ὀ
3186 2578 3439 2654 βασιλεὺς
3481 2578 3851 2653 ἀγανακτήσας
3905 2578 4194 2643 Ἰσαάκιος,

2586 2673 2645 2722 τὸ
2714 2678 2814 2722 τῶν
2881 2670 3145 2743 Ῥωμαίων
3225 2672 3362 2724 ἅπαν
3445 2676 3755 2743 συναγαγὼν
3811 2669 3885 2731 εἰς
3932 2668 3980 2721 ἓν
4038 2667 4199 2741 στρά-

2588 2779 2774 2833 τευμα,
2806 2759 2920 2813 κατ’
2948 2760 3117 2813 αὐτῶν
3179 2763 3388 2837 ἐχώρει.
3444 2765 3550 2819 Τὴν
3608 2768 3733 2833 γοῦν
3789 2757 4043 2833 παράλιον
4098 2775 4199 2809 πα-

2589 2854 2713 2924 ριὼν
2771 2854 2860 2902 καὶ
2917 2845 3010 2902 διὰ
3086 2858 3177 2910 τῆς
3239 2849 3587 2923 Μεσημϐρίας
3641 2849 3832 2910 πόλεως
3886 2852 3980 2907 τὴν
4012 2842 4196 2899 δίοδον

2591 2942 2942 3011 ποιησάμενος
2996 2942 3098 2992 ἴσω
3156 2948 3248 2992 τοῦ
3310 2941 3478 3013 Αἵμου
3535 2945 3757 3012 γίνεται.
3812 2937 3871 2991 Ὀ
3921 2935 3980 2991 δὲ
4031 2936 4197 2988 Ἀσὰν

2592 3031 2724 3101 μετὰ
2752 3036 2844 3081 τοῦ
2887 3028 2975 3080 ὑπ’
3005 3028 3163 3081 αὑτὸν
3199 3032 3582 3105 στρατεύματος
3613 3028 3749 3091 ἐντὸς
3794 3035 3886 3081 τοῦ
3916 3026 4197 3098 πολιχνίου

2594 3118 2655 3169 οὗ
2679 3114 2747 3176 δὴ
2775 3121 2834 3169 τὸ
2892 3122 3054 3190 ὄνομα
3108 3118 3379 3194 Στρίναϐος
3435 3119 3752 3191 εἰσέρχεται,
3792 3119 3915 3170 ἔνθα
3968 3120 4059 3168 καὶ
4110 3116 4200 3174 τὰς

821 3206 1101 3264 turbatus
1125 3203 1358 3296 nuntio,
1384 3202 1521 3259 licet
1545 3202 1640 3296 die
1668 3203 1935 3275 sequenti
1955 3204 2315 3276 oppidulum
2346 3206 2484 3262 sub-
2519 3238 2561 3296 ο

2433 3209 2484 3262 b-
2519 3238 2561 3296 ϐ
2596 3210 2787 3268 σκηνὰς
2834 3209 3183 3279 ποιησάμενος
3221 3209 3246 3260 ὁ
3298 3206 3547 3280 βασιλεύς
3592 3207 3853 3268 Ἰσαάκιος
3880 3210 4005 3267 τοὺς
4043 3203 4198 3258 Βουλ-

824 3298 1067 3351 acturus
1092 3296 1265 3357 esset,
1297 3291 1433 3347 loco
1481 3288 1655 3358 cedit,
1702 3305 1812 3346 nec
1858 3305 1995 3346 eam
2038 3308 2225 3365 quam
2273 3296 2486 3352 inierat

817 3383 972 3440 redit
991 3383 1172 3445 viam,
1221 3380 1329 3437 sed
1349 3380 1599 3436 delusus
1629 3395 1666 3435 a
1696 3379 1950 3450 Bulgaro
2003 3381 2342 3440 breviorem
2373 3402 2484 3443 nec

819 3471 1201 3529 inconsultus
1244 3468 1611 3541 aggreditur.
1654 3470 2135 3539 Progredientem
2186 3473 2388 3547 itaque
2427 3475 2487 3533 et

812 3562 876 3618 in
906 3564 1168 3633 angusta
1197 3560 1410 3615 semita
1452 3557 1829 3615 laborantem
1862 3558 2096 3631 Bulgari
2125 3564 2481 3633 aggrediun-

813 3655 929 3721 tur,
958 3649 1205 3706 militem
1228 3647 1508 3715 fundunt,
1537 3652 2020 3721 apparatumque
2048 3666 2292 3708 omnem
2318 3653 2485 3711 belli-

811 3756 954 3797 cum
983 3737 1431 3811 deprwdantur,
1453 3736 1651 3809 ipsam
1675 3737 1856 3794 etiam
1892 3738 2271 3811 imperatoris
2291 3745 2487 3817 supel-

809 3829 1064 3886 lectilem
1078 3828 1391 3900 diripiunt.
1414 3829 1495 3882 Ex
1513 3827 1800 3883 Romanis
1818 3828 2022 3900 plures
2047 3831 2183 3886 caesi
2197 3839 2364 3900 sunt;
2381 3839 2488 3908 qui

813 3918 1319 3991 cumimperatore
1342 3920 1663 3974 evaserant
1685 3918 1799 3988 22
1819 3919 1997 3989 pauci
2018 3920 2337 3978 admodum
2360 3924 2485 3981 lue-

813 4025 878 4069 re
912 4013 969 4067 et
992 4025 1241 4082 prorsus
1272 4006 1442 4064 nudi.
1477 4009 1597 4063 Hac
1624 4007 1887 4076 victoria,
1919 4010 2126 4081 praeda
2156 4012 2482 4087 spoliisque

816 4103 1229 4157 Romanorum
1268 4096 1507 4170 Bulgari
1559 4097 1739 4153 nimis
1765 4102 1821 4153 et
1866 4097 2191 4156 insolenter
2245 4102 2482 4161 animos

817 4187 1460 4261 sublevarunt:quippe
1472 4203 1544 4244 ex
1560 4185 1703 4259 ipsis
1723 4186 2120 4260 imperatoriis
2141 4189 2480 4261 insignibus

817 4278 1173 4352 pretiOsiora
1192 4277 1659 4350 conquisierant,
1683 4280 1741 4333 et
1761 4281 1973 4349 praeter
1998 4294 2071 4336 ea
2090 4280 2288 4351 regias
2302 4298 2481 4355 pyra-

819 4367 1041 4437 midaa,
1064 4366 1299 4440 phialas
1331 4365 1612 4433 celebres,
1645 4367 1917 4438 pecuniae
1943 4369 2062 4425 vim
2090 4370 2473 4445 immensam,

2592 3297 2789 3368 γάρους
2835 3296 3140 3372 ἐπολιόρκει.
3221 3302 3747 3371 Καταστρατηγεῐται
3808 3294 3867 3351 δε
3921 3295 4044 3371 παρ’
4105 3294 4199 3346 αύ-

2593 3394 2731 3438 τῶν·
2785 3396 2885 3439 τῶν
2942 3407 3023 3449 τις
3073 3387 3377 3462 Βουλγάρων
3423 3390 3526 3464 γάρ
3592 3395 3917 3464 προσωπεῖον
3975 3380 4200 3444 ύπενδύς

2595 3473 2831 3549 φυγάδος
2902 3475 3190 3548 ἀφικνεῖται
3256 3480 3401 3552 παρὰ
3456 3482 3544 3531 τὸν
3604 3477 3828 3552 βασιλέα
3874 3481 3964 3529 καὶ
4012 3477 4197 3549 μηνύει

2595 3565 2732 3636 αύτῷ
2761 3568 2966 3619 Σκυθῶν
2991 3564 3195 3640 ἔφοδον,
3256 3569 3281 3620 ὁ
3330 3565 3389 3621 δε
3442 3566 3695 3641 βασιλεύς
3746 3576 3816 3639 τῷ
3870 3566 4006 3637 λόγῳ
4044 3567 4200 3637 θροη-

2598 3658 2716 3722 θεὶς,
2768 3661 2857 3709 καὶ
2908 3664 3076 3709 ταῦτα
3120 3662 3214 3715 τὴν
3267 3656 3515 3709 ἐπιοῦσαν
3563 3662 3623 3711 τὸ
3672 3657 3946 3728 πολίχνιον
4002 3658 4203 3727 χειρω-

2599 3746 2796 3797 σασθαι
2848 3744 3062 3817 μέλλων,
3096 3744 3448 3799 ἀπανίσταται
3499 3755 3592 3800 τοῦ
3648 3751 3835 3801 τόπου.
3904 3744 4016 3798 Οὐκ
4062 3742 4206 3806 ἐξῆλ-

2600 3835 2680 3885 θεν
2727 3830 2814 3885 οὖν
2862 3839 2956 3893 τὴν
2987 3834 3049 3894 ἣν
3092 3834 3305 3895 ἐπῆλθεν
3362 3833 3507 3907 ὁδὸν,
3560 3835 3665 3889 ἀλλ’
3712 3835 4048 3900 ἐξαπατηθεὶς
4100 3835 4202 3886 ὑπὸ

2594 3931 2686 3976 τοῦ
2716 3924 3013 4000 Βουλγάρου
3044 3929 3139 3985 τὴν
3171 3930 3466 4000 ταχυτέραν
3515 3929 3663 4000 τάχα
3716 3922 3962 3990 διεξιέναι
4018 3923 4205 3998 βεϐού-

2592 4013 2787 4073 λευται.
2866 4016 3331 4089 Ἐπεισγίπτουσιν
3401 4012 3490 4069 οὖν
3571 4016 3709 4088 αύτῷ
3774 4012 3810 4070 δ
3817 4019 4102 4092 ιερχομένῳ
4154 4016 4203 4068 οἱ

2592 4103 2878 4177 Βούλγαροι
2951 4104 3035 4158 ἐπί
3096 4124 3201 4158 τινι
3260 4114 3504 4178 στενωπῷ
3563 4109 3837 4180 γενομένῳ,
3894 4111 3983 4159 καὶ
4037 4125 4203 4159 κατα-

2589 4192 2777 4247 λύουσι
2799 4198 2857 4248 τὸ
2908 4195 2995 4248 ὑπ’
3043 4194 3199 4249 αὐτὸν
3228 4196 3366 4250 ἅπαν
3395 4199 3716 4271 στράτευμα,
3745 4202 3836 4249 καὶ
3886 4196 4202 4249 σκυλεύουσι

2588 4291 2765 4338 πᾶσαν
2818 4289 2912 4345 τὴν
2971 4295 3067 4348 τῆς
3130 4293 3383 4361 στρατιᾶς
3432 4286 3749 4356 ἀποσκευὴν,
3810 4286 3936 4339 ἀλλὰ
3986 4284 4054 4344 δὴ
4110 4290 4201 4339 καὶ

2586 4379 2681 4434 τὴν
2731 4384 2824 4429 τοῦ
2895 4375 3155 4449 βασιλέως
3204 4377 3385 4446 αὐτοῦ,
3442 4383 3706 4432 Πίπτουσι
3760 4373 3820 4430 δε
3873 4376 4054 4430 πολλοὶ
4097 4384 4199 4428 τῶν

818 4458 1018 4532 ipsam
1033 4457 1213 4515 etiam
1227 4455 1675 4530 imperatoriam
1693 4472 1953 4529 crucem,
1975 4475 2164 4532 quam
2194 4462 2479 4521 sacerdos
2506 4465 2553 4524 D

2434 4465 2553 4524 DSD
2597 4470 2866 4539 Ρωμαίων.
2941 4469 3006 4520 Οἱ
3055 4464 3116 4520 δε
3182 4463 3525 4532 διασωθέντες
3595 4470 3729 4542 μετὰ
3791 4475 3885 4521 τοῦ
3943 4465 4199 4541 βασιλεως

1683 4635 2025 4709 Theodori
2074 4640 2327 4711 Dousae
2376 4653 2441 4712 et
2489 4645 2739 4715 Leonis
2788 4646 3023 4716 Allatii
3072 4656 3275 4717 notae.

803 4817 1057 4876 vocibus
1089 4816 1463 4873 clamitarent
1480 4816 1610 4888 jam
1631 4819 1820 4874 armis
1844 4820 2155 4879 Romanos
2182 4822 2476 4882 invaden-

803 4891 936 4962 dos,
977 4895 1183 4963 captos
1214 4904 1428 4963 omnes
1461 4888 1540 4944 ad
1570 4905 1761 4963 unum
1782 4891 2172 4951 inclementer
2200 4896 2475 4953 occiden-

802 4960 941 5028 dos,
963 4960 1113 5036 pace
1135 4966 1192 5017 et
1216 4961 1406 5034 pretio
1430 4960 1783 5036 repudiatis.
1818 4964 1915 5019 llis
1937 4969 2061 5022 tota
2090 4982 2239 5036 gens
2271 4969 2472 5025 conci-

800 5039 923 5091 tata
955 5033 1033 5113 ad
1062 5033 1237 5113 arma
1257 5034 1538 5113 cucurrit,
1571 5039 1627 5113 et
1648 5050 1715 5089 ex
1740 5035 1906 5113 initio
1928 5033 2299 5113 defectionis,
2333 5057 2469 5113 qute

800 5107 1117 5185 auspicata
1142 5106 1400 5185 fuerunt,
1421 5105 1640 5185 animis
1670 5107 1911 5176 magnis
1939 5105 2467 5185 constabiliuntur,

798 5176 987 5234 Deu'm
1010 5176 1269 5233 libertati
1302 5193 1427 5232 suae
1463 5176 1683 5233 favere.
1726 5185 1857 5236 ALL.

1030 5253 1105 5329 _T6
1167 5245 1226 5301 δὲ
1287 5248 1591 5322 Βουλγάρων
1643 5249 1818 5322 φῦλον.
1870 5253 2184 5327 Gregoras,
2245 5255 2353 5313 lib.
2409 5275 2461 5329 ιι,

846 5364 858 5377 .
891 5326 980 5377 26.
1010 5326 1145 5377 ALL.

795 5337 858 5395 p.
891 5337 980 5377 zu.
1010 5337 1145 5377 ALL.

1068 5389 1551 5467 ξΑνδραπαδισμών
1635 5414 1690 5447 τε
1788 5399 1877 5448 xui
1976 5396 2237 5454 ἁλώσεων.
2324 5401 2463 5466 Quae

792 5465 954 5522 mala
985 5465 1219 5536 Bulgari
1238 5466 1297 5520 in
1314 5465 1549 5538 GrasCos
1571 5470 1625 5521 et
1647 5482 1855 5523 eorum
1870 5469 2143 5538 regiones
2161 5465 2464 5528 intulerint

785 5538 965 5594 variis
989 5538 1468 5621 excursionibus,
1504 5537 1655 5621 aliis
1692 5544 1889 5621 atque
1912 5540 2043 5621 aliis
2091 5543 2369 5609 ducibus,
2406 5550 2463 5601 et

785 5626 997 5694 eorum
1026 5610 1313 5694 historiae,
1337 5612 1529 5694 donec
1563 5626 1598 5666 a
1620 5610 1834 5694 Basilio
1858 5613 2293 5694 Bulgaroctono
2325 5621 2459 5694 tan-

783 5681 923 5739 dem
947 5682 1063 5738 fusi
1096 5699 1167 5739 ac
1202 5682 1479 5739 debellati
1507 5688 1660 5751 sunt,
1714 5683 1874 5741 unde
1904 5681 1991 5741 illi
2037 5702 2262 5743 nomen
2324 5688 2456 5745 Bul-

779 5759 1113 5825 garoctono
1139 5755 1269 5813 fuit.
1312 5759 1449 5811 ALL.

2660 4828 2767 4898 (82)
2814 4830 2895 4885 De
2928 4828 3144 4886 Basilio
3198 4827 3634 4900 Bulgaroctono
3662 4832 3881 4901 praeter
3920 4832 4195 4887 nostrum

2586 4900 2994 4972 Acropolitam
3018 4901 3140 4972 agit
3159 4901 3474 4970 Gregoras,
3498 4902 3651 4958 libro
3672 4900 3946 4957 secundo
3972 4918 3985 4969 ;
4008 4904 4195 4958 Zona-

2582 4986 2703 5046 ras,
2728 4972 3045 5046 Cedrenus,
3069 4976 3330 5046 Joannes
3346 4976 3572 5031 Tzetzes
3606 4974 3666 5029 in
3690 4972 3921 5046 Chiliad
3942 4990 3956 5039 ;
3978 4973 4193 5046 reliqui

2582 5041 2703 5099 fere
2734 5059 2949 5117 omnes
2993 5041 3259 5117 historici
3298 5045 3498 5101 Graeci.
3537 5048 3616 5101 De
3655 5045 3797 5117 ejus
3816 5041 4193 5102 cadavere—et

2581 5115 3220 5197 sepulturaﬁeorgius
3274 5115 3699 5197 Pachymeres,
3739 5116 3914 5197 lib.__i,
3949 5133 4024 5197 p._
4069 5120 4187 5197 £2}.

2578 5189 2758 5271 gorro
2788 5187 3073 5271 Basi1_ium
3095 5187 3156 5243 in
3185 5187 3400 5271 eodem
3430 5187 4188 5271 templogsepultumtradit

2580 5259 3165 5334 gedl‘eguszTupﬁvut
3187 5256 3264 5334 de
3286 5256 3605 5334 παρεκάλεσε
3626 5256 3921 5334 τόνᾲῖαυτοῦ
3944 5258 4187 5334 ἀδελφὸν,

2576 5328 2630 5409 ον
2644 5335 2741 5409 οιαὶ
2764 5327 3030 5404 διάδοχον
3061 5332 3303 5409 κατέλιπε
3328 5327 3429 5409 της
3464 5332 3659 5409 ἀρχῆς,
3716 5330 3793 5409 ένΔ
3822 5341 3895 5404 τῷ
3948 5327 4090 5386 κατᾶ
4128 5327 4188 5409 τὸ

2573 5400 2833 5475 Ἐϐδομον
2862 5400 2969 5473 ’ναῷ
2997 5412 3089 5457 τοῦ
3140 5400 3639 5477 εύαγγελίστούᾶαὶ
3694 5400 3956 5477 θεολόγον,
4008 5412 4074 5459 ‘O
4116 5402 4183 5465 δὴ

2572 5478 2795 5546 γέγονεν.
2834 5478 2972 5532 ALL.

2642 5549 2755 5622 (83)
2783 5548 2964 5604 Ἀσάν.
2988 5547 3389 5622 Defectionem
3414 5550 3826 5622 Bulgarorum,
3857 5548 4186 5622 expeditio-

2570 5633 2710 5675 nem
2738 5619 2798 5675 in
2826 5619 3555 5695 eoslsaaciiimperatoris
3602 5619 3950 5695 admodum'
3994 5622 4186 5678 infeli-

2570 5706 2722 5760 cem,
2756 5697 2812 5749 et
2839 5691 3070 5751 damna
3101 5691 3576 5753 illata—Romanis
3606 5692 3739 5751 fuse
3790 5695 4187 5767 prosequitur

2571 5762 2881 5822 Choniata.
2914 5765 3049 5822 ALL.

2657 5764 2881 5824 oniata.
2914 5765 3049 5823 ALL.
