4470 6452
780 451 914 509 1011

781 678 894 720 nos
926 659 1165 731 Bulgari
1195 658 1544 714 affecerunt.
1579 658 1692 716 Sed
1720 664 1773 715 et
1827 659 2185 732 imperatore
2217 661 2448 718 Isaacio

783 767 822 809 a
850 751 1028 807 fratre
1055 748 1260 804 Alexio
1315 746 1644 813 obcaecato,
1691 764 1884 821 eoque
1937 749 2188 805 Romani
2219 749 2452 823 imperii

783 840 1060 897 habenas
1084 836 1457 907 moderante,
1481 835 1684 891 multis
1705 836 1923 908 praeliis
1938 853 2146 892 versus
2161 838 2454 911 Philippo-

785 929 972 1004 polim
987 929 1380 996 Beroemque,
1405 925 1504 980 ubi
1525 930 1919 998 protostrator
1933 927 2241 998 Camytzes
2257 927 2452 1000 depu-

787 1034 982 1090 gnans
1015 1032 1051 1072 a
1099 1013 1370 1084 Bulgaris
1405 1019 1617 1086 captus
1645 1019 1749 1079 est,
1781 1017 2010 1070 Joanne
2062 1016 2247 1071 Asani
2275 1016 2451 1072 fratre

789 1113 929 1165 tunc
942 1104 1309 1171 dominante,
1326 1106 1622 1159 Romanos
1641 1104 1874 1173 Bulgari
1887 1110 2197 1160 vexarunt.
2216 1107 2452 1161 Asanus

787 1196 949 1253 enim
979 1195 1132 1250 duos
1163 1192 1377 1249 habuit
1425 1194 1635 1248 fratres
1670 1210 1682 1248 :
1715 1194 1816 1248 uni
1847 1208 2069 1249 nomen
2102 1194 2210 1250 fuit
2263 1198 2450 1266 Petro,

788 1283 956 1340 alteri
976 1282 1218 1339 Joanni.
1259 1281 1521 1337 Joannes
1562 1298 1746 1354 penes
1775 1282 1943 1338 illum
1992 1283 2309 1349 residebat,
2335 1286 2448 1357 23

788 1375 956 1429 Petro
981 1375 1215 1445 partem
1248 1386 1279 1426 e
1305 1369 1577 1427 dominio
1605 1371 1879 1428 avulsam
1916 1373 2236 1442 commisit,
2269 1379 2332 1429 ut
2357 1391 2451 1430 re-

789 1465 971 1534 geret.
1004 1464 1151 1517 Tum
1178 1475 1470 1530 magnam
1505 1460 1939 1518 Peristhlabam
1968 1467 2023 1518 et
2053 1462 2373 1519 Probatum
2400 1469 2454 1520 et

789 1551 926 1608 loca
965 1550 1305 1622 adjacentia
1329 1549 1508 1606 frater
1537 1551 1774 1606 Asanus
1806 1551 1998 1621 Petro,
2023 1557 2088 1607 ut
2099 1552 2232 1623 jure
2255 1569 2364 1608 suo
2383 1569 2453 1609 ac

791 1645 974 1698 nutus
1005 1639 1387 1710 gubernaret,
1438 1639 1745 1710 elargitur.
1781 1641 1871 1698 Sic
1901 1641 2123 1696 factum
2153 1647 2241 1697 est
2288 1647 2352 1698 ut
2376 1643 2453 1698 ad

789 1730 954 1787 hunc
978 1729 1138 1785 diem
1170 1744 1241 1784 ea
1269 1727 1401 1785 loca
1431 1728 1579 1784 Petri
1601 1730 1767 1799 regio
1794 1730 2316 1800 cognominentur.
2350 1735 2455 1788 Per

791 1819 1056 1890 integros
1077 1833 1296 1874 novem
1315 1833 1508 1874 annos
1529 1834 1668 1874 cum
1688 1820 1927 1874 Asanus
1943 1821 2103 1889 regie
2120 1821 2454 1878 admodum

2088 445 2368 502 GEORGII
2407 446 2864 505 ACROPOLlT/E

859 577 948 629 t2.
984 571 1129 628 Hinc
1147 568 1516 625 detrimentis
1539 570 1836 643 noxisque
1861 585 1984 626 non
2002 571 2213 642 paucis
2235 574 2448 628 Roma—
2485 571 2535 626 Α

4034 454 4167 507 1012

2639 571 2734 645 ιβ’.
2797 573 3053 625 Ἐντεῦθεν
3108 574 3202 626 ὀύκ
3256 574 3408 646 ὀλίγα
3472 578 3757 648 πράγματα
3810 576 4082 649 Ῥωμαίοις
4114 575 4168 627 ἐκ

2564 660 2870 733 Βουλγάρων
2903 663 3163 734 ὑπῆρχεν.
3221 663 3375 716 Ἀλλὰ
3413 669 3502 716 καὶ
3553 673 3643 717 τοῦ
3699 664 3956 737 βασιλέως
3997 665 4166 718 Ἰσαα-

2561 754 2676 801 κίου
2732 752 2831 801 ύπὸ
2885 758 2975 802 τοῦ
3030 748 3253 823 ἀδελφοῦ
3300 753 3460 804 αὐτοῦ
3503 753 3732 816 Ἀλεξίου
3800 755 4163 826 τυφλωθέντος,

2559 846 2648 893 καὶ
2702 840 2861 893 αὑτοῦ
2916 838 2974 894 δὲ
3027 850 3125 893 τῶν
3180 841 3476 916 Ῥωμαῖκῶν
3537 845 3650 915 (87)
3701 849 3978 920 σκήπτρων
4038 843 4169 896 ἐπει-

2558 930 2840 1004 λημμένον,
2902 930 3116 1004 πόλεμοι
3171 933 3471 1005 πάμπολλοι
3550 942 3654 994 τοῖς
3700 934 3972 1006 Ῥωμαίοις
4027 935 4169 1006 παρὰ

2560 1029 2658 1072 τῶν
2734 1019 3037 1095 Βουλγάρων
3088 1020 3316 1092 ἐγένοντο
3374 1027 3486 1095 περὶ
3559 1027 3625 1075 τὰ
3677 1029 3806 1097 μέρη
3863 1032 3951 1084 τῆς
3991 1023 4166 1076 Φιλιπ-

2559 1109 2852 1170 πουπὸλεως
2882 1114 2971 1161 καὶ
3022 1115 3209 1185 Βερόης
3268 1112 3334 1174 ⁴⁸,
3413 1111 3531 1164 ἔνθα
3589 1117 3678 1164 καὶ
3742 1115 3768 1164 6
3830 1113 4167 1186 πρωτοστρά-

2561 1219 2663 1274 τωρ
2705 1199 2818 1272 (88)
2872 1201 3158 1272 Καμύτξης
3224 1201 3324 1254 ὑπὸ
3379 1209 3479 1253 τῶν
3534 1203 3834 1277 Βουλγάρων
3892 1202 4019 1254 ἑάλω
4069 1222 4167 1274 μα-

2559 1292 2804 1360 χόμενος,
2842 1295 2932 1340 τοῦ
2964 1285 3188 1360 ἀδελφοῦ
3254 1297 3345 1341 τοῦ
3408 1289 3565 1342 Ἀσάν
3626 1290 3861 1343 Ἰωάννου
3909 1295 4023 1343 τότε
4078 1310 4169 1343 κα-

2560 1379 2870 1452 τάρχοντος⁸
2900 1377 2956 1428 Ὀ
2981 1381 3083 1449 γὰρ
3125 1374 3380 1440 δηλωθεὶς
3427 1377 3588 1431 Ἀσὰν
3648 1376 3744 1432 δύο
3794 1382 3948 1451 ἔσχεν
4008 1375 4165 1431 ἁδελ-

2562 1470 2702 1539 φούς,
2745 1464 2810 1516 ὦν
2843 1467 2868 1516 6
2899 1469 2988 1537 μὲν
3022 1472 3214 1540 Πέτρος
3262 1466 3510 1533 ἐκαλεῖτο,
3567 1470 3592 1520 6
3653 1465 3712 1520 δὲ
3764 1469 4000 1529 Ἰωάννης
4034 1490 4045 1502 ·
4080 1471 4163 1519 xui

2561 1560 2646 1607 τὸν
2678 1558 2766 1626 μὲν
2799 1555 3037 1613 Ἰωάννην
3070 1553 3181 1627 εἶχε
3219 1556 3331 1628 μεθ’
3369 1555 3571 1619 ἑαυτου,
3607 1560 3693 1609 τὸν
3727 1554 3784 1610 δὲ
3825 1563 4016 1632 Πέτρον
4051 1559 4165 1628 (89)

2561 1647 2742 1718 τμῆμά
2782 1665 2831 1697 τι
2870 1643 3036 1716 κόψας
3089 1653 3184 1707 τῆς
3251 1646 3412 1698 αὐτοῦ
3467 1646 3721 1719 ἐπορχίας
3753 1648 3938 1719 ἄρχειν
3973 1647 4164 1699 ἐκείνου

2565 1731 2950 1800 διεκελεύσατο,
3003 1736 3032 1792 ἡ
3065 1753 3118 1785 τε
3185 1734 3382 1806 μεγάλη
3437 1735 3769 1808 Περισθλάϐα
3822 1739 3933 1805 (90)
3987 1741 4076 1788 καὶ
4134 1738 4162 1793 ἡ

2564 1823 2862 1899 Προϐάτους
2916 1827 3005 1875 καὶ
3056 1825 3122 1875 τὰ
3174 1829 3292 1898 περὶ
3331 1827 3465 1876 αὐτὰ
3530 1833 3600 1895 τῷ
3652 1829 3829 1899 Πέτρῳ
3884 1827 4027 1898 παρὰ
4078 1832 4167 1876 τού

791 1925 914 1969 rem
964 1909 1352 1980 Bulgarorum
1376 1908 2229 1978 gessisset,aconsohrinosuo
2253 1913 2452 1982 Ivago,
2495 1925 2534 1980 Β

2402 1927 2452 1982 ο,
2495 1925 2534 1980 Β
2566 1910 2790 1985 ἀδελφοῦ
2853 1912 3012 1964 αύτού
3056 1913 3214 1965 Ἀσὰν
3263 1916 3330 1975 ὡς
3387 1914 3570 1974 οἰκεῖος
3620 1914 3810 1986 κλῆρος
3875 1910 4167 1986 δεδώρητο,

790 2000 898 2074 qui
925 2015 989 2054 se
1009 1998 1400 2071 postmodum
1439 1997 1597 2053 illico
1623 1997 1683 2053 in
1730 1997 1938 2067 fugam
1969 1999 2237 2068 dederat,
2267 2001 2454 2071 jugu-

786 2089 966 2147 latur.
1008 2091 1204 2144 Haeres
1258 2086 1367 2142 fuit
1397 2087 1632 2159 imperii
1681 2089 1944 2144 Joannes
1985 2089 2178 2160 ipsius
2229 2089 2452 2147 frater:

785 2193 1037 2238 renuere
1065 2192 1332 2250 namque
1360 2176 1602 2248 Bulgari
1627 2179 1796 2234 Petro
1840 2179 2217 2250 provinciam
2257 2180 2454 2237 domi-

787 2267 976 2325 nandi
995 2265 1248 2324 tradere.

2565 2005 2675 2056 ὅθεν
2710 2006 2986 2076 καὶμέχρι
3018 2009 3109 2054 τοῦ
3159 2009 3247 2053 νῦν
3278 2005 3343 2054 τὰ
3399 2011 3617 2054 τοιαῦτα
3673 2010 3764 2054 τοῦ
3816 2006 4009 2075 Πέτρου
4062 2001 4171 2052 ὀνο·

2564 2092 2786 2166 μάζεται
2815 2098 2971 2164 χώρα
3029 2092 3096 2144 ‘9.
3148 2092 3322 2142 Ἐννέα
3368 2099 3493 2163 γοῦν
3548 2091 3808 2152 ἐνιαυτούς
3863 2088 4170 2152 διανύσαςὸ

2566 2182 2727 2236 ’Δσάν
2784 2179 3075 2253 βασιλικῶν
3127 2183 3411 2256 κατάρχων
3468 2189 3560 2234 τοῦ
3590 2181 3945 2254 Βουλγαρικοῦ
4000 2184 4173 2252 γένους

2566 2273 2829 2344 φονεύεται
2879 2273 3022 2344 παρὰ
3103 2278 3194 2322 τοῦ
3273 2267 3698 2343 πρωτεξαδελφου
3767 2270 3928 2323 αὐτοῦ
4000 2269 4174 2341 Ἰϐαγ-

787 2361 886 2414 ’Ῑοῦ
944 2357 1082 2426 (91),
1136 2355 1193 2416 ὃς
1242 2359 1333 2408 καὶ
1385 2358 1686 2428 παραυτίκα
1742 2353 1965 2431 ἀπέδρα,
2029 2355 2296 2430 βασιλεύει
2342 2355 2400 2412 δὲ
2451 2368 2542 2413 τοῦ
2603 2365 2784 2432 γένους
2832 2360 2880 2395 ⁸ο
2937 2361 2963 2411 6
3013 2356 3234 2432 ἀδελφὸς
3288 2359 3450 2412 αὐτοῦ
3513 2363 3626 2431 (92)
3676 2361 3914 2420 Ἰωάννης
3972 2361 4040 2426 δί,
4093 2364 4166 2432 μὴ

795 2447 1120 2504 θελησάντων
1189 2451 1288 2497 τῶν
1348 2444 1649 2519 Βουλγάρων
1703 2444 1776 2508 εἰς
1855 2444 2128 2518 βασιλείαν
2203 2452 2290 2501 τὸν
2376 2453 2567 2526 Πέτρον
2647 2448 2924 2522 ἀναγαγεῖν
2981 2471 2992 2483 ο

795 2537 871 2590 ἔτι
903 2533 1094 2607 ἀφῆλιξ
1128 2534 1389 2607 ὑπῆρχεν.

873 2627 959 2682 13.
1007 2623 1271 2679 Joannes
1328 2622 1531 2695 itaque
1578 2623 1755 2679 Asani
1816 2623 1974 2680 ﬁlius
2024 2628 2227 2682 tenera
2260 2627 2460 2684 adhuc

799 2719 974 2771 aetate
1003 2728 1110 2768 rex
1137 2711 1409 2781 Bulgaris
1445 2712 1802 2769 constitutus
1845 2713 2034 2771 multa
2061 2715 2122 2770 in
2156 2719 2460 2773 Romanos

799 2802 962 2858 mala
986 2801 1260 2872 ingessit,
1289 2805 1344 2856 et
1372 2800 1433 2857 in
1464 2800 1642 2857 Italos
1670 2801 1848 2858 etiam
1871 2802 2054 2876 ipsos,
2095 2821 2380 2877 prospere
2406 2811 2464 2862 et

801 2891 1099 2948 fortunate
1123 2906 1136 2945 :
1170 2893 1298 2946 erat
1323 2889 1505 2956 enim,
1539 2906 1678 2945 cum
1702 2891 1900 2962 Cpolis
1922 2892 2157 2965 direpta
2183 2899 2292 2963 est,
2329 2895 2460 2951 Bul-

800 2995 1087 3053 garorum
1109 2995 1234 3037 rex.
1259 2978 1513 3046 Quando
1534 2979 1738 3051 itaque
1766 2979 1888 3036 itali
1911 2982 2256 3038 universam
2279 2986 2462 3040 Mace-

799 3071 1050 3128 doniam
1082 3069 1473 3140 subegerunt,
1495 3085 1589 3126 res
1621 3086 1852 3138 eorum,
1887 3072 1990 3144 qui
2018 3072 2251 3144 primus
2297 3074 2460 3146 Cpoli

3076 2454 3166 2502 xui
3221 2451 3246 2502 6
3305 2457 3396 2502 τοῦ
3453 2449 3613 2504 Ἀσὰν
3673 2446 3731 2503 δὲ
3775 2452 3882 2510 υἱὸς
3935 2450 4172 2511 Ἰωάννης

2644 2625 2732 2699 ιγ’.
2769 2628 2936 2690 Οὗτος
2966 2623 3053 2679 οὖν
3085 2630 3108 2680 6
3153 2627 3392 2688 Ἰωάννης
3423 2626 3673 2700 βασιλεύς
3723 2627 4025 2701 Βουλγάρων
4053 2627 4170 2680 ὀνο-

2568 2717 2788 2788 μασθεὶς
2842 2714 3036 2768 πολλῶν
3091 2735 3145 2768 τε
3196 2723 3306 2777 τοῖς
3357 2714 3632 2788 Ῥωμαίοις
3687 2719 3852 2777 αἴτιος
3913 2716 4027 2786 (93)
4066 2715 4171 2786 ἐγεο

2567 2810 2706 2877 γὸνει
2739 2813 2933 2873 κακῶν,
2974 2804 3212 2876 εύτυχῶς
3286 2801 3344 2857 δὲ
3395 2809 3485 2856 xui
3543 2812 3648 2866 τοῖς
3703 2803 3914 2865 Ἰταλοῖς
3975 2805 4169 2865 αὐτοῖς.

2568 2895 2666 2949 Ἠν
2694 2898 2794 2971 γὰρ
2837 2895 2979 2956 οὗτος
3035 2894 3286 2968 βασιλεὺς
3343 2895 3667 2968 Βουλγάρων,
3726 2897 3877 2948 ὁπότε
3930 2897 3958 2952 ἡ
4033 2903 4172 2948 Κων-

2573 2991 2845 3038 σταντίνου
2885 2985 3032 3041 ἑάλω.
3083 2985 3168 3048 Ὠς
3207 2995 3333 3058 γοῦν
3367 2989 3416 3038 οἱ
3468 2986 3652 3039 Ἰταλοὶ
3705 2992 3878 3038 πᾶσαν
3935 2992 4028 3042 την
4082 2995 4174 3048 τῆς

2570 3072 2894 3135 Μακεδονίας
2923 3077 3034 3145 (94)
3065 3081 3246 3150 χώραν
3277 3075 3359 3148 ὑφ’
3422 3075 3636 3136 ἐαυτους
3684 3073 4016 3140 ἐποιήσαντο,
4077 3073 4173 3147 βα-

867 3196 914 3231 ⁴⁸
945 3196 1281 3270 ὑπῆρχεν-
1315 3194 1520 3268 Βερόης]
1573 3199 1787 3247 καὶτοῦ
1845 3195 2073 3260 ’Δλεξίου
2139 3196 2521 3270 βασιλεύσαντο
2581 3199 2793 3271 πόλεμοι
2839 3199 2978 3269 αύτῷ
3036 3198 3090 3251 ἐκ
3150 3203 3344 3252 τούτων
3400 3199 3580 3252 πολλοὶ
3635 3204 3753 3272 περὶ
3813 3199 4052 3274 Βέρροιαν
4105 3201 4170 3256 D.

799 3285 846 3322 ιν
880 3288 910 3345 ἦ
950 3303 1092 3338 τι-
1116 3290 1274 3356 χώρα
1303 3300 1424 3340 om.
1469 3286 1536 3339 Ι).
1649 3285 1698 3320 ⁵ο
1731 3282 1862 3357 βασ.
1888 3305 2157 3359 -γενους
2212 3303 2337 3346 om.
2401 3291 2464 3344 Ι).

796 3375 940 3438 λικος
969 3377 1112 3437 ὄντος
1141 3381 1234 3427 τοῦ
1262 3380 1353 3428 τοῦ
1393 3373 1554 3428 ’Δσάν
1585 3375 1702 3426 υἱοῦ
1726 3373 1961 3428 Ἰωάννου
1993 3379 2061 3432 D.

2577 3290 2622 3324 ⁵¹
2687 3293 2777 3341 καὶ
2833 3287 3102 3362 βασιλεύει
3152 3291 3178 3341 6
3239 3286 3463 3362 ἁδελφὸς
3531 3288 3692 3342 αὑτοῦ
3725 3289 3983 3353 Ἰωάννης,
4041 3288 4174 3362 ἁφή.

1676 3463 2021 3532 Theodori
2069 3466 2321 3534 Dousae
2370 3476 2436 3534 ct
2482 3466 2730 3534 Leonis
2780 3466 3014 3534 Allatii
3068 3475 3273 3534 notae.

875 3571 991 3652 (87)
1021 3570 1192 3652 Αύτού
1249 3567 1310 3622 δὲ
1373 3577 1473 3622 τῶν
1518 3575 1838 3652 ἰξωμαῑκῶνζ
1901 3575 2198 3652 Namque
2233 3575 2460 3652 Graeco-
2499 3576 2539 3630 C
2571 3590 2640 3629 co

2410 3590 2460 3652 ρ·
2499 3576 2539 3630 C
2571 3575 2928 3652 conjunctus
2949 3573 3102 3652 clam
3131 3589 3479 3652 cum_uxore
3504 3572 3684 3628 Asani
3703 3589 3904 3652 sorore
3926 3589 4175 3652 consue-

802 3659 939 3699 rum
971 3642 1292 3714 imperium
1331 3657 1455 3697 non
1485 3642 1723 3714 minOra
1752 3642 2222 3700 infortunia'sub
2255 3645 2460 3701 Alexio

806 3713 1292 3790 sustinuitquam
1322 3713 1640 3790 anteasub
1663 3715 1887 3790 lsaacio
1920 3716 2303 3785 sustinuerat,
2325 3733 2462 3790 quae

803 3790 1010 3842 narrat
1046 3783 1335 3842 Choniata
1363 3785 1424 3839 in
1456 3783 1680 3840 Alexio.
1716 3789 1852 3842 ALL.

854 3856 1131 3930 (88)(ὶιιιιρΔ
1153 3856 1229 3911 sit
1247 3858 1706 3930 pi'gtostratoris
1734 3857 2188 3930 dignitas,quod
2214 3876 2461 3926 munus,

803 3926 967 4001 unde
997 3927 1211 4001 melius
1264 3926 1630 4000 lididiusque
1669 3926 1947 3985 cons—tare
1977 3926 2188 4001 possit,
2228 3931 2464 3987 nullum

802 3999 1267 4073 luculentiorum
1301 3999 1609 4073 auctorem
1657 4016 1847 4073 quam
1897 3999 2158 4056 amicum
2191 4009 2463 4058 nostrum

801 4070 1096 4128 Joannem
1126 4070 1443 4127 Meursium
1481 4070 1586 4127 tibi
1612 4070 1924 4127 nominare
1962 4087 2214 4141 possum
2265 4073 2468 4129 Videa-

804 4146 900 4198 tur
924 4143 1056 4218 ejus
1077 4141 1466 4218 Glossarium,
1489 4158 1566 4198 an
1599 4142 1947 4198 thesaurum
1970 4143 2168 4198 dicam
2191 4146 2218 4201 ?
2238 4145 2298 4200 in
2322 4152 2466 4218 Πρω-

803 4217 1130 4288 τοστράτωρ.
1163 4217 1376 4288 ῌΟυΒΛ.

874 4281 991 4358 (89)
1029 4281 1128 4338 Τὸν
1162 4281 1461 4358 δὲῨΠέτρον.
1486 4286 1726 4358 Petrus
1750 4289 2035 4358 praeterea
2069 4302 2314 4342 auream
2364 4303 2467 4343 co-

803 4357 1019 4414 rollam
1035 4357 1213 4429 capiti
1233 4357 1522 4429 imposuit
1540 4361 1597 4429 et
1617 4357 1874 4427 pedibus
1897 4373 2209 4413 cocc1ueos
2231 4359 2466 4414 calceos

805 4429 1060 4498 induxit,
1080 4427 1141 4485 ut
1165 4427 1912 4500 imperalibusinsignibus
1926 4429 2323 4500 popularibus
2341 4431 2467 4487 suis

808 4500 1192 4573 spectabilior
1219 4498 1562 4573 ,a’c‘dignior
1591 4498 1942 4573 appareretf
1960 4498 2098 4556 Αὶι.

882 4575 992 4640 (90)
1020 4569 1371 4646 Περισθλάὸξα.
1398 4569 1597 4626 Ἀῑιηα
1633 4569 1978 4637 Ὲοωηθηει,
2032 4573 2316 4646 Αζεξιιὶαιί.
2351 4572 2458 4646 lib.

807 4660 928 4699 V11:
964 4640 1115 4705 Πόλις
1156 4640 1215 4697 δὲ
1254 4643 1388 4700 αῦτη
1451 4647 1730 4717 περιφανὴς
1781 4647 1898 4717 περὶ
1947 4648 2033 4696 τὸν
2091 4643 2298 4717 Ἴστρον
2347 4642 2467 4717 δια-

809 4719 1069 4790 κειμένηλ
1100 4717 1221 4790 ποτε
1261 4717 1366 4790 Δμὲν
1417 4715 1538 4790 ὀὔτ’
1597 4718 1757 4790 ὄνομα
1803 4715 1955 4767 τοῦτο
2009 4715 2217 4786 ἔχουσα
2269 4715 2469 4790 βαρϐα-

808 4784 976 4866 ρικὸν,
1025 4784 1155 4866 αλλ’
1205 4784 1616 4866 ἘλληνέζουσαΔ
1655 4784 1755 4866 ὄέπὸ
1823 4795 1913 4866 τῆς
1969 4784 2466 4866 πρόσηγρρίὸιζμε-

808 4855 969 4931 γάλιγ
1003 4859 1150 4921 πόλις
1213 4863 1303 4910 καὶ
1350 4855 1485 4931 οὖσα
1537 4857 1922 4931 καὶ-λεγομένη
1955 4880 1966 4891 ι
2001 4855 2085 4929 ἀφ’
2145 4855 2295 4931 ούδε
2352 4855 2466 4912 Μό-

2572 3645 2794 3701 scebat.
2822 3645 2882 3700 ld
2905 3645 3006 3700 ubi
3028 3645 3421 3716 comperisset
3446 3647 3693 3716 Asanus.
3721 3645 4012 3716 principio
4031 3661 4174 3701 uxo-

2570 3733 2700 3789 rem
2721 3732 2970 3789 acusare
2997 3722 3052 3771 et
3069 3715 3313 3789 propter
3328 3715 3608 3789 facinoris
3633 3715 4174 3789 dissimulationem

2573 3788 2783 3859 capitis
2798 3787 3088 3842 damnare
3101 3830 3113 3842 .
3134 3787 3246 3843 Séd
3261 3788 3458 3843 verbis
3476 3788 3674 3842 uxoris
3688 3787 3999 3842 deterritus
4022 3789 4176 3843 iram
4230 3839 4238 3844 .

2572 3875 2606 3915 a
2629 3859 2873 3914 muliere
2890 3859 2948 3913 in
2975 3860 3260 3914 lbancum
3279 3859 3576 3925 transfert,
3595 3874 3855 3930 eumque
3874 3861 4071 3914 statim
4093 3859 4178 3914 in-

2573 3938 2867 4002 tempesta
2893 3936 3064 3986 nocte
3087 3931 3164 3986 ad
3187 3947 3250 3986 se
3271 3932 3545 4002 accersit.
3570 3929 3825 3985 lbancus
3857 3945 4176 3986 accessum

2572 4001 2786 4064 differt,
2812 4003 3048 4057 Asanus
3066 4002 3357 4057 sollicitat.
3388 4001 3650 4057 Tandem
3673 4017 3857 4057 causa
3877 4018 3983 4057 cur
4005 4018 4177 4058 voca-

2571 4079 2734 4129 retur
2766 4073 3016 4129 lbancus
3038 4075 3296 4143 cognita,
3329 4072 3529 4141 gladio
3553 4073 3664 4127 sub
3692 4079 3850 4127 veste
3881 4074 4177 4129 occultato

2574 4147 2876 4201 accinctus
2913 4146 3262 4215 ingreditur.
3315 4155 3551 4199 Asanus
3597 4143 3741 4198 nihil
3793 4145 4084 4200 moderati
4117 4146 4176 4199 in

2573 4233 2714 4272 eum
2742 4218 3033 4288 cogitans,
3066 4217 3140 4271 ad
3171 4217 3435 4289 primum
3468 4217 3597 4289 ejus
3629 4221 3937 4289 aspectum
3972 4215 4178 4271 effera-

2575 4293 2689 4355 tus,
2720 4287 2924 4361 ensem
2954 4287 3190 4361 quaerit;
3239 4288 3497 4343 lbancus
3536 4287 3770 4342 facinUs
3818 4292 4075 4361 occupat
4120 4291 4176 4361 et

2575 4377 2716 4416 ense
2769 4362 2830 4414 in
2887 4359 3131 4427 ingume
3180 4360 3365 4414 inﬁxo
3416 4365 3682 4413 Asanum
3738 4359 3971 4413 occidit.
4035 4359 4178 4414 Inde

2575 4433 2817 4503 elapsus
2866 4433 3064 4486 statim
3113 4431 3191 4486 ad
3227 4430 3594 4503 consciosse
3631 4429 3880 4503 confert,
3909 4436 3968 4503 et
4013 4430 4179 4485 caede

2574 4500 2835 4558 indicata
2862 4519 2998 4557 cum
3032 4503 3115 4556 eis
3140 4501 3460 4557 consilium
3491 4500 3840 4556 defectionis
3871 4501 3998 4556 init.
4043 4507 4176 4556 ALL.

2646 4573 2762 4644 (92)
2799 4574 2856 4646 ’ρ
2888 4571 3103 4646 datm;
3134 4574 3314 4627 αύτοῦ.
3352 4574 3557 4628 Petrus
3598 4578 3732 4646 post
3758 4588 3965 4627 necem
3997 4573 4178 4646 Asani

2575 4661 2694 4700 non
2729 4645 2982 4700 multum
3015 4644 3257 4700 Summa
3289 4661 3490 4699 rerum
3521 4644 3745 4713 potitus
3776 4649 3900 4708 est;
3934 4644 4037 4715 qui
4068 4659 4178 4698 nec

2575 4721 2764 4771 morte
2790 4716 3068 4785 naturali,
3113 4718 3216 4771 sed
3260 4715 3674 4771 miserabiliter
3711 4731 3747 4770 a
3775 4715 4045 4786 quodam
4076 4731 4178 4786 po-

2576 4788 2768 4857 pulari
2800 4787 3111 4843 confossus
3142 4789 3327 4843 vitam
3368 4787 3518 4853 ﬁnit,
3565 4793 3620 4840 et
3649 4787 4019 4858 principatus
4049 4786 4177 4841 Bul-

2576 4874 2859 4926 garorum
2916 4860 2991 4914 ad
3042 4862 3332 4914 Joannem
3367 4858 3602 4913 tertium
3648 4858 3889 4912 fratrem
3943 4859 4173 4912 transit.

810 4928 934 5006 κρος
999 4932 1025 4983 6
1086 4939 1185 4983 τῶν
1260 4929 1566 5005 Βουλγάρων
1622 4928 1868 5012 βασιλεὺς
1928 4928 2111 5016 καὶοκὶ
2173 4929 2224 4992 ἐξ
2273 4930 2464 4984 ἐκείνου
2502 4933 2545 4986 Ι)

2406 4950 2464 5016 ου
2502 4933 2545 4986 Ι)
2576 4933 2660 5016 ita
2687 4931 2993 4986 Choniata.
3023 4929 3358 5016 Acropolita
3384 4938 3586 4984 tamen
3616 4929 3711 4983 hic
3756 4936 3956 5016 noster
3981 4930 4171 4984 aliter.

807 5001 1090 5076 γενομενοι,
1183 5006 1305 5076 καὶΔ
1357 5001 1575 5076 προσέτι
1622 5001 1882 5074 ἶαμουὴλ
1951 5003 1975 5053 6
2030 5001 2315 5076 τελευταῖος
2371 5011 2466 5064 τῆς

808 5069 1166 5148 Βουλγαρικῆς
1275 5069 1608 5148 δυναστείας,
1691 5069 1922 5148 καθάπερ
2031 5070 2274 5136 Σεδεκίας
2331 5083 2464 5148 ’τῶν

805 5142 1099 5212 Ἰουδαίων,
1150 5153 1246 5206 τῆς
1304 5144 1550 5219 ἑσπέρας-
1590 5142 1949 5219 κατέδραμων,
2012 5148 2253 5198 σύνθετον
2322 5145 2465 5205 ἐκτή-

806 5237 936 5271 σατο
973 5222 1061 5275 την
1117 5215 1476 5290 προσηγορίαν
1529 5215 1630 5269 ἀπο
1687 5215 1758 5269 τε’
1797 5215 1891 5279 τῆς
1928 5217 2226 5290 Ἑλληνικῆς
2289 5237 2460 5290 σημα-

804 5294 939 5362 σίας,
986 5287 1182 5362 μεγάλη
1217 5287 1654 5362 ἐπονομαζομένη,
1685 5293 1774 5340 καὶ
1823 5294 1917 5346 την
1956 5288 2085 5362 Δἀπὸ
2143 5299 2242 5340 τῶν
2301 5287 2461 5362 Σγθλα-

801 5359 1022 5434 ϐογενῶν
1059 5359 1067 5362 ⁷
1110 5359 1457 5434 ἐπισυρομένη
1511 5359 1703 5434 λτάξιν
1788 5359 2016 5434 ,μεγάλη
2130 5359 2464 5433 Περισθλάϐα

797 5432 1131 5505 πανταχόθεν
1152 5432 1362 5505 τούτοις
1385 5432 1731 5505 φημιζομρνη.
1766 5433 1901 5487 ALL.

871 5502 1142 5578 (Qtj’Non
1173 5502 1413 5570 Ibanus’,
1447 5502 1556 5578 sed
1582 5502 1867 5578 lbancus,
1891 5502 2125 5578 'l6u7x6;
2164 5503 2327 5576 apud
2371 5504 2462 5578 Ni-

795 5573 992 5634 cetam
1024 5592 1283 5649 semper,
1313 5581 1369 5649 et
1396 5575 1665 5649 quodam
1699 5573 2090 5649 ΙοοοἸϐριγκὸς
2116 5573 2287 5649 ὄνομα,
2302 5573 2461 5647 τῷδε,

799 5654 1044 5723 σημαίνει
1083 5645 1227 5723 δϊή-
1255 5647 1389 5710 λέξις
1416 5645 1532 5723 -τὸν
1592 5648 1855 5723 Ἰωάννην.
1926 5645 2166 5723 Rectius
2203 5645 2463 5705 arbitror

795 5719 1024 5780 Ibimus
1047 5722 1169 5776 sive
1191 5721 1432 5785 Ivanus,
1462 5719 1522 5776 id
1541 5725 1632 5776 est
1656 5721 1830 5780 Ivan,
1855 5723 2045 5784 lwan,
2073 5721 2285 5776 Johan.
2319 5724 2457 5777 Dou-

797 5811 888 5851 sa.
921 5825 990 5836 —
1020 5793 1276 5850 labncus
1307 5793 1416 5864 (sic
1465 5795 1726 5850 Joannes
1759 5809 1792 5848 a
1818 5792 2046 5848 Blachis
2083 5791 2320 5863 dicitur)
2352 5809 2460 5848 na-

795 5871 929 5924 tura
951 5871 1008 5924 et
1023 5864 1296 5924 moribus
1312 5871 1512 5925 Asano
1530 5865 1738 5924 similis
1757 5870 1812 5923 et
1832 5864 2046 5923 intima
2060 5864 2486 5922 familiaritate!

2574 5004 2838 5058 Joannes
2909 5018 3031 5056 non
3087 5016 3273 5072 parvo
3337 5007 3604 5072 tempore
3657 5001 3823 5072 apud
3877 5005 4176 5056 Romanos

2573 5073 2750 5130 obses
2795 5074 3004 5136 fuerat,
3036 5071 3161 5127 cum
3196 5071 3519 5143 imperator
3548 5071 3806 5126 lsaacius
3838 5072 4174 5126 secundum

2574 5147 2752 5230 My‘sis
2780 5161 2949 5230 arma
2985 5144 3277 5230 retulisset
3314 5162 3326 5227 ξ
3355 5145 3460 5197 sed
3489 5144 3628 5230 fuga
3653 5143 3893 5230 elapsus
3919 5143 4174 5230 domum

2570 5212 3161 5288 re'dierat_.Gregoras:
3179 5214 3234 5266 Ὀ
3255 5217 3355 5288 γάρ
3379 5234 3458 5265 τοι
3489 5212 3578 5266 τού
3600 5212 3805 5287 πρώτου
3835 5215 3884 5266 Ἀ
3899 5218 3994 5267 σὰν
4026 5212 4174 5268 άδελ-

2572 5292 2658 5361 φὸς
2685 5294 2773 5340 καὶ
2805 5285 3065 5361 διάδοχος
3093 5285 3352 5361 Ἰωάννης.
3388 5291 3523 5342 ALL.

2641 5359 3008 5433 (93)4ﬂoll_a3v
3065 5379 3117 5411 τε
3174 5366 3281 5433 ¹τοῖς
3313 5360 3584 5433 Ῥωμαίοις
3639 5359 3818 5433 αἱτιοι.
3864 5363 4065 5413 Asano
4116 5361 4178 5433 et

2571 5428 2743 5487 Petro
2771 5431 3050 5488 fratribus
3080 5428 3420 5502 spoliandis
3452 5428 3922 5502 infestandisque
3953 5430 4173 5484 Graecis

2572 5504 2894 5559 immanior
2927 5521 2938 5558 :
2974 5499 3146 5573 cujus
3175 5519 3267 5557 res
3299 5507 3501 5571 gestas
3545 5499 3746 5555 videre
3789 5499 3878 5556 est
3916 5502 3976 5556 in
4024 5502 4173 5558 Cho-

2572 5577 2754 5632 niata.
2787 5581 2918 5630 ALL.

2642 5650 2750 5719 (94)
2796 5655 2896 5707 Τῆς
2941 5642 3273 5719 Μακεδινίαςλ
3343 5643 3660 5719 Quomodo
3719 5643 3841 5719 itali
3901 5643 4174 5719 Macedo-

2571 5714 2750 5797 niam_
2775 5726 2829 5774 et
2859 5721 3144 5797 {insciam
3177 5718 3471 5797 reliquam
3499 5715 3607 5770 sibi
3644 5714 4010 5783 subegerint,
4037 5730 4174 5771 nar-

2573 5799 2664 5848 rat
2693 5791 2981 5847 Choniata
3009 5791 3068 5845 in
3104 5789 3419 5845 Balduino.
3450 5796 3581 5843 ALL.
