4470 6452
307 413 440 470 1013

1821 400 2169 457 ANNALES.

3535 406 3674 465 10M

303 537 515 595 σιλικῶς
583 537 676 585 τοῦ
728 532 946 604 πρώτως
1000 527 1048 580 ἄν
1105 533 1168 600 τῇ
1227 524 1765 581 Κωνσταντινουπόλει
1811 544 1901 577 κα-
1939 525 2068 581 Ain

1939 527 1984 581 A
2013 523 2333 598 imperium
2355 524 2562 593 tenuit,
2585 525 2745 595 regie
2768 524 3224 584 administrante
3249 529 3536 587 Balduino
3557 547 3668 606 pro

301 625 578 700 τάρξαντος
627 617 947 674 Βαλδουῖνου
1003 619 1071 671 τὰ
1118 618 1236 669 κατ’
1278 615 1469 677 αὐτοὺς
1522 612 1900 681 διευθύνοντος,

299 719 392 767 καὶ
454 717 586 787 πρὸς
642 716 736 769 τήν
792 708 940 762 πόλιν
1000 702 1279 781 Ἀδριανοῦ
1329 705 1442 775 (95)
1521 700 1904 777 διεμηνύσαντο

299 806 442 865 ὅπως
470 804 556 855 ὑπ’
604 800 788 860 αὐτοὺς
844 802 1055 869 γίνηται
1085 816 1098 830 ·
1133 797 1159 848 ὁ
1211 797 1312 870 γὰρ
1372 793 1619 866 βασιλεὺς
1681 793 1906 864 Βουλγά-

297 913 403 968 ρων
444 892 682 952 Ἰωάννης
739 883 1001 962 προύλαδε
1054 886 1423 958 χειρώσασθαι
1478 887 1572 942 τὴν
1627 882 1907 936 ψίλιππού-

298 981 448 1034 πολιν
471 983 581 1052 (96)
630 982 720 1030 καὶ
770 972 1209 1051 ἀνδραποδισμὸν
1273 976 1433 1046 μέγαν
1488 980 1588 1024 τῶν
1642 971 1904 1044 Ῥωμαίων

299 1069 489 1123 ὶκεῖθεν
514 1069 865 1126 ποιήσασθαι.
899 1069 984 1122 Μὴ
1017 1062 1372 1136 βουληθέντων
1428 1058 1486 1114 δε
1534 1069 1632 1114 τῶν
1689 1057 1905 1134 Ἀδρια-

297 1158 609 1212 νουπολιτῶν
638 1159 739 1210 ὑπό
770 1162 928 1228 χεῖρα
953 1154 1192 1225 γενέσθαι
1248 1160 1349 1204 τῶν
1407 1150 1633 1217 Ἰταλῶν,
1689 1148 1906 1223 ἐκστρα-

296 1251 538 1300 τεύουσιν
566 1246 613 1298 οἱ
640 1245 828 1300 Ἰταλοί
856 1245 904 1296 οἱ
926 1241 1056 1294 ’κατ’
1091 1241 1258 1293 αὐτῶν
1289 1242 1357 1308 ⁵³,
1389 1239 1547 1292 αὐτοῦ
1577 1259 1631 1293 τε
1659 1246 1751 1291 τοῦ
1811 1238 1907 1311 βα-

299 1336 479 1398 σιλέως
508 1332 827 1388 Βαλδουίδου
861 1336 1104 1392 συνόντος
1135 1331 1311 1392 αὐτοῖς
1343 1334 1432 1381 καὶ
1461 1336 1554 1381 τοῦ
1605 1331 1692 1380 τὸν
1750 1333 1906 1381 τόπον

295 1434 389 1477 τοῦ
422 1422 606 1485 δουκός
635 1426 916 1494 ἐπέχοντος
969 1425 1200 1482 Βενετίας
1256 1422 1304 1471 ἓν
1354 1427 1416 1490 τῇ
1480 1425 1905 1471 Κωνσταντινου-

294 1513 461 1568 πόλει.
503 1514 592 1575 Εἰς
632 1516 986 1586 στενοχωρίαν
1042 1517 1168 1580 ’γοῦν
1220 1508 1278 1560 ού
1328 1509 1518 1580 μικρὰν
1572 1505 1799 1568 ἐλθόντες
1858 1507 1907 1558 οι

293 1599 699 1674 τῆςἋδριανοῦ
731 1601 987 1674 οἰκήτορες
1040 1597 1420 1650 ἀποστέλλουσι
1471 1599 1603 1670 πρὸς
1660 1600 1747 1648 τὸν
1800 1595 1905 1668 βα-

298 1692 447 1744 σιλέα
471 1701 569 1743 τῶν
599 1690 906 1763 Βουλγάρων
934 1690 1194 1754 Ἰωάννην,
1232 1686 1320 1758 [Ρ.
1356 1686 1442 1757 12]
1490 1688 1571 1736 ἶνα
1617 1688 1906 1758 συνάρηται

294 1785 498 1842 τούτοις
533 1785 620 1832 καὶ
674 1787 766 1831 τοῦ
815 1777 1103 1852 ἐπηρμένου
1156 1773 1400 1828 κινδύνου
1453 1776 1683 1849 ῥύσηται
1731 1776 1798 1827 ⁵⁸.
1846 1775 1904 1826 Ὀ

2011 613 2315 670 deditione
2342 614 2820 687 Adrianopolitas
2851 616 3204 673 sollicitant:
3250 634 3516 693 namque
3561 636 3670 678 rex

2015 703 2405 773 Bulgarorum
2440 705 2697 759 Joannes
2727 703 3184 778 Philippopolim
3204 722 3427 777 magna
3453 711 3671 768 Roma-

2012 806 2230 846 norum
2263 791 2430 847 clade
2458 791 2665 864 prada
2686 791 2907 847 ditatus
2934 793 3342 864 praripuerat.
3373 797 3521 852 Cum
3549 801 3668 855 Ita-

2011 880 2207 935 lorum
2221 885 2440 950 jugum
2461 880 2922 953 Adrianopolita
2945 880 3391 951 detrectassent,
3410 885 3531 941 itali
3551 886 3668 960 24

2010 969 2069 1025 in
2100 985 2201 1025 eos
2225 972 2451 1042 copias,
2476 969 2695 1042 quibus
2718 970 3043 1026 Balduinus
3073 971 3398 1044 imperator
3423 977 3480 1029 et
3507 975 3670 1031 vices

2011 1059 2181 1114 ducis
2198 1059 2573 1115 Venetiarum
2607 1060 2864 1131 Byzantii
2892 1077 3104 1130 gerens
3142 1066 3364 1134 prasto
3396 1062 3666 1132 aderant,

2012 1149 2275 1204 educunt
2291 1164 2304 1213 ;
2317 1164 2504 1220 quare
2518 1148 2599 1203 Ad
2609 1149 2975 1220 rianopolita
2989 1151 3048 1206 in
3062 1167 3332 1207 summas
3355 1153 3670 1222 angustias

2013 1237 2252 1294 adducti
2276 1237 2353 1293 ad
2371 1253 2571 1308 regem
2595 1237 2986 1307 Bulgarorum
3016 1240 3331 1307 Joannem,
3355 1245 3420 1297 ut
3449 1257 3671 1314 suppe-

2013 1328 2125 1383 tias
2163 1328 2336 1383 ferret
2363 1331 2419 1382 et
2448 1342 2483 1382 a
2521 1328 2769 1399 scopulo
2799 1328 2860 1383 in
2897 1329 3284 1401 tranquillum
3322 1330 3665 1404 deduceret,

2013 1417 2172 1472 viros
2202 1415 2823 1485 delegant.Postulatis
2844 1417 2938 1473 ille
2968 1418 3317 1485 oblectatus,
3348 1421 3670 1494 sociosque

2015 1506 2124 1561 sibi
2145 1505 2394 1578 Scythas
2416 1506 2733 1576 asciscens,
2757 1522 2892 1562 cum
2915 1507 3119 1578 palam
3142 1508 3201 1562 in
3236 1509 3362 1563 acie
3380 1509 3670 1566 adversus

2014 1594 2252 1651 Latinos
2279 1594 2516 1666 prodire
2541 1610 2663 1649 non
2703 1599 2926 1667 p0sset,
2958 1612 3028 1651 ex
3059 1596 3293 1653 insidiis
3325 1613 3428 1652 eos
3466 1600 3669 1671 oppri-

2012 1700 2175 1740 mere
2195 1684 2417 1740 statuit.
2434 1684 3014 1756 lpsequidemlonge
3030 1685 3416 1758 Adrianopoli
3437 1687 3665 1754 aberat,

2016 1774 2259 1846 Scythas
2295 1789 2432 1828 vero
2457 1775 2517 1828 in
2558 1773 2731 1828 Italos
2762 1773 2956 1838 mittit,
2997 1779 3061 1830 ut
3092 1775 3367 1847 Scythico
3404 1777 3670 1834 bellandi

295 1866 356 1922 δε
389 1869 619 1941 ἀσμένως
652 1864 869 1939 δέχεται
919 1873 1093 1930 τοῦτο,
1143 1870 1232 1917 καὶ
1290 1866 1491 1925 Σκύθας
1541 1865 1657 1936 μεθ’
1717 1864 1902 1916 ἑαυτοῦ
1942 1883 1982 1936 Β
2011 1879 2060 1918 m

1942 1883 1982 1936 Β
2011 1863 2195 1918 modo
2217 1878 2318 1918 eos
2341 1863 2989 1932 aggrederentur.ltalis
3007 1863 3064 1918 in
3080 1880 3245 1920 more
3272 1870 3358 1921 est
3375 1866 3565 1938 equisi
3593 1866 3670 1922 fe-

291 1957 733 2032 προσλαϐὁμενος,
763 1955 870 2009 ἐπεί
903 1964 1129 2028 φανερῶς
1181 1953 1275 2006 οὐκ
1334 1949 1445 2025 εἶχε
1497 1959 1604 2014 τοῖς
1657 1957 1903 2014 Λατίνοις

291 2049 642 2120 μαχέσασθαι
717 2047 786 2111 ⁵⁸,
862 2045 1220 2118 περιγενέσθαι
1293 2041 1627 2114 βεϐούλευται
1715 2062 1900 2114 μηχα-

291 2144 407 2197 ναῖς
427 2138 495 2190 ⁸⁵.
533 2141 633 2189 Καί
672 2137 698 2187 ὁ
849 2137 1009 2187 ἔκειτο
1051 2135 1255 2207 μακράν
1304 2151 1402 2184 που
1455 2140 1544 2192 τῆς
1596 2128 1901 2203 Ἀδρίανου-

291 2226 509 2295 πόλεως,
538 2224 786 2298 ἐκπέμπει
818 2220 878 2276 δέ
922 2226 1058 2274 κατὰ
1109 2231 1208 2274 τῶν
1267 2220 1472 2274 Ἰταλῶν
1529 2224 1646 2282 τούς
1700 2223 1898 2285 Σκύθας

293 2323 356 2388 τῇ
389 2317 612 2387 Σκυθικῇ
650 2318 899 2388 στρατείᾳ
929 2312 1243 2386 χρήσασθαι
1283 2309 1399 2363 κατ’
1431 2310 1599 2362 αὐτῶν
1648 2311 1718 2366 ⁵⁸.
1771 2310 1899 2364 Ἰτα-

293 2403 400 2464 λοῖς
438 2406 527 2475 μεν
572 2400 659 2454 οὖν
704 2405 818 2464 ἔθος
873 2401 947 2473 ἐφ’
1007 2400 1187 2461 ἱπποις
1243 2399 1544 2471 ὑψαύχεσιν
1590 2397 1902 2471 ἐποχεῖσθαι

295 2494 682 2567 καταφράκτοις
714 2511 766 2544 τε
824 2487 896 2544 δι’
947 2489 1063 2542 ὅλου
1124 2490 1253 2541 εἶναι
1309 2496 1413 2549 τοῖς
1467 2489 1510 2523 ⁵⁷
1574 2487 1750 2550 ὅπλοις
1809 2496 1902 2542 τοῦ

299 2587 555 2654 σώματος,
615 2581 887 2633 κάντεῦθεν
945 2576 1273 2638 δυσκινήτως
1323 2581 1457 2630 κατὰ
1511 2586 1609 2629 τῶν
1665 2580 1903 2630 ἐναντίων

297 2673 502 2744 ὁρμῶσι
556 2671 626 2728 ⁵⁸.
723 2672 916 2722 Σκύθαι
978 2665 1038 2720 δε
1102 2672 1410 2742 κουφότερον
1441 2668 1556 2738 (97)
1587 2667 1906 2740 ὡπλισμένοι

298 2760 692 2833 ἐλευθερώτερον
725 2754 1028 2816 ἐπιπηδῶσι
1080 2764 1192 2819 τοῖς
1245 2757 1488 2817 ἐναντίοις
1537 2757 1613 2808 Ού
1660 2757 1731 2829 μὴ
1787 2757 1905 2820 ξυν-

299 2853 453 2910 ιέντες
514 2851 562 2900 οἱ
623 2846 813 2901 Ἰταλοί
876 2848 1022 2917 παρὰ
1093 2854 1190 2898 τῶν
1265 2847 1472 2898 Σκυθῶν
1542 2865 1906 2919 καταστρατη-

300 2946 542 3010 γοῦνται,
575 2939 711 2990 ὥστε
740 2941 827 2988 καὶ
876 2936 1032 2988 αὐτὸν
1058 2938 1144 2986 τὸν
1176 2933 1402 3007 βασιλέα
1440 2931 1749 2987 Βαλδουῖνον
1797 2936 1908 3007 (98)

378 3044 593 3096 ⁵³αύτοῦ
640 3075 710 3084 -—-
772 3041 1311 3096 Κωνσταντινουπόλει
1369 3056 1492 3096 om.
1547 3044 1608 3096 D.

296 3195 439 3260 μῶσι
469 3203 590 3244 om.
630 3190 692 3243 D.

1687 3043 1877 3118 ⁵³ῃκαί
1925 3074 1995 3084 -—
2040 3042 2272 3118 ῥύσηται
2320 3059 2465 3118 om._
2497 3044 2560 3098 D.

301 3117 352 3152 ⁸⁵
385 3123 658 3188 μηχαναῖς
686 3119 921 3168 Λατίνων
942 3116 1304 3189 περιγενέσθαι
1331 3109 1550 3166 σπεύδει
1602 3116 1668 3170 D.
1748 3114 1795 3150 ⁵⁸
1851 3109 2202 3188 τῇ--αὐτῶν
2253 3130 2374 3170 om.
2432 3114 2499 3168 D.
2575 3114 2619 3148 ⁵⁷
2670 3133 2726 3166 τε
2775 3121 2884 3176 τοῖς
2932 3109 3060 3170 oni.
3097 3109 3194 3171 Ἴ).

2008 1952 2254 2008 rocitate
2285 1951 2724 2007 exsultantibus
2751 1952 2903 2020 vehi,
2941 1952 3280 2026 munirique
3335 1955 3519 2009 armis
3559 1955 3671 2010 cir-

2009 2057 2394 2114 cumquaque
2417 2045 2537 2096 toto
2560 2057 2827 2113 corpore,
2854 2041 3111 2116 ideoque
3133 2058 3349 2114 segnes
3372 2059 3442 2098 ac
3467 2043 3671 2100 tardos

2006 2131 2066 2188 in
2083 2131 2285 2186 hostes
2298 2130 2454 2188 ferri.
2470 2132 2689 2185 Verum
2707 2131 2962 2202 Syctha,
2978 2132 3315 2188 cumlevius
3333 2137 3666 2201 armentur,

2003 2205 2250 2276 liberius
2283 2221 2356 2276 ad
2369 2219 2990 2293 versariosimpetunt.
3010 2221 3154 2277 Illud
3173 2223 3521 2291 ignorantes
3541 2223 3670 2280 Itali

2008 2327 2043 2366 a
2070 2310 2300 2382 Scythis
2314 2314 2527 2381 prater
2543 2309 2890 2382 opinionem
2906 2309 3059 2365 dolis
3078 2313 3524 2384 opprimuntur.
3547 2313 3671 2368 Bal-

2009 2399 2230 2454 duinus
2259 2399 2587 2471 imperator
2619 2404 2833 2470 captus
2855 2404 2909 2454 et
2940 2399 3189 2455 vinculis
3212 2401 3408 2469 gravis
3431 2401 3505 2457 ad
3535 2401 3671 2458 Bul-

2011 2505 2293 2561 garorum
2324 2503 2527 2556 regem
2562 2489 2855 2544 Joannem
2895 2488 3216 2545 adducitur
3251 2489 3442 2558 ;illius
3483 2496 3669 2564 caput

2011 2579 2369 2646 abscissum,
2417 2577 2821 2650 sordibusque
2871 2578 3116 2634 internis
3154 2584 3555 2652 expurgatum
3613 2584 3671 2638 et

2011 2668 2381 2726 ornamentis
2422 2666 2687 2739 undique
2745 2668 3232 2740 circumseptum,
3291 2670 3490 2741 poculi
3534 2671 3669 2726 loco

2013 2756 2276 2813 barbaro
2311 2755 2625 2810 inservisse
2654 2754 2816 2811 fama
2872 2760 2981 2812 est.
3022 2756 3488 2830 Adrianopolita
3546 2773 3671 2815 non

2017 2846 2220 2903 statim
2249 2860 2375 2900 rem
2408 2849 2799 2917 perceperant
2835 2863 2847 2900 :
2878 2860 3019 2900 nam
3053 2845 3200 2902 urbe
3223 2847 3443 2916 egressi
3460 2849 3671 2905 castris

2017 2934 2422 2992 adsultassent
2436 2932 2718 2989 [talorum
2735 2935 2785 3004 2
2799 2935 2848 3006 5
2870 2950 2940 2989 ac
2952 2934 3117 2990 bona
3129 2935 3538 3008 diripuissent.
3565 2941 3674 2995 Re-

2639 3043 2687 3077 “
2739 3042 2850 3094 ἐπεί
2897 3075 2966 3082 --
3022 3045 3370 3116 μαχέσασθαι
3428 3061 3550 3101 om.
3606 3049 3672 3104 Ι).

3272 3117 3320 3152 ⁵⁸
3371 3125 3462 3170 τοῦ
3495 3149 3564 3159 -
3591 3119 3676 3192 ὁρ-

1168 3273 1512 3343 Tbeodori
1563 3274 1814 3344 Dousa
1864 3284 1932 3343 et
1977 3275 2229 3344 Leonis
2278 3273 2510 3342 Allatii
2565 3285 2767 3342 nota.

369 3392 487 3464 (95)
530 3397 636 3452 Τὴν
689 3391 836 3464 πόλιν
889 3387 1189 3464 Ἀδριανοῦ.
1250 3390 1668 3464 Adrianopolis
1733 3391 1892 3464 obsi-
1933 3392 2134 3449 Cculis

1933 3393 1974 3449 C
2004 3392 2150 3446 culis
2181 3397 2464 3447 oneratus
2489 3392 2672 3464 longo
2702 3396 2969 3464 tempore
3022 3393 3274 3449 Ternobi
3326 3394 3457 3451 fuit.
3517 3397 3667 3454 Cum

295 3462 541 3520 dienem
559 3463 872 3520 etJoannis
884 3462 1199 3519 machinas
1221 3462 1507 3520 prolixius
1528 3467 1729 3517 narrat
1751 3462 1897 3519 Cho-

293 3537 459 3592 niata
479 3537 540 3590 in
576 3535 885 3592 Balduino.
911 3535 988 3590 De
1011 3536 1123 3590 hac
1148 3535 1292 3588 urbe
1318 3540 1527 3588 auctor
1551 3535 1689 3588 Vita
1718 3535 1894 3590 Atha-

293 3607 445 3678 nasii
465 3607 816 3678 patriarcha
840 3605 1479 3678 contantinopolitani:
1507 3605 1668 3678 Οὗτος
1686 3606 1711 3656 ὁ
1733 3610 1894 3677 μέγας

291 3683 386 3736 τὴν
414 3674 594 3751 ἀρετὴν
642 3684 732 3731 καὶ
790 3675 989 3751 σχεδὸν
1036 3674 1316 3751 παντί-τῶ
1373 3680 1551 3751 τόσμῳ
1619 3674 1894 3751 διαϐόητος

293 3699 386 3736 την
414 3698 594 3751 αρετην
642 3699 732 3731 και
790 3699 823 3730 σ
872 3698 989 3730 εοον
1036 3698 1191 3729 παντι
1244 3698 1316 3746 τῳ
1373 3698 1551 3748 τοσμῳ
1619 3698 1894 3737 οιαοοητος

293 3751 606 3812 Ἀθανάσιος
634 3698 870 3822 πατρίὸξι
907 3754 998 3822 μέν
1020 3751 1157 3822 Ξέσχε
1186 3751 1271 3800 τὸν
1303 3744 1564 3820 Ὀδρυσον
1608 3748 1755 3822 πόλιν
1806 3748 1895 3820 ἀρ-

291 3826 458 3893 χαίαν
489 3841 542 3873 τε
571 3827 661 3874 καὶ
690 3818 932 3893 ἐπιφανῆ,
975 3820 1034 3872 ού
1090 3818 1245 3890 μόνον
1292 3818 1571 3893 παντοίοις
1601 3818 1892 3891 βρίθουσαν

290 3889 401 3954 τοῖς
456 3892 637 3955 ἔξωθεν
705 3889 938 3964 ἀγαθοῖς,
1005 3889 1133 3943 ἀλλὰ
1170 3897 1258 3964 καὶ
1307 3893 1502 3953 πάσαις
1551 3889 1754 3963 ἀρεταῖς
1806 3911 1891 3964 κο-

290 3973 473 4037 μῶσαν
512 3969 602 4016 καὶ
632 3959 810 4027 πάσης
857 3962 1062 4034 ἀγαθῆς
1111 3959 1357 4024 παιδείας
1403 3959 1789 4037 ὑπερέχουσαν
1814 3962 1891 4036 ἐρ-

287 4035 594 4110 γαστήριον,
661 4036 744 4110 ἐξΔ
787 4037 1069 4110 Ὀρέστου⁸
1115 4038 1204 4106 μέν
1279 4042 1370 4110 τοῦ
1442 4035 1665 4110 πρώτως
1731 4035 1891 4110 αὐτὴν

290 4102 643 4181 ἀνεγείραντος
701 4102 1006 4181 κληθέῖσαν-
1060 4102 1400 4181 Ὀρεστιάδα,
1464 4102 1517 4168 ἐξ
1588 4107 1765 4181 Αἰλίου
1831 4103 1892 4160 δε

285 4177 700 4253 τοῦ”Ᾰδριανοῦ
755 4187 846 4232 τοῦ
897 4177 1375 4253 πολλοῖςλῦστερον
1429 4184 1641 4253 χρρνοις
1694 4178 1893 4253 πλατύ-

286 4271 463 4311 ναντος
491 4246 579 4302 κάὶ
641 4256 1005 4323 κοσμήσαντος
1068 4246 1386 4320 καλουμένην
1429 4246 1885 4323 ς’Ᾰὸηοιανούπολιν⁹

288 4325 407 4384 ἣτις
468 4322 612 4383 ὁσοις
663 4320 982 4397 περιρῥείται
1037 4323 1304 4397 παντοίοις
1361 4320 1609 4373 πάντοθεν
1674 4320 1891 4392 ἀγαθοῖς

286 4399 377 4446 καὶ
439 4401 694 4464 ποταμοῖς
727 4392 871 4468 ’πρὸς
916 4397 1121 4453 τούτοις
1171 4392 1355 4445 ἀένναα
1389 4393 1644 4468 ⁸ῥέουσιν,
1723 4394 1892 4455 ἔξεστι

287 4475 360 4536 τῷ
435 4461 730 4537 βουλομένῳ
781 4461 1122 4537 ’καταμαθεῖν
1198 4465 1303 4516 ἐκεῖ
1377 4461 1612 4537 difﬂata}.
1695 4469 1892 4535 φοιπὴ-

289 4521 460 4590 σᾶντὶ.
497 4541 574 4591 De
599 4521 819 4592 eadem
841 4526 1099 4592 Joannes
1121 4539 1345 4591 Tzetzes
1371 4536 1678 4601 Chiliad.8,
1703 4521 1893 4592 'versu

288 4614 411 4665 95L
440 4612 573 4665 ALL.

358 4680 470 4750 (96)
498 4685 603 4737 Τὴν
634 4679 1062 4734 Φιλιππούπολιν.
1122 4678 1435 4750 Choniata‘
1483 4677 1542 4731 in
1598 4677 1892 4750 Balduino

291 4745 566 4814 Flandro,
622 4767 680 4822 p.
713 4755 834 4807 829.
869 4758 1077 4805 ALL.-—
1112 4753 1171 4804 In
1198 4751 1312 4805 hoc
1344 4745 1762 4822 ἀνδραποδισμῴ
1794 4758 1890 4801 τῶν

285 4821 550 4894 Ῥωμαίων
574 4821 639 4877 et
673 4822 995 4894 miserabili
1037 4822 1368 4892 direptione
1395 4821 1558 4875 urbis
1591 4821 1892 4892 Philippo-

287 4893 442 4966 polis
464 4895 623 4965 (qua
640 4894 718 4949 ab
732 4893 1051 4948 Alexandri
1070 4893 1260 4959 Magni
1295 4898 1460 4963 patre
1479 4907 1701 4946 nomen
1730 4908 1891 4966 acce-

287 4965 1407 5036 pitetincunabula)antiquiscriptores
1421 4979 1558 5036 cum
1578 4965 1892 5033 Logotheta
1917 4997 1919 5000 ι

283 5035 685 5092 Consentium.
723 5041 875 5092 Inter
895 5035 1143 5091 caeteros
1186 5038 1353 5091 testis
1387 5035 1652 5096 αὐτόπτης
1707 5036 1887 5090 Gode-

286 5107 475 5162 {ridus
505 5107 1040 5174 Ville-llarduinus,
1072 5107 1502 5162 mareschallus
1525 5108 1887 5177 Campania,

286 5182 347 5234 V.
382 5182 425 5235 N
458 5196 470 5233 :
506 5181 585 5235 ait
609 5180 769 5234 enim
796 5181 1093 5234 Joannem
1119 5182 1386 5234 Asanum
1415 5178 1591 5250 pulso
1625 5179 1893 5234 Reinerio

283 5252 384 5322 (an
398 5251 726 5322 Renato)de
747 5251 998 5316 Utrecht,
1050 5251 1150 5321 qui
1165 5251 1294 5317 ejus
1309 5250 1470 5304 urbis
1487 5250 1892 5321 principatum

283 5338 320 5377 a
353 5321 639 5377 Baltluino
669 5323 1030 5393 imperatore
1053 5328 1382 5392 acceperat,
1405 5322 1599 5392 ipsam
1623 5323 1779 5376 hanc
1805 5338 1892 5376 ur-

282 5393 422 5448 bem
443 5400 646 5448 contra
666 5394 849 5448 tidem
871 5395 1075 5448 datam
1101 5393 1366 5448 funditus
1384 5393 1686 5459 evertisse,
1712 5393 1893 5464 inque

283 5464 513 5520 incolas
540 5466 865 5536 plusquam
885 5465 1204 5520 barbarica
1221 5464 1389 5520 rabie
1412 5464 1696 5530 saviisse,
1721 5465 1895 5520 inter-

283 5538 499 5608 emptis
527 5537 845 5592 crudeliter
902 5537 1356 5607 archiepiscopo
1401 5536 1889 5608 proceribusque,

283 5624 355 5664 ac
387 5608 613 5662 cateris
637 5609 696 5662 in
728 5608 1070 5663 servitutem
1097 5608 1372 5663 abductis
1393 5611 1603 5664 UOUSA.

500 5685 815 5754 Ronan-rapat:
846 5680 1136 5754 Choniata
1162 5695 1221 5751 p.
1255 5683 1378 5736 812.
1398 5685 1534 5735 ALL.

360 5749 476 5822 (98)
518 5749 850 5810 Βαλδουῖνον.
919 5749 1230 5822 Choniata,
1293 5766 1354 5824 p.
1425 5755 1547 5808 814.
1607 5752 1698 5808 Sic
1765 5751 1892 5809 vin-

2004 3469 2204 3518 autem
2239 3465 2506 3534 Aspietas
2538 3463 2614 3518 ad
2649 3463 2886 3518 Latinos
2917 3464 3246 3533 deiecisset,
3289 3467 3552 3522 Joannes
3573 3469 3666 3525 vir

2002 3540 2231 3610 astutus
2261 3540 2316 3590 et
2337 3535 2550 3610 dolore
2569 3534 2627 3610 in
2659 3535 3266 3610 diesingravescente
3293 3554 3446 3610 pene
3471 3541 3531 3594 in
3553 3555 3660 3596 ra-

2002 3606 2162 3682 biem
2191 3613 2376 3677 actus,
2408 3605 2702 3682 Balduino
2733 3607 2947 3682 educto
2971 3623 3000 3661 e
3023 3623 3259 3682 carcere
3282 3605 3467 3682 pedes
3494 3626 3531 3665 a
3559 3626 3664 3682 ge-

2004 3677 2180 3751 nibus
2212 3683 2267 3751 et
2299 3693 2514 3751 manus
2543 3694 2578 3733 a
2601 3677 2862 3751 brachiis
2885 3679 3074 3751 securi
3095 3677 3419 3751 amputari,
3444 3677 3662 3738 deinde

2004 3749 2204 3820 ipsum
2236 3749 2295 3803 in
2328 3748 2542 3803 vallem
2576 3749 2934 3820 pracipitari
2975 3750 3146 3820 jubet
3179 3748 3321 3814 {ubi
3357 3748 3524 3808 tertio
3557 3753 3662 3809 de-

2004 3837 2171 3895 mum
2213 3820 2308 3875 die
2331 3837 2469 3875 esca
2492 3820 2803 3895 volucrum
2837 3821 3276 3895 miserabiliter,
3319 3824 3660 3895 exspiravit.

2003 3891 2146 3972 Hinc
2176 3896 2336 3963 patet
2357 3896 2653 4017 quantum
2683 3891 2967 3973 fallantur
2994 3892 3030 3947 ii
3057 3894 3160 3974 qui
3183 3891 3548 3952 Balduinum
3577 3895 3664 3952 fa-

2003 3967 2106 4017 tali
2137 3969 2326 4017 morte
2411 3978 2695 4017 eceSSisse
2727 3970 2830 4017 aut
2866 3979 2925 4017 in
2957 3964 3114 4017 bello
3142 3966 3514 4017 interfectum
3547 3972 3663 4017 tra-

2002 3964 2106 4018 tali
2137 3969 2326 4018 morte
2367 3963 2695 4018 decessisse
2727 3970 2830 4018 aut
2866 3965 2925 4018 in
2957 3963 3114 4020 bello
3142 3965 3515 4022 interfectum
3547 3972 3663 4024 tra-

2001 4034 2171 4090 dunt.
2207 4037 2270 4090 Et
2294 4040 2592 4106 quantum
2617 4035 2798 4103 garrit
2830 4037 3160 4092 Dorotheus
3193 4038 3666 4096 Monembasien-

2001 4107 2102 4173 sis,
2133 4107 2235 4178 qui
2258 4122 2396 4178 eum
2427 4106 2487 4161 in
2511 4107 2745 4163 Oriente
2771 4111 2908 4178 post
2937 4108 3222 4164 tredecim
3279 4125 3472 4165 annos
3521 4126 3663 4166 cum

1998 4177 2296 4249 pugnaret
2326 4177 2619 4249 adversus
2646 4177 3023 4235 Theodorum
3067 4180 3372 4236 Lascarim
3419 4181 3664 4238 defunc-

2001 4248 2126 4326 tlim
2162 4249 2400 4326 scribit}
2439 4254 2538 4302 Καὶ
2559 4248 2811 4326 totiuga»
2853 4254 3091 4321 φούσατα
3114 4251 3296 4326 πολλὰ,
3338 4257 3428 4305 καὶ
3465 4252 3661 4326 γὶπῆρεν

2001 4320 2185 4398 amas
2240 4319 2493 4398 βασιλεύς
2549 4323 2573 4373 ὁ
2627 4319 2953 4388 Βαλδουῖνος,
3003 4328 3111 4398 καὶ-
3139 4319 3383 4398 ἐπέρασεν
3436 4325 3504 4386 εἰς
3566 4319 3662 4384 τηε.

2001 4391 2273 4467 ανατολὴν,
2308 4397 2397 4444 καὶ
2449 4392 2633 4467 ἐπῆγεν
2688 4393 2754 4454 εἰς
2810 4399 2902 4451 τὴν
2937 4391 3338 4467 νΦιλαδελφέιαν,
3386 4400 3476 4467 καὶ
3534 4395 3660 4450 ἕπο-

2000 4463 2130 4539 λέμα
2169 4467 2309 4535 ματα
2340 4471 2427 4516 τοῦ
2480 4463 2736 4536 βασιλέως
2788 4474 2893 4539 -τῶν
2931 4463 3216 4539 Ῥωμαίων,
3264 4473 3353 4519 καὶ
3401 4466 3659 4539 ἐμάχετον

2004 4533 2272 4610 δεκατρεῖς
2325 4533 2572 4621 χρόνους,
2624 4543 2712 4588 καὶ
2780 4535 2882 4588 ἐκεῖ
2939 4533 3208 4607 ἀπέθανενέ
3265 4543 3352 4590 καὶ
3393 4533 3656 4621 τινὲξμὲν

2004 4606 2054 4621 κ,
2227 4609 2244 4618 η
2440 4610 2478 4621 ,λ
2655 4611 2662 4621 .
2876 4613 2884 4621 .
2981 4613 3038 4621 -.
3279 4610 3354 4621 ...
3479 4607 3511 4621 ι..
3616 4615 3626 4621 .

2004 4562 2272 4610 σεκαῐρεις
2325 4562 2572 4621 χ’ρυνους,
2624 4562 2712 4588 χαι
2780 4562 2880 4588 εχει
2939 4562 3206 4607 απεσανεν,
3265 4562 3352 4590 και
3393 4562 3524 4600 τινες
3608 4562 3656 4593 εν

1999 4606 2179 4678 λέγουν
2220 4609 2298 4659 ὅτι
2353 4610 2568 4660 απέθανε
2615 4611 2700 4659 τὸν
2751 4613 2920 4661 κοινὸν
2975 4613 3212 4680 θάνατον9
3274 4610 3418 4662 ἄλλοι
3468 4607 3526 4664 δὲ
3567 4562 3659 4664 λέ-

2000 4681 2237 4754 σχουν-ὅτι
2269 4680 2341 4740 εἰς
2371 4683 2454 4731 τὸν
2491 4683 2706 4754 θάνατον
2728 4680 3016 4754 ἐσκοτώθη.
3070 4682 3365 4738 Sabellius
3411 4698 3658 4754 quoque

2003 4751 2076 4804 de
2094 4751 2225 4819 ejus
2251 4758 2437 4807 morte
2459 4753 2620 4806 varia
2643 4753 2840 4820 tradit,
2867 4753 2969 4807 lib.
2995 4771 3072 4820 v1,
3101 4755 3365 4809 Ennead.
3390 4751 3448 4808 1i
3469 4771 3490 4809 .'
3517 4751 3660 4811 Bal-

2002 4823 2243 4884 duinus,
2277 4824 2380 4894 qui
2409 4830 2537 4891 post
2570 4825 2932 4893 Byzantium
2982 4841 3019 4880 a
3078 4827 3268 4880 Gallis
3308 4831 3363 4881 et
3432 4827 3660 4882 Venetis

2003 4901 2243 4961 captam
2261 4896 2467 4963 fuerat
2490 4896 2821 4963 imperator
2843 4898 3212 4963 declaratus,
3237 4898 3403 4953 intra
3425 4913 3658 4954 annum

2002 4981 2118 5091 quo
2131 4966 2252 5034 fuit
2276 4966 2522 5047 imperio
2542 4968 2768 5049 politas
2790 4970 2912 5050 vita
2935 4970 3198 5051 decessit.
3224 4972 3378 5052 bunt
3394 4970 3497 5040 qui
3518 4970 3662 5026 scri-

2045 5045 2152 5091 unt
2175 5038 2254 5091 ad
2273 5039 2769 5091 Hadrtanonolzm
2791 5047 3010 5091 victum
3031 5058 3093 5091 ιη
3113 5041 3369 5091 hostzum
3401 5045 3662 5091 molesta-

2045 5045 2152 5092 unt
2175 5038 2254 5092 ad
2269 5039 2769 5111 HadrianOpolim
2791 5041 3010 5096 victum
3031 5042 3093 5095 in
3113 5041 3369 5096 hostium
3399 5038 3663 5111 potesta-

2004 5115 2117 5164 tem
2142 5109 2367 5164 venisse
2396 5117 2577 5181 atque
2605 5112 2668 5165 in
2709 5113 2966 5167 vinculis
2999 5119 3190 5168 morte
3220 5109 3663 5181 consumptum,

2004 5181 2424 5252 aliiquzant-ii
2457 5182 2630 5236 aiunt
2655 5182 2786 5251 fato
2822 5184 3197 5252 defunctum.
3240 5184 3416 5240 Addit
3456 5181 3668 5241 Choni—

2003 5259 2101 5326 ata
2121 5251 2473 5326 lectissimos
2506 5255 2850 5326 Latinorum
2882 5251 3109 5326 equites
3139 5262 3193 5311 et
3219 5256 3405 5312 hastis
3430 5257 3672 5312 vibran-

2003 5323 2095 5378 dis
2119 5323 2381 5378 celebres
2404 5340 2474 5378 eo
2501 5325 2559 5380 in
2587 5326 2869 5381 conﬂictu
2900 5323 3206 5391 cecidisse,
3224 5334 3280 5383 et
3303 5327 3455 5383 Plea
3477 5327 3665 5384 comi-

2005 5402 2123 5449 tem
2154 5395 2478 5450 l.odoicum
2511 5416 2524 5460 ;
2555 5397 3009 5454 callidissimum
3039 5399 3267 5455 malum
3297 5404 3353 5455 et
3390 5400 3668 5456 omnium

2005 5469 2412 5542 Romanarum
2434 5468 2715 5542 icladium
2744 5470 3003 5542 primum
3034 5476 3361 5540 auctorem,
3397 5471 3667 5528 Venetia-

2003 5554 2138 5612 rum
2172 5539 2388 5594 (lucem
2431 5539 2791 5609 Dandulum,
2829 5541 2996 5597 clade
3028 5544 3320 5598 exercitus
3347 5558 3418 5598 ex
3441 5543 3669 5612 fugien-

2005 5610 2162 5665 tibus
2176 5613 2644 5688 cognita,s_tatim
2660 5615 2964 5688 conversis
2981 5614 3159 5688 frenis
3173 5616 3230 5688 in
3247 5620 3442 5671 castra
3456 5610 3668 5688 prope-

2001 5684 3182 5757 rasseetByzantiumrediisse,intestinis
3207 5687 3351 5757 fuga
3375 5684 3668 5757 tot-para-

2004 5769 2336 5825 sangarum
2357 5756 2544 5828 ruptis
2556 5761 2820 5815 etscroto
2841 5758 2902 5813 in
2931 5756 3298 5816 immensum
3315 5756 3665 5818 tumefacto.
