  <div class='ocr_page' id='page_1' title='image "/cluster/home/n/w/nwhite01/storage/ocr_20150623/140/nnc1.0046979905/524.png"; bbox 0 0 4470 6452; ppageno 0'>
   <div class='ocr_carea' id='block_1_1' title="bbox 379 346 522 402">
    <p class='ocr_par' dir='ltr' id='par_1_1' title="bbox 379 346 522 402">
     <span class='ocr_line' id='line_1_1' title="bbox 379 346 522 402; baseline -0.028 0"><span class='ocrx_word' id='word_1_1' title='bbox 379 346 522 402; x_wconf 78' lang='grc'>1017</span> 
     </span>
    </p>
   </div>
   <div class='ocr_carea' id='block_1_2' title="bbox 1873 343 2225 401">
    <p class='ocr_par' dir='ltr' id='par_1_2' title="bbox 1873 343 2225 401">
     <span class='ocr_line' id='line_1_2' title="bbox 1873 343 2225 401; baseline 0.009 -4"><span class='ocrx_word' id='word_1_2' title='bbox 1873 343 2225 401; x_wconf 80' lang='lat' dir='ltr'>ANNALES.</span> 
     </span>
    </p>
   </div>
   <div class='ocr_carea' id='block_1_3' title="bbox 3619 353 3750 406">
    <p class='ocr_par' dir='ltr' id='par_1_3' title="bbox 3619 353 3750 406">
     <span class='ocr_line' id='line_1_3' title="bbox 3619 353 3750 406; baseline 0 0"><span class='ocrx_word' id='word_1_3' title='bbox 3619 353 3750 406; x_wconf 75' lang='lat'>1018</span> 
     </span>
    </p>
   </div>
   <div class='ocr_carea' id='block_1_4' title="bbox 383 468 2051 544">
    <p class='ocr_par' dir='ltr' id='par_1_4' title="bbox 383 469 2051 542">
     <span class='ocr_line' id='line_1_4' title="bbox 383 469 2051 542; baseline -0.001 -21"><span class='ocrx_word' id='word_1_4' title='bbox 383 476 622 538; x_wconf 78' lang='grc' dir='ltr'>σκηναῖς,</span> <span class='ocrx_word' id='word_1_5' title='bbox 680 475 769 522; x_wconf 84' lang='grc' dir='ltr'>καὶ</span> <span class='ocrx_word' id='word_1_6' title='bbox 829 471 1054 542; x_wconf 62' lang='grc' dir='ltr'>ὑποψίαν</span> <span class='ocrx_word' id='word_1_7' title='bbox 1112 469 1282 532; x_wconf 78' lang='grc' dir='ltr'>δόντες</span> <span class='ocrx_word' id='word_1_8' title='bbox 1327 477 1436 532; x_wconf 87' lang='grc' dir='ltr'>τοῖς</span> <span class='ocrx_word' id='word_1_9' title='bbox 1481 470 1714 530; x_wconf 73' lang='grc' dir='ltr'>πολίταις</span> <span class='ocrx_word' id='word_1_10' title='bbox 1769 472 1837 528; x_wconf 85' lang='grc' dir='ltr'>ὡς</span> <span class='ocrx_word' id='word_1_11' title='bbox 1886 471 1983 520; x_wconf 82' lang='grc' dir='ltr'>πά·</span> <span class='ocrx_word' id='word_1_12' title='bbox 2015 470 2051 524; x_wconf 75' lang='grc' dir='ltr'><strong>Α</strong></span> 
     </span>
    </p>
   </div>
   <div class='ocr_carea' id='block_1_5' title="bbox 2038 468 3750 544">
    <p class='ocr_par' dir='ltr' id='par_1_5' title="bbox 2038 468 3750 544">
     <span class='ocr_line' id='line_1_5' title="bbox 2038 468 3750 544; baseline 0.004 -21"><span class='ocrx_word' id='word_1_13' title='bbox 2038 470 2064 523; x_wconf 60' lang='grc' dir='ltr'>ι</span> <span class='ocrx_word' id='word_1_14' title='bbox 2095 473 2213 524; x_wconf 86' lang='lat' dir='ltr'>tem</span> <span class='ocrx_word' id='word_1_15' title='bbox 2245 468 2481 538; x_wconf 85' lang='lat' dir='ltr'>callent,</span> <span class='ocrx_word' id='word_1_16' title='bbox 2504 485 2700 543; x_wconf 88' lang='lat' dir='ltr'>neque</span> <span class='ocrx_word' id='word_1_17' title='bbox 2730 471 3046 544; x_wconf 87' lang='lat' dir='ltr'>quippiam</span> <span class='ocrx_word' id='word_1_18' title='bbox 3083 470 3244 526; x_wconf 86' lang='lat' dir='ltr'>aliud</span> <span class='ocrx_word' id='word_1_19' title='bbox 3266 471 3574 544; x_wconf 85' lang='lat' dir='ltr'>capiendis</span> <span class='ocrx_word' id='word_1_20' title='bbox 3592 474 3750 530; x_wconf 86' lang='lat' dir='ltr'>urbi-</span> 
     </span>
    </p>
   </div>
   <div class='ocr_carea' id='block_1_6' title="bbox 380 559 1984 633">
    <p class='ocr_par' dir='ltr' id='par_1_6' title="bbox 380 559 1984 633">
     <span class='ocr_line' id='line_1_6' title="bbox 380 559 1984 633; baseline -0.001 -24"><span class='ocrx_word' id='word_1_21' title='bbox 380 575 538 630; x_wconf 86' lang='grc' dir='ltr'>ρεισι,</span> <span class='ocrx_word' id='word_1_22' title='bbox 589 562 761 630; x_wconf 90' lang='grc' dir='ltr'>μέσων</span> <span class='ocrx_word' id='word_1_23' title='bbox 799 569 995 612; x_wconf 79' lang='grc' dir='ltr'>νυκτῶν</span> <span class='ocrx_word' id='word_1_24' title='bbox 1029 559 1259 633; x_wconf 76' lang='grc' dir='ltr'>φυγάδες</span> <span class='ocrx_word' id='word_1_25' title='bbox 1306 560 1390 613; x_wconf 81' lang='grc' dir='ltr'>ἐπὶ</span> <span class='ocrx_word' id='word_1_26' title='bbox 1447 564 1540 618; x_wconf 77' lang='grc' dir='ltr'>τήν</span> <span class='ocrx_word' id='word_1_27' title='bbox 1597 562 1984 612; x_wconf 79' lang='grc' dir='ltr'>Κωνσταντίνου</span> 
     </span>
    </p>
   </div>
   <div class='ocr_carea' id='block_1_7' title="bbox 379 644 1985 722">
    <p class='ocr_par' dir='ltr' id='par_1_7' title="bbox 379 644 1985 722">
     <span class='ocr_line' id='line_1_7' title="bbox 379 644 1985 722; baseline 0.001 -25"><span class='ocrx_word' id='word_1_28' title='bbox 379 654 623 720; x_wconf 80' lang='grc' dir='ltr'>χωροῦσι</span> <span class='ocrx_word' id='word_1_29' title='bbox 684 651 896 720; x_wconf 81' lang='grc' dir='ltr'>Πρωῖας</span> <span class='ocrx_word' id='word_1_30' title='bbox 925 659 1050 722; x_wconf 70' lang='grc' dir='ltr'>γοῦν</span> <span class='ocrx_word' id='word_1_31' title='bbox 1097 656 1301 722; x_wconf 77' lang='grc' dir='ltr'>γνόντες</span> <span class='ocrx_word' id='word_1_32' title='bbox 1333 658 1482 702; x_wconf 74' lang='grc' dir='ltr'>τοῦτο</span> <span class='ocrx_word' id='word_1_33' title='bbox 1541 648 1589 700; x_wconf 88' lang='grc' dir='ltr'>οἰ</span> <span class='ocrx_word' id='word_1_34' title='bbox 1633 656 1725 709; x_wconf 81' lang='grc' dir='ltr'>τῆς</span> <span class='ocrx_word' id='word_1_35' title='bbox 1770 644 1985 719; x_wconf 72' lang='grc' dir='ltr'>Ἀδρια-</span> 
     </span>
    </p>
   </div>
   <div class='ocr_carea' id='block_1_8' title="bbox 379 735 1986 814">
    <p class='ocr_par' dir='ltr' id='par_1_8' title="bbox 379 735 1986 814">
     <span class='ocr_line' id='line_1_8' title="bbox 379 735 1986 814; baseline 0.001 -28"><span class='ocrx_word' id='word_1_36' title='bbox 379 742 468 787; x_wconf 80' lang='grc' dir='ltr'>νοῦ</span> <span class='ocrx_word' id='word_1_37' title='bbox 538 735 804 810; x_wconf 79' lang='grc' dir='ltr'>οἰκήτορες</span> <span class='ocrx_word' id='word_1_38' title='bbox 884 743 948 792; x_wconf 75' lang='grc' dir='ltr'>τὰ</span> <span class='ocrx_word' id='word_1_39' title='bbox 1027 740 1382 814; x_wconf 72' lang='grc' dir='ltr'>ἐλλελειμμένα</span> <span class='ocrx_word' id='word_1_40' title='bbox 1419 746 1532 800; x_wconf 83' lang='grc' dir='ltr'>ταῖς</span> <span class='ocrx_word' id='word_1_41' title='bbox 1580 745 1796 800; x_wconf 78' lang='grc' dir='ltr'>σκηναῖς</span> <span class='ocrx_word' id='word_1_42' title='bbox 1853 737 1986 795; x_wconf 79' lang='grc' dir='ltr'>ἐληί-</span> 
     </span>
    </p>
   </div>
   <div class='ocr_carea' id='block_1_9' title="bbox 382 825 1986 904">
    <p class='ocr_par' dir='ltr' id='par_1_9' title="bbox 382 825 1986 904">
     <span class='ocr_line' id='line_1_9' title="bbox 382 825 1986 904; baseline 0.001 -28"><span class='ocrx_word' id='word_1_43' title='bbox 382 844 562 880; x_wconf 85' lang='grc' dir='ltr'>σαντο.</span> <span class='ocrx_word' id='word_1_44' title='bbox 589 825 651 878; x_wconf 77' lang='grc' dir='ltr'>⁴Ο</span> <span class='ocrx_word' id='word_1_45' title='bbox 677 830 767 898; x_wconf 72' lang='grc' dir='ltr'>μεν</span> <span class='ocrx_word' id='word_1_46' title='bbox 793 825 880 880; x_wconf 77' lang='grc' dir='ltr'>οὖν</span> <span class='ocrx_word' id='word_1_47' title='bbox 935 828 1182 902; x_wconf 73' lang='grc' dir='ltr'>βασιλεὺς</span> <span class='ocrx_word' id='word_1_48' title='bbox 1237 829 1539 904; x_wconf 76' lang='grc' dir='ltr'>Βουλγὰρων</span> <span class='ocrx_word' id='word_1_49' title='bbox 1591 831 1727 880; x_wconf 81' lang='grc' dir='ltr'>κατὰ</span> <span class='ocrx_word' id='word_1_50' title='bbox 1773 829 1838 879; x_wconf 78' lang='grc' dir='ltr'>τὰ</span> <span class='ocrx_word' id='word_1_51' title='bbox 1869 829 1986 879; x_wconf 77' lang='grc' dir='ltr'>ὑπε-</span> 
     </span>
    </p>
   </div>
   <div class='ocr_carea' id='block_1_10' title="bbox 383 915 1986 994">
    <p class='ocr_par' dir='ltr' id='par_1_10' title="bbox 383 915 1986 994">
     <span class='ocr_line' id='line_1_10' title="bbox 383 915 1986 994; baseline 0.001 -28"><span class='ocrx_word' id='word_1_52' title='bbox 383 918 629 986; x_wconf 82' lang='grc' dir='ltr'>σχημένα</span> <span class='ocrx_word' id='word_1_53' title='bbox 676 923 782 977; x_wconf 82' lang='grc' dir='ltr'>τοῖς</span> <span class='ocrx_word' id='word_1_54' title='bbox 839 915 1118 992; x_wconf 77' lang='grc' dir='ltr'>Ἀδριανου</span> <span class='ocrx_word' id='word_1_55' title='bbox 1144 919 1382 981; x_wconf 79' lang='grc' dir='ltr'>πολίταις</span> <span class='ocrx_word' id='word_1_56' title='bbox 1421 918 1673 994; x_wconf 78' lang='grc' dir='ltr'>ἐγκρατὴς</span> <span class='ocrx_word' id='word_1_57' title='bbox 1749 918 1986 988; x_wconf 74' lang='grc' dir='ltr'>γινέσθαι</span> 
     </span>
    </p>
   </div>
   <div class='ocr_carea' id='block_1_11' title="bbox 379 1005 1983 1082">
    <p class='ocr_par' dir='ltr' id='par_1_11' title="bbox 379 1005 1983 1082">
     <span class='ocr_line' id='line_1_11' title="bbox 379 1005 1983 1082; baseline 0.002 -26"><span class='ocrx_word' id='word_1_58' title='bbox 379 1011 476 1064; x_wconf 84' lang='grc' dir='ltr'>τῆς</span> <span class='ocrx_word' id='word_1_59' title='bbox 506 1012 645 1075; x_wconf 83' lang='grc' dir='ltr'>σφῶν</span> <span class='ocrx_word' id='word_1_60' title='bbox 675 1005 870 1068; x_wconf 88' lang='grc' dir='ltr'>πόλεως</span> <span class='ocrx_word' id='word_1_61' title='bbox 902 1010 1143 1082; x_wconf 76' lang='grc' dir='ltr'>ὥρμησεν</span> <span class='ocrx_word' id='word_1_62' title='bbox 1178 1031 1190 1042; x_wconf 90' lang='grc'><strong>·</strong></span> <span class='ocrx_word' id='word_1_63' title='bbox 1230 1012 1280 1061; x_wconf 85' lang='grc' dir='ltr'>οἱ</span> <span class='ocrx_word' id='word_1_64' title='bbox 1335 1006 1393 1062; x_wconf 72' lang='grc' dir='ltr'>δὲ</span> <span class='ocrx_word' id='word_1_65' title='bbox 1445 1007 1772 1066; x_wconf 69' lang='grc' dir='ltr'>ἀπηνήναντο</span> <span class='ocrx_word' id='word_1_66' title='bbox 1811 1013 1983 1060; x_wconf 77' lang='grc' dir='ltr'>τοῦτο.</span> 
     </span>
    </p>
   </div>
   <div class='ocr_carea' id='block_1_12' title="bbox 381 1093 1983 1173">
    <p class='ocr_par' dir='ltr' id='par_1_12' title="bbox 381 1093 1983 1173">
     <span class='ocr_line' id='line_1_12' title="bbox 381 1093 1983 1173; baseline 0.002 -30"><span class='ocrx_word' id='word_1_67' title='bbox 381 1098 869 1165; x_wconf 85' lang='grc' dir='ltr'>Δυσανασχετήσας</span> <span class='ocrx_word' id='word_1_68' title='bbox 901 1093 988 1149; x_wconf 77' lang='grc' dir='ltr'>οὖν</span> <span class='ocrx_word' id='word_1_69' title='bbox 1038 1099 1062 1149; x_wconf 92' lang='grc' dir='ltr'>ό</span> <span class='ocrx_word' id='word_1_70' title='bbox 1119 1106 1218 1149; x_wconf 80' lang='grc' dir='ltr'>τῶν</span> <span class='ocrx_word' id='word_1_71' title='bbox 1260 1097 1564 1173; x_wconf 78' lang='grc' dir='ltr'>Βουλγάρων</span> <span class='ocrx_word' id='word_1_72' title='bbox 1624 1094 1875 1170; x_wconf 81' lang='grc' dir='ltr'>βασιλεὺς</span> <span class='ocrx_word' id='word_1_73' title='bbox 1921 1103 1983 1166; x_wconf 76' lang='grc' dir='ltr'>τῇ</span> 
     </span>
    </p>
   </div>
   <div class='ocr_carea' id='block_1_13' title="bbox 382 1179 1989 1257">
    <p class='ocr_par' dir='ltr' id='par_1_13' title="bbox 382 1179 1989 1257">
     <span class='ocr_line' id='line_1_13' title="bbox 382 1179 1989 1257; baseline 0.007 -24"><span class='ocrx_word' id='word_1_74' title='bbox 382 1179 557 1254; x_wconf 75' lang='grc' dir='ltr'>ἀπάτῃ</span> <span class='ocrx_word' id='word_1_75' title='bbox 617 1183 966 1257; x_wconf 80' lang='grc' dir='ltr'>πολιορκῆσαι</span> <span class='ocrx_word' id='word_1_76' title='bbox 1029 1189 1242 1250; x_wconf 78' lang='grc' dir='ltr'>τούτους</span> <span class='ocrx_word' id='word_1_77' title='bbox 1300 1187 1570 1247; x_wconf 83' lang='grc' dir='ltr'>ἠθέλησεν.</span> <span class='ocrx_word' id='word_1_78' title='bbox 1628 1186 1762 1240; x_wconf 80' lang='grc' dir='ltr'>Ἀλλ’</span> <span class='ocrx_word' id='word_1_79' title='bbox 1816 1184 1989 1256; x_wconf 76' lang='grc' dir='ltr'>ἀφυεῖς</span> 
     </span>
    </p>
   </div>
   <div class='ocr_carea' id='block_1_14' title="bbox 381 1271 1989 1352">
    <p class='ocr_par' dir='ltr' id='par_1_14' title="bbox 381 1271 1989 1352">
     <span class='ocr_line' id='line_1_14' title="bbox 381 1271 1989 1352; baseline 0.015 -31"><span class='ocrx_word' id='word_1_80' title='bbox 381 1271 642 1332; x_wconf 81' lang='grc' dir='ltr'>παντελῶς</span> <span class='ocrx_word' id='word_1_81' title='bbox 696 1273 768 1334; x_wconf 85' lang='grc' dir='ltr'>εἰς</span> <span class='ocrx_word' id='word_1_82' title='bbox 824 1274 1125 1350; x_wconf 86' lang='grc' dir='ltr'>πολιορκίαν</span> <span class='ocrx_word' id='word_1_83' title='bbox 1195 1279 1243 1330; x_wconf 83' lang='grc' dir='ltr'>οἱ</span> <span class='ocrx_word' id='word_1_84' title='bbox 1298 1277 1583 1352; x_wconf 65' lang='grc' dir='ltr'>Βούλγαροι</span> <span class='ocrx_word' id='word_1_85' title='bbox 1625 1297 1638 1309; x_wconf 93' lang='grc'><strong>·</strong></span> <span class='ocrx_word' id='word_1_86' title='bbox 1689 1279 1833 1334; x_wconf 68' lang='grc' dir='ltr'>οὗτος</span> <span class='ocrx_word' id='word_1_87' title='bbox 1889 1276 1989 1346; x_wconf 70' lang='grc' dir='ltr'>γὰρ</span> 
     </span>
    </p>
   </div>
   <div class='ocr_carea' id='block_1_15' title="bbox 382 1357 1989 1441">
    <p class='ocr_par' dir='ltr' id='par_1_15' title="bbox 382 1357 1989 1441">
     <span class='ocr_line' id='line_1_15' title="bbox 382 1357 1989 1441; baseline 0.003 -31"><span class='ocrx_word' id='word_1_88' title='bbox 382 1357 636 1422; x_wconf 79' lang='grc' dir='ltr'>ἑλεπόλεις</span> <span class='ocrx_word' id='word_1_89' title='bbox 667 1358 849 1416; x_wconf 82' lang='grc' dir='ltr'>οἴδασι</span> <span class='ocrx_word' id='word_1_90' title='bbox 879 1371 1099 1434; x_wconf 79' lang='grc' dir='ltr'>στῆσαι,</span> <span class='ocrx_word' id='word_1_91' title='bbox 1147 1367 1259 1418; x_wconf 73' lang='grc' dir='ltr'>οὔθ’</span> <span class='ocrx_word' id='word_1_92' title='bbox 1309 1368 1475 1441; x_wconf 82' lang='grc' dir='ltr'>ἔτερόν</span> <span class='ocrx_word' id='word_1_93' title='bbox 1521 1386 1573 1418; x_wconf 91' lang='grc' dir='ltr'>τι</span> <span class='ocrx_word' id='word_1_94' title='bbox 1619 1373 1717 1416; x_wconf 88' lang='grc' dir='ltr'>τῶν</span> <span class='ocrx_word' id='word_1_95' title='bbox 1769 1361 1989 1435; x_wconf 79' lang='grc' dir='ltr'>δυναμέ-</span> 
     </span>
    </p>
   </div>
   <div class='ocr_carea' id='block_1_16' title="bbox 383 1448 1990 1530">
    <p class='ocr_par' dir='ltr' id='par_1_16' title="bbox 383 1448 1990 1530">
     <span class='ocr_line' id='line_1_16' title="bbox 383 1448 1990 1530; baseline 0.003 -32"><span class='ocrx_word' id='word_1_96' title='bbox 383 1467 482 1498; x_wconf 95' lang='grc' dir='ltr'>νων</span> <span class='ocrx_word' id='word_1_97' title='bbox 536 1451 806 1522; x_wconf 83' lang='grc' dir='ltr'>πορθῆσαι</span> <span class='ocrx_word' id='word_1_98' title='bbox 869 1448 1282 1512; x_wconf 81' lang='grc' dir='ltr'>διανοήσασθαι.</span> <span class='ocrx_word' id='word_1_99' title='bbox 1333 1454 1568 1530; x_wconf 86' lang='grc' dir='ltr'>Ἀπάρας</span> <span class='ocrx_word' id='word_1_100' title='bbox 1620 1460 1746 1525; x_wconf 72' lang='grc' dir='ltr'>γοῦν</span> <span class='ocrx_word' id='word_1_101' title='bbox 1804 1451 1990 1504; x_wconf 79' lang='grc' dir='ltr'>ἐκεῖθεν</span> 
     </span>
    </p>
   </div>
   <div class='ocr_carea' id='block_1_17' title="bbox 385 1535 1988 1618">
    <p class='ocr_par' dir='ltr' id='par_1_17' title="bbox 385 1535 1988 1618">
     <span class='ocr_line' id='line_1_17' title="bbox 385 1535 1988 1618; baseline 0.005 -30"><span class='ocrx_word' id='word_1_102' title='bbox 385 1537 412 1588; x_wconf 87' lang='grc' dir='ltr'><strong><em>ὁ</em></strong></span> <span class='ocrx_word' id='word_1_103' title='bbox 446 1535 698 1609; x_wconf 80' lang='grc' dir='ltr'>βασιλεὺς</span> <span class='ocrx_word' id='word_1_104' title='bbox 728 1548 827 1591; x_wconf 86' lang='grc' dir='ltr'>τῶν</span> <span class='ocrx_word' id='word_1_105' title='bbox 866 1541 1190 1618; x_wconf 77' lang='grc' dir='ltr'>Βουλγάρων,</span> <span class='ocrx_word' id='word_1_106' title='bbox 1251 1549 1322 1616; x_wconf 83' lang='grc' dir='ltr'>μή</span> <span class='ocrx_word' id='word_1_107' title='bbox 1371 1547 1507 1615; x_wconf 80' lang='grc' dir='ltr'>ἔχων</span> <span class='ocrx_word' id='word_1_108' title='bbox 1545 1547 1603 1595; x_wconf 84' lang='grc' dir='ltr'>τὸ</span> <span class='ocrx_word' id='word_1_109' title='bbox 1636 1538 1875 1615; x_wconf 80' lang='grc' dir='ltr'>ἐμποδὼν</span> <span class='ocrx_word' id='word_1_110' title='bbox 1911 1540 1988 1612; x_wconf 75' lang='lat'>(‘2)</span> 
     </span>
    </p>
   </div>
   <div class='ocr_carea' id='block_1_18' title="bbox 382 1625 1988 1708">
    <p class='ocr_par' dir='ltr' id='par_1_18' title="bbox 382 1625 1988 1708">
     <span class='ocr_line' id='line_1_18' title="bbox 382 1625 1988 1708; baseline 0.003 -32"><span class='ocrx_word' id='word_1_111' title='bbox 382 1625 454 1687; x_wconf 86' lang='grc' dir='ltr'>ὡς</span> <span class='ocrx_word' id='word_1_112' title='bbox 484 1634 582 1678; x_wconf 86' lang='grc' dir='ltr'>τῶν</span> <span class='ocrx_word' id='word_1_113' title='bbox 620 1626 824 1682; x_wconf 82' lang='grc' dir='ltr'>Ἰταλῶν</span> <span class='ocrx_word' id='word_1_114' title='bbox 877 1631 1037 1684; x_wconf 66' lang='grc' dir='ltr'>αὑτοῦ</span> <span class='ocrx_word' id='word_1_115' title='bbox 1078 1635 1574 1708; x_wconf 87' lang='grc' dir='ltr'>καταπορθηθέντων</span> <span class='ocrx_word' id='word_1_116' title='bbox 1631 1636 1690 1684; x_wconf 86' lang='grc' dir='ltr'>τὸ</span> <span class='ocrx_word' id='word_1_117' title='bbox 1743 1634 1988 1703; x_wconf 79' lang='grc' dir='ltr'>ἔσχατον,</span> 
     </span>
    </p>
   </div>
   <div class='ocr_carea' id='block_1_19' title="bbox 381 1713 1992 1795">
    <p class='ocr_par' dir='ltr' id='par_1_19' title="bbox 381 1713 1992 1795">
     <span class='ocr_line' id='line_1_19' title="bbox 381 1713 1992 1795; baseline 0.004 -29"><span class='ocrx_word' id='word_1_118' title='bbox 381 1713 556 1788; x_wconf 81' lang='grc' dir='ltr'>ἐτέρου</span> <span class='ocrx_word' id='word_1_119' title='bbox 598 1713 656 1770; x_wconf 78' lang='grc' dir='ltr'>δε</span> <span class='ocrx_word' id='word_1_120' title='bbox 708 1725 780 1791; x_wconf 83' lang='grc' dir='ltr'>μὴ</span> <span class='ocrx_word' id='word_1_121' title='bbox 815 1723 958 1781; x_wconf 81' lang='grc' dir='ltr'>ὄντος</span> <span class='ocrx_word' id='word_1_122' title='bbox 1006 1730 1096 1773; x_wconf 75' lang='grc' dir='ltr'>τοῦ</span> <span class='ocrx_word' id='word_1_123' title='bbox 1150 1722 1549 1795; x_wconf 77' lang='grc' dir='ltr'>ἁνθισταμένου,</span> <span class='ocrx_word' id='word_1_124' title='bbox 1603 1730 1776 1775; x_wconf 81' lang='grc' dir='ltr'>πᾶσαν</span> <span class='ocrx_word' id='word_1_125' title='bbox 1835 1741 1992 1773; x_wconf 90' lang='grc' dir='ltr'>κατα-</span> 
     </span>
    </p>
   </div>
   <div class='ocr_carea' id='block_1_20' title="bbox 2094 557 3749 632">
    <p class='ocr_par' dir='ltr' id='par_1_20' title="bbox 2094 557 3749 632">
     <span class='ocr_line' id='line_1_20' title="bbox 2094 557 3749 632; baseline 0.004 -20"><span class='ocrx_word' id='word_1_126' title='bbox 2094 557 2210 612; x_wconf 88' lang='lat' dir='ltr'>bus</span> <span class='ocrx_word' id='word_1_127' title='bbox 2241 563 2648 630; x_wconf 88' lang='lat' dir='ltr'>opportunum</span> <span class='ocrx_word' id='word_1_128' title='bbox 2705 560 2900 615; x_wconf 91' lang='lat' dir='ltr'>moliri</span> <span class='ocrx_word' id='word_1_129' title='bbox 2951 563 3556 632; x_wconf 88' lang='lat' dir='ltr'>possunt.Propterea</span> <span class='ocrx_word' id='word_1_130' title='bbox 3609 562 3749 618; x_wconf 87' lang='lat' dir='ltr'>inde</span> 
     </span>
    </p>
   </div>
   <div class='ocr_carea' id='block_1_21' title="bbox 2095 646 3746 720">
    <p class='ocr_par' dir='ltr' id='par_1_21' title="bbox 2095 646 3746 720">
     <span class='ocr_line' id='line_1_21' title="bbox 2095 646 3746 720; baseline 0.004 -20"><span class='ocrx_word' id='word_1_131' title='bbox 2095 646 2429 712; x_wconf 81' lang='lat' dir='ltr'>discedens,</span> <span class='ocrx_word' id='word_1_132' title='bbox 2459 663 2598 703; x_wconf 92' lang='lat' dir='ltr'>cum</span> <span class='ocrx_word' id='word_1_133' title='bbox 2628 648 2827 704; x_wconf 89' lang='lat' dir='ltr'>nullus</span> <span class='ocrx_word' id='word_1_134' title='bbox 2853 648 2933 704; x_wconf 83' lang='lat' dir='ltr'>illi</span> <span class='ocrx_word' id='word_1_135' title='bbox 2968 663 3028 703; x_wconf 91' lang='lat' dir='ltr'>se</span> <span class='ocrx_word' id='word_1_136' title='bbox 3051 654 3401 720; x_wconf 89' lang='lat' dir='ltr'>opponeret,</span> <span class='ocrx_word' id='word_1_137' title='bbox 3453 649 3612 705; x_wconf 88' lang='lat' dir='ltr'>Italis</span> <span class='ocrx_word' id='word_1_138' title='bbox 3669 650 3746 707; x_wconf 91' lang='lat' dir='ltr'>ab</span> 
     </span>
    </p>
   </div>
   <div class='ocr_carea' id='block_1_22' title="bbox 2096 736 3746 808">
    <p class='ocr_par' dir='ltr' id='par_1_22' title="bbox 2096 736 3746 808">
     <span class='ocr_line' id='line_1_22' title="bbox 2096 736 3746 808; baseline 0.002 -17"><span class='ocrx_word' id='word_1_139' title='bbox 2096 751 2166 792; x_wconf 92' lang='lat' dir='ltr'>eo</span> <span class='ocrx_word' id='word_1_140' title='bbox 2198 737 2431 808; x_wconf 85' lang='lat' dir='ltr'>penitus</span> <span class='ocrx_word' id='word_1_141' title='bbox 2461 736 2792 803; x_wconf 82' lang='lat' dir='ltr'>debellatis,</span> <span class='ocrx_word' id='word_1_142' title='bbox 2817 737 3163 793; x_wconf 87' lang='lat' dir='ltr'>universam</span> <span class='ocrx_word' id='word_1_143' title='bbox 3186 737 3596 794; x_wconf 87' lang='lat' dir='ltr'>Macedoniam</span> <span class='ocrx_word' id='word_1_144' title='bbox 3645 755 3746 794; x_wconf 80' lang='lat' dir='ltr'>ex-</span> 
     </span>
    </p>
   </div>
   <div class='ocr_carea' id='block_1_23' title="bbox 2097 825 3744 898">
    <p class='ocr_par' dir='ltr' id='par_1_23' title="bbox 2097 825 3744 898">
     <span class='ocr_line' id='line_1_23' title="bbox 2097 825 3744 898; baseline 0.002 -18"><span class='ocrx_word' id='word_1_145' title='bbox 2097 826 2518 898; x_wconf 76' lang='lat' dir='ltr'>currit,presda</span> <span class='ocrx_word' id='word_1_146' title='bbox 2531 826 2753 897; x_wconf 86' lang='lat' dir='ltr'>ingenti</span> <span class='ocrx_word' id='word_1_147' title='bbox 2773 826 3186 898; x_wconf 82' lang='lat' dir='ltr'>locupletatus,</span> <span class='ocrx_word' id='word_1_148' title='bbox 3211 825 3392 882; x_wconf 90' lang='lat' dir='ltr'>urbes</span> <span class='ocrx_word' id='word_1_149' title='bbox 3416 843 3555 882; x_wconf 90' lang='lat' dir='ltr'>cum</span> <span class='ocrx_word' id='word_1_150' title='bbox 3600 827 3744 898; x_wconf 91' lang='lat' dir='ltr'>ipsis</span> 
     </span>
    </p>
   </div>
   <div class='ocr_carea' id='block_1_24' title="bbox 2096 915 3748 989">
    <p class='ocr_par' dir='ltr' id='par_1_24' title="bbox 2096 915 3748 989">
     <span class='ocr_line' id='line_1_24' title="bbox 2096 915 3748 989; baseline 0.002 -19"><span class='ocrx_word' id='word_1_151' title='bbox 2096 915 2535 972; x_wconf 85' lang='lat' dir='ltr'>habitatoribus</span> <span class='ocrx_word' id='word_1_152' title='bbox 2582 916 2848 989; x_wconf 87' lang='lat' dir='ltr'>spolians</span> <span class='ocrx_word' id='word_1_153' title='bbox 2895 915 3284 989; x_wconf 88' lang='lat' dir='ltr'>funditusquc</span> <span class='ocrx_word' id='word_1_154' title='bbox 3332 921 3626 985; x_wconf 87' lang='lat' dir='ltr'>evertens,</span> <span class='ocrx_word' id='word_1_155' title='bbox 3677 933 3748 974; x_wconf 92' lang='lat' dir='ltr'>eo</span> 
     </span>
    </p>
   </div>
   <div class='ocr_carea' id='block_1_25' title="bbox 2097 1003 3735 1077">
    <p class='ocr_par' dir='ltr' id='par_1_25' title="bbox 2097 1003 3735 1077">
     <span class='ocr_line' id='line_1_25' title="bbox 2097 1003 3735 1077; baseline 0.004 -19"><span class='ocrx_word' id='word_1_156' title='bbox 2097 1003 2302 1059; x_wconf 89' lang='lat' dir='ltr'>animo</span> <span class='ocrx_word' id='word_1_157' title='bbox 2333 1009 2396 1060; x_wconf 91' lang='lat' dir='ltr'>ut</span> <span class='ocrx_word' id='word_1_158' title='bbox 2420 1006 2466 1059; x_wconf 89' lang='lat' dir='ltr'>si</span> <span class='ocrx_word' id='word_1_159' title='bbox 2496 1005 3002 1077; x_wconf 84' lang='lat' dir='ltr'>quandoRomani</span> <span class='ocrx_word' id='word_1_160' title='bbox 3034 1005 3357 1060; x_wconf 86' lang='lat' dir='ltr'>infortunio</span> <span class='ocrx_word' id='word_1_161' title='bbox 3371 1005 3735 1064; x_wconf 69' lang='lat' dir='ltr'>deszeviente</span> 
     </span>
    </p>
   </div>
   <div class='ocr_carea' id='block_1_26' title="bbox 2097 1093 3745 1166">
    <p class='ocr_par' dir='ltr' id='par_1_26' title="bbox 2097 1093 3745 1166">
     <span class='ocr_line' id='line_1_26' title="bbox 2097 1093 3745 1166; baseline 0.002 -19"><span class='ocrx_word' id='word_1_162' title='bbox 2097 1093 2511 1165; x_wconf 87' lang='lat' dir='ltr'>respirassent,</span> <span class='ocrx_word' id='word_1_163' title='bbox 2531 1094 2774 1166; x_wconf 88' lang='lat' dir='ltr'>propria</span> <span class='ocrx_word' id='word_1_164' title='bbox 2791 1094 3016 1166; x_wconf 91' lang='lat' dir='ltr'>oppida</span> <span class='ocrx_word' id='word_1_165' title='bbox 3037 1109 3388 1166; x_wconf 90' lang='lat' dir='ltr'>recuperare</span> <span class='ocrx_word' id='word_1_166' title='bbox 3406 1095 3745 1166; x_wconf 88' lang='lat' dir='ltr'>nequirent.</span> 
     </span>
    </p>
   </div>
   <div class='ocr_carea' id='block_1_27' title="bbox 2098 1182 3749 1256">
    <p class='ocr_par' dir='ltr' id='par_1_27' title="bbox 2098 1182 3749 1256">
     <span class='ocr_line' id='line_1_27' title="bbox 2098 1182 3749 1256; baseline 0.004 -20"><span class='ocrx_word' id='word_1_167' title='bbox 2098 1182 2288 1246; x_wconf 85' lang='lat' dir='ltr'>Quare</span> <span class='ocrx_word' id='word_1_168' title='bbox 2303 1198 2332 1237; x_wconf 95' lang='lat' dir='ltr'>e</span> <span class='ocrx_word' id='word_1_169' title='bbox 2347 1182 2748 1239; x_wconf 82' lang='lat' dir='ltr'>fundamentis</span> <span class='ocrx_word' id='word_1_170' title='bbox 2761 1183 2996 1240; x_wconf 88' lang='lat' dir='ltr'>sustulit</span> <span class='ocrx_word' id='word_1_171' title='bbox 3008 1182 3749 1256; x_wconf 71' lang='lat' dir='ltr'>Philippopolim,prrecla-</span> 
     </span>
    </p>
   </div>
   <div class='ocr_carea' id='block_1_28' title="bbox 2055 1271 3748 1346">
    <p class='ocr_par' dir='ltr' id='par_1_28' title="bbox 2055 1271 3748 1346">
     <span class='ocr_line' id='line_1_28' title="bbox 2055 1271 3748 1346; baseline 0.002 -21"><span class='ocrx_word' id='word_1_172' title='bbox 2055 1298 2062 1304; x_wconf 94' lang='lat'><em>-</em></span> <span class='ocrx_word' id='word_1_173' title='bbox 2095 1285 2226 1326; x_wconf 90' lang='lat' dir='ltr'>ram</span> <span class='ocrx_word' id='word_1_174' title='bbox 2255 1271 2511 1328; x_wconf 89' lang='lat' dir='ltr'>nimium</span> <span class='ocrx_word' id='word_1_175' title='bbox 2538 1277 2718 1346; x_wconf 91' lang='lat' dir='ltr'>atque</span> <span class='ocrx_word' id='word_1_176' title='bbox 2750 1272 3054 1343; x_wconf 78' lang='lat' dir='ltr'>egregiam</span> <span class='ocrx_word' id='word_1_177' title='bbox 3094 1272 3325 1334; x_wconf 89' lang='lat' dir='ltr'>urbem,</span> <span class='ocrx_word' id='word_1_178' title='bbox 3371 1288 3508 1344; x_wconf 66' lang='lat' dir='ltr'>quae</span> <span class='ocrx_word' id='word_1_179' title='bbox 3555 1272 3748 1328; x_wconf 80' lang='lat' dir='ltr'>Hebro</span> 
     </span>
    </p>
   </div>
   <div class='ocr_carea' id='block_1_29' title="bbox 2099 1359 3745 1434">
    <p class='ocr_par' dir='ltr' id='par_1_29' title="bbox 2099 1359 3745 1434">
     <span class='ocr_line' id='line_1_29' title="bbox 2099 1359 3745 1434; baseline 0 -18"><span class='ocrx_word' id='word_1_180' title='bbox 2099 1359 2353 1430; x_wconf 85' lang='lat' dir='ltr'>adjacet,</span> <span class='ocrx_word' id='word_1_181' title='bbox 2387 1359 2534 1416; x_wconf 89' lang='lat' dir='ltr'>alias</span> <span class='ocrx_word' id='word_1_182' title='bbox 2564 1361 2847 1434; x_wconf 89' lang='lat' dir='ltr'>deinceps</span> <span class='ocrx_word' id='word_1_183' title='bbox 2867 1363 2982 1434; x_wconf 73' lang='lat'>26</span> <span class='ocrx_word' id='word_1_184' title='bbox 3003 1360 3335 1430; x_wconf 88' lang='lat' dir='ltr'>universas,</span> <span class='ocrx_word' id='word_1_185' title='bbox 3360 1360 3745 1429; x_wconf 86' lang='lat' dir='ltr'>Heracleiam,</span> 
     </span>
    </p>
   </div>
   <div class='ocr_carea' id='block_1_30' title="bbox 2100 1449 3746 1524">
    <p class='ocr_par' dir='ltr' id='par_1_30' title="bbox 2100 1449 3746 1524">
     <span class='ocr_line' id='line_1_30' title="bbox 2100 1449 3746 1524; baseline 0.001 -20"><span class='ocrx_word' id='word_1_186' title='bbox 2100 1449 2368 1520; x_wconf 90' lang='lat' dir='ltr'>Panium,</span> <span class='ocrx_word' id='word_1_187' title='bbox 2407 1451 2766 1518; x_wconf 74' lang='lat' dir='ltr'>Raadestum,</span> <span class='ocrx_word' id='word_1_188' title='bbox 2801 1452 3230 1524; x_wconf 89' lang='lat' dir='ltr'>Chariupolim,</span> <span class='ocrx_word' id='word_1_189' title='bbox 3273 1451 3746 1524; x_wconf 89' lang='lat' dir='ltr'>Trajanupolim,</span> 
     </span>
    </p>
   </div>
   <div class='ocr_carea' id='block_1_31' title="bbox 2101 1539 3750 1614">
    <p class='ocr_par' dir='ltr' id='par_1_31' title="bbox 2101 1539 3750 1614">
     <span class='ocr_line' id='line_1_31' title="bbox 2101 1539 3750 1614; baseline 0.002 -22"><span class='ocrx_word' id='word_1_190' title='bbox 2101 1540 2375 1610; x_wconf 86' lang='lat' dir='ltr'>Macrem,</span> <span class='ocrx_word' id='word_1_191' title='bbox 2393 1539 2834 1613; x_wconf 90' lang='lat' dir='ltr'>Claudiupolin,</span> <span class='ocrx_word' id='word_1_192' title='bbox 2850 1540 3310 1614; x_wconf 86' lang='lat' dir='ltr'>Mosynupolim.</span> <span class='ocrx_word' id='word_1_193' title='bbox 3347 1539 3750 1596; x_wconf 90' lang='lat' dir='ltr'>Peritheorion</span> 
     </span>
    </p>
   </div>
   <div class='ocr_carea' id='block_1_32' title="bbox 2101 1627 3750 1703">
    <p class='ocr_par' dir='ltr' id='par_1_32' title="bbox 2101 1627 3750 1703">
     <span class='ocr_line' id='line_1_32' title="bbox 2101 1627 3750 1703; baseline -0.001 -18"><span class='ocrx_word' id='word_1_194' title='bbox 2101 1627 2371 1702; x_wconf 87' lang='lat' dir='ltr'>aliasque</span> <span class='ocrx_word' id='word_1_195' title='bbox 2383 1629 2863 1702; x_wconf 84' lang='lat' dir='ltr'>quamplurimas,</span> <span class='ocrx_word' id='word_1_196' title='bbox 2879 1645 3035 1703; x_wconf 91' lang='lat' dir='ltr'>quas</span> <span class='ocrx_word' id='word_1_197' title='bbox 3049 1645 3390 1686; x_wconf 87' lang='lat' dir='ltr'>enumerare</span> <span class='ocrx_word' id='word_1_198' title='bbox 3404 1643 3602 1701; x_wconf 73' lang='lat' dir='ltr'>operae</span> <span class='ocrx_word' id='word_1_199' title='bbox 3619 1643 3750 1701; x_wconf 86' lang='lat' dir='ltr'>pre-</span> 
     </span>
    </p>
   </div>
   <div class='ocr_carea' id='block_1_33' title="bbox 2102 1716 3750 1785">
    <p class='ocr_par' dir='ltr' id='par_1_33' title="bbox 2102 1716 3750 1785">
     <span class='ocr_line' id='line_1_33' title="bbox 2102 1716 3750 1785; baseline 0 -12"><span class='ocrx_word' id='word_1_200' title='bbox 2102 1718 2249 1773; x_wconf 88' lang='lat' dir='ltr'>tium</span> <span class='ocrx_word' id='word_1_201' title='bbox 2281 1733 2404 1774; x_wconf 92' lang='lat' dir='ltr'>non</span> <span class='ocrx_word' id='word_1_202' title='bbox 2425 1719 2973 1775; x_wconf 82' lang='lat' dir='ltr'>est.Multitudinem</span> <span class='ocrx_word' id='word_1_203' title='bbox 3001 1719 3250 1785; x_wconf 76' lang='lat' dir='ltr'>abigens</span> <span class='ocrx_word' id='word_1_204' title='bbox 3282 1719 3438 1774; x_wconf 88' lang='lat' dir='ltr'>circa</span> <span class='ocrx_word' id='word_1_205' title='bbox 3470 1719 3594 1773; x_wconf 91' lang='lat' dir='ltr'>lstri</span> <span class='ocrx_word' id='word_1_206' title='bbox 3640 1716 3750 1773; x_wconf 90' lang='lat' dir='ltr'>ﬂu-</span> 
     </span>
    </p>
   </div>
   <div class='ocr_carea' id='block_1_34' title="bbox 378 1805 2051 1903">
    <p class='ocr_par' dir='ltr' id='par_1_34' title="bbox 378 1805 2051 1903">
     <span class='ocr_line' id='line_1_34' title="bbox 378 1805 2051 1903; baseline 0.005 -48"><span class='ocrx_word' id='word_1_207' title='bbox 378 1809 557 1878; x_wconf 85' lang='grc' dir='ltr'>τρέχει</span> <span class='ocrx_word' id='word_1_208' title='bbox 599 1805 948 1864; x_wconf 81' lang='grc' dir='ltr'>Μακεδονίαν.</span> <span class='ocrx_word' id='word_1_209' title='bbox 983 1817 1132 1865; x_wconf 68' lang='grc' dir='ltr'>Λείαν</span> <span class='ocrx_word' id='word_1_210' title='bbox 1183 1810 1270 1866; x_wconf 74' lang='grc' dir='ltr'>οὖν</span> <span class='ocrx_word' id='word_1_211' title='bbox 1324 1813 1631 1886; x_wconf 76' lang='grc' dir='ltr'>παμπόλλην</span> <span class='ocrx_word' id='word_1_212' title='bbox 1685 1812 1992 1903; x_wconf 61' lang='grc' dir='ltr'>ἐποιήσατο,</span> <span class='ocrx_word' id='word_1_213' title='bbox 2031 1824 2051 1880; x_wconf 78' lang='grc' dir='ltr'><strong>ι</strong></span> 
     </span>
    </p>
   </div>
   <div class='ocr_carea' id='block_1_35' title="bbox 2038 1805 3750 1903">
    <p class='ocr_par' dir='ltr' id='par_1_35' title="bbox 2038 1806 3750 1882">
     <span class='ocr_line' id='line_1_35' title="bbox 2038 1806 3750 1882; baseline -0.001 -19"><span class='ocrx_word' id='word_1_214' title='bbox 2038 1824 2074 1880; x_wconf 78' lang='grc' dir='ltr'><strong>Β</strong></span> <span class='ocrx_word' id='word_1_215' title='bbox 2104 1813 2242 1864; x_wconf 90' lang='lat' dir='ltr'>enta</span> <span class='ocrx_word' id='word_1_216' title='bbox 2270 1808 2522 1864; x_wconf 88' lang='lat' dir='ltr'>collocat</span> <span class='ocrx_word' id='word_1_217' title='bbox 2549 1814 2606 1864; x_wconf 90' lang='lat' dir='ltr'>et</span> <span class='ocrx_word' id='word_1_218' title='bbox 2636 1825 2707 1865; x_wconf 83' lang='lat' dir='ltr'>ex</span> <span class='ocrx_word' id='word_1_219' title='bbox 2742 1810 2871 1880; x_wconf 92' lang='lat' dir='ltr'>jam</span> <span class='ocrx_word' id='word_1_220' title='bbox 2893 1809 3139 1882; x_wconf 82' lang='lat' dir='ltr'>direptis</span> <span class='ocrx_word' id='word_1_221' title='bbox 3162 1809 3401 1881; x_wconf 88' lang='lat' dir='ltr'>oppidis</span> <span class='ocrx_word' id='word_1_222' title='bbox 3421 1813 3477 1864; x_wconf 93' lang='lat' dir='ltr'>et</span> <span class='ocrx_word' id='word_1_223' title='bbox 3499 1806 3750 1863; x_wconf 89' lang='lat' dir='ltr'>urbibus</span> 
     </span>
    </p>
   </div>
   <div class='ocr_carea' id='block_1_36' title="bbox 377 1892 1995 1986">
    <p class='ocr_par' dir='ltr' id='par_1_36' title="bbox 377 1892 1995 1986">
     <span class='ocr_line' id='line_1_36' title="bbox 377 1892 1995 1986; baseline 0.006 -41"><span class='ocrx_word' id='word_1_224' title='bbox 377 1892 708 1968; x_wconf 73' lang='grc' dir='ltr'>αὐτάνδρους</span> <span class='ocrx_word' id='word_1_225' title='bbox 767 1903 862 1962; x_wconf 84' lang='grc' dir='ltr'>τὰς</span> <span class='ocrx_word' id='word_1_226' title='bbox 915 1901 1084 1964; x_wconf 88' lang='grc' dir='ltr'>πόλεις</span> <span class='ocrx_word' id='word_1_227' title='bbox 1139 1899 1661 1978; x_wconf 74' lang='grc' dir='ltr'>ἀνδραποδισάμενος</span> <span class='ocrx_word' id='word_1_228' title='bbox 1712 1907 1801 1955; x_wconf 83' lang='grc' dir='ltr'>καὶ</span> <span class='ocrx_word' id='word_1_229' title='bbox 1832 1892 1995 1986; x_wconf 40' lang='grc' dir='ltr'>τελεοᾷ</span> 
     </span>
    </p>
   </div>
   <div class='ocr_carea' id='block_1_37' title="bbox 373 1986 1994 2066">
    <p class='ocr_par' dir='ltr' id='par_1_37' title="bbox 373 1986 1994 2066">
     <span class='ocr_line' id='line_1_37' title="bbox 373 1986 1994 2066; baseline 0.007 -32"><span class='ocrx_word' id='word_1_230' title='bbox 373 1986 721 2058; x_wconf 69' lang='grc' dir='ltr'>κατασκάψας</span> <span class='ocrx_word' id='word_1_231' title='bbox 763 1989 941 2051; x_wconf 67' lang='grc' dir='ltr'>αὑτάς.</span> <span class='ocrx_word' id='word_1_232' title='bbox 971 1996 1040 2044; x_wconf 88' lang='grc' dir='ltr'>Τὸ</span> <span class='ocrx_word' id='word_1_233' title='bbox 1074 1988 1135 2046; x_wconf 78' lang='grc' dir='ltr'>δέ</span> <span class='ocrx_word' id='word_1_234' title='bbox 1164 1995 1211 2045; x_wconf 80' lang='grc' dir='ltr'>οἱ</span> <span class='ocrx_word' id='word_1_235' title='bbox 1239 1991 1504 2066; x_wconf 76' lang='grc' dir='ltr'>διανόημα</span> <span class='ocrx_word' id='word_1_236' title='bbox 1555 2002 1637 2060; x_wconf 83' lang='grc' dir='ltr'>ῆν,</span> <span class='ocrx_word' id='word_1_237' title='bbox 1672 1996 1741 2055; x_wconf 83' lang='grc' dir='ltr'>ὡς</span> <span class='ocrx_word' id='word_1_238' title='bbox 1791 1998 1994 2064; x_wconf 71' lang='grc' dir='ltr'>μήποτε</span> 
     </span>
    </p>
   </div>
   <div class='ocr_carea' id='block_1_38' title="bbox 370 2071 1991 2157">
    <p class='ocr_par' dir='ltr' id='par_1_38' title="bbox 370 2071 1991 2157">
     <span class='ocr_line' id='line_1_38' title="bbox 370 2071 1991 2157; baseline 0.007 -32"><span class='ocrx_word' id='word_1_239' title='bbox 370 2071 654 2144; x_wconf 80' lang='grc' dir='ltr'>Ῥωμαίους</span> <span class='ocrx_word' id='word_1_240' title='bbox 721 2075 1006 2138; x_wconf 80' lang='grc' dir='ltr'>ἀνάκλησιν</span> <span class='ocrx_word' id='word_1_241' title='bbox 1091 2090 1264 2154; x_wconf 86' lang='grc' dir='ltr'>σχεῖν,</span> <span class='ocrx_word' id='word_1_242' title='bbox 1320 2091 1420 2135; x_wconf 82' lang='grc' dir='ltr'>τῶν</span> <span class='ocrx_word' id='word_1_243' title='bbox 1477 2087 1728 2156; x_wconf 75' lang='grc' dir='ltr'>σφετέρων</span> <span class='ocrx_word' id='word_1_244' title='bbox 1777 2080 1991 2157; x_wconf 78' lang='grc' dir='ltr'>ἐπιδρά-</span> 
     </span>
    </p>
   </div>
   <div class='ocr_carea' id='block_1_39' title="bbox 374 2160 1992 2248">
    <p class='ocr_par' dir='ltr' id='par_1_39' title="bbox 374 2160 1992 2248">
     <span class='ocr_line' id='line_1_39' title="bbox 374 2160 1992 2248; baseline 0.008 -36"><span class='ocrx_word' id='word_1_245' title='bbox 374 2160 571 2223; x_wconf 85' lang='grc' dir='ltr'>ξασθαι</span> <span class='ocrx_word' id='word_1_246' title='bbox 624 2166 841 2223; x_wconf 89' lang='grc' dir='ltr'>πόλεων.</span> <span class='ocrx_word' id='word_1_247' title='bbox 911 2171 1223 2243; x_wconf 68' lang='grc' dir='ltr'>Κατέσκαψε</span> <span class='ocrx_word' id='word_1_248' title='bbox 1297 2181 1420 2244; x_wconf 78' lang='grc' dir='ltr'>γοῦν</span> <span class='ocrx_word' id='word_1_249' title='bbox 1497 2172 1554 2224; x_wconf 85' lang='grc' dir='ltr'>ἐκ</span> <span class='ocrx_word' id='word_1_250' title='bbox 1639 2171 1849 2248; x_wconf 84' lang='grc' dir='ltr'>βάθρων</span> <span class='ocrx_word' id='word_1_251' title='bbox 1904 2173 1992 2225; x_wconf 68' lang='grc' dir='ltr'>αὖ·</span> 
     </span>
    </p>
   </div>
   <div class='ocr_carea' id='block_1_40' title="bbox 369 2254 1991 2334">
    <p class='ocr_par' dir='ltr' id='par_1_40' title="bbox 369 2254 1991 2334">
     <span class='ocr_line' id='line_1_40' title="bbox 369 2254 1991 2334; baseline -0.009 -14"><span class='ocrx_word' id='word_1_252' title='bbox 369 2258 472 2302; x_wconf 70' lang='grc' dir='ltr'>τῶν</span> <span class='ocrx_word' id='word_1_253' title='bbox 517 2254 593 2324; x_wconf 80' lang='grc'>(3)</span> <span class='ocrx_word' id='word_1_254' title='bbox 663 2260 756 2314; x_wconf 78' lang='grc' dir='ltr'>τὴν</span> <span class='ocrx_word' id='word_1_255' title='bbox 825 2257 1264 2327; x_wconf 78' lang='grc' dir='ltr'>Φιλιποπύπολιν,</span> <span class='ocrx_word' id='word_1_256' title='bbox 1348 2264 1660 2334; x_wconf 79' lang='grc' dir='ltr'>θαυμαστὴν</span> <span class='ocrx_word' id='word_1_257' title='bbox 1741 2263 1788 2297; x_wconf 74' lang='grc'>⁸³</span> <span class='ocrx_word' id='word_1_258' title='bbox 1861 2264 1991 2334; x_wconf 71' lang='grc' dir='ltr'>ἄγαν</span> 
     </span>
    </p>
   </div>
   <div class='ocr_carea' id='block_1_41' title="bbox 377 2340 1993 2423">
    <p class='ocr_par' dir='ltr' id='par_1_41' title="bbox 377 2340 1993 2423">
     <span class='ocr_line' id='line_1_41' title="bbox 377 2340 1993 2423; baseline 0.009 -32"><span class='ocrx_word' id='word_1_259' title='bbox 377 2340 566 2410; x_wconf 76' lang='grc' dir='ltr'>οὖσαν,</span> <span class='ocrx_word' id='word_1_260' title='bbox 601 2347 717 2408; x_wconf 77' lang='grc' dir='ltr'>ἣτις</span> <span class='ocrx_word' id='word_1_261' title='bbox 758 2351 902 2422; x_wconf 87' lang='grc' dir='ltr'>παρά</span> <span class='ocrx_word' id='word_1_262' title='bbox 1061 2349 1234 2423; x_wconf 78' lang='grc' dir='ltr'>Ἕϐρῳ</span> <span class='ocrx_word' id='word_1_263' title='bbox 1292 2359 1477 2419; x_wconf 84' lang='grc' dir='ltr'>κεῖται,</span> <span class='ocrx_word' id='word_1_264' title='bbox 1533 2349 1648 2404; x_wconf 85' lang='grc' dir='ltr'>οἶτα</span> <span class='ocrx_word' id='word_1_265' title='bbox 1700 2355 1795 2414; x_wconf 80' lang='grc' dir='ltr'>τὰς</span> <span class='ocrx_word' id='word_1_266' title='bbox 1839 2352 1993 2410; x_wconf 65' lang='grc' dir='ltr'>α’λλας</span> 
     </span>
    </p>
   </div>
   <div class='ocr_carea' id='block_1_42' title="bbox 369 2431 1992 2514">
    <p class='ocr_par' dir='ltr' id='par_1_42' title="bbox 369 2431 1992 2514">
     <span class='ocr_line' id='line_1_42' title="bbox 369 2431 1992 2514; baseline 0.009 -33"><span class='ocrx_word' id='word_1_267' title='bbox 369 2431 546 2492; x_wconf 86' lang='grc' dir='ltr'>πάσας</span> <span class='ocrx_word' id='word_1_268' title='bbox 596 2434 790 2506; x_wconf 90' lang='grc' dir='ltr'>πόλεις,</span> <span class='ocrx_word' id='word_1_269' title='bbox 830 2442 923 2496; x_wconf 83' lang='grc' dir='ltr'>τήν</span> <span class='ocrx_word' id='word_1_270' title='bbox 981 2440 1307 2514; x_wconf 88' lang='grc' dir='ltr'>Ἡράκλειαν,</span> <span class='ocrx_word' id='word_1_271' title='bbox 1350 2444 1408 2493; x_wconf 85' lang='grc' dir='ltr'>τό</span> <span class='ocrx_word' id='word_1_272' title='bbox 1469 2444 1678 2511; x_wconf 89' lang='grc' dir='ltr'>Πάνιον,</span> <span class='ocrx_word' id='word_1_273' title='bbox 1728 2447 1821 2501; x_wconf 81' lang='grc' dir='ltr'>τήν</span> <span class='ocrx_word' id='word_1_274' title='bbox 1861 2442 1992 2495; x_wconf 87' lang='grc' dir='ltr'>Ῥαι-</span> 
     </span>
    </p>
   </div>
   <div class='ocr_carea' id='block_1_43' title="bbox 373 2514 1990 2604">
    <p class='ocr_par' dir='ltr' id='par_1_43' title="bbox 373 2514 1990 2604">
     <span class='ocr_line' id='line_1_43' title="bbox 373 2514 1990 2604; baseline 0.009 -34"><span class='ocrx_word' id='word_1_275' title='bbox 373 2514 583 2593; x_wconf 79' lang='grc' dir='ltr'>δεστόν,</span> <span class='ocrx_word' id='word_1_276' title='bbox 616 2527 987 2600; x_wconf 78' lang='grc' dir='ltr'>Χαριόύπολιν,</span> <span class='ocrx_word' id='word_1_277' title='bbox 1041 2530 1468 2602; x_wconf 73' lang='grc' dir='ltr'>Τραϊανούπολιν,</span> <span class='ocrx_word' id='word_1_278' title='bbox 1524 2534 1764 2604; x_wconf 83' lang='grc' dir='ltr'>Μάκρην,</span> <span class='ocrx_word' id='word_1_279' title='bbox 1825 2531 1990 2584; x_wconf 78' lang='grc' dir='ltr'>Κλαυ-</span> 
     </span>
    </p>
   </div>
   <div class='ocr_carea' id='block_1_44' title="bbox 375 2605 1991 2696">
    <p class='ocr_par' dir='ltr' id='par_1_44' title="bbox 375 2605 1991 2696">
     <span class='ocr_line' id='line_1_44' title="bbox 375 2605 1991 2696; baseline 0.009 -35"><span class='ocrx_word' id='word_1_280' title='bbox 375 2605 671 2681; x_wconf 75' lang='grc' dir='ltr'>διούπολιν,</span> <span class='ocrx_word' id='word_1_281' title='bbox 751 2619 1157 2690; x_wconf 83' lang='grc' dir='ltr'>Υοσυνούπολιν,</span> <span class='ocrx_word' id='word_1_282' title='bbox 1233 2623 1551 2696; x_wconf 83' lang='grc' dir='ltr'>Ιιεριθωριον</span> <span class='ocrx_word' id='word_1_283' title='bbox 1641 2628 1732 2674; x_wconf 83' lang='grc' dir='ltr'>καὶ</span> <span class='ocrx_word' id='word_1_284' title='bbox 1832 2623 1991 2688; x_wconf 80' lang='grc' dir='ltr'>οἶλλας</span> 
     </span>
    </p>
   </div>
   <div class='ocr_carea' id='block_1_45' title="bbox 369 2699 1988 2787">
    <p class='ocr_par' dir='ltr' id='par_1_45' title="bbox 369 2699 1988 2787">
     <span class='ocr_line' id='line_1_45' title="bbox 369 2699 1988 2787; baseline 0.009 -36"><span class='ocrx_word' id='word_1_285' title='bbox 369 2699 585 2765; x_wconf 82' lang='grc' dir='ltr'>πολλὰς,</span> <span class='ocrx_word' id='word_1_286' title='bbox 631 2703 688 2765; x_wconf 83' lang='grc' dir='ltr'>ἀς</span> <span class='ocrx_word' id='word_1_287' title='bbox 729 2708 968 2781; x_wconf 78' lang='grc' dir='ltr'>ἀριθμεῖν</span> <span class='ocrx_word' id='word_1_288' title='bbox 1011 2709 1068 2761; x_wconf 67' lang='grc' dir='ltr'>οὐ</span> <span class='ocrx_word' id='word_1_289' title='bbox 1116 2717 1307 2785; x_wconf 80' lang='grc' dir='ltr'>χρεων.</span> <span class='ocrx_word' id='word_1_290' title='bbox 1365 2715 1461 2763; x_wconf 87' lang='grc' dir='ltr'>Τὸν</span> <span class='ocrx_word' id='word_1_291' title='bbox 1511 2708 1570 2764; x_wconf 67' lang='grc' dir='ltr'>δὲ</span> <span class='ocrx_word' id='word_1_292' title='bbox 1613 2710 1734 2764; x_wconf 84' lang='grc' dir='ltr'>λαόν</span> <span class='ocrx_word' id='word_1_293' title='bbox 1784 2711 1988 2787; x_wconf 80' lang='grc' dir='ltr'>ἀπάρας</span> 
     </span>
    </p>
   </div>
   <div class='ocr_carea' id='block_1_46' title="bbox 373 2788 1984 2875">
    <p class='ocr_par' dir='ltr' id='par_1_46' title="bbox 373 2788 1984 2875">
     <span class='ocr_line' id='line_1_46' title="bbox 373 2788 1984 2875; baseline 0.008 -34"><span class='ocrx_word' id='word_1_294' title='bbox 373 2788 565 2844; x_wconf 78' lang='grc' dir='ltr'>ἐκεῖθεν</span> <span class='ocrx_word' id='word_1_295' title='bbox 613 2799 730 2868; x_wconf 87' lang='grc' dir='ltr'>περὶ</span> <span class='ocrx_word' id='word_1_296' title='bbox 800 2801 894 2859; x_wconf 79' lang='grc' dir='ltr'>τὰς</span> <span class='ocrx_word' id='word_1_297' title='bbox 964 2799 1290 2874; x_wconf 80' lang='grc' dir='ltr'>παραῤῥοίας</span> <span class='ocrx_word' id='word_1_298' title='bbox 1339 2801 1543 2862; x_wconf 76' lang='grc' dir='ltr'>καθίζει</span> <span class='ocrx_word' id='word_1_299' title='bbox 1595 2810 1685 2854; x_wconf 69' lang='grc' dir='ltr'>τοῦ</span> <span class='ocrx_word' id='word_1_300' title='bbox 1753 2808 1984 2875; x_wconf 78' lang='grc' dir='ltr'>Ἴστρου,</span> 
     </span>
    </p>
   </div>
   <div class='ocr_carea' id='block_1_47' title="bbox 375 2878 1984 2962">
    <p class='ocr_par' dir='ltr' id='par_1_47' title="bbox 375 2878 1984 2962">
     <span class='ocr_line' id='line_1_47' title="bbox 375 2878 1984 2962; baseline 0.009 -32"><span class='ocrx_word' id='word_1_301' title='bbox 375 2878 432 2931; x_wconf 78' lang='grc' dir='ltr'>ἐκ</span> <span class='ocrx_word' id='word_1_302' title='bbox 482 2890 582 2933; x_wconf 86' lang='grc' dir='ltr'>τῶν</span> <span class='ocrx_word' id='word_1_303' title='bbox 626 2880 773 2936; x_wconf 74' lang='grc' dir='ltr'>ἰδίων</span> <span class='ocrx_word' id='word_1_304' title='bbox 849 2883 1354 2962; x_wconf 68' lang='grc' dir='ltr'>ὴνὸραποὸισμένων</span> <span class='ocrx_word' id='word_1_305' title='bbox 1419 2899 1604 2962; x_wconf 88' lang='grc' dir='ltr'>κωμῶν</span> <span class='ocrx_word' id='word_1_306' title='bbox 1663 2896 1754 2943; x_wconf 85' lang='grc' dir='ltr'>καὶ</span> <span class='ocrx_word' id='word_1_307' title='bbox 1792 2891 1984 2944; x_wconf 87' lang='grc' dir='ltr'>πόλεων</span> 
     </span>
    </p>
   </div>
   <div class='ocr_carea' id='block_1_48' title="bbox 372 2970 1979 3053">
    <p class='ocr_par' dir='ltr' id='par_1_48' title="bbox 372 2970 1979 3053">
     <span class='ocr_line' id='line_1_48' title="bbox 372 2970 1979 3053; baseline 0.007 -33"><span class='ocrx_word' id='word_1_308' title='bbox 372 2971 468 3031; x_wconf 79' lang='grc' dir='ltr'>τὰς</span> <span class='ocrx_word' id='word_1_309' title='bbox 501 2970 712 3035; x_wconf 83' lang='grc' dir='ltr'>κλήσεις</span> <span class='ocrx_word' id='word_1_310' title='bbox 770 2974 960 3038; x_wconf 83' lang='grc' dir='ltr'>ἐπιθεὶς</span> <span class='ocrx_word' id='word_1_311' title='bbox 986 2984 1100 3040; x_wconf 86' lang='grc' dir='ltr'>ταῖς</span> <span class='ocrx_word' id='word_1_312' title='bbox 1158 2979 1446 3037; x_wconf 85' lang='grc' dir='ltr'>οἰκήσεσιν.</span> <span class='ocrx_word' id='word_1_313' title='bbox 1498 2982 1818 3053; x_wconf 84' lang='grc' dir='ltr'>Ἀντάμυναν</span> <span class='ocrx_word' id='word_1_314' title='bbox 1872 2978 1979 3048; x_wconf 80' lang='grc' dir='ltr'>οὖν,</span> 
     </span>
    </p>
   </div>
   <div class='ocr_carea' id='block_1_49' title="bbox 371 3060 1976 3144">
    <p class='ocr_par' dir='ltr' id='par_1_49' title="bbox 371 3060 1976 3144">
     <span class='ocr_line' id='line_1_49' title="bbox 371 3060 1976 3144; baseline 0.01 -35"><span class='ocrx_word' id='word_1_315' title='bbox 371 3060 443 3120; x_wconf 85' lang='grc' dir='ltr'>ὡς</span> <span class='ocrx_word' id='word_1_316' title='bbox 469 3061 706 3132; x_wconf 83' lang='grc' dir='ltr'>ἔφασκεν,</span> <span class='ocrx_word' id='word_1_317' title='bbox 751 3062 968 3118; x_wconf 83' lang='grc' dir='ltr'>ἐποιεῖτο</span> <span class='ocrx_word' id='word_1_318' title='bbox 1000 3075 1099 3119; x_wconf 86' lang='grc' dir='ltr'>τῶν</span> <span class='ocrx_word' id='word_1_319' title='bbox 1148 3069 1215 3119; x_wconf 82' lang='grc' dir='ltr'>ὧν</span> <span class='ocrx_word' id='word_1_320' title='bbox 1251 3069 1533 3142; x_wconf 72' lang='grc' dir='ltr'>εἰργάσατο</span> <span class='ocrx_word' id='word_1_321' title='bbox 1583 3075 1709 3144; x_wconf 85' lang='grc' dir='ltr'>πρὸς</span> <span class='ocrx_word' id='word_1_322' title='bbox 1759 3071 1976 3143; x_wconf 76' lang='grc' dir='ltr'>Βουλγά·</span> 
     </span>
    </p>
   </div>
   <div class='ocr_carea' id='block_1_50' title="bbox 370 3152 2051 3231">
    <p class='ocr_par' dir='ltr' id='par_1_50' title="bbox 370 3152 2051 3231">
     <span class='ocr_line' id='line_1_50' title="bbox 370 3152 2051 3231; baseline 0.01 -33"><span class='ocrx_word' id='word_1_323' title='bbox 370 3165 498 3220; x_wconf 90' lang='grc' dir='ltr'>ρους</span> <span class='ocrx_word' id='word_1_324' title='bbox 517 3159 688 3202; x_wconf 87' lang='grc' dir='ltr'>κακῶν</span> <span class='ocrx_word' id='word_1_325' title='bbox 711 3153 736 3203; x_wconf 90' lang='grc' dir='ltr'>ό</span> <span class='ocrx_word' id='word_1_326' title='bbox 759 3152 1012 3225; x_wconf 79' lang='grc' dir='ltr'>βασιλεὺς</span> <span class='ocrx_word' id='word_1_327' title='bbox 1048 3157 1335 3223; x_wconf 90' lang='grc' dir='ltr'>Βασίλειος,</span> <span class='ocrx_word' id='word_1_328' title='bbox 1369 3163 1447 3231; x_wconf 74' lang='lat' dir='ltr'>LP.</span> <span class='ocrx_word' id='word_1_329' title='bbox 1484 3165 1498 3212; x_wconf 36' lang='lat' dir='ltr'>*l</span> <span class='ocrx_word' id='word_1_330' title='bbox 1515 3160 1569 3231; x_wconf 87' lang='lat'>3]</span> <span class='ocrx_word' id='word_1_331' title='bbox 1596 3165 1685 3212; x_wconf 82' lang='grc' dir='ltr'>καὶ</span> <span class='ocrx_word' id='word_1_332' title='bbox 1710 3160 1981 3213; x_wconf 84' lang='grc' dir='ltr'>καλεῖσθαι</span> <span class='ocrx_word' id='word_1_333' title='bbox 2012 3169 2051 3223; x_wconf 90' lang='lat' dir='ltr'>C</span> 
     </span>
    </p>
   </div>
   <div class='ocr_carea' id='block_1_51' title="bbox 373 3238 1981 3322">
    <p class='ocr_par' dir='ltr' id='par_1_51' title="bbox 373 3238 1981 3322">
     <span class='ocr_line' id='line_1_51' title="bbox 373 3238 1981 3322; baseline 0.009 -34"><span class='ocrx_word' id='word_1_334' title='bbox 373 3240 465 3309; x_wconf 75' lang='grc' dir='ltr'>μὲν</span> <span class='ocrx_word' id='word_1_335' title='bbox 520 3238 688 3312; x_wconf 73' lang='grc' dir='ltr'>ἔλεγεν</span> <span class='ocrx_word' id='word_1_336' title='bbox 742 3241 929 3296; x_wconf 85' lang='grc' dir='ltr'>ἐκεῖνον</span> <span class='ocrx_word' id='word_1_337' title='bbox 982 3246 1427 3322; x_wconf 79' lang='grc' dir='ltr'>Βουλγαροκτόνον</span> <span class='ocrx_word' id='word_1_338' title='bbox 1483 3251 1580 3320; x_wconf 82' lang='grc'>(4),</span> <span class='ocrx_word' id='word_1_339' title='bbox 1639 3249 1981 3322; x_wconf 86' lang='grc' dir='ltr'>Ῥωμαιοκτό-</span> 
     </span>
    </p>
   </div>
   <div class='ocr_carea' id='block_1_52' title="bbox 371 3324 1981 3412">
    <p class='ocr_par' dir='ltr' id='par_1_52' title="bbox 371 3324 1981 3412">
     <span class='ocr_line' id='line_1_52' title="bbox 371 3324 1981 3412; baseline 0.009 -34"><span class='ocrx_word' id='word_1_340' title='bbox 371 3346 457 3379; x_wconf 94' lang='grc' dir='ltr'>νον</span> <span class='ocrx_word' id='word_1_341' title='bbox 508 3324 566 3381; x_wconf 69' lang='grc' dir='ltr'>δὲ</span> <span class='ocrx_word' id='word_1_342' title='bbox 596 3333 856 3403; x_wconf 73' lang='grc' dir='ltr'>ὠνόμαζεν</span> <span class='ocrx_word' id='word_1_343' title='bbox 903 3333 1108 3394; x_wconf 81' lang='grc' dir='ltr'>ἑαυτόν,</span> <span class='ocrx_word' id='word_1_344' title='bbox 1156 3340 1335 3412; x_wconf 83' lang='grc' dir='ltr'>Μέχρι</span> <span class='ocrx_word' id='word_1_345' title='bbox 1367 3345 1492 3410; x_wconf 78' lang='grc' dir='ltr'>’γοῦν</span> <span class='ocrx_word' id='word_1_346' title='bbox 1533 3345 1863 3401; x_wconf 80' lang='grc' dir='ltr'>καταντήσας</span> <span class='ocrx_word' id='word_1_347' title='bbox 1893 3346 1981 3393; x_wconf 82' lang='grc' dir='ltr'>καὶ</span> 
     </span>
    </p>
   </div>
   <div class='ocr_carea' id='block_1_53' title="bbox 373 3416 1982 3505">
    <p class='ocr_par' dir='ltr' id='par_1_53' title="bbox 373 3416 1982 3505">
     <span class='ocr_line' id='line_1_53' title="bbox 373 3416 1982 3505; baseline 0.009 -38"><span class='ocrx_word' id='word_1_348' title='bbox 373 3416 656 3505; x_wconf 76' lang='grc' dir='ltr'>αὐτῆς</span> <span class='ocrx_word' id='word_1_349' title='bbox 704 3429 800 3484; x_wconf 85' lang='grc' dir='ltr'>τῆς</span> <span class='ocrx_word' id='word_1_350' title='bbox 857 3425 1246 3487; x_wconf 79' lang='grc' dir='ltr'>Θεσσαλονίκης</span> <span class='ocrx_word' id='word_1_351' title='bbox 1299 3425 1463 3479; x_wconf 82' lang='grc' dir='ltr'>ἐκεῖσε</span> <span class='ocrx_word' id='word_1_352' title='bbox 1515 3429 1722 3487; x_wconf 80' lang='grc' dir='ltr'>θνήσκει</span> <span class='ocrx_word' id='word_1_353' title='bbox 1774 3429 1982 3505; x_wconf 86' lang='grc' dir='ltr'>πλευρί-</span> 
     </span>
    </p>
   </div>
   <div class='ocr_carea' id='block_1_54' title="bbox 371 3502 1981 3589">
    <p class='ocr_par' dir='ltr' id='par_1_54' title="bbox 371 3502 1981 3589">
     <span class='ocr_line' id='line_1_54' title="bbox 371 3502 1981 3589; baseline 0.009 -32"><span class='ocrx_word' id='word_1_354' title='bbox 371 3502 488 3558; x_wconf 76' lang='grc' dir='ltr'>τιδι</span> <span class='ocrx_word' id='word_1_355' title='bbox 544 3512 680 3580; x_wconf 87' lang='grc' dir='ltr'>νόσῳ</span> <span class='ocrx_word' id='word_1_356' title='bbox 717 3515 1088 3584; x_wconf 85' lang='grc' dir='ltr'>κατασχεθεὶς,</span> <span class='ocrx_word' id='word_1_357' title='bbox 1158 3515 1222 3576; x_wconf 89' lang='grc' dir='ltr'>ὡς</span> <span class='ocrx_word' id='word_1_358' title='bbox 1281 3513 1340 3568; x_wconf 76' lang='grc' dir='ltr'>δέ</span> <span class='ocrx_word' id='word_1_359' title='bbox 1395 3536 1523 3577; x_wconf 90' lang='grc' dir='ltr'>τινες</span> <span class='ocrx_word' id='word_1_360' title='bbox 1573 3517 1742 3589; x_wconf 74' lang='grc' dir='ltr'>ἔλεγον</span> <span class='ocrx_word' id='word_1_361' title='bbox 1791 3521 1869 3570; x_wconf 83' lang='grc' dir='ltr'>ὅτι</span> <span class='ocrx_word' id='word_1_362' title='bbox 1927 3519 1981 3572; x_wconf 86' lang='grc' dir='ltr'>ἐκ</span> 
     </span>
    </p>
   </div>
   <div class='ocr_carea' id='block_1_55' title="bbox 373 3598 1981 3683">
    <p class='ocr_par' dir='ltr' id='par_1_55' title="bbox 373 3598 1981 3683">
     <span class='ocr_line' id='line_1_55' title="bbox 373 3598 1981 3683; baseline 0.01 -34"><span class='ocrx_word' id='word_1_363' title='bbox 373 3598 650 3668; x_wconf 88' lang='grc' dir='ltr'>θεομηνίας</span> <span class='ocrx_word' id='word_1_364' title='bbox 681 3599 821 3670; x_wconf 77' lang='grc' dir='ltr'>αὐτῷ</span> <span class='ocrx_word' id='word_1_365' title='bbox 853 3603 878 3652; x_wconf 86' lang='grc' dir='ltr'>ό</span> <span class='ocrx_word' id='word_1_366' title='bbox 911 3603 1126 3666; x_wconf 88' lang='grc' dir='ltr'>θάνατος</span> <span class='ocrx_word' id='word_1_367' title='bbox 1145 3609 1348 3676; x_wconf 73' lang='grc' dir='ltr'>γέγονεν</span> <span class='ocrx_word' id='word_1_368' title='bbox 1377 3627 1388 3639; x_wconf 88' lang='grc'><strong>·</strong></span> <span class='ocrx_word' id='word_1_369' title='bbox 1423 3604 1569 3670; x_wconf 74' lang='grc' dir='ltr'>εδοξε</span> <span class='ocrx_word' id='word_1_370' title='bbox 1599 3611 1700 3683; x_wconf 75' lang='grc' dir='ltr'>γὰρ</span> <span class='ocrx_word' id='word_1_371' title='bbox 1734 3609 1873 3679; x_wconf 67' lang='grc' dir='ltr'>αὐτῷ</span> <span class='ocrx_word' id='word_1_372' title='bbox 1901 3610 1981 3682; x_wconf 89' lang='grc'>(6)</span> 
     </span>
    </p>
   </div>
   <div class='ocr_carea' id='block_1_56' title="bbox 369 3686 1979 3769">
    <p class='ocr_par' dir='ltr' id='par_1_56' title="bbox 369 3686 1979 3769">
     <span class='ocr_line' id='line_1_56' title="bbox 369 3686 1979 3769; baseline 0.009 -32"><span class='ocrx_word' id='word_1_373' title='bbox 369 3686 492 3739; x_wconf 82' lang='grc' dir='ltr'>καθ’</span> <span class='ocrx_word' id='word_1_374' title='bbox 546 3688 738 3751; x_wconf 67' lang='grc' dir='ltr'>ὕπνους</span> <span class='ocrx_word' id='word_1_375' title='bbox 790 3691 996 3744; x_wconf 74' lang='grc' dir='ltr'>ἔνοπλον</span> <span class='ocrx_word' id='word_1_376' title='bbox 1045 3691 1216 3769; x_wconf 74' lang='grc' dir='ltr'>ἄνδρα</span> <span class='ocrx_word' id='word_1_377' title='bbox 1254 3695 1532 3755; x_wconf 79' lang='grc' dir='ltr'>ἐπιστῆναι</span> <span class='ocrx_word' id='word_1_378' title='bbox 1589 3697 1728 3768; x_wconf 71' lang='grc' dir='ltr'>αὐτῷ</span> <span class='ocrx_word' id='word_1_379' title='bbox 1758 3704 1846 3750; x_wconf 80' lang='grc' dir='ltr'>καὶ</span> <span class='ocrx_word' id='word_1_380' title='bbox 1889 3696 1979 3752; x_wconf 70' lang='grc' dir='ltr'>δό-</span> 
     </span>
    </p>
   </div>
   <div class='ocr_carea' id='block_1_57' title="bbox 2104 1896 3747 1971">
    <p class='ocr_par' dir='ltr' id='par_1_57' title="bbox 2104 1896 3747 1971">
     <span class='ocr_line' id='line_1_57' title="bbox 2104 1896 3747 1971; baseline -0.003 -17"><span class='ocrx_word' id='word_1_381' title='bbox 2104 1899 2353 1955; x_wconf 91' lang='lat' dir='ltr'>nomina</span> <span class='ocrx_word' id='word_1_382' title='bbox 2383 1899 2638 1970; x_wconf 89' lang='lat' dir='ltr'>propriis</span> <span class='ocrx_word' id='word_1_383' title='bbox 2671 1898 2921 1954; x_wconf 91' lang='lat' dir='ltr'>coloniis</span> <span class='ocrx_word' id='word_1_384' title='bbox 2951 1899 3222 1971; x_wconf 89' lang='lat' dir='ltr'>imponit,</span> <span class='ocrx_word' id='word_1_385' title='bbox 3253 1898 3498 1967; x_wconf 91' lang='lat' dir='ltr'>damna,</span> <span class='ocrx_word' id='word_1_386' title='bbox 3533 1900 3598 1951; x_wconf 92' lang='lat' dir='ltr'>ut</span> <span class='ocrx_word' id='word_1_387' title='bbox 3621 1896 3747 1966; x_wconf 89' lang='lat' dir='ltr'>ipse</span> 
     </span>
    </p>
   </div>
   <div class='ocr_carea' id='block_1_58' title="bbox 2104 1985 3748 2061">
    <p class='ocr_par' dir='ltr' id='par_1_58' title="bbox 2104 1985 3748 2061">
     <span class='ocr_line' id='line_1_58' title="bbox 2104 1985 3748 2061; baseline -0.002 -17"><span class='ocrx_word' id='word_1_388' title='bbox 2104 1988 2435 2050; x_wconf 86' lang='lat' dir='ltr'>dictitabat,</span> <span class='ocrx_word' id='word_1_389' title='bbox 2455 2004 2882 2061; x_wconf 89' lang='lat' dir='ltr'>compensans,</span> <span class='ocrx_word' id='word_1_390' title='bbox 2904 1989 3126 2061; x_wconf 89' lang='lat' dir='ltr'>quibus</span> <span class='ocrx_word' id='word_1_391' title='bbox 3148 1989 3476 2060; x_wconf 90' lang='lat' dir='ltr'>imperator</span> <span class='ocrx_word' id='word_1_392' title='bbox 3501 1985 3748 2042; x_wconf 84' lang='lat' dir='ltr'>Basilius</span> 
     </span>
    </p>
   </div>
   <div class='ocr_carea' id='block_1_59' title="bbox 2105 2073 3752 2149">
    <p class='ocr_par' dir='ltr' id='par_1_59' title="bbox 2105 2073 3752 2149">
     <span class='ocr_line' id='line_1_59' title="bbox 2105 2073 3752 2149; baseline -0.002 -16"><span class='ocrx_word' id='word_1_393' title='bbox 2105 2079 2392 2148; x_wconf 90' lang='lat' dir='ltr'>Bulgaros</span> <span class='ocrx_word' id='word_1_394' title='bbox 2426 2077 2737 2145; x_wconf 83' lang='lat' dir='ltr'>afﬂixerat,</span> <span class='ocrx_word' id='word_1_395' title='bbox 2771 2092 3030 2149; x_wconf 90' lang='lat' dir='ltr'>eumque</span> <span class='ocrx_word' id='word_1_396' title='bbox 3057 2077 3354 2132; x_wconf 83' lang='lat' dir='ltr'>fatebatur</span> <span class='ocrx_word' id='word_1_397' title='bbox 3385 2075 3497 2130; x_wconf 90' lang='lat' dir='ltr'>dici</span> <span class='ocrx_word' id='word_1_398' title='bbox 3545 2073 3752 2144; x_wconf 80' lang='lat' dir='ltr'>Bulga-</span> 
     </span>
    </p>
   </div>
   <div class='ocr_carea' id='block_1_60' title="bbox 2101 2163 3751 2234">
    <p class='ocr_par' dir='ltr' id='par_1_60' title="bbox 2101 2163 3751 2234">
     <span class='ocr_line' id='line_1_60' title="bbox 2101 2163 3751 2234; baseline -0.005 -10"><span class='ocrx_word' id='word_1_399' title='bbox 2101 2173 2438 2234; x_wconf 90' lang='lat' dir='ltr'>roctonum,</span> <span class='ocrx_word' id='word_1_400' title='bbox 2469 2183 2530 2224; x_wconf 91' lang='lat' dir='ltr'>se</span> <span class='ocrx_word' id='word_1_401' title='bbox 2561 2182 2698 2223; x_wconf 89' lang='lat' dir='ltr'>vero</span> <span class='ocrx_word' id='word_1_402' title='bbox 2743 2169 3234 2223; x_wconf 67' lang='lat' dir='ltr'>Romaeoctonum</span> <span class='ocrx_word' id='word_1_403' title='bbox 3280 2163 3658 2234; x_wconf 92' lang='lat' dir='ltr'>indigitabat.</span> <span class='ocrx_word' id='word_1_404' title='bbox 3699 2165 3751 2217; x_wconf 92' lang='lat' dir='ltr'>ls</span> 
     </span>
    </p>
   </div>
   <div class='ocr_carea' id='block_1_61' title="bbox 2102 2252 3750 2329">
    <p class='ocr_par' dir='ltr' id='par_1_61' title="bbox 2102 2252 3750 2329">
     <span class='ocr_line' id='line_1_61' title="bbox 2102 2252 3750 2329; baseline -0.002 -17"><span class='ocrx_word' id='word_1_405' title='bbox 2102 2273 2292 2329; x_wconf 91' lang='lat' dir='ltr'>usque</span> <span class='ocrx_word' id='word_1_406' title='bbox 2323 2256 2806 2314; x_wconf 84' lang='lat' dir='ltr'>Thessalonicam</span> <span class='ocrx_word' id='word_1_407' title='bbox 2869 2256 3222 2328; x_wconf 90' lang='lat' dir='ltr'>perveniens</span> <span class='ocrx_word' id='word_1_408' title='bbox 3268 2252 3498 2310; x_wconf 88' lang='lat' dir='ltr'>laterali</span> <span class='ocrx_word' id='word_1_409' title='bbox 3547 2252 3750 2308; x_wconf 90' lang='lat' dir='ltr'>morbo</span> 
     </span>
    </p>
   </div>
   <div class='ocr_carea' id='block_1_62' title="bbox 2105 2343 3752 2416">
    <p class='ocr_par' dir='ltr' id='par_1_62' title="bbox 2105 2343 3752 2416">
     <span class='ocr_line' id='line_1_62' title="bbox 2105 2343 3752 2416; baseline -0.005 -11"><span class='ocrx_word' id='word_1_410' title='bbox 2105 2350 2285 2405; x_wconf 90' lang='lat' dir='ltr'>vitam</span> <span class='ocrx_word' id='word_1_411' title='bbox 2304 2350 2452 2416; x_wconf 89' lang='lat' dir='ltr'>ﬁnit,</span> <span class='ocrx_word' id='word_1_412' title='bbox 2488 2348 2661 2405; x_wconf 86' lang='lat' dir='ltr'>velut</span> <span class='ocrx_word' id='word_1_413' title='bbox 2695 2347 2791 2405; x_wconf 92' lang='lat' dir='ltr'>alii</span> <span class='ocrx_word' id='word_1_414' title='bbox 2806 2347 3170 2414; x_wconf 89' lang='lat' dir='ltr'>asserebant,</span> <span class='ocrx_word' id='word_1_415' title='bbox 3203 2348 3291 2402; x_wconf 90' lang='lat' dir='ltr'>ira</span> <span class='ocrx_word' id='word_1_416' title='bbox 3317 2344 3587 2402; x_wconf 88' lang='lat' dir='ltr'>Numinis</span> <span class='ocrx_word' id='word_1_417' title='bbox 3604 2343 3752 2399; x_wconf 88' lang='lat' dir='ltr'>tristi</span> 
     </span>
    </p>
   </div>
   <div class='ocr_carea' id='block_1_63' title="bbox 2103 2431 3752 2496">
    <p class='ocr_par' dir='ltr' id='par_1_63' title="bbox 2103 2431 3752 2496">
     <span class='ocr_line' id='line_1_63' title="bbox 2103 2431 3752 2496; baseline -0.004 -2"><span class='ocrx_word' id='word_1_418' title='bbox 2103 2446 2290 2496; x_wconf 89' lang='lat' dir='ltr'>morte</span> <span class='ocrx_word' id='word_1_419' title='bbox 2304 2438 2589 2495; x_wconf 90' lang='lat' dir='ltr'>multatus</span> <span class='ocrx_word' id='word_1_420' title='bbox 2601 2443 2710 2494; x_wconf 89' lang='lat' dir='ltr'>est.</span> <span class='ocrx_word' id='word_1_421' title='bbox 2756 2437 3086 2494; x_wconf 90' lang='lat' dir='ltr'>Somniavit</span> <span class='ocrx_word' id='word_1_422' title='bbox 3106 2437 3267 2492; x_wconf 90' lang='lat' dir='ltr'>enim</span> <span class='ocrx_word' id='word_1_423' title='bbox 3289 2435 3368 2491; x_wconf 92' lang='lat' dir='ltr'>ab</span> <span class='ocrx_word' id='word_1_424' title='bbox 3395 2437 3625 2491; x_wconf 89' lang='lat' dir='ltr'>armato</span> <span class='ocrx_word' id='word_1_425' title='bbox 3640 2431 3752 2488; x_wconf 91' lang='lat' dir='ltr'>sibi</span> 
     </span>
    </p>
   </div>
   <div class='ocr_carea' id='block_1_64' title="bbox 2103 2524 3751 2589">
    <p class='ocr_par' dir='ltr' id='par_1_64' title="bbox 2103 2524 3751 2589">
     <span class='ocr_line' id='line_1_64' title="bbox 2103 2524 3751 2589; baseline -0.004 -5"><span class='ocrx_word' id='word_1_426' title='bbox 2103 2528 2372 2585; x_wconf 84' lang='lat' dir='ltr'>adstante</span> <span class='ocrx_word' id='word_1_427' title='bbox 2395 2529 2565 2585; x_wconf 90' lang='lat' dir='ltr'>hasta</span> <span class='ocrx_word' id='word_1_428' title='bbox 2584 2527 2741 2584; x_wconf 90' lang='lat' dir='ltr'>latus</span> <span class='ocrx_word' id='word_1_429' title='bbox 2758 2527 3028 2583; x_wconf 88' lang='lat' dir='ltr'>confodi:</span> <span class='ocrx_word' id='word_1_430' title='bbox 3049 2541 3228 2581; x_wconf 90' lang='lat' dir='ltr'>nemo</span> <span class='ocrx_word' id='word_1_431' title='bbox 3250 2524 3431 2589; x_wconf 90' lang='lat' dir='ltr'>enim,</span> <span class='ocrx_word' id='word_1_432' title='bbox 3463 2539 3572 2580; x_wconf 87' lang='lat' dir='ltr'>nec</span> <span class='ocrx_word' id='word_1_433' title='bbox 3594 2537 3751 2578; x_wconf 87' lang='lat' dir='ltr'>men-</span> 
     </span>
    </p>
   </div>
   <div class='ocr_carea' id='block_1_65' title="bbox 2101 2613 3752 2687">
    <p class='ocr_par' dir='ltr' id='par_1_65' title="bbox 2101 2613 3752 2687">
     <span class='ocr_line' id='line_1_65' title="bbox 2101 2613 3752 2687; baseline -0.005 -12"><span class='ocrx_word' id='word_1_434' title='bbox 2101 2619 2232 2687; x_wconf 87' lang='lat' dir='ltr'>tior,</span> <span class='ocrx_word' id='word_1_435' title='bbox 2262 2634 2293 2674; x_wconf 89' lang='lat' dir='ltr'>e</span> <span class='ocrx_word' id='word_1_436' title='bbox 2319 2618 2612 2674; x_wconf 88' lang='lat' dir='ltr'>memoria</span> <span class='ocrx_word' id='word_1_437' title='bbox 2641 2617 2958 2674; x_wconf 85' lang='lat' dir='ltr'>hominum</span> <span class='ocrx_word' id='word_1_438' title='bbox 2994 2620 3162 2672; x_wconf 88' lang='lat' dir='ltr'>totac</span> <span class='ocrx_word' id='word_1_439' title='bbox 3185 2615 3293 2671; x_wconf 90' lang='lat' dir='ltr'>iste</span> <span class='ocrx_word' id='word_1_440' title='bbox 3311 2613 3752 2670; x_wconf 87' lang='lat' dir='ltr'>calamitatibus</span> 
     </span>
    </p>
   </div>
   <div class='ocr_carea' id='block_1_66' title="bbox 2099 2701 3753 2773">
    <p class='ocr_par' dir='ltr' id='par_1_66' title="bbox 2099 2701 3753 2773">
     <span class='ocr_line' id='line_1_66' title="bbox 2099 2701 3753 2773; baseline -0.004 -9"><span class='ocrx_word' id='word_1_441' title='bbox 2099 2711 2407 2764; x_wconf 84' lang='lat' dir='ltr'>Romanos</span> <span class='ocrx_word' id='word_1_442' title='bbox 2428 2707 2655 2773; x_wconf 77' lang='lat' dir='ltr'>afﬂixit,</span> <span class='ocrx_word' id='word_1_443' title='bbox 2676 2706 2829 2762; x_wconf 90' lang='lat' dir='ltr'>adeo</span> <span class='ocrx_word' id='word_1_444' title='bbox 2852 2710 2914 2760; x_wconf 92' lang='lat' dir='ltr'>ut</span> <span class='ocrx_word' id='word_1_445' title='bbox 2941 2721 2977 2761; x_wconf 88' lang='lat' dir='ltr'>a</span> <span class='ocrx_word' id='word_1_446' title='bbox 2993 2721 3140 2761; x_wconf 90' lang='lat' dir='ltr'>cane</span> <span class='ocrx_word' id='word_1_447' title='bbox 3162 2719 3385 2761; x_wconf 90' lang='lat' dir='ltr'>nomen</span> <span class='ocrx_word' id='word_1_448' title='bbox 3407 2702 3486 2759; x_wconf 85' lang='lat' dir='ltr'>illi</span> <span class='ocrx_word' id='word_1_449' title='bbox 3508 2701 3753 2773; x_wconf 89' lang='lat' dir='ltr'>imposi-</span> 
     </span>
    </p>
   </div>
   <div class='ocr_carea' id='block_1_67' title="bbox 2099 2791 3750 2869">
    <p class='ocr_par' dir='ltr' id='par_1_67' title="bbox 2099 2791 3750 2869">
     <span class='ocr_line' id='line_1_67' title="bbox 2099 2791 3750 2869; baseline -0.004 -15"><span class='ocrx_word' id='word_1_450' title='bbox 2099 2805 2227 2855; x_wconf 93' lang='lat' dir='ltr'>tum</span> <span class='ocrx_word' id='word_1_451' title='bbox 2269 2798 2366 2865; x_wconf 90' lang='lat' dir='ltr'>sit,</span> <span class='ocrx_word' id='word_1_452' title='bbox 2400 2803 2454 2854; x_wconf 91' lang='lat' dir='ltr'>et</span> <span class='ocrx_word' id='word_1_453' title='bbox 2479 2796 2939 2869; x_wconf 85' lang='lat' dir='ltr'>Scylo-Joannes</span> <span class='ocrx_word' id='word_1_454' title='bbox 2969 2795 3046 2851; x_wconf 94' lang='lat' dir='ltr'>ab</span> <span class='ocrx_word' id='word_1_455' title='bbox 3101 2794 3386 2850; x_wconf 91' lang='lat' dir='ltr'>omnibus</span> <span class='ocrx_word' id='word_1_456' title='bbox 3427 2791 3750 2864; x_wconf 88' lang='lat' dir='ltr'>compella-</span> 
     </span>
    </p>
   </div>
   <div class='ocr_carea' id='block_1_68' title="bbox 2096 2872 3751 2958">
    <p class='ocr_par' dir='ltr' id='par_1_68' title="bbox 2096 2872 3751 2958">
     <span class='ocr_line' id='line_1_68' title="bbox 2096 2872 3751 2958; baseline -0.005 -14"><span class='ocrx_word' id='word_1_457' title='bbox 2096 2894 2273 2944; x_wconf 86' lang='lat' dir='ltr'>retur.</span> <span class='ocrx_word' id='word_1_458' title='bbox 2310 2889 2456 2943; x_wconf 88' lang='lat' dir='ltr'>Cum</span> <span class='ocrx_word' id='word_1_459' title='bbox 2479 2887 2638 2942; x_wconf 91' lang='lat' dir='ltr'>enim</span> <span class='ocrx_word' id='word_1_460' title='bbox 2659 2886 2908 2958; x_wconf 89' lang='lat' dir='ltr'>Scythas</span> <span class='ocrx_word' id='word_1_461' title='bbox 2928 2884 3042 2940; x_wconf 91' lang='lat' dir='ltr'>sibi</span> <span class='ocrx_word' id='word_1_462' title='bbox 3069 2883 3432 2940; x_wconf 83' lang='lat' dir='ltr'>devinxisset</span> <span class='ocrx_word' id='word_1_463' title='bbox 3464 2872 3751 2937; x_wconf 69' lang='lat' dir='ltr'>afﬁnitalie</span> 
     </span>
    </p>
   </div>
   <div class='ocr_carea' id='block_1_69' title="bbox 2095 2969 3753 3044">
    <p class='ocr_par' dir='ltr' id='par_1_69' title="bbox 2095 2969 3753 3044">
     <span class='ocr_line' id='line_1_69' title="bbox 2095 2969 3753 3044; baseline -0.007 -9"><span class='ocrx_word' id='word_1_464' title='bbox 2095 2995 2233 3035; x_wconf 89' lang='lat' dir='ltr'>cum</span> <span class='ocrx_word' id='word_1_465' title='bbox 2265 2977 2376 3033; x_wconf 91' lang='lat' dir='ltr'>illis</span> <span class='ocrx_word' id='word_1_466' title='bbox 2406 2981 2730 3044; x_wconf 88' lang='lat' dir='ltr'>contracta,</span> <span class='ocrx_word' id='word_1_467' title='bbox 2749 2979 2806 3031; x_wconf 92' lang='lat' dir='ltr'>et</span> <span class='ocrx_word' id='word_1_468' title='bbox 2834 2990 3033 3030; x_wconf 89' lang='lat' dir='ltr'>mores</span> <span class='ocrx_word' id='word_1_469' title='bbox 3051 2973 3164 3028; x_wconf 90' lang='lat' dir='ltr'>sibi</span> <span class='ocrx_word' id='word_1_470' title='bbox 3216 2972 3548 3028; x_wconf 88' lang='lat' dir='ltr'>vindicaret</span> <span class='ocrx_word' id='word_1_471' title='bbox 3577 2970 3656 3026; x_wconf 92' lang='lat' dir='ltr'>ob</span> <span class='ocrx_word' id='word_1_472' title='bbox 3674 2969 3753 3025; x_wconf 83' lang='lat' dir='ltr'>fe-</span> 
     </span>
    </p>
   </div>
   <div class='ocr_carea' id='block_1_70' title="bbox 2093 3062 3755 3130">
    <p class='ocr_par' dir='ltr' id='par_1_70' title="bbox 2093 3062 3755 3130">
     <span class='ocr_line' id='line_1_70' title="bbox 2093 3062 3755 3130; baseline -0.005 -6"><span class='ocrx_word' id='word_1_473' title='bbox 2093 3069 2388 3125; x_wconf 90' lang='lat' dir='ltr'>rociorem</span> <span class='ocrx_word' id='word_1_474' title='bbox 2415 3071 2696 3122; x_wconf 90' lang='lat' dir='ltr'>naturam</span> <span class='ocrx_word' id='word_1_475' title='bbox 2719 3064 3127 3130; x_wconf 89' lang='lat' dir='ltr'>immaniores,</span> <span class='ocrx_word' id='word_1_476' title='bbox 3158 3062 3429 3118; x_wconf 68' lang='lat' dir='ltr'>cazdibus</span> <span class='ocrx_word' id='word_1_477' title='bbox 3454 3064 3755 3117; x_wconf 82' lang='lat' dir='ltr'>Romano-</span> 
     </span>
    </p>
   </div>
   <div class='ocr_carea' id='block_1_71' title="bbox 2094 3151 3752 3214">
    <p class='ocr_par' dir='ltr' id='par_1_71' title="bbox 2094 3151 3752 3214">
     <span class='ocr_line' id='line_1_71' title="bbox 2094 3151 3752 3214; baseline -0.005 0"><span class='ocrx_word' id='word_1_478' title='bbox 2094 3175 2228 3214; x_wconf 92' lang='lat' dir='ltr'>rum</span> <span class='ocrx_word' id='word_1_479' title='bbox 2252 3156 2587 3214; x_wconf 88' lang='lat' dir='ltr'>admodum</span> <span class='ocrx_word' id='word_1_480' title='bbox 2609 3154 3040 3210; x_wconf 89' lang='lat' dir='ltr'>delectabatur.</span> <span class='ocrx_word' id='word_1_481' title='bbox 3066 3155 3184 3209; x_wconf 87' lang='lat' dir='ltr'>Hoc</span> <span class='ocrx_word' id='word_1_482' title='bbox 3209 3151 3344 3207; x_wconf 87' lang='lat' dir='ltr'>fatis</span> <span class='ocrx_word' id='word_1_483' title='bbox 3366 3152 3571 3207; x_wconf 85' lang='lat' dir='ltr'>functo</span> <span class='ocrx_word' id='word_1_484' title='bbox 3591 3164 3752 3206; x_wconf 86' lang='lat' dir='ltr'>soro-</span> 
     </span>
    </p>
   </div>
   <div class='ocr_carea' id='block_1_72' title="bbox 2093 3240 3750 3314">
    <p class='ocr_par' dir='ltr' id='par_1_72' title="bbox 2093 3240 3750 3314">
     <span class='ocr_line' id='line_1_72' title="bbox 2093 3240 3750 3314; baseline -0.005 -10"><span class='ocrx_word' id='word_1_485' title='bbox 2093 3249 2176 3305; x_wconf 92' lang='lat' dir='ltr'>ris</span> <span class='ocrx_word' id='word_1_486' title='bbox 2206 3248 2361 3304; x_wconf 87' lang='lat' dir='ltr'>illius</span> <span class='ocrx_word' id='word_1_487' title='bbox 2387 3245 2544 3301; x_wconf 86' lang='lat' dir='ltr'>ﬁlius</span> <span class='ocrx_word' id='word_1_488' title='bbox 2566 3243 2861 3300; x_wconf 90' lang='lat' dir='ltr'>Phrorilas</span> <span class='ocrx_word' id='word_1_489' title='bbox 2892 3243 3160 3309; x_wconf 89' lang='lat' dir='ltr'>nomine,</span> <span class='ocrx_word' id='word_1_490' title='bbox 3194 3241 3474 3314; x_wconf 89' lang='lat' dir='ltr'>Scythide</span> <span class='ocrx_word' id='word_1_491' title='bbox 3523 3240 3662 3296; x_wconf 89' lang='lat' dir='ltr'>avia</span> <span class='ocrx_word' id='word_1_492' title='bbox 3689 3240 3750 3295; x_wconf 91' lang='lat' dir='ltr'>in</span> 
     </span>
    </p>
   </div>
   <div class='ocr_carea' id='block_1_73' title="bbox 2093 3331 3748 3403">
    <p class='ocr_par' dir='ltr' id='par_1_73' title="bbox 2093 3331 3748 3403">
     <span class='ocr_line' id='line_1_73' title="bbox 2093 3331 3748 3403; baseline -0.005 -9"><span class='ocrx_word' id='word_1_493' title='bbox 2093 3335 2544 3394; x_wconf 88' lang='lat' dir='ltr'>matrimonium</span> <span class='ocrx_word' id='word_1_494' title='bbox 2575 3334 2757 3390; x_wconf 88' lang='lat' dir='ltr'>ducta</span> <span class='ocrx_word' id='word_1_495' title='bbox 2778 3347 3032 3403; x_wconf 83' lang='lat' dir='ltr'>regnum</span> <span class='ocrx_word' id='word_1_496' title='bbox 3047 3331 3441 3402; x_wconf 87' lang='lat' dir='ltr'>Bulgarorum</span> <span class='ocrx_word' id='word_1_497' title='bbox 3471 3335 3748 3402; x_wconf 87' lang='lat' dir='ltr'>occupat.</span> 
     </span>
    </p>
   </div>
   <div class='ocr_carea' id='block_1_74' title="bbox 2091 3420 3750 3494">
    <p class='ocr_par' dir='ltr' id='par_1_74' title="bbox 2091 3420 3750 3494">
     <span class='ocr_line' id='line_1_74' title="bbox 2091 3420 3750 3494; baseline -0.004 -12"><span class='ocrx_word' id='word_1_498' title='bbox 2091 3429 2270 3484; x_wconf 90' lang='lat' dir='ltr'>Filius</span> <span class='ocrx_word' id='word_1_499' title='bbox 2288 3442 2429 3483; x_wconf 88' lang='lat' dir='ltr'>vero</span> <span class='ocrx_word' id='word_1_500' title='bbox 2449 3424 2630 3481; x_wconf 83' lang='lat' dir='ltr'>Asani</span> <span class='ocrx_word' id='word_1_501' title='bbox 2645 3427 2904 3479; x_wconf 83' lang='lat' dir='ltr'>Joannes</span> <span class='ocrx_word' id='word_1_502' title='bbox 2921 3422 3077 3478; x_wconf 91' lang='lat' dir='ltr'>clam</span> <span class='ocrx_word' id='word_1_503' title='bbox 3103 3425 3439 3494; x_wconf 86' lang='lat' dir='ltr'>ereptus,ut</span> <span class='ocrx_word' id='word_1_504' title='bbox 3466 3420 3750 3490; x_wconf 85' lang='lat' dir='ltr'>diximus,</span> 
     </span>
    </p>
   </div>
   <div class='ocr_carea' id='block_1_75' title="bbox 2091 3509 3748 3588">
    <p class='ocr_par' dir='ltr' id='par_1_75' title="bbox 2091 3509 3748 3588">
     <span class='ocr_line' id='line_1_75' title="bbox 2091 3509 3748 3588; baseline -0.007 -12"><span class='ocrx_word' id='word_1_505' title='bbox 2091 3519 2169 3576; x_wconf 91' lang='lat' dir='ltr'>ad</span> <span class='ocrx_word' id='word_1_506' title='bbox 2193 3517 2444 3588; x_wconf 82' lang='lat' dir='ltr'>Scythas</span> <span class='ocrx_word' id='word_1_507' title='bbox 2466 3518 2826 3586; x_wconf 85' lang='lat' dir='ltr'>asportatur.</span> <span class='ocrx_word' id='word_1_508' title='bbox 2850 3513 2959 3583; x_wconf 75' lang='lat'>27</span> <span class='ocrx_word' id='word_1_509' title='bbox 2989 3514 3055 3568; x_wconf 90' lang='lat' dir='ltr'>Et</span> <span class='ocrx_word' id='word_1_510' title='bbox 3084 3511 3212 3566; x_wconf 86' lang='lat' dir='ltr'>haec</span> <span class='ocrx_word' id='word_1_511' title='bbox 3234 3509 3482 3582; x_wconf 89' lang='lat' dir='ltr'>quidem</span> <span class='ocrx_word' id='word_1_512' title='bbox 3508 3509 3582 3565; x_wconf 92' lang='lat' dir='ltr'>de</span> <span class='ocrx_word' id='word_1_513' title='bbox 3617 3509 3748 3565; x_wconf 87' lang='lat' dir='ltr'>Bul-</span> 
     </span>
    </p>
   </div>
   <div class='ocr_carea' id='block_1_76' title="bbox 2092 3599 3752 3680">
    <p class='ocr_par' dir='ltr' id='par_1_76' title="bbox 2092 3599 3752 3680">
     <span class='ocr_line' id='line_1_76' title="bbox 2092 3599 3752 3680; baseline -0.006 -15"><span class='ocrx_word' id='word_1_514' title='bbox 2092 3609 2250 3680; x_wconf 86' lang='lat' dir='ltr'>garis</span> <span class='ocrx_word' id='word_1_515' title='bbox 2271 3625 2282 3661; x_wconf 90' lang='lat'><strong>:</strong></span> <span class='ocrx_word' id='word_1_516' title='bbox 2302 3606 2536 3678; x_wconf 89' lang='lat' dir='ltr'>reliqua</span> <span class='ocrx_word' id='word_1_517' title='bbox 2556 3603 2766 3671; x_wconf 90' lang='lat' dir='ltr'>oratio,</span> <span class='ocrx_word' id='word_1_518' title='bbox 2781 3602 3006 3676; x_wconf 90' lang='lat' dir='ltr'>quibus</span> <span class='ocrx_word' id='word_1_519' title='bbox 3025 3605 3198 3673; x_wconf 90' lang='lat' dir='ltr'>gesta</span> <span class='ocrx_word' id='word_1_520' title='bbox 3210 3605 3349 3656; x_wconf 87' lang='lat' dir='ltr'>sunt</span> <span class='ocrx_word' id='word_1_521' title='bbox 3381 3599 3752 3672; x_wconf 85' lang='lat' dir='ltr'>temporibus</span> 
     </span>
    </p>
   </div>
   <div class='ocr_carea' id='block_1_77' title="bbox 2091 3697 2400 3758">
    <p class='ocr_par' dir='ltr' id='par_1_77' title="bbox 2091 3697 2400 3758">
     <span class='ocr_line' id='line_1_77' title="bbox 2091 3697 2400 3758; baseline -0.019 0"><span class='ocrx_word' id='word_1_522' title='bbox 2091 3697 2400 3758; x_wconf 86' lang='lat' dir='ltr'>enodabit.</span> 
     </span>
    </p>
   </div>
   <div class='ocr_carea' id='block_1_78' title="bbox 369 3776 3740 3860">
    <p class='ocr_par' dir='ltr' id='par_1_78' title="bbox 369 3776 3740 3860">
     <span class='ocr_line' id='line_1_78' title="bbox 369 3776 3740 3860; baseline 0.001 -32"><span class='ocrx_word' id='word_1_523' title='bbox 369 3794 492 3850; x_wconf 89' lang='grc' dir='ltr'>ρατι</span> <span class='ocrx_word' id='word_1_524' title='bbox 567 3776 760 3842; x_wconf 83' lang='grc' dir='ltr'>πλῆξαί</span> <span class='ocrx_word' id='word_1_525' title='bbox 807 3782 857 3832; x_wconf 81' lang='grc' dir='ltr'>οἱ</span> <span class='ocrx_word' id='word_1_526' title='bbox 917 3787 1011 3840; x_wconf 73' lang='grc' dir='ltr'>τὴν</span> <span class='ocrx_word' id='word_1_527' title='bbox 1080 3783 1320 3859; x_wconf 72' lang='grc' dir='ltr'>πλευράν.</span> <span class='ocrx_word' id='word_1_528' title='bbox 1373 3785 1468 3837; x_wconf 82' lang='grc' dir='ltr'>Ἦν</span> <span class='ocrx_word' id='word_1_529' title='bbox 1513 3789 1615 3860; x_wconf 76' lang='grc' dir='ltr'>γὰρ</span> <span class='ocrx_word' id='word_1_530' title='bbox 1674 3791 1763 3839; x_wconf 83' lang='grc' dir='ltr'>καὶ</span> <span class='ocrx_word' id='word_1_531' title='bbox 1822 3786 2027 3853; x_wconf 82' lang='grc' dir='ltr'>ἀληθῶς</span> <span class='ocrx_word' id='word_1_532' title='bbox 2079 3792 2150 3852; x_wconf 88' lang='grc' dir='ltr'>ὡς</span> <span class='ocrx_word' id='word_1_533' title='bbox 2207 3785 2454 3841; x_wconf 73' lang='grc' dir='ltr'>οὐδέποτε</span> <span class='ocrx_word' id='word_1_534' title='bbox 2506 3793 2567 3856; x_wconf 77' lang='grc' dir='ltr'>τῇ</span> <span class='ocrx_word' id='word_1_535' title='bbox 2609 3783 2874 3857; x_wconf 88' lang='grc' dir='ltr'>Ῥωμαίων</span> <span class='ocrx_word' id='word_1_536' title='bbox 2919 3788 3155 3835; x_wconf 83' lang='grc' dir='ltr'>τοσαῦτα</span> <span class='ocrx_word' id='word_1_537' title='bbox 3205 3783 3350 3856; x_wconf 88' lang='grc' dir='ltr'>παρά</span> <span class='ocrx_word' id='word_1_538' title='bbox 3404 3799 3496 3832; x_wconf 88' lang='grc' dir='ltr'>του</span> <span class='ocrx_word' id='word_1_539' title='bbox 3559 3778 3740 3843; x_wconf 81' lang='grc' dir='ltr'>ξυνέϐη</span> 
     </span>
    </p>
   </div>
   <div class='ocr_carea' id='block_1_79' title="bbox 444 3876 1401 3950">
    <p class='ocr_par' dir='ltr' id='par_1_79' title="bbox 444 3876 1401 3950">
     <span class='ocr_line' id='line_1_79' title="bbox 444 3876 1401 3950; baseline 0.015 -24"><span class='ocrx_word' id='word_1_540' title='bbox 444 3876 491 3910; x_wconf 73' lang='grc'>⁸³</span> <span class='ocrx_word' id='word_1_541' title='bbox 524 3876 830 3950; x_wconf 78' lang='grc' dir='ltr'>θαυμαστὴν</span> <span class='ocrx_word' id='word_1_542' title='bbox 860 3911 931 3920; x_wconf 94' lang='lat'><strong>—</strong></span> <span class='ocrx_word' id='word_1_543' title='bbox 959 3888 1130 3934; x_wconf 89' lang='grc' dir='ltr'>κεῖταν</span> <span class='ocrx_word' id='word_1_544' title='bbox 1173 3899 1296 3939; x_wconf 90' lang='lat' dir='ltr'>om.</span> <span class='ocrx_word' id='word_1_545' title='bbox 1337 3887 1401 3940; x_wconf 89' lang='lat' dir='ltr'>D.</span> 
     </span>
    </p>
   </div>
   <div class='ocr_carea' id='block_1_80' title="bbox 1268 3973 2851 4047">
    <p class='ocr_par' dir='ltr' id='par_1_80' title="bbox 1268 3973 2851 4047">
     <span class='ocr_line' id='line_1_80' title="bbox 1268 3973 2851 4047; baseline 0.001 -8"><span class='ocrx_word' id='word_1_546' title='bbox 1268 3973 1611 4041; x_wconf 88' lang='lat' dir='ltr'>Theodori</span> <span class='ocrx_word' id='word_1_547' title='bbox 1661 3976 1910 4046; x_wconf 68' lang='lat' dir='ltr'>Dousaa</span> <span class='ocrx_word' id='word_1_548' title='bbox 1952 3988 2016 4046; x_wconf 90' lang='lat' dir='ltr'>et</span> <span class='ocrx_word' id='word_1_549' title='bbox 2061 3977 2312 4047; x_wconf 90' lang='lat' dir='ltr'>Leonis</span> <span class='ocrx_word' id='word_1_550' title='bbox 2362 3973 2593 4043; x_wconf 85' lang='lat' dir='ltr'>Allatii</span> <span class='ocrx_word' id='word_1_551' title='bbox 2647 3981 2851 4041; x_wconf 74' lang='lat' dir='ltr'>notae.</span> 
     </span>
    </p>
   </div>
   <div class='ocr_carea' id='block_1_81' title="bbox 371 4083 1983 4172">
    <p class='ocr_par' dir='ltr' id='par_1_81' title="bbox 371 4083 1983 4172">
     <span class='ocr_line' id='line_1_81' title="bbox 371 4083 1983 4172; baseline 0.011 -39"><span class='ocrx_word' id='word_1_552' title='bbox 371 4085 501 4172; x_wconf 56' lang='grc' dir='ltr'>Ξρόν</span> <span class='ocrx_word' id='word_1_553' title='bbox 527 4083 720 4172; x_wconf 52' lang='grc' dir='ltr'>ριξοᾲ</span> <span class='ocrx_word' id='word_1_554' title='bbox 742 4089 830 4172; x_wconf 70' lang='lat' dir='ltr'>est</span> <span class='ocrx_word' id='word_1_555' title='bbox 847 4091 904 4140; x_wconf 85' lang='grc' dir='ltr'>τὸ</span> <span class='ocrx_word' id='word_1_556' title='bbox 924 4088 1182 4172; x_wconf 73' lang='grc' dir='ltr'>λαμπρόν)</span> <span class='ocrx_word' id='word_1_557' title='bbox 1215 4095 1408 4172; x_wconf 53' lang='lat' dir='ltr'>exstat</span> <span class='ocrx_word' id='word_1_558' title='bbox 1435 4092 1499 4172; x_wconf 74' lang='lat' dir='ltr'>in</span> <span class='ocrx_word' id='word_1_559' title='bbox 1542 4095 1983 4152; x_wconf 66' lang='lat' dir='ltr'>Turco-Grmcia</span> 
     </span>
    </p>
   </div>
   <div class='ocr_carea' id='block_1_82' title="bbox 374 4156 1982 4237">
    <p class='ocr_par' dir='ltr' id='par_1_82' title="bbox 374 4156 1982 4237">
     <span class='ocr_line' id='line_1_82' title="bbox 374 4156 1982 4237; baseline 0.008 -26"><span class='ocrx_word' id='word_1_560' title='bbox 374 4156 582 4237; x_wconf 45' lang='lat' dir='ltr'>C’rusii:</span> <span class='ocrx_word' id='word_1_561' title='bbox 607 4156 719 4237; x_wconf 80' lang='lat' dir='ltr'>Sed</span> <span class='ocrx_word' id='word_1_562' title='bbox 741 4157 815 4212; x_wconf 89' lang='lat' dir='ltr'>de</span> <span class='ocrx_word' id='word_1_563' title='bbox 834 4156 1130 4237; x_wconf 78' lang='lat' dir='ltr'>voceplus</span> <span class='ocrx_word' id='word_1_564' title='bbox 1156 4156 1321 4218; x_wconf 84' lang='lat' dir='ltr'>satis.</span> <span class='ocrx_word' id='word_1_565' title='bbox 1340 4163 1538 4220; x_wconf 86' lang='lat' dir='ltr'>Simile</span> <span class='ocrx_word' id='word_1_566' title='bbox 1561 4171 1760 4222; x_wconf 86' lang='lat' dir='ltr'>autem</span> <span class='ocrx_word' id='word_1_567' title='bbox 1777 4171 1982 4223; x_wconf 85' lang='lat' dir='ltr'>strata-</span> 
     </span>
    </p>
   </div>
   <div class='ocr_carea' id='block_1_83' title="bbox 373 4227 1980 4302">
    <p class='ocr_par' dir='ltr' id='par_1_83' title="bbox 373 4227 1980 4302">
     <span class='ocr_line' id='line_1_83' title="bbox 373 4227 1980 4302; baseline 0.008 -21"><span class='ocrx_word' id='word_1_568' title='bbox 373 4227 778 4302; x_wconf 83' lang='lat' dir='ltr'>gemalegitur</span> <span class='ocrx_word' id='word_1_569' title='bbox 790 4232 955 4302; x_wconf 91' lang='lat' dir='ltr'>apud</span> <span class='ocrx_word' id='word_1_570' title='bbox 975 4227 1202 4290; x_wconf 69' lang='lat' dir='ltr'>[Iivium</span> <span class='ocrx_word' id='word_1_571' title='bbox 1222 4251 1334 4298; x_wconf 71' lang='lat' dir='ltr'>xxx,</span> <span class='ocrx_word' id='word_1_572' title='bbox 1360 4238 1449 4300; x_wconf 82' lang='lat'>3&#39;2,</span> <span class='ocrx_word' id='word_1_573' title='bbox 1477 4237 1808 4301; x_wconf 84' lang='lat' dir='ltr'>Annibalis,</span> <span class='ocrx_word' id='word_1_574' title='bbox 1841 4254 1980 4294; x_wconf 89' lang='lat' dir='ltr'>cum</span> 
     </span>
    </p>
   </div>
   <div class='ocr_carea' id='block_1_84' title="bbox 374 4301 1982 4380">
    <p class='ocr_par' dir='ltr' id='par_1_84' title="bbox 374 4301 1982 4380">
     <span class='ocr_line' id='line_1_84' title="bbox 374 4301 1982 4380; baseline 0.009 -28"><span class='ocrx_word' id='word_1_575' title='bbox 374 4305 658 4380; x_wconf 85' lang='lat' dir='ltr'>superato</span> <span class='ocrx_word' id='word_1_576' title='bbox 684 4301 969 4380; x_wconf 48' lang='lat' dir='ltr'>Pyrenaeo</span> <span class='ocrx_word' id='word_1_577' title='bbox 1016 4306 1177 4380; x_wconf 90' lang='lat' dir='ltr'>_sa_l_tu</span> <span class='ocrx_word' id='word_1_578' title='bbox 1209 4307 1286 4361; x_wconf 84' lang='lat' dir='ltr'>ad</span> <span class='ocrx_word' id='word_1_579' title='bbox 1319 4307 1499 4378; x_wconf 86' lang='lat' dir='ltr'>Alpes</span> <span class='ocrx_word' id='word_1_580' title='bbox 1527 4312 1895 4380; x_wconf 88' lang='lat' dir='ltr'>pervenisset</span> <span class='ocrx_word' id='word_1_581' title='bbox 1926 4316 1982 4366; x_wconf 92' lang='lat' dir='ltr'>et</span> 
     </span>
    </p>
   </div>
   <div class='ocr_carea' id='block_1_85' title="bbox 372 4372 1976 4453">
    <p class='ocr_par' dir='ltr' id='par_1_85' title="bbox 372 4372 1976 4453">
     <span class='ocr_line' id='line_1_85' title="bbox 372 4372 1976 4453; baseline 0.009 -30"><span class='ocrx_word' id='word_1_582' title='bbox 372 4375 693 4453; x_wconf 74' lang='lat' dir='ltr'>montanos</span> <span class='ocrx_word' id='word_1_583' title='bbox 711 4372 906 4430; x_wconf 88' lang='lat' dir='ltr'>Gallos</span> <span class='ocrx_word' id='word_1_584' title='bbox 929 4375 1275 4453; x_wconf 77' lang='lat' dir='ltr'>debellaret.</span> <span class='ocrx_word' id='word_1_585' title='bbox 1304 4372 1603 4453; x_wconf 79' lang='lat' dir='ltr'>Leguntur</span> <span class='ocrx_word' id='word_1_586' title='bbox 1627 4381 1790 4453; x_wconf 87' lang='lat' dir='ltr'>apud</span> <span class='ocrx_word' id='word_1_587' title='bbox 1817 4397 1976 4436; x_wconf 90' lang='lat' dir='ltr'>eum-</span> 
     </span>
    </p>
   </div>
   <div class='ocr_carea' id='block_1_86' title="bbox 372 4440 1978 4523">
    <p class='ocr_par' dir='ltr' id='par_1_86' title="bbox 372 4440 1978 4523">
     <span class='ocr_line' id='line_1_86' title="bbox 372 4440 1978 4523; baseline 0.008 -28"><span class='ocrx_word' id='word_1_588' title='bbox 372 4441 512 4523; x_wconf 85' lang='lat' dir='ltr'>dem</span> <span class='ocrx_word' id='word_1_589' title='bbox 535 4440 977 4523; x_wconf 42' lang='lat' dir='ltr'>.hujuscemodi</span> <span class='ocrx_word' id='word_1_590' title='bbox 996 4440 1422 4523; x_wconf 75' lang='lat' dir='ltr'>stratagemata</span> <span class='ocrx_word' id='word_1_591' title='bbox 1449 4451 1583 4518; x_wconf 92' lang='lat' dir='ltr'>alia,</span> <span class='ocrx_word' id='word_1_592' title='bbox 1639 4440 1879 4518; x_wconf 63' lang='lat' dir='ltr'>ignibus</span> <span class='ocrx_word' id='word_1_593' title='bbox 1918 4453 1978 4509; x_wconf 89' lang='lat' dir='ltr'>in</span> 
     </span>
    </p>
   </div>
   <div class='ocr_carea' id='block_1_87' title="bbox 372 4519 1973 4595">
    <p class='ocr_par' dir='ltr' id='par_1_87' title="bbox 372 4519 1973 4595">
     <span class='ocr_line' id='line_1_87' title="bbox 372 4519 1973 4595; baseline 0.009 -29"><span class='ocrx_word' id='word_1_594' title='bbox 372 4519 778 4595; x_wconf 56' lang='lat' dir='ltr'>castrisetiam</span> <span class='ocrx_word' id='word_1_595' title='bbox 809 4519 1013 4574; x_wconf 90' lang='lat' dir='ltr'>vacuis</span> <span class='ocrx_word' id='word_1_596' title='bbox 1036 4521 1302 4595; x_wconf 87' lang='lat' dir='ltr'>accensis</span> <span class='ocrx_word' id='word_1_597' title='bbox 1325 4521 1403 4576; x_wconf 88' lang='lat' dir='ltr'>ad</span> <span class='ocrx_word' id='word_1_598' title='bbox 1427 4523 1720 4579; x_wconf 87' lang='lat' dir='ltr'>fallendos</span> <span class='ocrx_word' id='word_1_599' title='bbox 1751 4524 1973 4580; x_wconf 87' lang='lat' dir='ltr'>hostes.</span> 
     </span>
    </p>
   </div>
   <div class='ocr_carea' id='block_1_88' title="bbox 371 4585 1976 4667">
    <p class='ocr_par' dir='ltr' id='par_1_88' title="bbox 371 4585 1976 4667">
     <span class='ocr_line' id='line_1_88' title="bbox 371 4585 1976 4667; baseline 0.007 -29"><span class='ocrx_word' id='word_1_600' title='bbox 371 4587 518 4667; x_wconf 56' lang='lat' dir='ltr'>Nam</span> <span class='ocrx_word' id='word_1_601' title='bbox 535 4585 827 4667; x_wconf 78' lang='lat' dir='ltr'>adignem</span> <span class='ocrx_word' id='word_1_602' title='bbox 853 4596 1160 4667; x_wconf 69' lang='lat' dir='ltr'>nocturnae</span> <span class='ocrx_word' id='word_1_603' title='bbox 1178 4593 1236 4667; x_wconf 87' lang='lat' dir='ltr'>in</span> <span class='ocrx_word' id='word_1_604' title='bbox 1255 4594 1463 4650; x_wconf 91' lang='lat' dir='ltr'>castris</span> <span class='ocrx_word' id='word_1_605' title='bbox 1489 4594 1700 4664; x_wconf 75' lang='lat' dir='ltr'>vigiliae</span> <span class='ocrx_word' id='word_1_606' title='bbox 1717 4597 1976 4659; x_wconf 77' lang='lat' dir='ltr'>ageban-</span> 
     </span>
    </p>
   </div>
   <div class='ocr_carea' id='block_1_89' title="bbox 371 4659 1978 4727">
    <p class='ocr_par' dir='ltr' id='par_1_89' title="bbox 371 4659 1978 4727">
     <span class='ocr_line' id='line_1_89' title="bbox 371 4659 1978 4727; baseline 0.007 -17"><span class='ocrx_word' id='word_1_607' title='bbox 371 4660 466 4711; x_wconf 89' lang='lat' dir='ltr'>tur</span> <span class='ocrx_word' id='word_1_608' title='bbox 491 4675 502 4721; x_wconf 88' lang='lat'>;</span> <span class='ocrx_word' id='word_1_609' title='bbox 529 4659 702 4727; x_wconf 90' lang='lat' dir='ltr'>cujus</span> <span class='ocrx_word' id='word_1_610' title='bbox 719 4659 798 4714; x_wconf 92' lang='lat' dir='ltr'>rei</span> <span class='ocrx_word' id='word_1_611' title='bbox 821 4662 1031 4717; x_wconf 90' lang='lat' dir='ltr'>crebra</span> <span class='ocrx_word' id='word_1_612' title='bbox 1044 4665 1266 4720; x_wconf 88' lang='lat' dir='ltr'>mentio</span> <span class='ocrx_word' id='word_1_613' title='bbox 1281 4667 1508 4727; x_wconf 89' lang='lat' dir='ltr'>passim</span> <span class='ocrx_word' id='word_1_614' title='bbox 1539 4659 1596 4722; x_wconf 80' lang='lat' dir='ltr'>in</span> <span class='ocrx_word' id='word_1_615' title='bbox 1610 4667 1861 4722; x_wconf 89' lang='lat' dir='ltr'>lectione</span> <span class='ocrx_word' id='word_1_616' title='bbox 1882 4684 1978 4721; x_wconf 89' lang='lat' dir='ltr'>ve-</span> 
     </span>
    </p>
   </div>
   <div class='ocr_carea' id='block_1_90' title="bbox 370 4732 1974 4810">
    <p class='ocr_par' dir='ltr' id='par_1_90' title="bbox 370 4732 1974 4810">
     <span class='ocr_line' id='line_1_90' title="bbox 370 4732 1974 4810; baseline 0.007 -29"><span class='ocrx_word' id='word_1_617' title='bbox 370 4732 1175 4810; x_wconf 32' lang='lat' dir='ltr'>terumﬁoccurrit;Horat.0ri.</span> <span class='ocrx_word' id='word_1_618' title='bbox 1192 4732 1678 4810; x_wconf 10' lang='lat' dir='ltr'>ttl,libr.i;Virgil.n</span> <span class='ocrx_word' id='word_1_619' title='bbox 1698 4740 1974 4806; x_wconf 40' lang='lat' dir='ltr'>ﬁnesid;</span> 
     </span>
    </p>
   </div>
   <div class='ocr_carea' id='block_1_91' title="bbox 372 4801 1974 4879">
    <p class='ocr_par' dir='ltr' id='par_1_91' title="bbox 372 4801 1974 4879">
     <span class='ocr_line' id='line_1_91' title="bbox 372 4801 1974 4879; baseline 0.007 -26"><span class='ocrx_word' id='word_1_620' title='bbox 372 4801 515 4879; x_wconf 73' lang='lat' dir='ltr'>Stat.</span> <span class='ocrx_word' id='word_1_621' title='bbox 552 4801 759 4879; x_wconf 80' lang='lat' dir='ltr'>Papi_n_.</span> <span class='ocrx_word' id='word_1_622' title='bbox 781 4804 1086 4879; x_wconf 78' lang='lat' dir='ltr'>Thebaid.,</span> <span class='ocrx_word' id='word_1_623' title='bbox 1120 4807 1222 4862; x_wconf 92' lang='lat' dir='ltr'>lib.</span> <span class='ocrx_word' id='word_1_624' title='bbox 1253 4824 1327 4870; x_wconf 74' lang='grc' dir='ltr'>ιν,</span> <span class='ocrx_word' id='word_1_625' title='bbox 1361 4801 1460 4864; x_wconf 85' lang='lat' dir='ltr'>lib.</span> <span class='ocrx_word' id='word_1_626' title='bbox 1499 4801 1588 4865; x_wconf 76' lang='lat' dir='ltr'>viii</span> <span class='ocrx_word' id='word_1_627' title='bbox 1631 4816 1686 4866; x_wconf 92' lang='lat' dir='ltr'>et</span> <span class='ocrx_word' id='word_1_628' title='bbox 1720 4810 1825 4868; x_wconf 88' lang='lat' dir='ltr'>lib.</span> <span class='ocrx_word' id='word_1_629' title='bbox 1852 4827 1931 4865; x_wconf 78' lang='lat' dir='ltr'>xn</span> 
     </span>
    </p>
   </div>
   <div class='ocr_carea' id='block_1_92' title="bbox 371 4874 1976 4954">
    <p class='ocr_par' dir='ltr' id='par_1_92' title="bbox 371 4874 1976 4954">
     <span class='ocr_line' id='line_1_92' title="bbox 371 4874 1976 4954; baseline 0.008 -29"><span class='ocrx_word' id='word_1_630' title='bbox 371 4874 632 4954; x_wconf 57' lang='lat' dir='ltr'>Rropert.</span> <span class='ocrx_word' id='word_1_631' title='bbox 657 4874 829 4944; x_wconf 81' lang='lat' dir='ltr'>Eleg.</span> <span class='ocrx_word' id='word_1_632' title='bbox 859 4879 910 4942; x_wconf 78' lang='grc'>4,</span> <span class='ocrx_word' id='word_1_633' title='bbox 939 4874 1134 4954; x_wconf 37' lang='grc' dir='ltr'>Ιῲςιν</span> <span class='ocrx_word' id='word_1_634' title='bbox 1167 4895 1179 4944; x_wconf 90' lang='grc'>;</span> <span class='ocrx_word' id='word_1_635' title='bbox 1205 4880 1439 4954; x_wconf 80' lang='lat' dir='ltr'>Tacitus</span> <span class='ocrx_word' id='word_1_636' title='bbox 1467 4882 1684 4954; x_wconf 87' lang='lat' dir='ltr'>aliique</span> <span class='ocrx_word' id='word_1_637' title='bbox 1715 4874 1976 4938; x_wconf 89' lang='lat' dir='ltr'>historici</span> 
     </span>
    </p>
   </div>
   <div class='ocr_carea' id='block_1_93' title="bbox 371 4943 1975 5025">
    <p class='ocr_par' dir='ltr' id='par_1_93' title="bbox 371 4943 1975 5025">
     <span class='ocr_line' id='line_1_93' title="bbox 371 4943 1975 5025; baseline 0.007 -27"><span class='ocrx_word' id='word_1_638' title='bbox 371 4943 513 5025; x_wconf 74' lang='lat' dir='ltr'>Vide</span> <span class='ocrx_word' id='word_1_639' title='bbox 544 4943 872 5025; x_wconf 79' lang='lat' dir='ltr'>Homeriim</span> <span class='ocrx_word' id='word_1_640' title='bbox 902 4949 1014 5025; x_wconf 84' lang='lat' dir='ltr'>sub</span> <span class='ocrx_word' id='word_1_641' title='bbox 1041 4943 1231 5025; x_wconf 79' lang='lat' dir='ltr'>ﬁnem</span> <span class='ocrx_word' id='word_1_642' title='bbox 1267 4969 1357 5007; x_wconf 80' lang='lat' dir='ltr'>vni</span> <span class='ocrx_word' id='word_1_643' title='bbox 1387 4953 1562 5009; x_wconf 78' lang='lat' dir='ltr'>Iliad.</span> <span class='ocrx_word' id='word_1_644' title='bbox 1589 4943 1975 5010; x_wconf 50' lang='lat' dir='ltr'>‘Nocturnum</span> 
     </span>
    </p>
   </div>
   <div class='ocr_carea' id='block_1_94' title="bbox 369 5022 1979 5090">
    <p class='ocr_par' dir='ltr' id='par_1_94' title="bbox 369 5022 1979 5090">
     <span class='ocr_line' id='line_1_94' title="bbox 369 5022 1979 5090; baseline 0.007 -20"><span class='ocrx_word' id='word_1_645' title='bbox 369 5022 613 5090; x_wconf 79' lang='lat' dir='ltr'>signum</span> <span class='ocrx_word' id='word_1_646' title='bbox 639 5022 939 5075; x_wconf 88' lang='lat' dir='ltr'>castrense</span> <span class='ocrx_word' id='word_1_647' title='bbox 969 5022 1143 5090; x_wconf 88' lang='lat' dir='ltr'>ignis,</span> <span class='ocrx_word' id='word_1_648' title='bbox 1177 5023 1461 5079; x_wconf 91' lang='lat' dir='ltr'>diurnum</span> <span class='ocrx_word' id='word_1_649' title='bbox 1490 5025 1714 5080; x_wconf 80' lang='lat' dir='ltr'>fumus.</span> <span class='ocrx_word' id='word_1_650' title='bbox 1747 5027 1979 5082; x_wconf 88' lang='lat' dir='ltr'>Notavit</span> 
     </span>
    </p>
   </div>
   <div class='ocr_carea' id='block_1_95' title="bbox 374 5087 1978 5168">
    <p class='ocr_par' dir='ltr' id='par_1_95' title="bbox 374 5087 1978 5168">
     <span class='ocr_line' id='line_1_95' title="bbox 374 5087 1978 5168; baseline 0.006 -25"><span class='ocrx_word' id='word_1_651' title='bbox 374 5087 732 5168; x_wconf 83' lang='lat' dir='ltr'>Scholiastes</span> <span class='ocrx_word' id='word_1_652' title='bbox 775 5087 1019 5168; x_wconf 70' lang='lat' dir='ltr'>Homeri</span> <span class='ocrx_word' id='word_1_653' title='bbox 1035 5093 1114 5148; x_wconf 92' lang='lat' dir='ltr'>ad</span> <span class='ocrx_word' id='word_1_654' title='bbox 1154 5095 1336 5168; x_wconf 87' lang='lat' dir='ltr'>Iliad.</span> <span class='ocrx_word' id='word_1_655' title='bbox 1366 5112 1496 5151; x_wconf 83' lang='lat' dir='ltr'>vxm</span> <span class='ocrx_word' id='word_1_656' title='bbox 1521 5115 1533 5163; x_wconf 92' lang='lat'><strong>;</strong></span> <span class='ocrx_word' id='word_1_657' title='bbox 1557 5112 1862 5168; x_wconf 84' lang='lat' dir='ltr'>pyrasque</span> <span class='ocrx_word' id='word_1_658' title='bbox 1895 5098 1978 5153; x_wconf 92' lang='lat' dir='ltr'>in-</span> 
     </span>
    </p>
   </div>
   <div class='ocr_carea' id='block_1_96' title="bbox 370 5159 1979 5240">
    <p class='ocr_par' dir='ltr' id='par_1_96' title="bbox 370 5159 1979 5240">
     <span class='ocr_line' id='line_1_96' title="bbox 370 5159 1979 5240; baseline 0.006 -26"><span class='ocrx_word' id='word_1_659' title='bbox 370 5159 744 5240; x_wconf 78' lang='lat' dir='ltr'>censaslego</span> <span class='ocrx_word' id='word_1_660' title='bbox 759 5162 836 5240; x_wconf 81' lang='lat' dir='ltr'>ad</span> <span class='ocrx_word' id='word_1_661' title='bbox 860 5165 1120 5240; x_wconf 84' lang='lat' dir='ltr'>speciem</span> <span class='ocrx_word' id='word_1_662' title='bbox 1135 5167 1379 5240; x_wconf 87' lang='lat' dir='ltr'>majoris</span> <span class='ocrx_word' id='word_1_663' title='bbox 1391 5159 1682 5224; x_wconf 67' lang='lat' dir='ltr'>exercitus</span> <span class='ocrx_word' id='word_1_664' title='bbox 1703 5159 1866 5240; x_wconf 82' lang='lat' dir='ltr'>apud</span> <span class='ocrx_word' id='word_1_665' title='bbox 1889 5171 1979 5224; x_wconf 75' lang='lat' dir='ltr'>Ni-</span> 
     </span>
    </p>
   </div>
   <div class='ocr_carea' id='block_1_97' title="bbox 369 5233 1980 5314">
    <p class='ocr_par' dir='ltr' id='par_1_97' title="bbox 369 5233 1980 5314">
     <span class='ocr_line' id='line_1_97' title="bbox 369 5233 1980 5314; baseline 0.007 -29"><span class='ocrx_word' id='word_1_666' title='bbox 369 5233 645 5314; x_wconf 46' lang='lat' dir='ltr'>cetam‘</span> <span class='ocrx_word' id='word_1_667' title='bbox 669 5233 873 5314; x_wconf 78' lang='lat' dir='ltr'>Alexio</span> <span class='ocrx_word' id='word_1_668' title='bbox 890 5233 1194 5314; x_wconf 79' lang='lat' dir='ltr'>Comneno</span> <span class='ocrx_word' id='word_1_669' title='bbox 1217 5233 1770 5314; x_wconf 31' lang='lat' dir='ltr'>Porphyrogenitof;</span> <span class='ocrx_word' id='word_1_670' title='bbox 1796 5240 1898 5314; x_wconf 87' lang='lat' dir='ltr'>sed</span> <span class='ocrx_word' id='word_1_671' title='bbox 1924 5244 1980 5296; x_wconf 91' lang='lat' dir='ltr'>et</span> 
     </span>
    </p>
   </div>
   <div class='ocr_carea' id='block_1_98' title="bbox 369 5304 1976 5384">
    <p class='ocr_par' dir='ltr' id='par_1_98' title="bbox 369 5304 1976 5384">
     <span class='ocr_line' id='line_1_98' title="bbox 369 5304 1976 5384; baseline 0.004 -26"><span class='ocrx_word' id='word_1_672' title='bbox 369 5304 430 5358; x_wconf 89' lang='lat' dir='ltr'>in</span> <span class='ocrx_word' id='word_1_673' title='bbox 473 5304 681 5384; x_wconf 75' lang='lat' dir='ltr'>militia</span> <span class='ocrx_word' id='word_1_674' title='bbox 706 5306 938 5384; x_wconf 78' lang='lat' dir='ltr'>ignium</span> <span class='ocrx_word' id='word_1_675' title='bbox 971 5309 1122 5384; x_wconf 89' lang='lat' dir='ltr'>alius</span> <span class='ocrx_word' id='word_1_676' title='bbox 1155 5304 1563 5384; x_wconf 58' lang='lat' dir='ltr'>usus,&#39;ne}npe</span> <span class='ocrx_word' id='word_1_677' title='bbox 1591 5327 1698 5384; x_wconf 85' lang='lat' dir='ltr'>pro</span> <span class='ocrx_word' id='word_1_678' title='bbox 1725 5312 1928 5367; x_wconf 86' lang='lat' dir='ltr'>litteris</span> <span class='ocrx_word' id='word_1_679' title='bbox 1963 5329 1976 5378; x_wconf 87' lang='lat'><strong>;</strong></span> 
     </span>
    </p>
   </div>
   <div class='ocr_carea' id='block_1_99' title="bbox 369 5375 1973 5454">
    <p class='ocr_par' dir='ltr' id='par_1_99' title="bbox 369 5375 1973 5454">
     <span class='ocr_line' id='line_1_99' title="bbox 369 5375 1973 5454; baseline 0.006 -25"><span class='ocrx_word' id='word_1_680' title='bbox 369 5375 538 5454; x_wconf 63' lang='lat' dir='ltr'>quod</span> <span class='ocrx_word' id='word_1_681' title='bbox 577 5375 1062 5454; x_wconf 67' lang='lat' dir='ltr'>elegantissimus</span> <span class='ocrx_word' id='word_1_682' title='bbox 1095 5375 1327 5454; x_wconf 86' lang='lat' dir='ltr'>Lipsius</span> <span class='ocrx_word' id='word_1_683' title='bbox 1375 5375 1652 5450; x_wconf 71' lang='lat' dir='ltr'>observit,</span> <span class='ocrx_word' id='word_1_684' title='bbox 1697 5386 1778 5440; x_wconf 86' lang='lat' dir='ltr'>De</span> <span class='ocrx_word' id='word_1_685' title='bbox 1798 5375 1973 5439; x_wconf 77' lang='lat' dir='ltr'>milii.</span> 
     </span>
    </p>
   </div>
   <div class='ocr_carea' id='block_1_100' title="bbox 367 5447 1374 5522">
    <p class='ocr_par' dir='ltr' id='par_1_100' title="bbox 367 5447 1374 5522">
     <span class='ocr_line' id='line_1_100' title="bbox 367 5447 1374 5522; baseline 0.01 -21"><span class='ocrx_word' id='word_1_686' title='bbox 367 5447 638 5503; x_wconf 81' lang='lat' dir='ltr'>Romam.</span> <span class='ocrx_word' id='word_1_687' title='bbox 675 5449 774 5504; x_wconf 90' lang='lat' dir='ltr'>lib.</span> <span class='ocrx_word' id='word_1_688' title='bbox 805 5467 865 5520; x_wconf 91' lang='lat' dir='ltr'>v,</span> <span class='ocrx_word' id='word_1_689' title='bbox 898 5451 1121 5522; x_wconf 90' lang='lat' dir='ltr'>dialog.</span> <span class='ocrx_word' id='word_1_690' title='bbox 1161 5447 1374 5512; x_wconf 59' lang='lat' dir='ltr'>Dousa.</span> 
     </span>
    </p>
   </div>
   <div class='ocr_carea' id='block_1_101' title="bbox 443 5523 1966 5600">
    <p class='ocr_par' dir='ltr' id='par_1_101' title="bbox 443 5523 1966 5600">
     <span class='ocr_line' id='line_1_101' title="bbox 443 5523 1966 5600; baseline 0.008 -28"><span class='ocrx_word' id='word_1_691' title='bbox 443 5523 634 5600; x_wconf 42' lang='lat' dir='ltr'>(21W:</span> <span class='ocrx_word' id='word_1_692' title='bbox 683 5524 818 5592; x_wconf 82' lang='grc' dir='ltr'>ἔχων</span> <span class='ocrx_word' id='word_1_693' title='bbox 866 5523 1599 5600; x_wconf 55' lang='lat' dir='ltr'>76_Ea1roddiv._Gregpras,</span> <span class='ocrx_word' id='word_1_694' title='bbox 1649 5527 1751 5583; x_wconf 89' lang='lat' dir='ltr'>lib.</span> <span class='ocrx_word' id='word_1_695' title='bbox 1813 5543 1849 5593; x_wconf 77' lang='grc' dir='ltr'>ι,</span> <span class='ocrx_word' id='word_1_696' title='bbox 1902 5544 1966 5600; x_wconf 90' lang='lat' dir='ltr'>p.</span> 
     </span>
    </p>
   </div>
   <div class='ocr_carea' id='block_1_102' title="bbox 375 5593 1834 5656">
    <p class='ocr_par' dir='ltr' id='par_1_102' title="bbox 375 5593 1834 5656">
     <span class='ocr_line' id='line_1_102' title="bbox 375 5593 1834 5656; baseline 0.007 -12"><span class='ocrx_word' id='word_1_697' title='bbox 375 5593 461 5645; x_wconf 80' lang='grc'>16.</span> <span class='ocrx_word' id='word_1_698' title='bbox 491 5593 637 5647; x_wconf 87' lang='lat' dir='ltr'>Vide</span> <span class='ocrx_word' id='word_1_699' title='bbox 668 5600 849 5650; x_wconf 83' lang='lat' dir='ltr'>etiam</span> <span class='ocrx_word' id='word_1_700' title='bbox 880 5593 1234 5654; x_wconf 87' lang='lat' dir='ltr'>Choniatam</span> <span class='ocrx_word' id='word_1_701' title='bbox 1262 5598 1321 5655; x_wconf 92' lang='lat' dir='ltr'>in</span> <span class='ocrx_word' id='word_1_702' title='bbox 1356 5593 1666 5655; x_wconf 81' lang='lat' dir='ltr'>Balduino.</span> <span class='ocrx_word' id='word_1_703' title='bbox 1698 5603 1834 5656; x_wconf 82' lang='lat' dir='ltr'>ALL.</span> 
     </span>
    </p>
   </div>
   <div class='ocr_carea' id='block_1_103' title="bbox 397 5663 1972 5744">
    <p class='ocr_par' dir='ltr' id='par_1_103' title="bbox 397 5663 1972 5744">
     <span class='ocr_line' id='line_1_103' title="bbox 397 5663 1972 5744; baseline -0.001 -15"><span class='ocrx_word' id='word_1_704' title='bbox 397 5663 523 5744; x_wconf 50' lang='lat'>&quot;(3)</span> <span class='ocrx_word' id='word_1_705' title='bbox 556 5665 644 5718; x_wconf 83' lang='grc' dir='ltr'>Ἐκ</span> <span class='ocrx_word' id='word_1_706' title='bbox 667 5665 883 5744; x_wconf 31' lang='grc' dir='ltr'>,βάθρων</span> <span class='ocrx_word' id='word_1_707' title='bbox 914 5670 1099 5729; x_wconf 69' lang='grc' dir='ltr'>αὐτὴν.</span> <span class='ocrx_word' id='word_1_708' title='bbox 1135 5674 1310 5728; x_wconf 82' lang='lat' dir='ltr'>Anna</span> <span class='ocrx_word' id='word_1_709' title='bbox 1332 5677 1657 5739; x_wconf 88' lang='lat' dir='ltr'>Comncna,</span> <span class='ocrx_word' id='word_1_710' title='bbox 1689 5673 1972 5730; x_wconf 69' lang='lat' dir='ltr'>Alexiad.</span> 
     </span>
    </p>
   </div>
   <div class='ocr_carea' id='block_1_104' title="bbox 371 5733 785 5796">
    <p class='ocr_par' dir='ltr' id='par_1_104' title="bbox 371 5733 785 5796">
     <span class='ocr_line' id='line_1_104' title="bbox 371 5733 785 5796; baseline 0.014 -6"><span class='ocrx_word' id='word_1_711' title='bbox 371 5733 477 5793; x_wconf 91' lang='lat' dir='ltr'>lib.</span> <span class='ocrx_word' id='word_1_712' title='bbox 506 5753 620 5794; x_wconf 76' lang='lat' dir='ltr'>xrv.</span> <span class='ocrx_word' id='word_1_713' title='bbox 647 5733 785 5796; x_wconf 57' lang='lat' dir='ltr'>ALLL</span> 
     </span>
    </p>
   </div>
   <div class='ocr_carea' id='block_1_105' title="bbox 2170 4086 3746 4167">
    <p class='ocr_par' dir='ltr' id='par_1_105' title="bbox 2170 4086 3746 4167">
     <span class='ocr_line' id='line_1_105' title="bbox 2170 4086 3746 4167; baseline -0.011 -18"><span class='ocrx_word' id='word_1_714' title='bbox 2170 4095 2250 4167; x_wconf 84' lang='grc'>(4)</span> <span class='ocrx_word' id='word_1_715' title='bbox 2298 4093 2777 4167; x_wconf 39' lang='grc' dir='ltr'>Βουλγαροκτόνον..</span> <span class='ocrx_word' id='word_1_716' title='bbox 2842 4092 2919 4144; x_wconf 90' lang='lat' dir='ltr'>De</span> <span class='ocrx_word' id='word_1_717' title='bbox 2981 4087 3137 4144; x_wconf 91' lang='lat' dir='ltr'>bello</span> <span class='ocrx_word' id='word_1_718' title='bbox 3169 4086 3496 4167; x_wconf 65' lang='lat' dir='ltr'>_Bulgarico</span> <span class='ocrx_word' id='word_1_719' title='bbox 3535 4089 3601 4167; x_wconf 44' lang='lat' dir='ltr'>‘et</span> <span class='ocrx_word' id='word_1_720' title='bbox 3640 4089 3746 4167; x_wconf 56' lang='lat' dir='ltr'>Ba.</span> 
     </span>
    </p>
   </div>
   <div class='ocr_carea' id='block_1_106' title="bbox 2099 4157 3749 4237">
    <p class='ocr_par' dir='ltr' id='par_1_106' title="bbox 2099 4157 3749 4237">
     <span class='ocr_line' id='line_1_106' title="bbox 2099 4157 3749 4237; baseline -0.004 -16"><span class='ocrx_word' id='word_1_721' title='bbox 2099 4157 2208 4221; x_wconf 90' lang='lat' dir='ltr'>silii</span> <span class='ocrx_word' id='word_1_722' title='bbox 2231 4157 2384 4237; x_wconf 65' lang='lat' dir='ltr'>&#39;imp.</span> <span class='ocrx_word' id='word_1_723' title='bbox 2411 4157 2716 4237; x_wconf 79' lang='lat' dir='ltr'>triumpho</span> <span class='ocrx_word' id='word_1_724' title='bbox 2730 4162 2887 4237; x_wconf 81' lang='lat' dir='ltr'>circa</span> <span class='ocrx_word' id='word_1_725' title='bbox 2902 4175 3142 4237; x_wconf 61' lang='lat' dir='ltr'>annum</span> <span class='ocrx_word' id='word_1_726' title='bbox 3160 4163 3252 4237; x_wconf 61' lang='lat' dir='ltr'>figi</span> <span class='ocrx_word' id='word_1_727' title='bbox 3268 4164 3299 4214; x_wconf 87' lang='lat'><strong>6</strong></span> <span class='ocrx_word' id='word_1_728' title='bbox 3337 4157 3749 4237; x_wconf 60' lang='lat' dir='ltr'>consiilendus</span> 
     </span>
    </p>
   </div>
   <div class='ocr_carea' id='block_1_107' title="bbox 2098 4229 3748 4301">
    <p class='ocr_par' dir='ltr' id='par_1_107' title="bbox 2098 4229 3748 4301">
     <span class='ocr_line' id='line_1_107' title="bbox 2098 4229 3748 4301; baseline -0.004 -9"><span class='ocrx_word' id='word_1_729' title='bbox 2098 4229 2382 4300; x_wconf 70' lang='lat' dir='ltr'>Zonaras,</span> <span class='ocrx_word' id='word_1_730' title='bbox 2415 4229 2629 4291; x_wconf 84' lang='lat' dir='ltr'>Annal.</span> <span class='ocrx_word' id='word_1_731' title='bbox 2669 4240 2811 4288; x_wconf 92' lang='lat' dir='ltr'>tom.</span> <span class='ocrx_word' id='word_1_732' title='bbox 2847 4233 2940 4301; x_wconf 91' lang='lat' dir='ltr'>Ill,</span> <span class='ocrx_word' id='word_1_733' title='bbox 2978 4231 3037 4287; x_wconf 89' lang='lat' dir='ltr'>in</span> <span class='ocrx_word' id='word_1_734' title='bbox 3069 4230 3288 4286; x_wconf 89' lang='lat' dir='ltr'>Basilio</span> <span class='ocrx_word' id='word_1_735' title='bbox 3337 4229 3748 4301; x_wconf 86' lang='lat' dir='ltr'>Porphyroge-</span> 
     </span>
    </p>
   </div>
   <div class='ocr_carea' id='block_1_108' title="bbox 2095 4304 3604 4376">
    <p class='ocr_par' dir='ltr' id='par_1_108' title="bbox 2095 4304 3604 4376">
     <span class='ocr_line' id='line_1_108' title="bbox 2095 4304 3604 4376; baseline -0.005 -13"><span class='ocrx_word' id='word_1_736' title='bbox 2095 4309 2241 4365; x_wconf 88' lang='lat' dir='ltr'>nito.</span> <span class='ocrx_word' id='word_1_737' title='bbox 2275 4308 2531 4364; x_wconf 86' lang='lat' dir='ltr'>Meminit</span> <span class='ocrx_word' id='word_1_738' title='bbox 2562 4311 2618 4361; x_wconf 91' lang='lat' dir='ltr'>et</span> <span class='ocrx_word' id='word_1_739' title='bbox 2648 4304 3356 4376; x_wconf 72' lang='lat' dir='ltr'>NicephorusGregoras.</span> <span class='ocrx_word' id='word_1_740' title='bbox 3389 4305 3604 4376; x_wconf 57' lang='lat' dir='ltr'>Douss.</span> 
     </span>
    </p>
   </div>
   <div class='ocr_carea' id='block_1_109' title="bbox 2169 4371 3752 4446">
    <p class='ocr_par' dir='ltr' id='par_1_109' title="bbox 2169 4371 3752 4446">
     <span class='ocr_line' id='line_1_109' title="bbox 2169 4371 3752 4446; baseline -0.004 -12"><span class='ocrx_word' id='word_1_741' title='bbox 2169 4381 2242 4446; x_wconf 78' lang='lat'>(5)</span> <span class='ocrx_word' id='word_1_742' title='bbox 2280 4384 2621 4437; x_wconf 84' lang='grc' dir='ltr'>Καταντήσας</span> <span class='ocrx_word' id='word_1_743' title='bbox 2651 4382 2740 4428; x_wconf 82' lang='grc' dir='ltr'>καὶ</span> <span class='ocrx_word' id='word_1_744' title='bbox 2772 4371 2952 4436; x_wconf 66' lang='grc' dir='ltr'>αὐτῆς.</span> <span class='ocrx_word' id='word_1_745' title='bbox 2981 4373 3320 4429; x_wconf 83' lang='lat' dir='ltr'>Minutatim</span> <span class='ocrx_word' id='word_1_746' title='bbox 3349 4374 3555 4446; x_wconf 80' lang='lat' dir='ltr'>omnia</span> <span class='ocrx_word' id='word_1_747' title='bbox 3575 4371 3752 4446; x_wconf 83' lang='lat' dir='ltr'>refert</span> 
     </span>
    </p>
   </div>
   <div class='ocr_carea' id='block_1_110' title="bbox 2021 4419 3752 4512">
    <p class='ocr_par' dir='ltr' id='par_1_110' title="bbox 2021 4419 3752 4512">
     <span class='ocr_line' id='line_1_110' title="bbox 2021 4419 3752 4512; baseline -0.003 -5"><span class='ocrx_word' id='word_1_748' title='bbox 2021 4419 2064 4472; x_wconf 68' lang='grc' dir='ltr'><strong>Β</strong></span> <span class='ocrx_word' id='word_1_749' title='bbox 2095 4419 2386 4507; x_wconf 57' lang='lat' dir='ltr'>Clioniata</span> <span class='ocrx_word' id='word_1_750' title='bbox 2438 4419 2512 4505; x_wconf 38' lang='lat' dir='ltr'>in,</span> <span class='ocrx_word' id='word_1_751' title='bbox 2551 4419 2817 4505; x_wconf 69' lang='lat' dir='ltr'>Historia.</span> <span class='ocrx_word' id='word_1_752' title='bbox 2847 4419 3216 4501; x_wconf 39' lang='lat' dir='ltr'>et‘Joannes</span> <span class='ocrx_word' id='word_1_753' title='bbox 3262 4444 3624 4512; x_wconf 87' lang='lat' dir='ltr'>Stauracius,</span> <span class='ocrx_word' id='word_1_754' title='bbox 3663 4445 3752 4501; x_wconf 87' lang='lat' dir='ltr'>De</span> 
     </span>
    </p>
   </div>
   <div class='ocr_carea' id='block_1_111' title="bbox 2092 4519 3329 4588">
    <p class='ocr_par' dir='ltr' id='par_1_111' title="bbox 2092 4519 3329 4588">
     <span class='ocr_line' id='line_1_111' title="bbox 2092 4519 3329 4588; baseline -0.006 -10"><span class='ocrx_word' id='word_1_755' title='bbox 2092 4524 2405 4578; x_wconf 62' lang='lat' dir='ltr'>miraculis</span> <span class='ocrx_word' id='word_1_756' title='bbox 2433 4523 2492 4578; x_wconf 88' lang='lat' dir='ltr'>S.</span> <span class='ocrx_word' id='word_1_757' title='bbox 2528 4520 2813 4576; x_wconf 79' lang='lat' dir='ltr'>Demetrii</span> <span class='ocrx_word' id='word_1_758' title='bbox 2843 4519 3154 4588; x_wconf 79' lang='lat' dir='ltr'>martyris.</span> <span class='ocrx_word' id='word_1_759' title='bbox 3194 4522 3329 4572; x_wconf 83' lang='lat' dir='ltr'>ALL.</span> 
     </span>
    </p>
   </div>
   <div class='ocr_carea' id='block_1_112' title="bbox 2164 4588 3748 4666">
    <p class='ocr_par' dir='ltr' id='par_1_112' title="bbox 2164 4588 3748 4666">
     <span class='ocr_line' id='line_1_112' title="bbox 2164 4588 3748 4666; baseline -0.003 -18"><span class='ocrx_word' id='word_1_760' title='bbox 2164 4599 2240 4662; x_wconf 82' lang='grc'>(6)</span> <span class='ocrx_word' id='word_1_761' title='bbox 2283 4592 2470 4657; x_wconf 70' lang='grc' dir='ltr'>Ἔδοξε</span> <span class='ocrx_word' id='word_1_762' title='bbox 2499 4596 2599 4666; x_wconf 71' lang='grc' dir='ltr'>γὰρ</span> <span class='ocrx_word' id='word_1_763' title='bbox 2633 4591 3008 4666; x_wconf 41' lang='grc' dir='ltr'>αὐῖῴηΗιιηρ</span> <span class='ocrx_word' id='word_1_764' title='bbox 3061 4589 3241 4643; x_wconf 85' lang='lat' dir='ltr'>fuisse</span> <span class='ocrx_word' id='word_1_765' title='bbox 3282 4591 3336 4643; x_wconf 91' lang='lat' dir='ltr'>S.</span> <span class='ocrx_word' id='word_1_766' title='bbox 3389 4588 3748 4666; x_wconf 74' lang='lat' dir='ltr'>Demetrium</span> 
     </span>
    </p>
   </div>
   <div class='ocr_carea' id='block_1_113' title="bbox 2089 4660 3753 4738">
    <p class='ocr_par' dir='ltr' id='par_1_113' title="bbox 2089 4660 3753 4738">
     <span class='ocr_line' id='line_1_113' title="bbox 2089 4660 3753 4738; baseline -0.003 -18"><span class='ocrx_word' id='word_1_767' title='bbox 2089 4660 2416 4738; x_wconf 88' lang='lat' dir='ltr'>martyrem</span> <span class='ocrx_word' id='word_1_768' title='bbox 2475 4660 3100 4738; x_wconf 63' lang='lat' dir='ltr'>Thessalomcensium</span> <span class='ocrx_word' id='word_1_769' title='bbox 3173 4666 3494 4738; x_wconf 68' lang='lat' dir='ltr'>patronum</span> <span class='ocrx_word' id='word_1_770' title='bbox 3576 4660 3753 4738; x_wconf 76' lang='lat' dir='ltr'>refert</span> 
     </span>
    </p>
   </div>
   <div class='ocr_carea' id='block_1_114' title="bbox 2088 4731 3749 4804">
    <p class='ocr_par' dir='ltr' id='par_1_114' title="bbox 2088 4731 3749 4804">
     <span class='ocr_line' id='line_1_114' title="bbox 2088 4731 3749 4804; baseline -0.002 -12"><span class='ocrx_word' id='word_1_771' title='bbox 2088 4731 2346 4793; x_wconf 79' lang='lat' dir='ltr'>Joannes</span> <span class='ocrx_word' id='word_1_772' title='bbox 2399 4736 2759 4804; x_wconf 89' lang='lat' dir='ltr'>Stauracius,</span> <span class='ocrx_word' id='word_1_773' title='bbox 2817 4736 2900 4790; x_wconf 86' lang='lat' dir='ltr'>De</span> <span class='ocrx_word' id='word_1_774' title='bbox 2948 4732 3263 4788; x_wconf 78' lang='lat' dir='ltr'>Miraculis</span> <span class='ocrx_word' id='word_1_775' title='bbox 3302 4734 3367 4788; x_wconf 88' lang='lat' dir='ltr'>S.</span> <span class='ocrx_word' id='word_1_776' title='bbox 3423 4731 3749 4804; x_wconf 80' lang='lat' dir='ltr'>Demetrii:</span> 
     </span>
    </p>
   </div>
   <div class='ocr_carea' id='block_1_115' title="bbox 2088 4803 3749 4880">
    <p class='ocr_par' dir='ltr' id='par_1_115' title="bbox 2088 4803 3749 4880">
     <span class='ocr_line' id='line_1_115' title="bbox 2088 4803 3749 4880; baseline -0.003 -19"><span class='ocrx_word' id='word_1_777' title='bbox 2088 4814 2216 4861; x_wconf 81' lang='grc' dir='ltr'>Τότε</span> <span class='ocrx_word' id='word_1_778' title='bbox 2249 4806 2314 4867; x_wconf 71' lang='grc' dir='ltr'>δή</span> <span class='ocrx_word' id='word_1_779' title='bbox 2345 4817 2459 4861; x_wconf 85' lang='grc' dir='ltr'>τότε</span> <span class='ocrx_word' id='word_1_780' title='bbox 2491 4807 2620 4880; x_wconf 79' lang='grc' dir='ltr'>ἀωρὶ</span> <span class='ocrx_word' id='word_1_781' title='bbox 2650 4803 2750 4859; x_wconf 86' lang='grc' dir='ltr'>τῶν</span> <span class='ocrx_word' id='word_1_782' title='bbox 2772 4814 2968 4858; x_wconf 82' lang='grc' dir='ltr'>νυκτῶν</span> <span class='ocrx_word' id='word_1_783' title='bbox 3002 4805 3073 4865; x_wconf 90' lang='grc' dir='ltr'>εἰς</span> <span class='ocrx_word' id='word_1_784' title='bbox 3096 4805 3237 4866; x_wconf 84' lang='grc' dir='ltr'>τέλος</span> <span class='ocrx_word' id='word_1_785' title='bbox 3277 4806 3406 4865; x_wconf 84' lang='grc' dir='ltr'>Θεὸς</span> <span class='ocrx_word' id='word_1_786' title='bbox 3438 4803 3749 4880; x_wconf 34' lang='grc' dir='ltr'>τήν-,ἐαυτοῦ</span> 
     </span>
    </p>
   </div>
   <div class='ocr_carea' id='block_1_116' title="bbox 2087 4875 3752 4952">
    <p class='ocr_par' dir='ltr' id='par_1_116' title="bbox 2087 4875 3752 4952">
     <span class='ocr_line' id='line_1_116' title="bbox 2087 4875 3752 4952; baseline -0.002 -20"><span class='ocrx_word' id='word_1_787' title='bbox 2087 4889 2179 4952; x_wconf 80' lang='grc' dir='ltr'>τῆς</span> <span class='ocrx_word' id='word_1_788' title='bbox 2240 4875 2574 4941; x_wconf 74' lang='grc' dir='ltr'>ἐκδικήσεως</span> <span class='ocrx_word' id='word_1_789' title='bbox 2591 4880 2850 4952; x_wconf 81' lang='grc' dir='ltr'>ῥομφαίαν</span> <span class='ocrx_word' id='word_1_790' title='bbox 2898 4876 3179 4930; x_wconf 75' lang='grc' dir='ltr'>ἐστέλϐωσε</span> <span class='ocrx_word' id='word_1_791' title='bbox 3227 4881 3317 4928; x_wconf 86' lang='grc' dir='ltr'>καὶ</span> <span class='ocrx_word' id='word_1_792' title='bbox 3372 4875 3622 4952; x_wconf 69' lang='grc' dir='ltr'>υπέθηξεν</span> <span class='ocrx_word' id='word_1_793' title='bbox 3682 4879 3752 4952; x_wconf 82' lang='grc' dir='ltr'>ὡς</span> 
     </span>
    </p>
   </div>
   <div class='ocr_carea' id='block_1_117' title="bbox 2088 4935 3747 5025">
    <p class='ocr_par' dir='ltr' id='par_1_117' title="bbox 2088 4935 3747 5025">
     <span class='ocr_line' id='line_1_117' title="bbox 2088 4935 3747 5025; baseline -0.003 -20"><span class='ocrx_word' id='word_1_794' title='bbox 2088 4935 2720 5025; x_wconf 37' lang='grc' dir='ltr'>ἐν”θηγάνῃ-τῷ-ξὴλῷ</span> <span class='ocrx_word' id='word_1_795' title='bbox 2766 4958 2868 5025; x_wconf 24' lang='grc' dir='ltr'>’του</span> <span class='ocrx_word' id='word_1_796' title='bbox 2927 4951 3212 5025; x_wconf 80' lang='grc' dir='ltr'>μάρτυρος.</span> <span class='ocrx_word' id='word_1_797' title='bbox 3297 4950 3396 5000; x_wconf 85' lang='grc' dir='ltr'>Καὶ</span> <span class='ocrx_word' id='word_1_798' title='bbox 3463 4935 3650 5025; x_wconf 69' lang='grc' dir='ltr'>αἴφνης</span> <span class='ocrx_word' id='word_1_799' title='bbox 3721 4935 3747 5000; x_wconf 83' lang='grc' dir='ltr'>ό</span> 
     </span>
    </p>
   </div>
   <div class='ocr_carea' id='block_1_118' title="bbox 2087 5021 3751 5096">
    <p class='ocr_par' dir='ltr' id='par_1_118' title="bbox 2087 5021 3751 5096">
     <span class='ocr_line' id='line_1_118' title="bbox 2087 5021 3751 5096; baseline -0.002 -20"><span class='ocrx_word' id='word_1_800' title='bbox 2087 5021 2348 5096; x_wconf 72' lang='grc' dir='ltr'>ἄγρυπνος</span> <span class='ocrx_word' id='word_1_801' title='bbox 2379 5021 2454 5096; x_wconf 75' lang='grc' dir='ltr'>τῷ</span> <span class='ocrx_word' id='word_1_802' title='bbox 2500 5021 2632 5096; x_wconf 76' lang='grc' dir='ltr'>όντι</span> <span class='ocrx_word' id='word_1_803' title='bbox 2693 5021 2879 5096; x_wconf 36' lang='grc' dir='ltr'>φυλαξ-</span> <span class='ocrx_word' id='word_1_804' title='bbox 2928 5021 3040 5074; x_wconf 78' lang='grc' dir='ltr'>καὶ</span> <span class='ocrx_word' id='word_1_805' title='bbox 3102 5021 3390 5091; x_wconf 71' lang='grc' dir='ltr'>πολιοῦχος</span> <span class='ocrx_word' id='word_1_806' title='bbox 3455 5021 3600 5096; x_wconf 82' lang='grc' dir='ltr'>ἡμῶν</span> <span class='ocrx_word' id='word_1_807' title='bbox 3660 5025 3751 5072; x_wconf 88' lang='grc' dir='ltr'>καὶ</span> 
     </span>
    </p>
   </div>
   <div class='ocr_carea' id='block_1_119' title="bbox 2087 5083 3752 5217">
    <p class='ocr_par' dir='ltr' id='par_1_119' title="bbox 2087 5083 3752 5217">
     <span class='ocr_line' id='line_1_119' title="bbox 2087 5083 3752 5217; baseline 0.004 -71"><span class='ocrx_word' id='word_1_808' title='bbox 2087 5083 2245 5168; x_wconf 45' lang='grc' dir='ltr'>μέθας</span> <span class='ocrx_word' id='word_1_809' title='bbox 2292 5104 2382 5149; x_wconf 74' lang='grc' dir='ltr'>τοῦ</span> <span class='ocrx_word' id='word_1_810' title='bbox 2425 5083 2662 5168; x_wconf 59' lang='grc' dir='ltr'>’μεγάλου</span> <span class='ocrx_word' id='word_1_811' title='bbox 2705 5083 2987 5217; x_wconf 60' lang='grc' dir='ltr'>’ξασιλέως</span> <span class='ocrx_word' id='word_1_812' title='bbox 3057 5083 3382 5165; x_wconf 64' lang='grc' dir='ltr'>στρατιώτης</span> <span class='ocrx_word' id='word_1_813' title='bbox 3458 5083 3752 5167; x_wconf 80' lang='grc' dir='ltr'>Δήμήτριος</span> 
     </span>
     <span class='ocr_line' id='line_1_120' title="bbox 2088 5165 3748 5217; baseline 0 0"><span class='ocrx_word' id='word_1_814' title='bbox 2088 5171 2308 5217; x_wconf 70' lang='grc' dir='ltr'>ἔφιππος</span> <span class='ocrx_word' id='word_1_815' title='bbox 2363 5168 2440 5217; x_wconf 72' lang='grc' dir='ltr'>ἐφ’</span> <span class='ocrx_word' id='word_1_816' title='bbox 2510 5170 2669 5217; x_wconf 75' lang='grc' dir='ltr'>ἵππου</span> <span class='ocrx_word' id='word_1_817' title='bbox 2757 5174 2921 5217; x_wconf 62' lang='grc' dir='ltr'>ιευκοῦ</span> <span class='ocrx_word' id='word_1_818' title='bbox 2954 5173 3026 5217; x_wconf 83' lang='grc' dir='ltr'>τῶ</span> <span class='ocrx_word' id='word_1_819' title='bbox 3098 5165 3519 5217; x_wconf 73' lang='grc' dir='ltr'>Βουλναοάνακτι</span> <span class='ocrx_word' id='word_1_820' title='bbox 3579 5169 3748 5217; x_wconf 62' lang='grc' dir='ltr'>φαίνε-</span> 
     </span>
    </p>
   </div>
   <div class='ocr_carea' id='block_1_120' title="bbox 2088 5165 3748 5240">
    <p class='ocr_par' dir='ltr' id='par_1_120' title="bbox 2088 5165 3748 5240">
     <span class='ocr_line' id='line_1_121' title="bbox 2088 5165 3748 5240; baseline -0.002 -20"><span class='ocrx_word' id='word_1_821' title='bbox 2088 5165 2308 5239; x_wconf 77' lang='grc' dir='ltr'>ἒφιππος</span> <span class='ocrx_word' id='word_1_822' title='bbox 2363 5165 2444 5240; x_wconf 69' lang='grc' dir='ltr'>εφ¹</span> <span class='ocrx_word' id='word_1_823' title='bbox 2510 5170 2669 5219; x_wconf 83' lang='grc' dir='ltr'>ῖππου</span> <span class='ocrx_word' id='word_1_824' title='bbox 2734 5165 2921 5217; x_wconf 76' lang='grc' dir='ltr'>λευκοῦ</span> <span class='ocrx_word' id='word_1_825' title='bbox 2954 5173 3026 5236; x_wconf 82' lang='grc' dir='ltr'>τῷ</span> <span class='ocrx_word' id='word_1_826' title='bbox 3098 5165 3519 5236; x_wconf 71' lang='grc' dir='ltr'>Βουλγαράνακτι</span> <span class='ocrx_word' id='word_1_827' title='bbox 3579 5165 3748 5240; x_wconf 73' lang='grc' dir='ltr'>φαίνε-</span> 
     </span>
    </p>
   </div>
   <div class='ocr_carea' id='block_1_121' title="bbox 2087 5236 3746 5313">
    <p class='ocr_par' dir='ltr' id='par_1_121' title="bbox 2087 5236 3746 5313">
     <span class='ocr_line' id='line_1_122' title="bbox 2087 5236 3746 5313; baseline 0.001 -23"><span class='ocrx_word' id='word_1_828' title='bbox 2087 5236 2194 5313; x_wconf 75' lang='grc' dir='ltr'>ται,</span> <span class='ocrx_word' id='word_1_829' title='bbox 2225 5307 2241 5313; x_wconf 37' lang='grc' dir='ltr'><strong>Δ</strong></span> <span class='ocrx_word' id='word_1_830' title='bbox 2274 5245 2362 5292; x_wconf 81' lang='grc' dir='ltr'>καὶ</span> <span class='ocrx_word' id='word_1_831' title='bbox 2395 5236 2617 5313; x_wconf 68' lang='grc' dir='ltr'>⁷καιρίαν</span> <span class='ocrx_word' id='word_1_832' title='bbox 2679 5238 2939 5313; x_wconf 74' lang='grc' dir='ltr'>ἀκοντίζει</span> <span class='ocrx_word' id='word_1_833' title='bbox 2999 5245 3338 5312; x_wconf 84' lang='grc' dir='ltr'>παραχρῆμα</span> <span class='ocrx_word' id='word_1_834' title='bbox 3409 5239 3495 5313; x_wconf 66' lang='grc' dir='ltr'>τόν</span> <span class='ocrx_word' id='word_1_835' title='bbox 3547 5236 3746 5292; x_wconf 80' lang='grc' dir='ltr'>ἄθλιον.</span> 
     </span>
    </p>
   </div>
   <div class='ocr_carea' id='block_1_122' title="bbox 2087 5307 3750 5383">
    <p class='ocr_par' dir='ltr' id='par_1_122' title="bbox 2087 5307 3750 5383">
     <span class='ocr_line' id='line_1_123' title="bbox 2087 5307 3750 5383; baseline -0.002 -19"><span class='ocrx_word' id='word_1_836' title='bbox 2087 5310 2144 5383; x_wconf 78' lang='grc' dir='ltr'><strong>Ὀ</strong></span> <span class='ocrx_word' id='word_1_837' title='bbox 2214 5307 2271 5363; x_wconf 76' lang='grc' dir='ltr'>δὲ</span> <span class='ocrx_word' id='word_1_838' title='bbox 2331 5316 2462 5383; x_wconf 72' lang='grc' dir='ltr'>μέγα</span> <span class='ocrx_word' id='word_1_839' title='bbox 2502 5307 2836 5383; x_wconf 73' lang='grc' dir='ltr'>’παραυτίκα</span> <span class='ocrx_word' id='word_1_840' title='bbox 2906 5307 3212 5383; x_wconf 67' lang='grc' dir='ltr'>ἀνακραγῶν</span> <span class='ocrx_word' id='word_1_841' title='bbox 3265 5307 3577 5360; x_wconf 65' lang='grc' dir='ltr'>κατεϐοᾶτο</span> <span class='ocrx_word' id='word_1_842' title='bbox 3659 5316 3750 5361; x_wconf 80' lang='grc' dir='ltr'>τοῦ</span> 
     </span>
    </p>
   </div>
   <div class='ocr_carea' id='block_1_123' title="bbox 2087 5382 3754 5457">
    <p class='ocr_par' dir='ltr' id='par_1_123' title="bbox 2087 5382 3754 5457">
     <span class='ocr_line' id='line_1_124' title="bbox 2087 5382 3754 5457; baseline -0.001 -23"><span class='ocrx_word' id='word_1_843' title='bbox 2087 5382 2525 5457; x_wconf 70' lang='grc' dir='ltr'>ᾀρχιστρατηγου</span> <span class='ocrx_word' id='word_1_844' title='bbox 2601 5382 2696 5445; x_wconf 78' lang='grc' dir='ltr'>τῆς</span> <span class='ocrx_word' id='word_1_845' title='bbox 2767 5382 3045 5455; x_wconf 80' lang='grc' dir='ltr'>στρατιᾶς</span> <span class='ocrx_word' id='word_1_846' title='bbox 3097 5382 3252 5434; x_wconf 74' lang='grc' dir='ltr'>αὐτοῦ</span> <span class='ocrx_word' id='word_1_847' title='bbox 3334 5387 3625 5457; x_wconf 71' lang='grc' dir='ltr'>Μαναστρᾶ</span> <span class='ocrx_word' id='word_1_848' title='bbox 3681 5384 3754 5444; x_wconf 82' lang='grc' dir='ltr'>ὡς</span> 
     </span>
    </p>
   </div>
   <div class='ocr_carea' id='block_1_124' title="bbox 2089 5450 3750 5530">
    <p class='ocr_par' dir='ltr' id='par_1_124' title="bbox 2089 5450 3750 5530">
     <span class='ocr_line' id='line_1_125' title="bbox 2089 5450 3750 5530; baseline -0.002 -22"><span class='ocrx_word' id='word_1_849' title='bbox 2089 5450 2246 5514; x_wconf 58' lang='grc' dir='ltr'>δῆθεν</span> <span class='ocrx_word' id='word_1_850' title='bbox 2291 5450 2529 5530; x_wconf 72' lang='grc' dir='ltr'>’τρωθεὶς</span> <span class='ocrx_word' id='word_1_851' title='bbox 2578 5455 2663 5507; x_wconf 76' lang='grc' dir='ltr'>ὑπ’</span> <span class='ocrx_word' id='word_1_852' title='bbox 2726 5450 2886 5506; x_wconf 70' lang='grc' dir='ltr'>αὑτοῦ</span> <span class='ocrx_word' id='word_1_853' title='bbox 2933 5476 2946 5489; x_wconf 91' lang='grc'><strong>·</strong></span> <span class='ocrx_word' id='word_1_854' title='bbox 3001 5462 3182 5507; x_wconf 66' lang='grc' dir='ltr'>τοῦτον</span> <span class='ocrx_word' id='word_1_855' title='bbox 3231 5456 3332 5524; x_wconf 74' lang='grc' dir='ltr'>γὰρ</span> <span class='ocrx_word' id='word_1_856' title='bbox 3384 5450 3565 5506; x_wconf 67' lang='grc' dir='ltr'>ἐδόκει</span> <span class='ocrx_word' id='word_1_857' title='bbox 3625 5453 3750 5525; x_wconf 78' lang='grc' dir='ltr'>όρᾲν</span> 
     </span>
    </p>
   </div>
   <div class='ocr_carea' id='block_1_125' title="bbox 2089 5525 3750 5602">
    <p class='ocr_par' dir='ltr' id='par_1_125' title="bbox 2089 5525 3750 5602">
     <span class='ocr_line' id='line_1_126' title="bbox 2089 5525 3750 5602; baseline -0.002 -23"><span class='ocrx_word' id='word_1_858' title='bbox 2089 5525 2458 5599; x_wconf 78' lang='grc' dir='ltr'>ἱππαζόμένον,</span> <span class='ocrx_word' id='word_1_859' title='bbox 2528 5525 2662 5602; x_wconf 81' lang='grc' dir='ltr'>ᾧπερ</span> <span class='ocrx_word' id='word_1_860' title='bbox 2741 5528 2934 5598; x_wconf 70' lang='grc' dir='ltr'>εὐγενεῖ</span> <span class='ocrx_word' id='word_1_861' title='bbox 2997 5531 3088 5579; x_wconf 87' lang='grc' dir='ltr'>καὶ</span> <span class='ocrx_word' id='word_1_862' title='bbox 3159 5526 3323 5596; x_wconf 85' lang='grc' dir='ltr'>λευκῴ</span> <span class='ocrx_word' id='word_1_863' title='bbox 3393 5527 3534 5602; x_wconf 75' lang='grc' dir='ltr'>ἵππῳ</span> <span class='ocrx_word' id='word_1_864' title='bbox 3594 5527 3750 5577; x_wconf 79' lang='grc' dir='ltr'>ἱππά-</span> 
     </span>
    </p>
   </div>
   <div class='ocr_carea' id='block_1_126' title="bbox 2089 5597 3752 5687">
    <p class='ocr_par' dir='ltr' id='par_1_126' title="bbox 2089 5597 3752 5687">
     <span class='ocr_line' id='line_1_127' title="bbox 2089 5597 3752 5687; baseline -0.002 -35"><span class='ocrx_word' id='word_1_865' title='bbox 2089 5601 2226 5667; x_wconf 79' lang='grc' dir='ltr'>ζετο,</span> <span class='ocrx_word' id='word_1_866' title='bbox 2292 5597 2396 5662; x_wconf 69' lang='grc' dir='ltr'>τῆς</span> <span class='ocrx_word' id='word_1_867' title='bbox 2443 5597 2676 5687; x_wconf 23' lang='grc' dir='ltr'>ίσκηνῆξ</span> <span class='ocrx_word' id='word_1_868' title='bbox 2743 5597 2888 5654; x_wconf 69' lang='grc' dir='ltr'>ἔνδον</span> <span class='ocrx_word' id='word_1_869' title='bbox 2937 5603 3225 5687; x_wconf 55' lang='grc' dir='ltr'>γπόμεὲον,</span> <span class='ocrx_word' id='word_1_870' title='bbox 3290 5604 3380 5651; x_wconf 87' lang='grc' dir='ltr'>καὶ</span> <span class='ocrx_word' id='word_1_871' title='bbox 3427 5597 3663 5684; x_wconf 50' lang='grc' dir='ltr'>λόγχηντ</span> <span class='ocrx_word' id='word_1_872' title='bbox 3688 5598 3752 5656; x_wconf 73' lang='grc' dir='ltr'>ἣν</span> 
     </span>
    </p>
   </div>
   <div class='ocr_carea' id='block_1_127' title="bbox 2086 5666 3751 5747">
    <p class='ocr_par' dir='ltr' id='par_1_127' title="bbox 2086 5666 3751 5747">
     <span class='ocr_line' id='line_1_128' title="bbox 2086 5666 3751 5747; baseline -0.001 -23"><span class='ocrx_word' id='word_1_873' title='bbox 2086 5666 2350 5747; x_wconf 71' lang='grc' dir='ltr'>περιέφερε</span> <span class='ocrx_word' id='word_1_874' title='bbox 2398 5681 2458 5745; x_wconf 78' lang='grc' dir='ltr'>τῇ</span> <span class='ocrx_word' id='word_1_875' title='bbox 2537 5669 2735 5746; x_wconf 78' lang='grc' dir='ltr'>καρδίᾳ</span> <span class='ocrx_word' id='word_1_876' title='bbox 2784 5666 2990 5747; x_wconf 8' lang='grc' dir='ltr'>τούτου,</span> <span class='ocrx_word' id='word_1_877' title='bbox 3043 5666 3377 5745; x_wconf 67' lang='grc' dir='ltr'>ἐμϐάψαντα.</span> <span class='ocrx_word' id='word_1_878' title='bbox 3447 5666 3564 5747; x_wconf 62' lang='grc' dir='ltr'>Καί</span> <span class='ocrx_word' id='word_1_879' title='bbox 3602 5666 3751 5732; x_wconf 80' lang='grc' dir='ltr'>αὖθις</span> 
     </span>
    </p>
   </div>
   <div class='ocr_carea' id='block_1_128' title="bbox 2085 5743 3754 5818">
    <p class='ocr_par' dir='ltr' id='par_1_128' title="bbox 2085 5743 3754 5818">
     <span class='ocr_line' id='line_1_129' title="bbox 2085 5743 3754 5818; baseline 0 -20"><span class='ocrx_word' id='word_1_880' title='bbox 2085 5743 2368 5798; x_wconf 78' lang='grc' dir='ltr'>κάτεϐοᾶτο</span> <span class='ocrx_word' id='word_1_881' title='bbox 2437 5743 2632 5799; x_wconf 77' lang='grc' dir='ltr'>τούτου</span> <span class='ocrx_word' id='word_1_882' title='bbox 2690 5743 2781 5798; x_wconf 86' lang='grc' dir='ltr'>καὶ</span> <span class='ocrx_word' id='word_1_883' title='bbox 2829 5743 3099 5818; x_wconf 78' lang='grc' dir='ltr'>πολλάκις,</span> <span class='ocrx_word' id='word_1_884' title='bbox 3158 5748 3226 5808; x_wconf 84' lang='grc' dir='ltr'>ὡς</span> <span class='ocrx_word' id='word_1_885' title='bbox 3286 5749 3377 5798; x_wconf 88' lang='grc' dir='ltr'>καὶ</span> <span class='ocrx_word' id='word_1_886' title='bbox 3420 5744 3577 5798; x_wconf 67' lang='grc' dir='ltr'>αὐτὸν</span> <span class='ocrx_word' id='word_1_887' title='bbox 3632 5753 3754 5808; x_wconf 84' lang='grc' dir='ltr'>ταῖς</span> 
     </span>
    </p>
   </div>
  </div>
