4470 6452
797 455 933 510 1019

2074 448 2355 506 GEORGII
2393 447 2861 505 ACROPOLITE

4016 453 4154 511 1020

793 577 932 629 κακά
1003 577 1072 644 ⁸³,
1132 578 1202 638 ὡς
1258 579 1347 627 καὶ
1413 577 1575 646 ὄνομα
1638 575 1850 632 τεθῆναι
1892 593 2057 645 τουτῳ
2107 572 2160 626 ἐκ
2212 575 2361 634 κυνὸς
2414 593 2508 631 την
2557 571 2830 632 ἐπίκλησιν
2886 577 3008 646 ἔχον
3053 576 3121 611 ⁸⁸⁸
3169 575 3556 639 Σκυλοίωάννης
3594 581 3683 632 καὶ
3731 580 3833 653 γὰρ
3893 577 4147 638 ἐπεκλήθη

792 672 903 726 τοῖς
945 670 1098 720 πᾶσι.
1173 667 1242 718 Τὸ
1297 665 1396 736 γὰρ
1469 671 1569 715 τῶν
1621 665 1826 715 Σκυθῶν
1897 667 2040 735 γένος
2095 660 2560 735 ἰδιοποιησάμενος
2610 666 2699 714 καὶ
2762 669 3084 726 κοινωνήσας
3169 666 3342 728 αὐτοῖς
3422 671 3721 739 συγγενείας
3794 672 3884 719 καὶ
3955 671 4150 742 τρόπου

793 759 1077 827 μετασχὼν
1141 755 1195 806 ἐκ
1279 755 1480 825 φύσεως
1557 748 1996 826 θηριωδεστέρου,

2076 756 2247 824 φόνοις
2318 750 2563 824 ἐνετρύφα
2624 750 2906 824 Ῥωμαίων.

2985 752 3070 816 Ὠς
3144 762 3269 827 γοῦν
3341 757 3521 809 ούτοσὶ
3596 755 3873 823 ἐτεθνήκει,
3951 758 3976 808 6
4056 764 4154 819 τῆς

794 838 1024 914 ἀδελφῆς
1067 841 1227 894 αύτοῦ
1289 847 1413 901 παῖς
1485 839 1702 914 Βορίλας
1767 841 2011 912 τοῦνομα,
2069 845 2160 898 τὴν
2213 835 2448 892 Σκυθίδα
2499 841 2637 892 θείαν
2711 846 2940 914 γαμετὴν
3007 842 3248 916 εἰληφὼς,
3317 854 3412 906 τῆς
3474 843 3650 918 ἀρχῆς
3696 853 3796 896 τῶν
3845 845 4152 918 Βουλγάρων

791 933 996 1002 γέγονεν
1049 929 1322 1004 ἐγκρατής.
1377 931 1476 982 Τὸν
1525 925 1584 982 δὲ
1648 935 1740 981 τοῦ
1824 929 1982 982 Ἀσὰν
2039 924 2210 981 παῖδα
2254 930 2496 985 Ἰωάννην
2546 929 2594 964 ⁸³
2667 928 2894 1002 ἁφήλικα
2962 936 3084 984 ὄντα
3131 935 3205 985 ἔτι
3271 936 3443 1007 κρύφα
3495 953 3574 996 τις
3629 933 3818 1000 λαϐὼν,
3886 935 3956 995 ὡς
4010 935 4152 1008 εἰρή-

792 1038 984 1092 κειμεν,
1059 1017 1142 1072 ἐπὶ
1212 1022 1329 1078 τούς
1404 1020 1603 1093 Σκύθας
1681 1023 2001 1094 κεχώρηκεν.
2073 1023 2172 1072 Καὶ
2224 1025 2390 1070 ταῦτα
2445 1019 2537 1089 μὲν
2587 1019 2653 1069 τὰ
2699 1024 2817 1092 περὶ
2872 1020 3177 1096 Βουλγάρων

795 1104 956 1170 ἰδίοις
985 1107 1313 1180 ἐξιστορήσει
1340 1114 1542 1181 καιροῖς
1569 1109 1639 1162 ⁸⁸.

868 1199 950 1252 14.
977 1195 1240 1253 Michaeli
1261 1211 1465 1268 porro,
1489 1211 1672 1268 quem
1696 1196 1869 1268 Epiro
1891 1195 2219 1268 imperasse
2238 1198 2442 1268 etpar-
2471 1195 2517 1249 Α

792 1287 910 1340 tem
955 1284 1223 1357 aliquam
1272 1284 1516 1340 dominii
1570 1285 1821 1341 Romani
1875 1285 2204 1340 obtinuisse
2261 1299 2444 1356 supra

793 1373 1260 1444 enuntiavimus,
1312 1378 1429 1429 tres
1486 1373 1649 1430 fuere
1724 1373 1952 1441 fratres,
2024 1374 2443 1430 Constantinus

789 1462 1137 1518 Theodorus
1167 1468 1224 1519 et
1257 1463 1505 1520 Manuel.
1550 1464 1896 1520 Theodorus
1941 1481 2077 1519 cum
2132 1464 2442 1520 Theodoro

791 1551 1031 1607 Lascari
1061 1552 1421 1624 imperatore
1461 1553 1720 1620 vivebat,
1766 1554 1873 1615 illi,
1923 1553 2442 1627 quemadmodum

792 1645 850 1696 et
869 1640 1081 1713 reliqui
1099 1643 1509 1697 Romanorum
1528 1643 1903 1712 morigerans
1927 1648 2105 1715 atque
2126 1641 2443 1713 obsequio-

793 1747 917 1785 sus.
953 1730 1275 1802 Propterea
1317 1731 1696 1787 Theodorum
1732 1733 2150 1805 imperatorem
2202 1729 2444 1787 Michael

790 1819 1148 1892 deprecatur
1170 1824 1233 1875 ut
1253 1836 1392 1875 eum
1418 1820 1496 1875 ad
1515 1838 1576 1875 se
1597 1821 1870 1886 mitteret,
1893 1822 2058 1894 quod
2091 1821 2319 1876 nullum
2338 1835 2442 1890 ge-

791 1909 1047 1963 nuinum
1068 1907 1257 1963 ﬁlium
1280 1908 1552 1964 adultum
1574 1910 2123 1983 possideret(quem
2140 1910 2297 1965 enim
2314 1926 2442 1964 sus-

791 2001 1032 2068 ceperat
1059 1997 1322 2066 Michael,
1350 2014 1420 2053 ex
1447 1998 1654 2071 pellice
1676 2004 1819 2068 erat,
1869 2000 1942 2054 de
1987 2015 2110 2071 quo
2157 1997 2310 2054 infra
2352 1997 2441 2053 di-

791 2097 1046 2153 cemus),
1084 2092 1140 2143 et
1170 2093 1420 2144 mortem
1458 2088 1877 2161 intempestam
1905 2089 2366 2162 pertimesceret,
2389 2092 2444 2144 et

792 2173 945 2230 alios
972 2174 1184 2230 fratres
1240 2176 1477 2248 ineptos
1524 2177 1601 2232 ad
1653 2177 2095 2233 dominandum
2125 2177 2439 2248 judicaret.

790 2263 1172 2320 Theodorum
1191 2265 1515 2336 imperator
1535 2265 1696 2322 fratri
1722 2266 1987 2322 Michaeli
2010 2266 2269 2328 dimittit,
2303 2283 2442 2324 cum

791 2353 957 2425 prius
974 2353 1403 2424 jusjurandum
1428 2353 1726 2411 ﬁdelitatis
1748 2355 1808 2411 in
1833 2360 2019 2412 semet
2040 2361 2095 2411 et
2122 2357 2183 2411 in
2208 2373 2443 2412 succes-

793 2457 958 2497 sores
981 2458 1127 2498 suos
1155 2445 1564 2499 Romanorum
1595 2445 1985 2518 imperatores
2012 2447 2320 2516 exegisset.
2352 2447 2442 2503 Sic

791 2530 1074 2587 dimissus
1095 2549 1234 2588 cum
1261 2532 1440 2589 fratre
1466 2533 1740 2590 Michaele
1763 2535 1822 2590 in
1848 2536 2277 2592 communitate
2308 2537 2442 2592 vitae

791 2625 971 2694 atque
999 2622 1183 2679 victus
1213 2628 1357 2679 erat.
1387 2627 1514 2679 Non
1546 2625 1736 2681 multo
1768 2632 1961 2698 posta
2001 2643 2172 2683 servo
2199 2628 2444 2684 Michael

793 2715 976 2766 noctu
1007 2711 1068 2766 in
1096 2711 1312 2768 lectulo
1339 2729 1461 2768 una
1491 2730 1625 2769 cum
1683 2730 1864 2770 uxore
1913 2715 2143 2771 cubans
2186 2718 2444 2787 (Romeo

791 2814 1015 2856 nomen
1047 2806 1175 2857 erat
1219 2802 1556 2875 parricidae)
1591 2803 1962 2860 interimitur.
2003 2807 2196 2871 Quare
2245 2806 2444 2862 Theo-

791 2889 978 2945 dorus
1007 2890 1187 2947 frater
1214 2892 1276 2946 in
1311 2891 1651 2958 dominatu,
1687 2909 1890 2949 secum
1909 2895 2141 2950 habens
2163 2899 2446 2952 Constan-

794 2979 987 3035 tinum
1018 2985 1074 3036 et
1099 2980 1428 3037 Manuelem
1461 2981 1692 3051 fratres,
1722 2983 2161 3040 succedit.Cum
2193 3000 2332 3040 vero
2364 2985 2442 3041 ad

789 3068 1196 3142 principatum
1227 3068 1621 3138 incumberet,
1647 3071 1764 3142 28
1792 3072 2026 3144 imperii
2078 3073 2169 3128 sui
2193 3073 2332 3144 jura
2354 3074 2442 3128 ni-

790 3157 980 3213 mium
1003 3157 1267 3214 extendit
1308 3176 1320 3214 :
1350 3175 1617 3232 namque
1645 3178 1718 3217 ex
1747 3160 1900 3218 Italis
1921 3177 2044 3218 non
2078 3179 2444 3235 parvam,ex

790 3245 1059 3316 Bulgaria
1078 3263 1218 3303 vero
1240 3248 1491 3304 multam
1515 3250 1820 3319 regionem
1846 3267 1969 3306 suae
1989 3251 2196 3308 ditioni
2226 3253 2444 3324 adjecit

790 3334 1025 3408 sibique
1037 3336 1424 3405 Thessaliam,
1440 3339 1715 3406 Achrida,
1735 3340 2061 3413 Prilapum,
2077 3341 2374 3398 Albanum
2389 3348 2442 3398 et

790 3425 1227 3496 Dyrrhachium
1257 3427 1458 3499 ipsum
1485 3428 1870 3498 subegit;ubi
1905 3433 2140 3486 Petrum
2182 3448 2321 3486 cum
2359 3433 2444 3488 in-

790 3514 950 3584 genti
979 3514 1236 3570 militum
1266 3517 1325 3571 vi
1355 3532 1428 3572 ex
1460 3517 1627 3575 Italia
1650 3519 2066 3586 venientem,et
2093 3521 2266 3593 quasi
2297 3523 2444 3593 Cpo-

788 3603 872 3658 lin
895 3602 1044 3659 inter
1069 3603 1424 3671 intenderet,
1445 3621 1481 3661 a
1505 3623 1747 3662 summo
1771 3608 2051 3679 pontitice
2077 3609 2352 3680 electum,
2369 3611 2443 3667 de

862 3718 911 3754 “
942 3715 1003 3776 ἦν
1029 3751 1097 3759 —
1122 3722 1259 3772 κακά
1297 3737 1418 3775 om.
1452 3724 1514 3776 D.

1595 3724 1642 3757 ⁸⁸
1673 3727 1762 3781 τὴν
1790 3723 2064 3797 ἐπίκλησιν
2103 3728 2225 3797 ἔχον
2265 3743 2386 3782 om.
2419 3731 2482 3783 D.

787 3789 936 3861 χαὴλ
981 3787 1060 3859 δὲ,
1103 3790 1164 3871 ὃν
1181 3792 1892 3871 τῆς-’Ἠπείρου-κατάρξαι-
1934 3787 2231 3871 εἰρήκαμεν,
2290 3805 2425 3871 τρεῖς
2477 3802 2558 3871 Β.

789 3856 943 3914 πειτα
973 3856 1094 3944 9m.
1120 3865 1196 3944 ιι).
1223 3864 1323 3944 “7°
1372 3856 1532 3916 αύτόῡ
1584 3868 1648 3944 D2
1690 3856 1926 3944 Omissis
1973 3856 2252 3944 Ῥωμαίων-
2300 3856 2677 3944 κκτάρξοντας.

3221 1043 3233 1056 ·
3275 1024 3300 1074 6
3348 1022 3496 1095 λόγος
3553 1019 3611 1076 δε
3662 1025 3795 1096 μετά
3841 1030 4010 1075 ταῦτα
4047 1030 4153 1084 τοῖς

2625 1192 2716 1254 ιδ.
2769 1195 2826 1249 Ὀ
2872 1193 2931 1251 δὲ
2968 1198 3190 1270 Μιχαὴλ
3243 1200 3322 1271 (7)
3384 1200 3437 1251 ὃν
3497 1201 3782 1275 ἱστορήσας
3835 1201 3860 1251 ό
3899 1200 4045 1272 λόγος
4067 1204 4154 1254 πί-

2552 1287 2712 1357 φθακε
2763 1295 2851 1347 τῆς
2916 1287 3152 1362 Ἠπείρου
3191 1289 3446 1364 κατάρξαι
3489 1292 3576 1340 καί
3644 1309 3777 1350 τινος
3823 1294 4013 1362 μέρους
4059 1296 4152 1352 τῆς

2549 1380 2734 1450 χώρας
2786 1374 3069 1448 Ῥωμαίων,
3134 1384 3270 1452 τρεῖς
3347 1379 3390 1413 ⁸⁷
3463 1383 3814 1449 κασιγνήτους
3887 1377 4151 1446 ἐκέκτητο,

2551 1468 2636 1515 τὸν
2688 1472 3088 1537 Κωνσταντίνον,
3142 1469 3226 1519 τόν
3277 1464 3549 1541 Θεόδωρον
3605 1472 3694 1520 καὶ
3745 1470 3831 1520 τόν
3887 1467 4150 1534 Μανουὴλ,

2551 1554 2618 1605 ὧν
2646 1555 2782 1627 όμὶν
2815 1552 3088 1630 Θεόδωρος
3119 1565 3189 1628 τῷ
3229 1555 3443 1629 βασιλεῖ
3489 1557 3747 1631 Ῥωμαίων
3813 1565 3971 1616 συνῆν
4027 1564 4152 1609 Θεο-

2553 1640 2705 1718 δώρῷ
2736 1653 2807 1714 τῷ
2841 1647 3106 1720 Λάσκαρι,
3140 1647 3406 1720 ὑπηρετῶν
3440 1647 3579 1718 αύτῷ
3619 1649 3686 1707 ὡς
3737 1649 3828 1698 καὶ
3884 1648 3933 1697 οἱ
3979 1643 4152 1698 λοιποὶ

2551 1740 2648 1783 τῶν
2706 1732 2992 1806 Ῥωμαίων.
3045 1737 3140 1787 Διὰ
3211 1743 3362 1787 τοῦτο
3417 1735 3710 1810 παρακαλεῖ
3773 1737 3861 1787 τὸν
3927 1733 4154 1807 βασιλέα

2551 1819 2823 1895 Θεόδωρον
2863 1825 2888 1874 6
2928 1823 3170 1894 Μιχαὴλ,
3213 1825 3294 1876 ἶνα
3333 1833 3514 1877 τοῦτον
3551 1828 3682 1898 πρὸς
3720 1824 3874 1876 αύτόν
3912 1822 4150 1896 ἐκπέμψῃ

2552 1908 2645 1964 διὰ
2671 1915 2727 1962 τό
2755 1917 2825 1984 μὴ
2861 1915 2935 1964 ἔτι
2962 1915 3102 1984 ἔχειν
3139 1909 3310 1966 παῖδα
3361 1914 3432 1976 εἰς
3483 1913 3616 1973 ἥϐην
3669 1915 3716 1948 ⁸⁸
3761 1912 3989 1978 ὒςθόντα,
4047 1911 4156 1963 ἀλλ’

2551 1997 2674 2053 ούδε
2702 2006 2913 2072 γνήσιον
2945 2003 2994 2072 (ό
3024 2005 3124 2075 γὰρ
3153 2003 3290 2074 αύτῷ
3343 2005 3600 2075 γεννηθεὶς
3629 2001 3846 2074 Μιχαὴλ
3919 2001 3972 2054 ἐκ
4019 2001 4156 2054 παλ-

2549 2089 2712 2152 λακῆς
2766 2094 2938 2163 ἐκείνῳ
3017 2097 3283 2164 γεγένητο,
3350 2099 3470 2168 περὶ
3528 2092 3589 2145 οὗ
3652 2092 3863 2168 ἐροῦμεν
3947 2089 3995 2143 ἐν
4046 2098 4157 2152 τοῖς

2551 2184 2824 2254 μετέπειτα
2862 2183 2955 2250 ⁸9),
2984 2187 3072 2234 καὶ
3110 2190 3202 2234 τοῦ
3244 2184 3465 2235 θανάτου
3505 2179 3563 2235 δε
3599 2178 3832 2234 δεδιέναι
3877 2184 3934 2233 τό
3965 2182 4155 2256 ἄωρον.

2551 2275 2673 2333 τόύς
2724 2274 2823 2343 γὰρ
2863 2270 3071 2332 λοιπούς
3101 2281 3201 2323 τῶν
3242 2269 3474 2344 ἀδελφῶν
3533 2271 3713 2344 ἀφυεῖς
3760 2270 4035 2343 ἐγίνωσκεν
4090 2269 4158 2328 εἰς

2554 2357 2755 2432 ἀρχὴν.
2820 2367 3012 2412 Τοῦτον
3077 2356 3135 2413 δε
3173 2364 3260 2412 τόν
3311 2357 3583 2433 Θεόδωρον
3619 2361 3644 2412 ό
3689 2359 3935 2433 βασιλεὺς
3964 2363 4158 2432 πίμπει

2552 2457 2624 2521 τῷ
2674 2447 2878 2521 ἀδελφῷ
2953 2450 3196 2522 Μιχαὴλ,
3273 2451 3443 2524 ὅρκοις
3513 2458 3712 2522 πρῶτον
3760 2446 4158 2522 ἐμπεδωάμινος

2485 2545 2730 2602 Βπίστιν
2795 2536 3030 2599 δουλείας
3086 2539 3159 2600 iii;
3199 2547 3379 2592 τοῦτον
3449 2539 3719 2612 φυλάττειν
3764 2544 3855 2591 καὶ
3907 2538 3979 2599 εἰς
4034 2540 4158 2599 τούς

2553 2631 2662 2703 μετ’
2692 2629 2848 2681 αύτόν
2900 2630 2950 2664 ’⁸ο
3010 2628 3274 2701 Ῥωμαίων
3339 2629 3710 2703 κατάρξοντας.
3763 2627 3857 2690 ⁸ος
3898 2633 3988 2680 καὶ
4049 2626 4160 2698 ἀφιο

2555 2724 2762 2790 κόμενος
2819 2726 2977 2776 συνῆν
3029 2725 3102 2787 τῷ
3143 2713 3346 2790 ἀδελφῷ
3401 2716 3644 2788 Μιχαὴλ.
3687 2715 3807 2770 Μετ’
3844 2716 3902 2768 ού
3941 2715 4074 2768 πολὺ
4099 2713 4160 2769 δέ

2556 2811 2817 2880 φονεύεται
2848 2809 2991 2881 παρά
3015 2827 3106 2858 του
3163 2815 3262 2858 τῶν
3323 2808 3591 2879 ὑπηρετῶν
3619 2807 3644 2859 6
3675 2807 3899 2877 Μιχαὴλ
3955 2808 4156 2880 νύκτωρ

2555 2897 2641 2950 ἐπὶ
2688 2905 2784 2958 τῆς
2847 2896 3028 2957 κλίνης
3085 2892 3460 2967 συγκαθεύδων
3518 2904 3579 2967 τῇ
3649 2900 3860 2967 γυναικί
3914 2897 3985 2930 “-
4041 2893 4160 2946 Ῥω-

2553 2995 2708 3060 μαῖος
2783 2983 2841 3038 δε
2898 2983 2958 3043 ἦν
3015 2994 3087 3056 τῷ
3146 2993 3359 3058 φονευτῇ
3419 2989 3664 3057 τοῦνομα.
3725 2983 4162 3056 Ἐπιλαμϐάνεται

2552 3083 2674 3150 γοῦν
2701 3085 2791 3136 τῆς
2831 3074 3070 3138 ἐξουσίας
3125 3073 3366 3127 ἐκείνουό
3408 3071 3627 3146 ἀδελφός
3675 3069 3966 3148 Θεόδωρος,
4023 3075 4160 3144 ἔχων

2552 3169 2642 3216 καὶ
2717 3167 2837 3225 τούς
2910 3159 3161 3236 ἀδελφούς
3234 3170 3619 3216 Κωνσταντῑνον
3707 3167 3798 3215 καὶ
3890 3160 4158 3220 Μανουήλ.

2551 3247 2741 3328 Ἀρξαι
2781 3250 2840 3306 δὲ
2880 3251 3154 3325 βουληθεὶς
3191 3254 3326 3304 πάνυ
3387 3251 3652 3314 ἐπηύξησε
3700 3255 3795 3309 τὴν
3848 3250 4010 3303 αὐτοῦ
4065 3249 4165 3323 ἀρ-

2552 3348 2660 3416 χὴν
2702 3344 2780 3412 (8)
2829 3364 2841 3375 ο
2880 3345 2934 3394 ἔκ
2972 3361 3026 3394 τε
3063 3345 3164 3415 γὰρ
3222 3349 3322 3393 τῶν
3362 3340 3568 3392 Ἰταλῶν
3627 3339 3722 3392 ούκ
3761 3339 3940 3411 ὀλίγην
3980 3344 4164 3414 χώραν

2554 3431 2831 3497 ἐκτησατο,
2872 3434 2971 3483 κὰκ
3010 3439 3107 3483 τῶν
3145 3429 3448 3505 Βουλγάρων
3489 3429 3680 3488 πολλὴν
3735 3451 3747 3462 ·
3806 3435 3902 3488 τὴν
3947 3449 3999 3482 τε
4060 3432 4162 3503 γὰρ

2557 3521 2854 3574 Θεσσαλίαν
2899 3522 2948 3555 ’⁷³
2989 3519 3071 3592 ὑφ’
3113 3520 3293 3572 ἑαυτὸν
3350 3519 3627 3578 ἐποιήσατο
3690 3515 3927 3592 Ἀχρίδα
3967 3538 4021 3570 τε
4074 3523 4164 3570 καὶ

2559 3612 2820 3685 Πρίλαπον
2891 3609 3133 3664 Ἀλϐανόν
3181 3629 3236 3662 τε
3295 3615 3386 3661 καὶ
3437 3612 3564 3662 αύτό
3648 3609 3964 3684 Δυρράχιον,
4042 3611 4165 3661 ἔνθα

2561 3729 2608 3763 ⁸⁵
2657 3727 2893 3800 Ἰωάννου
2939 3730 3000 3781 D.
3080 3728 3126 3761 ⁸⁸
3153 3731 3243 3800 καὶ
3273 3757 3342 3764 -
3388 3730 3596 3800 καὶροίς
3646 3741 3767 3800 om.
3829 3727 3892 3780 D.
3973 3725 4016 3758 ⁵⁷
4065 3731 4164 3777 Mi-

2636 3799 2682 3834 ⁵⁸
2741 3802 2880 3870 ἔχειν
2939 3801 3015 3850 ἔτι
3061 3793 3234 3850 παῖδα
3285 3793 3491 3855 ἕνηϐον’
3526 3803 3588 3851 Ε.
3647 3799 3692 3832 ⁸⁸
3736 3800 3852 3902 περὶ
3905 3827 3974 3834 -
4018 3800 4162 3868 μετέ-

2636 3891 2652 3902 .
2766 3871 2805 3902 n
2855 3873 3054 3902 ...'...-.,..
3106 3901 3169 3902 ί
3231 3873 3440 3902 .............:
3476 3884 3572 3902 nm
3649 3871 3710 3902 n.
3817 3870 3836 3901 ε
3876 3872 4161 3902 ηηληηφηί-

2766 3871 2805 3904 ¹⁷
2855 3873 3054 3942 νύκτωρ
3104 3901 3174 3908 —
3231 3873 3440 3940 γυναικί
3476 3884 3597 3924 om.
3649 3871 3710 3924 D'
3789 3870 3836 3902 ⁷³
3876 3872 4162 3942 προσεκτή-

791 3952 920 3986 σατο
945 3936 1044 4008 γὰρ
1077 3934 1170 3986 οὐκ
1210 3935 1390 4006 ὀλίγην
1413 3942 1595 4008 χώραν
1623 3939 1678 3989 ἔκ
1700 3957 1753 3990 τε
1783 3939 1990 3991 Ἰταλῶν
2021 3934 2110 3992 καὶ
2138 3934 2461 4016 Βουλγάρων,
2501 3947 2589 3995 καὶ
2620 3947 2712 4000 τὴν
2746 3934 3041 3994 Θεσσαλίαν
3069 3942 3130 3996 D.

1665 4081 2007 4150 Theodori
2060 4083 2308 4152 Dousaa
2358 4095 2424 4152 et
2471 4084 2725 4152 Leonis
2774 4083 3012 4151 Allatii
3061 4093 3264 4149 notae.

787 4242 1042 4308 κραυγαις
1099 4222 1453 4308 θορυϐηθέντα
1499 4228 1589 4308 καὶ
1645 4221 2064 4308 ἀναπηδὴσαντα
2118 4234 2242 4308 τῆς.
2281 4246 2447 4308 σςτρωι
2490 4229 2529 4284 C
2562 4230 2818 4308 ἱστορίαις
2868 4227 2998 4307 ζῷον
3051 4231 3340 4299 μονήμερον
3393 4228 3607 4285 θνησκει
3664 4224 3853 4298 βιαίως
3911 4225 4076 4308 οὗτῷς
4139 4227 4165 4277 6

787 4293 1050 4368 μξνῆςί-(ἐν
1096 4293 1336 4367 γείτόνων
1388 4298 1490 4368 γὰρ
1538 4293 1596 4353 ἦν
1642 4297 1781 4366 αύτῷ
1838 4300 1863 4356 ὴ
1936 4299 2128 4367 σκηνὴ)
2201 4293 2444 4352 εἰσελθεῖν

786 4363 877 4458 ﬁeri
917 4363 1045 4418 ἰδεῖν
1103 4363 1192 4418 καὶ
1242 4363 1484 4439 φανῆναί,
1545 4373 1633 4420 καὶ
1677 4363 1905 4420 ἀκούσαι
1959 4371 2026 4431 ὥς
2081 4363 2146 4422 Σύ
2198 4376 2260 4442 μέ
2344 4375 2444 4458 πρὸ

959 4443 968 4454 '
1016 4457 1023 4458 κ
1077 4440 1096 4458 9
1387 4447 1404 4454 η-
1467 4438 1485 4458 Ἷ
1603 4448 1622 4456 -ι
1827 4440 1842 4456 ί
2143 4446 2149 4453 σ

789 4437 1026 4512 βραχέος
1071 4437 1291 4510 ἔφιππος
1341 4447 1412 4514 τῷ
1467 4438 1630 4510 λευκῷ
1683 4460 1776 4493 σου
1827 4440 1967 4512 ἱππῷ
2040 4437 2305 4514 γενόμενος
2369 4437 2443 4493 ἐν-

787 4496 958 4563 τάῡᾶι
986 4496 1314 4582 κατέσφαξας
1370 4496 1733 4584 δόρατι.’Καὶ
1775 4516 1862 4563 τόν
1909 4496 2168 4582 γένέάθοιίΙ
2204 4511 2440 4583 περιδεᾶ,

786 4587 875 4634 καὶ
906 4582 1080 4648 εἰπεῖν,
1123 4580 1264 4640 «Μὴ
1293 4585 1357 4634 σύ
1383 4580 1461 4654 γε,
1531 4580 1770 4655 βασιλεύ⁸
1835 4580 2208 4656 συμπάθησον,
2261 4580 2445 4637 οἰκτει-

785 4674 894 4729 ρον.
948 4653 1063 4729 ρύκ
1121 4656 1231 4706 ἔστι
1281 4653 1452 4721 τοῦτο,
1508 4653 1602 4706 ούκ
1649 4658 1780 4729 ἔστιΣ
1841 4653 2037 4729 Φάσμα
2081 4676 2164 4708 σοι
2215 4661 2440 4728 γέγονεν,

786 4723 880 4800 ούκ
939 4725 1172 4800 ἀλήθεια·
1204 4747 1272 4800 Δι)
1325 4728 1547 4800 Ἐκεῖνος
1583 4726 1682 4800 εἰς-
1749 4725 1909 4798 βάθος
1957 4723 1965 4728 ’
2008 4723 2309 4800 δεξάμενος,
2351 4723 2443 4786 τὴν

786 4797 989 4868 πληγὴν
1035 4795 1332 4869 ἐστροϐεῐτο
1381 4795 1581 4872 δεινῶς,
1664 4795 1906 4872 ἐκέκραγε
1945 4820 1952 4829 -
1985 4804 2075 4849 καὶ
2137 4795 2440 4862 ἀνωλόλυξε.

785 4875 1056 4923 Νυσσεται
1104 4877 1191 4920 οῦν
1241 4874 1333 4927 τὴν
1398 4869 1596 4921 κοιλίαν
1666 4869 1869 4946 εὐθύςῇ
1903 4878 1992 4946 καὶ
2069 4872 2191 4946 ῥοῦν
2272 4874 2443 4923 ἱκανόν

785 4940 1233 5016 ἀκραιφνεστάτου
1285 4943 1506 5013 αἵματος
1552 4942 1780 4994 κάτωθεν
1848 4939 2081 5016 ἀπορῥεὶ,
2160 4945 2295 5007 ὅπως
2385 4942 2444 4994 ἂν

787 5012 989 5088 βαφὴό
1020 5021 1148 5074 ποῦς
1212 5012 1654 5088 σοι,,Δημὴτριε,
1705 5015 1890 5088 αἵματι
1937 5012 2036 5065 τῶν
2091 5013 2294 5088 ἐχθρῶν
2351 5033 2444 5066 σου

785 5081 915 5160 ύπὶρ
946 5093 1040 5146 τῆς
1068 5094 1133 5143 σῆ
1147 5107 1167 5147 ς
1213 5081 1640 5160 τῇ-σδεῄπόλεωςέ
1689 5081 1787 5160 Καὶ
1845 5086 2074 5160 ἄρχεται
2113 5081 2228 5160 ⁷ἤδη
2267 5087 2440 5138 λειπο-

783 5153 1002 5230 ψυχεῖν.
1034 5163 1214 5208 Ταῦτα
1243 5154 1424 5232 ἰδὼνό
1456 5165 1547 5232 τῆς
1604 5153 1889 5232 δυνάμεως
1916 5153 2090 5232 ἀὐτοῦ
2142 5155 2441 5232 ἀρχιστρά-

783 5225 945 5301 τηγος
999 5235 1337 5303 Μαναστρᾶς,
1394 5230 1687 5303 ᾖᾼτάχους
1740 5225 1915 5299 ἐῖχεν,
1996 5225 2443 5282 ύπτιον”’τοῦτον

785 5297 1099 5362 ἐπὶϐεϐάσας
1169 5297 1837 5373 προτροπάδηνηφεύγειί
1884 5304 1971 5353 καὶ
2039 5301 2267 5353 κλέπτων
2349 5306 2442 5358 τὴν

2557 4294 2731 4359 οἰθλιός
2762 4307 2854 4361 τῆς
2877 4294 3072 4358 οἰκείας
3108 4294 3295 4360 κακίας
3355 4303 3461 4370 καὶ,
3501 4294 3852 4370 ματαιότητος
3903 4294 4163 4370 δρεψάμε-

2555 4391 2641 4433 νος
2673 4375 2796 4432 τούς
2852 4374 3098 4443 καρπούς,
3153 4374 3344 4442 μέχρις
3404 4365 3565 4421 αὐτοῦ
3617 4374 3834 4442 τρυγίου
3888 4365 3947 4420 τό
4002 4365 4164 4421 κόνδυ

2555 4451 2646 4494 τού
2680 4446 2846 4514 θυμοῦ
2873 4441 3061 4494 ἐκπιὼν
3082 4446 3167 4492 καὶ
3203 4446 3260 4492 τὸ
3289 4451 3384 4500 τῆς
3426 4441 3581 4512 ὀργῆς
3618 4447 3826 4514 ΔΚυρίου
3887 4446 4162 4514 ποτηριον,

2554 4520 2643 4566 καὶ
2701 4510 3090 4586 μέμεθυσμένου
3167 4514 3300 4564 θείου
3374 4510 3531 4584 ξυρού
3585 4511 3657 4574 εἰς
3709 4510 3904 4586 ’πεῖραν
3981 4510 4158 4565 ἐλθὼν.

2555 4584 2884 4659 Ἐπεστράφη
2935 4584 3036 4659 γὰρ
3090 4586 3114 4635 6
3157 4589 3306 4644 πόνος
3355 4584 3522 4659 αυτοῦ
3580 4584 3644 4644 εἰς
3691 4584 4160 4659 κεφάλὴνᾼαύτοῦ,

2540 4663 2643 4729 ,καὶ
2697 4652 2779 4709 ἐπὶ
2825 4652 3056 4738 κορυφὴν
3115 4660 3203 4727 μὲν
3253 4659 3281 4714 ὴ
3345 4652 3531 4707 ἀδικία
3586 4652 4012 4719 αύτούκατέϐη,
4094 4663 4162 4714 είς

2557 4727 2747 4802 βόθρον
2781 4726 2830 4780 δ’
2854 4726 2907 4802 ὃν
2939 4726 3219 4802 εἰργάσατο
3262 4731 3514 4794 πέπτωκε,
3571 4733 3661 4802 καὶΪ
3681 4731 3804 4802 ’μία
3831 4731 4156 4802 -μαρτυρικὴ

2557 4796 2704 4872 βολίς
2752 4801 2822 4860 εἰς
2877 4796 3149 4872 ἐκδίκησιν
3189 4803 3378 4872 ἤρκεσε
3435 4806 3534 4850 τῶν
3582 4796 3778 4872 πολλῶν
3823 4796 4162 4872 ἐκείνου-κα-

2555 4867 2676 4937 κῶν,
2739 4877 2827 4923 καί
2871 4869 3002 4944 αἷμα
3055 4867 3233 4944 ἐξέχεε
3282 4867 3493 4944 δίκαιον
3559 4880 3657 4922 τῶν
3711 4869 3941 4942 ἐγκάτων
4001 4869 4159 4944 αὐτοῦ

2557 4944 2747 4995 πολλῶν
2770 4940 3005 5015 αἱμάτων
3046 4940 3242 4994 ἀδίκων
3273 4941 3560 5015 ἀντίπονον.
3593 4946 3684 5015 Aln
3743 4940 3952 5015 codice
4004 4941 4160 5015 Vati-

2555 5031 2708 5070 cano
2740 5013 2836 5071 t63
2877 5017 2937 5070 in
2969 5016 3239 5083 margine
3271 5014 3530 5068 historia;
3577 5013 3877 5070 Choniatae
3926 5013 4158 5082 legitur:

2556 5084 2724 5148 Οὗτός
2749 5086 2888 5139 ἐστιν
2917 5089 2942 5138 ό
2985 5086 3178 5147 ἀσεϐὴς
3217 5085 3604 5147 Σκυλοῑωάννης
3657 5085 3953 5146 ἐπικληθεὶς
4011 5085 4160 5136 ύστε·

2554 5179 2663 5230 ρον,
2706 5158 2759 5209 ὃν
2822 5157 3007 5211 ἀνεῖλεν
3065 5160 3302 5231 όᾼμέγας
3350 5162 3648 5231 Δημήτριος
3706 5154 3983 5231 προδήλως
4025 5159 4162 5231 κατὰ

2556 5226 2650 5290 τῆς
2681 5231 3065 5291 Θεσσαλονίκης
3097 5226 3602 5303 ἐπιστρατεύσαντα,
3639 5232 3703 5289 ὡς
3746 5226 3805 5280 ’ἐν
3867 5236 3979 5303 τοῖς
4035 5226 4162 5279 ἐκεί-

2556 5321 2643 5374 νου
2696 5303 2957 5372 Θαύμασιν
3002 5299 3441 5374 ἀναγέγραπται,
3471 5304 3532 5356 Et
3586 5301 3760 5356 infra:
3821 5299 4164 5374 ’A0:6é0"r_a:n

787 5378 1053 5447 σωτηρίαν
1114 5374 1234 5454 μεθ’.
1279 5372 1404 5426 όσου
1453 5375 1655 5456 τάχους
1703 5374 1990 5444 ὑποχωρεῖ,
2046 5377 2135 5456 καὶ
2175 5373 2281 5444 μετ’
2343 5373 2442 5424 αύ-
2484 5373 2526 5427 D
2558 5372 2839 5456 ἀνθρώπων
2899 5372 3250 5429 Σκυλοίωάννη
3327 5373 3611 5446 Βούλγαρε,
3672 5376 3760 5456 καί
3838 5380 3987 5456 ποῖἰος
4063 5372 4160 5454 θὴρ

785 5453 877 5499 τοῦ
908 5444 1122 5497 κάὶσύν
1173 5445 1314 5517 αύτῷ
1372 5444 1524 5496 ἅπαν
1562 5445 1720 5497 ἐκεῖνο
1772 5448 1830 5496 τό
1889 5444 2236 5518 μυριοπληθὲς
2290 5464 2444 5518 στρα-

784 5517 1077 5589 τολογικόν,
1132 5512 1301 5589 ούτωί
1335 5521 1537 5589 ταχέως
1595 5519 1663 5577 ὡς
1724 5516 1767 5567 εἰ
1813 5512 1902 5589 καί
1963 5512 2251 5589 ’Βορεάδας
2317 5512 2445 5575 τίνες

783 5583 923 5643 κατά
993 5591 1114 5650 τούς
1166 5583 1536 5662 θρυλλομένους
1587 5592 1802 5649 τούτους
1847 5583 2086 5675 ἐδίωκνον·
2157 5585 2306 5672 φόϐος
2348 5590 2446 5660 γὰρ

784 5662 965 5724 αὐτοῖς
1012 5666 1102 5713 καὶ
1160 5659 1360 5748 τρόμος
1397 5660 1583 5719 ἐπῆλθε
1637 5663 1773 5712 κατὰ
1815 5679 1932 5710 τινα
1994 5659 2137 5721 ξένην
2193 5659 2449 5734 ἀντιπερί-

786 5754 998 5789 στυσιν.
1099 5733 1261 5787 Ἀλλά
1309 5736 1410 5807 γὰρ
1472 5733 1564 5807 οὐκ
1621 5733 1696 5807 εἰς
1740 5735 1940 5805 μακρόν
1991 5733 2126 5807 τύτῳ
2190 5735 2250 5807 τό
2329 5733 2445 5804 ζῇν,

785 5807 1218 5883 αλλάυθεμηρόν
1248 5801 1390 5878 πρὸς
1468 5804 1614 5864 ὴλίου
1667 5801 1878 5877 δυσμὰς
1931 5801 2180 5857 κατὰτὸ
2231 5803 2282 5856 ἐν
2339 5801 2451 5866 ταῖς

2559 5443 2882 5518 ἀγριώτατος
2933 5453 3150 5495 τοιαῦτα
3208 5443 3652 5516 cipe/dcam;th
3711 5445 3851 5517 εὖροι
3894 5445 3924 5501 ὴ
3997 5445 4165 5517 μιαρά

2562 5515 2656 5568 σου
2689 5515 2961 5586 ψυχὴίτὴν
2993 5523 3265 5586 τυχοῦσαν
3297 5515 3470 5568 ἄνεσίν
3500 5535 3645 5568 ποτε.
3671 5515 3803 5570 ALL.

2631 5591 2709 5656 (7)
2734 5585 2793 5639 '0
2829 5585 2884 5639 δὲ
2907 5585 3150 5659 nixam.
3185 5590 3376 5643 Causa
3401 5603 3645 5661 quoque
3677 5586 3846 5643 addit
3867 5588 4164 5656 Gregoras

2560 5659 2662 5714 lib.
2703 5668 2748 5724 1,
2779 5664 2958 5724 p.13.
2990 5667 3122 5714 ALL.

2633 5731 2710 5802 (8)
2781 5727 3080 5794 Ἐπηύξησε
3151 5734 3244 5789 τὴν
3311 5730 3470 5783 αὑτοῦ
3553 5727 3754 5804 ἀρχὴν.

2558 5803 2661 5860 lib.
2693 5807 2746 5869 2,
2775 5819 2836 5876 p.
2864 5805 2952 5859 25.
2985 5804 3123 5860 ALL.

3847 5731 4161 5800 Gregoras,
