4470 6452
316 380 452 439 1021

1834 378 2185 438 ANNALES.

3550 390 3686 445 l022

318 509 407 559 καὶ
440 508 631 575 Πέτρον
681 500 758 572 (9)
810 501 937 573 μετά
989 502 1247 573 μεγίστης
1303 507 1552 574 στρατιᾶς
1596 501 1650 565 ἐξ
1698 502 1919 565 Ἰταλίας
1948 506 1993 560 Α
2028 503 2080 559 cl

1948 506 1993 560 A
2028 503 2444 575 claratumque
2473 503 2632 560 circa
2660 504 2873 562 eadem
2896 507 3030 566 loca
3060 508 3510 582 imperatorem,
3540 513 3685 583 Dyr-

318 597 611 668 ὁρμώμενον
658 595 748 643 καὶ
797 594 866 649 ὡς
909 593 1038 664 πρὸς
1087 595 1182 648 τὴν
1241 591 1779 644 Κωνσταντινούποὶιν
1832 612 1919 645 πε-

315 687 592 754 ποιημένον
665 684 759 738 τὴν
846 675 1050 745 δίοδον,
1133 678 1537 752 ἀνηγορευμένον
1626 684 1756 754 πρὸς
1826 688 1917 733 τοῦ

315 772 506 823 πάππα
551 770 666 839 (10)
712 772 801 819 καὶ
861 765 1103 839 βασιλέα,
1165 767 1325 819 αὐτοῦ
1406 788 1504 820 που
1588 772 1917 840 γεγενημένον

315 860 809 933 προχειρωσάμενόν
838 874 892 907 τε
921 860 1010 908 καὶ
1037 856 1162 908 αὐτὸ
1211 860 1269 908 τὸ
1333 856 1627 931 Δυρράχιον
1672 862 1918 927 γενναίως

314 946 858 1020 κατετροπώσατο,[Ρ.
895 945 979 1019 14]
1004 944 1061 997 Ὀ
1091 948 1181 1017 μεν
1213 946 1300 997 οὖν
1330 948 1503 1020 ῥηθεὶς
1546 950 1737 1019 Πέτρος
1783 967 1917 1018 γαμ-

316 1036 439 1110 ϐρὸς
488 1039 729 1111 ὑπῆρχεν
795 1035 872 1087 ἐπ’
925 1031 1121 1107 ἀδελφῇ
1170 1044 1262 1087 τοῦ
1307 1042 1521 1109 πρώτως
1568 1034 1917 1107 βασιλεύσαν-

314 1145 397 1186 τος
428 1125 483 1178 ὶκ
512 1133 604 1178 τοῦ
629 1129 862 1179 Λατίνων
911 1128 1095 1199 μέρους
1152 1120 1468 1176 Βαλδουενου
1524 1130 1613 1176 καὶ
1660 1132 1752 1177 τοῦ
1806 1124 1917 1196 μετ’

315 1215 471 1268 αὐτὸν
526 1212 951 1288 Ἐῥρῆ,ὶκαλείτο
1006 1209 1066 1265 δε
1122 1214 1151 1270 ἠ
1203 1214 1371 1265 αὐτῶν
1431 1210 1625 1285 ἀδελφὴ
1679 1213 1914 1282 Ἰολέντα⁹

313 1302 367 1366 EE
392 1304 453 1364 ἧς
505 1300 691 1364 παῖδες
744 1310 816 1372 τῷ
862 1305 1036 1375 Πέτρῳ
1088 1305 1390 1371 γεγένηνταὶ
1436 1303 1639 1374 τρεῖς,ὅ
1690 1321 1744 1354 τε
1802 1301 1918 1355 Φίλ-

314 1391 876 1464 ιππος,ὁῬομπέρτος
915 1395 1002 1443 καὶ
1058 1391 1083 1442 6
1138 1386 1452 1452 Βαλδουῐνος
1505 1392 1576 1457 ⁷³,
1626 1388 1693 1442 ὧν
1748 1392 1773 1442 6
1826 1396 1915 1463 μέν

308 1481 618 1553 Ῥομπέρτος
663 1484 752 1532 καὶ
807 1481 833 1530 6
883 1476 1197 1540 Βαλδουίνος
1248 1488 1344 1541 τῆς
1391 1485 1778 1533 Κωνσταντίνου
1831 1479 1917 1551 βε-

313 1569 680 1635 ϐασιλεύκασι,
715 1576 807 1621 τοῦ
848 1574 1052 1639 «prima
1098 1568 1265 1621 αὐτῶν
1320 1566 1543 1640 ἀδελφοῦ
1594 1576 1686 1620 τοῦ
1740 1569 1916 1621 Φιλίπ-

310 1677 411 1711 που
455 1666 529 1729 τῷ
578 1654 784 1729 ἀδελφῷ
822 1656 1115 1730 Ῥομπέρτῳ
1163 1666 1258 1719 τῆς
1316 1656 1585 1729 βασιλείας
1660 1677 1913 1730 παραχω-

308 1753 587 1822 ρήσαντος.
625 1745 892 1817 ’Υπῆρχον
952 1742 1011 1797 δέ
1058 1764 1211 1817 σφισι
1267 1750 1355 1797 καὶ
1404 1743 1644 1817 ἀδελφαὶ,
1702 1747 1769 1797 ὧν
1817 1751 1914 1818 μία

2026 591 2271 647 rhachio
2290 596 2708 665 praeoccupato
2730 594 2952 652 fortiter
2976 598 3036 653 in
3064 598 3269 666 fugam
3287 600 3686 657 vertit.Petrus

2027 696 2291 736 sororem
2319 681 2494 752 primi
2525 696 2596 735 ex
2637 682 2854 738 Latinis
2907 684 3177 741 Balduini
3229 692 3283 741 et
3316 689 3683 745 successoris

2026 768 2181 824 illius
2209 770 2354 824 Erici
2385 768 2493 823 sibi
2514 771 2895 827 matrimonio
2913 774 3215 843 junxerat.
3242 776 3439 830 Sorori
3463 792 3685 833 nomen

2025 858 2269 913 Jolentaa
2296 858 2422 923 fuit,
2456 873 2525 913 ex
2553 874 2676 930 qua
2720 864 2835 915 tres
2880 864 3081 917 Petrus
3128 868 3470 935 susceperat
3508 864 3682 931 ﬁlios,

2027 948 2392 1021 Philippum,
2430 948 2754 1005 Robertum
2782 956 2837 1005 et
2867 952 3245 1022 Balduinum,
3282 970 3542 1025 quorum
3572 958 3684 1011 Ro-

2026 1036 2232 1092 bertus
2264 1043 2321 1092 et
2365 1036 2708 1105 Balduinus,
2764 1054 2902 1094 cum
2954 1042 3183 1111 primus
3234 1058 3441 1097 eorum
3506 1042 3685 1099 frater

2028 1125 2335 1196 Philippus
2366 1125 2620 1181 Roberto
2661 1126 3119 1185 administrandi
3150 1130 3381 1202 imperii
3422 1135 3687 1202 potesta-

2028 1218 2145 1270 tem
2169 1213 2419 1275 fecisset,
2445 1212 2644 1284 Cpolis
2676 1216 2982 1287 regionem
3008 1223 3344 1274 tenuerunt.
3373 1221 3453 1275 Ex
3476 1236 3686 1277 eorum

2028 1302 2334 1357 sororibus
2372 1302 2549 1358 Maria
2607 1302 2919 1359 Theodoro
2958 1306 3305 1377 imperatori
3344 1308 3679 1380 copulatur.

2029 1390 2232 1457 Porro,
2259 1406 2440 1461 quem
2465 1406 2648 1462 supra
2680 1392 3009 1459 innuimus,
3032 1395 3404 1464 Theodorus,
3431 1396 3687 1452 exercitu

2025 1484 2253 1544 coacto,
2273 1482 2438 1534 Petro
2461 1478 2775 1551 paululum
2799 1482 3233 1552 Dyrrhachium
3257 1487 3686 1554 praetergresso

2025 1572 2081 1623 et
2105 1567 2255 1622 inter
2282 1567 2495 1623 Albani
2524 1568 2837 1637 angustias
2875 1570 3140 1625 adducto
3165 1587 3293 1626 sese
3315 1573 3583 1644 opponit.
3602 1572 3687 1629 lbi

2023 1656 2315 1712 Theodori
2341 1656 2626 1711 Comneni
2658 1657 2873 1712 milites
2910 1660 3253 1715 Latinorum
3294 1662 3502 1733 copias
3540 1666 3684 1718 stre-

2024 1760 2140 1799 nue
2163 1743 2443 1809 fundunt,
2466 1745 2773 1817 oppressis
2799 1747 3113 1813 universis,
3141 1749 3257 1820 29
3288 1749 3441 1804 adeo
3474 1754 3539 1805 ut
3559 1766 3684 1806 om-

308 1842 486 1911 Μαρια
514 1833 593 1903 ἦν,
625 1835 657 1907 ᾖ
692 1838 950 1905 συνεζύγη
993 1836 1019 1886 6
1069 1833 1315 1906 βασιλεὺς
1368 1832 1657 1909 Θεόδωρος.
1710 1835 1769 1887 Ὀ
1822 1840 1911 1907 μὲν
1949 1853 1995 1910 Β
2025 1850 2073 1889 nl

1949 1853 1995 1910 Β
2025 1850 2131 1889 nes
2154 1835 2623 1906 comprehensos
2639 1835 2889 1890 vinculis
2907 1837 3222 1907 alligarint,
3248 1838 3685 1909 impedimenta

308 1921 397 1977 οὖν
440 1922 695 1985 δηλωθεὶς
744 1921 1018 1997 Θεόδωρος
1074 1925 1144 1989 ⁷⁸,
1200 1926 1374 1986 καθὼς
1420 1924 1665 1998 εἰρηκειν,
1720 1928 1778 1976 τὸ
1832 1925 1913 1977 οἰ-

308 2020 445 2066 κεῖον
482 2011 797 2088 παραλαϐὼν
855 2015 1154 2085 στράτευμα
1204 2011 1560 2065 ἀντιτάττεται
1606 2022 1678 2083 τῷ
1735 2016 1911 2088 Πέτρῳ

306 2107 493 2178 μικρὸν
523 2099 962 2178 ὑπερπηδήσαντι
994 2106 1053 2155 τὸ
1079 2102 1374 2177 Δυρράχιον
1418 2109 1508 2156 καὶ
1555 2102 1603 2155 έν
1648 2111 1763 2164 ταῖς
1818 2110 1910 2156 τοῦ

2025 1922 2414 1994 abripuerint,
2436 1923 2757 1995 ipsumque
2786 1924 2962 1979 etiam
2992 1925 3415 1997 imperatorem
3442 1928 3685 1984 Petrum

2023 2011 2222 2083 gladio
2257 2012 2633 2083 peremerint.
2668 2016 2784 2069 Hac
2812 2014 3058 2071 victoria
3088 2032 3181 2071 res
3217 2019 3486 2073 Romana
3516 2016 3684 2073 haud

2022 2102 2343 2157 minimum
2380 2102 2689 2158 sublevate
2720 2108 2825 2158 est.

306 2192 561 2245 Ἀλϐανοῦ
612 2188 945 2266 δυσχωρίαις
1002 2197 1338 2264 γεγενημένῳ.
1379 2199 1585 2245 Νικῶσι
1632 2200 1758 2263 γοῦν
1843 2194 1976 2245 κατά
2046 2192 2233 2264 κράτος
2314 2192 2363 2226 ⁷⁸
2431 2194 2479 2243 οἱ
2548 2199 2639 2243 τοῦ
2715 2198 2983 2264 Κομνηνοῦ
3077 2191 3354 2267 Θεοδώρου
3440 2198 3499 2247 τὸ
3578 2202 3682 2248 τῶν

306 2286 543 2336 Λατίνων
599 2282 918 2354 στράτευμα,
962 2284 1029 2343 ὡς
1085 2282 1278 2341 πάντας
1331 2279 1501 2356 ἄρδην
1549 2278 1824 2353 δεσμώτας
1871 2290 2093 2340 ποιῆσαι
2147 2284 2239 2332 σὺν
2282 2286 2414 2333 πᾶσι
2473 2282 2703 2347 σκεύεσι,
2774 2286 2863 2334 καὶ
2952 2282 3106 2335 αὑτὸν
3183 2279 3242 2335 δε
3301 2287 3387 2335 τὸν
3456 2282 3685 2357 βασίλέα

305 2376 497 2444 Πέτρον
527 2373 672 2445 ἔργον
702 2376 972 2444 μαχαίρας
1001 2373 1244 2442 γενέσθαι
1274 2372 1408 2441 (Η).
1440 2378 1601 2424 Τοῦτο
1630 2368 1697 2429 δὴ
1732 2377 1843 2424 τότε
1860 2377 1997 2444 μέγα
2025 2379 2135 2432 τοῖς
2161 2370 2434 2444 Ῥωμαίοις
2466 2370 2689 2443 έγεγὸνει
2725 2371 2997 2444 βοήθημα.

374 2516 423 2549 ’⁷³
454 2519 545 2568 καὶ
568 2514 1059 2590 προχειρωσάμενον
1084 2516 1167 2591 τὸΔ
1202 2513 1519 2591 Δυρἑάχιον,
1561 2513 1617 2566 Ex
1661 2521 1753 2566 τοῦ
1799 2517 2032 2591 Λατίνῳν
2075 2518 2263 2591 μέρους
2326 2510 2643 2591 βαλδουῖνου
2694 2518 2783 2566 καὶ
2838 2521 2932 2566 τοῦ
2961 2516 3099 2591 ’μετ’
3155 2516 3311 2591 αυτὸν
3367 2516 3522 2591 Ἐῥρῆ
3565 2534 3686 2591 γεν·

381 2538 423 2549 ’ν
454 2538 545 2568 καί
568 2538 1059 2590 προχειρωσαμενον
1084 2538 1142 2566 το
1202 2538 1519 2588 Λυρραχιον,
1561 2538 1617 2566 α
1661 2538 1753 2566 του
1799 2538 2032 2567 Λατινων
2075 2538 2263 2587 μερους
2328 2538 2640 2567 Βαλυουινου
2694 2538 2783 2566 και
2838 2538 2932 2566 του
2988 2538 3081 2587 μετ
3155 2538 3311 2569 αυτον
3604 2538 3685 2571 ιν-

304 2590 461 2661 ναίως
511 2592 970 2661 διοιτετροττοὶισατό2
1003 2583 1260 2661 Ταμϐρὸς
1400 2584 1490 2661 ἦν)
1520 2587 1545 2637 6
1606 2591 1796 2661 Πέτρος
1848 2582 2163 2661 Βαλδουὶνου
2213 2584 2275 2661 ἐπ
2306 2582 2527 2661 ᾃὸιδςᾏφῇ
2560 2584 2796 2657 Ἰολέντᾳ,
2853 2585 2905 2649 ἐξ
2956 2583 3023 2661 ἧς
3086 2584 3270 2649 παῖδες
3315 2588 3455 2661 αὐτῷ
3506 2538 3685 2643 milia”

301 2677 415 2724 πος,
437 2653 746 2735 Ῥομπέρτος
765 2663 855 2710 καὶ
886 2653 1194 2718 Βαλδουῖνος
1225 2660 1288 2714 D.
1314 2659 1363 2691 ⁷⁸
1388 2659 1412 2709 6
1448 2654 1505 2709 δὲ
1533 2665 1622 2717 τῆς
1644 2653 1884 2729 ’Ππείρου
1918 2654 2192 2732 Θεοδωρος
2216 2660 2273 2708 τὸ
2304 2659 2367 2712 D.
2414 2653 2626 2709 ⁷⁵’5ιατὰ
2648 2653 2837 2731 κρατος
2862 2673 2984 2713 om.
3009 2660 3072 2713 D.

1193 2744 1537 2813 Theodori
1589 2746 1839 2813 Dousae
1889 2755 1953 2812 et
2001 2746 2249 2814 Leonis
2298 2744 2534 2813 Allatii
2584 2754 2789 2815 notae.

378 2864 649 2937 (9)_:'Ev6a
686 2867 776 2937 xui
831 2867 1042 2937 Πέτρον)
1103 2866 1273 2937 anno
1340 2862 1475 2917 1219
1531 2861 1792 2937 Honorio
1845 2864 1913 2916 Ill

304 2934 522 3006 pontii.
546 2937 715 2990 Rom.
732 2933 952 3006 Petrus
977 2933 1073 2987 hic
1097 2935 1439 3006 Corteneeus
1465 2949 1538 2988 ex
1560 2934 1773 2988 comite
1795 2937 1913 3006 ΑΠ-

306 3004 688 3062 tisiodorensi
722 3004 913 3061 factus
941 3005 1268 3076 imperator
1299 3004 1913 3076 Cpolitanus,eadem

305 3078 421 3133 hac
435 3078 661 3148 pagina
672 3076 961 3133 diciturin
973 3075 1178 3147 proelio
1191 3075 1508 3148 confossus
1521 3075 1905 3148 occubuisse.

305 3145 1003 3205 AtAhtOniusBonﬁnius
1042 3148 1200 3217 (Rer.
1241 3146 1477 3217 Ungar:
1522 3146 1802 3202 Decad.Il
1832 3145 1914 3202 lib

306 3220 406 3290 Vl!)
437 3218 620 3297 tradit
636 3220 834 3291 ipsum
852 3219 912 3273 in
933 3217 1648 3297 Theodoripyrrhachini
1677 3217 1913 3297 tyranni

308 3288 547 3373 carcere
563 3288 715 3371 diem
736 3306 903 3373 suum
919 3288 1159 3373 obiisse,
1176 3288 1292 3373 Iole
1307 3288 1534 3373 interim
1554 3289 1673 3343 sive
1688 3289 1914 3373 l‘olanta

306 3362 627 3434 imperium
641 3361 692 3443 ej
703 3361 1249 3442 usadministrante
1262 3361 1373 3415 Alii
1389 3360 1449 3415 in
1474 3359 1787 3440 Thessalia;
1802 3358 1915 3415 sal-

306 3432 446 3513 tbus
460 3436 841 3513 prmterJ‘urisi
852 3430 1065 3513 urandi
1086 3431 1435 3513 religionem
1449 3436 1504 3487 et
1527 3430 1709 3513 fidem
1730 3502 1745 3513 ‘
1762 3437 1909 3486 inte-

2026 2860 2116 2943 t_i_s,
2160 2862 2383 2943 carceri
2452 2862 2895 2943 mancipantur.
2927 2864 3227 2943 Leguntur
3267 2864 3344 2920 ad
3397 2863 3683 2943 eumdem

2022 2933 2402 3007 Theodorum
2453 2933 2706 3007 Honorii
2736 2933 3026 3004 epistolae,
3070 2934 3290 3007 quibus
3342 2951 3481 2991 eum
3535 2936 3684 2992 tanti

2022 3002 2306 3076 facinoris
2349 3008 2613 3075 accusat,
2691 3002 3188 3075 hortaturque'iit
3224 3005 3489 3076 legatum
3523 3007 3685 3062 sedis

2023 3074 2369 3145 apostolica
2383 3076 2673 3131 etPetrum
2689 3076 2902 3131 eximat
2930 3074 3183 3131 vinculis
3196 3083 3251 3132 et
3272 3074 3500 3133 solutos
3517 3077 3685 3135 abire

2024 3146 2180 3218 sinat
2211 3163 2224 3213 ;
2250 3150 2307 3203 et
2326 3146 2386 3202 ni
2417 3151 2644 3218 pareat,
2696 3146 2894 3218 minas
2946 3147 3330 3216 gravissimas
3356 3150 3585 3205 incutit.
3619 3152 3687 3207 Et

2022 3216 2305 3272 liberasse
2309 3216 3005 3293 postmodumlegatum
3030 3218 3401 3293 pontificium
3420 3235 3687 3293 comper-

2024 3294 2274 3360 tumrest.
2308 3288 2385 3343 De
2417 3291 2581 3344 Petro
2603 3288 2778 3360 quid,
2808 3294 3006 3344 actum
3033 3288 3130 3360 sit,
3166 3291 3342 3346 silent
3397 3288 3683 3348 historici.

2023 3359 2281 3431 Dubium
2304 3360 2505 3431 itaque
2535 3359 2640 3415 est
2656 3375 2733 3415 an
2768 3359 2828 3414 in
2848 3359 3101 3415 vinculis
3133 3376 3163 3415 e
3191 3362 3340 3416 vivis
3362 3362 3687 3419 excesserit

2022 3445 2102 3485 an
2140 3430 2725 3504 libei'tati’restitutus
2752 3430 2948 3504 fuerit.
2993 3434 3157 3487 Certe
3181 3433 3433 3504 imperio
3483 3434 3677 3489 reddi-

305 3502 545 3575 reptum
577 3502 864 3575 scribunt,
893 3507 951 3559 et
979 3507 1101 3558 toto
1143 3502 1389 3558 biennio
1418 3504 1479 3558 in
1512 3502 1909 3575 squalidoqu‘e
1940 3504 1981 3561 C
2022 3505 2116 3575 tus
2146 3517 2267 3557 non
2290 3506 2396 3557 est.
2418 3503 2745 3575 Richardus
2765 3502 2840 3557 de
2864 3504 3080 3575 sancto
3102 3502 3398 3560 Germano
3422 3505 3482 3560 in
3502 3506 3685 3562 Chro-

306 3573 545 3631 carcere
582 3574 897 3644 fatigatum
938 3589 1008 3630 ac
1046 3590 1199 3645 pene
1231 3580 1506 3629 enectum
1547 3573 1791 3629 tandem
1814 3573 1909 3629 ’ob

306 3652 652 3703 truncatum
684 3661 812 3701 esse
835 3660 996 3701 anno
1027 3646 1183 3700 1221.
1233 3645 1449 3701 ΒουεΑ.

375 3719 529 3791 (101)
620 3718 1055 3791 Ἀνηγορευμένον
1125 3720 1397 3791 πρὸς-του
1456 3718 1676 3791 πάπποι.Δ
1722 3714 1911 3791 Latini

308 3785 629 3861 scriptores
640 3785 767 3861 rem
784 3785 950 3861 aliter
965 3785 1239 3861 narrant,
1263 3787 1459 3861 ferunt
1481 3786 1780 3861 siquidem
1812 3785 1912 3841 de-

307 3857 513 3917 functo
553 3860 801 3931 Henrico
824 3859 1145 3931 imperium
1187 3859 1355 3914 abiis
1394 3858 1497 3931 qui
1532 3857 1702 3931 Cpoli
1742 3861 1913 3913 erant

307 3931 576 3988 delatum
620 3930 799 3986 fuisse
824 3929 1069 3986 Andreae
1120 3932 1392 3999 Ungarite
1414 3929 1543 4001 regi
1573 3929 1667 3984 vel
1704 3944 1911 3983 socero

309 4003 468 4058 illius
499 4002 702 4058 comiti
732 4004 901 4073 Petro
939 4001 1428 4071 Antisiodorensi,
1452 4001 1528 4073 de
1557 4016 1680 4073 quo
1712 4001 1909 4073 statim

307 4075 579 4131 Andreas
607 4072 1283 4145 pontiﬁcemHonorium
1308 4071 1700 4145 lllcertiorem
1718 4071 1910 4127 reddi-

307 4146 413 4202 dit.
439 4144 642 4202 Petrus
672 4150 874 4201 tamen
906 4144 1239 4216 potioribus
1272 4144 1571 4216 suffragiis
1602 4150 1847 4216 vocatus
1880 4160 1910 4199 e

308 4216 509 4273 Galliis
539 4219 789 4272 Romam
808 4214 944 4270 cum
971 4232 1154 4271 uxore
1176 4221 1231 4270 et
1252 4215 1385 4271 ﬁliis
1413 4222 1469 4270 et
1489 4215 1605 4270 alio
1626 4214 1912 4270 comitatu

309 4289 573 4351 advolat,
592 4293 650 4343 et
667 4287 745 4343 ab
763 4288 1020 4343 Honorio
1034 4287 1373 4343 diademate
1386 4288 1641 4357 cingitur
1654 4286 1709 4340 in
1727 4285 1911 4341 eccle-

309 4361 397 4416 sia
411 4362 466 4416 S.
487 4359 779 4415 Laurentii
793 4364 959 4431 extra
973 4374 1198 4431 muros,
1220 4359 1441 4431 nequid
1451 4359 1471 4429 j
1485 4357 1911 4431 urisOrientale

306 4434 627 4502 imperium
652 4430 710 4485 in
730 4430 1105 4502 Occidentale
1120 4428 1507 4502 comparaSSe
1522 4428 1831 4502 videretur,
1859 4434 1915 4502 et

306 4519 382 4558 ne
396 4500 687 4574 Cpolitani
704 4503 855 4574 patri
865 4501 1055 4557 archaa
1067 4502 1088 4572 j
1101 4500 1456 4574 nribusinun
1467 4500 1640 4574 gendi
1663 4500 1913 4574 Orientis

306 4571 684 4646 imperatoris
708 4571 1054 4646 detractum
1073 4571 1081 4572 7
1100 4572 1411 4646 videretur.
1425 4571 1713 4646 Honorius
1753 4573 1909 4646 epis-

307 4644 517 4701 tolaad
538 4644 944 4716 partiarcham
980 4644 1354 4714 Cpolitanum
1379 4661 1390 4697 :
1413 4645 1533 4698 Nos
1548 4650 1745 4698 autem
1781 4644 1912 4699 licet

306 4718 533 4787 pluries
555 4717 1006 4786 denegassemus
1028 4716 1263 4779 eisdem,
1292 4731 1365 4770 ne
1408 4716 1537 4786 quis
1558 4722 1748 4787 posset
1774 4731 1912 4787 que-

305 4786 545 4845 mvisde
590 4789 895 4856 super/luo
939 4787 1269 4855 suspicari.
1338 4788 1499 4857 quod
1535 4787 1596 4840 in
1628 4786 1909 4842 Ecelesite

307 4861 641 4929 Cpolitanas
677 4858 1097 4927 prmjudicium
1120 4858 1635 4929 faceremus,quia
1668 4857 1907 4913 timeba-

307 4939 411 4987 tur
430 4948 465 4987 a
505 4931 710 4990 multis
735 4930 896 4997 ne,si
912 4930 996 4985 sic
1012 4929 1176 4985 nobis
1198 4930 1484 4998 confusus
1542 4929 1906 4984 abscederet.

306 5019 426 5059 non
447 5004 638 5059 solum
662 5002 775 5057 sibi
794 5002 898 5058 sed
919 5002 1192 5057 universo
1208 5002 1456 5068 imperio
1471 5015 1655 5071 grave
1677 5001 1910 5067 dispen-

306 5076 473 5131 dium
512 5074 865 5141 immineret,
897 5073 1423 5129 condescendentes
1468 5073 1707 5127 tandem
1745 5072 1904 5141 ipsos

304 5148 430 5203 sine
452 5153 552 5201 tuo
580 5148 674 5201 vel
693 5145 941 5201 alterius
967 5145 1330 5212 praejudicio
1360 5145 1451 5200 vel
1472 5151 1816 5212 contempsit
1848 5143 1909 5198 in

303 5218 547 5275 ecclesia
574 5218 641 5272 Β.
662 5217 967 5273 Laurentii
986 5216 1135 5278 foris
1155 5230 1354 5272 muros
1406 5216 1571 5271 urbis
1626 5215 1909 5271 duximus

301 5290 648 5346 solemniter
685 5287 1080 5343 coronandos.
1124 5290 1277 5342 Etut
1333 5288 1526 5357 major
1582 5288 1907 5341 auctoritas

302 5362 544 5430 negotio
569 5359 905 5423 acceddret,
955 5359 1235 5414 comitem
1284 5358 1363 5413 illi
1419 5358 1584 5413 dedit
1612 5358 1907 5413 Joannem

303 5432 639 5489 Columnan
672 5432 756 5487 tit.
794 5432 847 5487 S.
888 5431 1188 5485 Praxedis.
1233 5447 1355 5485 ALL.

377 5506 489 5574 (11)
511 5503 696 5577 Ἔργον
724 5507 972 5577 μαχαίρῗα
999 5504 1260 5577 γενέσθαι.
1311 5504 1427 5577 Hoc
1471 5498 1716 5573 quoque
1743 5501 1911 5577 aliter

301 5572 550 5632 narrant
574 5572 911 5646 seripto’r’es'
930 5572 1243 5646 Lat_ini,qui
1274 5572 1540 5646 scribunt
1566 5572 1687 5628 non
1712 5573 1907 5634 armis,

305 5648 409 5704 sed
430 5644 766 5719 proditione
782 5644 1104 5719 etperlidia
1123 5644 1480 5719 a’Theodor_o
1498 5647 1797 5719 Comneno
1810 5660 1908 5719 ca-

305 5715 656 5792 ptuin;nam
678 5734 817 5774 cum
833 5715 893 5792 in
921 5718 1018 5792 via
1039 5717 1396 5792 foeduscuin
1417 5715 1736 5792 Tbeodoro
1754 5717 1909 5792 iniis-

305 5787 413 5858 set,
444 5791 728 5846 invitatur
748 5806 785 5845 a
805 5789 1136 5861 Theodoro,
1162 5795 1217 5843 et
1245 5788 1313 5861 in,
1333 5788 1609 5844 convivio
1633 5794 1758 5844 tum
1780 5787 1910 5861 ipse

306 5869 425 5922 tum
441 5863 672 5934 legatus
683 5862 1023 5935 capiuntur,
1033 5860 1275 5934 reliquis
1292 5860 1511 5932 iugatis
1535 5864 1637 5917 aut
1655 5860 1907 5933 prostra-

2021 3572 2180 3636 nico,
2255 3588 2416 3628 nunc
2480 3573 2743 3636 primum
2806 3588 2842 3629 a
2897 3573 3247 3630 doctissimo
3300 3575 3679 3634 Ferdinando

2022 3642 2267 3711 Ughello
2295 3645 2352 3699 in
2380 3642 2571 3699 Italia
2592 3659 2779 3699 sacrae
2816 3650 2962 3699 tom.
2999 3646 3063 3699 Ill
3089 3645 3453 3711 edito,anno
3496 3648 3633 3702 1217
3669 3664 3684 3702 :

2019 3715 2727 3771 PetrusAltissodorensis
2750 3730 2934 3772 comes
2958 3716 3021 3772 in
3047 3715 3244 3786 Cpolis
3266 3717 3686 3786 imperatorem

2020 3788 2240 3842 electus
2288 3795 2390 3843 est.
2426 3789 2671 3842 Romam
2700 3789 2937 3843 veniens
2966 3804 3097 3843 cum
3142 3796 3414 3846 consorte
3472 3806 3581 3846 sua
3604 3790 3680 3846 ab

2021 3858 2285 3913 Honorio
2316 3872 2478 3927 papa
2509 3857 2676 3926 apud
2722 3859 2776 3913 S.
2828 3859 3222 3914 Laurentium
3277 3867 3453 3917 extra
3476 3877 3680 3918 muros

2022 3929 2186 3984 urbis
2209 3930 2271 3983 in
2302 3931 2722 3997 imperatorem
2750 3935 2804 3985 et
2824 3931 3263 3998 imperatricem
3287 3940 3687 3991 coronantur.

2023 3999 2137 4068 Qui
2148 4016 2396 4073 regnum
2416 4004 2713 4057 intrantes
2737 4006 2789 4057 et
2803 4016 2862 4057 se
2882 4002 3296 4059 Brundusium
3312 4005 3686 4073 conferentes

2022 4088 2155 4127 cum
2188 4072 2429 4128 honesto
2459 4073 2714 4128 militari
2738 4078 3027 4138 exercitu,
3066 4073 3150 4128 ibi
3168 4072 3471 4131 dominum
3503 4077 3689 4133 Joan—

2022 4158 2153 4199 nem
2174 4143 2247 4199 de
2274 4143 2569 4199 Columna
2591 4143 2759 4199 card.
2785 4146 2847 4199 in
2862 4144 3031 4213 Cpol.
3072 4146 3334 4216 legatum
3363 4154 3684 4204 venturum

2022 4221 2392 4289 exspectant,
2453 4231 2587 4289 cum.
2654 4230 2770 4286 quo
2837 4216 3104 4289 infausto
3178 4222 3377 4289 omine
3438 4218 3682 4289 navigio

2024 4287 2489 4354 transfretantes
2506 4287 2588 4342 ad
2598 4292 2842 4355 portum
2876 4288 3253 4355 Dyrrhachii
3264 4287 3685 4358 pervenerunt.

2025 4358 2138 4423 Qui
2162 4373 2350 4426 pravo
2379 4358 2549 4413 ducti
2575 4359 2843 4413 consilio‘
2871 4360 3254 4426 imperatrice
3275 4376 3369 4416 eos
3398 4376 3507 4429 per
3520 4376 3690 4419 mare

2020 4435 2329 4498 praeeunte
2341 4429 2421 4484 ad
2433 4431 2729 4502 civitatem
2750 4430 3109 4502 Byzantium
3120 4431 3487 4501 ,obsidere,et
3502 4448 3691 4502 expu-

2022 4515 2211 4573 gnare
2229 4500 2638 4569 praemderunt
2700 4501 3250 4573 Dyrrhachium.et
3296 4500 3429 4558 cum
3468 4500 3691 4573 parum

2022 4572 2379 4641 proﬁcerent
2589 4572 2665 4629 ab
2715 4572 3020 4628 obSidione
3058 4576 3320 4629 civitatis
3380 4572 3567 4644 ipsius
3606 4577 3692 4632 di-

2022 4645 2210 4712 gressi
2239 4649 2395 4698 sunt.
2443 4642 2555 4709 Qui
2603 4650 2873 4700 errantes
2938 4658 3046 4713 per
3084 4646 3259 4701 devia
3300 4657 3352 4702 et
3386 4642 3690 4704 condensa

2022 4717 2308 4788 silvarum
2324 4731 2358 4788 a
2376 4716 2593 4769 Graecis
2609 4716 2916 4782 intercepti
2929 4718 3390 4788 sunt.dequibus
3404 4721 3694 4775 nonnulli

2023 4788 2084 4840 in
2098 4787 2403 4853 oregladii
2412 4787 2996 4854 perierunt,nonulli
3006 4802 3142 4843 vero
3159 4787 3325 4857 capti
3337 4796 3474 4845 sunt
3491 4797 3543 4846 et
3559 4806 3691 4847 ραν-

1950 4860 1993 4912 D
2024 4859 2213 4932 cerali
2223 4858 2503 4928 squalore
2532 4873 2655 4932 una
2671 4874 2801 4932 cum
2822 4861 2948 4926 ipso
2981 4860 3342 4929 imperatore
3368 4877 3691 4932 consump-

2023 4930 2087 4984 ti.
2128 4930 2258 4995 Ipse
2286 4932 2465 4984 etiam
2487 4930 2821 4985 cardinalis
2852 4937 3066 4999 captus
3087 4937 3167 4987 est
3192 4938 3246 4987 et
3277 4930 3690 4991 detentus.Hic

2023 5000 2228 5054 miscet
2243 5002 2445 5055 omnia
2460 5006 2585 5056 ettu
2595 5002 2723 5057 rbat
2739 5000 3095 5058 BlondusDe
3110 5004 3288 5071 gestis
3306 5004 3690 5062 Venetorum:

2019 5074 2282 5127 Joannes
2313 5088 2475 5126 nunc
2506 5074 2836 5141 imperator
2876 5073 3103 5130 Venetis
3126 5076 3504 5141 promiserat,
3532 5079 3583 5133 si
3613 5078 3690 5134 ab

2019 5146 2099 5199 eis
2112 5145 2431 5214 quianoli
2444 5144 2788 5200 detulerunt
2806 5160 2937 5200 cum
2954 5145 3161 5202 habito
3179 5161 3215 5201 a
3228 5149 3508 5215 pontiﬁce
3524 5164 3688 5206 exer-

2019 5216 2141 5269 citu
2171 5216 2402 5284 Cpolim
2418 5215 2864 5290 deportaretur,
2889 5217 3329 5290 Dyrrhachium
3349 5222 3428 5274 eis
3447 5236 3688 5290 recupe-

2020 5301 2175 5343 rare.
2208 5302 2388 5357 quam
2415 5288 2619 5343 urbem
2660 5288 2996 5344 Theodorus
3022 5289 3296 5357 Epirotes
3319 5291 3491 5359 furto
3511 5288 3692 5349 dolis-

2018 5361 2548 5431 quesurripuerat.
2568 5360 2989 5416 Debellaturus
3005 5365 3203 5416 autem
3235 5363 3692 5430 Dyrrhachium

2018 5434 2347 5498 imperatOr
2364 5431 2504 5486 hinc
2524 5432 2707 5487 Iolem
2726 5446 2997 5496 uxOrem,
3022 5433 3164 5489 inde
3181 5433 3557 5491 cardinalem
3582 5436 3693 5493 Co-

2022 5503 2287 5558 lumnam
2306 5501 2534 5568 Cpolim
2572 5505 2759 5573 jussit
2815 5504 3121 5572 accedere,
3172 5506 3570 5573 inchoataque
3602 5514 3688 5566 est

2019 5573 2263 5637 obsidio,
2297 5581 2347 5647 et
2379 5577 2847 5647 oppugnationes
2861 5590 2970 5643 per
2985 5576 3108 5631 dies
3127 5577 3258 5645 fere
3273 5573 3542 5647 singulos
3602 5582 3689 5637 in-

2020 5652 2283 5703 tentatte.
2312 5645 2428 5701 Sed
2458 5646 2660 5701 urbem
2692 5648 2878 5703 veteri
2895 5662 3087 5715 muro,
3114 5664 3283 5719 quem
3330 5645 3581 5708 Venetus
3606 5654 3690 5708 in-

2017 5725 2372 5781 staurasset,
2392 5720 2687 5774 munitam
2710 5718 3050 5775 Theodorus
3068 5718 3258 5777 milite
3273 5723 3593 5780 abundans
3615 5740 3691 5782 ex

2019 5790 2207 5860 Epiro
2232 5790 2402 5859 ﬁdeli
2428 5790 2615 5860 facile
2641 5790 3015 5862 defensabat,
3050 5792 3198 5849 adeo
3250 5799 3313 5849 ut
3366 5796 3693 5867 imperator
