4470 6452
318 469 456 521 1025

314 589 493 662 Ἐρρῆς
544 588 707 640 πολλὰ
792 607 1077 660 πράγματα
1168 606 1405 659 παρεσχε

313 677 451 747 αὐτῷ
489 685 562 747 τῷ
595 675 808 748 βασιλεῖ
843 675 1119 751 Θεοδώρῳ.
1174 673 1435 749 Ἀνδρεῖος
1492 678 1592 747 γὰρ
1648 675 1735 743 ὢν,
1795 680 1913 745 περὶ

313 768 494 839 μάχας
564 765 867 840 ὀξύρροπος,
921 772 1010 818 καὶ
1062 769 1470 837 τεταπεινωμένα
1532 767 1597 816 τὰ
1642 773 1741 816 τών
1791 764 1915 817 Ῥω-

313 860 479 929 μαίων
507 856 658 929 ὁρών,
691 860 780 907 καὶ
804 855 1037 927 μάλιστα
1065 854 1118 918 ἐξ
1146 855 1194 889 ⁸ο
1239 857 1358 907 ὅτου
1409 857 1495 906 τὸν
1555 852 1773 905 σουλτὰν
1834 872 1917 905 πε-

314 948 550 1017 φόνευκεν
605 945 630 995 6
698 942 950 1016 βασιλεὺς
1027 941 1318 1017 Θεόδωρος-

315 1035 564 1106 ⁴Ιιράγκων
612 1036 809 1104 προσὸν
899 1033 1041 1104 αὐτῷ
1112 1032 1398 1085 ἀπολώλεκε

314 1122 355 1192 ᾧ
385 1126 475 1173 καὶ
518 1125 613 1182 τὰς
668 1125 801 1196 πρὸς
853 1126 975 1183 τοὺς
1013 1123 1274 1194 ὁμογενεῖς
1325 1119 1648 1194 τεθαρρηκώς
1696 1117 1757 1178 ἧν
1813 1120 1919 1192 μά-

312 1230 439 1281 χας.
470 1210 571 1270 Οὓς
596 1215 687 1262 καὶ
729 1212 754 1261 6
783 1209 1032 1282 βασιλεὺς
1086 1210 1272 1284 Ἐῥρῆς
1319 1206 1532 1262 έδεδὶει·
1583 1208 1765 1261 πολλοὶ
1816 1211 1918 1281 γὰρ

315 1294 450 1357 ἦσαν
491 1298 774 1371 ὀνομαστοὶ
801 1298 902 1351 ἀπὸ
942 1319 994 1352 τε
1018 1304 1195 1370 γένους
1220 1297 1322 1351 ἀπὸ
1345 1317 1397 1350 τε
1454 1302 1556 1371 μὴν
1609 1307 1702 1360 τῆς
1758 1316 1921 1365 προσ-

314 1390 477 1447 οὐσης
508 1386 720 1449 έκείνοις
782 1385 1026 1461 ἀνδρίας.
1087 1392 1179 1441 Διὰ
1230 1395 1418 1454 ταῦτα,
1480 1388 1546 1449 ὦς
1592 1406 1722 1458 φασι
1768 1405 1919 1453 τινες,

314 1482 404 1529 καὶ
431 1481 525 1534 τὴν
547 1484 639 1529 τοῦ
668 1476 926 1549 βασιλέως
955 1483 1103 1535 νίκην
1136 1476 1374 1539 ἀκηκοώς
1404 1478 1429 1527 6
1471 1474 1675 1549 Ἐῤῥῆς,
1735 1480 1922 1528 (Nevi-

313 1585 491 1635 κηται,
525 1584 556 1618 ›
587 1568 700 1637 ἔφη,
734 1589 762 1617 ‹‹
798 1568 823 1618 6
846 1569 1143 1640 Λάσκαρις,
1170 1567 1229 1619 οὗ
1258 1566 1571 1623 νενίκηκεν.»
1608 1563 1687 1635 [Ρ.
1717 1564 1925 1635 15]Ἰνα

314 1663 439 1725 γοῦν
478 1659 549 1726 μὴ
573 1653 733 1707 πολὺν
796 1660 1079 1707 κατατείνω
1123 1654 1270 1726 λόγον
1326 1662 1415 1714 τῆς
1468 1656 1722 1727 ἱστορίας,
1783 1653 1925 1705 τοῦτ’

316 1745 378 1795 ἄν
438 1748 591 1815 μόνον
676 1743 831 1796 εἰπὼν
880 1748 941 1797 τὸ
986 1751 1086 1796 πᾶν
1139 1749 1565 1817 παραστήσαιμι·
1621 1745 1785 1815 μεχρι
1835 1745 1924 1793 καὶ

316 1828 480 1884 αὐτοῦ
519 1840 612 1884 τοῦ
642 1838 921 1904 Νυμφαίου
947 1832 1064 1905 (16)
1096 1835 1186 1893 τὰς
1236 1834 1432 1893 σκηνὰς
1488 1832 1513 1882 6
1568 1830 1753 1905 Ἐῥρῆς
1804 1829 1925 1887 ἐπή-

1404 947 1516 995 τότε
1584 945 1685 1016 γὰρ
1750 945 1808 994 τὸ
1862 940 1917 993 ἐκ

1496 1033 1815 1106 στράτευμα,
1869 1029 1917 1081 έν

1816 466 2153 519 ANNALES.

1482 586 1749 658 Ῥωμαίοις
1824 592 1912 639 καὶ
1943 592 1989 642 Α
2022 587 2284 657 militem,
2310 602 2431 658 quo
2461 586 2643 641 fultus
2670 602 2809 641 cum
2841 603 2963 641 suae
3016 588 3239 642 nationi

1943 592 1989 642 Α
2022 587 2284 657 militem,
2310 602 2431 658 quo
2461 586 2643 641 fultus
2670 602 2809 641 cum
2841 603 2963 641 suae
3016 588 3272 642 nationis
3331 587 3680 647 hominibus

3538 469 3676 523 1026

2024 674 2312 731 audacter
2332 673 2557 728 bellum
2588 673 2967 742 conserebat,
3000 679 3055 729 et
3091 690 3271 745 quem
3358 676 3684 749 imperator

2025 763 2225 818 Ericus
2257 762 2561 817 metuebat
2587 762 2753 834 quod
2786 763 2844 817 in
2886 778 2955 817 eo
2988 766 3043 817 et
3066 778 3281 831 genere
3332 765 3569 821 nobiles
3629 772 3686 824 et

2023 852 2173 908 irato
2204 853 2311 907 sibi
2355 852 2596 921 ingenio
2655 852 2877 907 viribus
2942 852 3207 908 valentes
3274 856 3687 927 conspiceren-

2026 946 2137 1011 tur,
2181 941 2455 1013 perdidit.
2486 945 2786 1007 Praeterea,
2824 946 2886 997 ut
2910 941 3155 1013 quidem
3198 951 3557 1010 memorant,
3610 946 3686 1004 de

2025 1030 2402 1102 imperatoris
2429 1030 2672 1085 victoria
2710 1030 2923 1086 certior
2952 1028 3164 1097 factus,
3197 1034 3521 1099 «Lascaris,
3542 1057 3569 1083 ››
3592 1051 3688 1091 ex-

2028 1119 2269 1187 clamat,
2312 1141 2338 1167 ‹‹
2371 1118 2561 1174 victus
2592 1122 2698 1187 est,
2730 1133 2854 1173 non
2883 1118 3039 1173 vicit.
3092 1142 3119 1168 ››
3173 1120 3283 1175 Sed
3335 1136 3409 1176 ne
3462 1122 3685 1179 diutius

2030 1207 2362 1264 orationem
2391 1207 2759 1279 protraham,
2802 1207 2893 1263 vel
2924 1207 3039 1262 hoc
3081 1208 3207 1264 solo
3239 1225 3331 1264 res
3357 1211 3688 1283 conspicua

2032 1298 2155 1352 erit.
2198 1296 2595 1368 Nymphaeum
2620 1311 2830 1366 usque,
2852 1311 2989 1351 cum
3019 1296 3217 1351 nullus
3240 1298 3682 1369 adversaretur,

2033 1390 2231 1442 castra
2246 1385 2446 1456 posuit
2461 1384 2658 1439 Ericus
2675 1403 2687 1451 ;
2704 1384 2963 1456 indeque
2977 1386 3230 1452 rediens,
3248 1389 3465 1458 partim
3482 1390 3688 1460 praeda

2034 1480 2204 1546 parta
2222 1474 2462 1545 Opimus
2494 1488 2564 1528 ac
2620 1480 2880 1541 saturus,
2929 1476 3204 1544 partima
3245 1476 3553 1533 laboribus
3602 1478 3687 1533 fe-

2032 1563 2170 1620 riari
2200 1568 2416 1634 optans
2447 1566 2661 1633 {neque
2692 1562 2851 1617 enim
2878 1563 2940 1617 in
2981 1565 3343 1620 sustinendis
3390 1566 3687 1623 bellorum

2034 1651 2462 1709 certaminibus
2497 1652 2701 1707 Latina
2729 1652 2894 1707 natio
2914 1652 3237 1724 perdurat),
3263 1671 3401 1711 cum
3431 1657 3689 1728 impera-

2032 1746 2158 1797 tore
2195 1740 2505 1797 Theodoro
2560 1740 2755 1795 foedus
2800 1741 3541 1817 iniit;concordatumque
3599 1749 3691 1803 est

2036 1830 2258 1885 Cimeni
2290 1829 2397 1900 (sic
2420 1829 2581 1883 enim
2612 1844 2787 1884 mons
2817 1830 3068 1885 Achirao
3092 1830 3379 1902 adjacens
3422 1835 3686 1906 appella-

317 1920 461 1984 ξατο,
522 1921 636 1973 κατ’
690 1921 908 1995 ἐρημίαν
970 1920 1180 1987 πολλὴν,
1237 1918 1448 1982 οὐδενὸς
1514 1919 1797 1979 κωλύοντος
1854 1919 1923 1976 ⁸⁸.
1958 1946 2001 2002 Β
2035 1924 2082 1975 lt

1958 1946 2001 2002 Β
2035 1921 2149 1989 tur)
2177 1918 2454 1974 universa
2478 1923 2535 1974 et
2564 1918 2761 1989 ipsam
2802 1918 3127 1975 Achiraum
3164 1936 3199 1975 a
3232 1921 3445 1978 Latinis
3498 1924 3688 1996 possi-

326 2011 553 2064 Ἐκεῖθεν
578 2030 633 2064 τε
687 2010 1023 2085 ὑποστρὶψας
1084 2015 1143 2063 τὸ
1172 2014 1262 2083 μεν
1328 2018 1431 2071 τοῖς
1482 2010 1793 2083 κρατηθεῖσι
1842 2028 1925 2061 κο-

320 2103 544 2175 ρεσθεὶς,
610 2104 669 2154 16
724 2098 783 2154 δε
837 2107 927 2153 καὶ
988 2104 1277 2177 ἐκεχειρίαν
1331 2100 1575 2161 ἐθελήσας
1620 2098 1790 2151 λαϐεῖν
1846 2098 1925 2170 (οὐ

314 2192 425 2265 γὰρ
479 2191 612 2262 ἄγαν
696 2194 1003 2263 καρτερικὸν
1046 2193 1105 2242 16
1156 2193 1436 2243 Λατινικὸν
1499 2188 1651 2261 φῦλον
1706 2188 1754 2240 έν
1811 2195 1925 2250 ταῖς

318 2283 531 2352 μάχαις
559 2282 878 2338 καθέστηκεν
909 2282 999 2349 ⁸³),
1035 2279 1107 2341 εἰς
1137 2280 1423 2353 ξυμϐάσεις
1480 2280 1602 2338 ἦλθε
1649 2280 1780 2351 μετὰ
1835 2284 1926 2329 του

320 2366 581 2442 βασιλέως
652 2366 952 2444 Θεοδώρου.
1022 2374 1121 2423 Καὶ
1182 2371 1514 2443 συνεφωνήθη
1573 2372 1638 2421 τὰ
1693 2371 1782 2441 μὲν
1837 2376 1927 2420 τοῦ

321 2465 517 2531 Κιμινά
540 2462 714 2511 πάντα
746 2460 902 2529 (οὕτω
926 2461 1026 2534 γὰρ
1084 2463 1141 2511 τὸ
1186 2460 1299 2535 ὁρος
1364 2459 1596 2512 καλεῖται
1650 2462 1709 2510 16
1774 2456 1929 2529 ἐγγὺς

316 2558 411 2609 τῆς
445 2549 751 2622 Ἀχυράους
784 2549 1071 2620 τυγχάνον)
1102 2551 1234 2621 μετὰ
1271 2554 1360 2601 καὶ
1399 2549 1561 2610 αὐτῆς
1619 2556 1712 2610 τῆς
1768 2547 1931 2619 Ἀχυ-

315 2637 474 2711 ράους
522 2640 667 2712 παρὰ
715 2645 807 2690 τοῦ
859 2646 956 2690 τῶν
1013 2641 1260 2711 Φράγιιων
1308 2641 1489 2709 γένους
1546 2634 1925 2704 δεσπὸζεσθαι,

316 2729 405 2779 τὸν
435 2723 495 2779 δέ
540 2726 781 2799 Κάλαμον
836 2728 1008 2798 (κώμη
1064 2723 1124 2780 δέ
1176 2726 1316 2779 ἐστιν
1368 2729 1393 2779 6
1452 2726 1712 2799 Κάλαμος,
1762 2724 1813 2788 ἕξ
1869 2722 1927 2777 οὗ

2035 2010 2179 2075 deri,
2206 2008 2518 2065 Calamum
2549 2024 2690 2064 vero
2721 2008 2805 2078 (id
2844 2009 3138 2081 oppidum
3161 2015 3266 2077 est,
3292 2028 3362 2068 ex
3393 2030 3516 2086 quo
3546 2018 3691 2072 Neo-

2036 2103 2368 2155 castrorum
2402 2098 2602 2153 thema
2645 2098 2877 2154 initium
2933 2100 3135 2169 sumit)
3196 2101 3533 2158 inbabitum
3586 2104 3689 2160 de-

2036 2189 2147 2245 seri
2171 2206 2183 2256 ;
2203 2192 2339 2259 qua:
2360 2191 2750 2259 sequerentur
2770 2187 2884 2242 sub
2897 2188 3139 2244 arbitrio
3161 2206 3289 2245 esse
3310 2191 3689 2264 imperatoris

2034 2277 2359 2334 Theodori:
2381 2292 2453 2333 ea
2475 2281 2643 2333 erant
2664 2279 3003 2347 Neocastra,
3040 2278 3409 2349 Celbianum,
3434 2282 3688 2352 Chliara,

2037 2368 2453 2436 Pergamus,et
2473 2382 2609 2438 quas
2632 2382 2668 2420 a
2688 2365 2868 2421 latere
2888 2372 3056 2422 erant
3072 2368 3326 2438 Magidia
3344 2374 3399 2425 et
3427 2371 3689 2443 Opiscia.

2036 2459 2248 2512 Praeter
2278 2456 2406 2511 haec
2448 2455 2601 2511 alius
2634 2454 2813 2511 etiam
2844 2456 3103 2526 regionis
3133 2457 3459 2529 imperator
3502 2460 3689 2517 Theo-

2036 2546 2221 2601 dorus
2250 2545 2360 2617 31
2400 2544 2849 2612 dominabatur,
2896 2561 3032 2618 quae
3084 2562 3120 2601 a
3168 2548 3431 2619 Lopadio
3471 2549 3691 2621 princi-

2036 2634 2206 2707 pium
2227 2633 2460 2690 babens
2484 2636 2729 2689 Prusam
2759 2634 3138 2707 Niemamque
3161 2652 3270 2691 suo
3300 2637 3532 2693 ambitu
3554 2654 3691 2695 con-

2039 2726 2197 2780 tinet.
2226 2725 2290 2780 Et
2320 2723 2405 2778 sic
2427 2723 2736 2779 Theodoro
2766 2723 3111 2796 imperatori
3141 2740 3235 2780 res
3261 2733 3582 2782 cesserant.

316 2819 376 2868 16
406 2836 507 2868 των
532 2819 874 2889 Νεοκάστρων
906 2818 1022 2883 (17)
1054 2818 1282 2889 ἄρχεται
1320 2818 1470 2889 θέμα)
1500 2820 1663 2889 μένειν
1692 2817 1891 2880 ἄοικον,
1919 2818 1983 2867 τὰ
2018 2812 2075 2867 δὲ
2106 2813 2325 2866 ἐντεῦθεν
2350 2815 2495 2887 παρὰ
2524 2821 2614 2864 τοῦ
2659 2811 2917 2885 βασιλέως
2974 2810 3252 2886 Θεοδώρου
3312 2811 3691 2876 δεσπόζεσθαι·

315 2918 629 2989 Νεόκαστρα
654 2911 713 2967 δε
743 2922 909 2966 ταῦτα
931 2910 991 2972 ἧν
1021 2920 1110 2966 καὶ
1145 2914 1417 2967 Κελϐιανὸν
1448 2914 1653 2986 Χλίαρά
1682 2933 1733 2965 τε
1760 2919 1848 2965 καὶ
1881 2917 2148 2987 Πέργαμος
2186 2917 2276 2964 καὶ
2304 2913 2370 2963 τά
2398 2910 2631 2982 πλαγίως
2660 2910 2942 2983 ἐγκείμενοι,
2984 2909 3227 2983 Μαγίδιά
3257 2932 3309 2965 τε
3338 2918 3427 2965 καὶ
3475 2913 3697 2985 Ὀψίκια

316 3002 452 3075 (18).
483 3007 717 3077 Ὺπῆρχε
740 3000 799 3057 δε
821 3009 911 3056 καὶ
932 3002 1055 3063 ἆλλη
1091 3010 1247 3077 χώρα
1272 3005 1320 3039 ⁸³
1350 3012 1423 3075 τῷ
1453 3002 1666 3076 βασιλεῖ
1695 2999 2004 3077 Θεοδωρῳξη
2036 3001 2136 3055 ἀπὸ
2166 3009 2256 3055 τοῦ
2285 2997 2559 3054 Λοπαδίου
2584 2998 3216 3075 ἀρχομένη,καιῐιροῦσαν
3238 3002 3699 3076 πέριλαμϐάνουσα

317 3097 410 3145 καὶ
438 3098 684 3147 Νίκαιαν.
710 3099 811 3147 Καὶ
842 3093 976 3147 οὕτω
1007 3098 1097 3167 μεν
1129 3092 1311 3157 ξυνέϐη
1339 3102 1413 3166 τῷ
1445 3092 1657 3167 βασιλεῖ
1681 3089 1939 3168 Θεοδώρῳ
1969 3095 2035 3145 τὰ
2064 3094 2352 3167 πράγματα
2376 3092 2445 3146 ⁸⁸.

395 3181 556 3246 ις’,Ὀ
593 3179 651 3235 δὲ
682 3182 943 3257 εἰρημένος
1007 3182 1191 3258 Ἐῤῥῆς
1233 3183 1371 3254 (19),
1442 3182 1485 3235 εἰ
1548 3186 1637 3234 καὶ
1693 3184 1929 3256 Φράγκος
1967 3184 2006 3241 C

318 3273 379 3323 16
423 3275 564 3343 γένος
656 3270 960 3344 ἐτύγχανεν,
1042 3271 1149 3324 ἀλλ’
1206 3268 1293 3325 οὖν
1354 3268 1459 3333 τοῖς
1512 3271 1786 3344 Ῥωμαίοις
1841 3277 1929 3325 καὶ

323 3358 585 3432 ἰθαγενέσι
648 3369 745 3423 τῆς
820 3367 1211 3414 Κωνσταντίνου
1292 3360 1595 3436 ἱλαρώτερον
1683 3365 1932 3433 προσεφέ-

318 3468 458 3525 ρετο,
491 3454 581 3502 καὶ
608 3449 828 3513 πολλοὺς
871 3447 985 3523 εἶχε
1020 3455 1141 3513 τοὺς
1196 3453 1287 3523 μεν
1344 3458 1453 3511 τοῖς
1512 3449 1754 3523 μεγάλοις
1805 3453 1931 3502 τού-

318 3557 411 3591 του
448 3544 901 3612 συντεταγμένους,
932 3546 1053 3602 τοὺς
1080 3537 1140 3593 δι
1178 3547 1286 3601 τοῖς
1338 3546 1701 3613 στρατιώταις,
1754 3544 1813 3592 16
1873 3536 1932 3593 δε

317 3630 492 3680 κοινὸν
536 3628 731 3689 πλῆθος
821 3630 886 3689 ὡς
948 3629 1132 3681 οἰκεῖον
1176 3630 1293 3701 (‘20)
1347 3636 1576 3703 περιεῖπε
1626 3628 1771 3686 λαόν.
1831 3634 1932 3681 Καὶ

317 3719 419 3791 γὰρ
492 3722 884 3792 περιγενόμενος
934 3727 1032 3770 τῶν
1100 3718 1397 3791 Ῥωμαϊκῶν
1458 3718 1653 3771 ἀστέων
1718 3725 1931 3771 Λεντια-

317 3815 416 3859 νῶν
447 3826 501 3860 τε
530 3813 620 3861 καὶ
652 3815 1003 3881 Ποιμανηνοῡ,
1036 3814 1127 3861 καὶ
1148 3805 1343 3884 ἄνδρας
1407 3813 1493 3861 τὸν
1542 3815 1702 3882 Ἀρην
1755 3813 1929 3861 πνέον-

315 3915 407 3958 τας
457 3902 548 3950 καὶ
622 3900 749 3972 ἔργά
836 3898 1015 3971 ψυχῆς
1089 3904 1322 3970 γενναίας
1396 3894 1784 3970 ἐνδειξαμένους
1864 3900 1931 3961 ὡς

322 3987 535 4061 ἕρμαιόν
573 4008 625 4040 τι
650 3984 862 4052 ἐδέξατο
903 3988 1142 4063 ἐφευρών.
1178 3989 1259 4043 Ἐν
1288 3990 1387 4065 γὰρ
1445 3992 1503 4041 τὸ
1561 3996 1661 4040 τῶν
1720 3993 1933 4041 Λεαντί-

324 4098 420 4130 νων
447 4078 579 4131 ἄστυ
624 4078 755 4131 ὥστε
806 4083 895 4131 καὶ
961 4084 1104 4137 σήτει
1170 4086 1346 4151 φαγεῖν
1411 4080 1773 4150 κατηάγκασεν
1818 4078 1931 4150 (21)

2115 3184 2197 3237 16.
2228 3180 2343 3238 Sed
2369 3180 2567 3236 Ericus
2592 3179 2728 3236 licet
2758 3179 2936 3237 Italus
2976 3196 3212 3251 genere,
3253 3184 3557 3239 Romanos
3608 3186 3697 3239 ta-

2041 3286 2176 3326 men
2210 3275 2265 3326 et
2292 3268 2643 3343 Byzantinos
2660 3268 2973 3339 indigenas
2986 3270 3279 3342 placidius
3306 3271 3698 3345 sedatiusque

2041 3359 2532 3433 amplectebatur,
2566 3363 2620 3415 et
2650 3375 2720 3414 ex
2746 3358 2859 3414 illis
2876 3359 3077 3433 plures
3097 3360 3249 3416 inter
3268 3361 3557 3435 primates
3580 3360 3698 3417 col-

2039 3448 2360 3521 locaverat,
2417 3448 2567 3505 alios
2624 3448 2777 3504 inter
2851 3448 3101 3505 militem
3179 3450 3700 3521 adnumeraverat,

2040 3538 2280 3611 plebem
2312 3554 2449 3594 vero
2480 3538 2661 3594 veluti
2712 3538 3025 3610 proprium
3083 3540 3378 3612 populum
3435 3539 3699 3597 fovebat.

2042 3629 2274 3685 Etenim
2304 3631 2589 3684 Romanis
2630 3626 2880 3683 urbibus
2916 3629 3211 3685 Lentianis
3238 3645 3307 3685 ac
3335 3632 3703 3687 Poemaneno

2042 3718 2465 3791 expugnantis,
2480 3717 2643 3773 viros
2656 3717 2717 3773 in
2741 3716 2854 3773 illis
2871 3720 3114 3774 Martem
3128 3719 3427 3791 spirantes
3457 3724 3513 3776 et
3533 3719 3706 3776 editis

2043 3808 2412 3864 facinoribus
2444 3807 2780 3877 singulares
2804 3812 3017 3879 praeter
3035 3824 3206 3880 spem
3222 3808 3498 3865 inventos
3522 3810 3581 3865 in
3611 3809 3708 3865 lu-

2042 3912 2143 3953 cro
2170 3896 2501 3969 deputavit.
2538 3897 2688 3951 Nam
2716 3895 3014 3951 Lentianis
3044 3912 3166 3953 non
3197 3897 3383 3953 modo
3420 3897 3705 3954 custodes

2045 4002 2341 4060 aquarum
2383 3985 2636 4058 penuria
2663 3983 2891 4054 afﬂixit,
2919 4001 3130 4041 verum
3153 3985 3400 4042 etfamis
3426 3986 3579 4043 adeo
3610 4002 3709 4043 ex-

2045 4076 2325 4133 cruciavit
2353 4081 2417 4131 ut
2447 4080 2754 4131 scutorum
2792 4091 2904 4131 nec
2959 4091 3083 4131 non
3142 4076 3491 4146 sagulorum
3522 4076 3708 4149 pelles

399 4203 451 4290 ac
475 4200 973 4291 βασιλέωςὶῐταλῶξ
990 4203 1303 4291 Ἰἶομπέρτρυ
1336 4199 1719 4291 ἁὸςελφήνκιςαὶ
1756 4206 1844 4254 τὸν
1890 4203 2020 4291 θεῖον
2202 4201 2391 4286 ιἘῤῥῆν
2453 4202 2479 4253 6
2531 4200 2844 4291 Ἐὸμπερτος
2894 4197 3372 4291 διεδέξατουτξολλὰ
3424 4184 3709 4291 ’ξωμαίοθυς

325 4276 455 4333 ἠττή
468 4270 652 4344 σαντα,
684 4276 914 4348 μάλιστα
940 4272 999 4328 δὲ
1030 4270 1083 4337 ἐξ
1112 4270 1188 4333 Βξ
1212 4276 1256 4309 ⁸¹
1288 4276 1403 4327 κατ’
1442 4270 1796 4335 ὲ-κωλὺοντος
1822 4290 1942 4330 om.
2089 4270 2135 4309 εξ
2158 4270 2330 4348 τὸμμέν
2356 4304 2427 4312 —
2455 4270 2772 4348 καθέστηκεν
2798 4288 2918 4329 om.
3039 4273 3094 4348 _'3
3124 4274 3189 4325 τά
3222 4270 3270 4325 δ’
3299 4270 3531 4327 ἐντεῦθεν
3558 4272 3706 4348 τάδε,

323 4342 651 4421 Νεόκαστρα,
684 4342 984 4421 Κελςιάνόν,
1013 4348 1217 4421 Χλὶαρά
1237 4367 1288 4399 τε
1314 4352 1404 4399 καὶ
1436 4351 1704 4421 Πᾳέργαμος
1738 4351 1827 4398 καὶ
1859 4345 2183 4421 πλαγίως
2209 4342 2483 4421 Δἐγκείμενα
2510 4342 2724 4421 Μαλδία
2762 4364 2815 4396 τε
2843 4350 2931 4421 καὶ,
2960 4343 3179 4415 Ὀψίκια
3217 4348 3362 4421 παρά
3408 4354 3500 4398 τοῦ
3552 4345 3711 4418 βασι·

324 4365 651 4421 Πεοκαστρα,
689 4365 984 4415 mmmam»,
1016 4365 1217 4421 λΑιαρα
1237 4367 1288 4399 τε
1314 4367 1404 4399 και
1437 4365 1704 4419 ιιεργαμος
1738 4367 1827 4398 και
1859 4366 1926 4397 τα
1952 4365 2183 4416 πλαγιως
2216 4365 2483 4416 εγκειμενα
2511 4365 2657 4396 multo
2671 4365 2724 4395 ια
2762 4365 2815 4396 τε
2843 4365 2931 4397 και
2976 4365 3179 4415 υψικια
3217 4365 3291 4397 πα
3330 4366 3348 4398 ο

324 4418 449 4481 λέως
480 4416 759 4493 Θεοδώρου
789 4416 1165 4480 δεσπὸςεσθαι.
1196 4418 1429 4495 ’Υπῆρχε
1461 4415 1519 4471 δι
1552 4421 1717 4491 τούτῳ
1746 4422 1835 4471 καὶ
1862 4416 1987 4475 ἄλλη
2016 4423 2174 4493 χώρα
2197 4418 2227 4475 ἡ
2264 4416 2330 4472 D.
2364 4418 2411 4452 “
2451 4421 2541 4469 καὶ
2568 4416 2702 4469 οὕτω
2731 4448 2799 4456 -
2820 4418 3108 4490 πράγματα
3138 4432 3254 4472 em.

1213 4561 1558 4630 Theodori
1608 4562 1860 4631 Dousa:
1909 4569 1975 4630 et
2020 4559 2275 4629 Leonis
2323 4558 2560 4628 Allatii
2610 4568 2814 4629 notae.

393 4724 713 4805 (ίϐὶμέχρι
742 4725 855 4805 καὶ-
877 4721 1039 4805 αυτοῦ
1088 4729 1180 4775 τοῦ
1210 4726 1573 4805 ’Νυμηφαίοψ
1627 4720 1935 4805 Multamde
1968 4724 2013 4777 D

319 4793 805 4868 expeditionibus
838 4795 1186 4851 Latinorum
1206 4794 1269 4851 in
1300 4793 1534 4852 Oriente
1556 4799 1762 4851 narrat
1788 4793 1937 4852 Cho-

318 4866 485 4925 niata
510 4868 572 4923 in
601 4866 916 4923 Balduino.
949 4870 1085 4922 ALL.

390 4940 506 5012 (l7)
563 4941 924 5012 Νεοκάστρὼν.
1011 4943 1186 4995 Anna
1274 4939 1602 5007 Comnena,
1664 4937 1768 4994 lib.
1822 4946 1932 4995 xiv.

316 5016 457 5068 ALL.

392 5086 503 5155 (18)
530 5078 761 5151 Μολδία,
804 5088 894 5135 καὶ
952 5081 1157 5155 ὀψίκια.
1184 5084 1271 5155 De
1337 5082 1619 5155 themate
1659 5082 1936 5155 Obsequii

317 5150 503 5222 supra
533 5150 816 5227 quaedam
848 5150 1155 5210 attulimus
1178 5154 1238 5209 in
1267 5155 1445 5225 notis,
1474 5150 1684 5207 Μολδία
1710 5150 1935 5209 videtur

315 5228 648 5283 Moldaz'frz.
675 5230 885 5283 Dousa.

385 5300 495 5374 (_l9_)
527 5298 730 5374 Ἐῥρῆς.
766 5297 1041 5374 Balduini
1083 5296 1263 5374 frater
1311 5302 1447 5374 post
1493 5302 1749 5374 mortem
1814 5297 1935 5353 Bal-

313 5370 483 5426 duini
514 5369 701 5426 tenuit
731 5376 788 5426 et
813 5370 1172 5440 gubernavit
1200 5369 1523 5442 imperium
1556 5369 1933 5442 Cpolitanum

312 5458 543 5499 annum
560 5458 746 5498 unum
761 5450 1067 5497 etmenses
1081 5441 1343 5514 quatuOr
1358 5441 1589 5514 absque
1603 5441 1933 5513 imperato-

309 5517 400 5570 rio
432 5514 601 5572 titulo
632 5533 644 5582 ;
677 5514 905 5570 nemini
936 5514 1118 5579 enim,
1150 5514 1230 5571 ita
1273 5514 1560 5570 referente
1615 5515 1833 5585 Niceta,
1868 5528 1929 5585 p.

309 5587 440 5656 847,
466 5586 859 5659 popularium
894 5602 1145 5659 suorum
1192 5586 1362 5659 regni
1394 5585 1932 5659 inaugurationem

312 5657 661 5715 condonare
692 5657 1147 5719 voluerunt.nisi
1201 5657 1472 5713 Balduini
1512 5663 1703 5714 morte
1731 5657 1932 5729 explo-

307 5731 636 5804 rata,quod
673 5746 1060 5804 summopere
1090 5729 1351 5788 laudans
1382 5730 1674 5788 Choniata
1706 5730 1766 5786 in
1786 5745 1930 5787 suos

310 5803 545 5862 Graecos
573 5803 895 5861 invehitur.
927 5807 1067 5859 ALL.

2119 4723 2242 4793 (20)?
2288 4724 2369 4793 T67
2416 4716 2474 4773 δε
2519 4791 2527 4793 ᾗ
2566 4724 2734 4773 κοινὸν
2784 4720 2977 4782 πλῆθος
3034 4724 3104 4784 ὡς
3183 4722 3395 4778 οἰκεῖον.

2045 4791 2203 4849 ωἱύε
2230 4792 2291 4847 in
2315 4791 2606 4848 Chronico
2636 4809 2648 4847 :

2188 4864 2317 4937 Μεθ’
2345 4866 2398 4916 ὃν
2420 4866 2689 4937 κατάρχει
2719 4868 2954 4916 Λατίνων
2982 4873 3081 4917 τῶν
3110 4865 3159 4937 ἐν
3195 4866 3339 4919 πόλει

2192 4935 2607 5011 βλῆσιν-Ἐρρῆς
2634 4940 2885 5011 σύναιμος
2924 4946 2989 4988 ῶν
3025 4935 3362 5007 Βαλδουῖνου,

2192 5008 2310 5066 Ἀνὴ
2318 5028 2346 5083 ρ
2380 5007 2573 5083 ἱλαρὸς,
2610 5007 2819 5081 εὐμενὴς
2838 5010 3121 5083 Δὑπηκόοις,

2217 5077 2355 5153 Πρὸς
2386 5077 2445 5132 δὲ
2465 5077 2767 5153 στρατηγὸς
2800 5080 3010 5153 εὐσθενη
3026 5104 3065 5147 ς,
3093 5081 3397 5153 τολμητίας,

2217 5100 2257 5133 ιι
2300 5100 2355 5142 ος
2386 5100 2445 5132 οε
2474 5100 2767 5153 στρατηγος
2800 5100 3010 5139 ευσυενη
3026 5104 3065 5147 ς,
3093 5100 3179 5133 16).
3225 5101 3302 5140 ητι

2193 5100 2509 5227 Ὀἕᾶρροπὸς
2539 5171 2592 5205 τε
2624 5156 2751 5228 πρὸς
2777 5155 2960 5228 μάχας
2988 5103 3302 5228 ἀντιπάλων,

2320 5221 2639 5300 στρατίώςας
2663 5221 2940 5296 γεννάδας,
2972 5226 3285 5300 ῥωμαλέους,

2188 5294 2437 5379 ςἘλλρνας
2475 5294 2683 5379 ἄνδρας
2703 5294 3140 5369 συντεταγμένους
3180 5294 3339 5371 οἰγων,

2187 5368 2481 5446 Ἐπίλεκτον
2515 5368 2757 5441 φάλαγγα
2786 5375 2875 5422 καὶ
2909 5368 3368 5446 νικηφόρον.Ἀι,ι.

2118 5442 2229 5511 (2i)
2298 5442 2379 5494 Ἐν
2460 5444 2557 5514 γὰρ
2623 5446 2679 5493 16
2738 5450 2837 5492 τῶν
2891 5442 3179 5495 Λεαντίνων
3225 5445 3358 5495 οἰστυ
3428 5442 3563 5496 ὥστε
3623 5446 3714 5497 καὶ

2047 5517 2194 5570 σήτει
2240 5519 2415 5588 φαγεῖν
2465 5514 2879 5582 κατηνάγκασεν.
2933 5516 3258 5588 corruptus
3318 5516 3509 5573 locus.
3572 5518 3716 5573 Sen-

2046 5601 2182 5660 sum
2209 5585 2695 5659 qualemcunque
2728 5585 3154 5660 expressimus.
3203 5588 3269 5643 1n
3327 5604 3449 5660 quo
3512 5593 3715 5644 tamen

2043 5657 2347 5732 nobismet
2366 5660 2511 5730 ipsm
2542 5657 2664 5713 non
2688 5657 3104 5715 satisfacimus.
3134 5657 3545 5732 Neque'etiam
3568 5662 3716 5717 ami-

2044 5728 2151 5787 cis.
2185 5728 2453 5805 Quorum
2482 5732 3211 5805 princepsDusarumque
3238 5728 3319 5788 ac
3386 5732 3715 5805 muliarum

2044 5817 2238 5871 amor,
2270 5802 2499 5861 Petrus’
2536 5802 2862 5861 Scriverius
2911 5802 3077 5861 aliud
3112 5802 3475 5878 'suspicatus
3532 5804 3715 5865 latere

3477 4721 3715 4795 Ephrae-
