4470 6452
743 464 884 520 1027

2006 459 2290 515 GEORGII
2327 459 2808 517 ACROPOLITAE.

3985 475 4124 527 i028

746 585 1064 642 comedere
1096 585 1398 657 compulsi
1430 585 1566 641 sint.
1593 586 1824 638 Murum
1877 581 2058 636 etiam
2115 582 2376 637 machini

2440 586 2484 637 Α
2522 603 2588 635 τα
2643 583 2745 636 ἀπὸ
2801 593 2900 636 τῶν
2952 582 3193 637 ἀσπίδων
3241 592 3330 639 καὶ
3387 584 3704 659 ἕφεστρίδων
3757 591 3948 660 αὐτῶν,
3999 593 4126 647 ἀλλά

744 675 1004 731 admotis
1029 674 1174 730 soelo
1205 673 1802 746 mquatum,ideoque
1827 675 1995 725 vaste
2026 686 2096 724 ac
2111 671 2409 743 profunde

741 763 1007 820 hiantem
1043 780 1198 818 unus
1233 768 1368 834 post
1395 763 1578 817 alium
1606 759 1883 816 incendio
1910 759 2073 827 ligna
2135 775 2410 830 superge-

744 867 882 908 rens
917 868 1023 924 per
1053 852 1457 924 quadraginta
1505 850 1633 904 dies
1678 847 2083 903 defenderent.
2143 847 2408 903 Tandem

740 940 889 996 urbe
905 940 1482 1012 perdomita,nullus
1508 954 1581 994 ex
1604 936 2020 993 defensoribus
2044 942 2256 1008 praeter
2282 952 2408 1005 ger-

738 1044 992 1084 manum
1019 1028 1403 1100 imperatoris
1442 1027 1710 1094 fratrem,
1742 1030 1798 1080 et
1827 1027 1932 1096 qui
1957 1025 2238 1080 exercitui
2259 1041 2407 1095 prae-

738 1123 864 1173 erat
897 1117 1352 1180 Dermocaitem,
1398 1120 1456 1171 et
1509 1114 1916 1183 Palaeologum
1969 1113 2404 1179 Andronicum,

738 1207 834 1264 cui
862 1209 1091 1263 lrenem
1114 1207 1303 1262 ﬁliam
1327 1207 1674 1277 imperator,
1695 1209 1758 1259 ut
1775 1208 1950 1259 antea
1971 1203 2253 1272 diximus,
2287 1208 2405 1260 col-

734 1296 1058 1362 locaverat,
1091 1295 1282 1368 pretio
1337 1295 1685 1366 redemptus
1750 1297 1858 1348 est.
1913 1292 2065 1356 Quin
2121 1292 2405 1348 omnibus

737 1386 940 1442 Ericus
971 1386 1033 1441 in
1057 1401 1248 1441 unum
1272 1383 1751 1440 convocatisetin
1773 1387 1999 1436 turmas
2031 1396 2101 1437 ac
2131 1382 2405 1437 cohortes

734 1474 1059 1546 dissipatis,
1092 1474 1350 1529 ducibus
1382 1473 1496 1544 32
1531 1488 1604 1526 ex
1630 1470 1844 1526 eodem
1876 1484 2091 1538 genere
2137 1470 2404 1540 assigna-

736 1563 829 1631 tis,
862 1563 1139 1619 omnium
1186 1561 1593 1634 principatum
1624 1558 2098 1630 Theophilopulo
2153 1559 2403 1630 Georgio

734 1652 1053 1719 commisit,
1087 1655 1140 1706 et
1166 1650 1547 1707 orientalium
1597 1648 1860 1720 partium
1908 1647 2248 1704 custodiam
2299 1647 2403 1702 de—

733 1741 1068 1798 mandavit.

808 1924 892 1975 l7.
927 1919 1050 1975 Sub
1079 1919 1194 1974 hoc
1228 1918 1496 1990 Byzantii
1526 1918 1861 1990 imperante
1890 1915 1969 1972 ad
2002 1915 2274 1985 reginam
2309 1931 2404 1971 ur-

729 2007 900 2064 bium
934 2023 970 2064 a
996 2023 1239 2064 summo
1277 2007 1558 2080 pontiﬁce
1589 2005 1812 2078 praesul
1843 2004 1978 2076 (ipsi
2007 2004 2270 2073 legatum
2314 2004 2404 2059 in-

731 2097 1005 2167 digitant)
1038 2097 1314 2166 Pelagius
1344 2097 1588 2151 nomine
1619 2110 1794 2167 papae
1824 2094 2254 2165 praerogativas
2278 2103 2403 2149 om'

729 2201 837 2244 nes
866 2186 1131 2243 referens
1183 2185 1835 2256 ablegaturmamque
1893 2183 2125 2239 calceos
2187 2183 2404 2239 rubros

2519 678 2609 724 καὶ
2634 680 2813 743 τεῖχος
2855 673 2914 724 οὐ
2978 671 3428 748 μικρόδιάστατον
3481 683 3594 736 ταῖς
3647 677 3906 732 ε’λεπόλεσι
3961 701 4123 734 κατα-

2518 765 2698 830 πεσόν,
2749 764 2880 832 μετὰ
2942 768 3200 834 μεγίστης
3245 771 3499 837 πυρκαϊᾶς
3550 770 3943 839 τεσσαράκοντα
3999 773 4122 842 ἡμε-

2517 869 2614 924 ρας
2662 849 2937 921 ἐφύλαττον
2978 859 3148 922 τοῦτο,
3208 850 3496 924 ἀμοιϐαδὸν
3547 863 3605 913 τῆ
3656 863 3891 929 πυρκαῑᾲ
3938 879 4123 931 προσεο

2517 942 2894 1012 πισωρεύοντες
2976 939 3121 1002 ξύλα.
3178 944 3534 1014 Κρατηθέντος
3594 951 3720 1014 γοῦν
3775 953 3868 996 τοῦ
3927 945 4124 1009 ἄστεως

2517 1024 2686 1087 οὐδεὶς
2715 1027 2768 1089 ἐξ
2807 1028 2975 1080 αὐτῶν
3005 1027 3316 1082 ἀπολέλυται
3347 1031 3389 1082 εἰ
3419 1036 3491 1103 μὴ
3533 1037 3682 1104 μόνος
3739 1035 3764 1084 6
3810 1042 3902 1086 τοῦ
3956 1034 4122 1108 βασι-

2515 1115 2634 1176 λέως
2664 1113 2985 1188 αὐτάδελφος
3032 1121 3122 1169 καὶ
3173 1119 3199 1169 6
3249 1118 3318 1180 εἰς
3373 1122 3601 1191 ἡγεμόνα
3653 1129 3746 1173 τοῦ
3807 1127 4124 1197 στρατεύμα-

2514 1224 2600 1266 τος
2657 1209 2964 1277 τεταγμένος
3017 1210 3366 1281 Δερμοκαῖτης
3421 1213 3510 1260 καὶ
3540 1211 3565 1260 6
3615 1210 3961 1284 Παλαιολόγος
4013 1214 4123 1267 ’Δν-

2516 1289 2776 1365 δρόνικος,
2820 1296 2984 1356 ὅν,ὡς
3037 1297 3062 1345 6
3103 1294 3254 1366 λόγος
3305 1299 3534 1368 πέφθακε
3591 1295 3853 1366 δηλῶσαι,
3910 1306 3998 1353 xxi
4053 1303 4124 1365 εἰς

2512 1387 2602 1440 τὴν
2620 1385 2880 1456 θυγατέρα
2905 1383 3067 1435 αὐτοῦ
3098 1384 3321 1457 Εἰρήνην
3342 1384 3578 1458 γαμϐρόν
3599 1388 3626 1438 6
3673 1386 3926 1458 βασιλεὺς
3955 1409 4119 1464 προσ-

2513 1471 2740 1528 ελάϐετο.
2771 1474 2970 1532 Πάντας
3018 1468 3076 1523 δὲ
3130 1476 3248 1533 τούς
3304 1473 3492 1535 ἄλλους
3556 1477 3582 1526 6
3637 1475 3822 1549 Ἐῤῥῆς
3879 1477 4120 1541 συλλεξά-

2511 1579 2654 1632 μενος
2685 1564 2928 1611 καὶκατὰ
2958 1561 3073 1620 ἴλας
3133 1562 3411 1632 συντάξας,
3482 1567 3571 1614 καὶ
3624 1565 3886 1635 ὁμογενεῖς
3943 1567 4120 1627 αὐτοῖς

2509 1645 2782 1723 παραδοὺς
2825 1651 3099 1720 ἡγεμόνας,
3155 1651 3428 1723 ὑπερέχειν
3479 1648 3538 1703 δὲ
3591 1654 3796 1704 πάντων
3849 1657 3936 1706 τόν
3991 1663 4118 1708 Θεο-

2511 1738 2822 1810 φιλοπουλον
2883 1745 2920 1790 Γ
2924 1744 3135 1811 εώργιον
3215 1742 3647 1813 παρασκευάσας,
3701 1749 3797 1801 τὴν
3840 1752 3940 1795 τῶν
3999 1743 4118 1798 ἀνα-

2511 1836 2724 1879 τολικῶν
2750 1835 2916 1901 μερῶν
2944 1827 3176 1898 φυλακὴν
3207 1827 3387 1889 αὐτοῖς
3413 1827 3761 1885 ἐνεπίστευσε.

2584 1915 2670 1976 ῖς.
2719 1918 2907 1968 Τουτοῖ
2942 1913 3000 1968 δὲ
3058 1916 3182 1968 τοῦ⁹
3403 1925 3499 1979 τῆς
3549 1924 3941 1974 Κωνσταντίνου
3998 1942 4120 1974 κατ-

2439 2023 2481 2076 B
2513 2003 2766 2079 ἀρχοντος
2827 2005 3090 2063 ἀπεστάλη
3163 2008 3307 2078 παρὰ
3380 2014 3472 2058 τοῦ
3569 2009 3763 2061 πάππα
3833 2015 3964 2085 πρὸς
4017 2016 4111 2068 τὴν

2513 2091 2779 2167 βασιλίδα
2829 2102 2929 2146 τῶν
2993 2093 3187 2146 πόλεων
3273 2096 3569 2169 ἀρχιερεὺς,
3646 2099 3699 2148 ὃν
3757 2103 3846 2150 καὶ
3900 2098 4119 2171 λεγάτον

2511 2183 2662 2236 αὐτοί
2688 2203 2838 2256 φασι,
2869 2183 3096 2256 τοῦνομα
3126 2183 3376 2256 Πελάγιον
3440 2188 3573 2256 (22),
3625 2185 3832 2240 ἅπαντα
3877 2191 3944 2240 τά
3983 2209 4117 2261 προ-

1622 2279 1962 2348 Theodori
2012 2281 2262 2347 Dousae
2312 2290 2377 2348 et
2426 2282 2674 2348 Leonis
2723 2280 2957 2346 Allatii
3009 2292 3212 2348 notae.

730 2390 1006 2447 adhibuit
1027 2389 1559 2445 familiarissimum
1582 2388 1688 2443 sibi
1720 2402 2228 2459 communemque
2251 2388 2398 2443 ami-

733 2478 873 2517 cum
908 2467 1182 2518 nostrum
1217 2459 1851 2532 DanielemHeinsium
1883 2478 1895 2526 ;
1927 2459 2220 2532 cui_viro_
2251 2459 2397 2532 quid

730 2534 968 2596 Graecas,
1000 2533 1148 2604 quid
1179 2533 1396 2587 Latinae
1420 2531 1702 2604 debeant
1753 2531 1978 2595 litterte,
2038 2529 2397 2586 limatissimi

729 2605 867 2676 ejus
886 2601 1104 2674 ingenii
1136 2602 1503 2676 immortales
1542 2601 1718 2676 foetus
1742 2617 2276 2676 “summorumq‘ue
2326 2617 2396 2676 ac

729 2672 1268 2731 eruditissimorum
1298 2674 1616 2729 hominum
1643 2674 1716 2727 de
1738 2672 1837 2728 illo
1863 2672 2089 2742 judicia
2154 2672 2394 2728 abunde

727 2751 1038 2824 testantur,
1067 2750 1124 2801 et
1149 2745 1361 2824 sentiet
1390 2743 1655 2824 maximo
1682 2760 1820 2799 cum
1855 2743 2262 2824 emolumento
2292 2760 2395 2824 po-

727 2818 982 2874 steritas.
1013 2820 1065 2871 ls
1096 2817 1441 2887 conjectura
1471 2832 1544 2871 ex
1574 2820 1843 2886 tempore
1873 2821 2056 2887 nata,_
2080 2819 2136 2870 et
2189 2815 2394 2871 divina

723 2904 976 2961 prorsus
993 2889 1099 2955 (ita
1119 2885 1395 2961 me'De‘us
1425 2889 1605 2961 amet)
1634 2885 2394 2961 divinationedepravatis-

728 2956 1342 3015 simumhunclocum
1364 2957 1949 3030 itainterpolandum
1967 2956 2118 3011 dixit
2143 2976 2154 3011 :
2183 2957 2262 3030 Ἐν
2289 2960 2390 3030 γὰρ

724 3039 797 3102 τῷ
871 3039 969 3083 τῶν
1047 3035 1333 3083 Λεαντίνων
1382 3031 1531 3081 οἷστει
1615 3025 1678 3081 οὐ
1739 3032 1890 3100 μόνον
1956 3030 2142 3090 σπάνις
2197 3025 2392 3091 ὕδατος

723 3099 846 3162 τοὺς
906 3101 1270 3175 φυλάσσοντας
1342 3099 1632 3175 ἐξέκαυσελ
1684 3099 1834 3175 λιμός
1907 3119 1981 3165 τε,
2029 3099 2159 3151 ὣστε
2207 3119 2390 3175 σκυ-το-

725 3168 923 3247 φαγείιί
963 3175 1359 3244 κατηνάγκασεν
1430 3171 1531 3224 ἀπό
1591 3168 1852 3247 ἀσπίδων
1914 3176 2004 3247 και
2071 3169 2389 3243 ἑφεστρίδων

725 3243 917 3301 αὐτῶν.
942 3247 1061 3300 Hoc
1115 3243 1222 3300 est.
1253 3261 1266 3299 :
1303 3245 1371 3298 In
1424 3244 1854 3300 Leontinorum
1897 3243 2116 3313 quippe
2170 3245 2389 3312 oppido

723 3316 891 3373 haud
906 3322 1141 3372 tantum
1164 3331 1333 3386 aquae
1341 3329 1457 3384 pen
1466 3316 1600 3371 uria
1614 3314 2021 3384 praesidiarios
2037 3314 2285 3384 urgebat
2318 3330 2390 3371 ac

716 3389 931 3459 fames,
955 3387 1102 3443 adeo
1125 3393 1189 3442 ut
1211 3389 1551 3457 clypeorum
1583 3394 1650 3459 et_
1666 3400 1948 3459 sagarum
1971 3386 2127 3440 cer-ia
2152 3387 2390 3459 mande-

720 3456 879 3528 rent,
916 3456 1119 3516 verum
1152 3456 1350 3526 etiam,
1394 3462 1529 3526 etc.,
1561 3456 1657 3512 vel
1687 3456 1764 3511 ad
1818 3456 2068 3511 verbum
2119 3457 2264 3512 adeo
2325 3463 2388 3512 ut

720 3531 946 3610 clgpeis
967 3546 1047 3610 ac
1067 3530 1226 3610 sagis
1257 3530 1422 3610 coria
1462 3529 1854 3610 manducare“
1906 3534 2277 3597 cogerentur.
2311 3531 2386 3584 De

720 3599 894 3658 cuius
919 3599 1188 3658 lectionis
1213 3601 1452 3655 veritate
1479 3616 1551 3656 ne
1583 3599 1789 3654 dubita
1816 3599 2028 3653 Douss.

825 3619 894 3657 us
919 3619 1188 3658 lectionis
1213 3619 1452 3655 veritate
1479 3619 1551 3656 ne
1583 3619 1789 3654 ouona
1816 3619 2028 3653 uouss.

791 3619 903 3744 322)
936 3673 1207 3744 ιιελάγιον.
1236 3672 1364 3744 Fuit
1413 3671 1508 3726 hic
1559 3670 1830 3744 Pelagius
1888 3669 2208 3744 episcopus
2259 3686 2385 3744 ca_r-_

720 3741 938 3800 dinalis
969 3741 1262 3812 Albanus,
1292 3742 1525 3810 legatus
1554 3742 1613 3797 in
1649 3742 1817 3813 Syria
1842 3745 1898 3795 et
1948 3743 2223 3812 Egypto,
2284 3741 2385 3796 ubi

717 3815 884 3895 obiit,
903 3815 1312 3895 sub'Honorio
1338 3815 1404 3895 l_Il
1427 3813 1640 3895 pontif.
1666 3812 1832 3895 Quom.
1863 3812 2175 3895 presbxter
2195 3813 2386 3895 cardi-

716 3882 875 3942 nalis
897 3886 1048 3942 tituli
1081 3886 1202 3940 sive
1242 3882 1504 3940 ecclesiae
1562 3887 1617 3941 S.
1679 3882 1977 3938 Praxedis.
2028 3882 2170 3938 Vide
2228 3885 2386 3939 Onu-

714 3957 895 4013 frium
925 3957 1239 4013 Paninium
1272 3963 1327 4011 et
1350 3955 1665 4011 Alfonsum
1697 3955 2044 4010 Ciaconium
2079 3954 2135 4008 in
2189 3955 2384 4024 ponti-

715 4029 900 4084 ﬁcum
931 4034 988 4084 et
1012 4027 1408 4084 cardinalium
1431 4027 1702 4082 historia.
1732 4025 1991 4081 Jacobus
2018 4025 2091 4080 de
2136 4027 2386 4082 Vitriaco

715 4101 1079 4155 Acconensis
1099 4101 1254 4154 circa
1281 4099 1380 4154 illa
1399 4105 1670 4170 tempora
1689 4099 2008 4170 episcopus
2042 4097 2101 4150 in
2134 4097 2387 4170 epistola

714 4171 791 4228 ad
815 4171 1209 4246 hotliaringos
1226 4172 1499 4246 suossde'
1526 4168 1807 4242 captione
1842 4168 2127 4246 pamiatze
2146 4168 2388 4246 ,‘Igitur

712 4243 887 4298 nonis
909 4243 1284 4307 Novembris,
1316 4240 1625 4298 Salva’tore
1665 4240 1876 4295 mundi
1914 4249 2225 4309 regnante,
2287 4242 2387 4296 do-

712 4315 874 4370 mino
901 4316 1078 4370 Petro
1103 4314 1437 4370 Albanensi
1462 4314 1732 4381 episcopo
1763 4312 2108 4381 apostolicae
2128 4313 2281 4367 sedis
2311 4315 2388 4368 le-

711 4393 854 4457 gato
883 4387 1224 4441 solemniter
1252 4385 1556 4455 vigilante,
1591 4400 1752 4440 anno
1783 4383 1999 4457 gratiae
2033 4387 2166 4438 1219
2207 4391 2385 4457 capta

712 4456 798 4514 est
839 4458 1140 4513 Damiata.
1171 4460 1405 4511 Petrum
1439 4457 1598 4511 hunc
1621 4456 1904 4511 eumdem
1954 4470 2091 4509 cum
2151 4456 2385 4524 Pelagio

713 4528 952 4585 credere
973 4529 1119 4585 quid
1142 4529 1342 4583 vetat?
1373 4531 1460 4582 An
1495 4543 1615 4582 non
1661 4532 1716 4582 et
1748 4527 1830 4582 sic
1880 4526 2335 4582 rescribendum
2357 4527 2385 4582 ?

711 4599 930 4672 Pelagii
956 4597 1312 4655 Albanensis
1334 4601 1601 4672 episcopi
1629 4615 1698 4672 ac
1720 4598 1914 4672 legati
1939 4597 2153 4672 diserte
2178 4601 2382 4672 memi-

710 4671 798 4728 nit
826 4668 885 4726 iﬁ
918 4672 1129 4726 eadem
1156 4668 1402 4726 historia
1433 4668 1723 4726 Oliverius
1755 4668 2145 4724 scholasticus
2209 4670 2379 4726 Colo-

709 4742 939 4815 niensis
971 4743 1140 4815 epist.
1177 4742 1254 4815 ad
1283 4741 1702 4815 Engelbertum
1757 4741 2105 4815 archiepise.
2174 4741 2377 4815 colon.

713 4819 771 4870 et
797 4811 1082 4871 Matheeiis
1105 4814 1263 4869 Paris
1297 4812 1524 4882 Anglus
1554 4813 1615 4867 in
1647 4811 1896 4868 historia
1928 4811 2151 4883 majore
2174 4813 2249 4868 ad
2272 4829 2378 4868 an-

709 4901 858 4942 num
896 4891 1050 4941 l2l9.
1085 4884 1318 4957 Aliique
1343 4885 1660 4956 scriptores
1681 4883 2079 4950 consentiunt,
2109 4956 2113 4957 ί
2139 4890 2258 4957 tam
2285 4901 2380 4941 ve-

708 4961 861 5030 teres
881 4973 1060 5030 quam
1074 4956 1378 5030 recentes;
1435 4972 1506 5011 ex
1525 4971 1778 5030 quorum
1794 4970 2043 5030 numero
2062 4956 2380 5030 videantur

706 5025 928 5086 Paulus
953 5029 1240 5094 Emilius,
1275 5029 1505 5084 Hister.
1544 5025 1793 5084 'Gallor.
1833 5025 1937 5082 lib.
1969 5043 2046 5088 vr,
2099 5032 2154 5083 et
2209 5027 2377 5084 Ubbo

707 5101 1001 5165 Emmius,
1034 5102 1170 5156 lter.
1201 5099 1482 5156 Frisicar.
1517 5098 1618 5154 lib.
1653 5115 1772 5165 vni,
1807 5103 2072 5171 recentes
2130 5099 2375 5171 quidem

706 5172 891 5228 ambo
933 5171 1038 5227 sed
1069 5171 1371 5241 elegantes
1401 5176 1459 5226 et
1489 5171 1752 5226 accurati
1785 5170 2126 5241 scriptores.
2150 5170 2375 5227 ’Verum

709 5243 880 5300 Ubbo
910 5249 1108 5299 noster
1137 5245 1370 5299 variare
1424 5246 1697 5298 auctores
1745 5242 1804 5296 in
1858 5242 2148 5313 pontiﬁcii
2197 5242 2374 5313 legati

705 5317 952 5372 nomine
977 5316 1245 5378 adnotat,
1262 5314 1563 5386 quosdam
1588 5313 1919 5386 Pelagium,
1945 5314 2247 5386 quosdam
2271 5317 2375 5370 Co-

704 5387 981 5444 lumnam
1013 5384 1369 5457 ingerentes,
1427 5385 1711 5452 Blondus,
1764 5384 1989 5442 Histor.
2048 5384 2260 5440 decad.
2310 5389 2373 5454 Il,

702 5459 805 5516 lib.
840 5473 954 5529 vn;
986 5459 1310 5520 Bonfinius,
1345 5460 1481 5513 Rer.
1523 5458 1755 5528 Ungar.
1799 5457 2008 5512 decad.
2043 5457 2210 5522 ll,lib
2271 5474 2373 5519 vn.

704 5536 762 5588 et
788 5531 883 5586 alii
907 5530 1274 5587 cardinalem
1306 5529 1662 5585 Columnam
1694 5529 1789 5584 hic
1849 5533 2208 5597 agnoscunt.
2270 5532 2376 5586 Cu-

703 5603 1022 5676 spinianus
1053 5603 1367 5676 (Platinam
1399 5601 1484 5676 in_
1526 5602 1650 5676 _Vita
1693 5601 1931 5676 Honorii
1991 5600 2058 5656 Ill
2100 5603 2372 5676 secutus)

701 5672 786 5742 in)
811 5677 978 5731 Petro
1013 5673 1489 5746 Antisiodorensi
1524 5673 1670 5746 imp.
1703 5672 2013 5745 Cpolitano
2044 5691 2059 5746 :7
2089 5673 2194 5728 Est
2249 5679 2374 5729 tum

701 5748 963 5804 Joannes
994 5746 1327 5803 cardinalis
1349 5745 1419 5800 de
1441 5744 1734 5800 Columno
1751 5744 1990 5816 legatus
2025 5745 2372 5801 declaratus

662 5826 665 5827 ⁷
698 5819 799 5905 (ab
822 5819 1092 5879 Honorio
1121 5818 1425 5894 pontiics)
1455 5817 1537 5876 ad
1557 5817 1721 5875 Aria
1755 5832 1849 5876 res
1922 5817 2368 5892 reformandas,

2506 2403 2637 2443 cum
2651 2387 2830 2460 copiis
2863 2388 2938 2443 ab
2949 2388 3290 2460 Innocentio
3314 2389 3610 2446 excitatis.
3621 2391 3698 2445 De
3713 2389 3953 2460 Pelagio
3966 2407 4086 2448 ano
4099 2409 4120 2420 ·

2504 2475 2726 2531 nymus
2749 2459 3028 2531 Historiae
3058 2459 3367 2531 orientalis
3390 2468 3444 2515 et
3475 2461 3682 2529 Capta
3708 2459 4004 2518 Damiatz
4026 2480 4115 2519 sc-

2503 2530 2689 2604 riptor
2717 2530 2882 2601 apud
2904 2531 3166 2585 Vincent.
3190 2530 3630 2604 _Bellovacens.,
3654 2532 3830 2604 ,Spec.
3860 2535 4109 2593 Hister»

2501 2601 2959 2670 1ib.xxxn,t38:
3029 2602 3304 2658 Damiata
3363 2603 3568 2658 multis
3642 2601 3949 2661 laboribus
4016 2623 4112 2662 ca-

2499 2679 2605 2741 pta
2631 2677 2684 2728 et
2719 2688 2827 2741 per
2847 2688 3072 2728 annum
3105 2674 3198 2729 vel
3229 2673 3490 2740 amplius
3509 2689 3545 2729 a
3576 2675 3803 2730 nostuis
3823 2691 4109 2744 possessa,

2498 2744 2873 2817 postmodum
2901 2745 3143 2817 Pelagio
3175 2745 3484 2801 cardinali
3521 2749 3574 2801 et
3607 2747 3798 2816 legato
3835 2749 4109 2817 Templa-

2500 2816 2607 2870 riis
2629 2822 2680 2871 et
2718 2816 3149 2883 Hospitalariis
3179 2823 3414 2887 totoque
3442 2817 3707 2872 exercitu
3738 2816 4111 2875 Christiano-

2499 2903 2634 2962 rum
2656 2895 2900 2962 excepto
2915 2902 3052 2962 rege
3070 2887 3447 2962 Hierusalem
3466 2889 3830 2962 Joan_ne,qui
3842 2890 3913 2945 ob
3930 2906 4110 2962 quam

2498 2959 2635 3031 (tam
2691 2958 3051 3031 discordiam
3094 2958 3256 3031 inter
3286 2959 3490 3031 ipsum
3513 2965 3567 3015 et
3607 2958 3856 3031 legatum
3888 2958 4109 3018 motam

2497 3029 2571 3084 ab
2611 3029 2877 3084 exercitu
2912 3030 3168 3088 recessit.
3201 3045 3239 3085 a
3267 3029 3533 3085 Soldano
3559 3029 3672 3099 per
3705 3031 4109 3101 infortunium

2497 3101 2688 3168 captis
2706 3107 2758 3155 et
2773 3102 3043 3169 graviter
3059 3101 3316 3170 aﬁlictis,
3331 3102 3567 3172 reddita
3582 3109 3664 3158 est
3675 3103 3956 3172 paganis.
3985 3105 4108 3159 Dis-

2496 3172 2712 3226 cordiie
2742 3171 2923 3242 hujus
2947 3172 3214 3226 fomitem
3239 3187 3315 3227 an
3340 3171 3572 3239 fortem,
3597 3173 3710 3228 nisi
3729 3171 3919 3243 fallor,
3965 3175 4108 3231 satis

2494 3243 2720 3317 liquere
2739 3244 3016 3317 existimo
3029 3260 3099 3298 ex
3117 3243 3363 3298 historia
3382 3243 3544 3299 Pauli
3561 3244 3796 3317 Emilii,
3817 3261 4001 3317 quem
4022 3247 4106 3301 vi-

2494 3313 2718 3369 deloco
2734 3330 2913 3381 supra
2932 3315 3108 3370 citato
3131 3333 3142 3381 ;
3160 3320 3215 3369 et
3229 3329 3299 3369 ex
3316 3330 3386 3368 eo
3405 3317 3596 3381 Meyer
3609 3315 3686 3371 ad
3705 3331 3824 3371 ann
3835 3313 3928 3371 um
3942 3321 4072 3374 i22l
4091 3359 4103 3371 .

2499 3388 2684 3461 pOUSA
2697 3385 3071 3461 .—-_P_elagius
3084 3385 3402 3461 cardinalis
3417 3385 3772 3461 Albanensis
3786 3388 4107 3461 episcopus

2428 3430 2466 3483 Ο
2495 3430 3178 3536 legatusablnngcentio
3213 3457 3281 3536 lll_
3308 3430 4105 3536 Δ(ξροιὶἶιηξῖιὶῐζῖξιιιξνξζίίῖῑῖλῗῐῖεῐ

2495 3529 2918 3611 auctoritatem
2928 3533 3207 3611 structus,
3224 3531 3557 3611 utGraacos,
3576 3530 3920 3611 qui‘liatinis
3933 3546 4104 3611 pare-

2493 3598 2705 3669 bant,a
2729 3599 3048 3655 schismate
3073 3599 3397 3673 abduceret
3419 3598 3697 3673 atque—ad
3717 3598 4001 3673 Ecclesia
4030 3603 4107 3658 si-

2495 3685 2641 3724 num
2690 3676 3016 3726 revocaret.
3038 3671 3370 3726 Narrathoc
3384 3671 3542 3726 idem
3559 3671 3904 3741 Sabellicus,
3920 3675 4108 3728 Eune-

2497 3741 2607 3814 ad.
2630 3741 2827 3814 lx,lib.
2845 3759 2878 3796 v
2905 3760 2916 3796 :
2938 3743 3235 3798 Henricus
3251 3742 3581 3810 imperator
3605 3743 3966 3800 Christianae
3983 3746 4107 3814 pie-

2496 3813 2636 3867 tatis
2664 3813 3216 3868 observantissimus
3243 3829 3304 3869 se
3332 3814 3673 3877 adiutorem
3709 3816 3964 3884 prabuit
3984 3813 4107 3873 Ἠο-

2493 3885 2661 3956 mani
2677 3885 2996 3953 pontiﬁcis,
3020 3886 3212 3954 legato
3225 3886 3305 3940 ad
3319 3886 3426 3940 hoc
3440 3886 3799 3956 Byzantium
3815 3887 4010 3952 misso,
4036 3894 4103 3944 ut

2497 3955 2731 4011 Graecos
2752 3956 3046 4026 subigeret
3061 3957 3140 4011 ad
3164 3958 3447 4012 Romana:
3475 3955 3754 4014 Ecclesiae
3773 3958 3954 4013 ritum
3977 3975 4102 4014 sus-

2494 4027 2852 4099 cipiendum.
2901 4029 3006 4082 Via:
3026 4043 3094 4083 ea
3116 4043 3207 4083 res
3235 4029 3460 4083 moveri
3499 4034 3690 4097 erepta
3719 4036 3820 4099 est,
3856 4046 3991 4086 cum
4020 4047 4103 4087 se-

2495 4098 2641 4153 ditio
2673 4102 2881 4168 ingens
2912 4099 3207 4155 civitatem
3239 4099 3479 4159 invasit.
3512 4102 3730 4156 Gracis
3769 4098 4098 4158 reclaman-

2495 4169 2650 4223 tibus
2675 4170 3058 4238 imperatoris
3080 4171 3340 4240 ofﬁcium
3371 4187 3491 4227 esse
3512 4187 3683 4228 arma
3712 4188 3947 4242 curare,
3975 4190 4098 4229 non

2493 4256 2702 4306 sacra;
2737 4242 2881 4314 satis
2901 4257 3196 4310 superque
3225 4260 3257 4295 a
3277 4258 3334 4298 se
3356 4243 3586 4311 datum,
3611 4245 3713 4314 qui
3737 4259 3905 4299 suam
3935 4247 4101 4312 passi

2494 4321 2680 4368 essent
2704 4313 3030 4368 Ecclesiam
3063 4315 3343 4369 Romanae
3372 4313 3698 4384 subjectum
3727 4317 4094 4372 renuntiari.

2493 4384 2789 4440 Henricus
2807 4386 3032 4440 relictis
3046 4401 3176 4440 cum
3196 4401 3304 4441 sua
3315 4387 3650 4454 pertinacia
3670 4388 3890 4443 Graecis
3903 4389 3984 4443 ad
3997 4389 4074 4443 im
4086 4418 4100 4427 -

2493 4456 2646 4523 perii
2683 4457 3161 4512 constitutionem
3217 4459 3603 4512 convertitur.
3647 4458 3711 4512 Id
3740 4464 3942 4513 tamen
3975 4475 4099 4514 non

2495 4529 2836 4602 Graecorum
2858 4528 3228 4602 pertinacia,
3261 4528 3365 4602 sed
3394 4528 3572 4602 legati
3608 4529 4016 4602 imprudentia
4044 4536 4101 4586 et

2492 4598 2757 4673 nimioin
2791 4598 2970 4654 rebus
2993 4599 3400 4673 exsequendis
3421 4600 3664 4673 ardore,
3686 4598 3882 4673 colligi
3906 4607 4102 4673 potest

2454 4689 2459 4696 ·
2492 4686 2564 4725 ex
2594 4670 2723 4743 aliis
2758 4686 3001 4743 quoque
3031 4670 3284 4740 hujusce
3313 4670 3528 4741 Pelagii
3554 4670 3924 4743 actionibus:
3948 4675 4103 4728 Nam

2419 4785 2461 4841 υ
2491 4742 2763 4813 plerique
2791 4742 3009 4824 omnes,
3043 4747 3108 4798 ut
3138 4742 3726 4825 narrat'Spondanus
3749 4758 3910 4825 anno
3940 4745 4095 4810 1221,

2493 4829 2659 4869 num.
2701 4815 2783 4871 19.
2828 4815 3123 4870 οαηηαῑεε
3157 4829 3490 4869 omissionis
3539 4813 3784 4871 dedecus
3818 4830 3882 4868 in
3930 4815 4095 4870 Pela-

2490 4886 2654 4955 gium
2701 4885 3000 4954 rejiciunt,
3046 4885 3148 4957 qui
3186 4891 3400 4941 contra
3429 4886 3691 4942 omnium
3741 4886 4097 4942 militarium

2491 4957 2709 5013 ducum
2740 4959 3112 5023 sententiam,
3128 4957 3254 5027 ipse
3272 4972 3477 5013 earum
3500 4973 3703 5013 rerum
3720 4957 4096 5026 inexpertus,

2491 5029 2854 5085 alienissimo
2886 5034 3146 5098 tempore
3171 5029 3228 5085 vi
3258 5044 3649 5085 censurarum
3676 5029 3962 5085 adversus
3979 5030 4099 5084 sul-

2492 5105 2694 5155 tanum
2725 5107 2927 5156 castra
2957 5115 3192 5156 movere
3213 5100 3552 5158 inconsulte
3573 5101 3848 5170 coegerit,
3879 5107 3934 5156 et
3962 5106 4098 5157 tan-

2491 5177 2613 5227 tum
2643 5188 2762 5227 non
2790 5172 3191 5244 ignavissima?
3216 5172 3394 5228 morti
3415 5174 3507 5228 rel
3530 5158 3882 5244 turpissimi?
3918 5173 4097 5244 servi-

2491 5244 2606 5298 tuti
2657 5243 3143 5314 ﬂorentissimum
3210 5243 3693 5300 Christianorum
3771 5243 4097 5300 exercitum

2487 5315 2787 5384 objecerit,
2808 5331 2922 5386 quo
2957 5315 3048 5370 vel
3085 5321 3210 5370 tum
3233 5316 3573 5372 universam
3605 5316 3843 5387 Syriam
3867 5322 3920 5372 et
3947 5331 4098 5371 com-

2487 5387 2741 5442 modiori
2780 5393 3043 5456 tempore
3084 5387 3260 5443 etiam
3302 5390 3617 5457 [Egi/ptum
3647 5395 3699 5443 et
3732 5388 4096 5458 Babylonem

2490 5464 2788 5530 totumque
2808 5459 3104 5515 Orientem
3127 5459 3453 5529 subjugare
3470 5459 3839 5530 facillimam
3858 5459 4095 5527 fuisset.

2487 5533 2602 5586 Nec
2641 5529 2842 5586 minus
2883 5531 2996 5586 hac
3041 5547 3150 5586 sua
3177 5530 3469 5599 legatione
3509 5531 3785 5602 asperius
3820 5529 4094 5585 functum

2488 5603 3205 5682 fuiss_e,_adeoque_neq1_ie
3229 5602 3406 5682 ap_ud_
3423 5602 3868 5682 imperatorem.
3894 5617 4094 5682 neque

2486 5675 2649 5748 apud
2672 5673 2907 5730 Graecos
2929 5673 3156 5746 aliquid
3187 5673 3880 5747 profecisse’traditidem
3901 5673 4094 5748 Spen-

2485 5745 2682 5804 danus
2705 5762 2866 5804 anno
2897 5745 3227 5803 l2l3’num’.
3259 5748 3348 5818 24,
3379 5748 3519 5805 ALL.
