4470 6452
310 406 446 460 1033

1800 399 2141 455 ANNALES.

3531 404 3550 457 1
3563 401 3670 461 034

306 526 435 597 ύπὶρ
468 524 700 583 ὀκτάετες
739 523 801 580 ἦν
831 523 1039 579 ἡνίκαό
1073 521 1323 595 βασιλεὺς
1378 528 1467 574 καὶ
1529 526 1695 595 πατὴρ
1747 522 1908 576 αὑτοῦ
1943 528 1987 580 Α
2021 528 2071 579 li:

1906 551 1908 563 ι
1943 528 1987 580 Α
2021 527 2348 596 lmperator
2374 524 2720 580 Theodorus
2762 525 3026 582 Lascaris
3075 540 3267 582 annos
3315 523 3584 597 quinque
3614 525 3671 581 et

308 612 593 671 ἐτεθνήκει.
631 615 727 665 Διά
754 631 821 663 πο
855 610 1085 684 ἀμοιρεῖν
1132 620 1256 683 γοῦν
1333 613 1486 664 αὑτὸν
1541 612 1747 685 άρῥενος
1801 613 1910 671 ἐνή-

310 702 405 755 ϐου
428 704 637 773 γονῆςό
682 700 765 753 ἐπὶ
791 710 853 759 τῆ
890 703 1112 774 θυγατρὶ
1156 700 1390 775 γαμϐρὸς
1456 701 1615 753 αὑτοῦ
1663 710 1757 762 τῆς
1817 702 1911 774 βα-

314 792 510 853 σιλείας
573 790 898 863 κληρονομεῖ.
941 790 1036 842 Ἦν
1089 787 1145 842 δὲ
1199 793 1224 842 6
1293 790 1542 862 βασιλεύς
1592 788 1913 864 Θεόδωροςό

317 884 607 954 Λάσκαρις,
651 881 804 931 ὁπότε
857 882 915 930 τὸ
963 879 1099 939 τέλος
1152 882 1279 950 ἔσχε
1339 886 1430 931 τοῦ
1477 877 1621 950 βίου,
1675 889 1773 931 τῶν
1827 883 1915 952 μεν

311 971 702 1041 τεσσαράκοντα
760 970 907 1020 πέντε
991 966 1113 1020 ἑτῶν
1165 970 1478 1042 ὑπερέκεινα,
1561 968 1776 1021 ἐλάττων
1858 966 1916 1021 δὲ

310 1066 412 1110 τῶν
442 1062 777 1123 πεντήκοντα,
813 1054 1131 1128 βασιλεύσας
1160 1054 1215 1107 ἐκ
1272 1060 1467 1109 τούτων
1526 1058 1612 1114 ἔτη
1686 1056 1750 1114 ιη’
1780 1062 1914 1127 (30).

312 1146 412 1199 Ἦν
439 1143 499 1199 δε
527 1150 585 1197 τὸ
651 1154 804 1217 σῶμα
853 1148 1060 1217 μικρός,
1124 1146 1216 1197 ούκ
1256 1145 1387 1217 ἆγαν
1444 1142 1521 1215 δε,
1591 1146 1920 1219 μελάγχρους

313 1233 392 1306 ἐφ’
423 1236 614 1301 ἱκανὸν,
671 1235 970 1305 καθειμένον
1024 1236 1160 1304 ἔχων
1212 1236 1270 1285 τὸ
1322 1237 1512 1304 γένειον
1563 1240 1653 1286 καὶ
1696 1239 1808 1306 περὶ
1860 1236 1918 1285 τὸ

314 1324 475 1389 ἄκρον
533 1322 869 1394 σχιζόμενον,
957 1321 1034 1373 ἐπ’
1096 1321 1267 1393 ὀλίγον
1340 1322 1730 1394 ἑτερόφθαλμος,
1795 1327 1920 1397 πρὸς

315 1431 407 1473 τας
438 1414 621 1483 μάχας
647 1411 784 1480 ὀξὺς,
833 1412 999 1483 θυμοῦ
1054 1430 1107 1463 τε
1154 1412 1265 1482 (51)
1308 1416 1396 1462 καὶ
1445 1409 1765 1484 ἀφροδισίων
1833 1413 1921 1469 ἠτ-

314 1506 563 1572 τώμενος,
636 1499 1045 1573 ἐλευθεριώτερος
1102 1498 1151 1550 ἐν
1222 1508 1333 1559 ταῖς
1400 1496 1641 1572 δωρεαῖς·
1691 1502 1762 1559 οἷς
1818 1503 1917 1572 γὰρ

317 1590 380 1640 οἶν
412 1586 680 1660 βούλοιτο,
710 1588 841 1641 πολύ
871 1592 929 1639 τὸ
972 1593 1199 1661 χρυσίον
1265 1585 1495 1652 ἐδίδοτο,
1538 1591 1606 1649 ως
1637 1588 1685 1640 ἐν
1741 1588 1921 1661 ἀκαρεῖ

315 1680 534 1738 τούτους
588 1677 844 1730 πλουτεῖν.
913 1677 1345 1749 Τεταλαιπώρηκε
1422 1674 1479 1729 δε
1544 1677 1824 1748 πάμπολλα
1871 1677 1918 1729 ἐν

315 1773 434 1827 ταῖς
459 1769 663 1837 μάχαις
695 1773 808 1826 ταῖς
832 1784 885 1817 τε
914 1768 1044 1837 πρὸς
1090 1765 1315 1826 Ἰταλούς
1370 1770 1459 1816 καὶ
1519 1770 1635 1825 τοὺς
1696 1770 1917 1839 Πέρσας.

1872 1854 1896 1869 ν

2019 614 2419 685 quadraginta
2441 618 2497 669 et
2512 614 2791 686 amplius,
2815 616 3009 671 minor
3031 615 3470 688 quinquaginta
3490 617 3672 670 natus

2021 704 2289 771 excessit,
2321 720 2351 759 e
2382 703 2520 771 vita,
2549 703 2757 760 decem
2781 711 2836 761 et
2866 709 3000 761 octo
3045 705 3331 775 regnavit,
3394 719 3670 776 corpore,

2024 791 2127 846 sed
2158 806 2280 846 non
2315 792 2590 858 nimium,
2640 793 2917 864 pusillus,
2985 794 3291 849 moderate
3341 792 3671 863 nigricante

2024 880 2325 952 promissa
2344 880 2556 949 barba,
2598 882 2704 938 sed
2726 898 2860 955 quae
2891 884 2952 939 in
2976 882 3255 939 extremis
3278 881 3669 953 scinderetur,

2024 970 2225 1034 variis,
2257 970 2361 1025 sed
2387 986 2734 1043 parumper,
2774 973 2981 1041 oculis,
3032 988 3301 1045 prmeeps
3353 973 3413 1029 in
3439 971 3671 1045 praelia,

2026 1059 2127 1116 iraa
2161 1076 2231 1115 ac
2258 1061 2496 1116 Veneris
2529 1062 2868 1133 impatiens,
2916 1064 2977 1119 in
3029 1064 3381 1120 muneribus
3430 1061 3674 1119 muniﬁ-

2028 1150 2255 1205 centior
2291 1168 2303 1204 :
2336 1150 2560 1221 quibus
2588 1152 2749 1208 enim
2786 1152 2867 1208 illi
2896 1152 3247 1210 collubitum
3276 1156 3421 1220 erat,
3459 1153 3679 1224 ingens

2030 1237 2155 1292 auri
2188 1237 2277 1293 vis
2307 1238 2668 1307 donabatur,
2697 1245 2762 1297 ut
2790 1242 2993 1298 statim
3023 1242 3290 1314 opulenti
3334 1242 3677 1299 evaderent.

2028 1326 2246 1395 Pugnis
2312 1327 2600 1384 adversus
2647 1330 2822 1386 ltalos
2864 1335 2921 1387 et
2969 1330 3180 1387 Persas
3221 1331 3679 1404 quammaxime

2028 1414 2423 1481 conflictatus,
2472 1418 2670 1489 prima
2723 1424 2925 1475 tamen
2977 1421 3230 1476 Romani
3286 1419 3520 1491 imperii
3547 1419 3680 1492 ipse

2028 1502 2604 1576 fundamentajecit,
2654 1508 2747 1563 cui
2801 1524 2837 1564 a
2888 1510 3169 1565 Romanis
3221 1508 3679 1581 quammaxime

2031 1592 2145 1663 35
2180 1594 2381 1661 gratias
2422 1596 2715 1652 habendae
2748 1602 2902 1653 sunt.
2953 1598 3231 1670 Sepultus
3271 1598 3379 1653 fuit
3414 1598 3477 1653 in
3528 1600 3679 1670 Hya-

2030 1681 2210 1735 cinthi
2228 1686 2610 1751 monasterio,
2633 1686 2730 1741 ubi
2753 1691 2807 1742 et
2833 1686 3413 1759 imperatorAIexius
3443 1688 3679 1759 positus

2029 1766 2221 1825 fuerat
2247 1776 2302 1826 et
2332 1771 2680 1844 imperatrix
2707 1782 2877 1831 Anna
2909 1776 3154 1831 thalami
3186 1792 3455 1832 consors.

314 1855 491 1926 Ἀρχὴ
516 1862 639 1925 γοῦν
670 1849 813 1914 οὗτος
844 1852 1063 1925 ἐγεγόνει
1090 1862 1183 1914 τῆς
1213 1863 1311 1904 τῶν
1336 1853 1599 1925 Ῥωμαίων
1632 1852 1827 1928 ἀρχῆς,
1941 1860 2030 1907 καὶ
2058 1857 2245 1915 πολλὴν
2277 1863 2438 1935 χάριν
2469 1862 2633 1932 ὄφλειν
2673 1871 2781 1923 τοῖς
2806 1863 3081 1936 Ῥωμαίοις
3106 1864 3239 1917 πάνυ
3272 1861 3387 1916 δέον
3414 1866 3682 1925 καθέστη-

315 1946 420 1997 κέν.
451 1945 707 2001 Κατετέθη
743 1940 801 1995 δὲ
828 1945 853 1995 6
880 1947 1057 2015 νεκρὸς
1089 1943 1249 1995 αὐτοῦ
1281 1942 1329 1994 ἐν
1352 1951 1413 2001 τῆ
1448 1951 1539 1995 τοῦ
1575 1944 1843 1996 Ὑακίνθου
1874 1953 2028 2017 μονῆ,
2064 1949 2184 1999 ἔνθα
2211 1954 2300 2001 καὶ
2337 1952 2361 2001 6
2422 1950 2669 2023 βασιλεὺς
2734 1953 2959 2017 Ἀλέξιος
3010 1956 3263 2007 τέθαπται
3287 1959 3377 2007 καὶ
3410 1955 3440 2014 ἠ
3472 1952 3686 2028 βασιλὶς

309 2042 478 2117 .”Αννα
508 2044 537 2100 ἡ
572 2045 761 2095 τούτου
795 2042 1047 2112 σύζυγος.

390 2130 474 2186 ιθ’.
508 2134 687 2192 Καθὼς
724 2139 849 2202 γοῦν
906 2131 1145 2204 εἰρήκειν,
1200 2133 1331 2201 μετὰ
1389 2136 1484 2189 τὴν
1538 2130 1774 2189 τελευτὴν
1827 2132 1917 2183 αύ-
1951 2133 1990 2187 Β

314 2228 409 2273 τοῦ
447 2220 850 2294 ἐπιλαμϐάνεται
896 2228 995 2272 τῶν
1044 2218 1341 2292 Ῥωμαϊκῶν
1400 2225 1677 2293 σκήπτρων
1745 2221 1920 2273 Ἰωάν-

316 2330 409 2371 νης
449 2312 473 2362 6
514 2313 709 2372 Δούκας
740 2312 765 2361 6
817 2307 1047 2383 γαμϐρός
1105 2309 1286 2378 αὐτοῦ,
1350 2312 1583 2381 στεφθεὶς
1634 2312 1779 2384 παρὰ
1829 2317 1920 2362 τοῦ

317 2402 656 2473 πατριάρχου
688 2399 933 2457 Μανουηλ
980 2400 1115 2470 (32),
1148 2398 1203 2460 ὃς
1260 2402 1344 2451 τόν
1394 2399 1631 2470 Μάξιμον
1684 2396 1921 2463 διεδέξα-

313 2509 392 2544 το.
426 2493 569 2543 Μετὰ
592 2492 692 2563 γὰρ
743 2494 837 2547 τὴν
873 2488 1111 2546 τελευτήν
1166 2496 1257 2540 τοῦ
1309 2491 1647 2561 πατριάρχου
1701 2489 1923 2560 Μιχαὴλ

317 2581 344 2631 ὁ
403 2579 675 2653 Εἰρηνικος
736 2574 1008 2651 Θεόδωρος
1083 2585 1155 2648 τῷ
1216 2586 1592 2652 πατριαρχικῴ
1659 2575 1923 2651 ἐνίδρυται

319 2670 506 2743 θρόνῳ,
539 2670 590 2728 ὅς
618 2672 707 2720 καὶ
740 2674 930 2729 Κωπᾶς
957 2668 1071 2736 (33)
1126 2667 1224 2718 ὑπὸ
1277 2675 1375 2718 τῶν
1433 2667 1629 2718 πολλῶν
1674 2665 1920 2737 ἐκαλεῖτο,

318 2760 453 2830 μετὰ
482 2753 540 2810 δὲ
578 2756 844 2816 ἐνιαυτούς
882 2756 935 2818 ἓξ
961 2754 1075 2826 (34)
1105 2754 1295 2807 ἐκείνου
1329 2758 1414 2806 τόν
1474 2754 1589 2828 βίον
1650 2754 1924 2807 ἀπολιπόν-

316 2850 461 2909 τοςό
514 2850 744 2919 μοναχός
801 2844 1038 2916 Μάξιμος
1096 2846 1209 2916 (35)
1251 2844 1317 2905 εἰς
1372 2848 1459 2896 τὸν
1534 2849 1924 2918 πατριάρχικόν

318 2936 565 3008 ἀνάγεται
625 2938 820 3011 θρόνον,
879 2937 1168 3009 θεραπεύων
1224 2938 1318 2993 τὴν
1373 2932 1786 3006 γυναικωνῖτιδα
1838 2940 1927 2987 καὶ

321 3028 423 3079 ὑπὸ
454 3028 645 3086 ταύτης
674 3026 1195 3099 ἁντιθεραπευόμενος
1227 3045 1239 3057 ·
1274 3020 1426 3076 οὐδὲν
1476 3026 1577 3097 γάρ
1601 3023 1723 3076 ἄλλο
1756 3020 1816 3081 ἧν
1867 3027 1924 3075 τό

321 3121 396 3178 είς
422 3118 618 3173 ταύτην
649 3113 971 3167 άναϐιϐᾶσαν
1012 3113 1167 3165 αὐτὸν
1202 3118 1295 3172 τὴν
1334 3118 1619 3185 περιωπήν.
1665 3111 1927 3173 Ἐπιϐιοὺς

326 3202 388 3258 δε
412 3214 578 3278 μῆνας
609 3204 661 3267 ἔξ
691 3203 803 3275 (36)
834 3203 1060 3273 τελευτᾷ,
1105 3208 1196 3255 καὶ
1228 3204 1253 3254 6
1280 3202 1520 3259 Μανουὴλ
1556 3204 1669 3273 (37)
1724 3207 1795 3265 είς
1841 3206 1926 3255 τὸν

2102 2136 2190 2190 19.
2224 2138 2748 2202 Quemadmodum
2777 2157 2920 2211 ergo
2952 2142 3247 2215 dixi,post
3270 2142 3427 2199 illius
3452 2141 3687 2199 obitum

2030 2226 2281 2281 Romani
2308 2228 2540 2300 imperii
2572 2230 2983 2297 gubernacula
3002 2234 3262 2287 Joannes
3285 2235 3477 2289 Ducas
3505 2245 3690 2302 gener

2028 2312 2184 2368 illius
2212 2317 2475 2390 suscipit,
2510 2335 2545 2375 a
2580 2319 2842 2375 Manuele
2868 2320 3231 2393 patriarcha,
3272 2322 3375 2394 qui
3421 2321 3679 2378 Maximo

2032 2414 2419 2475 successerat,
2465 2414 2807 2465 coronatus.
2858 2414 3127 2484 Namque
3171 2411 3685 2484 postpatriarchm

2032 2495 2331 2552 Michaelis
2387 2514 2702 2555 excessum
2776 2500 3035 2556 lrenicus
3077 2500 3449 2569 Theodorus,
3502 2501 3599 2556 cui
3648 2515 3687 2557 a

2030 2585 2330 2657 plerisque
2364 2590 2538 2659 C0pae
2569 2605 2791 2645 nomen
2822 2590 3081 2646 inditum
3107 2591 3319 2660 fuerat,
3350 2592 3411 2646 in
3432 2590 3686 2663 patriar-

2033 2674 2209 2730 cham
2228 2676 2479 2746 eligitur;
2506 2683 2639 2749 post
2652 2695 2843 2735 annos
2858 2696 2959 2735 sex
2976 2696 3047 2736 eo
3066 2681 3382 2737 demortuo
3398 2681 3687 2737 Maximus

2035 2766 2370 2821 monachus
2399 2768 2797 2838 patriarchale
2821 2768 3040 2825 solium
3068 2771 3357 2837 ascendit,
3378 2770 3687 2843 gynaeceio

2035 2854 2291 2926 palpans
2315 2871 2385 2911 ac
2408 2858 2883 2929 supparasitans,
2909 2864 2966 2915 et
2981 2860 3106 2915 vice
3126 2876 3301 2916 versa
3314 2876 3386 2915 ex
3403 2876 3472 2916 eo
3489 2875 3693 2916 assen-

2035 2944 2290 2999 tationes
2318 2950 2375 2999 et
2392 2944 2718 3003 blanditias
2745 2963 3062 3020 aucupans
3098 2966 3111 3004 :
3134 2964 3331 3021 neque
3352 2948 3513 3005 enim
3530 2947 3695 3005 aliud

2037 3048 2176 3088 eum
2200 3034 2261 3088 in
2292 3039 2417 3089 tam
2457 3035 2713 3091 sublime
2767 3036 3004 3093 culmen
3055 3042 3354 3095 evexerat.
3406 3038 3521 3095 Sed
3559 3041 3698 3111 post

2037 3139 2275 3180 menses
2299 3141 2404 3180 sex
2427 3126 2697 3194 moritur,
2720 3132 2777 3183 et
2798 3126 3029 3184 Manuel
3051 3129 3110 3183 in
3131 3127 3518 3201 patriarchali
3547 3128 3695 3186 solio

2039 3212 2383 3279 collocatur,
2408 3231 2543 3269 vere
2574 3216 2664 3270 vir
2684 3216 3103 3289 philosophus,
3130 3221 3193 3274 ut
3214 3218 3636 3291 apparebat,et
3657 3233 3697 3277 ε.

322 3297 714 3370 πατριαρχικὸν
759 3291 1002 3364 ἀνάγεται
1051 3294 1249 3367 θρόνον,
1297 3292 1595 3363 φιλόσοφος,
1630 3294 1693 3353 ὡς
1734 3288 1926 3360 ἐδόκει,
1959 3278 1998 3334 C
2038 3320 2087 3359 η

1297 3292 1595 3363 φιλόσοφος,
1630 3294 1693 3353 ὡς
1734 3288 1926 3360 ἐδόκει,
1959 3278 1998 3334 C
2038 3303 2242 3359 multis
2269 3319 2340 3359 eo
2371 3305 2616 3361 nomine
2644 3278 3014 3363 honestatus.

324 3386 395 3436 ὧν
420 3389 511 3436 καὶ
542 3385 642 3435 ὑπὸ
668 3381 865 3435 πολλῶν
892 3382 1403 3454 κατονομαζόμεπος⁸

397 3473 439 3526 κ’
480 3474 573 3527 Ἐπ
631 3469 690 3526 δὲ
740 3474 806 3525 τὰ
856 3470 1156 3544 Βουλγάρων
1194 3475 1284 3523 καὶ
1320 3466 1469 3533 αὖθις
1523 3474 1548 3522 ό
1600 3470 1750 3542 λόγος
1808 3470 1929 3523 ἀνα-

324 3571 513 3639 χωρεῖ.
546 3561 604 3615 Ὀ
632 3571 836 3638 πρῶτος
895 3560 1143 3634 βασιλεὺς
1220 3568 1319 3612 τῶν
1388 3560 1695 3635 Βουλγάρων
1770 3560 1929 3615 Ἀσὰν

324 3649 423 3706 δύο
451 3655 605 3725 ἴσχεν
628 3654 792 3718 υἱούς,
842 3654 928 3703 τὸν
981 3651 1225 3707 Ἰωάννην
1281 3654 1370 3701 καὶ
1426 3653 1514 3702 τὸν
1562 3647 1923 3723 Ἀλέξανδρον.

319 3749 425 3796 Τοῦ
451 3749 575 3815 γοῦν
615 3742 881 3816 εἰρημένου
917 3740 1106 3814 Βορίλα
1134 3741 1245 3811 (38)
1293 3737 1578 3811 βασιλικῶς
1616 3748 1713 3791 τῶν
1765 3739 1928 3792 Βουλ-

318 3834 495 3906 γάρων
524 3834 887 3906 κατάρχοντος
916 3830 1051 3901 (39),
1086 3830 1111 3881 6
1142 3836 1234 3881 τοῦ
1294 3830 1453 3881 Ἀσαν
1513 3832 1625 3891 υἱὸς
1684 3830 1930 3891 Ἰωάννης

326 3918 591 3995 φυγαδείᾳ
640 3922 975 3994 χρησάμενος
1032 3918 1115 3971 ἐπὶ
1172 3920 1238 3971 τὰ
1291 3927 1391 3970 τῶν
1458 3918 1659 3971 Ῥὡσων
1740 3926 1925 3993 χωρεῖ,

324 4012 492 4065 ἐκεῖσε
520 4030 574 4063 τε
603 4014 794 4085 χρόνον
825 4008 898 4082 ἐφ’
932 4011 1104 4060 ἱκανόν
1146 4004 1445 4080 διαμείνας,
1497 4012 1587 4059 καί
1643 4027 1787 4069 τινας
1829 4017 1928 4059 τῶν

326 4096 634 4175 συγκλύδων
658 4105 859 4154 Ῥώσων
911 4102 1003 4151 σὺν
1057 4097 1221 4168 ἐαυτῷ
1274 4102 1626 4170 περιαγαγὼν,
1684 4102 1778 4156 τὴν
1832 4118 1928 4150 πα-

326 4196 513 4267 τρικὴν
545 4188 876 4242 ἀνακαλεῖται
931 4187 1276 4263 κληρονομίαν
1325 4192 1414 4238 καὶ
1462 4186 1673 4259 πολεμεῖ
1722 4195 1793 4257 τῷ
1843 4194 1932 4239 B0-

326 4281 450 4354 ρίλᾳ
477 4285 565 4332 καὶ
593 4286 714 4351 νικᾴ
740 4286 942 4345 τοῦτον,
992 4282 1082 4330 καὶ
1135 4282 1316 4350 χώρας
1373 4275 1466 4327 ούκ
1525 4276 1701 4347 ὀλίγης
1749 4275 1932 4349 ἐγκρα-

328 4375 420 4432 τής
465 4375 681 4443 γίνεται.
726 4376 784 4422 Ὀ
852 4365 912 4421 δι
962 4366 1179 4441 Βορίλας
1243 4362 1389 4418 ἔνδον
1470 4366 1767 4438 εἰσέρχεται
1842 4374 1933 4419 τοῦ

327 4459 602 4534 Τρινόϐου,
628 4464 717 4512 καὶ
757 4457 1001 4511 ἐπὶέπτὰ
1048 4460 1184 4509 ἔτεσι
1241 4460 1500 4528 τειχήρης
1555 4455 1929 4530 πολιορκεῖται.

326 4552 473 4604 Ἐπεὶ
526 4546 585 4602 δε
639 4547 902 4620 ἀπέκαμον
958 4548 1006 4598 οἰ
1065 4550 1303 4606 συνόντες
1378 4545 1540 4615 αὐτῷ,

1619 4552 1691 4615 τῷ
1767 4546 1932 4599 Ἀσάν

2108 3470 2198 3525 20.
2234 3468 2347 3524 Sed
2381 3466 2461 3523 ad
2514 3483 2610 3524 res
2664 3468 3004 3539 Bulgaricas
3046 3468 3387 3527 redeamus.
3450 3469 3689 3529 Primus

2041 3559 2431 3637 Bulgarorum
2448 3575 2552 3614 rex
2570 3563 2723 3615 Asan
2733 3576 2801 3615 us
2818 3559 2971 3616 duos
2986 3560 3198 3617 habuit
3215 3560 3389 3629 ﬁlios,
3404 3563 3691 3618 Joannem

2038 3653 2094 3703 et
2114 3647 2541 3703 Alexandrum.
2572 3648 2776 3719 Itaque
2804 3649 3013 3715 Borila,
3039 3649 3212 3719 cujus
3235 3665 3419 3722 supra
3434 3650 3691 3709 mentio-

2038 3754 2177 3794 nem
2198 3737 2468 3807 fecimus,
2492 3737 2649 3809 regie
2675 3738 3309 3810 Bulgarisimperante,
3332 3740 3516 3795 Asani
3531 3739 3691 3797 ﬁlius

2038 3829 2289 3884 Ioannes
2314 3827 2457 3897 fuga
2487 3844 2548 3882 se
2570 3826 2875 3899 abripiens
2897 3827 2959 3883 in
2982 3831 3172 3883 Rusos
3191 3828 3691 3903 confugit,ibique

2038 3933 2145 3989 per
2183 3921 2421 3988 tempus
2455 3915 2702 3987 aliquod
2732 3921 3163 3985 commoratus,
3193 3922 3250 3973 et
3279 3933 3693 3975 convenarum

2040 4009 2334 4062 Rusorum
2360 4006 2666 4062 nonnullis
2690 4006 2749 4061 in
2776 4023 2967 4062 unum
3000 4007 3318 4078 congestis,
3376 4013 3695 4081 paternam

2038 4094 2447 4150 haereditatem
2476 4094 2755 4166 reposcit,
2779 4094 2895 4166 36
2923 4100 2980 4150 et
3008 4094 3069 4149 in
3093 4094 3349 4152 Borilam
3368 4112 3541 4152 arma
3570 4113 3699 4152 sus-

2040 4185 2200 4257 cipit,
2224 4189 2281 4239 et
2304 4184 2501 4252 vincit,
2521 4183 2929 4257 dominusque
2953 4184 3019 4240 ﬁt
3037 4200 3160 4240 non
3178 4185 3408 4256 exiguas
3436 4185 3701 4256 regionis

2043 4274 2266 4330 Borilas
2315 4272 2641 4329 Trinobum
2691 4274 3001 4342 ingressus
3042 4278 3273 4346 septem
3315 4290 3512 4332 annos
3543 4275 3704 4332 obsi-

2040 4364 2275 4420 dionem
2303 4363 2551 4419 sustinet
2585 4381 2597 4429 ;
2632 4366 2689 4418 et
2713 4379 2853 4418 cum
2884 4362 3027 4418 socii
3067 4362 3376 4433 defatigati
3428 4381 3700 4421 succum-

2042 4454 2271 4522 berent,
2298 4452 2375 4508 ad
2410 4453 2596 4509 Asani
2621 4454 2913 4508 Joannem
2953 4451 3262 4509 deﬁciunt.
3291 4454 3515 4510 Borilas
3564 4455 3707 4512 inde

2044 4545 2194 4601 inter
2262 4542 2613 4613 fugiendum
2665 4542 3075 4615 deprehensus
3132 4543 3210 4599 ab
3251 4545 3481 4601 Joanne
3511 4544 3702 4601 oculis

330 4641 539 4713 Ἰωάννη
590 4642 1002 4713 προσέρχονται.
1065 4638 1270 4707 Φεύγων
1300 4631 1358 4687 δὲ
1434 4634 1753 4687 ἁλίσκεταιό
1832 4610 2006 4687 Bo-D
2046 4633 2095 4690 la

1961 4610 2006 4664 D
2046 4633 2294 4699 laeditur,
2320 4610 2524 4705 sicque
2544 4610 2826 4688 universa
2845 4631 3069 4689 ditione
3092 4632 3482 4704 Bulgarorum
3512 4633 3702 4692 Joan-

329 4730 480 4804 ρίλας
517 4734 608 4782 καὶ
668 4731 812 4804 παρὰ
862 4733 955 4780 τοῦ
1007 4725 1244 4781 Ἰωάννου
1293 4723 1592 4797 τυφλοῦται,
1642 4729 1731 4777 καὶ
1772 4726 1933 4789 οὕτως

2049 4741 2154 4781 nes
2182 4724 2423 4797 potitur.
2452 4725 2521 4779 Et
2548 4724 2676 4779 hth
2700 4722 2950 4796 quidem
2979 4724 3056 4781 de
3091 4724 3386 4796 Bulgaris.

1208 4866 1549 4935 Theodori
1598 4868 1849 4936 Dousaa
1898 4876 1963 4935 et
2010 4868 2263 4937 Leonis
2313 4867 2550 4935 Allatii
2599 4876 2803 4935 notae.

406 5018 522 5089 (30)
560 5016 685 5075 Ἐτη
720 5013 806 5074 ιη’.
842 5015 1151 5089 Gregoras,
1176 5027 1235 5089 p_,
1265 5014 1355 5082 24,
1381 5014 1516 5067 ALL.

406 5083 520 5163 (31)
559 5094 687 5163 Περὶ
717 5091 809 5150 τὰς
830 5088 1008 5160 μάχας
1048 5083 1369 5157 ὀξύςίθυμοῦ
1398 5103 1472 5138 τε.
1506 5086 1798 5156 Gregoras
1835 5083 1943 5140 lib.

333 5179 396 5220 ιι.
417 5177 480 5220 ι).
504 5165 594 5217 24.
627 5167 763 5217 ALL.

378 5177 808 5305 ’(ἓέῗῖδοὶῗζόθ
828 5226 1524 5305 patriarchis,_Manuele,
1549 5228 1831 5305 Maximo,
1856 5226 1950 5284 Mi-

334 5299 561 5373 chael'e,
580 5299 913 5369 Theodoro,
938 5300 1157 5373 Cpolita
1169 5299 1278 5371 nis,
1295 5301 1505 5355 Nicaeae
1522 5305 1714 5373 tamen
1730 5299 1950 5355 seden-

334 5378 517 5445 tibus,
533 5372 795 5433 diximus
818 5372 1111 5431 nonn’ulla
1141 5372 1202 5426 in
1225 5387 1404 5445 opere
1426 5376 1629 5445 nostro
1643 5372 1717 5445 de
1743 5386 1953 5445 perpe-

336 5387 517 5445 tibus,
533 5387 795 5433 dixunus
818 5387 1111 5431 nonnulla
1141 5387 1202 5426 1n
1225 5387 1404 5498 οᾶιετθ
1426 5387 1717 5427 nostroac
1743 5387 1949 5499 perpe-

336 5455 442 5507 tua
470 5450 780 5524 utriusque
796 5443 1238 5524 Ecclesiae,0_cci
1289 5442 1500 5524 entalis
1524 5444 1851 5524 .etHOrienta
1878 5444 1949 5510 is,

339 5515 761 5589 consensione,
795 5536 868 5576 ex
896 5532 1018 5590 quo
1046 5516 1233 5590 lector
1264 5519 1443 5590 petat,
1471 5515 1537 5590 _si
1566 5515 1728 5571 libet.
1759 5520 1891 5570 ALL.

411 5594 526 5665 (33)
563 5587 770 5653 Κωπᾶς.
825 5595 887 5647 In
916 5587 1153 5645 —Notitia
1210 5587 1689 5659 patriarcharum
1744 5592 1955 5647 Κουπᾶς

338 5665 579 5723 dicitur.
611 5665 833 5722 Dousa.

413 5738 530 5812 (34)
580 5744 704 5812 Μετ’
742 5735 1006 5812 ἐνιαυτούς
1071 5731 1151 5794 ἔξ.
1211 5731 1425 5812 Notitia
1478 5731 1959 5812 patriarcharum

338 5804 1017 5870 traditvixisse-tantum
1047 5819 1190 5861 ann.
1212 5807 1231 5859 1
1264 5819 1456 5861 mens.
1479 5808 1514 5861 4
1534 5804 1662 5861 dies
1686 5807 1955 5863 5.Dousx.

629 5885 875 5940 PATROL.
909 5882 1011 5939 Gs.
1039 5877 1194 5937 CXL.

1073 5730 1123 5765 τε

1071 5752 1151 5794 ες.

2121 5012 2234 5081 (35)
2264 5012 2504 5084 Μάξιμος
2565 5015 2821 5083 μοναχός.
2886 5010 2986 5067 Hic
3033 5012 3213 5084 antea
3262 5014 3521 5084 prmerat
3571 5028 3708 5071 mo-

2060 5084 2319 5158 nasterio
2348 5082 2445 5136 τῶν
2475 5082 2823 5157 Ἀκοιμήτων,
2858 5087 2922 5140 ut
2969 5087 3057 5140 est
3101 5082 3163 5140 in
3207 5082 3423 5142 NOtitia
3463 5085 3720 5158 patriar-

2058 5157 2331 5213 charum.
2368 5158 2584 5212 Dousx.

2133 5229 2243 5299 (36)
2297 5235 2478 5291 Μῆνας
2556 5227 2629 5291 ἐξ.
2700 5226 2918 5285 Notitia
2999 5225 3483 5299 patriarcharum
3540 5227 3724 5287 tradit

2062 5316 2300 5357 menses
2344 5304 2400 5356 8.
2442 5304 2657 5357 Dousx.

2136 5372 2346 5447 (37)_'(_)
2394 5371 2672 5447 Mavoyﬁl._
2716 5371 2817 5427 Hic
2875 5374 2966 5447 es_t
3013 5368 3246 5427 Manuel
3299 5369 3726 5447 Charitopulus

2062 5445 2123 5502 in
2156 5444 2368 5501 Notitia
2395 5443 2893 5502 patriarcharum.
2929 5444 3138 5498 Dousa.

2136 5517 2251 5589 (38)
2281 5514 2676 5592 Bopi).a._Dixit
2725 5530 2914 5592 supra
2947 5518 3015 5570 ut
3068 5516 3453 5587 occupaverit
3515 5514 3727 5588 Bulga-

2065 5603 2273 5643 rorum
2309 5589 2651 5655 imperium,
2684 5604 2734 5643 c.
2766 5589 2854 5643 13.
2888 5590 3027 5643 ALL.

2142 5661 2253 5789 (39)
2292 5664 2371 5717 De
2394 5657 2539 5732 fuga
2561 5659 2807 5717 Joannis
2838 5658 3028 5717 Asani
3056 5657 3163 5716 ﬁlii
3192 5675 3378 5734 supra
3400 5660 3524 5734 agit
3542 5660 3729 5721 Acro-

2142 5737 2256 5789 uita
2287 5750 2337 5789 c.
2376 5737 2439 5789 l2
2470 5738 2527 5789 et
2564 5738 2647 5789 13.
2680 5736 2820 5789 ALL.

2068 5733 2256 5806 polita
2287 5750 2337 5791 c.
2376 5737 2439 5791 12
2470 5738 2527 5791 et
2564 5738 2647 5790 13.
2680 5736 2820 5789 ALL.

3395 5872 3462 5929 33
