4470 6452
878 397 1014 452 1039

2179 395 2461 452 GEORGII
2493 397 2960 457 ACROPOLlT/E

4101 413 4235 466 1040

861 518 968 575 ubi
994 515 1388 576 etcazlestium
1408 514 1696 572 virtutum
1717 516 1939 573 militiae
1965 517 2103 573 duci
2126 519 2389 576 Michaeli
2409 521 2526 592 38
2557 527 2600 578 A

2470 521 2600 591 8A
2639 520 2764 574 ἀλλά
2819 531 2910 574 τοῦ
2963 528 3052 595 μεν
3107 533 3306 577 σκοποῦ
3357 527 3524 580 αὐτῶν
3583 533 3833 604 ἥμαρτον,
3918 533 4096 586 ἐκεῖνοι
4177 533 4234 588 δὲ

863 607 1144 680 templum
1158 605 1424 678 positum
1439 609 1544 672 est,
1561 605 1872 662 commisso
1902 607 2133 678 proelio,
2152 608 2203 663 vi
2219 610 2524 681 armisque

863 700 1107 769 superat
1121 695 1449 766 imperator
1470 698 1660 749 marte
1675 694 2259 766 ambiguo,primum
2276 697 2522 768 quidem

861 783 1078 859 potiori
1091 785 1498 839 Romanorum
1516 786 1684 854 parte
1706 782 2026 850 debellata,
2043 783 2146 840 sed
2165 785 2522 856 imperatore

862 873 1148 947 deinceps
1171 888 1310 928 cum
1325 871 1535 944 paucis
1551 872 1882 929 admodum
1899 873 2192 943 insignem
2207 875 2521 931 victoriam

862 963 1107 1036 adepto.
1133 965 1264 1035 Ipse
1285 961 1503 1018 etenim
1529 961 1765 1017 hastam
1789 963 2088 1032 contorsit,
2120 963 2354 1020 hostem
2377 980 2518 1020 con-

860 1050 1030 1120 fodit,
1083 1057 1141 1108 et
1179 1066 1434 1121 magnas
1489 1051 1880 1120 cogitationes
1929 1052 1987 1107 in
2043 1052 2220 1121 bello,
2279 1053 2440 1125 quod
2463 1058 2519 1111 et

859 1140 1303 1214 antiquioribus
1348 1140 1600 1196 minime
1641 1139 1915 1210 ignotum
1954 1140 2165 1209 fuerat,
2199 1158 2516 1199 common-

858 1228 1482 1286 stravit.Victoriabmc
1494 1234 2101 1302 mirumestquantum
2116 1245 2210 1285 res
2223 1233 2515 1288 Romanas

855 1317 1276 1385 sublevaverit,
1293 1317 1847 1373 Italasimminuerit
1861 1333 1931 1374 ac
1943 1317 2325 1389 depresserit.
2342 1319 2512 1375 Italo-

852 1422 989 1464 rum
1041 1408 1201 1463 enim
1253 1406 1754 1479 praetantissimos
1795 1423 2072 1480 quosque
2145 1409 2305 1464 viros
2349 1410 2410 1465 in
2442 1425 2511 1467 eo

851 1496 1132 1552 conﬂictu
1182 1496 1357 1567 cepit,
1408 1496 1620 1551 fratres
1671 1495 1876 1552 itidem
1931 1497 2298 1565 Lascarides,
2353 1515 2509 1570 quos

851 1585 1118 1642 criminis
1146 1585 1452 1642 convictos
1480 1584 1808 1640 luminibus
1839 1585 2138 1657 spoliavit.
2169 1587 2276 1642 Alii
2309 1589 2508 1657 gladio

847 1674 1196 1732 internecati
1211 1679 1350 1730 sunt
1368 1693 1383 1741 ;
1402 1673 1504 1746 qui
1519 1689 1660 1729 vero
1677 1690 1898 1746 pugna:
1921 1690 2042 1730 non
2061 1674 2283 1731 affuere
2299 1677 2508 1733 timore

847 1763 1052 1835 perciti
1072 1764 1319 1820 haesere.
1351 1763 1479 1820 Itali
1518 1763 1698 1819 etiam
1736 1779 1807 1819 eo
1845 1765 2128 1835 temporis
2195 1767 2504 1822 Serrarum

845 1853 1156 1910 castellum
1207 1856 1568 1925 prementes,
1629 1852 1731 1907 ubi
1799 1869 1940 1908 suos
1996 1853 2324 1909 debellatos
2375 1871 2502 1912 esse
2531 1873 2576 1927 Β

2118 1853 2324 1909 ellatos
2375 1871 2502 1912 esse
2531 1873 2576 1927 Β
2617 1859 2946 1931 Λασκάριας,
3011 1858 3095 1918 ούς
3151 1859 3336 1930 τυφλοῖ
3389 1859 3651 1922 ἐπαιτίους
3681 1864 3839 1935 εὑρών
3870 1883 3881 1895 ·

845 1945 1242 2014 agnoverunt,
1272 1941 1456 1999 Serris
1477 1941 1679 1997 liberis
1708 1941 2003 1998 derelictis
2044 1941 2187 2014 fuga
2215 1943 2327 1998 sibi
2367 1960 2504 2000 con-

846 2031 1182 2098 suluerunt,
1235 2047 1374 2086 cum
1429 2046 1647 2102 parum
1697 2030 1990 2086 abfuisset
2041 2032 2186 2103 quin
2228 2031 2305 2087 ab
2359 2033 2501 2105 ipsis

843 2125 1353 2194 expugnarentur.
1383 2120 1609 2176 Exinde
1640 2136 1733 2175 res
1776 2120 1921 2176 Itala
1959 2121 2100 2176 hinc
2131 2127 2310 2193 atque
2342 2123 2501 2179 illinc

839 2225 948 2284 per
979 2210 1274 2267 Orientem
1298 2225 1369 2266 ac
1395 2208 1776 2266 Occidentem
1797 2209 2053 2276 divulsa,
2069 2215 2122 2266 et
2145 2211 2501 2268 valentiores

837 2303 1017 2356 nacta
1047 2298 1424 2355 adversarios
1450 2299 1876 2371 imperatorem
1905 2301 2195 2355 Joannem
2228 2305 2284 2356 et
2312 2302 2497 2358 Theo-

838 2387 1057 2445 dorum
1119 2389 1515 2457 Comnenum,
1575 2389 1772 2460 ipsum
1836 2389 2014 2443 etiam
2070 2389 2497 2460 imperatorem

829 2478 1183 2546 vocitatum,
1215 2477 1428 2534 cadere
1459 2481 1739 2550 coeperat.
1777 2478 1981 2534 Statim
2001 2479 2201 2549 itaque
2231 2480 2496 2535 Joannes

831 2566 1162 2642 imperator
1201 2567 1359 2623 dicto
1391 2567 1450 2623 in
1490 2566 1624 2623 loco
1652 2566 1811 2623 Italis
1856 2568 2214 2639 expugnatis
2256 2568 2333 2623 ab
2385 2569 2495 2624 illis

833 2659 1245 2713 Romanorum
1267 2656 1492 2730 oppida
1516 2672 1808 2729 oppressa
1832 2657 2149 2712 obsidione
2177 2663 2420 2725 tentare,
2442 2663 2496 2714 et

832 2747 1056 2804 auxilio
1074 2747 1190 2819 39
1213 2762 1449 2818 opeque
1471 2745 1749 2803 destituta
1771 2762 2117 2819 expugnare
2139 2764 2150 2801 :
2177 2747 2490 2819 paululum

831 2836 994 2892 enim
1039 2835 1145 2908 qui
1194 2835 1254 2891 in
1303 2835 1544 2908 oppidis
1585 2841 1774 2904 erant,
1816 2835 2104 2891 obsistere
2147 2851 2159 2899 ;
2195 2835 2298 2891 sed
2354 2853 2492 2892 cum

833 2923 1312 2981 diuturnioribus
1339 2930 1396 2980 et
1413 2923 1794 2996 potissimum
1813 2923 2246 2996 intempestivis
2271 2925 2492 2998 (neque

830 3013 993 3070 enim
1045 3029 1182 3070 vere
1235 3018 1339 3070 aut
1400 3017 1695 3070 autumno
1751 3017 1855 3068 aut
1901 3018 2094 3081 aetate,
2151 3014 2257 3069 sed
2294 3014 2491 3071 hieme

830 3104 1034 3161 media
1054 3104 1418 3176 irruptiones
1449 3103 1726 3172 faciebat,
1767 3103 2136 3159 admovebat
2172 3106 2490 3160 machinas

829 3199 887 3250 et
914 3193 1378 3288 propugnacula
1410 3193 1749 3288 dejiciebat)
1788 3192 2486 3288 obsidio-nibusurgeret,
2519 3231 2559 3288 Ο

828 3286 932 3358 qui
958 3287 1018 3341 in
1049 3284 1161 3340 illis
1203 3289 1394 3350 erant,
1426 3283 1736 3352 defatigati
1763 3298 1855 3349 ea,
1880 3283 2275 3354 jurejurando
2302 3285 2486 3340 vitam

824 3373 1205 3444 redimentes,
1249 3373 1487 3440 dedere,
1531 3371 1798 3444 plerique
1840 3374 2016 3428 etiam
2050 3389 2116 3428 ex
2158 3373 2249 3428 his
2279 3390 2487 3446 pugna

824 3462 1226 3535 periclitantes
1254 3461 1548 3534 oppressi,
1573 3466 1865 3533 tanquam
1897 3461 2115 3533 captivi
2134 3463 2484 3534 mancipati.

825 3551 918 3610 Sic
945 3551 1024 3608 ab
1054 3551 1414 3624 imperatore
1442 3553 1893 3619 Pcnmanenum,
1929 3551 2212 3606 Lentiana
2250 3552 2486 3607 Chario-

821 3656 946 3711 ros,
982 3640 1411 3697 Berbeniacum
1454 3644 1802 3713 expugnata
1841 3644 2001 3696 sunt.
2040 3642 2302 3696 Joannes
2343 3657 2485 3712 ergo

823 3731 1153 3803 imperator
1178 3729 1445 3802 undique
1467 3728 1694 3785 bellum
1725 3728 1786 3784 in
1820 3728 2054 3785 Latinos
2095 3746 2486 3786 commovens

823 3820 1095 3877 triremes
1117 3818 1438 3891 compegit,
1470 3819 1782 3891 pregitque
1804 3818 1866 3873 in
1889 3817 2361 3890 Hellespontum,
2382 3821 2485 3876 ubi

825 3908 1007 3966 Holco
1029 3924 1253 3966 nomen
1270 3913 1379 3976 est,
1403 3907 1626 3981 quibus
1649 3907 1935 3964 molestus
1963 3915 2086 3963 erat
2103 3914 2282 3980 atque
2305 3925 2486 3980 nego-

822 3999 1016 4057 tiosus
1031 3999 1093 4054 in
1110 4013 1396 4054 occasum
1410 3997 1702 4070 irrepens,
1718 3997 1987 4052 fortunas
2012 3998 2487 4071 uniuscujusque

826 4093 883 4148 et
902 4089 1066 4146 bona
1099 4087 1499 4161 depopulans.
1527 4092 1679 4144 inter
1710 4103 1782 4144 ea
1811 4092 1867 4143 et
1885 4088 2258 4159 Madytarum
2276 4088 2485 4145 urbem

825 4184 884 4238 et
917 4177 1298 4251 Calliupolim
1338 4182 1396 4234 et
1442 4193 1615 4234 oram
1670 4177 2039 4233 maritimam
2079 4177 2239 4233 Italis
2307 4178 2486 4234 tribu-

823 4268 1039 4327 tariam
1061 4267 1467 4341 depraedatur.

2636 607 2892 684 δραπέται
2941 618 3163 684 ᾤχοντο.
3215 622 3322 675 Τῆς
3381 621 3565 689 μάχης
3635 617 3727 672 ούκ
3777 622 4127 695 συρραγείσης
4185 624 4232 675 ἐν

2631 708 2740 760 τοῖς
2769 706 2949 774 μέρεσι
3007 710 3098 753 τού
3162 710 3511 775 Ποιμανηνοῦ,
3571 711 3698 760 ὃπου
3752 716 3841 762 καὶ
3895 713 3919 761 ό
3978 716 4098 772 ναὸς
4141 721 4231 763 τού

2631 788 3065 864 ἀρχιστρατήγου
3096 801 3197 843 τῶν
3253 791 3356 844 ἂνω
3417 791 3684 868 δυνάμεων
3711 796 4088 872 ἐγκαθίδρυται
4129 808 4230 854 Μι-

2629 877 2774 950 χαὴλ
2809 880 2939 950 (48),
2999 886 3118 950 νικᾷ
3165 884 3298 933 κατὰ
3357 888 3544 958 κράτος
3581 888 3605 936 ὁ
3663 886 3930 959 βασιλεὺς,
3990 899 4087 940 τῶν
4140 895 4230 961 μέν

2629 967 2879 1020 πλείστων
2945 969 3207 1041 Ῥωμαίων
3266 969 3465 1043 σχεδὸν
3517 972 3868 1047 ἐξηττημένων
3900 981 3956 1029 τό
4005 987 4228 1052 πρῶτον,

2628 1056 2786 1108 αὐτοῦ
2829 1054 2886 1108 δὲ
2916 1066 3008 1109 τοῦ
3041 1057 3294 1130 βασιλέως
3341 1062 3450 1132 μετ’
3507 1062 3689 1134 ὀλίγων
3745 1068 3878 1117 πάνυ
3938 1071 4031 1124 τὴν
4081 1087 4228 1125 νίκην

2626 1145 2706 1218 [1³.
2746 1145 2831 1220 19]
2865 1152 3037 1198 πᾶσαν
3069 1146 3462 1220 ἐξειργασμένου
3495 1172 3507 1184 ·
3538 1151 3694 1214 αύτός
3749 1173 3802 1205 τε
3854 1158 3956 1228 γὰρ
4013 1151 4228 1227 δόρατος

2625 1233 2799 1306 ἣψατό
2849 1240 2936 1288 καὶ
2986 1235 3226 1308 πολέμιον
3293 1236 3438 1291 ἐϐαὶιε
3487 1245 3576 1292 καὶ
3627 1238 3862 1316 ἀνδρεῖον
3944 1241 3992 1294 ἐν
4055 1242 4226 1315 ἐκείνῳ

2621 1331 2693 1394 τῷ
2718 1323 2921 1394 πολέμῳ
2951 1328 3008 1376 τὸ
3041 1329 3280 1397 φρόνημα
3302 1324 3611 1400 ἐνεδείξατο,
3650 1327 3774 1383 ούδε
3815 1339 3924 1392 τοῖς
3983 1336 4084 1402 πρὸ
4131 1340 4225 1385 τοῦ

2623 1411 2980 1484 ἀγνοούμενον.
3022 1420 3078 1464 Ἠ
3128 1417 3346 1474 τοιαύτη
3402 1421 3519 1475 νίκη
3571 1418 3640 1480 εἰς
3698 1425 3955 1492 μεγίστην
4004 1421 4226 1484 αύξησιν

2621 1499 2838 1571 ἐγεγόνει
2897 1509 2991 1561 τῆς
3040 1510 3138 1554 τῶν
3185 1502 3449 1575 Ῥωμαίων
3504 1504 3701 1580 ἀρχῆς,
3761 1517 3860 1560 τῶν
3914 1509 4122 1562 Ἰταλῶν
4167 1507 4226 1563 δε

2621 1589 2881 1647 συστολὴν
2939 1595 3028 1641 καὶ
3081 1595 3441 1651 κατάπτωσιν.
3499 1600 3631 1657 Τοὺς
3682 1599 3770 1668 μεν
3827 1601 3929 1672 γὰρ
4001 1599 4226 1672 ζωγρίας

2616 1682 2729 1738 τούς
2749 1684 3017 1750 κρείττους
3052 1679 3220 1731 αὐτῶν
3265 1679 3312 1732 ἐν
3365 1690 3436 1752 τῷ
3495 1687 3714 1754 τοιούτῳ
3763 1685 3968 1757 πολέμῳ
4019 1688 4044 1737 ό
4111 1686 4221 1757 βα-

2621 1765 2786 1827 σιλεύς
2845 1772 3125 1839 κατέσχεν,
3169 1768 3296 1820 ἀλλὰ
3371 1768 3439 1829 δὴ
3521 1778 3607 1823 καὶ
3682 1776 3802 1834 τοὺς
3876 1771 4226 1846 αύταὸἐλφους

3951 1863 4094 1915 ἆλλοι
4158 1862 4219 1917 δὲ

2615 1945 2794 2019 ξίφους
2825 1949 2968 2019 ἔργον
3013 1946 3240 2018 ἐγενοντο
3270 1970 3283 1982 ο
3335 1951 3384 2001 οἱ
3441 1946 3499 2002 δὲ
3547 1955 3618 2023 μὴ
3676 1956 3909 2013 συνόντες
3953 1960 4025 2022 τῷ
4072 1952 4218 2005 πολε-

2609 2056 2690 2107 μῳ
2746 2032 2916 2107 δειλίᾳ
2969 2037 3186 2107 κάτοχοι
3242 2035 3584 2108 ἐγεγόνεισαν.
3648 2045 3749 2093 Καὶ
3801 2045 3952 2115 μέρος
4005 2037 4065 2094 δε
4120 2051 4220 2094 τῶν

2614 2123 2817 2176 Ἰταλῶν
2848 2129 2905 2176 τό
2955 2124 3149 2198 Σερρών
3199 2130 3422 2202 κάστρον
3472 2136 3543 2198 τῷ
3591 2133 3705 2181 τότε
3753 2129 4060 2203 πολιορκούν
4118 2132 4218 2183 ύπό

2609 2220 2700 2265 τοῦ
2732 2220 2999 2285 Κομνηνοῡ
3033 2209 3312 2285 Θεοδώρου
3357 2212 3760 2288 δεσποζόμενον,
3818 2217 3925 2270 ἐπεὶ
3974 2223 4063 2276 τὴν
4117 2227 4217 2270 τῶν

2609 2301 2808 2354 οἰκείων
2866 2305 3112 2359 τοιαύτην
3183 2301 3458 2374 ἐπέγνωκεν
3518 2306 3697 2376 ἧτταν,
3762 2303 3958 2382 ἀπέὸρο
4019 2307 4218 2360 ἐλευθέ-

2605 2408 2700 2461 ρας
2757 2392 2846 2450 τὰς
2903 2389 3088 2463 Σέρρας
3141 2391 3434 2444 καταλιπών
3489 2412 3503 2427 ο
3569 2392 3614 2454 ἐς
3670 2398 3854 2470 μικρὸν
3911 2399 4012 2470 γὰρ
4075 2396 4219 2468 αύτῳ

2605 2476 2800 2551 κομιδῆ
2832 2487 2923 2530 τού
2951 2478 3142 2530 ἁλῶναι
3176 2476 3330 2537 ἦλθον
3376 2481 3444 2536 θθ.
3505 2483 3763 2536 Ἐντεῦθεν
3813 2487 3879 2537 τὰ
3932 2494 4030 2537 τῶν
4085 2486 4218 2540 Ἰτα-

2603 2566 2699 2619 λῶν
2733 2567 2868 2620 ἐνθεν
2896 2566 3128 2620 κάκεῖθεν
3193 2566 3534 2644 διαιρούμενα
3593 2576 3726 2625 κατὰ
3775 2592 3828 2626 τε
3873 2579 3966 2632 τὴν
4023 2578 4086 2627 ἔω
4129 2580 4220 2628 καὶ

2601 2662 2696 2714 τὴν
2724 2657 2967 2731 ἑσπέραν,
2995 2663 3083 2710 καὶ
3143 2658 3385 2731 ἰσχυροῖς
3443 2658 3744 2723 ἀντιπάλοις
3798 2669 4216 2736 προσπταίοντα,

2601 2754 2673 2816 τῷ
2713 2765 2767 2799 τε
2828 2745 3040 2819 βασιλεῖ
3093 2747 3300 2820 Ἰωάννῃ
3361 2753 3444 2800 καὶ
3504 2758 3575 2819 τῷ
3639 2757 3886 2824 Κομνηνῷ
3930 2750 4212 2828 Θεοδώρῳ,

2604 2835 2814 2908 βασιλεί
2883 2836 3218 2908 φημιζομένῳ
3287 2843 3374 2890 καὶ⁸
3427 2842 3635 2910 τουτῳῖ,
3690 2838 3997 2914 ἀπήρχοντο
4049 2863 4216 2894 κατα-

2599 2931 2827 2979 πίπτειν.
2879 2925 3078 2977 Αύτίκα
3120 2935 3244 2997 γοῦν
3296 2929 3322 2978 ό
3393 2926 3644 2999 βασιλεὺς
3718 2931 3958 2992 Ἰωάννης
4030 2928 4211 2990 ἐπειδή

2599 3018 2720 3075 τοὺς
2750 3013 2975 3074 Ἰταλοὺς
3024 3013 3072 3066 έν
3119 3023 3191 3085 τῷ
3247 3015 3496 3090 εἰρημένῳ
3547 3021 3689 3089 τόπῳ
3746 3019 4080 3072 καταλελύκει
4139 3023 4209 3087 9’,

2597 3106 2663 3154 τὰ
2706 3105 2792 3155 ὑπ’
2843 3103 3045 3155 ἐκείνων
3098 3108 3424 3178 κρατούμενα
3487 3115 3587 3158 τῶν
3642 3108 3909 3180 Ῥωμαίων
3967 3108 4209 3182 ἐπολιόρ-

2597 3212 2676 3244 κει
2734 3195 2974 3266 φρούρια,
3025 3197 3110 3244 καὶ
3170 3194 3351 3250 ἣλισκε
3402 3203 3570 3248 ταῦτα
3643 3194 3866 3269 μηδενός
3943 3199 4214 3261 τελοῦντος

2595 3290 2686 3334 τοῦ
2746 3281 3124 3354 βοηθήσοντος.
3185 3286 3358 3357 Μέχρι
3407 3289 3496 3357 μεν
3540 3287 3642 3358 γὰρ
3695 3307 3834 3351 τινος
3895 3290 3944 3340 οἱ
4002 3288 4049 3340 ἐν
4106 3297 4214 3349 τοῖς

2597 3374 2859 3442 φρουρίοις
2887 3369 3187 3441 ἀντείχοντο
3220 3373 3305 3405 9³·
3354 3373 3425 3433 ὡς
3483 3369 3541 3424 δὲ
3599 3379 3982 3448 χρονιωτέρους
4045 3376 4215 3429 ἐποίει

2595 3461 2686 3521 τὰς
2718 3458 3021 3531 πολιορκίας
3050 3461 3074 3510 ὸ
3099 3457 3370 3532 βασιλεὺς,
3417 3461 3647 3533 μάλιστα
3705 3461 3764 3516 δε
3803 3470 3892 3517 καὶ
3942 3485 4208 3538 παρακαιο

2593 3553 2741 3621 ρίους
2767 3550 2815 3584 9³
2849 3548 2934 3621 (ού
2975 3550 3075 3623 γὰρ
3131 3547 3180 3600 ἐν
3223 3548 3337 3625 ἰαρι
3375 3554 3404 3608 ἧ
3465 3553 3572 3626 θέρι
3635 3553 3664 3611 ἡ
3739 3560 4046 3629 μετοπώρῳ,
4098 3552 4211 3606 ἀλλ’

2595 3636 2642 3688 ἐν
2709 3642 2850 3710 μέσῳ
2906 3645 3162 3710 χειμῶνος
3213 3641 3305 3701 τας
3357 3636 3571 3711 ἐφόδους
3620 3639 3888 3713 ἐποιεῖτο),
3938 3643 4193 3704 ἑλεπόλεις

2594 3745 2648 3778 τε
2705 3732 2929 3779 συνίστα
2985 3732 3073 3779 καὶ
3137 3729 3228 3789 τὰς
3297 3727 3530 3790 ἐπάλξεις
3597 3730 3926 3800 κατέϐαλλεν,
3989 3731 4197 3784 ἀποκα-

2596 3837 2804 3890 μνοντες
2833 3819 2881 3868 οἰ
2906 3817 3137 3878 ἐντόςτὰ
3184 3821 3274 3890 μέν
3326 3816 3653 3892 προύδίδουν
3698 3823 3868 3896 ὅρκοις
3917 3827 4011 3880 τὴν
4067 3823 4212 3882 ζωὴν

2597 3905 2949 3980 ἐξωνούμενοι,
3007 3905 3062 3957 ἐκ
3115 3903 3172 3958 δὲ
3209 3914 3307 3958 τῶν
3379 3909 3591 3960 ἔπιπτον
3649 3912 3802 3984 μάχῃ
3860 3916 3949 3963 καὶ
4000 3913 4212 3984 καθείρ-

2595 4016 2778 4068 γνυντο
2832 3999 2901 4058 ὡς
2942 3992 3230 4068 δεσμῶται.
3283 3996 3444 4051 Ἑάλω
3477 4006 3603 4069 γοῦν
3657 4001 3757 4052 ὑπὸ
3807 4009 3898 4053 τοῦ
3948 3999 4212 4073 βασιλέως

3363 4093 3643 4162 Χαρίορος,

2595 4184 2720 4248 γοῦν
2768 4174 3020 4248 βασιλεὺς
3061 4176 3302 4236 Ἰωάννης
3339 4182 3598 4239 παντοίως
3643 4186 3753 4242 τοῖς
3807 4186 4052 4242 Λατίνοις
4091 4201 4206 4253 μα-

2597 4284 2819 4339 χόμενος
2851 4267 2894 4301 9‘
2929 4270 3162 4340 τριήρεις
3186 4284 3240 4317 τε
3271 4270 3585 4320 κατεσκεύσε
3626 4270 3761 4340 (49),
3813 4274 3902 4321 καὶ
3950 4274 4069 4343 περί
4116 4274 4211 4322 τὸν

2598 4089 2947 4159 Ποιμανηνόν,
3005 4087 3277 4153 Λεντιανα,
3363 4093 3643 4162 Χαρίορος,
3719 4089 4071 4163 Βερϐενίακον,
4145 4089 4209 4143 c0

891 4359 941 4396 ⁹⁰
971 4356 1334 4431 ἐλευθέρας-
1367 4353 1521 4416 ἦλθον
1552 4371 1702 4431 om._
1738 4357 1802 4411 Ι).
1882 4357 1924 4390 ⁹¹
1975 4351 2156 4415 ἐπειδὴ
2184 4388 2255 4397 —
2285 4357 2617 4410 καταλελύκει
2673 4371 2795 4410 om.
2856 4357 2920 4410 Ο.
2999 4357 3046 4390 9³
3101 4350 3326 4428 μηδενός
3350 4388 3418 4398 -
3455 4354 3728 4430 ἀντίχοντὸ
3783 4375 3905 4415 om.
3961 4362 4026 4416 Ι).
4103 4360 4155 4395 ’³
4185 4361 4214 4414 ὁ

827 4455 898 4476 α·
940 4437 1327 4505 παρακαιρίους
1366 4445 1489 4485 om.
1517 4431 1582 4484 D.

1661 4429 1710 4464 9‘
1740 4431 1998 4490 παντοίως
2019 4459 2090 4468 —
2115 4435 2418 4502 μαχόμενος
2438 4445 2562 4488 om.
2604 4431 2668 4484 Ι).

1719 4534 2060 4602 Theodori
2110 4537 2361 4604 Dousa;
2411 4546 2478 4605 et
2523 4534 2778 4604 Leonis
2831 4533 3064 4601 Allatii
3117 4543 3318 4602 notae.

901 4656 1013 4728 (48)
1045 4651 1292 4728 Michael
1315 4652 1410 4728 hic
1455 4652 1946 4728 archistrategus,
2009 4653 2102 4728 cui
2147 4654 2206 4708 in
2254 4656 2482 4728 Poema-
2518 4657 2561 4711 D
2601 4653 2717 4708 hoc
2749 4651 2928 4728 di_e_et
2958 4656 3171 4728 octavo
3202 4649 3579 4728 Novembris.
3631 4654 3820 4724 Hujus
3875 4653 4213 4728 festivitatis

824 4725 1053 4784 neno'a
1089 4725 1958 4797 JoanneiBatatzeGrthorum
2012 4725 2138 4797 imp
2193 4725 2488 4797 templum

827 4802 1198 4856 exstructum
1228 4796 1370 4853 dicit
1397 4796 1740 4865 Logotheta,
1769 4801 1857 4851 est
1885 4796 2128 4851 Michael
2159 4796 2489 4866 archange-

825 4871 920 4928 lus
960 4871 1131 4942 cujus
1143 4868 1307 4941 apud
1321 4871 1553 4942 Graecos
1585 4867 1774 4942 multa
1795 4868 2098 4942 veneratio
2120 4874 2210 4942 est
2236 4884 2489 4938 magno-

826 4958 946 5016 que
973 4938 1290 4998 in'hon'ore
1343 4940 1472 5016 ejus
1509 4940 1820 5016 memoria.
1847 4941 2013 5016 Hunc
2043 4946 2135 5016 τοῦ
2190 4938 2488 5016 ᾀρχιστρα-

826 5010 994 5083 τῖὴγου
1017 5015 1264 5069 nomine
1295 5010 1561 5068 afﬁciunt
1590 5011 1776 5083 Graeci
1807 5010 1983 5083 quasi
2022 5010 2355 5083 principem
2385 5010 2486 5068 an-

826 5035 889 5074 τη
935 5035 994 5067 ου
1017 5035 1264 5069 nomine
1295 5035 1561 5068 auruum.
1590 5035 1776 5066 UI‘tBUl
1807 5035 1983 5083 quSI
2026 5035 2212 5083 μιΊιιυι
2262 5035 2355 5066 em
2385 5035 2486 5068 au-

826 5035 1100 5158 θεῖοι-ιω]
1122 5089 1178 5142 et
1206 5083 1460 5158 caelestis
1494 5083 1714 5158 militiae
1733 5082 1970 5158 ducem.
2004 5035 2489 5158 Michaei’AGlycas

823 5155 1054 5216 ληηαι.
1091 5162 1222 5230 part
1249 5173 1302 5211 γι
1331 5171 1353 5211 .·
1381 5157 1672 5230 Quoniam
1688 5157 1830 5224 imp.
1857 5155 2485 5230 Basiliuspllfichaelem

823 5232 1002 5286 illum
1019 5227 1409 5285 teinulentum
1436 5227 2151 5296 interfecerat,placandi
2173 5229 2278 5283 Dei
2303 5242 2487 5283 causa

823 5304 1030 5359 multis
1047 5315 1157 5370 per
1169 5301 1372 5356 urbem
1397 5300 1539 5355 locas
1556 5314 1739 5354 novas
1763 5299 1916 5354 (edes
1929 5299 2216 5355 illic/laeti
2224 5300 2488 5369 principi

823 5377 1134 5445 copiarum
1152 5373 1475 5445 caelestium
1489 5372 1632 5426 duci
1642 5374 1963 5445 exstruxit,
1984 5371 2335 5445 Emmanuel
2349 5372 2483 5442 imp-

823 5442 1068 5503 Novella
1097 5445 1171 5499 de
1203 5443 1360 5498 feriis
1387 5460 1398 5497 :
1428 5444 1762 5508 Feriamur,
1798 5442 2007 5513 inquit,
2041 5449 2210 5498 sexta
2235 5444 2489 5511 Septem-

824 5519 930 5585 ὄϊς,
991 5519 1073 5570 ὅτι
1138 5513 1186 5568 ἐν
1233 5515 1363 5586 αύτῇ
1420 5519 1477 5567 τό
1539 5513 1584 5566 ἐν
1648 5520 1850 5576 Χώναις
1921 5523 2011 5565 τού
2076 5517 2485 5588 άρχιστραὴγου

820 5589 1046 5661 Μιχαὴλ
1081 5590 1256 5660 θαῦμα
1294 5606 1734 5660 τερατουργειται,
1779 5587 1934 5661 quia
1968 5588 2076 5661 ι’ζίιι
2108 5587 2202 5661 die
2245 5603 2489 5661 comme-

819 5659 1075 5719 moratio
1096 5659 1304 5732 agitur
1321 5659 1790 5732 miraculz',quod
1810 5659 2491 5732 aiMz'chaelearc/u'stra-

823 5741 954 5807 (ego
970 5731 1181 5792 Gitonis
1189 5739 1498 5805 patratum
1510 5738 1612 5790 est.
1631 5731 1770 5787 Vide
1791 5731 2133 5802 Menologia
2146 5732 2486 5787 Grecorum

2599 4740 2738 4780 cum
2762 4723 2860 4779 alii
2894 4728 3021 4778 tum
3056 4725 3315 4778 Zonaras
3340 4728 3484 4778 tom.
3516 4727 3585 4779 lll
3611 4723 3834 4782 Annal.
3859 4725 4214 4782 meminitin

2601 4795 2824 4875 lsaacio
2839 4794 3569 4875 Commenomemplorum
3584 4798 3811 4852 numini
3824 4798 3874 4868 ej
3886 4815 3954 4852 us
3968 4797 4215 4875 dedica:

2599 4873 2795 4941 torum
2811 4865 3172 4941 etMicbaelis
3189 4865 3432 4941 nomine
3446 4865 3935 4941 nuncupatorum
3947 4885 4084 4924 cum
4103 4868 4214 4925 alii

2597 4938 2767 4994 multi
2801 4942 2926 4992 tum
2939 4937 3312 4993 Cedrenusin
3328 4938 3544 4995 Basilio
3559 4937 3881 4996 Macedone
3911 4941 4211 5008 meminit,

2597 5010 2944 5086 monasterii
2965 5017 3056 5086 τοῦ
3071 5008 3510 5086 ἀρχιστρατῄγου
3529 5011 3606 5067 ad
3633 5015 3966 5086 Bosporum
3985 5012 4215 5086 alicubi

2597 5083 2966 5166 i‘gicephorus
2999 5081 3312 5166 Gregoras,
3347 5081 3458 5166 lib;
3483 5099 3539 5150 v,
3574 5100 3707 5166 cap.
3745 5081 3788 5139 ἱ.
3827 5084 4135 5166 Υἱόοιιόιιε
4150 5089 4219 5166 _et

2595 5153 2850 5220 Nicetas,
2871 5153 2975 5209 lib.
3005 5169 3076 5227 vn
3109 5154 3359 5227 Deimp.
3389 5153 3688 5227 Manuelis
3719 5159 3918 5227 gestis,
3941 5157 4080 5212 item
4098 5155 4213 5211 lib.

2598 5243 2656 5300 ιιι
2687 5227 2985 5300 γεἰκίηιρ.
3008 5225 3462 5300 ΙεοαςίίΑηθθιί
3485 5226 3706 5300 aliique
3723 5225 3974 5299 passim.
3999 5227 4130 5300 Fuit
4153 5234 4218 5285 et

2593 5299 2838 5354 interim
2849 5297 3138 5372 peratoris
3151 5295 3509 5372 ﬂammeola,
3527 5295 3753 5372 (Ιοῌὶοὸ
3766 5298 4119 5372 curopalata
4133 5304 4220 5355 te-

2597 5377 2704 5438 ste,
2723 5386 2903 5425 unum
2919 5369 3328 5438 archistrategi
3343 5374 3575 5425 nomine
3591 5371 3832 5442 dictum,
3854 5369 3932 5427 ab
3951 5371 4217 5440 imagine

2595 5441 2864 5514 videlicet
2916 5449 3006 5492 τοῦ
3048 5443 3500 5514 ,ἀρχιστρατήγου
3560 5450 3658 5493 τῶν
3711 5445 3816 5495 οῖνω
3869 5444 4058 5506 τάξεων
4106 5449 4218 5496 Μι-

2595 5513 2760 5586 χαὴλ.
2792 5515 2947 5578 Vide,
2968 5518 3022 5567 et
3042 5513 3426 5584 interpretem
3457 5514 3706 5584 corrige.
3743 5518 3947 5575 DOL’SA.

2667 5588 2781 5656 (49)
2837 5590 3076 5658 Τριήρεις
3126 5603 3178 5636 τε
3235 5588 3606 5641 κατεσκεύασε.
3644 5589 3776 5643 llaec
3823 5588 4018 5644 fusius
4067 5602 4219 5645 nar-

2597 5663 2687 5714 rat
2709 5660 3018 5729 Gregoras,
3044 5673 3104 5729 p.
3127 5659 3215 5712 28.
3239 5661 3375 5713 ALL.
