4470 6452
304 435 434 490 1041

1804 419 2145 477 ANNALES.

3543 420 3681 477 1042

314 557 679 616 Ελλήσποντον
708 554 899 615 ταύτας
945 554 1163 610 ἔστησεν
1213 549 1263 603 ἐν
1293 552 1433 620 τόπῳ
1479 546 1535 609 ὃς
1569 545 1751 608 Ὀλκὸς
1800 543 2106 618 ὀνομάζεται
2132 545 2199 612 ⁸⁵,
2234 546 2323 596 καὶ
2367 540 2426 601 ἧν
2474 541 2639 595 πολλά
2682 544 2926 615 παρέχων
2976 540 3149 603 αὐτοῖς
3196 540 3498 615 πράγματα,
3542 542 3679 596 κατά

300 643 457 699 δύσιν
488 647 782 721 ὁρμώμενος
811 646 900 695 καὶ
934 642 1071 696 λείαν
1115 643 1182 693 τὰ
1228 639 1429 693 ἐκείνων
1458 638 1779 709 ποιούμενος,
1810 636 2015 710 πορθῶν
2044 652 2099 686 τε
2126 637 2185 686 τὸ
2216 641 2314 686 τῶν
2345 629 2598 687 Μαδύτυν
2628 633 2765 684 ἄστυ
2803 635 2892 683 καὶ
2933 635 3028 690 τήν
3075 630 3447 686 Καλλιούπολιν
3477 635 3567 685 καὶ
3606 633 3674 686 τὰ

304 734 657 810 παραιγιάλια
686 734 848 785 τάντα
876 738 986 794 τοῖς
1012 729 1228 791 Ἰταλοῖς
1256 730 1491 802 ύπόφορα
1520 728 1659 781 ὄντα.

374 809 474 896 κγ’.
506 824 593 877 Ἐν
638 825 874 874 τουτοισὶ
916 817 975 873 δὶ
1026 823 1166 881 ὄντος
1210 825 1304 871 τοῦ
1344 815 1599 889 βασιλέως
1649 813 1905 878 Ἰωάννου,
1945 810 1993 864 Α
2091 813 2139 867 ἓξ

1945 810 1993 864 A
2091 813 2177 867 23.
2225 812 2373 866 Cum
2419 809 2547 867 haec
2588 811 2789 879 ageret
2835 810 3162 881 imperator
3212 810 3497 879 Joannes,
3529 809 3674 867 acri-

304 917 392 966 καὶ
446 912 682 987 ἀκρατῶς
737 914 1041 984 μαχομένου
1096 915 1201 969 τοῖς
1253 906 1468 969 Ἰταλοῖς
1504 906 1637 957 κατά
1682 923 1737 956 τε
1788 906 1910 975 χέρ-

308 1022 399 1055 σον
443 1006 536 1054 καὶ
584 1000 873 1065 θάλασσαν,
924 1004 1262 1071 σκευωρεῖται
1318 998 1480 1067 τούτῳ
1536 992 1800 1051 ἐπιϐουλή.
1852 991 1909 1043 Ὀ

308 1087 369 1144 δε
409 1093 603 1149 ταύτην
649 1091 1041 1161 συστησάμενος
1069 1082 1490 1162 πρωτεξάδελφος
1522 1081 1582 1141 ἦν
1612 1089 1705 1135 τοῦ
1744 1080 1909 1153 βασι-

306 1178 428 1240 λέως
484 1182 510 1232 6
562 1183 858 1250 Νεστὸγγος
909 1173 1263 1251 Ἀνδρόνικος.
1314 1176 1512 1227 Ούτοσὶ
1574 1168 1633 1225 δε
1679 1175 1769 1223 καὶ
1815 1173 1910 1226 τὴν

304 1276 403 1329 τῆς
465 1273 763 1341 συγγενείας
818 1271 1006 1338 σχέσιν
1062 1265 1185 1340 παρ’
1240 1261 1391 1317 ούδὶν
1437 1265 1636 1335 θέμενος
1694 1264 1783 1312 καὶ
1822 1262 1909 1309 τὸν

304 1365 398 1418 τῆς
449 1357 622 1429 φιλίας
680 1355 981 1431 ἀπορρήξας
1040 1350 1237 1425 δεσμὸν
1289 1351 1573 1424 ἀνταρσίαν
1632 1351 1767 1402 κατά
1818 1354 1909 1400 τοῦ

302 1442 735 1519 πρωτεξαδέλφου
793 1444 1047 1517 βασιλέως
1106 1441 1444 1516 βεϐούλευται
1485 1442 1557 1505 9°,
1610 1440 1747 1511 ἔχων
1793 1456 1911 1489 συνο

303 1538 451 1610 εργὸν
501 1535 572 1597 εἰς
620 1541 775 1586 τούτο
818 1536 905 1585 τὸν
965 1528 1184 1604 ἀδελφὸν
1238 1531 1499 1583 Ἰσαάκιον
1551 1532 1641 1579 καὶ
1710 1526 1911 1601 ἐτέρους

302 1632 404 1676 τῶν
468 1622 726 1696 ἐπιφανῶν
787 1622 879 1675 ούκ
931 1621 1159 1693 ὀλίγους,
1222 1624 1309 1672 τόν
1360 1638 1415 1672 τε
1464 1616 1801 1690 Φλαμούλιον,
1856 1615 1908 1668 ὃν

300 1715 463 1785 μέγαν
517 1712 887 1785 ἑταιρειάρχην
944 1709 1029 1784 [Ρ.
1074 1708 1168 1782 20]
1229 1710 1254 1761 6
1315 1706 1559 1779 βασιλεύς
1615 1710 1905 1777 τετίμηκε),

301 1806 393 1855 τὸν
436 1806 838 1875 Ταρχανειώτην
873 1795 1190 1867 Συναδηνὸν,
1230 1801 1318 1849 τὸν
1350 1796 1431 1849 ἄπ’
1478 1792 1672 1867 ἀδελφῇ
1725 1797 1909 1847 τούτου

302 1889 541 1964 γαμϐρὸν
602 1892 900 1958 Στασηνόν,
956 1891 1043 1940 τὸν
1109 1890 1387 1961 Μακρηνὸν
1453 1889 1542 1937 καὶ
1602 1884 1788 1945 ἄλλους
1844 1883 1910 1944 εἷς

303 1980 499 2041 πλῆθος
537 1982 623 2031 τὸν
676 1977 897 2053 ἀριθμόν
922 1978 1069 2029 97-“.
1102 1978 1333 2048 Ἐγένετο
1362 1971 1421 2027 δὲ
1466 1976 1496 2032 ἠ
1539 1972 1784 2030 ἑπιϐουλή
1817 1991 1910 2024 πο-

303 2069 581 2143 λυήμερος.
635 2069 722 2124 Ἐν
772 2076 833 2141 τῇ
892 2065 1172 2140 Λαμψάκῳ
1230 2062 1288 2118 δε
1336 2062 1536 2135 διάγων
1585 2064 1610 2114 6
1664 2061 1913 2135 βασιλεύς

2016 899 2252 972 busque
2304 899 2479 955 Italos
2534 897 2753 973 prmliis
2807 901 2964 954 terra
3017 896 3290 970 marique
3346 897 3671 968 divexaret,

2016 989 2249 1045 insidim
2275 990 2409 1045 vita;
2438 988 2592 1045 illius
2618 991 2924 1060 parantur.
2968 987 3271 1043 Facinoris
3304 993 3512 1044 auctor
3549 992 3677 1046 erat

2017 1081 2351 1149 Nestongus
2378 1077 2754 1133 Andronicus
2779 1076 3156 1149 imperatoris
3178 1076 3598 1133 consobrinus.
3621 1080 3674 1133 ls

2016 1167 2333 1224 artissimas
2375 1166 2681 1222 afﬁnitatis
2726 1165 3148 1236 conjunctione
3187 1165 3460 1237 neglecta
3506 1181 3673 1240 spre-

2016 1257 2209 1330 tisque
2236 1256 2509 1313 amicitiae
2532 1255 2772 1327 juribus
2802 1255 2864 1311 in
2896 1254 3329 1311 consobrinum
3356 1272 3537 1313 suum
3568 1257 3676 1314 im-

2015 1351 2352 1419 peratorem
2383 1347 2675 1417 conjurat,
2709 1345 3139 1415 conjurationis
3177 1350 3454 1403 consorte
3494 1347 3673 1405 fratre

2018 1436 2242 1491 Isaacio
2268 1440 2324 1491 et
2348 1450 2469 1490 non
2501 1435 2711 1507 paucis
2744 1450 2813 1489 ex
2839 1433 3207 1505 proceribus.
3243 1434 3362 1507 ιθ
3393 1438 3506 1492 Nec
3536 1435 3673 1493 dee-

2016 1530 2152 1581 rant
2193 1523 2426 1580 sceleris
2467 1524 2784 1596 participes
2824 1522 3194 1579 Pblamulius
3232 1524 3443 1594 magni
3490 1524 3672 1582 heim-

2015 1613 2265 1671 riarchae
2293 1612 2581 1685 dignitate
2628 1611 2921 1668 beneﬁcio
2959 1611 3339 1683 imperatoris
3379 1612 3672 1670 condeco-

2016 1708 2202 1771 ratus,
2237 1700 2593 1773 Synadenus
2622 1701 3035 1767 Tarchaniota,
3077 1700 3299 1756 sororis
3341 1700 3501 1757 illius
3537 1717 3673 1760 ma-

2014 1792 2183 1859 ritus,
2227 1793 2533 1859 Stasenus,
2585 1792 2889 1845 Macrenus
2938 1789 3158 1861 aliique
3212 1789 3670 1863 quamplurimi.

2018 1882 2163 1937 Cum
2194 1896 2335 1936 vero
2378 1894 2484 1953 per
2522 1879 2742 1935 multos
2771 1878 2899 1935 dies
2930 1879 3265 1950 conjuratio
3298 1880 3672 1953 protrahere-

2018 1974 2130 2036 tur,
2159 1968 2468 2042 Lampsaci
2502 1968 2728 2039 degens
2767 1969 3095 2041 imperator
3128 1972 3383 2025 conatus
3431 1968 3674 2043 conspi-

2016 2060 2278 2117 rantium
2304 2059 2555 2121 rescivit,
2580 2063 2637 2115 et
2663 2058 3004 2115 triremibus
3030 2073 3106 2114 ne
3127 2057 3206 2115 ab
3233 2058 3389 2115 Italis
3417 2075 3676 2133 occupa-

305 2160 553 2232 μανθάνει
611 2166 791 2212 ταῦτα.
853 2162 989 2231 Πυρὶ
1047 2152 1135 2208 οὖν
1196 2158 1284 2215 τὰς
1334 2158 1564 2228 τριήρεις
1618 2150 1910 2203 καταναλώ-
1951 2165 2070 2219 Bre

1907 2183 1910 2189 ι
1951 2165 1990 2219 Β
2016 2154 2222 2206 rentur
2254 2148 2670 2217 concrematis,
2698 2147 2855 2204 bello
2885 2147 3213 2205 domestico
3245 2148 3439 2220 magis
3483 2164 3672 2222 quam

307 2268 428 2313 σας,
478 2248 561 2299 ἶνα
609 2252 680 2319 μή
734 2254 840 2307 τοῖς
896 2245 1111 2306 Ἰταλοῖς
1162 2246 1265 2297 ύπὸ
1320 2249 1479 2318 χεῖρα
1532 2245 1777 2313 γένοιντο,
1819 2244 1909 2293 καὶ

301 2342 733 2413 προύργιαίτερον
779 2340 866 2389 τὸν
923 2337 1110 2389 ἔσωθεν
1159 2335 1378 2407 πόλεμον
1426 2338 1606 2408 κρίνας
1652 2339 1745 2383 τού
1792 2330 1909 2394 ἔξω·

306 2429 409 2498 θεν,
476 2426 680 2501 ἀπάρας
748 2424 935 2479 ἐκεῖθεν
1002 2426 1086 2478 ἐπὶ
1151 2430 1245 2483 τήν
1314 2424 1608 2497 Ἀχυράους
1674 2420 1907 2493 ἀφίκετο.

302 2519 537 2570 κάκεῖθεν
612 2520 707 2575 τήν
774 2515 1008 2579 ἐξέτασιν
1079 2523 1173 2576 τῆς
1240 2512 1520 2574 ἐπιϐουλῆς
1598 2511 1905 2569 ἐποιήσατο.

302 2610 405 2660 Καὶ
445 2606 581 2663 ἦσαν
636 2606 683 2657 οὶ
733 2608 1028 2676 συνωμόται
1077 2604 1263 2664 πάντες
1304 2608 1420 2663 ταῖς
1473 2597 1651 2662 δίκαις
1682 2601 1907 2652 ύπεύθυ-

300 2714 397 2747 νοι.
442 2693 581 2747 Ἀλλ’
637 2694 663 2745 ὁ
722 2691 973 2764 βασιλεύς
1028 2690 1503 2764 φιλανθρωπότερον
1565 2696 1675 2751 τοίς
1737 2692 1910 2760 νόμοις

298 2781 591 2855 έχρήσατο,
643 2786 733 2833 καὶ
781 2785 867 2833 τὸν
908 2784 997 2853 μὲν
1052 2786 1350 2851 Νεστόγγον
1405 2779 1667 2833 Ἰσαάκιον
1714 2776 1909 2849 τυφλὼ.

301 2890 383 2924 σει
429 2868 778 2932 καταδικάζει
823 2874 913 2923 καὶ
972 2874 1309 2945 χειροκοπίᾳ,
1365 2870 1616 2929 ὡσαύτως
1676 2870 1767 2919 καὶ
1819 2870 1907 2919 τὸν

299 2965 579 3036 Μακρηνόν
613 2981 626 2994 ο
695 2960 1024 3032 έξελήλεγκτο
1089 2962 1191 3034 γὰρ
1254 2960 1319 3019 ὡς
1376 2958 1625 3019 πολλάκις
1671 2954 1907 3030 ἐφώρμη-

301 3070 380 3115 σε,
433 3053 569 3103 κατά
622 3058 779 3102 νῶτον
835 3050 1115 3121 τυγχάνων
1164 3054 1255 3099 τοῦ
1306 3046 1587 3119 βασιλέως,
1628 3045 1908 3117 έφελκύσαι

301 3145 395 3199 τὴν
444 3141 651 3198 σπάθην
699 3144 789 3191 καὶ
837 3137 1163 3213 καταρῥάξαι
1214 3141 1441 3210 καιρίαν.
1484 3140 1585 3189 Καὶ
1629 3135 1808 3195 εἶλλους
1848 3131 1908 3187 δέ

298 3236 443 3290 τινᾶς
503 3237 719 3303 μικραῖς
766 3236 967 3289 ποιναῖς
1019 3226 1407 3292 καθυπέϐαλεν,
1456 3229 1577 3287 τοὺς
1633 3222 1692 3278 δε
1757 3225 1907 3277 πλεί-

301 3338 463 3380 στους
514 3318 705 3392 ἀφῆκεν
763 3321 991 3391 εἱρκταῖς
1041 3320 1207 3389 μέχρι
1252 3320 1385 3376 τινὸς
1441 3314 1787 3390 περικλείσας,
1816 3318 1906 3367 καὶ

298 3407 458 3460 αὑτὸν
513 3404 579 3466 δὴ
628 3411 715 3459 τὸν
770 3410 1109 3482 πρωτουργόν
1162 3413 1250 3466 τῆς
1312 3404 1604 3470 ἐπιϐουλῆς,
1665 3407 1751 3455 τὸν
1815 3408 1905 3456 καὶ

295 3495 572 3570 βασιλείας
628 3495 904 3569 ἔφείμενον,
961 3498 1048 3547 τὸν
1110 3499 1406 3567 Νεστόγγον
1470 3491 1804 3565 Ἀνδρόνικον
1855 3495 1903 3528 99

291 3585 342 3639 ἕν
392 3594 465 3657 τῷ
510 3592 740 3661 φρουρίῳ
797 3594 893 3647 τῆς
945 3590 1262 3656 Μαγνησίας
1317 3582 1655 3637 συνέκλεισεν.
1705 3589 1904 3636 Τοσοῦ-

290 3695 379 3728 τον
428 3678 458 3733 ἡ
509 3684 605 3736 τῆς
655 3674 858 3746 ἀγάπης
900 3679 1087 3745 σχέσις
1110 3678 1196 3726 τὸν
1239 3672 1464 3747 βασιλεα
1494 3680 1586 3725 τοῦ
1616 3681 1904 3731 κακοποιῆ-

294 3784 390 3818 σαι
443 3772 624 3817 τοῦτον
674 3763 990 3816 έκώλυσενί.
1034 3763 1130 3826 Ὃς
1186 3767 1276 3815 καὶ
1324 3782 1418 3835 μετ
1467 3762 1637 3833 ὀλίγον
1678 3758 1901 3835 ἀπέδρα,

284 3855 354 3915 ὡς
405 3858 494 3925 μέν
551 3872 685 3915 τινες
741 3856 984 3925 ἔφασκον,
1035 3852 1240 3911 θελήσει
1292 3860 1382 3904 τού
1440 3850 1701 3924 βασιλέως
1759 3850 1903 3904 ἕλευ-

288 3945 582 4017 θεριωτερον
665 3941 864 4015 βαίνειν
950 3948 1133 3993 τοῦτον
1214 3940 1734 4013 παρακελευσαμένου
1814 3945 1903 3992 καὶ

287 4033 396 4085 οἷον
462 4029 649 4102 κλέψαι
710 4038 894 4084 τοῦτον
963 4036 1057 4089 τὴν
1127 4034 1391 4103 σωτηρίαν
1456 4028 1898 4103 βουλευσαμένου.

289 4120 389 4184 ⁸ος
439 4126 530 4173 καί
586 4124 767 4181 νυκτὸς
825 4126 999 4193 φυγὼν
1063 4118 1145 4172 ἐπὶ
1202 4123 1266 4171 τά
1327 4128 1427 4171 τῶν
1480 4119 1902 4192 Μουσουλμὰνων

293 4209 592 4283 ἐφώρμησε,
644 4215 734 4263 καὶ
785 4206 969 4281 διῆγεν
1014 4207 1178 4261 ἐκεῖσε
1226 4211 1437 4282 μέχρι²
1481 4217 1574 4270 τῆς
1624 4208 1785 4261 αὐτοῦ
1827 4228 1905 4261 τε-

294 4299 497 4361 λευτῆς.
556 4301 814 4354 Ἐντεῦθεν
873 4301 899 4352 6
959 4297 1206 4372 βασιλεὺς
1272 4302 1741 4373 προσεκτικώτερον
1814 4297 1904 4370 ἒχ-

294 4395 427 4466 ρᾶτο
479 4397 590 4451 τοῖς
640 4392 939 4465 πράγμασι,
974 4394 1063 4441 καὶ
1124 4397 1212 4449 τῆς
1264 4392 1517 4463 προτέρας
1557 4386 1903 4461 ἐλευθεριότη-

293 4496 379 4538 τος
419 4479 514 4530 ούκ
571 4476 887 4531 ἀντεποιεῖτο
912 4479 956 4548 ³,
989 4477 1216 4550 φύλακας
1268 4497 1321 4530 τε
1373 4482 1486 4549 περὶ
1546 4479 1701 4529 αύτόν
1749 4480 1901 4535 ἔστη-

297 4586 356 4621 σε
402 4573 493 4620 καὶ
549 4573 805 4643 φρουρούς
854 4570 1054 4642 νύκτωρ
1111 4587 1165 4620 τε
1222 4573 1311 4621 καὶ
1369 4568 1483 4640 μεθ’
1539 4568 1734 4641 ἡμέραν
1791 4574 1896 4630 τοῖς

2017 2244 2260 2295 externo
2304 2237 2743 2308 invigilandum
2772 2241 2961 2307 ratus,
2993 2237 3131 2294 inde
3162 2237 3469 2309 digressus
3498 2238 3673 2295 Achi-

2016 2344 2190 2385 raum
2224 2326 2632 2399 proﬁciscitur,
2667 2326 2869 2399 ibique
2898 2326 3294 2399 questionem,
3335 2331 3399 2384 ut
3427 2343 3675 2385 consor-

2017 2423 2104 2476 tes
2137 2418 2374 2473 sceleris
2405 2417 2830 2481 indicarentur,
2864 2417 3085 2474 habet:
3119 2422 3176 2474 et
3203 2418 3500 2489 conjurati
3548 2434 3675 2475 om-

2018 2524 2125 2564 nes
2146 2508 2398 2564 convicti
2418 2506 2923 2580 condemnatique
2945 2511 3101 2565 sunt.
3125 2512 3399 2565 Attamen
3419 2508 3678 2582 impera-

2016 2604 2109 2655 tor
2136 2598 2555 2654 humaniorem
2585 2613 2648 2652 se
2677 2596 2953 2669 praebens
2980 2600 3347 2669 Nestongum
3376 2598 3672 2655 lsaacium

2014 2687 2242 2743 lumine
2280 2692 2338 2743 et
2368 2703 2554 2742 manu
2586 2686 2837 2755 mutilat,
2868 2688 3207 2743 Macrenum
3251 2703 3528 2761 quoque;
3564 2704 3674 2746 saa-

2015 2777 2152 2849 pius
2199 2776 2359 2832 enim
2410 2792 2547 2831 cum
2588 2791 2625 2832 a
2654 2780 2820 2845 tergo
2853 2776 3232 2849 imperatoris
3274 2781 3430 2834 esset
3457 2781 3514 2834 et
3539 2776 3673 2848 gla-

2015 2866 2184 2922 dium
2226 2865 2515 2934 stringere
2559 2868 2615 2922 et
2645 2865 2863 2921 vulnus
2898 2866 3167 2936 inﬂigere
3213 2865 3386 2922 letale
3416 2870 3675 2924 tentasse

2015 2956 2428 3028 deprehensus
2475 2960 2585 3011 est.
2637 2954 2795 3010 Alios
2840 2954 3043 3011 itidem
3087 2955 3427 3012 mitioribus
3473 2956 3673 3029 poenis

2016 3044 2305 3111 multavit,
2330 3043 2620 3118 plurimos
2647 3044 2724 3100 ad
2746 3048 2985 3117 tempus
3010 3044 3263 3101 detrusit
3290 3045 3351 3100 in
3381 3060 3673 3111 carceres,

2015 3138 2072 3189 et
2126 3134 2327 3204 ipsum
2376 3132 2835 3205 conspirationis
2884 3138 3194 3189 auctorem
3247 3138 3304 3189 et
3354 3133 3676 3206 imperium

2015 3222 2397 3279 aﬂ'ectantem
2430 3226 2798 3292 Nestongum
2832 3222 3242 3278 Andronicum
3274 3224 3584 3295 Magnesia
3614 3225 3677 3280 in

2014 3328 2216 3368 arcem
2256 3311 2561 3381 relegavit.
2588 3311 2679 3367 Sic
2710 3311 2933 3367 amoris
2971 3310 3263 3368 illecebrae
3303 3311 3382 3368 ab
3405 3312 3519 3368 illis
3549 3327 3677 3370 ma-

2012 3402 2328 3459 leliciendo
2405 3401 2831 3472 imperatorem
2904 3401 3271 3459 abstraxere.
3337 3406 3675 3474 Nestongus

1945 3522 1984 3578 ρ
2013 3492 2196 3565 paulo
2221 3494 2357 3565 post
2397 3490 2647 3561 aufugit,
2680 3494 2745 3546 ut
2781 3490 3030 3563 quidam
3076 3491 3336 3559 tradunt,
3371 3497 3674 3550 annuente

2013 3582 2393 3654 imperatore,
2426 3580 2529 3652 qui
2566 3579 2736 3635 illum
2769 3579 3014 3636 liberius
3058 3580 3266 3651 vagari
3307 3596 3488 3654 posse
3517 3598 3672 3655 prae-

2012 3675 2269 3744 ceperat,
2296 3675 2357 3725 ut
2386 3668 2657 3741 quodam
2686 3669 2872 3725 modo
2905 3669 3161 3726 salutem
3193 3670 3523 3728 suﬂ‘uratus
3541 3687 3672 3729 esse

2011 3760 2326 3816 videretur.
2353 3762 2537 3815 Noctu
2566 3758 2662 3813 ille
2692 3758 2754 3814 in
2776 3758 2982 3828 fugam
3009 3760 3316 3831 conjectus
3348 3760 3670 3819 Musulma—

2011 3867 2123 3907 nos
2170 3848 2467 3914 convenit,
2496 3848 2648 3903 inter
2685 3847 2797 3921 41
2844 3864 2998 3921 quos
3036 3848 3116 3904 ad
3155 3854 3491 3906 extremum
3533 3852 3670 3907 vitm

2010 3941 2236 3996 exitum
2281 3942 2517 3994 aetatem
2564 3936 2754 3992 duxit.
2809 3937 2951 3993 Hinc
3006 3938 3333 4011 imperator
3389 3940 3673 3996 attentius

2011 4029 2190 4086 rebus
2212 4028 2559 4093 advertere;
2593 4026 2878 4082 omnibus
2916 4027 2996 4084 ad
3027 4044 3089 4083 se
3129 4027 3395 4085 adeundi
3425 4028 3673 4087 faculta-

2012 4123 2149 4187 tem,
2182 4134 2307 4191 qua
2350 4116 2516 4189 prius
2550 4115 2873 4172 utebantur
2903 4116 3199 4184 liberiore,
3230 4133 3542 4185 coercere;
3575 4134 3677 4175 cu-

2014 4208 2215 4266 stodes
2238 4223 2308 4263 ac
2330 4206 2557 4277 vigiles,
2573 4206 2676 4278 qui
2700 4210 2879 4262 noctu
2905 4204 3285 4281 interdiuque
3310 4223 3371 4264 se
3397 4224 3469 4265 ac
3492 4209 3675 4266 ratio-

2010 4315 2116 4356 nes
2134 4314 2274 4353 suas
2292 4296 2700 4367 defenderent,
2714 4295 2955 4353 addere.
2976 4296 3089 4353 Sed
3105 4297 3382 4355 omnium
3409 4299 3675 4357 maxime

2010 4387 2358 4461 imperatrix
2390 4389 2575 4455 Irene,
2607 4385 2882 4441 moribus
2909 4401 2979 4442 ac
3004 4386 3246 4456 ingenio
3286 4385 3584 4459 mascula,
3617 4392 3676 4445 et

2011 4494 2151 4534 cum
2177 4475 2461 4532 omnibus
2500 4475 2693 4546 magis
2728 4475 2890 4546 regie
2916 4491 3101 4549 quam
3128 4491 3239 4549 par
3263 4479 3391 4533 erat
3427 4491 3672 4534 conver-

2009 4584 2169 4635 sans,
2198 4565 2277 4623 ad
2303 4565 2784 4622 conservandum
2814 4582 2955 4621 eum
2984 4566 3353 4623 incumbere.

294 4655 491 4709 ἑκείνου
522 4661 885 4732 προσέχοντας
917 4659 960 4711 ⁸.
1002 4656 1249 4710 Μάλιστα
1277 4654 1335 4710 δέ
1374 4662 1492 4729 περὶ
1530 4664 1698 4709 ταῦτα
1742 4662 2019 4713 συνέτεινεν
2050 4660 2079 4717 ἡ
2117 4656 2327 4730 βασιλὶς
2356 4656 2572 4729 Εἰρήνη,
2606 4653 3014 4731 ἀρῥενωπότερον
3060 4658 3118 4708 τὸ
3160 4652 3282 4717 ἦθος
3324 4658 3532 4729 ἔχουσα
3576 4658 3672 4711 καὶ

292 4752 403 4807 τοῖς
431 4745 567 4799 πᾶσι
597 4745 1009 4822 βασιλικώτερον
1040 4746 1454 4817 ἐντυγχάνουσα.

369 4836 452 4899 Εἰς
503 4839 767 4901 συνθήκας
808 4834 868 4891 δε
925 4836 1231 4898 θελήσαντες
1263 4835 1422 4889 ἐλθεῖν
1454 4837 1503 4888 οἱ
1543 4836 1728 4891 Ἰταλοὶ
1782 4836 1903 4890 ἀπέ-
1941 4841 1984 4895 D

292 4926 459 4981 λυσαν
486 4928 507 4962 ⁵
553 4930 679 5001 πρὸς
715 4931 801 4981 τὸν
843 4926 1068 5001 βασιλέα
1110 4931 1200 4979 καὶ
1248 4930 1306 4978 τὸ
1352 4934 1450 4977 τῶν
1502 4933 1688 4997 Πηγῶν
1740 4928 1898 4981 οἷστυ.

297 5021 398 5070 Καὶ
445 5016 577 5069 οὕτω
633 5013 701 5075 δὴ
754 5016 864 5090 μετ’
905 5016 1072 5068 αύτῶν
1113 5017 1138 5067 ὁ
1196 5014 1443 5089 βασιλεὺς
1495 5016 1737 5076 Ἰωάννης
1771 5015 1903 5090 εἰρή-

291 5108 724 5174 νενσεν,πάντων
782 5114 881 5158 τῶν
926 5109 1055 5178 πρὸς
1110 5109 1254 5157 νότον
1304 5106 1767 5178 ὑποχωρησάντων
1816 5109 1906 5157 αύ-

292 5204 367 5267 τῷ
399 5200 653 5260 Λατίνων,
687 5198 762 5248 ἑτι
794 5192 853 5248 δε
898 5198 1222 5271 κρατούντων
1264 5199 1393 5269 πρὸς
1437 5194 1632 5269 Βορρᾶν
1672 5196 1739 5246 τὰ
1768 5193 1905 5251 πλη-

296 5289 410 5337 σίον
454 5289 578 5338 ὄντα
624 5293 715 5346 τῆς
774 5284 1367 5347 Κωνσταντινουπολεως
1417 5289 1506 5336 καὶ
1556 5292 1618 5357 τῇ
1672 5290 1763 5336 τοῦ
1813 5291 1907 5338 Νι-

291 5380 429 5448 κομή
439 5370 563 5437 δούς
587 5374 731 5428 πόλει
761 5372 1059 5448 ἐγγίζοντα.

367 5519 416 5554 ⁸⁵
448 5516 497 5570 ἓν
526 5549 595 5558 -
644 5516 955 5577 ὀνομάζεται
1002 5533 1123 5573 om.
1178 5518 1242 5571 Ι).

369 5536 416 5554 ἐ’
448 5537 497 5570 εν
526 5549 595 5558 -
644 5537 727 5570 ονο

292 5594 594 5662 Νεστργγον
625 5536 769 5662 Ἀνόε

294 5668 387 5736 και
408 5658 519 5736 Δἦν’
546 5660 656 5736 ἐκεῖ
684 5658 849 5736 μέχρι
890 5665 954 5718 D.

296 5731 485 5786 Ἰταλοὶ
524 5731 878 5790 συνελθεῖνἸ).

1033 5662 1055 5696 ³
1086 5665 1174 5713 καὶ
1203 5692 1274 5702 -
1301 5658 1617 5714 ἀντεποιεῖτο
1667 5675 1790 5717 om.
1824 5662 1888 5716 D.

2086 4835 2213 4892 Itali
2251 4834 2488 4892 interim
2530 4850 2670 4891 cum
2709 4835 3068 4908 imperatore
3094 4834 3483 4894 concordiam
3524 4850 3671 4895 con-

2012 4927 2255 4982 firmare
2294 4924 2563 4981 volentes
2604 4928 2798 4983 castro
2846 4929 3141 4997 Pegarum
3172 4942 3434 5000 cessere;
3467 4927 3673 5001 sicque

2014 5031 2151 5072 cum
2176 5014 2259 5070 eis
2283 5016 2543 5071 Joannes
2567 5015 2892 5088 imperator
2911 5031 3126 5089 pacem
3152 5016 3514 5090 composuit,
3531 5033 3673 5077 cum

2014 5104 2093 5161 ad
2134 5108 2420 5160 Austrum
2463 5103 2747 5159 omnibus
2796 5105 3265 5176 renuntiassent,
3297 5103 3407 5161 sed
3449 5105 3674 5179 adhuc,

2013 5210 2150 5267 quae
2204 5193 2365 5249 circa
2421 5195 2668 5250 Boream
2719 5192 2924 5250 afﬁnia
2973 5193 3138 5267 Cpoli
3195 5200 3367 5253 erant
3419 5194 3676 5270 urbique

2014 5283 2457 5340 Nicomediensi
2488 5283 2785 5357 proxima,
2813 5284 3153 5342 retinerent.

1323 5518 1370 5594 νε
1404 5516 1585 5569 οὐτοσὶ
1629 5545 1696 5555 -
1743 5513 2081 5594 βεϐούλευται
2129 5533 2250 5573 om.
2292 5520 2356 5574 D.
2428 5520 2559 5594 ‘97-”
2605 5522 2691 5571 τόν
2736 5539 2789 5572 τε
2834 5552 2903 5561 ·-
2944 5519 3088 5594 δὲριθίί

1907 5515 2081 5569 λευται
2129 5533 2250 5573 om.
2292 5520 2384 5594 D.A
2428 5520 2559 5594 ‘97-”
2605 5522 2691 5594 τόν
2736 5539 2789 5572 τε
2834 5552 2903 5594 -τ-
2944 5519 3160 5594 ἀριθμόν
3204 5536 3325 5578 om.
3360 5522 3456 5594 D._
3504 5522 3552 5557 θ’
3584 5522 3672 5575 τὸν

755 5595 958 5664 ρονικον
998 5605 1119 5668 om.
1159 5592 1217 5644 Ο.
1254 5618 1322 5668 -τ
1355 5589 1367 5622 ¹
1402 5596 1651 5640 τοσοῦτον
1689 5586 1751 5628 -έ
1782 5586 2039 5668 ἐκώλυσεν
2070 5606 2191 5645 om.
2226 5593 2291 5647 Ο.
2370 5592 2390 5625 ²
2422 5590 2476 5651 ὃς
2506 5597 2594 5643 καὶ
2625 5593 2813 5665 ύστρον
2845 5586 3198 5668 ἀπέδραπερὶ
3229 5592 3671 5667 Μουσουλμάνους

739 5662 849 5736 ἔχρι
890 5665 954 5718 D.
1033 5662 1055 5696 ³
1086 5665 1274 5713 καὶ-
1301 5662 1617 5714 ἀντεποιεῖτο
1667 5675 1790 5717 om.
1824 5662 1888 5716 D.
1968 5662 1990 5697 ‘
2034 5665 2235 5736 νύκτωρ
2276 5694 2348 5705 -
2381 5683 2504 5738 προς

1226 5692 1274 5702 -
1301 5662 1617 5714 ἀντεποιεῖτο
1667 5675 1790 5717 om.
1824 5662 1888 5716 D.
1968 5662 1990 5697 ‘
2034 5665 2235 5736 νύκτωρ
2276 5694 2348 5705 -
2381 5662 2741 5738 προσέχοντας
2770 5681 2894 5723 om.
2926 5662 2991 5721 Di

3071 5667 3093 5701 ⁵
3145 5663 3197 5720 δ’
3242 5663 3575 5731 ἐθελήσαντες
3622 5668 3672 5722 οἱ
