4470 6452
327 412 462 465 1045

1841 401 2160 458 ANNALES
2173 443 2186 456 .

3554 398 3692 456 1046

323 535 404 586 θεν
443 538 534 585 τού
564 528 756 603 Ἕϐρου
810 523 1161 600 κατέδραμον,
1199 527 1354 579 ἄνετα
1409 527 1565 599 εὑρὼν
1609 528 1775 577 πάντα
1829 531 1918 578 καὶ
1957 534 2002 582 Α
2031 524 2355 594 decipiens,
2411 523 2626 596 opibus
2685 540 2705 579 ῐ

2031 524 2355 594 decipiens,
2411 523 2626 596 opibus
2685 539 2928 596 nempe,
2983 524 3256 590 fortunis,
3299 521 3693 592 dignitatibus

320 618 509 694 μηδενὶ
569 624 795 693 φρουρίῳ
862 619 1333 690 περιφραγνύμενα.
1393 615 1564 668 Ἔνθεν
1622 635 1701 666 τοι
1746 617 1784 649 ¹¹
1851 606 1935 666 καἱ

319 716 442 785 περὶ
477 707 870 782 Διδυμότοιχον
927 711 1146 777 γεγονὼς
1187 704 1235 755 ἐν
1276 705 1332 756 ον
1392 703 1559 773 πολλῳ
1617 724 1791 777 χρονῳ
1829 701 1933 775 ῥα-

324 799 497 858 σιλεύς
553 797 899 868 ἐπεφημίζετο
962 797 1174 846 τούτων.
1240 793 1568 864 Ἀφικόμενος
1626 789 1684 844 δε
1723 798 1809 843 καὶ
1846 791 1929 843 ἐπὶ

321 892 416 944 τὴν
464 883 896 958 Ἀδριανούπολιν
933 884 1071 957 εὗρεν
1123 881 1257 942 ἐντός
1315 886 1399 933 τόν
1457 878 1748 938 δηλωθέντα
1788 880 1928 937 Ἰσῆν

318 980 407 1027 τόν
471 977 922 1048 πρωτοστράτορα
988 978 1076 1023 καὶ
1142 975 1228 1022 τόν
1307 972 1589 1042 Καμντζην
1646 991 1776 1042 μετα
1841 979 1928 1021 τον

329 1068 718 1138 στρατεύματος
755 1083 847 1114 του
905 1061 1161 1134 βασιλέως
1202 1061 1457 1113 Ἰωάννου.
1518 1059 1809 1118 Απατηλοῖς
1869 1056 1926 1110 δε

318 1153 490 1224 λόγοις
532 1156 574 1188 ¹³
644 1156 761 1212 τοὺς
825 1151 1100 1224 οἰκήτορας
1179 1149 1429 1214 ὑπελθὼν,
1499 1153 1566 1210 ως
1635 1148 1924 1199 πλουτίσειε

317 1246 537 1303 τούτους
594 1244 770 1315 οῐκρως
831 1246 920 1291 καὶ
971 1251 1068 1290 των
1119 1239 1280 1288 αλλων
1334 1238 1594 1308 Ῥωμαίων
1643 1238 1922 1308 inagis-.50)-

319 1349 472 1397 σειεν,
518 1333 681 1382 πείθει
729 1333 788 1380 τὸ
844 1333 933 1400 μεν
985 1348 1077 1379 του
1137 1327 1394 1398 βασιλέως
1452 1327 1715 1396 ἐξαγαγεῖν
1768 1328 1923 1398 στρά-

319 1438 488 1490 τευμα
545 1419 659 1484 ἔξω,
723 1419 876 1469 αὐτόν
941 1414 999 1468 δέ
1064 1416 1379 1486 εἰσαγαγεῖν.
1423 1414 1691 1484 Ἐξάγεται
1744 1411 1830 1466 οὖν
1897 1416 1922 1464 6

315 1511 733 1580 πρωτοστράτωρ
774 1507 911 1566 Ἰσῆς
947 1512 1036 1558 καὶ
1066 1509 1092 1556 ό
1146 1506 1428 1576 Καμύτζης
1481 1507 1608 1575 μετα
1664 1512 1754 1555 του
1796 1523 1921 1555 συν-

317 1602 462 1657 όντος
499 1600 698 1656 τούτοις
751 1598 1155 1668 στρατεύματος,
1199 1593 1281 1645 ἐπὶ
1312 1596 1483 1666 ὅρκοις
1535 1613 1625 1644 τον
1683 1599 1751 1664 μή
1809 1611 1923 1642 τινα

318 1683 502 1738 παθεῖν
542 1688 736 1737 τούτων
793 1681 958 1736 δεινόν
1012 1704 1081 1735 τι.
1119 1683 1430 1744 Ἐξελθοντες
1470 1678 1556 1734 οὖν
1589 1684 1612 1732 6
1652 1686 1740 1752 μὲν
1786 1701 1923 1753 πρω-

323 1776 629 1849 τοστράτωρ
671 1771 794 1826 οὐδὲ
825 1774 947 1833 ὅλως
986 1777 1070 1824 τὸν
1121 1776 1381 1844 Κομνηνὸν
1422 1768 1694 1843 Θεόδωρον
1749 1774 1920 1823 τεθέα-

2042 614 2294 685 aliisque
2318 617 2619 669 Romanos
2639 621 2884 669 caeteros
2901 630 3084 686 quam
3110 614 3370 669 maxime
3393 612 3482 668 sui
3505 627 3693 669 causa.

2043 702 2778 774 superaturos,persuadet
2802 702 3178 775 imperatoris
3197 701 3439 757 militem
3455 701 3686 772 ejicere,

2040 807 2216 845 suum
2274 791 2603 847 admittere.
2659 793 2851 856 Quare
2908 795 3299 863 protostrator
3349 793 3465 844 lses
3505 793 3687 861 atque

2039 883 2346 951 (lamylzes
2394 897 2531 934 cum
2565 881 2820 935 exercitu
2869 879 3188 952 pelluntur,
3229 896 3368 934 cum
3416 878 3576 932 cives
3622 891 3685 932 se

2035 969 2201 1038 prius
2221 969 2616 1038 jurejurando
2637 968 3217 1038 alligassentnemini
3235 968 3530 1022 damnum
3559 965 3683 1022 illa-

2036 1061 2218 1110 turos.
2255 1057 2431 1124 Pulsi,
2465 1062 2857 1128 protostrator
2888 1062 3259 1112 Comnenum
3302 1055 3681 1111 Theodorum

2033 1161 2106 1200 ne
2123 1146 2809 1218 viditquidem(namque
2823 1148 2901 1202 ita
2914 1147 3680 1216 convenerunt),Camytzes

2034 1250 2170 1288 cum
2202 1234 2279 1288 illi
2312 1235 2689 1299 occurrisset,
2723 1250 2918 1306 neque
2949 1251 3106 1306 equo
3146 1234 3458 1289 descendit
3485 1247 3682 1304 neque

2035 1323 2113 1376 uti
2140 1323 2309 1378 decet
2326 1323 2748 1394 imperatorem
2773 1322 3065 1379 adoravit.
3083 1324 3274 1388 Quare
3300 1321 3388 1378 ira
3407 1321 3684 1377 incitatus

2030 1412 2373 1467 Theodorus
2404 1413 2666 1479 (volebat
2691 1414 2850 1469 enim
2881 1429 2943 1468 se
2974 1414 3051 1468 ab
3086 1413 3372 1468 omnibus
3401 1412 3683 1468 Romanis

2030 1500 2450 1572 imperatorem
2476 1502 2741 1570 agnosci,
2766 1517 2904 1556 cum
2931 1506 2987 1556 et
3019 1502 3343 1573 imperator
3363 1499 3679 1572 diceretur)

2031 1589 2398 1656 gravissimis
2425 1591 2652 1660 injuriis
2686 1590 2875 1644 virum
2910 1589 3194 1655 cumulat,
3212 1604 3550 1661 parumque
3580 1587 3686 1644 ab-

2030 1677 2136 1732 fuit
2154 1679 2300 1749 quin
2319 1678 2496 1734 etiam
2518 1679 2730 1750 plagas
2748 1678 3187 1747 inﬂigeret.Hoc
3209 1680 3586 1748 Camytzas,ut
3603 1676 3682 1733 ab

2028 1769 2386 1838 imperatore
2419 1770 2676 1824 honores
2710 1773 3196 1840 consequeretur,
3228 1767 3288 1822 in
3313 1782 3498 1824 causa
3525 1766 3636 1823 fuit
3663 1782 3678 1822 :

313 1883 404 1916 ται
433 1866 606 1932 (τούτο
659 1866 761 1935 γὰρ
799 1859 865 1919 δὴ
913 1862 1088 1923 αὐτοῖς
1143 1867 1591 1932 συμπεφώνηται),
1645 1863 1670 1911 6
1713 1857 1770 1912 δε
1813 1867 1912 1913 Καρ
1954 1876 1992 1928 Β
2027 1872 2168 1912 nam
2199 1862 2521 1912 utrursum
2556 1857 2705 1912 Helle

2027 1872 2168 1912 nam
2199 1862 2261 1912 ut
2282 1873 2521 1912 rursum
2556 1857 2932 1928 Hellesponto
2963 1856 3357 1928 praeterlapso
3379 1855 3458 1910 ad
3486 1855 3680 1927 impe-

315 1953 523 2024 μύτζης
579 1956 853 2024 συντυχὼν
886 1951 1026 2020 αὐτῷ
1079 1951 1171 2002 οὐκ
1221 1948 1383 2006 ἀπέϐη
1436 1958 1526 2001 του
1581 1953 1739 2001 ἱππον
1799 1947 1921 2002 οὐδὲ

1209 2039 1294 2100 Εἰς
1351 2040 1376 2090 ὃ
1443 2036 1832 2112 βαρυθυμήσας
1891 2039 1916 2089 6

1511 2126 1735 2199 βασιλέα
1791 2127 1916 2179 ἐκεῖ·

316 2043 387 2103 ὡς
457 2039 667 2113 βασιλεῖ
724 2042 1016 2111 προσεκύνη
1028 2058 1132 2092 σεν.

320 2133 589 2202 Κομνηνὸς
629 2125 898 2203 Θεόδωρος
939 2128 1193 2193 (ἐϐούλετο
1248 2132 1345 2201 γαρ
1393 2131 1459 2188 ως

315 2238 400 2270 νον
454 2222 648 2278 πάντας
696 2221 836 2288 ἔχειν
876 2217 1177 2289 Ῥωμαίους,
1238 2216 1440 2290 ἐπείπερ
1496 2223 1584 2268 καὶ
1644 2221 1710 2278 ως
1763 2216 1917 2288 βασι-

310 2306 426 2368 λεύς
473 2308 776 2380 ἐφημίζετο)
822 2306 990 2380 ὕϐρεις
1025 2326 1077 2358 τε
1112 2311 1326 2376 κατέχεε
1381 2326 1471 2356 του
1523 2303 1712 2378 ανὸρός
1751 2312 1839 2358 καὶ
1874 2308 1918 2340 ¹⁸

315 2405 508 2471 μικροῦ
557 2396 617 2448 ἂν
674 2402 763 2447 καὶ
809 2395 1009 2465 πληγὰς
1051 2394 1272 2446 ἐπέθετο.
1325 2402 1486 2446 Τούτο
1535 2405 1606 2464 τῷ
1663 2396 1913 2466 καμ.,τζῄ

317 2483 523 2560 ἀφορμὴ
584 2483 806 2556 ἐγεγόνει
865 2488 989 2556 πρός
1051 2488 1136 2534 τον
1185 2483 1407 2554 βασιλέα
1445 2493 1596 2555 τιμῆς
1628 2505 1638 2516 ο
1700 2488 1767 2544 ως
1815 2487 1916 2557 γὰρ

308 2572 458 2634 αὖθις
529 2579 615 2627 τὸν
671 2573 1041 2631 Ἑλλήσποντον
1101 2570 1414 2646 διεπέρασαν
1486 2579 1574 2624 καὶ
1633 2578 1757 2646 προς
1831 2579 1917 2624 τόν

315 2664 543 2737 βασιλέα
596 2663 857 2736 ἀφίκοντο,
891 2669 1048 2736 μέγας
1090 2663 1457 2736 ἑταιρειάρχῃς
1488 2666 1598 2727 (23:2)
1632 2660 1724 2714 δια
1754 2671 1920 2714 ταῦτα

310 2756 338 2806 6
375 2754 656 2825 Καμύτζης
688 2756 732 2788 ¹³
784 2756 1078 2823 τετίμηται.
1113 2752 1169 2802 Ὀ
1230 2758 1494 2823 Κομνηνος
1552 2749 1638 2803 οὖν
1695 2749 1912 2804 Θεοδω-

305 2862 397 2917 ρος
458 2841 713 2914 ἐγκρατὴς
758 2843 800 2876 ³⁵
858 2847 948 2893 καὶ
1013 2849 1103 2901 τῆς
1166 2838 1640 2915 ’Λὸρεανουπόλεως
1699 2846 1919 2912 γεγονὼς

305 2931 472 2983 πολλά
499 2935 739 3004 παρέσχε
770 2933 850 2999 [Ρ.
895 2932 985 3000 22]
1024 2938 1128 2990 τοῖς
1179 2930 1393 2990 Ἰταλοῖς
1434 2933 1739 3002 πράγματα.
1789 2937 1918 2982 Κατ-

307 3017 505 3092 ἐδραμε
525 3023 625 3090 γὰρ
659 3022 827 3071 πάντα
857 3023 922 3070 τα
943 3021 1030 3071 ὑπ’
1055 3019 1254 3071 ἐκείνων
1282 3039 1625 3093 κρατούμενα,
1642 3027 1730 3070 και
1757 3026 1919 3092 μέχρι

2031 1953 2289 2002 ratorem
2312 1963 2909 2016 accessere,magnus
2929 1946 3322 2002 hetaeriarcha
3349 1961 3469 2001 non
3495 1944 3678 2001 aliam

2027 2035 2105 2090 ob
2141 2053 2387 2091 causam
2420 2041 2728 2108 Camytzes
2759 2036 3034 2092 efficitur.
3081 2038 3424 2091 Comnenus
3476 2035 3676 2108 itaque

2027 2126 2370 2180 Theodorus
2384 2125 2765 2197 AdrianOpoli
2784 2130 3077 2197 occupata
3096 2141 3216 2180 non
3239 2124 3558 2180 minimum
3579 2140 3676 2180 res

2028 2213 2203 2270 Italas
2235 2215 2522 2270 turbavit:
2555 2231 2691 2280 qua:
2723 2213 2841 2286 44
2863 2215 3023 2268 enim
3041 2213 3121 2268 illi
3152 2213 3680 2281 tenebant,omnia

2028 2303 2270 2359 adortus
2302 2309 2358 2360 et
2381 2303 2722 2374 Byzantium
2746 2304 2941 2376 ipsam
2967 2319 3158 2375 usque
3182 2301 3678 2374 profectus,quid-

2027 2394 2172 2464 quid
2200 2399 2366 2449 extra
2389 2393 2595 2448 urbem
2625 2398 2888 2464 erat,pro
2909 2391 3155 2448 arbitrio
3177 2392 3364 2462 duxit,
3391 2397 3448 2447 et
3476 2392 3683 2464 opima

2029 2482 2234 2553 przeda
2257 2489 2467 2538 auctus
2485 2482 2563 2537 ad
2579 2482 2732 2536 fores
2759 2482 3211 2553 Ityziaedngente
3236 2481 3452 2536 Latinis
3475 2482 3683 2537 timore

2029 2572 2268 2640 injecto,
2331 2573 2615 2644 pervenit.
2676 2574 2838 2627 Tunc
2895 2571 3172 2644 temporis
3231 2577 3288 2626 et
3339 2570 3683 2638 Aseldecae,

2029 2661 2164 2715 tilia:
2195 2662 2572 2733 imperatoris
2593 2661 2881 2716 Theodori
2908 2661 3176 2716 Lascaris
3205 2662 3479 2730 maritus,
3515 2661 3593 2714 ab
3613 2659 3685 2714 iis

2027 2750 2132 2820 qui
2163 2767 2299 2804 cum
2334 2754 2638 2806 Comneno
2665 2750 2976 2806 Theodoro
3007 2753 3178 2805 erant
3211 2749 3686 2819 liastajugulum

2029 2838 2250 2907 feritur,
2281 2840 2619 2913 vulnusque
2645 2841 2858 2896 letbale
2898 2840 3226 2895 indicatum
3257 2856 3293 2895 a
3327 2840 3517 2912 perito
3549 2844 3686 2895 tan-

2029 2931 2167 2985 dem
2193 2930 2427 2985 medico
2456 2937 2719 2986 sanatur.
2749 2930 2970 2985 Exhinc
2990 2935 3199 3002 postea
3222 2936 3348 2985 erat
3373 2945 3488 2984 vox
3515 2944 3686 3002 aspe-

2028 3022 2166 3087 rior,
2201 3037 2307 3076 nec
2338 3021 2470 3076 colli
2503 3021 2808 3086 vertebrae,
2837 3027 2898 3075 ut
2919 3025 3114 3083 antea,
3148 3019 3310 3075 ﬂexu
3347 3018 3574 3076 faciles.

306 3115 398 3160 καὶ
439 3109 603 3170 αὐτῆς
635 3117 727 3170 τῆς
750 3110 944 3170 Βιζύης
973 3113 1240 3180 γενόμενος
1271 3114 1328 3160 τό
1361 3109 1455 3169 ἔξω
1491 3114 1721 3180 κατέσχε
1751 3118 1840 3160 του
1872 3112 2084 3178 οἰστεως,
2118 3115 2206 3160 καὶ
2249 3109 2386 3161 λείαν
2417 3109 2607 3166 πολλὴν
2643 3107 2827 3160 ἐκεῖθεν
2868 3107 3011 3165 ἐποιή
3025 3127 3152 3160 σατο
3178 3109 3252 3177 ιδ,
3279 3112 3370 3160 καὶ
3397 3111 3561 3180 μέχρι
3595 3110 3686 3160 καὶ

307 3207 408 3248 τῶν
461 3197 631 3249 πυλῶν
684 3206 774 3257 τῆς
831 3205 1218 3250 Κωνσταντίνου
1253 3204 1359 3266 [53)
1416 3205 1728 3262 κατήντησε,
1767 3203 1855 3250 καὶ
1883 3204 2065 3250 πτοίαν
2096 3199 2287 3256 πολλὴν
2317 3207 2427 3260 τοῖς
2467 3203 2711 3260 Λατίνοις
2759 3197 2955 3250 ἐνέϐαλε
2991 3199 3052 3247 '7.
3087 3202 3213 3250 Τότε
3249 3193 3317 3254 δὴ
3359 3202 3448 3249 καὶ
3477 3199 3503 3248 6
3537 3196 3689 3251 Ἀσὶλ

306 3289 485 3354 Δεκαε,
525 3287 582 3348 ὃς
611 3296 670 3360 τῇ
709 3289 930 3359 θυγατρὶ
959 3307 1048 3339 του
1095 3286 1355 3359 βασιλέως
1386 3285 1662 3360 Θεοδώρου
1693 3307 1784 3339 του
1817 3295 1850 3340 Λ
1865 3293 2117 3362 ασκάριος
2149 3292 2406 3360 συνεζύγη
2435 3290 2499 3352 ¹⁸,
2532 3291 2631 3339 ὑπὸ
2673 3307 2810 3348 τινος
2839 3295 2937 3338 τῶν
2968 3295 3058 3338 τού
3103 3293 3370 3359 Κομνηνοῡ
3411 3283 3689 3362 Θεοδώρου

307 3371 496 3448 δόρατι
522 3377 721 3446 ἐπλήγη
774 3381 860 3428 τόν
889 3378 1178 3450 τράχηλον.
1213 3384 1310 3428 Καὶ
1347 3379 1408 3448 ᾖν
1437 3381 1499 3437 ως
1530 3374 1674 3439 ἔδοξε
1712 3381 1777 3427 τα
1808 3388 1900 3439 τῆς
1941 3377 2103 3449 βολῆς
2144 3377 2314 3449 ἐκείνῳ
2349 3380 2632 3448 θανάσιμα,
2692 3375 2797 3428 αλλ’
2839 3379 2939 3428 ὑπὸ
2969 3396 3056 3428 του
3102 3384 3202 3428 τῶν
3259 3376 3447 3449 ἰατρῶν
3477 3377 3692 3450 τεθερά-

303 3484 510 3517 πευται.
541 3465 636 3517 Ἠν
661 3462 718 3518 δὲ
745 3470 802 3517 τό
831 3464 932 3518 ἀπὸ
966 3463 1119 3518 τοῦδε
1152 3472 1453 3540 τραχυτέρα
1494 3466 1653 3517 αὐτου
1683 3468 1710 3523 ἡ
1744 3472 1877 3537 φωνὴ
1909 3473 1996 3518 καὶ
2029 3468 2122 3520 οὐκ
2152 3468 2380 3540 εὐχερῶς
2418 3470 2466 3518 οἱ
2491 3475 2582 3518 του
2614 3465 2885 3541 τραχήλου
2917 3471 3250 3538 στρεφόμενοι
3280 3462 3587 3517 σπόνδυλοι.

376 3554 463 3608 κε’.
529 3556 710 3616 Ούτως
789 3552 876 3607 οὖν
947 3555 1248 3618 ἐπαυξῆσας
1323 3565 1426 3615 τοῖς
1501 3558 1807 3627 πράγμασιν
1883 3562 1907 3608 6
1950 3558 1988 3611 C

306 3649 574 3716 Κομνηνός
639 3641 913 3717 Θεόδωρος
985 3642 1166 3703 ἐπειδὴ
1246 3648 1444 3718 ὁμόρων
1513 3644 1731 3716 ἐγεγόνει
1805 3655 1914 3706 τοίς

305 3732 622 3807 Βουλγάροις
652 3735 717 3799 ¹⁹,
772 3734 843 3793 εἰς
889 3730 1118 3793 σπονδάς
1149 3753 1202 3786 τε
1249 3733 1468 3791 συνῆλοε
1499 3744 1570 3803 τῳ
1629 3744 1727 3785 των
1765 3735 1914 3786 Βουλ-

300 3825 478 3896 γάρων
517 3821 727 3895 βασιλεῖ
763 3823 968 3894 Ἰωάννῃ
1006 3831 1076 3892 τῷ
1107 3824 1294 3892 Ἀσαν,
1339 3824 1390 3873 ὃν
1436 3826 1640 3895 φθάσας
1690 3827 1714 3874 6
1769 3823 1916 3892 λόγος

303 3916 477 3984 εἴρηκε
509 3915 640 3984 μετὰ
681 3915 768 3964 τὸν
811 3913 1023 3985 Βορίλαν
1089 3911 1407 3985 βασιλεῦσαι
1464 3921 1559 3974 τῆς
1609 3922 1705 3964 των
1766 3914 1914 3966 Βουλ-

301 4005 498 4074 γάρων,

300 4091 720 4164 προσλαϐόμενος
776 4091 860 4144 ἐπὶ
916 4100 986 4160 τῷ
1041 4088 1245 4163 ἀδελφῷ
1293 4096 1476 4144 τούτου
1535 4093 1779 4150 Μανουὴλ
1820 4099 1912 4150 τὴν

568 4008 656 4054 καὶ
737 4008 1036 4072 συγγένειαν
1102 4006 1232 4074 μετα
1305 4007 1491 4054 τούτου
1568 4009 1815 4061 πεποίηκε
1865 4005 1912 4037 ³ο

308 4183 572 4253 θυγατέρα
631 4181 792 4232 αύτού
851 4186 1080 4255 Μαρίαν,
1141 4186 1255 4242 ᾐτις
1313 4182 1368 4232 ἐκ
1425 4182 1692 4243 παλλακῆς
1742 4182 1910 4252 ἐκείνῳ

303 4275 602 4342 γενέννηται
645 4272 708 4324 ’³.
751 4270 808 4322 Ὀ
867 4274 956 4341 μὲν
1005 4267 1092 4322 οὖν
1153 4270 1401 4342 Ἀγγελος
1462 4272 1575 4338 (Ii-"1)
1639 4270 1911 4344 Θεοδωρος

298 4362 394 4421 τὰς
423 4363 552 4432 μετὰ
607 4367 698 4410 τοῦ
737 4359 895 4410 Ἄσαν
930 4362 1165 4412 Ἰωάννου
1227 4357 1454 4420 σπονδάς
1502 4357 1780 4424 διαλύσας,
1825 4365 1910 4413 οἶα

299 4449 490 4510 ἐκεῖνος
545 4448 671 4519 ἀνὴρ
732 4451 1045 4522 θρασύτερος
1093 4456 1180 4500 καὶ
1237 4450 1575 4522 ἀτακτότερον
1637 4473 1908 4524 γερομενος

299 4540 358 4592 οὗ
391 4543 542 4610 μόνον
584 4538 631 4590 ἐν
673 4537 982 4611 βασιλείοις,
1036 4538 1160 4589 αλλά
1192 4560 1279 4591 και
1317 4540 1362 4591 ἐν
1392 4561 1551 4590 πσαιν
1590 4542 1759 4602 αττλως
1803 4550 1906 4602 τοῖς

296 4628 600 4697 πολιτικοῖς,
664 4633 753 4679 καὶ
805 4630 947 4699 θαμα
1009 4628 1341 4703 παραϐαίνων
1392 4634 1511 4690 τούς
1574 4633 1753 4703 ὅρκους
1816 4637 1905 4683 καὶ

296 4715 688 4792 παρασπονδῶν
754 4724 858 4777 τοῖς
934 4716 981 4768 ἐν
1056 4724 1314 4788 γειτόνων,
1396 4724 1528 4771 κατα
1601 4720 1903 4794 Βουλγάρων

296 4814 485 4879 χωρεῖ,
526 4806 712 4865 πολλὴν
751 4809 1100 4878 συναθροίσας
1130 4814 1222 4865 τὴν
1277 4812 1526 4882 στρατιὰν
1567 4813 1620 4862 ἔκ
1677 4830 1728 4863 τε
1777 4810 1901 4863 Ῥω-

2097 3561 2191 3612 ‘25.
2238 3559 2331 3614 Sic
2372 3573 2516 3626 ergo
2553 3556 2734 3612 rebus
2772 3571 3063 3628 prospere
3122 3556 3302 3625 gestis
3341 3555 3688 3612 Theodorus

2024 3649 2389 3710 Comnenus,
2419 3662 2558 3701 cum
2599 3663 2709 3701 suo
2754 3645 3006 3716 imperio
3063 3644 3217 3700 ﬁnes
3271 3645 3454 3701 iidem
3485 3648 3686 3702 essent

2027 3751 2096 3790 ac
2142 3734 2438 3806 Bulgaris,
2463 3735 2658 3790 fwdus
2689 3751 2825 3790 cum
2861 3734 3256 3804 Bulgarorum
3287 3751 3424 3805 rege
3454 3736 3690 3792 Joanne

2025 3832 2244 3890 Asano,
2276 3826 2481 3897 qui,ut
2506 3825 2646 3889 dixi,
2668 3831 2803 3896 post
2835 3824 3090 3880 Borilam
3126 3824 3392 3894 Bulgaris
3413 3829 3691 3897 praeerat,

2024 3915 2134 3970 init
2159 3935 2170 3983 ;
2200 3915 2480 3986 illiusque
2510 3914 2634 3970 ﬁlia
2663 3915 2842 3973 Maria
2865 3931 2933 3968 ex
2967 3913 3173 3984 pellice
3205 3919 3489 3986 suscepta
3515 3913 3693 3971 fratri

2025 4022 2137 4060 suo
2165 4005 2416 4060 Manueli
2438 4004 2807 4077 desponsata
2837 4003 3126 4059 affinitate
3145 4003 3279 4074 conj
3293 4003 3551 4073 ungitur.
3571 4004 3687 4060 Sed

2022 4096 2181 4150 enim
2204 4095 2466 4165 Angelus
2487 4093 2832 4150 Theodorus
2850 4110 2988 4149 cum
3010 4098 3212 4149 Asano
3227 4096 3456 4150 Joanne
3477 4094 3682 4150 condi-

2023 4185 2286 4240 tionibus
2325 4201 2394 4240 ac
2423 4184 2804 4256 pactionibus
2827 4183 3206 4256 perturbatis,
3227 4199 3366 4238 cum
3389 4183 3680 4240 audacior

2021 4280 2194 4343 esset,
2231 4281 2412 4346 atque
2436 4274 2833 4329 inordinatius
2863 4288 2983 4327 non
3009 4271 3205 4328 solum
3248 4271 3308 4327 in
3336 4272 3521 4342 regia,
3569 4273 3678 4330 sed

2018 4363 2077 4418 in
2110 4364 2239 4419 aliis
2263 4365 2515 4430 negotiis
2538 4363 2812 4418 civilibus
2838 4378 2968 4417 sese
2996 4362 3374 4428 immisceret,
3392 4379 3676 4436 saepeque

2013 4454 2441 4522 jusjurandum
2475 4453 2590 4525 45
2626 4453 2952 4522 negligeret
2977 4451 3280 4522 fidemque
3311 4450 3574 4516 violaret,
3613 4453 3676 4509 in

2017 4545 2228 4597 affines
2254 4545 2536 4612 Bnlgaros
2559 4543 2776 4615 pedem
2799 4547 3086 4610 movet,et
3102 4557 3171 4596 ex
3195 4541 3478 4597 Romanis
3495 4533 3695 4616 atque'

2017 4633 2176 4686 Italis
2195 4633 2497 4700 ingentem
2518 4632 2770 4687 militem
2795 4633 3201 4700 exaggerat,et
3220 4629 3674 4704 Adrianopolim

2014 4729 2470 4793 praetergressus
2489 4722 2549 4776 in
2573 4721 2942 4793 superiorem
2967 4725 3202 4792 partem
3231 4719 3404 4775 llebri
3431 4721 3676 4791 agmine

2013 4813 2193 4868 ducto
2237 4829 2374 4868 cum
2431 4811 2702 4883 Bulgaris
2747 4811 3055 4884 poscebat,
3100 4811 3206 4866 sed
3262 4810 3511 4868 exitium
3560 4813 3674 4872 sibi

370 4987 410 5020 ¹¹
451 4990 539 5063 καὶ
570 5016 638 5024 -
664 5005 745 5037 τοι
785 5001 912 5063 ρῳ.
947 4988 1008 5040 Ι).
1091 4988 1133 5020 ’³
1171 4988 1217 5037 Ἀ
1233 4983 1467 5059 ὃριανου,
1503 4994 1591 5039 καὶ
1623 4989 1780 5061 εὑρὼν
1813 4992 1868 5039 τό
1902 4993 2201 5063 στράτευμα
2231 4999 2320 5043 τοῦ
2352 4990 2610 5063 ⁸ϐασιλέως
2643 4991 2900 5056 Ἰωάννου,
2941 4995 3031 5042 καὶ
3073 4988 3361 5052 ἀπατηλοῖς
3389 4989 3565 5063 λόγοῖς
3603 4994 3672 5050 Ι).

297 5058 342 5093 ¹³
369 5053 643 5138 Θὲόδωρος
673 5054 964 5138 --ὰαδὸρος
988 5063 1077 5109 καὶ
1103 5075 1224 5112 om.
1269 5053 1331 5114 ii.
1414 5063 1456 5094 “
1488 5053 1689 5112 ἐπέοετό
1722 5065 1908 5130 τούτῳ.
1942 5053 2026 5112 Ᾰιό
2060 5053 2280 5134 ἐτίμὴοη
2329 5053 2472 5137 παρὰ
2496 5072 2586 5115 τον
2617 5053 2894 5134 βασιλέως
2922 5068 3080 5134 μέγας
3111 5053 3480 5138 ἐταιρειάρχηξ
3511 5053 3671 5119 ὁἾΚα-

288 5130 511 5202 μύτζης.
550 5133 610 5202 1).

293 5199 335 5236 Π
361 5206 450 5252 καὶ
480 5233 547 5240 -
589 5199 788 5253 ἐνέϐαλε
815 5215 941 5256 om.
985 5201 1048 5254 D.

288 5288 418 5329 om.
462 5274 525 5328 D.
603 5274 651 5307 ²⁰
681 5272 735 5323 ὃν
763 5303 829 5313 -
863 5278 1110 5330 πεποίηκε
1141 5290 1262 5330 om.
1297 5279 1360 5330 Ι).

722 5130 763 5206 ¹ι⁵
797 5131 821 5180 6
867 5127 953 5180 οὖν
1011 5134 1274 5202 Κομνηνος
1304 5138 1523 5201 γεγονὼς
1555 5137 1642 5183 καὶ
1671 5141 1760 5192 τῆς
1794 5132 2078 5205 Ἀδριανοῦ
2137 5120 2412 5206 ἔγκρατὴξ
2446 5139 2512 5191 Ι),

1132 5203 1175 5236 ¹⁸
1207 5207 1358 5256 Δεκαὲ
1390 5213 1484 5264 τῆς
1517 5206 1769 5277 Θυοατρὸς
1798 5203 2238 5279 τούΛασκάρεος
2259 5203 2536 5282 Θεοδώρου
2577 5209 2807 5279 σύζυγος
2831 5209 2898 5263 D.

1440 5279 1480 5310 ‘3’
1524 5279 1634 5336 ἣτις
1665 5309 1728 5317 -
1755 5281 2057 5348 γεγέννηται
2089 5295 2208 5333 om.
2251 5282 2288 5333 Ι)

2630 5137 2672 5169 ¹⁰
2704 5139 2792 5185 καὶ
2845 5133 3079 5187 λείαν-
3111 5133 3407 5193 ἐποιήσατο
3441 5152 3563 5191 οω.
3600 5137 3668 5193 D.

2979 5209 3022 5242 ¹⁹
3051 5203 3232 5266 ἐπειδὴ
3257 5239 3326 5248 -
3357 5208 3674 5283 Βουλγάροις

1274 5401 1595 5462 Theodori
1631 5404 1864 5464 Dousm
1897 5409 1959 5464 et
1989 5403 2222 5464 Leonis
2253 5405 2469 5466 Allatii
2499 5410 2689 5467 noun.

364 5531 475 5604 (52)
513 5535 690 5606 Μέγας
749 5532 1139 5606 ἑταιρειάρχης.
1180 5535 1257 5588 De
1297 5534 1409 5590 hac
1439 5535 1727 5598 dignitate
1767 5536 1898 5591 vide

292 5605 659 5730 glossarium
713 5606 940 5660 Mcursii
980 5605 1054 5660 in
1109 5607 1336 5680 ἑταιρεία
1388 5613 1476 5659 καὶ
1511 5609 1898 5680 ἑταιρειάρχης.

345 5692 502 5730 OUSA.

345 5692 502 5732 OUSA.

361 5749 476 5821 (53)
508 5754 685 5822 Μέχρι
725 5754 813 5803 καὶ
842 5756 943 5802 τῶν
974 5749 1146 5802 πυλῶν
1174 5760 1274 5824 tr]?
1307 5758 1368 5806 K.
1402 5753 1714 5825 Gregoras,
1744 5769 1804 5826 p.
1838 5759 1902 5810 27

2013 5541 2064 5592 ct
2095 5543 2182 5593 ‘38.
2220 5542 2350 5593 ALL.

2031 5683 2062 5735 Χ
2089 5614 2198 5681 (Si)
2229 5611 2286 5661 Ὀ
2317 5615 2404 5683 μὲν
2446 5607 2532 5662 οὖν
2564 5610 2830 5682 Ἄγγελος.
2865 5611 3106 5667 Brevius
3133 5613 3444 5684 Gregoras,
3473 5629 3534 5687 p.
3561 5617 3661 5675 28.

2031 5711 2040 5720 ν
2074 5700 2156 5735 LL.

2018 5700 2156 5738 ALL.
