4470 6452
785 417 920 473 1047

2089 411 2368 469 GEORGII
2407 411 2861 469 ACROPOLITE

4012 414 4149 471 1048

783 553 1080 614 quaarens,
1148 535 1275 594 acie
1327 533 1674 607 conﬂigere.
1719 534 2043 593 Videbatur
2102 536 2263 592 enim
2317 536 2431 592 sibi
2467 538 2548 609 Α,

2388 537 2431 592 )i
2467 538 2515 592 Α
2544 540 2711 609 μαίων
2773 542 3252 612 συγκεκροτημένην
3312 541 3403 591 καὶ
3450 536 3657 592 Ἰταλῶν
3689 538 3760 593 ²².
3805 538 4153 613 Παραμείψας

784 628 1078 699 Bulgaros
1110 626 1324 683 timore
1364 625 1623 697 percitos
1677 640 2071 697 nequaquam
2125 626 2217 682 vel
2245 626 2442 681 solum

787 718 881 774 sui
903 715 1197 773 exercitus
1220 714 1512 786 impetum
1535 712 1843 769 sustinere.
1860 718 2065 770 Atnon
2087 715 2169 770 sic
2188 715 2443 784 Bulgari,

787 804 897 862 sed
926 808 1159 860 Asanus
1184 802 1448 858 Joannes
1474 800 1727 872 perﬁdia
1762 816 1833 856 ac
1864 801 2084 857 foedere
2115 805 2193 857 ab
2218 802 2444 871 Angelo

788 892 1102 952 Theodoro
1113 891 1302 948 fracto
1314 890 1514 962 potius
1531 905 1715 962 quam
1730 892 1987 962 propriis
1998 890 2226 946 viribus
2240 892 2441 963 fretus,

788 997 978 1057 parva
1008 980 1121 1036 sibi
1151 979 1428 1036 auxiliari
1458 994 1646 1034 manu
1674 994 1706 1034 e
1739 980 1970 1051 Scythis
2010 981 2328 1049 conducta,
2370 995 2445 1035 ne

788 1086 1044 1131 numero
1064 1070 1314 1143 quidem
1361 1068 1639 1136 millenis,
1673 1069 2076 1125 conﬁdentius
2105 1072 2166 1126 in
2210 1070 2447 1127 conﬂic-

788 1165 919 1219 tum
944 1160 1256 1230 agebatur,
1291 1158 1464 1228 signo
1495 1158 1676 1214 etiam
1702 1157 1965 1227 militari,
1990 1164 2111 1216 uta
2136 1159 2443 1215 nonnullis

788 1249 1097 1308 memoria
1154 1247 1463 1321 proditum
1524 1251 1631 1317 est,
1692 1247 2090 1319 jurejurando
2155 1249 2446 1304 Theodori

790 1340 1012 1412 scripto
1043 1352 1341 1411 appenso.
1381 1340 1448 1392 Et
1477 1335 1625 1392 forte
1653 1337 1810 1393 circa
1846 1336 2047 1393 locum
2081 1338 2274 1393 Hebro
2303 1354 2447 1411 pro-

790 1430 1049 1497 ximum,
1108 1443 1291 1500 quem
1350 1426 1791 1484 Clocotinitzam
1850 1428 2177 1499 appellant.
2233 1428 2447 1484 milites

794 1518 1064 1577 adversis
1091 1515 1279 1587 signis
1304 1516 1555 1581 irruunt,
1584 1518 1640 1571 et
1670 1519 1736 1571 ut
1763 1515 1947 1572 verbo
1988 1517 2226 1586 singula
2257 1517 2447 1589 expri-

796 1623 987 1677 mam,
1017 1604 1355 1662 debellatur
1379 1620 1416 1660 a
1446 1604 1715 1675 Bulgaris
1744 1609 1799 1661 et
1826 1606 2061 1678 Scythis
2082 1607 2449 1675 Theodorus,

796 1700 857 1756 et
879 1696 958 1754 ab
983 1694 1257 1752 hostibus
1288 1709 1409 1750 una
1441 1709 1580 1749 cum
1609 1710 1680 1750 eo
1706 1709 1829 1750 non
1846 1696 2025 1767 pauci
2052 1695 2207 1751 illius
2239 1696 2450 1752 afﬁnes

795 1790 856 1845 et
914 1785 1203 1857 dignitate
1256 1782 1569 1856 conspicui
1636 1787 1693 1838 et
1742 1783 1999 1840 illustres
2048 1786 2181 1855 viri,
2241 1800 2451 1841 eorum

2553 622 2640 678 οὖν
2691 630 2785 684 τὴν
2826 624 3105 701 Ἀδριανοῦ
3158 628 3243 681 ἐπὶ
3297 630 3363 680 τὰ
3414 629 3517 680 ἄνω
3553 634 3647 679 τοῦ
3680 625 3870 702 Ἕϐρου
3912 631 4005 685 τὴν
4055 646 4152 679 πο-

2552 719 2691 789 ρείαν
2768 714 3004 782 ἐποιεῖτο,
3076 718 3246 778 ζητῶν
3322 719 3453 790 μετὰ
3524 716 3828 790 Βουλγάρων
3897 714 4154 790 συρρῆξαι

2552 803 2789 876 πόλεμον.
2840 805 3038 865 Ἐζητει
3098 802 3155 858 δε
3186 808 3289 877 ἄρα
3316 809 3402 858 τὸν
3457 805 3617 857 αὐτοῦ
3669 804 3873 879 ὄλεθρον
3903 805 3969 855 ³³.
4005 801 4151 857 Ἐδό-

2554 912 2631 945 κει
2670 897 2759 945 καὶ
2788 895 2889 966 γὰρ
2922 896 2987 955 ὡς
3018 891 3135 947 οὐδ’
3179 895 3302 955 ὅλως
3353 897 3402 947 οί
3453 894 3741 967 Βούλγαροι
3771 892 4155 956 ὑποπτήξαντες

2555 986 2647 1039 τὴν
2715 983 2880 1057 όρμὴν
2938 988 3026 1036 καὶ
3079 989 3239 1056 μόνην
3290 993 3380 1045 τῆς
3409 985 3456 1018 ³⁸
3522 988 3767 1057 στρατιᾶς
3815 982 3974 1034 αὐτοῦ
4032 984 4155 1034 ὑπο-

2557 1078 2751 1127 σταῖεν.
2811 1071 2932 1143 Ούχ
2981 1073 3114 1124 οὕτω
3169 1070 3228 1125 δὲ
3284 1078 3374 1125 καὶ
3435 1075 3484 1125 οἱ
3545 1071 3925 1144 Βούλγαροι²⁵,
3979 1069 4087 1122 ἀλλ’
4128 1071 4155 1122 ό

2558 1160 2717 1213 Ἀσὰν
2764 1160 2998 1221 Ἰωάννης
3046 1168 3160 1224 ταῖς
3216 1161 3502 1237 ἑπιορκίαίς
3547 1165 3637 1213 καὶ
3684 1167 3798 1223 ταῖς
3855 1178 4156 1232 παρασπον-

2558 1249 2752 1311 δήσεσι
2804 1262 2896 1306 τοῦ
2946 1254 3193 1327 Ἀγγελου
3243 1252 3513 1329 Θεοδώρου
3576 1254 3765 1327 μᾶλλον
3826 1252 4156 1328 τεθαρρηκὼς

2558 1343 2586 1400 ἢ
2646 1350 2757 1403 ταῖς
2795 1347 3059 1417 σφετέραις
3117 1340 3423 1417 δυνάμεσιν,
3476 1342 3650 1415 όϐίγον
3706 1362 3756 1394 τι
3810 1345 4155 1414 συμμαχικόν

2558 1431 2661 1483 ἀπὸ
2703 1433 2908 1484 Σκυθῶν
2978 1432 3212 1505 εἰληφώς,
3253 1433 3348 1485 ούκ
3406 1439 3478 1495 εἰς
3528 1432 3739 1503 χιλίους
3795 1433 4153 1503 μετρούμενον,

2562 1518 2965 1593 θαρραλεώτερον
3024 1520 3091 1581 εὶς
3143 1525 3237 1578 τὴν
3299 1522 3482 1593 μάχην
3549 1519 3767 1593 ἐφέρετο,
3811 1521 3875 1579 ὧς
3914 1523 4041 1590 φασί
4080 1537 4158 1570 τι-

2558 1627 2655 1669 νες,
2714 1613 2802 1660 καὶ
2858 1617 2918 1681 τῇ
2984 1615 3190 1682 σημαία
3252 1613 3339 1662 τόν
3378 1613 3634 1682 ἔγγραφον
3691 1609 3841 1683 ὅρκον
3898 1610 4008 1677 (55)
4066 1614 4156 1659 τοῦ

2561 1692 2838 1770 Θεοδώρου
2901 1695 3265 1770 ἀπαιωρήσας.
3331 1704 3431 1751 Καὶ
3472 1696 3540 1757 δὴ
3603 1702 3721 1771 περὶ
3757 1717 3855 1749 που
3900 1700 3988 1749 τὸν
4026 1715 4157 1769 παρ-

2560 1784 2728 1859 ἐϐριον
2784 1790 2937 1838 τόπον
2988 1787 3410 1857 (Κλοκοτινίτζαν
3441 1787 3596 1840 αὑτὸν
3630 1786 3971 1859 ὀνομάζουσι)
4026 1784 4157 1857 ξυμ-

794 1872 1157 1948 supellectile
1184 1888 1222 1930 a
1250 1871 1519 1942 Bulgaris
1541 1872 1935 1944 depopulata,
1952 1873 2290 1946 capiuntur,
2305 1878 2451 1930 Asa-
2485 1888 2523 1942 Β

2392 1890 2451 1930 a-
2485 1888 2523 1942 Β
2564 1874 2814 1928 ϐάλλουσι
2861 1878 2927 1928 τὰ
2960 1880 3344 1950 στρατεύματα,
3388 1882 3478 1929 καὶ
3526 1880 3595 1939 ὡς
3645 1874 3693 1929 ἓν
3746 1883 3917 1951 μικρῷ
3955 1877 4015 1927 τὸ
4056 1880 4157 1926 πᾶν

792 1980 911 2021 nus
940 1978 1081 2020 cum
1130 1961 1513 2019 multitudine
1546 1952 1735 2034 capta
1768 1961 2096 2019 humanius
2137 1979 2201 2019 se
2241 1978 2453 2033 gerens

790 2054 1089 2129 potiorem
1118 2052 1435 2125 copiarum
1476 2055 1733 2124 partem,
1776 2057 1831 2108 et
1861 2068 1964 2107 eos
1991 2052 2107 2125 46
2152 2053 2454 2126 praecipue

791 2144 898 2219 qui
926 2142 1143 2199 humili
1186 2142 1321 2198 loco
1354 2140 1481 2198 nati
1537 2146 1963 2207 convenerant,
2003 2142 2217 2199 liberat
2272 2143 2454 2215 inque

791 2249 1000 2291 eorum
1034 2231 1261 2305 Oppida
1284 2246 1354 2287 ac
1380 2230 1564 2286 urbes
1591 2231 1968 2301 dimittit,seu
1993 2248 2062 2287 ex
2081 2232 2455 2289 humanitate

792 2323 855 2381 id
884 2326 1131 2394 gereret,
1165 2336 1271 2377 seu
1300 2324 1364 2377 ut
1400 2320 1514 2377 hac
1557 2320 1788 2377 ratione
1846 2321 1993 2377 utila
2038 2322 2151 2377 sibi
2209 2338 2456 2395 compa-

794 2429 939 2472 rans
974 2416 1030 2468 et
1074 2410 1414 2467 commodis
1445 2410 1568 2466 suis
1626 2415 1769 2483 apta
1816 2410 2205 2483 disponeret:
2247 2429 2455 2469 eorum

796 2518 1066 2575 namque
1087 2500 1427 2557 dominium
1455 2499 1568 2555 sibi
1584 2500 1932 2557 defectionis
1954 2506 2189 2575 tempus
2206 2503 2459 2558 circum-

801 2596 1083 2667 spectans
1149 2589 1533 2646 moliebatur.
1582 2590 1832 2662 Votique
1895 2606 2147 2663 compos
2212 2592 2459 2648 effectus

799 2687 946 2740 est:
1015 2680 1241 2754 quippe
1298 2694 1454 2751 quos
1522 2678 1649 2751 ipse
1718 2680 2215 2751 persequebatur,
2284 2684 2459 2737 Marte

798 2773 1114 2831 incruento
1170 2768 1324 2825 colla
1376 2784 1588 2824 omnes
1622 2768 1983 2825 subdebant.
2035 2770 2118 2826 Illi
2174 2772 2352 2826 etiam
2398 2787 2460 2826 se

799 2860 1083 2919 submisit
1105 2858 1554 2931 Adrianopolis,
1578 2874 1701 2914 non
1722 2858 1911 2914 multo
1941 2866 2076 2931 post
2098 2861 2462 2933 Didymotoe-

797 2952 1003 3017 chum,
1027 2948 1307 3005 Bolerum
1335 2952 1551 3017 totum,
1578 2947 1864 3021 deinceps
1887 2950 2092 3018 Serrae,
2113 2949 2457 3020 Pelagonia,

794 3040 1065 3113 Prilapus
1079 3043 1135 3094 et
1150 3039 1283 3094 loca
1295 3036 1751 3093 contermina.M
1757 3053 1872 3109 agn
1881 3054 1980 3094 am
2002 3041 2142 3094 item
2156 3038 2350 3095 Blachi
2361 3056 2459 3096 am

797 3128 1059 3188 excurrit
1106 3126 1527 3198 Elbanumque
1567 3133 1829 3199 occupat
1866 3132 1923 3183 et
1960 3144 2152 3200 usque
2193 3129 2456 3201 Illyrium

2562 1973 2927 2032 παραστῆσαι,
2960 1969 3095 2019 κατὰ
3125 1969 3315 2041 κράτος
3340 1968 3388 2003 ²⁶
3442 1972 3649 2018 νικᾶται
3700 1968 3843 2037 παρὰ
3875 1972 3975 2016 τῶν
4006 1962 4158 2016 Βουλ-

2561 2056 2735 2125 γάρων
2760 2059 2849 2106 καὶ
2888 2063 2987 2106 τῶν
3045 2058 3252 2108 Σκυθῶν
3284 2057 3309 2108 ὁ
3335 2057 3379 2091 ³⁷
3415 2052 3709 2130 Θεόδωρος,
3744 2058 3832 2105 καὶ
3866 2051 4161 2124 συλλαμϐά-

2562 2161 2702 2195 νεται
2758 2146 2848 2216 μὲν
2896 2147 3039 2217 παρὰ
3094 2152 3193 2196 τῶν
3231 2144 3487 2217 πολεμίων
3534 2144 3702 2212 οὗτος,
3752 2142 3845 2195 ούκ
3899 2141 4063 2213 ὀλίγοι
4103 2137 4163 2193 δί

2563 2236 2776 2284 καὶτῶν
2819 2242 3115 2305 προσγενῶν
3143 2234 3190 2268 ³⁸
3222 2232 3381 2285 αὐτοῦ
3419 2237 3509 2284 καὶ
3548 2241 3646 2284 τῶν
3694 2230 3742 2283 ἓν
3792 2230 3921 2284 τέλει
3968 2248 4023 2282 τε
4073 2233 4164 2281 καὶ

2563 2317 2820 2392 λόγάδων,
2878 2326 2966 2373 καὶ
3028 2323 3093 2373 τὰ
3150 2320 3351 2374 ἐκείνων
3403 2324 3573 2374 πάντα
3624 2320 3736 2373 λεία
3772 2327 3879 2382 τοῖς
3934 2318 4163 2389 Βουλγά-

2564 2430 2675 2483 ροις
2731 2408 2943 2481 ἐγένετο.
3002 2410 3498 2485 Φιλανθρωποτέρως
3571 2407 3630 2463 δε
3681 2413 3799 2484 περὶ
3860 2411 3919 2461 τὸ
3974 2407 4163 2460 ἁλωθεν

2568 2498 2763 2561 πλῆθος
2796 2500 2843 2533 ³9
2877 2500 2901 2550 ό
2943 2499 3109 2553 Ἀσὰν
3151 2497 3402 2560 διατεθεὶς
3432 2503 3553 2560 τοὺς
3606 2499 3814 2559 πλείους
3864 2506 3963 2550 τῶν
4011 2515 4167 2571 στρα-

2566 2591 2826 2660 τευμάτων
2857 2631 2870 2655 ,
2965 2593 3055 2640 καὶ
3131 2589 3362 2661 μάλιστα
3433 2593 3549 2649 τοὺς
3621 2584 4006 2661 χυδαιοτέρους
4078 2590 4169 2637 καὶ

2570 2675 2867 2749 σύγκλυδας
2907 2678 2975 2743 ⁸ο,
3028 2676 3280 2751 ἐλευθεροί
3330 2682 3587 2754 καὶπρὸς
3641 2681 3737 2738 τὰς
3798 2678 3989 2729 ἑαυτῶν
4042 2674 4168 2727 ἀπο-

2570 2772 2757 2839 πέμπει
2788 2771 2968 2829 κώμας
3018 2786 3071 2819 τε
3120 2772 3209 2819 καὶ
3260 2767 3428 2828 πόλεις
3454 2769 3523 2835 ⁸³,
3574 2768 3721 2839 τάχα
3773 2770 3861 2839 μὶν
3900 2769 3958 2817 τὸ
3998 2764 4171 2837 φιλάν-

2572 2859 2772 2930 θρωπον
2840 2853 3234 2929 ἐνδεικνύμενος,
3296 2859 3443 2929 τάχα
3518 2852 3577 2909 δὲ
3650 2860 3740 2907 καὶ
3801 2858 3860 2908 τὸ
3912 2859 4171 2928 συμφέρον

2570 2947 2654 3019 [Ρ.
2696 2947 2783 3018 23]
2824 2950 2989 3018 τούτῳ
3047 2951 3535 3021 πραγματευόμενος
3565 2968 3578 2980 ο
3637 2945 3869 2999 ἐϐούλετο
3923 2950 4013 2997 καὶ
4068 2948 4171 3020 γὰρ

2572 3033 2833 3090 δεσπόσαι
2894 3046 2994 3090 τῶν
3033 3041 3301 3105 τοιούτων,
3355 3047 3444 3099 τῆς
3494 3037 3788 3110 Ῥωμαῐκης
3832 3035 4007 3110 ἀρχῆς
4046 3034 4171 3087 ἁπο-

2571 3128 2782 3189 σπάσας
2819 3128 2888 3182 ³³.
2949 3127 3027 3178 Οὗ
3091 3133 3180 3179 καὶ
3240 3130 3527 3199 τετύχηκεν
3561 3148 3574 3159 ·
3632 3124 3740 3179 ἐπεὶ
3790 3131 3879 3178 καὶ
3915 3128 4017 3199 γὰρ
4058 3125 4171 3176 κατ’

792 3220 1026 3294 rapinis
1056 3217 1265 3275 omnia
1292 3220 1509 3273 vastat.
1564 3219 1712 3274 Cum
1750 3233 1894 3274 vero
1934 3234 2070 3290 quae
2102 3218 2214 3275 sibi
2255 3219 2459 3275 animo
2491 3246 2531 3302 ρ

2407 3236 2459 3275 ιο
2491 3246 2531 3302 C
2568 3217 2738 3269 αὐτῶν
2792 3220 3009 3269 κατόπιν
3067 3216 3275 3291 ἐχώρει,
3326 3219 3495 3269 πάντα
3546 3214 3797 3288 ἀναιμωτὶ
3852 3218 4018 3286 τούτῳ
4054 3216 4172 3266 ύπέ-

794 3311 1198 3385 proposuerat
1234 3306 1452 3378 majori
1491 3322 1564 3362 ex
1619 3311 1787 3379 parte
1836 3308 2195 3380 complesset
2247 3310 2457 3381 dispo-

796 3399 1136 3470 suissetque
1174 3411 1286 3468 pro
1326 3394 1595 3461 arbitrio,
1636 3396 1862 3467 patrias
1901 3397 2133 3468 repetiit
2164 3397 2361 3467 sedes,
2403 3403 2461 3453 et

796 3486 1056 3546 castellis
1113 3483 1420 3542 nonnullis
1476 3484 1539 3540 in
1596 3484 1936 3540 custodiam
1994 3502 2064 3541 ac
2120 3485 2459 3542 dominium

796 3582 1213 3638 Romanorum
1279 3573 1518 3645 relictis,
1581 3574 1881 3648 plerisque
1947 3575 2059 3631 sibi
2118 3577 2459 3645 reservatis,

799 3667 1021 3727 milites
1050 3666 1113 3722 in
1149 3663 1267 3721 illis
1297 3680 1368 3720 ac
1408 3663 1595 3720 duces
1626 3670 2096 3737 quaastoresque,
2142 3666 2247 3738 qui
2284 3667 2462 3722 vecti-

802 3757 964 3831 galia
984 3760 1042 3813 et
1069 3754 1292 3812 tributa
1322 3754 1644 3824 exigerent,
1669 3754 2011 3824 constituit;
2043 3755 2464 3829 indicatusque

802 3850 892 3904 est
915 3844 995 3903 ab
1027 3842 1314 3901 omnibus
1344 3847 1487 3898 tunc
1528 3842 1819 3915 temporis
1848 3842 2221 3900 admirabilis
2254 3850 2309 3900 et
2338 3849 2465 3901 tuto

799 3938 1180 4007 fortunatus;
1209 3948 1406 4006 neque
1432 3948 1594 3989 enim
1618 3932 1679 3988 in
1713 3932 2079 3990 domesticos
2119 3934 2321 4005 gladio
2354 3951 2463 3990 sae-

802 4027 929 4095 viit,
966 4039 1166 4098 neque
1196 4025 1609 4079 Romanorum
1637 4038 1698 4078 se
1726 4023 1992 4079 caedibus
2019 4024 2246 4097 polluit,
2281 4029 2345 4081 ut
2364 4024 2468 4097 qui

803 4121 943 4176 ante
974 4132 1115 4172 eum
1148 4114 1416 4186 Bulgaris
1449 4112 1920 4170 dominabantur
1950 4121 2291 4172 sueverant.
2325 4117 2469 4173 Hinc

800 4223 929 4266 non
958 4223 996 4264 a
1025 4204 1297 4275 Bulgaris
1326 4204 1512 4260 modo
1539 4203 1644 4259 sed
1673 4204 1960 4261 Romanis
1990 4204 2246 4279 aliisque
2286 4207 2446 4276 genti

801 4297 920 4356 bus
949 4297 1171 4353 charus
1199 4310 1270 4351 ac
1300 4293 1540 4350 intimus
1569 4294 1927 4350 habebatur.

2566 3327 2779 3377 πιπτον,
2836 3312 2926 3359 καὶ
2972 3310 3172 3377 γίνεται
3216 3309 3307 3378 μὲν
3364 3304 3451 3357 ὑπ’
3506 3304 3660 3357 αύτὸν
3708 3306 3738 3362 ἡ
3774 3301 4078 3379 Ἀδριανοῦ,
4118 3301 4175 3355 ἐκ

2570 3404 2661 3449 τοῦ
2698 3392 2896 3467 σχεδὸν
2925 3392 2982 3447 δὲ
3008 3400 3097 3447 καὶ
3127 3397 3183 3447 τὸ
3205 3391 3614 3466 Διδυμότοιχον,
3645 3391 3755 3446 εἶτα
3779 3393 3986 3466 Βολερόν
4014 3392 4173 3458 άπαν,

2572 3486 2777 3561 Σέρραι,
2838 3484 3126 3556 Πελαγονία
3162 3489 3251 3536 καί
3309 3483 3575 3558 Πρίλαπος
3613 3486 3699 3534 καὶ
3754 3482 3903 3555 πέριξ
3958 3484 4176 3535 τούτων.

2574 3572 2881 3649 Κατέδραμε
2940 3571 2999 3626 δε
3055 3578 3143 3625 καὶ
3178 3580 3273 3633 τῆς
3329 3573 3559 3645 μεγάλης
3598 3570 3831 3645 Βλαχίας
3871 3573 4007 3642 (56),
4051 3570 4180 3623 ἀλλὰ

2573 3670 2662 3717 καὶ
2716 3672 2806 3716 τοῦ
2848 3662 3091 3716 Ἐλϐάνου
3148 3664 3533 3737 κατακυριεύει,
3582 3666 3673 3713 καὶ
3730 3664 3893 3734 μέχρι
3945 3668 4035 3713 τοῦ
4086 3660 4180 3714 Ἰλ-

2571 3753 2788 3828 λυρικοῦ
2834 3755 2925 3815 τὰς
2972 3751 3112 3814 λείας
3163 3760 3320 3805 ποιεῖ.
3366 3752 3500 3804 Ἐπεὶ
3560 3748 3620 3804 δε
3657 3753 3715 3802 τὸ
3745 3750 3876 3802 πολὺ
3916 3756 4008 3802 τοῦ
4049 3748 4179 3822 βου-

2574 3843 2822 3916 λεύματος
2848 3843 3233 3916 κατειργάσατο
3286 3846 3374 3893 καὶ
3420 3842 3484 3901 ὡς
3537 3840 3721 3911 ἠγάπα
3757 3840 3823 3891 τὰ
3865 3839 3981 3891 καθ’
4022 3839 4181 3891 αύτόν

2577 3930 2799 4001 διέθετο,
2869 3932 2940 3994 εἰς
3004 3934 3126 3991 τοὺς
3188 3930 3405 3991 οἰκείους
3470 3928 3768 3991 ἐπανέζευξε
3814 3934 4021 3995 τόπους,
4062 3931 4183 3981 τινὰ

2576 4026 2665 4096 μεν
2714 4031 2813 4074 τῶν
2880 4025 3135 4095 φρουρίων
3199 4019 3578 4080 καταλελοιπὼς
3630 4020 3729 4071 ὑπὸ
3776 4018 4037 4091 Ῥωμαίων
4099 4014 4183 4070 δε-

2583 4113 2896 4175 σπόζεσθαι,
2964 4113 3028 4163 τὰ
3090 4109 3248 4162 πλείω
3317 4105 3376 4161 δὲ
3437 4109 3523 4181 ὑφ’
3564 4107 3746 4160 ἑαυτὸν
3805 4110 4181 4180 ποιησάμενος,

2582 4208 2906 4277 στρατιώτας
2938 4198 2985 4251 ἐν
3016 4202 3217 4260 τούτοις
3254 4198 3415 4261 τάξας
3452 4202 3542 4250 καὶ
3571 4200 3901 4272 στρατηγούς
3930 4200 4018 4249 καὶ
4064 4200 4185 4257 τοὺς

2581 4294 3046 4367 εἰσπραττομένους
3085 4292 3150 4341 τὰ
3207 4285 3448 4361 δημόσια
3478 4287 3876 4361 φορολογήματα
3903 4286 3972 4341 ³³.
3999 4283 4190 4349 Ἔδοξε

802 4395 930 4462 γοῦν
960 4393 1070 4449 τοῖς
1118 4390 1252 4439 πᾶσι
1285 4389 1402 4437 τότε
1431 4388 1521 4437 καὶ
1562 4386 1868 4458 θαυμαστὸς
1894 4388 1979 4437 καὶ
2021 4388 2280 4459 μακάριος
2312 4407 2325 4419 ·
2367 4385 2425 4438 ού
2454 4388 2556 4459 γὰρ
2585 4384 2784 4459 ἐχρᾶτο
2812 4384 3112 4454 μαχαίραις
3154 4378 3202 4430 ἐν
3242 4385 3348 4440 τοῖς
3380 4377 3606 4445 οἰκείοις,
3647 4373 3760 4428 οὐδ’
3784 4374 4055 4449 ἐχραίνετο
4095 4377 4189 4447 φό-

806 4499 917 4543 νοις
944 4478 1274 4551 Ῥωμαῐκοῖς,
1304 4478 1369 4537 ὡς
1400 4479 1449 4529 oi
1472 4480 1572 4551 πρό
1614 4476 1770 4529 αὐτοῦ
1804 4485 1904 4528 τῶν
1939 4476 2239 4551 Βουλγάρων
2267 4478 2334 4534 3‘.
2369 4476 2548 4531 Ἔνθεν
2601 4494 2681 4527 τοι
2710 4477 2799 4525 καὶ
2828 4470 2886 4523 ού
2929 4474 3081 4543 μόνον
3120 4471 3266 4544 παρὰ
3310 4466 3634 4541 Βουλγάρων,
3679 4464 3807 4518 ἀλλὰ
3844 4470 3932 4519 καὶ
3960 4467 4007 4501 ³⁸
4045 4468 4193 4539 παρὰ

798 4554 1078 4644 Ῥωμαίων
1105 4566 1323 4640 ἔφ’-λεῖτο
1346 4570 1460 4633 (57)
1487 4586 1578 4618 και
1600 4566 1783 4640 ἐτέρων
1813 4564 1966 4619 ἐθνῶν
1987 4567 2056 4621 ³⁸,

889 4696 938 4731 3:
969 4692 1163 4752 πολλὴν
1189 4689 1493 4765 -ξιταλῷν
1524 4705 1645 4765 pm.
1680 4693 1747 4746 D.
1810 4692 1873 4765 ξε
1913 4690 2083 4751 ἐζήτει
2112 4722 2180 4731 -
2206 4690 2410 4765 ὄλεθρον
2440 4705 2563 4747 om.
2605 4690 2670 4744 D.
2713 4760 2723 4765 _
2749 4686 2797 4721 ²⁴
2822 4690 2913 4737 καί
2939 4680 3108 4765 ἐδόκει
3134 4684 3276 4765 ώς-οί
3311 4681 3596 4765 ΒοὶὺλγαρρΊι
3636 4679 4031 4765 ,ύιπιοπτηξαντες
4065 4676 4194 4765 oni-di

813 4770 907 4827 τὴν
938 4767 1229 4839 ipsum
1263 4764 1330 4819 ι)-
1409 4764 1457 4798 ²⁵
1483 4762 1589 4834 οὐχ
1612 4794 1686 4839 _-—_
1726 4761 2015 4839 ΒοιξλγοιρεηΔ
2058 4779 2178 4818 om-
2214 4765 2277 4818 D-
2323 4751 2403 4839 ’,³⁵
2436 4765 2593 4839 ec—
2621 4760 2811 4833 κράτος
2855 4773 2980 4839 om:
3023 4758 3091 4839 11-
3175 4756 3397 4839 ’ᾗπερέι
3433 4751 3651 4839 '—'élé
3677 4751 3929 4839 Ἀγγελτξ
3965 4757 4071 4839 νέξε
4108 4754 4183 4839 υτ

814 4839 863 4877 ³⁸
902 4830 1170 4891 κοίῖσυλλ.
1202 4866 1274 4877 -
1305 4830 1629 4908 προσ-γενῶν]
1656 4834 1711 4896 ὃς
1744 4830 2156 4908 συλλαμϐάνεται
2182 4840 2272 4887 καὶ
2302 4833 2395 4886 ούκ
2426 4833 2594 4905 ὀλίγοι
2618 4830 3017 4908 τώνᾴσυγγενῶν
3047 4830 3110 4882 D.

3190 4826 3237 4901 ῗθ
3262 4824 3383 4901 περὶ
3408 4856 3476 4866 -
3499 4824 3704 4901 fluido;
3729 4841 3850 4880 om.
4023 4824 4071 4859 ³ο
4098 4828 4195 4876 καὶ

857 4910 1050 4965 άλιστα
1074 4941 1144 4951 —
1169 4898 1628 4981 συγκλύδοιςοῑῐι.⁴
1646 4909 1709 4962 D.
1780 4907 1824 4941 ³¹
1858 4898 1947 4958 καὶ
1971 4911 2097 4981 πρὸς
2122 4938 2190 4947 -
2219 4906 2391 4968 πόλεις
2421 4898 2629 4981 οῑῑίιρ.
2653 4974 2663 4981 ἡ
2703 4903 2749 4937 ⁸³
2781 4898 2875 4963 τῆς
2900 4932 2970 4940 —
2997 4898 3561 4981 uﬂgqndgugpna.‘D.
3623 4898 3672 4981 ff
3702 4900 3932 4956 καὶτοὺς
3951 4927 4021 4981 ῖ-
4041 4915 4197 4970 φοροο

844 4988 1092 5059 ογήματα
1110 4969 1329 5040 οω.Ἰ).
1405 4980 1454 5015 ³⁸
1478 4978 1781 5052 Ῥωμαϊκοῖς
1800 5010 1870 5019 -
1895 4969 2199 5052 Βουλγάρων
2230 4995 2351 5035 om.
2387 4981 2453 5035 D.
2529 4978 2577 5012 ³⁸
2608 5012 2609 5015 π

2254 4995 2351 5035 ιω.
2387 4981 2453 5035 D.
2529 4978 2577 5012 ³⁸
2608 4974 2667 5029 ού
2696 5005 2767 5016 -
2792 4979 2882 5025 καὶ
2907 4987 3031 5028 om.
3064 4973 3129 5026 D.
3207 4971 3255 5005 ³⁸
3285 4974 3375 5022 καὶ
3406 4969 3587 5045 ἐτέρων
3616 4969 3770 5023 ἐθνῶν
3800 4984 3925 5026 om.
3956 4970 4019 5024 D.

1796 5078 2117 5140 Theodori
2148 5079 2384 5139 Dousa
2417 5082 2479 5137 et
2503 5074 2738 5138 Leonis
2763 5070 2981 5134 Allatii
3007 5074 3197 5130 notae.

887 5192 1003 5321 $55)
1037 5197 1112 5265 Τῇ
1157 5191 1364 5264 σημαία
1413 5188 1501 5241 τὸν
1554 5189 1807 5268 ἔγγραφον
1847 5188 2017 5269 ὅρκον.
2055 5185 2361 5268 ,ΡΙΕΥᾶςυθ
2398 5184 2475 5266 εἰς
2506 5188 2550 5242 D

817 5281 903 5323 m1
948 5280 985 5321 a
1011 5266 1295 5323 exempla
1324 5260 1491 5323 apud
1516 5258 1668 5316 alios
1700 5260 2021 5315 historicos
2050 5272 2486 5323 mvemes,qui-

948 5280 985 5321 a
1011 5258 1295 5334 exempla
1324 5258 1491 5333 apud
1516 5258 1668 5334 alios
1700 5258 2021 5334 historicos
2050 5258 2486 5334 invenies,qui-

816 5338 936 5396 bus
967 5330 1351 5406 cognoscitur
1366 5330 1499 5406 rem
1526 5331 1959 5406 male‘cessisse
1977 5330 2259 5406 perjuris:
2288 5343 2485 5406 neque

821 5412 983 5468 enim
1003 5401 1188 5464 ﬁdem
1217 5405 1436 5475 frangit
1463 5403 1717 5474 homini,
1742 5404 1848 5473 qui
1863 5401 2261 5475 jurejurando
2290 5401 2486 5475 foedus

824 5486 883 5539 et
934 5486 1115 5554 pacta
1162 5474 2196 5554 constabilitaamolitur,_se_d_Deo,
2232 5474 2337 5545 qui
2374 5474 2487 5527 has

825 5546 1080 5638 injurias
1137 5548 1773 5638 pulc‘hreuulciscitur.
1811 5547 1926 5630 _Cf.
1976 5546 2342 5638 Nifep'horgs
2382 5559 2487 5638 pa-

827 5616 1110 5692 triarcha,
1140 5616 1203 5680 in
1234 5622 1551 5679 Breviario
1604 5621 1907 5685 historico,
1932 5635 2002 5692 7p.
2033 5616 2188 5674 24⁷1)
2241 5616 2337 5673 ed.
2381 5616 2490 5671 Lu-

830 5714 988 5774 par.,
1021 5690 1099 5755 de
1125 5694 1460 5753 Justiniano
1488 5693 1609 5749 tilio
1637 5690 2027 5749 Constantini.
2061 5696 2198 5747 ALL.

2661 5180 2775 5253 (5.6)
2826 5185 2932 5240 Τῆς
2958 5177 3188 5250 μεγάλης
3218 5174 3449 5253 Βλαχίας
3480 5173 3584 5253 (_a_).
3617 5172 3938 5253 Thessalia:
3974 5186 4203 5253 nempe

2592 5245 2905 5312 montana,
2939 5245 3073 5321 quae
3104 5245 3334 5317 magna
3366 5245 4008 5321 BlaChiadicebantur.
4037 5246 4208 5301 Nice-

2592 5330 2685 5380 tas
2714 5324 2773 5378 in
2805 5316 3111 5393 Balduino,
3136 5337 3196 5393 p.
3222 5316 3354 5374 78H.
3390 5318 3535 5373 Hinc
3565 5317 3725 5393 illius
3748 5316 4008 5393 regionis
4036 5332 4207 5393 asse-

2593 5397 2698 5452 clre
2730 5388 3194 5465 Μεγαλοϐλαχῖται
3228 5396 3519 5447 vocantur
3538 5406 3574 5446 a
3597 5388 4010 5461 Pachymerio,
4036 5388 4206 5457 lih.1,

2717 5508 2727 5519 .
2758 5472 2845 5521 30.
2870 5472 3005 5520 ALL.

2595 5472 3277 5614 (ἶᾶἐέῗῗθιὶἰέόάηῬωμαίων
3337 5532 3572 5614 ἐφιλεῖτο.
3807 5530 4011 5605 plures
4036 5531 4216 5614 ejus-

2665 5557 2781 5611 tot)
2826 5557 2978 5664 manu
3030 5557 3277 5608 ι’ωμαιων
3337 5557 3572 5614 quem).
3626 5557 3769 5588 nluu
3809 5557 4011 5605 plures
4050 5557 4212 5603 ejus-

2594 5611 2733 5667 dem
2773 5612 2871 5665 lau
2921 5626 2985 5664 es
3026 5612 3083 5663 et
3119 5621 3423 5680 praeconia
3454 5604 3617 5677 apud
3649 5608 3883 5661 Graecos
3913 5603 4212 5677 posterio-

2594 5700 2708 5737 res.
2751 5687 2889 5737 ALL.

2594 5700 2708 5739 res.
2751 5699 2889 5739 ALL.

889 5807 966 5872 (ο)
992 5805 1066 5859 Cf.
1098 5803 1318 5856 Bandur.
1346 5801 1683 5854 animadvers.
1713 5801 1763 5851 in
1788 5798 2098 5851 Constantini
2123 5798 2428 5863 Porpherg.
2457 5796 2532 5847 De
2571 5793 2742 5844 Them.
2777 5792 2815 5843 l.
2843 5806 2876 5853 ι,
2907 5804 2956 5856 p.
2988 5788 3046 5841 10
3073 5789 3124 5839 in
3153 5796 3283 5839 tomo
3311 5794 3478 5839 nostro
3512 5784 3663 5837 CXII.
