4470 6452
826 428 963 484 1051

2132 423 2415 483 GEORGII
2449 423 2909 482 ACROPOLITE

4051 425 4189 479 1052

822 548 1116 609 audebat:
1145 553 1237 607 sat
1258 549 1415 606 enim
1443 549 1526 606 illi
1550 552 1857 624 comperta
1875 553 2002 606 erat
2021 549 2269 605 Joannis
2288 550 2473 622 impe—
2509 551 2558 607 Α

2425 564 2473 604 e—
2509 551 2558 607 Α
2588 546 2845 609 θαλάττης
2870 550 3170 608 πεποιηκώς
3192 567 3203 581 ·
3230 542 3353 599 οὐδε
3377 548 3479 619 γὰρ
3505 543 3617 619 εἶχε
3642 546 3764 599 λαὸν
3787 546 4093 619 ἀξιόχρεων,
4120 568 4190 609 ως

821 639 1037 696 ratoris
1066 639 1150 695 rei
1196 639 1466 695 militaris
1495 656 1737 696 summa
1780 639 2097 712 prudentia
2145 645 2199 695 et
2237 638 2298 694 in
2328 653 2474 693 con-

822 728 986 784 ﬂictu
1012 743 1151 783 cum
1181 727 1454 783 hostibus
1482 728 1789 798 ingenium
1815 744 1998 801 supra
2023 732 2267 783 caeteros
2298 726 2475 782 soler-

823 817 1149 874 tissimum.
1200 818 1389 882 Quare
1428 821 1612 872 semet
1644 817 1845 888 ipsum
1886 816 2288 886 aggressionis
2317 814 2475 870 illius

821 905 1158 971 incusabat,
1186 904 1305 978 49
1332 910 1389 961 et
1417 905 1584 977 quod
1614 921 1835 961 manus
1866 906 2029 977 operi
2061 906 2357 975 injecisset
2382 920 2395 970 ;
2418 906 2476 960 et

822 994 981 1050 male
1010 1010 1113 1049 eos
1153 1010 1418 1050 asserere
1458 994 1875 1061 contendebat,
1923 996 1971 1049 si
2021 995 2131 1067 ipsi
2163 1000 2364 1049 tamen
2394 992 2476 1049 ita

823 1088 1106 1139 sentirent
1134 1098 1331 1155 neque
1374 1083 1571 1156 ipsum
1598 1088 1841 1156 propter
1868 1084 2112 1155 propria
2151 1082 2477 1138 commoda

821 1173 1199 1245 proritarent,
1231 1189 1371 1229 eum
1414 1173 1491 1229 ad
1522 1173 1654 1229 loca
1683 1189 2067 1229 accessurum
2106 1173 2307 1239 fuisse,
2337 1187 2473 1243 quae

821 1260 1107 1317 dominus
1144 1261 1384 1317 illorum
1431 1278 1502 1317 ac
1538 1262 1863 1334 imperator
1909 1262 2331 1317 administrare
2378 1276 2476 1315 ne-

822 1350 1026 1405 sciret:
1060 1366 1324 1423 namque
1358 1352 1632 1424 apprime
1664 1350 1937 1413 callebat,
1969 1352 2246 1422 dictoque
2277 1349 2474 1404 ﬁrma-

819 1438 944 1507 bat,
976 1439 1210 1495 etiamsi
1242 1439 1439 1495 decies
1470 1445 1554 1496 tot
1598 1440 1731 1495 loca
1764 1440 1843 1496 ad
1882 1439 2214 1509 regendum
2260 1438 2474 1494 Joanni

818 1526 1153 1600 imperatori
1182 1534 1582 1601 suppeterent,
1613 1529 1837 1601 optime
1867 1544 2005 1584 eum
2026 1528 2127 1584 illa
2152 1544 2326 1599 agere
2350 1542 2471 1582 mo-

819 1614 1017 1672 derari
1057 1617 1324 1689 tuerique
1381 1617 1459 1673 ab
1513 1618 1785 1673 hostibus
1836 1618 2009 1672 scire.
2068 1617 2197 1672 Sive
2256 1616 2471 1671 etenim

816 1702 1036 1761 horum
1059 1720 1265 1773 causa,
1297 1705 1422 1761 sive
1452 1706 1632 1761 etiam
1658 1705 1822 1778 quod
1849 1704 2472 1777 Cpolitanisluxuriari

819 1794 1046 1850 deliciis
1075 1810 1146 1850 ac
1168 1794 1348 1851 bonis
1374 1796 1646 1851 animum
1673 1795 1919 1868 implere
1936 1794 2128 1860 vellet,
2149 1794 2301 1849 duos
2320 1794 2379 1849 in
2402 1810 2473 1850 ea

2583 638 2645 689 ἄν
2674 656 2729 707 γε
2754 637 3177 711 πεξοπορήσειεν.
3203 636 3343 689 Ἐπεὶ
3377 632 3435 688 δε
3474 636 3758 688 καταλάϐοι
3786 642 3878 695 τὴν
3920 643 4187 689 Κωνσταν-

2583 730 2750 791 τίνου,
2779 724 2873 777 ούκ
2904 724 3135 797 εὐχερῶς
3165 722 3305 795 εἶχεν
3346 724 3531 787 έξιέναι
3559 731 3649 777 καὶ
3680 728 3864 797 μάχης
3893 725 4150 799 κατάρξαι
4171 746 4184 757 ·

2582 819 2670 865 καὶ
2699 816 2801 887 γὰρ
2829 812 3018 884 ἐπέγνω
3050 816 3136 865 τόν
3164 815 3210 849 ⁸⁵
3241 812 3466 885 βασιλέα
3496 814 3719 871 Ἰοάννηι
3760 833 4187 887 στρατηγικωταο

2580 906 2668 954 τόν
2699 921 2751 954 τε
2790 906 2908 954 ὄντα
2937 907 3024 954 καὶ
3054 899 3169 963 ταῖς
3198 901 3402 975 ἐχθρῶν
3432 905 3639 974 μάχαις
3668 900 4087 974 εύμεθοδώτατον
4115 904 4185 958 ⁴⁶.

2583 989 2861 1063 Ἐμέμφετο
2890 999 3015 1061 γοῦν
3038 991 3216 1043 ἑαυτὸν
3237 999 3331 1053 τῆς
3363 990 3729 1065 ἐγχειρήσεως,
3750 996 3839 1043 καὶ
3870 994 3950 1043 ὅτι
3970 997 4187 1063 πρώτως

2581 1086 2673 1130 τοῦ
2698 1082 2846 1151 ἔργου
2887 1079 3177 1145 ἐπεϐάλετο,
3220 1084 3308 1133 καὶ
3343 1088 3513 1139 κακῶς
3545 1083 3734 1151 ἔφασκε
3772 1085 3889 1142 τοὺς
3920 1079 4184 1150 λέγοντας,

2581 1168 2686 1238 ιῖγε
2737 1173 2825 1221 καὶ
2866 1169 3025 1229 οὕτως
3063 1168 3419 1240 ὑπελάμϐανον
3466 1174 3555 1220 καὶ
3604 1169 3697 1221 οὐκ
3752 1170 3991 1241 ἠρέθιζον
4033 1169 4185 1221 αὐτόν

2583 1252 2675 1309 διὰ
2704 1260 2762 1309 τό
2793 1262 2945 1329 σφίσι
2978 1262 3257 1329 συμφέρον,
3285 1260 3349 1317 ὡς
3380 1256 3661 1309 καταλάϐοι
3690 1258 3750 1309 ἂν
3782 1258 3851 1320 εἰς
3881 1264 4091 1330 χώρους
4119 1256 4187 1309 ὧν

2581 1345 2675 1397 οὐκ
2705 1346 2984 1397 ἐπίσταται
3013 1348 3199 1417 ἄρχειν
3230 1348 3256 1397 ό
3296 1345 3374 1398 ἐπ’
3422 1346 3597 1407 αὐτοῖς
3648 1345 3971 1418 βασιλεύῶν·
4020 1346 4188 1406 καλῶς

2579 1436 2679 1507 γὰρ
2714 1434 2924 1505 ἐγνώκει
2950 1440 3039 1486 καὶ
3067 1435 3232 1505 ἔλεγεν
3278 1438 3342 1494 ὡς
3369 1434 3411 1487 εἰ
3443 1431 3575 1487 δέκα
3617 1444 3862 1487 τοσοῦτοι
3896 1443 4063 1508 χῶροι
4114 1443 4187 1505 τῷ

2583 1520 2796 1593 βασιλεῖ
2824 1522 3031 1595 Ἰωάννῃ
3058 1527 3185 1597 πρὸς
3212 1520 3521 1576 δεσποτείαν
3550 1524 3813 1595 ὑπῆρχον,
3840 1523 4010 1583 καλῶς
4030 1525 4188 1581 ἠπίσ-

2578 1629 2701 1663 τατο
2722 1615 2916 1663 τούτων
2944 1615 3232 1687 κατάρχειν
3263 1616 3349 1663 καὶ
3380 1610 3673 1683 βασιλεύειν
3702 1617 3791 1663 καὶ
3824 1610 4108 1674 διασώζειν
4133 1614 4189 1663 ὲκ

2580 1708 2679 1751 τῶν
2710 1700 2932 1773 ἐχθρῶν.
2986 1704 3100 1753 Εἴτε
3148 1708 3274 1772 γοῦν
3308 1698 3400 1753 διὰ
3456 1709 3623 1753 ταῦτα
3673 1704 3772 1753 εἴτε
3802 1706 3891 1752 καὶ
3921 1708 4188 1774 τρυφῆσαι

2583 1789 2654 1851 εἰς
2710 1792 2868 1863 ἄκρον
2932 1790 2979 1842 έν
3036 1798 3143 1851 τοῖς
3199 1798 3297 1851 τῆς
3349 1795 3740 1843 Κωνσταντίνου
3800 1788 4189 1862 βεϐουλημένος

818 1900 1013 1941 annos
1043 1886 1255 1958 exegit.
1287 1886 1553 1941 Tandem
1580 1885 1920 1941 triremibus
1947 1884 2254 1957 apparatis
2277 1891 2333 1939 et
2356 1884 2470 1939 col-
2499 1888 2543 1942 Β
2581 1900 2583 1906 ‘

2417 1884 2470 1938 .1-
2499 1888 2543 1942 Β
2581 1878 2777 1943 καλοῖς,
2835 1876 2932 1931 δύο
2978 1879 3243 1940 ἐνιαυτοὺς
3282 1881 3324 1914 ⁴⁷
3375 1880 3483 1949 (61)
3543 1882 3685 1941 εντὸς
3737 1882 3896 1939 αὐτῆς
3944 1876 4182 1937 διήνυσε.

814 1971 1001 2038 lectis,
1029 1974 1112 2029 uti
1140 1978 1391 2046 poterat,
1424 1974 1635 2046 copiis,
1690 1974 1748 2029 in
1782 1974 2069 2030 orientem
2096 1973 2473 2044 progreditur

817 2066 873 2120 et
895 2062 1059 2135 apud
1087 2066 1485 2136 Lampsacum
1508 2068 1749 2136 portum
1772 2064 1947 2135 capit;
1971 2067 2198 2120 Joanne
2218 2063 2471 2134 impera-

816 2154 943 2207 torc
984 2152 1203 2208 abello
1247 2169 1385 2207 cum
1432 2152 1662 2209 Ctesare
1702 2152 1949 2221 Gabala,
1998 2168 2178 2224 quem
2229 2156 2474 2224 propter

818 2244 1047 2296 motam
1078 2240 1431 2298 seditionem
1460 2241 1883 2308 debellaverat,
1914 2246 2083 2313 gesto
2105 2242 2475 2297 continenter

814 2345 1091 2402 regresso
1103 2373 1116 2386 .

822 2528 839 2538 ‘
885 2530 976 2584 28.
1006 2529 1335 2599 Imperator
1386 2527 1447 2583 in
1490 2527 1703 2584 Stadiae
1748 2527 2020 2600 partibus
2072 2525 2471 2583 tabernaculis

813 2616 1042 2689 positis,
1077 2615 1484 2672 Andronicum
1518 2616 1917 2688 Palaeologum
1949 2632 2241 2686 magnum
2268 2616 2471 2672 dome-

813 2705 1049 2770 sticum,
1082 2704 1158 2760 de
1200 2721 1323 2778 quo
1355 2722 1538 2778 supra
1567 2706 1853 2772 diximus,
1889 2706 2076 2777 c0piis
2104 2722 2173 2761 ac
2209 2705 2469 2760 ducibus

812 2795 1047 2851 traditis
1080 2795 1139 2851 in
1165 2795 1425 2851 insulam
1457 2795 1734 2852 Rhodum
1766 2812 1904 2851 cum
1939 2796 2298 2851 triremibus.
2334 2812 2470 2869 quae

814 2882 958 2939 satis
1000 2888 1220 2952 essent,
1249 2890 1303 2940 et
1336 2884 1467 2940 aliis
1508 2885 1762 2941 navibus
1793 2884 2055 2954 dimittit,
2106 2890 2169 2939 ut
2214 2884 2472 2939 validius

812 2971 1092 3028 rebellem
1120 2972 1429 3029 invaderet
1459 2978 1516 3029 et
1544 2973 1765 3029 militiae
1788 2990 1943 3046 quos
1971 2978 2221 3029 noverat
2243 2972 2472 3028 artibus

812 3063 1199 3134 opprimeret.
1232 3064 1365 3118 Hinc
1397 3078 1534 3118 cum
1575 3063 1655 3118 ita
1701 3063 1961 3135 perfecta
1991 3067 2205 3129 essent,
2258 3077 2470 3135 resque

812 3156 1021 3206 contra
1050 3153 1341 3207 Caesarem
1370 3167 1479 3225 pro
1507 3152 1798 3207 sententia
1823 3151 2198 3224 imperatoris
2228 3151 2472 3206 Joannis

812 3240 1222 3310 successisset,
1264 3256 1375 3295 nec
1419 3256 1539 3296 non
1595 3241 1849 3296 relatum
1889 3240 1970 3296 illi
2015 3240 2224 3296 fuisset
2269 3256 2470 3310 regem
2501 3246 2539 3301 C

817 3328 932 3401 50
965 3329 1127 3401 Cpoli
1154 3329 1355 3399 egredi
1381 3346 1453 3386 eo
1479 3330 1682 3385 animo
1706 3335 1769 3386 ut
1790 3331 2189 3402 Lampsacum
2216 3329 2471 3402 appelle-

810 3423 897 3473 ret
928 3417 1131 3491 ibique
1161 3419 1455 3474 aduersus
1482 3419 1789 3475 Romanos
1817 3419 2180 3489 conﬂigeret,
2214 3435 2351 3473 cum
2379 3418 2470 3473 his

809 3522 964 3579 quos
995 3523 1197 3563 secum
1221 3508 1489 3565 habebat
1517 3509 1843 3581 imperator
1874 3508 2470 3580 admodumlpaucos

811 3596 1149 3667 (potissima
1179 3612 1445 3669 namque
1472 3598 1764 3653 exercitus
1792 3613 1933 3669 pars
1968 3596 2176 3669 prmlio
2208 3613 2277 3652 ac
2319 3600 2469 3651 tem-

808 3690 1041 3759 pestate
1052 3686 1305 3743 hiberna
1322 3686 1543 3744 afﬂicta
1559 3687 1811 3743 domum
1826 3689 2243 3756 remeaverat),
2260 3689 2468 3758 Lamp-

810 3791 1017 3832 sacum
1058 3777 1203 3850 petit
1232 3781 1286 3833 et
1316 3776 1481 3851 apud
1518 3778 1823 3849 Sigrenem
1854 3781 2051 3833 castra
2080 3782 2355 3833 metatur.

880 4082 967 4136 29.
1000 4082 1157 4136 Tunc
1188 4081 1472 4153 temporis
1506 4085 1563 4138 et
1589 4081 1717 4153 ipse
1748 4098 1785 4139 a
1821 4080 2173 4154 parentibus
2203 4079 2465 4136 sedecim

807 4183 1002 4225 annos
1028 4174 1207 4226 natus
1236 4174 1291 4226 et
1314 4186 1387 4226 ex
1408 4172 1697 4241 encyclia,
1720 4187 1905 4243 quam
1927 4170 2140 4241 vulgus
2164 4184 2467 4240 gramma-

806 4258 989 4314 ticam
1021 4265 1194 4315 vocat
1215 4259 1546 4316 litteratura
1588 4259 1909 4316 instructus
1936 4260 2015 4315 ad
2041 4262 2465 4331 imperatorem

806 4347 1028 4403 mittor.
1062 4350 1231 4405 Pater
1259 4350 1442 4405 etiam
1472 4366 1503 4405 e
1533 4348 1879 4405 Latinorum
1909 4348 2189 4405 manibus
2235 4365 2299 4404 se
2330 4364 2464 4402 sur-

803 4437 998 4509 ripere
1050 4437 1407 4510 decreverat,
1466 4438 1599 4495 licet
1656 4439 1734 4494 ab
1799 4438 1915 4494 illis
1970 4444 2027 4494 et
2093 4439 2463 4511 sumptuosis

805 4526 1095 4597 impensis
1116 4531 1173 4583 et
1188 4527 1399 4583 ofﬁciis
1415 4532 1471 4583 et
1489 4527 1817 4597 beneﬁciis,
1836 4528 2060 4601 quibus
2080 4544 2217 4585 eum
2236 4529 2465 4600 prolixe

2581 1974 2750 2038 Μογις
2774 1976 2898 2039 γοῦν
2928 1975 3157 2043 τριήρεις
3186 1969 3539 2041 οἰκονομήσας
3566 1973 3656 2021 καὶ
3688 1972 3987 2040 στράτευμα
4018 1988 4185 2021 σννα-

2584 2059 2816 2131 θροίσας,
2862 2060 2981 2110 ὅσον
3026 2060 3139 2128 εἶχε
3181 2062 3307 2131 πρὸς
3348 2054 3573 2129 δύναμιν
3609 2059 3679 2125 ⁴⁸,
3718 2061 3855 2109 κατὰ
3895 2059 3962 2093 ⁸⁸⁵
3992 2066 4081 2118 τῆς
4119 2058 4185 2109 ἕω

2581 2146 2841 2219 ἐχώρησε,
2871 2152 2961 2199 καὶ
2987 2152 3104 2221 περί
3120 2166 3176 2198 το
3198 2156 3293 2207 τῆς
3316 2146 3607 2217 Λαυψὰκου
3628 2146 3929 2219 ελλιμενίζει
3949 2152 4181 2219 νεώριον,

2578 2245 2861 2311 προσεχῶς
2886 2244 2957 2305 τῷ
2984 2242 3099 2288 τότε
3128 2244 3219 2287 τοῦ
3250 2235 3510 2308 βασιλέως
3555 2237 3791 2289 Ἰωάννου
3830 2235 3896 2287 (kx
3924 2246 4022 2297 τῆς
4048 2238 4187 2287 κατὰ

2578 2333 2667 2377 τοῦ
2702 2331 2967 2399 Καίσαρος
3017 2325 3223 2377 Γαϐαλᾶ
3279 2346 3463 2398 μαχης
3508 2325 3955 2401 ὑποστρέψαντος,
4010 2327 4063 2377 ὄν
4092 2322 4188 2377 διὰ

2578 2433 2755 2487 νεωτερ
2766 2418 2917 2486 ισμόν
2954 2413 3254 2487 ἐμαχέσατο
3268 2458 3280 2469 .

2651 2519 2754 2579 κη’,
2788 2522 2847 2573 Ὀ
2870 2524 2959 2593 μὲν
2992 2518 3077 2573 οὖν
3101 2508 3350 2593 βασιλεύς
3373 2526 3487 2593 περὶ
3506 2524 3570 2573 τὰ
3587 2529 3678 2582 τῆς
3701 2517 3927 2583 Σταδίας
3946 2524 4069 2594 κέρη
4098 2524 4189 2581 τὰς

2580 2616 2865 2671 σκηνώσεις
2906 2614 3211 2683 ποιούμενος
3258 2619 3330 2681 τῷ
3370 2610 3705 2682 Παλαιολογῳ
3763 2608 4101 2685 Ἀνδρονίκῳ,
4134 2611 4188 2662 ὃν

2578 2698 2740 2771 μέγαν
2799 2697 3109 2772 δομέστικον
3151 2696 3282 2771 εἶχε,
3330 2700 3451 2772 ωερί
3492 2701 3550 2752 οὗ
3600 2704 3690 2751 καὶ
3730 2700 3917 2774 μικρόν
3962 2702 4187 2773 πρόσθεν

2580 2789 2801 2862 εἰρήκειν
2834 2791 2901 2856 ⁸⁸,
2941 2791 3003 2841 τὰ
3057 2792 3425 2861 στρατεύματα
3474 2794 3562 2841 καὶ
3613 2794 3728 2850 ὀὺς
3784 2795 4109 2863 στρατηγους
4139 2790 4190 2827 ⁸0

2578 2875 2867 2952 παραδοὺς,
2895 2883 2983 2930 καὶ
3022 2877 3105 2930 ἐπὶ
3142 2882 3236 2937 τὴν
3260 2887 3419 2937 νῆσον
3462 2876 3641 2931 Ῥόδον
3672 2883 3936 2954 τριήρεσιν
3987 2881 4189 2941 ἱκαναῖς

2578 2972 2667 3019 καὶ
2704 2967 2911 3029 λοιπαῖς
2933 2967 3299 3029 ἐξαποστείλας
3321 2970 3363 3002 ⁵³
3394 2973 3599 3029 ναυσίν,
3632 2969 3676 3019 εἰ
3696 2988 3800 3028 πως
3832 2967 4185 3041 βριαρὼτερον

2581 3056 2836 3113 ἐπιτεθείη
2883 3064 2954 3125 τῷ
3010 3054 3282 3128 ἀποστάτῃ
3316 3061 3405 3108 καὶ
3453 3055 3827 3127 καταϐλάψειεν
3850 3058 3921 3091 ⁵¹¹
3952 3057 4025 3116 οἷς
4074 3052 4187 3108 οἶδε

2578 3145 2748 3216 λόγοις
2802 3153 2896 3206 τῆς
2925 3150 3261 3219 στρατηγίας,
3321 3142 3501 3204 έπειδὴ
3560 3154 3725 3197 ταῦτα
3769 3146 3904 3198 οὕτω
3950 3144 4182 3217 συμϐαίη

2579 3240 2669 3287 καὶ
2724 3237 2860 3287 κατὰ
2920 3238 3113 3287 σκοπόν
3171 3235 3376 3307 Ἰωάννη
3437 3243 3509 3305 τῷ
3562 3233 3773 3307 βασιλεῖ
3822 3238 3887 3286 τὰ
3924 3238 4042 3307 περί
4096 3238 4185 3285 τόν

2582 3328 2825 3396 Καίσαρα
2877 3328 3095 3395 γένοιτο,
3128 3322 3355 3383 ἀκούσας
3400 3318 3577 3375 δὲκαὶ
3622 3325 3686 3382 ὡς
3718 3324 3743 3374 ό
3912 3322 4047 3384 ἐξὴει
4092 3330 4187 3383 τῆς

2581 3418 2973 3466 Κωνσταντίνου
2992 3418 3079 3465 καὶ
3109 3412 3302 3485 βουλὴν
3321 3416 3438 3483 ἔχοι
3464 3409 3878 3486 προσοκεῖλαιτῆ
3904 3412 4187 3485 Λαμψάκῳ

2578 3501 2727 3555 κάκεῖ
2753 3502 2966 3565 ἐξελθεῖν
3014 3507 3100 3554 καὶ
3125 3502 3394 3574 Ῥωμαίοίς
3442 3502 3739 3575 πολεμῆσαι
3771 3502 3887 3574 μεθ’
3915 3500 3981 3553 ὧν
4026 3505 4189 3572 ἔτυχε

2580 3589 2783 3664 διάγειν
2816 3594 2841 3644 ό
2874 3591 3118 3665 βασιλεὺς
3147 3592 3233 3665 [Ρ.
3267 3591 3359 3664 25]
3392 3592 3581 3663 (ὀλίγοι
3621 3589 3679 3645 δὲ
3710 3593 3845 3651 ἦσαν
3876 3588 4038 3657 οὗτοι,
4074 3592 4185 3645 ἐπεὶ

2576 3686 2635 3733 τό
2658 3681 2786 3734 πολὺ
2808 3691 2901 3744 τῆς
2935 3679 3183 3757 στρατῖᾶς
3207 3689 3267 3754 τῇ
3293 3683 3446 3753 μάχη
3470 3686 3560 3733 καὶ
3589 3678 3651 3753 τῇ
3676 3680 3786 3755 ὥρᾳ
3815 3689 3907 3733 τοῦ
3922 3690 4189 3753 χειμῶνος

2576 3771 3033 3845 τεταλαιπωρηκός
3075 3771 3156 3824 ἐπὶ
3194 3773 3261 3823 τὰ
3303 3771 3436 3822 οἶκοι
3469 3770 3669 3845 ἐφέρετο
3704 3772 3798 3840 δ’),
3844 3777 4012 3843 χωρεῖ
4054 3776 4188 3844 πρός

2576 3866 2670 3919 τὴν
2734 3860 3049 3934 Λάμψακον,
3096 3864 3186 3913 καὶ
3240 3867 3347 3921 τοῖς
3407 3868 3497 3920 τῆς
3555 3867 3811 3933 Σιγρηνῆς
3868 3866 4050 3932 μέρεσι
4092 3863 4188 3922 τὰς

2580 3955 2771 4012 σκηνὰς
2797 3956 3049 4023 πήγνυσι.

2646 4080 2755 4134 κθ¹.
2794 4083 2917 4131 Τότε
2948 4082 3035 4129 καὶ
3064 4076 3215 4137 αὑτός
3253 4081 3383 4151 πρὸς
3414 4085 3513 4129 τῶν
3555 4080 3741 4148 γονέων
3792 4075 3845 4128 ἐκ
3899 4084 3995 4137 τῆς
4044 4082 4158 4128 liora

2577 4173 2848 4221 σταντίνου
2901 4166 3196 4223 ἀπεστάλην
3252 4176 3324 4237 τῷ
3386 4165 3596 4239 βασιλεῖ
3661 4161 4059 4225 εκκαιδεκαέτης
4113 4166 4186 4215 ὧν

2574 4263 2663 4311 καί
2722 4267 2807 4309 νύν
2873 4266 2968 4318 τῆς
3023 4256 3297 4327 ἐγκυκλίου
3349 4258 3462 4329 (62)
3518 4254 3910 4327 ἀπηλλαγμένος
3954 4252 4185 4307 παιδεύ-

2578 4368 2721 4420 σεως,
2787 4349 2848 4406 ἦν
2909 4350 3283 4419 γραμματικὴν
3358 4346 3809 4417 κατονομαζουσιν
3876 4346 3925 4397 οἰ
3979 4344 4181 4399 πολλοί.

2576 4437 2845 4492 Ἐϐούλετο
2896 4433 2954 4489 δὲ
2997 4456 3087 4508 μοι
3118 4441 3205 4487 καί
3242 4437 3267 4487 ό
3306 4440 3479 4509 πατὴρ
3522 4435 3690 4508 λάθρα
3728 4444 3823 4497 τῆς
3870 4443 3969 4486 τῶν
4016 4442 4184 4487 Λατι-

2574 4549 2669 4580 νων
2729 4526 3086 4585 ἀπολισθῆσαι
3130 4530 3347 4599 χειρός·
3408 4522 3642 4599 ίσχυρῶς
3689 4526 3790 4597 γὰρ
3841 4525 3966 4599 παρ’
4016 4525 4185 4576 αὐτῶν

877 4707 925 4742 ⁸⁵
956 4726 1073 4763 κατ.
1116 4704 1203 4759 οὖν
1233 4712 1327 4766 τήν
1370 4708 1909 4784 Κωνστανςινούπολιν
1941 4709 1965 4760 ό
1995 4707 2096 4784 ῥήξ
2118 4714 2207 4761 καὶ
2236 4713 2306 4784 μρ
2351 4712 2487 4781 ἔχων
2511 4708 2633 4761 λαόν
2670 4705 2965 4779 ἀξιόμαχον
2988 4705 3081 4757 ούκ
3114 4705 3343 4780 εὐχερῶς
3382 4702 3523 4777 εἶχεν
3565 4703 3771 4770 ἐξιέναι,
3815 4704 4053 4784 ἐπιγνούς
4091 4708 4184 4755 τόν

804 4778 873 4852 ΒΑ.
953 4780 1000 4814 ⁴⁶
1027 4798 1081 4833 τε
1102 4784 1176 4852 Aet
1204 4784 1293 4852 καὶ
1319 4811 1386 4852 —_—
1417 4776 1835 4852 εύμεθοδωτατον
1874 4776 2004 4852 orn:
2035 4783 2095 4834 ll.

806 4849 962 4925 αὐτόν
996 4860 1064 4922 τῷ
1086 4849 1302 4924 βασιλεῖ
1330 4849 1710 4925 ἀντιφέρεσθαι.
1745 4856 1855 4906 Λύο
1886 4849 1973 4905 οὖν
2005 4852 2268 4913 ἐνιαυτούς
2297 4856 2358 4907 D.

804 5013 918 5049 κατ.
965 4995 1030 5049 D.

2195 4775 2245 4814 ιτ
2275 4778 2333 4833 δὲ
2364 4775 2457 4842 τῆς
2488 4775 2851 4851 ἐγχειρήσεως·
2866 4775 3050 4851 ἷαυτόᾼν
3090 4775 3178 4829 καί
3200 4775 3378 4837 κακῶς
3409 4775 3599 4849 ἔφασκε
3621 4782 3758 4851 νοεῖν
3788 4780 3902 4835 τοὺς
3940 4775 4184 4851 λέγοντας

2439 4855 2485 4888 ⁸⁸
2519 4846 2865 4925 συναθροίσας
2906 4882 2971 4889 -
3006 4846 3228 4921 δύναμιν
3255 4846 3494 4925 ρωζῐ).

804 4954 872 4963 —
904 4920 1276 4999 iipjixsivpm:
1314 4926 1376 4979 Ι).
1431 4920 1768 4999 ’κακαὶ-τούς
1801 4927 2127 4999 στρατηγούς
2155 4940 2282 4979 om.
2322 4927 2386 4979 D.
2464 4925 2506 4959 ⁵¹
2550 4920 2791 4999 τριήρεσι
2816 4928 2905 4999 καὶ
2948 4926 3120 4999 ναυσί
3142 4920 3348 4983 στείλας
3386 4924 3447 4976 D.

1133 4996 1182 5031 ⁸⁸
1212 4993 1291 5057 οἷς
1318 5027 1369 5036 -
1420 4995 1647 5071 ἐφέρετο]
1675 5002 1761 5049 καὶ
1804 4992 1912 5049 ἐπεὶ
1942 4992 2110 5049 ταῦτα
2134 5002 2275 5048 κατώ
2307 4999 2499 5047 σκοπὸν
2533 4992 2720 5053 mean
2744 5003 2815 5065 τῷ
2844 4992 3056 5067 βασιλεῖ
3089 4994 3151 5048 D.

3592 4848 3662 4919 “7'
3696 4852 3788 4906 τὴν
3832 4851 3893 4919 Df
3949 4844 4022 4882 ’⁸⁵
4056 4854 4183 4919 περὶ

3528 4921 3596 4955 ⁵¹⁸
3624 4918 3716 4993 βρ.
3750 4923 3836 4972 τόν
3875 4918 4184 4977 ἀποστάτην

1796 5123 2108 5184 Theodori
2140 5126 2367 5184 Dousaa
2400 5128 2460 5183 et
2488 5122 2716 5182 Leonis
2745 5121 2955 5181 Allatii
2990 5125 3176 5179 notae.

804 5275 901 5345 rii,
935 5273 1123 5331 donec
1146 5275 1211 5330 in
1235 5275 1459 5345 majori
1475 5275 1832 5330 constitutus
1859 5280 2029 5331 etate
2050 5276 2364 5345 perveniat
2386 5274 2467 5330 ad
2507 5272 2550 5327 D
2589 5272 2871 5341 Regestis.
2915 5273 3055 5345 ALL.

806 5346 1157 5417 legitimam.
1180 5347 1351 5403 Mare
1379 5347 1546 5417 apud
1583 5348 1854 5404 Venetias
1884 5348 2118 5403 intrans
2146 5346 2313 5404 vadit
2338 5347 2461 5402 col-

805 5420 929 5475 lato
950 5422 1220 5475 exercitu
1246 5420 1490 5489 Cpolim.
1523 5424 1653 5475 ALL.

899 5489 991 5562 61)
1022 5493 1119 5543 Δύο
1156 5489 1435 5551 ἐνιαυτούς.
1479 5493 1601 5547 Hoc
1645 5490 1907 5546 duorum
1948 5506 2248 5546 annorum
2280 5490 2461 5546 inter-

803 5562 963 5619 vallo
990 5564 1283 5619 Joannem
1338 5578 1543 5633 regem
1600 5563 1661 5619 in
1707 5562 1907 5619 Galliis
1939 5562 2264 5618 exercitum
2296 5577 2458 5617 com-

801 5650 1049 5762 Earasse
1078 5641 1137 5692 et
1162 5636 1222 5691 in
1272 5634 1500 5691 Italiam
1542 5652 1607 5691 se
1634 5635 1712 5690 ad
1751 5634 2095 5707 pontificem
2139 5634 2459 5690 contulisse

851 5711 999 5762 eate.
1030 5707 1273 5762 tandem
1306 5707 1552 5762 Venetiis
1574 5707 1781 5762 conias
1812 5707 2172 5762 imnosuisse
2203 5705 2459 5761 navibus

851 5707 1285 5780 eate,gtandem_
1306 5707 1552 5763 Venetiis
1574 5705 1781 5780 c0pias
1812 5707 2172 5780 imposuisse
2203 5705 2459 5780 navibus

802 5782 860 5835 et
888 5778 1117 5852 Cpolim
1148 5778 1529 5854 applicuisse,
1563 5777 1767 5836 scribit
1795 5777 2127 5851 Gregorius.
2164 5782 2367 5836 Nonus
2397 5777 2459 5834 in

2640 5339 2755 5418 (6’2)
2787 5351 2892 5406 Τῆς
2922 5342 3223 5414 ἐγκυκλίου.
3260 5347 3429 5397 Anna
3469 5341 3794 5418 compena,
3838 5339 4036 5418 1ib._v_.
4070 5342 4187 5418 Hi-

2570 5410 2714 5490 8t67:.
2739 5410 2880 5478 Tol;
2929 5410 3330 5490 προίσταμένοις
3376 5419 3471 5490 τῂν
3504 5412 3773 5490 εγκύκλὶον
3802 5410 4192 5490 ,παιδεύεσθαι

2570 5484 2833 5550 παιδείαν,
2868 5492 2922 5543 et
2966 5480 3131 5539 ταῦτα
3158 5480 3220 5538 δὲ
3249 5486 3379 5557 λέγω
3410 5480 3682 5557 ἀχθομένη
3729 5480 3823 5537 διὰ
3860 5488 3954 5543 τὴν
3992 5505 4189 5557 παντε-

2568 5560 2629 5620 λῆ
2672 5568 2762 5621 τῆς
2813 5558 3088 5630 ἐγκυκλίου
3137 5554 3483 5619 παιδεύσεως
3518 5554 3795 5630 ιῖιιὲλιὲλειαν.Δ
3827 5556 4191 5630 Encycliam

2570 5628 2963 5711 eruditionem
2992 5630 3453 5711 imprqprieﬁiq
3474 5628 3938 5711 Grammaticam
3958 5628 4193 5711 intelli-

2570 5706 2653 5774 git
2677 5708 2880 5759 noster
2932 5700 3289 5775 Acropolita,
3325 5700 3460 5756 licet
3507 5701 3605 5756 alii
3644 5700 3814 5756 aliter
3844 5708 4187 5774 exponant.

2570 5776 2654 5833 Cf.
2684 5778 2912 5833 Tzetzes
2939 5773 3185 5832 Chiliad.
3212 5778 3265 5846 2,
3301 5791 3360 5832 v.
3382 5777 3503 5830 522.
3536 5778 3669 5829 ALL.
