4470 6452
807 413 827 466 1
838 409 942 467 055

2082 401 2364 459 GEORGII
2396 398 2872 458 ACBOPOI‘ITE.

4018 407 4154 463 1056

799 549 929 591 rere
958 531 1273 606 perspicax
1295 533 1351 588 et
1374 533 1606 599 acutus,
1637 532 1703 585 ut
1741 543 1882 584 suos
1920 528 2067 583 tueri
2115 542 2184 583 ac
2216 541 2452 582 servare
2484 524 2531 579 A

2389 541 2452 582 re
2484 524 2531 579 A
2563 527 2622 577 τό
2686 525 2894 592 οἰκεῖον,
2953 525 3079 600 ὑπὲρ
3133 523 3194 579 οὖ
3250 531 3339 580 καὶ
3391 526 3623 591 πλείονος
3678 526 3845 583 ἕδεῖτο
3902 531 4057 602 λόγου
4084 534 4153 602 ⁵⁸,

801 628 1023 694 posset,
1044 621 1209 694 quod
1232 625 1286 676 et
1306 620 1499 690 magis
1522 619 1774 689 dignum
1797 617 2271 674 consideratione
2302 620 2451 683 erat,

801 715 858 767 et
882 712 1086 767 hostes
1116 710 1442 778 inﬁrmare,
1464 713 1521 765 et
1547 724 1654 780 per
1673 709 1800 763 haec
1821 707 1942 762 duo
1957 706 2199 778 propria
2220 711 2452 762 consta-

798 799 1010 866 biliret,
1046 803 1108 856 ut
1155 799 1339 855 ambo
1399 798 1728 870 perﬁceret,
1775 796 2025 852 modum
2063 796 2310 852 invenit.
2369 798 2452 851 Ex

798 888 1171 961 imperatrice
1194 891 1355 943 Irene
1375 887 1566 942 ﬁlium
1595 890 1957 957 susceperat,
1991 884 2086 940 cui
2133 885 2211 940 ab
2259 884 2448 956 impe-

797 981 992 1032 ratore
1023 978 1333 1033 Theodoro
1362 975 1598 1032 Lascari
1647 981 1862 1047 patruo
1911 990 2133 1030 nomen
2181 973 2446 1036 dederat,

797 1066 1077 1122 undecim
1105 1067 1234 1137 jam
1256 1081 1448 1121 annos
1497 1081 1568 1120 eo
1597 1065 1882 1136 temporis
1934 1069 2163 1119 natum.
2214 1065 2449 1118 Asanus

795 1155 936 1212 item
967 1155 1215 1211 ﬁliolam
1241 1154 1449 1210 habuit
1479 1153 1759 1209 Helenam
1790 1153 2054 1218 nomine,
2087 1153 2164 1208 ab
2215 1154 2451 1221 Ungara

797 1251 1016 1311 ortam,
1047 1261 1409 1302 novennem.
1443 1245 1774 1316 Imperator
1796 1243 1874 1299 ad
1929 1249 2194 1298 Asanum
2232 1241 2446 1312 Bulga-

793 1351 997 1391 rorum
1025 1335 1348 1406 principem
1378 1339 1644 1389 oratores
1673 1333 1866 1400 mittit,
1923 1336 1987 1387 ut
2011 1333 2448 1403 sponsaliorum

793 1423 947 1478 inter
983 1423 1094 1494 53
1130 1438 1350 1494 pueros
1376 1426 1432 1477 et
1480 1421 1631 1476 inter
1681 1437 1743 1475 se
1797 1420 2098 1476 afﬁnitatis
2145 1421 2447 1475 mentione

793 1510 1038 1566 inducta
1063 1510 1137 1565 de
1155 1517 1365 1565 mutuo
1395 1509 1615 1566 auxilio
1645 1509 1987 1580 mutuisque
2032 1508 2181 1563 inter
2219 1525 2282 1563 se
2325 1512 2446 1564 tra-

792 1599 1008 1654 dendis
1025 1599 1223 1671 operis
1247 1615 1590 1654 sermonem
1615 1602 2016 1654 consererent.
2039 1602 2273 1652 Asanus
2290 1596 2447 1665 lega-

791 1688 1017 1744 tionem
1048 1688 1348 1760 approbat
1379 1705 1391 1755 ;
1426 1693 1603 1759 pacta
1633 1691 1927 1744 conventa
1952 1686 2350 1742 conﬁciuntur
2392 1689 2446 1741 et

2560 613 2909 686 ἀναχαιτίσαι
2936 634 2990 668 τε
3019 619 3198 668 καὶτὸ
3228 617 3544 682 ὑπεναντίον,
3606 621 3675 679 ὡς
3725 618 3785 671 ἂν
3844 616 3917 673 δι’
3968 620 4155 694 ἀμφοῖν

2559 705 2626 755 τὰ
2682 704 2848 756 οἰκεῖα
2890 707 3215 776 κρατύνοιτο,
3285 708 3515 780 εὑρίσκει
3591 712 3778 782 τρόπον
3850 707 4158 785 ἀποπληρω-

2559 796 2702 845 τικὸν
2741 800 2848 844 τοῖν
2889 789 3056 846 δυοῖν.
3104 794 3378 864 Ἐγεννήθη
3433 799 3535 869 γὰρ
3589 796 3728 867 αύτῷ
3787 798 3898 868 (63)
3949 800 4056 860 υἱὸς
4101 799 4156 852 ἔκ

2560 889 2655 941 τῆς
2696 877 2980 952 βασιλίδος
3035 882 3274 954 Εἰρήνης,
3415 891 3506 937 καὶ
3555 884 3738 945 κλῆσις
3790 893 3880 937 τοῦ
3937 887 4152 938 πάππου

2558 974 2648 1021 καὶ
2702 968 2961 1041 βασιλέως
3007 967 3248 1046 Θεδώρου
3291 980 3381 1024 τοῦ
3431 976 3733 1048 Λασκάριος
3793 974 4149 1027 ἐπετέθειτο⁵⁹³⁹

2559 1056 2830 1112 ἑνδέκατον
2858 1056 2916 1112 δέ
2971 1063 3020 1112 οἱ
3081 1063 3193 1121 ἔτος
3233 1067 3348 1115 τότε
3397 1063 3600 1122 ἠνύετο.
3657 1068 3757 1116 Καὶ
3808 1064 3833 1114 ό
3882 1064 4043 1115 Ἀσὰν
4093 1059 4151 1115 δι

2561 1150 2839 1220 θυγάτριον
2901 1152 3077 1222 ἔσχεν,
3141 1150 3307 1208 Ἑλένη
3368 1151 3499 1209 αὐτῆ
3555 1155 3802 1225 τοῦνομα,
3860 1155 4004 1225 παρὰ
4059 1160 4154 1213 τῆς

2551 1235 2610 1299 ,ἐξ
2663 1238 2915 1312 Ούγγρων
2967 1240 3303 1310 γαμηθείσης
3351 1239 3512 1310 αύτῷ·
3566 1243 3770 1293 ἔννατον
3822 1245 3912 1292 καὶ
3986 1241 4148 1311 ταύτῃ

2556 1329 2670 1386 ἔτος
2719 1334 2800 1384 ῆν.
2865 1327 3144 1400 Πρεσϐείαν
3195 1336 3318 1399 γοῦν
3373 1329 3566 1381 στέλλει
3618 1331 3644 1381 ό
3700 1328 3952 1402 βασιλέύς
4019 1331 4150 1402 πρὸς

2555 1417 2640 1466 τόν
2686 1414 2986 1490 Βουλγάρων
3043 1419 3281 1489 ἄρχοντα
3324 1418 3507 1486 Ἀσὰν,
3564 1423 3654 1470 καὶ
3710 1423 3993 1490 μνηστείας
4056 1425 4156 1467 τῶν

2556 1500 2760 1556 παίδων
2824 1509 3130 1576 μνημονεύει
3183 1511 3274 1557 καί
3319 1514 3413 1568 τῆς
3452 1505 3639 1579 ἀμφοῖν
3709 1510 4022 1578 ἀγχιστείας
4066 1509 4157 1557 καὶ

2556 1600 2648 1644 τοῦ
2701 1590 2772 1644 δι’
2828 1593 3072 1654 ἀλλήλους
3126 1603 3497 1668 συνασπισμοῦ
3566 1616 3620 1648 τε
3700 1601 3788 1648 καὶ
3862 1599 4155 1669 συγκροτὴ-

2559 1701 2682 1742 σεως
2720 1683 2787 1718 ⁵ο·
2848 1687 2947 1736 Καὶ
3001 1681 3218 1755 δέχεται
3264 1686 3290 1736 ὁ
3346 1682 3509 1738 Ἀσάν
3565 1690 3658 1742 τήν
3706 1682 4004 1759 πρεσϐείαν,
4065 1688 4155 1735 καὶ

785 1777 1180 1848 jurejurando
1210 1777 1662 1834 conﬁrmantur.

2555 1769 2874 1843 πληροῦνται
2914 1774 2968 1823 αἱ
2996 1778 3309 1845 συμφωνίαι.
3337 1779 3436 1826 Καὶ
3475 1775 3560 1826 ἐπὶ
3607 1776 3811 1835 τούτοις
3861 1776 3950 1824 καὶ
4008 1773 4154 1847 ὅρκοι

2485 1852 2524 1907 Β
2553 1859 2859 1932 προύϐησαν
2882 1863 2949 1916 θί.

862 1960 947 2012 32.
996 1959 1158 2012 Tunc
1234 1956 1380 2011 mihi
1465 1956 1903 2013 mathematum
1969 1961 2027 2012 et
2084 1957 2445 2013 sublimioris
2625 1949 2627 1956 “

2386 1958 2445 2012 δίε
2625 1948 2726 2022 λβ’·
2779 1954 2903 2002 Τότε
2953 1958 3077 2022 γοῦν
3120 1956 3209 2003 καὶ
3259 1951 3416 2011 αὐτὸς
3465 1953 3616 2025 ἔρωτι
3658 1959 3755 2004 τῶν
3829 1951 4151 2023 μαθημάτων

790 2046 1119 2118 disciplinae
1136 2063 1339 2102 amore
1351 2047 1563 2115 excito,
1578 2047 1860 2103 omnibus
1873 2049 2067 2104 valere
2075 2049 2096 2120 j
2109 2048 2279 2113 ussis,
2324 2063 2446 2102 una

791 2152 931 2192 cum
963 2136 1090 2192 aliis
1120 2136 1622 2203 adolescentibus,
1647 2137 1729 2193 ita
1750 2144 2052 2194 annuente
2085 2139 2444 2210 imperatore

791 2229 969 2297 atque
1001 2228 1374 2297 Exapterygo
1426 2226 1738 2282 Theodoro
1795 2227 2177 2294 informante,
2237 2227 2445 2298 logicaa

791 2314 1050 2369 scientiae
1102 2313 1299 2369 aditus
1336 2315 1610 2386 foresque
1660 2317 2026 2387 aperiuntur.
2112 2318 2256 2372 Cum
2309 2323 2445 2372 ante

790 2402 1213 2475 imperatorem
1247 2405 1762 2472 convenissemus,
1787 2407 1846 2460 in
1880 2422 1973 2460 me
2014 2407 2282 2462 oratione
2305 2422 2445 2461 con-

788 2508 963 2547 versa
1001 2493 1328 2564 imperator
1365 2493 1513 2549 dixit
1551 2512 1563 2549 :
1600 2515 1649 2548 η.
1677 2498 1792 2550 Hos
1845 2495 2037 2551 Nicaea
2095 2496 2446 2568 desumptos

788 2582 1138 2653 praeceptori
1168 2582 1384 2638 tradidi
1419 2599 1431 2637 :
1461 2583 1564 2638 tibi
1594 2599 1624 2637 e
1651 2583 1839 2639 domu
1883 2601 2018 2640 mea
2066 2590 2332 2656 accepto,
2383 2590 2447 2640 ut

788 2686 910 2726 una
941 2687 1078 2726 cum
1104 2670 1200 2726 his
1231 2671 1627 2742 instruereris,
1656 2672 1997 2729 facultatem
2027 2674 2155 2730 feci.
2191 2674 2445 2731 Ostende

788 2758 990 2832 itaque
1023 2765 1076 2816 te
1107 2777 1244 2817 vere
1269 2777 1299 2816 e
1323 2776 1457 2816 mea
1477 2761 1666 2817 domu
1682 2778 1987 2832 egressum
2012 2763 2216 2830 fuisse,
2242 2765 2444 2836 sicque

786 2848 1172 2905 mathematis
1197 2849 1478 2906 incumbe
1501 2867 1513 2904 :
1532 2851 1846 2907 militarem
1867 2853 2026 2907 enim
2049 2854 2224 2908 vitam
2243 2859 2444 2908 secuto

785 2942 934 3010 quot
962 2954 1032 2993 ex
1063 2938 1414 2995 liberalitate
1438 2939 1818 3011 imperatoris
1845 2941 2146 3012 stipendia
2164 2941 2443 2997 constitui

787 3031 1086 3099 poterunt,
1122 3033 1206 3083 tot
1238 3028 1344 3083 tibi
1393 3033 1497 3084 aut
1548 3045 1669 3084 non
1731 3030 1920 3085 multo
1973 3030 2147 3103 plura
2203 3036 2446 3102 propter

786 3116 1026 3171 familiae
1052 3116 1471 3174 claritudinem
1498 3124 1874 3190 supererunt.
1920 3125 1990 3175 At
2034 3120 2137 3175 ubi
2177 3120 2443 3192 philoso-

784 3205 942 3277 phiae
987 3206 1329 3262 insinuatus
1381 3207 1679 3276 frugiferis
1723 3209 1943 3280 opibus
1986 3214 2038 3264 te
2077 3209 2439 3282 impleveris,
2485 3215 2524 3268 C

2391 3227 2439 3277 s,
2485 3215 2524 3268 C
2553 3215 2788 3260 τοσαῦτα
2816 3206 2874 3258 ἂν
2907 3211 3085 3268 ἵσωςῆ
3117 3213 3205 3259 καὶ
3255 3207 3426 3278 ὀλίγον
3478 3207 3635 3259 πλείω
3681 3227 3767 3259 σοι
3814 3203 3906 3258 διὰ
3950 3216 4008 3258 τό
4062 3214 4153 3258 τοῦ

784 3309 1041 3364 magnos
1071 3295 1331 3352 honores
1383 3312 1452 3351 ac
1501 3297 1820 3367 dignitates
1871 3298 1973 3352 tibi
2035 3298 2440 3370 comparabis.

2393 3316 2440 3353 S.
2549 3302 2724 3367 γένους
2779 3300 3050 3370 περιφανὲς
3117 3300 3284 3348 ἔσται.
3354 3295 3614 3367 Ἐμπλεως
3701 3292 3759 3348 δε
3848 3295 4154 3367 φιλοσοφίας

783 3386 1054 3455 Namque
1075 3384 1514 3440 inter-homines
1541 3387 1807 3442 maxime
1829 3388 2106 3442 omnium
2131 3388 2440 3459 conspicui

2387 3388 2440 3443 ui
2551 3392 2722 3459 φανεὶς
2776 3386 3008 3459 μεγάλων
3077 3385 3346 3458 ἀξιωθησῃ
3407 3394 3505 3437 τῶν
3561 3394 3720 3458 τιμῶν
3786 3404 3842 3437 τε
3890 3390 3980 3436 καὶ
4054 3393 4152 3436 τῶν

782 3473 1131 3545 praecellunt
1177 3475 1499 3547 imperator
1567 3481 1746 3549 atque
1818 3477 2237 3549 philosophus.
2267 3503 2291 3528 ι(
2323 3481 2441 3534 Hac

2387 3495 2441 3534 ιο
2547 3485 2730 3551 γερῶν.
2782 3481 2930 3547 μόνοι
2980 3479 3081 3548 γὰρ
3140 3476 3376 3527 ἁπάντων
3434 3475 3714 3548 ἀνθρώπων
3742 3474 4152 3547 ὀνομαστότατοι

780 3562 1010 3618 ratione
1034 3564 1174 3620 aula
1200 3580 1476 3634 egressus
1502 3567 1857 3638 praeceptori
1886 3582 1982 3621 me
2008 3567 2209 3622 dedidi
2247 3583 2440 3623 annos

781 3657 1007 3723 septem
1024 3654 1299 3710 etdecem
1316 3659 1524 3710 natum
1554 3659 1997 3711 .Verumtamen
2026 3659 2436 3728 Exapterygus

780 3742 840 3798 in
867 3743 1250 3799 mathematis
1272 3761 1393 3800 non
1418 3745 1750 3801 admodum
1783 3746 2128 3818 praestabat,
2165 3748 2266 3802 sed
2292 3746 2442 3803 mul-

780 3835 906 3887 tum
925 3832 1183 3889 dicendo
1205 3834 1413 3898 valuit,
1431 3841 1636 3907 utpote
1650 3836 1959 3891 rhetoricis
1980 3837 2188 3893 studiis
2223 3839 2440 3897 eximie

777 3920 1081 3976 institutus
1103 3928 1158 3977 et
1188 3922 1266 3978 ad
1294 3922 1702 3995 eloquendum
1729 3925 2060 3997 composite
2113 3943 2229 3982 usu
2260 3934 2439 4000 atque

776 4009 1020 4079 ingenio
1048 4017 1457 4083 comparatus,
1483 4012 1977 4084 ideoquenomen
1992 4014 2151 4070 illius
2177 4016 2437 4072 celeber-

775 4099 999 4154 rimum
1043 4099 1157 4173 54
1201 4100 1328 4156 fuit.
1379 4105 1457 4158 Eo
1499 4102 1836 4170 demortuo,
1888 4110 2207 4177 postquam
2258 4108 2435 4163 nobis

776 4194 1127 4261 poematum
1151 4191 1444 4261 ambages
1474 4193 1834 4264 explicasset
1863 4199 1916 4249 et
1945 4195 2233 4250 orationis
2255 4198 2438 4253 conﬁ-

776 4278 1005 4334 ciendae
1023 4284 1212 4336 artem
1234 4281 1594 4348 tradidisset,
1622 4282 1699 4338 ad
1727 4283 2121 4340 Blemmidem
2148 4285 2435 4358 Nicepho-

775 4384 933 4437 rum,
964 4385 1089 4441 quo
1140 4370 1444 4426 neminem
1502 4372 1562 4426 in
1617 4371 2048 4444 philosophicis
2105 4374 2436 4448 disciplinis

775 4460 1252 4529 praestantiorem
1293 4461 1597 4526 novimus,
1628 4478 1724 4517 me
1755 4463 1951 4534 ipsum
1982 4465 2436 4538 contuli,etqui-
2468 4470 2510 4522 D

2384 4468 2436 4521 li-
2468 4470 2510 4522 D
2546 4470 2633 4518 τόν
2687 4460 2982 4536 Βλεμμίδην
3032 4466 3330 4536 Νικηφόρον
3385 4462 3523 4533 (65),
3574 4462 3626 4513 ὃν
3678 4467 3792 4514 τότε
3848 4464 4032 4524 πάντες
4075 4466 4149 4516 οἶι

847 4556 894 4591 ⁵⁸
937 4557 1062 4640 ὑπὲρ
1089 4589 1159 4596 --
1187 4556 1358 4640 λογουλ
1372 4573 1495 4640 oni.
1530 4559 1622 4640 ,θη
1680 4561 1727 4594 59
1759 4559 1944 4617 κλῆσιν
1975 4570 2064 4612 του
2096 4564 2312 4640 πάππου
2347 4562 2623 4640 Θεοδώρου
2656 4561 2915 4634 ἐμεθέτετο
2945 4561 3008 4616 D.
3106 4561 3154 4640 εξ
3184 4562 3385 4613 ἔννατον
3413 4591 3483 4600 -
3515 4565 3919 4635 συγκροτήσεως
3952 4560 4151 4614 στέλλει

774 4626 863 4679 οὖν
891 4626 1230 4702 πρόςτοῡτον
1254 4626 1281 4681 ό
1324 4629 1571 4703 βασιλεύς
1602 4632 1720 4706 ύρερ
1752 4637 2029 4703 μνηστείας
2054 4642 2152 4684 τῶν
2178 4631 2383 4688 παίδων
2412 4640 2476 4693 D.
2530 4626 2596 4673 ’⁸³
2634 4626 2723 4687 καὶ
2760 4634 2846 4689 πλ.
2887 4665 2958 4674 —
2985 4632 3290 4706 προύϐησαν
3322 4648 3442 4689 om.
3471 4633 3533 4687 D.

2557 2040 2710 2101 ἁλοὺς
2756 2046 2845 2093 καὶ
2899 2049 2992 2102 τῆς
3055 2041 3380 2117 ἁψηλοτέρας
3436 2050 3534 2094 τῶν
3581 2042 3744 2113 λόγων
3805 2038 4149 2106 παίδεύσεως,

2553 2138 2662 2192 τοῖς
2712 2135 2845 2182 πᾶσι
2903 2135 3109 2205 χαίρειν
3155 2131 3328 2197 εἰπὼν,
3373 2131 3624 2203 θελήματι
3678 2138 3772 2183 τοῦ
3841 2137 4153 2204 κρατοῦντος

2555 2222 2686 2292 μετὰ
2736 2224 2826 2271 καί
2883 2219 3061 2291 ἐτέρων
3119 2223 3375 2295 μειράκων
3444 2221 3510 2282 εἰς
3587 2220 3680 2282 τὰς
3772 2229 3871 2272 τῶν
3932 2220 4152 2289 λογικῶν

2555 2305 2926 2380 παιδευμάτων
2972 2311 3125 2381 θύρας
3184 2313 3513 2383 παρήγγισα,
3589 2306 3884 2368 Παιδευτης
3959 2305 4017 2360 δέ
4091 2309 4152 2365 ὴν

2556 2401 2680 2469 ἡμῖν
2717 2400 2742 2449 ό
2798 2397 3174 2473 Ἐξαπτέρυγος
3225 2395 3498 2471 Θεόδωρος
3558 2400 3694 2470 (64)·
3761 2398 3902 2452 Ἐπεὶ
3956 2394 4014 2450 δε
4068 2400 4154 2470 ἔμ-

2556 2490 2778 2560 προσθεν
2835 2497 2926 2540 τοῦ
2977 2487 3239 2560 βασίλέως
3289 2488 3627 2561 συνήλθομεν,
3685 2493 3814 2562 πρὸς
3868 2508 3931 2560 με
3990 2493 4153 2550 τείνας

2555 2581 2642 2629 τὸν
2671 2577 2821 2648 λόγον
2852 2579 2876 2630 ὁ
2905 2576 3154 2650 βασιλεὺς
3186 2579 3399 2651 εἰρήκει,
3424 2582 3492 2640 ὡς
3530 2581 3758 2640 Τούτους
3807 2581 3898 2650 μὲν
3950 2578 4006 2629 ἐκ
4062 2582 4156 2630 Νι-

2555 2672 2706 2728 καίας
2743 2665 2910 2720 λαϐὼν
2955 2676 3025 2738 τῷ
3082 2664 3442 2739 διδασκαλείῳ
3489 2665 3792 2741 παρέδωκα,
3850 2670 3906 2720 σε
3956 2663 4013 2719 δὲ
4063 2674 4156 2718 τοῦ

2557 2757 2679 2830 ἐμοῦ
2703 2757 2925 2809 ὶκϐαλὼν
2962 2761 3106 2810 οἰκου
3153 2762 3389 2810 τουτοισί
3452 2766 3728 2830 συναφῆκα
3775 2754 4154 2824 διδάσκεσθαι,

2557 2847 2727 2909 Δεῖξον
2766 2845 2853 2899 οὖν
2906 2851 2973 2909 ὡς
3032 2846 3234 2909 ἀληθῶς
3285 2855 3377 2907 τῆς
3425 2846 3547 2920 ἐμῆς
3600 2847 3769 2907 οἰκίας
3827 2846 4007 2920 ἐξῄεις,
4067 2851 4157 2898 καὶ

2556 2937 2750 2990 οὑτωσί
2798 2945 2897 2989 τῶν
2968 2939 3291 3009 μαθημάτων
3367 2936 3752 2996 ἀντιποιήθητι·
3833 2942 4157 3008 Στρατιωτης

2558 3031 2647 3100 μεν
2669 3030 2770 3101 γὰρ
2800 3031 2858 3079 τό
2905 3023 3232 3098 ἐπιτήδευμα
3274 3033 3493 3098 γεγονὼς
3547 3029 3718 3080 ὁπόσα
3773 3026 3833 3079 ἂν
3887 3030 4041 3097 ἔσχες
4089 3028 4158 3077 τὰ

2553 3125 2644 3169 τοῦ
2701 3121 3005 3191 σιτηρεσίου
3058 3120 3201 3191 παρὰ
3292 3125 3383 3178 τῆς
3469 3116 3754 3189 βασιλικῆς
3842 3113 4153 3183 δεξιὼσεως,

2552 3565 2802 3640 βασιλεὺς
2851 3570 2940 3617 καὶ
2990 3566 3282 3637 φιλόσοφος.
3335 3565 3486 3616 Οὕτω
3535 3569 3625 3637 μεν
3682 3572 3777 3616 τῶν
3858 3563 4153 3638 ἀνακτόρων

2549 3659 2906 3729 ὑποχωρήσας
2955 3659 3019 3716 ὡς
3067 3652 3399 3708 διδασκάλου
3457 3660 3617 3728 φέρων
3668 3653 3898 3708 ἐνέϐαλον
3948 3654 4148 3724 ἑαυτὸν,

2549 3742 2990 3799 ἑπτακαιδέκατον
3037 3744 3139 3805 ἒτος
3190 3747 3349 3815 ἄγων.
3407 3744 3504 3796 Ἦν
3555 3741 3614 3797 δὲ
3661 3744 3831 3806 οὗτος,
3883 3746 3952 3806 ὡς
4007 3746 4150 3816 ἔφην,

2549 3837 2573 3888 ὁ
2625 3835 3015 3909 Ἐξαπτέρυγος,
3063 3833 3192 3909 ἀνὴρ
3250 3835 3308 3886 ού
3362 3836 3496 3886 πάνυ
3554 3837 3644 3906 μὲν
3724 3836 4022 3905 ἐπιστήμων
4104 3833 4153 3885 ἰν

2547 3934 2649 3986 τοῖς
2707 3927 3037 3997 μαθήμασιν,
3097 3924 3170 3994 [Ρ·
3229 3923 3322 3993 27]
3380 3921 3575 3993 ἀγαθὸς
3608 3919 3666 3974 δὲ
3741 3923 3973 3995 φράζειν,
4067 3922 4154 3974 οἶά

2544 4017 2825 4090 ῥητορικῆς
2911 4016 3182 4086 κατάκρως
3258 4010 3600 4088 ἐνδιατρίψας
3676 4012 3852 4085 λόγοις
3920 4017 4009 4065 καὶ
4092 4017 4151 4066 τὸ

2546 4105 2832 4177 ἐξαγγέλειν
2904 4104 3096 4176 εὐφυῶς
3161 4103 3515 4176 μεμελετηκὼς
3607 4108 3696 4155 καὶ
3791 4102 3980 4156 πολλοῦ
4057 4100 4153 4156 διὰ

2544 4206 2693 4250 τοῦτο
2748 4196 3029 4268 ἠξιωμένος
3091 4193 3363 4266 ὀνόματος.
3416 4194 3638 4246 Ἐκείνου
3698 4189 3757 4246 δε
3804 4192 4149 4251 τελευτήσαν-

2543 4306 2631 4348 τος
2683 4287 2814 4358 μετὰ
2865 4289 2958 4342 τήν
3017 4283 3086 4346 εἰς
3142 4286 3281 4356 ἡμᾶς
3329 4291 3428 4336 τῶν
3489 4284 3795 4354 ποιημάτων
3860 4288 4148 4356 σαφήνειαν

2544 4382 2633 4428 καί
2665 4380 2756 4433 τήν
2805 4382 2901 4435 τῆς
2959 4382 3056 4425 τῶν
3113 4373 3276 4444 λόγων
3325 4377 3513 4445 τέχνης
3573 4369 3946 4441 διδασκαλίαν,
4001 4377 4148 4446 παρὰ

1667 4782 2010 4850 Theodori
2061 4785 2312 4854 Dousae
2361 4797 2426 4855 et
2473 4787 2726 4856 Leonis
2776 4786 3012 4854 Allatii
3062 4794 3264 4852 notas.

2546 4949 2621 5004 de
2651 4949 3033 5020 processione
3060 4947 3308 5019 Spiritus
3322 4945 3518 5020 sancti
3532 4961 3651 5020 per
3680 4945 3857 5020 mein
3876 4945 4152 5002 Latinum

2547 5018 2935 5076 versaa.Multo
2956 5018 3128 5092 plura
3144 5023 3288 5092 sunt
3315 5018 3376 5074 in
3399 5018 3793 5092 bibliothecis.
3831 5019 4018 5092 Penes
4038 5034 4155 5092 me

2547 5097 2686 5147 sunt
2707 5093 2758 5163 ej
2771 5087 2978 5147 usdem
3006 5088 3216 5155 oratio,
3243 5092 3418 5142 ὁποῖον
3441 5161 3452 5163 _
3474 5087 3553 5142 δεῖ
3594 5087 3748 5163 εἶναι
3770 5093 3859 5142 τόν
3901 5088 4154 5163 βασιλέα,

2545 5170 2602 5218 et
2642 5161 2889 5219 historia
2935 5164 3008 5218 de
3060 5168 3269 5218 sancto
3316 5161 3498 5218 Paulo
3546 5167 3603 5216 et
3657 5161 3786 5216 aliis
3849 5162 4153 5229 Patribus,

2543 5235 2647 5307 qui
2673 5235 2732 5290 in
2766 5239 2933 5290 Latro
2959 5240 3159 5307 monte
3188 5233 3519 5307 solitariam
3545 5233 3730 5288 vitam
3758 5233 4158 5307 egerunt_,ele-

2545 5305 2896 5375 gantissime
2929 5312 2984 5361 et
3019 5305 3097 5360 ad
3124 5305 3441 5378 antiquum
3485 5320 3732 5378 succum
3756 5305 4156 5378 conscripta.

2544 5381 2606 5433 ln
2634 5379 2915 5433 Vaticana
2935 5378 3150 5446 legitur
3179 5375 3475 5447 eju'sdem:
3507 5382 3677 5447 ᾼόγος
3709 5375 3764 5438 ὃς
3793 5375 4048 5447 ἐπεστάλη
4077 5387 4159 5447 τῷ

2545 5449 2776 5523 βασιλεὶ,
2838 5445 3116 5522 βασιλικὸς
3182 5445 3669 5523 κληθεὶςᾼάνδριάς·
3741 5451 3856 5523 ἔστι
3929 5445 4016 5523 δὲ,
4058 5445 4160 5502 καὶ

2542 5517 2847 5594 μονασταίς
2890 5527 2976 5574 καὶ
3026 5526 3182 5594 παντὶ
3250 5517 3540 5594 σπουδαίῳ
3592 5519 3886 5583 λυσιτελής.
3930 5521 4158 5577 Princi-

2544 5591 2732 5665 pium:
2795 5598 2967 5665 Νόμος
3000 5591 3252 5668 Δἀρχῆθεν
3310 5593 3608 5668 aupCaivwv
3680 5599 3790 5654 τοῖς
3868 5594 4162 5667 πράγμασι

2542 5664 2661 5728 τούς
2688 5664 2947 5727 ύπηκόους
2970 5664 3219 5739 εἰσφέρειν
3249 5672 3320 5735 τῷ
3349 5664 3579 5739 βασιλεῖ.
3616 5670 3752 5720 ALL'

843 4943 958 5014 (63)
991 4943 1270 5020 Ἐγεννήθη
1320 4945 1423 5020 γᾷρ
1482 4943 1643 5015 αύτῷ.
1755 4944 1976 5020 Eadem
2056 4949 2440 5020 prosequitur

773 5017 1066 5084 Gregoras
1107 5031 1164 5086 p.
1200 5019 1289 5081 29,
1339 5017 1562 5072 cratera
1609 5017 1988 5072 conveniunt.
2028 5017 2322 5075 lntcrsunt
2355 5025 2439 5076 ta-

772 5103 913 5161 men
944 5087 1095 5161 inter
1116 5089 1437 5161 Gregoram
1453 5088 1920 5160 etAcropolitam
1941 5107 1950 5144 :
1973 5105 2117 5145 nam
2135 5091 2193 5146 in
2223 5094 2437 5161 Grego-

772 5175 843 5215 ra
871 5158 1047 5227 legati
1063 5174 1132 5235 ex
1149 5158 1418 5235 Bnlgaris
1434 5158 1696 5235 veniuni',
1715 5161 2124 5235 ingrtcropolita
2144 5162 2220 5218 ab
2250 5158 2435 5235 impe-

770 5235 969 5287 ratore
994 5230 1346 5303 mittuntur;
1381 5233 1440 5286 in
1473 5234 1733 5301 Gregora
1771 5231 1893 5288 ﬁlia
1936 5230 2167 5303 Bulgari
2218 5230 2436 5292 Helena

773 5302 1059 5358 decennis
1091 5308 1198 5375 est,
1226 5304 1286 5357 in
1317 5305 1654 5375 Acropolita
1685 5304 1997 5368 novennis,
2028 5302 2164 5362 ALL.

845 5375 962 5449 (64)
993 5370 1282 5449 Θεόδωρος.
1319 5375 1452 5446 Legi
1475 5370 1676 5432 nescio
1706 5375 1850 5449 quid
1881 5375 2092 5449 hujus
2118 5377 2429 5448 Theodori,

775 5447 880 5503 sed
913 5447 1208 5502 memoria
1236 5463 1358 5502 non
1390 5449 1654 5517 suggerit
1681 5447 1996 5520 quodnam
2042 5448 2188 5504 illud
2224 5447 2430 5505 fuerit:

774 5522 852 5575 ad
884 5534 978 5573 res
1010 5523 1214 5574 tamen
1257 5520 1717 5575 mathematicas
1776 5526 2081 5592 spectasse
2139 5521 2428 5592 suspicor.

775 5598 910 5648 ALL.

843 5663 1073 5743 (ﬁoz‘pe
1104 5661 1433 5743 Blemmide
1464 5661 1735 5743 pluribus
1765 5662 1908 5743 alibi
1939 5662 2206 5743 egimus.
2262 5663 2433 5743 Edita

775 5738 916 5791 sunt
945 5733 1102 5790 illius
1137 5733 1552 5808 Philosophica
1574 5735 1878 5806 etLogica,
1897 5739 1953 5792 et
1979 5733 2281 5794 Orationes
2296 5736 2432 5792 duae
