4470 6452
313 442 332 493 1
346 440 449 495 057

1823 436 2146 493 ANNALES

3528 438 3665 492 1058

302 560 466 636 δαμεν
521 563 820 635 τελεώτερον
872 568 971 612 τῶν
1036 560 1196 612 ᾱῡλων
1260 562 1308 613 ἐν
1366 569 1481 621 ταῖς
1531 564 1663 613 κατά
1700 562 1899 633 ςοιλοσο⁴
1944 568 1984 618 Α
2017 579 2067 616 CI

1944 568 1984 618 Α
2017 578 2252 633 cunque
2285 578 2404 618 una
2431 578 2669 618 mecum
2700 562 2907 631 logicis
2940 563 3447 635 speculationibus
3477 568 3665 618 atten-

302 659 422 724 φίαν
472 656 809 721 ἐπιστήμαις,
886 649 1139 720 ἐφοίτησά
1192 669 1245 701 τε
1288 650 1445 711 αὐτὸς
1496 656 1584 701 καὶ
1640 652 1751 701 ὅσοι
1811 655 1904 701 σὺν

302 739 418 812 έμοὶ
462 740 715 793 ἐτελοῦντο
773 743 839 790 τα
888 738 1090 809 λογικά.
1149 744 1247 791 Καὶ
1298 740 1322 790 6
1373 744 1487 811 περὶ
1552 742 1696 810 ἡμῶν
1755 739 1905 809 λόγος

302 837 467 901 μέχρι
497 832 751 882 τοσούτου
804 834 955 879 νυνί·
1028 826 1242 889 ἕσαῦθις
1295 825 1353 879 δὲ
1403 830 1502 885 ὅπη
1551 834 1787 903 παρείκοι
1839 836 1899 900 τῇ

306 918 515 990 ἱστορίᾳ
539 915 1030 990 παρεμθηθήσεται
1052 917 1120 969 ⁸⁸.

374 1007 473 1077 λγ’.
531 1007 673 1058 Ἐπεὶ
714 1002 795 1071 δε,
850 1009 918 1067 ὡς
1006 1011 1350 1079 προειρήκειν,
1410 1010 1499 1057 καὶ
1555 1004 1741 1077 ἀμφοῖν
1798 1012 1904 1057 ὀἶν

304 1095 573 1168 βασιλέοιν
613 1097 668 1146 αἱ
710 1091 937 1147 σπονδαὶ
987 1103 1078 1155 τῆς
1112 1093 1474 1166 συμϐιϐάσεως
1523 1099 1772 1166 γένοιντο,
1834 1102 1903 1163 τῷ

301 1203 356 1238 τε
390 1180 604 1237 ϐασιλεῖ
628 1204 760 1256 φημι
784 1184 991 1257 Ἰωάννῃ
1023 1192 1094 1253 τῷ
1143 1186 1311 1256 Δούκᾳ
1365 1190 1454 1237 καὶ
1505 1193 1576 1253 τῷ
1629 1192 1905 1259 κρατοῦντι

300 1282 402 1325 τῶν
457 1272 761 1347 Βουλγάρων
821 1274 981 1325 Ἀσὰν
1039 1275 1271 1345 Ἰωάννῃ,
1331 1272 1680 1347 προκατελαϐε
1736 1277 1824 1345 μεν
1877 1273 1903 1323 6

303 1360 557 1436 βασιλεὺς
587 1362 637 1397 ⁸⁸
670 1365 765 1419 τήν
796 1360 1112 1434 Λάμψακον,
1169 1366 1258 1414 καὶ
1325 1358 1725 1435 διαπεραιοῦται
1775 1366 1905 1435 μετὰ

296 1457 398 1501 τῶν
430 1450 628 1502 οἰκείων
661 1446 929 1521 δυνάμεων
983 1450 1053 1510 εἰς
1112 1450 1504 1518 Καλλιοῦπολιν,
1556 1456 1646 1503 καὶ
1697 1452 1908 1524 πολεμεῖ

298 1541 357 1590 1'6
398 1540 555 1604 ἄστυ,
616 1538 863 1599 ἑλεπόλεις
916 1542 1138 1608 στήσας,
1194 1544 1284 1591 καὶ
1328 1538 1374 1590 ἓν
1433 1540 1492 1591 οῦ
1523 1540 1691 1610 πολλῷ
1728 1546 1904 1612 χρόνῳ

301 1635 580 1701 χειροῦται
609 1634 782 1697 τοῦτο,
826 1635 920 1689 τῆς
947 1635 1047 1678 τῶν
1104 1633 1375 1681 Βενετίκων
1441 1626 1711 1689 διασώσας
1754 1637 1907 1681 τοῦτο

302 1720 484 1789 χειρός
522 1717 590 1770 ⁸⁵.
652 1718 795 1768 Μετὰ
854 1723 1007 1767 τοῦτο
1064 1715 1448 1787 καταλαμϐάνει
1505 1722 1598 1775 τήν
1654 1716 1909 1769 Καλλιού-

303 1805 453 1857 πολιν
483 1809 568 1856 καὶ
608 1805 634 1856 6
667 1805 825 1858 Ἀσὰν
855 1808 948 1856 σὺν
976 1813 1037 1877 τῇ
1073 1805 1237 1877 οἰκείᾳ
1292 1814 1490 1877 γαμετῇ
1553 1814 1613 1879 τῇ
1671 1807 1724 1869 ἐξ
1776 1809 1912 1877 0'37-

2014 651 2259 706 debant.
2294 654 2357 707 Et
2386 652 2459 706 de
2497 669 2589 706 mc
2622 654 2754 723 ipso
2780 652 2907 707 Ιιεθο
2938 653 2996 707 in
3032 652 3306 723 praesenti
3333 653 3473 707 satis
3507 653 3668 707 dicta

2016 742 2167 795 sint:
2196 741 2253 795 in
2303 747 2609 810 posterum
2654 758 2793 796 vero
2840 742 3088 813 reliqua,
3149 742 3249 797 ubi
3295 757 3421 796 sesc
3476 741 3667 796 tulerit

2014 832 2273 900 occasio,
2308 832 2566 886 historia:
2602 832 2956 887 inserentur.

2087 1012 2173 1065 33.
2208 1009 2353 1063 Cum
2384 1009 2606 1080 itaque,
2638 1013 2703 1065 ut
2742 1008 3164 1081 praedixeram,
3196 1009 3378 1064 ambo
3408 1009 3671 1064 Joannes

2016 1098 2209 1153 Ducas
2241 1097 2568 1169 imperator
2612 1103 2667 1153 et
2698 1103 2930 1154 Asanus
2972 1101 3229 1153 Joannes
3278 1097 3671 1167 Bulgarorum

2016 1203 2116 1243 rex
2148 1186 2207 1241 in
2242 1202 2429 1242 unum
2459 1186 2679 1242 foedere
2716 1188 2834 1242 icto
2864 1187 3305 1255 convenissent,
3352 1187 3675 1259 imperator

2017 1278 2415 1347 Lampsacum
2472 1280 2875 1347 prmoccupat,
2923 1282 2979 1330 et
3024 1276 3212 1346 copiis
3294 1274 3676 1346 Calliupolim

2013 1365 2252 1435 trajicit,
2285 1364 2633 1437 adactisque
2668 1364 2965 1420 machinis
2998 1363 3308 1420 castellum
3341 1363 3588 1432 invadit,
3620 1366 3679 1419 et

2012 1468 2135 1509 non
2168 1452 2356 1508 multo
2396 1458 2531 1525 post
2577 1469 2606 1507 e
2638 1452 2999 1508 Venetorum
3032 1452 3314 1508 manibus
3339 1455 3674 1524 recuperat.

2015 1544 2151 1597 Post
2175 1542 2304 1597 haec
2332 1548 2567 1598 Asanus
2608 1558 2746 1597 cum
2778 1558 2962 1598 uxore
2993 1542 3173 1598 Maria
3205 1544 3445 1610 Ungara
3475 1546 3531 1596 et
3554 1540 3680 1596 ﬁlia

2019 1631 2235 1688 Helena
2303 1630 2678 1703 Calliupolim
2731 1632 2912 1700 venit,
2969 1632 3071 1686 ubi
3125 1648 3265 1686 cum
3319 1631 3678 1702 imperatore

2021 1736 2362 1776 sermonem
2387 1721 2645 1776 conserit
2670 1739 2681 1775 :
2708 1720 3053 1792 ibidemque
3082 1721 3405 1776 amicitiam
3433 1725 3681 1791 uterque

2022 1810 2401 1866 conﬁrmant.
2445 1811 2545 1865 Hic
2576 1810 3021 1882 Hellespontum
3053 1825 3175 1865 non
3210 1810 3453 1879 trajecit,
3479 1811 3583 1865 sed
3619 1809 3681 1865 in

303 1914 444 1969 γρων
474 1899 656 1969 Μαρίᾳ
681 1896 727 1929 ⁸⁵
758 1899 848 1946 καὶ
875 1903 936 1959 τῇ
974 1897 1191 1967 θυγατρὶ
1247 1894 1412 1968 Ἑλένῃ
1470 1898 1537 1962 οδ,
1598 1901 1686 1948 καὶ
1738 1902 1913 1971 συνέρ-
1946 1917 1984 1970 Β
2025 1901 2068 1955 Ο

1946 1917 1984 1970 Β
2025 1898 2364 1970 Calliupolis
2406 1900 2678 1970 partibus
2712 1900 3019 1955 remansit.
3052 1902 3313 1954 Joannes
3358 1900 3682 1970 imperator

305 2002 465 2055 χεται
526 1984 593 2044 εἰς
648 1983 1023 2037 Καλλιούπολιν
1084 1986 1126 2019 ⁵⁷
1178 1993 1251 2055 τῷ
1306 1984 1532 2057 βασιλεῖ,
1595 1990 1684 2037 καὶ
1736 1988 1800 2037 τα
1845 1986 1914 2046 εἰς

306 2072 481 2144 φιλίαν
521 2070 805 2147 ἀμφότιροι
871 2068 1305 2146 διαπράττονται.
1366 2074 1532 2136 Οὗτος
1587 2078 1672 2133 μεν
1716 2071 1803 2127 οὖν
1856 2074 1914 2126 οῦ

308 2157 588 2234 διεπέρασε
671 2166 759 2214 τὸν
817 2162 1211 2232 Ἑλλήσποντον,
1292 2162 1398 2214 ἀλλ’
1455 2166 1641 2236 ἔμεινεν
1708 2163 1755 2216 έν
1808 2170 1915 2225 τοῖς

304 2259 398 2311 τῆς
446 2250 863 2312 Καλλιουπόλεως
893 2256 1102 2324 μέρεσιν
1134 2253 1203 2287 "-
1264 2253 1289 2303 6
1340 2248 1398 2304 δε
1449 2251 1693 2325 βασιλεὺς
1742 2254 1916 2305 Ἰωάν-

305 2359 396 2401 νης
422 2345 516 2399 τήν
546 2341 706 2393 αὐτοῦ
735 2342 965 2412 σύζυγον
990 2345 1082 2393 σὺν
1105 2349 1167 2413 τῇ
1205 2344 1424 2416 θυγατρὶ
1447 2341 1615 2415 Ἑλένῃ
1655 2342 1823 2394 λαϐὼν
1868 2345 1915 2379 ⁶⁹

308 2425 715 2505 διαπεραιοῦται
775 2430 846 2491 εἰς
904 2431 1218 2503 Λάμψακον,
1309 2433 1427 2483 ἔνθα
1486 2429 1546 2489 ἦν
1605 2434 1634 2490 ἡ
1706 2431 1918 2504 βασιλὶς

307 2520 525 2592 Εἰρήνη,
560 2525 648 2572 καὶ
677 2519 941 2592 πληροῦσι
969 2525 1063 2578 τήν
1098 2529 1197 2573 τῶν
1249 2516 1453 2573 παίδων
1508 2522 1559 2555 7°
1618 2524 1916 2594 συνάφειαν,

305 2616 405 2662 τοῦ
437 2611 771 2682 πατριάρχου
810 2615 1067 2683 Γερμανοῦ
1107 2612 1173 2662 τὰ
1223 2617 1315 2669 τῆς
1373 2610 1653 2685 ἰερολογίας
1680 2612 1726 2646 ⁷¹
1784 2612 1917 2664 τελέ-

312 2717 516 2759 σαντος.
545 2705 672 2751 Τότε
696 2704 786 2751 καὶ
832 2700 858 2751 ὁ
889 2699 1138 2774 Τρινόϐου
1200 2698 1476 2773 ἀρχιερεὺς
1531 2700 1647 2772 (66)
1678 2702 1777 2753 ὑπὸ
1830 2705 1918 2753 τὸν

308 2795 407 2849 τῆς
468 2788 1054 2849 Κωνσταντινουπόλεως
1100 2788 1253 2841 τελῶν
1309 2789 1593 2862 αὐτονομίᾳ
1648 2794 1919 2863 τετίμηται

308 2882 401 2930 καὶ
455 2880 799 2953 πατριὰρχης
870 2876 1276 2951 ἀναγορεύεσθαι
1337 2883 1572 2953 κέκριται
1656 2878 1918 2952 βασιλικῷ

309 2971 401 3019 καὶ
436 2963 698 3037 συνοδικῷ
727 2974 799 3037 τῷ
833 2969 1157 3039 θεσπίσματι
1208 2969 1278 3033 π,
1329 2970 1555 3041 χάριτας
1607 2977 1707 3020 τῶν
1757 2970 1918 3044 προῦ-

311 3060 514 3128 χόντων
572 3055 920 3109 ἀποτινύντων
981 3064 1053 3127 τῷ
1112 3057 1416 3129 Βουλγὰρων
1478 3060 1700 3132 ἄρχοντι
1760 3059 1918 3112 Ἀσὰν

310 3154 405 3198 τοῦ
435 3141 631 3206 κήδους
660 3146 806 3198 ἕνεκα
834 3151 923 3199 καὶ
964 3155 1053 3207 τῆς
1102 3146 1269 3218 φιλίας
1326 3147 1394 3201 ⁷³,
1453 3146 1593 3200 Ἐπεὶ
1643 3156 1766 3219 γοῦν
1820 3150 1921 3201 ὅσα

312 3233 363 3297 ές
417 3238 481 3287 τὰ
539 3242 756 3286 τοιαῦτα
812 3238 949 3309 φέρει
1032 3234 1385 3309 πεπλήρωται,
1443 3237 1472 3293 ἠ
1551 3239 1641 3308 μεν
1708 3235 1920 3309 βασιλὶς

311 3324 507 3398 Εἰρήνη
539 3328 625 3376 τόν
669 3326 781 3376 υἱόν
815 3327 945 3396 μετὰ
969 3333 1065 3383 τῆς
1096 3327 1302 3397 νύμφης
1340 3323 1574 3377 λαϐοῦσα
1622 3333 1731 3387 τοῖς
1778 3328 1923 3398 ἑῴοις

314 3410 637 3487 συνδιῃτᾶτο
666 3419 887 3487 χώροις,
922 3415 1170 3475 ὡσαύτως
1204 3410 1263 3467 δι
1320 3420 1409 3467 καὶ
1463 3417 1493 3473 ή
1525 3423 1617 3467 τοῦ
1670 3417 1719 3452 ⁷⁸
1756 3418 1921 3470 Ἀσὰν

316 3506 544 3575 σύζυγος
582 3489 641 3555 ⁸ἐν
698 3510 809 3565 τοῖς
870 3502 1079 3564 οἰκείοις
1136 3507 1313 3564 τόποις
1388 3504 1726 3579 ὑπέστρεψεν,
1784 3508 1809 3557 6
1864 3504 1923 3560 δὲ

315 3592 567 3666 βασιλεὺς
610 3592 849 3655 Ἰωάννης
901 3597 990 3645 καὶ
1045 3594 1071 3645 6
1114 3592 1273 3646 Ἀσὰν
1322 3596 1415 3656 τὰς
1446 3592 1636 3656 οἰκείας
1674 3591 1921 3667 δυνάμεις

311 3682 829 3755 προσειληφότεςκαὶ
885 3681 1037 3755 ἆμφω
1095 3685 1189 3739 τήν
1236 3678 1454 3741 δυτικήν
1511 3684 1623 3753 (67)
1664 3682 1923 3760 κατέδρα-

313 3792 410 3845 μον
441 3778 645 3846 χώραν,
678 3773 848 3830 ὁπόση
875 3768 935 3830 ἦν
974 3778 1082 3833 τοῖς
1129 3776 1375 3833 Λατίνοις
1416 3768 1759 3830 δουλεύουσα.
1824 3780 1924 3829 Καὶ

314 3862 453 3915 λείαν
492 3866 582 3935 μὲν
628 3861 815 3920 πολλήν
873 3864 1184 3919 ἐποιήσαντο
1234 3862 1282 3897 ⁷³
1312 3867 1398 3914 καὶ
1448 3864 1656 3915 Σκυθῶν
1705 3864 1924 3937 ἐρημίαν

316 3954 401 4021 (τὸ
447 3960 537 4013 τῆς
575 3957 859 4025 παροιμίας
914 3952 963 3986 7°
1012 3951 1187 4021 εἰπεῖν)
1251 3955 1345 4009 τήν
1394 3951 1603 4005 ἅπασαν
1670 3951 1927 4027 ἀπειργά-

321 4061 499 4105 σαντο,
535 4047 683 4114 σφίσι
714 4038 774 4094 δὲ
806 4041 978 4101 αὐτοῖς
1024 4042 1160 4092 κατά
1212 4043 1326 4101 τοὺς
1373 4041 1559 4115 ὅρκους
1586 4043 1631 4077 ’⁷⁷
1667 4046 1733 4095 τὰ
1788 4045 1924 4102 οἶστη

319 4136 411 4185 καὶ
438 4136 532 4189 τήν
570 4137 753 4206 χώραν
790 4128 824 4183 δ
830 4136 1175 4203 ιεμερίσαντο.
1210 4135 1311 4183 Καὶ
1375 4131 1751 4193 Καλλιοῦπολις
1815 4136 1925 4205 μὲν,

320 4219 429 4275 ἐπεὶ
458 4226 547 4273 καὶ
602 4224 703 4294 πρὸ
760 4229 851 4281 τῆς
910 4219 1253 4281 συνελεύσεως
1309 4227 1402 4271 τοῦ
1433 4220 1596 4275 ’Λσὰν
1640 4220 1785 4295 παρὰ
1836 4230 1928 4274 τοῦ

324 4308 649 4382 βασιλέως⁷⁸
680 4307 829 4378 ἑάλω,
871 4310 972 4361 ὑπὸ
1028 4311 1115 4360 τὸν
1189 4306 1415 4380 βασιλέα
1462 4307 1676 4381 έγένετο,
1744 4312 1930 4383 ὁμοίως

322 4405 413 4452 καὶ
460 4396 692 4453 Μάδυτα
720 4404 810 4451 καὶ
869 4404 1017 4451 πᾶσα
1081 4399 1111 4456 ἡ
1175 4397 1527 4471 ὀνομαζομένη
1580 4398 1925 4475 Χερρόνησος,

396 4491 443 4525 ⁸³
468 4494 665 4542 Τότε-
684 4487 1183 4561 παρεμϐληθήσεται
1235 4504 1359 4561 om.
1402 4490 1483 4561 _D.
1597 4490 1644 4526 ⁸³
1702 4486 1907 4553 δε-εἰς

396 4508 443 4525 σι
468 4508 665 4542 ἰὀτε-
684 4508 760 4541 πα
796 4508 954 4561 εμολη
966 4508 1025 4545 οη
1038 4508 1183 4539 σεται

322 4571 424 4616 τῶν
461 4562 660 4614 οἰκείων
687 4562 713 4613 6
750 4508 1000 4633 βασιλεὺς
1030 4560 1103 4619 είς
1136 4561 1200 4616 D.

326 4637 371 4671 ⁸⁷
410 4634 480 4696 εἰς
508 4632 882 4686 Καλλιούπολιν
922 4647 1043 4687 om.
1088 4634 1151 4685 Ι).

325 4705 493 4759 λαϐὼν
523 4707 588 4759 1).

327 4775 494 4848 οδικῷ
522 4775 831 4849 ψηφίσματι
870 4774 962 4849 Ι)ΞΔ
1047 4774 1096 4808 ⁷³

328 4856 519 4909 ήσαντο
576 4865 698 4904 om.
743 4850 785 4904 D

326 4923 449 4984 λὲως
481 4936 602 4979 om.
641 4922 710 4976 Ι).

1392 4631 1415 4647 ν

1126 4776 1356 4848 χάριτας
1377 4807 1447 4815 -
1473 4777 1645 4847 φιλίας
1674 4793 1795 4832 om.
1827 4780 1891 4833 D.

918 4847 968 4882 ⁷⁸
998 4849 1057 4898 1'6
1086 4855 1180 4909 τῆς
1210 4847 1516 4921 παροιμίας]
1548 4850 1616 4908 ὡς
1666 4850 1784 4912 ἔπος
1817 4852 1883 4905 D.

1313 4560 1361 4636 9‘
1392 4558 1667 4636 έινασώσας
1696 4567 1874 4636 χειρός
1901 4558 1966 4616 D.

1271 4631 1317 4666 ⁸⁸
1356 4631 1797 4707 οῦτος-μέρεσιιί
1821 4650 1943 4689 om.
1979 4635 2044 4689 D.

696 4705 746 4740 7°
772 4703 1064 4777 πληροῦται
1094 4705 1160 4754 τα
1187 4709 1277 4754 τοῦ
1304 4700 1503 4765 κήδους
1527 4700 1860 4757 τῶν’παίδων
1895 4707 1957 4760 D.
2071 4706 2117 4741 τί
2164 4704 2527 4778 ἱεροτελεστίας
2561 4706 2624 4760 D.
2739 4706 2786 4744 ⁷³
2830 4700 2950 4778 τετίέ

696 4795 831 4833 ’ματι
870 4778 933 4831 Ι).
1047 4774 1096 4808 ⁷³
1130 4776 1447 4833 χάριτας-
1473 4777 1645 4833 φιλίας
1674 4793 1795 4832 om.
1827 4780 1891 4833 D.
2003 4777 2054 4812 7‘
2083 4774 2303 4833 διητᾶτο
2338 4782 2570 4833 γωοίοις.
2609 4778 2639 4833 ἠ
2678 4772 2736 4829 δε
2776 4785 2866 4829 τοῦ
2908 4780 2950 4833 D

2083 4793 2303 4837 οιητατο
2338 4796 2570 4837 χωριοις,
2609 4797 2639 4834 η
2678 4793 2736 4829 οε
2776 4796 2866 4829 του
2909 4793 2972 4834 U.

2012 4797 2054 4812 ι’
2083 4797 2303 4849 οιῃτατο
2334 4797 2570 4853 χωριοις,
2609 4797 2639 4834 η
2678 4797 2736 4829 οε
2776 4797 2866 4829 του
2909 4797 2969 4834 υ.

1998 4850 2044 4884 ⁷⁷
2105 4850 2241 4901 κατὰ
2297 4853 2415 4910 τοὺς
2480 4851 2662 4924 ὅρκους
2719 4864 2844 4907 om.
2900 4850 2969 4905 D.

2024 2004 2161 2043 cum
2189 2004 2373 2043 uxore
2413 1993 2471 2042 et
2517 1988 2639 2042 ﬁlia
2690 1988 2909 2043 Helena
2942 1990 3363 2059 Lampsacum,
3417 1987 3519 2042 ubi
3558 1990 3686 2043 erat

2027 2077 2587 2149 lreneimperatrix,
2647 2084 2892 2133 remeat.
2953 2082 3017 2134 Et
3061 2092 3386 2148 puerorum
3442 2078 3684 2149 nuptias

2027 2172 2347 2238 apparant,
2374 2183 2509 2222 cum
2531 2169 2861 2222 Germanus
2882 2167 3222 2239 patriarcha
3243 2166 3355 2239 55
3385 2167 3537 2221 inter
3555 2182 3685 2222 rem

2026 2255 2296 2310 divinam
2337 2258 2688 2328 nuptiarum
2721 2257 3109 2311 caeremonias
3126 2256 3497 2311 absolvisset.
3525 2259 3687 2311 Tunc

2030 2349 2087 2401 et
2115 2346 2353 2401 Trinobi
2383 2347 2603 2418 prmsul
2634 2346 2942 2419 Cpolitano
2972 2347 3271 2402 obnoxius
3301 2346 3688 2419 imperatorio

2029 2451 2097 2490 ac
2131 2436 2422 2507 synodico
2454 2436 2714 2499 decreto,
2748 2442 2811 2491 ut
2840 2442 3040 2491 Asano
3081 2436 3471 2508 Bulgarorum
3525 2437 3689 2508 prin-

2030 2524 2143 2596 cipi
2176 2522 2483 2579 afﬁnitatis
2523 2528 2581 2579 et
2622 2525 2900 2580 amicitiae
2951 2540 3140 2581 causa
3196 2526 3686 2596 gratiﬁcarentur,

2031 2629 2142 2667 suo
2166 2613 2299 2683 jure
2325 2613 2525 2668 vivere
2552 2619 2609 2669 et
2637 2613 2989 2685 patriarchae
3029 2615 3273 2670 nomine
3304 2615 3693 2671 condecorari

2028 2701 2302 2757 obtinuit.
2337 2702 2436 2757 His
2468 2718 2610 2772 ergo
2638 2718 2708 2758 ac
2735 2702 3029 2758 similibus
3058 2703 3306 2776 expletis
3344 2704 3692 2776 imperatrix

2030 2792 2194 2846 Irene
2226 2807 2365 2846 cum
2417 2790 2542 2846 ﬁlio
2595 2807 2664 2847 ac
2716 2806 2944 2863 sponsa
2990 2792 3049 2846 in
3101 2792 3492 2848 orientalibus
3544 2792 3691 2848 locis

2028 2878 2403 2948 versabatur,
2435 2879 2615 2936 Asani
2645 2895 2798 2935 uxor
2827 2880 2885 2935 in
2936 2880 3106 2936 sedes
3134 2897 3277 2952 suas
3310 2897 3548 2937 reversa
3577 2886 3690 2938 est.

2028 2969 2285 3024 Joannes
2325 2969 2610 3040 deinceps
2649 2971 2977 3042 imperator
3016 2975 3072 3025 et
3110 2976 3344 3025 Asanus
3381 2970 3693 3027 conductis

2031 3060 2219 3131 copiis
2251 3063 2501 3130 uterque
2524 3059 2837 3114 occiduam
2868 3058 3135 3131 plagam,
3164 3076 3299 3131 qua;
3326 3061 3543 3116 Latinis
3571 3077 3693 3117 ser-

2030 3148 2247 3215 viebat,
2279 3152 2686 3212 excurrerunt,
2711 3147 3058 3221 ingentique
3085 3148 3223 3204 inde
3246 3154 3453 3221 praeda
3477 3151 3692 3222 depor-

2034 3243 2155 3294 tata
2193 3238 2530 3309 Scythicam
2604 3238 3010 3306 solitudinem,
3052 3243 3117 3294 ut
3165 3240 3487 3311 proverbio
3536 3244 3693 3309 utar,

2032 3327 2380 3382 universam
2446 3325 2789 3394 effecerunt,
2876 3327 3133 3383 urbibus
3187 3344 3257 3384 ac
3316 3330 3579 3399 regione,
3630 3334 3697 3386 ut

2027 3417 2423 3489 jurejurando
2464 3421 2887 3486 convenerant,
2917 3417 3031 3473 sibi
3060 3418 3287 3474 divisis.
3346 3419 3693 3493 Calliupolis

2032 3523 2168 3562 cum
2194 3511 2331 3562 ante
2362 3506 2690 3563 adventum
2735 3506 2919 3563 Asani
2950 3513 3298 3580 expugnata
3328 3508 3547 3574 fuisset,
3582 3509 3694 3566 sub

2032 3596 2414 3668 imperatoris
2476 3601 2770 3668 potestate
2854 3597 3035 3652 venit.
3108 3598 3294 3653 Simili
3360 3599 3591 3655 ratione
3639 3602 3697 3656 et

2034 3685 2289 3757 Madyta,
2344 3690 2399 3740 et
2472 3685 2671 3740 omnis
2722 3685 2816 3740 cui
2872 3686 3246 3743 Chersoneso
3302 3703 3527 3744 nomen
3584 3693 3692 3744 est.

2034 3774 2307 3830 Habebat
2334 3780 2623 3847 praeterea
2640 3774 2967 3847 imperator
2983 3780 3039 3831 et
3059 3776 3204 3832 Cissi
3233 3783 3517 3847 castrum,
3540 3784 3598 3835 et
3616 3778 3697 3833 ad

2040 3863 2283 3920 ﬂuvium
2299 3864 2403 3935 qui
2421 3863 2653 3920 Maritza
2674 3879 2709 3920 a
2740 3864 2943 3919 multis
2964 3870 3214 3921 vocatur
3238 3866 3389 3922 ﬁnes
3410 3867 3695 3924 extendit.

2033 3953 2262 4008 Potitus
2287 3958 2373 4007 est
2402 3952 2479 4008 ad
2510 3953 2639 4009 haac
2661 3958 2718 4009 et
2751 3958 2955 4010 monte
2984 3956 3169 4025 Gano,
3196 3955 3256 4012 in
3286 3972 3410 4029 quo
3440 3957 3696 4031 oppidu-

2034 4042 2159 4098 lum
2198 4042 2504 4110 exstruxit,
2535 4043 2706 4114 cujus
2738 4043 2798 4097 in
2830 4043 3165 4100 custodiam
3200 4045 3361 4101 misit
3386 4046 3697 4104 Nicolaum

2037 4131 2382 4197 Cotertzem,
2428 4132 2623 4187 virum
2678 4132 2949 4204 plurimis
3007 4134 3231 4205 prmliis
3259 4137 3604 4203 exercitum,
3636 4138 3697 4194 in

2038 4221 2259 4293 quibus
2293 4221 2447 4277 adeo
2477 4224 2834 4294 prtestiterat
2863 4226 2927 4278 ut
2969 4223 3083 4295 56
3119 4225 3283 4296 apud
3309 4242 3521 4282 omnes
3551 4227 3699 4283 illud

1962 4350 2004 4404 ο
2036 4311 2350 4382 vulgatum
2377 4310 2553 4367 fuerit
2584 4311 2889 4368 neminem
2929 4328 3125 4385 neque
3152 4319 3288 4370 ante
3332 4331 3472 4371 eum
3504 4332 3700 4391 neque

2038 4406 2175 4473 post
2198 4416 2337 4455 eum
2368 4398 2550 4455 fuisse
2580 4400 2685 4473 qui
2708 4405 2792 4456 tot
2812 4416 2881 4456 ac
2908 4406 3074 4457 tanta
3103 4402 3371 4459 facinora
3395 4404 3489 4460 vel
3518 4411 3704 4462 atten-

1994 4487 2044 4544 δ’
2077 4493 2131 4542 αὶ
2162 4486 2359 4568 σποδᾳὶ
2390 4488 2636 4561 έγὲνοντο,
2702 4487 3105 4564 διαπεραιοῦται
3139 4491 3194 4544 ἐκ
3236 4492 3535 4568 Λαμψάκου
3569 4497 3704 4568 μετὰ

3193 4565 3239 4600 ⁶⁶
3268 4548 3435 4638 Ἑλένῃ
3469 4548 3594 4625 σπη’.
3636 4570 3699 4624 D.

2935 4639 3167 4712 γαμετήν
3197 4640 3285 4712 καί
3310 4640 3366 4689 τὸ
3422 4640 3704 4712 θυγάτριον

2739 4706 2786 4744 ⁷³
2830 4705 3076 4778 τετίμητο
3136 4705 3398 4779 βασιλικῷ
3448 4705 3537 4762 καί
3586 4705 3705 4763 συν-

2776 4785 2866 4829 τοῦ
2908 4780 2972 4832 D.
3084 4780 3133 4814 75
3164 4784 3253 4831 καὶ
3305 4780 3443 4832 λείαν
3474 4814 3541 4823 —
3569 4782 3705 4832 ἐποι-

3084 4781 3133 4814 75
3164 4784 3253 4831 καὶ
3305 4781 3443 4833 λείαν
3474 4814 3541 4823 —
3569 4782 3708 4835 ἐποι-

3089 4851 3137 4885 ⁷⁸
3195 4855 3339 4927 παρὰ
3390 4862 3481 4907 τοῦ
3543 4853 3707 4927 βασι-

2082 4563 2128 4597 ⁸⁸
2163 4570 2225 4637 τῇ
2250 4560 2608 4637 ,ἐξ-Οῦγγρων
2638 4567 2819 4637 Μαρίᾳ
2849 4560 2968 4618 ὸω.
3014 4565 3076 4617 Ι).

2158 4629 2210 4668 δεῖ
2237 4636 2261 4685 ό
2294 4629 2379 4684 οὖν
2411 4629 2570 4685 ’Ᾱσάν
2598 4638 2691 4692 τήν
2729 4629 2891 4685 αὐτοῦ

2071 4706 2117 4778 τξ
2164 4704 2527 4778 ἱεροτελεστίας
2561 4706 2624 4760 Ι).

1215 5042 1557 5111 Theodori
1604 5044 1854 5113 Dousae
1904 5053 1970 5113 et
2015 5044 2269 5113 Leonis
2317 5044 2552 5113 Allatii
2602 5054 2805 5114 notae.

404 5190 519 5259 (66)
563 5186 623 5240 '0
695 5185 947 5260 Τρινόϐου
978 5184 1272 5260 ἀρχιερεύς.
1321 5186 1662 5259 Acropolita
1717 5189 1816 5240 ὑπὸ
1859 5191 1944 5240 τόν

337 5257 924 5320 Κωνσταντινουπόλεοις
978 5257 1150 5323 τελῶν,
1212 5257 1501 5327 Gregoras
1548 5268 1617 5329 τῷ
1666 5264 1788 5320 τέως
1844 5262 1944 5312 ὑπὸ

334 5340 422 5388 τόν
470 5334 891 5408 αρχιεπίσκοπον
948 5337 1054 5408 τῆς.
1104 5334 1317 5408 πρώτης
1362 5330 1514 5408 τελῶν
1544 5332 1942 5395 Ἰουστινιανῆς.

337 5410 405 5464 Et
434 5401 725 5461 coh'ientit
760 5401 1221 5475 Ephraemius'in
1254 5402 1583 5475 Chronico:

407 5485 491 5547 Τῷ
530 5472 824 5534 τηνικαῦτα
846 5476 1208 5546 ποιμενὰρχης
1233 5472 1504 5547 Τρινόϐου,

410 5546 494 5619 Τῷ
529 5548 847 5620 Βουλγαρίας
874 5549 1201 5617 ὑποκείμενος
1224 5546 1429 5620 *θρόνου

413 5607 525 5675 Οίόκ
558 5617 644 5673 οἰδ
665 5607 815 5680 ’ὅπως
835 5607 1308 5691 κέκριτσσυνόδου
1347 5607 1519 5691 κρίσει

415 5696 754 5765 Θεσπίσματί
783 5710 836 5744 τε
866 5690 957 5742 τοῦ
986 5697 1293 5765 κρατοῦντος
1332 5690 1573 5742 Αὐσόνων

416 5769 595 5839 Τιμήν
624 5760 965 5839 πατριάρχου
991 5760 1051 5835 γε
1074 5766 1166 5816 καὶ
1192 5760 1377 5821 κλῆσιν
1409 5764 1571 5835 ἔχειν,

2130 5185 2337 5267 κήδους
2365 5193 2602 5267 τινόντων
2628 5191 3071 5267 τῶν-κρατούντων
3099 5194 3148 5267 oi
3166 5193 3349 5265 χάριν.
3375 5193 3713 5267 Λετοροιίιδ,

2054 5262 2385 5333 memoriae,
2418 5261 2595 5333 lapsu
2646 5261 2741 5316 vel
2781 5261 3008 5333 parum
3066 5261 3256 5319 rebus
3293 5261 3711 5323 ecclesiasticis

2055 5333 2318 5410 i_ntentu_s
2373 5332 2503 5388 haec
2549 5333 2623 5388 de
2661 5332 2923 5410 _Ternobi
2979 5334 3571 5410 episcopogscripsit.
3633 5340 3713 5395 De

2055 5404 2307 5460 Ternobi
2360 5405 2715 5461 autonomia
2764 5421 2873 5461 nos
2922 5404 3103 5461 etiam
3161 5404 3321 5473 alibi,
3373 5404 3714 5467 Ternobum

2057 5492 2236 5548 porro
2287 5478 2559 5532 omnium
2610 5477 2795 5532 Hiemi
2835 5477 3077 5533 urbium
3131 5481 3604 5538 munitissimam
3659 5487 3718 5539 et

2057 5548 2609 5620 prazstantissimam
2636 5549 2779 5604 dicit
2806 5549 3115 5616 Choniata,
3156 5552 3217 5606 in
3247 5555 3469 5609 montis
3498 5555 3715 5612 vertice

2058 5620 2256 5685 sitam,
2288 5620 2447 5692 ﬁmis
2472 5621 2907 5677 circumdatam
2938 5623 3260 5692 moenibus,
3291 5630 3426 5682 ALL.

2128 5692 2353 5765 (67)Τὴν
2383 5689 2627 5752 δυτικὴν.
2661 5695 2972 5765 Gregoras,
2995 5709 3053 5767 p.
3082 5699 3170 5752 30.
3198 5689 3335 5754 ALL.
