4470 6452
2085 397 2369 454 GEORGII
2405 395 2881 454 ACROPOLJTE.

800 457 932 513 1059

4027 408 4163 462 1060

793 527 932 583 tarit
950 526 1175 582 felicius
1203 526 1297 583 vel
1315 527 1662 599 prosperius
1681 524 1946 595 gesserit,
1973 527 2034 577 ut
2055 522 2196 577 inde
2227 521 2442 577 Latinis
2482 533 2529 582 Α

2395 521 2442 575 is
2482 533 2529 582 Α
2559 518 2688 592 Εἶχε
2711 517 2822 574 δὲό
2865 520 3112 594 βασιλεὺς
3137 528 3225 576 καὶ
3277 527 3334 576 τὸ
3378 533 3471 578 τοῦ
3513 533 3715 579 Κισσοῦ
3750 531 4012 604 φρούριον,
4069 537 4158 583 καὶ

792 617 898 688 qui
944 616 1006 671 in
1045 616 1292 671 Tzurulo
1325 621 1495 672 erant
1545 614 1784 684 negotia
1830 612 2165 668 facesseret.
2213 615 2446 666 Asanus

791 704 1088 760 dictorum
1104 704 1374 759 locorum
1395 708 1595 776 partes
1622 701 1959 773 superiores
1983 700 2059 754 ad
2090 697 2445 771 Aquilonem

793 792 994 848 tenuit.
1031 791 1187 846 Etad
1205 792 1370 864 ipsos
1391 807 1582 863 usque
1611 789 1803 861 Cpolis
1837 789 2284 843 murosJoanne
2309 801 2447 854 rege

789 880 853 935 in
878 880 991 935 illis
1023 880 1332 936 adsidente
1362 885 1419 935 et
1468 880 1729 934 intuente
1784 881 2035 948 uterque
2093 875 2447 947 perveniens

788 969 1095 1039 ingentem
1120 969 1394 1024 timorem
1432 968 1647 1024 Latinis
1674 967 1950 1037 injecere,
1977 980 2195 1035 resque
2237 979 2446 1019 eorum

787 1058 850 1114 in
906 1065 1240 1114 extremum
1299 1057 1619 1112 discrimen
1687 1055 2008 1111 deduxere.
2072 1056 2251 1108 Porro
2309 1069 2444 1108 cum

787 1153 1119 1204 autumnus
1147 1146 1529 1219 prteteriisset
1559 1161 1630 1201 ac
1667 1145 1861 1200 hiems
1890 1144 2153 1206 instaret,
2187 1145 2447 1198 Joannes

784 1238 1113 1310 imperator
1165 1240 1344 1308 atque
1381 1240 1615 1291 Asanus
1674 1239 2000 1306 postquam
2056 1233 2208 1287 inter
2276 1247 2335 1286 se
2373 1231 2448 1286 de

786 1325 1064 1396 gerendis
1107 1323 1560 1389 deliberassent,
1602 1327 1838 1378 Asanus
1899 1322 2142 1393 quidem
2195 1320 2448 1376 domum

783 1414 1116 1481 revertitur,
1152 1414 1481 1485 imperator
1507 1413 1566 1468 in
1601 1413 1898 1469 Orientem
1938 1409 2303 1466 transfertur.

2556 614 2719 684 μέχρι
2773 618 3010 682 ποταμοῦ
3060 612 3113 663 ὃν
3178 615 3450 686 Μαρίτζαν
3518 616 3543 666 ὁ
3612 616 3766 677 πολύς
3819 624 4159 690 μετονομάζει

2555 699 2678 759 λαὸς
2707 702 2772 750 τὰ
2805 701 2849 734 ’⁷9
2885 704 3078 776 σύνορα
3135 704 3293 754 ἔθετο.
3343 704 3633 775 Ἐκράτησε
3666 703 3724 757 δε
3754 713 3843 759 καὶ
3871 717 3960 759 τοῦ
4014 715 4160 781 ὅρους

2555 796 2647 840 τοῦ
2683 790 2867 854 Γάνου,
2901 795 2992 841 καὶ
3021 789 3068 841 ἐν
3100 791 3241 861 αύτῷ
3280 789 3520 864 ἐδείματο
3553 800 3641 847 καὶ
3693 796 3983 867 πολίχνιον,
4042 800 4160 850 ἔνθα

2557 881 2750 928 καὶτὸν
2817 879 3108 951 Κοτέρτζην
3163 881 3414 933 Νικόλαον
3474 883 3744 954 φυλάττειν
3795 886 3880 955 [Ρ.
3917 887 4005 956 28]
4060 885 4159 948 ἐξέο

2555 965 2724 1037 πεμψε
2763 972 2852 1018 καὶ
2890 971 3177 1039 πράγματα
3219 975 3469 1044 παρέχειν
3536 977 3778 1034 Λατίνοις
3824 981 3933 1035 τοῖς
3989 974 4038 1026 ἐν
4095 983 4154 1046 τῇ

2555 1055 2884 1126 Τζουρουλῷ,
2918 1053 3086 1128 ἀνδρα
3136 1059 3343 1120 πολλοῖς
3389 1061 3830 1133 κατεξητασμένον
3892 1062 4156 1134 πολέμοις,

2555 1148 2646 1195 καὶ
2687 1142 2731 1203 ἐς
2770 1152 3018 1196 τοσοῦτον
3057 1143 3484 1219 εὐδοκιμήσαντα
3547 1153 3616 1212 ὡς
3653 1153 3853 1212 πάντας
3911 1155 4158 1209 τοιαύτην

2558 1228 2714 1294 δόξαν
2755 1238 2872 1306 περὶ
2903 1237 3086 1286 τούτου
3120 1244 3293 1307 σχεῖν,
3348 1243 3474 1309 μήτε
3539 1242 3638 1311 πρὸ
3671 1239 3831 1292 αὑτοῦ
3871 1246 4004 1312 μήτε
4054 1246 4157 1312 μὴν

2556 1322 2665 1392 μετ’
2699 1321 2853 1373 αὐτόν
2884 1322 3034 1375 ἄλλον
3071 1333 3291 1396 φανῆναι
3319 1329 3572 1388 τοιούτοις
3631 1331 3798 1400 ἔργοις
3850 1329 4155 1402 ἐγκεχειρη-

2555 1413 2685 1460 κότα
2723 1410 2751 1468 ἡ
2809 1419 3040 1464 τοσαῦτα
3103 1417 3487 1486 κατωρθωκότα
3535 1417 3602 1470 ⁸ο.
3657 1416 3714 1468 Ὀ
3770 1414 3829 1469 δὲ
3871 1417 4033 1471 Ἀσὰν
4090 1421 4155 1470 τὰ

782 1505 1018 1578 ὑπεράνω
1068 1510 1169 1555 τῶν
1220 1502 1497 1575 εἰρημένων
1553 1507 1743 1574 χώρων
1809 1504 1899 1552 καὶ
1953 1502 2080 1572 πρὸς
2135 1497 2328 1572 Βορῥᾶν
2388 1499 2598 1549 νεύοντα
2670 1499 2753 1569 ὑφ’
2813 1499 2991 1552 ἐαυτον
3069 1505 3245 1573 ἔσχεν.
3306 1508 3483 1575 Μέχρι
3539 1508 3628 1577 μὲν
3686 1502 3774 1557 οὖν
3817 1511 3907 1558 καὶ
3985 1506 4152 1558 αὐτῶν

781 1601 881 1645 τῶν
935 1600 1126 1664 τειχῶν
1175 1599 1269 1651 τῆς
1319 1595 1709 1644 Κωνσταντίνου
1769 1593 1857 1640 καὶ
1910 1587 2192 1661 ἀμφότεροι
2244 1591 2656 1657 κατηντήκεσαν,

2734 1597 2825 1639 τοῦ
2901 1591 3064 1664 ῥηγὸς
3114 1592 3349 1645 Ἰωάννου
3396 1594 3471 1646 ἐπ’
3539 1595 3706 1646 αὐτῶν
3774 1597 4151 1668 καθερζομένου

776 1686 866 1734 καὶ
918 1684 1262 1756 καθορῶντος,
1316 1685 1404 1732 καὶ
1459 1685 1643 1732 πτοίαν
1681 1677 1868 1736 πολλὴν
1924 1684 2029 1738 τοῖς
2095 1681 2335 1736 Λατίνοις
2393 1674 2644 1742 ἐνέϐαλον,
2711 1682 2799 1730 καὶ
2855 1677 2902 1729 ἐν
2945 1689 3100 1752 στενῷ
3152 1679 3346 1754 κομιδῆ
3407 1686 3472 1734 τὰ
3544 1685 3657 1736 κατ’
3715 1684 3902 1746 αὐτοὺς
3960 1687 4150 1739 ἔθεντο,

782 1772 923 1824 Ἐπεὶ
950 1768 1009 1823 δε
1059 1773 1084 1822 ό
1141 1777 1231 1822 τοῦ
1288 1775 1588 1844 μετοπώρου
1641 1767 1903 1842 πάρερρύη
1958 1770 2138 1841 καιρὸς
2196 1770 2285 1817 καὶ
2327 1766 2367 1799 ⁸⁸

2428 1766 2453 1815 ὁ
2510 1772 2711 1837 χειμὼν
2770 1769 3005 1838 ἤγγιζεν,
3069 1769 3303 1831 ἀλλήλοις
3362 1773 3738 1845 συνταξάμενοι
3795 1776 3821 1826 ὁ
3872 1793 3926 1826 τε
3985 1773 4153 1845 βασι-

777 1860 893 1922 λεύς
923 1861 1162 1920 Ἰωάννης
1199 1859 1344 1911 καὶὸ
1402 1859 1615 1913 Ἀσὰνὸ
1653 1860 1742 1929 μεν
1801 1856 1869 1917 εἰς
1913 1860 2007 1914 τὴν
2066 1859 2256 1907 οἰκείαν
2297 1858 2478 1928 χώραν
2541 1863 2639 1905 τῶν
2701 1855 3001 1930 Βουλγάρων
3066 1867 3252 1932 χωρεῖ,
3309 1861 3334 1911 ό
3399 1858 3458 1913 δε
3528 1861 3771 1922 Βασιλεὺς
3833 1862 3885 1924 ἐς
3940 1867 4033 1920 τὴν
4090 1864 4154 1915 ἔω

779 1947 1008 2022 διαπερᾷ
1037 1950 1104 2005 ⁸².

849 2042 938 2096 34.
971 2039 1156 2110 Cujus
1187 2037 1344 2092 ﬁlius
1366 2036 1714 2092 Theodorus
1734 2051 1872 2091 cum
1892 2035 2090 2090 adhuc
2113 2034 2437 2090 immatura
2467 2031 2514 2086 B

781 2133 940 2184 esset
966 2132 1158 2194 aetate,
1179 2131 1382 2199 utpote
1402 2126 1505 2198 qui
1523 2141 1750 2181 annum
1772 2124 2179 2193 undecimum,
2205 2127 2268 2177 ut
2288 2122 2437 2177 dixi-

776 2233 937 2284 mus,
957 2232 1078 2272 non
1098 2203 1410 2271 excederet
1427 2231 1566 2270 cum
1585 2214 1852 2284 reginam
1872 2212 2151 2269 Helenam
2173 2211 2434 2276 duceret,

776 2307 1006 2378 integer
1024 2305 1102 2362 ab
1118 2305 1488 2378 imperatrice
1507 2308 1668 2360 lrene
1685 2320 1808 2360 una
1828 2319 1964 2358 cum
1988 2301 2188 2374 puella
2204 2316 2436 2356 conser-

778 2397 1040 2453 vabatur
1066 2413 1079 2451 :
1109 2394 1460 2451 colebantur
1480 2393 1640 2449 enim
1664 2393 1741 2448 ab
1763 2409 1834 2448 ea
1857 2392 2025 2464 pueri
2048 2395 2225 2463 atque
2249 2391 2305 2445 in
2317 2390 2434 2446 for-

774 2485 1123 2555 mabantur,
1174 2490 1466 2556 tanquam
1516 2499 1651 2555 quae
1689 2483 1994 2554 ingenium
2045 2497 2114 2536 ac
2153 2485 2433 2535 naturam

773 2577 1067 2648 optimam
1093 2579 1269 2630 nacta
1287 2574 1346 2628 in
1364 2588 1544 2628 omne
1563 2571 1795 2627 bonum
1813 2571 2083 2627 animum
2100 2569 2430 2625 inclinaret.

771 2666 952 2736 Igitur
971 2666 1314 2722 Latinorum
1335 2679 1428 2718 res
1447 2662 1702 2718 nimium
1723 2662 1782 2717 in
1806 2666 2128 2732 angustum
2150 2659 2427 2731 deducta,

770 2755 1032 2811 duorum
1053 2753 1232 2808 etiam
1255 2752 1686 2823 imperatorum
1710 2751 1995 2806 afﬁnitate
2013 2750 2072 2805 in
2096 2754 2429 2805 extremum

769 2843 963 2899 fastus
984 2842 1080 2898 ille
1103 2841 1421 2913 depressus
1443 2845 1552 2896 est.
1581 2842 1697 2895 Rex
1717 2839 1994 2894 interium
2016 2839 2276 2894 Joannes
2297 2855 2426 2893 cum

769 2948 893 2989 non
914 2932 1019 2988 diu
1037 2930 1301 2998 vixisset,
1329 2929 1436 3000 57
1463 2945 1534 2984 ex
1555 2928 1901 2984 hominibus
1919 2927 2187 2983 sublatus
2209 2943 2428 2997 genero

771 3038 880 3077 suo
907 3021 1201 3077 Balduino
1233 3018 1608 3091 Cpolitanum
1636 3019 1953 3090 imperium
1985 3017 2428 3073 hasreditarium

767 3111 1025 3182 reliquit.
1049 3115 1286 3166 Asanus
1317 3113 1634 3180 pactorum
1661 3123 1796 3180 quae
1823 3123 1961 3162 cum
1987 3106 2218 3164 Joanne
2242 3106 2426 3179 impe-

765 3204 962 3255 ratore
985 3202 1266 3254 sanxerat
1288 3201 1598 3268 pertaesus,
1628 3211 1898 3268 quanam
1922 3195 2151 3252 ratione
2174 3195 2359 3251 ﬁliam
2390 3212 2426 3252 a

765 3288 983 3344 marito
1003 3288 1315 3344 Theodoro
1342 3288 1701 3359 imperatore
1731 3285 2082 3342 avelleretet
2110 3285 2208 3340 alii
2239 3285 2423 3341 collo-

2621 2030 2727 2088 λδ’.
2761 2033 2902 2087 Ἐπεὶ
2933 2032 2992 2088 δι
3019 2038 3043 2088 ὁ
3074 2040 3187 2100 υἱός
3213 2039 3375 2090 αὑτοῦ
3422 2036 3697 2114 Θεόδωρος
3752 2040 3941 2112 ἀφῆλιξ
4007 2039 4158 2112 ἐτύγ-

2548 2141 2707 2193 χανεν
2746 2124 2834 2191 ὢν,
2876 2122 3146 2180 ἑνδέκατον
3200 2131 3301 2199 γὰρ
3354 2125 3561 2187 διήνυεν
3614 2132 3745 2200 ἔτος,
3811 2132 3984 2204 ὥσπερ
4035 2132 4152 2202 ἔφη-

2547 2232 2636 2284 μεν
2697 2216 2827 2285 (68),
2898 2217 3055 2273 ἡνίκα
3115 2225 3175 2289 τῇ
3255 2216 3500 2290 βασιλίδι
3551 2219 3719 2292 Ἑλένη
3765 2218 3810 2280 ἐς
3871 2224 4152 2272 συνουσίαν

2546 2303 2717 2372 ἔμενον
2753 2301 2926 2362 ἀτελῆ.
2971 2305 3250 2377 ’Λνήγοντο
3283 2303 3342 2359 δε
3397 2310 3535 2381 παρὰ
3590 2317 3686 2368 τῆς
3741 2305 4017 2380 βασιλίδος
4066 2308 4150 2360 Εἰ-

2543 2397 2706 2465 ρήνης
2743 2398 2834 2445 καὶ
2902 2391 3257 2464 ἐπαιδεύοντο,
3310 2397 3396 2448 οἵα
3469 2395 3633 2455 ἐκείνη
3684 2401 3881 2470 φύσεως
3946 2397 4150 2469 ἀγαθῆς

2543 2490 2789 2553 τυχοῦσα
2826 2489 2915 2535 καὶ
2962 2488 3092 2556 πρὸς
3152 2485 3287 2537 ἅπαν
3345 2485 3498 2538 καλὸν
3547 2486 3873 2542 ἐπινεύουσα.
3924 2489 4000 2540 Τὰ
4056 2491 4146 2558 μεν

2542 2570 2630 2622 οὖν
2659 2579 2758 2622 τῶν
2798 2577 3032 2625 Λατίνων
3070 2576 3355 2648 πράγματα
3409 2576 3692 2632 συνεστάλη
3734 2595 3788 2628 τε
3825 2581 3938 2628 τότε
3989 2575 4142 2642 πολὺ,

2540 2664 2629 2711 καὶ
2675 2670 2746 2731 τῷ
2802 2659 2956 2720 κήδει
3020 2671 3118 2714 τῶν
3180 2660 3277 2715 δύο
3334 2664 3728 2739 αὐτοκρατόρων
3789 2665 3862 2725 εἰς
3907 2668 4145 2716 ταπεινὸν

2540 2750 2672 2820 ἄγαν
2703 2757 3085 2804 κατεπεπτώκει
3117 2756 3174 2804 τὸ
3224 2757 3462 2827 φρόνημα
3500 2755 3569 2808 ⁸³.
3602 2753 3660 2806 Ὀ
3716 2750 3775 2806 δε
3821 2753 3922 2828 ῥὴξ
3961 2753 4142 2805 Ἰωάν-

2538 2858 2630 2900 νης
2690 2844 2875 2912 μικρὸν
2933 2840 3212 2902 ἐπιϐιώσας
3287 2842 3339 2904 ἐξ
3406 2841 3684 2916 ἀνθρώπων
3771 2843 3988 2914 ἐγένετο,
4049 2848 4143 2900 την

2538 2935 2628 2988 τῆς
2697 2931 3280 2992 Κωνσταντινουπόλεως
3361 2931 3599 2994 ἐξουσίαν
3656 2939 3728 3002 τῷ
3794 2932 3953 2984 αὑτοῦ
4006 2952 4143 3003 γαμ-

2539 3015 2645 3091 ϐρῷ
2693 3027 2764 3089 τῷ
2798 3016 3092 3092 Βαλδουίνῳ
3144 3023 3208 3081 ὡς
3257 3020 3445 3096 κλῆρον
3497 3021 3812 3076 καταλιπών.
3863 3021 3918 3074 Ὀ
3973 3017 4032 3073 δέ
4082 3040 4144 3091 γε

2537 3105 2698 3158 Ἀσὰν
2776 3107 3056 3180 μετάμελος
3140 3108 3222 3160 ἐπὶ
3271 3116 3382 3169 ταῖς
3432 3117 3523 3162 τοῦ
3583 3107 3842 3181 βασιλέως
3902 3110 4138 3161 Ἰωάννου

2538 3199 2838 3267 συνθηκαις,
2873 3201 2940 3258 ὡς
2993 3197 3171 3274 ἐφάνη,
3219 3203 3484 3272 γενόμενος
3540 3203 3729 3274 τρόπον
3777 3200 3952 3259 ἐζήτει
4001 3203 4140 3262 ὅπως

2535 3283 2594 3336 ἆν
2634 3290 2727 3344 τὴν
2780 3289 3042 3360 θυγατέρα
3087 3287 3371 3362 ἀποσπάσῃ
3431 3296 3523 3341 τοῦ
3592 3289 3826 3359 συζύγου
3880 3287 4138 3361 βασιλέως

765 3383 928 3434 caret
957 3377 1268 3450 quaarebat
1296 3393 1309 3431 :
1344 3379 1752 3432 Romanorum
1793 3391 2057 3447 namque
2088 3375 2147 3430 in
2178 3375 2424 3431 meliora
2454 3385 2494 3441 C

2368 3391 2424 3431 ra
2454 3385 2494 3441 (ζ
2534 3382 2625 3426 τοῦ
2654 3371 2932 3448 Θεοδώρου
2980 3382 3067 3429 xui
3107 3376 3258 3452 ἐτέρῳ
3311 3379 3506 3436 ταύτην
3551 3375 3789 3450 κηδεύσῃ
3839 3399 3852 3411 ο
3885 3387 3983 3430 τῶν
4034 3381 4133 3452 γὰρ

763 3482 1153 3540 progressum
1217 3464 1607 3530 formidabat,
1710 3464 1901 3534 gentis
1958 3464 2085 3535 ipse
2139 3465 2423 3520 Romanis

763 3558 1043 3615 obnoxia:
1101 3561 1446 3629 occupator.
1535 3554 1842 3611 Meditatur
1899 3555 2103 3626 itaque
2151 3570 2420 3624 causam,

757 3649 985 3721 justam
1007 3645 1171 3702 illam
1189 3645 1435 3718 quidem
1458 3649 1639 3716 atque
1662 3643 2068 3715 conspicuam,
2097 3649 2160 3699 ut
2181 3644 2421 3700 videba-

762 3742 880 3805 tur,
934 3735 1074 3792 licet
1133 3739 1410 3806 expertos
1463 3748 1786 3804 rerumque
1844 3746 2066 3802 gnaros
2103 3731 2421 3787 consilium

760 3824 1026 3882 hominis
1079 3838 1203 3879 non
1262 3821 1606 3894 prateriret.
1666 3821 1829 3877 Mittit
1883 3821 1959 3876 ad
2001 3822 2422 3893 imperatorem

759 3920 941 3988 atque
971 3911 1404 3985 imperatricem
1459 3910 1706 3980 legatos,
1739 3910 1844 3982 qui
1873 3909 2159 3966 referrent
2186 3927 2248 3966 se
2283 3927 2421 3967 cum

759 4020 965 4067 uxore,
995 4003 1142 4058 dum
1167 3999 1620 4072 Adrianopolim
1644 4000 1919 4067 venisset,
1943 4000 2180 4056 ﬁliolam
2207 4002 2422 4057 intueri

756 4093 908 4151 velle
930 4098 987 4149 et
1005 4097 1257 4164 paterna
1282 4089 1724 4146 necessitudine
1753 4089 2032 4162 amplecti
2059 4091 2420 4147 exosculari-

755 4199 894 4256 que,
955 4181 1213 4253 aliaque,
1267 4179 1350 4234 uti
1409 4194 1518 4251 par
1595 4195 1727 4234 esse
1811 4179 2062 4246 videtur,
2155 4179 2416 4252 explere,

754 4287 1118 4344 rursumque
1141 4286 1201 4325 se
1218 4285 1352 4325 eam
1370 4267 1448 4324 ad
1468 4284 1706 4324 socrum
1727 4274 1783 4324 et
1804 4273 2146 4324 consortem
2165 4269 2415 4326 thalami

753 4363 1170 4418 remissurum.
1229 4362 1490 4415 Joannes
1544 4358 1872 4430 imperator
1942 4365 2000 4415 et
2067 4359 2418 4431 imperatrix

752 4451 938 4518 Irene,
964 4451 1070 4507 etsi
1111 4449 1380 4506 fabulam
1411 4449 1488 4505 ad
1513 4449 1804 4505 amussim
1836 4449 2122 4505 callerent
2153 4454 2207 4505 et
2237 4449 2416 4523 plane

752 4543 1001 4599 technas
1031 4556 1101 4597 ac
1131 4539 1444 4596 machinas
1474 4545 1890 4610 cognocerent,
1934 4541 2173 4596 mittunt
2197 4542 2412 4596 ninilo-

749 4632 954 4688 minus
985 4630 1062 4686 ad
1089 4632 1362 4684 Asanum
1388 4628 1575 4683 ﬁliam
1624 4629 1738 4684 hoc
1769 4630 2099 4697 enuntiato,
2135 4652 2161 4680 ‹‹
2212 4630 2256 4685 si
2315 4631 2410 4686 ille

2532 3463 2795 3536 Ῥωμαίων
2827 3462 3020 3519 ἐδεδίει
3076 3469 3210 3518 πάνυ
3273 3471 3362 3524 τὴν
3419 3465 3464 3527 ἐς
3502 3472 3566 3520 τὰ
3612 3466 3799 3540 βελτίω
3849 3469 3895 3502 ¹¹⁶
3949 3487 4134 3542 προκο-

2533 3558 2656 3620 πὴν,
2699 3557 2875 3616 ἔθνους
2914 3558 3096 3629 ἄρχων
3128 3557 3545 3627 ὑποτεταγμένον
3575 3557 3735 3609 πάλαι
3764 3556 4036 3628 Ῥωμαίοις
4065 3558 4136 3597 '7—

2533 3649 2820 3702 Σκήπτεται
2848 3653 2974 3716 γοῦν
3005 3645 3197 3714 αἰτίαν,
3239 3646 3306 3707 ὡς
3365 3642 3535 3698 ἐδόκει
3595 3648 3705 3717 μὲν,
3757 3645 3981 3717 εὔλογον,
4041 3645 4135 3697 κᾶν

2530 3733 2623 3786 ούκ
2679 3733 2916 3786 ἐλάνθανε
2980 3738 3101 3796 τούς
3154 3735 3525 3806 ἐπισταμένους
3597 3738 3663 3786 τὰ
3718 3737 4007 3810 πράγματα
4063 3735 4132 3801 ⁸⁸,

2528 3829 2616 3876 καὶ
2645 3822 2943 3876 ἀποστέλλει
2972 3823 3215 3898 πρέσϐεις
3242 3828 3372 3899 πρὸς
3417 3827 3499 3876 τόν
3530 3822 3756 3896 βασιλέα
3805 3830 3895 3876 xui
3951 3829 4044 3882 τὴν
4085 3825 4132 3860 ⁸9

2530 3911 2810 3986 βασιλίδα,
2863 3917 2931 3976 ὡς
2982 3913 3090 3966 ἐπεὶ
3141 3913 3450 3972 πλησιάσειε
3506 3922 3568 3987 τῇ
3613 3910 3892 3986 Ἀδριανοῦ
3923 3915 3970 3949 ⁹⁰
4003 3912 4133 3987 βού-

2527 4004 2670 4056 λεται
2699 4005 2855 4066 αύτός
2883 4023 2936 4055 τε
2966 4009 3054 4056 καὶ
3094 4007 3123 4062 ἡ
3173 4007 3403 4075 σύζυγος
3442 4007 3500 4056 τὸ
3552 4006 3827 4078 θυγάτριον
3883 4000 4012 4056 ἰδεῖν
4041 4009 4132 4055 καὶ

2526 4098 2793 4168 πατρικῶς
2875 4092 3294 4165 περιπτύξασθαι
3350 4097 3439 4144 xui
3504 4095 3571 4145 τὰ
3632 4092 3806 4144 εἰκότα
3852 4091 4134 4166 πληρῶσαι

2527 4187 2616 4234 καὶ
2674 4179 2819 4242 αὖθις
2867 4181 3176 4253 ἀποπέμψαι
3223 4186 3352 4255 πρὸς
3404 4185 3491 4233 τόν
3550 4184 3786 4257 πενθερὸν
3830 4187 3919 4233 xui
3970 4183 4134 4242 σύζυ-

2525 4292 2616 4344 γον
2651 4275 2720 4328 θί.
2759 4271 2817 4324 Ὀ
2869 4276 2959 4345 μὲν
3007 4268 3094 4324 οὖν
3145 4271 3395 4344 βασιλεὺς
3435 4272 3646 4334 Ἰωάνης
3703 4277 3792 4324 καὶ
3841 4274 3870 4330 ἡ
3919 4271 4133 4345 βασιλὶς

2526 4362 2742 4435 Εἰρήνη,
2796 4367 2968 4416 καίτοι
3023 4381 3083 4434 γε
3163 4361 3388 4436 ἀκριϐῶς
3442 4360 3634 4423 εἰδότες
3698 4367 3756 4414 τό
3819 4359 3998 4435 δρᾶμα
4040 4369 4134 4416 καὶ

2524 4453 2765 4524 καθαρῶς
2839 4455 3128 4522 ἐπιγνόντες
3196 4453 3243 4486 9⁸
3298 4456 3392 4509 τὴν
3447 4455 3754 4524 σκευωρίαν,
3818 4453 3951 4523 ὅμως
4000 4458 4132 4523 πέμ-

2524 4560 2685 4593 πουσι
2725 4544 2853 4615 πρὸς
2891 4544 2976 4592 τόν
3041 4541 3202 4593 Ἀσὰν
3258 4544 3352 4598 τὴν
3397 4543 3674 4614 θυγατέρα,
3720 4541 3867 4592 ταυτ’
3924 4541 4132 4612 εἰρηκό-

2494 4650 2598 4703 .τες
2626 4634 2692 4692 ὡς
2747 4631 2789 4682 εἰ
2816 4635 2907 4688 τὴν
2968 4633 3228 4703 θυγατέρα
3270 4633 3539 4702 κατάσχοι
3603 4635 3691 4682 καὶ
3749 4638 3840 4682 τοῦ
3896 4635 4133 4703 νομίμως

747 4721 937 4777 ﬁliam
959 4719 1298 4776 retinuisset
1320 4721 1375 4773 et
1401 4734 1436 4773 a
1460 4716 1726 4788 legitimo
1757 4719 2012 4791 conjuge
2045 4725 2405 4792 separasset,
2435 4744 2482 4802 η

2366 4725 2405 4785 ι,
2435 4744 2482 4802 D
2523 4720 2906 4792 συζευχθέντος
2934 4720 3338 4790 ἀποστερήσειεν
3370 4721 3439 4787 ⁸³,
3473 4722 3585 4772 ἔστι
3633 4723 3756 4781 Θεὸς
3794 4722 3819 4770 ό
3866 4723 3930 4771 τὰ
3957 4723 4131 4773 πάντα

748 4825 878 4866 esse
943 4811 1155 4875 Deum,
1228 4807 1332 4881 qui
1408 4807 1614 4864 omnia
1674 4807 1985 4882 conspicit,
2047 4825 2405 4882 pcsnamque

817 4975 866 5008 7°
899 4975 1064 5046 μέχρι
1097 4978 1194 5046 τοῦ
1247 4978 1486 5046 ποταμοῦ
1552 4971 1825 5046 Μαρίτζας
1872 4973 1936 5046 τὰ
1994 4975 2056 5028 D.

743 5044 833 5097 λύν
863 5040 1054 5117 χρόνον
1085 5043 1211 5117 ιξπὸΔ
1225 5051 1326 5117 τῶν
1363 5040 1660 5117 Ῥωμαϊκῶν
1679 5043 1831 5117 ⁸ἑάλω
1881 5040 2174 5116 δυνάμενων
2209 5047 2272 5100 D.
2387 5047 2407 5080 ⁸

744 5121 810 5169 τὰ
840 5110 994 5177 οἶκοι,
1037 5117 1062 5166 ό
1090 5110 1149 5166 δι
1179 5112 1429 5201 βασιλεύς
1460 5110 1532 5175 εἰς
1561 5115 1625 5166 ἐω
1665 5111 1971 5184 διεπέρασεν
2015 5110 2091 5171 ⁷Ι).

746 5191 1139 5242 Κωνσταντίνου
1171 5189 1210 5238 ὡ
1221 5208 1241 5248 ς
1273 5189 1313 5242 D
1324 5229 1335 5240 .

743 5258 1057 5332 ἀποσπάσῃ.
1089 5265 1198 5310 Τῶν
1227 5261 1289 5314 D.
1332 5329 1360 5332 _
1405 5259 1452 5294 ⁸⁸
1479 5257 1526 5320 ἐς
1544 5261 1619 5332 ,τᾲ
1651 5257 1839 5332 βελτίω
1878 5275 1998 5314 om.
2052 5257 2114 5315 D.

738 5332 787 5405 εε
817 5328 1019 5384 στελλεί
1042 5333 1173 5405 πρὸς
1201 5335 1295 5405 τὴν
1329 5329 1394 5384 D.
1510 5331 1567 5405 ’°_
1599 5328 2027 5405 Ἀδριανουπόλει
2078 5335 2141 5398 D,

742 5402 1035 5476 ἐπιγνόντες
1067 5400 1132 5461 D.
1246 5403 1295 5438 ⁸⁸
1331 5407 1420 5455 xui
1446 5433 1514 5442 —
1546 5400 1949 5478 ἀποστερήσειεν
1975 5420 2096 5460 om.
2123 5407 2186 5460 D.

2173 4973 2233 5048 ³οῨ
2275 4973 2680 5048 κατωρθωκότα]
2730 4982 2882 5028 τούτο
2964 4972 3022 5028 δε
3061 4978 3117 5048 τό
3176 4981 3272 5035 τῆς
3336 4972 3650 5048 Ἰξζουρουλω
3713 4973 3773 5026 ού

2207 5117 2260 5194 εξ
2294 5118 2438 5194 ,Ἐπεὶ
2465 5150 2536 5159 —-
2563 5124 2802 5194 φρόνημα
2831 5134 2952 5194 qm.
2987 5121 3049 5173 D.

1449 5187 1498 5264 "-
1523 5194 1638 5264 ταῖς
1662 5189 1957 5264 συνθήκαις
1987 5195 2078 5264 τού
2109 5185 2371 5264 βασιλέως
2411 5177 2800 5264 φανεὶς’τρόπον
2852 5188 3018 5250 ἐζήτει
3065 5185 3138 5242 δι’
3195 5189 3257 5242 οὗ
3291 5177 3350 5242 τὸ
3395 5177 3684 5262 ’θυγάτριον
3737 5197 3830 5242 τοῦ
3887 5177 4128 5261 συζύγου

2230 5262 2274 5296 ⁸⁷
2315 5264 2488 5324 ἔθνους
2517 5294 2588 5303 -
2614 5262 2887 5335 Ῥωμαίοις
2913 5278 3032 5317 om.
3079 5265 3141 5317 D.

2257 5335 2301 5368 ⁹¹
2335 5339 2425 5388 καὶ
2482 5337 2547 5388 τὰ
2573 5367 2644 5376 —
2677 5335 2906 5407 σύζυγον
2947 5349 3067 5390 om.
3120 5336 3184 5389 D.

2519 4811 2710 4887 ἐφορῶν
2741 4817 2830 4863 καὶ
2861 4815 3114 4885 τιμωρίαν
3161 4809 3364 4882 ἐπάγων
3396 4810 3482 4882 [p.
3540 4809 3655 4881 92.]
3702 4816 3814 4873 τοῖς
3864 4814 3986 4872 τούς
4040 4811 4128 4882 ὁρ-

3882 4993 3970 5027 ετα
4021 4994 4126 5026 πο-

3093 5047 3140 5082 ⁸²
3203 5045 3572 5118 συνταξάμενοι
3631 5047 3656 5097 ὁ
3695 5045 3996 5118 μὲν-Ἀσὰν
4055 5047 4128 5106 εἰς

3167 5119 3336 5191 ειῌτῷ
3387 5115 3608 5191 γάμϐρῷ
3677 5115 3972 5189 Βαλδουίνῳ
4029 5123 4129 5176 τὴν

2461 5049 2699 5099 ὁ-καὶ
2748 5063 2867 5102 om.
2914 5050 2978 5102 Ι).

3256 5263 3311 5336 ⁸⁸7
3334 5263 3422 5336 γὼς
3441 5294 3512 5303 -
3536 5265 3825 5336 πράσχματα
3875 5278 3998 5318 om.
4050 5265 4124 5318 D.

3301 5335 3348 5368 9³
3402 5337 3449 5387 οἱ
3509 5331 3594 5387 οὖν
3647 5331 3886 5406 βασιλεῖς
3944 5339 4129 5388 καὶτοι

1637 5565 1978 5634 Theodori
2030 5567 2282 5636 Dousa:
2332 5577 2398 5635 et
2443 5566 2696 5636 Leonis
2748 5568 2980 5636 Allatii
3029 5576 3232 5637 notas.

811 5732 920 5804 (68)
951 5729 1206 5805 Ἐφημεν.
1247 5731 1388 5804 Cap.
1417 5731 1511 5788 31.
1550 5733 1681 5786 ALL.
