4470 6452
277 422 406 477 1061
1782 415 2042 471 ANNALI

1878 415 2123 471 NALES.
3508 415 3642 469 1062

272 563 397 606 κους
453 542 841 618 παραϐαίνουσι
913 545 1003 593 καὶ
1050 542 1140 600 τὰς
1191 541 1468 603 συνθήκας,
1515 541 1575 600 ἀς
1626 539 1709 590 ἐπὶ
1765 548 1878 609 Θεῴ
1916 539 2037 609 Ajl

1875 568 1878 584 ›
1916 543 1963 594 Α
1986 537 2378 609 jurisjurandi
2409 541 2463 593 et
2488 536 2782 592 fcederum
2842 542 2955 591 sub
2991 540 3133 591 teste
3182 537 3302 592 Deo
3360 537 3640 593 initorum

272 636 504 707 μάρτυρι
560 636 968 697 συνεστήσαντο,
1022 626 1352 685 διαλύουσιν.
1389 628 1448 680 Ὀ
1496 632 1583 699 μὲν
1609 624 1695 680 οὖν
1724 628 1877 680 Βούλ-
1991 642 2037 680 v:

1991 625 2385 681 violatoribus
2427 624 2657 693 inﬂigit.
2700 648 2725 673 ››
2763 624 2875 680 Sed
2932 624 3225 695 Bulgarus
3255 630 3492 694 recepta
3523 624 3644 679 tilia

271 742 435 795 γαρος
467 723 516 756 ³³
553 726 645 779 τὴν
678 722 939 791 θυγατέρα
994 717 1159 770 λαϐὼν
1211 722 1401 788 ᾤχετο,
1460 722 1579 777 τούς
1608 717 1881 788 ἑπομένους
1991 715 2036 769 al

1878 737 1881 773 ;
1991 714 2442 777 abiit,omnibus
2455 730 2588 768 eam
2603 713 2989 785 sequentibus
3003 713 3278 767 recessim
3309 714 3424 785 58
3437 714 3643 769 cedere

275 810 407 881 αύτῇ
464 813 655 869 πάντας
693 808 1121 881 ὀπισθορμήτους
1160 811 1405 869 ποιήσας,
1444 811 1532 857 καὶ
1578 810 1664 857 τὸν
1713 806 1881 876 Αἷμον
1991 819 2040 858 Ο(

1879 829 1881 842 ι
1991 803 2230 872 coactis,
2291 818 2360 858 ac
2448 805 2719 857 [tremum
2794 807 3253 873 praetergressus
3321 802 3644 857 'l‘rinobum

276 893 464 958 διαϐὰς
495 897 686 970 ἐχώρει
740 895 824 948 ἐπὶ
876 899 965 947 τόν
1016 894 1281 968 Τρίνοϐον,
1342 894 1626 954 κλαιούσης
1669 896 1758 965 μεν
1788 900 1884 953 τῆς
1992 908 2041 948 c(

1877 913 1884 953 ;
1992 891 2409 948 contendebat.
2446 893 2592 947 Cum
2617 890 3090 962 illacrymaretur
3110 890 3233 946 ﬁlia
3254 891 3642 962 ejularetques

274 986 435 1037 αὑτοῦ
514 988 773 1058 θυγατρὸς
838 989 927 1036 καὶ
997 983 1397 1057 ὀλοφυρομένης,
1481 986 1568 1034 καὶ
1638 984 1884 1054 πενθερᾶς
1993 996 2039 1036 st

1881 1002 1884 1039 :
1993 996 2237 1052 sequea
2290 996 2482 1047 socro,
2531 981 2906 1052 imperatrice
2963 980 3148 1046 lrene,
3182 985 3360 1051 atque
3390 981 3646 1051 conjuge

271 1080 362 1127 καὶ
394 1071 673 1147 βασιλίδος
713 1074 936 1148 Εἰρήνης
961 1092 1050 1124 και
1104 1080 1195 1124 τοῦ
1242 1071 1476 1142 συζύγου
1532 1070 1643 1135 λίαν
1692 1068 1885 1123 ἕποδυ-
1994 1086 2036 1124 st

1883 1104 1885 1109 τ
1994 1074 2335 1142 separatam
2357 1085 2485 1124 esse
2520 1069 2697 1123 anxie
2761 1084 2829 1123 ac
2855 1068 3111 1123 nimium
3141 1068 3450 1133 indoleret,
3484 1068 3648 1126 fama

270 1168 492 1238 ρομένης
520 1166 606 1215 τόν
639 1167 915 1235 χωρισμόν
944 1162 1013 1229 9⁵,
1042 1162 1124 1212 ὅτε
1156 1179 1284 1232 φασι
1333 1164 1420 1211 τόν
1466 1159 1626 1211 Ἀσὰν
1656 1160 1885 1234 προσλα-
1994 1175 2035 1214 e:

1878 1190 1885 1198 -
1994 1165 2080 1214 est
2107 1163 2374 1213 Asanum
2405 1173 2541 1213 eam
2564 1163 2699 1213 ante
2726 1157 2966 1229 suiequi
2990 1157 3267 1227 sagulum
3298 1156 3643 1223 collocasse,

274 1251 485 1323 ϐόμενον
566 1251 728 1308 αύτὴν
794 1259 885 1311 τῆς
943 1250 1102 1301 αὐτοῦ
1195 1245 1496 1321 ἐφεστρίδος
1598 1250 1886 1323 ἔμπροσθεν
1994 1246 2039 1301 d

1880 1270 1886 1293 ι
1994 1246 2316 1318 digitisque
2348 1246 2407 1301 in
2434 1246 2648 1301 faciem
2670 1245 3057 1317 percussisse,
3089 1245 3383 1301 minatum
3414 1246 3645 1313 acriter,

273 1338 583 1392 ἐπικαθίσαι
618 1343 708 1390 καὶ
743 1339 793 1374 9⁸
823 1338 989 1408 τύψαι
1026 1340 1161 1389 κατὰ
1190 1336 1381 1410 κόρρης
1437 1344 1546 1398 τοῖς
1604 1334 1887 1400 δακτύλοις
1992 1351 2038 1390 [1⁴

1881 1360 1887 1399 ;
1992 1335 2055 1391 ni
2086 1335 2319 1391 silentio
2340 1340 2579 1406 raptum
2606 1333 2801 1402 ferret,
2833 1350 2894 1389 se
2919 1334 2980 1388 in
3008 1350 3141 1390 eam
3169 1334 3377 1391 omnia
3397 1350 3534 1407 quae
3565 1334 3646 1390 illi

273 1433 364 1480 καὶ
420 1427 770 1487 ἐπαπειλοῦσαι
826 1424 1024 1493 δεινῶς,
1104 1427 1146 1478 εἰ
1201 1430 1272 1497 μὴ
1314 1434 1437 1497 σιγῇ
1492 1430 1630 1499 φέρει
1688 1427 1788 1479 ὅσα
1838 1429 1887 1479 οἱ
1994 1442 2033 1497 p

1201 1430 1272 1497 μὴ
1314 1434 1437 1497 σιγῇ
1492 1430 1630 1499 φέρει
1688 1427 1788 1479 ὅσα
1838 1429 1887 1479 οἱ
1994 1424 2215 1497 probro
2254 1428 2455 1479 essent
2492 1427 2932 1479 exsecuturum.

280 1513 376 1569 διὰ
404 1516 598 1589 βουλῆς
628 1516 768 1568 ἐστιν
791 1513 868 1568 ἐπ’
904 1515 1034 1573 αύτῆ
1071 1511 1472 1589 διαπράξασθαι
1511 1516 1582 1572 ’7.

348 1604 432 1661 λε’.
495 1605 619 1658 Κατ’
672 1604 831 1657 έκεῖνο
892 1612 1080 1677 καιροῦ
1115 1607 1292 1655 καὶτὸ
1344 1612 1444 1655 τῶν
1500 1606 1704 1656 Σκυθῶν
1772 1605 1883 1674 (69)
2067 1607 2113 1661 33

1881 1635 1883 1650 ι
2067 1607 2153 1661 35.
2190 1603 2300 1658 Per
2330 1602 2491 1658 idem
2514 1605 2752 1674 tempus
2781 1602 3137 1675 Scytharum
3167 1617 3313 1673 gens
3345 1602 3423 1659 ab
3440 1618 3646 1659 excur-

273 1698 443 1766 γένος,
517 1702 615 1745 τῶν
673 1695 954 1767 Ταρτάρων
1021 1692 1141 1764 (70)
1195 1689 1641 1764 καταδραμόντων
1695 1692 1883 1757 αὐτῶν,
1996 1692 2038 1748 si

1879 1735 1883 1752 ι
1996 1691 2289 1757 sionibus,
2307 1690 2632 1747 latrociniis
2646 1707 2715 1747 ac
2728 1694 3106 1747 Tartarorum
3121 1691 3387 1747 caedibus
3398 1691 3644 1763 reliqua,

272 1785 462 1837 ὀπόσοι
491 1786 549 1835 τὸ
582 1782 719 1854 ξίφος
776 1785 977 1834 ἐκείνων
1011 1780 1272 1853 ἐξέφυγον,
1324 1779 1503 1841 ἀσκοῖς
1548 1784 1635 1833 τόν
1682 1781 1886 1857 Ἴστρον
1996 1799 2037 1838 c1

1879 1804 1886 1827 ν
1996 1799 2133 1838 cum
2150 1780 2282 1837 ﬁliis
2306 1786 2362 1837 et
2384 1781 2698 1852 uxoribus,
2724 1782 2989 1851 Bulgaris
3010 1781 3644 1853 licetreclamantibus,

275 1869 663 1946 διαπεράσατες
689 1874 884 1932 τέκνοις
936 1871 984 1906 ³⁸
1034 1870 1145 1943 ἅμα
1195 1875 1285 1922 καὶ
1339 1870 1565 1941 γυναιξὶ,
1614 1876 1701 1923 καὶ
1740 1869 1884 1923 ἀκόν-
1920 1892 1957 1944 Β
1995 1887 2040 1928 c1

1883 1892 1957 1944 ‘3
1995 1887 2137 1928 cum
2210 1871 2527 1925 innumera
2613 1874 2768 1926 esset
2816 1869 3158 1935 multitudo,
3222 1869 3457 1925 utribus
3508 1873 3648 1927 Istro

272 1981 375 2014 των
428 1961 728 2034 Βουλγάρων
802 1960 1010 2033 (πολλαὶ
1080 1963 1178 2036 γὰρ
1263 1961 1506 2034 ὑπῆρχον
1570 1960 1888 2032 χιλιοστύες)
1996 1976 2037 2016 St

1885 1982 1888 2010 ι
1996 1964 2295 2031 superato,
2335 1959 2689 2015 Macedoniae
2714 1958 2848 2015 loca
2893 1964 3301 2032 occuparunt:
3359 1958 3460 2015 alii
3495 1960 3650 2017 circa

273 2054 396 2112 τούς
446 2060 537 2110 τῆς
584 2046 909 2110 Μακεδονίας
965 2055 1172 2123 χώρους
1225 2047 1522 2111 κατελαϐον,
1584 2050 1750 2121 οἱμὲν
1770 2054 1888 2121 περὶ
1998 2053 2038 2105 H

1885 2091 1888 2100 ,
1998 2050 2253 2105 Hebrum
2275 2054 2331 2105 et
2352 2054 2619 2121 aequatas
2638 2049 2765 2119 agri
2790 2048 3063 2121 planities
3085 2047 3273 2104 victus
3295 2049 3410 2105 sibi
3430 2065 3650 2122 suppe-

273 2142 361 2192 τὸν
391 2138 576 2214 Ἕϐρον
616 2143 705 2191 καὶ
749 2140 815 2190 τὰ
858 2136 1022 2191 ἐκεῖσε
1079 2134 1241 2191 πεδία
1291 2140 1385 2198 τὰς
1436 2141 1593 2210 νομὰς
1645 2141 1887 2209 ποιούμε-
1995 2138 2034 2195 (1

1995 2138 2208 2208 ditant,
2267 2138 2365 2194 alii
2414 2139 2475 2193 in
2526 2138 2659 2194 loca
2705 2137 3005 2205 inferiora,
3056 2143 3113 2194 et
3169 2139 3422 2194 ﬂuvium
3468 2155 3652 2210 quem

274 2231 454 2298 νοι,οἱ
486 2225 545 2282 δε
576 2232 693 2303 περὶ
732 2230 797 2279 τὰ
844 2232 1119 2300 κατωτέρω
1178 2232 1308 2300 μέρη
1364 2231 1453 2279 καὶ
1509 2232 1595 2279 τόν
1653 2230 1887 2299 ποταμὸν
1996 2244 2039 2284 οι

1996 2229 2338 2285 communis
2384 2227 2613 2297 lingua,
2664 2233 2729 2283 ut
2758 2227 3043 2297 diximus,
3089 2229 3388 2284 Maritzam
3438 2244 3652 2285 vocare

276 2318 333 2370 ὃν
377 2320 406 2376 ἠ
462 2314 643 2389 χύδην
701 2318 897 2391 ῥέουσα
946 2317 1169 2389 γλῶττα,
1227 2318 1459 2389 καθάπερ
1516 2318 1725 2389 ἔφημεν,
1780 2323 1888 2368 Μα-
1997 2335 2041 2373 ε(

1997 2317 2162 2387 solet,
2191 2317 2558 2385 deferuntur,
2593 2316 2821 2372 Hebrus
2870 2332 3133 2389 namque
3173 2334 3235 2373 re
3297 2322 3355 2373 et
3411 2318 3653 2374 nomine

276 2407 464 2480 ρίτζαν
488 2406 854 2478 κατονομάζει.
890 2410 993 2459 Καὶ
1037 2409 1138 2479 γαρ
1172 2408 1311 2458 ἔστιν
1368 2408 1436 2467 ὡς
1468 2403 1666 2466 ἀληθῶς
1702 2404 1889 2479 Ἕϐρος
1997 2423 2036 2462 ιι

1887 2426 1889 2461 ;
1997 2422 2189 2478 usque
2214 2407 2492 2462 Haemum
2508 2406 2779 2471 excurrit,
2820 2405 3079 2478 indeque
3100 2407 3161 2461 in
3192 2406 3467 2477 Egaeum
3495 2406 3652 2480 pela-

278 2501 447 2570 μέχρι
493 2502 582 2548 καὶ
635 2504 724 2555 τῆς
782 2498 950 2568 Αἵμου
1000 2498 1086 2565 (α)
1117 2497 1211 2556 τὰς
1266 2491 1532 2568 ἐκδρομὰς
1563 2498 1887 2567 ποιούμενος,
1998 2512 2043 2567 g'

1998 2512 2109 2567 gus
2133 2495 2537 2561 inﬂuit.0uod
2568 2511 2708 2551 vero
2739 2495 2798 2550 in
2827 2512 2966 2551 eum
3006 2496 3104 2552 alii
3131 2496 3295 2551 ﬂuvii
3315 2496 3656 2569 ingrediun-

277 2587 514 2638 κάκεῖθεν
597 2584 682 2637 ἰπὶ
753 2588 813 2637 τό
866 2584 1083 2655 Αἰγαῖον
1140 2584 1324 2659 ὶκρέων
1382 2584 1625 2656 πέλαγος.
1684 2585 1765 2637 ὅτι
1832 2582 1891 2638 δὲ
2000 2591 2042 2641 tl

2000 2591 2094 2641 tur
2137 2590 2193 2641 et
2230 2586 2557 2641 auctiorem
2596 2584 2875 2650 reddunt,
2907 2585 3156 2640 nomina
3183 2584 3546 2652 accolarum,
3575 2585 3657 2642 uti

283 2672 647 2746 συμϐάλλουσι
704 2675 872 2744 τούτῳ
926 2680 1015 2725 καὶ
1068 2676 1230 2747 ἕτεροι
1294 2679 1521 2746 ποταμοὶ
1581 2678 1670 2726 καὶ
1728 2678 1891 2746 μείζω
2002 2691 2048 2730 St

2002 2691 2132 2730 sese
2159 2673 2436 2739 oﬂerunt,
2459 2672 2670 2728 induit.
2698 2672 3000 2744 Diripuere
3038 2674 3240 2745 itaque
3289 2675 3496 2730 omnia
3520 2690 3656 2746 quae

278 2770 547 2828 ποιοῦσιν,
579 2761 868 2814 ἔναλλάττει
902 2770 1011 2825 τοίς
1061 2770 1380 2835 παροικοῦσι
1428 2768 1518 2815 καὶ
1568 2765 1796 2835 τοῦνομα
1819 2766 1887 2818 99.
2001 2764 2043 2818 ix

2001 2764 2063 2818 in
2116 2762 2463 2819 Macedonia
2537 2767 2726 2829 erant,
2788 2762 2942 2818 adeo
2991 2767 3052 2818 ut
3095 2763 3348 2818 minimo
3394 2770 3658 2835 tempore

282 2850 522 2911 Ἐλὰῐξον
550 2847 636 2903 οὖν
666 2854 733 2903 τὰ
756 2850 806 2903 ἐν
833 2848 1135 2923 Μακεδονίᾳ
1163 2854 1352 2918 πάντα,
1403 2856 1492 2904 καὶ
1545 2856 1609 2912 ὡς
1644 2852 1691 2903 ἐν
1738 2852 1892 2923 ὀλίγῳ
2003 2870 2041 2909 u

2003 2853 2283 2909 universa
2304 2851 2631 2907 cultoribus
2659 2850 2912 2923 spoliata
2925 2852 3315 2923 desolaretur,
3345 2854 3660 2924 etScytha-

284 2942 456 3015 ἔρημα
508 2943 677 2993 πάντα
729 2949 829 2991 τῶν
894 2940 1180 3013 οἰκητόρων
1237 2939 1511 3008 ἐποίησαν,
1566 2946 1655 2993 καὶ
1689 2944 1894 2993 Σκυθῶν
2001 2959 2049 2999 rt

2001 2959 2137 2999 rum
2174 2942 2288 3014 59
2321 2940 2599 3006 solitudo,
2627 2945 2690 2996 ut
2710 2940 3028 3013 proverbio
3050 2942 3283 3009 dicitur,
3307 2941 3659 2998 efﬁceretur.

284 3028 509 3103 ἐρημίαν
558 3032 637 3100 (τὸ
692 3038 787 3091 τῆς
844 3036 1132 3103 παροιμίας
1195 3030 1345 3105 ἐρεῖν)
1412 3032 1801 3104 ἀπειργάσαντο
1852 3032 1894 3100 ί,
2005 3034 2048 3088 Ο

2005 3030 2317 3103 Oppidulis
2382 3030 2523 3086 item
2566 3036 2745 3102 captu
2813 3030 3087 3086 facilibus
3140 3030 3297 3087 bello
3361 3047 3483 3087 non
3532 3033 3661 3090 sine

283 3124 377 3170 καὶ
427 3118 711 3191 πολιχνίων
762 3115 820 3171 δὲ
851 3120 1022 3171 ὁπόσα
1059 3121 1304 3193 ὑπῆρχον
1352 3118 1641 3191 εύχείρωτα
1692 3119 1896 3191 πολέμῳ
2006 3137 2048 3176 n

2006 3119 2335 3176 multorum
2382 3126 2577 3190 strage
2626 3119 2793 3191 potiti
2842 3125 3020 3175 sunt:
3052 3121 3275 3192 rapinis
3313 3137 3381 3177 ac
3412 3121 3663 3193 popula-

284 3211 656 3280 περιεγένοντο.
753 3213 853 3261 Καὶ
933 3207 1222 3281 ἐφονεύοντο
1299 3212 1389 3280 μὲν
1465 3208 1663 3276 πολλοὶ,
1737 3207 1896 3261 ἐσκυ-
1928 3250 1968 3307 C
2007 3209 2049 3265 ti

1928 3250 1968 3307 Ο
2007 3208 2271 3265 tionibus
2300 3209 2509 3264 omnia
2538 3212 2770 3265 vastata
2813 3208 2956 3277 ;viri
2988 3209 3049 3264 in
3090 3210 3433 3265 servitutem
3472 3211 3664 3267 abacti

284 3294 492 3349 λεύοντο
528 3292 587 3349 δὲ
639 3297 825 3357 πάντες
878 3304 969 3350 καὶ
1024 3297 1453 3371 ᾑχμαλωτίζοντο
1507 3303 1596 3350 καὶ
1645 3296 1897 3371 ἀπημπο-
1930 3292 1968 3307 υ
2008 3298 2049 3354 ίι

1930 3292 1968 3307 ν
2008 3298 2069 3354 in
2095 3296 2428 3368 majoribus
2459 3296 2736 3365 urbibus,
2758 3297 3165 3371 Adrianopoli,
3191 3298 3663 3371 Didymotcecho,

284 3384 468 3438 λοῦντο
519 3383 567 3437 ἐν
614 3392 725 3446 τοῖς
774 3387 1013 3458 μείζοσιν
1062 3388 1297 3453 ἄστεσιν,
1351 3387 1455 3438 οἷον
1503 3394 1565 3458 τῇ
1622 3389 1643 3421 ²
1686 3383 1893 3461 Ἀδρια-
1998 3386 2049 3441 ’Β

1998 3386 2203 3458 'Bizya,
2254 3385 2590 3458 Calliupoli,
2644 3390 2700 3442 et
2749 3385 2800 3441 si
2828 3402 2966 3458 quae
3008 3388 3125 3443 alia
3175 3392 3300 3444 erat
3350 3404 3666 3444 murorum

363 3475 412 3510 9‘
434 3477 583 3549 ἔσται
616 3477 743 3549 est);
772 3479 1022 3549 τιμωρός,
1057 3477 1215 3549 Καὶ
1243 3474 1533 3549 ἰξούλγαρος
1566 3478 1631 3531 D.
1711 3477 1759 3511 9⁵
1806 3480 1895 3528 καὶ
1924 3476 2266 3549 πενθερᾶς-
2296 3479 2575 3549 χωρισμόν
2607 3490 2727 3531 om.
2762 3476 2824 3529 Ι).
2904 3476 2951 3511 ⁹⁶
2976 3483 3070 3537 τῆς
3100 3507 3172 3516 ——
3200 3480 3288 3529 καὶ
3316 3492 3440 3532 om.
3560 3546 3575 3549 _
3617 3476 3663 3511 ⁸⁷

289 3544 429 3598 εἰ-
462 3542 998 3623 διαπράξασθάιοὶη.
1030 3549 1095 3623 D.
1131 3546 1219 3623 _r"
1248 3542 1657 3623 διαπεράσαντες
1688 3551 1781 3623 καί
1825 3550 1914 3599 τόν
1957 3542 2121 3623 ᾼῖμον
2154 3542 2616 3623 ὑπερπηδήσαντες
2672 3550 2866 3607 τέκνοις
2924 3549 2987 3602 D.
3022 3549 3113 3623 _9°
3167 3553 3285 3621 περὶ
3332 3551 3420 3600 τόν
3484 3546 3668 3623 Ἕϐρον

288 3648 363 3659 —
390 3615 643 3691 τοῦνομα]
676 3636 793 3691 περι
825 3622 918 3677 τὴν
948 3618 1221 3693 Μαρίτξαν
1252 3618 1316 3674 D.
1397 3615 1416 3653 ¹’
1446 3622 1536 3670 καὶ
1565 3621 1635 3680 ὡς
1659 3650 1731 3659 -
1760 3615 2053 3692 ἀπειργάσα

1397 3615 1416 3653 ¹’
1446 3622 1536 3670 καὶ
1565 3621 1635 3680 ὡς
1659 3650 1731 3659 -
1760 3615 2145 3692 ἀπειργάσαντο
2175 3615 2301 3675 om.
2342 3621 2409 3675 D.
2484 3620 2505 3653 ³
2535 3624 2645 3679 τοῖς
2674 3649 2745 3659 -
2772 3625 2834 3691 τῇ
2868 3634 2990 3675 om.
3020 3621 3087 3674 D.

1194 3795 1537 3863 Theodori
1585 3795 1839 3865 Dousa:
1888 3806 1955 3863 et
2002 3795 2249 3865 Leonis
2294 3794 2533 3864 Allatii
2583 3803 2787 3863 notas.

367 3992 483 4063 (69)
502 3991 729 4065 Σκυθῶν.
750 3989 915 4065 Cum
944 3991 1208 4047 Joannes
1240 3992 1434 4065 Ducas
1461 4006 1660 4065 rerum
1689 3992 1880 4065 potire
2013 3991 2296 4065 idoneam
2328 3991 2439 4047 sibi
2464 3991 2762 4065 coloniam
2780 3994 3142 4064 quaerentes,
3166 3990 3376 4047 decem
3403 3992 3670 4051 millibus

294 4067 412 4129 tur,
439 4061 1100 4135 maximaAScytharum
1132 4062 1455 4135 multitudo
1487 4063 1566 4118 ab
1598 4061 1903 4135 Hyperbo-
2012 4063 2175 4119 haud
2201 4064 2531 4135 pauciores.
2568 4062 2649 4118 Ex
2681 4061 2958 4135 Gregora.
2993 4061 3129 4118 ALL.

294 4135 413 4191 reis
444 4132 640 4189 eﬂusa
665 4133 744 4189 ad
763 4132 1046 4205 Caspium
1067 4149 1232 4189 mare
1258 4133 1588 4200 descendit,
1613 4132 1671 4189 et
1690 4132 1905 4190 eorum
2088 4132 2215 4205 (70)
2255 4137 2332 4189 De
2380 4138 2760 4190 Tartarorum
2808 4132 3059 4190 colluvie
3103 4140 3160 4190 et
3196 4133 3475 4192 barbarie
3522 4137 3672 4193 varii

296 4206 452 4261 duce
472 4205 787 4277 Sitziscane
808 4204 1091 4277 defuncto
1108 4205 1212 4259 ﬁlii
1234 4206 1366 4277 ejus
1399 4205 1656 4277 Chalaus
1672 4206 1903 4261 etTele-
2014 4204 2189 4261 varia
2217 4206 2601 4277 scripserunt,
2644 4205 2973 4262 Haithonus
3002 4206 3348 4272 Armenius,
3376 4209 3436 4262 in
3472 4210 3675 4265 Orien-

295 4291 492 4349 puges
518 4276 809 4349 exercitus
830 4276 1385 4349 dividunt.Chalaus
1413 4276 1697 4349 Caspium
1729 4284 1784 4333 et
1816 4282 1902 4332 la-
2019 4276 3223 4349 tqliHisrtoi'z'a;MarcusPaulusVenetus,
3248 4279 3310 4332 in
3326 4280 3670 4349 Itinerario;

294 4346 531 4420 xartem
544 4346 796 4403 ﬂuvium
812 4347 887 4403 ad
913 4348 1409 4420 Septemtrionem
1430 4346 1774 4420 relinquens
1799 4364 1905 4420 per
2018 4347 2350 4420 Alexander
2362 4349 2689 4419 Gagninus,
2710 4349 2767 4404 in
2781 4350 3091 4405 Sarmatia
3103 4349 3424 4420 Europam,
3442 4346 3675 4407 etcomL

293 4418 653 4491 inferiorem
674 4420 870 4474 Asiam
898 4418 1243 4491 descendit;
1273 4418 1904 4491 Telepugeslimitibus
1939 4475 1977 4491 η
2018 4419 2218 4491 plures
2241 4419 2358 4475 alii.
2393 4418 2672 4475 omnium
2692 4420 3158 4475 luculentissime
3181 4418 3528 4476 Vincentius
3559 4423 3674 4478 Bel-

293 4490 533 4562 imperii
567 4490 660 4545 sui
691 4491 1024 4546 constitutis
1057 4490 1369 4545 meridiem
1401 4475 1612 4546 versus
1658 4492 1904 4547 Caucasi
1936 4475 1979 4528 Ῑ)
2018 4475 2316 4562 vacensis,
2375 4492 2436 4546 in
2495 4491 2657 4560 Spec.
2709 4493 2936 4547 Hister.
2979 4492 3081 4547 lib.
3129 4507 3270 4547 xxxx
3331 4475 3585 4548 etixxxu
3604 4475 3679 4550 ex

297 4561 718 4637 cacuminibus
745 4567 801 4616 et
820 4561 1103 4633 deinceps
1121 4562 1291 4637 mari
1307 4563 1542 4634 Caspio,
1565 4577 1670 4637 per
1688 4565 1906 4637 Massa-
2024 4564 2261 4637 Simone
2279 4561 2353 4617 de
2369 4564 2587 4637 Sancto
2605 4563 2887 4637 Quintino
2904 4569 2959 4619 et
2973 4565 3201 4619 Joanne
3213 4562 3287 4618 de
3301 4562 3675 4637 Planocarpi;

298 4632 1478 4706 getarumctSauromatarumregionem
1495 4632 1904 4706 proﬁciscitur,
2020 4633 2299 4705 quaedam
2332 4634 2513 4689 etiam
2543 4650 2616 4690 ex
2648 4634 2906 4690 Historia
2948 4637 3350 4690 Tartarorum.
3395 4638 3509 4691 Hos
3541 4632 3678 4692 Vin?-

299 4704 643 4785 subigitque
658 4708 865 4785 gentes
880 4719 1093 4785 omnes
1111 4721 1247 4785 ques
1278 4704 1605 4785 hlmotidem
1622 4705 1906 4785 paludem
2019 4704 2195 4785 eentii
2216 4710 2490 4785 auctores
2515 4711 2785 4785 secutum
2816 4706 2991 4785 video
3009 4710 3142 4785 ant.
3162 4706 3677 4785 _Bonf_inium_Re_r.

298 4780 358 4831 et
376 4775 622 4831 Tanaim
645 4776 1016 4831 accolebant.
1046 4775 1266 4848 Deinde
1291 4776 1472 4832 Tanai
1496 4775 1783 4848 superato
1806 4776 1910 4832 ad-
2024 4778 2247 4847 Ungar.
2283 4775 2496 4832 decad.
2530 4795 2587 4843 ιι,
2621 4776 2726 4834 lib.
2758 4792 2876 4837 vin.
2923 4776 3026 4832 ubi
3058 4777 3261 4832 statim
3309 4777 3370 4832 in
3408 4778 3576 4835 initio
3601 4779 3676 4835 de

296 4862 515 4922 versus
528 4849 851 4922 Europaeas
868 4853 1074 4922 gentes
1091 4847 1312 4922 multas
1327 4863 1411 4922 ac
1434 4849 1630 4922 varias
1649 4855 1705 4905 et
1722 4849 1910 4922 exiis-
2018 4848 2316 4903 mirandis
2347 4850 2725 4905 Tartarorum
2743 4848 3015 4922 moribus
3037 4848 3331 4922 nonnulla
3351 4852 3677 4922 praemittit,

300 4917 704 4992 dem__Scythis
726 4924 889 4992 ortas
910 4917 1203 4992 impetum
1226 4919 1552 4992 facit,_quae
1573 4920 1912 4992 impressio-
2023 4922 2400 4992 Ungarorum
2430 4926 2598 4992 gesta
2626 4936 2764 4992 cum
2794 4919 2939 4992 ipsis
2979 4919 3135 4992 bella
3156 4924 3291 4992 post
3307 4917 3680 4992 commemo-l

300 5006 381 5046 ne
419 4989 520 5046 illa
548 4989 1245 5062 perterritmdmutandas
1293 4990 1406 5046 sibi
1435 4989 1618 5046 sedes
1662 4989 1913 5048 censue-
2020 5000 2280 5048 raturus.
2312 4991 2431 5046 Illic
2462 4991 2617 5057 vide,
2652 4992 2700 5047 si
2726 4989 2977 5047 fortasse
3028 4989 3285 5048 ulla'tibi
3345 4991 3534 5049 libido
3594 4999 3684 5051 est

301 5069 473 5118 runt:
491 5060 686 5136 neque
703 5062 863 5117 enim
882 5060 995 5117 illis
1008 5063 1149 5118 satis
1162 5062 1395 5136 ﬁduciae
1410 5062 1488 5118 ad
1514 5064 1911 5136 resistendum
2022 5063 2427 5136 cognoscendi
2446 5062 2695 5136 bipedes
2724 5063 3148 5135 nequissimos,
3186 5064 3483 5124 homines.
3516 5070 3580 5121 ut
3603 5066 3685 5123 ita

304 5138 473 5207 erat,_
500 5133 605 5188 sed
641 5149 852 5207 omnes
894 5140 949 5188 et
980 5139 1183 5207 gentes
1223 5140 1279 5188 et
1308 5133 1487 5189 urbes
1534 5134 1915 5207 trepidabant
2021 5135 2242 5207 dicam,
2273 5150 2394 5190 non
2416 5133 2711 5205 homines,
2756 5133 2861 5207 aut
2882 5135 3080 5207 potius
3109 5150 3335 5207 magna
3361 5141 3528 5207 parte
3555 5137 3684 5193 bel-

304 5204 751 5279 etvelutspieae
774 5205 835 5259 in
861 5220 1001 5260 area
1018 5205 1381 5279 terebantur.
1429 5206 1593 5279 Unde
1614 5204 1671 5279 et
1688 5207 1747 5261 hi
1770 5209 1911 5279 Scy-
2020 5206 2172 5279 luas,
2200 5208 2262 5279 si
2284 5222 2438 5279 vera
2460 5212 2598 5279 sunt
2638 5204 2775 5278 qua:
2805 5204 2974 5279 de'iis
3026 5204 3573 5277 vulgo’traduntur
3605 5210 3685 5265 ab

305 5276 466 5352 thico
484 5275 639 5352 bello
661 5276 983 5352 desperato
1009 5276 1263 5352 pellibus
1281 5276 1455 5352 palea
1477 5277 1667 5349 plenis
1690 5294 1797 5349 pro
1824 5275 1913 5352 ra-
2023 5277 2137 5333 illis
2165 5278 2269 5350 qui
2300 5284 2403 5352 aut
2426 5278 2540 5350 ipsi
2563 5275 2801 5349 gentem
2833 5275 3258 5352 videruntfaut
3280 5295 3316 5335 a
3344 5279 3463 5336 ﬁde
3486 5280 3684 5352 dignis

307 5347 470 5404 tibus
504 5350 591 5403 usi
628 5347 1085 5423 cum’uxoribus
1113 5354 1169 5423 et
1194 5347 1394 5423 liberis
1426 5347 1637 5423 Istrum
1671 5347 1914 5406 transie-
2023 5365 2096 5407 ea
2123 5347 2259 5423 quae
2290 5347 2555 5407 referunt
2572 5347 2890 5423 accepere.
2921 5351 3136 5409 DOUSA.

303 5425 466 5487 runt,
491 5436 602 5476 nec
635 5419 803 5476 brevi
833 5424 1101 5492 tempore
1135 5421 1195 5475 in
1238 5420 1487 5477 Thracia
1534 5420 1913 5493 aberrarunt,

380 5592 472 5673 (al
496 5592 841 5673 Legendum
873 5597 960 5649 est
984 5601 1075 5673 τῆς
1098 5596 1273 5673 κλῖνον.
1294 5593 1704 5673 Hebrusenim
1724 5610 1847 5673 non
1870 5594 1947 5673 ad
1975 5594 2248 5673 Haemum
2278 5594 2427 5663 ﬂuit,
2465 5594 2572 5673 sed
2592 5594 3470 5673 abAeodescerldit,labitur-que
3490 5615 3688 5673 usque

308 5666 392 5739 ad
411 5668 623 5739 Agnum
650 5664 869 5739 urbem
901 5665 1055 5721 mari
1084 5668 1267 5735 Egeo
1302 5667 1666 5739 appositam,
1692 5673 1747 5723 et
1770 5668 1943 5738 juxta
1972 5682 2107 5723 eam
2133 5667 2194 5723 in
2228 5683 2397 5725 mare
2426 5669 2562 5725 exit.
2621 5668 2704 5725 Cf.
2768 5668 2920 5726 Frid.
2979 5668 3143 5727 Tafel
3164 5669 3227 5726 in
3259 5664 3689 5731 Dissertatione

311 5738 387 5795 de
423 5736 843 5795 Thessalonica
860 5739 1104 5811 ejusque
1132 5752 1302 5809 agro,
1334 5736 1613 5808 Berolini,
1642 5736 1798 5805 1839',
1839 5740 2049 5813 p.301.
2088 5741 2239 5796 Emr.
