4470 6452
821 435 954 489 1063

2094 429 2376 485 GEORGII
2405 428 2870 485 ACROPOLITIE

4045 444 4178 498 1064

817 555 1106 612 tutiorum
1131 556 1285 608 strue
1318 551 1687 608 circumdata
1718 555 1819 608 aut
1841 551 2244 608 habitantium
2275 552 2470 609 multi-
2508 557 2555 609 A

2414 552 2470 609 ti-
2508 553 2838 619 Ανουπόλει,
2897 562 2967 623 τῷ
3016 551 3399 630 Λιδυμοτοίχῳ
3469 562 3512 630 ³,
3570 571 3631 635 τῇ
3699 564 3886 637 Βιζύῃ,
3927 573 3989 637 τῇ
4052 564 4179 617 Καλ-

817 643 1022 700 tudine
1062 643 1479 714 circumsepta,
1506 640 1793 697 divenditi
1825 645 1981 697 sunt.

889 921 976 974 36.
1006 921 1152 974 Cum
1173 918 1302 973 hinc
1332 918 1411 974 ita
1440 917 1844 985 succederent,
1871 917 2056 974 Latini
2079 933 2321 991 quoque
2343 933 2471 990 per-

815 1012 995 1080 petuo
1051 1006 1111 1061 in
1141 1023 1252 1062 nos
1283 1006 1421 1062 odio
1439 1023 1508 1062 ac
1532 1008 1727 1062 furore
1758 1006 2134 1072 inﬂammati,
2153 1011 2206 1063 et
2229 1013 2472 1079 propter

815 1111 1000 1167 quam
1019 1095 1080 1150 in
1104 1111 1208 1151 eos
1230 1098 1488 1152 Joannes
1508 1096 1832 1168 imperator
1851 1101 1907 1151 et
1933 1101 2167 1152 Asanus
2193 1097 2470 1168 irruptio-

812 1199 953 1240 nem
970 1184 1252 1253 fecerant,
1271 1191 1327 1240 et
1345 1184 1584 1240 urbium
1608 1200 1677 1240 ac
1698 1185 2059 1257 oppidorum
2073 1185 2470 1257 privationem

815 1274 1007 1343 magis
1034 1289 1102 1329 ac
1128 1273 1319 1342 magis
1339 1273 1571 1339 infensi,
1606 1279 1813 1329 nostra
1831 1274 2218 1355 aggrediendi
2240 1289 2472 1345 nosque

813 1362 1194 1434 opprimendi
1207 1364 1583 1419 occasionem
1596 1363 2117 1434 quaerebantetad
2131 1364 2284 1419 vires
2298 1361 2475 1419 amis-

809 1467 915 1524 sas
941 1451 1365 1508 instaurandas
1392 1454 1535 1508 satis
1553 1452 1698 1506 illud
1729 1458 2246 1524 peropportunum
2274 1453 2472 1508 visum

813 1544 922 1595 est.
956 1541 1216 1595 Primum
1251 1540 1363 1595 sibi
1395 1547 1660 1596 Asanum
1689 1541 2027 1610 conciliant,
2055 1557 2192 1596 cum
2218 1558 2339 1614 quo
2370 1557 2472 1612 pa-

813 1646 941 1685 cem
967 1635 1341 1702 componunt
1367 1648 1378 1697 ;
1401 1631 1683 1702 deinceps
1705 1631 1956 1704 Scythas
1981 1631 2297 1700 barbaros,
2319 1648 2474 1688 erro-

812 1735 938 1788 nes,
960 1719 1307 1791 peregrinos
1322 1725 1378 1774 et
1400 1720 1666 1775 advenas
1687 1720 2068 1775 munusculis
2092 1721 2344 1790 exiguis,
2369 1723 2472 1776 sed

811 1807 1194 1864 uberioribus
1209 1808 1712 1881 promissionibus
1727 1809 1951 1865 illectos
1977 1809 2092 1865 sibi
2110 1809 2468 1875 adsciscunt,

813 1898 1314 1970 agendorumque
1340 1898 1453 1953 sibi
1479 1899 1674 1954 socios
1693 1899 1975 1970 allegant.
1995 1900 2136 1955 Hinc
2151 1901 2386 1969 magnis
2399 1917 2472 1956 ex
2504 1917 2542 1970 Β

815 1988 1049 2060 Scythis
1081 1993 1138 2044 et
1185 1987 1455 2058 Bulgaris
1493 1988 1886 2045 auxiliaribus
1922 1989 2106 2062 copiis
2145 1989 2470 2046 recollectis

812 2076 940 2133 Itali
957 2092 1078 2132 una
1099 2093 1311 2133 omnes
1329 2077 1505 2132 simul
1528 2077 1820 2134 adversus
1841 2080 2130 2134 Joannem
2153 2078 2473 2150 imperato-

811 2181 943 2222 rem
974 2167 1165 2222 aciem
1217 2167 1537 2222 instruunt.
1596 2171 1662 2223 Et
1709 2185 1845 2223 cum
1893 2183 2077 2240 prope
2117 2168 2471 2224 Tzurulense

811 2257 931 2328 60
946 2261 1210 2312 castrum
1225 2257 1560 2327 esset,vires
1575 2256 1649 2311 ad
1665 2257 1723 2311 id
1738 2257 2215 2329 oppugnandum
2232 2273 2475 2313 conver~

813 2351 962 2415 tunt,
986 2346 1201 2401 eodem
1224 2351 1427 2401 Asano
1456 2351 1748 2417 praesente
1773 2362 1910 2401 cum
1933 2351 2019 2402 tot
2041 2346 2295 2402 millenis
2331 2349 2470 2420 Scy-

810 2436 1052 2491 tharum
1080 2439 1135 2490 et
1163 2435 1556 2505 Bulgarorum
1581 2441 1636 2490 et
1657 2435 1869 2490 Italicis
1896 2435 2211 2492 machinis.
2240 2436 2471 2492 Tzuruli

811 2524 1084 2580 custodia
1103 2524 1435 2595 Nicephoro
1459 2524 1888 2593 Tarchaniotae,
1912 2525 2015 2596 qui
2038 2542 2068 2580 e
2089 2541 2302 2580 mensa
2333 2531 2472 2581 tunc

811 2619 938 2669 erat
969 2613 1366 2686 imperatoris,
1391 2613 1784 2685 postmodum
1814 2630 2074 2684 magnus
2105 2615 2471 2670 domesticus

811 2708 1045 2758 creatus
1066 2707 1174 2770 est,
1201 2703 1407 2772 magni
1425 2703 1739 2759 domestici
1768 2702 2089 2774 Palaaologi
2110 2719 2310 2773 gener,
2332 2720 2470 2760 cum

809 2793 1074 2865 primum
1097 2791 1253 2847 illius
1281 2792 1468 2848 ﬁliam
1510 2793 1750 2847 Mariam
1778 2791 1889 2846 sibi
1921 2793 2142 2864 nuptiis
2165 2793 2470 2862 adjunxis-

811 2885 915 2951 set,
951 2881 1030 2936 ab
1061 2880 1419 2952 imperatore
1450 2882 1678 2936 Joanne
1701 2880 2068 2936 demandata
2091 2880 2299 2937 fuerat.
2337 2885 2473 2940 Erat

808 2970 1203 3026 Tarchaniota
1245 2971 1415 3024 miles
1455 2975 1746 3041 praestans
1805 2975 1859 3025 et
1903 2971 2165 3042 optimus
2224 2971 2367 3039 dux,
2416 2976 2473 3030 et

809 3059 995 3115 divini
1013 3058 1271 3131 prmsidii
1295 3059 1619 3131 saepissime
1633 3059 1948 3131 particeps,
1980 3063 2039 3114 ut
2058 3060 2219 3115 exitu
2231 3060 2472 3133 ﬁneque

807 3164 1009 3203 rerum
1049 3152 1320 3220 patenter
1348 3148 1605 3203 innotuit
1647 3165 1658 3202 :
1694 3164 1959 3219 namque
2009 3165 2148 3204 eum
2200 3149 2469 3223 plerique

807 3237 1110 3309 aspirante
1133 3237 1324 3306 magis
1347 3236 1584 3292 fortuna
1600 3253 1692 3291 res
1716 3236 2023 3292 absolvere
2045 3253 2230 3309 quam
2252 3239 2468 3296 robore

2585 641 2844 694 λιουπόλει
2909 648 2998 695 καὶ
3055 647 3099 696 εἷ
3155 665 3207 696 τι
3264 647 3384 700 ἄλλο
3453 647 3512 707 ἦν
3565 656 3796 723 τείχεσιν
3828 653 4179 726 ἐρυμνοτέρως

2584 730 2930 804 ὠχυρωμένον
2984 737 3074 785 καὶ
3132 743 3204 806 τῷ
3273 736 3455 795 πλήθει
3534 749 3630 792 τῶν
3685 741 3959 794 οἰκούντων
4015 743 4180 814 ἠσφα-

2580 817 2819 890 λισμένον
2852 821 2893 873 ⁸.

2652 907 2759 963 λ3’.
2807 909 2944 962 Ἐπεὶ
2988 917 3113 982 γοῦν
3163 913 3298 964 οὕτω
3323 922 3488 967 ταῦτα
3549 917 3762 984 συνέϐη,
3796 921 3853 970 τὸ
3893 926 3992 970 τῶν
4025 923 4180 971 Λατί-

2580 1015 2676 1047 νων
2702 1001 2843 1067 γένος
2886 997 2964 1050 ἀεὶ
3007 1001 3126 1052 καθ’
3157 1003 3300 1073 ἡμῶν
3351 1010 3537 1076 μανίαν
3582 1011 3867 1081 τρέφοντες,
3927 1013 4017 1060 καὶ
4072 1014 4181 1079 χεῖ-

2581 1105 2668 1157 ρον
2737 1084 2794 1139 δὲ
2846 1084 3159 1150 διατεθέντες
3242 1087 3334 1144 διὰ
3381 1098 3473 1151 τὴν
3520 1098 3619 1170 πρὸ
3672 1104 3863 1170 μικροῦ
3911 1102 4180 1168 γενομένην

2584 1179 2736 1246 σφίσι
2765 1179 2909 1251 παρά
2939 1197 2992 1230 τε
3024 1186 3113 1230 τοῦ
3154 1178 3416 1251 βασιλέως
3456 1183 3691 1236 Ἰωάννου
3746 1189 3834 1236 καὶ
3885 1193 3979 1237 τοῦ
4022 1185 4181 1238 ’Δσὰν

2582 1261 2764 1335 ἔφοδον
2796 1272 2883 1318 καὶ
2908 1276 3003 1319 τῶν
3034 1277 3223 1341 χωρῶν
3249 1275 3337 1322 καὶ
3367 1280 3466 1322 τῶν
3513 1273 3793 1345 πολιχνίων
3847 1274 4014 1326 αὐτῶν
4078 1279 4182 1327 στέ·

2582 1372 2760 1425 ρησιν,
2811 1360 2992 1429 καιρὸν
3045 1357 3263 1419 ἐζήτουν
3324 1359 3779 1434 ἐπιχειρήσασθαι
3834 1365 3950 1416 καθ’
4018 1366 4181 1436 ἡμῶν,

2584 1445 2813 1516 εὑρόντες
2865 1454 2937 1516 τῷ
2991 1451 3104 1499 τότε
3158 1445 3459 1520 δυνάμενον,
3513 1455 3582 1512 ὡς
3643 1457 3821 1523 ᾤοντο,
3878 1458 3966 1511 τήν
4024 1455 4181 1511 ἧτταν

2582 1535 2787 1594 τούτοις
2840 1532 3280 1592 ἀνακαλέσασθαι.
3327 1545 3427 1591 Καὶ
3511 1549 3693 1616 πρῶτα
3745 1545 3833 1614 μὲν
3882 1546 3966 1594 τὸν
4022 1543 4180 1596 Ἀσὰν

2583 1621 2976 1690 ύποποιοῦνται,
3009 1630 3098 1677 xui
3119 1629 3284 1698 τούτῳ
3326 1630 3392 1679 ru
3441 1632 3571 1703 πρὸς
3629 1630 3833 1703 εἰρήνην
3861 1633 3880 1666 ⁵
3938 1629 4179 1684 σπένδον-

2582 1728 2669 1761 ται
2709 1732 2719 1742 ·
2746 1713 2920 1763 ἔπειτα
2953 1710 3011 1765 δὲ
3043 1718 3137 1765 σύν
3164 1715 3304 1785 αύτῷ
3334 1721 3423 1768 καὶ
3453 1722 3570 1779 τοὺς
3612 1721 3827 1786 Σκύθας,
3884 1718 4181 1795 βαρϐάρους

2582 1795 2775 1873 ἄνδρας
2834 1800 3028 1864 ἀλήτας
3077 1823 3132 1856 τε
3185 1809 3273 1856 καὶ
3330 1803 3616 1874 ἐπήλυδας,
3675 1815 3883 1882 μικροῖς
3929 1829 4041 1860 τισι
4080 1815 4185 1871 τοῖς

2582 1894 2913 1964 χαρίσμασι,
2973 1899 3312 1970 μακροτέραις
3372 1893 3431 1948 δέ
3481 1917 3539 1968 γε
3595 1905 3706 1958 ταῖς
3755 1901 4111 1970 ὑποσχέσεσιν
4162 1901 4183 1934 ⁸

2583 1979 2650 2039 εἰς
2708 1980 2917 2042 ἑαυτούς
2963 1983 3171 2036 ἕλκουσι
3216 1990 3304 2037 καὶ
3377 1988 3786 2060 συμπράκτορας
3862 1997 3960 2040 τῶν
4028 1992 4184 2060 ἔργων

2581 2077 2812 2124 ποιοῦσι.
2873 2077 2973 2123 Καὶ
3018 2069 3086 2130 δὴ
3137 2079 3452 2146 συμμαχίαν
3480 2079 3740 2134 τοσαύτην
3780 2079 3836 2129 ἔκ
3905 2097 3956 2129 τε
3981 2080 4185 2130 Σκυθῶν

2581 2164 2671 2211 καὶ
2730 2160 3033 2234 Βουλγάρων
3064 2163 3083 2196 ⁷
3118 2165 3513 2238 συνηθροικότες
3540 2168 3588 2218 οἱ
3623 2166 3808 2219 Ἰταλοὶ
3847 2168 4006 2239 ὁμόσε
4053 2169 4187 2219 κατά

2584 2256 2673 2300 τοῦ
2706 2247 2967 2320 βασιλέως
2997 2252 3234 2304 Ἰωάννου
3293 2261 3585 2326 χωροῦσιν.
3639 2252 3716 2328 [Ρ.
3778 2259 3870 2329 30]
3938 2257 4075 2309 Ἐπεὶ
4127 2253 4185 2309 δὲ

2586 2344 2763 2409 σφίσιν
2813 2342 2867 2390 ἐκ
2926 2348 3016 2392 τοῦ
3088 2338 3287 2413 σχεδόν
3329 2346 3388 2394 τὸ
3436 2351 3532 2405 τῆς
3586 2344 3916 2418 Τζονρουλοῡ
3969 2346 3990 2379 ⁸
4049 2346 4183 2397 οἶστυ

2583 2427 2856 2500 ἐτύγχανε,
2900 2430 3015 2481 κατ’
3062 2429 3252 2482 ἐκείνου
3302 2437 3396 2489 τὴν
3443 2435 3626 2504 μὰχην
3678 2436 3885 2502 ἑστῶσι,
3937 2440 4183 2508 παρόντος

2582 2519 3006 2591 αύτοπροσὼπως
3043 2521 3063 2554 ⁹
3103 2525 3192 2572 καὶ
3241 2529 3331 2572 τοῦ
3379 2523 3543 2574 Ἀσάν
3607 2526 3737 2595 μετά
3776 2527 4037 2576 τοσούτων
4093 2545 4182 2596 χι-

2581 2607 2855 2678 λιοστύων,
2892 2617 2991 2660 τῶν
3033 2611 3294 2661 Σκυθικῶν
3337 2615 3425 2662 καὶ
3464 2620 3561 2662 τῶν
3617 2613 3978 2688 Βουλγαρικῶν
4025 2633 4183 2687 στρα-

2580 2700 2863 2768 τευμάτων,
2902 2703 2991 2750 καὶ
3045 2707 3144 2750 τῶν
3203 2699 3466 2752 Ἰταλικῶν
3531 2705 3951 2775 μηχανημάτων,
3987 2703 4084 2755 Ἦν
4125 2700 4183 2755 δὲ

2579 2795 2668 2846 τῆς
2707 2787 3036 2862 Τζουρουλοῦ
3093 2790 3137 2823 ¹⁰
3186 2793 3279 2846 τὴν
3325 2792 3551 2863 φρουρὰν
3598 2793 3743 2866 παρὰ
3783 2800 3875 2843 τοῦ
3926 2790 4184 2862 βασιλέως

2579 2875 2818 2929 Ἰωάννου
2863 2873 3311 2949 προσδεδεγμένος
3349 2880 3806 2951 όΤαρχανειώτης
3863 2885 4183 2956 Νικηφόρος,

2582 2968 2635 3029 ὃς
2675 2971 2712 3003 ¹¹
2775 2967 2857 3020 ἐπὶ
2916 2976 3009 3029 τῆς
3059 2972 3320 3040 τραπέζης
3378 2970 3490 3037 (71)
3533 2978 3625 3021 τοῦ
3677 2968 3935 3042 βασιλέως
3973 2973 4185 3046 ὑπῆρχε

2579 3062 2713 3122 τότε,
2777 3061 2937 3129 μέγας
2998 3053 3056 3109 δὲ
3116 3053 3427 3129 δομέστικος
3479 3063 3753 3124 τετίμηται
3824 3063 4039 3133 ὕστερον
4114 3062 4180 3125 ¹²,

2579 3146 2809 3219 γαμϐρὸς
2842 3145 2899 3198 δὲ
2923 3144 2982 3205 ἦν
3012 3154 3102 3198 τοῦ
3152 3147 3376 3218 μεγάλου
3437 3144 3755 3220 δομεστίκου
3814 3157 3906 3202 τοῦ
3960 3149 4183 3202 Παλαιο-

2578 3236 2733 3307 λόγου
2767 3235 2848 3289 ἐπὶ
2881 3244 2940 3308 τῇ
2975 3241 3152 3312 πρώτη
3204 3236 3362 3288 αὑτοῦ
3422 3238 3643 3314 θυγατρὶ
3691 3244 3893 3314 Μαρίᾳ.
3923 3239 4019 3292 Ἦν
4049 3236 4107 3291 δε
4155 3240 4180 3290 ό

807 3302 1134 3381 θίωὶΙίῐειτί
1166 3302 1373 3397 peritia
1413 3325 1618 3380 hostes
1673 3342 1960 3397 superare
2011 3302 2466 3387 existimabant.
2500 3302 2540 3357 δ

2414 3333 2466 3387 ,t,
2500 3302 2540 3357 Ο
2577 3330 2978 3398 Ταρχανειώτης
3015 3302 3023 3312 ’
3057 3330 3147 3377 καὶ
3227 3333 3555 3398 στρατιώτης
3589 3302 3598 3314 Ι
3635 3302 3792 3390 καλός
3844 3302 3930 3380 καὶ
3985 3328 4179 3400 ἀγαθὸς

806 3416 1132 3487 Postquam
1165 3419 1426 3470 castrum
1451 3414 1685 3469 amilitc
1699 3415 2170 3487 circumseptum
2183 3420 2287 3487 est,
2312 3418 2466 3473 arie-

805 3510 893 3560 tes
928 3509 1344 3576 tormentaque
1390 3503 1547 3559 Italis
1601 3504 1847 3560 adfuere
1887 3504 2078 3561 multa
2136 3509 2191 3562 et
2243 3507 2463 3575 valida,

804 3592 1026 3665 quibus
1048 3607 1171 3648 non
1197 3593 1311 3648 hoc
1334 3592 1530 3648 solum
1555 3593 1660 3648 sed
1685 3593 1923 3649 altiores
1962 3593 2143 3650 etiam
2175 3612 2381 3652 muros
2412 3600 2469 3653 et

801 3682 1166 3754 ingentiores
1191 3683 1371 3738 urbes
1397 3688 1714 3755 quassatas
1737 3684 2085 3742 diruissent.
2117 3688 2278 3741 Tunc
2310 3687 2468 3756 cogi»

802 3772 1056 3830 tationes
1070 3787 1324 3842 magnas
1336 3772 1462 3828 etin
1479 3771 1702 3828 bellicis
1716 3772 2106 3846 disponendis
2117 3775 2468 3832 industriam

803 3876 926 3917 una
965 3877 1103 3916 cum
1137 3861 1333 3926 sociis,
1368 3861 1472 3933 qui
1512 3877 1543 3916 e
1584 3877 1796 3916 mensa
1835 3865 1979 3927 erat,
2042 3862 2300 3918 dilucide
2325 3865 2467 3920 satis

801 3950 1256 4007 demonstravit.
1283 3953 1499 4005 Verum
1525 3954 1715 4006 totum
1743 3950 1804 4005 id
1837 3950 2053 4007 divinae
2075 3953 2176 4023 opi
2206 3953 2465 4010 tribuen-

799 4039 949 4096 dum
975 4044 1084 4096 est.
1121 4043 1268 4096 Nam
1311 4039 1706 4096 Tarchaniota
1734 4040 1794 4095 in
1826 4045 2103 4098 externas
2145 4043 2460 4100 machinas

800 4131 948 4188 alias
978 4132 1105 4203 ipse
1136 4130 1620 4197 machinabatur,
1646 4135 1701 4185 et
1723 4135 1900 4185 tantae
1920 4132 2233 4203 copiarum
2255 4133 2459 4189 multi-

797 4221 991 4277 tudini
1007 4220 1192 4276 robur
1214 4236 1283 4276 ac
1304 4221 1576 4275 animum
1623 4236 1761 4292 quae
1787 4220 1847 4275 in
1879 4222 2181 4278 immensa
2203 4222 2457 4279 militum

795 4311 1175 4368 multitudine
1189 4311 1431 4383 reperiri
1449 4315 1719 4382 possent,
1739 4311 2041 4382 opposuit.
2057 4313 2190 4367 llth
2209 4313 2455 4369 anxium

796 4419 868 4459 ac
899 4402 1219 4457 sollicitum
1232 4400 2307 4474 habebantJoannemimperatorem,
2333 4419 2455 4459 non

795 4496 1030 4549 tantum
1070 4492 1144 4547 de
1179 4496 1378 4547 castro
1419 4492 1956 4563 pertimescentem,
1990 4492 2094 4546 sed
2162 4496 2455 4565 tanquam

795 4597 1037 4638 summo
1058 4580 1301 4650 ingenio
1322 4583 1377 4635 et
1399 4579 1721 4652 prudentia
1740 4578 1955 4635 bellica
1985 4580 2306 4653 praeditum
2333 4583 2445 4653 61

2580 3419 2868 3490 στρατηγὸς
2955 3415 3020 3481 ¹³,
3076 3418 3166 3466 καὶ
3217 3415 3404 3476 πολλῆς
3480 3415 3814 3470 ἒπαπολαύων
3894 3425 3988 3479 τῆς
4040 3420 4183 3493 παρά

2580 3512 2712 3558 Θεοῦ
2770 3502 3104 3574 ἀντιληψεως,
3168 3506 3339 3567 καθὼς
3379 3509 3466 3557 καὶ
3518 3510 3682 3581 μέχρι
3730 3506 3906 3569 τέλους
3963 3507 4182 3579 ἐπέγνω-

2582 3614 2703 3647 arui
2732 3593 2966 3666 μάλιστα
3025 3615 3037 3627 ι
3091 3599 3179 3646 καὶ
3228 3597 3330 3670 γὰρ
3376 3591 3548 3648 ἐδόκει
3585 3605 3695 3657 τοῖς
3725 3596 3924 3657 πολλοῖς
3955 3597 4183 3669 εύτυχίᾳ

2577 3687 2986 3758 κατορθούμενος
3032 3687 3098 3736 τὰ
3143 3684 3306 3736 πολλά
3353 3686 3381 3744 ἡ
3435 3682 3688 3758 εὐανδρίᾳ
3747 3690 3833 3739 καὶ
3884 3693 4184 3762 στρατηγίᾳ

2577 3783 2673 3826 τῶν
2728 3773 2963 3826 ἐναντίων
3045 3779 3434 3848 περιγενόμενος
3487 3777 3548 3828 ¹⁴.
3603 3776 3748 3828 Ἐπεὶ
3794 3774 3853 3828 δὲ
3904 3786 3976 3847 τῷ
4031 3779 4181 3830 οῖστει

2575 3865 3014 3937 παρεκαθίσαντο,
3065 3865 3432 3936 μηχανήματά
3484 3883 3538 3917 τε
3610 3869 3700 3916 καὶ
3775 3865 4028 3928 ἑλεπόλεις
4075 3874 4182 3926 τοῖς

2575 3950 2790 4013 Ἰταλοῖς
2845 3952 3168 4024 ἐγεγόνεισαν
3220 3952 3408 4005 πολλαί
3464 3973 3518 4006 τε
3557 3960 3646 4007 καὶ
3702 3955 3947 4029 ἰσχυραὶ,
3993 3958 4062 4018 ὡς
4104 3961 4176 4029 μή

2571 4047 2723 4115 μόνον
2753 4038 3035 4099 τηλικοῦδε
3065 4043 3266 4104 ἄστεως
3293 4045 3656 4118 περιγενέσθαι
3691 4043 4004 4115 ἰσχύουσαι,
4054 4044 4181 4097 ἀλλὰ

2569 4137 2659 4185 καὶ
2710 4131 3037 4205 ὑψηλοτέρων
3089 4141 3280 4204 τειχῶν
3332 4138 3421 4185 καὶ
3476 4133 3914 4210 εύμεγεθεστέρων
3961 4135 4178 4205 πόλεων,

2565 4228 2682 4275 τότε
2711 4225 2769 4274 τό
2790 4229 3020 4294 γενναῖον
3070 4226 3310 4296 φρόνημα
3360 4226 3446 4273 xui
3505 4227 3599 4281 τὴν
3650 4229 4002 4300 στρατηγικὴν
4057 4225 4182 4295 μεθ-

2565 4307 2740 4365 οδείαν
2793 4314 2921 4384 μετά
2950 4319 3049 4363 τῶν
3094 4315 3186 4362 σύν
3219 4311 3357 4383 αύτῷ
3397 4313 3422 4363 ό
3480 4310 3564 4364 ἐπὶ
3621 4321 3711 4373 τῆς
3759 4317 4024 4387 τραπέζης
4050 4313 4181 4386 λαμ·

2563 4410 2706 4473 πρῶς
2735 4397 3043 4464 ἐνεδείξατο.
3085 4400 3180 4453 Ἦν
3231 4398 3290 4453 δὲ
3320 4405 3378 4453 τὸ
3411 4401 3523 4453 ὅλον
3553 4410 3648 4463 τῆς
3697 4410 3788 4455 τοῦ
3848 4411 3982 4456 Θεοῦ
4043 4402 4182 4455 ἀντι-

2563 4489 2772 4560 λήψεως
2806 4491 2920 4561 (72)
2951 4511 2962 4522 ·
2999 4489 3400 4562 ἀντεμηχανᾶτο
3446 4494 3547 4563 γὰρ
3591 4488 3736 4544 ἔνδον
3788 4493 3814 4543 ό
3841 4498 4184 4565 Ταρχανειώ-

2566 4601 2661 4643 της
2686 4587 2794 4641 τοῖς
2827 4580 3006 4643 ἔξωθεν
3038 4585 3446 4653 μηχανήμασιν,
3480 4587 3570 4634 xui
3601 4589 3663 4654 τῇ
3722 4586 3951 4657 τοσαύτη
3984 4583 4183 4642 πληθύι

794 4672 1223 4744 suspicantem,
1259 4669 1306 4724 si
1337 4672 1601 4725 castrum
1651 4668 1728 4724 ab
1782 4667 2061 4725 hostibus
2119 4675 2449 4741 caperetur,
2494 4657 2538 4711 ι)

2418 4686 2449 4739 .‘,
2494 4657 2538 4711 ι)
2566 4679 2659 4733 τῆς
2702 4677 2950 4744 στρατιᾶς
3006 4668 3311 4742 ἀντεπεξῆγε
3369 4674 3425 4723 τὸ
3473 4667 3720 4745 ἀνδρικὸν
3770 4671 3818 4724 ἐν
3873 4672 4183 4736 πολλοστοῖς

792 4775 1174 4834 quaecunque
1203 4759 1331 4831 ipse
1361 4758 1423 4813 in
1454 4757 1763 4814 occidente
1797 4758 2151 4830 possideret,
2201 4775 2453 4830 pessum

864 4851 887 4885 ³
925 4859 998 4936 τέ»
1040 4845 1436 4936 Διὸ¹υμοτοίχτςιζν
1455 4863 1578 4902 om.
1622 4848 1687 4903 D.
1767 4849 1787 4882 ⁴
1818 4852 1908 4900 καὶ
1961 4848 2005 4900 εἰ
2044 4880 2111 4935 -τ-
2159 4848 2579 4936 ἠσφαλισμέμον]
2610 4855 2700 4902 καὶ
2748 4857 2857 4910 τοῖς
2912 4849 3149 4936 μείζοσιν
3200 4850 3416 4936 ἄσπεσὲ
3463 4851 3526 4905 D.

1107 4924 1129 4958 ⁶
1156 4916 1436 4998 pexo-uid"
1468 4921 1828 4998 ὑποσχέσεσιν
1868 4922 1957 4998 _D._
2011 4921 2030 4954 ⁷
2165 4916 2579 4998 Boni-lupam;
2633 4938 2757 4998 om.

2312 4994 2337 5044 ὁ
2400 4993 2486 5059 Ι),’
2532 4994 2774 5050 omissis
2828 5001 2919 5046 τοῦ

792 4938 914 4979 om.
950 4908 1021 4980 ὑ.

792 4997 857 5051 D.
942 4996 986 5030 ιο
1013 4990 1245 5068 arma?"
1281 4990 1341 5044 δὲ
1362 4996 1455 5050 τὴν
1491 4990 1802 5068 Τζουρουλώ
1831 4993 1883 5068 -ὁ
1925 4994 2022 5068 D.__
2070 4993 2110 5027 ¹¹
2178 4991 2253 5068 ὃς]

2567 4762 2698 4832 ἄγαν
2738 4767 2849 4822 τοῖς
2888 4764 3236 4833 στρατιώταις
3279 4761 3344 4816 ¹⁵.
3402 4760 3484 4812 Ἐν
3538 4760 3822 4834 ἀμηχανίᾳ
3851 4758 3910 4814 δὲ
3933 4759 3992 4821 ἧν
4025 4765 4050 4814 ὁ
4083 4762 4182 4835 βα-

3607 4851 3645 4925 ⁵ῼ
3672 4853 3737 4902 τὰ
3798 4855 3925 4925 πρὸς
3968 4851 4180 4925 εἰρήνην

3519 4923 3540 4956 ⁹
3585 4921 3980 4995 αύτοπροσὼπω
3989 4921 4020 4985 ς’
4049 4940 4154 4979 om
4166 4967 4178 4980 .

3607 4996 3651 5028 ¹²
3705 4997 3862 5066 μέγας
3925 5027 3995 5036 -
4040 4996 4181 5048 ύστε

2810 4924 2872 4977 D.
2912 4921 2919 4922 ί
2952 4921 3333 4995 θᾷΤζουρουλῲ
3373 4921 3441 4974 D.

2976 4991 3236 5064 βασιλέως
3293 4994 3526 5066 ὑπῆρχε.

789 5071 900 5153 ρον]
930 5071 1020 5153 καὶ
1044 5060 1263 5141 ὔστερον
1285 5083 1450 5152 μέγας
1479 5060 1793 5153 δομεστικος
1830 5062 1898 5118 D.
1979 5064 2024 5099 ¹⁸
2054 5068 2144 5116 καὶ
2171 5060 2367 5136 ἀγαθὸς
2397 5069 2687 5139 στρατηγὸς
2711 5081 2833 5123 om.
2868 5065 2938 5121 D.
2976 5060 2984 5064 ”
3019 5066 3064 5100 ¹⁴
3093 5067 3268 5127 καθὼς
3321 5060 3815 5140 -’περιγενόμενός
3854 5082 3975 5125 om.
4007 5070 4050 5124 Ι)
4132 5069 4181 5103 ¹⁶

792 5137 1104 5210 ἀντεπεξῆγε
1126 5137 1196 5180 —'
1222 5141 1568 5211 στρατιώταις
1593 5151 1714 5192 om.
1751 5138 1815 5190 D.

1689 5223 2032 5292 Theodori
2081 5225 2333 5294 Dousae
2383 5236 2449 5294 et
2496 5227 2749 5295 Leonis
2799 5225 3035 5295 Allatii
3083 5234 3286 5295 notae.

864 5353 1062 5427 (7l)’0
1089 5354 1174 5407 ἐπὶ
1212 5360 1301 5414 τῆς
1327 5352 1618 5427 τραπέζης.
1669 5351 1935 5421 Dignitas
1987 5351 2047 5406 in
2095 5353 2457 5427 Byzantino-

790 5423 926 5486 rum
959 5423 1395 5499 imperatorum
1448 5423 1593 5499 aula
1645 5439 1764 5478 non
1787 5423 2326 5499 _postremo¥_loco_
2356 5425 2462 5499 ha-

789 5501 915 5558 bita
946 5494 1318 5569 est,'utapud
1343 5494 1760 5569 CurOpalatem
1786 5494 2066 5569 legimus.
2105 5495 2458 5569 Witichindo

790 5579 884 5630 est
903 5587 1120 5629 mensa:
1141 5567 1544 5635 ministrator,
1565 5567 1694 5639 aliis
1715 5568 1983 5636 dapifer.
2018 5568 2205 5632 Quem
2223 5567 2458 5639 dapife-

789 5649 957 5720 ratus
988 5644 1283 5720 honorem
1313 5655 1423 5720 _s_eu
1450 5638 1866 5720 praefecturam
1905 5655 2129 5720 mensae
2172 5638 2457 5720 jam’tu‘m

790 5718 905 5774 sub
925 5714 1283 5773 Contantino
1312 5710 1528 5781 Magno
1554 5711 1638 5767 ita
1667 5710 2002 5766 distributis
2025 5710 2240 5766 ofﬁciis
2281 5712 2453 5767 insti-

708 5824 711 5825 ν
789 5794 982 5850 tutam
1013 5792 1069 5846 et
1098 5785 1328 5843 Russite
1354 5783 1610 5857 principi
1635 5783 2036 5855 assignatam,
2067 5787 2133 5840 ut
2159 5783 2276 5841 alia
2301 5783 2454 5853 aliis,

2567 5356 2815 5428 testatur
2828 5352 3536 5428 NicephorusGregoras,
3551 5351 3776 5428 libqvu,
3803 5370 3938 5428 cap.
3956 5356 4008 5409 8.
4034 5355 4183 5410 Vide

2569 5427 2635 5482 V.
2655 5427 2714 5480 C.
2739 5424 3074 5506 Marquardi
3095 5424 3979 5506 FreheriQriginesfalatirigs,
4008 5432 4183 5506 parte

2568 5513 2606 5563 I,
2631 5512 2763 5568 cap.
2799 5495 3202 5552 15*renovatie
3234 5495 3599 5565 editionis,et
3624 5499 3858 5554 Meursii
3889 5495 4080 5556 Gloss.
4116 5499 4186 5554 in

2570 5574 2909 5640 Δομέστικος.
2945 5572 3162 5625 DOUSA.

2642 5639 3085 5715 (_72)_Tr‘2;_roo
3163 5647 3296 5693 Θεοῦ
3359 5639 3700 5713 ἀντιλήψεως.
3777 5645 3906 5698 Non
3980 5659 4180 5715 arma,

2569 5711 2674 5794 s_ed
2694 5713 2798 5794 Dei
2818 5713 3009 5794 gratia
3035 5716 3124 5794 est
3149 5728 3286 5794 quas
3327 5711 3577 5794 pugnat,
3620 5716 3929 5786 Gregoras,
3978 5732 4042 5789 p.
4082 5711 4180 5781 83',

2568 5785 2642 5841 de
2675 5784 2878 5842 Alexio
2901 5784 3337 5858 Strategopulo.
3364 5784 3500 5843 ALL.
