4470 6452
294 388 431 442 1065

294 508 465 571 σιλεύς
496 510 751 575 Ἰωάννης,
797 509 856 560 ού
913 516 1161 560 τοσοῦτον
1193 515 1293 559 τῶν
1348 506 1395 558 ἐν
1435 515 1506 576 τῷ
1558 508 1707 557 ἄστει
1738 506 1889 579 ὑπερ·
1921 507 1969 557 Α

294 607 547 669 αγωνιών,
591 598 696 649 ἀλλ’
759 600 801 633 ¹⁶
833 595 1004 665 εἰδὼς,
1038 599 1123 649 οἶα
1164 600 1394 667 ἐχέφρων
1431 602 1518 649 καὶ
1577 600 1782 655 συνετός
1826 596 1891 647 τὰ

293 688 515 760 πολέμια
555 689 621 754 ‘7,
675 691 739 748 ὡς
784 687 827 739 εἰ
895 691 952 739 τὸ
1003 690 1139 738 ἄστυ
1219 690 1360 759 παρα
1406 695 1505 737 τῶν
1558 686 1793 737 ἐναντίων
1852 687 1890 720 ιθ

295 776 458 847 ἁλῴη,
492 772 698 849 φροῦδα
733 778 901 828 πάντα
928 778 991 827 τὰ
1021 774 1069 827 έν
1090 783 1153 847 τῇ
1184 772 1335 827 δύσει
1365 778 1530 845 τούτῳ
1560 777 1895 845 τυγχάνοντα

296 869 547 937 γένοιντο.
576 870 713 925 Τέως
761 861 848 917 οὖν
902 866 1082 936 ἠγάπα
1137 864 1325 936 μᾶλλον
1384 862 1430 915 ἐν
1479 868 1645 935 τούτῳ
1702 863 1895 922 ἐπτοῆ-

302 956 427 1007 σθαι
452 958 571 1016 τούς
595 954 871 1026 πολεμίους
922 960 1011 1006 καὶ
1070 958 1126 1005 τὸ
1178 953 1307 1006 πολὺ
1346 961 1437 1013 τῆς
1476 955 1646 1027 ῥύμης
1715 958 1895 1024 σφίσιν

299 1041 742 1096 έναποκόπτεσθαι
794 1064 805 1075 ·
862 1042 1003 1115 ἔμελε
1038 1045 1140 1115 γὰρ
1196 1042 1337 1112 αύτῷ
1392 1041 1581 1113 μαλλον
1613 1045 1677 1094 τὰ
1724 1041 1774 1093 έν
1831 1048 1892 1112 τῇ

299 1133 385 1204 ἕῳ,
463 1134 530 1183 ὧν
608 1132 877 1207 ἑλευθέρων
950 1134 1291 1206 ὑπαρχόντων
1350 1141 1440 1192 τῆς
1501 1134 1685 1203 μάχης
1728 1131 1898 1183 πλεῖον

300 1222 445 1293 αύτῷ
468 1225 525 1273 τὸ
548 1229 644 1282 τῆς
696 1222 1014 1295 εὐφροσύνης
1052 1221 1213 1279 ὑπῆν.
1283 1220 1722 1293 Πολιορκουμένου
1775 1228 1899 1291 γοῦν

298 1319 394 1365 τοῦ
476 1312 671 1371 ἄστεως
750 1310 1079 1383 Τζουρουλού
1136 1314 1321 1381 αἰφνης
1364 1309 1509 1368 ἐπήει
1562 1316 1776 1382 μήνυμα
1826 1318 1898 1379 τῷ

303 1400 465 1453 Ἀσάν
486 1404 551 1460 ὡς
581 1402 609 1457 ἡ
665 1402 897 1470 σύζυγος
950 1401 1108 1451 αὐτοῦ
1147 1402 1177 1458 ἡ
1221 1399 1275 1461 ἐξ
1333 1403 1584 1473 Οὔγγρων
1614 1398 1666 1462 ἐξ
1698 1398 1900 1473 ἀνθρώ-

300 1510 411 1543 πων
455 1488 668 1560 έγένετο,
709 1488 1033 1545 τετελεύτηκε
1084 1486 1143 1541 δε
1186 1491 1319 1540 κατά
1362 1494 1518 1541 ταυτό
1559 1494 1647 1540 καὶ
1686 1486 1901 1540 παιδιον

301 1579 465 1631 αὐτοῦ
513 1583 604 1629 καί
671 1580 698 1630 6
745 1578 997 1647 Τρινόϐου
1059 1576 1366 1639 ἐπίσκοπος.
1433 1583 1723 1649 Θεομηνίαν
1782 1586 1904 1649 γοῦν

303 1669 635 1740 ἡγησάμενος
680 1674 848 1719 ταῦτα
884 1672 1012 1740 πυρὶ
1052 1665 1289 1739 ἀφανίζει
1344 1669 1435 1728 τὰς
1489 1666 1759 1734 ἑλεπόλεις,
1817 1674 1905 1719 καὶ

305 1759 376 1818 ὡς
401 1753 515 1828 εἶχε
545 1753 746 1829 δρόμου
800 1755 883 1809 έπὶ
921 1760 1008 1808 τὸν
1062 1755 1308 1829 Τρίνοϐον
1354 1758 1510 1810 ἵκετο.
1570 1762 1736 1809 Μόνοι
1781 1764 1906 1827 γοῦν

306 1844 727 1918 ἀπολελειμμένοι
748 1849 796 1897 οἱ
828 1845 1034 1910 Ἰταλοὶ,
1068 1844 1175 1898 ἐπεὶ
1224 1850 1294 1917 μὴ
1355 1844 1708 1917 ἀποχρώντως
1763 1844 1908 1918 εἶχον
1940 1874 1979 1929 Β

310 1935 384 1997 εἰς
430 1940 524 1993 τὴν
571 1943 665 1988 τού
712 1936 908 1997 ἄστεως
964 1935 1326 2007 πολιόρκησιν,
1382 1933 1608 1987 κάκεῖνοι
1645 1940 1739 1994 τὴν
1795 1936 1908 1987 κατ’

310 2025 478 2078 αὐτῶν
507 2028 691 2097 μάχην
720 2024 1005 2086 λελοιπότες
1035 2025 1085 2087 ές
1135 2029 1229 2083 τὴν
1286 2031 1677 2078 Κωνσταντίνου
1735 2030 1910 2097 ᾤχον-

309 2133 390 2169 το.
450 2113 797 2187 Ἠλευθέρωτο
868 2122 994 2185 γοῦν
1037 2117 1097 2166 τό
1171 2115 1306 2167 ἄστυ
1361 2123 1457 2175 τῆς
1516 2123 1616 2166 τῶν
1676 2115 1913 2167 ἐναντίων

312 2203 634 2277 πολιορκίας,
663 2209 754 2255 καὶ
794 2202 1207 2277 συνηλευθέρωτο
1253 2208 1344 2257 καὶ
1392 2206 1417 2255 6
1460 2203 1539 2256 ἐπὶ
1599 2213 1689 2264 τῆς
1731 2208 1916 2277 τραπέ-

316 2296 415 2355 ζης
468 2298 896 2365 Ταρχανειὼτης,
934 2298 1232 2367 Νικηφόρος
1288 2292 1337 2344 έν
1393 2296 1601 2356 τούτοις
1663 2296 1798 2345 κατὰ
1822 2298 1916 2352 τήν

311 2381 500 2441 κλῆσιν
528 2380 800 2455 ἀναφανεὶς
832 2385 899 2435 ¹⁹.
958 2381 1015 2433 Ὀ
1185 2378 1272 2434 οὖν
1304 2382 1485 2443 Ἀσαν,
1520 2379 1701 2441 ἐπειδὴ
1753 2385 1916 2455 τούτῳ

310 2473 378 2524 τὰ
402 2470 761 2546 προρρηθέντα
818 2470 1108 2545 ξυμϐέϐηκε
1165 2474 1374 2544 λυπηρά
1428 2473 1499 2540 ³0,
1558 2470 1782 2535 εὐσεϐῶς
1828 2477 1918 2524 καὶ

310 2560 455 2633 μάλα
504 2560 701 2622 οἰηθεὶς
757 2558 946 2622 ὡςδιά
991 2563 1059 2613 τὰ
1095 2560 1434 2637 παραϐασίας
1487 2570 1586 2613 τῶν
1638 2563 1802 2635 ὅρκων
1851 2559 1917 2613 ὧν

312 2652 447 2722 μετὰ
474 2658 568 2703 τοῦ
612 2648 867 2723 βασιλέως
908 2651 1143 2704 Ἰωάννου
1197 2651 1429 2713 ξυνέθετο
1480 2650 1560 2723 [Ρ.
1617 2650 1707 2723 3i]
1740 2654 1917 2703 καὶτὸ

316 2737 631 2793 ἀποσπάσαι
685 2745 780 2799 τὴν
857 2742 1114 2816 θυγατέρα
1165 2749 1258 2793 τού
1337 2741 1571 2811 συζύγου
1642 2736 1919 2812 Θεοδώρου

314 2833 474 2881 ταυτὶ
535 2833 783 2901 γένοιντο,
843 2830 1126 2903 μετάμελος
1204 2829 1287 2883 ἐπὶ
1369 2832 1574 2893 τούτοις
1653 2835 1921 2903 γενόμενος

316 2917 558 2992 πρέσϐεις
609 2918 978 2982 ἐξαπεστάλκει
1028 2922 1154 2991 πρὸς
1201 2922 1287 2971 τὸν
1359 2917 1600 2992 βασιλέα,
1652 2919 1830 2971 ἑαυτόν
1869 2939 1924 2972 τε

1800 381 2122 436 ANNALES

3526 387 3662 439 1066

1997 505 2169 559 itura.
2203 502 2617 559 Delectabatur
2648 504 2884 559 interim
2916 503 2975 559 in
3009 519 3080 559 eo
3114 506 3524 577 expugnando
3554 509 3661 564 ad-

1999 593 2295 649 versarios
2327 593 2633 661 retardari,
2655 610 2985 665 eorumque
3006 595 3380 667 potissimam
3404 597 3664 669 impetus

2000 688 2227 755 partem
2259 683 2552 751 confringi
2586 698 2764 738 :nam
2803 683 3193 739 orientalibus
3252 686 3431 741 rebus
3463 687 3663 758 potius

2001 771 2269 826 animum
2307 770 2674 837 advertebat,
2704 787 2858 843 quas
2893 788 3031 827 cum
3072 788 3107 828 a
3146 772 3303 828 bello
3358 774 3663 830 immunes

2003 861 2392 932 conspiceret,
2420 862 2610 929 magis
2633 864 2837 916 animo
2852 862 3161 929 gestiebat.
3186 864 3336 918 Dum
3350 863 3665 919 obsidetur

2004 948 2237 1004 Tzuruli
2267 952 2550 1013 castrum,
2583 951 2783 1005 Asano
2823 949 3143 1022 derepente
3176 954 3485 1010 nuntiatur
3514 968 3662 1009 uxo-

2005 1055 2130 1094 rem
2148 1040 2447 1107 Ungaram
2460 1038 2522 1093 in
2535 1038 2683 1093 vivis
2697 1054 2825 1095 esse
2840 1038 3336 1106 desiisse,eodem
3352 1046 3662 1098 momento

2007 1132 2063 1182 et
2083 1126 2333 1181 ﬁliolum
2380 1125 2567 1198 ipsius
2619 1131 2675 1181 et
2732 1127 2970 1183 Trinobi
3021 1129 3376 1202 episcopum
3407 1131 3663 1188 obiisse.

2009 1216 2147 1271 ldeo
2170 1215 2435 1271 Numinis
2463 1215 2615 1270 iram
2636 1220 2799 1271 ratus
2830 1222 3128 1274 tormenta
3145 1218 3281 1289 igne
3298 1225 3665 1287 concremet,

2008 1310 2267 1377 etquam
2293 1305 2577 1360 citissime
2608 1305 2934 1362 Trinobum
2982 1307 3154 1363 redit.
3190 1309 3370 1377 Igitur
3399 1310 3506 1365 soli
3542 1309 3669 1366 ltali

2010 1411 2146 1451 cum
2177 1394 2251 1449 ad
2271 1394 2676 1450 obsidendum
2691 1401 2951 1451 castrum
2972 1412 3042 1452 ex
3078 1413 3138 1453 se
3160 1413 3282 1453 non
3305 1398 3667 1469 sufﬁcerent,

2010 1500 2191 1557 quam
2206 1484 2265 1538 in
2280 1486 2574 1539 Romanos
2587 1487 3016 1541 constituerant
3030 1502 3291 1558 pugnam
3305 1489 3664 1556 dirimentes,

2013 1573 2242 1644 Cpolim
2270 1578 2840 1636 revertuntur,etarx
2862 1574 2958 1630 illa
2978 1576 3055 1631 ab
3068 1577 3328 1632 hostium
3349 1578 3664 1634 obsidione

2014 1662 2318 1718 liberatur.
2335 1662 2443 1726 Qui
2462 1678 2491 1717 e
2511 1678 2719 1719 mensa
2739 1669 2867 1719 erat
2890 1665 3283 1721 Tarchaniota
3302 1666 3671 1739 Nicephorus

2016 1752 2077 1807 in
2108 1751 2199 1806 bis
2226 1750 2564 1811 victoriam.
2589 1752 2755 1823 quod
2786 1753 2990 1825 utique
3022 1771 3199 1810 suum
3230 1771 3452 1812 nomen
3474 1756 3671 1826 infert,

2019 1841 2294 1912 adeptus.
2320 1846 2553 1896 Asanus
2575 1858 2718 1914 ergo
2732 1843 3039 1915 postdieta
3062 1844 3317 1903 adversa
3338 1860 3409 1901 ac
3430 1847 3678 1903 infortu-

2020 1937 2161 1987 nata
2172 1932 2269 2003 pie
2282 1931 2617 1987 admodum
2633 1932 2980 2004 concipiens
2994 1939 3238 2006 propter
3250 1935 3539 1992 violatum
3552 1938 3573 2008 j
3584 1953 3681 1992 us-

2016 2022 2539 2095 jurandum,quod
2553 2022 2895 2093 imperatori
2912 2024 3129 2079 Joanni
3154 2024 3682 2095 dederat,etﬁliam

2027 2129 2062 2169 a
2083 2114 2332 2170 thalami
2358 2115 2632 2168 consorte
2662 2112 2973 2169 Theodoro
2986 2118 3222 2185 raptam
3244 2114 3372 2171 haec
3401 2116 3686 2190 ﬁeri,poe-

2025 2203 2499 2259 nitentiaductus
2519 2201 2945 2257 caduceatores
2960 2202 3137 2259 mittit
3148 2203 3223 2258 ad
3237 2204 3685 2277 imperatorem,

2027 2293 2435 2365 semetipsum
2463 2290 2700 2346 sceleris
2747 2306 3042 2346 accusans
3097 2298 3154 2347 et
3174 2299 3352 2365 pacta
3380 2300 3680 2354 conventa

2024 2380 2832 2455 reposcens.deprecansque
2861 2382 2978 2451 62
3016 2380 3129 2437 sibi
3158 2384 3400 2440 veniam
3434 2384 3689 2457 ﬂagitio-

2026 2488 2158 2527 rum
2182 2475 2443 2528 Joannes
2475 2470 2802 2542 imperator
2858 2474 3144 2543 lreneque
3185 2472 3689 2545 imperatrix,tan-

2026 2578 2212 2634 quam
2226 2562 2330 2633 qui
2347 2561 2407 2615 in
2423 2561 2615 2628 magis
2629 2560 2727 2631 pia
2741 2575 2810 2615 ac
2825 2559 3020 2629 magis
3036 2560 3241 2617 divina
3256 2564 3687 2636 prospicerent,

2027 2652 2255 2722 legatos
2269 2650 2590 2721 excipiunt,
2606 2664 2717 2704 nec
2731 2648 2931 2704 verbis
2948 2664 3075 2704 rem
3088 2650 3445 2723 prolatando
3456 2670 3689 2711 rursum

2026 2742 2147 2813 jusj
2160 2738 2451 2795 urandum
2464 2737 3295 2812 comprobant,sponsamque
3310 2741 3580 2799 Helenam
3594 2759 3690 2799 re-

2030 2834 2260 2903 petunt,
2285 2844 2421 2900 qum
2450 2827 2527 2883 ad
2550 2842 2791 2883 socrum
2831 2830 2887 2883 et
2916 2827 3236 2900 conjugem
3276 2830 3448 2901 redit,
3481 2837 3538 2889 et
3575 2848 3698 2907 pax

2033 2920 2245 2975 iterum
2283 2917 2436 2972 inter
2462 2919 2763 2971 Romanos
2795 2920 2852 2971 et
2874 2916 3162 2986 Bulgaros
3189 2920 3516 2991 peragitur

318 3007 593 3070 έξουθενῶν
621 3018 718 3071 τῆς
736 3014 991 3070 κακίστης
1010 3009 1239 3082 πράξεως
1263 3012 1469 3070 καὶτὰς
1499 3010 1759 3070 συνθήκας
1800 3008 2209 3080 ἀνακαλούμενος
2235 3008 2276 3042 ²¹
2307 3011 2396 3058 καὶ
2430 3010 2743 3077 συγγνώμην
2766 3014 2865 3057 τῶν
2893 3011 3256 3080 πεπραγμένον
3286 3013 3591 3082 αἰτούμενος
3622 3013 3690 3066 ³⁸.

316 3095 387 3150 Ὀ
426 3101 515 3171 μὲν
555 3102 642 3151 οὖν
673 3097 915 3160 ϐασιλεὺς
943 3099 1179 3159 Ἰωάννης
1207 3103 1297 3151 καὶ
1326 3101 1356 3157 ἠ
1405 3096 1615 3171 βασιλὶς
1644 3104 1858 3175 Είρηνη,
1902 3106 1988 3151 οἶα
2016 3102 2197 3151 ἐκεῖνοι
2226 3099 2351 3171 πρὸς
2394 3097 2460 3146 τὰ
2499 3093 2837 3167 εὐσεϐέστερα
2876 3102 2964 3148 καὶ
3000 3097 3233 3171 θέιότερα
3264 3099 3313 3132 ²³
3346 3098 3704 3165 ἀπονεύοντες,

320 3191 571 3258 υέχονταί
625 3206 677 3240 τε
718 3192 812 3247 τὴν
859 3187 1162 3261 πρεσϐείαν,
1211 3192 1300 3240 καὶ
1342 3183 1468 3240 ούδε
1497 3192 1565 3249 είς
1596 3187 1829 3261 μακρούς
1859 3186 2080 3241 ἐλθόντεὶ
2109 3187 2292 3258 λόγους
2336 3188 2456 3247 τούς
2500 3203 2555 3237 τε
2585 3184 2767 3259 ὅρκους
2813 3189 2900 3236 καὶ
2944 3182 3097 3247 αὖθις
3139 3184 3367 3241 πεὸοῦσι
3398 3190 3447 3225 ³⁸
3477 3194 3567 3242 καὶ
3612 3195 3707 3249 τὴν

313 3276 522 3348 νύμφην
554 3274 757 3334 Ἑλένην
798 3275 1203 3332 ἀνακαλὸῡνται.
1246 3261 1644 3331 Ἀποστελλεται
1690 3285 1816 3350 γοῦν
1843 3277 1975 3336 αὕτη
2008 3280 2139 3351 πρὸς
2177 3294 2233 3328 τε
2269 3278 2357 3328 τὸν
2388 3280 2627 3347 πωτερόν
2679 3278 2769 3326 καὶ
2797 3278 2885 3327 τὸν
2926 3275 3177 3348 σύζυγον,
3210 3282 3300 3331 καὶ
3333 3284 3509 3352 ειρήνη
3542 3279 3706 3344 πάλιν

321 3368 481 3438 μέσον
505 3364 765 3438 Ῥωμαίων
792 3386 847 3420 τε
868 3371 960 3419 καὶ
989 3366 1293 3442 Βουλγάρων
1316 3367 1386 3419 ³⁵.

395 3454 492 3516 λζ’.
554 3455 613 3509 Ὀ
660 3460 752 3529 μὶν
808 3456 898 3509 οὖν
952 3465 1049 3519 τῆς
1089 3459 1324 3532 ἱστορίας
1379 3452 1572 3530 δρόμος
1619 3455 1691 3530 ἔφ’
1755 3455 1928 3532 ἑτέραν
1960 3455 1999 3511 C

319 3548 564 3619 τρέπεται
586 3551 681 3605 τὴν
702 3542 826 3599 ὁδὸν
850 3551 941 3599 καὶ
968 3550 1034 3599 τὰ
1080 3550 1199 3622 περὶ
1252 3553 1349 3598 τῶν
1387 3544 1437 3598 έν
1489 3554 1552 3619 τῇ
1608 3550 1931 3599 Κωνσταντί-

324 3653 416 3687 νου
447 3630 1179 3708 διασαφήσειοπολυσχιδῶς
1229 3636 1330 3710 γὰρ
1378 3639 1495 3688 τότε
1541 3644 1641 3687 τῶν
1688 3638 1933 3708 πραγμά-

324 3743 428 3777 των
456 3729 796 3798 κεκινημένων
829 3721 865 3778 δ
871 3728 926 3778 ιὰ
958 3728 1017 3778 τὸ
1042 3724 1382 3800 πολυαρχίαν
1431 3726 1480 3776 έν
1509 3732 1644 3778 πᾶσι
1668 3726 1928 3797 γενέσθαι,

326 3814 577 3877 ποικίλως
609 3810 903 3868 δεῖκαὶτὰ
946 3822 1038 3868 τοῦ
1080 3813 1239 3887 λόγου
1290 3816 1695 3889 στστρέφεσθαι.
1732 3815 1790 3867 Ὀ
1843 3818 1933 3887 μὶν

330 3900 421 3957 οὖν
466 3900 797 3973 Βαλδουῖνος,
828 3904 882 3957 ὃν
913 3905 939 3957 6
967 3905 1120 3977 λόγος
1151 3902 1470 3977 βασιλεῦσαι
1512 3912 1605 3965 τῆς
1663 3910 1934 3957 Κωνσταν-

328 3997 472 4048 τίνου
530 3998 835 4069 προείρηκεν
874 3996 945 4065 ³⁸,
989 3994 1284 4069 ἀπειρηκὼν
1338 3993 1389 4045 έν
1449 4002 1559 4054 ταῖς
1614 3998 1743 4066 πρός
1808 3992 1934 4047 Ῥω-

329 4088 521 4157 μαίους
550 4086 776 4158 μάχαις,
804 4084 993 4158 μᾶλλον
1034 4080 1093 4137 δε
1113 4091 1175 4157 τῇ
1205 4086 1336 4159 πρὸς
1385 4086 1472 4135 τὸν
1515 4082 1737 4156 βασιλέα
1766 4083 1935 4137 Ἰωάν-

330 4192 425 4231 νην
498 4172 819 4232 έναντιότητι
875 4173 950 4243 (ές
1018 4177 1203 4247 μικρὸν
1264 4176 1364 4247 γὰρ
1423 4175 1489 4225 τὰ
1544 4174 1735 4225 ἐκείνου
1792 4176 1937 4247 παρά

332 4262 896 4316 τούτου⁶συνέσταλται
925 4262 1018 4334 ³⁷),
1068 4266 1195 4336 πρὸς
1244 4265 1329 4315 τὸν
1371 4270 1471 4314 τῶν
1525 4264 1774 4337 Φράγκων
1806 4262 1935 4315 ἀπο-

334 4341 631 4418 δεδημήκει
678 4345 838 4419 ῥῆγα,
906 4347 1361 4419 προσῳκειωμένον
1423 4346 1592 4415 τούτῳ
1638 4345 1755 4395 καθ’
1806 4345 1939 4416 αἷμα

333 4436 394 4489 ού
426 4440 529 4509 μὴν
570 4434 698 4489 ἀλλὰ
751 4440 842 4489 καὶ
888 4436 954 4495 ὡς
1006 4433 1330 4507 ξυμφυλέτην
1384 4434 1517 4505 ἄγαν
1555 4452 1611 4485 τε
1666 4432 1940 4506 Ῥωμαίοις

335 4524 529 4602 ἐχθρὸν
558 4546 649 4579 και
688 4525 901 4600 βοηθεῖν
942 4521 1037 4577 διὰ
1073 4532 1239 4577 ταῦτα
1270 4524 1472 4596 ἕτοιμον
1498 4524 1566 4594 ²⁸,
1601 4528 1692 4576 καὶ
1726 4543 1937 4596 συμμα-

333 4620 464 4689 χίαν
496 4617 646 4677 ζητεῖ
673 4615 959 4689 ἀξιόλογον,
992 4620 1083 4667 καὶ
1112 4614 1451 4686 ἐπιτυγχάνει
1482 4620 1572 4666 τοῦ
1613 4615 1661 4649 ³⁸
1696 4622 1894 4666 σκοποῦ
1924 4635 1936 4647 ·

335 4710 427 4758 καὶ
456 4704 585 4759 ἕνού
613 4706 785 4779 πολλῳ
829 4710 1006 4781 χρόνῳ
1063 4704 1311 4768 ἑξήκοντα
1361 4699 1609 4775 χιλιάδες
1664 4706 1941 4778 συνηθροί-

340 4798 546 4855 σθησαν
604 4800 874 4872 Φράγκων,
934 4795 994 4849 ἵν’
1062 4797 1200 4856 ὅπως
1239 4796 1374 4848 κατά
1426 4793 1690 4867 Ῥωμαίων
1756 4799 1941 4870 χωρή-

341 4907 506 4941 σωσιν
535 4889 606 4943 ⁸ο.
646 4887 794 4945 Ἐπεὶ
833 4884 893 4941 δε
926 4886 1020 4941 ούκ
1050 4884 1111 4945 ἧν
1142 4887 1321 4948 αὐτοῖς
1368 4882 1625 4961 εὔδρομος
1673 4881 1768 4938 διὰ
1810 4894 1943 4945 νηῶν

339 4978 372 5037 ἡ
415 4974 561 5049 ὁδὸς,
587 4986 684 5042 τῆς
713 4978 991 5052 ἀναγωγῆς
1014 4978 1488 5053 προσαπαιτούσης
1536 4975 1695 5030 πλείω
1752 4979 1782 5034 ἤ
1812 4978 1947 5029 κατὰ

342 5061 567 5142 δύναμιν
628 5071 716 5122 τὸν
783 5069 974 5140 μισθὸν
1021 5068 1090 5133 δι,
1149 5074 1244 5128 τῆς
1312 5069 1515 5140 χέρσου
1585 5069 1679 5124 τὴν
1736 5070 1947 5141 πορείαν

337 5167 631 5216 ποιοῦνται.
679 5162 778 5213 Καὶ
833 5154 902 5217 δὴ
953 5160 1049 5219 τὰς
1104 5157 1210 5210 ἄνω
1260 5155 1683 5231 παραμείψαντες
1736 5155 1951 5218 Γαλλίας

413 5339 461 5376 ¹⁶
490 5341 548 5393 οὺ
580 5369 647 5381 -
679 5334 785 5390 ἀλλ’
818 5351 939 5407 om.
970 5337 1036 5407 Dr.
1116 5336 1161 5371 ¹⁷
1188 5331 1273 5387 οἶα
1301 5364 1367 5376 -
1402 5333 1629 5407 πολέμια
1655 5349 1778 5392 om.
1818 5336 1882 5390 D.

334 5429 460 5472 om.
492 5414 555 5468 E.
632 5412 681 5447 ²⁰
710 5405 890 5467 ἐπειδὴ
922 5439 991 5484 :—
1014 5406 1224 5484 λυπηρά
1245 5423 1369 5463 om.
1399 5406 1479 5484 AD.
1636 5410 1719 5458 καὶ
1748 5411 1846 5469 τὴς
1874 5412 2099 5484 κακίστη

1525 5405 1604 5484 ς²ξ
1636 5410 1719 5458 καὶ
1748 5411 1846 5469 τὴς
1874 5405 2132 5484 κακίστης
2157 5409 2391 5484 πράξεως
2412 5413 2514 5484 τὴν
2543 5405 2703 5467 ἧτταν
2734 5407 3163 5484 ἀξιακαλούμενος,
3190 5405 3260 5468 ’οί

1103 5475 1166 5514 ⁹³’
1194 5483 1241 5531 οί
1273 5486 1359 5531 οῦν
1388 5475 1628 5551 βασιλεῖς
1654 5483 1784 5554 πρὸς
1834 5482 1900 5532 τὰ
1940 5482 2172 5553 θειότερα
2198 5475 2271 5539 Ὀ.

333 5551 732 5625 ἀνακαλοῦνται,
772 5551 1154 5626 καὶᾲστέλλεται
1202 5554 1399 5626 αὐτοῖς,
1431 5556 1520 5604 καὶ
1551 5551 1727 5626 εἰρήνη
1760 5556 1951 5626 νίνεται
2010 5551 2167 5625 μέσον
2210 5556 2374 5606 αὐτῶν
2407 5556 2472 5609 D.

1815 5624 1862 5659 ’⁸
1897 5626 1962 5677 σύ
2004 5624 2059 5666 4
2106 5628 2309 5699 ἕτοιμον
2338 5641 2462 5683 om.
2496 5627 2561 5685 D.

333 5519 403 5528 —
434 5487 729 5558 αἰτούμενος
757 5498 879 5538 om.
936 5482 998 5558 Dr:

341 5628 545 5691 δουῖνος
576 5631 639 5686 D.
716 5623 760 5662 ’7
796 5624 986 5699 μᾶλλον
1016 5655 1085 5665 —
1126 5623 1469 5677 συνέσταλται
1508 5623 1630 5680 oni.
1670 5626 1738 5681 D.

347 5705 396 5741 so
424 5703 492 5757 ἶν’
524 5731 591 5747 ..-
622 5702 949 5776 χωρὴσωσιν
978 5712 1101 5765 om,
1136 5699 1204 5755 D.

566 5808 820 5867 PLTROL.
854 5807 957 5864 Gn.
978 5805 1129 5864 CXL.

2111 3457 2203 3510 37.
2248 3453 2362 3510 Sed
2400 3452 2661 3508 historim
2716 3452 2899 3508 series
2955 3452 3074 3510 alio
3112 3452 3392 3524 deﬂectit,
3452 3460 3510 3513 et
3562 3473 3701 3531 quas

2041 3541 2806 3613 Cpoliagebanturnarrare
2838 3543 3046 3611 gestit:
3082 3558 3349 3617 namque
3381 3561 3522 3602 cum
3556 3550 3702 3604 tunc

2040 3632 2328 3704 temporis
2354 3630 2434 3686 ob
2462 3629 2663 3686 varios
2693 3630 2921 3704 ubique
2960 3631 3333 3705 principatus
3377 3635 3440 3691 in
3481 3635 3702 3692 multas

2042 3720 2222 3776 etiam
2252 3725 2453 3792 partes
2473 3735 2569 3775 res
2607 3720 2813 3775 divisas
2858 3722 3247 3790 agitarentur,
3301 3724 3463 3781 varie
3521 3725 3704 3781 etiam

2043 3809 2329 3865 orationis
2390 3824 2609 3880 corpus
2642 3808 3152 3866 conformandum
3200 3814 3307 3867 est.
3375 3812 3701 3870 Balduinus

2042 3915 2226 3972 quem
2258 3915 2443 3972 supra
2462 3898 2653 3955 oratio
2676 3906 2881 3955 nostra
2902 3899 3068 3973 Cpoli
3100 3901 3429 3973 imperasse
3450 3903 3707 3960 demon-

2045 3994 2358 4058 straverat,
2386 3988 2466 4044 ob
2497 3987 2811 4045 conﬂictus
2842 4005 2987 4061 erga
3030 3993 3336 4048 Romanos
3393 3997 3449 4050 et
3477 3994 3715 4066 potissi-

2045 4095 2216 4135 mum
2238 4078 2482 4151 propter
2511 4078 2603 4133 sui
2633 4079 2707 4134 ad
2719 4079 3053 4135 versarium
3076 4082 3370 4138 Joannem
3390 4082 3714 4155 imperato-

2045 4168 2305 4240 rem,qui
2320 4168 2381 4223 in
2396 4172 2721 4237 angustum
2739 4168 3120 4224 dominatum
3136 4170 3291 4226 illius
3310 4176 3711 4241 contraxerat,

2046 4256 2326 4313 difﬁdens
2356 4273 2425 4312 ac
2439 4256 2617 4329 plane
2639 4257 2994 4329 desperans,
3013 4258 3093 4314 ad
3120 4262 3487 4317 Francorum
3511 4278 3717 4333 regem

2048 4347 2160 4403 sibi
2189 4345 2478 4402 afﬁnitate
2515 4346 2908 4417 conjunctum
2953 4352 3010 4402 et
3059 4349 3334 4419 ejusdem
3374 4352 3607 4421 generis
3658 4355 3716 4409 et

2048 4436 2334 4493 Romanis
2378 4436 2875 4506 infensissimum,
2924 4437 3183 4511 ideoque
3224 4442 3532 4513 suppetias
3563 4441 3717 4499 ferre

2048 4529 2352 4599 paratum,
2388 4524 2803 4596 proﬁciscitur,
2839 4542 3213 4599 operamque
3244 4528 3402 4585 illius
3432 4545 3543 4585 nec
3574 4546 3717 4587 con-

2050 4615 2441 4672 temnendam
2470 4615 2681 4687 poscit.
2710 4617 2793 4671 Fit
2813 4618 2934 4672 voti
2957 4632 3231 4689 compos,
3265 4626 3324 4675 et
3348 4619 3504 4677 intra
3532 4620 3718 4677 breve

2049 4710 2290 4778 tempus
2310 4708 2674 4761 Francorum
2689 4706 3002 4776 sexaginta
3021 4707 3227 4775 millia,
3253 4710 3392 4765 utin
3412 4712 3720 4767 Romanos

2050 4811 2222 4853 arma
2246 4800 2548 4868 caperent,
2571 4795 2723 4851 lecta
2750 4800 2909 4852 sunt.
2945 4798 3010 4851 Et
3040 4813 3181 4853 cum
3198 4799 3454 4870 navigiis
3474 4800 3575 4857 via
3606 4800 3721 4856 dif-

2052 4887 2225 4943 ﬁcilis
2249 4887 2759 4958 esset(largiorem
2790 4886 2950 4943 enim
2967 4888 3085 4960 63
3116 4905 3304 4962 quam
3335 4891 3452 4964 ipsi
3475 4907 3724 4965 possent

2067 4975 2251 5034 facere
2295 4977 2641 5049 impensam
2716 4976 2928 5033 similis
2988 4979 3291 5050 navigatio
3330 4982 3723 5054 postulabat),

2057 5066 2321 5125 terrestri
2345 5067 2551 5123 itinere
2604 5066 2762 5123 viam
2826 5067 3058 5138 ineunt,
3118 5071 3458 5143 superiores
3513 5071 3728 5130 Callias

2061 5156 2422 5229 trajicientes
2444 5172 2853 5230 percursaque
2885 5157 3054 5215 Italia
3074 5174 3181 5232 per
3200 5160 3434 5220 radices
3486 5162 3731 5236 Alpium

2038 5337 2182 5410 παρά
2212 5344 2310 5416 rei}:
2351 5334 2588 5416 ἐναντίων
2638 5350 2760 5416 om:
2792 5337 2856 5391 D.
2901 5407 2916 5416 _
2966 5338 3012 5416 ‘_9
3042 5344 3340 5416 Νικηφόρος
3366 5373 3433 5381 -
3464 5340 3735 5415 ἀναφανείς

3341 5416 3389 5449 ²²
3420 5420 3508 5467 καὶ
3542 5434 3706 5485 συγγν
3720 5454 3733 5469 .

3262 5487 3310 5521 ²⁵
3340 5489 3545 5559 νύμφην
3579 5488 3735 5559 αὐθις

2578 5555 2626 5589 ²⁶
2746 5573 2835 5626 μεν
2863 5550 2951 5605 οὖν
2972 5586 3044 5595 —-
3082 5550 3414 5632 προείρηκεν]
3453 5550 3481 5611 6
3513 5555 3572 5611 δε
3606 5557 3736 5611 Βαλ-

2654 5626 2704 5661 ²⁹
2735 5632 3049 5700 συμμαχίας
3082 5626 3322 5693 ζητήσας
3352 5626 3511 5705 ἐξυχε
3540 5638 3634 5684 τοῦ
3666 5631 3735 5689 D.

2376 5483 2424 5515 ²¹ο
2470 5487 2559 5534 καὶ
2583 5511 2656 5524 —
2684 5477 2909 5534 πεδοῦσι
2944 5477 3065 5538 om.
3120 5477 3183 5539 Ι).

3388 5813 3457 5870 34
