4470 6452
800 403 935 455 1067

796 523 1109 580 Ostricium
1130 522 1608 595 proficiscuntur,
1642 524 1696 575 et
1717 533 1822 590 per
1855 515 2173 585 Ungariam
2202 514 2446 569 commi-

793 616 1034 681 grantes
1064 614 1275 667 Istrum
1328 615 1584 677 tranant,
1626 613 1681 663 et
1722 605 1986 675 Bulgaris
2013 603 2444 669 immiscentur,

792 700 1079 756 omnibus
1110 705 1404 772 tanquam
1433 698 1641 757 amicis
1673 701 1730 752 et
1786 694 2069 751 afﬁnibus
2110 693 2237 761 usi;
2265 691 2370 763 qui
2392 695 2449 745 et

789 795 1035 862 propter
1064 792 1439 862 semetipsos,
1462 805 1572 845 nec
1603 787 1803 843 minus
1825 786 1884 840 in
1924 800 2034 839 nos
2066 781 2273 837 odium
2302 779 2447 835 ami-

788 879 1027 934 cissime
1055 894 1091 934 a
1118 878 1389 935 locorum
1428 877 1689 933 dominis
1729 873 2179 946 excipiebantur
2210 868 2445 939 Bulgari

785 966 1111 1024 foederibus
1137 984 1276 1024 cum
1298 967 1581 1024 Romanis
1599 964 1810 1038 spretis
1834 962 2174 1019 facultatem
2207 957 2443 1015 Francis

785 1055 976 1112 fecere
1007 1072 1111 1128 per
1138 1062 1429 1113 montana
1450 1072 1561 1111 sua
1580 1051 1951 1117 transeundi,
1979 1049 2153 1122 quasi
2179 1048 2231 1103 vi
2264 1051 2443 1118 atque

784 1143 1041 1201 factione
1074 1146 1265 1202 coacti
1291 1145 1618 1201 dedissent.
1652 1144 1744 1199 Sic
1775 1140 2005 1198 Tzuruli
2038 1154 2195 1194 arxa
2227 1135 2443 1192 Latinis

782 1235 1278 1306 oppugnantibus
1292 1250 1428 1289 cum
1450 1234 1810 1303 Scytharum
1829 1228 2221 1286 auxiliaribus
2255 1224 2442 1295 c0piis

780 1338 1024 1378 rursum
1046 1328 1442 1394 expugnatur.
1460 1325 1623 1378 Tunc
1638 1337 1773 1376 eam
1795 1316 2441 1375 custodiebatloannes

782 1411 1148 1483 Petraliphas
1184 1412 1392 1482 magni
1434 1410 1774 1466 cancellarii
1818 1407 2104 1477 dignitate
2152 1422 2187 1460 a
2215 1406 2440 1459 Joanne

782 1501 1141 1572 imperatore
1155 1500 1489 1567 decoratus,
1517 1500 1602 1555 vir
1621 1499 1899 1555 maximis
1923 1495 2188 1567 corporis
2214 1494 2439 1549 viribus

784 1594 841 1646 et
871 1606 906 1645 a
931 1605 1119 1662 puero
1167 1590 1521 1645 militaribus
1565 1588 1816 1658 negotiis
1846 1586 2134 1642 exercitus
2173 1600 2193 1638 .'
2230 1599 2438 1638 verum

780 1678 1121 1735 Latinarum
1152 1678 1462 1750 copiarum
1494 1677 1863 1733 abundantia
1881 1681 1937 1731 et
1957 1675 2273 1729 innumera
2305 1673 2442 1743 Scy-

780 1767 1019 1823 tharum
1060 1768 1146 1822 vis
1189 1772 1745 1838 tormentorumque
1775 1766 2034 1837 spissum
2077 1778 2146 1817 ac
2172 1759 2440 1816 validum

779 1857 939 1913 Italis
978 1856 1343 1912 deditionem
1384 1856 1635 1929 paravit.
1678 1855 1940 1911 Tradunt
1972 1850 2243 1907 nonnulli
2285 1849 2440 1904 clam

779 1946 1014 2018 aliquos
1034 1945 1427 2002 defectionem
1441 1945 2024 2016 meditatosideoque
2047 1940 2440 2014 improvisum

780 2036 1244 2107 expugnationis
1266 2036 1672 2108 pertimuisse.
1701 2034 1885 2090 Latini
1905 2034 2105 2104 itaque
2125 2028 2441 2086 Tzurulum

779 2142 1011 2198 cepere,
1029 2127 1154 2182 etin
1169 2142 1240 2183 ea
1258 2130 1561 2183 Romanos
1600 2125 2071 2197 comprehensos
2089 2139 2225 2178 cum
2252 2123 2440 2176 Petra-

777 2215 943 2288 lipha
971 2213 1090 2287 64
1111 2215 1361 2271 vinculis
1402 2215 1674 2286 alligatos
1701 2221 1758 2270 et
1787 2212 2016 2286 Cpolim
2047 2209 2444 2267 deductosfa-

778 2303 1114 2361 miliaribus
1145 2304 1559 2360 vendiderunt.
1595 2305 1746 2359 Dum
1765 2302 2139 2359 obsideretur
2177 2299 2253 2356 ab
2286 2298 2443 2355 italis

780 2391 1087 2461 Tzurulus,
1109 2395 1373 2450 Joannes
1394 2394 1724 2466 imperator
1756 2392 1954 2449 multis
1986 2389 2329 2447 triremibus
2358 2388 2442 2443 fa-

780 2480 1026 2537 bricatis
1052 2482 1387 2538 etexercitu
1426 2499 1548 2538 non
1594 2483 1811 2552 exiguo
1869 2497 2075 2536 secum
2143 2478 2442 2534 conducto

783 2569 960 2626 Italos
1013 2570 1492 2641 aggrediebatur.
1560 2576 1605 2625 A
1651 2569 1999 2626 Nicomedia
2041 2566 2356 2622 discedens
2388 2570 2443 2623 et

786 2659 1111 2715 Characem
1126 2666 1583 2732 praetergressus
1606 2660 1969 2731 Dacibyzam
1998 2662 2213 2730 praeter
2238 2671 2443 2728 exspe-

785 2749 1109 2804 ctationem
1138 2754 1560 2821 oppugnatam
1586 2750 1920 2821 occupavit.
1973 2751 2257 2802 Praeterea
2280 2752 2333 2800 et
2355 2744 2443 2801 Ni-

784 2838 981 2893 cetiati
1002 2838 1385 2894 castellumin
1408 2855 1581 2895 suam
1595 2842 1951 2910 potestatem
1979 2836 2223 2907 redegit.
2262 2833 2442 2890 infor-

782 2931 1029 2983 tunatus
1058 2927 1447 2983 nihilominus
1470 2929 1528 2983 in
1553 2927 1894 2983 triremibus
1925 2926 2054 2993 fuit,
2083 2942 2219 2980 cum
2249 2941 2353 2992 qui
2383 2924 2443 2978 in

781 3016 893 3072 illis
908 3016 1482 3085 conﬂigebantbello
1496 3016 1994 3088 essentinexperti
2010 3022 2188 3087 atque
2202 3014 2441 3081 insueti,

782 3110 840 3162 et
890 3106 1164 3178 lsphreus
1230 3106 1544 3162 Armenius
1603 3106 1778 3162 classi
1828 3111 2126 3177 praeesset,
2194 3105 2316 3160 cira
2347 3121 2442 3159 res

782 3194 1068 3250 militares
1100 3195 1253 3251 ultra
1273 3212 1461 3267 quam
1491 3211 1601 3267 par
1646 3201 1771 3250 erat
1818 3195 2076 3263 segnior.
2126 3200 2272 3248 Ante
2304 3210 2441 3249 eum
2474 3216 2516 3270 ο

784 3283 1019 3342 Manuel
1037 3285 1468 3357 Contophreus,
1493 3285 1580 3339 vir
1607 3300 1788 3340 manu
1822 3289 2058 3356 potens.
2092 3288 2244 3338 terra
2271 3283 2446 3338 mari-

784 3388 905 3445 que
930 3374 1171 3429 Martem
1204 3373 1459 3446 spirans,
1482 3374 1812 3429 triremium
1852 3377 1977 3428 erat
2018 3372 2385 3442 gubernator
2428 3389 2440 3427 :

788 3460 897 3517 sed
928 3478 1066 3517 cum
1086 3468 1224 3518 ante
1254 3478 1484 3533 paucos
1506 3462 1634 3518 dies
1660 3462 1734 3517 de
1757 3462 1947 3518 classe
1970 3462 2260 3517 audacior
2290 3460 2446 3516 illius

788 3568 927 3608 cum
953 3552 1315 3624 imperatore
1338 3553 1681 3623 congressio
1730 3552 1932 3607 fuisset
1975 3560 2264 3623 (namque
2286 3552 2445 3606 dixe-

788 3647 880 3698 rat
901 3641 1112 3697 ltalicis
1141 3642 1484 3698 triremibus
1510 3658 1824 3715 nunquam
1853 3641 2227 3708 nostra,licet
2256 3641 2445 3697 multo

787 3730 989 3804 plures
1004 3730 1271 3799 fuissent,
1296 3731 1579 3803 cumipse
1606 3731 1926 3787 ambarum
1950 3731 2264 3787 facultates
2289 3730 2442 3802 opti-

786 3836 885 3877 me
906 3826 1197 3883 nosceret,
1230 3821 1476 3876 obviare
1496 3821 1587 3876 vel
1626 3820 1914 3877 obsistere
1967 3822 2188 3893 posse),
2236 3819 2445 3893 praefe-

786 3913 956 3967 ctura
977 3909 1266 3982 spoliatus
1297 3914 1402 3977 est,
1428 3925 1615 3982 quam
1641 3910 1702 3965 in
1720 3925 1781 3966 se
1806 3910 2084 3982 lsphreus
2115 3914 2440 3981 receperat,

784 3999 963 4056 valde
987 3999 1333 4056 miseranda
1361 4001 1604 4056 victoria
1622 4006 1937 4072 superatus
1964 4017 1976 4055 :
2003 4016 2141 4054 cum
2164 3999 2323 4054 enim
2352 3998 2446 4054 tri-

786 4089 954 4160 ginta
978 4089 1245 4146 triremes
1284 4090 1725 4158 conduceret,a
1777 4089 2066 4146 tredecim
2110 4088 2445 4145 debellatus

787 4182 893 4245 est,
932 4184 1137 4251 totque
1167 4179 1241 4235 de
1265 4178 1387 4234 suis
1401 4186 1549 4252 quot
1572 4184 1741 4235 erant
1766 4178 2031 4235 hostium
2055 4178 2253 4233 amisit
2279 4195 2291 4233 :
2329 4178 2441 4234 sin-

786 4267 943 4338 gulae
982 4268 1144 4324 enim
1176 4268 1443 4339 singulas
1463 4285 1602 4325 cum
1624 4269 1767 4342 ipsis
1797 4267 2144 4325 hominibus
2175 4274 2232 4323 et
2259 4268 2445 4323 armis

786 4357 1045 4431 spolium
1059 4359 1177 4431 65
1194 4358 1538 4415 retulerunt.
1558 4359 1760 4414 Ethmc
1775 4358 2019 4430 quidem
2046 4357 2126 4413 ita
2140 4374 2201 4412 se
2218 4356 2447 4413 habue-

783 4463 869 4503 re.
886 4448 1216 4519 Imperator
1228 4463 1367 4502 vero
1380 4449 1637 4503 Joannes
1651 4464 1860 4502 rursus
1876 4463 2012 4502 cum
2028 4451 2224 4501 Asano
2240 4462 2444 4519 pacem

787 4534 1371 4608 sanxit,etaﬂinitate
1385 4536 1562 4593 ambo
1578 4536 2253 4593 vinciebantur.Asanus
2269 4551 2444 4607 quam
2480 4572 2524 4628 Β
2556 4542 2821 4613 ἡμέτεραι,

784 4627 875 4683 vis
888 4628 1044 4699 cumj
1058 4627 1179 4698 urej
1193 4627 1423 4683 urando
1436 4626 1664 4683 foedera
1681 4627 2008 4699 composita
2024 4642 2144 4682 non
2159 4626 2326 4681 nimis
2342 4642 2446 4680 an-

783 4718 878 4775 xie
892 4718 1549 4791 observaret,tanquam
1568 4718 1671 4790 qui
1689 4717 1779 4773 vel
1798 4718 2037 4773 minimo
2052 4716 2447 4773 emolumento

784 4806 897 4863 sibi
930 4807 1238 4879 proposito
1273 4807 1412 4878 jura
1442 4807 1710 4874 violaret,
1744 4808 1803 4863 in
1822 4812 2042 4878 aperto
2070 4811 2127 4861 et
2165 4805 2447 4861 simulate

782 4897 1112 4955 amicitiam
1129 4897 1386 4967 colebat,
1402 4901 1459 4954 et
1482 4914 1619 4972 quae
1632 4898 1967 4955 amicorum
1980 4901 2446 4969 erantexseque-

780 4988 985 5046 batur.

2114 390 2396 447 GEORGII
2416 388 2875 446 ACROPOLITAZ

4023 399 4154 452 l068

2484 519 2649 570 Ακαὶ
2682 511 2970 576 διελθόντες
3008 520 3101 572 τὴν
3166 514 3384 568 Ἰταλίαν
3444 512 3535 567 διὰ
3589 524 3687 568 τῶν
3739 519 4002 592 ὑπωρειῶν
4059 529 4153 570 τῶν

2558 600 2788 654 ’Ἄλπεων
2821 602 2889 664 εἰς
2930 607 2986 654 τό
3047 602 3341 676 Ὀστρίκιον
3401 602 3661 675 ἀφίκοντο,
3717 612 3805 658 xui
3859 614 3952 664 τὴν
4015 608 4153 679 0-37-

2554 695 2707 763 γρίαν
2739 692 3175 765 παραγγείλαντες
3222 690 3516 765 διαπερῶσι
3574 698 3659 745 τόν
3708 694 3935 769 Ἵστρον,
3976 703 4148 768 καί

2557 780 2859 856 Βουλγάρων
2907 787 3229 856 προσέσχον,
3266 788 3400 834 πᾶσι
3431 785 3519 853 μὲν
3577 785 3645 844 ὡς
3693 784 3861 856 φίλοις
3907 790 3996 837 καὶ
4031 805 4156 856 συγ·

2552 873 2723 941 γενέσι
2751 870 2868 922 καθ’
2900 867 3023 923 ὁδόν
3048 877 3322 944 γρώμενοι,
3348 877 3438 923 καὶ
3492 867 3586 923 διὰ
3638 879 3766 944 σφᾶς
3805 877 3895 945 μὲν
3949 875 4152 943 αὐτούς,

2554 958 2658 1029 οὐχ
2689 959 2843 1016 ἧττον
2896 956 2954 1011 δὲ
3010 966 3098 1012 και
3132 956 3224 1012 διὰ
3253 965 3346 1018 τὴν
3394 964 3526 1032 πρὸς
3573 962 3713 1032 ἡμᾶς
3753 964 3948 1036 ἔχθραν
3998 962 4155 1035 ἐφιλο-

2555 1054 2831 1121 φρονοῦντο
2881 1052 3022 1121 παρὰ
3080 1058 3180 1100 τῶν
3246 1052 3382 1100 κατὰ
3432 1053 3621 1111 τόπους
3688 1054 4036 1123 κροτονύντων
4092 1056 4155 1104 τὰ

2552 1135 2799 1207 μάλιστα.
2835 1139 2901 1193 Οἱ
2950 1140 3040 1209 μεν
3100 1138 3187 1189 οὖν
3242 1140 3523 1213 Βούλγαροι
3574 1141 3668 1201 τὰς
3713 1143 3844 1211 μετὰ
3895 1139 4153 1212 Ῥωμαίων
4203 1154 4215 1164 '

2556 1222 2784 1285 σπονδὰς
2852 1231 3201 1301 πρεωρακότες
3240 1225 3420 1281 ἄδειαν
3476 1238 3585 1292 τοῖς
3659 1233 3920 1306 Φράγκοις
3995 1227 4155 1283 δεδώ-

2552 1333 2678 1365 κασι
2732 1310 2827 1366 διὰ
2856 1324 2954 1365 τῶν
2985 1318 3114 1389 ὅρων
3154 1317 3323 1369 αὐτῶν
3364 1319 3410 1353 ³³
3440 1315 3680 1386 διελθεῖν,
3730 1328 3802 1371 τῶ
3855 1316 4027 1372 δοκεῖν
4071 1318 4155 1371 ὑπ’

2552 1405 2719 1456 αὐτῶν
2766 1403 3066 1476 βιασθέντες
3122 1411 3216 1465 τὴν
3262 1406 3474 1467 ἐκϐολήν
3515 1410 3583 1465 ³³.
3632 1414 3701 1463 Τὸ
3736 1414 3826 1482 μὲν
3879 1407 3967 1462 οὖν
4021 1411 4155 1462 ἄστυ

2550 1501 2639 1553 τῆς
2688 1494 3015 1568 Τζουρουλοῦ
3094 1501 3183 1547 καί
3244 1494 3395 1558 αὖθις
3453 1498 3580 1551 ἑάλω
3670 1498 4155 1573 ἐκστρατευσάντων

2551 1583 2665 1633 κατ’
2696 1583 2860 1635 αὐτῶν
2921 1593 3019 1635 τῶν
3059 1589 3293 1637 Λατίνων
3335 1592 3423 1639 καὶ
3466 1591 3888 1659 συμμαχούντων
3945 1591 4154 1650 ταῦτοις

2552 1676 2641 1723 καὶ
2671 1680 2769 1723 τῶν
2795 1675 3001 1724 Σκυθῶν
3042 1674 3110 1740 ³⁸,
3146 1674 3217 1735 εἰς
3266 1675 3497 1746 φυλακὴν
3552 1673 3610 1729 δὲ
3659 1674 3719 1734 ἦν
3750 1682 3864 1730 τότε
3892 1679 3918 1730 ό
3968 1684 4157 1752 Πετρα⁴

2552 1761 2698 1832 λίφας
2756 1762 3019 1825 Ἰωάννης,
3052 1762 3106 1814 ὃν
3158 1764 3205 1798 ³³
3255 1769 3410 1837 μέγας
3457 1765 3840 1840 χαρτουλάριος
3876 1768 3990 1837 (73)
4033 1772 4157 1842 πρὸς

2484 1854 2637 1914 Βτὸν
2697 1849 2922 1921 βασιλέα
2969 1854 3189 1910 Ιωάννην
3247 1858 3512 1926 τετίμητο,
3565 1853 3692 1927 ἀνὴρ
3761 1864 3992 1926 γενναῖος
4066 1862 4159 1919 τὴς

2552 1948 2712 2015 χεῖρα
2762 1948 2851 1994 καὶ
2892 1942 3193 2015 πολεμικοῖς
3242 1946 3521 2018 πράγμασι
3559 1944 4004 2018 κατεξητασμένος
4041 1966 4158 1999 παι-

2556 2027 2704 2083 δόθεν
2732 2032 2780 2066 ³⁵
2807 2052 2819 2064 ο
2849 2036 2907 2084 τό
2959 2028 3017 2084 δὲ
3063 2042 3153 2093 τῆς
3195 2039 3481 2096 Λατινικῆς
3529 2030 3794 2107 δυνάμεως
3849 2039 4026 2108 περιόν
4073 2040 4159 2087 καὶ

2553 2123 2612 2172 τό
2663 2120 3040 2195 ἀπειροπληθὲς
3082 2131 3181 2174 τῶν
3240 2125 3445 2176 Σκυθῶν
3502 2128 3687 2177 καὶτὸ
3734 2133 3835 2176 τῶν
3891 2124 4159 2178 ἱλεπόλεων

2557 2215 2755 2282 συχνόν
2796 2231 2848 2263 τε
2894 2217 2986 2264 καὶ
3044 2216 3292 2287 καρτερὸν
3335 2210 3415 2286 [Ρ.
3456 2212 3548 2287 32]
3604 2211 3937 2287 παραδοῦναι
3982 2224 4159 2268 τοῦτον

2552 2304 2610 2351 τό
2636 2302 2772 2353 οἶστυ
2803 2309 2912 2362 τοῖς
2942 2301 3157 2363 Ἰταλοῖς
3190 2307 3560 2360 πεποιήκεσαν.
3608 2308 3744 2357 Φασὶ
3798 2300 3857 2356 δέ
3903 2324 4035 2367 τινες
4072 2310 4161 2357 καὶ

2551 2386 2846 2462 προδοσίαν
2905 2390 3181 2462 μελετῆσοί
3227 2411 3369 2453 τινας
3433 2395 3625 2467 κρύφα,
3668 2391 3944 2446 κάντεῦθεν
4002 2414 4162 2452 πτοη-

2556 2480 2707 2537 θῆναι
2758 2483 2816 2531 τὸ
2850 2478 3143 2555 ἀπρόοπτον
3183 2489 3278 2542 τῆς
3316 2481 3554 2543 ἁλώσεως
3604 2482 3671 2538 ³⁷.
3707 2485 3773 2535 Οἱ
3797 2486 3888 2556 μὲν
3936 2480 4023 2536 οὖν
4055 2490 4160 2538 Λα-

2551 2573 2800 2626 τῖνοιτὴν
2838 2569 3162 2642 Τζουρουλόν
3210 2568 3583 2645 ἐχειρώσαντο,
3616 2577 3705 2624 καὶ
3754 2571 3847 2624 τοῦ
3899 2571 3946 2624 ἐν
3993 2576 4156 2646 ταύτῃ

2550 2657 2831 2731 Ῥωμαίους
2882 2660 3087 2731 σὺναμα
3143 2667 3214 2729 τῷ
3266 2659 3559 2735 Πετραλίφᾳ
3631 2658 3910 2733 δεσμώτας
3961 2666 4160 2733 ἤγαγον

2554 2748 2624 2807 εἰς
2653 2753 2746 2805 τὴν
2781 2752 3196 2817 Κωνσταντίνου,
3231 2754 3321 2801 xui
3359 2753 3491 2822 πρός
3544 2752 3661 2809 τούς
3718 2749 3938 2810 οἰκείους
3968 2751 4161 2811 αὐτοῦς

2554 2835 2965 2909 ἀπημπόλησαν.
3032 2840 3135 2893 Τοῦ
3197 2833 3256 2889 δε
3299 2839 3497 2901 οἶστεως
3574 2846 3668 2900 τῆς
3732 2840 4027 2915 Τξορου).οῦ
4071 2861 4162 2893 πο·

2553 2926 2917 3000 λιορκουμενου
2989 2928 3116 2999 παρ’
3205 2927 3430 2997 Ἰταλῶν,
3503 2933 3534 2981 ὅ
3606 2928 3856 3002 βασιλεὺς
3921 2933 4163 2995 Ἰωάννης

2555 3022 2785 3091 τριήρεις
2832 3019 3007 3077 ἱκανὰς
3056 3020 3514 3091 συσκευασάμενος
3564 3024 3655 3072 καί
3709 3020 4007 3094 στράτευμα
4067 3022 4162 3073 οὐκ

3955 3110 4161 3163 Ἰταλῶν

2557 3198 2833 3268 ἐπεχείρει.
2894 3195 3025 3249 Ἀπὸ
3075 3199 3164 3267 μὲν
3218 3193 3304 3249 οὖν
3370 3206 3464 3258 τῆς
3536 3195 3898 3269 Νικομηδείας
3955 3197 4163 3273 ἀπάρας

2556 3289 2645 3336 καί
2699 3284 3036 3359 παραμείψας
3087 3288 3174 3337 τὸν
3221 3288 3442 3361 χάρακα
3480 3286 3741 3360 ἐπόρθησε
3792 3293 3888 3347 τὴν
3941 3287 4162 3341 Δακίϐυ-

2558 3374 2651 3435 ζαν
2678 3377 2778 3448 πρὸ
2817 3381 3024 3449 καιροῦ,
3056 3379 3144 3427 καὶ
3191 3379 3422 3447 κατέσχε
3452 3379 3672 3443 ταύτην,
3728 3382 3948 3451 προσέτι
3987 3374 4046 3431 δὲ
4072 3383 4163 3432 καὶ

2556 3466 2614 3515 τό
2662 3472 2753 3516 τοῦ
2804 3467 3128 3521 Νικητιάτου
3181 3468 3443 3539 φρούριον,
3504 3471 3594 3519 καὶ
3672 3465 3755 3539 ὑφ’

2555 3560 2709 3605 τοῦτο
2765 3558 3072 3612 πεποίηκον.

2557 3105 2729 3177 ολίγον
2777 3107 2888 3178 μεθ’
2944 3107 3125 3159 ἑαυτοῦ
3184 3106 3492 3181 προσλαϐὼν
3559 3111 3695 3161 κατὰ
3774 3119 3873 3161 τῶν

3837 3466 4017 3520 ἑαῦτόν
4071 3474 4164 3521 καὶ

3153 3551 3528 3627 Ἐδυστύχησε
3569 3552 3628 3608 δὲ
3677 3564 3747 3627 τῷ
3800 3559 3918 3609 τότε
3956 3555 4005 3610 ἐν
4051 3564 4165 3619 ταῖς

2557 3648 2823 3717 τριήρεσιν
2864 3642 3278 3717 ἀπειροπολέμων
3306 3648 3460 3696 ὄντων
3488 3652 3587 3697 τῶν
3645 3643 3692 3697 ἐν
3760 3645 3944 3707 αὑταῖς
3990 3666 4167 3719 μαχο-

2557 3736 2739 3805 μένων,
2768 3738 2975 3785 καὶτοῦ
3017 3734 3187 3808 Ἰσφρε
3236 3741 3327 3786 τοῦ
3383 3735 3659 3808 Ἀρμενίου
3718 3735 3784 3796 εἰς
3832 3735 3979 3799 τάξιν
4039 3738 4166 3810 ἡγε-

2556 3827 2710 3893 μόνος
2782 3821 2833 3874 ἐν
2898 3825 3104 3885 τούτοις
3154 3825 3507 3895 τυγχάνοντος
3553 3830 3643 3877 xui
3690 3824 4032 3899 ὀκνηρότερον
4086 3846 4166 3881 τε-

2556 3912 2758 3972 λοῦντος
2808 3917 2927 3984 περὶ
2975 3915 3041 3965 τὰ
3077 3915 3315 3985 μάχιμα.
3385 3920 3710 3988 Προῦπῆρχε
3768 3910 3828 3967 δὲ
3893 3919 3987 3974 τὴν
4063 3924 4165 3968 τῶν

2558 4007 2806 4076 τριηρέων
2874 4006 3195 4077 στρατηγίαν
3242 4004 3268 4053 ό
3308 4006 3560 4078 Κοντοφρε
3614 4003 3863 4062 Μανουὴλ
3917 4009 4164 4078 περιεζω-

2559 4095 2761 4164 σμένος⁹
2818 4089 2942 4163 ἀνὴρ
2992 4098 3220 4163 γενναῖος
3264 4095 3358 4151 τὴν
3409 4100 3570 4167 χεῖρα
3623 4113 3714 4146 και
3779 4092 3944 4167 ’Ἄρην
4000 4099 4165 4148 πνέων

2555 4182 2691 4232 κατά
2717 4200 2770 4234 τε
2799 4180 3055 4233 θάλατταν
3099 4186 3187 4234 καὶ
3231 4180 3415 4253 ξηράν.
3469 4181 3621 4234 Ἀλλὰ
3677 4187 3778 4257 πρό
3831 4202 3982 4235 τινων
4040 4186 4164 4257 ἠμε-

2554 4279 2657 4346 ρῶν
2732 4272 3053 4346 θρασυτέρας
3131 4274 3220 4332 τὰς
3286 4267 3535 4335 διαλέξεις
3600 4276 3717 4347 περὶ
3768 4279 3862 4325 τοῦ
3914 4281 4165 4327 ναυτικοῦ

2557 4363 2685 4434 πρὸς
2731 4366 2815 4413 τόν
2855 4359 3080 4433 βασιλέα
3130 4363 3480 4435 ποιησάμενος
3535 4361 3754 4435 (εἰρήκει
3809 4366 3895 4414 καὶ
3943 4366 4047 4439 γὰρ
4098 4366 4166 4426 ὡς

2557 4449 2650 4501 οὐκ
2707 4448 2767 4501 ἆν
2813 4448 3174 4508 ἀντωπήσειαν
3259 4458 3377 4512 ταῖς
3451 4450 3724 4512 Ἰταλικαῖς
3777 4456 4048 4525 τριήρεσιν
4113 4454 4168 4505 αἱ

3148 4539 3591 4601 πολλαπταζοιντο
3715 4544 3843 4615 πρὸς
3956 4541 4165 4611 αὐτοὺς,

2556 4626 2784 4703 ἀκριϐῶς
2828 4630 2894 4680 τὰ
2942 4633 3058 4703 περὶ
3104 4626 3293 4701 ἀμφοῖν
3336 4627 3679 4702 ἐπιστάμενος
3735 4628 3805 4700 ³⁸)
3857 4630 4164 4705 παρεσταλη

2554 4726 2646 4779 τῆς
2676 4720 2973 4790 ἡγεμονίας,
3024 4722 3114 4770 καὶ
3167 4718 3341 4791 Ἰσφρε
3389 4718 3550 4777 αὐτὴν
3601 4715 3897 4785 διεδέξατο,
3946 4724 4033 4771 καὶ
4076 4721 4169 4778 ἠτ-

2555 4809 2689 4866 τήθη
2726 4804 2885 4865 ἧτταν
2915 4803 3121 4880 σφοδρα
3170 4804 3346 4867 δεινήν
3404 4809 3474 4866 ³9.
3522 4810 3816 4882 Τριάκοντα
3865 4811 3967 4880 γὰρ
4021 4807 4169 4885 ἐξάρ-

2554 4918 2668 4969 χων
2715 4901 2968 4973 τριηρέων
3040 4899 3139 4950 ὑπὸ
3231 4894 3584 4971 τρισκαίδεκα
3658 4896 3998 4965 ἐκνενίκηται,
4076 4903 4168 4952 καὶ

2552 4990 2817 5049 τοσαύτας
2847 4986 3107 5041 ἀπώλεσεν
3157 4988 3350 5040 ὁπόσαι
3404 4983 3542 5047 ἦσαν
3597 4995 3698 5039 τῶν
3730 4985 3968 5040 ἐναντίων
4003 5008 4016 5022 ·
4050 4988 4166 5041 ἑκά)

2924 4538 3019 4592 κᾶν

782 5086 880 5137 στῆ
909 5079 1011 5152 γὰρ
1043 5080 1237 5130 τούτων
1276 5082 1399 5151 μίαν
1429 5072 1676 5151 ἐκέρδησι
1718 5076 1943 5149 λάφυρον
1976 5079 2148 5137 αὐτοῖς
2175 5072 2401 5149 άνδράσι
2430 5084 2521 5133 καὶ
2567 5078 2765 5140 ὅπλοις.
2811 5084 2911 5133 Καὶ
2948 5086 3113 5131 ταῦτα
3146 5082 3250 5151 μὴν
3281 5081 3438 5150 ἔσχεν
3469 5081 3630 5140 οὕτως
3663 5078 3733 5133 ⁸ο.
3758 5079 3785 5130 ὀ
3819 5074 3879 5131 δε
3910 5075 4173 5151 βασιλεὺς

1715 5254 1763 5329 ³-³
1890 5286 1961 5294 -
1992 5253 2198 5329 ἐκκολήν
2232 5270 2352 5311 om.
2389 5259 2453 5313 D.
2532 5259 2580 5292 3‘
2626 5256 2958 5329 g‘xurpur.f—
2984 5258 3190 5310 Σκυθῶν
3221 5272 3342 5314 om.
3388 5258 3452 5312 D.

854 5253 901 5291 ³³
931 5251 1025 5307 διὰ
1068 5286 1139 5295 ——
1179 5257 1345 5306 αὐτῶν
1375 5270 1495 5309 om.
1545 5256 1607 5309 D.
1715 5254 1763 5289 ³³
1794 5262 1864 5323 τῷ
1890 5286 1961 5294 -
1992 5253 2198 5312 ἐκιολήν
2232 5270 2352 5311 om.
2389 5259 2453 5313 D.
2532 5259 2580 5292 3‘

2409 5260 2453 5313 ).
2532 5259 2580 5292 3‘
2626 5256 2958 5330 έκστρατ.τ-
2984 5258 3190 5310 Σκυθῶν
3221 5272 3342 5314 om.
3388 5258 3452 5312 D.
3530 5256 3596 5330 35»
3630 5255 3708 5330 ὅς]
3770 5257 3888 5330 ὀ-Π,
3929 5257 4174 5330 omisssi

777 5329 1281 5418 πρός-τετίμῦητο.
1317 5332 1418 5378 Τοῦ
1451 5326 1711 5398 βασιλέως
1735 5326 1969 5378 Ἰωάννου
1991 5329 2018 5382 ἶ)
2093 5328 2140 5361 ³⁸
2169 5336 2392 5398 γενναῖος
2416 5360 2487 5372 -
2514 5325 2788 5393 παιδοθεν]
2823 5325 3055 5418 άνδρεῖος
3110 5332 3175 5385 D.
3253 5330 3295 5363 ³⁷
3330 5347 3420 5380 και
3456 5359 3526 5367 --
3552 5325 3813 5402 άλώᾶεως]
3838 5334 3903 5389 ῶς
3940 5335 4033 5382 καὶ
4078 5327 4179 5383 διὰ

795 5398 806 5413 ³
902 5398 948 5418 θ’
1189 5402 1197 5411 '
1368 5402 1403 5418 l\
1508 5399 1551 5418 ρο
1624 5399 1645 5410 Α⁵⁴
1798 5404 1804 5411 ⁶
1964 5400 1972 5411 ¹
2130 5400 2144 5418 Ἰ
2278 5404 2312 5418 l\
2418 5403 2464 5418 on
2504 5398 2528 5418 Ὗ
2762 5398 2813 5418 «ἢ
3037 5407 3046 5417 ν
3118 5417 3127 5418 κ
3166 5417 3195 5418 κγ
3254 5402 3293 5418 h
3401 5401 3445 5418 ιη
3484 5399 3495 5411 '
3824 5403 3844 5415 ιι
4107 5404 4146 5418 n

781 5384 1012 5471 ὑπο-,θίαν
1036 5384 1336 5473 πρόδόσεως
1365 5384 1460 5455 υ..
1506 5399 1553 5433 ³⁸
1576 5399 1669 5450 κάν
1694 5430 1764 5438 -—
1784 5400 2144 5472 ἐπιστάμενος]
2167 5384 2255 5452 και
2275 5404 2340 5456 D.
2376 5384 2391 5392 ⁷
2417 5403 2464 5438 ³9
2500 5398 2546 5463 ἧτ

2417 5403 2464 5438 ³9
2500 5398 2659 5463 ἧτταν
2683 5384 2884 5476 φοᾶδρα
2910 5384 3083 5459 δεινήν
3106 5417 3229 5458 om.
3253 5402 3317 5457 D.
3398 5401 3445 5435 ⁴⁰
3474 5399 3668 5458 ἑκαστη
3692 5431 3763 5441 -—
3784 5384 3945 5463 ὅῦτως
3966 5418 4079 5456 om.
4106 5404 4176 5460 D.

1677 5577 2019 5647 Theodori
2069 5580 2321 5648 Dousae
2372 5590 2437 5649 et
2485 5581 2726 5652 Leonis
2776 5580 3011 5650 Allatii
3061 5589 3265 5649 notaa.

852 5722 967 5797 (73)
1009 5721 1069 5776 Ὀ
1098 5726 1257 5798 μέγας
1286 5723 1689 5801 χαρτουλάριος.
1726 5723 1808 5782 De
1833 5723 1948 5783 hac
1977 5724 2266 5798 dignitate
2292 5724 2617 5786 consulatu:

1833 5723 1948 5783 hac
1977 5724 2266 5798 dignitate
2292 5724 2643 5786 consulatur
2679 5724 3045 5784 Glossarium
3083 5724 3337 5782 Meursii.
3373 5727 3584 5783 DOUSA.
