4470 6452
287 405 424 462 1069
1820 393 2052 448 ΑΝΝΑι

1886 391 2163 448 ἿΝΑΙμΕΞ.
3519 392 3651 447 1070

286 523 525 589 Ἰωάννης
555 531 645 578 καὶ
681 526 825 584 αὖθις
867 526 997 596 μετὰ
1029 530 1117 573 τοῦ
1164 519 1422 591 βασιλέως
1460 517 1618 568 Ἀσαν
1652 522 1857 587 είρηνην
1891 513 2022 585 εἶχε,
2057 521 2143 565 καί
2177 523 2235 585 τῇ
2274 519 2546 583 συγγενεία
2586 519 2682 565 καὶ
2707 513 2857 584 ἄμφω
2894 509 3249 579 σννεδέδεντο,
3303 513 3394 564 οὐκ
3429 513 3658 586 ἀκριϐῶς

291 624 377 672 μὲν
409 626 497 670 του
531 618 689 669 Ἀσάν
714 618 805 675 τας
835 613 1074 684 ἐνόρκους
1108 610 1406 679 σνμγώνῐαν
1434 606 1774 676 φυλάττοντος
1801 627 1811 638 ο
1845 609 1956 656 ἔστι
2001 607 2098 674 γὰρ
2141 608 2221 654 ὅτε
2262 605 2300 634 ⁵⁸
2345 599 2437 653 δια
2485 606 2670 676 μικρὸν
2721 600 2905 676 κέρδος
2949 599 3300 676 παρεσπόνδει
3347 605 3484 672 (ἷ9).
3527 607 3659 668 Τέως

289 710 337 759 ἐν
368 715 437 758 τὼ
478 711 674 777 φανερῷ
698 708 786 754 καί
813 702 1085 759 πλατυκώς
1117 702 1321 770 ἔστεργε
1349 701 1435 752 τήν
1465 693 1670 764 αγαπην
1701 699 1789 745 καὶ
1819 695 1881 744 τά
1914 701 2009 744 τών
2051 691 2204 763 φίλων
2248 695 2401 743 εποίει
2430 693 2492 724 ⁵⁵⁸

361 793 544 852 λη’.“Ο
571 798 661 863 μεν
700 787 787 842 οὖν
841 791 998 842 Ἀσαν
1054 789 1292 846 Ἰωάννης
1342 793 1436 845 τῆς
1493 784 1722 853 συζύγου
1771 801 1886 834 στε-
1928 787 1973 836 Α
2079 785 2126 834 3.‘

1928 787 1973 836 A
2079 785 2163 834 38.
2199 780 2296 833 llic
2329 796 2470 849 ergo
2503 796 2706 841 uxore,
2739 796 2926 851 quam
2952 781 3250 849 Ungaram
3278 779 3457 834 fuisse
3504 795 3656 850 prte-

290 886 489 959 ρηθεὶς,
532 883 592 940 ἣν
632 880 684 943 ἐξ
716 880 981 953 Οὖγγρίας
1015 879 1142 930 εἶναι
1174 878 1198 926 ό
1238 874 1387 944 λόγος
1422 875 1620 944 φθάσας
1683 874 1891 944 ίστόρη-
2003 886 2055 924 ηε

2003 870 2402 929 narravimus,
2460 869 2724 939 privatus
2804 868 2991 924 filiam
3078 868 3284 937 Angeli
3366 867 3658 924 Theodori

294 991 402 1033 σεν,
439 972 665 1040 ἠγάγετο
698 969 1012 1038 εἰςγνναίκα
1053 971 1147 1022 την
1198 965 1459 1034 θυγατέρα
1506 969 1596 1012 τοῦ
1651 960 1892 1030 Ἀγγέλου
2005 961 2056 1013 lr

1890 984 1892 997 ι
2005 961 2254 1021 lrenem,
2291 957 2484 1013 forma
2505 958 2896 1029 conspicuam
2927 963 2982 1011 et
3013 973 3263 1030 corpore
3322 973 3655 1028 proceram,

295 1056 574 1133 Θεοδώρου
623 1062 716 1114 την
770 1056 1015 1129 Εἰρήνην,
1067 1052 1222 1109 καλὴν
1271 1070 1329 1102 το
1387 1047 1523 1108 εἶδος
1591 1053 1679 1100 καὶ
1750 1051 1894 1119 ενμε-
2006 1049 2056 1102 fr

2006 1048 2198 1102 fratris
2220 1047 2450 1117 paterni
2474 1047 3083 1115 consanguinitatem,
3109 1047 3213 1118 qui
3244 1063 3382 1101 cum
3405 1047 3526 1101 filia
3550 1063 3661 1103 sua

293 1152 420 1221 γέθη
453 1150 521 1215 ⁸³,
553 1143 690 1220 μηδὲ
737 1150 795 1196 τό
849 1153 941 1196 του
989 1139 1315 1213 αὗταδέλςνου
1348 1149 1436 1191 τοῦ
1492 1143 1688 1212 πατρὸς
1735 1138 1895 1198 αὐτῆς
2007 1153 2038 1192 e

2007 1153 2038 1192 e
2071 1135 2276 1207 pellice
2326 1141 2605 1206 suscepta
2658 1134 2942 1202 cubabat,
2975 1135 3141 1190 haud
3181 1137 3486 1200 reveritus,
3549 1135 3663 1191 sibi

295 1235 462 1297 κῆδος
489 1233 714 1301 ὑπιδών,
747 1237 920 1306 ὅτιπερ
945 1240 1005 1304 τῇ
1053 1235 1106 1283 ἑκ
1155 1225 1470 1287 παλλακίδος
1523 1227 1679 1278 αὐτού
1736 1229 1898 1297 θνγα-
2010 1242 2060 1280 ιι]

2010 1225 2394 1280 matrimonio
2424 1224 2642 1294 jungit.
2695 1226 2872 1280 Erant
2927 1225 3237 1280 Theodoro
3287 1224 3511 1296 Angelo
3558 1223 3667 1280 filii

294 1331 384 1400 τρὶ
417 1325 785 1383 συνηυνάζετο.
816 1322 984 1374 Ἦσαν
1011 1317 1069 1372 δὲ
1099 1329 1170 1390 τῷ
1203 1317 1429 1388 Ἀγγέλῳ
1471 1313 1728 1388 Θεοδώρῳ
1785 1322 1902 1365 παῖ·
2012 1330 2059 1368 n;

1900 1346 1902 1352 ν
2012 1313 2262 1368 masculi
2283 1313 2425 1380 duo,
2453 1315 2709 1368 Joannes
2725 1317 2779 1368 et
2813 1314 3158 1382 Demetrius,
3185 1319 3240 1368 et
3271 1314 3405 1368 duae
3432 1312 3665 1370 femina:

301 1411 390 1476 δες
411 1413 614 1488 ἄρρενες
646 1409 744 1464 δύο
778 1413 844 1476 ⁸⁸,
885 1411 1126 1470 Ἰωάννης
1167 1412 1255 1458 καὶ
1306 1412 1622 1478 Δημήτριος,
1673 1408 1762 1455 καὶ
1816 1405 1903 1460 οη-
2013 1409 2066 1459 A‘

2013 1409 2184 1459 Anna
2215 1410 2270 1459 et
2299 1404 2457 1459 dicta
2491 1403 2674 1470 lrene;
2708 1420 2974 1474 quacum
3005 1409 3240 1458 Asanus
3270 1403 3427 1458 filios
3460 1403 3671 1459 habuit

297 1503 434 1556 λειαι
462 1499 578 1566 δύο,
621 1503 649 1559 ἠ
686 1499 845 1551 Ἀννα
873 1504 962 1550 καὶ
990 1501 1016 1555 ἡ
1041 1498 1266 1571 ρηϐεἰσα
1306 1496 1494 1568 Εἰρήνη
1559 1495 1627 1550 ⁸⁵,
1688 1494 1798 1564 μεθ’
1847 1493 1905 1550 ἧς
2016 1497 2062 1548 tr

2016 1497 2131 1548 tres
2175 1492 2538 1550 Michaelem.
2589 1493 2984 1559 Theodoram,
3036 1494 3303 1548 Mariam.
3353 1495 3671 1564 Propterea

304 1593 330 1642 ό
378 1594 540 1644 Ἀσαν
597 1585 796 1649 παῖδας
842 1591 1113 1658 γεγέννηκε
1165 1592 1318 1658 τρεῖς,
1375 1586 1460 1634 τὸν
1515 1583 1757 1653 Μιχαὴλ,
1814 1586 1905 1638 την
2017 1582 2069 1636 vi

2017 1581 2267 1636 vinculis
2297 1580 2524 1636 solutus
2575 1580 2836 1650 Angelus
2893 1581 3251 1647 Theodorus,
3308 1583 3389 1636 ita
3451 1596 3671 1649 genero

303 1677 583 1754 Θεοδωραν
613 1683 702 1728 καὶ
736 1683 824 1734 την
876 1680 1104 1748 Μαρίαν.
1187 1672 1444 1728 Ἀπελὴοη
1501 1680 1623 1742 γονν
1671 1680 1769 1720 τών
1827 1667 1909 1720 δε·
2019 1670 2068 1740 ej

1908 1703 1909 1706 η
2019 1670 2148 1740 ejus
2179 1675 2376 1726 Asano
2416 1674 2739 1732 annuente,
2785 1669 3223 1725 Thessalonicae
3267 1675 3326 1725 et
3381 1671 3673 1724 universae

306 1779 452 1841 σμῶν
479 1765 572 1821 διά
595 1786 678 1820 τοι
712 1763 1182 1834 τουτοόἋγγελος
1221 1757 1489 1834 Θεόδωρος
1543 1760 1620 1830 [Ρ.
1675 1760 1764 1828 33]
1821 1764 1909 1810 καὶ
2020 1775 2071 1814 re

2020 1759 2298 1828 regionis,
2381 1759 2475 1813 cui
2542 1758 2667 1830 ipse
2707 1759 2872 1830 prius
2924 1759 3284 1830 imperabat,
3355 1759 3674 1830 imperium

307 1863 598 1913 συναινέσει
623 1865 716 1908 τον
775 1853 1018 1926 γαμϐροῦ
1078 1852 1240 1903 αὑτοῦ
1297 1859 1387 1902 τοῦ
1442 1849 1601 1902 Ἀσαν
1656 1848 1911 1922 ἐγκρατὴς
2020 1863 2072 1902 re

1910 1897 1911 1900 η
2020 1862 2371 1918 recuperare
2403 1847 2675 1902 animum
2698 1846 2950 1913 induxit,
2985 1848 3318 1918 paucisque
3355 1847 3433 1902 ab
3477 1852 3675 1903 Asano

303 1950 544 2019 γενέσθαι
579 1954 669 2006 τῆς
716 1943 1104 2001 Θεσσαλονίκης
1166 1947 1254 1992 καὶ
1311 1959 1488 2001 πάσης
1546 1940 1606 1999 ἧς
1662 1945 1910 2011 προτερον
2023 1953 2068 1991 ω

2023 1937 2303 2008 acceptis,
2336 1953 2474 1991 cum
2506 1936 2709 2008 palam
2738 1937 2797 1991 in
2835 1937 3076 1992 fratrem
3117 1936 3446 1992 Manuelem
3506 1952 3676 1992 arma

308 2033 447 2110 ἦρχε
494 2041 678 2109 χώρας
737 2032 980 2091 ἠθέλησε.
1043 2036 1143 2084 Καὶ
1193 2026 1259 2086 δή
1311 2048 1446 2088 τινας
1511 2027 1713 2098 ὀλίγους
1773 2030 1911 2098 παρὰ
2024 2041 2073 2080 οε

1910 2049 1911 2052 η
2024 2041 2234 2097 capere
2260 2041 2377 2080 non
2409 2032 2631 2096 posset,
2662 2025 2818 2080 clam
2843 2025 3181 2094 ingressum
3235 2025 3675 2081 Thessalonicm

311 2133 404 2179 τοῦ
457 2125 614 2177 Ἀσὰν
684 2119 1122 2195 προσλαϐόμενος,
1199 2117 1306 2170 ἐπεὶ
1395 2126 1614 2188 φανερῶς
1699 2125 1913 2174 κινῆσαι
1955 2135 1993 2187 Β
2027 2133 2076 2170 m

1912 2157 1913 2162 η
1955 2135 1993 2187 Β
2027 2115 2288 2172 molitur.
2307 2115 2396 2169 Sic
2420 2115 2675 2169 sordidis
2694 2115 2912 2186 pannis
2947 2115 3194 2170 vestitus
3227 2113 3438 2170 urbem
3464 2115 3677 2171 furtive

311 2216 498 2286 μάχην
537 2214 670 2264 κατά
699 2218 790 2262 τοῦ
823 2205 1046 2280 ἀδέλφου
1075 2208 1233 2259 αὐτον
1263 2206 1506 2263 Μανονηλ
1532 2206 1625 2257 οὐκ
1661 2201 1912 2269 ἠδύνατο,
2026 2207 2076 2261 in

2026 2205 2373 2273 ingreditur.
2421 2207 2566 2260 Cum
2623 2221 2764 2259 vero
2822 2205 3045 2276 quibus
3100 2205 3508 2275 concupierat,
3565 2204 3678 2259 illis

313 2306 489 2376 κρύφα
544 2305 854 2373 μηχανᾶται
919 2302 1013 2355 τὴν
1081 2297 1153 2358 εἰς
1232 2295 1616 2350 Θεσσαλονίκην
1691 2289 1916 2361 εἴσοδον,
2029 2311 2078 2348 sc

2029 2294 2418 2364 scilicetquos
2440 2311 2567 2365 ipse
2597 2294 2653 2348 in
2685 2294 2864 2348 rebus
2896 2294 3198 2366 prosperis
3229 2293 3342 2348 sibi
3385 2299 3442 2349 et
3477 2309 3682 2350 amore

317 2391 487 2450 εὐτελῆ
544 2409 658 2441 τινα
734 2387 1119 2460 ἀμφιασάμενος
1168 2387 1328 2459 ῥάκια
1403 2389 1492 2435 καὶ
1544 2389 1634 2440 την
1713 2379 1920 2434 εἴσοδον
2030 2389 2082 2439 et

1917 2403 1920 2423 ι
2030 2389 2086 2439 et
2127 2384 2418 2437 beneticio
2470 2383 2588 2453 66
2653 2382 3021 2452 devinxerat,
3061 2384 3343 2448 innotuit,
3388 2383 3682 2438 adversus

319 2479 617 2550 ὑποκλέψας
671 2486 761 2538 τῆς
824 2476 1035 2536 πόλεως.
1095 2476 1235 2528 Ἐπεὶ
1291 2471 1348 2526 δὲ
1404 2473 1568 2545 εἰσῄει
1622 2477 1711 2523 καὶ
1783 2491 1921 2524 τισιν
2031 2471 2081 2528 fr

2031 2471 2270 2528 fratrem
2318 2472 2568 2526 consilia
2617 2475 2828 2542 aperit,
2875 2487 3070 2543 neque
3123 2471 3226 2525 diu
3274 2475 3411 2544 post
3481 2487 3691 2526 rursus

322 2569 620 2641 ἐπεγνώσθη
669 2575 776 2628 τοῖς
834 2567 906 2625 οἷς
965 2563 1218 2625 ἐϐούλετο,
1278 2563 1362 2623 οὓς
1419 2564 1498 2614 ὅτε
1554 2562 1766 2631 εὐτύχει
1821 2559 1923 2632 ἐφί-
2032 2562 2087 2617 TI

2032 2561 2518 2617 Thessalonicam
2550 2566 2606 2616 et
2642 2561 2984 2630 adjaceutia
3039 2559 3173 2616 loca
3230 2566 3286 2615 et
3340 2561 3519 2615 urbes
3575 2559 3691 2615 sub

320 2659 399 2712 λει
449 2677 503 2710 τε
558 2662 647 2708 καὶ
690 2656 972 2729 εὐηργέτει,
1027 2654 1140 2726 μεθ’
1206 2653 1273 2702 ὧν
1333 2657 1422 2704 καὶ
1483 2650 1764 2724 τεθάρρηκε
1831 2656 1924 2706 τήν
2035 2649 2085 2703 dt

2035 2649 2370 2704 dominium
2428 2648 2840 2720 ditioneinque
2901 2665 3078 2704 suam
3128 2647 3284 2703 facit.
3345 2650 3397 2701 Is
3448 2652 3691 2720 propter

322 2751 458 2801 κατὰ
520 2755 611 2798 του
665 2741 890 2816 αδελφου
951 2742 1168 2814 σκῆψιν,
1225 2741 1282 2794 οὐ
1339 2741 1526 2793 πολλου
1581 2738 1781 2800 δεηθεὶς
1838 2747 1926 2792 τοῦ
2036 2756 2087 2796 οι

2036 2739 2343 2796 oculorum
2361 2737 2820 2792 imminutionem
2835 2738 3212 2810 imperatoris
3228 2753 3441 2793 nomen
3456 2741 3693 2793 recusat

322 2841 522 2912 χρόνον
553 2834 811 2908 ἐγκρατής
842 2853 896 2886 τε
938 2834 1090 2894 αὖθις
1141 2841 1236 2894 τῆς
1285 2831 1676 2890 Θεσσαλονίκης
1735 2829 1928 2900 ἐγένετο
2039 2847 2087 2884 Θ(

1924 2854 1928 2876 ι
2039 2846 2108 2885 eo
2142 2835 2340 2884 tamen
2367 2826 2658 2884 Joannem
2693 2827 2880 2883 tilium
2913 2829 3266 2883 cohonestat
3296 2832 3351 2883 et
3373 2827 3689 2899 purpureis

322 2932 540 2978 καὶτῶν
570 2924 721 3000 πέριξ
749 2923 940 2976 πόλεων
985 2926 1076 2974 καὶ
1131 2930 1342 2994 χώρων.
1408 2919 1648 2980 Βασιλεὺς
1697 2916 1755 2972 δὲ
1813 2919 1928 2970 ονο-
2040 2936 2087 2975 c:

2040 2919 2254 2975 calceis
2275 2917 3056 2990 pedesilliuscircumvestit,
3087 2933 3282 2990 neque
3299 2917 3693 2973 dissimilibus

323 3015 590 3088 μάζεσθαι
621 3012 715 3064 οὐκ
747 3011 966 3070 ἠθέλησε
1012 3006 1105 3062 διὰ
1154 3014 1210 3061 τό
1269 3018 1368 3061 τῶν
1413 3008 1688 3081 όφοαλμών
1744 3010 1928 3075 πάθος,
2040 3008 2088 3064 lit

2040 3008 2243 3064 litteris
2305 3007 2680 3062 subscribere
2747 3007 2943 3076 jussit;
3013 3007 3124 3062 sibi
3201 3021 3343 3062 vero
3391 3022 3696 3063 summam

322 3108 413 3156 τὸν
470 3099 528 3154 δε
577 3100 690 3152 υἱὸν
745 3100 906 3152 αὐτοῦ
956 3099 1195 3156 Ἰωάννην
1251 3097 1478 3170 βασιλέα
1531 3097 1786 3170 ὠνόμασε,
1846 3101 1935 3148 καὶ
2043 3112 2080 3152 o

1928 3119 1935 3148 ι
2043 3098 2316 3152 omnium
2346 3112 2544 3151 rerum
2567 3111 2637 3151 ac
2656 3095 2758 3150 filii
2805 3096 3300 3167 teinperationem
3351 3095 3693 3164 reservavit;

333 3192 572 3268 ἄρυθροῖς
616 3185 851 3250 πεδίλοις
902 3192 1017 3249 τοὺς
1066 3185 1236 3249 πόδας
1289 3185 1479 3240 ἐκείνου
1543 3183 1796 3257 ὑπέδησε,
1847 3191 1937 3238 καὶ
2046 3186 2094 3242 fr

1932 3211 1937 3238 μ
2046 3186 2290 3242 fratrem
2320 3185 2650 3242 Manuelem
2677 3185 2970 3254 abrogato
3001 3185 3253 3257 imperio
3303 3185 3364 3241 in
3397 3185 3697 3242 triremem

334 3283 594 3342 τοιούτοις
647 3280 928 3350 γράμμασι
973 3279 1288 3352 ὑπογραφειν
1312 3272 1576 3350 διώρισεν,
1656 3276 1809 3327 αὐτόν
1887 3295 1940 3327 τε
2048 3275 2099 3330 in

1932 3295 1940 3327 t'
2048 3275 2396 3347 impositum
2468 3274 2746 3330 Attaliam
2831 3274 3148 3344 ablegavit,
3230 3275 3554 3345 conjugem
3616 3273 3697 3331 ad

341 3368 544 3423 διέπειν
575 3371 642 3420 τὰ
672 3370 819 3419 κοινά
849 3372 939 3419 καὶ
978 3363 1234 3438 διεξάγειν
1283 3367 1348 3416 τὰ
1404 3373 1495 3417 τοῦ
1541 3368 1680 3419 υἱοῦ.
1733 3369 1831 3418 Τὸν
1889 3361 1939 3417 δ’
2052 3371 2106 3420 At

2052 3371 2316 3420 Asanum
2340 3369 2570 3436 patrem
2605 3363 2852 3420 remisit.
2881 3369 3118 3420 Asanus
3147 3363 3460 3419 Theodoro
3498 3378 3705 3419 socero

341 3456 565 3530 ἀδελφόν
642 3455 888 3515 Μανουηλ
983 3463 1077 3517 τῆς
1173 3453 1423 3518 ἐκϐαλών,
1517 3460 1605 3506 καὶ
1713 3453 1943 3526 ἐμϐαλών
1983 3489 2022 3539 C
2053 3470 2106 3525 ql

1983 3489 2022 3539 Ο
2053 3469 2238 3525 quam
2257 3469 2476 3522 genero
2510 3452 2759 3508 Manucli
2789 3451 3083 3508 addictior
3129 3458 3296 3508 erat:
3335 3467 3456 3507 non
3508 3453 3709 3508 minus

339 3552 391 3601 ἓν
420 3569 522 3601 τινι
571 3552 797 3622 τριήρει,
847 3550 966 3618 περὶ
1021 3550 1115 3604 τὴν
1149 3544 1382 3597 Λττάλον
1441 3543 1670 3619 ἐξώρισε,
1740 3549 1827 3602 την
1887 3540 1946 3596 δὲ
2057 3559 2104 3597 et

2057 3543 2216 3597 enim
2249 3543 2376 3612 ipse
2407 3557 2611 3596 amore
2633 3541 2910 3611 conjugis
2940 3541 3123 3598 Irenae
3177 3557 3365 3613 quam
3418 3541 3711 3597 Antonius

342 3641 573 3709 σύζυγον
632 3636 791 3688 αὐτοῦ
852 3639 981 3709 πρὸς
1034 3638 1119 3687 τὸν
1176 3638 1376 3707 πατέρα
1427 3634 1588 3686 Ἀσαν
1646 3633 1944 3706 ἐξέπεμψεν.
2057 3632 2107 3687 Ci

2057 3631 2382 3702 Cleopatra:
2411 3630 2861 3702 corripiebatur.
2905 3631 3136 3687 Manuel
3180 3631 3380 3702 itaque
3433 3629 3713 3686 Attaliam

352 3734 396 3779 Ο
430 3723 674 3780 δὲἈσαν
707 3729 792 3777 τὸν
837 3727 1078 3796 πενθερὸν
1129 3723 1320 3796 μᾶλλον
1369 3725 1416 3759 ⁸⁸
1460 3722 1616 3796 ἐφίλει
1674 3719 1946 3794 Θεόδωρον
2058 3735 2117 3791 a;

2058 3719 2365 3792 appellcns
2399 3718 2476 3774 ab
2509 3719 2816 3788 Agarenis,
2850 3719 3160 3791 quodipse
3184 3735 3484 3791 nusquam
3512 3733 3714 3790 spera-

342 3816 489 3875 ἦτον
519 3812 755 3888 γαμϐρὸν
806 3812 965 3864 αὐτοῦ
1024 3811 1290 3869 Μανουηλ·
1348 3813 1662 3884 ὑπερηγάπα
1709 3814 1809 3886 γὰρ
1854 3816 1948 3869 τὴν
2059 3827 2107 3863 Vt

1945 3833 1948 3850 ›
2059 3814 2244 3874 verat,
2290 3809 2727 3863 humanissime
2778 3807 3342 3880 officiosissimeque
3376 3808 3710 3880 excipitur:

343 3905 574 3976 σύζυγον
603 3904 844 3980 Εἰρήνην,
892 3901 996 3972 οὐχ
1047 3902 1201 3960 ἧττον
1250 3900 1278 3958 ἣ
1341 3901 1610 3961 Ἀντώνιος
1653 3905 1744 3958 τὴν
1801 3900 1949 3953 Κλεο-
2059 3915 2108 3954 n;

2059 3915 2200 3954 nam
2216 3897 2432 3952 dicenti
2448 3914 2508 3951 se
2522 3897 2900 3953 adJoannem
2918 3899 3340 3970 imperatorem
3357 3897 3717 3954 contendere

340 3996 542 4069 πάτραν
579 3992 734 4052 ⁴τ,”0
779 3995 869 4065 μεν
932 3987 1019 4043 οὖν
1073 3989 1321 4048 Μανουηλ
1364 4000 1426 4063 τῇ
1484 3990 1734 4042 Ἀττάλου
1785 4009 1950 4064 προσ·
2059 4005 2105 4044 Ct

2059 3993 2421 4056 commeatu,
2461 3987 2540 4040 uti
2567 4002 2676 4058 par
2716 3993 2863 4053 erat,
2896 3987 3348 4044 subministrato
3400 3987 3717 4042 transitum

341 4084 546 4146 οκείλας
574 4085 718 4157 παρὰ
745 4078 1071 4158 προσδοκίαν
1101 4085 1218 4142 τοὺς
1278 4079 1330 4143 ἐξ
1378 4078 1546 4153 Ἀγαρ
1606 4081 1718 4152 εὗρε
1771 4080 1816 4114 ⁸⁸
1873 4099 1938 4151 φι-
2061 4078 2096 4132 tl

2061 4078 2299 4132 dedere.
2342 4075 2601 4147 Indeque
2639 4076 3060 4148 imperatorem
3109 4077 3492 4145 conveniens,
3543 4082 3600 4131 et
3638 4075 3723 4132 uti

339 4175 646 4246 λανθρωπίᾳ
699 4171 891 4245 μᾶλλον
939 4175 1065 4243 πρὸς
1142 4171 1298 4222 αὐτόν
1368 4175 1761 4245 χρησαμένους·
1845 4169 1954 4221 ἐπεὶ
2065 4183 2102 4236 g

2065 4183 2280 4236 genere
2309 4169 2667 4234 conjunctus
2691 4170 2748 4220 et
2767 4166 3019 4237 despota
3046 4167 3176 4236 jam
3202 4165 3342 4222 olim
3369 4166 3590 4221 electus
3644 4164 3722 4220 ab

340 4266 444 4338 γὰρ
501 4262 694 4334 εἰρήκει
742 4265 867 4336 πρὸς
915 4266 1000 4313 τὸν
1066 4259 1293 4332 βασιλέα
1347 4260 1589 4317 Ἰωάννην
1671 4261 1955 4330 τυγχάνειν
2065 4259 2105 4312 ll

2065 4256 2424 4330 imperatore
2469 4255 2696 4310 lubenti
2739 4256 2943 4310 animo
2996 4257 3220 4324 visitur;
3289 4256 3383 4312 cui
3453 4272 3593 4312 cum
3671 4259 3729 4312 et

349 4353 507 4407 αὐτοῦ
551 4357 644 4410 τὴν
697 4353 885 4426 ὁρμὴν,
941 4355 1332 4425 παρεχώρησαν
1388 4352 1555 4421 τούτῳ
1585 4354 1678 4407 την
1753 4345 1954 4414 δίοδον,
2068 4364 2114 4419 ρι

2068 4345 2354 4419 pecunias
2380 4349 2435 4400 et
2463 4345 2728 4399 triremes
2768 4361 2874 4399 sex
2917 4345 3276 4414 tradidisset,
3319 4345 3381 4400 id
3439 4361 3729 4414 magnam

348 4438 754 4514 ἐφοδιασάμενοι
808 4443 1190 4512 προσηκόντως.
1247 4438 1468 4490 Ἐκεῖθεν
1527 4441 1658 4511 πρὸς
1720 4441 1805 4489 τὸν
1863 4436 1960 4509 βα·
2073 4439 2110 4491 Β

2073 4436 2396 4502 Blachiam,
2427 4433 2592 4505 prius
2647 4434 2724 4488 ab
2770 4434 2870 4488 illo
2921 4434 3318 4505 jurejurando
3368 4434 3734 4491 formidabili

351 4530 499 4584 σιλέα
548 4529 756 4601 ἀφίκετο
808 4524 976 4597 οὗτος,
1046 4532 1134 4580 καὶ
1194 4528 1219 4578 ό
1275 4525 1527 4599 βασιλεὺς
1599 4525 1834 4598 ἀσμένως
1909 4544 1962 4578 τε
2073 4543 2116 4581 St

2073 4541 2236 4591 sane,
2268 4530 2558 4595 tanquam
2585 4523 2688 4594 qui
2720 4529 2776 4577 et
2803 4525 3120 4595 prudentia
3152 4541 3220 4580 ac
3244 4523 3488 4580 solertia
3546 4524 3736 4580 excel-

352 4627 532 4673 τοῦτον
589 4615 800 4681 ἐδέξατο
847 4623 937 4669 καὶ
1003 4619 1071 4676 ὡς
1133 4621 1586 4690 προσῳκειωμένον
1674 4625 1745 4686 τῷ
1829 4620 1963 4686 γένει
2073 4615 2117 4670 le

2073 4615 2233 4678 leret,
2268 4619 2535 4684 accepto,
2583 4613 2812 4666 direxit.
2863 4613 2970 4668 Ubi
3019 4614 3454 4669 Demetriadem
3508 4613 3739 4670 Manuel

352 4729 443 4761 και
474 4711 540 4770 ὡς
571 4707 732 4759 πάλαι
773 4703 1036 4764 δεσπότην
1074 4707 1459 4778 ὠνομασμένον,
1524 4703 1650 4768 δοὺς
1707 4702 1765 4758 δὲ
1822 4705 1963 4774 αὐτῷ
2079 4721 2113 4760 a

2079 4704 2407 4777 appulisset
2433 4708 2489 4758 et
2517 4702 2730 4758 amicis
2757 4703 2870 4773 67
2931 4719 3000 4757 ac
3056 4703 3452 4760 familiaribus
3499 4704 3578 4759 ad
3629 4703 3740 4759 hos

354 4807 550 4872 χρῆμα
598 4801 687 4849 καὶ
742 4801 972 4870 τριήρεις
1028 4796 1081 4858 ἓξ
1139 4795 1221 4848 ἐπὶ
1264 4801 1358 4854 τήν
1428 4796 1656 4868 μεγάλην
1735 4794 1964 4866 Βλαχίαν
2001 4852 2039 4872 n
2079 4795 2118 4850 li

2001 4852 2039 4872 η
2079 4795 2284 4850 litteris
2317 4792 2473 4848 datis
2506 4808 2682 4847 suum
2738 4791 3135 4862 signiﬁcasset
3183 4793 3532 4860 adventum,
3591 4792 3742 4848 alios

358 4852 412 4872 nu
452 4852 484 4870 Ἰ
774 4852 783 4870 Ι
849 4852 876 4867 ’⁸
959 4852 972 4858 ’
1064 4852 1078 4858 ⁷
1316 4852 1322 4854 ⁷
1428 4852 1436 4868 I
1500 4852 1512 4866 1
1616 4852 1620 4853 ⁷
1837 4852 1878 4866 Iv

358 4887 574 4959 ἀφῆκεν,
619 4889 800 4960 ὅρκους
840 4887 964 4960 παρ’
1017 4886 1177 4938 αὐτοῦ
1249 4885 1417 4938 λαϐών
1488 4882 1788 4960 φρικώδεις,
1863 4881 1964 4945 οἶος
2001 4852 2040 4905 D
2083 4900 2122 4955 p

2001 4852 2040 4905 θ
2083 4881 2587 4955 promissionibus
2609 4881 3014 4947 demulsisset,
3047 4881 3213 4937 nullo
3243 4882 3484 4954 negotio
3536 4883 3744 4954 copias

356 4976 543 5039 ἐκεῖνος
589 4981 838 5037 συνέσεως
881 4981 969 5029 καὶ
1025 4974 1306 5048 ἀγχινοίας
1359 4975 1563 5051 πλήρης
1610 4976 1678 5027 ὢν
1735 4978 1801 5031 ⁴⁰.
1861 4981 1964 5028 Κα-
2086 4992 2115 5029 c

2086 4972 2338 5042 collegit,
2373 4970 2812 5043 l’harsalosque
2834 4976 2890 5026 et
2914 4971 3218 5027 Larissam
3245 4976 3302 5027 et
3332 4971 3746 5028 Platamonem

356 5067 593 5123 ταλαϐὼν
621 5063 816 5120 οὖντὸν
841 5074 933 5128 τῆς
980 5063 1355 5142 Δημητριάδος
1405 5075 1564 5141 νῶρον
1615 5067 1641 5117 ό
1694 5065 1961 5138 Μανουηλ,
2088 5081 2121 5118 Si

2088 5062 2199 5118 sibi
2283 5059 2656 5133 comparavit
2733 5060 3131 5133 convenitque
3239 5077 3380 5117 cum
3465 5060 3754 5121 fratribus

437 5248 482 5282 “
515 5245 609 5299 οὐκ
633 5277 706 5288 -
734 5247 817 5298 ὅτε
843 5245 948 5298 ἀλλ’
981 5247 1006 5297 ὁ
1036 5245 1198 5300 Ἀσὰν
1230 5247 1312 5298 ὅτε
1339 5251 1428 5298 καὶ
1457 5247 1520 5300 D.
1603 5247 1648 5280 ⁸³
1681 5249 1806 5306 τέως
1833 5243 2082 5295 -ἐποίει
2106 5256 2202 5316 om

1991 5247 2082 5294 οίει
2106 5256 2234 5316 om.
2270 5243 2355 5316 ΒΑ
2413 5241 2468 5316 ‘37
2490 5238 2652 5316 καλὴν
2684 5271 2754 5316 ς-
2775 5239 3024 5316 εὖμεγέθη
3060 5256 3191 5316 om._
3215 5243 3277 5296 D.
3313 5241 3360 5316 ’ξι
3421 5239 3626 5316 οἶρῥενες
3657 5237 3756 5316 δυο

361 5335 484 5376 om.
530 5321 590 5374 D.
671 5319 718 5352 ⁸⁵
750 5317 928 5376 Θήλεια
960 5316 1118 5370 Ἀννα
1147 5338 1198 5370 τε
1224 5325 1314 5370 καὶ
1342 5318 1532 5392 Εἰρήνη
1576 5320 1636 5372 D.
1718 5318 1762 5351 λδ
1798 5318 2032 5390 πενθερὸν
2055 5314 2212 5366 αὐτον
2240 5312 2428 5366 πάλλον
2454 5315 2518 5367 D'
2597 5314 2638 5346 ⁸⁷
2675 5313 2989 5386 ὑπερηγάπα
3018 5343 3088 5353 —-
3135 5312 3466 5390 Κλεοπάτραῦ
3490 5312 3632 5370 'om.
3689 5315 3756 5370 D.

367 5391 416 5427 ⁸⁸
443 5398 553 5454 τοῖς
582 5389 637 5454 ἐξ
653 5388 824 5464 ’Λγαρ
851 5393 1062 5462 ὲνέτυχε
1089 5391 1154 5448 D.
1232 5391 1280 5426 ⁴⁹
1306 5386 1588 5465 φρικώδεις
1620 5420 1691 5428 —
1713 5393 1780 5439 ὤν
1812 5386 1952 5445 om.
1971 5387 2036 5440 D.

1268 5549 1611 5620 Theodori
1661 5551 1913 5618 Dousa:
1963 5558 2028 5616 et
2076 5547 2327 5616 Leonis
2374 5545 2612 5616 Allatii
2663 5555 2871 5614 notae.

455 5713 570 5791 (74)
603 5710 1020 5791 Παραεσπόνδει·
1046 5713 1128 5772 Cf.
1163 5715 1339 5772 Anna
1372 5716 1722 5781 Commena,
1755 5711 1857 5770 lib.
1892 5727 1996 5769 vn.
2027 5712 2168 5768 ALL.
