4470 6452
296 409 432 462 1073

287 531 425 585 Ἀλλ’
456 533 485 589 ἡ
517 529 751 602 βασιλίς,
781 551 809 580 ι(
838 529 913 582 Ού
942 532 1134 604 χρεὼν,
1170 552 1196 576 ›ι
1228 530 1378 599 φησί,
1407 545 1433 578 (ι
1469 529 1554 577 τὸν
1583 525 1890 597 φιλοσόφους
1921 530 1965 580 Α

289 625 466 692 λόγους
494 624 813 694 προφέροντα
843 623 1039 672 οὑτωσί
1099 637 1158 688 γε
1223 618 1712 690 προσαγορευθῆναι
1760 615 1881 689 παρ’

288 711 454 782 ημῶν.
511 732 538 758 n
603 710 758 763 Ταῦτ’
816 708 978 776 εἶπον,
1037 710 1106 767 ὡς
1168 705 1227 758 ἂν
1289 711 1696 778 παραστησαιμι
1759 708 1892 766 ὅπως

290 819 344 852 τε
373 800 501 858 αύτη
544 799 704 870 ἐφίλει
751 802 868 860 τούς
925 799 1110 869 λόγους
1167 800 1405 857 καὶτοὺς
1457 795 1642 865 λόγους
1686 791 1894 855 εἰδότας

289 891 504 949 τούτους
555 888 717 960 ἐτίμα.
778 893 1008 944 Θνήσκει
1060 890 1169 958 μὲν,
1225 889 1293 946 ὡς
1351 889 1491 951 ἔφην,
1569 886 1596 941 η
1684 882 1892 954 βασιλὶς

288 979 446 1042 αὕτη,
479 975 624 1049 οἶμαι
657 973 715 1028 δε
740 983 830 1029 καὶ
851 982 942 1034 τὴν
987 984 1078 1027 τοῦ
1128 976 1276 1033 ἡλίου
1345 973 1571 1041 ἔκλειψιν
1624 976 1708 1023 τὸν
1771 976 1891 1024 ταύ-

286 1086 382 1128 της
421 1073 758 1140 προσημαναι
813 1069 1050 1118 θάνατον.
1115 1070 1213 1117 Καὶ
1269 1069 1504 1134 κομήτης
1554 1059 1613 1114 δε
1654 1065 1753 1135 πρὸ
1791 1082 1891 1132 μη-

287 1166 386 1207 νῶν
417 1157 468 1219 ἐξ
487 1160 681 1230 περιτο
713 1159 866 1227 μέρος
899 1154 1116 1226 ἀνεφάνη
1149 1162 1238 1206 τοῦ
1283 1152 1447 1226 Βορρά
1482 1173 1491 1182 -
1557 1149 1617 1208 ἦν
1677 1148 1735 1202 δε
1785 1172 1891 1202 7m-

285 1251 499 1316 γωνίας,
553 1249 643 1296 καὶ
697 1241 944 1318 διήρκεσε
985 1253 1152 1314 μῆνας
1211 1250 1368 1312 τρεῖς,
1437 1240 1540 1310 οὐχ
1626 1247 1696 1291 ενὶ
1751 1244 1889 1310 τόπῳ

1628 1327 1659 1347 1‘.

285 1334 465 1386 ἀλλ’ἐν
495 1332 771 1408 διαφόροις
808 1338 1126 1406 φαινόμενος.
1164 1335 1306 1385 λιετά
1371 1331 1557 1403 βραχύ
1617 1331 1673 1382 δε
1729 1335 1818 1381 καὶ
1864 1332 1888 1382 6

287 1424 597 1496 Βουλγάρων
629 1427 810 1496 ἄρχων
867 1425 1025 1475 Ἀσάν
1065 1423 1119 1484 ἐξ
1150 1422 1429 1495 ἀνῦρώπων
1484 1419 1696 1490 ἐγένετο,
1768 1417 1886 1493 ἀνὴρ

286 1512 339 1565 ἐν
371 1511 661 1586 βαρϐάροις
691 1515 903 1586 ἄριστος
937 1511 1014 1582 [Ρ.
1195 1510 1486 1580 ἀναφανεὶς,
1545 1509 1636 1560 οὐκ
1697 1506 1741 1558 ἐν
1788 1516 1890 1568 τοῖς

279 1595 492 1662 ὀἰκείοις
521 1608 692 1672 μόνον,
725 1601 853 1652 ἀλλα
876 1620 931 1671 γε
959 1598 1022 1657 δη
1055 1607 1142 1652 καὶ
1172 1608 1280 1659 τοῖς
1340 1598 1627 1671 ἀλλοτρίοις
1662 1619 1672 1630 ·
1732 1596 1890 1670 ἐιρη-

287 1709 418 1742 σατο
449 1696 538 1741 καὶ
588 1693 688 1763 γὰρ
750 1691 1224 1762 φιλανθρωπότερον
1286 1695 1391 1748 τοῖς
1447 1691 1888 1760 προσερχομένοις

286 1778 690 1848 αύτῴἐπηλυσι,
743 1784 826 1830 καὶ
878 1779 1108 1850 μάλιστα
1166 1784 1274 1837 τοῖς
1325 1777 1618 1847 Ῥωμαίοις,
1675 1781 1762 1826 καὶ
1813 1795 1889 1844 φι-

283 1868 509 1940 λοτίμως
567 1870 746 1930 αὐτοῖς
802 1877 1023 1941 παρεῖχε
1073 1870 1136 1919 τὰ
1216 1872 1512 1936 σιτηρέσια.
1594 1866 1733 1916 Ἰἰπει
1802 1861 1887 1916 οὖν
1925 1876 1960 1928 Β

285 1957 445 2019 αὐτὸς
502 1957 772 2024 ἐτεθνήκει,
827 1960 852 2009 6
908 1960 1020 2019 υὶος
1078 1957 1256 2021 αὑτοῦ,
1292 1957 1344 2007 ὃν
1400 1955 1717 2025 Καλλιμάνον
1752 1957 1886 2004 ’Σιπο-

282 2048 473 2118 μαζον,
523 2046 578 2098 ἐκ
623 2057 716 2109 τῆς
777 2049 824 2110 ἐξ
877 2047 1128 2118 Ούγγρων
1175 2050 1341 2115 τούτῳ
1387 2049 1747 2116 γεγεννημένος
1796 2048 1886 2101 την

285 2135 464 2209 ἀρχὴν
495 2135 791 2200 ἀνεδέξατο.
825 2137 919 2189 1'llv
967 2133 1025 2188 δὲ
1074 2145 1145 2205 τῷ
1195 2139 1411 2205 τοιούτῳ
1465 2134 1770 2205 Καλλιμάνῳ
1801 2139 1888 2185 καὶ

279 2226 724 2298 αὐτοκασιγνήτη,
769 2229 825 2288 ἧς
859 2227 1087 2297 τοῦνομα
1137 2228 1346 2297 Θάμαρ.
1409 2227 1492 2276 Ἐκ
1553 2221 1610 2275 δε
1657 2233 1750 2285 τῆς
1797 2232 1887 2274 τοῦ

277 2314 536 2387 Ἀγγελου
561 2319 818 2390 θυγατρὸς
866 2316 1132 2385 τῷἰὶσάν
1191 2321 1326 2387 τρεῖς
1381 2310 1568 2373 παῖδες
1625 2317 1887 2382 γεγέννην-

276 2423 386 2473 ται,
426 2405 588 2480 ἄρρην
621 2408 645 2456 6
698 2405 938 2477 Μιχαὴλ,
992 2407 1046 2456 αἱ
1089 2405 1310 2467 θήλειαι,
1363 2406 1426 2462 ὡς
1490 2403 1797 2475 ειρηκειμεν,
1854 2404 1881 2459 η

277 2501 456 2568 Μαρία
485 2500 573 2547 καὶ
612 2497 641 2553 ἡ
676 2495 933 2548 Ἀννα.’0
977 2499 1065 2564 μεν
1117 2495 1204 2545 οὖν
1258 2493 1579 2564 Καλλιμάνος
1638 2499 1730 2549 την
1788 2512 1886 2543 πα-

268 2589 457 2657 τρικὴν
486 2583 660 2656 ἀρχὴν
693 2583 1086 2655 ἀναζωσάμενος
1128 2588 1218 2633 καὶ
1269 2586 1361 2640 τας
1399 2586 1528 2653 μετά
1585 2588 1672 2632 τον
1729 2580 1885 2651 βασι-

270 2673 398 2735 λέως
447 2674 682 2728 Ἰωάννου
743 2671 976 2733 σπονδὰς
1026 2675 1362 2738 ἀνενεώσατο,
1413 2676 1496 2722 καὶ
1549 2674 1694 2741 εἰχον
1751 2670 1886 2741 εἰρὴ-

270 2782 366 2820 νην
402 2761 448 2814 ἐν
470 2771 577 2824 τοὶς
601 2766 854 2822 τοιούτοις
897 2765 961 2813 τα
1007 2763 1314 2832 πράγματα.
1373 2767 1477 2812 Τοῦ
1534 2755 1592 2811 δε
1640 2757 1887 2815 Μανουὴλ

275 2859 372 2903 τοῦ
426 2849 649 2923 ἀδελφοῦ
695 2848 972 2925 Θεοδώρου
1027 2850 1441 2909 τετελευτηκότος
1493 2853 1584 2905 τὴν
1669 2867 1888 2920 κρατου-

280 2944 438 3012 μένην
487 2941 610 3013 παρ’
664 2941 822 2992 αὐτοῦ
872 2947 1054 3012 χώραν
1104 2941 1128 2989 6
1189 2938 1397 3008 ἀνεψιὸς
1455 2937 1614 2988 αὐτοῦ
1666 2937 1889 3007 Μιχαὴλ

279 3033 515 3102 κατέσχε
544 3036 714 3102 καὶτῇ
751 3031 908 3081 αὐτού
961 3035 1302 3102 προσήρμοσε
1360 3033 1549 3098 χώρα·
1622 3032 1710 3077 καὶ
1755 3023 1887 3082 ἦσαν

1819 402 2140 458 ANNALES

3529 411 3661 466 1074

2007 547 2033 574 ‹‹
2077 529 2146 580 At
2213 525 2455 580 minime
2500 540 2656 594 opus
2698 529 2785 580 est
2837 523 3288 598 philosophicos
3355 548 3660 593 sermones

2005 620 2464 686 pertractantem
2489 615 2571 670 sic
2600 631 2636 669 a
2661 615 2834 670 nobis
2867 615 3235 686 compellari.
3273 640 3299 667 »
3345 620 3480 677 Haec
3528 627 3662 684 ideo

2004 703 2216 758 etfatus
2232 720 2388 769 sum,
2410 708 2776 776 utquantum
2792 705 2922 774 ipsa
2937 705 3316 762 sermonibus
3330 708 3664 772 afficeretur

2003 798 2060 848 et
2088 808 2436 848 sermonum
2470 793 2753 847 similium
2787 807 3006 862 gnaros
3036 793 3380 864 honoraret,
3412 798 3660 872 eluceat,

2003 883 2240 936 Moritur
2269 897 2432 950 ergo,
2457 887 2518 936 ut
2548 881 2693 947 dixi,
2718 882 2845 937 haec
2870 883 3235 954 imperatrix,
3267 887 3661 963 existimoque

2003 971 2120 1041 95
2155 970 2291 1024 solis
2322 971 2616 1025 defectum
2673 970 2828 1025 illius
2887 977 3143 1028 mortem
3202 977 3659 1044 praenuntiasse.

2003 1063 2246 1114 Cometa
2285 1059 2484 1122 etiam,
2541 1075 2612 1114 ex
2656 1074 2864 1114 eorum
2919 1061 3117 1132 specie
3169 1077 3323 1133 quos
3372 1063 3660 1125 barbatos

2001 1147 2275 1213 dicimus,
2308 1155 2443 1203 ante
2491 1164 2594 1203 sex
2647 1163 2884 1203 menses
2939 1149 2998 1204 in
3053 1151 3357 1210 Borealem
3412 1155 3658 1227 plagam

2001 1237 2655 1309 apparuit,sutt’ecitque
2687 1253 2924 1293 menses
2965 1244 3077 1295 tres
3109 1257 3230 1298 non
3261 1261 3380 1300 uno
3410 1246 3472 1301 in
3502 1245 3661 1302 loco-

2002 1327 2103 1380 sed
2139 1326 2254 1381 alio
2299 1332 2479 1398 atque
2527 1327 2642 1382 alio
2696 1327 3037 1396 divagatus.
3099 1333 3214 1386 Nec
3271 1334 3460 1391 multo
3518 1340 3656 1407 post

2005 1414 2393 1478 Bulgarorum
2426 1415 2703 1487 princeps
2768 1421 3002 1472 Asanus
3064 1419 3185 1476 vita
3237 1424 3508 1489 excessit,
3571 1424 3659 1479 vir

2000 1503 2149 1558 inter
2181 1505 2472 1560 barbaros
2501 1506 2786 1576 optimus,
2827 1521 2936 1561 nec
2987 1510 3246 1580 propriis
3307 1513 3491 1568 modo
3554 1512 3660 1568 sed

2000 1594 2209 1648 alienis
2243 1595 2420 1649 etiam
2451 1596 2675 1665 optime
2703 1611 2846 1650 usus
2889 1613 2901 1650 :
2964 1596 3382 1656 humaniorem
3440 1601 3661 1657 etenim

2000 1699 2136 1737 cum
2163 1682 2353 1737 adven
2367 1683 2409 1736 is
2427 1683 2502 1737 ad
2521 1699 2658 1737 eum
2675 1687 3188 1758 concurrentibus,
3205 1693 3261 1744 et
3281 1689 3662 1760 potissimum

2001 1772 2302 1838 Romanis,
2321 1772 2538 1842 quibus
2557 1773 2876 1839 magniﬁce
2896 1775 3661 1848 stipendianumerabat,se

2001 1861 2271 1931 ριιεθιηιὶι.
2309 1865 2386 1914 ΕΟ
2415 1861 2528 1916 vita
2559 1862 2760 1916 functo
2789 1862 3151 1918 Callimanus
3173 1867 3302 1936 ejus
3323 1883 3393 1922 ex
3424 1870 3664 1938 Ungara

2000 1949 2153 2003 titius
2185 1951 2242 2004 in
2268 1949 2581 2004 dominatu
2623 1952 2908 2008 succedit.
2943 1953 3274 2011 Callimano
3303 1971 3472 2012 soror
3507 1961 3657 2025 arat,

2000 2040 2093 2094 cui
2123 2040 2401 2095 'l‘hamari
2445 2056 2686 2094 nomen.
2725 2044 2804 2096 Ex
2833 2041 2956 2096 ﬁlia
2983 2059 3123 2099 vero
3160 2046 3366 2115 Angeli
3416 2051 3658 2104 Asanus

2002 2120 2112 2183 Lres
2162 2129 2312 2183 ﬁlios
2387 2135 2750 2200 susceperat,
2822 2131 3129 2188 Michalem
3182 2136 3541 2206 masculum,
3595 2140 3660 2196 ut

1998 2219 2283 2286 diximus,
2315 2219 2562 2278 Mariam,
2603 2223 2658 2274 et
2713 2224 2951 2276 Annam
2985 2221 3258 2279 feminas.
3288 2225 3656 2284 Callimanus

1999 2316 2314 2379 paternum
2354 2324 2607 2377 regnum
2635 2325 2954 2380 capessens
2981 2311 3206 2369 foedera
3250 2330 3390 2371 cum
3429 2318 3658 2376 Joanne

1997 2399 2358 2469 imperatore
2387 2403 2652 2454 renovat.
2691 2400 2904 2472 Sicque
2938 2401 3177 2473 placida
3203 2404 3262 2459 in
3285 2421 3433 2477 pace
3451 2409 3658 2467 omnia

1997 2488 2404 2559 quiescebant.
2494 2490 2757 2544 Manuelc
2853 2506 3032 2562 porro
3107 2493 3401 2551 Theodori
3477 2495 3656 2556 fratre

1999 2577 2289 2632 exstincto
2302 2578 2434 2632 loca
2449 2577 2524 2632 ab
2538 2593 2607 2632 eo
2622 2578 2866 2634 obtenta
2881 2579 3121 2635 Michael
3136 2597 3324 2654 nepos
3339 2587 3659 2658 occupavit

1997 2668 2239 2738 suisque
2254 2667 2385 2736 conj
2400 2667 2582 2721 unxit.
2602 2670 2984 2741 Rursumque
3000 2671 3350 2728 Theodorus
3369 2676 3658 2748 Angelus,

1998 2772 2138 2811 cum
2174 2756 2326 2810 titius
2381 2759 2644 2811 Joannes
2683 2757 3084 2815 Thessaloniae
3139 2766 3194 2818 et
3245 2763 3662 2833 adjacentibus

1997 2845 2144 2900 locis
2208 2846 2532 2917 imperator
2581 2845 3031 2914 acclamaretur,
3077 2853 3135 2906 et
3186 2855 3440 2922 patruus
3502 2853 3662 2910 illius

1999 2937 2446 3004 Constantinus,
2478 2935 2727 3007 despota
2756 2941 2813 2991 et
2845 2937 2976 3008 ipse
3011 2938 3329 3008 vocitatus,
3389 2945 3446 2998 et
3471 2958 3662 3016 nepos

1997 3024 2184 3096 ipsius
2207 3024 2456 3080 Michael
2484 3025 2634 3080 inter
2655 3041 2716 3079 se
2741 3042 2955 3098 pacem
2983 3028 3265 3099 agebant.

282 3115 436 3180 αὖθις
465 3119 802 3192 εἰρηνεύοντες
831 3122 935 3170 ὅτε
956 3115 1231 3190 Θεόδωρος
1264 3117 1518 3187 Ἀγγελος,
1545 3121 1630 3168 τὸν
1679 3119 1791 3166 νιον
1837 3113 1996 3166 αὑτοῦ
2039 3114 2276 3171 Ἰωάννην
2335 3119 2469 3186 ἔχων
2519 3115 2566 3167 ἐν
2613 3116 2970 3188 Θεσσαλονίκη
3040 3123 3131 3171 καὶ
3187 3127 3297 3181 τοῖς
3351 3124 3466 3194 περὶ
3490 3121 3656 3183 αὐτὴν

282 3207 576 3281 βασιλικῶς
593 3209 962 3280 φημιζομενον,
985 3212 1075 3259 καὶ
1101 3209 1126 3258 6
1156 3209 1285 3268 θεῖος
1319 3207 1477 3258 αὐτοῦ
1539 3212 1919 3266 Κωνσταντίνος
1969 3200 2262 3266 ὃεσοποτης
2304 3210 2392 3256 καὶ
2432 3206 2577 3267 οὗτος
2621 3207 2953 3278 καλούμενος,
2996 3212 3086 3260 καὶ
3145 3210 3172 3260 6
3222 3208 3426 3281 ἀνεψιὸς
3489 3212 3652 3266 αὑτοῦ

280 3297 500 3368 Μιχαὴλ
539 3299 606 3352 ⁵⁴.

353 3384 507 3456 μ’.Ὀ
534 3388 624 3457 μεν
673 3385 761 3436 ούν
809 3383 1057 3456 βασιλεύς
1107 3383 1368 3446 Ἰωάννης,
1432 3379 1610 3440 ἐπειδὴ
1646 3385 1670 3434 6
1731 3381 1883 3434 Βούλ-
1929 3381 1968 3436 C

278 3485 436 3550 γαρος
488 3476 645 3526 ’ώσάν
678 3477 724 3509 ⁵⁵
757 3471 989 3526 ἐκποδὼν
1047 3473 1241 3544 ἐγένετο
1281 3479 1370 3525 καὶ
1428 3476 1696 3547 μειράκιον
1751 3470 1886 3543 ἦρχε

280 3573 376 3625 τῆς
432 3573 530 3616 τῶν
589 3564 912 3638 Βουλγάρων,
959 3560 1139 3624 ἀδείας
1189 3561 1508 3635 δραξάμενος
1577 3563 1887 3636 ἐπεχείρησε

281 3659 377 3712 τὴν
411 3652 694 3725 βασιλικὴν
725 3654 1020 3704 καταλυσαι
1049 3653 1236 3711 κλῆσιν
1296 3659 1388 3710 την
1441 3653 1885 3724 ἐπεφημιζομένην

279 3750 352 3812 τῷ
381 3742 585 3814 Ἰωάννη
650 3751 720 3812 τῷ
775 3745 871 3810 υἱῷ
910 3749 998 3794 τοῦ
1053 3742 1323 3812 Ἄγγελον.
1382 3747 1480 3794 Καὶ
1537 3750 1737 3815 πρῶτον
1783 3761 1885 3812 μη-

276 3835 503 3903 νύμασιν
561 3833 888 3883 ύποποιεῐται
953 3834 1039 3882 τὸν
1103 3831 1262 3882 αὑτοῦ
1337 3835 1538 3904 πατέρα
1591 3827 1883 3902 Θεόδωρον.

279 3926 381 3974 Καὶ
413 3917 552 3979 δῆτα
576 3917 676 3980 οἶος
728 3920 914 3981 ἐκεῖνος
977 3919 1280 3993 ἀπροοπτως
1339 3919 1620 3993 ἐπιχειρων
1676 3919 1722 3971 ἐν
1781 3928 1887 3980 τοῖς

276 4012 575 4084 πράγμασι,
636 4007 800 4082 μηδέν
845 4030 896 4061 τι
952 4020 1048 4062 τῶν
1101 4010 1510 4082 συμϐησομένων
1582 4007 1782 4062 ύπιὸὼν
1839 4012 1886 4044 δῦ

277 4104 632 4174 προσέρχεται
661 4108 731 4168 τῷ
774 4099 986 4171 βασιλεῖ
1013 4101 1245 4172 Ἰωάννη,
1293 4104 1382 4150 καὶ
1432 4096 1756 4171 ὑποδέχεται
1796 4099 1889 4151 αύ-

272 4180 364 4242 τὸν
422 4190 566 4249 οὗτος
624 4188 858 4262 ἀσμένως
913 4195 1002 4241 καὶ
1053 4195 1317 4262 τετίμηκε,
1389 4192 1522 4242 θεῖον
1588 4209 1640 4242 τε
1704 4198 1885 4242 τούτου

274 4279 546 4332 ἀποκαλῶν
604 4278 698 4330 κάν
864 4278 1024 4330 αὐτοῦ
1077 4280 1411 4349 συγκαθίζων
1472 4281 1702 4354 τραπέζῃ
1797 4286 1886 4332 καὶ

1617 4372 1754 4422 Ἐπεὶ
1827 4367 1885 4423 δε

277 4468 458 4511 τοῦτον
486 4459 533 4510 ἐν
564 4467 742 4530 χεροῖν
774 4463 930 4529 ἔσχεν
954 4461 978 4509 6
1013 4457 1264 4530 βασιλεὺς
1321 4459 1476 4529 ἔτυχε
1528 4457 1584 4511 ὃε
1633 4466 1721 4511 καὶ
1775 4468 1885 4520 ταῖς

273 4379 374 4422 τῶν
417 4370 605 4421 λοιπῶν
664 4369 1124 4441 φιλοφρονημάτων
1180 4366 1520 4441 μεταδιδούς.

278 4552 440 4602 αὐτού
473 4546 730 4620 δυνάμεσι
787 4558 902 4609 ταῖς
961 4549 1276 4621 ἰ’ωμαικαῖς
1328 4552 1626 4621 στράτευμα
1667 4551 1885 4624 ἀξιομα-

277 4659 378 4711 χον
421 4641 699 4712 προστεθὲν
759 4636 812 4688 ἐκ
871 4640 1075 4689 Σκυθῶν
1134 4641 1367 4704 (τούτους
1427 4642 1527 4710 γαρ
1598 4645 1694 4713 προ
1756 4640 1884 4714 βρα-

2070 3385 2154 3435 40.
2184 3385 2511 3454 Imperator
2541 3399 2684 3454 ergo
2731 3386 3014 3455 Joannes,
3047 3388 3253 3442 Asano
3289 3387 3544 3458 Bulgaro
3574 3389 3651 3447 de

2000 3473 2199 3526 medio
2231 3472 2466 3528 sublato
2499 3477 2555 3530 et
2585 3491 2773 3545 puero
2805 3476 2923 3546 7o
2959 3475 3245 3546 Bulgariae
3294 3477 3652 3550 imperante,

1997 3560 2311 3615 occasione
2365 3567 2601 3632 arrepta
2652 3563 3122 3634 appellationem
3180 3563 3655 3638 imperatoriam,

1997 3665 2119 3720 qua
2148 3652 2408 3705 Joannes
2437 3651 2645 3720 Angeli
2672 3651 2825 3707 ﬁlius
2857 3652 3166 3723 gestiebat,
3196 3653 3414 3710 debere
3441 3655 3554 3712 sibi
3595 3656 3657 3713 in

1998 3739 2200 3794 animo
2214 3742 3229 3812 proponens,primumTheodorum
3252 3743 3408 3800 illius
3423 3750 3658 3818 patrem

1997 3829 2206 3884 nuntio
2239 3829 2551 3885 seductum
2581 3830 2695 3886 sibi
2720 3832 3018 3899 conciliat,
3052 3834 3156 3904 qui
3190 3838 3481 3907 tanquam
3517 3840 3659 3893 tunc

1998 3934 2204 3974 recens
2232 3935 2324 3974 res
2355 3935 2703 3988 aggressus,
2739 3921 2886 3976 nihil
2917 3937 3128 3978 eorum
3149 3939 3284 3995 quae
3312 3926 3660 3996 contingere

2000 4013 2272 4079 poterant
2302 4012 2655 4082 suspicatus,
2687 4011 2764 4067 ad
2793 4014 3086 4068 Joannem
3125 4013 3552 4086 imperatorem
3593 4032 3658 4072 se

1999 4098 2242 4154 confert.
2270 4104 2595 4172 Imperator
2612 4117 2749 4156 eum
2773 4101 2989 4174 excipit
3009 4101 3440 4172 lubentissime,
3467 4107 3658 4165 hono-

1997 4188 2162 4243 ribus
2186 4188 2386 4252 atficit,
2413 4197 2816 4262 patruumque
2842 4207 3068 4246 vocans
3094 4208 3305 4249 mensa
3322 4210 3392 4251 ac
3408 4195 3653 4270 reliquis

1995 4278 2386 4334 humanitatis
2408 4278 2616 4334 ofﬁciis
2645 4280 3132 4338 communicavit.
3160 4284 3481 4357 Postquam
3511 4301 3652 4345 eum

1997 4368 2055 4422 in
2081 4373 2370 4439 potestate
2400 4369 2630 4438 habuit,
2657 4373 2714 4425 et
2752 4385 2874 4425 non
2905 4372 3384 4428 contemnendus
3414 4379 3573 4432 esset
3619 4394 3652 4434 e

1998 4459 2230 4529 Scythis
2281 4458 2590 4526 exercitus,
2661 4475 2815 4531 quos
2888 4475 3010 4515 non
3057 4459 3276 4517 multos
3324 4468 3462 4521 ante
3517 4465 3648 4523 dies

1996 4547 2348 4602 muneribus
2411 4548 2707 4619 variisque
2773 4548 3083 4604 beneﬁciis
3144 4550 3255 4606 sibi
3343 4552 3652 4612 devinctos

1997 4643 2175 4706 atque
2221 4653 2289 4692 ex
2347 4638 2806 4693 immanioribus
2853 4639 3126 4695 moribus
3187 4644 3244 4697 et
3309 4644 3656 4704 Macedonia

280 4733 402 4802 χέος
427 4729 536 4798 (78)
565 4729 606 4761 ⁵⁷
641 4724 828 4801 δώροις
858 4747 910 4778 τε
950 4733 1038 4778 καὶ
1089 4723 1367 4789 δεξιώσεσι
1418 4729 1682 4790 ποικίλοις
1709 4732 1733 4780 6
1791 4730 1887 4802 βα·
1921 4737 1962 4788 Ι)
1997 4727 2045 4780 (ii

1921 4737 1962 4788 Ι)
1997 4727 2311 4782 distractos
2357 4727 2415 4781 in
2479 4728 2830 4784 orientalem
2883 4745 3054 4784 oram
3097 4729 3446 4804 deduxerat,
3509 4736 3655 4792 satis

284 4817 451 4877 σιλεύς
483 4817 718 4876 Ἰωάννης
766 4819 1066 4888 χειροήθεις
1120 4836 1172 4868 τε
1212 4823 1487 4875 πεποίηκεν
1530 4819 1580 4880 ἐξ
1612 4821 1656 4853 ⁵⁸
1692 4819 1888 4893 ἀγριω-

279 4912 426 4980 τέρου
452 4915 543 4958 τοῦ
587 4907 763 4973 ἤθους,
822 4912 911 4958 καὶ
962 4915 1054 4968 τῆς
1107 4904 1418 4958 Μακεδόνων
1477 4907 1748 4962 ἀπέσπασε
1801 4916 1889 4962 καὶ

279 5000 404 5070 πρὸς
434 4999 500 5047 τὰ
530 5003 622 5056 τῆς
662 4996 725 5048 ἔω
778 4996 824 5030 ⁵9
882 4992 1159 5068 διεπέρασε
1215 4998 1391 5068 μέρη),
1440 5000 1644 5059 τούτοις
1697 5000 1887 5071 μᾶλλον

281 5086 569 5161 θαρρήσας,
596 5090 687 5137 καὶ
726 5082 892 5157 μηδέν
948 5106 998 5138 τι
1050 5083 1216 5138 δεινὸν
1263 5086 1316 5138 ἐκ
1373 5087 1670 5162 Βουλγάρων
1730 5111 1887 5163 προσ-

275 5173 466 5243 δοκῶν,
504 5179 560 5226 τὸ
591 5178 679 5247 μεν
713 5172 806 5227 δια
831 5180 920 5238 τας
950 5180 1287 5248 γεγενημένας
1308 5174 1556 5238 σπονὸας,
1588 5182 1643 5229 τὸ
1693 5175 1750 5230 δε
1798 5185 1887 5232 καὶ

274 5263 369 5318 6⁵ιά
397 5269 455 5317 τὸ
482 5267 580 5317 υπὸ
611 5270 886 5338 μειρακίου
921 5269 985 5316 τα
1019 5276 1116 5317 τών
1160 5261 1462 5338 Βοῖνλγάρων
1515 5263 1880 5340 ὃιεξάγεσθαι,

349 5409 396 5442 ⁵⁸
428 5407 674 5465 Μανουὴλ
703 5410 794 5478 Du
843 5409 890 5442 ⁵³
924 5412 1085 5478 ⁴Ασάν
1116 5425 1240 5464 om.
1278 5413 1339 5466 Ο.

279 5481 380 5541 θεις
407 5485 686 5538 πεποίηκεν
709 5483 734 5531 6
768 5477 1016 5552 βασιλεὺς
1047 5481 1098 5544 ἐξ
1125 5485 1187 5537 D.

1418 5413 1465 5446 ⁵⁸
1493 5417 1580 5462 καὶ
1624 5408 1762 5472 ὃῆτα
1791 5447 1857 5454 —
1889 5414 2115 5488 υπιὸὼν]
2147 5416 2171 5466 6
2206 5411 2263 5466 δὲ
2310 5418 2374 5469 υ.
2453 5416 2496 5449 57
2557 5417 2656 5488 πρὸ
2707 5413 2941 5490 βραχὲος
3009 5433 3130 5473 om.
3199 5421 3265 5476 Ι).

1270 5484 1315 5516 ⁵9
1344 5487 1467 5555 πρὸς
1498 5489 1590 5543 τὴν
1617 5487 1680 5536 ἕω
1716 5489 1778 5544 D.
1820 5488 2048 5542 omisso
2097 5484 2259 5561 μερη.

1999 4819 2203 4873 animo
2236 4823 2393 4873 certo
2425 4823 2480 4872 et
2510 4820 2865 4874 conlirmato
2895 4820 3040 4875 nihil
3070 4820 3180 4875 sibi
3209 4820 3580 4881 incommodi
3621 4842 3659 4883 a

2003 4908 2270 4977 Bulgat‘is
2307 4907 2751 4980 pertimescens,
2785 4911 3003 4980 partim
3036 4915 3277 4982 propter
3308 4918 3485 4985 pacta
3515 4931 3657 4972 cum

1999 5001 2083 5055 eis
2116 4999 2279 5068 inita,
2314 4999 2530 5071 partim
2561 5001 2726 5071 quod
2775 5015 2868 5056 res
2918 5000 3313 5071 Bulgarorum
3379 5019 3417 5060 a
3467 5020 3657 5078 puero

1997 5095 2361 5156 regerentur,
2428 5105 2494 5144 ex
2543 5089 2775 5145 Oriente
2833 5089 3094 5157 solvens,
3149 5095 3653 5165 prreternavigato

2001 5177 2396 5249 Hellesponto,
2428 5194 2631 5234 secum
2663 5195 2786 5235 una
2811 5185 2867 5236 et
2898 5183 3307 5239 Romanarum
3339 5184 3655 5256 copiarum

1999 5275 2053 5324 et
2079 5270 2434 5341 Scytharum
2465 5269 2700 5326 auxiliis
2739 5270 2999 5327 advectis
3034 5271 3324 5330 adversus
3359 5277 3655 5332 Joannem

3343 5419 3390 5454 ⁵⁸
3441 5424 3657 5494 χειροη-

1176 5607 1512 5676 Theodori
1566 5611 1815 5678 Dousre
1866 5623 1930 5678 et
1978 5613 2232 5680 Leonis
2288 5613 2519 5681 Allatii
2571 5623 2774 5681 notae.

351 5750 466 5823 (78)
497 5753 720 5812 Τούτους
749 5753 851 5827 γὰρ
879 5754 977 5826 πρὸ
1007 5749 1257 5828 βραχέος.
1294 5756 1604 5826 Gergoras,
1637 5772 1696 5830 p.
1728 5760 1816 5826 37,
1850 5757 2116 5814 brevissii

637 5769 720 5812 ους
749 5753 851 5827 γὰρ
879 5754 977 5826 πρὸ
1007 5749 1257 5828 βραχέος.
1294 5756 1604 5826 Gergoras,
1637 5772 1696 5830 p.
1728 5760 1816 5826 37,
1850 5757 2221 5814 brevissime.
2265 5759 2401 5814 ALL.
