4470 6452
821 429 960 484 1075

823 643 1016 699 aciem
1049 640 1304 696 instruit.
1364 643 1426 695 lit
1495 655 1630 694 cum
1671 639 1932 694 Thraciae
1993 657 2061 695 ac
2119 641 2472 697 Macedonia:

825 731 1053 804 oppida
1087 734 1448 801 superasset,
1511 729 1927 800 Cliristopolim
1995 736 2050 784 et
2093 731 2472 802 Strymonem

824 819 1169 892 praeteriens
1221 817 1482 872 Rentinaa
1523 817 1764 872 castello
1805 834 1838 872 a
1870 818 2171 873 nonnullis
2232 819 2477 874 Joannis

825 911 934 978 71
975 906 1258 963 militibus
1281 905 1576 961 custodito
1607 906 1889 977 applicat,
1918 908 2018 977 qui
2070 923 2178 962 nec
2226 909 2478 979 impera-

826 998 968 1053 toris
991 996 1234 1052 Joannis
1266 1001 1648 1066 comparatos
1677 997 1966 1050 exercitus
1998 997 2208 1054 intuiti.
2238 997 2478 1052 casthlo

825 1086 1176 1156 neglectoin
1211 1085 1415 1153 fugam
1444 1101 1570 1140 sese
1599 1086 2002 1155 conjicientes.
2037 1088 2256 1141 cursim
2303 1088 2476 1142 Thes-

827 1175 1156 1232 salonicam
1176 1179 1402 1246 petunt.
1430 1175 1696 1238 Quicum
1726 1175 2080 1246 imperatore
2112 1182 2296 1246 erant,
2339 1177 2480 1231 viris

827 1263 1217 1320 bellatoribus
1232 1278 1487 1318 vacuum
1504 1263 1808 1318 castellum
1825 1271 2121 1335 occupant
2135 1269 2188 1320 et
2205 1266 2261 1319 in
2283 1271 2480 1320 custo-

827 1352 992 1408 diam
1016 1351 1279 1407 tradunt.
1313 1354 1640 1421 Imperator
1665 1352 1979 1407 recollecto
2012 1359 2267 1408 exercitu
2295 1369 2480 1425 prope

827 1440 1317 1498 Thessalonicam
1350 1439 1543 1495 stadia
1585 1440 1812 1495 circiter
1833 1446 1966 1496 octo
2029 1448 2222 1498 castra
2271 1443 2478 1514 ponit;

827 1543 1052 1584 nomen
1108 1529 1242 1586 loco
1304 1528 1572 1584 Provatae
1642 1529 1876 1584 hortus.
1947 1532 2092 1584 Cum
2158 1530 2238 1585 illi
2288 1546 2482 1602 neque

829 1622 1127 1677 tormenta
1174 1633 1371 1690 neque
1424 1619 1655 1682 arietes,
1707 1618 1930 1690 quibus
1986 1625 2212 1675 tantam
2271 1621 2482 1675 urbem

829 1712 1210 1781 oppugnaret
1251 1713 1305 1762 et
1339 1707 1544 1778 przelio
1598 1708 1709 1762 sibi
1744 1713 2054 1776 assereret,
2080 1715 2482 1780 suppeterent,

2104 424 2390 482 GEORGII
2415 426 2886 484 ACROPOLITJE

821 550 1255 610 Thessalonicte
1275 549 1653 622 imperatoris
1679 550 1791 606 Sibi
1813 565 2031 606 nomen
2065 551 2469 606 vindicantem
2505 551 2551 603 A
2593 550 2795 624 ἀπάρας
2845 562 2932 613 τῆς

4048 443 4180 496 1076

2983 554 3044 606 ἓω
3095 557 3121 607 6
3175 555 3425 628 βασιλεὺς
3493 566 3581 612 καὶ
3642 557 4037 636 διαπεραιωθεὶς
4097 567 4182 616 τὸν

2587 640 2978 710 Ἑλλήσποντον,
3013 647 3106 704 τὰς
3152 644 3203 696 ἐκ
3276 656 3372 698 τῶν
3420 647 3714 721 Ῥωμαϊκῶν
3783 656 4181 724 στρατευμάτων

2592 724 2836 800 δυνάμεις
2876 735 3084 791 καὶτὰς
3128 731 3181 783 ἐκ
3233 742 3330 786 τῶν
3381 739 3587 788 Σκυθῶν
3644 735 3752 808 μεθ’
3818 738 4001 790 ἑαυτου
4048 743 4183 810 ἔχων

2588 826 2756 891 χωρεῖ
2793 819 2926 870 κατά
2964 829 3054 872 του
3112 820 3159 871 ἐν
3226 824 3578 897 Θεσσαλονίκῃ
3639 831 3992 898 φημιζομενου
4027 828 4184 900 Ιϐάσι-

2588 907 2745 959 λευειν
2776 910 3030 964 Ἰωάννου.
3058 909 3196 962 Ἐπεὶ
3225 913 3273 946 ⁶⁰
3299 909 3357 964 δε
3412 913 3643 986 παρῆλθε
3697 918 3763 966 τα
3815 925 3910 976 τῆς
3976 920 4188 991 Θράκης

2589 1001 2677 1047 καὶ
2705 994 3030 1058 Μακεδονίας
3067 1004 3262 1073 χωρία,
3307 999 3413 1059 ἤδη
3471 999 3529 1054 δὲ
3579 1009 3667 1056 καὶ
3709 1007 3801 1062 τὴν
3859 1009 4185 1077 Χριστούποο

2588 1083 2666 1135 λιν
2697 1087 2996 1158 παρήμειψε
3042 1095 3132 1140 καὶ
3189 1094 3276 1141 τόν
3343 1097 3625 1164 Στρυμόνα,
3683 1101 3754 1162 τῷ
3812 1100 4038 1168 φρουρίῳ
4094 1103 4188 1157 τῆς

2589 1173 2836 1235 Ῥεντίνης
2887 1175 2968 1248 [ν’
3037 1177 3128 1249 36]
3194 1184 3451 1253 προσέχεν
3497 1180 3595 1232 ὑπὸ
3656 1201 3802 1234 τινων
3891 1188 4190 1256 τηρουμένας»

2590 1272 2690 1314 τῶν
2730 1263 2988 1329 Ἰωάννου,
3040 1266 3086 1317 οἱ
3140 1272 3228 1319 καὶ
3283 1273 3380 1341 πρὸ
3429 1276 3518 1320 τοῦ
3577 1274 3642 1321 τα
3697 1275 4067 1347 στρατεύματα
4101 1280 4190 1324 τοῦ

2595 1349 2851 1422 βασιλέως
2909 1353 3141 1406 Ἰωάννου
3187 1352 3314 1408 ἰδεῖν
3371 1358 3737 1420 καταλιπόντες
3804 1365 3860 1413 τό
3926 1365 4186 1435 φρούριον,

2595 1450 2726 1512 φυγῇ
2757 1445 3110 1514 χρησάμενοι,
3146 1442 3390 1517 ὃρομαίοι
3430 1451 3524 1506 τὴν
3579 1450 3968 1508 Θεσσαλονίκην
4026 1453 4191 1523 εἰσῄε-

2597 1551 2712 1584 σαν.
2754 1530 2982 1605 Ἕρημον
3015 1529 3072 1584 δὲ
3113 1531 3315 1606 ἀνδρῶν
3344 1535 3667 1608 πολεμιστῶν
3722 1541 3949 1611 εὑρόντες
4001 1543 4049 1591 οἱ
4100 1549 4192 1591 τοῦ

2601 1621 2853 1692 βασιλέως
2893 1627 3155 1694 κατέσχον
3189 1624 3314 1676 αὐτὸ
3349 1630 3438 1676 καὶ
3496 1627 3721 1697 φυλακὴν
3780 1628 4192 1700 ἐγκατέστησαν.

2595 1709 2655 1763 ’Θ
2695 1707 2752 1762 δε
2784 1709 3034 1782 βασιλεὺς
3056 1719 3148 1770 τὴν
3183 1718 3433 1786 στρατιὰν
3467 1714 3836 1787 συλλεξάμενος
3895 1718 4104 1769 ἅπασαν
4153 1718 4199 1751 ⁶⁰

830 1798 1032 1864 milite,
1051 1796 1154 1851 sed
1172 1796 1466 1868 praecipue
1485 1797 1759 1867 Scythico
1773 1797 2120 1852 excurrebat
2135 1841 2145 1856 .
2163 1799 2485 1867 omniaque
2515 1846 2561 1900 Β

2437 1814 2561 1900 ιΘΒ
2601 1799 2753 1870 ἐγγυς
2826 1820 2924 1852 που
2973 1809 3063 1860 τῆς
3122 1802 3508 1864 Θεσσαλονίκης
3554 1808 3679 1856 ωσει
3738 1804 3991 1868 σταδίους
4072 1806 4201 1857 ὀκτὼ

830 1889 1053 1943 circum
1075 1885 1210 1940 loca
1227 1884 1730 1957 depopulabatur.
1757 1888 1929 1940 Erant
1952 1903 2087 1940 cum
2103 1902 2172 1941 eo
2196 1889 2484 1952 triremes,

829 1976 1050 2048 quibus
1081 1980 1333 2047 praeerat
1359 1973 1592 2030 Manuel
1617 1975 2050 2046 Contophreus.
2084 1976 2195 2030 Viri
2237 1975 2488 2031 illustres

826 2065 1251 2137 imperatorem
1285 2064 1695 2136 sequebantur
1719 2065 2042 2119 Demetrius
2065 2066 2358 2133 'I‘ornices,
2385 2065 2489 2137 qui

829 2170 1136 2210 summam
1193 2168 1392 2208 rerum
1456 2152 1836 2223 publicarum
1897 2153 2358 2209 administrabat
2435 2161 2490 2209 et

827 2243 1082 2312 negotiis
1104 2243 1406 2310 intererat,
1440 2241 1814 2296 Andronicus
1840 2242 2203 2311 Palaeologus
2231 2259 2488 2311 magnus

828 2333 1218 2400 domesticus,
1247 2331 1560 2402 copiarum
1590 2331 1979 2400 gubernator,
2039 2332 2254 2404 aliique
2299 2333 2488 2387 multo

828 2423 1030 2497 plures
1065 2423 1250 2478 duces
1302 2423 1592 2477 militibus
1633 2422 1916 2494 praefecti,
1977 2424 2197 2478 Raulus
2251 2423 2488 2478 Alexius

827 2513 1343 2587 protovestiarius,
1395 2513 1498 2584 qui
1548 2527 1577 2566 e
1647 2528 1860 2568 mensa
1918 2519 2063 2580 erat,
2121 2513 2487 2585 Nicepliorus

827 2602 1245 2669 Tarchaniota,
1282 2601 1803 2673 Contostephanus
1851 2603 2319 2674 protosebastus.
2386 2603 2486 2656 Pe-

826 2691 1114 2763 traliphas
1142 2706 1401 2761 magnus
1437 2690 1856 2756 chartularius,
1890 2690 2106 2762 aliique
2161 2691 2484 2748 celebrium

825 2796 946 2836 non
975 2779 1171 2851 pauci.
1209 2778 1322 2834 Sed
1352 2780 1611 2834 Joannes
1642 2779 1968 2850 imperator
2013 2779 2143 2834 urbi
2203 2780 2488 2836 adsidens

825 2869 1063 2938 agenda
1079 2869 1284 2922 omnia
1297 2869 1354 2922 in
1372 2869 1672 2922 civitatem
1691 2867 2182 2934 moliebatur;nec
2197 2871 2246 2940 7
2262 2871 2312 2939 2
2330 2871 2487 2924 cives

823 2957 1274 3030 desponderant
1305 2958 1600 3023 animum,
1663 2956 1767 3011 sed
1821 2957 2051 3012 foribus
2109 2959 2331 3026 egressi
2391 2975 2488 3014 ex-

823 3047 1205 3105 cursionibus
1241 3047 1660 3119 imperatorios
1697 3046 2079 3102 divexabant.
2117 3051 2230 3103 Nec
2264 3048 2486 3104 multos

2603 1895 2692 1946 τὴν
2728 1894 2922 1946 σκηνὴν
2964 1897 3194 1958 πήγνυσι
3229 1913 3240 1923 ·
3294 1893 3461 1953 κῆπος
3504 1902 3595 1944 του
3646 1893 3891 1966 Προέατᾱ
3939 1897 3967 1952 ἡ
4020 1895 4205 1955 κλῆσις

2601 1987 2692 2030 του
2733 1984 2892 2030 τόπου
2927 1981 2992 2032 δ’.
3019 1979 3296 2040 Ἰἰλεπόλεις
3333 1985 3422 2052 μεν
3461 1988 3549 2034 καὶ
3591 1989 3958 2055 μηχανήματα
4004 1986 4096 2036 ουκ
4144 1985 4204 2041 ἦν

2602 2067 2742 2137 αὑτῷ
2796 2067 3001 2140 εὐχερὲς
3068 2072 3199 2120 κατα
3252 2077 3344 2130 τῆς
3403 2073 3664 2132 τοσαύτης
3739 2073 3930 2134 πολέως
4009 2081 4205 2130 στῆσαι

2601 2155 2872 2208 κάντευθεν
2902 2160 3033 2228 μετα
3075 2162 3259 2228 μάχης
3310 2157 3526 2211 τοιᾶσδε
3570 2163 3940 2235 χειρώσασθαι
3989 2163 4060 2230 ⁸³,
4124 2159 4201 2212 ἐκ·

2604 2242 2799 2318 δρομὰς
2833 2242 2892 2297 δὲ
2923 2244 3080 2297 ἐποίει
3119 2243 3210 2298 δια
3232 2267 3330 2299 των
3365 2253 3762 2322 στρατευμάτων
3789 2256 3878 2303 καὶ
3929 2254 3995 2302 τὰ
4053 2249 4202 2322 πέριξ

2598 2337 2768 2385 πάντα
2794 2334 2981 2400 ἐλήιζε,
3016 2341 3104 2388 xui
3140 2336 3371 2407 μάλιστα
3422 2335 3512 2390 δ’ιά
3571 2348 3668 2390 τῶν
3727 2342 3932 2392 Σκυθῶν
3962 2362 3973 2372 ·
4034 2341 4204 2392 πάντα

2597 2432 2721 2495 γοῦν
2751 2424 2888 2476 λείαν
2920 2423 3123 2476 ἐποίουν
3156 2427 3222 2480 ⁶³.
3263 2423 3390 2497 Εἶχε
3439 2424 3498 2480 δὲ
3541 2430 3653 2500 μεθ’
3683 2429 3866 2481 ἑαυτοῦ
3914 2434 4004 2481 καὶ
4051 2434 4199 2500 τριή-

2595 2532 2722 2588 ρεις,
2779 2514 2845 2563 ὧν
2914 2510 3128 2587 ἧρχενό
3191 2520 3443 2590 Rev-rogales
3487 2517 3746 2575 Μανουήλ.
3809 2516 4077 2592 ’Ἑκκριτοι
4140 2514 4198 2570 δὲ

2597 2611 2668 2672 τῷ
2701 2600 2910 2675 βασιλεῖ
2946 2607 3258 2677 παρείποντο
3297 2601 3528 2676 ἆνὸρεςὸ
3589 2611 3839 2680 Τορνίκης
3903 2613 4199 2680 Δημήτριος

2597 2695 2660 2743 τὰ
2706 2696 2850 2744 κοινα
2909 2688 3101 2744 διέπων
3161 2699 3249 2744 καὶ
3298 2697 3579 2765 μεσιτευων
3618 2703 3726 2755 ταῖς
3778 2697 4086 2748 ὑποθέσεσιν
4127 2698 4196 2762 ⁸⁸,

2598 2777 2954 2852 Ἀὃρόνικοςο
2998 2781 3348 2852 Παλαιολόγος
3403 2785 3474 2850 (⁵⁵,
3535 2788 3588 2844 6';
3644 2789 3738 2842 τὴν
3813 2793 3906 2836 τοῦ
3973 2785 4199 2856 μεγάλου

2601 2867 2918 2940 δομεστίκου
2950 2875 3322 2943 περιεζώννυτο
3372 2869 3614 2943 δύναμιν,
3675 2874 3740 2923 τὰ
3788 2881 3887 2924 τῶν
3943 2892 4199 2947 στρατευ-

2597 2962 2773 3030 μάτων
2838 2955 3090 3028 διεξάγων
3139 2964 3444 3033 πράγματα,
3497 2965 3586 3012 καὶ
3631 2961 3775 3013 ἄλλοι
3854 2961 4057 3022 πλείους
4133 2963 4200 3024 εἰς

2598 3047 2855 3117 ἡγεμόνας
2894 3045 3319 3119 ἀποτεταγμένοι,
3378 3051 3403 3099 6
3454 3067 3501 3100 τε
3544 3047 3723 3101 Ῥαοὺλ
3791 3050 4014 3112 Ἀλέξιος
4063 3070 4202 3124 πρω-

831 3137 1107 3212 postdies
1146 3137 1570 3206 Tachariorum
1619 3139 1784 3192 natio
1807 3136 1864 3191 in
1888 3137 2298 3194 Musulmanos
2322 3139 2485 3195 inva-
2518 3145 2558 3201 C
2595 3162 2596 3166 η

2437 3155 2485 3195 a-
2518 3145 2558 3201 ρ
2595 3134 2949 3208 τοϐεστιαριος
2979 3136 3066 3205 ὡν,
3098 3137 3122 3187 6
3161 3135 3243 3189 ἐπὶ
3273 3144 3366 3199 τῆς
3393 3141 3656 3211 τραπέζης
3686 3145 3980 3212 Νικηφόρος
4018 3141 4044 3191 ὁ
4068 3146 4202 3212 Ταρ-

824 3228 976 3284 dens
1012 3225 1222 3298 prmlio
1254 3241 1391 3280 cum
1435 3224 1546 3280 illis
1577 3225 1825 3280 dimicat
1880 3229 1937 3281 et
1993 3225 2205 3297 fugat;
2248 3227 2320 3282 de
2363 3244 2485 3299 quo

819 3317 1153 3389 imperator
1179 3315 1258 3371 ab
1295 3314 1658 3386 imperatore
1687 3315 1997 3371 Theodoro
2023 3316 2166 3381 tilio,
2214 3333 2393 3389 quem
2426 3318 2485 3372 in

735 3417 740 3424 '
820 3409 1115 3475 Pegarum
1173 3404 1444 3476 partibus
1511 3419 1634 3458 una
1699 3419 1836 3458 cum
1899 3405 2129 3461 Joanne
2187 3406 2486 3462 Muzalone

822 3495 1080 3566 mystico
1101 3493 1369 3566 quidem,
1395 3492 1542 3548 dum
1567 3509 1704 3549 cum
1734 3493 1900 3549 laieis
1932 3501 2484 3562 connumeraretur,

827 3584 1079 3648 sed,tum
1097 3583 1647 3650 monacho,homine
1662 3583 2166 3651 navo,industrio,
2183 3585 2488 3656 experien-

825 3674 1056 3732 tissimo
1088 3678 1145 3728 et
1172 3671 1352 3728 rebus
1384 3673 1778 3744 imperatoriis
1807 3673 2302 3729 administrandis
2353 3681 2489 3731 ante

827 3765 976 3821 alios
992 3763 1514 3827 excellentissimo,
1535 3768 1591 3817 et
1608 3762 1884 3818 Michaele
1923 3763 2236 3819 Libadario
2264 3781 2488 3830 magno

827 3853 1237 3922 hetaeriarcha,
1271 3851 1616 3924 reliquerat,
1656 3853 1868 3908 certior
1899 3853 1987 3908 ﬁt.
2021 3853 2080 3907 Id
2117 3853 2214 3907 ubi
2247 3871 2490 3925 persen-

829 3945 1003 4000 sisset
1028 3943 1374 4013 imperator,
1409 3946 1471 3996 ut
1497 3940 1731 3996 silentio
1765 3941 2016 3996 scientes
2041 3949 2304 3998 tenerent
2329 3949 2385 3999 et
2415 3959 2488 3999 ne

827 4033 923 4089 cui
943 4049 1070 4088 rem
1093 4029 1816 4100 communicarentjubet.
1845 4032 2036 4086 lterim
2068 4048 2205 4087 cum
2237 4035 2484 4103 Joanne,

825 4124 929 4195 qui
949 4120 1382 4178 Thessalonicae
1433 4126 1579 4189 erat,
1631 4121 1822 4176 foedus
1877 4122 2027 4184 ferit,
2063 4139 2202 4178 cum
2256 4140 2366 4196 pro
2419 4141 2488 4180 eo

825 4212 1172 4269 Theodorus
1203 4209 1467 4280 Angelus
1487 4211 1732 4266 Joannis
1760 4216 1928 4282 pater
1949 4212 2185 4280 legatus
2207 4215 2489 4269 accessis-

827 4307 933 4358 set.
961 4305 1116 4357 Inter
1138 4301 1265 4356 dies
1287 4300 1693 4372 quadraginta
1721 4303 2059 4358 sanctiones
2082 4304 2249 4360 factae
2279 4310 2412 4360 sunt
2437 4316 2493 4361 et

821 4390 1252 4463 jusjurandum
1285 4391 1469 4445 ﬁnem
1500 4390 1710 4445 habuit
1739 4408 1751 4445 :
1785 4407 2050 4464 namque
2099 4393 2264 4448 rubri
2308 4394 2491 4450 calcei

828 4480 1063 4537 dimissi
1093 4485 1151 4536 et
1173 4479 1498 4535 unionibus
1537 4479 1906 4537 interstincta
1958 4483 2228 4553 pyramis
2312 4499 2494 4554 super
2527 4505 2569 4558 ι)

2105 4483 2228 4536 .mis
2312 4499 2494 4554 super
2527 4505 2569 4558 ι)
2602 4487 2690 4554 μὲν
2740 4481 2860 4533 ὄντα
2916 4482 2997 4532 ὅτε
3038 4488 3140 4540 τοίς
3189 4486 3462 4551 κοσμικοῐς
3519 4481 3870 4548 συνετάττετο,

828 4586 1018 4642 quam
1055 4569 1208 4641 lapis
1245 4569 1471 4624 rubeus
1511 4569 1830 4635 emicabat,
1866 4588 2000 4643 quae
2059 4573 2490 4643 imperatorum

829 4660 1092 4730 insignia
1151 4665 1328 4727 sunt;
1373 4658 1450 4714 ab
1526 4659 1886 4730 imperatore
1949 4670 2160 4732 postea
2224 4661 2492 4734 despotae

907 4804 954 4840 ⁶⁰
981 4802 1092 4874 ἐπεὶἷ
1125 4799 1184 4855 δὲ
1244 4801 1478 4874 παρῆλθν
1510 4834 1579 4874 -_—-
1613 4803 1816 4855 ἇπασον
1882 4820 1999 4859 om.
2072 4807 2132 4858 D.

2596 3231 2904 3296 χανειωτης,
2939 3227 2964 3276 6
2999 3231 3406 3298 Κοντοστέφανος
3439 3229 3464 3279 6
3493 3233 3586 3286 τὴν
3612 3227 4052 3304 πρωτοσεϐαστοῡ
4083 3230 4200 3298 (⁸79)

2597 3317 2736 3386 ἔχων
2791 3314 2959 3379 αξίαν,
3003 3315 3028 3365 ὁ
3083 3315 3405 3388 Πετραλίφας
3444 3320 3603 3389 μέγας
3640 3317 4024 3391 χαρτουλάριος
4075 3318 4201 3369 ὠνο-

2598 3408 2873 3476 μασμένος,
2952 3409 3041 3456 καὶ
3116 3404 3260 3456 ἄλλοι
3335 3414 3433 3457 τῶν
3509 3404 3763 3478 ἐπιφανῶν
3840 3407 3934 3458 οὐκ
4011 3406 4197 3477 ὀλίγοι.

2596 3493 2653 3545 Ὀ
2703 3497 2791 3565 μὲν
2859 3494 2945 3545 οὖν
3001 3491 3249 3566 βασιλεὺς
3303 3494 3540 3556 Ἰωάννης
3601 3499 4036 3569 πανακαθὴμονος
4106 3498 4198 3562 ‘5',

2599 3588 2698 3636 ὅσα
2759 3585 2817 3640 ἦν
2885 3584 3018 3644 εἰκός
3093 3592 3278 3651 ποιεῖν,
3334 3589 3468 3636 κατα
3527 3593 3621 3646 τῆς
3679 3586 3892 3648 πόλεως.
3955 3584 4097 3639 Οὐδε
4153 3588 4202 3637 οἱ

2599 3672 2739 3734 ἐντός
2765 3671 3029 3725 ἀπωκνουν
3081 3671 3382 3747 ἐράζεσθαι,
3434 3671 3563 3724 ἀλλὰ
3615 3678 3704 3725 xui
3747 3674 3890 3726 οὗτοι
3943 3670 4203 3748 ἐκδρομὰς

2597 3772 2694 3815 τῶν
2716 3762 2888 3814 πυλῶν
2925 3762 3139 3824 ἐξιόντες
3167 3765 3303 3812 κατὰ
3333 3771 3431 3813 τῶν
3454 3770 3545 3814 τοῦ
3579 3761 3840 3835 βασιλέως
3872 3765 3919 3798 ⁶⁶
3971 3761 4196 3818 ἐποίουν.

2600 3855 2674 3906 Οὐ
2718 3858 2913 3924 συχναὶ
2943 3853 3207 3925 παρῆλθον
3239 3853 3285 3887 ⁸⁷
3319 3853 3526 3926 ἡμέραι,
3561 3859 3650 3905 καὶ
3681 3858 3736 3904 το
3791 3861 3891 3905 τῶν
3939 3855 4203 3926 Ταχάρων

2599 3945 2738 4004 ἔθνος
2764 3944 2897 3993 κατὰ
2917 3951 3016 3994 τῶν
3044 3941 3466 4014 Μουσουλμανων
3525 3951 3782 4016 χωρῆσαν
3840 3947 3932 3994 καὶ
3979 3942 4203 4015 πόλεμον

2598 4034 2712 4085 κατ’
2745 4033 2910 4084 αὐτῶν
2971 4031 3234 4106 συρρῆξαν
3285 4037 3536 4090 νενίκηκε.
3599 4037 3698 4085 Καὶ
3759 4033 3784 4084 6
3836 4031 3982 4104 λόγος
4028 4035 4208 4105 φθάνει

2599 4127 2724 4196 πρός
2783 4126 2870 4174 τὸν
2921 4120 3146 4194 βασιλέα
3196 4118 3540 4193 ὃιαμηνυθεὶς
3594 4121 3640 4157 ⁵³
3705 4125 3848 4194 παρά
3899 4130 3988 4174 τοῦ
4056 4122 4206 4184 υἰέως

2601 4213 2759 4264 αὐτοῦ
2809 4218 2897 4262 τοῦ
2951 4208 3208 4282 βασιλέως
3259 4207 3534 4282 Θεοδώρου
3571 4231 3582 4242 ·
3643 4217 3825 4262 τοῦτον
3870 4212 3971 4283 γὰρ
4051 4230 4210 4263 κατα-

2599 4302 2820 4355 λελοίπει
2850 4301 3061 4374 περὶτὰ
3104 4304 3233 4372 μέρη
3290 4307 3388 4351 τῶν
3438 4306 3624 4369 Πηγῶν
3684 4295 3998 4374 διατρίϐειν,
4063 4299 4209 4372 ἀφεὶς

2601 4394 2708 4464 μετ’
2763 4391 2920 4443 αὑτοῦ
2961 4395 3050 4443 καὶ
3106 4394 3191 4442 τὸν
3252 4389 3578 4450 Μουζάλωνα
3630 4391 3893 4459 Ἰωάννην,
3949 4394 4208 4463 μυστικὸν

3959 4485 4074 4530 τότε
4149 4475 4207 4532 δε

2602 4575 2839 4645 μοναχὸς
2862 4567 2942 4634 ἦν,
2980 4569 3106 4643 ἀνὴρ
3154 4569 3360 4632 ὁξύνους
3405 4574 3494 4620 καὶ
3545 4565 3862 4643 δραστήριος
3904 4574 3994 4620 καὶ
4039 4567 4206 4640 βασι-

2601 4662 2765 4721 λικοῖς
2802 4670 2903 4712 των
2969 4659 3132 4710 α’λλων
3185 4659 3332 4712 πλέον
3403 4659 3676 4734 ἐμπρέπων
3736 4661 4038 4732 πράγμασι,
4117 4662 4208 4710 καὶ

2213 4805 2257 4839 ⁶¹
2319 4804 2472 4876 ἐγγυς
2510 4802 2793 4877 -τόπου]
2854 4805 2941 4854 καὶ
2993 4807 3222 4872 πήγνυσι
3277 4805 3369 4859 τὴν
3429 4806 3626 4859 σκηνὴν
3679 4803 3816 4852 κατὰ
3878 4803 3966 4852 τόν
4039 4808 4206 4859 κῆπον

832 4883 926 4928 τοῦ
955 4873 1218 4948 Προϐατᾶᾼ,
1252 4871 1376 4926 ὡσεί
1411 4871 1664 4935 σταδίους
1695 4875 1828 4927 ὀκτὼ
1871 4874 2137 4948 ἀπέχοντα
2165 4885 2258 4937 τῆς
2289 4871 2708 4938 Θεσσαλονίκηνς

2739 4871 2798 4930 θ’,
2880 4876 2927 4909 ⁶²
2959 4871 3292 4945 διαμάχης
3359 4880 3602 4947 πειρᾶται
3661 4892 3812 4947 χειρ.
3868 4873 3933 4947 D_.
4013 4873 4061 4906 ⁵³
4120 4876 4209 4923 xui

831 4941 1066 5021 μάλιστα
1096 4945 1390 4998 -ἐποίουν
1417 4961 1538 5001 om.
1577 4949 1638 5001 D.
1718 4949 1765 4982 ⁸³
1815 4953 1902 4999 καὶ
1929 4941 2009 4987 -—”
2037 4950 2344 5000 ὑποθέσεσιν
2401 4965 2523 5004 0m.
2569 4952 2630 5003 Ι).
2709 4949 2755 4984 ⁵⁵
2811 4950 2834 4999 6
2883 4941 3226 5015 Παλαιολογος
3286 4941 3617 5018 Ἀνδρόνικος
3662 4941 3840 5017 ’μέγας
3897 4941 4210 5021 δομέστικος

831 5015 920 5085 ὧν,
953 5022 978 5070 6
1019 5018 1127 5070 ἐπεὶ
1157 5025 1253 5080 τῆς
1282 5019 1549 5092 τραπέζης
1600 5024 1898 5091 Νικηφόρος
1952 5026 2352 5091 Ταρχανιωτης,
2406 5022 2429 5071 6
2488 5020 2922 5094 πρωτοσέϐαστος
2977 5015 3420 5088 Κοντοστέφανος,⁷
3469 5018 3493 5067 6
3546 5015 4016 5089 πρωτοϐεστιάριος
4071 5015 4212 5094 Ἀλί-

831 5090 989 5154 ξιοςό
1034 5089 1233 5152 Ῥαοὺλ,
1297 5086 1322 5142 6
1383 5089 1706 5166 Πετραλίςιας
1751 5086 1914 5161 ⁷μέγας
1971 5086 2356 5166 χαρτονλάοιος
2399 5098 2486 5144 xui
2527 5086 2702 5146 ἀλλοι.
2760 5093 2817 5144 Ὀ
2871 5095 2935 5146 D.
3016 5091 3088 5126 53'
3144 5086 3378 5166 Ἰωάννης
3437 5086 3866 5166 παρακαθήμενος
3910 5086 4062 5144 Ὁω.
4132 5086 4203 5142 D.

830 5163 878 5199 ⁸⁸
909 5165 1044 5216 κατὰ
1084 5194 1150 5203 -
1181 5161 1436 5234 βασιλέως
1457 5148 1580 5218 dm.
1758 5143 2122 5233 ⁸δῖ’σνχμίλὶόέ
2155 5185 2209 5218 π.
2390 5166 2438 5199 ⁸⁸
2472 5162 2815 5237 διαμηννθεὶς
2847 5165 2989 5237 παρα
3029 5193 3093 5202 --
3119 5160 3333 5234 ᾔσθετο]
3367 5162 3391 5212 6
3424 5156 3482 5212 δε

1728 5317 2072 5383 Theodori
2127 5318 2375 5385 Dousa;
2426 5329 2490 5385 et
2540 5317 2793 5386 Leonis
2845 5315 3082 5384 Allatii
3134 5325 3334 5382 notze.

901 5480 1025 5554 (79)Δ
1075 5478 1131 5533 '0
1173 5477 1627 5554 πρωτοσέᾷαστος.
1679 5479 1789 5535 Adi
1862 5479 2230 5554 Glossarium
2313 5481 2494 5554 Meur-

860 5552 981 5609 iiin
1012 5551 1127 5608 hac
1159 5550 1350 5631 voce:
1411 5550 1594 5607 facies
1654 5567 1850 5631 operae
1895 5552 2181 5631 pretium.
2245 5551 2493 5631 Reliqua

828 5627 1030 5680 δυίθω
1043 5640 1180 5696 quae
1194 5623 1289 5679 hic
1303 5629 1858 5680 commemorantur
1875 5623 2226 5696 dignitatum
2242 5623 2494 5680 nomina

900 5695 1236 5753 functiones
1258 5695 1418 5752 idem
1436 5697 1667 5752 amicus
1687 5701 1888 5751 noster
1904 5696 2080 5765 longe
2107 5695 2493 5752 doctissimus

869 5769 966 5830 uis
987 5769 1133 5827 locis
1149 5769 1597 5827 accuratissime
1616 5767 1890 5841 explicat.
1919 5771 2106 5835 Quem
2129 5769 2322 5825 virum
2349 5783 2495 5842 quo-

2606 5479 2956 5550 tiescunque
2970 5476 3292 5533 nomino.si
3307 5473 3657 5550 eum‘debito
3672 5473 3901 5550 honore
3913 5471 4216 5550 encomiis-

2604 5567 2720 5624 que
2747 5544 3156 5624 ab_exquisita
3185 5554 3241 5605 et
3267 5547 3580 5624 excellenti
3597 5544 3931 5624 eruditione
3951 5546 4213 5624 repetitis

2605 5617 2726 5679 rion
2750 5617 3198 5691 atﬁciain,scito
3215 5621 3362 5692 quia
3379 5620 3478 5678 illa
3507 5632 3731 5674 nomen
3751 5617 3953 5689 ipsum
3975 5617 4215 5690 praefert

2605 5711 2855 5753 causam
2888 5710 3070 5750 essse.
3102 5693 3314 5750 DOUSA.
