4470 6452
321 412 459 464 1077

1842 391 2185 449 ANNALES.

3567 390 3702 447 1078

312 537 408 585 τὸν
436 524 759 599 Λιϐαδάριον
802 521 1026 595 Μιχαὴλ
1080 524 1237 593 μέγαν
1315 518 1685 595 ἐταιρειάρχην
1765 518 1907 573 ὄντα,
1942 519 1987 573 Α
2022 516 2077 571 di

1942 519 1987 573 Α
2022 514 2309 583 dignitate
2341 510 2799 577 condecoratur,
2833 511 3005 582 cujus
3044 516 3100 568 et
3122 512 3445 569 amicitiam
3476 513 3684 572 coluit.

335 628 410 680 Ως
440 625 564 689 γοῦν
592 625 686 676 τῆς
716 619 888 685 φήμης
910 614 934 663 6
969 610 1213 684 βασιλεὺς
1264 611 1475 682 ᾔσθετο,
1540 627 1740 665 σιωπήν
1797 624 1928 677 παρ-

321 708 567 780 αγγείλας
614 708 733 765 τοὺς
787 699 993 763 εἰδότας
1052 703 1195 771 οἰγειν
1252 705 1342 751 καὶ
1396 696 1585 771 μηδενὶ
1628 702 1743 769 περὶ
1812 698 1927 747 τού-

320 805 414 849 τοὺ
471 800 727 847 κοινωνεῖν
781 794 850 856 5°,
902 791 970 851 εἰς
1042 788 1328 861 συμϐάσεις
1428 790 1559 860 μετὰ
1624 794 1715 838 τοῦ
1788 784 1928 844 ἐντὸς

321 886 560 940 Ἰωάννου
614 888 782 956 χωρεί
833 878 1050 954 πρέσϐιν
1092 878 1137 931 ἐν
1192 881 1395 940 τούτοις
1447 876 1615 929 λαϐὼν
1668 878 1752 927 τὸν
1830 893 1927 925 πα-

322 979 449 1048 τέρα
481 974 715 1026 Ἰωάννου
756 973 842 1021 τὸν
895 967 1143 1039 Ἀγγελον
1201 963 1496 1040 Θεόδωρον.
1556 965 1926 1038 Πληρουμένων

320 1070 449 1135 γοῦν
478 1065 679 1134 ήμερῶν
710 1060 1103 1131 τεσσαράκοντα
1153 1057 1381 1128 ἐγένοντο
1442 1059 1496 1108 αἱ
1551 1051 1778 1107 σπονδαὶ⁵
1835 1056 1925 1103 καὶ

2036 606 2137 661 His
2168 603 2483 674 completis
2513 602 2838 673 imperator
2860 602 2917 657 in
2951 602 3239 658 Orientem
3276 608 3524 671 remeat,
3558 620 3700 661 cum

2037 694 2267 749 fecisset
2297 698 2358 747 ut
2378 692 2703 763 imperator
2730 690 2980 763 despota
3003 696 3158 746 esset
3185 695 3239 745 ct
3260 706 3699 764 servus;quem

2032 780 2448 853 jurejurando,
2479 779 2561 833 uti
2586 778 2767 833 moris
2823 784 2967 845 erat,
3030 778 3430 835 obstrinxerat
3493 794 3700 835 mune-

2037 870 2321 941 ribusque
2368 884 2475 940 pro
2522 866 2807 937 dignitate
2838 867 2953 939 73
2994 866 3294 933 affecerat,
3343 872 3401 923 et
3453 873 3699 924 cmteros

2038 958 2185 1014 alios
2217 958 2298 1013 illi
2357 956 2661 1027 subjectos
2719 957 2974 1027 pecunia
3033 956 3382 1012 donaverat.
3426 959 3573 1013 Cum
3627 972 3699 1013 eo

2038 1049 2218 1105 etiam
2247 1052 2480 1119 patrem
2496 1044 2873 1101 Theodorum
2898 1045 3154 1118 reliquit.

324 1132 375 1205 οἱ
424 1132 586 1225 ὅρκοι
627 1148 943 1224 προέϐησανο
996 1150 1060 1198 τὰ
1115 1149 1204 1218 μεν
1252 1150 1353 1219 γὰρ
1412 1143 1600 1217 ἐρυθρὰ
1666 1138 1856 1194 πέδιλα
1900 1142 2016 1207 (80)
2067 1136 2378 1190 ἀπεϐάλλετο
2437 1140 2526 1187 καὶ
2579 1139 2671 1191 τήν
2736 1138 3125 1209 περιμάργαρον
3182 1132 3480 1208 πυραμίδα,
3541 1134 3609 1195 εἰς
3667 1134 3698 1194 ἣ

324 1246 417 1293 καὶ
451 1220 619 1299 ’λίθος
666 1220 1033 1312 ⁷ὑ·ιιέρκοὶθηται
1088 1241 1345 1302 κόκκινος,
1394 1233 1647 1307 βασιλικά
1708 1240 1871 1282 ταῦτα
1917 1226 2173 1300 σύμϐολα,
2235 1230 2510 1297 τετίμηται
2569 1221 2627 1276 δὲ
2680 1227 2809 1295 πρὸς
2875 1232 2966 1275 τοῦ
3044 1223 3301 1295 βασιλέως
3379 1233 3451 1295 τῷ
3511 1220 3701 1277 δεσπο-

326 1338 458 1400 τικῷ
527 1311 806 1400 ἀξιώματι,
864 1331 954 1378 καὶ
1021 1328 1195 1387 εὔνους
1255 1326 1471 1394 ανεγάνη
1527 1330 1599 1393 τῷ
1664 1319 1893 1393 βασιλεῖ,
1949 1324 2127 1371 Ταῦτα
2190 1313 2248 1368 δὲ
2311 1311 2729 1388 διαπραξάμενος
2812 1312 2890 1383 [Ρ.
2967 1313 3057 1383 57]
3135 1314 3159 1364 6
3230 1311 3480 1382 βασιλεὺς
3542 1312 3699 1365 παλι-

325 1426 501 1471 νοστεί
525 1422 656 1492 πρὸς
684 1422 779 1474 τήν
840 1415 925 1483 ξω,
984 1414 1276 1466 καταλιπὼν
1338 1410 1597 1468 δεσπότην
1650 1414 1737 1462 τὸν
1807 1407 2030 1481 βασιλέα
2090 1410 2179 1457 καὶ
2232 1405 2554 1475 ὑποχείριον,
2614 1403 2785 1473 ὅρκοις
2842 1398 3108 1462 συνδήσας
3168 1408 3276 1461 τοῖς
3342 1401 3552 1453 εἰωθόσι
3609 1406 3699 1454 καὶ

330 1503 519 1579 δώροις
576 1506 743 1559 εἰκοσι
828 1501 1221 1575 δεξιωσάμενος,
1297 1507 1386 1553 καὶ

329 1591 391 1647 δε
417 1595 522 1667 μετ’
549 1595 709 1647 αὐτοῦ
739 1599 828 1646 καὶ
855 1597 942 1645 τὸν
968 1596 1167 1664 πατέρα
1197 1594 1381 1643 τούτου
1414 1586 1699 1662 Θεόδωρον.

1478 1503 1673 1561 πάντας
1756 1502 1875 1559 τοὺς
1956 1495 2041 1547 ὑπ’

2119 1494 2304 1546 ἐκεῖνον
2380 1492 2881 1564 φιλοφρονησάμενος
2970 1495 3243 1563 χρήμασι.
3328 1489 3696 1543 Καταλελοίπει

399 1683 588 1756 μα’.Ὀ
615 1687 705 1755 μὶν
754 1682 841 1735 οὖν
888 1681 1137 1754 βασιλεὺς
1188 1682 1419 1739 Ἰωάννης
1483 1679 1776 1749 κατειλήφει
1828 1680 1921 1735 τήν
1963 1676 2001 1729 Β
2100 1676 2164 1729 41

1963 1676 2001 1729 Β
2100 1676 2189 1729 41.
2218 1671 2398 1740 Igitur
2429 1670 2755 1741 imperator
2784 1670 3069 1737 Joannes,
3104 1684 3245 1724 cum
3276 1684 3340 1723 se
3385 1668 3445 1725 in
3493 1668 3695 1726 Orien-

328 1776 415 1827 ἕω.
445 1777 549 1831 Τήν
588 1780 713 1843 γοῦν
770 1776 1066 1843 χειμερινήν
1120 1775 1234 1822 τότε
1285 1767 1623 1842 παραμείψας
1688 1769 1823 1840 ὤραν
1874 1769 1921 1817 ἐν

324 1869 399 1930 τῷ
429 1865 709 1931 Νυμφαίῳ,
743 1861 807 1919 ὡς
833 1859 941 1917 ἓθος
980 1855 1040 1915 ἧν
1106 1858 1266 1927 αὐτῷ,
1347 1856 1545 1930 ἀπάρας
1598 1854 1781 1907 ἐκεῖθεν
1840 1854 1922 1906 ἐπὶ

322 1955 417 2009 τήν
449 1950 743 2022 Λάμψακον
765 1950 866 2021 ᾖει,
895 1951 1103 2001 κάκεῖσε
1148 1951 1206 1999 τὸ
1267 1949 1412 2019 θέρος
1459 1944 1777 2007 διαϐιϐάσας
1834 1948 1923 1995 καὶ

326 2044 421 2097 τήν
450 2047 541 2100 τῆς
591 2039 795 2110 ὀπωρας
861 2040 1016 2110 ὥραν,
1076 2036 1183 2089 ἐπεὶ
1234 2039 1258 2088 6
1307 2042 1505 2108 χειμὼν
1558 2036 1773 2106 ἤρξατο,
1832 2040 1923 2085 τοῦ

325 2134 509 2203 χώρου
536 2127 760 2200 μεταϐὰς
787 2126 871 2179 ἐπὶ
920 2129 986 2179 τὰ
1036 2135 1134 2178 τῶν
1190 2132 1373 2196 Πηγῶν
1432 2124 1619 2199 ἐχώρει
1673 2128 1801 2197 μέρη
1851 2123 1923 2177 ⁷ο.

326 2223 595 2288 Μεγίστου
626 2214 685 2269 δε
706 2224 958 2288 χειμῶνος
997 2220 1303 2289 πεπείραται
1332 2215 1447 2266 καθ’
1514 2211 1657 2280 ὁδὸν,
1706 2212 1927 2286 ἀρξαμέ-

324 2327 414 2359 νου
445 2310 534 2378 μεν
556 2306 663 2358 ἐπεὶ
694 2307 719 2357 6
765 2305 1015 2377 βασιλεὺς
1046 2304 1118 2365 εἰς
1157 2310 1249 2362 τήν
1299 2308 1552 2376 Σιγρηνήν
1611 2302 1920 2361 ἐσκήνωσεν.

329 2398 524 2468 ἡμέρας
558 2393 617 2448 δε
645 2392 742 2447 δύο
774 2403 836 2467 τῇ
874 2392 1162 2469 δριμύτητι
1192 2397 1375 2445 τούτου
1434 2398 1523 2445 καὶ
1575 2400 1635 2465 τῇ
1691 2388 1925 2465 σφοδρο-

324 2488 454 2557 τάτῃ
514 2490 647 2558 φορᾲ
710 2492 806 2546 τῆς
860 2490 1036 2555 χιόνος
1091 2483 1537 2557 τεταλαιπώρηκεν
1613 2487 1803 2556 μέχρις
1867 2501 1924 2532 αν

324 2580 639 2633 κατηντήκει
685 2574 756 2635 εἰς
812 2578 869 2625 τὸ
938 2582 1035 2625 τῶν
1092 2581 1275 2644 Πηγῶν
1334 2575 1490 2627 οῐστυ.
1562 2572 1745 2624 Πολλοὶ
1800 2581 1925 2643 γοῦν

324 2665 443 2715 καθ’
504 2660 627 2715 ὁδὸν
685 2662 1043 2721 ἐτεθνήκεισαν
1092 2667 1181 2714 καὶ
1234 2662 1417 2714 πολλαί
1474 2684 1486 2695 θ
1574 2667 1735 2733 μέχρι
1804 2668 1925 2732 γοῦν

325 2757 641 2825 τριακοσίων
674 2755 741 2813 ὡς
769 2755 815 2803 οἱ
844 2752 1225 2824 ἀριθμήσαντες
1281 2754 1324 2787 ⁷¹
1387 2754 1631 2823 ἔφασκον,
1676 2754 1774 2802 ὑπὸ
1835 2759 1928 2812 τῆς

325 2847 509 2913 χιόνος
548 2843 989 2913 κατεχώσθησαν,
1057 2847 1127 2913 μή
1178 2837 1455 2912 δυνάμενοι
1502 2840 1808 2898 ἁντωπῆσαι
1862 2850 1923 2913 τῇ

327 2939 421 2983 τοῦ
449 2934 738 3002 πνεύματος
774 2937 924 3002 φορᾶ.
960 2926 1150 2990 Οὐδεὶς
1200 2930 1322 3001 γοῦν
1366 2938 1465 2981 τῶν
1522 2927 1734 2981 ἰδόντων
1791 2930 1929 3001 ἔλεγε

1669 3029 1923 3091 χειμῶνα.
1960 3041 1998 3094 C

328 3110 461 3181 Ἥγε
492 3107 550 3163 δὲ
578 3120 650 3181 τῷ
704 3116 817 3162 τότε
873 3107 1326 3167 ὀκτωκαιδεκάτην
1380 3114 1483 3178 μήν.
1532 3111 1557 3161 6
1607 3109 1927 3182 Δεκέμϐριος,

327 3027 602 3092 γινώσκειν
654 3022 962 3091 γεγειῆσθαί
1032 3039 1153 3072 ποτε
1246 3028 1479 3071 τοιοῦτον
1552 3022 1599 3055 ’³⁸

328 3202 443 3260 ἔτος
471 3196 529 3252 δε
566 3196 626 3257 ἧν
662 3198 745 3251 ἐπὶ
776 3207 848 3269 τῷ
892 3198 1336 3271 ἐξακισχιλιοστῲ
1392 3203 1480 3251 καὶ
1538 3198 1931 3270 ἐπτακοσιοστῷ

331 3294 388 3342 τὸ
421 3292 841 3363 τεσσαρακοστὸν
883 3286 1029 3361 οἶμαι
1059 3296 1261 3363 πρῶτον
1291 3290 1361 3343 ⁷³.
1393 3288 1450 3340 Ὀ
1500 3291 1588 3359 μεν
1636 3286 1721 3341 οὖν
1769 3289 1930 3362 βασι-

329 3378 515 3440 λεὺςέν
545 3386 729 3449 τῷτών
781 3385 971 3449 Πηγῶν
1020 3380 1168 3431 ἄστει
1222 3374 1571 3451 διημερεύσας
1618 3382 1811 3451 μὲχρις
1872 3382 1933 3431 οἷν

328 3472 389 3520 τὸ
410 3467 540 3521 πολὺ
565 3474 659 3519 τοῦ
698 3476 956 3539 χειμῶνος
1009 3467 1248 3539 λωφήσῃ,
1306 3466 1450 3529 ἐξιὼν
1496 3467 1685 3519 ἐκεῖθέν
1747 3469 1818 3529 εἰς
1872 3472 1929 3520 τὸ

326 3560 602 3629 Νύμφαιον
630 3559 810 3629 ἀπῄει,
834 3562 924 3609 καὶ
990 3558 1051 3615 ἧν
1096 3555 1259 3609 ἐκεῖσε
1313 3576 1475 3631 μεχρι
1542 3562 1631 3608 καὶ
1694 3567 1784 3617 τῆς
1840 3566 1931 3610 τοῦ

328 3650 473 3720 ἔαρος
517 3646 863 3718 έπιλάμχεως.
921 3646 1059 3699 Ἐπεὶ
1116 3654 1265 3717 γοῦν,
1318 3648 1386 3707 ὡς
1436 3646 1745 3719 εἰρήκειμεν,
1794 3650 1824 3705 ἡ
1881 3649 1930 3682 τι

327 3745 429 3789 τῶν
469 3736 889 3809 Μουσουλμάνων
940 3738 1084 3809 παρὰ
1130 3745 1229 3787 τῶν
1282 3741 1562 3808 Ταχαρίων
1613 3739 1725 3805 (8|)
1774 3757 1931 3789 xum-

2034 1766 2149 1818 tem
2179 1760 2513 1831 recepisset,
2549 1758 2857 1830 Nymphaai
2889 1758 3135 1815 hiemat.
3186 1758 3327 1813 Inde
3377 1757 3695 1813 discedens

2036 1853 2431 1922 Lampsacum
2458 1849 2633 1917 venit,
2652 1847 2971 1903 uhiaestate
2986 1851 3168 1919 atque
3193 1852 3695 1903 autumnotrans-

2032 1940 2196 2004 actis,
2218 1939 2379 1994 initio
2400 1937 2636 2004 hiemis,
2661 1936 2908 1992 dimisso
2935 1936 3089 2003 loco,
3129 1936 3319 2008 Pegas
3362 1936 3688 2006 contendil,

2031 2028 2280 2101 quando
2303 2039 2361 2084 et
2380 2028 2529 2082 inter
2546 2025 2986 2083 ambulandum
3017 2025 3313 2081 saevientis
3338 2025 3551 2081 hiemis
3570 2026 3693 2082 vim

2032 2124 2219 2175 atram
2235 2118 2483 2189 excepit,
2501 2134 2630 2171 cum
2646 2120 2840 2171 castra
2852 2115 3089 2185 Sigrene
3117 2114 3390 2181 locasset,
3422 2130 3695 2173 exorsam

2033 2213 2089 2263 et
2126 2223 2232 2279 per
2262 2207 2416 2261 duos
2443 2206 2569 2260 dies
2600 2205 2754 2260 illius
2775 2204 2993 2273 frigore
3039 2220 3110 2260 ac
3155 2204 3500 2272 glomeratas
3544 2205 3697 2261 nivis

2036 2296 2373 2352 turbinibus
2433 2293 2713 2361 afﬂictus,
2773 2294 2967 2349 donec
3021 2293 3094 2349 ad
3152 2296 3445 2363 Pegarum
3494 2308 3695 2349 arcem

2034 2383 2319 2446 Pervenit.
2370 2382 2566 2438 Plures
2623 2398 2693 2438 eo
2743 2382 2803 2437 in
2870 2382 3076 2437 itinere
3136 2382 3317 2437 virilis
3372 2386 3429 2438 et
3477 2382 3693 2438 mulie-

2033 2473 2158 2528 bris
2187 2490 2363 2529 sexus
2412 2472 2737 2528 exanimati
2783 2476 2922 2527 sunt
2956 2489 2968 2527 :
3002 2470 3081 2526 ad
3113 2475 3375 2527 trecenta
3405 2487 3692 2544 namque,

2036 2564 2217 2635 utqui
2250 2563 2543 2618 rationem
2575 2566 2978 2633 supputarunt
2999 2560 3347 2628 retulerunt,
3372 2560 3691 2617 hominum

2036 2659 2413 2708 mortuorum
2462 2651 2679 2723 capita,
2775 2650 2958 2705 nivali
2986 2666 3056 2705 co
3116 2650 3345 2706 tumulo
3399 2655 3691 2718 contecta,

2037 2742 2267 2797 consita
2301 2745 2456 2809 sunt,
2489 2741 2737 2811 quando
2791 2744 3108 2795 ventorum
3156 2739 3322 2795 rabie
3364 2755 3439 2795 ne
3482 2739 3697 2796 intueri

2036 2831 2282 2903 quidem
2300 2829 2444 2885 alter
2461 2830 2713 2884 alterum
2728 2833 3022 2901 poterant,
3066 2844 3401 2901 omnesque
3418 2829 3522 2901 qui
3537 2828 3697 2885 malo

2037 2920 2354 2975 interfuere
2412 2920 2722 2975 contestati
2803 2923 2941 2974 sunt
3013 2918 3269 2974 similem
3344 2934 3405 2973 se
3456 2918 3699 2989 [hiemis

2038 3009 2347 3065 horrorem
2402 3024 2717 3080 nunquam
2794 3007 2943 3064 alias
3017 3008 3404 3080 persensisse.
3458 3009 3701 3065 Decima

2038 3104 2253 3156 octava
2277 3104 2403 3154 tum
2434 3098 2662 3154 mensis
2696 3098 3035 3153 Decembris
3058 3097 3186 3153 dies
3212 3096 3651 3153 numerabatur
3679 3116 3696 3169 ;

2042 3204 2237 3248 annus
2270 3193 2426 3258 6741,
2471 3193 2535 3243 ut
2564 3204 2701 3244 mea
2730 3187 2839 3243 fert
2888 3188 3201 3243 sententia.
3254 3188 3585 3259 Imperator
3638 3187 3699 3244 in

2040 3270 2333 3347 Pegarum
2387 3276 2530 3332 urbe
2579 3276 2771 3332 donec
2818 3276 3032 3332 hiemis
3084 3274 3311 3332 smvitia
3370 3275 3702 3333 molliretur

2041 3380 2472 3437 commoratus,
2503 3374 2641 3430 inde
2687 3375 2893 3429 exiens
2968 3374 3371 3446 Nymphaeum
3430 3373 3694 3447 appellit,

2040 3474 2243 3548 ibique
2274 3474 2351 3530 ad
2376 3489 2625 3529 vernum
2679 3476 2919 3545 tempus
2966 3474 3319 3544 permansit.
3381 3473 3703 3529 Musulma-

2038 3580 2257 3619 norum
2293 3564 2493 3634 itaque
2544 3563 2807 3618 exercitu
2855 3562 3165 3635 dissipato,
3224 3566 3289 3617 ut
3346 3562 3631 3627 diximus,
3662 3578 3699 3619 a

2038 3653 2356 3721 Tachariis,
2421 3652 2643 3724 quibus
2713 3651 2984 3707 sultanus
3038 3652 3362 3707 Iathatines
3420 3656 3696 3724 prmerat,

2040 3741 2390 3813 sultani'jﬁ,
2419 3741 2647 3796 Azatini
2685 3740 2863 3808 filius,
2886 3740 2989 3812 qui
3013 3756 3084 3795 ex
3099 3740 3262 3795 bono
3283 3741 3343 3795 in
3362 3739 3696 3813 principem

404 3827 451 3861 ⁸⁸
483 3830 687 3887 τοὺς-
719 3832 972 3878 κοινωνεῖν
1000 3841 1120 3881 om.
1157 3828 1218 3902 D,
1255 3898 1264 3902 _
1296 3828 1344 3859 το
1376 3828 1586 3878 κακείσε
1616 3857 1666 3867 —
1705 3830 1860 3902 μέρη]
1892 3836 1978 3881 καὶ
1993 3834 2068 3902 ῌτὸ
2109 3834 2249 3883 ἐπιὸν
2281 3834 2390 3891 ἔτος
2438 3836 2553 3902 περὶ
2587 3832 2769 3901 Πηγὰς
2800 3833 3060 3902 χωρεῖμῐ).
3138 3831 3183 3865 ⁷¹
3229 3832 3276 3881 οἱ
3308 3828 3697 3902 ἀριθμήσαντες

330 3912 452 3953 om.
481 3900 542 3953 Ι).
624 3900 670 3932 ⁷³
701 3906 932 3951 τοιοῦτον
965 3900 1033 3969 D,
1063 3898 1298 3953 omissis
1344 3901 1658 3969 γεγενῆσθαί
1686 3898 1828 3955 ποτε.

1904 3902 1952 3934 ῖ³
1986 3898 2079 3974 ἦγε
2109 3932 2177 3942 -
2214 3912 2413 3975 πρῶτον
2444 3898 2565 3958 om.
2620 3898 2685 3957 1).

2761 3898 2931 3953 “uati
2962 3898 3022 3959 ἦν
3050 3933 3117 3941 -
3148 3900 3207 3974 ή]
3232 3898 3458 3964 ὡςόῦνῆ
3489 3904 3549 3959 Ι),

1218 4020 1562 4091 Theodori
1621 4024 1868 4091 Dousae
1918 4035 1983 4092 et
2028 4025 2281 4095 Leonis
2330 4025 2562 4093 Allatii
2599 4034 2803 4092 notae.

404 4149 514 4229 (δῷ)
553 4151 635 4230 pe
684 4149 1001 4230 purpureis
1048 4149 1478 4230 imperatorum
1534 4151 1809 4230 crepidis,
1852 4167 1927 4230 an

328 4221 519 4275 ocreis
551 4224 579 4293 ζ)
608 4236 791 4292 supra
821 4222 1052 4293 egimus
1087 4237 1098 4284 ;
1133 4221 1272 4275 item
1296 4221 1369 4276 de
1401 4222 1549 4275 tiara
1582 4221 1820 4293 et‘pileo
1852 4222 1929 4277 ad

329 4291 673 4363 exemplum
696 4292 1032 4363 pyramidis
1053 4293 1110 4347 in
1136 4293 1320 4347 altum
1337 4300 1611 4363 surgente
1629 4291 1685 4349 et
1700 4294 1927 4349 acumi-

329 4368 491 4418 nato.
511 4362 600 4436 ille
625 4362 751 4435 quo
773 4380 933 4419 nunc
956 4362 1294 4436 audiendus
1317 4362 1680 4436 Nicephorus
1708 4366 1928 4435 Grego-

327 4450 427 4490 ras
450 4435 565 4489 sub
588 4434 768 4489 tinem
803 4436 1064 4491 Historia!
1091 4452 1235 4495 suae.
1260 4434 1319 4489 in
1350 4434 1581 4491 Ninnia:
1612 4439 1694 4491 De
1720 4434 1929 4506 capitis

327 4522 509 4575 porro
524 4513 879 4576 tegumenta,
894 4507 1060 4576 apud
1069 4509 1399 4575 superiores
1412 4510 1797 4576 imperatores
1814 4526 1929 4564 mo-

2037 4152 2378 4212 historicus,
2407 4166 2588 4221 quem
2621 4166 2781 4221 seepe
2822 4150 2911 4205 vir
2949 4164 3205 4217 magnus
3262 4149 3563 4221 producit,
3619 4152 3701 4209 ait

2038 4231 2272 4292 recepta
2289 4225 2411 4293 Cpo
2421 4222 2463 4279 li
2475 4225 2698 4279 venisse
2712 4223 2771 4277 in
2794 4238 3006 4277 manus
3023 4222 3365 4277 Graecorum
3388 4224 3702 4289 imperato-

2037 4298 2131 4351 ria
2169 4296 2465 4351 Bulduini
2499 4295 2561 4349 ΙΙ
2580 4296 3004 4365 symbola,qua3
3035 4294 3271 4364 quidem
3294 4294 3421 4349 haec
3438 4294 3694 4363 fuerint,

2036 4367 2307 4441 καλύπτρα
2335 4368 2550 4441 for-mw
2582 4367 3181 4441 L_t_1tinis_u_sitatie_e_t
3239 4366 3559 4441 unionibus
3608 4368 3700 4441 di-

2036 4436 2272 4503 stincto,
2308 4455 2439 4494 cum
2480 4438 2691 4506 lapillo
2720 4436 2891 4491 rubri
2913 4438 3128 4492 coloris
3149 4438 3210 4491 in
3234 4438 3450 4493 vertice
3480 4440 3696 4505 capitis

2036 4512 2190 4580 (ejus
2212 4512 2307 4565 hic
2328 4509 2597 4565 meminit
2617 4508 3569 4580 Logotheta),calceamentacocco
3584 4511 3699 4564 tin-

330 4580 819 4652 riseratutwtate
837 4582 1226 4647 provectiores
1248 4581 1434 4652 gulici
1458 4596 1729 4648 proceres
1757 4583 1929 4649 pileis
1963 4586 2003 4638 D
2038 4589 2153 4639 cta.
2178 4583 2420 4652 gladius
2463 4582 2682 4649 vagina
2706 4580 2778 4635 de
2808 4582 3062 4635 coccinei
3079 4582 3492 4652 cotorisserico
3522 4581 3698 4649 facta

331 4650 650 4724 turbinatis
673 4649 1013 4722 (καλύπτραις
1030 4648 1329 4724 πυραμίδος
1358 4649 1605 4721 ἐχούσαις
1630 4660 1821 4724 σχῆμα
1849 4668 1927 4707 se

332 4722 456 4801 rica
472 4724 638 4801 tectis
654 4722 1109 4801 u_te7'eutu_r,pro
1122 4722 1417 4801 dignitate
1428 4722 1932 4801 cujus_que.ittque

330 4792 459 4865 haec
474 4792 988 4865 imperiisymbola
1001 4792 1207 4847 haberi
1221 4792 1931 4861 subditlogothetaﬂdod

332 4869 388 4918 et
401 4864 933 4919 insinuauoannes
948 4866 1411 4929 Cantacuzenus,
1424 4868 1647 4927 Hister,
1662 4866 1798 4922 [{om
1813 4869 1935 4922 sive

331 4936 685 5008 Byzantina
709 4936 811 4991 lib.
837 4954 875 5000 ι,
909 4952 1043 5008 cap.
1069 4940 1118 5005 3,
1164 4937 1265 4990 ubi
1296 4937 1515 5007 pileum
1549 4939 1726 4993 istum
1760 4958 1935 4990 συνεκ-

333 5004 572 5081 δοχικῷς
592 5007 856 5081 lapidem
875 5004 1156 5078 appellat,
1184 5004 1322 5063 cum
1348 5009 1406 5063 in
1425 5010 1592 5079 apice
1622 5010 1755 5081 pilei
1782 5010 1935 5080 lapis

330 5078 595 5133 visendas
611 5079 1032 5153 magnitudinis
1045 5095 1113 5134 ac
1126 5081 1315 5153 incom
1326 5078 1609 5151 parabilis
1623 5078 1791 5151 pretii
1807 5078 1935 5153 spe-

330 5157 609 5223 ctaretur.
642 5152 841 5206 Graece
867 5158 955 5206 est
986 5168 996 5215 ;
1028 5156 1113 5203 τὸν
1147 5150 1230 5203 ἐπὶ
1265 5150 1359 5212 τῆς
1390 5150 1639 5223 κειφαλῆς
1684 5150 1857 5205 λίθον-
1882 5157 1937 5207 et

330 5220 434 5295 lib.
470 5238 544 5276 IV.
582 5238 693 5295 cap
725 5227 791 5279 37
822 5241 835 5277 :
869 5224 995 5294 λίθῳ
1039 5228 1424 5295 κεκοσμημένος
1477 5220 1645 5289 πῖλος,
1691 5231 1935 5280 notante

333 5294 395 5347 V.
431 5294 492 5349 Ο.
523 5294 747 5349 Jacobo
778 5295 1050 5350 Pontano
1079 5299 1133 5350 S.
1176 5294 1247 5359 1.,
1279 5294 1383 5350 cui
1416 5296 1580 5351 illum
1628 5302 1935 5351 auctorem

332 5366 922 5439 prmstantissimum,
957 5367 1247 5421 hactenus
1274 5368 1567 5436 ignotum,
1596 5368 1727 5423 luce
1745 5384 1937 5439 nuper

331 5435 647 5507 donatum.
677 5443 735 5492 ut
765 5444 821 5493 et
851 5440 1083 5507 Georgii
1118 5435 1391 5494 Phran’zze
1432 5440 1785 5505 Chronicon,
1835 5435 1937 5494 de-

332 5506 589 5583 bemus._
608 5510 718 5583 Sed
753 5510 951 5565 Latine
975 5506 1227 5583 tantum,
1255 5511 1419 5583 qnod
1442 5512 1615 5567 unice
1638 5512 1934 5568 dolemus.

337 5582 417 5636 De
442 5580 708 5636 sandalis
732 5582 1131 5653 imperatoriis
1154 5580 1310 5637 idem
1339 5586 1809 5651 Cantacnzenus,
1832 5584 1930 5637 lib.

334 5653 1124 5733 1r,cap.lj.etl-ib.1ucap.27_.
1149 5654 1450 5733 videndus
1464 5657 1641 5733 etiam
1661 5656 1936 5733 Leuncla-

334 5726 470 5779 vius
481 5726 541 5781 in
555 5726 855 5783 Pandecte
870 5728 1157 5784 Historia;-
1188 5729 1433 5784 Turciar.
1464 5731 1677 5784 Praetor
1699 5728 1935 5785 Graeciaa

2039 4651 2303 4710 vestitus.
2330 4653 2637 4725 Conjunge
2668 4652 2963 4725 hieecum
2991 4652 3061 4705 iis
3083 4667 3218 4723 quia
3249 4668 3285 4707 a
3310 4651 3486 4706 nobis
3512 4668 3697 4724 supra

2041 4726 2113 4780 de
2140 4725 2296 4795 pileo
2327 4728 2382 4778 et
2404 4722 2617 4779 calceis
2652 4722 2849 4778 rubris
2877 4728 3174 4795 annotataﬁ
3192 4728 3349 4779 sunt.
3385 4722 3595 4779 DOUSA.

2115 4794 2228 4865 (81)
2294 4799 2441 4868 Παρὰ
2520 4804 2631 4868 τῶν,
2679 4798 2983 4868 Ταχαρίων.
3039 4794 3294 4868 Chalaus
3356 4795 3693 4868 Sitziscanis

2042 4868 2218 4929 ﬁlius.
2255 4873 2317 4921 ut
2356 4866 2557 4938 Supra,
2578 4866 2857 4931 diximus,
2877 4866 3169 4938 superatis
3194 4866 3472 4921 'I‘anaidis
3503 4867 3696 4938 fondi-

2043 4940 2156 4994 bus
2196 4937 2494 5009 Europam
2527 4937 2875 4992 devastavit.
2934 4937 3089 4992 Alter
3147 4938 3487 5009 Sitziscanis
3540 4937 3697 4993 ﬁlius
3756 4974 3767 4985 ι

2042 5008 2366 5081 Telepuges
2396 5010 2622 5080 Caspiis
2654 5009 2945 5073 augustiis
2980 5010 3298 5081 superatis,
3333 5008 3637 5079 Sogdiaua
3662 5028 3698 5066 δ.

2045 5080 2209 5149 tergo
2232 5082 2451 5147 relicta,
2486 5081 2810 5136 Bactrianis
2850 5087 2906 5135 et
2937 5080 3261 5149 Oxosogdo
3314 5080 3563 5137 ﬂumine
3620 5082 3699 5137 ad

2043 5154 2273 5209 radices
2290 5169 2651 5221 magnorum
2671 5153 2963 5207 montium
2982 5168 3339 5223 progressus
3360 5168 3497 5208 cum
3531 5168 3697 5209 exer-

2045 5227 2160 5281 citu
2188 5225 2485 5280 hibernat.
2521 5226 2744 5279 Montes
2788 5224 2954 5295 quod
3007 5240 3129 5279 una
3180 5224 3505 5279 continenti
3551 5224 3701 5279 serie

2045 5298 2367 5362 cohaerent,
2395 5312 2582 5350 unum
2601 5295 2779 5350 veluti
2795 5301 3059 5351 montem
3078 5295 3367 5360 conﬂant,
3394 5296 3701 5351 etTaurus

2044 5369 2278 5431 dicitur,
2300 5369 2403 5439 qui
2426 5369 2626 5423 Asiam
2651 5368 2991 5423 universam
3015 5368 3278 5422 mediam
3297 5367 3526 5435 dividit,
3553 5367 3701 5422 inci-

2045 5441 2216 5513 piens
2248 5438 2574 5513 ab’occasu
2607 5439 2879 5510 proxime
2905 5442 3170 5513 Egmum
3208 5455 3391 5513 mare,
3416 5444 3473 5495 et
3500 5438 3704 5495 Asiam

2047 5510 2257 5566 secans
2279 5512 2355 5565 ad
2372 5511 2764 5567 subsolanum
2784 5516 3051 5574 ventum,
3069 5512 3241 5581 juxta
3254 5510 3557 5566 Oceanum
3574 5526 3705 5567 sese

2046 5585 2397 5640 terminans.
2433 5586 2571 5638 Vere
2588 5584 2991 5638 maximorum
3014 5598 3263 5651 gregum
3288 5587 3391 5637 aut
3408 5588 3704 5639 armento-

2046 5672 2180 5711 rum
2198 5656 2385 5710 instar
2400 5656 2695 5711 montium
2718 5654 3035 5710 cacumina
3057 5660 3427 5727 superant,et
3443 5654 3703 5727 populos

2047 5728 2348 5799 subjectos
2366 5727 2682 5793 invadunt,
2706 5732 2763 5783 et
2782 5727 3015 5783 Indiam
3033 5726 3367 5799 penetrant,
3400 5726 3705 5801 quantain
