4470 6452
809 395 948 450 1079

809 608 1211 662 monstruosis
1239 610 1740 683 exsecrandisquc
1763 613 2071 667 amoribus
2095 614 2316 676 furens,
2333 631 2462 687 per-

808 701 990 766 petuo
1030 711 1166 750 cum
1221 696 1727 754 homuncionibus
1777 705 1833 754 et
1865 702 2108 756 rationis
2131 709 2186 758 et
2234 711 2461 758 naturae

807 783 1091 840 humanaa
1120 785 1355 856 penitus
1381 787 1604 855 ignaris
1631 791 2080 847 consuescebat.
2106 793 2462 864 parentisuo

809 873 1136 938 dissimilis,
1168 875 1270 946 qui
1292 874 1659 941 libidinibus,
1685 893 1806 934 non
1830 879 1910 935 ita
1933 885 2155 944 tamen,
2175 881 2422 953 parebat
2449 897 2460 946 ;

808 979 994 1036 quare
1022 968 1079 1018 et
1107 964 1320 1020 melius
1381 967 1860 1037 progenitoribus
1914 971 2039 1040 ipse
2099 972 2220 1026 suis
2273 973 2462 1028 aciem

812 1051 1102 1121 struebat,
1157 1068 1298 1122 erga
1371 1055 1793 1126 imperatorem
1849 1058 2136 1114 benevole
2191 1061 2458 1116 affectus.

811 1141 1034 1196 Verum
1061 1141 1283 1212 quibus
1316 1142 1422 1198 iste
1455 1143 1884 1212 delectabatur,
1914 1149 2122 1204 iisdem
2162 1151 2465 1206 saturitate

810 1247 934 1287 non
965 1231 1242 1288 fraudata
1268 1232 1512 1300 adjutus
1543 1240 1632 1290 est
1667 1257 1679 1289 :
1714 1238 1814 1308 qui
1858 1253 1996 1293 cum
2058 1255 2121 1294 se
2179 1240 2349 1296 vellet
2405 1242 2464 1296 in

812 1335 1020 1388 pugna
1095 1320 1415 1376 Tacharica
1467 1323 1738 1394 experiri,
1791 1325 2139 1383 debellatur.
2203 1332 2267 1383 Et
2317 1345 2466 1402 pene

814 1409 996 1463 rebus
1021 1410 1243 1464 aversis
1291 1410 1518 1478 legatos
1585 1413 1659 1468 ad
1711 1414 2132 1486 imperatorem
2177 1421 2466 1473 Joannem

815 1499 1008 1568 mittit,
1045 1500 1359 1556 consilium
1389 1505 1923 1573 praesentissimum
1945 1516 2171 1578 petens,
2199 1526 2467 1582 quanam

812 1589 1061 1644 tandem
1090 1590 1216 1662 ipse
1241 1591 1469 1646 ratione
1492 1593 1724 1650 hostem
1747 1597 2050 1667 repelleret
2078 1606 2134 1653 et
2157 1600 2464 1670 paululum

814 1693 851 1733 a
876 1677 1051 1732 malis
1084 1677 1517 1743 sublevaretur,
1548 1682 1607 1736 id
1641 1682 1860 1739 scilicet
1890 1685 2169 1741 dictitans
2205 1689 2469 1760 utrisque

812 1766 1072 1823 salutare
1118 1783 1246 1823 esse
1325 1787 1337 1824 :
1427 1771 1813 1828 Musulmanis
1900 1776 2056 1830 enim
2112 1793 2146 1832 a
2213 1778 2470 1833 tacharis

810 1858 1147 1930 prostratis.
1180 1859 1239 1914 in
1274 1862 1575 1917 Romanas
1623 1863 1890 1920 civitates
1941 1866 2138 1923 aditus
2194 1868 2361 1924 liberi
2400 1884 2468 1924 ac
2505 1886 2540 1938 η

807 1946 935 2002 sine
965 1947 1415 2019 impedimento,
1443 1950 1606 2022 quod
1628 1957 1684 2007 et
1706 1955 2085 2010 verissimum
2109 1964 2254 2022 erat,
2291 1959 2470 2014 hosti-

810 2035 945 2101 bus,
963 2053 1098 2092 cum
1115 2053 1217 2092 eos
1236 2039 1559 2110 reprimere
1574 2057 1693 2096 non
1707 2044 1924 2114 possis,
1948 2046 2258 2116 patebunt.
2290 2051 2466 2104 Porro

809 2127 1136 2199 imperator
1153 2128 1435 2192 Joannes,
1457 2135 1657 2201 utpote
1685 2132 1737 2185 in
1758 2133 1938 2188 rebus
1965 2135 2254 2190 similibus
2281 2154 2468 2194 sagax

807 2222 863 2271 et
903 2217 1192 2288 prudens,
1224 2216 1586 2287 legationem
1616 2220 1806 2276 libens
1830 2225 2062 2295 accipit,
2115 2230 2170 2280 et
2223 2243 2471 2283 concor-

811 2307 975 2360 diam
1017 2321 1152 2360 cum
1179 2307 1420 2363 sultano
1454 2309 1846 2378 conglutinat,
1882 2318 1942 2366 ut
1971 2314 2052 2368 sic
2093 2317 2471 2372 adversarios

810 2394 1160 2466 repellerent
1197 2412 1209 2449 :
1246 2412 1387 2452 nam
1426 2397 1518 2453 liis
1566 2399 1806 2455 duabus
1860 2404 2140 2458 maximis
2190 2408 2471 2478 potentiis

813 2486 1171 2542 consociatis
1203 2487 1538 2544 verosimile
1569 2490 1741 2545 fuerit
1762 2492 1993 2548 hostem
2051 2501 2275 2550 metum
2331 2514 2473 2553 eon-

813 2576 1028 2646 cipere,
1065 2576 1114 2629 si
1141 2575 1286 2631 dum
1311 2582 1518 2632 contra
1539 2595 1727 2634 unum
1752 2580 2130 2647 invehuntur,
2155 2585 2476 2658 derepente

818 2670 1028 2720 contra
1058 2664 1212 2720 duos
1271 2682 1331 2721 se
1381 2683 1550 2722 arma
1608 2671 1940 2740 sumpsisse
1997 2672 2474 2744 deprehendant.

817 2756 1061 2826 Propter
1085 2754 1214 2809 haec
1245 2755 1446 2827 itaque
1481 2757 1540 2811 in
1575 2773 1761 2812 unum
1787 2760 1836 2829 7
1855 2760 1904 2832 5
1938 2762 2155 2816 animis
2179 2765 2474 2834 coaluere,

817 2843 1144 2916 amboque,
1178 2861 1317 2900 cum
1351 2847 1613 2901 Joannes
1644 2847 1970 2920 imperator
2018 2856 2145 2906 tum
2205 2853 2476 2911 sultanus

814 2933 1162 3003 Iathatinas,
1200 2934 1363 3006 apud
1385 2935 1686 3007 Tripolim,
1709 2953 1894 3009 quam
1919 2941 2214 2995 Mmander
2241 2949 2474 3014 praeter-

811 3021 960 3088 ﬂuit,
1022 3028 1201 3094 ponte
1239 3039 1275 3079 a
1353 3024 1568 3080 sultani
1624 3027 1799 3082 sociis
1857 3031 2247 3102 extemporali
2299 3033 2475 3102 lignis

813 3116 1134 3179 exstructo,
1164 3116 1228 3167 ut
1266 3111 1494 3168 facilior
1526 3115 1972 3171 transeuntibus
2003 3124 2228 3189 pateret
2251 3121 2470 3186 aditus,

813 3200 1452 3257 semethumanissime
1466 3203 1787 3276 excipiunt,
1813 3205 2028 3278 aliique
2052 3207 2199 3263 alios
2224 3226 2473 3280 magna-

813 3293 901 3346 tes
942 3305 1011 3345 ac
1042 3305 1357 3362 proceres;
1383 3297 1438 3346 et
1463 3292 1653 3364 pactis
1686 3293 1908 3365 quibus
1937 3302 2116 3351 antea
2147 3297 2477 3366 obstringe-

812 3379 1056 3441 bantur,
1093 3381 1356 3436 sanctius
1398 3381 1787 3446 confirmatis,
1823 3388 1886 3438 ut
1917 3385 2093 3440 simul
2124 3402 2244 3442 una
2293 3389 2478 3444 ambo

813 3468 1021 3525 hostes
1046 3469 1256 3541 proelio
1276 3469 1654 3538 lacesserent,
1672 3472 2168 3540 abiere,Joannes
2191 3477 2478 3533 Philadel-

815 3557 1026 3630 phiam
1060 3564 1288 3631 petens,
1326 3559 1600 3616 sultanus
1635 3562 1900 3617 Iconium
1955 3563 2052 3618 ubi
2103 3567 2266 3635 regia
2322 3567 2479 3622 illius

817 3652 960 3704 erat.
998 3651 1064 3704 Et
1092 3652 1235 3704 tunc
1265 3649 1513 3722 quidem
1539 3655 1787 3723 uterque
1815 3654 2136 3724 tranquilla
2160 3671 2307 3726 pace
2330 3673 2477 3711 usus

815 3742 922 3794 est.
973 3741 1121 3794 Nam
1171 3739 1576 3796 Tacharorum
1623 3743 1914 3798 exercitus
1969 3744 2092 3798 suis
2143 3761 2203 3800 se
2252 3745 2477 3801 ﬁnibus

817 3829 1128 3898 continuit,
1157 3845 1267 3885 nec
1296 3831 1701 3903 praescriptos,
1735 3833 1818 3888 uti
1871 3834 2059 3889 moris
2119 3840 2262 3906 erat,
2325 3842 2480 3892 tran-

815 3919 1066 3986 scendit,
1091 3935 1230 3975 cum
1251 3921 1432 3975 rebus
1453 3920 1794 3976 domesticis
1824 3921 2213 3979 incumberet.

2089 403 2366 458 GEORGII
2411 403 2887 462 ACROPOLszE.

810 518 1034 573 malum
1065 517 1452 584 degeneraret
1494 537 1505 574 :
1532 522 1774 592 potibus
1806 539 2088 596 namque.
2113 525 2461 582 libidinibus
2493 535 2513 580 ,ι

2571 526 2775 580 λελνται
2809 532 3051 600 στρατια,
3087 528 3365 589 σουλτάνος
3397 525 3454 581 δὲ
3493 527 3655 603 ἦρχεν
3713 531 3879 582 αὑτων
3938 531 3994 582 οὗ

4037 414 4053 464 l
4065 411 4169 464 O80

4038 551 4169 589 7.1.7;—

2575 636 2655 677 σις
2689 619 2733 651 τδ
2760 618 3064 678 Ἰαὺατίνης,
3100 623 3211 678 νιος
3233 628 3324 670 τον
3353 619 3568 671 σουλτάν
3626 621 3866 683 Ἀζατίνη
3909 621 3978 688 ⁷6,
4047 630 4170 691 φαῦ-

2571 705 2655 766 λος
2705 704 2754 767 ἐξ
2804 705 2967 779 ἀρχὸς
3059 712 3299 777 γεγονὼς,
3371 739 3440 746 ——
3525 713 3701 770 ποτοις
3779 712 3879 782 γὰρ
3991 712 4170 780 ἔχαιρε

2571 801 2660 846 καί
2693 794 2983 866 ἀσελγείαις
3021 803 3111 846 καί
3139 801 3336 856 κοίταις
3367 795 3665 859 ἀλλοκότοις
3693 817 3744 849 τε
3777 804 3867 850 καὶ
3934 796 4167 863 ἀτόποις,

2570 889 2660 935 καὶ
2716 893 2872 941 συνῆν
2931 883 3007 935 ἀεὶ
3068 882 3452 956 ἀνθρωπίσκοις
3520 885 3690 937 οὐκέτι
3750 886 3896 957 λογον
3973 883 4170 938 εἰδόσιν

2572 969 2686 1026 οὐδ’
2708 971 3032 1046 ἀνθρωπίνην
3055 977 3208 1045 φύσιν
3245 977 3302 1026 τὸ
3365 974 3587 1029 σονολον.
3641 974 3699 1027 Ὀ
3744 980 3918 1048 πατὴρ
3967 971 4026 1027 δὲ
4083 976 4173 1027 αὖ·

2571 1071 2660 1115 τοῦ
2689 1063 2746 1114 ον
2777 1083 3007 1124 τοιοντος
3051 1060 3131 1126 ἦν,
3167 1063 3270 1114 ἀλλ’
3305 1067 3498 1122 ἡττᾶτο
3531 1067 3641 1136 μὲν,
3700 1065 3758 1117 οὐ
3815 1061 4022 1138 σφόδρα
4081 1061 4159 1130 δε,

2573 1162 2672 1204 τὼν
2709 1151 3004 1223 ἀσελγειὼν,
3037 1149 3121 1204 διὸ
3161 1157 3250 1205 καὶ
3281 1151 3481 1225 βέλτιον
3513 1163 3614 1205 τῶν
3643 1156 3742 1227 πρὸ
3773 1154 3930 1206 αὑτοῦ
3979 1153 4174 1228 ἐστρα-

2575 1248 2743 1311 τήγει,
2776 1248 2864 1293 καὶ
2903 1242 3072 1313 φιλίως
3139 1247 3269 1314 πρὸς
3322 1247 3406 1294 τὸν
3462 1241 3686 1314 βασιλέα
3742 1240 3986 1297 διέκειτο.
4038 1243 4169 1296 Ἀλλ’

2577 1332 2721 1390 οὗτος
2761 1333 2835 1392 οἷς
2869 1335 3068 1404 ἔχαιρε,
3102 1331 3381 1404 πλησμίως
3426 1335 3620 1384 τούτων
3674 1332 3913 1385 ἀπώνατο
3961 1334 4030 1386 ττ.
4082 1340 4176 1385 Πε-

2577 1425 2819 1492 πείραται
2865 1440 2990 1490 γονν
3039 1424 3223 1493 μάχης
3277 1428 3587 1495 Τάχαρικῆς
3645 1427 3735 1473 καὶ
3785 1423 4028 1480 ἣττηται.
4093 1422 4174 1474 Ἐν

2581 1517 2738 1578 στενῴ
2785 1529 2909 1578 γονν
2971 1519 3067 1560 τὼν
3126 1513 3445 1584 πραγμάτων
3502 1508 3696 1581 κομιδῆ
3752 1516 3995 1581 γεγονὼς,
4057 1515 4177 1581 πρέ-

2583 1597 2720 1659 σϐεις
2751 1599 2797 1631 τ⁸
2832 1598 3079 1669 ἐκπέμπει
3111 1602 3234 1671 πρὸς
3288 1604 3374 1650 τον
3425 1597 3652 1670 βασιλέα
3719 1599 3979 1665 Ἰωάννην,
4043 1598 4177 1671 βου-

2578 1687 2754 1748 λῆςτι
2805 1686 2960 1750 ἀξιῶν
3006 1687 3222 1761 ἀρίστης
3265 1687 3318 1751 ἐξ
3376 1689 3536 1741 αὐτοῦ
3598 1697 3803 1760 τυχεῖν,
3862 1691 3930 1751 ως
3991 1687 4179 1740 ἆνάπο-
4255 1757 4258 1760 γ

2579 1776 2821 1850 τρέφοιτο
2874 1777 2920 1810 79
2982 1781 3068 1828 τον
3126 1775 3400 1830 ἀντίπαλον
3453 1782 3541 1830 καὶ
3601 1781 3786 1852 μικρὸν
3871 1780 4176 1849 κουφισθείη

2579 1875 2669 1916 τον
2727 1864 2924 1938 βάρους
2974 1866 3132 1918 αὐτοῦ
3187 1868 3250 1921 ⁸ο.
3333 1864 3661 1938 σωτηριώδες
3747 1875 3904 1919 τοῦτο
3968 1869 4176 1939 φάσκων

2579 1958 2860 2026 τυγχάνειν
2893 1957 2934 1989 ¹⁴¹
2975 1955 3159 2027 ἀμφοῖν
3190 1959 3326 2025 (8'2)°
3372 1964 3462 2008 τοῦ
3501 1960 3598 2028 γάρ
3658 1961 3835 2028 γένους
3887 1966 3985 2008 τῶν
4039 1964 4182 2009 Μου-

2582 2045 2882 2116 σονλμάνων
2939 2050 3081 2116 παρά
3138 2056 3237 2097 των
3286 2049 3546 2119 Ταχάρων
3610 2045 3934 2108 ἀπολωλοτος
4011 2048 4185 2106 ἄνετος

2579 2134 2806 2186 λείπεται
2830 2143 2936 2196 τοῖς
2994 2134 3241 2196 ἐναντίοις
3287 2138 3315 2194 ἡ
3378 2139 3509 2188 κατὰ
3566 2145 3664 2188 τὼν
3727 2137 4022 2207 Ῥωμαῖκῶν
4069 2157 4185 2208 χω-

2582 2233 2682 2296 ρων
2730 2220 2932 2294 ἔφοδος.
2991 2229 3088 2276 Καὶ
3140 2221 3200 2282 ἦν
3253 2233 3404 2276 τοῦτο
3453 2228 3587 2276 πάνυ
3646 2245 3705 2296 γε
3756 2225 3938 2286 ἀληθές
3994 2226 4063 2260 ⁸³·
4124 2225 4184 2276 Ὀ

2581 2322 2706 2384 γονν
2738 2314 2976 2376 Ἰωάννης
3001 2316 3068 2378 ⁸³,
3099 2316 3183 2366 οἷα
3216 2317 3402 2377 ἐκεῖνος
3460 2311 3627 2377 δεινος
3684 2315 3734 2366 ἐν
3785 2323 3892 2377 τοῖς
3939 2318 4187 2376 τοιούτοις

2585 2407 2912 2476 πράγμασιν,
2943 2400 3371 2476 ἀποδέχεταιμ).
3407 2404 3497 2477 38]
3552 2406 3770 2476 οἷο-μενος
3814 2407 3861 2439 ⁸⁵
3919 2409 4012 2462 τὴν
4055 2425 4184 2477 πρε-

2589 2491 2763 2544 σϐείαν
2795 2499 2882 2545 καὶ
2922 2494 2988 2552 έις
3037 2496 3214 2545 ἕνωσιν
3276 2493 3532 2546 συνελθεῖν
3587 2496 3870 2568 ἠρετίσατο
3932 2503 4002 2546 τῶ
4035 2493 4188 2546 σουλ-

2586 2583 2792 2648 τὰν,ως
2820 2583 2878 2632 οἶν
2938 2591 3092 2634 τοντο
3141 2590 3250 2644 τοῖς
3307 2581 3552 2644 ἐναντίοις
3608 2584 3676 2644 εἰς
3731 2582 4030 2658 ἀποτροπὴν
4094 2588 4188 2655 γε·

2585 2689 2723 2722 νοιτο
2776 2693 2786 2703 ·
2847 2674 3114 2743 ἠνωμένων
3163 2673 3261 2743 γὰρ
3322 2681 3420 2722 τῶν
3470 2675 3716 2724 τοιούτων
3771 2669 3869 2724 δύο
3925 2677 4188 2745 μεγίστων

2587 2765 2767 2832 ἀρχῶν
2811 2761 2941 2821 εἰκὸς
3005 2765 3190 2812 πτοίαν
3242 2763 3483 2832 γενέσθαι
3526 2770 3637 2824 τοῖς
3698 2761 3984 2834 πολεμίοις,
4065 2764 4192 2834 πρὸς

2587 2851 2672 2902 ἕνα
2696 2852 2786 2920 μὲν
2817 2852 3007 2920 ἔχουσι
3028 2853 3114 2901 τὸν
3149 2853 3363 2914 σκοπὸν,
3397 2855 3526 2924 πρὸς
3550 2847 3646 2903 δύο
3703 2848 3762 2904 δὲ
3814 2850 3999 2926 ἀθρόον
4053 2851 4192 2925 εὑρι-

2591 2944 2858 3010 σκομένοις
2904 2941 2974 2993 ⁸⁵.
3031 2944 3129 2992 Καὶ
3177 2948 3298 3010 γοῦν
3358 2938 3436 2991 ἐπὶ
3489 2948 3598 3002 τοῖς
3645 2943 3869 3002 τοιούοις
3930 2959 4194 2992 συσκευα-

2590 3029 2802 3100 σάμενοι
2854 3029 2900 3062 ⁸⁸
2953 3028 3268 3086 σννηλθέτην
3327 3033 3416 3079 καὶ
3472 3030 3646 3101 ἄμφω,
3716 3028 3740 3080 ὃ
3808 3049 3862 3081 τε
3945 3027 4193 3101 βασιλεὺς

2587 3116 2824 3178 Ἰωάννης
2876 3119 2917 3151 ετ
2969 3122 3058 3169 καὶ
3111 3119 3136 3170 0
3170 3117 3389 3170 σουλτὰν
3442 3120 3752 3187 Ἰαθατίνκς,
3812 3118 3860 3170 ἐν
3912 3127 3984 3189 τῷ
4041 3117 4193 3171 ἆστει

2507 3243 2548 3298 C
2584 3215 2684 3266 τως
2721 3205 3027 3280 Τριπολεως,
3084 3211 3210 3258 ὅπου
3257 3211 3346 3258 καὶ
3395 3208 3418 3258 0
3474 3205 3773 3279 Μαίανδρος
3813 3207 3892 3281 ῥεῖ
3935 3227 4188 3279 ποταμος.

2588 3299 2815 3370 Γέφνραν
2848 3305 2970 3367 γοῦν
2999 3296 3050 3358 ἐξ
3075 3292 3434 3367 αὐτοσχεδίου
3480 3295 3534 3348 ἐκ
3586 3295 3747 3359 ξύλων
3797 3299 3844 3349 οἱ
3891 3304 3983 3350 τοῦ
4039 3296 4192 3348 σουλ-

2585 3391 2678 3440 τὰν
2713 3386 3060 3460 ἐργασάμενοι
3082 3385 3269 3457 εὐχερῆ
3327 3393 3437 3447 τοῖς
3493 3385 3822 3458 βουλομένοις
3876 3391 4196 3444 πεποιήκασι

2587 3482 2680 3536 τὴν
2728 3480 3034 3549 περαίωσιν.
3060 3475 3338 3536 Ἀλλήλους
3389 3483 3515 3546 γουν
3567 3478 3615 3527 οὶ
3665 3473 3826 3547 ἀρχοὶ
3877 3475 4192 3550 φιλοφρόνως

2589 3564 2988 3638 δεξιωσάμενοι,
3023 3568 3096 3617 ἔτι
3136 3561 3195 3616 δὲ
3225 3569 3461 3625 καὶτοὺς
3518 3564 3601 3635 ὑφ’
3659 3564 3898 3639 ἑκάτερον
3965 3564 4197 3636 ἑκάτεροι

2586 3661 2933 3731 προῦχοντας,
2993 3661 3082 3706 καὶ
3144 3656 3407 3715 συνθήκας
3455 3656 3513 3715 οἷς
3561 3660 3650 3707 καὶ
3696 3658 3797 3729 πρὸ
3872 3659 3964 3706 τοῦ
4049 3650 4196 3726 εἶχον

2587 3751 2890 3820 κρειττόνως
2924 3742 3362 3816 βεϐαιωσάμενοι,
3396 3746 3547 3804 ωςοῐν
3609 3745 3866 3816 μάχοιντο
3920 3747 4194 3816 συνημμε-

3943 3831 4198 3906 βασιλεὺς

2593 3923 2929 3999 ὑποστρέψας
2952 3923 3018 3984 εἰς
3039 3927 3129 3980 τὴν
3152 3919 3493 3994 Φιλαδέλφου,
3524 3924 3550 3974 0
3602 3919 3660 3975 δὲ
3719 3921 3936 3974 σουλτάν
3989 3922 4058 3982 εἰς
4099 3925 4197 3980 τὴν

2587 3855 2681 3896 νως
2735 3837 2838 3895 τοῖς
2884 3833 3133 3894 ἐναντίοις
3191 3833 3262 3900 ⁸⁸,
3319 3829 3710 3897 (inber;qu
3776 3836 3865 3905 μὲν

817 4009 1089 4077 Ἰκονιέων,
1147 4011 1268 4062 ἔνθα
1317 4007 1377 4068 ἦν
1427 4016 1516 4062 καὶ
1575 4013 1641 4064 τὰ
1699 4010 1970 4084 βασίλεια.
2019 4019 2144 4066 Τότε
2189 4019 2278 4086 μὲν
2333 4021 2424 4068 καὶ
2489 4014 2537 4067 ἐν
2584 4014 2772 4088 ἀμφοῖν
2826 4017 2892 4066 τὰ
2941 4021 3034 4075 τῆς
3091 4015 3278 4084 μάχης
3331 4015 3623 4086 ἠρέμησαν.
3683 4017 3784 4064 Καὶ
3839 4014 3940 4086 γὰρ
3995 4014 4023 4070 ἡ
4094 4020 4196 4063 τῶν

814 4101 1078 4175 Ταχάρων
1145 4101 1370 4173 στρατιὰ
1443 4100 1561 4153 καθ’
1629 4100 1820 4153 ἑαυτῶν
1897 4105 2054 4176 ἔμενε,
2124 4109 2213 4156 καί
2278 4105 2336 4158 οὐ
2385 4110 2622 4164 κεκίνητο
2681 4108 2748 4166 ὡς
2806 4103 2920 4164 ἔθος
2969 4123 2980 4135 ·

815 4193 1126 4263 πράγμασιν
1157 4190 1225 4243 ⁸9.

894 4301 940 4333 ⁷⁵
991 4318 1050 4351 ου
1095 4298 1282 4360 κλῆσις
1339 4313 1460 4354 om.
1530 4301 1592 4354 D.
1671 4301 1720 4335 τδ
1788 4303 1894 4361 υἱὸς
1947 4300 2222 4361 ’Λζατίνου
2289 4305 2349 4358 D.

823 4368 909 4424 οὖν
941 4374 1004 4426 D.

2428 4305 2471 4336 77
2519 4303 2542 4354 0
2596 4334 2660 4343 —
2710 4301 2949 4354 ἀπώνατο
2997 4314 3120 4354 om.
3185 4301 3248 4355 D.

1083 4371 1132 4406 7°
1165 4375 1231 4432 ως
1260 4370 1613 4445 ἀποτρέψαιτο
1647 4371 1714 4428 D.
1793 4375 1839 4405 δυ
1871 4382 1960 4425 τον
2003 4373 2202 4447 βάρους
2232 4375 2390 4425 αὐτον
2438 4391 2559 4429 om.
2619 4377 2680 4428 D.

3043 4101 3090 4154 ἐν
3148 4109 3256 4162 τοῖς
3307 4102 3498 4154 ἑαυτῶν
3562 4107 3652 4154 καὶ
3703 4103 3804 4176 γὰρ
3866 4099 4196 4173 ἠσχολοῦντο

3324 4299 3373 4332 73
3406 4297 3467 4371 iiv
3511 4329 3582 4338 -—-
3638 4295 4202 4371 rpéagugljrpéaﬁu;

2759 4376 2798 4408 ⁸³
2850 4375 3059 4443 φάσκων
3118 4370 3424 4442 τυγχάνειν]
3471 4370 3735 4443 τυγχάνον
3912 4370 3959 4403 ⁸³
4013 4374 4203 4443 καὶ-

825 4443 1008 4502 ἀληθές
1029 4458 1151 4497 om.
1189 4445 1253 4498 Ι).
1332 4427 1532 4513 ΜΔγάνν
1564 4476 1632 4483 ——
1661 4443 1907 4516 βασιλεὺς
1938 4427 2272 4507 Ἰωάννπςδι).
2299 4446 2505 4501 omissi

2567 4443 2735 4498 οἶα-
2765 4428 3090 4515 πράγμασιν.
3173 4427 3470 4513 εἰ’θ’άσμενος
3500 4427 3619 4496 οιῇ.
3657 4441 3724 4496 D.
3803 4441 3970 4504 ⁸³,καὶ
4013 4441 4081 4500 εἰς
4133 4471 4202 4480 -

828 4517 1212 4590 εὑρισκομένοις
1239 4530 1358 4570 om.
1388 4518 1450 4574 υ.
1532 4519 1577 4549 ⁸η
1608 4525 1733 4586 γονν
1765 4549 1832 4556 -
1863 4522 2312 4589 σνσκενασάμενοι
2341 4534 2455 4571 om.

828 4586 993 4663 φυραν
1025 4619 1093 4628 —
1115 4586 1382 4660 ἐναντίοις]
1427 4595 1536 4640 εἶτα
1561 4590 1621 4643 Ι).

2527 4521 2586 4572 Ι).
2635 4519 2680 4552 9"

1704 4590 1749 4623 39
1778 4591 1803 4640 0
1826 4595 1916 4661 μὲν
1943 4621 2015 4630 -
2043 4585 2347 4663 πράγμασιν
2380 4591 2649 4663 ἠρέμησαν
2685 4585 2742 4641 δὲ
2762 4593 2851 4640 καὶ
2873 4590 2920 4640 οὶ
2941 4589 3184 4660 Τάχαροι
3211 4589 3274 4642 D.

2744 4513 2984 4575 Ἰωάννης
3042 4520 3097 4568 et
3153 4530 3295 4569 mox
3344 4515 3636 4573 Ἰαθατίνης
3692 4529 3814 4569 om.
3872 4513 3937 4568 Ο.
4017 4513 4064 4547 ⁸⁸
4123 4517 4206 4584 γέ·

1751 4732 2093 4800 Thcodori
2121 4734 2365 4802 Dousa:
2406 4744 2471 4800 ct
2503 4733 2753 4800 Leonis
2795 4730 3029 4798 Allalii
3063 4737 3266 4796 notae.

826 4874 1713 4948 utraquelndiripapatet,qua
1743 4877 1994 4933 subacta
2018 4877 2076 4932 in
2097 4878 2484 4934 Arachosiam
2522 4881 2561 4934 D
2599 4879 2998 4932 excurrerent.
3026 4880 3080 4928 et
3102 4872 3332 4948 imperii
3357 4871 3682 4928 suilimites
3705 4870 4000 4948 littoribus
4021 4872 4209 4928 maris

770 4991 790 5012 .
825 4949 1278 5005 etCarmaniam
1295 4955 1402 5003 iter
1424 4954 1800 5016 convertunt,
1826 4950 2172 5018 etgentibus
2191 4951 2302 5005 illis
2318 4951 2487 5006 facile

823 5020 1072 5093 devictis
1090 5019 1180 5093 ad
1199 5019 1528 5093 Chaldaeos
1557 5020 1852 5076 etArabes
1886 5022 2487 5093 perveniunt.l)einde

822 5093 902 5150 ad
918 5092 1281 5165 Babylonios
1298 5093 1648 5165 etAssyrios
1674 5092 2025 5157 transgressi
2068 5095 2490 5165 Mesopotamia

821 5163 1144 5236 occupant,
1177 5170 1232 5220 et
1263 5163 1377 5220 loci
1407 5165 1751 5221 amoenitate
1785 5165 1972 5220 allecti
1993 5181 2219 5220 errores
2237 5163 2486 5222 'tiniunt.

821 5237 1013 5294 Tertio
1028 5252 1189 5292 anno
1208 5237 1445 5291 Jaxarte
1463 5237 1645 5291 tluvio
1666 5237 1910 5307 trajecta
1925 5242 1962 5290 A
1975 5237 2125 5291 siam
2159 5237 2486 5291 inferiorem

823 5308 937 5364 sibi
969 5309 1297 5372 vindicant,
1325 5325 1434 5362 nec
1458 5315 1581 5364 tum
1604 5309 1981 5380 quieverunt,
2002 5309 2100 5362 sed
2131 5309 2348 5363 tribuni
2372 5309 2490 5363 alio

821 5387 1004 5451 atque
1027 5380 1145 5436 alio
1169 5380 1331 5434 missi
1360 5383 1566 5435 Persas
1585 5383 1847 5451 primum
1875 5389 1930 5435 et
1955 5381 2196 5436 Parthos
2219 5387 2272 5434 et
2297 5381 2492 5436 Medos

825 5398 883 5438 at
934 5398 1004 5435 ue
1027 5398 1145 5436 auo
1169 5398 1331 5434 missi
1361 5398 1566 5435 versas
1585 5398 1847 5451 primum
1875 5398 1930 5435 et
1955 5398 2196 5436 raruios
2219 5398 2272 5434 ei
2297 5398 2491 5436 MCthS

825 5398 1134 5522 suiigunt,
1167 5452 1384 5507 deinde
1418 5454 1760 5508 Armeniam
1782 5453 2073 5523 majorem
2101 5454 2491 5507 ascendentes

825 5524 1170 5583 Colchidem
1196 5530 1250 5579 et
1277 5525 1594 5579 finitimam
1618 5526 1698 5580 illi
1724 5525 2322 5580 lberiamexcurrunt.
2350 5528 2497 5579 Prae-

823 5597 925 5654 dia
967 5597 1358 5669 postmodum
1382 5598 1816 5655 anucnissima.
1840 5604 1896 5652 et
1915 5596 2319 5669 delicatissimi
2345 5595 2494 5666 agri,

826 5668 1051 5743 quibus
1072 5671 1156 5725 illi
1181 5686 1564 5744 summopere
1594 5670 1871 5744 delectati
1904 5674 2062 5744 sunt,
2112 5668 2358 5744 effecere
2409 5675 2489 5736 ut,

830 5741 1018 5816 (luam
1049 5744 1256 5801 animo
1279 5743 1409 5815 jam
1428 5741 1859 5816 possidebant,
1890 5742 2096 5799 Asiam
2149 5741 2494 5798 interiorem

2600 4949 3008 5004 terminarent.
3028 4945 3312 5000 Gentibus
3328 4950 3550 5008 tamen,
3567 4960 3721 5016 quas
3740 4944 4086 5016 inviserant,
4106 4959 4208 5016 an-

2601 5036 2722 5076 nua
2742 5019 2958 5075 tributa
2978 5020 3415 5090 imposuerunt,
3443 5014 3620 5090 etpro
3635 5031 3745 5070 sua
3764 5014 4010 5090 libidine
4033 5015 4207 5088 quid-

2600 5093 2688 5147 vis
2729 5091 2789 5146 id
2821 5090 2949 5146 illas
2979 5087 3327 5144 decernunt.
3357 5087 3622 5142 Tandem
3645 5087 4210 5158 Assyriorum,’Per-

2603 5179 2810 5218 sarum
2864 5168 2922 5218 et
2969 5161 3384 5216 Chaldmorum
3423 5159 3692 5230 moribus
3744 5158 3980 5230 exculti,
4015 5159 4209 5230 patrio

2601 5234 2867 5290 numinis
2910 5234 3070 5288 cultu
3115 5239 3460 5302 contempto
3494 5229 3569 5285 ad
3614 5246 3822 5285 eorum
3859 5229 4210 5299 religionem

2601 5307 2986 5370 inclinarunt,
3029 5301 3383 5374 illorumque
3427 5318 3622 5358 mores
3648 5307 3705 5374 et
3733 5301 3998 5357 instituta
4029 5302 4211 5357 rebus

2602 5380 2660 5434 in
2684 5377 2970 5433 omnibus
2991 5376 3176 5430 secuti
3206 5373 3361 5429 sunt.
3400 5375 3460 5428 Hi
3487 5373 3912 5440 Musulmanos,
3937 5389 4093 5445 quos
4115 5375 4214 5430 alii

2603 5454 2822 5507 Tureas
2858 5453 3092 5514 vocant,
3117 5463 3187 5501 eo
3220 5453 3488 5516 tempore
3512 5446 3732 5517 pugnis
3765 5451 3821 5499 et
3851 5446 4216 5517 excursioni-

2604 5523 2716 5578 bus
2739 5521 3003 5577 assiduis
3023 5519 3232 5589 acriter
3251 5516 4058 5589 hostiliterquedivevabant.
4077 5525 4215 5575 ALL.

2677 5597 2786 5662 (82)
2829 5588 3164 5665 Σωτηριωὸες
3211 5599 3361 5642 τοντο
3407 5588 3622 5663 φάμενος
3667 5593 3948 5660 τυγχάνειν
3999 5595 4213 5663 ἀμφοῖν.

2605 5669 2894 5738 Gregoras
2922 5681 2979 5739 p.
3009 5668 3100 5723 41.
3127 5668 3262 5718 ALL.
