4470 6452
806 405 942 463 1083

2070 402 2352 459 GEORGII
2379 400 2843 461 ACROPOLIT/E

4026 401 4164 458 1084

803 543 925 585 non
954 528 1035 584 ita
1062 526 1239 583 facile
1267 528 1499 601 poterat
1525 540 1556 581 e
1590 540 1653 581 re
1682 528 1825 583 nata
1849 526 2099 598 dignum
2120 527 2225 583 tali
2281 526 2451 596 solio,
2486 528 2533 583 Α

2396 542 2451 596 o,
2486 528 2533 583 Α
2568 546 2677 580 κεν.
2718 526 2984 600 Ἐστέρετο
3004 532 3128 597 γοῦν
3180 525 3467 601 ἀρχιερέως
3524 527 3553 585 ἡ
3608 525 3907 585 Ἐκκλησία.
3962 527 4021 581 Ὀ
4061 530 4161 601 γὰρ

804 617 894 673 vel
920 616 1117 690 potius
1142 616 1244 688 qui
1277 616 1357 672 illi
1387 615 1761 688 probaretur,
1818 616 2097 673 invenire.
2160 616 2456 687 Principes

805 706 964 762 enim
991 706 1051 760 in
1076 706 1202 761 ba=c
1231 720 1483 760 munera
1508 703 1686 773 viros,
1719 705 1824 777 qui
1845 706 2008 776 quod
2041 705 2150 760 illis
2170 704 2456 778 placitum

804 800 892 850 est
912 794 1133 849 faciant
1163 809 1271 848 nec
1300 794 1421 848 suis
1480 792 1790 848 desideriis
1849 794 2266 859 adversentur,
2311 792 2457 848 asci-

804 888 997 937 scunt.
1024 882 1203 953 Igitur
1214 880 1459 938 multum
1476 882 2111 955 praeterierattempus,
2130 898 2239 938 nec
2253 882 2460 938 aderat

802 970 907 1043 qui
936 986 1076 1027 oves
1098 970 1475 1041 gubernaret.

876 1239 962 1293 43.
994 1238 1176 1293 Porro
1207 1236 1472 1293 Joannes
1504 1237 1848 1309 imperator,
1881 1244 1943 1294 ut
1965 1238 2245 1307 diximus,
2274 1239 2328 1293 in
2353 1254 2457 1309 op-

804 1328 1063 1400 positam
1094 1342 1124 1381 e
1150 1327 1393 1395 regione
1432 1328 1834 1383 continentem
1876 1334 2055 1400 atque
2120 1328 2459 1389 occiduam.

806 1422 869 1472 ut
900 1416 1078 1473 urbes
1109 1417 1168 1471 in
1201 1432 1271 1471 ea
1301 1432 1370 1472 ac
1400 1417 1628 1488 oppida
1655 1432 1873 1488 resque
1912 1418 1972 1472 in
2017 1418 2129 1473 illis
2178 1418 2462 1476 visitaret.

808 1506 918 1562 iter
939 1506 1187 1561 instituit
1219 1524 1231 1561 :
1258 1521 1399 1560 nam
1432 1505 1509 1560 ad
1535 1506 1828 1577 oppidum
1861 1507 1952 1561 cui
1976 1522 2196 1562 nomen
2230 1506 2465 1561 Zichnaa

807 1600 914 1665 est,
944 1610 1131 1667 prope
1188 1596 1411 1653 Serras.
1463 1594 1746 1649 omnibus
1805 1594 2252 1650 dominabatur.
2306 1598 2468 1650 Tunc

807 1683 1131 1753 Bulgarum
1160 1684 1343 1739 Asani
1373 1682 1528 1738 ﬁlius
1574 1683 1940 1739 Callimanus
1970 1683 2093 1739 duo
2146 1688 2204 1739 et
2259 1684 2465 1739 decem

808 1786 1002 1827 annos
1030 1776 1208 1827 natus
1238 1771 1644 1843 principatum
1700 1771 1960 1826 tenebat.
2018 1772 2163 1827 Cum
2207 1771 2285 1827 ad
2337 1770 2470 1826 loca

810 1860 952 1917 Cissi
984 1860 1311 1932 imperator
1342 1859 1755 1930 processisset,
1778 1860 2005 1915 ibidem
2060 1864 2469 1915 commoratus

807 1948 903 2003 die
935 1954 1177 2019 postero
1203 1947 1310 2003 iter
1336 1950 1666 2013 continuat,
1701 1953 1757 2003 et
1810 1948 1887 2004 ad
1923 1949 2146 2004 ﬂumen
2183 1948 2466 2015 Hebrum,
2501 1936 2542 1988 Β

1938 1949 2146 2004 iumen
2183 1948 2466 2015 Hebrum,
2501 1936 2542 1988 Β
2582 1944 2799 2015 έγένετο,
2885 1945 3095 1999 κάκεῖσε
3172 1942 3527 2019 διημερεύσας
3610 1952 3703 2005 τὴν

806 2052 994 2111 prope
1008 2036 1166 2092 Beris
1188 2037 1616 2092 monasterium
1633 2037 1995 2093 deﬂuentem
2014 2044 2069 2093 et
2083 2038 2160 2093 ab
2174 2037 2470 2106 indigenis

808 2128 1085 2184 Maritzan
1116 2132 1417 2194 vocatum,
1451 2127 1738 2199 pervenit.
1772 2128 1893 2199 78
1931 2127 1990 2182 1n
2030 2128 2229 2183 medio
2273 2126 2470 2182 ﬂumi-

808 2216 901 2271 nis
915 2214 1271 2271 constitutus
1287 2214 1610 2287 imperator
1624 2219 1804 2288 (equo
1817 2217 1974 2271 enim
1992 2232 2205 2288 aquas,
2224 2216 2472 2288 quando

811 2310 991 2361 aestas
1024 2305 1530 2378 praecipitabatur,
1559 2322 1703 2361 nam
1747 2306 2027 2361 vicesima
2060 2307 2319 2377 septima
2371 2310 2475 2360 aut

809 2400 1024 2451 octava
1050 2399 1174 2450 erat
1198 2394 1421 2449 mensis
1446 2394 1826 2465 Septembris,
1854 2395 2227 2466 permeabat)
2266 2395 2473 2450 litteris

811 2501 848 2540 a
874 2501 1071 2540 rerum
1102 2500 1405 2539 summam
1432 2484 1703 2540 Achridaa
1726 2484 2099 2555 gubernante
2126 2486 2203 2540 ad
2228 2501 2288 2540 se
2320 2485 2475 2539 datis

814 2574 1027 2630 certior
1046 2578 1111 2629 ﬁt
1131 2573 1528 2629 Callimanum
1553 2574 1873 2642 Bulgarum
1915 2576 2249 2647 principem
2291 2575 2472 2630 vitam

812 2663 1039 2732 ﬁnisse,
1056 2662 1485 2718 nonnullorum
1499 2662 1790 2717 sententia
1801 2662 2053 2718 naturali
2070 2663 2304 2729 morbo,
2337 2663 2477 2718 alio-

814 2768 951 2807 rum
978 2750 1055 2806 ab
1087 2752 1445 2806 adversariis
1466 2751 1541 2806 ad
1564 2751 1678 2806 hoc
1709 2750 1863 2807 clam
1904 2757 2114 2823 parato
2146 2753 2475 2824 pharmaco

814 2842 1194 2898 exstinctum.
1226 2846 1293 2895 At
1319 2841 1414 2895 hic
1437 2841 1561 2896 sive
1587 2843 1698 2896 hac
1723 2842 1846 2896 sive
1863 2841 1978 2897 alia
2001 2842 2228 2897 ratione
2252 2858 2324 2897 ex
2375 2842 2477 2896 ho-

814 2930 1079 2985 minibus
1112 2928 1385 2984 sublatus
1414 2934 1519 2985 est.
1547 2932 1660 2985 Nec
1686 2945 1883 2985 rumor
1913 2948 1948 2985 a
1970 2933 2209 2986 veritate
2224 2930 2434 2986 aberat
2461 2948 2475 2999 ;

815 3020 1007 3076 crebis
1038 3022 1195 3075 enim
1232 3020 1455 3076 nuntiis
1479 3020 1540 3075 id
1574 3021 2051 3076 asseverabatur.
2083 3022 2216 3076 Haec
2267 3021 2369 3077 ubi
2391 3037 2472 3076 re.

816 3110 1020 3165 scisset
1044 3109 1387 3181 imperator,
1413 3109 1522 3164 iter
1549 3110 1947 3181 prosequitur,
1976 3116 2031 3165 et
2061 3110 2477 3182 Christopolim

815 3203 1278 3271 praetergressus
1292 3214 1478 3271 quam
1492 3198 1760 3254 celeriter
1783 3198 2084 3270 Philippos
2101 3200 2356 3269 attingit,
2372 3200 2478 3255 ibi-

2569 613 2817 690 βασιλεύς
2890 616 3144 683 Ἰωάννης,
3199 615 3248 668 έν
3301 623 3410 677 τοῖς
3466 635 3721 677 τοιούτοις
3773 622 3843 688 μὴ
3886 622 4166 690 πρόχειρος

2566 706 2655 769 ὡν,
2687 704 2780 754 ούκ
2828 702 3057 775 εὐχερῶς
3115 701 3255 774 εἶχεν
3299 702 3355 755 ix
3401 711 3490 756 τοῦ
3558 709 3846 777 προχείρου
3876 708 3964 756 τόν
4023 705 4165 767 ἄξιον

2567 791 2809 865 έφευρεῖν,
2870 792 2899 850 ἢ
2955 790 3145 862 μᾶλλον
3212 794 3299 843 τόν
3352 792 3527 863 ἐκείνῳ
3608 790 3879 865 ἀρέσοντα·
3936 792 4169 863 μάλιστα

2564 883 2665 955 γὰρ
2716 882 2764 932 οἱ
2826 888 3127 953 κρατοῦντες
3200 884 3323 942 τοὺς
3375 884 3506 954 πρὸς
3557 879 3825 955 ἀρέσκειαν
3873 879 3920 933 έν
3964 885 4167 944 τούτοις

2565 973 2889 1043 προσίενται,
2948 972 3013 1029 ὡς
3072 972 3133 1020 σίν
3221 974 3293 1041 μή
3386 988 3529 1032 τινας
3592 973 3761 1041 ἔχοιεν
3810 968 4171 1044 ἀντερίζοντας

2566 1065 2672 1118 τοῖς
2704 1056 3031 1130 βουλημασι.
3084 1057 3355 1133 Παρεῤῥύη
3409 1066 3534 1129 ’γοῦν
3582 1064 3775 1134 χρόνος
3814 1064 4033 1132 συχνός,
4082 1064 4171 1112 καὶ

2569 1146 2663 1198 ούκ
2692 1147 2754 1204 ἦν
2776 1148 2801 1197 6
2834 1143 3088 1217 διεξάγων
3128 1150 3187 1199 τό
3217 1152 3476 1220 ποίμνιον.

2640 1233 2746 1307 μγ’.
2792 1235 2851 1287 Ὀ
2910 1238 3000 1307 μεν
3051 1235 3139 1288 οὖν
3200 1235 3454 1308 βασιλεὺς
3504 1236 3757 1305 Ἰωάννης,
3836 1239 3909 1299 ὡς
3964 1240 4172 1309 ἔφημεν,

2572 1323 2643 1385 εἰς
2682 1329 2775 1382 τὴν
2820 1322 3093 1400 ἀντιπέραν
3154 1329 3246 1377 καὶ
3313 1322 3536 1383 δυτικὴν
3589 1324 3808 1378 έποιεῖτο
3862 1328 3950 1378 τὸν
4005 1322 4173 1398 βάδον

2573 1416 2732 1487 χάριν
2754 1422 2844 1465 τοῦ
2870 1416 2964 1475 τὰς
3006 1410 3169 1467 έκεῖσε
3199 1420 3383 1489 χώρας
3448 1419 3539 1466 καὶ
3591 1418 3655 1467 ’ἀ
3692 1413 3741 1466 έν
3793 1414 3966 1476 αύτοῖς
4020 1434 4176 1468 κατο-

2572 1505 2903 1555 πτεύσασθαι
2956 1502 3113 1561 ἀστη·
3187 1508 3276 1555 καὶ
3332 1507 3495 1576 μέχρι
3568 1506 3666 1575 γὰρ
3722 1511 3816 1556 τοῦ
3874 1504 4009 1556 οὕτω
4068 1524 4177 1567 πως

2575 1591 3017 1663 έπονομαξομένου
3080 1590 3273 1653 ἃστεως
3342 1598 3533 1665 Ζίχνα,
3630 1591 3782 1664 έγγύς
3867 1612 3968 1645 που
4038 1596 4181 1652 ὄντος

2577 1680 2790 1754 Σερρὡν,
2850 1680 3088 1731 ἀπάντων
3116 1676 3419 1741 έδέσποζεν.
3481 1680 3653 1755 Ἦρχε
3683 1684 3772 1753 μεν
3836 1685 3951 1733 τότε
4010 1680 4178 1733 Βουλ-

2576 1773 2749 1842 γάρων
2780 1770 2827 1804 ⁸⁷
2873 1770 2897 1820 6
2950 1777 3039 1821 τοῦ
3107 1769 3267 1822 Ἀσάν
3318 1772 3431 1831 υἱός
3484 1769 3803 1841 Καλλιμάνος
3853 1767 4182 1829 δωδεκαέτης

2580 1858 2665 1911 ὧν.
2696 1856 2835 1909 Ἐπεὶ
2864 1864 2989 1928 γοῦν
3020 1856 3103 1910 ἐπὶ
3153 1860 3218 1909 τά
3272 1862 3399 1931 μέρη
3445 1866 3536 1910 τοῦ
3589 1866 3793 1911 Κισσοῦ
3850 1860 3877 1911 6
3933 1857 4183 1930 βασιλεὺς

3798 1946 4042 2020 ἐπαύριον
4093 1954 4185 2008 τῆς

2580 2040 2786 2107 πορείας
2835 2037 3031 2107 εἴχετο,
3113 2034 3384 2107 έπεφθάκει
3467 2032 3525 2089 δε
3573 2035 3657 2089 ini.
3713 2038 3801 2088 τὸν
3853 2040 4086 2108 ποταμόν
4132 2036 4184 2088 ὃν

2581 2124 2767 2198 Ἕϐρον
2796 2125 3040 2191 καλοῦσι,
3071 2124 3297 2182 πλησίον
3329 2126 3375 2159 9⁸
3405 2134 3496 2186 τῆς
3516 2134 3675 2197 μονῆς
3708 2132 3799 2178 τοῦ
3859 2129 4020 2198 Βηρός
4073 2124 4184 2191 (84)

2582 2215 2967 2285 ὀνομαζομένης
2997 2216 3044 2249 ⁹⁹
3091 2218 3395 2285 ποιούμενον
3444 2217 3539 2275 τάς
3587 2214 3729 2288 ῥοὰς,
3792 2214 4067 2287 Μαρίτζαν
4128 2208 4187 2264 δὲ

2581 2305 2889 2376 καλούμενον
2920 2310 3183 2377 χωριτικῆ
3229 2299 3481 2374 διαλέκτῳ
3512 2305 3553 2357 ¹.
3590 2306 3735 2356 Κατά
3792 2300 3849 2355 δὲ
3920 2306 3978 2355 τὸ
4029 2307 4186 2375 μέσον

2582 2402 2673 2447 τού
2726 2400 2963 2464 ποταμού
3020 2396 3289 2463 γενομένου
3379 2399 3470 2444 τοῦ
3521 2390 3778 2465 βασιλέως
3854 2394 4000 2461 (ποσὶ
4086 2395 4185 2466 γὰρ

2586 2485 2753 2537 ἶππων
2785 2484 2997 2555 ὑπῆρχε
3029 2480 3215 2553 βατός,
3270 2480 3473 2554 ἐπείπερ
3545 2484 3719 2555 θέρους
3774 2481 3911 2542 τέλος
3964 2480 4187 2553 ἐτύγχα-

2584 2592 2680 2625 νεν·
2717 2574 2980 2643 φθίνοντος
3052 2573 3153 2644 γὰρ
3233 2574 3380 2643 τρίτη
3440 2572 3469 2629 ἣ
3539 2576 3629 2622 καὶ
3709 2572 3928 2645 τετάρτη
3972 2578 4188 2643 Σεπτεμ-

2587 2661 2734 2735 ϐρίου
2972 2664 3189 2731 μήνυμα
3292 2661 3697 2731 διάκεκόμισται
3793 2663 4189 2733 σεσημασμένον

2585 2759 2757 2823 γραφή
2795 2748 3041 2806 σταλείση
3084 2750 3228 2821 παρά
3266 2756 3357 2800 τοῦ
3396 2754 3488 2806 τὴν
3529 2745 3789 2821 δημόσιον
3846 2758 3941 2811 τῆς
4002 2749 4191 2825 Ἀχρι-

2589 2838 2685 2894 δού
2718 2846 3026 2914 κρατοῦντος
3077 2836 3275 2913 ἀρχὴν,
3326 2842 3389 2899 ὡς
3437 2841 3457 2873 ²
3516 2841 3541 2891 6
3619 2840 3942 2913 Καλλιμάνος
4014 2842 4039 2892 6
4093 2850 4192 2893 τῶν

2587 2930 2891 3003 Βουλγάρων
2931 2928 3113 3002 ἄρχων
3145 2930 3167 2962 ³
3196 2931 3283 2979 τόν
3326 2926 3504 3000 βίοτον
3542 2927 3895 3003 έξεμέτρησεν,
3954 2933 4022 2991 ὡς
4066 2933 4194 2990 τινες

2589 3022 2676 3091 μὲν
2700 3022 2940 3090 ἔφασκον,
2985 3025 3178 3089 φυσικῆ
3212 3022 3349 3088 νόσῳ
3382 3024 3533 3071 τοῦτο
3589 3019 3764 3070 παθὼν
3812 3021 3860 3069 οἱ
3918 3015 3967 3071 δ’
4030 3017 4193 3080 ἄλλως

2588 3108 2777 3179 ἔλεγον,
2850 3108 2919 3167 ὠς
3020 3105 3377 3180 έναντιόφροσι

3292 2656 3697 2731 διάκεκόμισται

3472 3109 3660 3159 τούτου
3745 3113 3891 3180 πόμα
3900 3127 3944 3160 τι
4020 3110 4197 3181 κρύφα

2589 3196 2951 3268 ἐσκευασμένῳ
3015 3198 3145 3258 πρὸς
3211 3200 3368 3269 μόρον
3447 3191 3780 3270 διέφθαρται.
3858 3196 3993 3250 Ἀλλ’
4045 3195 4193 3259 οὗτος

816 3288 1078 3361 demque
1109 3304 1245 3343 cum
1277 3287 1642 3359 primoribus
1657 3288 1779 3343 suis
1802 3288 2116 3344 consilium
2139 3289 2262 3357 init,
2293 3305 2371 3344 an
2401 3290 2478 3345 ir-
2510 3286 2550 3341 C

2429 3306 2478 3345 r-
2510 3286 2550 3341 C
2589 3292 2678 3359 μὲν
2720 3288 2811 3339 εἶθ’
2840 3287 3005 3346 οὕτως
3037 3286 3125 3338 εἶτ’
3152 3284 3316 3345 ἄλλως
3372 3284 3425 3347 ἐξ
3482 3284 3763 3361 ἀνθρώπων
3831 3285 4047 3357 ἐγένετο,
4106 3291 4194 3338 καί

815 3376 1223 3449 rumpendum
1240 3384 1395 3432 esset
1413 3378 1472 3432 in
1490 3377 2351 3450 Bulgaros,abripiendumque
2368 3379 2477 3435 ali-

814 3466 1136 3538 quidquod
1155 3465 1233 3522 ab
1254 3466 1843 3538 ipsisoccupabatur,
1861 3472 1913 3522 et
1947 3484 2023 3523 an
2054 3468 2209 3523 facili
2241 3468 2481 3538 negotio

814 3559 1022 3627 posset
1049 3570 1085 3611 a
1106 3554 1283 3610 nobis
1313 3557 1620 3611 Serrarum
1644 3556 1939 3628 oppidum
1954 3558 2311 3628 expugnari.
2350 3558 2483 3623 Qui-

814 3644 957 3700 dam
987 3644 1333 3717 imperatori
1348 3644 1640 3699 adversus
1664 3644 1955 3714 Bulgaros
1994 3646 2220 3701 bellum
2255 3646 2483 3703 dissua‘

816 3734 1071 3789 debant.
1112 3736 1239 3789 Non
1264 3734 1513 3789 haberet
1538 3750 1677 3789 eum
1705 3734 1973 3805 militem,
2036 3752 2175 3791 cum
2225 3752 2349 3792 non
2407 3737 2485 3792 ad

816 3822 1264 3894 conﬂigendum
1283 3822 1389 3880 sed
1401 3839 1509 3879 sua
1524 3823 1909 3880 solummodo
1932 3824 2228 3881 visitatum
2243 3826 2486 3895 venerit,

818 3917 983 3969 tanto
1014 3912 1221 3985 proelio
1240 3928 1469 3984 parem.
1492 3914 1801 3969 Serrarum
1823 3930 2021 3969 arcem
2061 3915 2324 3986 primum
2378 3932 2485 3987 ag-

819 4000 1233 4072 grediendam,
1266 4016 1402 4057 eum
1430 4018 1461 4057 e
1494 4001 1735 4073 planitie
1767 4003 2073 4069 emineret,
2104 4003 2486 4075 inexpugna-

817 4090 1002 4146 bilem
1015 4106 1165 4157 esse,
1192 4105 1301 4145 nec
1328 4106 1507 4162 posse
1531 4090 1761 4147 tantillo
1802 4092 2057 4147 exercitu
2105 4094 2484 4167 circumsepi.

819 4184 1137 4237 Tormenta
1167 4181 1286 4252 79
1314 4181 1373 4236 in
1396 4197 1531 4236 eam
1565 4187 1626 4236 ut
1658 4181 2041 4251 adigerentur
2071 4183 2198 4239 ﬁeri
2237 4185 2486 4240 omnino

820 4286 943 4326 non
995 4286 1191 4343 posse.
1222 4270 1482 4340 Aggredi
1522 4288 1661 4327 vero
1703 4277 1760 4327 et
1788 4288 1925 4327 arce
1975 4278 2200 4330 tentata
2274 4274 2486 4347 repelli

820 4363 1233 4417 Romanorum
1258 4360 1459 4416 robori
1486 4378 1555 4417 ac
1585 4362 1801 4427 virtuti,
1831 4363 2005 4433 cujus
2034 4362 2187 4419 adeo
2201 4364 2487 4435 praeclara

2590 3378 2704 3434 ἧνό
2739 3376 2885 3446 λόγος
2939 3373 3180 3435 ἀληθείας
3232 3373 3499 3446 ἐχόμενοςο
3571 3379 3821 3446 συνεχέσι
3877 3378 3977 3449 γὰρ
4028 3372 4194 3428 διεϐε-

2592 3465 2800 3519 ϐαιοῦτο
2876 3468 3199 3537 μηνύμασιν.
3300 3463 3358 3515 Ὀ
3423 3467 3511 3536 μὲν
3578 3460 3665 3516 οὖν
3717 3463 3963 3537 βασιλεὺς
4028 3472 4198 3517 ταῦτα

2592 3558 2769 3629 μαθὼν
2807 3556 2827 3589 ⁴
2876 3562 2967 3605 τού
3020 3557 3203 3625 πρόσω
3260 3556 3452 3624 εἴχετο,
3510 3558 3600 3606 καὶ
3662 3552 3801 3615 τελος
3863 3555 4040 3625 φθάνει
4101 3558 4197 3612 τὴν

2593 3646 2870 3711 Φιλίππου,
2926 3642 3263 3715 παραμείψας
3306 3648 3400 3701 τὴν
3454 3642 3839 3717 Χριστούπολιν
3890 3644 3933 3709 ⁵,
3986 3642 4200 3695 κάκεῖσε

2596 3734 2780 3805 σκέψιν
2807 3732 3025 3785 ἐποιεῖτο
3056 3735 3186 3803 μετὰ
3241 3740 3341 3783 τῶν
3397 3730 3507 3803 μετ’
3564 3731 3724 3783 αὐτοῦ
3776 3728 4016 3803 λογάδων
4070 3733 4091 3767 ⁸
4156 3731 4199 3784 εἰ

2597 3822 2679 3877 δεῖ
2712 3821 3023 3897 προσϐαλεῖν
3054 3829 3162 3882 τοῖς
3186 3829 3285 3873 τῶν
3313 3821 3619 3893 Βουλγάρων
3673 3820 3860 3894 [ΡΑ-8]
3924 3826 4013 3874 καὶ
4078 3823 4198 3874 κει-

2595 3914 2875 3988 ρώσασθαί
2912 3931 3029 3963 τινα
3058 3920 3157 3962 τῶν
3206 3910 3327 3983 παρ’
3375 3910 3555 3972 αύτοῖς
3611 3915 3971 3984 κρατουμένων
4008 3913 4053 3977 ⁷,
4110 3916 4201 3964 καὶ

2596 4004 2640 4056 εἰ
2669 4002 2875 4076 εύχερες
2905 4000 3044 4053 ἔστιν
3085 4000 3276 4052 ἁλῶναι
3314 4002 3438 4071 ἡμῖν
3504 4002 3564 4051 τὸ
3630 4008 3729 4052 των
3792 3999 3985 4075 Σερρῶν
4039 4002 4197 4056 ἄστυ.

2599 4098 2699 4146 Καὶ
2729 4095 2861 4152 τινες
2890 4093 2980 4163 μεν
3040 4089 3363 4162 ἀπηγόρευον
3428 4088 3449 4124 ⁸
3516 4097 3590 4160 τῷ
3652 4087 3865 4162 βασιλεῖ
3922 4094 4018 4148 τὴν
4066 4109 4204 4143 κατα

2593 4191 2693 4234 τῶν
2757 4180 3062 4253 Βουλγάρων
3137 4181 3339 4251 μάχην·
3391 4177 3450 4230 ού
3524 4180 3624 4251 γὰρ
3689 4177 3981 4251 ἀξιόμαχον
4031 4179 4203 4250 ἔλεγον

2595 4271 2739 4341 ἄγειν
2782 4271 3021 4340 στρατόν,
3065 4266 3172 4319 ἐπεὶ
3232 4263 3372 4339 μηδὲ
3432 4270 3563 4339 πρὸς
3617 4286 3801 4339 μαχην
3860 4267 4201 4340 ηὐτρέπιστο,

2597 4361 2724 4414 ἀλλά
2754 4364 2883 4412 κατά
2918 4365 3077 4432 μόνην
3120 4361 3235 4411 θέαν
3265 4367 3365 4411 τῶν
3405 4359 3567 4411 αὐτοῦ
3628 4358 3848 4411 ἐποιεῖτο
3912 4363 4003 4417 τὴν
4051 4363 4205 4417 κίνη-

821 4450 985 4506 fama
1014 4450 1075 4505 in
1102 4465 1313 4506 omnes
1355 4451 1634 4522 pervasit,
1689 4451 1913 4523 probro
1986 4468 2143 4507 esse.
2198 4452 2487 4522 Bulgaros
2521 4430 2563 4483 ί)

2439 4469 2487 4508 )s
2521 4430 2563 4483 Β
2598 4471 2705 4504 σιν.
2747 4453 2817 4503 T6
2858 4430 2925 4501 δι’
2955 4458 3054 4501 τῶν
3096 4448 3289 4523 Σερρῶν
3338 4447 3495 4513 ἂστυ,
3631 4453 3844 4520 πρώτως
3886 4447 4204 4521 προσϐαλεῖν

820 4540 1195 4613 quiescentes
1222 4540 1300 4595 ad
1340 4540 1551 4612 praelia
1598 4542 1899 4597 concitare
1964 4542 2209 4598 minime
2260 4543 2484 4598 condu-

822 4645 973 4686 cere.
1028 4633 1159 4685 Haec
1218 4646 1423 4700 regem
1479 4630 1556 4685 ab
1610 4632 2063 4703 oppugnatione
2112 4633 2483 4689 retrahentes

821 4718 1210 4776 adducebant
1239 4720 1298 4775 in
1332 4719 1617 4775 medium.
1648 4720 2015 4793 Palaeologus
2080 4721 2479 4790 Andronicus,

821 4824 1005 4881 quem
1038 4813 1175 4864 ante
1214 4824 1509 4879 magnum
1537 4809 1937 4865 domesticum
1974 4810 2157 4865 fuisse
2186 4811 2484 4880 signiﬁca-

821 4897 1022 4953 vimus
1052 4898 1213 4953 hisce
1236 4898 1534 4953 contraria
1555 4898 1899 4970 imperatori
1927 4900 2296 4955 consulebat.
2339 4903 2483 4955 Ten-

822 4988 1073 5044 tandam
1104 5004 1237 5044 esse
1270 4990 1578 5045 Serrarum
1613 5005 1849 5055 arcem;
1883 5006 1956 5045 ea
1975 4990 2175 5062 potitis
2228 4990 2485 5046 multum

896 5081 1002 5137 ’76
1035 5075 1094 5130 δε
1122 5077 1367 5149 βασιλεὺς
1386 5078 1455 5149 εἰς
1484 5084 1573 5137 τὴν
1598 5078 1871 5149 ἀντιπέραν
1912 5078 2131 5132 ἐποιεῖτο
2157 5084 2243 5131 τὸν

897 5099 1002 5137 τ’,ο
1035 5099 1094 5130 οε
1122 5099 1367 5149 pata-um;
1389 5099 1455 5139 εις
1484 5099 1573 5137 την
1598 5099 1774 5132 αντιπε

822 5152 1052 5234 πέφθακε
1078 5154 1313 5234 περὶπὸν
1342 5147 1501 5222 Εὗρον
1522 5155 1609 5202 τὸν
1639 5151 1724 5205 πλ.
1756 5099 1805 5206 [ξ

2596 4537 2723 4606 ἔδει,
2756 4540 2967 4611 ἄμαχον
2999 4542 3087 4610 μέν
3120 4536 3258 4589 ἐστιν
3290 4536 3343 4588 ix
3393 4544 3485 4589 τοῦ
3552 4538 3893 4609 ὑπερκεῖσθαι
3952 4545 4047 4599 τῆς
4088 4546 4201 4608 γῆς,

2594 4630 2925 4687 κυκλωθῆναι
2981 4624 3039 4681 δε
3117 4630 3352 4698 τοσούτῳ
3437 4628 3791 4700 στρατεύματι
3850 4626 4021 4678 ούκέτι
4080 4628 4204 4700 ῥᾷόν

2595 4720 2757 4774 ἔστιν.
2812 4717 3095 4780 Ἐλεπολεις
3164 4714 3222 4770 δε
3283 4725 3481 4775 στῆσαι
3552 4715 3664 4767 κατ’
3724 4714 3884 4767 αὐτοῦ
3938 4723 4040 4767 τῶν
4066 4714 4203 4788 ἀμη-

2593 4813 2770 4883 χάνων
2801 4808 3137 4865 καθέστηκεν.
3200 4805 3519 4881 Προσϐαλεῖν
3568 4801 3627 4857 δε
3690 4809 3780 4856 καὶ
3830 4807 3961 4877 μετά
4025 4812 4205 4879 πεῖραν

2596 4899 3019 4973 ἀνακρόυσθῆναι
3075 4893 3241 4957 αἰδὼς
3308 4898 3398 4969 μὲν
3448 4896 3683 4968 ὑπάρχει
3738 4902 3810 4965 τῷ
3876 4895 4058 4968 κράτει
4112 4903 4207 4959 τῆς

2597 4992 2844 5062 Ρωμάίων
2880 4986 3051 5062 ἀρχῆς
3083 4991 3252 5058 (φήμη
3308 4989 3406 5061 γὰρ
3468 4985 3633 5047 αὐτῆς
3698 4982 3781 5036 ἐπὶ
3845 4990 3954 5046 τοῖς
4022 4989 4203 5037 τοιού-

2280 5076 2450 5152 βάδον
2481 5081 2575 5142 ἕως
2604 5086 2695 5131 τού
2721 5082 2893 5150 Ζίχνα
2923 5080 3143 5152 άστᾳεως.
3174 5076 3346 5149 Ἦρχε
3369 5078 3476 5152 μὲνΔ
3498 5074 3585 5136 οὖς
3614 5073 3889 5152 Βυλγάρων
3923 5076 3990 5152 D._
4037 5075 4098 5152 _93
4118 5071 4207 5128 καὶ

1805 5194 1818 5208 ,
1853 5141 2305 5232 θθΙόνοριαξομένης
2331 5168 2454 5208 om.
2485 5141 2595 5207 D."
2631 5141 2891 5222 γωριτῖκῆ
2926 5145 3182 5232 διαλέκτῳ
3213 5141 3335 5203 Οἲὶί.
3459 5148 3479 5181 ³
3509 5149 3644 5198 κατά
3680 5141 3817 5232 δὶτό
3845 5176 3937 5232 .—'-
3966 5143 4069 5232 ὡς]
4119 5153 4209 5200 καὶ

823 5218 927 5276 iui
950 5219 1010 5274 δέ
1060 5218 1170 5274 ετάι
1193 5220 1353 5295 ἀναφο
1392 5218 1450 5274 ἀν
1490 5226 1632 5295 παρὰ
1658 5230 1747 5274 τοῦ
1779 5232 1869 5283 τῆς
1900 5218 2191 5296 Ἀχρείδων
2226 5221 2492 5294 δημοσίαν
2518 5243 2548 5275 κ
2587 5218 2830 5283 ατούντος
2852 5224 2915 5281 ὡς
2942 5224 3001 5276 D.
3028 5222 3049 5255 ³
3082 5222 3106 5271 ό
3134 5229 3234 5272 τῶν
3267 5251 3333 5259 -—
3364 5220 3546 5293 οἶρχων
3578 5234 3701 5273 om.
3750 5220 3812 5272 ι).
3842 5218 3862 5251 ⁸
3893 5219 3958 5277 ὡς
3977 5218 4114 5281 τινες
4140 5251 4210 5260 -

824 5244 1142 5380 μαθξὺνῗκαὶ
1169 5242 1419 5366 τάχος
1449 5296 1470 5329 ⁵
1494 5293 1833 5380 παραμείψας
1863 5300 1950 5352 τὴν
1982 5295 2363 5380 Χριιστούπολιν
2396 5312 2517 5380 om:
2642 5296 2663 5330 ⁶
2694 5297 2908 5365 μετά-
2938 5289 3174 5380 λογάδων
3197 5308 3320 5348 om.
3356 5293 3419 5346 D.
3442 5292 3460 5324 ⁷
3493 5295 3584 5343 καὶ
3614 5320 3682 5329 -
3715 5293 4079 5364 κρατουμένων
4103 5308 4207 5350 om

867 5296 1027 5380 αθὼν]
1054 5298 1142 5346 καὶ
1169 5296 1332 5366 τάχος

824 5316 894 5422 Ε.
928 5368 950 5401 ³
990 5371 1313 5422 ἀπηγόρευον

1407 5336 1419 5348 .
1449 5296 1470 5329 ⁵
1494 5289 1833 5367 παραμείψας
1863 5289 2363 5367 τὴνδζριστούπολιν
2396 5312 2517 5350 om.
2642 5296 2663 5330 ⁶
2694 5297 2908 5365 μετά-
2938 5289 3174 5363 λογάδων
3197 5308 3320 5348 om.
3356 5289 3419 5346 D'.
3442 5292 3460 5324 ⁷
3493 5295 3584 5343 καὶ
3614 5320 3682 5329 -
3715 5293 4079 5364 κρατουμένων
4103 5308 4207 5350 om

880 5409 894 5425 .
928 5368 950 5401 ³
990 5365 1313 5441 ἀπηγόρευον
1341 5382 1525 5439 usque
1545 5365 1627 5423 ad
1648 5365 2037 5440 ἀποτρέποντες
2055 5368 2193 5437 (col.
2236 5371 2366 5423 l085
2396 5374 2442 5422 Α
2466 5368 2519 5438 6)
2544 5365 2642 5433 ]ἀπ

1365 5382 1525 5439 isque
1545 5365 1627 5423 ad
1648 5365 2037 5440 ἀποτρέποντες
2055 5368 2193 5437 (col.
2236 5371 2366 5423 l085
2396 5374 2442 5422 Α
2466 5368 2519 5438 6)
2544 5365 2854 5439 ]ἀπέτρεπον
2881 5384 2937 5417 το
2952 5372 3032 5416 ira
3068 5367 3130 5419 D.

1743 5546 2084 5614 Theodori
2134 5548 2384 5614 Dousae
2434 5555 2501 5614 et
2549 5544 2801 5612 Leonis
2852 5542 3083 5611 Allatii
3136 5550 3340 5610 notae.

899 5734 1019 5813 (84)
1040 5739 1143 5794 Τῆς
1163 5740 1325 5806 μονῆς
1358 5737 1453 5785 τοῦ
1484 5732 1673 5803 Βηρός.
1702 5728 2013 5799 Choniata,
2045 5745 2112 5803 p.
2164 5732 2285 5801 595,
2321 5737 2457 5788 ALL.
