4470 6452
803 416 941 473 1087

2120 421 2404 478 GEORGII
2433 420 2885 477 ACLOPOLITxE

4031 382 4179 474 10807

798 540 947 598 dum
988 542 1375 616 maximeque
1413 558 1586 600 veras
1615 543 1689 599 de
1720 542 1999 599 Melenico
2027 542 2455 615 promissiones
2487 541 2529 594 Α

2403 559 2455 599 es
2487 541 2529 594 Α
2565 543 2638 604 εἰς
2682 547 2776 600 τὴν
2830 541 3108 614 ἀκρόπολιν
3163 536 3505 613 ἀναδραμεῖν,
3562 542 3727 594 ἱκέται
3764 543 3890 615 πρὸς
3937 544 4023 593 τὸν
4070 541 4168 613 βα-

804 631 1153 703 imperatori
1191 632 1348 687 fecit.

2564 632 2709 685 σιλέα
2738 631 2979 703 ἐξῄεσαν.
3018 631 3159 682 Ἐπεὶ
3183 626 3231 682 δ’
3256 632 3280 681 ό
3308 637 3509 702 κρατῶν
3554 637 3647 682 τοῦ
3712 632 3896 690 ἄστεος
3951 636 4165 704 Δραγω-

800 726 892 782 τοῖς
955 725 1048 779 τήν
1101 723 1243 773 κάτω
1297 727 1478 796 χώραν
1539 719 1669 775 εἶδεν
1726 722 1975 789 ἁλοῦσαν,
2038 720 2164 795 ἀνὴρ
2228 720 2509 796 Βούλγαρος
2556 727 2644 774 καὶ
2697 724 2893 780 ἣκιστα
2951 717 3356 791 πεπαιδευμένος
3412 720 3548 775 ἄστη
3597 724 3825 790 χρονίως
3879 716 4167 790 διαφυλατ-

800 827 927 878 τειν,
982 812 1159 882 μαθὼν
1214 807 1273 863 δὲ
1332 816 1421 863 καὶ
1466 815 1552 864 τὸν
1608 819 1699 864 τοῦ
1748 809 2008 864 δεσπότου
2067 812 2226 863 αὑτοῦ
2281 814 2517 876 θάνατον,
2576 814 2718 883 τύχῃ

806 898 1043 950 σϐεύεται
1088 902 1214 973 πρὸς
1266 903 1353 951 τὸν
1417 899 1659 972 βασιλέα.
1705 905 1804 953 Καὶ
1846 904 1904 951 τό
1954 903 2042 973 μὲν
2095 902 2230 952 οἷο-τυ
2277 900 2429 961 εὐθὺς
2488 902 2575 952 τὸν
2630 898 2854 971 βασιλέα
2908 898 3156 969 ἑφὴμιζεν
3206 918 3218 930 ·

801 994 971 1058 γωτᾶς
1020 994 1233 1061 χρυσίῳ
1319 993 1713 1062 συνυφασμένην
1793 986 2083 1056 ἐνεδέδυτο,
2154 994 2243 1041 καὶ
2313 994 2583 1063 στατήρων
2656 988 2845 1048 πλῆθος
2919 995 3136 1060 χρυσῶν
3193 982 3392 1043 ἐδέκτο.

2808 809 2975 881 ἁγαθῇ
3065 808 3123 860 ού
3184 805 3277 860 διὰ
3325 816 3529 883 μακροῦ
3583 812 3907 882 καρτερήσας
3956 804 4169 880 διαπρε-

3271 897 3521 970 ἁλουργόν
3576 905 3664 948 οῦν
3705 897 3926 967 χλαῖναν
3972 898 3997 948 ὁ
4038 904 4165 969 Δρα-

3476 984 3820 1056 ’Υποσχέσεις
3867 993 3989 1057 γοῦν
4038 987 4163 1059 ὑπὲρ

801 1084 892 1127 τοῦ
923 1076 1200 1130 Μελενίκου
1231 1077 1370 1149 μάλα
1395 1078 1632 1152 λαμπρὰς
1661 1081 1791 1151 πρὸς
1811 1082 1898 1130 τόν
1944 1078 2168 1149 βασιλέα
2197 1077 2489 1144 ἐπεποίητο,
2514 1080 2777 1152 ὑπεράγαν
2806 1076 3027 1136 ἀληθεῖς.

871 1169 963 1223 44.
978 1166 1074 1221 His
1091 1166 1375 1222 omnibus
1390 1167 1468 1222 ab
1486 1168 1842 1241 imperatore
1861 1167 2116 1236 Dragota
2128 1184 2153 1221 s
2167 1168 2448 1239 acceptis,

801 1259 857 1309 et
885 1254 1062 1327 quasi
1085 1271 1221 1311 esca
1250 1256 1378 1311 aliis
1408 1259 1732 1328 expositus,
1780 1256 2067 1321 discessit,
2130 1263 2307 1329 atque
2346 1260 2452 1313 Me-

798 1342 1053 1398 lenicum
1082 1345 1328 1400 veniens
1359 1345 1565 1401 omnia
1593 1345 1670 1400 ad
1717 1345 1954 1401 accolas
2011 1345 2204 1413 refert,
2229 1360 2451 1415 eosque

800 1436 865 1487 ut
892 1431 1235 1503 imperatori
1267 1449 1328 1488 se
1358 1433 1602 1504 dedant,
1628 1450 1748 1490 non
1770 1435 1971 1489 haecin
2003 1439 2210 1505 aperto
2236 1434 2451 1489 edisse-

798 1535 960 1586 rens,
1012 1521 1116 1577 sed
1163 1522 1321 1577 clam
1373 1522 1647 1595 plurimis
1713 1538 2056 1578 sermonem
2119 1522 2451 1577 communi-

799 1623 966 1674 cans,
985 1609 1352 1665 adhortatur.
1373 1614 1519 1667 Cum
1547 1616 1769 1680 autem,
1791 1611 1893 1682 qui
1923 1611 2214 1683 oppidum
2240 1610 2451 1680 guber-

798 1697 1006 1764 nabat,
1030 1698 1304 1754 Nicolaus
1332 1699 1602 1755 Litohoes
1631 1705 1888 1768 aegrotus
1914 1699 2064 1755 lecto
2095 1701 2319 1772 pedum
2345 1699 2451 1755 do-

796 1785 1024 1841 loribus
1052 1792 1365 1854 teneretur,
1396 1788 1577 1844 libere
1612 1805 1823 1844 omnes
1872 1789 2161 1844 arbitratu
2221 1805 2330 1844 suo
2355 1806 2449 1844 res

798 1876 1087 1948 quasipsi
1112 1877 1330 1933 vellent
1354 1879 1635 1946 agebant.
1671 1883 1825 1934 Inter
1845 1880 1957 1934 hos
1984 1878 2259 1934 Nicolaus
2296 1882 2447 1934 Man-
2482 1904 2519 1956 Β

797 1965 1038 2021 clavites
1064 1982 1133 2021 ex
1166 1967 1561 2022 nobilioribus
1615 1984 1771 2023 unus
1822 1968 2080 2025 Melenici
2112 1967 2342 2036 incolis,
2360 1968 2450 2023 vir

797 2053 998 2111 audax
1030 2062 1085 2112 et
1114 2073 1223 2128 pro
1252 2073 1313 2113 re
1331 2064 1493 2120 nata,
1522 2058 1601 2113 uti
1626 2063 1859 2129 tempus
1886 2057 2079 2125 daret,
2110 2058 2269 2113 varie
2288 2074 2349 2112 se
2372 2058 2448 2112 ef-

796 2145 1066 2214 ﬁngendi
1099 2162 1284 2214 sagax
1317 2163 1385 2203 ac
1412 2148 1748 2220 perspicax,
1788 2164 1925 2220 quae
1956 2164 1990 2203 a
2051 2150 2305 2217 Dragota
2326 2163 2449 2202 mo-

795 2233 1096 2291 liebantur
1121 2236 1237 2307 82
1264 2237 1676 2308 deprehensis,
1730 2253 1799 2292 ac
1859 2238 2099 2307 cognito
2159 2253 2223 2292 se
2273 2253 2449 2309 posse

794 2324 1139 2396 imperatori
1168 2327 1466 2399 promissa
1518 2327 1802 2399 perﬁcere
1851 2328 1898 2382 si
1928 2327 2319 2383 multitudinis
2344 2343 2449 2400 po—

795 2414 1007 2470 tiorem
1039 2422 1272 2487 partem
1300 2416 1359 2471 in
1385 2417 1742 2472 sententiam
1760 2433 1932 2472 suam
1953 2418 2252 2486 traxisset,
2269 2417 2345 2473 ab
2358 2434 2454 2473 oc-

796 2503 968 2559 cultis
992 2504 1307 2577 colloquiis
1364 2521 1492 2560 sese
1535 2506 1843 2561 retrahens
1906 2506 2109 2578 palam
2170 2507 2452 2562 omnibus

796 2592 959 2649 utilia
985 2593 1184 2659 edixit,
1208 2616 1234 2643 «
1258 2595 1426 2649 Pueri
1458 2594 1786 2650 Callimani.
1810 2612 1841 2647 ν
1862 2595 2163 2667 inquiens,
2193 2618 2212 2644 ι
2231 2596 2449 2666 princi-

793 2687 934 2755 patu
954 2683 1164 2756 iniqua
1184 2685 1447 2757 perpessi
1490 2701 1722 2751 sumus,
1755 2701 1827 2740 ea
1857 2690 2057 2741 tamen
2082 2701 2206 2757 spe,
2245 2702 2374 2752 nos,
2403 2687 2449 2741 si

794 2787 947 2844 puer
962 2772 1019 2828 in
1055 2772 1250 2827 virum
1284 2774 1586 2840 evasisset,
1621 2779 1801 2830 tantae
1829 2774 2155 2831 tolerantiae
2206 2776 2455 2847 prmmia

791 2866 1484 2935 recepturos,postquam
1507 2863 1601 2919 ille
1632 2869 1865 2919 aetatem
1893 2864 2079 2929 illam,
2102 2882 2237 2936 quae
2260 2866 2451 2921 virum

791 2951 1054 3024 probum
1084 2967 1119 3007 a
1148 2952 1309 3007 malo
1378 2968 1688 3008 secernere
1727 2958 1949 3026 potest,
1994 2954 2300 3023 attigisset.
2338 2955 2451 3011 Sed

792 3056 932 3097 cum
962 3041 1023 3096 id
1054 3041 1308 3097 adversa
1328 3040 1569 3098 fortuna
1609 3042 2008 3111 amiserimus,
2040 3048 2096 3098 et
2124 3044 2452 3099 infantulus

793 3129 946 3186 alius
959 3129 1036 3186 ad
1050 3130 1347 3202 regendos
1365 3131 1649 3202 Bulgaros
1660 3137 2072 3204 praeponatur,
2091 3133 2255 3187 omni
2273 3133 2449 3188 stulto

794 3219 1071 3276 stuliores
1102 3236 1390 3287 essemus,
1422 3222 1472 3276 si
1495 3220 1626 3276 aliis
1666 3237 1905 3276 rursum
1939 3221 2276 3277 infortuniis
2315 3238 2449 3278 nos-

792 3309 1080 3381 metipsos
1109 3309 1472 3377 dederimus,
1502 3316 1793 3383 tanquam
1824 3312 1928 3383 qui
1949 3312 2010 3367 in
2038 3327 2217 3367 omne
2248 3329 2447 3367 aevum

793 3398 1023 3471 absque
1035 3401 1325 3472 principe.
1345 3415 1407 3455 re
1419 3400 1692 3455 omnium
1708 3400 2233 3472 perniciosissima,
2250 3402 2449 3457 vivere

790 3486 1095 3543 vellemus.
1133 3488 1245 3545 Sed
1283 3490 1532 3561 quando
1563 3492 1972 3545 Romanorum
2003 3492 2331 3562 imperator
2372 3493 2449 3547 ad

791 3591 905 3633 nos
930 3577 1199 3644 accessit,
1231 3594 1343 3633 nos
1367 3578 1445 3633 illi
1464 3578 1588 3633 ﬁdo
1609 3579 1857 3634 domino
1881 3584 1936 3634 et
1959 3580 2155 3635 virum
2189 3582 2448 3653 probum

792 3682 862 3723 ac
893 3666 1122 3722 malum
1145 3667 1368 3738 optime
1417 3669 1801 3737 cognoscenti
1842 3669 2073 3724 tradere
2131 3670 2445 3725 debemus.

792 3755 926 3828 Ipse
949 3756 1047 3828 jus
1075 3756 1154 3811 ab
1185 3757 1435 3828 antiquo
1462 3757 1523 3812 in
1554 3772 1666 3813 nos
1687 3758 1933 3829 obtinet,
1960 3758 2126 3813 locus
2150 3760 2448 3831 siquidem

791 3845 887 3902 hic
914 3852 1117 3902 noster
1136 3845 1367 3917 imperii
1395 3846 1645 3902 Romani
1669 3851 1775 3902 est.
1812 3846 2047 3917 Bulgari
2075 3864 2214 3903 vero
2242 3849 2448 3905 alienis

792 3935 1042 3991 avaritia
1062 3935 1248 4007 raptis
1273 3935 1618 3991 Melenicum
1634 3952 1876 4009 quoque
1908 3943 2297 4009 occuparunt.
2333 3942 2448 3995 Nos

790 4040 1002 4081 omnes
1024 4041 1096 4080 ex
1128 4024 1525 4097 Philippopoli
1557 4026 1669 4081 orti
1712 4026 2011 4097 primodia
2069 4043 2309 4100 quoque
2343 4045 2446 4100 ge—

791 4114 950 4169 neris
999 4113 1233 4184 liquido
1280 4114 1558 4169 ducimus
1614 4130 1685 4169 ex
1719 4115 2049 4170 Romainis.
2082 4117 2361 4181 Quinimo
2392 4121 2450 4173 et

791 4205 1201 4259 Romanorum
1233 4202 1581 4275 imperator,
1610 4202 1745 4258 licet
1766 4204 2001 4273 Bulgari
2034 4221 2328 4273 essemus,
2349 4207 2448 4276 jus

789 4294 997 4348 tamen
1023 4292 1082 4347 in
1113 4308 1225 4348 nos
1256 4293 1455 4348 habet:
1482 4292 1641 4347 ﬁlius
1707 4294 1933 4366 quippe
1986 4294 2141 4349 illius
2170 4301 2227 4350 et
2252 4296 2447 4368 impe—

790 4386 954 4437 rator
972 4381 1322 4438 Theodorus
1342 4398 1480 4437 cum
1509 4385 1743 4437 Asanos
1769 4382 2162 4452 Bulgarorum
2183 4385 2450 4457 principe

791 4470 1077 4529 afﬁnitate
1110 4472 1514 4543 conjungitur,
1556 4487 1718 4527 nunc
1770 4473 1924 4541 regis
1967 4474 2143 4529 Asani
2195 4474 2317 4529 ﬁlia
2348 4476 2449 4531 do-

791 4562 958 4617 mina
992 4579 1027 4618 a
1057 4563 1339 4617 Romanis
1368 4567 1754 4634 nuncupatur
1775 4569 1829 4617 et
1858 4564 2073 4619 est.His
2096 4565 2294 4636 itaque
2322 4582 2449 4621 om-

790 4652 971 4707 nibus
986 4652 1170 4707 verba
1197 4652 1502 4707 luculenta
1531 4653 1646 4723 83
1671 4653 1730 4707 in
1764 4668 1958 4724 pauca
1981 4653 2349 4710 conferentes
2372 4656 2449 4711 ad

790 4741 928 4796 eum
960 4758 1262 4797 recurrere
1294 4741 1609 4805 debemus,
1636 4742 1789 4797 colla
1821 4742 1898 4797 illi
1931 4749 2138 4798 nostra
2170 4745 2449 4799 servitute

793 4833 1114 4889 constituta
1145 4831 1443 4889 addicere.
1471 4833 1817 4905 Sapientum
1850 4849 2116 4906 namque
2144 4851 2353 4905 regum
2381 4851 2448 4890 ac

868 4925 907 4958 ¹¹
953 4924 1408 4995 HujusAcapitis
1447 4923 1580 4995 loco
1637 4924 1764 4979 haec
1816 4923 1999 4995 habet
2052 4927 2094 4979 Ι)
2149 4941 2161 4979 :

2631 1163 2744 1238 μδ¹.
2776 1169 2953 1219 Πάντα
2990 1184 3114 1235 γουν
3150 1166 3188 1199 ¹¹
3247 1172 3415 1217 ταῦτα
3462 1168 3589 1237 πρός
3643 1172 3735 1216 τοῦ
3783 1163 4042 1236 βασιλέως
4078 1164 4166 1215 λα-

2562 1255 2662 1308 ϐὼν
2727 1258 2752 1307 ό
2823 1260 3123 1328 Δραγωτᾶς,
3183 1260 3271 1306 καὶ
3345 1257 3408 1314 ὡς
3485 1252 3664 1327 δὲλεαρ
3734 1252 4162 1325 ὑποϐεϐλημένος,

2562 1344 2736 1418 ἀπῄει.
2769 1345 2908 1398 Ἐπεὶ
2938 1342 2997 1397 δὲ
3029 1346 3221 1416 φθάσοι
3252 1343 3301 1405 ἐς
3360 1343 3654 1409 Ἁῖελένικον,
3704 1346 3875 1396 πάντα
3923 1341 4165 1416 προῦπτα

2560 1443 2665 1495 τοῖς
2744 1434 2966 1494 ἐποίκοις
3022 1441 3267 1498 ποιεῖται,
3342 1438 3430 1485 καὶ
3490 1440 3619 1505 σφᾶς
3682 1433 3867 1494 αὑτούς
3928 1430 4167 1505 διεγείρει

2558 1520 2845 1595 προδοῦναι
2879 1526 2935 1574 τό
2963 1524 3097 1574 οἰστυ
3148 1531 3219 1593 τῷ
3274 1521 3503 1595 βασιλεῖ,
3558 1525 3605 1573 ἓν
3636 1530 3708 1592 τῷ
3754 1529 3952 1595 φανερῷ
3985 1525 4072 1593 μὲν
4108 1521 4166 1573 ού

2558 1620 2725 1664 ταῦτα
2778 1612 2958 1682 λέγων,
3009 1614 3181 1685 κρύφα
3252 1608 3310 1663 δὲ
3374 1618 3484 1671 τοῖς
3532 1611 3795 1672 πλείστοις
3826 1615 3944 1685 περὶ
3986 1614 4165 1662 τούτου

2558 1701 3025 1772 κοινολογούμενος.
3101 1701 3242 1752 Ἐπεὶ
3295 1697 3353 1752 δὲ
3406 1702 3431 1751 ό
3484 1704 3576 1758 τὴν
3633 1702 3911 1771 ἡγεμονίαν
3974 1697 4165 1751 διεπων

2556 1790 2646 1842 τοῦ
2678 1792 2924 1850 ἄστεωςό
2979 1788 3236 1850 Λιτοϐόης
3290 1790 3545 1849 Νικόλαος
3595 1791 3708 1859 (86)
3766 1791 4051 1848 κατάνοσος
4106 1786 4165 1845 ἦν

2558 1884 2738 1951 καὶ
2782 1879 2929 1951 κλίνη
2972 1886 3081 1938 ταῖς
3130 1886 3229 1929 τῶν
3277 1876 3452 1930 ποδῶν
3508 1874 3774 1948 ἀλγηδόσι
3821 1897 4164 1951 προσπεπατ-

2558 1969 2880 2041 ταλευμένος,
2940 1966 3209 2042 ἐλευθέρως
3262 1966 3405 2038 εἶχον
3476 1970 3524 2019 οἱ
3596 1969 3782 2028 πάντες
3842 1963 4162 2039 διαπράττε-

2564 2061 2687 2111 σθαι
2720 2064 2872 2129 σφίσι
2914 2060 2980 2109 τὰ
3029 2056 3284 2129 βουλητά.
3334 2058 3472 2109 Ἐπεὶ
3524 2053 3583 2108 δὲ
3638 2061 3728 2108 καὶ
3780 2058 3805 2107 ὁ
3858 2055 4162 2126 Μαγκλαϐί·

2558 2168 2653 2209 της
2702 2148 2952 2208 Νικόλαος
2996 2148 3072 2207 οἷς
3104 2143 3164 2204 ἦν
3220 2154 3317 2197 τῶν
3362 2145 3770 2220 ἐπιφανεστέρων
3830 2145 3878 2197 ἐν
3918 2153 4028 2207 τοῖς
4067 2154 4157 2197 τοῦ

2560 2237 2837 2290 Μελενίκου
2891 2237 3215 2307 οἰκήτορσιν,
3274 2233 3402 2307 ἀνὴρ
3461 2232 3783 2309 δραστὴριος
3835 2240 3925 2287 καὶ
3993 2231 4160 2296 δεινός

2560 2333 2827 2401 καιρικαῖς
2896 2329 3240 2398 περιπετείαις
3308 2323 3853 2396 συμμεταϐάλλεσθαι,
3927 2326 3993 2375 τὰ
4070 2332 4162 2374 τοῦ

2563 2421 2813 2489 Δραγωτᾶ
2865 2416 3107 2488 φωράσας
3177 2418 3267 2465 καὶ
3324 2417 3476 2484 γνούς
3534 2414 3604 2473 ὡς
3661 2409 3909 2469 δυνηθείη
3988 2411 4047 2462 ἂν
4098 2416 4164 2464 τὰ

2562 2507 2907 2576 ὑπεσχημένα
2935 2512 3007 2573 τῷ
3066 2502 3279 2575 βασιλεῖ
3326 2498 3744 2575 διαπράξασθαι,
3794 2509 3887 2553 τοῦ
3938 2501 4165 2561 πλήθους

2561 2597 2619 2645 τὸ
2687 2590 2855 2645 πλεῖον
2906 2594 3211 2663 ὑπαγαγὼν,
3271 2598 3362 2643 τοῦ
3408 2594 3579 2666 κρύφα
3642 2590 3804 2661 λέγειν
3854 2589 4090 2652 ἀποστας
4122 2590 4166 2650 ἐς

2562 2686 2619 2735 τὸ
2661 2687 2873 2755 φανερὸν
2922 2689 3030 2743 τοῖς
3062 2688 3221 2733 πᾶσιν
3251 2682 3463 2732 ὑπέθετο
3521 2682 3586 2731 τὰ
3635 2685 3966 2742 συνοίσοντα,
4020 2680 4165 2754 εἰρη-

2562 2777 2686 2837 κὼς,
2720 2776 2783 2832 ὡς
2832 2795 2859 2821 ‹‹
2920 2771 3070 2843 Ἡμῖν
3135 2774 3222 2842 μὲν
3264 2769 3458 2841 ἐγένετο
3506 2769 4049 2843 προσταλαιπωρῆσαι
4100 2777 4161 2840 τῇ

2562 2870 2653 2914 τοῦ
2679 2858 2868 2921 παιδὸς
2899 2869 2991 2913 τοῦ
3021 2859 3347 2932 Καλλιμάνου
3372 2859 3539 2933 ἀρχῇ,
3569 2864 3657 2911 καὶ
3699 2856 3760 2917 ἦν
3798 2862 3930 2933 πρὸς
3957 2855 4168 2921 ἐλπίδος

2564 2949 2895 3026 ἀνδρωθῆναί
2942 2970 2994 3002 τε
3054 2958 3235 3001 τοῦτον
3286 2952 3540 3022 καὶπρὸς
3590 2948 3749 3000 αὑτοῦ
3797 2951 3886 3009 τάς
3944 2947 4166 3019 ἀμοιϐὰς

2561 3049 2657 3103 τῆς
2709 3041 3056 3099 κακοπαθείας
3132 3037 3417 3090 ἀντιλαϐεῖν
3485 3038 3551 3098 εἰς
3626 3037 3833 3095 ἡλικίαν
3910 3036 4160 3107 ἐλθόντος,

2561 3132 2640 3183 ὅτε
2672 3126 2942 3201 διακρῖναι
3000 3125 3214 3179 δύναιτο
3244 3128 3304 3178 άν
3340 3147 3419 3189 τις
3461 3126 3560 3179 ἀπὸ
3611 3126 3804 3199 φαύλου
3853 3123 4023 3200 ἄνδρα
4073 3147 4166 3177 κα-

2559 3220 2664 3275 λόν.
2716 3219 2859 3271 Ἐπεὶ
2918 3214 2976 3269 δε
3025 3220 3212 3269 τούτου
3287 3220 3560 3290 κακούργῳ
3638 3219 3781 3288 τύχη
3841 3218 4163 3289 ἡμάρτομεν,

2559 3312 2829 3381 πρόκειται
2888 3303 2946 3357 δε
3016 3307 3140 3377 ημῖν
3200 3304 3503 3378 βρεφύλλιον
3570 3304 3691 3356 α’λλο
3764 3304 3833 3366 εἰς
3908 3310 3995 3362 τὴν
4065 3313 4164 3355 τῶν

2559 3397 2863 3470 Βουλγάρων
2904 3394 3100 3468 ἀρχὴν,
3152 3397 3344 3455 παντὸς
3402 3393 3460 3445 ἂν
3516 3392 3901 3453 ἁνοηταίνοντος
3948 3399 4166 3468 χείρους

2560 3492 2852 3561 φανείημεν,

2561 3575 2775 3650 δοίημεν
2806 3577 3017 3643 αύτούς,
3051 3571 3338 3627 ἀδέσποτοι
3393 3578 3480 3626 τὸν
3529 3576 3701 3625 πάντα
3762 3572 3880 3645 βίον
3913 3571 4165 3625 διατελεῖν

2936 3487 2977 3537 εί
3064 3486 3217 3537 πάλιν
3294 3488 3393 3558 πρὸ
3485 3482 3819 3559 δυσπραγίας
3885 3484 4015 3546 α’λας
4059 3484 4167 3536 ἐπι-

2560 3670 2876 3742 αίροὺμενοι,
2950 3665 3033 3737 ὑφ’
3092 3665 3151 3716 οὗ
3208 3664 3370 3716 πολλά
3428 3684 3481 3715 τε
3549 3669 3639 3715 καὶ
3698 3664 3860 3735 μείζω
3908 3666 3973 3714 τὰ
4020 3660 4168 3715 δειλὰ

2561 3760 2761 3831 φύεται,
2788 3754 2925 3807 Ἀλλ’
2985 3752 3092 3805 ἐπεὶ
3139 3755 3164 3805 ό
3215 3753 3468 3827 βασιλεὺς
3515 3755 3640 3825 ημῖν
3692 3754 3716 3803 ὁ
3762 3761 3860 3803 τῶν
3899 3751 4163 3824 Ῥωμαίων

2561 3851 2940 3921 προσήγγισεν,
2996 3843 3075 3916 [Ρ.
3124 3842 3214 3915 42]
3271 3839 3354 3895 δεῖ
3404 3843 3544 3912 αύτῷ
3598 3842 3813 3903 ἑαυτοὺς
3865 3842 4169 3917 ἐγχειρίσα-

2561 3939 2706 4004 σθαι,
2774 3932 3004 4005 δεσπότῃ
3060 3940 3232 4002 πιστῷ
3290 3937 3380 3984 καὶ
3430 3929 3597 3984 εἰδότι
3647 3930 3818 4004 ἄνδρα
3866 3929 3964 3989 ηδε
4007 3936 4168 3983 κακόν

2560 4024 2657 4085 ηδε
2685 4030 2773 4077 καὶ
2824 4024 2985 4086 ἐθλὸν,
3041 4028 3130 4075 καὶ
3178 4020 3382 4075 δίκαιον
3414 4023 3464 4075 ἐν
3512 4026 3636 4095 ἡμῖν
3685 4022 3905 4075 ἔκπαλαι
3952 4028 4164 4094 σχόντι.

2553 4117 2619 4169 Ὀ
2650 4136 2701 4169 τε
2741 4117 2841 4188 γὰρ
2905 4116 3149 4186 ἡμέτερος
3205 4121 3383 4187 χῶρος
3433 4121 3495 4185 τῇ
3542 4122 3641 4164 τῶν
3682 4112 3946 4184 Ῥωμαίων
3999 4133 4168 4187 προσ-

2557 4213 2671 4265 ήκει
2704 4204 2848 4277 ἀρχῇ
2879 4226 2890 4236 -
2953 4203 3439 4277 πλεονεκτικὼτερον
3489 4204 3588 4277 γὰρ
3645 4204 3693 4253 οἱ
3744 4202 4030 4273 Βοὺλγαροι
4059 4209 4171 4263 τοῖς

2556 4299 2837 4371 πράγμασι
2869 4294 3201 4367 χρησάμενοι
3252 4298 3341 4344 καὶ
3402 4299 3493 4344 τοῦ
3539 4292 3816 4344 Μελενίκου
3868 4298 4168 4363 γεγένηνται

2558 4387 2845 4461 ἐγκρατεῖς,
2891 4386 3040 4455 ἡμεῖς
3109 4380 3167 4435 δε
3208 4384 3395 4444 πάντες
3434 4380 3487 4433 ἐκ
3537 4381 3794 4435 Φιλιππου
3828 4382 4022 4443 πόλεως
4081 4385 4169 4457 ὁρ-

2557 4477 2791 4548 μώμεθα,
2827 4475 3047 4546 καθαροὶ
3073 4477 3130 4523 τό
3160 4475 3310 4543 γένος
3364 4470 3630 4543 Ῥωμαῖοι.
3689 4471 3889 4533 Ἀλλως
3943 4492 3997 4524 τε
4022 4479 4112 4524 καὶ
4144 4475 4167 4524 ὁ

2557 4576 2655 4618 τῶν
2700 4565 2962 4637 Ῥωμαίων
3023 4562 3272 4636 βασιλεὺς
3324 4563 3520 4623 αληθώς
3553 4568 3641 4614 καὶ
3672 4562 3719 4613 ἐν
3747 4565 3871 4635 ἡμῖν
3931 4560 4167 4615 δικαιοῦ-

2558 4676 2665 4720 ται,
2720 4660 2810 4706 καὶ
2859 4654 2902 4706 εἰ
2958 4653 3270 4724 Βουλγάροις
3331 4657 3686 4727 προσήκοιμεν
3738 4673 3750 4685 ο
3804 4654 3829 4703 ό
3899 4654 4001 4725 γὰρ
4054 4656 4167 4715 υἱὸς

2558 4748 2743 4797 τούτου
2773 4749 2861 4795 καὶ
2892 4742 3143 4815 βασιλεὺς
3174 4739 3448 4816 Θεόδωρος
3504 4752 3574 4813 τῷ
3625 4741 3836 4815 βασιλεῖ
3870 4750 3968 4793 τῶν
4009 4743 4167 4793 Βουλ-

2557 4838 2729 4909 γάρων
2756 4842 2827 4903 τῷ
2857 4835 3020 4885 tam»
3069 4829 3374 4898 κεκηδευτο,
3428 4836 3518 4884 καὶ
3561 4840 3647 4883 νῦν
3705 4834 3735 4889 ἡ
3770 4840 3859 4884 τοῦ
3912 4831 4168 4904 βασιλέως

2213 4945 2302 4976 και
2351 4926 2507 4998 εὑρὼν
2557 4928 2642 4976 τὸν
2704 4926 2792 4998 μὲν
2850 4923 2942 4975 τ’οηῖ
2992 4924 3173 4983 οἱστεος
3226 4925 3428 4998 ἔφορον-
3470 4921 3718 4998 [ξιτόμϐοον
3786 4922 4027 4992 κλινήρη,
4078 4927 4165 4975 τόν

793 4991 853 5049 δε
923 4980 1302 5067 animum;
1386 4994 1641 5047 Νικόλαον
1684 5038 1695 5049 .
1742 5036 1753 5048 .
1803 5037 1816 5050 .
1862 5038 1873 5050 .
1921 5038 1931 5050 .
1971 4994 2030 5048 Ὀ
2084 4999 2173 5069 μέν
2240 4993 2327 5048 οὑν
2381 4980 2621 5058 έασιλεὺς
2697 4980 2977 5069 ἔσκηνοῦτο
3030 5000 3146 5069 περὶ
3198 4980 3677 5069 τῆν’Βαλαϐἰσδαν
3733 4980 4059 5069 τόπονςκαὶ
4115 5015 4140 5046 ο

790 5064 1164 5123 Μελενικίῶται
1215 5066 1514 5142 ἀφικόμενοι
1552 5071 1610 5118 τό
1666 5069 1802 5119 οἴστυ
1858 5070 2021 5140 τούτῳ
2076 5064 2366 5142 παρέσχον.
2421 5070 2706 5142 Ἐκράτησε
2761 5064 2819 5120 δὲ
2867 5064 3192 5142 ὁ-βασιλεύς
3238 5072 3327 5117 καὶ
3369 5068 3690 5137 Στενιμάχου
3717 5071 3823 5142 ’καὶ
3872 5066 4167 5142 Τζεπαὶνης

790 5145 881 5192 καὶ
926 5148 1026 5191 τῶν
1083 5148 1174 5200 τῆς
1228 5134 1479 5199 Ῥοδόπης
1530 5138 1815 5211 πολιχνίων
1870 5145 1959 5192 καὶ
1993 5134 2363 5213 ’κωμοπόλεωκ
2419 5134 2518 5213 καί
2548 5143 2664 5213 ὅρον
2720 5144 2807 5191 τόν
2860 5134 3020 5211 Εὗρον
3074 5142 3348 5213 πεποίητο.
3398 5134 3641 5213 Κατὲσχήε
3705 5134 3763 5213 δε
3817 5142 3907 5189 καὶ
3956 5136 4011 5213 ἐκ
4069 5148 4166 5189 τῶν

790 5215 921 5286 πρὸς
953 5210 1147 5286 Βορρᾶν
1202 5215 1489 5284 Στούμπιόν
1533 5231 1587 5263 τε
1624 5208 1714 5263 καὶ
1774 5211 2037 5265 Χυττοϐόν
2076 5208 2165 5265 καὶ
2208 5208 2584 5266 Βελεϐοὑσδιον
2641 5208 2941 5286 Σκόπιά-τε
2990 5215 3098 5286 καὶ·
3136 5209 3386 5286 βελεσσὸν
3444 5208 3658 5286 καὶᾳίτόιΔ
3688 5212 3852 5282 μέχρι
3894 5208 4166 5286 Πριλάπου

790 5278 881 5336 καὶ
933 5278 1249 5354 Πελάγονίας
1298 5278 1496 5357 χωρία,
1539 5284 1899 5336 Νευστάπολίν
1957 5304 2005 5337 τε
2069 5290 2159 5337 καὶ
2211 5290 2501 5359 [Ιρόσακον,
2554 5288 2645 5335 καί
2698 5280 2927 5343 σπονδάς
2980 5302 3033 5335 τε
3080 5278 3144 5334 ἐκ
3186 5282 3489 5357 Βουλγάρων
3536 5278 3832 5353 δεξάμενος,
3881 5278 3950 5343 ὡς
4002 5286 4168 5355 μέχρι

789 5359 983 5410 τούτων
1115 5399 1130 5424 ,
1158 5354 1397 5427 ἀνέσχενζ

1701 5462 2043 5531 Theodori
2094 5463 2345 5530 Dousae
2394 5472 2461 5531 et
2506 5462 2760 5531 Leonis
2812 5461 3043 5530 Allatii
3094 5470 3295 5528 notas.

862 5605 982 5687 (86)
1028 5604 1096 5687 :0
1165 5604 1756 5687 ᾼιτοβόης-Νικόλαος.
1808 5606 2125 5687 ghoniata,
2185 5621 2263 5687 p:_
2326 5610 2446 5687 5134,

790 5678 1065 5738 meminit
1086 5678 1407 5750 cujusdam
1434 5678 1708 5735 Litoboes
1738 5678 1940 5734 militis
1970 5678 2029 5734 in
2051 5678 2311 5734 exercitu
2340 5681 2452 5733 Du-

732 5832 735 5834 .
790 5767 875 5810 cae
895 5750 1415 5819 sebastocratoris,
1431 5751 1535 5824 qui
1547 5767 1619 5808 ex
1631 5750 1954 5808 barbarica
1969 5751 2212 5817 cohorte
2234 5751 2451 5807 ducem

2560 5610 2773 5662 nactus
2797 5605 2913 5661 alia
2950 5604 3049 5660 via
3087 5605 3213 5660 sine
3227 5604 3348 5660 ulla
3363 5619 3524 5659 noxa
3546 5605 3774 5660 Ducam
3818 5605 4079 5662 servavit
4110 5606 4171 5662 in

2561 5678 2730 5736 clade
2760 5676 2966 5736 lsaacii
3006 5694 3041 5734 a
3072 5677 3303 5733 Blachis
3335 5680 3598 5748 accepta.
3634 5680 3768 5732 ALL.
