4470 6452
279 423 413 474 lURO

271 564 363 594 τον
400 544 558 600 Ἀσην
605 545 832 614 θυγάτηρ
881 544 906 599 ἡ
954 545 1175 610 συζυγος
1216 548 1306 590 τοῦ
1340 557 1574 589 τοιουτου
1615 537 1870 607 ΙΞασιλέως
1902 540 1944 588 Α

273 632 528 685 δεσποινα
590 653 731 682 παοα
793 641 1039 690 νωνμιιοις
1104 652 1187 679 Λαι
1232 649 1339 680 εστι
1391 649 1478 678 και
1539 631 1870 697 ουν-λάζεται.

269 729 478 774 Τούτων
516 718 601 773 οὖν
658 725 894 772 απάντων
928 724 1086 793 χάριν
1138 722 1203 770 τα
1236 718 1397 768 πολλα
1441 737 1538 767 των
1597 717 1874 786 λεγομενων

269 811 646 869 καταλιπόντας
686 809 761 860 ἐπ’
814 810 968 860 αὐτον
1022 815 1129 879 χρη
1180 812 1303 858 ίεναι
1353 827 1439 857 και
1481 825 1600 866 τους
1651 806 1878 874 αυχένας

269 899 544 952 ὑποκλῑναι
569 918 642 966 τω
669 902 759 958 τὴς
793 894 1030 956 δουλείας
1062 899 1205 965 ζυγω
1232 916 1242 927 ’
1269 915 1375 965 χρη
1389 898 1509 955 στος
1539 897 1636 963 γαρ
1671 895 1694 942 ο
1724 894 1878 963 ζυγός

268 998 370 1041 των
402 991 660 1061 φρονίμων
694 985 950 1057 βασιλέων
995 992 1084 1035 και
1123 988 1375 1055 γηραιων,
1423 990 1509 1034 και
1546 982 1712 1051 πολλῷ
1757 1003 1875 1034 κου-

273 1095 485 1148 γοτερος
519 1077 615 1126 τῶν
639 1079 710 1127 ἔτι
735 1071 1107 1126 διατελούντων
1138 1072 1186 1124 εν
1213 1073 1436 1144 μειραξι.
1478 1094 1502 1120 ι)
1533 1071 1690 1124 Ταῦτ’
1731 1078 1874 1143 είρη-

271 1171 374 1223 κως
432 1169 639 1216 πέπεικε
688 1167 884 1224 πάντας
932 1162 1160 1234 ἀμογητὶ
1206 1181 1295 1213 και
1327 1161 1518 1213 πολλων
1565 1163 1683 1232 άτερ
1744 1179 1874 1233 πρα-

269 1256 480 1323 γμάτων
518 1254 760 1322 γενέσθαι
789 1271 878 1304 του
912 1250 1188 1323 βασιλέως.
1237 1255 1334 1303 Καὶ
1362 1247 1428 1307 δὴ
1464 1248 1703 1323 πρέσϐεις
1735 1251 1877 1310 τινας

268 1351 371 1393 των
448 1345 762 1393 συνεποίκων
818 1346 1123 1403 στείλαντες,
1174 1341 1319 1410 τάχα
1356 1343 1446 1410 μέν
1498 1341 1686 1410 κρύφα,
1752 1337 1876 1408 μάλ-

269 1429 357 1481 λον
410 1426 468 1482 δε
519 1434 932 1500 γινωσκομένους
973 1425 1078 1488 τοῖς
1134 1427 1354 1492 πλείοσι,
1417 1425 1704 1497 συμϐάσεις
1749 1431 1878 1498 μετα

271 1526 367 1569 τοῦ
438 1516 699 1589 βασιλέως
760 1523 1089 1574 πεποίηνται.
1163 1514 1548 1590 Χρυσόϐουλλος
1609 1525 1732 1586 γοῦν
1807 1526 1878 1586 τω

273 1605 488 1678 βασιλεί
563 1615 664 1657 τῶν
720 1611 984 1678 ᾑτημένων
1047 1611 1197 1677 σφίσι
1256 1605 1619 1677 περιληπτικος
1673 1625 1878 1675 γεγενη-

270 1701 423 1766 μένος
467 1715 556 1746 και
611 1691 886 1766 δεδομένος
930 1703 1033 1755 τοῖς
1087 1693 1336 1765 πρέσϐεσι
1383 1702 1490 1755 τοῖς
1551 1714 1641 1745 τον
1701 1697 1877 1747 Μελεί-

267 1804 366 1836 κου
422 1783 786 1841 ἀποσταλῆναι
844 1787 1223 1854 προσετετάχει
1293 1782 1588 1854 οἰκητορσι,
1671 1791 1769 1836 Και
1831 1787 1879 1836 οἱ

268 1875 384 1944 μετ’

266 1965 388 2014 ὅσοι
439 1982 491 2014 τε
522 1972 619 2013 των
667 1962 1023 2033 προύχοντωυ,
1077 1981 1191 2012 οσοι
1239 1963 1337 2012 των
1381 1967 1428 2013 εν
1462 1981 1706 2034 στρατεια
1757 1983 1880 2014 κατ-

461 1873 519 1924 ού
596 1873 725 1924 πολύ
800 1870 1138 1943 ὁμοῦυμαὸον
1221 1875 1405 1933 πάντες
1485 1874 1875 1943 συνειλεγμένοι,
1914 1885 1950 1938 Β

279 2052 598 2123 ειλεγμένων,
646 2071 736 2103 και
768 2054 883 2103 ὅσοι
931 2057 1200 2123 κρείττους
1255 2051 1398 2102 άλλοί
1429 2062 1526 2102 των
1575 2072 1879 2126 οικητορων,

264 2147 402 2216 πρὸς
430 2146 516 2194 τόν
568 2139 793 2212 βασιλέα
842 2140 1104 2212 ἀφίκοντο,
1159 2145 1503 2212 σκηνοῦμενον
1552 2149 1678 2212 παρὶ
1727 2161 1880 2194 τοπον

271 2229 554 2284 Λαϐίσὸαν
594 2235 729 2282 οὕτω
779 2251 882 2291 πως
939 2231 1334 2303 ὀνομαζόμενον,
1388 2228 1569 2304 ἄνδρες
1621 2232 1884 2293 εὐσταλεῖς

265 2341 326 2374 τε
386 2341 476 2372 και
538 2323 735 2392 ἔντιμοι
791 2324 890 2372 κάκ
945 2326 1102 2391 μόνης
1173 2322 1290 2380 θέας
1354 2317 1542 2380 αίδοῦς
1599 2341 1684 2372 και
1727 2329 1882 2392 τιμῆς

267 2410 430 2475 ἄξιοι,
501 2413 624 2482 ὑπὲρ
692 2414 1068 2470 πεντακοσίους
1132 2413 1522 2480 τυγχάνοντες·
1577 2409 1664 2470 ούς
1727 2410 1883 2471 αυτὸς

269 2504 496 2572 εἰρηκειν
529 2495 677 2566 ιδὼν,
736 2524 761 2548 ιε
820 2504 947 2551 Ποία
1001 2499 1312 2570 όπλομαχία
1361 2501 1486 2571 ημῖν
1532 2499 1725 2560 αὐτούς
1758 2519 1884 2572 παρ-

273 2593 582 2646 εστήσατος
635 2589 663 2646 ἦ
720 2607 882 2640 ποσαι
933 2587 1185 2659 φάλαγγες
1247 2591 1438 2640 ἱππέων
1493 2598 1590 2641 των
1621 2593 1884 2641 τοσούτων

274 2682 658 2752 περιεγένοντο;
729 2676 836 2728 αλλ’
899 2682 948 2728 ὲν
999 2676 1072 2748 τις)
1127 2682 1378 2751 κρείττονι
1441 2677 1615 2750 ρᾲστα
1667 2699 1755 2729 και
1820 2681 1885 2730 τὰ

273 2776 468 2840 μικροῦ
501 2763 609 2818 ὃεῖν
661 2765 1057 2837 ἀνεπιχείρητα.
1115 2767 1394 2819 Κάντεῦθεν
1445 2764 1602 2824 δῆλον
1652 2771 1716 2828 ως
1755 2767 1882 2825 ἀλη-

275 2857 356 2915 (θές

273 2949 578 3018 τρέχοντος,
624 2941 747 2995 ούόε
778 2953 868 2995 τοῦ
914 2941 1216 3009 διώκοντος,
1259 2944 1385 2996 ἀλλα
1411 2954 1502 2996 τοῦ
1548 2942 1884 3006 εὐδοκοῦντος

402 2858 512 2907 ἐστι
557 2859 614 2906 τό
663 2865 734 2925 τῲ
764 2854 1038 2923 ἀποστολῳ
1072 2855 1255 2907 Παύλω
1307 2861 1590 2929 είρημένον,
1619 2879 1643 2903 ‹‹
1679 2856 1752 2907 Ού
1794 2865 1884 2908 τοῦ

273 3037 429 3087 Θεοῦ.
487 3057 514 3082 ››
559 3039 642 3102 Τῲ
686 3052 768 3084 τοι
814 3053 903 3085 και
952 3037 1038 3085 τόν
1086 3037 1378 3105 στρατηγόν
1433 3034 1491 3085 ού
1543 3030 1625 3085 δεῖ
1669 3034 1885 3105 πάμπαν

274 3123 500 3176 ἐπαινεῖν
554 3126 670 3175 οὔτε
723 3127 824 3195 μὴν
876 3122 1074 3194 ψέγειν.
1126 3123 1293 3175 Πολλα
1342 3126 1442 3197 γάρ
1502 3143 1633 3184 τινες
1691 3121 1886 3196 διοιγωο

274 3231 546 3284 νισαμενοι
597 3208 889 3272 σπονὸαἰος
940 3231 995 3264 τε
1049 3231 1140 3263 και
1195 3218 1470 3278 σῦντόνως,
1535 3210 1888 3284 δραστικωτε-
1921 3239 1960 3294 C

274 3321 366 3375 ρον
405 3308 513 3363 τοῖς
561 3309 791 3374 παροῦσι
840 3303 1190 3374 χρησάμενοι,
1240 3304 1425 3375 μικρὸν
1471 3301 1499 3358 ἡ
1563 3298 1713 3353 οὐδὲν
1761 3321 1887 3354 κατ-

275 3392 610 3462 ωρθώσαντο,
661 3393 784 3441 ἔνιοι
829 3386 886 3442 δὲ
922 3409 1011 3441 και
1061 3389 1339 3461 ἐσφάλοντο
1392 3389 1634 3448 πλεῖστα.
1687 3390 1890 3465 ’Ἕτεροι

278 3477 340 3533 δε
399 3477 574 3542 δεξιάς
633 3480 992 3554 ηύμορηκότες
1049 3482 1241 3552 τύχης,
1304 3479 1624 3553 ἀμελετητως
1686 3480 1768 3533 ἐπὶ
1825 3484 1891 3534 τὰ

277 3573 410 3643 ἔργα
451 3579 741 3644 χωροῦντες
821 3569 1057 3642 μεγάλων
1137 3576 1394 3642 τροπαίων
1455 3575 1732 3641 γεγόνασιν
1803 3571 1892 3623 αύ-

274 3665 514 3732 τονργοὶ,
571 3659 677 3711 οἶόν
733 3678 786 3710 τι
862 3659 1043 3721 ξυνέϐη
1111 3668 1182 3728 τῲ
1241 3665 1354 3710 τότε
1406 3664 1495 3710 καὶ
1557 3669 1627 3729 τῷ
1681 3658 1892 3731 βασιλεῖ

279 3749 513 3820 Ἰωάννη.
581 3747 782 3800 Πολλῶν
862 3751 964 3820 γαρ
1029 3747 1224 3799 αστέων
1287 3753 1377 3801 καὶ
1453 3767 1643 3821 χωρων
1694 3749 1889 3800 πολλῶν

277 3835 505 3908 ἐγεγόνει
591 3833 852 3897 δεσπότης
915 3837 962 3888 ἐν
1045 3836 1247 3907 ἀκαρεῖ,
1317 3841 1387 3909 μή
1453 3857 1588 3898 τινος
1665 3839 1888 3910 πολέμου

276 3929 646 3999 γεγενημένου,
701 3923 840 3998 μηδὲ
906 3945 1045 3986 τινος
1096 3932 1344 3987 πεσόντος
1393 3926 1444 3978 ἓν
1510 3947 1686 4000 μάχη,
1754 3924 1892 4000 μηδὲ

938 4035 1007 4088 μη
1017 4012 1075 4070 δε
1160 4016 1334 4085 ξιφους
1417 4036 1658 4089 κατορχη
1669 4023 1890 4090 σαμενον

283 4111 548 4176 σώματος,
621 4104 728 4157 ἀλλ’
789 4107 989 4178 ἡμέρως
1056 4125 1144 4157 και
1219 4105 1452 4175 γαληνῶς
1519 4109 1691 4178 ὥσπερ
1760 4111 1893 4167 τινός

279 4018 504 4088 χυθεντο
515 4036 536 4077 ς
609 4019 850 4088 αἳματος,

277 4195 477 4270 κλήρου
531 4198 782 4269 πατρόθεν
836 4199 997 4266 τούτῳ
1064 4201 1427 4270 προσωκοντος
1477 4192 1728 4271 ἀνιδρωτί
1795 4206 1892 4248 τῶν

280 4288 532 4338 τοιούτων
588 4284 826 4336 ἁπάντων
878 4284 1102 4359 κατῆρξε
1159 4285 1240 4356 [Ρ.
1292 4286 1382 4357 4-4]
1424 4290 1740 4358 Στενίμαχος
1792 4289 1892 4359 γὰρ

281 4379 375 4427 καὶ
415 4374 696 4445 Τζέπαινα,
732 4395 820 4426 και
853 4379 950 4427 ὅσα
1073 4383 1142 4445 τῷ
1193 4383 1286 4436 τῆς
1330 4371 1585 4437 ’Ῥοδόπης
1635 4380 1740 4448 όςοει
1781 4380 1893 4445 (87)

281 4468 636 4536 παρακείμενα
687 4463 939 4535 πολίχνια
993 4483 1044 4516 τε
1097 4484 1185 4515 και
1256 4464 1594 4536 κωμοπόλεις,
1658 4466 1896 4537 ύπόφορα

282 4556 453 4623 τούτῳ
504 4557 822 4623 γεγένηνται.
883 4559 980 4605 Και
1023 4557 1140 4626 ὄρος
1181 4553 1314 4622 ούτῴ
1344 4573 1396 4605 τε
1449 4573 1537 4605 και
1591 4561 1697 4615 τοῖς
1745 4554 1893 4606 Βονλ-
1925 4595 1968 4649 D

280 4643 464 4716 γάροις
511 4640 693 4716 Ἕϐρος
738 4639 797 4700 ἦν
853 4651 1104 4714 ποταμος.
1162 4642 1247 4695 Ἐκ
1292 4639 1350 4694 δὲ
1402 4650 1494 4695 τοῦ
1525 4647 1650 4715 πρὸς
1699 4643 1892 4719 Βορρᾶν

283 4735 476 4806 μέρους
506 4735 793 4803 Στούμπιόν
845 4752 897 4784 τε
925 4753 1014 4784 και
1064 4731 1291 4794 Χοτοϐός
1339 4731 1516 4806 ὀχυρὰ
1559 4735 1690 4785 άττα
1735 4738 1920 4806 φρού-Δ

282 4839 377 4897 ρια
419 4841 510 4872 και
565 4831 742 4894 χῶρος
799 4823 824 4874 ό
874 4819 1210 4874 Βελεϐουὸίου
1265 4823 1365 4874 ὑπό
1414 4829 1499 4874 τον
1555 4821 1779 4895 βασιλέα
1810 4821 1889 4888 ἦν,

285 4913 483 4962 Σκοπιά
530 4929 584 4962 τε
613 4931 702 4963 και
756 4912 963 4972 Βελεσός
1011 4932 1100 4963 και
1133 4917 1295 4986 πέχρι
1348 4912 1616 4986 Πριλάπου
1666 4933 1755 4965 και
1795 4924 1894 4965 τῶν

1790 413 2124 465 .\.\'.\'.-\l.I-'.S.

3507 415 3518 462 l
3533 412 3636 464 090

1991 552 2201 588 si-uum
2227 536 2441 604 jugum
2473 552 2652 590 suave
2679 538 3102 606 e.<t,multoque
3128 536 3312 590 levius
3335 554 3521 608 quam
3552 543 3636 595 in-

1990 626 2258 678 fantium.
2295 652 2314 664 ιι
2349 626 2440 678 llis
2461 629 2585 678 siue
2613 627 2948 680 ullolaboi'e
2968 644 3035 680 ac
3065 627 3331 680 molestia
3354 633 3636 684 omnibus

1989 716 2172 767 suasit
2196 720 2256 767 ut
2291 701 2666 785 imperatoris
2702 723 2899 786 partes
2932 722 3336 784 sequi-rentur.
3361 723 3636 780 Quareex

1989 801 2216 854 civibus
2249 803 2572 856 nonnullos
2605 804 2758 858 clam
2795 804 3062 873 quidem,
3123 809 3183 856 ut
3237 804 3432 858 videre
3490 811 3634 865 erat.

1991 891 2093 944 sed
2124 894 2394 961 plurimis
2429 901 2626 946 tamen
2664 895 2934 961 cognitos
2976 893 3195 953 legant.
3229 901 3283 947 ct
3327 895 3385 947 in
3446 895 3638 948 fmdus

1987 997 2124 1036 cum
2158 981 2514 1050 imperatore
2547 989 2782 1034 coeunt.
2820 985 2879 1034 lit
2908 980 3070 1035 bulla
3103 997 3304 1042 aurea,
3368 999 3491 1053 qua
3542 999 3637 1036 res

1986 1078 2162 1140 gesta:
2197 1069 2706 1134 describebautur,
2736 1085 2840 1140 per
2865 1069 3100 1124 eosdem
3127 1070 3354 1137 legatos
3387 1072 3642 1142 impera-

1986 1158 2326 1227 torisjussu
2376 1158 2454 1214 ad
2509 1157 2766 1213 Melenici
2815 1157 3077 1213 defertur
3127 1159 3309 1220 cives,
3365 1159 3468 1231 qui
3519 1175 3642 1216 una

1986 1262 2198 1301 omnes
2228 1245 2426 1308 simul,
2457 1245 2578 1300 sive
2605 1261 2676 1300 ex
2701 1245 3064 1317 primoribus
3086 1246 3210 1301 sive
3237 1246 3437 1302 milita:
3460 1247 3641 1303 ascri-

1987 1335 2100 1405 ptis
2129 1335 2250 1389 sive
2277 1335 2702 1390 celebrioribus
2730 1335 2847 1390 sive
2870 1335 3048 1390 etiam
3092 1335 3551 1403 habitatoribus,
3581 1336 3640 1391 in

1987 1442 2168 1481 unum
2182 1425 2594 1495 conspirantes
2613 1423 2689 1478 ad
2703 1424 3124 1494 imperatorem
3141 1424 3304 1497 apud
3323 1425 3640 1481 Labisdam

1989 1517 2210 1582 (locum
2249 1515 2331 1569 sic
2359 1513 2684 1586 appellant)
2727 1521 3202 1569 commorantem
3262 1514 3370 1569 viri
3417 1514 3643 1586 compti

1989 1621 2058 1660 ac
2091 1603 2320 1658 nobiles
2351 1610 2406 1657 et
2435 1618 2505 1657 ex
2546 1603 2674 1656 solo
2707 1607 2949 1671 aspectu
2969 1603 3378 1658 venerandiac
3400 1602 3642 1658 honori-

1989 1695 2100 1749 bus
2135 1692 2298 1760 digni
2342 1706 2527 1762 supra
2553 1691 2913 1762 quingentos
2945 1690 3245 1746 festinant.
3280 1694 3347 1746 Ut
3371 1691 3496 1763 ipse
3539 1707 3642 1747 eos

1988 1782 2231 1848 vidi,ita
2251 1782 2484 1836 locutus
2505 1796 2640 1835 sum
2669 1797 2680 1833 :
2708 1802 2734 1827 α
2769 1782 3053 1844 Quaenam
3105 1781 3280 1835 nobis
3334 1796 3644 1837 armorum

1991 1872 2226 1931 fulgura
2250 1871 2400 1924 vires
2425 1868 2680 1932 subegit,
2708 1874 2810 1922 aut
2829 1873 2976 1939 quot
2995 1870 3260 1939 equitum
3314 1869 3645 1940 phalanges

1991 1968 2073 2018 tot
2099 1961 2445 2015 devicerunt
2483 1959 2509 2011 ’ἰ
2539 1957 2644 2010 sed
2671 1957 2929 2011 melioris
2954 1958 3230 2027 praesidio
3269 1958 3544 2013 facillime
3591 1962 3647 2014 et

1991 2068 2126 2124 quae
2157 2050 2255 2104 vix
2285 2063 2559 2120 unquam
2588 2047 2743 2100 vinci
2771 2051 3044 2116 poterant
3065 2046 3457 2117 depellantur.
3503 2048 3645 2102 Hinc

1990 2139 2371 2195 verissimum
2394 2142 2478 2190 est
2503 2135 2661 2190 Pauli
2690 2135 2945 2206 apostoli
2967 2134 3212 2199 dictum,
3229 2151 3349 2190 non
3373 2152 3504 2190 esse
3519 2152 3648 2190 cur-

1991 2229 2173 2285 rentis
2194 2242 2384 2298 neque
2416 2223 2970 2297 persequentis,sed
2995 2224 3252 2278 illiuscui
3272 2227 3422 2279 Deus
3468 2227 3645 2280 bene-

1993 2317 2210 2390 placito
2225 2331 2333 2370 suo
2355 2313 2736 2369 concesserit.
2762 2315 3111 2384 nPropterea
3127 2313 3163 2368 d
3175 2330 3311 2368 uces
3324 2315 3646 2370 exercitum

1994 2422 2188 2478 neque
2211 2403 2708 2474 laudandinoque
2726 2401 3101 2474 vituperandi
3128 2409 3284 2457 sunt.
3304 2403 3459 2458 Multi
3477 2420 3648 2459 nam»

1994 2515 2110 2570 que
2125 2496 2435 2566 diligenter
2448 2510 2517 2550 ac
2532 2493 2855 2565 prudenter
2869 2493 3309 2548 certantesdum
3325 2495 3650 2549 animosius

1995 2587 2114 2659 84
2146 2603 2269 2641 rem
2309 2590 2627 2656 peragunt,
2667 2598 2884 2655 parum
2921 2581 3193 2637 autnihil
3244 2581 3643 2653 profecerunt,

1998 2677 2263 2748 plerique
2285 2674 2456 2730 etiam
2479 2688 2726 2743 Operum
2751 2676 2809 2726 et
2828 2670 3022 2726 oleum
3044 2676 3108 2726 ut
3157 2671 3484 2742 plurimum
3515 2687 3649 2744 per-

1994 2766 2276 2822 diderunt
2309 2780 2320 2817 :
2364 2761 2462 2816 alii
2493 2760 2758 2816 secunda
2793 2759 2918 2815 freti
2946 2759 3184 2816 fortuna
3217 2766 3479 2829 segniter
3501 2776 3562 2815 se
3589 2761 3651 2816 in

1993 2850 2424 2922 rebusagendis
2437 2849 3091 2921 occupantes,ingeutia
3109 2856 3332 2921 tropaea
3346 2851 3654 2906 consecuti

1997 2948 2151 3012 sunt,
2177 2942 2259 2996 uti
2293 2947 2431 2996 tunc
2460 2939 2803 3010 imperatori
2843 2938 3058 2993 Joanni
3099 2939 3334 2999 accidit,
3363 2939 3468 3010 qni
3495 2939 3654 2994 nulla

1997 3048 2170 3089 mora
2199 3030 2524 3086 multarum
2549 3029 2788 3083 urbium
2817 3027 3262 3100 multorumque
3287 3028 3652 3100 oppidorum

1998 3122 2225 3194 absque
2256 3119 2376 3175 ullo
2397 3117 2626 3191 pl'tBllO,
2652 3117 2885 3189 absque
2917 3116 3095 3172 ullius
3125 3117 3312 3185 caede,
3349 3119 3484 3174 sine
3507 3117 3655 3173 effu-

1999 3213 2164 3267 sione
2196 3209 2529 3278 sanguinis,
2560 3207 2686 3262 sine
2722 3206 2904 3276 gladii
2948 3207 3008 3261 in
3049 3222 3268 3279 corpus
3318 3207 3655 3263 humanum

1999 3301 2244 3364 saevitia,
2277 3297 2379 3354 sed
2403 3296 2638 3370 placide
2665 3312 2735 3352 ac
2758 3295 2955 3368 quiete
2982 3300 3038 3351 et
3065 3297 3192 3351 sine
3239 3296 3480 3365 sudore,
3512 3312 3582 3352 ac
3606 3295 3658 3351 si

1999 3391 2058 3445 in
2081 3388 2488 3446 haereditatem
2509 3392 2827 3458 paternam
2849 3385 3282 3452 immitteretur,
3298 3385 3658 3440 dominatio-

1997 3495 2137 3535 nem
2161 3477 2414 3549 adeptus
2445 3480 2551 3530 est.
2577 3475 2995 3530 Stenimachus
3026 3474 3184 3529 enim
3243 3479 3300 3530 et
3345 3477 3656 3546 Tzepaena,

1999 3574 2053 3625 et
2086 3571 2384 3640 quotquot
2410 3565 2730 3636 Rhodopes
2774 3564 2965 3619 monti
3015 3564 3307 3636 oppidula
3366 3565 3661 3636 cujusque

1999 3658 2300 3728 adjacent,
2339 3653 2652 3710 tributaria
2669 3652 2903 3718 habuit,
2933 3657 2987 3708 et
3008 3653 3383 3724 imperatoris
3405 3669 3476 3709 ac
3529 3652 3661 3708 Bul-

2001 3761 2282 3817 garorum
2310 3744 2462 3799 ﬁnes
2491 3742 2722 3798 Hebrus
2739 3742 3332 3798 ﬂuviusterminavit.
3364 3746 3421 3798 In
3441 3741 3664 3798 Boreali

1998 3837 2180 3910 plaga
2205 3833 2564 3904 Stumpium,
2591 3831 2914 3896 Chotobos,
2949 3836 3142 3888 castra
3187 3832 3516 3888 munitione
3565 3848 3667 3888 va-

1999 3926 2140 3990 lida,
2173 3929 2228 3980 et
2259 3923 2565 3980 Belebudii
2599 3924 2761 3977 locus
2793 3923 3172 3993 imperatoris
3197 3927 3524 3988 cesserant,
3555 3937 3666 3977 nec

2001 4032 2122 4072 non
2155 4014 2370 4086 Scopia
2390 4019 2444 4068 et
2477 4011 2720 4067 Belesus
2747 4016 3085 4083 caateraque
3121 4027 3317 4084 usque
3359 4011 3667 4083 Prilapum

2003 4111 2058 4162 et
2081 4102 2435 4173 Pelagonios
2467 4117 2645 4171 agros
2682 4120 2693 4169 ;
2731 4101 2873 4156 item
2900 4100 3285 4172 Neustapolis
3309 4107 3364 4156 et
3384 4104 3672 4156 Prosacus

2005 4210 2134 4250 sese
2160 4193 2561 4263 subjecerant.
2595 4193 2654 4246 Et
2683 4205 2866 4262 super
2897 4190 2990 4245 his
3025 4189 3423 4259 Bulgarorum
3481 4205 3582 4246 rex
3615 4193 3672 4245 et

2003 4286 2328 4357 imperator
2345 4283 2426 4336 sic
2439 4285 2867 4348 convenerant,
2904 4285 2970 4335 ut
2986 4281 3314 4352 imperator
3328 4280 3550 4335 scilicet
3578 4279 3670 4334 his

2005 4375 2141 4429 solis
2157 4376 2461 4428 contentus
2477 4370 2612 4425 nihil
2629 4369 2870 4425 ulterius
2887 4374 3215 4425 attentaret.
3229 4372 3291 4425 Et
3304 4369 3672 4442 haecquidem

2003 4465 2084 4519 ita
2118 4467 2358 4534 peracta
2393 4463 2690 4532 sunt.lpse
2721 4458 3115 4514 inscribendis
3138 4458 3405 4530 epistolis
3423 4475 3673 4531 operam

2002 4568 2158 4610 nava
2168 4551 2310 4607 bam
2327 4549 2575 4619 singulis
2590 4549 2840 4604 urbibus
2859 4565 2926 4604 ac
2940 4549 3180 4621 oppidis
3203 4549 3392 4622 captis
3407 4549 3674 4604 scribens

2004 4641 2461 4715 imperatorium
2491 4639 2751 4708 sigillum
2773 4638 3150 4710 imprimens.
3170 4642 3440 4712 Namque
3461 4639 3519 4695 id
3542 4655 3676 4696 mor

2006 4740 2130 4790 erat
2148 4735 2554 4787 Romanorum
2573 4729 3024 4801 imperatoribus
3039 4745 3144 4800 per
3164 4729 3387 4785 litteras
3401 4729 3578 4800 longe
3591 4729 3677 4784 di-

2008 4821 2303 4879 stantibus
2335 4821 2574 4890 egregie
2598 4836 2634 4876 a
2665 4835 2726 4874 se
2759 4825 2930 4888 gesta
2981 4818 3335 4892 signiﬁcare,
3377 4820 3679 4892 voluptate

2007 4913 2119 4969 illis
2145 4927 2332 4984 quam
2366 4910 2479 4983 ipsi
2521 4909 2955 4982 experirentur,
2980 4909 3316 4966 conciliare.

286 4999 600 5072 Πελαγονίας
652 5007 886 5077 χωρίων,
938 5003 1294 5063 Νευστάπολις
1351 5022 1404 5055 τε
1452 5024 1542 5056 και
1603 5005 1982 5077 Πρόσακος,τὰ
2021 5005 2190 5056 πάντα
2271 5000 2468 5076 ὑπῆρξε
2535 5007 2604 5071 τῷ
2684 4998 2898 5072 βασιλεῖ
2970 5000 3271 5075 ὑποχείρια.
3350 5003 3452 5054 Καὶ
3516 5020 3680 5054 σπον-

287 5085 378 5142 δαὶ
438 5089 520 5143 ἐπι
583 5095 784 5154 τούτοις
856 5103 955 5144 των
1037 5093 1340 5166 Βουλγάρων
1416 5095 1488 5164 τῷ
1569 5092 1778 5166 βασιλεί
1850 5095 2194 5169 ἐγεγόνεισαν,
2269 5099 2380 5154 τοῖς
2436 5093 2690 5152 τοιούτοις
2743 5095 2826 5142 κοὶ

283 5185 377 5232 καὶ
423 5185 496 5253 μὴ
552 5185 836 5257 περαιτερω
884 5182 1327 5255 κατεπεμϐαίνειν.
1387 5189 1488 5236 Καὶ
1546 5192 1715 5237 ταῦτα
1772 5189 1862 5258 μεν
1943 5185 2106 5246 οὕτως

289 5269 615 5342 στολιμαξοις
676 5281 774 5324 τῶν
858 5273 1019 5345 λογων
1100 5274 1414 5347 ὑπούργουν,

286 5355 623 5433 ἕγχαράττων
701 5360 986 5436 βασιλικήν
1035 5385 1046 5396 ·

1197 5545 1540 5613 Theodori
1593 5547 1841 5614 Dousa)
1891 5555 1955 5613 et

388 5745 483 5810 77)
523 5746 606 5812 Τῷ
633 5748 724 5802 τῆς
747 5737 1006 5804 Ῥοὸοπης
1029 5745 1155 5816 ὀρει,
1190 5746 1365 5802 Anna
1395 5745 1722 5818 Comnena,
1755 5743 1840 5803 lib
1872 5760 1961 5806 XIV

1499 5273 1701 5326 ἑκάστω
1779 5282 1878 5326 τῶν
1948 5274 2301 5344 ἁλισκομένων
2385 5271 2581 5325 ἀστέων

2922 5093 3095 5162 μόνοις
3159 5089 3436 5165 ἀρκεῖσθαι
3495 5100 3678 5145 τοῦτον

2824 5179 2920 5252 ἐγὼ
2985 5176 3045 5233 δὲ
3108 5180 3258 5242 αὐτὸς
3303 5180 3351 5234 ἓν
3400 5190 3506 5243 τοῖς
3567 5180 3680 5236 ἕπιν

2847 5274 2937 5331 καὶ
3034 5280 3224 5344 χωρῶν
3303 5276 3393 5325 καὶ
3477 5277 3680 5348 γραφὴ-

2188 5183 2318 5253 ἕσχε
2385 5185 2472 5234 τὸν
2535 5185 2745 5255 τρόπον,

2681 5290 2734 5324 τε
2847 5276 2937 5331 καὶ
3034 5280 3224 5344 χωρῶν
3303 5276 3393 5325 καὶ

1105 5364 1213 5424 ἔθος
1259 5365 1358 5437 γὰρ
1402 5372 1555 5417 τοῦτο
1617 5363 1835 5417 παλαιὸν
1905 5373 1987 5419 τοῖ
2055 5361 2343 5438 βασιλεῦσι
2417 5361 2705 5436 Ῥωμαίων,
2754 5357 2894 5420 δῆλα
2943 5368 3047 5422 τοῖς
3079 5363 3336 5436 μακρόθεν
3373 5359 3468 5416 διὰ
3513 5383 3680 5440 γραμ-

2019 5545 2271 5614 Lcouis
2323 5541 2558 5612 Allatii
2612 5549 2814 5610 nota.

1995 5763 2006 5802 :
2038 5747 2186 5800 Κατὰ
2211 5749 2460 5820 γραμμήν
2491 5741 2816 5820 παράλληλον
2843 5747 3012 5798 κεῖται
3041 5752 3112 5818 τῷ
3135 5747 3301 5818 Αἵμῳ,
3326 5748 3462 5803 ALL,
