4470 6452
836 409 963 467 1091

2105 404 2387 461 GEORGII
2425 404 2909 464 ACROPOLITA‘I.

4052 412 4190 467 1092

831 535 1006 605 μάτων
1032 537 1194 584 ποιεῖν
1222 549 1287 583 τα
1342 538 1480 602 σφῶν
1512 549 1680 582 αατων
1728 529 2110 602 κατορθώματα
2140 548 2228 579 και
2264 531 2388 600 πρὸς
2417 525 2612 587 ἡδονὴν
2642 532 2937 600 ἐπεγείρειν,
2975 524 3033 589 ἧς
3067 525 3100 580 δ
3106 532 3135 587 ἡ
3187 533 3276 580 καὶ
3308 525 3451 581 οὗτοι
3498 526 3532 581 δ
3538 532 3591 581 ιά
3619 538 3718 581 τῶν
3749 533 3912 602 ἓφγων
3944 532 4189 604 μεταλαγ-

829 624 1107 694 χάνουσιν.

904 710 1026 781 85
1051 708 1513 778 45.(]ι1ωἱῐδῳιθ
1536 707 1663 762 haec
1689 706 1767 761 ab
1796 705 2154 777 imperatore
2180 707 2260 759 sic
2280 710 2484 760 essent
2520 714 2563 765 A

830 804 1091 870 peracta,
1111 796 1330 869 quibus
1354 811 1635 865 magnam
1656 794 2024 849 illelaetitiam
2046 810 2154 849 nec
2189 794 2484 849 minorem

830 885 1086 942 Romani
1121 900 1333 940 omnes
1393 889 1809 956 conceperant,
1864 888 2153 955 tanquam
2202 883 2305 954 qui
2345 883 2483 937 inde

829 990 1118 1044 magnum
1146 975 1207 1028 in
1237 974 1487 1046 imperio
1510 988 1894 1045 progressum
1922 978 1978 1027 et
2021 972 2484 1043 amplitudinem

830 1065 1048 1120 virium
1079 1066 1555 1136 auspicarentur,
1589 1063 1663 1118 de
1729 1062 1923 1117 reditu
1970 1067 2026 1118 et
2073 1063 2131 1117 in
2187 1063 2484 1117 Orientem

831 1153 1095 1209 ubitione
1122 1153 1647 1223 cogitaricmptum
1690 1156 1779 1206 est
1848 1168 1860 1205 :
1905 1156 2142 1222 tempus
2199 1150 2358 1205 enim
2426 1148 2485 1204 id

830 1240 1286 1313 praestolabatur
1308 1257 1443 1296 cum
1471 1240 1725 1296 October
1758 1239 2084 1295 efﬂuxisset
2141 1243 2197 1294 et
2252 1239 2485 1293 medius

823 1332 952 1402 jam
983 1330 1316 1387 November
1338 1335 1693 1385 excurreret.
1749 1329 1968 1383 Verum
2022 1344 2229 1383 rumor
2284 1328 2485 1383 nescio

828 1420 964 1491 quis
990 1418 1217 1490 probus
1255 1422 1312 1474 et
1337 1419 1606 1490 apprime
1630 1417 1784 1472 utilis
1810 1417 2103 1489 impetum
2144 1417 2483 1471 cohibebat.

835 1507 1251 1563 Thessalonica
1280 1507 1459 1574 enim,
1482 1512 1544 1561 ut
1565 1522 1748 1578 supra
1769 1506 2164 1571 narravimus,
2195 1505 2486 1561 Theodori

828 1596 1019 1651 ﬁlium
1054 1596 1415 1651 Demetrium
1442 1596 1758 1667 despotam
1787 1595 2155 1663 agnoscebat
2180 1594 2488 1662 cognomi—

829 1685 1300 1757 nabatque,cum
1322 1699 1393 1739 eo
1416 1684 1642 1738 honore
1666 1684 1743 1739 ab
1767 1685 2127 1755 imperatore
2154 1683 2484 1752 insigniret.

831 1774 946 1831 Sed
967 1790 1125 1837 cum,
1158 1780 1219 1829 ut
1240 1778 1375 1828 ante
1400 1773 1681 1841 diximus,
1700 1788 1849 1844 puer
1872 1772 2488 1844 sceleribusillaquea-

829 1864 1318 1935 retur,rebusque
1346 1862 1588 1917 ludicris
1610 1878 2058 1933 puerorumque
2080 1862 2483 1931 nugamentis,

831 1970 955 2012 non
984 1954 1251 2009 virorum
1274 1952 1653 2024 prudentium
1680 1951 1992 2023 colloquiis
2027 1966 2135 2005 nec
2169 1952 2343 2021 justas
2402 1950 2486 2005 rei

2662 704 2756 776 με’.
2798 707 2939 758 Ἐπεὶ
2970 708 3011 739 ’³
3049 714 3172 776 γοῦν
3202 714 3335 757 οῦτω
3393 715 3561 759 ταῦτα
3613 705 3915 783 διεπράχθη
3970 719 4042 780 τῷ
4098 710 4191 783 βα-

2593 794 2742 860 σιλεῖ,
2802 794 2990 854 πολλῆς
3064 798 3153 866 μεν
3193 792 3389 858 ἡδονῆς
3448 800 3592 848 αἴτια
3634 800 3800 868 τούτῳ
3857 806 4186 871 γεγενημένα,

2592 884 2697 954 οὐχ
2749 880 2901 941 ἧττον
2956 880 3014 935 δὲ
3062 889 3151 935 καὶ
3221 890 3355 936 πᾶσι
3438 885 3713 957 Ῥωμαίοις
3786 886 4007 949 αὔξησίν
4078 909 4192 941 τινα

2591 969 2874 1023 κατιδουσι
2935 979 3025 1023 τοῦ
3098 974 3317 1043 κράτους
3356 978 3446 1024 καὶ
3492 973 3797 1046 πλατυσμόν
3852 983 3944 1036 τῆς
3995 975 4188 1048 ἀρχῆς,

2595 1057 2655 1118 ἧν
2707 1064 2796 1132 μὲν
2860 1064 2991 1134 πρὸς
3061 1059 3361 1132 βουλήσεως
3436 1070 3507 1132 τῷ
3593 1062 3804 1133 βασιλεῖ
3886 1070 4192 1136 μνήσασθαι

2593 1153 2780 1201 νόστου
2830 1155 2916 1203 καὶ
2984 1153 3115 1221 πρὸς
3153 1154 3246 1207 τὴν
3295 1153 3359 1201 ἕω
3408 1148 3753 1214 ἐπαναζεῡξαι
3805 1155 3916 1224 (καὶ
3957 1158 4058 1228 ’γὰρ
4105 1163 4194 1210 καὶ

2595 1240 2620 1290 6
2659 1241 2836 1311 καιρὸς
2885 1246 3038 1289 τοῦτο
3080 1236 3267 1309 ἀπῄτει
3315 1260 3327 1271 ·
3366 1242 3469 1309 μὴν
3527 1243 3627 1312 γὰρ
3685 1241 3950 1317 παρεῤῥὺη
4004 1250 4193 1296 Ὀκτὼ-

2596 1326 2759 1401 ϐριος,
2784 1332 2873 1378 καὶ
2904 1332 3021 1401 περί
3050 1346 3150 1378 που
3188 1330 3254 1378 τὰ
3283 1332 3423 1398 μέσα
3472 1331 3655 1380 τούτου
3688 1326 3946 1403 διήρχετο
3970 1333 3996 1383 6
4034 1339 4196 1406 Νοέμ-

2595 1416 2777 1489 ϐριος),
2827 1414 2953 1467 ἀλλά
3001 1434 3076 1475 τις
3126 1415 3275 1487 λογος
3327 1420 3567 1490 χρηστὸς
3615 1424 3707 1469 καὶ
3754 1422 3889 1471 πάνυ
3945 1421 4195 1491 ὠφέλιμος

2595 1501 2861 1565 ἐνεπόδιζέ
2907 1509 3000 1562 τὴν
3058 1506 3242 1578 ὁρμήν.
3283 1504 3342 1557 Ὀ
3380 1508 3481 1579 ’γὰρ
3542 1506 3921 1574 Θεσσαλονίκη,
3963 1513 4191 1584 καθάπερ

2593 1599 3073 1666 προίστορήσαμεν,
3105 1596 3190 1644 τὸν
3246 1601 3338 1645 τοῦ
3379 1591 3657 1667 Θεοδώρου
3708 1598 3821 1648 υἱὸν
3878 1600 3965 1649 τὸν
4021 1606 4191 1671 Δημήο

2594 1702 2734 1757 τριον
2762 1681 3005 1753 ἐγνώριζέ
3034 1701 3088 1734 τε
3115 1679 3377 1739 δεσπότην
3417 1688 3507 1735 καὶ
3545 1686 3881 1757 κατωνομαζε
3943 1708 3954 1718 ·
4008 1683 4198 1740 δεσπό-

2595 1790 2689 1831 της
2748 1774 2845 1844 γάρ
2889 1767 2949 1828 ἦν
3018 1774 3109 1821 καί
3164 1773 3293 1843 πρὸς
3347 1778 3438 1823 τοῦ
3511 1770 3770 1844 βασιλέως
3843 1780 4195 1848 τετιμημένος.

2598 1860 2739 1911 Ἐπεὶ
2801 1855 2873 1925 δ’,
2967 1861 3034 1920 ὡς
3099 1862 3536 1933 προπεφθάκαμεν
3606 1867 3725 1934 περὶ
3803 1866 3991 1915 τούτου
4047 1864 4196 1939 ἐρεῖν,

2595 1947 2885 2000 ἀτάσθαλον
2918 1944 2979 2005 ἧν
3027 1952 3085 1999 τὸ
3125 1951 3391 2022 μειράκιον
3445 1955 3535 2002 xui
3586 1948 3831 2014 παιδιαῖς
3862 1951 4201 2024 ἐνσχολάζειν

830 2041 1088 2114 duplices
1114 2040 1618 2097 administrationi
1644 2056 1713 2095 ac
1784 2040 2047 2109 regimini
2087 2040 2479 2097 incumberet.
2524 2061 2567 2115 Β

2433 2044 2479 2097 ιι,
2524 2061 2567 2115 Β
2598 2046 2860 2112 προσῆκον
2899 2042 2988 2088 καὶ
3044 2037 3324 2111 μειράκίων
3374 2038 3665 2113 ἀθύρμασι,
3726 2047 3857 2113 μήτι
3906 2062 3967 2113 ’γε
3997 2041 4198 2117 ἀνδρῶν

830 2131 1064 2189 insidiis
1097 2147 1133 2186 a
1157 2128 1458 2186 nonnullis
1486 2129 1806 2201 appetitur,
1829 2145 2089 2201 quorum
2119 2128 2403 2200 przecipui
2430 2133 2488 2184 et

830 2222 1094 2276 notiores
1120 2220 1281 2274 fuere
1311 2221 1656 2290 Spartenus,
1703 2220 2064 2288 Campanus,
2128 2217 2481 2288 latropulus,

833 2309 1196 2370 Cutzulatus,
1228 2308 1584 2376 insigniores
1604 2307 1853 2363 Michaeel
1879 2306 2147 2361 Lascaris
2175 2312 2231 2361 et
2256 2306 2485 2377 szrith

831 2398 1041 2468 magni
1089 2396 1433 2452 chartularii
1483 2396 1770 2466 dignitate
1822 2395 1940 2467 86
2017 2396 2096 2451 ab
2126 2397 2485 2468 imperatore

832 2488 1270 2544 condecoratus
1295 2503 1308 2553 ;
1334 2485 1596 2557 reliquos
1618 2484 2076 2557 conspirationis
2099 2486 2298 2540 socios
2327 2500 2483 2540 non-

830 2576 979 2633 dum
1000 2577 1281 2631 novimus
1317 2591 1329 2629 :
1365 2574 1447 2629 ita
1471 2590 1593 2629 una
1614 2590 1753 2629 cum
1775 2573 2152 2629 multitudine
2173 2574 2387 2641 coiere,
2426 2577 2487 2628 ut

829 2664 1082 2720 inauditi
1105 2663 1413 2734 ignotique
1447 2662 1721 2733 pluribus
1747 2662 2160 2717 remanserint.
2199 2664 2393 2717 Unum
2414 2677 2487 2716 ex

830 2754 924 2810 his
958 2754 1337 2824 Campanum
1392 2751 1745 2806 insidiarum
1826 2751 2356 2807 instructissimum
2409 2750 2484 2807 ad

830 2843 1260 2915 imperatorem
1282 2843 1574 2896 Joannem
1600 2840 1902 2910 ablegant,
1925 2840 2100 2911 quasi
2115 2839 2487 2909 illenegotia-

831 2931 1011 2987 tionis
1024 2946 1210 2986 causa
1224 2928 1720 3001 proﬁcisceretur,
1736 2945 1797 2983 re
1809 2945 1951 2984 vera
1966 2934 2162 2985 tamen
2183 2935 2244 2984 ut
2256 2928 2487 2983 bullam

834 3035 1080 3076 auream
1092 3020 1455 3091 impetraret,
1470 3034 1594 3090 qua
1610 3018 1861 3090 antiqua
1874 3018 2487 3073 Thcssalonicensium

825 3110 965 3181 jura
976 3124 1046 3164 ac
1060 3107 1369 3179 privilegia
1380 3106 1917 3178 comprobarentur
1929 3112 1986 3162 et
2003 3106 2247 3162 libertas
2260 3106 2487 3161 civibus

841 3202 1157 3254 asscretur.
1230 3199 1561 3268 Imperator
1616 3196 1678 3251 in
1715 3200 1855 3251 vota
1901 3212 2110 3251 eorum
2154 3195 2490 3251 concedens

831 3304 942 3362 pro
973 3286 1266 3342 sententia
1290 3284 1495 3341 omnia
1524 3285 1900 3356 exsequitur:
1940 3302 2259 3341 munerum
2308 3285 2488 3340 etiam

830 3377 984 3433 inter
1022 3374 1249 3431 consilii
1288 3373 1596 3443 adjutores
1634 3373 2189 3429 distribuendorum
2236 3374 2488 3445 promis-
2527 3413 2568 3466 C

831 3464 1101 3521 sionibus
1133 3478 1259 3518 rem
1292 3462 1587 3530 sollicitat,
1620 3467 1672 3517 et
1703 3464 1927 3534 scripto
1979 3479 2040 3519 se
2084 3464 2332 3533 obligat.
2392 3461 2488 3517 His

830 3555 912 3610 ita
924 3558 1047 3609 tuto
1063 3552 1367 3622 dispositis
1385 3551 1662 3608 Melenico
1676 3552 1986 3621 egrediens
1999 3552 2487 3607 Thessalonicam

828 3641 1245 3703 contendebat,
1270 3641 1434 3712 prius
1453 3640 1531 3695 ad
1571 3640 1937 3695 Demetrium
1986 3641 2128 3696 viris
2177 3640 2483 3710 delegatis,

829 3738 896 3789 ut
919 3732 1034 3798 ille,
1064 3731 1111 3785 si
1134 3735 1311 3802 pacta
1337 3745 1574 3785 servare
1604 3729 1799 3798 vellet,
1850 3729 1929 3784 ad
1973 3746 2037 3785 se
2084 3729 2485 3801 proﬁciscere-

829 3825 925 3878 tur
948 3825 1004 3876 et
1033 3819 1303 3875 debitum
1326 3818 1676 3874 exsolveret.
1708 3818 1797 3874 Sic
1811 3819 1970 3873 enim
1995 3818 2089 3873 ille
2103 3824 2483 3884 convenerat,

2597 2128 2949 2202 προΐστασθαι
3011 2135 3232 2179 συνετῶν
3286 2133 3375 2180 καὶ
3432 2128 3696 2190 πολιτείας
3750 2133 4036 2204 κατάρχειν
4112 2138 4201 2186 καὶ

2594 2221 2822 2288 νομίμως
2900 2214 3216 2281 ἐπιστατεῖν,
3285 2216 3562 2276 ἐπιϐουλὴν
3650 2220 3766 2270 κατ’
3842 2220 3999 2272 αὐτοῦ
4068 2242 4201 2285 τινες

2595 2305 2953 2378 ἐξαρτύουσιν,
2982 2304 3050 2355 ὧν
3086 2307 3134 2356 οἱ
3182 2303 3464 2377 ὀνομαστοί
3518 2325 3573 2359 τε
3628 2312 3712 2359 xui
3749 2314 4004 2382 ’γνώριμοι
4037 2318 4202 2385 Σπαρ-

2594 2398 2743 2455 τηνός
2796 2391 2931 2451 ἦσαν
2984 2398 3074 2445 καὶ
3128 2399 3429 2466 Καμπανὸς,
3477 2397 3502 2446 6
3556 2396 3915 2470 Ίατρόπου).ος
3944 2418 3999 2451 τε
4055 2406 4144 2451 καὶ
4174 2402 4201 2451 ὁ

2596 2482 3008 2548 Κουτζουλάτος,
3056 2484 3104 2534 οἱ
3156 2480 3215 2535 δε
3254 2492 3352 2535 τῶν
3407 2483 3677 2557 ἐπισήμων
3721 2487 3748 2537 ὃ
3798 2506 3851 2538 τε
3900 2488 4121 2559 Μιχαὴλ
4174 2491 4201 2541 ὁ

2597 2574 2871 2646 Λάσκαρις
2908 2576 2997 2622 xui
3041 2572 3066 2621 6
3114 2572 3407 2645 Τζυρίθων,
3454 2573 3507 2624 ὃν
3557 2579 3645 2625 xui
3700 2579 3863 2646 μέγαν
3902 2577 4203 2651 χαρτουλά-

2594 2681 2703 2735 ριον
2748 2664 2772 2712 6
2822 2658 3070 2732 βασελευς
3120 2659 3356 2721 ’ῐωάννης
3428 2666 3719 2734 τετίμηκεν.
3803 2663 3983 2717 Ἀλλοι
4046 2663 4106 2719 δε
4153 2668 4203 2718 οἱ

2593 2757 2685 2803 του
2722 2747 3019 2820 πέμμάτος
3047 2754 3280 2801 κοινωνοὶ
3330 2754 3472 2802 οὔπω
3521 2748 3673 2811 δῆλοι
3730 2754 3799 2814 ὡς
3835 2753 3982 2807 αὐτοὶ
4048 2759 4204 2826 σφίσι

2594 2848 2685 2890 τοῦ
2727 2841 3030 2913 πράγματος
3085 2841 3179 2889 σὺν
3211 2847 3282 2909 τῷ
3347 2839 3531 2898 πλήθει
3585 2844 3881 2912 γεγόνασιν,
3930 2841 4039 2895 ἀλλ’
4071 2846 4203 2916 ἔμει-

2593 2948 2682 2980 ναν
2739 2927 3132 2998 ἀκανάγνωστοι
3180 2935 3285 2988 τοῖς
3342 2928 3592 2985 πλείοσιν.
3654 2929 3781 2983 Ἐνα
3835 2939 3959 3001 γοῦν
4009 2935 4204 2985 τούτων

2594 3026 2694 3068 τῶν
2769 3016 3045 3089 εἰρημένων
3104 3022 3192 3070 τὸν
3264 3023 3545 3090 Καμπανὸν
3615 3022 3665 3071 oi
3736 3022 3923 3081 πάντες
3947 3040 4206 3073 συσκευα-

2599 3109 2812 3178 σάμενοι
2856 3108 2925 3168 εἰς
2975 3111 3061 3159 τὸν
3130 3108 3493 3181 αὐτοκράτορα
3549 3107 3788 3166 Ἰωάννην
3851 3108 4206 3183 ἐκπέμπουσιν

2595 3201 2956 3268 πραγματείας
3009 3200 3099 3266 μὲν
3149 3198 3459 3270 προφάσεως
3497 3198 3683 3269 χάριν,
3741 3206 3803 3269 τῇ
3877 3195 3937 3251 δέ
3990 3198 4210 3272 ἀληθείᾳ

2596 3292 2770 3336 κοινοῦ
2853 3285 3250 3357 χρυσοϐούλλου
3320 3284 3725 3359 ἐπευμοιρῆσαι,
3799 3295 3899 3338 τῶν
3964 3286 4209 3341 ἀνέκαθεν

2596 3377 3075 3448 προσαρμοσάντων
3116 3373 3477 3446 Θεσσαλονίκῃ
3532 3375 3723 3447 ἑθίμων
3772 3394 3823 3428 τε
3868 3382 3958 3429 xui
3984 3373 4208 3430 δικαίων

2595 3472 2921 3537 περιεκτικοῦ
2973 3470 3063 3516 καὶ
3135 3473 3232 3526 τῆς
3314 3472 3453 3535 σφῶν
3527 3462 3817 3538 ἐλευθερίας
3863 3474 4206 3539 παρεκτικοῦ,

2599 3551 2680 3625 [Ρ.
2704 3552 2797 3625 44]
2842 3552 2900 3604 Ὀ
2952 3557 3042 3626 μὶν
3089 3550 3177 3605 οὖν
3226 3551 3476 3625 βασιλεὺς
3514 3555 3685 3606 πάντα
3704 3573 3758 3606 τε
3814 3558 4020 3616 τούτοις
4070 3558 4210 3609 κατά

2599 3645 2816 3706 σκοπὸν,
2856 3641 3162 3717 ἐπεπράχει,
3249 3647 3339 3693 καὶ
3407 3638 3614 3714 δωρεῶν
3708 3644 4033 3715 ὑποσχέσεις
4095 3653 4210 3707 τοῖς

2595 3731 2990 3803 ὑπηρετήσουσι
3062 3739 3121 3803 νῇ
3201 3730 3387 3803 πράξει
3456 3735 3546 3783 xui
3634 3735 3927 3805 ἐγγράφους
3992 3736 4204 3792 τίθησι.

2594 3825 2772 3871 Ταῦτα
2819 3816 2888 3877 δὴ
2947 3818 2992 3880 ἐς
3043 3823 3101 3871 τὸ
3169 3818 3392 3890 ἀσφαλες
3468 3820 3817 3893 οἰκονομήσας
3863 3824 3890 3875 6
3951 3821 4208 3895 βασιλεὺς

823 3911 1078 3983 jureque
1119 3923 1183 3963 se
1209 3906 1473 3979 jurando
1504 3906 1925 3963 obstrinxerat.
1960 3907 2057 3962 ille
2081 3910 2300 3980 (neque
2333 3908 2486 3963 enim

827 4017 896 4056 ex
924 4015 986 4055 se
1014 3997 1247 4070 aliquid
1293 4012 1503 4069 sapere
1553 3997 1805 4069 poterat)
1861 3998 2310 4053 insidiatoribus
2376 4014 2485 4070 pro

828 4088 1181 4146 consiliariis
1213 4103 1358 4142 usus
1388 4086 1553 4141 domi
1573 4086 1797 4143 mansit
1828 4088 2245 4143 :vocationem
2266 4089 2486 4144 etenim

826 4178 1205 4250 imperatoris
1236 4176 1347 4246 87
1393 4176 1455 4230 in
1476 4191 1616 4231 eum
1647 4174 2031 4231 fraudulenta
2072 4193 2201 4231 esse
2231 4177 2487 4234 concilia

829 4266 1236 4325 afﬁrmabant.
1280 4264 1391 4331 Qui
1435 4280 1574 4320 cum
1631 4264 1870 4336 ineptus
1916 4269 2071 4321 esset
2126 4281 2235 4321 nec
2299 4267 2486 4322 animi

2597 3909 2800 3985 ἀπάρας
2853 3919 2954 3962 τῶν
3004 3910 3281 3965 Μελενίκου
3329 3914 3542 3987 χωρίων
3585 3917 3703 3988 περὶ
3742 3917 3835 3973 τὴν
3888 3915 4207 3968 Θεσσαλονί-

2594 4020 2691 4057 κην
2767 4000 2987 4076 ἐφέρετο,
3066 4005 3313 4075 πρότερον
3390 4002 3759 4063 ἐξαποστείλας
3829 4002 4073 4077 πρέσϐεις
4158 4003 4211 4066 ἐς

2594 4092 2681 4139 τὸν
2713 4095 3029 4163 Δημήτριον,
3080 4091 3147 4150 ὡς
3188 4088 3247 4140 ἂν
3280 4091 3414 4141 κατὰ
3452 4092 3542 4149 τὰς
3595 4089 3755 4142 αὐτοῦ
3795 4091 4061 4153 ὑποθήκας
4093 4090 4210 4161 ἀφί-

2595 4196 2737 4229 κοιτο
2774 4178 2847 4239 εἰς
2892 4181 3048 4229 αυτὸν
3104 4182 3194 4229 καὶ
3251 4176 3547 4250 ἀφοσιώσοι
3577 4181 3636 4230 τὸ
3676 4178 3883 4252 ὄφλημα
3905 4201 3918 4213 ·
3945 4181 4079 4233 οὕτω
4103 4184 4209 4257 γὰρ

2597 4269 2834 4320 συνέθετο
2874 4271 2963 4319 xui
3022 4272 3341 4340 κατώμοσεν.
3392 4268 3451 4320 '0
3502 4264 3562 4321 δε
3590 4264 3738 4340 (οὐδὲ
3782 4271 3881 4345 γὰρ
3916 4266 4028 4342 εἶχε
4078 4278 4211 4324 νοεῖν

903 4446 949 4481 ¹²
976 4450 1097 4500 Επεὶ
1122 4461 1307 4518 usque
1331 4444 1412 4500 ad
1440 4444 1932 4518 xwpei(col.A1096
1967 4443 2010 4497 Β
2042 4444 2144 4517 3.)]
2183 4444 2319 4500 Haec
2348 4447 2427 4503 ita
2466 4451 2668 4503 contra

2466 4447 2762 4503 contrahit
2793 4446 2837 4496 D
2877 4464 2887 4500 :
2921 4445 3086 4499 ’Ἱκετο
3118 4442 3177 4498 δε
3209 4455 3280 4517 τῷ
3317 4445 3527 4518 βασιλεῖ
3558 4446 3776 4518 ἀγγελία
3827 4451 3897 4510 ὡς
3927 4447 4210 4506 ἐπιϐουλήν

828 4538 958 4591 τινες
993 4527 1114 4591 τῶνΔ
1146 4512 1391 4569 Θετταλῶν
1440 4512 1577 4567 κατὰ
1613 4523 1718 4591 Δϊου
1768 4512 2026 4591 δεσπότου
2077 4512 2376 4591 Δημητρίου
2429 4518 2673 4586 ἑστῶσιν,
2719 4518 2785 4567 ὧν
2827 4520 2874 4569 oi
2933 4520 3213 4588 ὀνομαστοὶ
3252 4512 3547 4587 Σπαρτηνός
3598 4512 3735 4577 ἦσαν
3786 4524 3871 4571 xui
3930 4525 4214 4591 Καμπανὸς

831 4588 1193 4664 Ἰατρόπουλος
1218 4608 1271 4640 τε
1297 4608 1383 4664 και
1412 4589 1436 4639 6
1472 4586 1841 4664 Korr_§o).airo;,
1876 4590 1923 4639 oi
1952 4576 2451 4664 δετώκέπίσήμων
2490 4589 2713 4661 Μιχαὴλ
2768 4591 2792 4641 6
2834 4576 3101 4663 Λάσκοίρις
3145 4594 3232 4641 καὶ
3289 4592 3313 4641 6
3360 4576 3639 4662 δΓζιρίθων.
3692 4590 3816 4644 Ἐνα
3852 4600 3975 4662 γοῦν
4006 4576 4213 4644 ⁸τούτων

829 4658 1256 4751 ζὸνῚίαμπανον
1320 4660 1389 4721 εἰς
1449 4663 1534 4710 τὸν
1560 4658 1810 4751 βασιλέα
1880 4658 2134 4745 ἔπεμψανζ
2215 4666 2303 4712 xui
2342 4658 2404 4713 ’ὁ
2488 4658 2775 4751 βασιλεὺςρ
2804 4664 2869 4712 τὰ
2926 4658 3063 4713 κατά
3129 4664 3322 4713 σκοπὸν
3394 4658 3594 4723 τοῦτοις
3674 4658 3934 4736 ἐγγράφου
4004 4683 4213 4751 χρυσο-

830 4730 1092 4807 ϐουλλίου,
1124 4737 1213 4807 καὶ
1254 4731 1454 4807 ἀπ-άρας
1482 4730 1759 4807 Μελενίκου
1786 4736 1903 4807 περὶ
1934 4730 2323 4807 Θεσσαλονίκην
2355 4730 2573 4807 ἐφέρετο,
2606 4731 2850 4806 πρέσϐεις
2904 4738 3032 4806 ωρὸς
3073 4738 3366 4807 Δημήτριον
3413 4733 3641 4805 πέμψας,
3702 4730 3778 4795 ὣς
3826 4730 3886 4785 ἆν
3939 4730 4078 4786 κατὰ
4121 4738 4213 4796 τὰς

830 4806 990 4877 αὐτοῦ
1021 4798 1288 4877 ὑποθήκας
1313 4798 1559 4877 ἀφίκοιτο
1582 4802 1651 4862 εἰς
1683 4798 1858 4856 αὐτόνξ
1880 4802 1939 4854 Ὀ
1967 4798 2025 4854 δὲ
2072 4802 2213 4870 (οὐδὲ
2267 4798 2395 4877 ’γὰρ’
2423 4798 2535 4875 εἶχε
2562 4798 2566 4799 ν
2601 4798 2752 4870 νοεὶν)
2807 4798 2954 4877 οἶκοί
2992 4798 3279 4877 κατέμεινεν
3340 4804 3395 4856 ἐκ
3450 4798 3551 4856 τῶν
3608 4798 3912 4877 συμϐούλων
3944 4808 4209 4868 πεισθείς.

829 4876 1022 4951 Ξυνέϐη
1058 4873 1116 4928 δέ
1142 4895 1193 4929 τι
1232 4870 1364 4951 ὅπερ
1400 4876 1466 4935 ὡς
1491 4870 1712 4951 ἦδυσμά
1760 4894 1809 4925 τι
1850 4881 2200 4951 παραστήσω.
2252 4870 2349 4927 Τὸν
2410 4870 2687 4948 Κάμπανον
2730 4876 2824 4946 (εἷς
2874 4872 2922 4928 δ’
2955 4870 3239 4951 οὖτοξτῶν
3297 4882 3617 4951 συνιστόρων
3662 4870 3753 4929 τοῦ
3804 4874 3988 4945 δόλου)
4039 4877 4212 4949 ἀπήγ-

829 4949 1000 5022 γειλάν
1028 4948 1687 5022 τ-ινεςγκατά-Δημητρὶου
1720 4946 1938 5022 φρονεῖν,
2002 4951 2091 4998 xui
2150 4946 2204 5008 ὃς
2266 4946 2500 5022 παρέστη
2542 4955 2613 5019 τῷ
2670 4953 2948 5022 Δημητρίῳ
2996 4954 3085 4999 καὶ
3151 4946 3482 5020 ἀπηλέγχετο
3516 4946 3615 5001 ’καὶ
3682 4950 3743 5007 ἧν
3802 4953 3932 5022 πρὸς
3989 4958 4050 5022 τῇ
4106 4946 4207 5001 τοί-

832 5009 962 5094 ἀύτῃ
1028 5020 1275 5094 ἐξετάσει.
1330 5017 1389 5074 Ὀ
1445 5009 1578 5089 θοῦν
1618 5009 1916 5092 Σπαρτηνός
1976 5021 2288 5090 συμμύστης
2340 5009 2419 5069 ’ὧν
2466 5009 2633 5091 τούτῳ
2680 5009 2861 5091 τάχος
2902 5009 3064 5071 ἐκεῖσε
3117 5009 3522 5091 φέρεταιξηκαὶ,
3582 5042 3610 5069 ‹‹
3664 5025 3747 5087 Τί,
3822 5009 3851 5069 nl
3901 5009 4036 5093 φησί
4094 5029 4217 5073 τοῦ·

834 5089 893 5145 δε
920 5089 1011 5145 τοῦ
1067 5089 1751 5165 ἀλιτηρίου-κατηγορουσῖ
1801 5108 1953 5151 τινες,
1985 5089 2254 5157 κέσποτα;
2289 5090 2344 5151 ὃς
2396 5091 2438 5143 εἰ
2495 5089 2613 5165 ἁλῷ
2662 5089 2911 5157 τοιοῦτος,
2970 5089 3184 5143 πολλῶν
3219 5092 3449 5165 θανάτων
3504 5093 3706 5165 κριθείη
3739 5090 3799 5143 ἂν
3838 5089 4015 5164 ἄμιος,
4052 5116 4081 5141 υ
4108 5099 4214 5145 Καὶ

832 5166 858 5217 ὁ
889 5169 1179 5237 Δημήτριος
1215 5147 1563 5284 (ἐθάέρειγάρ
1594 5147 1735 5232 μὰλα
1771 5164 1937 5232 τούτῳ
1996 5165 2062 5223 ὡς
2110 5164 2323 5233 πιστῷ),
2359 5184 2387 5211 ‹‹
2450 5147 2723 5237 Προδότην
2774 5167 2951 5215 τοῦτον
3001 5182 3157 5235 φασιν
3217 5160 3363 5231 εἶναι,
3422 5147 3705 5237 Σπαρτηνέ.
3763 5186 3792 5213 ››
3850 5147 3909 5216 ’ὸ
3954 5161 4013 5216 δε
4070 5171 4217 5217 παίει

832 5240 916 5284 τὸν
952 5239 1232 5284 Κααπανὸν
1258 5233 1322 5284 λα
1361 5240 1533 5284 οιιενος
1561 5238 1746 5284 τοὺτου
1776 5242 1865 5284 τῆς
1895 5237 2097 5284 ’γένυος
2137 5256 2163 5282 ‹‹
2213 5233 2363 5284 Ἐσνὼ-
2411 5257 2438 5284 ››
2490 5240 2669 5284 φησὶν-
2731 5256 2758 5284 (ι
2819 5235 2973 5284 αὐτόν
3033 5233 3080 5284 ἐν
3136 5241 3245 5284 τοῖς
3299 5238 3434 5284 οἶκοι
3498 5233 3804 5284 ἀπαονασνὼν.
3858 5232 4110 5284 δέσποτα-
4164 5235 4217 5284 ὶ-

831 5240 916 5289 τὸν
952 5232 1232 5307 Καμπανὸν
1258 5232 1542 5307 λαϐομενοςή
1561 5238 1746 5284 τοὺτου
1776 5242 1865 5293 τῆς
1895 5237 2097 5303 γένυος,
2137 5256 2163 5282 ‹‹
2213 5233 2364 5305 Ἐγὼ,
2411 5257 2438 5284 ››
2490 5232 2669 5307 φησὶν,
2731 5256 2758 5284 (ι
2819 5235 2973 5286 αὐτόν
3007 5232 3080 5286 ’ἐν
3129 5241 3245 5307 τοῖς
3299 5238 3434 5287 οἶκοι
3498 5232 3804 5307 ἀπαγαγὼν,
3858 5232 4111 5300 δεσποτα,
4164 5235 4217 5288 ὶ-

832 5302 1058 5380 τασμοζς
1099 5306 1343 5365 ἐκπιέσας
1389 5302 1603 5380 “πάντοι
1655 5312 1836 5357 τοῦτον
1876 5302 2285 5380 καταναγκάσω
2310 5302 2505 5380 ἔκφορα
2547 5314 2791 5380 ποιῆσαι.
2846 5329 2873 5355 ››
2905 5308 3077 5380 Ταῦτ’-
3104 5302 3231 5380 εἶπε,
3292 5311 3380 5358 xui
3420 5311 3489 5368 ως
3538 5302 3652 5379 εἶχε
3686 5302 3891 5378 τάχους
3929 5306 3975 5369 ἐς
4014 5312 4110 5365 τὴν
4137 5308 4217 5359 οἱ-

830 5374 949 5433 κίαν
1007 5377 1182 5450 ἀπῄει.
1233 5381 1331 5455 Τον
1395 5379 1484 5449 μὲν
1544 5376 1631 5428 οὖν
1692 5382 1969 5447 Καμπανον
2029 5374 2091 5428 το
2117 5375 2216 5428 ἀπὸ
2246 5374 2399 5430 τοῦδε
2434 5374 2581 5437 κλίνη
2631 5375 2779 5444 εἶκεν,
2838 5378 2996 5430 ἀσκὸν
3049 5374 3109 5431 δὲ
3164 5374 3501 5450 διαφυσήσας
3552 5374 3941 5455 ὁΠΣπαρτηνὸς
3984 5384 4072 5431 xui
4128 5376 4219 5433 δερ

837 5447 1097 5523 σμεύσας
1128 5455 1216 5502 xui
1276 5447 1609 5531 ἐπαιωρήσας
1662 5452 1870 5501 ἔτυπτεν
1917 5452 1984 5508 ως
2027 5452 2325 5531 ἰξαμπανὸν,
2382 5448 2719 5521 ἀποκαλύψαι
2769 5447 2925 5508 δῆθεν
2974 5452 3039 5502 τὰ
3081 5447 3275 5524 κρύφαξ
3322 5450 3511 5511 Ἀσκὸς
3551 5447 3609 5503 δὲ
3654 5447 3764 5517 ἦν,’
3796 5448 3855 5503 οὗ
3909 5456 4215 5524 Καμπανὸς,

834 5518 1221 5595 ὅτυπτόμενος.
1255 5518 1382 5574 Εἶτα
1429 5518 1638 5593 ἀφίκετο
1691 5523 1754 5581 ὡς
1801 5522 1921 5597 εἶχεΔ
1958 5518 2187 5572 ποδῶνο
2238 5518 2535 5593 Σπάρτηνὸς
2564 5518 2690 5594 πρὸς
2739 5528 3054 5597 Δημήτριον,
3094 5518 3199 5574 καῖ
3238 5529 3283 5573 οἱ
3337 5528 3496 5594 φησίν
3528 5544 3540 5557 ·
3572 5542 3603 5575 ‹
3644 5522 3823 5597 ’Ὁρκῳ
3857 5542 3914 5576 σε
3956 5518 4219 5576 πιστωσω

831 5600 889 5650 τὸ
928 5590 1168 5668 πρᾶάμα,
1207 5596 1280 5655 μά
1307 5597 1392 5647 τὸν
1432 5590 1522 5645 σον
1558 5598 1647 5668 καὶ
1694 5590 2137 5664 ἡμὼνήαπαντων
2181 5590 2496 5668 Δημήτριον,
2556 5590 2641 5646 τόν
2695 5590 2962 5667 κηδεμονά
3025 5590 3417 5657 Θεσσαλονίκης
3470 5600 3557 5647 xui
3600 5590 3907 5667 πολίουχον.
3966 5601 4219 5658 Τοιοῦτος

836 5662 977 5722 ἐστιν
1008 5662 1342 5745 οΚαμπανὸς
1381 5668 1557 5745 οπιοῑος
1607 5667 1631 5716 6
1665 5662 1994 5745 ,Σπάρτηνὸῆ
2056 5662 2655 5745 καὶ-οξτωξδιάκειται
2720 5662 2839 5739 περῖ
2897 5670 2953 5719 σε
3009 5668 3146 5719 καθα
3203 5671 3293 5719 καὶ
3348 5667 3374 5720 6
3441 5662 3876 5745 Σπαρτηνὸς,”ὂν
3929 5665 4220 5743 ἀνθρώπων

836 5689 977 5722 εστιν
1008 5689 1033 5719 Ο
1064 5689 1141 5719 λα
1184 5689 1342 5726 πανος
1381 5689 1557 5725 οποιος
1607 5689 1631 5716 ο
1678 5689 1994 5738 ιπαρτηνος,
2059 5689 2148 5717 και
2198 5689 2334 5717 ουτω
2392 5689 2655 5719 σιακειται
2720 5689 2838 5739 περι
2897 5689 2953 5719 σε
3009 5689 3146 5719 κκσα
3203 5689 3230 5718 κ

836 5741 1075 5795 ἁπάντων
1105 5689 1255 5795 πλέον
1287 5757 1345 5792 σε
1383 5737 1629 5813 φιλοῦντα
1656 5736 1967 5810 ἐπέγνωκας.
1994 5756 2023 5794 ι»
2056 5737 2114 5791 Ὀ
2146 5734 2205 5791 δε
2228 5736 2476 5812 βασιλεὺς
2517 5737 2601 5794 ἐπὶ
2632 5738 3018 5800 Θεσσαλονίκης
3043 5746 3230 5816 χωρεῖ.
