4470 6452
877 414 1010 468 1095

2152 405 2436 462 GEORGII
2462 401 2922 461 ACBOPOLITE

4101 409 4224 462 1096

870 550 1005 590 esse
1063 539 1314 607 poterat,
1359 533 1700 601 efﬂuxisset,
1755 533 2078 604 Spartenus
2126 529 2386 585 velocius
2440 527 2518 582 ad
2557 532 2603 582 Α

2462 527 2518 582 td
2557 532 2603 582 Α
2637 523 2784 586 ϐὃοις
2830 529 2976 598 τάχα
3050 530 3136 579 τόν
3197 529 3474 598 Καμπανόν
3534 524 3725 586 ἐτάζων
3770 525 4107 598 ἀποκαλύψαι
4166 532 4227 581 τὰ

870 624 1228 680 Demetrium
1250 623 1535 694 pervolat,
1554 627 1613 676 et
1629 621 1776 690 inﬁt,
1800 643 1828 669 «
1853 623 1995 675 Rem
2020 618 2122 674 tibi
2143 621 2522 672 sacramento

869 713 1193 768 corroboro
1216 728 1320 784 per
1340 717 1509 766 tuum
1527 717 1583 765 et
1607 717 1883 765 nostrum
1905 709 2179 764 omnium
2202 707 2518 763 dominum

869 801 1231 856 Demetrium
1288 798 1734 855 Thessalonices
1799 803 2135 852 curatorem
2194 811 2262 851 ac
2313 795 2519 850 mode-

865 897 1146 957 ratorem,
1166 908 1196 942 ›
1231 906 1353 962 quo
1377 905 1521 944 sane
1554 894 1931 944 sacramento
1961 886 2125 958 apud
2145 884 2518 940 Thessaloni-

865 995 1073 1035 censes
1095 978 1178 1034 nil
1204 978 1554 1046 solemnius,
1578 977 1658 1032 nil
1683 977 1943 1032 sanctius
1964 974 2286 1044 excogitari
2304 973 2517 1045 potuit,

863 1089 892 1118 ε(
924 1083 1047 1123 non
1069 1066 1221 1123 alius
1245 1069 1586 1138 aSparteno
1616 1067 1962 1136 Campanus
1982 1068 2087 1130 est,
2117 1063 2221 1135 qui
2246 1077 2416 1133 mque
2447 1077 2518 1116 ac

863 1144 1206 1228 Spartanus,
1239 1170 1361 1228 quo
1390 1154 1625 1209 nullum
1655 1154 1804 1209 inter
1824 1152 2104 1208 mortales
2142 1151 2403 1223 reliquos
2434 1149 2517 1204 tui

862 1244 1284 1300 studiosiorem
1302 1242 1637 1313 cognoscis,
1659 1242 1720 1297 in
1750 1245 1806 1297 te
1833 1241 2037 1297 animo
2063 1239 2313 1295 affectus
2340 1242 2449 1293 est.
2488 1259 2510 1286 ι

863 1331 954 1388 Sic
988 1334 1311 1404 Spartenus
1373 1331 1566 1386 scelus
1607 1329 1753 1385 alias
1811 1327 2214 1398 detegendum
2267 1325 2515 1398 provide

860 1421 1140 1476 exhausit
1169 1426 1224 1475 et
1244 1419 1560 1492 quaestioni
1590 1418 1773 1473 ﬁnem
1804 1416 1958 1472 fecit.
1987 1417 2167 1486 Igitur
2190 1416 2516 1487 imperator

855 1511 1113 1565 Joannes
1127 1523 1248 1564 una
1262 1525 1398 1562 cum
1425 1507 1607 1562 milite
1637 1507 1832 1578 primo
1861 1504 2123 1560 diluculo
2150 1502 2515 1559 Thessaloni-

857 1614 992 1655 cam
1019 1597 1282 1670 appellit,
1315 1597 1520 1669 ibique
1559 1602 1757 1651 castra
1787 1594 1956 1665 ponit
1983 1611 1995 1648 :
2027 1609 2168 1647 nam
2200 1591 2512 1647 obsidione

2633 619 2842 688 κρύφια.
2884 615 3073 676 Ἀσκὸς
3100 612 3158 668 δὲ
3204 611 3285 681 ἧν,
3335 615 3394 666 ού
3456 618 3753 686 Καμπανὸς,
3818 617 3844 667 6
3896 622 4222 689 τυπτόμενος,

2633 704 2774 756 Ἐπεὶ
2806 700 2865 756 δὲ
2893 706 2923 762 ἠ
2965 703 3201 777 ἀρκοῦσα
3247 704 3356 776 ὥρα
3401 709 3591 776 παρῄει
3651 709 3740 756 καὶ
3797 703 3880 776 [Ρ.
3937 704 4029 778 45]
4089 706 4225 768 ἄξιον

2631 791 2854 865 ἐτασμὸν
2890 790 3214 864 δεδυνημένη
3255 795 3582 850 ποιήσασθαι
3624 799 3713 845 καὶ
3768 796 4021 846 ἔκπυστον
4074 797 4224 847 θεῖναι

2629 888 2718 933 καὶ
2779 886 2837 934 τὸ
2906 881 2953 933 ἐν
3008 890 3202 954 μυχοῖς
3269 880 3586 953 βαθυτάτοις
3642 881 3929 954 ἐγκείμενον
3985 883 4221 957 ἄρρητον,

2627 973 2691 1030 ὡς
2722 968 2834 1042 εἶχε
2860 967 3036 1023 ποδῶν
3063 973 3088 1022 ὁ
3128 974 3426 1043 Σπαρτηνὸς
3474 969 3684 1042 ἀφίκετο
3735 975 3860 1046 πρὸς
3899 975 3984 1024 τὸν
4049 979 4221 1045 Δημή-

2626 1079 2787 1131 τριον,
2831 1065 2919 1112 καί
2949 1062 2998 1112 οἳ
3028 1078 3159 1132 φησι
3189 1081 3201 1092 ·
3232 1081 3260 1110 ‹‹
3303 1064 3558 1127 Δέσποτα,
3591 1062 3726 1135 ὅρκῳ
3771 1079 3829 1112 σε
3892 1068 4144 1114 πιστώσω
4167 1065 4220 1113 τὸ

2624 1153 2862 1221 πρᾶγμα.
2897 1152 2985 1202 Μὰ
3040 1152 3127 1200 τὸν
3191 1152 3279 1200 σὸν
3333 1154 3423 1201 καὶ
3470 1151 3616 1221 ἡμῶν
3669 1149 3908 1201 ἁπάντων
3967 1146 4222 1207 δεσπότην

2627 1243 2943 1312 Δημήτριον,
2990 1240 3076 1289 τὸν
3169 1235 3437 1309 κηδεμόνα
3523 1246 3615 1297 τῆς
3690 1237 4078 1298 Θεσσαλονίκης
4137 1244 4222 1292 καὶ

2624 1325 2909 1398 πολιοῦχον
2947 1326 3064 1398 (91)
3097 1348 3125 1376 ›)
3153 1326 3326 1397 (οὗτός
3358 1323 3418 1378 δὲ
3449 1328 3474 1377 6
3524 1328 3671 1401 ὅρκος
3708 1329 3852 1398 παρὰ
3909 1327 4222 1381 Θεσσαλονι-

2625 1423 2774 1466 κεῦσι
2812 1415 2960 1468 πλέον
3015 1424 3113 1467 τῶν
3152 1414 3315 1466 ἄλλων
3391 1416 3554 1490 ὅρκων
3620 1415 3843 1487 ἰσχύει),
3906 1438 3934 1465 ‹‹
3995 1421 4224 1478 τοιοῦτός

2625 1502 2764 1555 ἐστιν
2837 1505 2862 1556 6
2919 1507 3196 1576 Καμπανὸς
3256 1506 3427 1564 ὁποῖος
3484 1502 3624 1556 ἐστιν
3681 1506 3708 1555 ὁ
3766 1509 4086 1579 Σπαρτηνὸς,
4139 1511 4224 1558 καὶ

2624 1593 2789 1654 οὕτως
2819 1590 3082 1646 διάκειται
3106 1599 3224 1668 περὶ
3257 1597 3313 1645 σὲ
3360 1595 3591 1665 καθάπερ
3647 1588 3715 1650 δὴ
3771 1598 3861 1646 καὶ
3907 1596 3931 1645 6
3990 1602 4223 1668 Σπαρτη-

856 1702 991 1742 eam
1013 1686 1270 1757 cingere,
1291 1701 1429 1740 cum
1451 1685 1528 1740 ad
1551 1683 1954 1740 obsidendum
1975 1682 2312 1738 necessaria
2338 1680 2510 1735 mini-
2553 1665 2593 1719 Β

2456 1680 2510 1734 ιί-
2553 1665 2593 1719 Β
2622 1685 2727 1751 νὸς,
2788 1681 2840 1734 ὃν
2891 1681 3172 1757 ἀνθρώπων
3229 1682 3467 1734 ἁπάντων
3529 1681 3677 1734 πλέον
3730 1701 3786 1734 σε
3825 1682 4070 1754 φιλοῦντα
4131 1683 4221 1736 ἐπ-

855 1790 952 1831 me
971 1779 1514 1847 suppeterent,non
1535 1776 1787 1845 poterat.
1804 1771 2308 1827 Caduceatoribus
2330 1784 2510 1840 porro

854 1863 1229 1930 Demetrium,
1259 1867 1323 1918 ut
1345 1863 1472 1934 ipse
1498 1862 1733 1932 juratus
1755 1860 1873 1931 89
1922 1859 2266 1931 imperatori
2295 1859 2506 1925 fuerat,

854 1952 933 2008 ad
965 1969 1028 2008 se
1060 1950 1330 2013 accersit,
1355 1951 1814 2022 emporiumque
1836 1948 2126 2021 poscebat
2151 1951 2318 2003 extra
2338 1946 2509 2002 Thes-

855 2041 1207 2108 salonicam,
1234 2041 1296 2095 in
1327 2056 1448 2112 quo
1502 2039 1736 2104 milites,
1768 2053 1902 2110 qua)
1951 2036 2065 2092 sibi
2121 2037 2253 2091 usui
2281 2038 2504 2102 essent,

851 2131 1041 2202 pretio
1088 2132 1447 2185 coemerent.
1478 2128 1576 2183 Ille
1606 2143 1642 2183 a
1670 2126 2086 2183 consultorum
2114 2125 2345 2181 insidiis
2393 2123 2505 2179 sibi

849 2235 972 2276 non
989 2233 1357 2291 praacavens,
1383 2217 1554 2273 dictis
1574 2232 1784 2272 eorum
1800 2215 2246 2276 obsecundans,
2271 2212 2415 2268 nihil
2432 2228 2505 2268 ex

848 2309 939 2365 his
960 2325 1094 2381 quae
1123 2309 1441 2381 imperator
1469 2306 1764 2362 indixerat
1783 2310 2097 2360 exsecutus
2124 2309 2234 2361 est.
2271 2303 2503 2359 Paucis-

846 2399 1031 2454 simos
1043 2398 1312 2470 postdies
1329 2411 1518 2469 parva
1531 2395 1784 2450 militum
1801 2410 2019 2450 manus
2039 2393 2200 2465 apud
2220 2392 2499 2465 pusillam

844 2487 1011 2545 urbis
1034 2493 1270 2560 portam
1301 2492 1359 2542 et
1379 2501 1544 2541 mare
1579 2490 1949 2556 spectantem
1984 2483 2503 2549 adsidens,custo-

842 2577 1135 2649 diensque
1165 2593 1240 2631 ne
1275 2575 1410 2648 quis
1445 2591 1515 2630 ex
1543 2575 1691 2630 urbe
1721 2589 1792 2629 ex
1848 2573 2173 2645 improviso
2228 2574 2498 2645 irrepens

841 2666 1090 2722 militem
1117 2665 1377 2730 laederet,
1411 2665 1624 2720 oborto
1652 2663 1792 2719 inde
1836 2663 2097 2720 clamore
2137 2669 2375 2735 portam
2419 2665 2499 2721 ab

839 2756 911 2812 iis
936 2756 1041 2828 qui
1069 2755 1229 2811 intus
1255 2759 1425 2811 erant
1449 2761 1723 2827 apertam
1764 2753 1974 2817 fuisse,
2027 2753 2353 2810 clamorem
2408 2755 2496 2811 in-

840 2845 1125 2917 sequitur,
1151 2848 1208 2900 et
1240 2843 1553 2898 universus
1582 2842 1873 2898 exercitus
1894 2846 2032 2914 post
2060 2858 2194 2898 eam
2224 2848 2494 2900 armatus

838 2950 977 2990 cum
990 2933 1347 3006 imperatore
1360 2931 1674 3003 confestim
1687 2930 2169 2988 Thessalonicam
2185 2934 2242 2988 in
2250 2949 2492 3003 gressus

2620 1776 2862 1842 έγνωκας.
2902 1793 2930 1821 ››
2991 1772 3170 1831 Οὕτως
3225 1773 3249 1822 ό
3298 1773 3595 1844 Σπαρτηνὸς
3642 1775 3736 1829 τὴν
3792 1771 4077 1843 μέλλουσαν
4117 1793 4222 1845 φω-

2616 1863 2838 1934 ραθῆναι
2907 1856 3252 1935 ῥᾳδιουργίαν
3323 1862 3660 1932 οἰκονομικῶς
3736 1856 4100 1915 διεσκέδασεν.
4162 1861 4218 1914 Ὀ

2617 1953 2706 2022 μεν
2741 1946 2828 2002 οὖν
2860 1947 3104 2022 βασιλεὺς
3149 1949 3384 2010 Ἰωάννης
3452 1947 3659 2022 ἀπάρας
3724 1951 3792 2002 τὰ
3856 1954 4219 2026 στρατεύματα

2617 2039 2700 2091 ἐπὶ
2747 2044 2841 2097 τήν
2896 2038 3285 2097 Θεσσαλονίκην
3366 2038 3418 2102 ἐξ
3494 2038 3650 2112 ὀρθοῦ
3718 2047 3904 2114 χωρεῖ,
3964 2045 4053 2093 καὶ
4103 2045 4218 2115 περὶ

2615 2132 2810 2186 ταύτην
2859 2125 3396 2202 ἐστρατοπεδεύσατο.
3430 2127 3788 2202 Πολιορκῆσαι
3817 2131 3908 2200 μὲν
3973 2132 4074 2204 γὰρ
4126 2129 4219 2182 ούκ

2615 2215 2676 2275 ἧν
2707 2218 2846 2290 αύτῷ
2875 2217 2958 2290 (ού
3011 2220 3114 2290 γὰρ
3169 2215 3429 2290 ἀρκούσας
3474 2215 3588 2288 εἶχε
3643 2219 3732 2277 τὰς
3763 2217 3850 2269 ἐπὶ
3892 2221 4061 2288 τούτῳ
4123 2215 4218 2270 δυ-

2612 2309 2900 2380 νάμεις¹⁸),
2958 2306 3237 2380 πρεσϐείας
3270 2304 3329 2359 δὲ
3392 2305 3595 2373 ἐποίει,
3634 2311 3724 2359 καὶ
3781 2306 3955 2368 ἐζήτει
4006 2308 4218 2370 ἐξελθεῖν

2611 2401 2743 2471 πρὸς
2805 2398 2955 2450 αὐτὸν
3013 2401 3100 2449 τὸν
3155 2401 3470 2471 Δημήτριον,
3545 2397 3718 2458 καθὼς
3805 2393 3868 2454 ἦν
3920 2397 4220 2470 ὠμοσμένον

2611 2487 2773 2557 αύτῷ,
2806 2490 2881 2540 ἔτι
2934 2483 2993 2539 δε
3046 2494 3270 2544 ποιῆσαι
3348 2491 3438 2538 καὶ
3497 2485 3692 2560 ἀγορὰν
3723 2485 3818 2548 ἔξω
3888 2493 3979 2546 τῆς
4029 2486 4223 2550 πόλεως

2611 2577 3024 2644 Θεσσαλονίκης,
3058 2579 3127 2636 ὡς
3157 2575 3216 2626 ἂν
3255 2578 3428 2647 ἔχοιεν
3482 2576 3728 2628 ὠνεῖσθαι
3765 2578 3831 2628 τὰ
3863 2573 4101 2650 χρειώδη
4155 2580 4222 2630 τὰ

2611 2671 2996 2741 στρατεύματα,
3059 2665 3118 2718 Ὀ
3205 2662 3264 2718 δὲ
3346 2673 3452 2726 τοῖς
3532 2664 3826 2727 ἐπιϐούλοις
3905 2665 4220 2738 συμϐούλοις

2605 2763 2873 2832 χρώμενος
2945 2753 3097 2808 ούδέν
3151 2775 3205 2808 τι
3241 2762 3342 2808 τῶν
3399 2757 3648 2807 τοιούτων
3693 2763 3918 2813 ποιῆσαι
3972 2774 4220 2829 παρεχω-

2603 2854 2761 2917 ρεῑτο.
2799 2848 2940 2898 Πάνυ
2987 2842 3046 2897 δε
3072 2844 3256 2915 ὀλίγων
3311 2846 3514 2918 ἡμερῶν
3571 2841 4044 2918 παραδραμουσῶν
4111 2844 4218 2897 ὀλί-

2601 2955 2698 3006 γου
2774 2938 2913 2996 τινὸς
2985 2936 3376 3006 στρατεύματος
3449 2933 3672 2990 πλησίον
3760 2936 4039 3005 ἱσταμένου
4120 2943 4216 2995 τῆς

836 3023 1043 3080 omnia
1077 3027 1397 3095 occupant.
1421 3024 1749 3093 Imperator
1771 3021 1832 3076 in
1862 3025 2036 3092 porta
2060 3022 2225 3078 urbis
2254 3039 2390 3095 quae
2429 3024 2490 3080 in
2523 3017 2562 3072 C

2443 3039 2490 3080 in
2523 3017 2562 3072 C
2601 3029 2792 3096 μικρᾶς
2818 3023 2985 3084 πύλης
3024 3031 3117 3084 τῆς
3170 3025 3314 3094 παρὰ
3377 3030 3439 3094 τῇ
3493 3022 3730 3095 θαλάσση
3795 3021 3908 3095 [καὶ
3964 3021 4208 3095 ἐπονομα-

834 3112 1123 3168 orientem
1164 3111 1372 3181 vergit,
1406 3110 1581 3166 stetit.
1628 3109 1849 3166 Aderat
1879 3114 1934 3166 et
1999 3112 2273 3167 Demetrii
2323 3129 2492 3170 soror

833 3197 1022 3267 Irene,
1048 3198 1440 3267 Bulgarorum
1482 3196 1667 3252 Asani
1689 3212 1860 3263 uxor,
1907 3196 2181 3269 supplex,
2233 3200 2490 3268 genibus

830 3288 974 3344 nixa
1019 3292 1075 3343 et
1112 3286 1618 3359 lacrymabunda,
1671 3301 1929 3342 exorans
1966 3302 2042 3341 ne
2088 3285 2268 3344 frater
2301 3289 2491 3346 oculis

829 3376 1258 3434 obcaecaretur.
1298 3376 1628 3432 Demetrius
1656 3375 1715 3430 in
1747 3390 1947 3431 arcem
1974 3374 2139 3448 prius
2179 3393 2306 3432 sese
2333 3394 2491 3435 rece-

829 3472 1016 3539 perat.
1041 3468 1238 3536 Soror,
1258 3465 1593 3538 spondente
1610 3481 1678 3521 ac
1693 3464 2090 3536 jurejurando
2109 3467 2489 3538 promittente

827 3555 1190 3628 imperatore
1228 3554 1435 3611 oculos
1475 3570 1616 3610 eum
1657 3569 1778 3609 non
1814 3554 2199 3626 amissurum,
2243 3556 2486 3614 tratrem

827 3644 1226 3701 adolescentis
1259 3648 1494 3700 aetatem
1539 3648 1844 3699 maturam
1892 3643 2225 3700 admodum
2256 3661 2378 3717 prm
2424 3664 2486 3704 se

825 3732 1134 3805 ferentem,
1169 3733 1275 3789 sed
1313 3733 1514 3789 adhuc
1566 3731 1922 3795 imberbem,
1961 3731 2156 3789 forma
2203 3738 2259 3789 et
2289 3737 2485 3807 specie

824 3824 1155 3894 egregium,
1196 3824 1275 3879 ad
1325 3823 1750 3895 imperatorem
1802 3821 2032 3878 detulit.
2076 3825 2221 3880 Eam
2255 3824 2484 3884 honore

823 3914 1060 3970 ornavit
1098 3914 1452 3984 imperator:
1494 3916 1561 3968 ut
1596 3911 1755 3968 enim
1802 3911 1903 3968 illa
1951 3928 2109 3986 equo
2152 3915 2480 3987 descendit,

821 4002 1150 4074 imperator
1165 4004 1344 4058 etiam
1367 4018 1401 4058 a
1422 4002 1666 4075 proprio
1686 4001 1961 4057 vehiculo
1981 4002 2278 4074 exsiliens,
2297 4006 2483 4077 pedes

823 4092 943 4164 90
970 4108 1110 4147 cum
1140 4108 1212 4148 ea
1234 4092 1410 4148 stetit.
1455 4090 1876 4148 Thessalonica
1930 4090 2044 4148 hac
2095 4093 2325 4150 ratione
2371 4095 2480 4152 sub

819 4181 1198 4255 imperatoris
1235 4181 1481 4238 Joannis
1532 4181 1754 4238 ditione
1797 4181 1959 4238 facta
2002 4187 2090 4238 est
2126 4183 2249 4240 imo
2279 4187 2479 4257 potius

820 4271 935 4328 sub
981 4271 1166 4328 tutela
1197 4274 1606 4328 Romanorum
1637 4271 1933 4344 acquievit
1991 4290 2002 4323 :
2055 4271 2212 4329 illius
2261 4277 2479 4333 etenim

819 4361 1046 4417 domini
1072 4361 1356 4417 Romanis
1375 4361 1676 4417 contraria
1694 4361 2050 4417 sentiebant.

2602 3113 2822 3185 ζομένης
2856 3111 2925 3184 ¹⁸]
2961 3109 3052 3164 διὰ
3079 3115 3136 3163 τὸ
3175 3115 3247 3183 μὴ
3310 3109 3619 3186 ἀπροόπτως
3668 3110 3883 3174 ἐξελθεῖν
3940 3131 4087 3173 τινας
4109 3120 4211 3164 τῶν

2599 3209 2691 3262 τῆς
2715 3201 2906 3262 πόλεως
2936 3205 3026 3252 καί
3053 3220 3194 3262 τινας
3252 3199 3596 3272 λυμαίνεσθαι
3642 3209 3743 3252 τῶν
3799 3199 3854 3252 ἐκ
3907 3208 3999 3252 τοῦ
4055 3220 4216 3275 στρα-

2599 3298 2710 3361 τοῦ,
2741 3289 3064 3354 ἐξαπίνηςᾶ
3092 3291 3290 3351 ταύτης
3337 3288 3558 3361 ἐγεγόνει
3609 3287 3710 3362 βοὴ
3766 3292 3834 3352 ὡς
3889 3293 4131 3348 ἣνοικται
4177 3292 4210 3349 ἡ

2597 3379 2734 3438 πύλη
2767 3382 2911 3453 παρὰ
2937 3398 3070 3440 τινος
3099 3387 3198 3431 τῶν
3231 3378 3387 3446 ἐντὸς,
3435 3383 3526 3431 καὶ
3577 3386 3637 3452 τῇ
3692 3377 3791 3452 βοῇ
3852 3384 4124 3432 συνείπετο
4179 3380 4212 3436 ἠ

2596 3468 3078 3543 παραφυλάττουσα
3128 3465 3372 3541 δύναμις,
3429 3472 3520 3520 καὶ
3574 3470 3785 3540 σύμπαν
3840 3464 3900 3520 δί
3953 3470 4012 3520 τὸ
4046 3470 4216 3543 στρά-

2596 3579 2762 3632 τευμα
2792 3559 3034 3612 ὅπλισθεν
3081 3561 3211 3631 μετὰ
3247 3566 3340 3610 τοῦ
3392 3565 3706 3631 κρατοῦντος
3760 3557 3958 3630 ἐφοίτα.
4016 3564 4119 3612 Καὶ
4162 3558 4215 3611 ἐν

2598 3649 2782 3721 ἀκαρεῖ
2815 3651 3005 3708 πάντας
3037 3645 3176 3719 εἶχεν
3228 3649 3258 3705 ἡ
3317 3647 3677 3705 Θεσσαλονίκη
3734 3650 3853 3707 τοὺς
3905 3654 3997 3700 τοῦ
4055 3646 4219 3719 βασι-

2593 3738 2720 3800 λέως
2797 3737 2954 3799 ἐντός.
3023 3737 3082 3789 Ὀ
3141 3733 3200 3790 δε
3246 3735 3491 3808 βασιλεύς
3563 3739 3689 3794 ἔστη
3741 3739 3884 3811 παρὰ
3943 3740 4040 3795 τήν
4077 3739 4214 3810 πρὸς

2595 3827 2842 3889 ἀνατολὰς
2878 3826 3172 3900 βλέπουσαν
3232 3824 3399 3884 πύλην
3463 3834 3561 3887 τῆς
3614 3824 3829 3895 πόλεως,
3890 3830 3983 3878 καὶ
4025 3827 4055 3884 ἡ
4119 3833 4214 3878 τοῦ

2591 3923 2894 3993 Δημητρίου
2953 3913 3149 3989 ἀδελφή
3184 3916 3402 3991 Εἰρήνη,
3460 3917 3492 3974 ἡ
3541 3923 3635 3968 τοῦ
3687 3915 3995 3989 Βουλγάρων
4047 3916 4215 3971 ’Λσὰν

2589 4012 2815 4082 γαμετή,
2889 4014 3250 4078 γονυπετοῦσα
3322 4010 3412 4058 καὶ
3490 4009 3812 4077 ποτνιωμένη
3885 4009 3956 4077 μὴ
4023 4008 4213 4058 παθεῖν

2591 4103 2676 4152 τὸν
2732 4093 2952 4169 ἀδελφὸν
3009 4096 3168 4155 αὐτῆς
3217 4103 3317 4146 τῶν
3364 4093 3638 4166 ὀφθαλμῶν
3691 4098 3958 4167 στέρησιν,
4025 4093 4083 4146 Ὀ
4151 4091 4213 4148 δί

2590 4193 2884 4261 Δημήτριος
2937 4187 3062 4257 ἔφθη
3111 4184 3184 4246 εἰς
3230 4188 3323 4242 τήν
3377 4182 3656 4258 ἀκρόπολιν
3708 4181 3917 4244 ἀναϐὰς.
3982 4183 4213 4256 Ἐγγύας

2593 4275 2652 4332 δε
2709 4277 2992 4349 ἐνωμότους
3049 4277 3175 4351 πρὸς
3255 4281 3344 4327 τοῦ
3401 4272 3657 4346 βασιλέως
3705 4272 3941 4326 λαϐοῦσα
3999 4276 4064 4335 ὡς
4115 4275 4214 4328 οῦκ

2602 4367 2842 4421 ἀπολέσει
2897 4366 3046 4428 οὗτος
3107 4368 3224 4425 τοὺς
3277 4363 3571 4437 ὀφθαλμοὺς
3621 4365 3689 4432 ¹⁸,
3749 4362 3907 4437 ἀπῄει
3957 4383 4013 4417 τε
4062 4369 4215 4439 παρά

818 4454 903 4502 τόν
963 4446 1180 4522 ἀδελφόν
1235 4455 1325 4502 καὶ
1375 4453 1506 4524 πρὸς
1551 4454 1639 4502 τὸν
1689 4448 1914 4523 βασιλέα
1967 4457 2144 4502 τοῦτον
2198 4450 2448 4526 ἐξήγαγεν
2484 4456 2583 4517 -ἧν
2640 4454 2699 4509 δε
2754 4460 2914 4528 φέρων
2963 4455 3112 4517 οὗτος
3142 4459 3237 4513 τήν
3286 4453 3494 4512 ἠλικίαν
3552 4461 3645 4507 τοῦ
3698 4458 3964 4529 μείρακος,
4034 4474 4212 4529 προσ-

818 4547 957 4612 εχῶς
1025 4541 1095 4600 εὶς
1158 4539 1319 4598 αὐτὴν
1367 4539 1719 4615 παραγγείλας
1770 4544 1858 4593 καὶ
1913 4545 2070 4613 μήπω
2121 4544 2363 4614 χνοάζων
2408 4550 2466 4600 τὸ
2513 4551 2725 4620 γένειον,
2783 4549 2971 4620 ὡραῖος
3024 4541 3082 4598 δὲ
3126 4547 3184 4596 τὸ
3240 4541 3380 4605 εἶδος
3431 4549 3520 4596 καὶ
3578 4548 3670 4602 τὴν
3734 4547 3887 4616 φυήν.
3946 4549 4213 4617 Τετίμ.ηκε

818 4625 877 4681 δε
907 4633 1100 4687 ταύτην
1131 4631 1156 4681 6
1197 4628 1443 4702 βασιλεύς
1485 4651 1496 4663 ·
1533 4631 1577 4664 ¹⁶
1608 4633 1676 4690 ὡς
1725 4633 1827 4702 γὰρ
1883 4627 2050 4689 ἰιπέδὴ
2117 4631 2248 4692 αύτὴ
2303 4644 2392 4687 τοῦ
2449 4638 2632 4703 ἵππου,
2689 4643 2977 4695 τηνικαῦτα
3041 4638 3130 4686 καὶ
3183 4634 3208 4684 ὃ
3269 4631 3523 4705 βασιλεὺς
3573 4639 3665 4684 τοῦ
3726 4630 3918 4685 οἰκείου
3982 4631 4207 4705 ἀχήμα-

813 4737 897 4779 τος
959 4717 1159 4782 ἀποϐὰς
1213 4722 1367 4782 πιζὸς
1425 4721 1612 4777 ἕστηκε
1670 4723 1764 4771 σὺν
1822 4718 1951 4791 αὐτῇ
2021 4721 2086 4775 ⁸⁷.
2153 4721 2211 4775 Ἠ
2274 4727 2363 4796 μὲν
2421 4723 2509 4780 οὖν
2558 4727 2707 4789 πόλις
2783 4723 3145 4782 Θεσσαλονίκη
3200 4723 3364 4784 οὕτως
3419 4724 3519 4774 ὑπὸ
3572 4725 3659 4774 τὸν
3715 4719 3942 4793 βασιλέα
3992 4726 4206 4793 γέγονεν

814 4806 1076 4878 Ἰωάννην,
1116 4808 1307 4882 μᾶλλον
1348 4805 1406 4862 δὲ
1443 4811 1543 4861 ὑπό
1574 4808 1856 4882 Ῥωμαίους
1896 4830 1908 4842 ·
1948 4810 1996 4862 οἱ
2022 4812 2122 4883 γὰρ
2163 4811 2326 4873 αὐτὴν
2369 4824 2676 4891 κρατοῦντες
2716 4815 3098 4890 ἐναντιόφρονες
3151 4812 3424 4886 Ῥωμαίοις
3460 4810 3662 4865 ἐτέλουν
3697 4810 3765 4868 ¹⁸ο

886 4988 1016 5063 ¹⁸>ού
1037 5021 1108 5030 —
1138 4986 1388 5063 δυνάμεις
1413 5006 1536 5046 om.
1569 4991 1634 5046 D.

839 5059 865 5080 ν
886 4991 1016 5078 ¹³,οῦ
1037 5021 1108 5030 —
1138 4991 1388 5063 δυνάμεις
1413 5006 1536 5046 om.
1569 4991 1634 5046 D.
1753 4992 1798 5026 “
1824 4997 1914 5046 καὶ
1940 4991 2389 5102 ἐπονομαζομένης
2424 5011 2550 5054 om.

843 5080 895 5102 ια
924 5067 1120 5102 “(limm-
1154 5063 1611 5102 ηνῇηητιῖἠηενηρ
1638 5066 1732 5102 φῆν
1761 5070 2073 5102 ΨηηγρίνοΛηιυ
2213 5069 2226 5101 1
2291 5075 2381 5102 σηιςῖ
2412 5069 2550 5102 Αἶνρίι

809 5063 897 5116 οἷα
924 5063 1120 5126 ἐκείνης
1154 5063 1611 5137 σχηματιζόμενος
1638 5066 1732 5122 τὴν
1761 5063 2100 5123 ταπείνωσιν.
2213 5069 2226 5101 ¹

2665 4995 2710 5032 ¹⁸
2737 4998 2802 5056 ὡς
2833 5026 2901 5036 -
2953 4993 3248 5119 ὀφθαλῦιούς
3272 5008 3393 5050 om.
3432 4991 3504 5048 D.
3628 4990 3674 5027 ¹⁶
3706 4993 3842 5047 ante
3871 4991 3940 5052 ὡς
3970 5021 4038 5029 —
4094 4991 4138 5044 D
4187 5007 4202 5045 :

2665 5101 2699 5111 —
2731 5067 2859 5119 αὐτῆ
2919 5082 3039 5119 om.
3153 5107 3166 5119 .
3283 5065 3328 5101 ¹⁸
3373 5063 3570 5119 μᾶλλον
3600 5095 3670 5104 -
3701 5061 3899 5116 ἐτέλουν
3950 5077 4075 5119 om.
4128 5061 4196 5118 D.

2291 5075 2381 5120 τοῦ
2412 5069 2600 5123 οἰκείου
2633 5100 2699 5111 -
2731 5067 2859 5141 αὐτῇ
2919 5082 3039 5123 om.

3283 5065 3328 5101 ¹⁸
3373 5063 3570 5138 μᾶλλον
3600 5095 3670 5104 -
3701 5061 3899 5116 ἐτέλουν
3950 5077 4075 5120 om.
4128 5061 4196 5118 D.

1698 5239 2040 5312 Theodori
2090 5245 2342 5314 Dousaa
2391 5253 2458 5314 et
2504 5243 2760 5314 Leonis
2803 5243 3040 5313 Allatii
3089 5251 3292 5310 notae.

2575 5411 2666 5450 νην
2697 5407 2712 5458 ;
2745 5398 2852 5450 πῶς
2882 5390 2982 5442 ὑπο
3017 5392 3101 5441 σοὶ
3133 5386 3404 5459 πολιούχῳ
3429 5386 3459 5444 ἡ
3511 5384 3722 5458 ἐχθροῖς
3763 5383 3978 5449 ἄϐατος,
4013 5382 4103 5457 ἀφ’
4134 5384 4200 5459 οὗ

2577 5467 2772 5536 χρόνου
2819 5465 3012 5536 ταύτην
3059 5459 3203 5522 ἣλιος
3260 5457 3530 5529 ἐθεάσατο,
3568 5457 3839 5536 ⁸’τοσούτων
3896 5466 4070 5536 κακῶν
4127 5457 4200 5518 εἰς

2577 5526 2757 5608 πεῖραν
2815 5533 3009 5606 ἐγένετο
3042 5550 3055 5600 ;
3089 5541 3199 5595 πῶς
3250 5541 3344 5594 τῆς
3406 5526 3524 5583 τῶν
3555 5526 3952 5582 δυσσεϐούντων
3999 5528 4200 5602 ὀφρύος

2577 5605 2808 5680 ἠνέσχου
2848 5605 3283 5680 κατορχουμένης
3332 5610 3425 5680 τῆς
3475 5605 3610 5677 ἱερᾶς
3663 5606 3997 5680 προστασίας
4028 5620 4041 5670 ;
4078 5610 4197 5664 πῶς

2577 5672 2852 5752 ὑπέμεινας
2872 5672 3155 5733 ταῦτα’κοίὶ
3184 5672 3491 5751 διεκαρτίρη
3502 5672 3597 5740 σας
3621 5691 3635 5745 ;
3660 5672 3795 5731 ΛΠ...

877 5387 990 5461 (9t)
1032 5385 1341 5455 Quomodo
1365 5386 1426 5445 S.
1464 5387 1792 5461 Demetrius
1816 5388 1889 5444 sit
1913 5389 2348 5461 Thessalonicae
2369 5410 2465 5450 κη-

805 5455 980 5534 δεμὼν
1017 5468 1074 5518 et
1124 5461 1426 5535 πολιοῦχος.
1476 5460 1627 5535 inter
1659 5459 2140 5535 _alios__pluribus
2183 5463 2465 5535 explicuit

803 5531 1069 5590 Joannes
1101 5531 1444 5590 Staura'cius
1476 5531 1551 5587 de
1591 5531 1894 5587 miraculis
1953 5535 2008 5589 S.
2067 5531 2365 5590 Demetrii.
2402 5538 2467 5590 Et

802 5605 1083 5662 Nicolaus
1110 5605 1452 5678 patriarcha
1484 5603 1775 5661 monodia
1805 5605 1876 5659 de
1901 5605 2133 5661 excidia
2159 5605 2466 5678 Thessalo-

801 5678 1029 5734 nicensi
1065 5695 1077 5733 :
1115 5677 1230 5731 Ποῦ
1298 5697 1410 5751 μοι,
1489 5681 1740 5752 Δημέτριε
1826 5679 2051 5752 μάρτυς,
2124 5679 2154 5736 ἡ
2218 5677 2469 5741 ἀήττητος

803 5755 1140 5826 συμμαχία;
1182 5747 1308 5812 πῶς’
1339 5747 1435 5810 τήν
1491 5747 1587 5810 σήν
1646 5747 1794 5803 πόλιν
1827 5747 2106 5823 ’ὑπερεῖδες
2170 5752 2468 5827 πορθουμέ-
