4470 6452
286 388 427 443 1097

289 604 413 670 υίκη
465 601 935 669 προσκαρτερήσας
968 596 1052 666 [Ρ.
1097 594 1185 663 46]
1232 595 1256 644 6
1314 591 1558 664 βασιλεὺς
1605 593 1902 661 (κατήπειγε

288 690 393 760 γὰρ
452 686 604 738 αὐτὸν
667 688 693 737 6
744 694 836 737 τοῦ
884 693 1141 756 χειμῶνος
1190 686 1371 754 καιρός
1419 702 1430 713 ·
1485 678 1744 754 Δεκέϐριος
1802 683 1902 753 γὰρ

293 775 553 847 έτύγχανε
598 773 746 847 μὴν),
813 773 957 845 ἀφεὶς
1016 775 1064 824 έν
1122 773 1252 842 αὐτῇ
1321 774 1408 821 τὸν
1454 774 1615 841 μέγαν
1667 766 1908 840 δομέστι-

292 885 384 917 κον
435 868 523 916 τὸν
581 866 845 935 Κομνηνόν
900 858 1233 933 Ἀνδρόνικον
1285 864 1371 911 τὸν
1426 858 1791 927 Παλαιολόγον,
1850 857 1909 908 οὗ

292 952 547 1013 πολλάκις
604 951 947 1024 ἐμνήσθημεν,
1028 953 1091 1001 τὰ
1147 957 1329 1021 πρῶτα
1396 952 1612 1019 φέροντα
1683 955 1781 998 τῶν
1861 945 1909 996 ἐν

297 1045 645 1114 στρατηγίαις
711 1043 1058 1110 τεταγμένων,
1138 1034 1308 1109 ἄνδρα
1381 1042 1730 1088 συνετώτατον
1824 1038 1911 1086 καὶ

293 1136 583 1203 πραότατον
637 1134 727 1181 καὶ
783 1126 838 1181 εὖ
895 1125 1075 1180 εἰδότα
1131 1132 1218 1178 καὶ
1294 1129 1477 1199 μάχην
1550 1124 1764 1176 ὁπλίσαι
1824 1130 1914 1176 καὶ

298 1215 570 1272 διευθῦναι
608 1218 729 1270 λαὸν
780 1222 869 1269 καὶ
918 1216 966 1268 ἐν
1019 1216 1314 1288 πολεμικοῖς
1367 1220 1455 1266 καὶ
1499 1214 1776 1285 εἰρηνικοῖς
1811 1220 1915 1272 τοῖς

297 1315 524 1380 καιροῖς,
581 1311 791 1367 νικητὴς
847 1305 1175 1367 ἐπανέςευξεν
1225 1304 1291 1364 εἰς
1338 1310 1431 1361 τὴν
1483 1306 1566 1371 ἔω,
1652 1304 1915 1375 θαυμαζό-

298 1416 448 1469 μενος
494 1398 543 1431 ³⁰
601 1398 701 1448 ὑπὸ
759 1398 963 1447 πάντων
1004 1400 1093 1446 καὶ
1146 1394 1470 1465 κλεῑζομενος
1535 1401 1627 1453 τῆς
1691 1400 1915 1463 ταχινῆς

300 1485 543 1537 οὕτωκαὶ
578 1489 836 1557 μεγίστης
866 1489 1035 1549 νίκης,
1071 1483 1175 1553 οὐχ
1232 1485 1328 1534 ὑπὸ
1351 1491 1450 1533 τῶν
1503 1482 1701 1533 οἰκείων
1742 1486 1913 1553 μονον,

303 1573 434 1626 ἀλλὰ
474 1579 563 1626 καὶ
618 1575 718 1625 ὑπό
764 1581 864 1624 τῶν
936 1572 1214 1645 ἀλλοτρίων
1280 1593 1291 1603 ·
1347 1573 1472 1642 ὑπὲρ
1541 1574 1767 1641 φυσικὴν
1817 1573 1914 1642 γὰρ

303 1663 452 1725 τάξιν
483 1659 628 1725 ἔδοξε
681 1665 740 1714 τὸ
771 1663 1086 1734 κατόρθωμα
1117 1664 1207 1711 καὶ
1260 1668 1359 1711 τῶν
1408 1663 1667 1732 τροπαίων
1710 1662 1764 1710 τὸ
1798 1657 1917 1709 ἀλλ-

302 1752 607 1817 επάλληλον,
637 1756 727 1803 καὶ
782 1758 915 1804 Θεοῦ
954 1750 1144 1823 μᾶλλον
1198 1754 1414 1821 προνοίᾳ
1443 1750 1472 1807 ἣ
1538 1754 1919 1820 στρατηγικαῖς

1906 378 2241 435 ANNALES.

360 510 471 583 μς·’.
516 508 726 580 Ὀλίγας
776 510 819 543 ¹⁹
859 504 917 560 δὲ
974 509 1107 559 πάνυ
1159 508 1349 577 ἡμέρας
1390 504 1437 556 ἐν
1494 511 1555 575 τῇ
1634 502 1899 554 Θεσσαλο-
1937 510 1980 556 Α

3530 378 3669 433 1098

2083 506 2148 557 43
2182 503 2297 555 Nec
2329 500 2584 555 multum
2625 499 3055 555 Thessalonica:
3091 505 3503 555 commoratus
3559 502 3668 557 im-

2014 594 2250 663 perator
2288 589 2541 644 hiberna
2598 604 2739 643 nam
2778 605 2895 661 que
2942 593 3293 660 tempestate
3349 590 3671 645 Decembre

2017 694 2219 733 mense
2250 678 2703 732 exhorrescente
2753 677 3132 748 pellebatur),
3166 678 3225 731 in
3258 693 3329 732 ea
3378 693 3671 747 magnum

2016 767 2414 822 domesticum
2430 767 2803 821 Comnenum
2818 765 3227 820 Andronicum
3248 766 3669 835 Palaeologum,

2018 856 2189 927 cujus
2204 856 2423 927 saepius
2438 854 2825 920 meminimus,
2841 855 2992 910 inter
3005 854 3163 909 viros
3187 854 3387 910 militia
3409 856 3674 911 celebres

2019 944 2247 1016 primas
2273 942 2516 1012 ferente,
2549 943 3086 1015 prudentissimum
3109 947 3165 998 et
3189 960 3375 1015 quam
3407 944 3673 1001 maxime

2019 1038 2428 1096 mansuetum,
2454 1033 2603 1088 aciei
2624 1034 2989 1088 instruendae
3011 1038 3068 1088 et
3096 1033 3403 1102 digerendi
3426 1034 3674 1091 militem

2022 1123 2245 1193 optime
2277 1138 2556 1191 gnarum,
2587 1127 2641 1177 et
2668 1122 2805 1177 belli
2841 1122 3131 1193 pacisque
3163 1123 3390 1179 artibus
3420 1123 3675 1191 clarum,

2022 1212 2583 1283 relinquens,victor
2606 1211 2985 1284 triumphans
3005 1212 3064 1266 in
3084 1212 3381 1268 Orientem
3400 1228 3679 1268 reversus

2025 1305 2133 1367 est,
2165 1302 2243 1355 ab
2277 1300 2863 1355 omnibuslaudibus
2885 1301 3297 1373 encomiisque
3318 1301 3397 1356 ob
3424 1302 3680 1357 celerem

2028 1406 2097 1445 ac
2127 1390 2458 1444 maximam
2486 1390 2821 1455 victoriam,
2852 1405 2974 1444 non
2998 1406 3033 1444 a
3065 1391 3186 1445 suis
3220 1391 3425 1456 modo,
3460 1390 3565 1445 sed
3584 1406 3681 1445 ex-

2027 1478 2206 1533 ternis
2251 1478 2451 1541 etiam,
2499 1476 2953 1534 condecoratus.
3018 1481 3207 1549 Supra
3238 1479 3397 1533 enim
3455 1485 3681 1534 natura;

2026 1573 2261 1638 captum
2277 1566 2506 1620 facinus
2521 1572 2576 1621 et
2594 1572 2946 1637 tropaeorum
2964 1567 3249 1622 crebritas
3263 1566 3467 1623 divina
3487 1568 3683 1638 potius

2027 1656 2600 1728 providentiaquam
2619 1655 2970 1712 militaribus
2994 1657 3222 1712 artibus
3254 1662 3486 1728 patrata
3500 1658 3683 1711 fuisse

2026 1745 2158 1800 visa
2189 1750 2344 1800 sunt.
2412 1748 2689 1800 Praeterea
2754 1746 3101 1801 Melenicum
3172 1748 3373 1802 Serras
3425 1762 3497 1803 ac
3550 1745 3686 1802 loca

300 1837 549 1913 μεθόδοις
590 1845 743 1892 ταυτὶ
796 1836 1218 1914 διαπράξασθαι.
1268 1836 1614 1891 Καταλελοιπε
1646 1833 1705 1889 δὲ
1736 1842 1822 1889 καὶ
1854 1840 1921 1897 εἷς
1959 1872 1998 1924 Β
2029 1853 2064 1891 a

1959 1835 2367 1924 Badjacentia
2403 1835 2485 1924 in
2572 1834 2756 1890 ﬁdem
2806 1851 2893 1924 ac
2974 1834 3311 1891 clientelam
3389 1835 3686 1893 Michaelis

300 1950 357 1984 τε
407 1937 499 1983 τοῦ
532 1929 805 1983 Μελενίκου
845 1934 933 1981 καὶ
985 1933 1072 1986 τὴν
1116 1936 1214 1979 τῶν
1268 1926 1462 2001 Σερρὼν
1511 1932 1599 1978 καὶ
1651 1935 1748 1977 τῶν
1804 1931 1921 2000 περὶ

304 2021 467 2081 αὑτὰς
525 2018 756 2091 φυλακὴν
806 2020 894 2069 τὸν
940 2026 1033 2070 τοῦ
1083 2016 1350 2090 εἰρημένου
1403 2016 1628 2088 μεγάλου
1679 2011 1922 2087 δομεστί-

302 2129 400 2162 κου
448 2117 652 2184 πρῶτον
718 2109 829 2160 υἱὸν
884 2110 970 2159 τὸν
1052 2109 1316 2178 Κομνηνὸν
1374 2105 1616 2177 Μιχαὴλ,
1674 2104 1729 2155 ὃν
1794 2106 1925 2176 μετὰ

304 2202 537 2273 χρόνους
586 2199 730 2258 τινὰς
786 2198 815 2253 ἡ
878 2204 977 2247 τῶν
1033 2194 1297 2267 Ῥωμαίων
1357 2192 1603 2267 βασιλεία
1634 2193 1925 2251 πεπλουτη-

306 2307 391 2340 κεν
423 2287 495 2349 εἰς
522 2286 774 2358 εὐτυχίαν
818 2286 931 2357 (9'2)
972 2286 1171 2345 ταύτης
1203 2288 1292 2336 καὶ
1341 2280 1603 2349 εὐδοξίαν,
1663 2282 1812 2334 ἄλλον
1874 2302 1927 2336 τε

310 2374 549 2448 ἀλλαχοῦ
607 2374 865 2448 έπαφῆκεν
898 2374 970 2435 εἰς
1018 2371 1299 2446 ἀσφάλειαν
1356 2380 1456 2425 τῶν
1506 2380 1695 2446 χωρῶν
1750 2391 1804 2423 τε
1843 2376 1926 2423 καὶ

310 2465 528 2533 πόλεων,
557 2463 726 2517 ἐπάνω
768 2460 827 2516 δι
886 2464 1089 2516 πάντων
1138 2465 1226 2515 τὸν
1280 2466 1441 2535 μέγαν
1490 2458 1823 2533 δομέστικον,
1866 2463 1929 2520 ὡς

313 2554 375 2605 ἂν
406 2555 704 2606 ὑπείκοιντο
733 2554 919 2613 πάντες
979 2551 1117 2621 αὐτῷ
1171 2556 1260 2603 καὶ
1312 2558 1422 2613 τοῖς
1471 2551 1558 2602 ὑπ’
1588 2549 1747 2602 αὐτοῦ
1777 2549 1928 2620 λεγο-

314 2647 489 2715 μένοις
548 2661 601 2694 τε
672 2646 762 2693 καί
836 2644 1232 2714 πραττομένοις.
1284 2640 1343 2691 Ὀ
1399 2644 1489 2712 μὲν
1538 2636 1626 2691 οὖν
1678 2638 1930 2711 βασιλεὺς

317 2732 385 2792 εἰς
436 2734 502 2784 τὰ
552 2740 647 2793 τῆς
703 2732 767 2784 ἔω
826 2736 954 2805 μέρη
1020 2727 1348 2804 διαπεράσας
1406 2726 1561 2800 διῆγε
1601 2731 1670 2799 ³³,
1726 2732 1929 2781 καὶτὸν

317 2826 635 2895 Δημήτριον,
715 2820 768 2871 ὃν
831 2828 926 2879 τῆς
985 2819 1405 2872 Θεσσαλονικέων
1462 2818 1634 2891 ἀρχῆς
1679 2817 1930 2887 καθεῖλεν,

317 2909 367 2962 έν
424 2918 498 2979 τῷ
538 2914 767 2985 φρουρίῳ
817 2908 1088 2982 καθειρξας
1136 2918 1234 2961 τῶν
1293 2916 1582 2961 Λεντιανών
1627 2910 1796 2982 ἐτήρει
1860 2908 1928 2960 ³³.

314 2999 377 3052 Ὀ
411 2996 471 3052 δε
526 3003 690 3071 μέγας
747 2995 1062 3070 δομέστικος
1117 2997 1286 3069 ολίγον
1344 2996 1579 3058 έπιϐιούς
1622 3002 1813 3071 χρόνον
1842 3001 1931 3048 καὶ

318 3088 489 3151 καλῶς
522 3087 814 3161 δίοπρέψας
862 3086 910 3139 ἕν
970 3095 1033 3160 τῇ
1089 3090 1276 3140 τούτου
1333 3085 1501 3161 ἀρχῇ,
1552 3092 1786 3148 νοσήσας
1846 3092 1935 3138 καὶ

319 3184 414 3237 τὴν
470 3183 638 3252 τρίχα
697 3176 971 3247 ἀποκαρεὶς
1022 3181 1082 3229 τὸ
1150 3176 1300 3249 βιοῦν
1359 3176 1718 3249 έξεμέτρησεν.
1776 3176 1933 3230 Ἀπε-

325 3267 489 3326 στάλη
550 3268 599 3302 ³³
632 3262 690 3320 δι
717 3266 826 3319 ἀντ’
875 3266 1035 3319 αὐτοῦ
1066 3262 1336 3341 Θεόδωρος
1362 3268 1387 3318 6
1415 3266 1573 3327 ψιλῆς
1627 3264 1736 3317 ἀντ’
1775 3265 1936 3318 αὐτοῦ

324 3355 522 3411 διέπειν
551 3360 617 3410 τὰ
647 3364 738 3417 τῆς
770 3354 948 3431 ἀρχῆς
975 3357 1046 3414 ³⁸.
1101 3357 1244 3409 Ἑπεὶ
1298 3352 1356 3409 δὲ
1412 3356 1511 3408 ὑπὸ
1567 3359 1653 3408 τὸν
1715 3354 1939 3428 βασιλέα

324 3445 559 3519 έχεγόνει
635 3445 994 3503 Θεσσαλονίκη
1054 3450 1143 3497 καὶ
1196 3444 1431 3519 Βέρῥοια,
1482 3448 1545 3497 τὰ
1603 3444 1790 3497 ἐκεῖθεν
1851 3444 1939 3497 αὐ-

322 3544 426 3588 τῶν
464 3540 555 3588 καὶ
601 3537 732 3607 πρὸς
791 3530 1004 3607 δυσμὰς
1064 3531 1165 3586 ἀπὸ
1215 3541 1306 3586 τοῦ
1366 3533 1716 3607 Πλαταμῶνος
1776 3532 1939 3607 ἀρχό-

325 3644 453 3698 μενα
482 3625 582 3677 ὑπὸ
629 3626 715 3676 τὸν
777 3620 1041 3681 δεσπότην
1091 3622 1316 3695 Μιχαὴλ
1374 3622 1590 3687 ἐτελουν,
1652 3625 1727 3675 ἔτι
1770 3641 1824 3675 τε
1874 3625 1941 3675 τὰ

326 3718 447 3789 περὶ
481 3713 792 3785 Πελαγονίαν
834 3718 924 3765 καὶ
973 3708 1210 3785 Ἀχρίδα
1256 3717 1343 3764 καὶ
1391 3712 1676 3788 Πρίλαπον,
1709 3716 1843 3773 Τοὺς
1882 3709 1942 3766 δὲ

328 3799 591 3865 Βοδηνοὺς
649 3807 735 3855 καὶ
794 3799 1087 3877 Σταρίδολα
1140 3802 1360 3876 Στρόϐον
1418 3823 1473 3856 τε
1544 3808 1634 3855 καὶ
1708 3805 1772 3855 τὰ
1821 3806 1941 3877 περὶ

327 3900 500 3947 ταῦτα
543 3893 570 3945 ὁ
599 3900 691 3945 τοῦ
722 3897 1025 3965 Δημητρίου
1082 3896 1281 3965 πατὴρ,
1340 3900 1430 3946 τοῦ
1468 3892 1694 3965 Μιχαὴλ
1722 3888 1781 3946 δε
1812 3894 1944 3953 θεῖος

330 3983 357 4035 ὁ
388 3980 638 4055 Ἀγγελος
666 3988 884 4053 κατεῖχε
912 3978 1188 4054 Θεόδωρος
1219 3982 1285 4037 ³⁸.

403 4070 514 4145 με’.
565 4069 623 4123 Ὀ
670 4075 760 4143 μέν
818 4078 906 4123 οῦν
952 4069 1199 4144 βασιλεὺς
1257 4069 1307 4123 έν
1360 4079 1466 4132 τοῖς
1520 4078 1611 4125 τοῦ
1665 4076 1944 4145 Νυμφαίου

330 4162 770 4236 παραχειμάσας,
850 4156 972 4234 ἦρος
1036 4164 1289 4233 φανέντος,
1344 4163 1517 4236 ὥσπερ
1572 4162 1756 4227 εἰώθει,
1817 4160 1949 4234 ἐξῄει

333 4248 546 4318 ἕκεῖθεν,
597 4249 888 4325 έκεχειρίαν
944 4252 1057 4322 (95)
1123 4247 1183 4302 δε
1248 4249 1300 4312 ἐξ
1358 4250 1595 4302 ἁπάντων
1653 4252 1791 4322 ἔχως
1841 4256 1948 4309 τοῖς

333 4339 699 4401 πλησιάζουσι
766 4337 953 4391 ἄστεσι
1036 4348 1132 4401 τῆς
1220 4344 1609 4392 Κωνσταντίνου
1668 4344 1756 4391 καὶ
1807 4339 1951 4413 παρὰ

336 4434 572 4484 Λατίνων
622 4432 1022 4503 κεκρατημένοις
1059 4430 1127 4497 ³⁵,
1178 4437 1242 4501 τῇ
1296 4429 1606 4502 Τζουρουλῷ
1681 4449 1813 4502 φημι
1861 4433 1950 4480 καὶ

336 4527 399 4592 τῇ
466 4519 649 4591 Βιξύη,
693 4517 968 4572 ἐπιθέσθαι
1025 4518 1289 4577 τεθέληκεν
1350 4540 1362 4552 ·
1420 4520 1553 4595 ἑώρα
1601 4520 1641 4554 ³⁷
1697 4526 1786 4571 καὶ
1852 4520 1951 4590 γὰρ

2031 1925 2335 1987 Comneni,
2380 1923 2517 1978 dicti
2550 1924 2754 1993 magni
2784 1923 3102 1980 domestici
3123 1926 3302 1996 primi
3332 1925 3461 1991 lilii,
3503 1940 3688 1997 quem

2031 2019 2166 2085 post
2186 2028 2380 2069 annos
2402 2029 2524 2068 non
2550 2013 2771 2069 multos
2796 2016 3203 2070 Romanorum
3226 2016 3548 2087 imperium
3566 2030 3691 2071 non

2034 2103 2161 2158 sine
2190 2108 2244 2158 et
2264 2102 2641 2159 fortunarum
2672 2107 2727 2158 et
2749 2102 2952 2171 glorite
2976 2104 3345 2160 incremento
3375 2105 3468 2159 sui
3496 2104 3693 2161 admi-

2033 2194 2411 2248 nistratorem
2458 2192 2725 2264 agnovit,
2775 2193 3041 2248 contulit.
3101 2197 3218 2249 Nec
3276 2210 3397 2249 non
3451 2192 3694 2250 arcibus

2035 2281 2268 2336 tuendis
2291 2298 2360 2338 ac
2390 2280 2786 2336 defendendis
2816 2282 3066 2337 urbibus
3094 2282 3280 2339 alium
3302 2289 3483 2355 atque
3514 2283 3693 2338 alium

2035 2371 2341 2443 imposuit,
2356 2371 2455 2442 qui
2466 2370 2578 2425 bus
2599 2371 2656 2442 9
2670 2372 2712 2440 1
2724 2386 3019 2441 magnum
3034 2372 3525 2439 domesticum,ut
3536 2371 3693 2426 illius

2036 2461 2288 2533 imperia
2324 2477 2495 2533 usque
2544 2478 2614 2516 ac
2647 2461 2870 2517 subditi
2921 2466 3326 2534 capesserent,
3388 2464 3694 2535 praecepta

2041 2558 2201 2607 sarta
2243 2556 2399 2608 tecta
2428 2551 2739 2618 haberent,
2776 2552 2956 2607 rebus
2983 2553 3260 2621 gerendis
3306 2551 3694 2609 obsecunda-

2038 2646 2187 2711 rent,
2211 2641 2492 2711 praefecit.
2515 2644 2666 2711 Ergo
2686 2640 3014 2712 imperator
3031 2657 3308 2711 egressus
3368 2643 3427 2698 in
3460 2643 3693 2698 Oriente

2040 2730 2315 2799 degebat.
2328 2730 2686 2786 Demetrium
2702 2746 2738 2785 a
2752 2730 3360 2787 Thessalonicensium
3380 2730 3698 2787 dominatu

2041 2819 2424 2875 exturbatum
2449 2825 2504 2875 et
2529 2820 2586 2874 in
2613 2836 2747 2875 arce
2772 2822 3055 2877 Lentiana
3084 2821 3474 2877 occlusumin
3505 2824 3701 2877 custo-

2043 2909 2207 2965 diam
2249 2909 2423 2965 misit.
2464 2910 2723 2978 Magnus
2752 2909 2988 2965 interim
3027 2911 3394 2967 domesticus
3432 2926 3557 2966 non
3596 2909 3702 2964 diu

2045 2999 2163 3055 vita
2192 3004 2510 3069 protracta,
2538 2999 2643 3054 sed
2682 3000 2786 3071 qui
2812 3015 2933 3055 non
2965 3000 3091 3055 sine
3120 3001 3385 3056 nominis
3406 3004 3463 3056 et
3495 2999 3699 3069 glorias

2044 3087 2210 3144 fama
2238 3092 2299 3143 in
2326 3087 2845 3144 administratione
2897 3107 2959 3145 se
3013 3096 3297 3159 gesserat,
3320 3090 3382 3145 in
3421 3089 3707 3145 morbum

2046 3176 2316 3232 incidens
2368 3176 2597 3248 capillis
2654 3177 2923 3232 detonsis
2972 3179 3160 3234 vitam
3208 3179 3360 3235 ﬁniit
3394 3197 3408 3248 ;
3440 3178 3502 3233 in
3529 3177 3706 3248 cujus

2046 3267 2244 3322 locum
2281 3264 2567 3321 suffectus
2626 3270 2716 3321 est
2779 3267 3127 3323 Theodorus
3173 3269 3386 3336 Pbiles,
3443 3267 3545 3341 qui
3572 3266 3708 3322 loco

2048 3356 2543 3430 illiusimperium
2568 3362 2818 3426 regeret,
2867 3358 3125 3415 Subacta
3189 3358 3614 3415 Thessalonica
3633 3372 3708 3413 ac

2049 3448 2302 3513 Berrcea,
2327 3463 2463 3520 quae
2486 3446 2621 3502 inde
2649 3447 3126 3504 extendebantur
3150 3449 3282 3505 loca
3312 3449 3392 3506 ad
3417 3465 3705 3507 occasum

2050 3539 2128 3594 ab
2151 3554 2344 3609 usque
2368 3536 3189 3611 Platamone,etqueecunque
3201 3539 3280 3595 ad
3292 3539 3702 3611 Pelagoniam,

2049 3626 2370 3683 Achridam
2438 3632 2495 3682 et
2538 3626 2840 3698 Prilapum
2878 3627 3230 3698 attinebant,
3289 3629 3405 3685 sub
3423 3629 3703 3686 Michaele

2050 3716 2506 3788 despotaerant,
2546 3715 2793 3781 Bodeni,
2832 3717 3145 3784 Staridola,
3200 3717 3450 3775 Strobus
3477 3724 3533 3775 et
3548 3719 3707 3777 circa

2052 3822 2123 3862 ea
2164 3806 2298 3861 loca
2344 3804 2457 3860 sub
2509 3806 2783 3861 Demetrii
2832 3805 3029 3862 fratre.
3076 3807 3420 3864 Michaelem
3453 3812 3706 3881 patruus

2052 3896 2317 3965 Angelus
2355 3893 2700 3949 Theodorus
2731 3909 2915 3966 penes
2946 3909 3010 3950 se
3048 3894 3329 3952 habebat.

2127 4076 2215 4129 47.
2281 4075 2610 4145 Imperator
2694 4088 2835 4128 eum
2926 4074 3243 4147 Nymphaai
3304 4075 3712 4146 hibernasset,

2056 4164 2299 4218 ineunte
2320 4179 2478 4229 vere,
2510 4178 2623 4218 suo
2640 4177 2806 4218 more
2824 4162 3070 4232 faciens,
3090 4164 3227 4220 inde
3248 4180 3542 4235 egressus,
3575 4183 3717 4224 cum

2059 4252 2327 4325 undique
2349 4258 2535 4325 pactae
2556 4251 2799 4307 indutiae
2828 4254 3225 4309 cessationem
3248 4253 3388 4310 belli
3418 4256 3716 4321 fecissent,

2060 4342 2336 4415 proxima
2368 4342 2531 4415 Cpoli
2553 4341 2781 4413 Oppida
2827 4346 2943 4399 eta
2986 4342 3205 4398 Latinis
3251 4359 3547 4415 possessa,
3580 4346 3722 4401 Tzu-

2060 4431 2260 4487 rulum
2288 4431 2508 4486 scilicet
2527 4438 2584 4486 et
2611 4431 2877 4503 Bizyam,
2916 4430 3076 4487 bello
3121 4432 3369 4503 aggredi
3408 4434 3662 4490 instituit
3703 4453 3716 4491 :

2063 4536 2206 4575 nam
2234 4520 2536 4592 collapsas
2594 4520 2937 4575 Latinorum
2986 4520 3138 4576 vires
3187 4522 3718 4579 animadverterat.

337 4612 474 4663 πάνυ
524 4611 592 4661 τὰ
663 4618 762 4661 τῶν
831 4614 1066 4663 Λατίνων
1147 4611 1493 4683 ἠσθενημένα.
1560 4612 1954 4682 Διαπεραιωθεὶς
1988 4599 2031 4652 Ῑ)
2066 4612 2102 4675 Q

1988 4599 2031 4652 Ῑ)
2066 4612 2258 4675 Quare
2284 4615 2515 4666 tranato
2547 4609 2923 4681 Hellesponto
2974 4610 3139 4682 apud
3185 4611 3501 4667 Tzurulum
3526 4612 3721 4685 primo

338 4699 463 4772 γόῦν
509 4702 597 4752 τὸν
638 4698 1010 4759 Ἑλλήσποντον
1058 4699 1107 4752 έν
1165 4709 1227 4773 τῇ
1288 4700 1593 4777 Τξουρουλῷ
1629 4704 1686 4754 τὸ
1756 4709 1956 4775 πρῶτον

342 4788 575 4863 ἀφίκετο.
632 4787 732 4842 Ἦν
781 4785 839 4844 δε
890 4788 1027 4851 ίντός
1078 4798 1170 4843 τοῦ
1225 4791 1425 4853 ἄστεως
1479 4794 1509 4849 ἡ
1567 4799 1658 4845 τοῦ
1704 4789 1957 4864 βασιλέως

2067 4698 2271 4754 sedem
2306 4698 2482 4754 locat.
2508 4700 2643 4753 Erat
2674 4714 2745 4753 eo
2774 4698 2833 4753 in
2860 4698 2978 4770 92
3006 4699 3234 4772 oppido
3260 4700 3526 4757 Eudocia
3555 4717 3725 4758 soror

2068 4788 2270 4844 uxoris
2282 4788 2678 4860 imperatoris,
2700 4804 2886 4861 quam
2902 4787 3015 4844 sibi
3029 4788 3727 4864 Aseldecae,itaimpera-

419 4880 462 4965 ’ἒ
491 4876 701 4965 ὀλίῖιξις
730 4894 918 4950 usque
944 4880 1025 4936 αά
1045 4887 1156 4965 τοῖς
1203 4887 1401 4965 res?“
1430 4879 1734 4965 (,e:n;.3021-
1765 4879 1824 4965 ἷο
1878 4876 1936 4965 δὲ
1965 4877 2184 4965 ﬂecti"?

1965 4877 2215 4965 βασιλευς
2263 4877 2399 4950 ἀφεὶς
2448 4881 2534 4930 τὸν
2566 4881 2727 4963 μέγαν
2782 4874 3094 4950 δομέστικον
3132 4881 3229 4965 ,τον
3270 4878 3722 4965 ΠαλαιολόγονΛΟ·

342 4950 394 5057 2°
427 4948 829 5023 θαυμαζόμενος
843 4966 1029 5024 usque
1050 4951 1142 5057 ‘ad
1174 4948 1414 5015 εὐδοξίαν
1428 4952 1458 5057 1(
1466 4953 1507 5005 Β
1672 4948 1815 5057 ipsi;
1840 4957 1930 5004 καὶ
1966 4948 2052 5057 si;
2079 4948 2350 5004 Μελένικον
2375 4956 2482 5057 ῐκαὶ
2510 4949 2696 5057 ξξρρας
2726 4954 2817 5002 καὶ
2845 4948 2911 5057 ili:
2939 4955 3058 5057 «cf:
3083 4950 3337 5057 αὖτὰὲτὸν
3363 4959 3467 5057 τοῦἸ
3498 4948 3728 5057 μὶγέλου

385 5026 667 5057 mum-ﬁ..."
689 5023 802 5057 ..ςλυ
853 5027 1044 5057 unum;
1110 5026 1197 5057 φλ..
1228 5023 1425 5057 nim...
1460 5028 1576 5057 Am...
1774 5022 2011 5057 ὶηριωιᾉ
2061 5033 2183 5057 ,ευρ
2208 5038 2305 5057 nm
2598 5024 2827 5057 unm-“1,...
3100 5030 3192 5057 σοιςῖ
3263 5026 3285 5057 ‘.
3313 5026 3443 5057 ...καί
3477 5043 3537 5057 ι...
3612 5044 3728 5057 -..ι

347 5018 802 5111 δομεστίκουύἰὸν
853 5018 1079 5094 Μιχαὴλ
1110 5026 1197 5108 ⁴τὸν
1228 5018 1633 5111 Παλαιολὸγονζζ
1675 5018 1751 5111 “ﬁ
1773 5019 2184 5111 Emisti—61171:,
2208 5038 2329 5078 om.
2374 5024 2440 5078 D.
2516 5018 2830 5111 "I'jqpqiipu
2861 5024 2926 5077 D.

348 5093 531 5169 στίκου
588 5098 914 5157 νοσήσαντος
961 5093 1060 5147 καὶ
1111 5093 1677 5169 ἇποκαρέντοςίέστάλη
1712 5097 1777 5150 D.

1855 5096 1903 5130 ³⁸
1934 5092 2338 5167 ἀντῘ-ξίιρχῆς
2395 5110 2516 5167 om.
2562 5097 2625 5151 D.

3030 5023 3053 5057 ³
3100 5030 3192 5075 τοῦ
3224 5019 3285 5076 δὲ
3309 5019 3537 5100 μεγάλου
3571 5019 3731 5100 δομε-

2704 5092 2760 5129 ιε
2782 5100 2875 5169 τρι)
2919 5100 3060 5169 Μιχ,
3108 5126 3176 5134 -
3205 5092 3482 5169 Θεόδωρος
3507 5092 3737 5169 Dim-1).

345 5166 398 5203 "
428 5166 605 5242 ὥσπερ
629 5195 702 5211 -
729 5170 1132 5244 κεκρατημένοις
1162 5163 1293 5224 om:
1311 5168 1377 5223 D.
1453 5168 1498 5203 ³⁷
1533 5167 1667 5241 ἐώρα
1693 5182 1880 5238 usque
1909 5166 1991 5224 ad
2012 5164 2110 5241 ἀφὰ

1841 5182 1880 5224 [ε
1909 5166 1991 5224 ad
2012 5163 2322 5241 ἀφίκετοζί)
2344 5165 2424 5240 4)]
2447 5171 2538 5219 καὶ
2567 5173 2769 5241 πρῶτον
2801 5163 3010 5239 ἀφίκετο
3026 5163 3081 5220 iv
3106 5173 3170 5240 τῇ
3193 5163 3506 5244 Τζουρόυλῷ
3537 5168 3606 5228 D.

1248 5311 1589 5380 Theodori
1638 5312 1891 5380 Dousae
1941 5323 2008 5379 et
2053 5309 2307 5379 Leonis
2357 5310 2589 5380 Allatii
2638 5320 2843 5379 notae.

423 5471 572 5547 (92)_
624 5472 983 5534 Ηεπλούτηκεν
1035 5473 1109 5537 εἰς
1182 5473 1461 5547 εὐτυχίαν,
1502 5474 1628 5547 Hoc
1698 5472 1966 5531 maxime

351 5542 768 5617 improbatum
799 5552 888 5603 est
915 5563 952 5603 a
995 5549 1094 5605 Ge.
1124 5542 1410 5615 Phrania,
1452 5546 1553 5603 lib.
1586 5563 1621 5615 ι,
1646 5563 1698 5603 e.
1731 5548 1802 5602 5:
1836 5547 1968 5604 Hoc

353 5618 617 5675 maxime
644 5619 817 5677 modo
846 5620 1164 5691 imperium
1214 5621 1297 5676 ad
1336 5618 1693 5677 Michaelem
1733 5634 1808 5677 ea:
1845 5620 1970 5677 Pa-

864 5720 1114 5779 ΡΑτιοι..
1156 5721 1259 5778 Gn.
1301 5719 1447 5791 CXL.

2077 5474 2340 5558 la’ologis
2364 5472 2824 5547 imperatoribus
2844 5475 3108 5558 primum
3124 5482 3419 5555 pervenit,
3437 5484 3596 5558 quod
3624 5483 3744 5543 uti-

2076 5562 2218 5605 nam
2257 5555 2319 5603 in
2351 5560 2618 5620 unquam
2651 5555 3034 5621 pervenisset,
3079 5559 3217 5611 ALL.

2150 5621 2261 5691 (93)
2313 5627 2649 5699 Εκεχειρίαυ.
2694 5622 2783 5681 Cf.
2835 5623 3101 5684 Joannes
3190 5627 3449 5700 Tzetzes,
3498 5626 3639 5688 chil.
3682 5646 3743 5703 ιι,

3465 5729 3536 5787 35
