4470 6452
859 361 996 415 1099

2118 360 2401 417 GEORGII
2438 364 2924 422 ACROPOLITE.

4098 382 4223 434 H00

854 484 998 540 trice
1043 483 1214 539 lrene
1262 487 1319 540 et
1375 498 1595 553 genero
1624 486 1681 539 et
1711 483 2068 556 imperatore
2091 490 2412 551 annuente,
2446 487 2506 542 in
2542 491 2588 542 Α

2456 487 2506 542 in
2542 491 2588 542 Α
2621 487 3014 562 γυναικαδέλφη
3057 489 3309 556 Εύδοκία,
3364 493 3422 549 ἣν
3470 495 3496 544 6
3528 495 3575 528 ²⁸
3609 494 3761 547 Ἀσελ
3804 501 3959 550 Δεκαε
4016 500 4086 562 εἰς
4140 523 4221 572 γυ-

853 572 1306 627 matrimonium
1329 573 1740 642 conjunxerat.
1792 571 2114 628 Aseldecae
2144 575 2369 645 quippe
2402 575 2507 630 im-

853 661 1147 733 peratoris
1187 661 1498 716 invasione
1545 665 1854 732 comperta
1883 676 2004 716 non
2054 661 2158 716 diu
2181 665 2238 716 in
2282 663 2507 735 oppido

852 754 1144 818 moratus,
1189 749 1481 821 praesidiis
1529 749 1662 805 loco
1700 749 1960 818 ﬁrmato,
1985 751 2350 820 profugerat,
2371 767 2508 807 con-

851 844 1071 895 sortem
1093 855 1266 894 suam
1307 839 1628 894 Eudociam
1681 838 1904 893 ibidem
1952 838 2312 911 relinquens,
2340 846 2503 895 ratus

848 928 1277 1000 imperatorem
1325 932 1571 1000 propter
1612 927 2019 1000 propinquam
2081 929 2502 1000 cognationem

847 1018 1144 1090 oppidum
1201 1018 1554 1090 neutiquam
1624 1017 2057 1089 oppetiturum.
2136 1020 2351 1073 Verum
2408 1019 2502 1074 ille

844 1106 1198 1178 hujusmodi
1220 1106 1553 1163 rationibus
1587 1105 1944 1179 posthabitis
1975 1106 2269 1178 oppidum
2296 1107 2498 1175 cinxit,

845 1199 1145 1251 tormenta
1164 1195 1434 1251 admovit
1457 1200 1512 1250 et
1541 1195 1874 1260 machinas,
1901 1195 2123 1267 quibus
2151 1211 2500 1267 propugna-

843 1284 978 1341 cula
1005 1284 1319 1354 disjiceret,
1354 1289 1409 1339 et
1434 1289 1569 1356 post
1606 1283 1736 1339 dies
1761 1299 1883 1338 non
1912 1283 2133 1339 multos
2164 1286 2498 1356 occupavit.

845 1372 1053 1428 Uxoris
1084 1389 1207 1428 suae
1260 1388 1530 1428 sororem
1585 1373 1762 1427 unico
1821 1389 1957 1427 cum
1999 1387 2175 1444 equo,
2217 1388 2339 1444 quo
2370 1373 2502 1428 vehi

842 1466 1063 1533 posset,
1089 1461 1316 1533 Cpolim
1352 1460 1682 1516 transmisit
1719 1478 1735 1530 ;
1778 1459 2060 1532 reliquos,
2102 1461 2206 1531 qui
2245 1462 2304 1515 in
2345 1461 2497 1516 arcis

840 1549 1116 1605 custodia
1141 1555 1333 1620 erant,
1352 1549 1580 1621 pedites
1609 1548 1853 1606 dimisit.
1887 1553 2013 1604 Imo
2043 1553 2100 1604 et
2133 1549 2303 1620 Bizya
2323 1551 2497 1622 Oppi-

836 1639 985 1694 dum
1009 1639 1252 1696 incitato
1279 1638 1462 1694 milite
1494 1654 1617 1694 non
1646 1637 1835 1694 multo
1864 1643 1999 1710 post
2038 1639 2195 1710 cepit
2219 1638 2494 1696 domina-

834 1728 1039 1800 tuique
1062 1744 1171 1784 suo
1211 1727 1466 1798 subegit.

2620 586 2773 629 ναίκα
2801 579 3030 650 ἠγάγετο
3071 591 3164 642 τῆς
3208 578 3434 652 ἀδελφῆς
3469 583 3627 642 αὐτῆς
3677 583 3960 655 βασιλίδος
4014 590 4222 663 Εἰρήνης

2619 671 2708 717 καὶ
2757 675 2848 718 τού
2880 668 3124 740 γαμϐρου
3184 675 3271 721 καὶ
3322 669 3582 741 βασιλέως
3615 673 3882 744 θελήματι.
3933 675 3991 727 Ὀ
4021 682 4110 748 μὲν
4140 677 4219 730 οὖν

2618 755 2765 807 Ἀσὲ)
2829 761 2984 808 Δεκαε
3037 757 3130 808 οὐκ
3177 757 3514 831 ἐκαρτὲρησεν
3573 759 3620 810 ἐν
3678 769 3749 830 τῷ
3803 764 3952 815 ἄστει
3983 765 4213 839 ’[Ρ.47]

2618 847 2710 900 τήν
2747 847 2849 918 γὰρ
2890 853 2981 896 τοῦ
3028 844 3290 918 βασιλέως
3324 846 3621 918 ἐπεγνωκὼς
3670 847 3854 920 ἔφοδον
3897 851 4080 914 ἐκεῖνος
4131 860 4213 926 μὲν

2621 931 2776 1004 ἐξῄει,
2827 938 2920 992 τήν
2965 930 3024 986 δὲ
3056 937 3284 1006 σύζυγον
3339 937 3499 988 αύτοῠ
3560 936 3816 990 Εύδοκίαν
3867 945 4032 995 εἴασεν
4064 942 4111 994 ἐν
4147 954 4213 996 τῶ

4076 1030 4214 1095 ἔδοξε

2614 1113 2715 1184 γὰρ
2748 1111 2887 1181 αύτῷ
2912 1115 2975 1172 ὡς
3034 1109 3126 1164 διὰ
3175 1121 3268 1171 τήν
3326 1114 3485 1166 αὐτοῦ
3537 1113 3959 1189 γυναικαδὲλφην
4015 1120 4109 1172 ούκ
4156 1121 4211 1172 ἆν

2619 1023 2788 1087 ἄστει,
2840 1022 3070 1094 φυλακήν
3140 1027 3320 1082 ἱκανήν
3373 1032 3760 1088 συνεπιστήσας
3818 1029 3956 1100 αύτῷ
4009 1053 4020 1063 ·

2617 1198 2898 1270 βουληθείη
2933 1202 2958 1252 6
2991 1200 3240 1273 βασιλεὺς
3273 1206 3541 1277 πορθῆσαι
3587 1208 3645 1257 τό
3697 1208 3832 1258 ἄστυ
3877 1211 3945 1264 ³9.
4000 1209 4213 1272 Ἐκεῖνος

2614 1283 2673 1338 δὲ
2726 1288 2774 1322 ³ο
2822 1291 2886 1340 τά
2932 1289 3096 1341 πολλά
3151 1300 3392 1364 παρορῶν
3453 1299 3554 1342 τῶν
3607 1296 3852 1345 τοιούτων
3896 1301 4212 1368 παρεκάθισε

2609 1385 2681 1446 τῷ
2703 1378 2871 1447 οῖστει,
2915 1383 3002 1429 καὶ
3037 1378 3287 1440 ελεπόλεις
3337 1383 3527 1438 ἔστησε
3584 1387 3672 1433 καὶ
3731 1390 4094 1457 μηχανήματα
4122 1408 4211 1438 κα-

2608 1465 2899 1522 ταϐλητικὰ
2975 1476 3073 1518 τῶν
3161 1468 3433 1533 ἐπάλξεων,
3517 1475 3606 1521 καὶ
3664 1467 3756 1521 διὰ
3799 1479 4021 1546 μετρίων
4079 1478 4207 1527 πάνυ

2606 1562 2702 1604 τῶν
2747 1555 2790 1588 ³⁸
2852 1557 3056 1629 ἡμερῶν
3103 1554 3450 1629 ἐχειρώσατο,
3510 1563 3598 1610 καὶ
3655 1564 3748 1616 τήν
3797 1564 3888 1631 μεν
3951 1563 4106 1614 αὐτοῦ
4161 1566 4206 1598 ³³

2603 1640 3020 1716 ⁴γυναικαδέλιρην
3098 1645 3165 1704 εἰς
3249 1650 3342 1703 τήν
3427 1650 3968 1702 Κωνσταντινούπολιν
4036 1651 4206 1715 ἐξαπέ-

2611 1731 2822 1799 στειλεν,
2874 1732 2960 1784 ἕνα
3005 1735 3159 1784 ῐππον
3205 1733 3335 1804 αὐτῇ
3402 1730 3524 1794 δούς
3569 1735 3629 1786 ἶν’
3685 1734 3967 1809 ἐποχῆται,
4013 1743 4204 1805 πάντας

832 1815 892 1871 δέ
920 1822 1038 1879 τοὺς
1069 1819 1141 1880 εὶς
1171 1818 1402 1890 φυλακήν
1427 1825 1516 1871 τοῦ
1544 1819 1738 1878 ἄστεως
1765 1822 1909 1879 ὄντας
1934 1821 2123 1881 πεζοὺς
2149 1816 2417 1873 ἀπέλυσεν.
2448 1818 2601 1872 Ἀλλὰ
2633 1821 2680 1854 ³³
2711 1827 2800 1872 καὶ
2827 1825 2883 1874 τὸ
2932 1830 3028 1884 τῆς
3055 1823 3251 1883 Βιςύης
3308 1825 3444 1876 ἄστυ
3501 1828 3750 1900 στρατιὰν
3802 1828 4070 1900 ἐκπέμψας
4109 1827 4143 1882 δ
4150 1834 4202 1883 ιόι

828 1907 1065 1982 βραχέος
1088 1913 1416 1980 κεχείρωκεν,
1451 1913 1539 1960 καὶ
1569 1914 1834 1980 συνήγαγε
1857 1912 1945 1959 καὶ
1975 1915 2128 1959 τοῦτο
2165 1916 2226 1979 τῇ
2256 1910 2443 1959 τούτου
2478 1906 2780 1982 ἐπικρατείᾳ
2808 1911 2874 1964 ³⁸.

915 2001 984 2053 48
1003 1999 1171 2054 Circa
1199 1999 1326 2054 haec
1359 2002 1634 2070 tempora
1672 1997 1864 2053 Rhodi
1902 1997 2114 2052 insulae
2168 2001 2428 2052 castrum
2455 2013 2490 2052 a
2522 2001 2559 2052 Β

822 2088 1227 2144 Januensibus
1268 2092 1566 2143 nocturno
1596 2085 1737 2142 dolo
1769 2092 2119 2158 occupatur.
2173 2085 2489 2140 Praefectus

822 2177 984 2233 enim
1010 2179 1268 2233 Joannes
1320 2176 1598 2243 Gabalas,
1667 2175 1915 2232 Gaesaris
1974 2175 2186 2230 Leonis
2248 2173 2486 2230 Gabalae

821 2267 1024 2334 frater,
1058 2271 1194 2338 post
1215 2266 1448 2323 obitum
1481 2265 1679 2322 fratris
1737 2263 2002 2320 insulam
2060 2281 2197 2319 cum
2232 2264 2487 2336 imperio

822 2357 1123 2426 obtinens,
1159 2373 1283 2413 una
1312 2373 1450 2412 cum
1481 2355 1844 2427 imperatore
1871 2354 1986 2426 93
2014 2353 2176 2409 circa
2213 2355 2489 2409 Nicome-

822 2447 978 2503 diam
1003 2446 1256 2517 degente
1278 2446 1351 2501 ad
1363 2461 1570 2501 versus
1593 2446 1967 2500 incursantes
1997 2460 2028 2499 e
2052 2443 2214 2516 Cpoli
2249 2443 2486 2498 Latinos

825 2541 1218 2609 processerat.
1262 2535 1468 2591 Statim
1508 2535 1711 2607 itaque
1773 2534 2153 2606 imperatoris
2194 2533 2485 2588 mandato

821 2627 1084 2682 Joannes
1171 2627 1620 2682 Cantacuzenus
1714 2622 2025 2695 pincerna,
2087 2639 2157 2678 eo
2216 2627 2484 2694 tempore

823 2714 1103 2771 ducalem
1124 2715 1582 2770 Thracesiorum
1607 2713 2009 2786 principatum
2032 2712 2482 2782 administrans,

823 2805 1092 2870 mittitur,
1127 2804 1189 2860 in
1217 2819 1476 2876 eamque
1515 2804 1824 2873 ingressus
1865 2819 2003 2857 cum
2033 2803 2240 2873 paucis
2271 2802 2482 2858 admo-

820 2895 969 2951 dum
997 2895 1184 2968 copiis
1206 2910 1378 2951 arma
1400 2898 1624 2964 movat,
1649 2893 1997 2966 Oppidaque
2037 2892 2097 2947 in
2119 2908 2190 2947 ea
2231 2891 2480 2947 Philere-

816 3001 989 3041 mum
1029 3001 1099 3041 ac
1154 2985 1380 3040 Lietum
1437 2987 1715 3055 occupat,
1777 2987 1832 3038 et
1872 2987 2000 3036 utut
2039 2986 2288 3053 poterat,
2340 2998 2478 3036 cum

814 3074 1220 3132 Januensibus
1241 3072 1623 3142 conﬂigebat.
1651 3073 1793 3127 Cum
1819 3087 1959 3127 vero
1975 3071 2205 3141 justum
2229 3069 2308 3125 ad
2325 3087 2478 3142 opus

814 3165 1140 3222 exercitum
1197 3164 1522 3236 imperator
1584 3167 2074 3233 transportasset,
2133 3160 2249 3215 illle
2288 3176 2476 3232 prope

813 3260 1082 3311 castrum
1121 3253 1384 3310 tentoriis
1440 3251 1742 3308 collocatis
1766 3251 2124 3319 Januenses,
2167 3249 2271 3305 sed
2310 3249 2474 3305 nullo

2668 1999 2778 2070 μη’.
2842 2001 2986 2052 Κατὰ
3036 2003 3153 2061 τούς
3213 2003 3423 2074 καιροὺς
3475 2002 3526 2036 ³⁵
3581 2005 3799 2066 τούτους
3847 2005 3977 2057 ἑάλω
4016 2013 4104 2059 καὶ
4145 2011 4200 2060 τό

2597 2089 2732 2139 οῖστυ
2791 2097 2886 2149 τῆς
2939 2094 3102 2147 νήσου
3155 2087 3338 2142 Ῥόδου
3392 2092 3492 2142 ύπό
3555 2097 3859 2146 Γεννουίτών
3917 2100 4103 2158 νυκτός
4155 2096 4203 2149 ἐν

2595 2176 2782 2249 κλοπῇ.
2856 2177 2914 2228 Ὀ
2995 2181 3096 2252 γάρ
3184 2187 3384 2252 κρατῶν
3463 2180 3622 2232 αὐτοῦ
3699 2181 3934 2244 Ἰωάννης
3974 2187 3999 2236 6
4040 2186 4206 2238 Γαϐα-

2593 2265 2685 2327 λᾶς
2717 2267 3014 2336 (94),ότού
3060 2273 3324 2341 Καίσαρος
3381 2273 3594 2330 Λέοντος
3652 2279 3743 2323 τοῦ
3794 2272 4005 2324 Γαϐαλᾶ
4059 2272 4206 2327 ἀδελ-

2595 2358 2701 2427 φός,
2752 2357 2778 2407 6
2831 2361 2919 2408 καὶ
2965 2361 3096 2429 μετά
3147 2361 3363 2410 θάνατον
3414 2367 3504 2410 τού
3546 2356 3771 2432 ἀδελφοῦ
3811 2361 3969 2414 αὐτοῦ
4001 2372 4089 2425 τῆς
4118 2371 4204 2424 νή-

2597 2463 2690 2496 σου
2751 2441 3045 2511 δεσπόζων,
3122 2444 3524 2520 ἀποδεδημήκει
3598 2454 3729 2521 μετὰ
3787 2459 3878 2503 τοῦ
3942 2451 4202 2523 βασιλέως

2593 2537 2728 2586 κατά
2795 2555 2893 2587 των
2945 2534 2993 2586 ἄν
3045 2538 3583 2590 Κωνσταντινουπόλει
3649 2542 3966 2612 ὡρμημένων
4028 2549 4196 2596 Λατί-

2591 2643 2707 2694 νων,
2771 2630 2888 2694 περὶ
2955 2627 3020 2676 τὰ
3092 2631 3221 2699 μέρη
3281 2624 3641 2698 Νικομηδείας
3696 2625 3982 2700 διάγοντος.
4034 2632 4198 2693 Εύθός

2591 2720 2677 2764 ουν
2755 2712 3006 2786 βασιλικῇ
3065 2723 3335 2787 προσταγῇ
3386 2715 3646 2768 στὶλλεται
3700 2719 3724 2768 ό
3785 2719 3867 2771 ἐπὶ
3915 2728 4005 2771 τοῦ
4048 2725 4199 2794 κερά-

2591 2819 2786 2873 σματος
2813 2803 3050 2865 Ἰωάννης
3104 2806 3128 2854 6
3182 2805 3612 2866 Καντακουζηνός
3669 2807 3840 2877 (οὗτος
3891 2811 3991 2881 γὰρ
4038 2812 4198 2882 ἔτυχε

2587 2899 2658 2959 τῷ
2713 2896 2826 2943 τότε
2882 2895 2974 2949 τήν
3031 2889 3284 2950 δουκικήν
3319 2902 3418 2944 τῶν
3466 2900 3787 2966 Θρᾳκησίων
3843 2895 4194 2970 ἁνεζωσμένος

2586 2978 2802 3054 ἀρχήν),
2837 2985 2926 3032 καὶ
2988 2981 3219 3039 εἰσῆλθεν
3264 2980 3398 3042 ἐντὸς
3443 2990 3532 3043 τῆς
3583 2988 3746 3040 νήσου
3792 2988 3923 3056 μετά
3973 2992 4195 3061 μετρίων

2584 3078 2733 3120 τινῶν
2780 3066 3076 3142 δυναμένων
3107 3069 3240 3122 ὅπλα
3301 3079 3455 3123 κινεῖν
3489 3114 3501 3137 ,
3536 3078 3625 3124 καὶ
3680 3075 3858 3144 φθάνει
3900 3095 4197 3148 κατασχειν

2583 3160 2649 3210 τὰ
2696 3158 2744 3209 ἐν
2801 3158 2930 3230 αὐτῇ
2993 3163 3234 3234 φρούρια,
3305 3163 3370 3211 τά
3422 3180 3475 3212 τε
3533 3164 3954 3234 ἐπονομαζόμενα
3983 3165 4197 3240 Φιλερη-

2581 3267 2675 3319 μον
2702 3252 2792 3300 καὶ
2825 3251 3020 3305 Ληίτὸν
3050 3253 3107 3300 τὸ
3140 3249 3330 3321 ἕτερον.
3381 3249 3641 3322 Ἐμάχετο
3674 3247 3760 3302 οὖν
3809 3254 3879 3314 ὡς
3929 3249 4042 3324 εἶχε
4099 3251 4196 3306 δυ-

813 3343 1064 3412 damno,
1080 3341 1426 3399 obsidebat:
1445 3355 1708 3412 namque
1731 3339 2029 3395 alimentis
2051 3337 2469 3408 abundabant,
2509 3360 2546 3413 ρ

2430 3344 2469 3408 ι,
2509 3360 2546 3413 C
2580 3340 2773 3409 νάμεως
2829 3346 2936 3398 τοῖς
2987 3340 3325 3399 Γεννουῖταις.
3389 3339 3529 3392 Ἐπεὶ
3599 3337 3657 3392 δὲ
3707 3339 3997 3413 ἀξιόμαχος
4048 3346 4195 3416 παρὰ

813 3438 1126 3506 tanquam,
1145 3432 1250 3503 qui
1273 3429 1640 3486 Rhodiorum
1664 3428 1967 3494 domibus,
1991 3428 2166 3483 bonis
2192 3427 2267 3483 ad
2289 3428 2472 3483 vitam

815 3520 1234 3578 sustinendam
1287 3518 1775 3583 exuberantibus,
1835 3517 2103 3588 eXpilatis
2126 3517 2474 3572 necessaria

813 3612 925 3667 sibi
955 3611 1162 3667 omnia
1184 3610 1261 3666 ad
1293 3611 1478 3664 vitam
1518 3613 2036 3679 comparaverant.
2080 3606 2228 3661 Cum
2261 3623 2470 3662 eorum

811 3715 1056 3773 quoque
1088 3697 1401 3767 uxoribus,
1430 3697 1543 3752 nisi
1562 3696 1762 3753 etfceta
1795 3697 1924 3767 jam
1943 3701 2112 3751 aetate
2140 3701 2240 3751 aut
2273 3696 2469 3767 specie

809 3791 1096 3847 indecora
1119 3788 1425 3862 quaepiam
1443 3787 1670 3857 fuisset,
1702 3803 1854 3859 quas
1885 3785 2110 3858 oppido
2149 3786 2466 3856 ejecerant,

809 3878 1304 3936 consuescebant.
1361 3879 1425 3933 Et
1464 3877 1751 3933 continua
1789 3891 1932 3931 sane
1972 3891 2082 3930 nec
2137 3875 2469 3945 interrupta

808 3969 1200 4027 Cantacuzeni
1215 3965 2151 4038 obsidione,benequeinstructis
2169 3963 2464 4019 machinis

806 4057 1233 4132 etopportunis
1266 4055 1777 4112 dimicationibus.
1821 4054 2160 4110 Rhodiense
2201 4058 2464 4109 castrum

805 4149 919 4206 sub
958 4148 1183 4204 ditione
1224 4151 1634 4203 Romanorum
1674 4143 1794 4216 94
1834 4145 2115 4209 venisset,
2159 4143 2276 4198 nisi
2316 4143 2462 4215 quid

803 4238 919 4296 tale
981 4237 1307 4308 obtigisset.
1365 4235 1605 4292 Achaiae
1665 4241 1721 4290 et
1761 4233 2151 4304 Peloponnesi
2184 4233 2461 4304 princeps

2578 3433 2670 3478 τοῦ
2717 3435 3029 3498 κρατοῦντος
3081 3427 3343 3485 ἀπεστάλη
3385 3431 3551 3500 τούτῳ
3606 3433 3844 3503 στρατός,
3888 3429 4036 3503 ἐγγύς
4088 3452 4189 3485 που

2577 3524 2669 3568 τοῦ
2723 3518 2918 3576 οἰστεως
2971 3515 3261 3588 πηξάμενος
3319 3519 3410 3578 τάς
3471 3519 3669 3580 σκηνὰς
3724 3517 4010 3592 ἐπολιόρκει
4067 3525 4189 3583 τοὺς

2579 3607 2714 3665 ἐντός
2747 3607 3066 3668 Γεννουίτας,
3108 3605 3166 3656 ού
3222 3606 3542 3659 κατεϐλαπτε
3601 3604 3659 3660 δε
3719 3607 3909 3671 αύτούς
3941 3631 3953 3642 ·
3983 3619 4187 3684 τροφῶν

2577 3697 2677 3768 γάρ
2731 3695 2992 3769 ηὐπόρουν
3043 3691 3294 3768 διαρκῶν.
3355 3699 3453 3756 Τὰς
3500 3699 3598 3772 γὰρ
3645 3706 3744 3749 τῶν
3773 3695 3983 3751 Ῥοδίων
4016 3700 4191 3762 οἰκίας

2576 3784 2788 3858 πλήρεις
2847 3785 3069 3858 εὑρόντες
3118 3793 3216 3836 τῶν
3271 3786 3543 3858 ζωαρκῶν,
3601 3783 3813 3850 ούδενὸς
3879 3797 3977 3840 τῶν
4030 3788 4188 3862 ἀναγ-

2575 3879 2734 3925 καίων
2791 3873 3088 3934 ἐσπάνιζον.
3140 3875 3561 3936 Συνεκοιτάξοντο
3609 3873 3666 3928 δὲ
3704 3882 3794 3928 καὶ
3842 3886 3956 3940 ταῖς
3988 3898 4186 3932 τουτων

2574 3963 2831 4033 γυναιξὶν,
2858 3963 2900 4015 εἱ
2945 3969 3015 4034 μή
3078 3983 3195 4014 τινα
3247 3964 3433 4036 ἔξωρον
3487 3964 3649 4016 οὖσαν
3707 3967 3735 4024 ἡ
3797 3970 3854 4018 τὸ
3911 3963 4047 4030 εἶδος
4089 3969 4188 4020 οὐκ

2575 4051 2776 4123 ἀγαθήν
2860 4051 3134 4110 ἀπήλασαν
3190 4052 3307 4114 ἔξω.
3389 4059 3494 4106 Καὶ
3545 4056 3710 4126 τάχος
3736 4058 3826 4126 μεν
3877 4055 3936 4106 ἂν
3988 4059 4046 4108 τὸ
4092 4066 4188 4118 τῆς

2572 4139 2753 4194 Ῥόδου
2810 4143 2945 4193 ᾱίστυ
2999 4144 3099 4194 ὑπὸ
3143 4141 3427 4214 Ῥωμαίους
3480 4143 3674 4215 ἐγένετο
3705 4152 3766 4216 τῇ
3823 4154 4034 4217 συνεχεί
4085 4167 4188 4200 πο-

2572 4231 2779 4306 λιορκίᾴ
2807 4241 2898 4284 του
2929 4233 3364 4292 Καντακουζηνοῡ
3421 4253 3511 4284 και
3569 4241 3682 4296 ταῖς
3714 4234 4038 4307 εύμηχάνοις
4067 4239 4161 4289 τού

873 4365 921 4400 ³⁸
955 4359 1015 4420 ἦν
1041 4358 1104 4440 δὲ.
1130 4362 1294 4414 ἱκείσε
1319 4363 1474 4440 ἡῇτοῦ
1506 4355 2018 4440 Ἀσᾎελδεκαὶςγυνή,
2069 4355 2262 4438 ἀδελφή
2309 4366 2399 4438 τῇς
2458 4353 2742 4430 βασιλίδος
2787 4357 3025 4431 Εἰρήνης,
3085 4354 3337 4410 Εύδοκία.
3368 4359 3393 4408 ό
3425 4389 3492 4397 —
3527 4361 3589 4413 D.
3626 4361 3672 4394 ²⁹
3706 4359 3754 4411 ἐν
3784 4391 3850 4399 -
3882 4362 4018 4413 ἄστυ
4053 4377 4184 4418 om.

804 4439 869 4492 D.
947 4437 996 4469 ⁸ο
1084 4434 1270 4493 ἐκεῖνος
1353 4429 1435 4505 δε]
1505 4434 1530 4484 6
1587 4429 1646 4483 δὲ
1700 4429 2088 4505 βασιλεὺς-ΠΙ).
2154 4429 2496 4505 omissis_ra‘c
2545 4461 2569 4468 -

1170 4442 1270 4493 ἰνος
1353 4429 1435 4505 δε]
1505 4434 1530 4484 6
1587 4429 1646 4483 δὲ
1700 4429 2088 4505 βασιλεὺς-ΠΙ).
2154 4429 2382 4484 omissis
2429 4432 2496 4480 τὰ
2545 4461 2612 4468 -
2664 4429 2929 4505 τοιούτων.

805 4511 869 4564 D.
949 4508 996 4542 ³³
1028 4505 1318 4572 ἀπέστειλε,
1368 4500 1458 4556 κᾶι
1495 4507 1615 4564 τοὺς
1647 4500 1740 4554 σύν
1783 4501 2085 4574 αύτῇάλλά
2132 4531 2199 4539 -
2258 4505 2320 4557 D.
2397 4502 2443 4534 3"
2485 4521 2574 4552 και
2622 4533 2691 4539 —
2731 4500 3032 4573 ἐπικρατείᾳ
3057 4516 3177 4555 om.
3216 4500 3286 4555 ’D.

3010 4430 3056 4463 ³³
3099 4429 3424 4501 ἐχειρώσατο
3491 4438 3644 4482 τοῦτο
3702 4451 3792 4482 και
3844 4438 3937 4490 τήν
3993 4433 4180 4488 αὐτοῦ.

3367 4501 3439 4576 ³⁵-
3474 4503 3663 4574 Caput
3698 4506 3765 4558 48
3812 4504 3926 4576 tale
3950 4506 4184 4576 praebet

803 4582 847 4635 D
883 4596 895 4634 :
926 4583 1052 4632 Τότε
1081 4598 1171 4630 και
1196 4581 1259 4648 τὸ
1286 4571 1421 4628 ἄστυ
1453 4575 1676 4648 ισχυρόν
1706 4571 1897 4626 Ῥόδου
1922 4573 2049 4625 ἑάλω
2072 4575 2170 4624 ύπὸ
2203 4578 2480 4648 Γενουὶτὼν
2508 4573 2694 4644 κλοπῇ.
2760 4573 2818 4624 Ὀ
2839 4571 2939 4645 γὰρ
2992 4571 3194 4648 κρατῶν
3219 4572 3378 4648 ἀὐτὸ
3431 4571 3642 4635 Ἰωάνης
3683 4575 3708 4624 6
3771 4571 4008 4637 Γαϐαλάς
4030 4579 4055 4627 6
4084 4585 4182 4629 τοῦ

806 4657 1072 4723 Καίσαρος
1145 4645 1360 4723 ἁδελφός
1443 4640 1841 4723 ἀπόδεδημὴκει
1913 4647 2042 4723 μετά
2119 4653 2266 4723 τούι-
2298 4643 2557 4723 βασιλέως
2612 4640 2730 4716 περί
2781 4640 3151 4723 ΙκὲιοιοᾎιιιιπξδειανΔ
3207 4640 3497 4714 διάγοντος.
3547 4645 3715 4723 Εύθύς
3768 4646 3854 4698 οὖν
3915 4646 4175 4723 βασιλικῇ

802 4708 1077 4797 προσταγῇ
1133 4708 1399 4797 στέλλεται.
1446 4720 1470 4770 6
1521 4719 1602 4772 ἐπί
1656 4708 1747 4770 τοῦ
1823 4708 2151 4790 κεράσματος
2231 4708 2470 4778 Ἰωάννης
2510 4718 2534 4767 ό
2589 4708 3018 4778 Καντακουζηνός
3099 4720 3192 4774 τήν
3247 4708 3562 4789 Θρακησίων
3621 4708 3923 4789 ιὶξωσμενος¹
3972 4708 4174 4791 ἀρχήέ,

801 4787 892 4847 κάι
922 4787 1128 4852 εισήλθε
1149 4798 1241 4850 τήν
1267 4791 1472 4850 εἰσῆλθε
1504 4796 1595 4849 τήν
1616 4798 1674 4849 νῆ
1687 4809 1794 4855 σον,
1829 4809 1917 4841 και
1947 4787 2179 4862 κατέσχε
2211 4791 2452 4861 φρούριον
2481 4791 2675 4850 ταύτης
2719 4788 3093 4860 ὀνομαζόμενον
3126 4787 3433 4862 Φιλέρημονς
3463 4808 3552 4839 και
3599 4787 3828 4862 ἐμάχετο
3856 4787 4172 4853 Γενουίταιςέ

800 4867 966 4938 Ελγύς
989 4863 1046 4917 δὲ
1074 4873 1165 4918 τοῦ
1186 4867 1382 4923 ἄστεως
1413 4863 1706 4935 πηξάμενος
1733 4865 1822 4913 τά5
1851 4866 2040 4921 σκηνὰς
2069 4857 2357 4933 ἐπολιόρκει
2384 4864 2499 4920 τοὺς
2523 4857 2954 4938 ΓενουίταςίΚαιί
2985 4863 3154 4931 τάχος
3199 4857 3290 4932 μὶν
3314 4857 3322 4860 ’
3342 4859 3401 4910 ἂν
3425 4863 3481 4911 τό
3533 4857 3630 4921 τῆς
3669 4857 3850 4913 Ῥόδου
3883 4863 4020 4914 ἄστυ
4070 4866 4175 4916 ὑπὸ

796 4928 1302 5010 Ῥωμαίων-ἐγένετο.
1337 4936 1393 4989 Εἰ
1450 4941 1519 5010 μή
1556 4928 1966 5010 δτῆς-Ἀχαίας
2000 4953 2097 5010 Δκαι
2144 4928 2371 5010 Πέλοπος
2404 4931 2646 5010 πρίγγιψ
2700 4928 3012 5010 βαλδουῖνος
3053 4928 3137 5010 ἐἰς
3200 4928 3389 5010 Συρίαν
3441 4931 3641 5010 ἐπάγων
3699 4939 4015 5010 συμμαχίαν
4080 4955 4178 4987 και

795 5001 1010 5072 ὁπλίτας
1033 5001 1170 5082 εἶχεν
1197 5011 1414 5067 ἱππότας
1445 5001 1672 5058 κάκεῖθει
1704 5001 1855 5060 διιὼν
1890 5007 2154 5082 συνθήκας
2202 5007 2331 5076 μετά
2377 5001 2654 5082 Γενουιτῶν
2703 5007 2918 5082 ἐποίησε
2948 5024 3029 5055 κοι
3068 5001 3279 5076 ἀφῆκεν
3309 5003 3488 5065 αὐτοῖς
3531 5001 3722 5066 ἄνκοας
3768 5001 3969 5076 ἕκατον,
3997 5007 4021 5058 ὁ
4051 5011 4177 5070 τοὺς

790 5073 1332 5155 Ῥωμαίους”ἔπεισεν
1379 5081 1735 5151 ὑποχωρῆσαι
1799 5078 1863 5136 εἰς
1917 5082 1975 5130 τό
2026 5073 2329 5155 φιλέρημον.
2379 5076 2698 5149 Ἐξήρχοντο
2742 5073 2829 5127 οὖν
2875 5079 2923 5155 qi
2969 5083 3057 5127 του
3110 5073 3400 5149 πρίιγιπος
3452 5077 3646 5143 ἱππεῖς,
3697 5097 3788 5128 και
3841 5073 4175 5152 τήν⁷χωραν

789 5144 1079 5218 ἐληίζοντο,
1130 5173 1220 5205 και
1281 5144 1619 5204 σπάνιν”τά›ν
1673 5149 1966 5220 ἀναγκαίων
2028 5144 2302 5219 Ῥωμαίοις
2337 5144 2574 5200 ἐποίούνῨ
2612 5147 2666 5199 Ὀ
2715 5151 2804 5219 μὲν
2855 5144 2940 5198 οὖν
2985 5144 3258 5220 βασιλεύς
3301 5148 3536 5209 Ἰωήννης
3585 5152 3642 5200 τὸ
3688 5144 4175 5221 Νύμφαιοίκάτα-

784 5226 970 5290 λαϐὼν,
1024 5246 1114 5277 και
1165 5225 1343 5276 στόλον
1405 5217 1863 5294 συσκευασάμενος
1916 5242 2004 5273 και
2046 5217 2382 5294 τριακοσίους
2437 5223 2630 5285 ἱππεῖς,
2674 5217 2763 5271 και
2810 5217 2936 5280 δούς
2985 5217 3174 5279 ἀὐτοῖς
3227 5223 3523 5294 στρατηγὸν
3579 5224 3664 5272 τόν
3730 5217 4170 5294 Κόντοστέφανον,

786 5239 970 5290 λαϐὼν,
1024 5246 1114 5277 και
1165 5241 1343 5276 στοΑον
1405 5241 1863 5300 συσκευασάμενος
1916 5242 2004 5273 και
2046 5240 2382 5294 τριακοσίους
2437 5240 2630 5285 ιππεις,
2674 5240 2763 5271 και
2810 5239 2936 5280 σους
3002 5239 3174 5279 αυτοις
3227 5239 3288 5271 στ
3329 5239 3523 5290 ατηγον
3579 5240 3664 5272 τον
3733 5239 4170 5294 ιιοντοστεφανον,

782 5302 870 5350 τόν
901 5295 1337 5372 πρωτοσεϐαστόν
1365 5293 1633 5372 Θεόδωρον
1650 5293 2019 5356 ,εξαπέστειλον
2048 5311 2058 5321 ⁸
2088 5293 2143 5372 οξ
2163 5300 2222 5364 τῇ
2254 5298 2396 5362 νήσῳ
2424 5292 2646 5372 ἐπιόντες
2677 5312 2766 5372 και
2813 5296 2933 5352 τοὺς
2961 5296 3219 5372 Λατίνους
3267 5239 3362 5372 ἔξω
3397 5291 3776 5355 καταλαϐόντες
3805 5295 3938 5369 ἀρην
3970 5297 4182 5358 πάντας

784 5361 993 5434 σπάθης
1025 5374 1172 5448 ἔργον
1204 5369 1474 5434 ἐποίησαν.
1511 5361 1576 5420 Οἱ
1603 5364 1661 5420 δὲ
1681 5372 1946 5419 Γωουὶται
1976 5361 2287 5439 παρέδωκαν
2319 5361 2376 5415 τό
2409 5365 2546 5416 οῖστυ
2578 5383 2667 5415 και
2699 5363 2849 5416 αύτοί
2878 5368 3006 5438 πρὸς
3035 5361 3261 5436 βασιλέα
3283 5363 3552 5436 ἀφίκοντο.

1655 5508 1998 5577 Theodori
2051 5509 2301 5576 Dousae
2351 5517 2417 5574 et
2464 5506 2719 5575 Leonis
2768 5505 3007 5574 Allatii
3057 5516 3260 5575 notae.

2548 5651 2679 5708 dice
2725 5651 3102 5724 legendumé
3134 5649 3350 5719 Γλάϐας,
3404 5652 3488 5710 uti
3539 5667 3682 5711 mox
3733 5652 3892 5713 infra
3941 5653 4172 5714 diserte

777 5679 830 5719 v.
861 5662 947 5730 58,
982 5659 1056 5717 de
1084 5655 1522 5728 signiﬁcatione
1541 5655 1726 5727 hujus
1766 5654 2048 5730 nominis.
2082 5656 2216 5730 AL_L.

2547 5725 2948 5797 perscriptum
2980 5728 3088 5782 est.
3126 5727 3332 5782 Dousa.

853 5726 970 5807 (94)
1008 5732 1066 5786 ’0
1118 5726 1376 5794 faéala’zg.
1431 5726 1825 5803 Repugnante
1876 5727 2014 5786 licet
2069 5726 2292 5799 scripto
2342 5740 2436 5782 co-
