4470 6452
811 378 945 435 H03

2159 369 2442 426 GEORGII
2470 367 2931 425 ACROPOLITIE

4030 378 4161 434 1104

806 501 1082 559 Michaele
1121 501 1317 558 foedus
1348 502 1472 568 init,
1497 505 1554 557 et
1591 498 1894 556 afﬁnitatis
1925 495 2260 563 cognitione
2322 510 2458 549 con-
2489 492 2532 543 Α
2569 523 2571 532 ‹

2396 510 2458 548 n-
2489 492 2532 543 Α
2569 489 2828 545 δεσπότου
2860 497 2973 566 (96)
3001 495 3222 565 Μιχαὴλ
3255 497 3514 557 συνθήκας
3544 517 3596 550 τε
3637 505 3886 556 πεποίηκε
3950 506 4038 552 καὶ
4092 501 4159 561 εἰς

801 591 1094 661 jungitur.
1126 593 1396 662 Namque
1427 590 1722 645 Michaelis
1737 587 1857 642 ﬁlio
1881 584 2215 656 Nicephoro
2238 583 2339 637 ﬁlii
2369 583 2458 636 sui

802 678 1181 749 imperatoris
1206 679 1498 734 Theodori
1539 677 1726 732 ﬁliam
1773 675 2013 731 Mariam
2073 671 2458 727 matrimonio

805 766 1048 839 copulat
1069 784 1342 840 uxorque
1375 767 1532 824 illius
1562 765 1870 822 Theodora
1892 762 2290 833 Nicephorum
2337 775 2458 814 una

803 871 1007 912 secum
1029 857 1088 912 in
1109 857 1407 913 Orientem
1440 860 1731 928 asportat,
1754 858 1809 909 et
1835 854 1990 908 circa
2021 854 2310 920 Pegarum
2327 849 2458 904 loca

799 945 1229 1017 imperatorem
1261 947 1582 1017 degentem
1639 943 1985 1014 alloquitur.
2057 941 2146 997 Sic
2195 940 2457 995 ﬁliorum

803 1035 1113 1108 sponsalia
1173 1037 1494 1092 constituta
1543 1040 1701 1091 sunt.
1755 1034 1898 1088 Dein
1963 1030 2273 1087 Theodora
2318 1045 2457 1084 cum

801 1124 944 1192 ﬁlio,
978 1141 1099 1181 non
1128 1126 1256 1182 sine
1298 1125 1514 1182 debitis
1543 1123 1937 1184 humanitatis
1971 1121 2180 1177 ofﬁciis
2225 1120 2304 1176 ab
2352 1120 2456 1174 im-

801 1219 1074 1286 peratore
1103 1216 1222 1287 96
1245 1215 1478 1288 utrique
1495 1212 1885 1279 exhibitis,ad
1901 1211 2181 1267 maritum
2211 1210 2456 1266 Michae-

801 1301 917 1358 lem
931 1304 1171 1359 domum
1187 1304 1512 1360 revertitur.
1534 1307 1803 1358 Attamen
1818 1301 2136 1374 proverbio
2148 1300 2455 1369 vulgatum

801 1392 861 1447 in
885 1393 1226 1448 Michaelem
1247 1409 1491 1466 quoque
1529 1408 1640 1447 nec
1669 1392 1972 1463 incompte
2001 1389 2201 1444 locum
2233 1388 2455 1444 habere

803 1489 1181 1553 compertum
1205 1486 1311 1537 est:
1326 1481 1556 1551 lignum
1573 1497 1823 1536 curvum
1846 1494 2182 1550 numquam
2202 1484 2450 1549 rectum,

801 1585 913 1626 nec
937 1570 1201 1643 Ethiops
1225 1571 1525 1626 albescere
1548 1571 1674 1636 scit;
1696 1570 1920 1642 quippe
1944 1568 2021 1624 ab
2073 1569 2454 1639 imperatore,

802 1659 1051 1716 consilio
1071 1660 1265 1732 patrui
1289 1660 1375 1714 sui
1414 1660 1620 1728 Angeli
1666 1657 1959 1714 Theodori
2008 1675 2174 1724 usus,
2220 1658 2452 1714 defecit.

803 1748 972 1814 Quod
1005 1765 1142 1804 cum
1165 1749 1550 1804 intellexisset
1577 1748 1922 1820 imperator,
1958 1752 2013 1802 et
2051 1764 2261 1802 eorum
2320 1763 2456 1802 con-

804 1837 1183 1910 spirationem
1201 1839 1556 1900 rescivisset,
1574 1837 1808 1909 sibique
1821 1836 2196 1909 postholim
2216 1842 2454 1908 captam
2487 1832 2526 1886 Β

801 1928 1000 1984 nullos
1027 1928 1177 1984 alios
1205 1932 1418 2000 praeter
1438 1928 1551 1984 hos
1583 1927 2237 1983 adversariosinfensos
2264 1927 2456 1983 existi-

798 2023 1010 2083 maret,
1039 2023 1095 2073 et
1124 2033 1273 2089 pace
1294 2017 1724 2074 Musulmanica
1753 2017 2064 2086 frueretur,
2104 2021 2159 2071 et
2203 2021 2454 2072 conatus

800 2105 1195 2176 Bulgarorum
1227 2107 1623 2178 quiescerent,
1659 2121 1769 2177 pro
1810 2106 2099 2176 dignitate
2152 2106 2256 2171 rei,
2303 2111 2358 2161 et
2393 2110 2456 2162 ut

795 2195 877 2251 ita
902 2195 1120 2260 dicam,
1141 2199 1438 2268 apparatu
1469 2196 1657 2265 regio,
1685 2194 1906 2250 militiis
1930 2193 2210 2250 omnibus
2234 2195 2314 2250 uti
2347 2210 2456 2266 par

799 2290 921 2342 erat
952 2286 1302 2358 compositis
1335 2286 1786 2357 Hellespontum
1815 2285 2041 2351 transit,
2087 2301 2291 2340 secum
2333 2284 2454 2357 ple-

795 2374 996 2448 risque
1027 2374 1281 2430 militum
1315 2374 1574 2430 ducibus
1614 2374 1948 2430 conductis.
1991 2375 2146 2429 Inter
2196 2391 2298 2430 eos
2360 2391 2455 2430 ac-

797 2463 1198 2520 censebantur
1298 2464 1665 2536 Nicephorus
1755 2463 2150 2520 Tarcbaniota
2224 2480 2452 2519 mensae

795 2551 1112 2625 praefectus
1145 2557 1202 2609 et
1233 2555 1393 2609 vices
1421 2553 1626 2624 magni
1652 2553 1963 2609 domestici
1997 2568 2230 2623 gerens,
2282 2555 2453 2625 cujus

793 2643 1066 2698 moribus
1095 2643 1444 2715 imperator,
1471 2643 1583 2698 sibi
1623 2659 1827 2699 amore
1889 2643 2451 2713 conjunctissimum

787 2731 1088 2802 judicans,
1116 2732 1556 2805 acquiescebat,
1603 2733 1690 2787 vir
1732 2734 1793 2787 in
1838 2733 2182 2788 exercendis
2229 2733 2450 2789 militias

791 2822 1080 2891 numeris,
1109 2827 1172 2877 ut
1201 2822 1608 2894 experimento
1651 2828 1860 2895 postea
1913 2822 2283 2894 deprensum
2337 2828 2446 2892 est,

787 2911 1308 2984 praetantissimus.
1366 2911 1461 2966 llle
1513 2928 1575 2968 se
1637 2911 2126 2967 Thessalonicam
2178 2912 2444 2982 contulit,

788 3001 902 3073 97
967 3001 1107 3056 inde
1168 3000 1394 3057 collatis
1453 3002 1640 3070 signis
1697 3002 1862 3074 apud
1921 3001 2192 3058 Bodenos
2251 3007 2447 3059 castra

787 3089 1021 3146 locavit.
1060 3092 1274 3145 Verum
1300 3090 1562 3160 Angelus
1595 3090 1938 3146 Theodorus
1972 3091 2227 3146 Bodenis
2280 3091 2445 3163 prius

788 3194 1103 3249 emergens
1153 3183 1436 3251 nepotem
1503 3195 1679 3234 suum
1730 3179 2071 3235 Michaelem
2127 3180 2442 3252 despotam
2475 3185 2514 3238 (ὲ

785 3267 929 3323 adit.
994 3271 1323 3340 imperator
1382 3267 1777 3324 nihilominus
1861 3268 2178 3324 obsidione
2263 3270 2446 3338 cingit

785 3357 1080 3423 Bodenos,
1123 3373 1234 3412 nec
1276 3357 1534 3413 multum
1586 3362 1723 3429 post
1782 3362 2016 3429 tempus
2066 3363 2326 3414 castrum
2383 3359 2442 3413 in

783 3445 1072 3502 ditionem
1103 3446 1333 3517 recipit.
1376 3445 1524 3501 Hine
1557 3446 1890 3501 abscedens
1922 3447 1981 3502 in
2013 3447 2145 3503 loco
2171 3447 2442 3520 quodam

786 3535 1020 3591 Ostrobi
1047 3534 1201 3591 laeui
1237 3535 1514 3606 proximo
1545 3535 1937 3590 tabernacula
1975 3536 2121 3606 ﬁgit.
2182 3536 2441 3608 indeque

783 3623 968 3679 duces
985 3622 1240 3679 militum
1267 3624 1538 3678 Alexium
1569 3625 2069 3696 Strategopulum,
2099 3625 2440 3682 Michaelem

782 3711 1187 3781 Palazologum
1241 3711 1449 3782 magni
1506 3711 1819 3768 domestici
1866 3712 2075 3780 ﬁlium,
2144 3714 2438 3768 Joannem

779 3802 1142 3868 Macrenum,
1193 3801 1481 3856 Gudelem
1545 3806 1893 3872 tyrannum.
1931 3803 2202 3874 aliosque
2252 3804 2311 3857 in
2345 3804 2434 3859 Mi-

777 3891 1002 3947 chaelis
1023 3891 1291 3963 despotas
1321 3890 1456 3947 loca
1516 3891 1788 3963 subjecta
1838 3892 2031 3959 mittit,
2057 3899 2117 3949 ut
2165 3893 2435 3949 fortunas

774 3981 1252 4054 uniuscujusque
1275 3982 1619 4053 diriperent,
1637 3983 1894 4038 etsicubi
1932 3985 2257 4040 exercitum
2277 3984 2433 4040 illius

772 4069 1162 4142 oﬂenderent,
1200 4072 1478 4142 pugnain
1494 4088 1636 4127 eum
1665 4072 2103 4140 inveherentur,
2123 4079 2178 4129 et
2225 4075 2271 4129 si
2303 4091 2432 4130 sese

770 4159 1012 4216 ofierret
1048 4160 1307 4227 occasio,
1363 4176 1562 4216 arcem
1613 4162 1791 4216 etiam
1842 4169 2275 4233 expugnarent.
2339 4165 2431 4220 Sic

767 4249 850 4304 illi
886 4249 1320 4306 exhauriebant
1345 4252 1551 4306 omnia
1568 4267 1637 4307 ac
1660 4252 2186 4324 depopulabantur
2209 4259 2264 4310 et
2291 4261 2426 4311 ante

763 4338 1145 4411 imperatoris
1198 4341 1520 4397 tentorium
1569 4340 1937 4398 deferebant.
1983 4343 2312 4415 Imperator
2362 4345 2425 4400 in

763 4429 996 4485 Ostrobi
1024 4429 1170 4485 locis
1197 4435 1590 4498 remanserat,
1626 4429 2126 4504 afﬂigebaturque
2165 4434 2421 4503 animos,

2567 579 2762 642 κήδους
2788 588 3054 634 κοινωνίαν
3087 587 3324 642 συνῆλθε·
3360 589 3444 636 τὸν
3488 588 3588 658 γάρ
3636 595 3725 639 τοῦ
3781 589 4002 659 Μιχαὴλ
4053 593 4159 641 υἱόν

2567 677 2860 744 Νικηφόρον
2890 672 2970 723 ἐπὶ
3097 675 3317 747 θυγατρὶ
3356 682 3444 725 τοῦ
3504 678 3620 726 υἱοῦ
3684 676 3842 728 αὐτοῦ
3903 676 4161 750 βασιλέως

2570 757 2845 832 Θεοδώρου
2867 769 2925 832 τῇ
2957 765 3135 835 Μαρίᾳ
3163 761 3398 836 γαμϐρόν
3439 763 3684 834 ἠγάγετο.
3745 766 3843 817 Καὶ
3892 767 3920 822 ῆ
3978 770 4159 818 τούτου

2567 854 2764 921 γαμετὴ
2826 847 3077 922 Θεοδώρα
3125 855 3212 902 τόν
3263 858 3561 924 Νικηφόρον
3616 854 3727 926 μεθ’
3802 855 3990 918 ἑαυτῆς
4074 857 4161 908 λα·

2569 937 2737 990 ϐοῡσα
2764 939 2832 1000 εἰς
2871 945 2963 997 τήν
3022 943 3084 991 ἕω
3143 937 3560 1014 διαπεραιοῦται,
3608 947 3697 995 xui
3741 949 3858 1018 περὶ
3911 948 3976 997 τά
4031 951 4157 1022 μέρη

2567 1035 2665 1078 τῶν
2698 1034 2885 1098 Πηγῶν
2916 1036 2988 1098 τῷ
3039 1026 3250 1101 βασιλεῖ
3307 1027 3545 1102 διάγοντι
3597 1031 3923 1104 ἐντυγχάνει,
3980 1041 4069 1086 καὶ
4128 1037 4156 1094 ἠ

2567 1124 2665 1167 τῶν
2723 1113 2928 1169 παίδων
2971 1124 3225 1190 μνηστεία
3282 1124 3573 1190 γεγένηται.
3644 1127 3742 1174 Καὶ
3813 1124 3842 1180 ἠ
3914 1121 4163 1196 Θεοδώρα

2568 1201 2714 1266 αὖθις
2755 1211 2843 1259 τὸν
2895 1208 3056 1269 αὐτῆς
3115 1211 3225 1261 υἱὸν
3283 1209 3519 1262 λαϐοῦσα
3589 1208 3771 1264 οἶκαδε
3847 1214 4161 1286 ὑπεχώρησε

2566 1297 2709 1366 παρὰ
2729 1298 2815 1347 τόν
2858 1296 3021 1358 αὐτῆς
3074 1298 3303 1369 σύζυγον
3354 1299 3597 1370 Μιχαὴλ,
3652 1304 4021 1375 προσηκόντως
4085 1306 4161 1375 φὶ-

2565 1382 2958 1456 λοφρονηθέντες
3005 1389 3149 1459 παρά
3203 1394 3293 1439 τοῦ
3339 1385 3618 1459 βασιλέως.
3699 1389 3854 1440 Ἀλλά
3924 1394 3982 1442 τό
4067 1401 4160 1455 τῆς

2570 1477 2848 1544 παροιμίας
2899 1472 3028 1526 κάπὶ
3073 1483 3144 1545 τῷ
3207 1475 3430 1546 Μιχαὴλ
3506 1475 3842 1533 ἐπαληθεύειν
3911 1479 4156 1552 ἐφαίνετο·

2573 1559 2808 1631 στρεϐλόν
2838 1560 2984 1622 ξύλον
3016 1562 3193 1614 οὔποτ’
3228 1562 3400 1634 ὀρθόν,
3445 1568 3534 1614 καὶ
3586 1565 3611 1614 ό
3661 1564 3851 1636 Αἰθίοψ
3910 1567 4004 1618 οὐκ
4053 1566 4161 1620 οἶδε

2567 1648 2948 1705 λευκαίνεσθαι.
3001 1651 3089 1711 Εἰς
3146 1651 3478 1704 ἀποστασίαν
3546 1655 3647 1726 γὰρ
3733 1662 3824 1705 τοῦ
3907 1653 4163 1728 βασιλέως

2569 1737 2862 1812 ἐφώρμησε,
2908 1740 3184 1813 συμϐούλῳ
3231 1747 3350 1816 περὶ
3399 1746 3493 1800 τήν
3542 1743 3739 1814 σκῆψιν
3783 1753 3852 1814 τῷ
3904 1746 4020 1816 θείῳ
4078 1747 4164 1797 αύ-

2568 1837 2658 1880 τοῡ
2685 1837 2757 1880 τῶ
2801 1830 3026 1902 Ἀγγέλῳ
3077 1828 3336 1904 Θεοδώρῳ
3381 1833 3741 1904 χρησάμενος.
3799 1832 3858 1888 Ὀ
3907 1842 4030 1904 γοῦν
4071 1834 4165 1907 βα-

2571 1917 2743 1980 σιλεὺς
2790 1919 3027 1982 Ἰωάννης
3074 1929 3240 1972 ταῦτα
3290 1924 3439 1991 γνούς
3472 1926 3560 1973 καὶ
3619 1925 3714 1979 τὴν
3767 1921 3933 1974 αὐτῶν
4003 1943 4164 1975 συνω-

2566 2014 2757 2079 μοσίαν
2807 2010 3142 2082 μεμαθηκώς,
3199 2010 3291 2062 οὐκ
3349 2009 3535 2072 ἄλλους
3609 2011 3840 2085 οἰόμενος
3907 2010 4163 2077 ἐναντίους

2567 2097 2694 2150 εἶναι
2718 2097 2849 2170 μετά
2878 2108 2972 2160 τῆς
3027 2104 3416 2153 Κωνσταντίνου
3455 2101 3649 2153 ἅλωσιν
3680 2099 3791 2153 ἀλλ’
3837 2102 3865 2160 ἢ
3926 2106 4160 2171 τούτους,

2567 2184 2746 2246 ἐπειδή
2804 2193 2893 2240 καὶ
2938 2187 3226 2261 ἐκεχειρίαν
3294 2186 3416 2261 ἦγεν
3473 2188 3574 2243 ἀπὸ
3640 2199 3732 2243 τοῦ
3805 2195 3994 2266 μέρους
4065 2202 4163 2245 τῶν

2566 2277 3010 2350 Μουσουλμάνων,
3061 2280 3283 2352 ἠρέμουν
3334 2279 3410 2350 [Ρ.
3459 2280 3549 2350 49]
3599 2276 3657 2332 δὲ
3702 2285 3792 2332 καὶ
3841 2284 3906 2334 τά
3956 2281 4010 2334 ἐκ
4065 2291 4162 2334 τῶν

2567 2367 2887 2441 Βουλγάρων,
2955 2367 3262 2441 ἀξιομάχως
3324 2374 3413 2421 καὶ
3490 2372 3558 2432 ὡς
3633 2373 3789 2423 εἰπεῖν
3870 2369 4164 2443 βασιλικῶς

2563 2461 3116 2530 παρασκευασάμενος,
3197 2464 3282 2511 xui
3351 2461 3443 2520 τάς
3503 2456 3748 2531 δυνάμεις
3807 2461 4019 2522 ἁπάσας
4094 2466 4163 2524 ὡς

2564 2542 2671 2598 ἔδει
2704 2548 2958 2610 συντάξας
2999 2545 3397 2622 διαπεραιοῦται
3449 2553 3535 2601 τὸν
3584 2549 3976 2618 Ἑλλήσποντον,
4031 2552 4161 2604 πολ-

2563 2634 2683 2698 λούς
2712 2643 2801 2710 μὲν
2832 2644 2921 2690 καὶ
2958 2638 3145 2700 ἄλλους
3202 2640 3338 2710 ἔχων
3393 2641 3744 2714 στρατηγοὺς,
3789 2644 3874 2692 τόν
3927 2637 3984 2693 δὲ
4031 2648 4163 2715 Ταρ-

2561 2734 2854 2800 χανειώτην
2893 2733 3188 2801 Νικηφόρον
3243 2732 3330 2780 τόν
3399 2727 3482 2780 ἐπὶ
3533 2739 3626 2791 τῆς
3682 2730 3948 2802 τραπέζης
4001 2730 4162 2783 αὐτοῦ

2561 2817 2665 2870 οἷον
2707 2821 2772 2869 τὰ
2841 2826 2930 2871 τοῦ
3010 2817 3232 2889 μεγάλου
3317 2814 3633 2890 δομεστίκου
3721 2815 4158 2894 διεκπληροῦντα.

2559 2911 2938 2960 Ἐπανεπαύετο
2972 2903 3030 2959 δὲ
3057 2914 3165 2968 τοῖς
3209 2907 3368 2958 αὑτοῦ
3413 2906 3586 2975 ἤθεσι,
3636 2913 3725 2960 xui
3779 2908 3955 2960 εὖνουν
4006 2912 4161 2962 αὔτόν

2557 2995 2815 3068 ἐλογίζετο
2847 2996 2941 3048 κάν
2983 3005 3096 3058 ταῖς
3154 3002 3500 3072 στρατηγίαις
3545 3000 3614 3058 ὡς
3665 2999 3693 3055 ή
3765 3005 3920 3072 πεῖρα
3961 3018 4160 3074 μεμαρ-

2555 3090 2767 3160 τύρηκε,
2819 3083 3155 3149 δεξιώτατον.
3215 3085 3525 3138 Καταλαϐών
3577 3095 3703 3158 γοῦν
3749 3091 3840 3146 τὴν
3893 3089 4160 3141 Θεσσαλο-

2554 3183 2700 3234 νίκην
2741 3179 2975 3229 κάκεῖθεν
3026 3179 3118 3238 τὰς
3175 3173 3426 3248 δυνάμεις
3481 3175 3686 3251 ἀπάρας
3735 3175 3782 3228 ἐν
3833 3185 3941 3240 τοῖς
3994 3174 4156 3235 Βοδη-

3910 3265 4159 3338 Ἀγγελος

2555 3355 2828 3429 Θεόδωρος
2878 3355 2931 3420 ἐξ
2979 3356 3148 3408 αὐτῶν
3206 3352 3501 3428 ἀποδρᾶναι
3556 3361 3645 3408 καὶ
3688 3355 3755 3417 εἰς
3810 3359 3898 3408 τὸν
3950 3355 4159 3428 ἀνεψιὸν

2554 3275 2655 3328 νοῖς
2739 3262 3272 3341 ἐστρατοπεδεύσατο,
3343 3267 3576 3337 Πέφθακε
3650 3262 3709 3318 δε
3792 3268 3818 3318 ό

2554 3448 2714 3499 αὑτοῦ
2758 3451 2842 3499 τόν
2904 3443 3167 3503 δεσπότην
3224 3444 3448 3517 Μιχαὴλ
3503 3444 3759 3504 ἀπελθεῖν,
3813 3450 3871 3499 “Ο
3923 3449 4013 3519 μεν
4067 3444 4156 3499 οὖν

2554 3535 2807 3609 βασιλεὺς
2837 3532 2903 3596 εἷς
2957 3535 3259 3610 πολιορκίαν
3319 3543 3417 3587 τῶν
3470 3532 3710 3593 Βοδηνῶν
3772 3538 4042 3598 καταστὰς
4107 3535 4156 3588 ἐν

2552 3627 2610 3678 ού
2638 3626 2808 3697 πολλῷ
2839 3630 3016 3698 χρόνῳ
3045 3629 3101 3677 τὸ
3132 3634 3231 3677 τῶν
3264 3620 3502 3682 Βοδηνῶν
3551 3630 3925 3699 παρεστήσατο
3992 3628 4151 3682 ἄστυ.

2554 3715 2798 3768 Κάκεῖθεν
2849 3714 3053 3788 ἀπάρας
3099 3717 3146 3766 ἓν
3201 3734 3303 3766 τινι
3360 3719 3502 3786 τόπῳ
3547 3722 3608 3787 τῇ
3692 3723 3784 3767 τοῦ
3862 3715 4156 3790 Ὀστροϐου

2549 3805 2813 3878 ἐγγίζοντι
2864 3805 3016 3878 λίμνῃ
3071 3803 3296 3867 ἐπήξατο
3333 3808 3421 3865 τὰς
3481 3807 3696 3867 σκηνάς.
3783 3810 3882 3859 Καὶ
3967 3804 4155 3868 ἐξαπο-

2553 3896 2744 3948 στελλει
2788 3898 3116 3970 στρατηγούς
3163 3896 3298 3946 κατὰ
3344 3903 3444 3946 τῶν
3496 3901 3688 3970 χώρων
3746 3903 3838 3948 τοῦ
3888 3891 4151 3948 δεσπότου

2545 3985 2768 4057 Μιχαὴλ
2812 3990 2869 4038 τό
2914 4005 2966 4037 τε
3023 3983 3483 4056 Στρατηγόπουλον
3551 3984 3794 4053 Ἀλέξων,
3874 3989 3958 4037 τόν
4043 3992 4152 4038 Πα-

2545 4075 2816 4146 λαιολόγον
2845 4073 3069 4146 Μιχαήλ
3095 4077 3183 4126 τὸν
3219 4081 3310 4126 τοῦ
3359 4073 3586 4146 μεγάλου
3641 4071 3959 4146 δομεστίκου
4012 4077 4145 4139 υἱὸν,

2542 4169 2751 4216 καὶτὸν
2811 4167 3088 4238 Μακρηνόν
3141 4164 3403 4229 Ἰωάννην,
3461 4166 3545 4214 τόν
3590 4165 3834 4236 τύραννον
3889 4161 4149 4224 Γουδέλην

2540 4260 2629 4307 καὶ
2655 4255 2876 4329 ἐτέρους,
2930 4255 3012 4306 ἵνα
3059 4273 3112 4306 τε
3168 4254 3431 4316 ληίζοιντο
3495 4255 3560 4306 τὰ
3591 4253 3759 4330 πέριξ,
3806 4260 3894 4307 καὶ
3949 4274 4049 4308 που
4104 4255 4148 4308 εἰ

2537 4347 2750 4416 τύχοιεν
2779 4350 2867 4396 καὶ
2911 4346 3277 4417 στρατεύματα
3325 4343 3507 4410 αὐτοῦ,
3563 4343 3630 4403 εἰς
3682 4346 3867 4416 μάχην
3890 4344 4003 4397 κατ’
4056 4344 4146 4397 αύ-

2537 4442 2628 4486 του
2652 4441 2978 4507 χωρήσαιεν,
3005 4438 3094 4485 xui
3133 4437 3273 4507 εἰπερ
3302 4433 3570 4508 εὐχέρειαν
3622 4441 3825 4505 σχοῖεν,
3878 4439 3968 4486 καὶ
4006 4436 4142 4487 ἄστυ

758 4519 924 4589 quod
961 4518 1107 4574 nihil
1138 4519 1390 4590 dignum
1430 4519 1556 4591 ipse
1600 4522 2044 4591 exspectatione
2100 4523 2418 4579 hominum
2454 4541 2496 4597 ο

2373 4541 2418 4579 11
2454 4541 2496 4597 ο
2538 4525 2876 4598 πορθήσαιεν.
2933 4527 3033 4576 Καὶ
3082 4523 3245 4584 οὕτως
3317 4525 3406 4594 μεν
3490 4521 3672 4575 ἐκεῖνοι
3761 4521 3988 4592 ἐποίουν,
4048 4527 4138 4576 καὶ

755 4608 1103 4680 peregisset.
1139 4611 1340 4680 Neque
1367 4609 1566 4665 minus
1602 4610 1895 4664 exercitus
1961 4627 2116 4682 aegre
2166 4612 2414 4682 ferebat,

2377 4619 2414 4682 t,
2533 4623 2760 4687 προῆγον
2805 4622 2899 4674 τῆς
2945 4620 3036 4664 τοῦ
3096 4611 3358 4685 βασιλέως
3411 4619 3608 4674 σκηνῆς
3658 4614 3968 4687 ἔμπροσθεν·
4015 4614 4039 4664 ό
4084 4608 4141 4666 δε

755 4696 980 4769 quippe
1013 4701 1364 4769 tempestate
1391 4697 1645 4753 hiberna
1677 4697 2072 4755 discruciatus
2103 4703 2300 4770 magis
2347 4719 2417 4759 ae

2371 4719 2417 4759 lc
2532 4702 2784 4776 βασιλεὺς
2838 4707 3238 4777 προσεκαρτέρει
3279 4711 3387 4764 τοῖς
3427 4710 3520 4754 τοῦ
3575 4702 3866 4776 Ὀστροϐοῡ
3933 4705 4136 4769 τόποις,

749 4787 948 4855 magis
978 4789 1460 4843 necessariorum
1488 4788 1693 4860 inopia
1714 4788 2053 4848 laborabat.
2083 4792 2414 4864 Imperator

2373 4812 2414 4850 »Γ
2528 4799 2618 4845 καὶ
2659 4792 2974 4866 ἐϐαρυθύμει
3018 4791 3092 4864 ἐφ’
3233 4796 3304 4864 μή
3351 4793 3605 4864 πέφθακεν
3648 4791 3794 4855 ἄξιόν
3870 4812 3922 4844 τι
3987 4791 4138 4865 ἐργά-

746 4875 1139 4932 incommodo
1194 4877 1474 4949 providit:
1527 4877 1706 4932 mulis
1761 4879 1977 4934 etenim
2042 4881 2409 4955 camelisque

2370 4899 2409 4939 _e
2529 4885 2748 4936 σασθαι.
2803 4882 3110 4954 Ἠγανήκτει
3165 4878 3224 4934 δὲ
3279 4885 3468 4934 καὶτὸ
3517 4883 3837 4955 στράτευμα⁹
3898 4883 4135 4957 όκαιρὸς

745 4966 984 5021 Βοττωει
1012 4967 1359 5022 necessaria
1391 4967 1902 5024 convehebantur.
1935 4970 2026 5026 Sic
2057 4971 2404 5043 imperatori

2363 4974 2404 5029 ri
2518 4977 2618 5048 γὰρ
2645 4969 2705 5032 ἧν
2748 4977 3032 5047 χειμέρίος,
3084 4970 3366 5032 ἐσπάνιζον
3426 4967 3484 5024 δε
3542 4975 3626 5023 xui
3680 4979 3778 5024 τῶν
3830 4967 4128 5046 χρειωδῶν.

741 5054 953 5111 affecto
976 5062 1191 5128 praeter
1222 5056 1734 5128 exspectationem
1768 5061 2032 5116 Castoria
2090 5063 2402 5134 transfuga

2367 5080 2402 5119 a
2518 5065 2657 5118 Ἀλλ’
2711 5065 2735 5115 ό
2787 5061 3032 5135 βασιλεὺς
3089 5066 3146 5114 τὸ
3229 5070 3462 5114 τοιοῦτον
3563 5063 3950 5136 τεθεράπευκεν,
4025 5060 4127 5114 ἀπὸ

739 5143 966 5202 Gravas
1027 5147 1302 5213 occurrit,
1355 5150 1411 5202 et
1453 5163 1576 5203 non
1625 5147 1814 5203 multo
1865 5155 1999 5221 post
2047 5151 2395 5208 Theodorus

2356 5172 2395 5208 ιδ
2516 5154 2754 5230 Βεῤῥοίας
2811 5157 2911 5225 γὰρ
2961 5156 3193 5225 ήμιονοίς
3256 5158 3345 5205 καὶ
3412 5151 3668 5225 καμήλοις
3733 5154 3802 5204 τὰ
3882 5147 4121 5227 χρειώδη

731 5275 849 5353 περὶ
886 5271 1040 5353 αὐτόν
1069 5271 1344 5353 πρεσϐείαν
1385 5275 1630 5353 πρόςτὸν
1672 5272 1896 5346 βασιλέα
1956 5275 2242 5339 ἐστείλατο,
2303 5285 2391 5333 καὶ
2461 5280 2685 5335 ἀπέλυσε
2746 5285 2875 5353 πρὸς
2926 5284 3014 5332 τόν
3067 5277 3290 5351 βασιλέα
3341 5279 3374 5353 ό
3433 5277 3659 5350 Μιχαὴλ
3716 5278 3983 5353 Πρίλαπον
4042 5283 4133 5330 καὶ

1107 5325 1115 5346 ,
1424 5329 1432 5345 ,
1499 5324 1512 5335 .
1672 5324 1680 5346 ,
2303 5324 2391 5333 ην..
2461 5324 2684 5335 ..μ-..-η
2749 5324 2776 5332 ..
2825 5324 2874 5341 -,
2935 5324 3008 5332 .-ν
3109 5324 3290 5331 ..μ-.-η
3353 5324 3370 5329 ν
3435 5324 3509 5331 ----
3561 5324 3659 5336 η.--
3716 5324 3758 5330 --
3801 5324 3976 5330 -.-π---ν
4042 5324 4130 5330 --ω

730 5324 941 5425 Βελεσόν
973 5349 1062 5396 καὶ
1125 5349 1180 5395 τό
1235 5343 1400 5425 ἐνρῷ
1456 5344 1687 5416 Ἀλϐάνῳ
1756 5351 1996 5425 φρούρ-ιον
2048 5353 2136 5409 τὰς
2200 5357 2391 5422 Κρόας.
2468 5360 2567 5407 Kui
2622 5324 2920 5425 npoééimuv
2982 5324 3124 5425 παρ-ἀ
3181 5359 3272 5402 τοῦ
3328 5324 3590 5422 βασιλέως
3650 5324 3902 5425 έγγρΓαφοι
3959 5351 4130 5423 ὅρκοι,

727 5419 815 5468 καὶ
841 5411 1099 5497 δεσπότην
1132 5420 1217 5497 τόν
1249 5411 1408 5497 αὐτού
1440 5420 1550 5497 υἱιόν
1582 5411 1704 5497 τιμή
1846 5411 2139 5497 agmen;
2175 5411 2267 5474 διά
2293 5411 2386 5482 τήν
2413 5411 2741 5497 ἐγγόνην.”0
2773 5421 2832 5476 δὲ
2865 5411 3114 5497 βασιλευς
3143 5421 3190 5475 ἐν
3222 5411 3472 5484 Βοδηνοῖς
3537 5411 3952 5495 παραχέιμόίσας
3987 5411 4136 5495 ¹μετιὶι

723 5493 938 5562 μετρίου
964 5492 1352 5563 στρατεύματος
1376 5488 1600 5548 ἀπῆλθεν
1633 5488 1699 5549 εἰς
1730 5488 1995 5566 Ἀχρίδας
2022 5499 2111 5546 καὶ
2144 5494 2211 5555 εἰς
2244 5488 2492 5550 Δεάϐολίῦ
2515 5502 2604 5550 xui
2640 5488 2963 5570 Καστορίαν.

1609 5598 1953 5667 Theodori
2002 5602 2254 5671 Dousae
2305 5613 2371 5672 et
2420 5604 2670 5674 Leonis
2723 5603 2960 5673 Allatii
3010 5615 3221 5673 notae.

790 5708 906 5781 (96)
938 5708 1082 5762 Μετὰ
1101 5714 1193 5763 τοῦ
1225 5703 1506 5765 δεσπότου.
1541 5708 1817 5766 Exactius
1857 5709 2173 5782 Gregoras,
2213 5727 2272 5784 p.
2302 5715 2488 5771 47-49.
2518 5719 2654 5772 ALL.
