4470 6452
302 428 445 486 1105

302 550 599 624 διεκόμιζεν
628 546 679 600 έν
729 553 803 617 τῷ
852 546 1209 616 στρατοπέκῳ.
1269 540 1481 593 Οὗτωσὶ
1527 535 1585 592 δε
1645 534 1901 592 διατεθει-
1930 539 1980 595 Α

300 646 453 715 μένου
482 646 576 692 τοῦ
618 634 879 709 βασιλεως
937 631 1055 705 παρ’
1107 626 1323 693 έλπίδας
1389 629 1629 703 έπιφοιτᾷ
1677 638 1749 700 τῷ
1806 627 1903 701 βα.

304 730 435 785 σιλεῖ
485 725 730 801 πρόσφυξ
777 722 878 775 ἀπὸ
912 726 1202 794 Καστορίας
1257 719 1472 787 Γλαϐᾶς,
1521 725 1610 771 καὶ
1667 726 1904 791 συνεχῶς

301 823 328 873 6
382 818 691 890 Πεταλὶφας,
722 810 996 887 Θεόδωρος
1076 810 1160 864 ini
1221 813 1471 885 θυγρατρὶ
1522 808 1755 885 γαμϐρὸς
1810 816 1902 861 τοῦ

298 914 524 985 Τορνίκη
559 908 859 979 Δημητρίου
908 910 999 955 τοῦ
1051 908 1343 974 Κομνηνοῦ,
1387 899 1442 961 ὃς
1486 900 1550 951 τὰ
1593 900 1741 951 κοινὰ
1788 894 1902 951 διέ-

300 1019 410 1053 πων
436 998 498 1057 ἧν
527 1004 599 1068 τῷ
630 994 842 1067 βασιλεῖ
863 992 1103 1065 Ἰωάννῃ,
1147 989 1267 1065 παρ’
1317 988 1476 1042 αὐτοῦ
1528 990 1661 1040 πάνυ
1725 987 1902 1060 φιλού-

302 1109 452 1163 μενος
505 1091 596 1138 καὶ
656 1089 958 1156 τιμώμενος
1014 1078 1234 1152 ἀδελφόν
1285 1082 1386 1153 γὰρ
1447 1078 1601 1129 αὐτὸν
1683 1075 1730 1129 έν
1796 1084 1904 1137 τοῖς

306 1180 609 1253 γράμμοσιν
659 1171 920 1225 ἀπεκάλειο
980 1170 1066 1233 Ἐξ
1113 1170 1392 1244 ἀνθρώπων
1432 1163 1518 1219 οὖν
1572 1170 1671 1240 πρὸ
1720 1175 1905 1241 καιροῦ

302 1271 524 1341 γέγονεν,
560 1263 845 1335 Οἰκονόμος
887 1260 974 1313 οὖν
1021 1267 1119 1311 τῶν
1172 1266 1353 1310 κοινῶν
1407 1256 1499 1310 οὐκ
1551 1253 1612 1314 ἧν
1674 1256 1724 1309 έν
1778 1265 1902 1328 τιμῇ

303 1362 395 1410 καὶ
416 1357 658 1429 ὀφφικίου
711 1355 927 1425 ὀνόματι
966 1350 1359 1424 γνωριζόμενος,
1410 1355 1518 1410 τοῖς
1558 1356 1789 1419 τυχοῦσι
1848 1344 1907 1400 δι

305 1444 504 1521 ἓχρᾶτο
550 1444 617 1505 εἰς
665 1444 956 1515 ὑπηρεσίαν
1005 1442 1030 1490 ὁ
1078 1436 1323 1511 βασιλεὺς
1364 1441 1454 1488 καὶ
1517 1445 1904 1511 γραμματικοῖς

307 1534 616 1606 ἀνωνύμοις,
678 1539 751 1601 τῷ
801 1532 1210 1601 Μεσοποταμίτῃ
1261 1527 1453 1597 Ἰωσὴφ
1515 1531 1604 1578 καὶ
1666 1534 1739 1595 τῷ
1797 1524 1905 1588 ἐξυ-

304 1628 664 1698 πηρετήσαντι
710 1620 850 1691 αὐτῷ
900 1623 1182 1691 Νικηφόρῳ
1241 1624 1313 1687 τῷ
1377 1615 1656 1688 Ἀλυάττῃ,
1714 1613 1761 1666 ἐν
1849 1610 1907 1667 δὲ

304 1719 414 1775 τοῖς
469 1710 887 1783 έλλογιμωτέροις
933 1709 1214 1782 γράμμασι
1264 1709 1354 1757 καὶ
1436 1703 1603 1767 ἀξίοις
1671 1701 1906 1764 σπουδῆς

309 1809 381 1872 τῷ
438 1807 711 1874 Μακρωτῷ
756 1798 963 1869 Ἰωάννῃ
1024 1801 1111 1847 καὶ
1160 1794 1293 1867 ἐμοί.
1344 1793 1400 1847 Ὀ
1449 1796 1539 1866 μεν
1579 1789 1667 1845 οὖν
1726 1794 1907 1868 ῥηθεὶς

307 1890 635 1964 Πετραλίφοὶς
708 1894 798 1939 τοῦ
876 1885 1100 1957 Μιχαὴλ
1208 1880 1620 1955 γυναικάδελφος
1641 1887 1728 1947 ὧν,
1799 1882 1907 1935 ἐπεὶ
1943 1894 1986 1946 Β

304 1979 585 2055 προσέλθοι
615 1986 687 2049 τῷ
722 1976 951 2050 βασιλεῖ,
984 1975 1171 2035 πολλῆς
1199 1973 1282 2048 [Ρ.
1316 1972 1407 2046 50]
1465 1972 1712 2044 εὐθυμίας
1753 1971 1905 2023 αὐτόν

306 2088 360 2122 τε
402 2072 489 2121 τόν
535 2066 763 2141 βασιλέα
806 2069 892 2118 καὶ
942 2085 1009 2117 τα
1061 2066 1430 2137 στρατεύματα
1473 2061 1709 2119 ἔπλησεν·
1755 2061 1908 2123 εὐθὺς

304 2160 409 2233 γὰρ
457 2159 487 2216 ἠ
543 2160 811 2229 Καστορία
857 2159 947 2207 καὶ
998 2156 1027 2213 ἠ
1073 2158 1191 2229 περὶ
1258 2155 1418 2211 αὐτὴν
1495 2153 1680 2203 ἅπασα
1753 2157 1908 2225 χώρα

306 2247 603 2322 προσέρῥύη
633 2246 705 2317 τῷ
765 2244 993 2318 βασιλεῖ,
1054 2248 1141 2296 καὶ
1193 2245 1247 2295 αἱ
1305 2242 1582 2304 Λεαϐόλεις
1643 2238 1722 2307 δε,
1774 2243 1803 2299 ἦ
1854 2260 1908 2293 τε

306 2340 473 2413 μικρὰ
518 2341 607 2389 καὶ
662 2335 884 2408 μεγάλη,
940 2342 1032 2387 τοῦ
1087 2332 1341 2407 βασιλέως
1391 2332 1638 2404 ἐγένοντο.
1706 2335 1805 2384 Καὶ
1882 2330 1907 2382 ὁ

309 2426 411 2479 ἀπὸ
469 2432 562 2479 τοῦ
616 2424 866 2480 ’Λλϐάνου
923 2426 949 2476 ό
1000 2424 1281 2496 Γουλάμος,
1336 2422 1444 2475 ἐπεὶ
1492 2426 1617 2496 πρὸς
1682 2423 1749 2473 τὰ
1814 2428 1909 2481 τῆς

310 2520 611 2590 Καστορίας
638 2512 894 2585 συνδιῆγε
922 2516 1054 2586 μετὰ
1106 2520 1199 2565 τοῦ
1267 2512 1319 2575 ἐξ
1371 2511 1620 2565 Ἀλϐάνου
1683 2519 1910 2585 στρατοῦ

308 2607 464 2678 μέρη,
521 2602 751 2673 σύζυγον
799 2602 936 2673 ἔχων
976 2609 1072 2662 τῆς
1130 2595 1408 2673 βασιλίδος
1440 2599 1663 2674 Εἰρήνης
1692 2598 1910 2650 αὐτανε-

307 2692 437 2764 ψιὰς
488 2688 917 2766 πρωτεξαδέλφης
964 2690 1124 2750 αὐτῆς
1178 2691 1458 2762 θυγατέρα,
1506 2688 1676 2760 λόγοις
1743 2686 1910 2760 μειλι-

308 2786 450 2855 χίοις
478 2786 569 2833 καὶ
592 2783 901 2855 γράμμασιν
923 2780 1264 2850 ὑποσχέσεων
1304 2786 1403 2830 τῶν
1447 2779 1546 2829 ὑπὸ
1604 2785 1697 2829 τοῦ
1751 2776 1913 2850 βασι-

310 2872 435 2933 λέως
466 2870 701 2943 θελχθεὶς
738 2874 960 2945 προσῄει
992 2877 1063 2939 τῷ
1115 2868 1344 2941 βασιλεῖ.
1411 2868 1728 2942 Φιλοφρόνως
1786 2875 1913 2940 γοῦν

309 2967 431 3024 τοὺς
478 2963 743 3021 τοιού-τοῦς
804 2961 1002 3021 πάντας
1058 2960 1084 3011 ό
1135 2956 1386 3031 βασιλεύς
1440 2954 1717 3030 δεξάμενος
1788 2976 1915 3030 πρε-

310 3057 507 3113 πόντως
560 3050 986 3124 ἐφιλοτιμήσατο·
1055 3057 1231 3101 Ταῦτα
1289 3052 1436 3120 γνοὺς
1490 3047 1714 3120 Μιχαὴλ
1744 3049 1769 3099 6
1828 3044 1913 3100 δε·
1945 3036 1988 3091 C

312 3145 645 3208 σπότὴς,καὶ
673 3139 721 3193 έν
757 3148 916 3211 στενῷ
967 3135 1162 3211 κομιδῇ
1222 3136 1425 3211 βλέπων
1473 3140 1539 3190 τὰ
1585 3141 1702 3211 περὶ
1757 3139 1913 3189 αὑτὸν

309 3232 646 3303 τυγχάνοντα
680 3231 986 3304 πράγματα,
1038 3230 1175 3279 κατὰ
1224 3228 1347 3302 ῥοῦν
1403 3222 1461 3279 δι
1509 3234 1789 3300 χωροῦντα
1841 3235 1913 3297 τῷ

314 3319 544 3394 βασιλεῖ,
576 3317 854 3393 πρεσϐείαν
912 3321 1039 3392 πρὸς
1085 3321 1172 3369 τὸν
1226 3316 1450 3389 βασιλέα
1502 3315 1759 3369 έστεὶλατο
1821 3312 1913 3368 διά

309 3429 366 3463 τε
385 3417 477 3462 τοῦ
496 3407 881 3482 μητροπολὶτου
915 3408 1235 3461 Ναυπάκτου
1289 3414 1381 3458 τοῦ
1436 3408 1608 3481 Ξηροῦ
1666 3411 1759 3459 καὶ
1820 3414 1913 3459 τοῦ

310 3498 388 3552 ἔπ’
423 3495 615 3572 ἀδελφῇ
640 3496 878 3571 γαμϐρου
911 3496 1070 3549 αὐτοῦ
1122 3502 1213 3549 τοῦ
1270 3494 1615 3552 Μαλιασηνοῦ
1669 3500 1763 3547 καὶ
1822 3503 1913 3547 τοῦ

310 3591 617 3661 Λαμπέτου,
646 3588 695 3639 οῖ
723 3593 812 3640 καὶ
862 3586 928 3647 εἰς
960 3585 1146 3657 λόγους
1204 3584 1528 3645 συνελθόντες
1582 3592 1655 3655 τῷ
1704 3582 1919 3658 βασιλεῖ

312 3676 597 3751 ξυμϐάσεις
656 3680 984 3733 πεποίηνται.
1034 3681 1135 3728 Καὶ
1202 3673 1426 3727 ἀπέλυσε

315 3766 545 3841 βασιλέα
598 3767 624 3818 6
686 3764 909 3837 Μιχαὴλ
948 3768 1006 3817 τὸ
1052 3765 1187 3817 ἄστυ
1241 3767 1327 3815 τὸν
1376 3762 1640 3838 Πρίλαπον
1696 3768 1785 3816 καὶ
1827 3767 1914 3815 τόν

309 3857 521 3910 Βελεσόν
542 3860 631 3908 καὶ
660 3858 717 3907 τὸ
767 3853 817 3907 έν
868 3862 939 3925 τῷ
999 3852 1227 3925 Ἀλϐάνῳ
1285 3856 1529 3927 φρούριον
1578 3857 1667 3915 τὰς
1720 3858 1913 3929 Κρόας,

309 3952 401 3999 καὶ
436 3943 732 4019 προέϐησαν
797 3947 929 4019 πρὸς
982 3950 1075 3996 τοῦ
1117 3942 1378 4015 βασιλέως
1441 3945 1692 4017 ἔγγραφοι
1746 3945 1911 4019 ὅρκοι,

310 4042 403 4090 καὶ
438 4034 810 4093 ἀπεστάλησαν
840 4037 967 4109 πρὸς
992 4033 1147 4085 αὐτὸν
1187 4037 1276 4085 καὶ
1307 4031 1569 4108 πρέσϐεις,
1636 4034 1663 4085 ὅ
1718 4052 1772 4085 τε
1830 4039 1916 4087 Φι-

310 4123 588 4199 λαδελφίας
653 4129 832 4186 Φωκᾶς
916 4127 1006 4175 καὶ
1080 4123 1106 4175 6
1167 4130 1259 4183 τῆς
1343 4121 1505 4185 αὐλῆς
1571 4126 1916 4199 πριμικήρίος

317 4217 582 4276 Ἰσαάκιος
635 4216 661 4267 6
719 4215 931 4280 Δοῦκας,
984 4212 1037 4265 ὃν
1095 4217 1185 4265 καὶ
1260 4212 1661 4286 Μούρτςουφλον
1725 4211 1914 4266 ἀπεκά-

309 4305 449 4375 λουν,
472 4310 561 4359 καὶ
601 4304 858 4367 ὀὙαλέας
887 4302 1112 4377 Μιχαὴλ
1164 4308 1255 4356 καὶ
1309 4304 1462 4366 αὐτὸς
1520 4302 1638 4376 ἕγώ.
1699 4303 1915 4377 Ἀπῃει-

310 4415 402 4469 μεν
433 4402 558 4467 γοῦν
605 4398 733 4469 πρὸς
787 4398 873 4447 τὸν
924 4393 1166 4466 Μιχαὴλ,
1229 4397 1318 4446 καὶ
1366 4394 1581 4466 εὕρομεν
1628 4400 1807 4447 τοῦτον
1866 4394 1914 4447 έν

310 4492 374 4557 τῇ
422 4490 694 4560 Λαρίσσῃ,
762 4490 851 4536 καὶ
897 4483 1305 4557 πεπληρώκαμεν
1363 4486 1454 4547 τὰς
1520 4480 1775 4551 σπονδὰς,
1826 4490 1914 4538 καὶ

308 4573 550 4636 λαϐόντες
570 4578 656 4627 τόν
687 4576 798 4627 υἱὸν
830 4573 993 4626 αὐτοῦ
1020 4577 1337 4647 Νικηφόρον,
1393 4574 1447 4626 ὃν
1508 4578 1597 4626 καὶ
1648 4569 1913 4632 δεσπότην

1505 3677 1593 3747 μεν
1664 3678 1766 3749 πρὸ
1828 3678 1914 3727 τὸν

1945 4185 1992 4241 D

310 4666 338 4717 6
393 4663 643 4738 βασιλεὺς
701 4660 796 4717 διὰ
837 4669 931 4723 τήν
980 4664 1141 4717 αὑτοῦ
1194 4663 1404 4737 έγγόνην
1446 4669 1742 4737 τετίμηκεν,
1785 4664 1915 4717 ἀλλὰ

309 4758 413 4827 μὴν
439 4752 649 4806 καὶττόν
696 4760 790 4806 τοῦ
828 4753 1053 4825 Μιχαὴλ
1104 4756 1236 4806 θεῖον
1290 4758 1377 4806 τὸν
1420 4753 1668 4827 Ἀγγελον
1708 4751 1914 4808 Θεόδω-

308 4862 396 4917 ρον
448 4840 744 4917 δεσμώτην,
809 4847 940 4917 πρὸς
1004 4842 1357 4917 τὸνβασιλέα
1401 4844 1803 4918 ἐπανεζεύξαμεν
1864 4844 1911 4895 ἐν

308 4941 415 4995 τοῖς
454 4928 706 4995 Βοδηνοῖς
764 4935 1131 5005 σκηνούμενον·
1202 4938 1301 4986 Καὶ
1354 4932 1489 4986 οὕτω
1547 4937 1637 5007 μεν
1692 4933 1912 5007 ἐγεγόνει

307 5030 493 5089 ταῦτα,
547 5042 637 5074 και
680 5022 748 5084 εἰς
797 5030 999 5074 τοιοῦτο
1052 5021 1194 5084 τέλος
1262 5028 1575 5081 κατηντὴκει
1641 5026 1706 5076 τὰ
1780 5028 1913 5099 πρά-

305 5132 506 5186 γματα,
580 5114 997 5188 Παραχειμάσας
1039 5119 1127 5163 οὖν
1198 5114 1312 5183 (97)
1390 5112 1439 5165 ἓν
1481 5121 1590 5176 τοῖς
1660 5111 1914 5177 Βοδηνοῐς

310 5200 561 5276 βασιλεὺς
592 5198 715 5275 ἦρος
758 5202 889 5275 ὥρᾳ,
944 5200 1052 5254 έπεὶ
1092 5206 1183 5254 καὶ
1222 5207 1316 5261 τὴν
1386 5201 1747 5277 ἁναστάσιμον
1789 5206 1909 5282 ἐωρ-

306 5293 455 5345 τάκει
489 5292 703 5367 ἡμέραν,
755 5296 822 5343 τὰ
883 5288 1220 5365 στρατόπεδα
1267 5292 1428 5345 αὐτοῦ
1466 5313 1566 5345 που
1622 5294 1915 5357 καταλελοι-

306 5382 415 5442 πὼς
458 5386 548 5433 καὶ
602 5381 670 5442 εἰς
714 5383 942 5454 ἡγεμόνα
1002 5381 1171 5435 αὐτῶν
1229 5382 1385 5446 τάξας
1436 5388 1522 5436 τόν
1589 5404 1643 5437 τε
1717 5404 1916 5454 πρωτο-

309 5469 603 5546 ϐεο-ειάριον
655 5470 877 5535 ’Δλέξιον
935 5474 1022 5523 τὸν
1066 5469 1264 5544 Ῥαοὺλ,
1323 5472 1559 5548 γαμϐρόν
1644 5476 1766 5527 ὄντα
1837 5474 1915 5528 ἐπ’

1795 416 2147 473 ΑΝΝΑιΕε.

3540 420 3674 478 1106

2011 556 2408 630 Petraliphas,
2450 556 2556 629 qui
2594 556 2967 615 conduxerat
2994 558 3182 617 ﬁliam
3217 561 3495 618 Demetrii
3540 565 3675 619 Tor-

2012 647 2147 703 nicii
2175 645 2483 713 Comneni,
2513 645 2607 701 cui
2648 662 2892 705 summa
2917 664 3117 706 rerum
3170 650 3555 723 publicarum
3597 652 3675 708 ab

2011 735 2369 809 imperatore
2406 737 2632 790 Joanne
2692 736 3020 795 commissa
3068 738 3281 808 fuerat,
3341 756 3481 795 cum
3535 756 3675 797 eum

2013 840 2398 897 summOpere
2427 828 2485 879 et
2512 822 2781 893 diligeret
2810 830 2867 880 et
2896 826 2956 881 in
2970 827 3198 882 honore
3213 827 3460 883 haberet
3493 846 3506 883 :
3536 844 3677 885 eum

2012 915 2171 972 enim
2204 914 2263 970 in
2302 914 2510 969 litteris
2550 914 2671 986 98
2703 914 2943 972 fratrem
2974 917 3249 973 vocabat.
3287 918 3387 973 Hic
3418 918 3676 975 multum

2013 1010 2149 1062 ante
2179 1006 2307 1061 haec
2330 1009 2605 1075 tempora
2630 1004 2748 1060 vita
2777 1004 3017 1063 functus
3059 1012 3145 1064 est
3178 1006 3469 1081 ;ideoque
3496 1024 3677 1065 nemo

2013 1094 2073 1149 in
2113 1109 2183 1149 ea
2205 1093 2488 1163 dignitate
2512 1098 2689 1164 atque
2720 1093 2938 1160 ofﬁcio,
2995 1096 3099 1168 qui
3155 1094 3403 1168 publica
3458 1095 3679 1153 scilicet

2013 1182 2478 1247 administraret,
2513 1182 2974 1255 agnoscebatur,
3011 1184 3115 1239 sed
3158 1185 3485 1257 imperator
3548 1186 3676 1259 qui-

2013 1272 2373 1344 buscunque
2429 1275 2484 1326 et
2525 1274 2587 1325 ut
2643 1286 2773 1326 sors
2844 1273 3078 1342 tulerat,
3146 1274 3679 1347 grammaticisque

2015 1361 2261 1416 minime
2292 1360 2466 1429 notis,
2544 1360 2804 1431 Josepho
2876 1364 3326 1435 Mesopotamita
3400 1362 3679 1435 illiusque

2015 1449 2369 1507 administro
2402 1448 2733 1520 Nicephoro
2764 1451 2994 1521 Alyatc,
3027 1452 3132 1507 sed
3163 1452 3223 1507 in
3253 1452 3679 1524 spectabiliori-

2013 1539 2129 1595 bus
2160 1538 2363 1594 litteris
2393 1536 2712 1610 studioque
2736 1543 2791 1595 et
2820 1539 3128 1612 diligentia
3187 1541 3385 1611 dignis
3431 1542 3679 1599 Joannis

2016 1628 2255 1684 Macroti
2300 1632 2356 1682 et
2399 1643 2533 1682 meo
2578 1628 2905 1685 ministerio
2955 1629 3254 1685 utebatur.
3316 1630 3681 1703 Petraliphas

2014 1734 2178 1787 ergo,
2212 1717 2411 1772 uxoris
2450 1716 2747 1773 Michaelis
2785 1721 2985 1785 frater,
3041 1719 3286 1775 obviam
3335 1720 3681 1792 imperatori

2016 1807 2210 1863 factus
2244 1805 2432 1861 multo
2490 1823 2631 1861 cum
2675 1808 2917 1876 gaudio,
2965 1808 3194 1878 ingenti
3240 1809 3420 1864 etiam
3480 1808 3682 1865 laetitia

2016 1896 2263 1965 agmina
2276 1894 2623 1951 cumulavit.
2650 1896 2858 1952 Statim
2881 1897 3041 1953 enim
3062 1898 3326 1953 Castoria
3351 1897 3403 1953 ei
3426 1897 3678 1954 cireum-

2011 1984 2277 2057 jacentia
2332 1984 2469 2041 loca
2507 1984 2849 2057 imperatori
2890 2001 2952 2041 se
2993 1985 3346 2044 submisere.
3402 1985 3680 2043 Deabolis

2014 2074 2158 2131 item
2190 2089 2414 2143 magna
2443 2078 2500 2129 et
2523 2089 2712 2146 parva
2741 2074 2801 2130 in
2825 2078 3119 2148 potestate
3150 2075 3307 2131 illius
3348 2091 3583 2132 venere.
3615 2079 3681 2133 Et

2016 2178 2090 2221 ex
2116 2163 2349 2219 Albano
2411 2162 2721 2230 Gulamus,
2777 2179 2901 2221 una
2956 2181 3095 2220 cum
3152 2165 3433 2235 exercitu,
3497 2182 3680 2238 quem

2018 2254 2255 2310 Albano
2279 2252 2670 2320 conduxerat,
2700 2253 2761 2309 in
2793 2254 3071 2310 Castorim
3110 2255 3384 2327 partibus
3431 2254 3680 2325 degens,

2017 2342 2621 2415 lrenaeimperatricis
2649 2342 2831 2415 nepti,
2883 2343 3261 2399 consobrina;
3310 2343 3465 2399 illius
3520 2343 3679 2412 ﬁliae,

2018 2432 2405 2489 matrimonio
2438 2431 2775 2503 copulatus,
2828 2432 3097 2489 oratione
3156 2432 3393 2506 placida
3422 2438 3479 2489 et
3532 2432 3681 2502 miti,

2017 2537 2128 2578 nec
2160 2536 2280 2576 non
2300 2520 2506 2577 litteris
2534 2537 2603 2575 ac
2634 2520 2945 2592 promissis
2990 2522 3388 2594 imperatoriis
3432 2521 3683 2594 illectus,

2017 2611 2364 2684 imperatori
2425 2626 2487 2666 se
2535 2610 2806 2669 dederat.
2860 2610 3063 2667 Amice
3120 2612 3509 2685 humaneque
3572 2613 3686 2669 hos

2019 2716 2232 2757 omnes
2254 2705 2534 2772 exceptos
2554 2700 2901 2773 imperator,
2927 2700 3010 2757 uti
3035 2717 3145 2773 par
3163 2706 3306 2769 erat,
3333 2701 3687 2758 muneribus

2020 2790 2199 2846 etiam
2222 2788 2564 2845 cumulavit.
2636 2790 2857 2845 Certior
2914 2789 2990 2845 de
3043 2789 3136 2845 his
3194 2789 3388 2847 factus
3444 2788 3689 2847 Michael

2020 2877 2298 2951 despota,
2355 2894 2605 2935 cernens
2669 2895 2765 2935 res
2819 2895 2959 2936 suas
3016 2880 3077 2935 in
3115 2884 3385 2937 extrema
3446 2881 3689 2940 fortuna

2020 2967 2317 3035 laborare,
2346 2967 2724 3041 imperatoris
2755 2984 3044 3041 prospere
3067 2974 3284 3025 cuncta
3315 2985 3386 3026 ac
3417 2970 3686 3027 secundo

2021 3063 2195 3114 vento
2226 3057 2574 3130 procedere,
2623 3057 2855 3128 legatus
2907 3058 2984 3114 ad
3050 3058 3478 3131 imperatorem
3527 3060 3688 3117 misit

2024 3148 2239 3203 Xerum
2262 3146 2703 3219 metropolitam
2717 3148 3450 3221 Naupacti,Maliassenum
3468 3149 3688 3205 sororis

2021 3252 2147 3291 suae
2196 3251 2505 3305 generum,
2568 3241 2625 3292 et
2684 3237 3053 3309 Lampetem,
3111 3237 3217 3309 qui
3264 3238 3688 3294 convenientes

2020 3325 2448 3398 imperatorem
2499 3324 2696 3381 foedus
2744 3325 2993 3382 faciunt.
3045 3330 3112 3383 Et
3154 3326 3401 3387 Michael
3438 3327 3687 3400 quidem

2020 3414 2367 3489 imperatori
2399 3420 2662 3471 castrum
2692 3415 2910 3489 Prilapi
2938 3417 3281 3473 etBeIesum
3302 3422 3357 3474 et
3378 3417 3439 3473 in
3455 3417 3688 3475 Albano

2021 3506 2314 3578 oppidum
2371 3506 2491 3578 99
2559 3507 2738 3561 Croas
2796 3505 3042 3562 dedidit.
3092 3507 3308 3563 Foedus
3360 3508 3539 3563 etiam
3583 3522 3690 3580 per

2020 3595 2446 3668 imperatorem
2460 3595 2859 3667 jurejurando
2874 3596 3109 3669 scriptis
3126 3598 3481 3668 consignato
3495 3597 3691 3654 ﬁrma-

2021 3688 2148 3741 tum
2191 3691 2309 3752 est;
2344 3690 2400 3742 et
2426 3684 2503 3740 ad
2536 3701 2675 3740 eum
2704 3686 2869 3741 missi
2902 3686 3080 3756 legati
3131 3686 3361 3743 Phocas
3399 3686 3692 3743 Philadel-

2021 3774 2310 3847 phiensis,
2327 3774 2588 3830 lsaacius
2606 3776 2798 3831 Ducas
2823 3775 2980 3831 aulae
3002 3775 3400 3848 primicerius,
3430 3792 3613 3848 quem
3636 3781 3693 3834 et

2022 3864 2459 3938 Murtzuphlum
2501 3864 3037 3935 cognominabant,
3064 3864 3309 3922 Michael
3351 3865 3605 3938 Hyaleas
3635 3870 3693 3924 et

2022 3968 2135 4025 ego
2163 3953 2291 4026 ipse
2330 3952 2410 4009 ad
2442 3952 2781 4010 Michaelcm
2813 3953 3178 4010 accessimus
3226 3954 3477 4011 Larissze
3527 3971 3690 4012 com-

2020 4048 2381 4110 morantem,
2415 4047 2473 4100 et
2511 4048 2689 4116 pacta
2719 4043 3179 4117 complevimus.
3211 4047 3440 4102 Etcum
3489 4045 3687 4104 ﬁlium

2020 4131 2176 4189 illius
2202 4133 2623 4205 Nicephorum,
2674 4149 2858 4206 quem
2929 4139 3174 4207 propter
3223 4151 3399 4191 suam
3443 4138 3690 4208 neptem

2020 4222 2345 4295 imperator
2381 4223 2649 4294 despota:
2689 4238 2941 4279 munere
2972 4222 3380 4288 decoraverat,
3428 4225 3690 4297 accepis-

2022 4327 2245 4379 semus,
2305 4326 2415 4367 nec
2516 4326 2639 4367 non
2695 4310 2995 4369 Michaelts
3051 4316 3336 4384 patruum
3390 4313 3689 4384 Angelum

2018 4401 2399 4458 Theodorum
2429 4400 2679 4457 vinculis
2706 4399 3018 4471 alligatum
3070 4418 3083 4457 :
3119 4401 3199 4457 ad
3258 4401 3688 4475 imperatorem

2023 4490 2184 4563 apud
2219 4491 2492 4547 Bodenos
2515 4490 2811 4561 degenten
2843 4491 3327 4562 remigravimus.
3360 4494 3425 4549 Et
3450 4492 3579 4549 haec
3606 4493 3691 4552 ita

2018 4584 2261 4650 peracta
2301 4583 2457 4635 sunt.
2490 4578 2790 4652 talemque
2830 4578 3015 4635 ﬁnem
3057 4595 3152 4635 res
3199 4579 3486 4637 habuere.
3541 4582 3689 4640 Cum

2020 4668 2280 4724 Bodenis
2312 4668 2630 4741 imperator
2659 4669 3008 4732 hiemasset,
3043 4685 3203 4737 vere,
3230 4671 3685 4728 resurrectionis

2018 4758 2234 4815 diebus
2256 4757 2418 4813 festis
2444 4757 2778 4827 celebratis,
2812 4758 3171 4814 exercitibus
3200 4758 3423 4816 ibidem
3446 4760 3687 4830 relictis,

2022 4854 2076 4905 et
2102 4848 2453 4904 ductoribus
2474 4864 2684 4904 eorum
2716 4849 3172 4922 protovestiario
3230 4849 3457 4918 Alexio,
3501 4851 3687 4910 Raulo

2020 4938 2215 5011 neptis
2260 4938 2477 4994 marito
2525 4942 2581 4993 et
2638 4941 2945 4995 Comneno
3008 4939 3289 4996 Michaele
3343 4940 3686 5015 Palaeologo

2023 5026 2521 5093 constitutis,cum
2542 5043 2733 5099 parvo
2752 5027 2994 5097 agmine
3023 5028 3102 5084 ad
3120 5028 3299 5085 urbes
3314 5030 3445 5100 jam
3458 5045 3689 5104 recens,

2024 5120 2297 5173 Romano
2322 5117 2575 5190 imperio
2603 5117 2839 5174 additas
2861 5118 3209 5176 revisendas
3232 5120 3339 5176 iter
3357 5120 3691 5192 ingreditur

2024 5212 2081 5263 et
2108 5207 2373 5280 primum
2395 5207 2711 5264 Achridam
2742 5208 2904 5281 petit,
2938 5208 3080 5265 inde
3123 5209 3430 5268 Deabolim
3454 5211 3690 5283 proﬁci-

2024 5297 2226 5363 scitur,
2260 5312 2334 5353 ex
2389 5314 2515 5371 qua
2558 5299 2889 5355 Castoriam
2935 5300 3228 5372 pervenit,
3300 5306 3355 5358 et
3395 5305 3690 5360 autumno

2024 5385 2371 5456 agminibus
2436 5388 2785 5461 compositis
2826 5388 2988 5445 viam
3058 5389 3138 5445 ad
3196 5389 3498 5448 Orientem
3564 5407 3692 5449 me-

2028 5475 2271 5532 ditatur.

1189 5607 1533 5676 Theodori
1585 5610 1836 5679 Dousaa
1885 5620 1951 5679 ct
1997 5611 2247 5680 Leonis
2296 5611 2532 5680 Allatii
2585 5620 2791 5682 notae.

380 5760 499 5836 (97)
529 5762 953 5837 Παραχειμάσας
981 5758 1089 5818 οὖν.
1124 5764 1443 5835 Gregoras,
1461 5779 1520 5838 p.
1548 5768 1635 5837 49,
1670 5765 1754 5824 ait
1780 5765 2040 5825 reditum
2068 5782 2145 5841 pa

1461 5779 1520 5838 p.
1548 5768 1635 5837 49,
1670 5765 1754 5824 ait
1780 5765 2040 5825 reditum
2068 5782 2341 5841 parasse,
2369 5767 2537 5841 quod
2564 5766 2649 5827 ibi
2671 5767 2856 5828 nollet
2882 5768 3223 5829 hibernare.
