4470 6452
310 409 449 467 1109

1879 403 2164 460 ANNALE

3550 406 3685 462 mo

303 536 494 592 ἔστησε
549 537 640 586 καὶ
721 533 904 607 κριτὰς
959 530 1170 582 έκάθισε
1219 532 1307 580 καὶ
1360 528 1596 602 λαμπρὸν
1644 528 1910 600 κριτήριον
1942 529 1988 582 Α
2018 543 2068 583 n3

1942 529 1988 582 A
2018 528 2128 597 nit,
2151 531 2207 584 et
2227 526 2515 583 indicium
2532 526 2763 584 celebre
2785 528 3107 586 constituit.
3128 531 3324 587 Causa
3363 528 3492 585 hac
3533 531 3679 584 erat.

309 629 706 696 συνεκρότησεν.
767 621 824 673 'll
880 617 930 672 δ’
979 621 1222 678 ὑπόθεσις
1308 619 1368 675 ἦν
1457 620 1697 674 τοιαύτη.
1769 616 1910 668 Ἐπεὶ

306 713 631 770 έτελεύτησεν
663 713 966 782 όΤορνίκης
1015 714 1329 779 Δημήτριος,
1381 709 1456 760 ἔτι
1505 703 1564 759 δὲ
1619 713 1801 780 περιῆν
1861 703 1909 757 ἐν

303 802 898 871 Θεσσαλονίκηόμέγας
967 795 1299 868 δομέστικος,
1359 798 1385 848 6
1427 793 1485 848 δε
1540 797 1725 848 τούτου
1797 798 1911 857 υἱὸς

301 892 526 963 Μιχαὴλ
554 890 604 952 ές
625 889 895 943 Μελένικον
953 893 1042 940 καὶ
1092 886 1294 961 Σέῤῥας,
1351 888 1528 947 ὅςκαὶ
1587 887 1764 957 μαθὼν
1821 889 1907 936 τόν

304 989 396 1034 τοῦ
426 985 647 1053 Τορνίκη
679 981 894 1032 θάνατον
925 975 1256 1051 έδυσφόρησε
1295 981 1384 1028 καὶ
1437 977 1743 1048 σκυθρωπός
1799 981 1909 1035 τοῖς

301 1069 712 1142 ἐντυγχάνουσιν
752 1068 1064 1140 έπεφαίνετοο
1129 1067 1190 1124 ἦν
1247 1069 1345 1139 γὰρ
1395 1067 1420 1117 6
1478 1069 1732 1139 Τορνίκης
1817 1066 1909 1116 σύ-

303 1160 462 1230 ζυγον
497 1161 632 1231 ἔχων
661 1165 754 1210 τοῦ
805 1156 1031 1230 μεγάλου
1093 1152 1411 1227 δομεστίκον
1451 1150 1904 1225 πρωτεξαδέλφην.

302 1251 405 1302 Οἷα
431 1257 556 1320 γοῦν
587 1249 719 1320 φιλεῖ
781 1247 860 1300 ἐπὶ
938 1253 1048 1306 τοῖς
1095 1248 1348 1305 τοιούτοις
1386 1245 1645 1314 γίνεσθαι,
1694 1243 1906 1316 ἠρωτή-

301 1358 383 1390 κει
411 1359 488 1400 τις
527 1347 625 1390 τῶν
680 1336 735 1388 έκ
828 1336 1102 1389 Μελενίκου
1161 1338 1455 1406 τοῦνομα.,.
1521 1335 1728 1406 θάτερόν
1792 1352 1908 1384 τινα

303 1425 683 1497 καλούμενον...
743 1427 862 1477 ὅτου
924 1424 1085 1494 χάριν
1143 1421 1511 1493 σκυθρωπάζει
1565 1423 1590 1470 6
1644 1423 1908 1491 Κομνηνός

305 1515 547 1586 Μιχαὴλ.
583 1514 641 1566 Ὀ
675 1510 732 1566 δὲ
761 1515 875 1584 (καὶ
903 1515 1004 1583 γὰρ
1038 1511 1298 1569 ἠπίστατο
1330 1514 1423 1567 τὴν
1492 1508 1706 1575 αἰτίαν),
1766 1531 1793 1556 ‹‹
1848 1509 1906 1559 Ὀ

303 1608 574 1678 Τορνίκης,
603 1626 630 1652 ››
653 1606 768 1674 ἔφη,
800 1624 826 1651 ‹‹
857 1606 1149 1674 Δημήτριος
1170 1601 1428 1655 τέθνηκεν.
1479 1597 1576 1650 Ἦν
1635 1594 1693 1649 δε
1745 1617 1908 1670 προσ-

304 1699 452 1765 γενὴς
479 1694 635 1745 αύτοῦ
693 1697 781 1743 καὶ
832 1692 1098 1762 οἰκονόμος
1141 1699 1240 1742 τῶν
1304 1696 1505 1742 κοινῶν.
1571 1692 1669 1739 Καὶ
1719 1690 1904 1739 τούτου

302 1791 426 1853 γοῦν
465 1784 626 1856 χάριν
657 1785 893 1834 κάκείνου
943 1780 1241 1836 λελύπηται.
1298 1800 1324 1827 ››
1375 1777 1433 1828 Ὀ
1492 1773 1572 1844 δὲ,
1621 1798 1648 1823 ι(
1698 1779 1768 1831 οὔ
1815 1796 1906 1848 μοι

2021 620 2166 672 Cum
2200 617 2529 672 Demetrius
2562 618 2867 673 Tornicius
2892 619 3074 674 vitam
3108 618 3357 683 ﬁnisset,
3401 622 3681 690 essetque

2018 705 2451 762 Thessalonica:
2479 721 2738 776 magnus
2759 707 3145 772 domesticus,
3178 707 3338 762 ﬁlius
3361 722 3503 762 vero
3524 706 3682 762 illius

2018 795 2262 851 Michael
2294 794 2552 850 Melenici
2583 801 2638 850 et
2668 796 2874 854 Serris.
2909 797 3150 853 Michael
3185 801 3493 868 comperta
3531 798 3682 851 Tor-

2018 883 2153 940 nicii
2179 889 2386 951 morte,
2413 899 2570 953 aegre
2599 900 2727 940 rem
2758 884 2910 953 tulit,
2935 885 3204 957 tristique
3232 901 3303 940 ac
3331 885 3500 940 vultu
3549 888 3678 940 tur-

2019 973 2322 1028 bationem
2353 989 2474 1045 prae
2504 989 2564 1028 se
2604 973 2798 1030 ferens
2829 974 3276 1046 alloquentibus
3335 972 3676 1030 videbatur.

2015 1063 2320 1118 Tornicius
2341 1064 2502 1118 enim
2524 1064 2726 1131 magni
2759 1063 3068 1120 domestici
3093 1062 3520 1120 consobrinam
3552 1077 3680 1117 ma-

2017 1151 2295 1207 trimonio
2326 1152 2437 1207 sibi
2465 1153 2766 1222 junxerat.
2801 1153 2869 1209 Ut
2892 1153 2952 1208 in
2983 1153 3074 1208 his
3101 1153 3226 1208 ﬁeri
3256 1155 3442 1217 amat,
3475 1167 3507 1207 e
3563 1153 3647 1207 Me
3667 1178 3682 1190 -

2015 1239 2207 1296 lenico
2227 1241 2556 1312 quispiam,
2582 1240 2767 1296 alium
2793 1241 3037 1313 quidem
3060 1242 3305 1297 nomine
3490 1240 3675 1296 inter-

2015 1331 2244 1397 rogavit
2259 1353 2284 1381 c
2302 1345 2570 1401 quanam
2583 1329 2658 1386 de
2671 1345 2850 1384 causa
2871 1332 2912 1399 ι
2925 1331 2981 1401 ο
2995 1332 3036 1400 ι
3059 1330 3302 1385 Michael
3333 1332 3676 1385 Comnenus

2017 1434 2145 1473 sese
2176 1419 2361 1473 animi
2402 1419 2584 1474 tristis
2608 1424 2872 1486 angeret.
2900 1439 2928 1467 »
2964 1419 3057 1474 Ille
3089 1421 3372 1490 (namque
3421 1433 3673 1474 causam

2016 1507 2240 1576 optime
2259 1507 2554 1576 callebat),
2579 1508 2942 1577 «Tornicius,
2972 1530 2998 1556 η
3023 1508 3122 1577 ait,
3147 1530 3174 1556 «
3199 1510 3529 1562 Demetrius
3550 1506 3674 1562 fato

2017 1595 2391 1657 functus'est.
2431 1597 2534 1668 qui
2561 1612 2699 1651 eum
2724 1596 3068 1668 propinqua
3131 1597 3486 1665 cognatione
3531 1611 3669 1652 con-

2016 1686 2282 1755 tingebat
2309 1691 2365 1742 et
2395 1702 2486 1740 res
2515 1685 2787 1758 publicas
2827 1685 3307 1754 administrabat,
3355 1691 3672 1758 propterea

2015 1782 2204 1832 morte
2234 1776 2388 1831 illius
2419 1775 2597 1830 tristis
2630 1781 2740 1832 est.
2771 1797 2799 1825 η
2835 1775 3037 1840 Allius,
3066 1797 3092 1824 «
3121 1778 3246 1830 Non
3275 1776 3389 1830 hoc
3418 1776 3561 1830 mihi
3588 1776 3670 1833 ita

305 1868 469 1933 δοκεῖ,
502 1895 528 1920 ››
555 1876 726 1942 φησίν·
761 1893 788 1918 ‹‹
823 1866 946 1921 οὐδὲ
999 1872 1102 1940 γὰρ
1169 1864 1262 1918 διὰ
1316 1871 1569 1939 Τορνίκην
1619 1866 1782 1925 οὕτως
1843 1867 1903 1916 ἄν
1941 1878 1980 1932 Β
2017 1884 2070 1923 se

1941 1878 1980 1932 Β
2017 1884 2079 1923 se
2103 1867 2322 1923 habere
2354 1866 2583 1922 videtur
2617 1883 2629 1920 :
2659 1881 2855 1937 neque
2871 1865 3028 1920 enim
3049 1869 3290 1937 propter
3327 1865 3668 1921 Tornicium

301 1957 559 2033 ἠδημόνει
602 1965 692 2011 καὶ
769 1958 1055 2030 ἤσχαλλεν.
1133 1956 1271 2010 Ἀλλ’
1323 1958 1386 2015 ὡς
1453 1958 1633 2014 ἔοικεν.
1684 1954 1766 2006 ἐπὶ
1832 1963 1903 2025 τῷ

299 2055 550 2122 κρείττονι
606 2048 796 2102 ἐκείνου
878 2055 1026 2099 τοῦτο
1087 2044 1400 2117 συμϐέϐηκε,
1472 2049 1572 2096 Καὶ
1625 2044 1668 2096 εἰ
1724 2051 1900 2108 τοῦτο,

299 2147 390 2210 φεῦ
457 2141 601 2210 ἡμῖν·
656 2137 704 2190 έν
743 2140 845 2210 γὰρ
923 2143 1192 2210 ταραχαῖς
1259 2140 1348 2186 καὶ
1416 2133 1703 2204 ὀχλήσεσιν
1755 2129 1902 2193 αὖθις

294 2233 601 2299 γενήσονται
661 2231 726 2279 τὰ
767 2229 1011 2300 ἡμέτερα,
1112 2227 1554 2297 κατεστορεσμένα
1604 2231 1691 2274 νῦν
1738 2222 1902 2283 καλῶς

295 2321 386 2368 καὶ
416 2317 487 2377 εἰς
518 2316 802 2389 ἀταραξίαν
829 2315 1135 2374 ἐληλυθότα.
1165 2332 1196 2366 ›
1221 2315 1286 2365 Ἥ
1321 2309 1372 2364 δ’
1419 2308 1584 2371 οὗτος,
1642 2333 1670 2359 ‹‹
1739 2311 1897 2378 Ἀλλ’,

295 2405 528 2476 ὧφίλος,
586 2411 674 2457 καί
717 2406 761 2457 εἰ
821 2412 1049 2456 τοιοῦτον
1109 2402 1312 2467 ξυνέϐη,
1389 2422 1478 2452 και
1529 2401 1661 2452 οὕτω
1712 2397 1778 2458 δὴ
1841 2401 1897 2452 ού

293 2504 465 2556 κακῶς
494 2499 560 2547 τὰ
589 2496 708 2546 καθ’
739 2496 878 2566 ἡμᾶς
912 2493 1106 2555 ἕξουσι.
1165 2496 1265 2544 Καὶ
1321 2494 1422 2562 γὰρ
1472 2492 1496 2541 6
1543 2495 1702 2562 μέγας
1742 2486 1898 2561 δομέ-

296 2603 477 2645 στικος
530 2583 578 2636 έν
662 2584 1024 2640 Θεσσαλονίκη
1101 2579 1275 2651 διάγει
1351 2582 1668 2652 ἡγεμονεύων
1712 2579 1896 2648 αὐτῆς,

293 2679 381 2725 καὶ
413 2676 596 2726 οὑτοσὶ
631 2670 736 2726 die
771 2676 1035 2744 Κομνηνός
1063 2671 1285 2743 Μιχαὴλ
1315 2673 1340 2722 6
1397 2673 1582 2722 τούτου
1641 2672 1748 2730 υἱὸς
1805 2673 1898 2728 τὴν

292 2771 392 2814 τῶν
448 2765 707 2836 ἡμετέρων
792 2783 982 2834 χωρων
1069 2759 1300 2832 διεξάγει
1376 2756 1709 2832 κηδεμονίαν,
1776 2759 1899 2812 Ὑπὸ

290 2854 540 2904 τοιούτων
600 2860 724 2923 γοῦν
784 2857 1043 2924 μεγίστων
1137 2849 1342 2923 ἀνδρῶν
1434 2847 1900 2921 διακυϐερνωμενοι

289 2939 619 2993 ούκᾶνποτε
673 2946 927 3014 κοσμικόν
990 2937 1275 2992 κλυδώνιον
1351 2939 1573 3014 ἴδοιμεν,
1632 2942 1793 3002 ἄλλως
1849 2960 1901 2994 τε

289 3036 379 3082 καὶ
410 3033 439 3088 η
472 3038 563 3082 τοῦ
598 3031 892 3105 Βουλγάρου
933 3031 1258 3102 Καλλιμάνου
1310 3029 1504 3104 ἀδελφὴ
1551 3032 1632 3103 (4)
1686 3035 1896 3106 Θάμαρ,

289 3119 426 3182 οἶζυξ
455 3123 526 3172 ἔτι
576 3120 816 3188 τελοῦσα,
873 3122 944 3181 εἰς
1010 3124 1180 3193 γάμου
1233 3127 1497 3174 κοινωνίαν
1551 3121 1761 3184 ξυνέλθη
1828 3129 1900 3191 τῷ

2013 1952 2095 2008 ita
2128 1953 2354 2009 doleret
2384 1951 2884 2025 afﬂigereturque.
2921 1953 3033 2009 Sed
3066 1958 3129 2008 ut
3176 1958 3448 2024 apparet,
3481 1953 3543 2008 id
3607 1953 3670 2010 in

2013 2045 2225 2100 melius
2255 2044 2336 2100 illi
2365 2045 2630 2115 contigit.
2661 2044 2886 2109 Quodsi
2915 2044 3030 2100 hoc
3062 2043 3256 2112 fuerit,
3295 2060 3386 2100 vas
3443 2044 3620 2100 nobis
3653 2062 3668 2100 :

2011 2151 2217 2190 rursus
2229 2135 2390 2190 enim
2413 2150 2506 2189 res
2526 2139 2748 2190 nostra!
2764 2133 3126 2206 perturbatae
3144 2133 3202 2189 in
3217 2149 3442 2204 magna
3462 2133 3672 2190 confu-

2012 2224 2177 2280 sione
2196 2229 2484 2296 motuque
2507 2229 2699 2288 erunt,
2732 2239 2870 2296 quae
2908 2238 3070 2278 nunc
3103 2222 3322 2279 sedata
3347 2238 3418 2278 ac
3445 2225 3672 2295 optime

2009 2315 2410 2387 tranquillatae
2439 2318 2788 2370 cernuntur.
2840 2335 2868 2363 »
2899 2316 3061 2369 Tunc
3118 2313 3272 2369 alius
3335 2314 3665 2386 respondit,

2010 2426 2036 2454 α
2066 2404 2199 2468 Sed,
2222 2420 2258 2460 ο
2289 2419 2497 2460 carum
2521 2406 2720 2474 caput,
2762 2402 2896 2458 licet
2915 2407 3117 2458 tamen
3138 2403 3200 2458 id
3219 2402 3521 2469 acciderit,
3545 2418 3670 2460 non

2007 2492 2143 2549 ideo
2166 2510 2260 2549 res
2292 2497 2514 2548 nostrae
2543 2491 2699 2548 male
2731 2508 2796 2548 se
2825 2491 3156 2548 habebunt.
3211 2494 3484 2563 Namque
3541 2509 3667 2550 ma-

2009 2600 2162 2654 gnus
2185 2583 2544 2639 domesticus
2563 2582 2995 2638 Thessalonica:
3011 2581 3239 2651 degens
3261 2581 3425 2637 illam
3453 2582 3666 2639 mode-

2007 2679 2190 2730 ratur.
2228 2676 2288 2730 Et
2304 2673 2400 2728 hic
2430 2673 2558 2745 ipse
2590 2672 2928 2727 Comnenus
2960 2671 3225 2739 Michael,
3271 2671 3428 2726 illius
3481 2671 3666 2742 ﬁlius,

2009 2764 2225 2820 nostris
2239 2763 2485 2818 urbibus
2503 2777 2751 2835 operam
2766 2766 3016 2833 prestat.
3063 2761 3154 2816 Ab
3177 2761 3267 2816 his
3289 2761 3491 2833 itaque
3502 2762 3664 2828 viris,

2009 2853 2204 2925 iisque
2223 2851 2678 2922 maximis,!dum
2697 2851 3121 2920 gubernamur,
3140 2866 3452 2922 nunquam
3463 2851 3669 2924 aliqua

2012 2946 2360 3014 tempestate
2381 2941 2597 3012 jactari
2633 2939 2983 3011 poterimus.
3018 2942 3308 2995 Praeterea
3356 2939 3671 2996 Callimani

2010 3032 2249 3100 Bulgari
2265 3046 2432 3087 soror
2457 3029 2898 3098 Thamar,nulli
2929 3033 3139 3100 nupta,
3156 3029 3544 3084 matrimonio
3567 3030 3670 3084 Mi-

2011 3122 2200 3178 chaeli
2233 3123 2538 3178 Comneno
2564 3121 2866 3190 jungetur.
2897 3119 2965 3174 Et
2999 3119 3082 3173 sic
3111 3119 3264 3174 inter
3293 3133 3406 3173 nos
3444 3133 3514 3175 ac
3547 3118 3673 3175 Bul-

295 3215 547 3280 Κομνηνῷ
588 3210 830 3281 Μιχαὴλ,
873 3216 961 3262 καὶ
1014 3217 1325 3282 γενήσονται
1373 3209 1572 3264 σποδαὶ
1634 3216 1790 3282 μέσον
1848 3229 1902 3263 τε
1941 3233 1980 3288 C
2011 3228 2060 3284 gi

1941 3233 1980 3288 ρ
2011 3227 2188 3284 garos
2209 3226 2325 3284 pax
2353 3209 2784 3266 conciliabitur.
2822 3229 2850 3259 »
2877 3207 3015 3263 Haec
3046 3207 3124 3263 ab
3151 3207 3266 3262 illis
3317 3207 3510 3264 inscio
3571 3208 3671 3264 Mi-

291 3301 439 3370 ὴμῶν
469 3305 557 3352 καὶ
595 3298 922 3375 Βουλγάρωνξ
985 3323 1004 3349 ι
1067 3307 1246 3354 Ταῦτα
1296 3299 1363 3360 δὴ
1421 3303 1722 3360 λελάληνται
1777 3307 1899 3373 παρ’

291 3389 482 3454 αὐτῶν,
519 3387 686 3461 μηδὲν
713 3387 917 3451 εἰδότος
945 3399 1037 3443 τοῦ
1071 3398 1338 3464 Κομνηνοῦ
1376 3393 1610 3464 Μιχαὴλ.
1670 3396 1899 3468 Θάτερος

290 3474 377 3530 οὖν
417 3486 525 3530 τοῖν
557 3476 704 3531 δυοῖν
735 3478 954 3532 έπελθὼν
1013 3486 1144 3555 πρός
1199 3485 1284 3534 τὸν
1337 3483 1599 3556 εἰρημένον
1653 3483 1900 3554 Μαγκλα-

289 3567 440 3625 ϐίτην
473 3567 768 3639 ἀνήγγειλεν
835 3570 976 3640 αύτῷ
1043 3575 1107 3622 τὰ
1158 3580 1395 3636 τοιαῦτα,
1451 3574 1475 3623 6
1541 3569 1598 3625 δὲ
1655 3571 1899 3644 ἀνήνεγκε

286 3665 359 3727 τῷ
393 3656 621 3730 βασιλεῖ.
661 3662 1084 3730 Κατασχεθέντες
1127 3661 1214 3713 οὖν
1247 3667 1340 3714 καὶ
1393 3663 1550 3734 ἄμφω
1599 3663 1897 3736 ὴρὼτηνται

288 3752 531 3821 περὶτῶν
584 3746 910 3820 λελεγμένων.
966 3749 1024 3801 Ὀ
1076 3756 1166 3822 μέν
1221 3751 1308 3802 όῦν
1383 3756 1684 3822 κατηγόρει,
1743 3753 1896 3804 θάτε-

284 3855 371 3909 ρος
405 3833 464 3888 δε
490 3837 936 3909 ὑπεραπελογείτο.
967 3838 1191 3912 ’Ἐφησεν
1223 3837 1330 3906 οὖν,
1385 3845 1448 3901 ὡς
1512 3841 1746 3902 Ἀληθῶς
1806 3845 1895 3913 μεν

284 3926 466 3978 ούτοσι
509 3926 718 3999 εἰρήκει,
780 3927 902 4003 παρ’
986 3928 1111 4000 ἐμοῦ
1164 3933 1264 4004 γὰρ
1337 3928 1574 3988 ἁκὴκοεν·
1636 3929 1742 3982 ἀλλ’
1803 3931 1896 3982 ούκ

287 4011 491 4072 εἰδὴσει
545 4035 634 4088 μοι
683 4020 884 4088 εῖρηται
941 4027 1032 4070 τοῦ
1093 4026 1387 4091 Κομνηνοῦ,
1441 4020 1550 4073 ἀλλ’
1605 4019 1658 4083 ἐξ
1709 4021 1894 4073 ἑαυτοῦ

285 4108 406 4166 τοὺς
459 4105 641 4176 λόγους
691 4110 913 4168 τούτους
969 4114 1285 4181 προήνεγκα.
1363 4111 1715 4181 Ἠναγκάζετο
1771 4118 1893 4182 γοῦν

283 4199 404 4266 περὶ
465 4197 668 4247 τούτου’
729 4194 842 4249 ὁδε
898 4198 1098 4270 ὴρνεῖτο
1146 4199 1391 4262 καθάπαξ
1452 4205 1522 4271 μὴ
1585 4197 1776 4253 εἰδέναι
1845 4219 1896 4252 τι

284 4288 401 4355 πνρὶ
428 4287 614 4337 τούτου
646 4289 703 4337 τὸ
759 4286 969 4338 σύνολον
1032 4292 1119 4340 τόν
1172 4292 1438 4360 Κομνηνόν
1495 4289 1736 4360 Μιχαὴλ.
1790 4289 1896 4343 Ἐν·

285 4375 470 4426 ταῦθεν
504 4374 820 4449 ηὐτρέπιστο
859 4379 1062 4440 τούτοις
1133 4385 1480 4453 στρατιωτική
1545 4399 1625 4440 τις
1683 4377 1894 4433 ἀποδει-

285 4462 384 4530 ξις,
417 4461 523 4515 ἐπεὶ
554 4469 625 4535 μὴ
657 4467 900 4539 ὑπῆρχον
947 4469 995 4518 οἱ
1025 4477 1424 4542 μαρτυροῦντες,
1456 4472 1485 4527 ὴ
1559 4466 1653 4521 διὰ
1708 4473 1895 4541 μάχης

285 4549 536 4628 διάπειρα
719 4555 1080 4614 Ὠπλίσθησσν
1122 4555 1179 4610 ού
1270 4565 1359 4611 καὶ
1419 4562 1592 4633 ἄμφω,
1655 4560 1892 4619 εἰσῆλθον

284 4642 353 4704 εἰς
382 4647 440 4695 τὸ
469 4641 707 4710 στάδιον,
751 4645 1022 4708 ξυνέϐαλον
1081 4647 1334 4713 αλλήλοις,
1387 4650 1474 4722 [Ρ.
1537 4651 1620 4722 52]
1672 4655 1757 4702 καὶ
1818 4670 1894 4702 νε-

281 4736 494 4789 νίκηται
526 4735 552 4785 6
584 4739 1114 4809 κατηγορορούμενος,
1149 4738 1404 4813 ἀπερρίφη
1475 4760 1527 4792 τε
1566 4748 1656 4791 τοῦ
1706 4743 1890 4806 ἵππου,

280 4827 371 4873 καὶ
424 4827 518 4880 τὴν
571 4833 799 4877 νικῶσαν
853 4827 878 4877 6
936 4832 1222 4899 κατήγορος
1279 4832 1525 4900 ἔσχηκεν.
1584 4830 1894 4902 Συλληφθεὶς

281 4907 370 4962 οὖν
403 4911 536 4975 ζωος
567 4911 713 4979 (οὐδὲ
745 4917 846 4989 γὰρ
878 4921 1089 4990 καιρίαν
1131 4922 1397 4991 τέτρωται)
1438 4924 1527 4971 καὶ
1568 4919 1713 4979 αὖθις
1752 4920 1895 4993 ὴρώ-

1720 5007 1776 5061 Ὀ
1836 5006 1894 5062 δὲ

281 5101 373 5146 τοῦ
405 5099 654 5168 προτέρου
680 5095 836 5167 λόγου
868 5096 1155 5168 ἀντείχετο,
1181 5104 1269 5150 καὶ
1320 5096 1452 5171 μηδ’
1513 5100 1644 5161 ὅλως
1700 5098 1895 5152 εἰδέναι

279 5203 332 5235 τι
364 5187 448 5236 τόν
483 5189 743 5258 Κομνηνὸν
775 5183 1149 5262 διεμαρτύρετο
1201 5188 1443 5260 Μιχαὴλ.
1503 5189 1644 5242 Ἐπεὶ
1692 5187 1750 5242 δὲ
1802 5186 1895 5242 διὰ

280 5021 456 5068 τηται,
507 5005 574 5064 ὡς
624 5005 685 5055 ἄν
716 5005 1126 5078 καθομολγήσειε
1223 5012 1316 5066 τὴν
1379 5007 1641 5066 ἀληθειαν.

2011 3299 2215 3356 chaele
2233 3300 2539 3354 Comneno
2561 3297 2722 3352 dicta
2744 3300 2903 3351 sunt.
2923 3300 2994 3351 At
3015 3311 3173 3350 unus
3196 3312 3270 3351 ex
3292 3295 3386 3350 his
3418 3296 3671 3352 Mancla-

2009 3394 2140 3447 vita:
2180 3389 2479 3460 colloquia
2503 3389 2654 3443 inter
2680 3403 2741 3441 se
2771 3387 2917 3442 inita
2956 3385 3166 3442 refert:
3199 3386 3296 3442 ille
3325 3387 3670 3459 imperatori

2009 3481 2342 3536 denuntiat.
2366 3476 2844 3549 Comprehensus
2867 3480 3115 3548 uterque
3145 3476 3220 3531 de
3247 3476 3318 3531 iis
3338 3493 3476 3548 quae
3506 3476 3668 3533 dixe-

2007 3574 2142 3625 rant
2153 3569 2596 3637 interrogantur
2607 3609 2621 3622 .
2645 3569 2708 3620 Et
2720 3581 2876 3620 unus
2889 3565 3135 3637 quidem
3150 3565 3496 3634 accusabat,
3512 3565 3664 3622 alius

2006 3658 2413 3731 respondebat
2445 3679 2466 3706 ι
2510 3660 2926 3711 accusatorem
2959 3670 3098 3710 vera
3123 3655 3433 3711 enuntiare
3461 3672 3474 3710 :
3509 3671 3546 3711 a
3566 3672 3663 3713 me

2006 3750 2168 3804 enim
2200 3747 2410 3803 audiit.
2442 3748 2658 3801 Verum
2684 3761 2754 3800 ea
2776 3745 2965 3800 inscio
2995 3746 3164 3816 102
3188 3748 3494 3801 Comneno
3516 3745 3663 3803 effa-

2005 3846 2101 3896 tus
2142 3856 2294 3908 sum,
2326 3855 2464 3893 cum
2487 3853 2558 3892 ex
2585 3836 2944 3907 memetipso
2967 3836 3152 3892 verba
3170 3835 3272 3892 illa
3288 3837 3660 3909 protulerim.

2007 3930 2341 3999 Cogebatur
2360 3927 2454 3983 ille
2480 3931 2544 3982 ut
2567 3927 2682 3982 hoc
2703 3926 3010 3982 indicaret.
3039 3927 3253 3981 Verum
3276 3926 3370 3981 ille
3403 3926 3667 3997 negabat

2005 4020 2232 4092 aliquid
2251 4019 2500 4074 omnino
2522 4017 2595 4072 de
2613 4033 2684 4073 eo
2706 4015 3048 4073 Michaelem
3073 4017 3220 4072 scire
3261 4017 3661 4075 Comnenum.

2006 4111 2149 4166 Hinc
2171 4109 2442 4165 militaris
2465 4107 2761 4178 probatio,
2815 4122 2954 4162 cum
3011 4106 3357 4162 testimonia
3409 4106 3666 4163 aliorum

2004 4200 2507 4267 desiderarentur,
2533 4201 2924 4269 praeparatur,
2994 4211 3100 4268 per
3171 4211 3394 4269 pugna;
3448 4196 3670 4254 scilicet

2004 4290 2502 4361 experimentum.
2524 4286 2722 4342 Ambo
2739 4286 2940 4359 itaque
2964 4291 3294 4355 armantur,
3318 4285 3378 4342 in
3401 4287 3666 4343 stadium

2004 4381 2244 4447 intrant,
2279 4376 2612 4445 conﬂigunt
2632 4376 2910 4441 invicem,
2935 4379 2991 4431 et
3017 4380 3336 4432 accusatus
3385 4375 3665 4447 vincitur,

2003 4469 2105 4540 qui
2138 4483 2296 4539 equo
2325 4467 2593 4537 dejectus
2619 4465 2933 4520 victoriam
2961 4463 3296 4520 accusatori
3343 4466 3663 4522 concessit.

2005 4558 2164 4613 ldem
2192 4559 2365 4611 vivus
2398 4555 2868 4627 comprehensus
2894 4556 3110 4626 (neque
3136 4554 3297 4610 enim
3323 4554 3483 4612 letali
3530 4554 3663 4612 vul-

2003 4664 2141 4703 nere
2174 4663 2384 4704 vocem
2415 4647 2721 4712 amiserat)
2753 4646 2966 4701 iterum
2990 4645 3407 4717 interrogatur,
3451 4651 3516 4702 ut
3539 4663 3662 4703 rem

2002 4737 2301 4793 fateretur.
2335 4737 2430 4791 Ille
2452 4737 2716 4808 primum
2744 4750 3085 4791 sermonem
3125 4734 3422 4792 obstinate
3477 4737 3664 4794 conti-

2001 4828 2247 4897 nuabat,
2282 4832 2338 4883 et
2368 4825 2511 4881 nihil
2540 4826 2758 4882 horum
2784 4824 3127 4883 Michaelem
3159 4826 3534 4882 Comnenum
3584 4832 3665 4884 te-

2001 4934 2142 4975 nere
2192 4917 2657 4973 contestabatur.
2705 4917 2852 4970 Cum
2895 4930 3037 4970 vero
3090 4915 3484 4972 atrOcioribus
3537 4921 3662 4974 tor-

2003 5009 2219 5065 mentis
2275 5008 2586 5063 veritatem
2629 5005 3112 5078 extorquendam
3160 5021 3294 5062 esse
3353 5007 3664 5066 statuisset

2003 5099 2346 5171 imperator,
2373 5096 2897 5170 quemadmodum
2943 5094 3038 5150 ille
3101 5095 3475 5152 accuratiore
3530 5097 3664 5152 vitas

2003 5189 2284 5244 examina
2315 5187 2602 5260 poscebat
2627 5185 3005 5259 questionem
3061 5185 3304 5254 homini,
3363 5201 3500 5259 quas
3557 5201 3665 5260 per

1180 5331 1523 5399 Theodori
1573 5334 1824 5401 Dousaa
1873 5343 1940 5400 et
1986 5332 2239 5402 Leonis
2289 5330 2524 5400 Allatii
2573 5339 2775 5397 notae.

353 5473 432 5548 (4)_
461 5473 788 5546 Καλλιμάνου
810 5471 1027 5548 ἀδελφή.
1066 5474 1508 5548 Pachymerius,
1553 5481 1617 5532 ut
1675 5491 1879 5548 supra,

279 5560 402 5621 non
419 5545 601 5621 hasce
611 5545 747 5621 cum
763 5545 1362 5621 ThamareCallirnani
1380 5549 1601 5603 sororis
1614 5545 1879 5621 nuptias,

281 5617 386 5671 sed
410 5632 548 5692 cum
570 5618 691 5672 ﬁlia
713 5619 1006 5692 Michaelis
1033 5617 1297 5692 despotaa
1320 5625 1544 5676 secreta
1577 5617 1886 5692 sponsalia

281 5689 684 5762 suspicionem
701 5689 956 5746 affectati
984 5689 1215 5762 imperii
1245 5689 1711 5748 movissetradit.
1747 5697 1882 5750 ALL.

356 5761 434 5834 (5)
465 5763 545 5818 De
575 5762 1038 5836 purgationibus
1063 5761 1170 5836 per
1190 5764 1682 5822 monomachiam
1704 5770 1760 5822 et
1778 5764 1889 5822 fer-

1988 5492 2125 5532 rum
2180 5475 2446 5532 candens
2505 5474 2640 5530 vide
2687 5473 3067 5530 doctissimas
3134 5477 3190 5530 et
3228 5473 3663 5534 eruditissimas

1991 5549 2216 5605 Martini
2253 5548 2421 5603 Delrii
2452 5547 2922 5612 dissertationes,
2950 5545 3041 5618 [et
3073 5547 3301 5604 Sixtum
3334 5549 3662 5605 Senensem

1995 5621 2284 5677 Biblioth.
2316 5620 2398 5675 lib
2424 5637 2482 5683 ιι,
2514 5619 2573 5674 in
2597 5618 2737 5674 ﬁne.
2774 5619 2925 5674 Sunt
2973 5635 3008 5675 a
3078 5622 3264 5675 sacris
3323 5620 3662 5678 canonibus

1994 5693 2299 5750 damnatae
2315 5691 2707 5749 etinterdictze
2727 5691 2840 5748 sub
2862 5691 3060 5765 pmnis
3083 5693 3482 5764 gravissimis.
3519 5698 3660 5753 ALL.
