4470 6452
313 408 446 459 1113

1820 398 2164 456 ANNALES.

3542 414 3673 462 Hi’o

309 526 359 579 ἰν
392 531 494 593 σοὶ,
539 523 621 577 δεῖ
672 542 729 576 σι
760 529 832 592 τῷ
893 519 1079 595 μύδρῳ
1122 527 1217 580 τὴν
1273 522 1517 580 ἀλήθειαν
1565 527 1912 595 παραστήσα-
1941 523 1991 576 Α
2022 529 2074 580 ct

1906 553 1912 563 -
1941 523 1991 576 Α
2022 529 2213 580 ctores
2243 525 2396 581 inter
2435 526 2835 598 pugnandum
2876 528 3336 599 imperterritum
3370 533 3671 586 hormnem

311 618 455 670 σθαι,
488 637 518 664 ››
542 619 643 669 Καὶ
673 613 727 675 ὃς
753 610 894 684 μάλα
941 616 1186 682 γενναίως
1242 618 1329 663 καὶ
1392 607 1669 685 ἀνδρικῶς,
1726 617 1814 664 καὶ
1844 614 1912 673 ὡς

308 707 372 757 οἶν
420 724 535 756 τινα
562 704 611 755 οἱ
668 708 885 773 γραφεῖς
938 700 985 751 ἕν
1045 703 1196 773 μάχη
1239 702 1485 774 ἄτρεστον
1537 697 1909 772 διαγράψαιεν,

314 817 335 845 ι
369 795 479 845 Οὐχ
504 789 606 845 οἶδ’
649 794 787 852 ὅπως
817 794 874 842 τό
902 797 1134 842 τοιοῦτον
1174 788 1421 846 κέκληται
1450 789 1618 860 οἶγιον,
1653 785 1692 839 ὠ
1725 785 1914 841 dioto-

307 903 394 949 τα,
428 905 453 931 η
487 885 599 953 ἔφη.
639 900 661 932 ε
714 878 850 932 Ἀλλ’
895 877 991 949 ἐγὼ
1036 881 1125 949 μεν
1191 877 1495 952 ἁμαρτωλός
1551 878 1656 949 εἰμι
1713 879 1913 951 ἀνθρω-

305 991 424 1039 πος,
465 976 554 1023 καὶ
581 975 937 1043 τερατουργείν
969 975 1187 1019 τοιαῦτα
1234 967 1292 1019 ού
1326 965 1555 1039 δύναμαι
1642 968 1701 1020 Εἰ
1736 963 1795 1019 δέ
1825 987 1915 1039 μοι

310 1059 662 1132 συμϐουλεύῃ,
717 1056 1103 1130 μητροπολίτης
1150 1060 1218 1107 ὧν
1289 1061 1378 1108 καὶ
1432 1064 1565 1109 Θεοῦ
1621 1058 1913 1126 ἄνθρωπος,

306 1154 455 1201 τουτὶ
511 1145 927 1219 διαπράξασθαι,
980 1141 1198 1197 ἔνδυσαι
1253 1148 1341 1216 μεν
1426 1145 1581 1205 αύτός
1627 1149 1719 1202 τὴν
1779 1147 1915 1217 ἱεράν

311 1257 407 1291 σου
433 1243 606 1289 πᾶσαν
638 1234 847 1300 στολὴν,
889 1235 1059 1294 καθὼς
1116 1235 1295 1293 εἰωθας
1361 1232 1409 1284 ἐν
1466 1241 1539 1302 τῷ
1586 1234 1706 1303 θείῳ
1755 1232 1916 1306 εἰσέρ-

307 1329 507 1399 χεσθαι
548 1324 751 1397 βήματι
787 1328 877 1374 καὶ
920 1322 1252 1393 ἐντυγχάνειν
1313 1330 1447 1390 Θεῷ,
1509 1318 1619 1373 εἶτα
1675 1317 1743 1379 δὴ
1802 1320 1917 1384 ταῖς

313 1424 433 1478 σαῖς
486 1418 674 1487 χερσὶν
723 1412 1021 1486 ἕκπύρωσόν
1078 1431 1168 1483 μοι
1220 1414 1306 1462 τόν
1367 1407 1612 1482 σίδηρον,
1671 1410 1754 1472 αἶς
1802 1418 1916 1462 ιτοῦ

312 1506 450 1557 θείου
509 1502 707 1574 ἇφάπτῃ
770 1503 1018 1572 θύματος,

302 1593 451 1665 ὴμῶν
484 1592 664 1649 Ἰησοῦ
716 1597 962 1662 Χριστοῦ
1011 1596 1102 1640 τοῦ
1179 1589 1303 1661 ύπερ
1360 1592 1553 1649 παντὸς
1598 1596 1683 1639 τού
1713 1592 1913 1659 κόσμου

1091 1507 1183 1551 τοῦ
1258 1504 1503 1571 σώματος
1561 1508 1653 1551 τοῦ
1720 1505 1913 1572 Κυρίου

301 1684 580 1752 τεθυμένον
622 1680 712 1731 καί
783 1677 862 1731 ἀεὶ
912 1680 1157 1748 θυομένου
1215 1677 1341 1751 παρ’
1392 1679 1532 1749 ὑμῶν
1586 1685 1684 1728 τῶν
1746 1677 1914 1748 ἱερέων

297 1790 355 1825 τε
422 1775 511 1822 καὶ
564 1772 844 1842 ἱεραρχῶν,
903 1772 992 1818 καὶ
1042 1769 1260 1821 ταύταις
1306 1763 1373 1825 δὴ
1428 1774 1543 1828 ταῖς
1603 1768 1759 1841 ἱεραῖς
1818 1785 1912 1817 σου

295 1864 487 1934 χερσὶν
517 1857 682 1918 ἐπίθες
705 1865 767 1928 τῇ
824 1861 969 1929 χειρί
999 1875 1099 1923 μου
1141 1859 1227 1906 τόν
1286 1852 1526 1928 σίδηρον,
1581 1860 1671 1907 καὶ
1722 1853 1913 1928 ταοάῤ-

294 1950 436 2023 ῥηκα
456 1948 527 2009 εἰς
556 1951 643 2000 τόν
703 1951 968 2003 Δεσπότην
1024 1949 1253 2018 Χριστόν
1299 1948 1369 2004 ὡς
1426 1952 1599 1996 πᾶσαν
1643 1948 1733 2016 μεν
1768 1944 1912 2003 οὗτος

298 2038 556 2111 ἁμαρτίαν
586 2057 687 2108 μου
740 2040 1118 2109 παροράσεται,
1229 2056 1307 2105 υμ
1330 2039 1653 2107 ατουργήσει
1705 2030 1763 2085 δὲ
1819 2038 1911 2091 τὴν

295 2126 392 2185 ἆλὴ
450 2146 575 2178 ειαν.
640 2148 668 2175 ››
722 2130 822 2177 Καὶ
882 2125 907 2175 ό
962 2127 1053 2196 μὲν
1112 2127 1378 2198 Κομνηνὸς
1452 2122 1673 2195 Μιχαὴλ
1755 2123 1913 2181 οὕτως

294 2220 495 2289 εἴρηκεν
517 2237 529 2248 ·
563 2217 588 2267 ό
622 2212 680 2266 δὲ
712 2213 1118 2286 μητροπολίτης,
1147 2236 1174 2261 ‹‹
1227 2212 1297 2264 Ὠ
1343 2212 1465 2263 χαλε
1507 2216 1702 2275 νεανία,
1742 2234 1768 2261 ››
1796 2213 1907 2282 ἔφη,

297 2328 326 2358 ιι
369 2312 525 2358 τοῦτο
556 2304 649 2357 όύκ
694 2306 805 2355 ἔστι
866 2311 961 2365 τῆς
1010 2305 1262 2377 ἡμετέρας
1322 2306 1411 2353 καὶ
1466 2300 1771 2372 Ῥωμαικῶς
1819 2321 1911 2352 κα-

295 2396 623 2455 ταστάσεως,
678 2391 784 2443 ἀλλ’
834 2396 951 2444 οὔτε
997 2400 1094 2453 τῆς
1167 2390 1608 2450 ἑκκλησιαστικῆς
1678 2386 1909 2461 παραδό-

302 2504 456 2551 σεως,
517 2485 633 2535 οὔτε
659 2486 762 2555 μὴν
817 2501 871 2534 εκ
918 2489 1018 2533 τῶν
1076 2501 1242 2553 νομων
1290 2484 1404 2533 οὔτε
1456 2476 1522 2538 δὴ
1580 2484 1826 2552 πρότερον
1857 2479 1913 2531 ἐκ

297 2580 398 2624 τῶν
461 2572 604 2643 ἱερῶν
660 2574 749 2621 καὶ
806 2571 952 2621 θείων
1006 2573 1229 2621 κανόνων
1288 2567 1659 2639 παρείληπται.
1714 2565 1913 2641 Βαρϐα-

297 2662 443 2733 ρικὸς
475 2655 534 2712 δε
578 2661 603 2710 ό
646 2664 839 2733 τρόπος
896 2664 985 2710 καὶ
1029 2656 1198 2728 ἀγνὼς
1257 2656 1304 2709 ἐν
1336 2659 1481 2729 ὴμῖν,
1537 2664 1811 2729 προσταγῇ
1856 2652 1915 2707 δε

298 2754 452 2822 μόνον
500 2747 775 2822 ἐνεργεῖται
824 2746 1103 2820 βασιλικῇ.
1141 2770 1169 2797 ››
1212 2752 1312 2800 Καὶ
1377 2747 1453 2811 ὃς,
1505 2769 1531 2795 ι(
1566 2746 1634 2798 Ὦ.
1701 2751 1915 2817 μέγιστε

300 2840 529 2913 ὶεράρχα
581 2845 737 2906 Θεοῦ,
771 2838 815 2889 εἰ
853 2842 943 2909 μέν
983 2842 1072 2888 καὶ
1130 2836 1288 2897 αὐτός
1335 2834 1390 2887 ἐκ
1447 2833 1725 2909 βαρϐάρων
1773 2838 1917 2906 γεγί-

295 2948 461 3000 νημαι
521 2932 610 2979 καὶ
661 2925 1005 3001 βαρϐαρικοῖς
1073 2934 1183 2988 τοῖς
1256 2928 1437 2984 ἤθεσιν
1521 2923 1916 2999 ἀνατεθραμμαι

295 3019 326 3077 ὴ
382 3022 472 3070 καὶ
525 3021 698 3090 νόμοις
754 3021 1017 3068 τουτοισὶν
1075 3012 1507 3087 ίκπεπαίδεομαι,
1572 3020 1659 3066 και
1717 3012 1917 3088 βαρϐα-

298 3116 457 3181 ρικῶς
488 3106 798 3179 ἐκτισαίμην
855 3110 949 3163 τὴν
1000 3102 1159 3163 δίκην
1209 3125 1330 3177 μου.
1390 3104 1448 3157 Εἰ
1508 3101 1567 3156 δὴ
1628 3108 1915 3175 Ῥωμαίων,

298 3201 390 3249 καὶ
456 3194 510 3248 ἔκ
593 3195 875 3269 Ῥωμαίων,

299 3281 621 3358 παραδόσεις
677 3284 969 3359 ἐγγράφους
1014 3286 1043 3343 ὴ
1092 3289 1268 3358 κρίσις
1308 3285 1709 3358 τερματισθὴτω
1752 3304 1916 3356 μοι.»

306 3374 529 3436 Ἐκεῖνος
571 3378 661 3447 μεν
708 3371 795 3427 οὖν
843 3382 951 3435 τοῖς
993 3374 1167 3445 λόγοις
1214 3375 1319 3425 οἷον
1377 3380 1469 3425 τοῦ
1537 3377 1734 3424 νεανίου
1776 3372 1919 3425 ἐκπε·

958 3198 1091 3247 κατὰ
1162 3200 1353 3267 νόμους
1424 3193 1745 3265 Ῥωμαῖκοὺς
1823 3198 1913 3245 καὶ

301 3464 597 3537 πληγμίνος
648 3463 907 3535 (εἰκοστόν
970 3467 1072 3537 γὰρ
1119 3468 1210 3515 καὶ
1261 3458 1483 3535 ἕϐδομον
1544 3458 1753 3519 διήνυεν
1810 3465 1920 3524 ἔτος

302 3551 331 3604 ὁ
365 3555 630 3625 Κομνηνὸς
686 3551 931 3624 Μιχαὴλ)
979 3556 1069 3603 καὶ
1108 3560 1179 3623 τῷ
1230 3556 1301 3623 μὴ
1352 3552 1400 3602 ἐν
1460 3558 1754 3623 συμφοραῖς
1806 3553 1922 3602 τού-

303 3648 398 3694 του
446 3640 591 3701 ὄντος
651 3643 710 3693 τὸ
766 3641 934 3711 εύγνὲς
999 3648 1089 3693 τοῦ
1168 3644 1503 3715 φρυνὴματος
1579 3644 1921 3691 καταπίπτειν

304 3725 447 3802 μηδὲ
478 3733 536 3782 τό
568 3738 667 3781 τῶν
719 3731 991 3802 νοημάτων
1067 3728 1240 3801 χαλᾲν
1294 3727 1624 3795 εύεπὴϐολον,
1664 3731 1789 3802 πρὸς
1834 3731 1921 3780 τὸν

306 3818 535 3892 βασιλέα
572 3818 727 3873 ἐλθὼν
782 3822 882 3872 ὅσα
924 3824 1007 3871 κέν
1054 3816 1142 3871 οὖν
1197 3818 1330 3871 εἶπεν
1385 3817 1570 3879 ἐκεῖνος
1635 3818 1788 3877 αὐτὸς
1828 3817 1921 3869 οὐκ

304 3905 452 3979 οῖδα,
494 3911 697 3971 πάντως
762 3906 820 3962 δὲ
872 3910 1020 3961 ταῦτ’
1074 3908 1244 3981 ἔμελλε
1290 3908 1433 3971 λέξαι
1474 3911 1575 3960 ὅσα
1619 3927 1670 3960 τε
1717 3913 1806 3959 καὶ
1838 3908 1922 3959 οἷα

303 4004 548 4059 ἤκουσεν.
613 4004 771 4072 Ομεν
822 3996 910 4053 οὖν
962 3999 1214 4072 βασιλεὺς
1268 3996 1544 4074 διάπειραν
1599 3997 1790 4056 πολλὴν
1835 4017 1921 4050 πε-

302 4095 533 4151 ποιηκώς
582 4089 686 4162 ούχ
740 4089 853 4164 εὗρε
933 4091 1068 4142 κατά
1118 4109 1169 4141 τι
1221 4094 1307 4141 τὸν
1363 4092 1628 4161 Κομνηνὸν
1699 4089 1921 4159 Μιχαὴλ

302 4180 391 4231 ὑπ’
424 4178 595 4231 αἰτίαν
627 4184 768 4246 ὄντα,
802 4184 891 4231 καὶ
950 4186 1119 4231 ταῦτα
1172 4184 1261 4231 καὶ
1318 4182 1405 4230 τόν
1449 4177 1674 4230 ἀναίτιον
1726 4178 1797 4239 εἰς
1845 4178 1921 4229 αἰ-

301 4272 420 4322 τίαν
479 4269 619 4339 ἄγων
671 4276 734 4341 τῇ
780 4266 878 4342 βίᾳ
936 4269 964 4327 ὴ
1028 4276 1128 4320 τῶν
1172 4267 1335 4340 λόγων
1389 4268 1417 4327 ὴ
1485 4276 1583 4319 τῶν
1625 4272 1917 4340 μαστίγων,

305 4361 503 4420 Πάντες
540 4362 643 4433 γὰρ
711 4358 1051 4431 ἀπεφαίνοντο
1111 4361 1160 4410 οῖ
1213 4378 1267 4411 τε
1321 4368 1419 4410 τῶν
1473 4364 1705 4412 Λατίνων
1754 4360 1803 4410 οἱ
1868 4378 1921 4411 τε

302 4457 401 4501 τῶν
450 4447 734 4521 Ῥωμαίων,
809 4469 898 4501 και
947 4448 1179 4520 μάλιστα
1241 4458 1338 4500 τῶν
1400 4453 1656 4514 Λατίνων,
1701 4447 1808 4499 ἐπεί
1863 4468 1920 4518 γε

303 4537 455 4591 αὖτοι
514 4538 905 4611 ἐλευθερώτερον
944 4548 1182 4612 χρῶνται
1233 4546 1293 4611 τῇ
1351 4537 1554 4610 γλώττῃ
1608 4541 1733 4610 πρὸς
1802 4541 1919 4597 τοὺς

307 4624 592 4695 δεσπότας,
630 4627 795 4680 ἀθῶον
841 4626 969 4681 εἶναι
1018 4628 1103 4681 ἐπὶ
1159 4634 1289 4680 πᾶσι
1351 4646 1438 4679 τον
1500 4629 1762 4699 Κομνηνὸν
1821 4634 1917 4679 Μι-

305 4717 477 4790 χαὴλ.
527 4717 770 4771 Ἤκουσα
802 4715 861 4770 δὲ
888 4723 977 4771 καὶ
1020 4718 1176 4779 αύτός
1235 4716 1317 4769 ἐπὶ
1376 4725 1437 4789 τῇ
1496 4722 1668 4791 κρίσει
1720 4722 1917 4790 παρὼν,

308 4807 391 4882 [Ρ.
447 4809 536 4881 54]
583 4814 672 4860 καὶ
716 4813 810 4860 σύν
862 4808 978 4880 ἐμοὶ
1040 4810 1066 4860 ό
1124 4811 1414 4874 Μακρωτός
1464 4806 1723 4868 Ἰωάννης.
1776 4809 1921 4877 τάχα

303 4903 399 4951 καὶ
452 4901 600 4972 ἡμεῖς
679 4900 1147 4971 πναριθμοτῦμενοι
1196 4905 1305 4959 τοῖς
1351 4903 1591 4971 κρίνουσι
1640 4900 1767 4971 πρός
1825 4904 1917 4948 τοῦ

306 4986 569 5062 βασιλέως
626 4990 694 5051 ὡς
772 4988 933 5051 ξύλων
993 4989 1053 5040 οἶν
1129 5007 1262 5049 τινες
1352 4984 1518 5059 μηδὲν
1590 4983 1921 5059 διαφέροντες

304 5078 507 5131 ἐνταῦθ’
554 5080 814 5134 ἵστανται.
884 5078 1153 5133 Ἐϐούλετο
1200 5081 1303 5150 γὰρ
1355 5080 1555 5139 πάντας
1598 5078 1712 5129 κατ’
1758 5078 1919 5130 αὐτοῦ

306 5168 766 5241 συμψηφίζεσθαι.
798 5168 948 5241 Ἡμῖν
999 5164 1057 5220 δε
1107 5168 1201 5221 οὐκ
1253 5165 1314 5225 ὴν
1379 5167 1550 5239 λόγος,
1604 5169 1722 5219 οἰνευ
1761 5166 1917 5238 λόγου

300 5266 395 5311 τοῦ
448 5258 672 5330 Μιχαὴλ
732 5266 1001 5330 Κομνηνοῡ
1083 5263 1405 5332 κρινομένου.
1495 5257 1746 5329 Ἐφιλεῖτο
1815 5262 1917 5332 γὰρ

305 5347 445 5420 (φίλη
472 5368 531 5420 γε
576 5349 604 5405 ὴ
649 5346 888 5418 ἁληθεια)
926 5348 983 5400 ού
1026 5354 1156 5421 πρός
1220 5350 1364 5420 ἡμῶν
1423 5353 1511 5399 καὶ
1569 5352 1741 5419 μόνον,
1792 5346 1919 5399 ἀλλὰ

302 5442 395 5490 καὶ
426 5442 551 5511 πρός
580 5441 774 5499 παντὸς
802 5446 903 5489 τῶν
970 5437 1017 5489 ἐν
1062 5437 1189 5490 τέλει
1236 5446 1332 5489 τῶν
1364 5457 1415 5489 τε
1472 5446 1778 5511 στρατηγῶν
1817 5448 1915 5489 των

303 5546 359 5580 τε
392 5536 725 5602 στρατιωτῶν
764 5532 854 5581 καὶ
886 5528 1050 5580 αύτὼν
1092 5536 1192 5579 τῶν
1258 5537 1353 5590 τῆς
1400 5524 1694 5599 ξύγκλυδος
1749 5549 1760 5560 ⁸
1812 5536 1919 5590 τοῖς

303 5635 360 5669 τε
387 5619 490 5691 γὰρ
540 5620 811 5681 νεάζουσιν
868 5614 998 5678 ἡδύς
1054 5614 1116 5676 ἦν
1171 5623 1261 5670 καὶ
1308 5623 1579 5692 προσηνὴς
1612 5617 1801 5689 ὁμιλῶν
1832 5624 1921 5670 καὶ

306 5726 516 5782 χαριεις
573 5706 622 5760 ἐν
693 5707 866 5781 λόγοις
914 5713 1004 5762 καὶ
1052 5707 1105 5761 ἐν
1176 5705 1528 5783 ἐπιτηδεύμαι
1584 5704 1917 5778 δεξιώτατος,

2020 613 2447 685 depinxissent,
2474 616 2683 671 ﬁrmus
2727 633 2795 671 ac
2833 618 3080 681 stabilis,
3117 642 3141 661 η
3182 621 3423 671 Sacrum
3470 623 3601 688 tum,
3650 656 3669 665 η

2020 702 2232 774 inquit,
2272 726 2292 753 ε
2338 704 2600 774 domine,
2631 722 2900 777 quonam
2944 712 3186 762 vocetur
3242 709 3507 772 nomine,
3555 726 3669 762 non

2021 793 2180 846 novi.
2218 792 2345 863 Ipse
2370 808 2480 862 ego
2501 801 2779 865 peccator
2799 813 2932 850 sum
2958 812 3066 851 nec
3088 796 3451 867 rjuscemodi
3480 798 3673 851 admi-

2022 880 2213 936 randa
2243 880 2475 936 efﬁcere
2492 898 2762 953 possum.
2793 885 2847 940 Si
2876 901 3015 939 vero
3051 892 3108 941 tu
3132 886 3296 951 mihi,
3328 887 3428 956 qui
3457 892 3675 939 metro-

2023 969 2206 1041 polita
2235 986 2299 1024 es
2330 976 2384 1025 et
2414 972 2597 1027 homo
2632 974 2892 1041 divinus,
2944 981 3005 1030 ut
3032 975 3090 1029 id
3139 976 3412 1047 expleam
3456 975 3675 1029 adhor-

2024 1062 2185 1129 taris,
2228 1075 2339 1127 age
2371 1066 2431 1114 tu
2461 1061 2587 1132 ipse
2626 1078 2933 1119 sacrarum
2976 1066 3222 1120 vestium
3268 1070 3562 1136 apparatu
3597 1064 3679 1119 in-

2024 1151 2188 1215 tegro
2202 1152 2253 1201 te
2266 1148 3083 1222 circumvesti,quemadmod
3095 1169 3195 1207 um
3212 1154 3427 1208 Sancta
3441 1158 3677 1208 sancto-

2024 1251 2157 1290 rum
2186 1236 2416 1305 ingredi
2438 1237 2593 1292 soles
2634 1246 2693 1293 et
2724 1242 2908 1294 Deum
2935 1240 3159 1313 alloqui
3186 1258 3199 1304 ;
3232 1240 3369 1295 dein
3399 1241 3513 1295 tuis
3544 1257 3677 1295 ma—

2022 1324 2223 1390 nibus,
2238 1326 2459 1397 quibus
2474 1328 2666 1394 tangis
2682 1335 3134 1384 sacrosanctum
3150 1330 3530 1399 sacriﬁcium,
3552 1346 3674 1385 cor-

2024 1429 2138 1485 pus
2177 1416 2405 1470 Domini
2437 1416 2623 1471 nostri
2658 1419 2795 1471 .lesu
2827 1418 3063 1487 Christi,
3095 1420 3200 1491 qui
3231 1436 3340 1491 pro
3365 1418 3508 1474 orbe
3540 1420 3676 1473 uni-

2022 1501 2455 1574 versozoblatus
2478 1509 2569 1559 est
2589 1506 2992 1577 continuoque
3016 1523 3051 1562 a
3074 1507 3245 1562 vobis
3264 1507 3678 1563 sacerdotibus

2022 1596 2078 1646 et
2116 1592 2480 1662 praesulibus
2516 1592 2781 1660 effertus,
2817 1594 3037 1650 ferrum
3071 1596 3215 1651 mihi
3265 1596 3590 1664 inﬂamma,
3622 1600 3679 1651 et

2022 1678 2234 1735 iisdem
2260 1682 2571 1735 sacristuis
2588 1682 2869 1737 manibus
2890 1683 3110 1739 ferrum
3132 1690 3444 1756 acceptum
3472 1684 3677 1740 manui

2021 1784 2171 1824 meae
2194 1769 2453 1841 impone.
2480 1770 2570 1825 Sic
2593 1771 2751 1826 enim
2777 1773 2834 1826 in
2862 1774 3113 1827 Domino
3134 1790 3267 1828 meo
3295 1774 3521 1829 Christo
3542 1790 3679 1829 con-

1954 1877 1991 1931 Β
2021 1857 2165 1925 ﬁdo,
2185 1859 2388 1913 omnia
2411 1876 2549 1915 eum
2574 1877 2708 1915 mea
2734 1861 2951 1916 delicta
2982 1862 3499 1918 dissimulaturum
3532 1863 3677 1918 veri-

2023 1952 2323 2020 tatemque
2354 1964 2475 2003 non
2514 1950 2640 2004 sine
2672 1951 2966 2005 miraculo
2994 1952 3451 2023 patefacturum.
3483 1975 3502 1999 ι
3546 1955 3677 2007 Haec

2022 2040 2361 2094 Comnenus
2376 2039 2619 2095 Michael
2635 2040 2890 2096 dixerat.
2926 2044 2990 2096 Et
3009 2042 3402 2114 metropolita,
3420 2062 3449 2094 ‹
3464 2044 3506 2098 Ο
3520 2042 3678 2097 bone

2021 2128 2276 2200 juvenis,
2314 2150 2340 2177 ι)
2374 2127 2627 2199 inquit,u
2644 2129 2759 2184 hoc
2776 2146 2971 2201 neque
2994 2131 3177 2186 nostri
3200 2147 3397 2202 neque
3426 2132 3678 2186 Romani

2019 2216 2269 2272 instituti
2312 2232 2506 2289 neque
2548 2218 2966 2274 ecclesiasticae
3019 2220 3369 2275 traditionis.
3419 2220 3544 2274 Imo
3574 2236 3677 2274 ne-

2020 2322 2138 2379 que
2163 2321 2229 2361 ex
2260 2304 2517 2377 legibus,
2550 2322 2745 2380 neque
2802 2308 2967 2379 prius
3030 2324 3058 2363 e
3115 2309 3298 2363 saCIiS
3349 2324 3418 2364 ac
3465 2308 3679 2363 divinis

2023 2394 2355 2449 canonibus
2394 2394 2787 2466 desumptum
2835 2401 2940 2451 est.
2979 2399 3150 2470 105
3184 2398 3296 2452 Sed
3328 2397 3680 2452 barbaricus

2022 2489 2110 2539 est
2138 2483 2248 2538 iste
2277 2482 2517 2551 modus,
2547 2485 2841 2557 nobisque
2875 2486 3118 2541 minime
3151 2492 3351 2549 notus,
3385 2487 3680 2558 quijussu

2022 2578 2256 2628 tantum
2284 2573 2667 2645 imperatorio
2698 2574 2784 2630 ﬁt.
2817 2594 2846 2627 ν
2876 2577 2942 2630 Et
2971 2575 3084 2639 ille,
3122 2600 3148 2626 ‹‹
3195 2578 3237 2632 Ο
3293 2577 3553 2631 maxime
3581 2575 3682 2630 Dei

2025 2662 2291 2728 antistes,
2325 2663 2372 2717 si
2404 2679 2475 2717 ex
2524 2662 2803 2719 barbaris
2859 2664 2989 2736 ipse
3046 2680 3235 2734 genus
3287 2666 3570 2720 ducerem
3627 2669 3684 2720 et

2022 2749 2353 2807 barbaricis
2381 2752 2651 2807 moribus
2672 2752 2964 2808 enutritus
2997 2760 3097 2810 aut
3126 2754 3422 2810 similibus
3449 2754 3682 2824 legibus

2024 2842 2347 2897 instructus
2379 2842 2650 2910 fuissem,
2683 2842 3001 2899 barbarico
3039 2844 3216 2899 etiam
3260 2843 3445 2899 modo
3472 2860 3685 2915 poenas

2022 2931 2269 2987 lucrem.
2301 2931 2414 2985 Sed
2464 2932 2507 2985 si
2544 2934 2847 2987 Romanus
2877 2938 2934 2989 et
2962 2949 3034 2987 ex
3062 2934 3370 3001 Romanis,
3399 2932 3686 2989 Romanis

2024 3020 2258 3089 legibus
2283 3025 2340 3075 et
2380 3021 2611 3092 scriptis
2638 3021 3058 3077 traditionibus
3076 3022 3373 3093 judicium
3412 3022 3685 3077 termine-

2027 3114 2137 3165 tur.
2162 3131 2181 3158 ι
2210 3108 2307 3165 Ille
2322 3110 2522 3181 itaque
2533 3110 2771 3181 juvenis
2798 3112 3178 3167 sermonibus
3202 3112 3375 3184 quasi
3398 3111 3685 3167 attonitus

1960 3233 2000 3288 ρ
2029 3198 2291 3269 (Michael
2314 3214 2579 3271 namque
2611 3201 2953 3288 Comnenus
2988 3201 3312 3272 septimum
3344 3206 3486 3255 tunc
3521 3205 3579 3256 et
3606 3202 3687 3255 vi-

2030 3288 2323 3358 gesimum
2369 3303 2597 3343 annum
2641 3287 2908 3357 agebat),
2947 3294 3004 3344 et
3042 3289 3207 3361 quod
3247 3289 3306 3344 in
3352 3289 3689 3344 infortuniis

2028 3376 2173 3432 nihil
2213 3376 2287 3431 de
2334 3376 2639 3445 generosis
2693 3378 3159 3445 cogitationibus
3206 3377 3541 3433 demitteret
3579 3393 3689 3433 nec

2031 3466 2461 3521 sententiarum
2497 3466 2875 3535 ingeniosum
2908 3483 2976 3523 ac
3006 3467 3283 3522 dextrum
3327 3467 3571 3531 laxaret,
3613 3466 3690 3523 ad

2030 3555 2453 3627 imperatorem
2488 3556 2764 3616 accurrit,
2796 3562 2853 3611 et
2881 3573 3161 3628 quaenam
3195 3558 3321 3629 ipse
3348 3557 3561 3613 dixerit
3590 3574 3689 3613 ne-

2032 3642 2176 3711 scio,
2205 3648 2469 3698 attamen
2498 3642 2665 3697 illum
2697 3660 3075 3716 quaecunque
3109 3644 3405 3712 audierat,
3432 3662 3542 3701 nec
3573 3646 3692 3702 alia

2031 3731 2501 3802 dixissejudico.
2525 3731 2707 3801 Igitur
2737 3733 3060 3804 imperator
3112 3739 3253 3804 post
3276 3735 3443 3789 varia
3474 3734 3688 3790 multa-

2030 3836 2146 3893 que
2177 3821 2586 3892 experimenta
2616 3820 2837 3876 nullius
2869 3822 3137 3877 criminis
3189 3828 3292 3877 aut
3342 3823 3480 3878 facti
3519 3840 3691 3879 reum

2031 3909 2372 3967 Michaelem
2402 3913 2774 3967 Comnenum
2794 3910 3206 3983 deprehendit,
3239 3927 3431 3985 eoque
3458 3912 3693 3985 potissi-

2032 4016 2221 4066 mum,
2238 4000 2402 4072 quod
2418 4000 2796 4056 innocentem
2815 4007 3230 4057 etsermonum
3250 4001 3694 4071 etﬂagellorum

2030 4090 2087 4144 vi
2116 4106 2286 4146 reum
2318 4096 2649 4162 perageret.
2700 4092 2921 4147 Omnes
2968 4093 3127 4147 enim
3167 4092 3290 4147 sive
3340 4092 3525 4147 Latini
3571 4093 3695 4148 sive

2030 4180 2303 4248 Romani,
2339 4180 2440 4234 sed
2474 4179 2737 4235 maxime
2779 4180 2982 4241 Latini,
3008 4181 3111 4252 qui
3139 4197 3240 4236 ore
3285 4181 3559 4237 liberiore
3588 4182 3694 4237 ad-

2030 4285 2267 4324 versum
2282 4268 2919 4341 dominosloquuntur,
2946 4269 3283 4326 Michaelem
3309 4272 3688 4327 Comnenum

2031 4358 2301 4414 omnium
2317 4358 3202 4431 planeinsontemjudicabant.
3234 4364 3354 4430 Ego
3383 4362 3564 4417 etiam
3596 4344 3697 4434 qui

2024 4450 2255 4521 judicio
2284 4449 2691 4518 interfueram,
2726 4457 2781 4504 et
2815 4467 2934 4505 una
2992 4467 3230 4505 mecum
3291 4455 3552 4506 Joannes
3582 4456 3689 4508 Ma-

2030 4545 2251 4605 crotus,
2282 4544 2527 4611 uterque
2565 4538 2642 4594 ab
2662 4539 3020 4611 imperatore
3052 4542 3202 4595 inter
3223 4541 3458 4612 judices
3490 4557 3689 4596 annu-

2032 4627 2257 4697 merati,
2293 4628 2617 4683 nonnullos
2653 4628 2803 4683 nihil
2834 4644 2870 4684 a
2912 4629 3089 4699 lignis
3122 4629 3416 4685 distantes
3473 4630 3697 4686 ibidem

2032 4718 2315 4774 interesse
2344 4717 2563 4773 audivi.
2599 4722 2869 4790 Namque
2900 4719 2993 4774 ille
3021 4720 3260 4776 volebat
3285 4727 3349 4776 ut
3377 4737 3590 4776 omnes
3625 4721 3700 4775 si-

2033 4808 2157 4863 mul
2184 4808 2241 4862 in
2269 4823 2406 4863 eum
2433 4807 2788 4863 sententiam
2812 4808 3051 4864 ferrent.
3084 4809 3198 4865 Sed
3231 4826 3340 4864 nos
3374 4810 3465 4865 his
3498 4826 3698 4882 neque

2031 4898 2493 4953 attendebamus
2515 4912 2712 4969 neque
2735 4897 3200 4954 advertebamus
3230 4899 3522 4965 animum,
3557 4917 3697 4956 cum

2031 4989 2376 5042 Comnenus
2416 4986 2659 5042 Michael
2690 4986 2921 5060 absque
2982 4990 3156 5061 106
3191 4988 3309 5044 ulla
3368 4989 3600 5045 ratione
3632 4990 3693 5046 in

2024 5076 2320 5149 judicium
2378 5080 2709 5134 vocaretur.
2767 5076 3133 5147 Diligebatur
3184 5079 3425 5145 etenim,
3470 5079 3553 5135 ita
3601 5096 3699 5136 me

2030 5170 2190 5222 amet
2211 5167 2583 5233 veritas,non
2607 5182 2642 5221 a
2666 5166 2841 5221 nobis
2864 5167 3069 5235 modo,
3096 5166 3201 5222 sed
3221 5166 3300 5223 ab
3327 5184 3699 5242 unoquoque

2029 5256 2318 5324 dignitate
2350 5255 2759 5327 praefulgente,
2788 5256 3139 5312 ductoribus
3188 5258 3525 5328 copiarum,
3590 5260 3698 5315 mi-

2029 5346 2247 5417 litibus,
2274 5347 2561 5402 convenis
2596 5364 2609 5411 ;
2639 5346 3129 5418 cumjunioribus
3163 5348 3379 5417 dulcis,
3414 5366 3522 5404 tls:t
3561 5348 3702 5405 faci-

2028 5437 2122 5503 lis,
2156 5437 2396 5508 eloquio
2412 5436 2631 5507 suavis,
2660 5438 2731 5492 ad
2747 5436 2985 5505 agenda
3002 5438 3440 5511 tractandaque
3462 5440 3702 5509 negotia

2031 5526 2423 5595 incredibilis,
2450 5526 2693 5582 senibus
2723 5531 2780 5582 et
2799 5542 3074 5582 sermone
3093 5533 3149 5582 et
3170 5528 3491 5599 prudentia
3519 5545 3700 5585 senex

2031 5616 2388 5683 habebatur,
2414 5617 2586 5688 cujus
2613 5616 2923 5688 impendio
2955 5617 3391 5673 consuetudine
3424 5618 3503 5674 illi
3535 5617 3697 5673 oble—

2032 5705 2371 5765 ctabantur.
2392 5709 2524 5763 Haec
2549 5709 2752 5763 tamen
2776 5706 2858 5765 ita
2874 5712 3177 5764 annuente
3200 5708 3453 5764 Numine
3476 5707 3536 5764 in
3559 5722 3699 5764 eum
