4470 6452
793 430 929 483 1115

2079 426 2366 486 GEORGII
2396 427 2867 486 ACROPOLIT£

4028 427 4164 481 1116

787 554 1025 624 patrata
1037 555 1192 620 sunt,
1207 551 1724 623 quandoquidem,
1741 568 1880 608 cum
1902 568 1971 608 ac
1995 552 2443 624 imperatorium
2478 557 2524 608 Α

2403 569 2443 607 n
2478 557 2524 608 Α
2555 559 2659 613 τοῖς
2688 571 2740 605 τε
2767 556 2984 626 γέρουσι
3025 553 3241 624 γηραιὸς
3269 548 3438 604 ἑδόκει
3493 551 3582 602 τὸν
3622 548 3772 619 λόγον
3831 568 3885 602 τι
3935 553 4024 601 καὶ
4071 549 4168 606 τὴν

789 641 1025 697 culmen
1056 641 1318 697 attollere
1336 642 1696 697 decrevisset
1725 659 1886 706 eum,
1916 648 1971 698 et
2012 648 2444 698 tormentorum

785 731 924 798 igne
972 735 1028 786 et
1057 730 1604 802 experimentorum
1636 731 1986 787 conﬂatorio
2032 731 2327 803 probavit,
2371 747 2445 787 ne

787 821 846 875 in
870 819 1084 874 solium
1137 825 1375 874 evectus
1414 819 1730 875 calumniis
1761 825 1816 874 et
1862 819 2351 875 accusationibus
2372 836 2444 875 ex

787 908 943 964 facili
967 908 1251 974 crederet,
1280 924 1475 978 neque
1514 925 1584 964 eo
1615 909 1675 964 in
1721 908 1852 964 loco
1904 910 2289 978 constitutus,
2321 925 2444 980 quo

785 998 1082 1069 quidquid
1111 997 1348 1053 libuerit
1368 1013 1545 1067 agere
1566 1004 1790 1070 posset,
1844 999 1981 1071 plus
2007 999 2171 1071 justo
2195 999 2444 1053 celerius

785 1086 1129 1142 decerneret
1159 1102 1229 1142 ac
1282 1087 1726 1144 determinaret.
1768 1091 1980 1143 Verum
2015 1088 2338 1144 enimvero
2381 1088 2442 1142 in

785 1175 916 1231 aliis
947 1175 1146 1243 etiam,
1169 1180 1234 1230 ut
1261 1176 1638 1249 subsequens
1660 1178 1850 1232 oratio
1873 1178 2178 1245 indicabit,
2205 1177 2443 1233 Numini

785 1264 1076 1335 probatus
1107 1269 1211 1320 est.
1243 1265 1306 1319 In
1337 1271 1601 1322 extremo
1632 1267 1872 1336 negotio
1903 1267 2251 1338 imperator,
2278 1266 2442 1338 quod

785 1353 964 1408 etiam
988 1354 1114 1425 ipse
1144 1353 1452 1410 auditione
1488 1371 1865 1428 acceperam,
1888 1356 2250 1421 enuntiarat,
2291 1378 2317 1405 ‹‹
2347 1358 2442 1408 Vae

785 1441 1007 1497 misero
1045 1442 1168 1512 tibi,
1194 1459 1463 1514 quanam
1499 1443 1689 1513 gloria
1745 1444 2011 1499 cecidisti
2042 1445 2054 1498 !
2091 1466 2117 1494 η
2161 1444 2221 1498 Id
2263 1459 2442 1514 porro

787 1535 928 1590 erat.
964 1531 1389 1602 imperatorem
1432 1532 1609 1587 ﬁxius
1655 1533 1858 1587 animo
1892 1533 2150 1602 agitasse
2179 1538 2440 1603 neptem,

786 1617 1043 1688 primam
1079 1619 1266 1675 ﬁliam
1323 1621 1426 1675 ﬁlii
1467 1622 1559 1675 sui
1604 1621 1949 1694 imperatori
1992 1621 2304 1686 Theodori,
2333 1625 2440 1675 ire-

785 1723 923 1774 nen,
942 1726 1077 1781 quae
1096 1710 1213 1781 ipsi
1231 1711 1523 1766 Michaelis
1557 1710 1804 1766 secundi
1846 1710 2188 1766 consobrini
2208 1711 2295 1764 sui
2317 1709 2441 1765 ﬁlia

786 1804 931 1865 erat,
955 1798 1215 1854 Michaeli
1241 1801 1546 1855 Comneno
1572 1799 1629 1854 in
1650 1800 2100 1854 matrimonium
2120 1799 2435 1854 collocare.

2558 644 2784 709 σύνεσιν,
2851 645 2938 692 καὶ
2989 639 3252 700 ἀσπάσιος
3307 639 3485 700 αὐτοῖς
3529 638 3813 710 ἐνομίζετο.
3867 643 3966 690 Καὶ
4015 636 4160 690 ταῦτ’

2554 727 2661 784 οὖν.
2733 735 2802 790 ὡς
2879 727 3046 800 οἶμαι,
3117 734 3320 800 γέγονεν
3394 728 3471 781 ἐπ’
3522 728 3659 798 αύτῷ
3732 725 4026 799 δοκιμασίᾳ
4069 733 4164 778 τοῦ

2553 824 2857 892 κρείττονος.
2902 819 3014 871 Ἐπὶ
3075 821 3176 891 γάρ
3227 818 3300 879 εἰς
3351 822 3445 875 τὴν
3475 817 3746 889 βασίλειον
3794 815 3967 887 ἔμελλε
4027 818 4162 877 Θεὸς

2553 907 2870 959 ἀναϐιϐάσαι
2926 915 3106 959 τοῦτον
3159 912 3448 980 περιωπήν,
3513 914 3589 976 τῷ
3633 915 3730 958 τῶν
3771 904 4012 977 βασάνων
4035 892 4168 978 πυρί

2551 1002 2640 1049 καὶ
2683 1004 2753 1066 τῷ
2804 993 3082 1068 διαπείρας
3141 1001 3483 1068 χωνευτὴρίῳ
3542 991 3909 1066 δεδοκίμακεν,
3967 995 4046 1045 ἶνα
4088 997 4160 1064 μὴ

2551 1087 2619 1147 εἰς
2649 1090 2735 1138 τὸν
2777 1084 3040 1157 βασίλειον
3074 1084 3266 1146 ἀναϐὰς
3314 1087 3491 1159 θρόνον
3541 1085 3668 1158 ῥᾷον
3725 1086 3842 1154 ἔχοι
3896 1085 4162 1135 πιστεύειν

2553 1173 2819 1235 διαϐολαῖς
2897 1180 2985 1226 καὶ
3055 1179 3588 1246 συκοφαντίαις,μὴτε
3643 1175 3828 1225 θᾶττον
3881 1175 3976 1232 τὰς
4036 1173 4164 1223 ἁπο-

2551 1269 2731 1338 φάσεις
2771 1273 2931 1318 ποιεῖν
2971 1264 3047 1317 ἐπ’
3100 1266 3307 1336 ἐξουσίᾳ
3350 1272 3440 1317 τοῦ
3499 1267 3738 1337 πράττειν
3797 1266 3861 1314 τὰ
3905 1261 4170 1334 βουλητέα

2549 1359 2892 1427 γενενημένος.
2950 1355 3025 1406 Ού
3077 1359 3180 1426 μὴν
3226 1359 3315 1405 καὶ
3375 1353 3422 1406 ἐν
3465 1353 3638 1414 ἄλλοις
3681 1351 4052 1416 κατεξήτασεν,
4087 1355 4157 1412 ὡς

2550 1449 2741 1495 πτοίων
2790 1446 2815 1495 6
2872 1443 3018 1514 λόγος
3073 1441 3326 1501 δηλώσει.
3373 1444 3490 1495 Ἐπὶ
3523 1439 3582 1494 δε
3640 1441 3769 1493 τέλει
3825 1447 3916 1501 τῆς
3975 1441 4160 1511 ίποχί-

2553 1551 2679 1594 σεως
2732 1537 2957 1589 ταυτησὶ
3015 1529 3075 1589 ἦν
3142 1533 3167 1583 6
3233 1530 3479 1603 βασιλευς
3541 1530 3774 1603 εἰρηκώς,
3833 1527 4004 1600 κάμοῦ
4061 1536 4162 1579 τῶν

2548 1622 2710 1693 λόγων
2742 1622 3090 1694 ἀκροωμένου,
3126 1642 3154 1670 ‹‹
3197 1620 3266 1674 Αἰ
3320 1620 3549 1685 ἐλεεινὸν,
3618 1619 3730 1678 οἱας
3775 1615 3935 1680 δόξης
3985 1617 4158 1679 ἐξέπε-

2553 1731 2654 1773 σες,
2685 1733 2711 1759 ››
2738 1715 2806 1763 Τὸ
2840 1708 2898 1763 δὲ
2933 1708 2992 1768 ἧν
3020 1712 3100 1762 ὅτι
3139 1729 3232 1783 περ
3277 1712 3408 1784 πρὸς
3468 1707 3772 1781 βουλήσεως
3818 1704 3877 1764 ἦν
3931 1714 4001 1776 τῷ
4051 1704 4159 1777 βα-

2551 1801 2684 1852 σιλεῖ
2719 1805 2811 1858 τὴν
2866 1799 3082 1870 ἐγγόνην
3126 1800 3307 1862 αὐτοῦ,
3358 1803 3452 1856 τὴν
3507 1803 3718 1870 πρώτην
3781 1797 4042 1869 θυγάτέρα
4067 1802 4160 1846 τοῦ

787 1888 957 1952 Quod
985 1893 1041 1943 et
1073 1889 1133 1944 in
1180 1890 1540 1960 imperatore
1578 1891 1805 1946 Joanne
1863 1891 2113 1962 aliisque
2165 1889 2437 1962 pluribus
2472 1902 2509 1955 Β
2547 1912 2552 1932 π

2394 1906 2437 1943 lS
2472 1902 2509 1955 Β
2547 1893 2663 1942 υἱοῦ
2730 1889 2890 1941 αὐτοῦ
2957 1896 3049 1941 τοῦ
3107 1887 3360 1961 βασιλέως
3428 1883 3707 1958 Θεοδώρου
3763 1890 3856 1943 τὴν
3910 1885 4159 1957 Εἰρήνην,

785 1976 1008 2032 factum
1043 1983 1147 2033 est.
1177 1981 1241 2034 Et
1266 1979 1357 2034 his
1385 1979 1590 2034 atﬁnia
1623 1996 1743 2035 non
1776 1980 1892 2034 alia
1924 1980 2151 2034 ratione
2198 1979 2434 2034 evenire

785 2081 1149 2122 consuevere
1182 2086 1193 2122 :
1229 2068 1363 2122 licet
1401 2069 1560 2124 enim
1592 2068 1670 2124 ab
1691 2069 1950 2124 Ecclesia
1979 2068 2432 2139 prohibeantur.

782 2159 1043 2210 attamen
1070 2156 1326 2228 publicae
1355 2157 1802 2227 gubernationis
1833 2173 2018 2213 causa
2065 2163 2242 2228 atque
2274 2173 2436 2212 com-

2547 1977 2819 2031 ἐπιδοῦναι
2873 1988 2944 2030 τῶ
2999 1985 3245 2051 Κομνηνῷ
3297 1977 3520 2048 Μιχαὴλ
3577 1976 3649 2037 εἰς
3711 1977 3999 2046 ὁμόκοιτιν.
4058 1973 4160 2026 Ἢν

2547 2065 2605 2121 δὲ
2643 2068 2773 2126 αῦτη
2824 2072 2954 2141 πρὸς
3000 2071 3086 2118 τὸν
3153 2065 3375 2137 Μιχαὴλ
3424 2063 3611 2135 ἀνεψιά
3679 2059 4158 2136 δευτερεξαδέλφου

2547 2160 2801 2230 θυγάτηρ.
2853 2157 3008 2210 Ἀλλά
3060 2163 3212 2208 τοῦτο
3267 2159 3356 2206 καὶ
3400 2154 3484 2207 ἐπὶ
3543 2161 3616 2223 τῷ
3663 2151 3876 2225 βασιλεῖ
3927 2151 4140 2223 Ἰωάννῃ

2543 2246 2731 2318 ἐγενετο
2757 2251 2846 2298 καὶ
2877 2246 2925 2297 ἐν
2973 2245 3204 2298 πελίοσιν
3253 2243 3445 2308 ἄλλοις,
3500 2247 3589 2294 καὶ
3635 2241 3778 2294 εἲωθε
3817 2244 3882 2293 τά
3931 2248 4157 2292 τοιαῦτα

781 2245 944 2300 modi
976 2245 1439 2317 imperatoribus
1470 2248 1910 2319 permittuntur.

779 2335 913 2386 ούτω
981 2357 1089 2397 πως
1149 2337 1450 2408 συμϐαίνειν
1511 2359 1523 2370 ·
1584 2337 1678 2388 κᾶν
1730 2341 1830 2411 γὰρ
1895 2346 1953 2410 τῇ
2006 2336 2293 2409 Ἐκκλησία
2359 2336 2664 2406 κεκώλυται,
2726 2335 2853 2387 ἀλλά
2916 2342 3026 2396 τοῖς
3072 2333 3380 2407 βασιλεῦσιν
3428 2331 3619 2406 ἐφεῖται
3667 2335 3761 2394 τῆς
3801 2338 3977 2392 κοινῆς
4034 2348 4159 2402 προ-

777 2426 994 2497 μηθείας
1013 2429 1175 2498 χάριν
1202 2432 1289 2478 καὶ
1319 2435 1410 2478 τοῦ
1454 2432 1824 2500 συμφέροντος.

848 2516 1116 2586 51.107
1153 2517 1331 2585 Igitur
1365 2517 1710 2588 imperator,
1745 2516 2004 2572 modoin
2029 2531 2151 2588 quo
2168 2515 2435 2571 diximus
2618 2535 2708 2568 να.

775 2604 1091 2674 quaestioni
1149 2605 1267 2659 ﬁne
1315 2607 1618 2676 imposito,
1679 2606 1973 2661 Orientem
2028 2603 2425 2677 progreditur,

2391 2620 2425 2670 Γ,
2549 2606 2735 2664 θέσεως
2799 2600 3054 2664 διαλύσας
3099 2602 3171 2663 εἰς
3222 2607 3312 2660 τὴν
3352 2602 3416 2653 ἔω
3475 2599 3650 2673 ἀπῄει,
3703 2602 3728 2651 6
3765 2597 3824 2652 δὲ
3883 2602 4156 2671 Κομνηνὸς

777 2695 833 2746 et
876 2692 1217 2748 Michaelem
1272 2694 1647 2749 Comnenum
1729 2699 2076 2766 suspectum
2144 2691 2426 2748 habebat.

2389 2697 2426 2746 ι.
2545 2693 2786 2764 Μιχαὴλ,
2848 2695 2912 2752 ὡς
2971 2692 3209 2766 εἰρήκειν,
3266 2689 3595 2747 ύπεϐλίπετο.
3649 2690 3789 2743 Ἐπεὶ
3843 2686 3902 2741 δὲ
3957 2693 4015 2740 τὸ
4059 2696 4152 2740 τοῦ

775 2780 1028 2844 Quando
1051 2797 1188 2837 vero
1219 2787 1274 2837 et
1300 2783 1532 2852 generis
1555 2783 1846 2838 claritudo
1877 2788 1933 2838 et
1961 2799 2096 2838 cum
2133 2782 2264 2853 ipso
2286 2796 2422 2836 con-

769 2871 1022 2942 junctio,
1047 2887 1282 2927 necnon
1301 2889 1439 2928 cum
1468 2873 1856 2943 magnatibus
1883 2872 1980 2928 atﬁ
1992 2873 2146 2928 nitas
2168 2888 2285 2928 non
2307 2887 2435 2945 per-

772 2960 1451 3034 mittebantimperatori
1511 2968 1575 3018 ut
1614 2979 1707 3018 res
1747 2962 1825 3018 ab
1866 2979 1936 3017 eo
1969 2967 2165 3032 gestas
2191 2962 2436 3017 haberet

773 3051 1163 3122 contemptui,
1188 3051 1363 3106 mittit
1384 3068 1520 3107 eum
1546 3053 1620 3107 ad
1660 3052 2014 3118 Manuelem,
2045 3053 2147 3124 qui
2180 3067 2252 3106 ea
2291 3056 2436 3106 tem-

769 3144 998 3211 pestate
1016 3139 1455 3211 patriarchatus
1470 3140 1892 3210 gubernaculis
1907 3140 2435 3209 assidebat,virum

771 3228 988 3300 pietate
1028 3229 1329 3299 insignem
1385 3235 1441 3286 et
1486 3231 1622 3285 vitae
1676 3230 1964 3296 instituto,
2007 3230 2140 3285 licet
2181 3245 2433 3284 uxorem

770 3317 1060 3380 duxisset.
1081 3319 1518 3387 venerandum,
1535 3321 1737 3376 literas
1760 3325 1960 3375 tamen
1979 3319 2143 3375 haud
2161 3319 2428 3384 doctum,

771 3423 907 3463 cum
939 3425 1049 3463 nec
1075 3425 1284 3464 eorum
1317 3409 1672 3465 sententiam
1705 3425 1841 3482 qua:
1900 3410 2025 3480 ipse
2057 3415 2433 3480 percurrerat

769 3502 1008 3568 caperet
1061 3517 1073 3565 ;
1131 3513 1313 3570 quem
1364 3499 1584 3570 scripto
1631 3499 1957 3570 imperator
1992 3498 2317 3570 compellat
2368 3504 2430 3554 ut

769 3587 963 3658 poenis
975 3603 1220 3659 quoque
1238 3588 1459 3643 exactis
1473 3588 1814 3644 Michaelem
1841 3591 2212 3643 Comnenum
2245 3589 2427 3643 incre—

768 3681 957 3747 paret,
975 3676 1230 3748 jureque
1255 3677 1518 3747 jurando
1544 3676 1729 3732 ﬁdem
1751 3677 1906 3732 illius
1937 3677 2427 3746 alligaret,nullas

769 3780 906 3820 eum
948 3766 1347 3838 imposterum
1382 3767 1674 3822 adversus
1709 3767 2135 3839 imperatorem
2178 3766 2427 3821 insidias

768 3854 1258 3925 moliturum,sed
1280 3856 1469 3910 ﬁdum
1493 3872 1562 3911 ac
1587 3856 2002 3928 incorruptum
2026 3857 2084 3911 in
2110 3856 2424 3911 dominum

768 3943 991 3999 amoris
1018 3944 1374 4016 obsequium
1390 3944 1815 4008 exhibiturum,
1844 3945 1950 4000 Ubi
1967 3961 2038 4000 ea
2071 3961 2165 4000 res
2183 3945 2266 4000 sic
2292 3960 2428 3998 eve-

767 4033 873 4099 nit,
888 4033 1214 4104 imperator
1228 4033 1603 4087 Comnenum
1619 4034 1677 4088 in
1694 4033 1947 4102 gratiam
1960 4032 2188 4104 recipit,
2223 4032 2426 4105 illique

767 4121 962 4177 fratris
1003 4122 1094 4176 sui
1144 4121 1641 4178 sebastocratoris
1701 4123 1912 4177 lsaacii
1964 4126 2137 4178 Ducaa
2182 4127 2423 4194 neptem

766 4210 1139 4266 Theodoram
1155 4216 1411 4284 nuptum
1427 4211 1590 4267 dedit
1602 4228 1788 4284 quam
1803 4212 2044 4267 unicam
2061 4217 2227 4284 pater
2242 4213 2420 4275 illius,

768 4300 1258 4356 sebastocratoris
1283 4300 1440 4355 ﬁlius
1469 4301 1752 4367 Joannes,
1789 4302 1847 4356 in
1873 4301 2276 4358 adolescentia
2301 4301 2424 4358 fato

767 4388 1025 4461 functus,
1059 4389 1397 4461 reliquerat.
1425 4390 1874 4462 Obiitequidem
1909 4390 2002 4446 ille
2020 4407 2205 4446 uxore
2229 4392 2423 4446 Eudo-

767 4479 859 4534 cia
889 4478 1094 4549 Angeli
1126 4479 1378 4534 Joannis
1402 4479 1522 4535 ﬁlia
1572 4480 1782 4549 vidua,
1829 4480 2059 4552 pupilla
2111 4497 2252 4535 vero
2303 4480 2426 4536 ﬁlia

769 4567 1112 4633 Theodora,
1144 4585 1278 4640 qua:
1315 4570 1445 4640 jam
1488 4575 1610 4625 tum
1651 4585 1772 4624 non
1826 4569 2160 4625 infelicibus
2210 4570 2426 4625 avibus

2392 4587 2426 4624 .S
2535 4581 2627 4624 τοῦ
2659 4571 2905 4643 Ἀγγέλου
2947 4573 3183 4624 Ἰωάννου
3225 4574 3504 4646 θυγατέρα,
3562 4573 3788 4643 ὀρφανὴν
3835 4567 3894 4622 δε
3932 4573 4026 4626 τὴν
4059 4570 4157 4621 αύ-

767 4660 1072 4714 Comneno
1126 4658 1391 4714 Michaeli
1447 4662 1658 4730 juncta
1727 4659 1939 4719 fuerat.
1977 4659 2200 4724 relicta,
2238 4665 2428 4715 mater
2463 4733 2489 4735 _

2390 4676 2428 4714 er
2535 4670 2627 4713 τοῦ
2665 4665 2925 4735 θυγατέρα
2956 4658 3255 4733 Θεοδώραν,
3301 4664 3417 4721 ἣτις
3476 4660 3713 4731 εὐτυχῶς
3770 4667 3841 4730 τῷ
3899 4666 4155 4731 Κομνηνῷ

764 4747 1064 4819 siquidem
1095 4747 1252 4803 illius
1288 4747 1572 4811 Eudocia,
1595 4748 1727 4803 licet
1754 4747 2000 4803 ﬂorente
2024 4749 2275 4819 juventa
2313 4748 2423 4805 fer-
2462 4733 2503 4786 D

2390 4767 2423 4792 '-
2462 4733 2503 4786 D
2535 4756 2650 4804 τότε
2701 4733 3009 4812 συνέζευκτο
3065 4750 3302 4821 Μιχαὴλ.
3357 4749 3416 4802 Ἠ
3463 4751 3562 4821 γὰρ
3607 4754 3782 4821 μήτηρ
3846 4749 4009 4809 αὐτῆς
4053 4749 4155 4802 Εὖ-

763 4837 927 4906 vida,
965 4837 1139 4909 108
1163 4839 1286 4893 viro
1309 4853 1510 4893 carere
1534 4838 1746 4894 maluit
1776 4854 1846 4893 ac
1879 4840 2156 4893 virtutem
2191 4841 2421 4909 sectari,

2390 4841 2421 4909 i,
2538 4838 2694 4893 δοκία
2737 4845 2909 4892 καίτοι
2961 4859 3020 4912 γε
3068 4845 3155 4892 νέα
3203 4836 3338 4892 οὖσα
3392 4842 3526 4892 πάνυ
3572 4843 3664 4897 τὴν
3712 4843 3938 4912 χηρείαν
3978 4843 4155 4912 φερειν

764 4927 884 4982 Deo
910 4926 1076 4998 freta,
1103 4927 1198 4983 cui
1230 4942 1293 4982 se
1320 4927 1718 4998 fortunasque
1739 4944 1880 4983 suas
1904 4927 2246 4983 devoverat.
2276 4928 2423 4983 Hinc

2393 4945 2423 4983 c
2535 4932 2838 4997 ἠσπάσατο,
2911 4929 3096 5004 ἀρετὴν
3158 4925 3217 4982 δε
3271 4928 3429 5002 ἐφιλει
3483 4934 3573 4981 καὶ
3627 4931 3862 5001 καθάπερ
3893 4933 4156 5001 προσανέ-

764 5020 918 5074 Deus
957 5018 1233 5073 virtutem
1265 5017 1652 5073 matrimonio
1683 5019 2115 5091 compensavit.
2178 5020 2242 5074 Et
2292 5018 2422 5074 haec

761 5108 1010 5182 quidem
1047 5108 1128 5163 ita
1153 5123 1216 5163 se
1246 5107 1533 5163 habuere.

833 5198 881 5233 ⁸⁸
917 5201 958 5253 D
985 5216 996 5252 ζ
1026 5202 1125 5250 Καὶ
1157 5197 1227 5259 εἰς
1257 5198 1321 5250 ἕω
1352 5193 1774 5271 διαπεραιοῦται,
1804 5203 1892 5250 καὶ
1926 5200 2246 5271 συζεύγνυσι
2271 5206 2344 5270 τῷ
2375 5199 2597 5270 Μιχαὴλ
2620 5207 2692 5268 τῷ
2741 5205 2990 5269 Κομνηνῷ
3033 5198 3101 5258 εἰς
3151 5205 3377 5268 γυναῖκα
3425 5203 3516 5248 τοῦ
3558 5193 3783 5271 ἀδελφοῦ
3837 5196 3998 5249 αὐτοῦ
4041 5205 4156 5271 τοῦ

763 5265 1539 5344 σεϐαστοκράτορος’Ἰσαακίου
1572 5270 1786 5342 ἐγγὸνὴν
1809 5275 1901 5328 τὴν
1934 5265 2235 5343 Θεοδώραν,
2260 5265 2322 5329 ἣν
2352 5265 2511 5342 μόνην
2539 5272 2564 5321 6
2600 5265 2773 5344 πατὴρ
2801 5265 3042 5332 Ἰωάννης
3070 5265 3337 5322 κατέλιπεν
3372 5273 3465 5322 σῦν
3492 5277 3554 5341 τῇ
3586 5265 3749 5329 αὐτῆς
3779 5273 3942 5342 μητρὶ
3985 5265 4130 5322 Εύδο

761 5347 854 5415 κίᾳ
875 5351 936 5415 τῇ
971 5341 1062 5394 τοῦ
1104 5341 1347 5414 Ἄγγελον
1375 5342 1611 5395 Ἰωάννου
1640 5341 1928 5410 συνοῦσαν,
1961 5351 2022 5415 τῇ
2072 5341 2181 5415 θείᾳ
2209 5352 2306 5394 τῶν
2335 5341 2860 5418 στρατηγουπούλων.

2769 2521 2829 2565 Ὁ
2876 2516 2965 2585 μεν
3013 2513 3060 2547 ³⁸
3102 2509 3188 2564 οὖν
3222 2509 3467 2585 βασιλεύς
3497 2511 3690 2562 οὑτωσὶ
3747 2513 3815 2561 τὰ
3869 2517 3965 2570 τῆς
4027 2511 4157 2560 ὑπο-

2545 2789 2719 2856 γένους
2774 2786 3041 2858 περιφανὲς
3097 2787 3184 2834 καὶ
3255 2787 3380 2856 πρός
3438 2782 3592 2833 αὑτὸν
3663 2783 3921 2852 συγγενὲς,
3978 2784 4052 2833 ἔτι
4093 2800 4158 2851 γε

2545 2877 2647 2944 μὴν
2708 2877 2766 2924 τὸ
2824 2876 2955 2941 πρὸς
3002 2875 3119 2932 τούς
3167 2871 3419 2944 μεγάλους
3461 2876 3672 2941 γνήσιον
3713 2871 3902 2920 τούτου
3953 2867 4044 2928 ούς
4073 2869 4159 2918 εἶα

2544 2965 2630 3013 τὸν
2696 2961 2919 3034 βασιλέα
2956 2961 3004 3012 ἐν
3071 2966 3438 3036 περιφρονήσει
3495 2963 3661 3033 φέρειν
3689 2961 3754 3009 τά
3802 2956 3916 3008 κατ’
3973 2956 4152 3020 αύτόν,

2543 3057 2593 3103 τί
2632 3058 2771 3103 ποιεῖ
2826 3071 2837 3118 ;
2886 3051 3080 3102 Στέλλει
3137 3059 3319 3102 τοῦτον
3375 3052 3501 3123 πρὸς
3551 3052 3640 3100 τὸν
3680 3049 4042 3121 πατριάρχην.
4093 3043 4157 3096 Ὀ

2543 3140 2789 3198 Μανουὴλ
2844 3140 2924 3212 (8)
2969 3137 3030 3197 ἧν
3083 3144 3198 3191 τότε
3243 3141 3311 3191 τά
3362 3147 3453 3199 τῆς
3506 3140 3872 3212 πατριαρχίας
3903 3131 4156 3186 διιθύνων

2543 3227 2800 3296 πηδάλια,
2849 3228 2976 3304 ἀνὴρ
3051 3227 3298 3290 εύλαϐοῦς
3371 3233 3460 3280 καὶ
3531 3226 3653 3299 βίου
3733 3231 3820 3277 καὶ
3896 3223 4158 3282 πολιτείας

2545 3327 2750 3392 σεμνῆς,
2802 3319 2845 3371 εἰ
2892 3324 2979 3371 καὶ
3037 3321 3245 3390 γυναικὶ
3311 3317 3594 3387 συνεζύγη,
3636 3315 3798 3375 ἄλλως
3853 3311 3911 3367 δε
3959 3313 4016 3367 οῦ
4060 3331 4157 3365 πε-

2540 3412 2839 3481 πειραμένος
2889 3410 3235 3482 γραμμάτων,
3303 3403 3426 3458 οὐδὲ
3493 3407 3559 3457 ὧν
3629 3404 3967 3476 ἀνεγίνωσκεν
4037 3402 4155 3455 ἀνε-

2539 3497 2722 3549 λίττων
2757 3502 2849 3556 τὴν
2873 3501 3084 3551 ἔννοιαν.
3130 3501 3231 3549 Καὶ
3259 3499 3445 3570 γράφει
3480 3499 3605 3570 πρὸς
3647 3500 3830 3547 τοῦτόν
3895 3495 3921 3546 6
3982 3492 4145 3566 βασιο

2537 3587 2651 3648 λεὺς
2691 3586 2961 3659 ἐπιτιμίων
3009 3585 3385 3639 καθυποϐαλεῖν
3445 3589 3531 3637 τὸν
3592 3589 3857 3656 Κομνηνὸν
3921 3583 4154 3655 Μιχαὴλ

2537 3681 2626 3728 καὶ
2654 3675 2823 3749 ὃρκοις
2850 3676 3004 3727 αὐτὸν
3033 3672 3357 3747 ἐμπεδῶσαι,
3413 3679 3484 3747 μὴ
3531 3675 3592 3726 ἄν
3647 3693 3773 3727 ποτε
3820 3672 4156 3746 βουληθῆναι

2538 3764 2784 3817 ἀπιστίαν
2845 3768 2980 3816 κατὰ
3029 3772 3120 3816 τοῦ
3179 3763 3437 3836 βασιλέως
3504 3764 3807 3837 μελετῆσαι,
3876 3762 4155 3834 φυλάττειν

2539 3851 2598 3907 δὲ
2636 3857 2869 3927 καθαρὰν
2921 3855 3080 3906 αύτοῦ
3111 3858 3203 3911 τὴν
3242 3857 3369 3926 πρὸς
3415 3857 3501 3905 τὸν
3559 3860 3849 3925 κρατοῦντα
3888 3849 4150 3904 διάθεσιν.

2537 3946 2612 4016 [Ρ.
2641 3945 2728 4016 55]
2763 3949 2938 4017 Γέγονε
2992 3952 3177 4010 ταῦτα,
3235 3949 3324 3995 καὶ
3363 3944 3388 3994 6
3440 3941 3690 4016 βασιλεὺς
3744 3947 3829 3994 τόν
3881 3943 4154 4014 Κομνηνὸν

2538 4031 2813 4098 ἀνεδέξατο
2854 4033 3097 4106 Μιχαὴλ,
3139 4038 3226 4084 καὶ
3278 4033 3556 4104 ζεύγνυσιν
3608 4032 3746 4102 αύτῷ
3808 4032 3874 4092 εἰς
3922 4038 4158 4102 γυναῖκα

2536 4131 2630 4177 τοῦ
2686 4121 2910 4196 ἀδελφοῦ
2960 4124 3121 4174 αύτοῦ
3170 4129 3263 4174 τοῦ
3327 4121 3834 4195 σεϐεαστοκράτορος
3880 4121 4155 4174 Ἰσαακίου

2535 4222 2626 4266 τοῦ
2659 4217 2827 4265 Δούκα
2870 4212 3085 4284 ἐγγόνην
3133 4217 3227 4270 τὴν
3267 4208 3566 4285 Θεοδώραν,
3615 4220 3676 4270 ῆν
3740 4215 3899 4284 μόνην
3968 4212 3993 4262 6
4052 4230 4157 4262 πα-

2534 4308 2632 4376 τὴρ
2661 4303 2819 4362 αὐτῆς
2858 4301 3241 4362 καταλελοιπὼς
3297 4303 3322 4352 ὁ
3368 4309 3460 4354 τοῦ
3513 4299 3998 4374 σεϐαστοκράτορος
4037 4300 4154 4360 υἱός

2536 4392 2774 4454 Ἰωάννης
2827 4394 2902 4443 ἔτι
2955 4390 3002 4442 ἐν
3055 4390 3292 4463 μείραξιν
3342 4392 3410 4443 ὧν
3470 4395 3527 4443 τὸ
3590 4396 3762 4464 χρεὼν
3814 4390 4152 4462 ἐξεμέτρησε,

2536 4489 2711 4556 χήραν
2769 4485 2857 4553 μεν
2898 4487 2990 4540 τὴν
3060 4481 3220 4534 αύτοῦ
3273 4487 3504 4553 γαμετὴν
3554 4478 3814 4533 Εύδοκίαν
3857 4479 4020 4551 ἀφεὶς,
4055 4485 4155 4537 τὴν

2535 5039 2652 5092 χειν
2697 5028 2829 5091 Θεῷ.
2892 5023 2984 5071 Διά
3022 5026 3190 5071 ταῦτα
3250 5024 3339 5070 καὶ
3387 5017 3724 5090 ἀντιμισθίαν
3770 5015 4152 5090 ἀναλαμϐάνει

2535 5113 2664 5182 πρὸς
2697 5117 2810 5179 Θεῷ
2837 5113 2894 5160 τὸ
2917 5105 3101 5169 κῆδος.
3126 5113 3225 5160 Καὶ
3245 5115 3412 5160 ταῦτα
3449 5110 3539 5179 μὲν
3562 5110 3720 5179 ἔσχεν
3753 5106 3932 5167 οὕτως.

1652 5523 1994 5591 Theodori
2045 5525 2296 5591 Dousa;
2344 5531 2410 5590 et
2457 5520 2708 5589 Leonis
2760 5520 2994 5589 Allatii
3044 5529 3249 5587 notae.

2537 5723 2723 5768 σαντα,
2741 5707 2852 5760 etc.
2872 5701 3061 5758 Verba
3073 5701 3264 5758 habes
3279 5699 3569 5774 superiori
3589 5700 3801 5774 capite.
3825 5700 3937 5757 Sed
3955 5701 4160 5773 magis

832 5700 994 5777 (8)’0
1025 5703 1313 5777 Mmoria),
1349 5707 1475 5760 Non
1528 5719 1672 5777 ergo
1729 5703 2034 5777 Arsenius,
2085 5708 2150 5759 ut
2192 5703 2423 5777 Ifhran-

2527 5775 2800 5832 distincte
2831 5779 2888 5832 et
2909 5781 3189 5832 accurate
3214 5773 3677 5846 Pachymerius,’
3696 5788 3756 5846 p.
3797 5777 3889 5840 52,
3918 5775 4040 5832 ALL

755 5773 851 5836 Ζειζ
889 5773 1180 5847 Gregoras
1233 5773 1473 5850 τ”Ομως
1520 5773 1693 5841 ἔδοξεν
1750 5777 1924 5850 ὅρκοις
1977 5776 2134 5830 αὐτὸν
2189 5773 2416 5850 βεϐαιώ-
