4470 6452
798 412 934 466 1119

2073 410 2360 467 GEORGII
2414 409 2876 468 ACROPOLITE

4025 419 4158 473 H20

790 534 1003 592 ratoris
1016 531 1075 589 in
1088 531 1261 605 pejus
1274 531 1502 596 ruebat,
1526 548 1664 589 cum
1690 534 1866 590 solito
1881 534 2057 604 longe
2075 535 2446 608 frequentius
2481 538 2528 591 A

2390 551 2446 590 13
2481 538 2528 591 Λ
2557 542 2666 596 τοῖς
2706 534 2925 595 πολλοῖς.
2960 534 3117 588 Ἐπὰν
3159 532 3219 589 δὲ
3275 537 3348 599 είς
3393 536 3643 612 λόγισμόν
3699 537 3937 610 έπανῆκε,
3984 539 4155 613 σχολῇ

791 624 956 679 malo
985 622 1358 677 divexaretur
1383 637 1714 694 carnesque
1753 623 2232 688 absumerentur,
2274 627 2316 695 1
2337 627 2447 696 ιο

790 712 957 785 quod
983 711 1243 766 deterius
1266 709 1530 765 habebat
1547 715 1604 766 et
1624 712 1700 766 ali
1727 727 1846 766 non
1869 718 2120 783 poterat.
2143 714 2288 768 Cum
2306 729 2448 783 ergo

790 800 1164 856 medicorum
1196 799 1504 869 ingenium
1543 799 1618 855 de
1677 801 2049 856 restituenda
2111 801 2448 857 valetudine

790 889 1188 962 desperasset,
1254 892 1318 943 ut
1355 889 1649 960 respirare
1691 889 1820 962 ipse
1861 889 2177 961 paululum
2218 896 2446 961 posset,

789 980 1109 1050 Smyrnam
1143 977 1250 1033 iter
1276 977 1620 1047 meditatur,
1653 983 1717 1033 ut
1761 979 2078 1048 Christum,
2131 980 2234 1052 qui
2262 981 2320 1035 in
2378 997 2450 1036 ea

788 1067 1101 1136 insigniter
1125 1065 1357 1122 colitur.
1378 1065 1655 1122 adoraret
1675 1067 2076 1140 precibusque
2103 1067 2309 1123 effusis
2335 1069 2448 1124 sibi

789 1155 1115 1228 propitium
1138 1154 1199 1208 in
1240 1158 1404 1210 tanto
1442 1154 1768 1210 infortunio
1807 1156 2099 1225 redigeret
2170 1159 2448 1226 Accessit,

788 1243 1018 1310 omnia,
1059 1243 1144 1298 uti
1209 1244 1565 1312 instituerat,
1640 1244 1906 1316 perfecit,
1977 1261 2086 1300 nec
2147 1251 2345 1301 tamen
2377 1263 2451 1302 ex

789 1333 1003 1389 morbo
1025 1331 1345 1387 convaluit.
1376 1335 1552 1388 Porro
1575 1333 1634 1388 in
1666 1333 2028 1405 Periclystris
2069 1351 2451 1390 commorans

791 1422 982 1492 (locus
1009 1422 1058 1476 is
1076 1427 1164 1476 est
1188 1437 1377 1493 prope
1402 1424 1744 1494 Smyrnam,
1777 1423 1943 1494 quod
1975 1424 2244 1496 undique
2267 1441 2452 1496 aqua-

789 1527 925 1566 rum
966 1511 1141 1581 copia
1181 1509 1649 1577 circumﬂuatur,
1695 1511 1777 1566 sic
1818 1512 2034 1580 dictus)
2076 1514 2288 1584 majori
2329 1514 2450 1569 sive

789 1599 989 1672 potius
1021 1598 1299 1654 atrociori
1339 1599 1501 1653 malo
1541 1614 1887 1670 oppressus,
1929 1599 2069 1655 inde
2110 1600 2447 1670 discedens,

790 1703 927 1743 cum
952 1686 1310 1756 gravissime
1373 1702 1622 1758 corpore
1681 1692 2008 1757 urgeretur,
2044 1690 2447 1761 Nymphaeum

789 1775 1203 1848 proﬁciscitur,
1238 1791 1347 1830 nec
1371 1777 1566 1844 regias
1591 1776 1816 1831 ibi-lem
1842 1776 2059 1832 domos
2084 1778 2299 1838 invisit.
2345 1778 2451 1833 sed

791 1865 850 1921 in
882 1865 1067 1920 hortis
1094 1864 1272 1933 regiis
1299 1881 1488 1937 prope
1505 1865 2115 1938 urbemimperatoria
2146 1867 2452 1923 ﬁnxitten-

791 1954 979 2020 toria;
1007 1953 1353 2008 ubietdiem
1385 1970 1563 2008 suum
1597 1954 1744 2009 obiit
1783 1959 2118 2010 extremum
2151 1957 2322 2012 tertio
2353 1973 2450 2012 ca-

790 2041 1000 2097 lendas
1027 2042 1394 2112 Novembris,
1431 2044 1742 2112 sexaginta
1769 2049 1824 2098 et
1854 2044 2009 2098 duos
2031 2061 2222 2100 annos
2255 2051 2449 2116 natus,

793 2136 857 2185 ut
881 2146 984 2202 qui
1005 2129 1161 2184 illius
1183 2146 1278 2185 res
1326 2131 1594 2186 exactius
1661 2132 2052 2202 possidebant
2099 2133 2321 2189 dixere.
2373 2137 2455 2189 Ex

792 2219 887 2274 his
921 2219 1157 2287 triginta
1191 2225 1310 2274 tres
1327 2219 1876 2292 probeintegreque
1911 2228 2280 2292 regnaverat.
2319 2222 2455 2279 Leni

795 2309 999 2364 animo
1022 2308 1150 2373 fuit,
1195 2325 1551 2381 semperque
1583 2327 1644 2364 se
1670 2311 2092 2366 humaniorem
2126 2312 2452 2384 praebebat.

795 2398 1144 2454 Familiares
1176 2398 1416 2468 parcius
1447 2401 1916 2458 munerabatur:
1949 2405 2201 2467 exteros,
2229 2417 2456 2474 eosque

794 2488 899 2560 qui
920 2492 1208 2559 tanquam
1231 2488 1409 2557 legati
1436 2491 1510 2543 ad
1538 2505 1676 2544 eum
1709 2490 2036 2558 venissent,
2073 2491 2458 2560 magnificen-

793 2578 1044 2633 tioribus
1083 2578 1523 2648 largitionibus,
1548 2585 1612 2634 ut
1634 2581 1711 2635 ab
1739 2581 1822 2636 eis
1848 2582 2211 2651 laudaretur,
2243 2580 2456 2637 afﬁcie-

794 2666 919 2723 bat.
963 2667 1285 2723 Amoribus
1329 2669 1741 2734 muliebribus,
1785 2675 2109 2742 postquam
2149 2672 2278 2742 ejus
2309 2687 2458 2726 uxor

795 2758 960 2811 lrene
991 2759 1340 2828 lmperatrix
1369 2774 1442 2813 ex
1469 2758 1582 2813 hac
1605 2759 1723 2814 vita
1748 2765 2103 2826 excesserat,
2147 2766 2202 2815 et
2229 2760 2461 2831 potissi-

795 2860 964 2900 mum
991 2846 1329 2901 Marcesina:
1364 2863 1499 2919 quae
1530 2863 1598 2902 ex
1623 2847 1784 2902 Italia
1809 2855 2073 2914 venerat,
2107 2854 2292 2904 Annae
2332 2849 2458 2921 qui-

796 2933 935 2988 dem
958 2933 1336 3006 imperatrice
1362 2952 1434 2990 ex
1474 2935 1786 2992 Alemania
1826 2938 2029 2992 uxoris
2071 2938 2456 3010 pedissequa,

798 3023 903 3078 sed
933 3040 1069 3095 quae
1096 3031 1306 3096 postea
1333 3025 1392 3080 in
1421 3042 1626 3081 amore
1652 3026 1872 3082 aemula
1894 3027 2103 3093 fuerat,
2124 3028 2383 3083 deditus.
2420 3031 2459 3082 E

797 3112 972 3182 cujus
999 3129 1204 3168 amore
1230 3113 1309 3169 ita
1346 3115 1512 3184 ιιι
1551 3115 1677 3185 ipse
1707 3115 2011 3185 pendebat
2051 3121 2114 3171 ut
2149 3116 2234 3171 illi
2274 3116 2459 3171 cocci-

796 3215 945 3257 neos
978 3202 1212 3257 calceos
1247 3209 1477 3271 gestare
1517 3204 1857 3274 permiserit
1893 3208 1949 3258 et
1981 3220 2197 3275 sagum
2237 3210 2294 3260 et
2333 3204 2459 3259 frte-

797 3305 944 3345 num
967 3306 1089 3346 non
1120 3291 1365 3347 alterius
1393 3291 1609 3347 coloris
1639 3291 1969 3364 indulserit,
2015 3293 2215 3365 plures
2255 3293 2337 3349 illi
2377 3293 2459 3349 fa-

795 3379 996 3435 mulos
1056 3397 1243 3453 quam
1309 3397 1461 3435 verae
1526 3381 1790 3436 dominae
1851 3381 2180 3448 donaverit,
2221 3383 2456 3455 aliaque

795 3469 1200 3541 quampluima
1213 3469 1560 3524 libidinibus
1572 3468 1729 3524 illius
1741 3470 2082 3526 deserviens
2098 3471 2451 3544 praestiterit.

796 3557 1022 3613 Fuitilli
1054 3559 1296 3613 animus
1319 3557 1456 3613 belli
1488 3559 1698 3631 ingens
1730 3574 1800 3614 ac
1833 3559 2111 3614 tolerans.
2156 3561 2454 3616 (lonsertis

797 3647 1041 3718 prceliis,
1075 3647 1304 3702 variam
1334 3647 1541 3704 Martis
1584 3652 1806 3703 sortem
1845 3649 2256 3719 extimescens,
2300 3654 2358 3704 et
2392 3649 2453 3705 in

797 3737 909 3795 illis
931 3736 1320 3793 conserendis
1348 3737 1639 3792 incertum
1661 3737 1866 3792 animo
1920 3738 2178 3808 agitans,
2206 3739 2453 3796 minime

795 3826 1223 3894 delectabatur,
1253 3825 1362 3882 sed
1386 3825 1729 3882 fortitudine
1752 3842 1822 3880 ac
1851 3828 2155 3898 patientia,
2180 3832 2237 3882 et
2267 3843 2451 3884 verno

2491 3249 2531 3304 C

2558 628 2687 696 πρός
2717 627 2783 676 τὰ
2823 623 3071 697 βασίλεια
3119 623 3505 699 έπανέστρεφεν,
3563 627 3720 681 ἐνίοτε
3755 626 3814 682 δε
3871 634 3959 681 καὶ
4008 633 4162 703 φορά-

2561 710 2660 770 δην
2701 712 2782 764 ἐπὶ
2816 715 2996 786 θρόνου
3055 713 3104 765 έν
3147 723 3256 775 τοῖς
3312 715 3618 792 ἀνακτόροις
3669 720 3768 770 ὑπὸ
3819 727 3917 770 τῶν
3961 719 4162 771 οἰκείων

2559 806 2737 872 ἤγετο.
2765 803 2910 854 Ἐπεὶ
2939 798 2998 854 δε
3027 804 3056 860 ἠ
3092 807 3238 864 νόσος
3305 805 3576 875 ῖπηύξανε,
3624 810 3681 858 τὸ
3730 816 3882 880 σῶμα
3932 815 4024 859 τοῦ
4057 806 4166 880 βα·-
4209 853 4225 857 μ

2563 891 2740 952 σιλέως
2801 895 3082 944 κατέπιπτε
3142 913 3155 925 ο
3211 900 3584 969 συνεχέστερον
3635 900 3736 968 γὰρ
3787 897 3981 971 ἤρξατο
4028 899 4164 948 πάνυ

2558 983 2725 1050 τούτῳ
2755 983 3012 1050 γίνεσθαι.
3069 982 3312 1044 Σύντηξις
3366 992 3489 1054 γοῦν
3522 981 3582 1042 ἧν
3638 985 3778 1055 αὐτῷ
3818 994 3916 1037 τῶν
3976 1005 4164 1060 σαρκι-

2560 1077 2682 1133 κῶν,
2716 1069 2797 1139 [Ρ.
2831 1068 2920 1142 56]
2953 1075 3042 1120 καὶ
3071 1073 3130 1121 τὸ
3191 1067 3475 1146 δεινότερον
3507 1074 3536 1132 ἠ
3573 1071 3794 1144 ἀτροφία
3823 1081 4005 1126 τοῦτον
4031 1074 4168 1127 ἐπίε-

2564 1160 2665 1219 ζεν.
2699 1157 2840 1209 Ἐπεὶ
2891 1154 2978 1208 οὖν
3026 1166 3202 1232 χεῖρες
3253 1159 3440 1234 ἰατρῶν
3500 1161 3565 1221 εἰς
3626 1167 3720 1220 τὴν
3771 1168 3923 1215 νόσον
3974 1162 4168 1215 ἀπέκα-

2561 1266 2676 1318 μον,
2758 1249 3094 1321 παραμυθίαν
3152 1247 3462 1320 βουλόμενος
3525 1254 3715 1322 μικρὰν
3763 1250 3992 1326 έφευρεῖν
4042 1253 4169 1310 ἠθέ-

2560 1334 2715 1392 λησεν
2773 1335 2843 1396 εἰς
2885 1339 2978 1392 τὴν
3029 1339 3264 1409 Σμύρνην
3327 1335 3583 1403 ἀπελθεῖν,
3653 1341 3792 1400 ὃπως
3865 1347 3938 1409 τῷ
4004 1338 4170 1392 έκείσε

2561 1429 2904 1497 προσκυνήσῃ
2940 1432 3155 1496 Χριστῷ
3187 1427 3303 1494 (13)
3357 1426 3689 1497 παράκλησίν
3719 1447 3770 1479 τε
3834 1433 4051 1486 ποιήσοι
4081 1433 4170 1480 καὶ

2564 1511 2708 1563 ἵλεων
2788 1511 2943 1562 αὐτόν
3015 1511 3387 1584 ἀπεργάσοιτο.
3468 1514 3806 1586 Ἀφικόμενος
3856 1513 3944 1567 οὖν
4004 1524 4170 1568 ταῦτα

2562 1604 2651 1671 μεν
2689 1597 3026 1673 διεπράξατο,
3061 1600 3343 1673 ἀνακωχὴν
3394 1599 3452 1654 δὲ
3482 1612 3574 1654 τού
3621 1606 3817 1664 πάθους
3866 1604 3972 1676 ούχ
4003 1606 4166 1678 εὗρεν,

2563 1687 2669 1740 ἀλλ’
2726 1687 2773 1740 έν
2821 1697 2932 1749 τοῖς
2991 1691 3398 1764 Περικλύστροις
3480 1696 3822 1764 σκηνούμενος
3879 1695 4056 1761 (τόπος
4107 1690 4170 1745 δέ

2563 1777 2705 1829 ἐστιν
2736 1777 2886 1837 οὗτος
2921 1777 3077 1849 ἐγγύς
3114 1799 3213 1830 που
3263 1787 3360 1841 τῆς
3403 1783 3658 1854 Σμύρνης,
3693 1779 3788 1833 διὰ
3844 1785 3902 1834 τὸ
3951 1783 4158 1843 πολλοῖς

2490 1887 2528 1940 Β
2563 1873 2668 1925 τοῖς
2734 1863 2899 1917 ὖὸασι
2956 1867 3364 1939 περικλύςεσθαι
3409 1869 3544 1919 οὕτω
3594 1888 3703 1930 πως
3755 1871 4172 1942 κατονομαζομέ-

2563 1959 2687 2019 νος),
2728 1955 2963 2026 μείζονος
3019 1955 3048 2013 ἦ
3106 1955 3295 2026 μᾶλλον
3353 1961 3594 2029 χείρονος
3645 1965 3737 2009 τοῦ
3789 1960 3992 2019 πάθους
4043 1957 4172 2030 έπῇο

2567 2045 2739 2096 σθετο.
2795 2045 3016 2096 Ἐκεῖθεν
3071 2041 3158 2095 οὖν
3214 2044 3414 2118 ἀπάρας
3468 2051 3706 2120 πονήρως
3743 2045 3857 2098 λίαν
3911 2050 4047 2118 ἔχων
4078 2055 4172 2099 τοῦ

2568 2140 2810 2205 σώματος
2839 2132 3224 2205 καταλαμϐάνει
3277 2137 3334 2185 τό
3366 2137 3658 2207 Νύμφαιον.
3695 2141 3794 2188 Καὶ
3843 2134 3892 2188 έν
4063 2143 4173 2197 τοῖς

2567 2221 2864 2294 βασιλικοῖς
2897 2223 2989 2274 οὐκ
3043 2222 3269 2281 ἀπῆλθεν
3316 2223 3621 2295 οἰκήμασιν,
3657 2223 3705 2275 ἐν
3766 2221 3824 2276 δε
3873 2232 3983 2286 τοῖς
4020 2224 4177 2295 ἐγγύς

2565 2331 2664 2363 που
2705 2321 2792 2371 τῆς
2823 2317 3006 2386 χώρας
3057 2310 3348 2384 βασιλείοις
3403 2317 3589 2372 κήποις
3666 2316 3760 2375 τάς
3827 2312 4178 2386 ἀνακτορικάς

2568 2403 2764 2462 σκηνάς
2812 2398 3142 2474 ἐνιδρύσατο.
3175 2400 3336 2453 Ἔνθα
3383 2407 3475 2454 καὶ
3519 2406 3577 2454 τὸ
3622 2407 3794 2475 χρεὼν
3839 2403 4178 2476 ἐλειτούργη-

2569 2509 2626 2542 σε
2650 2495 2799 2562 τρίτη
2842 2487 3114 2542 καλανδῶν
3145 2490 3461 2564 Νοεμϐρίου,
3507 2491 3757 2554 ἐξήκοντα
3786 2497 3874 2543 καὶ
3913 2490 4010 2544 δύο
4041 2494 4177 2562 (14),

2567 2582 2636 2640 ὡς
2674 2583 2723 2631 οἱ
2779 2583 2845 2631 τά
2883 2585 3000 2651 περὶ
3049 2581 3207 2632 αὐτοῦ
3266 2579 3632 2655 ἀκριϐέστερον
3696 2578 3888 2642 εἰδότες
3927 2586 4178 2654 ἔφασκον,

2567 2670 2652 2726 ἶτη
2707 2667 2932 2740 βιώσας,
2990 2668 3041 2730 ἐξ
3072 2669 3139 2718 ὧν
3177 2672 3462 2742 τριάκοντα
3486 2675 3574 2721 καὶ
3631 2677 3770 2744 τρεῖς
3830 2668 4182 2742 βεϐασίλευκε

2568 2757 2731 2817 καλῶς
2769 2777 2823 2809 τε
2873 2762 2962 2808 καὶ
3016 2755 3244 2828 ἀγαθῶς.
3305 2765 3477 2833 Πρᾱος
3527 2761 3626 2832 ’γὰρ
3687 2755 3747 2816 ἧν
3797 2778 3886 2810 και
3949 2763 4078 2831 πρὸς
4117 2763 4182 2811 τὸ

2571 2847 3046 2920 φιλανθρωπότερον
3105 2845 3183 2899 ἀεί
3243 2846 3527 2902 ἀπονεύων.
3602 2855 3820 2922 Δωρεαῖς
3886 2851 3976 2920 μεν
4051 2853 4184 2921 πρὸς

2569 2941 2692 2998 τοὺς
2727 2937 2886 2988 αὑτοῦ
2935 2937 3090 2994 ἧττον
3126 2936 3344 3010 ἐχρᾶτο,
3412 2941 3539 3009 πρὸς
3593 2934 3652 2989 δε
3697 2941 3817 3000 τοὺς
3857 2937 4049 3000 ξένους,
4090 2958 4187 2990 και

2570 3025 2758 3098 μᾶλλον
2816 3029 2930 3085 τοὺς
3004 3029 3073 3086 ὡς
3132 3025 3374 3099 πρέσϐεις
3454 3024 3814 3097 ἀφικομένους,
3871 3023 4188 3097 δαψιλεστέο

2569 3134 2662 3188 ραν
2718 3115 2834 3186 (15)
2867 3119 2960 3172 τὴν
2991 3121 3152 3188 χεῖρα
3198 3118 3514 3188 προῦτεινεν,
3569 3115 3632 3166 ἶν’
3687 3115 3772 3168 ὑπ’
3824 3115 3990 3167 αὐτῶν
4037 3116 4186 3168 έπαι-

2569 3211 2725 3258 νοῖτο.
2759 3203 2986 3278 Ἐρώτων
3029 3200 3087 3255 δε
3135 3203 3326 3261 θηλεων
3357 3206 3576 3262 ἡττᾶτο.
3623 3203 3677 3266 ἐξ
3706 3205 3827 3257 ὅτου
3861 3207 3887 3262 ἡ
3947 3205 4187 3274 σύζυγος

2570 3293 2729 3344 αὑτοῦ
2759 3297 2848 3344 καὶ
2879 3291 3092 3360 βασιλὶς
3119 3292 3334 3365 Εἰρήνη,
3369 3291 3422 3355 έξ
3469 3291 3748 3366 ἀνθρώπων
3799 3293 4019 3364 έγένετο.
4048 3297 4184 3348 Μά-

2567 3382 2722 3434 λιστα
2750 3379 2808 3434 δε
2845 3389 2934 3443 τῆς
2983 3381 3035 3444 ἐξ
3085 3381 3312 3444 Ἰταλίας
3368 3381 3617 3443 ἐλθούσης
3682 3384 3746 3442 ὡς
3801 3379 4188 3454 θεραπαινίδος

2565 3475 2655 3544 μεν
2686 3480 2779 3532 τῆς
2805 3469 2857 3532 έξ
2887 3470 3188 3543 ’Λλαμάνων
3216 3470 3449 3542 συζύγου
3491 3467 3771 3544 βασιλίδος
3801 3469 3992 3533 Ἀννης
4032 3474 4179 3542 (16),

2565 3559 2844 3620 ἀντιζηλου
2901 3557 2958 3611 δε
3007 3563 3203 3621 ταύτης
3268 3564 3613 3632 γεγενημένης
3667 3566 4003 3632 Μαρκεσίνης
4058 3563 4182 3630 (17)

2563 3669 2616 3702 τε
2653 3649 3038 3722 ὀνομαζομένης
3072 3657 3164 3701 τοῦ
3222 3653 3404 3724 ἔρωτος
3462 3652 3679 3718 ἡττητο,
3745 3655 3835 3702 καί
3883 3649 3933 3712 ές
3985 3659 4179 3702 τοσοῦ-

2563 3759 2647 3792 τον
2712 3747 2808 3799 τῆς
2864 3738 3069 3808 ἀγάπης
3135 3738 3294 3798 αὐτῆς
3343 3737 3650 3811 ἐξεκρέματο
3712 3741 3782 3800 ὡς
3831 3743 3922 3790 καὶ
3973 3736 4174 3792 πέδιλα

2561 3825 2918 3880 ὑποδεδεσθαι
2968 3824 3151 3879 δουναι
3204 3829 3366 3900 ταύτῃ
3423 3826 3722 3900 κοκκοϐαφή
3791 3831 3883 3880 καὶ
3937 3825 4179 3900 ἐφεστρί-

1668 3933 2008 4000 Theodori
2062 3935 2311 4002 Dousaz
2361 3946 2428 4003 et
2475 3936 2726 4005 Leonis
2777 3935 3010 4003 Allatii
3064 3944 3264 4003 notae.

909 4052 995 4121 13)
1041 4057 1138 4123 (Τῷ
1194 4049 1374 4123 ἐκεῖσε(
1423 4054 1770 4123 προσπνήση
1851 4057 2092 4122 Χριστῷ,
2192 4051 2254 4106 in
2351 4051 2463 4108 hac

802 4122 1412 4192 mgritudineloannis
1434 4122 1715 4194 pietatem
1745 4125 2206 4194 etnummorum
2229 4123 2288 4177 in
2319 4139 2465 4194 pau-

797 4210 970 4269 peres
993 4194 1402 4269 profusionem
1422 4193 1807 4269 fu_se_enarrat
1834 4193 2118 4269 Georgius
2145 4193 2467 4269 Pacbyme-

798 4263 1026 4336 rius(p.
1061 4265 1172 4333 70).
1215 4266 1380 4337 quia
1435 4263 1780 4320 Christianis
1837 4264 2212 4336 principibus
2275 4263 2466 4321 omni-

799 4353 879 4394 no
910 4337 1250 4392 audiendus
1285 4341 1393 4392 est.
1435 4341 1570 4392 ALL.

873 4410 984 4479 (14)
1049 4407 1332 4470 Ἐξήκοντα
1387 4412 1477 4458 καὶ
1546 4403 1664 4460 δύο.
1731 4407 2044 4479 Gregoras.
2111 4423 2174 4479 p.
2244 4409 2330 4465 50.
2402 4412 2466 4465 Et

799 4478 944 4536 nota
969 4495 1162 4534 annos
1183 4479 1320 4533 vitae
1343 4479 1500 4533 illius
1519 4478 1922 4550 Acropolitam
1942 4478 2260 4534 numerare
2293 4496 2464 4535 sexa-

799 4553 966 4622 ginta
995 4550 1169 4616 duos,
1202 4553 1528 4619 Gregoram
1553 4551 1864 4617 sexaginta
1893 4567 1906 4605 :
1942 4551 2006 4623 in
2021 4551 2196 4605 annis
2231 4552 2464 4623 imperii

800 4623 1186 4689 conveniunt,
1223 4638 1362 4677 cum
1404 4628 1652 4693 uterque
1680 4627 1797 4676 tres
1830 4626 1882 4676 et
1943 4622 2183 4692 triginta
2229 4622 2464 4695 imperii

800 4699 1094 4750 numeret.
1152 4700 1284 4748 ALL.

874 4764 1429 4840 (15)Δαψιλεστέραν.
1488 4763 1898 4840 Ailmirabitur
1955 4780 2281 4840 nonnemo
2321 4781 2468 4838 qua-

801 4836 946 4916 nam
973 4838 1202 4892 ratione
1223 4836 1541 4916 ejusmodi.
1557 4836 2096 4916 imperat.ores_,_qui
2124 4837 2306 4908 paulo
2329 4836 2464 4916 ante

801 4909 1095 4981 reliquam
1111 4909 1338 4979 regiam
1355 4907 1778 4980 supellectilem
1807 4907 2081 4964 hostibus
2094 4907 2396 4965 cesserant
2410 4915 2467 4964 et

801 4981 1008 5036 omnia
1044 4996 1153 5035 sua
1183 4981 1528 5045 amiserant,
1564 4985 1886 5046 exotorres,
1912 4985 1969 5035 et
1989 4995 2110 5034 non
2136 4981 2262 5036 sine
2283 4981 2465 5036 conti-

801 5052 938 5109 nuis
969 5051 1186 5124 illsque
1217 5051 1533 5124 immensis
1561 5050 1921 5121 sumptibus,
1966 5067 2126 5106 nunc
2167 5068 2303 5108 cum
2331 5052 2464 5107 Bul-

803 5124 988 5194 garis,
1015 5123 1176 5178 nunc
1196 5139 1333 5178 cum
1357 5123 1589 5191 Latinis,
1614 5137 1774 5177 nunc
1813 5138 1951 5178 cum
1992 5123 2462 5179 Christianorum

800 5193 1096 5261 hostibus,
1129 5201 1186 5250 et
1222 5194 1391 5268 quod
1431 5195 1630 5268 majus
1670 5193 1933 5265 cuipiam
2005 5194 2188 5268 videri
2230 5195 2461 5268 poterit,

802 5284 941 5322 cum
975 5268 1190 5323 Graecis
1217 5265 1361 5339 ipsis
1378 5265 1820 5339 belligerantes.
1863 5271 1948 5320 tot
1986 5265 2327 5339 recolligere
2353 5283 2464 5339 ipe-

802 5339 1016 5394 cunias
1031 5335 1352 5408 potuerint,
1369 5344 1433 5392 ut
1454 5337 1622 5406 larga
1644 5338 1821 5391 etiam
1848 5353 2030 5391 manu
2049 5335 2466 5407 largitionibus

803 5355 1016 5394 cunias
1076 5355 1433 5408 oruerini,ui
1454 5355 1622 5406 larga
1644 5355 1821 5391 etiam
1848 5355 2030 5391 manu
2051 5355 2464 5407 largitionibus

803 5415 861 5467 et
894 5355 1387 5466 retributionibus
1421 5425 1563 5477 ,non
1581 5407 1978 5464 familiaribus
1996 5409 2294 5465 modosed
2309 5416 2464 5465 exte-

801 5482 907 5564 ris,
927 5498 1111 5564 supra
1131 5483 1309 5564 etiam
1331 5483 1762 5564 imperatorum
1791 5480 2288 5564 consuetudinem
2316 5481 2464 5564 effu-

805 5552 1059 5610 sissimis
1079 5554 1468 5626 providerint.
1501 5552 1763 5626 Cessabit
1814 5553 2065 5626 omnino
2123 5554 2462 5626 admiratio,

806 5627 855 5682 si
886 5625 1239 5682 revocentur
1259 5626 1318 5681 in
1359 5625 1716 5697 memoriam
1755 5625 2350 5697 qumPachymerius
2389 5625 2464 5681 de

803 5699 1018 5755 aerario
1039 5699 1287 5754 Joannis
1319 5703 1376 5754 et
1403 5696 1693 5753 Theadori
1735 5696 1954 5767 scribit,
1988 5713 2047 5769 p.
2079 5696 2164 5753 68.
2196 5702 2332 5754 ALL.

875 5771 994 5844 (l9)
1014 5769 1230 5833 Ἀννης.
1267 5772 1495 5828 Mortua
1521 5784 1791 5842 namque
1831 5771 1998 5826 lrene
2036 5771 2274 5826 Annam
2344 5769 2466 5826 Ale-

2577 4067 2889 4116 mannam,
2937 4051 3220 4108 Manfredi
3262 4049 3470 4108 Siciliae
3509 4052 3666 4120 regis
3697 4066 3990 4113 sororem,
4038 4067 4163 4108 uxo

2575 4141 2702 4180 rem
2733 4123 2918 4179 duxit.
2955 4125 3266 4195 Gregoras,
3303 4138 3357 4194 p.
3412 4126 3477 4178 45
3520 4128 3577 4179 et
3605 4126 3691 4178 91.
3730 4122 4185 4195 Pachymertus,

2575 4195 2677 4251 lib.
2699 4212 2780 4257 iii,
2807 4211 2864 4266 p.
2896 4195 3014 4262 181,
3037 4199 3095 4249 et
3125 4193 3280 4250 infra
3306 4193 3364 4266 ρ.
3403 4198 3524 4266 185.
3555 4195 3738 4266 Hujus
3769 4193 3953 4249 Anna
3971 4200 4191 4266 postea

2574 4264 2897 4338 imperium
2947 4266 3204 4337 adeptus
3234 4264 3476 4338 Michael
3507 4264 3874 4338 Palaéologus
3914 4264 4188 4338 maxime

2575 4336 2825 4410 cupiens
2856 4338 2981 4392 fuit.
3009 4336 3635 4410 Itaque-inﬂammatus
3659 4336 3906 4410 libidine
3946 4336 4190 4410 fereba-

2575 4407 2690 4489 tur,
2726 4414 2788 4465 ut
2805 4407 3424 4489 nequepudor‘peque
3442 4409 3633 4488 pietas
3647 4423 3848 4489 neque
3863 4407 4191 4489 hominum

2497 4482 2540 4535 Ι)
2575 4481 2740 4536 fama
2773 4498 2808 4534 a
2835 4479 3158 4552 cupiditate
3189 4479 3288 4552 illa
3333 4479 3682 4552 revocarint.
3717 4479 3970 4534 Mulieris
4011 4481 4193 4535 casti-

2575 4553 2844 4607 moniam
2898 4551 2954 4607 et
2994 4556 3151 4623 artes
3187 4557 3244 4605 et
3273 4551 3464 4623 ipsius
3503 4551 3881 4623 imperatoris
3920 4557 4188 4606 conatus

2575 4625 3018 4694 Pachymerius,
3052 4622 3154 4677 lib.
3179 4638 3264 4689 ιιι,
3291 4622 3350 4694 p.
3389 4623 3512 4694 181.
3545 4622 3854 4694 expressit.
3895 4627 4033 4678 ALL.

2526 4705 2530 4709 '
2647 4693 2760 4764 (17)
2793 4699 3150 4769 Μαρκεσόνης.
3196 4693 3337 4749 Rem
3379 4693 3568 4769 fusius
3612 4693 3929 4769 pertragtat
3959 4695 4189 4769 Grego-

2572 4781 2693 4833 ras,
2709 4764 3035 4839 p.46.'Quae
3064 4765 3452 4839 Gregorasde
3471 4764 3802 4839 Nicephoro
3825 4764 4193 4839 Blemmyda

2572 4843 2629 4893 et
2661 4836 2904 4894 exclusa
2954 4836 3278 4892 Marcesina
3322 4837 3402 4892 ab
3441 4836 3690 4892 ecclesia
3717 4837 3915 4897 tradit,
3950 4837 4194 4893 videtur

2573 4909 2843 4965 hausisse
2882 4926 2949 4964 ex
2987 4907 3234 4980 epistola
3249 4908 3551 4980 encyclica
3565 4908 3829 4980 ejusdem
3846 4908 4192 4979 Nicephori,

2622 4998 2709 5036 ure
2741 4981 2884 5053 quia
2912 4979 3111 5053 adhuc
3133 4979 3494 5047 inedita’est,
3516 4979 3683 5050 quod
3713 4979 3902 5053 sciam
3933 4979 4107 5053 ipse,_
4128 4987 4194 5036 et

2622 4998 2709 5036 ure
2741 4997 2884 5053 quia
2912 4997 3111 5036 aanuc
3133 4997 3357 5034 inedita
3386 4997 3494 5047 esi,
3516 4997 3683 5050 quoa
3713 4997 3902 5035 sciam
3933 4997 4082 5050 ipse,
4128 4997 4191 5036 ei

2573 4997 2759 5122 Signa
2777 5054 2996 5124 sitque:
3009 5051 3088 5107 ob
3113 5055 3393 5124 pietatem
3412 5057 3790 5124 etsummugm
3813 5051 3872 5105 in
3895 5051 4191 5124 Christia-

2574 5139 2713 5179 nam
2743 5122 3090 5192 religionem
3111 5122 3302 5177 ielum
3327 5128 3550 5178 teratur
3574 5122 3845 5178 omnium
3873 5123 4188 5188 manibus,

2573 5195 2668 5250 hic
2682 5196 3016 5251 exscribam
3041 5197 3257 5257 Graece;
3274 5209 3409 5266 quae
3427 5198 3547 5267 est:
3565 5199 3868 5267 Νικηφόρον
3891 5201 4190 5266 μοναστοὺ,

2574 5286 2624 5320 κ.
2652 5287 2698 5322 τ.
2721 5267 2750 5319 λ
2776 5269 2914 5323 Vide
2935 5274 3155 5322 tomum
3176 5265 3330 5320 CXLI
3350 5269 3410 5322 in
3433 5265 3780 5336 Nicephoro'
3801 5265 4193 5336 Blemmyda.

2577 5338 2941 5419 §pondanus
2969 5341 3323 5419 anno‘t225,
3369 5354 3537 5419 num,
3584 5338 3831 5419 tamira
3865 5338 4197 5419 oscitantia

2575 5409 2972 5482 Nicephorum
3007 5426 3042 5464 ει
3096 5409 3447 5481 Blemmyda
3477 5409 3687 5466 dividit
3730 5429 3741 5466 :
3776 5409 3926 5465 Cum
3977 5411 4197 5478 pellex

2574 5483 2922 5553 ejusqumda
2951 5483 3786 5554 quammajorz‘pompaquam
3800 5482 4196 5552 ipsaAugus-

2574 5562 2636 5609 ta
2663 5555 2926 5610 incedere
2939 5553 3347 5621 consueverat,
3375 5553 3451 5609 ab
3464 5553 3736 5624 ingressu
3750 5555 3959 5622 templi
3981 5555 4158 5609 Btem
4171 5585 4194 5596 ο

2571 5628 2766 5695 mydar
2784 5626 3086 5695 prohibita
3109 5626 3184 5681 ab
3205 5641 3332 5695 ejus
3351 5625 3564 5681 abbate
3576 5625 3915 5693 Nicephoro
3938 5640 4191 5695 magna

2575 5700 2814 5754 virtutis
2828 5705 3008 5770 atque
3019 5699 3396 5770 auctoritatis
3413 5698 3564 5770 viro,
3585 5703 3695 5755 etc.
3711 5698 3865 5755 Sane
3878 5696 3972 5752 hic
3986 5697 4195 5754 abbas

2574 5769 2939 5843 Nicephorus
2959 5786 2996 5828 a
3026 5769 3380 5844 Blemmyda
3399 5769 3667 5827 delectus
3698 5784 3822 5827 non
3848 5773 3939 5826 est
3966 5774 4110 5827 ALL.
