4470 6452
297 408 424 461 1121

294 525 393 590 δας
423 530 668 589 τοιαύτας
698 531 788 579 καὶ
851 525 1047 597 χαλινὰ
1099 524 1314 576 ἔπεσθαι
1352 541 1403 575 τε
1460 523 1589 595 αὐτῇ
1635 524 1837 585 πλείους
1869 525 1896 582 ἦ
1932 531 1975 580 Α

292 625 352 689 τῇ
387 624 578 688 κυρίως
609 612 884 687 δεσποίνῃ,
945 614 1075 665 ἄλλα
1108 632 1159 664 τε
1194 610 1357 663 πολλά
1410 610 1567 663 ἐποίει
1618 622 1734 675 ταῖς
1777 613 1901 665 ἐκεί-

294 725 387 766 νης
449 702 706 757 δουλεύων
781 703 1001 776 ὀρέξεσι.
1078 703 1394 774 Καρτερικὸς
1435 696 1493 752 δὲ
1527 697 1585 757 ἦν
1649 703 1797 763 οὗτος
1857 701 1904 752 ἐν

294 800 413 855 ταῖς
452 797 655 866 μάχαις
711 795 737 845 6
806 791 1076 864 βασιλεὺς,
1123 796 1212 841 καὶ
1242 797 1353 849 τοῖς
1380 792 1469 861 μὲν
1512 792 1647 842 κατά
1708 793 1906 843 συστά-

298 879 397 940 δην
465 882 709 954 πολέμοις
779 880 870 933 ούκ
946 883 1151 951 ἔχαιρε,

296 970 491 1045 ’Ἄρεως
522 966 725 1023 δειλιῶν
776 974 865 1021 καὶ
919 972 977 1020 τὸ
1032 970 1175 1040 παρὰ
1226 970 1394 1018 ταῦτα
1435 962 1631 1024 ἄδηλον
1662 967 1906 1037 ὑπολογι-

300 1062 512 1131 ζόμενος
545 1080 557 1092 ο
609 1066 670 1130 τῇ
723 1062 971 1131 καρτερίᾳ
1026 1052 1085 1108 δε
1141 1061 1432 1127 χρώμενος,
1492 1060 1581 1107 καὶ
1639 1054 1908 1129 ἐνεαρίζων

298 1151 390 1219 μεν
420 1148 494 1209 εἰς
520 1152 613 1206 τὴν
660 1156 761 1198 τῶν
813 1146 1051 1198 ἐναντίων
1102 1151 1201 1216 γῆν
1250 1148 1340 1195 καὶ
1394 1148 1488 1201 τὴν
1545 1146 1719 1218 θέρους
1775 1147 1909 1218 ὥραν

299 1232 647 1303 διαϐιϐάζων,
719 1238 793 1288 ἔτι
845 1232 904 1287 δε
959 1239 1047 1287 καὶ
1094 1238 1181 1290 την
1222 1234 1507 1304 φθίνουσαν
1555 1232 1759 1306 ὀπώραν
1793 1230 1909 1284 δια-

1234 882 1290 929 τό
1352 877 1765 950 ἀλλοπρόσαλλον
1818 886 1906 931 τοῦ

298 1326 449 1395 νύων,
534 1323 694 1377 ἐνίοτε
770 1320 831 1377 δε
899 1327 989 1374 καὶ
1066 1321 1485 1395 παραχειμάζων
1562 1326 1655 1379 τὴν
1717 1330 1942 1373 νικῶσαν

1808 403 2155 458 ANNALES.

3533 407 3668 458 1122

2014 530 2277 595 tempore
2299 524 2357 579 in
2370 524 2637 581 hostium
2660 525 2808 581 locis
2832 523 3057 594 degens
3073 530 3127 579 et
3150 529 3350 580 testate
3365 525 3666 593 trajiciens

2013 629 2121 669 nec
2146 629 2263 668 non
2292 620 2346 669 et
2375 622 2749 671 senescentes
2776 615 3001 670 fructus
3031 620 3372 685 expectans,
3396 614 3668 685 quando-

2012 718 2129 774 que
2147 703 2325 757 etiam
2351 704 2671 758 hibernans
2691 705 2999 759 victoriam
3026 719 3083 757 re
3096 702 3388 773 portabat,
3416 702 3670 774 impera-

2017 790 2156 845 toris
2187 792 2520 846 constantia
2544 808 2612 847 ac
2645 793 2930 863 patientia
2957 791 3215 860 fatigatis
3244 790 3533 845 hostibus.
3563 793 3675 846 Mo-

2014 878 2161 933 ritur
2181 879 2508 950 imperator
2528 882 2790 936 Joannes
2812 880 3057 951 imperio
3087 878 3208 933 tilio
3227 894 3336 933 suo
3365 879 3672 935 Theodoro

2016 972 2133 1022 tres
2165 968 2482 1037 ettriginta
2512 985 2705 1025 annos
2739 971 2935 1038 agenti
2959 968 3195 1024 relicto:
3241 968 3503 1023 totenim
3533 974 3673 1023 aeta-

2017 1056 2087 1110 tis
2120 1056 2276 1111 illius
2313 1059 2452 1111 anni
2492 1062 2641 1131 quot
2666 1064 2722 1113 et
2758 1058 2991 1131 paterni
3039 1057 3271 1128 imperii
3296 1063 3463 1112 erant
3493 1074 3504 1111 :
3535 1073 3674 1112 cum

2017 1151 2333 1216 paternam
2356 1147 2515 1202 enim
2550 1147 2981 1203 acclamatione
3008 1145 3155 1203 forte
3180 1151 3237 1201 et
3262 1144 3493 1201 natales
3520 1144 3675 1201 illius

2019 1240 2465 1290 concurrerant.

2033 1320 2334 1394 ἐλάμϐανεν,
2413 1324 2813 1396 ἀποκαμνόντων
2874 1334 2973 1376 τὼν
3031 1324 3268 1375 ἐναντίων
3311 1330 3373 1395 τῇ
3430 1332 3521 1375 τού
3581 1321 3678 1395 βα·

303 1414 488 1475 σιλέως
546 1413 787 1466 ἐνστάσει
840 1432 893 1466 τε
944 1417 1035 1464 καὶ
1088 1414 1346 1483 ὑπομονῇ.
1410 1412 1699 1469 Ἐτεθνήκει
1757 1416 1847 1482 μὲν
1889 1413 1914 1462 6
1973 1411 2217 1483 βασιλεὺς
2278 1414 2514 1473 Ἰωάννης
2570 1422 2642 1483 τῷ
2696 1416 2791 1484 υἱῷ
2843 1414 3003 1465 αὐτοῦ
3055 1410 3311 1485 Θεοδώρῳ
3367 1418 3457 1470 τὴν
3518 1410 3679 1483 βασι-

298 1502 438 1555 λείαν
465 1502 862 1568 καταλελοιπὼς,
886 1502 1169 1574 τριάκοντα
1197 1505 1285 1551 καὶ
1308 1502 1587 1571 τριάκοντα
1616 1506 1704 1553 καὶ
1734 1506 1855 1574 τρία
1894 1502 1980 1558 ἔτη

2016 1497 2300 1556 διανύοντι.
2336 1505 2593 1563 Τοσουτὸς
2617 1506 2717 1576 γὰρ
2746 1504 2771 1554 6
2803 1508 2993 1577 χρόνος
3026 1502 3162 1572 αὐτῷ
3208 1503 3398 1561 ὁπόσος
3445 1506 3538 1559 τὴν
3585 1521 3681 1553 πα.

302 1599 489 1667 τρικῆς
522 1591 796 1664 βασιλείας
820 1589 1077 1663 ἐτύγχανε
1114 1611 1125 1622 ·
1161 1585 1360 1661 σχεδὸν
1383 1592 1481 1661 γὰρ
1513 1597 1570 1661 τῇ
1606 1597 1832 1664 πατρικῇ
1868 1587 2150 1664 ἀναρρήσει
2176 1596 2264 1643 καὶ
2287 1594 2314 1648 η
2344 1594 2589 1661 γέννησις
2614 1589 2809 1643 ἐκείνου
2842 1587 3179 1664 ξυνέδραμεν.

375 1681 478 1752 η’.
514 1680 650 1733 Ἀλλ’
702 1682 727 1732 6
760 1678 1007 1753 βασιλεὺς
1070 1680 1117 1713 ⁸ο
1147 1680 1237 1749 μεν
1277 1674 1551 1750 Θεόδωρος
1602 1686 1702 1729 τῶν
1759 1676 1914 1749 βασι-

304 1768 454 1821 λείων
525 1768 802 1827 ἐπείληπτο
875 1771 1084 1841 θρόνων.
1171 1772 1275 1825 Την
1351 1772 1716 1839 νενομισμένην
1791 1773 1917 1838 ’γοῦν

304 1859 457 1910 ὁσίαν
489 1855 721 1921 ἀποδούς
752 1857 837 1931 [Ρ.
873 1858 962 1929 57]
992 1865 1063 1928 τῷ
1092 1855 1301 1929 βασι)ιεί
1350 1861 1439 1908 καὶ
1490 1863 1670 1930 πατρὶ,
1709 1862 1797 1908 καὶ
1828 1876 1918 1908 κα-

312 1948 509 2008 θεσθεὶς
549 1945 626 2000 ἐπ’
667 1942 897 2008 ἀσπίδος
944 1948 1013 2008 ὡς
1073 1947 1202 2015 ἔθος,
1262 1949 1351 1997 καὶ
1405 1946 1503 1997 ὑπὸ
1560 1947 1763 1997 πάντων
1823 1965 1915 2017 φη-

304 2038 511 2108 μισθεὶς
550 2036 888 2111 αὐτοκράτωρ
930 2036 1069 2107 (18),
1104 2043 1193 2087 τοῦ
1250 2040 1527 2106 Νυμφαίου
1578 2034 1778 2108 ἀπάρας
1834 2034 1917 2087 ἐπὶ

302 2131 400 2184 την
436 2123 755 2199 Φιλαδελφου
806 2123 1039 2197 ἀφίκετο.
1083 2129 1321 2196 Μεγίστη
1374 2120 1433 2175 δὲ
1464 2124 1596 2181 αὕτη
1627 2124 1777 2185 πόλις
1828 2129 1917 2175 καὶ
1948 2126 1986 2179 Β

304 2213 717 2284 πολυάνθρωπος
756 2219 844 2271 καὶ
904 2213 1215 2276 ὁπλίζεσθαι
1274 2208 1655 2284 δεδυνημένους
1708 2213 1915 2271 οἰκητό-

302 2324 401 2379 ρας
431 2306 657 2377 ἔχουσα,
685 2308 775 2356 καὶ
819 2302 1055 2376 μάλιστα
1099 2302 1299 2364 τοξείαν
1354 2300 1644 2363 ἀσκοῦντας
1702 2323 1713 2335 ·
1759 2300 1917 2374 ἀγχι-

303 2401 631 2467 τερμονοῦτα
662 2391 721 2445 δε
752 2400 857 2453 τοῖς
891 2399 1166 2468 Περσικοῖς
1203 2393 1365 2464 ὁρίοις
1411 2390 1489 2444 ἀεὶ
1550 2387 1920 2464 διαμάχεσθαι

304 2490 411 2543 τοῖς
453 2484 778 2545 ὑπεναντίοις
822 2484 1037 2543 τούτους
1096 2488 1235 2534 ποιεῖ
1286 2485 1375 2532 καί
1447 2477 1636 2541 ἐθάδας
1687 2480 1919 2552 πολέμων

307 2570 609 2644 ἐργάζεται.
681 2572 879 2625 Ἐκεῖσε
962 2566 1050 2623 οὖν
1143 2567 1561 2645 διακαρτερήσας
1613 2573 1800 2643 μικρὸν
1831 2576 1920 2623 καὶ

306 2662 432 2714 ὅσον
488 2659 768 2736 πρεσϐείαν
849 2659 1047 2713 στεῖλαι
1098 2663 1223 2732 πρὸς
1274 2663 1362 2711 τὸ)
1423 2659 1665 2723 σουλτὰν,
1718 2658 1804 2711 ἐπὶ
1858 2662 1922 2712 τὰ

308 2751 534 2803 Βιθυνῶν
586 2755 870 2823 κεχώρηκη
924 2753 1055 2822 μέρη
1097 2753 1187 2800 καὶ
1218 2752 1311 2807 τὴν
1351 2756 1442 2808 τῆς
1495 2754 1675 2821 χώρας
1725 2751 1921 2810 ταύτης

306 2840 710 2912 προκαθημένην
739 2838 888 2891 πόλιν
946 2843 1040 2896 τὴν
1094 2839 1339 2893 Νίκαιαν,
1394 2838 1535 2890 Ἐπεὶ
1585 2834 1644 2889 δε
1701 2836 1921 2911 ἐχήρευε

306 2935 400 2980 τοῦ
440 2935 891 3003 πατριαρχοῦντος
945 2928 1058 2998 (19)
1108 2929 1134 2984 ἦ
1191 2926 1475 2984 Ἐκκλησία
1521 2928 1768 2998 (πίφθακε
1819 2930 1920 2999 γὰρ

306 3018 333 3069 6
413 3019 753 3092 πατριάρχης
826 3016 1073 3075 Μανουὴλ
1139 3020 1325 3090 μικρὸν
1400 3034 1451 3067 τι
1518 3023 1609 3067 τοῦ
1660 3013 1919 3088 βασιλέως

304 3104 546 3160 Ἰωάννου
603 3105 1055 3181 προτελευτῆσαι),
1117 3103 1225 3159 ἔδει
1303 3101 1362 3158 δε
1409 3113 1612 3180 πρῶτον
1666 3108 1920 3179 πατριάρο

313 3215 423 3269 χην
470 3195 851 3269 προϐληθῆναι,
909 3195 971 3247 ἶν’
1032 3194 1116 3247 ἐπὶ
1163 3202 1236 3264 τῷ
1277 3192 1489 3266 βασιλεῖ
1533 3197 1626 3251 τὴν
1668 3213 1924 3266 στεφηφο-

311 3283 508 3360 ρίανέν
539 3294 607 3356 τῷ
658 3286 776 3361 ἱερῷ
803 3284 1212 3359 τελεσιουργήση
1263 3287 1475 3355 τεμένει,
1541 3281 1775 3344 ἐζητεῖτο
1832 3286 1922 3356 μεν

310 3374 337 3425 ό
368 3373 513 3437 ἄξιος
536 3381 630 3426 τοῦ
660 3376 899 3426 τοιούτου
954 3375 1157 3447 θρόνου,
1213 3374 1242 3430 ἠ
1277 3368 1411 3435 δόξα
1458 3368 1517 3424 δε
1557 3380 1668 3433 τοῖς
1717 3371 1922 3434 πολλοῖς

314 3461 402 3516 ἐπὶ
438 3471 512 3535 τῷ
555 3459 821 3537 Βλεμμίδᾳ
881 3464 991 3535 (20)
1055 3461 1311 3534 ἐτύγχανε
1362 3465 1666 3536 Νικηφόρῳ,
1695 3470 1768 3533 τῷ
1820 3460 1924 3535 ἐμῷ

311 3548 629 3623 διδασκάλῳ
652 3560 753 3604 τῶν
792 3559 885 3613 τῆς
942 3550 1244 3624 φιλοσοφίας
1291 3550 1455 3623 λόγων
1507 3569 1562 3603 τε
1591 3556 1681 3603 καὶ
1724 3547 1925 3623 δογμά·

309 3660 432 3707 των,
466 3638 623 3716 ἀνδρὶ
653 3639 708 3692 ἐκ
746 3646 981 3703 νεότητος
1008 3643 1094 3692 τὸν
1140 3640 1299 3711 ζυγὸν
1342 3636 1577 3713 ἀραμένῳ
1620 3647 1712 3691 τοῦ
1758 3644 1925 3711 μονή-

308 3748 438 3804 ρους
477 3727 601 3802 βίου
630 3734 720 3782 καὶ.
744 3729 1039 3804 περιϐοήτῳ
1094 3729 1415 3800 τυγχάνοντι
1464 3732 1551 3780 καὶ
1606 3733 1724 3803 περὶ
1775 3727 1925 3800 λόγον

308 3824 402 3872 καὶ
447 3817 656 3892 ἀρετὴν,
719 3818 814 3871 κᾶν
854 3819 1000 3872 ἐνίων
1060 3820 1086 3870 6
1143 3820 1343 3890 φθόνος,
1400 3822 1490 3869 καὶ
1538 3817 1775 3890 μάλιστα
1828 3826 1924 3871 των

309 3907 675 3982 προύχόντων,
708 3908 769 3961 ού
799 3912 953 3981 μόνον
981 3907 1075 3960 ούκ
1115 3906 1304 3979 ἐκφανῆ
1337 3909 1506 3979 τούτῳ
1562 3908 1627 3959 τὰ
1684 3916 1775 3968 τῆς
1816 3906 1927 3982 ἀρε-

310 4006 404 4058 τῆς
434 3995 615 4066 ἐποίει,
647 3996 777 4050 ἀλλὰ
804 4004 895 4051 καὶ
942 4002 1132 4058 κακίας
1175 3999 1320 4058 τινας
1383 3996 1524 4067 αὐτῷ
1578 3996 1923 4069 προσεκόλλα.

312 4086 479 4148 Οὗτος
505 4082 593 4139 οὖν
622 4089 755 4160 πρὸς
782 4090 871 4140 τὸν
939 4085 1167 4160 βασιλέα
1197 4082 1471 4160 Θεόδωρον
1504 4086 1680 4158 φιλίως
1738 4083 1772 4140 δ
1778 4092 1926 4140 ιέκει-

308 4193 371 4227 το
396 4179 486 4227 καὶ
512 4175 637 4248 παρ’
694 4175 856 4227 αὐτοῦ
896 4174 1115 4248 ἐφιλεῖτο
1146 4196 1158 4208 ·
1206 4183 1307 4227 τῶν
1345 4177 1448 4250 γὰρ
1498 4172 1683 4247 λόγων,
1746 4174 1792 4226 ἐν
1850 4177 1927 4237 οἷς

309 4266 381 4316 τὰ
426 4263 591 4317 πολλά
621 4263 952 4337 ἐπεγάννυτο,
1006 4260 1334 4317 διδάσκαλον
1384 4269 1474 4317 καὶ
1528 4264 1678 4317 αύτόν
1711 4264 1926 4339 ἐπεγρά-

310 4372 427 4427 φετο
456 4373 469 4387 ο
506 4356 664 4427 σοφὸς
724 4358 824 4429 γὰρ
876 4351 938 4414 ἦν
1007 4354 1077 4417 εἰς
1110 4356 1268 4428 ἄκρον
1317 4361 1429 4414 ταῖς
1478 4352 1741 4416 ἀληθείαις
1772 4357 1796 4407 6
1828 4353 1925 4429 βα-

312 4441 507 4505 σιλεύς.
546 4442 603 4495 Ὀ
647 4439 708 4496 δε
766 4443 1103 4519 ὀκνηρότερος
1152 4448 1271 4517 περὶ
1319 4447 1377 4495 τὸ
1429 4449 1651 4520 πρᾶγμα
1694 4444 1924 4517 ἐτύγχα-

385 4568 432 4603 ⁴⁰
474 4570 539 4641 Ι)-
586 4583 600 4624 2
685 4567 781 4629 ⁶Ος
834 4573 928 4626 τὴν
984 4572 1353 4641 νενομισμένην

310 4643 470 4713 φαίου
518 4638 738 4714 ἀπάραςΔ
818 4644 948 4714 πρός
1022 4637 1117 4698 τὴν
1179 4637 1499 4714 Φιλαδέλφου
1572 4640 1802 4714 ἀφίκετο.

2096 1683 2182 1734 53.
2220 1678 2400 1748 Igitur
2423 1679 2750 1751 imperator
2786 1679 3127 1734 Theodorus
3153 1678 3383 1750 imperii
3431 1678 3682 1734 habenis

2026 1768 2341 1840 susceptis,
2385 1769 2685 1840 Justisque
2736 1768 3081 1839 imperatori
3135 1772 3191 1822 et
3222 1767 3506 1839 patri,uti
3554 1766 3684 1822 ﬁeri

2024 1861 2209 1920 amat,
2237 1856 2431 1927 factis,
2465 1862 2520 1913 et
2570 1873 2753 1928 super
2793 1862 3025 1912 scutum
3057 1856 3349 1925 assidens,
3382 1856 3464 1911 uti
3497 1855 3681 1911 moris

2025 1952 2130 2009 est,
2158 1945 2235 2001 ab
2262 1945 2546 2001 omnibus
2579 1946 2904 2018 imperator
2934 1946 3322 2013 acclamatus,
3352 1944 3684 2017 Nymphaeo

2025 2032 2341 2089 discedens
2356 2034 2810 2107 Philadephiam
2826 2041 3144 2100 commeat,
3160 2034 3364 2090 urbem
3378 2034 3686 2105 ingentem

2025 2128 2082 2178 et
2120 2122 2489 2195 frequentem
2520 2123 2761 2196 populis
2805 2123 3247 2197 oppidanisque
3279 2139 3451 2179 arma
3511 2124 3682 2193 112

2026 2228 2261 2268 sumere
2293 2219 2349 2269 et
2375 2214 2635 2269 maxime
2667 2214 2897 2283 sagittis
2927 2214 3346 2269 adversarium
3388 2212 3688 2282 contigere

2026 2302 2331 2373 professis.
2374 2304 2455 2359 Ea
2485 2319 2623 2359 cum
2658 2303 2718 2358 in
2749 2303 3073 2359 ﬁnitimum
3130 2318 3344 2372 agrum
3378 2302 3687 2357 Persicum

2026 2392 2400 2461 extendatur,
2426 2392 2585 2449 bella
2614 2409 2750 2448 cum
2786 2393 3065 2448 hostibus
3089 2394 3375 2449 continuo
3405 2408 3689 2448 exercens

2028 2486 2264 2554 gentem
2295 2481 2433 2537 belli
2483 2481 2698 2538 studiis
2737 2482 3137 2555 asperrimam
3186 2482 3305 2539 alit.
3358 2482 3441 2537 lbi
3479 2482 3689 2554 paucis

2028 2568 2269 2639 diebus,
2299 2570 2525 2642 quibus
2570 2570 2934 2640 legationem
2979 2572 3058 2627 ad
3091 2571 3395 2627 sultanum
3426 2571 3687 2640 miserat,

2029 2665 2441 2715 commoratus
2470 2659 2549 2715 ad
2586 2660 2977 2732 Bithynorum
3000 2676 3139 2716 oras
3161 2665 3218 2715 et
3239 2659 3316 2716 ad
3345 2661 3604 2732 primam
3629 2658 3692 2714 il-

2028 2746 2144 2803 lius
2173 2748 2432 2817 regionis
2458 2747 2668 2804 urbem
2696 2748 2955 2804 Nicaeam
2989 2749 3249 2804 secessit.
3277 2748 3390 2805 Sed
3418 2764 3556 2804 cum
3584 2763 3691 2821 pa-

2030 2838 2303 2893 triarchae
2327 2838 2476 2894 orba
2503 2838 2766 2895 Ecclesia
2788 2838 2939 2894 foret
2968 2841 3137 2912 (nam
3164 2838 3347 2911 paulo
3365 2845 3693 2911 antequam

2029 2929 2289 2984 Joannes
2320 2928 2637 3001 imperator
2667 2934 3023 2998 moreretur,
3080 2928 3420 3001 patriarcha
3463 2927 3689 2984 Manuel

2031 3017 2213 3072 vitam
2244 3016 2524 3087 ﬁnierat),
2544 3033 2655 3073 nec
2678 3017 2908 3090 absque
2941 3018 3287 3090 patriarcha
3316 3015 3694 3090 imperatoris

2031 3106 2338 3162 coronatio
2358 3106 2421 3161 in
2448 3122 2619 3163 sacro
2644 3106 2866 3178 templo
2892 3106 3107 3162 conﬁci
3129 3112 3353 3179 posset,
3381 3106 3601 3176 dignus
3623 3121 3696 3162 ea

2032 3195 2342 3267 provincia
2380 3200 2439 3251 et
2480 3194 2709 3251 honore
2749 3195 3236 3267 conquirebatur.
3295 3194 3694 3250 Plurimorum

1961 3271 2001 3327 C
2034 3280 2389 3351 suffragiain
2408 3282 2807 3355 Nicephorum
2834 3283 3695 3355 Blemmidam,preeceptorem

2035 3385 2239 3425 meum
2252 3371 2875 3445 etphilosophicorum
2893 3389 3240 3428 sermonum
3257 3388 3325 3427 ac
3337 3371 3696 3442 dogmatum

2032 3458 2449 3528 institutorem,
2508 3461 2706 3517 virum
2763 3466 2819 3518 et
2860 3460 3064 3517 litteris
3122 3461 3337 3517 virtute
3395 3477 3697 3534 perquam

2034 3547 2331 3605 celebrem
2358 3555 2415 3607 et
2442 3551 2547 3623 qui
2580 3550 2819 3622 juvenis
2850 3550 3049 3607 adhuc
3088 3556 3268 3622 atque
3290 3550 3503 3607 tenella
3523 3555 3697 3606 aetate

2030 3638 2248 3709 jugum
2275 3640 2624 3695 monasticae
2663 3640 2799 3695 vitae
2831 3638 3068 3706 tulerat,
3120 3639 3537 3712 respiciebant,
3565 3639 3701 3696 licet

2034 3727 2488 3797 nonnullorum,
2511 3734 2567 3785 et
2588 3729 2851 3785 maxime
2869 3728 3216 3802 primatum,
3232 3728 3560 3785 invidentia
3573 3744 3698 3785 non

2035 3816 2221 3873 modo
2252 3821 2431 3873 tantae
2459 3817 2686 3874 virtutis
2706 3817 2912 3874 lumen
2932 3816 3293 3884 occuluerat,
3325 3817 3432 3874 sed
3457 3822 3514 3873 et
3557 3818 3700 3874 vitia

2034 3905 2319 3979 quaedam
2341 3906 2571 3962 homini
2588 3908 2963 3980 appinxerat.
2991 3907 3159 3963 Hunc
3176 3907 3503 3980 imperator
3515 3907 3697 3963 Theo-

2036 3995 2223 4051 dorus
2238 3995 2546 4066 diligebat,
2562 3998 2658 4053 cui
2666 3998 3183 4069 juncundissimus
3196 4002 3341 4065 erat,
3358 3998 3582 4071 quippe
3594 3997 3701 4070 qui

2039 4103 2411 4155 sermonum,
2437 4086 2662 4161 quibus
2692 4104 3079 4161 summopere
3110 4087 3541 4158 delectabatur,
3574 4103 3699 4145 ma-

2037 4178 2286 4248 gistrum
2299 4192 2439 4232 eum
2452 4176 2565 4232 sibi
2580 4176 2940 4234 adsciverat:
2959 4177 3268 4249 sapientiae
3281 4176 3441 4233 enim
3462 4176 3700 4233 culmen

2038 4271 2094 4323 et
2123 4282 2183 4322 re
2205 4281 2349 4321 vera
2390 4266 2667 4337 attigerat
2692 4267 3038 4340 imperator.
3080 4266 3179 4323 llle
3218 4267 3295 4323 ad
3318 4272 3550 4324 tantam
3570 4282 3701 4323 rem

2038 4356 2277 4427 segnior
2305 4370 2459 4421 esse,
2492 4361 2550 4413 et
2567 4357 2895 4429 imperator
2925 4356 3108 4412 etiam
3126 4357 3254 4429 ipse
3284 4372 3408 4413 non
3429 4356 3701 4429 impense

2038 4445 2217 4502 nimis
2244 4461 2475 4516 urgere,
2500 4446 2596 4501 cui
2612 4446 2853 4517 magnis
2877 4445 3095 4518 volupe
3112 4451 3238 4502 erat
3256 4445 3333 4501 ab
3350 4462 3420 4501 eo
3444 4445 3703 4501 similem

1463 4570 1613 4644 ὁσίαν
1698 4568 1926 4632 ἀποδοὺς
1998 4580 2089 4644 τῷ,
2151 4576 2323 4644 πατρὶἈ
2391 4575 2481 4623 καὶ
2556 4568 2635 4622 ἐπ’
2709 4566 2940 4631 ἀσπίδος
3027 4572 3324 4642 φημισθεὶς,
3376 4577 3470 4622 τοῦ
3554 4576 3704 4642 Νυμ-

1903 4649 2003 4697 Kal
2042 4638 2268 4696 ’ἐκεῖσε”
2294 4638 2720 4729 διακαρτερήσας
2776 4646 2961 4717 μικρὸν
3019 4638 3109 4694 καί
3172 4647 3453 4729 περιᾴτην⁸
3478 4638 3703 4726 Βιθυνῶν

310 4662 470 4713 φαιου
518 4662 724 4713 απαρας
818 4662 948 4712 προς
1022 4662 1117 4698 την
1179 4662 1499 4763 Ψιλασελζου
1572 4662 1802 4714 αφικετο.
1905 4662 2003 4697 καί
2075 4662 2239 4696 εκεισε
2294 4662 2720 4716 οιακαρτερησας
2776 4662 2961 4717 μικρόν
3019 4662 3109 4694 και
3172 4662 3291 4716 περι
3339 4662 3433 4699 την
3478 4662 3703 4694 υισυνων

310 4717 505 4783 χωρεῖ.
566 4717 667 4797 καὶ
720 4710 1222 4801 ἐπεὶῌέχηγῖρευενῆἠ
1273 4713 1399 4801 :Eixx
1435 4717 1566 4770 ησία
1617 4717 1955 4801 (προτθίθνηκε
2010 4717 2111 4787 γὰρ
2165 4724 2255 4766 του
2302 4712 2566 4801 βασιλέως⁵
2608 4716 2633 4766 6
2686 4732 3027 4801 πατριαρχης
3082 4713 3374 4800 Μανουηλ),
3440 4713 3705 4801 ’ῥρσίνιόν

224 4834 229 4835 ,
305 4779 426 4835 τινα
454 4786 688 4855 μοναχὸν
712 4783 764 4846 ἐξ
825 4779 1238 4845 Ἀπόλλυνιάδος
1273 4783 1457 4857 λίμνης
1512 4779 1978 4859 μεταπεμψάμενος
2017 4779 2122 4858 ’χει
2160 4779 2323 4838 οτονεῖ
2374 4788 2732 4861 πατριάρχην,
2794 4779 2851 4847 ’ὃς

309 4859 403 4907 καὶ
435 4856 593 4921 ἱερεὺς
623 4860 713 4907 καὶ
737 4856 1074 4921 πατριάρχης
1094 4858 1317 4910 τίλεστο.
1356 4861 1456 4909 Καὶ
1485 4857 1610 4921 παρ’
1634 4857 1795 4910 αὐτοῦ
1824 4861 2064 4921 στεφθεὶς
2094 4806 2301 4921 ἔξεισιν.

2915 4780 3005 4838 καὶ
3052 4780 3355 4859 μονημέρως
3446 4780 3698 4848 διάκονος

309 4859 403 4907 καὶ
435 4856 593 4931 ἱερεὺς
623 4860 713 4907 καὶ
737 4856 1074 4930 πατριάρχης
1094 4856 1333 4910 τίλεστοζ
1356 4861 1456 4909 Καὶ
1485 4856 1610 4931 παρ’
1634 4856 1795 4910 αὐτοῦ
1824 4856 2070 4932 στεφθεὶς
2094 4856 2301 4921 ἔξεισιν.

1209 4962 1554 5031 Theodori
1605 4964 1857 5033 Dousa:
1907 4975 1973 5033 et
2019 4963 2276 5033 Leonis
2324 4963 2557 5032 Allatii
2607 4975 2811 5034 notae.

386 5092 500 5164 (18)
530 5091 816 5164 Φημισθεὶς
872 5089 1237 5164 αύτοκράτωρ.
1271 5092 1579 5164 Quamvis
1606 5092 1767 5148 enim
1807 5093 1929 5148 im-

308 5160 549 5233 perium
568 5162 700 5233 jure
720 5160 1102 5218 haereditar'io
1124 5160 1204 5218 ad
1223 5163 1602 5219 Theodorum
1632 5165 1931 5221 Lascarim

308 5231 727 5308 ven_iret,'quia
747 5234 797 5289 is
817 5250 854 5290 a
870 5239 1038 5308 patre
1062 5235 1293 5290 vivente
1307 5251 1428 5292 non
1452 5235 1787 5308 appellatus
1805 5236 1931 5292 fue-

308 5308 403 5359 rat
420 5304 769 5376 imperator,
789 5321 860 5361 eo
876 5304 1164 5362 defuncto
1186 5304 1695 5363 communi'totius
1713 5308 1934 5363 exerci-

312 5380 411 5430 tus
451 5390 754 5432 consensu
788 5393 859 5432 ac
890 5378 1185 5433 nobilium
1207 5394 1482 5434 omnium
1512 5395 1581 5435 ac
1612 5395 1933 5435 procerum

312 5460 615 5503 concursu
656 5449 987 5520 imperator
1018 5449 1311 5506 salutatur
1349 5468 1362 5506 :
1409 5449 1727 5507 constabat
1774 5453 1935 5508 enim

311 5520 610 5575 Joannem
623 5520 849 5575 nemini
868 5525 1145 5577 omnium
1159 5522 1274 5577 nisi
1290 5521 1413 5578 ﬁlio
1427 5523 1747 5579 imperium
1761 5524 1936 5578 relin-

312 5604 499 5671 quere
522 5591 980 5671 voluisse,quod
1002 5600 1059 5671 et
1078 5594 1211 5671 pius
1242 5600 1393 5651 esset
1423 5595 1483 5649 in
1513 5591 1733 5671 liberos
1753 5600 1812 5671 et
1833 5611 1935 5651 ne-

313 5663 465 5718 nimi
482 5663 649 5720 alteri
664 5664 726 5720 id
739 5663 1285 5732 destinaret—Quare
1304 5672 1504 5723 autem
1522 5666 1713 5724 ﬁlium
1732 5668 1937 5723 vivens

314 5732 485 5794 nullo
518 5734 706 5796 modo
744 5736 1069 5810 designare
1116 5738 1387 5810 voluerit,
1419 5737 1698 5813 pluribus
1726 5754 1940 5814 prose-

2040 5092 2242 5216 quitur
2267 5092 2579 5160 Gregoras,
2611 5090 2720 5149 lib.
2778 5108 2858 5158 Ill,
2886 5089 2993 5175 qui
3044 5090 3248 5147 subdit

2083 5164 2093 5178 '
2122 5164 2335 5216 ὕστερον
2365 5162 2487 5216 παρ’
2512 5161 2738 5216 ἐγόντων
2758 5172 2860 5215 τῶν
2891 5166 3136 5216 υπηκόων
3167 5162 3248 5215 ἁπι

2083 5164 2093 5178 ⁸
2110 5164 2350 5237 ,ὕστερονΔ
2365 5162 2487 5237 παρ’
2512 5161 2738 5234 ἐχόντων
2758 5172 2860 5237 τῶν
2891 5161 3136 5220 ὗπηκόων
3167 5162 3407 5237 ᾁπάντων
3433 5161 3711 5225 καθεσθεὶς

2043 5234 2120 5288 ἐπ’
2182 5231 2413 5297 ἀσπίδος
2440 5231 2592 5287 ’κατά
2648 5239 2706 5287 τὸ
2768 5234 2815 5287 ἐν
2891 5238 3098 5297 τούτοις
3174 5234 3484 5311 ἐπικρατοῦν
3562 5238 3701 5296 ἔθος.

2044 5313 2181 5363 ALL.

3302 5106 3316 5147 :
3361 5089 3709 5167 Ἀνηγόρευτο

2314 5378 2569 5454 Ἐχὴρευε
2662 5386 2754 5432 τοῦ
2828 5386 3297 5455 πατριαρχοῡντος.
3393 5347 3757 5450 Gregoras,‘

2047 5455 2525 5596 ρ’(ἓῗλὼῖῗόλλοῐς
2604 5523 2688 5575 ἐπὶ
2732 5530 2819 5596 τῷ
2888 5519 3190 5596 Βλεμμύδη.
3273 5524 3581 5596 Gregoras,
3649 5538 3709 5595 p.

2051 5599 2140 5652 55.
2160 5594 2499 5667 Acropolita
2516 5595 2847 5652 Manuelem
2868 5594 3042 5652 vocat
3056 5594 3461 5669 patriarcham
3478 5594 3714 5669 demo}:

2050 5670 2249 5748 tuum,
2283 5669 2575 5748 Gregoras
2628 5670 3031 5725 Germanum:
3056 5667 3176 5725 ’sed
3197 5667 3272 5726 de
3290 5667 3383 5725 bis
3426 5683 3539 5725 nos
3570 5667 3716 5726 alibi

2054 5743 2311 5810 egimus.
2341 5743 2475 5797 ALL.
