4470 6452
837 417 969 469 1123

2105 411 2387 467 GEORGII
2425 407 2912 467 ACROPOLITJE.

4065 415 4201 466 1124

829 536 1179 606 dignitatem
1200 553 1320 592 non
1340 538 1537 609 recipi.
1556 540 1740 604 Reges
1760 535 1978 591 scilicet
1995 550 2097 589 eos
2111 534 2214 606 qui
2233 536 2482 605 patriar-
2513 542 2558 587 Α
2593 556 2594 563 η

2434 551 2482 588 r-
2513 542 2558 587 Α
2593 553 2692 588 νεν.
2725 534 2798 585 Ού
2831 538 2931 606 μὴν
2990 531 3117 584 ἀλλὰ
3144 536 3232 584 καὶ
3268 534 3293 584 6
3322 531 3574 604 βασιλεὺς
3633 533 3784 593 αὐτὸς
3837 533 4199 608 μαλακώτερον

830 626 1027 680 chatui
1051 628 1092 696 ι
1113 628 1219 697 13
1240 627 1763 698 prasintmoribus
1781 641 1849 678 ac
1867 623 2106 692 ingenio
2129 623 2480 692 abjectiores

828 715 1401 786 moderatioresque,
1435 720 1498 770 ut
1527 714 1752 769 facilius
1792 729 2000 768 eorum
2032 712 2274 766 nutibus
2306 713 2479 767 veluti

822 802 1008 873 jussis
1053 804 1436 869 sucumbant,
1485 807 1821 875 peroptant,
1853 801 2015 873 quod
2047 801 2475 860 rusticioribus.

826 907 964 946 cum
990 892 1371 947 sermonibus
1388 892 1569 947 fidere
1586 898 1907 962 nequeant,
1931 890 2203 962 potissim
2216 907 2314 944 um
2331 891 2479 945 acci-

824 979 911 1035 dit
945 997 958 1034 :
987 981 1089 1052 qui
1118 997 1259 1036 vero
1290 982 1592 1052 sapientia
1625 995 1872 1051 operam
1897 982 2138 1036 navant.
2169 978 2478 1046 rigidiores

825 1068 1101 1124 videntur
1117 1075 1174 1124 et
1194 1069 1714 1140 illorumjussibus
1732 1068 2144 1123 adversantur.
2167 1071 2478 1137 Propterea

821 1156 1668 1228 imperatorTheodorusillius
1682 1161 1877 1211 mente
1892 1155 2478 1226 scnsumqueleviter

819 1246 1133 1316 degustato
1156 1247 1231 1301 ad
1259 1247 1408 1302 alios
1437 1262 1497 1301 se
1530 1247 1836 1311 convertit,
1866 1250 1921 1299 et
1947 1261 2083 1298 cum
2118 1244 2317 1314 plures
2352 1259 2473 1298 non

821 1335 1250 1403 satisfacerent,
1267 1336 1625 1390 monachum
1649 1335 1965 1406 quemdam
1981 1349 2050 1387 ex
2065 1331 2474 1403 Apolloniadis

816 1423 974 1486 lacu,
1003 1430 1214 1496 prater
1248 1440 1474 1496 paucas
1498 1423 1722 1479 litteras
1744 1428 2094 1477 caterorum
2126 1422 2473 1476 inscientem

821 1512 1035 1578 (solum
1090 1513 1248 1567 enim
1293 1512 1634 1567 rudimenta
1679 1511 2103 1580 grammatices
2157 1511 2468 1580 attigerat),

815 1601 993 1656 nullis
1017 1603 1202 1656 sacris
1220 1601 1533 1656 ordinibus
1556 1601 1928 1670 insignitum,
1953 1599 2265 1654 Arsenium
2285 1599 2472 1653 nomi-

814 1705 912 1752 ne,
944 1692 1295 1745 accersitum
1330 1706 1515 1760 quam
1561 1689 1864 1744 celerrime
1890 1688 2091 1742 missis
2125 1687 2472 1741 hominibus

813 1778 1102 1833 conduxit
1130 1797 1142 1834 :
1167 1794 1277 1833 nec
1309 1779 1403 1832 ille
1434 1779 1643 1833 renuit.
1689 1781 1754 1832 Et
1780 1778 1973 1832 Nicaa
1999 1777 2156 1831 exire
2188 1776 2472 1830 festinans

2593 623 2752 674 αὐτοῦ
2784 622 3018 695 ἐπειρᾶτο
3054 644 3064 653 ·
3099 621 3290 692 μᾶλλον
3330 625 3433 694 γὰρ
3465 642 3597 696 προς
3660 620 3962 693 βουλήσεως
4016 620 4076 679 ἧν
4112 624 4196 674 αύ-

2591 720 2663 780 τῷ
2702 716 2795 768 τήν
2831 716 3159 785 προστασίαν
3215 715 3286 782 μή
3339 708 3742 773 καταδέξεσθαι.
3800 717 4202 779 Ταπεινοτέρους

2590 803 2690 872 γὰρ
2731 806 2821 850 καὶ
2864 804 3100 874 μετρίους
3163 797 3291 850 εἶναι
3345 800 3402 851 τό
3463 805 3702 872 φρόνημα
3767 803 3887 860 τοὺς
3947 820 4203 874 πατριαρ-

2590 892 2844 959 χεύοντας
2903 891 2950 939 οἱ
3026 897 3332 962 κρατοῦντες
3406 888 3660 958 ἐθέλουσι,
3718 894 3807 940 καὶ
3858 896 4201 962 προσπίπτειν

2591 978 2822 1051 εὐχερῶς
2881 985 2988 1038 τοῖς
3050 986 3189 1048 σφῶν
3254 977 3420 1028 αὐτῶν
3477 976 3810 1049 βουλήμασιν
3867 981 3935 1038 ὡς
3968 985 4201 1050 προστα-

2587 1085 2803 1136 γμασιν.
2867 1073 3028 1117 Τοῦτο
3089 1062 3376 1137 δὲμᾶλλον
3435 1069 3484 1117 οὶ
3540 1065 3894 1139 ἀγροικότεροι
3945 1070 4200 1138 πάσχου-

2591 1173 2672 1205 σιν
2712 1175 2723 1186 ·
2757 1151 2880 1206 οὐδὲ
2910 1157 3009 1228 γὰρ
3048 1157 3239 1225 ἔχουσι
3274 1162 3383 1214 τοῖς
3434 1154 3613 1224 λόγοις
3647 1154 3870 1228 θαῤῥείν,
3903 1158 3952 1206 οἱ
3993 1152 4052 1208 δε
4081 1161 4198 1226 περὶ

2587 1243 2773 1313 λόγους
2855 1242 3243 1317 ἁκαμπέστεροι
3327 1249 3592 1314 φαίνονται
3666 1249 3755 1296 καὶ
3801 1251 3913 1305 τοῖς
3996 1243 4198 1296 ἐκείνων

2586 1334 2824 1403 ὁρισμοῖς
2856 1330 3279 1385 ἀντιπίπτουσιν.
3337 1332 3395 1383 Ὀ
3433 1339 3558 1402 γοῦν
3624 1330 3870 1404 βασιλεὺς
3924 1329 4200 1406 Θεόδωρος

2588 1416 2680 1471 διὰ
2720 1429 2887 1471 ταῦτα
2925 1423 3116 1494 μικράν
3155 1440 3273 1471 τινα
3329 1429 3510 1494 πεῖραν
3544 1419 3711 1472 λαϐὼν
3741 1428 3833 1473 τοῦ
3890 1418 4076 1493 ἀνδρὸς
4119 1422 4195 1493 ἐφ’

2585 1511 2782 1581 ετέρους
2856 1509 3125 1583 ἐτράπετο.
3213 1514 3312 1560 Καὶ
3345 1508 3452 1560 ἐπεὶ
3516 1506 3858 1581 δυσαρεστῶν
3912 1509 4196 1581 ἐτύγχανεν

2584 1597 2633 1649 ἐν
2658 1597 2880 1664 πολλοῖς,
2914 1603 3147 1669 μοναχὸν
3176 1617 3293 1649 τινα
3331 1599 3442 1667 (21)
3493 1594 3621 1649 εἶναι
3671 1600 3848 1669 μαθὼν
3897 1597 3945 1649 ἐν
3972 1606 4032 1670 τῇ
4101 1606 4196 1660 τῆς

2585 1683 3001 1748 Ἀπολλωνιάδος
3077 1687 3229 1758 λίμνη
3315 1686 3499 1757 ὀλίγων
3598 1689 3924 1760 γραμμάτων
4016 1695 4196 1760 πεῖραν

2584 1779 2777 1847 ἔχοντα
2833 1779 3007 1847 (μόνον
3063 1782 3152 1828 καὶ
3209 1779 3308 1848 γὰρ
3374 1776 3610 1848 ἐφήψατο
3666 1786 3761 1838 τῆς
3829 1786 4200 1850 γραμματικῆς

810 1867 1189 1938 prasulibus,
1221 1873 1283 1922 ut
1321 1868 1776 1940 quamprimum
1800 1882 1939 1921 eum
1967 1866 2364 1936 patriarcham
2397 1865 2474 1920 ef-
2503 1882 2541 1934 Β

2435 1865 2541 1934 f-B
2583 1862 2873 1935 παιδείας),
2929 1863 3126 1938 ἀνίερον
3179 1866 3421 1917 τελοῦντα
3481 1871 3571 1918 καὶ
3630 1867 3897 1938 Ἀρσένιον
3949 1866 4200 1938 ὀνομαζό-

808 1953 1073 2025 ficerent,
1093 1957 1368 2029 imperat.
1390 1955 1473 2010 Illi
1488 1956 1799 2011 audientes
1818 1971 1923 2027 per
1937 1971 2120 2010 unam
2136 1955 2468 2010 hebdoma-

809 2045 954 2101 dam
978 2046 1303 2102 diaconum
1337 2045 1712 2101 sacerdotem
1741 2051 1796 2100 et
1828 2045 2231 2117 patriarcham
2267 2060 2471 2100 conse-

809 2139 995 2190 crant.

2582 1975 2749 2026 μενον,
2792 1957 2860 2014 ὡς
2901 1952 3014 2025 εἶχε
3044 1957 3266 2026 τάχους,
3315 1955 3510 2008 στέλλει
3572 1959 3689 2016 τοὺς
3745 1956 3899 2008 αὑτὸν
3955 1956 4199 2019 ἄξοντας.

2584 2049 2683 2096 Καὶ
2715 2044 2764 2104 ὃς
2794 2043 3024 2115 ἀφίκετο.
3053 2045 3192 2096 Ἐπεὶ
3224 2041 3283 2096 δε
3337 2049 3432 2102 τὴν
3461 2043 3561 2096 ἀπὸ
3613 2053 3704 2105 τῆς
3743 2051 3968 2108 Νικαίας
4013 2042 4195 2108 ἔξοδον

2580 2130 2822 2198 ἔσπευδε,
2855 2131 2948 2185 διὰ
2978 2135 3175 2204 τάχους
3219 2140 3328 2194 τοῖς
3361 2131 3670 2208 ἀρχιερεῦσι
3699 2136 4017 2207 προστάττει
4070 2154 4198 2206 χει,

805 2233 1089 2296 ροτονῆσαι
1128 2225 1209 2296 [Ρ.
1282 2224 1371 2297 58]
1405 2228 1744 2299 πατριάρχην
1798 2224 1952 2275 αὐτόν
2007 2225 2032 2275 6
2085 2222 2348 2295 βασιλεὺς,
2411 2225 2460 2274 οἱ
2518 2227 2606 2274 καὶ
2651 2224 2844 2275 οὑτωσὶ
2894 2220 3259 2294 διεπράξαντο,
3325 2224 3374 2273 ἐν
3426 2229 3524 2294 μιᾷ
3590 2220 3852 2296 ἐϐδομάδι
3907 2226 4019 2292 (22)
4076 2221 4199 2280 διά,

807 2333 949 2366 τονον
982 2319 1071 2366 καὶ
1102 2316 1237 2388 ἱερέα
1262 2319 1350 2365 καὶ
1384 2316 1722 2388 πατριάρχην
1756 2313 1910 2365 αὐτόν
1937 2312 2310 2373 ἐκτελέσαντες.

877 2404 963 2458 51.
995 2406 1186 2458 Causa
1208 2420 1348 2458 vero
1377 2405 1598 2458 exitum
1633 2403 1828 2458 Nicaa
1860 2401 2217 2457 sollicitandi
2241 2417 2312 2456 ea
2341 2401 2468 2457 fuit.

812 2492 1206 2563 Bulgarorum
1239 2494 1518 2565 princeps
1540 2493 1800 2558 Michael,
1827 2493 2028 2547 uxoris
2049 2491 2338 2547 Theodori
2364 2491 2470 2544 im-

803 2584 1096 2654 peratoris
1158 2583 1357 2650 frater,
1411 2599 1620 2638 socero
1671 2582 1826 2636 illius
1886 2581 2099 2636 Joanni
2150 2583 2354 2636 Asano
2397 2596 2468 2634 ex

806 2671 1008 2742 Angeli
1037 2671 1327 2726 Theodori
1349 2670 1470 2727 ﬁlia
1495 2676 1835 2742 susceptus,
1869 2671 2119 2725 Joannis
2144 2671 2467 2740 imperato—

802 2761 882 2817 ris
911 2760 1078 2816 obitu
1111 2761 1399 2828 nuntiato,
1434 2778 1571 2816 cum
1604 2760 2107 2832 occiduaspartes
2139 2759 2465 2831 imperato-

801 2850 904 2906 riis
930 2851 1120 2922 copiis
1148 2850 1346 2905 nudas
1378 2852 1678 2922 orbasque
1711 2851 2102 2921 conspiceret,
2139 2852 2464 2920 animoque

810 2941 853 3009 1
873 2938 984 3011 14
1008 2939 1294 3009 agitasset
1315 2939 1622 3007 regionem
1654 2944 1708 2993 et
1739 2939 1796 2994 in
1830 2955 1899 2995 ea
1925 2939 2151 3010 oppida
2177 2938 2254 2993 ab
2280 2938 2465 3010 impe-

801 3035 998 3084 ratore
1044 3031 1270 3084 Joanne
1319 3027 1585 3098 Bulgaris
1636 3034 1908 3099 surrepta
1960 3028 2032 3083 ad
2071 3028 2462 3097 Bulgarorum

800 3133 1008 3172 rursus
1022 3117 1423 3184 dominatum,
1440 3117 1603 3189 quod
1619 3117 1741 3187 jam
1762 3117 1864 3171 diu
1888 3117 2275 3188 Bulgarorum
2297 3116 2460 3171 cordi

802 3207 1146 3272 inhaserat,
1164 3222 1470 3273 revocare,
1486 3223 1611 3261 rem
1627 3223 1736 3278 pro
1750 3211 2014 3278 tempore
2029 3211 2432 3278 opportunam
2444 3248 2456 3271 ,

2651 2397 2754 2457 νδ’.
2789 2401 2844 2453 Ἠ
2881 2397 2938 2452 δε
2994 2402 3139 2453 αἰτία
3170 2403 3213 2436 ⁴¹
3258 2422 3348 2453 του
3415 2398 3753 2454 επισπεύδειν
3797 2407 3892 2459 τήν
3944 2401 4044 2453 ἀπό
4097 2410 4194 2463 τῆς

2579 2496 2804 2550 Νικαίας
2845 2487 3022 2552 ἔξοδον
3088 2488 3148 2548 ἦν
3183 2492 3336 2549 αῦτη.
3387 2491 3444 2542 Ὀ
3478 2491 3896 2566 Βουλγαράρχης
3949 2491 4195 2562 Μιχαὴλ,

2578 2579 2631 2640 ὃς
2661 2577 3075 2651 γυναικάδελφος
3109 2588 3202 2632 τοῦ
3254 2579 3514 2652 βασιλέως
3579 2579 3834 2652 ἐτύγχανε
3886 2577 4190 2654 Θεοδώρου,

2575 2679 2648 2739 τῷ
2703 2673 2928 2744 πενθερῷ
2997 2671 3158 2722 αὐτοῦ
3241 2679 3313 2740 τῷ
3365 2672 3525 2722 Ἀσὰν
3583 2669 3790 2740 Ἰωάννῃ
3849 2669 3904 2721 ἐκ
3965 2679 4056 2731 τῆς
4097 2678 4192 2722 τοῦ

2579 2759 2822 2830 Ἀγγέλου
2865 2757 3144 2833 Θεοδώρου
3188 2761 3446 2834 θυγατρός
3495 2761 3742 2830 γενηθεὶς,
3791 2762 3877 2810 τὸν
3932 2766 4025 2809 τοῦ
4081 2757 4192 2830 βα-

2577 2848 2757 2908 σιλέως
2791 2849 3026 2900 Ἰωάννου
3080 2849 3367 2918 πυθόμενος
3418 2850 3658 2912 θάνατον,
3718 2846 3826 2899 ἐπεὶ
3871 2850 3938 2899 τὰ
3995 2844 4193 2898 δυτικά

2573 2941 2703 3010 μέρη
2772 2940 2948 3009 γυμνὰ
3015 2939 3416 3010 στρατευμάτων
3475 2936 3610 3008 ἑώρα
3681 2943 4000 3007 Ῥωμαεκῶν,
4059 2934 4191 3008 βου-

2571 3027 2744 3087 ληθεὶς
2770 3031 2858 3084 τήν
2901 3025 3236 3100 ἀφῃρημένην
3289 3029 3420 3098 πρὸς
3485 3033 3576 3078 τοῦ
3637 3024 3893 3098 βασιλέως
3946 3025 4188 3078 Ἰωάννου

2570 3122 2753 3189 χώραν
2791 3115 2844 3166 ἐκ
2896 3116 3199 3190 Βουλγάρων
3252 3120 3341 3166 καὶ
3393 3117 3460 3166 τὰ
3516 3114 3565 3166 ἐν
3617 3117 3823 3175 τούτοις
3875 3116 4010 3171 ἄστη
4054 3119 4188 3186 πρὸς

2571 3205 2929 3277 Βουλγαρικὴν
2957 3204 3132 3279 ἀρχήν
3178 3210 3268 3256 καὶ
3320 3200 3470 3264 αὖθις
3524 3203 3950 3256 ἀνακαλέσασθαι
4008 3204 4188 3274 (τοῦτο

800 3296 1333 3365 utsibividebatur,
1350 3301 1538 3360 ratus,
1556 3295 2460 3367 Hamoprodienstransnatato-
2495 3305 2533 3358 c

2421 3311 2460 3349 )-
2495 3305 2533 3358 C
2567 3296 2669 3366 γὰρ
2712 3294 2766 3346 ἐκ
2811 3302 3015 3367 μακροῦ
3100 3302 3210 3354 τοῖς
3249 3293 3566 3368 Βουλγάροις
3615 3289 3855 3358 ὧδίνετο)
3938 3298 4028 3344 καὶ
4095 3297 4186 3345 τὸν

797 3402 915 3459 que
930 3385 1121 3441 Hebro
1144 3385 1509 3457 paucissimo
1524 3391 1782 3457 tempore
1799 3385 2127 3440 multarum
2142 3386 2344 3453 region
2357 3402 2456 3440 um

795 3475 996 3548 potius
1027 3479 1137 3538 est,
1169 3475 1478 3546 multaque
1506 3475 1732 3546 oppida
1763 3475 1926 3530 nullo
1949 3491 2084 3529 cum
2110 3475 2313 3529 labore
2345 3474 2457 3530 sibi

796 3564 1082 3628 devinxit,
1110 3563 1345 3633 Bulgari
1365 3564 1663 3635 siquidem
1685 3563 2052 3620 habitatores
2075 3569 2456 3620 externorum

791 3654 941 3724 jugo
997 3653 1229 3723 dejecto
1306 3653 1541 3721 generis
1590 3654 1972 3709 consortibus
2042 3654 2454 3711 accurrebant.

794 3747 973 3798 Arces
1004 3741 1132 3797 solo
1164 3743 1572 3798 Romanorum
1604 3741 1884 3814 prasidio
1934 3743 2179 3798 munita
2210 3759 2346 3798 cum
2378 3744 2457 3798 ad

793 3831 1170 3904 repellendos
1209 3832 1476 3888 hostium
1515 3833 1775 3903 impetus
1828 3848 1951 3888 non
2012 3832 2350 3887 sufﬁcerent
2393 3833 2454 3887 in

794 3926 1153 3994 potestatem
1186 3919 1580 3990 Bulgarorum
1611 3921 1776 3976 nullo
1806 3921 2046 3991 negotio
2089 3921 2450 3988 ceciderunt,

790 4011 1011 4084 partim
1047 4010 1256 4065 timore
1281 4010 1570 4082 perculsis
1603 4016 1659 4066 et
1689 3999 2053 4066 deditionem
2083 4011 2312 4066 arcium
2344 4027 2454 4082 pro

792 4101 980 4156 salute
1007 4107 1063 4156 et
1084 4099 1338 4155 domum
1376 4099 1637 4155 abitione
1676 4100 2093 4172 prodentibus,
2120 4101 2340 4172 partim
2366 4117 2452 4156 re-

789 4190 1051 4263 pentina
1083 4188 1478 4258 Bulgarorum
1519 4189 1852 4261 irruptioni,
1914 4206 2051 4244 cum
2092 4190 2340 4245 obviam
2368 4190 2452 4246 ire

789 4295 911 4336 non
928 4284 1195 4351 possent,
1211 4278 1657 4349 aufugientibus
1675 4295 1898 4351 easque
1913 4279 2262 4334 custodibus
2275 4297 2452 4335 vacu-

789 4386 856 4425 as
888 4367 1320 4437 deserentibus,
1342 4368 1470 4422 aliis
1497 4368 1676 4423 etiam
1700 4369 1987 4440 temporis
2016 4368 2449 4441 longinquitate

787 4458 1058 4522 defessis,
1092 4473 1229 4511 cum
1263 4461 1476 4527 prater
1514 4457 1764 4512 modum
1823 4457 2108 4513 custodia
2159 4459 2449 4514 terminus
2486 4447 2530 4499 D

785 4547 899 4603 illis
922 4546 1391 4619 protraheretur.
1415 4545 1714 4618 Pleraque
1746 4547 1927 4602 etiam
1959 4547 2188 4602 arcium
2227 4547 2447 4618 imper-

786 4638 972 4704 fecta,
1007 4636 1149 4692 viris
1187 4640 1244 4691 et
1270 4635 1516 4707 reliquis
1547 4637 1901 4692 necessariis
1930 4652 2146 4708 parum
2177 4639 2443 4707 munita,

783 4726 992 4800 prada
1011 4724 1288 4780 hostibus
1319 4731 1658 4797 patuerunt.
1687 4729 1724 4780 E
1747 4727 1997 4796 vestigio
2027 4726 2233 4799 itaque
2256 4743 2446 4798 expu-

769 4818 981 4886 gnata
1022 4818 1161 4869 sunt
1201 4813 1640 4883 Stenimachus,
1711 4814 2027 4885 Peristitza,
2089 4815 2441 4887 Crytzimus,

2567 3387 2769 3458 καιρόν,
2813 3387 2880 3445 ὡς
2920 3380 3106 3450 ἐδόκει,
3133 3381 3363 3435 κατιδὼν
3393 3379 3710 3444 ἐπιτήδειον,
3740 3381 4040 3454 ἐξορμήσας
4065 3385 4188 3451 (23)

2567 3481 2658 3524 τοῦ
2700 3474 2871 3545 Λῖμου
2907 3477 2995 3524 καὶ
3048 3476 3134 3544 τόν
3183 3471 3370 3546 Ἕϐρον
3439 3469 3770 3544 διαπεράσας
3812 3470 3860 3523 ἐν
3894 3471 3953 3522 ού
4012 3470 4187 3541 πολλῷ

2566 3582 2742 3634 χρονῳ
2770 3562 2960 3620 πολλήν
3002 3582 3056 3614 τε
3080 3568 3262 3634 χώραν
3317 3563 3401 3633 ὑφ’
3453 3561 3633 3614 ἑαυτὸν
3683 3559 3969 3618 ἐποιήσατο
4018 3560 4190 3613 πολλοὶ

2566 3672 2619 3704 τε
2649 3654 2786 3710 ἄστη
2824 3656 2915 3705 σύν
2974 3649 3150 3704 ούδενὶ
3216 3655 3590 3724 παρεστήσατο
3665 3655 3829 3722 πόνῳ.
3897 3650 4191 3725 Βούλγαροι

2565 3746 2654 3794 καὶ
2704 3745 2805 3814 γὰρ
2881 3745 3234 3813 τυγχάνοντες
3316 3742 3364 3792 οἱ
3415 3740 3681 3813 οἰκήτορες
3743 3746 3853 3801 τοῖς
3910 3739 4190 3812 ὁμοφύλοις

2565 3835 2941 3903 προσέτρεχον,
3007 3834 3094 3882 τὸν
3150 3831 3310 3901 ζυγὸν
3368 3838 3468 3881 τῶν
3527 3828 3874 3900 ἁλλογώσσων
3935 3833 4187 3882 ἀποσειόο

2564 3941 2726 3993 μενοι.
2787 3925 2864 3974 Τὰ
2919 3918 2977 3973 δὲ
3031 3922 3167 3978 ἄστη
3223 3922 3355 3992 μετὰ
3403 3918 3832 3991 τῶνῬωμαῑκῶν
3883 3923 3972 3971 καὶ
4025 3923 4188 3991 μόνον

2563 4010 2968 4083 ἀπολελειμμένα
3047 4009 3328 4082 φυλάξεων,
3380 4009 3471 4062 ούκ
3550 4007 3706 4072 ἀξίων
3755 4011 4012 4070 τοιούτοις
4064 4029 4190 4061 και-

2561 4109 2668 4175 ροῖς
2743 4100 3156 4173 ἀντιμάχεσθαι,
3267 4100 3560 4174 εύχείρωτα
3658 4107 3770 4161 τοῖς
3859 4098 4187 4172 Βουλγάροις

2561 4193 2794 4262 ὑπῆρχε,
2827 4199 2926 4241 τῶν
2963 4194 3052 4262 μεν
3091 4194 3251 4262 πτοίᾳ
3302 4193 3694 4263 ταραττομένων
3753 4193 3843 4240 καὶ
3891 4185 4185 4263 προδιδόν-

2561 4299 2659 4331 των
2712 4283 2776 4331 τα
2835 4280 2972 4337 ἄστη
3023 4284 3112 4331 καὶ
3162 4277 3526 4352 λαμϐανόντων
3578 4283 3671 4336 τήν
3735 4281 3867 4353 πρὸς
3907 4280 3975 4329 τὰ
4041 4281 4184 4331 οἴκοι

2560 4368 2866 4442 ἐλευθερίαν,
2928 4378 3027 4421 τῶν
3089 4365 3148 4420 δε
3207 4372 3332 4442 πρὸς
3379 4373 3473 4428 τήν
3523 4368 3768 4431 ἐξαπίνης
3828 4372 4182 4440 γεγενημένην

2559 4468 2658 4510 τῶν
2700 4458 3003 4533 Βουλγάρων
3045 4455 3225 4530 ἔφοδον
3279 4455 3444 4530 μηδὲν
3495 4457 3721 4529 ἐχόντων
3773 4456 3828 4508 ἐκ
3889 4465 3981 4510 τοῦ
4048 4477 4184 4530 προ-

3097 4547 3416 4615 λύσιτελοῦν,
3500 4544 4005 4622 ἀποδιδρασκόντων
4079 4552 4182 4599 καὶ

3254 4637 3605 4709 φυλαττόντων
3687 4635 4180 4709 ἁπολιμπανόντων,

2557 4554 2742 4623 χείρου
2810 4557 2999 4607 νοῆσαι

2557 4647 2725 4689 ταῦτα
2791 4640 2959 4710 ἔρημα
3042 4645 3141 4688 τῶν

2556 4726 2719 4778 ἄλλων
2784 4723 2842 4779 δὲ
2899 4730 3028 4788 ἴσως
3096 4730 3184 4779 καὶ
3236 4730 3415 4800 χρόνῳ
3483 4725 3876 4798 ἀποκαμόντων,
3936 4744 4183 4798 παραταο

2560 4819 2731 4878 θέντος
2775 4816 2955 4878 αὐτοῖς
2993 4818 3138 4890 παρὰ
3173 4818 3229 4868 τὸ
3271 4819 3454 4889 μέτρον
3495 4822 3586 4868 τοῦ
3615 4819 3814 4889 χρόνου
3868 4823 3964 4876 τῆς
4001 4812 4183 4885 φυλα-

855 4942 899 4976 ⁴¹
935 4943 989 5024 D,
1081 4939 1138 4992 Ὀ
1179 4939 1741 5025 γὰριιΒουλγαράρχης
1795 4939 2040 5024 Μιχαὴλ,
2073 4941 2097 4991 ό
2144 4943 2328 5025 τούτου
2383 4938 2942 5025 γυναικάδξλφοςκτὸν
2975 4948 3067 5025 τοῦ
3091 4939 3357 5025 βασιλέως
3391 4943 3636 5025 Ἰωάννου,
3689 4941 4182 5025 πυθόμενοςνθάνα-

780 5033 885 5084 τον,
969 5010 1051 5063 ἐπὶ
1135 5008 1201 5063 τὰ
1253 5008 1475 5088 ’.δυτικά
1532 5008 1678 5086 ’μέρη
1759 5008 1932 5088 γυμνᾲ
1989 5008 2587 5088 στρατευμάτων-ἐξέρα,
2644 5008 2923 5086 βουληθεὶς
2973 5015 3037 5066 τὰ
3081 5008 3391 5088 ἀφῃρημένα
3441 5013 3498 5064 ἐκ
3553 5016 3746 5065 τούτων
3797 5008 3933 5070 οἷ’στη
3979 5011 4185 5064 ἀνακα-

781 5080 1060 5150 λέσασθαι,
1099 5080 1377 5170 τὸνΗΕὖρον
1429 5080 1774 5168 διαπεράσας
1809 5080 1972 5136 πολλὰ
2026 5080 2111 5170 ἐφ’
2157 5080 2348 5170 ἑαυτὸν
2402 5080 2707 5143 ἐποιήσατο.
2755 5087 3012 5143 Μετετέθη
3054 5080 3283 5157 μενόὖν
3333 5087 3358 5138 ὁ
3421 5090 3762 5157 Στενίμαχος,
3822 5084 4175 5159 Περιστίτζα,

780 5157 1086 5233 Κριτςιμὸς,
1153 5151 1534 5233 Γζέπαιναμκαὶ
1573 5151 1630 5208 τὰ
1660 5155 1707 5207 ἐν
1737 5163 1798 5228 τῇ
1855 5151 2097 5226 Ἀχριδῷ
2154 5156 2429 5233 ξύμπαντα
2479 5157 2610 5216 πλὴν
2669 5160 2904 5211 Μνιάκου
2939 5179 2950 5190 ·

3021 5165 3171 5210 τοῦτο
3230 5160 3331 5230 γὰρ
3392 5161 3696 5230 καὶλμόνον
3754 5160 3854 5210 ὑπὸ
3879 5160 4159 5230 Ῥωμαίων

779 5224 1091 5305 πεφύλακτο.
1147 5224 1488 5305 Οῦστραλδε.
1520 5233 1609 5280 καὶ
1667 5224 2158 5305 Περπεράκιονααὶ
2214 5224 2446 5305 Κρυϐούς
2492 5234 2582 5305 καμὶ
2643 5233 2701 5283 τό
2746 5233 3120 5303 παρακείμενον
3175 5224 3246 5302 τῇ-
3293 5224 3384 5281 τοῦ
3431 5224 3714 5305 Ἀδριάνοῦ
3772 5234 3860 5283 καὶ
3913 5224 4177 5300 κεκλημέ-

780 5297 862 5355 νον
895 5303 1118 5376 Ἐφραὶμ
1146 5307 1257 5362 τοῖς
1286 5297 1598 5376 Βουλγάροις
1625 5297 1930 5374 κεχείρωτο.
1957 5302 2154 5353 Τούτου
2181 5297 2344 5376 χάριν
2375 5297 2620 5360 ἔσπευδε.

1677 5442 2021 5510 Theodori
2070 5444 2322 5512 Dousa
2363 5454 2428 5512 et
2474 5443 2723 5514 Leonis
2773 5444 3007 5513 Allatii
3060 5453 3266 5513 nota.

850 5588 962 5661 (2t)
988 5588 1236 5659 Μοναχόν
1263 5587 1398 5661 τινὰ.
1429 5585 1743 5661 Gregoras,
1773 5603 1832 5660 p.
1854 5589 2108 5661 5517ALL_.

867 5656 960 5732 22)
993 5661 1075 5713 Ἐν
1112 5656 1215 5732 ριιᾲ
1265 5656 1791 5732 ἑϐδομᾴὸιζΗυψέ
1836 5659 2282 5716 ordinationem
2327 5675 2434 5732 per

777 5720 1231 5796 hebdomadam
1297 5720 1688 5801 absolutam;
1744 5732 1831 5790 uti
1894 5733 2181 5791 usitatam
2245 5720 2434 5791 in‘ea

2547 5587 2826 5652 Ecclesia,
2852 5591 3056 5643 narrat
3079 5586 3439 5715 Acropolita,
3465 5586 3539 5642 de
3564 5601 3688 5659 qua
3704 5601 3814 5642 nos
3836 5585 4073 5656 egimus
4100 5585 4169 5643 in

2547 5664 2738 5715 tractu
2765 5662 2848 5715 De
2869 5659 3236 5715 ordinatam
3281 5674 3348 5715 us
3381 5658 3749 5715 Graecorum.
3777 5665 3915 5714 ALL.

2545 5664 2738 5716 tractu
2765 5662 2848 5716 De
2869 5659 3236 5717 ordinatam

3281 5674 3348 5715 us
3381 5658 3749 5715 Graecorum.
3777 5665 3915 5714 ALL.

2616 5733 2733 5806 (23)
2760 5732 3102 5810 Ἐξορμήσας.
3127 5733 3440 5806 Gregoras,
3461 5731 3567 5790 lib.
3595 5746 3671 5800 ιιι,
3698 5747 3759 5805 p.
3787 5735 3873 5789 53.
3904 5733 4043 5786 ALL.
