4470 6452
297 390 433 444 1125

1810 386 2148 442 ANNALES.

3527 391 3658 444 H26

293 522 413 574 κῆς.
444 514 521 565 Τὰ
552 511 709 564 πλείω
759 508 817 562 δὲ
872 518 971 562 τῶν
1029 511 1225 563 ἄστεων
1274 515 1361 561 και
1419 509 1770 583 ἀπεριποίητα
1829 507 1889 567 ἧν
1924 517 1963 564 Α
2000 512 2058 565 '1‘:

1924 517 1963 564 Α
2000 512 2284 581 Tzepaana
2310 514 2365 564 et
2396 509 2664 564 Achridis
2687 516 2899 581 praeter
2920 510 3232 576 Mniacum,
3256 512 3421 583 quod
3451 512 3544 567 vel
3569 529 3659 568 so-

293 607 510 653 καὶτῶν
549 596 823 673 χρειωδῶν
856 599 1022 651 ὃπλων
1064 598 1275 671 ἄμοιρα·
1314 602 1621 669 Κατεσχεθη
1656 603 1744 670 μεν
1804 596 1890 650 οὖν

293 689 443 741 ἕκτου
471 693 769 763 παραυτίκα
807 693 1143 759 Στενίμαχος,
1205 688 1518 762 ιΙριστίτζα,
1581 689 1889 759 Κρυτξιμός,

294 781 557 840 Τζεπαινα
615 783 704 828 καὶ
760 779 825 827 τὰ
886 776 934 827 ἐν
988 784 1048 848 τῇ
1113 773 1353 849 Ἀχριδῶ
1415 775 1686 847 ξύμπαντα
1764 778 1893 835 πλὴν

294 869 554 920 Μνειάκου
587 887 600 899 ·
633 874 785 918 τοῦτο
824 868 924 939 γὰρ
983 871 1071 918 καὶ
1124 871 1275 937 μόνον
1325 868 1423 917 ὑπό
1480 865 1742 938 Ῥωμαίων
1800 887 1895 919 πε·-

295 956 572 1027 φύλακται.
602 951 819 1027 Οὖστρα
854 952 913 1007 δε
969 960 1057 1007 καὶ
1118 962 1465 1029 Περπερακιον
1516 961 1605 1007 καὶ
1665 954 1895 1027 Κρυϐους

293 1050 384 1096 καὶ
422 1048 480 1097 τὸ
536 1048 912 1119 παρακείμενον
1082 1052 1173 1095 τοῦ
1224 1041 1510 1115 Ἀδριανοῦ
1562 1050 1651 1095 καὶ
1717 1045 1895 1101 κεκλη-

293 1137 441 1205 μένον
487 1132 709 1208 Ἐφραὶμ
764 1140 870 1195 τοῖς
926 1133 1241 1205 Βουλγαροις
1298 1138 1611 1205 κεχείρωται
1689 1137 1895 1185 Τούτων

292 1224 427 1275 οὕτω
482 1228 826 1295 γεγενημένων
884 1229 973 1275 καὶ
1031 1231 1130 1274 τῶν
1193 1222 1240 1273 ἐν
1311 1218 1539 1294 δυσμαῖς
1600 1222 1895 1294 Ῥωμαικῶν

292 1312 639 1384 κλονουμενων
689 1314 1032 1384 πραγμάτων,
1089 1319 1185 1372 τῆς
1244 1316 1424 1383 φήμης
1475 1315 1639 1382 μέχρι
1695 1316 1784 1363 καὶ
1846 1311 1896 1373 ἐς

295 1399 552 1473 βασιλέως
617 1397 1013 1473 ἐπιδραμούσης
1092 1405 1179 1452 καὶ
1257 1400 1499 1452 πλειόνων
1569 1398 1897 1472 προσδοκίαν

293 1498 467 1541 κακῶν
524 1496 625 1540 τῶν
681 1494 999 1561 προσόντων
1033 1492 1320 1560 φαντασίαν
1383 1493 1767 1560 παρεχομένης,
1850 1492 1897 1541 οἱ

293 1583 414 1651 περὶ
464 1580 529 1629 τὰ
583 1575 832 1650 βασίλεια
881 1578 940 1629 οὐ
993 1586 1195 1652 μικρῶς
1250 1576 1628 1650 ἐταράχθησαν
1683 1599 1693 1609 ·
1769 1579 1897 1635 ἡπί-

296 1686 485 1719 σταντο
512 1669 612 1739 γὰρ
653 1669 718 1726 ὡς
759 1669 825 1718 τὰ
873 1665 1030 1718 πλείω
1086 1674 1183 1718 τῶν
1244 1663 1473 1717 δυτικῶν
1528 1674 1693 1737 μερῶν
1747 1667 1900 1718 Βουλ-

291 1759 473 1830 γάροις
516 1756 799 1822 οἰκοῦνται,
876 1760 965 1807 καὶ
1039 1754 1478 1813 ἀποστατήσουσι
1548 1755 1712 1807 πάλαι
1784 1756 1900 1808 Ῥω-

2000 600 2126 653 Ιυω
2157 599 2438 653 Romanis
2461 598 2746 654 devotum
2771 602 3659 670 perseveraverat,omnia.Prae-

2004 692 2161 742 terea
2194 688 2379 756 Ustra,
2406 689 2842 759 Perperacium,
2868 690 3077 744 Cribus
3100 698 3156 744 et
3179 690 3344 761 quod
3373 690 3663 746 Adriano-

2004 774 2123 846 poli
2154 775 2411 846 adjacet,
2442 776 2719 846 Ephrem,
2745 778 3006 846 Bulgaris
3026 794 3277 834 cessere.
3304 782 3435 834 Haec
3462 780 3663 834 ubiita

2004 863 2160 920 facta
2187 870 2350 933 sunt,
2381 871 2438 920 et
2463 865 2520 919 in
2554 866 2821 921 occiduis
2858 868 3128 939 partibus
3170 868 3349 923 rebus
3368 871 3663 924 Romano-

2004 969 2136 1008 rum
2167 953 2227 1007 in
2254 952 2582 1009 discrimen
2606 956 2853 1021 adactis,
2874 973 3009 1011 cum
3037 956 3199 1011 fama
3228 957 3305 1011 ad
3328 957 3658 1029 imperato-

2004 1043 2084 1097 ris
2124 1042 2305 1097 etiam
2338 1058 2511 1099 aures
2533 1044 2920 1115 pervolasset,
2962 1046 3133 1117 115
3162 1051 3219 1101 et
3258 1046 3660 1117 praesentibus

2007 1130 2179 1187 malis
2201 1132 2493 1188 atrociora
2516 1133 2651 1187 inde
2672 1139 2919 1189 ventura
2941 1141 3449 1206 repraesentasset,
3474 1136 3580 1207 qui
3602 1136 3664 1190 in

2006 1219 2144 1276 aula
2182 1226 2369 1284 erant,
2423 1222 2600 1276 nimis
2654 1223 2990 1279 conturbati
3050 1228 3208 1288 sunt,
3268 1224 3491 1295 quippe
3559 1224 3666 1295 qui

2008 1308 2227 1363 scirent
2252 1309 2629 1378 potissimam
2653 1311 2984 1367 Occidentis
3010 1317 3240 1383 partem
3270 1312 3332 1366 in
3378 1312 3666 1381 Bulgaros

2005 1412 2133 1452 esse
2158 1413 2543 1469 propensam,
2570 1406 2862 1471 tanquam
2888 1417 3024 1472 qua:
3046 1416 3082 1456 a
3104 1402 3387 1456 Romanis
3406 1400 3665 1472 jampri-

2007 1487 2142 1541 dem
2177 1485 2507 1556 defecisset,
2533 1496 2585 1543 et
2643 1495 2910 1545 recenter
2940 1506 2976 1545 a
3035 1494 3261 1545 Joanne
3306 1492 3666 1560 imperatore

2007 1574 2303 1630 debellata
2331 1577 2603 1633 nondum
2632 1578 2826 1633 solida
2857 1595 2926 1634 ac
2950 1579 3125 1634 ﬁrma
3154 1580 3213 1634 in
3235 1579 3504 1635 dominio
3528 1594 3665 1635 con-

2010 1675 2207 1738 staret,
2243 1671 2348 1727 sed
2379 1670 2663 1726 continua
2687 1669 2747 1725 in
2789 1671 3091 1725 Romanos
3139 1669 3283 1726 odia
3321 1669 3664 1726 clanculum

2011 1766 2332 1818 exerceret.

293 1849 483 1917 μαίων,
539 1848 852 1920 προσφάτως
906 1841 965 1897 δε
1021 1846 1328 1918 χειρωθεῖσι
1381 1853 1453 1915 τῷ
1513 1843 1721 1917 βασιλεῖ
1755 1846 1986 1920 Ἰωάννῃ,
2038 1855 2128 1902 καὶ
2185 1851 2329 1905 οὓπω
2384 1850 2539 1913 πῆξιν
2596 1857 2688 1912 τῆς
2756 1854 3072 1922 χειρώσεως,
3133 1849 3413 1916 λαϐούσης,
3472 1852 3668 1923 ἔχθραν

296 1930 355 1987 δε
396 1933 475 1987 ἀεὶ
503 1938 635 2008 πρός
670 1934 952 2006 Ῥωμαίους
993 1930 1386 2006 ἑνδομυχουσι.

364 2023 446 2080 νε’.
481 2028 576 2078 Διὰ
603 2033 771 2077 ταῦτα
799 2026 845 2059 ⁴²
884 2028 973 2076 καὶ
1032 2024 1183 2084 αὐτὸς
1241 2025 1267 2075 ό
1329 2023 1581 2096 βασιλεὺς
1639 2018 1894 2096 ἠδημόνει
1938 2027 1977 2079 Β

292 2120 403 2175 τοῖς
430 2117 757 2189 πράγμασιν,
810 2114 853 2166 εἰ
900 2116 1036 2165 οὕτω
1092 2113 1209 2165 κατ’
1268 2111 1442 2185 ἀρχὰς
1502 2120 1591 2173 τῆς
1654 2112 1901 2175 ἐξουσίας

292 2202 373 2274 [Ρ.
408 2202 501 2275 59]
551 2204 712 2255 αὐτοῦ
764 2199 1053 2274 δυστυχῶς
1108 2204 1346 2275 πράττει.
1404 2203 1758 2275 Συναθροίσας
1812 2210 1898 2254 οῦν

292 2296 415 2354 τοὺς
444 2294 494 2343 ἓν
532 2292 662 2345 τέλει
703 2297 792 2344 καὶ
846 2297 967 2354 τοὺς
1029 2290 1101 2352 εἰς
1158 2293 1479 2364 στρατηγούς
1538 2295 1898 2363 τεταγμένους,

298 2384 393 2433 σὺν
422 2382 501 2441 οἷς
529 2386 619 2433 καὶ
645 2384 694 2433 οἱ
722 2384 847 2453 πρὸς
876 2381 1092 2432 πάππου
1125 2379 1281 2431 αὑτοῦ
1312 2388 1405 2431 τοῦ
1466 2378 1725 2446 βασιλέως
1782 2385 1902 2433 Θεο-

298 2466 473 2545 δώρου
501 2473 744 2544 ὑπῆρχον
770 2470 910 2540 αὐτῷ
943 2472 1089 2541 θεῖοι,
1118 2471 1144 2521 ό
1173 2488 1227 2521 τε
1279 2469 1528 2527 Μανουηλ
1577 2475 1666 2522 καὶ
1724 2472 1749 2521 ό
1803 2477 1901 2522 Μι-

296 2558 461 2631 χαὴλ,
504 2558 844 2612 ἐϐουλεύσατο
902 2562 953 2611 τί
1002 2558 1061 2609 ἂν
1116 2556 1234 2628 ἓχοι
1280 2560 1410 2631 πρὸς
1476 2560 1538 2609 τὰ
1590 2563 1902 2630 γεγενημένα

300 2646 742 2721 διαπράττεσθαι.
779 2652 843 2702 Οἱ
889 2652 978 2721 μεν
1040 2644 1128 2700 οὖν
1181 2646 1387 2708 πλείους
1442 2645 1763 2721 διαπερᾶσαι
1813 2653 1900 2700 τόν

301 2736 526 2810 βασιλέα
552 2743 637 2790 τόν
660 2738 1030 2796 Ἑλλήσποντον
1064 2734 1179 2790 δέον
1224 2736 1395 2808 ελεγον
1445 2738 1573 2789 εἶναι
1620 2742 1709 2789 καὶ
1770 2746 1900 2795 στῆ-

300 2846 393 2879 σαι
421 2832 516 2886 τὴν
539 2836 639 2880 τῶν
668 2826 971 2902 βουλγάρων
999 2829 1179 2900 φοράν,
1211 2832 1376 2878 Τοῦτο
1406 2822 1464 2877 δὲ
1490 2833 1597 2887 τοῖς
1630 2834 1721 2877 τοῦ
1768 2846 1902 2899 κρα-

295 2925 504 2979 τοῦντος
536 2920 694 2979 θείοις
712 2926 817 2979 τοῖς
841 2922 1231 2992 προειρημένοις
1280 2916 1373 2968 οὐκ
1408 2918 1645 2991 ἤρεσκεν,
1694 2917 1770 2977 οἷς
1812 2922 1902 2968 καὶ

295 3014 551 3081 προσεῖχε
579 3007 767 3080 μᾶλλον
799 3010 824 3058 ό
848 3006 1111 3079 βασιλεὺς,
1143 3005 1346 3058 παλλῶν
1373 3006 1535 3060 ἕνεκα.
1568 3004 1633 3057 Ἠ
1692 3025 1745 3058 τε
1798 3007 1899 3079 γὰρ

295 3102 576 3169 γνησιότης
606 3106 696 3150 τοῦ
744 3102 923 3169 γένους
961 3096 1226 3167 ἠνάγκαζε
1273 3100 1364 3148 καὶ
1419 3100 1477 3147 τό
1545 3103 1640 3158 τῆς
1698 3095 1902 3157 ἡλικίας

295 3191 519 3262 γηραιόν
558 3186 929 3261 παρτεϐίαζεν,
1007 3186 1112 3257 οὐχ
1187 3186 1342 3242 ἧττον
1419 3180 1478 3237 δε
1552 3188 1678 3257 πρός
1750 3192 1904 3236 τοῦτο

296 3280 484 3329 καὶτὸ
526 3276 723 3329 πολλῶν
782 3276 1101 3348 πραγμάτων
1181 3270 1326 3346 ἴδρις
1403 3272 1589 3334 αὐτοὺς
1669 3275 1905 3345 γίνεσθαι

297 3367 576 3440 παρέπειθε
631 3385 643 3398 ·
690 3360 917 3437 φυγάδες
962 3366 1064 3435 γὰρ
1119 3363 1263 3415 οὗτοι
1318 3366 1584 3434 γεγονότες
1638 3369 1734 3424 τῆς
1815 3369 1906 3413 τοῦ

300 3453 559 3528 βασιλίῶς
634 3454 870 3509 Ἰωάννου
939 3450 1332 3525 διακρατήσεως
1442 3450 1650 3513 πολλοῖς
1745 3470 1907 3526 προσ-

299 3544 572 3617 ωμίλησαν
648 3540 933 3605 δεσπόταις
1023 3547 1113 3594 καὶ
1202 3541 1269 3602 εἰς
1362 3537 1645 3613 διαφόρους
1743 3560 1910 3615 περιε-

298 3633 642 3692 πλανήθησαν
689 3638 902 3697 τόπους,
961 3629 1254 3698 κάντεῦθεν,
1317 3633 1455 3681 κατὰ
1514 3634 1609 3687 τὴν
1660 3634 1900 3698 ποίησιν,

302 3719 443 3776 εἶδον
508 3724 674 3775 ἄστεα
727 3726 818 3774 καὶ
864 3726 977 3773 νόον
1020 3723 1273 3791 ἔγνωσαν.
1343 3723 1443 3771 Καὶ
1496 3714 1630 3775 ἦσαν
1699 3722 1789 3790 μὲν
1847 3722 1911 3779 ὡς

304 3812 512 3875 ἀληθῶς
560 3812 705 3866 οὗτοι
753 3817 1015 3885 νοήμονες,
1064 3810 1159 3863 οὐκ
1218 3808 1346 3882 ὀρθὰ
1396 3804 1455 3861 δε
1512 3806 1753 3881 ἐφρόνουν
1806 3816 1910 3870 τοῖς

302 3912 404 3956 τῶν
455 3903 718 3977 Ῥωμαίων
786 3905 1111 3976 πράγμασιν,
1180 3899 1353 3950 αἰτίαν
1399 3900 1603 3969 ἔχοντες
1664 3901 1720 3950 τό
1780 3917 1911 3972 παρ-

303 3990 719 4067 ευδοκιμηθῆναι
780 3994 847 4043 τὰ
908 3999 1093 4064 πρῶτα
1154 3990 1299 4061 παρὰ
1356 3995 1448 4039 τοῦ
1520 3984 1745 4058 ἀδελφοῦ
1820 3993 1909 4040 καὶ

303 4083 584 4158 βασιλέως,
613 4080 834 4157 μηδενός
874 4082 1042 4133 αὐτῶν
1089 4080 1161 4142 εἰς
1210 4077 1359 4142 ἀξίαν
1412 4076 1701 4149 ἀνηγμένου
1754 4074 1912 4148 βασι-

300 4172 421 4234 λέως
483 4169 725 4243 ἀδελφοῖς
784 4168 1202 4243 διαπρέπουσαν.
1264 4166 1393 4220 Εἶτα
1453 4172 1542 4218 καὶ
1612 4168 1757 4240 παρὰ
1818 4173 1910 4217 του

299 4260 539 4335 γαμϐρου
616 4265 705 4312 καὶ
784 4258 1042 4332 βασιλέως
1126 4262 1216 4309 καὶ
1287 4252 1545 4328 φυγαδίαι
1629 4264 1719 4314 τῆς
1796 4252 1914 4306 Ῥω-

300 4356 468 4425 μαίων
526 4355 849 4423 γεγενημένοι
916 4352 1039 4423 πρός
1100 4348 1286 4409 αὐτοὺς
1360 4343 1751 4417 ἐδυσμέναινον.
1812 4349 1912 4397 Kal

299 4449 471 4494 ταῦτα
506 4445 595 4514 μέν
637 4443 758 4500 ἴσως
797 4438 902 4513 ἐρεῖ
934 4458 1009 4498 τις
1045 4441 1189 4490 αἴτια
1228 4435 1380 4506 εἶναι,
1420 4439 1477 4487 τό
1522 4432 1581 4488 δὲ
1622 4434 1806 4496 ἀληθὲς
1846 4436 1915 4486 τὰ

302 4540 404 4585 τῶν
431 4531 711 4606 ἀνθρώπων
741 4531 843 4588 ἤθη
880 4527 1099 4581 ἀϐέϐαια
1159 4530 1283 4578 ὄντα
1332 4530 1422 4577 καὶ
1484 4524 1692 4577 ἆστατα
1742 4526 1913 4577 τοιού-

305 4641 424 4681 τους
471 4622 753 4692 τυγχάνειν
800 4617 1026 4671 ίποίουν.
1080 4621 1181 4669 Kal
1240 4622 1409 4667 ταῦτα
1452 4617 1541 4687 μὲν
1590 4614 1649 4666 οὐ
1712 4610 1914 4666 διελάν-

309 4714 454 4764 θανεν
476 4706 601 4762 οὐδὲ
629 4713 715 4761 τόν
744 4707 971 4781 βασιλέα
1019 4702 1295 4779 Θεόδωρον
1326 4726 1339 4738 ·

305 4806 479 4862 κείους
497 4808 591 4853 τοῦ
641 4798 861 4869 αἳματος
909 4802 999 4850 καὶ
1040 4799 1097 4850 τὸ
1153 4801 1310 4867 τιμᾴν
1360 4795 1546 4856 αὐτοὺς
1594 4791 1689 4847 διὰ
1727 4798 1915 4854 παντὸς

305 4890 639 4967 προελόμενος
714 4890 911 4963 ἐχρᾶτο
985 4890 1114 4961 πρὸς
1193 4884 1508 4958 συμϐουλὰς.
1588 4884 1915 4937 Ὑπετίθεντο

306 4990 430 5055 γοῦν
462 4980 606 5033 οὗτοι
637 4983 701 5040 ὡς
732 4979 789 5031 οὐ
826 4983 996 5051 χρεὼν
1034 4980 1120 5029 τὸν
1161 4974 1388 5047 βασιλέα
1427 4970 1752 5049 διαπερᾶσαι
1786 4977 1918 5048 πρὸς

307 5076 406 5131 κήν
437 5068 671 5143 δυσμὴν,
709 5070 788 5121 ὅτι
811 5087 864 5120 τε
892 5075 1065 5128 κακῶς
1114 5066 1330 5139 πράττει
1388 5067 1453 5116 τὰ
1502 5071 1723 5116 τοιαῦτα
1762 5068 1915 5138 μέρη,

308 5166 399 5214 καὶ
426 5162 496 5223 ὡς
536 5166 677 5212 νοσεῖ
736 5153 935 5230 σχεδόν
990 5155 1334 5230 ἀθεράπευτα,
1382 5154 1686 5227 στράτευμά
1740 5172 1792 5205 τε
1842 5158 1914 5225 μὴ

309 5254 452 5325 ἔχειν
479 5254 565 5303 τόν
595 5246 818 5321 βασιλεα
854 5255 1119 5322 προσῆκον
1164 5244 1349 5320 πράξει
1399 5243 1696 5317 βασιλικῇ·
1748 5245 1773 5296 ό
1819 5247 1917 5316 γὰρ

309 5345 513 5416 χειμὼν
544 5338 729 5392 ἐκώλυε
758 5342 853 5397 τὴν
908 5338 1249 5411 συνάθροισιν
1306 5343 1404 5387 τῶν
1455 5331 1750 5408 δυνάμεων.
1820 5339 1919 5387 Kal

1398 4708 1522 4765 τέως
1577 4699 1665 4755 οὖν
1720 4705 1785 4764 ὡς
1839 4702 1915 4755 οἰ·
1950 4738 1995 4789 D

2084 2032 2168 2084 55.
2201 2029 2523 2101 Propterea
2549 2029 2876 2099 imperator
2901 2028 3080 2083 etiam
3111 2027 3241 2099 ipse
3270 2028 3452 2084 rebus
3492 2028 3668 2085 anxie

2010 2116 2323 2186 aestuabat,
2397 2117 2446 2171 si
2512 2120 2634 2172 tam
2657 2114 2869 2171 misere
2914 2116 3224 2185 potestatis
3283 2116 3444 2171 illius
3496 2116 3667 2173 initio

2009 2205 2391 2261 haberentur.
2420 2205 2535 2260 Illis
2559 2221 2701 2277 ergo
2727 2205 2832 2276 qui
2885 2204 3171 2273 dignitate
3222 2205 3551 2275 fulgebant,
3613 2209 3669 2261 et

2010 2295 2377 2349 exercituum
2408 2293 2777 2354 ductoribus,
2803 2293 2954 2348 inter
2975 2308 3130 2365 quos
3156 2297 3211 2348 et
3230 2309 3300 2348 ex
3333 2310 3447 2348 avo
3480 2293 3668 2365 impe-

2009 2388 2204 2439 ratore
2232 2383 2538 2439 Theodoro
2561 2382 2755 2455 patrui
2786 2381 3017 2437 Manuel
3043 2387 3099 2437 et
3128 2382 3373 2437 Michael
3405 2382 3668 2438 advene-

2011 2478 2162 2543 rant,
2192 2473 2557 2537 convocatis,
2594 2470 3058 2534 consiliuminit,
3080 2471 3228 2544 quid
3262 2472 3397 2534 sibi,
3421 2478 3486 2528 ut
3508 2472 3669 2528 malo

2009 2568 2362 2628 occurreret,
2395 2561 2700 2632 agendum
2745 2566 2923 2617 esset.
2960 2562 3154 2617 Potior
3194 2577 3401 2617 eorum
3433 2578 3575 2633 pars
3608 2563 3671 2617 in

2010 2667 2145 2707 eam
2166 2651 2270 2706 ivit
2296 2652 2677 2719 sententiam,
2691 2656 2751 2705 ut
2764 2651 3087 2720 imperator
3104 2649 3483 2722 Hellesponto
3498 2665 3671 2722 supe—

2012 2745 2139 2796 rato
2164 2740 2456 2812 impetum
2482 2739 2875 2808 Bulgarorum
2918 2740 3358 2810 comprimeret.
3405 2739 3518 2795 Sed
3558 2740 3672 2795 hoc

2010 2828 2295 2899 principis
2324 2827 2571 2899 patruis,
2596 2843 2747 2899 quos
2773 2841 2956 2897 supra
2991 2827 3295 2882 nominavi
3322 2826 3488 2882 haud
3521 2826 3663 2883 arri-

2012 2917 2450 2988 debat,quibus
2467 2916 2739 2972 animum
2765 2917 2961 2988 potius
2987 2916 3323 2972 adverterat
3348 2918 3674 2989 imperator

2015 3005 2215 3061 multis
2236 3006 2310 3061 de
2345 3005 2560 3060 causis.
2586 3005 2860 3060 Aﬂinitas
2890 3006 3115 3078 quippe
3137 3006 3370 3076 generis
3397 3010 3451 3062 et
3504 3022 3676 3061 vene-

2013 3095 2205 3151 randa
2253 3100 2532 3151 senectus
2584 3093 2909 3165 compellat
2946 3111 3186 3167 ;neque
3227 3095 3427 3150 minus
3486 3095 3566 3151 ad
3614 3096 3677 3152 id

2014 3183 2358 3240 conferebat
2370 3200 2573 3239 rerum
2587 3182 2915 3239 multarum
2928 3183 3311 3256 experientia.
3330 3184 3395 3239 Hi
3411 3200 3677 3257 namque

2013 3273 2262 3329 Joannis
2293 3272 2675 3345 imperatoris
2699 3278 2967 3345 tempore
2995 3278 3051 3329 et
3074 3274 3204 3329 solo
3226 3274 3421 3346 patrio
3442 3274 3678 3330 exsules

1946 3378 1984 3433 (ι
2018 3362 2334 3418 multorum
2348 3362 2681 3435 principum
2695 3362 3092 3418 familiaritate
3108 3362 3197 3418 usi
3217 3368 3356 3419 sunt
3371 3368 3428 3420 et
3441 3364 3682 3421 diversa

2016 3452 2075 3508 in
2096 3453 2229 3509 loca
2250 3452 2624 3523 aberrarunt,
2658 3452 2938 3524 hincque,
2974 3454 3016 3523 1
3037 3454 3147 3524 16
3166 3458 3228 3509 ut
3242 3459 3423 3526 poeta
3444 3454 3678 3521 cecinit,

2016 3544 2296 3599 viderunt
2314 3542 2491 3598 urbes
2515 3548 2571 3598 et
2596 3558 2795 3599 mores
2816 3543 3132 3599 hominum
3159 3549 3588 3613 cognoverunt.
3615 3544 3682 3599 Hi

2017 3633 2169 3703 licet,
2209 3638 2269 3688 ut
2295 3648 2503 3688 verum
2525 3632 2731 3703 fatear,
2762 3633 2941 3704 pleno
2968 3638 3205 3706 pectore
3237 3640 3534 3706 saperent,
3557 3649 3683 3690 non

2018 3728 2172 3778 recte
2203 3726 2407 3777 tamen
2430 3724 2839 3777 Romanorum
2864 3721 3043 3777 rebus
3074 3722 3491 3788 consulebant,
3516 3722 3684 3794 quod

2019 3812 2287 3883 primum
2307 3828 2344 3867 a
2374 3810 2551 3867 fratre
2582 3817 2639 3867 et
2659 3811 3017 3883 imperatore
3041 3810 3292 3881 neglecti
3322 3810 3488 3868 nullo
3516 3812 3685 3881 digni

2018 3898 2205 3955 habiti
2236 3898 2490 3954 fuissent
2540 3915 2805 3961 munere,
2846 3898 3014 3971 quod
3056 3898 3266 3955 fratres
3307 3899 3686 3971 imperatoris

2020 3988 2372 4044 condeceret
2400 4007 2412 4056 ;
2438 3987 2576 4043 dein
2607 4004 2713 4060 per
2730 4004 3019 4059 generum
3059 3993 3115 4044 et
3143 3991 3571 4061 imperatorem
3602 3989 3682 4046 ab

2020 4078 2148 4134 solo
2170 4078 2364 4150 patrio
2387 4083 2671 4145 extorres,
2698 4078 2776 4134 ab
2796 4078 2878 4133 eis
2899 4082 3055 4134 totos
3086 4094 3148 4133 se
3171 4078 3683 4135 abolienaverant.

2021 4166 2088 4222 Et
2106 4167 2216 4222 has
2245 4166 2491 4239 quidem
2521 4183 2737 4223 causas
2759 4168 3045 4223 Romanis
3078 4167 3209 4223 illos
3234 4169 3688 4224 inimicissimos

2020 4254 2352 4311 reddidisse
2375 4254 2591 4327 aliquis
2626 4255 2773 4311 forte
2808 4255 3061 4313 diceret:
3088 4256 3263 4312 nobis
3290 4258 3434 4313 satis
3486 4257 3692 4327 cogni-

2024 4349 2150 4400 tum
2182 4361 2381 4400 mores
2410 4345 2731 4401 hominum
2760 4344 3019 4401 incertos
3050 4351 3231 4417 atque
3267 4345 3574 4402 instabiles
3631 4346 3691 4401 in

2023 4434 2377 4505 hujusmodi
2418 4450 2522 4489 eos
2556 4434 2883 4490 deduxisse
2917 4434 3269 4496 simultates.
3316 4452 3455 4507 quae
3490 4450 3693 4507 neque

2023 4524 2448 4596 imperatorem
2474 4523 3565 4581 Theodorumlatebent.Nihilominus
3591 4540 3693 4581 eos

2025 4618 2316 4686 tanquam
2330 4614 2623 4684 sanguine
2640 4613 2768 4684 conj
2782 4620 3014 4684 unctos,
3033 4614 3262 4686 etquod
3276 4619 3568 4687 perpetuo
3582 4630 3691 4671 eos

2026 4703 2357 4759 honoribus
2370 4703 2773 4759 condecorare
2792 4709 3210 4776 proposuerat,
3233 4704 3498 4761 consiliis
3518 4705 3693 4761 adhi-

2024 4792 2227 4849 bebat.
2262 4792 2684 4865 Proponebant
2705 4792 2906 4862 itaque
2929 4792 3010 4848 illi
3036 4808 3159 4849 non
3179 4810 3312 4849 esse
3337 4810 3537 4867 opera;
3564 4810 3699 4868 pre-

2029 4883 2175 4939 tium
2200 4884 2627 4955 imperatorem
2666 4882 2727 4938 in
2753 4899 3039 4939 occasum
3064 4885 3555 4957 progredi,quod
3609 4902 3695 4942 ea:

2027 4978 2226 5045 partes
2258 4972 2414 5029 male
2438 4972 2867 5030 aﬂlictarentur
2888 4979 2944 5030 et
2972 4974 3204 5047 absque
3227 4975 3494 5031 remedio
3513 4976 3689 5032 vehe-

2030 5068 2261 5119 menter
2296 5063 2659 5120 laborarent.
2691 5063 2907 5135 Copias
2933 5079 3067 5119 esse
3105 5065 3487 5136 imperatoris
3517 5066 3699 5122 exiles

2031 5168 2099 5207 ac
2118 5158 2327 5208 tenues
2348 5168 2457 5208 nec
2477 5153 2634 5223 regis
2660 5156 2954 5224 apparatu
2978 5168 3435 5225 suppares,cum
3459 5159 3698 5227 tempus

2029 5242 2353 5298 hibernum
2401 5242 2837 5314 impedimento
2888 5247 3044 5298 esset
3093 5258 3168 5299 ne
3213 5250 3570 5313 cogerentur
3635 5246 3700 5301 in

2031 5349 2245 5391 unum.
2269 5334 3074 5406 Praetereaimperatorem,si
3093 5332 3228 5391 loco
3241 5340 3557 5392 moveatur
3568 5351 3677 5392 nes

384 5523 434 5557 ⁸³
495 5522 539 5576 Ι)
593 5536 606 5576 :
664 5518 857 5578 Βουλην
888 5514 976 5570 οὖν
1028 5517 1402 5589 ποιησάμενος,
1460 5517 1508 5568 οἱ
1572 5518 1660 5589 μεν
1749 5513 1955 5576 πλείους
2008 5510 2330 5589 διαπερᾶσαι
2383 5512 2538 5589 αὐτόν
2608 5516 2696 5589 τὸν
2757 5510 3133 5589 Ἑλλήσποντον
3189 5510 3304 5568 δέον
3372 5514 3593 5589 ἱλεγονη
3635 5516 3703 5570 Οἱ

384 5537 433 5557 ’³
495 5537 539 5576 υ
593 5537 606 5576 ξ
666 5537 857 5578 Βουλην
888 5538 976 5570 ουν
1028 5537 1229 5575 ποιησει
1274 5537 1402 5582 Hoc,
1460 5537 1508 5568 οι
1572 5537 1660 5588 μιν
1749 5537 1955 5576 πΛειους
2008 5537 2330 5588 σιαπερασαι
2383 5537 2538 5565 αυτον
2608 5537 2696 5565 τον
2774 5537 3133 5572 ιιΛΛησποντον
3189 5537 3304 5568 σεον
3372 5537 3562 5589 ελεγον.
3635 5537 3703 5570 υι

313 5591 375 5649 δε
412 5596 544 5670 πρὸς
584 5594 800 5645 πάππου
859 5591 1019 5644 αὐτοῦ
1064 5597 1155 5643 τοῦ
1210 5537 1471 5663 βασιλέως
1518 5584 1796 5661 Θεοδώρου
1857 5587 2104 5646 Μανουὴλ
2162 5592 2250 5638 καὶ
2307 5593 2382 5639 Μι
2433 5586 2527 5645 αὴ).
2580 5587 2629 5637 οἱ
2698 5588 3013 5660 Λασκάριες,
3070 5588 3146 5650 οἷς
3203 5596 3458 5663 προσεῖχε
3511 5588 3703 5663 μᾶλλον

313 5676 376 5711 τῇ
405 5687 460 5711 τε
487 5669 800 5711 συνῃσιότῃτι
824 5669 913 5711 καὶ
952 5671 1025 5711 τῶ
1048 5667 1220 5711 manu-
1253 5661 1313 5711 οὐ
1343 5665 1509 5711 γοεὼν
1559 5656 1881 5711 διαπεοᾶσαι
1940 5663 2027 5711 τόν
2078 5657 2300 5711 βασιλέα
2350 5607 2681 5711 ὲᾶῦλευσαν.
2730 5656 2812 5711 Ἠ.
2868 5667 2967 5711 τῶν
3022 5659 3266 5711 πλειόνων
3319 5670 3445 5711 ’νοῦν
3502 5664 3703 5711 ῖσνυσε

311 5676 376 5739 τῇ
405 5656 462 5721 τε
487 5669 800 5739 γνησιότητι
824 5669 913 5718 καὶ
952 5671 1025 5735 τῷ
1048 5656 1221 5737 γήρει,
1253 5661 1313 5715 οὐ
1338 5665 1509 5737 χρεὼν
1559 5656 1881 5737 διαπερᾶσαι
1940 5663 2027 5714 τόν
2075 5657 2300 5733 βασιλέα
2350 5656 2681 5713 ὲϐοῦλευσαν.
2730 5656 2812 5717 Ἠ.
2868 5656 2967 5712 τῶν
3000 5656 3266 5714 πλειόνων
3319 5656 3445 5734 γοῦν
3502 5656 3705 5737 ῗσχυσε

318 5728 512 5817 eam;
