4470 6452
839 406 976 460 1127
2144 403 2425 459 GEORGII
2465 402 2934 460 ACROPOLlT/E
4068 422 4206 474 H23

835 544 951 599 que
975 529 1217 584 nomine
1239 545 1348 583 suo
1371 544 1565 600 neque
1583 527 2030 599 exspectatione
2054 526 2374 581 hominum
2406 527 2492 580 di-
2528 531 2571 581 A

2432 527 2492 580 li-
2528 531 2571 581 A
2605 532 2662 578 τό
2726 525 3057 601 ἐπιδημῆσαι
3135 534 3266 584 κατά
3323 538 3504 607 χώραν
3559 537 3647 586 τόν
3703 535 3928 606 βασιλέα
3978 545 4066 592 καὶ
4126 546 4197 612 μή

834 631 1020 685 gnum
1043 619 1357 690 quippiam
1388 619 1685 682 conﬁciat,
1739 632 1862 671 non
1917 621 2150 671 tantum
2212 615 2490 670 hostibus

2436 633 2490 670 ls
2603 617 2745 678 ἄξιον
2775 626 2866 669 τοῦ
2898 620 3147 689 ὀνόματος
3177 621 3337 672 αὐτοῦ
3359 628 3448 673 xui
3485 633 3580 685 τῆς
3633 630 3806 695 φήμης
3864 625 4201 696 έργάσασθαι

835 706 1033 762 ablata
1055 708 1432 772 confirmare,
1469 707 1568 761 sed
1599 714 1653 760 et
1683 706 1912 776 reliqua
1944 720 2181 758 sommo
2214 704 2490 759 adversa-

2437 721 2490 759 a-
2603 706 2659 757 οὗ
2710 716 2806 757 τῶν
2849 707 3187 780 ἀφῃρημένων
3255 716 3344 762 xui
3410 718 3562 782 μόνον
3629 711 3914 784 βεϐαίωσιν
3982 714 4028 766 ἐν
4097 724 4202 776 τοῖς

831 796 1056 852 riorum
1084 798 1447 852 incremento
1477 811 1799 867 rerumque
1849 798 2255 849 Romanarum
2288 795 2489 848 immi-

2441 795 2489 848 i-
2603 795 2809 867 ἐχθροῖς
2871 805 3114 866 ποιεῖται,
3186 797 3312 849 ἀλλὰ
3383 805 3472 852 xui
3553 810 3649 852 τῶν
3745 802 4199 876 περιλελειμμένων

832 887 1075 941 nutione
1088 885 1430 958 disperdere
1444 902 1512 940 ac
1532 885 1848 955 dissnpare.
1869 886 1934 937 Et
1951 884 2078 938 haec
2103 883 2349 954 quidem
2371 883 2488 939 isti.

2432 883 2488 939 li.
2602 883 2871 956 ἀφαίρεσιν
2903 885 3063 948 αὔξην
3105 906 3156 938 τε
3216 897 3312 939 τῶν
3373 890 3681 941 ὑπεναντίων
3736 891 3906 961 πολλῷ
3959 894 4197 964 μείζονα,

832 977 1045 1030 Verum
1075 975 1360 1044 Georgius
1390 973 1613 1030 Muzalo
1674 973 1944 1045 apprime
1989 971 2068 1027 illi
2126 988 2322 1039 carus,
2385 973 2489 1043 qui

2434 973 2489 1026 ui
2601 977 2667 1033 ὡς
2724 980 2812 1026 καὶ
2871 985 2969 1027 τῶν
3038 976 3334 1048 Ῥωμαῑκῶν
3405 981 3726 1052 πραγμάτων
3795 979 4071 1034 ἐλάττωσιν
4140 983 4199 1034 οῦ

832 1064 1039 1133 magni
1057 1064 1374 1118 domestici
1391 1079 1636 1118 munere
1653 1061 2488 1131 fungebatur,imperatorium

2434 1077 2488 1114 ω
2602 1065 2848 1137 σμικράν.
2880 1073 3057 1116 Ταῦτα
3077 1069 3166 1136 μεν
3217 1067 3380 1131 οὗτοι,
3422 1068 3447 1118 ὅ
3495 1064 3552 1119 δὲ
3599 1072 3665 1120 τὰ
3706 1069 3928 1122 πλεῖστα
3971 1075 4199 1128 πεποθη-

831 1168 1216 1225 progressum
1247 1167 1365 1207 non
1395 1154 1437 1222 ι
1457 1153 1560 1222 17
1591 1151 1899 1206 consulere
1922 1151 2126 1217 modo,
2161 1149 2266 1204 sed
2308 1150 2488 1204 etiam

2434 1167 2488 1204 m
2599 1158 2746 1224 μένος
2795 1153 2934 1223 αὐτῷ
2985 1155 3270 1214 Μουξάλων
3329 1162 3600 1229 Γεώργιος,
3668 1164 3761 1216 τὴν
3817 1168 3910 1211 τοῦ
3974 1161 4199 1232 μεγάλου

831 1257 1291 1312 cogere,nequa3
1307 1241 1363 1296 in
1379 1257 1602 1295 occusu
1616 1245 1804 1304 erant,
1818 1240 1902 1293 vel
1916 1239 2098 1307 major
2111 1253 2309 1293 eorum
2325 1254 2486 1308 pars,

2439 1257 2486 1306 s,
2600 1238 2916 1313 δομεστίκου
2974 1240 3195 1315 δύναμιν
3242 1246 3672 1318 περιεζωσμενος,
3743 1253 3838 1306 τήν
3915 1248 4199 1321 βασιλικήν

829 1332 893 1386 in
917 1331 1302 1385 inimicorum
1343 1334 1698 1401 potestatem
1723 1329 2014 1394 venirent,
2041 1327 2145 1381 Alii
2170 1328 2347 1382 etiam
2367 1342 2487 1381 non

2431 1342 2487 1380 )n
2597 1350 2879 1402 περαίωσιν
2935 1331 3264 1385 συνεϐούλευε
3311 1340 3399 1386 καὶ
3454 1338 3650 1393 ταύτην
3732 1342 4035 1409 κατήπειγε,
4124 1343 4196 1410 μὴ

831 1419 1009 1491 pauci
1041 1419 1144 1473 viri
1174 1419 1437 1474 celebres
1463 1419 1522 1472 in
1555 1419 1760 1487 magni
1794 1416 2104 1472 domestici
2131 1415 2487 1470 sententiam

2435 1432 2487 1470 m
2596 1418 2726 1491 λάθή
2759 1424 2823 1471 τὰ
2851 1423 3020 1472 πάντα
3056 1431 3153 1472 τῶν
3194 1421 3241 1473 έν
3300 1420 3480 1495 δυσμῆ
3541 1425 3570 1483 ἣ
3622 1428 3687 1476 τὰ
3735 1426 3891 1478 πλείω
3946 1424 4057 1487 ταῖς
4099 1437 4200 1478 τῶν

829 1507 1036 1563 ierant.
1065 1508 1244 1578 Igitur
1272 1508 1583 1579 praelatum
1608 1512 1697 1562 est
1721 1507 2116 1578 plurimorum
2147 1504 2483 1560 consilium.

2434 1521 2483 1558 n.
2597 1507 2799 1580 ἐχθρῶν
2837 1515 3024 1581 χερσὶν
3064 1510 3344 1570 ἁλωθῆναι.
3404 1518 3503 1565 Καὶ
3559 1514 3704 1566 ἄλλοι
3753 1511 3813 1567 δὲ
3861 1525 3960 1566 τῶν
4019 1515 4199 1588 ἐπιφα-

831 1596 1088 1651 Maxime
1123 1613 1264 1652 vero
1296 1597 1674 1668 imperatoris
1708 1596 1917 1665 ingens
1954 1594 2172 1666 cupido
2205 1610 2273 1648 ac
2302 1593 2486 1648 animi
2595 1620 2596 1623 η

2432 1593 2486 1646 ni
2595 1605 2690 1647 νῶν
2722 1598 2814 1648 οὐκ
2844 1599 3008 1667 ὀλίγοι
3045 1609 3104 1671 τῇ
3153 1609 3243 1651 τοῦ
3292 1601 3517 1672 μεγάλου
3571 1599 3888 1675 δομεστίκου
3944 1610 4197 1677 συνήνόυν

830 1685 1028 1751 ardor,
1076 1685 1152 1740 ad
1207 1685 1452 1740 itionem
1521 1684 1792 1755 impense
1851 1684 2209 1754 exagitatus,
2275 1681 2487 1736 obvios

2427 1698 2487 1735 os
2599 1683 2786 1758 βουλῇ.
2816 1686 2895 1757 [Ρ.
2921 1688 3012 1760 90]
3052 1687 3108 1740 Ἡ
3142 1698 3240 1739 τῶν
3267 1689 3508 1741 πλειονων
3557 1700 3682 1761 γοῦν
3742 1695 3943 1763 ἴσχυσε
4004 1693 4192 1765 βουλὴ,

827 1789 1102 1846 quosque
1129 1779 1580 1846 promptosque,
1614 1773 1899 1844 pusillum
1960 1788 2105 1826 sane
2137 1772 2483 1840 exercitum,

2434 1787 2483 1840 L1,
2594 1776 2826 1846 μάλιστα
2857 1773 2914 1828 δὲ
2953 1785 3044 1827 τοῦ
3073 1776 3325 1848 βασιλέως
3356 1783 3412 1830 τό
3440 1781 3706 1853 πρόθυμον
3728 1787 3816 1833 καὶ
3846 1784 3873 1833 ὅ
3932 1792 4026 1842 τῆς
4074 1803 4199 1855 καρ-

831 1880 1056 1935 eosque
1078 1864 1180 1935 qui
1208 1864 1357 1918 inter
1387 1863 1827 1919 ambulandum
1875 1861 2288 1926 occurrebant,
2337 1860 2484 1914 alios
2527 1881 2563 1934 Β
2595 1894 2596 1903 η

2430 1876 2484 1914 )8
2527 1881 2563 1934 Β
2595 1860 2716 1925 δίας
2747 1867 2905 1916 αὐτοῦ
2934 1865 3090 1927 ζῆλος
3120 1865 3309 1928 ἐκκαής
3362 1873 3587 1939 γεγονὼς
3634 1873 3764 1940 πρός
3820 1875 3913 1928 τὴν
3966 1877 4195 1929 κίνησιν.

827 1955 1006 2010 etiam
1038 1954 1197 2025 quia
1221 1953 1314 2009 via
1332 1968 1452 2008 non
1473 1952 1743 2021 aberant,
1762 1953 1945 2007 armis
1969 1957 2169 2007 tamen
2192 1950 2482 2022 equisque

2426 1965 2482 2004 1e
2598 1958 2695 2004 Kui
2734 1953 3145 2028 προσλαϐόμενος
3186 1960 3302 2016 τοὺς
3353 1959 3468 2008 ὅσοι
3528 1959 3931 2012 συνακαλουθεῖν
3980 1963 4191 2032 ἔτυχον,

825 2049 1069 2100 οωιθτοε
1124 2043 1410 2114 consequi
1463 2041 1728 2097 valentes
1768 2041 2024 2111 collegit,
2074 2057 2226 2112 quos
2278 2056 2480 2094 secum

2431 2056 2480 2094 m
2593 2041 2661 2103 εὶς
2692 2047 2898 2116 μέτριον
2923 2042 3329 2116 ἀριθμουμένους
3380 2049 3702 2120 στράτευμα,
3758 2053 3845 2100 καὶ
3909 2053 4025 2110 τοὺς
4077 2050 4196 2102 καθ’

823 2138 1071 2206 portans
1097 2133 1542 2204 Hellespontum
1565 2131 1796 2201 trajicit,
1823 2146 2050 2201 magno
2073 2129 2403 2185 domestico
2420 2129 2480 2183 in

2430 2129 2480 2183 in
2592 2129 2715 2183 ὁδόν
2753 2132 3226 2204 ξυντυγχανοντας,
3271 2140 3500 2196 καὶτοὺς
3553 2135 3820 2210 έγγύτέρον
3876 2147 3969 2200 τῆς
4012 2142 4195 2213 φερου-

827 2224 1060 2280 Oriente
1077 2222 1302 2278 relicto.

2593 2226 2866 2282 σηςό’ντας
2892 2228 2980 2273 καὶ
3034 2219 3354 2295 δυναμένους
3413 2225 3591 2287 αὐτοῖς
3639 2227 3812 2287 ὅπλοις
3868 2233 3957 2278 καὶ
4016 2229 4198 2288 ἰπποις

2589 2309 2887 2382 έφέψεσθαι,
2956 2308 3356 2384 διαπεραιοῦται
3405 2318 3493 2366 τόν
3567 2315 3958 2381 Ἑλλήσποντον,
4035 2336 4198 2369 κατα-

2585 2399 2745 2452 λιπὼν
2776 2401 2847 2462 είς
2875 2404 2967 2458 τὴν
2990 2400 3054 2453 ἓω
3084 2404 3169 2452 τόν
3194 2421 3355 2474 μεγαν
3373 2399 3702 2476 δομέστικον.

892 2535 978 2587 56.
1019 2530 1160 2585 Hinc
1213 2528 1499 2584 festinans
1528 2527 1978 2600 Adrianopolim
2034 2527 2214 2592 venit,
2271 2525 2476 2597 ibique

2427 2539 2476 2579 ιθ
2657 2525 2752 2590 νς’.
2796 2528 3050 2580 Ἐντεῦθεν
3079 2529 3146 2596 ⁴³,
3171 2531 3240 2590 ὡς
3288 2526 3402 2599 εἶχε
3461 2532 3682 2602 τάχους,
3730 2535 3824 2588 τὴν
3881 2526 4192 2604 Ἀδριανού-

821 2621 998 2678 unico
1027 2620 1121 2675 die
1145 2624 1551 2674 commoratus
1573 2623 1809 2690 postero
1858 2617 1953 2672 die
1985 2615 2307 2686 egreditur.
2333 2617 2478 2670 Inte-

2426 2631 2478 2670 8-
2587 2616 2734 2668 πολιν
2765 2619 3008 2688 πέφθακε.
3061 2623 3191 2670 Μίαν
3255 2615 3314 2671 δε
3355 2624 3444 2671 καὶ
3492 2625 3652 2691 μόνην
3704 2622 3901 2694 ἡμέραν
3961 2617 4191 2692 διακαρ-

817 2711 932 2766 rim
955 2726 1027 2764 ex
1049 2708 1443 2778 Bulgarorum
1468 2706 1946 2777 speculatoribus
1980 2721 2136 2759 unus
2160 2704 2478 2776 imperato-

2427 2721 2478 2758 D-
2587 2712 2812 2780 τερήσας
2843 2706 2891 2758 ἐν
2922 2710 3084 2779 ταύτῃ
3116 2706 3318 2769 ἐξῆλθεν
3374 2708 3422 2770 ἐς
3476 2712 3659 2766 νέωτα.
3714 2715 3814 2762 Καὶ
3870 2729 3948 2771 τις
3994 2719 4094 2761 τῶν
4133 2713 4192 2762 έκ

815 2815 944 2855 rem
968 2799 1214 2854 intuitus
1246 2795 1629 2867 Adrianopoli
1668 2796 2034 2850 exsilientem
2087 2795 2264 2849 citato
2298 2811 2478 2850 cursu

2427 2811 2478 2850 iu
2588 2796 2888 2869 Βουλγάρων
2938 2803 3280 2871 κατοπτήρων
3319 2802 3402 2850 τόν
3461 2797 3683 2871 βασιλέα
3748 2801 4048 2872 τεθεαμένος
4096 2807 4192 2861 τῆς

818 2889 897 2944 ad
933 2888 1257 2956 Bulgarum
1283 2886 1464 2940 fertur
1495 2885 1612 2946 (ille
1639 2885 1856 2939 etenim
1880 2885 2036 2939 circa
2068 2883 2356 2938 Herbrum
2385 2899 2475 2939 ca-

2429 2899 2475 2939 a-
2589 2882 2868 2961 Ἀδριανοῦ
2917 2886 3250 2960 ἐξερχόμενον
3317 2885 3537 2960 δρομαίς
3599 2887 3681 2941 έπὶ
3735 2893 3821 2942 τόν
3901 2889 4194 2964 Βούλγαρον

817 2983 938 3033 stra
959 2975 1263 3048 posuerat)
1281 2981 1336 3029 et
1356 2991 1478 3029 rem
1501 2974 1710 3046 aperit,
1735 2973 2238 3045 imperatorisque
2257 2973 2315 3027 in
2336 2989 2474 3028 eum

2427 2991 2474 3028 m
2587 2977 2721 3028 ἰκετο
2787 2977 2929 3049 (περὶ
2997 2981 3082 3028 τόν
3144 2976 3326 3050 Ἕϐρον
3388 2983 3477 3030 xui
3539 2981 3639 3053 γὰρ
3680 2978 3828 3040 οὗτος
3902 2978 4192 3052 έστρατπε-

824 3067 866 3135 ι
887 3067 928 3136 ι
941 3065 998 3135 8
1011 3065 1262 3119 celerem
1276 3062 1667 3134 irruptiouem
1681 3062 2158 3134 exponit,atquej
2171 3061 2292 3131 urej
2305 3077 2477 3115 uran-
2587 3092 2589 3107 ι

2430 3077 2477 3114 1-
2587 3061 2791 3136 δεύετο)
2816 3072 2903 3118 xui
2944 3070 3001 3118 τό
3037 3063 3219 3139 δρᾶμα
3260 3065 3513 3120 διασαφεῖ
3540 3074 3628 3120 xui
3661 3073 3754 3128 τήν
3781 3077 3874 3122 τοῦ
3932 3067 4195 3142 βασιλέως

816 3155 897 3210 do
925 3152 1320 3210 confirmabat
1349 3151 1743 3206 semetoculis
1770 3151 2026 3222 propriis
2048 3151 2473 3222 imperatorem

2426 3167 2473 3204 11
2585 3152 2874 3224 ἐξαγγέλλει
2923 3155 3036 3206 κατ’
3114 3156 3274 3208 αὐτοῦ
3329 3165 3548 3228 ταχεῖαν
3599 3155 3804 3229 ἔφοδον,
3856 3163 3945 3210 xui
4013 3160 4191 3232 ὅρκοις

815 3248 1060 3317 pontem
1090 3242 1357 3298 ﬂuminis
1390 3241 1562 3296 Hebri
1619 3239 1752 3296 urbi
1811 3241 2156 3312 proximum
2206 3246 2473 3311 petrans-
2508 3234 2548 3290 C

2428 3257 2473 3293 5-
2508 3234 2548 3290 C
2584 3240 2937 3301 έϐεϐαιουτοή
2973 3264 3075 3315 μην
3137 3243 3421 3317 ὀφθαλμοῖς
3487 3248 3766 3298 τεθεᾶσθαι
3825 3251 3912 3298 τόν
3965 3245 4193 3318 βασιλέα

814 3338 1057 3388 euntem
1084 3331 1490 3403 conspexisse.
1526 3333 1642 3385 Hoc
1664 3329 1910 3401 quidem
1939 3328 2229 3398 Bulgaros
2271 3332 2472 3383 turba-

2426 3345 2472 3383 ι-
2582 3336 2675 3390 τήν
2716 3337 2844 3406 πρός
2873 3341 2934 3404 τῇ
2967 3333 3109 3385 πόλει
3137 3337 3510 3406 τυγχάνουσαν
3567 3343 3658 3388 τοῦ
3716 3344 3957 3408 ποταμοῦ
3999 3335 4191 3409 Ἕϐρου

814 3422 915 3487 vit,
946 3437 1070 3478 non
1101 3422 1182 3477 ita
1217 3426 1418 3475 tamen
1462 3424 1523 3474 ut
1550 3418 1706 3488 loco,
1739 3419 1800 3473 in
1831 3434 1952 3490 quo
1979 3424 2176 3474 castra
2195 3417 2467 3484 ﬁxerant,

2432 3423 2467 3484 ῑ,
2579 3427 2803 3497 γέφυραν
2841 3420 3199 3477 διαϐαίνοντα.
3256 3431 3420 3478 Τοῦτο
3483 3429 3695 3497 συνέχει
3751 3431 3842 3498 μεν
3899 3431 4014 3487 τους
4071 3432 4191 3500 περὶ

814 3528 875 3567 se
897 3516 1233 3576 moverent;
1257 3525 1437 3582 quem
1453 3507 2127 3573 retinebantmordicus,
2148 3522 2470 3579 quousque

2423 3523 2470 3563 ιθ
2580 3516 2666 3563 τόν
2724 3513 3032 3586 Βούλγαρον,
3082 3514 3140 3565 οὐ
3190 3520 3292 3586 μήν
3356 3524 3446 3567 τοῦ
3502 3521 3664 3568 τόπου
3711 3517 3828 3568 καθ’
3891 3517 3944 3569 ὃν
3994 3517 4188 3589 ﬂuxo}!

809 3601 1146 3658 accuratius
1172 3599 1528 3672 pleniusque
1559 3599 1633 3653 de
1658 3598 1751 3653 his
1780 3614 1914 3670 quae
1936 3613 2145 3652 rumor
2193 3596 2471 3653 attulerat

2422 3601 2471 3652 1t
2583 3599 3009 3674 στρανοπεδεύειν
3076 3601 3403 3674 ἀπέστησαν,
3463 3603 3570 3656 ἀλλ’
3626 3604 3798 3676 έμενον
3858 3606 4022 3660 έκεῑσε
4097 3609 4187 3679 μέ-

811 3690 1090 3746 certiores
1108 3688 1338 3745 ﬁerent.
1364 3688 1477 3744 Sed
1499 3703 1607 3743 nec
1625 3688 2050 3759 imperatorem
2079 3686 2469 3756 Bulgarorum

2424 3703 2469 3741 n
2577 3711 2702 3763 χρις
2759 3693 2818 3742 οἷν
2873 3700 3035 3763 γνοῖεν
3086 3697 3149 3745 τὰ
3208 3701 3304 3755 τῆς
3360 3700 3537 3766 φήμης
3587 3693 3952 3768 ἀκριϐέστερόν
3995 3715 4048 3747 τε
4098 3700 4189 3748 καὶ

807 3781 1060 3838 tentoria
1088 3779 1419 3849 fugiebant,
1449 3793 1585 3833 cum
1615 3777 1817 3832 locum
1873 3777 1932 3832 in
1991 3793 2114 3848 quo
2176 3777 2468 3832 exercitus

2421 3793 2468 3831 Is
2578 3783 2958 3853 καθαρώτερον.
2983 3781 3118 3833 Ἀλλ’
3178 3779 3302 3834 ουδὲ
3355 3786 3441 3835 τόν
3497 3782 3722 3856 βασιλέα
3789 3787 3818 3842 η
3879 3792 3971 3837 τοῦ
4022 3785 4186 3838 Βουλ-

806 3875 934 3926 erat
958 3868 1362 3926 addidicisset.
1384 3867 1562 3937 Igitur
1592 3866 1840 3922 celerius
1870 3867 1978 3922 iter
2000 3867 2253 3936 ingredi,
2287 3882 2468 3938 equo-

2420 3883 2468 3922 3-
2575 3873 2742 3942 γάρου
2790 3875 3188 3931 κατασκήνωσις
3246 3872 3471 3939 λεληθεν,
3534 3871 3641 3924 ἀλλ’
3700 3871 4009 3945 ἐμεμαθήκει
4095 3878 4185 3926 τόν

802 3975 940 4016 rum
966 3975 1206 4030 gressus
1242 3973 1531 4030 properos
1590 3972 1820 4027 urgere,
1887 3957 2268 4027 summisque
2312 3955 2465 4011 votis

2422 3955 2465 4010 is
2575 3965 2731 4012 τόπον
2763 3964 2892 4013 ὅπου
2950 3956 3016 4019 δή
3073 3957 3426 4035 στρατόπεδον
3486 3958 3652 4034 εἶχεν.
3707 3965 4009 4038 Ταχύτερον
4057 3971 4187 4036 γοῦν

805 4054 1087 4120 exoptare
1142 4046 1410 4117 Bulgaris
1473 4045 1660 4118 copiis
1719 4061 2051 4110 occurrere,
2093 4046 2182 4102 Sic
2215 4061 2356 4115 ergo
2385 4045 2464 4099 ir-

2424 4061 2464 4086 ⁵-·
2573 4055 2665 4108 τήν
2728 4055 2934 4123 πορείαν
2985 4049 3204 4103 έποιεῖτο
3257 4056 3346 4103 xui
3398 4060 3496 4103 τῶν
3544 4051 3714 4104 ἳππων
3786 4055 3882 4114 τὰς
3955 4059 4189 4115 κινήσεις

802 4146 1011 4197 ruente
1033 4139 1182 4195 forte
1214 4139 1453 4194 fortuna
1482 4137 1561 4193 ab
1629 4137 1901 4192 instituto
1955 4136 2290 4191 abducitur.
2352 4137 2463 4202 Qui

2424 4137 2463 4190 li
2575 4139 2810 4210 έπέτεινε,
2842 4145 2930 4192 xui
2961 4139 3155 4212 ηὓχετο
3204 4149 3275 4211 τῷ
3321 4141 3658 4214 Βουλγαρικῷ
3702 4142 3978 4213 ξυντυχεῐν
4025 4162 4189 4218 στρα-

801 4229 963 4285 enim
1010 4229 1294 4284 Romanis
1316 4228 1504 4300 copiis
1531 4226 1842 4298 praeibant,
1879 4226 1939 4281 in
1968 4225 2259 4293 Bulgarici
2301 4241 2458 4281 exer-

2424 4241 2458 4279 Γ·
2573 4232 2810 4301 τεύματι.
2845 4228 2996 4281 Οὓτω
3045 4237 3167 4301 γοῦν
3225 4233 3360 4302 ἔχων
3408 4233 3713 4304 ὁρμήματος
3761 4231 3814 4283 Ix
3873 4252 4004 4293 τινος
4051 4252 4189 4306 συμ-

803 4319 952 4375 citus
973 4319 1252 4374 custodes
1281 4317 1574 4384 incidunt,
1638 4332 1902 4389 quorum
1950 4315 2268 4388 plerosque
2321 4331 2460 4371 ense

2416 4331 2460 4371 ie
2574 4319 2802 4391 ϐάματος
2844 4318 3039 4392 έσφάλη
3103 4329 3349 4395 τυχηρῶς
3401 4329 3491 4374 τοῦ
3523 4320 3902 4394 βουλεύματος.
3954 4325 4020 4375 Οἱ
4076 4325 4181 4398 γὰρ

803 4407 1118 4474 trucidant,
1180 4406 1329 4462 alios
1383 4406 1549 4461 vivos
1603 4406 1867 4478 capiunt,
1915 4405 2065 4461 inter
2115 4421 2218 4461 eos
2266 4409 2318 4461 et
2365 4405 2461 4461 cui
2498 4462 2538 4485 ῃ

2421 4405 2461 4460 li
2498 4462 2538 4485 ἢ
2570 4412 2878 4481 προάγοντες
2943 4419 3042 4461 τῶν
3094 4407 3391 4482 Ῥωμαϊκῶν
3450 4414 3852 4485 στρατευμάτων
3933 4419 4042 4473 τοῖς
4115 4413 4186 4474 εἰς

802 4515 1046 4555 summa
1071 4498 1209 4553 belli
1236 4497 1459 4554 credita
1490 4497 1701 4552 fuerat.
1727 4497 1930 4552 Cmteri
1957 4496 2100 4567 fuga
2151 4497 2265 4551 sibi
2315 4511 2459 4552 con-
2495 4496 2538 4515 "

2419 4512 2459 4550 ι·
2495 4496 2538 4515 υ
2571 4499 2801 4571 φυλακήν
2859 4502 3292 4571 προτεταγμένοις
3345 4508 3434 4552 τοῦ
3519 4505 3873 4573 Βουλγαρικοῦ
3959 4520 4184 4576 στρατο-

801 4589 1064 4645 sulentes
1096 4603 1337 4643 summa
1358 4592 1529 4642 nocte
1551 4588 1610 4640 in
1633 4585 2009 4656 Bulgaricum
2031 4586 2355 4642 exercitum
2375 4603 2458 4642 re-

2420 4603 2458 4642 Ξ·
2569 4586 2732 4641 πέδου
2767 4597 3205 4660 συμπεπτωκασι,
3235 4596 3324 4642 καὶ
3382 4589 3595 4651 πολλοὺς
3649 4595 3738 4663 με)
3792 4591 3974 4661 ξίφους
4030 4589 4185 4663 ιργον

797 4685 1131 4744 vertuntur,
1153 4679 1553 4748 nuntiantque
1579 4675 2458 4746 omnia,etjamimminereim-

2420 4696 2458 4732 ι-
2567 4684 2897 4748 πεποίηνται,
2962 4679 3141 4739 ἄλλους
3201 4675 3259 4731 δε
3311 4683 3537 4754 ζωγρίας
3625 4681 3780 4748 εἷλον,
3840 4683 3926 4731 οὑν
4005 4678 4185 4741 αὐτοῖς

796 4774 1136 4841 peratorem
1166 4766 1555 4824 contendunt.
1598 4767 1790 4830 Quare
1817 4767 1900 4821 uti
1930 4767 2189 4838 quisque
2251 4767 2456 4837 Bulga-

2419 4785 2456 4824 L—
2569 4763 2627 4820 δὲ
2653 4787 2742 4818 και
2772 4770 2857 4820 τόν
2881 4772 2973 4825 τήν
3022 4769 3299 4839 ἡγεμονίαν
3355 4776 3448 4830 τῆς
3509 4774 3789 4841 στρατείας
3845 4770 4060 4840 ἔχοντά.
4113 4772 4184 4822 Οἱ

794 4875 1001 4916 rorum
1033 4857 1247 4930 potuit,
1274 4871 1606 4929 eorumque
1637 4855 1911 4928 princeps
1943 4856 2002 4910 in
2033 4873 2261 4929 equum
2318 4857 2448 4914 insi-

2415 4858 2448 4914 i-
2567 4853 2627 4910 δε
2664 4857 2826 4932 ἕτεροι
2876 4864 3012 4930 φυγῇ
3088 4859 3418 4930 χρησάμενοι
3477 4862 3659 4920 νυκτός
3714 4855 3937 4932 βαθείας
3991 4857 4064 4921 εἰς
4117 4863 4179 4912 τό

794 4947 964 5016 liens,
995 4948 1059 5004 in
1079 4946 1362 5003 interiora
1393 4943 1684 5015 Bulgaria:
1706 4944 1968 5015 regionis
1992 4943 2127 5002 loca
2161 4961 2291 5002 sese
2310 4946 2453 5003 reci-

2416 4946 2453 5003 i-
2567 4947 2915 5021 Βουλγαρικόν
2947 4943 3251 5020 ἀπέδρασαν
3337 4949 3659 5022 στράτευμα,
3726 4969 3817 5001 και
3892 4943 4181 5020 διηγοῦντο

869 5129 917 5163 ⁸³
942 5130 983 5204 ρ
1020 5145 1032 5180 :
1064 5133 1139 5204 ῼς
1165 5121 1304 5198 εἶχεν
1332 5119 1420 5204 οῦν
1450 5124 1672 5204 τάχους,
1709 5127 1828 5204 ..τήν
1877 5119 2167 5204 Ἀδριανοῦ.
2213 5125 2488 5204 πεφθακεν.
2555 5124 2831 5204 Κάκεῖθεν-
2859 5123 3039 5204 ἔξεισι,
3093 5145 3194 5204 καιΔ
3250 5145 3326 5188 τις
3378 5136 3478 5204 τῷν
3521 5128 3825 5204 Βουλγάρων
3901 5133 4182 5204 κατοπτήρ

793 5205 881 5254 τόν
941 5197 1166 5273 βασιλέα
1210 5192 1321 5277 ’τῆς
1373 5192 1654 5277 ζΑδριανρῦ
1700 5193 1902 5277 iam}
1954 5192 2250 5277 τεθεαμένος
2287 5192 2732 5277 ’δρομαῖοίπρός
2784 5199 2868 5248 τόν
2923 5197 3337 5277 Βουλγαράρχην
3397 5197 3607 5272 ἀφίκετο
3660 5192 3790 5274 ’πέρί
3848 5203 3935 5252 τόν
4011 5192 4178 5272 Εὗρον

797 5219 881 5254 τον
941 5217 1166 5273 Ρασιλεα
1225 5217 1321 5257 της
1391 5217 1654 5270 Ασριανου
1700 5217 1902 5256 εςιοντα
1954 5217 2250 5277 τεσεαμενος
2305 5217 2556 5269 ορομαιος
2606 5217 2732 5271 προς
2784 5217 2868 5248 τον
2924 5217 3224 5272 υουΑγαραρ
3277 5218 3337 5256 ην
3397 5219 3607 5272 αφικετο
3671 5217 3790 5274 περι
3848 5219 3935 5252 τον
4011 5217 4178 5254 ευοον

797 5279 1112 5332 σκηνοῦντα,
1146 5290 1235 5321 και
1266 5265 1539 5342 τόᾼδρᾲμα
1572 5265 1824 5338 διασαφεῖ
1849 5268 2041 5342 ὅρκοις,
2078 5265 2250 5342 ,ιδεὶη
2285 5271 2371 5342 τόν
2435 5267 2659 5340 βασιλέα
2709 5273 2802 5326 τὴν
2862 5273 2989 5342 πρός
3035 5277 3096 5340 τῇ
3153 5217 3297 5322 πόέι
3349 5274 3726 5342 τυγχάνουσαν
3779 5279 3871 5325 τοῦ
3936 5257 4182 5342 ποτάμοῦ

793 5346 981 5418 Εὒρου,
1023 5347 1248 5416 γέφυραν
1313 5336 1673 5418 διαϐαίνοντα,
1733 5336 1770 5390 Γ
1772 5336 1885 5418 νοῦς
1944 5336 2002 5418 δε
2065 5341 2132 5418 όκ
2146 5337 2394 5418 βασιλέυς
2587 5349 2717 5418 τῶν.-
2743 5336 3081 5414 Βουλγάρων’
3114 5336 3517 5418 κατασκὴνοξσῖν
3585 5347 3803 5397 επέτεινε
3865 5348 3962 5402 τήν
4028 5336 4179 5401 ὁδόν.

794 5410 896 5495 itali
936 5416 984 5467 οἰ
1015 5410 1328 5495 προάγοντες
1356 5412 1739 5495 τοῦςῒφιέλακας
1772 5410 2072 5495 Βουλχάρων
2105 5410 2386 5495 ξίφειὼκσιιΒ
2425 5413 2624 5486 ζωργίᾳ
2681 5410 2893 5495 έλόντεςς
2945 5410 3024 5495 ἔξ,
3066 5431 3204 5495 τινος
3258 5411 3492 5495 φυγάδος
3527 5413 3928 5495 ’διαμαθόντεῇ
3989 5419 4182 5480 πάντες

793 5479 1202 5562 ἔφυγονλτόύτων
1230 5489 1361 5562 πρὸς
1393 5487 1458 5536 τὰ
1484 5479 2193 5562 ἐνδότεραιικατεδρύπτοντο
2226 5479 2284 5536 δι
2305 5487 2409 5544 τοῖς
2451 5479 2762 5562 συνηρεφέσι
2809 5494 2908 5536 τῶν
2965 5480 3213 5556 δένδρων.
3264 5479 3455 5539 ’Ἐωθεν
3515 5484 3573 5541 δι
3625 5479 3712 5540 τόν
3765 5479 3923 5540 τόπον
3973 5479 4177 5560 φθάσαζ

793 5551 1093 5634 ὄβᾶσιλεός
1117 5551 1426 5634 λελύπηται,
1455 5555 1549 5634 οὐκ
1577 5551 1688 5634 εἶχε
1712 5552 1772 5634 *δ’
1800 5556 1825 5607 ὅ
1847 5575 1897 5606 τι
1923 5551 2011 5634 και
2039 5551 2276 5634 δράσειε.
2311 5561 2444 5634 Περί.
2465 5552 2523 5608 δε
2548 5551 2892 5634 τῇνἮερρόην
2943 5551 3128 5634 χωρεῖ,
3191 5577 3281 5609 και
3335 5558 3571 5634 αὐτοϐοεί
3625 5563 3682 5612 τὸ
3742 5551 3989 5634 φρούριον
4051 5557 4181 5622 εἷλες

795 5626 1043 5716 ιαίὶτάχς
1066 5633 1126 5684 ἄν
1157 5635 1274 5716 περί
1300 5633 1386 5716 τόν
1417 5626 1756 5716 ω-ἶμσνμὺτόν
1797 5647 1895 5679 κατ
1927 5630 1990 5709 τά
2137 5628 2277 5698 αὐτῷ
2300 5626 2545 5716 ,φρούρια
2583 5626 3040 5716 ἐκεχωρήκειςεϊ
3065 5633 3136 5716 μὴ
3185 5635 3386 5716 χειμὼν
3440 5631 3693 5716 ἐκώλυσεν
3730 5626 3900 5716 ,αὐτόν
3954 5637 4131 5716 μέγας
4164 5673 4177 5685 .

791 5705 951 5765 πολλὴ
983 5697 1082 5790 γὰρ
1116 5697 1252 5788 xta.»
1282 5709 1378 5790 της
1542 5702 1598 5752 τό
1621 5705 1898 5788 πρόσωπον
1924 5697 2270 5790 έπηλύγασεν.
2300 5697 2521 5776 Ἡμέρας
2548 5697 2674 5774 γοῦν
2693 5697 2760 5764 ἴε
2790 5697 3223 5775 διακαρτερήσας
3267 5697 3293 5755 ό
3345 5701 3616 5776 βασιλεὺς,
3663 5704 3802 5757 λείαν
3846 5707 3912 5758 τὰ
3953 5697 4180 5782 Βερῥόης

790 5769 1246 5855 ποωσίμένὸξμὶς
1273 5779 1368 5834 τὴν
1399 5769 1682 5848 ’Ἀδριανοῦ
1720 5772 2066 5850 ὑπέστρεψεν.
2096 5769 2104 5772 ⁷
2362 5769 2371 5773 ’
2426 5769 2434 5776 ’
