4470 6452
321 406 339 455 ι
361 405 457 457 129
1831 387 2155 443 ANNALES
3538 393 3675 447 mo

314 528 381 577 τὰ
406 526 596 588 πάντα,
624 524 712 571 καὶ
743 521 800 570 τὸ
832 517 1052 573 πλησίον
1112 515 1277 566 αὐτῶν
1337 509 1442 571 ἠδη
1498 513 1780 581 τυγχάνειν
1830 513 1915 561 τὸν
1948 514 1992 563 Α
2026 525 2079 581 p1

1909 532 1915 553 ι
1948 514 1992 563 Α
2026 524 2186 581 pere,
2211 513 2423 563 etcum
2452 524 2558 579 per
2578 508 2709 564 loca
2750 510 3065 565 arboribus
3093 512 3502 585 frequentibus
3534 531 3674 570 con-

317 611 542 683 βασιλέα
574 606 998 680 διισχυρίζοντο.
1032 602 1119 663 Ὠς
1156 605 1310 672 ἔτυχε
1362 609 1485 670 γοῦν
1540 602 1751 657 ἕκαστος
1817 605 1915 647 τῶν
2025 599 2082 652 εἰ

1911 620 1915 639 ι
2025 599 2137 653 sita
2184 598 2583 665 abigerentur,
2626 599 2909 655 arborum
2950 602 3134 657 ramis
3176 602 3375 661 facies.
3436 604 3599 674 quod
3623 610 3676 660 et

314 700 619 772 Βουλγάρων
660 701 747 747 καὶ
808 693 960 752 αὐτὸς
1009 694 1034 742 ό
1094 693 1287 741 τούτων
1344 691 1544 761 ἄρχων,
1603 686 1777 745 mea;
1826 694 1916 738 τοῦ
2029 691 2079 742 Β]

1909 694 1916 732 'v
2029 687 2315 755 Bulgarus
2342 704 2561 757 passus
2590 694 2696 755 est,
2724 689 3038 745 dilacerari
3072 691 3377 757 ;nonnulli
3400 694 3580 748 etiam
3604 710 3674 747 ex

316 792 499 853 ῖππου,
557 786 641 838 ἐπὶ
704 786 769 835 τὰ
825 778 1069 854 ἐνδότερα
1127 788 1226 830 τῶν
1288 778 1648 849 Βουλγαρικὼν
1717 774 1918 845 ἐφέρετο
2028 776 2081 849 ip

1909 795 1918 825 ν
2028 776 2173 849 ipsis
2202 778 2363 846 sagis
2398 777 2636 831 omissis
2668 779 2839 849 equis
2870 780 3068 836 calcar
3099 782 3341 851 addere,
3372 784 3475 855 qui
3505 784 3587 837 sic
3614 784 3674 837 in

314 884 525 950 χώρων.
562 870 987 946 Κατεδρύπτοντο
1015 865 1071 921 δὲ
1102 870 1295 919 τούτων
1352 871 1456 925 τόίς
1531 874 1630 916 τῶν
1690 861 1917 936 δένδρων
2029 866 2079 921 fu

1910 885 1917 909 ν
2029 866 2235 935 fugam
2275 867 2396 921 dati
2438 869 2844 922 Romanorum
2886 870 3035 924 ictus
3075 871 3467 927 declinarunt.
3510 874 3675 927 Mane

315 962 530 1025 κλλδοις
577 965 643 1014 τὰ
715 965 990 1034 πρόσωπα,
1083 957 1392 1028 συνηρεφέσι
1470 956 1667 1013 τούτοις
1761 952 1917 1023 ἐμπί-
2028 972 2080 1010 οι

1910 984 1917 992 -
2028 972 2156 1010 cum
2171 955 2362 1010 locum
2379 958 3061 1029 occupassetimperator
3082 962 3124 1030 ι
3143 960 3675 1031 l9etmilitaribus

316 1074 531 1108 πτοντα·
594 1053 619 1103 ὅ
687 1047 754 1107 δὴ
814 1052 903 1100 καὶ
952 1046 1103 1105 αὐτὸς
1164 1046 1191 1095 ό
1281 1043 1569 1114 Βούλγαρος
1652 1044 1915 1097 πέπονθεν,
2027 1060 2081 1100 ο(

1908 1084 1915 1097 .
2027 1046 2214 1117 copiis
2231 1062 2486 1100 vacuum
2510 1047 2915 1118 comperisset,
2935 1047 3190 1104 indoluit
3207 1066 3373 1109 sane,
3399 1050 3502 1105 sed
3528 1066 3673 1121 prae-

316 1143 478 1196 ἾΞνιοι
525 1139 585 1194 δε
663 1140 827 1191 αὐτῶν
909 1142 998 1188 καὶ
1066 1142 1281 1206 γυμνοῖς
1353 1129 1663 1204 έφεστρίδων
1708 1131 1777 1192 εἰς
1825 1135 1918 1188 τὴν
2029 1140 2081 1190 st

1913 1152 1918 1173 ν
2029 1140 2187 1190 stare
2214 1133 2441 1204 aliquid
2471 1134 2633 1189 haud
2662 1136 2871 1205 potuit.
2895 1139 3115 1192 Tamen
3139 1139 3388 1193 consilio
3408 1139 3551 1194 inito
3580 1140 3678 1193 Be-

318 1235 504 1304 ὀχείαν
529 1237 637 1291 τοῖς
670 1230 842 1286 ἵπποις
873 1225 1191 1297 ἐχρήσαντο.
1223 1224 1373 1273 Οὕτω
1412 1229 1535 1291 γοῦν
1568 1232 1569 1235 ‘
1609 1217 1916 1292 διαδράντες
2026 1240 2083 1280 rc

2026 1239 2181 1280 roem
2199 1222 2696 1294 proficiscitur,pri
2708 1240 2918 1295 moque
2933 1244 2960 1280 ρ
2972 1226 3194 1297 ppulsu
3208 1229 3489 1299 oppidum
3505 1229 3681 1299 cepit,

317 1320 724 1384 τὴνῬωμαὶκὴν
765 1315 1026 1385 ἀπέφυγον
1068 1314 1295 1368 σπάθην.
1349 1308 1538 1362 Ἐωθεν
1590 1306 1647 1361 δι
1690 1312 1775 1360 τὸν
1834 1314 1917 1359 τό·
2028 1317 2082 1370 Ν;

2028 1317 2174 1370 Nam
2204 1328 2410 1367 murus
2426 1311 2690 1382 undique
2713 1312 2871 1367 lacer
2900 1322 3205 1370 corruerat
3238 1316 3558 1389 multisque
3582 1335 3683 1391 pa-

320 1429 413 1462 πον
463 1410 667 1480 φθάσας
716 1407 741 1457 ὃ
842 1401 1086 1475 βασιλεὺς
1152 1406 1241 1452 καὶ
1294 1402 1481 1472 ἔρημον
1539 1400 1918 1471 στρατεύματος
2029 1408 2081 1458 te

2029 1401 2189 1458 tebat
2215 1399 2494 1471 hiatibus,
2521 1417 2657 1454 cum
2691 1402 2803 1456 hoc
2834 1418 3076 1474 quoque
3118 1421 3256 1459 cum
3296 1405 3539 1478 reliquis
3569 1410 3686 1462 Ro-

321 1497 676 1569 Βουλγαρικοῡ
737 1488 966 1544 κατιδὼν
1019 1490 1305 1545 λελύπηται
1359 1490 1468 1558 μὲν,
1532 1486 1626 1537 οὐκ
1689 1482 1802 1556 εἶχε
1861 1482 1920 1537 δὲ
2032 1506 2086 1545 m

1910 1506 1920 1537 ε
2032 1506 2351 1545 manorum
2370 1488 2610 1560 oppidis
2630 1506 2665 1544 a
2688 1490 2945 1555 Bulgaro
2970 1492 3095 1547 solo
3115 1499 3423 1565 aequatum
3448 1495 3675 1563 fuisset,

319 1590 419 1638 ὅτι
476 1590 565 1637 καὶ
616 1581 848 1657 δράσειε.
918 1579 1110 1637 Βουλήν
1173 1574 1231 1629 δὲ
1284 1578 1629 1647 ποιησάμενος
1699 1573 1778 1626 ἐπὶ
1826 1580 1920 1632 τὴν
1965 1578 2084 1657 “lit

1965 1644 2003 1657 Π
2032 1578 2163 1633 licet
2189 1578 2424 1649 perticis
2455 1583 2510 1632 et
2535 1578 2709 1645 lignis
2742 1595 2815 1635 ex
2840 1580 3117 1650 plaustris
3142 1583 3359 1637 accolae
3384 1583 3527 1638 illud
3556 1601 3686 1640 mu-

320 1682 511 1747 Βεροην
587 1644 772 1745 χωρεῖ,
850 1668 1059 1721 κάκεῖσε
1151 1663 1210 1719 δε
1268 1664 1539 1737 ἀφιγμένος
1581 1663 1815 1716 αὐτοϐοεὶ
1862 1667 1920 1714 τὸ
1965 1644 2004 1699 Β
2034 1670 2085 1724 ni

1965 1644 2004 1699 Β
2034 1644 2217 1724 niisse
2258 1644 2618 1722 viderentur.
2661 1667 2817 1722 Cibis
2840 1644 3063 1740 itaque
3125 1675 3181 1724 et
3206 1670 3345 1742 equi
3377 1676 3433 1727 et
3473 1673 3687 1729 milites

323 1767 564 1837 φρούριον
592 1760 734 1814 εἷλενσ
798 1758 883 1832 [Ρ.
935 1757 1025 1827 61]
1078 1756 1214 1807 ἇπαν
1270 1774 1371 1827 γαρ
1430 1758 1487 1806 τὸ
1544 1762 1717 1824 τεῖχος
1766 1754 1922 1806 αὐτοῦ
2035 1774 2088 1812 οι

2035 1755 2334 1812 cumulate
2348 1755 2735 1810 abundarunt
2758 1774 2769 1811 :
2790 1758 3084 1828 oppidum
3100 1760 3314 1814 etenim
3334 1760 3688 1828 pabulorum

322 1858 684 1925 κατηρείπωτο
722 1853 811 1900 καὶ
855 1842 1121 1909 διεξέδους
1188 1845 1301 1914 εἶχε
1353 1842 1559 1903 πολλὰς,
1612 1842 1922 1900 κοταϐεϐλη-
2034 1862 2087 1902 οι

2034 1845 2304 1902 omnium
2329 1843 2699 1901 abundantia
2717 1845 3191 1903 circumfluebat.
3228 1851 3493 1904 Fortasse
3510 1851 3690 1907 etiam

324 1946 473 2015 μένον
501 1945 592 1992 καὶ
622 1946 775 1991 τοῦτο
813 1938 956 2010 παρὰ
993 1940 1092 1986 των
1139 1932 1441 2007 Βουλγάρων
1510 1935 1602 1984 σὺν
1654 1940 1763 1992 τοίς
1813 1933 1925 1984 λοι-
2034 1936 2089 1991 in

1915 1963 1925 1972 -
2034 1936 2358 2007 imperator
2390 1932 2634 1988 ulterius
2669 1938 3081 2006 processisset,
3116 1941 3170 1993 et
3226 1937 3383 1994 circa
3410 1939 3680 1996 Haemum

324 2039 440 2092 ποίς
496 2039 594 2082 τῶν
638 2028 958 2099 Ῥωμαϊκῶν,
1044 2025 1261 2093 ἄστεων,
1337 2021 1380 2073 εἰ
1438 2026 1527 2073 xui
1582 2020 1779 2092 κάμαξι
1838 2028 1927 2074 καὶ
2036 2028 2089 2079 et

1924 2064 1927 2073 .
2036 2028 2092 2079 et
2121 2023 2179 2078 in
2208 2039 2278 2079 eo
2298 2022 2407 2077 sita
2428 2023 2653 2095 oppida
2673 2024 3076 2079 incursionem
3118 2026 3350 2082 fecisset
3389 2029 3689 2095 (timorem

324 2127 433 2180 τοῖς
485 2117 538 2180 ἐξ
584 2115 795 2189 αμαξῶν
851 2112 1017 2175 ξύλοις
1084 2108 1299 2163 έδόκουν
1362 2110 1483 2161 αὐτὸ
1544 2116 1926 2184 κατοχυρωσα-
2036 2129 2089 2168 e1

1921 2141 1926 2149 -
2036 2113 2219 2178 enim,
2260 2127 2369 2167 nec
2409 2128 2547 2166 eum
2602 2112 2912 2184 pusillum,
2975 2114 3243 2183 Bulgaris
3310 2117 3686 2185 incusserat),

328 2210 454 2261 σθαι
485 2209 533 2259 oi
554 2206 840 2277 οἰκήτορες.
882 2208 1093 2275 Τροφῶν
1122 2207 1247 2271 γοῦν
1306 2198 1597 2270 ηύμοίρησε
1652 2201 1717 2249 τὰ
1769 2218 1926 2272 στρα-
2035 2202 2093 2257 ni

2035 2201 2149 2257 nisi
2171 2206 2499 2272 tempestas
2532 2202 2857 2272 asperrima
2884 2218 2955 2257 ex
2997 2204 3324 2275 improviso
3354 2206 3691 2278 irrumpens

323 2300 580 2368 τεύματα,
612 2293 761 2345 αύτοί
803 2310 856 2344 τε
922 2294 1011 2341 xui
1060 2291 1109 2341 οὶ
1172 2291 1366 2340 τούτων
1416 2291 1587 2339 ἵπποι·
1639 2285 1927 2344 ἐπέπληστο
2038 2290 2088 2345 in

1924 2314 1927 2333 ι
2038 2290 2327 2361 impetum
2365 2290 2765 2362 ardoremque
2796 2292 3188 2348 restinxisset.
3232 2296 3447 2363 lugens
3471 2297 3689 2351 etenim

321 2388 424 2461 γὰρ
463 2384 852 2457 χορτασμάτων
882 2383 941 2430 *ὁ
970 2378 1124 2431 ἂστυ.
1163 2382 1262 2429 Kui
1324 2379 1447 2446 τάχ’
1504 2378 1564 2427 ἄν
1625 2382 1714 2427 xui
1767 2396 1928 2449 προσ·
2036 2395 2086 2434 Π·

1925 2408 1928 2415 ι
2036 2380 2139 2434 nix
2174 2378 2376 2434 infusa
2425 2383 2592 2433 terras
2639 2379 2851 2435 faciem
2903 2381 3150 2447 obtexit,
3212 2388 3269 2437 et
3310 2383 3369 2438 in
3397 2384 3594 2440 aliena
3621 2402 3690 2441 ac

324 2477 499 2549 ωτέρω
538 2474 597 2524 ἄν
625 2471 945 2542 ἐκεχωρήκει
974 2469 1000 2520 ό
1043 2466 1295 2539 βασιλεὺς
1350 2470 1440 2518 καὶ
1498 2465 1583 2517 ἐπὶ
1635 2469 1721 2517 τὸν
1769 2464 1927 2537 Αἷμον
2038 2468 2089 2523 ht

2038 2468 2232 2523 hostili
2256 2474 2410 2524 terra
2435 2468 2729 2523 exercitus
2773 2472 3072 2526 Romanos
3122 2471 3344 2527 diutius
3375 2472 3694 2529 immorari

323 2566 481 2618 αὐτὸν
510 2568 591 2615 xui
632 2565 697 2614 τὰ
725 2560 773 2613 έν
799 2560 939 2631 αύτῷ
979 2560 1314 2629 τυγχάνοντα
1366 2558 1588 2630 φρούρια
1644 2561 1737 2614 τὴν
1812 2558 1926 2628 ἔφο-
2040 2574 2088 2613 ω

1921 2588 1926 2597 -
2040 2574 2163 2613 non
2191 2558 2347 2630 aequi
2373 2558 2741 2614 consultores
2771 2557 3125 2615 laudabant.
3164 2563 3275 2617 Sex
3328 2561 3527 2633 itaque
3560 2563 3686 2617 dies

322 2651 416 2707 δον
447 2652 717 2709 ἐπεποίητο
766 2650 976 2717 (πτοίαν
1023 2650 1125 2720 γὰρ
1169 2646 1228 2699 ού
1280 2649 1473 2718 μικρὰν
1532 2653 1641 2705 τοῖς
1700 2645 1929 2715 Βουλγά-
2040 2646 2087 2702 it

2040 2646 2123 2702 ibi
2150 2648 2475 2718 imperator
2502 2653 2935 2713 commoratus,
2977 2665 3114 2704 cum
3160 2650 3304 2705 nihil
3356 2656 3697 2723 suppeteret

321 2764 435 2817 ροις
466 2740 733 2806 ἐνέϐαλεν),
768 2739 911 2810 εἰμὴ
954 2742 1154 2809 χειμὼν
1207 2735 1499 2809 βαρύτατος
1530 2734 1709 2806 αῖφνης
1762 2733 1929 2787 ἐπεισ-
2043 2752 2086 2798 δ,

1927 2769 1929 2774 -
2043 2735 2369 2804 agendum,
2400 2736 2603 2791 omnia
2628 2739 2856 2807 Beroes,
2892 2737 3067 2803 viros,
3093 2740 3392 2806 mulieres,
3414 2740 3692 2813 infantes,

324 2837 495 2886 πεσὼν
525 2828 777 2882 ἐκώλυσεν
817 2828 971 2879 αὐτόν
1001 2836 1093 2886 τῆς
1118 2827 1302 2897 ὁρμῆς·
1328 2825 1488 2882 πολλή
1522 2827 1623 2897 γὰρ
1645 2829 1778 2894 χιὼν
1806 2828 1931 2896 πρό·
2044 2841 2089 2896 ρ

2044 2824 2324 2896 pecudes,
2358 2823 2565 2891 boves.
2607 2829 2661 2880 et
2691 2826 2988 2897 quidquid
3017 2827 3149 2883 loco
3181 2829 3405 2884 moveri
3440 2835 3696 2902 poterat,

322 2928 532 2992 τῆςγῆς
585 2922 643 2971 τὸ
696 2921 976 2990 πρόσωπον
1007 2915 1324 2985 έπηλῦγασε,
1360 2919 1448 2965 xui
1479 2916 1536 2964 τὸ
1564 2912 1646 2963 ἐπὶ
1670 2913 1815 2974 ξένης
1842 2918 1932 2965 xui
2044 2913 2083 2968 d

1441 2935 1448 2965 ι
1479 2916 1536 2964 τὸ
1564 2912 1646 2963 ἐπὶ
1670 2913 1815 2974 ξένης
1842 2918 1932 2965 καὶ
2044 2913 2463 2984 depopulatus,
2494 2914 2946 2985 Adrianopolim
2976 2918 3206 2987 repetit,

321 3010 572 3081 πολεμίας
593 3008 944 3077 τὰῬωμαῑκὰ
972 3003 1232 3078 χρονίξειν
1288 3004 1653 3073 στρατεύματα
1683 3001 1740 3053 ού
1772 3002 1925 3063 καλὸς
1953 2998 2123 3054 ἐδόκει
2162 3010 2270 3063 τοῖς
2303 3000 2761 3073 ξυμϐουλεύουσιν.
2804 3002 3027 3076 Ἡμέρας
3062 3002 3148 3056 οὖν
3199 3006 3251 3068 ἓξ
3278 3005 3440 3059 ἐκεῖσε
3472 3006 3697 3081 διακαρ-

287 3127 291 3130 ’
323 3103 553 3172 τερήσας
591 3099 616 3148 ό
650 3094 918 3168 βασιλεὺς,
949 3093 1058 3145 ἐπεὶ
1090 3095 1201 3164 εἶχέ
1225 3113 1276 3144 τι
1307 3092 1473 3165 ἓτερον
1502 3088 1702 3165 δρᾶσαι
1733 3135 1745 3157 ,
1774 3092 1911 3143 λείαν
1941 3095 2005 3143 τὰ
2026 3096 2214 3165 Βερόης
2244 3092 2450 3143 ἅπαντα
2492 3095 2866 3163 ποιησάμενος,
2933 3091 3150 3166 ἄνδρας,
3182 3104 3452 3166 γυναῖκας,
3510 3104 3692 3166 νήπια,

323 3186 582 3262 πρόϐατα,
611 3183 743 3257 βόας
771 3188 861 3236 xui
896 3185 1103 3254 σύμπαν
1143 3180 1264 3233 ἄλλο
1289 3183 1545 3232 κινεῖσθαι
1586 3179 1891 3252 δυνάμενον,
1933 3180 1998 3241 εἰς
2014 3186 2105 3239 τὴν
2133 3176 2412 3253 Ἀδριανοῦ
2442 3186 2535 3239 τὴν
2568 3183 2900 3255 ύποστρογὴν
2930 3182 3232 3241 ἐποιήσατο.

397 3275 497 3337 νζ.
536 3275 757 3328 Ἐκεῖθεν
789 3274 836 3308 ⁸⁸
878 3280 1003 3343 γοῦν
1056 3270 1412 3342 ἐπιλεξάμενος
1463 3268 1730 3340 ἀξιόλογον
1779 3271 1933 3342 στρά-
1978 3270 2017 3324 C
2118 3275 2162 3325 5'

1978 3270 2017 3324 C
2118 3274 2204 3325 57.
2240 3269 2443 3342 Ibique
2482 3270 2793 3326 recollecto
2823 3288 2944 3327 non
2973 3276 3416 3331 contemnendo
3440 3277 3700 3333 exercitu

323 3385 488 3439 τευμα
537 3369 656 3436 περὶ
712 3366 779 3416 τὰ
832 3360 879 3414 έν
931 3356 1175 3432 ’Λχριδῷ
1244 3362 1467 3434 φρούρια
1531 3358 1811 3431 ἐπεπόμφει
1871 3361 1937 3410 τὰ
2047 3374 2088 3414 ἃς

1936 3404 1937 3407 η
2047 3358 2125 3414 ad
2162 3359 2432 3415 Achridae
2462 3360 2707 3431 oppida,
2741 3377 2875 3431 qui?
2908 3363 3091 3434 paulo
3112 3370 3248 3420 ante
3278 3365 3701 3434 Bulgarisube-

322 3459 425 3531 πρὸ
483 3460 674 3531 μικρού
766 3460 875 3514 τοῖς
930 3450 1244 3522 Βουλγάροις
1296 3452 1673 3523 κεχειρωμένα,
1734 3452 1778 3501 εἴ
1827 3470 1937 3510 πως
2046 3464 2087 3520 8η

2046 3452 2278 3520 gerant,
2312 3449 2357 3502 si
2384 3449 2529 3503 forte
2552 3465 2788 3504 rursum
2813 3449 3024 3506 ditioni
3058 3457 3463 3509 Romanorum
3496 3454 3703 3510 redde-

321 3526 413 3598 καὶ
468 3526 615 3604 αὖθις
664 3526 733 3601 τῆ
813 3550 911 3593 τῶν
966 3538 1229 3611 Ῥωμαίων
1278 3539 1561 3609 ύπαχθεῖεν
1629 3537 1794 3611 ἀρχῆ.
1858 3539 1937 3591 Ἐν
2044 3553 2086 3592 rc

2044 3543 2268 3601 rentur,
2309 3539 2351 3607 ι
2366 3538 2482 3609 2ο
2504 3540 2866 3595 transmittit.
2890 3542 3075 3596 Duces
3090 3543 3342 3598 Romani
3356 3560 3494 3599 cum
3517 3543 3702 3616 copiis

320 3633 503 3695 αὐτοῖς
529 3639 653 3705 γοῦν
684 3630 959 3703 ἀφιγμένοι
994 3632 1089 3681 σὺν
1121 3636 1231 3689 τοῖς
1282 3630 1674 3699 στρατεύμασιν
1730 3629 1779 3679 οἱ
1837 3636 1935 3679 τῶν
2046 3642 2081 3682 a

2046 3626 2277 3682 advecti
2309 3628 2621 3682 tormentis
2650 3644 2721 3682 ac
2761 3629 3056 3684 machinis
3097 3628 3253 3685 facili
3300 3634 3538 3701 negotio
3568 3632 3704 3688 loca

317 3723 584 3796 Ῥωμαίων
640 3723 899 3793 ἡγήτορες
973 3721 1334 3791 μηχανήμασί
1428 3736 1482 3769 τε
1530 3722 1619 3768 καὶ
1678 3716 1937 3769 ὓςεπόλεσι
2048 3732 2082 3771 θη

2048 3721 2411 3788 expugnant.
2436 3717 2665 3787 Bulgari
2680 3719 2835 3773 enim
2851 3718 2943 3773 vel
2957 3718 3085 3774 solo
3101 3720 3359 3776 hostium
3376 3728 3702 3795 conspectu

320 3815 447 3890 ῥᾷον
472 3822 573 3865 τῶν
639 3814 896 3885 φρουρίων
957 3810 1327 3881 περιεγένοντο·
1380 3809 1427 3858 οἱ
1496 3806 1782 3878 Βούλγαροι
1846 3810 1937 3859 xui
2047 3822 2085 3860 e‘

2047 3810 2103 3860 et
2139 3804 2489 3860 bellicarum
2546 3822 2744 3861 rerum
2777 3807 3079 3877 conﬂictu,
3144 3809 3373 3865 arcium
3432 3812 3703 3868 custodia

319 3906 423 3977 γὰρ
479 3904 660 3955 θᾶττον
706 3908 805 3952 τῶν
862 3897 909 3950 έν
960 3896 1147 3949 ἄστεσι
1209 3895 1445 3968 φυλακῶν
1502 3893 1931 3966 ἀπαλλάττονται,
2043 3910 2084 3951 n

2043 3894 2331 3963 neglecta.
2366 3894 2571 3963 fugam
2613 3895 2924 3968 arripiunt.
2967 3898 3160 3962 Quare
3200 3914 3390 3970 parvo
3430 3905 3698 3972 tempore

324 3995 370 4047 εἰ
433 3992 711 4064 πολεμίους
759 3991 913 4063 ὁρῷεν
990 3992 1079 4039 xui
1141 3990 1536 4059 μαχιμωτέροις
1591 3985 1937 4057 συμπλακεῖεν
2045 3998 2084 4056 p

1936 4012 1937 4019 ι
2045 3983 2357 4056 potissima
2389 4000 2646 4055 qumque
2669 4001 2876 4040 eorum
2896 3990 3190 4057 occupata
3204 3993 3359 4043 sunt.
3380 3988 3701 4062 Imperator

326 4089 433 4144 τοῖς
459 4084 789 4156 πράγμασιν.
826 4079 905 4131 Ἐν
940 4077 998 4129 ού
1044 4075 1214 4145 πολλῷ
1266 4082 1392 4146 γοῦν
1444 4077 1511 4127 τὰ
1560 4075 1718 4127 πλείω
1771 4075 1936 4127 αὐτῶν
2045 4079 2091 4129 et

2045 4074 2219 4129 etiam
2253 4073 2436 4129 milite
2466 4074 2708 4146 proprio
2740 4082 2946 4131 coacto
3000 4077 3077 4132 ad
3132 4078 3436 4150 Rodopeia
3473 4080 3702 4152 oppida

329 4172 703 4245 ἐχειρώσαντο.
748 4166 903 4222 Ἀλλὰ
955 4172 1044 4218 καὶ
1103 4167 1128 4217 ὁ
1189 4163 1432 4236 βασιλεὺς
1476 4168 1561 4216 τὸν
1624 4169 1742 4237 περὶ
1783 4164 1936 4216 αὐτὸν
2046 4178 2094 4232 gl

1935 4190 1936 4201 ι
2046 4160 2301 4232 gradum
2343 4160 2497 4231 facit,
2540 4162 2812 4234 cepitque
2855 4164 3153 4219 machinis
3196 4165 3424 4221 adactis
3467 4169 3700 4224 Peristi-

333 4264 684 4336 συναθροίσας
698 4259 817 4311 λαόν
836 4256 919 4309 ἐπὶ
941 4259 1006 4308 τὰ
1024 4254 1070 4308 έν
1095 4252 1325 4311 Ῥοδόπη
1348 4253 1483 4312 ἄστη
1517 4260 1814 4329 διεχώρησε.
1838 4260 1938 4308 Καὶ
2048 4256 2098 4307 tz

1935 4297 1938 4306 .
2048 4256 2220 4318 tzam,
2261 4256 2475 4323 postea
2511 4252 2981 4319 Stenimachum,
3025 4254 3272 4309 tandem
3314 4258 3700 4329 Crytzimum,

332 4351 431 4405 ε’ίλε
459 4354 549 4424 μεν
590 4347 937 4422 Περιστίτζαν
973 4352 1078 4405 τοῖς
1108 4349 1488 4417 μηχανήμασι,
1548 4348 1637 4396 καὶ
1690 4345 1800 4416 μετ’
1849 4345 1937 4395 αύ-
2047 4358 2097 4412 pl

2047 4340 2721 4412 propugnaculaomnia
2738 4342 2797 4397 in
2818 4340 3033 4397 faciem
3048 4344 3321 4415 Rodopes
3337 4347 3556 4401 montis
3573 4349 3702 4413 sita,

330 4442 427 4496 τὴν
455 4439 541 4489 τὸν
565 4438 905 4505 Στενίμαχον,
946 4435 1036 4482 xui
1086 4428 1169 4482 ἐπὶ
1217 4432 1422 4490 τούτοις
1477 4433 1563 4480 τὸν
1618 4428 1937 4502 Κρυτζιμόν,
2047 4448 2095 4502 q‘

2047 4446 2183 4502 quas
2244 4435 2400 4485 retro
2440 4431 2636 4501 posita
2674 4432 3037 4487 custodiunt.
3058 4436 3408 4504 Tzepaenam
3464 4452 3707 4509 quoque

333 4526 659 4601 ὀχυρώματα
722 4530 891 4574 ταῦτα
947 4522 1118 4572 πάντα
1166 4524 1256 4571 xui
1288 4519 1353 4579 εἰς
1409 4523 1683 4592 πρόσωπον
1733 4523 1941 4591 κείμενα
2048 4534 2098 4591 p1

2048 4517 2348 4591 profectus
2371 4523 2457 4573 est
2503 4519 2633 4590 ipso
2682 4520 2883 4589 vigore
2904 4520 3139 4576 hiemis.
3176 4524 3390 4579 Verum
3420 4524 3710 4597 lociaspe-

330 4624 424 4670 τοῦ
473 4623 569 4676 τῆς
638 4609 891 4672 Ῥοδόπης
959 4610 1109 4683 ὅρους
1159 4614 1246 4661 xui
1297 4612 1362 4661 τὰ
1411 4608 1580 4661 ὀπίσω
1636 4611 1807 4661 πάντα
1846 4630 1939 4681 φυ-
1982 4630 2022 4683 ι)
2052 4610 2095 4663 ri

1982 4630 2022 4683 ι)
2052 4610 2195 4664 ritas
2229 4624 2297 4663 ac
2339 4609 2616 4680 temporis
2650 4610 2811 4679 rigor
2841 4627 3036 4683 neque
3061 4612 3351 4667 minimum
3382 4614 3443 4669 in
3475 4632 3545 4671 ea
3580 4633 3709 4672 mo-

331 4706 603 4761 λάττοντα.
662 4703 901 4774 Ἀφίκετο
952 4697 1010 4752 δὲ
1066 4704 1155 4751 xui
1210 4699 1282 4760 είς
1333 4698 1623 4760 Τζέπαιναν
1692 4698 1739 4750 έν
1799 4698 1937 4771 ἀκμῆ
2053 4716 2096 4755 r;

2053 4700 2171 4755 rari
2186 4700 2497 4755 concessit.
2525 4700 2641 4755 Sed
2674 4700 2776 4756 ubi
2808 4718 2910 4756 ver
2936 4702 3278 4774 appetebat,
3308 4704 3385 4759 ad
3418 4707 3710 4779 Stratego-

332 4802 613 4868 χειμῶνος·
648 4794 677 4850 ἠ
705 4788 763 4844 δε
804 4798 897 4843 τοῦ
948 4793 1109 4841 τόπου
1167 4785 1455 4862 δυσχωρία
1499 4793 1587 4840 xui
1626 4791 1684 4839 τὸ
1731 4787 1943 4861 ψυχρὸν
2054 4807 2094 4863 ρ

2054 4790 2264 4863 pulum
2306 4790 2575 4846 Alexium
2617 4796 2673 4848 et
2714 4793 3172 4849 Constantinum
3224 4797 3553 4861 Tornicem,
3618 4800 3713 4856 cui

333 4892 428 4938 τοῦ
456 4890 643 4958 καιροῦ
663 4878 789 4934 ούδε
814 4885 1000 4954 μικρὸν
1038 4898 1089 4931 τι
1139 4882 1308 4931 εἰασεν
1370 4877 1417 4930 ὲν
1466 4881 1627 4936 ταύτη
1678 4898 1945 4954 προσκαρ-
2056 4897 2098 4935 Π

2056 4880 2260 4950 magni
2289 4880 2611 4953 primicerii
2669 4882 3024 4952 dignitatem
3098 4883 3427 4956 imperator
3452 4888 3712 4945 Joannes

333 4984 575 5050 τερῆσαι,
626 4973 767 5027 Ἐπεὶ
813 4968 873 5025 δε
933 4973 992 5023 τὸ
1044 4972 1132 5042 ἔαρ
1198 4967 1506 5042 ἐπέλαμψεν,
1562 4971 1948 5042 προστάγματα
2057 4986 2098 5027 ο]

2057 4969 2408 5031 crediderat.
2440 4970 2607 5043 apud
2636 4972 2836 5028 Serras
2859 4972 3209 5029 exsistentes
3241 4978 3297 5031 et
3326 4982 3585 5034 exercitu
3612 4995 3714 5051 po-

333 5068 467 5143 πρὸς
530 5067 616 5118 τὸν
691 5058 1151 5139 Στρατηγόπουλον
1234 5058 1465 5123 Ἀλέξιον
1538 5063 1629 5111 καὶ
1696 5063 1948 5134 Τορνίκην
2059 5064 2098 5115 ιε

2059 5064 2269 5127 tentes,
2302 5059 2730 5117 mandatorum
2770 5059 3041 5117 libellum
3098 5062 3281 5132 dedit,
3314 5069 3379 5122 ut
3423 5066 3485 5123 in
3526 5083 3716 5125 unum

410 5263 458 5298 “
489 5259 535 5315 D
567 5277 580 5317 :
616 5259 861 5315 Κάκεῖθεν
895 5255 1251 5330 ίπιλεξάμενος
1274 5259 1574 5332 στράτευμα
1610 5260 1818 5332 περὶτὰ
1847 5257 1894 5311 ἄν
1916 5256 2168 5346 Ἀχρεδῷ
2218 5261 2441 5335 φρούρια
2484 5257 2844 5346 ἓπεπομφειτά
2874 5263 3198 5336 κρατηθέντα
3224 5264 3323 5316 ύπὸ
3354 5265 3659 5342 Βουλγάρων
3683 5269 3727 5319 εἴ

336 5354 447 5397 πως
480 5338 571 5386 καὶ
601 5329 747 5392 αὖθις
768 5339 827 5389 τῆ
870 5339 970 5382 τῶν
990 5317 1255 5401 Ῥωμαίων
1273 5317 1556 5401 Malea}.
1590 5317 1756 5402 ἀρχῆ.
1787 5317 2098 5423 Ἐκείσσῗὸὖν
2131 5317 2401 5404 ἀφιγμένοι
2440 5335 2488 5384 οἱ
2517 5341 2615 5385 τῶν
2641 5317 2915 5406 Ῥωμαίων
2937 5338 3187 5410 ἡγήτορες
3231 5338 3354 5410 ῥᾷον
3404 5317 3507 5389 τῶν
3558 5317 3725 5423 ξυρου-

382 5411 392 5423 ι
674 5409 682 5420 ι
794 5422 797 5423 ,
866 5411 921 5423 is
1026 5401 1167 5423 \AIA,
1288 5404 1343 5423 ’τι
1402 5408 1422 5423 γι
1510 5399 1551 5423 9‘,
1594 5408 1634 5423 κς
1689 5405 1708 5423 ‘1
1755 5401 1813 5423 ,3
1874 5403 1900 5423 ’ἵ
2192 5420 2241 5423 ,4
2302 5406 2311 5418 ’
2529 5406 2554 5422 ν
2762 5410 2769 5419 ι
2889 5410 2897 5422 ι
2991 5414 3020 5423 κ
3246 5416 3250 5420 η
3365 5410 3382 5423 \
3502 5409 3544 5423 9.
3610 5411 3647 5423 ,ν

336 5411 462 5481 ρίων
482 5409 829 5480 περιεγένοντο
858 5411 957 5455 τῶν
988 5399 1260 5457 πλείστων.
1287 5399 1430 5455 Ἐπεὶ
1499 5399 1556 5455 δὲ
1586 5399 1663 5482 τό
1685 5405 1772 5476 ἔαρ
1795 5401 2076 5482 ἐπέλαμψε,
2112 5399 2493 5475 προστάγματα
2522 5406 2647 5463 ἧκον
2678 5399 2809 5482 πρ-ὸς
2848 5410 2948 5482 τὸν-
2980 5399 3449 5482 ’Στρατηγόπουλον
3502 5399 3727 5473 Ἀλὲξιον

340 5472 391 5531 έν
419 5472 646 5553 Σέρῥαιςξ
679 5479 763 5527 ’ίνα
792 5476 929 5527 κατά
956 5475 1249 5536 Τζεπαίνης
1282 5474 1572 5544 ἀφίκοιντο.
1612 5472 1680 5525 ’Ὀ
1699 5472 1787 5526 καὶ
1809 5472 2073 5532 ἐποίησαν.
2108 5472 2261 5529 Ἀλλὰ
2288 5472 2419 5547 μήτε
2450 5472 2725 5549 πολεμίοις’
2740 5477 2899 5541 ἀξίοις
2931 5472 3296 5554 ἐγκύρσαντες,
3336 5485 3554 5544 κτύποις
3578 5484 3727 5554 ἤχων

339 5543 1044 5625 κερατίνωνὸιαθροηθέντες
1077 5544 1317 5620 ἀκόσμως
1343 5547 1643 5620 ἐχρήσαντο
1669 5556 1731 5606 τῆ
1764 5546 1942 5619 ψυχὴ,
1975 5556 2149 5600 πᾶσαν
2191 5543 2488 5608 ἀποσκευήν
2520 5543 2610 5602 καὶ
2658 5556 2777 5613 τοὺς
2803 5543 3013 5615 πλείους
3058 5543 3174 5605 ¹τῶν
3250 5561 3359 5616 τοῖς
3415 5543 3731 5628 Βουλγάροις

342 5623 708 5682 ἀπολιπόντες.

782 5730 1029 5786 PATROL.
1057 5728 1157 5783 Gn.
1194 5728 1325 5785 CXL
3342 5738 3412 5791 36
