4470 6452
857 401 989 456 1031
2132 400 2415 458 GEORGII
2445 402 2895 459 ACROPOLITAS

850 522 1132 581 universo
1152 523 1336 581 milite
1364 522 1611 581 collecto
1657 529 2011 597 Tzepasnam
2068 526 2500 598 progrederen-
2539 531 2587 584 Α

1367 522 1611 581 collecto
1657 529 2011 597 Tzepasnam
2068 526 2500 598 progrederen-
2539 531 2587 584 Α
2620 535 3026 597 Κωνσταντίνον,
3081 532 3132 580 ὅν

851 616 965 669 tur.
992 612 1166 679 Quod
1195 617 1253 669 et
1277 614 1541 669 exsecuti
1571 618 1732 670 sunt.
1763 613 1876 670 Sed
1906 615 1966 669 in
1994 630 2065 670 eo
2109 620 2329 671 conatu
2357 616 2504 671 mali

851 700 1164 774 copiarum
1213 701 1492 759 ductores
1549 717 1679 758 esse
1726 700 2259 775 deprehenduntur
2316 720 2503 760 :nam

850 805 992 848 cum
1022 806 1223 865 neque
1263 792 1326 848 in
1356 790 1606 848 hostiles
1639 794 1849 864 copias
1902 792 2254 849 incidissent
2307 809 2503 866 neque

4082 411 4219 465 1032

3228 533 3388 600 μέγαν
3460 536 3840 602 πριμμικήριον
3887 532 3913 582 6
3972 530 4217 603 βασιλεὺς

2615 622 2884 689 τετίμηκεν
2926 618 3183 683 Ἰωάννης,
3219 617 3518 689 ἐξέπεμψεν,
3598 618 3647 670 έν
3707 623 3816 679 ταῖς
3870 619 4078 694 Σέρραις
4124 622 4212 673 ὂν-

2612 724 2708 767 τας
2736 709 2910 758 καὶτὸ
2954 702 3307 778 στρατοπεδον
3367 709 3601 778 ἔχοντας.
3668 708 3749 759 ἱνα
3801 713 3894 765 την
3961 714 4212 782 στρατιὰν

2612 802 2785 847 πᾶσαν
2817 814 3195 866 συναγαγοντες
3223 798 3360 847 κατά
3416 804 3511 856 τῆς
3574 799 3867 858 Τζεπαίνης
3920 796 4212 870 ἀφίκοιντο,

847 878 1008 936 viros
1037 894 1141 936 eos
1178 895 1320 936 cum
1356 877 1580 952 quibus
1620 895 1791 936 arma
1829 896 2139 937 conserere
2176 880 2499 948 debebant,

846 972 1080 1026 tantum
1112 968 1277 1025 sonis
1301 972 1359 1025 et
1387 968 1729 1041 strepitibus
1761 969 1980 1026 auditis
2007 970 2359 1042 corneisque
2390 971 2502 1027 fra-

844 1056 1091 1127 goribus
1114 1056 1365 1128 haustis,
1397 1057 1645 1130 turpiter
1663 1073 1792 1113 sese
1830 1059 2214 1129 conjecerunt
2236 1060 2278 1128 1
2293 1060 2344 1128 2
2360 1060 2401 1128 1
2439 1058 2500 1115 in

842 1145 1073 1217 fugam,
1101 1152 1398 1219 apparatu
1420 1148 1587 1203 omni
1606 1146 1823 1203 bellico
1845 1153 1901 1203 et
1921 1163 1991 1203 ex
2023 1148 2193 1220 equis
2224 1147 2497 1220 plurimis

842 1234 1240 1306 Bulgarorum
1267 1236 1614 1308 pastoribus
1640 1252 1711 1293 ac
1728 1237 2014 1309 porcariis
2032 1236 2346 1295 derelictis.
2378 1240 2498 1293 Hac

2610 890 2775 936 Τοῦτο
2810 881 2877 942 δὴ
2911 889 2999 935 καὶ
3020 883 3289 942 ἐποίησαν·
3322 889 3475 936 κακοὶ
3506 881 3565 937 δε
3612 884 3872 956 ἐφανησαν
3930 885 3978 938 έν
4039 890 4207 958 τούτῳ

3603 978 3735 1046 μήτε
3780 977 3879 1047 γὰρ
3951 975 4207 1047 πολεμίων

2609 1060 2947 1136 ἐγκύρσαντες
2978 1070 3250 1135 στρατιαῖς
3294 1068 3425 1133 μήτε
3490 1060 3746 1135 ἀνδράσιν
3804 1062 3964 1126 ἀξίοις
4012 1067 4209 1124 τούτοις

2609 980 2682 1042 τῷ
2738 972 3114 1046 ἐπιχειρήματι
3208 978 3516 1048 στρατηγοῦ

2608 1152 2973 1221 μαχέσασθαι,
3012 1153 3219 1202 κτύπων
3253 1147 3311 1202 δὲ
3342 1156 3431 1203 καὶ
3484 1156 3648 1222 μόνων
3699 1156 3789 1205 καὶ
3844 1152 4024 1225 ψόφων
4079 1152 4181 1211 ἀκη

2605 1245 2780 1300 κοότες
2832 1245 2921 1291 καὶ
3010 1240 3160 1311 ἤχων
3214 1244 3492 1313 κερατίνων
3548 1240 3915 1315 ἀκροσάμενοι,
3965 1240 4208 1314 ἀκοσμως

839 1323 924 1381 illi
951 1326 1181 1382 ratione
1219 1324 1563 1395 fugitantes,
1606 1326 1779 1398 equis
1837 1326 2142 1399 armisque
2208 1325 2493 1382 destituti.

838 1429 1084 1471 rursum
1121 1416 1325 1471 Serras
1391 1430 1733 1488 pervenere.
1794 1417 2112 1488 PrOpterea
2170 1414 2496 1487 imperator

838 1504 930 1561 ira
957 1504 1277 1577 furoreque
1299 1504 1557 1578 percitus
1581 1504 1901 1577 imperavit
1936 1504 2162 1561 eisdem
2192 1509 2256 1560 ut
2286 1504 2491 1571 modo,

831 1610 955 1669 quo
972 1598 1359 1661 recesserant,
1378 1593 1722 1650 conﬂictum
1742 1594 2023 1649 eumdem
2039 1599 2217 1666 atque
2231 1609 2493 1666 pugnam

2436 1611 2493 1648 ,ω
2601 1612 2680 1645 νοι
2707 1590 2965 1664 φυγαδίαι
3012 1600 3271 1665 γεγονότες
3327 1597 3417 1654 τὰς
3474 1593 3661 1669 Σέρῥας
3713 1600 3802 1647 καὶ
3858 1591 4006 1655 αὖθις
4052 1600 4201 1649 κατέ-

832 1684 1198 1757 exciperent.
1234 1685 1309 1740 At
1336 1682 1417 1739 illi
1448 1688 1614 1740 tanto
1646 1683 1891 1739 conatui
1928 1698 2106 1755 pares
2147 1699 2270 1738 non
2302 1687 2489 1737 erant.
2600 1681 2773 1752 λαϐον,

829 1775 920 1846 μεν
950 1772 1040 1826 οὖν
1081 1770 1331 1846 βασιλεὺς
1359 1769 1452 1825 δὶὰ
1471 1780 1636 1825 ταῦτα
1667 1774 1833 1845 θυμοῦ
1864 1775 1955 1845 μεν
1986 1771 2299 1840 ἐπέπληστο,
2328 1776 2418 1823 καὶ
2448 1775 2793 1846 προσέταττεν
2847 1770 2899 1833 ἐξ
2948 1771 3109 1844 ὀργῆς
3170 1771 3358 1833 αὐτούς
3419 1771 3663 1840 ἐκείνους,
3709 1773 3842 1834 ὅπως
3890 1773 3944 1825 ὃν
4006 1776 4203 1846 ἔχοιεν,

827 1860 913 1916 έπί
941 1866 1036 1921 τὴν
1073 1862 1237 1921 αὐτὴν
1267 1866 1357 1915 καὶ
1386 1857 1536 1924 άῦθις
1575 1863 1760 1934 μάχην
1790 1870 2065 1934 χωρῆσαν
2090 1864 2138 1914 οἱ
2160 1858 2218 1915 δὲ
2250 1858 2518 1922 ἀδυνάτως
2553 1859 2699 1932 εἶχον
2738 1868 2827 1921 τῆς
2853 1860 3103 1934 πράξεως.

896 1956 984 2008 58.
1009 1954 1142 2009 Haec
1164 1968 1303 2009 cum
1342 1951 1423 2008 ita
1460 1951 1818 2020 evenissent,
1868 1951 2110 2023 gravius
2170 1950 2485 2023 quippiam
2528 1954 2565 2006 Β

2439 1967 2485 2006 :n
2528 1954 2565 2006 Β
2666 1950 2769 2007 νη¹.
2798 1951 2939 2001 Ἐπεὶ
2962 1946 3020 2001 δὲ
3050 1958 3217 2002 ταῦτα
3262 1950 3309 1985 ⁴⁵
3368 1952 3503 2002 ούτω
3561 1950 3767 2020 ξυνέϐη,
3828 1952 4204 2015 ξυνεπεπτώκει

824 2042 1187 2116 supervenit,
1227 2040 1395 2113 quod
1459 2041 1761 2110 ingentem
1830 2039 2124 2095 adversus
2182 2042 2484 2095 Romanos

820 2148 1049 2191 noxam
1088 2132 1458 2189 minabatur.
1525 2134 1674 2187 Nam
1733 2130 2135 2187 Meleniciotici
2187 2131 2483 2186 exercitus

820 2221 1273 2297 prmfectus,cui
1304 2223 1578 2291 Dragotaa
1606 2236 1827 2277 nomen
1867 2219 1998 2288 fuit,
2032 2224 2086 2275 et
2116 2224 2332 2275 natura
2357 2220 2484 2291 qui-

818 2312 960 2370 dem
1018 2312 1101 2368 uti
1160 2310 1452 2381 Bulgarus
1509 2309 1793 2366 Romanis
1830 2308 2119 2375 infensus,
2158 2313 2215 2364 et
2273 2314 2484 2380 praeter

820 2402 1097 2459 innatum
1111 2400 1318 2457 odium
1341 2404 1586 2473 propter
1600 2400 1897 2454 Joannem
1910 2397 2330 2469 imperatorem
2358 2413 2481 2453 ma-

822 2490 913 2564 gis
942 2506 1013 2547 ac
1046 2490 1243 2561 magis
1265 2490 1499 2545 alienus
1531 2505 1545 2544 :
1574 2503 1841 2560 namque
1863 2487 2128 2557 ingentia
2153 2486 2232 2542 ab
2258 2503 2327 2543 eo
2354 2504 2481 2559 spe-

823 2595 989 2646 rans,
1014 2584 1072 2638 et
1125 2595 1263 2653 quae
1318 2577 1397 2635 ab
1448 2578 1811 2651 imperatore
1862 2578 2091 2633 Joanne
2148 2580 2476 2647 acceperat,

823 2670 1016 2728 multa
1040 2670 1173 2726 licet
1194 2674 1376 2743 atque
1407 2667 1754 2738 magniﬁca,
1786 2666 1952 2722 haud
1990 2668 2139 2722 tanti
2169 2666 2479 2721 aestimans

821 2759 1021 2835 palam
1033 2758 1419 2816 defectionem
1432 2756 1769 2813 meditatur.
1780 2761 1840 2811 Et
1844 2756 1965 2826 jam
1980 2755 2256 2811 omnibus
2272 2771 2302 2810 e
2316 2754 2478 2810 Mele-

820 2848 957 2907 nico
977 2848 1267 2905 militibus
1287 2846 1509 2903 coactis
1528 2845 1803 2918 aliisque,
1829 2846 1872 2915 ι
1888 2845 1999 2914 22
2030 2860 2138 2900 nec
2159 2860 2281 2899 non
2299 2844 2479 2900 etiam

819 2955 893 2996 ex
923 2936 1493 3009 circumjacentibus
1520 2934 1667 2991 locis
1706 2933 1999 3006 plurimis,
2044 2932 2303 2990 Melenici
2338 2949 2481 2988 mce-

816 3027 920 3085 nia
944 3026 1337 3084 circumvenit
1368 3030 1427 3081 et
1462 3022 1777 3081 obsidione
1817 3023 2000 3093 cingit
2029 3028 2086 3078 et
2122 3038 2478 3095 oppugnare

818 3116 953 3173 totis
986 3116 1217 3172 viribus
1255 3114 1581 3171 contendit.
1611 3113 1776 3168 Areis
1806 3111 2076 3167 custodia
2110 3110 2478 3167 demandata

814 3210 1257 3275 eratNestongo
1283 3203 1594 3260 Theodoro
1625 3206 1683 3257 et
1723 3199 1948 3271 Angelo
1977 3200 2217 3269 Joanni,
2260 3202 2337 3256 ad
2369 3200 2477 3256 de-

814 3295 1189 3384 fendendum
1218 3292 1447 3384 oppida
1472 3292 1796 3384 hostesque
1812 3289 2206 3384 debellandos
2236 3290 2475 3384 aptissi-
2518 3330 2556 3384 Ο

2433 3290 2475 3345 i-
2518 3330 2556 3384 Ο
2588 3296 2779 3344 σόντων
2810 3294 2835 3344 ὅ
2862 3310 2915 3343 τε
2944 3296 3238 3361 Νεστόγγος
3267 3286 3542 3363 Θεόδωρος
3572 3292 3703 3343 καὶό
3741 3290 3990 3363 Ἀγγελος
4018 3292 4198 3344 Ἰωάν-

814 3387 956 3447 mis.
982 3383 1285 3457 Oppidani
1314 3382 1450 3438 licet
1477 3380 1831 3438 necessariis
1868 3379 2050 3435 rebus
2074 3379 2470 3451 abundarent,
2523 3376 2556 3384 “

2435 3385 2470 3451 ἰ,
2523 3376 2693 3444 ννης,
2721 3386 2810 3433 καὶ
2859 3379 3137 3454 ἀμφότεροι
3188 3376 3353 3443 δεξιοὶ
3406 3378 3541 3432 ἂστυ
3609 3379 3831 3451 φυλάξαι
3883 3384 3974 3432 καὶ
4035 3379 4199 3433 πολε-

815 3492 992 3551 aqum
1031 3483 1235 3531 tamen
1270 3471 1475 3544 inopia
1511 3470 1896 3538 laborabant,
1963 3470 2169 3525 aestivo
2206 3475 2474 3543 tempore

2431 3486 2474 3527 'e
2584 3475 2733 3542 μίους
2784 3468 3159 3544 ἐκτρέψασθαι.
3210 3469 3581 3544 Ἐστενοχώρει
3630 3465 3690 3521 δε
3746 3473 3861 3529 τοὺς
3907 3465 4054 3521 ἔνδον
4101 3476 4196 3522 τοῦ

820 3582 942 3639 pra:
1001 3562 1226 3620 cmteris
1264 3560 1344 3617 ad
1383 3559 1762 3617 tolerandum
1800 3558 2066 3614 maxime
2104 3558 2364 3614 arduum
2404 3575 2473 3615 ac

2433 3576 2473 3615 .c
2585 3557 2782 3621 ἄστεως
2827 3556 2976 3611 οὐδὲν
3035 3557 3156 3610 ἄλλο
3210 3560 3321 3625 (καὶ
3363 3562 3463 3632 γὰρ
3526 3559 3811 3634 ηύμοίροῦν
3864 3567 3961 3611 τῶν
4003 3578 4198 3634 χρειω-

816 3650 1333 3713 άίῶοἱωωιιωΛΗί
1346 3665 1541 3723 neque
1555 3648 1707 3705 enim
1722 3664 1966 3721 prorsus
1980 3664 2141 3720 aqua
2153 3648 2472 3717 defecerat)

2433 3648 2472 3717 ἱ)
2587 3647 2714 3715 δῶν)
2744 3647 2848 3700 ἀλλ’
2878 3652 2908 3706 ἧ
2939 3651 2968 3705 ἠ
3003 3656 3095 3700 τοῦ
3142 3644 3337 3709 ὕδατος
3395 3644 3568 3701 ἔνδεια
3614 3647 3663 3700 έν
3722 3647 3833 3721 ὥρᾳ
3881 3650 4081 3720 θέρους,
4134 3651 4195 3701 τὸ

817 3744 1043 3803 fortiter
1073 3740 1433 3799 adversariis
1473 3740 1765 3807 resistere,
1805 3737 2033 3808 sagittis
2062 3736 2252 3805 ferire,
2315 3737 2473 3810 lapi-

2430 3738 2473 3793 ἱ·
2585 3737 2994 3809 ἀναγκαιότατον
3023 3746 3123 3789 τῶν
3168 3736 3329 3789 ἄλλων
3379 3739 3474 3789 κᾶν
3516 3745 3577 3796 τῆ
3632 3740 3816 3790 σπάνει
3870 3735 4195 3810 βαρύτατον,

815 3835 966 3893 dum
980 3833 1147 3907 jactu
1175 3831 1568 3896 incessere,et
1604 3828 1879 3885 omnium
1918 3844 2226 3883 armorum
2258 3842 2474 3897 genere

2431 3844 2474 3884 'e
2584 3831 2649 3881 Oi
2682 3825 2738 3880 δὲ
2762 3830 2874 3899 (και
2915 3830 3016 3901 γὰρ
3076 3828 3133 3879 ού
3192 3829 3360 3886 πάντη
3417 3830 3634 3889 τούτους
3679 3830 3738 3879 τὸ
3787 3823 3930 3902 ὕδωρ
3978 3827 4196 3891 ἐξέλιπε)

814 3924 1111 3996 impetum
1143 3919 1456 3975 sustinere.
1486 3916 1711 3973 Horum
1742 3917 1956 3972 certior
1993 3916 2187 3971 factus
2214 3916 2471 3989 impera-

813 4018 906 4071 tor
924 4027 1080 4082 segre
1118 4010 1325 4067 animo
1363 4006 1527 4079 angi,
1558 4012 1616 4063 et
1649 4005 2013 4076 cogitatione
2050 4006 2279 4078 optima
2301 4023 2469 4077 usus,

812 4102 1109 4160 celeritate
1128 4115 1252 4174 qua
1289 4097 1483 4171 potuit
1519 4095 1742 4153 militiis
1779 4096 1841 4151 in
1880 4111 2071 4151 unum
2101 4097 2341 4163 coactis,
2376 4096 2471 4153 die

809 4190 1193 4257 duodecimo,
1221 4192 1346 4245 tam
1376 4186 1544 4243 brevi
1568 4185 1854 4258 temporis
1885 4185 2079 4258 spatio
2102 4190 2334 4241 tantum
2364 4186 2473 4242 iter

2605 1326 2904 1402 έχρήσαντο
2933 1336 2995 1399 τῇ
3058 1336 3218 1400 φυγῇ,
3280 1327 3461 1401 [Ρ.62]
3535 1336 3710 1382 πᾶσαν
3762 1329 4059 1388 ἀποσκευὴν
4116 1336 4208 1384 καὶ

2601 1420 2717 1475 τοὺς
2754 1415 2963 1476 πλείους
3013 1423 3112 1466 τῶν
3177 1417 3345 1467 ἵππων
3366 1423 3470 1476 τοῖς
3531 1422 3747 1489 ποιμέσι
3807 1422 3896 1469 καὶ
3943 1416 4209 1480 συϐῶταις

2604 1513 2701 1555 τῶν
2758 1504 3064 1578 Βουλγάρων
3139 1504 3521 1565 καταλιπόντες.
3620 1502 3723 1557 Οὖν
3928 1504 4016 1559 οὖν
4073 1505 4206 1560 έκεῖ-

2863 1684 3030 1733 ῖππων
3092 1688 3181 1734 καὶ
3255 1682 3420 1734 ὃπλων
3488 1688 3677 1755 γυμνοὶ
3737 1686 4113 1755 τυγχάνοντες.
4144 1684 4203 1737 Ὀ

2596 2044 2685 2091 καὶ
2714 2058 2765 2091 τι
2804 2048 2903 2091 τῶν
2934 2038 3255 2113 βαρυτέρων,
3286 2044 3373 2092 καὶ
3402 2040 3590 2099 πολλὴν
3617 2046 3711 2099 τὴν
3750 2044 3887 2093 κατά
3929 2050 4029 2093 τῶν
4071 2042 4202 2094 Ῥω-

2595 2133 2761 2201 μαίων
2795 2126 2996 2200 βλάϐην
3024 2128 3356 2183 ἐπαπειλοῦν.
3386 2128 3445 2181 Ὀ
3481 2132 3582 2201 γὰρ
3616 2137 3709 2182 τοῦ
3768 2130 4203 2184 Μελένικιωτικού

2593 2218 2935 2291 προεξάρχων
2996 2221 3401 2290 στρατεύματος,
3455 2221 3737 2292 Δραγωτοῖς
3796 2223 4042 2293 τοῦνομα,
4112 2226 4204 2273 καὶ

2594 2310 2746 2379 φύσει
2820 2310 2910 2379 μὲν
2977 2310 3044 2368 ὡς
3103 2307 3396 2382 Βούλγαρος
3484 2304 3732 2361 δύσνοιαν
3812 2314 4007 2382 τρέφων
4065 2312 4205 2362 κατὰ

2591 2396 2874 2468 Ῥωμαίων,
2912 2398 2987 2448 ἔτι
3040 2392 3097 2448 δὲ
3154 2397 3303 2448 πλέον
3352 2400 3483 2469 φέρω
3535 2404 3627 2449 τοῦ
3686 2405 3908 2469 φυσικοῦ
3962 2395 4056 2451 διὰ
4106 2402 4203 2457 τὴν

2590 2489 2716 2559 πρὸς
2747 2489 2833 2537 τὸν
2895 2484 3121 2557 βασιλέα
3172 2484 3456 2557 ἀπέχθειαν
3508 2486 3717 2556 (ἢλπισε
3770 2490 3871 2559 γὰρ
3947 2486 4001 2550 ἐξ
4037 2488 4202 2541 αὐτοῦ

2591 2574 2823 2647 μεγάλων
2851 2581 3053 2645 τυχεῖν·
3089 2571 3213 2626 οὐδὲ
3238 2578 3339 2647 γὰρ
3379 2577 3569 2648 ἔκρινεν
3628 2574 3750 2637 ἀξια
3803 2579 3868 2628 τά
3918 2578 4063 2650 παρά
4107 2583 4200 2629 τοῦ

3482 2669 3831 2739 κεκορημένα,

3234 2752 3563 2805 ἀποστασίαν
3643 2756 3859 2828 φανερὰν
3924 2754 4201 2827 μεμελέτη-

2592 2662 2853 2736 βασιλέως
2901 2664 3135 2716 Ἰωάννου
3216 2662 3388 2735 ἐκείνῳ
3482 2669 3831 2736 κεκορημένα,
3914 2670 4202 2719 καὶταῦτα

2588 2753 2751 2805 πολλά
2802 2772 2980 2825 γεγτνη
2986 2754 3155 2825 μένα),

2587 2863 2690 2897 κεν.
2726 2849 2825 2897 Kal
2867 2840 2934 2902 δὴ
2970 2846 3167 2905 πάντας
3195 2842 3317 2905 τούς
3345 2842 3393 2896 ἐν
3424 2844 3681 2917 Μελενίκῳ
3723 2847 3836 2915 (24)
3888 2850 4199 2917 συναγαγὼν

2592 2937 2915 3006 στρατιώτας
2947 2953 2999 2986 τε
3028 2938 3117 2985 καὶ
3146 2932 3376 3004 λοιπούς,
3408 2935 3483 2985 ἔτι
3514 2930 3573 2986 δε
3614 2939 3706 2987 καὶ
3735 2932 3920 2996 ἄλλους
3956 2934 4200 3007 παμπόλ-

2585 3022 2704 3085 λους
2735 3022 2789 3074 ἐκ
2815 3032 2914 3075 τῶν
2947 3022 3097 3096 πέριξ
3127 3030 3338 3095 χωρῶν,
3385 3024 3706 3095 παρεκάθισε
3766 3030 3855 3075 τοῦ
3922 3023 4201 3076 Μελενίκου

2587 3115 2644 3163 τὸ
2675 3110 2811 3163 ἆστυ
2839 3118 2925 3164 καὶ
2962 3110 3248 3182 ἐπολιόρκει
3280 3120 3433 3163 τοῦτο
3487 3116 3577 3163 καὶ
3636 3112 3906 3183 ἐφιλονίκει
3963 3114 4198 3187 πορθεῖν.

2583 3201 2756 3253 Ἦσαν
2789 3198 2822 3253 δ
2826 3205 2846 3253 ὲ
2877 3199 2924 3252 ἐν
2956 3202 3122 3271 τούτῳ
3144 3208 3213 3270 τῷ
3242 3198 3389 3252 ἂστει
3415 3204 3821 3273 προτεταγμένοι
3850 3209 3950 3253 τῶν
3994 3201 4199 3273 φυλασ-

2581 3926 2838 3992 καρτερώς
2868 3916 3040 3979 τοίςέν
3072 3915 3248 3978 έντίοίς
3301 3916 3609 3970 ἀνθίσταντο
3658 3921 3748 3969 καὶ
3809 3916 4007 3979 ὀϊστοῖς
4050 3916 4199 3969 ἔϐαλ-

2580 4008 2665 4060 λον
2724 4013 2813 4060 καὶ
2868 4008 3034 4069 λίθοις
3082 4006 3364 4081 ἐτίτρωσκν
3418 4012 3507 4060 καὶ
3558 4014 3719 4060 πᾶσιν
3794 4006 3964 4069 ἄλλοις
4011 4006 4196 4070 ὃπλοις

2582 4098 2870 4172 ἐμάχοντο.
2908 4096 3189 4151 Τούτωνέν
3248 4097 3498 4173 ἀκροάσει
3554 4102 3890 4171 γεγενημένος
3944 4100 3970 4151 6
4028 4096 4202 4171 βασι-

2579 4187 2691 4250 λεύς
2744 4185 3019 4263 δυσφόρως
3066 4192 3160 4246 τὴν
3220 4186 3380 4246 ἀκοὴν
3430 4189 3631 4259 ἤνεγκε,
3667 4186 3865 4261 βουλὴν
3938 4184 3998 4240 δε
4069 4186 4203 4261 βον-

881 4309 903 4345 δ
928 4310 991 4364 D:
1022 4310 1124 4361 Kal
1149 4307 1175 4359 6
1202 4312 1293 4357 τοῦ
1322 4303 1755 4380 Μελενικιωτικοῦ
1787 4298 1846 4355 δε
1866 4301 2208 4380 προεξᾲρχων
2243 4306 2633 4380 στρατεύματος
2657 4312 2933 4380 Δραγωτᾶς
2955 4305 3182 4377 τοῦνομα
3213 4302 3543 4357 ἀποστασίαν
3575 4307 3794 4380 φανερὰν
3823 4302 4193 4380 μεμελέτηκεν,

808 4385 899 4434 καὶ
939 4379 1521 4451 συναγαγὼνγστρατιάν
1547 4376 1794 4451 πλείστην
1814 4374 2135 4451 παρεκάθισι
2172 4374 2802 4451 ᾖῙελένικονςἙφύλαττον
2831 4374 2889 4428 δὲ
2919 4374 3159 4451 τουτονο
3196 4382 3493 4451 Νεστόγγος
3524 4374 3797 4451 Θεόδωρος
3824 4374 3913 4451 καί
3939 4377 3965 4427 6
3988 4375 4191 4451 Ἀγγε-

810 4454 895 4517 λος
925 4443 1183 4518 Ἰωάννης,
1211 4450 1260 4501 οῖ
1296 4443 1387 4501 καὶ
1416 4454 1658 4530 γενναίως
1690 4443 1951 4518 ἀντεῖχον.
1982 4444 2039 4529 ’φ
2072 4443 2130 4498 δὲ
2160 4446 2407 4529 βασιλεὺς
2438 4448 2507 4509 εὶς
2532 4443 2713 4522 Σέρρας
2741 4448 2974 4520 ἀφίκετο,
3007 4455 3096 4500 καὶ
3140 4449 3247 4500 ἐπεὶ
3277 4443 3568 4500 ἐκπέπυστο
3611 4443 3717 4506 τῆν’
3748 4456 3839 4500 τοῦ
3890 4443 4193 4500 Ῥουπέλίου

812 4522 1149 4598 δυσχωρίαν,
1182 4522 1301 4573 καθ’
1327 4521 1388 4580 ἦν
1415 4518 1440 4571 ὀ
1471 4524 1706 4592 ποταμὸς
1732 4518 2101 4606 Στρύμωνρεῖ,
2136 4518 2457 4606 Βουλγαρικῆ
2486 4518 2835 4592 φυλαττέσθαι
2860 4527 3100 4593 στρατιᾷ,
3124 4522 3174 4572 οῖ
3202 4526 3289 4573 καὶ
3310 4520 3475 4581 πύλας
3499 4520 3546 4572 ἐν
3570 4520 3755 4581 αύταῖς
3779 4522 4194 4606 κατεσκεύασαν,

816 4587 1026 4654 σποδδῆ
1059 4587 1178 4669 περὶ
1217 4596 1304 4645 τὸν
1331 4592 1494 4645 έκεῖσε
1519 4587 1696 4664 χῶρον
1728 4587 1956 4671 ἀφίκέτο.
1984 4587 2283 4671 ’ξὶτςοκόῲας
2304 4587 2389 4671 οὖν
2424 4587 2672 4665 στρατιαν
2704 4587 3019 4671 πεζαιτέρων
3051 4587 3177 4664 ὑπὲρ
3217 4592 3442 4671 κεφαλῆς
3464 4600 3562 4644 τῶν
3589 4591 3907 4671 βουλγὰρων-
3939 4587 4193 4671 βαδίζειν

810 4670 882 4731 εἰς
916 4671 975 4721 τὸ
998 4659 1782 4741 ὀρος’προστέταχεν,”ὶππεύσι
1809 4659 1867 4715 δὲ
1893 4662 2008 4713 κατ’
2032 4662 2153 4741 εὐθύ
2180 4659 2277 4713 τῶν
2293 4659 2586 4741 πυλώντῆν
2619 4672 2782 4718 ποιεῖν
2815 4659 3090 4720 ἐκέλευσεν.
3131 4659 3229 4716 Kal
3277 4659 3384 4717 ἐπεὶ
3431 4660 3672 4716 κατεῖδον
3704 4659 3752 4716 οἱ
3793 4659 4075 4741 Βούλγαροι
4137 4664 4195 4717 ἐκ

813 4688 882 4731 εις
916 4686 975 4721 το
998 4686 1111 4741 ορος
1140 4684 1401 4740 προστετα
1452 4684 1519 4727 εν,
1565 4684 1782 4716 ιππευσι
1809 4684 1867 4715 σε
1893 4684 1990 4713 κατ
2032 4684 2153 4715 ευου
2180 4684 2277 4713 των
2302 4684 2471 4714 πυΑων
2499 4684 2586 4722 την
2619 4684 2782 4718 ποιειν
2815 4684 3090 4720 κεκελευσεν.
3131 4684 3229 4716 nar.
3277 4684 3384 4717 επει
3431 4684 3672 4716 κατειοον
3704 4684 3752 4716 οι
3794 4684 3920 4717 noua
3961 4684 4075 4735 αροι
4137 4684 4193 4717 εκ

813 4744 904 4814 μεν
933 4738 1124 4792 ἄνωθεν
1146 4737 1355 4798 οἰστούς
1385 4684 1691 4814 βξιλλοντας,
1721 4738 2064 4814 κατεναντίον
2080 4731 2139 4787 δέ
2175 4731 2434 4814 σταδαίαν
2457 4756 2618 4788 ουσαν
2632 4741 2741 4814 Δτὴν
2771 4739 2977 4807 μάχην,
3004 4737 3087 4814 εἰς.
3102 4740 3270 4814 φυγὴν
3302 4739 3603 4814 ετράποντο.
3634 4740 3735 4788 Καὶ
3780 4738 3868 4814 τὸ.
3908 4684 4193 4814 βασιλικὸν

814 4804 1046 4885 ἶφείπετο
1088 4804 1411 4885 στράτευμα,
1442 4812 1531 4859 καὶ
1558 4806 1775 4867 πολλοὺς
1807 4808 2010 4885 σπάθης
2040 4809 2186 4879 ἔργον
2219 4806 2503 4885 έποίησαν,-
2518 4811 2586 4859 Ωί
2619 4804 2896 4885 δέελοιποὶ
2922 4813 3016 4865 τὴν
3056 4804 3309 4880 βασιλέως
3334 4804 3520 4885 ἔφοδον
3544 4815 3650 4869 τοῖς
3684 4804 3992 4885 ψυλγάροις
4011 4806 4191 4879 ἀπήγ-

810 4876 1009 4958 γειλαν,
1045 4885 1096 4935 οἳ
1118 4876 1204 4933 καὶ
1232 4876 1673 4958 διαταραχθέντες
1704 4882 1770 4958 ως
1811 4876 1954 4949 εἶχον
1985 4876 2191 4949 ἔφυγον.
2223 4878 2437 4958 ⁹Ιξπειδὴ
2473 4877 2531 4931 δὲ
2555 4880 2647 4958 νύξ
2687 4876 2746 4937 ἦν
2770 4879 3011 4958 ἀσέληνος
3038 4876 3099 4937 τῆ
3126 4888 3261 4958 Ἧυγῆ
3292 4876 3381 4931 καί
3413 4876 3688 4953 δυσχερὴς
3714 4880 3739 4930 6
3769 4876 4079 4958 τόποςβνιοι
4100 4876 4193 4950 μὲν

812 4948 1026 5010 ἔπιπτον
1056 4964 1155 5007 τῶν
1179 4955 1368 5019 ἳππων,
1394 4948 1565 5024 ’ἕτεροι
1596 4948 1630 5003 δ
1637 4952 1647 4969 '
1678 4948 2398 5026 αύτούςκαταπάτουνρλλοι
2424 4960 2523 5002 τῶν
2555 4949 2871 5024 ἑφεστρίδων
2899 4948 3370 5024 ἀπεσφενδονούντο
3419 4948 3558 5003 κατᾶ
3591 4948 3923 5026 κρημνῶν,ὠς
3981 4948 4195 5026 ολίγους

812 5026 1147 5086 διασωθῆναι
1185 5025 1256 5088 εἰς
1296 5018 1390 5084 τὴν
1418 5018 1742 5100 Βούλγάρων.
1772 5028 1871 5100 [Cal
1897 5024 1922 5074 6
1945 5018 2496 5100 Apa'ym‘raigd‘slm‘rwv
2518 5018 2673 5100 ποσὶν
2703 5018 2838 5075 ἅπαν
2864 5028 2921 5075 τὸ
2948 5018 3101 5098 σῶμα
3128 5024 3499 5093 συντέθλαστο,
3531 5018 3632 5092 καί
3652 5018 3888 5100 τριταῖος
3907 5024 4003 5082 τὴν
4026 5018 4195 5075 αύτοῦ

807 5102 995 5175 ψυχήν
1036 5100 1375 5173 ἐξεφύσησεν.
1410 5096 1470 5149 Ὀ
1498 5092 1628 5169 γοῦν
1646 5092 1898 5169 βασιλεὺς
1919 5092 1990 5146 τό’
2009 5092 2146 5147 ἄστυ
2177 5094 2486 5147 καταλαϐὼν
2514 5094 2774 5157 ἀσπάσιος
2796 5096 2964 5169 ὤφθη.

1693 5273 2037 5344 Theodori
2085 5275 2336 5343 Dousa:
2386 5283 2454 5342 et
2501 5274 2751 5343 Leonis
2800 5274 3035 5343 Allatii
3085 5284 3288 5343 notae.

2579 5465 2682 5521 ubi
2692 5466 2753 5521 in
2770 5467 2945 5536 longe
2956 5465 3419 5522 munitissimum
3435 5464 3744 5521 castellum
3757 5465 3995 5522 nomine
4010 5463 4197 5521 Mele-

2578 5540 2780 5593 m'cum
2803 5539 2953 5609 conf
2951 5546 3224 5607 ugerunt.
3244 5538 3507 5609 Bulgari
3534 5553 3682 5594 saxo
3695 5538 3875 5594 situm
3890 5553 3963 5593 ac
3982 5537 4197 5606 praci-

2575 5610 2741 5680 piliz’s
2755 5627 2821 5665 ac
2836 5611 3095 5666 vallibus
3112 5611 3419 5666 altissimis
3442 5610 3705 5682 undique
3730 5612 4196 5682 ειησιιιηιλαγοτ

2580 5679 2677 5749 ἁρὴ
2709 5688 2892 5735 Μυσία
2919 5684 3131 5753 Nysia,
3158 5682 3263 5740 ubi
3292 5685 3532 5739 Haemus
3564 5679 3763 5751 mons,
3799 5688 3861 5740 ut
3903 5687 3994 5740 est
4020 5679 4198 5754 apud

2582 5758 2873 5812 Nicetam.
2918 5755 3137 5811 Dousa.

879 5473 991 5546 (24)
1034 5473 1135 5527 Est
1171 5467 1443 5546 Μελενικος
1466 5466 1700 5546 _civitas_
1741 5482 1866 5546 n_on
1892 5465 2106 5546 "longe
2142 5483 2179 5523 a
2215 5466 2467 5523 Thessa-

805 5538 1027 5603 lonica.
1053 5542 1340 5613 Georgius
1369 5539 1669 5613 Cedrenus
1688 5539 1747 5595 in
1773 5538 1988 5613 Basilio
2010 5539 2464 5613 Bulgaroctono,

855 5619 912 5674 ui
934 5619 1093 5693 circa
1109 5612 1338 5693 annum
1361 5612 1846 5693 lOlOimperavit,
1870 5612 2012 5693 dicit
2041 5612 2469 5693 imperatorem

809 5682 969 5745 έλθεῖν
1034 5688 1106 5752 εἰς
1170 5690 1236 5741 τὰ
1293 5691 1546 5759 Ζαγόρια,
1580 5682 1735 5759 Γένθα
1772 5688 1831 5736 τὸ
1905 5682 2019 5759 λίαν
2130 5682 2469 5759 δχ-υίιζώτατον

804 5761 1024 5840 ἵδρυται
1098 5762 1342 5835 φρούριον
1378 5755 1445 5811 ’6⁷
1501 5755 1798 5827 Μελένικος,
1862 5757 2089 5814 venisse
2127 5755 2209 5813 ad
2237 5755 2471 5827 Zagori
