4470 6452
252 414 396 470 1133

1770 398 2119 457 ANNALES.

3486 407 3622 460 H34

256 534 565 597 λευσάμενος
598 536 691 589 τήν
719 529 964 605 ἀρίστην.
997 530 1065 588 ὡς
1113 524 1224 597 εἶχε
1249 528 1469 596 τάχους,
1535 524 1669 575 ἅπαν
1748 522 1858 584 ξυν-
1896 527 1941 577 Α
1974 538 2021 577 ei

1852 553 1858 561 -
1896 527 1941 577 A
1974 538 2272 587 emensus,
2309 527 2593 596 tantoque
2634 527 2893 583 exercitu
2920 528 3160 584 stataria
3190 531 3361 583 sueto
3388 542 3617 599 pugna,

260 629 516 695 αγηοχὼς
578 625 635 674 τὸ
692 616 1046 693 στρατόπεδον
1112 613 1463 675 δωδεκαταῖος
1522 617 1609 673 τάς
1675 613 1861 687 Σέρρας

260 715 540 785 πέφθακεν,
581 711 631 765 έν
683 710 839 780 ὀλίγῳ
891 712 1068 780 χρόνῳ
1112 708 1372 762 τοσαύτην
1421 700 1675 764 διανύσας
1739 699 1862 754 ὁδόν

262 806 354 854 καὶ
400 808 649 853 τοσοῦτον
728 797 1036 869 έπαγόμενος
1122 796 1439 866 στράτευμα,
1534 800 1649 853 ταῖς
1730 794 1864 843 κατὰ

1122 796 1439 866 στράτευμα,
1534 800 1649 853 ταῖς

267 888 507 948 συτάδην
554 889 845 959 εἰθισμένον
909 887 1132 957 μάχαις,

264 985 354 1032 καὶ
408 980 584 1039 ἵπποις
663 978 1015 1050 φορταγωγοίς

266 1068 444 1127 ἄλλαις
497 1066 813 1125 ἀποσκευαῖς
874 1064 1316 1135 συγκροτούμενον
1377 1065 1465 1112 καὶ
1523 1061 1866 1132 περιφραγνύ-

268 1176 439 1229 μενον.
494 1156 634 1209 Ἐπεὶ
688 1150 747 1206 δὲ
813 1157 975 1225 μχρι
1028 1150 1220 1225 Σερρών
1280 1154 1610 1213 κατηντήκει,
1682 1148 1865 1199 αὐτόθι

271 1242 732 1318 διανυκτερεύσας,
773 1242 883 1314 οἶμα
941 1244 1079 1314 πρωί
1136 1242 1199 1291 τά
1253 1240 1618 1312 στρατεύματα
1684 1256 1866 1289 συντα-

271 1335 483 1407 ξάμενος
530 1338 619 1385 καὶ
694 1336 816 1393 τοὺς
870 1331 1207 1402 πεζαιτερους
1263 1334 1352 1381 καὶ
1431 1328 1738 1400 τοξοφόρους
1786 1329 1870 1397 ἔμ-

271 1426 498 1498 προσθεν
557 1421 754 1495 βαίνειν
825 1419 1274 1491 ἐγκελευσάμενος,
1353 1415 1555 1487 ἐπείπερ
1610 1417 1869 1467 ἐπέπυστο

270 1517 368 1570 τήν
424 1520 516 1563 τού
562 1509 821 1563 Ῥοπελίου
867 1505 1199 1580 δυσχωρίαν,
1269 1507 1385 1557 καθ’
1443 1509 1504 1563 ἣν
1570 1506 1595 1556 ό
1643 1506 1871 1574 ποταμός

1244 882 1419 943 ὅπλοις
1502 884 1863 953 κατάφρακτον

1093 969 1448 1043 διοικούμενον
1528 976 1617 1022 καὶ
1672 972 1865 1030 πάσαις

274 1605 516 1673 Στρυμὼν
562 1600 641 1673 ῥεῖ
718 1595 847 1650 δυσὶ
933 1596 1322 1667 συγκλειόμενος
1369 1598 1539 1668 ὄρεσιν
1598 1596 1664 1654 ὡς
1718 1597 1871 1664 μόγις

272 1690 476 1762 ἄμαξαν
500 1686 592 1742 διά
622 1691 818 1749 ταύτης
849 1689 1121 1759 ἔρχεσθαι,
1172 1692 1266 1736 τοῦ
1319 1691 1557 1755 ποταμοῦ
1610 1683 1871 1734 στενωτά-

270 1799 368 1836 την
403 1778 823 1853 ἀπεργαζομένων
843 1780 938 1833 τήν
987 1771 1169 1826 δίοδον
1217 1773 1544 1845 (κλεισούρας
1594 1775 1709 1831 τούς
1764 1790 1872 1822 τοι-

273 1870 460 1928 ούτους
506 1873 696 1926 τόπους
737 1867 764 1917 ό
810 1864 964 1924 πολύς
1010 1863 1353 1935 κατονομάζει
1407 1862 1572 1933 λαός),

271 1964 393 2031 ρικῆ
426 1955 777 2029 φυλάττεσθαι
814 1958 1037 2028 στρατιᾴ
1076 1954 1268 2004 ἱππέων
1299 1954 1387 2022 μὲν
1432 1950 1615 2021 ὀλίγων
1649 1947 1727 2021 [Ρ.
1761 1948 1871 2019 63],

273 2046 443 2106 πεζῶν
484 2042 544 2098 δι
601 2043 797 2097 πολλῶν
848 2044 921 2114 (οἱ
969 2046 1067 2115 γὰρ
1128 2040 1412 2111 Βούλγαροι
1463 2045 1551 2092 καὶ
1609 2038 1773 2099 πύλας
1829 2036 1877 2087 ἐν

275 2135 461 2194 αὐταῖς
506 2136 895 2186 κατεσκεύασαν
948 2130 1173 2203 μοχλοῖς
1228 2135 1316 2181 καὶ
1397 2128 1652 2201 κλείθροις
1707 2128 1879 2199 ἠσφα-

275 2224 546 2297 λισμένας,
592 2226 659 2284 ὡς
716 2220 907 2294 ἄμαχα
968 2224 1169 2281 τούτοις
1243 2220 1295 2281 ἐξ
1339 2218 1636 2291 ἀμφοτέρων
1678 2218 1882 2287 τυγχά-

278 2334 399 2379 νειν,
430 2322 525 2374 τῆς
552 2332 606 2365 τε
637 2308 924 2374 δυσκολίας
966 2318 1056 2363 τοῦ
1117 2315 1278 2362 τόπου
1334 2314 1423 2361 καὶ
1476 2316 1566 2368 τῆς
1614 2311 1885 2378 γεγενημέ-

279 2424 370 2465 νης
398 2404 521 2479 παρ’
553 2404 717 2455 αὐτῶν
758 2404 1078 2477 προμηθείας
1130 2410 1227 2463 τῆς
1275 2400 1461 2463 λοιπής
1518 2399 1879 2472 όχυρώσεως),

282 2493 392 2547 ἐπεὶ
468 2501 636 2546 ταῦτα
709 2493 871 2553 οὕτως
952 2494 1092 2564 ἔχειν
1165 2491 1478 2563 ἐμεμαθήκει
1528 2491 1553 2541 ό
1613 2487 1881 2562 βασιλεὺς,

287 2579 495 2643 σπουδή
532 2582 614 2635 ἐπὶ
636 2586 722 2635 τόν
761 2581 926 2634 ἐκεῖσε
956 2587 1109 2634 τόπον
1143 2580 1349 2653 ἀφῖκτο.
1401 2577 1530 2655 Εὗρε
1585 2576 1642 2631 δε
1698 2580 1765 2630 τὰ
1840 2575 1885 2628 ἐν

286 2673 425 2743 αύτῷ
488 2674 721 2747 καθάπερ
780 2671 1058 2724 ἐπέπυστο.
1121 2669 1418 2741 ’Λποκόψας
1469 2666 1557 2722 οὖν
1630 2676 1724 2729 τῆς
1788 2674 1888 2718 τῶν

284 2762 604 2835 πεζαιτέρων
648 2766 899 2832 στρατιᾶς
938 2763 1059 2811 ὅσον
1105 2756 1165 2817 ἦν
1232 2759 1369 2821 εἰκός
1419 2760 1714 2830 σύνταγμα,
1762 2756 1889 2829 ὑπὲρ

288 2850 513 2923 κεφαλῆς
538 2858 637 2901 τῶν
670 2848 974 2923 Βουλγάρων
1024 2845 1269 2920 βαδίζειν
1315 2848 1384 2910 εἰς
1438 2851 1496 2899 τό
1563 2851 1681 2921 ὅρος
1728 2862 1893 2918 προσ-

288 2943 531 3011 τέταχεν,
565 2940 635 3000 ὡς
664 2940 725 2989 ἄν
778 2937 831 3001 ἐξ
874 2934 1189 3010 ὑπερδεξίων
1238 2941 1354 2997 τοὺς
1386 2936 1712 3008 Βουλγάρους
1770 2931 1896 3005 βάλ-

289 3029 451 3083 λωσιν
490 3028 542 3092 ἐξ
579 3027 910 3100 ὑψηλοτέρων
956 3035 1055 3079 τῶν
1108 3032 1277 3080 τόπων
1334 3026 1381 3079 ἐν
1436 3034 1541 3087 τοῖς
1598 3022 1895 3097 χθαμαλοῖς

293 3119 515 3181 ἐκείνους
536 3119 916 3189 τυγχάνοντας.
940 3118 1006 3168 Οἱ
1037 3113 1097 3169 δι
1137 3118 1321 3169 θᾶττον
1348 3115 1551 3168 ἐποίουν
1602 3117 1669 3166 τὰ
1735 3130 1896 3185 προσ-

1971 612 2153 667 armis
2191 612 2660 686 circumquaque
2683 618 2937 682 munito,
2962 618 3134 689 equis
3164 618 3450 673 onerariis
3482 632 3624 688 pro-

1968 701 2118 764 viso,
2151 702 2315 757 omni
2335 701 2452 756 alio
2474 708 2769 774 apparatu
2795 710 2974 777 atque
3006 712 3221 761 ornatu
3252 705 3503 761 visendo
3531 705 3625 759 ﬁr-

1970 796 2135 845 mato
2195 790 2613 864 obvallatoque
2674 795 3018 864 instructus,
3090 796 3290 851 Serras
3332 795 3626 862 advenit;

1971 884 2148 952 atque
2174 881 2256 935 ibi
2278 897 2415 936 cum
2457 889 2882 953 pernoctasset,
2934 889 3177 957 postero
3231 885 3326 940 die
3385 900 3624 939 summo

1972 985 2149 1024 mane
2166 971 2473 1025 recensitis
2489 972 2675 1043 copiis
2697 974 2924 1045 pedites
2947 990 3016 1029 ac
3033 975 3395 1044 sagitttarios
3420 973 3627 1045 praeire

1966 1058 2163 1128 jussit,
2200 1076 2335 1114 cum
2357 1061 2682 1131 accepisset
2702 1060 3010 1118 difﬁcilem
3035 1063 3258 1134 Ropelii
3290 1063 3627 1131 transitum,

1974 1162 2080 1218 per
2091 1163 2272 1218 quem
2290 1148 2517 1204 ﬂumen
2532 1150 2767 1222 Strymo
2782 1151 3021 1207 duobus
3036 1152 3310 1207 occlusus
3326 1150 3631 1206 montibus

1974 1234 2338 1305 praeterfluit,
2370 1236 2521 1291 adeo
2543 1243 2607 1292 ut
2636 1239 2731 1293 vix
2756 1255 2862 1311 per
2886 1241 3047 1294 viam
3068 1256 3277 1295 currus
3305 1240 3629 1311 praeterire,

1975 1324 2222 1379 ﬂumine
2253 1326 2563 1381 transitum
2585 1343 2771 1399 quam
2794 1330 3287 1397 angustissimum
3318 1328 3628 1395 efficiente,

1976 1413 2257 1484 ideoque,
2271 1413 2462 1469 locum
2478 1418 2516 1470 C
2528 1415 2740 1470 lisuras
2756 1417 2967 1488 vulgus
2981 1418 3367 1489 appellavit,a
3384 1417 3633 1486 ltulgaro

1980 1502 2182 1569 milite,
2214 1503 2513 1575 equitibus
2538 1506 2708 1576 123
2728 1507 2974 1578 quidem
2998 1509 3398 1574 haudmultis,
3427 1508 3635 1579 pediti-

1978 1590 2092 1645 bus
2106 1591 2394 1662 plurimis.
2420 1595 2721 1649 custodiri.
2748 1595 2984 1663 Bulgari
3010 1599 3169 1652 enim
3196 1597 3347 1668 palis
3368 1596 3631 1668 lorisque

1980 1680 2369 1750 praemunitas
2396 1682 2551 1737 fores
2583 1684 2638 1737 iu
2665 1683 2776 1738 illis
2797 1691 3177 1756 aperuerant,
3209 1691 3272 1741 ut
3300 1687 3637 1757 expugnari

1979 1769 2224 1840 quidem
2251 1775 2307 1825 et
2343 1770 2690 1827 difficultate
2709 1773 2820 1828 loci
2851 1780 2907 1828 et
2938 1790 3043 1845 per
3066 1775 3227 1846 ipsos
3252 1791 3322 1829 ex
3350 1780 3473 1830 arte
3505 1775 3641 1829 reli-

1651 1860 1872 1930 Βουλγα-
1906 1874 1952 1931 Β
1981 1872 2104 1929 qua
2132 1859 2461 1913 munitione
2484 1860 2760 1917 absoluta
2786 1862 3030 1917 minime
3071 1869 3289 1935 posset.
3327 1866 3443 1919 Hoc
3467 1865 3548 1919 ita
3579 1880 3642 1920 se

1984 1947 2205 2012 habere
2228 1948 2940 2022 ubirescivitimperator,‘
2960 1953 3066 2007 iter
3088 1953 3163 2008 ad
3192 1952 3393 2008 locum
3424 1954 3646 2011 accele-

1985 2038 2152 2103 ravit,
2181 2043 2238 2092 et
2262 2054 2387 2093 rem
2410 2055 2611 2094 veram
2641 2056 2769 2096 esse
2791 2057 2979 2113 quam
3001 2042 3310 2097 audiverat
3332 2045 3643 2115 comperit.

1987 2126 2337 2198 Expeditam
2351 2128 2551 2199 itaque
2564 2130 2845 2194 exercitu,
2860 2147 2997 2202 quae
3014 2130 3283 2185 sufﬁcere
3300 2132 3638 2203 videbatur,

1987 2217 2292 2271 cohortem
2309 2224 2649 2288 separatam
2667 2235 2849 2290 supra
2865 2220 3252 2290 Bulgarorum
3267 2222 3463 2292 capita
3480 2238 3651 2277 mon-

1991 2311 2106 2361 tem
2149 2306 2469 2362 ascendere
2510 2309 2808 2380 praecepit,
2846 2315 2907 2364 ut
2945 2326 2981 2365 a
3007 2310 3415 2381 superioribus
3443 2328 3512 2366 ac
3541 2327 3652 2382 op-

1991 2396 2440 2467 portunioribus
2458 2396 2602 2451 locis
2623 2397 2977 2466 Bulgarosin
2993 2399 3415 2455 humilioribus
3442 2417 3653 2472 repen-

1993 2489 2079 2539 tes
2106 2483 2363 2541 ferirent.
2389 2487 2551 2540 Dicto
2593 2486 2765 2542 citius
2823 2488 3112 2544 audiunt:
3147 2505 3411 2561 namque
3473 2507 3649 2546 mons

1995 2572 2087 2627 ille
2113 2572 2520 2646 frequentibus
2537 2576 2855 2632 arboribus
2879 2579 3145 2634 consitus
3165 2580 3321 2634 viam
3347 2579 3650 2651 peditibus

1998 2663 2319 2719 sternebat.
2341 2665 2647 2736 Equitibus
2659 2666 2981 2723 adversum
2997 2674 3199 2740 portas
3221 2685 3488 2740 pugnam
3514 2684 3656 2724 con-

1999 2769 2195 2808 serere
2220 2753 2490 2809 mandat.
2512 2757 2727 2811 Verum
2753 2756 2854 2811 ubi
2880 2756 3112 2827 Bulgari
3134 2774 3206 2814 ex
3238 2758 3477 2813 collium
3507 2758 3655 2813 emi-

1999 2842 2253 2898 nentiori
2276 2842 2423 2899 facie
2446 2843 2677 2915 spicula
2700 2845 2846 2900 mitti
2868 2851 3048 2918 atque
3071 2847 3319 2903 stataria
3348 2863 3557 2917 pugna
3586 2863 3661 2904 ex

2002 2932 2250 2988 adverso
2280 2932 2473 3002 urgeri
2509 2950 2640 2989 sese
2667 2934 3145 3007 deprehendunt,
3176 2952 3393 3008 resque
3429 2952 3571 2991 suas
3603 2939 3665 2992 in

2004 3024 2269 3076 extrema
2286 3019 2525 3076 fortuna
2538 3022 2859 3079 collocatas
2875 3024 3273 3097 conspiciunt,
3288 3025 3349 3081 in
3364 3025 3573 3095 fugam
3604 3041 3667 3081 se

2006 3110 2255 3165 dedunt.
2281 3112 2679 3183 Imperatoriae
2692 3113 3264 3170 cohortesinsecuta:
3294 3114 3669 3187 quampluri-

292 3211 600 3279 ταττόμεναο
630 3202 691 3264 ἦν
742 3209 842 3278 γὰρ
884 3208 941 3257 τὸ
985 3208 1098 3280 ὅρος
1151 3201 1389 3278 δένδροις
1446 3208 1535 3277 μεν
1587 3205 1894 3298 συνηρεφεςῗ
1945 3216 2057 3298 Cm

1945 3243 1985 3298 Ο
2009 3214 2141 3253 mos
2171 3199 2678 3255 contrucidarunt.
2700 3200 2925 3275 Reliqui
2950 3218 3129 3258 cursu
3156 3203 3217 3258 in
3244 3204 3507 3258 tentoriis
3538 3202 3672 3259 Bul-

296 3296 531 3371 βάσιμον
585 3293 645 3349 δε
698 3301 824 3348 ποσὶ
861 3296 1198 3368 πεξαιτέρων.
1272 3294 1509 3349 Ἱππεῦσι
1576 3291 1634 3346 δε
1676 3293 1900 3344 κατευθὺ

294 3396 394 3440 τῶν
419 3386 592 3439 πυλῶν
642 3390 737 3445 τήν
790 3387 974 3458 μάχην
1033 3392 1197 3438 ποιεῖν
1255 3384 1532 3439 ἐκέλευσεν.
1589 3384 1732 3436 Ἐπεί
1774 3388 1901 3453 γοῦν

296 3473 539 3530 κατεῖδον
589 3477 637 3528 οἱ
692 3475 979 3550 Βούλγαροι
1038 3476 1229 3527 ἄνωθεν
1278 3478 1372 3547 μὲν
1416 3473 1471 3526 ἐκ
1543 3481 1643 3525 τῶν
1703 3470 1902 3545 βουνῶν

299 3568 497 3627 ὀῑστοῖς
545 3565 759 3626 ἐαυτοὺς
809 3563 1178 3638 βαλλομένους,
1239 3560 1521 3616 σταδιαίαν
1580 3567 1676 3620 τήν
1720 3564 1904 3634 μάχην

299 3659 637 3729 κατημένους
688 3658 1037 3718 κατεναντίον,
1117 3674 1207 3705 και
1264 3652 1313 3706 ἐν
1378 3661 1538 3723 στενῴ
1593 3648 1789 3723 κομιδῆ
1840 3653 1907 3703 τὰ

299 3746 418 3799 καθ’
491 3745 678 3805 αὐτούς
735 3745 1051 3818 καθορῶντες
1111 3742 1181 3805 εἰς
1251 3747 1419 3815 φυγήν
1466 3742 1766 3815 ἐτράποντο,
1817 3760 1908 3792 και

260 3839 362 3888 ντό
418 3834 697 3908 βασιλικόν
761 3833 935 3894 αὐτοῖς
1010 3832 1242 3905 ἐφείπετο
1312 3833 1628 3905 στράτευμα.
1686 3830 1910 3891 Πολλούς

301 3922 391 3979 νῦν
444 3924 631 3979 ἐκεῖθεν
697 3926 900 3985 σπάθης
958 3925 1107 3997 ἔργον
1165 3927 1492 3980 πεποίηνται.
1548 3924 1613 3974 Οἱ
1640 3917 1699 3975 δε
1765 3920 1912 3973 ἄλλοι

304 4018 471 4091 μέχρι
527 4034 619 4067 και
668 4022 768 4067 τῶν
825 4013 1184 4087 Βουλγαρικών
1241 4014 1638 4086 στρατευμάτων
1712 4008 1747 4064 δ
1754 4030 1909 4063 ιασω-

309 4107 477 4168 θέντες
538 4100 864 4177 ἀπέδρασαν,
924 4123 1013 4155 και
1075 4105 1143 4155 τὰ
1198 4106 1316 4177 περί
1357 4108 1449 4153 τοῦ
1504 4098 1763 4174 βασιλέως
1801 4102 1918 4152 τού-

305 4214 415 4257 τοις
458 4193 802 4266 ἀπήγγειλαν,
834 4197 924 4245 καί
954 4193 1057 4245 ὃσα
1084 4188 1151 4250 δή
1188 4191 1580 4245 ἐπεπόνθεισαν.
1623 4193 1690 4243 Οἵ
1743 4187 1801 4243 δὲ
1845 4198 1917 4260 τῷ

310 4283 484 4359 ἀθρόῳ
543 4279 989 4358 διαταραχθέντες
1080 4288 1177 4343 τῆς
1217 4279 1397 4348 ἀκοῆς,
1459 4300 1548 4333 και
1626 4282 1695 4342 ὡς
1742 4282 1921 4351 αἴφνης

311 4375 492 4434 αὐτοῖς
549 4372 931 4426 ἐπεισπέπτωκε
1000 4373 1067 4423 τὰ
1118 4366 1284 4433 δεινὰ,
1340 4371 1583 4435 ἕκαστος,
1634 4370 1703 4430 ὡς
1757 4367 1920 4441 εἶχεν,

313 4456 476 4507 ἵππου
532 4460 625 4505 τοῦ
699 4453 1049 4526 ἐφευρεθέντος
1109 4450 1250 4520 αύτῷ
1306 4446 1505 4522 σχεδόν
1553 4448 1756 4513 ἐπιϐὰς,
1807 4452 1922 4522 φεύ-

311 4563 419 4617 γειν
462 4545 739 4618 ὥρμησαν,
800 4543 941 4596 Ἐπεί
992 4537 1050 4595 δι
1101 4561 1193 4593 και
1239 4540 1331 4603 νύξ
1383 4542 1621 4615 ὑπῆρχεν
1676 4538 1922 4603 ἀσέληνος

2011 3288 2223 3359 garicis
2254 3288 2428 3344 saluti
2467 3294 2805 3357 consulere,
2838 3291 3217 3363 imperatoris
3246 3309 3341 3349 res
3368 3297 3566 3361 gestas
3612 3296 3671 3350 et

2008 3394 2144 3450 quae
2166 3378 2277 3450 ipsi
2308 3379 2469 3450 passi
2502 3379 2749 3435 fuissent
2777 3382 3110 3438 enuntiare.
3166 3382 3277 3448 Qui
3336 3382 3671 3455 improviso

2009 3465 2220 3521 nuntio
2232 3467 2623 3537 etrepcntinis
2638 3468 3084 3525 calamitatibus
3102 3469 3551 3537 conturbati,uti
3567 3487 3671 3543 po-

2011 3559 2161 3610 terat
2184 3554 2454 3626 quilibet,
2483 3555 2543 3610 in
2566 3555 2836 3612 oblatum
2860 3557 2971 3613 sibi
3003 3574 3228 3631 equum
3257 3560 3671 3615 conscendens

2012 3644 2199 3714 fugit;
2234 3649 2289 3700 et
2310 3662 2448 3700 cum
2466 3645 2622 3715 fugae
2650 3651 2917 3719 tempore
2947 3648 3093 3703 luna
3121 3648 3337 3710 sileret.
3360 3648 3528 3705 locus
3551 3649 3671 3705 dif-

2013 3734 2203 3799 ﬁcilis,
2217 3750 2326 3789 nec
2340 3734 2448 3789 vim
2461 3736 2727 3790 essentin
2742 3741 3047 3808 promptu,
3080 3738 3122 3808 ι
3138 3736 3255 3811 24
3271 3738 3369 3794 alii
3387 3738 3558 3813 equis
3573 3738 3674 3793 de-

2016 3824 2229 3889 cidere,
2260 3823 2359 3879 alii
2389 3824 2757 3895 eospedibus
2779 3825 3161 3881 conculcatos
3191 3827 3549 3893 interimere,
3574 3827 3675 3883 alii

2018 3912 2221 3982 esagis
2234 3929 2340 3985 per
2353 3912 2680 3985 praecipitia
2695 3913 3000 3985 ejaculari,
3027 3914 3126 3972 alii
3142 3916 3262 3972 alio
3291 3916 3454 3973 malo
3488 3917 3673 3973 vitam

2020 4002 2235 4058 misere
2261 4002 2547 4073 amittere,
2592 4002 2743 4058 adeo
2777 4020 2855 4059 ux
2875 4003 2987 4059 illis
3016 4006 3195 4077 pauci
3230 4005 3566 4061 incolumes
3599 4005 3680 4062 ad

2026 4093 2309 4162 Bulgaros
2330 4092 2585 4162 regressi
2610 4090 2844 4149 fuerint.
2866 4094 2970 4151 Per
2994 4094 3056 4149 id
3088 4096 3266 4151 etiam
3283 4102 3522 4169 tempus
3545 4098 3686 4152 Dra-

2025 4185 2194 4254 gotas
2219 4181 2609 4251 Bulgarorum
2629 4182 2861 4250 ductor,
2878 4183 3226 4240 defectionis
3247 4191 3475 4256 auctor,
3502 4202 3687 4257 equo-

2026 4287 2160 4326 rum
2189 4270 2444 4342 pedibus
2457 4276 2879 4343 corpustotum
2901 4272 3444 4331 dilaceratustertio
3456 4275 3554 4330 die
3571 4274 3689 4332 leto

2029 4361 2183 4417 malo
2197 4362 2493 4417 emoritur.
2504 4366 2826 4435 Imperator
2839 4381 2909 4419 ea
2924 4370 3095 4421 nocte
3110 4366 3171 4421 in
3185 4366 3474 4438 oppidum
3490 4366 3692 4439 appel-

2029 4452 2157 4507 lens
2179 4452 2456 4506 custodes
2479 4452 2821 4524 alloquitur,
2846 4454 2952 4525 qui
2973 4470 3111 4509 eum
3134 4454 3523 4512 libentissime
3540 4454 3693 4511 exci-

2033 4540 2337 4613 pere,dein
2352 4540 2569 4612 plausu
2586 4541 3189 4598 etacclamationibus
3202 4544 3527 4616 ingenique
3546 4560 3695 4615 prte-

313 4634 433 4685 καθ’
472 4634 535 4692 ἣν
566 4635 595 4691 ἠ
630 4637 792 4705 φυγή,
819 4652 910 4684 και
959 4627 1231 4706 δυσχερής
1286 4630 1312 4682 ὀ
1366 4634 1518 4690 τόπος
1564 4649 1655 4681 και
1712 4632 1778 4682 τὰ
1820 4638 1920 4682 τῶν
1963 4632 2008 4685 D
2036 4647 2078 4685 Ct

1963 4632 2008 4685 D
2036 4629 2209 4685 conio
2249 4629 2629 4685 consalutare
2660 4636 2716 4685 et
2739 4630 2990 4687 celerem
3016 4632 3283 4705 aquilam
3310 4632 3692 4705 compellare.

315 4719 453 4776 ὀδὼν
512 4719 950 4793 δυσδιάγνωστα,
1001 4724 1212 4774 ἔπιπτον
1290 4724 1380 4793 μὲν
1440 4719 1492 4784 ἐξ

1465 4719 1492 4784 ξ
1542 4739 1709 4772 ιππων
1778 4723 1922 4787 ἔνιοι,
1948 4722 2109 4795 ἕτεροι
2142 4716 2200 4771 δέ
2233 4718 2421 4780 αύτούς
2450 4722 2773 4772 κατεπάτουν
2830 4726 2920 4773 καὶ
2971 4723 3229 4794 ἔφθειραν,
3294 4743 3383 4774 και
3432 4723 3576 4775 άλλοι
3606 4726 3696 4795 μὲν

316 4821 418 4866 τῶν
442 4808 763 4885 ἐφεστρίδων
785 4808 1257 4884 ἀπεσφενδονούντο
1283 4812 1420 4861 κατὰ
1456 4818 1699 4883 κρήμνῷν
1724 4810 1869 4862 ἄλλοι
1903 4807 1960 4863 δὲ
1990 4810 2154 4869 ἄλλως
2180 4808 2317 4870 τελος
2352 4804 2610 4866 δύστηνον
2668 4808 3049 4882 ἀπελάμϐανον,
3118 4814 3184 4873 ὡς
3210 4812 3419 4885 ὀλίγους
3448 4813 3501 4875 ἐξ
3528 4812 3697 4866 αὐτῶν

321 4899 673 4963 διασωθέντας
704 4901 753 4965 ἐς
781 4906 876 4961 τὴν
906 4900 1212 4975 Βουλγάρων
1251 4907 1524 4975 χωρῆσαι.
1557 4906 1684 4962 Τότε
1711 4896 1777 4959 δὴ
1829 4920 1919 4953 και
1977 4901 2356 4974 προϊστάμενος
2412 4898 2581 4951 αὐτῶν
2638 4905 2909 4973 Δραγωτᾶς
2961 4903 2987 4953 ό
3041 4903 3354 4976 πρεξάρχων
3403 4911 3496 4964 τῆς
3544 4901 3700 4955 ἀπισ-

320 4997 438 5055 τίας
469 4992 637 5045 ἵππων
663 4996 818 5045 ποσίν
843 4998 980 5044 ἁπαν
1015 4994 1073 5043 τὸ
1108 4998 1258 5063 σῶμα
1297 4989 1695 5059 συντέθλασται,
1727 5010 1818 5043 και
1846 4998 2078 5065 τριταῖος
2107 4994 2200 5048 τήν
2225 4988 2385 5041 αὐτου
2417 4989 2603 5061 ψυχήν
2631 4989 2965 5062 ἐξεφύσησεν.
2992 4990 3052 5044 Ὀ
3080 4995 3170 5064 μὲν
3205 4993 3292 5044 οὖν
3327 4991 3580 5065 βασιλεὺς
3609 5000 3703 5055 τῆς

320 5086 508 5145 νυκτός
536 5082 733 5145 ἐκείνης
760 5085 819 5134 τό
842 5083 979 5134 ἄστυ
1007 5080 1310 5133 καταλαϐὼν
1340 5088 1446 5142 τοῖς
1471 5080 1636 5133 ἐκεῖσε
1658 5080 1976 5153 φυλάττουσι
1999 5078 2259 5151 ξυνωμίλη
2271 5098 2345 5145 σε,
2379 5080 2609 5131 κάκεῖνοι
2640 5078 2917 5142 ἀσπασίως
2946 5100 3000 5134 τε
3030 5084 3115 5134 τόν
3165 5081 3528 5158 αὐτοκράτορα
3580 5084 3701 5137 ὑπε-

327 5155 557 5237 δέξαντο
578 5191 668 5226 και
692 5175 896 5251 κρότοις
921 5171 1140 5231 ἐπήνουν
1169 5190 1261 5224 και
1285 5170 1528 5244 εὐφήμοις
1555 5168 1729 5243 λόγοις
1762 5167 2035 5224 ἐκύδαινον
2062 5189 2151 5223 και
2184 5167 2329 5222 ἀετόν
2358 5172 2530 5242 ταχύν
2558 5171 2944 5245 κατωνόμοζον.

398 5404 493 5463 νθ’.
515 5407 594 5462 Τὰ
630 5404 863 5477 έκεῖσεξ⁴⁶
889 5400 998 5476 οὖν,
1033 5408 1103 5468 ὡς
1155 5401 1217 5466 ἦν
1270 5404 1427 5474 εἰκός,
1450 5403 1801 5479 οἰκονομήσας
1829 5404 1856 5457 ό
2039 5406 2132 5463 59.

2039 5406 2132 5463 59.
2164 5402 2361 5462 Rebus
2392 5402 2618 5478 itaque,
2661 5403 2747 5461 uti
2783 5419 2898 5479 par
2934 5408 3080 5476 erat,
3115 5404 3422 5480 dispositis
3451 5408 3713 5482 impera-

401 5616 452 5651 "
532 5617 633 5671 D:
704 5620 807 5669 Και
882 5612 1086 5688 ἀπάρας
1162 5612 1348 5668 ἐκεῖθεν
1421 5613 1491 5676 εἰς
1585 5610 1980 5671 Θεσσαλονίκην
2060 5609 2293 5685 ἀφίκετο.
2365 5613 2617 5691 μακεῖθεν
2695 5614 2780 5665 τόν
2861 5608 3155 5689 Βαρδάριον
3233 5610 3565 5691 διαπεράσας
3629 5619 3717 5668 καὶ

330 5690 397 5740 τά
449 5684 655 5745 Βοδηνά
692 5707 833 5764 παρα
869 5681 1062 5761 μείψας
1091 5692 1308 5745 ενόσησε
1345 5705 1552 5759 νόσημα
1593 5682 1825 5768 ἐδριαόν.
1885 5681 2307 5768 Διακαρτερήρσας
2352 5681 2403 5737 δ’
2448 5686 2635 5768 έκεῖθεν
2692 5681 3173 5768 μικρόυιπερί’“τὸν
3227 5681 3491 5768 Πρ-ίλοέπον
3538 5690 3716 5768 ὥρμη-

336 5778 444 5817 σεν.
515 5756 775 5815 Ἐκεῖθεν’
811 5756 883 5823 εἰς
944 5756 1155 5813 Βελεσόν
1222 5759 1428 5834 έχὼρει,
1479 5756 1589 5811 και
1649 5756 1761 5831 ἅμα
1825 5766 1864 5829 ᾧ
1930 5756 2148 5831 φθάσαι
2194 5756 2357 5811 ἐκεῖσε
2423 5760 2472 5811 οἱ
2538 5756 3005 5831 φύλακεςτούτου
3061 5756 3543 5835 ὅρκους’).αϐόντες
3580 5756 3717 5823 ’ἐξήε
