4470 6452
287 429 428 485 1137

1801 411 2145 471 ANNALES.

3519 409 3654 464 1138

284 571 375 604 νου
402 558 496 612 τῆς
527 547 796 626 Ἀχριδοῦ
844 554 933 603 καὶ
963 549 1278 620 καλουμένου
1348 547 1578 616 ΙΙὰτμον,
1605 541 1631 594 ὃ
1661 544 1750 593 καὶ
1806 538 1886 592 εύο
1924 540 1971 594 Α
2001 553 2049 594 et

1924 540 1971 594 Α
2001 553 2197 594 cursu.
2228 535 2575 608 Imperator,
2609 531 2772 606 quod
2813 547 2934 588 non
2965 531 3205 597 horum,
3229 530 3399 587 sicuti
3415 533 3659 592 caetero-

285 649 458 713 χιρῶς
497 642 631 691 πανυ
689 641 715 691 6
769 641 1197 713 Φιλανθρωπηνὸς
1249 635 1470 697 Ἀλέξιος
1528 632 1652 684 εἷλεν
1690 633 1715 682 6
1767 631 1889 681 Δού·

287 749 406 797 κας,
474 728 824 800 καταλειφθεὶς
873 732 1001 802 πρὸς
1047 734 1136 779 τοῦ
1214 724 1472 797 βασιλέως
1527 721 1596 781 εἰς
1658 718 1888 791 φυλακὴν

287 825 389 870 τῶν
420 817 470 869 ἐν
527 813 773 889 Λγριδῷ,
824 821 911 868 καὶ
958 819 1156 877 ἄστεως
1213 815 1366 864 ἀλλον
1423 811 1718 871 Τζεπαίνης
1771 807 1892 857 ὠνο-

289 910 580 979 μασμένον,
618 906 731 957 λίαν
799 908 1149 977 τυγχὰνοντος
1207 904 1402 976 ἐχυροῦ
1455 905 1542 951 καὶ
1615 902 1732 970 περὶ
1796 900 1890 954 τὴν

288 994 548 1068 ξυμϐολὴν
579 995 843 1057 τελοῦντος
881 1004 979 1046 τῶν
1032 991 1130 1047 δύο
1188 998 1447 1065 μεγίστων
1492 989 1641 1063 ὀρῶν,
1703 992 1795 1038 τού
1838 1003 1891 1037 τε

289 1087 457 1157 Αἵμου
526 1089 614 1137 καὶ
676 1093 771 1146 τῆς
804 1082 1078 1148 Ῥοδόπης,
1135 1082 1250 1134 καθ’
1299 1082 1366 1131 ὧν
1435 1084 1591 1152 μέσον
1639 1078 1664 1128 6
1708 1074 1890 1147 Ἕϐρος

283 1174 364 1250 ῥεῖ
432 1178 681 1246 ποταμὸς,
739 1174 785 1226 ἐν
837 1172 988 1244 δεινῷ
1039 1178 1128 1246 μὲν
1207 1173 1424 1225 ἐποιεῖτο
1482 1171 1506 1220 6
1557 1168 1890 1238 αὐτοκράτωρ

287 1264 470 1335 ὅτιμὴ
505 1268 593 1315 καὶ
642 1263 811 1314 αὐτῶν
871 1267 938 1324 ὡς
1005 1272 1104 1314 τῶν
1157 1262 1337 1333 ἐτέρων
1415 1259 1714 1330 ἐκρατησεν,
1786 1253 1889 1304 ἀλλ’

286 1353 361 1404 ἔτι
401 1360 497 1414 τῆς
532 1357 716 1426 χειρός
756 1353 916 1403 αὑτοῦ
960 1351 1046 1424 [Ρ.
1089 1350 1181 1423 633]
1251 1354 1467 1423 κρείττω
1527 1350 1742 1416 φανέντα
1800 1342 1892 1404 ἔξω

284 1444 668 1512 τυγχάνουσιν,
712 1441 943 1514 μάλιστα
975 1438 1032 1492 δε
1069 1442 1195 1514 ὑπὲρ
1254 1446 1350 1498 τῆς
1397 1437 1684 1496 Τζεπαίνης
1739 1430 1891 1484 ἐδυσ-

285 1533 427 1602 φόρει
465 1532 528 1580 τὰ
555 1534 803 1600 μέγιστοι.
844 1528 1102 1581 Ἐσπευσε
1155 1531 1243 1599 μεν
1302 1523 1388 1577 οὖν
1437 1530 1525 1576 καὶ
1575 1526 1707 1574 κατά
1773 1521 1891 1572 ταύ-

283 1636 377 1676 της
411 1626 728 1692 στρατεῦσαι
782 1622 870 1669 καὶ
924 1621 993 1678 ὡς
1037 1615 1176 1688 εἶχεν
1243 1616 1428 1686 ἰσχύος
1482 1612 1888 1685 ἀποπειρᾶσθαι.

282 1687 293 1703 ,
476 1687 484 1692 ,
1085 1687 1088 1688 ,

302 1705 350 1758 Η
391 1709 481 1776 μεν
521 1703 608 1757 οὖν
640 1709 749 1781 ὥρα
786 1714 874 1758 του
913 1708 1085 1778 θέρους
1134 1701 1242 1762 ἤδη
1292 1709 1501 1776 παρῄει,
1553 1706 1640 1752 καὶ
1687 1703 1744 1750 τό
1776 1717 1889 1770 μετ-

285 1799 486 1867 όπωρον
541 1795 696 1865 ἔγγὺς
752 1792 811 1852 ἧν
883 1800 1166 1847 καὶτοῦτο
1252 1789 1640 1866 παραδραμεῖν.
1725 1789 1782 1839 Ὀ
1832 1784 1890 1840 δε

284 1881 457 1956 μηδέν
488 1904 537 1936 τι
569 1892 660 1936 τοῦ
685 1893 870 1958 καιροῦ
899 1888 1191 1957 φροντίσας,
1232 1879 1370 1954 μηδὲ
1421 1886 1477 1933 τό
1534 1887 1624 1932 τοῦ
1676 1887 1880 1950 χειμῶ-
1922 1895 1958 1948 Β

284 1992 368 2035 νος
432 1971 758 2034 δυσωπήσεις
826 1971 990 2047 δριμὺ
1042 1974 1173 2043 (ἐνὸς
1219 1975 1319 2044 γὰρ
1348 1976 1436 2022 καὶ
1482 1975 1639 2041 μόνου
1692 1977 1780 2020 τοῦ
1829 1971 1887 2019 τὸ

283 2062 471 2114 οἰκεῖον
521 2062 828 2121 ἀποπλῆσαι
879 2062 1123 2135 βούλημα
1173 2060 1535 2132 ἐστοχάζετο),
1589 2065 1682 2116 τὴν
1733 2077 1888 2131 στρα-

282 2155 398 2204 τιὰν
449 2159 623 2205 πᾶσαν
700 2153 753 2205 ἐκ
801 2161 895 2215 τῆς
950 2150 1230 2225 Ἀδριανοῦ
1288 2156 1524 2212 κινήσας,
1585 2148 1788 2220 ἀμάξας
1834 2167 1888 2200 τε

283 2241 589 2314 παμπόλλας
647 2242 956 2313 συλλεγῆναι
1028 2242 1321 2314 προσταξας
1397 2239 1497 2290 ἀπὸ
1559 2239 1886 2309 πανταχόθεν

283 2339 383 2393 τῆς
421 2340 520 2382 τῶν
550 2328 866 2385 Μακεδόνων
897 2337 1094 2404 χώρας,
1153 2334 1243 2392 τὰς
1292 2333 1380 2402 μεν
1434 2329 1515 2380 ἐπὶ
1563 2335 1635 2396 τῷ
1675 2330 1739 2378 τὰ
1791 2347 1888 2399 μη-

282 2426 574 2493 χανήματα
635 2426 722 2472 καὶ
779 2423 868 2481 τὰς
923 2420 1168 2480 ἑλεπόλεις
1213 2423 1395 2492 φέρειν,
1431 2421 1522 2479 τὰς
1567 2415 1624 2469 δε
1674 2417 1758 2468 ἐπὶ
1815 2424 1887 2485 τῷ

284 2506 613 2582 διακομίζειν
653 2513 716 2562 τὰ
749 2511 958 2583 ζωαρκῆ
1010 2518 1102 2562 τοῦ
1159 2512 1561 2580 στρατεύματος,
1624 2511 1713 2558 καὶ
1772 2524 1888 2556 συν-

282 2600 630 2673 αθροισθῆναι
676 2599 921 2660 κελεύσας
1005 2598 1205 2656 πληθύν
1264 2598 1428 2658 πεζῶν
1485 2593 1690 2669 ἀνδρῶν
1747 2593 1887 2656 τοξο-

279 2695 383 2739 τῶν
445 2693 534 2739 καὶ
587 2694 941 2762 κορυνοφόρων
988 2688 1080 2739 ούκ
1136 2687 1502 2761 εὐαρίθμητον,
1561 2685 1667 2737 ἐπεὶ
1721 2685 1889 2734 πάντα

279 2777 446 2838 καλῶς
485 2777 620 2848 αὐτῷ
649 2782 737 2829 καὶ
786 2781 855 2838 ὡς
905 2773 1051 2839 ἔδοξε
1116 2781 1492 2849 κατηρτίσατο,
1530 2783 1622 2833 τῆς
1677 2769 1890 2845 Ἀδρια.

281 2874 372 2918 νοῦ
429 2865 635 2940 ἀπάρας
679 2870 811 2918 κατὰ
872 2875 966 2928 τῆς
1009 2870 1302 2928 Τζεπαίνης
1352 2865 1558 2936 ἐχώρει.
1632 2867 1888 2934 Τέτταρας

285 2952 346 3008 δὲ
424 2957 684 3027 σταθμοὺς
743 2955 1127 3028 παρημειψενό
1188 2959 1423 3029 στρατός,
1480 2957 1568 3004 καὶ
1619 2955 1749 3004 κατὰ
1803 2955 1887 3003 τόν

278 3047 435 3096 τόπον
518 3045 570 3094 ὃν
637 3040 1019 3117 Μακρολιϐοξδα
1108 3045 1555 3114 κατονομαζουσιν
1628 3040 1889 3112 ἐτητύμως

278 3137 412 3208 πρὸς
440 3136 498 3185 τό
547 3141 738 3205 σχῆμα
783 3138 876 3191 τὴν
915 3133 1100 3191 κλῆσιν
1147 3136 1194 3185 οἰ
1237 3139 1454 3204 πρώτως
1505 3128 1696 3190 ἰδόντες
1744 3132 1888 3202 θέμε-

278 3241 378 3287 νοι,
440 3219 605 3282 δεινὸς
672 3228 962 3294 συμπίπτει
1049 3227 1201 3294 σφίσι
1267 3227 1489 3292 χειμὼν.
1534 3221 1622 3282 Ἐξ
1670 3220 1960 3312 ἑσπέραιςΟ

279 3306 370 3362 οὖν
416 3309 717 3384 ἀρξὰμενος,
748 3308 824 3364 δι’
875 3312 996 3372 ὅλης
1051 3321 1142 3372 τῆς
1198 3315 1384 3372 νυκτός
1426 3315 1520 3368 τὴν
1554 3306 1890 3383 σφοδρότητα

280 3407 374 3453 τοῦ
412 3400 622 3472 ψύχους
667 3406 756 3453 καὶ
797 3409 890 3453 τοῦ
923 3400 1108 3473 ἀνέμου
1156 3405 1556 3474 προσεπιτείνας
1602 3403 1659 3450 τό
1715 3397 1888 3470 βίαιον

279 3490 442 3549 πολλῆ
476 3511 529 3543 τε
559 3496 704 3563 χιόνι
734 3499 824 3551 τῆς
862 3497 962 3562 γής
1020 3491 1356 3561 ἐπηλυγασας
1421 3496 1514 3548 τὴν
1573 3489 1886 3561 ἐπιφάνειαν,

277 3581 430 3634 ἔωθεν
493 3589 564 3651 τῷ
646 3580 858 3654 βασιλεῖ
921 3581 1111 3640 πολλὴν
1176 3581 1491 3652 προύξένησέ
1534 3585 1626 3638 τὴν
1686 3576 1878 3651 δυσχέ-

277 3689 443 3745 ρειαν.
495 3669 561 3722 Ὀ
615 3691 668 3722 τε
741 3673 842 3745 γὰρ
903 3676 1059 3733 τόπος
1117 3670 1293 3732 ἆοικος
1344 3668 1424 3734 ἦν,
1477 3676 1566 3720 καὶ
1615 3669 1888 3741 ἐγγύτερον

279 3757 569 3831 ἕτύγχανον
601 3761 650 3812 οἰ
673 3759 929 3832 πολέμιοι,
987 3765 1076 3812 καὶ
1140 3762 1170 3817 ἡ
1229 3757 1639 3834 προσδοκωμένη
1704 3761 1889 3820 σπάνις

278 3857 380 3901 τῶν
411 3849 703 3921 ἀναγκαίων
733 3850 838 3922 οὐχ
887 3850 1042 3908 ἧττον
1094 3855 1187 3908 τὴν
1244 3850 1429 3921 ψυχὴν
1497 3849 1684 3909 ἐπίεζε·
1735 3857 1888 3900 τοῦτο

276 3941 380 4011 γὰρ
410 3943 497 3991 καὶ
555 3939 746 4011 μᾶλλον
801 3936 1087 4012 δεινότερον
1145 3942 1464 3997 καθέστηκεν
1532 3938 1579 3990 ἐν
1644 3941 1887 4012 στρατεύ-

279 4049 464 4102 μασιν.
501 4029 580 4089 Ἐς
604 4032 866 4086 τοσαύτην
928 4037 1050 4099 γοῦν
1117 4035 1210 4088 τὴν
1253 4028 1543 4104 δυσφορίαν
1599 4030 1888 4090 συνελᾶθεὶς

281 4122 400 4180 τοὺς
421 4121 679 4191 ἡγεμόνας
735 4122 1169 4192 συνηθροίκειτῶν
1213 4123 1630 4193 στρατευμάτων,
1681 4119 1739 4171 οὐ
1792 4127 1889 4170 τῶν

272 4208 576 4280 Ῥωμαῑκῶν
598 4215 770 4282 μόνον,
815 4208 920 4260 ἀλλ’
950 4206 1058 4267 ἤδη
1091 4214 1305 4261 καὶτῶν
1347 4209 1400 4272 ἐξ
1437 4212 1605 4269 ἔθνους
1660 4213 1889 4262 Λατίνων

281 4318 336 4352 τε
364 4304 454 4350 καὶ
493 4301 720 4360 Σκυθῶν,
752 4304 842 4351 καὶ
899 4303 1115 4360 τούτους
1165 4305 1217 4352 τί
1271 4296 1353 4351 δεῖ
1401 4307 1564 4351 ποιεῖν
1608 4303 1886 4373 ἠρωτήκει.

280 4390 475 4450 Πάντες
533 4395 658 4458 γοῦν
687 4385 884 4459 σχεδόν
938 4387 1310 4440 ἐϐουλεύσαντο
1365 4391 1414 4450 ἐς
1465 4393 1558 4447 τὴν
1611 4386 1890 4463 Ἀδριανοῦ

281 4481 376 4534 τὴν
418 4478 749 4548 ὑποστροφήν
799 4479 1147 4534 ποίησασθαι.
1187 4478 1243 4527 Ὀ
1300 4475 1357 4530 δὲ
1388 4483 1481 4536 τὴν
1550 4482 1637 4551 μὲν
1695 4477 1891 4550 βουλὴν

283 4566 453 4618 αὐτῶν
488 4566 581 4618 οὐκ
605 4566 919 4638 ἀπέπεμψεν,
977 4566 1105 4617 ἀλλὰ
1159 4571 1288 4641 πρὸς
1350 4568 1531 4627 αύτούς
1581 4569 1776 4641 εἱρέκει
1825 4569 1893 4628 ὣς

285 4655 502 4728 «Ὑμεῖς
545 4659 634 4728 μεν
677 4657 798 4730 ὅπερ
866 4665 1093 4728 κρεῖττον
1139 4662 1227 4708 καὶ
1292 4663 1550 4732 συμφέρον
1609 4655 1758 4718 ἔδοξε
1803 4679 1894 4708 κα-

280 4745 380 4806 λῶς
447 4743 843 4796 ἐϐουλεύσασθε
909 4746 953 4797 εἰ
1012 4741 1069 4797 δὲ
1123 4753 1210 4797 καὶ
1269 4747 1420 4807 αύτός
1481 4749 1644 4818 ἕτερόν
1689 4767 1740 4798 τι
1800 4752 1892 4798 σὺν

286 4843 400 4906 Θεῷ
425 4839 693 4906 νοήσαιμι,
727 4834 818 4885 ούκ
853 4836 912 4885 ἄν
947 4831 1169 4897 δέξησθε
1197 4844 1348 4887 τούτο
1381 4839 1449 4896 ως
1475 4839 1575 4887 ἀπό
1633 4833 1892 4889 δεσπότου

282 4931 559 4996 νουνεχοῦς
610 4923 872 4998 εἰρημένον
946 4945 1035 4976 και
1081 4926 1222 4996 ὑμῶν
1276 4927 1342 4987 ὡς
1417 4923 1531 4978 δέον
1582 4932 1892 5000 προνοουμέ-

279 5035 368 5067 νου
400 5033 453 5084 ;››
480 5017 777 5085 Ξυνέφησαν
811 5012 1050 5078 ἅπαντες,
1073 5018 1139 5075 ὼς
1168 5038 1194 5062 ‹‹
1219 5015 1380 5090 ”Οπερ
1416 5017 1475 5067 ἄν
1503 5025 1573 5086 τῷ
1600 5025 1674 5086 σῷ
1728 5013 1895 5079 δόξειε

285 5105 483 5177 κράτει,
519 5107 762 5177 στερκτόν
796 5107 918 5154 αὑτό
977 5124 1066 5154 και
1110 5103 1382 5157 ἀσπαστόν
1432 5103 1796 5178 λογισαίμεθα.
1867 5128 1892 5157 υ

1384 5193 1628 5268 βασιλεὺς
1688 5199 1757 5258 εἰς
1802 5200 1896 5259 τὰς

284 5196 510 5252 Τούτους
535 5195 622 5263 μὲν
654 5193 740 5244 οὖν
781 5196 977 5252 πάντας
1018 5191 1266 5246 ἀπέλυσεν
1311 5197 1335 5246 6

288 5286 536 5355 σφετέρας
582 5280 785 5333 ἀπέιναι
831 5282 1026 5344 σκηνὰς
1086 5283 1156 5356 ἐφ’
1314 5305 1403 5336 και
1451 5293 1612 5360 τροφῆ
1671 5282 1765 5338 δια
1808 5290 1893 5338 τόν

287 5380 526 5446 χειμῶνα
545 5373 882 5446 χρησασθαι,
913 5372 1069 5434 αύτός
1099 5370 1157 5424 δε
1208 5374 1278 5436 εἰς
1326 5378 1412 5426 τόν
1462 5375 1622 5426 αὐτοῦ
1673 5384 1896 5429 κοιτωνα

288 5461 463 5515 εἰσιὼν
507 5463 636 5532 μετὰ
679 5471 778 5513 τῶν
843 5467 961 5536 περί
1048 5463 1202 5515 αὐτον
1259 5463 1549 5524 ἐϐουλεύετο
1607 5472 1657 5517 τί
1705 5466 1893 5537 μαλλον

289 5557 402 5626 χρὴ
453 5559 637 5605 ποιεῖν.
684 5555 830 5613 Τινὲς
867 5556 957 5623 μεν
1005 5557 1100 5610 τὴν
1152 5562 1248 5605 τῶν
1309 5554 1489 5616 ἔξωθεν
1543 5553 1894 5630 βουλευσαμέ-

290 5663 386 5694 νων
447 5639 642 5715 βουλην
708 5642 779 5704 εἰς
828 5646 976 5718 ἔργον
1035 5642 1300 5696 ἐϐούλοντο
1384 5647 1564 5712 θεῖναι,
1622 5648 1782 5719 ἕτεροι
1836 5644 1895 5701 δε

292 5732 372 5795 οἷς
409 5751 500 5784 και
534 5735 590 5784 τό
655 5738 886 5807 κρεῖττον
939 5729 1284 5793 διανοηθῆναι
1332 5744 1402 5808 τῷ
1463 5734 1676 5809 βασιλεῖ
1721 5734 1896 5790 διακέ-

2001 643 2154 692 rum,
2187 625 2402 697 potitus
2437 622 2669 689 fuisset,
2699 637 2857 693 quae,
2907 619 2989 675 uti
3025 620 3277 692 potiora,
3323 618 3500 674 subdi
3554 633 3657 675 ne-

1999 716 2333 788 quiverant,
2366 727 2522 782 zegre
2571 711 2733 778 angi,
2781 709 2886 764 sed
2931 711 3218 780 Tzepaana
3271 707 3653 781 potissimum

1999 804 2283 872 exagitari
2316 807 2493 874 atque
2521 800 2725 856 animo
2755 797 3120 854 discruciari.
3170 798 3363 864 Quare
3412 798 3471 853 in
3515 811 3651 853 eam

1999 894 2438 967 expeditionem
2495 890 2834 954 maturavit,
2877 890 3152 961 viresque
3181 888 3368 944 voluit
3398 885 3652 962 experiri

2001 1000 2162 1052 suas,
2230 983 2278 1037 si
2337 981 2482 1054 quid
2541 979 2914 1053 proﬁcerent.
2958 977 3171 1050 Elapsa
3217 978 3347 1049 jam
3422 984 3647 1049 aestate,

2000 1075 2242 1131 extremi
2277 1073 2390 1128 sub
2417 1088 2626 1127 casum
2687 1069 2980 1130 autumni,
3026 1084 3220 1141 neque
3276 1072 3646 1142 tempestatis

2008 1163 2174 1234 127
2209 1177 2404 1234 neque
2417 1159 2648 1216 hiberni
2677 1159 2961 1230 temporis
2986 1157 3301 1230 asperitate
3333 1158 3648 1217 deterritus

1999 1254 2082 1323 (id
2110 1253 2269 1308 enim
2302 1251 2411 1307 sibi
2439 1255 2699 1315 tantum,
2731 1265 2856 1304 rem
2881 1264 2991 1304 suo
3023 1247 3204 1304 modo
3231 1254 3289 1304 et
3337 1264 3502 1305 more
3555 1249 3649 1307 fa-

2001 1359 2154 1411 cere,
2198 1339 2640 1414 proposuerat),
2674 1338 2848 1394 motis
2875 1337 3262 1409 Adrianopoli
3301 1338 3650 1396 cohortibus

2001 1433 2292 1488 universis
2307 1431 2577 1486 vehicula
2591 1428 2876 1500 pleraque
2901 1443 2973 1483 ex
2995 1427 3386 1484 Macedonum
3407 1428 3651 1499 regione

2000 1523 2127 1578 hac
2169 1521 2244 1576 ad
2273 1521 2582 1575 machinas
2612 1522 2669 1573 et
2697 1517 2906 1572 arietes
2929 1516 3552 1588 transportandos,illa
3573 1516 3652 1574 ad

2001 1611 2222 1666 militiae
2280 1609 2495 1664 idonea
2550 1607 2846 1677 victuique
2903 1605 3242 1661 necessaria
3271 1605 3650 1673 devehenda,

2000 1701 2267 1771 undique
2299 1697 2430 1766 cogi
2457 1696 2645 1768 jubet.
2683 1695 2824 1750 Dein
2853 1694 3142 1766 peditum,
3179 1694 3647 1764 sagittariorum.

1999 1789 2428 1859 clavigerorum
2453 1786 2769 1842 innumera
2791 1783 3168 1840 multitudine
3186 1784 3650 1853 conducta,cum

1997 1878 2505 1952 opportunissime
2551 1879 2761 1948 parata
2803 1889 2933 1930 esse
2989 1875 3192 1930 omnia
3272 1875 3646 1946 aestimasset,

1998 1967 2380 2040 Adrianopoli
2423 1965 2742 2022 discedens
2778 1967 3127 2036 Tzepmnam
3147 1963 3464 2021 ferebatur.
3485 1967 3646 2023 Man-

1997 2060 2194 2114 siones
2227 2062 2488 2130 quatuor
2527 2056 2696 2111 miles
2729 2070 3009 2110 emensus
3061 2055 3120 2109 in
3162 2054 3373 2120 locum,
3439 2055 3534 2110 cui
3573 2071 3647 2113 ex

1996 2147 2189 2202 forma
2215 2147 2292 2202 ab
2331 2143 2700 2210 hominibus,
2733 2143 2832 2215 qui
2862 2143 3124 2215 primum
3187 2146 3642 2217 conspexerant,

1996 2237 2271 2307 apposite
2302 2249 2522 2288 nomen
2564 2231 2964 2288 Macrolibada
2992 2230 3246 2287 inditum
3288 2231 3418 2297 fuit,
3463 2232 3646 2289 adve-

1997 2325 2171 2380 hitur.
2210 2323 2292 2378 lbi
2338 2322 2499 2378 foeda
2557 2325 2878 2392 tempestas
2933 2320 3082 2376 casio
3132 2320 3385 2391 dejecta,
3444 2337 3581 2394 qua:
3612 2337 3650 2380 a

1995 2430 2244 2486 vespere
2276 2419 2479 2468 coorta
2509 2427 2614 2483 per
2635 2415 2822 2466 totam
2851 2415 3089 2466 noctem
3143 2409 3377 2480 frigoris
3424 2411 3541 2467 vim
3593 2415 3652 2469 et

1996 2509 2307 2560 ventorum
2340 2501 2632 2574 procellas
2671 2501 2897 2556 intense
2929 2501 3307 2560 continuans.
3338 2501 3647 2576 multaque

1997 2594 2130 2649 nive
2161 2597 2328 2648 terra;
2381 2590 2591 2646 faciem
2660 2590 3032 2662 inasperans,
3083 2606 3262 2646 mane
3301 2590 3651 2662 imperatori

1999 2689 2168 2740 atrox
2199 2681 2505 2751 negotium
2534 2679 2792 2735 facessit.
2822 2682 3008 2735 Locus
3031 2679 3192 2735 enim
3210 2684 3334 2736 erat
3350 2679 3649 2738 habitato-

1995 2789 2130 2829 rum
2158 2787 2386 2827 vacuus
2417 2789 2429 2838 ;
2468 2771 2669 2825 hostes
2689 2769 3002 2825 instabant
3032 2769 3311 2842 proximi,
3338 2775 3395 2826 et
3424 2770 3499 2827 de
3527 2787 3650 2844 qua

1997 2863 2268 2928 timebat,
2308 2860 2788 2917 necessariorum
2819 2859 3043 2933 inopia,
3074 2860 3241 2933 quod
3273 2860 3333 2915 in
3388 2862 3652 2919 exercitu

1997 2954 2268 3009 omnium
2286 2951 2613 3023 pessimum
2640 2949 2874 3016 accidit,
2908 2966 3027 3006 non
3045 2950 3362 3007 minimum
3376 2951 3650 3010 animum

1998 3043 2398 3100 excruciabat.
2431 3041 2630 3097 Tantis
2655 3039 3107 3097 difficultatibus
3138 3040 3509 3098 conﬂictatus
3553 3057 3648 3100 co-

1995 3134 2253 3207 piarum,
2294 3147 2417 3188 non
2454 3134 2861 3186 Romanorum
2892 3130 3097 3201 modo,
3128 3131 3234 3186 sed
3251 3147 3322 3187 ex
3354 3131 3482 3188 aliis
3505 3147 3649 3203 gen-

1997 3224 2156 3279 tibus
2194 3223 2530 3277 Latinorum
2585 3237 2654 3276 ac
2728 3221 3086 3292 Scytharum
3135 3220 3321 3276 duces
3366 3221 3646 3292 advocat,

1998 3314 2191 3385 deque
2223 3311 2470 3382 agendis
2503 3309 2781 3366 consulit.
2812 3311 3032 3366 Omnes
3060 3309 3178 3366 fere
3229 3311 3290 3366 in
3322 3309 3382 3366 id
3431 3327 3650 3368 conve-

1997 3406 2214 3458 nerunt
2271 3405 2335 3456 ut
2382 3399 2832 3472 Adrianopolim
2888 3404 3242 3456 remearent.
3323 3400 3652 3474 Imperator

1999 3492 2162 3549 haud
2201 3496 2619 3563 spretaeorum
2641 3489 2930 3545 sententia
2956 3488 3155 3544 infert:
3196 3511 3224 3540 u
3250 3492 3367 3546 Vos
3400 3491 3651 3563 quidem

1999 3583 2160 3655 quod
2177 3585 2234 3636 et
2249 3581 2456 3636 melius
2473 3580 2799 3652 utiliusque
2816 3579 2938 3634 fore
2946 3579 3282 3650 judicastis,
3299 3586 3451 3637 recte
3477 3583 3518 3652 ι
3533 3581 3651 3654 28

1999 3671 2308 3744 probeque
2341 3669 2744 3725 consuluistis.
2775 3671 2988 3724 Verum
3029 3669 3078 3723 si
3113 3669 3428 3742 quippiam
3469 3671 3651 3727 etiam

1998 3762 2149 3833 ipse,
2176 3763 2294 3816 Deo
2328 3759 3008 3830 auspice,excogitarim,
3040 3775 3118 3814 an
3140 3775 3264 3815 non
3285 3759 3652 3830 illud,veluti

1999 3867 2034 3906 a
2064 3851 2356 3924 prudente
2383 3849 2654 3918 domino,
2685 3865 2877 3922 eoque
2904 3848 3006 3920 qui
3038 3847 3112 3905 de
3147 3849 3339 3915 vobis,
3362 3850 3446 3906 uti
3469 3849 3651 3906 adde-

1999 3946 2110 4007 cet,
2143 3939 2436 4012 providet,
2465 3938 2766 4011 prolatum
2798 3954 2975 4011 aequo
3011 3939 3215 3994 animo
3245 3940 3550 4013 accipietis
3572 3938 3600 3994 ?
3625 3962 3647 3991 ι

2001 4030 2213 4086 Omnes
2229 4029 2652 4086 acclamarant:
2674 4051 2694 4077 ι
2714 4027 3014 4100 Quidquid
3033 4027 3205 4084 fuerit
3227 4029 3520 4100 majestati
3537 4033 3654 4087 tum

2001 4121 2214 4184 visum,
2251 4124 2565 4191 acceptum
2593 4122 2647 4174 et
2678 4118 2971 4174 universis
3002 4117 3429 4191 complacitum
3476 4120 3585 4176 erit
3623 4144 3653 4172 ››

2003 4210 2096 4266 Sic
2126 4225 2228 4263 eos
2270 4208 2343 4263 ad
2369 4208 2612 4280 propria
2659 4208 2931 4274 tentoria,
2989 4213 3054 4262 ut
3096 4223 3315 4280 corpus
3364 4208 3499 4266 cibo
3522 4224 3656 4282 pro-

2001 4305 2131 4373 pter
2158 4299 2421 4354 hiemem
2451 4297 2780 4367 reﬁcerent,
2811 4296 3066 4353 mandat
3093 4313 3105 4352 :
3135 4298 3262 4370 ipse
3290 4297 3353 4353 in
3408 4299 3656 4357 cubicu-

2001 4388 2127 4444 lum
2161 4404 2337 4442 suum
2389 4386 2696 4456 introiens,
2730 4403 2866 4444 cum
2922 4387 2993 4443 iis
3018 4389 3120 4461 qui
3152 4388 3308 4445 circa
3346 4404 3488 4445 eum
3518 4390 3658 4447 ade-

2005 4482 2137 4532 rant
2176 4477 2322 4550 quid
2362 4477 2518 4533 facto
2549 4477 3220 4550 opusessctconsulere.
3247 4477 3505 4543 Quidam
3520 4495 3660 4536 con-

2009 4567 2229 4635 silium,
2263 4567 2428 4639 quod
2462 4567 2602 4622 foris
2657 4567 2965 4634 dederant,
3028 4583 3209 4639 opere
3241 4569 3659 4641 praestandum

2007 4673 2137 4713 esse
2152 4657 2512 4713 contendere
2535 4675 2545 4723 ;
2563 4656 2681 4722 alii,
2697 4673 2959 4730 quorum
2998 4657 3247 4713 meliora
3253 4658 3488 4729 judicia
3525 4675 3662 4717 cen-

2007 4753 2204 4803 suerat
2237 4747 2925 4819 imperator,adversari:
2953 4750 3105 4802 alter
3137 4748 3364 4815 enim,»
3395 4749 3658 4818 aiebant,

2011 4861 2030 4887 ι
2059 4843 2214 4892 retro
2256 4853 2364 4890 nos
2387 4837 2463 4891 ad
2487 4835 2939 4908 Adrianopolim
2959 4837 3186 4893 ducens
3210 4844 3488 4910 exaequat
3513 4838 3662 4896 illud

2006 4927 2169 4999 quod
2193 4932 2329 4982 ante
2356 4926 2431 4982 ad
2455 4926 3119 4999 Stenimachioppidum
3144 4929 3272 4994 fert,
3293 4930 3664 5002 etquemad-

2008 5017 2249 5072 modum
2267 5017 2345 5071 ibi
2361 5017 2827 5072 necessariorum
2841 5017 3564 5089 copia,sicetStenimachi
3578 5019 3664 5077 af-

2006 5106 2156 5161 ﬂuit.
2185 5106 2288 5161 Ubi
2318 5108 2396 5161 ita
2419 5106 2716 5174 egerimus
2731 5107 3358 5180 nequetimore,quem
3396 5109 3665 5166 exhosti-

2006 5196 2122 5250 bus
2139 5197 2612 5268 conceperimus,
2628 5211 2820 5268 neque
2837 5198 3206 5268 tempestatis
3236 5199 3552 5270 asperitate
3569 5215 3666 5256 re-

2007 5296 2095 5341 tro
2112 5287 2242 5357 cogi
2266 5285 2701 5357 judicabimur.
2720 5308 2747 5335 »
2763 5285 2991 5341 Dictum
3010 5287 3459 5360 approbaverat
3475 5290 3666 5363 impe-

2004 5379 2257 5431 rator.Et
2271 5393 2408 5431 cum
2423 5376 2577 5432 acris
2591 5376 2776 5432 hiems
2791 5376 3401 5451 mitesceretnivisque
3415 5380 3670 5452 impetus

2007 5466 2282 5534 stetisset,
2317 5471 2557 5538 postero
2587 5466 2685 5522 die
2707 5467 2971 5538 receptui
3002 5467 3244 5537 signum
3289 5467 3421 5525 dari
3473 5470 3670 5541 jussit.

2007 5555 2148 5610 Inde
2181 5556 2493 5628 copiarum
2525 5556 2798 5613 cohortes
2829 5555 3156 5614 desumens
3215 5558 3672 5618 Stenimachum

2006 5647 2334 5714 contendit,
2362 5654 2414 5703 et
2457 5665 2592 5704 cum
2629 5648 2853 5706 ibidem
2884 5650 3210 5706 exercitum
3242 5656 3667 5712 exsaturassct:

2005 5742 2168 5793 recta
2207 5739 2560 5809 Tzepaenam
2589 5738 2696 5794 iter
2723 5738 2940 5810 dirigit,
2975 5739 3369 5813 pervenitque
3419 5741 3668 5801 tandem
