4470 6452
800 391 936 444 H39

2118 384 2402 444 GEORGII
2427 387 2895 445 ACROPOLITE

4031 397 4171 454 1140

796 512 857 568 in
889 510 1187 583 oppidum
1226 509 1608 578 Vatcunium,
1632 509 1797 581 quod
1841 525 1948 580 per
1965 509 2166 583 plures
2187 511 2312 567 dies
2334 529 2456 568 ma-
2500 516 2542 568 A

2400 529 2456 568 θ,-
2500 516 2542 568 Α
2574 533 2770 586 κριταί,
2802 513 3414 589 τούναντίονείρήκασιν.
3438 515 3675 587 Ἐφησαν
3697 520 3785 569 καὶ
3811 521 3934 590 γὰρ,
3965 543 3994 571 ‹‹
4026 520 4165 580 "On;

796 601 962 657 ximo
995 600 1275 654 exercitui
1307 598 1548 653 abunde
1591 598 1900 670 effuseque
1921 605 2123 670 posset
2175 600 2458 657 alimenta

799 689 1204 761 suppeditare.
1240 691 1318 742 Ex
1353 703 1423 742 eo
1451 692 1737 758 patruum
1771 705 1948 742 suum
1980 688 2309 744 Manuelem
2353 679 2456 745 La-

799 779 950 833 scari
963 795 1015 832 m
1029 822 1041 844 ,
1066 779 1107 846 ι
1124 778 1239 848 29
1254 777 1357 848 qui
1375 776 1682 831 monachis
1698 778 1944 832 nomine
1957 777 2096 832 dato
2111 794 2330 833 nomen
2347 779 2459 835 sibi

798 867 1036 924 Maximi
1069 869 1504 936 assumpserat,
1538 870 1595 919 et
1644 864 1856 936 Allagii
1910 866 2255 937 praefectum
2307 869 2460 923 Con-

799 955 1126 1010 stantinum
1163 954 1540 1022 Margaritem
1569 953 1770 1008 locum
1803 955 2056 1009 invisere
2077 955 2255 1025 misit,
2281 955 2459 1011 refer-

799 1059 983 1117 reque
1016 1043 1062 1098 si
1094 1042 1228 1114 quis
1252 1042 1329 1096 ad
1362 1058 1503 1097 eum
1536 1042 1733 1096 aditus
1764 1042 1931 1097 militi
1971 1043 2159 1098 facilis
2209 1050 2458 1116 pateret.

800 1133 902 1189 lsti
959 1132 1199 1197 oculati,
1260 1131 1546 1186 omnibus
1615 1131 1729 1186 loci
1801 1131 2073 1203 partibus
2128 1135 2457 1204 perpensis.

803 1237 1128 1278 ascensum
1163 1219 1396 1275 facilem
1431 1235 1557 1274 esse
1589 1220 1888 1289 nuntiant,
1923 1226 1979 1275 et
2008 1221 2269 1278 maxime
2315 1226 2463 1279 Con—

804 1312 1100 1368 stautinus
1133 1310 1488 1380 Margarites,
1514 1310 1646 1365 licet
1668 1310 1785 1376 alii,
1814 1310 1915 1381 qui
1937 1310 2071 1366 loca
2091 1313 2316 1383 optime
2358 1327 2459 1367 no-

804 1406 1034 1471 verant,
1072 1399 1569 1469 contradiccrent,
1636 1398 1796 1453 Illius
1843 1400 2222 1454 sermonibus
2275 1401 2460 1456 fretus

805 1489 1137 1561 imperator
1165 1504 1304 1542 cum
1336 1487 1612 1542 universo
1640 1487 1896 1543 exercitu
1925 1503 2237 1543 ascensum
2256 1493 2459 1545 tentat.

813 1581 1000 1636 Locus
1032 1581 1156 1633 erat
1186 1582 1524 1649 praeruptus
1555 1583 1611 1631 et
1643 1591 1894 1632 ascensu
1927 1579 2152 1632 arduus
2200 1580 2460 1648 :glacies

809 1684 916 1742 per
947 1669 1290 1723 universam
1318 1667 1481 1721 viam
1521 1665 1970 1732 conglomerata
2003 1673 2058 1722 et
2103 1667 2336 1723 levitate
2378 1668 2462 1724 lu-

805 1758 974 1814 brica
1002 1756 1592 1828 gressuiproperanti
1609 1755 1892 1810 obstabat
1917 1774 1929 1823 ;
1955 1757 2164 1827 spissae
2214 1758 2461 1814 arbores

803 1861 873 1903 ac
904 1846 1058 1901 foliis
1083 1846 1286 1900 densae
1309 1844 1546 1900 culmen
1588 1849 1975 1916 occuparant.
2014 1846 2294 1901 Cohortes
2341 1852 2460 1902 tota
2492 1871 2531 1925 Β

1127 1861 1286 1900 ensae
1309 1844 1546 1900 culmen
1588 1849 1975 1916 occuparant.
2014 1846 2294 1901 Cohortes
2341 1852 2460 1902 tota
2492 1871 2531 1925 Β
2570 1849 2885 1922 κεκλημένην

799 1952 872 1992 ea
896 1940 1068 1991 nocte
1117 1934 1264 1990 focis
1317 1934 1583 1989 accensis
1641 1933 1897 1990 calefieri
1955 1953 1967 1990 :
2034 1935 2459 2009 plerorumque

798 2026 959 2082 enim
994 2023 1202 2079 famuli
1233 2040 1370 2079 cum
1405 2023 1639 2093 attegiis
1671 2023 1952 2079 dominos
1977 2026 2306 2097 comperire
2337 2042 2460 2082 non

799 2119 1100 2189 poterant.
1130 2115 1472 2185 Omnesque
1504 2129 1723 2184 parum
1761 2113 2119 2186 abfuitquin
2143 2114 2349 2170 ﬂetum
2377 2117 2461 2171 in-

798 2205 1173 2260 desinentem
1205 2208 1262 2258 et
1291 2203 1526 2275 absque
1583 2203 1982 2258 mcestitudiue
2028 2204 2271 2260 flerent:
2317 2221 2460 2260 nam

803 2293 1006 2350 fumus
1033 2291 1242 2362 erogis
1274 2291 1567 2346 densitate
1602 2291 1888 2347 arborum
1923 2292 2461 2364 interceptus,cum

801 2382 861 2438 in
889 2397 1024 2437 aere
1048 2380 1196 2435 liber
1218 2381 1458 2449 evagari
1500 2380 1790 2452 nequiret,
1849 2380 2005 2436 infra
2073 2382 2460 2454 referebatur,

804 2471 1136 2542 oculosque
1151 2470 1227 2525 ad
1243 2470 1641 2526 extorsionem
1657 2486 1848 2542 usque
1865 2470 2259 2543 lacrymarum
2281 2473 2460 2529 laede-

802 2562 928 2619 bat.
962 2562 1300 2632 Hocipsum
1351 2561 1680 2632 imperator
1726 2577 1969 2632 quoque
2022 2567 2300 2633 expertus
2355 2569 2459 2619 est.

802 2654 1039 2720 Verum,
1075 2654 1283 2705 utnox
1314 2650 1597 2721 prmieriit
1637 2654 1694 2704 et
1741 2650 1869 2704 dies
1923 2652 2113 2722 coepit,
2167 2652 2462 2723 oppidum

804 2740 1065 2798 obsideri
1093 2739 1258 2794 haud
1286 2739 1453 2794 facile
1481 2754 1657 2811 posse
1698 2755 2092 2808 cognoscens,
2126 2741 2371 2796 militem
2403 2742 2462 2797 in

803 2830 1111 2903 planitiem
1131 2828 1494 2884 descendere
1521 2828 1720 2899 jussit.
1754 2828 1832 2883 Illi
1857 2829 2315 2885 descenderunt.
2349 2834 2466 2886 lm-

801 2925 1040 2993 perator
1071 2925 1271 2974 custos
1302 2923 1437 2990 post
1452 2934 1554 2973 eos
1585 2934 1721 2973 cum
1755 2919 1975 2987 exigua
2005 2919 2279 2984 militum,
2331 2920 2463 2992 qui-

798 3010 916 3066 bus
948 3010 1216 3082 corporis
1248 3008 1521 3064 custodia
1551 3008 1919 3064 demandata
1951 3015 2096 3076 erat,
2131 3026 2462 3083 eorumque

794 3102 1110 3174 juvenum,
1141 3116 1328 3156 manu
1347 3105 1751 3164 remanserat;
1775 3099 1910 3154 dein
1927 3106 1980 3155 et
1999 3101 2144 3172 ipse,
2166 3103 2461 3173 quemad-

796 3191 1052 3248 modum
1078 3195 1134 3246 et
1163 3189 1398 3262 reliqui,
1433 3188 1618 3261 pedes
1651 3190 1867 3261 (neque
1911 3190 2069 3244 enim
2124 3195 2250 3245 erat
2299 3208 2457 3264 equo

794 3282 1153 3339 insidentem
1180 3295 1285 3352 per
1311 3279 1477 3336 collis
1515 3284 1820 3352 praerupta
1841 3279 1951 3336 iter
1973 3280 2171 3351 agere)
2202 3281 2262 3336 in
2292 3298 2457 3338 cam-

796 3388 946 3445 pum
975 3370 1234 3426 devenit.

2573 605 2662 674 μεν
2694 605 2819 674 ἡμῖν
2849 599 2968 663 ὁδός
3016 602 3152 655 ἐστιν
3211 607 3421 657 ὄπισθεν
3461 604 3528 665 εἰς
3585 611 3677 662 τὴν
3725 603 4025 682 Ἀδριανοῦ,
4085 630 4170 663 το-

2575 694 2742 748 σαύτη
2774 691 2858 764 [Ρ.
2901 691 2991 762 66]
3029 697 3119 744 καὶ
3150 695 3438 764 ἔμπροσθεν
3479 693 3549 753 εἰς
3586 697 3644 744 τὸ
3697 703 3790 746 τοῦ
3845 700 4168 770 Στενιμάχου

2571 782 2703 832 ἄστυ
2734 782 3021 837 καθέστηκε
3061 801 3072 814 ι
3114 802 3204 832 και
3241 784 3414 856 ὥσπερ
3455 782 3557 833 ἐκεῖ
3609 791 3705 834 τῶν
3765 783 4036 856 χρειωδῶν
4091 787 4171 839 εύο

2569 877 2826 942 μοιρῆσαι
2865 871 3074 941 ἔχομεν,
3115 870 3250 922 οὑτω
3287 867 3354 928 δὴ
3417 891 3506 921 και
3562 870 3630 932 εἰς
3676 877 3762 924 τόν
3827 880 4165 947 Στενίμαχον.

2571 958 2722 1009 Οὑτω
2793 958 3074 1030 πράξαντες
3162 959 3221 1010 ού
3295 955 3540 1031 δόξαιμεν
3586 967 3689 1021 τοῖς
3738 961 3998 1034 πολεμίοις
4054 967 4170 1016 οὔτε

2572 1043 2744 1118 δειλίᾳ
2777 1067 2789 1080 ’
2821 1055 2883 1119 τῇ
2926 1052 3055 1120 πρὸς
3090 1048 3280 1108 αὑτούς
3333 1052 3449 1100 οὔτε
3505 1051 3593 1120 μεν
3645 1058 3706 1121 τῇ
3765 1058 3857 1102 τοῦ
3909 1061 4170 1124 χειμῶνος

2572 1132 2866 1209 δυσχερείᾳ
2931 1141 3024 1194 τὴν
3087 1138 3422 1209 ὑποστροφὴν
3479 1141 3829 1196 ποιήσασθαι,
3865 1160 3894 1188 ››
3936 1144 4167 1215 Αρεστόν

2569 1232 2694 1295 γοῦν
2726 1221 2870 1286 ἔδοξε
2899 1232 2969 1294 τῷ
3013 1223 3246 1296 βασιλεῖ,
3280 1246 3369 1277 και
3425 1225 3509 1278 ἐπί
3562 1234 3655 1289 τῆς
3704 1224 4028 1301 δριμύτητος
4081 1250 4171 1282 και

2572 1315 2596 1365 6
2643 1319 2842 1386 χειμὼν
2881 1313 3032 1386 ὓηγε
3097 1335 3187 1367 και
3234 1317 3264 1373 ἠ
3321 1324 3412 1377 τῆς
3465 1320 3643 1387 χιόνος
3691 1319 3817 1376 ἔστη
3867 1323 4018 1392 φορὰ,
4076 1324 4170 1377 τὴν

2572 1401 2820 1454 ἐπιοῦσαν
2871 1406 2929 1454 τό
2971 1401 3313 1460 ἀνακλητικὸν
3366 1404 3576 1475 ὴχῆσαι
3613 1405 3951 1474 προσέταξεν.
4014 1406 4173 1459 Ἐκεῖ-

2575 1493 2653 1542 θεν
2712 1487 2799 1542 οὖν
2867 1493 2960 1553 τὰς
3043 1493 3310 1554 συντάξεις
3378 1501 3476 1544 τῶν
3539 1497 3941 1567 στρατευμάτων
4002 1494 4171 1546 λαϐὼν

2573 1579 2728 1652 ἀπῄει
2766 1580 2835 1640 εἰς
2865 1583 2950 1632 τόν
2977 1586 3318 1653 Στενίμαχον.
3381 1581 3662 1634 Κάντεῦθεν
3715 1583 3803 1634 οὖν
3851 1587 3910 1634 τό
3962 1586 4172 1656 σύμπαν

2572 1669 2940 1724 ἐνσιτίσασθαι
3044 1671 3290 1733 κελεύσας
3370 1675 3665 1735 στρατευμα
3775 1675 3999 1725 κατευθὺ
4079 1682 4175 1735 τῆς

2569 1761 2862 1820 Τζεπαίνης
2942 1759 3151 1834 ὶχώερι.
3214 1766 3535 1819 Κατηντηκει
3590 1768 3712 1832 γοῦν
3774 1761 3823 1821 ἐς
3865 1762 4011 1814 πόλιν
4066 1761 4173 1814 ἔπι-

3397 1852 3578 1912 ὶκανὰς
3661 1851 3858 1923 ἡμέρας
3946 1856 4168 1924 μεγίστῃ

2572 1939 2845 2012 ἐξαρκέσαι
2908 1935 3198 2012 δυναμένην
3266 1939 3335 2001 εἰς
3394 1940 3680 2015 ζωὰρκειαν
3736 1946 3978 2014 στρατιᾷ,
4039 1941 4175 1994 Ἐκεῖ

3044 1671 3290 1733 κελεύσας
3370 1675 3586 1744 στρατευ
3591 1691 3665 1744 μα

2981 1853 3209 1901 Βατκούν
3218 1870 3312 1918 ιον,

2574 2030 2654 2080 θεν
2709 2025 2795 2080 οὖν
2851 2028 3161 2081 ἀπεστάλκει
3217 2032 3303 2081 τὸν
3357 2031 3489 2081 θεῖον
3546 2029 3705 2081 αὑτοῦ
3756 2033 3843 2081 τόν
3903 2032 4174 2103 Λὰσκαριν

2571 2118 2837 2185 Μανουὴ),
2896 2122 3128 2190 μοναχὸν
3175 2121 3296 2170 ὄντα
3351 2138 3442 2169 και
3488 2118 3726 2190 Μάξιμον
3776 2118 4173 2190 ὀνομαζόμενον,

2571 2227 2656 2259 και
2691 2211 2776 2259 τὸν
2807 2215 2898 2259 τοῦ
2945 2206 3193 2278 ἀλλαγίου
3250 2207 3411 2259 αὑτοῦ
3463 2208 3701 2279 ἄρχοντα
3758 2211 3843 2260 τὸν
3893 2212 4174 2282 Μαργαρί-

2571 2317 2664 2355 την
2749 2303 3154 2364 Κωνσταντίνον,
3208 2304 3563 2350 κατοπτεῦσαι
3630 2301 3716 2349 τόν
3773 2301 3952 2361 τόπον,
4012 2295 4178 2349 καὶεί

2572 2387 2944 2460 εύχερεστέραν
2997 2391 3090 2444 τὴν
3159 2390 3292 2460 πρὸς
3358 2386 3512 2438 αὑτόν
3601 2391 3810 2459 πορείαν
3875 2391 4038 2457 σχοίη
4117 2389 4177 2438 τὸ

2575 2479 2893 2551 στράτευμα.
2969 2479 3034 2528 Οἱ
3084 2472 3142 2528 δε
3207 2475 3440 2537 ἀπιόντες
3479 2496 3569 2528 και
3597 2478 3662 2528 τὰ
3719 2481 3836 2550 περί
3882 2481 3968 2528 τὸν
4020 2481 4177 2527 τόπον

2572 2571 3069 2626 κατασκοπῆσαντες
3138 2565 3328 2638 εὐχερῆ
3388 2568 3668 2637 τυγχάνειν
3715 2570 3809 2623 τὴν
3865 2561 4052 2617 ἄνοδον
4105 2573 4180 2635 τῷ

2575 2654 2788 2728 βασιλεῖ
2858 2654 3228 2726 κατήγγελλον,
3299 2675 3390 2707 και
3467 2655 3698 2727 μαλιστα
3752 2657 3777 2706 6
3834 2659 4181 2728 Μαργαρίτης

2575 2752 2978 2808 Κωνσταντῖνος,
3060 2749 3233 2797 καίτοι
3306 2764 3363 2817 γε
3416 2744 3612 2797 πολλῶν
3664 2753 3766 2796 τῶν
3827 2741 4040 2798 εἰδότων
4095 2743 4181 2795 ἁν-

2571 2834 2893 2904 τιλεγόντων.
2928 2841 3047 2896 Τοῖς
3101 2842 3226 2905 γοῦν
3285 2837 3466 2886 τούτου
3513 2833 3680 2905 λόγοις
3709 2835 3943 2894 πεισθείς
3988 2835 4014 2885 6
4068 2831 4182 2905 βα-

2574 2923 2744 2984 σιλεὺς
2777 2925 2906 2994 μετὰ
2935 2927 3108 2984 πὰσης
3173 2931 3264 2984 τῆς
3305 2930 3552 2999 στρατιᾶς
3609 2922 3772 2996 ἀνῄει.
3810 2927 3910 2975 Καί
3961 2919 4020 2980 ἧν
4087 2925 4183 2994 μὲν

2571 3015 2734 3071 πάντη
2773 3012 2992 3071 ἁνὰντην
3025 3015 3050 3065 ό
3090 3022 3266 3088 χῶρος
3297 3018 3390 3071 τὴν
3430 3009 3638 3081 ἄνοδον,
3693 3032 3784 3064 και
3812 3015 4031 3084 παγετός
4088 3016 4187 3068 τὴν

2571 3099 2695 3155 ὁδον
2726 3109 2900 3156 πᾶσαν
2954 3103 3236 3177 πολύτερός
3283 3123 3335 3156 τε
3380 3123 3472 3155 και
3517 3102 3647 3162 λεῖος
3694 3098 3928 3175 βαδίσαι
3982 3098 4190 3172 δυσχε-

2568 3197 2814 3268 ρεστέραν
2844 3192 3024 3260 ἐποίει,
3065 3201 3326 3265 συνηρεφῆ
3374 3212 3426 3244 τε
3465 3212 3554 3244 και
3605 3191 3767 3244 λὰσια
3818 3188 4015 3266 δένδρα
4060 3194 4186 3263 περὶ

2565 3286 2657 3340 τὴν
2717 3281 3020 3356 ἀκρώρειαν.
3080 3278 3160 3341 ἧν.
3212 3281 3269 3334 Ἠ
3316 3285 3405 3354 μεν
3461 3277 3548 3334 οὖν
3605 3283 3830 3355 στρατιά
3888 3284 3981 3337 τὴν
4025 3282 4193 3330 νύκτα

2563 3379 2736 3424 πᾶσαν
2821 3372 3015 3431 ἐκείνην
3071 3373 3334 3446 πυρκαϊὰς
3395 3369 3676 3441 ἀνὰψαντες
3741 3369 4095 3444 ἐθερμαίνοντο
4142 3389 4157 3402 ο

803 3471 902 3514 τῶν
929 3464 1027 3536 γὰρ
1056 3459 1298 3512 πλειόνων
1332 3461 1381 3511 οἱ
1411 3460 1666 3534 ὑπηρέται
1704 3461 1834 3531 μετὰ
1859 3468 1958 3511 τῶν
1994 3467 2193 3518 σκηνῶν
2227 3459 2394 3512 αὐτῶν
2420 3461 2513 3514 ούκ
2576 3458 2921 3520 ἠδυνήθησαν
2994 3464 3114 3522 τούς
3156 3469 3293 3534 σφῶν
3339 3466 3553 3535 κυρίους
3609 3461 3792 3535 εὑρεῖν.
3840 3458 4076 3513 Ἐκλαιον
4123 3445 4197 3510 δ’⁸

805 3558 997 3625 μικροῦ
1071 3546 1178 3601 δεῖν
1232 3548 1496 3620 κλαυθμόν
1546 3550 1837 3614 ἄπαυστον,
1902 3549 1944 3601 εἰ
2002 3570 2090 3601 και
2157 3549 2351 3602 ἀλυπον
2385 3572 2396 3585 ’
2467 3553 2492 3602 6
2560 3554 2658 3624 γὰρ
2705 3552 2760 3604 ἐκ
2810 3561 2909 3603 τῶν
2947 3559 3213 3624 πυρκαῑῶν
3272 3553 3466 3612 καπνὸς
3510 3551 3611 3602 ὑπό
3654 3558 3750 3611 τῆς
3803 3557 3903 3601 τῶν
3950 3543 4188 3622 δένδρων

799 3645 1119 3700 πυκνότητος
1156 3642 1518 3710 συνέχὸμενος,
1541 3659 1629 3689 και
1657 3635 1896 3701 διέξοδον
1929 3639 1998 3699 εἰς
2025 3638 2280 3712 ἐλεύθερον
2308 3639 2435 3715 ἀέρα
2463 3644 2533 3713 μὴ
2569 3643 2825 3714 εὑρίσκειν
2859 3637 3164 3713 δυνάμενος,
3187 3642 3313 3692 κοίτο
3363 3641 3631 3692 ὑπενόστει
3681 3658 3771 3689 και
3827 3641 3944 3698 τοὺς
3994 3636 4188 3709 ὀφθαλ-

799 3734 930 3804 μοὺς
959 3730 1026 3789 εἰς
1054 3732 1212 3802 ἄκρον
1245 3725 1427 3780 ἔδακνε
1457 3749 1546 3779 και
1566 3737 1664 3780 τῶν
1693 3728 1965 3800 ὀφθαλμῶν
1999 3729 2252 3789 εκπιεζειν
2284 3730 2642 3802 κατηνάγκαξε
2667 3726 2918 3804 δάκρυον.
2951 3737 3114 3783 Τοῦτο
3144 3730 3280 3781 καιό
3315 3727 3563 3802 βασιλεὺς
3615 3727 3880 3780 ἐπεπόνθει
3927 3725 4011 3786 Ὠς
4061 3723 4118 3778 δὲ
4151 3726 4184 3783 ἠ

798 3821 891 3883 νύξ
916 3825 1106 3892 παρηει
1129 3839 1218 3870 και
1244 3821 1413 3891 ἡμέρα
1445 3818 1754 3890 ἐπέλαμψεν,
1783 3817 2181 3892 ἀνεπιχείρητον
2209 3820 2274 3880 εὶς
2306 3820 2606 3892 πολιορκίαν
2633 3816 2760 3872 εἶναι
2790 3824 2846 3872 τὸ
2873 3821 3009 3872 οἰστυ
3057 3824 3319 3891 γνωρίσας
3367 3822 3599 3870 κατιέναι
3615 3819 3991 3891 προσετετάχει
4060 3814 4104 3874 ἐς
4122 3818 4186 3865 τὸ

797 3906 978 3964 πεδίον
1007 3913 1099 3966 τὴν
1126 3911 1395 3982 στρατιὰν.
1434 3915 1533 3961 Kac
1559 3910 1606 3960 οἱ
1627 3909 1717 3980 μεν
1745 3907 2000 3976 ἀπηεσαν,
2036 3910 2059 3958 6
2083 3905 2142 3961 δὲ
2164 3909 2326 3981 φύλαξ
2356 3911 2566 3962 ὄπισθεν
2588 3912 2719 3982 μετά
2739 3915 2959 3985 μετρίων
2993 3909 3324 3981 ἐναπελείφθη
3360 3916 3709 3982 στρατιωτῶν,
3756 3926 3845 3958 και
3871 3908 4065 3958 τούτων
4096 3923 4191 3956 πε-

796 4007 1022 4074 ριαυτῶν
1043 4018 1095 4051 τε
1125 4019 1214 4050 και
1245 4002 1518 4072 νεωτέρων.
1566 4001 1889 4050 Κατόπισθεν
1923 3996 1982 4050 δὲ
2007 4018 2096 4049 και
2118 3999 2275 4061 αὐτος
2294 4004 2479 4058 κατῄει
2517 4000 2692 4070 πεζός,
2737 4003 2802 4061 ὡς
2818 4019 2906 4051 και
2937 3999 3192 4051 οἱλοιποί·
3241 3994 3365 4050 οὐδὲ
3394 3999 3495 4070 γὰρ
3552 3993 3612 4055 ἧν
3659 3992 3882 4048 δυνατόν
3957 3995 4185 4052 ἱππότην

799 4089 1030 4167 βαδίσαι
1070 4109 1188 4164 περι
1216 4093 1273 4142 τὸ
1304 4092 1548 4150 κάταντες
1569 4097 1659 4140 τοῦ
1708 4087 1924 4161 βουνοῦ.

870 4183 956 4238 60.
994 4184 1035 4251 1
1051 4180 1384 4252 301bique
1407 4196 1510 4252 per
1531 4180 1684 4234 duos
1707 4179 1833 4234 dies
1849 4184 2163 4235 cunctatus
2181 4182 2237 4233 et
2259 4182 2464 4234 Batcu-

2424 4194 2464 4233 I-
2649 4178 2908 4241 ξἚκείσε
2935 4185 3061 4249 γοῦν
3094 4179 3138 4212 ³⁷
3189 4179 3386 4250 ἡμέρας
3432 4171 3688 4235 διανύσας
3728 4171 3850 4239 δύο,
3900 4193 3990 4225 και
4045 4172 4189 4225 λείαν

798 4271 969 4328 nium
1011 4269 1443 4342 depopulatus,
1477 4285 1683 4324 rursus
1718 4268 2169 4341 Adrianopolim
2203 4267 2462 4340 indeque

2424 4284 2462 4322 ,e
2575 4273 2669 4327 τὴν
2713 4275 2894 4341 κώμην
2974 4271 3274 4329 πεποιηκὼς
3316 4271 3374 4318 τό
3433 4268 3741 4318 Βατκούνιον
3799 4267 3924 4334 (25),
3979 4262 4026 4324 ἐς
4092 4267 4189 4320 τὴν

801 4360 1212 4433 Didymotaech
1222 4376 1317 4414 um
1331 4359 1559 4431 repetit.
1582 4359 1690 4415 Ubi
1703 4359 1994 4414 exercitus
2009 4358 2288 4414 ductores
2301 4357 2462 4428 eligit
2505 4360 2546 4413 D

2424 4358 2462 4415 it
2505 4353 2862 4433 ΒἈδριανοῦ
2925 4377 3015 4437 και
3095 4352 3240 4416 αὖθις
3330 4354 3642 4430 ὑπέστρεψε,
3715 4351 3947 4406 κάκεῖθεν
4010 4352 4077 4413 εἰς
4125 4356 4189 4404 τό

880 4561 921 4595 ⁸⁷
950 4562 992 4614 Ι)
1029 4577 1041 4614 :
1069 4559 1205 4612 Ἐκεῖ
1235 4554 1294 4610 δε
1322 4555 1418 4610 δύο
1452 4557 1649 4619 ἀνύσας
1688 4559 1905 4630 ἡμέρας,
1930 4577 2019 4608 και
2039 4556 2177 4608 λείαν
2209 4561 2301 4614 τὴν
2328 4555 2474 4607 πόλιν
2502 4559 2800 4617 πεποιηκὼς
2830 4557 2886 4606 τό
2916 4553 3241 4618 Βατκούνιον,
3267 4553 3316 4612 ἐς
3339 4548 3620 4624 Ἀδριανοῦ
3657 4552 3818 4630 ἧκενη
3847 4549 4091 4630 *κάκεῖθεν
4137 4548 4194 4610 ἐς

807 4629 1210 4703 Δὶδυμότειχον.
1241 4636 1340 4684 Καὶ
1373 4623 1767 4702 διαπεραιωθεὶς
1791 4623 1884 4681 ’τον
1915 4629 2308 4687 Ἑλλησποντον.
2337 4634 2454 4699 περὶ
2492 4627 2905 4703 τὴν-Λαμψακον
2936 4633 3134 4694 σκηνοῖ,
3167 4631 3255 4676 καὶ
3283 4623 3535 4703 Γεωργιον
3559 4623 4010 4703 τόᾳνιῖδῆουςίιιιωινα¹
4045 4640 4192 4693 πρωο

807 4686 1222 4777 τοσεξεσϐαΙᾶτόν
1249 4708 1337 4755 καὶ
1377 4686 1849 4777 πρωτοϐεστιὰριον
1868 4701 1978 4770 ('26)
2006 4707 2094 4752 καὶ
2118 4707 2278 4772 μέγαν
2309 4686 2946 4777 στράτοπεδὰιοχηνρὸ)
2968 4705 3122 4760 ποιεῖ,
3153 4693 3341 4777 τόνιδξεξ⁵
3367 4686 3526 4777 αὑτοῦ
3558 4692 3778 4777 ἀδελφόν
3830 4691 4187 4777 ’Δνδρόνικοη

806 4781 968 4849 μέγαν
999 4773 1309 4848 δομέστικον
1350 4765 1435 4826 τὸν
1491 4771 1549 4826 δὲ
1588 4765 1834 4845 Ἀγγέλον
1866 4765 2582 4849 Ἰωάννην’πρ’ωτοστρατόρα,
2616 4765 3128 4844 πρωτοϐεστιαρίτην
3155 4770 3267 4836 (27)
3297 4765 3355 4821 δὲ
3385 4772 3471 4821 τόν
3519 4765 3849 4841 Καρυανίτην
3875 4765 4180 4823 πεποίηκεν.

809 4842 980 4905 Ἀὺτοῦ
1005 4842 1074 4901 δὲ’
1117 4851 1212 4910 τὰς
1241 4847 1422 4921 ἑορτὰς
1447 4855 1547 4899 τῶν
1579 4842 2004 4921 Χριστουγέννων
2035 4850 2125 4897 καὶ
2150 4842 2330 4916 γώτων
2365 4842 2686 4905 διαϐιϐάσας
2717 4843 2881 4900 εἱσὴει
2903 4845 2960 4894 τὸ
2981 4842 3292 4913 Νύμφαιον.

1699 5039 2041 5108 Theodori
2092 5040 2344 5108 Dousa;
2392 5049 2458 5108 et
2504 5037 2756 5106 Leonis
2805 5037 3039 5105 Allatii
3088 5044 3290 5104 notae.

1864 5239 2177 5291 Βακτούνιον
2267 5236 2468 5292 scribit

1073 5240 1407 5293 Βατκούνιον.
1533 5238 1768 5296 Nicetas

2577 5235 2856 5292 mesticus
2883 5237 2937 5290 et
2963 5238 3389 5303 prolostrator,
3409 5246 3546 5303 qua;
3569 5229 3746 5287 ofﬁcii
3769 5229 4018 5303 nomina
4042 5246 4197 5287 mox

2578 5302 3054 5379 subsequuntur,
3087 5303 3300 5360 nullibi
3349 5302 3565 5359 melius
3611 5319 3797 5375 quam
3837 5302 3920 5358 ibi
3964 5302 4194 5359 disces.

2577 5382 2780 5435 Dovsa.

2646 5452 2764 5524 (27)
2805 5449 3348 5524 Ilpwronrtapirm.
3403 5445 3761 5524 Differebant
3804 5445 4092 5524 dignitate
4129 5451 4197 5503 et

2575 5518 2822 5578 munere
2853 5518 2894 5574 ’ό
2922 5518 3400 5594 πρωτοεεστιάριος
3431 5525 3487 5574 et
3533 5522 3558 5570 6
3608 5518 4189 5594 «peiuroGwrmpir-ng.

2576 5595 2833 5660 Clarum,
2869 5590 3023 5661 ecce,
3075 5610 3145 5647 ex
3180 5590 3295 5648 hoc
3345 5592 3499 5658 loco,
3551 5595 3608 5646 et
3648 5590 4018 5647 adnotatum
4053 5591 4190 5660 jam

2576 5675 2712 5723 ante
2736 5684 2807 5722 ex
2845 5667 3069 5722 Codino
3103 5668 3162 5718 V.
3202 5667 3260 5721 C.
3296 5664 3510 5719 Joanni
3540 5663 3813 5719 Meursio.
3846 5662 3985 5719 Vide
4017 5662 4191 5720 Glos-

2575 5741 2803 5797 sarium
2835 5739 2896 5795 in
2931 5737 3254 5811 βεστιάριον.
3289 5736 3497 5793 DOUSA.

867 5244 982 5313 (25)

795 5314 1020 5370 Dousa.

867 5389 982 5456 (26)
1056 5381 1494 5457 Πρωτοσέϐαστον
1581 5387 1670 5457 καὶ
1720 5454 1734 5457 _
1792 5381 2286 5457 «proroti’ea'rtjpvov.
2343 5382 2466 5457 _De

791 5452 886 5515 his
933 5452 1326 5528 dignitatibus
1408 5452 1840 5528 consulendum
1909 5471 2037 5510 esse
2097 5452 2465 5510 Glossarium

793 5529 1026 5588 Meursii
1062 5544 1247 5598 supra
1288 5527 1659 5598 monuimus.
1692 5531 1905 5583 DOUSA.

870 5602 984 5674 (26)
1060 5596 1236 5671 Μέγαν
1295 5597 1794 5674 στρατοπεδάρχην.
1869 5596 2465 5674 Quantae_dignitatis

796 5670 972 5733 fuerit
1001 5670 1257 5743 magnus
1275 5670 2068 5742 stfalopedafblza,ostendit
2096 5670 2253 5725 idem
2285 5672 2463 5743 Meur-

805 5748 928 5804 sius
958 5745 1020 5802 in
1055 5742 1441 5802 eXactissimo
1477 5761 1675 5819 opere.
1713 5749 1850 5801 Item
1887 5745 2023 5817 quis
2053 5758 2310 5814 magnus
2366 5742 2465 5798 d0-
