4470 6452
790 376 925 431 1143

2089 375 2369 434 GEORGII
2403 376 2859 435 ACBOPOLITE

4018 389 4157 446 1144

786 498 1205 567 censebantur,
1239 499 1345 556 sed
1370 514 1473 557 eos
1495 502 1784 573 prmterea
1812 500 1918 573 qui
1945 515 2258 573 nunquam
2289 501 2441 558 inter
2480 503 2528 555 A

2385 515 2441 557 er
2480 503 2528 555 A
2559 503 2657 575 γὰρ
2708 507 2862 575 μόνον
2936 507 3054 566 τοὺς
3092 511 3429 579 τεταγμένους
3509 504 3724 561 ὀπαδεῖν
3786 514 4150 583 προσέταττεν,

783 587 1072 644 militares
1096 590 1304 660 copias
1336 589 1574 646 fuerunt
1595 590 2002 662 asserti,sequi
2024 590 2210 646 voluit
2238 608 2250 645 :
2274 606 2445 646 nam-

784 692 903 749 que
919 676 1257 746 confestim,
1281 679 1385 750 qui
1406 678 1465 734 in
1484 678 1907 734 venationibus
1944 681 1985 749 ι
2000 679 2113 750 32
2139 679 2448 751 capiendis

784 763 948 832 feris,
973 766 1164 821 cervis
1191 772 1247 821 et
1275 767 1495 839 porcis,
1532 782 1638 822 nec
1666 782 1790 823 non
1816 768 2166 839 accipitrum
2188 768 2449 840 aucupio

784 852 1250 925 imperatoribus
1276 854 2002 921 inserviebant,universis
2039 857 2275 928 penitus
2299 857 2451 912 inter

786 941 1007 998 milites
1050 944 1401 1016 conscriptis
1446 944 1655 1014 ingens
1688 944 1942 1000 militum
1973 945 2062 1001 vis
2091 950 2451 1015 exaggerata

788 1036 903 1090 est.
963 1034 1343 1105 Imperatoris
1382 1049 1626 1105 quoque
1680 1033 1877 1090 studia
1923 1035 2181 1100 animos,
2212 1034 2450 1107 utquid

788 1121 965 1177 solito
996 1121 1359 1177 cumulatius
1410 1122 1707 1178 deferrent
1755 1124 2156 1179 concitabant.
2205 1126 2323 1179 Hac
2360 1139 2449 1179 ra-

783 1210 943 1267 tione
977 1210 1292 1266 universas
1318 1210 1522 1284 copias
1545 1211 1841 1268 conﬂavit.
1872 1215 1939 1267 Et
1967 1229 2104 1268 cum
2132 1215 2445 1269 Persarum

779 1298 1114 1372 principem
1148 1299 1573 1356 Tacbariorum
1618 1300 1895 1356 molestia
1934 1301 2187 1357 liberum
2236 1302 2445 1372 legatis

776 1387 982 1445 missis
1004 1390 1411 1458 cognovisset,
1436 1394 1598 1445 recta
1627 1405 1697 1444 ex
1726 1390 1956 1446 Oriente
1977 1391 2037 1445 in
2065 1390 2443 1446 Occidentem

776 1476 1070 1548 graditur.
1120 1479 1395 1549 Namque
1441 1493 1575 1533 cum
1605 1479 1937 1533 Persarchas
1960 1494 2054 1533 res
2077 1494 2208 1534 esse
2235 1480 2295 1533 in
2318 1484 2443 1535 tuto

778 1565 1101 1622 collocatas
1136 1569 1192 1620 et
1222 1567 1349 1621 sine
1382 1566 1725 1621 discrimine
1751 1567 2268 1639 apprehendisset,
2300 1556 2444 1623 nihil

774 1654 849 1710 de
881 1670 990 1709 suo
1021 1653 1185 1726 apud
1212 1654 1507 1711 Orientem
1537 1655 1787 1727 imperio
1817 1656 2029 1711 hostile
2058 1656 2441 1726 timebat.lgi-

775 1749 872 1801 tur
892 1744 1121 1814 majore
1156 1760 1335 1816 quam
1375 1761 1646 1816 unquam
1681 1745 1771 1800 vel
1799 1750 1966 1817 pater
1996 1745 2151 1801 illius
2184 1749 2443 1801 Joannes

2560 588 2687 643 ἀλλά
2720 596 2951 656 καὶτοὺς
2980 591 3110 665 μηδ’
3150 595 3273 657 ὅλως
3322 596 3370 648 έν
3399 597 3542 660 τάξει
3566 602 3690 651 ποτε
3743 598 4005 661 τελοῦντας
4060 610 4154 663 τῆς

2562 686 2828 753 στρατιᾶς.
2905 681 3106 735 Αὐτίκα
3185 688 3284 759 γὰρ
3362 689 3484 747 τοὺς
3544 685 3982 759 ὶξυπηρετοῦντας
4050 697 4157 750 τοῖς

2560 766 2871 841 βασιλεῦσιν
2937 769 2986 822 ἐν
3027 773 3208 846 θήραις
3272 778 3405 840 [ταῖς
3439 782 3538 827 τῶν
3578 776 3748 849 θηρῶν
3784 777 3998 850 ἄγραις]
4036 776 4157 830 ἑλά-

2561 878 2664 929 φων
2701 876 2756 910 τε
2784 863 2875 910 καὶ
2912 858 2997 930 [Ρ.
3050 860 3142 934 68]
3200 868 3420 935 χοίρων,
3487 867 3573 915 xui
3627 868 3745 924 τούς
3816 861 3890 917 δι’
3943 867 4158 941 ἱεράκων

2562 949 2886 1019 θηρεύοντας,
2957 952 3152 1012 πάντας
3215 951 3530 1014 ἁπαξαπλῶς
3584 962 3976 1026 στρατιωτικοῖς
4040 974 4163 1008 συν-

2559 1041 2750 1107 τέταχε
2784 1040 3042 1109 τάγμασι.
3086 1044 3187 1092 Καὶ
3227 1037 3287 1098 ἦν
3322 1044 3379 1093 τὸ
3408 1046 3725 1114 συνηγμένον
3771 1043 3968 1103 πλῆθος
4003 1043 4156 1112 πολὺ,

2559 1129 2648 1178 xui
2680 1128 2709 1183 ἡ
2745 1133 2837 1178 τοῦ
2871 1136 3179 1200 κρατοῦντος
3210 1125 3269 1182 δι
3305 1128 3449 1203 ἁρχὴ
3484 1131 3749 1202 ἠνάγκαζε
3792 1135 3915 1193 τούς
3949 1132 4157 1193 πλείους

2556 1222 2657 1267 τῶν
2714 1214 2964 1268 εἰωθότων
3020 1221 3191 1291 ¹φέρειν
3264 1238 3316 1270 τι
3372 1224 3754 1294 περιττότερον.
3821 1221 3975 1273 Οὕτω
4027 1228 4155 1292 γοῦν

2554 1308 2729 1355 πᾶσαν
2789 1310 3185 1376 πναγηοχὴκει
3240 1310 3334 1364 τὴν
3377 1309 3650 1379 στρατιάν.
3680 1307 3769 1368 Ὠς
3825 1305 3885 1361 δε
3934 1313 4023 1360 καὶ
4066 1312 4153 1361 τόν

2556 1393 2876 1466 Περσάρχην
2900 1397 3009 1463 (29)
3049 1399 3121 1465 μὴ
3162 1397 3450 1470 πράγματα
3475 1399 3615 1468 ἔχειν
3644 1416 3789 1469 παρα
3822 1406 3925 1449 τῶν
3961 1404 4153 1468 Ταχα-

2552 1485 2675 1553 ρίων
2768 1480 3045 1553 πρεσϐείαν
3100 1481 3464 1545 ἐξαποστείλας
3538 1482 3871 1557 ἐμεμαθήκει,
3930 1488 4152 1539 κατευθὺ

2550 1572 2677 1640 πρὸς
2732 1572 2826 1627 τὴν
2889 1567 3101 1642 δυσμὴν
3162 1570 3218 1623 ix
3268 1580 3359 1632 τῆς
3413 1572 3478 1625 ἔω
3530 1571 3719 1645 ἕχώρει
3767 1594 3780 1607 -
3826 1572 3994 1634 καλῶς
4047 1576 4151 1647 γὰρ

2552 1660 2693 1729 ἔχειν
2744 1660 2832 1709 τὸν
2902 1662 3221 1732 Περσάρχην
3277 1669 3376 1713 τῶν
3430 1660 3621 1714 ἐκείνου
3677 1666 3999 1737 πραγμάτων
4053 1663 4156 1715 οἰό-

2551 1767 2695 1819 μενος
2724 1753 2813 1799 καὶ
2856 1746 3095 1820 ἀσφαλῶς
3124 1754 3310 1821 μένειν,
3370 1747 3486 1803 οὐδ’
3538 1750 3663 1813 ὅλως
3707 1758 3825 1824 περὶ
3874 1761 3937 1824 τῇ
3993 1752 4155 1805 αὑτοῦ

774 1833 871 1890 vel
900 1834 1027 1905 ipse
1058 1838 1236 1889 antea
1259 1840 1693 1906 comparasset,
1727 1836 1988 1891 exercitu
2018 1836 2329 1901 instructo,
2363 1837 2441 1892 ad
2473 1830 2513 1883 Β

2390 1837 2441 1892 id
2473 1830 2513 1883 Β
2552 1840 2687 1889 κατα
2718 1842 2811 1895 τὴν
2851 1839 2915 1889 ἕω
2960 1834 3153 1891 ἐδεδίει
3202 1838 3376 1912 ἀρχῇ.
3438 1844 3544 1898 Τὴν
3586 1847 3761 1893 πᾶσαν
3816 1860 3942 1912 γουν
3990 1859 4155 1899 συνη-

776 1921 1181 1980 transfretand
1192 1939 1291 1978 um
1321 1922 1771 1995 Hellespontum
1789 1926 2187 1996 Lampsacum
2207 1926 2441 1998 proﬁci-

778 2012 1154 2077 scitur,etiam
1169 2012 1752 2085 quosDidymotmchi
1766 2013 2438 2084 reliqueratincolumes,

777 2101 862 2157 uti
888 2100 1006 2156 illis
1037 2101 1452 2169 mandaverat,
1485 2100 1810 2169 offendere,
1842 2102 2075 2174 illisque
2104 2104 2439 2159 maximum

778 2190 1096 2247 exercitum
1120 2191 1414 2258 majorem
1439 2190 1632 2247 facere
1665 2207 1935 2263 sperans.
1970 2192 2185 2248 Atillos
2215 2193 2440 2249 ducum

776 2295 1062 2353 perversa
1084 2280 1359 2347 consilia,
1387 2279 1718 2352 prudentiae
1739 2286 1793 2335 et
1814 2280 2115 2336 ﬁdelitatis
2139 2298 2333 2338 vacua
2354 2289 2441 2338 at-

780 2369 1085 2435 triverant,
1098 2368 1599 2441 quandoquidem
1620 2369 2008 2439 Bulgarorum
2024 2370 2302 2444 princeps
2315 2371 2442 2427 lon—

774 2459 909 2529 gius
930 2459 973 2528 ι
987 2458 1100 2529 33
1121 2458 1331 2513 abesse
1352 2458 1768 2530 imperatorem
1782 2475 2181 2530 cognoscens,
2196 2462 2443 2518 auxilia~

773 2548 925 2604 riam
948 2548 1308 2619 Scytharum
1332 2547 1444 2603 sibi
1461 2564 1711 2604 manum
1735 2549 2023 2605 adscitam
2052 2550 2129 2605 ad
2151 2550 2314 2606 bona
2334 2567 2440 2624 op-

774 2636 1110 2709 pugnanda
1130 2637 1517 2709 timoremque
1533 2639 1817 2693 Romanis
1830 2638 2231 2694 incutiendum
2245 2641 2304 2695 in
2322 2642 2442 2697 Ma-

784 2724 1050 2781 cedoniae
1078 2724 1212 2781 loca
1235 2726 1543 2781 amandat.
1574 2728 1789 2782 Eorum
1820 2743 2107 2783 numerus
2137 2744 2255 2784 non
2288 2730 2444 2786 ultra

778 2821 1044 2887 quatuor
1063 2813 1274 2883 millia,
1302 2820 1367 2871 ut
1392 2831 1592 2870 rerum
1620 2817 1790 2885 gnari
1822 2817 2056 2888 Scytha:
2085 2818 2439 2885 referebant,

775 2904 885 2960 fuit
919 2923 933 2971 ;
965 2904 1240 2959 nonnulli
1292 2905 1511 2975 plures,
1546 2905 1642 2962 alii
1674 2907 1991 2978 pauciores
2034 2907 2439 2965 afﬁrmabant-

780 2993 1015 3064 Scythas
1030 2992 1486 3064 Adrianopolim
1502 3001 2043 3067 praetercurrentes,
2059 3014 2195 3069 quae
2217 2998 2444 3053 circum

779 3081 1007 3137 ﬂumen
1032 3082 1125 3137 cui
1150 3098 1374 3138 nomen
1400 3084 1595 3153 Hegias
1617 3089 1726 3151 est,
1751 3090 1809 3140 et
1832 3086 2057 3141 circum
2084 3087 2446 3158 Didymotoe-

2554 1928 2773 1998 θροικὼς
2846 1930 3094 2001 στρατιὰν
3150 1929 3366 1999 μείζονα
3425 1937 3526 1981 τῶν
3578 1948 3705 1981 ποτε
3759 1933 3904 2004 παρά
3958 1948 4011 1982 τε
4065 1937 4158 1982 τοῦ

2549 2020 2749 2090 πατρὸς
2802 2016 2962 2068 αὐτοῦ
3040 2015 3301 2089 βασιλέως
3357 2024 3448 2070 καὶ
3503 2021 3691 2071 τούτου
3761 2018 4157 2091 συνειλεγμένων

2552 2104 2623 2166 εἰς
2706 2109 2764 2157 τὸ
2839 2102 3292 2180 διαπεραιωθῆναι
3365 2110 3453 2160 τόν
3518 2106 3891 2166 Ἑλλήσποντον
3944 2106 4157 2180 ἀφίκετο

2551 2194 2624 2255 εἰς
2646 2198 2739 2252 τὴν
2778 2193 3093 2266 Λάμψακον,
3130 2194 3343 2256 ἐλπίσας
3390 2201 3480 2248 καὶ
3530 2200 3650 2257 τούς
3698 2199 3835 2249 κατὰ
3886 2200 3945 2248 τό
4000 2192 4157 2249 Διδυ-

2550 2288 2805 2355 μότοιχον
2832 2283 3324 2357 καταλελειμμένους
3384 2291 3551 2347 σώους
3596 2305 3649 2339 τε
3700 2288 3863 2359 εὑρεῖν
3915 2289 4046 2338 κατά
4091 2284 4160 2337 τὰ

2550 2377 2976 2448 προστεταγμένα
3046 2376 3244 2434 τούτοις
3324 2378 3414 2427 καὶ
3484 2374 3542 2427 ού
3595 2377 3786 2448 μικρὰν
3847 2377 4157 2448 προσθήκην

2549 2469 2611 2534 τῇ
2653 2462 2776 2535 ἀμφ’
2834 2462 2990 2514 αὐτὸν
3037 2470 3256 2537 στρατιᾲ
3308 2462 3723 2536 ἐμποιήσασθαι.
3776 2468 3910 2526 Τοὺς
3954 2461 4015 2517 δὲ
4064 2484 4158 2515 κα-

2550 2550 2799 2604 κοϐουλία
2844 2557 2934 2604 καὶ
2989 2555 3047 2603 τὸ
3114 2561 3449 2626 παρακοῦσαι
3491 2562 3582 2615 τῆς
3645 2552 3931 2627 βασιλικῆς
3990 2553 4159 2606 κελεύ·

2554 2660 2682 2703 σεως
2722 2641 2956 2714 ἔσφηλεν.
3016 2642 3154 2695 Ἐπεὶ
3209 2645 3311 2715 γὰρ
3374 2644 3400 2695 6
3455 2652 3552 2695 τῶν
3616 2644 3921 2719 Βουλγάρων
3970 2645 4156 2718 ἄρχων

2553 2736 2869 2806 μακρότερον
2920 2727 3122 2803 διάγειν
3171 2735 3257 2784 τόν
3300 2731 3525 2805 βασιλέα
3586 2732 3857 2804 ἐγίνωσκε,
3906 2735 4157 2785 Σκυθικόν

2557 2824 2857 2895 στράτευμα
2905 2820 2978 2881 εἰς
3031 2840 3277 2896 σφετεραν
3345 2826 3660 2894 συμμαχίαν
3731 2822 4160 2895 προσκαλεσάμε-

2554 2930 2639 2971 νος
2690 2914 2825 2963 κατὰ
2898 2918 2998 2962 τῶν
3050 2918 3144 2968 τῆν
3224 2908 3554 2973 Μακεδονίας
3617 2917 3807 2986 χώρων
3865 2911 4163 2983 ἕκπέπομφε

2554 2996 2777 3075 κέρδους
2802 3018 2855 3051 τε
2892 3002 3054 3073 χάριν
3100 3004 3193 3053 καὶ
3238 3008 3332 3061 τῆς
3387 3004 3517 3073 πρός
3564 3000 3851 3073 Ῥωμαίους
3900 3004 4034 3062 τινός
4080 3000 4164 3053 έκ-

2556 3088 2843 3162 φοϐἠσεως.
2911 3089 3229 3161 Ἠρίθμηντο
3284 3086 3343 3142 δε
3394 3093 3511 3163 περί
3587 3109 3687 3142 που
3741 3092 3831 3151 τὰς
3896 3095 4164 3164 τέσσαρας

780 3170 964 3226 chum
996 3170 1226 3243 oppida
1256 3172 1462 3227 omnia
1492 3173 1713 3245 praedis
1744 3190 1814 3230 ac
1839 3175 2064 3247 rapinis
2094 3176 2434 3232 vestabant.
2473 3183 2516 3237 C

2399 3182 2434 3232 ἰ.
2473 3183 2516 3237 C
2554 3174 2831 3251 χιλιάδας,
2874 3180 2943 3239 ὡς
2990 3180 3039 3230 οἱ
3091 3175 3282 3238 εἰδότες
3328 3180 3550 3250 ἔφασκον
3608 3181 3823 3236 Σκύθαι.
3880 3182 4018 3240 Τινὲς

781 3259 1073 3316 Exercitui
1096 3261 1261 3331 apud
1294 3262 1818 3333 Didymotaechum
1847 3264 2130 3336 praefecti,
2162 3266 2444 3336 neglectis

778 3349 1182 3421 imperatoriis
1213 3350 1521 3406 mandatis
1563 3368 1733 3407 arma
1765 3360 2067 3408 sumentes
2097 3354 2157 3409 in
2192 3355 2444 3427 Scythas

778 3438 1033 3495 irruunt.
1056 3440 1308 3496 Romani
1330 3456 1439 3513 pro
1460 3457 1627 3498 more
1655 3458 1764 3498 suo
1786 3443 1954 3513 gravi
1977 3449 2278 3500 armatura
2298 3461 2447 3517 prae-

780 3528 957 3584 cincti
994 3534 1185 3596 erant,
1237 3530 1470 3603 Scythae
1500 3531 1616 3586 levi
1646 3536 1702 3587 et
1755 3534 2059 3603 sagittarii.
2123 3536 2317 3599 Quare
2371 3535 2445 3590 de

780 3616 1116 3690 longinquo
1161 3617 1255 3674 isti
1304 3620 1519 3690 jaculis
1575 3624 1878 3678 Romanos
1910 3623 2224 3692 incessere,
2257 3640 2447 3695 equos

781 3706 1071 3778 sauciare,
1106 3712 1164 3763 et
1190 3708 1358 3781 gravi
1388 3725 1535 3765 casu
1558 3726 1628 3765 ex
1650 3711 1952 3783 equitibus
1976 3712 2207 3784 pedites
2228 3712 2446 3783 facere,

780 3795 1025 3853 tandem
1058 3796 1287 3868 fugare.
1322 3800 1525 3871 Itaque
1548 3800 1780 3857 Manuel
1812 3802 2079 3857 Lascaris
2103 3818 2260 3873 equo
2292 3803 2447 3859 velo-

782 3885 1056 3949 cissimo.
1114 3903 1289 3959 quem
1336 3888 1786 3960 Chrysopedem
1835 3890 2094 3956 dicebat,
2142 3890 2287 3961 fuga
2319 3908 2447 3948 sese

780 3974 1235 4049 Adrianopolim
1258 3976 1512 4034 intrusit.
1549 3980 1973 4036 Constantinus
2010 3982 2350 4051 Margarites
2394 3988 2447 4038 et

782 4080 918 4120 cum
964 4082 1035 4121 eo
1077 4066 1283 4138 plures
1320 4067 1421 4123 alii
1450 4068 1786 4124 cohortium
1825 4070 2022 4141 capita
2075 4070 2339 4139 Bulgaris
2378 4087 2448 4127 ac

785 4155 1018 4227 Scythis
1038 4157 1388 4212 venundata
1411 4162 1588 4229 capta
1610 4164 1764 4212 sunt.
1787 4157 1865 4213 De
1891 4159 1985 4213 his
2019 4160 2228 4216 certior
2258 4161 2449 4217 factus

781 4243 1111 4317 imperator
1132 4245 1408 4315 indoluit,
1450 4248 1857 4319 maturiusque
1889 4248 1950 4303 in
2005 4248 2451 4323 Bulgarophygi

779 4335 983 4392 locum
1018 4335 1337 4407 festinavit,
1372 4342 1428 4391 et
1456 4353 1735 4408 gressum
1770 4336 2091 4394 intendens
2116 4338 2448 4395 festinatio-

780 4441 922 4481 nem
977 4425 1344 4481 acceleravit.
1397 4425 1511 4482 Sed
1558 4426 2035 4497 speculatoribus
2091 4429 2447 4500 Scytharum

2556 3263 2643 3320 οὖν
2682 3272 2772 3319 καὶ
2802 3266 3028 3332 πλείους,
3070 3269 3119 3320 οἱ
3160 3263 3218 3319 δε
3266 3286 3357 3319 και
3405 3267 3646 3329 ἐλάττους
3715 3268 3903 3339 ἔλεγον.
3948 3270 4013 3321 Οἱ

2555 3353 2642 3410 οὖν
2708 3358 2899 3410 Σκύθαι
2956 3362 3048 3415 τὴν
3106 3353 3389 3431 Ἀδριανοῦ
3444 3358 3863 3432 παραμείψαντες
3921 3361 3988 3411 τὰ
4041 3364 4165 3433 περὶ

2552 3450 2640 3499 τόν
2700 3450 2933 3518 ποταμὸν
2990 3446 3051 3498 οὗ
3108 3445 3317 3517 Ῥηγίνα
3385 3450 3614 3520 τοῦνομα
3676 3446 3814 3500 λείαν
3867 3446 4158 3512 ἐποιοῦντο,

2554 3538 2740 3589 καὶτὰ
2768 3535 2919 3609 πέριξ
2956 3543 3047 3588 τοῦ
3102 3532 3492 3608 Διδυμοτοίχου
3539 3541 3719 3611 χωρία
3749 3536 4041 3589 ἐσκύλευον·
4092 3539 4162 3589 Oi

2557 3622 2617 3679 δε
2643 3625 3033 3697 προλελεγμένοι
3088 3628 3421 3698 στρατάρχαι
3482 3634 3574 3678 τοῦ
3623 3626 3694 3687 εἰς
3734 3629 3794 3678 τὸ
3848 3622 4160 3697 Διδυμότοι-

2556 3734 2656 3788 χον
2705 3714 3166 3788 καταλελειμμένου
3226 3718 3634 3788 στρατεύματος,
3706 3724 3803 3768 τῶν
3868 3714 4160 3787 βασιλικῶν

2558 3803 2947 3876 ἐπιλελησμένοι
3024 3803 3375 3878 προστὰξεων,
3484 3803 3917 3867 καθοπλισθέντες

2556 3902 2657 3946 τῶν
2696 3894 2905 3946 Σκυθῶν
2954 3892 3285 3967 ἐφώρμησαν.
3355 3895 3421 3945 Oi
3472 3896 3564 3964 μεν
3610 3890 3700 3946 οὖν
3754 3893 4019 3966 Ῥωμαῖοι,
4075 3895 4167 3947 οἷα

4022 3807 4164 3856 κατὰ

2556 3984 2674 4043 ἔθος
2713 3982 2911 4051 αὐτοῖς,
2967 3979 3299 4054 δυσαχθέσιν
3348 3983 3524 4045 ὅπλοις
3578 3986 3938 4056 κατάφρακτοι
4000 3980 4164 4049 ἦσαν,

2558 4075 2606 4125 οἰ
2635 4068 2693 4125 δε
2720 4074 2914 4125 Σκύθαι
2962 4080 3145 4144 κοῦφοι
3184 4071 3393 4125 ὁπλῖται
3423 4074 3536 4143 (30)
3583 4078 3673 4125 xui
3724 4072 3894 4135 τόξοις
3950 4079 4167 4147 χρώμε-

2557 4182 2654 4214 νοι.
2698 4162 2969 4236 Μακρόθεν
3000 4157 3087 4212 οὖν
3152 4161 3297 4213 οὗτοι
3342 4169 3445 4222 τοῖς
3499 4160 3678 4234 βέλεσι
3715 4166 3834 4223 τούς
3876 4161 4170 4234 Ῥωμαίους

2560 4250 2766 4304 ἔϐαλλον
2804 4256 2893 4302 καὶ
2941 4255 3059 4311 τούς
3099 4251 3284 4311 ἵππους
3331 4250 3645 4326 ἐτίτρωσκον
3684 4256 3775 4303 καὶ
3822 4252 4009 4312 πεζούς
4043 4256 4171 4313 τοὺς

2562 4344 2784 4401 ἱππότας
2840 4336 3041 4414 ῥᾳδίως
3125 4339 3350 4410 ἐποίουν,
3412 4346 3500 4392 καὶ
3552 4341 3688 4401 τέλος
3758 4345 4056 4413 τρέπουσιν.
4106 4341 4170 4394 Ὀ

2561 4434 2651 4503 μεν
2682 4425 2769 4482 οὖν
2809 4429 3057 4487 Μανουὴλ
3100 4431 3125 4481 6
3183 4432 3461 4505 Λάσκαρις
3525 4433 3825 4501 ταχύτατον
3892 4433 4029 4501 ἔχων
4077 4435 4169 4482 τόν

781 4516 1108 4572 exercitum
1151 4531 1342 4587 prope
1364 4532 1497 4571 esse
1530 4515 2052 4581 denuntiantibus,
2074 4517 2178 4573 ubi
2202 4534 2304 4573 eos
2335 4535 2447 4591 pa-
2478 4544 2521 4598 ι)

2405 4540 2447 4576 L-
2478 4544 2521 4598 ι)
2564 4522 2737 4588 ἵππον,
2782 4519 2836 4571 ὃν
2888 4524 2977 4571 καὶ
3020 4516 3373 4592 Χρυσοπόδην
3431 4517 3659 4585 έκὰλεσε,
3716 4522 3878 4592 φυγὰς
3944 4519 4014 4581 εἰς
4070 4524 4170 4577 τὴν

779 4605 972 4662 lantes
996 4604 1240 4672 audivit,
1274 4621 1345 4661 eo
1378 4605 1726 4661 universum
1772 4606 2099 4662 exercitum
2127 4614 2349 4675 movet,
2392 4614 2449 4665 et

783 4711 907 4751 uno
930 4694 1025 4750 die
1050 4694 1526 4767 quadringentas
1552 4694 1726 4767 134
1750 4701 1805 4750 et
1825 4696 2085 4768 amplius
2104 4698 2450 4754 mansiones

784 4801 1147 4859 permensus
1175 4790 1281 4841 est.
1306 4786 1582 4841 Attamen
1610 4786 1670 4841 in
1695 4801 1797 4840 eos
1827 4801 1949 4841 non
1974 4787 2180 4843 incidit
2208 4806 2220 4855 ;
2263 4788 2450 4845 celere

2562 4607 2847 4684 Ἀδριανοῦ
2884 4614 3056 4680 ᾤχετο
3110 4630 3121 4641 ·
3183 4611 3207 4661 6
3267 4605 3326 4661 δὲ
3374 4614 3717 4683 Μαργαρίτης
3782 4616 4171 4669 Κωνσταντῖνος

2560 4698 2708 4768 iam,
2758 4705 2847 4751 xui
2883 4698 3026 4751 ἄλλοι
3080 4698 3259 4751 πολλοὶ
3306 4699 3416 4771 μετ’
3466 4698 3627 4749 αὐτοῦ
3673 4708 3770 4750 τῶν
3821 4697 3892 4759 εἰς
3946 4698 4171 4769 κεφαλὰς

3493 4786 3578 4848 ούς
3670 4792 3760 4840 καὶ
3816 4786 4059 4859 ἀπημόλη
4069 4807 4170 4840 σαν

2559 4793 2877 4861 τεταγμένων
2958 4797 3051 4850 τῆς
3145 4794 3415 4862 στρατιᾶς,

1658 4884 1999 4952 Theodori
2049 4886 2301 4955 Dousae
2350 4897 2415 4955 et
2463 4887 2716 4956 Leonis
2766 4886 3003 4954 Allatii
3052 4897 3253 4953 notae.

852 5000 968 5078 (29)
988 5003 1086 5057 Τὸν
1107 5004 1447 5078 Περσάρχην.
1469 5004 1781 5072 Gregoras,
1805 5018 1866 5074 p.
1893 5005 1979 5068 56,
2002 5002 2084 5058 ait
2110 5002 2304 5059 {mdus
2321 5020 2451 5060 cum

778 5076 1005 5163 Turcis,
1039 5076 1202 5146 quod
1217 5076 1402 5163 pater
1422 5080 1819 5163 percusserat,
1853 5089 2198 5159 renovasse.
2227 5079 2373 5163 “ALL.

852 5143 995 5219 (30)
1052 5143 1151 5199 Καὶ
1212 5143 1347 5206 ἦσαν
1415 5143 1591 5207 ὅπλοις
1659 5149 2039 5219 κατάφρακτοι,
2084 5150 2159 5219 ,οἱ
2213 5143 2272 5199 δὲ
2327 5151 2450 5199 Σκύ-

782 5217 871 5273 θαι
902 5217 1086 5292 κοῦφοι
1128 5220 1360 5292 ὁπλῖται.
1395 5221 1704 5292 Romanos»
1743 5217 1957 5274 milites
1997 5217 2231 5273 induxit
2268 5220 2446 5292 etiam

780 5307 968 5363 supra
993 5290 1159 5360 gravi
1192 5295 1500 5347 armatura
1542 5290 1805 5363 munitos
1847 5295 1901 5346 et
1934 5296 2249 5361 propterea
2275 5291 2445 5346 inha-

777 5362 950 5429 biles,
1003 5368 1213 5419 contra
1280 5362 1832 5435 Scythasilevibus
1890 5362 2095 5435 armis
2136 5363 2445 5434 expeditos

781 5435 1263 5507 succinctosque,
1299 5434 1399 5490 ubi
1434 5434 1792 5490 Balduinum
1829 5450 1864 5489 a
1900 5434 2177 5507 Scythico
2208 5436 2443 5507 equita-

779 5511 844 5563 tu
875 5505 1354 5563 circumventum
1387 5514 1753 5579 captumque
1788 5506 2012 5579 scribit.
2050 5505 2440 5579 Herodianus,

778 5579 881 5636 lib.
907 5596 1002 5650 v11,
1036 5580 1097 5635 in
1125 5577 1503 5652 expeditione
1525 5578 1795 5651 quadam
1828 5577 2128 5652 Maximini
2152 5578 2445 5634 adversus

781 5654 1131 5718 Germanos,
1166 5650 1279 5708 hoc
1310 5651 1524 5723 eodem
1548 5650 1717 5723 pene
1768 5667 1906 5723 cum
1961 5650 2183 5706 militiae
2230 5666 2444 5723 genere

781 5740 961 5780 usum
1022 5724 1199 5781 tradit
1258 5743 1270 5777 :
1326 5720 1584 5778 Μάλιστα
1648 5720 1708 5776 δε
1769 5725 1818 5775 οἱ
1867 5720 2171 5775 ἀκοντισταὶ
2240 5727 2330 5775 καὶ
2397 5722 2446 5775 οἱ

2559 5003 2764 5087 τοξόται
2798 5006 2926 5076 πρὸς
2952 5005 3043 5064 τὰς
3061 5010 3331 5087 Γερμανῶν
3360 5004 3539 5087 μάχας
3570 5000 3860 5087 ἐπιτήδειοι
3890 4999 4169 5072 δοκοῦσιν,

2560 5072 2917 5150 ἐπιτρέχοντές
2969 5095 3022 5127 τε
3075 5072 3252 5150 uiroc";
3304 5072 3507 5147 κούφως
3560 5076 3617 5127 ού
3675 5072 4024 5149 προσδοκῶσι
4075 5083 4173 5131 καὶ

2560 5144 2954 5221 ἀναχωροῦντες
2990 5144 3232 5221 ῥᾳδίωςε
3269 5144 3561 5203 ϐειένωη
3580 5144 3955 5221 ,Ϊαειὶίιιιονρε
3980 5150 4173 5217 sagit-

2559 5220 2818 5290 tariique
2837 5220 3095 5289 gerendo
3116 5220 3402 5275 adversus
3424 5221 3742 5274 Germanos
3757 5220 3909 5275 bello
3922 5235 4172 5289 magno-

2552 5307 2694 5361 peze
2731 5292 2930 5346 idonei
2969 5291 3269 5357 videntur,
3311 5290 3599 5361 siquidem
3641 5291 3901 5359 expediti
3940 5291 4175 5348 hostem

2556 5364 2903 5433 opprimunt
2931 5362 3259 5424 incautum,
3296 5363 3597 5433 facileque
3622 5378 3830 5417 rursus
3863 5366 3924 5417 in
3968 5370 4172 5420 tutum

2554 5451 2613 5492 se
2643 5435 2959 5507 recipiunt.
2991 5435 3361 5507 Jaculatores
3395 5433 3506 5507 hos
3536 5434 4005 5507 domoiMrauros,
4050 5437 4171 5507 Os-

2553 5505 2836 5588 rboenos,
2875 5506 3308 5588 Armeniosque
3339 5505 3694 5588 etnﬂarthos
3725 5505 4171 5588 fuisse‘ibijem

2557 5583 2765 5635 auctor
2812 5576 3028 5637 innuit.
3060 5576 3280 5634 Eodem
3336 5576 3554 5633 militiae
3605 5594 3714 5633 seu
3768 5577 4003 5634 malitias
4061 5594 4171 5647 ge-

2554 5667 2695 5707 nere
2770 5650 3093 5706 Balduinus
3142 5650 3469 5721 imperator
3516 5666 3553 5706 a
3593 5649 3844 5722 Sythico
3897 5649 4173 5722 equitatu

2556 5723 3000 5779 circumventus
3046 5720 3502 5796 oppressusque
3549 5720 3801 5779 videtur.
3871 5720 4086 5779 Do‘uss.
