4470 6452
306 416 442 471 1145

300 546 412 602 τοῖς
441 538 752 611 Βουλγοίροις
787 539 836 589 οἱ
875 538 1085 592 Σκύθαι.
1136 536 1195 590 Ὀ
1253 540 1342 610 μεν
1373 537 1460 589 οὖν
1518 536 1766 610 βασιλεὺς
1834 542 1899 591 τά
1940 544 1984 594 Α

298 634 418 699 περὶ
449 630 635 680 τούτου
677 628 854 699 μαθὼν
897 626 1105 695 ἠνιάθη,
1168 628 1385 678 ἔσπευσε
1446 622 1504 678 δε
1564 623 1657 677 διά
1703 628 1899 697 τάχους

299 716 384 770 ἐπὶ
422 722 509 771 τὸν
547 725 639 769 τοῦ
696 716 1127 789 Βουλγαροφύγου
1175 725 1351 790 χῶρον
1404 715 1583 785 ἐλθεῖν,
1648 722 1737 769 καὶ
1785 716 1901 770 ἐπι-

297 812 468 867 τείνας
523 810 606 858 τόν
660 802 854 879 δρόμον
952 805 1195 879 ὀξυτέραν
1271 806 1431 857 ἐποίει
1504 810 1595 862 τήν
1671 810 1897 863 κίνησιν*

299 894 439 948 Ἐπεὶ
470 891 530 947 δε
558 900 648 946 καὶ
697 896 746 946 οἱ
800 901 1090 965 πευστῆρες
1139 896 1365 965 ἔφασκον
1421 893 1571 964 ἐγγύς
1624 897 1902 965 τυγχάνειν

294 987 354 1035 τὸ
424 985 668 1036 Σκυθινόν
748 984 1069 1054 στράτευμα,
1146 984 1268 1034 ἔνθα
1348 982 1540 1043 αύτούς
1610 984 1902 1056 περιπολεῖν

952 805 1195 879 ὀξυτέραν

1823 415 2172 473 ANNALES.

3529 412 3661 468 1146

2018 542 2177 597 enim
2228 541 2490 597 adventu
2534 541 2908 614 imperatoris
2965 539 3223 611 cognito,
3258 538 3434 593 citato
3485 550 3664 591 cursu

2015 628 2221 697 fugam
2253 628 2651 701 arripuerunt.
2693 636 2748 684 et
2783 629 3050 701 plerique
3082 642 3289 682 eorum
3320 630 3377 679 et
3404 623 3662 678 nationis

2015 718 2369 773 celebriores
2397 718 2623 773 circum
2653 719 2839 789 Bizyaa
2887 723 3018 773 loca
3060 714 3332 772 trucidati
3364 719 3523 768 sunt.
3550 714 3664 782 Spe

2014 806 2329 862 frustratus
2351 808 2677 879 imperator
2694 809 2769 863 ad
2797 807 3046 863 ﬂuvium
3066 806 3159 861 cui
3178 804 3414 871 Reginae
3442 815 3666 856 nomen

2014 902 2209 952 castra
2241 902 2517 962 metatur,
2550 896 2753 969 ibique
2776 898 3126 952 universum
3158 894 3315 965 cogit
3342 889 3666 946 exercitum

2015 984 2371 1040 insolentem
2404 1001 2550 1040 sane
2569 990 2747 1057 atque
2774 984 3238 1055 amplissimum.

295 1071 486 1143 ἔλεγον,
557 1072 722 1123 ἐκεῖσε
770 1076 860 1122 καὶ
920 1076 1095 1122 πᾶσαν
1159 1070 1309 1123 ἐκίνει
1375 1076 1468 1128 τήν
1532 1074 1801 1144 στρατιάν.
1869 1077 1968 1125 Καὶ
2024 1074 2216 1146 ἡμέρας
2281 1077 2370 1145 μεν
2439 1080 2562 1146 μιᾶς
2627 1074 2833 1134 πλείους
2897 1083 2994 1125 τῶν
3060 1074 3405 1145 τετρακοσίων
3472 1064 3669 1139 διεξῄει

298 1158 380 1231 [1³.
450 1160 540 1235 69]
604 1161 886 1231 σταθμοὺς,
954 1160 1047 1211 οὐκ
1100 1159 1337 1233 ἐνέκυρσε
1381 1157 1440 1213 δε
1489 1165 1691 1222 τούτοις
1749 1182 1761 1194 ·
1820 1160 2215 1233 ἐμεμαθήκεσαν
2268 1166 2365 1235 γάρ
2422 1165 2538 1233 (31)
2584 1182 2673 1213 και
2726 1160 2869 1214 οὗτοι
2919 1167 3010 1220 τήν
3069 1168 3287 1231 ταχεῖαν
3345 1165 3438 1211 τοῦ
3512 1155 3667 1228 βασι-

294 1249 418 1311 ξέως
443 1246 648 1320 ἓφοδον,
671 1269 761 1300 και
790 1251 860 1310 ὡς
890 1249 1034 1320 εἶχον
1090 1246 1267 1301 ποδῶν
1319 1253 1522 1321 ἔφυγον,
1567 1271 1652 1302 και
1712 1250 1918 1311 πλείους
1977 1247 2036 1303 δε
2081 1250 2131 1313 ἐξ
2183 1251 2350 1302 αὐτῶν
2388 1272 2478 1303 και
2545 1256 2965 1325 περιφανέστεροι
3019 1258 3110 1303 τού
3167 1251 3344 1309 ἐθνους
3399 1250 3515 1317 περί
3563 1263 3667 1296 που

292 1340 362 1389 τά
424 1342 553 1412 μέρη
611 1345 704 1399 τῆς
778 1337 971 1398 Βιζύης
1036 1337 1213 1409 ξίφους
1269 1340 1416 1410 ἦογον
1480 1340 1725 1410 ἔγένοντο.
1781 1340 2091 1410 Ἀποτυχὼν
2136 1348 2262 1410 γοῦν
2312 1349 2405 1402 τῆς
2454 1340 2809 1415 ἐγχειρήσεως
2874 1343 3065 1399 ταύτης
3132 1340 3157 1390 ό
3219 1336 3467 1409 βασιλεύς
3542 1336 3665 1405 περί

292 1429 381 1478 τὸν
450 1431 680 1499 ποταμὸν
728 1426 781 1488 ὃς
847 1425 1057 1497 Ῥηγίνα
1109 1426 1343 1479 καλεῖκαι
1386 1433 1478 1485 τὴν
1533 1434 1728 1486 σκηνὴν
1782 1427 1954 1495 ἔπηξε,
2013 1448 2101 1480 και
2157 1435 2329 1481 πᾶσαν
2380 1430 2542 1482 ἐκεῖσε
2602 1429 2790 1493 πνῆξε
2839 1434 2933 1487 τὴν
3003 1430 3253 1501 στρατιάν
3334 1426 3400 1485 εἰς
3466 1422 3661 1481 πλῆθος

295 1512 461 1568 οὖσαν
490 1515 621 1567 πολὺ

504 1603 561 1656 Ὀ
600 1606 689 1675 μεν
728 1612 825 1656 τῶν
872 1606 916 1638 ⁴⁹
985 1603 1286 1676 Βουλγάρων
1341 1606 1453 1672 (32)
1507 1601 1897 1677 ἆρχνι)ν,ἐπειδὴ

295 1696 369 1763 μὴ
428 1690 824 1765 διαπράξασθαί
873 1711 923 1743 τι
979 1696 1113 1744 κατά
1171 1692 1432 1765 Ῥωμαίων
1493 1691 1775 1751 ἐδεδύνητο
1810 1701 1902 1745 τοῦ

298 1779 553 1853 βασιλέως
602 1778 1059 1852 ἐπιδεδημηκότος
1109 1785 1239 1853 μετά
1323 1785 1586 1835 τοσούτων
1657 1802 1903 1857 στρατευ-

295 1872 470 1942 μάτων
509 1870 557 1922 ἐν
731 1866 913 1941 δυσμῇ
970 1890 1059 1921 και
1098 1870 1521 1931 πεπλησιακότος
1570 1880 1632 1944 τῇ
1696 1872 1900 1938 ἑαυτοῦ,

294 1961 371 2020 εἰς
407 1956 637 2019 σπονδάς
696 1959 966 2031 ἐτράπετο,
1017 1978 1107 2011 και
1165 1963 1250 2011 τόν
1308 1962 1548 2035 πενθερὸν
1594 1961 1755 2013 αὐτού
1818 1966 1903 2013 τὸν

292 2047 483 2101 Ῥῶσον
552 2047 737 2121 Οὖρον,
788 2056 879 2100 τού
932 2050 1092 2121 ῥηγὸς
1166 2048 1430 2121 Ούγγρίας
1520 2050 1605 2102 ἐπί
1680 2052 1903 2123 θυγατρί

1820 2139 1904 2212 βε.

293 2225 587 2281 ϐόύλευται.
644 2232 743 2279 Καί
790 2234 976 2298 πρῶτα
1027 2230 1115 2298 μεν
1171 2227 1363 2280 ἐστειλε
1438 2228 1688 2295 πρέσϐεις
1770 2233 1903 2304 πρὸς

292 2136 537 2190 τελοῦντα
578 2136 835 2211 γαμϐρόν,
906 2145 1214 2209 μεσιτεῡσαι
1268 2142 1335 2190 τά
1392 2139 1467 2200 εἰς
1533 2140 1742 2213 εἰρήνην

292 2320 383 2368 τόν
441 2313 667 2386 βασιλέα
717 2321 1257 2387 προοικονομήσοντας
1296 2322 1390 2374 τήν
1441 2318 1512 2379 εἰς
1584 2318 1739 2370 αύτόν
1811 2326 1901 2370 τοῦ
1946 2313 1983 2366 Β

296 2403 471 2479 Ούρου
502 2404 674 2476 ἄφιξιν
698 2404 791 2467 ἔξω
847 2410 1033 2466 πτοίας
1083 2424 1137 2457 τε
1190 2402 1320 2457 εἶναι
1379 2426 1467 2457 και
1515 2407 1730 2479 ἐντίμως
1779 2414 1903 2480 πρὸς

293 2500 388 2545 τοῦ
445 2491 705 2564 βασιλεως
750 2489 1030 2565 δεχθῆναι.
1096 2498 1196 2547 Καί
1243 2498 1421 2565 γέγονε
1478 2504 1662 2561 ταῦτα,
1721 2517 1810 2548 και
1876 2500 1902 2548 ό

298 2577 465 2656 Οὖρος
511 2582 583 2643 εἰς
633 2585 719 2634 τὸν
771 2581 995 2654 βασιλέα
1053 2581 1280 2655 ἀφίκετο.
1317 2580 1548 2655 Ἐδέχθη
1583 2594 1708 2655 γούν
1760 2591 1903 2659 παρά

297 2678 392 2722 τοῦ
441 2670 826 2745 αὐτοκράτορος
884 2670 1115 2743 ἁσμένως
1164 2692 1217 2725 τε
1273 2693 1364 2725 και
1421 2678 1546 2745 μετά
1599 2684 1694 2738 τῆς
1741 2697 1903 2751 προσ-

299 2762 537 2821 ηκούσης
563 2760 942 2833 φιλοτιμήσεως
971 2782 1059 2813 και
1115 2762 1266 2822 οὗτός
1306 2782 1359 2815 τε
1413 2784 1504 2815 και
1556 2766 1605 2816 οἱ
1644 2765 1753 2837 μετ’
1813 2768 1903 2818 αύ-

298 2857 413 2915 τοϋ,
458 2869 547 2901 και
597 2854 692 2908 τήν
744 2851 950 2925 εἰρήνην
988 2857 1267 2909 πεποίηκεν
1367 2852 1754 2927 ἐπομοσάμενος
1812 2853 1902 2908 δι-

299 2943 433 3009 καίῳ
491 2958 545 2991 τε
594 2940 755 2991 αὑτοῦ
795 2960 884 2991 και
950 2948 1042 2993 τοῦ
1116 2940 1358 3013 γαμϐροῦ
1429 2943 1589 2995 αύτού
1643 2952 1735 2996 τοῦ
1803 2954 1902 2997 τῶν

302 3027 609 3099 Βουλγάρων
663 3030 938 3101 ἄρχοντος,
991 3027 1315 3089 ἀπολυθῆναι
1377 3035 1467 3103 μὲν
1543 3036 1674 3106 πρὸς
1746 3034 1900 3086 αὐτόν

301 3115 529 3189 βασιλέα
552 3120 611 3169 τὸ
636 3127 732 3180 τῆς
773 3120 1061 3181 Τζεποίνης
1105 3121 1241 3171 ἄστυ
1282 3122 1458 3185 (τοῦτο
1513 3124 1613 3196 γάρ
1661 3142 1751 3174 και
1808 3128 1902 3195 μό-

298 3226 383 3259 νον
407 3209 550 3279 παρά
577 3216 677 3259 τῶν
730 3208 1033 3282 Βουλγάρων
1081 3215 1359 3281 κατείχετο
1414 3209 1498 3283 ἀφ’
1550 3212 1617 3263 ὧν
1676 3214 1701 3263 6
1744 3212 1901 3285 βασι·
1931 3240 1974 3296 C

298 3295 415 3357 λεὺς
441 3297 678 3357 Ἰωάννης
708 3296 954 3370 ἐκράτει),
1010 3299 1216 3371 εἰρήνην
1276 3319 1331 3352 τε
1378 3305 1509 3374 πρός
1564 3306 1687 3364 τοὺς
1746 3303 1901 3355 Βουλ-

298 3387 498 3458 γάρους
522 3389 663 3458 ἐχειν
684 3391 770 3439 τὸν
798 3386 1041 3461 βασιλέα,
1100 3392 1190 3441 καί
1245 3389 1461 3462 ἑκάτερα
1502 3393 1567 3442 τά
1622 3396 1750 3465 μέρη
1795 3400 1903 3455 τοῖς

300 3475 630 3548 παλαιτεροις
687 3478 849 3549 ὁρίοις
913 3477 1207 3550 ἀρκεῖσθαι.
1290 3479 1430 3532 Ἐπεί
1498 3488 1624 3551 γοῦν
1709 3483 1905 3534 ούτωσί

301 3571 455 3617 ταυτί
506 3569 643 3617 κατά
683 3572 891 3640 γνώμην
935 3568 1227 3621 τετέλεσται
1274 3577 1347 3639 τῷ
1400 3578 1698 3641 κρατοῦντι,
1746 3573 1770 3623 ό
1817 3575 1905 3643 μὲν

305 3651 476 3728 Οὖρος
500 3659 620 3717 τοὺς
679 3666 775 3717 τῆς
822 3656 1213 3730 ἀπεχωρήσεως
1266 3658 1475 3721 ἐξειπὼν
1543 3659 1729 3731 λόγους
1770 3662 1907 3735 ἐξηει

305 3742 596 3817 βασιλικῶν
622 3750 973 3821 χαρισμάτων
994 3752 1172 3819 τυχὼν
1200 3750 1287 3819 (τά
1333 3746 1385 3800 δ’
1445 3745 1579 3807 ἦσαν
1624 3751 1698 3811 εὶς
1740 3754 1907 3804 εἰκοσι

302 3831 560 3904 χιλιάδας
648 3834 1075 3909 άποριθμούμενα
1140 3836 1379 3890 ἁπάντων
1462 3846 1903 3912 συνεισαγομένων

301 3918 475 3989 εἰδῶν,
518 3924 696 3991 ⁵ἵππων
751 3944 807 3977 τε
866 3946 956 3977 και
1004 3927 1319 3998 ὑφασμάτων
1376 3947 1467 3979 και
1517 3928 1751 3999 ξοιπῶν),
1806 3931 1831 3981 ό
1891 3926 1950 3982 δε

302 4020 401 4074 τῆς
427 4014 715 4075 Τζεπαίνης
739 4019 1022 4089 περιμένων
1052 4014 1325 4072 ἀπόλυσιν.

376 4101 469 4173 ξγ’.
504 4102 802 4177 Συμϐἐϐηκε
828 4106 876 4140 ⁸ο
908 4101 967 4157 δε
997 4125 1048 4157 τι
1088 4105 1136 4158 ἐν
1162 4109 1363 4167 τούτοις
1410 4116 1482 4177 τῷ
1530 4112 1645 4161 τότε
1688 4114 1909 4181 πρᾶγμα

308 4194 622 4265 θαυμάσιον,
677 4200 883 4267 μνήμης
936 4214 1026 4246 και
1085 4197 1319 4270 ἱστορίας
1360 4196 1522 4259 ἄξιον.
1578 4197 1773 4269 Ἠμέρα
1850 4194 1909 4255 ήν

304 4290 403 4334 τῶν
452 4281 708 4353 ἐπιφανῶν
762 4302 816 4336 τε
865 4303 954 4336 και
1003 4283 1321 4357 ἐορτασίμων
1379 4286 1496 4339 καθ’
1558 4287 1618 4344 ἣν
1667 4291 1762 4344 τήν
1818 4293 1910 4338 τοῦ

304 4379 539 4443 Χριστοῦ
597 4378 999 4447 μεταμόρφωσιν
1026 4377 1077 4426 oi.
1124 4374 1353 4437 εὐσεϐεῖς
1405 4376 1715 4449 ἐορτάζομεν
1750 4398 1761 4410 ·
1820 4396 1911 4428 και

306 4462 417 4513 ἐπεί
446 4458 553 4514 ἔδει
592 4482 682 4514 και
745 4462 876 4535 ἀμφί
928 4468 1020 4521 τήν
1080 4466 1219 4536 ἱεράν
1280 4472 1677 4537 μυσταγωγίαν,
1728 4469 1796 4527 ὡς
1851 4470 1907 4517 τό
1946 4508 1987 4561 D

308 4550 503 4615 εἰωθὸς,
528 4559 767 4625 παρεῖναι
793 4556 879 4604 τόν
914 4550 1159 4623 βασιλὲα,
1221 4554 1287 4611 εἰς
1335 4554 1522 4627 άργίαν
1570 4558 1594 4606 6
1648 4564 1739 4607 τοῦ
1798 4556 1907 4627 αρί-

312 4659 438 4693 στου
460 4644 727 4714 παρετάθη
792 4647 991 4715 καιρός.
1053 4642 1448 4715 Ἰίριστήσαμεν
1497 4653 1621 4713 γοῦν
1663 4665 1755 4697 και
1822 4646 1907 4697 αύο

307 4749 412 4799 τοι,
444 4750 534 4782 και
561 4735 747 4804 μικρὸν
777 4750 829 4783 τι
881 4728 1302 4794 καθευδήσαντες
1362 4732 1682 4806 άνηγέθημεν
1736 4756 1747 4767 ·
1801 4731 1908 4793 ήδη

310 4815 371 4871 δε
420 4821 446 4871 6
510 4822 656 4881 ἣλιος
714 4830 785 4891 τῷ
834 4822 1065 4895 ὁρίζοντι
1112 4824 1442 4894 προσήγγιζέ
1518 4833 1610 4886 τῆς
1680 4821 1907 4895 δυσμῆς.

307 4908 463 4970 Ἐθος
508 4906 567 4963 δε
624 4912 835 4984 ὑπῆρχε
872 4918 945 4980 τῷ
996 4910 1209 4982 βασιλεῖ
1252 4918 1368 4984 περὶ
1448 4910 1623 4969 δείλην
1691 4913 1909 4987 ἑσπέραν

2084 1610 2168 1660 62.
2207 1605 2600 1671 Bulgarorum
2624 1606 2859 1661 interim
2890 1606 3192 1679 princeps,
3225 1602 3326 1658 ubi
3350 1603 3669 1656 adversum

2013 1697 2313 1750 Romanos
2346 1695 2723 1768 imperatoris
2754 1713 2890 1751 cum
2926 1702 3045 1752 tam
3066 1695 3165 1749 ubi
3200 1693 3382 1749 ubere
3404 1690 3586 1746 milite
3610 1688 3669 1743 in

2014 1784 2396 1841 Occidentem
2427 1801 2676 1841 accessu
2707 1785 2986 1857 illiusque
3019 1784 3314 1839 vicinitate
3376 1780 3667 1852 proﬁcere

2011 1874 2340 1945 quicquam
2372 1890 2493 1929 non
2537 1878 2759 1947 posset.
2796 1875 3123 1929 amicitiam
3159 1878 3213 1927 et
3233 1871 3431 1927 foedus
3483 1867 3668 1940 petiit,

2012 1968 2068 2017 et
2102 1965 2321 2018 Rosum
2354 1966 2533 2019 Urum
2568 1965 2819 2026 socium.
2860 1964 3129 2031 L'ngarize
3162 1960 3318 2030 regis
3353 1972 3663 2027 generum,

2012 2054 2185 2123 cujus
2206 2053 2490 2109 arbitratu
2509 2053 2925 2109 communibus
2952 2053 3204 2121 negotiis
3237 2048 3665 2115 consuleretur,

2013 2142 2296 2201 destinat.
2339 2143 2597 2198 Primum
2632 2149 2829 2198 tamen
2872 2143 3050 2214 legati
3113 2142 3188 2197 ad
3238 2141 3667 2211 imperatorem

2014 2232 2326 2303 praemissi,
2343 2232 2770 2304 profectionem
2786 2232 2860 2287 ad
2877 2248 3015 2287 eum
3038 2231 3127 2286 Uri
3142 2274 3151 2292 .
3168 2235 3232 2284 ut
3248 2229 3478 2300 absque
3502 2226 3673 2279 timo-

2013 2335 2073 2374 re
2106 2325 2278 2384 esset,
2314 2320 2457 2392 quin
2489 2321 2667 2375 etiam
2693 2327 2755 2375 ut
2776 2320 2872 2375 ille
2912 2318 3233 2374 honoriﬁce
3274 2316 3666 2387 exciperetur,

2012 2414 2376 2481 praeparant.
2409 2413 2470 2464 Et
2501 2409 2766 2481 profecto
2787 2410 2868 2465 ita
2897 2424 2958 2463 se
2987 2424 3081 2463 res
3110 2406 3339 2471 habuit,
3404 2410 3460 2458 et
3521 2405 3669 2457 Urus

2013 2498 2090 2553 ad
2118 2500 2538 2569 imperatorem
2571 2514 2635 2553 se
2665 2497 2930 2554 contulit.
2976 2500 3108 2569 Ipse
3134 2502 3191 2550 et
3245 2495 3341 2549 alii
3368 2492 3470 2565 qui
3530 2505 3669 2545 cum

2014 2604 2085 2644 eo
2116 2593 2510 2656 accesserant,
2542 2587 2957 2643 lubentissime
2990 2591 3045 2641 et
3074 2585 3292 2640 debitis
3336 2580 3668 2638 honoribus

2015 2678 2092 2733 ab
2123 2678 2482 2748 imperatore
2508 2677 2845 2732 adiciuntur
2872 2694 2883 2741 ;
2906 2691 3093 2747 quare
3114 2689 3222 2728 suo
3242 2678 3299 2728 et
3316 2670 3515 2741 generi
3545 2668 3670 2724 Bul-

2014 2782 2297 2839 garorum
2313 2765 2595 2837 principis
2605 2766 2737 2836 jure
2758 2767 2800 2835 ι
2814 2765 2865 2836 3
2879 2765 2929 2837 5
2953 2765 3132 2820 etiam
3150 2762 3548 2833 jurejurando
3568 2773 3671 2830 pa-

2013 2872 2142 2911 cem
2176 2856 2456 2923 ﬁrmavit,
2480 2872 2545 2909 ea
2571 2854 2913 2910 conditione
2949 2859 3013 2909 ut
3038 2856 3338 2923 Tzepaenaa
3370 2847 3667 2921 oppidum

2012 2944 2207 2999 solum
2231 2960 2301 2998 ex
2336 2943 2421 3011 iis,
2438 2943 2551 2997 sub
2568 2942 2793 2997 ditione
2813 2942 3059 2997 Joannis
3082 2939 3459 3011 imperatoris
3476 2940 3670 2999 erant,

2013 3048 2048 3088 a
2062 3032 2327 3101 Bulgaris
2341 3037 2468 3087 tum
2487 3036 2850 3103 occupatum
2868 3029 3211 3102 imperatori
3237 3028 3667 3091 restitueretur,

2012 3122 2333 3195 imperator
2362 3121 2486 3176 vice
2517 3137 2693 3177 versa
2712 3120 3034 3176 amicitiam
3061 3123 3118 3173 et
3134 3133 3343 3189 pacem
3378 3132 3514 3171 cum
3547 3114 3675 3169 Bul-

2015 3213 2175 3285 garis
2209 3212 2600 3279 continuaret,
2634 3217 2690 3265 et
2721 3215 2969 3282 uterque
3022 3207 3289 3280 antiquis
3342 3205 3673 3261 conﬁnium

2016 3303 2282 3359 terminis
2309 3302 2729 3358 contineretur.
2765 3300 2872 3355 Ubi
2903 3315 2997 3354 res
3024 3314 3133 3370 pro
3164 3297 3453 3352 arbitratu
3482 3295 3673 3366 impe-

2016 3391 2227 3449 ratoris
2261 3392 2564 3453 successit.
2590 3392 2740 3447 Urus
2765 3389 2839 3444 de
2889 3387 3081 3443 reditu
3128 3401 3407 3442 sermone
3456 3383 3674 3440 collato

2015 3481 2318 3553 egreditur
2330 3479 2730 3553 imperatoriis
2745 3477 3095 3533 muneribus
3110 3482 3345 3533 auctus.
3364 3478 3581 3530 Eorum
3596 3472 3675 3529 ad

2015 3571 2223 3641 viginti
2240 3569 2445 3628 millia.
2466 3569 2513 3623 si
2536 3568 2927 3623 donariorum
2947 3581 3127 3622 omne
3152 3580 3363 3637 genus,
3379 3578 3675 3635 equorum

2016 3660 2157 3716 item
2189 3675 2259 3714 ac
2280 3658 2571 3713 textilium
2599 3661 2655 3713 et
2687 3657 2960 3719 aliorum,
3014 3656 3075 3710 in
3135 3670 3321 3709 unum
3371 3650 3671 3721 conferas,

2018 3764 2261 3804 summa
2275 3747 2564 3804 ascendit.
2584 3750 2909 3818 Imperator
2920 3749 3217 3818 Tzepaanee
3240 3742 3676 3799 restitutionem

2016 3842 2375 3911 exspectans
2414 3837 2655 3903 Reginae
2686 3836 3103 3892 cunctabatur.

2018 3927 2266 4001 βασιλεύς
2314 3922 2634 4000 διεκαρτέρει
2688 3924 2736 3976 ἐν
2792 3933 2863 3996 τῷ
2916 3933 3007 3985 τῆς
3060 3923 3297 3995 Ῥηγίνης
3346 3924 3507 3992 νόπῳ,
3578 3922 3679 3977 τήν

2094 4111 2180 4163 63.
2209 4108 2315 4161 Per
2344 4105 2403 4160 id
2418 4108 2656 4176 tempus
2677 4119 2772 4159 res
2786 4102 3032 4175 quidem
3047 4102 3207 4157 dictu
3228 4102 3383 4156 mira
3406 4097 3675 4167 contigit,

2019 4197 2206 4266 digna
2235 4211 2369 4267 quia
2402 4194 2717 4249 hominum
2740 4192 3049 4247 memorias
3074 4189 3439 4247 ethistoricis
3468 4202 3681 4243 monu-

2020 4286 2234 4341 mentis
2266 4282 2741 4339 commendetur.
2791 4282 2923 4336 Dies
2982 4286 3109 4337 erat
3148 4278 3435 4335 solemnis
3492 4282 3549 4332 et
3606 4292 3680 4331 ex

2021 4374 2465 4432 celebrioribus.
2529 4388 2651 4444 quo
2705 4371 2913 4426 Christi
2966 4370 3529 4442 tansﬁgurationem
3595 4353 3682 4437 pii

2022 4482 2133 4519 nos
2163 4464 2537 4518 celebramus
2567 4481 2579 4525 ;
2613 4466 2668 4515 et
2698 4477 2835 4515 cum
2860 4476 3029 4515 sacro
3054 4458 3380 4521 audiendo,
3405 4462 3471 4511 ut
3491 4456 3679 4510 moris

2023 4560 2166 4620 erat,
2198 4560 2525 4624 imperator
2551 4551 2763 4606 adesse
2795 4551 3055 4615 deberet,
3092 4551 3151 4604 in
3196 4549 3311 4603 diei
3367 4562 3680 4618 vesperam

2022 4644 2344 4717 prandium
2367 4642 2618 4697 dilatum
2644 4647 2747 4696 est.
2782 4640 3200 4695 Prandimuset
3224 4636 3682 4709 ipsi,paulisper

2022 4734 2463 4800 obdormimus,
2495 4731 2634 4786 dein
2675 4746 2891 4785 somno
2922 4729 3248 4801 experrecti
3276 4726 3677 4793 assurgimus,

2023 4839 2159 4878 cum
2198 4822 2285 4877 sol
2321 4822 2463 4877 sein
2498 4836 2783 4876 occasum
2808 4820 3221 4891 praecipitaret.
3259 4820 3540 4874 Sueverat
3570 4816 3680 4870 im-

2021 4918 2261 4985 perator
2282 4912 2459 4966 nimis
2486 4927 2618 4967 sero
2639 4910 2979 4981 ineq-iitans
3001 4909 3344 4964 universum
3366 4906 3680 4963 circumire

380 5001 530 5075 "_D
582 5016 594 5053 :
642 4998 700 5052 Ὀ
746 5008 880 5075 γοῦν
932 5009 1031 5051 τῶν
1085 5000 1401 5075 Βουλγάρων
1439 5004 1619 5075 οἰρχων
1676 5008 1834 5075 πτοία
1888 5004 2095 5075 ληφθείς
2149 5003 2219 5063 εἰς
2274 4998 2503 5061 σπονδάς
2564 5000 2831 5073 ἐτράπετο,
2900 5019 2990 5051 και
3064 5002 3151 5050 τὸν
3229 5000 3445 5072 πενθρὸν
3521 4995 3681 5048 αὐτοῦ

304 5074 405 5157 ἰὸν,
451 5071 637 5156 Ῥῶσον
695 5069 893 5157 Οὖρον,
948 5082 1041 5157 του
1113 5069 1297 5153 ρηγός’
1335 5069 1599 5157 Otia/join;
1658 5075 1739 5157 ἐπί
1801 5069 2023 5149 θυγατρί
2089 5074 2331 5157 τελρύντα
2398 5069 2669 5145 γαμϐρόν,
2737 5079 3044 5143 μεσιτεύσαι
3116 5073 3203 5130 τάς

3310 5067 3365 5122 ἐν’
3473 5067 3679 5141 εἰρήνην

306 5141 665 5215 βεϐούλευται.
712 5148 822 5217 ΔΚαί
874 5145 898 5194 ὁ
958 5141 1121 5216 Οὗροξ
1158 5145 1227 5204 εἰς
1281 5150 1367 5197 τόν
1422 5141 1653 5217 ⁷βασιλέα
1703 5141 1933 5217 ἀφίκετο,
1970 5141 2081 5198 ’και
2130 5143 2327 5216 ἐδέχθη
2379 5141 2770 5217 προσηκόντως,
2825 5163 2914 5193 και
2963 5148 3055 5200 τήν
3108 5142 3314 5216 εἰρήνην
3375 5145 3675 5207 πεποίηκεν,

304 5234 395 5291 κᾉαι
446 5219 667 5291 ὤμοσεν,
701 5214 1025 5291 άπολλνθῆναι
1073 5222 1165 5273 τήν
1214 5218 1496 5280 Τξέπαιναν
1549 5238 1638 5291 και
1688 5212 2018 5290 ἑκάτερα-τά
2076 5212 2373 5291 μέρηητοίς
2420 5212 2757 5288 ’παλαιτέροις
2822 5217 2985 5289 ὁρίοις
3052 5212 3345 5287 ἀρκεῖσθαι.

302 5284 787 5362 εἴκοσι’χιλικάδας
816 5286 1106 5359 βασιλικῶν
1134 5292 1482 5362 χαρισμάτων
1506 5291 1531 5340 6
1563 5286 1726 5362 Οὖρος
1778 5284 1953 5361 τυχὼν
2001 5284 2155 5362 ἐξήειξ
2209 5288 2267 5341 Ὀ
2318 5286 2376 5341 δε

1608 5307 1726 5416 ρῖος
1778 5310 1953 5361 τυχων
2001 5307 2155 5362 εςηει.
2225 5307 2267 5341 υ
2318 5307 2376 5341 οε
2428 5307 2603 5361 parum

1674 5370 1872 5414 σκοπού
1902 5364 2035 5431 (col.
2072 5366 2206 5416 1125
2234 5364 2273 5416 D
2303 5362 2358 5431 4)
2386 5376 2505 5415 om.
2544 5363 2603 5414 υ.

300 5346 583 5431 περιμένων
612 5346 884 5412 απόλυνσιν.
966 5360 1012 5393 ⁵ο
1035 5346 1331 5433 Συμξέϐηκέ
1364 5377 1548 5432 usque
1567 5378 1601 5417 α

3441 5215 3541 5265 Καί
3633 5213 3652 5263 ἐ

2428 5234 2757 5288 παλαιτεροις
2822 5234 2985 5289 οριοις
3052 5231 3345 5287 αρκεισυαι.
3442 5231 3541 5265 hau.
3633 5231 3680 5273 ες

2428 5287 2678 5361 βασιλεύς
2734 5284 3054 5359 διεκαρτέρει
3098 5291 3191 5344 τὴν
3239 5294 3334 5347 τῆς
3390 5284 3682 5347 Τζέπαίνης

1194 5519 1535 5588 Theodori
1586 5522 1839 5588 Dousa;
1888 5531 1954 5588 et
2002 5520 2251 5590 Leonis
2301 5520 2537 5588 Allatii
2586 5530 2790 5588 notae.

371 5681 489 5826 E31)
516 5681 946 5771 :Eytpaerjxwav
966 5683 1067 5769 γὰρ
1092 5683 1405 5752 Gregoras,
1434 5687 1602 5755 p.56.
1644 5685 1784 5740 ALL.

396 5758 487 5825 32)
532 5760 575 5806 Ο
604 5773 694 5826 μεν
717 5773 815 5805 των
845 5753 1171 5826 Βουλγαρων.
1198 5757 1513 5825 Gregoras,
1543 5771 1601 5826 p.
1624 5760 1711 5811 58.
1746 5758 1784 5809 A

396 5758 487 5825 32)
516 5754 575 5806 Ὀ
604 5757 694 5827 μεν
717 5761 815 5805 τῶν
845 5753 1171 5827 Βουλγοίρων.
1198 5753 1513 5825 Gregoras,
1543 5771 1601 5828 p.
1624 5760 1711 5811 58.
1746 5758 1883 5812 ALL.
