4470 6452
835 421 968 475 1147

2131 415 2412 473 GEORGII
2447 415 2911 473 ACROPOLITIE

4052 415 4190 469 1148

830 544 1174 612 exercitum,
1204 543 1264 599 in
1285 545 1457 614 cujus
1488 545 1724 600 conﬁne
1767 559 2012 617 aequum
2072 543 2388 617 paululum
2446 559 2477 598 e
2519 545 2562 599 Α
2593 569 2595 590 ι

2446 559 2477 598 e
2519 545 2562 599 Α
2593 542 2904 614 ἐποχεῖσθαι
2953 545 3043 593 καὶ
3093 543 3302 613 σύμπαν
3357 537 3670 615 διέρχεσθαι
3717 542 3775 592 τὸ
3810 537 4189 612 στρατόπεδον,

829 633 1072 705 planitie
1095 640 1512 702 assurgentem
1562 633 1761 688 locum
1816 634 2158 695 ascendere,
2221 632 2479 703 indeque

828 723 1177 778 universum
1208 722 1526 776 exercitum
1559 721 1830 786 lustrare,
1865 738 2045 792 quem
2081 743 2107 770 ‹‹
2159 721 2364 776 urbem
2419 737 2480 775 se

827 815 1168 864 moventem
1201 815 1567 881 caeterasque
1586 810 1734 865 alias
1753 813 2056 865 Romanas
2079 810 2256 864 urbes
2287 814 2479 864 tutan-

827 899 946 949 tem
982 918 1008 944 ››
1032 897 1306 952 nominat
1349 915 1362 963 ;
1403 897 1639 969 hocque
1694 899 1774 952 ita
1841 898 2120 970 patrabat
2171 899 2474 968 continuo,

834 985 1006 1056 136
1050 990 1104 1040 et
1162 986 1296 1041 licet
1344 1003 1680 1058 vesperugo
1735 989 1794 1042 in
1845 1003 2128 1042 occasum
2183 1003 2310 1043 sese
2367 988 2476 1042 im-

826 1078 1140 1142 mergeret,
1173 1074 1299 1145 ipse
1328 1075 1714 1130 nihilominus
1743 1075 1801 1130 id
1841 1076 1998 1130 idem
2034 1092 2226 1147 neque
2279 1076 2478 1145 segnis

824 1162 1167 1233 praestabat.
1224 1165 1560 1219 Castrorum
1631 1164 2008 1219 intervallum
2076 1166 2477 1237 quadraginta

829 1250 1164 1320 stadia,nisi
1177 1249 1343 1307 etiam
1359 1252 1532 1324 plura
1546 1253 1768 1308 addere
1785 1254 2057 1318 velimus,
2098 1254 2473 1326 exmquabat.

826 1337 950 1408 Ego
980 1339 1200 1416 itaque,
1236 1343 1353 1396 Deo
1380 1346 1520 1396 tunc
1543 1342 1688 1397 mihi
1741 1342 1910 1410 irato,
1973 1344 2351 1415 imperatoris
2389 1346 2475 1399 ni-

825 1427 1016 1482 mium
1031 1444 1242 1484 amans
1257 1446 1325 1484 ac
1341 1430 1512 1486 stolid
1524 1447 1610 1497 us,
1628 1431 1728 1486 ubi
1743 1431 2160 1503 imperatorem
2177 1448 2331 1504 equo
2346 1433 2471 1487 vehi

827 1517 1052 1588 accepi,
1084 1519 1143 1572 in
1176 1518 1401 1574 mulam
1437 1536 1687 1592 propere
1719 1520 1936 1575 saliens
1967 1527 2243 1576 contento
2297 1538 2475 1576 cursu

826 1607 1141 1678 sequebar,
1184 1609 1469 1681 temporis
1507 1610 1999 1682 inopportunum,
2054 1613 2215 1683 quod
2270 1613 2473 1684 utique

825 1695 1145 1763 debebam,
1191 1700 1437 1754 minime
1488 1701 1892 1772 conspicatus.
1950 1706 2275 1775 Imperator
2317 1719 2473 1774 equo

824 1792 1030 1841 vectus
1048 1803 1291 1843 cursum
1312 1805 1541 1861 rapere.
1562 1789 1701 1846 Mox
1726 1806 1821 1845 me
1843 1791 2310 1864 subsequentem
2331 1810 2472 1849 con-

827 1875 1084 1946 spiciens
1119 1879 1317 1933 cursui
1352 1879 1667 1950 imparem.
1728 1883 2081 1952 suspicatus,
2137 1883 2183 1937 si
2237 1882 2474 1953 longius
2507 1901 2544 1954 Β

824 1963 954 2035 ipse
987 1967 1386 2035 processisset,
1423 1983 1544 2022 non
1596 1973 1963 2037 secuturum,
2013 1969 2177 2035 dixit,
2211 1993 2239 2020 «
2300 1973 2471 2039 Cave,

824 2068 1066 2107 cursum
1092 2055 1423 2121 contineas,
1458 2072 1705 2126 sequere
1765 2062 1964 2113 tamen
2017 2061 2472 2118 commodius.»

825 2139 924 2196 Ille
949 2141 1008 2196 in
1041 2149 1210 2198 sueta
1232 2143 1341 2199 sibi
1373 2144 1506 2200 loca
1537 2145 1851 2201 advehitur
1881 2165 1893 2202 :
1918 2163 2195 2218 proceres
2246 2166 2315 2205 ac
2369 2151 2475 2206 viri

822 2228 1081 2286 illustres
1109 2232 1331 2288 itineris
1352 2235 1615 2300 comites,
1648 2235 2012 2306 quibuscum
2044 2242 2100 2292 et
2151 2239 2276 2310 ipse
2329 2255 2472 2294 con-

820 2333 1128 2385 veneram,
1164 2322 1428 2395 undique
1446 2339 1583 2378 eum
1609 2325 2010 2396 constipantes
2030 2325 2287 2381 adstant.
2313 2328 2473 2381 Tunc

821 2406 1171 2480 imperator,
1207 2432 1233 2458 ‹‹
1265 2412 1681 2480 Cognovistine
1713 2431 1764 2478 ›,
1799 2412 2009 2484 inqu1t,
2035 2435 2062 2461 «
2113 2429 2246 2486 quae
2296 2414 2472 2469 nobis

821 2511 1017 2568 nuper
1037 2499 1309 2554 nuntiata
1330 2505 1468 2555 sunt
1495 2501 1523 2555 ?
1557 2503 1736 2566 »Nos,
1763 2524 1780 2550 ι
1806 2502 2057 2567 Minime,
2083 2503 2469 2574 imperator,»

819 2584 1102 2642 diximus.
1122 2590 1185 2642 Et
1198 2589 1522 2661 imperator
1537 2606 1558 2644 :
1574 2612 1599 2636 ‹‹
1617 2590 1871 2653 Quidam
1888 2597 2023 2646 ante
2040 2592 2360 2662 paucissim
2371 2609 2471 2648 um

821 2678 1058 2746 tempus
1110 2677 1456 2741 adveniens,
1508 2679 1672 2750 quod
1723 2695 1870 2735 sane
1928 2680 2104 2736 nobis
2179 2681 2467 2753 displicet,

817 2765 1133 2834 nuntiavit,
1165 2769 1388 2822 Rosum
1415 2770 1595 2823 Urum
1622 2768 1799 2824 nobis
1822 2769 2024 2824 fucum
2049 2769 2274 2826 fecisse.
2307 2773 2473 2827 Lucri

819 2853 980 2910 enim
1006 2871 1190 2911 causa
1211 2857 1328 2912 huc
1347 2857 1592 2912 veniens
1611 2873 1820 2930 pacem
1847 2858 2262 2923 etamicitiam,
2286 2876 2471 2932 quam

815 2939 969 2996 inter
999 2957 1108 2998 nos
1164 2950 1220 2999 et
1277 2944 1569 3014 Bulgaros
1623 2946 1942 3001 meditatus
1997 2953 2105 3012 est,
2161 2947 2362 3004 fefellit
2419 2953 2476 3004 et

813 3031 1124 3102 pejeravit.
1150 3035 1558 3107 Quaecumque
1581 3051 1722 3104 ergo
1747 3037 2072 3107 attentavit,
2109 3036 2282 3093 fucus
2311 3038 2472 3094 fuere

814 3098 992 3193 atque
1024 3122 1282 3180 fallacia.
1317 3127 1431 3180 Nec
1459 3098 1612 3181 male
1648 3098 1898 3198 compta
1923 3126 2002 3182 illi
2033 3098 2347 3199 responsio
2394 3129 2472 3184 ad
2504 3098 2543 3152 θ

806 3209 908 3281 jus
934 3211 1514 3281 deeritviolandum,
1580 3215 1976 3283 Bulgarorum
2036 3233 2255 3288 nempe
2315 3218 2475 3289 prin-

812 3299 1028 3370 cipem,
1067 3302 1195 3372 ejus
1228 3318 1540 3373 generum,
1592 3321 1805 3376 pacem
1862 3305 2282 3375 hujuscemodi
2341 3322 2476 3361 con-

811 3387 1137 3446 ditionibus
1204 3394 1526 3449 conflatam
1585 3411 1707 3449 non
1746 3396 2026 3466 recipere.
2087 3395 2240 3460 Quid
2303 3395 2475 3451 vobis

811 3478 1047 3534 videtur
1083 3481 1112 3534 ?
1139 3483 1433 3538 Verumne
1457 3488 1544 3537 est
1573 3483 1708 3553 hoc,
1737 3500 1813 3539 an
1840 3484 2091 3539 verbum
2123 3501 2156 3539 a
2184 3485 2475 3540 mendace

809 3568 1134 3624 conﬁctum
1161 3571 1190 3625 ?
1222 3594 1249 3620 »
1286 3574 1349 3626 Et
1370 3588 1501 3637 nos,
1527 3595 1554 3619 «
1585 3573 1964 3644 Neutiquam,
1991 3572 2250 3627 dicimus
2279 3589 2476 3628 sermo

811 3673 985 3713 verus
1017 3675 1180 3714 essse
1210 3660 1476 3716 videtur:
1503 3661 1751 3717 omnino
1793 3678 2056 3733 namque
2088 3661 2272 3717 falsus
2302 3663 2467 3734 137

812 3753 1098 3819 estatque
1129 3749 1407 3805 incertus.
1439 3754 1707 3822 Namque
1731 3753 1921 3806 Rosus
1945 3753 2094 3807 Urus
2131 3767 2250 3807 non
2276 3767 2383 3823 pro
2413 3768 2475 3807 se

811 3835 946 3908 ipso
980 3838 1182 3902 modo,
1221 3839 1325 3894 sed
1368 3845 1424 3895 et
1479 3857 1587 3912 pro
1640 3855 1862 3909 genero
1922 3857 2031 3895 suo
2084 3840 2473 3910 Bulgarorum

812 3925 1079 3998 principe
1104 3927 1346 3999 juravit.
1382 3936 1452 3983 At
1475 3945 1746 4000 quonam
1779 3929 1962 3984 modo
1993 3929 2051 3984 id
2083 3929 2211 3985 ﬁeri
2256 3936 2471 4001 potest,

809 4015 1102 4071 hominem
1120 4018 1511 4074 Christianum
1530 4019 1626 4073 tali
1643 4035 1705 4073 se
1720 4020 1981 4090 perjurio
1995 4019 2470 4076 dedecorasse?»

813 4105 1266 4178 Etimperator:
1308 4127 1338 4161 ε
1366 4108 1762 4163 Pecuniarum
1798 4109 2064 4163 fortassis
2113 4110 2367 4164 aviditas
2414 4109 2472 4164 in

813 4194 1006 4250 simile
1038 4212 1175 4251 cum
1209 4196 1501 4266 ﬂagitium
1535 4199 1842 4253 conduxit.
1873 4201 1936 4253 Et
1968 4215 2079 4253 nos
2108 4214 2302 4270 neque
2333 4199 2473 4253 Bul-

811 4298 1098 4354 garorum
1130 4287 1392 4342 amicitia
1414 4287 1692 4356 fruimur,
1721 4293 1777 4342 et
1808 4293 2035 4343 tantam
2080 4304 2473 4345 nummorum

809 4374 1276 4442 vimincassum,
1302 4378 1726 4448 projecimus,»
1760 4401 1786 4428 «
1808 4381 1932 4434 Non
1948 4383 2056 4445 est,
2095 4400 2120 4426 »
2154 4378 2471 4434 subdimus

2590 636 2680 683 xui
2715 630 2848 703 ἀμφὶ
2883 635 2939 683 τὸ
2971 634 3154 684 τούτου
3192 635 3356 704 τέρμα
3386 630 3458 691 εἰς
3499 636 3656 681 τόπον
3711 629 4027 702 ἀγχώμαλόν
4078 648 4191 690 πως

2589 721 2828 772 τελοῦντα
2882 724 2971 772 καὶ
3036 723 3222 792 μικρὸν
3271 721 3726 791 ὑπερανεστηκότα
3776 728 3866 778 τῆς
3935 715 4190 778 πεδιάδος

2590 807 2925 882 ἀνέρχεσθαι,
2956 810 3041 880 [Ρ.
3069 810 3156 880 '70]
3190 813 3279 860 xui
3324 809 3415 866 τὴν
3478 807 3597 866 ὅλην
3628 809 3853 880 καθορᾲν
3915 811 4187 880 στρατιάν,

2591 897 2650 956 ἣν
2688 903 2777 950 καὶ
2825 897 2975 950 πόλιν
3025 901 3328 968 κινουμένην
3381 898 3497 967 (33)
3555 898 3808 967 ὠνόμαζε,
3866 915 4040 959 πασας
4096 900 4188 959 τὰς

2587 990 2873 1059 Ῥωμαικὰς
2907 987 3059 1046 ἄλλας
3121 987 3289 1046 πόλεις
3328 987 3709 1057 φυλάττουσαν.
3767 993 3932 1038 Τοῦτο
3990 983 4048 1039 δε
4102 986 4190 1038 οὒ-

2587 1096 2687 1138 τως
2720 1076 2880 1128 ἐποίει
2935 1073 3204 1142 διηνεκῶς,
3260 1080 3349 1126 καὶ
3410 1075 3435 1126 6
3491 1081 3764 1149 φωσφόρος
3814 1072 3870 1127 δὲ
3915 1079 4051 1149 εἴπερ
4103 1094 4191 1126 τον

2589 1161 2802 1216 δυτικὸν
2827 1161 3066 1218 εἰσδῦναι
3099 1165 3341 1238 ὁρίζοντα
3366 1163 3585 1236 ὶμελλεν,
3617 1165 3675 1215 ού
3728 1170 3978 1216 κατώκνει
4036 1172 4190 1216 τοῦτο

2587 1251 2921 1327 ίργάξεσθαι.
2964 1257 3033 1306 Τὸ
3068 1250 3126 1305 δε
3175 1261 3266 1305 τοῦ
3322 1250 3678 1328 στρατοπέδου
3732 1250 4008 1325 διάστημα
4059 1252 4193 1324 ἀμφί

2586 1362 2684 1394 που
2707 1345 2772 1393 τὰ
2797 1346 3193 1415 τεσσαράκοντα
3240 1339 3434 1394 στάδια
3483 1343 3562 1412 ἦν,
3600 1342 3641 1394 εἰ
3684 1347 3754 1413 μὴ
3804 1362 3862 1412 γε
3905 1347 3993 1394 καὶ
4039 1346 4189 1415 πρὸς.

2583 1429 2784 1502 Ἔγωγε
2813 1427 2899 1482 οὖν
2926 1429 3019 1482 οὖκ
3050 1431 3220 1503 ἀγαθῇ
3252 1437 3367 1484 τότε
3397 1432 3539 1502 τύχη
3591 1434 3930 1504 χρησάμενος
3959 1433 3985 1482 6
4049 1429 4188 1502 φιλο-

2584 1519 2824 1582 ϐασιλεὺς
2856 1540 2912 1572 κε
2973 1526 3062 1572 καὶ
3110 1523 3349 1592 μάταιος,
3416 1525 3736 1591 πεπυσμένος
3786 1520 4008 1578 ἱππότην
4058 1520 4190 1571 εἰναι

2582 1613 2668 1660 τὸν
2715 1608 2959 1681 βασιλέα,
2988 1618 3076 1669 τῆς
3131 1611 3349 1682 ἡμιόνου
3403 1613 3468 1669 ὡς
3541 1606 3685 1679 εἶχον
3743 1611 3944 1681 τάχους
4001 1606 4183 1669 mea;

2585 1694 2839 1772 δρομαῖος
2888 1696 3171 1770 ὶφειπόμην
3226 1697 3388 1768 αύτῷ,
3441 1697 3498 1749 ού
3542 1701 3598 1748 τό
3657 1705 3745 1758 τῆς
3820 1699 3952 1770 ὧρας
4018 1695 4184 1770 ἀωρον

2582 1789 2962 1854 κατοπτεύσας,
2995 1788 3116 1862 ὅπερ
3180 1783 3310 1840 ἔδει.
3377 1786 3480 1858 Ἐφ’
3539 1785 3700 1838 ἲππου
3751 1782 3810 1838 δε
3854 1788 3879 1837 6
3935 1785 4186 1858 βασιλεύς

2585 1875 2761 1937 επιϐἀς
2792 1880 3079 1950 ταχύτερον
3131 1876 3414 1950 ἐπορεύετο,
3472 1882 3540 1937 ὡς
3589 1873 3646 1929 δὲ
3700 1873 3804 1929 εἶδε
3855 1896 3918 1948 με
3967 1880 4185 1927 κατόπιν

2584 1962 2745 2019 αὖτου
2799 1970 2870 2038 μὴ
2937 1963 3220 2038 δυνάμενον
3265 1965 3437 2037 ἐκείνῳ
3511 1968 3845 2030 συνὶπεσθαι,
3915 1965 4187 2017 ύπολαϐὠν

2585 2060 2656 2127 μὴ
2690 2076 2794 2116 πως
2832 2059 3098 2128 μακρύνας
3147 2056 3250 2126 ούχ
3315 2055 3530 2128 ἕψομαι,
3600 2056 3792 2130 εἰρηκει
3826 2075 3938 2128 μοι,
3979 2074 4008 2107 ‹
4040 2051 4187 2112 Muci“

2586 2145 2712 2207 ὅλως
2760 2144 3093 2218 ἀπολειφθῇς,
3145 2143 3272 2197 ἀλλά
3323 2150 3414 2196 καὶ
3475 2145 3844 2219 σχολαιότερον
3903 2147 4089 2217 ἔρχου.
4157 2165 4186 2192 ››

2585 2234 2769 2306 Ἀπῄει
2807 2241 2931 2304 γοῦν
2959 2235 3031 2294 εἰς
3055 2237 3142 2286 τόν
3182 2237 3381 2292 συνήθη
3431 2239 3607 2305 τόπον,
3657 2239 3746 2286 καὶ
3806 2238 3900 2286 σὺν
3949 2231 4086 2303 αύτῷ
4139 2233 4189 2284 οἱ

2585 2323 2705 2396 ἀμφ’
2758 2323 2912 2375 αὐτὸν
2960 2321 3177 2394 λογάδες
3235 2324 3584 2393 συνέστησαν,
3634 2328 3724 2376 καὶ
3803 2323 3953 2383 αὐτός
4036 2327 4190 2394 σφίσι

2586 2413 2836 2472 συνῆλθον
2895 2412 3174 2484 ἑπόμενος,
3241 2418 3331 2464 καὶ
3392 2418 3733 2488 περιέστημεν
3796 2415 3930 2464 κατά
4003 2412 4189 2463 κύκλον

2581 2507 2783 2564 πάντες.
2820 2504 2963 2554 Καὶὸ
2997 2501 3263 2574 βασιλεύς,
3301 2522 3330 2554 ε
3360 2505 3726 2575 Μεμαθὴκατε,
3758 2523 3786 2551 ››
3819 2507 3972 2574 φησὶ,
4005 2524 4031 2552 ι(
4088 2510 4187 2554 τῶν

2581 2594 2898 2665 προσφάτως
2929 2591 3327 2664 ἀπηγγελμένων
3355 2592 3517 2664 ἡμῖν;
3550 2614 3578 2641 ››
3626 2596 3716 2643 καὶ
3770 2592 3942 2664 ἡμεῖς,
4005 2614 4030 2640 ‹‹
4088 2593 4187 2643 0'3-

2581 2701 2723 2750 κουν,
2753 2681 2791 2730 ὧ
2825 2679 3064 2752 βασιλεῦ.
3095 2705 3121 2730 ››
3161 2687 3260 2734 Καὶ
3291 2683 3316 2732 6
3367 2680 3637 2754 βασιλευς,
3677 2704 3704 2732 ιι
3763 2681 4066 2755 ἒΑνθρωπός
4108 2699 4191 2741 τις

2581 2774 2680 2844 πρὸ
2729 2789 2864 2831 τινος
2917 2769 3182 2844 βραχείας
3231 2771 3368 2845 ὠρας
3424 2770 3578 2822 ἐλθὼν
3636 2769 3919 2842 ἀπήγγειλέ
3981 2789 4032 2820 τι
4089 2778 4188 2821 τῶν

2584 2859 2900 2917 ἀϐουλήτων.
2930 2865 2999 2912 Τὸ
3042 2857 3176 2918 δ’ἧν
3222 2863 3288 2922 ὡς
3351 2862 3376 2912 6
3424 2859 3607 2921 Ῥώσος
3659 2865 3826 2933 Οῡρός
3884 2862 4016 2931 ἡμᾶς
4076 2859 4188 2921 ἑξη-

2584 2952 2784 3007 πάτηκε
2814 2971 2825 2982 ·
2869 2952 3031 3022 χάριν
3061 2953 3162 3022 γὰρ
3221 2948 3441 3023 κέρδους
3489 2948 3696 3002 ἐνταυθὶ
3765 2949 4041 3022 ἀφιγμένος
4093 2954 4189 3006 τὴν

2585 3044 2848 3111 μεσιτείαν
2871 3047 2960 3099 τῆς
3007 3040 3212 3111 εἰρήνης
3268 3038 3524 3110 ἐψεύσατο
3572 3043 3662 3091 καὶ
3716 3037 3953 3112 ἐπίορκον
3993 3038 4184 3110 ὤμοσε.

2585 3131 2780 3185 Φενάκη
2812 3137 2937 3198 γοῦν
2968 3129 3179 3202 ὑπῆρχε
3218 3132 3282 3180 τά
3333 3131 3504 3181 πάντα
3549 3127 3716 3180 ἐκεῖνα
3772 3131 3863 3180 ὃνα
3911 3133 4184 3194 πεποίηκε,

2583 3225 2673 3270 xui
2720 3217 3002 3289 ἀπολογίαν
3056 3218 3341 3291 εύάφορμον
3397 3221 3527 3289 ἔχει,
3579 3222 3648 3280 ὡς
3701 3223 3852 3291 φασί,
3908 3221 4037 3290 πρὸς
4094 3222 4188 3275 τὴν

2584 3317 2682 3359 τῶν
2715 3310 2877 3381 ὅρκων
2911 3304 3175 3366 διάλυσιν,
3219 3310 3300 3359 ὅτι
3355 3327 3445 3381 περ
3507 3309 3531 3358 6
3587 3316 3684 3359 τῶν
3745 3307 4044 3381 Βουλγάρων
4098 3308 4189 3378 ἆρ-

2584 3416 2697 3467 χων
2727 3399 2752 3448 6
2784 3400 2973 3448 τούτου
2997 3396 3228 3469 γαμϐρὸς
3255 3401 3348 3454 τὴν
3396 3399 3479 3449 ἐπὶ
3545 3401 3866 3468 συμφωνίαις
3923 3400 4191 3457 τοιαύταις

2585 3485 2795 3558 εἰρήνην
2827 3486 2884 3536 ού
2924 3483 3301 3557 καταδέχεται.
3325 3490 3388 3538 Τί
3419 3486 3506 3537 οὖν
3537 3487 3657 3558 ύμῖν
3691 3483 3839 3538 δοκεῖ
3877 3505 3890 3553 ;
3940 3484 4024 3558 ἄρ’
4069 3484 4190 3542 ἀλη-

2589 3577 2670 3636 θες
2721 3574 2834 3628 ἐστι
2864 3577 3092 3642 τοῦτο,ἣ
3152 3575 3298 3649 ῥῆμα
3353 3575 3709 3648 πεπλασμένον
3761 3581 3890 3648 πρός
3939 3572 4193 3646 ψευδολό-

2583 3681 2716 3735 γου;
2749 3686 2776 3714 ι)
2804 3669 2903 3717 Καὶ
2937 3667 3108 3736 ἡμεῖς,
3143 3687 3169 3712 ‹‹
3198 3661 3333 3716 Οὐδ’
3363 3664 3508 3732 ὅλως,
3543 3661 3691 3716 δοκεῖ
3743 3685 3852 3725 πως
3902 3686 3929 3714 ››
3979 3663 4189 3736 ἔφαμεν,

2587 3778 2612 3804 ι(
2646 3753 2886 3814 ἀληθείας
2923 3758 3010 3805 τόν
3049 3753 3198 3824 λόγον
3258 3755 3496 3824 ἔχεσθαι.
3565 3756 3709 3806 Θάνυ
3761 3757 3861 3828 γὰρ
3933 3757 4189 3825 τυγχάνει

2585 3839 2735 3904 οὗτος
2761 3840 3072 3914 ψευδὴςκαὶ
3109 3842 3370 3910 ἀϐέϐαιος,
3430 3846 3510 3894 ὅτι
3569 3848 3661 3917 πέρ
3714 3845 3739 3894 6
3781 3843 3967 3904 Ῥῶσος
4024 3845 4190 3915 Οὖρος

2585 3932 2642 3984 ού
2678 3938 2830 4004 μόνον
2862 3934 2986 4004 ὑπὲρ
3041 3932 3245 4001 ἑαυτοῦ,
3297 3931 3426 3983 ἀλλά
3481 3936 3570 3984 καὶ
3627 3933 3751 4006 ὑπὲρ
3807 3933 3898 3984 τοῦ
3946 3932 4190 4007 γαμϐροῦ

2585 4022 2741 4074 αὑτοῦ
2764 4031 2854 4074 τού
2885 4031 2982 4073 τῶν
3014 4021 3317 4094 Βουλγάρων
3366 4023 3625 4094 ἄρχοντος
3678 4022 4008 4094 ἐπωμόσατο.
4071 4030 4190 4084 Πῶς

2583 4107 2670 4163 οὖν
2711 4111 2823 4164 ἐστι
2877 4115 3098 4182 πεφυκὸς
3173 4110 3442 4184 ἄνθρωπον
3495 4116 3616 4163 ὄντα
3673 4115 3991 4186 Χριστιανὸν
4043 4111 4186 4164 ἐπιο-

2581 4207 2672 4273 κία
2693 4204 2908 4274 τοιαύτη
2941 4208 3276 4276 περιπεσεῖν;
3317 4223 3336 4248 ›
3375 4206 3474 4253 Καὶ
3503 4203 3528 4252 6
3579 4199 3848 4273 βασιλεύς,
3915 4225 3934 4250 ε
3996 4202 4052 4254 Ἠ
4089 4211 4188 4253 τῶν

2582 4293 2874 4363 χρημάτων
2908 4289 3034 4349 ἴσως
3083 4288 3335 4361 ἐπιθυμία
3397 4294 3705 4361 παρέπεισεν
3762 4292 3823 4342 ἄν
3891 4290 4044 4342 αὑτὸν
4121 4292 4190 4351 εἰς

2585 4383 2832 4437 τοιαύτην
2887 4378 3226 4440 ἐξολισοησαι
3282 4383 3483 4433 κακίαν.
3548 4384 3649 4432 Καὶ
3702 4380 3850 4451 ἡμεῖς
3911 4379 3970 4431 ού
4037 4385 4190 4451 μόνον

811 4479 946 4527 nos,
983 4487 1002 4514 ι
1038 4481 1159 4521 non
1186 4467 1413 4522 esthoc
1442 4467 1667 4522 veritati
1693 4483 2049 4533 consonum,
2073 4469 2468 4540 imperator.»
2510 4459 2554 4512 D

2441 4489 2468 4516 )›
2510 4459 2554 4512 Ῐ)
2584 4475 2678 4528 τὴν
2727 4479 2825 4521 τῶν
2875 4468 3183 4541 Βουλγάρων
3242 4467 3447 4540 ἀγάπην
3516 4469 3609 4520 ούκ
3656 4472 3866 4542 ἔχομεν*
3917 4468 4043 4521 ἀλλὰ
4100 4477 4190 4522 καὶ

811 4555 1227 4627 Etimperator
1258 4557 1334 4611 ad
1370 4573 1464 4611 me
1495 4559 1876 4628 potissimum
1905 4574 2230 4613 conversus
2257 4576 2268 4612 :
2304 4582 2330 4608 ‹‹
2389 4562 2472 4614 Tu

809 4659 953 4699 vero
983 4645 1129 4716 quid
1154 4645 1228 4700 ad
1264 4645 1392 4700 haec
1423 4647 1556 4701 ais?
1588 4669 1614 4695 »
1638 4649 1785 4702 Tum
1818 4646 1968 4718 ipse:
1995 4669 2021 4696 «
2059 4650 2182 4702 Non
2202 4646 2368 4702 aliter
2399 4648 2473 4704 de

809 4734 1128 4805 his1udico
1153 4753 1165 4790 :
1192 4736 1446 4792 aliorum
1472 4738 1747 4810 approbo
1768 4738 2145 4805 sententiam,
2168 4739 2472 4794 fraudem-

809 4842 927 4898 que
960 4843 1088 4883 esse
1115 4843 1302 4898 quam
1336 4829 1667 4883 maximam
1697 4829 1897 4900 potius
1927 4845 2114 4901 quam
2141 4830 2468 4900 veritatem,

809 4917 976 4989 quod
1003 4917 1437 4981 circumfertur,
1458 4918 1757 4974 existimo.
1786 4921 1998 4974 Verum
2025 4919 2276 4992 si,quod
2291 4921 2472 4976 etiam

810 5006 1140 5079 aliquando
1163 5007 1224 5063 in
1259 5007 1564 5064 nonnullis
1594 5009 1862 5064 accidere
1891 5009 2058 5076 solet,
2097 5013 2246 5065 Urus
2274 5026 2472 5067 sacra-

808 5102 1083 5153 mentum
1115 5097 1380 5166 violavit,
1423 5097 1618 5165 nobis,
1644 5103 1710 5153 ut
1748 5099 1878 5171 ipse
1922 5099 2305 5171 opinabatur,
2367 5101 2473 5155 im-

807 5202 1064 5259 ponens,
1101 5193 1364 5244 attamen
1389 5191 1619 5244 Numen
1646 5189 1777 5261 ipse
1802 5189 1913 5244 sibi
1939 5189 2178 5255 iratum,
2203 5206 2313 5244 nos
2331 5207 2473 5246 vero

809 5275 870 5334 id
892 5292 997 5350 pro
1019 5276 1192 5333 nobis
1220 5277 1365 5349 ipsis
1389 5277 1632 5333 veritate
1641 5279 1660 5349 j
1675 5278 1991 5351 ustitiaque
2013 5278 2144 5351 ipsa
2159 5279 2472 5337 decertans

2583 4568 2816 4612 τοσαῦτα
2893 4558 2976 4612 ἐπὶ
3047 4568 3191 4619 κενῆς
3264 4557 3701 4630 κατηναλώκαμεν
3775 4563 4053 4632 χρήματα·
4160 4584 4188 4609 ››

2585 4673 2612 4699 ι(
2649 4650 2929 4722 Ούμενοῡν,
2970 4671 2996 4699 ››
3042 4650 3191 4720 ἡμεῖς
3243 4652 3412 4720 ἔφηεν,
3442 4671 3468 4695 ‹‹
3528 4647 3708 4708 ἀληθὲς
3737 4654 3884 4700 τουτί
3914 4651 4176 4708 καθεστη-

2582 4761 2657 4805 κε,
2695 4738 2934 4812 βασιλεῦ.
2976 4759 3001 4787 ››
3053 4743 3152 4790 Καὶ
3197 4740 3221 4789 6
3278 4737 3523 4810 βασιλεὺς
3584 4735 3696 4810 ἰδίᾳ
3753 4744 3841 4790 καὶ
3897 4743 4028 4811 πρὸς
4080 4740 4186 4811 ἐμὲ,

2586 4853 2612 4882 ιι
2639 4833 2702 4883 Σὺ
2728 4826 2785 4881 δὲ
2812 4833 2863 4880 τί
2892 4830 3103 4900 φάσκεις
3124 4831 3253 4903 πρὸς
3282 4836 3451 4878 ταῦτα
3484 4845 3496 4894 ;
3525 4851 3551 4877 ››
3605 4833 3706 4880 Καὶ
3771 4827 3944 4890 αὐτὸς,
3999 4851 4025 4877 ι(
4083 4832 4188 4881 Οὖ-

2581 4925 2716 4974 τωσί
2764 4940 2875 4980 πως
2931 4921 3132 4978 τούτοις
3181 4917 3246 4977 ὠς
3288 4923 3377 4969 καὶ
3435 4917 3484 4968 οἰ
3536 4916 3681 4968 ἄλλοι
3733 4913 4027 4990 διάκειμαι,
4099 4926 4189 4972 καὶ

2582 5010 2665 5064 ἐπὶ
2723 5009 2848 5062 πολὺ
2903 5007 3094 5081 μᾶλλον
3151 5003 3442 5078 ψεύδεσθαι
3498 5010 3555 5059 τὸ
3612 5007 3904 5079 λελεγμένον
3961 5012 3991 5066 ἤ
4059 5007 4186 5066 αλη-

2585 5104 2745 5154 θεὺειν
2766 5103 2965 5171 οἴομαι.
2998 5100 3057 5151 Εἰ
3091 5093 3170 5158 δὲ,
3203 5099 3288 5151 οἶα
3315 5096 3589 5170 συμϐαίνει
3614 5100 3735 5150 ποτε
3778 5102 3868 5149 καὶ
3917 5097 3964 5150 ἐν
4013 5096 4188 5162 ἐνίοις,

2581 5191 2717 5242 xui6
2786 5185 2954 5264 Οὖρος
3004 5189 3186 5239 οὑτοσὶ
3245 5191 3367 5247 τοὺς
3411 5189 3594 5259 ὅρκους
3646 5188 3951 5245 ἠθέτηκέναι
4006 5186 4191 5258 βεϐούο

2581 5279 2777 5351 λευται,
2842 5277 2930 5351 [Ρ.
2967 5276 3060 5350 71]
3112 5273 3266 5340 δόξας
3315 5278 3452 5350 ἡμᾶς
3510 5276 3902 5346 ἐξηπατηκέναι,
3957 5275 4192 5340 ἀλλ’ἐξει

1698 5421 2040 5488 Theodori
2091 5423 2342 5491 Dousa),
2392 5434 2458 5490 et
2505 5423 2756 5490 Leonis
2809 5421 3044 5489 Allatii
3095 5430 3294 5489 notae.

873 5549 988 5622 (33)
1053 5548 1206 5601 Πόλιν
1273 5551 1629 5622 κινουμένηνη
1682 5549 1759 5622 Et
1851 5553 1988 5604 ante
2079 5549 2454 5622 Theodorum

803 5619 977 5680 Anna
1008 5625 1334 5696 Comnena,
1367 5619 1646 5677 Alexi/id.
1681 5620 1782 5676 lib.
1816 5636 1908 5696 xm
1942 5639 1954 5676 τ
1988 5626 2087 5674 Καὶ
2135 5619 2194 5696 ἦν
2246 5622 2456 5696 φοϐερὸν

806 5697 974 5768 θέαμα
1032 5693 1189 5748 έκεῖνο
1242 5697 1300 5745 τὸ
1360 5697 1634 5766 σύνταγμα
1685 5695 1917 5768 καθάπερ
1985 5713 2036 5745 τι
2105 5694 2293 5768 πόλεως
2359 5693 2458 5768 τεῖ-

801 5764 907 5844 χος
941 5765 1178 5830 ἀλλήλοις
1235 5764 1671 5840 συνηρμοσμένοι.
1724 5765 1829 5822 Lib
1889 5764 2005 5821 VXV:
2067 5772 2168 5820 Καὶ
2220 5764 2352 5828 εἶπες
2400 5765 2459 5817 ἃν

2571 5546 2696 5601 ἰδὼν
2757 5549 2904 5601 πόλιν
2979 5552 3096 5600 τινὰ
3171 5547 3413 5620 ἔμψυχον
3490 5555 3896 5623 πεπυργωμένην
3971 5552 4184 5621 πορεύε-

2573 5624 2696 5674 σθαι
2731 5625 2866 5672 κοιτά
2901 5625 2994 5679 τὴν
3039 5621 3311 5694 εἰρημένην
3371 5621 3566 5680 ἐκείνην
3629 5621 3936 5695 κινουμένην
3999 5626 4187 5676 σύντα-

2573 5693 2667 5757 ξιν.
2691 5698 2826 5749 ALL.
