4470 6452
288 403 429 459 1149

1851 389 2196 445 ANNALES'

3505 401 3639 455 1150

286 530 378 599 μεν
434 526 583 587 οὗτος
604 527 662 578 τὸ
696 525 850 580 Θεΐον
905 523 1022 576 καθ’
1086 521 1267 575 ἑαυτοῦ
1296 508 1579 590 πολέμιον,’
1616 511 1767 586 ἡμεῖς
1819 509 1878 566 δέ
1916 514 1968 567 Α
1996 511 2051 568 ht

1877 517 1878 523 ‘
1916 514 1968 567 Α
1996 511 2377 569 habebimus.
2406 516 2582 570 »Haec
2621 515 2949 587 imperator
2977 515 3155 573 effata
3194 518 3564 592 approbavit,
3586 527 3642 579 et

287 619 413 688 ύπέρ
444 620 637 668 εαυτῶν
680 624 775 675 τῆς
814 614 1057 673 άληθεὶας
1090 616 1181 663 καὶ
1243 617 1334 661 τοῦ
1396 604 1607 659 δικαίου
1652 606 1880 677 ὑπερμα-

285 708 530 777 χόμενον.
567 726 595 753 ν)
624 705 781 757 Ταῦτ’
818 706 1043 773 εἴπομεν,
1076 704 1163 752 καὶ
1190 700 1217 750 6
1258 696 1508 769 βασιλεὺς
1566 700 1673 754 τοῖς
1721 690 1883 760 λελεγ-

286 799 454 866 μένοις
526 801 793 865 συνῇνεσι.
869 796 968 844 Καὶ
1030 787 1367 862 ὑποστρέφειν
1426 787 1556 858 πρὸς
1611 785 1705 843 τὰς
1758 798 1885 836 σκη-

286 885 377 945 νὰς
437 881 831 955 ἕφωρμήκαμεν.
894 879 987 942 νύξ
1050 880 1151 950 γὰρ
1218 872 1348 935 ἤδη.
1394 874 1527 927 ’Δλλ’
1594 873 1624 928 ἡ
1698 869 1881 927 σελήνη

284 970 601 1031 πανσέληνος
644 970 781 1022 οὖσα
836 978 936 1041 φῶς
992 972 1116 1039 ημῖν
1176 968 1427 1039 παρεῖχεν
1493 965 1635 1033 ὀρᾷν·
1702 963 1803 1011 Καὶ
1858 958 1883 1008 6

287 1058 534 1133 βασιλεύς
563 1054 919 1130 διερχόμενος,
949 1078 976 1104 ››
1013 1060 1075 1107 Τί
1113 1055 1235 1125 ύμῖν
1273 1053 1414 1124 ροκεί
1461 1053 1577 1121 περὶ
1622 1050 1720 1100 τῶν
1748 1046 1883 1098 λελε-

284 1152 483 1219 γμένων
518 1164 587 1213 ;››
626 1146 775 1206 αὖθις
813 1150 1008 1219 ἠρώτα.
1047 1148 1147 1196 Καὶ
1203 1146 1347 1213 ἡμεῖς
1388 1161 1414 1187 ››
1470 1141 1645 1210 φευρές
1707 1144 1881 1202 τοῦτο,

285 1235 328 1309 ᾧ
356 1236 598 1309 βασιλεῦ.
624 1258 651 1285 ››
685 1243 851 1289 Τοῦτο
874 1232 933 1287 δε
962 1234 1069 1305 ούχ
1096 1232 1257 1298 ἅπαξ,
1299 1227 1423 1283 ούδε
1457 1226 1539 1290 δίς
1568 1230 1597 1287 ἡ
1628 1247 1718 1279 και
1748 1231 1882 1298 τρίς,

286 1326 417 1379 ἀλλά
478 1330 569 1378 καὶ
622 1325 863 1385 πολλάκις
964 1325 1247 1394 πυθόμενος
1316 1316 1398 1377 ἦν.
1471 1322 1570 1372 Καί
1608 1317 1753 1388 ἡμείς
1792 1318 1884 1377 τὰς

285 1413 592 1483 άποκρῖσεις
631 1414 685 1477 ἐξ
758 1421 879 1466 ἴσου
943 1415 1068 1486 πρὸς
1132 1413 1224 1472 τὰς
1280 1412 1489 1468 πεύσεις
1548 1411 1886 1464 πεποιηκότες

285 1504 606 1574 ὶσιωπῶμεν.
648 1502 711 1553 Ὀ
770 1498 829 1554 δε
882 1504 971 1553 καὶ
1020 1499 1174 1552 πάλιν
1232 1503 1431 1571 ἠρώτα·
1483 1496 1622 1549 Ἐπεὶ
1672 1490 1731 1546 δε
1769 1497 1885 1552 τοὺς

284 1591 471 1652 ἄλλους
510 1599 763 1661 σιγῶντας
797 1593 949 1662 έὼρα,
991 1592 1118 1662 πρὸς
1160 1607 1221 1659 με
1259 1590 1345 1639 τὸν
1410 1585 1558 1655 λόγον
1626 1586 1883 1655 άποστρέ-

285 1700 385 1753 φας
410 1684 667 1753 ἠρώτηκε,
710 1701 739 1729 ››
776 1683 842 1731 Σύ
871 1675 930 1731 δε
963 1684 1013 1729 τί
1054 1682 1153 1749 φής
1188 1680 1317 1749 πρός
1350 1682 1516 1726 ταῦτα
1557 1690 1569 1727 :
1609 1695 1629 1721 ι
1673 1676 1760 1729 τὴν
1790 1678 1882 1723 τοῦ

284 1773 528 1842 ογφικίου
567 1768 754 1827 κλῆσιν
792 1768 1055 1841 προσθείςο
1133 1786 1161 1815 io
1222 1767 1283 1818 Ἠ
1348 1765 1566 1820 τοιαύτη
1634 1762 1883 1822 ὑπόθεσις

287 1862 369 1911 σοὶ
400 1861 663 1931 ἁρμόττει,
703 1862 792 1910 καὶ
831 1860 899 1919 ὡς
931 1861 996 1914 σὴ
1038 1857 1328 1912 καθεστηκε
1365 1856 1620 1926 μάγιστα.
1658 1874 1685 1901 ›ι
1717 1854 1879 1906 Ταυτὶ
1912 1864 1953 1920 Β

286 1944 348 2001 δε
404 1947 537 2019 ἔλεγε
588 1950 849 2020 πρόφασιν
915 1944 1073 2020 ὀργῆς
1132 1945 1302 2005 ζητῶν
1370 1942 1615 2015 ἕφευρεῖν.
1694 1938 1790 1992 Ἢν
1830 1935 1880 1991 δ’

285 2037 409 2107 εγὼ,
444 2057 474 2087 ια
504 2041 647 2097 Τίνος
667 2038 830 2110 χάριν
869 2038 1009 2087 εστίν
1048 2033 1142 2106 ἐμῆ
1190 2051 1203 2099 ;
1237 2034 1281 2085 εἰ
1318 2035 1419 2105 γάρ
1478 2036 1549 2103 μή
1592 2029 1755 2090 καλῶς
1785 2048 1882 2081 πε-

284 2132 483 2184 ποίηκα
519 2128 609 2186 τὰς
644 2128 849 2199 γραφὰς
896 2129 985 2176 καὶ
1032 2127 1149 2184 τοὺς
1188 2123 1370 2196 ὅρκους
1433 2120 1687 2185 τετελεκα,
1745 2114 1884 2191 μηδὲ

284 2221 653 2291 προσηκόντως
692 2214 847 2267 αὐτόν
899 2233 953 2267 τε
991 2218 1081 2266 καὶ
1121 2218 1241 2276 τοὺς
1297 2211 1420 2284 ἀμφ’
1483 2211 1638 2263 αὐτόν
1695 2212 1883 2280 ῳκονὸ-

285 2312 451 2378 μηκᾶ,
497 2304 707 2377 σφάλμα
742 2311 892 2356 τοῦτο
952 2302 1070 2375 ἇμόν
1126 2308 1215 2355 καὶ
1266 2308 1507 2372 πταῖσμα
1571 2303 1788 2371 μακρόν.
1826 2302 1884 2350 Ei

287 2391 347 2448 δε
408 2399 703 2468 πρεπόντως
768 2402 933 2446 ταῦτα
993 2397 1268 2464 γεγένηται
1331 2396 1422 2443 καὶ
1475 2393 1543 2451 ὡς
1570 2389 1663 2441 οὐκ
1722 2387 1886 2449 ἄλλως

285 2484 475 2557 ἄχρῆν,
506 2489 559 2537 τί
587 2487 713 2558 πρὸς
743 2484 831 2556 ἐμὲ
869 2486 934 2535 τὰ
962 2484 1086 2557 παρ’
1152 2483 1342 2535 ἐκείνου
1404 2484 1533 2553 πρὸς
1591 2477 1885 2551 ἀνατροπὴν

284 2581 386 2625 τῶν
424 2575 767 2643 γεγενημενων
814 2570 1090 2643 τελούμενα
1131 2589 1143 2637 ;
1181 2592 1208 2620 ››
1274 2574 1373 2623 Καὶ
1431 2570 1456 2621 ό
1521 2566 1763 2639 βασιλεὺς
1793 2568 1886 2617 ούκ

286 2658 562 2724 οἶδ’ὁπως
623 2662 733 2732 (τὸν
792 2663 895 2733 γὰρ
975 2660 1146 2713 αἰτίαν
1213 2661 1459 2733 εἰρηκειν)
1518 2657 1670 2709 πάλιν
1731 2656 1882 2728 λέγει,

287 2775 318 2804 η
348 2758 413 2805 Τί
442 2757 544 2825 φὴς
572 2757 688 2827 περὶ
708 2759 809 2803 τῶν
836 2753 1080 2803 τοιούτων
1111 2766 1124 2817 ;
1172 2772 1193 2800 ε
1232 2754 1333 2803 Καὶ
1380 2748 1535 2811 αὐτὸς
1577 2790 1596 2817 ,
1629 2771 1657 2797 ››
1692 2747 1885 2800 Πολλά-

285 2862 367 2905 κις
397 2843 638 2916 εἰρήκειν,
669 2839 963 2908 ὧϐασιλεῡ,
1026 2845 1095 2901 ὡς
1115 2840 1199 2891 ἐπὶ
1259 2838 1408 2891 πλέον
1472 2844 1564 2910 μόι
1618 2834 1762 2890 δοκεῖ
1826 2841 1884 2889 τὸ

285 2931 553 3006 εἰρημένον
579 2927 789 3001 ψευδὶς,
838 2928 917 2982 ἔπ’
962 2929 1172 2982 ἔλαττον
1223 2925 1281 2981 δε
1335 2928 1535 2988 άληθές.
1581 2931 1651 2979 T6
1700 2924 1759 2979 δε
1802 2924 1884 2978 ἐπὶ

282 3028 393 3082 τοῖς
424 3016 638 3081 ἀδήλοις
670 3017 895 3093 ἀκριϐῶς
928 3017 1309 3091 ἀποφαίνεσθαι
1374 3021 1433 3070 οὔ
1471 3035 1560 3087 μοι
1588 3012 1733 3068 δοκεῖ
1760 3018 1885 3091 ράον

278 3106 437 3167 εἶναι,
474 3131 495 3159 ι
531 3114 600 3162 Ἥ
630 3105 685 3161 δ’
725 3105 933 3174 εκεῖνος,
969 3130 996 3157 ››
1038 3109 1119 3161 Ἐν
1158 3106 1266 3166 τοῖς
1307 3103 1527 3168 άδῆλοις
1567 3110 1679 3159 ἐστὶ
1724 3110 1885 3179 χάρις

283 3195 511 3273 βεδαίως
574 3202 663 3251 καὶ
725 3196 928 3259 ἀληθῶς
990 3196 1369 3268 ἀποφαίνεσθαι
1404 3212 1415 3223 ·

284 3285 467 3349 δήλοις
495 3292 586 3340 καὶ
614 3290 664 3339 οἱ
692 3283 929 3359 ἅείδαροι
958 3285 1219 3357 λέγουσιν.
1258 3306 1286 3335 ››
1315 3284 1411 3338 Ἦν
1448 3282 1497 3337 δ’
1524 3288 1647 3355 εγὼ,
1686 3307 1713 3335 »ι
1748 3283 1887 3339 Ἰδοὺ

286 3380 420 3452 μετὰ
445 3387 544 3431 τῶν
584 3374 841 3451 ἆειδάρων
880 3381 971 3429 καὶ
1030 3378 1182 3449 ἡμεῖς
1248 3377 1656 3448 συντετάγμεθα·
1720 3401 1744 3428 ε
1794 3383 1891 3429 Καὶ

286 3470 315 3521 6
344 3467 582 3529 ϐάσιλεὺς
619 3467 784 3539 χόλου
814 3466 1067 3527 πλησθεὶς
1106 3468 1128 3501 ³
1162 3487 1190 3515 ››
1232 3469 1297 3517 Σὺ
1318 3467 1533 3519 πάντονε
1560 3466 1702 3524 ἦσθα
1736 3489 1756 3516 ε
1797 3470 1889 3539 ἔφη

294 3561 517 3632 »μωρὸς
578 3562 667 3609 καὶ
731 3556 919 3631 ἀρτίως
974 3554 1129 3608 πάλιν
1195 3558 1388 3627 μωρὸς.
1468 3578 1497 3605 ››
1565 3556 1683 3609 ’Καὶ
1744 3557 1893 3618 αὐτὸς

290 3643 446 3700 οὐδέν
472 3666 523 3699 τι
560 3645 710 3698 πλέον
749 3648 823 3718 μὰ
860 3648 981 3705 τοὺς
1018 3644 1204 3715 λόγους
1245 3642 1646 3719 ἇινταπεκρίθην⁹
1688 3645 1794 3697 ἀλλ’
1834 3650 1889 3712 ἦ,

296 3758 319 3787 ι
356 3736 488 3807 Ἐγώ
517 3739 607 3807 μέν
647 3735 753 3807 εἰμι
791 3736 984 3807 μωρὸς,
1017 3740 1106 3786 καὶ
1147 3735 1228 3785 ἱνα
1269 3743 1469 3804 σιωπῶ,
1540 3738 1588 3786 οἱ
1648 3730 1707 3787 δε
1768 3754 1893 3807 φρο-

286 3830 493 3886 νοὴντες
520 3824 857 3879 λαλείτωσαν.
900 3846 927 3873 n
968 3822 1122 3877 Ταῦτ’
1164 3820 1325 3892 εἷπον,
1364 3828 1455 3875 καὶ
1494 3822 1656 3895 ὀργῆς
1685 3825 1711 3875 6
1742 3823 1892 3877 ϐασι-

286 3916 399 3977 λεὺς
468 3914 685 3969 ἀπλέτου
766 3914 1017 3976 πλησθεὶς
1096 3914 1313 3967 ἑλκύσαι
1374 3918 1464 3987 μὲν
1539 3917 1753 3989 ὥρμησε
1800 3920 1894 3974 τὴν

288 4007 499 4065 σπάθην
582 4012 673 4058 τοῦ
751 4005 1003 4071 κουλεοῦ,
1098 4014 1193 4066 τῆς
1268 4010 1443 4065 κώπης
1509 4004 1891 4078 ἐπιλαϐόμενος.

285 4096 446 4153 Ἀλλὰ
483 4095 633 4149 τούτο
664 4098 753 4168 μεν
792 4100 1046 4166 κατέσχε·
1096 4114 1283 4169 μικρόν
1344 4098 1446 4169 γὰρ
1512 4098 1705 4153 ταύτην
1769 4095 1893 4149 ἀπο-

281 4191 562 4259 γυμνώσας
615 4185 769 4238 πάλιν
805 4184 979 4248 εἰσῆξε
1017 4202 1029 4214 '
1072 4184 1145 4256 τῷ
1209 4184 1416 4257 μεγάλῳ
1468 4181 1526 4237 δὲ
1594 4183 1892 4257 δομεστίκῳ

280 4280 445 4329 αὐτου
476 4283 547 4346 τῷ
571 4274 879 4335 Μουξάλωνι
947 4271 1263 4349 Ἀνδρονίκῳ
1328 4273 1637 4327 καταϐαλεῖν
1698 4295 1761 4347 με
1799 4275 1890 4328 τού

281 4368 448 4419 ἵππου
470 4364 802 4438 προσέταξεν.
851 4369 951 4418 Καὶ
994 4366 1049 4426 ὃς
1080 4364 1248 4438 ἠρέμα
1276 4384 1383 4425 πως
1410 4368 1572 4436 iian
1632 4363 1892 4422 Ἐκστηθι

281 4464 382 4515 τῆς
420 4450 745 4527 ἄφεστρὶδος.
791 4474 820 4503 ››
869 4458 968 4507 Καὶ
1035 4454 1190 4515 αύτός
1251 4453 1448 4511 άπέϐην
1507 4462 1601 4515 τῆς
1648 4455 1885 4526 ἡμιόνου.

1995 601 2250 673 quisque
2279 608 2547 657 nostrum
2579 603 2655 658 ad
2692 605 2943 660 tentoria
2990 607 3266 677 progredi
3334 616 3593 681 coeperat
3626 630 3636 667 :

1994 704 2257 760 namque
2280 706 2398 744 nox
2421 692 2624 745 omnia
2663 699 3079 764 occupaverat,
3122 694 3253 749 licet
3283 694 3425 751 luna
3465 696 3642 768 plena

1993 776 2217 834 lumine
2243 779 2631 835 collustraret.
2684 781 3009 853 Imperator
3074 782 3209 838 dein
3273 786 3639 856 praeteriens,

1990 884 2233 923 rursum
2264 885 2375 924 nos
2398 869 2768 933 sollicitare,»
2808 871 2950 943 quid
3008 872 3183 927 nobis
3212 874 3287 929 de
3342 876 3643 947 praedictis

1992 956 2311 1013 videretur.
2351 980 2371 1007 ι
2400 961 2463 1013 Et
2489 974 2675 1023 nos;»
2709 960 3075 1016 Mendacium
3109 962 3222 1018 hoc
3253 969 3360 1027 est,
3388 964 3642 1037 impera-

1991 1050 2103 1101 tor.
2138 1068 2165 1095 »
2196 1049 2261 1101 Et
2284 1046 2397 1102 hoc
2427 1063 2547 1101 non
2572 1046 2667 1102 bis
2705 1054 2808 1103 aut
2836 1054 2941 1115 ter,
2972 1050 3072 1105 sed
3116 1052 3443 1122 saepissime
3470 1054 3645 1109 inter-

1993 1134 2266 1203 rogabat.
2312 1138 2374 1191 Et
2409 1151 2521 1190 nos
2562 1152 2743 1208 porro
2782 1139 3272 1210 responsionibus
3313 1141 3641 1213 interroga-

1994 1224 2255 1280 tionibus
2308 1241 2379 1280 ex
2428 1241 2603 1298 aequo
2654 1226 3079 1283 satisfacientes
3130 1228 3500 1285 tacebamus.
3543 1231 3641 1287 Ille

1992 1329 2231 1369 rursum
2264 1314 2621 1386 compellare
2686 1314 2860 1386 138
2893 1315 3004 1371 Sed
3068 1322 3316 1373 caeteros
3371 1318 3642 1375 obmute-

1995 1409 2226 1459 scentes
2256 1403 2504 1459 intuitus
2525 1403 2602 1457 ad
2628 1419 2723 1459 me
2751 1409 3099 1461 convertens
3121 1407 3453 1463 orationem
3476 1408 3603 1465 inﬁt
3627 1427 3640 1465 :

1995 1514 2023 1541 ››
2042 1494 2124 1547 Tu
2143 1508 2321 1562 porro
2346 1492 2493 1563 quid
2526 1493 2603 1548 ad
2627 1493 2756 1547 haec
2778 1493 2968 1549 dicis?
2986 1516 3013 1543 ‹‹
3034 1498 3089 1549 et
3114 1496 3341 1551 nomini
3376 1496 3642 1553 ofﬁcium

1994 1581 2253 1637 addidit.
2289 1604 2315 1630 ι)
2342 1584 2459 1636 Hoc
2490 1584 2795 1652 negotium
2820 1595 2896 1638 ad
2913 1590 2963 1638 te
2989 1590 3234 1656 spectat,
3268 1591 3437 1641 ettua
3466 1589 3644 1658 potis-

1995 1670 2211 1725 simum
2243 1670 2551 1725 interest.»
2585 1674 2715 1726 Haec
2729 1678 2926 1727 autem
2954 1673 3250 1729 irascendi
3266 1674 3373 1729 sibi
3398 1690 3645 1733 causam

1995 1774 2326 1831 procurans
2341 1759 2595 1815 dicebat.
2614 1763 2761 1817 Tum
2788 1777 2928 1831 ego:
2950 1783 2977 1809 η
3000 1763 3272 1827 Quanam
3298 1780 3481 1819 causa
3509 1781 3647 1821 mea

1996 1848 2235 1904 interest
2262 1849 2357 1905 ?Si
2385 1848 2633 1905 ﬁdeliter
2650 1851 2973 1922 scripturas
3004 1867 3123 1906 non
3151 1858 3463 1908 exsecutus
3486 1870 3642 1911 sum.

1995 1954 2105 1993 nec
2123 1938 2547 2009 jusjurandum
2573 1939 2854 2011 persolvi,
2879 1956 3074 2012 neque
3097 1946 3178 1996 uti
3209 1957 3320 2013 par
3347 1947 3469 1997 erat
3499 1943 3646 1999 illud

1994 2032 2049 2084 et
2086 2043 2222 2099 qua:
2275 2028 2433 2084 circa
2488 2028 2634 2084 illud
2696 2032 3041 2101 pertractari
3105 2030 3297 2087 solent
3352 2031 3643 2105 disposui,

1994 2133 2157 2173 error
2182 2117 2277 2173 hic
2307 2118 2551 2189 quidem
2586 2135 2757 2174 meus
2789 2124 2843 2174 et
2882 2119 3231 2191 imprudens
3264 2120 3441 2193 culpa
3473 2121 3647 2178 fuerit

1994 2206 2217 2260 Verum
2244 2207 2292 2261 si
2316 2207 2443 2261 haec
2486 2208 2567 2261 uti
2614 2207 2827 2278 decuit,
2885 2213 2941 2263 et
2993 2210 3243 2274 ratione,
3312 2225 3434 2282 qua
3499 2209 3647 2265 nihil

1994 2295 2229 2361 melius,
2272 2294 2550 2351 absoluta
2588 2301 2742 2367 sunt,
2814 2297 3145 2369 quomodo.
3215 2313 3349 2370 quae
3410 2297 3507 2353 ille
3567 2297 3647 2354 ad

1993 2385 2384 2441 evertendum
2423 2400 2559 2457 quae
2599 2385 2869 2441 confecta
2908 2392 3046 2441 sunt
3101 2387 3445 2458 meditatur,
3511 2402 3646 2443 mea

1995 2480 2273 2547 poterunt
2300 2476 2583 2530 interesse
2608 2475 2636 2529 ?
2669 2496 2696 2524 ι)
2731 2478 2797 2531 Et
2825 2475 3151 2547 imperator
3180 2493 3417 2532 rursum
3445 2478 3645 2533 nescio

1993 2566 2305 2638 quomodo
2319 2570 2607 2638 (namque
2621 2582 2868 2621 causam
2884 2566 3287 2637 exposui)den
3300 2583 3375 2623 uo
3392 2567 3643 2640 profert:

1995 2656 2187 2722 rQuid
2217 2656 2343 2728 ipse
2374 2655 2561 2710 dehis
2587 2656 2769 2711 sentis
2797 2658 2824 2711 ‘l
2858 2659 3045 2711 »"‘um
3079 2672 3190 2727 ego
3225 2674 3236 2711 :
3278 2680 3304 2705 ‹‹
3338 2662 3406 2712 At
3427 2658 3647 2729 saepius

1996 2744 2209 2801 eﬂ‘atus
2238 2762 2370 2800 sum
2407 2745 2542 2817 plus
2580 2745 2640 2801 in
2682 2762 2743 2801 se
2783 2746 3081 2801 mendacii
3142 2761 3328 2818 quam
3389 2747 3649 2803 veritatis

1993 2835 2156 2908 quod
2189 2835 2621 2900 circumtertur,
2662 2836 2721 2890 in
2764 2851 2825 2890 se
2860 2836 3161 2891 continere
3204 2853 3217 2902 ;
3260 2842 3315 2891 et
3354 2835 3413 2891 in
3450 2836 3649 2891 dubiis

1994 2925 2282 2997 exquisite
2323 2925 2676 2979 sententiam
2717 2924 2887 2993 ferre,
2955 2940 3077 2980 non
3139 2925 3221 2980 ita
3286 2925 3457 2981 facile
3503 2925 3649 2981 mihi

1995 3014 2302 3070 videtur.)
2345 3013 2669 3085 Respondit
2695 3013 2789 3069 ille
2823 3031 2836 3068 :
2882 3014 2995 3070 Sed
3036 3014 3097 3069 in
3138 3013 3335 3069 dubiis
3376 3030 3511 3069 vere
3579 3030 3649 3069 ac

1995 3103 2244 3159 ﬁrmiter
2268 3104 2597 3169 enuntiare,
2630 3102 2689 3158 id
2725 3102 3035 3174 prudentis
3059 3108 3146 3159 est
3176 3121 3188 3158 :
3213 3104 3286 3159 de
3318 3103 3649 3159 manifestis

1477 3195 1560 3249 ἐπὶ
1624 3199 1724 3272 γὰρ
1783 3204 1887 3258 τοῖς
1918 3218 1959 3275 C
1998 3194 2222 3267 quippe
2252 3200 2309 3249 et
2329 3194 2479 3249 asini
2507 3193 3039 3266 pronuntiaverint.
3068 3215 3094 3243 ››
3116 3196 3242 3250 Tun

1883 3218 1887 3256 ;
1918 3218 1959 3275 α
1998 3194 2222 3267 quippe
2252 3200 2309 3249 et
2329 3194 2479 3249 asini
2507 3193 3039 3266 pronuntiaverint.
3068 3215 3094 3243 ››
3116 3196 3263 3250 Tum
3282 3209 3394 3263 ego
3421 3210 3434 3248 :
3467 3217 3493 3242 »
3516 3194 3648 3250 Jam

2000 3290 2055 3340 et
2085 3300 2197 3339 nos
2238 3283 2388 3338 inter
2425 3284 2626 3339 asinos
2666 3281 3052 3338 collocamur.
3129 3304 3158 3332 ν)
3200 3286 3267 3340 Et
3326 3284 3651 3355 imperator

1999 3375 2087 3430 ira
2108 3372 2540 3437 inﬂammatus,
2569 3394 2597 3421 ι(
2620 3374 2702 3427 Tu
2725 3388 2981 3443 semper,
3006 3394 3033 3421 «
3068 3372 3170 3441 ait,
3195 3394 3223 3422 ι»
3267 3372 3429 3428 haud
3467 3388 3652 3428 sanus

2000 3462 2234 3535 ineptis,
2267 3468 2324 3517 et
2356 3478 2515 3517 nunc
2538 3477 2779 3534 quoque
2808 3462 3044 3534 ineptis.
3086 3482 3114 3511 »
3147 3464 3299 3534 Ipse,
3331 3478 3441 3518 nec
3465 3461 3647 3532 aliud,

2000 3555 2082 3611 ita
2108 3570 2203 3609 me
2234 3567 2540 3607 sermones
2565 3557 2788 3612 ament,
2803 3551 3085 3623 respondi
3106 3569 3122 3607 :
3146 3575 3173 3601 »
3190 3557 3255 3607 At
3280 3553 3652 3625 egoquidem

2001 3643 2245 3715 ineptio,
2287 3642 2543 3712 ideoque
2575 3640 2872 3695 silentium
2912 3646 3000 3696 est
3038 3641 3185 3696 mihi
3223 3647 3238 3697 ε
3281 3641 3385 3714 qui
3413 3642 3654 3713 sapiunt

2002 3733 2120 3806 ipsi
2183 3732 2529 3804 loquantur.
2574 3752 2601 3781 ››
2623 3730 2914 3785 Dixeram.
2958 3729 3285 3802 Imperator
3322 3730 3654 3788 incredibili

2004 3830 2182 3895 atque
2207 3821 2389 3878 atroci
2416 3820 3019 3893 percitusiracundia,
3046 3821 3204 3876 ensis
3225 3822 3442 3893 capulo
3469 3838 3655 3879 manu

2004 3928 2370 3986 compresso,
2439 3912 2660 3981 vagina
2714 3911 2988 3980 detegere
3025 3916 3229 3969 tentat.
3270 3911 3383 3967 Sed
3425 3920 3655 3969 motum

2003 4008 2110 4060 tem
2120 4007 2547 4075 perat,etquem
2569 4000 2874 4074 paululum
2891 4006 3179 4057 retexerat
3195 4002 3656 4073 ensem,vaginaa

2011 4095 2184 4167 139
2211 4093 2422 4150 reddit.
2457 4094 2593 4148 Dein
2653 4108 2878 4161 magno
2930 4092 3259 4148 domestico
3315 4092 3657 4149 Andronico

2003 4185 2288 4240 Muzaloni
2322 4200 2417 4238 me
2447 4182 2521 4237 de
2562 4198 2717 4254 equo
2756 4182 3009 4253 dejicere
3049 4182 3325 4254 imperat.
3374 4182 3471 4237 llle
3510 4199 3657 4238 voce

2004 4274 2334 4339 submissa,
2369 4296 2396 4323 ‹‹
2424 4272 2663 4336 Secede,
2696 4292 2722 4319 »
2748 4272 2845 4341 ait,
2888 4291 2916 4324 ε
2942 4286 3109 4343 sago.
3144 4294 3163 4320 ι
3200 4274 3321 4341 Ego
3358 4271 3523 4327 mula
3556 4256 3657 4328 ile-

2004 4363 2228 4419 scendi.
2260 4365 2422 4418 Tunc
2450 4362 2714 4433 optimus
2744 4376 2886 4430 erga
2916 4376 3026 4415 nos
3049 4361 3396 4432 imperator,
3430 4377 3540 4416 nos
3554 4361 3658 4433 qui

2004 4453 2195 4509 multa
2232 4469 2269 4507 a
2308 4457 2477 4524 patre
2517 4467 2627 4505 suo
2693 4450 2782 4504 sui
2848 4450 3037 4519 gratia
3111 4466 3326 4523 aspera
3391 4452 3658 4522 perpessi

284 4546 349 4598 '0
380 4542 440 4597 δε
477 4548 843 4619 χρηστότατος
880 4548 999 4617 περὶ
1038 4546 1177 4616 ἡμᾶς
1240 4542 1480 4604 ϐασιλεὺς
1546 4548 1663 4605 τοὺς
1728 4544 1891 4596 πολλὰ
1928 4565 1970 4619 D
2004 4559 2049 4599 el

1928 4565 1970 4619 ο
2004 4559 2245 4599 eramus
2274 4588 2287 4610 ,
2314 4548 2375 4597 ut
2406 4541 2606 4613 palam
2666 4555 2944 4612 saepeque
3003 4540 3208 4595 multis
3277 4540 3658 4597 audientibus

281 4639 527 4707 πρόςτοῦ
550 4638 743 4707 πατρὸς
782 4634 942 4686 αὐτοῦ
1006 4630 1074 4685 δι’
1134 4634 1290 4686 αὐτόν
1352 4636 1695 4697 πεπονθότας,
1750 4638 1813 4695 ὡς
1842 4634 1890 4686 ἐν

283 4724 457 4795 πολλῷ
483 4723 669 4782 πλήθει
699 4729 790 4776 καὶ
818 4723 1061 4784 πολλάκις
1116 4719 1421 4799 διαπρυσὶῳ
1458 4722 1590 4787 ἔλεξε
1619 4732 1681 4796 τῇ
1726 4732 1888 4797 φωνῇ,

285 4815 355 4877 ὡς
389 4837 417 4864 ››
447 4813 649 4867 Ηολλῶν
675 4833 766 4887 μοι
804 4821 972 4876 αἴτιος
1030 4816 1235 4885 άγαθῶν
1308 4810 1458 4875 οὗτος
1523 4819 1548 4865 ό
1623 4813 1893 4887 ἅνθρωπος

282 4908 676 4978 γέγονε,››περὶ
709 4912 801 4966 τῆς
852 4903 1069 4976 λογικῆς
1125 4906 1337 4976 φάσκων
1394 4900 1661 4967 παιδεὶας,
1712 4903 1891 4977 [1⁵27]

285 5016 316 5045 (ε
358 4998 449 5047 καὶ
499 4993 697 5047 πολλῶν
756 4993 1019 5067 ὀφειλέτης
1085 4996 1251 5065 τούτῳ
1312 4996 1584 5065 τυγχάνω,
1657 5015 1679 5042 ι
1743 4989 1891 5046 δυοῖν

281 5088 653 5159 κορυνοφόροιν
691 5083 1005 5156 προσέταξεν
1037 5085 1247 5136 τύπτειν
1287 5102 1368 5155 με,
1407 5084 1579 5154 χθιζά
1636 5088 1725 5136 καὶ
1788 5087 1890 5156 πρὸ

281 5178 464 5249 τρὶτης
502 5176 719 5235 τούτους
784 5174 1185 5246 χειροτονησας.
1256 5175 1320 5234 ὡς
1395 5176 1557 5225 εἴκοσι
1627 5177 1891 5246 τέσσαρας

280 5266 479 5325 πάντας
536 5266 624 5315 τὸν
677 5264 918 5337 ἀριθμὸν,
963 5262 1056 5315 ούκ
1096 5260 1184 5316 οἶδ
1224 5264 1267 5315 εἰ
1306 5266 1377 5335 μὴ
1423 5259 1494 5315 δι’
1536 5266 1645 5335 ἐμὲ,
1707 5264 1768 5314 ἶν’
1809 5267 1884 5322 εἵη

279 5358 371 5407 κᾶὶ
414 5357 581 5413 σκηνὴ
625 5360 716 5406 τοῦ
756 5350 1027 5428 δράματος
1056 5355 1127 5415 εἰς
1167 5349 1466 5426 τραγῳδίαν
1540 5358 1887 5427 μεμορφωμέ-

278 5465 363 5503 νη.
400 5450 501 5499 Καὶ
541 5447 589 5497 οἱ
628 5447 717 5517 μεν
781 5446 1021 5511 ἔτυπτον,
1089 5442 1188 5515 ἐγὼ
1257 5440 1315 5495 δὲ
1379 5447 1501 5514 σιγή
1565 5446 1651 5503 τὰς
1708 5442 1886 5514 τύψεις

277 5534 581 5603 ἐλάμϐανον.
649 5533 713 5587 Ὀ
780 5538 869 5586 καὶ
930 5532 1119 5606 μᾶλλον
1183 5541 1362 5585 τοῦτον
1456 5532 1736 5606 ίξέμαινεν,
1805 5538 1884 5587 ὅτι

276 5621 409 5698 μηδ’
448 5625 572 5686 ὅλως
619 5628 746 5700 πρός
789 5620 999 5686 δεήσεις
1036 5626 1347 5696 κάμπτομαι
1385 5629 1475 5675 καὶ
1513 5622 1878 5696 πληττόμενος,

277 5720 403 5773 Επεὶ
444 5711 503 5769 δὲ
543 5714 728 5777 πολλάς
773 5717 909 5768 κατὰ
934 5716 1126 5781 παντὸς
1154 5710 1411 5787 ἐδεξάμην
1478 5721 1569 5766 τοῦ
1636 5719 1878 5787 σώματος

2004 4634 2334 4690 clarissima
2350 4648 2496 4687 voce
2516 4636 2764 4687 testatus
2788 4636 2874 4685 est
2899 4631 3091 4685 virum
3114 4631 3293 4701 hunc,
3321 4648 3417 4686 me
3439 4647 3659 4704 nempe

2002 4723 2361 4792 intelligens,
2408 4722 2570 4777 bona
2624 4720 2735 4775 sibi
2792 4720 3053 4792 plurima
3123 4725 3481 4792 opportasse
3549 4736 3658 4793 pro

2002 4812 2319 4885 disciplina
2348 4811 2561 4881 logica,
2595 4826 2719 4883 qua
2748 4826 2887 4865 eum
2910 4810 3305 4877 institueram,
3337 4826 3584 4867 necnon
3604 4815 3661 4867 et

2002 4903 2119 4959 alia
2176 4917 2298 4958 non
2351 4902 2568 4971 exigua
2623 4916 2687 4957 se
2743 4900 2963 4955 debere
3028 4899 3359 4968 confessus,
3418 4899 3660 4956 duobus

2002 4989 2315 5060 clavigeris
2336 4990 2461 5045 heri
2492 4988 2825 5045 autnudius
2840 4989 3062 5054 tertius,
3078 4987 3283 5044 nescio
3314 5002 3392 5043 an
3416 4992 3660 5061 propter

2000 5096 2119 5149 me,
2154 5085 2216 5135 ut
2245 5078 2533 5135 dramatis
2557 5094 2736 5134 scena
2770 5078 2830 5133 iu
2846 5078 3203 5148 tragcediam
3242 5077 3321 5133 ad
3364 5078 3658 5134 amussim

2000 5175 2462 5235 converteretur,
2485 5168 2701 5237 electis,
2736 5174 2793 5225 et
2807 5185 3017 5225 eorum
3047 5184 3303 5225 numero
3342 5168 3419 5224 ad
3449 5168 3660 5240 viginti

1998 5266 2255 5335 quatuor
2298 5259 2678 5327 ascendente,
2728 5258 3081 5315 verberibus
3137 5262 3417 5331 appetere
3452 5258 3657 5331 jussit.

2000 5351 2081 5407 Illi
2110 5350 2311 5422 itaque
2340 5348 2676 5415 verberare,
2706 5364 2817 5420 ego
2842 5349 3075 5405 silentio
3100 5348 3656 5421 verberaexcipere.

1998 5444 2059 5497 ld
2080 5440 2347 5509 magisin
2364 5440 2622 5495 furorem
2652 5439 2871 5509 agebat
2889 5439 3337 5511 imperatorem,
3361 5438 3526 5511 quod
3549 5454 3659 5495 nec

1994 5532 2341 5588 verberibus
2362 5546 2553 5586 caesus
2566 5530 2643 5585 ad
2658 5529 3126 5601 supplicationes
3157 5528 3514 5585 eflunderer.
3551 5528 3657 5586 Ubi

1993 5637 2134 5677 vero
2189 5619 2593 5687 frequentium
2653 5618 2971 5674 verberum
3038 5618 3253 5674 ictibus
3313 5618 3656 5674 universum

1992 5729 2211 5787 corpus
2236 5710 2631 5777 fcedaverant,
2657 5710 2752 5765 vix
2774 5708 3019 5766 tandem
3052 5724 3165 5780 ego
3194 5724 3344 5766 voce
3373 5708 3557 5769 debili
3585 5725 3655 5772 ac
