4470 6452
815 389 941 442 1151

2087 389 2372 447 GEORGII
2409 387 2884 445 ACROPOLITE.

4032 393 4164 446 “52

814 510 1139 579 submissa,
1173 533 1201 561 «
1235 510 1456 568 Christe
1485 528 1588 569 rex
1648 514 1986 586 »,inquam,
2012 537 2039 565 «
2068 518 2214 587 quot
2234 513 2460 569 morbis
2499 509 2550 563 A
2578 573 2579 582 γ

2401 513 2460 568 iis
2499 509 2550 563 Λ
2578 516 2730 584 μόγις
2777 516 2937 584 ίσχνῆ
2980 518 3069 566 καὶ
3123 514 3350 587 ἠρεμαίᾳ
3371 521 3530 585 φωνῆ.
3579 534 3608 562 ››
3673 511 3744 564 Ὠ
3779 515 3976 586 Χριστὶ
4014 512 4166 564 ϐασι-

812 595 1132 654 aﬂlictatus
1150 615 1301 669 sum,
1323 616 1511 671 quare
1523 616 1730 657 eorum
1746 602 1910 657 nullo
1927 603 2110 658 vitam
2125 602 2324 669 amisi,
2357 601 2462 656 sed

812 687 887 741 ad
918 687 1027 742 bas
1051 703 1144 742 me
1174 691 1556 758 tempestates
1605 691 1856 746 servasti
1885 692 1914 746 ?
1963 713 1990 739 η
2017 692 2113 746 His
2162 690 2462 745 dictisim-

812 780 1047 848 perator
1084 777 1376 845 nonnihil,
1418 783 1480 832 ut
1519 779 1853 846 videbatur,
1911 781 2132 835 veritus
2199 781 2461 835 secessit.

813 881 952 920 cum
994 865 1095 920 uni
1135 881 1207 920 ex
1243 867 1315 921 iis
1354 867 1458 938 qui
1499 868 1696 939 ipsum
1749 870 2156 941 sequebantur
2194 869 2463 931 dixisset,

816 973 845 1001 »
871 954 992 1006 Duc
1022 957 1215 1007 tecum
1236 953 1453 1025 ipsum.
1477 977 1497 1003 ι
1523 955 1619 1010 Ille
1639 972 1794 1027 equo
1827 957 2468 1025 advehensinterrogat

816 1055 937 1112 quo
951 1040 1170 1096 abituri
1191 1042 1402 1097 simus.
1429 1045 1548 1113 Ego
1577 1061 1589 1098 :
1616 1067 1635 1093 ι
1663 1045 1810 1100 Ριιωὶ
1837 1063 1849 1111 ;
1876 1061 2239 1118 quocunque
2260 1045 2465 1100 luben-

816 1127 894 1182 tia
926 1127 1124 1197 trahit,
1158 1145 1395 1201 sequar.
1432 1153 1459 1179 »
1484 1133 1704 1186 Rursus
1725 1132 1819 1187 ille
1840 1132 2215 1202 interrogans
2233 1148 2463 1202 urgere,

815 1216 1063 1286 quando
1081 1217 1274 1290 etipse
1286 1221 1587 1290 respondi:
1601 1244 1626 1269 ››
1644 1225 1751 1276 lter
1769 1221 1942 1276 nobis
1973 1222 2048 1278 ad
2067 1222 2462 1288 Bardariotas,

817 1303 920 1359 tibi
951 1305 1144 1374 magis
1176 1307 1519 1378 expeditum
1544 1309 1874 1366 ineundum
1899 1315 2041 1366 est.)
2067 1313 2175 1366 Res
2195 1312 2275 1366 ita
2297 1317 2467 1379 gesta

816 1399 923 1458 est,
943 1397 1000 1448 et
1029 1394 1106 1448 ad
1134 1397 1613 1453 Bardariotarum
1633 1400 1882 1456 tentoria
1911 1402 2326 1456 convenimus.
2354 1401 2466 1454 Ubi

816 1497 912 1536 me
931 1497 1138 1538 eorum
1162 1485 1533 1554 primicerius
1582 1487 1755 1560 140
1794 1491 2122 1561 conspexit,
2165 1505 2285 1544 non
2341 1489 2466 1544 sine

817 1570 1212 1628 admiratione
1239 1581 1660 1645 percunctatur
1693 1594 1975 1649 quasnam
2017 1593 2110 1633 me
2138 1579 2373 1634 occasio
2407 1579 2466 1632 in

819 1660 947 1728 ejus
989 1662 1305 1717 tentorium
1343 1665 1722 1722 conduceret.
1765 1670 1908 1721 Tum
1953 1683 2139 1735 ego,»
2175 1670 2242 1722 Ut
2279 1666 2469 1721 tantil-

817 1747 943 1802 lum
972 1749 1203 1820 placide
1230 1753 1609 1823 quiescam»,
1645 1756 1762 1811 aio.
1795 1756 2109 1811 Paululum
2143 1756 2288 1812 inibi
2309 1772 2468 1811 com-

2577 600 2681 668 λεῦ,
2721 623 2746 649 ››
2785 605 2928 674 ἔφην,
2973 625 3000 652 n
3024 607 3189 663 πόσας
3228 608 3481 659 νενόσηκα
3518 606 3719 665 νόσους,
3782 598 3969 653 καὶδιά
4035 607 4086 654 τὶ
4116 599 4166 653 ἓν

2574 687 2798 760 οὐδεμιᾷ
2854 691 3046 742 τούτων
3085 691 3344 743 κατέλυσα
3381 697 3473 748 τὴν
3532 692 3670 750 ζωὴν
3718 689 3822 741 ἀλλ’
3882 690 3928 742 ἐν
3996 692 4167 741 τοιού-

2572 799 2683 841 τοις
2721 799 2783 851 με
2821 777 3018 853 καιροῖς
3058 784 3337 852 εταμὶευες
3375 803 3400 828 ››
3440 779 3597 832 Ταῦτ’
3631 779 3789 844 εἶπον,
3852 784 3941 831 καὶ
3980 783 4005 830 6
4073 777 4168 829 ϐα-

2575 873 2730 921 αύτοῡ
2759 869 2993 942 εἰρηκὼς,
3038 890 3066 918 ››
3110 869 3244 922 Λάϐε
3279 877 3458 922 τοῦτον
3497 870 3668 930 αὐτὸς.
3705 893 3732 919 ››
3771 875 3870 922 Καὶ
3909 871 3973 921 ὅσ
4023 869 4167 939 ἔφιπο

2576 959 2743 1018 σιλεύς
2771 955 2873 1010 οἷον
2941 955 3205 1019 αἰδεσθεὶς
3261 958 3560 1029 ἀπηλλάγη,
3596 959 3669 1011 ἐνὶ
3721 967 3820 1010 τῶν
3874 957 4166 1009 ἀκολούθων

2573 1053 2667 1099 πάν
2707 1066 2769 1119 με
2805 1046 2972 1098 λαϐὼν
3023 1047 3200 1120 ἠρώτα
3239 1055 3337 1098 ποῦ
3377 1054 3436 1099 ᾶν
3493 1052 3580 1099 καὶ
3641 1046 3963 1118 άπελθοιμεν.
4039 1047 4166 1114 Ἐγὼ

2576 1135 2654 1205 δὲ,
2689 1160 2709 1185 ι
2747 1136 2915 1188 Ὀπου
2939 1135 2996 1187 ἂν
3056 1136 3208 1196 αὐτὸς
3247 1136 3437 1202 ϐούλει,
3487 1141 3764 1209 ἐφέπομαι·
3827 1161 3854 1186 ››
3884 1141 3984 1189 Καὶ
4013 1134 4167 1186 πάλιν

2575 1226 2724 1290 οὗτος
2773 1227 2866 1283 διά
2927 1238 3025 1280 τῶν
3072 1226 3370 1302 ἐρωτήσεων
3415 1229 3796 1298 κατηνάγκαζε.
3863 1230 3991 1278 Τότε
4045 1231 4170 1295 γοῦν

2574 1326 2663 1372 καὶ
2693 1320 2851 1384 αὐτὸς
2889 1327 3018 1397 1:96;
3073 1329 3254 1373 τοῦτον
3322 1318 3559 1390 ἀντέφην,
3628 1319 3692 1377 ὡς
3753 1323 3839 1368 Δεῖ
3901 1316 4038 1386 ἡμᾶς
4074 1317 4169 1370 τὴν

2573 1414 2674 1483 πρὸ
2705 1414 2823 1472 τούς
2865 1409 3231 1485 Βαρδαριώτας
3287 1405 3528 1460 ϐαδίσαι·
3589 1413 3740 1458 τοῦτο
3795 1407 3897 1477 γάρ
3967 1423 4056 1474 μοι
4083 1399 4170 1453 δο-

2575 1506 2654 1550 κεί
2683 1505 2770 1551 καὶ
2809 1500 2997 1566 μᾶλλον
3067 1503 3325 1571 συμφέρον
3388 1515 3490 1549 σοι.
3563 1499 3662 1547 Καὶ
3713 1498 3916 1564 γέγονεν
3981 1491 4167 1555 οὑτως,

2574 1592 2662 1638 καὶ
2731 1587 2780 1650 ἐς
2872 1598 2969 1640 τῶν
3053 1585 3432 1659 Βαρδαριωτῶν
3489 1587 3738 1655 ἀπῄειμεν
3800 1584 3894 1642 τὰς
3949 1581 4164 1638 σκηνάς.

2579 1674 2725 1729 Ἰδὼν
2769 1675 2827 1729 δέ
2866 1697 2927 1748 με
2966 1680 2991 1728 6
3049 1677 3216 1727 αὐτῶν
3256 1678 3634 1746 πριμμικὴριος
3686 1673 3961 1742 θαυμάσας
3991 1670 4172 1742 ἡρὼτα

2575 1770 2626 1816 τί
2650 1764 2709 1817 ἂν
2764 1766 3063 1839 ϐουλόμενος
3099 1768 3181 1817 επὶ
3243 1769 3335 1822 τὴν
3402 1763 3560 1814 αὑτοῦ
3624 1766 3820 1818 σκηνὴν
3887 1758 4172 1830 ἀφικόμην.

819 1855 1052 1895 moror:
1075 1841 1204 1912 jam
1233 1842 1392 1897 enim
1415 1847 1471 1898 et
1499 1845 1870 1914 primicerius
1887 1846 1961 1901 de
1991 1863 2086 1902 me
2108 1850 2467 1915 cognoverat
2499 1863 2539 1918 Β
2580 1862 2584 1905 ἶ

2404 1850 2467 1900 ’δῖ
2499 1863 2539 1918 Β
2580 1861 2680 1907 Καὶ
2703 1858 2877 1926 ἔγωγε.
2915 1879 2940 1904 ‹‹
2976 1861 3198 1928 Μικρᾶς,
3232 1876 3252 1902 ι
3285 1856 3425 1924 ἔφην·
3460 1875 3487 1900 ‹‹
3546 1850 3878 1909 ἀναπαύσεως
3931 1850 4112 1921 χάριν.
4142 1868 4169 1893 υ

817 1929 1042 1984 omnia.
1071 1932 1273 2002 Neque
1312 1933 1371 1987 in
1410 1933 1666 1989 multum
1699 1940 2010 1991 cunctatus
2039 1936 2364 2009 imperator
2393 1938 2469 1992 ad

819 2021 1138 2075 tentorium
1155 2037 1247 2075 me
1262 2037 1464 2076 meum
1499 2024 1765 2080 conferre
1795 2028 2071 2097 pracepit
2103 2029 2471 2099 ,suspicatus

818 2123 959 2162 vero
982 2124 1055 2164 ne
1081 2109 1355 2165 molestia
1372 2111 1742 2169 conﬂictatus
1756 2114 1898 2183 fuga
1915 2132 2011 2170 me
2044 2117 2465 2189 subducerem,

817 2196 1020 2269 aliqua
1034 2198 1286 2254 militum
1301 2217 1486 2256 manu
1509 2204 1828 2259 tentorium
1848 2205 2279 2279 circumsepsit,
2306 2215 2361 2262 et
2387 2209 2469 2263 sic

816 2285 1157 2342 clanculum
1185 2305 1279 2343 me
1318 2291 1600 2346 custodiri
1621 2294 1950 2349 mandavit.
1977 2299 2038 2349 In
2071 2312 2273 2351 meum
2297 2297 2469 2352 adve-

816 2381 947 2430 ctus
981 2378 1301 2434 tentorium
1341 2380 1537 2450 quiete
1577 2387 1810 2437 aetatem
1851 2384 2131 2452 agebam,
2173 2401 2367 2458 neque
2409 2387 2467 2441 in

814 2464 1018 2520 aulam
1073 2468 1320 2532 vadens,
1371 2485 1567 2541 neque
1609 2471 1930 2527 familiares
1969 2489 2164 2546 neque
2237 2476 2465 2530 amicos

814 2553 1148 2626 alloquens.
1182 2557 1284 2612 sed
1299 2557 1462 2613 libris
1493 2561 2110 2629 tautumincumbens,
2139 2580 2467 2636 eorumque

813 2641 1064 2699 lectione
1118 2662 1215 2701 me
1254 2647 1582 2716 delectans,
1646 2650 1901 2723 ciboque
1966 2668 2063 2707 me
2129 2661 2466 2724 opportune

812 2733 1106 2789 reﬁciens.
1141 2734 1406 2808 Plerique
1431 2737 1634 2810 itaque
1667 2739 1796 2794 dies
1825 2756 1963 2795 cum
2004 2740 2116 2796 hoc
2145 2742 2278 2797 vitae
2319 2760 2467 2799 mete

813 2824 1229 2881 moderamine
1291 2829 1695 2897 praetergressi
1763 2835 1924 2884 sunt.
2025 2834 2088 2886 Et
2145 2832 2468 2904 imperator

815 2915 1120 2985 ingenium
1137 2931 1339 2970 meum
1354 2915 1388 2970 d
1401 2932 1573 2971 urum
1587 2933 1657 2972 ac
1672 2917 2052 2988 implacabile
2081 2921 2287 2976 videns
2309 2938 2467 2990 egre

813 3004 1062 3061 ferebat.
1101 3010 1408 3074 Augustus
1439 3010 1598 3061 totus
1638 3006 1967 3076 eﬂluxerat,
2009 3025 2202 3082 neque
2243 3027 2353 3080 ego
2393 3011 2466 3065 de

813 3094 1106 3149 sententia
1161 3094 1307 3148 mihi
1351 3096 1658 3167 proposita
1711 3096 1938 3166 aliquid
1997 3099 2176 3153 movi.
2229 3099 2464 3154 Interim

2580 1950 2761 2016 Βραχὺ
2819 1945 2942 2015 γοῦν
3000 1965 3050 1996 τι
3117 1945 3582 2017 προσεκαρτέρησα
3647 1947 3755 2001 τοῖς
3823 1938 4002 1990 ἐκεῖσε.
4061 1931 4168 1992 ἤδη

2577 2054 2678 2108 γαρ
2707 2037 2850 2085 καὶὸ
2881 2038 3260 2106 πριμμικὴριος
3310 2030 3638 2102 ἐμεμαθήκεὲ
3692 2031 3759 2080 τά
3803 2026 3918 2078 κατ’
3972 2025 4074 2097 ἐμέ.
4111 2025 4172 2074 Ὀ

2581 2120 2638 2175 δὲ
2665 2123 2906 2184 ϐασιλεὺς
2939 2120 3144 2182 όὺδέἰς
3175 2121 3304 2172 πολὺ
3364 2119 3624 2192 μελλήσας
3696 2115 4052 2188 διεμηνύσατο
4106 2112 4174 2171 εἰς

2578 2217 2665 2269 την
2699 2218 2894 2270 σκηνὴν
2928 2212 3207 2283 ἀφικέσθαι
3238 2231 3321 2283 με.
3372 2205 3560 2268 Δεδιὼς
3599 2205 3657 2259 δε
3692 2212 3760 2279 μή
3786 2226 3892 2266 πως
3922 2212 3984 2261 τῆ
4034 2203 4170 2257 λύπη

2576 2305 2921 2372 κατασχεθεὶς
2967 2311 3101 2374 φυγῆ
3150 2306 3461 2374 χρήσωμαι,
3514 2295 3793 2370 προσεταξε
3847 2295 4033 2367 μοῖράν
4059 2310 4177 2342 τινα

2579 2396 2958 2462 στρατιωτικήν
2984 2395 3386 2464 περιστοιχίσαι
3425 2407 3524 2459 μου
3570 2391 3662 2443 τὴν
3722 2387 3913 2440 σκηνὴν
3956 2386 4045 2432 καὶ
4098 2379 4176 2430 λε-

2575 2479 2806 2539 ληθότως
2859 2479 3128 2551 φυλάττειν
3170 2476 3246 2531 δε,
3279 2479 3410 2549 Ἐγὼ
3437 2479 3525 2548 μὲν
3579 2471 3665 2526 οὖν
3727 2476 3794 2532 εἱς
3837 2477 3932 2530 τὴν
3981 2470 4174 2522 οἰκείαν

2576 2567 2852 2640 ἀφιγμένος
2885 2573 3075 2626 σκηνὴν
3099 2571 3322 2639 ἡσύχως
3369 2567 3416 2618 ἐν
3475 2566 3614 2617 αὐτῶ
3653 2567 3738 2614 τὸν
3787 2566 3968 2636 καιρὸν
4002 2555 4173 2611 διεϐί-

2578 2657 2757 2725 ϐαζον,
2812 2658 2905 2709 οὐκ
2959 2658 3005 2710 ἐν
3076 2657 3381 2732 ἀνακτόροις
3435 2651 3688 2718 ϐαδίζων,
3757 2649 3882 2703 οὐδέ
3931 2669 4032 2701 τινι
4075 2656 4175 2698 τῶν

2577 2743 2883 2804 επιτηδείων
2923 2753 3012 2799 καὶ
3078 2749 3312 2804 συνήθων
3395 2743 3748 2818 προσομιλῶν,
3836 2739 3942 2791 ἀλλ’
3995 2740 4024 2798 ἡ
4059 2745 4178 2796 ταῖς

2581 2836 2783 2909 βίϐλοις
2841 2841 3182 2909 προσανέχων
3266 2841 3355 2887 καὶ
3435 2833 3720 2904 ἀναγνώσει
3777 2836 4046 2904 χρώμενος
4089 2832 4176 2878 καὶ

2575 2937 2766 3002 τροφῆς
2838 2926 3239 2999 μεταλαμϐάνων
3323 2927 3458 2976 κατά
3535 2926 3736 2996 καιρόν.
3793 2922 3989 2973 ’1καναὶ
4048 2925 4175 2988 γοῦν

2577 3019 2767 3092 ἡμέραι
2799 3020 2991 3069 οὑτωσί
3036 3022 3140 3075 πώς
3194 3035 3294 3087 μου
3344 3017 3546 3085 ἓχονιος
3621 3015 4033 3085 παρῳχηκεσαν,
4084 3011 4174 3058 καὶ

2577 3109 2602 3159 6
2633 3106 2875 3168 ϐασιλεὺς
2933 3106 3211 3176 ἠγανάκτει
3263 3108 3321 3155 τό
3389 3102 3614 3176 σκληρόν
3654 3120 3752 3172 μου
3812 3100 4046 3171 καθορῶν
4087 3099 4176 3146 καὶ

811 3183 1099 3256 praesules
1132 3199 1252 3238 non
1285 3184 1461 3255 pauci
1519 3184 1816 3240 advenere
1865 3187 2242 3258 imperatoris
2269 3189 2460 3259 jussu,
2495 3217 2540 3271 ο

2410 3206 2460 3259 l1,
2495 3217 2540 3271 ο
2577 3202 2952 3268 όφρονήματος.
3003 3195 3198 3266 Παρὴει
3269 3201 3392 3263 γοῦν
3478 3191 3644 3251 ὅλοςό
3727 3191 4045 3258 Αὔγουστος,
4086 3188 4175 3235 καὶ

815 3279 876 3329 ut
917 3274 1040 3345 ipse
1079 3288 1505 3342 cognoveram,
1560 3273 1694 3328 licet
1745 3276 1861 3346 ipsi
1914 3276 1974 3330 id
2014 3276 2310 3333 occultare
2351 3285 2467 3333 stu-

810 3364 1040 3430 derent,
1119 3367 1266 3417 nutu
1298 3364 1542 3434 proprio
1599 3366 1962 3435 processisse
2029 3375 2462 3435 asseverantes,

811 3451 1085 3508 amicitia;
1109 3457 1165 3506 et
1201 3451 1379 3506 bonae
1442 3467 1585 3522 erga
1645 3469 1738 3508 me
1803 3454 2211 3527 dispositionis
2278 3457 2468 3527 gratia

809 3541 1070 3611 ingenue
1101 3541 1421 3596 suadentes
1488 3548 1549 3597 ut
1589 3544 1904 3615 asperitate
1945 3546 2158 3600 mentis
2197 3546 2466 3617 aliquan-

813 3631 1001 3686 tulum
1029 3631 1259 3685 mollita
1284 3631 1360 3687 ad
1383 3633 1805 3703 imperatorem
1824 3636 2169 3690 accederem
2203 3652 2465 3692 rursum-

810 3736 930 3791 que
989 3719 1069 3774 illi
1121 3735 1216 3775 me
1275 3721 1387 3776 sub
1443 3722 1739 3777 servitutis
1781 3723 2101 3779 subderem
2137 3726 2305 3794 jugo.
2350 3726 2466 3780 lllis

811 3813 1012 3864 tamen
1037 3809 1550 3866 cohortationibus
1563 3811 1638 3866 ad
1659 3812 1719 3866 id
1741 3811 1867 3883 ipse
1891 3812 2110 3868 adduci
2130 3829 2249 3868 non
2276 3815 2465 3885 potui.

815 3899 1097 3954 Dicebam
1113 3900 1294 3967 enim,
1311 3901 1433 3956 sive
1449 3902 1773 3974 imperator
1785 3903 1845 3957 in
1859 3919 1954 3957 me
1967 3905 2196 3975 optima
2209 3921 2386 3976 quaeq
2396 3922 2467 3960 ue

813 3987 1099 4043 muniﬁce
1121 3988 1477 4056 admodum,
1505 4007 1642 4062 quas
1669 3991 1868 4046 nullus
1898 3993 2463 4064 eximperatoribus,

813 4078 918 4150 qui
941 4084 1075 4132 ante
1105 4093 1242 4132 eum
1270 4079 1522 4150 imperio
1547 4080 1853 4150 prmfuere,
1878 4080 2044 4152 14],
2084 4081 2466 4138 administro-

814 4182 950 4222 rum
980 4167 1243 4238 cuipiam
1283 4168 1468 4234 dedit,
1527 4169 1859 4238 contulerit,
1928 4170 2050 4225 sive
2118 4173 2386 4242 pessima
2415 4177 2471 4227 et

816 4257 1211 4327 atrocissima,
1236 4257 1458 4328 quibus
1471 4259 1621 4313 alius
1635 4259 1918 4314 omnibus
1939 4259 2174 4329 ﬂagitiis
2196 4261 2467 4332 inquina-

816 4347 1082 4402 tissimos
1123 4363 1395 4418 unquam
1449 4347 1769 4414 divexavit,
1805 4349 1863 4404 in
1921 4367 2017 4406 me
2075 4355 2469 4422 attentaverit,

818 4437 938 4491 sive
954 4437 1068 4492 hac
1086 4438 1207 4491 sive
1223 4437 1320 4492 illa
1341 4438 1589 4504 ratione,
1616 4439 1780 4494 nullo
1803 4457 1897 4495 me
1921 4442 2104 4496 modo
2127 4441 2203 4497 illi
2225 4445 2472 4498 inservi-

817 4533 1046 4583 turum.
1089 4530 1208 4595 Ego
1233 4527 1430 4599 itaque
1453 4545 1648 4601 neque
1695 4530 1769 4584 de
1825 4534 2115 4588 sententia
2172 4549 2367 4605 neque
2395 4536 2468 4590 de

818 4617 1128 4689 proposito
1155 4617 1444 4672 dimoveri
1482 4620 1666 4691 potui.
1710 4622 1854 4676 Cum
1920 4622 2267 4692 September
2289 4641 2470 4696 appe-

821 4713 981 4777 teret,
1008 4707 1274 4778 despotaa
1291 4708 1585 4764 Michaelis
1608 4711 1829 4780 conjux
1858 4712 2168 4767 Theodora
2185 4730 2322 4768 cum
2350 4715 2471 4770 tilio

820 4815 931 4854 suo
959 4799 1289 4871 Nicephoro
1315 4799 1392 4856 ad
1414 4799 1820 4857 absolvendas
1858 4803 2124 4874 nuptias,
2174 4804 2255 4858 uti
2299 4807 2475 4859 Joan-

819 4904 927 4944 nes
966 4890 1314 4959 imperator,
1384 4891 1736 4962 imperantis
1797 4897 1982 4964 pater,
2052 4899 2190 4948 ante
2251 4910 2479 4965 paucos

820 4993 1017 5034 annos
1060 4985 1442 5049 convenerat,
1484 4981 1561 5036 ad
1593 4982 2018 5052 imperatorem
2060 4983 2478 5054 proﬁciscitur,

2578 3283 2694 3338 οὐδ’
2750 3285 2875 3346 ὅλως
2948 3281 3183 3335 ἐνδοῦναι
3243 3279 3386 3353 εἶχον
3425 3277 3517 3340 τῆς
3569 3280 3632 3339 ἧς
3683 3276 3900 3350 ἔστερξα
3965 3279 4176 3345 γνώμης

2577 3379 2784 3448 μικρόν.
2818 3373 2998 3426 Ηολλοὶ
3062 3373 3185 3443 γοῦν
3249 3380 3345 3423 τῶν
3413 3372 3700 3443 ἀρχιερέων
3775 3365 4015 3436 ἀφίκοντο
4047 3367 4176 3435 πρὸς

2577 3464 2681 3536 ἐμὲ,
2715 3463 2958 3520 ϐασιλικῆ
3002 3465 3108 3534 μὶν,
3179 3465 3243 3521 ὡς
3305 3461 3630 3529 ἠπιστάμην,
3686 3465 3747 3514 τῆ
3805 3462 4102 3528 προσταγῆ,
4134 3453 4177 3505 εἰ

2575 3559 2664 3605 καὶ
2695 3553 2876 3604 ἐκεῖνοι
2937 3551 3198 3602 λανθάνειν
3256 3549 3456 3614 ἡθελον,
3526 3548 3723 3599 οἴκοθεν
3783 3545 4014 3615 λέγοντες
4063 3541 4179 3613 ἀφι-

2575 3645 2915 3713 κέσθαιπρὸς
2946 3640 3031 3712 ἐμὲ
3071 3640 3236 3710 φιλίας
3301 3641 3462 3712 χάριν
3523 3642 3612 3688 καὶ
3675 3641 3925 3708 χρηστῆς
3991 3629 4176 3683 διαθέ-

2580 3740 2705 3792 σεὼς
2758 3746 2771 3758 ⁸
2813 3729 2975 3781 πολλα
3037 3748 3091 3780 τε
3146 3727 3375 3798 λέγοντες
3422 3730 3479 3777 τὸ
3527 3727 3818 3798 ἀπόκροτον
3875 3721 4178 3773 καταλιπεῖν

2577 3840 2638 3894 με
2664 3829 2758 3881 τῆς
2789 3824 2996 3891 γνώμης
3035 3823 3124 3868 καὶ
3164 3825 3236 3886 τῷ
3295 3816 3501 3867 ϐασιλεῖ
3565 3813 3815 3877 ξυνελθεῖν
3876 3817 3965 3863 καὶ
4027 3807 4179 3870 αὖθις

2577 3911 2718 3980 αὐτῷ
2749 3912 2880 3982 πρὸς
2901 3912 2984 3958 τὸν
3015 3915 3112 3969 τῆς
3153 3903 3392 3965 δουλείας
3453 3903 3795 3961 συνελαθῆναι
3858 3902 4038 3969 ζυγὸν,
4073 3897 4178 3967 οὐχ

2578 4001 2817 4072 εὓρισκον
2871 3997 2995 4058 ὅλως
3035 3998 3298 4053 πειθήνιον
3342 4010 3352 4022 ‘
3387 3997 3607 4066 ἔφασκον
3662 3994 3763 4066 γάρ
3805 3994 3868 4050 ὡς
3907 3993 4046 4062 εἰπερ
4089 4006 4178 4058 μοι

2577 4088 2643 4141 τά
2681 4091 3028 4161 χρηστότατα
3067 4087 3091 4135 6
3142 4083 3378 4143 ϐασιλεὺς
3417 4079 3757 4146 ἐπιδείξαιτο,
3799 4077 3981 4151 [Ρ-73]
4025 4082 4180 4128 όποῖα

2577 4175 2751 4237 οὐδεὶς
2812 4185 2910 4226 τῶν
2970 4173 3413 4246 βεϐασιλευκότων
3471 4173 3553 4225 ἐπί
3606 4191 3706 4223 τινι
3758 4179 3858 4221 τῶν
3920 4170 4176 4240 ὑπηρετη-

2581 4269 2778 4319 σάντων
2812 4265 2951 4334 αὐτῷ
3001 4261 3288 4334 ἑπιδέιχεν,
3330 4264 3359 4320 ἡ
3407 4264 3468 4314 τά
3524 4266 3787 4334 χαίριστα
3824 4263 3913 4310 καὶ
3952 4259 4181 4308 κάκιστα

2580 4358 2627 4410 ἐν
2695 4354 2810 4427 ἐμοὶ
2896 4357 3302 4424 κατεργάσαιτο,
3368 4348 3454 4403 οἶα
3510 4348 3675 4410 οὐδεὶς
3735 4348 3888 4410 ἄλλος
3952 4356 4051 4398 τῶν
4083 4350 4181 4403 ήπὶ

2581 4450 2742 4516 κακὶα
2773 4441 3166 4515 περιϐοὴτωνέν
3192 4438 3366 4492 οὐδενὶ
3423 4449 3522 4492 τῶν
3585 4438 3819 4491 ἁπάντων
3881 4441 4180 4498 πεποίηκεν,

2582 4535 2692 4588 οὔθ’
2725 4537 2885 4594 οὕτως
2927 4531 3032 4583 οὔτ’
3057 4531 3256 4590 ἐκεὶνως
3291 4535 3362 4601 τῷ
3426 4529 3626 4581 ϐασιλεῖ
3699 4531 3831 4579 κατα
3860 4547 3912 4579 τι
3963 4524 4183 4577 δουλεύ-

2530 4614 2549 4671 θ
2585 4645 2759 4697 σαιμι.
2804 4625 2935 4694 Ἐγὼ
2975 4624 3063 4693 μεν
3102 4617 3190 4672 οὖν
3245 4624 3404 4680 οὕτως
3472 4621 3616 4690 εἶχον
3655 4624 3868 4689 γνώμης
3901 4621 3990 4667 καί
4058 4614 4183 4686 άμε-

2583 4717 2799 4768 ταθέτου
2844 4720 3063 4765 σκοποῦ.
3106 4713 3254 4763 Ἐπεὶ
3295 4706 3354 4761 δὲ
3397 4710 3440 4743 ¹⁵
3481 4715 3571 4760 καὶ
3611 4710 3634 4758 6
3677 4705 4014 4778 Σεπτέμϐριος
4055 4704 4188 4776 ἐφει-

2587 4811 2768 4863 στήκει
2804 4809 2906 4874 μην
2950 4805 3078 4871 ι3-1ι),
3123 4805 3212 4852 καὶ
3251 4802 3279 4857 ἡ
3323 4807 3414 4850 τοῦ
3457 4795 3717 4850 δεσπότου
3759 4795 3984 4867 Μιχαὴλ
4025 4794 4188 4854 σύζυο

2585 4915 2676 4966 γος
2733 4889 2984 4965 Θεοδώρα
3049 4893 3192 4963 παρὰ
3252 4893 3338 4940 τὸν
3379 4887 3595 4940 ϐασιλέα
3659 4886 3868 4959 ἀφικετο
3939 4883 4069 4957 μετὰ
4095 4891 4188 4935 τοῦ

2588 4988 2703 5037 υἱοῦ
2730 4983 2895 5044 αὐτῆς
2931 4987 3232 5054 Νικηφόρον
3265 4983 3322 5031 τὸ
3394 4981 3526 5050 πρὸς
3576 4982 3663 5030 τὸν
3733 4976 3950 5029 ϐασιλέα
4019 4971 4190 5034 κῆδος

892 5079 936 5114 ⁵¹
970 5077 1078 5130 ἐπεὶ
1106 5073 1165 5159 δε
1192 5094 1376 5149 usque
1407 5080 1487 5134 ad
1516 5079 1757 5159 ξυνῆλθεν
1791 5081 1897 5159 liii.
1939 5085 1998 5159 l7
2031 5082 2141 5159 σρι.
2345 5081 2580 5159 Ἀᾳφίκετο
2604 5078 2669 5159 δε
2701 5085 2790 5132 καὶ
2821 5082 2849 5137 ἡ
2885 5088 2975 5132 τοῦ
3003 5077 3262 5159 δεσπότου
3303 5076 3539 5159 μιχὶαὴλ
3586 5080 3714 5159 γυνὴ
3775 5071 4029 5159 Θερδώρα
4059 5077 4192 5159 μετά

819 5158 911 5202 τοῦ
940 5155 1057 5201 vion
1097 5133 1288 5211 «ﬁrm.
1325 5158 1624 5225 Νικηφορου
1666 5155 1722 5202 τό
1760 5155 1888 5224 πρὸς
1926 5156 2011 5202 τόν
2061 5150 2279 5204 ϐασιλέα
2297 5133 2473 5231 ἶιῆδος
2513 5153 2994 5226 αποπληρώσοντες.
3035 5154 3098 5202 ’0
3137 5154 3226 5222 μὲν
3267 5146 3353 5201 οὖν
3395 5133 3890 5231 ϐασιλεὺςλὲςσπενδε
4051 5154 4191 5198 Θεσ-

824 5221 1101 5279 σαλονίκην
1129 5216 1808 5292 ταταλαϐεῖν,’συνείποντο’
1838 5220 1898 5275 δέ
1928 5226 2092 5295 τούτῳ
2125 5226 2254 5304 καὶῂ
2291 5232 2381 5275 τοῦ
2432 5222 2693 5277 δεσποτὸυ
2723 5216 2862 5296 ’γυνη
2907 5226 3036 5304 μετὰ
3093 5231 3184 5274 τοῦ
3238 5227 3372 5304 uico,
3436 5226 3535 5304 καὶ.
3572 5221 3688 5304 καθ’
3735 5216 3875 5304 όδρν,
3906 5222 3994 5276 τάς
4055 5237 4192 5304 σίν-ξιτ

824 5245 1101 5279 σαΑονικην
1129 5245 1452 5292 mra/acuta,
1500 5245 1797 5275 συνειποντο
1838 5245 1896 5275 σε
1928 5245 2092 5295 τουτῳ
2125 5245 2254 5281 καιη
2291 5245 2381 5275 του
2432 5245 2693 5277 οεσποτου
2733 5245 2862 5296 γυνη
2907 5245 3036 5346 μετα
3093 5245 3184 5274 του
3238 5245 3372 5289 υιου,
3436 5245 3525 5271 και
3572 5245 3670 5271 κατ)
3735 5245 3994 5304 0091mm;
4055 5245 4196 5306 σμμῖ

822 5293 999 5353 ϐασεις
1032 5293 1254 5358 ἐποίουν,
1289 5301 1379 5346 καί
1435 5299 1916 5367 συμπεφώνηκεκαί
1983 5298 2188 5346 ἄκουσα
2221 5292 2404 5347 δοῦναι
2474 5301 2600 5369 πρὸς
2630 5301 2713 5348 τόν
2782 5295 2906 5347 ϐασι
2942 5300 2998 5347 ἐα
3063 5297 3132 5369 τά
3195 5291 3379 5369 Σέρϐια
3447 5297 3535 5343 καί
3601 5296 3658 5369 τό
3718 5300 4033 5369 Δυρραχιρν.
4094 5296 4196 5369 Εξι

819 5369 1135 5428 τούτοιςκαί
1201 5370 1346 5439 ὅρκοι
1405 5361 1712 5442 προύϐησαν
1743 5372 1832 5418 καί
1891 5365 2260 5424 ἀπεστάλησαν
2299 5372 2430 5440 πρὸς
2467 5361 2553 5422 τόν
2587 5367 2828 5440 Μιχαὴλ,
2905 5372 2996 5418 καί
3027 5371 3076 5427 ἅς
3127 5361 3261 5418 ἑκὼν
3293 5367 3495 5417 ἀέκοντί
3534 5383 3591 5435 γε
3633 5361 3796 5435 θυμῷ
3821 5361 4090 5426 ξυνῆλθεν.
4130 5363 4195 5416 D.

1716 5545 2056 5615 Theodori
2107 5547 2356 5614 Dousaa
2407 5556 2472 5614 et
2520 5546 2775 5614 Leonis
2828 5545 3060 5614 Allatii
3115 5555 3314 5612 notae.

895 5739 1010 5810 (34)
1032 5737 1090 5790 Ὀ
1125 5735 1466 5813 Σεπτεμϐριος
1492 5737 1756 5810 ἔφεστήκει
1783 5742 1904 5809 μήν.
1941 5739 2229 5807 Gregoras
2257 5753 2308 5792 ι).
2339 5737 2426 5792 57.
2461 5743 2594 5792 ALL.
