4470 6452
281 400 405 452 “53
1774 388 2115 445 ANNALES-
3480 397 3617 450 1154

278 518 748 590 ἀποπληρώσοντες,
808 516 927 588 ὅπερ
981 516 1005 565 ό
1084 513 1327 585 βασιλεὺς
1386 515 1617 572 Ἰωάννης
1672 515 1696 563 ό
1772 511 1940 563 τοῦΑ
1974 511 2043 566 Irr

1854 520 1863 560 1
1892 511 1940 563 Α
1974 511 2299 584 Imperator
2320 514 2394 568 ad
2415 514 2620 568 urbem
2635 516 3141 587 Thessalonicam,
3168 520 3363 589 inqua
3380 519 3619 590 nuptias

278 606 637 679 βασιλεύοντος
687 608 859 674 πατὴρ
914 607 1011 676 πρὸ
1078 608 1281 674 χρόνων
1328 612 1478 654 τινων
1524 608 1863 673 συμπεφώνη-
1974 602 2043 655 ad

1856 632 1863 643 -
1974 602 2267 655 adornare
2325 602 2687 665 decreverat,
2746 607 3105 675 properavit,
3164 608 3413 678 jamque
3492 608 3621 663 loco

278 697 543 765 κεν,όμεν
594 691 838 763 βασιλεὺς
887 687 1106 743 ἔσπευδε
1164 697 1256 749 τὴν
1320 682 1708 747 Θεσσαλοᾶὶκην
1773 710 1863 740 κα-
1975 689 2043 744 ali

1859 723 1863 729 ν
1975 689 2219 745 abierat.
2260 691 2574 746 Discedens
2614 693 3137 750 Thessalonicense
3166 697 3271 751 iter
3298 697 3624 765 ingreditur

277 782 528 848 ταλαϐειν,
562 784 681 833 ἔνθα
709 785 799 831 καὶ
849 784 970 841 τούς
1021 781 1217 851 λάμους
1277 790 1499 839 ποιῆσαι
1530 778 1862 851 βεϐούληται.
1974 788 2027 833 et

1857 822 1862 833 .
1974 788 2027 833 et
2058 779 2206 833 inter
2246 779 2512 834 eundum
2558 784 2867 851 pactiones
2922 798 3061 838 cum
3129 786 3391 855 despotae
3441 802 3622 840 uxore

282 878 371 926 Καὶ
404 870 470 929 δή
501 890 591 942 περ
643 869 841 943 ἀπάραι
907 868 959 931 ἐξ
1008 870 1162 943 οὗπερ
1223 872 1382 921 ἔκειτο
1436 876 1594 921 τόπον
1654 877 1745 929 τῆς
1800 870 1865 927 εἰς
1976 867 2047 922 ad

1859 888 1865 927 ;
1976 867 2199 922 adibat.
2239 870 2505 939 Despotae
2546 886 2695 924 uxor
2733 871 3042 926 Theodora
3088 872 3221 927 licet
3265 875 3447 928 invita
3487 891 3624 929 cum

278 966 365 1019 τὴν
424 958 809 1015 Θεσσαλονίκην
846 961 1102 1032 φερούσης
1156 962 1365 1016 ἡπτετο·
1417 959 1534 1010 καθ’
1608 955 1731 1010 ὀδόν
1808 954 1866 1008 δε
1974 956 2043 1010 il:

1861 975 1866 1006 ε
1974 956 2331 1027 imperatore
2365 958 2791 1023 concordabat,
2825 960 3047 1031 quippe
3074 978 3208 1032 quae
3239 961 3297 1015 in
3346 963 3626 1017 manibus

279 1053 400 1122 μετὰ
454 1058 543 1108 τῆς
599 1056 689 1100 του
748 1044 1005 1099 δεσπότου
1062 1049 1295 1117 συζύγου
1350 1052 1443 1109 τάς
1520 1046 1869 1119 συμϐίϐάσεις
1977 1045 2044 1114 θ]ι

1861 1067 1869 1107 ;
1977 1045 2106 1114 ejus
2136 1061 2272 1098 cum
2303 1052 2475 1105 esset.
2529 1050 2759 1100 tantum
2812 1063 2932 1102 non
2988 1050 3209 1104 carceri
3264 1052 3626 1122 mancipata,

279 1138 450 1192 ἐποίει.
488 1137 545 1190 Ἠ
593 1140 682 1208 μεν
741 1132 827 1187 οὖν
878 1144 968 1187 τοῦ
1014 1132 1272 1188 δεσπότου
1335 1137 1559 1207 σύζυγος
1619 1134 1868 1210 Θεοδωρα
1978 1133 2044 1188 ali

1863 1157 1868 1187 :
1978 1133 2139 1188 aliud
2213 1150 2389 1203 agere
2462 1135 2768 1205 nequibat.
2845 1137 3123 1191 Convenit
3172 1139 3373 1209 itaque
3425 1140 3628 1195 Serbia

276 1233 359 1280 καὶ
416 1229 621 1279 ἄκουσα
678 1233 789 1286 τοῖς
838 1233 929 1276 τοῦ
1004 1223 1258 1295 βασιλέως
1326 1225 1496 1296 λόγοις
1555 1232 1864 1297 συνήρχετο·
1980 1239 2041 1278 ca

1856 1246 1864 1257 -
1980 1230 2244 1278 castrum
2276 1229 2489 1277 etcum
2519 1238 2590 1277 eo
2613 1224 2997 1295 Dyrrachium
3020 1225 3362 1296 imperatori
3394 1228 3621 1282 cedere.

278 1314 414 1377 ἐντός
468 1318 569 1387 γάρ
629 1322 727 1365 τῶν
795 1312 984 1365 ἐκείνου
1047 1321 1241 1386 χειρῶν
1304 1309 1456 1377 οὖσα,
1517 1320 1605 1364 καὶ
1681 1332 1871 1386 μικρου
1983 1314 2043 1367 Et

1863 1336 1871 1360 ν
1983 1314 2047 1367 Et
2078 1311 2205 1365 haec
2226 1311 2821 1382 jurejurando.quod
2844 1314 3492 1384 scriptoconsignalum
3518 1322 3628 1385 est,

281 1400 383 1455 δεῖν
410 1406 474 1462 ὡς
515 1402 563 1453 ἐν
602 1404 777 1473 εἰρκτῆ
810 1403 1173 1471 τυγχάνουσα,
1205 1401 1298 1451 οὐκ
1328 1398 1441 1472 εἶχέ
1467 1422 1517 1452 τι
1569 1401 1688 1452 ἀλλο
1748 1398 1873 1471 δρᾶ·
1982 1401 2043 1457 fu

1869 1433 1873 1442 ι
1982 1401 2221 1457 fuerunt
2251 1400 2509 1455 stabilita
2539 1407 2595 1454 et
2624 1401 2698 1455 ad
2732 1400 3069 1457 Michaelem
3092 1403 3407 1473 despotam
3442 1412 3634 1459 trans-

281 1509 386 1545 σαι,
439 1495 814 1561 Συμπεφωνηκε
856 1508 982 1558 γουν
1036 1484 1219 1540 δοῦναι
1300 1493 1428 1560 πρὸς
1507 1492 1591 1540 τὸν
1650 1487 1875 1561 βασιλέα
1984 1506 2045 1544 1n

1867 1508 1875 1538 :
1984 1490 2189 1544 missa.
2228 1489 2342 1554 Ille,
2366 1488 2527 1560 quod
2555 1496 2731 1561 poeta
2762 1491 2978 1558 retulit,
3003 1491 3632 1566 lubentiillubentique

279 1583 333 1631 τό
355 1580 582 1651 κάστρον
611 1581 677 1629 τὰ
715 1576 898 1651 Σέρϐια
961 1581 1050 1627 καὶ
1110 1582 1202 1627 σὺν
1257 1577 1399 1646 αὐτῷ
1438 1582 1527 1629 καὶ
1572 1582 1629 1629 τό
1683 1578 1876 1650 Δυρρά-
1907 1626 1947 1679 Β
1985 1595 2044 1634 at

1868 1607 1876 1615 -
1907 1626 1947 1679 Β
1985 1594 2187 1634 animo
2214 1578 2425 1647 juratis
2444 1594 2804 1632 consensum
2840 1581 3138 1650 praestitit:
3170 1580 3339 1653 142
3369 1598 3633 1654 namque

279 1689 397 1739 χιον
419 1669 550 1721 Ἐπὶ.
612 1669 815 1727 τούτοις
869 1671 957 1717 καὶ
1006 1667 1150 1735 ὅρκοι
1232 1665 1498 1737 ἐγγράφως
1577 1666 1873 1738 προέϐησαν
1908 1665 1947 1679 υ
1985 1682 2044 1721 u}

1871 1690 1873 1703 ι
1908 1665 1947 1679 υ
1985 1682 2232 1721 uxorem
2266 1672 2322 1720 et
2360 1666 2547 1721 ﬁlium
2588 1666 2826 1721 liberari
2875 1674 2931 1722 et
2969 1669 3046 1723 ad
3102 1686 3161 1723 se
3216 1671 3419 1726 venire
3474 1688 3636 1725 sum-

279 1763 365 1809 καὶ
396 1756 765 1812 ἀπεστάλησαν
804 1758 932 1830 πρὸς
964 1759 1048 1805 τόν
1093 1752 1355 1813 δεσπότην
1408 1756 1644 1825 Μιχαὴλ.
1688 1755 1745 1807 Ὀ
1794 1752 1872 1823 δε,
1986 1772 2044 1809 In

1871 1802 1872 1812 χ
1986 1755 2583 1826 mopereexoptabat.
2618 1760 2769 1810 Inter
2796 1757 2922 1811 haec
2946 1756 3269 1828 imperator
3286 1776 3636 1831 mequoque

280 1846 540 1918 όφησινὴ
585 1850 824 1911 ποίησις,
852 1844 977 1896 ἑκὼν
1020 1848 1219 1895 ἀέκοντί
1271 1864 1328 1914 γε
1384 1846 1529 1915 θυμῷ
1586 1853 1693 1906 τοῖς
1743 1846 1876 1916 ὡμο·
1986 1862 2045 1901 ex

1873 1875 1876 1883 ι
1986 1862 2055 1901 ex
2099 1846 2441 1916 pertinacia,
2487 1861 2623 1915 quae
2687 1846 2833 1900 mihi
2887 1846 3208 1917 insederat,
3264 1855 3638 1907 summotum

281 1942 485 2008 σμένοις
517 1934 776 1996 ξυνῆλθεν·
816 1936 1011 2003 ηὔχετο
1067 1934 1113 1966 ⁵³
1171 1936 1268 2005 γὰρ
1330 1932 1729 2006 ἐλευθερωθῆναι
1786 1939 1870 1985 καὶ
1988 1950 2046 1989 ε]

1988 1942 2318 2006 expugnat.
2350 1936 2558 1988 Patruo
2592 1936 2747 1989 enim
2782 1952 2851 1989 ex
2894 1952 3007 1991 avo
3037 1938 3299 1991 Manuele
3328 1940 3559 1993 Lascari
3583 1944 3639 1994 et

278 2027 398 2100 παρ’
430 2026 583 2077 αυτόν
617 2025 859 2094 γενέσθαι
908 2029 997 2074 καὶ
1039 2026 1125 2074 τόν
1174 2025 1285 2073 υιόν
1335 2028 1423 2074 καὶ
1480 2028 1572 2081 τὴν
1624 2025 1872 2093 σύζυγον.
1988 2040 2043 2094 pi

1871 2067 1872 2075 χ
1988 2010 2159 2094 proto
2170 2023 2445 2078 vestiario
2460 2024 2709 2091 Georgio
2723 2025 3017 2080 Muzalone
3034 2026 3110 2079 ad
3130 2042 3225 2081 me
3244 2028 3636 2097 transmissis,

280 2117 360 2169 Ἐν
391 2122 501 2174 τοῖς
552 2116 806 2173 τοιούτοις
863 2121 961 2163 τὼν
1012 2111 1176 2181 λόγων
1232 2114 1256 2162 ό
1307 2110 1557 2183 βασιλευς
1614 2112 1745 2185 κάμὲ
1790 2120 1878 2172 τῆς
1990 2115 2045 2169 la

1874 2132 1878 2171 :
1990 2115 2259 2184 latisque
2292 2128 2359 2167 ac
2383 2112 2634 2183 placidis
2663 2114 3041 2168 sermonibus
3074 2122 3339 2186 captum,
3362 2116 3439 2171 ad
3477 2134 3639 2180 eum,

282 2202 342 2267 ἧς
369 2203 511 2275 εἶχον
566 2202 925 2275 ἑκμοχλεύσας
961 2199 1301 2274 στερρότητος
1349 2201 1692 2275 ἐχειρὼσατο*
1730 2203 1878 2264 Ἐξα-
1990 2222 2047 2277 ql

1875 2235 1878 2245 ι
1990 2206 2093 2277 qui
2127 2203 2290 2259 missi
2324 2204 2571 2267 fuerant,
2593 2204 3102 2276 conducunt.lpse
3117 2206 3194 2260 ad
3218 2207 3640 2279 imperatorem

282 2294 555 2353 ποστείλας
604 2296 705 2365 γὰρ
758 2295 843 2343 τόν
896 2295 1024 2364 πρὸς
1076 2293 1291 2342 πάππου
1356 2292 1515 2343 αύτου
1590 2295 1719 2344 θεῖον
1794 2297 1880 2345 τόν
1990 2309 2047 2349 γε

1879 2321 1880 2328 ι
1990 2293 2235 2349 veniens
2269 2297 2322 2345 et
2345 2307 2452 2362 pro
2480 2307 2643 2346 more
2666 2298 2847 2363 caput
2875 2292 3189 2355 inclinans.
3234 2293 3456 2349 diutius
3479 2303 3644 2351 stans

286 2387 557 2458 Λάσκαριν
618 2380 863 2438 Μανουὴλ
914 2386 1003 2431 καὶ
1066 2383 1150 2431 τόν
1241 2380 1712 2455 πρωτοϐεστιάριον
1795 2388 1880 2434 τόν
1992 2384 2051 2438 hi

1992 2381 2315 2438 haerebam.
2353 2383 2413 2434 Et
2444 2381 2800 2452 imperator:
2846 2404 2873 2430 ‹‹
2896 2388 2983 2436 An
3012 2397 3134 2437 non
3158 2387 3320 2439 tenes
3354 2386 3457 2440 ubi
3492 2393 3647 2441 stare

285 2472 611 2533 Μουζάλωνα
642 2476 893 2543 Γεὼργιον
932 2470 1125 2543 ἱλαροῖς
1165 2476 1253 2520 καὶ
1302 2468 1481 2531 ἀπλοῐς
1530 2490 1666 2522 τισιν
1721 2471 1884 2544 ἐχρη-
1995 2491 2050 2529 sc

1881 2504 1884 2513 ι
1995 2470 2291 2529 solebas?
2324 2472 2543 2525 Locum
2585 2476 2751 2525 tuum
2787 2472 3102 2541 agnOscis;
3159 2490 3298 2528 eum
3359 2477 3559 2546 petito.
3618 2500 3646 2526 ››

288 2582 415 2616 σατο
454 2561 625 2633 λόγοις
652 2564 741 2611 καὶ
772 2578 835 2632 με
866 2558 983 2627 εἷλε,
1037 2565 1125 2610 καὶ
1167 2562 1295 2631 πρός
1350 2559 1503 2610 αὐτόν
1553 2563 1600 2611 οὶ
1654 2559 1884 2613 ἀποστα-
1992 2566 2053 2618 Ju

1992 2562 2181 2618 Jussis
2211 2559 2611 2630 imperatoriis
2639 2560 2890 2615 audiens
2924 2561 3136 2631 abii,et
3166 2563 3415 2630 elatere,
3439 2582 3649 2637 quem-

284 2654 444 2713 λέντες
477 2650 768 2721 ἀπήγαγον.
804 2654 903 2702 Καὶ
928 2656 1052 2720 γουν
1084 2655 1313 2721 προσιὼν
1361 2658 1433 2719 τῷ
1494 2648 1726 2721 βασιλεῖ,
1794 2658 1883 2704 καὶ
1994 2668 2049 2709 8,(

1994 2650 2325 2709 admodum
2366 2649 2530 2721 prius
2557 2664 2893 2717 sueveram,
2937 2651 3084 2705 steti.
3133 2654 3277 2706 Tum
3343 2654 3487 2709 mihi
3555 2656 3650 2711 Mi-

287 2745 353 2804 ὡς
412 2743 521 2802 ἔθος
576 2739 750 2800 κλίνας
824 2742 912 2795 την
997 2738 1239 2809 κεφαλὴν,
1326 2744 1641 2812 μακρότερον
1706 2742 1880 2798 ἔστην.
1996 2741 2052 2797 cl

1996 2740 2219 2797 chaelis
2244 2740 2506 2809 άθεροῐδθ
2523 2738 2761 2807 negotia
2775 2740 3204 2805 communicat,
3225 2746 3281 2796 et
3297 2757 3332 2797 a
3358 2742 3653 2816 principio

289 2836 389 2884 Καὶ
421 2831 446 2881 ό
476 2828 740 2901 βασιλεὺς,
776 2849 802 2876 ‹‹
832 2826 942 2879 Ούκ
985 2824 1137 2887 οἶδας
1194 2829 1292 2883 ὅπη
1346 2828 1536 2889 εἰώθεις
1591 2831 1880 2896 Eat-adeat;
1919 2868 1958 2922 Ο
1997 2846 2054 2885 οι

1919 2868 1958 2922 C
1997 2828 2200 2885 omnia
2226 2826 2485 2882 dilucide
2516 2834 2736 2881 narrat.
2764 2829 2829 2882 Et
2863 2827 2989 2922 haec
3019 2829 3265 2900 quidem
3297 2833 3457 2902 apud
3508 2835 3654 2888 Lan-

286 2924 373 2973 τόν
400 2924 555 2972 τόπον
589 2938 683 2970 σου
726 2923 1023 2988 γινώσκεις,
1080 2920 1169 2967 καὶ
1214 2918 1448 2989 πρόσιθι.
1508 2939 1534 2965 ››
1588 2924 1661 2989 Τῇ
1723 2939 1884 2993 προσ-
1925 2915 1957 2922 “”
2000 2933 2051 2988 g;

1817 2939 1884 2970 »σ-
1925 2915 1957 2922 “
2000 2918 2221 2988 gadam
2262 2916 2458 2971 locum
2491 2931 2679 2987 prope
2709 2915 3196 2973 Thessalonicam
3231 2927 3397 2987 gesta
3424 2928 3582 2979 sunt.

287 3018 421 3081 ταγῇ
452 3016 578 3079 γοῦν
604 3005 816 3069 ὑπείξας
838 3012 928 3057 τού
962 3004 1221 3077 βασιλέως
1253 3003 1481 3057 ἀπελθὼν
1513 3008 1666 3064 ἔστην
1697 3006 1749 3057 ἐκ
1778 3008 1998 3080 πλαγίου
2030 3008 2211 3066 αὑτοῦ,
2244 3006 2409 3064 καθώς
2440 3023 2531 3079 περ
2565 3001 2709 3075 εἶχον
2768 3010 2856 3057 καὶ
2914 3006 3047 3067 ἔθος.
3117 3011 3244 3059 Τότε
3300 3016 3425 3079 γοῦν
3487 3030 3578 3081 μοι
3631 3012 3657 3063 ό

290 3098 535 3173 βασιλεὺς
584 3099 677 3157 τας
723 3103 815 3147 τοῦ
848 3092 1104 3147 δεσπότου
1133 3096 1353 3165 Μιχαὴλ
1382 3097 1651 3158 ὑποθέσεις
1698 3099 1875 3159 πάσας
1908 3096 2301 3164 ἀνεκοινώσατο,
2353 3099 2443 3145 καὶ
2474 3092 2526 3155 ἐξ
2557 3091 2733 3168 ἀρχῆς
2772 3097 2909 3156 ὅπως
2966 3095 3263 3170 προέϐησαν
3322 3093 3655 3170 διηγήσατο.

288 3196 469 3242 Ταῦτα
487 3190 576 3259 μεν
600 3181 686 3237 οὖν
717 3184 765 3236 ἕν
796 3192 906 3245 τοίς
935 3192 1026 3235 τοῦ
1056 3182 1320 3256 Λαγγαδά
1360 3191 1539 3251 (τόπος
1572 3182 1629 3238 δε
1652 3186 1788 3239 ἐστιν
1820 3187 1965 3247 οὗτος
1995 3186 2145 3258 ἐγγύς
2176 3204 2273 3237 που
2305 3186 2583 3255 τυγχάνων
2622 3191 2719 3243 τῆς
2750 3183 3165 3254 Θεσσαλονίκης)
3191 3186 3405 3256 ἐγένετο.

362 3273 460 3340 ξδ’.
496 3278 635 3329 Ἐπεὶ
662 3270 712 3326 δ’
736 3275 783 3309 ⁵³
814 3275 840 3325 ό
875 3272 1129 3346 βασιλεὺς
1178 3293 1272 3331 την
1327 3274 1717 3333 Θεσσαλονίκην
1742 3296 1747 3298 ⁷
1772 3297 1892 3329 κατ·
2075 3278 2127 3331 64

2075 3278 2161 3331 64.
2228 3273 2336 3330 Ubi
2386 3271 2833 3328 Tessalonicam
2902 3280 3147 3329 ventum
3229 3280 3336 3342 est,
3420 3277 3660 3349 nuptias

290 3367 482 3438 είληφε,
538 3369 658 3425 τούς
712 3362 794 3415 ἐπὶ
844 3371 902 3435 τῇ
964 3364 1186 3437 θυγατρὶ
1244 3369 1422 3435 Μαρίᾳ
1491 3367 1688 3436 γάμους
1764 3369 1895 3438 μετά
2002 3364 2055 3419 ﬁ]

1892 3390 1895 3417 ι
2002 3364 2137 3419 ﬁliae
2169 3379 2291 3417 suae
2318 3362 2506 3418 Maria:
2540 3377 2678 3416 cum
2723 3362 2847 3416 ﬁlio
2893 3362 3188 3418 Michaelis
3244 3364 3507 3437 despotae
3564 3367 3657 3421 Ni-

287 3465 383 3512 τοῦ
412 3459 529 3509 υἱοῦ
572 3462 664 3507 τοῦ
719 3450 980 3505 δεσπότου
1050 3454 1271 3524 Μιχαὴλ
1327 3460 1650 3526 Νικηφόρον,
1699 3456 1752 3508 ὃν
1806 3462 1894 3508 καὶ
2004 3469 2052 3508 ο(

2004 3453 2286 3525 cephoro,
2331 3467 2513 3523 quem
2563 3456 2618 3506 et
2667 3450 2937 3522 despotaa
3008 3469 3254 3508 munere
3336 3454 3660 3525 insignivit,

291 3545 557 3604 δεσπότην
613 3549 907 3616 τετίμηκεν,
962 3542 1370 3616 ἐκπεπλήρωκεν.
1434 3545 1514 3595 Ἐν
1575 3547 1779 3606 τούτοις
1837 3542 1896 3598 δε
2007 3558 2056 3598 al

1890 3565 1896 3597 ε
2007 3542 2279 3598 adornat.
2314 3540 2542 3595 Interea
2564 3540 2666 3611 qui
2701 3539 2985 3611 Bithyniae
3028 3548 3228 3613 partes
3286 3545 3655 3611 tutabantur,

289 3641 433 3697 ὄντος
459 3644 551 3687 του
597 3632 857 3707 βασιλέως
916 3638 1089 3705 γραφη
1141 3652 1222 3693 τις
1276 3636 1401 3704 πρός
1460 3632 1613 3684 αὐτόν
1681 3634 1895 3707 ἐξεπέμ-
2004 3649 2054 3704 (Γ

1893 3666 1895 3674 ι
2004 3633 2229 3704 quique
2251 3631 2311 3685 in
2352 3635 2539 3684 semet
2578 3628 2850 3684 locorum
2900 3632 3239 3688 custodiam
3288 3639 3658 3707 receperant,

293 3728 398 3800 φθη
446 3726 591 3799 παρά
642 3732 740 3775 τῶν
798 3722 846 3774 ἓν
903 3729 1010 3783 τοῖς
1058 3730 1151 3783 τῆς
1195 3724 1435 3783 Βιθυνίας
1478 3727 1683 3795 μέρεσιν
1741 3728 1895 3776 ὄντων
2004 3722 2058 3777 111

2004 3722 2211 3777 litteris
2265 3719 2420 3774 datis
2468 3719 2814 3790 imperatori
2888 3721 3247 3790 signiﬁcant,
3320 3723 3660 3780 Michaelem

292 3820 387 3868 καὶ
435 3815 505 3877 εἰς
548 3813 779 3886 φυλακὴν
833 3810 959 3864 εἶναι
1009 3818 1100 3863 τοῦ
1184 3816 1343 3863 τόπου
1414 3818 1896 3885 προστεταγμένων,
2009 3814 2057 3867 Cl

2009 3814 2379 3867 Comnenum
2406 3809 2826 3882 Palteologum,
2860 3812 3065 3881 magni
3096 3813 3316 3868 stabuli
3346 3816 3580 3870 comitis
3632 3831 3667 3871 a

295 3910 368 3969 ὡς
412 3906 437 3957 ό
495 3903 718 3976 Μιχαὴλ
786 3906 1046 3973 Κομνηνός
1100 3902 1217 3971 (33)
1278 3900 1646 3973 Παλαιολόγος,
1697 3903 1899 3974 [Ρ.74]
2007 3903 2060 3955 Jc

2007 3903 2235 3955 Joanne
2262 3900 2641 3972 imperatore,
2671 3906 2735 3955 ut
2767 3916 2952 3972 supra
2976 3908 3286 3957 narratum
3326 3902 3497 3975 143
3558 3909 3664 3970 est,

294 3996 353 4049 ὃν
401 4000 491 4047 καὶ
541 3998 700 4066 μέγαν
751 3991 1094 4044 κονοσταυλον
1142 3992 1253 4061 (36)
1312 4010 1442 4062 προς
1498 4000 1589 4043 τού
1641 3990 1903 4064 βασιλέως
2009 3991 2059 4046 ti‘

2009 3990 2176 4046 titulo
2204 3990 2695 4056 condecoratum,
2729 3992 2892 4047 etcui
2928 3990 3219 4048 universae
3235 3992 3388 4047 illius
3411 3994 3669 4063 regionis

292 4086 535 4139 Ἰωάννου
567 4085 593 4136 ό
643 4083 790 4154 λόγος
843 4084 1047 4153 φθάσας
1099 4082 1409 4151 τετιμῆσθαι
1475 4076 1740 4138 δεδήλωκε
1814 4088 1903 4134 καὶ
1941 4138 1976 4154 n
2012 4096 2052 4153 p

1941 4138 1976 4154 η
2012 4082 2365 4153 praefectura
2412 4079 2603 4134 fuerat
2652 4079 3041 4150 demandata,
3098 4081 3175 4136 ad
3256 4084 3670 4139 Musulmanos

314 4138 321 4139 ,
710 4138 723 4154 ,
776 4138 789 4143 -
849 4138 859 4153 ,
1034 4138 1046 4142 -
1206 4138 1214 4151 .
1264 4138 1267 4139 ν
2012 4138 2033 4153 ι

298 4180 396 4235 τὴν
447 4182 543 4235 τῆς
602 4172 813 4231 ἀπάσης
864 4174 1052 4231 ταύτης
1118 4175 1298 4241 χώρας
1348 4172 1626 4241 ἠγεμονίαν
1693 4170 1904 4243 ἐμπεπι-
1938 4138 1979 4190 D
2014 4186 2063 4225 c<

1900 4138 1979 4211 -θ
2014 4169 2375 4239 confugisse.
2411 4171 2603 4235 Quare
2646 4170 2860 4225 anxius
2913 4169 3238 4242 imperator
3293 4172 3498 4228 animo
3541 4190 3665 4229 non

303 4265 581 4332 στεῦσθαι,
610 4264 779 4335 φυγὰς
804 4265 970 4332 ᾤχετο
1002 4265 1090 4311 καὶ
1131 4258 1212 4311 ἐπὶ
1260 4263 1346 4311 τόν
1400 4268 1498 4310 τῶν
1552 4260 1903 4332 Μουσουλμά-
2014 4260 2066 4316 le

2014 4260 2502 4316 leviteraestuare.
2524 4262 2697 4315 Etme
2714 4259 2924 4327 accito,
2950 4264 3277 4329 «Tenesne,
3296 4263 3436 4333 »ait,
3456 4285 3482 4312 «
3507 4262 3672 4335 quod

298 4363 400 4417 νὼς
430 4352 584 4424 ἀπῄει
613 4360 806 4426 χῶρον.
842 4351 1140 4423 Ἐταράχθῆ
1191 4352 1304 4418 (37)
1364 4357 1485 4420 γοῦν
1555 4347 1638 4401 ἐπὶ
1704 4352 1907 4411 τούτοις
2018 4366 2063 4420 gl

2018 4354 2249 4420 gestum
2274 4354 2365 4404 est
2386 4350 2413 4405 ‘?
2446 4370 2474 4397 n
2506 4350 2571 4403 Et
2603 4349 2749 4419 ipse,
2779 4351 3220 4422 «Nequaquam
3248 4372 3297 4415 υ,
3332 4352 3449 4413 aio,
3502 4371 3532 4405 ‹
3568 4352 3675 4407 im-

301 4447 331 4498 ό
392 4442 638 4517 βασιλεὺς
694 4442 752 4493 ού
811 4449 1029 4514 μικρὼς,
1091 4444 1178 4490 καί
1263 4459 1325 4511 με
1396 4440 1902 4512 προσκαλεσάμενος,
2018 4456 2066 4512 pi

2018 4446 2275 4512 perator.
2308 4438 2459 4503 Quid
2494 4444 2685 4493 autem
2713 4454 2920 4493 recens
2951 4440 3218 4495 accidit?
3248 4463 3274 4489 ››
3316 4440 3413 4495 llle
3454 4442 3674 4496 subdit:

304 4557 336 4585 «
367 4534 581 4604 Ἐγνως,
620 4554 644 4581 ››
676 4534 790 4603 ἔφη,
825 4552 851 4578 ‹‹
882 4534 934 4581 τί
956 4534 1156 4600 γέγονεν
1191 4546 1203 4595 ;
1241 4552 1267 4579 ››
1299 4534 1399 4582 Καὶ
1430 4528 1604 4593 αυτὸς,
1654 4552 1681 4579 (ι
1733 4526 1907 4581 Ούδαυ
2024 4551 2044 4579 ε

2024 4551 2044 4579 ε
2082 4531 2329 4595 Magnus
2360 4542 2563 4583 comes
2586 4527 2807 4583 stabuli
2844 4527 2989 4598 fuga
3030 4544 3092 4583 se
3132 4529 3436 4602 surripuit,
3490 4536 3547 4587 et
3600 4531 3679 4587 ad

301 4632 432 4698 μῶς,
471 4645 496 4671 η
524 4624 667 4693 ἔφην,
711 4642 738 4669 ‹‹
772 4617 811 4670 ὦ
845 4617 1087 4691 βασιλευ-
1122 4624 1173 4670 τί
1206 4615 1265 4670 δέ
1327 4618 1442 4670 ἐστι
1493 4639 1552 4670 το
1599 4620 1909 4691 προσφάτως
2020 4620 2066 4673 Μ

2020 4618 2431 4673 Musulmanos
2460 4617 2639 4672 venit.
2670 4617 2821 4682 Quid
2844 4616 2918 4672 de
2940 4617 3055 4673 hoc
3091 4620 3330 4674 animus
3364 4621 3681 4690 suggerit?

300 4716 643 4786 γεγενημένον
680 4726 691 4765 :
722 4732 749 4759 »
785 4716 843 4779 ιΟ
866 4705 923 4760 δὲ
958 4727 1137 4780 φησιν,
1180 4730 1200 4756 ι
1238 4707 1294 4759 Ὀ
1346 4710 1509 4779 μέγας
1569 4707 1909 4767 κονοσταῦλος
2022 4710 2065 4761 Α

2022 4710 2111 4761 An
2141 4722 2210 4761 ex
2245 4705 2635 4762 Musulmanis
2676 4707 2932 4761 exercitu
2981 4707 3278 4763 conducto
3324 4707 3385 4763 in
3439 4714 3680 4765 nostras

379 4802 427 4836 ⁵³
456 4801 653 4871 ηῦχετο
682 4814 866 4870 usque
896 4797 974 4871 qd
1004 4796 1198 4867 ἐγένετο
1232 4797 1309 4864 (in
1334 4797 1454 4863 ﬁne
1478 4796 1542 4867 §i)
1570 4814 1680 4852 om.
1726 4799 1787 4850 D-
1868 4798 1916 4831 53
1950 4800 1991 4871 l)
2027 4816 2038 4851 :
2070 4796 2144 4871 Ἐξ

1950 4800 1991 4851 D
2027 4816 2038 4851 :
2070 4796 2211 4871 Ἐπεὶ
2245 4792 2303 4848 δε
2330 4797 2354 4848 ό
2384 4793 2628 4869 βασιλεὺς
2668 4800 2761 4853 τὴν
2814 4796 3204 4871 Θεσσαλονίκην
3264 4795 3529 4871 κατέλαϐε,
3563 4801 3685 4859 τοὺς

302 4865 864 4946 γάμους’π).ηροί,’καὶ
897 4865 1160 4946 δεσπότην
1192 4872 1276 4920 τόν
1307 4865 1600 4946 Νικηφόρον
1637 4888 1926 4941 τετιμηκεν,
1951 4869 2080 4921 ἹΙκε
2113 4865 2162 4920 δ’
2194 4868 2335 4946 αύτῴ
2372 4865 2546 4946 γραφὴ
2589 4869 2713 4946 ωςό
2761 4867 3108 4946 Πῄαλαιολόγος
3148 4868 3388 4946 ’Μιχαὴλ
3426 4867 3463 4946 ό
3526 4874 3683 4946 μέγας

306 4937 653 5005 κονοσταυλος
678 4947 772 5001 τὴν
803 4943 1043 4995 Βιθυνίαν
1076 4937 1268 4994 διέπων
1291 4937 1640 5014 φυλαςῷχετο
1662 4937 1779 5016 περὶ
1811 4946 1904 5000 την
1932 4950 2030 4994 τῶν
2063 4937 2507 5013 Μουσουλμάνων,
2531 4944 2621 4993 καὶ
2656 4938 2928 5015 ἐταράχθη
2962 4937 3046 4993 ἐπὶ
3071 4937 3281 5002 τούτοις
3321 4942 3347 4993 ό
3416 4937 3682 5014 βασιλεύς.

1180 5155 1522 5226 Theodori
1572 5156 1822 5227 Dousa:
1872 5167 1937 5225 et
1984 5156 2235 5228 Leonis
2284 5156 2517 5226 Allatii
2569 5168 2770 5225 notae.

386 5351 587 5425 (45)Ὀ
635 5348 859 5422 Μιχαὴλ
899 5350 924 5400 ὀ
972 5350 1254 5421 Κομνηνὸς.
1326 5350 1639 5419 Gregoras,
1702 5365 1764 5421 p.
1829 5354 1917 5403 57.
2032 5354 2151 5425 μανι

2032 5348 2390 5425 μονοσταῡλος
2445 5347 2578 5425 (it_a__
2617 5347 2833 5425 melius
2891 5360 3077 5420 quam
3151 5349 3494 5425 ῑςονόσταλος)
3585 5350 3690 5421 qui

312 5420 453 5483 AL‘L.
482 5420 489 5425 ’
713 5420 745 5422 “⁷
1048 5420 1053 5421 “
1708 5420 1717 5421 “
2032 5420 2188 5475 Italis
2219 5420 2629 5493 conlostabile,
2664 5421 2841 5475 Gallis
2862 5422 3273 5493 rconnestable.
3318 5421 3375 5474 ’0
3402 5427 3563 5493 μέγας
3598 5420 3691 5475 Κο-

389 5497 503 5569 (36)
537 5496 596 5547 Ὀ
637 5499 800 5566 μέγας
830 5493 1195 5569 ’Κονόσταλος
1257 5493 1514 5561 Magnus
1564 5507 1751 5569 comes
1800 5499 1922 5569 slaf
2030 5512 2153 5569 νοστ

2030 5492 2311 5569 νοσταύλος
2344 5506 2463 5569 non
2483 5497 2802 5569 postrema
2836 5492 3097 5569 dignitas
3133 5495 3191 5569 in
3241 5492 3466 5569 palatio
3507 5496 3689 5549 Greco

319 5562 465 5625 bu‘li.
489 5562 1025 5631 'Ko'vrbglltalorum
1058 5572 1250 5635 conto,
1286 5572 1341 5619 et
1381 5571 1569 5620 comle
1598 5564 1922 5635 Gallorum)
2033 5562 2159 5619 fuit.
2196 5563 2450 5619 Consule
2483 5564 2801 5618 Meursium
2836 5564 2894 5619 in
2937 5562 3262 5621 Clossario:
3298 5566 3510 5622 Dousa.

317 5657 531 5710 comes,
558 5639 776 5692 σταυλον
822 5643 879 5693 et
942 5636 1211 5711 07a910;,_
1243 5636 1367 5691 sive
1429 5635 1676 5711 07d6’).0;_
1699 5638 1923 5711 61‘ch-

1532 5635 1676 5711 6).o;_
1699 5638 1923 5711 Greeco-
2107 5639 2220 5707 (37)
2256 5636 2585 5711 Έταράχθη.
2614 5638 2932 5708 Gregoras,
2958 5653 3017 5709 p-
3056 5641 3141 5693 57.
3162 5640 3297 5693 ALL.

318 5708 599 5770 Barba‘ris
631 5711 957 5768 stabulum.
998 5714 1084 5766 est
1134 5709 1315 5781 igitur
1365 5708 1750 5769 Κοντοσταῡλος
1803 5708 1925 5764 sive
