4470 6452
804 454 942 510 1155

2089 448 2371 504 GEORGII
2403 448 2879 506 ACROPOLITE.

4023 457 4160 510 1156

799 576 1088 646 irrumpet
1141 571 1237 626 ille
1286 569 1595 643 provincia
1649 569 1676 624 ?
1735 591 1761 617 »
1807 589 1834 618 ‹‹
1892 569 2250 641 Neutiquam
2305 571 2453 626 mihi
2485 576 2533 625 Α

2392 571 2453 626 bi
2485 576 2533 625 Α
2564 569 2770 644 ἀπέδρα
2821 578 2909 624 καὶ
2962 571 3045 624 ἐπὶ
3097 574 3162 624 τὰ
3216 581 3314 625 τῶν
3369 575 3789 647 Μουσουλμάνων
3865 583 4154 649 κεχώρηκε.

799 665 1093 727 videtur,o
1115 662 1457 732 imperator,
1491 674 1630 712 eum
1649 657 1763 712 tale
1785 658 1933 729 quid
1960 665 2230 712 acturum
2258 676 2270 712 :
2298 658 2453 713 illius

799 754 958 808 enim
987 767 1231 807 sensum
1267 765 1379 817 ego
1419 755 1475 803 et
1522 763 1666 815 erga
1722 750 2025 802 Romanos
2083 763 2451 818 propensum

800 842 1072 897 animum
1085 839 1331 912 pulchre
1347 837 1552 892 calleo.
1574 858 1600 884 ››
1619 839 1681 890 Et
1704 837 2058 907 imperator:
2077 859 2103 884 ‹‹
2121 837 2163 900 Q
2175 852 2452 891 namnam

799 946 940 1000 ergo
967 930 1046 985 ob
1077 944 1325 984 causam
1350 926 1633 994 fugitivus
1674 925 1817 980 abiit
1847 925 1874 978 ?
1902 945 1929 973 »
1972 948 1992 974 ι
2029 925 2218 995 Quod,
2277 947 2297 973 ι
2367 926 2451 980 in-

798 1035 1006 1091 quam,
1044 1043 1064 1068 α
1099 1023 1161 1072 ut
1189 1023 1252 1072 tu
1287 1016 1438 1071 bene
1469 1016 1642 1083 nosti,
1687 1014 2032 1085 imperator,
2082 1030 2203 1069 non
2265 1015 2450 1070 semel

799 1113 902 1163 aut
930 1107 1042 1169 bis,
1069 1106 1176 1162 sed
1205 1105 1426 1176 saapius
1452 1109 1630 1174 atque
1659 1103 1875 1174 saepius
1928 1104 2300 1158 atrocissima
2344 1103 2455 1158 mi-

799 1196 1061 1266 nabaris,
1088 1198 1147 1249 in
1177 1209 1438 1265 eumque
1477 1191 1790 1246 iracundia
1803 1192 2151 1259 concitatus,
2177 1191 2451 1263 plurimis

800 1283 1202 1348 audientibus,
1225 1287 1277 1336 te
1302 1281 1384 1335 illi
1414 1279 1621 1335 oculos
1652 1279 2013 1334 cﬂ‘ossurum
2039 1280 2335 1351 jactabas.
2373 1283 2449 1335 De

797 1373 890 1429 his
924 1372 1018 1428 ille
1047 1374 1259 1427 certior
1290 1370 1499 1436 factus,
1536 1386 1674 1424 cum
1704 1385 1740 1424 a
1763 1369 1962 1424 multis
1996 1369 2452 1441 quidquidinter

795 1461 1169 1534 loquendum
1183 1461 1475 1514 diceretur
1490 1460 1868 1528 perdisceret,
1888 1458 2222 1529 angebatur
2248 1459 2451 1514 animo

797 1566 1132 1621 pamasque
1163 1548 1645 1614 exhorrescebat;
1681 1547 1923 1602 tandem
1947 1547 2120 1602 saluti
2165 1563 2285 1601 suae
2311 1547 2451 1614 fuga

798 1637 1112 1692 consuluit.
1149 1658 1177 1686 »
1215 1659 1235 1684 ε
1283 1641 1344 1690 Et
1374 1641 1613 1706 propter
1642 1635 1808 1706 quid,
1852 1656 1880 1684 »
1929 1635 2059 1691 infit
2106 1636 2449 1707 imperator,

799 1727 915 1781 «in
943 1727 1166 1781 ditione
1200 1731 1404 1781 nostra
1448 1729 1717 1779 moratus
1771 1740 1891 1778 non
1947 1729 2053 1791 est,
2102 1725 2239 1779 licet
2289 1723 2453 1779 mala

797 1816 925 1872 haec
956 1816 1264 1871 subiturus
1295 1815 1527 1878 fuisset,
1554 1815 1614 1869 in
1668 1815 1862 1870 alieno
1919 1814 2047 1870 solo
2089 1814 2346 1870 felicitati
2391 1816 2452 1870 in

798 1911 1073 1961 materno
1100 1904 1496 1959 infertunium
1527 1903 1848 1974 praeferens
1873 1902 1902 1958 ?
1930 1926 1956 1953 ››
1992 1926 2012 1952 ι
2047 1904 2300 1959 Dedecet
2339 1905 2452 1960 hoc

796 1994 1135 2053 humanum
1164 1993 1460 2053 animum,
1492 2008 1528 2047 o
1557 1993 1882 2063 imperator
1916 2009 1928 2058 ;
1959 1993 2111 2048 dura
2154 1993 2452 2064 siquidem

795 2091 975 2155 atque
1013 2099 1230 2154 aspera
1258 2081 1484 2154 perpeti
1509 2083 1801 2152 noxisque
1823 2082 2004 2136 variis
2023 2079 2291 2136 aﬂlictari
2309 2098 2453 2136 non-

799 2172 948 2227 nulli
989 2172 1230 2242 ingenio
1271 2170 1546 2226 validiori
1599 2186 1667 2224 ac
1724 2169 1897 2242 144
1949 2171 2223 2225 ferociori
2286 2177 2341 2226 et
2393 2170 2454 2225 in

795 2263 1078 2318 humanae
1110 2263 1244 2316 vitae
1291 2259 1551 2326 casibus,
1600 2265 1665 2314 ut
1720 2260 1802 2314 ita
1856 2261 2076 2326 dicam,
2133 2259 2451 2324 obdurato,

795 2351 1173 2406 sustinebunt
1207 2367 1219 2404 :
1247 2349 1348 2404 sed
1383 2350 1517 2405 vitae
1543 2349 1734 2420 ipsius
1767 2348 2086 2404 discrimen
2147 2355 2200 2404 et
2247 2349 2452 2421 praeci-

796 2457 1056 2512 puarum
1099 2439 1366 2510 corporis
1433 2439 1692 2511 partium
1744 2437 2245 2508 imminutionem,
2306 2437 2454 2494 dum

795 2530 933 2602 quis
958 2529 1069 2584 sibi
1097 2530 1283 2596 timet,
1310 2528 1474 2583 haud
1491 2527 1722 2582 videtur
1737 2526 1864 2582 fieri
1879 2543 2057 2599 posse
2077 2533 2140 2582 ut
2159 2527 2453 2599 patienter

795 2619 965 2688 ferat,
995 2619 1098 2674 sed
1136 2635 1244 2690 pro
1277 2619 1410 2674 vita:
1447 2617 1708 2690 periculo
1735 2633 2000 2686 currens,
2035 2624 2330 2688 quantum
2389 2617 2452 2672 in

794 2725 856 2763 se
889 2715 996 2776 est,
1022 2708 1274 2764 molesta
1304 2723 1374 2762 ac
1405 2707 1585 2762 noxia
1612 2706 1985 2775 subterfugit.
2034 2728 2061 2756 ››
2123 2706 2224 2761 His
2281 2706 2454 2762 dictis

795 2796 1092 2852 siluimus.
1132 2799 1196 2852 Et
1221 2802 1360 2867 post
1390 2796 1570 2851 breve
1597 2794 1882 2867 spatium,
1918 2818 1944 2843 ‹‹
1977 2795 2131 2860 Quid
2158 2800 2380 2863 autem,
2422 2816 2451 2844 η

793 2887 874 2943 ait
904 2886 1250 2958 imperator,
1284 2908 1304 2934 ι
1336 2885 1646 2940 existimas
1677 2900 1814 2939 eum
1849 2883 2146 2940 facturum
2189 2889 2216 2939 7
2249 2908 2275 2935 ››
2322 2887 2454 2956 Ipse

791 2975 1078 3047 respondi
1113 2992 1124 3029 :
1155 2998 1182 3024 «
1210 2975 1486 3046 suspicor
1504 2990 1642 3029 eum
1674 2989 1794 3029 non
1825 2972 1930 3028 diu
1954 2973 2120 3044 apud
2138 2975 2449 3029 Persarum

791 3064 1126 3136 principem
1153 3068 1596 3118 commoratum
1613 3063 1966 3129 missurum,
1989 3067 2100 3119 uta
2133 3063 2450 3133 majestate

793 3157 900 3208 tua
930 3152 1393 3206 commissorum
1425 3151 1661 3205 veniam
1691 3155 2122 3222 consequatur,
2159 3155 2451 3222 tanquam

790 3241 896 3313 qui
923 3245 1118 3312 speret
1143 3241 1321 3295 etiam
1352 3240 1414 3295 in
1426 3240 1541 3294 hoc
1564 3239 1805 3308 negotio
1827 3238 2180 3294 auxiliarem
2202 3255 2450 3310 operam

793 3330 938 3385 dicti
967 3330 1253 3402 principis
1284 3345 1406 3385 non
1429 3329 1794 3397 defuturam,
1835 3334 1891 3384 et
1940 3329 2000 3384 in
2030 3329 2322 3384 veritatisc
2349 3345 2453 3384 on-

789 3418 1194 3474 ﬁrmationem
1240 3423 1684 3474 sacramentum
1744 3417 1922 3472 etiam
1969 3423 2265 3489 exposcet,
2321 3419 2453 3473 sine

788 3525 933 3582 quo,
972 3514 1032 3562 ut
1059 3509 1293 3579 opinor,
1327 3508 1680 3578 neutiquam
1713 3507 1791 3562 ad
1824 3512 1877 3562 te
1909 3508 2124 3562 veniet.
2153 3529 2180 3555 ››
2213 3510 2454 3580 Propter

787 3599 918 3654 haec
950 3597 1277 3668 imperator
1301 3596 1593 3663 turbatus,
1618 3595 1796 3651 rebus
1813 3596 1874 3650 in
1907 3596 2147 3651 incertis
2165 3613 2235 3651 ac
2255 3595 2454 3651 dubiis

790 3688 1051 3758 agitatus
1079 3706 1096 3756 ;
1129 3692 1266 3758 post
1287 3703 1516 3758 paucos
1551 3686 1679 3741 dies
1703 3703 1738 3741 a
1759 3687 2098 3741 cohortium
2121 3686 2455 3758 Bithynica-

788 3793 925 3832 rum
956 3781 1012 3831 et
1041 3776 1421 3847 Mesothyniaa
1460 3775 1822 3846 praesidibus
1876 3775 2147 3847 epistolae
2207 3775 2285 3831 ad
2346 3777 2450 3831 im-

790 3871 1130 3940 peratorem
1165 3866 1320 3922 datae
1348 3871 1485 3920 sunt
1531 3882 1544 3932 ;
1576 3882 1712 3937 quae
1743 3872 1912 3921 erant
1939 3866 2208 3936 epistola:
2248 3866 2455 3935 magni

792 3957 1016 4013 cornitis
1031 3956 1252 4012 stabuli
1271 3956 1345 4011 de
1366 3956 1617 4025 negotiis
1633 3961 2066 4028 pertractantes
2080 3955 2138 4011 in
2154 3957 2312 4012 hunc
2336 3958 2454 4012 fere

788 4046 1065 4112 modum,
1087 4045 1164 4102 ad
1183 4061 1683 4118 unumquemque
1711 4045 1942 4100 illorem
1973 4046 2207 4118 scriptae
2238 4063 2249 4100 :
2276 4068 2303 4096 «
2333 4049 2454 4116 Ego

789 4136 1035 4210 quidem
1061 4136 1515 4208 imperatorium
1557 4135 1835 4190 timorem
1890 4135 2095 4190 animo
2157 4135 2452 4200 volutans,

788 4225 1148 4298 haerensque
1188 4241 1261 4279 ne
1305 4240 1491 4296 quam
1525 4223 1790 4279 subirem
1830 4239 2078 4290 noxam,
2128 4223 2332 4290 fugam
2364 4241 2453 4279 ar-

788 4315 964 4387 ripui.
999 4317 1111 4370 Vos
1137 4320 1308 4370 caute
1332 4331 1402 4370 ac
1443 4313 1667 4368 fortiter
1696 4329 1896 4368 rerum
1918 4313 2266 4369 militarium
2293 4330 2454 4369 com-

789 4419 1114 4460 missarum
1133 4403 1304 4458 vobis
1325 4418 1534 4458 curam
1562 4403 1737 4472 agite.
1769 4401 2064 4457 Custodise
2089 4402 2328 4457 urbium
2360 4418 2450 4458 ac.

789 4493 1154 4566 oppidorum
1212 4493 1274 4547 in
1331 4497 1456 4547 tuto
1515 4491 1650 4557 sint,
1711 4491 2129 4563 universasque
2193 4492 2452 4561 regionis

787 4583 1057 4639 defensio
1076 4599 1146 4638 ac
1162 4582 1708 4654 propugnaculum,
1724 4581 1808 4637 uti
1829 4582 2003 4636 moris
2017 4587 2122 4652 est,
2141 4581 2449 4653 procedat;

787 4679 842 4727 et
882 4672 1406 4743 quemadmodum
1429 4687 1690 4738 mecum,
1719 4671 1801 4725 ita
1814 4676 2118 4724 etrursum
2142 4687 2248 4724 vos
2267 4673 2451 4739 gerite

2562 666 2623 712 Τί
2650 669 2774 730 γοῦν
2821 663 2925 732 ἄρα
2980 666 3098 735 περὶ
3149 671 3238 712 τοῦ
3293 667 3529 715 τοιουτου
3591 661 3825 736 διανοῇ;
3876 675 3984 735 μῶν
4035 669 4160 737 πρὸς

2563 749 2984 822 Μουσουλμάνων
3035 750 3455 823 προσλαϐόμενος
3508 757 3807 826 στράτευμα
3861 755 3978 805 καθ’
4036 745 4161 825 ἡμε-

2560 841 2709 912 τέρας
2739 843 2979 913 χωρήσει
3013 860 3190 912 χωρας
3221 857 3233 905 ;
3259 859 3287 892 ι
3324 863 3349 889 ‹‹
3380 838 3642 913 Οὐδαμῶς
3671 861 3761 913 μοι
3802 839 3946 894 δοκεί
3992 860 4162 894 τοιου-

2560 946 2667 996 τον,
2701 924 3008 999 ὦβασιλεῦ,
3041 951 3066 978 ››
3114 932 3235 1001 ἔφην
3298 952 3318 978 ι
3370 930 3524 981 αὐτόν
3592 927 4009 1002 δίαπράξασθαι·
4066 936 4159 988 τὴν

2558 1019 2658 1090 γὰρ
2689 1022 2899 1088 γνώμην
2931 1025 3021 1068 τοῦ
3050 1015 3240 1089 ἀνδρὸς
3283 1018 3524 1089 ἐπέγνων,
3577 1025 3666 1071 καὶ
3721 1023 3779 1071 τὸ
3822 1028 3914 1071 τοῦ
3967 1025 4160 1092 φρονὴ-

2560 1125 2718 1175 ματος
2774 1105 3064 1177 ἐπίσταμαι
3135 1106 3501 1179 φιλορώμαιον.
3564 1130 3593 1156 ››
3655 1113 3756 1159 Καὶ
3811 1109 3836 1158 ὁ
3894 1107 4158 1180 βασιλεὺς,

2561 1197 2743 1254 «Τίνος
2793 1191 2880 1245 οὖν
2932 1197 3094 1268 χάριν
3151 1197 3314 1266 φυγάς
3371 1204 3471 1247 τῶν
3529 1199 3781 1268 ἡμετέρων
3838 1196 4033 1267 ἐγενετο
4077 1207 4099 1264 ’;
4133 1225 4160 1247 ιο

2559 1305 2586 1332 ‹‹
2616 1282 2735 1334 Ὀτι
2762 1302 2854 1355 περ
2881 1284 3012 1352 (38),
3049 1307 3077 1332 »
3110 1286 3252 1355 ἔφην,
3287 1306 3307 1333 ι
3348 1287 3417 1345 ὡς
3443 1282 3620 1349 οἶσθα,
3668 1285 3706 1335 ὧ
3763 1284 4005 1357 βασιλεῦ,
4056 1287 4162 1358 οὐχ

2560 1371 2699 1433 ἅπαξ
2721 1368 2843 1422 οὐδὲ
2873 1368 2974 1438 δὶς,
3011 1370 3137 1423 ἀλλὰ
3174 1378 3264 1424 καὶ
3322 1376 3573 1446 μυριάκις
3624 1374 3850 1435 ἠπείλεις
3899 1375 4039 1445 άῦτῷ
4095 1378 4161 1427 τὰ

2562 1457 2836 1512 δεινότατα
2864 1465 2953 1511 καὶ
2983 1460 3208 1532 ὠργίζου
3257 1463 3372 1512 κατ’
3427 1461 3587 1514 αὐτοῦ
3648 1462 3907 1533 χαλεπῶς,
3969 1467 4059 1515 καὶ
4109 1463 4160 1516 έν

2560 1549 2744 1606 πλήθει
2774 1554 2991 1621 παρόντι
3028 1549 3223 1601 πολλῶν
3255 1553 3473 1621 ἔφασκες
3524 1550 3784 1622 ἐκπέμψαι
3843 1556 3934 1603 καὶ
3984 1552 4159 1625 ἐξορύ-

2563 1638 2648 1700 ξαι
2681 1640 2729 1689 οἱ
2758 1642 2874 1698 τοὺς
2917 1637 3225 1709 ὀφθαλμούς.
3276 1647 3455 1691 Ταῦτα
3499 1638 3686 1701 ἐκεῖνος
3745 1640 3992 1712 ἐμάνθανε
4044 1643 4160 1711 (39)

2562 1732 2650 1778 καὶ
2693 1747 2836 1800 παρα
2888 1726 3084 1778 πολλῶν
3136 1736 3235 1779 τῶν
3292 1727 3570 1800 λεγομένων
3616 1733 3792 1794 ἤκουε,
3863 1735 3951 1780 καὶ
4040 1726 4162 1781 ἐδά-

2561 1835 2706 1867 κνετο
2735 1820 2828 1873 την
2868 1815 3053 1886 ψυχὴν
3081 1821 3169 1867 καὶ
3196 1813 3390 1868 έδειλία
3427 1822 3520 1874 τὴν
3579 1822 3834 1890 τιμωρίαν
3888 1823 3979 1870 καὶ
4025 1820 4161 1870 ἀπο-

2564 1913 2741 1976 φυγεῖν
2773 1903 3058 1957 ἐπέσπευσε
3089 1911 3180 1963 τὴν
3211 1911 3416 1963 ποινήν,
3448 1927 3475 1955 ››
3509 1928 3536 1956 ‹‹
3571 1911 3670 1959 Καὶ
3719 1903 3813 1959 διά
3855 1912 3927 1973 τί,
3984 1930 4010 1956 ι)
4069 1908 4161 1978 ἔφη

2563 1995 2588 2045 ὁ
2622 1992 2894 2066 βασιλεὺς,
2927 2016 2955 2043 ι(
3010 1993 3103 2046 οῦκ
3161 1993 3209 2045 έν
3265 2003 3373 2055 τοῖς
3427 1997 3691 2070 ἡμετέροις
3743 2001 4163 2071 προσεκαρτέρει,

2566 2083 2724 2134 καὶεί
2765 2085 2946 2134 παθεῖν
2995 2082 3166 2154 ἔμελλε
3219 2086 3285 2135 τὰ
3340 2079 3485 2136 δεινά
3542 2085 3727 2149 ταῦτα,
3782 2094 3874 2145 τῆς
3930 2083 4014 2136 ἐπὶ
4079 2094 4168 2146 τῆς

2566 2169 2866 2232 ἀλλοδαπῆς
2916 2172 3199 2244 εὐπραφίας
3251 2176 3345 2230 τὴν
3403 2171 3453 2224 ἐν
3501 2181 3605 2234 τοῖς
3662 2174 3922 2244 ἰθαγενέσι
3986 2194 4166 2248 προτι-

2564 2270 2670 2334 μῶν
2707 2258 3080 2334 δυσπραγίαν;
3114 2280 3143 2313 ›
3173 2285 3200 2311 ‹‹
3236 2262 3346 2313 Οὐκ
3377 2263 3491 2313 ἔστι
3520 2271 3673 2314 τοῦτο
3722 2262 3911 2334 ψυχῆς
3973 2262 4168 2336 ἀνθρω-

2562 2348 3074 2422 πίνης,ὧβασιλεῦ,
3123 2354 3270 2403 Δεινά
3321 2354 3410 2423 μεν
3467 2354 3567 2426 γὰρ
3635 2353 3816 2404 παθεῖν
3873 2357 3962 2404 καὶ
4022 2370 4166 2426 περι-

2563 2447 2737 2491 πεσεῖν
2783 2447 3078 2514 συμφοραῖς
3127 2443 3250 2491 ἓνιοι
3302 2439 3361 2490 ἀν
3420 2442 3584 2492 ἱκανοὶ
3651 2449 3870 2512 φανῶσι,
3949 2440 4165 2516 στερρο-

2562 2533 2711 2602 τέρου
2739 2533 3068 2600 γεγενημένοι
3101 2533 3428 2602 φρονήματος
3451 2534 3541 2580 καὶ
3584 2526 3688 2580 οἷον
3744 2529 3901 2581 εἰπεῖν
3960 2527 4164 2604 ἀπροσ-

2562 2619 2761 2679 παθοῦς
2814 2617 2862 2669 έν
2926 2624 3035 2677 τοῖς
3091 2625 3181 2669 τοῦ
3233 2616 3355 2690 βίου
3417 2620 3744 2692 πράγμασιν·
3805 2621 3864 2670 τὸ
3917 2614 3976 2671 δὴ
4047 2624 4166 2692 περὶ

2564 2707 2694 2780 αὐτῇ
2719 2714 2780 2779 τῇ
2833 2710 2937 2778 ζωῇ
2987 2703 3218 2758 δεδιέναι
3272 2712 3360 2759 καὶ
3411 2706 3850 2781 ἀκρωτηριασμὸν
3897 2717 3995 2759 τῶν
4049 2728 4166 2759 και-

2561 2801 2819 2871 ριωτέρων
2884 2805 3194 2868 σωματικῶν
3285 2805 3450 2869 μερῶν
3520 2793 3850 2869 προσδοκᾷν,
3924 2796 4168 2869 οὐμενοῦν

2565 2883 2736 2938 δοκεῖν
2759 2905 2872 2937 τινα
2906 2884 2957 2936 ἐν
2997 2888 3201 2946 τούτοις
3255 2891 3674 2961 προσκαρτέρεῖν,
3729 2885 3856 2938 ἀλλά
3906 2890 3993 2938 τὸν
4049 2892 4168 2962 περὶ

2561 2975 2750 3046 ψυχης
2792 2979 2994 3048 τρέχων
3047 2973 3409 3046 ἀποφυγγάνει
3462 2984 3562 3027 τῶν
3623 2972 3804 3027 δεινων
3855 2977 3951 3033 ὅση
4014 2972 4170 3028 δυνα-

3842 3070 3942 3118 Καὶ
4034 3067 4166 3136 μετά

2566 3151 2772 3223 Βραχῦ,
2801 3174 2828 3201 ‹‹
2850 3154 2913 3207 Τί
2953 3149 3010 3204 δε
3033 3154 3148 3218 οἱει,
3181 3174 3208 3202 »
3242 3151 3266 3203 ὁ
3293 3151 3546 3226 βασιλεὺς
3573 3153 3689 3225 ἔφη,
3727 3174 3754 3202 (ι
3789 3160 3968 3205 τοῦτον
4016 3162 4167 3211 ποιῆ-

2562 3084 2673 3134 μις,
2734 3087 2761 3114 ››
2817 3063 2979 3116 Ταῦτ’
3030 3064 3258 3125 εἰπόντες
3340 3070 3760 3136 σεσιωπόκαμεν.

2564 3261 2654 3293 σαι
2688 3258 2701 3307 ;
2733 3265 2760 3290 ››
2806 3241 2934 3312 Ἐγὼ
2967 3237 3024 3293 δὲ
3046 3243 3171 3313 ἔφην
3194 3244 3262 3303 ῶς
3303 3263 3330 3292 ‹‹
3363 3246 3564 3315 Μικρὸν
3604 3240 3951 3314 ὑπολαμϐάνω
3998 3244 4164 3316 παράο

2488 3377 2527 3432 C
2561 3333 2644 3382 τὸν
2699 3332 3020 3404 Περσάρχην
3078 3337 3548 3406 προσκαρτερήσας
3622 3330 3905 3384 ἁποσταλεῖ
3961 3351 4170 3404 συμπα-

2565 3421 2703 3481 θείας
2754 3423 2879 3492 πρὸς
2927 3428 3019 3471 τοῦ
3087 3428 3182 3472 σοῦ
3238 3423 3463 3493 κράτους
3515 3418 3824 3489 ἀξιωθῆναι,
3882 3423 4020 3492 ἔχων
4079 3424 4170 3472 καὶ

2561 3513 2648 3560 τόν
2692 3511 3010 3580 Περσάρχην
3043 3509 3128 3561 ἐπὶ
3184 3518 3245 3582 τῇ
3297 3511 3539 3562 ὑποθέσει
3613 3509 4024 3582 μεσολαϐοῦντα,
4078 3511 4172 3570 ζη-

2562 3602 2713 3656 τήσει
2737 3595 2794 3650 δὲ
2828 3617 2885 3650 σε
2928 3599 3077 3672 ὅρκον
3129 3597 3196 3658 εἰς
3248 3603 3342 3656 τὴν
3399 3607 3491 3659 τῆς
3555 3597 3802 3660 ἀληθείας
3859 3597 4177 3671 βεϐαίωσιν,

2564 3682 2621 3738 οὖ
2653 3689 2772 3740 ἄνευ
2808 3687 2977 3739 οὐκέτι
3007 3707 3096 3759 μοι
3139 3683 3285 3739 δοκεῖ
3339 3690 3483 3761 παρὰ
3538 3691 3595 3741 σε
3645 3686 3945 3761 ἀφικέσθαι.
3997 3710 4026 3737 ››
4083 3689 4172 3740 Ἐν

2562 3779 2768 3837 τούτοις
2800 3773 2860 3834 ἦν
2917 3780 3295 3850 τεταραγμένος
3351 3778 3375 3827 ὁ
3441 3775 3710 3848 βασιλεὺς,
3765 3776 3814 3830 ἕν
3864 3775 4174 3849 ἀμφιϐόλοις

2562 3867 2842 3937 τυγχάνων
2869 3873 2973 3925 τοῖς
3017 3884 3343 3940 πράγμασιν.
3399 3865 3482 3926 Ὠς
3541 3863 3600 3918 δε
3648 3867 3760 3938 μετ’
3807 3865 3986 3937 ὀλίγας
4031 3868 4173 3927 τινας

2563 3955 2761 4026 ἡμέρας
2798 3959 2996 4028 γραφαὶ
3020 3958 3151 4030 πρὸς
3199 3957 3285 4005 τὸν
3349 3953 3575 4026 βασιλέα
3640 3953 3976 4028 ἐπέμφθησαν
4040 3958 4175 4028 πρὸς

2561 4052 2660 4095 τῶν
2695 4047 3168 4120 στραταρχούντων
3221 4042 3269 4095 ἓν
3331 4046 3546 4116 Βιθυνίᾳ
3596 4049 3687 4097 καὶ
3738 4046 4055 4116 Μεσοθυνίᾳ,
4115 4046 4172 4096 αἱ

2564 4128 2623 4187 δὲ
2652 4139 2847 4207 γραγαὶ
2879 4142 2969 4186 τοῦ
3015 4133 3360 4186 κονοσταύλου
3416 4133 3643 4206 μεγάλου
3702 4132 3990 4206 ἐτύγχανον
4045 4136 4172 4207 πρὸς

3721 4224 3869 4294 (πρὸς
3948 4224 4034 4274 ἕνα
4112 4218 4173 4274 δέ

2561 4312 2779 4364 ἕκαστον
2847 4320 2945 4363 τῶν
3001 4314 3246 4363 τοιούτων
3300 4311 3662 4386 ἐγεγραφήκει)
3736 4312 3805 4372 ὡς
3891 4311 4023 4380 Ἐγὼ
4076 4314 4173 4382 μεν

2561 4405 2646 4452 τὸν
2679 4399 2733 4452 ἐκ
2764 4408 2856 4452 τοῦ
2886 4398 3147 4472 βασιλέως
3179 4399 3332 4472 φόϐον
3366 4397 3442 4473 [Ρ·
3477 4399 3569 4470 75]
3605 4398 3654 4450 ἐν
3703 4407 3764 4472 τῇ
3823 4395 4022 4473 καρδίᾳ
4067 4419 4173 4470 μου

2563 4493 2720 4562 ἔχων,
2772 4495 2862 4542 καὶ
2916 4486 3109 4552 δεδιὼς
3159 4495 3229 4562 μή
3298 4495 3346 4541 τί
3409 4510 3507 4542 που
3578 4491 3728 4542 πάθω
3788 4485 3975 4555 δεινὸν,
4029 4497 4168 4562 φυγῇ

2564 4223 2749 4282 αὐτοὺς
2820 4221 3143 4296 περιλήψεως
3199 4224 3424 4294 ἔχουσαι
3477 4223 3639 4283 οὕτως

2562 4578 2899 4652 ἐχρησάμηνο
2952 4580 3098 4651 ὑμεῖς
3148 4575 3206 4631 δὲ
3256 4584 3511 4652 φρονίμως
3573 4599 3665 4640 κας
3741 4574 4003 4651 ἀνδρικῶς
4068 4586 4174 4630 τῶν

2510 4700 2512 4703 -
2564 4677 2952 4743 στρατιωτικῶν
3011 4669 3443 4740 ἐγχειρισθέντων
3506 4665 3628 4742 ὑμῖν
3671 4671 3993 4742 πραγμάτων
4056 4667 4176 4720 ἀντ-

788 4739 1161 4833 Subscriptio
1199 4776 1492 4830 magnum
1528 4761 1810 4816 comitem
1839 4759 2011 4831 145
2066 4759 2279 4814 stabuli
2313 4776 2450 4815 con-
2487 4739 2528 4791 D

2408 4777 2450 4815 1-
2487 4739 2528 4791 Ι)
2561 4761 2770 4830 έχεσθε,
2822 4778 2912 4811 και
2969 4759 3022 4809 αἱ
3077 4757 3301 4830 φυλακαὶ
3352 4767 3448 4810 τῶν
3492 4757 3777 4830 πολιχνίων
3822 4763 3913 4810 καὶ
3969 4759 4173 4810 ἄστεων

786 4851 1058 4908 notabat.
1103 4851 1198 4906 His
1228 4851 1554 4923 imperator
1599 4849 1803 4905 litteris
1849 4850 2131 4921 inspectis
2177 4849 2450 4906 animum

2403 4867 2450 4906 ῃ
2563 4847 2810 4921 ἀσφαλεῖς
2849 4847 3104 4916 ἓστωσαν,
3136 4853 3226 4900 καὶ
3257 4849 3285 4907 ἡ
3320 4855 3414 4910 τῆς
3451 4847 3658 4909 ἁπάσης
3687 4854 3868 4922 χώρας
3917 4854 4168 4922 προσοχή

786 4940 977 4996 utmio
1011 4940 1234 5010 gaudio
1265 4939 1629 4996 exhilaratus
1653 4939 2036 4995 sermonibus
2071 4939 2220 4994 meis
2264 4939 2449 4994 fidem

787 5030 1084 5088 adhibuit.

786 5122 816 5180 ἡ
854 5119 1110 5193 ἐπιγραφὴ
1136 5123 1225 5172 τὸν
1255 5124 1418 5192 μέγαν
1447 5117 1792 5172 κονοσταῦλον
1813 5119 2081 5191 ἐσημαίνε.
2117 5118 2325 5181 Ταύτας
2353 5121 2378 5172 ὁ
2411 5118 2658 5192 βασιλεὺς
2691 5120 3006 5191 θεασάμενος
3028 5119 3116 5178 τὰς
3157 5119 3359 5192 γραφὰς
3410 5117 3593 5193 ἱλαρῶς
3645 5114 3848 5175 διετέθη
3899 5119 4024 5190 πρὸς
4079 5122 4178 5176 τὴν

786 5211 1036 5264 ὑπόθεσιν
1068 5214 1156 5262 καὶ
1183 5217 1292 5271 τοῖς
1316 5209 1493 5282 λόγοις
1521 5229 1622 5282 μου
1650 5208 2076 5280 ἐμπεπίστευκεν.

2559 4943 2649 4991 καὶ
2704 4943 3030 5011 συντήρησις
3093 4938 3215 5010 παρ’
3271 4939 3414 5010 ὑμῶν
3463 4941 3531 4999 ὡς
3588 4940 3697 4998 ἔθος
3766 4939 4010 5010 γενέσθω,
4079 4943 4179 4990 καὶ

2559 5031 2732 5090 καθὼς
2781 5026 3051 5101 ἐπράττετε
3108 5027 3218 5098 μετ’
3268 5025 3412 5100 ἐμοῦ,
3464 5031 3555 5080 καὶ
3618 5023 3769 5089 αὖθις
3812 5034 4024 5081 ποιεῖτε.
4069 5032 4178 5080 Καὶ

857 5340 945 5392 65.
978 5335 1093 5393 Sed
1127 5335 1276 5392 dum
1307 5335 1426 5392 huc
1454 5335 1643 5391 oratio
1680 5333 1974 5407 perducta
1998 5338 2107 5405 est,
2126 5333 2186 5389 in
2200 5333 2453 5393 historia
2564 5334 2622 5399 ξε·

2416 5351 2453 5393 8,
2564 5333 2650 5399 ξέ.
2723 5334 2979 5387 Ἐνταῦθα
3039 5330 3097 5386 δι
3145 5334 3194 5369 ⁸⁸
3238 5341 3331 5386 τοῦ
3381 5337 3536 5404 λόγου
3614 5337 3877 5406 γενόμενοι
3957 5334 4027 5386 τὰ
4078 5341 4181 5396 τῆς

857 5427 906 5462 ⁸⁴
963 5428 1075 5483 1).:
1128 5425 1268 5481 Ἐπεὶ
1322 5422 1382 5479 δε
1431 5427 1457 5478 ὁ
1498 5424 1854 5497 Παλαιολόγος
1901 5423 1949 5476 ἐν
2001 5432 2112 5488 τοῖς
2165 5427 2329 5488 οῖκοις
2374 5434 2476 5479 τῶν
2531 5428 2906 5501 Τουρκομάνων
2959 5422 3192 5497 ἀφίκετο,
3250 5425 3418 5497 τούτῳ
3489 5425 3558 5487 ὡς
3642 5423 3838 5500 ἑρμαίῳ
3922 5420 4182 5496 ἓντυχὸν-

1766 5571 2088 5633 Theodori
2130 5571 2364 5632 Dousee
2397 5574 2461 5632 et
2488 5569 2722 5631 Leonis
2752 5569 2971 5630 Allatii
2998 5574 3191 5632 nota.

3575 5720 3996 5794 Pachymeres,
4057 5719 4176 5778 lib.

2547 5723 2657 5794 (59)
2723 5728 2903 5776 Ταῦτα
2965 5721 3152 5783 ἐκεῖνος
3219 5720 3488 5778 ἐπάνθανε.

854 5725 968 5797 (38)
989 5723 1112 5778 Ὀτι
1132 5744 1250 5800 περ.
1279 5727 1590 5796 Gregoras,
1624 5739 1684 5796 p.
1720 5728 1806 5780 5'7.
1836 5726 1952 5781 Nec
2003 5723 2240 5781 diversa
2298 5727 2436 5780 sunt
2547 5723 2657 5794 (59)
2723 5728 2884 5776 Ταῦτα

854 5814 916 5852 ιω
950 5799 1216 5852 Phranza
1244 5801 1702 5852 commemorat.
1751 5801 1887 5852 ALL.
2524 5807 2562 5852 ι.
2596 5810 2648 5851 c.
2679 5798 2731 5852 9.
2767 5797 2884 5851 ALL

776 5813 916 5872 quas
950 5799 1216 5856 Phranza
1244 5801 1702 5855 commemorat.
1751 5801 1887 5852 ALL.
