  <div class='ocr_page' id='page_1' title='image "/cluster/home/n/w/nwhite01/storage/ocr_20150623/140/nnc1.0046979905/594.png"; bbox 0 0 4470 6452; ppageno 0'>
   <div class='ocr_carea' id='block_1_1' title="bbox 280 403 419 457">
    <p class='ocr_par' dir='ltr' id='par_1_1' title="bbox 280 403 419 457">
     <span class='ocr_line' id='line_1_1' title="bbox 280 403 419 457; baseline 0.007 -1"><span class='ocrx_word' id='word_1_1' title='bbox 280 403 419 457; x_wconf 75' lang='grc'>1157</span> 
     </span>
    </p>
   </div>
   <div class='ocr_carea' id='block_1_2' title="bbox 280 517 1949 597">
    <p class='ocr_par' dir='ltr' id='par_1_2' title="bbox 280 517 1949 597">
     <span class='ocr_line' id='line_1_2' title="bbox 280 517 1949 597; baseline 0 -22"><span class='ocrx_word' id='word_1_2' title='bbox 280 526 533 597; x_wconf 77' lang='grc' dir='ltr'><strong>ἱστορίας,</strong></span> <span class='ocrx_word' id='word_1_3' title='bbox 575 524 639 581; x_wconf 80' lang='grc' dir='ltr'><strong>ὡς</strong></span> <span class='ocrx_word' id='word_1_4' title='bbox 692 517 807 574; x_wconf 72' lang='grc' dir='ltr'><strong>δεον</strong></span> <span class='ocrx_word' id='word_1_5' title='bbox 856 521 1019 590; x_wconf 82' lang='grc' dir='ltr'><strong>ἐστὶν,</strong></span> <span class='ocrx_word' id='word_1_6' title='bbox 1072 523 1463 596; x_wconf 82' lang='grc' dir='ltr'><strong>ἐμπλατύνωμεν</strong></span> <span class='ocrx_word' id='word_1_7' title='bbox 1500 543 1510 554; x_wconf 91' lang='grc'><strong>·</strong></span> <span class='ocrx_word' id='word_1_8' title='bbox 1545 522 1740 575; x_wconf 93' lang='grc' dir='ltr'><strong>πολλῶν</strong></span> <span class='ocrx_word' id='word_1_9' title='bbox 1774 525 1875 597; x_wconf 88' lang='grc' dir='ltr'><strong>γάρ</strong></span> <span class='ocrx_word' id='word_1_10' title='bbox 1910 531 1949 578; x_wconf 78' lang='grc' dir='ltr'><strong>Α</strong></span> 
     </span>
    </p>
   </div>
   <div class='ocr_carea' id='block_1_3' title="bbox 277 610 1876 684">
    <p class='ocr_par' dir='ltr' id='par_1_3' title="bbox 277 610 1876 684">
     <span class='ocr_line' id='line_1_3' title="bbox 277 610 1876 684; baseline -0.001 -22"><span class='ocrx_word' id='word_1_11' title='bbox 277 610 443 682; x_wconf 86' lang='grc' dir='ltr'><strong>λόγων</strong></span> <span class='ocrx_word' id='word_1_12' title='bbox 492 611 614 673; x_wconf 74' lang='grc' dir='ltr'><strong>ἰξια</strong></span> <span class='ocrx_word' id='word_1_13' title='bbox 664 614 731 662; x_wconf 82' lang='grc' dir='ltr'><strong>τὰ</strong></span> <span class='ocrx_word' id='word_1_14' title='bbox 786 610 834 661; x_wconf 79' lang='grc' dir='ltr'><strong>ἐν</strong></span> <span class='ocrx_word' id='word_1_15' title='bbox 888 619 949 684; x_wconf 74' lang='grc' dir='ltr'><strong>τῇ</strong></span> <span class='ocrx_word' id='word_1_16' title='bbox 1000 621 1136 684; x_wconf 75' lang='grc' dir='ltr'><strong>φυγῇ</strong></span> <span class='ocrx_word' id='word_1_17' title='bbox 1177 616 1491 684; x_wconf 70' lang='grc' dir='ltr'><strong>γεγενημένα</strong></span> <span class='ocrx_word' id='word_1_18' title='bbox 1541 620 1632 663; x_wconf 85' lang='grc' dir='ltr'><strong>τοῦ</strong></span> <span class='ocrx_word' id='word_1_19' title='bbox 1668 619 1876 683; x_wconf 82' lang='grc' dir='ltr'><strong>Κομνη-</strong></span> 
     </span>
    </p>
   </div>
   <div class='ocr_carea' id='block_1_4' title="bbox 276 698 1880 775">
    <p class='ocr_par' dir='ltr' id='par_1_4' title="bbox 276 698 1880 775">
     <span class='ocr_line' id='line_1_4' title="bbox 276 698 1880 775; baseline 0.001 -25"><span class='ocrx_word' id='word_1_20' title='bbox 276 709 366 752; x_wconf 82' lang='grc' dir='ltr'><strong>νοῦ</strong></span> <span class='ocrx_word' id='word_1_21' title='bbox 394 700 609 771; x_wconf 74' lang='grc' dir='ltr'><strong>Μιχαὴλ</strong></span> <span class='ocrx_word' id='word_1_22' title='bbox 654 698 897 771; x_wconf 85' lang='grc' dir='ltr'><strong>ἐγεγόνει,</strong></span> <span class='ocrx_word' id='word_1_23' title='bbox 941 701 1084 753; x_wconf 80' lang='grc' dir='ltr'><strong>Ἐπεὶ</strong></span> <span class='ocrx_word' id='word_1_24' title='bbox 1136 704 1236 775; x_wconf 73' lang='grc' dir='ltr'><strong>γὰρ</strong></span> <span class='ocrx_word' id='word_1_25' title='bbox 1289 700 1440 761; x_wconf 78' lang='grc' dir='ltr'><strong>οὗτος</strong></span> <span class='ocrx_word' id='word_1_26' title='bbox 1487 700 1534 752; x_wconf 82' lang='grc' dir='ltr'><strong>ἐν</strong></span> <span class='ocrx_word' id='word_1_27' title='bbox 1589 708 1699 761; x_wconf 90' lang='grc' dir='ltr'><strong>τοίς</strong></span> <span class='ocrx_word' id='word_1_28' title='bbox 1736 700 1880 758; x_wconf 73' lang='grc' dir='ltr'><strong>οἰκη-</strong></span> 
     </span>
    </p>
   </div>
   <div class='ocr_carea' id='block_1_5' title="bbox 278 786 1882 861">
    <p class='ocr_par' dir='ltr' id='par_1_5' title="bbox 278 786 1882 861">
     <span class='ocr_line' id='line_1_5' title="bbox 278 786 1882 861; baseline 0 -20"><span class='ocrx_word' id='word_1_29' title='bbox 278 809 414 861; x_wconf 89' lang='grc' dir='ltr'><strong>μασι</strong></span> <span class='ocrx_word' id='word_1_30' title='bbox 443 798 542 841; x_wconf 91' lang='grc' dir='ltr'><strong>τῶν</strong></span> <span class='ocrx_word' id='word_1_31' title='bbox 571 791 948 860; x_wconf 88' lang='grc' dir='ltr'><strong>Τουρκομάνων</strong></span> <span class='ocrx_word' id='word_1_32' title='bbox 1000 788 1211 861; x_wconf 74' lang='grc' dir='ltr'><strong>ἀφίκετο</strong></span> <span class='ocrx_word' id='word_1_33' title='bbox 1273 791 1432 858; x_wconf 82' lang='grc' dir='ltr'><strong>(ἔθνος</strong></span> <span class='ocrx_word' id='word_1_34' title='bbox 1485 786 1543 842; x_wconf 68' lang='grc' dir='ltr'><strong>δι</strong></span> <span class='ocrx_word' id='word_1_35' title='bbox 1589 798 1740 841; x_wconf 86' lang='grc' dir='ltr'><strong>τοῦτο</strong></span> <span class='ocrx_word' id='word_1_36' title='bbox 1771 797 1882 851; x_wconf 85' lang='grc' dir='ltr'><strong>τοῖς</strong></span> 
     </span>
    </p>
   </div>
   <div class='ocr_carea' id='block_1_6' title="bbox 278 875 1880 952">
    <p class='ocr_par' dir='ltr' id='par_1_6' title="bbox 278 875 1880 952">
     <span class='ocr_line' id='line_1_6' title="bbox 278 875 1880 952; baseline 0.001 -23"><span class='ocrx_word' id='word_1_37' title='bbox 278 879 457 951; x_wconf 79' lang='grc' dir='ltr'><strong>ἄκροις</strong></span> <span class='ocrx_word' id='word_1_38' title='bbox 514 879 677 951; x_wconf 80' lang='grc' dir='ltr'><strong>ὁρίοις</strong></span> <span class='ocrx_word' id='word_1_39' title='bbox 727 885 825 928; x_wconf 88' lang='grc' dir='ltr'><strong>τῶν</strong></span> <span class='ocrx_word' id='word_1_40' title='bbox 883 884 1093 952; x_wconf 84' lang='grc' dir='ltr'><strong>Περσῶν</strong></span> <span class='ocrx_word' id='word_1_41' title='bbox 1145 875 1414 951; x_wconf 66' lang='grc' dir='ltr'><strong>ἐφεδρεῦον</strong></span> <span class='ocrx_word' id='word_1_42' title='bbox 1476 884 1565 929; x_wconf 81' lang='grc' dir='ltr'><strong>καὶ</strong></span> <span class='ocrx_word' id='word_1_43' title='bbox 1632 875 1880 949; x_wconf 81' lang='grc' dir='ltr'><strong>ἀσπόνδῳ</strong></span> 
     </span>
    </p>
   </div>
   <div class='ocr_carea' id='block_1_7' title="bbox 278 966 1883 1039">
    <p class='ocr_par' dir='ltr' id='par_1_7' title="bbox 278 966 1883 1039">
     <span class='ocr_line' id='line_1_7' title="bbox 278 966 1883 1039; baseline 0.001 -22"><span class='ocrx_word' id='word_1_44' title='bbox 278 970 426 1037; x_wconf 87' lang='grc' dir='ltr'><strong>μίσει</strong></span> <span class='ocrx_word' id='word_1_45' title='bbox 475 973 611 1018; x_wconf 83' lang='grc' dir='ltr'><strong>κατά</strong></span> <span class='ocrx_word' id='word_1_46' title='bbox 663 970 928 1038; x_wconf 81' lang='grc' dir='ltr'><strong>Ῥωμαίων</strong></span> <span class='ocrx_word' id='word_1_47' title='bbox 970 972 1238 1038; x_wconf 85' lang='grc' dir='ltr'><strong>χρώμενον</strong></span> <span class='ocrx_word' id='word_1_48' title='bbox 1298 971 1388 1018; x_wconf 86' lang='grc' dir='ltr'><strong>καὶ</strong></span> <span class='ocrx_word' id='word_1_49' title='bbox 1447 966 1706 1039; x_wconf 73' lang='grc' dir='ltr'><strong>ἁρπαγαῖς</strong></span> <span class='ocrx_word' id='word_1_50' title='bbox 1767 974 1883 1028; x_wconf 87' lang='grc' dir='ltr'><strong>ταῖς</strong></span> 
     </span>
    </p>
   </div>
   <div class='ocr_carea' id='block_1_8' title="bbox 279 1053 1882 1128">
    <p class='ocr_par' dir='ltr' id='par_1_8' title="bbox 279 1053 1882 1128">
     <span class='ocr_line' id='line_1_8' title="bbox 279 1053 1882 1128; baseline 0.001 -23"><span class='ocrx_word' id='word_1_51' title='bbox 279 1053 334 1105; x_wconf 83' lang='grc' dir='ltr'><strong>ἐκ</strong></span> <span class='ocrx_word' id='word_1_52' title='bbox 372 1058 564 1108; x_wconf 82' lang='grc' dir='ltr'><strong>τούτων</strong></span> <span class='ocrx_word' id='word_1_53' title='bbox 602 1062 792 1127; x_wconf 82' lang='grc' dir='ltr'><strong>χαῖρον</strong></span> <span class='ocrx_word' id='word_1_54' title='bbox 850 1061 939 1107; x_wconf 88' lang='lat' dir='ltr'>xui.</span> <span class='ocrx_word' id='word_1_55' title='bbox 994 1063 1103 1117; x_wconf 88' lang='grc' dir='ltr'><strong>τοῖς</strong></span> <span class='ocrx_word' id='word_1_56' title='bbox 1132 1054 1188 1107; x_wconf 87' lang='grc' dir='ltr'><strong>ἐκ</strong></span> <span class='ocrx_word' id='word_1_57' title='bbox 1216 1055 1449 1128; x_wconf 76' lang='grc' dir='ltr'><strong>πολέμων</strong></span> <span class='ocrx_word' id='word_1_58' title='bbox 1507 1056 1711 1116; x_wconf 76' lang='grc' dir='ltr'><strong>σκύλοις</strong></span> <span class='ocrx_word' id='word_1_59' title='bbox 1738 1059 1882 1109; x_wconf 75' lang='grc' dir='ltr'><strong>ἐπευ-</strong></span> 
     </span>
    </p>
   </div>
   <div class='ocr_carea' id='block_1_9' title="bbox 278 1140 1882 1217">
    <p class='ocr_par' dir='ltr' id='par_1_9' title="bbox 278 1140 1882 1217">
     <span class='ocr_line' id='line_1_9' title="bbox 278 1140 1882 1217; baseline 0.001 -22"><span class='ocrx_word' id='word_1_60' title='bbox 278 1149 631 1217; x_wconf 76' lang='grc' dir='ltr'><strong>φραινόμενον,</strong></span> <span class='ocrx_word' id='word_1_61' title='bbox 687 1148 777 1196; x_wconf 78' lang='grc' dir='ltr'><strong>καὶ.</strong></span> <span class='ocrx_word' id='word_1_62' title='bbox 841 1148 957 1197; x_wconf 86' lang='grc' dir='ltr'><strong>τότε</strong></span> <span class='ocrx_word' id='word_1_63' title='bbox 1011 1140 1078 1202; x_wconf 79' lang='grc' dir='ltr'><strong>δὴ</strong></span> <span class='ocrx_word' id='word_1_64' title='bbox 1149 1144 1338 1216; x_wconf 81' lang='grc' dir='ltr'><strong>μᾶλλον</strong></span> <span class='ocrx_word' id='word_1_65' title='bbox 1420 1146 1573 1197; x_wconf 86' lang='grc' dir='ltr'><strong>ὁπότε</strong></span> <span class='ocrx_word' id='word_1_66' title='bbox 1656 1148 1723 1197; x_wconf 84' lang='grc' dir='ltr'><strong>τὰ</strong></span> <span class='ocrx_word' id='word_1_67' title='bbox 1783 1154 1882 1197; x_wconf 90' lang='grc' dir='ltr'><strong>τῶν</strong></span> 
     </span>
    </p>
   </div>
   <div class='ocr_carea' id='block_1_10' title="bbox 281 1231 1878 1306">
    <p class='ocr_par' dir='ltr' id='par_1_10' title="bbox 281 1231 1878 1306">
     <span class='ocr_line' id='line_1_10' title="bbox 281 1231 1878 1306; baseline 0.001 -22"><span class='ocrx_word' id='word_1_68' title='bbox 281 1238 493 1305; x_wconf 85' lang='grc' dir='ltr'><strong>Περσῶν</strong></span> <span class='ocrx_word' id='word_1_69' title='bbox 534 1231 833 1305; x_wconf 85' lang='grc' dir='ltr'><strong>ἐκυμαίνετο</strong></span> <span class='ocrx_word' id='word_1_70' title='bbox 881 1237 970 1284; x_wconf 81' lang='grc' dir='ltr'><strong>καὶ</strong></span> <span class='ocrx_word' id='word_1_71' title='bbox 1009 1240 1120 1293; x_wconf 85' lang='grc' dir='ltr'><strong>ταῖς</strong></span> <span class='ocrx_word' id='word_1_72' title='bbox 1177 1232 1231 1284; x_wconf 85' lang='grc' dir='ltr'><strong>ἐκ</strong></span> <span class='ocrx_word' id='word_1_73' title='bbox 1280 1241 1378 1284; x_wconf 89' lang='grc' dir='ltr'><strong>τῶν</strong></span> <span class='ocrx_word' id='word_1_74' title='bbox 1416 1238 1698 1306; x_wconf 91' lang='grc' dir='ltr'><strong>Ταχαρίων</strong></span> <span class='ocrx_word' id='word_1_75' title='bbox 1755 1232 1878 1304; x_wconf 71' lang='grc' dir='ltr'><strong>ἐφό-</strong></span> 
     </span>
    </p>
   </div>
   <div class='ocr_carea' id='block_1_11' title="bbox 277 1315 1882 1396">
    <p class='ocr_par' dir='ltr' id='par_1_11' title="bbox 277 1315 1882 1396">
     <span class='ocr_line' id='line_1_11' title="bbox 277 1315 1882 1396; baseline 0.001 -25"><span class='ocrx_word' id='word_1_76' title='bbox 277 1315 390 1381; x_wconf 81' lang='grc' dir='ltr'><strong>δοις</strong></span> <span class='ocrx_word' id='word_1_77' title='bbox 421 1319 868 1396; x_wconf 81' lang='grc' dir='ltr'><strong>συνεταράττετο),</strong></span> <span class='ocrx_word' id='word_1_78' title='bbox 897 1328 969 1391; x_wconf 84' lang='grc' dir='ltr'><strong>τῷ</strong></span> <span class='ocrx_word' id='word_1_79' title='bbox 1024 1328 1272 1393; x_wconf 75' lang='grc' dir='ltr'><strong>Κομνηνῷ</strong></span> <span class='ocrx_word' id='word_1_80' title='bbox 1304 1322 1527 1392; x_wconf 80' lang='grc' dir='ltr'><strong>Μιχαὴλ</strong></span> <span class='ocrx_word' id='word_1_81' title='bbox 1578 1325 1647 1382; x_wconf 79' lang='grc' dir='ltr'><strong>ὡς</strong></span> <span class='ocrx_word' id='word_1_82' title='bbox 1687 1322 1882 1393; x_wconf 81' lang='grc' dir='ltr'><strong>ἑρμαίῳ</strong></span> 
     </span>
    </p>
   </div>
   <div class='ocr_carea' id='block_1_12' title="bbox 276 1409 1883 1482">
    <p class='ocr_par' dir='ltr' id='par_1_12' title="bbox 276 1409 1883 1482">
     <span class='ocr_line' id='line_1_12' title="bbox 276 1409 1883 1482; baseline -0.001 -20"><span class='ocrx_word' id='word_1_83' title='bbox 276 1409 578 1481; x_wconf 75' lang='grc' dir='ltr'><strong>ἐντυχόντες</strong></span> <span class='ocrx_word' id='word_1_84' title='bbox 622 1415 750 1477; x_wconf 84' lang='grc' dir='ltr'><strong>τινὶ,</strong></span> <span class='ocrx_word' id='word_1_85' title='bbox 816 1414 902 1461; x_wconf 82' lang='lat' dir='ltr'><strong>xui</strong></span> <span class='ocrx_word' id='word_1_86' title='bbox 961 1409 1142 1482; x_wconf 89' lang='grc' dir='ltr'><strong>λίχνον</strong></span> <span class='ocrx_word' id='word_1_87' title='bbox 1182 1413 1328 1482; x_wconf 84' lang='grc' dir='ltr'><strong>ὄμμα</strong></span> <span class='ocrx_word' id='word_1_88' title='bbox 1371 1419 1479 1473; x_wconf 91' lang='grc' dir='ltr'><strong>τοῖς</strong></span> <span class='ocrx_word' id='word_1_89' title='bbox 1508 1411 1669 1463; x_wconf 71' lang='grc' dir='ltr'><strong>αὑτοῦ</strong></span> <span class='ocrx_word' id='word_1_90' title='bbox 1696 1409 1883 1462; x_wconf 75' lang='grc' dir='ltr'><strong>ἐπιϐα-</strong></span> 
     </span>
    </p>
   </div>
   <div class='ocr_carea' id='block_1_13' title="bbox 275 1497 1885 1575">
    <p class='ocr_par' dir='ltr' id='par_1_13' title="bbox 275 1497 1885 1575">
     <span class='ocr_line' id='line_1_13' title="bbox 275 1497 1885 1575; baseline -0.001 -23"><span class='ocrx_word' id='word_1_91' title='bbox 275 1501 446 1561; x_wconf 90' lang='grc' dir='ltr'><strong>λόντες</strong></span> <span class='ocrx_word' id='word_1_92' title='bbox 484 1503 781 1575; x_wconf 88' lang='grc' dir='ltr'><strong>πράγμασι,</strong></span> <span class='ocrx_word' id='word_1_93' title='bbox 814 1502 984 1552; x_wconf 88' lang='grc' dir='ltr'><strong>πάντα</strong></span> <span class='ocrx_word' id='word_1_94' title='bbox 1027 1503 1092 1552; x_wconf 88' lang='grc' dir='ltr'><strong>τά</strong></span> <span class='ocrx_word' id='word_1_95' title='bbox 1147 1501 1307 1552; x_wconf 66' lang='grc' dir='ltr'><strong>αὐτοῦ</strong></span> <span class='ocrx_word' id='word_1_96' title='bbox 1339 1497 1691 1572; x_wconf 70' lang='grc' dir='ltr'><strong>διηρπάκασι,</strong></span> <span class='ocrx_word' id='word_1_97' title='bbox 1741 1520 1885 1574; x_wconf 88' lang='grc' dir='ltr'><strong>χρυ-</strong></span> 
     </span>
    </p>
   </div>
   <div class='ocr_carea' id='block_1_14' title="bbox 281 1585 1885 1664">
    <p class='ocr_par' dir='ltr' id='par_1_14' title="bbox 281 1585 1885 1664">
     <span class='ocr_line' id='line_1_14' title="bbox 281 1585 1885 1664; baseline -0.002 -21"><span class='ocrx_word' id='word_1_98' title='bbox 281 1594 392 1659; x_wconf 80' lang='grc' dir='ltr'><strong>σὸν,</strong></span> <span class='ocrx_word' id='word_1_99' title='bbox 457 1590 703 1664; x_wconf 80' lang='grc' dir='ltr'><strong>ἄργυρον,</strong></span> <span class='ocrx_word' id='word_1_100' title='bbox 756 1590 965 1654; x_wconf 82' lang='grc' dir='ltr'><strong>ἵππους,</strong></span> <span class='ocrx_word' id='word_1_101' title='bbox 1020 1590 1308 1661; x_wconf 75' lang='grc' dir='ltr'><strong>ὑφάσματα</strong></span> <span class='ocrx_word' id='word_1_102' title='bbox 1358 1595 1449 1640; x_wconf 86' lang='grc' dir='ltr'><strong>καὶ</strong></span> <span class='ocrx_word' id='word_1_103' title='bbox 1508 1589 1642 1641; x_wconf 81' lang='grc' dir='ltr'><strong>αῦτά</strong></span> <span class='ocrx_word' id='word_1_104' title='bbox 1700 1585 1767 1646; x_wconf 78' lang='grc' dir='ltr'><strong>δὴ</strong></span> <span class='ocrx_word' id='word_1_105' title='bbox 1819 1593 1885 1640; x_wconf 81' lang='grc' dir='ltr'><strong>τὰ</strong></span> 
     </span>
    </p>
   </div>
   <div class='ocr_carea' id='block_1_15' title="bbox 277 1673 1883 1751">
    <p class='ocr_par' dir='ltr' id='par_1_15' title="bbox 277 1673 1883 1751">
     <span class='ocr_line' id='line_1_15' title="bbox 277 1673 1883 1751; baseline -0.001 -20"><span class='ocrx_word' id='word_1_106' title='bbox 277 1676 547 1750; x_wconf 76' lang='grc' dir='ltr'><strong>ἐνδύματα</strong></span> <span class='ocrx_word' id='word_1_107' title='bbox 594 1679 667 1738; x_wconf 83' lang='grc' dir='ltr'><strong>οἷς</strong></span> <span class='ocrx_word' id='word_1_108' title='bbox 717 1679 766 1729; x_wconf 81' lang='grc' dir='ltr'><strong>οἱ</strong></span> <span class='ocrx_word' id='word_1_109' title='bbox 814 1678 975 1729; x_wconf 74' lang='grc' dir='ltr'><strong>αὐτοῦ</strong></span> <span class='ocrx_word' id='word_1_110' title='bbox 1014 1674 1333 1733; x_wconf 77' lang='grc' dir='ltr'><strong>ἐνεδέδυντο,</strong></span> <span class='ocrx_word' id='word_1_111' title='bbox 1392 1684 1794 1751; x_wconf 84' lang='grc' dir='ltr'><strong>Διαμερίσαντες</strong></span> <span class='ocrx_word' id='word_1_112' title='bbox 1824 1673 1883 1729; x_wconf 76' lang='grc' dir='ltr'><strong>δὲ</strong></span> 
     </span>
    </p>
   </div>
   <div class='ocr_carea' id='block_1_16' title="bbox 277 1764 1882 1837">
    <p class='ocr_par' dir='ltr' id='par_1_16' title="bbox 277 1764 1882 1837">
     <span class='ocr_line' id='line_1_16' title="bbox 277 1764 1882 1837; baseline -0.001 -18"><span class='ocrx_word' id='word_1_113' title='bbox 277 1772 369 1819; x_wconf 85' lang='grc' dir='ltr'><strong>καὶ</strong></span> <span class='ocrx_word' id='word_1_114' title='bbox 424 1769 618 1826; x_wconf 87' lang='grc' dir='ltr'><strong>πάντας</strong></span> <span class='ocrx_word' id='word_1_115' title='bbox 667 1769 785 1826; x_wconf 81' lang='grc' dir='ltr'><strong>τοὺς</strong></span> <span class='ocrx_word' id='word_1_116' title='bbox 856 1764 1194 1837; x_wconf 71' lang='grc' dir='ltr'><strong>ἐφεπομένους</strong></span> <span class='ocrx_word' id='word_1_117' title='bbox 1279 1766 1440 1836; x_wconf 74' lang='grc' dir='ltr'><strong>αὐτῷ,</strong></span> <span class='ocrx_word' id='word_1_118' title='bbox 1520 1767 1737 1826; x_wconf 80' lang='grc' dir='ltr'><strong>ἕκαστος</strong></span> <span class='ocrx_word' id='word_1_119' title='bbox 1794 1768 1882 1817; x_wconf 89' lang='grc' dir='ltr'><strong>τὸν</strong></span> 
     </span>
    </p>
   </div>
   <div class='ocr_carea' id='block_1_17' title="bbox 278 1852 1963 1928">
    <p class='ocr_par' dir='ltr' id='par_1_17' title="bbox 278 1852 1963 1928">
     <span class='ocr_line' id='line_1_17' title="bbox 278 1852 1963 1928; baseline -0.001 -19"><span class='ocrx_word' id='word_1_120' title='bbox 278 1860 672 1928; x_wconf 82' lang='grc' dir='ltr'><strong>κατισχημένον</strong></span> <span class='ocrx_word' id='word_1_121' title='bbox 740 1855 810 1917; x_wconf 83' lang='grc' dir='ltr'><strong>εἰς</strong></span> <span class='ocrx_word' id='word_1_122' title='bbox 861 1855 1053 1907; x_wconf 82' lang='grc' dir='ltr'><strong>οἰκείαν</strong></span> <span class='ocrx_word' id='word_1_123' title='bbox 1110 1852 1347 1908; x_wconf 76' lang='grc' dir='ltr'><strong>δουλείαν</strong></span> <span class='ocrx_word' id='word_1_124' title='bbox 1402 1857 1647 1927; x_wconf 77' lang='grc' dir='ltr'><strong>ἠγάγετο,</strong></span> <span class='ocrx_word' id='word_1_125' title='bbox 1708 1856 1767 1907; x_wconf 86' lang='grc'><strong>’0</strong></span> <span class='ocrx_word' id='word_1_126' title='bbox 1824 1852 1883 1908; x_wconf 75' lang='grc' dir='ltr'><strong>δὲ</strong></span> <span class='ocrx_word' id='word_1_127' title='bbox 1917 1871 1963 1926; x_wconf 80' lang='grc' dir='ltr'>Β</span> 
     </span>
    </p>
   </div>
   <div class='ocr_carea' id='block_1_18' title="bbox 283 1941 1883 2020">
    <p class='ocr_par' dir='ltr' id='par_1_18' title="bbox 283 1941 1883 2020">
     <span class='ocr_line' id='line_1_18' title="bbox 283 1941 1883 2020; baseline -0.002 -21"><span class='ocrx_word' id='word_1_128' title='bbox 283 1950 547 2018; x_wconf 80' lang='grc' dir='ltr'><strong>Κομνηνὸς</strong></span> <span class='ocrx_word' id='word_1_129' title='bbox 622 1943 847 2016; x_wconf 78' lang='grc' dir='ltr'><strong>Μιχαὴλ</strong></span> <span class='ocrx_word' id='word_1_130' title='bbox 925 1950 1075 2016; x_wconf 88' lang='grc' dir='ltr'><strong>μόγις</strong></span> <span class='ocrx_word' id='word_1_131' title='bbox 1125 1952 1312 2020; x_wconf 83' lang='grc' dir='ltr'><strong>χεῖρας</strong></span> <span class='ocrx_word' id='word_1_132' title='bbox 1360 1948 1552 1997; x_wconf 76' lang='grc' dir='ltr'><strong>τούτων</strong></span> <span class='ocrx_word' id='word_1_133' title='bbox 1592 1941 1883 2017; x_wconf 75' lang='grc' dir='ltr'><strong>διεκφυγὼν</strong></span> 
     </span>
    </p>
   </div>
   <div class='ocr_carea' id='block_1_19' title="bbox 279 2030 1885 2109">
    <p class='ocr_par' dir='ltr' id='par_1_19' title="bbox 279 2030 1885 2109">
     <span class='ocr_line' id='line_1_19' title="bbox 279 2030 1885 2109; baseline -0.001 -21"><span class='ocrx_word' id='word_1_134' title='bbox 279 2040 371 2087; x_wconf 83' lang='grc' dir='ltr'><strong>καὶ</strong></span> <span class='ocrx_word' id='word_1_135' title='bbox 426 2042 559 2088; x_wconf 83' lang='grc' dir='ltr'><strong>Θεοῦ</strong></span> <span class='ocrx_word' id='word_1_136' title='bbox 608 2038 825 2109; x_wconf 81' lang='grc' dir='ltr'><strong>προνοίᾳ</strong></span> <span class='ocrx_word' id='word_1_137' title='bbox 882 2030 1165 2096; x_wconf 73' lang='grc' dir='ltr'><strong>διασωθεὶς</strong></span> <span class='ocrx_word' id='word_1_138' title='bbox 1206 2038 1399 2106; x_wconf 85' lang='grc' dir='ltr'><strong>γυμνός</strong></span> <span class='ocrx_word' id='word_1_139' title='bbox 1452 2034 1685 2087; x_wconf 83' lang='grc' dir='ltr'><strong>ἁπάντων</strong></span> <span class='ocrx_word' id='word_1_140' title='bbox 1740 2036 1885 2107; x_wconf 87' lang='grc' dir='ltr'><strong>παρά</strong></span> 
     </span>
    </p>
   </div>
   <div class='ocr_carea' id='block_1_20' title="bbox 280 2120 1883 2197">
    <p class='ocr_par' dir='ltr' id='par_1_20' title="bbox 280 2120 1883 2197">
     <span class='ocr_line' id='line_1_20' title="bbox 280 2120 1883 2197; baseline -0.001 -20"><span class='ocrx_word' id='word_1_141' title='bbox 280 2128 373 2177; x_wconf 87' lang='grc' dir='ltr'><strong>τὸν</strong></span> <span class='ocrx_word' id='word_1_142' title='bbox 412 2126 732 2197; x_wconf 85' lang='grc' dir='ltr'><strong>Περσάρχην</strong></span> <span class='ocrx_word' id='word_1_143' title='bbox 786 2121 1015 2195; x_wconf 75' lang='grc' dir='ltr'><strong>ἀφίκετο.</strong></span> <span class='ocrx_word' id='word_1_144' title='bbox 1062 2122 1120 2175; x_wconf 81' lang='grc' dir='ltr'><strong>Ὀ</strong></span> <span class='ocrx_word' id='word_1_145' title='bbox 1178 2120 1238 2175; x_wconf 78' lang='grc' dir='ltr'><strong>δὲ</strong></span> <span class='ocrx_word' id='word_1_146' title='bbox 1294 2123 1354 2175; x_wconf 77' lang='grc' dir='ltr'><strong>οὐ</strong></span> <span class='ocrx_word' id='word_1_147' title='bbox 1417 2126 1554 2175; x_wconf 85' lang='grc' dir='ltr'><strong>κατά</strong></span> <span class='ocrx_word' id='word_1_148' title='bbox 1581 2124 1760 2182; x_wconf 85' lang='grc' dir='ltr'><strong>νέηλυν</strong></span> <span class='ocrx_word' id='word_1_149' title='bbox 1788 2144 1883 2195; x_wconf 81' lang='grc' dir='ltr'><strong>φυ-</strong></span> 
     </span>
    </p>
   </div>
   <div class='ocr_carea' id='block_1_21' title="bbox 278 2209 1883 2286">
    <p class='ocr_par' dir='ltr' id='par_1_21' title="bbox 278 2209 1883 2286">
     <span class='ocr_line' id='line_1_21' title="bbox 278 2209 1883 2286; baseline -0.002 -19"><span class='ocrx_word' id='word_1_150' title='bbox 278 2210 428 2286; x_wconf 87' lang='grc' dir='ltr'><strong>γάδα</strong></span> <span class='ocrx_word' id='word_1_151' title='bbox 454 2221 634 2267; x_wconf 87' lang='grc' dir='ltr'><strong>τοῦτον</strong></span> <span class='ocrx_word' id='word_1_152' title='bbox 666 2209 876 2275; x_wconf 78' lang='grc' dir='ltr'><strong>ἐδέξατο</strong></span> <span class='ocrx_word' id='word_1_153' title='bbox 909 2214 1043 2279; x_wconf 78' lang='grc'><strong>(40),</strong></span> <span class='ocrx_word' id='word_1_154' title='bbox 1078 2210 1183 2264; x_wconf 84' lang='grc' dir='ltr'><strong>ἀλλ’</strong></span> <span class='ocrx_word' id='word_1_155' title='bbox 1237 2212 1471 2284; x_wconf 82' lang='grc' dir='ltr'><strong>ἀσμένως</strong></span> <span class='ocrx_word' id='word_1_156' title='bbox 1527 2213 1641 2265; x_wconf 86' lang='grc' dir='ltr'><strong>λίαν</strong></span> <span class='ocrx_word' id='word_1_157' title='bbox 1684 2217 1883 2286; x_wconf 74' lang='grc' dir='ltr'><strong>προσή-</strong></span> 
     </span>
    </p>
   </div>
   <div class='ocr_carea' id='block_1_22' title="bbox 280 2298 1882 2376">
    <p class='ocr_par' dir='ltr' id='par_1_22' title="bbox 280 2298 1882 2376">
     <span class='ocr_line' id='line_1_22' title="bbox 280 2298 1882 2376; baseline -0.001 -21"><span class='ocrx_word' id='word_1_158' title='bbox 280 2323 426 2357; x_wconf 89' lang='grc' dir='ltr'><strong>κατο.</strong></span> <span class='ocrx_word' id='word_1_159' title='bbox 475 2301 554 2355; x_wconf 91' lang='grc' dir='ltr'><strong>Τό</strong></span> <span class='ocrx_word' id='word_1_160' title='bbox 612 2320 666 2354; x_wconf 88' lang='grc' dir='ltr'><strong>τε</strong></span> <span class='ocrx_word' id='word_1_161' title='bbox 727 2304 827 2376; x_wconf 79' lang='grc' dir='ltr'><strong>γὰρ</strong></span> <span class='ocrx_word' id='word_1_162' title='bbox 906 2300 1104 2372; x_wconf 72' lang='grc' dir='ltr'><strong>εὐγενὲς</strong></span> <span class='ocrx_word' id='word_1_163' title='bbox 1152 2309 1243 2353; x_wconf 91' lang='grc' dir='ltr'><strong>τοῦ</strong></span> <span class='ocrx_word' id='word_1_164' title='bbox 1305 2298 1496 2375; x_wconf 85' lang='grc' dir='ltr'><strong>ἀνδρὸς</strong></span> <span class='ocrx_word' id='word_1_165' title='bbox 1548 2300 1882 2374; x_wconf 75' lang='grc' dir='ltr'><strong>ἐμεμαθήκει,</strong></span> 
     </span>
    </p>
   </div>
   <div class='ocr_carea' id='block_1_23' title="bbox 280 2392 1885 2465">
    <p class='ocr_par' dir='ltr' id='par_1_23' title="bbox 280 2392 1885 2465">
     <span class='ocr_line' id='line_1_23' title="bbox 280 2392 1885 2465; baseline -0.001 -21"><span class='ocrx_word' id='word_1_166' title='bbox 280 2397 372 2444; x_wconf 85' lang='grc' dir='ltr'><strong>καὶ</strong></span> <span class='ocrx_word' id='word_1_167' title='bbox 436 2392 615 2451; x_wconf 86' lang='grc' dir='ltr'><strong>πάντες</strong></span> <span class='ocrx_word' id='word_1_168' title='bbox 699 2392 748 2443; x_wconf 82' lang='grc' dir='ltr'><strong>οἱ</strong></span> <span class='ocrx_word' id='word_1_169' title='bbox 825 2393 956 2463; x_wconf 85' lang='grc' dir='ltr'><strong>μετὰ</strong></span> <span class='ocrx_word' id='word_1_170' title='bbox 1026 2398 1118 2443; x_wconf 87' lang='grc' dir='ltr'><strong>τοῦ</strong></span> <span class='ocrx_word' id='word_1_171' title='bbox 1196 2393 1511 2465; x_wconf 84' lang='grc' dir='ltr'><strong>Περσάρχου</strong></span> <span class='ocrx_word' id='word_1_172' title='bbox 1583 2399 1885 2463; x_wconf 79' lang='grc' dir='ltr'><strong>μεγιστᾶνες</strong></span> 
     </span>
    </p>
   </div>
   <div class='ocr_carea' id='block_1_24' title="bbox 282 2477 1879 2555">
    <p class='ocr_par' dir='ltr' id='par_1_24' title="bbox 282 2477 1879 2555">
     <span class='ocr_line' id='line_1_24' title="bbox 282 2477 1879 2555; baseline -0.001 -22"><span class='ocrx_word' id='word_1_173' title='bbox 282 2480 540 2541; x_wconf 79' lang='grc' dir='ltr'><strong>τελοῦντες</strong></span> <span class='ocrx_word' id='word_1_174' title='bbox 570 2483 627 2531; x_wconf 88' lang='grc' dir='ltr'><strong>τὸ</strong></span> <span class='ocrx_word' id='word_1_175' title='bbox 667 2477 805 2540; x_wconf 83' lang='grc' dir='ltr'><strong>εἶδος</strong></span> <span class='ocrx_word' id='word_1_176' title='bbox 862 2480 1022 2531; x_wconf 72' lang='grc' dir='ltr'><strong>αὐτοῦ</strong></span> <span class='ocrx_word' id='word_1_177' title='bbox 1079 2484 1169 2531; x_wconf 85' lang='grc' dir='ltr'><strong>καὶ</strong></span> <span class='ocrx_word' id='word_1_178' title='bbox 1222 2482 1281 2531; x_wconf 87' lang='grc' dir='ltr'><strong>τὸ</strong></span> <span class='ocrx_word' id='word_1_179' title='bbox 1331 2487 1569 2555; x_wconf 73' lang='grc' dir='ltr'><strong>φρόνημα</strong></span> <span class='ocrx_word' id='word_1_180' title='bbox 1610 2482 1879 2552; x_wconf 79' lang='grc' dir='ltr'><strong>τεθαυμά·</strong></span> 
     </span>
    </p>
   </div>
   <div class='ocr_carea' id='block_1_25' title="bbox 280 2566 1885 2645">
    <p class='ocr_par' dir='ltr' id='par_1_25' title="bbox 280 2566 1885 2645">
     <span class='ocr_line' id='line_1_25' title="bbox 280 2566 1885 2645; baseline -0.002 -22"><span class='ocrx_word' id='word_1_181' title='bbox 280 2590 431 2637; x_wconf 88' lang='grc' dir='ltr'><strong>κασι,</strong></span> <span class='ocrx_word' id='word_1_182' title='bbox 472 2575 563 2622; x_wconf 83' lang='grc' dir='ltr'><strong>καὶ</strong></span> <span class='ocrx_word' id='word_1_183' title='bbox 601 2571 628 2621; x_wconf 87' lang='grc' dir='ltr'><strong><em>ὃ</em></strong></span> <span class='ocrx_word' id='word_1_184' title='bbox 675 2574 806 2641; x_wconf 78' lang='grc' dir='ltr'><strong>φησί</strong></span> <span class='ocrx_word' id='word_1_185' title='bbox 837 2588 911 2629; x_wconf 85' lang='grc' dir='ltr'><strong>τις</strong></span> <span class='ocrx_word' id='word_1_186' title='bbox 940 2577 1039 2621; x_wconf 88' lang='grc' dir='ltr'><strong>τῶν</strong></span> <span class='ocrx_word' id='word_1_187' title='bbox 1091 2568 1346 2631; x_wconf 78' lang='grc' dir='ltr'><strong>παλαιῶν,</strong></span> <span class='ocrx_word' id='word_1_188' title='bbox 1387 2566 1690 2645; x_wconf 75' lang='grc' dir='ltr'><strong>τυραννίδος</strong></span> <span class='ocrx_word' id='word_1_189' title='bbox 1742 2569 1885 2631; x_wconf 81' lang='grc' dir='ltr'><strong>ἄξιον</strong></span> 
     </span>
    </p>
   </div>
   <div class='ocr_carea' id='block_1_26' title="bbox 284 2656 1887 2733">
    <p class='ocr_par' dir='ltr' id='par_1_26' title="bbox 284 2656 1887 2733">
     <span class='ocr_line' id='line_1_26' title="bbox 284 2656 1887 2733; baseline -0.001 -22"><span class='ocrx_word' id='word_1_190' title='bbox 284 2662 509 2733; x_wconf 83' lang='grc' dir='ltr'><strong>ἔκριναν.</strong></span> <span class='ocrx_word' id='word_1_191' title='bbox 556 2659 643 2719; x_wconf 86' lang='grc' dir='ltr'><strong>Εἰς</strong></span> <span class='ocrx_word' id='word_1_192' title='bbox 681 2658 887 2730; x_wconf 81' lang='grc' dir='ltr'><strong>ὀλίγους</strong></span> <span class='ocrx_word' id='word_1_193' title='bbox 940 2657 1043 2732; x_wconf 87' lang='grc' dir='ltr'><strong>γάρ</strong></span> <span class='ocrx_word' id='word_1_194' title='bbox 1097 2658 1237 2728; x_wconf 72' lang='grc' dir='ltr'><strong>αὐτῷ</strong></span> <span class='ocrx_word' id='word_1_195' title='bbox 1305 2658 1556 2720; x_wconf 81' lang='grc' dir='ltr'><strong>ξυνιόντες</strong></span> <span class='ocrx_word' id='word_1_196' title='bbox 1616 2656 1887 2729; x_wconf 80' lang='grc' dir='ltr'><strong>λόγουςέκ</strong></span> 
     </span>
    </p>
   </div>
   <div class='ocr_carea' id='block_1_27' title="bbox 286 2745 1882 2823">
    <p class='ocr_par' dir='ltr' id='par_1_27' title="bbox 286 2745 1882 2823">
     <span class='ocr_line' id='line_1_27' title="bbox 286 2745 1882 2823; baseline -0.001 -21"><span class='ocrx_word' id='word_1_197' title='bbox 286 2748 536 2823; x_wconf 81' lang='grc' dir='ltr'><strong>βραχέων</strong></span> <span class='ocrx_word' id='word_1_198' title='bbox 562 2754 654 2807; x_wconf 77' lang='grc' dir='ltr'><strong>τὴν</strong></span> <span class='ocrx_word' id='word_1_199' title='bbox 678 2756 770 2801; x_wconf 88' lang='grc' dir='ltr'><strong>τοῦ</strong></span> <span class='ocrx_word' id='word_1_200' title='bbox 811 2745 997 2820; x_wconf 84' lang='grc' dir='ltr'><strong>ἀνδρὸς</strong></span> <span class='ocrx_word' id='word_1_201' title='bbox 1052 2746 1425 2819; x_wconf 85' lang='grc' dir='ltr'><strong>ἐπεγνώκεισαν</strong></span> <span class='ocrx_word' id='word_1_202' title='bbox 1468 2750 1839 2823; x_wconf 85' lang='grc' dir='ltr'><strong>σταθηρότητα</strong></span> <span class='ocrx_word' id='word_1_203' title='bbox 1870 2770 1882 2781; x_wconf 90' lang='grc'><strong>·</strong></span> 
     </span>
    </p>
   </div>
   <div class='ocr_carea' id='block_1_28' title="bbox 280 2833 1887 2912">
    <p class='ocr_par' dir='ltr' id='par_1_28' title="bbox 280 2833 1887 2912">
     <span class='ocr_line' id='line_1_28' title="bbox 280 2833 1887 2912; baseline -0.002 -22"><span class='ocrx_word' id='word_1_204' title='bbox 280 2842 375 2895; x_wconf 75' lang='grc' dir='ltr'><strong>τήν</strong></span> <span class='ocrx_word' id='word_1_205' title='bbox 400 2856 456 2889; x_wconf 89' lang='grc' dir='ltr'><strong>τε</strong></span> <span class='ocrx_word' id='word_1_206' title='bbox 500 2840 599 2912; x_wconf 81' lang='grc' dir='ltr'><strong>γὰρ</strong></span> <span class='ocrx_word' id='word_1_207' title='bbox 650 2836 811 2889; x_wconf 73' lang='grc' dir='ltr'><strong>αὐτοῦ</strong></span> <span class='ocrx_word' id='word_1_208' title='bbox 867 2840 1251 2909; x_wconf 78' lang='grc' dir='ltr'><strong>στρατιωτικὴν</strong></span> <span class='ocrx_word' id='word_1_209' title='bbox 1298 2833 1643 2911; x_wconf 81' lang='grc' dir='ltr'><strong>ἐτεκμήραντο</strong></span> <span class='ocrx_word' id='word_1_210' title='bbox 1696 2840 1887 2908; x_wconf 79' lang='grc' dir='ltr'><strong>τέχνην</strong></span> 
     </span>
    </p>
   </div>
   <div class='ocr_carea' id='block_1_29' title="bbox 280 2923 1888 2999">
    <p class='ocr_par' dir='ltr' id='par_1_29' title="bbox 280 2923 1888 2999">
     <span class='ocr_line' id='line_1_29' title="bbox 280 2923 1888 2999; baseline -0.001 -21"><span class='ocrx_word' id='word_1_211' title='bbox 280 2932 373 2978; x_wconf 87' lang='grc' dir='ltr'><strong>καὶ</strong></span> <span class='ocrx_word' id='word_1_212' title='bbox 452 2930 544 2985; x_wconf 79' lang='grc' dir='ltr'><strong>τὴν</strong></span> <span class='ocrx_word' id='word_1_213' title='bbox 621 2924 668 2977; x_wconf 90' lang='grc' dir='ltr'><strong>ἐν</strong></span> <span class='ocrx_word' id='word_1_214' title='bbox 734 2933 838 2987; x_wconf 88' lang='grc' dir='ltr'><strong>τοῖς</strong></span> <span class='ocrx_word' id='word_1_215' title='bbox 894 2924 1139 2997; x_wconf 77' lang='grc' dir='ltr'><strong>πολέμοις</strong></span> <span class='ocrx_word' id='word_1_216' title='bbox 1193 2923 1482 2999; x_wconf 81' lang='grc' dir='ltr'><strong>ἀκρίϐειαν,</strong></span> <span class='ocrx_word' id='word_1_217' title='bbox 1543 2930 1632 2977; x_wconf 82' lang='grc' dir='ltr'><strong>καὶ</strong></span> <span class='ocrx_word' id='word_1_218' title='bbox 1683 2928 1747 2986; x_wconf 86' lang='grc' dir='ltr'><strong>ὡς</strong></span> <span class='ocrx_word' id='word_1_219' title='bbox 1795 2925 1888 2977; x_wconf 76' lang='grc' dir='ltr'><strong>οὐκ</strong></span> 
     </span>
    </p>
   </div>
   <div class='ocr_carea' id='block_1_30' title="bbox 281 3012 1887 3087">
    <p class='ocr_par' dir='ltr' id='par_1_30' title="bbox 281 3012 1887 3087">
     <span class='ocr_line' id='line_1_30' title="bbox 281 3012 1887 3087; baseline -0.001 -20"><span class='ocrx_word' id='word_1_220' title='bbox 281 3012 455 3078; x_wconf 78' lang='grc' dir='ltr'><strong>ἀδαὴς</strong></span> <span class='ocrx_word' id='word_1_221' title='bbox 510 3014 569 3067; x_wconf 84' lang='grc' dir='ltr'><strong>ἂν</strong></span> <span class='ocrx_word' id='word_1_222' title='bbox 631 3018 707 3073; x_wconf 80' lang='grc' dir='ltr'><strong>εἴη</strong></span> <span class='ocrx_word' id='word_1_223' title='bbox 759 3023 858 3066; x_wconf 90' lang='grc' dir='ltr'><strong>τῶν</strong></span> <span class='ocrx_word' id='word_1_224' title='bbox 910 3019 1279 3087; x_wconf 77' lang='grc' dir='ltr'><strong>προσηκόντων</strong></span> <span class='ocrx_word' id='word_1_225' title='bbox 1333 3013 1381 3066; x_wconf 92' lang='grc' dir='ltr'><strong>ἐν</strong></span> <span class='ocrx_word' id='word_1_226' title='bbox 1438 3016 1663 3087; x_wconf 85' lang='grc' dir='ltr'><strong>μάχαις.</strong></span> <span class='ocrx_word' id='word_1_227' title='bbox 1720 3016 1887 3087; x_wconf 85' lang='grc' dir='ltr'><strong>Χάριν</strong></span> 
     </span>
    </p>
   </div>
   <div class='ocr_carea' id='block_1_31' title="bbox 280 3100 1885 3177">
    <p class='ocr_par' dir='ltr' id='par_1_31' title="bbox 280 3100 1885 3177">
     <span class='ocr_line' id='line_1_31' title="bbox 280 3100 1885 3177; baseline -0.002 -19"><span class='ocrx_word' id='word_1_228' title='bbox 280 3108 371 3177; x_wconf 70' lang='grc' dir='ltr'><strong>μὶν</strong></span> <span class='ocrx_word' id='word_1_229' title='bbox 431 3100 517 3157; x_wconf 84' lang='grc' dir='ltr'><strong>οὖν</strong></span> <span class='ocrx_word' id='word_1_230' title='bbox 574 3112 673 3156; x_wconf 89' lang='grc' dir='ltr'><strong>τῶν</strong></span> <span class='ocrx_word' id='word_1_231' title='bbox 736 3102 1118 3175; x_wconf 79' lang='grc' dir='ltr'><strong>ἐσκυλευμὲνων</strong></span> <span class='ocrx_word' id='word_1_232' title='bbox 1171 3103 1331 3156; x_wconf 79' lang='grc' dir='ltr'><strong>αὐτοῦ</strong></span> <span class='ocrx_word' id='word_1_233' title='bbox 1407 3106 1728 3177; x_wconf 74' lang='grc' dir='ltr'><strong>πραγμάτων</strong></span> <span class='ocrx_word' id='word_1_234' title='bbox 1795 3109 1885 3155; x_wconf 80' lang='grc' dir='ltr'><strong>καὶ</strong></span> 
     </span>
    </p>
   </div>
   <div class='ocr_carea' id='block_1_32' title="bbox 280 3189 1968 3281">
    <p class='ocr_par' dir='ltr' id='par_1_32' title="bbox 280 3189 1968 3281">
     <span class='ocr_line' id='line_1_32' title="bbox 280 3189 1968 3281; baseline -0.001 -36"><span class='ocrx_word' id='word_1_235' title='bbox 280 3202 382 3245; x_wconf 90' lang='grc' dir='ltr'><strong>τῶν</strong></span> <span class='ocrx_word' id='word_1_236' title='bbox 442 3189 923 3265; x_wconf 85' lang='grc' dir='ltr'><strong>διαμεμερισμένων</strong></span> <span class='ocrx_word' id='word_1_237' title='bbox 1004 3193 1272 3267; x_wconf 82' lang='grc' dir='ltr'><strong>ὑπηρετῶν</strong></span> <span class='ocrx_word' id='word_1_238' title='bbox 1333 3197 1531 3264; x_wconf 66' lang='grc' dir='ltr'><strong>γραφαὶ</strong></span> <span class='ocrx_word' id='word_1_239' title='bbox 1579 3200 1672 3244; x_wconf 87' lang='grc' dir='ltr'><strong>τοῦ</strong></span> <span class='ocrx_word' id='word_1_240' title='bbox 1740 3191 1888 3244; x_wconf 84' lang='grc' dir='ltr'><strong>σουλ·</strong></span> <span class='ocrx_word' id='word_1_241' title='bbox 1928 3225 1968 3281; x_wconf 80' lang='lat' dir='ltr'><strong>C</strong></span> 
     </span>
    </p>
   </div>
   <div class='ocr_carea' id='block_1_33' title="bbox 278 3279 1888 3353">
    <p class='ocr_par' dir='ltr' id='par_1_33' title="bbox 278 3279 1888 3353">
     <span class='ocr_line' id='line_1_33' title="bbox 278 3279 1888 3353; baseline -0.002 -17"><span class='ocrx_word' id='word_1_242' title='bbox 278 3285 458 3353; x_wconf 89' lang='grc' dir='ltr'><strong>τάνου,</strong></span> <span class='ocrx_word' id='word_1_243' title='bbox 491 3282 537 3334; x_wconf 85' lang='grc' dir='ltr'><strong>εἰ</strong></span> <span class='ocrx_word' id='word_1_244' title='bbox 563 3287 653 3333; x_wconf 81' lang='grc' dir='ltr'><strong>καὶ</strong></span> <span class='ocrx_word' id='word_1_245' title='bbox 706 3281 773 3342; x_wconf 84' lang='grc' dir='ltr'><strong>εἰς</strong></span> <span class='ocrx_word' id='word_1_246' title='bbox 798 3284 987 3353; x_wconf 85' lang='grc' dir='ltr'><strong>μάτην,</strong></span> <span class='ocrx_word' id='word_1_247' title='bbox 1019 3285 1343 3353; x_wconf 74' lang='grc' dir='ltr'><strong>γεγένηνται,</strong></span> <span class='ocrx_word' id='word_1_248' title='bbox 1380 3280 1442 3332; x_wconf 80' lang='grc' dir='ltr'><strong>ἶν’</strong></span> <span class='ocrx_word' id='word_1_249' title='bbox 1492 3279 1888 3352; x_wconf 68' lang='grc' dir='ltr'><strong>ἐπισυναχθεὴν</strong></span> 
     </span>
    </p>
   </div>
   <div class='ocr_carea' id='block_1_34' title="bbox 282 3368 1888 3443">
    <p class='ocr_par' dir='ltr' id='par_1_34' title="bbox 282 3368 1888 3443">
     <span class='ocr_line' id='line_1_34' title="bbox 282 3368 1888 3443; baseline -0.002 -17"><span class='ocrx_word' id='word_1_250' title='bbox 282 3375 351 3426; x_wconf 83' lang='grc' dir='ltr'><strong>τὰ</strong></span> <span class='ocrx_word' id='word_1_251' title='bbox 395 3374 567 3425; x_wconf 89' lang='grc' dir='ltr'><strong>πάντα</strong></span> <span class='ocrx_word' id='word_1_252' title='bbox 617 3376 707 3423; x_wconf 84' lang='grc' dir='ltr'><strong>καὶ</strong></span> <span class='ocrx_word' id='word_1_253' title='bbox 758 3373 945 3433; x_wconf 88' lang='grc' dir='ltr'><strong>πάντες</strong></span> <span class='ocrx_word' id='word_1_254' title='bbox 1002 3376 1091 3423; x_wconf 87' lang='grc' dir='ltr'><strong>καὶ</strong></span> <span class='ocrx_word' id='word_1_255' title='bbox 1130 3368 1510 3443; x_wconf 82' lang='grc' dir='ltr'><strong>ἐπικομισθεῖεν</strong></span> <span class='ocrx_word' id='word_1_256' title='bbox 1542 3370 1701 3441; x_wconf 78' lang='grc' dir='ltr'><strong>αὐτῷ.</strong></span> <span class='ocrx_word' id='word_1_257' title='bbox 1747 3370 1888 3423; x_wconf 83' lang='grc' dir='ltr'><strong>Ἐπεὶ</strong></span> 
     </span>
    </p>
   </div>
   <div class='ocr_carea' id='block_1_35' title="bbox 285 3458 1889 3536">
    <p class='ocr_par' dir='ltr' id='par_1_35' title="bbox 285 3458 1889 3536">
     <span class='ocr_line' id='line_1_35' title="bbox 285 3458 1889 3536; baseline -0.002 -21"><span class='ocrx_word' id='word_1_258' title='bbox 285 3458 347 3515; x_wconf 71' lang='grc' dir='ltr'><strong>δι</strong></span> <span class='ocrx_word' id='word_1_259' title='bbox 377 3462 463 3514; x_wconf 83' lang='grc' dir='ltr'><strong>ἐπὶ</strong></span> <span class='ocrx_word' id='word_1_260' title='bbox 495 3460 653 3536; x_wconf 87' lang='grc' dir='ltr'><strong>ξυροῦ</strong></span> <span class='ocrx_word' id='word_1_261' title='bbox 712 3458 879 3533; x_wconf 79' lang='grc' dir='ltr'><strong>ἀκμῆς</strong></span> <span class='ocrx_word' id='word_1_262' title='bbox 908 3462 975 3512; x_wconf 82' lang='grc' dir='ltr'><strong>τὰ</strong></span> <span class='ocrx_word' id='word_1_263' title='bbox 1004 3469 1098 3522; x_wconf 87' lang='grc' dir='ltr'><strong>τῆς</strong></span> <span class='ocrx_word' id='word_1_264' title='bbox 1149 3462 1337 3532; x_wconf 86' lang='grc' dir='ltr'><strong>μάχης</strong></span> <span class='ocrx_word' id='word_1_265' title='bbox 1392 3464 1571 3532; x_wconf 78' lang='grc' dir='ltr'><strong>σφίσιν</strong></span> <span class='ocrx_word' id='word_1_266' title='bbox 1619 3459 1889 3532; x_wconf 77' lang='grc' dir='ltr'><strong>ἐφίστατο,</strong></span> 
     </span>
    </p>
   </div>
   <div class='ocr_carea' id='block_1_36' title="bbox 283 3549 1890 3624">
    <p class='ocr_par' dir='ltr' id='par_1_36' title="bbox 283 3549 1890 3624">
     <span class='ocr_line' id='line_1_36' title="bbox 283 3549 1890 3624; baseline -0.001 -22"><span class='ocrx_word' id='word_1_267' title='bbox 283 3582 357 3591; x_wconf 91' lang='lat'><strong>——</strong></span> <span class='ocrx_word' id='word_1_268' title='bbox 399 3551 450 3602; x_wconf 85' lang='grc' dir='ltr'><strong>οἱ</strong></span> <span class='ocrx_word' id='word_1_269' title='bbox 500 3568 553 3604; x_wconf 86' lang='grc' dir='ltr'><strong>τε</strong></span> <span class='ocrx_word' id='word_1_270' title='bbox 603 3553 706 3624; x_wconf 82' lang='grc' dir='ltr'><strong>γὰρ</strong></span> <span class='ocrx_word' id='word_1_271' title='bbox 781 3552 1047 3624; x_wconf 86' lang='grc' dir='ltr'><strong>Ταχάριοι</strong></span> <span class='ocrx_word' id='word_1_272' title='bbox 1092 3552 1157 3601; x_wconf 81' lang='grc' dir='ltr'><strong>τὰ</strong></span> <span class='ocrx_word' id='word_1_273' title='bbox 1204 3549 1363 3602; x_wconf 87' lang='grc' dir='ltr'><strong>πλείω</strong></span> <span class='ocrx_word' id='word_1_274' title='bbox 1408 3556 1505 3610; x_wconf 77' lang='grc' dir='ltr'><strong>τῆς</strong></span> <span class='ocrx_word' id='word_1_275' title='bbox 1562 3554 1741 3623; x_wconf 87' lang='grc' dir='ltr'><strong>χώρας</strong></span> <span class='ocrx_word' id='word_1_276' title='bbox 1792 3558 1890 3602; x_wconf 92' lang='grc' dir='ltr'><strong>τῶν</strong></span> 
     </span>
    </p>
   </div>
   <div class='ocr_carea' id='block_1_37' title="bbox 285 3637 1891 3713">
    <p class='ocr_par' dir='ltr' id='par_1_37' title="bbox 285 3637 1891 3713">
     <span class='ocr_line' id='line_1_37' title="bbox 285 3637 1891 3713; baseline -0.001 -21"><span class='ocrx_word' id='word_1_277' title='bbox 285 3639 712 3712; x_wconf 82' lang='grc' dir='ltr'><strong>Μουσου).μάνων</strong></span> <span class='ocrx_word' id='word_1_278' title='bbox 764 3638 1069 3710; x_wconf 77' lang='grc' dir='ltr'><strong>ληίσάμενοι</strong></span> <span class='ocrx_word' id='word_1_279' title='bbox 1129 3643 1247 3713; x_wconf 87' lang='grc' dir='ltr'><strong>περὶ</strong></span> <span class='ocrx_word' id='word_1_280' title='bbox 1312 3640 1379 3690; x_wconf 85' lang='grc' dir='ltr'><strong>τὰ</strong></span> <span class='ocrx_word' id='word_1_281' title='bbox 1430 3637 1633 3713; x_wconf 71' lang='grc' dir='ltr'><strong>’Ἃξαρα</strong></span> <span class='ocrx_word' id='word_1_282' title='bbox 1699 3638 1891 3712; x_wconf 85' lang='grc' dir='ltr'><strong>ἐστρα-</strong></span> 
     </span>
    </p>
   </div>
   <div class='ocr_carea' id='block_1_38' title="bbox 286 3724 1891 3802">
    <p class='ocr_par' dir='ltr' id='par_1_38' title="bbox 286 3724 1891 3802">
     <span class='ocr_line' id='line_1_38' title="bbox 286 3724 1891 3802; baseline -0.003 -19"><span class='ocrx_word' id='word_1_283' title='bbox 286 3724 694 3798; x_wconf 82' lang='grc' dir='ltr'><strong>τοπεδεύσαντο,</strong></span> <span class='ocrx_word' id='word_1_284' title='bbox 734 3734 884 3781; x_wconf 84' lang='grc' dir='ltr'><strong>πᾶσα</strong></span> <span class='ocrx_word' id='word_1_285' title='bbox 934 3724 993 3779; x_wconf 76' lang='grc' dir='ltr'><strong>δε</strong></span> <span class='ocrx_word' id='word_1_286' title='bbox 1034 3725 1230 3799; x_wconf 82' lang='grc' dir='ltr'><strong>ἀνάγκη</strong></span> <span class='ocrx_word' id='word_1_287' title='bbox 1288 3724 1348 3786; x_wconf 77' lang='grc' dir='ltr'><strong>ἦν</strong></span> <span class='ocrx_word' id='word_1_288' title='bbox 1404 3732 1494 3780; x_wconf 87' lang='grc' dir='ltr'><strong>καὶ</strong></span> <span class='ocrx_word' id='word_1_289' title='bbox 1548 3731 1678 3802; x_wconf 88' lang='grc' dir='ltr'><strong>πρὸς</strong></span> <span class='ocrx_word' id='word_1_290' title='bbox 1708 3730 1891 3801; x_wconf 84' lang='grc' dir='ltr'><strong>μάχην</strong></span> 
     </span>
    </p>
   </div>
   <div class='ocr_carea' id='block_1_39' title="bbox 286 3815 1893 3891">
    <p class='ocr_par' dir='ltr' id='par_1_39' title="bbox 286 3815 1893 3891">
     <span class='ocr_line' id='line_1_39' title="bbox 286 3815 1893 3891; baseline -0.002 -20"><span class='ocrx_word' id='word_1_291' title='bbox 286 3823 412 3879; x_wconf 82' lang='grc' dir='ltr'><strong>τοὺς</strong></span> <span class='ocrx_word' id='word_1_292' title='bbox 461 3822 667 3891; x_wconf 69' lang='grc' dir='ltr'><strong>Πέρσας</strong></span> <span class='ocrx_word' id='word_1_293' title='bbox 740 3815 1047 3876; x_wconf 78' lang='grc' dir='ltr'><strong>ἀντιστῆναι</strong></span> <span class='ocrx_word' id='word_1_294' title='bbox 1119 3824 1224 3877; x_wconf 87' lang='grc' dir='ltr'><strong>τοῖς</strong></span> <span class='ocrx_word' id='word_1_295' title='bbox 1298 3821 1605 3891; x_wconf 88' lang='grc' dir='ltr'><strong>Ταχαρίοις.</strong></span> <span class='ocrx_word' id='word_1_296' title='bbox 1658 3820 1755 3870; x_wconf 86' lang='grc' dir='ltr'><strong>Τὸν</strong></span> <span class='ocrx_word' id='word_1_297' title='bbox 1802 3820 1893 3890; x_wconf 71' lang='grc' dir='ltr'><strong>μὶν</strong></span> 
     </span>
    </p>
   </div>
   <div class='ocr_carea' id='block_1_40' title="bbox 289 3904 1893 3980">
    <p class='ocr_par' dir='ltr' id='par_1_40' title="bbox 289 3904 1893 3980">
     <span class='ocr_line' id='line_1_40' title="bbox 289 3904 1893 3980; baseline -0.002 -18"><span class='ocrx_word' id='word_1_298' title='bbox 289 3905 380 3962; x_wconf 78' lang='grc' dir='ltr'><strong>οὖν</strong></span> <span class='ocrx_word' id='word_1_299' title='bbox 440 3910 704 3980; x_wconf 75' lang='grc' dir='ltr'><strong>Κομνηνὸν</strong></span> <span class='ocrx_word' id='word_1_300' title='bbox 738 3905 818 3979; x_wconf 87' lang='grc' dir='ltr'><strong>[Ρ.</strong></span> <span class='ocrx_word' id='word_1_301' title='bbox 856 3904 950 3979; x_wconf 84' lang='grc'><strong>76]</strong></span> <span class='ocrx_word' id='word_1_302' title='bbox 1007 3905 1233 3977; x_wconf 76' lang='grc' dir='ltr'><strong>Μιχαὴλ</strong></span> <span class='ocrx_word' id='word_1_303' title='bbox 1292 3906 1364 3967; x_wconf 84' lang='grc' dir='ltr'><strong>εὶς</strong></span> <span class='ocrx_word' id='word_1_304' title='bbox 1389 3908 1620 3978; x_wconf 81' lang='grc' dir='ltr'><strong>ἡγεμόνα</strong></span> <span class='ocrx_word' id='word_1_305' title='bbox 1651 3908 1764 3978; x_wconf 72' lang='grc'><strong>(41)</strong></span> <span class='ocrx_word' id='word_1_306' title='bbox 1794 3915 1893 3959; x_wconf 90' lang='grc' dir='ltr'><strong>τῶν</strong></span> 
     </span>
    </p>
   </div>
   <div class='ocr_carea' id='block_1_41' title="bbox 288 3991 1893 4074">
    <p class='ocr_par' dir='ltr' id='par_1_41' title="bbox 288 3991 1893 4074">
     <span class='ocr_line' id='line_1_41' title="bbox 288 3991 1893 4074; baseline -0.002 -22"><span class='ocrx_word' id='word_1_307' title='bbox 288 4005 623 4074; x_wconf 68' lang='grc' dir='ltr'><strong>Χριστιανῶν</strong></span> <span class='ocrx_word' id='word_1_308' title='bbox 682 3998 1082 4071; x_wconf 83' lang='grc' dir='ltr'><strong>στρατευμάτων</strong></span> <span class='ocrx_word' id='word_1_309' title='bbox 1134 3997 1184 4047; x_wconf 89' lang='grc' dir='ltr'><strong>οἰ</strong></span> <span class='ocrx_word' id='word_1_310' title='bbox 1247 4000 1445 4068; x_wconf 78' lang='grc' dir='ltr'><strong>Πέρσαι</strong></span> <span class='ocrx_word' id='word_1_311' title='bbox 1524 3991 1653 4048; x_wconf 83' lang='grc' dir='ltr'><strong>εἶναι</strong></span> <span class='ocrx_word' id='word_1_312' title='bbox 1721 3992 1893 4049; x_wconf 78' lang='grc' dir='ltr'><strong>διετάο</strong></span> 
     </span>
    </p>
   </div>
   <div class='ocr_carea' id='block_1_42' title="bbox 287 4081 1897 4159">
    <p class='ocr_par' dir='ltr' id='par_1_42' title="bbox 287 4081 1897 4159">
     <span class='ocr_line' id='line_1_42' title="bbox 287 4081 1897 4159; baseline -0.002 -20"><span class='ocrx_word' id='word_1_313' title='bbox 287 4084 549 4152; x_wconf 77' lang='grc' dir='ltr'><strong>ξαντο.⁶Ο</strong></span> <span class='ocrx_word' id='word_1_314' title='bbox 594 4082 653 4140; x_wconf 72' lang='grc' dir='ltr'><strong>δε</strong></span> <span class='ocrx_word' id='word_1_315' title='bbox 707 4084 817 4138; x_wconf 82' lang='grc' dir='ltr'><strong>ἐπεὶ</strong></span> <span class='ocrx_word' id='word_1_316' title='bbox 870 4084 918 4136; x_wconf 90' lang='grc' dir='ltr'><strong>ἐν</strong></span> <span class='ocrx_word' id='word_1_317' title='bbox 973 4081 1242 4157; x_wconf 68' lang='grc' dir='ltr'><strong>ἀλλοδαπῇ</strong></span> <span class='ocrx_word' id='word_1_318' title='bbox 1314 4083 1592 4157; x_wconf 81' lang='grc' dir='ltr'><strong>ἐτύγχανεν</strong></span> <span class='ocrx_word' id='word_1_319' title='bbox 1623 4085 1715 4153; x_wconf 79' lang='grc' dir='ltr'><strong>ὧν,</strong></span> <span class='ocrx_word' id='word_1_320' title='bbox 1763 4104 1897 4159; x_wconf 81' lang='grc' dir='ltr'><strong>συμ-</strong></span> 
     </span>
    </p>
   </div>
   <div class='ocr_carea' id='block_1_43' title="bbox 286 4172 1895 4251">
    <p class='ocr_par' dir='ltr' id='par_1_43' title="bbox 286 4172 1895 4251">
     <span class='ocr_line' id='line_1_43' title="bbox 286 4172 1895 4251; baseline -0.001 -22"><span class='ocrx_word' id='word_1_321' title='bbox 286 4184 483 4251; x_wconf 88' lang='grc' dir='ltr'><strong>μαχεῖν</strong></span> <span class='ocrx_word' id='word_1_322' title='bbox 541 4178 631 4249; x_wconf 72' lang='grc' dir='ltr'><strong>μὲν</strong></span> <span class='ocrx_word' id='word_1_323' title='bbox 687 4173 1120 4247; x_wconf 87' lang='grc' dir='ltr'><strong>Μουσουλμάνοις</strong></span> <span class='ocrx_word' id='word_1_324' title='bbox 1193 4172 1505 4227; x_wconf 82' lang='grc' dir='ltr'><strong>ἀπευκταῖον</strong></span> <span class='ocrx_word' id='word_1_325' title='bbox 1565 4176 1761 4246; x_wconf 79' lang='grc' dir='ltr'><strong>ἠγεῖτο,</strong></span> <span class='ocrx_word' id='word_1_326' title='bbox 1825 4180 1895 4247; x_wconf 79' lang='grc' dir='ltr'><strong>μή</strong></span> 
     </span>
    </p>
   </div>
   <div class='ocr_carea' id='block_1_44' title="bbox 292 4263 1896 4337">
    <p class='ocr_par' dir='ltr' id='par_1_44' title="bbox 292 4263 1896 4337">
     <span class='ocr_line' id='line_1_44' title="bbox 292 4263 1896 4337; baseline -0.001 -19"><span class='ocrx_word' id='word_1_327' title='bbox 292 4285 438 4333; x_wconf 86' lang='grc' dir='ltr'><strong>ποτε,</strong></span> <span class='ocrx_word' id='word_1_328' title='bbox 465 4268 533 4327; x_wconf 85' lang='grc' dir='ltr'><strong>ὡς</strong></span> <span class='ocrx_word' id='word_1_329' title='bbox 577 4266 794 4337; x_wconf 74' lang='grc' dir='ltr'><strong>ἔφασκεν</strong></span> <span class='ocrx_word' id='word_1_330' title='bbox 854 4283 1020 4335; x_wconf 85' lang='grc' dir='ltr'><strong>ουτος,</strong></span> <span class='ocrx_word' id='word_1_331' title='bbox 1084 4263 1132 4315; x_wconf 88' lang='grc' dir='ltr'><strong>ἐν</strong></span> <span class='ocrx_word' id='word_1_332' title='bbox 1189 4266 1342 4336; x_wconf 78' lang='grc' dir='ltr'><strong>μάχῃ</strong></span> <span class='ocrx_word' id='word_1_333' title='bbox 1398 4267 1557 4316; x_wconf 86' lang='grc' dir='ltr'><strong>πεσὸν</strong></span> <span class='ocrx_word' id='word_1_334' title='bbox 1606 4267 1664 4316; x_wconf 90' lang='grc' dir='ltr'><strong>τὸ</strong></span> <span class='ocrx_word' id='word_1_335' title='bbox 1693 4264 1896 4328; x_wconf 61' lang='grc' dir='ltr'><strong>εὐσεϐὴς</strong></span> 
     </span>
    </p>
   </div>
   <div class='ocr_carea' id='block_1_45' title="bbox 289 4351 1893 4429">
    <p class='ocr_par' dir='ltr' id='par_1_45' title="bbox 289 4351 1893 4429">
     <span class='ocr_line' id='line_1_45' title="bbox 289 4351 1893 4429; baseline -0.001 -22"><span class='ocrx_word' id='word_1_336' title='bbox 289 4357 425 4429; x_wconf 83' lang='grc' dir='ltr'><strong>αἷμα</strong></span> <span class='ocrx_word' id='word_1_337' title='bbox 487 4356 680 4426; x_wconf 81' lang='grc' dir='ltr'><strong>αἵμασι</strong></span> <span class='ocrx_word' id='word_1_338' title='bbox 744 4355 1158 4425; x_wconf 82' lang='grc' dir='ltr'><strong>συνανακραθείη</strong></span> <span class='ocrx_word' id='word_1_339' title='bbox 1213 4353 1440 4415; x_wconf 79' lang='grc' dir='ltr'><strong>ἀνοσίοις</strong></span> <span class='ocrx_word' id='word_1_340' title='bbox 1514 4358 1603 4406; x_wconf 84' lang='grc' dir='ltr'><strong>καὶ</strong></span> <span class='ocrx_word' id='word_1_341' title='bbox 1661 4351 1893 4424; x_wconf 77' lang='grc' dir='ltr'><strong>ἀσεϐέσι,</strong></span> 
     </span>
    </p>
   </div>
   <div class='ocr_carea' id='block_1_46' title="bbox 285 4441 1895 4518">
    <p class='ocr_par' dir='ltr' id='par_1_46' title="bbox 285 4441 1895 4518">
     <span class='ocr_line' id='line_1_46' title="bbox 285 4441 1895 4518; baseline -0.001 -21"><span class='ocrx_word' id='word_1_342' title='bbox 285 4448 475 4517; x_wconf 87' lang='grc' dir='ltr'><strong>χάριτι</strong></span> <span class='ocrx_word' id='word_1_343' title='bbox 514 4441 573 4497; x_wconf 80' lang='grc' dir='ltr'><strong>δέ</strong></span> <span class='ocrx_word' id='word_1_344' title='bbox 624 4445 737 4515; x_wconf 88' lang='grc' dir='ltr'><strong>θείᾳ</strong></span> <span class='ocrx_word' id='word_1_345' title='bbox 792 4442 1140 4518; x_wconf 78' lang='grc' dir='ltr'><strong>ἀναρρωσθεὶς</strong></span> <span class='ocrx_word' id='word_1_346' title='bbox 1200 4450 1289 4496; x_wconf 84' lang='grc' dir='ltr'><strong>καὶ</strong></span> <span class='ocrx_word' id='word_1_347' title='bbox 1342 4451 1570 4515; x_wconf 87' lang='grc' dir='ltr'><strong>γενναῖον</strong></span> <span class='ocrx_word' id='word_1_348' title='bbox 1631 4441 1895 4495; x_wconf 80' lang='grc' dir='ltr'><strong>ἀναλαϐὼν</strong></span> 
     </span>
    </p>
   </div>
   <div class='ocr_carea' id='block_1_47' title="bbox 288 4530 1896 4608">
    <p class='ocr_par' dir='ltr' id='par_1_47' title="bbox 288 4530 1896 4608">
     <span class='ocr_line' id='line_1_47' title="bbox 288 4530 1896 4608; baseline 0.001 -23"><span class='ocrx_word' id='word_1_349' title='bbox 288 4540 531 4608; x_wconf 77' lang='grc' dir='ltr'><strong>φρόνημα</strong></span> <span class='ocrx_word' id='word_1_350' title='bbox 595 4536 723 4605; x_wconf 84' lang='grc' dir='ltr'><strong>πρὸς</strong></span> <span class='ocrx_word' id='word_1_351' title='bbox 787 4536 882 4591; x_wconf 74' lang='grc' dir='ltr'><strong>τὴν</strong></span> <span class='ocrx_word' id='word_1_352' title='bbox 957 4534 1141 4604; x_wconf 83' lang='grc' dir='ltr'><strong>μάχην</strong></span> <span class='ocrx_word' id='word_1_353' title='bbox 1200 4532 1490 4608; x_wconf 77' lang='grc' dir='ltr'><strong>ἐξώρμησε.</strong></span> <span class='ocrx_word' id='word_1_354' title='bbox 1545 4536 1615 4585; x_wconf 88' lang='grc' dir='ltr'><strong>Τὸ</strong></span> <span class='ocrx_word' id='word_1_355' title='bbox 1664 4536 1755 4606; x_wconf 77' lang='grc' dir='ltr'><strong>μὲν</strong></span> <span class='ocrx_word' id='word_1_356' title='bbox 1810 4530 1896 4586; x_wconf 82' lang='grc' dir='ltr'><strong>οὖν</strong></span> 
     </span>
    </p>
   </div>
   <div class='ocr_carea' id='block_1_48' title="bbox 1779 401 2120 457">
    <p class='ocr_par' dir='ltr' id='par_1_48' title="bbox 1779 401 2120 457">
     <span class='ocr_line' id='line_1_48' title="bbox 1779 401 2120 457; baseline -0.003 -2"><span class='ocrx_word' id='word_1_357' title='bbox 1779 401 2120 457; x_wconf 79' lang='lat' dir='ltr'><strong>ANNALES.</strong></span> 
     </span>
    </p>
   </div>
   <div class='ocr_carea' id='block_1_49' title="bbox 3506 402 3641 458">
    <p class='ocr_par' dir='ltr' id='par_1_49' title="bbox 3506 402 3641 458">
     <span class='ocr_line' id='line_1_49' title="bbox 3506 402 3641 458; baseline 0.022 -3"><span class='ocrx_word' id='word_1_358' title='bbox 3506 402 3641 458; x_wconf 79' lang='grc'><strong>1158</strong></span> 
     </span>
    </p>
   </div>
   <div class='ocr_carea' id='block_1_50' title="bbox 1992 522 3638 595">
    <p class='ocr_par' dir='ltr' id='par_1_50' title="bbox 1992 522 3638 595">
     <span class='ocr_line' id='line_1_50' title="bbox 1992 522 3638 595; baseline 0 -17"><span class='ocrx_word' id='word_1_359' title='bbox 1992 522 2357 589; x_wconf 79' lang='lat' dir='ltr'><strong>enarranda,</strong></span> <span class='ocrx_word' id='word_1_360' title='bbox 2386 522 2466 578; x_wconf 89' lang='lat' dir='ltr'><strong>uti</strong></span> <span class='ocrx_word' id='word_1_361' title='bbox 2484 539 2593 595; x_wconf 90' lang='lat' dir='ltr'><strong>par</strong></span> <span class='ocrx_word' id='word_1_362' title='bbox 2610 528 2713 592; x_wconf 91' lang='lat' dir='ltr'>est,</span> <span class='ocrx_word' id='word_1_363' title='bbox 2749 522 2990 577; x_wconf 87' lang='lat' dir='ltr'><strong>uberius</strong></span> <span class='ocrx_word' id='word_1_364' title='bbox 3021 523 3476 594; x_wconf 76' lang='lat' dir='ltr'><strong>progrediamur</strong></span> <span class='ocrx_word' id='word_1_365' title='bbox 3504 541 3517 578; x_wconf 91' lang='lat'><strong>:</strong></span> <span class='ocrx_word' id='word_1_366' title='bbox 3552 524 3638 579; x_wconf 92' lang='lat' dir='ltr'>di-</span> 
     </span>
    </p>
   </div>
   <div class='ocr_carea' id='block_1_51' title="bbox 1987 613 3638 684">
    <p class='ocr_par' dir='ltr' id='par_1_51' title="bbox 1987 613 3638 684">
     <span class='ocr_line' id='line_1_51' title="bbox 1987 613 3638 684; baseline 0 -17"><span class='ocrx_word' id='word_1_367' title='bbox 1987 628 2106 681; x_wconf 86' lang='lat' dir='ltr'><strong>gna</strong></span> <span class='ocrx_word' id='word_1_368' title='bbox 2122 614 2279 668; x_wconf 91' lang='lat' dir='ltr'>enim</span> <span class='ocrx_word' id='word_1_369' title='bbox 2306 613 2783 668; x_wconf 89' lang='lat' dir='ltr'>consideratione</span> <span class='ocrx_word' id='word_1_370' title='bbox 2810 620 2947 667; x_wconf 86' lang='lat' dir='ltr'>sunt</span> <span class='ocrx_word' id='word_1_371' title='bbox 2966 630 3101 684; x_wconf 70' lang='lat' dir='ltr'>qua:</span> <span class='ocrx_word' id='word_1_372' title='bbox 3118 615 3265 669; x_wconf 87' lang='lat' dir='ltr'>inter</span> <span class='ocrx_word' id='word_1_373' title='bbox 3287 613 3526 680; x_wconf 76' lang='lat' dir='ltr'>fugiend</span> <span class='ocrx_word' id='word_1_374' title='bbox 3539 629 3638 667; x_wconf 91' lang='lat' dir='ltr'><strong>um</strong></span> 
     </span>
    </p>
   </div>
   <div class='ocr_carea' id='block_1_52' title="bbox 1986 701 3638 773">
    <p class='ocr_par' dir='ltr' id='par_1_52' title="bbox 1986 701 3638 773">
     <span class='ocr_line' id='line_1_52' title="bbox 1986 701 3638 773; baseline 0 -16"><span class='ocrx_word' id='word_1_375' title='bbox 1986 702 2246 757; x_wconf 79' lang='lat' dir='ltr'>Michaeli</span> <span class='ocrx_word' id='word_1_376' title='bbox 2280 705 2584 758; x_wconf 91' lang='lat' dir='ltr'>Comneno</span> <span class='ocrx_word' id='word_1_377' title='bbox 2609 701 2897 767; x_wconf 88' lang='lat' dir='ltr'>accidere,</span> <span class='ocrx_word' id='word_1_378' title='bbox 2939 704 3187 773; x_wconf 85' lang='lat' dir='ltr'><strong>quando</strong></span> <span class='ocrx_word' id='word_1_379' title='bbox 3209 702 3302 756; x_wconf 92' lang='lat' dir='ltr'><strong>hic</strong></span> <span class='ocrx_word' id='word_1_380' title='bbox 3331 701 3408 756; x_wconf 92' lang='lat' dir='ltr'><strong>ad</strong></span> <span class='ocrx_word' id='word_1_381' title='bbox 3430 704 3638 757; x_wconf 91' lang='lat' dir='ltr'>Turco-</span> 
     </span>
    </p>
   </div>
   <div class='ocr_carea' id='block_1_53' title="bbox 1988 791 3640 862">
    <p class='ocr_par' dir='ltr' id='par_1_53' title="bbox 1988 791 3640 862">
     <span class='ocr_line' id='line_1_53' title="bbox 1988 791 3640 862; baseline 0 -17"><span class='ocrx_word' id='word_1_382' title='bbox 1988 806 2308 845; x_wconf 89' lang='lat' dir='ltr'>manorum</span> <span class='ocrx_word' id='word_1_383' title='bbox 2343 791 2515 845; x_wconf 88' lang='lat' dir='ltr'><strong>sedes</strong></span> <span class='ocrx_word' id='word_1_384' title='bbox 2558 791 2847 862; x_wconf 74' lang='lat' dir='ltr'><strong>pervenit.</strong></span> <span class='ocrx_word' id='word_1_385' title='bbox 2900 793 3052 845; x_wconf 87' lang='lat' dir='ltr'>Gens</span> <span class='ocrx_word' id='word_1_386' title='bbox 3104 798 3217 846; x_wconf 85' lang='lat' dir='ltr'>ista</span> <span class='ocrx_word' id='word_1_387' title='bbox 3256 791 3315 846; x_wconf 92' lang='lat' dir='ltr'><strong>in</strong></span> <span class='ocrx_word' id='word_1_388' title='bbox 3359 792 3640 846; x_wconf 81' lang='lat' dir='ltr'><strong>extremis</strong></span> 
     </span>
    </p>
   </div>
   <div class='ocr_carea' id='block_1_54' title="bbox 1990 880 3640 943">
    <p class='ocr_par' dir='ltr' id='par_1_54' title="bbox 1990 880 3640 943">
     <span class='ocr_line' id='line_1_54' title="bbox 1990 880 3640 943; baseline 0.001 -9"><span class='ocrx_word' id='word_1_389' title='bbox 1990 882 2299 935; x_wconf 84' lang='lat' dir='ltr'><strong>Persarum</strong></span> <span class='ocrx_word' id='word_1_390' title='bbox 2319 880 2657 935; x_wconf 85' lang='lat' dir='ltr'>conﬁnibus</span> <span class='ocrx_word' id='word_1_391' title='bbox 2682 880 2923 943; x_wconf 80' lang='lat' dir='ltr'><strong>assidet,</strong></span> <span class='ocrx_word' id='word_1_392' title='bbox 2950 880 3091 935; x_wconf 91' lang='lat' dir='ltr'>odio</span> <span class='ocrx_word' id='word_1_393' title='bbox 3117 880 3405 935; x_wconf 80' lang='lat' dir='ltr'>adversus</span> <span class='ocrx_word' id='word_1_394' title='bbox 3426 882 3640 936; x_wconf 80' lang='lat' dir='ltr'>Roma-</span> 
     </span>
    </p>
   </div>
   <div class='ocr_carea' id='block_1_55' title="bbox 1988 969 3642 1041">
    <p class='ocr_par' dir='ltr' id='par_1_55' title="bbox 1988 969 3642 1041">
     <span class='ocr_line' id='line_1_55' title="bbox 1988 969 3642 1041; baseline -0.001 -17"><span class='ocrx_word' id='word_1_395' title='bbox 1988 983 2099 1024; x_wconf 89' lang='lat' dir='ltr'><strong>nos</strong></span> <span class='ocrx_word' id='word_1_396' title='bbox 2122 970 2471 1025; x_wconf 82' lang='lat' dir='ltr'>inexorabili</span> <span class='ocrx_word' id='word_1_397' title='bbox 2510 978 2692 1041; x_wconf 92' lang='lat' dir='ltr'>atque</span> <span class='ocrx_word' id='word_1_398' title='bbox 2722 969 3063 1041; x_wconf 78' lang='lat' dir='ltr'>inexpiabili</span> <span class='ocrx_word' id='word_1_399' title='bbox 3087 969 3309 1036; x_wconf 80' lang='lat' dir='ltr'>furens,</span> <span class='ocrx_word' id='word_1_400' title='bbox 3342 975 3396 1025; x_wconf 89' lang='lat' dir='ltr'><strong>et</strong></span> <span class='ocrx_word' id='word_1_401' title='bbox 3419 969 3642 1041; x_wconf 87' lang='lat' dir='ltr'>rapinis</span> 
     </span>
    </p>
   </div>
   <div class='ocr_carea' id='block_1_56' title="bbox 1989 1058 3643 1129">
    <p class='ocr_par' dir='ltr' id='par_1_56' title="bbox 1989 1058 3643 1129">
     <span class='ocr_line' id='line_1_56' title="bbox 1989 1058 3643 1129; baseline -0.002 -15"><span class='ocrx_word' id='word_1_402' title='bbox 1989 1074 2185 1114; x_wconf 86' lang='lat' dir='ltr'>eorum</span> <span class='ocrx_word' id='word_1_403' title='bbox 2203 1064 2259 1113; x_wconf 90' lang='lat' dir='ltr'><strong>et</strong></span> <span class='ocrx_word' id='word_1_404' title='bbox 2276 1058 2498 1113; x_wconf 86' lang='lat' dir='ltr'>bellicis</span> <span class='ocrx_word' id='word_1_405' title='bbox 2514 1058 2717 1129; x_wconf 88' lang='lat' dir='ltr'>spoliis</span> <span class='ocrx_word' id='word_1_406' title='bbox 2742 1058 3053 1113; x_wconf 86' lang='lat' dir='ltr'>admodum</span> <span class='ocrx_word' id='word_1_407' title='bbox 3069 1058 3340 1129; x_wconf 82' lang='lat' dir='ltr'>gaudens</span> <span class='ocrx_word' id='word_1_408' title='bbox 3355 1058 3643 1125; x_wconf 89' lang='lat' dir='ltr'>gestiens-</span> 
     </span>
    </p>
   </div>
   <div class='ocr_carea' id='block_1_57' title="bbox 1988 1146 3643 1219">
    <p class='ocr_par' dir='ltr' id='par_1_57' title="bbox 1988 1146 3643 1219">
     <span class='ocr_line' id='line_1_57' title="bbox 1988 1146 3643 1219; baseline 0 -17"><span class='ocrx_word' id='word_1_409' title='bbox 1988 1164 2127 1219; x_wconf 90' lang='lat' dir='ltr'><strong>que.</strong></span> <span class='ocrx_word' id='word_1_410' title='bbox 2160 1148 2224 1202; x_wconf 83' lang='lat' dir='ltr'>Hi</span> <span class='ocrx_word' id='word_1_411' title='bbox 2259 1152 2395 1202; x_wconf 88' lang='lat' dir='ltr'>tunc</span> <span class='ocrx_word' id='word_1_412' title='bbox 2419 1146 2705 1217; x_wconf 88' lang='lat' dir='ltr'>temporis</span> <span class='ocrx_word' id='word_1_413' title='bbox 2731 1146 3133 1217; x_wconf 88' lang='lat' dir='ltr'>potissimum,</span> <span class='ocrx_word' id='word_1_414' title='bbox 3164 1162 3299 1201; x_wconf 91' lang='lat' dir='ltr'><strong>cum</strong></span> <span class='ocrx_word' id='word_1_415' title='bbox 3333 1150 3643 1202; x_wconf 83' lang='lat' dir='ltr'>Persarum</span> 
     </span>
    </p>
   </div>
   <div class='ocr_carea' id='block_1_58' title="bbox 1988 1234 3642 1306">
    <p class='ocr_par' dir='ltr' id='par_1_58' title="bbox 1988 1234 3642 1306">
     <span class='ocr_line' id='line_1_58' title="bbox 1988 1234 3642 1306; baseline 0.001 -16"><span class='ocrx_word' id='word_1_416' title='bbox 1988 1252 2084 1292; x_wconf 90' lang='lat' dir='ltr'><strong>res</strong></span> <span class='ocrx_word' id='word_1_417' title='bbox 2113 1235 2392 1290; x_wconf 89' lang='lat' dir='ltr'>titubaret</span> <span class='ocrx_word' id='word_1_418' title='bbox 2438 1241 2494 1290; x_wconf 84' lang='lat' dir='ltr'><strong>et</strong></span> <span class='ocrx_word' id='word_1_419' title='bbox 2534 1234 2961 1290; x_wconf 86' lang='lat' dir='ltr'>Tachariorum</span> <span class='ocrx_word' id='word_1_420' title='bbox 3015 1235 3444 1306; x_wconf 89' lang='lat' dir='ltr'>irruptionibus</span> <span class='ocrx_word' id='word_1_421' title='bbox 3498 1235 3642 1292; x_wconf 78' lang='lat' dir='ltr'>afﬂi-</span> 
     </span>
    </p>
   </div>
   <div class='ocr_carea' id='block_1_59' title="bbox 1991 1324 3645 1385">
    <p class='ocr_par' dir='ltr' id='par_1_59' title="bbox 1991 1324 3645 1385">
     <span class='ocr_line' id='line_1_59' title="bbox 1991 1324 3645 1385; baseline 0.001 -5"><span class='ocrx_word' id='word_1_422' title='bbox 1991 1330 2268 1385; x_wconf 83' lang='lat' dir='ltr'>ctaretus.</span> <span class='ocrx_word' id='word_1_423' title='bbox 2303 1324 2359 1379; x_wconf 91' lang='lat' dir='ltr'><strong>in</strong></span> <span class='ocrx_word' id='word_1_424' title='bbox 2414 1324 2751 1380; x_wconf 78' lang='lat' dir='ltr'>Michaelem</span> <span class='ocrx_word' id='word_1_425' title='bbox 2786 1326 3159 1379; x_wconf 90' lang='lat' dir='ltr'>Comnenum</span> <span class='ocrx_word' id='word_1_426' title='bbox 3197 1324 3442 1379; x_wconf 88' lang='lat' dir='ltr'>obvium</span> <span class='ocrx_word' id='word_1_427' title='bbox 3484 1326 3645 1381; x_wconf 79' lang='lat' dir='ltr'>velut</span> 
     </span>
    </p>
   </div>
   <div class='ocr_carea' id='block_1_60' title="bbox 1989 1410 3645 1482">
    <p class='ocr_par' dir='ltr' id='par_1_60' title="bbox 1989 1410 3645 1482">
     <span class='ocr_line' id='line_1_60' title="bbox 1989 1410 3645 1482; baseline -0.001 -14"><span class='ocrx_word' id='word_1_428' title='bbox 1989 1413 2050 1469; x_wconf 90' lang='lat' dir='ltr'><strong>in</strong></span> <span class='ocrx_word' id='word_1_429' title='bbox 2067 1413 2411 1467; x_wconf 91' lang='lat' dir='ltr'>thesaurum</span> <span class='ocrx_word' id='word_1_430' title='bbox 2434 1410 2765 1482; x_wconf 90' lang='lat' dir='ltr'>quemdam</span> <span class='ocrx_word' id='word_1_431' title='bbox 2785 1410 3134 1479; x_wconf 77' lang='lat' dir='ltr'>incidentes,</span> <span class='ocrx_word' id='word_1_432' title='bbox 3149 1412 3420 1466; x_wconf 91' lang='lat' dir='ltr'>etoculos</span> <span class='ocrx_word' id='word_1_433' title='bbox 3433 1428 3645 1468; x_wconf 90' lang='lat' dir='ltr'>avaros</span> 
     </span>
    </p>
   </div>
   <div class='ocr_carea' id='block_1_61' title="bbox 1990 1499 3645 1571">
    <p class='ocr_par' dir='ltr' id='par_1_61' title="bbox 1990 1499 3645 1571">
     <span class='ocr_line' id='line_1_61' title="bbox 1990 1499 3645 1571; baseline 0 -16"><span class='ocrx_word' id='word_1_434' title='bbox 1990 1502 2049 1555; x_wconf 91' lang='lat' dir='ltr'><strong>in</strong></span> <span class='ocrx_word' id='word_1_435' title='bbox 2078 1500 2232 1555; x_wconf 91' lang='lat' dir='ltr'>illius</span> <span class='ocrx_word' id='word_1_436' title='bbox 2259 1499 2723 1571; x_wconf 73' lang='lat' dir='ltr'>suppellectilem</span> <span class='ocrx_word' id='word_1_437' title='bbox 2749 1499 3153 1567; x_wconf 84' lang='lat' dir='ltr'>conjicientes,</span> <span class='ocrx_word' id='word_1_438' title='bbox 3188 1502 3468 1555; x_wconf 87' lang='lat' dir='ltr'>universa</span> <span class='ocrx_word' id='word_1_439' title='bbox 3489 1500 3645 1555; x_wconf 90' lang='lat' dir='ltr'>illius</span> 
     </span>
    </p>
   </div>
   <div class='ocr_carea' id='block_1_62' title="bbox 1990 1590 3642 1662">
    <p class='ocr_par' dir='ltr' id='par_1_62' title="bbox 1990 1590 3642 1662">
     <span class='ocr_line' id='line_1_62' title="bbox 1990 1590 3642 1662; baseline 0 -18"><span class='ocrx_word' id='word_1_440' title='bbox 1990 1590 2262 1662; x_wconf 64' lang='lat' dir='ltr'>praedam</span> <span class='ocrx_word' id='word_1_441' title='bbox 2292 1594 2495 1657; x_wconf 89' lang='lat' dir='ltr'>agunt,</span> <span class='ocrx_word' id='word_1_442' title='bbox 2532 1604 2771 1651; x_wconf 90' lang='lat' dir='ltr'>aurum,</span> <span class='ocrx_word' id='word_1_443' title='bbox 2799 1595 3136 1657; x_wconf 78' lang='lat' dir='ltr'>argentum,</span> <span class='ocrx_word' id='word_1_444' title='bbox 3164 1604 3374 1659; x_wconf 91' lang='lat' dir='ltr'>equos,</span> <span class='ocrx_word' id='word_1_445' title='bbox 3401 1590 3642 1656; x_wconf 80' lang='lat' dir='ltr'>textilia,</span> 
     </span>
    </p>
   </div>
   <div class='ocr_carea' id='block_1_63' title="bbox 1989 1675 3643 1749">
    <p class='ocr_par' dir='ltr' id='par_1_63' title="bbox 1989 1675 3643 1749">
     <span class='ocr_line' id='line_1_63' title="bbox 1989 1675 3643 1749; baseline -0.001 -17"><span class='ocrx_word' id='word_1_446' title='bbox 1989 1677 2150 1749; x_wconf 82' lang='lat' dir='ltr'>ipsas</span> <span class='ocrx_word' id='word_1_447' title='bbox 2181 1677 2358 1731; x_wconf 91' lang='lat' dir='ltr'>etiam</span> <span class='ocrx_word' id='word_1_448' title='bbox 2383 1682 2595 1743; x_wconf 89' lang='lat' dir='ltr'>vestes,</span> <span class='ocrx_word' id='word_1_449' title='bbox 2618 1676 2839 1747; x_wconf 87' lang='lat' dir='ltr'>quibus</span> <span class='ocrx_word' id='word_1_450' title='bbox 2866 1676 3130 1746; x_wconf 90' lang='lat' dir='ltr'>quicum</span> <span class='ocrx_word' id='word_1_451' title='bbox 3162 1692 3232 1730; x_wconf 92' lang='lat' dir='ltr'><strong>eo</strong></span> <span class='ocrx_word' id='word_1_452' title='bbox 3263 1682 3434 1731; x_wconf 90' lang='lat' dir='ltr'>erant</span> <span class='ocrx_word' id='word_1_453' title='bbox 3470 1675 3643 1749; x_wconf 71' lang='grc'><strong>146</strong></span> 
     </span>
    </p>
   </div>
   <div class='ocr_carea' id='block_1_64' title="bbox 1989 1763 3646 1837">
    <p class='ocr_par' dir='ltr' id='par_1_64' title="bbox 1989 1763 3646 1837">
     <span class='ocr_line' id='line_1_64' title="bbox 1989 1763 3646 1837; baseline 0 -17"><span class='ocrx_word' id='word_1_454' title='bbox 1989 1765 2413 1820; x_wconf 89' lang='lat' dir='ltr'>induebantur.</span> <span class='ocrx_word' id='word_1_455' title='bbox 2451 1764 2653 1819; x_wconf 83' lang='lat' dir='ltr'>Socios</span> <span class='ocrx_word' id='word_1_456' title='bbox 2684 1780 2928 1836; x_wconf 90' lang='lat' dir='ltr'>quoque</span> <span class='ocrx_word' id='word_1_457' title='bbox 2958 1763 3113 1819; x_wconf 90' lang='lat' dir='ltr'>illius</span> <span class='ocrx_word' id='word_1_458' title='bbox 3142 1763 3365 1819; x_wconf 83' lang='lat' dir='ltr'>divisos</span> <span class='ocrx_word' id='word_1_459' title='bbox 3387 1765 3646 1837; x_wconf 88' lang='lat' dir='ltr'>quisque</span> 
     </span>
    </p>
   </div>
   <div class='ocr_carea' id='block_1_65' title="bbox 1992 1853 3646 1926">
    <p class='ocr_par' dir='ltr' id='par_1_65' title="bbox 1992 1853 3646 1926">
     <span class='ocr_line' id='line_1_65' title="bbox 1992 1853 3646 1926; baseline -0.001 -16"><span class='ocrx_word' id='word_1_460' title='bbox 1992 1871 2131 1911; x_wconf 90' lang='lat' dir='ltr'>suos</span> <span class='ocrx_word' id='word_1_461' title='bbox 2153 1855 2212 1910; x_wconf 93' lang='lat' dir='ltr'><strong>in</strong></span> <span class='ocrx_word' id='word_1_462' title='bbox 2240 1854 2546 1926; x_wconf 86' lang='lat' dir='ltr'>propriam</span> <span class='ocrx_word' id='word_1_463' title='bbox 2579 1855 2917 1908; x_wconf 87' lang='lat' dir='ltr'>servitutem</span> <span class='ocrx_word' id='word_1_464' title='bbox 2958 1853 3227 1909; x_wconf 87' lang='lat' dir='ltr'>adduxit.</span> <span class='ocrx_word' id='word_1_465' title='bbox 3257 1854 3499 1910; x_wconf 83' lang='lat' dir='ltr'>Michael</span> <span class='ocrx_word' id='word_1_466' title='bbox 3521 1870 3646 1910; x_wconf 90' lang='lat' dir='ltr'>ser-</span> 
     </span>
    </p>
   </div>
   <div class='ocr_carea' id='block_1_66' title="bbox 1991 1942 3646 2015">
    <p class='ocr_par' dir='ltr' id='par_1_66' title="bbox 1991 1942 3646 2015">
     <span class='ocr_line' id='line_1_66' title="bbox 1991 1942 3646 2015; baseline -0.001 -15"><span class='ocrx_word' id='word_1_467' title='bbox 1991 1950 2183 2009; x_wconf 89' lang='lat' dir='ltr'>vatus,</span> <span class='ocrx_word' id='word_1_468' title='bbox 2213 1943 2505 2015; x_wconf 86' lang='lat' dir='ltr'>spoliatus</span> <span class='ocrx_word' id='word_1_469' title='bbox 2553 1943 2837 1998; x_wconf 89' lang='lat' dir='ltr'>omnibus</span> <span class='ocrx_word' id='word_1_470' title='bbox 2864 1942 2937 1997; x_wconf 89' lang='lat' dir='ltr'><strong>ad</strong></span> <span class='ocrx_word' id='word_1_471' title='bbox 2975 1944 3292 1998; x_wconf 86' lang='lat' dir='ltr'>Persarum</span> <span class='ocrx_word' id='word_1_472' title='bbox 3314 1943 3646 2015; x_wconf 89' lang='lat' dir='ltr'>principem</span> 
     </span>
    </p>
   </div>
   <div class='ocr_carea' id='block_1_67' title="bbox 1990 2032 3649 2104">
    <p class='ocr_par' dir='ltr' id='par_1_67' title="bbox 1990 2032 3649 2104">
     <span class='ocr_line' id='line_1_67' title="bbox 1990 2032 3649 2104; baseline -0.001 -16"><span class='ocrx_word' id='word_1_473' title='bbox 1990 2034 2313 2097; x_wconf 81' lang='lat' dir='ltr'>confertur,</span> <span class='ocrx_word' id='word_1_474' title='bbox 2337 2032 2436 2104; x_wconf 90' lang='lat' dir='ltr'><strong>qui</strong></span> <span class='ocrx_word' id='word_1_475' title='bbox 2466 2047 2603 2086; x_wconf 90' lang='lat' dir='ltr'><strong>eum</strong></span> <span class='ocrx_word' id='word_1_476' title='bbox 2637 2047 2757 2086; x_wconf 91' lang='lat' dir='ltr'><strong>non</strong></span> <span class='ocrx_word' id='word_1_477' title='bbox 2797 2037 3090 2103; x_wconf 89' lang='lat' dir='ltr'>tanquam</span> <span class='ocrx_word' id='word_1_478' title='bbox 3137 2032 3511 2101; x_wconf 83' lang='lat' dir='ltr'>transfugam</span> <span class='ocrx_word' id='word_1_479' title='bbox 3544 2032 3649 2089; x_wconf 84' lang='lat' dir='ltr'>ad-</span> 
     </span>
    </p>
   </div>
   <div class='ocr_carea' id='block_1_68' title="bbox 1990 2120 3646 2194">
    <p class='ocr_par' dir='ltr' id='par_1_68' title="bbox 1990 2120 3646 2194">
     <span class='ocr_line' id='line_1_68' title="bbox 1990 2120 3646 2194; baseline 0.001 -18"><span class='ocrx_word' id='word_1_480' title='bbox 1990 2138 2209 2178; x_wconf 88' lang='lat' dir='ltr'>venam</span> <span class='ocrx_word' id='word_1_481' title='bbox 2239 2122 2489 2194; x_wconf 82' lang='lat' dir='ltr'>excepit,</span> <span class='ocrx_word' id='word_1_482' title='bbox 2518 2120 2623 2175; x_wconf 87' lang='lat' dir='ltr'><strong>sed</strong></span> <span class='ocrx_word' id='word_1_483' title='bbox 2648 2136 2835 2192; x_wconf 89' lang='lat' dir='ltr'>quam</span> <span class='ocrx_word' id='word_1_484' title='bbox 2867 2120 3305 2177; x_wconf 83' lang='lat' dir='ltr'>humanissime</span> <span class='ocrx_word' id='word_1_485' title='bbox 3336 2122 3646 2178; x_wconf 90' lang='lat' dir='ltr'>hominem</span> 
     </span>
    </p>
   </div>
   <div class='ocr_carea' id='block_1_69' title="bbox 1992 2210 3647 2283">
    <p class='ocr_par' dir='ltr' id='par_1_69' title="bbox 1992 2210 3647 2283">
     <span class='ocr_line' id='line_1_69' title="bbox 1992 2210 3647 2283; baseline -0.001 -16"><span class='ocrx_word' id='word_1_486' title='bbox 1992 2211 2307 2283; x_wconf 89' lang='lat' dir='ltr'>amplexus</span> <span class='ocrx_word' id='word_1_487' title='bbox 2355 2217 2444 2266; x_wconf 91' lang='lat' dir='ltr'><strong>cst</strong></span> <span class='ocrx_word' id='word_1_488' title='bbox 2486 2210 2617 2280; x_wconf 87' lang='lat' dir='ltr'>(viri</span> <span class='ocrx_word' id='word_1_489' title='bbox 2658 2226 2925 2281; x_wconf 87' lang='lat' dir='ltr'>namque</span> <span class='ocrx_word' id='word_1_490' title='bbox 2957 2210 3330 2266; x_wconf 90' lang='lat' dir='ltr'>nobilitatem</span> <span class='ocrx_word' id='word_1_491' title='bbox 3369 2227 3647 2283; x_wconf 91' lang='lat' dir='ltr'>percepe-</span> 
     </span>
    </p>
   </div>
   <div class='ocr_carea' id='block_1_70' title="bbox 1990 2299 3650 2371">
    <p class='ocr_par' dir='ltr' id='par_1_70' title="bbox 1990 2299 3650 2371">
     <span class='ocr_line' id='line_1_70' title="bbox 1990 2299 3650 2371; baseline 0.001 -15"><span class='ocrx_word' id='word_1_492' title='bbox 1990 2304 2122 2371; x_wconf 85' lang='lat' dir='ltr'>rat),</span> <span class='ocrx_word' id='word_1_493' title='bbox 2149 2304 2205 2356; x_wconf 90' lang='lat' dir='ltr'><strong>et</strong></span> <span class='ocrx_word' id='word_1_494' title='bbox 2229 2316 2441 2356; x_wconf 91' lang='lat' dir='ltr'>omnes</span> <span class='ocrx_word' id='word_1_495' title='bbox 2484 2300 2649 2367; x_wconf 83' lang='lat' dir='ltr'>regni</span> <span class='ocrx_word' id='word_1_496' title='bbox 2678 2314 2954 2371; x_wconf 90' lang='lat' dir='ltr'>proceres</span> <span class='ocrx_word' id='word_1_497' title='bbox 3003 2299 3200 2354; x_wconf 85' lang='lat' dir='ltr'>forma</span> <span class='ocrx_word' id='word_1_498' title='bbox 3236 2299 3397 2354; x_wconf 91' lang='lat' dir='ltr'>illius</span> <span class='ocrx_word' id='word_1_499' title='bbox 3446 2306 3503 2355; x_wconf 93' lang='lat' dir='ltr'><strong>et</strong></span> <span class='ocrx_word' id='word_1_500' title='bbox 3554 2317 3650 2357; x_wconf 90' lang='lat' dir='ltr'>co-</span> 
     </span>
    </p>
   </div>
   <div class='ocr_carea' id='block_1_71' title="bbox 1994 2388 3650 2461">
    <p class='ocr_par' dir='ltr' id='par_1_71' title="bbox 1994 2388 3650 2461">
     <span class='ocr_line' id='line_1_71' title="bbox 1994 2388 3650 2461; baseline 0.001 -17"><span class='ocrx_word' id='word_1_501' title='bbox 1994 2389 2382 2458; x_wconf 89' lang='lat' dir='ltr'>gitationibus</span> <span class='ocrx_word' id='word_1_502' title='bbox 2406 2388 2919 2460; x_wconf 87' lang='lat' dir='ltr'>obstupescentes,</span> <span class='ocrx_word' id='word_1_503' title='bbox 2944 2388 3111 2459; x_wconf 90' lang='lat' dir='ltr'>quod</span> <span class='ocrx_word' id='word_1_504' title='bbox 3138 2388 3527 2461; x_wconf 89' lang='lat' dir='ltr'>antiquorum</span> <span class='ocrx_word' id='word_1_505' title='bbox 3550 2406 3650 2446; x_wconf 91' lang='lat' dir='ltr'>ne-</span> 
     </span>
    </p>
   </div>
   <div class='ocr_carea' id='block_1_72' title="bbox 1994 2478 3648 2552">
    <p class='ocr_par' dir='ltr' id='par_1_72' title="bbox 1994 2478 3648 2552">
     <span class='ocr_line' id='line_1_72' title="bbox 1994 2478 3648 2552; baseline -0.001 -17"><span class='ocrx_word' id='word_1_506' title='bbox 1994 2481 2116 2535; x_wconf 93' lang='lat' dir='ltr'>scio</span> <span class='ocrx_word' id='word_1_507' title='bbox 2165 2480 2302 2552; x_wconf 89' lang='lat' dir='ltr'>quis</span> <span class='ocrx_word' id='word_1_508' title='bbox 2338 2480 2589 2546; x_wconf 85' lang='lat' dir='ltr'>dixerat,</span> <span class='ocrx_word' id='word_1_509' title='bbox 2637 2478 2890 2547; x_wconf 88' lang='lat' dir='ltr'>dignum</span> <span class='ocrx_word' id='word_1_510' title='bbox 2933 2479 3187 2549; x_wconf 88' lang='lat' dir='ltr'>imperio</span> <span class='ocrx_word' id='word_1_511' title='bbox 3230 2478 3579 2549; x_wconf 89' lang='lat' dir='ltr'>judicarunt</span> <span class='ocrx_word' id='word_1_512' title='bbox 3634 2494 3648 2533; x_wconf 92' lang='lat'>:</span> 
     </span>
    </p>
   </div>
   <div class='ocr_carea' id='block_1_73' title="bbox 1993 2567 3651 2642">
    <p class='ocr_par' dir='ltr' id='par_1_73' title="bbox 1993 2567 3651 2642">
     <span class='ocr_line' id='line_1_73' title="bbox 1993 2567 3651 2642; baseline -0.001 -19"><span class='ocrx_word' id='word_1_513' title='bbox 1993 2568 2543 2642; x_wconf 79' lang='lat' dir='ltr'>paululumetenim</span> <span class='ocrx_word' id='word_1_514' title='bbox 2566 2584 2703 2623; x_wconf 91' lang='lat' dir='ltr'><strong>cum</strong></span> <span class='ocrx_word' id='word_1_515' title='bbox 2723 2583 2792 2622; x_wconf 90' lang='lat' dir='ltr'><strong>eo</strong></span> <span class='ocrx_word' id='word_1_516' title='bbox 2810 2568 3117 2637; x_wconf 84' lang='lat' dir='ltr'>congressi</span> <span class='ocrx_word' id='word_1_517' title='bbox 3140 2583 3212 2623; x_wconf 90' lang='lat' dir='ltr'><strong>ex</strong></span> <span class='ocrx_word' id='word_1_518' title='bbox 3232 2567 3468 2622; x_wconf 89' lang='lat' dir='ltr'>modico</span> <span class='ocrx_word' id='word_1_519' title='bbox 3491 2567 3651 2623; x_wconf 84' lang='lat' dir='ltr'>illius</span> 
     </span>
    </p>
   </div>
   <div class='ocr_carea' id='block_1_74' title="bbox 1994 2655 3654 2715">
    <p class='ocr_par' dir='ltr' id='par_1_74' title="bbox 1994 2655 3654 2715">
     <span class='ocr_line' id='line_1_74' title="bbox 1994 2655 3654 2715; baseline -0.001 -1"><span class='ocrx_word' id='word_1_520' title='bbox 1994 2658 2177 2715; x_wconf 81' lang='lat' dir='ltr'>eﬁ‘atu</span> <span class='ocrx_word' id='word_1_521' title='bbox 2209 2662 2554 2714; x_wconf 87' lang='lat' dir='ltr'>constantes</span> <span class='ocrx_word' id='word_1_522' title='bbox 2594 2672 2663 2712; x_wconf 89' lang='lat' dir='ltr'><strong>ac</strong></span> <span class='ocrx_word' id='word_1_523' title='bbox 2693 2655 2904 2711; x_wconf 89' lang='lat' dir='ltr'>ﬁrmos</span> <span class='ocrx_word' id='word_1_524' title='bbox 2936 2657 3200 2712; x_wconf 87' lang='lat' dir='ltr'>hominis</span> <span class='ocrx_word' id='word_1_525' title='bbox 3249 2673 3447 2713; x_wconf 90' lang='lat' dir='ltr'>mores</span> <span class='ocrx_word' id='word_1_526' title='bbox 3491 2673 3654 2713; x_wconf 91' lang='lat' dir='ltr'>asse-</span> 
     </span>
    </p>
   </div>
   <div class='ocr_carea' id='block_1_75' title="bbox 1996 2745 3654 2812">
    <p class='ocr_par' dir='ltr' id='par_1_75' title="bbox 1996 2745 3654 2812">
     <span class='ocr_line' id='line_1_75' title="bbox 1996 2745 3654 2812; baseline 0 -9"><span class='ocrx_word' id='word_1_527' title='bbox 1996 2749 2111 2803; x_wconf 88' lang='lat' dir='ltr'>cuti</span> <span class='ocrx_word' id='word_1_528' title='bbox 2141 2752 2300 2812; x_wconf 88' lang='lat' dir='ltr'>sunt,</span> <span class='ocrx_word' id='word_1_529' title='bbox 2329 2745 2486 2801; x_wconf 90' lang='lat' dir='ltr'>unde</span> <span class='ocrx_word' id='word_1_530' title='bbox 2508 2745 2662 2800; x_wconf 90' lang='lat' dir='ltr'>illius</span> <span class='ocrx_word' id='word_1_531' title='bbox 2685 2761 2745 2800; x_wconf 82' lang='lat' dir='ltr'><strong>in</strong></span> <span class='ocrx_word' id='word_1_532' title='bbox 2776 2751 2901 2800; x_wconf 91' lang='lat' dir='ltr'>arte</span> <span class='ocrx_word' id='word_1_533' title='bbox 2931 2746 3171 2801; x_wconf 87' lang='lat' dir='ltr'>militari</span> <span class='ocrx_word' id='word_1_534' title='bbox 3198 2747 3557 2802; x_wconf 85' lang='lat' dir='ltr'>industriam</span> <span class='ocrx_word' id='word_1_535' title='bbox 3596 2750 3654 2803; x_wconf 88' lang='lat' dir='ltr'><strong>et</strong></span> 
     </span>
    </p>
   </div>
   <div class='ocr_carea' id='block_1_76' title="bbox 1995 2834 3652 2904">
    <p class='ocr_par' dir='ltr' id='par_1_76' title="bbox 1995 2834 3652 2904">
     <span class='ocr_line' id='line_1_76' title="bbox 1995 2834 3652 2904; baseline -0.001 -11"><span class='ocrx_word' id='word_1_536' title='bbox 1995 2838 2057 2894; x_wconf 90' lang='lat' dir='ltr'><strong>in</strong></span> <span class='ocrx_word' id='word_1_537' title='bbox 2078 2836 2255 2892; x_wconf 90' lang='lat' dir='ltr'>rebus</span> <span class='ocrx_word' id='word_1_538' title='bbox 2277 2834 2502 2891; x_wconf 91' lang='lat' dir='ltr'>bellicis</span> <span class='ocrx_word' id='word_1_539' title='bbox 2538 2834 2950 2904; x_wconf 88' lang='lat' dir='ltr'>sagacitatem,</span> <span class='ocrx_word' id='word_1_540' title='bbox 2979 2850 3087 2890; x_wconf 90' lang='lat' dir='ltr'><strong>nec</strong></span> <span class='ocrx_word' id='word_1_541' title='bbox 3116 2850 3239 2891; x_wconf 89' lang='lat' dir='ltr'><strong>non</strong></span> <span class='ocrx_word' id='word_1_542' title='bbox 3260 2835 3321 2889; x_wconf 92' lang='lat' dir='ltr'><strong>in</strong></span> <span class='ocrx_word' id='word_1_543' title='bbox 3356 2834 3652 2892; x_wconf 89' lang='lat' dir='ltr'>conﬂicti-</span> 
     </span>
    </p>
   </div>
   <div class='ocr_carea' id='block_1_77' title="bbox 1996 2924 3654 2996">
    <p class='ocr_par' dir='ltr' id='par_1_77' title="bbox 1996 2924 3654 2996">
     <span class='ocr_line' id='line_1_77' title="bbox 1996 2924 3654 2996; baseline -0.001 -15"><span class='ocrx_word' id='word_1_544' title='bbox 1996 2926 2112 2981; x_wconf 91' lang='lat' dir='ltr'><strong>bus</strong></span> <span class='ocrx_word' id='word_1_545' title='bbox 2153 2924 2579 2996; x_wconf 86' lang='lat' dir='ltr'>experientiam</span> <span class='ocrx_word' id='word_1_546' title='bbox 2634 2931 3042 2995; x_wconf 89' lang='lat' dir='ltr'>opportunam</span> <span class='ocrx_word' id='word_1_547' title='bbox 3084 2924 3430 2995; x_wconf 90' lang='lat' dir='ltr'>conjectura</span> <span class='ocrx_word' id='word_1_548' title='bbox 3473 2926 3654 2981; x_wconf 89' lang='lat' dir='ltr'>etiam</span> 
     </span>
    </p>
   </div>
   <div class='ocr_carea' id='block_1_78' title="bbox 1996 3012 3654 3087">
    <p class='ocr_par' dir='ltr' id='par_1_78' title="bbox 1996 3012 3654 3087">
     <span class='ocr_line' id='line_1_78' title="bbox 1996 3012 3654 3087; baseline 0 -18"><span class='ocrx_word' id='word_1_549' title='bbox 1996 3030 2378 3087; x_wconf 81' lang='lat' dir='ltr'>prospexere.</span> <span class='ocrx_word' id='word_1_550' title='bbox 2412 3014 2591 3084; x_wconf 84' lang='lat' dir='ltr'>igitur</span> <span class='ocrx_word' id='word_1_551' title='bbox 2613 3028 2722 3085; x_wconf 92' lang='lat' dir='ltr'><strong>pro</strong></span> <span class='ocrx_word' id='word_1_552' title='bbox 2740 3018 2915 3084; x_wconf 89' lang='lat' dir='ltr'>rapta</span> <span class='ocrx_word' id='word_1_553' title='bbox 2939 3012 3301 3085; x_wconf 88' lang='lat' dir='ltr'>supellectile</span> <span class='ocrx_word' id='word_1_554' title='bbox 3327 3014 3654 3086; x_wconf 90' lang='lat' dir='ltr'>divisisque</span> 
     </span>
    </p>
   </div>
   <div class='ocr_carea' id='block_1_79' title="bbox 1996 3101 3657 3174">
    <p class='ocr_par' dir='ltr' id='par_1_79' title="bbox 1996 3101 3657 3174">
     <span class='ocr_line' id='line_1_79' title="bbox 1996 3101 3657 3174; baseline -0.001 -14"><span class='ocrx_word' id='word_1_555' title='bbox 1996 3104 2240 3160; x_wconf 88' lang='lat' dir='ltr'>famulis</span> <span class='ocrx_word' id='word_1_556' title='bbox 2272 3103 2696 3174; x_wconf 90' lang='lat' dir='ltr'>recuperandis</span> <span class='ocrx_word' id='word_1_557' title='bbox 2717 3101 2962 3170; x_wconf 91' lang='lat' dir='ltr'>litteras,</span> <span class='ocrx_word' id='word_1_558' title='bbox 2993 3105 3100 3158; x_wconf 88' lang='lat' dir='ltr'>etsi</span> <span class='ocrx_word' id='word_1_559' title='bbox 3122 3102 3358 3167; x_wconf 81' lang='lat' dir='ltr'>frustra,</span> <span class='ocrx_word' id='word_1_560' title='bbox 3384 3103 3657 3160; x_wconf 89' lang='lat' dir='ltr'>sultanus</span> 
     </span>
    </p>
   </div>
   <div class='ocr_carea' id='block_1_80' title="bbox 1997 3190 3657 3264">
    <p class='ocr_par' dir='ltr' id='par_1_80' title="bbox 1997 3190 3657 3264">
     <span class='ocr_line' id='line_1_80' title="bbox 1997 3190 3657 3264; baseline 0.001 -17"><span class='ocrx_word' id='word_1_561' title='bbox 1997 3193 2263 3260; x_wconf 90' lang='lat' dir='ltr'>dederat,</span> <span class='ocrx_word' id='word_1_562' title='bbox 2296 3198 2360 3247; x_wconf 91' lang='lat' dir='ltr'><strong>ut</strong></span> <span class='ocrx_word' id='word_1_563' title='bbox 2388 3192 2594 3247; x_wconf 90' lang='lat' dir='ltr'>omnia</span> <span class='ocrx_word' id='word_1_564' title='bbox 2621 3190 2682 3245; x_wconf 90' lang='lat' dir='ltr'><strong>in</strong></span> <span class='ocrx_word' id='word_1_565' title='bbox 2710 3207 2899 3246; x_wconf 86' lang='lat' dir='ltr'>unum</span> <span class='ocrx_word' id='word_1_566' title='bbox 2928 3191 3240 3248; x_wconf 88' lang='lat' dir='ltr'>recollecta</span> <span class='ocrx_word' id='word_1_567' title='bbox 3269 3192 3383 3264; x_wconf 83' lang='lat' dir='ltr'>ipsi</span> <span class='ocrx_word' id='word_1_568' title='bbox 3404 3194 3657 3250; x_wconf 89' lang='lat' dir='ltr'>remitte-</span> 
     </span>
    </p>
   </div>
   <div class='ocr_carea' id='block_1_81' title="bbox 1998 3280 3659 3341">
    <p class='ocr_par' dir='ltr' id='par_1_81' title="bbox 1998 3280 3659 3341">
     <span class='ocr_line' id='line_1_81' title="bbox 1998 3280 3659 3341; baseline -0.001 -1"><span class='ocrx_word' id='word_1_569' title='bbox 1998 3288 2219 3341; x_wconf 89' lang='lat' dir='ltr'>rentur.</span> <span class='ocrx_word' id='word_1_570' title='bbox 2242 3284 2455 3336; x_wconf 87' lang='lat' dir='ltr'>Verum</span> <span class='ocrx_word' id='word_1_571' title='bbox 2480 3280 2693 3335; x_wconf 88' lang='lat' dir='ltr'>cumin</span> <span class='ocrx_word' id='word_1_572' title='bbox 2708 3280 3331 3337; x_wconf 88' lang='lat' dir='ltr'>extremodiscrimine</span> <span class='ocrx_word' id='word_1_573' title='bbox 3347 3298 3441 3336; x_wconf 89' lang='lat' dir='ltr'><strong>res</strong></span> <span class='ocrx_word' id='word_1_574' title='bbox 3467 3282 3659 3339; x_wconf 89' lang='lat' dir='ltr'>belica</span> 
     </span>
    </p>
   </div>
   <div class='ocr_carea' id='block_1_82' title="bbox 1998 3369 3659 3444">
    <p class='ocr_par' dir='ltr' id='par_1_82' title="bbox 1998 3369 3659 3444">
     <span class='ocr_line' id='line_1_82' title="bbox 1998 3369 3659 3444; baseline 0 -16"><span class='ocrx_word' id='word_1_575' title='bbox 1998 3378 2072 3438; x_wconf 89' lang='lat' dir='ltr'><strong>et,</strong></span> <span class='ocrx_word' id='word_1_576' title='bbox 2110 3371 2276 3444; x_wconf 92' lang='lat' dir='ltr'>quod</span> <span class='ocrx_word' id='word_1_577' title='bbox 2321 3371 2504 3433; x_wconf 89' lang='lat' dir='ltr'>aiunt,</span> <span class='ocrx_word' id='word_1_578' title='bbox 2543 3369 2602 3425; x_wconf 92' lang='lat' dir='ltr'><strong>in</strong></span> <span class='ocrx_word' id='word_1_579' title='bbox 2645 3369 2960 3426; x_wconf 80' lang='lat' dir='ltr'>novaculae</span> <span class='ocrx_word' id='word_1_580' title='bbox 2995 3370 3122 3426; x_wconf 89' lang='lat' dir='ltr'>acie</span> <span class='ocrx_word' id='word_1_581' title='bbox 3175 3376 3507 3427; x_wconf 87' lang='lat' dir='ltr'>versaretur</span> <span class='ocrx_word' id='word_1_582' title='bbox 3535 3374 3659 3439; x_wconf 84' lang='lat' dir='ltr'><strong>(Ta-</strong></span> 
     </span>
    </p>
   </div>
   <div class='ocr_carea' id='block_1_83' title="bbox 1999 3458 3659 3533">
    <p class='ocr_par' dir='ltr' id='par_1_83' title="bbox 1999 3458 3659 3533">
     <span class='ocr_line' id='line_1_83' title="bbox 1999 3458 3659 3533; baseline 0.001 -16"><span class='ocrx_word' id='word_1_583' title='bbox 1999 3462 2184 3518; x_wconf 89' lang='lat' dir='ltr'>charii</span> <span class='ocrx_word' id='word_1_584' title='bbox 2203 3460 2428 3533; x_wconf 86' lang='lat' dir='ltr'>quippe</span> <span class='ocrx_word' id='word_1_585' title='bbox 2450 3458 2807 3532; x_wconf 91' lang='lat' dir='ltr'>plerumque</span> <span class='ocrx_word' id='word_1_586' title='bbox 2830 3459 3272 3517; x_wconf 70' lang='lat' dir='ltr'>Musulmanicaa</span> <span class='ocrx_word' id='word_1_587' title='bbox 3293 3460 3534 3517; x_wconf 91' lang='lat' dir='ltr'>ditionis</span> <span class='ocrx_word' id='word_1_588' title='bbox 3564 3478 3659 3518; x_wconf 87' lang='lat' dir='ltr'>oc-</span> 
     </span>
    </p>
   </div>
   <div class='ocr_carea' id='block_1_84' title="bbox 2000 3548 3661 3621">
    <p class='ocr_par' dir='ltr' id='par_1_84' title="bbox 2000 3548 3661 3621">
     <span class='ocr_line' id='line_1_84' title="bbox 2000 3548 3661 3621; baseline 0.001 -15"><span class='ocrx_word' id='word_1_589' title='bbox 2000 3554 2289 3621; x_wconf 89' lang='lat' dir='ltr'>cupatum</span> <span class='ocrx_word' id='word_1_590' title='bbox 2340 3548 2747 3619; x_wconf 87' lang='lat' dir='ltr'>expilaverant</span> <span class='ocrx_word' id='word_1_591' title='bbox 2777 3553 2833 3603; x_wconf 92' lang='lat' dir='ltr'><strong>et</strong></span> <span class='ocrx_word' id='word_1_592' title='bbox 2862 3548 3027 3621; x_wconf 87' lang='lat' dir='ltr'>apud</span> <span class='ocrx_word' id='word_1_593' title='bbox 3053 3555 3249 3605; x_wconf 81' lang='lat' dir='ltr'>Axara</span> <span class='ocrx_word' id='word_1_594' title='bbox 3278 3554 3475 3606; x_wconf 88' lang='lat' dir='ltr'>castra</span> <span class='ocrx_word' id='word_1_595' title='bbox 3502 3550 3661 3608; x_wconf 90' lang='lat' dir='ltr'>loca-</span> 
     </span>
    </p>
   </div>
   <div class='ocr_carea' id='block_1_85' title="bbox 2000 3636 3663 3713">
    <p class='ocr_par' dir='ltr' id='par_1_85' title="bbox 2000 3636 3663 3713">
     <span class='ocr_line' id='line_1_85' title="bbox 2000 3636 3663 3713; baseline 0.001 -18"><span class='ocrx_word' id='word_1_596' title='bbox 2000 3644 2251 3709; x_wconf 84' lang='lat' dir='ltr'>verant),</span> <span class='ocrx_word' id='word_1_597' title='bbox 2300 3636 2762 3710; x_wconf 89' lang='lat' dir='ltr'>impellenteque</span> <span class='ocrx_word' id='word_1_598' title='bbox 2808 3638 3159 3693; x_wconf 88' lang='lat' dir='ltr'>necessitate</span> <span class='ocrx_word' id='word_1_599' title='bbox 3200 3642 3387 3694; x_wconf 73' lang='lat' dir='ltr'>Persze</span> <span class='ocrx_word' id='word_1_600' title='bbox 3439 3640 3517 3695; x_wconf 93' lang='lat' dir='ltr'><strong>ad</strong></span> <span class='ocrx_word' id='word_1_601' title='bbox 3555 3657 3663 3713; x_wconf 89' lang='lat' dir='ltr'>pu-</span> 
     </span>
    </p>
   </div>
   <div class='ocr_carea' id='block_1_86' title="bbox 2002 3727 3664 3801">
    <p class='ocr_par' dir='ltr' id='par_1_86' title="bbox 2002 3727 3664 3801">
     <span class='ocr_line' id='line_1_86' title="bbox 2002 3727 3664 3801; baseline 0 -16"><span class='ocrx_word' id='word_1_602' title='bbox 2002 3745 2185 3801; x_wconf 89' lang='lat' dir='ltr'>gnam</span> <span class='ocrx_word' id='word_1_603' title='bbox 2205 3745 2344 3784; x_wconf 90' lang='lat' dir='ltr'><strong>cum</strong></span> <span class='ocrx_word' id='word_1_604' title='bbox 2366 3728 2667 3784; x_wconf 90' lang='lat' dir='ltr'>Tachariis</span> <span class='ocrx_word' id='word_1_605' title='bbox 2689 3727 3147 3784; x_wconf 87' lang='lat' dir='ltr'>instaurandam</span> <span class='ocrx_word' id='word_1_606' title='bbox 3167 3735 3538 3798; x_wconf 88' lang='lat' dir='ltr'>urgerentur,</span> <span class='ocrx_word' id='word_1_607' title='bbox 3568 3729 3664 3785; x_wconf 84' lang='lat' dir='ltr'><strong>Mi-</strong></span> 
     </span>
    </p>
   </div>
   <div class='ocr_carea' id='block_1_87' title="bbox 2002 3818 3663 3892">
    <p class='ocr_par' dir='ltr' id='par_1_87' title="bbox 2002 3818 3663 3892">
     <span class='ocr_line' id='line_1_87' title="bbox 2002 3818 3663 3892; baseline 0 -17"><span class='ocrx_word' id='word_1_608' title='bbox 2002 3818 2272 3876; x_wconf 88' lang='lat' dir='ltr'>chaelem</span> <span class='ocrx_word' id='word_1_609' title='bbox 2296 3821 2670 3875; x_wconf 91' lang='lat' dir='ltr'>Comnenum</span> <span class='ocrx_word' id='word_1_610' title='bbox 2702 3818 3046 3873; x_wconf 89' lang='lat' dir='ltr'>Christianis</span> <span class='ocrx_word' id='word_1_611' title='bbox 3076 3819 3424 3874; x_wconf 88' lang='lat' dir='ltr'>cohortibus</span> <span class='ocrx_word' id='word_1_612' title='bbox 3450 3819 3663 3892; x_wconf 66' lang='lat' dir='ltr'>praesi-</span> 
     </span>
    </p>
   </div>
   <div class='ocr_carea' id='block_1_88' title="bbox 2002 3906 3667 3967">
    <p class='ocr_par' dir='ltr' id='par_1_88' title="bbox 2002 3906 3667 3967">
     <span class='ocr_line' id='line_1_88' title="bbox 2002 3906 3667 3967; baseline 0.001 -2"><span class='ocrx_word' id='word_1_613' title='bbox 2002 3909 2141 3965; x_wconf 91' lang='lat' dir='ltr'>dere</span> <span class='ocrx_word' id='word_1_614' title='bbox 2180 3908 2517 3965; x_wconf 90' lang='lat' dir='ltr'>decrevere.</span> <span class='ocrx_word' id='word_1_615' title='bbox 2567 3906 2665 3963; x_wconf 87' lang='lat' dir='ltr'>Ille</span> <span class='ocrx_word' id='word_1_616' title='bbox 2718 3907 2969 3962; x_wconf 86' lang='lat' dir='ltr'>extorris</span> <span class='ocrx_word' id='word_1_617' title='bbox 3023 3912 3080 3962; x_wconf 90' lang='lat' dir='ltr'><strong>et</strong></span> <span class='ocrx_word' id='word_1_618' title='bbox 3135 3907 3196 3962; x_wconf 92' lang='lat' dir='ltr'><strong>in</strong></span> <span class='ocrx_word' id='word_1_619' title='bbox 3256 3907 3452 3964; x_wconf 89' lang='lat' dir='ltr'>aliena</span> <span class='ocrx_word' id='word_1_620' title='bbox 3508 3913 3667 3967; x_wconf 91' lang='lat' dir='ltr'>terra</span> 
     </span>
    </p>
   </div>
   <div class='ocr_carea' id='block_1_89' title="bbox 2001 3996 3667 4055">
    <p class='ocr_par' dir='ltr' id='par_1_89' title="bbox 2001 3996 3667 4055">
     <span class='ocr_line' id='line_1_89' title="bbox 2001 3996 3667 4055; baseline -0.001 0"><span class='ocrx_word' id='word_1_621' title='bbox 2001 3998 2290 4055; x_wconf 87' lang='lat' dir='ltr'>oberrans</span> <span class='ocrx_word' id='word_1_622' title='bbox 2320 3996 2541 4053; x_wconf 81' lang='lat' dir='ltr'>auxilio</span> <span class='ocrx_word' id='word_1_623' title='bbox 2573 4012 2683 4051; x_wconf 92' lang='lat' dir='ltr'><strong>suo</strong></span> <span class='ocrx_word' id='word_1_624' title='bbox 2727 3996 3118 4053; x_wconf 85' lang='lat' dir='ltr'>Musulmanis</span> <span class='ocrx_word' id='word_1_625' title='bbox 3152 3997 3467 4053; x_wconf 87' lang='lat' dir='ltr'>subvenire</span> <span class='ocrx_word' id='word_1_626' title='bbox 3499 3999 3667 4055; x_wconf 84' lang='lat' dir='ltr'>nefas</span> 
     </span>
    </p>
   </div>
   <div class='ocr_carea' id='block_1_90' title="bbox 2004 4084 3669 4159">
    <p class='ocr_par' dir='ltr' id='par_1_90' title="bbox 2004 4084 3669 4159">
     <span class='ocr_line' id='line_1_90' title="bbox 2004 4084 3669 4159; baseline 0 -15"><span class='ocrx_word' id='word_1_627' title='bbox 2004 4104 2132 4145; x_wconf 89' lang='lat' dir='ltr'>esse</span> <span class='ocrx_word' id='word_1_628' title='bbox 2157 4085 2436 4157; x_wconf 88' lang='lat' dir='ltr'>ducebat,</span> <span class='ocrx_word' id='word_1_629' title='bbox 2485 4102 2558 4141; x_wconf 91' lang='lat' dir='ltr'><strong>ne</strong></span> <span class='ocrx_word' id='word_1_630' title='bbox 2582 4087 2732 4142; x_wconf 92' lang='lat' dir='ltr'>inter</span> <span class='ocrx_word' id='word_1_631' title='bbox 2751 4084 3176 4159; x_wconf 85' lang='lat' dir='ltr'>pugnandum,</span> <span class='ocrx_word' id='word_1_632' title='bbox 3209 4091 3270 4142; x_wconf 91' lang='lat' dir='ltr'><strong>ut</strong></span> <span class='ocrx_word' id='word_1_633' title='bbox 3299 4087 3398 4143; x_wconf 92' lang='lat' dir='ltr'>ille</span> <span class='ocrx_word' id='word_1_634' title='bbox 3428 4104 3669 4145; x_wconf 85' lang='lat' dir='ltr'>asseve-</span> 
     </span>
    </p>
   </div>
   <div class='ocr_carea' id='block_1_91' title="bbox 2002 4174 3668 4248">
    <p class='ocr_par' dir='ltr' id='par_1_91' title="bbox 2002 4174 3668 4248">
     <span class='ocr_line' id='line_1_91' title="bbox 2002 4174 3668 4248; baseline 0 -15"><span class='ocrx_word' id='word_1_635' title='bbox 2002 4177 2199 4246; x_wconf 90' lang='lat' dir='ltr'>rabat,</span> <span class='ocrx_word' id='word_1_636' title='bbox 2224 4176 2462 4248; x_wconf 89' lang='lat' dir='ltr'>piorum</span> <span class='ocrx_word' id='word_1_637' title='bbox 2484 4174 2649 4248; x_wconf 68' lang='grc'><strong>147</strong></span> <span class='ocrx_word' id='word_1_638' title='bbox 2676 4176 2922 4245; x_wconf 90' lang='lat' dir='ltr'>sanguis</span> <span class='ocrx_word' id='word_1_639' title='bbox 2938 4175 3136 4248; x_wconf 90' lang='lat' dir='ltr'>impiis</span> <span class='ocrx_word' id='word_1_640' title='bbox 3150 4193 3220 4232; x_wconf 89' lang='lat' dir='ltr'><strong>ac</strong></span> <span class='ocrx_word' id='word_1_641' title='bbox 3243 4177 3668 4233; x_wconf 89' lang='lat' dir='ltr'>consceleratis</span> 
     </span>
    </p>
   </div>
   <div class='ocr_carea' id='block_1_92' title="bbox 2006 4265 3670 4339">
    <p class='ocr_par' dir='ltr' id='par_1_92' title="bbox 2006 4265 3670 4339">
     <span class='ocr_line' id='line_1_92' title="bbox 2006 4265 3670 4339; baseline 0.001 -16"><span class='ocrx_word' id='word_1_642' title='bbox 2006 4266 2405 4336; x_wconf 89' lang='lat' dir='ltr'>sanguinibus</span> <span class='ocrx_word' id='word_1_643' title='bbox 2443 4267 2901 4322; x_wconf 63' lang='lat' dir='ltr'>immisceretur.</span> <span class='ocrx_word' id='word_1_644' title='bbox 2948 4265 3061 4321; x_wconf 89' lang='lat' dir='ltr'>Sed</span> <span class='ocrx_word' id='word_1_645' title='bbox 3097 4266 3263 4323; x_wconf 89' lang='lat' dir='ltr'>enim</span> <span class='ocrx_word' id='word_1_646' title='bbox 3294 4266 3499 4323; x_wconf 91' lang='lat' dir='ltr'>divino</span> <span class='ocrx_word' id='word_1_647' title='bbox 3520 4284 3670 4339; x_wconf 72' lang='lat' dir='ltr'>prte-</span> 
     </span>
    </p>
   </div>
   <div class='ocr_carea' id='block_1_93' title="bbox 2008 4353 3670 4427">
    <p class='ocr_par' dir='ltr' id='par_1_93' title="bbox 2008 4353 3670 4427">
     <span class='ocr_line' id='line_1_93' title="bbox 2008 4353 3670 4427; baseline 0.001 -17"><span class='ocrx_word' id='word_1_648' title='bbox 2008 4355 2160 4411; x_wconf 90' lang='lat' dir='ltr'>sidio</span> <span class='ocrx_word' id='word_1_649' title='bbox 2179 4353 2381 4418; x_wconf 83' lang='lat' dir='ltr'>fretus,</span> <span class='ocrx_word' id='word_1_650' title='bbox 2397 4358 2707 4409; x_wconf 89' lang='lat' dir='ltr'>etmentem</span> <span class='ocrx_word' id='word_1_651' title='bbox 2723 4353 2979 4409; x_wconf 92' lang='lat' dir='ltr'>induens</span> <span class='ocrx_word' id='word_1_652' title='bbox 2994 4369 3370 4423; x_wconf 91' lang='lat' dir='ltr'>generosam,</span> <span class='ocrx_word' id='word_1_653' title='bbox 3396 4370 3670 4427; x_wconf 88' lang='lat' dir='ltr'>pugnam</span> 
     </span>
    </p>
   </div>
   <div class='ocr_carea' id='block_1_94' title="bbox 2006 4442 3671 4516">
    <p class='ocr_par' dir='ltr' id='par_1_94' title="bbox 2006 4442 3671 4516">
     <span class='ocr_line' id='line_1_94' title="bbox 2006 4442 3671 4516; baseline -0.001 -15"><span class='ocrx_word' id='word_1_654' title='bbox 2006 4444 2339 4501; x_wconf 89' lang='lat' dir='ltr'>committit.</span> <span class='ocrx_word' id='word_1_655' title='bbox 2362 4447 2501 4498; x_wconf 86' lang='lat' dir='ltr'>Pars</span> <span class='ocrx_word' id='word_1_656' title='bbox 2521 4444 2721 4516; x_wconf 89' lang='lat' dir='ltr'>itaque</span> <span class='ocrx_word' id='word_1_657' title='bbox 2748 4442 3060 4512; x_wconf 85' lang='lat' dir='ltr'>exercitus,</span> <span class='ocrx_word' id='word_1_658' title='bbox 3081 4458 3217 4515; x_wconf 50' lang='lat' dir='ltr'>quae</span> <span class='ocrx_word' id='word_1_659' title='bbox 3239 4443 3358 4499; x_wconf 84' lang='lat' dir='ltr'><strong>sub</strong></span> <span class='ocrx_word' id='word_1_660' title='bbox 3390 4444 3671 4500; x_wconf 85' lang='lat' dir='ltr'>Michaele</span> 
     </span>
    </p>
   </div>
   <div class='ocr_carea' id='block_1_95' title="bbox 2008 4532 3672 4599">
    <p class='ocr_par' dir='ltr' id='par_1_95' title="bbox 2008 4532 3672 4599">
     <span class='ocr_line' id='line_1_95' title="bbox 2008 4532 3672 4599; baseline -0.001 -7"><span class='ocrx_word' id='word_1_661' title='bbox 2008 4538 2313 4592; x_wconf 89' lang='lat' dir='ltr'>Comneno</span> <span class='ocrx_word' id='word_1_662' title='bbox 2347 4549 2518 4590; x_wconf 90' lang='lat' dir='ltr'>armo</span> <span class='ocrx_word' id='word_1_663' title='bbox 2550 4533 2853 4599; x_wconf 88' lang='lat' dir='ltr'>movebat,</span> <span class='ocrx_word' id='word_1_664' title='bbox 2887 4532 3172 4588; x_wconf 79' lang='lat' dir='ltr'>adversos</span> <span class='ocrx_word' id='word_1_665' title='bbox 3205 4532 3318 4588; x_wconf 90' lang='lat' dir='ltr'>sibi</span> <span class='ocrx_word' id='word_1_666' title='bbox 3347 4534 3672 4590; x_wconf 89' lang='lat' dir='ltr'>Tacharios</span> 
     </span>
    </p>
   </div>
   <div class='ocr_carea' id='block_1_96' title="bbox 288 4617 3671 4698">
    <p class='ocr_par' dir='ltr' id='par_1_96' title="bbox 288 4617 3671 4698">
     <span class='ocr_line' id='line_1_96' title="bbox 288 4617 3671 4698; baseline 0 -22"><span class='ocrx_word' id='word_1_667' title='bbox 288 4643 375 4698; x_wconf 81' lang='grc' dir='ltr'><strong>τες</strong></span> <span class='ocrx_word' id='word_1_668' title='bbox 420 4626 483 4675; x_wconf 87' lang='grc' dir='ltr'><strong>τά</strong></span> <span class='ocrx_word' id='word_1_669' title='bbox 531 4622 691 4675; x_wconf 71' lang='grc' dir='ltr'><strong>αὐτοῦ</strong></span> <span class='ocrx_word' id='word_1_670' title='bbox 760 4617 1142 4695; x_wconf 76' lang='grc' dir='ltr'><strong>διηρπάκασιν.</strong></span> <span class='ocrx_word' id='word_1_671' title='bbox 1219 4623 1382 4683; x_wconf 76' lang='grc' dir='ltr'><strong>Οὗτος</strong></span> <span class='ocrx_word' id='word_1_672' title='bbox 1457 4619 1516 4674; x_wconf 77' lang='grc' dir='ltr'><strong>δε</strong></span> <span class='ocrx_word' id='word_1_673' title='bbox 1555 4697 1559 4698; x_wconf 13' lang='lat'><em>7</em></span> <span class='ocrx_word' id='word_1_674' title='bbox 1600 4627 1769 4698; x_wconf 61' lang='grc' dir='ltr'><strong>μόγιςΔ</strong></span> <span class='ocrx_word' id='word_1_675' title='bbox 1831 4620 2122 4698; x_wconf 71' lang='grc' dir='ltr'><strong>διεκφυγὼν</strong></span> <span class='ocrx_word' id='word_1_676' title='bbox 2169 4627 2392 4698; x_wconf 8' lang='grc' dir='ltr'><strong>,γυμνὸς</strong></span> <span class='ocrx_word' id='word_1_677' title='bbox 2475 4627 2593 4698; x_wconf 80' lang='grc' dir='ltr'><strong>περὶ</strong></span> <span class='ocrx_word' id='word_1_678' title='bbox 2674 4625 2762 4698; x_wconf 70' lang='grc' dir='ltr'><strong>τόν</strong></span> <span class='ocrx_word' id='word_1_679' title='bbox 2847 4624 3166 4698; x_wconf 71' lang='grc' dir='ltr'><strong>ῌερσάρχην</strong></span> <span class='ocrx_word' id='word_1_680' title='bbox 3220 4620 3444 4698; x_wconf 75' lang='grc' dir='ltr'><strong>ἀφίκετο.</strong></span> <span class='ocrx_word' id='word_1_681' title='bbox 3502 4621 3563 4698; x_wconf 73' lang='grc' dir='ltr'><strong>Ὀ</strong></span> <span class='ocrx_word' id='word_1_682' title='bbox 3612 4620 3671 4677; x_wconf 72' lang='grc' dir='ltr'><strong>δε</strong></span> 
     </span>
    </p>
   </div>
   <div class='ocr_carea' id='block_1_97' title="bbox 291 4692 3667 4767">
    <p class='ocr_par' dir='ltr' id='par_1_97' title="bbox 291 4692 3667 4767">
     <span class='ocr_line' id='line_1_97' title="bbox 291 4692 3667 4767; baseline -0 -20"><span class='ocrx_word' id='word_1_683' title='bbox 291 4696 529 4767; x_wconf 75' lang='grc' dir='ltr'><strong>ἀσμένως</strong></span> <span class='ocrx_word' id='word_1_684' title='bbox 586 4702 768 4746; x_wconf 82' lang='grc' dir='ltr'><strong>τοῦτον</strong></span> <span class='ocrx_word' id='word_1_685' title='bbox 830 4692 1156 4767; x_wconf 77' lang='grc' dir='ltr'><strong>προσήκατο,</strong></span> <span class='ocrx_word' id='word_1_686' title='bbox 1217 4700 1307 4745; x_wconf 83' lang='grc' dir='ltr'><strong>καὶ</strong></span> <span class='ocrx_word' id='word_1_687' title='bbox 1374 4692 2075 4766; x_wconf 41' lang='grc' dir='ltr'><strong>γραφαὶ⁷στέλλονταίῖνα</strong></span> <span class='ocrx_word' id='word_1_688' title='bbox 2126 4692 2588 4766; x_wconf 37' lang='grc' dir='ltr'><strong>τίκ-ἐσκυλευμένα</strong></span> <span class='ocrx_word' id='word_1_689' title='bbox 2670 4693 2722 4757; x_wconf 83' lang='grc' dir='ltr'><strong>ἐξ</strong></span> <span class='ocrx_word' id='word_1_690' title='bbox 2797 4692 2958 4745; x_wconf 67' lang='grc' dir='ltr'><strong>αὐτοῦ</strong></span> <span class='ocrx_word' id='word_1_691' title='bbox 3026 4692 3422 4767; x_wconf 72' lang='grc' dir='ltr'><strong>ἐπικομισθεῖεν</strong></span> <span class='ocrx_word' id='word_1_692' title='bbox 3504 4695 3667 4765; x_wconf 68' lang='grc' dir='ltr'><strong>αὐτῷ.</strong></span> 
     </span>
    </p>
   </div>
   <div class='ocr_carea' id='block_1_98' title="bbox 292 4762 3671 4839">
    <p class='ocr_par' dir='ltr' id='par_1_98' title="bbox 292 4762 3671 4839">
     <span class='ocr_line' id='line_1_98' title="bbox 292 4762 3671 4839; baseline -0 -19"><span class='ocrx_word' id='word_1_693' title='bbox 292 4762 434 4821; x_wconf 76' lang='grc' dir='ltr'><strong>Ἐπεὶ</strong></span> <span class='ocrx_word' id='word_1_694' title='bbox 494 4762 545 4819; x_wconf 86' lang='grc' dir='ltr'><strong>δ’</strong></span> <span class='ocrx_word' id='word_1_695' title='bbox 602 4768 651 4817; x_wconf 86' lang='grc' dir='ltr'><strong>οἱ</strong></span> <span class='ocrx_word' id='word_1_696' title='bbox 706 4762 971 4839; x_wconf 15' lang='grc' dir='ltr'><strong>Ταχάρᾷιοι</strong></span> <span class='ocrx_word' id='word_1_697' title='bbox 1038 4769 1103 4818; x_wconf 80' lang='grc' dir='ltr'><strong>τὰ</strong></span> <span class='ocrx_word' id='word_1_698' title='bbox 1163 4765 1321 4819; x_wconf 87' lang='grc' dir='ltr'><strong>πλείω</strong></span> <span class='ocrx_word' id='word_1_699' title='bbox 1383 4762 1503 4817; x_wconf 62' lang='grc' dir='ltr'><strong>’τῶν</strong></span> <span class='ocrx_word' id='word_1_700' title='bbox 1560 4767 1981 4839; x_wconf 80' lang='grc' dir='ltr'><strong>Μουσουλμάνων</strong></span> <span class='ocrx_word' id='word_1_701' title='bbox 2050 4766 2313 4839; x_wconf 76' lang='grc' dir='ltr'><strong>ἐληίζοντο</strong></span> <span class='ocrx_word' id='word_1_702' title='bbox 2389 4762 2479 4817; x_wconf 78' lang='grc' dir='ltr'><strong>καὶ</strong></span> <span class='ocrx_word' id='word_1_703' title='bbox 2560 4770 2677 4839; x_wconf 83' lang='grc' dir='ltr'><strong>περὶ</strong></span> <span class='ocrx_word' id='word_1_704' title='bbox 2731 4767 2797 4816; x_wconf 80' lang='grc' dir='ltr'><strong>τὰ</strong></span> <span class='ocrx_word' id='word_1_705' title='bbox 2842 4764 3047 4839; x_wconf 69' lang='grc' dir='ltr'><strong>’Ἄξαρα</strong></span> <span class='ocrx_word' id='word_1_706' title='bbox 3103 4762 3671 4839; x_wconf 57' lang='grc' dir='ltr'><strong>ἐστρατοπεδεύσαντο,</strong></span> 
     </span>
    </p>
   </div>
   <div class='ocr_carea' id='block_1_99' title="bbox 292 4834 3672 4913">
    <p class='ocr_par' dir='ltr' id='par_1_99' title="bbox 292 4834 3672 4913">
     <span class='ocr_line' id='line_1_99' title="bbox 292 4834 3672 4913; baseline 0 -22"><span class='ocrx_word' id='word_1_707' title='bbox 292 4841 317 4891; x_wconf 90' lang='grc' dir='ltr'><strong>ό</strong></span> <span class='ocrx_word' id='word_1_708' title='bbox 376 4842 640 4911; x_wconf 76' lang='grc' dir='ltr'><strong>Κομνηνὸς</strong></span> <span class='ocrx_word' id='word_1_709' title='bbox 696 4834 920 4913; x_wconf 69' lang='grc' dir='ltr'><strong>Μιχαὴλ</strong></span> <span class='ocrx_word' id='word_1_710' title='bbox 994 4842 1081 4895; x_wconf 77' lang='grc' dir='ltr'><strong>την</strong></span> <span class='ocrx_word' id='word_1_711' title='bbox 1158 4839 1437 4910; x_wconf 76' lang='grc' dir='ltr'><strong>ἡγεμονίαν</strong></span> <span class='ocrx_word' id='word_1_712' title='bbox 1509 4846 1607 4889; x_wconf 89' lang='grc' dir='ltr'><strong>τῶν</strong></span> <span class='ocrx_word' id='word_1_713' title='bbox 1676 4834 1973 4911; x_wconf 76' lang='grc' dir='ltr'><strong>Ῥωμάίκῶν</strong></span> <span class='ocrx_word' id='word_1_714' title='bbox 2051 4834 2262 4910; x_wconf 79' lang='grc' dir='ltr'><strong>εἰληφὼς</strong></span> <span class='ocrx_word' id='word_1_715' title='bbox 2340 4834 2632 4913; x_wconf 66' lang='grc' dir='ltr'><strong>στρατιῶν’</strong></span> <span class='ocrx_word' id='word_1_716' title='bbox 2681 4841 2769 4889; x_wconf 81' lang='grc' dir='ltr'><strong>καὶ</strong></span> <span class='ocrx_word' id='word_1_717' title='bbox 2852 4834 3043 4911; x_wconf 76' lang='grc' dir='ltr'><strong>χάρίτι</strong></span> <span class='ocrx_word' id='word_1_718' title='bbox 3131 4834 3246 4913; x_wconf 62' lang='grc' dir='ltr'><strong>θείᾳ</strong></span> <span class='ocrx_word' id='word_1_719' title='bbox 3321 4834 3672 4912; x_wconf 71' lang='grc' dir='ltr'><strong>ἀναρρωσθεὶς</strong></span> 
     </span>
    </p>
   </div>
   <div class='ocr_carea' id='block_1_100' title="bbox 288 4858 3676 4984">
    <p class='ocr_par' dir='ltr' id='par_1_100' title="bbox 288 4858 3676 4984">
     <span class='ocr_line' id='line_1_100' title="bbox 292 4858 3672 4913; baseline 0 -22"><span class='ocrx_word' id='word_1_720' title='bbox 292 4859 317 4891; x_wconf 89' lang='grc' dir='ltr'><strong>ο</strong></span> <span class='ocrx_word' id='word_1_721' title='bbox 376 4858 640 4911; x_wconf 69' lang='grc' dir='ltr'><strong>ιομνηνος</strong></span> <span class='ocrx_word' id='word_1_722' title='bbox 697 4858 791 4890; x_wconf 69' lang='grc' dir='ltr'><strong>ΠΙΓ</strong></span> <span class='ocrx_word' id='word_1_723' title='bbox 821 4858 920 4895; x_wconf 73' lang='lat' dir='ltr'><strong>um.</strong></span> <span class='ocrx_word' id='word_1_724' title='bbox 994 4858 1081 4895; x_wconf 78' lang='grc' dir='ltr'><strong>την</strong></span> <span class='ocrx_word' id='word_1_725' title='bbox 1158 4858 1437 4910; x_wconf 79' lang='grc' dir='ltr'><strong>ηγεμονιαν</strong></span> <span class='ocrx_word' id='word_1_726' title='bbox 1509 4858 1607 4889; x_wconf 90' lang='grc' dir='ltr'><strong>των</strong></span> <span class='ocrx_word' id='word_1_727' title='bbox 1692 4858 1973 4911; x_wconf 73' lang='grc' dir='ltr'><strong>ι’ωμαικων</strong></span> <span class='ocrx_word' id='word_1_728' title='bbox 2051 4858 2262 4910; x_wconf 51' lang='lat' dir='ltr'>sumptu;</span> <span class='ocrx_word' id='word_1_729' title='bbox 2340 4858 2596 4913; x_wconf 83' lang='grc' dir='ltr'><strong>στρατιων</strong></span> <span class='ocrx_word' id='word_1_730' title='bbox 2681 4858 2769 4889; x_wconf 84' lang='grc' dir='ltr'><strong>και</strong></span> <span class='ocrx_word' id='word_1_731' title='bbox 2852 4858 3043 4911; x_wconf 82' lang='grc' dir='ltr'><strong>χαριτι</strong></span> <span class='ocrx_word' id='word_1_732' title='bbox 3131 4858 3246 4909; x_wconf 75' lang='grc' dir='ltr'><strong>υσιᾳ</strong></span> <span class='ocrx_word' id='word_1_733' title='bbox 3321 4858 3672 4912; x_wconf 80' lang='grc' dir='ltr'><strong>αναρρωσυεις</strong></span> 
     </span>
     <span class='ocr_line' id='line_1_101' title="bbox 288 4858 3676 4984; baseline 0 -22"><span class='ocrx_word' id='word_1_734' title='bbox 288 4913 422 4984; x_wconf 83' lang='grc' dir='ltr'><strong>πρὸς</strong></span> <span class='ocrx_word' id='word_1_735' title='bbox 503 4911 688 4982; x_wconf 85' lang='grc' dir='ltr'><strong>μάχην</strong></span> <span class='ocrx_word' id='word_1_736' title='bbox 763 4858 1049 4984; x_wconf 52' lang='grc' dir='ltr'><strong>έῶρμησε,</strong></span> <span class='ocrx_word' id='word_1_737' title='bbox 1110 4915 1200 4984; x_wconf 76' lang='grc' dir='ltr'><strong>καὶ</strong></span> <span class='ocrx_word' id='word_1_738' title='bbox 1256 4913 1774 4984; x_wconf 13' lang='grc' dir='ltr'><strong>τοὺςῌΤοιχαρίουςγ</strong></span> <span class='ocrx_word' id='word_1_739' title='bbox 1817 4915 2066 4979; x_wconf 82' lang='grc' dir='ltr'><strong>νενίκηκε,</strong></span> <span class='ocrx_word' id='word_1_740' title='bbox 2151 4918 2350 4984; x_wconf 87' lang='grc' dir='ltr'><strong>πρῶτος</strong></span> <span class='ocrx_word' id='word_1_741' title='bbox 2428 4913 2514 4961; x_wconf 85' lang='grc' dir='ltr'><strong>τόν</strong></span> <span class='ocrx_word' id='word_1_742' title='bbox 2598 4918 2801 4983; x_wconf 88' lang='grc' dir='ltr'><strong>πρῶτος</strong></span> <span class='ocrx_word' id='word_1_743' title='bbox 2881 4911 3074 4984; x_wconf 75' lang='grc' dir='ltr'><strong>τούτων</strong></span> <span class='ocrx_word' id='word_1_744' title='bbox 3168 4908 3360 4984; x_wconf 78' lang='grc' dir='ltr'><strong>βαλών.</strong></span> <span class='ocrx_word' id='word_1_745' title='bbox 3412 4915 3533 4984; x_wconf 63' lang='grc' dir='ltr'><strong>⁸Καί</strong></span> <span class='ocrx_word' id='word_1_746' title='bbox 3598 4930 3676 4972; x_wconf 90' lang='grc' dir='ltr'><strong>τις</strong></span> 
     </span>
    </p>
   </div>
   <div class='ocr_carea' id='block_1_101' title="bbox 291 4977 3676 5055">
    <p class='ocr_par' dir='ltr' id='par_1_101' title="bbox 291 4977 3676 5055">
     <span class='ocr_line' id='line_1_102' title="bbox 291 4977 3676 5055; baseline 0.001 -21"><span class='ocrx_word' id='word_1_747' title='bbox 291 4977 702 5055; x_wconf 58' lang='grc' dir='ltr'><strong>’Ᾱμυραχοῦρης</strong></span> <span class='ocrx_word' id='word_1_748' title='bbox 779 4977 998 5033; x_wconf 75' lang='grc' dir='ltr'><strong>τὸ”υπ“</strong></span> <span class='ocrx_word' id='word_1_749' title='bbox 1036 4977 1223 5032; x_wconf 61' lang='grc' dir='ltr'><strong>ἀὐτὸν</strong></span> <span class='ocrx_word' id='word_1_750' title='bbox 1320 4977 1601 5033; x_wconf 57' lang='grc' dir='ltr'><strong>συλλαϐῶν</strong></span> <span class='ocrx_word' id='word_1_751' title='bbox 1644 4983 1943 5055; x_wconf 85' lang='grc' dir='ltr'><strong>στράτευμα</strong></span> <span class='ocrx_word' id='word_1_752' title='bbox 2016 4977 2127 5055; x_wconf 71' lang='grc' dir='ltr'><strong>τοῖς</strong></span> <span class='ocrx_word' id='word_1_753' title='bbox 2186 4977 2915 5055; x_wconf 28' lang='grc' dir='ltr'><strong>Ταχαρίοιςᾳπρόσώρμησε,</strong></span> <span class='ocrx_word' id='word_1_754' title='bbox 2968 4977 3239 5055; x_wconf 72' lang='grc' dir='ltr'><strong>κάντεῦθεν</strong></span> <span class='ocrx_word' id='word_1_755' title='bbox 3286 4983 3335 5034; x_wconf 83' lang='grc' dir='ltr'><strong>οἱ</strong></span> <span class='ocrx_word' id='word_1_756' title='bbox 3398 4977 3676 5046; x_wconf 85' lang='grc' dir='ltr'><strong>διώκοντες</strong></span> 
     </span>
    </p>
   </div>
   <div class='ocr_carea' id='block_1_102' title="bbox 291 5048 3679 5127">
    <p class='ocr_par' dir='ltr' id='par_1_102' title="bbox 291 5048 3679 5127">
     <span class='ocr_line' id='line_1_103' title="bbox 291 5048 3679 5127; baseline 0 -21"><span class='ocrx_word' id='word_1_757' title='bbox 291 5048 541 5125; x_wconf 65' lang='grc' dir='ltr'><strong>ἔφευγον.⁷</strong></span> <span class='ocrx_word' id='word_1_758' title='bbox 583 5048 835 5127; x_wconf 76' lang='grc' dir='ltr'><strong>Ἐπιπτον</strong></span> <span class='ocrx_word' id='word_1_759' title='bbox 901 5060 1023 5124; x_wconf 91' lang='grc' dir='ltr'><strong>γοῦν</strong></span> <span class='ocrx_word' id='word_1_760' title='bbox 1082 5057 1282 5127; x_wconf 88' lang='grc' dir='ltr'><strong>Πέρσαι</strong></span> <span class='ocrx_word' id='word_1_761' title='bbox 1339 5058 1553 5124; x_wconf 87' lang='grc' dir='ltr'><strong>συχνοί,</strong></span> <span class='ocrx_word' id='word_1_762' title='bbox 1616 5048 1793 5127; x_wconf 62' lang='grc' dir='ltr'><strong>Μέχρι</strong></span> <span class='ocrx_word' id='word_1_763' title='bbox 2049 5054 2147 5127; x_wconf 15' lang='grc' dir='ltr'><strong>οὖν,</strong></span> <span class='ocrx_word' id='word_1_764' title='bbox 2207 5048 2418 5127; x_wconf 76' lang='grc' dir='ltr'><strong>μακρῶν</strong></span> <span class='ocrx_word' id='word_1_765' title='bbox 2486 5048 2865 5124; x_wconf 74' lang='grc' dir='ltr'><strong>διαστημάτων</strong></span> <span class='ocrx_word' id='word_1_766' title='bbox 2900 5048 2909 5051; x_wconf 48' lang='grc'><strong>⁷</strong></span> <span class='ocrx_word' id='word_1_767' title='bbox 2942 5057 3035 5127; x_wconf 73' lang='grc' dir='ltr'><strong>τὴν</strong></span> <span class='ocrx_word' id='word_1_768' title='bbox 3090 5048 3271 5116; x_wconf 80' lang='grc' dir='ltr'><strong>δίωξιν</strong></span> <span class='ocrx_word' id='word_1_769' title='bbox 3317 5055 3367 5105; x_wconf 90' lang='grc' dir='ltr'><strong>οἱ</strong></span> <span class='ocrx_word' id='word_1_770' title='bbox 3412 5060 3679 5112; x_wconf 79' lang='grc' dir='ltr'><strong>νενικηκό⁶</strong></span> 
     </span>
    </p>
   </div>
   <div class='ocr_carea' id='block_1_103' title="bbox 292 5120 3676 5200">
    <p class='ocr_par' dir='ltr' id='par_1_103' title="bbox 292 5120 3676 5200">
     <span class='ocr_line' id='line_1_104' title="bbox 292 5120 3676 5200; baseline 0.001 -24"><span class='ocrx_word' id='word_1_771' title='bbox 292 5120 372 5185; x_wconf 75' lang='grc' dir='ltr'><strong>τες</strong></span> <span class='ocrx_word' id='word_1_772' title='bbox 422 5120 761 5200; x_wconf 75' lang='grc' dir='ltr'><strong>πεποίηνται.</strong></span> <span class='ocrx_word' id='word_1_773' title='bbox 797 5120 1074 5200; x_wconf 31' lang='grc' dir='ltr'><strong>Δ“Ο’γοῦν.</strong></span> <span class='ocrx_word' id='word_1_774' title='bbox 1141 5120 1448 5200; x_wconf 23' lang='grc' dir='ltr'><strong>Κομνηνὸᾼςῖ</strong></span> <span class='ocrx_word' id='word_1_775' title='bbox 1495 5120 1748 5197; x_wconf 66' lang='grc' dir='ltr'><strong>Μιχαὴλ”</strong></span> <span class='ocrx_word' id='word_1_776' title='bbox 1802 5120 2008 5200; x_wconf 63' lang='grc' dir='ltr'><strong>συμϐὰν</strong></span> <span class='ocrx_word' id='word_1_777' title='bbox 2092 5120 2227 5200; x_wconf 78' lang='grc' dir='ltr'><strong>οὕτω</strong></span> <span class='ocrx_word' id='word_1_778' title='bbox 2298 5120 2699 5200; x_wconf 20' lang='grc' dir='ltr'><strong>τῷῌμεγμίστῳ’</strong></span> <span class='ocrx_word' id='word_1_779' title='bbox 2735 5120 3183 5200; x_wconf 79' lang='grc' dir='ltr'><strong>στρατοπεδάρχῃ</strong></span> <span class='ocrx_word' id='word_1_780' title='bbox 3248 5134 3348 5200; x_wconf 74' lang='grc' dir='ltr'><strong>τῶν</strong></span> <span class='ocrx_word' id='word_1_781' title='bbox 3407 5132 3676 5200; x_wconf 82' lang='grc' dir='ltr'><strong>Περσικῶν</strong></span> 
     </span>
    </p>
   </div>
   <div class='ocr_carea' id='block_1_104' title="bbox 296 5192 3678 5284">
    <p class='ocr_par' dir='ltr' id='par_1_104' title="bbox 296 5192 3678 5284">
     <span class='ocr_line' id='line_1_105' title="bbox 296 5192 3678 5284; baseline 0.001 -35"><span class='ocrx_word' id='word_1_782' title='bbox 296 5198 725 5283; x_wconf 73' lang='grc' dir='ltr'><strong>στρατευμάτων,</strong></span> <span class='ocrx_word' id='word_1_783' title='bbox 790 5196 843 5249; x_wconf 88' lang='grc' dir='ltr'><strong>ὃν</strong></span> <span class='ocrx_word' id='word_1_784' title='bbox 913 5192 1266 5284; x_wconf 54' lang='grc' dir='ltr'><strong>τξεκλάρπακίν</strong></span> <span class='ocrx_word' id='word_1_785' title='bbox 1338 5192 1521 5284; x_wconf 56' lang='grc' dir='ltr'><strong>οἱδμσι</strong></span> <span class='ocrx_word' id='word_1_786' title='bbox 1571 5192 1805 5272; x_wconf 37' lang='grc' dir='ltr'><strong>’.Πέρσαι</strong></span> <span class='ocrx_word' id='word_1_787' title='bbox 1844 5192 2038 5265; x_wconf 82' lang='grc' dir='ltr'><strong>κάλεῖν,</strong></span> <span class='ocrx_word' id='word_1_788' title='bbox 2094 5197 2267 5284; x_wconf 58' lang='grc' dir='ltr'><strong>ξυνξιει</strong></span> <span class='ocrx_word' id='word_1_789' title='bbox 2319 5192 2447 5249; x_wconf 51' lang='lat' dir='ltr'><strong>ne&quot;</strong></span> <span class='ocrx_word' id='word_1_790' title='bbox 2509 5192 2667 5281; x_wconf 51' lang='lat' dir='ltr'>pars»,</span> <span class='ocrx_word' id='word_1_791' title='bbox 2721 5192 2811 5249; x_wconf 73' lang='grc' dir='ltr'><strong>καί</strong></span> <span class='ocrx_word' id='word_1_792' title='bbox 2865 5192 3170 5270; x_wconf 73' lang='grc' dir='ltr'><strong>ἐπορεύοντο</strong></span> <span class='ocrx_word' id='word_1_793' title='bbox 3216 5196 3424 5284; x_wconf 45' lang='grc' dir='ltr'><strong>πλείουνς</strong></span> <span class='ocrx_word' id='word_1_794' title='bbox 3478 5192 3678 5284; x_wconf 64' lang='grc' dir='ltr'><strong>ἦμίρας</strong></span> 
     </span>
    </p>
   </div>
   <div class='ocr_carea' id='block_1_105' title="bbox 294 5255 3681 5343">
    <p class='ocr_par' dir='ltr' id='par_1_105' title="bbox 294 5255 3681 5343">
     <span class='ocr_line' id='line_1_106' title="bbox 294 5255 3681 5343; baseline 0.001 -22"><span class='ocrx_word' id='word_1_795' title='bbox 294 5255 613 5343; x_wconf 74' lang='grc' dir='ltr'><strong>ἐφεπομένων</strong></span> <span class='ocrx_word' id='word_1_796' title='bbox 694 5255 808 5343; x_wconf 44' lang='grc' dir='ltr'><strong>τῶν.</strong></span> <span class='ocrx_word' id='word_1_797' title='bbox 867 5255 1144 5340; x_wconf 78' lang='grc' dir='ltr'><strong>πολεμίων.</strong></span> <span class='ocrx_word' id='word_1_798' title='bbox 1206 5268 1345 5324; x_wconf 83' lang='grc' dir='ltr'><strong>Ἐπεὶ</strong></span> <span class='ocrx_word' id='word_1_799' title='bbox 1404 5265 1462 5322; x_wconf 75' lang='grc' dir='ltr'><strong>δε</strong></span> <span class='ocrx_word' id='word_1_800' title='bbox 1533 5270 1563 5328; x_wconf 80' lang='grc' dir='ltr'>ἡ</span> <span class='ocrx_word' id='word_1_801' title='bbox 1623 5255 1714 5322; x_wconf 62' lang='grc' dir='ltr'><strong>τοῦ</strong></span> <span class='ocrx_word' id='word_1_802' title='bbox 1771 5255 2044 5343; x_wconf 77' lang='grc' dir='ltr'><strong>λεγομένου</strong></span> <span class='ocrx_word' id='word_1_803' title='bbox 2094 5255 2423 5343; x_wconf 75' lang='grc' dir='ltr'><strong>πεκλάρπακι</strong></span> <span class='ocrx_word' id='word_1_804' title='bbox 2477 5268 2619 5320; x_wconf 87' lang='grc' dir='ltr'><strong>οἰκία</strong></span> <span class='ocrx_word' id='word_1_805' title='bbox 2654 5255 2792 5343; x_wconf 65' lang='grc' dir='ltr'><strong>’περὶ</strong></span> <span class='ocrx_word' id='word_1_806' title='bbox 2855 5255 2966 5326; x_wconf 72' lang='grc' dir='ltr'><strong>τὴν’</strong></span> <span class='ocrx_word' id='word_1_807' title='bbox 3010 5270 3354 5342; x_wconf 79' lang='grc' dir='ltr'><strong>Καστάμοναν</strong></span> <span class='ocrx_word' id='word_1_808' title='bbox 3382 5266 3464 5341; x_wconf 81' lang='grc' dir='ltr'><strong>ἧν,</strong></span> <span class='ocrx_word' id='word_1_809' title='bbox 3514 5255 3681 5324; x_wconf 81' lang='grc' dir='ltr'><strong>ἐκέῖσε</strong></span> 
     </span>
    </p>
   </div>
   <div class='ocr_carea' id='block_1_106' title="bbox 294 5336 3067 5416">
    <p class='ocr_par' dir='ltr' id='par_1_106' title="bbox 294 5336 3067 5416">
     <span class='ocr_line' id='line_1_107' title="bbox 294 5336 3067 5416; baseline 0.001 -22"><span class='ocrx_word' id='word_1_810' title='bbox 294 5336 644 5413; x_wconf 77' lang='grc' dir='ltr'><strong>ἐγεγόνεισαν.</strong></span> <span class='ocrx_word' id='word_1_811' title='bbox 675 5343 745 5395; x_wconf 89' lang='grc' dir='ltr'><strong>Τό</strong></span> <span class='ocrx_word' id='word_1_812' title='bbox 777 5336 836 5393; x_wconf 67' lang='grc' dir='ltr'><strong>δι</strong></span> <span class='ocrx_word' id='word_1_813' title='bbox 866 5348 967 5392; x_wconf 90' lang='grc' dir='ltr'><strong>τῶν</strong></span> <span class='ocrx_word' id='word_1_814' title='bbox 989 5336 1260 5413; x_wconf 79' lang='grc' dir='ltr'><strong>Ταχαοίων</strong></span> <span class='ocrx_word' id='word_1_815' title='bbox 1289 5344 1435 5413; x_wconf 75' lang='grc' dir='ltr'><strong>γένος</strong></span> <span class='ocrx_word' id='word_1_816' title='bbox 1464 5348 1640 5394; x_wconf 88' lang='grc' dir='ltr'><strong>πᾶσαν</strong></span> <span class='ocrx_word' id='word_1_817' title='bbox 1664 5346 1760 5401; x_wconf 77' lang='grc' dir='ltr'><strong>τὴν</strong></span> <span class='ocrx_word' id='word_1_818' title='bbox 1791 5336 1902 5395; x_wconf 72' lang='grc' dir='ltr'><strong>ὑπό</strong></span> <span class='ocrx_word' id='word_1_819' title='bbox 1923 5345 2039 5403; x_wconf 82' lang='grc' dir='ltr'><strong>τοὺς</strong></span> <span class='ocrx_word' id='word_1_820' title='bbox 2068 5336 2515 5414; x_wconf 81' lang='grc' dir='ltr'><strong>Μουσουλμάνους</strong></span> <span class='ocrx_word' id='word_1_821' title='bbox 2538 5336 2835 5416; x_wconf 76' lang='grc' dir='ltr'><strong>κατέδραμε</strong></span> <span class='ocrx_word' id='word_1_822' title='bbox 2862 5346 3067 5415; x_wconf 85' lang='grc' dir='ltr'><strong>χώραν.</strong></span> 
     </span>
    </p>
   </div>
   <div class='ocr_carea' id='block_1_107' title="bbox 1191 5464 2793 5539">
    <p class='ocr_par' dir='ltr' id='par_1_107' title="bbox 1191 5464 2793 5539">
     <span class='ocr_line' id='line_1_108' title="bbox 1191 5464 2793 5539; baseline -0.001 -4"><span class='ocrx_word' id='word_1_823' title='bbox 1191 5465 1537 5536; x_wconf 90' lang='lat' dir='ltr'>Theodori</span> <span class='ocrx_word' id='word_1_824' title='bbox 1587 5468 1839 5537; x_wconf 66' lang='lat' dir='ltr'>Dousa:</span> <span class='ocrx_word' id='word_1_825' title='bbox 1888 5478 1955 5539; x_wconf 87' lang='lat' dir='ltr'><strong>et</strong></span> <span class='ocrx_word' id='word_1_826' title='bbox 2000 5464 2255 5536; x_wconf 90' lang='lat' dir='ltr'>Leonis</span> <span class='ocrx_word' id='word_1_827' title='bbox 2304 5466 2541 5535; x_wconf 83' lang='lat' dir='ltr'>Allatii</span> <span class='ocrx_word' id='word_1_828' title='bbox 2592 5476 2793 5535; x_wconf 80' lang='lat' dir='ltr'>notae.</span> 
     </span>
    </p>
   </div>
   <div class='ocr_carea' id='block_1_108' title="bbox 373 5596 1902 5678">
    <p class='ocr_par' dir='ltr' id='par_1_108' title="bbox 373 5596 1902 5678">
     <span class='ocr_line' id='line_1_109' title="bbox 373 5596 1902 5678; baseline 0.001 -21"><span class='ocrx_word' id='word_1_829' title='bbox 373 5601 487 5678; x_wconf 60' lang='lat' dir='ltr'><strong>(t0)</strong></span> <span class='ocrx_word' id='word_1_830' title='bbox 521 5597 717 5678; x_wconf 84' lang='grc' dir='ltr'><strong>Τοῦτον</strong></span> <span class='ocrx_word' id='word_1_831' title='bbox 761 5596 997 5664; x_wconf 76' lang='grc' dir='ltr'><strong>ἐδέξατο.</strong></span> <span class='ocrx_word' id='word_1_832' title='bbox 1045 5604 1355 5674; x_wconf 83' lang='lat' dir='ltr'>Gregoras,</span> <span class='ocrx_word' id='word_1_833' title='bbox 1410 5602 1519 5677; x_wconf 87' lang='lat' dir='ltr'>lib,</span> <span class='ocrx_word' id='word_1_834' title='bbox 1571 5619 1652 5675; x_wconf 88' lang='grc' dir='ltr'><strong>ιιι,</strong></span> <span class='ocrx_word' id='word_1_835' title='bbox 1706 5620 1775 5678; x_wconf 90' lang='lat' dir='ltr'><strong>p.</strong></span> <span class='ocrx_word' id='word_1_836' title='bbox 1815 5607 1902 5661; x_wconf 82' lang='lat'><strong>58.</strong></span> 
     </span>
    </p>
   </div>
   <div class='ocr_carea' id='block_1_109' title="bbox 297 5673 1131 5747">
    <p class='ocr_par' dir='ltr' id='par_1_109' title="bbox 297 5673 1131 5747">
     <span class='ocr_line' id='line_1_110' title="bbox 297 5673 1131 5747; baseline 0.001 -17"><span class='ocrx_word' id='word_1_837' title='bbox 297 5673 751 5747; x_wconf 89' lang='lat' dir='ltr'>Pachymerius,</span> <span class='ocrx_word' id='word_1_838' title='bbox 778 5690 837 5747; x_wconf 91' lang='lat' dir='ltr'><strong>p.</strong></span> <span class='ocrx_word' id='word_1_839' title='bbox 869 5679 961 5731; x_wconf 83' lang='lat'><strong>25.</strong></span> <span class='ocrx_word' id='word_1_840' title='bbox 994 5678 1131 5747; x_wconf 82' lang='lat' dir='ltr'><strong>ALL.</strong></span> 
     </span>
    </p>
   </div>
   <div class='ocr_carea' id='block_1_110' title="bbox 375 5746 1155 5820">
    <p class='ocr_par' dir='ltr' id='par_1_110' title="bbox 375 5746 1155 5820">
     <span class='ocr_line' id='line_1_111' title="bbox 375 5746 1155 5820; baseline -0.001 -18"><span class='ocrx_word' id='word_1_841' title='bbox 375 5746 483 5820; x_wconf 75' lang='grc'><strong>(41)</strong></span> <span class='ocrx_word' id='word_1_842' title='bbox 557 5748 655 5799; x_wconf 86' lang='grc' dir='ltr'><strong>Τὸν</strong></span> <span class='ocrx_word' id='word_1_843' title='bbox 740 5746 1006 5820; x_wconf 70' lang='grc' dir='ltr'><strong>κομνηνὸν</strong></span> <span class='ocrx_word' id='word_1_844' title='bbox 1086 5746 1155 5809; x_wconf 79' lang='grc' dir='ltr'><strong>εἰς</strong></span> 
     </span>
    </p>
   </div>
   <div class='ocr_carea' id='block_1_111' title="bbox 2014 5600 3680 5733">
    <p class='ocr_par' dir='ltr' id='par_1_111' title="bbox 2014 5600 3680 5733">
     <span class='ocr_line' id='line_1_112' title="bbox 2014 5600 3680 5733; baseline 0.002 -76"><span class='ocrx_word' id='word_1_845' title='bbox 2014 5619 2073 5731; x_wconf 48' lang='grc' dir='ltr'><strong>ιλ.</strong></span> <span class='ocrx_word' id='word_1_846' title='bbox 2100 5603 2194 5733; x_wconf 59' lang='grc' dir='ltr'><strong>ΞΒ.</strong></span> <span class='ocrx_word' id='word_1_847' title='bbox 2226 5605 2309 5660; x_wconf 87' lang='lat' dir='ltr'>Ex</span> <span class='ocrx_word' id='word_1_848' title='bbox 2340 5605 2601 5675; x_wconf 89' lang='lat' dir='ltr'>Gregora</span> <span class='ocrx_word' id='word_1_849' title='bbox 2632 5618 2742 5660; x_wconf 89' lang='lat' dir='ltr'><strong>sua</strong></span> <span class='ocrx_word' id='word_1_850' title='bbox 2766 5600 3294 5676; x_wconf 70' lang='lat' dir='ltr'>habuithhranza,</span> <span class='ocrx_word' id='word_1_851' title='bbox 3336 5600 3444 5662; x_wconf 91' lang='lat' dir='ltr'>lib.</span> <span class='ocrx_word' id='word_1_852' title='bbox 3492 5618 3531 5676; x_wconf 88' lang='grc' dir='ltr'><strong>ι,</strong></span> <span class='ocrx_word' id='word_1_853' title='bbox 3576 5603 3680 5661; x_wconf 82' lang='grc' dir='ltr'><strong>ο.2</strong></span> 
     </span>
     <span class='ocr_line' id='line_1_113' title="bbox 2068 5693 2154 5732; baseline -0.012 0"><span class='ocrx_word' id='word_1_854' title='bbox 2068 5693 2100 5732; x_wconf 85' lang='lat' dir='ltr'>L</span> <span class='ocrx_word' id='word_1_855' title='bbox 2142 5719 2154 5731; x_wconf 91' lang='lat'><strong>.</strong></span> 
     </span>
    </p>
   </div>
   <div class='ocr_carea' id='block_1_112' title="bbox 2068 5693 2154 5732">
    <p class='ocr_par' dir='ltr' id='par_1_112' title="bbox 2068 5693 2154 5732">
     <span class='ocr_line' id='line_1_114' title="bbox 2068 5693 2154 5732; baseline -0.012 0"><span class='ocrx_word' id='word_1_856' title='bbox 2068 5693 2154 5732; x_wconf 85' lang='lat' dir='ltr'><strong>LL.</strong></span> 
     </span>
    </p>
   </div>
   <div class='ocr_carea' id='block_1_113' title="bbox 1247 5749 1903 5822">
    <p class='ocr_par' dir='ltr' id='par_1_113' title="bbox 1247 5749 1903 5822">
     <span class='ocr_line' id='line_1_115' title="bbox 1247 5749 1903 5822; baseline 0.003 -20"><span class='ocrx_word' id='word_1_857' title='bbox 1247 5749 1495 5822; x_wconf 77' lang='grc' dir='ltr'><strong>ἡγεμόνα.</strong></span> <span class='ocrx_word' id='word_1_858' title='bbox 1586 5749 1903 5822; x_wconf 85' lang='lat' dir='ltr'>Gregoras,</span> 
     </span>
    </p>
   </div>
  </div>
