4470 6452
855 401 992 453 1159

2132 391 2414 446 GEORGII
2446 389 2912 446 ACROPOLITJE

4083 407 4215 460 H60

849 522 907 576 vi
934 521 1139 592 pulsos
1165 520 1438 587 devicit,a
1464 518 1740 575 Michaele
1764 517 1893 589 ipso
1919 515 2180 586 primum
2213 512 2502 568 exercitus
2531 515 2576 564 Α

2446 529 2502 566 .ls
2531 515 2576 564 Α
2619 517 2771 584 μέρος
2797 521 2885 564 τοῦ
2918 517 3309 588 στρατεύματος
3346 521 3403 568 1'6
3430 520 3572 589 παρα
3609 527 3701 570 τοῦ
3753 523 3973 592 Μιχαὴλ
4007 532 4211 596 Κομνη-

847 609 1076 664 hostilis
1124 610 1368 663 ductore
1421 608 1497 662 ad
1561 622 1860 661 mammas
1919 602 2404 673 vulnerato,‘qui,
2442 607 2503 656 ut

846 698 1062 754 harum
1094 713 1292 751 rerum
1321 696 1489 766 periti
1516 695 1988 755 aﬂirmarunt,ex
2015 708 2084 746 eo
2103 691 2344 744 vulnere
2377 706 2497 744 non

845 787 950 842 diu
977 792 1112 856 post
1151 785 1416 840 animam
1451 781 1690 838 efﬂavit.
1748 780 2028 836 Debellati
2082 781 2280 850 itaque
2311 795 2379 833 ex
2427 795 2496 834 ea

843 882 1032 946 parte,
1066 875 1160 928 cui
1187 874 1528 927 Comnenus
1571 875 1844 942 praerat,
1897 868 2166 924 Tacharii
2192 868 2317 937 jam
2354 867 2496 936 fuga

842 967 1008 1032 terga
1037 961 1361 1016 vertebant.
1392 960 1563 1014 Atvir
1592 959 2009 1031 quidaminter
2023 961 2227 1011 Persas
2242 956 2492 1010 celebris

841 1051 1126 1120 dignitate
1186 1049 1644 1120 Amyrachures,
1705 1048 1983 1101 maxima
2063 1045 2224 1117 apud
2291 1047 2493 1099 Persas

840 1138 1309 1202 existimationis,
1327 1153 1512 1208 quam
1530 1137 1718 1191 multo
1733 1136 1951 1190 abhinc
1964 1141 2230 1203 tempore
2244 1134 2302 1188 in
2319 1149 2490 1188 suam

840 1234 1078 1298 gentem
1101 1242 1315 1298 parum
1342 1225 1502 1280 ﬁdus
1529 1224 1926 1297 proditionem
1949 1227 2321 1294 conceperat,
2354 1229 2491 1276 tunc

837 1317 1105 1382 exclusit,
1164 1320 1220 1370 et
1279 1331 1415 1369 cum
1470 1315 1749 1368 universo
1801 1314 1980 1368 milite
2030 1329 2139 1366 suo
2192 1311 2490 1366 Tachariis

839 1407 1107 1462 adhasit.
1139 1405 1281 1459 Hinc
1302 1406 1602 1458 contraria
1635 1403 1826 1457 cerni:
1853 1417 2118 1473 namque
2148 1400 2327 1471 paulo
2355 1406 2490 1455 ante

833 1496 1087 1550 victores
1107 1509 1233 1547 sese
1265 1492 1322 1546 in
1364 1490 1547 1563 pedes
1576 1491 1868 1561 conjicere
1899 1495 2179 1560 tergaque
2215 1488 2488 1543 hostibus

835 1582 915 1638 ad
955 1580 1347 1636 lacerandum
1393 1578 1557 1634 dare.
1602 1582 1803 1650 Itaque
1835 1578 2025 1632 Persa
2058 1577 2486 1631 Tachariorum

830 1671 1046 1743 jaculis
1073 1669 1340 1724 dilaniati
1368 1667 1707 1740 frequentes
1738 1667 1972 1743 cadere,
2000 1682 2153 1738 quos
2171 1681 2276 1737 per
2305 1665 2487 1736 longa

836 1760 1032 1834 spatia
1059 1759 1313 1814 victores
1344 1758 1644 1812 subsecuti
1673 1763 1828 1811 sunt.
1859 1755 2104 1810 Michael
2122 1757 2484 1823 Conmenus,

833 1867 970 1907 cum
1002 1850 1082 1905 ita
1111 1863 1238 1903 sors
1283 1845 1530 1915 tulisset,
1569 1846 1834 1900 maximo
1866 1844 2236 1900 Persicorum
2270 1844 2486 1898 exerci-
2517 1877 2554 1928 Β

831 1943 1002 1996 tuum
1034 1935 1556 2008 stratopedarcha,
1580 1951 1760 2006 quem
1784 1933 2147 2005 Pelarpacim
2171 1936 2357 1988 Persa
2387 1948 2486 1987 vo-

832 2033 989 2093 cant,
1024 2026 1221 2082 socius
1251 2025 1309 2079 in
1351 2023 1555 2078 itinere
1608 2024 2010 2094 conjungitur.
2047 2023 2138 2078 Sic
2169 2038 2274 2094 per
2296 2022 2481 2093 pluri-

832 2133 966 2173 mos
1005 2115 1133 2170 dies
1181 2113 1572 2186 procedentes
1626 2129 1763 2168 cum
1804 2112 2156 2167 adversariis
2199 2113 2482 2167 continuo

830 2203 1335 2276 subsequentibus
1349 2201 1596 2271 singulis
1618 2201 1777 2256 horis
1792 2217 2049 2273 pugnam
2065 2201 2478 2270 conserebant,

827 2294 971 2351 etad
994 2291 1359 2362 Peclarpacis
1372 2290 1801 2346 habitationem
1831 2306 1966 2361 qua
1982 2291 2301 2344 Castamon
2333 2296 2478 2359 erat,

828 2399 1101 2454 gressum
1129 2380 1554 2436 accelerarunt.
1589 2381 1750 2434 Tunc
1808 2379 2074 2434 Tacharii
2134 2380 2478 2434 universam

826 2472 1339 2529 Musulmanorum
1356 2468 1661 2537 regionem
1693 2468 1986 2523 hostiliter
2002 2473 2376 2540 percurrunt.
2410 2473 2480 2523 At

824 2561 899 2616 de
927 2561 1021 2616 his
1051 2558 1343 2615 narrratio
1368 2557 1481 2612 hoc
1503 2556 1562 2611 in
1589 2556 1720 2611 loco
1760 2555 1934 2628 148
1965 2557 2178 2627 pedem
2211 2557 2399 2626 sistat,
2424 2562 2480 2612 et

823 2648 896 2704 de
929 2647 1232 2720 prioribus
1264 2645 1448 2700 verba
1479 2644 1674 2710 faciat,
1719 2646 1783 2699 ut'
1827 2651 1983 2699 recto
2035 2644 2244 2700 ordine
2295 2647 2478 2702 conti-

821 2739 1028 2795 nuatio
1068 2736 1330 2792 historiae
1367 2734 1678 2806 procedat.

824 2847 940 2882 σαν.
991 2831 1059 2880 Τὸ
1113 2822 1170 2878 δε
1243 2829 1525 2898 Ταχαρίων
1600 2827 1746 2894 γένος
1803 2830 1978 2876 πᾶσαν
2054 2828 2148 2883 τὴν
2224 2826 2323 2877 ύπό
2392 2830 2515 2889 τούς
2579 2826 3019 2896 Μουσουλμάνους

2616 609 2704 651 νοῦ
2773 606 3076 674 τεταγμένον
3155 608 3274 664 τοὺς
3329 604 3783 677 ἀντιτεταγμένους
3842 611 3981 679 αὐτῷ
4037 620 4212 684 Ταχα-

2612 694 2758 762 ρίους
2811 693 2943 740 κατὰ
3020 693 3210 762 κράτος
3287 698 3538 756 νενίκηκε,
3616 701 3707 744 τοῦ
3776 697 3998 766 Μιχαὴλ
4054 698 4209 750 αὐτοῦ

2611 785 2824 850 πρώτως
2874 775 3059 851 δόρατι
3088 783 3232 852 παρὰ
3279 782 3446 852 μαζόν
3489 780 3742 853 βαλόντος
3792 788 3878 834 τόν
3930 795 4022 836 τοῦ
4055 806 4210 859 σιρα-

2610 870 2856 936 τεύματος
2898 871 3303 942 προηγούμενον,
3365 871 3438 932 ὃς,
3499 873 3730 939 καθάπερ
3771 875 3966 943 ἔφησαν
4021 877 4070 926 οἱ
4119 897 4207 946 γι·-

2608 960 2911 1022 νώσκοντες,
2978 960 3106 1028 μετὰ
3164 962 3349 1030 μικρόν
3406 957 3460 1010 ἐκ
3515 968 3609 1021 τῆς
3682 959 3843 1031 βολῆς
3927 962 4201 1021 ἐτεθνήκει.

2612 1049 2712 1094 Καὶ
2742 1041 2876 1101 ἦσαν
2905 1047 2994 1115 μὲν
3026 1044 3079 1096 ἐκ
3105 1046 3197 1097 τοῦ
3234 1052 3582 1120 κρατουμένου
3614 1053 3802 1121 μέρους
3855 1059 3945 1103 τοῦ
4002 1059 4201 1110 Κομνη-

2605 1140 2693 1183 νοῦ
2733 1132 3104 1204 ἐκνενικημένοι
3143 1135 3191 1186 οἰ
3247 1138 3532 1208 Ταχάριοι,
3570 1142 3659 1188 καὶ
3719 1142 3845 1212 πρός
3899 1146 4065 1211 φυγὴν
4095 1139 4202 1202 ἤδη

2608 1219 2840 1295 ἐχώρουν
2872 1242 2884 1254 ·
2918 1220 3044 1294 ἀνὴρ
3079 1220 3138 1274 δὲ
3168 1244 3247 1285 τις
3298 1225 3408 1293 (62)
3439 1234 3538 1277 τῶν
3583 1224 3630 1276 ἐν
3673 1232 3900 1301 Πέρσαις
3947 1235 4200 1302 περιωνύ-

2606 1330 2733 1380 μων,
2782 1316 2874 1368 τὴν
2911 1310 3057 1372 ἀξίαν
3114 1311 3500 1387 ἀμυραχούρης
3550 1321 3707 1386 (μέγα
3747 1313 3805 1368 δε
3863 1327 4017 1370 τοῦτο
4065 1322 4205 1393 παρὰ

2607 1400 2874 1471 Πέρσαις),
2924 1397 3172 1452 ἀπιστίαν
3229 1407 3348 1474 περὶ
3387 1406 3442 1454 1'6
3503 1403 3662 1455 αύτοῦ
3712 1410 3851 1476 γένος
3909 1408 4203 1480 ἑγκυμονών

2604 1485 2656 1537 ἐκ
2712 1495 2915 1559 μακροῦ
2955 1493 3068 1539 τότε
3115 1491 3310 1546 ταύτην
3367 1487 3596 1560 ἑξώδινε,
3655 1496 3742 1543 καὶ
3798 1498 3855 1545 τὸ
3914 1496 3998 1567 ὑφ’
4053 1499 4203 1549 αὐτόν

2603 1576 2738 1627 οἶπαν
2791 1576 3054 1628 συλλαϐὼν
3116 1582 3415 1650 στράτευμα
3485 1589 3566 1632 τοῐ
3625 1587 3911 1655 Ταχαρίοις
3963 1593 4202 1659 προσώρ-

2602 1685 2752 1736 μηκε.
2807 1672 2904 1718 Καὶ
2953 1671 3008 1718 τό
3071 1665 3293 1720 ἐντεῦθεν
3344 1667 3590 1721 τάναντία
3649 1667 3708 1727 ἧν
3767 1669 3895 1724 ἰδεῖν
3932 1693 3943 1705 -
3995 1677 4043 1725 οἱ
4095 1679 4196 1747 γὰρ

2601 1758 2700 1826 πρὸ
2773 1762 2964 1824 μικροῦ
3044 1751 3320 1816 διώκοντες
3387 1759 3596 1827 ἔφευγον
3652 1763 3742 1810 καὶ
3797 1769 3934 1812 νῶτα
3990 1759 4202 1815 ἐδίδουν

2601 1851 2704 1902 τοῖς
2729 1841 2977 1904 ἐναντίοις
3019 1843 3359 1901 πλήττεσθαι.
3415 1845 3667 1898 Ἐπιπτον
3715 1856 3839 1918 γοῦν
3895 1852 3943 1901 οἱ
4000 1857 4198 1922 Πέρσαι

2602 1938 2788 2003 συχιοὶ
2817 1940 2927 1992 τοῖς
2957 1941 3054 1984 τῶν
3103 1938 3386 2007 Ταχαρίων
3411 1939 3758 2008 πληττόμονοι
3786 1936 3991 2010 βέλεσιν
4023 1945 4200 2015 Μέχρι

2598 2025 2687 2094 μὲν
2715 2019 2801 2072 οὖν
2833 2029 3044 2096 μακρῶν
3096 2019 3471 2094 διαστημάτων
3519 2029 3612 2083 τὴν
3667 2023 3846 2089 δίωξιν
3897 2031 3943 2080 οἱ
4003 2049 4197 2088 νενικη-

2595 2116 2741 2172 κότες
2780 2117 3105 2168 πεποίηνται.
3161 2111 3218 2162 Ὀ
3270 2121 3394 2183 γοῦν
3451 2119 3712 2186 Κομνηνὸς
3783 2117 4004 2192 Μιχαὴλ
4062 2139 4193 2191 συμ-

2595 2200 2688 2252 ϐὰν
2719 2201 2853 2251 οὕτω
2908 2209 2979 2269 τῷ
3027 2204 3258 2271 μεγίστῳ
3292 2201 3737 2276 στρατοπεδάρχῃ
3769 2213 3869 2256 τῶν
3925 2213 4193 2281 Περσικῶν

2598 2291 2993 2363 στρατευμάτων
3023 2288 3075 2340 ὃν
3117 2289 3468 2363 πεκλάρπακιν
3524 2293 3635 2362 (43)
3685 2291 3895 2346 οἴδασιν
3950 2298 3999 2348 οὶ
4053 2302 4191 2372 Πέρ-

2597 2397 2687 2430 σαι
2721 2377 2909 2443 καλεῖν,
2971 2378 3140 2450 ξυνῂει
3199 2382 3334 2430 κατὰ
3382 2385 3476 2438 τὴν
3535 2377 3679 2452 ὁδόν,
3741 2389 3830 2434 καὶ
3887 2384 4192 2447 ἐπορεύοντο

2593 2471 2728 2520 πάνυ
2781 2468 2986 2529 πλείους
3051 2469 3246 2541 ἡμέρας
3301 2468 3638 2542 ἐφεπομένους
3689 2472 3885 2534 ἑαυτοῖς
3943 2479 4063 2536 τούς
4094 2494 4195 2527 πο-

2593 2557 2800 2628 λεμίους
2847 2557 3054 2628 έχοντες
3092 2563 3181 2608 καὶ
3229 2558 3344 2610 καθ’
3382 2560 3516 2631 ὤραν
3568 2566 3885 2633 μαχόμενοι.
3942 2565 4084 2616 Ἐπεὶ
4136 2561 4196 2617 δὲ

2593 2649 2623 2704 ἠ
2655 2653 2745 2698 τοῦ
2792 2645 3087 2717 λελεγμένου
3143 2646 3281 2698 οἰκία
3335 2648 3664 2723 πεκλάρπακι
3692 2656 3809 2724 περὶ
3839 2655 3932 2710 τὴν
3976 2657 4189 2705 Καστά-

2591 2755 2748 2807 μοναν
2781 2734 3064 2806 ἐτύγχανεν
3130 2733 3282 2800 οὖσα,
3344 2735 3506 2790 ἐκεῖσε
3566 2743 3882 2802 σπεύσαντες
3929 2740 4190 2813 ἐγεγόνει-

3098 2822 3395 2900 κατέδραμε
3463 2833 3667 2900 χώραν.
3761 2830 3901 2884 Ἀλλ’
3974 2834 4196 2884 ἐνταῦθα

819 2921 909 2989 μὲν
993 2919 1018 2968 ό
1087 2921 1204 2989 περὶ
1268 2917 1461 2966 τούτων
1518 2912 1666 2984 λόγος
1726 2911 2079 2985 ἆναμειμάτω,
2145 2912 2350 2985 έχέσθω
2406 2911 2464 2967 δε
2517 2923 2617 2966 τῶν
2676 2918 2954 2988 προτέρων,
3014 2915 3096 2965 ἵνα
3146 2920 3235 2967 καὶ
3285 2917 3403 2967 καθ’
3464 2919 3638 2991 εἱρμὸν
3684 2920 3750 2970 τὰ
3799 2928 3894 2981 τῆς
3955 2919 4193 2995 ἱστορίας

818 3014 1086 3080 προῑησιν.

889 3099 978 3152 66.
1011 3095 1192 3164 Igitur
1218 3093 1545 3165 imperator
1575 3091 1921 3147 Theodorus
1953 3094 2026 3147 de
2058 3092 2238 3146 rebus
2270 3092 2327 3147 in
2355 3096 2472 3149 Mu-
2507 3094 2546 3148 C

821 3185 1241 3240 sulmanorum
1275 3183 1498 3236 ditione
1530 3181 1708 3251 gestis
1736 3181 1948 3236 certior
2003 3180 2216 3247 factus,
2280 3183 2472 3252 magis

816 3276 940 3330 suis
979 3289 1162 3346 quam
1203 3272 1317 3327 illis
1373 3271 1645 3327 animum
1692 3270 2029 3337 advertens,
2077 3272 2288 3342 ingens
2335 3271 2473 3326 inde

814 3363 1092 3418 Romanis
1107 3361 1450 3429 regionibus
1463 3359 1755 3414 imminere
1770 3358 2088 3431 periculum
2105 3360 2470 3430 suspicatus,

813 3453 877 3509 in
913 3451 1211 3508 Orientem
1254 3465 1440 3521 quam
1499 3447 1804 3502 celerrime
1857 3447 2075 3519 pedem
2107 3447 2300 3516 retuli,
2332 3464 2472 3504 cum

810 3540 1108 3597 universis
1131 3542 1539 3594 Romanorum
1560 3536 1747 3606 copiis
1775 3537 1883 3590 iter
1905 3535 1982 3592 ad
2005 3552 2078 3591 ea
2099 3537 2233 3591 loca
2249 3537 2475 3606 ingres-

812 3646 940 3687 sus.
972 3626 1404 3684 Thessalonica
1433 3641 1569 3680 vero
1600 3628 1657 3679 et
1687 3625 1745 3678 in
1778 3624 1928 3679 alliis
1969 3625 2301 3681 Occidentis
2332 3641 2470 3697 par-

809 3718 971 3775 tibus
1003 3717 1063 3772 in
1090 3715 1423 3772 custodiam
1453 3713 1690 3785 reliquit
1729 3713 2097 3768 avunculum
2129 3713 2468 3769 Michaelem

808 3807 1134 3873 Lascarim,
1151 3805 1502 3873 consignata
1522 3802 1603 3858 illi
1621 3804 1838 3872 exigua
1869 3818 1978 3857 nec
1991 3802 2198 3874 ampla
2215 3803 2469 3875 Paphla-

805 3911 1032 3966 gonum
1065 3910 1274 3959 manu,
1308 3898 1362 3947 et
1395 3907 1466 3946 ex
1507 3891 1743 3962 Scythis
1778 3906 1900 3946 non
1963 3891 2116 3946 ultra
2172 3893 2466 3947 trecentis.

803 3986 1018 4058 Prilapi
1032 3989 1088 4040 et
1101 3984 1433 4039 vicinorum
1448 3981 1818 4036 exercituum
1834 3981 2191 4049 Scuterium,
2206 3981 2465 4052 Xyleam

801 4075 1053 4143 dictum,
1072 4074 1255 4144 digno
1273 4071 1506 4143 adepol
1517 4070 1878 4140 cognomine
1896 4088 1908 4125 :
1931 4070 2110 4126 Belesi
2123 4075 2464 4144 tractusque

799 4167 961 4222 circa
979 4165 1182 4236 ipsum
1201 4161 1628 4233 Calampacem
1646 4160 2046 4224 Theodorum,
2071 4175 2254 4232 quem
2277 4167 2462 4216 tatam

799 4255 954 4313 aula
970 4251 1429 4324 nuncupabant,
1454 4249 1912 4305 Constantinum
1937 4249 2354 4305 Chabaronem
2372 4250 2462 4305 Al-

796 4345 961 4401 bano
995 4341 1263 4416 prafecit
1297 4358 1309 4396 :
1346 4355 1441 4395 me
1474 4345 1793 4412 pratorem
1853 4344 2119 4395 creatum
2176 4339 2460 4396 omnibus

2657 3093 2756 3157 ξς·’.
2795 3093 2853 3145 Ὀ
2906 3097 2994 3164 μεν
3036 3090 3123 3144 οὖν
3181 3095 3228 3128 ⁸⁵
3288 3093 3538 3165 βασιλεὺς
3597 3093 3870 3170 Θεόδωρος
3915 3098 4023 3152 ἐπεὶ
4065 3106 4186 3172 περὶ

2583 3191 2681 3233 τῶν
2733 3188 3053 3254 γεγεημένων
3103 3181 3150 3234 ἐν
3203 3191 3264 3254 τῇ
3325 3192 3425 3235 τῶν
3492 3186 3913 3258 Μουσουλμάνων
3972 3187 4186 3242 ἐπύθετο

2581 3277 2756 3344 χώρᾳ,
2789 3271 2847 3323 ού
2877 3276 2988 3344 περὶ
3032 3274 3226 3322 τούτων
3288 3272 3477 3343 μᾶλλον
3527 3276 3664 3345 ἔχων
3719 3273 3974 3349 φροντίδα
4004 3279 4031 3336 ἣ
4063 3283 4184 3352 περὶ

2581 3369 2681 3411 τῶν
2731 3361 2890 3412 αὑτοῦ
2944 3357 3206 3431 (κίνδυνον
3269 3364 3370 3432 γὰρ
3425 3363 3483 3414 ού
3542 3368 3728 3436 μικρὸν
3787 3365 4183 3438 ἕπισυμϐαίνειν

2580 3458 2690 3512 τοὶς
2740 3449 3045 3521 Ῥωμαϊκοῖς
3116 3452 3411 3503 ύπετόπασε
3475 3455 3692 3527 χώροις)
3765 3458 3984 3509 ἔσπευσε
4055 3462 4188 3530 πρὸς

2579 3543 2672 3596 τὴν
2699 3539 2762 3591 ἔὼ
2793 3538 3197 3596 παλινοστῆσαι.
3245 3545 3345 3592 Καὶ
3405 3537 3472 3598 δὴ
3529 3547 3703 3593 πᾶσαν
3758 3549 3851 3602 τὴν
3892 3544 4188 3616 Ῥωμαῑκὴν

2581 3629 2830 3701 στρατιὰν
2875 3627 2988 3697 μεθ’
3044 3626 3226 3678 ἑαυτοῦ
3279 3627 3587 3699 προσλαϐὼν
3644 3639 3736 3693 τῆς
3795 3637 3925 3704 πρός
3972 3639 4065 3692 τὴν
4123 3637 4189 3688 ἔω

2579 3719 2834 3788 φερούσης
2873 3718 3138 3786 ἐφήπτετο.
3185 3717 3550 3770 Καταλελοίπει
3592 3715 3652 3772 δε
3710 3722 3759 3772 ἕν
3817 3741 3871 3774 τε
3923 3730 3984 3794 τῇ
4053 3732 4186 3778 Θεσ-

2580 3806 2823 3877 σαλονίκῃ
2881 3810 2969 3856 καὶ
3022 3813 3132 3866 τοῖς
3185 3808 3321 3858 κατὰ
3370 3803 3581 3879 δυσμήν
3640 3813 3847 3880 μέρεσιν
3922 3814 3992 3873 ὡς
4056 3818 4188 3887 πρός

2576 3895 2790 3966 φύλαξιν
2850 3891 3007 3954 δῆθεν
3060 3902 3155 3955 τῆς
3217 3902 3401 3968 χώρας
3445 3901 3530 3948 τὸν
3586 3902 3716 3973 πρὸ.Ι
3763 3902 3980 3954 πὰππου
4047 3904 4182 3955 θεῖον

2573 3985 2734 4036 αὐτοῦ
2777 3988 2860 4036 τὸν
2935 3986 3205 4056 Λάσκαριν
3281 3985 3519 4057 Μιχαὴλ,
3595 3993 3782 4063 μικρόν
3847 4009 3896 4042 τι
3954 3997 4044 4044 καὶ
4098 3993 4182 4045 εύ-

2576 4078 2828 4126 σύνοπτον
2900 4077 2956 4125 ἐκ
3016 4074 3363 4145 Παφλαγόνων
3420 4079 3718 4150 στράτευμα
3767 4075 3982 4140 ἐπιδούς
4031 4082 4177 4153 αύτῷ

2570 4163 2667 4215 κάκ
2716 4171 2806 4215 τοῦ
2878 4165 3131 4214 Σκυθικοῦ
3189 4164 3310 4215 ὅσον
3370 4164 3442 4226 εἰς
3491 4173 3826 4240 τριακοσίους
3881 4172 4178 4244 ἠριθμημέ-

2568 4274 2672 4319 νον,
2707 4261 2798 4305 τοῦ
2824 4249 2882 4305 δι
2913 4252 3181 4327 Πριλάπου
3233 4257 3322 4305 καὶ
3373 4263 3473 4305 τῶν
3519 4261 3638 4329 περὶ
3696 4256 3852 4310 αὐτόν
3919 4279 4172 4333 στρατευο

2568 4345 2742 4416 μάτων
2799 4346 2886 4394 τόν
2926 4341 2978 4393 ὃν
3024 4340 3136 4412 εἶχε
3183 4346 3482 4417 Σκουτέριον
3534 4344 3724 4397 Ξυλέαν
3777 4347 4168 4421 ὠνομασμένον,

794 4436 958 4492 hisce
1006 4449 1267 4507 praesse
1312 4432 1508 4504 jussit,
1557 4446 1680 4485 non
1741 4430 1878 4496 alio,
1924 4431 1985 4484 ni
2029 4429 2222 4494 fallor,
2274 4447 2458 4503 scopo
2487 4438 2532 4492 D

2404 4447 2458 4487 )0
2487 4438 2532 4492 D
2569 4435 2869 4505 φερωνύμως
2894 4436 2981 4489 τὴν
3009 4431 3194 4490 κλῆσιν
3255 4431 3335 4504 [Ρ.
3369 4431 3461 4505 77]
3498 4438 3557 4491 νὴ
3614 4439 3707 4493 τὴν
3750 4441 3911 4509 Θέμιν
3953 4441 4169 4510 ἔχοντα,

793 4541 983 4599 quam
1008 4529 1072 4580 ut
1091 4521 1346 4592 longiori
1373 4520 1451 4577 ab
1477 4535 1547 4576 eo
1564 4520 1833 4575 discessu
1867 4519 2302 4592 praeteritorum
2333 4535 2458 4576 ma-

2569 4521 2636 4583 εἰς
2689 4518 2748 4574 δὲ
2817 4524 2903 4573 τόν
2955 4519 3163 4572 Βελεσόν
3222 4526 3312 4572 καὶ
3361 4524 3426 4573 τὰ
3482 4528 3599 4597 περὶ
3655 4524 3809 4578 αὐτὸν
3861 4531 3917 4579 τὸ
3948 4529 4173 4602 Καλαμ-

863 4661 912 4696 ⁸⁵
948 4662 988 4714 D
1019 4658 1118 4734 :_'O
1151 4655 1211 4711 δε
1264 4654 1512 4730 βασιλεὺς
1567 4650 1984 4734 Θεόδωρος-ἐπει
2020 4660 2136 4729 περὶ
2170 4663 2269 4734 τῷν
2300 4661 2644 4734 γεγενημένων
2681 4655 2920 4734 ἐπύθετο,
2966 4657 3185 4734 ἔσπευσε
3215 4660 3343 4734 πρό-ς
3372 4662 3466 4714 τὴν
3492 4659 3556 4710 ἕω
3586 4659 3991 4731 παλινοστῆσαι,
4024 4662 4174 4734 ἀφεὶς

790 4731 839 4784 ἐν
871 4730 1230 4802 Θεσσαλονίκῃ
1264 4708 1353 4780 καὶ
1384 4734 1492 4789 τοῖς
1521 4708 1890 4806 κατὰ-δυ’σμὴν
1919 4708 2126 4798 μέρεσίν
2185 4727 2250 4786 εἰς
2282 4708 2494 4798 φ’ύλαξιν
2548 4732 2632 4780 τὸν
2682 4731 2808 4801 πρὸς
2848 4708 3064 4780 πάππου
3099 4729 3228 4778 θεῖον
3256 4708 3421 4780 αὐτοῦ
3478 4733 3564 4781 τόν
3619 4708 3906 4805 Λάσκαρίνν

789 4806 920 4878 μετὰ
942 4810 1142 4884 ,μικροῦ
1202 4796 1608 4884 στρατεύματος,
1661 4796 1801 4884 ὅσον
1839 4796 2300 4884 εἰς-τριακοσίους
2348 4796 2852 4884 ἠριθμημένουξςοῦ
2903 4796 2961 4850 δε
3001 4798 3287 4884 ςΠριλάπου
3347 4805 3436 4852 καὶ
3486 4810 3585 4853 τῶν
3635 4809 3753 4875 περὶ
3797 4796 3952 4857 αὐτὸν
4000 4796 4168 4878 οἶτρα-

1060 4853 1095 4854 η
1268 4853 1276 4873 ,
1573 4853 1608 4862 -,
1897 4853 1908 4858 -
1993 4853 2001 4869 ,
2285 4853 2298 4858 -
2364 4853 2372 4855 .
2534 4853 2543 4858 .
2717 4853 2727 4862 .
4004 4853 4055 4858 --
4104 4853 4137 4859 .-

785 4853 1053 4949 ⁴λυμάτων
1122 4878 1210 4949 τόν
1283 4872 1335 4924 ὃν
1389 4853 1502 4941 εἶχε
1569 4874 1869 4949 Σκουτξριον
1926 4870 2116 4921 Ξυλέαν
2176 4853 2562 4949 ὠνόμαοίμέιξονι
2593 4872 2664 4933 εἰς
2740 4867 2800 4922 δὲ
2822 4874 2906 4922 τόν
2941 4853 3148 4922 Βελεσόν
3173 4874 3256 4921 κοὶ
3284 4874 3349 4923 τὰ
3378 4878 3496 4947 περί
3530 4853 3802 4927 αύτόνλτόν
3846 4853 4169 4949 Καλαμπιάκι

790 4944 1083 5022 Θεόδωρον,
1112 4948 1164 4998 ὃν

785 5039 896 5092 νου,
928 4990 1015 5092 ἑλέ-ε
1046 4990 1106 5072 ἐξ
1142 5019 1346 5071 πάντων
1376 5015 1754 5090 προίστασθαι.

1211 4950 1301 4996 καὶ
1330 4951 1500 5020 τατάν.
1519 4951 1613 5003 τῆς
1655 4941 1827 5020 Δαύλῆς
1874 4945 2262 5014 κατωνόμαζον,
2312 4941 2399 4995 τὸν
2451 4941 2510 4997 δε
2555 4943 2860 5017 Χαϐάρωμα
2914 4949 3299 4996 Κωνσταντίνον
3359 4941 3450 5005 εἰς¹
3493 4946 3775 5020 ἡγεμονίας
3822 4958 3915 5002 τοῦ
3979 4941 4168 5004 Ἄλϐά-

1679 5138 2022 5207 Theodori
2073 5140 2324 5208 Dousa
2374 5149 2440 5208 et
2486 5137 2739 5207 Leonis
2790 5136 3022 5205 Allatii
3072 5147 3275 5206 nota.

856 5309 967 5378 (42)
989 5307 1144 5380 Ἀνὴρ
1174 5301 1235 5358 δέ
1263 5324 1364 5366 τις.
1398 5303 1821 5380 Gregoras,_p._
1847 5302 1932 5357 59.
1984 5307 2121 5356 ALL.

856 5370 968 5452 (43)
1025 5370 1386 5436 Πεκλάαπακις
1442 5370 1536 5452 est
1586 5370 1979 5452 Begléraegas
2033 5370 2197 5452 apud
2226 5374 2444 5427 Turcas

784 5443 961 5525 (quos
989 5452 1082 5506 hic
1115 5453 1320 5525 Persas
1334 5446 1864 5525 vocatlogotheta),
1889 5443 2198 5525 dignitatis
2224 5458 2443 5525 nomen

785 5514 931 5580 éa‘ltis
963 5531 1196 5578 notum.
1241 5514 1600 5591 Beglerbegi
1635 5518 1932 5591 signiﬁcat
1958 5519 2213 5588 ἄρχοντες
2244 5514 2441 5591 ἀρχόν-

781 5615 904 5663 των,
933 5597 1162 5650 domini
1192 5586 1571 5649 dominorum
1607 5609 1619 5656 ;
1661 5598 1717 5644 et
1741 5588 1856 5663 ipsi
1900 5586 2104 5663 Bassa
2134 5586 2442 5663 appellati.

779 5671 846 5724 ln
869 5657 986 5724 ms.
1019 5668 1310 5722 Chronico
1325 5657 1824 5737 Cpolitanoapud
1842 5661 2161 5737 Meursium
2180 5657 2446 5737 Μπεγλερ-

777 5747 894 5804 πεῖς
920 5739 1198 5796 scribitur
1231 5754 1245 5806 ;
1279 5741 1336 5795 et
1365 5730 1524 5808 sape
1572 5732 1657 5791 ibi
1693 5730 1974 5790 occurrit.
2007 5733 2069 5787 V.
2099 5731 2174 5788 de
2203 5730 2445 5788 Glossa-

2557 5300 2735 5379 rium.
2747 5303 2872 5379 Pra
2881 5304 2967 5379 tor
2981 5299 3198 5379 Qr‘ecia
3213 5299 3552 5379 historicus,
3570 5303 3924 5379 Leunclavio
3937 5322 4016 5363 sa
4025 5308 4080 5379 pi
4091 5326 4166 5364 us

2553 5371 3252 5447 laudatusLllcxM‘onum;
3303 5371 3529 5447 scribit,
3556 5381 3613 5447 et
3655 5375 3815 5440 dicit,
3851 5371 4168 5447 Beglérbe-

2553 5443 3039 5525 gerrime/ﬁcium
3056 5443 3414 5525 respondere
3425 5445 3712 5525 dignitati
3724 5449 3819 5525 ’ξεί
3830 5443 4024 5525 οἶβῌο
4038 5468 4170 5507 ma-

2553 5516 2704 5570 a'imi
2729 5517 3239 5593 stratopedurctza
3260 5516 3442 5586 (idem
3465 5516 3558 5593 hic
3585 5516 4166 5593 innuitlogotheta),

2555 5603 2736 5659 quem
2751 5601 2910 5641 nunc
2923 5588 3264 5656 generalem
3281 5589 3480 5656 campi
3492 5604 3704 5644 vocare
3720 5588 3904 5659 solem
3915 5610 4002 5648 us.
4020 5588 4168 5652 Vide

2553 5654 3048 5741 incomparabilis
3064 5659 3172 5714 viri
3192 5654 3536 5741 Pandecten
3558 5661 3772 5734 Hister,
3803 5664 3855 5720 Τ
3852 5654 4003 5731 ara,
4019 5682 4165 5741 cap.

2559 5733 2646 5800 14,
2671 5730 2778 5788 ubi
2807 5734 2863 5788 et
2893 5731 3102 5788 emires
3131 5731 3394 5804 exponit.
3438 5733 3653 5790 Dousa.
