4470 6452
240 398 367 454 1161
1616 390 1959 452 ANNALES.

1832 390 1959 452 .ES.
3461 396 3597 453 1162

236 522 408 579 πάκην
435 517 730 597 Θεόδωρον,
751 519 805 574 ὃν
834 522 923 573 καὶ
950 523 1108 573 τατᾶν
1138 526 1229 580 τῆς
1284 516 1439 578 αὐλῆς
1495 518 1612 591 (44)
1664 539 1833 572 κατω·
1865 521 1913 574 Α
1942 518 2001 575 10

1830 550 1833 560 ›
1865 521 1913 574 Α
1942 518 2139 575 lorum
2168 514 2572 575 obliviscerer.
2598 519 2870 591 Namque
2895 518 3030 590 post
3058 516 3271 591 plagas
3316 522 3595 592 acceptas

234 610 481 682 νόμαζον·
534 614 621 663 τόν
702 607 761 663 δε
844 608 1141 684 Χαϐάρωνα
1189 615 1544 662 Κωνστατίνον
1596 608 1663 668 εἰς
1720 609 1836 680 ἡγε-
1953 610 1996 679 ι

1832 640 1836 649 ι
1953 607 2127 680 149
2167 623 2482 681 nunquam
2510 623 2604 663 me
2630 606 2875 663 liberius
2898 606 3093 663 dicere
3114 622 3249 679 quas
3275 608 3597 678 seniorem,

239 704 417 771 μονίαν
442 708 534 753 τοῦ
581 698 828 752 Ἀλϐάνου
894 703 1230 757 κατέστησεν.
1292 699 1413 772 Ἐμε
1460 694 1519 751 δι
1578 702 1839 773 πραίτορα
1946 714 2004 754 nl

1835 717 1839 747 ι
1946 713 2261 770 nunquam
2284 696 2482 753 verbis
2498 696 2878 753 hilarioribus
2898 711 3065 752 more
3086 711 3222 753 meo
3244 696 3328 753 uti
3348 712 3600 770 conspe-

238 794 623 861 χειροτονήσας
685 791 887 842 πάντων
976 787 1143 841 αὐτῶν
1221 785 1385 860 ἀφῆκε
1458 788 1835 862 προίστασθαι.
1948 803 2003 843 Χ(

1948 791 2140 843 xerat.
2173 788 2241 843 Ut
2261 802 2404 857 ergo
2420 785 2602 857 longa
2627 785 2745 842 ista
2765 800 2935 842 mora
2955 800 3275 842 maerorem
3296 802 3327 842 e
3360 791 3600 859 pectore

240 882 404 930 Τοῦτο
469 874 549 949 δί,
618 879 688 941 ὡς
739 874 907 951 οἶμαι,
960 882 1257 943 πεποίηκεν,
1319 878 1401 929 ἳνα
1451 884 1512 935 τῆ
1582 875 1634 940 ἐξ
1683 875 1841 928 αὐτοῦ
1951 872 2005 930 ἀι

1836 882 1841 920 i
1951 872 2276 945 demerem,
2299 876 2360 932 id
2391 880 2633 947 egerat;
2702 875 2951 932 fortasse
2992 877 3173 931 etiam
3229 876 3347 931 mei
3394 879 3601 932 contu-

240 971 535 1043 μακροτέρα
573 964 849 1039 ἀποδημίᾳ
887 965 954 1028 εἰς
997 965 1159 1025 λήθην
1222 966 1289 1017 ὧν
1333 964 1620 1018 ἕπεπόνθειν
1682 968 1844 1037 γενοί-
1951 964 2005 1021 bl

1838 994 1844 1005 -
1951 964 2162 1029 bernii,
2186 964 2353 1038 quod
2383 964 2750 1033 fastidiebat,
2784 963 2981 1020 taedio.
3012 966 3173 1038 Saepe
3226 964 3385 1021 enim
3433 964 3494 1020 in
3533 964 3603 1020 iis

243 1074 365 1129 μην.
409 1054 551 1110 Οὐδε
579 1060 679 1131 γὰρ
731 1053 837 1110 εἶδέ
875 1061 938 1130 μέ
988 1075 1111 1110 ποτε
1169 1058 1299 1129 μετὰ
1336 1058 1426 1117 τὰς
1473 1054 1677 1128 πληγὰς
1735 1054 1845 1107 λευ·
1955 1068 2008 1127 qI

1842 1081 1845 1091 ι
1955 1068 2090 1127 quae
2121 1052 2215 1111 ille
2246 1060 2454 1112 contra
2465 1055 2564 1126 jus
2590 1054 2801 1127 fasque
2823 1052 3193 1124 intendebat,
3223 1053 3353 1127 ipse
3392 1052 3607 1111 adver-

247 1147 562 1221 θεριάσαντα
621 1152 711 1199 καὶ
782 1146 949 1219 λόγοις
1026 1149 1441 1220 χαρωποτέροις,
1522 1148 1588 1207 ὡς
1653 1143 1845 1197 εἰώθειν
1959 1142 2154 1199 sabar.

239 1239 370 1310 πρὸς
396 1235 901 1309 αὐτόνχρήσασθαι.
959 1233 1071 1289 Ἵνα
1122 1243 1245 1307 γοῦν
1302 1242 1362 1294 τῆ
1430 1239 1623 1307 χρονίᾳ
1672 1235 1833 1289 ταύτη
1868 1227 2114 1307 διατριϐὴ
2146 1240 2233 1294 τῆς
2268 1230 2454 1307 ψυχῆς
2504 1234 2533 1292 ἡ
2592 1234 2964 1309 σκυθρωπότης
3010 1228 3281 1291 διαλυθείη
3325 1251 3435 1306 μοι,
3477 1235 3607 1285 πίπ·

242 1340 379 1399 ραχε
407 1333 580 1380 τοῦτο.
610 1328 768 1397 Τάχα
817 1321 875 1378 δι
901 1331 990 1378 καὶ
1021 1327 1089 1385 ὡς
1129 1321 1494 1399 δυσχεραίνων
1534 1321 1595 1383 ἦν
1624 1328 1716 1383 τὴν
1765 1321 2037 1386 ξυναυλίαν
2093 1342 2192 1396 μου
2241 1320 2611 1397 βαρυνόμενος⁸
2645 1328 2993 1400 προσέκρουον
3019 1325 3121 1398 γὰρ
3160 1323 3298 1395 αὐτῷ
3362 1320 3610 1383 πολλάκις

246 1413 323 1487 ἔφ’
355 1416 431 1478 οἷς
462 1412 610 1474 ἤδειν
649 1415 706 1468 οὗ
729 1417 865 1468 κατὰ
900 1419 986 1467 τὸν
1015 1412 1433 1489 διαπράττεσθαι
1465 1415 1691 1469 θελοντα.

316 1502 411 1566 EC.
443 1502 502 1556 Ὀ
540 1506 629 1577 μεν
669 1500 756 1557 οὖν
803 1506 851 1540 ⁸⁸
911 1502 1163 1577 βασιλεὺς
1210 1507 1340 1577 πρὸς
1396 1508 1487 1562 τὴν
1554 1503 1617 1557 ἔω
1672 1500 1849 1567 ἁπηει,

1522 1148 1588 1207 ὡς
1653 1143 1845 1197 εἰώθειν

246 1588 346 1664 ὶγὼ
408 1589 467 1646 δε
550 1592 948 1666 κατελελείμμην
1020 1600 1127 1655 τοῖς
1199 1590 1247 1645 ἐν
1303 1590 1505 1665 δυσμῆ.
1564 1598 1672 1653 Τῆς
1727 1598 1851 1662 ’γοῦν

247 1683 639 1745 Θεσσαλονίκης
688 1682 831 1746 ἐξιὼν
918 1681 1176 1755 ἀφικόμην
1260 1681 1345 1735 ἐπὶ
1418 1686 1509 1741 τὴν
1588 1681 1849 1756 Βέρρόιαν·

248 1770 417 1825 ἕκείσε
445 1775 546 1848 γὰρ
585 1774 828 1847 ὑπῆρχον
850 1778 939 1825 καὶ
970 1774 1130 1825 οἱτοῦ
1192 1773 1383 1825 πάππα
1446 1769 1710 1847 πρέσϐεις,
1769 1770 1858 1831 οὖς

255 1859 559 1915 ἀπεκϐαλεῑν
618 1860 887 1936 βασιλικῷ
933 1866 1303 1939 προστάγματι
1363 1862 1589 1936 ἔμελλον.
1661 1858 1860 1913 Κὰκῖσε

253 1956 441 2027 μικρὸν
470 1958 937 2028 προσκαρτερήσας
978 1949 1072 2006 διὰ
1101 1957 1194 2011 τὴν
1224 1960 1324 2005 τῶν
1380 1950 1643 2025 πρέσϐεων
1696 1949 1859 2003 ἁπεκ-

255 2040 408 2100 6ολὴν
435 2048 525 2094 καὶ
558 2038 631 2094 δι’
677 2041 851 2117 ἐτέρας
916 2045 1057 2103 τινὰς
1114 2043 1406 2109 ὑποθέσεις,
1467 2040 1657 2094 ἐκεῖθεν
1714 2038 1859 2103 ἐξιὼν

254 2135 343 2192 τῆς
372 2132 497 2205 πρὸς
552 2134 611 2184 τὸ
677 2129 930 2185 Ἀλϐανόν
988 2134 1245 2205 φερούσης
1302 2133 1563 2204 ἡπτόμην.
1635 2133 1735 2183 Καὶ
1790 2122 1857 2186 δὴ

258 2222 325 2273 τὰ
354 2219 539 2294 Σίρϐια
576 2220 842 2295 παρελθὼν
906 2227 995 2275 καὶ
1032 2220 1364 2295 παραμείψας
1404 2225 1497 2279 τὴν
1568 2222 1861 2294 Καστορίαν

257 2310 348 2364 καὶ
401 2314 467 2364 τα
529 2316 648 2385 περὶ
708 2316 802 2370 τὴν
881 2308 1116 2387 Ἀχρίδα
1166 2310 1518 2384 παραγγείλας
1604 2308 1862 2383 ἀφικόμην

258 2398 342 2453 ἐπὶ
390 2403 449 2452 τὸ
503 2399 772 2468 ⁴Αλίῗανον,
813 2398 912 2454 κάκ
965 2405 1150 2454 τούτου
1201 2404 1328 2475 μετὰ
1374 2410 1471 2453 τῶν
1534 2410 1624 2461 τῆς
1683 2406 1863 2474 χώρας

256 2488 500 2564 ἐκκρίτων
544 2492 827 2564 κατείληφα
880 2495 938 2544 τὸ
1001 2490 1316 2567 Δυρράχιον.
1366 2494 1587 2545 Κὰκείσε
1638 2486 1862 2566 διακαρ-

256 2586 479 2656 τερήσας
528 2582 721 2655 ἡμέρας
807 2578 939 2633 ὀκτὼ
990 2580 1152 2644 ἐξήειν
1220 2583 1389 2633 πάντα
1452 2583 1517 2633 τὰ
1579 2580 1693 2633 καθ’
1740 2576 1863 2633 ὁδὸν

258 2670 606 2745 οἰκονομήσας
642 2676 732 2724 καὶ
778 2676 1102 2747 καταρτίσας
1154 2674 1223 2732 ὡς
1279 2672 1454 2744 ἔμοιγε
1509 2666 1623 2723 δίον
1672 2666 1862 2740 ἐδόκει,

258 2763 395 2814 κατὰ
424 2768 592 2814 ταῦτα
615 2758 672 2814 δὲ
701 2766 789 2814 καὶ
815 2764 880 2813 τὰ
905 2769 995 2813 τοῦ
1055 2759 1356 2836 Δυρραχίου
1420 2762 1550 2832 (45).
1608 2759 1865 2833 Ἐξορμή-

263 2866 362 2913 σας
388 2859 513 2924 γοῦν
540 2858 631 2904 τοῦ
663 2851 962 2927 Δυρραχίου
990 2857 1079 2903 καὶ
1125 2848 1340 2904 διελθὼν
1398 2851 1465 2903 τὰ
1518 2859 1607 2911 τῆς
1664 2859 1866 2904 Χουνα-

263 2939 401 3008 ϐίας,
425 2944 593 2994 καὶτὸ
623 2945 740 3018 ὅρος
763 2940 985 3015 ὑπερϐὰς
1036 2942 1061 2993 ὃ
1088 2936 1155 2999 δὴ
1208 2941 1383 2999 Κακὴν
1458 2942 1653 3015 Πέτραν
1718 2957 1867 2993 κατο-

260 3031 602 3104 νομάζουσιν,
665 3031 734 3093 εἰς
785 3034 851 3083 τά
930 3036 1047 3105 περὶ
1104 3035 1196 3089 τὴν
1255 3032 1439 3088 Μάτην
1506 3029 1708 3099 ἀπῄειν,
1751 3029 1863 3082 κὰν-

262 3122 437 3174 me.»
468 3120 553 3175 ἐπὶ
582 3125 673 3180 τὴν
696 3120 887 3195 Δέρϐην
915 3118 1159 3194 ἀφῖγμαι.
1196 3125 1333 3174 Πᾶσι
1371 3117 1429 3173 δὲ
1477 3127 1582 3181 τοῖς
1640 3117 1698 3173 δὲ
1752 3119 1868 3174 καθ’

265 3208 389 3265 ὁδόν
422 3209 692 3284 ξυντυχών
718 3220 826 3274 τοῖς
853 3208 984 3286 ἀμφὶ
1017 3212 1083 3265 τὰ
1140 3213 1277 3270 ἄστη
1345 3216 1433 3264 καὶ
1490 3219 1571 3264 τοῑ
1616 3211 1748 3285 ἀμφὶ
1808 3214 1875 3265 τὰ

264 3303 460 3355 τοπικὰ
514 3305 881 3375 στρατεύματα
962 3305 1047 3353 καὶ
1104 3308 1209 3362 τοῖς
1259 3304 1323 3354 τὰ
1381 3296 1620 3373 δημόσια
1669 3297 1872 3375 ,διεπρ-

262 3394 533 3466 γουμένοις
609 3393 914 3465 πράγματα,
979 3387 1072 3443 διὰ
1135 3400 1226 3452 τῆς
1303 3389 1610 3454 Κυτζάϐεως
1675 3396 1874 3467 παριὼν

265 3481 351 3535 hri
381 3484 475 3535 πὸν
504 3481 763 3556 Πρίλαπον
796 3479 1060 3555 ἐγενόμην.
1094 3483 1299 3539 Ταύτην
1351 3488 1475 3553 γοῦν
1515 3484 1609 3540 τὴν
1666 3482 1875 3556 πορείαν

265 3576 362 3630 τὴν
403 3570 458 3623 ἐκ
498 3570 890 3633 Θεσσαλονίκης
920 3574 1084 3644 μέχρι
1113 3574 1202 3622 καὶ
1242 3569 1401 3623 αὐτοῦ
1447 3577 1538 3624 τοῦ
1607 3570 1875 3644 Πριλάπου

2031 1508 2117 1567 6'7.
2141 1511 2682 1585 lmperatoritaque
2703 1511 2763 1568 in
2800 1511 3098 1569 Orientem
3125 1510 3434 1583 processit,
3495 1524 3608 1583 ego

1960 1598 2020 1655 in
2052 1601 2317 1657 occiduis
2344 1601 2612 1674 partibus
2636 1601 2837 1660 restiti.
2864 1604 3152 1671 Egressus
3180 1599 3609 1657 Thessalonica

1966 1692 2261 1747 Berroeam
2301 1691 2665 1763 proﬁciscor,
2694 1690 2797 1746 ubi
2828 1695 2885 1747 et
2907 1704 3078 1764 papas
3105 1689 3285 1762 legati
3322 1690 3609 1747 immoraa

1962 1779 2200 1845 bantur,
2257 1797 2410 1853 quos
2471 1779 2854 1853 imperatorio
2904 1786 3193 1836 mandato
3251 1779 3612 1836 dimissurus

1965 1884 2148 1925 eram.
2178 1868 2261 1925 lbi
2293 1875 2534 1942 prOpter
2562 1869 2895 1941 legatorum
2928 1870 3342 1925 dimissionem
3381 1869 3617 1942 aliaque

1966 1958 2258 2015 nonnulla
2279 1960 2519 2030 negotia
2542 1959 2856 2031 paululum
2879 1964 3213 2025 cunctatus,
3257 1958 3396 2015 dein
3428 1959 3614 2014 disce‘

1967 2047 2115 2104 dens
2142 2048 2353 2105 Albani
2382 2049 2541 2104 viam
2570 2048 2891 2118 ingredior,
2928 2054 2981 2105 et
3007 2048 3217 2104 Serviis
3249 2064 3285 2105 a
3328 2052 3491 2119 tergo
3535 2064 3622 2103 re-

1903 2147 1940 2201 Β
1968 2137 2139 2208 lictis,
2163 2143 2218 2195 et
2240 2139 2568 2196 Castoriam
2589 2144 3064 2210 praetergressus,
3085 2154 3194 2195 nec
3219 2154 3343 2194 non
3366 2136 3624 2193 Achrida

1971 2226 2552 2300 e1apsus,Albanum
2566 2228 2880 2295 convenio,
2906 2228 3165 2301 indeque
3193 2244 3331 2283 cum
3374 2226 3623 2283 nobilio-

1968 2318 2138 2375 ribus
2170 2313 2334 2374 urbis
2355 2318 2577 2375 accolis
2610 2319 3003 2391 Dyrrachium
3033 2323 3171 2391 peto
3199 2335 3211 2385 ;
3238 2316 3339 2373 ubi
3358 2332 3463 2389 per
3496 2316 3625 2371 dies

1970 2412 2103 2465 octo
2127 2407 2305 2463 rebus
2322 2407 2473 2464 inter
2501 2408 2767 2463 eundum
2789 2414 3234 2481 peropportune
3272 2405 3627 2480 praaparati‘s

1971 2498 2418 2571 adornatisque,
2459 2502 2523 2554 ut
2553 2497 2698 2553 mihi
2720 2497 3098 2554 commodius
3135 2495 3473 2565 videbatur,
3509 2494 3623 2567 Pyr

1971 2586 2277 2659 rachiique
2307 2586 2558 2655 negotiis
2584 2586 2953 2659 compositis,
2976 2586 3035 2642 in
3058 2587 3219 2642 viam
3246 2584 3533 2656 deducor,
3569 2588 3628 2640 et

1972 2676 2280 2734 Chunavia
2306 2692 2572 2745 emensa,
2597 2683 3132 2748 etmontemquam
3148 2678 3364 2732 Malam
3386 2676 3621 2730 Pctram

1973 2766 2407 2837 cognominant
2438 2782 2777 2839 permeans,
2811 2768 3020 2823 Matcm
3048 2764 3417 2838 progredior,
3465 2762 3627 2818 indes

1972 2869 2090 2929 que
2124 2854 2374 2912 Derbem
2405 2855 2663 2929 appello,
2697 2872 2836 2911 cum
2858 2854 3149 2911 universis
3171 2854 3277 2927 qui
3322 2854 3382 2909 in
3422 2851 3629 2908 itinere

1973 2945 2219 3003 obviam
2242 2944 2376 3001 facti
2410 2950 2568 3012 sunt,
2617 2946 2842 3017 quique
2868 2944 2961 3000 vel
2984 2943 3211 3017 oppida
3240 2942 3333 3000 vel
3364 2941 3632 3015 privatos

1909 3070 1948 3125 ρ
1974 3036 2265 3092 exercitus
2297 3034 2391 3091 vel
2423 3035 2800 3108 publicarum
2834 3035 3011 3091 etiam
3068 3049 3271 3090 rerum
3327 3047 3634 3088 summam

1983 3126 2156 3199 150
2202 3130 2576 3197 peragerent,
2629 3140 2969 3181 sermonem
3023 3138 3345 3180 conserens
3376 3138 3389 3190 ;
3418 3126 3475 3178 et
3529 3136 3637 3187 per

1978 3212 2283 3287 Cytzabim
2314 3213 2608 3269 transiens
2639 3212 2955 3284 Philapum
3006 3210 3308 3269 contendi.
3352 3211 3465 3267 lter
3522 3208 3637 3266 hoc

1978 3302 2399 3359 Thessalonica
2430 3306 2695 3375 coeptum
2727 3301 2806 3358 ad
2830 3302 3135 3374 Prilapum
3166 3316 3361 3373 usque
3396 3315 3501 3372 per
3522 3303 3639 3355 tres

1981 3406 2217 3449 menses
2240 3397 2593 3465 tempestate
2608 3390 2862 3448 hiberna
2879 3391 3118 3464 perfeci.
3138 3388 3447 3447 Decembri
3469 3404 3638 3445 nam-

1981 3498 2099 3556 que
2129 3484 2362 3538 Berroea
2391 3481 2687 3552 egredior,
2729 3486 2786 3539 et
2810 3480 3129 3538 Februario
3168 3484 3420 3537 exeunte
3457 3478 3638 3536 Prila~

1982 3590 2130 3646 pum
2164 3572 2424 3646 appello.

266 3652 362 3714 διὰ
399 3668 554 3736 τριῶν
584 3664 846 3718 πεποίηκα
882 3667 980 3712 τῶν
1012 3667 1183 3732 μηνῶν
1213 3667 1473 3732 χειμῶνος
1502 3658 1633 3733 ὥρᾳ.
1665 3659 1930 3736 Δεκέϐριος
1954 3664 2054 3736 γὰρ
2080 3660 2140 3721 ἦν
2172 3663 2325 3716 ὁπότε
2346 3668 2439 3724 τῆς
2467 3659 2709 3738 Βερῥοίας
2754 3660 3014 3736 ἐξώρμων,
3037 3677 3127 3714 και
3183 3664 3240 3715 τὸ
3287 3659 3635 3738 Φεϐρουαρίου

266 3751 410 3813 τέλος
438 3754 520 3803 επὶ
560 3754 645 3802 τὸν
677 3749 937 3824 Πρίλαπον
970 3745 1085 3822 εἶχέ
1120 3770 1200 3822 με.

341 3835 438 3903 ξεί.
494 3840 692 3893 Ἐκεῖσε
768 3848 894 3911 γοῦν
949 3838 1228 3913 ἀφιγμένου
1282 3860 1381 3913 μου
1456 3842 1596 3913 φήμη
1654 3841 1870 3915 πάμπαν

270 3924 415 3988 δεινή
441 3938 551 3992 τοίς
587 3930 713 3982 ὠσὶν
753 3929 1125 4004 ὠπεισέφρησε.
1158 3932 1234 3982 Τὰ.
1274 3926 1333 3982 δὲ
1397 3938 1491 3992 τῆς
1545 3935 1743 4003 φήμης,
1796 3933 1876 3984 ὅτι

269 4036 364 4095 περ
400 4023 495 4078 τὴν
525 4022 798 4093 ἡγεμονίαν
824 4027 915 4072 τοῦ
976 4018 1226 4074 Ἀλϐάνου
1284 4022 1414 4094 πρὸς
1472 4027 1564 4071 τοῦ
1622 4016 1878 4093 βασιλέως

269 4105 487 4163 λαϐὠνὸ
526 4109 782 4183 Χαϐάρων
844 4116 1227 4173 Κωνσταντῖνος
1292 4112 1423 4184 πρὸς
1478 4117 1568 4162 τοῦ
1619 4106 1878 4164 δεσπότου

270 4200 497 4272 Μιχαὴλ
539 4199 666 4253 ἑάλω
719 4207 985 4272 μηχαναῖς
1064 4206 1159 4259 τῆς
1232 4195 1653 4272 γυναικαδέλφης
1720 4200 1879 4253 αὐτοῦ

270 4294 501 4366 Μαρίας,
550 4292 663 4351 ἧτις
726 4297 943 4365 προεῖχε
996 4292 1085 4362 μὲν
1125 4286 1296 4362 ἄνδρα
1349 4290 1649 4361 Σφραντζῆν
1703 4290 1881 4343 τούπί·

271 4380 421 4449 κλην,
462 4386 576 4433 τότε
600 4378 657 4433 δὲ
723 4382 935 4454 ὑπῆρχε
996 4385 1165 4454 χήρᾳ·
1220 4376 1395 4443 δόλοις
1446 4383 1546 4456 γὰρ
1604 4380 1733 4440 αὐτὴ
1793 4384 1881 4433 τὸν

2057 3845 2144 3897 68.
2174 3840 2282 3898 Ubi
2312 3857 2383 3898 eo
2426 3841 2746 3911 venissem,
2801 3853 2917 3897 vox
2962 3840 3267 3914 quaedam,
3315 3839 3422 3896 sed
3458 3836 3639 3896 nimis

1986 3930 2117 3988 dira
2144 3929 2221 3987 ad
2252 3946 2427 3987 aures
2451 3935 2692 3987 nostras
2725 3929 2989 3987 advolat.
3014 3932 3237 3987 Rumor
3258 3933 3385 3986 erat
3413 3927 3641 3985 Chaba-

1986 4036 2196 4079 ronem
2219 4020 2696 4089 Constantinum,
2754 4021 2847 4077 cui
2899 4020 3115 4076 Albani
3156 4020 3513 4093 praefectura
3564 4018 3643 4076 ab

1988 4110 2348 4182 imperatore
2383 4109 2709 4166 commissa
2738 4109 2949 4176 fuerat,
2979 4125 3015 4165 a
3042 4107 3320 4165 Michaele
3372 4108 3643 4180 despota,

1990 4199 2194 4255 uxoris
2226 4198 2382 4254 illius
2414 4199 2634 4255 sororis
2648 4199 2864 4269 Mariae,
2886 4212 3021 4270 qum
3050 4198 3215 4271 prius
3239 4197 3366 4255 viro
3387 4196 3648 4270 Sphran-

1993 4292 2098 4344 tzae
2139 4287 2496 4357 cognomine
2527 4292 2839 4360 nupserat,
2887 4286 2994 4343 sed
3023 4292 3148 4343 tum
3180 4286 3366 4343 vidua
3419 4289 3653 4342 aetatem

1998 4376 2236 4446 agebat,
2268 4376 2502 4432 insidiis
2531 4376 3002 4432 circumventum
3036 4380 3281 4448 captum
3319 4374 3501 4431 fuisse
3551 4373 3655 4430 111a

273 4469 569 4547 Χαϐάρωνα
620 4469 958 4543 μετελθοῦσα,
1040 4474 1129 4522 καὶ
1196 4471 1504 4543 γράμμασιν
1586 4469 1885 4545 ἕρτωτικοῖς
1922 4482 2038 4552 De

1922 4497 1967 4552 Β
1999 4467 2217 4522 etenim
2244 4464 2397 4521 dolis
2420 4465 2786 4522 subductum
2815 4470 2869 4521 et
2901 4465 3106 4522 litteris
3160 4465 3470 4521 amatoriis
3508 4463 3650 4520 insi-

274 4556 575 4614 δελεάσασα
628 4563 813 4613 τούτου
897 4562 957 4611 τὸ
1055 4563 1295 4634 φρόνημα
1356 4560 1685 4636 (κουφότερος
1780 4562 1882 4634 γὰρ

276 4651 364 4726 [Ρ.
398 4651 490 4724 ’78]
524 4650 673 4712 οὗτος
705 4654 823 4725 περὶ
852 4652 919 4703 τὰ
956 4668 1175 4702 τοιαυτα
1229 4652 1508 4721 τυγχάνων
1563 4647 1646 4719 ἦν,
1698 4653 1741 4704 εἶ
1797 4654 1887 4703 καὶ

277 4741 442 4805 ἄλλως
494 4740 651 4803 καλὸς
731 4739 988 4812 ἐτύγχανε
1079 4742 1452 4813 στρατιώτης),
1530 4746 1642 4801 ταῖς
1688 4742 1889 4812 πάγαις

1998 4556 2163 4612 diose
2195 4555 2579 4628 compulsum
2606 4554 2895 4628 (namque
2929 4554 2988 4611 in
3018 4553 3110 4610 his
3140 4560 3266 4610 erat
3300 4552 3395 4610 ille
3443 4553 3651 4623 levior,

1997 4646 2132 4703 licet
2162 4646 2334 4702 miles
2364 4650 2660 4718 praestans
2688 4650 2869 4719 atque
2916 4646 3214 4717 egregius)
3253 4646 3478 4701 retibus
3551 4644 3653 4700 illa

2000 4737 2122 4792 suis
2151 4736 2463 4808 intercipit.
2529 4735 2672 4791 Hinc
2702 4736 2905 4809 palam
2968 4736 3209 4793 Michael
3256 4735 3652 4792 defectionem

353 4869 402 4904 ⁵⁸
427 4870 469 4924 D
500 4866 761 4923 duorum
801 4870 1067 4938 capitum
1104 4864 1357 4938 locoi(67
1384 4863 1567 4938 et68):
1600 4868 1701 4917 Καὶ
1729 4860 1946 4917 διελθὼν
1971 4866 2037 4916 τὰ
2056 4870 2117 4922 τῆ

1889 4868 1946 4915 ὢν
1971 4866 2037 4916 τὰ
2056 4870 2146 4938 τῆΑς
2172 4860 2467 4938 Χουναϐίας
2505 4865 2596 4938 καὶ
2615 4864 2682 4938 τὸ
2715 4865 2949 4938 ὄροςᾼτὴν
2975 4866 3140 4938 κακὴν
3170 4866 3388 4938 Πέῖραν,
3417 4865 3510 4920 τὴν
3541 4864 3654 4938 itid-

279 4944 397 5005 τὴν,
427 4944 513 4992 τὸν
536 4938 748 5013 Δέϐρην,
783 4929 895 4996 Triv-
911 4937 1196 5013 liu‘rtagw,
1216 4929 1286 4998 εἰς
1308 4929 1571 5011 Πρίλαπον
1597 4938 1797 5009 ἤχθην.
1832 4938 1966 4993 Εἶτα
1994 4942 2087 4994 τὴν
2119 4933 2392 4989 Ἀλϐανίαν
2413 4932 2715 4992 κατέλαϐον.
2742 4929 2945 4987 ’⁷Ηλθον
2974 4934 3044 4997 εἰς
3074 4929 3359 5009 Ἀχρίὸἀν,
3388 4938 3473 4988 τὸν
3496 4929 3653 4993 Σιὸη..

280 5018 594 5088 ρόκαστρον,
617 5008 799 5083 καὶτῷ
829 5008 1077 5083 Πριλάπῳ
1107 5008 1433 5087 προσέσχον.

1272 5138 1587 5200 Theodori
1611 5140 1837 5200 Dousaa
1866 5142 1928 5198 et
1956 5135 2183 5198 Leonis
2212 5134 2427 5195 Allatii
2459 5138 2646 5195 notae.

356 5266 552 5338 (44)¹Ο
582 5270 743 5328 τατᾶς
794 5272 889 5328 τῆς
939 5264 1100 5327 αὐλῆς
1154 5279 1378 5338 nomen
1415 5263 1744 5338 dignitatis
1826 5262 1887 5338 in

282 5334 428 5397 aula
454 5334 783 5412 Cpolitana,
813 5340 984 5410 cujus
1007 5337 1281 5412 meminit
1306 5334 1588 5407 Codinus,
1612 5336 1687 5393 de
1718 5334 1889 5391 vesti-

279 5408 568 5483 mentis'ej
581 5428 649 5466 us
664 5416 717 5467 et
730 5408 969 5467 ornatu.
997 5409 1108 5465 Sed
1124 5408 1355 5483 nullum
1372 5425 1596 5483 munus
1619 5423 1731 5483 suo
1736 5412 1893 5483 tem-

279 5480 635 5561 porefuisse
656 5483 887 5561 scribit.
913 5485 1040 5561 Non
1055 5481 1196 5561 satis
1227 5480 1412 5561 liquet
1429 5480 1891 5561 anhujusTataa

279 5552 508 5627 inentio
531 5554 637 5611 ﬁat
652 5554 1065 5627 indepravata
1081 5557 1265 5627 veteri
1282 5552 1893 5627 inscriptione‘qraeca

282 5643 473 5700 quam
486 5626 616 5700 hinc
627 5622 1555 5700 nobis—meditantibussuggessit
1566 5622 1893 5700 multijugaa

281 5694 558 5757 Eetionis
598 5698 687 5755 vir
707 5698 977 5771 mihique
1007 5694 1407 5754 amicissimus
1433 5699 1638 5754 Petrus
1669 5694 1893 5771 Scrive-

288 5771 460 5833 rius:
506 5770 911 5827 ΕΤΕΙΜΗΣΑΝ·
952 5775 1148 5828 TATA.
1199 5774 1268 5842 N,
1320 5774 1411 5827 01.
1469 5773 1733 5843 I‘ONEIE,
1791 5770 1898 5823 BA-

581 5896 798 5963 Patrol.
829 5899 941 5975 Gr,
971 5897 1121 5958 CXL.

1995 5268 2237 5317 ΤΑΚΗΣ.
2299 5266 2410 5313 ΚΑΙ
2509 5265 2765 5317 ΛΠΟΦΗ.
2844 5263 3299 5317 Α-ΓΥΝΒΑΒΕΙΣ.
3365 5264 3659 5316 ΜΝΗΜΙῙΣ

2000 5340 2227 5407 XAPIN.
2260 5334 2457 5407 Exstat
2487 5333 2547 5407 in
2592 5332 2850 5407 Garater
2883 5333 3205 5407 inGalatia,
3262 5334 3664 5407 producitque

2000 5420 2073 5462 ex
2104 5406 2339 5462 schedis
2359 5404 2806 5478 Busbequianis
2838 5408 2900 5460 V.
2936 5406 2992 5460 C.
3020 5410 3076 5461 et
3104 5404 3198 5461 de
3224 5404 3532 5478 republica
3563 5404 3665 5462 lit-

1999 5478 2234 5606 teraingi2a8
2248 5476 2472 5603 olBtime
2496 5476 2742 5532 meritus
2761 5479 2945 5534 Janus
2968 5481 3268 5546 Gruterus,
3290 5476 3666 5548 7nscription

2000 5566 2061 5606 n.
2250 5592 2261 5604 .
2348 5562 2518 5606 OUSA.

2000 5566 2061 5623 p.
2103 5562 2261 5606 1128.
2300 5562 2518 5606 nouem.

2075 5623 2189 5695 (i5)
2270 5624 2416 5697 Κατὰ
2494 5627 2657 5674 ταῦτα
2732 5616 2805 5697 Δὁῖὶ
2874 5625 2970 5697 καὶ⁸
3174 5628 3267 5675 τοῦ
3337 5621 3664 5697 Δυρραχίου,

2003 5690 2095 5752 Ct“
2130 5690 2303 5755 Anna
2331 5694 2659 5763 Comnena,
2706 5693 2987 5753 Alexiad.
3040 5693 3145 5755 lib.
3167 5712 3250 5753 xu
3278 5696 3333 5755 et
3383 5690 3486 5755 in:
3512 5690 3660 5753 'ALL.

2939 5895 3009 5970 37,
