4470 6452
855 392 994 447 “63

2055 376 2337 436 GEORGII
2362 376 2829 439 ACROPOLITJE

4076 394 4212 454 MM

848 510 1008 568 fecit.
1036 513 1156 579 Ego
1184 509 1388 581 itaque
1415 507 1635 579 Prilapi
1661 505 1906 575 degens,
1933 506 1999 556 ut
2022 502 2286 573 primum
2326 501 2495 571 ﬂagi-
2526 506 2575 556 Α
2602 521 2613 552 1

2440 504 2495 566 :i-
2526 506 2575 556 A
2602 505 2795 564 ταύτης
2863 504 3127 577 ἁλώσιμος
3208 507 3446 579 ἐγεγόνει.
3496 510 3803 564 Τούντεῦθεν
3851 513 3925 576 εἰς
3974 513 4205 568 ἀποστα-

848 599 998 655 tium
1029 598 1252 666 audivi,
1282 613 1408 670 qua
1431 596 1595 669 potui
1617 592 1924 662 diligentia
1973 590 2216 657 litteras,
2268 589 2494 662 quibus

846 704 983 760 qum
1013 691 1337 742 evenerant
1382 685 1605 752 indico,
1678 682 1757 737 ad
1813 678 2153 736 Michaelem
2197 678 2494 733 Lascarim

844 777 1013 832 mitto
1043 776 1137 831 cui
1166 780 1223 830 et
1244 774 1626 845 Pelagoniam
1660 785 1994 835 accessum,
2024 774 2087 822 ut
2107 784 2178 822 eo
2191 766 2492 839 profectus

842 872 899 921 et
928 864 1190 921 amboin
1211 879 1402 918 unum
1425 858 1822 924 coeuntes,de
1842 856 2022 912 rebus
2051 872 2189 928 quin
2218 873 2339 925 prae
2370 872 2494 910 ma-

842 954 1022 1009 nibus
1050 957 1235 1017 erant,
1268 951 1587 1007 consilium
1608 948 1915 1004 iniremus.
1946 944 2141 999 Ambo
2164 959 2307 1012 ergo
2332 943 2490 998 Pela-

845 1042 1089 1113 goniam
1128 1040 1567 1113 progredimur.
1601 1037 1922 1093 Nobiscum
1967 1034 2265 1090 Scuterius
2286 1033 2492 1104 Xyleas

845 1132 1195 1188 advenerat:
1220 1132 1263 1199 1
1280 1131 1330 1202 5
1345 1132 1387 1199 1
1408 1145 1547 1184 eum
1566 1128 1717 1183 enim
1741 1125 1993 1180 militiam
2023 1124 2258 1178 doctum
2280 1122 2484 1178 velsal—

845 1226 963 1276 tem
976 1223 1387 1275 Romanorum
1400 1217 1552 1290 parti
1562 1232 1661 1271 um
1676 1215 1970 1270 fautorem
1997 1211 2411 1267 existimabam
2423 1228 2491 1265 us

842 1308 1339 1382 quandoquidem
1372 1313 1429 1362 et
1456 1302 2134 1378 imperatorTheodorus
2164 1316 2283 1355 non
2327 1300 2494 1356 aliter

840 1401 915 1456 de
937 1416 1009 1455 eo
1041 1399 1337 1454 sentiebat
1367 1414 1545 1465 ;nam
1574 1396 1893 1451 militarem
1924 1393 2017 1448 ille
2061 1392 2491 1463 experientiam

837 1504 962 1560 praa
990 1503 1051 1542 se
1078 1486 1325 1543 ferebat.
1349 1484 1810 1555 ostentabatque
1829 1498 1889 1537 se
1908 1497 2048 1551 erga
2067 1481 2489 1550 imperatorem

836 1575 1216 1647 reliquosque
1242 1577 1547 1629 Romanos
1599 1587 1725 1643 qua
1767 1570 2035 1626 maxima
2077 1566 2490 1623 benevolentia

835 1666 1013 1723 amci.
1046 1664 1451 1722 Convenimus
1486 1679 1497 1728 ;
1530 1660 1997 1717 deliberavimus
2014 1658 2357 1715 Michaelem
2382 1661 2485 1713 La-

835 1756 1053 1811 scarim
1084 1770 1223 1809 cum
1257 1753 1541 1808 universa
1571 1749 1827 1805 militum
1850 1764 2054 1816 manu,
2078 1749 2485 1801 Romanorum

2607 595 2724 641 σίαν
2790 592 2908 663 (46)
2992 598 3207 670 φανερὰν
3274 598 3300 647 6
3366 598 3589 669 Μιχαὴλ
3637 599 3942 674 ἐξωρμὴκει.
4011 602 4206 676 Ἔγωγε

2603 682 2693 750 μὲν
2723 676 2810 731 οὖν
2861 677 3060 752 διάγων
3124 689 3242 758 περὶ
3297 693 3383 737 τόν
3434 687 3696 760 Πρίλαπον
3750 696 3866 764 περὶ
3920 700 4012 743 τού
4054 711 4204 763 γεγε-

2603 773 2819 839 νημένου
2851 767 3119 843 δράματος
3150 772 3474 846 ἐπεπύσμην.
3518 775 3601 837 Ὠς
3656 774 3800 848 εἶχον
3854 787 3982 849 γοῦν
4042 799 4203 831 σπου-

2606 852 2706 917 δῆς
2734 863 2859 930 πρὸς
2923 880 3010 911 τον
3064 864 3337 934 Λασκαριν
3380 865 3602 935 Μιχαὴλ
3656 866 3934 925 επιστολὴν
3989 867 4201 941 ἐπεπόμ-

2604 965 2731 1016 φειν,
2764 951 2831 998 τὰ
2878 949 3241 1021 ξυμϐεϐηκότα
3280 956 3444 1023 τούτῳ
3499 951 3592 1006 διὰ
3652 959 3853 1018 ταύτης
3883 952 4200 1026 δηλοποιὼν,

2602 1040 2691 1087 καὶ
2721 1034 2804 1088 ἐπὶ
2846 1042 2941 1095 τὴν
2994 1040 3305 1110 Πελαγονίαν
3363 1040 3592 1113 ἀφῖχθαι
3639 1052 3821 1096 τοῦτον
3871 1048 4199 1119 γεγράφηκα,

2602 1125 2668 1184 ὡς
2700 1123 2759 1174 ἂν
2808 1131 2898 1176 καὶ
2948 1127 3104 1189 αύτός
3147 1127 3422 1199 ἀφιγμένος
3472 1131 3636 1184 ἐκεῖσε
3665 1140 3755 1185 καὶ
3814 1136 3968 1207 οῖμφω
4027 1137 4100 1197 εἰς
4153 1136 4200 1187 ἓν

2600 1219 2864 1283 γεγονότες
2906 1221 3025 1288 περὶ
3084 1226 3184 1267 τῶν
3266 1217 3360 1269 ἀνα
3412 1228 3599 1293 χεῖρας
3675 1224 3799 1293 ἡμῖν
3883 1229 4199 1297 πραγμάτων

2601 1306 2694 1358 τὴν
2748 1302 3042 1373 ξυμϐουλὴν
3099 1309 3475 1377 ποιησαίμεθα.
3562 1310 3885 1382 Ξυνὴλθομεν
3940 1323 4065 1383 γοῦν
4112 1318 4201 1365 καὶ

2600 1390 2753 1460 ἄμφω
2780 1389 2829 1441 ἐν
2854 1399 2915 1449 τῆ
2954 1392 3260 1464 Πελαγονίᾳ,
3303 1400 3392 1446 καὶ
3460 1396 3570 1467 μεθ’
3619 1400 3764 1469 ἡμῶν
3810 1404 3901 1452 καὶ
3943 1402 3969 1451 6
4015 1400 4199 1461 Ξυλέας

2599 1484 2920 1551 Σκουτέριος.
3011 1480 3451 1554 ’Υπελαμϐάνομεν
3524 1490 3626 1557 γὰρ
3710 1488 3864 1539 αὐτόν
3929 1490 4198 1559 ἄνθρωπον

2601 1572 2972 1638 στρατιωτικόν
3033 1567 3162 1620 εἶναι
3225 1571 3253 1628 ὴ
3323 1571 3417 1622 κᾶν
3465 1573 3849 1649 ῥωμαιόφρονα·
3938 1583 4028 1629 καὶ
4096 1581 4196 1651 γὰρ

2597 1660 2684 1706 καὶ
2713 1657 2739 1706 ό
2799 1656 3048 1728 βασιλεὺς
3106 1655 3376 1732 Θεόδωρος
3431 1661 3621 1719 πολλὴν
3674 1670 3788 1737 περὶ
3841 1665 4002 1738 αὐτού
4060 1668 4198 1738 εἶχεν

2596 1745 2876 1816 ὑπόληψιν,
2939 1755 3292 1819 στρατηγικὴν
3378 1770 3429 1802 τε
3502 1752 3654 1803 αὑτὸν
3707 1754 3894 1825 αύχεῖν
3932 1758 4199 1830 ἐμπειρίαν

832 1860 1048 1914 nempe
1076 1859 1146 1898 ac
1176 1842 1552 1913 Scytharum,
1588 1855 1660 1893 ex
1692 1841 1906 1892 Beraaee
1930 1836 2094 1899 locis,
2142 1834 2246 1889 ubi
2285 1841 2484 1891 castra
2521 1845 2597 1899 B:

2431 1852 2484 1891 ra
2521 1845 2567 1899 Β
2594 1839 2684 1884 και
2724 1839 2841 1909 περὶ
2882 1835 3037 1886 αὐτόν
3093 1841 3182 1888 καὶ
3210 1841 3278 1888 τὰ
3312 1847 3412 1890 τῶν
3466 1839 3730 1912 Ῥωμαίων
3780 1846 3979 1894 εὔνοιαν
4016 1852 4196 1902 κεκτῆ-

831 1932 1191 1995 metabatur,
1249 1930 1562 1985 deﬂectere
1620 1933 1676 1983 et
1729 1925 2114 1995 Pelagoniam
2160 1924 2376 1979 advehi
2423 1925 2483 1979 in

830 2037 1024 2094 eaque
1054 2019 1308 2076 tentoria
1356 2018 1572 2074 locare.
1640 2015 1861 2071 Eodem
1911 2014 2095 2069 modo
2154 2014 2483 2068 Scuterium

832 2110 1072 2182 Xyleam
1102 2125 1241 2164 cum
1274 2123 1385 2162 suo
1417 2108 1700 2170 exercitu,
1734 2101 2112 2159 multitudine
2142 2101 2321 2171 longe
2356 2119 2482 2156 am-

827 2200 1038 2273 pliore,
1063 2196 1324 2254 Michaeli
1352 2195 1586 2251 Lascari
1598 2193 1882 2263 conjungi
1896 2196 1952 2245 et
1972 2191 2130 2245 circa
2149 2190 2481 2259 Pelagoniae

825 2289 959 2345 loca
986 2292 1185 2343 castra
1217 2300 1460 2357 ponere.
1490 2285 1678 2339 Locus
1708 2280 1787 2337 ad
1808 2279 2106 2337 Michaelis
2128 2280 2391 2351 despotae
2409 2296 2480 2335 ac

827 2380 1147 2435 Servorum
1176 2374 1257 2441 (hi
1284 2374 1444 2429 enim
1479 2372 1659 2428 etiam
1714 2387 1853 2425 cum
1898 2369 2153 2440 despota
2203 2368 2479 2424 Michaele

822 2467 1021 2524 foedus
1065 2466 1342 2529 inierant)
1414 2464 1707 2535 impetum
1767 2459 2291 2531 comprimendum
2335 2460 2479 2515 satis

740 2591 747 2597 -
823 2556 1079 2612 idoneus
1116 2559 1297 2625 atque
1320 2556 1716 2624 opportunus,
1743 2554 1807 2604 ut
1833 2548 2358 2619 accepimus,erat.
2382 2549 2477 2603 His

821 2646 1062 2701 decreta
1091 2659 1154 2697 se
1184 2641 1590 2713 completuros
1614 2638 1889 2711 pollicitis
1910 2636 2143 2707 relictis,
2176 2636 2307 2708 ipse
2338 2653 2476 2691 cum

822 2733 1055 2790 decenti
1083 2729 1379 2787 famulitio
1406 2735 1586 2801 atque
1614 2726 1851 2782 servitio
1902 2725 2226 2780 Achridam
2280 2726 2473 2793 venio,

822 2825 871 2881 si
891 2824 1040 2880 forte
1069 2821 1398 2895 potuissem
1428 2835 1523 2874 res
1574 2817 1988 2873 Albanitarum
2031 2815 2344 2884 corrigere.
2384 2815 2476 2870 Al-

819 2915 1052 2970 banum
1065 2909 1474 2984 prmmiseram
1487 2905 1884 2979 imperatoria:
1904 2920 2119 2959 mensae
2133 2905 2473 2975 praefectum

819 3002 1115 3059 Isaacium
1163 3002 1551 3068 Nestongum,
1609 3012 1745 3051 cum
1785 2994 1866 3050 illi
1929 2998 2127 3060 antea,
2176 2994 2473 3066 quidquid

818 3091 1125 3163 agendum
1160 3093 1316 3144 esset
1334 3087 1493 3143 circa
1517 3084 2119 3153 administrationem,
2144 3084 2206 3137 in
2224 3085 2473 3139 manda-

817 3182 888 3238 tis
905 3196 1014 3253 pro
1054 3193 1222 3234 more
1239 3175 1539 3231 dedissem
1565 3192 1577 3229 :
1608 3179 1755 3229 nutu
1776 3188 2042 3244 namque
2072 3188 2208 3227 meo
2252 3172 2471 3228 similia
2500 3190 2542 3246 ο

813 3268 1021 3342 peragi
1050 3267 1386 3338 injunctum
1400 3263 1594 3319 fuerat
1620 3262 1955 3327 ;ministros
1994 3261 2135 3315 item
2154 3265 2211 3315 et
2230 3260 2473 3333 publica

812 3361 1227 3431 procurantes,
1258 3370 1369 3409 nec
1412 3368 1533 3408 non
1562 3352 1843 3407 ductores
1873 3350 2240 3405 exercituum
2268 3350 2474 3421 praefe-

811 3454 1060 3519 ctosque
1078 3444 1342 3512 urbium,
1362 3449 1667 3513 utcunque
1680 3440 1825 3495 mihi
1838 3439 2110 3494 libuisset
2124 3440 2469 3510 permutari.

814 3538 1011 3593 Satius
1035 3536 1236 3606 itaque
1262 3532 1406 3588 duxi
1438 3531 1741 3587 Albanum
1805 3530 1975 3601 152
2030 3529 2195 3584 abire
2241 3529 2320 3585 ad
2360 3530 2475 3585 loci

810 3625 1318 3691 emendationem,
1376 3637 1484 3676 nec
1530 3636 1655 3675 non
1694 3624 1751 3674 et
1796 3618 2286 3687 cognoscendum
2327 3619 2473 3691 quid

810 3730 1037 3772 mensae
1062 3711 1462 3785 imperatoriae
1514 3708 1833 3782 praefectus
1872 3707 2263 3780 praestitisset.
2321 3711 2472 3765 Prae-

812 3804 1034 3860 fectum
1056 3799 1603 3871 mensaa,utipotui,
1637 3798 1873 3853 Albano
1905 3797 2083 3851 eduxi
2114 3813 2288 3867 :gens
2310 3799 2473 3853 enim

813 3892 1234 3949 Albanitarum
1262 3889 1738 3959 conjurationem
1777 3887 2034 3942 inierant
2092 3890 2148 3941 et
2176 3903 2312 3941 cum
2367 3888 2470 3944 de-

812 3983 1034 4039 fectore
1046 3978 1324 4038 Michaele
1344 3978 1598 4051 d'espota
1610 3976 2001 4048 conspiraran
2013 3981 2047 4029 t.
2070 3977 2216 4031 Cum
2234 3976 2473 4033 turbata

812 4072 1023 4130 omnia
1055 4069 1506 4142 comperissem,
1554 4066 1762 4123 Debris
1808 4065 2126 4121 discedens
2181 4067 2470 4139 (namque

811 4161 1014 4235 plures
1032 4160 1115 4215 ibi
1134 4159 1264 4215 dies
1289 4173 1477 4231 quam
1508 4172 1662 4228 opus
1709 4161 1866 4210 esset
1912 4156 2309 4227 perstiteram)
2364 4173 2467 4211 un»

810 4252 993 4323 dique
1043 4265 1140 4305 me
1222 4247 1499 4304 hostibus
1564 4244 1993 4313 ambientibus,
2026 4250 2260 4301 armata
2280 4262 2468 4301 manu

808 4339 1135 4397 Achridam
1165 4337 1329 4394 haud
1383 4336 1572 4392 multo
1636 4352 1775 4390 cum
1824 4334 2117 4391 famulatu
2165 4334 2467 4406 profectus

809 4446 968 4487 sum.
1010 4428 1217 4500 Ibique
1248 4425 1454 4499 oppidi
1482 4424 1819 4481 custodiam
1906 4438 2132 4478 mensae
2187 4423 2466 4495 praefecto

2598 1924 2723 1974 σθαι
2778 1928 2871 1981 τὴν
2951 1923 3260 1996 ἀκροτάτην.
3357 1927 3498 1979 Ἐπεὶ
3563 1929 3650 1980 οὖν
3704 1929 3991 2003 ξυνὴειμεν,
4058 1931 4199 1984 ἐϐου-

2594 2010 2887 2084 λευσάμεθα
2936 2016 3150 2077 οὑτωσὶ,
3223 2020 3307 2067 τόν
3355 2019 3445 2087 μὲν
3508 2020 3783 2091 Λάσκαριν
3838 2021 4063 2092 Μιχαὴλ
4106 2021 4195 2073 λα-

2595 2099 2697 2152 ϐεῖν
2749 2107 2807 2153 τό
2861 2103 2947 2154 ὑπ’
3002 2104 3157 2155 αὐτὸν
3213 2104 3349 2156 ἅπαν
3407 2104 3779 2180 στρατόπεδον,
3848 2117 3906 2161 τό
3970 2130 4021 2161 τε
4071 2110 4195 2162 Ῥω-

2592 2194 2779 2261 μαίκὸν
2810 2195 2899 2243 καὶ
2950 2196 3008 2243 τὸ
3058 2196 3325 2259 Σκυθικὸν,
3381 2200 3470 2247 καὶ
3523 2194 3882 2267 ἀποχωρῆσαι
3936 2207 4033 2249 τῶν
4080 2204 4197 2273 περὶ

2575 2283 2685 2357 ,τὴν
2744 2279 2982 2354 Βέρροιαν
3037 2286 3226 2354 χώρων
3290 2282 3478 2353 (ἐκεῖσε
3528 2290 3618 2337 καὶ
3677 2288 3775 2358 γὰρ
3834 2286 4056 2339 ἐποιεῖτο
4103 2290 4195 2348 τὰς

2594 2372 2808 2438 σκηνὰς)
2874 2376 2963 2421 καὶ
3042 2369 3127 2423 ἐπὶ
3174 2376 3266 2429 τὴν
3322 2372 3635 2445 Πελαγονίαν
3681 2377 3915 2448 ὁρμῆσαι
3983 2376 4192 2430 κάκεῖσε

2593 2457 3063 2533 στρατοπεδεῦσαι.
3109 2462 3372 2522 Ὡσαύτως
3442 2469 3530 2516 καὶ
3566 2467 3591 2515 6
3652 2465 3845 2527 Ξυλέας
3897 2472 4196 2539 Σκουτέριος

2592 2548 2673 2599 ἶνα
2698 2547 2827 2606 λάϐη
2862 2553 2919 2600 τό
2949 2549 3035 2601 ὑπ’
3067 2550 3222 2601 αύτόν
3273 2551 3409 2603 ἅπαν
3467 2572 3695 2627 στρατιω
3734 2559 3877 2607 τικὸν
3915 2558 4194 2627 σύνταγμα

2589 2637 2770 2705 (έκεῖνο
2790 2641 2891 2713 γὰρ
2922 2639 3111 2711 μᾶλλον
3157 2640 3227 2701 εἰς
3283 2640 3477 2703 πλῆθος
3535 2644 3820 2716 ὴρίθμητο)
3880 2650 3969 2696 καὶ
4026 2646 4197 2697 συνελο

2591 2729 2762 2799 θοιτῲ
2786 2731 3031 2802 Λάσκαρι
3069 2730 3311 2801 Μιχαὴλ,
3342 2736 3432 2783 καὶ
3506 2734 3763 2804 ἡνωμένος
3820 2735 3869 2786 ἐν
3921 2744 4027 2796 τοῖς
4079 2742 4197 2810 περὶ

2589 2823 2680 2875 τὴν
2780 2818 3091 2888 Πελαγονίαν
3174 2824 3355 2893 μέρεσι
3441 2819 4017 2895 στρατοπεδεύσασθαι.
4113 2825 4194 2876 Ἐν

2586 2904 2837 2977 ἐπικαίρῳ
2918 2910 3019 2981 γὰρ
3101 2908 3162 2980 ἦν
3216 2910 3241 2960 6
3297 2915 3452 2969 τόπος
3509 2909 3592 2962 ἐπὶ
3642 2916 3736 2969 τὴν
3788 2920 3880 2964 τοῦ
3937 2910 4197 2965 δεσπότου

2586 2995 2809 3066 Μιχαὴλ
2834 3002 2923 3047 καὶ
2948 2994 3031 3048 ἐπὶ
3062 3002 3157 3054 τὴν
3213 3006 3314 3048 τῶν
3372 2998 3587 3071 Σέρϐων,
3653 3002 3723 3061 ὡς
3788 3001 4084 3073 ἐπυθόμεθα
4115 3004 4194 3054 ὃτι

2584 3088 2673 3134 καί
2756 3103 2899 3135 ουτοι
2985 3090 3287 3156 συμφώνους
3360 3085 3548 3157 λόγους
3605 3096 3731 3161 πρός
3789 3092 3873 3140 τόν
3932 3086 4194 3147 δεσπότην

2584 3172 2806 3243 Μιχαὴλ
2844 3171 3165 3230 ἐπεποίηντο.
3226 3174 3480 3235 Ἐκείνους
3541 3179 3630 3246 μὲν
3697 3176 3784 3227 οὖν
3861 3176 4194 3249 ἐκπληρῶσαι

2583 3264 2649 3312 τὰ
2713 3259 3091 3333 βεϐουλευμένα
3159 3264 3563 3335 ὑπεσχημένους
3626 3265 3918 3331 κατέλιπον,
3988 3266 4086 3337 ἐγὼ
4136 3264 4192 3319 δὲ

2583 3353 2712 3421 μετά
2737 3357 2829 3410 τῆς
2876 3353 3249 3422 προσηκούσης
3316 3353 3606 3426 ύπηρεσιας
3654 3373 3755 3424 μου
3807 3360 3900 3411 τὴν
3957 3352 4193 3429 Ἀχρίδα

2583 3439 3083 3507 κατέλαϐον,εἶπως
3141 3439 3200 3491 ἂν
3267 3437 3546 3499 δυνηθείην
3604 3445 3671 3495 τὰ
3723 3453 3820 3495 τῶν
3882 3444 4191 3497 Ἀλϐανιτῶν

2586 3525 3009 3600 διορθώσασθαι.
3062 3529 3368 3602 Προῦλαϐον
3401 3556 3420 3569 ο

2580 3615 2830 3670 Ἀλϐανόν
2855 3622 2940 3669 τόν
2989 3617 3074 3696 ἐπὶ
3121 3627 3213 3679 τῆς
3272 3617 3553 3691 βασιλικῆς
3611 3622 3873 3695 τραπέζης
3928 3623 4190 3676 Ἰσαάκιον

3467 3526 3525 3583 δὲ
3601 3531 3962 3601 ἐξαποστεῖλαι
4019 3533 4103 3586 ἐπὶ
4132 3538 4190 3586 τὸ

2582 3711 2669 3759 τὸν
2701 3712 3012 3779 Νεστόγγον9
3051 3708 3271 3780 ἔνταλμα
3315 3706 3436 3769 δούς
3502 3710 3639 3781 αὐτῷ
3706 3713 3817 3763 κατ’
3874 3714 3986 3774 ἔθος
4041 3732 4187 3787 περι-

2583 3796 2843 3868 λαμϐάνον
2874 3806 2964 3857 τῆς
3018 3799 3294 3869 ἡγεμονίας
3330 3798 3632 3872 περίληψιν.
3686 3799 3905 3873 ’Ὡριστό
3958 3823 4048 3873 μοι
4100 3810 4189 3856 καὶ

2581 3887 2681 3960 γὰρ
2712 3884 2792 3937 ἐπ’
2822 3882 2999 3945 ἀδείας
3038 3889 3177 3957 ἔχειν
3199 3907 3263 3957 με
3328 3896 3548 3939 τοιαῦτα
3612 3897 3796 3957 ποιεῖν,
3857 3890 4189 3963 ἐνεργοῦντας

2581 3980 2671 4027 καὶ
2734 3972 2973 4047 δημόσια
3039 3972 3519 4048 διαπραττομένους
3609 3984 3699 4030 καὶ
3787 3985 4187 4054 στρατευμάτων

2579 4071 2991 4139 προϊσταμένους
3066 4070 3155 4117 καὶ
3221 4076 3409 4140 χωρῶν

2580 4152 2938 4206 ἀπαλλάττειν
2965 4157 3035 4215 ὡς
3064 4153 3123 4205 ἀν
3154 4153 3463 4227 βουλοίμην.
3506 4156 3731 4229 Εἰλόμην
3798 4159 3885 4210 οὖν
3951 4158 4185 4214 ἀπελθεῖν

2579 4242 2662 4295 ἐπὶ
2683 4247 2741 4294 τὸ
2763 4242 3018 4296 ’Ἀλϐανόν
3071 4249 3162 4295 καὶ
3211 4252 3304 4306 τῆς
3326 4253 3421 4305 τῆς
3454 4250 3635 4317 χώρας
3663 4248 3821 4299 ἕνεκεν
3854 4244 4187 4320 διορθώσεως

2576 4353 2667 4384 και
2697 4341 2787 4383 τοι)
2819 4335 2999 4405 μαθεῖν
3032 4353 3094 4405 με
3123 4337 3175 4384 τί
3205 4332 3264 4384 ἂν
3293 4335 3317 4384 ό
3349 4332 3432 4385 ἐπί
3461 4342 3556 4396 τῆς
3588 4333 3875 4407 βασιλικῆς
3923 4344 4186 4410 τραπέζης

3507 4068 3785 4139 ἡγεμονίαν
3842 4089 3997 4129 κεκτη
4003 4077 4157 4143 μένου
4168 4094 4188 4134 ς

2578 4428 2874 4479 πεποίηκεν.
2945 4422 3204 4476 Ἀπελθὼν
3252 4431 3377 4494 γοῦν
3429 4428 3515 4475 τὸν
3553 4429 3643 4495 μεν
3701 4424 3785 4477 ἐπί
3839 4433 3930 4488 τὴς
3986 4437 4184 4504 τραπέ-

806 4518 1205 4582 committens,
1237 4522 1293 4571 et
1313 4518 1595 4586 Prespam
1624 4513 1968 4585 praeteriens
2002 4517 2059 4567 et
2086 4511 2253 4609 quod
2281 4512 2463 4583 vulgo
2503 4554 2546 4609 0

2417 4530 2463 4578 το
2503 4554 2546 4609 0
2580 4513 2697 4574 ζης,
2730 4515 2902 4573 καθὼς
2932 4511 2991 4563 ἂν
3024 4509 3168 4584 εἶχον
3199 4512 3411 4584 ἰσχύος,
3451 4521 3541 4565 τοῦ
3601 4513 3849 4568 Ἀλϐάνου
3904 4515 4182 4591 ἐξήγαγον,

808 4608 1282 4664 Siderocastrum
1309 4603 1544 4671 dicitur,
1568 4603 1868 4673 Prilapum
1899 4601 2167 4673 perveni,
2220 4608 2274 4657 et
2323 4608 2463 4658 tunc

804 4712 903 4754 me
924 4695 1179 4751 velutiin
1210 4699 1450 4765 portum
1468 4690 1852 4763 tranquillum
1871 4694 2134 4745 ettutum
2165 4691 2462 4747 invectum

803 4802 935 4843 esse
960 4785 1153 4841 rebar.
1184 4782 1317 4840 Mihi
1337 4782 1522 4837 nihilo
1543 4780 1763 4844 minus,
1788 4778 2040 4850 aliisque
2086 4780 2190 4851 qui
2245 4797 2317 4835 ex
2356 4797 2462 4835 no-

804 4876 940 4932 stris
969 4874 1194 4930 ibidem
1210 4871 1798 4942 agebant,contraria
1809 4884 2076 4924 evenere.
2095 4869 2461 4940 Oppidorum

804 4965 965 5025 enim
991 4980 1062 5020 ac
1085 4961 1465 5019 castellorum
1497 4958 1906 5029 adjacentium
1926 4958 2168 5013 Michael
2198 4958 2462 5015 defector

804 5054 1049 5120 Potitus,
1077 5068 1199 5107 uno
1225 5057 1279 5107 et
1307 5050 1436 5105 solo
1464 5048 1695 5120 Prilapo
1708 5046 2143 5103 destituebatur
2166 5065 2179 5115 ;
2202 5048 2460 5121 ideoque

802 5158 992 5215 quam
1006 5140 1398 5214 cupidissime
1415 5138 1495 5195 ad
1507 5136 1653 5193 illud
1665 5135 2089 5208 occupandum
2103 5135 2455 5195 festinabat:

799 5250 871 5289 eo
908 5233 1130 5306 quippe
1158 5231 1426 5294 subacto,
1460 5229 1587 5283 sine
1627 5225 1749 5281 ullo
1778 5226 2168 5282 incommodo
2214 5231 2457 5301 tutoque

794 5325 1021 5381 circum
1042 5324 1200 5379 circa
1229 5320 1348 5377 alia
1395 5322 1629 5391 poterat
1679 5330 2040 5387 expugnare.
2098 5319 2299 5389 Neque
2352 5318 2457 5373 diu

788 5419 931 5488 post
948 5429 1061 5470 nos
1080 5427 1327 5485 quoque
1356 5408 1620 5465 defector
1648 5404 1895 5462 Michael
1921 5421 2061 5462 cum
2117 5422 2229 5462 suo
2289 5424 2452 5464 exer-

2579 4604 2928 4676 Προύφθασαν
2973 4605 3072 4675 γὰρ
3123 4605 3180 4653 τὸ
3236 4610 3333 4653 τῶν
3402 4601 3712 4655 Ἀλϐανιτών
3767 4607 3926 4673 ἔθνος,
3982 4629 4071 4660 και
4120 4613 4185 4662 τα

2574 4700 2670 4751 τῆς
2719 4690 3000 4766 ἀνταρσὶας
3055 4690 3537 4763 ἐκπεπληρώκασιψ
3588 4693 3804 4755 ἅπαντες
3852 4698 3954 4769 γὰρ
4004 4697 4186 4760 ξυνῆλ-

2577 4783 2661 4833 θον
2699 4790 2770 4851 τῴ
2801 4779 3073 4852 ἀποστάτῃ
3108 4776 3338 4852 δεσπότῃ
3382 4781 3615 4853 Μιχαὴλ.
3652 4781 3794 4836 Ἐπεί
3847 4793 3969 4856 γοῦν
4025 4788 4182 4851 αὐτὸς

2573 4871 2741 4943 ἐώρων
2771 4873 2837 4922 τὰ
2890 4873 3059 4922 πάντα
3106 4875 3403 4942 κυκώμενα,
3457 4869 3512 4922 ἐκ
3575 4881 3675 4924 τῶν
3700 4872 3899 4949 Δεϐρῶν
3950 4875 4158 4950 ἀπάρας

2573 4959 2802 5025 (πλείους
2829 4962 2929 5035 γὰρ
2967 4958 3131 5012 ἐκεῖσε
3163 4962 3363 5033 ἡμέρας
3406 4960 3436 5019 ὴ
3490 4958 3597 5013 ἔδει
3664 4959 3913 5021 διήνυσα·
3970 4966 4049 5037 [Ρ.
4079 4968 4175 5043 79]

2570 5050 2740 5121 κύκλῳ
2804 5052 2902 5122 γὰρ
2961 5046 3104 5121 εἶχον
3180 5053 3299 5109 τοὺς
3381 5049 3682 5123 πολεμίους)
3766 5057 3899 5125 μετὰ
3953 5062 4180 5129 μετρίων

2568 5149 2718 5191 τινῶν
2768 5135 2970 5212 ἀνδρῶν
3024 5148 3122 5191 τῶν
3189 5138 3635 5212 ὲξυπηρετούντων
3692 5162 3782 5215 μοι
3846 5146 3961 5216 μεθ’
4009 5146 4179 5199 ὅπλων

2568 5229 2852 5301 κατείληφα
2898 5234 2991 5287 τὴν
3031 5225 3286 5303 Ἀχρίδα.
3370 5228 3591 5283 Κάκεῖσε
3654 5240 3780 5303 γοῦν
3824 5238 3909 5285 τόν
3958 5234 4042 5287 έπί
4083 5246 4181 5299 τῆς

2565 5321 2829 5393 τραπέζης
2882 5317 2952 5380 εὶς
3021 5317 3244 5390 φυλακὴν
3314 5325 3406 5370 τοῦ
3476 5321 3709 5393 κάστρου
3762 5320 3932 5395 ἀφείς,
3983 5320 4181 5389 διαϐὰς

2564 5413 2658 5467 τὴν
2716 5412 2958 5482 Πρέσπαν
3036 5428 3127 5460 και
3196 5427 3256 5459 το
3315 5408 3452 5460 οὕτω
3542 5429 3652 5472 πως
3731 5409 4180 5487 ἐπονομαζόμενον

1686 5530 2033 5599 Theodori
2082 5532 2334 5602 Dousze
2382 5545 2449 5602 et
2493 5533 2743 5607 Leonis
2793 5532 3026 5601 Allatii
3074 5543 3279 5602 notae.

862 5646 977 5721 (46)
1000 5646 1309 5701 Τούντεῦθεν
1337 5643 1405 5705 εἰς
1433 5642 1784 5696 ἀποστασίαν.
1814 5640 2127 5711 Gregoras,
2167 5639 2272 5698 lib.
2304 5658 2383 5710 IlI,
2416 5658 2478 5715 p.
2520 5646 2611 5711 56,

2416 5658 2478 5715 p.
2520 5646 2611 5711 56,
2635 5642 2843 5715 jejune
2885 5640 3241 5698 admodum.
3287 5641 3498 5699 Fusius
3539 5641 4000 5717 Pachymerius,
4056 5648 4171 5708 lib.

789 5736 835 5789 ι,
862 5735 918 5778 c.
951 5723 1042 5778 30.
1071 5724 1212 5778 ALL.
