4470 6452
303 409 461 468 1169

1859 395 2183 456 ANNALES
2195 435 2210 452 .

3549 398 3692 456 1170

301 550 390 587 τον
413 527 766 600 Παλαιολόγον
804 530 889 582 καὶ
927 527 976 581 οἱ
1027 529 1145 602 περὶ
1203 526 1288 579 τὸν
1349 522 1622 598 Λάσκαριν
1680 519 1909 592 Μιχαὴλ
1942 522 1991 582 Α
2019 519 2063 576 Ρ

1942 522 1991 582 Α
2019 516 2360 590 Palaeologo
2385 517 2736 576 etMichaele
2751 517 2986 575 Lascari
3016 517 3365 586 erant,talia
3393 520 3683 582 tulerunt.

301 617 482 674 τοιάδε
535 620 872 674 πεπόνθασιν.
926 618 1068 670 Ἐπεὶ
1124 619 1218 674 τὴν
1278 613 1415 668 λείαν
1476 610 1524 664 έν
1570 618 1630 683 τῇ
1692 608 1908 684 Βερῥοία

302 712 633 775 πεποίηνται,
663 713 781 782 περὶ
811 712 898 760 τόν
930 705 977 758 έν
1039 701 1286 766 Βοδηνοῖς
1350 710 1526 776 χῶρον
1580 699 1904 769 ἐσκήνωσαν,

304 799 496 872 ὁμαλόν
553 817 606 851 τε
663 801 785 851 ὄντα
837 800 926 850 καὶ
980 795 1051 859 εἰς
1106 797 1300 868 τροφὴν
1363 794 1530 844 ἳππων
1609 793 1903 864 χρήσιμον.

301 888 360 940 '0
393 887 698 948 ἀποστάτης
725 882 783 940 δε
827 884 1050 957 Μιχαὴλ
1099 884 1125 936 ό
1181 879 1444 942 δεσπότης
1513 880 1580 932 τά
1638 884 1726 930 τοῦ
1782 875 1905 928 Ῥω‹

302 983 497 1051 μαικοῦ
565 978 956 1050 στρατεύματος
1009 971 1236 1046 ἀκριϐῶς
1315 969 1567 1042 ἕγνωκὼς,
1661 970 1751 1018 καὶ
1835 965 1908 1026 εἰς

303 1067 494 1118 ὁπόσον
525 1072 678 1118 τοῦτο
709 1066 1000 1139 ὴρίθμηται
1039 1066 1128 1114 καί
1184 1064 1252 1122 ὡς
1300 1059 1431 1117 πλὴν
1475 1057 1658 1128 ὀλίγων
1696 1057 1755 1108 τὸ
1803 1060 1906 1107 πᾶν

303 1153 442 1208 ἔστιν
491 1153 732 1227 ἀνωφελὲς
809 1158 899 1205 καὶ
973 1151 1298 1224 ἀχρήσιμον,
1383 1147 1597 1218 ἐκλογὴν
1677 1146 1905 1203 ποιησά-

301 1264 450 1319 μενος
491 1243 591 1296 ἀπὸ
640 1247 832 1304 παντὸς
863 1243 1022 1295 αὐτοῦ
1076 1249 1168 1294 τοῦ
1220 1241 1608 1312 στρατεύματος
1660 1239 1746 1287 καὶ
1798 1236 1905 1286 οἷον

301 1335 357 1398 ἕξ
388 1334 625 1387 ἁπάντων
656 1337 778 1398 τοὺς
815 1337 1078 1406 κρείττους
1108 1335 1350 1406 χωρίσας
1398 1334 1487 1380 καὶ
1537 1329 1604 1388 ὡς
1660 1325 1724 1386 εἰς
1786 1344 1906 1378 πεν-

299 1430 580 1486 τακοσίους
621 1424 806 1485 αύτούς
871 1422 1194 1498 ἀριθμήσας,
1261 1424 1348 1472 καὶ
1414 1421 1707 1490 στρατηγόν
1783 1435 1904 1487 χει-

298 1513 591 1590 ροτονήσας
616 1517 700 1566 τὸν
722 1515 868 1567 νόθον
900 1513 1060 1565 αὑτοῦ
1131 1513 1242 1564 υἱόν
1294 1513 1380 1563 τόν
1436 1503 1708 1580 Θεόδωρον
1767 1507 1902 1576 (51),

299 1606 434 1657 κατὰ
462 1612 554 1657 τοῦ
585 1604 876 1676 Ῥωμαὶκοῡ
926 1603 1315 1677 στρατεύματος
1368 1604 1652 1670 πίπομφεν.
1704 1594 1906 1666 Ἔτυχε

303 1691 362 1748 δι
393 1701 466 1764 τῷ
510 1697 626 1746 τότε
673 1699 762 1745 καὶ
815 1694 841 1744 ό
883 1687 1217 1766 Λαμπαρδᾶς
1270 1687 1515 1745 Μανουὴλ
1558 1687 1686 1758 μετὰ
1731 1703 1902 1758 στρα-

301 1785 558 1855 τεύματος
589 1779 956 1857 συρφετώδους
1006 1783 1092 1833 καὶ
1125 1775 1414 1851 ξύγκλυδος
1462 1779 1590 1848 πρὸς
1646 1781 1737 1827 τοῦ
1799 1772 1906 1846 βα-

2019 611 2273 666 Βθιτωω
2306 609 2513 666 omnia
2537 607 2868 682 deprmdati
2887 608 3052 680 apud
3077 608 3348 665 Bodenos
3362 615 3562 668 castra
3591 613 3681 669 lo-

2021 703 2179 766 cant,
2210 698 2521 770 planitiem
2561 697 2813 755 fertilem
2837 696 3190 770 alendisque
3211 699 3382 771 equis
3409 703 3682 772 apprime

2018 788 2322 846 idoneam.
2386 786 2628 846 Michael
2686 787 2942 859 despota
2997 786 3261 842 defector
3343 791 3682 850 Romanum

2020 879 2290 947 militem,
2317 883 2580 951 quantus
2619 882 2792 940 esset,
2826 881 2882 934 et
2921 877 3080 933 illius
3127 893 3449 937 numerum
3503 881 3682 956 plane

2020 967 2267 1036 callens,
2297 984 2367 1024 ex
2405 967 2640 1040 illisque
2671 972 2886 1038 praeter
2906 982 3134 1039 paucos
3164 967 3427 1039 reliquos
3471 985 3683 1026 omnes

2019 1072 2212 1130 neque
2238 1056 2372 1112 usui
2397 1071 2593 1128 neque
2623 1055 2725 1111 ulli
2756 1055 2918 1112 bono
2949 1071 3096 1126 esse,
3123 1071 3196 1112 ex
3238 1057 3514 1114 universo
3571 1075 3680 1115 suo

2019 1146 2281 1202 exercitu
2309 1145 2475 1202 electi
2496 1149 2552 1201 et
2580 1161 2651 1200 ex
2683 1147 2912 1201 cunctis
2944 1145 3392 1218 probatioribus
3442 1149 3682 1203 secretis

2019 1234 2326 1307 quingenti
2350 1250 2623 1300 numero,
2647 1233 2770 1290 ﬁlio
2799 1250 2907 1290 suo
2955 1234 3159 1306 spurio
3217 1235 3527 1292 Theodoro
3575 1237 3682 1293 du-

2019 1327 2179 1380 ctore
2206 1325 2524 1380 constituto
2549 1325 2606 1379 in
2640 1327 2941 1380 Romanas
2965 1323 3239 1380 cohortes
3265 1323 3546 1382 immittit.
3601 1329 3682 1385 Ea

2019 1413 2199 1468 etiam
2232 1416 2580 1485 tempestate
2613 1412 2840 1469 Manuel
2869 1412 3240 1485 Lampardas
3271 1429 3411 1470 cum
3458 1415 3678 1470 tumul-

2020 1502 2214 1558 tuario
2238 1517 2306 1557 ac
2320 1502 2631 1558 collectitio
2655 1501 2914 1558 exercitu
2937 1501 3015 1557 ab
3037 1502 3416 1571 imperatore,
3435 1507 3497 1558 ut
3538 1521 3676 1562 cum

2019 1589 2150 1645 aliis
2171 1590 2429 1646 ducibus
2457 1595 2909 1662 aggregaretur,
2943 1591 3208 1647 mittitur.
3227 1591 3337 1646 Sed
3355 1592 3516 1648 enim
3544 1593 3671 1664 ipse

2020 1695 2177 1747 aegre
2199 1679 2426 1736 ferebat
2463 1696 2565 1736 eos
2597 1681 2866 1754 praedam
2888 1680 3291 1752 prmripuissc,
3318 1681 3502 1737 semel
3524 1682 3674 1739 lucri

2019 1775 2323 1844 expertem
2343 1770 2530 1827 labori
2555 1786 2884 1843 superesse.
2912 1770 3152 1826 Interim
3182 1771 3328 1826 dum
3379 1771 3505 1827 hinc
3523 1772 3674 1828 inter

302 1871 484 1935 σιλέως
521 1870 830 1932 ἀποσταλεὶς
884 1877 990 1933 τοῖς
1045 1869 1335 1942 προσοῦσιν
1390 1869 1614 1938 ἡγεμόσι
1675 1871 1905 1938 συγκῦρ-
1938 1880 1980 1938 Β
2022 1876 2067 1915 St

1938 1880 1980 1938 Β
2022 1876 2086 1915 se
2119 1859 2755 1933 conferuntcopiarum
2788 1859 3086 1926 ductores,
3108 1859 3254 1915 viles
3302 1859 3672 1934 obiectasque

299 1981 410 2033 σαι,
463 1966 552 2014 καὶ
603 1965 952 2034 κατεμέμφετο
1011 1959 1196 2020 αύτούς
1249 1961 1317 2020 ὡς
1374 1954 1724 2030 προλαϐόντας
1815 1959 1905 2006 καὶ

300 2055 395 2109 τὴν
438 2050 575 2103 λείαν
630 2049 1032 2123 έργασαμένους,
1087 2047 1320 2100 κάκεῖνον
1387 2042 1446 2098 δὲ
1494 2046 1711 2117 ἄμοιρον
1759 2046 1904 2114 γενέ-

303 2141 430 2194 σθαι
455 2148 547 2194 τοῦ
579 2136 821 2214 κέρδους.
854 2139 935 2192 Ἐν
967 2140 1040 2200 οἷς
1093 2146 1218 2209 γοῦν
1271 2139 1335 2189 τὰ
1388 2142 1607 2188 τοιαῦτα
1667 2153 1901 2205 συνωμι-

295 2229 478 2284 λοῦντο
521 2232 570 2282 οἱ
610 2238 700 2283 τοῦ
755 2232 1146 2302 στρατεύματος
1210 2229 1477 2300 ἡγεμόνες,
1541 2227 1600 2277 τό
1655 2224 1755 2276 ὑπό
1812 2225 1900 2274 τὸν

297 2317 632 2392 Λαμπαρδᾶν
662 2319 902 2378 Μανουὴλ
961 2314 1283 2394 συρφετώδες
1352 2317 1671 2390 στράτευμα,
1723 2311 1789 2364 ὧν
1851 2314 1901 2364 οἱ

293 2409 502 2472 πλείους
550 2409 852 2482 ἐπωχοῦντο
906 2408 1132 2483 φορϐάσι
1181 2412 1270 2460 καὶ
1349 2405 1494 2478 εἶχον
1572 2403 1735 2466 nam;
1834 2405 1900 2454 τὰ

288 2496 530 2573 χρειώδη
585 2504 1019 2572 πεφορτισμένας,
1070 2503 1141 2570 μὴ
1203 2504 1301 2549 τῶν
1385 2495 1548 2547 ἄλλων
1635 2496 1898 2566 ἡγεμόνων

289 2587 506 2644 εἰδότων
537 2593 747 2661 εἴχοντο
768 2597 863 2649 τῆς
893 2585 1021 2641 ὁδοῦ
1049 2597 1142 2650 τῆς
1176 2585 1610 2661 παραμειϐούσης
1651 2587 1709 2635 τό
1759 2584 1898 2634 ἄστυ

283 2687 384 2732 τῶν
439 2675 699 2748 Βοδηνῶν,
752 2682 838 2731 ἶνα
894 2681 1141 2751 πρότερον
1189 2684 1290 2728 τῶν
1366 2675 1530 2728 ἄλλων
1606 2670 1898 2732 διελθόντες

286 2768 427 2824 λείαν
465 2774 555 2822 καὶ
596 2769 740 2822 οὗτοι
792 2774 1123 2826 ποιήσαιντο.
1177 2769 1490 2825 Ξυνηντήκει
1542 2771 1667 2836 γοῦν
1723 2763 1898 2824 αὐτοῖς

287 2855 338 2911 ἓν
359 2867 421 2931 τῇ
456 2857 648 2911 κλείσει
677 2866 779 2910 τῶν
809 2857 856 2910 έν
887 2865 996 2919 τοῖς
1029 2853 1278 2918 Βοδηνοῐς
1319 2855 1448 2930 ὀρῶν
1495 2858 1553 2906 τὸ
1610 2852 1896 2906 ἀποσταλεν

291 2950 425 3020 πρὸς
479 2955 571 3000 τοῦ
625 2947 925 3000 ἀποστάτου
985 2946 1210 3018 Μιχαὴλ
1264 2947 1566 3023 στράτευμα
1621 2947 1745 3017 πρός
1800 2947 1894 3000 τήν

288 3045 390 3089 τῶν
449 3036 712 3109 Ῥωμαίων
756 3035 1198 3111 καταπολέμησιν.
1263 3030 1484 3107 Ἀνδρες
1553 3039 1683 3105 γοῦν
1733 3052 1894 3106 στρα-

288 3134 476 3179 τιῶται
522 3133 746 3198 γενναῖοι
802 3126 1106 3198 ὑψαύχεσιν
1167 3126 1345 3186 ἵπποις
1400 3123 1746 3196 ἐποχούμενοι
1803 3128 1893 3175 καὶ

286 3223 398 3277 τοῖς
445 3215 621 3279 ὅπλοις
666 3219 1026 3290 κατάφρακτοι
1085 3215 1471 3288 ἀνθρωπίσκοις
1547 3214 1894 3284 ξυντυχόντες
1923 3229 1963 3286 C

285 3302 499 3366 ἀόπλοις
563 3310 652 3358 καὶ
704 3303 937 3378 ἀγεννέσι
985 3309 1075 3358 καὶ
1119 3303 1350 3366 θηλείαις
1401 3306 1576 3363 ἵπποις
1643 3301 1891 3374 ἐφεζομέ-

283 3394 468 3457 νοιςέν
506 3394 690 3468 ἀκαρεί
750 3397 947 3458 πάντᾶς
1013 3395 1294 3470 ὶτρέψαντο
1350 3396 1588 3456 τούτους.
1651 3389 1890 3464 Φυγάδες

279 3493 406 3558 γοῦν
445 3488 569 3539 ἔνιοι
606 3485 663 3539 έκ
727 3489 918 3540 τούτων
982 3490 1308 3558 γεγενημένοι
1392 3489 1482 3537 καὶ
1579 3487 1710 3556 πρὸς
1800 3486 1889 3536 τόν

284 3577 550 3648 Κομνηνόν
606 3576 828 3648 Μιχαὴλ
887 3574 1156 3649 ἀφιγμένοι
1213 3573 1535 3646 ἀπήγγειλαν
1605 3581 1746 3644 αυτῷ
1821 3574 1890 3625 τὰ

282 3651 649 3736 ξυμέάντα.”0
681 3661 739 3718 δε
773 3664 868 3717 ούκ
926 3664 1150 3739 έθροήθη
1201 3673 1272 3735 τῷ
1330 3659 1598 3736 αἰφνιδίῳ,
1661 3662 1888 3737 ἰσχυρὸς

283 3749 344 3808 δι
383 3754 450 3806 ὢν
480 3759 574 3812 τὴν
617 3761 778 3829 χεῖρα
829 3759 920 3807 καὶ
972 3759 1067 3812 τὴν
1120 3760 1330 3826 γνώμην
1391 3750 1626 3825 ἀνδρεῖος
1673 3757 1762 3804 καὶ
1821 3753 1888 3804 τά

280 3845 502 3917 μάχιμα
539 3847 778 3919 ἔμπειρος
839 3843 1072 3916 (πολλοῖς
1143 3846 1244 3917 γὰρ
1309 3849 1397 3896 καὶ
1463 3847 1705 3916 πρότερον
1775 3850 1887 3904 τοίς

279 3931 575 4008 πολεμικοῖς
605 3934 1020 4008 έγγεγύμναστο)
1062 3933 1330 3997 όπλισθιὶς
1391 3938 1480 3986 καὶ
1539 3929 1670 4008 δόρυ
1717 3932 1884 3985 λαϐὼν

279 4028 466 4095 καὶτὸ
505 4028 897 4099 στρατιωτικόν,
958 4027 1078 4098 ὅπερ
1121 4021 1181 4083 ἦν
1248 4025 1347 4076 ὑπὸ
1424 4026 1511 4076 τόν
1611 4024 1884 4097 Λάσκαριν

277 4113 503 4185 Μιχαὴλ
541 4113 596 4166 ἐκ
636 4114 999 4186 Παφλαγονίας
1049 4117 1348 4189 ὡρμημένον
1406 4119 1496 4165 καὶ
1560 4113 1631 4176 εἱς
1698 4118 1885 4171 πεντή-

275 4221 431 4256 κοντα
481 4201 681 4279 ἄνδρας
731 4205 1083 4280 ἠριθμημένον
1143 4206 1326 4276 (ἐκεῖνο
1383 4209 1470 4256 καὶ
1542 4205 1643 4277 γὰρ
1730 4207 1883 4274 μόνον

276 4292 534 4366 ἐτύγχανε
581 4301 681 4346 τῶν
731 4293 894 4346 ἄλλων
931 4301 1160 4367 κρεῖττον
1216 4298 1306 4346 καὶ
1354 4293 1649 4365 πολεμῆσαι
1716 4289 1882 4344 δυνά-

274 4390 469 4456 μενον),
509 4385 644 4436 κατά
676 4392 775 4436 τῶν
815 4382 1054 4436 έναντίων
1130 4385 1286 4456 ὁρμᾷ.
1368 4383 1428 4434 Ὀ
1473 4379 1533 4436 δε
1606 4384 1881 4450 Λάσκαρις

275 4473 519 4544 Μιχαὴλ,
579 4475 648 4536 ὡς
704 4473 892 4540 εἰώθει,
957 4473 1017 4526 ού
1095 4475 1305 4547 θώρακα
1367 4471 1496 4525 ἀλλά
1565 4469 1880 4546 θωρακίδιον

275 4560 598 4627 ύπενδυθεὶς,
649 4567 712 4625 ὡς
761 4562 821 4616 ἆν
866 4567 984 4636 ἔχοι
1025 4559 1227 4641 ῥᾳδίως
1280 4565 1502 4636 φεύγειν,
1536 4561 1590 4616 έκ
1651 4563 1876 4635 πλαγίου
1919 4604 1960 4658 D

274 4660 373 4715 τῆς
403 4656 587 4726 μάχης
631 4651 692 4714 ἧν
736 4659 824 4706 καὶ
883 4652 1094 4706 ἐσκόπει
1149 4657 1209 4707 τό
1270 4658 1627 4726 γενησόμενον.
1680 4653 1738 4704 Ὀ
1788 4657 1876 4726 μὲν

274 4746 366 4795 οῦν
407 4747 672 4816 Κομνηνὸς
717 4743 939 4815 Μιχαὴλ
995 4749 1068 4814 τῷ
1118 4749 1334 4818 πρώτως
1381 4742 1646 4819 ἕρχομὲνῳ
1697 4742 1879 4806 ξυναν-

273 4837 440 4894 τήσας
482 4831 661 4906 βάλλει
706 4841 779 4904 τῷ
828 4829 1014 4907 δόρατι
1067 4838 1155 4886 καὶ
1206 4833 1381 4910 ῥίπτει
1437 4841 1532 4897 τῆς
1591 4829 1876 4908 εφετρίδοςο

272 4919 336 4982 ἧν
368 4920 426 4977 δε
461 4924 486 4976 ὁ
523 4923 702 4998 ῥηθεὶς
757 4930 850 4976 τοῦ
909 4921 1208 4977 ἀποστάτου
1278 4923 1503 4996 Μιχαὴλ
1566 4926 1711 4985 νόθος
1769 4925 1881 4986 υἱός

272 5009 564 5088 Θεόδωρος.
595 5020 696 5067 Τοῦ
724 5019 1001 5088 πτώματος
1047 5022 1170 5087 γοῦν
1220 5013 1446 5078 ἀναστὰς
1497 5013 1648 5075 οὗτος
1704 5033 1873 5088 προσ-

271 5100 467 5178 έδραμε
494 5111 568 5176 τῷ
596 5110 844 5178 Κομνηνῷ
885 5105 1126 5178 Μιχαὴλ,
1181 5104 1264 5180 [Ρ.
1319 5104 1414 5179 8'2]
1469 5109 1559 5158 καὶ
1613 5101 1876 5159 έδυσώπει

2018 1951 2300 2009 Manuelis
2326 1950 2676 2024 Lampardae
2703 1951 2995 2006 cohortes.
3031 1965 3101 2005 ex
3144 1949 3366 2022 quibus
3407 1949 3674 2024 plerique

2017 2040 2363 2112 gregalibus
2407 2041 2576 2113 equis
2622 2057 2823 2097 rerum
2888 2039 3365 2096 necessariarum
3442 2043 3673 2096 onustis

2018 2131 2410 2199 vehebantur,
2442 2131 2642 2188 insciis
2669 2130 2799 2187 aliis
2830 2131 3087 2186 ducibus
3117 2129 3289 2195 inter,
3321 2131 3486 2203 quod
3515 2131 3672 2188 ultra

2019 2221 2393 2276 Bodenorum
2409 2220 2701 2294 oppidum
2724 2219 3178 2283 extendebatur,
3203 2221 3577 2290 continuant,
3610 2226 3675 2278 ut

2013 2311 2143 2367 aliis
2176 2312 2502 2369 anteversis
2550 2310 2663 2383 ipsi
2698 2326 2940 2384 quoque
2979 2310 3246 2383 praedam
3290 2327 3672 2384 praeoccupa~

2011 2401 2292 2457 rent.lllis
2321 2401 2649 2458 obviamtit
2671 2402 2728 2456 in
2755 2401 3130 2456 Bodenorum
3173 2401 3337 2474 157
3371 2402 3668 2458 montium

2011 2491 2285 2547 claustris
2310 2491 2606 2548 Michaelis
2629 2490 2944 2546 defectoris
2964 2506 3182 2560 agmen
3201 2492 3278 2546 ad
3309 2507 3669 2563 oppugnan-

2011 2582 2123 2638 dos
2155 2586 2456 2638 Romanos
2487 2581 2933 2638 transmissum.
2975 2581 3174 2638 Milites
3201 2597 3342 2653 ergo
3367 2581 3544 2637 fortes
3595 2598 3667 2638 ae

2011 2672 2254 2739 strenui,
2297 2672 2567 2745 superbis
2613 2671 2784 2744 equis
2846 2671 2998 2726 vecti
3053 2675 3107 2728 et
3160 2671 3344 2727 armis
3397 2672 3666 2745 undique

2009 2763 2180 2835 septi,
2215 2763 2652 2818 homunciones
2695 2763 2954 2818 inermes
3005 2777 3074 2817 ac
3119 2762 3384 2835 putidos,
3434 2763 3667 2835 equulis

2009 2853 2357 2918 insidentes,
2374 2850 2539 2909 nulla
2552 2867 2722 2908 more
2737 2867 2947 2907 omnes
2962 2857 3128 2921 terga
3155 2856 3380 2907 vertere
3396 2867 3666 2922 coegere.

2010 2946 2093 2999 Ex
2124 2942 2216 2998 his
2243 2941 2537 3009 nonnulli,
2571 2942 2674 3013 qui
2732 2941 2847 2997 sibi
2896 2941 3038 3011 fuga
3104 2941 3546 3012 consuluerant,
3592 2941 3670 2998 ad

2010 3032 2354 3090 Michaelem
2390 3033 2762 3088 Comnenum
2819 3031 3234 3097 concedentes,
3288 3047 3670 3105 quaecunque

2011 3121 2352 3179 acciderant
2407 3125 2710 3177 enarrant.
2763 3120 2860 3177 Ille
2913 3137 2976 3177 re
3026 3120 3266 3178 insolita
3329 3125 3510 3195 atque
3560 3124 3672 3178 im-

2011 3213 2257 3286 provisa
2278 3211 2524 3267 minime
2556 3215 2994 3282 consternatus,
3029 3212 3115 3267 vir
3167 3227 3355 3267 manu
3409 3212 3670 3279 validus,

2011 3307 2229 3360 natura
2265 3301 2454 3369 fortis,
2493 3301 2718 3358 militiae
2766 3317 2990 3372 magna
3044 3301 3293 3358 scientia
3360 3307 3417 3358 ct
3464 3303 3668 3358 animo

2010 3392 2238 3462 ingenti
2281 3391 2549 3458 celebris,
2609 3396 2900 3464 tanquam
2939 3391 3045 3464 qui
3109 3395 3164 3446 et
3219 3396 3395 3448 antea
3445 3391 3665 3464 praeliis

2001 3486 2414 3548 consueverat,
2445 3485 2736 3548 armatus,
2764 3480 2942 3538 hasta
2978 3485 3237 3553 arrepta,
3294 3487 3351 3537 et
3396 3480 3658 3550 agmine,

1999 3573 2167 3646 quod
2213 3571 2458 3628 Michael
2501 3571 2772 3627 Lascaris
2837 3586 2868 3626 e
2916 3570 3325 3645 Paphlogonia
3381 3571 3656 3638 duxerat,

2000 3660 2442 3734 quinquaginta
2462 3664 2692 3716 tantum
2751 3660 3068 3715 hominum
3123 3660 3424 3716 conducto
3478 3660 3652 3731 (illud

1998 3767 2264 3823 namque
2285 3750 2479 3806 solum
2509 3764 2781 3821 pugnam
2815 3749 3108 3804 sustinere
3139 3750 3223 3805 uti
3252 3750 3480 3807 caeteris
3508 3766 3656 3822 prie-

1999 3842 2252 3897 stantius
2283 3842 2536 3914 poterat)
2566 3839 2625 3895 in
2650 3839 2854 3895 hostes
2884 3855 3055 3896 armo
3109 3845 3331 3896 movet.
3379 3841 3652 3896 Lascaris

1997 3931 2240 3990 Michael
2289 3946 2400 4004 pro
2455 3946 2565 3985 suo
2624 3945 2790 3986 more
2829 3945 2950 3985 non
3003 3929 3210 3994 lorica,
3243 3930 3347 3986 sed
3402 3929 3654 3988 loricula

1997 4021 2424 4085 circumdatus,
2458 4025 2522 4076 ut
2543 4019 2877 4092 expeditius
2925 4019 2984 4075 in
3013 4019 3221 4089 fugam
3249 4036 3379 4076 sese
3404 4020 3659 4091 conjice-

1996 4117 2104 4177 ret,
2139 4128 2170 4167 e
2197 4111 2380 4167 latere
2406 4125 2627 4182 pugnae
2657 4115 2940 4166 eventum
2963 4110 3265 4166 observat.
3287 4115 3355 4166 At
3410 4112 3660 4167 Comne-

1994 4217 2110 4258 nus
2143 4200 2385 4258 Michael
2419 4199 2614 4272 primo
2645 4199 2910 4255 hostium
2967 4199 3213 4256 obviam
3263 4199 3453 4256 factus
3485 4201 3659 4257 hasta

1993 4307 2347 4364 percussum
2393 4289 2606 4359 sagulo
2645 4289 2824 4362 pellit.
2877 4292 3012 4345 Erat
3036 4290 3086 4345 is
3120 4306 3304 4363 quem
3363 4290 3657 4358 diximus,

1994 4381 2287 4440 Michaelis
2308 4380 2622 4437 defectoris
2651 4380 2804 4435 ﬁlius
2851 4381 3090 4453 spurius
3134 4381 3502 4451 Theodorus,
3551 4383 3657 4456 qui

1993 4473 2169 4546 lapsu
2193 4473 2537 4528 sublevatus
2569 4471 2833 4528 Michaeli
2873 4473 3178 4528 Comneno
3237 4473 3650 4546 supplicatum

1994 4563 2174 4631 venit,
2217 4561 2542 4633 multisque
2581 4560 2779 4615 verbis
2822 4575 2897 4616 ne
2938 4561 3067 4616 neci
3110 4561 3442 4618 traderetur
3487 4561 3654 4620 effla-

1995 4651 2243 4721 gitabat.
2282 4654 2429 4707 Eum
2474 4650 2716 4707 Michael
2755 4665 2951 4723 neque
2994 4652 3400 4721 cognoscebat
3447 4669 3650 4725 neque

1991 4743 2130 4815 quis
2153 4745 2308 4797 esset
2329 4742 2554 4796 sciebat
2578 4759 2590 4808 ;
2619 4755 2808 4813 quare
2836 4743 3037 4797 Turcaa
3091 4742 3335 4798 cuidam
3394 4742 3650 4799 traditus

1991 4832 2298 4890 occiditur.
2335 4830 2475 4887 Dein
2502 4830 2920 4902 Paphlagones
2970 4847 3188 4905 pugnae
3221 4833 3467 4890 comites
3509 4850 3648 4889 cum

1990 4923 2233 4996 reliquis
2247 4921 2635 4992 confligentes
2663 4923 2704 4993 ι
2722 4922 2836 4994 58
2855 4921 3007 4977 alius
3028 4921 3213 4979 alium
3235 4923 3644 4980 trucidebant:

1991 5012 2358 5087 tandemque
2401 5027 2608 5086 pugna
2659 5016 2925 5069 extrema
2970 5011 3270 5069 Michaelis
3323 5013 3647 5070 defectoris

1989 5105 2205 5162 milites
2229 5103 2386 5175 fugin
2406 5118 2470 5160 se
2483 5103 2720 5172 dedere,
2739 5102 3034 5160 Michaelis
3059 5105 3348 5160 Comneni
3366 5104 3575 5174 viginti
3594 5109 3652 5162 et

267 5255 342 5336 ἰῷ
375 5256 658 5336 στριοξτηγῷ
685 5255 777 5336 τοῦ
805 5246 1111 5336 ἀπῡοστάὶουι
1138 5245 1398 5333 Θεοδώρῳ
1421 5247 1685 5336 συρρήξας
1713 5247 1894 5322 βάλλει
1917 5255 2094 5335 τούτου
2127 5250 2518 5336 τ-οῦιῖππουβαὶ
2544 5249 2714 5336 ἱκέτην
2753 5248 2901 5335 uulso,
2935 5256 3026 5301 τοῦ
3077 5252 3149 5335 μὴ
3211 5250 3376 5336 θανεῖν
3408 5245 3650 5336 δὲχεται.

267 5316 651 5394 Παραδίδωσιν
679 5321 768 5374 οὖν
796 5329 976 5374 τοῦτον
1015 5323 1230 5395 Τούρκῳ
1249 5316 1570 5392 τινι,“καὶ’ὂς
1607 5316 1883 5393 πεφονευκε
1913 5328 2111 5375 τοῦτον.
2147 5326 2248 5374 Καὶ
2279 5319 2557 5395 ἐτρέψαντο
2598 5324 2720 5381 τοὺς
2751 5316 2857 5373 τού
2881 5316 3202 5375 ἀποστάτου.
3236 5319 3359 5375 Εἶτα
3399 5316 3645 5394 ἀφίκοντο

266 5393 504 5470 πρόςτόν
539 5393 823 5468 Πρίλαπον,
849 5398 940 5446 καὶ
972 5393 1153 5468 ὀλίγας
1174 5395 1368 5470 ἡμέρας
1399 5399 1800 5468 προσμείναντες
1839 5393 2194 5468 ὑπέστρεψαν.

1164 5573 1507 5643 Theodori
1557 5574 1808 5644 Dousa;
1857 5582 1922 5643 ct
1970 5572 2224 5642 Leonis
2273 5572 2511 5642 Allatii
2561 5580 2764 5641 notae.

341 5771 458 5846 (51)
491 5769 785 5850 Θεόδωρος.
813 5770 1232 5849 Pachymeres,
1264 5788 1324 5849 p.
1366 5775 1457 5842 26,
1496 5776 1675 5833 vocat
1699 5772 2052 5844 Manuelem,
2082 5775 2217 5830 ALL.
