4470 6452
815 429 948 486 1171

2095 430 2384 487 GEORGII
2418 420 2873 486 AMOLITE

4034 435 4064 490 Ι
4072 435 4179 490 172⁷

814 553 1076 625 amplius
1104 570 1175 609 ex
1208 554 1587 611 electioribus
1617 552 1976 609 adversariis
1996 552 2149 607 vivis
2174 553 2393 625 captis,
2416 555 2473 607 et
2503 554 2549 607 Α

2416 555 2473 607 et
2503 554 2549 607 Α
2581 556 2654 624 μὴ
2688 554 3013 623 φονευθῆναι.
3061 553 3263 625 Ἥγνοει
3322 550 3382 606 δε
3434 561 3614 606 τοῦτον
3656 556 3682 605 ό
3741 561 4025 627 Κομνηνος,
4082 562 4172 609 καὶ

813 641 1089 712 pluribus
1114 643 1243 697 aliis
1274 644 1661 705 obtruncatis,
1702 642 1884 697 ﬁnem
1952 642 2191 697 conatui
2259 643 2467 696 fecere.

817 732 1085 803 Namque
1116 748 1253 786 cum
1278 737 1480 787 essent
1501 731 1834 786 admodum
1867 731 2065 801 pauci,
2101 732 2231 786 aliis
2275 732 2470 787 militi-

816 817 952 872 bus.
981 820 1244 891 quiante
1276 836 1379 875 eos
1417 821 1636 892 praeliis
1667 836 1727 873 se
1749 820 2222 890 immiscuerant,
2280 826 2470 896 ruptis

818 906 1226 979 acdissipatis,
1256 914 1319 965 ut
1341 915 1477 963 ante
1492 908 1889 973 narravimus,
1930 910 2471 981 persequiminime

820 1000 1113 1065 poterant.
1133 1000 1196 1051 Et
1228 998 1311 1052 sic
1336 997 1446 1051 illis
1478 998 1689 1051 misere
1726 1012 1795 1051 ac
1821 995 2146 1059 infeliciter,
2184 1004 2471 1070 quemad-

821 1085 1071 1140 modum
1103 1091 1154 1140 et
1188 1086 1258 1140 iis
1283 1087 1384 1158 qui
1415 1086 1575 1158 apud
1620 1085 1922 1155 Prilapum
1968 1086 2328 1155 ceciderunt,
2376 1107 2470 1146 res

814 1175 1031 1229 evenit.
1082 1175 1470 1231 Postmodum
1526 1174 1771 1231 Michael
1821 1178 2181 1243 Comnenus,
2228 1178 2471 1236 Michael

814 1263 1081 1317 Lascaris
1131 1270 1187 1317 et
1248 1264 1435 1318 caeteri
1482 1263 1760 1318 ductores
1826 1263 2161 1318 cohortium
2209 1282 2243 1321 a
2296 1268 2469 1323 nobis

809 1350 1107 1422 compulsi
1150 1355 1207 1406 et
1261 1354 1338 1405 ad
1390 1351 1692 1422 Prilapum
1741 1351 2030 1417 accerSiti,
2105 1359 2169 1407 ut
2238 1347 2465 1412 consilii

808 1455 996 1495 causa
1022 1440 1394 1507 accederent,
1427 1441 1696 1496 volentes
1722 1440 1989 1495 nolentes
2017 1444 2371 1499 concedunt.
2404 1445 2469 1500 Et

812 1544 918 1599 per
948 1544 1175 1600 paucos
1205 1528 1333 1583 dies
1366 1528 1681 1583 nobiscum
1718 1529 1953 1595 morati,
2006 1546 2143 1585 cum
2184 1532 2339 1586 vires
2386 1535 2462 1588 ad

808 1618 1087 1671 cominus
1122 1622 1178 1671 et
1220 1622 1427 1687 aperto
1485 1620 1661 1673 Marte
1703 1617 2046 1672 Michaelem
2103 1619 2462 1676 defectorem

808 1706 1290 1777 oppugnandum
1331 1722 1453 1760 non
1485 1710 1888 1778 suppeterent.
1922 1707 2136 1762 relictis
2159 1709 2334 1763 nobis
2370 1726 2464 1765 re-

808 1798 1137 1849 vertuntur.
1169 1794 1521 1849 Accolarum
1551 1796 1709 1849 enim
1741 1794 2059 1865 perﬁdiam
2087 1797 2463 1853 animadver—

811 1887 1027 1948 terunt,
1051 1888 1105 1937 et
1135 1882 1602 1954 eorum,quibus
1630 1883 1903 1938 custodia
1929 1884 2149 1939 tradita
2169 1890 2312 1955 erat,
2339 1886 2464 1941 leve
2500 1904 2537 1956 Β
2574 1905 2576 1912 ί

1385 1882 1602 1954 quibus
1630 1883 1903 1938 custodia
1929 1884 2149 1939 tradita
2169 1890 2312 1955 erat,
2339 1886 2464 1941 leve
2500 1904 2537 1956 Β
2574 1888 2666 1933 τοῦ
2740 1884 3150 1955 στρατεύματος,

812 1975 994 2042 atque
1045 1971 1398 2026 inconstans
1426 1970 1755 2042 prudenter
1806 1976 2099 2044 cauteque
2157 1974 2466 2036 ingenium

812 2059 1160 2115 subodorati
1192 2064 1347 2114 sunt.
1393 2061 1587 2125 Quare
1608 2060 1734 2131 ipse
1765 2076 1901 2115 cum
1934 2061 2001 2115 iis
2026 2061 2131 2133 qui
2162 2063 2221 2116 in
2260 2063 2467 2135 oppidi

811 2148 1080 2204 custodia
1094 2156 1263 2204 erant
1280 2150 1567 2221 (namque
1583 2150 1665 2204 sic
1680 2150 2074 2206 mandaverat
2097 2152 2174 2206 im
2186 2157 2463 2223 perator),

810 2238 1022 2307 Prilapi
1059 2238 1387 2309 permansi.

2580 642 2723 701 ὅστις
2784 637 2845 698 ἧν
2894 641 2987 692 οὔκ
3034 642 3315 699 ἠπὶστατο.
3390 638 3743 716 Παραδίδωσι
3822 652 3945 713 γοῦν
4018 644 4173 695 αὐτόν

2579 732 2791 801 Τούρκῳ
2848 734 2967 793 τινὶ,
3013 735 3101 781 καὶ
3150 730 3203 781 ὃν
3260 736 3535 803 πεφόνευκε
3584 738 3786 783 τοῦτον,
3846 729 3969 784 Εἶτα
4050 732 4172 804 ξυμ-

2578 817 2852 880 πλακέντες
2881 822 2929 870 οἱ
2982 824 3077 870 σὺν
3126 819 3266 890 αὐτῷ
3308 819 3641 892 Παφλαγόνες
3686 828 3794 881 τοῖς
3840 821 4041 883 λοιποῖς
4087 821 4172 873 ἄλ-

2577 906 2659 966 λος
2689 906 2838 959 ἄλλον
2861 907 3053 969 ἔϐαλλε,
3081 913 3170 960 καὶ
3208 912 3267 960 τὸ
3324 917 3416 961 τοῦ
3473 909 3696 981 πολέμου
3741 910 3881 971 τέλος
3940 911 4012 973 εἰς
4060 930 4172 985 τρο-

2577 1000 2679 1052 πήν
2728 999 2817 1067 μεν
2857 998 2905 1048 οἱ
2951 1004 3042 1048 τοῦ
3093 996 3389 1049 ἀποστάτου
3446 998 3670 1070 Μιχαὴλ
3721 995 3956 1065 απείδον,
4008 1001 4059 1051 οἱ
4116 997 4176 1051 δι

2580 1082 2711 1155 ἀμφὶ
2754 1088 2841 1135 τόν
2900 1089 3162 1156 Κομνηνόν
3229 1087 3452 1157 Μιχαὴλ.
3504 1087 3704 1147 πλείους
3748 1089 3778 1144 ἦ
3848 1091 4015 1139 εἴκοσι
4073 1095 4180 1139 τῶν

2578 1173 2826 1246 ἐκκρίτων
2884 1173 3242 1245 ζωγρήσαντες
3288 1179 3378 1227 καὶ
3451 1174 3665 1236 πολλοὺς
3731 1176 3918 1238 ἄλλους
4003 1177 4177 1248 ξίφους

2578 1263 2725 1332 ἕργον
2774 1267 3081 1322 ποιήσαντες
3147 1265 3396 1320 ἔστησαν·
3457 1260 3580 1316 οὐδε
3630 1267 3731 1337 γὰρ
3776 1266 3921 1335 εἶχον
3966 1261 4174 1317 διώκειν

2575 1352 2711 1400 πάνυ
2768 1348 2933 1419 ὀλίγοι
2980 1353 3352 1421 τυγχάνοντες,
3414 1348 3907 1424 προδιεφθαρμένων
3949 1356 4039 1404 καὶ
4082 1349 4175 1405 δια

2574 1436 2853 1509 λελυμένων
2930 1447 3028 1489 τῶν
3086 1444 3558 1513 προαπερχομένων
3655 1449 4009 1514 στρατιωτῶν,
4106 1444 4176 1502 ὡς

3456 1532 3546 1580 καὶ
3622 1529 3802 1590 αὐτοῖς
3886 1525 4175 1599 δυστυχῶς

2575 1613 2754 1677 ξυνέϐη
2788 1634 2853 1665 τα
2873 1616 3158 1688 πράγματα
3196 1616 3307 1668 κατ’
3337 1618 3448 1668 ἴσον
3490 1624 3599 1679 τοῖς
3654 1622 3772 1688 περί
3836 1620 3924 1669 τόν
3984 1616 4173 1688 Πρίλα-

2572 1723 2689 1759 πον.
2728 1702 2786 1755 Ὀ
2832 1708 2921 1775 μεν
2969 1701 3057 1755 οὖν
3116 1710 3378 1777 Κομνηνὸς
3425 1705 3647 1778 Μιχαὴλ
3694 1710 3783 1758 καὶ
3835 1707 3860 1757 ὁ
3909 1711 4171 1779 Δήσκαρις

2574 1792 2798 1864 Μιχαὴλ
2858 1797 2947 1844 καὶ
2994 1795 3043 1844 οἱ
3088 1792 3214 1865 ἀμφ’
3263 1794 3449 1855 αὐτούς
3516 1796 3763 1867 ἡγεμόνες
3824 1796 4176 1866 τυγχάνοντες

3227 1884 3335 1935 επεὶ
3411 1884 3533 1955 παρ’
3614 1886 3761 1955 ἡμῶν
3818 1883 4176 1954 ἠναγκάζοντο

2575 1969 2882 2023 καταλαϐεῖν
2931 1970 2998 2031 εἰς
3053 1976 3140 2023 τόν
3196 1970 3462 2043 Πρίλαπον
3515 1977 3605 2024 καὶ
3676 1974 3803 2044 ἡμῖν
3878 1972 4175 2043 ξυντυχείν,

2575 1525 2880 1596 εἰρήκειμεν.
2935 1526 3086 1577 Οὕτω
3131 1529 3227 1597 μεν
3268 1525 3356 1579 οὖν

2577 2059 2770 2119 ἑκόντες
2826 2061 3041 2120 ἄκοντες
3094 2058 3335 2132 ἀφίκοντο
3405 2061 3531 2134 παρ’
3600 2063 3757 2133 ἡμᾶς,
3832 2065 3925 2113 καὶ
4003 2060 4178 2131 ὀλίγας

2578 2152 2776 2221 ἡμέρας
2858 2154 3411 2223 προσκαρτερήσαντες
3485 2151 3599 2222 μεθ’
3676 2152 3847 2223 ἡμῶν,
3918 2148 4027 2203 imi.
4108 2154 4178 2222 μή

2579 2236 2723 2308 εἶχον
2751 2234 3021 2308 δυνάμεως
3054 2234 3332 2295 συστάδην
3362 2238 3612 2300 ξυνελθεῖν
3660 2243 3750 2290 καὶ
3803 2242 3892 2291 τὸν
3947 2236 4178 2290 ἀποστά-

809 2346 901 2383 την
934 2328 1281 2398 μαχέσασθαι
1312 2327 1555 2398 Μιχαὴλ,
1586 2325 1789 2398 ἀφέντες
1813 2330 1952 2399 ἡμᾶς
1997 2329 2323 2402 ὑπέστρεψαν
2364 2337 2457 2387 τῆν
2510 2347 2564 2380 τε
2610 2330 2711 2399 γὰρ
2772 2325 3018 2378 ἀπιστίαν
3071 2334 3170 2378 τῶν
3228 2326 3511 2402 οἰκητόρων
3561 2324 3920 2397 διενοήσαντο,
3977 2333 4066 2379 καὶ
4118 2331 4177 2379 τὸ

808 2413 1092 2485 ἀμφίϐολον
1124 2424 1223 2465 τῶν
1247 2415 1319 2477 εἰς
1358 2415 1570 2487 φύλαξιν
1592 2415 1752 2467 αὐτοῦ
1777 2421 2099 2488 τεταγμένων
2120 2426 2379 2489 νουνεχῶς
2400 2420 2764 2489 ἐτεκμήραντο.
2794 2414 3190 2485 Ἐναπελείφθην
3215 2422 3340 2486 γοῦν
3369 2421 3458 2468 καὶ
3479 2416 3631 2477 αὐτὸς
3670 2416 3719 2469 ἓν
3750 2416 4001 2492 Πριλάπῳ
4046 2418 4179 2488 μέτὰ

806 2513 906 2555 τῶν
938 2506 1090 2555 ὄντων
1116 2504 1182 2564 εἰς
1210 2509 1304 2561 τὴν
1332 2505 1565 2575 φυλακὴν
1594 2512 1686 2556 τοῦ
1719 2504 1919 2566 ἄστεως
1947 2526 1959 2538 ·
1990 2507 2124 2557 οὕτω
2148 2511 2237 2558 καὶ
2266 2512 2367 2581 γαρ
2400 2509 2425 2558 ό
2446 2515 2645 2579 κρατῶν
2677 2524 2767 2577 μοι
2791 2509 3169 2578 προστέταχεν.

878 2598 965 2647 7'2.
993 2592 1237 2647 Michael
1268 2593 1533 2648 defector
1575 2592 1761 2648 altera
1825 2596 1953 2649 vice
2012 2610 2123 2649 nos
2176 2595 2462 2658 adoritur,

807 2686 1033 2736 etcum
1102 2683 1160 2735 in
1212 2687 1341 2737 tuto
1400 2699 1510 2737 sua
1566 2682 1812 2737 vidisset
1860 2685 2248 2752 (cognoverat
2308 2684 2467 2739 enim

808 2772 1221 2843 imperatorias
1234 2772 1441 2843 copias
1460 2788 1654 2844 neque
1668 2772 1742 2826 ad
1759 2772 1970 2827 malum
1984 2775 2466 2845 propulsandum

808 2876 1004 2931 neque
1057 2860 1135 2915 ad
1186 2861 1582 2915 resistendum
1649 2861 1921 2930 idoneas)
1974 2862 2269 2933 oppidum
2363 2864 2471 2918 ob-

813 2950 1047 3004 sidione
1088 2949 1269 3004 cinxit
1294 2955 1351 3004 et
1371 2950 1596 3020 aptavit
1618 2952 1848 3004 arietes.
1891 2951 2473 3023 1590ppidani,et

812 3038 914 3112 qui
950 3056 1084 3094 cum
1109 3038 1284 3094 nobis
1307 3045 1496 3107 erant,
1513 3055 1634 3095 una
1656 3056 1792 3094 cum
1818 3057 1888 3095 eo
1912 3041 2268 3096 sentiebant.
2296 3042 2473 3110 Igitur

812 3128 1077 3199 primum
1098 3133 1410 3198 pertentat,
1433 3132 1490 3183 et
1517 3128 1866 3183 universum
1895 3129 2139 3184 militem
2169 3137 2470 3185 armatum

2648 2592 2746 2667 οβ’.
2787 2593 3004 2652 Ἐπῆλθε
3055 2596 3096 2629 ⁶¹
3154 2601 3280 2665 γοῦν
3333 2613 3392 2645 το
3471 2592 3710 2669 δεύτερον
3758 2596 3878 2647 καθ’
3949 2596 4097 2666 ἡμῶν
4150 2594 4176 2644 ό

2577 2682 2878 2743 ἀποστάτης
2906 2683 3146 2753 Μιχαὴλ,
3180 2687 3271 2735 καὶ
3323 2682 3432 2736 ἐπεὶ
3488 2682 3779 2758 ἐκεχειρίαν
3837 2680 3979 2754 εἶχεν
4036 2681 4175 2751 (ἐπέ-

2575 2793 2680 2843 γνω
2704 2776 2805 2847 γὰρ
2842 2777 2911 2835 ὥς
2950 2776 3004 2825 αἱ
3045 2772 3322 2846 βασιλικαὶ
3375 2771 3625 2846 δυνάμεις
3674 2770 4000 2826 ἀδυνατοῦσι
4056 2779 4177 2824 τοῦ·

2576 2880 2664 2914 τον
2696 2858 3014 2918 ἁντιστάδην
3046 2864 3431 2933 μαχέσασθαι)
3474 2867 3870 2935 περιεστοίχισε
3920 2866 3980 2914 τό
4041 2863 4179 2913 ἄστυ

2581 2956 2784 3023 φρουρᾴ
2810 2954 2899 3001 καὶ
2934 2948 3185 3012 ἑλεπόλεις
3212 2954 3359 3007 ἵστα.
3391 2950 3561 3003 Ἦσαν
3585 2948 3645 3003 δὲ
3700 2954 3750 3003 οἱ
3806 2949 3948 3012 ἐντός
3995 2954 4086 3002 καὶ
4134 2950 4184 3001 οἱ

2584 3040 2678 3090 σύν
2701 3040 2825 3110 ἡμῖν
2854 3042 2919 3091 τὰ
2945 3038 3106 3091 αὑτοῦ
3146 3047 3465 3113 φρονοῦντες.
3518 3046 3731 3113 Πρῶτος
3778 3048 3905 3111 γοῦν
3969 3043 4185 3095 πεποίη-

2582 3146 2667 3178 κεν
2698 3126 3005 3200 ἀπόπειραν,
3032 3133 3123 3179 καὶ
3165 3127 3385 3189 ὁπλίσας
3439 3132 3498 3180 τὸ
3548 3131 3759 3201 σύμπαν
3811 3129 3970 3181 αὐτοῦ
4028 3129 4186 3202 στρά-

811 3216 1038 3287 oppido
1070 3215 1353 3286 applicat,
1386 3216 1464 3270 ad
1496 3216 1608 3270 hoc
1628 3217 1947 3285 sagittariis
1973 3233 2043 3273 ac
2064 3217 2470 3273 funditoribus
2501 3239 2543 3293 ο

2422 3235 2470 3272 is
2501 3239 2543 3293 ο
2583 3234 2750 3287 τευμα
2797 3225 2868 3287 τῷ
2914 3218 3063 3269 οἶστει
3110 3216 3418 3290 προσέϐαλε,
3474 3216 3707 3280 τοξόταις
3758 3223 3849 3269 καὶ
3907 3212 4187 3289 σφενδονή-

808 3322 995 3378 quam
1022 3306 1266 3377 optimis
1322 3322 1466 3360 usus
1506 3324 1520 3374 ;
1558 3307 1750 3362 scalas
1794 3309 1934 3363 item
1979 3309 2239 3368 advehit.
2266 3314 2332 3363 ut
2359 3308 2471 3364 illis

809 3411 1016 3451 muros
1048 3395 1416 3451 ascenderet.
1449 3395 1563 3451 Sed
1594 3401 1733 3451 tunc
1765 3398 2011 3469 quidem
2066 3398 2263 3469 rejecti
2309 3404 2468 3456 sunt.

808 3492 864 3540 et
895 3501 967 3539 ex
999 3484 1114 3539 illis
1145 3485 1414 3557 plerique
1441 3486 1603 3540 saxis
1633 3485 1882 3558 telisque
1912 3487 2108 3542 obruti
2158 3504 2228 3542 ex
2279 3488 2471 3542 homi-

810 3590 954 3629 num
998 3575 1116 3629 vita
1152 3576 1504 3644 migrarunt.
1560 3577 1624 3629 Et
1666 3576 1750 3630 sic
1808 3592 1915 3648 per
1966 3576 2094 3631 dies
2150 3578 2473 3632 nonnullos

809 3666 1111 3737 quievere,
1162 3680 1526 3735 rursumque
1594 3664 1671 3719 ab
1730 3665 2056 3737 oppidanis
2117 3672 2173 3721 et
2257 3668 2473 3722 nostris

811 3754 1072 3807 comitati
1088 3754 1366 3807 rursusin
1382 3753 1672 3825 oppidum
1686 3755 2100 3810 vehementius
2118 3755 2470 3827 irrumpunt,

810 3848 869 3897 et
894 3844 1022 3913 pari
1060 3844 1288 3897 ratione
1320 3842 1669 3913 rejiciuntur
1709 3861 1721 3898 :
1782 3859 1976 3916 neque
2019 3846 2180 3900 enim
2243 3844 2470 3916 aliquid

812 3931 1116 4003 profecere
1143 3947 1253 3985 suo
1269 3931 1664 4003 potiusquam
1686 3932 1939 3987 aliorum
1966 3933 2375 3988 incommodo.
2412 3936 2478 3988 Et

811 4020 1051 4075 tertium
1082 4036 1327 4092 quoque
1360 4020 1447 4074 vis
1496 4020 1596 4075 illa
1642 4021 1784 4075 mali
1817 4022 2083 4079 incaluit.
2119 4023 2477 4094 tertiumque

812 4110 1099 4164 restincta
1125 4115 1231 4163 est.
1272 4111 1461 4164 Hostis
1490 4110 1669 4177 igitur
1692 4110 1875 4165 ﬁnem
1900 4111 2186 4168 turbandi
2211 4112 2368 4178 facit,
2424 4116 2481 4166 et

812 4199 1015 4270 quieta
1052 4204 1252 4252 mente
1319 4199 1603 4267 constitit,
1672 4204 1728 4253 et
1799 4200 2290 4272 appropinquare
2358 4215 2479 4254 non

813 4288 1098 4344 audebat.
1135 4294 1429 4360 tanquam
1461 4289 1564 4360 qui
1605 4290 1939 4359 majoribus
2000 4306 2187 4362 quam
2238 4290 2479 4345 inferret

812 4380 986 4434 malis
1015 4378 1402 4446 aﬂligeretur.
1452 4382 1868 4434 Verumtamen
1923 4381 2023 4451 qui
2082 4380 2476 4435 defectionem

811 4466 1283 4529 meditabantur,
1333 4467 1393 4522 in
1453 4469 1858 4523 commotione
1934 4485 2152 4541 pugnae
2227 4468 2479 4525 consilia

2583 3323 2702 3365 ταις
2752 3305 3033 3376 εύστόχοις
3084 3308 3439 3379 χρησάμενος.
3504 3312 3605 3359 Καὶ
3646 3306 3910 3379 κλίμακας
3991 3308 4187 3378 ἔφερον,

2582 3394 2652 3455 ὡς
2682 3392 2742 3445 ἂν
2766 3390 2859 3446 διὰ
2889 3404 2990 3445 τῶν
3019 3394 3283 3467 κλιμάκων
3316 3394 3399 3448 ἐπὶ
3445 3398 3505 3447 τὸ
3562 3396 3697 3448 οἶστυ
3757 3394 4186 3470 ὼαρῥιχὴσαιν-

2580 3503 2660 3538 το.
2696 3484 2851 3536 Ἀλλὰ
2880 3492 3035 3536 τοῦτο
3064 3488 3154 3557 μιν
3202 3484 3523 3558 ἐτράπησαν,
3581 3490 3672 3537 καὶ
3727 3485 3934 3544 πλείους
3985 3484 4038 3547 ἐξ
4086 3483 4188 3535 αύ-

2581 3581 2682 3625 τῶν
2722 3576 2869 3645 ἔργον
2926 3579 3080 3646 φόνου
3134 3579 3457 3645 γεγένηνται,
3513 3574 3681 3636 λίθοις
3733 3573 4041 3647 βεϐλημένοι
4096 3578 4188 3625 καὶ

2584 3666 2803 3722 ὀιστοῖς.
2860 3669 2958 3716 Καὶ
3020 3668 3184 3736 μέχρι
3240 3667 3330 3736 μὲν
3384 3666 3585 3739 ἡμερῶν
3656 3684 3806 3716 τινων
3873 3666 4185 3734 ἡσύχασαν,

2584 3756 2674 3803 καὶ
2709 3751 2861 3802 πάλιν
2910 3754 2959 3804 οἰ
3015 3751 3147 3812 ἐντὸς
3212 3759 3302 3804 καὶ
3358 3754 3600 3826 ἡμέτεροι
3654 3755 3867 3812 τούτους
3919 3751 4187 3819 ἐκίνησαν,

2585 3845 2676 3891 καὶ
2713 3837 2863 3902 αὖθις
2893 3840 3155 3915 προσϐολή
3189 3840 3518 3916 σφοδροτέρα
3556 3839 3639 3893 ἐπὶ
3696 3846 3755 3893 τὸ
3809 3840 3967 3906 ἂστυ,
4010 3846 4100 3892 καὶ
4156 3843 4186 3899 ἡ

2587 3927 2907 4001 ἀπόκρουσις
2938 3932 3111 4002 ὁμοία·
3150 3928 3274 3982 οὐδὲ
3296 3933 3394 4001 γὰρ
3436 3927 3782 3989 ἠδυνήθησαν
3844 3950 3898 3982 τι
3944 3938 4190 3996 ποιήσαι,

2588 4018 2778 4089 μᾶλλον
2826 4022 3138 4082 πεπονθότες
3191 4020 3221 4078 ἡ
3281 4019 3586 4093 πράξαντες.
3633 4024 3809 4092 Μέχρι
3862 4024 3954 4072 καὶ
4009 4024 4192 4091 τρίτου

2588 4106 2875 4179 προσέϐαλε
2912 4112 2971 4159 τό
3008 4106 3196 4174 δεινόν,
3225 4113 3314 4159 καὶ
3352 4111 3418 4160 τὰ
3460 4110 3613 4181 ὁμοία
3663 4107 3741 4160 ἐπ’
3804 4110 3923 4170 ίσης
3977 4113 4189 4179 γεγένηι

2591 4216 2701 4257 ται,
2728 4197 3027 4269 Ἠρέμησαν
3052 4207 3178 4268 γοῦν
3218 4200 3267 4250 οἱ
3296 4196 3517 4250 ἐναντίοι
3539 4203 3629 4250 καὶ
3678 4198 3728 4250 ἐν
3776 4200 3989 4270 ἡσυχία
4032 4216 4193 4271 προσ·

4002 4286 4197 4359 μᾶλλον

2591 4378 2689 4449 γὰρ
2722 4378 2957 4448 ἔπασχον
2988 4376 3292 4447 ἐγγίσαντες
3337 4376 3366 4434 ἦ
3424 4374 3648 4428 ὶποιουν·
3706 4378 3771 4427 Οἱ
3828 4380 3918 4448 μὲν
3969 4376 4058 4427 οὖν
4100 4381 4197 4432 τὴν

2592 4461 2839 4515 ἀπιστίαν
2864 4472 3133 4525 νοσοῦντες
3159 4460 3376 4515 ἐδόκουν
3407 4462 3455 4515 ἓν
3484 4471 3547 4535 τῇ
3598 4468 3803 4521 κινήσει
3860 4470 3954 4525 τῆς
4008 4465 4197 4535 μάχης

2593 4289 2847 4357 εφίζανον·
2910 4284 3052 4340 Οὐδὲ
3093 4290 3195 4360 γὰρ
3252 4285 3475 4360 ἐτόλμων
3554 4292 3922 4362 προσεγγίσαι·

814 4557 1006 4624 magis
1031 4572 1091 4610 se
1134 4562 1256 4610 tuto
1288 4556 1530 4628 exsequi
1565 4572 1739 4627 posse
1762 4557 2209 4614 existimabant.
2269 4558 2475 4612 Mirum
2516 4592 2562 4646 Β

2432 4574 2475 4611 n
2516 4592 2562 4646 D
2594 4553 2663 4613 ὡς
2710 4556 2776 4604 τα
2816 4552 3019 4646 ’ἑαυτῶν
3075 4550 3390 4646 βουλήματα
3435 4554 3882 4646 κατορθιώσαιντοιο

814 4661 955 4700 vero
982 4644 1042 4699 id
1069 4644 1363 4699 audituris
1400 4645 1717 4710 videbitur,
1756 4646 1805 4700 si
1848 4647 2045 4713 unius,
2093 4650 2215 4702 'non
2275 4647 2476 4718 plures

813 4750 999 4806 quam
1021 4734 1427 4806 quadraginta
1451 4733 1712 4789 famulos
1748 4735 2044 4802 habentis,
2077 4735 2195 4790 ﬁde
2248 4735 2378 4790 sola
2423 4742 2479 4789 et

814 4822 1060 4878 veritate
1088 4822 1211 4878 freti
1236 4823 1497 4877 hominis
1516 4823 1569 4877 vi
1593 4831 2137 4895 compescerentur.
2162 4826 2306 4879 Cum
2333 4840 2477 4887 ergo

817 4927 1025 4985 pugna
1042 4928 1111 4966 ac
1144 4911 1346 4982 prael‘o
1375 4911 1625 4967 infanda
1651 4912 1901 4967 consilia
1929 4911 2219 4967 malorum
2256 4913 2475 4968 machio

815 5009 1057 5059 natores
1075 5002 1321 5072 exsequi
1336 5017 1457 5056 non
1485 5008 1748 5073 possent.
1766 5003 1960 5056 scelus
1977 5003 2037 5056 in
2053 5002 2475 5074 tranquillitate

814 5091 1056 5147 necalia
1086 5089 1296 5145 fraude
1332 5091 1681 5147 moliuntur.
1704 5098 1929 5160 Agmen
1952 5090 2131 5161 enim,
2165 5092 2256 5145 cui
2289 5092 2365 5146 ad
2390 5097 2475 5146 tu-

814 5179 1063 5236 tandum
1106 5180 1398 5250 oppidum
1454 5180 1512 5233 in
1545 5180 1691 5234 urbe
1724 5180 2089 5234 domilicium
2145 5186 2290 5243 erat,
2343 5180 2474 5235 vitae

812 5269 1223 5324 sustentandze
1282 5284 1469 5324 causa
1535 5268 1977 5340 propugnaculi
2044 5272 2325 5323 eductum
2397 5268 2476 5324 ad

810 5357 1089 5429 granaria
1136 5357 1560 5412 transmittunt.
1625 5360 1757 5412 Ηιῑιο
1832 5357 2251 5429 praemeditati.
2335 5374 2476 5413 cum

2596 4645 2772 4715 θαῦμα
2802 4639 2862 4694 δὲ
2889 4640 2948 4693 ἂν
2975 4643 3053 4699 εἴη
3089 4649 3198 4704 τοῖς
3245 4639 3548 4707 ἁκούουσιν,
3596 4640 3641 4692 εἰ
3699 4640 3807 4703 ἐνὸς
3851 4636 4042 4715 ἀνδρὸς
4099 4644 4195 4699 ἧτ-

2590 4751 2744 4789 τηντο
2789 4730 2848 4783 ού
2902 4730 3109 4792 πλείους
3162 4738 3261 4782 τῶν
3314 4733 3695 4804 τετταράκοντα
3747 4732 4005 4804 ὑπηρέτας
4047 4733 4198 4802 ἕχον-

2588 4841 2675 4883 τος
2696 4826 2785 4873 καὶ
2822 4825 2954 4893 μόνη
2977 4828 3042 4892 τῇ
3082 4825 3259 4872 πίστει
3289 4825 3379 4872 καὶ
3401 4827 3463 4892 τῇ
3527 4818 3743 4890 ἀληθείᾳ
3793 4818 4194 4894 mappam”;-

2584 4910 2673 4971 Ὡς
2699 4918 2824 4981 γοῦν
2855 4905 3129 4971 ἀδυνάτως
3171 4906 3316 4980 εἶχον
3368 4911 3524 4981 μάχῃ
3575 4915 3665 4962 καὶ
3698 4905 3941 4981 κυδοιμῷ
3982 4912 4046 4960 τα
4080 4904 4199 4961 δια·

2587 4999 2768 5052 ϐούλια
2797 5002 2846 5051 οἱ
2894 5000 3011 5051 καθ’
3069 5002 3216 5069 ἡμῶν
3272 5006 3573 5071 φρονοῦντες
3620 5000 3687 5050 τὰ
3748 5006 3889 5070 σφῶν
3934 5000 4199 5069 κατορθω-

2588 5090 2805 5154 σασθαι,
2840 5088 2891 5139 ἐν
2918 5090 3126 5159 ἠσυχίᾳ
3154 5087 3537 5159 μεμελετήκασι
3594 5090 3653 5139 τὸ
3711 5083 3880 5139 δεινὸν
3930 5092 4020 5139 καὶ
4071 5095 4203 5146 σκῆ-

2585 5176 2676 5247 ψιν
2729 5178 3073 5248 ποιησάμενοι
3135 5180 3230 5233 τήν
3278 5184 3370 5227 τοὺ
3423 5175 3494 5234 εἰς
3547 5175 3779 5247 φυλακήν
3858 5183 3950 5228 τοῦ
3995 5176 4204 5236 ἄστεως

2589 5270 2995 5337 συντεταγμένου
3054 5267 3446 5339 στρατεύματος
3496 5265 3785 5337 ζωαρκείας
3843 5266 4005 5337 χάριν
4065 5260 4202 5317 δεοί-

2586 5375 2764 5421 κησιν,
2818 5354 3100 5435 ἐξάγουσιν
3175 5353 3341 5415 αὐτὴν
3393 5361 3492 5406 τῶν
3574 5352 3830 5416 ίπάλξεων
3865 5358 3955 5404 καὶ
3996 5351 4081 5405 ἰπὶ
4136 5355 4204 5404 τὰ

882 5610 925 5643 ⁸⁸
957 5610 1017 5663 D:
1056 5612 1155 5659 Καὶ
1188 5606 1294 5659 ἐπει
1326 5605 1614 5679 ἐκεχειρίαν
1637 5609 1769 5677 εἶχε.
1790 5611 2182 5678 περιεστοίχισι
2215 5609 2270 5658 τὸ
2302 5604 2435 5679 ἂστυ
2465 5609 2555 5666 καὶ
2582 5604 2834 5675 ελεπογεις
2867 5603 3564 5679 συνίστακλίμακαςὲφερεν,
3584 5605 3652 5666 ὡς
3674 5601 3852 5679 (ἒν-διὰ
3868 5605 4065 5656 τούτων
4086 5608 4204 5676 περὶ

808 5685 866 5732 τό
894 5682 1029 5731 οῐστυ
1054 5674 1520 5753 αναρριχήσαιντο.
1559 5674 1956 5750 Ἀλλατότεμεν
1990 5674 2266 5752 τραπέντες
2297 5676 2532 5729 πλεῖστοι
2559 5681 2707 5753 ἔργ-ον
2730 5684 2883 5753 φ-ονου
2911 5674 3222 5753 θεγονεισαν,
3262 5674 3426 5737 Αὖθις
3457 5674 3516 5727 δι
3543 5674 3808 5753 προσϐολή
3843 5674 4205 5753 περισσοτέρα

811 5758 931 5826 περὶ
950 5755 1007 5806 τό
1043 5746 1200 5815 ἄστυ,
1225 5746 1314 5802 καὶ
1347 5754 1373 5809 ἡ
1410 5749 1727 5822 ἀπόκρουσις
1750 5746 1925 5821 ὁμοία,
1946 5746 2217 5810 Ὡσαύτως
2238 5756 2328 5801 καὶ
2355 5752 2383 5808 ἠ
2416 5746 2721 5825 τρίτηῈῖτα
2748 5746 2917 5821 ἦρέ-μα
2946 5746 3309 5823 παρεκάθηντο
3334 5756 3423 5799 καί
3457 5750 3615 5807 οὕτως
3647 5747 3745 5800 εἱλε
3785 5750 3872 5799 τόν
3900 5746 4201 5826 Πρᾶαπον.
