4470 6452
306 431 446 488 M73

1833 424 2179 484 ANNALES.

3534 425 3675 481 11⁸74

307 554 653 624 σιτοφυλάκια
702 549 1021 619 ἀπάγουσιν,
1088 550 1173 611 Ἐξ
1222 548 1419 621 ἕρήμης
1467 558 1592 620 γοῦν
1632 549 1904 620 ἀνοίγουσι
1948 558 1986 604 Α
2023 550 2072 605 al

1948 558 1986 604 Α
2023 550 2259 605 abesset
2295 550 2467 620 160
2509 550 2824 611 exercitus,
2870 554 3075 619 portas
3122 550 3416 620 aperiunt.
3465 551 3676 621 Sicque

304 645 399 702 τὰς
463 642 626 701 πύλας
690 641 737 689 οἱ
788 646 956 689 ταῦτα
1032 638 1521 711 προμελετήσαντες.
1609 644 1707 690 Καὶ
1778 639 1906 690 ἑάλω

305 730 441 781 οὕτω
471 733 527 780 τὸ
551 736 641 781 τοῦ
672 727 938 800 Πριλάπου
979 728 1135 783 ἄστυ,
1180 726 1236 777 οὐ
1268 727 1520 797 πολεμίων
1582 726 1758 797 ἀρετῇ,
1814 728 1906 779 οὐκ

305 817 656 890 ἀνοχυροτητι
691 819 873 877 τόπου,
922 813 1050 865 αλλά
1094 823 1155 885 τῇ
1187 824 1286 865 των
1344 814 1579 884 φυλάκων
1626 814 1906 888 ἀϐελτηρίᾳ

304 910 395 956 καὶ
460 904 696 975 ἀπιστίᾳ.
761 908 861 955 Καὶ
920 904 1070 973 ἡμεῖς
1123 903 1441 974 συνεάλωμεν
1493 909 1582 955 καὶ
1639 900 1904 974 δεσμῶται

303 998 609 1065 γεγόναμεν.
677 988 816 1043 Οὐδὲ
853 994 954 1065 γὰρ
1005 996 1200 1048 ὤνησεν
1229 993 1363 1062 ἡμᾶς
1428 996 1485 1042 τὸ
1544 1000 1632 1051 τῆς
1685 992 1906 1063 ἀκροπο-

304 1083 427 1144 λεως
474 1086 717 1155 φρούριον
752 1103 764 1114 ·
798 1085 961 1153 πέτρα
1011 1084 1112 1155 γὰρ
1161 1078 1241 1149 ἦν,
1283 1086 1370 1132 καὶ
1418 1080 1587 1138 ἁλωτὴ
1640 1077 1903 1134 δεκαϐάθ-

305 1193 387 1243 μῳ
465 1172 702 1243 κλίμακι,
778 1174 914 1243 εἴπερ
992 1169 1213 1241 ἐπῄεσάν
1302 1190 1429 1229 τινες
1504 1170 1900 1242 πολεμήσοντες.

304 1262 387 1314 Ἐν
421 1263 569 1333 ᾔκαὶ
614 1264 799 1321 νυκτὸς
852 1262 901 1311 οἱ
962 1259 1206 1311 τάναντία
1268 1265 1612 1331 φρονήσαντες
1667 1262 1905 1334 ἡμέτεροι

306 1348 600 1421 ἕφορμῆσαι
630 1351 747 1400 καθ’
778 1351 923 1419 ἡμῶν
967 1348 1337 1405 ἠϐουλήθησαν
1389 1352 1453 1408 ως
1493 1351 1629 1420 ἡμᾶς
1682 1368 1736 1400 τε
1771 1348 1903 1400 ἀπο-

304 1447 495 1490 κτενεῖν
547 1443 637 1489 καὶ
705 1441 769 1488 τὰ
844 1439 990 1508 ἡμῶν
1047 1436 1328 1499 ξυλλαϐεῖν.
1408 1437 1549 1489 Ἐπεὶ
1618 1434 1675 1489 δε
1750 1438 1906 1498 αὐτὸς

304 1532 457 1578 ταυτὶ
525 1526 846 1596 ἐπεγνωκειν,
900 1531 1017 1577 τότε
1098 1529 1185 1596 μεν
1273 1526 1485 1585 ἑαυτοὺς
1551 1525 1906 1597 ἐφυλαξάμεθα

300 1618 474 1676 καθὼς
503 1612 561 1672 ἦν
590 1617 714 1686 ἡμῖν
761 1611 1003 1679 δυνατὸν,
1055 1612 1428 1685 ἐπιλαμψάσης
1474 1612 1532 1666 δε
1586 1617 1781 1688 ἡμέρας
1833 1625 1905 1683 τῷ

303 1704 573 1776 ἀποστάτῃ
624 1704 846 1773 Μιχαὴλ
918 1704 987 1764 εἰς
1042 1703 1334 1775 ξυμφωνίας
1387 1704 1653 1765 ξυνῆλθον.
1724 1704 1905 1756 Κάκεῖ-

300 1815 380 1855 νος
437 1798 525 1867 μεν
573 1799 705 1867 πρὸς
758 1797 893 1865 ἡμᾶς
942 1790 1168 1845 δέδωκεν
1233 1796 1412 1867 ὅρκους
1475 1793 1767 1867 ἐλευθέρους
1817 1798 1906 1866 μὲν

301 1893 473 1935 κακῶν
522 1888 611 1934 καὶ
683 1885 813 1954 μετὰ
896 1891 995 1933 των
1073 1887 1325 1955 σφετέρων
1398 1886 1716 1954 πραγμάτων
1766 1886 1907 1954 παρά
1941 1903 1976 1956 Β

299 1980 392 2023 τοῦ
450 1976 639 2044 μέρους
692 1971 851 2022 αὕτοὺ
911 1970 980 2031 εἰς
1056 1975 1149 2028 τὴν
1207 1978 1389 2041 χώραν
1436 1968 1767 2029 διασωθῆναι
1815 1980 1905 2022 τοῦ

301 2060 577 2133 βασιλέως,
618 2063 763 2131 ἡμεῖς
844 2056 903 2111 δε
979 2063 1037 2111 τὸ
1099 2064 1284 2133 μικρὸν
1355 2060 1513 2111 ἐκεῖνο
1570 2064 1700 2133 πρὸς
1752 2060 1907 2110 αὑτὸν

300 2149 681 2221 ἀπολελύκαμεν
712 2152 977 2222 φρούριον.
1034 2149 1166 2201 Ἀλλ’
1221 2159 1362 2199 ωσαν
1419 2152 1468 2201 οἱ
1520 2152 1669 2223 ὁρσοι
1722 2152 1905 2200 τούτου

298 2235 512 2308 ψευδεῖς

296 2347 417 2387 νους
448 2323 707 2387 πεδήτας.

367 2416 432 2467 ὐ
488 2419 577 2487 μὲν
623 2415 710 2466 οὖν
754 2414 998 2486 βασιλεὺς
1028 2412 1301 2486 Θεόδωρος
1358 2420 1475 2486 περὶ
1532 2418 1723 2466 τούτων
1782 2414 1907 2471 ἀκη-

304 2510 442 2566 κοὼς
472 2506 766 2556 ὑπετοπασε
806 2506 896 2575 μὲν
946 2509 1066 2577 περὶ
1122 2502 1245 2575 ἐμοὶ)
1297 2503 1354 2554 οὐ
1413 2503 1598 2562 καλῶς,
1645 2506 1907 2575 ανθρωπί-

297 2614 403 2654 νοις
460 2590 520 2645 δέ
576 2594 851 2665 λογισμοῖς
927 2593 1170 2664 ἑπόμενος
1253 2594 1595 2645 ὑπετοπασεν,
1664 2592 1751 2652 Ὠς
1805 2596 1907 2663 γὰρ

308 2682 625 2755 ἐμεμαθήκει
680 2686 795 2741 τούς
861 2686 1127 2754 κρείττους
1203 2690 1303 2732 τῶν
1375 2685 1807 2752 στρατηγούντων
1861 2680 1908 2731 ὲν

302 2780 366 2843 τῇ
432 2768 640 2843 δυσμῇ,
692 2771 739 2821 ἐν
802 2772 878 2831 οἷς
933 2769 1134 2844 ἐθάρρει
1186 2774 1275 2821 καὶ
1323 2773 1387 2821 τὰ
1438 2769 1621 2829 πολλὰ,
1668 2772 1768 2821 ὑπὸ
1824 2790 1908 2821 τον

300 2859 609 2916 ἀποστάτην
661 2859 884 2929 Μιχαὴλ
952 2861 1288 2929 γεγενῆσθαι,
1343 2861 1463 2918 τούς
1519 2860 1609 2930 μεν
1662 2864 1752 2910 καὶ
1808 2862 1909 2930 πρὸ

299 2958 400 3000 τῶν
454 2953 829 3018 κατασχέσεων
882 2956 981 2999 τῶν
1032 2952 1307 3020 φρουρίων,
1358 2952 1517 3017 ἤγουν
1566 2952 1654 2998 τὸν
1704 2951 1909 2999 Σκουτέ-

299 3057 412 3109 ριον
469 3036 680 3101 Ξυλέαν,
726 3040 812 3087 τὸν
858 3036 1114 3107 Ῥαματᾶν
1170 3036 1435 3101 Μανουηλ,
1488 3041 1573 3088 τὸν
1629 3037 1909 3107 Πονλάχαν

300 3132 392 3177 καὶ
422 3125 604 3185 ἄλλους
636 3132 799 3185 ένίους
845 3134 944 3176 των
996 3130 1089 3176 σὺν
1121 3126 1317 3195 αὐτοῖς,
1373 3126 1524 3185 αὖθις
1564 3122 1621 3177 δὲ
1668 3130 1754 3176 καὶ
1785 3129 1911 3197 μετὰ

301 3218 398 3275 τὰς
477 3219 849 3284 κατασχέσεις,
914 3213 1002 3265 εἶτ’
1075 3215 1163 3265 οὖν
1213 3218 1300 3265 τὸν
1356 3214 1441 3265 ἐπὶ
1509 3222 1599 3273 τῆς
1650 3215 1910 3287 τραπέζης

306 3305 569 3355 Ἰσαάκιον
656 3307 742 3353 τὸν
816 3308 1134 3373 Νεστόγγον,
1216 3303 1269 3352 ὃν
1327 3302 1479 3361 αὐτὸς
1532 3303 1603 3362 εἰς
1655 3302 1907 3373 φυλακὴν,

302 3394 442 3443 καθὰ
485 3398 908 3466 προιστορηκειν,
985 3390 1391 3448 ἀποκατέστησα
1458 3400 1552 3452 τῆς
1626 3389 1907 3465 Ἀχρίὸος,

301 3486 393 3532 καὶ
420 3480 606 3542 ἄλλους
644 3480 737 3531 οὐκ
801 3480 1003 3550 ὀλίγους
1056 3490 1155 3531 τῶν
1212 3487 1480 3552 γνωρίμων
1510 3501 1561 3533 τε
1600 3486 1689 3533 καὶ
1720 3483 1910 3553 ὀνομα-

1722 3567 1913 3622 ἐδεδίει

302 3666 391 3709 καὶ
429 3663 547 3730 περὶ
574 3658 708 3729 ἐμοὶ,
738 3664 809 3729 μή
862 3678 985 3710 ποτε
1043 3664 1133 3709 καὶ
1196 3659 1353 3719 αὐτὸς
1408 3661 1557 3710 πάθω
1596 3662 1660 3709 τὰ
1717 3661 1909 3730 ὃμοια·

308 3578 441 3621 στῶν
504 3571 603 3620 ὑπὸ
677 3573 762 3621 τὸν
815 3569 1119 3625 ἀποστάτην
1175 3569 1381 3629 ἑκόντας
1429 3570 1652 3634 τελέσαι,

302 3749 516 3821 ἔθραττε
543 3768 631 3798 και
652 3750 754 3820 γὰρ
796 3751 881 3798 τὸν
939 3748 1100 3799 αὐτου
1143 3747 1391 3819 λογισμὸν
1440 3753 1497 3799 το
1551 3748 1602 3810 ἐξ
1659 3750 1913 3818 ὑπογυίον

304 3834 510 3908 συμϐὰν
542 3839 656 3908 ἐμοὶ
690 3836 813 3910 παρ’
859 3836 1039 3889 αὑτοῦ.
1075 3838 1139 3887 Οἱ
1194 3833 1251 3887 δὲ
1281 3839 1346 3888 τὰ
1399 3837 1514 3887 κατ’
1567 3836 1652 3889 ἐπε
1704 3836 1909 3911 ἀκριϐέ-

304 3943 478 3997 στερον
529 3922 815 3995 ἐπιγνόντες
881 3921 1289 3996 διισχυρίζοντο
1339 3930 1409 3996 μὴ
1461 3927 1521 3976 οἰν
1574 3944 1700 3976 ποτε
1746 3934 1913 3977 τοιου-

300 4032 387 4065 τον
414 4018 633 4084 φανῆναί
672 4033 753 4083 με.
809 4014 950 4065 Ἐπεὶ
1012 4010 1069 4065 δὲ
1128 4019 1321 4087 χρόνος
1367 4012 1635 4087 παρερῥύη
1690 4018 1909 4084 συχνὸς,

301 4108 392 4154 καὶ
440 4111 539 4153 τῶν
598 4106 957 4175 ἐπερχομένων
1017 4099 1295 4174 δεσμώτην
1351 4101 1627 4168 ἐμάνθανεν
1676 4099 1805 4154 εἷναί
1852 4124 1914 4175 με

301 4198 391 4243 καὶ
451 4193 625 4266 εἱρκτῇ
694 4191 1077 4264 περικλείεσθαι
1124 4188 1450 4251 ποδοκάκαις
1502 4211 1555 4243 τε
1604 4198 1692 4243 καὶ
1741 4212 1915 4264 χειρο-

300 4277 488 4342 πίδαις
523 4282 863 4351 συνέχεσθαι,
927 4280 1012 4351 [Ρ.
1077 4280 1168 4350 84]
1226 4281 1406 4350 ἠγάπα
1459 4300 1513 4332 τε
1579 4285 1672 4338 τὴν
1725 4282 1912 4355 πρᾶξιν

2023 640 2235 710 Prilapi
2280 638 2576 709 oppidum
2623 653 2746 692 non
2787 639 3001 694 virtute
3058 638 3345 704 hostium,
3398 654 3521 693 non
3559 639 3673 694 loci

2017 726 2439 789 imbecillitate,
2482 726 2588 780 sed
2618 726 2940 780 custodum
2977 726 3251 782 socordia
3295 742 3365 780 ac
3418 726 3672 797 perﬁdia

2016 822 2258 887 captum
2290 820 2395 881 est,
2443 819 2501 868 et
2556 829 2665 868 nos
2715 829 2836 868 una
2874 830 3013 869 cum
3069 819 3223 877 eo,et
3278 814 3525 868 vinculis
3557 820 3670 870 tra-

2014 906 2215 960 dimur
2235 918 2257 973 ;
2274 904 2494 975 quibus
2517 919 2627 958 nec
2643 903 2797 958 arcis
2820 903 3129 959 castellum
3156 904 3379 974 profuit
3405 920 3417 957 :
3450 919 3664 960 saxum

2013 1010 2277 1065 namque
2335 998 2479 1053 erat.
2530 998 2587 1046 et
2642 998 2992 1063 expugnatu
3048 992 3397 1056 facilimum,
3431 994 3477 1047 si
3528 994 3663 1064 quis

2013 1083 2221 1137 decem
2274 1082 2571 1151 graduum
2622 1081 2784 1137 scala
2828 1081 2975 1136 illud
3015 1081 3263 1136 adortus
3313 1081 3537 1136 fuisset.
3600 1083 3663 1140 In

2012 1172 2178 1244 quod
2212 1179 2410 1235 noctu,
2442 1171 2545 1242 qui
2580 1186 2651 1224 ex
2691 1171 2907 1225 nostris
2934 1170 3223 1225 adversus
3260 1186 3371 1225 nos
3426 1168 3664 1225 hostilia

2013 1260 2353 1321 induerant,
2371 1260 2449 1314 ad
2466 1274 2575 1313 nos
2590 1258 3018 1314 interimendos
3039 1266 3363 1330 nostraque
3376 1258 3666 1329 rapienda

2014 1350 2288 1419 ingruere
2329 1348 2597 1403 animum
2658 1347 3041 1402 induxerant.
3086 1350 3217 1401 HEBC
3274 1346 3469 1401 edocti
3513 1351 3663 1412 tum,

2016 1440 2096 1493 uti
2128 1438 2284 1492 vires
2316 1441 2755 1502 concesserant,
2788 1452 2899 1490 nos
2939 1436 3392 1491 custodivimus.
3425 1435 3538 1491 Sed
3565 1435 3669 1489 ubi

2014 1526 2141 1580 dies
2186 1527 2386 1595 coepit,
2418 1541 2555 1580 cum
2605 1524 2882 1580 Michaele
2921 1524 3218 1579 defectore
3257 1524 3335 1579 ad
3363 1523 3671 1595 pactiones

2014 1616 2205 1670 venio.
2238 1614 2334 1669 Ille
2357 1615 2534 1668 etiam
2562 1614 2960 1683 jurejurando
2993 1630 3056 1668 se
3088 1612 3465 1681 obligaverat
3494 1628 3605 1667 nos
3634 1627 3671 1667 a

2015 1720 2174 1758 noxa
2192 1704 2491 1757 immunes
2518 1708 2575 1756 et
2595 1718 2731 1756 cum
2745 1717 2806 1756 re
2821 1701 3097 1757 familiari
3108 1717 3218 1772 pro
3231 1701 3458 1755 viribus
3472 1700 3671 1756 salvos

2016 1798 2195 1863 atque
2220 1790 2552 1846 incolumes
2582 1790 2978 1861 imperatoria
3007 1790 3215 1845 ditioni
3271 1788 3666 1845 redditurum.

2019 1880 2109 1934 Sic
2140 1895 2250 1933 nos
2281 1878 2562 1949 pusillum
2581 1878 2725 1932 illud
2747 1882 3011 1933 castrum
3035 1878 3402 1934 dedidimus.
3421 1880 3669 1932 Verum-

2018 1974 2216 2022 tamen
2242 1968 2671 2038 jusjurandum
2703 1983 2842 2022 cum
2868 1966 2963 2021 ille
2984 1966 3205 2021 nefarie
3239 1967 3517 2036 jurasset,
3540 1965 3667 2020 fru-

2018 2063 2141 2113 stra
2170 2057 2294 2126 fuit,
2328 2055 2931 2127 quandoquidemille
2950 2071 3063 2110 nos
3084 2054 3337 2110 vinculis
3358 2054 3667 2124 colligatos

2017 2148 2091 2201 de
2122 2146 2254 2201 loco
2286 2146 2344 2200 in
2372 2145 2572 2200 locum
2602 2144 3066 2215 transportabat.

572 2260 584 2270 -
636 2236 874 2309 ἐπίορκον
921 2240 1022 2310 γὰρ
1080 2238 1372 2309 ὠμωμόκει.
1415 2237 1612 2309 Ἐσχεν
1666 2235 1754 2289 οὖν
1804 2240 1941 2308 ἡμᾶς
1992 2236 2039 2288 ἐν
2094 2232 2311 2307 δεσμοῖς
2361 2239 2450 2285 καὶ
2508 2232 2608 2284 ἀπὸ
2662 2239 2844 2306 χώρας
2888 2234 2956 2293 εἰς
3026 2240 3207 2307 χώραν
3260 2231 3671 2305 μεταϐιϐαζομέ·

2096 2413 2273 2479 Igitur
2293 2412 2618 2482 imperator
2646 2411 3012 2479 Theodorus,
3040 2410 3114 2465 de
3136 2410 3229 2466 his
3246 2410 3459 2465 certior
3479 2409 3674 2466 reddi-

2019 2508 2135 2563 tus,
2165 2502 2238 2556 de
2273 2516 2366 2555 me
2396 2500 2641 2572 quidem
2672 2500 2834 2555 haud
2866 2500 3123 2569 ingenue
3183 2499 3524 2571 suspicatus
3562 2503 3671 2566 est,

2020 2591 2359 2662 suspicatus
2406 2594 2497 2643 est
2530 2593 2728 2643 tamen
2777 2589 3059 2644 humanis
3092 2588 3674 2643 considerationibus

2018 2678 2254 2733 ductus.
2284 2680 2555 2748 Namque
2607 2682 2671 2731 ut
2701 2677 2890 2731 audiit
2926 2677 3245 2733 ductorum
3292 2676 3670 2746 celebriores,

2018 2768 2241 2839 quibus
2261 2782 2444 2838 quam
2462 2767 2721 2820 maxime
2734 2765 2979 2834 ﬁdebat,
2994 2766 3053 2821 in
3083 2766 3397 2822 Occidente
3412 2766 3591 2821 Micha
3602 2764 3677 2820 eli

2018 2855 2301 2910 defectori
2322 2854 2592 2915 cessisse.
2627 2855 2844 2925 partim
2871 2860 3197 2926 antequam
3246 2854 3473 2926 oppida
3494 2869 3678 2925 expu—

2019 2948 2347 3014 gnarentur
2403 2943 2483 2997 uti
2530 2942 2859 2998 Scuterium
2908 2942 3167 3013 Xyleam,
3203 2941 3531 2997 Manuelem
3563 2944 3673 2997 Ra-

1950 3053 1990 3107 C
2022 3038 2243 3087 matam
2274 3032 2597 3086 Pulacham
2628 3032 2897 3103 aliosque
2928 3032 3267 3101 nonnullos,
3295 3032 3512 3102 partim
3536 3036 3675 3103 post

2019 3126 2345 3192 occupatas
2388 3121 2589 3175 urbes.
2620 3120 2798 3175 veluti
2839 3137 3053 3175 mensae
3094 3119 3429 3193 praefectum
3494 3121 3661 3192 161

2022 3211 2311 3265 Isaacrum
2355 3213 2741 3276 Nestongum,
2806 3210 2899 3264 cui
2939 3210 3086 3281 ipse,
3124 3215 3187 3265 ut
3212 3214 3390 3265 antea
3408 3210 3670 3276 narravi,

2021 3298 2290 3353 Achridse
2326 3299 2660 3353 custodiam
2683 3298 3220 3366 demandaveram,
3253 3298 3526 3369 aliosque
3557 3313 3679 3353 non

2022 3404 2252 3459 paucos
2280 3404 2348 3442 ex
2366 3388 2626 3443 maxime
2642 3387 2795 3441 notis
2816 3392 2996 3459 atque
3010 3387 3315 3442 nobilibus
3343 3386 3677 3442 voluntarie

2023 3493 2083 3532 se
2111 3476 2395 3532 defectori
2420 3475 2783 3539 subdidisse,
2813 3474 2887 3530 de
2917 3492 3011 3530 me
3037 3492 3283 3548 quoque
3315 3474 3581 3540 timebat,
3606 3491 3681 3531 ne

2020 3566 2166 3637 quid
2201 3570 2499 3637 patrarem
2553 3564 2776 3619 simile:
2824 3565 2998 3619 anxie
3028 3567 3185 3620 enim
3219 3564 3377 3620 illius
3409 3565 3685 3620 animum

2022 3655 2327 3723 turbabat,
2358 3653 2523 3725 quod
2554 3669 2747 3725 nuper
2786 3654 2915 3725 ipse
2971 3653 3031 3708 in
3074 3670 3170 3709 me
3216 3658 3682 3726 perpetraverat.

2022 3750 2295 3800 Attamen
2329 3744 2403 3798 de
2436 3760 2529 3798 me
2554 3743 2853 3815 rebusque
2884 3743 3032 3797 meis
3083 3743 3453 3799 enucleatius
3484 3742 3682 3799 edocti

2022 3850 2117 3888 me
2140 3850 2441 3905 nusquam
2477 3833 2653 3888 talem
2710 3832 2980 3887 futurum
3024 3832 3489 3887 contendebant.
3550 3834 3688 3887 Post

2022 3928 2260 3994 tempus
2292 3939 2410 3977 non
2444 3922 2751 3977 modicum
2786 3938 2856 3976 ex
2888 3922 3266 3977 internuntiis
3301 3937 3398 3976 me
3426 3921 3683 3976 vinculis

2023 4012 2333 4066 addictum
2361 4011 2596 4066 occludi
2619 4026 2877 4076 carcere,
2911 4010 3309 4082 compedibus
3348 4010 3555 4081 pedes,
3588 4025 3685 4066 ca-

2022 4102 2179 4173 pulis
2202 4117 2421 4156 manus
2449 4100 2696 4172 astringi
2728 4114 3192 4168 recognoscens,
3223 4098 3458 4155 facinus
3478 4098 3701 4155 lauda:

2021 4207 2105 4251 re.
2140 4190 2466 4245 humanius
2490 4191 2548 4244 in
2581 4206 2676 4244 me
2730 4188 2907 4255 afﬁci,
2941 4189 3137 4261 deque
3184 4188 3365 4244 rebus
3398 4189 3568 4256 meis,
3608 4203 3685 4244 ne

2024 4280 2240 4351 aliquis
2272 4280 2329 4333 in
2360 4295 2464 4333 eas
2508 4278 2909 4333 intruderetur
2966 4278 3386 4349 damnumque
3417 4276 3681 4345 inferret,

299 4376 390 4422 καί
414 4390 503 4442 μοι
552 4371 991 4442 προσφιλέστερον
1030 4366 1331 4439 διετέθειτο,
1392 4371 1640 4442 ὁρισμοὺς
1696 4367 1754 4422 δὲ
1802 4370 1910 4422 ἐπε·
1954 4409 1995 4462 D
2025 4370 2063 4424 d

1908 4404 1910 4410 ι
1954 4409 1995 4462 D
2025 4370 2263 4424 decreta
2292 4368 2593 4436 evulgare.
2630 4370 2693 4421 Et
2720 4367 2847 4421 haec
2874 4366 3121 4439 quidem
3158 4366 3243 4421 sic
3286 4382 3349 4421 se
3379 4365 3673 4423 habuere.

298 4465 510 4517 ποιηκει
558 4461 835 4529 κτημάτων
867 4463 985 4532 πέρι
1036 4468 1133 4509 τῶν
1193 4458 1345 4529 ἐμῶν,
1405 4456 1609 4530 μηδένα
1650 4460 1912 4530 τολμῆσαι

297 4544 442 4600 ποδα
488 4567 539 4600 τε
616 4548 792 4619 βαλεῖν
860 4546 908 4598 ἐν
967 4548 1145 4609 αὐτοῖς
1198 4554 1286 4600 καὶ
1365 4549 1560 4620 ζημίαν
1619 4548 1937 4621 ἐπεμϐαλεῖν,

300 4636 481 4699 ξυνέϐη
517 4638 652 4688 οὕτω
688 4641 751 4688 τὰ
775 4640 1082 4709 πράγματα.

371 4725 464 4796 ογ’.
516 4725 575 4777 Ὀ
626 4730 716 4796 μὲν
757 4723 844 4777 οὖν
876 4727 923 4760 ⁸³
982 4734 1081 4777 τῶν
1140 4726 1442 4799 Βουλγάρων
1490 4729 1692 4800 ἅρχων,
1743 4728 1766 4777 ὀ
1815 4747 1910 4797 γυ-

298 4813 643 4887 ναικάδελφος
683 4815 843 4867 αὐτου
895 4815 1138 4885 Μιχαὴλ,
1200 4814 1252 4876 ὃς
1303 4815 1493 4872 πολλὴν
1560 4822 1651 4873 τὴν
1717 4818 1912 4889 ἔχθραν

299 4908 431 4957 κατὰ
468 4925 522 4957 τε
582 4905 738 4956 αὐτοῦ
791 4912 884 4956 τοῦ
928 4904 1167 4978 γαμϐροῦ
1221 4910 1312 4956 καὶ
1372 4904 1631 4977 βασιλέως
1680 4911 1769 4956 καὶ
1818 4914 1914 4956 τῶν

295 4994 561 5067 Ῥωμαίων
621 4992 880 5065 ἐξέτρεφε,
936 4998 1063 5065 πρὸς
1118 5002 1207 5045 του
1274 4992 1701 5067 πρωτεξαὸέλφου
1756 4995 1917 5046 αὐτοῦ

371 5172 629 5225 ⁶²[);

300 5248 467 5317 μαίων
479 5286 491 5305 ,
596 5241 724 5317 ἀλλᾲ
806 5247 935 5315 πρὸς

302 5313 457 5387 μάνος
532 5319 624 5371 τήν
699 5313 890 5387 ἐκείνου
980 5315 1148 5366 λαϐὼν

1226 5312 1458 5386 γαμετὴν
1527 5312 1624 5372 τὴν
1702 5316 2005 5387 Βονλγάρων
2085 5312 2259 5388 ἀρχὴν
2328 5312 2696 5385 ἐσφετερὶζετο.

2030 4456 2370 4530 Imperatori
2395 4474 2537 4512 vero
2575 4456 2886 4512 Theodoro
2912 4473 3007 4513 res
3030 4457 3112 4512 ita
3133 4472 3406 4513 evenere.

2019 4554 2118 4601 Καὶ
2178 4556 2343 4600 ταυτα
2386 4550 2475 4618 μὲν
2519 4548 2686 4607 αὖτως
2740 4549 2892 4618 ἔσχε,
2950 4555 3022 4617 τῷ
3064 4542 3121 4599 δε
3167 4545 3379 4619 βασιλεῖ
3428 4542 3687 4618 Θεοδώρῳ

2016 4744 2019 4747 ί
2092 4730 2181 4780 73.
2210 4725 2606 4794 Bulgarorum
2638 4724 2937 4796 princeps,
2978 4724 3183 4779 uxoris
3208 4723 3365 4778 illius
3394 4722 3572 4780 frater
3593 4723 3687 4779 Mi-

2023 4815 2213 4883 chael,
2256 4815 2357 4886 qui
2408 4813 2740 4869 simultates
2787 4818 2843 4869 et
2884 4814 3246 4884 inimicitias,
3290 4829 3513 4885 easque
3562 4828 3687 4869 non

2025 4906 2206 4973 leves,
2239 4905 2369 4960 etin
2386 4919 2674 4972 generum
2693 4904 2819 4959 etin
2838 4904 3263 4975 imperatorem
3292 4907 3348 4959 et
3379 4902 3685 4958 remdenio

2025 5010 2142 5066 que
2158 4997 2490 5049 Romanam
2505 4992 2813 5061 gerebat,a
2828 4992 3194 5048 consobrino
3208 5008 3317 5048 suo
3331 4991 3695 5049 Callimano-

698 5170 756 5221 '4)
816 5167 875 5223 δε
924 5181 1023 5223 τὼν
1077 5172 1383 5243 Βουλγάρων
1440 5172 1659 5253 ,ἆρχωη
1714 5168 2126 5253 γυναικάδελφος
2184 5178 2274 5222 τοῦ
2341 5171 2502 5221 αὑτοῦ
2561 5170 2809 5240 Μιχαὴλ,
2864 5172 3060 5241 ἔχθραν
3108 5174 3198 5243 μὶν
3250 5168 3545 5253 sila-stara
3568 5171 3684 5243 Ῥω,

1024 5253 1113 5295 τον
1190 5228 1616 5315 τέρωτεξαδέλφρυ
1694 5228 1855 5294 αἶᾶτου
1933 5228 2255 5315 Καλλιμάνου
2336 5247 2544 5314 καιρίαν
2616 5228 2831 5312 πληγεὶς
2886 5228 3164 5301 ἒεθνήκει.
3221 5228 3337 5294 ὈΝ
3361 5239 3420 5315 δέ
3494 5228 3683 5295 Καλλι-ἶ

2776 5313 2911 5387 Ἀλλ’
2987 5316 3012 5365 ὁ
3087 5314 3278 5387 Ῥωσος
3339 5310 3509 5387 Οὖρος
3558 5318 3688 5387 μετὰ

306 5385 708 5460 στρατευμάτων
760 5385 979 5437 ἐπελθὼν
1042 5396 1111 5457 τῷ
1162 5385 1393 5461 roum...
1453 5392 1545 5444 τὴν
1614 5390 1875 5467 θυγατέρα
1906 5385 2126 5451 τούτου,
2178 5392 2271 5442 την
2327 5394 2417 5437 του
2468 5385 2688 5455 Μιχαὴλ
2750 5386 3001 5467 σύζυγον,
3057 5385 3255 5457 εἴληφεν
3288 5407 3299 5418 ·
3340 5385 3495 5461 ὁγὰρ
3553 5385 3686 5439 Καλ-

302 5446 430 5529 λιμά
482 5446 967 5529 ος’προπεφονευτο.
1025 5446 1162 5511 Ἐπεὶ
1205 5446 1266 5511 ’δ’
1322 5446 1513 5532 ἔρημος
1566 5446 1856 5514 ἐναγέελείθη
1924 5457 2243 5532 κληρονόμου
2294 5459 2323 5513 η
2371 5466 2467 5532 τΔὼν
2527 5446 2831 5528 Ιξουλγὰρων
2882 5446 3050 5530 ἀρχὴ,
3107 5446 3188 5509 oi.
3220 5446 3543 5531 προῦχοντες
3597 5462 3685 5509 τὸν

304 5525 651 5602 Τοίχονυίον
696 5525 1080 5581 Κὼνσταντῖνον
1135 5530 1204 5589 εἰς
1263 5525 1566 5602 τὸἀρχειν
1623 5531 1791 5581 αὐτων
1837 5525 2159 5591 ἀνεδέξαντοξ
2217 5528 2327 5602 Ἵνα
2380 5525 2437 5581 δὲ
2481 5534 2570 5580 καὶ
2620 5525 2988 5602 εὖπροσωποξ
3017 5529 3157 5599 αὐτῷ
3216 5525 3268 5587 η’
3298 5525 3440 5602 ἀρχὴ
3486 5535 3685 5600 γένοιτο

307 5597 440 5653 καῖ’
487 5597 680 5663 δόξειεν
729 5599 828 5652 ἀπο
873 5602 1218 5675 κληρονομίας
1272 5597 1500 5674 κρατεῖν,
1555 5606 1655 5673 πρὸ
1704 5606 1791 5653 τὸν
1842 5600 2070 5681 βασιλέα
2112 5597 2399 5681 ,Θεόδωρον
2444 5597 2725 5674 πρεσϐείαν
2778 5597 3136 5672 πεπόμφασιν,
3195 5601 3278 5652 ἵνα
3333 5597 3429 5659 riu
3473 5597 3683 5673 πρωτην

307 5672 470 5725 αὐτοῦ
504 5674 761 5744 θυγατέρα
801 5668 1021 5747 Εἰρηνην
1062 5668 1313 5747 συζεύξη’
1338 5683 1410 5743 τῷ
1448 5681 1537 5725 τοῦ
1584 5668 1805 5745 Τοίχου,
1834 5668 2049 5744 ἔγγονην
2078 5668 2237 5724 οὖσαν
2292 5668 2383 5723 τοῦ
2447 5668 2631 5729 ’Ᾱσάν,
2690 5668 2988 5747 Ἐχωρισαν
3028 5668 3239 5731 οὖνγτὴν
3294 5671 3355 5730 ἣν
3413 5668 3531 5744 οἶχε
3586 5681 3684 5745 γῦ-

308 5751 485 5813 ναῖκα,
508 5742 597 5797 καὶ
624 5742 755 5817 πρὸς
783 5742 869 5797 τὸν
897 5742 1123 5818 βασιλέα
1153 5742 1479 5801 ἀπέστειλαν.
1514 5744 1663 5798 Οὕτω
1680 5742 1815 5817 ⁷γοῦν
1842 5742 2115 5819 ἠρέμησαν
2138 5748 2201 5797 τὰ
2229 5752 2329 5796 τῶν
2370 5745 2693 5819 Βουλγὰρων.
