4470 6452
789 419 937 479 sm

2088 413 2373 474 GEORGII
2397 412 2862 475 ΛΟΒΟΡΟΗΤΔΕ

4012 423 4148 479 H80

786 541 1026 607 fecerat,
1047 542 1115 599 ut
1136 537 1384 611 quidem
1412 537 1749 604 videbatur,
1807 553 1918 612 pro
1976 539 2150 610 165
2204 538 2347 603 ﬁlio,
2381 553 2444 594 re
2475 540 2523 593 Α

2381 553 2444 594 re
2475 540 2523 593 Α
2553 541 2738 590 τούτου
2767 543 2858 589 καὶ
2912 536 3163 609 βασιλεὺς
3214 533 3478 596 διαθήκην
3529 546 3802 610 πεποίηκε,
3867 545 4012 615 τάχα

786 635 1010 697 autem,
1044 644 1189 684 vera
1214 643 1326 699 pro
1356 628 1609 697 Georgio
1640 628 1945 684 Muzalone
1967 628 2442 699 protovestiario.

788 723 955 776 Hunc
983 719 1144 775 enim
1203 721 1557 772 testamento
1602 720 2014 774 Romanarum
2057 733 2259 773 rerum
2320 734 2448 773 om-

786 809 960 864 nium
990 806 1431 863 moderatorem
1466 820 1537 861 ac
1589 806 1906 862 dominum
1959 807 2309 877 instituerat,
2364 807 2446 863 ita

786 902 854 954 ut
881 911 1066 968 penes
1087 911 1228 951 eum
1266 894 1523 949 Romani
1551 894 1784 965 imperii
1806 896 1984 949 totius
2003 902 2162 950 esset
2181 912 2441 959 summa,

785 984 1187 1058 quoadusque
1210 982 1591 1054 imperatoris
1604 982 1763 1038 ﬁlius
1777 982 1856 1039 ad
1867 981 2192 1055 perfectam
2207 988 2442 1040 aetatem

785 1073 1173 1146 pervenisset.
1202 1071 1877 1143 Mandataimperatoris
1910 1086 2120 1127 eorum
2150 1072 2255 1144 qui
2300 1078 2443 1128 tunc

786 1162 1045 1219 aderunt
1052 1160 1206 1232 jurej
1217 1159 1449 1216 urando
1466 1159 1821 1216 conﬁrmata
1841 1165 1998 1216 sunt.
2026 1160 2136 1217 Sed
2168 1161 2441 1216 nondum

786 1252 994 1309 tertius
1018 1250 1168 1319 dies,
1191 1254 1517 1322 postquam
1537 1249 1914 1321 imperatoris
1934 1249 2196 1305 cadaver
2212 1250 2442 1304 tumulo

787 1338 1098 1396 conditum
1120 1344 1230 1404 est,
1247 1339 1611 1407 decurrerat,
1635 1342 1690 1392 et
1709 1342 1999 1408 tanquam
2016 1353 2088 1392 ex
2105 1337 2441 1408 composito

785 1428 1155 1501 quicumque
1177 1425 1291 1482 illic
1313 1425 1840 1498 comperiebantur
1867 1426 2142 1488 Romani,
2166 1442 2303 1480 cum
2330 1425 2438 1480 ibi-

786 1515 930 1572 dem
954 1531 1078 1571 non
1103 1515 1319 1585 exiguo
1341 1513 1597 1570 militum
1614 1529 1830 1569 manus
1858 1519 2274 1578 commeasset,
2302 1529 2441 1569 con-

787 1609 1112 1668 currentes,
1143 1617 1379 1658 necnon
1401 1602 1506 1674 qui
1532 1601 1611 1658 ab
1640 1602 1999 1674 imperatore
2047 1618 2211 1657 noxa
2261 1607 2442 1674 atque

784 1690 1189 1749 incommodis
1210 1690 1388 1746 attriti
1410 1690 1653 1745 fuerunt
1691 1689 1922 1745 nobiles
1948 1696 2003 1745 et
2034 1690 2241 1762 primae
2299 1705 2440 1745 con-

786 1779 1029 1836 ditionis
1094 1779 1393 1842 homines,
1459 1778 1610 1834 inter
1674 1794 1777 1833 eos
1845 1783 1901 1834 et
1993 1780 2441 1852 Strategopulus

2556 630 2619 687 ὡς
2645 626 2727 678 ἐπὶ
2748 636 2819 696 τῷ
2849 623 3026 692 παιδὶ,
3058 633 3120 696 τῇ
3156 623 3210 677 δ’
3252 625 3467 699 ἀληθείᾳ
3522 632 3605 681 ἐπὶ
3662 639 3734 700 τῷ
3763 632 4148 703 πρωτοϐιστια-

2554 720 2649 787 ρίῳ
2704 724 2776 786 τῷ
2825 714 3134 775 Μουζάὶωνι
3192 720 3429 789 Γεωρσγίῳ
3475 716 3596 789 (61)
3643 738 3655 751 ο
3719 727 3898 771 τοῦτον
3961 724 4059 794 γὰρ
4116 724 4143 779 ἡ

2555 801 2787 861 διαθήκη
2821 802 2978 855 ἐποίει
3015 802 3128 874 (62)
3182 812 3282 854 τῶν
3337 804 3633 877 Ῥωμαϊκῶν
3686 810 3923 859 ἁπάντων
3981 829 4149 882 πραγ-

2552 894 2727 964 μάτων
2757 894 2956 965 κύριον,
2984 892 3116 943 ὣστε
3144 896 3203 943 τὸ
3243 894 3433 965 κράτος
3471 896 3611 966 ἔχειν
3646 895 3858 958 ἁπάσης
3902 905 3996 959 τῆς
4052 907 4148 949 τῶν

2547 985 2811 1052 Ῥωμαίων
2839 979 3034 1054 ἀρχῆς,
3082 986 3271 1053 μέχρις
3302 980 3361 1032 ἂν
3405 984 3429 1033 6
3482 990 3573 1034 τοῦ
3633 983 3890 1056 βασιλέως
3942 989 4053 1047 υἱὸς
4079 987 4146 1048 εἰς

2550 1068 2743 1121 τελείαν
2800 1074 2893 1125 τὴν
2951 1068 3152 1126 ἠλικίαν
3210 1068 3465 1141 ἀφίκοιτο.
3525 1076 3625 1124 Καὶ
3677 1072 3986 1145 προῦϐησαν
4067 1074 4149 1126 ἐπὶ

2552 1162 2751 1217 τοὺτοις
2781 1156 3064 1229 προστάξει
3093 1164 3185 1209 τοῦ
3218 1157 3472 1229 βασιλέως
3499 1166 3589 1211 καὶ
3644 1164 3789 1233 ὅρκοι
3842 1163 3956 1233 (63)
4007 1166 4150 1236 παρὰ

2549 1255 2649 1298 τῶν
2696 1245 3015 1316 ἐντυχόντων
3067 1255 3139 1317 τῷ
3180 1251 3316 1304 τότε.
3364 1248 3505 1301 Ἀλλ’
3559 1254 3693 1309 οὔπη
3753 1258 3981 1324 τριταῖος
4032 1253 4147 1324 (64)

2553 1333 2613 1393 ἧν
2654 1335 2701 1387 ἐν
2728 1339 2872 1407 τάφῳ
2903 1341 3129 1407 κείμενος
3169 1339 3195 1388 6
3234 1345 3325 1389 τοῦ
3375 1337 3635 1410 βασιλέως
3683 1345 3879 1413 νεκρὸς,
3935 1348 4024 1394 καὶ
4082 1344 4149 1402 ὡς

2553 1422 2653 1475 ἀπὸ
2680 1432 2852 1475 κοινοῦ
2884 1426 3213 1496 συνθήματος
3264 1423 3646 1499 συνδραμόντες
3700 1432 3885 1490 πάντες
3937 1432 4050 1499 (65)
4102 1432 4149 1481 οἱ

2552 1512 2894 1585 ἐφευρεθέντες
2961 1511 3124 1565 ἐκεῖσε
3197 1514 3533 1586 Ῥωμαῖοι-
3565 1518 3866 1589 στράτευμα
3947 1515 4007 1571 δὲ
4087 1527 4149 1577 ῆν

2553 1603 2725 1652 ἰκανὸν
2759 1606 3076 1672 συνηγμένον
3108 1601 3291 1668 ἐκεῖσε,
3335 1603 3393 1655 ου
3445 1609 3542 1674 μὴν
3596 1604 3721 1656 ἀλλα
3777 1610 3866 1657 καὶ
3927 1609 3975 1658 οἱ
4022 1610 4152 1680 πρὸς

2550 1696 2642 1740 τοῦ
2695 1687 2947 1760 βασιλέως
3000 1695 3346 1762 κεκακωμένοι
3407 1693 3517 1762 (66)
3571 1689 3753 1767 ἄνδρες
3801 1694 4015 1764 εὐγενεῖς
4062 1701 4151 1746 καὶ

2548 1787 2642 1839 τῆς
2680 1783 2889 1850 πρώτης
2938 1780 3282 1850 τυγχάνοντες
3337 1781 3547 1845 τάξεως,
3597 1782 3664 1832 ὧν
3717 1784 3785 1843 εἷς
3842 1786 3931 1854 μὲν
3987 1783 4151 1858 ὑπῆρ-

786 1868 1048 1931 Alexius,
1077 1869 1250 1939 cujus
1280 1866 1472 1922 ﬁlium
1512 1867 1968 1924 Constantinum
2000 1868 2189 1922 oculis
2227 1868 2441 1940 spolia—
2470 1881 2518 1936 Β
2550 1934 2551 1937 η

2384 1881 2518 1936 a-B
2550 1886 2645 1939 χεν
2704 1868 2729 1917 6
2780 1866 3241 1941 Στρατηγοπονλος
3293 1868 3538 1938 Ἀλέξιος,
3593 1870 3654 1920 οὗ
3701 1875 3789 1922 τὸν
3847 1873 3959 1922 υἱὸν
4014 1879 4149 1924 Κων-

785 1960 971 2026 verat,
1004 1957 1207 2029 ipsum
1237 1955 1459 2011 carceri
1497 1956 1929 2011 constrinxerat
1972 1972 1987 2019 ;
2022 1956 2440 2011 Constantinus

784 2046 1062 2102 Tornices
1080 2060 1340 2116 magnus
1368 2043 1447 2100 ab
1483 2043 1843 2116 imperatore
1880 2046 2109 2100 Joanne
2162 2046 2438 2117 primice-

784 2134 911 2192 rius
932 2135 1307 2200 constitutus,
1332 2133 1439 2189 sed
1456 2132 1534 2188 ab
1547 2133 1678 2204 ejus
1701 2132 1823 2188 ﬁlio
1844 2132 2114 2206 privatus
2141 2152 2153 2201 ;
2176 2134 2435 2190 Theodo-

783 2239 889 2280 rus
918 2223 1108 2280 Philes
1138 2223 1481 2279 obcaecatus
1534 2227 1592 2278 et
1638 2222 1765 2294 ipse
1802 2241 1814 2289 ;
1857 2227 1913 2278 et
1978 2225 2441 2291 Zagarommata

785 2311 1091 2383 Georgius,
1123 2327 1307 2384 quem
1334 2310 1661 2382 imperator
1680 2312 1944 2366 Joannes
1990 2313 2440 2382 protovestiari-

782 2406 902 2458 tem
925 2407 1178 2469 crearat,
1206 2400 1363 2456 ﬁlius
1383 2416 1525 2455 vero
1542 2399 1698 2455 illius
1727 2415 2299 2473 paracmmomenon
2331 2402 2443 2457 ele-

787 2499 977 2564 gerat,
1004 2491 1109 2549 sed
1134 2507 1318 2563 quem
1345 2506 1468 2546 non
1494 2490 1599 2545 diu
1612 2491 2041 2562 postdignitate
2054 2491 2154 2547 illa
2167 2498 2437 2559 exuerat;

782 2581 1149 2654 Nicephorus
1168 2578 1451 2651 Alyattes,
1476 2578 1657 2652 paulo
1679 2584 1815 2635 ante
1838 2578 2152 2652 praefectus
2172 2581 2440 2637 canicleii

779 2669 994 2738 factus,
1023 2669 1415 2742 postmodum
1447 2667 1677 2724 nullam
1699 2668 1780 2723 ob
1796 2685 2046 2724 causam
2077 2670 2156 2725 ab
2178 2672 2438 2741 impera-

780 2762 905 2815 tore
931 2758 1139 2827 lingua
1160 2758 1539 2822 imminutus,
1558 2756 1757 2813 otﬁcio
1787 2758 1966 2813 etiam
1998 2758 2318 2815 absolutus
2344 2779 2357 2825 ;
2383 2767 2441 2816 et

776 2848 1047 2920 plerique
1073 2846 1173 2903 alii
1200 2847 1323 2901 veri
1352 2846 1678 2918 opportuni
1708 2861 1778 2901 ac
1808 2844 2071 2902 celebres
2101 2862 2236 2902 cum
2281 2849 2439 2904 mili-

777 2936 941 2994 tibus
965 2934 1203 2992 confusi
1233 2934 1582 2990 festinanter
1611 2934 1688 2990 ad
1739 2934 2182 2990 Sosandrorum
2225 2952 2439 2993 mona-

777 3025 1050 3093 sterium,
1084 3024 1191 3081 ubi
1221 3023 1711 3097 protovestiarius
1744 3023 1887 3079 sede
1915 3024 2111 3081 locata
2134 3025 2298 3096 justa
2334 3027 2437 3083 de-

2554 1963 2820 2007 σταντῖνον
2849 1956 3184 2027 τετυφλωκεν,
3227 1956 3380 2009 αὑτὸν
3429 1953 3487 2009 δὲ
3538 1958 3822 2033 καθεῖρξεν,
3889 1961 3915 2010 6
3968 1965 4148 2033 Τορνί-

2550 2064 2649 2104 κης
2676 2064 2728 2096 τε
2767 2051 3171 2111 Κωνσταντῖνος,
3223 2046 3276 2097 ὃν
3329 2049 3490 2118 μέγαν
3547 2053 3930 2120 πριμμικήριον
3975 2050 4000 2100 6
4056 2047 4152 2121 βα·

2552 2135 2725 2196 σιλεύς
2776 2133 3009 2194 Ἰωάννης
3071 2136 3186 2206 εἶχε
3238 2140 3328 2187 καὶ
3380 2139 3504 2210 πρὸς
3559 2143 3650 2188 τοῦ
3708 2136 3961 2199 ϐασιλέως
4036 2141 4151 2190 υἱοῦ

2548 2225 2877 2289 καθωσίωτο,
2934 2224 2959 2274 6
3017 2222 3175 2283 ψιλῆς
3226 2221 3494 2298 Θεόδωρος
3550 2228 3672 2287 τοὺς
3717 2226 4010 2298 ὀφθαλμοὺς
4062 2232 4151 2278 καὶ

2550 2312 2705 2373 αὐτὸς
2752 2311 3180 2385 ἔξορωρυγμένος,
3236 2317 3326 2364 καὶ
3386 2315 3412 2364 6
3490 2318 3910 2387 Ζαγαρομμάτης
3993 2322 4127 2390 Γεώρ

2548 2422 2683 2473 γιος,
2714 2401 2767 2453 ὃν
2802 2400 3314 2474 πρωτοϐέστιαρίτην
3370 2406 3459 2474 μὲν
3509 2404 3533 2453 6
3590 2403 3840 2475 βασιλεὺς
3889 2405 4151 2475 ὠνόμασεν

2551 2493 2822 2556 Ιωάννης,ὁ
2889 2487 2948 2543 δὲ
3007 2493 3117 2553 υἱὸς
3190 2492 3351 2543 αὐτοῦ
3406 2500 3867 2567 παρακοιμώμενον
3950 2504 4152 2569 πρῶτον

2549 2587 2782 2654 τιμώσας
2850 2582 2981 2651 μετὰ
3059 2578 3243 2652 βραχύ
3297 2582 3627 2648 καθωσίωσε,
3683 2588 3979 2656 Νικηφόρος
4032 2604 4086 2636 τε
4126 2586 4152 2634 6

2545 2670 2855 2733 Ἀλυάττης,
2897 2668 2951 2719 ὃν
2982 2672 3082 2741 πρὸ
3118 2667 3351 2741 βραχέος
3392 2668 3475 2721 ἐπὶ
3532 2679 3623 2723 τοῦ
3670 2672 3963 2724 κανικλείου
4015 2692 4152 2725 τετι-

2545 2764 2725 2831 μηκὼς
2791 2757 3007 2830 ὕστερον
3065 2762 3159 2814 τὴν
3205 2757 3437 2828 ’γλῶτταν
3495 2758 3571 2810 ἐπ’
3623 2758 3849 2832 οὐδεμιᾷ
3914 2761 4060 2833 αἰτίᾳ
4129 2762 4154 2812 6

2548 2848 2630 2920 [P.
2662 2846 2753 2919 86]
2785 2845 3034 2918 βασιλεὺς
3057 2845 3277 2917 ἐκτεμὼν
3316 2849 3674 2916 καθωσίωσεν,
3729 2849 3874 2901 ἄλλοι
3927 2870 3981 2902 τε
4032 2849 4155 2901 πολι

2542 2935 2622 2988 λοὶ
2660 2944 2759 2987 τῶν
2817 2940 3102 3008 χρησίμων
3153 2940 3244 2986 καὶ
3303 2935 3602 3006 ὀνομαστῶν
3646 2935 3873 3012 ἀνδρῶν,
3940 2937 3988 2989 οἳ
4041 2946 4154 2999 τοῖς

2546 3031 2893 3100 στρατιώταις
2951 3023 3207 3086 ξυνιόντες
3257 3030 3348 3077 καὶ
3404 3024 3515 3097 ἆμα
3583 3022 3968 3100 συνδραμοντες
4058 3034 4149 3079 καὶ

778 3114 1001 3173 mortui
1033 3095 1412 3187 imperatoris
1444 3112 1727 3182 faciebat,
1745 3119 2092 3185 properant,
2140 3095 2328 3187 166
2383 3122 2441 3173 et
2478 3095 2518 3151 (δ

2389 3122 2441 3173 et
2478 3095 2629 3167 ϐἑπὶ
2654 3122 2716 3185 τῇ
2768 3123 2868 3165 τῶν
2922 3110 3243 3185 Σωσάνδρων
3305 3119 3631 3177 συναποντες
3688 3124 3815 3188 μονῇ
3872 3119 4005 3168 κατὰ
4058 3125 4154 3169 τοῦ

774 3205 1101 3261 adversum
1140 3201 1666 3276 protovestiarium
1720 3217 1791 3257 ac
1847 3206 2107 3257 tutorem
2160 3202 2438 3276 illiusque

772 3292 984 3350 fratres
1005 3306 1129 3347 non
1164 3290 1293 3347 sine
1323 3289 1587 3347 clamore
1617 3290 1982 3362 irrumpunt.
2017 3292 2210 3357 Quare
2241 3298 2437 3364 proto-

2542 3202 3022 3278 πρωτοϐεστιαρίου
3075 3208 3166 3253 καὶ
3213 3201 3491 3276 ἐπιτρόπου
3534 3209 3624 3255 καὶ
3662 3213 3762 3255 τῶν
3821 3200 4154 3277 αὐταδέλφων

2545 3294 2706 3345 αὐτοῦ
2764 3290 3001 3343 αὐτοϐοεὶ
3052 3290 3164 3361 (67)
3220 3290 3537 3365 ἐφώρμησαν
3596 3313 3608 3325 ·
3672 3290 3837 3345 ἐκεῖσε
3888 3295 3991 3365 γὰρ
4041 3292 4157 3365 εἶχε

1663 3414 2005 3482 Theodori
2057 3416 2309 3484 Dousae
2358 3427 2423 3483 et
2473 3416 2713 3486 Leonis
2764 3414 2996 3482 Allatii
3050 3424 3249 3481 notae.

771 3537 985 3588 tutoris
1026 3530 1266 3587 nomine
1293 3534 1607 3586 contentus
1633 3535 1809 3586 essset
1869 3530 2277 3601 Paleaologus.
2325 3532 2443 3588 Sed
2539 3532 2816 3589 diversus
2846 3535 2939 3601 est
2964 3529 3235 3584 Phranza
3263 3534 3397 3585 ALL.

774 3605 948 3659 homo
979 3603 1310 3659 vehementi
1335 3601 1556 3670 spiritu
1585 3604 1901 3671 multaque
1946 3603 2279 3671 prudentia
2316 3619 2437 3658 non

771 3676 968 3801 actium
989 3672 1285 3799 ﬁatduini
1305 3687 1442 3741 opes
1466 3673 1675 3743 fregit,
1709 3672 1811 3728 sed
1858 3675 2069 3729 evertit
2090 3676 2265 3729 etiam
2287 3675 2434 3744 fun-

819 3761 838 3800 i
886 3760 973 3799 us.
1050 3760 1142 3799 LL.

819 3749 973 3800 idus.
1002 3750 1117 3799 ALL
1130 3786 1142 3798 .

842 3816 957 3886 (61)
1020 3814 1352 3887 Mentula.)va
1409 3818 1667 3887 Γεωργίῳ.
1713 3816 1871 3887 Erat
1946 3814 1996 3868 is
2072 3829 2195 3869 non
2273 3816 2435 3887 claro

775 3884 993 3957 genere
1024 3892 1210 3951 ortus,
1252 3885 1358 3941 sed
1411 3884 1952 3953 ob‘cognitionem
2007 3900 2206 3940 rerum
2246 3892 2303 3941 et
2357 3886 2437 3943 ad

775 3957 1411 4030 omniaaptitudinem
1435 3962 1887 4030 atquemorum
1941 3957 2341 4012 urbanitatem
2388 3973 2437 4030 _a

776 4044 965 4102 puero
986 4027 1277 4102 infaulam
1290 4028 1742 4102 imperatoriam
1767 4027 2097 4102 ascitus,_ut
2116 4043 2253 4082 cum
2281 4028 2436 4082 mul-

776 4098 847 4156 tis
878 4099 1215 4172 aequalibus
1242 4098 1553 4172 Theodoro
1573 4098 1919 4170 imperatori
1943 4098 2205 4172 collusor
2235 4106 2396 4154 esset
2416 4118 2433 4169 ς

689 4209 695 4219 ι
776 4172 881 4231 qui
906 4169 986 4227 ita
1017 4188 1079 4225 se
1121 4170 1199 4226 ad
1224 4185 1422 4224 mores
1454 4169 1608 4224 illius
1634 4169 2139 4231 accommodavit,
2174 4176 2237 4224 ut
2278 4187 2436 4226 unus

822 4188 881 4227 ui
906 4188 986 4227 ita
1017 4188 1079 4225 se
1121 4188 1199 4226 aa
1224 4188 1422 4224 mores
1454 4188 1608 4224 illlllS
1634 4188 2139 4231 accommoaam,
2174 4188 2237 4224 ut
2278 4188 2436 4226 unus

775 4188 857 4299 ﬁli
888 4248 1048 4297 esset
1074 4242 1282 4297 omnia
1313 4239 1540 4296 faciens
1571 4240 1896 4312 dicensque
1927 4240 2223 4312 quidquid
2252 4242 2439 4313 impe-

774 4314 959 4371 ratori
984 4319 1223 4384 gratum
1244 4317 1388 4367 erat.
1418 4317 1603 4384 Amor
1654 4327 1863 4384 eorum
1910 4317 2216 4384 cresce-nte
2264 4318 2439 4368 aetate

776 4382 1074 4442 concrevit
1101 4385 1276 4449 adeo,
1311 4389 1375 4437 ut
1424 4383 1587 4454 aqud
1635 4399 1774 4438 eum
1823 4383 1965 4454 jam
2008 4382 2437 4454 imperatorem

777 4452 1556 4528 principemetautorita'tis
1604 4460 1661 4508 et
1704 4452 1910 4523 gratia).
1950 4452 2153 4528 locum
2191 4455 2438 4528 _obtine-

776 4524 883 4593 ret,
939 4524 1363 4582 solertissimus
1419 4526 1741 4597 conjector,
1797 4527 1961 4597 quod
1988 4524 2095 4597 gilli
2148 4525 2431 4597 placeret.

2643 3606 2734 3669 63)
2769 3607 2868 3653 Καὶ
2898 3600 3061 3672 ὅρκοι.
3093 3603 3405 3671 Gregoras,
3439 3616 3497 3672 p.
3525 3605 3611 3657 63.
3655 3606 3794 3659 ALL.

2617 3605 2734 3745 E63)
2769 3607 2868 3653 Καὶ
2898 3605 3061 3672 ὅρκοι.
3093 3605 3405 3671 Gregoras,
3439 3616 3497 3672 p.
3525 3605 3611 3657 63.
3655 3606 3794 3659 ALL.

2643 3677 2735 3743 64)
2766 3672 2925 3724 Οῡπω
2956 3680 3202 3746 τριταῖος.
3253 3675 3565 3743 Gregoras,
3620 3672 4047 3746 Pachymerius
4101 3678 4158 3728 et

2546 3743 2814 3801 Phranza
2844 3743 3085 3797 tradiint
3108 3744 3291 3797 fuisse
3320 3749 3726 3815 perpetratum
3754 3743 3850 3799 die
3879 3760 4063 3809 nono,
4098 3752 4157 3800 et

2546 3816 2696 3872 forte
2726 3830 2938 3870 omnes
2966 3829 3102 3869 vera
3128 3815 3426 3872 nuntiant.
3484 3818 3686 3886 Neque
3730 3816 3891 3870 enim
3952 3816 4156 3871 statim

2548 3892 2729 3965 atque
2783 3886 3435 3965 moriturimperator,
3494 3886 3813 3965 sepulturae
3879 3887 4154 3965 traditur.

2547 3956 2740 4023 Quare
2758 3974 2858 4013 sex
2888 3956 3094 4028 primis
3122 3956 3335 4010 diebus
3358 3957 3536 4028 {unus
3560 3956 3714 4012 illius
3736 3963 4015 4013 curatum
4045 3963 4155 4025 est,

2546 4030 2791 4095 elatum,
2816 4026 3190 4099 propositum
3216 4026 3465 4099 populo,
3499 4032 3668 4084 terrm
3700 4028 3944 4083 tandem
3979 4029 4157 4083 tradi-

2547 4107 2673 4157 tum
2699 4098 2862 4154 nono
2889 4114 3027 4152 vero
3058 4098 3152 4153 die
3184 4098 3261 4153 ab
3284 4098 3441 4152 illius
3474 4099 3662 4166 obitu,
3700 4100 3868 4155 tertio
3895 4099 4051 4154 illius
4071 4116 4159 4155 se-

2548 4172 2789 4245 pultura
2820 4170 3151 4245 Mugalones
3176 4169 3798 4245 obtruncarunt._Ai.i..

2619 4245 2734 4313 (65)
2810 4236 3196 4311 Συνδραμὸντες
3269 4243 3480 4313 πάντες.
3567 4242 3922 4298 Solemnitas
3994 4256 4157 4296 exse-

2546 4315 2831 4385 quiarum
2845 4322 2903 4367 et
2925 4314 3206 4385 frequens
3234 4312 3505 4367 omnium
3531 4329 3866 4385 concursus
3892 4328 4016 4367 non
4031 4329 4156 4368 me-

2547 4383 2792 4440 rebatur
2825 4389 2947 4439 tam
2963 4383 3277 4452 indignum
3295 4384 3702 4454 spectaculum
3715 4426 3727 4438 .
3742 4387 4160 4440 Convenerant

2547 4457 2706 4511 enim
2734 4457 2791 4509 in
2824 4454 3115 4524 templum
3142 4454 3481 4525 patriarcha
3503 4472 3639 4509 cum
3672 4455 3830 4510 clero
3855 4455 4157 4518 universo,

2547 4532 2862 4592 matronae,
2895 4542 3107 4580 omnes
3138 4524 3396 4580 nobiles.
3423 4533 3487 4580 ut
3510 4525 3586 4581 de
3616 4542 3783 4581 more
3808 4527 4081 4595 lugerent
4105 4534 4161 4582 et

776 4599 985 4655 dexter
1011 4597 1389 4667 negotiorum
1420 4595 1869 4668 administrator
1894 4599 1951 4651 et
1975 4595 2166 4651 ﬁdus‘
2192 4613 2438 4652 arcano-
2470 4611 2510 4663 ι)
2548 4601 2900 4652 memoriam
2926 4596 3303 4668 imperatoris
3335 4596 3725 4653 celebrarent.
3749 4597 4013 4652 Aderant
4035 4613 4161 4651 om-

777 4685 913 4726 rum
947 4666 1281 4740 particeps;
1307 4684 1463 4740 quas
1487 4666 1567 4722 ob
1590 4683 1682 4721 res
1703 4667 1969 4740 celeriter
1995 4668 2437 4740 protovestiarii

776 4737 1067 4808 dignitate
1093 4737 1346 4795 ornatus
1378 4754 1620 4793 uxorem
1662 4754 1735 4793 ex
1774 4737 2161 4809 imperatoria
2210 4737 2438 4794 familia

777 4812 965 4887 duxit.
992 4812 1356 4887 E_x__Gregora
1369 4855 1381 4865 .
1415 4809 1753 4887 Videetiam
1769 4809 2227 4887 Pachymerium
2243 4811 2439 4865 Histo-

777 4884 1014 4954 riarum
1038 4881 1193 4937 libro
1218 4879 1450 4954 primo.
1469 4879 1698 4954 Quibus
1733 4879 2340 4954 notabismonstrum
2383 4887 2440 4936 et

779 4951 1784 5027 ama-regnatasSabellici,_Ennead,
1843 4952 1909 5007 IX
1978 4951 2178 5027 vi
2208 4968 2229 5006 .'
2280 4952 2437 5027 Sunt

777 5028 885 5097 qui
909 5022 1264 5095 Gregorium
1292 5024 1603 5080 Imisolum
1629 5028 1883 5097 tutorem
1911 5038 1947 5079 α
1977 5022 2285 5097 Theodoro
2306 5023 2439 5079 reti-

776 5095 936 5153 ctum
967 5097 1256 5162 scribant,
1285 5111 1456 5167 quem
1479 5095 1665 5151 sacris
1682 5101 2029 5163 operantem
2055 5095 2438 5167 Patavotogus

776 5169 1189 5239 interfecerat,
1223 5165 1462 5235 rei-epla
1487 5167 1567 5221 ad
1596 5181 1657 5222 se
1681 5165 2243 5239 pueromm‘tuteta,
2292 5181 2439 5239 quos

774 5240 920 5310 pari
936 5236 1171 5309 injuria
1191 5254 1263 5294 ac
1291 5240 1486 5294 nescio
1535 5252 1615 5293 an
1672 5239 1905 5307 majore
1940 5236 2434 5310 etiamsastutit.

777 5308 1066 5381 Georgius
1096 5311 1157 5365 in
1189 5310 1542 5381 Gregorium
1583 5311 1794 5369 evasit.
1826 5308 2216 5381 Muzalonin
2241 5309 2438 5381 [misc-

778 5378 1349 5453 lum,'obtruncatu’s
1372 5380 1451 5436 ab
1473 5381 1737 5436 exercitu
1769 5384 1838 5453 et,
1857 5380 2083 5451 pOpulo
2102 5378 2163 5434 in
2195 5379 2439 5453 interfe-

776 5449 937 5511 ctum
964 5470 1002 5510 a
1033 5453 1395 5522 Pataeoloyo,
1420 5467 1570 5524 puer
1592 5453 1800 5524 unicus
1826 5449 1886 5506 in
1907 5449 2144 5520 pueros,
2164 5449 2439 5524 pbcmca-

777 5532 874 5582 tus
893 5527 953 5581 in
966 5526 1272 5582 sublatum
1284 5569 1290 5575 .
1303 5521 1356 5590 Ο
1367 5521 1463 5579 ιιἱῦ
1478 5524 1552 5578 de
1566 5522 1807 5594 reliquis
1819 5521 2289 5595 exspectandum
2308 5523 2440 5577 est?

848 5668 963 5740 (62)
1023 5673 1218 5740 Τοῦτον
1273 5668 1460 5740 γάργή
1547 5662 1782 5740 διαθήκη
1866 5663 2045 5719 ἐποίει.
2122 5665 2436 5735 Gregoras,

848 5686 963 5740 (62)
1024 5686 1218 5720 ’τουτον
1273 5687 1343 5739 γα
1430 5687 1460 5725 η
1547 5686 1782 5723 aiataan
1866 5686 2045 5719 εποιει.
2122 5686 2435 5735 uregoras,

774 5756 837 5815 p_.
878 5745 967 5808 62,
995 5739 1253 5815 Georgio
1279 5686 1450 5797 adodit
1492 5738 1829 5815 secundum
1870 5741 2435 5815 curatoremﬁrse-

742 5820 745 5821 '
772 5807 957 5893 nium
974 5807 1404 5893 patriai-chain,
1436 5824 1621 5892 quem
1642 5808 1828 5871 tacuit
1849 5807 2209 5887 Acropolita.
2232 5810 2435 5890 Neque

2546 4685 2653 4739 nes
2684 4667 3250 4739 principes,’plebeii
3282 4684 3527 4739 quoque
3548 4684 3669 4739 non
3701 4668 3967 4732 deerant,
4020 4684 4159 4723 con-

2545 4738 3000 4794 ﬂuxeratomnis
3014 4739 3323 4804 exercitus,
3340 4738 3458 4793 non
3475 4738 3686 4795 eadem
3701 4755 3913 4794 omnes
3924 4746 4153 4795 senten-

2546 4811 2647 4875 tia,
2673 4808 3014 4882 aliiluctum
3044 4808 3443 4882 praeferentes,
3464 4811 3561 4865 alii
3583 4826 3793 4865 necem
3839 4810 4156 4882 spirantes,

2547 4888 2603 4936 et
2620 4880 2787 4953 quod
2806 4896 2949 4935 sane
2968 4880 3227 4953 atrocius
3246 4888 3352 4953 est,
3377 4880 3520 4953 dum
3546 4882 3756 4953 hymni
3779 4880 4160 4937 concineren-

2547 4951 2661 5021 tur,
2691 4951 2779 5006 vel
2803 4960 2863 5006 ut
2881 4951 3218 5021 Acropolita
3243 4951 3403 5015 dicit,
3428 4952 3571 5007 dum
3589 4951 3999 5008 sacrosancta:
4024 4953 4158 5006 mis-

2547 5040 2627 5078 sae
2652 5024 3008 5078 sacriﬁcium
3031 5022 3343 5078 offerretur
3363 5031 3417 5096 et
3433 5024 3629 5096 cultus
3646 5024 3887 5079 divinus
3911 5039 4157 5096 perage-

2546 5101 2727 5168 retur.
2754 5096 3147 5165 Gregoras,p.
3196 5098 3281 5150 65.
3332 5094 3557 5150 Similia
3605 5102 3745 5151 sunt
3784 5094 3927 5168 quas
3958 5102 4163 5150 narrat

2548 5167 2838 5222 Phranza.
2880 5171 3016 5220 ALL.

2619 5238 2729 5308 (66)
2760 5236 2825 5288 Οἰ
2854 5242 2978 5311 πρὸς
3000 5242 3089 5287 τοι)
3119 5233 3379 5307 βασιλέως
3427 5240 3795 5311 κεκακωμένοι.
3850 5236 4162 5308 Pachme

2547 5323 2606 5379 p.
2640 5312 2730 5375 '23,
2757 5310 2848 5375 24,
2867 5312 2957 5369 6i,
2981 5311 3066 5379 65.
3089 5314 3233 5379 ΑΜ..

2618 5382 2729 5450 (67)
2760 5384 2860 5431 Καὶ
2892 5387 3001 5450 τῶν)
3038 5376 3273 5450 ἀδελφῶν
3328 5378 3488 5431 αὑτοῦ
3543 5377 3799 5433 αὐτοϐοεὶ.
3848 5380 4164 5448 Gregoras,

2548 5464 2607 5521 p.
2642 5453 2729 5505 66.
2763 5450 2967 5504 Scriba
2993 5449 3087 5505 hic
3117 5451 3196 5521 ob
3240 5450 3687 5507 similitudinem
3743 5451 4163 5514 obtruncatus,

2548 5520 2612 5576 iit
2658 5521 2719 5576 id
2786 5536 3027 5595 quoquc
3076 5520 3265 5575 obiter
3322 5523 3651 5595 advertam,
3682 5522 4167 5595 Tlieophylactus

2546 5593 3037 5665 nuncupabatur.
3056 5598 3301 5665 eratque
3319 5592 3515 5650 affinis
3539 5594 3768 5664 Georgii
3787 5592 4167 5664 Pacdymerii

2543 5662 2833 5793 ἓῗέοιιὶοί.
2865 5662 3305 5723 Αυᾱὶᾶωιιέδὺ
3334 5667 3469 5738 ipso
3493 5665 3648 5722 libro
3676 5662 3894 5738 primo,
3944 5662 4009 5738 p.
4076 5668 4167 5721 59.
