4470 6452
1812 445 2134 504 ΑΜΕΕΒ

3510 449 3648 508 me

288 569 381 622 nis
429 567 626 621 σκηνὴν
679 563 706 614 ὁ
760 560 1252 636 πρωτοεεστεάριος,
1297 568 1386 615 καὶ
1440 569 1532 622 τὴν
1586 566 1738 617 ὁσίαν
1795 575 1885 618 τοῦ
1919 571 2053 624 Ave

1879 575 1885 615 ἱ
1919 571 1965 624 Α
1994 568 2313 624 vestiarius
2344 570 2584 633 cognita
2611 570 3004 626 multitudinis
3039 572 3365 644 irruptione
3400 571 3644 643 templo,

285 655 588 711 τεθνηκότος
640 649 898 722 βασιλέως
953 650 1198 724 ἐπλήρου.
1259 657 1410 712 Γνοὺς
1467 650 1554 704 οὖν
1603 656 1628 705 ὁ
1681 674 1887 728 πρωτο-

286 740 579 812 ϐεστιάριος
629 745 722 796 τήν
777 736 960 810 ἔφοδον
1013 748 1104 791 τοῦ
1162 741 1288 792 λαοῦ
1344 744 1556 814 ὥρμησε
1613 752 1702 794 τοῦ
1763 752 1886 796 ναοῦ

285 828 471 891 ἐξιέναι
520 850 532 862 ·
570 825 714 880 ἔνδον
742 832 841 899 γὰρ
891 825 952 886 ἧν
981 837 1078 890 τῆς
1109 832 1245 890 θείας
1273 836 1648 901 μυσταγωγίας
1714 833 1886 884 τελου-

283 923 442 989 μένης
498 920 908 991 ἐπακροῶμενος.
957 917 1110 970 Ἀλλά
1169 938 1301 980 τινες
1365 928 1466 971 τῶν
1522 929 1617 982 τῆς
1692 920 1888 992 βουλῆς

286 1005 485 1066 ἐκείνης
541 1011 896 1079 συμπαρόντες
934 1006 1096 1076 αὐτῷ,
1163 1005 1426 1069 δείσαντες
1455 1013 1526 1079 μὴ
1595 1010 1739 1071 ἐξιὼν
1797 1017 1885 1062 καὶ

283 1094 562 1167 ἐποχηθεὶς
617 1095 832 1168 ἐντρέψη
875 1101 1125 1166 καὶπρὸς
1181 1097 1358 1148 ἑαυτὸν
1416 1097 1760 1168 ἐφελκύσηται
1799 1104 1886 1150 τὸν

279 1184 402 1236 λαὸν
455 1185 723 1237 κάντεῦθεν
777 1190 866 1236 καὶ
916 1186 1064 1236 αὐτοὶ
1118 1188 1416 1259 φωραθεῖεν,
1474 1191 1597 1259 πρὸς
1653 1191 1886 1262 ὁρκωμο-

284 1279 407 1336 σίας
435 1274 610 1348 ἐτέρας
663 1276 781 1341 (68)
835 1273 1086 1346 ἐχώρουν.
1130 1272 1273 1333 Ἠδη
1331 1279 1432 1350 γὰρ
1486 1284 1580 1328 τοῦ
1633 1276 1886 1348 βασιλέως

280 1366 407 1434 πρὸς
441 1366 534 1425 τὰς
567 1364 798 1433 ἐσχάτας
828 1367 970 1423 ὄντος
1019 1362 1278 1426 ἀναπνοὰς
1309 1361 1606 1435 Θεοδώρου,
1665 1372 1753 1418 καὶ
1792 1375 1886 1429 τῆς

281 1447 549 1512 διαθήκης
604 1452 670 1510 εἰς
709 1449 926 1508 ἐπήκοον
979 1454 1180 1502 πάντων
1233 1451 1662 1522 ἀναγνωσθείσης
1702 1455 1884 1517 αὑτοῦ,

280 1538 564 1610 ὀμνύουσιν
617 1538 838 1600 ἅπαντες
877 1541 944 1590 τὰ
987 1535 1368 1611 διατεταγμένα
1419 1549 1488 1608 τῷ
1545 1540 1752 1612 βασιλεί
1786 1564 1886 1614 φυ-

277 1626 433 1689 λάξαι
512 1626 905 1701 ἆπαραποίητα.
980 1625 1106 1679 Εἶτα
1154 1635 1244 1680 καὶ
1308 1631 1437 1700 μετὰ
1487 1635 1543 1680 τό
1602 1631 1887 1683 ὰποϐιῶναι

277 1715 432 1767 πάλιν
461 1715 744 1786 ὀμνύουσιν
779 1715 860 1767 ἐπὶ
900 1724 1008 1777 τοῖς
1040 1716 1238 1778 αὐτοῖς.
1269 1719 1454 1788 Τρίτον
1493 1715 1579 1768 οὖν
1635 1716 1740 1777 ἠδη
1795 1717 1888 1772 διὰ

277 1806 345 1854 τὰ
401 1808 752 1877 προειρημένα
793 1807 967 1878 ὅρκοις
1028 1809 1118 1856 καὶ
1169 1808 1457 1866 συνθήκαις
1513 1804 1886 1878 ἐμπεδωθέντες

275 1893 522 1943 πείθουσι
577 1895 662 1943 τὸν
702 1891 1170 1965 πρωτοϐεστιάριον
1225 1897 1576 1948 συνίστασθαι
1625 1904 1715 1946 τοῦ
1761 1905 1885 1949 ναοῦ

276 1982 487 2052 σὺναμα
531 1989 603 2051 τῷ
643 1977 848 2052 ἀδελφῷ
903 1982 1064 2034 αὐτοῦ
1115 1979 1454 2054 ’Δνδρονίκῳ,
1502 1989 1594 2041 τὴν
1647 1993 1740 2036 τοῦ
1793 2005 1882 2055 με·

273 2068 435 2138 γάλου
465 2066 782 2141 δομεστίκου
836 2069 982 2133 ἀξίαν
1035 2076 1378 2142 τετιμημένῳ,
1433 2077 1520 2124 καὶ
1571 2082 1644 2142 τῷ
1696 2081 1885 2148 πρώτῳ

279 2157 442 2209 αὐτοῦ
487 2155 713 2230 ἀδελφῷ,
761 2158 817 2219 ὃς
863 2165 952 2212 καὶ
1007 2165 1412 2231 πρωτοκυνηγός
1462 2166 1728 2233 τετίμητο.
1799 2163 1886 2224 Ὠς

277 2243 338 2298 δε
367 2250 425 2298 τὸ
459 2247 656 2308 πλῆθος
685 2242 824 2302 εἶδον
874 2256 1090 2319 γυμνοῖς
1138 2257 1248 2309 τοῖς
1304 2250 1479 2320 ξίφεσι
1537 2252 1653 2302 κατ’
1716 2252 1884 2303 αὐτῶν

280 2343 605 2407 χωροῦντας,
647 2335 784 2398 ἐντὸς
846 2337 1090 2408 εἰσῄεσαν
1129 2345 1220 2389 τοῦ
1276 2340 1411 2410 ἱεροῦ
1458 2337 1700 2410 βήματος
1749 2343 1881 2410 169),

278 2429 370 2476 καὶ
447 2428 543 2482 τὴν
611 2433 815 2496 παναγῆ
896 2427 1334 2500 περιπτνξάμενοι
1403 2429 1666 2499 τράπεζαν
1723 2428 1888 2482 ἐκεῖσε

282 2512 464 2584 ξίφους
489 2516 634 2586 ἔργον
664 2519 986 2584 γεγένηνται,
1019 2512 1158 2586 μηδὲ
1196 2518 1326 2586 μετὰ
1379 2520 1466 2567 τὸν
1518 2523 1665 2588 φονόν
1717 2514 1886 2569 οἶκτον

279 2601 539 2654 λαϐόντων
566 2611 664 2654 τῶν
695 2612 946 2674 γονευτῶν
980 2625 992 2637 ο
1023 2613 1256 2656 τοιοῦτον
1303 2608 1402 2679 γὰρ
1431 2625 1517 2657 τον
1563 2609 1724 2678 θυμὸν
1771 2607 1889 2678 (70)

281 2693 309 2743 ό
339 2691 462 2750 λαός
491 2691 630 2753 ἄπας
659 2688 944 2754 ἐνεδείξατο
983 2694 1100 2744 κατ’
1153 2694 1344 2762 αὐτῶν,
1397 2697 1532 2746 ὥστε
1591 2701 1680 2748 καὶ
1735 2695 1888 2767 μελη-

284 2777 377 2831 δόν
410 2777 743 2852 διατεμόντες
789 2781 966 2847 αὐτόν,
1001 2781 1190 2853 μᾶλλον
1223 2779 1282 2834 δε
1307 2785 1442 2834 κατὰ
1499 2785 1688 2856 ἄρθρα,
1739 2786 1768 2842 ἡ
1802 2790 1890 2836 καὶ

284 2872 484 2940 σμικρὰ
537 2877 636 2920 τῶν
697 2877 904 2940 σαρκῶν
963 2867 1218 2930 διελόντες
1268 2874 1503 2943 τεμάχια
1560 2874 1776 2932 ἕκαστος
1832 2877 1891 2924 τό

283 2958 476 3008 οἰκεῖον
529 2966 712 3029 τμῆμα
749 2967 950 3030 κρατῶν
1000 2967 1091 3020 τῆς
1152 2959 1432 3032 ἐπιθυμίας
1486 2959 1888 3036 ἐνεφορήθησαν.

288 3051 389 3098 Καὶ
418 3054 587 3097 ταῦτα
616 3050 706 3117 μεν
736 3055 970 3099 τοιοῦτον
999 3051 1127 3120 ἔσχε
1148 3053 1235 3099 τόν
1265 3054 1473 3121 τρόπον.

357 3134 465 3197 ος·’.
511 3137 576 3186 Οἱ
617 3131 675 3186 δε
703 3143 794 3186 τοῦ
825 3135 1115 3208 Ῥωμαϊκοῦ
1170 3137 1398 3199 πλήθους
1449 3139 1495 3173 ⁸⁵
1527 3139 1659 3190 οἵτε
1688 3147 1787 3190 τῶν
1845 3138 1896 3190 ἐν

1995 657 2054 710 in
2076 673 2198 728 quo
2210 657 2426 712 divinae
2448 659 2844 728 mystagogim
2869 676 3104 715 sacrum
3119 661 3422 726 audiebat,
3445 661 3648 728 egredi

1995 749 2264 798 conatur.
2302 745 2413 799 Sed
2437 746 2687 816 quidam
2713 747 2939 801 consilii
2971 763 3040 802 ac
3063 747 3344 802 facinoris
3366 749 3644 812 fautores,

1994 833 2093 903 qui
2126 849 2262 886 cum
2295 849 2365 888 eo
2397 840 2584 899 erant,
2618 835 2896 890 timentes
2926 852 2999 891 ne
3033 853 3142 891 suo
3183 837 3343 892 exitu
3372 852 3530 907 equo
3558 837 3648 891 in-

1995 919 2199 975 sidens
2230 921 2623 976 multitudinis
2654 923 2892 979 animos
2929 924 3151 979 illectos
3195 924 3310 979 sibi
3339 925 3650 980 consocia-

1994 1013 2101 1072 ret,
2170 1009 2427 1080 indeque
2467 1011 2735 1082 ipsorum
2785 1012 3038 1084 perﬁdia
3089 1011 3524 1084 propalaretur,
3571 1011 3651 1068 ad

1995 1112 2219 1152 novum
2240 1099 2662 1168 jusjurandum
2689 1100 3030 1170 adiguntur.
3055 1104 3205 1156 Nam
3224 1117 3362 1155 cum
3388 1099 3652 1156 Theodo-

1995 1200 2096 1239 rus
2127 1187 2450 1257 imperator
2470 1193 2803 1243 extremum
2835 1189 3109 1260 spiritum
3145 1194 3347 1257 ageret
3389 1194 3446 1244 et
3495 1189 3651 1243 illius

1995 1276 2416 1329 testamentum
2449 1275 2732 1329 omnibus
2775 1277 3157 1332 audientibus
3182 1281 3648 1348 percurreretur,

1997 1363 2253 1417 universi
2294 1379 2421 1417 sese
2443 1365 2842 1432 jurejurando
2894 1365 2973 1420 ad
3024 1368 3232 1421 omnia
3277 1365 3652 1436 imperatoris

1999 1452 2284 1506 mandata
2316 1453 2441 1505 sine
2470 1451 2590 1506 ulla
2623 1453 3039 1508 immutatione
3069 1453 3486 1508 conservanda
3517 1468 3653 1508 con-

1996 1540 2372 1594 strinxerant.
2421 1543 2706 1595 Praeterea
2745 1548 3070 1612 postquam
3105 1542 3376 1597 animam
3408 1541 3651 1607 eﬂlavit,

1996 1643 2106 1697 pro
2128 1629 2336 1682 iisdem
2352 1636 2782 1684 sacramentum
2802 1632 3108 1686 iterarunt.
3131 1632 3388 1686 Tertium
3411 1637 3656 1703 propter

1990 1717 2118 1786 jam
2147 1717 2304 1772 dicta
2335 1733 2492 1772 novo
2518 1719 2913 1788 jurejurando
2941 1725 2998 1774 et
3023 1719 3406 1791 pactionibus
3435 1719 3652 1774 astricti

1995 1806 2447 1875 protovestiario
2477 1807 2752 1864 suadent.
2793 1812 2854 1862 ut
2883 1823 3003 1862 una
3032 1823 3171 1862 cum
3202 1807 3379 1863 fratre
3406 1823 3516 1862 suo
3543 1813 3654 1861 An-

1926 1912 1964 1965 Β
1994 1894 2262 1962 dronico,
2295 1896 2826 1964 magnidomestici
2855 1912 3101 1952 munere
3126 1896 3432 1965 insignito,
3456 1901 3513 1950 et
3533 1911 3654 1950 ma-

1990 1982 2119 2052 jore
2149 1982 2266 2036 alio
2287 1982 2484 2051 fratre,
2515 1985 2617 2054 qui
2653 1988 3098 2054 protocynegus
3142 1990 3288 2048 erat,
3346 1983 3652 2040 mordicus

1996 2071 2220 2143 templo
2275 2071 2730 2127 adhaeresceret.
2785 2073 2897 2128 Sed
2950 2073 3396 2129 multitudinem
3440 2073 3654 2128 strictis

1995 2160 2242 2214 ensibus
2268 2159 2590 2214 adversum
2625 2177 2684 2215 se
2716 2161 3040 2216 irruentem
3070 2161 3266 2216 intuiti
3297 2177 3424 2217 sese
3454 2161 3514 2217 in
3564 2177 3658 2216 sa-

1995 2248 2254 2302 crarium
2310 2248 2640 2314 conferunt,
2709 2255 2765 2304 et
2820 2249 3274 2306 immaculatam
3333 2250 3657 2322 amplexati

1998 2352 2272 2390 mensam
2295 2336 2750 2402 obtruncantur,
2772 2353 2907 2391 cum
2933 2354 3128 2409 neque
3145 2343 3281 2409 post
3300 2353 3506 2393 necem
3527 2354 3648 2409 par-

1996 2425 2319 2481 ricidarum
2351 2426 2586 2481 animos
2639 2427 2714 2481 ad
2768 2427 3243 2483 misericordiam
3293 2427 3653 2484 allexissent.

1994 2518 2300 2586 Tantoque
2326 2514 2586 2587 populus
2613 2515 2810 2571 furore
2843 2516 3105 2584 insaniit,
3138 2522 3202 2572 ut
3253 2532 3324 2571 eo
3353 2516 3657 2572 membra-

1998 2605 2102 2659 tim
2128 2604 2321 2658 diviso
2361 2606 2480 2660 sive
2511 2605 2709 2674 potius
2738 2605 2797 2660 in
2847 2605 3128 2660 articulos
3187 2612 3290 2660 aut
3338 2605 3658 2661 minutissi-

2000 2709 2131 2748 mas
2161 2693 2357 2748 carnis
2415 2693 2739 2765 particulas
2776 2693 3098 2765 discerpto,
3131 2695 3478 2766 quicunque
3521 2710 3658 2766 pro-

1998 2783 2198 2854 prium
2227 2781 2483 2836 frustum
2511 2798 2690 2837 manu
2723 2788 2930 2837 tenens
2985 2798 3095 2854 pro
3149 2782 3396 2838 libidine
3426 2788 3660 2838 exsatu-

2001 2870 2110 2926 rati
2143 2872 2278 2926 sint.
2312 2872 2380 2925 Et
2408 2871 2536 2925 haec
2565 2871 2810 2943 quidem
2845 2871 2928 2926 sic
2957 2886 3228 2927 evenere.

2084 3138 2249 3209 167
2282 3142 2370 3193 76.
2405 3138 2627 3193 Verum
2659 3153 2728 3193 ex
2760 3141 3032 3194 Romano
3064 3138 3288 3211 populo
3319 3143 3444 3194 tum
3476 3139 3536 3194 in
3567 3138 3661 3194 di-

282 3222 418 3275 τε’λει
459 3228 550 3274 καὶ
609 3226 658 3275 oi.
716 3233 816 3275 τῶν
870 3234 1260 3298 στρατιωτικῶν
1309 3229 1586 3296 ταγμάτων
1645 3231 1738 3278 σὺν
1790 3234 1897 3288 τοῖς
1930 3267 1968 3320 C
2005 3241 2044 3296 ς

1895 3249 1897 3284 ;
1930 3267 1968 3320 C
2005 3228 2224 3296 gnitate
2250 3228 2547 3282 constituti
2577 3232 2704 3282 tum
2758 3227 3104 3282 militarium
3163 3227 3498 3282 cohortium
3527 3227 3660 3320 _du-

284 3318 498 3363 καὶτοῦ
531 3313 669 3383 ἱεροῦ
713 3313 1006 3384 καταλόγου
1059 3313 1368 3388 (συμπαρῆν
1419 3317 1520 3387 γὰρ
1578 3315 1750 3376 αὐτοῖς
1806 3322 1896 3368 καὶ

287 3400 314 3449 ό
366 3419 711 3473 πατριαρχης
769 3406 882 3471 (Ἠ)
939 3407 1028 3454 καὶ
1078 3412 1179 3454 τῶν
1254 3407 1660 3476 ἑπιφανεστέρων
1715 3404 1898 3478 ἀρχιε-

283 3493 414 3561 ρέων
466 3490 620 3561 τινες)
699 3490 887 3561 σκέψιν
961 3490 1267 3549 ἐπεποίηντο
1336 3498 1456 3565 περὶ
1531 3503 1631 3544 τῶν
1714 3503 1896 3546 κοινῶν

2003 3319 2219 3380 ctores,
2247 3321 2304 3370 et
2331 3331 2470 3370 cum
2497 3318 2580 3370 eis
2607 3316 2762 3370 sacri
2794 3322 3038 3372 senatus
3065 3316 3385 3388 principes,
3417 3315 3662 3388 quibus-

2003 3421 2143 3460 cum
2174 3419 2296 3459 una
2322 3409 2379 3459 et
2401 3405 2740 3475 patriarcha
2765 3410 2822 3460 et
2840 3405 3235 3460 celebriorum
3267 3405 3640 3477 archiepisco

2004 3509 2222 3566 porum
2279 3493 2568 3565 plerique,
2619 3493 2694 3548 de
2722 3494 2899 3549 rebus
2931 3493 3188 3565 publicis
3229 3494 3661 3561 consultarunt,

356 3614 454 3668 “D
483 3631 496 3668 :
530 3619 630 3667 Καὶ
664 3615 800 3666 οὕτω
834 3615 1161 3677 συνελθόντες
1182 3617 1300 3691 οἶμα
1329 3626 1401 3687 τῷ
1447 3621 1564 3689 ἱερῷ
1616 3618 1888 3690 καταλόγῳ
1938 3623 2028 3669 καὶ
2086 3625 2158 3686 τῷ
2194 3619 2548 3691 ,πατριάρχη-
2574 3617 2759 3688 σκέψιν
2818 3620 2992 3691 ἔθεντο
3050 3622 3108 3670 τό
3159 3623 3234 3678 τίς
3279 3616 3339 3669 ἂν
3390 3622 3466 3675 εἴη
3517 3619 3664 3680 ἄξιος

285 3689 404 3758 περὶ
430 3690 522 3742 την
570 3695 752 3737 κοινῶν
803 3691 1123 3758 πραγμάτων
1169 3685 1456 3745 διοίκησιν.
1491 3685 1868 3774 ⁷Ἠρωτουντο⁷
1907 3698 2032 3759 γουν
2108 3685 2157 3739 οἱ
2188 3685 2612 3774 ἐΡωμαίόιξεῖτα
2652 3685 2886 3773 Λατῖνοι,
2945 3687 3058 3741 εἶτα
3090 3693 3303 3757 Σκύθαι,
3352 3695 3441 3774 κριὶ
3479 3693 3668 3751 πάντες

286 3760 375 3806 τόν
405 3763 664 3828 Κομνηνον
697 3757 917 3828 Μιχαὴλ
946 3757 1032 3810 τὸν
1083 3759 1433 3830 Παλαιολόγον
1491 3757 1724 3830 ἐπέλεγον
1785 3767 1873 3812 καὶ
1916 3757 2026 3811 τοῦ
2074 3757 2608 3840 παιδός’ἐπίτροπον
2670 3757 2798 3812 εἶναι
2842 3766 2932 3812 καὶ
2977 3769 3076 3812 τῶν
3130 3769 3313 3812 κοινῶν
3367 3757 3660 3819 διοικητήν.

291 3832 393 3879 Καὶ
424 3827 489 3890 ὡς
517 3827 565 3879 ἐν
600 3827 965 3902 ὀλίγῳταινίᾳ
997 3827 1282 3904 δεσποτικῇ
1315 3827 1471 3882 αυτόν
1505 3827 1784 3898 ἀναδουσι,
1813 3839 1901 3883 καὶ
1939 3834 2071 3904 μετὰ
2111 3835 2297 3905 μικρὸν
2331 3832 2397 3892 εἰς

2483 3831 2709 3884 ασιλειον
2741 3830 2951 3903 ἀνήχθη
2982 3837 3271 3905 περιωπήν.

1179 3954 1518 4022 Theodori
1569 3955 1820 4021 Dousa:
1870 3965 1934 4021 et
1983 3955 2232 4022 Leonis
2281 3954 2515 4021 Allatii
2567 3965 2770 4022 nota.

362 4066 641 4144 (68)_Hp6;
680 4069 1014 4144 ὁρκωμοσίας
1072 4069 1259 4144 ἐτέρας.
1332 4072 1492 4144 certe
1543 4071 1592 4124 si
1631 4087 1890 4144 usquam

288 4137 463 4212 alias,
493 4137 607 4194 hec
633 4137 787 4195 certe
805 4137 915 4194 navi
947 4137 1164 4196 Graecis
1185 4142 1347 4196 hisce
1365 4137 1792 4212 jusjurandum
1809 4143 1893 4196 lu-

287 4210 406 4284 dus
434 4216 543 4284 est.
570 4217 626 4265 et
650 4213 853 4279 jurare
867 4213 1084 4284 saepius
1112 4210 1380 4282 pejerare
1393 4210 1566 4268 fuerit
1588 4214 1892 4282 :jurarunt

290 4281 588 4361 siquidem
616 4298 888 4361 proceres
921 4281 1214 4361 concertis
1247 4285 1452 4361 verbis
1471 4301 1543 4339 ex
1599 4281 1894 4361 sententia

2002 4087 2062 4125 se
2090 4069 2295 4125 omnia
2334 4075 2459 4125 tuta
2484 4086 2622 4143 quae
2652 4071 2977 4143 imperator
3006 4076 3389 4143 prmceperet,
3422 4076 3477 4127 et
3503 4071 3666 4127 cordi

2004 4143 2115 4196 sibi
2145 4157 2279 4196 esse
2313 4156 2485 4214 aeque
2520 4159 2588 4197 ac
2619 4144 2924 4214 propriam
2946 4143 3266 4199 Muzalonis
3292 4145 3496 4199 vitam.
3527 4144 3668 4198 Hinc

2004 4228 2126 4267 non
2160 4215 2342 4267 semel
2387 4213 2494 4267 Sed
2525 4213 2746 4284 saepius
2773 4229 2833 4268 se
2861 4214 3144 4284 religione
3176 4214 3624 4269 obstrinxerant
3653 4231 3666 4269 :

2005 4289 2061 4338 et
2081 4289 2276 4356 tamen
2297 4301 2434 4338 cum
2458 4300 2551 4338 res
2573 4285 2703 4356 ipsa
2730 4291 2981 4352 cogeret.
3017 4285 3139 4339 sive
3161 4284 3435 4339 vindicta:
3468 4286 3669 4340 studio

289 4354 690 4446 imperatoris,
722 4360 1048 4425 antequam
1082 4354 1174 4408 ille
1205 4359 1554 4446 moreretur,
1585 4371 1647 4409 se
1687 4357 1895 4410 omnia
1932 4393 1977 4446 D
2007 4356 2130 4446 siv‘e
2159 4354 2300 4435 odio
2343 4357 2466 4446 sive
2499 4354 2790 4446 neglectu,
2817 4356 3073 4434 .utinam
3120 4371 3243 4446 nLon
3290 4356 3555 4446 impulsu
3613 4362 3671 4412 et

291 4423 370 4477 ad
405 4426 695 4496 amussim
728 4423 1069 4496 servaturos
1114 4441 1250 4496 quae
1300 4426 1394 4480 ille
1424 4429 1483 4481 in
1543 4433 1895 4480 testamento

290 4495 1012 4568 praescripserat;deinde
1045 4495 1245 4551 statim
1277 4506 1415 4568 post
1478 4498 1610 4566 ejus
1660 4498 1893 4552 obitum

292 4566 578 4636 pejerant.
605 4569 752 4637 Nam
767 4582 901 4621 cum
930 4583 992 4622 se
1021 4566 1499 4637 cognosc'eretob
1520 4584 1718 4622 rerum
1736 4572 1892 4622 novi-

293 4636 845 4711 tatem‘proceribus
876 4636 1134 4711 invisum
1154 4639 1438 4702 Muzalon,
1461 4641 1564 4711 qui
1590 4639 1896 4708 dignitatis

292 4705 450 4762 illius
464 4705 771 4777 fastigium
786 4724 943 4773 aegre
963 4709 1250 4777 ferebant,
1269 4727 1407 4765 cum
1422 4705 1589 4766 m'ulti
1604 4705 1896 4766 essentad

292 4790 453 4854 quos
465 4779 909 4854 simulettutela
929 4782 1093 4852 pueri
1125 4785 1180 4854 et
1201 4781 1431 4854 imperii
1463 4782 1898 4837 administratio

294 4850 488 4922 magis
509 4851 827 4922 pertineret
857 4850 1199 4908 convocatis
1236 4850 1520 4907 omnibus
1542 4854 1602 4907 in
1673 4854 1898 4907 curiam

293 4921 590 4976 submisse
611 4923 694 4976 eis
716 4922 1234 4991 collocutus,baud
1247 4929 1487 4979 obstare
1504 4924 1814 4979 subintulit
1837 4942 1899 4980 se

295 4998 419 5047 tum
441 4993 668 5066 imperii
693 4994 1212 5050 administratione
1234 5000 1359 5050 tum
1383 4995 1564 5050 tutela
1586 4997 1751 5066 pueri
1777 5012 1898 5050 ces-

295 5078 527 5120 surum.
561 5064 842 5138 Proceres
864 5066 1043 5138 simul
1068 5066 1234 5138 velut
1251 5083 1319 5121 ex
1348 5064 1686 5138 composito
1732 5066 1792 5121 id
1812 5083 1897 5121 re-

291 5143 598 5200 cusarunt,
613 5136 843 5208 jusque
861 5136 1190 5206 jurandum
1212 5140 1406 5208 priore
1430 5136 1694 5193 sanctius
1718 5139 1899 5192 datur

294 5213 487 5280 tumua
527 5206 988 5280 nobilib'ustum
1021 5225 1056 5264 a
1085 5206 1256 5280 plebe
1285 5208 1518 5263 militari
1545 5210 1813 5280 ;sibique
1840 5215 1896 5264 et

291 5276 532 5351 familiae
546 5276 1186 5350 sumqmlibetexitium
1202 5280 1627 5351 imprecantur,
1650 5276 1892 5351 ni'quod

282 5349 807 5429 jurassentsan’cte
820 5356 1182 5429 servassent.
1229 5349 1303 5407 ac
1315 5352 1639 5429 _Mu_z_a_lonis
1654 5349 1892 5407 tutelam

290 5419 668 5500 imperatoris
682 5419 958 5500 veroﬁlio
973 5423 1052 5477 im
1063 5424 1294 5494 perium
1311 5423 1665 5500 insidiarum
1681 5439 1895 5495 expers

290 5501 346 5546 et
374 5491 731 5565 inviolatum
759 5492 836 5548 ad
863 5491 1108 5548 omnem
1133 5496 1536 5565 posteritatem
1569 5491 1893 5550 tuerentur.

290 5565 440 5644 Qum
469 5563 755 5644 deinceps
781 5565 1074 5644 exercitus
1202 5566 1539 5644 _e_cclesiam
1589 5574 1788 5644 rueret
1840 5572 1896 5620 et

290 5634 501 5689 timore
529 5634 792 5707 percitus
841 5636 1063 5692 Muzalo
1103 5636 1258 5692 elabi
1315 5645 1651 5697 conaretur.
1714 5637 1893 5692 iidem

289 5720 502 5762 omnes
532 5706 735 5775 simul,
757 5717 832 5762 ne
861 5707 956 5762 ille
977 5708 1291 5776 egrediens
1315 5709 1537 5776 templo
1572 5711 1747 5765 saluti
1771 5725 1895 5763 sum

289 5727 502 5762 omnes
532 5727 735 5775 81ml",
757 5727 832 5762 ΠΟ
861 5727 956 5762 lue
977 5727 1291 5776 egrediens
1315 5727 1431 5764 lem
1481 5727 1537 5764 lO
1572 5727 1747 5765 εωιηι
1771 5727 1895 5763 δυω

289 5777 646 5855 provideret,
673 5778 876 5835 denuo
900 5780 1330 5850 jusjurandum
1354 5727 1721 5852 adjecerunt,
1746 5779 1895 5835 velle

2007 4425 2527 4499 adhortationibus
2547 4428 2684 4499 jura
2705 4427 2912 4481 divina
2939 4434 3117 4499 atque
3144 4425 3413 4499 humana
3442 4428 3668 4499 violan-

2009 4503 2114 4569 tes,
2146 4498 2396 4551 necibus
2419 4497 2789 4552 Muzalonum
2841 4497 3058 4553 manus
3084 4498 3322 4552 dedere.
3356 4497 3504 4552 Vide
3533 4514 3669 4569 quae

2007 4568 2198 4641 dehis
2223 4569 2616 4641 sacramentis
2640 4574 2698 4623 et
2720 4569 3232 4624 exsecrationibus
3253 4575 3468 4641 praeter
3497 4568 3666 4624 Miro-

2006 4639 2258 4713 politam
2296 4639 2560 4694 referunt
2598 4641 2911 4708 Gregoras,
2955 4641 3218 4696 Phranza
3255 4639 3312 4695 et
3349 4641 3670 4713 Pachyme-

2008 4711 2149 4764 rius.
2195 4715 2332 4765 ALL.

2083 4785 2191 4848 (69)
2231 4784 2334 4862 Τοῦ
2372 4783 2510 4862 ἱεροῦ
2551 4780 2812 4862 βήματος.
2879 4780 3032 4862 Quid
3089 4781 3263 4862 fuerit
3320 4780 3495 4862 βῆμα,
3536 4781 3670 4838 vide

2008 4853 2376 4908 Glossarium
2411 4853 2642 4908 Meursii
2699 4854 2756 4906 in
2813 4855 3077 4919 πρόθεσις.
3112 4853 3330 4910 υουελζ
3355 4853 3426 4893 ἑ
3456 4856 3668 4922 Grego-

2009 4939 2126 4992 ras,
2159 4923 2262 4996 lib.
2298 4940 2376 4996 in,
2407 4939 2464 4995 p.
2490 4929 2577 4979 65.
2613 4925 2777 4979 Paria
2802 4930 2940 4978 sunt
2965 4941 3101 4996 quae
3128 4926 3302 4979 nobis
3323 4924 3428 4980 dat
3454 4927 3671 4980 Phran-

2008 5011 2075 5050 za
2109 5013 2120 5048 :
2163 4995 2269 5050 sed
2299 4995 2551 5066 hujusce
2581 4995 2663 5049 rei
2703 4995 3059 5064 tragmdiam
3116 4997 3303 5051 multo
3346 4997 3559 5052 melius
3599 5012 3669 5052 ac

2008 5067 2197 5120 fusius
2271 5067 2652 5138 prosequitur
2704 5067 3146 5139 Pachymerius,
3191 5067 3299 5125 lib.
3367 5084 3404 5133 ι,
3458 5084 3515 5140 p.
3569 5072 3661 5123 55.

2005 5143 2141 5192 ALL.

2078 5209 2194 5279 (70)
2255 5215 2500 5283 Τοιοῦτον
2563 5211 2665 5283 γὰρ
2695 5211 3009 5283 τόνλθυμόν.
3063 5212 3286 5266 Causas
3342 5211 3492 5266 tanti
3547 5209 3669 5266 odii

2006 5286 2275 5352 recenset
2308 5279 2756 5351 Pachymerius.
2799 5279 2899 5334 lib.
2933 5297 2971 5348 ι,
3005 5297 3063 5352 p.
3096 5283 3185 5335 54.
3220 5283 3358 5337 ALL.

2077 5349 2193 5420 (7i;
2244 5349 2571 5424 Trucidatis
2598 5354 2720 5422 jam
2775 5349 3184 5407 Muzalonibus
3238 5361 3296 5408 et
3341 5353 3543 5424 inepto
3591 5353 3669 5407 ad

2007 5421 2431 5494 imperandum
2458 5421 2684 5478 Joanne
2717 5425 3040 5478 immatura
3067 5424 3266 5478 adhuc
3291 5421 3482 5484 (etate.
3511 5440 3672 5495 qum-

2006 5495 2154 5548 ritur
2185 5497 2262 5549 ab
2301 5495 2584 5549 omnibus
2613 5496 2717 5566 qui
2757 5496 3079 5566 imperium
3120 5502 3304 5566 regat,
3357 5502 3668 5551 nutantem

2007 5566 2411 5644 principatum
2436 5573 2749 5644 sustentet,
2772 5583 2879 5644 nec
2910 5569 3280 5644 onericedat
3305 5586 3318 5633 ;
3343 5583 3452 5622 nec
3475 5568 3672 5638 aptior

2006 5637 2303 5692 indicatur
2344 5638 2619 5693 Michaele
2652 5638 3011 5706 Palmologo.
3056 5639 3194 5693 Vide
3245 5637 3569 5708 Gregorain
3615 5644 3672 5693 et

2010 5708 2363 5764 Phranzam.
2399 5709 2825 5782 Pachymerius
2851 5725 3097 5782 quoque
3127 5710 3289 5765 hisce
3321 5710 3511 5766 fusius
3541 5725 3668 5766 rem

2005 5781 2403 5852 prosequitur.
2422 5786 2558 5837 ALL.
