4470 6452
285 419 429 476 118θ

285 548 353 608 δή
389 569 548 615 τινος,
583 546 775 608 πολλῆς
812 554 906 607 τῆς
969 542 1166 605 ἡδονῆς
1221 543 1594 617 ἐμφορούμενον
1640 551 1729 597 καὶ
1780 546 1887 599 ἇπὶ-
1924 553 1971 602 Α

284 647 480 711 χαῖρον
512 645 616 697 τοίς
649 638 985 709 πράγμασιν.
1016 633 1217 705 Ὠσπερ
1255 637 1353 704 γὰρ
1381 653 1458 694 τις
1519 633 1571 685 ἐκ
1627 640 1887 706 σκοτομή-

283 749 344 785 νη
356 748 377 788 ς
434 727 651 799 βαθείας
742 726 851 792 (80)

285 816 467 872 ἐπέλθῃ
494 820 523 872 ἦ
552 818 639 865 καὶ
666 812 769 863 ἀπο
800 809 1065 870 κλύδωνος
1123 811 1189 871 εἰς
1217 810 1445 880 γαλήνην
1575 812 1631 862 ἐκ
1692 821 1888 882 χειμῶ-

944 724 1017 783 εἱς
1068 725 1434 795 καθαρώτατον
1502 723 1649 779 ἡλίου
1704 730 1890 794 φέγγος

281 924 366 965 νος
425 903 495 964 εἰς
556 905 646 974 ἔαρ
714 904 743 959 ἡ
804 900 870 959 εἰς
915 904 1157 970 νηνεμίαν
1197 898 1250 948 εκ
1313 898 1575 957 λαίλαπος.
1642 897 1742 949 κάκ
1794 909 1887 959 τῆς

281 992 471 1051 πολλῆς
509 990 653 1049 ἀνίας
699 990 1067 1061 μεταμειφθείη
1116 987 1182 1046 εἰς
1222 982 1437 1050 ἡδονήν,
1510 988 1670 1046 οὕτως
1726 987 1885 1039 ἁπαν-

280 1099 367 1141 τες
408 1080 715 1149 ἐπεγάνυντο
774 1082 863 1128 καὶ
917 1077 1166 1149 ἐσκίρτων
1216 1076 1298 1146 ὑφ’
1358 1072 1569 1137 ηδονῆς,
1633 1084 1725 1137 τῆς
1763 1096 1884 1149 προ-

279 1175 432 1244 τέρας
484 1168 871 1238 ἐπιλελησμένοι
916 1165 1269 1239 ἀλγεινοτέρας
1317 1185 1406 1216 και
1454 1172 1641 1238 πικρᾶς
1692 1163 1887 1235 διαγω-

278 1267 394 1330 γῆς.
439 1261 505 1310 Oi
536 1262 624 1327 μεν
655 1257 742 1307 οὗν
765 1254 812 1306 ἐν
842 1263 904 1312 τῆ
934 1261 1322 1305 Κωνσταντινου
1350 1254 1495 1305 πόλει
1526 1263 1740 1307 Λατῖνοι
1770 1256 1883 1323 (81)

281 1350 411 1399 καὶὸ
442 1348 491 1398 ἐν
519 1346 695 1405 αὐτοῖς
721 1347 869 1414 τάχα
918 1342 1207 1415 βασιλεύων
1251 1339 1557 1403 Βαλῶνῖνος
1609 1343 1884 1417 πρεσϐείαν

283 1439 515 1488 ἔστειλαν
544 1438 669 1506 πρὸς
698 1437 784 1484 τὸν
827 1431 1069 1504 βασιλεα,
1131 1432 1394 1502 ὑπέρογκα
1442 1451 1559 1482 τινα
1618 1436 1887 1493 ζητοῦντες

283 1530 370 1577 καὶ
439 1529 640 1575 ατόπων
725 1522 847 1572 ὂντα
897 1520 1064 1590 ἐγγύς·
1122 1529 1573 1592 καταφρονητικῶς
1621 1523 1721 1593 γὰρ
1774 1518 1889 1572 δια-

282 1617 508 1673 τεθέντες
536 1616 667 1686 πρός
703 1616 788 1662 τόν
818 1609 1041 1681 βασιλέα
1071 1612 1139 1669 ώς
1159 1616 1246 1659 νύν
1310 1618 1402 1669 τῆς
1453 1607 1629 1679 ἀρχῆς
1680 1609 1888 1681 ἁψάμε-

284 1723 368 1755 νον
402 1701 619 1774 βαρείας
648 1703 737 1759 τὰς
810 1700 1060 1758 ζητήσεις
1114 1696 1337 1749 ἐποίουν.
1398 1702 1498 1749 Καὶ
1541 1706 1742 1769 πρῶτον
1802 1703 1890 1770 μεν

286 1791 510 1863 ἤρξαντο
544 1788 644 1841 ἀπὸ
676 1796 770 1848 τῆς
800 1787 992 1847 πόλεως
1037 1784 1423 1844 Θεσσαλονίκης
1479 1788 1742 1837 ποιεῖσθαι
1798 1792 1891 1845 τήν

286 1880 534 1944 ζήτησιν,
600 1878 680 1929 ἶνα
716 1878 976 1950 παράσχῃ
1004 1878 1196 1931 ταύτην
1227 1877 1433 1934 τούτοις
1463 1876 1487 1924 0
1530 1873 1775 1946 βασιλεὺς
1804 1880 1893 1927 καὶ
1920 1918 1963 1972 Β

283 1975 463 2021 πᾶσαν
493 1972 588 2024 τήν
620 1966 777 2023 ἄλλην
805 1971 987 2038 χώραν
1039 1966 1174 2034 ἄχρι
1216 1968 1306 2014 xui
1352 1972 1443 2023 τῆς
1505 1969 1891 2016 Κωνσταντίνου

285 2057 468 2117 αὐτῆς.
496 2056 555 2107 Ὀ
609 2052 668 2107 δὲ
738 2052 985 2125 βασιλεὺς
1039 2062 1138 2104 τῶν
1201 2053 1449 2103 τοιούτων
1510 2050 1895 2125 ἀκροασάμενος

286 2144 613 2217 ἀστειότερον
642 2146 769 2217 πρὸς
800 2148 927 2213 σφᾶς
976 2142 1165 2202 αύτούς
1208 2144 1295 2192 τόν
1350 2139 1602 2210 ἀπόλογον
1654 2144 1896 2199 ἐποιήσα-

282 2254 363 2301 το,
390 2236 485 2293 ὡς.
516 2252 546 2285 ‹
566 2232 624 2284 Ἠ
651 2231 800 2291 πόλις
822 2230 954 2287 αὕτη
977 2234 1166 2301 πατρίς
1182 2248 1282 2300 μου
1309 2230 1361 2279 οἷ
1379 2231 1711 2299 οντυγχάνει·
1768 2228 1893 2281 ἐκεῖ-

290 2341 348 2374 σε
376 2325 475 2395 γάρ
505 2324 530 2373 0
562 2320 683 2392 ἐμὸς
712 2326 880 2392 πατὴρ
917 2321 1237 2390 ἡγεμόνευεν,
1273 2320 1326 2369 ὅν
1370 2323 1455 2369 xui
1515 2320 1660 2389 ὑμεῖς
1717 2316 1894 2371 οῖὸατε

284 2415 374 2463 τόν
405 2416 567 2482 μέγαν
614 2406 945 2480 δομέστικον.
998 2407 1150 2458 Ἀλλὰ
1195 2411 1286 2458 καὶ
1335 2405 1383 2457 ἐν
1446 2406 1577 2464 αὐτῆ
1647 2403 1791 2467 οὗτος
1837 2412 1893 2459 τὸ

287 2501 384 2560 ζῆν
449 2499 806 2572 ἑξεμέτρησεν,
862 2503 951 2548 καὶ
1001 2501 1059 2547 τὸ
1134 2504 1287 2566 σῶμα
1331 2496 1487 2547 αύτου
1541 2495 1703 2547 ἐκεῖσε
1750 2499 1895 2549 τέθα-

282 2609 435 2642 πται.
470 2595 586 2649 Πῶς
607 2588 693 2639 οὖν
742 2583 858 2638 δέον
907 2586 1019 2637 ἐστι
1066 2588 1256 2641 ταύτην
1305 2589 1398 2642 τὴν
1450 2584 1597 2636 πόλιν
1661 2586 1761 2645 ἔξω
1804 2593 1894 2646 τῆς

283 2677 409 2749 ἐμῆς
436 2676 720 2748 τυγχάνεὶν
753 2674 924 2749 ἀρχῆς
956 2692 969 2739 ς
1006 2697 1033 2723 ››
1060 2681 1236 2725 Ταῦτα
1262 2672 1540 2735 ἀκηκοότες
1569 2677 1617 2725 οί
1652 2674 1895 2748 πρέσϐεις

282 2769 721 2824 ὑποκνηστιώσαν
762 2767 922 2835 ἔσχον
950 2767 1044 2820 τήν
1094 2762 1273 2831 ἀκοήν,
1329 2761 1410 2834 [Ρ.
1480 2763 1572 2832 90]
1627 2766 1691 2823 ως
1747 2768 1894 2835 τάχα

280 2858 401 2907 τινὰ
442 2864 543 2906 τῶν
602 2855 928 2925 ζητουμένων
984 2854 1244 2922 παράσχη
1299 2854 1502 2910 τούτοις
1541 2854 1565 2902 0
1622 2850 1889 2923 βασιλεὺς,

284 2950 376 2996 καὶ
416 2942 784 3016 μεταϐαλόντες
806 2945 893 2993 τόν
923 2941 1095 3011 λόγον,
1124 2962 1151 2990 ‹‹
1182 2940 1405 3006 Ούκουν,
1449 2964 1477 2989 ››
1544 2943 1758 3011 ἔφησαν,
1794 2965 1820 2990 ‹‹
1850 2944 1889 2993 ὦ

285 3033 528 3107 βασιλεύ,
563 3038 960 3106 παραχώρησον
1013 3032 1138 3102 ἡμῖν
1192 3029 1246 3081 ἐκ
1302 3040 1401 3081 τῶν
1470 3030 1662 3105 Σερρὠν
1719 3032 1887 3083 αύτὼν

280 3130 574 3193 κατασχεῖν
604 3124 673 3173 τὰ
702 3120 879 3177 λοιπὰ,
913 3143 940 3168 ››
977 3125 1077 3172 Καὶ
1107 3120 1133 3170 0
1166 3116 1431 3190 βασιλεὺς,
1465 3142 1491 3167 ‹‹
1525 3116 1657 3171 Οὐδ’
1725 3121 1886 3179 αύτήν

282 3230 375 3282 μοι
412 3215 787 3284 προσήκουσαν
838 3210 1022 3260 ποίσθε
1074 3211 1168 3265 τήν
1220 3207 1465 3266 ζήτησιν.
1516 3214 1734 3280 Πρώτως
1785 3212 1885 3283 γὰρ

283 3268 291 3282 .
453 3268 461 3284 .
1563 3268 1571 3280 .
1792 3268 1804 3279 -
1856 3268 1865 3283 .

283 3298 332 3351 ἐν
364 3299 492 3356 αύτῆ
526 3302 652 3373 πρὸς
681 3306 772 3349 τού
805 3304 1094 3369 μακαρίτου
1137 3294 1397 3367 βασιλέως
1444 3304 1534 3347 τού
1591 3299 1726 3350 θείου
1787 3306 1887 3370 μού
1916 3268 1959 3325 C

282 3391 607 3461 ἡγεμονεύειν
659 3393 844 3459 χώρας
898 3386 1155 3461 ἠρξάμην,

281 3477 680 3552 ἐστρατήγησα,
712 3482 802 3529 xui
828 3476 956 3548 φιλῶ
984 3480 1072 3527 τόν
1127 3480 1283 3526 τόπον
1343 3478 1407 3535 ὡς

1237 3390 1325 3436 xui
1386 3392 1605 3460 πρώτως
1660 3386 1707 3438 ἐν
1754 3388 1884 3446 αύτῆ

1487 3479 1705 3537 σύνηθες
1770 3474 1889 3529 ἔδα-

279 3588 394 3639 φος,
427 3568 503 3620 Ού
533 3572 705 3640 χρεών
726 3574 850 3638 γοῦν
909 3562 1033 3617 οὐδὲ
1082 3568 1277 3621 ταύτην
1340 3568 1435 3623 τὴν
1486 3565 1633 3617 πόλιν
1680 3566 1889 3618 καταλι-

277 3664 412 3709 πεῖν.
453 3678 474 3706 ι
510 3657 758 3728 Εύχερῶς
786 3662 911 3724 γοὺν
958 3657 1007 3705 οἱ
1059 3652 1301 3727 πρέσϐεις
1345 3651 1400 3704 ἐκ
1451 3659 1612 3706 τόπου
1661 3660 1891 3727 μετεπή-

280 3742 387 3798 ὃων
418 3745 486 3806 εἰς
516 3751 691 3815 τόπον⁵
732 3749 821 3795 xui
852 3740 1018 3816 μηδὲν
1042 3746 1265 3814 ἔχοντες,
1311 3742 1354 3793 εἰ
1411 3749 1499 3795 xui
1553 3763 1604 3795 τι
1663 3743 1886 3814 λάϐοιεν,

278 3834 488 3907 ἀγαπᾷν
516 3838 585 3896 ὡς
616 3830 983 3906 κερδήσαντες,
1017 3838 1121 3898 καὶ,
1155 3852 1186 3886 ε
1234 3833 1302 3885 Ὠ
1357 3832 1595 3905 βασιλεύ,
1650 3856 1678 3884 ››
1720 3833 1890 3885 ἀντεῖ-

276 3943 393 3995 πον⁵
428 3945 456 3972 ‹‹
489 3928 579 3975 καὶ
606 3919 699 3983 δὸς
729 3925 853 3995 ήμίν
894 3921 950 3973 ἐκ
979 3930 1071 3973 του
1100 3921 1316 3996 Βολεροὺ
1346 3926 1411 3974 τὰ
1439 3927 1632 3995 μέχρις
1665 3924 1831 3994 ἡμῶν,
1857 3942 1888 3977 ι

196 4032 199 4035 ‘
282 4015 431 4066 Kui0
462 4011 711 4084 βασιλεὺς
754 4034 782 4061 (ί
840 4012 920 4064 Ἐν
991 4014 1196 4073 τούτοις
1245 4020 1348 4073 τοῖς
1415 4017 1591 4073 τόποις
1646 4013 1890 4074 πολλάκις

280 4102 561 4176 ἐθήρευσα,
592 4108 682 4154 καὶ
715 4098 914 4173 σχεδὸν
943 4107 1001 4153 τὸ
1033 4101 1202 4163 καλῶς
1238 4104 1478 4174 χρᾶσθαι
1532 4110 1647 4164 ταῖς
1704 4105 1891 4177 θήραις

282 4191 332 4244 ἐν
360 4194 527 4263 τούτῳ
558 4194 856 4264 μεμάθηκα,
891 4196 980 4243 καὶ
1007 4195 1067 4243 ού
1126 4211 1215 4262 μοι
1270 4197 1505 4265 κέκριται
1568 4192 1711 4253 άξιον
1764 4202 1889 4245 τού-

279 4302 368 4334 τον
396 4282 598 4353 ἀφεῖναι
645 4285 731 4332 τόν
789 4290 987 4353 χῶρον,
1049 4282 1170 4332 ἔνθα
1222 4288 1311 4332 καὶ
1364 4281 1517 4333 πάλιν
1566 4280 1750 4352 ἀγαπῶ
1801 4286 1888 4339 θη-

276 4374 445 4445 ρεύειν
470 4376 560 4423 καὶ
590 4372 779 4443 ἄγραις
825 4371 970 4430 ζώων
1015 4366 1326 4441 ἐφήδεσθαι.
1400 4392 1428 4419 ››
1477 4376 1540 4423 Τί
1586 4380 1710 4441 γοῦν
1763 4374 1888 4444 ἡμῖν

281 4457 455 4522 δίδως
489 4478 503 4526 ;
536 4479 566 4513 ›
594 4458 886 4531 ἀντέφησαν
916 4461 966 4510 οἱ
996 4458 1240 4532 πρέσϐεις
1266 4468 1338 4530 τῷ
1389 4458 1621 4531 βασιλεῖ.
1676 4483 1702 4511 ι(
1758 4460 1888 4532 Ἐγὼ

277 4556 389 4624 μὲν,
428 4574 455 4601 ››
483 4553 572 4622 ἔφη
614 4552 640 4601 0
671 4548 936 4622 βασιλεὺς,
975 4571 1001 4590 τι
1058 4545 1229 4604 οὐδέν.
1297 4549 1428 4603 Ἀλλ’
1491 4554 1631 4625 εἰπερ
1699 4549 1889 4605 ἐθέλετε

276 4646 369 4699 τήν
409 4639 462 4702 ἐξ
492 4639 615 4713 ἐμοῦ
666 4639 872 4713 εἰρήνην
921 4638 1092 4691 λαϐεῖν
1138 4639 1330 4711 (καλῶς
1380 4660 1482 4713 γαρ
1538 4660 1600 4711 με
1665 4639 1887 4693 ἐπίσταο
1925 4631 1972 4686 Π

281 4734 394 4799 σθε,
427 4736 515 4783 καὶ
545 4736 638 4789 τὴν
671 4729 722 4793 ἐξ
757 4728 881 4801 ἐμοῦ
907 4732 1091 4802 μάχην
1148 4730 1359 4800 ξυνίετε,
1428 4733 1586 4788 ἡνίκα
1630 4735 1724 4789 τήν
1773 4733 1890 4804 ἠγε-

278 4826 460 4894 μονίαν
489 4822 727 4879 Βιθυνίας
774 4825 864 4871 xui
894 4824 1130 4893 Ταρσίας
1192 4821 1357 4891 εἶχον,
1412 4821 1545 4880 ὅπως
1600 4820 1721 4892 ύμῖς
1768 4818 1893 4874 οἶδα

278 4910 672 4983 μαχέσασθαι),
726 4907 878 4961 ἐθέλω
952 4913 1066 4968 τοὺς
1139 4906 1186 4959 ἐν
1244 4918 1303 4967 τῆ
1384 4910 1892 4964 Κωνστανινουπολει

280 5005 531 5059 Λατίνους
551 5002 682 5071 πρός
709 5003 803 5055 τήν
857 5006 957 5049 τών
1012 4997 1277 5070 Ῥωμαίων
1337 4997 1496 5051 τελεῖν
1563 5000 1739 5071 ἀρχὴν
1796 5021 1892 5073 με-

277 5086 408 5164 ρίδα
464 5092 552 5161 μὲν
611 5093 704 5146 τήν
754 5107 809 5138 εκ
866 5096 957 5138 τού
1007 5092 1329 5161 κομμερκίου
1388 5090 1502 5155 (8'2)
1556 5088 1744 5151 αὐτῶν,
1794 5096 1890 5149 τήν

278 5178 527 5249 ἀνάλογον
558 5180 812 5238 ὡσαύτως
842 5173 1069 5231 εἴσοδον.
1117 5177 1179 5229 Εἰ
1225 5180 1391 5229 ταῦτά
1446 5198 1536 5251 μοι
1590 5189 1888 5253 παρασχεῖν

276 5269 627 5341 ύποσχοίητε,
661 5267 733 5329 εἰς
763 5266 964 5336 εἰρήνην
998 5271 1344 5339 συνέρχομαι.
1396 5268 1456 5321 Εἰ
1514 5264 1564 5320 δ’
1613 5268 1722 5339 οὖν,
1780 5268 1887 5323 ἀλλ’

1197 5392 1539 5461 Theodori
1590 5394 1843 5464 Dousa:
1890 5406 1960 5467 et

350 5539 467 5609 (80)
505 5540 595 5592 Ἐκ
647 5545 970 5613 σκοτομήνης
1019 5538 1258 5612 βαθείας.
1319 5540 1773 5613 Pachymerius,
1820 5557 1884 5615 p.

797 5686 899 5766 γὰρ
939 5682 988 5736 έν
1054 5692 1155 5766 τῇ,
1181 5684 1722 5766 Κῳνπαντωουπόλει
1766 5692 1889 5743 Λα..

277 5753 914 5829 riuu'Pachymerius,
951 5769 1016 5830 p.
1054 5756 1182 5815 106.
1219 5761 1357 5814 Au.

1798 422 2142 483 MALES.

3514 432 3658 490 “09

1998 548 2047 601 ri
2063 562 2275 603 omnes
2286 553 2578 619 poterant.
2596 551 3123 616 Quemadmodum
3143 550 3328 617 enim,
3351 551 3501 607 dum
3520 552 3660 623 quis

1998 650 2030 689 e
2062 635 2442 693 densissimis
2470 639 2731 694 tenebris
2762 639 2821 694 in
2854 639 3251 710 purissimum
3283 638 3426 695 solis
3475 638 3661 709 jubar

1997 739 2333 793 emergens,
2368 733 2472 782 aut
2500 743 2532 782 e
2565 733 2913 799 tempestate
2947 728 3007 783 in
3048 727 3371 800 tranquilla
3431 732 3534 784 aut
3586 742 3660 782 ex

1996 810 2189 865 hieme
2202 813 2262 866 in
2275 829 2527 869 vernum
2542 820 2727 870 autex
2744 816 3005 886 procella
3018 816 3077 870 in
3094 815 3299 887 quieta
3320 818 3653 884 accesserit,

1996 904 2098 953 aut
2114 902 2291 955 etiam
2308 900 2613 971 ingentem
2634 918 2951 958 maerorem
2970 905 3030 958 in
3044 902 3335 973 gaudium
3360 908 3657 958 transmu-

1994 990 2221 1054 taverit,
2238 990 2439 1045 laetitia
2450 990 2739 1060 differtur,
2754 993 2832 1048 ita
2846 1008 3050 1047 omnes
3063 995 3369 1063 voluptate
3390 991 3657 1063 quadam

1995 1076 2271 1147 perfundi
2293 1083 2350 1134 et
2367 1080 2591 1147 gaudio
2603 1080 2897 1136 cumulari
2914 1088 3093 1153 atque
3110 1080 3363 1147 exsilire,
3396 1080 3657 1136 miserri-

1994 1180 2095 1220 ma
2123 1166 2563 1241 deterrimaque
2594 1170 2809 1240 prioris
2864 1170 2995 1226 vitae
3050 1170 3279 1226 ratione
3336 1185 3369 1225 e
3419 1174 3657 1240 pectore

1992 1254 2299 1327 oculisque
2325 1262 2551 1314 amota.
2586 1259 2790 1323 Latini,
2830 1260 2935 1330 qui
2966 1258 3127 1313 CPoli
3173 1263 3362 1325 erant,
3416 1263 3474 1313 et
3538 1257 3635 1313 Bal

1993 1340 2216 1397 duinus
2241 1344 2478 1400 illorum
2507 1348 2848 1402 moderator
2868 1346 2947 1402 ad
2967 1348 3395 1419 imperatorem
3424 1347 3658 1415 legatos

1995 1432 2353 1501 prmtumida
2381 1434 2667 1504 quaedam
2693 1441 2750 1489 et
2769 1451 2922 1507 pene
2944 1435 3215 1491 absurda
3260 1436 3654 1506 quaeritantes

1997 1520 2306 1576 miserunt.
2321 1522 2730 1593 Contemptius
2754 1539 3021 1594 namque
3042 1539 3186 1593 erga
3208 1523 3654 1595 imperatorem,

1998 1613 2285 1678 tanquam
2343 1610 2447 1681 qui
2530 1616 2658 1666 tum
2723 1612 2987 1683 primum
3050 1611 3370 1682 imperium
3423 1627 3658 1666 assum-

1999 1703 2222 1767 pserat,
2253 1697 2464 1765 affecti,
2500 1699 2910 1755 immoderatis
2951 1700 3456 1769 postulationibus
3486 1714 3659 1769 urge-

1998 1786 2149 1841 bant
2180 1805 2193 1853 ;
2221 1786 2380 1843 etab
2409 1788 2541 1860 ipsa
2588 1789 3012 1845 Thessalonica
3057 1790 3293 1844 initium
3348 1788 3654 1853 facientes,

2001 1880 2068 1929 ut
2118 1891 2255 1931 eam
2337 1876 2451 1933 sibi
2523 1882 2581 1933 et
2662 1878 2957 1948 reliquam
3032 1894 3278 1933 omnem
3353 1878 3658 1949 regionem

2002 1965 2223 2037 Cpolim
2260 1982 2451 2038 usque
2490 1967 2817 2039 imperator
2866 1967 3237 2033 concederet,
3304 1966 3657 2038 poscebant.

2000 2054 2102 2109 His
2143 2055 2364 2111 auditis
2429 2056 2754 2127 imperator
2818 2072 3178 2128 responsum
3232 2055 3503 2127 lepidum
3568 2070 3659 2110 sa-

1998 2159 2073 2199 ne
2140 2159 2335 2216 neque
2401 2144 2787 2200 invenustum
2844 2145 3031 2201 dedit.
3095 2148 3238 2201 Eam
3284 2145 3507 2201 scilicet
3560 2159 3659 2198 ur-

2000 2232 2138 2287 bem
2153 2234 2242 2287 sui
2256 2233 2511 2303 patriam
2541 2235 2583 2303 1
2595 2234 2645 2303 7
2659 2234 2711 2304 3
2732 2234 3189 2305 quodammodo
3201 2249 3332 2290 esse
3356 2252 3369 2301 ;
3388 2234 3451 2289 in
3471 2248 3545 2288 ea
3558 2248 3663 2304 pa-

2000 2327 2147 2376 trem
2203 2338 2402 2388 suum,
2455 2338 2636 2393 quem
2700 2324 2812 2394 ipsi
2869 2323 3094 2393 optime
3152 2328 3463 2387 noverant,
3522 2337 3660 2376 ma-

2001 2427 2189 2481 gnum
2212 2412 2611 2468 domesticum
2644 2413 3048 2485 principatum
3089 2412 3442 2481 obtinuisse,
3496 2412 3559 2466 in
3588 2425 3661 2466 ea

2000 2502 2132 2556 vitae
2153 2501 2337 2557 ﬁnem
2362 2501 2589 2566 fecisse,
2622 2502 2681 2556 in
2707 2517 2897 2574 eaque
2919 2501 3173 2558 cadaver
3213 2502 3369 2557 illius
3398 2500 3662 2573 sepultu-

2000 2606 2079 2645 ras
2113 2591 2489 2647 mandatum.
2522 2590 2836 2655 Quomodo
2854 2590 3055 2662 itaque
3088 2606 3158 2646 ea
3184 2591 3330 2646 urbs
3350 2597 3518 2648 extra
3547 2609 3656 2666 po-

2000 2684 2270 2735 testatem
2327 2695 2526 2735 meam
2607 2679 2821 2734 fuerit?
2848 2679 3111 2734 Audiunt
3171 2679 3398 2749 legati:
3460 2682 3660 2739 adhuc

1999 2774 2201 2823 tamen
2223 2768 2457 2841 pruritu
2470 2768 2705 2823 aurium
2728 2767 2929 2839 aliqua
2950 2784 3381 2825 concessurum
3398 2770 3657 2842 impera-

2000 2862 2180 2912 torem
2200 2857 3180 2929 sperabant,etmutataoratione,«
3195 2858 3398 2927 Igitur,
3426 2882 3454 2909 κ
3469 2860 3657 2933 aiunt,

1998 2969 2024 2996 «
2056 2946 2402 3018 imperator,
2432 2946 2694 3001 concede
2725 2945 2903 3000 nobis
2933 2945 3011 3001 ab
3035 2946 3220 3002 Serris
3250 2947 3400 3018 ipsis
3428 2948 3662 3022 reliqua

1995 3037 2321 3108 possidere.
2350 3059 2376 3085 ››
2408 3036 2814 3107 Etimperator
2838 3052 2850 3089 :
2876 3059 2904 3086 ιε
2929 3039 3127 3107 Neque
3150 3036 3310 3107 juste
3341 3053 3537 3111 neque
3558 3039 3665 3098 de.

1994 3134 2196 3180 center
2232 3125 2362 3181 haec
2392 3124 2734 3196 postulatis.
2765 3124 3031 3195 primum
3061 3125 3221 3179 enim
3248 3124 3309 3180 in
3335 3141 3408 3181 ea
3435 3142 3471 3182 a
3516 3127 3663 3185 bea-

1998 3220 2069 3269 tae
2084 3215 2383 3269 memoriae
2401 3214 2761 3284 imperatore
2774 3216 2989 3284 patruo
3001 3228 3137 3267 meo
3148 3212 3263 3268 loci
3280 3214 3660 3273 dominatum

1997 3303 2204 3372 habui,
2227 3303 2341 3358 illic
2366 3302 2795 3357 dominationis
2832 3316 2982 3356 meae
3004 3302 3407 3369 exordia,illic
3435 3304 3659 3362 militiae

1998 3394 2193 3466 prima
2222 3391 2593 3448 incunabula
2627 3396 2720 3459 ;et
2736 3391 2869 3447 loco
2892 3397 3183 3464 tanquam
3223 3392 3501 3450 familiari
3531 3395 3660 3452 solo

1998 3482 2279 3537 delector.
2320 3481 2487 3537 Haud
2519 3481 2721 3552 itaque
2777 3480 2886 3536 erit
2933 3496 3131 3552 operas
3178 3482 3439 3553 pretium
3489 3483 3660 3542 illum

2000 3573 2287 3627 amittere.
2332 3592 2360 3620 »
2395 3570 2592 3639 Legati
2631 3568 2705 3625 de
2736 3573 2870 3625 loco
2900 3570 2960 3625 in
2992 3569 3193 3625 locum
3220 3569 3376 3627 facili
3418 3574 3661 3644 negotio

2001 3676 2341 3716 sermonem
2363 3664 2728 3728 convertere,
2764 3665 2997 3715 etcum
3043 3658 3190 3715 nihil
3239 3659 3553 3729 haberent,
3612 3662 3661 3719 si

1998 3751 2147 3824 quid
2169 3750 2616 3822 impetrassent,
2656 3764 2726 3804 eo
2757 3752 3071 3804 contentos
3116 3764 3266 3815 esse,
3298 3766 3370 3806 ac
3400 3751 3448 3806 si
3478 3752 3662 3809 victo-

1998 3842 2147 3896 riam
2162 3840 2417 3895 fuissent
2429 3838 2730 3894 consecuti
2744 3881 2756 3892 .
2771 3839 2943 3903 Et,«0
2959 3839 3320 3910 imperator»
3334 3840 3659 3912 excipiunt,

2001 3951 2029 3981 ι(
2060 3929 2269 3985 saltem
2290 3927 2465 3983 nobis
2487 3944 2517 3982 e
2550 3926 2754 3982 Bolero
2770 3926 2849 3982 ad
2866 3932 3073 3982 nostra
3111 3928 3407 3998 permitte.
3442 3949 3471 3979 »
3510 3931 3660 3986 Tum

2001 4020 2345 4091 imperator,
2369 4040 2396 4067 «
2431 4017 2552 4072 Illis
2578 4018 2640 4072 in
2668 4016 2813 4071 locis
2835 4015 3163 4088 sepissime
3185 4018 3489 4074 venationi
3516 4035 3660 4092 ope-

1997 4125 2128 4165 ram
2152 4108 2311 4177 dedi,
2344 4113 2401 4163 et
2447 4104 2869 4161 venationibus
2898 4121 3020 4161 non
3076 4105 3232 4161 male
3294 4106 3377 4162 uti
3431 4108 3493 4163 in
3547 4108 3661 4164 illis

2000 4197 2350 4271 aprehendi.
2405 4196 2728 4265 Indignum
2792 4197 2995 4267 itaque
3062 4196 3295 4252 videtur
3344 4196 3490 4253 locis
3546 4198 3662 4255 illis

1998 4288 2359 4353 renuntiare,
2391 4286 2493 4341 ubi
2522 4301 2729 4340 rursus
2755 4284 3055 4342 venationi
3082 4285 3433 4342 incumbere
3470 4288 3661 4359 gestio

2000 4385 2056 4434 et
2084 4377 2346 4433 ferarum
2378 4375 2641 4447 capturis
2680 4374 2955 4430 animum
3003 4373 3323 4432 oblectare.
3380 4398 3409 4427 ››
3465 4376 3660 4443 «Quid

1998 4467 2176 4538 igitur
2202 4466 2378 4521 nobis
2404 4464 2601 4520 donas
2620 4464 2648 4520 ?
2680 4486 2708 4513 »
2738 4462 2917 4533 legati
2954 4463 3299 4536 imperatori
3338 4465 3662 4537 responde-

2000 4562 2158 4613 runt.
2188 4575 2217 4608 ι(
2246 4558 2367 4625 Ego
2396 4552 2667 4626 quidem,
2696 4572 2725 4601 »
2747 4550 2877 4607 inﬁt
2904 4552 3251 4624 imperator,
3289 4575 3317 4603 ‹‹
3345 4553 3511 4609 nihil.
3547 4555 3659 4610 Sed

2001 4649 2049 4703 si
2075 4662 2286 4719 pacem
2307 4661 2381 4699 ex
2402 4659 2496 4698 me
2517 4642 2741 4697 habere
2762 4640 3179 4713 concupiscitis
3194 4642 3370 4713 (bene
3395 4658 3662 4715 namque

2000 4754 2097 4793 me
2124 4736 2394 4804 nostis,et
2412 4731 2559 4804 quid
2588 4730 2917 4803 pugnando
2942 4729 3178 4787 valeam
3206 4749 3220 4800 ;
3240 4732 3492 4805 jamque
3514 4734 3660 4789 satis

2001 4825 2288 4882 didicistis
2300 4840 2439 4879 cum
2454 4820 2736 4892 Bithyniae
2756 4821 2799 4889 1
2811 4820 2861 4889 7
2874 4818 2930 4892 4
2941 4820 3280 4892 Tarsiasque
3291 4837 3493 4877 rerum
3511 4822 3663 4893 poti-

2000 4928 2116 4981 rer,
2129 4925 2395 4984 quanam
2413 4907 2544 4979 ipse
2555 4906 2785 4961 ratione
2798 4904 2955 4961 bello
2972 4906 3341 4979 conﬂigam),
3356 4906 3495 4963 volo
3516 4908 3590 4962 La
3600 4909 3665 4964 ti-

2001 5018 2133 5065 nos,
2161 4999 2266 5073 qui
2287 4997 2454 5070 Cpoli
2473 5000 2633 5062 sunt,
2650 4998 2921 5051 Romano
2934 4995 3188 5067 imperio
3206 5012 3334 5052 eam
3355 5012 3427 5052 ex
3441 4996 3662 5053 tributo

2000 5095 2233 5163 partem
2298 5084 2639 5159 persolvant
2693 5100 2830 5157 quae
2882 5084 3222 5140 introitibus
3271 5085 3661 5158 proportione

1998 5178 2382 5253 respondeat.
2418 5178 2550 5231 Haec
2594 5174 2642 5229 si
2698 5180 2985 5246 praestare
3041 5175 3391 5241 annueritis,
3444 5192 3661 5249 pacem

2000 5277 2302 5342 compeno
2325 5284 2339 5334 ;
2364 5267 2456 5322 sin
2485 5264 2707 5333 minus,
2729 5279 3001 5337 pugnam
3015 5264 3207 5333 edico,
3228 5280 3367 5339 qum
3400 5268 3521 5322 Deo
3559 5282 3664 5322 au-

2005 5394 2256 5467 Leonis
2305 5388 2541 5460 Allatii
2589 5399 2793 5458 notas.

2066 5541 2179 5612 (82)
2203 5545 2313 5590 Τῶν
2344 5556 2649 5612 κομερκιων.
2691 5535 3216 5612 Commerciorum.
3274 5535 3400 5612 Ἶρι
3453 5535 3664 5612 Latina

1996 5607 2125 5685 tota
2142 5607 2976 5685 xops’pxiog“sivehxoppipxiov,
3024 5608 3462 5664 commercium.
3518 5607 3661 5665 Vide

1999 5680 2368 5743 Glossarium
2390 5680 2647 5740 Meursii.
2683 5680 2895 5737 DOUSA.
