4470 6452
829 400 966 459 1191

2109 395 2398 457 GEORGII
2418 398 2886 458 AGROPOLITE

4046 410 4175 466 H92

828 524 1013 597 spice,
1039 527 1106 584 ut
1130 523 1215 583 ita
1241 522 1462 595 dicam,
1518 524 1708 583 multo
1758 521 2043 582 Romanis
2068 521 2266 582 utilior
2288 524 2416 583 erit.
2448 544 2478 577 »
2515 524 2563 581 A
2592 564 2593 571 η

2412 566 2416 579 ,
2448 544 2478 577 ››
2515 524 2563 581 Α
2592 525 2725 578 ἔστω
2753 526 2929 599 μάχη,
2973 526 3085 587 ἣτις
3117 525 3210 580 σὺν
3244 532 3358 599 Θεῷ
3414 525 3570 599 φάναι
3627 527 3816 601 μᾶλλον
3857 527 4177 589 λυσιτελήσει

827 612 926 669 His
956 612 1303 671 Latinorum
1319 611 1503 686 legati
1529 611 1763 672 confusi
1784 610 2010 687 Cpolim
2048 611 2268 672 infecto
2296 628 2479 687 nego-

826 699 909 760 tio
945 707 1235 763 remeant.

894 886 987 942 79.
1016 882 1105 941 Ad
1132 882 1470 943 Michaelem
1494 881 1673 942 etiam
1695 879 2057 941 defectorem
2083 880 2349 955 legatum
2369 881 2476 940 im-

821 976 1064 1045 perator
1083 972 1461 1031 Theodorum
1491 973 1738 1045 Philem,
1780 973 1861 1031 ab
1898 973 2258 1047 imperatore
2287 973 2473 1031 Theo-

821 1061 972 1119 doro
992 1061 1322 1121 luminibus
1342 1064 1643 1136 orbatum,
1666 1064 1860 1122 mittit.
1896 1064 2132 1136 Legatio
2155 1063 2306 1121 lenis
2325 1068 2471 1134 erat,

820 1154 1116 1225 tanquam
1138 1169 1274 1226 qua
1288 1169 1362 1211 ex
1373 1153 1805 1227 pertinentibus
1821 1154 1900 1211 ad
1912 1170 1974 1210 se
2004 1153 2257 1211 urbibus
2282 1169 2353 1211 ac
2365 1169 2471 1226 op-

819 1240 979 1312 pidis
1015 1242 1301 1315 pleraque
1341 1243 1605 1314 cederet;
1628 1260 1765 1317 qua
1804 1243 2087 1301 defectori
2124 1243 2469 1317 imperator,

818 1344 959 1386 cum
982 1346 1188 1387 secum
1210 1332 1539 1389 concilians
1564 1332 1963 1406 permittebat,
1985 1348 2171 1406 parva
2203 1349 2345 1390 vero
2367 1331 2473 1390 ad-

818 1419 1056 1475 modum
1078 1420 1723 1495 repetebat,quahaud
1755 1422 2037 1479 decorum
2066 1422 2381 1479 videbatur
2393 1422 2471 1479 ab

816 1522 887 1565 eo
912 1508 1155 1580 negligi.
1184 1510 1299 1567 Sed
1343 1510 1529 1568 durus
1573 1517 1755 1584 atque
1801 1512 2187 1570 inexorabilis
2208 1511 2470 1569 defector

815 1596 1031 1655 oblatis
1056 1600 1558 1673 sermonibusque
1622 1602 1816 1672 magis
1841 1601 2110 1659 induruit
2155 1618 2169 1669 ;
2212 1602 2317 1674 qui
2346 1617 2468 1659 non

813 1686 1000 1744 modo
1020 1686 1302 1758 legationi
1322 1689 1525 1747 locum
1554 1706 1678 1747 non
1709 1690 1977 1760 dederat,
2002 1691 2108 1747 sed
2134 1691 2194 1747 in
2223 1705 2467 1764 respon-

814 1776 1084 1834 sionibus
1110 1778 1288 1836 etiam
1314 1778 1593 1837 indecore
1615 1779 1947 1837 admodum
1985 1796 2046 1838 se
2069 1786 2349 1852 gesserat.
2374 1784 2466 1838 ln-

2587 613 2881 689 ⁸Ρωμαίοις.
2938 634 2967 666 ››
3020 614 3171 669 Οὕτω
3234 618 3703 691 καταισχυνθέντες
3760 620 3809 671 οἱ
3866 626 3967 671 τῶν
4024 625 4178 674 Λατί-

2585 724 2682 757 νων
2707 703 2952 781 πρέσϐεις
2988 705 3251 784 ἄπρακτοι
3308 709 3437 782 πρὸς
3489 710 3583 767 τήν
3643 708 4175 763 Κωνσταντινούπολιν

2585 813 2917 851 υπενοστουν.

2653 885 2751 941 νθ¹.
2790 890 2888 940 Καὶ
2922 886 2969 923 ⁸⁸
2999 888 3125 962 πρὸς
3146 888 3233 939 τὸν
3287 883 3589 945 ἀποστάτην
3643 881 3702 941 δὲ
3744 886 3968 961 Μιχαὴλ
4023 886 4179 942 ἐστείο

2582 970 2705 1027 λατο
2734 974 3015 1049 πρεσϐείαν
3053 977 3081 1029 ό
3130 974 3381 1049 βασιλεὺς
3418 972 3513 1030 διὰ
3564 984 3658 1030 τοῦ
3721 976 3844 1037 Φιλῆ
3902 972 4175 1053 Θεοδώρου

2580 1071 2673 1116 τοῦ
2696 1069 2823 1139 πρὸς
2860 1073 2952 1119 τοῦ
2994 1064 3252 1140 βασιλεως
3305 1062 3583 1142 Θεοδωρου
3629 1066 4036 1141 τετυφλωμένου.
4080 1072 4172 1121 Καὶ

2580 1153 2610 1211 ἡ
2652 1152 2904 1227 πρεσϐεία
2931 1162 3122 1228 πραεῖα
3145 1160 3236 1209 καὶ
3272 1154 3437 1209 πολλά
3459 1151 3820 1210 ὑπενδιδοῦσα
3864 1166 3963 1209 τῶν
4020 1175 4179 1231 προσ-

2581 1247 2807 1301 ηκόντων
2862 1245 3061 1297 ἄστεων
3126 1249 3218 1298 καὶ
3281 1253 3491 1318 χωρῶν·
3583 1251 3883 1320 παρεχώρει
3960 1248 4059 1321 γὰρ
4109 1254 4178 1318 τῷ

2581 1329 2851 1406 ἀποστάτῃ
2896 1336 2928 1385 6'
2962 1330 3231 1405 βασιλεὺς,
3289 1336 3420 1408 πρὸς
3471 1331 3680 1406 ἀγάπην
3727 1332 3944 1407 ἇφέλκων
4001 1334 4176 1394 αὐτόν.

2580 1421 2768 1493 Ὀλίγα
2798 1418 2858 1475 δε
2882 1422 3016 1475 ἄττα
3038 1420 3347 1490 ἀνεκαλεῖτο,
3374 1426 3465 1476 καὶ
3494 1423 3580 1476 οἷα
3617 1422 3711 1477 οὐκ
3751 1420 3812 1482 ἦν
3862 1423 3997 1487 εἰκός
4050 1443 4180 1499 παρ-

2581 1507 2731 1566 ιδεῖν.
2788 1510 2922 1563 Ἀλλ’
2972 1508 3033 1570 ἦν
3107 1513 3133 1563 ό
3182 1509 3478 1573 ἀποστάτης
3554 1515 3685 1587 πρὸς
3748 1515 3843 1576 τὰς
3905 1513 4181 1587 ἀκροάσεις

2581 1597 2806 1673 σκληρός
2836 1602 3091 1674 καὶπρὸς
3140 1603 3257 1661 τοὺς
3307 1599 3489 1673 λόγους
3548 1598 3855 1675 ἀπόκροτοςο
3911 1601 3969 1653 οὐ
4028 1620 4179 1674 μονον

2576 1688 2678 1760 γὰρ
2732 1692 2824 1747 τὴν
2916 1688 3194 1764 πρεσϐείαν
3280 1688 3339 1741 οὐ
3392 1685 3726 1757 κατεδέξατο,
3776 1688 3903 1743 ἀλλά
3954 1696 4044 1743 καὶ
4094 1692 4181 1751 τὰς

2579 1774 2885 1852 ἀποκρίσεις
2922 1778 2981 1831 οὐ
3017 1781 3394 1852 προσηκούσας
3480 1778 3719 1833 ἐποιεῖτο.
3794 1779 3995 1852 Ἐγύσα
4076 1782 4176 1852 γὰρ

811 1865 1063 1924 ﬂaverat
1087 1882 1353 1941 namque
1410 1869 1646 1926 animos
1704 1886 1827 1927 non
1859 1870 2055 1927 solum
2095 1886 2233 1928 cum
2257 1870 2464 1929 Sicilia
2494 1878 2537 1937 Β

2416 1886 2464 1927 a
2494 1878 2537 1937 Β
2578 1868 2735 1922 αὐτὸν
2764 1868 2822 1921 οὐ
2852 1872 3004 1943 μόνον
3033 1872 3091 1921 τό
3119 1871 3202 1922 ἰπὶ
3226 1878 3298 1940 τῷ
3362 1868 3490 1943 ῥηγὶ
3534 1876 3626 1930 τῆς
3682 1868 3912 1932 Σικελίας
3957 1877 4029 1940 τῷ
4070 1876 4178 1924 Μα-

810 1970 950 2028 rege
988 1956 1314 2025 Manfredo,
1356 1958 1463 2015 sed
1502 1959 1681 2016 etiam
1721 1976 1860 2017 cum
1899 1959 2190 2018 Gulielmo
2228 1960 2464 2017 Achaia

810 2045 1079 2119 principe
1104 2051 1409 2105 contracta
1453 2048 1711 2106 affinitas
1732 2064 1744 2104 :
1765 2049 2066 2121 jamenim
2097 2055 2153 2107 et
2181 2050 2298 2108 hoc
2317 2065 2463 2124 quo-

2578 1963 2669 2035 φρε
2700 1959 2810 2031 (83)
2844 1954 3030 2026 κῆδος,
3061 1957 3189 2011 ἀλλὰ
3213 1963 3303 2011 καὶ
3333 1962 3393 2011 τὸ
3420 1957 3504 2012 ἐπὶ
3535 1966 3608 2030 τῷ
3634 1962 3882 2034 πρίγκιπι
3922 1959 4039 2030 (84)
4086 1966 4177 2020 τῆς

2576 2049 2807 2122 Ἀχαΐας
2848 2057 2922 2120 τῷ
2971 2047 3281 2121 Γου).ιίλμῳ·
3330 2045 3440 2107 ἤδη
3496 2051 3597 2120 γὰρ
3648 2053 3737 2102 καὶ
3787 2052 3882 2107 τὴν
3930 2051 4176 2107 τοιαύτην

2586 2139 2598 2155 .‘

2576 2139 2891 2212 ἀγχιστείαν
2948 2137 3303 2214 πεπλήρωκεν,
3362 2135 3624 2191 Ἐντεῦθεν
3671 2136 3872 2211 μεγάλα
3924 2156 3979 2190 τε
4035 2135 4179 2211 ippo-

810 2149 930 2208 que
942 2135 1397 2194 matrimonium
1419 2136 1774 2195 absolverat.
1798 2139 1940 2195 Hinc
1955 2139 2326 2212 horrendum
2345 2145 2464 2197 tur-

809 2238 948 2295 gere
988 2230 1042 2283 et
1089 2225 1260 2299 175
1303 2226 1444 2283 satis
1481 2227 1711 2284 tumide
1749 2227 2107 2286 ratiocinari.
2150 2232 2466 2303 Propterea

807 2313 1153 2372 Theodorus
1168 2316 1358 2373 Philes
1372 2317 1750 2374 sermonibus
1762 2318 1916 2374 illius
1930 2319 2094 2376 cordi
2108 2334 2217 2376 suo
2230 2318 2461 2390 dolens,

808 2408 866 2462 et
888 2402 1044 2462 illius
1059 2406 1365 2479 responsis
1379 2407 1583 2465 animo
1599 2408 2016 2477 discruciatus,
2039 2409 2117 2466 ad
2139 2410 2463 2483 imperato-

800 2510 930 2554 rem
948 2496 1301 2568 regreditur,
1330 2496 1480 2553 illud
1534 2496 1818 2555 defectori
1866 2499 2086 2557 fassus:
2116 2522 2145 2551 »
2182 2503 2257 2557 Te
2286 2501 2461 2558 stulte

803 2600 980 2657 agere
1010 2590 1102 2643 sat
1129 2586 1289 2655 novi,
1304 2586 2151 2662 ideoqueloquerisindecora.
2171 2593 2285 2649 Sed
2303 2594 2460 2651 scias

802 2677 983 2733 velim
1034 2681 1089 2734 te
1126 2693 1314 2750 quam
1353 2678 1634 2735 citissime
1672 2678 1857 2736 robur
1892 2681 2347 2753 imperatorium
2388 2703 2459 2746 ac

802 2769 1139 2824 Romanam
1176 2767 1450 2824 virtutem
1480 2773 1867 2841 experturum
1898 2786 1911 2838 ;
1944 2775 2001 2827 et
2026 2770 2282 2843 duceris,
2310 2775 2459 2834 dum

802 2856 949 2914 nulli
971 2857 1111 2913 usui
1140 2858 1265 2926 erit,
1311 2858 1679 2930 panitentia.
1721 2881 1749 2910 η
1794 2861 1893 2916 His
1932 2861 2104 2918 dictis
2143 2864 2221 2921 ad
2254 2882 2459 2937 regem

800 2947 1131 3018 revertitur,
1165 2946 1421 3005 stultitia
1460 2963 1584 3005 non
1622 2949 1878 3006 modica
1917 2951 2257 3011 Michaelcm
2296 2956 2461 3014 incu-

790 3052 966 3102 sans,
993 3036 1161 3111 quod
1180 3052 1256 3094 ne
1274 3034 1404 3095 leve
1432 3038 2071 3112 quidemimperatoris
2097 3044 2457 3117 postulatum

2410 3064 2457 3102 m
2573 3038 2903 3114 ἀϐελτηρίαν,
2954 3039 3035 3091 ὅτι
3080 3032 3219 3111 μηδὲ
3275 3037 3467 3109 μικράν
3518 3053 3636 3087 τινα
3690 3032 3957 3093 ἠϐουλήθη
4012 3032 4175 3107 βασε-

800 3125 1142 3199 expleverit,
1176 3126 1267 3184 vel
1297 3126 1507 3184 saltem
1532 3129 1986 3186 Constantinum
2017 3132 2457 3207 Chabaronem,

2409 3154 2457 3207 α,
2570 3128 2695 3193 λέως
2749 3128 2963 3193 ἀξίωσιν
3056 3124 3488 3193 ἀποπλήσασθαι,
3557 3121 3696 3198 μηδὲ
3748 3128 3835 3177 τόν
3878 3123 4174 3199 Χαϐάρωνα

800 3220 857 3273 et
884 3229 999 3287 me,
1024 3217 1127 3290 qui
1170 3217 1299 3273 hac
1348 3216 1565 3288 scribo,
1609 3217 1887 3276 servitute
1924 3219 2281 3290 liberaverit,
2320 3242 2460 3283 eum
2493 3242 2534 3298 ο

2411 3244 2460 3283 [η
2493 3242 2534 3298 C
2573 3226 2958 3273 Κωνσταντῖνον
3018 3216 3278 3270 ἀπολῦσαι
3350 3220 3440 3268 καὶ
3519 3212 3606 3287 ἔμε
3698 3214 3854 3267 αὐτὸν
3914 3217 4000 3267 τὸν
4054 3214 4176 3286 ξυγ-

2570 3312 2852 3384 γράφοντα,
2886 3312 2971 3362 τὸν
3030 3311 3119 3382 μὲν
3168 3308 3236 3369 ὡς
3293 3306 3773 3381 συνατεθραμμίνον
3842 3312 3914 3375 τῷ
3964 3301 4175 3377 βασιλέϊ

2570 3406 2660 3453 καὶ
2711 3398 2955 3462 πολλάκις
3023 3395 3466 3470 συνημιλλημένον
3541 3401 3939 3469 στρατιωτικοῖς
3991 3392 4175 3451 ἐπιτη-

2572 3486 2846 3563 δεύμασιν,
2872 3487 2957 3561 ἐμὲ
2988 3484 3047 3541 δε
3077 3489 3147 3550 ὡς
3177 3487 3243 3547 εἰς
3270 3481 3436 3547 κῆδος
3472 3491 3542 3546 τῷ
3610 3480 3823 3557 βασιλεί
3870 3482 4179 3547 ξυνελθόντα

2569 3583 2773 3640 καὶτῆς
2802 3579 3037 3650 συζύγου
3061 3579 3241 3651 γοερὸν
3296 3573 3623 3644 ἀναϐοώσης,
3682 3583 3782 3626 τῶν
3830 3569 4005 3627 ποδῶν
4040 3592 4177 3646 προ-

2569 3666 2971 3742 κυλινδουμένης
3018 3675 3109 3720 τοῦ
3157 3666 3557 3741 αὐτοκράτορος,
3624 3668 3715 3716 καὶ
3758 3672 3925 3717 ταῦτα
3970 3662 4178 3725 πλείους

2567 3768 2663 3813 τῶν
2696 3761 2863 3812 εἴκοσι
2892 3765 2986 3819 τῆς
3018 3757 3225 3832 εἱρκτῆς
3286 3754 3554 3815 λελυκότος
3613 3761 3705 3805 τοῦ
3756 3751 4037 3825 βασιλέως,
4088 3751 4179 3815 οὓς

2567 3848 2615 3902 ἐν
2646 3857 2718 3921 τῷ
2757 3850 2890 3901 κατὰ
2930 3848 2998 3900 τά
3045 3843 3262 3905 Βοδηνὰ
3308 3844 3511 3917 πολέμῳ
3572 3847 3797 3919 ζωγρίας
3834 3845 3861 3895 ό
3920 3841 4177 3915 βασιλεὺς

2567 3940 2725 3992 είλετο
2756 3941 2881 4013 πρὸς
2909 3945 3001 3990 τοῦ
3041 3934 3301 4010 βασιλέως
3367 3931 3647 4006 Θεοδώρου
3703 3932 4037 4003 ἀποσταλεὶς,
4102 3933 4175 3984 ὧν

2565 4031 2688 4082 ἔνιοι
2739 4034 2828 4082 καὶ
2880 4034 3175 4100 πρόαγε-νείς
3227 4027 3468 4098 ὑπῆρχον
3525 4032 3598 4096 τῷ
3671 4022 3962 4090 ἀποστάτη,
4014 4024 4065 4075 οἱ
4117 4018 4173 4076 δ’

2563 4118 2709 4172 me;
2740 4123 3075 4194 κρείττουςτε
3104 4115 3152 4168 ἐν
3185 4120 3411 4189 στρατιᾷ
3437 4118 3528 4167 καὶ
3583 4122 3683 4167 τῶν
3739 4113 3797 4165 ἐκ
3846 4118 4017 4186 γένους
4074 4131 4175 4166 πε-

2560 4218 2806 4285 ριφανῶν.
2863 4208 3014 4260 Οὕτω
3070 4209 3160 4279 μὲν
3226 4207 3287 4258 τά
3343 4213 3439 4266 τῆς
3488 4201 3764 4279 πρεσϐείας
3823 4201 4021 4278 προέϐη
4075 4209 4175 4263 τῆς

2561 4302 2690 4375 πρὸς
2746 4302 2834 4351 τὸν
2888 4296 3206 4353 ἀποστάτην·
3266 4296 3290 4346 ό
3342 4290 3400 4346 δε
3467 4291 3719 4367 βασιλεὺς
3757 4296 3848 4344 καὶ
3900 4294 4034 4367 πρὸς
4082 4295 4173 4344 τὸν

2559 4390 2702 4464 ῥῆγα
2746 4397 2844 4452 τῆς
2923 4386 3151 4448 Σικελίας
3224 4387 3312 4436 τὸν
3358 4386 3541 4457 Μαφρὶ
3595 4386 3684 4435 τόν
3730 4390 3822 4435 τοῦ
3865 4381 4174 4436 ἀποστάτου

2560 4478 2797 4555 γαμϐρόν
2854 4475 3133 4551 πρεσϐείαν
3191 4472 3383 4527 ἔστειλε
3436 4470 3530 4525 διὰ
3571 4480 3664 4525 τοῦ
3730 4470 3815 4525 ἐπὶ
3883 4480 3977 4525 τοῦ
4023 4491 4176 4524 κανε-

2561 4567 2732 4621 κλείου
2764 4567 2875 4639 (85)
2924 4568 3226 4639 Νικηφόρου
3251 4570 3343 4616 τοῦ
3375 4560 3683 4631 Ἀλυάττου,
3724 4562 3778 4614 ὄν
3816 4566 3907 4614 καὶ
3954 4569 4177 4633 κατεῖχε

2561 4658 2676 4733 μεθ’
2706 4657 2891 4711 ἑαυτοῦ
2921 4659 3073 4728 ἐγγύς
3115 4672 3216 4707 που
3271 4648 3370 4705 δύο
3425 4655 3567 4704 ἐτῶν·
3629 4659 3737 4705 πῶν
3788 4654 3890 4725 γὰρ
3940 4650 4001 4703 ἀν
4056 4648 4175 4723 εἶχε

2573 2247 2646 2282 νει
2677 2232 2769 2282 καὶ
2801 2230 3065 2304 ὑπέρογκα
3115 2224 3393 2300 διελέγετο.
3452 2226 3631 2280 Ἔνθεν
3678 2246 3758 2279 τοι
3810 2230 3898 2280 καὶ
3944 2228 3970 2279 ό
4025 2226 4178 2288 ψιλῆς

2574 2314 2844 2395 Θεόδωρος
2876 2317 3039 2371 πολλά
3068 2324 3179 2378 τοῖς
3234 2316 3402 2390 λόγοις
3452 2314 3678 2378 ἀνιαθεὶς
3730 2320 3821 2370 καὶ
3875 2314 4177 2391 βαρυαλγὴ-

2574 2426 2673 2473 σας
2700 2416 2816 2471 ταῖς
2844 2406 3159 2484 ἀπόκρίσεσι
3186 2410 3317 2482 πρὸς
3377 2408 3465 2458 τὸν
3506 2404 3592 2479 [Ρ.
3644 2406 3735 2478 91]
3784 2404 4010 2478 βασιῆα
4060 2407 4180 2459 ὑπέ-

2574 2519 2778 2577 στρεφε,
2810 2506 2963 2553 τοῦτο
2991 2501 3116 2571 πρὸς
3143 2501 3230 2550 τὸν
3270 2498 3573 2556 ἀποστάτην
3600 2496 3772 2553 εἰπών.
3814 2518 3843 2548 ε(
3893 2492 4036 2550 Οἶδα
4090 2498 4180 2569 μεν

2571 2596 2636 2654 ὡς
2656 2592 2989 2652 ἀνοηταίνεις,
3017 2592 3107 2641 καὶ
3131 2584 3225 2641 διὰ
3288 2596 3441 2640 τοῦτο
3493 2589 3690 2660 φθίγγη
3740 2588 3808 2640 τὰ
3861 2591 3932 2661 μή
3982 2591 4183 2661 προση-

2568 2702 2745 2736 κοντα.
2803 2679 2938 2734 Ἀλλ’
2986 2677 3095 2731 ἴσθ’
3148 2681 3213 2739 ὡς
3277 2680 3442 2749 τάχος
3519 2678 3817 2751 πειραθήση
3894 2674 4183 2749 βασιλικῆς

2574 2772 2764 2845 ἰσχύος
2789 2775 2877 2823 καὶ
2944 2766 3233 2841 Ῥωμαῖκῆς
3290 2763 3581 2840 δυνάμεως,
3639 2770 3728 2819 καὶ
3779 2771 3977 2839 γενηση
4027 2767 4183 2839 μετά-

2571 2862 2740 2935 μελος,
2774 2860 2857 2913 ὅτε
2888 2854 3039 2912 οὐδέν
3068 2876 3151 2911 σοι
3171 2860 3230 2910 τὸ
3287 2856 3482 2930 ὄφελος.
3542 2877 3570 2906 »
3628 2855 3789 2908 Ταῦτ’
3848 2856 4002 2909 εἰπὼν
4047 2858 4181 2929 πρὸς

2570 2949 2914 3024 τὸνβασιλέα
2941 2947 3170 3021 ἀφίκετο,
3226 2945 3420 3005 πολλὴν
3467 2948 3757 3017 καταγνοὺς
3809 2952 3900 2998 τοῦ
3952 2945 4177 3017 Μιχαὴλ

798 3308 1092 3379 tanquam
1118 3306 1225 3379 qui
1285 3322 1425 3363 cum
1478 3307 1836 3381 imperatore
1905 3310 2196 3368 enutritus
2226 3312 2458 3389 fuisset,

800 3408 1084 3470 saepeque
1095 3396 1445 3454 militaribus
1457 3397 1761 3454 industriis
1775 3415 1885 3455 con
1894 3405 2198 3470 certasset,
2213 3420 2299 3462 me
2315 3421 2459 3472 vero

795 3484 979 3543 veluti
1002 3484 1287 3543 afﬁnitate
1308 3501 1439 3543 cum
1462 3488 1817 3560 imperatore
1839 3489 2245 3565 conjunctum,
2266 3511 2458 3568 quan-

795 3572 875 3632 do
889 3579 947 3632 et
965 3589 1118 3632 uxor
1140 3575 1520 3650 lacrymabili
1536 3578 1761 3648 gemitu
1774 3578 1850 3635 ad
1877 3579 2059 3652 pedes
2078 3582 2454 3655 imperatoris

792 3663 1263 3736 provolveretur.
1308 3664 1423 3721 Sed
1451 3665 1755 3738 pracipue
1794 3667 1960 3739 quod
2000 3668 2335 3742 imperator
2375 3675 2454 3731 ab

789 3752 1153 3826 imperatore
1181 3754 1492 3811 Theodoro
1513 3754 1738 3811 missus
1760 3756 2080 3831 plerosque
2110 3760 2267 3817 bello
2290 3777 2453 3837 apud

795 3844 1068 3902 Bodenos
1107 3844 1376 3901 confecto
1414 3844 1597 3917 viros,
1641 3859 1902 3918 quorum
1942 3847 2127 3921 aliqui
2159 3853 2452 3921 sanguine

793 3932 1097 4005 conjuncti
1127 3938 1297 3989 erant
1316 3948 1454 3989 cum
1476 3932 1792 4003 defectore,
1831 3934 1929 3991 alii
1960 3951 2031 3991 ex
2052 3938 2311 3995 exercitu
2337 3957 2452 3997 ma-

793 4022 884 4095 gis
918 4021 1276 4096 spectabiles
1308 4027 1367 4078 et
1387 4038 1603 4093 genere
1634 4019 2020 4091 illiustriores,
2053 4042 2084 4082 e
2120 4043 2357 4086 carcere
2386 4029 2450 4086 li-

791 4111 1079 4171 berasset.
1103 4114 1169 4169 Et
1188 4113 1301 4169 hoc
1332 4112 1515 4168 modo
1537 4111 1755 4184 legatio
1782 4112 1859 4169 ad
1877 4113 2234 4172 defectorem
2264 4124 2450 4176 trans-

791 4203 980 4260 missa
991 4218 1053 4257 se
1066 4202 1296 4259 habuit.
1314 4205 1641 4275 Imperator
1652 4207 1969 4275 praterrea
1982 4205 2058 4260 ad
2073 4206 2447 4266 Manfredum

792 4292 1001 4351 Sicilia
1017 4290 1563 4362 regem,defectoris
1584 4306 1895 4361 generum,
1914 4293 1994 4349 ob
2012 4293 2290 4352 eamdem
2305 4314 2447 4355 cau-

791 4399 926 4441 sam
943 4383 1336 4456 Nicephorum
1360 4380 1625 4454 Alyatem
1642 4381 1908 4438 canicleo
1931 4384 2272 4455 prafectum
2289 4388 2449 4460 lega-

790 4477 917 4531 tum
948 4472 1134 4541 misit,
1154 4471 1232 4528 ab
1251 4486 1442 4544 eoque
1460 4486 1566 4543 per
1586 4470 1741 4527 duos
1765 4471 1885 4528 fere
1904 4488 2098 4529 annos
2114 4474 2443 4536 detentum.

792 4565 860 4620 Et
880 4578 1148 4636 quanam
1168 4560 1263 4617 ille
1281 4560 1510 4617 ratione
1529 4576 1600 4616 ex
1613 4560 1683 4657 iis
1696 4576 1838 4657 qua
1852 4577 2037 4657 quam
2056 4564 2446 4637 cupidissime
2487 4603 2531 4657 ι)

786 4649 1467 4726 expetebatimperator,
1504 4649 1689 4706 semel
1713 4650 1979 4707 Michaeli
2009 4652 2292 4712 defectori
2330 4658 2447 4715 col-

783 4742 1029 4814 ligatus,
1053 4747 1111 4798 et
1139 4741 1374 4814 potiora
1394 4756 1465 4797 ac
1495 4739 1735 4796 utiliora
1754 4740 1960 4797 animo
2002 4742 2168 4815 197
2198 4745 2310 4802 sibi
2335 4747 2449 4804 ﬁn-

2411 4766 2449 4804 ισ-
2560 4752 2650 4802 καὶ
2688 4747 2966 4822 πληρῶσαί
2994 4765 3047 4797 τι
3074 4751 3175 4796 τῶν
3207 4741 3469 4816 βασιλέως
3515 4740 3863 4814 βουλημάτων
3921 4740 4176 4803 καθάπαξ

785 4849 959 4906 gens,
978 4831 1265 4890 efﬁceret?
1286 4834 1465 4888 Porro
1485 4831 1813 4903 imperator
1838 4835 1895 4887 et
1922 4831 1999 4887 ad
2021 4833 2258 4891 Achaia
2289 4837 2450 4908 prin-

2406 4854 2450 4894 ι·
2559 4848 2632 4910 τῷ
2671 4837 2943 4894 ἀποστάτη
2998 4832 3218 4906 Μιχαὴλ
3280 4828 3543 4892 συνδεθεὶς
3607 4835 3698 4883 καὶ
3752 4829 3823 4891 εἰς
3876 4835 4171 4902 φαντασίαν

856 4925 953 4980 “D
988 4941 1001 4980 :
1033 4928 1136 4978 Καὶ
1164 4927 1397 5011 πρόςτον
1429 4919 1731 5011 ἀποστάτην
1844 4921 2073 5011 ﬁt)?!“
2111 4925 2374 5011 ςστείλατο
2395 4927 2673 5004 πρεσϐείαν
2711 4924 2809 5011 du)
2833 4935 2925 4981 τοῦ
2946 4925 3071 5011 stula
3138 4919 3439 5011 Θεοδώρου,
3496 4920 3670 5009 πολλὰ,
3706 4916 4018 5009 ὑπενδιδους
4049 4929 4171 5010 ,τῶν

781 5001 1152 5073 προσηκόντων
1179 4993 1496 5082 ἄστεωνβαὶ
1523 5002 1739 5082 χωρῶν.
1782 4993 1917 5081 Ἀλλ’
1949 4993 2010 5055 ἧν
2039 4999 2171 5069 πρὸς
2195 5001 2288 5060 τὰς
2314 4993 2615 5082 ἀποκρίσεις
2643 5000 2914 5082 σκληρόςὴο
2941 5000 3109 5082 έφύρα
3128 4999 3238 5082 ἔάξ
3274 4993 3428 5082 an;be
3497 4993 3570 5080 ad.
3610 4997 3786 5081 μόνον,
3804 4996 3885 5082 ⁵τὸ
4033 4993 4171 5082 ξηγὶ

781 5064 1010 5132 Σικελίας
1048 5072 1267 5144 Μαμφρε
1295 5064 1480 5131 κῆδος,
1512 5064 1640 5120 ἀλλά
1659 5070 1749 5119 καὶ
1772 5085 1828 5120 το
1852 5069 1936 5119 ἰπὶ
1966 5076 2037 5139 τῷ
2064 5064 2103 5121 π
2142 5074 2317 5141 ίγγιπι
2339 5064 2569 5144 Ἀχᾶίας
2596 5081 2669 5145 τῷ
2691 5064 3004 5145 Γούλιίλμῴ.
3034 5068 3092 5121 '0
3115 5064 3174 5123 δὲ
3203 5064 3449 5141 βασιλεὺς
3477 5064 3619 5188 πρὸς
3637 5069 3725 5117 τὸν
3760 5064 3905 5153 ρῆγα
3931 5064 4170 5127 Σικελίας

781 5144 865 5188 τὸν
896 5144 1111 5188 ﬂammai
1131 5146 1219 5188 τὸν
1247 5148 1337 5188 τοῦ
1372 5138 1673 5188 ἀποστάτου
1697 5136 1933 5188 σναιιϐοὸν
1954 5088 2197 5188 «Magn:
2218 5142 2410 5188 Eant):
2436 5141 2528 5188 διὰ
2552 5152 2646 5188 τοῦ
2684 5143 2973 5188 κανιιλιίου
3002 5145 3304 5188 Νεκῃωόοου
3335 5146 3427 5188 τοῦ
3455 5138 3511 5188 Ἀ
3548 5140 3730 5188 υάτου.
3755 5158 3808 5188 ον
3830 5141 3921 5188 καὶ
3950 5144 4170 5188 κατείγε

779 5144 865 5194 τόν
892 5144 1111 5217 Μαμφρὶ
1131 5136 1221 5194 τόν
1247 5148 1337 5194 τοῦ
1372 5138 1673 5217 ἀποστάτου
1697 5136 1933 5212 γαμϐρόν
1954 5136 2529 5213 πρέσϐείςῖστειλῗδιά
2552 5136 2649 5198 τοῦ
2684 5136 2983 5217 κανικλεῖουΑ
3001 5136 3742 5217 ικηφόρου-τοῦ-ξΑλιυάτουᾷ
3755 5136 3808 5190 ὃν
3830 5141 3921 5190 καὶ
3950 5144 4172 5209 κατεῖχε

778 5198 916 5290 μεθ’ῗή
934 5198 1119 5270 έάυτοῦ
1151 5215 1301 5289 ἐγγύς
1340 5231 1440 5267 που
1471 5207 1569 5265 δύο
1606 5198 1751 5269 ἐτῶν.
1770 5198 1889 5265 ’Κάὶ
1918 5198 2049 5288 πρός
2068 5218 2153 5268 τὸν
2181 5198 2451 5289 πρίγγιπα
2476 5216 2704 5291 Ἀχαίας
2733 5198 3330 5293 διεπρεσϐώσατόο’ἀλλ’
3350 5206 3475 5266 ουδὶ
3498 5206 3648 5273 οὗτος
3666 5204 3785 5275 εἶξε·

1673 5336 2019 5406 Theodori
2075 5339 2326 5409 Dousa
2374 5351 2442 5411 et
2484 5341 2740 5414 Leonis
2788 5342 3023 5412 Allatii
3059 5350 3264 5411 nota.

2625 5481 2744 5557 (85)
2776 5478 3132 5557 ξςριντῳςλςίου.
3185 5473 3477 5557 (ζαηίςιςί,
3501 5472 3857 5557 praefectura
3875 5473 4005 5557 erat
4031 5486 4170 5554 ma:

2551 5546 2673 5624 gna
2701 5546 2878 5611 valde
2908 5548 3385 5625 dignitasppoli.
3420 5546 3560 5625 Vide
3605 5546 3885 5625 omnin9_
3928 5546 4171 5601 Meursii

2548 5614 2943 5690 Glossarium,
2961 5614 3018 5683 Et
3047 5614 3271 5681 adhibé
3291 5622 3792 5692 Cantacuzenum,
3823 5614 3932 5677 lib.
3961 5632 4004 5688 ι,
4022 5632 4167 5691 cap.

2550 5701 2617 5758 14
2655 5717 2671 5772 ;
2704 5702 2762 5760 et
2786 5697 2889 5758 lib.
2922 5713 2999 5768 ιν,
3022 5699 3109 5755 40.
3152 5698 3367 5756 Dousa.

850 5479 962 5555 (33)
1000 5485 1085 5552 Τῷ
1122 5479 1260 5557 ρηγέ
1288 5481 1385 5557 τῆς
1444 5472 1681 5557 magna;
1736 5478 2060 5557 τῷμΜαερρέ.
2124 5477 2438 5549 Gregoras,

776 5548 881 5612 lib.
902 5548 984 5620 ni,
1012 5548 1075 5625 p'.
1106 5548 1673 5625 7‘1.Pachyﬁmerius,
1706 5562 1768 5620 p.
1804 5551 1889 5605 82.
1928 5548 2067 5608 ALL.

850 5626 966 5696 (84)
997 5623 1387 5699 Τῷ-Χρίγγιπι.
1418 5624 1820 5699 It_erum_pura
1858 5625 2028 5699 iputa
2065 5637 2185 5699 vox
2208 5623 2434 5699 Latius,

775 5691 1011 5776 δριγέιγ
1050 5691 1179 5753 sive
1218 5691 1487 5776 ’Πρίγκρψ
1533 5691 1969 5776 Maccius-T231»
2013 5696 2261 5772 Φρώηων
2309 5691 2434 5776 ῥα

763 5766 1156 5833 Francorum
1206 5766 1337 5837 rea},
1364 5766 1490 5841 etc,
1531 5766 1728 5827 Dousa
1764 5807 1781 5827 .
