4470 6452
808 399 943 453 1195

2063 390 2345 446 GEORGII
2382 390 2863 448 ACROPOLIT/E.

4030 400 4159 453 H96

798 521 1018 594 liphas,
1041 521 1243 576 uxoris
1261 519 1554 576 Michaelis
1567 515 1879 572 defectoris
1906 514 2099 577 frater,
2138 513 2457 568 audentius
2495 519 2536 569 A

2393 529 2457 567 us
2495 519 2536 569 Α
2569 514 2739 585 ὥσπερ
2762 520 2897 577 τινος
2949 516 3147 585 ξίφους,
3189 512 3318 568 ὁδον
3368 520 3537 589 ἔργον,
3602 522 3701 569 Καὶ
3760 519 3785 568 6
3846 520 4158 593 Πετραλίφας

804 625 1029 681 equum
1060 609 1301 665 calcans
1329 608 1432 663 ubi
1471 607 1603 662 loca
1643 608 1948 676 praerupta
2004 601 2247 655 obviam
2300 602 2457 656 facta

808 704 967 764 sunt,
1004 699 1129 770 ipse
1200 702 1256 752 et
1310 712 1501 769 equus
1542 691 1893 766 praecipitati
1948 691 2129 744 vitam
2181 704 2452 761 posuere.

808 787 1135 858 Fugatique
1148 790 1286 841 sunt
1300 784 1376 840 ad
1390 783 1664 856 proprios
1678 779 1998 835 conﬁnium
2017 778 2312 840 terminOs,
2333 778 2454 831 sive

806 881 1040 930 montes
1064 878 1394 945 Pyrenaeos,
1420 872 1519 943 qui
1550 876 1805 926 veterem
1838 875 1893 922 et
1943 884 2163 922 novam
2213 867 2453 936 Epirum

803 980 841 1019 a
859 969 1064 1019 nostra
1076 964 1399 1033 Graecaque
1421 957 2112 1029 regionedisterminant.
2155 956 2302 1010 Cum
2325 955 2452 1009 haec

801 1052 884 1108 ita
926 1052 1281 1114 evenissent,
1332 1050 1645 1105 occasione
1712 1051 1956 1115 sumpta
2013 1044 2452 1098 sebastocrator

801 1140 1182 1195 auxiliarium
1204 1138 1540 1193 cohortium
1567 1134 1841 1205 praesidio
1864 1134 2168 1201 regionem
2192 1148 2446 1185 vacuam

798 1227 1279 1299 deprehendens,
1303 1226 1361 1280 in
1378 1224 1605 1296 oppida
1629 1239 1764 1295 quaa
1782 1223 1841 1276 in
1868 1238 1936 1276 ea
1952 1226 2136 1279 erant,
2158 1220 2448 1289 impetum

794 1316 952 1372 facit.
970 1318 1032 1369 Et
1045 1316 1304 1386 primum
1318 1312 1565 1384 quidem
1581 1310 1920 1372 Achridam,
1937 1324 2121 1380 quam
2157 1306 2448 1373 Bulgaria:

795 1404 1380 1475 archiepiscopatum
1411 1416 1546 1455 esse
1578 1404 1797 1454 norunt
1823 1412 2053 1463 omnes,
2079 1412 2283 1450 secum
2331 1410 2449 1450 una

795 1498 852 1548 ct
867 1492 1022 1547 illius
1050 1490 1572 1561 archiepiscopum
1615 1486 2067 1541 Constantinum
2102 1482 2445 1537 Cabasilam

795 1582 1045 1645 ducens,
1068 1578 1391 1634 contendit.
1427 1575 1728 1633 Cabasilas
1757 1590 1936 1646 porro
1976 1573 2054 1627 ab
2085 1573 2445 1643 imperatore

792 1668 1104 1724 Theodoro
1135 1671 1261 1722 erat
1282 1666 1604 1735 sejunctus,
1636 1669 1923 1733 tanquam
1974 1660 2076 1732 qui
2128 1663 2444 1729 suspectus

793 1756 875 1812 illi
887 1756 1167 1811 foretnon
1184 1769 1361 1825 inquo
1374 1754 1433 1807 in
1450 1751 1770 1823 imperium
1787 1749 1988 1805 animo
2002 1764 2153 1803 esse.
2173 1746 2445 1817 Namque

2569 600 2626 654 δε
2671 600 2941 675 Θεόδωρος
2998 605 3022 655 6
3073 604 3519 673 αὑτοκασιγνητος
3585 612 3675 664 τῆς
3729 614 3819 657 του
3865 605 4158 661 ἀποστάτου

2567 692 2789 762 Μιχαὴλ
2844 693 3097 762 συζύγου,
3158 695 3474 766 θρασυτέρον
3552 692 3736 755 ἐπιϐὰς
3803 698 3985 761 ἰππου,
4054 697 4157 749 ἐπει

2566 780 2776 850 ἐνέτυχε
2806 778 3103 855 κρημνώδει
3132 786 3295 851 τόπῳ,
3325 782 3480 842 αὐτὸς
3526 801 3579 833 τε
3627 788 3716 834 καὶ
3778 785 3803 834 6
3863 786 4013 845 ἵππος
4071 806 4156 837 κα-

2566 868 2926 932 ταϐέϐληνται,
2970 875 3057 921 xui
3092 872 3244 941 ἄμφω
3290 869 3575 927 ἀπωλοντο.
3627 872 4023 931 Συνεστάλησαν
4074 872 4155 925 οὖν

2564 963 2726 1029 μέχρι
2783 968 2879 1008 τὼν
2935 959 3133 1009 οἰκείων
3192 961 3339 1029 ὅρων,
3390 960 3481 1011 εἶτ’
3530 959 3615 1011 οὖν
3666 968 3767 1011 τῶν
3822 961 4154 1035 Πυρρηναίων

2564 1047 2713 1119 ὀρων,
2747 1048 2780 1097 ά
2811 1044 2876 1103 δὴ
2913 1044 3135 1120 διορίζει
3163 1052 3255 1105 τὴν
3299 1048 3520 1099 παλαιάν
3575 1068 3629 1100 τε
3672 1055 3760 1100 xui
3808 1054 3921 1101 νέαν
3972 1051 4154 1104 Ἠπει-

2560 1154 2647 1206 ρον
2679 1133 3204 1205 τῆςῈλληνιδοςκαὶ
3243 1138 3495 1209 ἡμετέρας
3546 1145 3662 1206 γῆς.
3712 1137 3852 1189 Ἐπεὶ
3919 1135 3977 1190 δὲ
4036 1148 4155 1191 ταῦ-

2561 1243 2625 1274 τα
2653 1224 2815 1284 οὕτως
2850 1224 2933 1275 ἐπὶ
2991 1228 3194 1284 τούτοις
3250 1224 3453 1289 ξυνέϐη,
3498 1221 3679 1286 ἀδείας
3726 1228 3751 1276 6
3806 1225 4153 1301 σεϐαστοκρά-

2559 1332 2659 1385 τωρ
2720 1309 3058 1385 δραξάμενος,
3109 1316 3298 1384 ἔρημον
3358 1315 3515 1385 εὑρὼν
3601 1323 3692 1374 τῆς
3776 1312 4153 1386 ἐπικουρουσης

2557 1406 2650 1457 την
2672 1408 2853 1471 χώραν
2899 1398 3182 1472 δυνάμεωςν
3226 1404 3361 1452 κατὰ
3407 1410 3505 1452 τῶν
3559 1400 3607 1452 ἐν
3656 1401 3786 1473 αὐτῇ
3822 1404 4018 1454 οῖστεων
4062 1410 4154 1466 τὰς

2556 1490 2720 1561 ὁρμὰς
2768 1487 3007 1542 ἐποιεῖτο.
3072 1494 3169 1541 Καὶ
3225 1498 3427 1561 πρῶτον
3505 1493 3594 1560 μὲν
3663 1488 3820 1562 ἀπῄει
3904 1490 3988 1543 ἐπὶ
4060 1498 4150 1551 τὴν

2555 1573 2810 1646 Ἀχρίὸα,
2859 1578 2918 1634 ἢν
2966 1583 3054 1627 καὶ
3109 1577 3529 1649 ἀρχίεπισκοπην
3584 1578 3901 1653 Βουλγαρίας
3925 1582 3975 1631 οἱ
4023 1584 4147 1632 πάν-

2554 1684 2636 1724 τες
2661 1661 2893 1729 οῖδασιν,
2938 1669 3073 1736 ἔχων
3114 1665 3224 1737 μεθ’
3286 1666 3471 1717 ἑαυτου
3523 1672 3612 1717 xui
3663 1670 3749 1717 τὸν
3807 1666 4151 1739 ἀρχιεπίσκο-

2952 1758 3036 1805 τὸν
3098 1753 3398 1806 Καϐασιλαν
3491 1761 3894 1817 Κωνσταντῐνον,
3962 1756 4015 1817 ὃς
4091 1753 4148 1813 ἦν

2553 1772 2646 1803 πον
2698 1758 2893 1815 ταύτης
2952 1758 3036 1805 τὸν
3098 1758 3398 1806 Καϐασιλαν
3491 1761 3894 1819 Κωνσταντῐνον,

791 1846 1002 1901 fratres
1035 1844 1189 1899 illius
1211 1841 1483 1911 germani
1524 1844 1778 1895 Joannes
1820 1846 1874 1893 et
1917 1837 2263 1893 Theodorus
2304 1852 2439 1889 cum
2476 1858 2515 1911 Β
2551 1866 2556 1873 ι

2384 1853 2439 1889 Π]
2476 1858 2515 1911 Β
2551 1848 2679 1915 πρὸς
2717 1853 2806 1894 του
2864 1843 3118 1916 βασιλέως
3174 1841 3453 1918 Θεοδωρου
3498 1850 3914 1918 κατισχημένος.
3972 1854 4146 1917 Ύφεω-

791 1933 1069 1989 Michaele
1087 1932 1385 1987 defectore
1406 1930 1589 1985 vitam
1610 1928 1889 1997 agebant.
1918 1926 2269 1981 Theodorus
2293 1925 2443 1979 inter

789 2024 946 2080 illius
978 2038 1251 2096 proceres
1278 2024 1767 2083 connumeratus,
1790 2020 2049 2072 Joannes
2075 2016 2192 2070 fere
2240 2031 2440 2069 rerum

788 2114 1229 2179 universarum,
1243 2109 1621 2182 publicarum
1635 2122 1850 2177 nempe
1864 2122 1933 2161 ac
1946 2104 2437 2165 domesticarum,

788 2202 1169 2257 dominatum
1198 2214 1308 2270 pro
1334 2204 1482 2252 nutu
1513 2212 1699 2264 agens
1724 2195 2060 2265 ferensque.
2094 2193 2180 2248 Ob
2203 2193 2351 2255 haec,
2378 2199 2442 2247 ut

788 2291 1065 2357 diximus,
1078 2287 1423 2343 Theodorus
1438 2286 1754 2357 imperator
1769 2299 1888 2338 non
1902 2282 2222 2337 admodum
2248 2280 2439 2335 archi-

789 2380 1073 2453 episcopo
1084 2377 1323 2433 ﬁdebat.
1340 2374 1849 2430 Verumenimvero
1866 2372 2103 2427 Michael
2121 2372 2440 2441 imperator

789 2469 983 2538 magis
1008 2467 1189 2521 libere
1209 2481 1280 2521 ac
1314 2465 1571 2533 ingenue
1592 2479 1685 2517 res
1715 2467 2102 2533 pertractans,
2128 2465 2181 2513 et
2200 2459 2439 2514 Numini

790 2558 1122 2614 maximam
1146 2555 1225 2611 ab
1263 2555 1396 2626 ipso
1421 2558 1725 2625 gestorum
1775 2556 2005 2622 partem
2066 2556 2169 2605 aut
2221 2555 2437 2604 cuncta

790 2646 1117 2710 ascribens,
1144 2642 1735 2714 archiepiscopo,qui
1759 2647 1884 2695 tum
1900 2639 2435 2694 sebastocratorem

786 2734 1169 2807 sequebatur,
1199 2737 1552 2803 potestatem
1603 2729 1679 2784 ad
1740 2745 1850 2783 sua
1910 2727 2237 2783 revertendi
2278 2726 2432 2780 fecit.

782 2830 989 2896 Itaque
1024 2839 1161 2877 cum
1189 2820 1512 2876 Achridam
1542 2818 1970 2890 pervenissent,
2022 2822 2084 2871 ut
2150 2816 2432 2881 diximus,

780 2913 1220 2969 sebastocrator
1248 2908 1532 2964 militares
1557 2907 1871 2962 machinas
1903 2906 2077 2975 178
2101 2906 2159 2959 in
2189 2921 2290 2959 eos
2305 2921 2433 2959 mo-

775 3018 932 3065 vere,
947 2998 1435 3070 archiepiscopus
1450 3012 1719 3051 sermone
1735 2994 2081 3049 alliciendos
2096 3009 2223 3047 esse
2239 2992 2431 3047 existi-

774 3093 1081 3146 mare.Nec
1101 3086 1361 3142 multum
1396 3091 1531 3156 post
1557 3091 1792 3154 tempus
1806 3083 2063 3137 Achrida
2084 3082 2250 3152 potiti
2269 3086 2425 3135 sunt.

771 3184 835 3235 In
860 3195 932 3235 ea
955 3178 1137 3233 rebus
1162 3176 1604 3231 sebastocrator
1634 3178 1790 3227 recte
1830 3172 2176 3242 composnis
2200 3170 2428 3225 Deabo-
2459 3205 2497 3258 Ο

766 3269 869 3325 lim
893 3266 1236 3340 petit,cujus
1258 3278 1452 3319 arcem
1470 3261 1755 3317 omnibus
1780 3260 2078 3315 machinis
2096 3260 2206 3313 sibi
2230 3259 2422 3313 adsci-

766 3373 928 3413 scere
959 3355 1345 3411 constituerat
1378 3397 1389 3418 ,
1421 3368 1610 3423 quare
1642 3356 1935 3405 tormenta
1962 3349 2253 3417 admovit,
2279 3348 2423 3402 arie-

768 3452 855 3503 tes
881 3444 1179 3507 instruxit,
1214 3441 1526 3497 machinas
1557 3440 1753 3494 omnis
1777 3439 2011 3510 generis
2033 3437 2344 3509 applicuit,
2370 3442 2426 3491 et

766 3529 1621 3607 frequentibusirruptionibus
1639 3528 1927 3582 infestans
1941 3527 2130 3580 modis
2145 3526 2421 3580 omnibus

766 3624 878 3679 sibi
903 3622 1197 3694 oppidum
1215 3617 1695 3690 expugnandum
1721 3621 2137 3688 proposuerat.
2191 3617 2253 3669 lit
2277 3631 2423 3670 sane

765 3729 905 3769 eum
938 3728 1075 3783 spes
1101 3725 1222 3764 non
1246 3707 1478 3763 fefellit:
1507 3705 1710 3760 multis
1737 3706 1897 3760 enim
1922 3704 2243 3775 oppidanis
2268 3704 2423 3758 occi-

764 3802 863 3864 sis,
888 3817 1009 3856 non
1037 3798 1247 3871 paucis
1270 3812 1410 3851 vero
1425 3795 1679 3850 telorum
1702 3793 1917 3848 ictibus
1939 3793 2251 3856 confossis,
2293 3792 2421 3846 reli-

761 3890 867 3963 qui
896 3889 1177 3945 demissis
1192 3885 1408 3941 animis
1427 3885 1667 3951 (natura
1680 3882 1903 3954 quippe
1921 3881 1997 3936 ad
2023 3881 2304 3936 tutandas
2329 3898 2423 3935 ur-

758 3981 867 4037 bes
906 3978 1159 4035 occidua
1192 3976 1353 4031 natio
1395 3973 1629 4029 mollior
1650 3972 1905 4040 exsistit)
1946 3971 2258 4026 Dcabolim
2296 3988 2417 4025 non

759 4067 1272 4126 contemnendum
1324 4062 1619 4135 oppidum
1670 4060 2127 4117 sebastocratori
2168 4059 2418 4114 dedide-

756 4166 895 4215 runt
922 4177 936 4227 ;
968 4164 1025 4214 et
1054 4157 1339 4212 universa
1377 4153 1535 4208 circa
1578 4168 1650 4206 ea
1683 4150 1909 4222 oppida
1941 4150 2123 4218 regio,
2176 4166 2410 4204 necnon

2549 1939 2675 2003 ρατο
2705 1936 2805 2005 γὰρ
2834 1933 3098 1984 ἇπάὐτου
3148 1938 3217 2004 μὴ
3272 1933 3424 2007 ὀρθὸς
3467 1930 3595 1984 εἶναι
3641 1939 3757 2005 περὶ
3809 1941 3916 1992 τὴν
3976 1933 4147 2007 ἀρχὴν

2547 2025 2638 2077 την
2663 2020 2948 2093 βασιλειον·
2980 2023 3028 2072 οῖ
3053 2041 3107 2073 τε
3134 2025 3235 2094 γὰρ
3295 2018 3611 2094 αὖτάδελφοι
3672 2023 3833 2074 αὐτοῦ
3876 2028 4004 2094 μετὰ
4061 2032 4149 2075 τοῦ

2550 2107 2849 2161 ἀποστάτου
2904 2109 3192 2181 ἐτύγχανον
3248 2110 3489 2181 Μιχαὴλ,
3551 2113 3577 2162 ὅ
3624 2130 3677 2162 τε
3741 2110 3983 2173 Ἰωάννης
4063 2117 4149 2163 καὶ

2549 2195 2844 2270 Θεόδωρος,
2872 2206 2960 2250 καὶ
2992 2201 3016 2249 6
3068 2198 3157 2271 μὲν
3186 2196 3459 2272 Θεόδωρος
3522 2202 3893 2273 συνηριθμεῖτο
3950 2209 4055 2260 τοίς
4102 2201 4148 2252 ἐν

2549 2287 2689 2356 αὑτῲ
2722 2292 3071 2361 προῦχουσιν,
3106 2290 3131 2338 6
3191 2284 3247 2340 δε
3307 2288 3542 2348 Ἰωάννης
3602 2285 3800 2359 σχεδὸν
3854 2298 3953 2340 τῶν
3989 2290 4147 2341 αὑτοῦ

2547 2378 2868 2448 πραγμάτων
2892 2382 2985 2433 την
3013 2373 3319 2428 δεσποτείαν
3384 2380 3545 2448 ἔφερε,
3604 2379 3669 2428 τά
3722 2397 3775 2429 τε
3840 2381 3988 2429 κοινὰ
4044 2374 4147 2429 διέο

2545 2486 2652 2517 πων
2684 2471 2772 2516 καὶ
2802 2469 2865 2516 τα
2895 2468 3012 2515 κατ’
3055 2462 3212 2519 οἷκον.
3270 2469 3364 2516 Διά
3418 2474 3604 2531 ταυτα,
3663 2468 3732 2527 ὡς
3790 2470 3995 2539 ἔφημεν,
4053 2468 4146 2518 οὐκ

2544 2554 2747 2627 εοάρρει
2789 2556 2814 2604 6
2883 2551 3133 2626 βασιλεὺς
3190 2550 3456 2626 Θεόδωρος
3502 2564 3574 2624 τῷ
3634 2554 3892 2629 ἀρχιερεῖ.
3944 2555 4081 2607 Ἀλλ’
4120 2558 4145 2607 6

2546 2642 2793 2715 βασιλεὺς
2827 2643 3041 2713 Μιχαὴλ
3093 2643 3483 2716 ἐλευθερώτερον
3536 2652 3640 2703 τοῖς
3691 2647 3968 2718 πράγμασι
4000 2652 4145 2717 χρώ·-

2541 2751 2707 2801 μενος,
2740 2737 2829 2783 καὶ
2857 2740 2969 2801 Θεῷ
2998 2737 3056 2783 τὸ
3111 2733 3279 2784 πλεῖον
3346 2742 3445 2784 τῶν
3493 2738 3858 2805 πραττομένων
3906 2735 4045 2804 αὗτῳ
4113 2737 4140 2793 ὃ

2542 2827 2628 2873 καὶ
2691 2826 2748 2873 τὸ
2806 2829 2904 2872 πᾶν
2959 2820 3210 2895 ἀναρτων,
3254 2822 3539 2895 ἐλευθερίαν
3596 2831 3666 2874 τῶ
3736 2822 4145 2895 ἀρχιεπισκόπῳ

2542 2907 2767 2961 δέδωκεν
2828 2911 2894 2970 εἱς
2942 2916 3035 2968 τὴν
3092 2911 3256 2962 αὐτου
3340 2910 3641 2983 ἀφικέσθαι,
3703 2918 3792 2963 xui
3878 2919 4145 2966 συνείπετο

2538 2998 2684 3057 οὗτος
2742 3007 2812 3067 τῷ
2863 2996 3323 3072 σεϐαστοκράτορι.
3379 2999 3700 3059 Ἐπελθοντες
3758 2997 3847 3051 οὖν
3922 3001 3988 3060 εἰς
4048 3006 4143 3059 τὴν

2538 3083 2791 3158 Ἀκρίδα,
2825 3090 2889 3146 ως
2933 3090 3140 3158 ἔφημεν,
3204 3088 3228 3137 6
3277 3091 3365 3157 μεν
3417 3086 3853 3161 σεϐαστοκράτωρ
3915 3093 4004 3149 τὰς
4052 3110 4142 3141 πο-

2536 3174 2748 3245 λεμικάς
2778 3178 3023 3247 μηχανὰς
3053 3176 3170 3227 κατ’
3225 3175 3391 3227 αὐτῶν
3446 3178 3621 3245 ἐκίνει,
3689 3179 3713 3227 6
3783 3174 3842 3229 δε
3892 3177 4136 3249 ἀρχιεπί-

2540 3282 2728 3323 σκοπος
2763 3263 2937 3333 λόγοις
2994 3260 3305 3315 υπενδουναι
3358 3263 3651 3337 ὑπείληφεν.
3713 3265 3793 3316 Ἐν
3853 3266 3911 3317 οὐ
3970 3267 4139 3337 πολλῷ

2534 3361 2658 3423 γοῦν
2687 3360 2863 3426 χρονῳ
2896 3354 3025 3405 ἑάλω
3053 3354 3168 3425 (90)
3228 3358 3352 3427 πρὸς
3419 3355 3586 3405 αὐτῶν
3643 3357 3672 3411 ἡ
3735 3355 3948 3427 Ἀχρίς.
3998 3357 4142 3410 Ἐπεὶ

2536 3440 2595 3495 δὲ
2638 3447 2702 3495 τά
2750 3444 2914 3496 ἐκεῖσε
2968 3444 3134 3505 καλῶς
3194 3447 3218 3496 6
3282 3443 3715 3518 σεϐαστοκράτωρ
3776 3443 3997 3513 διέθετο,
4056 3448 4141 3499 ἐπὶ

2534 3538 2627 3590 την
2682 3533 2919 3585 Δεάϐολιν
2974 3537 3213 3605 ὥρμησεν
3267 3540 3356 3585 καὶ
3399 3554 3455 3585 το
3499 3543 3595 3594 τως
3646 3535 3929 3597 Δεαϐολεως
3999 3538 4139 3589 ᾱίστυ

2534 3628 2863 3693 μηχαημασι
2928 3629 3190 3682 παντοίοις
3272 3625 3725 3694 παραστήσασθαι
3786 3623 4136 3681 ἐϐεϐούλευτο,

3738 3719 3827 3764 xui
3884 3719 4139 3785 μηχανὰς

2533 3805 2779 3861 παντοίας
2811 3806 3080 3858 πεποίηκε.
3128 3806 3217 3851 xui
3265 3809 3504 3871 συνεχεῖς
3551 3798 3772 3872 ἐφόδους
3824 3799 4138 3873 διεπράττε-

2539 3718 2635 3762 Kui
2667 3711 2807 3773 ἔταξε
2829 3720 2995 3762 ταυτα
3024 3716 3121 3763 xui.
3159 3711 3412 3773 ἑλεπόλεις
3458 3715 3670 3771 ἔστησε,

2530 3908 2609 3951 το,
2642 3894 2724 3940 καὶ
2754 3894 3007 3951 παντοίως
3034 3895 3126 3947 την
3174 3898 3265 3941 τοῦ
3324 3892 3524 3951 οἱστεως
3567 3890 3761 3943 ἅλωσιν
3814 3896 4136 3963 γεγενῆσθαι

2532 3979 2806 4050 προείλετο.
2852 3985 2951 4031 Καὶ
2983 3986 3084 4049 μην
3135 3985 3223 4031 καὶ
3280 3982 3417 4031 κατὰ
3475 3985 3668 4031 σκοπὸν
3726 3980 3867 4051 αὑτῲ
3933 3983 4129 4056 προέϐη

2527 4069 2585 4116 τὸ
2635 4073 2872 4138 πρᾶγμα·
2934 4066 3128 4118 πολλῶν
3180 4069 3281 4141 γὰρ
3359 4076 3457 4118 τῶν
3534 4066 3675 4129 έντὸς
3748 4076 4132 4142 πεφονευμένων

2525 4161 2615 4204 τοῦ
2642 4155 2853 4213 ἄστεως.
2897 4154 2989 4205 οὐκ
3030 4154 3216 4225 ὀλίγων
3256 4151 3313 4206 δὲ
3372 4160 3459 4206 καὶ
3511 4163 3625 4217 ταῖς
3675 4154 3863 4228 βολαῖς
3908 4166 4025 4219 ταις
4074 4158 4131 4210 ἐκ

754 4253 997 4321 Prespa,
1026 4244 1366 4315 Pelagonia,
1385 4246 1620 4307 Soscus,
1650 4240 1945 4312 Molyscus
1979 4241 2091 4294 sub
2121 4246 2409 4311 potestate
2442 4249 2486 4302 Ι)

2359 4246 2409 4294 te
2442 4249 2486 4302 D
2522 4251 2619 4293 των
2683 4252 2869 4295 οἰστῶν
2926 4244 3315 4315 πεπληγμένων,
3373 4246 3421 4295 οἰ
3480 4244 3625 4297 ἄλλοι
3711 4245 4124 4317 μαλακισθέντες

753 4342 1145 4396 Romanarum
1211 4334 1417 4387 virium
1480 4331 1735 4386 redactae
1795 4328 2071 4384 Romanis
2129 4330 2408 4383 obnoxice

2365 4348 2408 4383 [Β
2523 4336 2822 4405 ιφύσειγαρ
2861 4334 3092 4405 ὑπάρχει
3140 4338 3198 4385 τὸ
3251 4330 3465 4385 ὃυτικόν
3505 4339 3643 4405 γένος
3696 4340 3827 4409 πρὸς
3884 4337 4130 4407 φυλάξεις

750 4430 921 4485 factae
954 4430 1110 4482 sunt.
1141 4420 1609 4479 Occidentalium
1645 4419 1870 4491 quippe
1904 4419 2163 4490 partium
2195 4418 2407 4473 incolae

747 4520 830 4576 ita
850 4517 973 4573 nati
1002 4520 1140 4570 sunt
1172 4519 1233 4568 ut
1271 4511 1554 4567 omnibus
1586 4509 2055 4581 praepotentibus
2107 4508 2261 4562 facili
2305 4524 2404 4562 ne-

749 4608 910 4679 gotio
948 4602 1368 4660 succumbant.
1406 4600 1547 4655 Hinc
1587 4614 1763 4653 neces
1795 4597 2116 4669 cladesque
2161 4598 2401 4664 evitant,

748 4694 1131 4754 facultatibus
1149 4693 1269 4747 suis
1291 4689 1503 4759 majori
1526 4705 1598 4743 ex
1630 4694 1796 4759 parte
1821 4686 2163 4742 consulunt.
2194 4691 2252 4742 Et
2277 4688 2403 4743 haec

748 4788 994 4861 quidem
1025 4787 1339 4855 appetente
1363 4795 1496 4834 vere
1528 4783 1693 4847 gesta
1723 4784 1881 4831 sunt.

741 4882 983 4950 γόνεισαν
1008 4879 1097 4926 xui
1127 4873 1468 4924 υπετάττοντο
1498 4871 1725 4928 τούτοις,
1756 4874 1991 4919 Τοιουτοι
2038 4871 2138 4940 γαρ
2200 4869 2328 4921 εἰσιν
2380 4872 2428 4922 ὁὶ
2475 4867 2701 4922 δυτικῶν
2760 4869 3041 4943 οἰκήτορες,
3097 4867 3299 4943 ῥᾳδίως
3353 4876 3485 4921 πᾶσι
3537 4879 3646 4932 τοῖς
3705 4868 4125 4927 δυναστεύουσιν

2519 4424 2713 4473 οἱστεων
2738 4422 3155 4495 μαλθακώτερον)
3185 4428 3275 4473 καὶ
3316 4426 3374 4474 τὸ
3432 4431 3664 4475 τοιοῦτον
3726 4426 3863 4476 οἰστυ
3915 4432 3971 4478 το
4030 4436 4129 4489 τῆς

2518 4510 2801 4572 Δεαϐολεως
2879 4520 2949 4581 τῷ
3036 4510 3482 4585 σεϐαστοκράτορι
3570 4516 3915 4585 ἐνεχείρισαν.
4020 4522 4125 4568 Καὶ

2515 4608 2663 4652 πᾶσα
2709 4599 2767 4651 δὲ
2818 4602 2845 4657 η
2894 4600 3042 4672 πέριξ
3093 4610 3193 4652 τῶν
3242 4604 3485 4653 τοιούτων
3536 4602 3733 4653 ἄστεων
3791 4609 3969 4678 χώρα,
4028 4606 4125 4657 εἶτ’

2879 4520 2949 4581 τῷ
3036 4510 3482 4586 σεϐαστοκράτορι

2514 4699 2602 4742 ουν
2636 4694 2871 4764 Πρέσπα,
2906 4690 3209 4756 Πελαγονία,
3244 4694 3468 4757 Σωσκὸς,
3515 4691 3813 4760 Μολυσκὸς,
3882 4695 3982 4745 ὑπὸ
4026 4702 4126 4753 τὴν

2517 4779 2842 4855 ἐπικράτειαν
2883 4788 2981 4830 τῶν
3030 4779 3326 4851 Ῥωμαϊκῶν
3384 4782 3467 4845 [Ρ.
3519 4779 3610 4853 93]
3682 4778 3950 4850 δυνάμεων
4010 4784 4125 4856 ἐγε-

738 4970 1132 5028 ὐποπίπτοντες,
1177 4962 1433 5014 Ἐντεῦθεν
1481 4961 1601 5017 τοὺς
1658 4956 1898 5029 ὀλέθρους
1959 4956 2391 5029 ἀποφυγγάνουσι
2445 4966 2532 5012 καὶ
2582 4963 2648 5011 τὰ
2704 4959 2859 5011 πλείω
2918 4969 3017 5011 τῶν
3079 4965 3331 5035 σφετέρων
3394 4971 3702 5032 περιουσιών
3758 4958 4121 5025 διασώζουσι,

736 5063 835 5111 Καὶ
863 5065 1021 5108 ταῡτο
1050 5057 1138 5126 μὲν
1170 5050 1395 5121 ὑπῆρξεν
1427 5049 1573 5118 ἔαρος
1610 5045 1963 5118 ἐνισταμένου.

800 5149 857 5201 81
889 5146 1108 5200 Verum
1135 5140 1397 5197 delector
1423 5134 1665 5193 Michael
1725 5135 1785 5190 in
1818 5142 2153 5191 extremum
2185 5137 2383 5191 discri-

2357 5168 2383 5191 ,-
2567 5136 2673 5194 πα’.
2726 5138 2785 5194 Ὀ
2839 5135 2897 5191 δὲ
2948 5137 3252 5201 ἀποστάτης
3317 5141 3367 5174 ⁷⁰
3435 5139 3661 5210 Μιχαὴλ
3718 5140 3921 5217 ἐπείπερ
3978 5144 4122 5219 ἐώρα

804 5272 850 5306 70
905 5274 949 5327 D
1006 5287 1017 5323 ε
1096 5269 1154 5319 '0
1232 5262 1284 5342 6:'
1358 5264 1660 5342 ἀποστάτης
1732 5263 1933 5342 πάνταή
1981 5261 2147 5341 κάλων
2218 5267 2436 5342 κινήσας
2505 5268 2628 5325 τους
2682 5264 2905 5323 οἰκείους
2956 5263 3224 5329 συνέλεξε,
3279 5270 3369 5316 xui
3430 5271 3751 5339 συμμαχίαν
3809 5271 3953 5342 παρά
4024 5278 4122 5323 τοῦ

728 5346 894 5419 ῥηγὸς
958 5349 1051 5395 του
1125 5336 1365 5419 γαμϐρου
1440 5334 1599 5385 αὐτου
1668 5331 2019 5417 προσελάϐετο
2084 5334 2154 5395 εὶς
2242 5336 2463 5419 intret-ci;
2528 5340 2916 5419 τετρακέσίους.
2995 5335 3203 5409 Ἕτερος
3286 5332 3344 5388 δὲ
3395 5331 3583 5389 τούέόυ
3621 5331 3893 5412 -ὴααϐρὸς-
3944 5342 3968 5391 ὁ
4030 5342 4122 5395 Ἃ-

729 5398 897 5489 χαὶας
984 5409 1212 5487 πρίγκιψ
1272 5413 1383 5489 Δτην
1474 5413 1647 5489 πᾶσαν
1730 5413 1892 5489 αυτοῦ
1946 5410 2195 5485 στρατιάν
2256 5405 2627 5478 συλλεξάμενος
2700 5404 2772 5459 δι’
2831 5408 3013 5459 ἑαυτοῦ
3081 5413 3173 5465 τὴν
3251 5412 3375 5479 πρὸς
3450 5413 3538 5461 τὸν
3626 5398 3806 5462 αυτοιῖ
3871 5416 4121 5487 πενθερὸν

734 5466 1053 5560 ξυμμαχίαν
1088 5466 1397 5545 ’πέποίητο,
1468 5480 1608 5549 οἰσγων
1690 5476 1882 5535 πλῆθος
1950 5466 2142 5529 ἱππέων
2212 5497 2267 5529 τε
2337 5466 2432 5530 καί
2477 5466 2667 5542 πεζῶν.
2749 5482 3101 5553 Συνηθροιο-τό
3158 5466 3297 5550 γοῦν
3340 5466 3663 5551 παμπληθὴς
3723 5487 3964 5556 στρατιά,
4024 5466 4123 5539 καὶ

1611 5576 1954 5643 Theodori
2005 5577 2255 5644 Dousae
2305 5588 2369 5643 ct
2416 5578 2666 5645 Leonis
2716 5578 2949 5645 Allatii
3003 5588 3208 5646 notae.

740 5786 741 5789 η
808 5714 923 5786 (90)
953 5711 1136 5766 Ἑάλω·
1166 5706 1615 5779 Pachymerius,
1646 5703 1749 5759 lib.
1784 5720 1843 5773 ιι,
1870 5720 1931 5775 p.
1966 5707 2088 5759 106.
2121 5705 2257 5759 ALL.
