4470 6452
809 383 943 438 1199

2107 372 2391 435 GEORGII
2431 377 2885 436 ACROPOLITE

4033 380 4052 432 l
4063 376 4170 432 200

803 506 864 561 id
894 504 995 559 ubi
1026 502 1247 575 saapius
1267 506 1702 576 perpetrarunt,
1731 500 1948 559 animis
1964 501 2255 558 adversus
2292 504 2457 574 181
2500 503 2551 558 A

2427 506 2457 573 ι
2500 503 2551 558 Α
2581 511 2685 564 τοῖς
2714 510 2814 554 τῶν
2846 504 3015 555 ἵππων
3050 504 3244 569 πότοις,
3288 504 3331 554 εἳ
3377 504 3478 555 ποὺ
3527 521 3605 563 τις
3658 504 3977 574 μακρότερον
4033 500 4192 565 ιῖιπηει

803 594 1007 649 hostes
1025 591 1366 662 ingentibus
1383 592 1717 664 resumptis,
1740 608 1801 648 re
1823 590 1902 648 ad
1923 607 2241 647 mucrones
2264 597 2320 647 et
2342 608 2461 648 mar

809 698 925 737 nus
949 681 1232 743 adducta,
1260 680 1441 736 obvia
1457 697 1712 753 qumque
1734 696 1805 737 ex
1848 680 1960 735 illis
1981 679 2257 752 praedari.
2289 681 2469 751 Igitur

807 770 1123 825 defectoris
1139 768 1431 825 Michaelis
1445 770 1737 824 exercitus
1755 770 2124 841 hacquoque
2141 769 2368 824 ratione
2384 773 2466 824 at-

809 861 976 915 tritus
1005 863 1114 923 est,
1142 859 1469 930 timoreque
1496 874 1618 913 non
1639 858 1877 913 modico
1915 858 2231 913 lacessitus
2259 857 2333 912 de
2374 874 2465 913 sa-

804 947 925 1003 lute
952 946 1196 1019 propria
1220 946 1664 1018 desperaverat.
1709 946 1771 1000 Vi
1803 945 2046 1002 tandem
2093 952 2150 1002 et
2196 946 2464 1001 maximo

803 1050 1051 1091 suorum
1070 1034 1457 1090 incommodo
1484 1038 1754 1103 Stanum,
1781 1036 2029 1091 Soscum
2048 1050 2115 1090 ac
2138 1034 2462 1105 Molyscum

802 1129 1184 1197 penetrantes
1219 1126 1384 1194 (nam
1411 1123 1523 1179 illis
1544 1124 1605 1180 in
1633 1126 1835 1180 animo
1862 1129 1987 1180 erat
2011 1124 2089 1180 ad
2118 1124 2327 1197 I’rilapi
2354 1140 2466 1197 op-

802 1214 1036 1285 pidum,
1066 1218 1129 1268 ut
1158 1211 1237 1267 illi
1270 1213 1576 1284 suppetias
1606 1213 1843 1278 ferrent,
1878 1213 2218 1284 proﬁcisci),
2253 1214 2355 1268 ubi
2386 1212 2465 1269 ad

802 1318 873 1359 ea
890 1302 1021 1358 loca
1036 1317 1374 1375 pervenere,
1397 1303 1651 1374 propriae
1666 1302 2191 1375 quilibetopinionl
2210 1302 2465 1357 servien-

804 1397 908 1457 tes,
935 1397 1201 1447 extrema
1221 1406 1480 1462 quteque
1514 1397 1759 1461 tentare,
1786 1396 1842 1447 et
1864 1407 1972 1463 pro
1993 1391 2216 1453 anima,
2244 1390 2463 1447 utdici-

800 1485 915 1551 tur,
942 1495 1175 1535 currere
1204 1495 1314 1552 pro
1342 1480 1566 1535 viribus
1627 1480 2024 1536 instituerunt.
2089 1484 2314 1535 Interea
2363 1479 2465 1535 de-

801 1569 986 1624 feetor
1007 1568 1249 1626 Michael
1275 1572 1331 1624 et
1360 1568 1515 1623 tilius
1545 1569 1911 1641 Nicephorus
1943 1586 2080 1625 cum
2129 1568 2459 1634 nonnullis,

799 1657 905 1714 sed
918 1657 1090 1713 valde
1109 1657 1336 1729 paucis,
1352 1657 1713 1729 quibuscum
1730 1658 1979 1714 consilia
1996 1674 2104 1713 sua
2131 1662 2187 1714 et
2200 1659 2463 1714 actiones

796 1748 1244 1803 communicare
1269 1751 1556 1817 sueverat,
1578 1752 1757 1803 noctu
1776 1748 1944 1820 cquis
1967 1748 2181 1803 invecti
2215 1748 2462 1819 viasque

2590 596 2673 645 τὸν
2706 594 2862 645 ῖππον
2892 597 3128 647 ποτίσαι.
3180 595 3493 645 Ξυνέπιπτον
3544 587 3603 643 δὲ
3665 592 3860 650 τούτοις
3914 594 4003 641 καὶ
4064 589 4184 641 καθ’

2583 678 2726 749 ὀδόν,
2769 686 2858 734 καὶ
2909 690 3033 740 ταῖς
3073 680 3297 755 ἁμάξαις
3368 686 3458 734 καὶ
3522 687 3630 741 τοῖς
3675 686 4030 755 φορταγωγοῐς
4060 680 4187 730 ὐπο-

2586 770 2789 842 ζυγίοις
2820 770 3258 845 προσπελάζοντες
3306 770 3362 822 ἐκ
3410 779 3507 823 τὼν
3558 771 3680 845 παρ’
3732 770 3911 830 αὐτοῖς
3964 774 4184 842 φορτίων

2578 858 2851 911 ἐσκύλευον
2907 861 3321 933 ὑποχωρούντων
3404 868 3499 911 τῶν
3586 858 3959 930 φυλαττόντων.
4018 865 4181 910 Τοῦτο

2579 945 2637 1000 δὲ
2658 948 2901 1010 πολλάκις
2929 952 3270 1009 πεποιηκότες
3332 948 3402 1011 εἰς
3463 951 3654 1020 θάρσος
3705 951 3840 1000 κατα
3885 957 3983 1000 τῶν
4040 946 4179 999 ἐναν-

2577 1040 2697 1088 τίων
2728 1038 2787 1089 ού
2817 1042 3019 1109 μέτριον
3086 1037 3417 1105 ἑληλάκασιν,
3454 1039 3588 1091 ὠστε
3627 1043 3713 1090 καὶ
3752 1044 3915 1110 χερσὶ
3991 1044 4179 1109 χεῖρας

2577 1122 2841 1197 ἐμϐάλλειν
2882 1126 2979 1189 κάξ
3033 1127 3196 1179 αὐτων
3251 1126 3512 1179 σκυλεύειν
3561 1129 3627 1180 τα
3681 1132 4076 1200 προστυχόντα.
4104 1131 4177 1177 Τό

2575 1217 2665 1285 μὲν
2704 1212 2791 1267 οὖν
2835 1224 2925 1268 τοῦ
2963 1214 3215 1291 ἀντάρτου
3264 1216 3486 1288 Μιχαὴλ
3537 1214 3637 1267 κάκ
3663 1219 3848 1268 τούτου
3905 1214 4180 1268 συνέσταλ-

2576 1322 2662 1356 ται
2692 1303 2772 1376 [Ρ.
2807 1304 2899 1377 94]
2931 1308 3228 1378 στράτευμα
3257 1311 3345 1357 καὶ
3372 1311 3443 1367 εὶς
3475 1309 3657 1357 πτοίαν
3708 1306 3766 1357 ού
3806 1308 3997 1379 μικρὰν
4045 1322 4178 1357 κατ-

2576 1400 2805 1452 ηντήκει·
2856 1392 3053 1466 σχεδόν
3102 1414 3199 1467 γαρ
3256 1402 3430 1447 πᾶσαν
3482 1399 3743 1467 σωτηρίαν
3807 1394 4175 1468 ἀπηγορεύκει.

2576 1489 2669 1555 Βία
2693 1492 2817 1555 γούν
2848 1490 2937 1536 καὶ
2961 1488 3114 1555 μόγις
3152 1487 3338 1537 Στανὸν
3396 1488 3485 1535 καὶ
3517 1487 3721 1536 Σωσκόν
3760 1488 3850 1535 καὶ
3902 1483 4176 1536 Μολυσκόν

2573 1571 2991 1647 παραμείψαντες
3018 1576 3237 1641 (σκοπὸς
3258 1575 3355 1645 γὰρ
3391 1568 3451 1629 ἦν
3491 1572 3671 1634 αὐτοῖς
3695 1573 3767 1634 εἰς
3803 1576 3861 1624 τό
3915 1581 4005 1625 τού
4052 1580 4179 1645 Πρι-

2571 1662 2737 1715 λάπου
2768 1664 2903 1714 οἷο-τυ
2942 1664 3201 1735 γενέσθαι,
3224 1663 3363 1721 ὅπως
3417 1661 3543 1713 αύτό
3605 1660 3949 1732 διασῴσειαν)
4013 1660 4177 1713 ἐκεῖσε

2572 1756 2831 1825 γεγονότες
2857 1752 2929 1814 εἰς
2963 1752 3153 1805 οἰκείαν
3199 1754 3413 1812 ἕκαστος
3465 1748 3936 1812 διασκεδασθέντες
3979 1748 4175 1823 βουλὴν

793 1836 949 1892 bene
975 1836 1248 1892 instructi
1282 1851 1413 1891 sese
1456 1842 1696 1908 repente
1754 1837 2080 1909 abripiunt.
2136 1840 2305 1894 Mane
2358 1834 2462 1893 ubi
2494 1862 2534 1917 Β

2411 1834 2462 1893 bi
2494 1862 2534 1917 Β
2574 1862 2658 1895 τον
2684 1847 2802 1917 περὶ
2833 1842 3021 1913 ψυχῆς
3050 1846 3277 1916 τρέχειν,
3327 1844 3463 1903 ὅπως
3514 1840 3574 1893 ἂν
3628 1838 3767 1912 εἶχεν
3824 1842 4034 1913 ἰσχύος,
4092 1838 4176 1913 βε-

794 1926 921 1983 dics
950 1926 1259 1998 processit,
1287 1926 1507 1981 milites
1536 1925 1831 1982 Michaelis
1855 1926 2065 1996 fugam
2090 1942 2458 1997 cognoscen-

794 2022 881 2072 tes
901 2030 1022 2071 una
1043 2020 1098 2070 et
1116 2015 1229 2086 ipsi
1253 2016 1313 2069 in
1336 2014 1544 2085 fugam
1563 2014 1970 2087 impelluntur.
1992 2018 2331 2072 Romanum
2356 2032 2458 2085 ag-

795 2121 956 2173 men,
985 2108 1041 2160 et
1069 2105 1172 2177 qui
1198 2104 1343 2159 illud
1370 2104 1675 2161 ducebant
1703 2105 2167 2176 prrestantiores,
2224 2110 2281 2162 et
2302 2106 2458 2161 defe-

794 2194 971 2251 etoris
1001 2195 1243 2265 spurius
1270 2192 1430 2248 ﬁlius
1450 2196 1711 2249 Joannes
1742 2194 2207 2251 sebastocratori
2239 2195 2459 2252 Joanni

793 2289 1171 2341 accurrentes
1208 2299 1271 2339 se
1298 2282 1548 2355 dedunt,
1583 2290 1639 2339 et
1668 2283 2013 2356 imperatori
2051 2284 2235 2341 ﬁdem
2268 2301 2461 2341 sacra-

794 2378 997 2430 mento
1041 2373 1330 2443 obligant.
1388 2373 1664 2446 Princeps
1712 2390 1849 2430 vero
1906 2374 2143 2430 Achaiae
2196 2375 2461 2447 sociique

797 2465 949 2521 alius
978 2463 1091 2520 alio
1122 2463 1375 2536 dispersi
1404 2468 1562 2519 sunt.
1591 2464 1865 2536 Princeps
1910 2464 2075 2537 apud
2128 2465 2461 2521 Castoriam

796 2554 1031 2627 eapitur
1058 2554 1171 2610 sub
1200 2553 1514 2627 palearum
1536 2569 1747 2610 acervo
1786 2552 2200 2624 absconditus,
2242 2555 2349 2611 sed
2389 2571 2462 2611 ex

799 2646 1081 2701 dentibus
1098 2662 1133 2702 a
1146 2645 1414 2718 quodam
1460 2644 1641 2701 milite
1658 2646 1932 2715 cognitus
1950 2648 2237 2718 (namque
2253 2647 2461 2702 dentes

798 2735 1108 2792 interiores
1164 2735 1389 2804 ingenti
1442 2735 1857 2804 magnitudine
1905 2735 2351 2806 prominebant)
2406 2740 2463 2792 et

799 2824 1205 2895 colligatusjad
1221 2825 1639 2896 imperatorem
1660 2824 1989 2880 advehitur-
2012 2825 2336 2895 Agminum
2353 2840 2461 2882 no-

796 2915 1038 2971 biliores
1056 2913 1387 2985 amnesque
1405 2912 1737 2969 Aseldetusi
1760 2914 2136 2970 etCaritaniae
2167 2913 2336 2985 182
2365 2916 2464 2971 Jo-

794 3004 1063 3079 phredus
1081 3004 1299 3076 aliique
1312 3002 1630 3059 illustrium
1645 3002 2208 3075 plures,Platamone
2223 3004 2462 3077 alioque

794 3096 856 3151 in
877 3096 1010 3151 loco
1024 3094 1179 3167 capti
1202 3092 1501 3165 vinctique
1515 3094 1591 3149 ad
1605 3092 2026 3166 imperatorem
2042 3094 2464 3151 conducuntur

2573 1931 2864 1986 ϐούλευται.
2902 1937 3001 1984 Καὶ
3040 1932 3065 1983 6
3118 1934 3207 2003 μὲν
3265 1930 3570 1992 ἀποστάτης
3620 1929 3843 2001 Μιχαὴλ
3901 1933 4033 2002 μετά
4082 1938 4176 1981 τού

2570 2024 2687 2074 υἰοῦ
2718 2021 2877 2073 αὐτοῦ
2904 2024 3203 2095 Νικηφόρου
3235 2024 3324 2072 καὶ
3379 2039 3529 2071 τινων
3593 2019 3758 2071 ἄλλων
3814 2024 4034 2093 μετρίων
4094 2016 4177 2069 ἀν·

2572 2107 2730 2185 δρῶν,
2779 2108 2857 2172 οἷς
2926 2115 3014 2162 καὶ
3105 2112 3276 2163 εἴωθεν
3320 2108 3651 2180 ἐμπιστεύειν
3714 2110 3807 2171 τὰς
3846 2108 4005 2161 αὑτοῦ
4045 2109 4176 2180 πρά-

2572 2200 2689 2268 ξεις,
2717 2204 2901 2260 νυκτός
2924 2208 3034 2262 τοῖς
3074 2202 3251 2260 ἰπποις
3296 2198 3642 2270 ἐποχηοέντες
3698 2195 4023 2272 ἀπέδρασαν,
4081 2216 4175 2248 κα-

2569 2289 2666 2351 λῶς
2696 2291 2763 2341 τὰ
2786 2298 2885 2341 τών
2917 2286 3051 2342 ὀδὼν
3083 2290 3437 2361 επιστάμενοι.
3478 2287 3671 2343 Ἒωοεν
3710 2284 3769 2339 δε
3808 2289 3923 2358 (93)
3977 2289 4177 2358 ἡμέρας

2571 2375 2679 2438 ἤδη
2709 2384 3072 2452 γεγενημένης,
3107 2382 3177 2441 ὡς
3206 2381 3253 2431 οἱ
3297 2387 3396 2430 τῶν
3462 2380 3865 2453 στρατευμάτων
3917 2376 4177 2448 ἐγνώκασι

2571 2471 2658 2522 τὸν
2687 2469 2911 2541 Μιχαὴλ
2938 2465 3261 2543 ἀποδράντα,
3313 2465 3420 2527 ἠδη
3480 2472 3569 2520 καὶ
3621 2468 3770 2520 αὐτοὶ
3826 2470 3957 2540 πρὸς
4008 2471 4176 2537 φυγὴν

2572 2559 2870 2634 ἐτράποντο.
2928 2563 2998 2611 Τὸ
3069 2561 3157 2631 μεν
3232 2553 3319 2610 οὖν
3389 2556 3672 2627 Ῥωμαικὸν
3745 2558 4046 2630 στράτευμα
4088 2559 4179 2607 καὶ

2572 2650 2621 2700 οἱ
2673 2652 2939 2721 κρείττους
2991 2656 3090 2699 τῶν
3132 2646 3541 2721 ἐπικρατούντων
3619 2645 3745 2697 αύτό
3802 2650 3892 2697 καὶ
3956 2646 3981 2696 6
4030 2646 4177 2707 νόθος

2572 2746 2664 2789 του
2722 2736 3023 2790 ἁποστάτου
3074 2739 3186 2797 υἱός
3231 2739 3342 2807 (94)
3394 2734 3632 2797 Ἰωάννης
3680 2744 3752 2806 τῷ
3814 2733 4176 2809 σεϐαστοκρά-

2570 2846 2684 2901 τορι
2713 2828 2922 2885 Ἰωάννη
2985 2826 3280 2900 προσῆλθον
3326 2829 3410 2877 καὶ
3470 2832 3657 2898 χεῖρας
3708 2824 3848 2894 αύτῷ
3909 2821 4178 2877 δεδώκασι

2571 2921 2660 2969 καὶ
2698 2926 2770 2987 τῷ
2796 2914 3007 2989 βασιλεῖ
3036 2920 3157 2978 τούς
3196 2918 3383 2989 ὅρκους
3430 2913 3702 2982 ἀπέδοντο,
3758 2916 3784 2966 ὀ
3832 2911 3891 2966 δε
3947 2912 4175 2988 πρίγκιψ

2573 3009 2795 3080 Ἀχαίας
2829 3008 2942 3079 (95)
2981 3011 3070 3059 καὶ
3104 3009 3153 3059 οἰ
3191 3006 3301 3079 μετ’
3368 3006 3527 3058 αὐτοῦ
3590 3005 3739 3067 ἄλλος
3793 3002 4030 3076 ἀλλαχοῦ
4070 3000 4175 3056 διε-

2575 3100 2874 3173 σπάρησαν,
2914 3100 3011 3150 Καὶ
3042 3097 3067 3148 ό
3119 3099 3210 3168 μὲν
3262 3094 3486 3171 πριγκιψ
3545 3098 3681 3148 κατά
3732 3099 3827 3154 τὴν
3880 3101 4177 3169 Καστοριαν

793 3183 1110 3241 Auxiliaris
1144 3183 1285 3239 item
1308 3198 1529 3238 manus
1559 3197 1596 3238 a
1628 3182 1927 3239 Manfredo
1953 3182 2158 3240 Sicilire
2185 3199 2322 3254 rege
2365 3183 2465 3240 de-
2504 3226 2545 3283 Ο

2410 3200 2465 3240 e-
2504 3187 2721 3283 Οὲάλω,
2768 3188 2868 3239 ύπό
2929 3185 3173 3259 ἀχυρμιᾷ
3227 3205 3324 3239 τινι
3380 3184 3589 3259 κρυϐεὶς
3642 3182 3743 3236 κάκ
3800 3192 3899 3237 τῶν
3951 3180 4174 3235 ὀδόντων

792 3274 1001 3331 fectori
1031 3272 1411 3343 transmissa,
1438 3272 1515 3329 ad
1568 3272 2062 3345 quadringentos,
2090 3279 2152 3329 ut
2174 3274 2459 3337 diximus,

793 3368 1135 3431 numerata,
1158 3378 1297 3419 cum
1313 3363 1495 3418 armis
1510 3366 1563 3418 et
1576 3362 1747 3434 equis
1768 3378 1803 3417 a
1820 3367 2080 3435 quatuor
2097 3364 2463 3419 hominibus.

793 3469 1022 3525 magno
1037 3468 1255 3525 nempe
1270 3451 1606 3508 domestico
1622 3450 1827 3507 Alexio
1842 3452 2279 3525 Strategopulo,
2300 3452 2466 3508 Nice-

798 3544 993 3617 phoro
1016 3542 1285 3615 Rimpsa,
1317 3542 1628 3614 quiTurea
1654 3540 1904 3612 origine,
1938 3541 2287 3597 Christianis
2351 3556 2465 3599 no-

798 3649 941 3690 men
1003 3629 1272 3699 dederat,
1315 3644 1577 3703 quorum
1634 3630 1817 3685 ﬁdem
1886 3630 2317 3701 ingenuissime
2366 3647 2465 3687 co-

798 3722 925 3794 luit,
1031 3726 1087 3777 et
1173 3720 1304 3777 aliis
1360 3719 1625 3785 duobus,
1693 3735 1954 3792 quorum
2005 3722 2257 3777 nomina
2314 3726 2466 3777 tem-

799 3828 917 3885 pus
959 3810 1136 3867 nobis
1195 3809 1422 3880 invidit,
1488 3808 1793 3864 debellata
1846 3813 1955 3864 est.
2004 3812 2069 3865 Et
2116 3809 2177 3864 hi
2222 3826 2466 3883 quoque
2518 3817 2528 3827 '

801 3900 1104 3959 constricti
1135 3899 1389 3955 vinculis
1413 3899 1490 3955 ad
1516 3899 1940 3971 imperatorem
1964 3904 2465 3972 transportantur.

797 3991 920 4050 Hac
946 3990 1190 4047 victoria
1211 3988 1397 4046 nostri
1414 3988 1815 4061 imperatoriis
1831 3989 2095 4044 consiliis
2120 3990 2287 4061 potiti
2305 3996 2464 4058 sunt,

795 4084 951 4144 adeo
980 4087 1044 4138 ut
1079 4080 1246 4137 fama
1272 4080 1427 4136 illius
1449 4079 1527 4134 ad
1558 4078 1767 4136 ultima
1795 4096 2048 4152 quaeque
2090 4080 2251 4136 orbis
2292 4086 2459 4138 terra-

794 4190 933 4233 rum
957 4171 1281 4247 penetrarit
1314 4187 1327 4227 :
1360 4185 1556 4243 neque
1587 4169 1747 4225 enim
1776 4170 1922 4225 tales
1952 4170 2228 4227 victorias
2266 4171 2466 4244 plures

797 4263 888 4322 sol
907 4263 1072 4319 vidit.
1095 4264 1256 4317 Tunc
1269 4275 1448 4333 porro
1470 4258 1699 4332 oppida
1720 4259 1925 4315 omnia
1938 4264 1994 4316 ct
2014 4261 2321 4330 regionem
2337 4263 2466 4318 uui-

797 4369 1034 4411 versam
1068 4350 1256 4408 nostri
1291 4349 1679 4421 subegerunt.

2572 3285 2672 3330 τῶν
2722 3295 2821 3329 τινι
2862 3284 3193 3348 στρατιωτῶν
3263 3276 3569 3351 γνωρισθεὶς
3651 3272 3785 3346 (εἶχε

2575 3365 2926 3441 ἐμπροσθίους
3008 3365 3298 3438 εὐμεγέθεις
3381 3384 3470 3417 και
3560 3363 4006 3439 προϐεϐλημένους
4078 3371 4178 3413 τῶν

2578 3456 2971 3529 φατνωμάτων),
3013 3461 3103 3508 καὶ
3170 3452 3383 3527 δέσμιος
3440 3452 3664 3526 ἀπήχθη
3730 3461 3800 3524 τῷ
3860 3451 4090 3526 βασιλεῖ·
4132 3453 4181 3504 οἱ

2576 3544 2634 3600 δὲ
2665 3552 2927 3619 κρείττους
2992 3553 3090 3597 τῶν
3151 3547 3429 3617 ταγμάτων
3492 3544 3653 3597 αὑτοῦ
3715 3548 3806 3595 καὶ
3858 3549 4181 3619 προσγενεῖς,

2574 3639 2601 3689 ὅ
2648 3656 2702 3689 τε
2776 3635 2926 3689 Ἀσελ
2991 3640 3224 3701 Δετουσὶ,
3274 3636 3299 3686 6
3350 3643 3445 3696 τῆς
3501 3638 3819 3707 Καριτανίας
3872 3633 4033 3705 Ἰοφρε
4094 3636 4185 3684 καὶ

2576 3726 2722 3779 ἄλλοι
2751 3734 2849 3779 τῶν
2880 3727 3180 3799 ὀνομαστῶν
3204 3724 3430 3791 πλείους,
3466 3726 3515 3777 οἱ
3568 3726 3658 3797 μὲν
3715 3725 3851 3776 κατὰ
3903 3727 3989 3776 τὸν
4048 3723 4188 3775 Πλα-

3878 3276 3979 3348 γὰρ
4057 3276 4179 3334 τοὺς

2576 3812 2969 3889 ταμῶνα,οἰδε
2993 3818 3128 3867 κατὰ
3149 3814 3270 3867 ἄλλο
3320 3819 3469 3888 μέρος
3526 3814 3776 3881 ἑάλωσαν,
3829 3818 3919 3865 καὶ
3980 3809 4187 3885 δεσμῶ-

2575 3926 2660 3959 ται
2694 3915 2766 3977 τῷ
2823 3903 3034 3978 βασιλεί
3091 3907 3540 3976 συναπήχθησαν.
3598 3908 3697 3956 Καὶ
3749 3906 3807 3955 τὸ
3840 3906 4187 3976 συμμαχικόν

2579 3992 2639 4049 δὲ
2684 3998 2985 4069 στράτευμα
3036 3998 3094 4047 τό
3136 3993 3190 4046 ἐκ
3228 4002 3319 4047 τοῦ
3361 3995 3527 4069 ρηγὸς
3575 3992 3802 4053 Σικελίας
3853 4000 3945 4045 τοῦ
4000 3996 4186 4067 Μαφρε

2576 4096 2649 4157 τῷ
2698 4084 2966 4143 ἀποστάτη
3046 4083 3354 4153 ἀποσταλεν,
3432 4086 3497 4144 ὡς
3558 4084 3629 4145 εἰς
3680 4087 4065 4156 τετρακοσίους,
4119 4084 4186 4143 ὡς

2577 4176 2886 4248 εἰρήκειμεν,
2954 4175 3325 4247 ἠριθμημένον,
3404 4173 3577 4233 αὐτοῖς
3624 4172 3820 4242 ὅπλοις,
3876 4172 4046 4233 ούτοῖς
4102 4174 4184 4224 ἰπ-

2575 4285 2695 4326 ποις
2742 4266 2841 4317 ὑπὸ
2885 4266 3139 4339 τεττάρων
3180 4260 3381 4337 ἀνδρῶν
3431 4265 3854 4334 κατεσχέθησαν,
3902 4260 3988 4333 ἀφ’
4039 4262 4108 4313 ὧν
4157 4263 4183 4314 6

2576 4359 2665 4428 μὲν
2725 4351 2793 4415 εἷς
2852 4350 2913 4412 ἦν
2964 4358 2989 4406 ὀ
3052 4358 3211 4426 μέγας
3292 4350 3597 4426 δομέστικος
3641 4354 3667 4404 6
3726 4352 4186 4423 Στρατηγόπουλος

796 4443 1044 4511 Ἀλέξιος,
1072 4441 1250 4515 ἅτερος
1290 4436 1348 4492 δὲ
1387 4441 1412 4491 6
1437 4438 1658 4512 Ῥιμψάς
1678 4443 1977 4514 Νικηρόρος
2007 4438 2061 4491 ἐκ
2082 4443 2321 4513 Τούρκων
2347 4440 2503 4496 ἕλκων
2532 4447 2591 4498 τὸ
2626 4447 2793 4517 γένος,
2849 4444 3129 4518 ὀρθότατος
3160 4440 3218 4496 δε
3248 4447 3581 4516 γεγενημένος
3614 4449 3949 4515 Χριστιανός·
4019 4444 4067 4494 οἱ
4125 4438 4185 4494 δε

804 4530 901 4587 δύο
922 4542 1022 4585 των
1048 4532 1326 4603 ἀνωνύμων
1357 4531 1623 4601 ὑπῆρχον.
1652 4533 1747 4582 Καὶ
1778 4533 1993 4591 τούτους
2024 4538 2148 4600 γουν
2178 4528 2451 4604 δεσμώτας
2476 4537 2602 4608 πρὸς
2627 4537 2714 4586 τόν
2748 4532 2973 4606 βασιλέα
3001 4531 3308 4605 ἐξέπεμψαν.
3338 4536 3596 4590 Τοιαύτην
3628 4540 3752 4603 γοῦν
3780 4537 3927 4589 νίκην
3976 4531 4026 4583 οἰ
4086 4540 4184 4582 τὼν

802 4625 1065 4697 ἡμετέρων
1086 4628 1199 4683 ταῖς
1227 4618 1532 4693 βασιλικαῖς
1562 4617 1878 4691 συμϐουλαῖς
1908 4622 2319 4693 κατωρΟωσαντο
2353 4624 2488 4677 ὥστε
2516 4629 2609 4682 τὴν
2634 4624 2796 4686 αὐτῆς
2824 4628 3001 4695 φήμην
3027 4623 3097 4685 εἰς
3121 4625 3291 4675 πάντα
3318 4632 3414 4684 τῆς
3442 4632 3541 4693 γῆς
3565 4626 3816 4695 περιιέναι
3846 4625 3912 4673 τὰ
3962 4626 4183 4693 πέρατα.

805 4712 982 4785 ὀλίγας
1011 4713 1111 4786 γὰρ
1140 4712 1383 4770 τοιαύτας
1404 4714 1551 4769 νίκας
1580 4704 1713 4761 εἶδεν
1742 4710 1767 4759 ὀ
1789 4708 1953 4771 ἡλιος.
1976 4717 2277 4767 Τηνικαύτα
2305 4721 2428 4784 γοῦν
2452 4716 2624 4768 πάντα
2648 4733 2702 4767 τε
2727 4716 2794 4766 τὰ
2820 4716 2956 4771 ἄστη
2992 4717 3081 4765 καὶ
3108 4720 3280 4765 πᾶσαν
3302 4718 3485 4786 χώραν
3508 4711 3591 4784 ὑφ’
3618 4712 3831 4774 ἑαυτούς
3876 4718 4190 4767 πεποίηνται

807 4804 858 4857 οἱ
879 4805 1141 4876 ἡμέτεροι.

879 4896 968 4951 82.
1000 4888 1392 4950 Postmodum
1413 4888 1680 4948 Joannes
1705 4888 2147 4948 sebastocrator
2196 4891 2444 4952 Thessa-
2495 4896 2539 4952 D
2594 4910 2644 4968 πλ

2421 4922 2444 4938 ·
2495 4896 2539 4952 D
2594 4892 2710 4968 πβ’.
2764 4895 2823 4949 “Ο
2887 4897 2977 4969 μεν
3036 4912 3123 4947 ουν
3169 4895 3215 4930 ⁷⁸
3283 4891 3721 4967 σεϐαστοκράτωρ
3779 4892 4020 4955 Ἰωάννης
4092 4896 4186 4951 τὴν

875 5070 922 5110 ’²¹
1008 5070 1052 5125 D
1099 5088 1113 5129 :
1171 5068 1230 5125 e0
1283 5070 1375 5144 μὲν
1453 5069 1540 5122 οὖν
1594 5066 2039 5143 σεϐαστοκράτωρ
2103 5070 2346 5134 Ἰωάννης
2397 5076 2492 5133 τὴν
2550 5073 2831 5127 Θετταλίαν
2875 5072 3215 5149 παρᾶμείψας
3267 5076 3384 5148 περὶ
3436 5077 3531 5132 τὴν
3602 5076 3717 5125 νέαν
3766 5075 3973 5145 Πάτραν
4025 5070 4190 5147 ἔστρα

802 5158 1182 5227 τοπεδεύσατο,
1238 5162 1266 5214 6
1320 5157 1379 5215 δε
1434 5159 1899 5233 Στρατηγόπουλος
1965 5165 2060 5213 σὺν
2124 5158 2315 5234 ἑτέροις
2388 5181 2453 5214 τα
2505 5168 2769 5237 Πηριναία
2828 5163 3141 5241 ὑπερϐάντες
3208 5168 3299 5238 ὅρη
3371 5168 3460 5215 καὶ
3526 5161 3900 5223 καταλιπόντες
3966 5161 4013 5214 ἐι
4085 5170 4189 5223 τοῖς

799 5253 1111 5317 Ἰωαννίνοις
1162 5252 1463 5329 στράτευμα
1515 5249 1583 5313 εἰς
1636 5258 1818 5305 τοῦτον
1846 5249 1914 5311 εἰς
1940 5249 2274 5327 πολιορρκίαν
2330 5257 2448 5327 περὶ
2500 5256 2598 5313 τὴν
2621 5250 2815 5330 Ἀρταν
2838 5250 2982 5313 ἧκον.
3020 5254 3303 5308 Κατέλιπον
3332 5249 3391 5306 δὲ
3423 5256 3508 5305 τὸν
3540 5251 3705 5305 ἐκεῖσε
3730 5252 3851 5305 λαὸν
3887 5251 4060 5305 οὐκέτι
4096 5253 4179 5305 εὖ-

1702 5392 2051 5465 Theodori
2098 5394 2351 5465 Dousae
2392 5405 2457 5465 et
2502 5397 2752 5468 Leonis
2803 5398 3034 5467 Allatii
3088 5407 3291 5467 notae.

881 5546 989 5619 (93)
1014 5540 1202 5619 ῗΕωθεν
1234 5534 1333 5619 ὁλξε
1389 5540 1700 5619 Gregoras,
1732 5555 1815 5619 p._r
1836 5542 2090 5619 74._ALL.

880 5612 1075 5690 (94)?)
1128 5615 1361 5690 51.}:9‘6‘3‘)
1418 5616 1565 5675 νόθος
1602 5612 1864 5690 ὐίὀςλιω
1922 5612 2038 5669 hoc
2085 5615 2313 5671 Joanne
2366 5612 2477 5672 Pa-

805 5682 1099 5761 chymerii
1127 5682 1315 5761 verba
1334 5702 1517 5761 supra
1542 5682 1939 5761 adduximus.
1986 5690 2124 5744 ALL.

878 5718 884 5751 ι
930 5709 1099 5750 mem
1127 5709 1315 5748 verba
1334 5709 1517 5761 supra
1545 5709 1939 5746 uuuuumus.
1986 5709 2124 5744 ALL.

1066 5764 1121 5819 Ὀ
1219 5759 1280 5818 δε
1334 5759 1561 5839 πρίγκιψ
1617 5758 1864 5836 ⁹Αχσιῖας.
1921 5756 2241 5829 Quomodo
2298 5763 2475 5834 potea

2585 5547 2879 5623 occupata
2906 5541 3068 5615 Cpoli
3094 5558 3128 5598 a
3161 5541 3374 5623 graecis
3430 5540 3716 5623 dimissus
3772 5538 4195 5623 fuerit,__refert

2584 5612 3031 5688 Pachymerius,
3065 5630 3126 5687 p.
3160 5618 3247 5671 86.
3284 5616 3593 5685 Gregoras,
3619 5612 3722 5671 lib.
3745 5629 3832 5687 iv,
3859 5628 3920 5686 p.
3954 5615 4043 5685 97,
4069 5616 4192 5670 tres

2586 5692 2819 5747 tantum
2842 5687 3020 5745 urbes
3042 5690 3331 5745 recenset.
3363 5687 3498 5744 ALL.
