4470 6452
769 411 902 462 1203

2055 405 2340 461 GEORGII
2370 404 2837 463 ACROPOLITIE

3998 408 4133 461 1204

764 527 2427 602 primicerium,sebastrocratorismunereinsignivit.Sed
2458 534 2504 584 Α

2375 529 2427 584 ’ά
2458 534 2504 584 Α
2543 530 2974 604 σεϐαστοκράτωρ
3043 530 3284 592 Ἰωάννης
3335 537 3425 583 καὶ
3479 534 3506 583 6
3571 533 3810 602 πενθερὸς
3883 531 4043 582 αύτού
4109 539 4140 592 ι

766 625 820 673 et
840 620 1081 673 fratrem
1104 616 1257 670 illius
1273 632 1627 683 germanum
1649 619 2101 673 Constantinum
2117 634 2188 672 ex
2202 620 2429 673 Caesare

765 708 1299 761 sebastocratorem
1330 704 1683 769 indigitavit.
1720 708 1785 760 Et
1812 706 1870 760 in
1903 706 1996 761 his
2051 706 2221 777 185
2256 706 2427 761 seba-

768 800 1133 849 stocratores
1157 792 1549 847 differebant:
1576 810 1717 848 nam
1758 794 2133 865 imperatoris
2170 795 2425 849 fraterin

771 883 1020 938 cernleis
1060 880 1275 935 calceis
1302 881 1535 951 aquilas
1567 898 1714 936 auro
1755 888 2063 937 contextas
2102 882 2423 945 deferebat,

771 970 1077 1027 Tornicius
1117 969 1282 1023 nudo
1324 970 1482 1023 hisce
1521 969 1856 1037 insignibus
1886 970 2088 1025 calceo
2128 970 2423 1025 utebatur.

774 1060 1050 1125 Quinimo
1081 1064 1138 1112 et
1160 1058 1429 1112 Alexium
1457 1058 1959 1129 StrategOpulum,
1989 1075 2279 1125 magnum
2320 1059 2426 1114 do—

778 1149 1087 1203 mesticum
1121 1151 1301 1200 antea
1327 1147 1818 1207 condecoratum.
1851 1147 2275 1218 perepistolam
2306 1150 2425 1203 Cre-

779 1260 973 1299 sarem
1007 1244 1273 1305 instituit.
1309 1243 1594 1297 missilem
1635 1244 1713 1298 illi
1752 1244 2099 1313 dignitatem
2121 1244 2421 1313 elargitus.

776 1336 842 1388 Et
864 1334 991 1387 haec
1016 1332 1260 1404 quidem
1304 1332 1382 1385 ita
1420 1348 1690 1390 evenere.

2538 624 2803 690 Τορνίκιος
2858 625 3235 679 Κωνσταντῖνος
3290 628 3380 680 τῆς
3418 623 3604 692 μάχης
3668 619 3878 682 ἐξιόντες
3926 620 3994 679 εἰς
4050 624 4135 670 τόν

2538 708 2898 778 αὐτοκράτορα
2961 706 3297 770 ἐπανέζευξαν
3355 714 3473 782 περὶ
3522 714 3615 766 τὴν
3668 708 3960 781 Λάμψακον
4016 713 4138 759 ὄντα

2538 801 2626 847 καὶ
2673 799 2766 855 τὰς
2830 792 3107 867 διατριϐὰς
3166 797 3333 849 ἐκεῖσε
3397 802 3721 869 ποιούμενον.
3779 801 3876 849 Τὸν
3928 800 4018 868 μεν
4050 792 4137 848 οὖν

2540 884 2995 958 σεϐαστοκράτορα
3048 889 3162 956 (96)
3229 889 3470 943 Ἰωάννην
3527 890 3553 938 6
3613 886 3863 958 βασιλεύς
3910 894 3983 954 τῷ
4036 894 4137 936 τῶν

2538 971 2808 1026 δεσποτῶν
2855 978 3124 1045 τετίμηκεν
3189 974 3466 1046 ἀξιώματι,
3546 974 3823 1047 ἀντίχαριν
3877 976 3983 1026 οἷον
4044 982 4137 1035 τῆς

2535 1068 2683 1123 νίκης
2718 1065 2880 1131 τούτῳ
2920 1058 3127 1128 διδούς,
3168 1069 3256 1115 καὶ
3289 1066 3370 1114 ἵνα
3426 1072 3536 1124 τοῖς
3600 1068 3916 1135 μαχομένοις
3975 1066 4139 1132 τούτῳ

2535 1156 2836 1223 προσώποις
2876 1149 2959 1222 [Ρ.
2998 1150 3088 1217 96]
3150 1150 3632 1224 ἀντισταομίζοιτο,
3695 1150 3953 1211 δεσπότης
4009 1157 4142 1224 πρός

2538 1237 2801 1299 δεσπότας
2851 1244 3149 1310 μαχόμενος
3210 1261 3222 1272 ·
3268 1244 3351 1291 τόν
3408 1238 3466 1292 δὲ
3531 1244 3769 1314 πενθερόν
3825 1241 3988 1292 αὑτοῦ
4052 1244 4139 1291 τόν

2534 1333 2801 1401 Τορνίκιον
2888 1334 3271 1379 Κωνσταντῖνον
3353 1335 3513 1400 μεγαν
3581 1334 3959 1402 πριμμικήριον
4018 1334 4140 1380 ὄντα

771 1430 845 1490 τῷ
890 1430 990 1472 τῶν
1033 1419 1525 1492 σεϐαστοκρατόρων
1577 1426 1847 1492 τετίμηκεν
1912 1421 2191 1493 ἀξιώματι.
2234 1420 2388 1473 Ἀλλὰ
2428 1424 2517 1471 καὶ
2572 1421 2657 1468 τόν
2707 1412 3026 1487 αὐτάδελφον
3094 1416 3253 1468 αὑτοῦ
3312 1419 3698 1471 Κωνσταντίνον
3745 1417 3798 1469 ἐκ
3860 1420 4139 1487 Καισάρων

775 1509 1234 1582 σεϐαστοκράτορα
1317 1516 1702 1580 κατωνόμασεν.
1783 1510 1861 1562 Ἐν
1934 1514 2128 1569 τούτοις

2211 1507 2269 1561 δὲ
2341 1513 2406 1561 τὰ
2479 1516 2578 1558 τῶν
2656 1504 3146 1578 σεϐαστοκρατόρων
3218 1502 3470 1578 διέφερον,
3532 1505 3580 1557 ἐν
3625 1508 3698 1566 οἷς
3759 1508 3786 1557 6
3843 1509 3933 1576 μὲν
3980 1506 4139 1557 αὑτά-

773 1594 956 1668 δελφος
1026 1606 1115 1647 τού
1202 1594 1461 1667 βασιλέως
1534 1605 1638 1656 τοῖς
1702 1605 1912 1659 κυανοῐς
2000 1595 2232 1659 πεδίλοις
2300 1595 2754 1668 ἐγκεκολλημένους
2834 1592 2946 1663 εἶχε
3026 1598 3116 1645 καὶ
3181 1602 3502 1667 χρυσοϋφεῖς
3561 1593 3753 1657 ἀετούς,
3817 1597 3842 1645 6
3901 1591 3960 1646 δε
4010 1602 4135 1665 Τορ-

770 1691 929 1745 νίκιος
1000 1687 1175 1755 ’γυμνά
1251 1688 1444 1736 τούτων
1514 1690 1580 1738 τὰ
1658 1684 1846 1739 πέδιλα
1902 1683 2199 1740 ὑπεδέδετο.
2257 1685 2410 1738 Ἀλλὰ
2456 1689 2545 1735 καὶ
2611 1685 2697 1733 τὸν
2754 1680 3211 1753 Στρατηγόπουλον
3266 1682 3491 1744 Ἀλέξιον
3543 1688 3704 1755 μέγαν
3754 1680 4067 1753 δομέστικον
4112 1684 4139 1733 6

770 1773 1107 1846 αὐτοκράτωρ
1201 1779 1491 1845 τετιμηκὼς
1573 1772 1642 1827 δι’

776 1867 873 1914 Καὶ
926 1870 1092 1913 ταύτα
1150 1866 1239 1933 μὲν
1288 1863 1422 1913 οὑτω
1480 1863 1681 1925 ξυνέϐη.

1729 1774 2008 1836 ἐπιστολῆς
2082 1780 2325 1847 τετίμηκε
2403 1777 2665 1845 Καίσαρα,
2727 1766 3091 1841 διαπόμπιμον
3166 1774 3306 1840 αὐτῷ
3385 1776 3480 1829 τὴν
3536 1776 3694 1843 τιμὴν
3746 1774 4129 1844 χαρισάμενος.

845 1954 935 2006 83.
960 1953 1288 2022 Imperator
1318 1966 1454 2005 cum
1483 1953 1792 2023 Lampsaci
1833 1952 2226 2017 hibernasset,
2251 1967 2428 2023 appe-
2459 1950 2503 2002 Β

2376 1967 2428 2005 e-
2459 1950 2503 2002 Β
2614 1947 2719 2018 π⁴γ’.
2752 1946 2811 1999 Ὀ
2838 1943 2897 1998 δε
2929 1945 3178 2019 βασιλεὺς
3227 1949 3273 1981 ⁷²
3308 1950 3717 2020 παραχειμάσας
3768 1948 3818 2000 ἐν
3872 1957 3935 2020 τῇ
3993 1954 4139 2019 Λαμ-

774 2046 929 2095 tente
954 2056 1084 2094 vere
1113 2040 1342 2109 Cpolim
1376 2048 1677 2095 commeat
1710 2059 1722 2095 :
1761 2058 2023 2113 namque
2054 2058 2239 2112 quam
2269 2040 2432 2111 cupi-

774 2129 1025 2183 dissime
1050 2128 1390 2199 appetebat,
1416 2145 1749 2200 omnesque
1772 2147 1912 2184 suos
1931 2147 2001 2183 eo
2024 2132 2316 2184 referebat
2338 2145 2431 2182 co-

776 2222 974 2285 natus,
1006 2222 1068 2271 ut
1101 2218 1441 2271 Latinorum
1476 2235 1504 2271 e
1540 2235 1720 2272 inanu
1752 2220 1809 2272 in
1840 2219 2167 2273 libertatem
2201 2218 2429 2288 Cpolim

776 2307 1123 2361 vindicaret.
1171 2307 1311 2360 Hinc
1363 2307 1663 2378 profectus
1723 2315 1813 2363 est
1851 2308 2143 2363 adversus
2182 2308 2429 2380 Cpolim,

776 2413 895 2450 non
934 2396 1123 2466 copiis
1154 2396 1337 2450 fretus
1372 2402 1581 2468 (neque
1624 2399 1782 2452 enim
1826 2404 2055 2452 tantum
2088 2398 2429 2461 exercitum,

775 2485 879 2555 qui
905 2483 1158 2538 similem
1177 2483 1475 2539 civitatem
1503 2484 1815 2541 obsidione
1850 2492 2050 2557 posset
2086 2487 2321 2553 cingere
2344 2501 2432 2539 se-

774 2590 911 2628 cum
940 2572 1242 2643 ducebat),
1269 2573 1373 2627 sed
1414 2575 1760 2629 consobrini
1793 2576 1904 2642 sui,
1938 2576 2029 2629 cui
2064 2591 2282 2630 nomen
2308 2580 2434 2629 erat

774 2661 950 2729 Aseli,
973 2661 1674 2734 sermonibusdeceptus.
1692 2664 1789 2718 Ille
1814 2664 2029 2718 etenim
2048 2664 2207 2718 mala
2224 2664 2432 2718 fraude

782 2753 1202 2822 imperatorem
1264 2750 1565 2819 eludebat,
1623 2768 1685 2806 se
1721 2752 2002 2824 inquiens
2043 2769 2228 2823 penes
2270 2752 2434 2807 urbis

774 2838 997 2892 mmnia
1027 2836 1219 2892 aedem
1257 2838 1498 2902 habere,
1542 2845 1867 2910 portasque
1903 2840 1960 2893 in
2002 2856 2112 2894 sua
2144 2845 2433 2910 potestate

773 2943 922 2993 esse,
953 2942 1058 2997 per
1076 2943 1231 2997 quas
1267 2928 1645 2998 imperatoris
1664 2928 2040 2999 copiasintra
2071 2929 2281 2984 urbem
2310 2930 2435 2983 sine

775 3016 1018 3086 strepitu
1051 3021 1107 3069 et
1146 3017 1270 3070 sine
1294 3031 1496 3087 pugna
1522 3018 1716 3088 quiret
1741 3018 2146 3072 intromittere.
2189 3019 2283 3073 His
2318 3034 2434 3073 ser-

776 3103 1061 3158 monibus
1087 3103 1197 3157 sibi
1222 3103 1480 3159 dicendo
1519 3104 1701 3159 fidem
1743 3105 2117 3160 conciliabat.
2161 3105 2434 3160 Afﬁnitus

778 3193 937 3248 enim
960 3192 1386 3247 etmuneribus
1415 3209 1485 3247 ac
1501 3193 1829 3248 honoribus
1864 3210 2001 3248 eum
2031 3201 2273 3249 auctum
2302 3195 2436 3250 fuis-

778 3298 864 3349 se,
904 3286 960 3336 et
998 3282 1289 3336 adversus
1338 3282 1575 3337 Achaiaa
1630 3284 1961 3355 principem
2005 3300 2210 3356 pugna
2252 3286 2438 3339 multa
2472 3302 2511 3353 ί)

778 3370 1168 3426 incommoda
1188 3386 1458 3442 passum,
1492 3370 1692 3426 multis
1717 3371 1894 3427 bonis
1928 3388 1997 3427 ac
2036 3373 2207 3444 186
2236 3374 2439 3441 gratiis

780 3459 1093 3516 afﬂuenter
1114 3460 1458 3516 abundasse
1492 3468 1650 3529 tunc,
1671 3479 1808 3517 cum
1834 3463 2177 3533 imperatori
2210 3480 2281 3517 ea
2308 3480 2439 3535 pro-

785 3552 980 3605 missa
1009 3550 1257 3605 dederat
1285 3550 1522 3622 aliaque
1553 3550 1630 3605 ab
1662 3552 2020 3622 imperatore
2050 3551 2176 3622 ipse
2208 3568 2438 3623 recepe-

782 3646 895 3705 rat,
929 3639 1234 3693 hominem
1272 3656 1412 3694 vera
1460 3639 1655 3694 dicere
1697 3639 2035 3694 suadebant
2068 3659 2080 3707 ;
2144 3641 2323 3710 Igitur
2352 3642 2439 3695 his

778 3728 975 3782 ﬁdens
998 3728 1325 3799 imperator
1355 3730 1412 3784 in
1440 3729 1665 3799 Cpolim
1697 3745 1867 3784 arma
1899 3737 2097 3784 movet
2152 3736 2207 3784 et
2235 3745 2305 3785 ex
2338 3731 2439 3785 ad-

776 3832 951 3872 verso
985 3816 1243 3871 Borealis
1284 3833 1471 3872 cornu
1515 3818 1677 3871 urbis
1717 3818 1776 3872 in
1817 3817 1947 3871 loco
1985 3818 2191 3873 Galata
2231 3826 2441 3875 vocato

778 3910 978 3961 castra
1001 3912 1276 3960 metatur.
1324 3908 1410 3973 Et,
1454 3911 1516 3961 ut
1557 3907 1802 3978 quidem
1852 3906 2182 3976 videbatur,
2224 3907 2441 3963 Galatae

780 3994 1075 4067 oppidum
1114 3995 1536 4066 oppugnabat,
1576 4012 1638 4050 re
1680 4003 1878 4051 tamen
1925 4013 2061 4051 vera
2098 3997 2437 4053 clanculum

780 4099 889 4156 per
926 4084 1319 4139 internuntios
1351 4084 1586 4139 Aselem
1614 4084 1972 4140 sollicitabat
2005 4092 2065 4140 ut
2089 4086 2295 4153 fidem,
2325 4086 2438 4140 sol-

784 4180 944 4228 veret
964 4189 1156 4227 suam.
1196 4172 1289 4228 Ille
1328 4173 1405 4228 ad
1441 4174 1697 4235 lucrum,
1732 4190 1849 4228 non
1893 4174 1968 4228 ad
2011 4175 2313 4230 veritatem
2357 4175 2437 4230 in-

783 4263 978 4325 hians,
1014 4262 1329 4317 fallacibus
1369 4279 1439 4318 ac
1478 4264 1758 4335 captiosis
1798 4265 2290 4335 responsionibus
2321 4264 2443 4322 alia

784 4357 965 4424 atque
980 4351 1095 4406 alia
1108 4369 1217 4406 con
1228 4352 1422 4423 tingen
1435 4368 1604 4417 s,rem
1624 4353 2440 4424 protrahebat.Verumtamen

788 4458 925 4495 cum
952 4442 1198 4511 tempus
1217 4441 1515 4496 diutinum
1533 4442 2300 4514 procederetipsequenihil
2322 4443 2441 4498 etii-

784 4534 960 4593 ceret,
1020 4530 1142 4583 imo
1209 4530 1386 4584 etiam
1442 4530 1689 4585 armatis
1754 4531 2099 4586 cohortibus
2142 4538 2443 4603 noctuque

2540 2036 2716 2107 ψάκῳ,
2776 2038 2919 2109 ἔαρος
2976 2036 3363 2107 ἐπιλάμψαντος
3418 2039 3555 2089 κατὰ
3606 2046 3701 2099 τῆς
3752 2042 4143 2090 Κωνσταντίνου

2540 2132 2839 2198 κεχώρηκεν
2878 2146 2890 2157 ·
2940 2126 3123 2177 ἅπασα
3162 2128 3263 2195 ’γὰρ
3314 2122 3375 2183 ἦν
3431 2126 3571 2196 αύτῷ
3617 2124 3823 2184 σπουδὴ
3861 2132 3951 2179 καὶ
4007 2127 4147 2187 άπας

2544 2220 2733 2274 σκοπός
2799 2224 2890 2275 τῆς
2976 2224 3073 2266 τῶν
3152 2220 3387 2268 Λατίνων
3462 2220 3644 2290 χειρὸς
3712 2215 4134 2290 ἁναρρύσασθαι.

2542 2303 2761 2361 Ἐπῆλθε
2789 2312 2912 2373 γοῦν
2964 2306 3099 2354 κατὰ
3155 2312 3245 2364 τῆς
3305 2304 3886 2365 Κωνσταντινουπολεως
3925 2305 3983 2357 ού
4037 2312 4149 2365 τοῖς

2543 2395 2902 2464 στρατεύμασι
2932 2391 3260 2465 τεθαρρηκὼς
3323 2389 3473 2461 (οὑδὲ
3525 2396 3627 2467 γὰρ
3684 2390 3804 2464 ἦγεν
3853 2392 4146 2465 ἀξιόμαχον

2544 2484 2793 2555 στρατιὰν
2852 2480 2919 2541 εἰς
2988 2485 3236 2543 τοιαύτης
3305 2481 3496 2542 πόλεως
3564 2482 3953 2555 πολιόρκησιν),
4020 2482 4147 2533 ἀλλὰ

2540 2570 2714 2640 λόγοις
2765 2577 2874 2629 τοῖς
2905 2577 2993 2621 τού
3044 2567 3321 2641 ἐξαδέλφου
3362 2571 3539 2633 αὑτοῦ,
3574 2571 3634 2622 οὗ
3672 2575 3730 2623 τὸ
3772 2576 3932 2642 ὄνομα
3971 2571 4145 2639 Ἀσελ,

2542 2656 2921 2729 ἐξηπατημενος
2956 2679 2967 2690 ·
3000 2659 3176 2716 ἠπάτα
3204 2664 3294 2710 καὶ
3321 2663 3419 2733 ’γάρ
3478 2664 3564 2711 τόν
3618 2659 3861 2731 βασιλέα,
3926 2662 3996 2721 ὡς
4046 2660 4146 2711 αὑ·-

2542 2749 2625 2806 τός
2679 2746 2726 2797 ἐν
2781 2755 2852 2817 τῷ
2904 2752 3073 2818 τείχει
3126 2756 3221 2808 τῆς
3268 2748 3461 2810 πόλεως
3512 2754 3607 2806 τὴν
3654 2749 3847 2801 οἰκείαν
3897 2752 4010 2821 ἔχει
4056 2754 4149 2801 καὶ

2542 2834 2709 2895 πύλας
2736 2838 2851 2905 ἔχει
2879 2836 3000 2908 παρ’
3039 2836 3200 2887 αὑτοῦ
3234 2834 3642 2909 δεσποζομένας,
3700 2835 3773 2890 δι’
3826 2840 3895 2889 ὧν
3945 2835 4147 2890 δύναιτ’

2544 2923 2604 2974 ἄν
2643 2927 2709 2975 τὰ
2746 2933 2837 2975 τού
2889 2923 3145 2997 βασιλέως
3201 2930 3569 2999 στρατεύματα
3616 2923 3762 2979 ἔνδον
3814 2936 3905 2988 τῆς
3958 2928 4153 2988 πόλεως

2546 3011 2778 3084 ἀψοφητὶ
2808 3018 2897 3065 καὶ
2934 3011 3072 3085 δίχα
3115 3016 3301 3085 μάχης
3330 3015 3649 3086 εἰσαγαγεῖν.
3707 3022 3803 3069 Καὶ
3855 3016 4153 3068 ἐπιστεύετο

2544 3101 2701 3171 λέγων
2731 3110 2896 3153 ταῦτα
2938 3124 2948 3134 ·
2983 3108 3040 3154 τό
3071 3122 3124 3155 τε
3152 3106 3253 3177 γὰρ
3328 3108 3574 3174 συγγενὲς
3626 3110 3912 3176 φαντασίαν
3970 3101 4155 3157 ἐδίδου

2546 3199 2636 3242 τού
2692 3188 2956 3248 ἀληθεύειν
3023 3195 3109 3243 τὸν
3153 3194 3441 3263 ἄνθρωπον,
3485 3197 3660 3245 καὶτὸ
3708 3193 3950 3245 πλειόνων
3983 3190 4156 3265 δωρη-

2546 3282 2721 3351 μάτων
2758 3299 2810 3331 τε
2837 3285 2925 3331 καὶ
2978 3290 3138 3352 τιμῶν
3194 3280 3292 3353 [τε]
3351 3283 3669 3353 ὑποσχέσεις
3722 3282 4004 3355 ἐνωμότους
4058 3282 4156 3334 λα-

2548 3367 2705 3420 ϐόντα
2779 3372 3094 3441 Φράγκων...
3171 3369 3218 3421 ἐν
3294 3378 3355 3442 τῇ
3427 3379 3518 3423 τού
3585 3377 3868 3443 πρίγκιπος
3934 3371 4159 3443 Ἀχαίας

2548 3460 2722 3529 μάχη,
2792 3462 2880 3509 καὶ
2932 3455 3310 3529 προσδοκήσας
3356 3456 3501 3511 δεινὰ
3565 3460 3797 3532 μάλιστα
3846 3461 4158 3535 ηὑμοιρηκει

2548 3546 2744 3597 πολλῶν
2822 3545 3047 3617 ἀγαθων,
3127 3550 3209 3600 ὅτε
3252 3554 3340 3599 καὶ
3392 3552 3485 3610 τὰς
3545 3552 3788 3610 τοιαύτας
3840 3553 4158 3621 ὑποσχέσεις

2550 3643 2621 3704 τῷ
2669 3633 2878 3707 βασιλεῖ
2926 3632 3126 3687 δέδωκε
3155 3642 3244 3689 καὶ
3296 3640 3388 3698 τὰς
3440 3641 3565 3710 πρὸς
3620 3638 3774 3690 αὐτόν
3825 3636 4153 3701 ἀντεδέξατο.

2548 3727 2758 3783 Τούτοις
2832 3720 2942 3791 οὑν,
2996 3726 3060 3784 ὡς
3114 3728 3320 3797 ἔφημεν,
3373 3725 3584 3787 ἐλπίσας
3639 3728 3663 3777 6
3720 3726 3971 3799 βασιλεύς
4021 3731 4158 3780 κατὰ

2550 3821 2640 3873 τῆς
2729 3819 3118 3865 Κωνσταντίνου
3197 3813 3361 3886 ἐπῄει,
3433 3820 3523 3867 καὶ
3581 3814 3855 3889 ἀντιπέραν
3904 3825 3995 3869 τού
4060 3816 4157 3889 βο-

2550 3908 2690 3974 ρείου
2728 3902 2843 3974 (97)
2875 3906 3035 3977 κέρως
3062 3911 3156 3965 τῆς
3210 3904 3401 3964 πόλεως
3432 3903 3479 3956 ἐν
3520 3914 3591 3975 τῷ
3649 3911 3791 3977 τόπῳ
3846 3916 3938 3959 τού
4000 3914 4033 3959 Γ
4036 3907 4159 3959 αλα-

2550 4000 2617 4045 τᾶ
2672 3994 3132 4064 κατονομαζόμένῳ
3192 3990 3730 4067 ἐστρατοπεδεύσατο,
3789 4001 3879 4048 καὶ
3944 4006 4016 4067 τῷ

2553 4082 2723 4138 δοκεῖν
2754 4088 2811 4135 τό
2858 4092 2950 4135 τού
2983 4083 3184 4135 Γαλατᾶ
3212 4082 3439 4155 ἐμάχετο
3493 4088 3755 4158 φρούριον,
3811 4094 3873 4159 τῇ
3934 4084 3985 4138 δ’
4040 4085 4165 4143 ἁλη-

2555 4176 2665 4245 θείᾳ
2694 4177 2867 4246 κρύφα
2923 4176 3049 4246 πρός
3107 4176 3193 4223 τὸν
3254 4172 3405 4224 Ἀσὲλ
3466 4176 3684 4245 ἔπεμπεν
3733 4177 3871 4237 ὅπως
3902 4178 3994 4237 τὰς
4034 4178 4163 4227 ὑπο-

2555 4268 2769 4334 σχέσεις
2834 4261 3172 4333 πληρώσειεν.
3224 4261 3281 4313 Ὀ
3332 4257 3391 4313 δε
3462 4266 3588 4334 πρός
3640 4260 3823 4335 κέρδος
3880 4264 4033 4337 ἐώρα,
4082 4264 4172 4316 ού-

2552 4356 2679 4425 πρός
2733 4350 2976 4408 ἀλήθειαν
3015 4372 3027 4382 ·
3085 4346 3299 4420 ’χευδεῖς
3336 4358 3459 4421 γοῦν
3516 4349 3737 4404 ἐποιεῖτο
3792 4355 3887 4414 τὰς
3947 4352 4168 4429 ἀποκρί-

2556 4460 2681 4506 σεις,
2743 4440 2873 4491 ἀλλα
2950 4438 3027 4491 ἐπ’
3076 4439 3245 4499 ἄλλοις
3310 4440 3781 4513 προφασιζόμενος.
3845 4443 3987 4493 Ἐπεὶ
4038 4451 4167 4513 γοῦν

2556 4533 2727 4591 ἱκανός
2781 4528 3041 4604 παρερρύη
3119 4535 3306 4603 χρόνος
3353 4534 3441 4581 καὶ
3488 4527 3639 4582 οὐδὲν
3689 4534 3859 4601 ἤνυεν,
3910 4530 4038 4583 ἀλλὰ
4077 4537 4167 4584 καὶ

779 4618 1113 4691 progressis
1131 4617 1283 4672 illius
1301 4618 1374 4672 ad
1398 4618 1648 4673 domum
1668 4622 2216 4692 appropinquatum
2241 4621 2446 4676 fuisset
2478 4654 2518 4706 υ

2396 4626 2446 4676 et
2478 4654 2518 4706 υ
2553 4628 2647 4682 τῆς
2708 4625 2955 4695 στρατιὰς
2999 4617 3337 4679 ὁπλισθείσης
3389 4624 3478 4670 καὶ
3526 4624 3710 4681 νυκτὸς
3768 4619 4032 4682 ἀπιούσης
4073 4626 4161 4673 καὶ

778 4707 863 4775 (id
886 4707 1046 4762 enim
1068 4706 1181 4767 ille.
1221 4714 1279 4761 ut
1299 4706 1482 4772 fieret,
1509 4707 1936 4773 denuntiarat),
1975 4715 2098 4763 tum
2126 4710 2442 4765 mendacio

782 4797 982 4851 fallere
1028 4803 1083 4850 et
1125 4812 1263 4850 vera
1304 4796 1671 4851 confundere
1708 4797 1908 4867 palam
1952 4796 2440 4869 deprehenditur.

783 4889 1002 4940 Etcum
1028 4885 1155 4955 ipse
1185 4886 1665 4957 responsionem,
1708 4902 1830 4958 qua
1864 4886 2113 4955 objectis
2146 4889 2267 4941 fieri
2296 4889 2439 4942 satis

778 4977 997 5047 posset,
1021 4973 1184 5028 haud
1216 4973 1480 5039 haberet,
1516 4975 1737 5029 crimen
1781 4974 1839 5028 in
1883 4975 2046 5029 urbis
2107 4976 2435 5047 principem

2553 4716 2613 4780 τῇ
2677 4708 2817 4780 οἰκίᾳ
2864 4710 3049 4759 τούτου
3104 4710 3535 4779 προσεγγισάσης
3597 4715 3774 4771 (τούτο
3828 4712 3928 4782 γὰρ
3978 4709 4162 4770 ἐκεῖνος

2550 4800 2790 4868 γενέσθαι
2857 4794 3256 4869 διεμηνύσατο),
3331 4802 3445 4847 τότε
3501 4793 3795 4867 ψεύδεσθαι
3857 4806 4161 4872 πεφώραται

2552 4896 2801 4960 φανερῶς.
2846 4891 2945 4938 Καὶ
3012 4884 3117 4937 ἐπεὶ
3154 4884 3249 4935 οὑκ
3303 4883 3415 4957 εἶχέ
3466 4905 3583 4937 τινα
3632 4887 3839 4957 εὔλογον
3879 4886 4162 4959 ἀπολογίαν

2548 4977 2900 5040 ποιήσασθαι,
2946 4980 3040 5032 τὴν
3088 4974 3260 5025 αἰτίαν
3292 4974 3360 5036 εἰς
3402 4978 3487 5026 τόν
3542 4977 3781 5047 ἄρχοντα
3830 4986 3918 5036 τῆς
3970 4977 4165 5038 πόλεως

852 5100 900 5131 τ’
945 5097 987 5151 D
1032 5096 1142 5172 :_‘O
1193 5094 1251 5150 δὲ
1311 5097 1563 5169 βασιλεὺς
1619 5102 1766 5172 ἔαρος
1823 5098 2207 5171 ἐπιλάμψαντος
2256 5105 2389 5155 κατὰ
2428 5109 2522 5163 τῆς
2582 5104 2971 5153 Κωνσταντίνου
3020 5105 3339 5172 κεχῴρηκεν.
3411 5100 3632 5172 ’ῌΕπῆλθε
3680 5112 3804 5171 γουν
3852 5103 3965 5153 κατ’
4006 5103 4166 5163 αὐτῆς

778 5178 851 5240 τῷ
932 5167 1192 5245 ἐξαδελφῳ
1274 5167 1433 5221 αὑτοῦ
1511 5167 1685 5223 Ἀσὲλί
1748 5167 2128 5243 ἐξηπατημένος
2213 5175 2637 5244 ὑπισχνουμένου
2712 5175 2909 5230 ταύτην
2978 5167 3307 5245 παραδουναι
3370 5170 3531 5245 αὐτῷ,
3591 5167 3698 5245 καί
3746 5172 3794 5225 ἐν
3840 5182 3910 5244 τῷ
3957 5174 4165 5245 Γαλατᾷ

779 5237 1315 5315 ἐστρατοπεδεύσατο,
1366 5248 1455 5293 καὶ
1502 5247 1558 5294 τό
1608 5251 1698 5299 τού
1777 5237 1991 5295 Γαλατοῖ
2027 5244 2259 5316 ἐμάχετο
2326 5237 2615 5325 ᾑρούριον..
2652 5244 2883 5297 Ἀπιόντι
2953 5237 3062 5297 οὖν’
3098 5242 3285 5296 ἐκεῖθεν
3338 5237 3583 5316 πρέσϐεις
3635 5242 3689 5295 ἐκ
3752 5237 3987 5297 Λατίνων
4036 5237 4164 5305 ἧκον

778 5319 901 5387 περὶ
924 5316 1153 5384 ἀγάπης,
1187 5320 1276 5365 καὶ
1303 5319 1477 5385 γέγονε
1514 5320 1705 5388 χρόνον
1734 5316 1840 5385 ἕνα.

1697 5438 2033 5507 Theodori
2089 5440 2338 5508 Dousa;
2389 5451 2453 5507 et
2502 5440 2753 5509 Leonis
2802 5439 3035 5507 Allatii
3086 5449 3286 5506 notae.

841 5581 957 5653 (96)
1023 5586 1122 5634 Τόν
1196 5584 1288 5655 μεν
1362 5579 1449 5634 οὖν
1525 5579 2006 5657 σεϐαστοκράτορᾳ.

768 5670 827 5729 p.
855 5659 945 5729 76ἲ
983 5656 1125 5729 ALL.

842 5725 956 5802 (97)
1019 5727 1327 5799 ῗΑντῖπέραν
1382 5732 1472 5779 τοῦ
1537 5732 1743 5802 Βορεου.
1829 5728 2142 5798 Gregoras,
2218 5742 2277 5799 Ρ.
2346 5729 2433 5783 80.

2123 5584 2436 5653 Gregoras,

2550 5586 2631 5713 Re
2652 5583 2766 5639 hac
2792 5599 2853 5639 re
2881 5582 3153 5656 pluribus
3180 5582 3303 5653 agit
3330 5581 3743 5657 Pacbymeres,
3770 5582 3876 5641 lib.
3899 5600 3956 5651 ll,
3990 5600 4040 5660 c.
4072 5589 4157 5641 l9.

2604 5672 2684 5711 LL.

2604 5672 2684 5711 LL.
