4470 6452
339 402 474 454 1205

1844 389 2184 448 ANNALES.

3561 392 3696 446 l206

335 524 475 574 rem
513 542 525 555 -
547 543 576 569 «
606 519 923 572 ’Υπετόπασε
956 540 982 566 ››
1010 515 1090 587 [Ρ.
1123 514 1213 587 97]
1253 519 1354 587 γὰρ
1423 515 1643 588 εὶρηκεν,
1699 538 1724 560 ‹‹
1788 515 1937 575 οὗτος
1971 524 2014 570 Α
2046 531 2100 570 re

1929 536 1937 575 ;
1971 524 2014 570 A
2046 515 2335 570 referebat
2365 535 2375 570 :
2416 537 2435 564 ι
2472 519 2669 586 Neque
2702 520 2857 573 enim
2883 518 3167 572 decorum
3193 517 3273 572 illi
3341 518 3694 574 videbantur

335 613 405 672 ὡς
431 611 489 662 οὗ
520 609 674 660 καλὸν
700 607 812 659 ἐστι
848 610 936 665 τας
967 606 1103 666 κλεῖς
1163 625 1223 675 με
1273 615 1370 655 τῶν
1415 612 1505 664 τῆς
1559 604 1751 664 πόλεώς
1814 624 1934 655 κατ-

335 702 477 769 έχειν
541 697 734 761 πυλῶν,
788 692 1020 766 καὶθδια
1078 702 1244 744 ταντα
1298 693 1467 762 sine:
1502 697 1689 751 ταυτας
1756 692 1932 755 αὐτὸς,

335 793 423 838 καὶ
446 783 480 837 δ
510 790 542 837 ἀ
571 792 722 836 τοῦτο
752 787 912 854 ἔγωγε
942 787 1059 855 περὶ
1088 787 1146 833 τό
1187 785 1330 854 ἔργον
1386 776 1647 834 ἀδυνατώ,
1713 803 1737 826 η
1795 781 1934 832 Ἐπεὶ

333 872 423 926 οὖν
449 876 688 947 καθαρῶς
737 876 831 929 τὴν
878 878 970 923 του
1022 872 1293 943 ανθρώπου
1337 867 1542 926 ἀπάτην
1604 867 1876 938 ἑπεγνώκει
1908 871 1932 918 6

337 963 602 1036 βασιλεὺς,
627 960 764 1033 ἐξῄει
793 967 887 1011 τοῦ
935 963 1115 1011 τόπου.
1181 959 1310 1011 Καθ’
1357 954 1478 1009 ὀδόν
1521 954 1578 1009 δὲ
1631 965 1767 1029 τρεῖς
1809 961 1930 1029 πρέο

338 1051 477 1111 σϐεις
498 1051 704 1122 εἰρήνην
734 1049 1001 1107 αἰτοῦντας
1036 1051 1164 1118 πρὸς
1185 1050 1271 1098 τόν
1332 1045 1554 1118 βασιλέα
1610 1049 1656 1096 οὶ
1723 1049 1930 1096 Λατῖνοι

333 1143 690 1210 πεπόμφασιν,
747 1137 806 1188 Ὀ
862 1133 920 1188 δὲ
980 1135 1228 1208 βασιλεὺς
1290 1140 1538 1190 πεποίηκε
1593 1137 1802 1196 ταύτην,
1864 1134 1930 1193 εἰς

2045 618 2232 674 penes
2265 619 2378 665 me,
2412 628 2436 650 υ
2465 605 2661 660 aiebat
2691 606 2804 671 ille,
2841 629 2868 654 «
2903 606 3098 660 claves
3132 606 3294 661 urbis
3325 623 3478 672 esse,
3537 608 3701 662 ideo-

2043 709 2160 762 que
2194 709 2295 747 eas
2326 693 2589 752 abstulit.
2623 701 2680 749 et
2709 711 2852 762 ergo
2883 711 3036 766 opus
3063 694 3343 765 perficere
3371 711 3626 766 nequeo.
3670 719 3697 744 η

2045 780 2135 835 Sic
2161 781 2366 836 fraude
2397 782 2656 837 hominis
2690 783 2864 853 plane
2896 783 3127 840 detecta
3184 784 3510 855 imperator
3569 785 3702 841 loco

2041 871 2358 936 egreditur.
2397 874 2457 925 in
2482 871 2689 926 itinere
2721 879 2836 927 tres
2866 873 3040 941 legati
3069 889 3104 927 a
3138 873 3352 928 Latinis
3377 874 3450 927 ad
3513 873 3698 944 impe-

2039 963 2298 1014 ratorem
2323 960 2486 1014 missi
2523 975 2732 1031 pacem
2756 968 2994 1031 petunt:
3019 977 3202 1032 quam
3225 961 3336 1016 illis
3369 966 3694 1032 Imperator

2038 1062 2160 1101 non
2187 1064 2305 1101 uuo
2326 1049 2584 1119 amplius
2601 1065 2760 1104 anno
2785 1051 3093 1112 concessit,
3114 1066 3251 1104 cum
3271 1067 3363 1104 res
3389 1065 3596 1105 eorum
3628 1050 3687 1105 in

2037 1142 2364 1191 extremum
2395 1138 2520 1205 jam
2545 1137 2864 1193 discrimen
2883 1138 3251 1194 adduxisset.

335 1232 567 1280 ἐνιαυτόν
600 1225 658 1279 δὲ
689 1232 778 1278 καὶ
836 1231 987 1297 μόνον
1044 1227 1150 1284 ἕνα,
1201 1225 1247 1274 ἐν
1309 1232 1467 1293 στενῴ
1509 1221 1703 1294 κομιδῆ
1756 1222 2065 1293 ἐπισφίγξας
2092 1229 2292 1284 τούτοις
2316 1227 2379 1276 τὰ
2417 1228 2720 1297 πράγματα.

404 1313 513 1369 πόν.
548 1318 876 1387 Διαπεράσας
912 1323 1037 1385 γοῦν
1094 1315 1143 1347 τ³
1202 1316 1227 1364 6
1283 1312 1526 1384 βασιλεὺς
1574 1316 1659 1363 τόν
1724 1311 1931 1366 Ἑλλήσ-

334 1425 516 1457 ποντον
543 1409 605 1457 τὰ
654 1415 754 1456 τῶν
822 1411 1010 1473 Πηγῶν
1059 1401 1306 1454 κατελαϐε
1363 1406 1515 1474 μέρη,
1569 1400 1778 1452 κακείσε
1843 1402 1932 1460 τὰς

338 1491 617 1566 διατριϐὰς
682 1493 923 1546 ἐποιεῖτο.
977 1494 1116 1544 Ἐπεὶ
1179 1488 1239 1542 δὲ
1293 1492 1318 1541 6
1377 1499 1468 1540 τον
1525 1492 1698 1560 θέρους
1747 1494 1932 1559 παρῄει

335 1584 536 1656 καιρός.
571 1582 698 1634 ἀλλὰ
727 1602 784 1652 γε
839 1578 905 1638 δὴ
967 1587 1056 1632 καὶ⁹
1113 1583 1138 1631 ό
1194 1589 1290 1640 τῆς
1348 1579 1548 1650 ὀπώρας
1607 1578 1782 1650 ἐρρύη,
1839 1586 1936 1627 τῶν

334 1676 581 1724 τοιούτων
613 1672 814 1743 ἀπάρας
843 1676 1031 1742 χώρων
1062 1673 1186 1741 πρός
1220 1673 1312 1726 τήν
1365 1666 1416 1728 ἔξ
1465 1669 1608 1726 ἔθους
1667 1667 1781 1734 (98)
1827 1673 1938 1724 τοῖς

335 1759 645 1832 βασιλεῦσιν
676 1760 837 1812 οὖσαν
875 1758 1188 1824 ἀνάπαυσιν,
1244 1755 1294 1818 ἐξ
1343 1758 1460 1808 ὅτου
1515 1765 1607 1816 τῆς
1669 1762 1938 1807 Κώνσταν-

331 1855 475 1902 τίνου
541 1857 819 1920 γεγονασιν
881 1849 1170 1918 ὑπερόριοι,
1254 1850 1568 1902 κατηντήκει
1641 1847 1700 1895 τὸ
1794 1847 1938 1914 Νυμ-

333 1957 502 2010 φαιον.
564 1938 682 2009 Ἐμὲ
733 1934 794 1988 δι
844 1939 969 2010 πρὸς
1030 1934 1116 1986 τόν
1168 1936 1410 2006 ἄρχοντα
1467 1942 1560 1990 τῆν
1636 1931 1936 2001 Βουλγάρων

1254 1850 1482 1902 κατηντή
1491 1864 1568 1895 κει
1641 1847 1700 1895 τὸ

332 2041 726 2088 Κωνσταντῖνον
799 2031 1028 2106 πρέσϐυν
1112 2030 1449 2101 ἐκπέπομφεν.
1533 2029 1742 2099 Ἀπῄειν
1813 2035 1936 2098 γοῦν

328 2127 459 2198 πρὸς
490 2123 666 2187 αὐτὸν,
699 2127 789 2174 καὶ
821 2118 1104 2174 διεϐίϐασα
1138 2120 1246 2191 μετ’
1275 2120 1434 2170 αὐτοῦ
1496 2120 1690 2190 ἡμέρας
1745 2120 1889 2177 τινας
1918 2138 1930 2148 ε

331 2216 520 2284 ἔτυχον
540 2215 642 2286 γὰρ
664 2208 779 2263 τότε
809 2216 898 2262 καὶ
943 2211 1245 2282 ἑορτάσιμοι
1293 2216 1385 2259 τοῦ
1435 2215 1669 2280 Χριστοῦ
1722 2208 1934 2278 ἡμέραι,

334 2305 364 2360 ἦ
407 2321 462 2354 τε
500 2311 600 2354 τῶν
655 2300 922 2372 γενεθλίων
974 2304 1064 2351 καὶ
1135 2301 1163 2354 ἡ
1225 2298 1316 2350 τοῦ
1375 2296 1764 2368 βαπτίσματος,
1888 2296 1937 2345 οἱ

331 2399 433 2443 τῶν
520 2389 824 2461 Βουλγάρων
901 2390 1154 2459 ἄρχοντες
1222 2387 1609 2458 λαμπρυνονται
1683 2384 1931 2456 μάλιστα,

332 2485 423 2532 καὶ
445 2478 674 2531 ἐϐούλετο
706 2480 731 2530 ὁ
766 2486 866 2530 τὼν
886 2476 1190 2548 Βουλγάρων
1238 2478 1420 2548 ἄρχων
1480 2479 1593 2526 τότε
1659 2480 1934 2526 Κώνσταν-

331 2575 467 2628 τίνος
501 2573 678 2640 σφίσιν
727 2567 905 2628 αὐτοῖς
966 2566 1194 2617 σύνεῖναι
1251 2568 1382 2635 καμε
1443 2569 1532 2614 καὶ
1580 2565 1765 2620 θεατὴν
1804 2567 1935 2632 γενέ-

336 2659 461 2710 σθαι
516 2664 616 2708 τῶν
668 2655 1000 2726 τελουμένων.
1066 2656 1144 2705 Τὰ
1181 2657 1603 2726 προστεταγμένα
1669 2670 1758 2722 μοι
1813 2659 1937 2720 γοῦν

332 2746 723 2818 πληρώσαςτοῡ
747 2742 997 2815 Τρινόϐου
1050 2742 1236 2814 ἐξῄειν,
1292 2747 1382 2793 καὶ
1438 2745 1563 2815 πρὸς
1628 2743 1719 2792 τὸυ
1771 2738 1936 2811 βασι-

332 2835 421 2886 λέα
453 2832 716 2906 ὰπῂεινέν
779 2841 850 2884 τῶ
902 2837 1160 2903 Νυμφαίῳ
1221 2827 1494 2901 διάγοντα.
1559 2830 1756 2880 Ἐκεῐσε
1813 2836 1938 2899 γονν

335 2923 361 2975 ὁ
417 2922 666 2996 βασιλεὺς
714 2927 1084 2996 παρεχείμεσε,
1146 2925 1237 2972 καὶ
1320 2919 1707 2990 ἐπιλάμψαντος
1791 2917 1938 2991 ἓαρος

332 3019 426 3064 τοῦ
480 3016 758 3084 Νυμφαίου
809 3009 965 3083 ἐξῄει,
1013 3016 1105 3068 τὴν
1154 3009 1396 3081 λαμπρὰν
1458 3016 1553 3068 τῆς
1608 3005 1936 3067 ἀναστάσεως

332 3109 430 3153 τοῦ
492 3105 676 3175 κυρίου
719 3102 915 3174 ἡμέραν
982 3101 1341 3173 προεορτάσας
1384 3116 1432 3149 εν
1512 3105 1583 3166 τῷ
1656 3101 1932 3167 Νυμφαίῳ.

332 3190 559 3263 Ἡμέρας
591 3187 649 3242 δὲ
701 3209 844 3250 τινας
896 3187 944 3240 ἐν
1005 3196 1114 3250 τοῖς
1171 3186 1405 3248 Φλεϐίοις
1449 3183 1790 3251 διαϐιϐάσας,
1854 3185 1936 3237 ἐπὶ

333 3285 492 3331 τόπον
550 3278 685 3330 οὑτω
727 3297 833 3338 πως
890 3276 1333 3349 ἐπονομαζόμενον
1394 3275 1724 3346 κλυζομένην
1786 3272 1934 3326 ἀπελ-

337 3370 436 3420 θὼν
475 3365 696 3429 ἐπήξατο
739 3370 833 3428 τὰς
891 3369 1102 3426 σκηνὰς.
1157 3367 1353 3418 Ἐκείσε
1399 3369 1488 3416 καὶ
1543 3366 1645 3437 γὰρ
1695 3363 1937 3414 εἰώθασιν

331 3459 383 3508 οἱ
415 3455 650 3528 βασιλεῖς
692 3464 782 3506 τοῦ
849 3460 1123 3527 Νυμφαίου
1169 3454 1382 3516 ἐξιόντες
1436 3451 1788 3526 χρονοτριϐεῖν
1849 3457 1939 3506 καὶ

332 3548 391 3596 τό
421 3545 570 3597 πλέον
596 3552 688 3596 τοῦ
719 3543 920 3619 ἐαρινου
977 3541 1312 3617 παραμείϐειν
1370 3549 1573 3614 καιροῦ·
1637 3542 1662 3592 ὃ
1727 3560 1778 3592 τε
1835 3544 1936 3612 γὰρ

331 3639 490 3695 τόπος
536 3630 722 3695 πεδιὰς
784 3633 917 3693 ἅπας
973 3639 1062 3685 καὶ
1100 3636 1292 3704 χόρτον
1359 3629 1744 3704 προϐεϐλημένη
1820 3631 1941 3682 πολ-

331 3722 440 3783 λοῖς
503 3721 761 3795 ἀρκοῦντα
826 3730 935 3784 τοῖς
1015 3725 1212 3786 ἵπποις,
1288 3719 1609 3794 κατάρρυτος
1687 3716 1746 3771 δὲ
1811 3740 1938 3790 τυγ-

331 3814 488 3884 χάνει
543 3817 632 3864 καὶ
684 3809 898 3874 ὕδασιν,
968 3811 1126 3882 ἐγγὺς
1205 3808 1264 3862 δὲ
1347 3810 1506 3861 αὑτοῦ
1585 3816 1765 3880 κώμας
1827 3812 1939 3879 Ex”!

331 3900 526 3964 πολλὰς
575 3906 664 3952 καὶ
723 3901 914 3963 πόλεις,
984 3900 1036 3963 ἐξ
1095 3901 1162 3950 ὧν
1222 3896 1421 3970 δαψιλῆ
1484 3900 1819 3956 καθειστήκει
1875 3904 1939 3951 τα

1751 4005 1840 4037 και
1912 4006 1937 4037 ο

334 3991 571 4063 ζωαρκῆ⁸
619 3989 816 4041 Ἐκείσε
865 3991 966 4062 γαρ
1022 3992 1160 4048 ὄντος
1238 3997 1330 4039 του
1405 3985 1662 4060 βασιλέως

336 4077 767 4151 σεϐαστοκράτωρ
858 4079 884 4127 ό
983 4083 1252 4150 Τορνίκιος
1347 4075 1402 4126 ἐκ
1509 4085 1602 4136 τῆς
1705 4081 1937 4128 Νικαέων

334 4162 715 4237 ἐπιδεδήμηκε,
751 4171 840 4216 καὶ
869 4161 944 4216 δι’
1003 4165 1164 4236 ὄχλου
1225 4172 1284 4236 τῇ
1348 4162 1560 4236 βασιλεῖ
1616 4168 1790 4233 γέγονε
1846 4159 1940 4215 διὰ

332 4275 419 4306 τον
448 4257 1056 4329 προπατριαρχευσαντα
1087 4255 1374 4325 Ἀρσένιον.
1412 4252 1471 4304 Ὀ
1529 4255 1631 4326 γὰρ
1686 4272 1935 4327 πατριαρ-

331 4346 488 4413 χικός
540 4341 762 4414 ἐχήρευε
821 4343 1017 4416 θρόνος,
1094 4350 1185 4392 τοῦ
1238 4343 1723 4412 πατριαχενσαντος
1777 4347 1938 4397 Νικη-

2003 3071 2016 3118 ἶ
2046 3087 2271 3142 dictum
2313 3089 2557 3142 veniens

2115 1316 2200 1366 8-4.
2237 1316 2414 1378 Igitur
2444 1315 2767 1384 imperator
2796 1315 3241 1386 Hellespontum
3298 1320 3461 1371 trans
3523 1316 3691 1386 abiit,

2043 1409 2098 1455 et
2131 1406 2414 1457 Peuarum
2445 1410 2662 1474 partes.
2701 1404 2799 1458 ubi
2839 1404 3004 1474 187
3036 1420 3235 1460 moras
3261 1404 3550 1467 trahebat,
3582 1421 3684 1459 oc-

2044 1497 2242 1561 cupat.
2275 1492 2418 1545 Cum
2449 1508 2584 1545 vero
2607 1498 2787 1546 aestas
2818 1492 3210 1563 praeter-lapsa
3226 1493 3435 1547 fuisset
3457 1509 3691 1548 necnon

2045 1580 2314 1634 autumni
2339 1586 2577 1650 tempus
2603 1581 2980 1648 excurrisset,
3034 1581 3172 1636 inde
3234 1581 3552 1635 discedens
3614 1580 3693 1636 ad

2045 1668 2782 1740 quietemimperatoribus
2810 1669 2884 1724 de
2911 1685 3096 1735 more,
3125 1687 3192 1724 ex
3233 1686 3304 1725 eo
3361 1686 3484 1742 quo
3533 1669 3694 1741 Cpoli

2047 1762 2309 1812 extorres
2346 1762 2613 1828 tempore
2679 1758 3064 1824 oberrabant,
3091 1758 3475 1815 destinatam.
3510 1761 3690 1828 Nym-

2047 1847 2286 1918 phaeum
2314 1848 2601 1918 pervenit.
2633 1849 2712 1902 Me
2743 1863 2921 1918 porro
2952 1847 3030 1903 ad
3063 1848 3521 1902 Constantinum
3564 1847 3694 1902 Bul-

2045 1951 2326 1999 garorum
2363 1936 2684 2006 principem
2717 1936 2978 2006 legatum
3012 1937 3202 1990 mittit.
3235 1936 3385 2000 Abii,
3446 1942 3502 1991 et
3553 1952 3694 1992 cum

2043 2040 2113 2079 eo
2142 2041 2246 2094 per
2273 2025 2507 2095 aliquos
2531 2024 2656 2078 dies
2681 2029 2946 2079 versatus
2977 2041 3132 2092 sum,
3159 2028 3427 2096 Namque
3449 2040 3520 2079 ea
3542 2029 3691 2078 tem-

2043 2119 2266 2186 pestate
2296 2114 2424 2168 festi
2459 2113 2584 2168 dies
2607 2114 2816 2169 Christi
2848 2113 3140 2170 natalium
3166 2114 3245 2169 ad
3287 2114 3689 2186 baptismatis,

2043 2203 2264 2273 quibus
2288 2201 2675 2269 Bulgarorum
2711 2203 3009 2274 principes
3038 2201 3550 2270 magnificentiam
3597 2218 3693 2257 os-

2044 2296 2290 2354 tentant,
2321 2289 2779 2344 celebrabantur
2803 2308 2820 2360 ;
2846 2290 3099 2360 ideoque
3127 2289 3514 2356 Bulgarorum
3537 2290 3696 2362 prin-

2045 2394 2184 2449 ceps
2217 2378 2661 2441 Constantinus,
2690 2385 2750 2433 ut
2770 2395 2905 2433 cum
2929 2378 3014 2432 eis
3032 2383 3171 2433 tunc
3187 2379 3460 2434 oculatus
3483 2395 3694 2434 eorum

2045 2484 2178 2539 quin
2207 2469 2432 2522 fiebant
2463 2474 2759 2539 spectator
2789 2468 3084 2534 adessem,
3119 2469 3391 2536 cogebat.
3420 2469 3698 2525 Mandata

2047 2557 2244 2628 itaque
2267 2557 2410 2611 mihi
2429 2558 2709 2628 imposita
2730 2562 3046 2612 exsecutus
3071 2557 3326 2612 Trinobo
3352 2574 3517 2612 exeo.
3543 2563 3599 2613 et
3619 2557 3696 2614 ad

2045 2646 2465 2717 imperatorem
2499 2651 2638 2699 tunc
2671 2645 2978 2717 Nymphaei
3012 2651 3414 2710 cunctantem,
3468 2647 3528 2701 in
3575 2662 3699 2718 quo

2046 2740 2102 2788 et
2123 2734 2558 2797 hibernaverat,
2579 2750 2674 2788 me
2697 2734 2962 2790 confero.
2983 2739 3224 2790 Ineunte
3243 2751 3374 2790 vere
3397 2734 3492 2790 ille
3516 2738 3700 2806 Nym-

2048 2823 2221 2892 phaio
2247 2822 2566 2888 egreditur,
2590 2822 2752 2893 prius
2779 2821 3000 2878 ibidem
3025 2823 3158 2878 laeto
3180 2839 3248 2877 ac
3271 2823 3588 2894 splendido
3609 2840 3700 2879 re-

2048 2911 2425 2966 surrectionis
2459 2911 2776 2966 liomiuicae
2808 2910 2903 2966 die
2952 2912 3384 2968 concelebrato.
3451 2916 3516 2968 Et
3570 2913 3702 2967 dies

2047 2997 2275 3069 aliquot
2298 2998 2549 3054 Phlebiis
2580 3001 2699 3067 egit
2723 3019 2735 3066 ;
2759 3000 2896 3054 inde
2925 3000 3003 3054 ad
3025 3001 3224 3055 locum
3283 3000 3701 3073 Clyzomenem

2614 3090 2871 3144 tentoria
2921 3089 3172 3144 collocat
3225 3107 3237 3144 :
3296 3106 3563 3162 namque
3615 3090 3698 3146 ibi

2046 3178 2376 3249 Nymphaeo
2403 3185 2688 3232 exeuntes
2716 3183 2952 3249 tempus
2982 3182 3285 3233 conterere
3308 3183 3362 3232 et
3393 3177 3548 3232 veris
3575 3177 3696 3248 ple-

2045 3282 2301 3337 rumque
2333 3281 2507 3332 agere
2531 3267 2918 3337 imperatores
2940 3272 3272 3322 sueverant.
3304 3269 3564 3338 Campus
3591 3282 3698 3321 un-

2046 3355 2226 3426 dique
2259 3354 2497 3426 planitie
2519 3356 2793 3419 excurrit,
2823 3371 2970 3422 agro
2992 3355 3159 3411 fertili
3189 3361 3368 3428 atque
3412 3356 3696 3422 herboso,

2046 3445 2147 3517 qui
2178 3445 2452 3515 plurimis
2474 3445 2644 3516 equis
2684 3445 2858 3516 188
2881 3445 3110 3500 alendis
3163 3445 3482 3512 suffecerit,
3525 3447 3700 3517 aquis

2048 3533 2292 3603 irriguo.
2310 3540 2366 3588 et
2393 3533 2716 3588 multorum
2739 3536 3009 3589 vicorum
3029 3551 3098 3590 ac
3122 3535 3362 3591 urbium
3380 3535 3698 3602 vicinitate;

2049 3624 2208 3678 unde
2235 3623 2365 3677 vitae
2391 3623 2728 3679 necessaria
2741 3624 3052 3680 afﬂuenter
3065 3625 3541 3697 suppeditantur,
3564 3640 3702 3697 per-
3785 3658 3791 3664 -

2049 3716 2410 3783 Opportuuo.
2441 3715 2498 3764 In
2531 3727 2601 3765 eo
2641 3727 2780 3766 cum
2830 3717 2988 3767 esset
3035 3714 3380 3785 imperator,
3433 3713 3703 3768 sebasto-

2049 3807 2246 3856 orator
2274 3801 2578 3856 Toruicius
2608 3801 2801 3856 Nicaea
2827 3802 3119 3857 accedens
3141 3819 3249 3874 pro
3285 3803 3704 3874 expatriarcha

2049 3891 2298 3945 Arsenio
2331 3890 2597 3945 modeste
2621 3895 3038 3962 imperatorem
3070 3897 3261 3962 rogat,
3304 3892 3701 3964 patriarchale

2049 3978 2347 4051 siquidem
2373 3979 2589 4033 solium
2625 3980 2952 4051 Nieephoro
2982 3981 3337 4053 patriarcha,
3370 3982 3471 4053 qui
3503 3982 3563 4037 in
3597 3997 3702 4052 pa-

2048 4069 2360 4124 triarchale
2375 4069 2610 4124 culmen
2625 4085 2695 4124 ex
2713 4070 3006 4141 Ephesino
3019 4071 3397 4143 metropolita
3417 4072 3702 4126 ascende-

2047 4167 2156 4224 rat,
2174 4176 2244 4212 ex
2265 4165 2494 4214 terreno
2512 4159 2588 4213 ad
2607 4159 2874 4215 cmlestia
2893 4166 3335 4232 promoto,cum
3350 4163 3703 4232 necintegro

2048 4263 2208 4303 anno
2225 4247 2646 4318 patriarchatui
2665 4249 3253 4319 prtefuisset,sessore
3267 4249 3702 4306 destituebalur

2046 4338 2332 4392 Arseuius
2364 4337 2441 4390 ad
2475 4338 2833 4407 imperatore
2861 4337 3179 4394 Theodoro
3203 4339 3258 4392 in
3291 4339 3700 4410 patriarcham

331 4435 509 4504 φόρου,
575 4431 630 4492 ὃς
698 4430 798 4482 ἀπὸ
857 4440 952 4490 τῆς
1009 4432 1227 4501 Ἐφέσου
1288 4431 1357 4490 εἰς
1408 4434 1488 4480 τόν
1546 4433 1936 4501 πατριαρχικόν
1971 4435 2011 4487 D
2047 4425 2096 4480 fu

1971 4435 2011 4487 D
2047 4425 2234 4480 fuerat
2265 4427 2506 4490 electus,
2536 4427 2619 4480 vir
2650 4433 2704 4480 et
2728 4426 2907 4481 verbo
2934 4432 2990 4482 et
3010 4443 3189 4498 opere
3227 4444 3415 4500 quam
3472 4429 3701 4484 dexter-

329 4522 568 4591 μετετέθη
631 4522 829 4593 θρόνον,
879 4517 1170 4593 ἀπάραντος
1237 4528 1336 4570 τὼν
1393 4515 1591 4570 ἐνθένδε
1676 4538 1804 4591 προς
1874 4523 1936 4570 τα

331 4609 565 4674 οὐράνια,
600 4605 738 4681 μηδὲ
765 4609 834 4670 εἰς
861 4608 972 4660 ὅλον
1000 4605 1198 4679 σχεδὸν
1231 4607 1462 4659 ἐνιαυτὸν
1514 4615 1604 4659 τοὺ
1663 4627 1927 4681 πατριαρ-

331 4706 493 4770 χικου
515 4696 904 4757 ἀπολουσαντος
961 4699 1163 4771 θρόνου,
1224 4696 1280 4748 Ὀ
1337 4693 1394 4748 δε
1448 4696 1721 4756 Ἀπσένιος
1783 4698 1936 4758 αὖτος

333 4783 395 4844 ἦν
425 4785 836 4858 προϐεϐλημένος
889 4786 960 4846 εἰς
1018 4790 1104 4838 τόν
1159 4789 1516 4860 πατριαχικόν
1577 4787 1754 4857 θρόνον
1812 4790 1937 4858 πρὸς

330 4883 424 4927 τοῦ
455 4873 714 4947 βασιλέως
747 4871 1049 4946 Θεοδώρου,
1084 4872 1211 4948 ἀνὴρ
1253 4879 1344 4926 καὶ
1406 4875 1471 4934 εἰς
1525 4873 1676 4944 λόγον
1730 4881 1818 4925 καὶ
1871 4875 1938 4935 εἰς

330 4963 520 5038 πρᾶξιν
549 4967 999 5035 πανευφυέστατος
1028 4965 1161 5031 (99),
1215 4967 1304 5014 καὶ
1370 4962 1519 5032 λόγον
1573 4962 1803 5034 μάλιστα
1853 4968 1937 5015 τόν

2046 4517 2258 4579 rimus,
2286 4522 2342 4569 et
2371 4532 2646 4570 sermone
2680 4517 3002 4588 praecipue,
3031 4517 3128 4587 qui
3170 4524 3387 4573 natura
3439 4518 3700 4574 inditur:

2046 4620 2311 4675 namque
2333 4605 2433 4674 qui
2457 4604 2788 4660 eruditione
2807 4610 3438 4678 comparatur,parum
3454 4607 3704 4664 omnino

2046 4693 2487 4758 degustaverat.
2528 4693 2752 4748 tutenim
2779 4710 2919 4748 cum
2958 4694 3252 4751 nonnulla
3301 4711 3373 4751 ex
3420 4697 3705 4768 encycliis

2047 4783 2504 4857 philosophatus
2556 4783 2991 4854 perdidicisset,
3054 4801 3128 4841 ne
3185 4786 3404 4841 horum
3463 4787 3704 4859 penitus

2048 4876 2390 4944 inexpertus
2456 4873 2796 4940 haberetur,
2851 4889 3047 4947 neque
3096 4891 3170 4931 ea
3220 4877 3522 4945 ignorare,
3563 4893 3702 4948 qua;

2050 4966 2178 5032 ipse
2209 4961 2506 5030 negligere
2521 4962 2628 5017 sibi
2646 4963 2703 5017 in
2720 4963 2924 5019 animo
2937 4970 3353 5036 proposuerat,
3382 4965 3699 5038 videretur,

403 5063 452 5096 ⁷³
479 5064 519 5116 1)
551 5079 562 5115 :
599 5060 752 5113 Ἧκεν
783 5061 870 5112 οὖν
906 5061 977 5122 εἰς
1014 5063 1220 5131 Πηγὰς,
1253 5057 1365 5112 εἶτα
1403 5064 1534 5130 προς
1574 5064 1847 5138 ,Ν-έμφαιον
1909 5059 2000 5120 ἧκε
2050 5067 2138 5113 καὶ
2191 5065 2309 5131 περὶ
2355 5059 2704 5131 Κλαζομένην,
2765 5061 2825 5112 οὗ
2894 5058 2981 5124 ἦξε
3033 5067 3123 5113 καὶ
3181 5063 3205 5113 6
3265 5061 3700 5138 σεϐαστοκράτωρ

330 5138 618 5207 Τορνίκιος,
646 5139 735 5184 καὶ
778 5129 850 5184 δι’
880 5133 1042 5202 ὄχλου
1063 5129 1241 5202 γέγονε
1273 5141 1342 5201 τῷ
1373 5131 1584 5203 βασιλεῖ
1617 5129 1821 5184 ὃιᾶτὸν
1870 5129 2374 5206 πατριαρχεύσαντα
2432 5129 2715 5205 Ἀρσένιον.
2783 5134 2807 5184 6
2858 5137 2959 5206 γαρ
3019 5138 3409 5207 πατριαρχικὸς
3481 5129 3704 5207 ἐχήρευε

333 5202 532 5277 θρόνος,
566 5213 657 5256 τον
689 5207 1212 5277 πατριαρχεύσαντος
1235 5202 1554 5275 Νικηφόρον,
1593 5202 1770 5277 ὃςμάπο
1806 5213 1894 5264 τῆς
1925 5202 2138 5277 Ἐ’φέσον
2160 5205 2226 5262 εἰς
2253 5202 2760 5277 τον-πατριαρχικὸν
2785 5202 3022 5277 μετετέθη
3060 5202 3703 5277 θρονονξάπαραντοςτῶν

333 5225 532 5277 υρονος,
566 5225 657 5256 του
689 5225 1212 5277 πατριαρχευσαντος
1235 5225 1270 5254 L‘
1284 5225 1554 5275 ικηφορον,
1593 5225 1642 5262 ος
1671 5225 1770 5254 απο
1806 5225 1894 5264 της
1941 5225 2138 5277 ιφεσου
2160 5225 2226 5262 εις
2253 5225 2339 5254 τον
2370 5225 2760 5276 πατριαρλνικον
2785 5225 3022 5261 αετετευη
3060 5225 3262 5275 υρονον,
3290 5226 3581 5268 απαοαντος
3603 5227 3703 5258 των

329 5273 530 5328 ἐνθένδε
556 5273 686 5347 μηδ’
719 5275 829 5327 ὅλον
863 5275 1093 5327 ἐνιαυτόν
1128 5272 1523 5351 ὃιαρκέσαντος.
1556 5274 1612 5326 Ὀ
1646 5271 1704 5327 ὃε
1730 5278 1992 5348 Ἀρσένιος
2019 5276 2312 5350 προεκληθη
2347 5273 2446 5326 ἀπό
2468 5284 2560 5326 τον
2591 5225 2850 5348 βασιλέως
2879 5274 3179 5349 Θεοδώρου,
3214 5278 3266 5339 6;
3321 5263 3518 5351 ἔχθραν
3576 5282 3706 5350 ἔσχε

331 5351 465 5399 κατὰ
488 5344 578 5399 του
601 5346 885 5420 βασιλέως,
908 5353 996 5398 καὶ
1022 5344 1230 5419 ἀνήχθη
1251 5344 1403 5407 αὖθις
1427 5346 1706 5420 Ἀρσένιος.

1229 5480 1575 5547 Theodori
1627 5481 1878 5548 Dousaa
1928 5492 1994 5549 et
2041 5481 2296 5548 Leonis
2336 5480 2566 5547 Allatii
2603 5491 2810 5548 notae.

403 5633 518 5703 (98)
543 5639 648 5692 Τὴν
671 5632 723 5696 ἐξ
753 5635 914 5694 ἔθους.
941 5634 1255 5704 Gregoras,
1279 5649 1337 5705 p.
1365 5633 1449 5689 81.
1477 5639 1610 5688 ALL.

403 5709 518 5777 (99)
574 5710 1048 5782 Πανευφυέστατος.
1120 5707 1411 5776 Gregoras
1466 5705 1780 5761 Arsenium
1824 5721 1940 5760 usu

2047 5650 2248 5689 rerum
2276 5637 2366 5689 est
2388 5632 3163 5705 imperiiadministratione
3185 5649 3296 5690 nec
3317 5650 3456 5691 cum
3483 5635 3710 5693 fossore

2048 5705 2295 5778 quidem
2327 5704 2757 5762 conferendum
2790 5705 2987 5775 tradit,
3027 5722 3084 5777 p.
3124 5710 3211 5762 66.
3249 5713 3385 5763 ALL.
