4470 6452
771 435 906 492 12οτ

767 646 1072 715 omnibus,
1112 659 1148 701 a
1175 643 1399 716 quibus
1440 656 1501 698 se
1527 640 1700 698 avelli
1740 654 1893 710 aegre
1922 638 2194 714 plerique
2248 635 2431 692 susti-

765 740 932 807 nent,
957 731 1674 806 contemptls,monastieo
1705 729 1974 786 instituto
2002 741 2224 784 nomen
2253 725 2433 782 dede-

766 829 879 884 rat.
913 824 1017 881 Hie
1038 820 1421 896 imperatoria
1449 819 2113 892 coronaimperatorem
2137 815 2435 872 condeco-

771 918 1009 973 raverat
1031 930 1046 970 :
1068 911 1174 968 sed
1186 926 1325 968 eum
1339 911 1461 966 suis
1474 909 1625 965 votis
1647 908 1893 965 minime
1915 907 2432 980 obtemperantem

769 1002 1178 1078 conspicatus,
1245 999 1507 1074 iniquior
1564 1015 1703 1055 cum
1762 1012 1835 1054 eo
1891 996 2214 1054 inimicitas
2269 1011 2433 1051 exer-

772 1093 913 1150 cuit.
989 1094 1190 1164 Neque
1283 1089 1361 1146 ab
1438 1104 1510 1147 eo
1587 1087 1985 1145 abhorruerat
2054 1086 2432 1143 Andronicus

777 1180 1088 1240 Sardensis
1115 1183 1174 1237 et
1200 1177 1430 1237 Manuel
1458 1175 2021 1244 Thessalonicensis,
2078 1175 2436 1245 cognomine

777 1273 1028 1343 Opsara.
1072 1267 1187 1326 Sed
1247 1266 1558 1324 Sardensis
1614 1265 1862 1339 quando
1910 1265 2237 1338 imperator
2291 1267 2436 1337 Cpo-

776 1359 884 1427 lim
914 1362 1110 1417 castra
1163 1356 1351 1414 movit
1403 1360 1462 1411 et
1517 1370 1706 1429 prope
1759 1369 1892 1411 eam
1945 1353 2151 1410 sedem
2194 1352 2435 1422 locavit,

789 1451 833 1520 1
844 1447 964 1520 89
979 1446 1056 1504 ab
1067 1444 1375 1504 Joannicio
1386 1443 1832 1516 Philadelphien
1842 1444 1889 1498 si
1903 1442 2237 1499 monastico
2253 1441 2436 1515 pallio

781 1533 1201 1593 induitur:ille
1223 1533 1386 1590 enim
1425 1533 1730 1598 continuo,
1756 1535 1955 1588 etnon
1988 1531 2113 1586 sine
2163 1529 2438 1586 molestia

778 1624 1155 1698 imperatoris
1176 1623 1448 1680 animum
1475 1619 1849 1687 sollicitabat,
1900 1623 1967 1677 ut
2015 1618 2437 1692 proficiscendi

781 1713 893 1771 sibi
918 1714 1160 1771 daretur
1187 1712 1439 1769 facultas
1459 1709 1951 1784 Paphlegoniam,
1986 1709 2148 1765 unde
2182 1708 2309 1781 ipse
2339 1724 2434 1764 or-

779 1807 906 1861 tum
923 1803 1182 1861 ducebat
1199 1821 1212 1872 ;
1232 1801 1337 1858 sed
1355 1802 1681 1874 imperator
1701 1799 1952 1856 distorta
1975 1799 2235 1855 hominis
2259 1814 2437 1854 sensa

2044 419 2326 480 GEORGII
2361 416 2849 478 ACROPOLITE.

763 559 886 616 telo
913 554 1099 614 divini
1137 553 1363 612 amoris
1399 550 1579 610 corde
1623 549 1882 618 saucius,
1939 547 2119 606 rebus
2173 545 2424 604 terrenis
2463 544 2512 601 Α

1779 549 1882 618 ius,
1939 547 2119 606 rebus
2173 545 2424 604 terrenis
2463 544 2512 601 Α
2541 543 2596 598 ἐκ
2653 548 2853 619 φύσεώς
2901 567 3011 612 πως
3065 551 3474 629 προϐαλλόμενον
3531 576 3544 591 ·

4004 432 4141 490 i208

3605 563 3697 612 τοῦ
3749 559 3850 634 γὰρ
3913 556 3967 614 ἐκ
4019 578 4118 612 παι

2542 630 2689 698 δείας
2707 640 2891 711 μικρὸν
2916 658 2967 692 τι
2992 645 3267 715 μετέσχεν.
3321 645 3403 717 [Ρ.
3465 645 3580 721 98.]
3635 630 3830 720 Ὀλὲογα⁷
3860 649 3959 720 γὰρ
4023 666 4143 701 τινα

2540 732 2639 778 τῶν
2678 724 2957 798 ἐγκυκλίων
3013 730 3370 805 φιλοσοφήσας
3432 742 3524 788 τοῦ
3582 740 3654 810 μὴ
3717 733 3888 791 δοκεῖν
3944 738 4141 789 παντά-

2540 832 2675 867 πασι
2701 823 2800 867 τῶν
2838 820 3084 872 τοιούτων
3139 818 3363 895 ἀπείρως
3421 827 3560 896 ἔχειν
3614 820 3753 898 μηδὲ
3814 823 4012 897 ἀγνοεῖν
4071 825 4141 876 ὧν

2548 899 2805 978 ὅπεριδεῖν
2834 902 3137 980 ἐδοκίμασε,
3165 917 3237 981 τῷ
3278 910 3415 984 eam
3446 920 3539 965 τοῦ
3593 916 3724 988 πρὸς
3780 916 3908 967 Θεὸν
3960 916 4141 987 ἔρωτος

2540 994 2758 1065 τρωθεις
2778 998 2872 1053 τὴν
2891 994 3098 1069 ψυχὴν,
3126 1005 3262 1053 πᾶσι
3318 1008 3426 1063 τοῖς
3474 1004 3608 1055 κατά
3662 1007 3879 1076 κόσμον,
3928 1003 3997 1055 ὧν
4047 1002 4142 1056 ούκ

2543 1080 2768 1156 εὐχερῶς
2816 1086 3035 1157 ἔχουσιν
3117 1090 3167 1141 οἰ
3231 1088 3439 1154 πλείους
3515 1088 3859 1164 ἀφίστασθαι,
3932 1096 4143 1167 χαίρειν

2544 1169 2697 1223 εἰπὼν
2734 1175 2819 1225 τὸν
2876 1180 3070 1251 μονήρη
3129 1175 3246 1251 βίον
3300 1179 3582 1253 προείλετο.
3626 1180 3789 1242 Οὗτος
3840 1183 3936 1239 τὴν
3992 1180 4145 1233 αύτο-

2542 1265 2857 1333 κρατορικὴν
2910 1261 3209 1342 ἀπεπλήρου
3293 1274 3640 1341 στεφηφορίαν
3707 1277 3779 1340 τῷ
3853 1268 4068 1342 βασιλεῖ
4125 1290 4140 1303 ·

2544 1347 2652 1403 ἐπεὶ
2711 1346 2764 1403 δ’
2816 1353 2920 1425 οὐχ
2979 1353 3113 1429 ἐώρα
3166 1365 3348 1411 τοῦτον
3403 1366 3512 1420 τοῖς
3581 1358 3766 1412 ἑαυτοῦ
3859 1359 4144 1432 θελήμασιν

2544 1441 2895 1514 ὕπεικόμενον,
2929 1439 3156 1507 δύσνους
3210 1451 3327 1522 περὶ
3391 1455 3573 1500 τοῦτον
3626 1447 3841 1520 ἐγένετο,
3894 1450 4037 1520 ἔχων
4092 1447 4142 1500 ἐν

2543 1536 2714 1600 ταυτῷ
2755 1537 3070 1608 συνίστορας
3105 1537 3192 1586 τόν
3241 1532 3477 1609 Σάρδεων
3543 1534 3876 1610 ’Δνδρόνικον
3929 1541 4018 1591 καὶ
4055 1539 4143 1589 τὸν

2546 1619 2932 1682 Θεσσαλονίκης
2960 1625 3207 1683 Μανουὴλ
3260 1629 3348 1678 τόν
3394 1630 3485 1678 καὶ
3544 1626 3780 1702 Ὀψαρᾶν
3828 1626 4132 1699 λαγόμενον.

2547 1707 2679 1761 Ἀλλ’
2710 1711 2736 1762 6
2780 1713 2870 1783 μὲν
2927 1709 3184 1785 Σάρδεων,
3224 1715 3306 1767 ὅτε
3357 1714 3383 1767 6
3426 1712 3678 1789 βασιλεὺς
3735 1717 3810 1787 (1)
3860 1718 3997 1769 κατὰ
4047 1724 4143 1780 τῆς

2546 1801 3129 1864 Κωνσταντινουπόλεως
3202 1800 3718 1877 ἐστρατοπεδεύσατο
3792 1809 3885 1857 καὶ
3992 1804 4146 1877 ἐγγύς

773 1894 1047 1968 apprime
1074 1892 1316 1962 callens,
1348 1906 1423 1947 ne
1444 1890 1505 1947 in
1536 1905 1638 1946 eas
1657 1894 1858 1963 partes
1886 1888 2094 1956 abiret,
2144 1888 2433 1961 impedie-
2470 1897 2511 1952 Β

2379 1904 2433 1945 e-
2470 1897 2511 1952 Β
2542 1888 2732 1948 ταύτης
2759 1890 2849 1951 τὰς
2876 1888 3112 1952 ἐπαύλεις
3150 1889 3388 1960 ἐποιεῖτο,
3450 1896 3565 1946 τότε
3626 1896 3693 1946 τὰ
3750 1901 3851 1947 τῶν
3898 1900 4144 1966 μοναχῶν

767 1983 878 2041 bat
909 2001 922 2038 :
956 1984 1159 2040 animo
1179 1982 1342 2038 enim
1368 1982 1769 2053 proposuerat
1825 1983 2069 2052 propter
2123 1994 2225 2035 eas
2277 1994 2433 2052 quas

773 2089 910 2130 cum
931 2074 1294 2145 imperatore
1327 2070 1660 2127 simultates
1692 2068 2024 2133 exercebat,
2063 2084 2156 2125 res
2184 2069 2432 2141 Paphia--

768 2179 997 2238 gonum
1026 2161 1398 2237 perturbare.
1436 2162 1650 2216 Verum
1706 2159 2032 2232 imperator
2081 2159 2430 2232 aequissimo

770 2270 911 2311 eum
934 2267 1213 2309 sermone
1251 2250 1488 2307 lacessit
1514 2268 1526 2306 :
1558 2271 1584 2301 ‹‹
1607 2250 1905 2306 Sardium.
1936 2264 2056 2304 non
2091 2249 2431 2322 Paphlago-

768 2344 885 2401 nia:
915 2341 1421 2416 metropolitatum
1455 2344 1621 2396 tenes
1653 2357 1666 2395 :
1704 2338 1981 2401 Sardium
2036 2338 2170 2394 ideo
2231 2343 2430 2412 partes

771 2430 1120 2498 invisendae,
1172 2429 1396 2504 quibus
1444 2430 1730 2485 continuo
1793 2443 2146 2484 cusuescere
2224 2428 2427 2491 debes,

772 2521 977 2593 ibique
990 2517 1373 2575 immorando
1388 2532 1598 2588 greges
1612 2517 1717 2573 tibi
1733 2516 2089 2573 commissos
2109 2533 2375 2588 pascere.
2403 2538 2431 2567 υ

774 2609 960 2681 Igitur
984 2608 1089 2664 ubi
1126 2608 1552 2680 imperatorem
1586 2605 2014 2661 inexorabilem
2076 2605 2238 2674 vidit,
2295 2621 2431 2662 cum

775 2697 925 2773 quid
938 2701 1143 2769 ageret
1169 2696 1300 2770 ipse
1322 2697 1593 2763 nesciret,
1624 2695 2025 2751 monasticum
2047 2696 2180 2752 vitae
2207 2696 2438 2752 institu-

776 2793 905 2845 tum
923 2787 1274 2860 complexus
1294 2784 1949 2853 est,’l‘hessalonicensis
1966 2785 2195 2842 Manuel
2212 2785 2434 2843 invitus

677 2951 683 2957 .
775 2880 972 2936 Nicaea
996 2893 1274 2948 egressus
1300 2877 1359 2933 in
1382 2876 1529 2933 locis
1563 2876 1982 2947 adjacentibus
2027 2880 2212 2933 vitam
2268 2878 2437 2934 duce-

773 2968 900 3027 bat.
934 2968 1214 3025 Arsenius
1235 2969 1376 3024 item
1401 2966 1821 3039 expatriarcha
1843 2971 1900 3023 et
1921 2967 2047 3039 ipse
2071 2966 2209 3023 inde
2231 2969 2435 3025 exiens

2542 1972 2813 2030 ἐνεδέδυτο
2858 1979 3028 2052 ἄμφια
3076 1981 3175 2033 ὑπό
3215 1988 3307 2034 τοῦ
3376 1978 3722 2055 Φιλαδελφίας
3794 1984 4137 2039 Ἰωαννικίου.

2538 2067 2629 2127 Ὠς
2651 2069 2752 2141 ’γὰρ
2800 2077 3014 2139 συχνῶς
3063 2065 3350 2142 διηνώχλεε
3400 2075 3489 2124 τόν
3546 2070 3772 2145 βασιλέα
3812 2068 4149 2145 ἐπιδημῆσαι

2538 2163 2601 2227 τῇ
2632 2155 2979 2228 Παφλαγόνων
3008 2158 3223 2226 (ἐκεῖθεν
3277 2179 3367 2214 και
3423 2162 3522 2235 ’γὰρ
3579 2160 3835 2237 ὥρμητο),
3890 2165 3950 2215 τό
4001 2180 4147 2231 στρε-

2540 2242 2749 2296 ϐλόνουν
2775 2253 2868 2298 τοῦ
2900 2243 3091 2322 ἀνδρὸς
3120 2250 3147 2300 6
3201 2247 3473 2322 βασιλεὺς,
3535 2248 3875 2323 ἐπιστάμενος
3928 2250 4020 2303 οὐκ
4069 2254 4149 2303 εἶα

2537 2341 2714 2387 τοῦτον
2745 2333 2827 2388 ἐπὶ
2848 2338 2915 2388 τὰ
2940 2335 3103 2391 ἐκεῖσε
3155 2342 3285 2413 μέρη
3334 2337 3562 2412 ἀφῖχθαι
3614 2360 3629 2374 ο
3684 2342 3874 2401 σκοπὸς
3926 2342 4029 2416 γὰρ
4083 2342 4147 2399 ἦν

2541 2423 2682 2494 αύτῷ
2731 2426 2798 2477 τὰ
2843 2434 2941 2478 τῶν
3011 2428 3355 2500 Παφλαγόνων
3444 2431 3615 2482 πάντα
3699 2425 4021 2505 διαταράξαι
4080 2438 4143 2502 τῇ

2541 2517 2667 2587 πρὸς
2714 2513 2936 2581 βασιλέα
2989 2514 3230 2593 δυσνοίᾳ.
3279 2518 3339 2572 Ὀ
3403 2518 3655 2592 βασιλεὺς
3742 2517 3802 2573 δὲ
3872 2517 4145 2573 δικαιότα-

2543 2623 2629 2665 τον
2653 2608 2780 2678 πρὸς
2808 2613 2988 2659 τοῦτον
3037 2606 3197 2662 ἐποίει
3260 2612 3346 2663 τὸν
3402 2609 3574 2681 λόγον,
3619 2612 3688 2673 ὡς
3744 2609 4150 2686 Μητροπολίτης

2543 2698 2977 2769 κεχειροτόνησαι
3031 2694 3289 2772 Σάρδεων,
3347 2697 3519 2751 οὐκέτι
3574 2718 3634 2770 γε
3691 2703 3794 2771 μὴν
3862 2699 4145 2773 Παφλαγο-

2543 2786 2679 2847 νίας,
2727 2788 2816 2836 καὶ
2874 2781 2957 2838 δεῖ
3011 2804 3069 2839 σε
3119 2794 3225 2848 τοῖς
3270 2796 3371 2840 τῶν
3448 2784 3684 2863 Σάρδεων
3770 2786 4147 2864 ἐμφιλοχωρεῖν

2545 2876 2725 2945 μέρεσι
2753 2872 2963 2928 κάκεῖσε
2991 2880 3081 2929 καὶ
3110 2872 3144 2928 δ
3149 2875 3397 2950 ιατρίϐειν
3426 2880 3516 2929 καὶ
3581 2896 3674 2930 σου
3728 2883 4020 2950 ποιμαίνειν
4088 2882 4147 2932 τό

2544 2965 2800 3035 ποίμνιον.
2873 2964 3013 3017 Ἐπεὶ
3077 2965 3165 3018 οὖν
3218 2965 3426 3038 ἐγνώκει
3475 2964 3837 3039 ἀμετάπτωτον
3900 2964 4029 3020 εἶναι
4089 2972 4147 3020 τό

772 3060 836 3116 in
857 3058 1291 3116 monasterium
1327 3073 1389 3113 se
1415 3056 1673 3114 intrusit.
1710 3057 1855 3113 Hinc
1881 3057 2146 3113 universi
2180 3058 2432 3132 praenies
2475 3039 2515 3095 (ἶ

2384 3076 2432 3116 33
2475 3039 2515 3095 C
2546 3049 2821 3126 βασιλικόν
2844 3051 3108 3128 βούλημα,
3141 3060 3212 3130 μὴ
3270 3058 3407 3128 ἔχων
3460 3058 3486 3109 ὃ
3527 3075 3579 3109 τι
3633 3061 3722 3109 καὶ
3772 3053 4005 3131 δράσειε,
4061 3060 4149 3110 τὸν

771 3151 1165 3223 Lampsacum
1182 3146 1599 3204 convenientes
1616 3146 1905 3217 suffragio
1920 3148 2178 3203 omnium
2195 3149 2435 3206 manda-

770 3243 953 3312 toque
990 3238 1370 3312 imperatoris
1410 3236 1777 3309 Ephesinum
1805 3237 2130 3294 antistitem
2172 3238 2432 3313 Nicepho

768 3345 905 3386 rum
935 3329 995 3385 in
1021 3326 1418 3402 patriarchale
1448 3327 1665 3383 solium
1700 3326 2008 3383 invehunt.
2046 3328 2158 3385 Sed
2190 3328 2306 3398 hic,
2371 3334 2436 3387 ut

764 3419 892 3490 jam
906 3417 1254 3490 dixi,neque
1269 3432 1374 3489 per
1386 3431 1614 3473 annum
1628 3416 1927 3486 integrum
1942 3416 2295 3474 cathedram
2309 3435 2434 3476 mo-

768 3508 1061 3564 deratuse
1087 3506 1236 3561 vivis
1267 3505 1538 3562 excessit.
1572 3507 1733 3561 Tunc
1764 3505 2209 3562 sebastocrator
2236 3508 2437 3565 Torni-

771 3597 898 3654 cius
919 3595 1168 3652 Arsenio
1181 3595 1449 3666 impense
1465 3593 1705 3650 deditus
1720 3596 2142 3665 imperatorem
2159 3597 2434 3666 urgebat,

771 3689 838 3741 ut
865 3685 1182 3741 Arsenium
1214 3685 1429 3741 iterum
1463 3683 1521 3739 in
1562 3683 2023 3756 patriarchalem
2057 3686 2261 3741 sedem
2303 3703 2438 3758 pro-

770 3773 1282 3840 moveret,etmira
1297 3772 1579 3845 quaedam
1600 3789 1670 3829 ac
1686 3778 2031 3844 portentosa
2048 3774 2276 3830 Arsenii
2293 3775 2433 3832 faci-

734 3934 741 3939 _
768 3879 916 3921 nora
951 3864 1014 3920 in
1036 3863 1306 3919 medium
1329 3862 1585 3918 aflerens
1608 3862 1891 3919 continuo
1915 3863 2336 3935 imperatorem
2357 3865 2436 3922 ad

770 3952 1108 4010 molestiam
1130 3968 1323 4025 usque
1352 3950 1665 4018 exorabat,
1684 3951 2134 4007 utsibiminime
2165 3969 2432 4026 aequum,

776 4043 950 4115 190
982 4042 1161 4099 etiam
1187 4041 1429 4108 invitus,
1447 4041 1502 4096 in
1520 4040 1925 4113 patriarcham
1942 4040 2200 4111 eligeret.
2218 4043 2309 4099 Sic
2326 4044 2437 4100 im-

764 4135 1008 4205 perator
1024 4131 1229 4187 volens
1251 4130 1483 4197 nolens,
1505 4129 2001 4186 sebastocratoris
2022 4131 2282 4187 consiliis
2300 4133 2433 4191 lor-0

763 4221 929 4289 dato,
969 4220 1048 4277 ad
1079 4219 1540 4293 patriarchalem
1573 4219 1928 4286 dignitatem
1963 4221 2280 4279 Arsenium
2307 4239 2432 4279 rur-

766 4328 905 4368 sum
920 4311 1135 4368 evehit.
1148 4310 1607 4390 Ethuecgquidem
1624 4309 1699 4365 de
1716 4311 1961 4366 Arseuio
1976 4310 2057 4367 ita
2071 4327 2131 4366 se
2144 4311 2428 4369 imbuere.

2544 3147 2744 3216 μονήρη
2797 3141 2914 3216 βίον
2979 3144 3263 3219 προείλετο.
3329 3152 3388 3199 '0
3457 3141 3516 3199 δὲ
3583 3145 3971 3208 Θεσσαλονίκης
4038 3154 4153 3201 Ma.

2544 3232 2701 3292 νουὴλ
2747 3234 2886 3286 ἄκων
2943 3234 3088 3295 ἐξιὼν
3145 3245 3242 3297 τῆς
3296 3241 3521 3299 Νικαίας
3551 3241 3666 3311 περί
3716 3256 3817 3290 που
3871 3239 3935 3290 τά

2547 3320 2740 3384 ἐκείνης
2795 3320 3071 3398 διέτριϐεν.
3126 3323 3187 3378 ⁸0
3246 3322 3305 3379 δὲ
3382 3330 3814 3402 πατριαρχεύσας
3893 3327 4155 3402 Ἀρσένιος

2547 3419 2636 3465 καὶ
2685 3412 2841 3476 αὐτὸς
2907 3412 3052 3477 ἐξιὼν
3115 3413 3302 3469 ἐκεῖθεν
3373 3418 3423 3468 ἓν
3490 3435 3592 3468 τινι
3673 3421 3889 3489 σεμνείῳ
3969 3417 4152 3470 ἑαυτὸν

2545 3503 2819 3578 καθείρξας
2875 3501 3085 3576 διῆγεν.
3152 3506 3411 3560 Ἐντεῦθεν
3482 3506 3802 3569 συνελθόντες
3860 3508 4048 3571 πάντες
4105 3509 4155 3560 οἱ

2548 3591 2816 3668 ἀρχιερεῖς
2869 3592 2952 3647 ἐπὶ
2999 3598 3092 3653 τὴν
3143 3594 3457 3668 Λάμψακον,
3537 3596 3698 3669 ψήφῳ
3768 3599 3972 3649 πάντων
4060 3601 4155 3650 καὶ

2547 3691 2823 3757 προσταγῇ
2860 3682 3115 3756 βασιλέως
3168 3686 3193 3736 ὁ
3247 3692 3345 3747 τῆς
3392 3685 3609 3758 Ἐφέσου
3662 3683 3918 3761 πρόεδρος
3984 3693 4154 3745 Νικη-

2549 3776 2703 3848 φόρος
2758 3773 2829 3836 εἰς
2889 3776 2976 3826 τὸν
3021 3779 3408 3849 πατριάρχικὸν
3474 3772 3686 3848 ἀνήχθη
3758 3777 3955 3850 θρόνον.
4011 3776 4154 3831 Ἀλλ’

2548 3865 2716 3933 οὗτος,
2754 3865 2987 3940 καθάπερ
3028 3865 3268 3940 εἰρήκειν,
3321 3870 3480 3938 μήπω
3533 3864 3833 3927 ἑνιαντίσας
3883 3870 3941 3918 τό
4002 3864 4156 3939 βιοῦν

2548 3953 2870 4030 ἐξεμέτρησε.
2927 3959 3054 4007 Τότε
3109 3962 3234 4027 γοῦν
3287 3956 3314 4008 6
3368 3954 3801 4031 σεϐαστοκράτωρ
3860 3960 4150 4029 Τορνίκιος,

2544 4053 2604 4116 τῇ
2640 4043 2785 4118 φιλία
2820 4051 2912 4096 τοῦ
2971 4045 3239 4119 Ἀρσενίου
3290 4050 3684 4118 προσκείμενος,
3740 4046 4007 4117 ἠνάγκαζε
4066 4050 4154 4099 τόν

2546 4132 2772 4206 βασιλέα
2830 4137 2917 4186 τὸν
2984 4134 3246 4207 Ἀρσένιον
3315 4134 3381 4196 εἰς
3441 4137 3529 4187 τὸν
3603 4138 3995 4210 πατριαρχικὸν
4060 4140 4153 4188 καὶ

2542 4219 2696 4286 αἶοις
2728 4224 2904 4297 θρόνον
2929 4221 3227 4296 ἀναγαγεῖν,
3264 4225 3507 4297 θαύματά
3560 4243 3678 4276 τινα
3749 4228 3839 4276 καὶ
3894 4227 4149 4293 τεράστια

2541 4315 2687 4389 παρὰ
2735 4321 2827 4367 τοῦ
2890 4314 3161 4390 Ἀρσενίου
3217 4312 3553 4390 ἐνεργούμενα
3621 4309 3987 4387 διηγούμενος,
4058 4320 4151 4368 καὶ

766 4413 1054 4484 πράγματα
1077 4406 1330 4472 διηνεκῶς
1357 4408 1622 4484 προύξένει
1652 4417 1724 4479 τῷ
1763 4406 1994 4482 βασιλεῖ,
2019 4414 2429 4484 πατριαρχεύειν
2456 4416 2542 4465 τόν
2584 4409 2809 4465 δύσνουν
2863 4412 3002 4484 αὐτῷ
3053 4411 3384 4485 βιαζόμενος.
3440 4412 3580 4464 Ἀλλ’
3638 4414 3663 4464 ὁ
3717 4411 3971 4486 βασιλεὺς
4023 4413 4151 4467 ἑκὼν

767 4502 907 4554 οἴκων
934 4508 996 4574 τῇ
1020 4506 1112 4553 τοῦ
1146 4498 1626 4575 σεϐαστοκράτορος
1657 4496 1927 4572 συμϐουλῇ
1960 4498 2213 4564 ξυντιθεὶς
2239 4500 2312 4565 εἰς
2336 4506 2423 4555 τὸν
2447 4505 2860 4579 πατριαρχικιὸν
2877 4507 2966 4555 καὶ
2992 4498 3142 4565 αὖθις
3170 4504 3348 4577 θρόνον
3372 4501 3599 4574 ἀνήγαγε
3623 4504 3711 4556 τόν
3734 4501 4019 4577 Ἀρσενιον.
4046 4509 4152 4558 Καὶ

768 4593 907 4643 οὕτω
935 4590 1026 4663 μὲν
1056 4591 1123 4642 τὰ
1149 4587 1233 4642 ἐπὶ
1249 4597 1321 4660 τῷ
1340 4588 1615 4663 Ἀρσενίῳ.

841 4690 933 4746 85.
966 4690 1299 4761 Imperator
1326 4685 1810 4760 Strategopulum
1840 4687 2112 4745 Alexium
2141 4689 2432 4747 Caesarem
2463 4690 2508 4746 D
2535 4690 2606 4745 πε¹

1646 4685 1810 4743 ulum
1840 4687 2112 4745 Alexium
2141 4689 2432 4747 Caesarem
2463 4690 2632 4751 Dm’.
2683 4690 2742 4743 Ὀ
2798 4687 2855 4744 δὲ
2910 4688 3158 4764 βασιλεὺς
3204 4691 3254 4726 ⁷⁵
3323 4693 3408 4743 τὸν

3494 4692 3954 4766 Στρατηγόπουλον
4005 4693 4151 4747 Ἀλέ-

840 4815 891 4850 ἠ
929 4832 943 4868 :
971 4812 1032 4867 Ὁ
1064 4810 1125 4866 δὲ
1154 4811 1402 4886 βασιλεὺς
1438 4816 1527 4865 τὸν
1559 4812 2017 4887 Στρατηγόπουλον
2052 4817 2297 4888 Καίσαρα
2323 4821 2514 4889 πέμπει
2538 4823 2648 4880 τοῖς
2676 4812 2915 4879 δυτικοῖς
2944 4821 3144 4890 μέρεσι,
3174 4815 3492 4890 παρήγγειλε
3525 4812 3584 4869 δε
3617 4825 3714 4880 τῆς
3750 4823 4149 4872 Κωνσταντίνου

771 4903 1257 4977 ἁποπειράσασθαι.
1284 4910 1430 4965 Ναῦς
1459 4903 1546 4956 οὖν
1574 4907 1689 4956 τότε
1712 4908 1937 4975 μεγίστη
1971 4903 2028 4956 ἐκ
2064 4908 2294 4967 Βενετίας
2325 4906 2396 4969 εἰς
2424 4911 2518 4965 τὴν
2550 4910 2940 4961 Κωνσταντίνον
2971 4905 3178 4979 ἀφίκετο
3212 4911 3302 4959 καὶ
3322 4907 3666 4974 ποτεστάτος,
3699 4906 3753 4970 ὃς
3780 4910 4143 4983 ,παροτρύνεις

761 4998 884 5057 τοὺς
932 4993 981 5046 ἐν
1040 4993 1584 5048 Κωντῖκιτινονπόλει
1646 4998 1899 5055 Ᾱκτίνγις
1941 4992 1986 5044 ἐν
2046 5000 2281 5067 τρίήοετι
2347 5002 2436 5049 καὶ
2464 4996 2662 5058 πλοίοις
2702 5000 2793 5049 καὶ
2822 4993 3127 5068 λεαεαδίοις
3164 5001 3254 5049 καὶ
3302 4993 3546 5069 δρόμωσι
3620 4994 3760 5049 κατὰ
3806 5004 4139 5070 Δαφνουσίας

764 5092 1039 5158 χωρῆσαι.
1072 5088 1172 5138 Καὶ
1202 5089 1405 5155 γέγονεν
1437 5082 1618 5147 οὓτως,
1671 5088 1762 5136 καὶ
1818 5087 2064 5136 κεκένωτο
2124 5086 2153 5143 ἡ
2213 5085 2362 5149 πόλις
2393 5084 2595 5161 ἀνδρῶν
2626 5094 2697 5156 τῷ
2745 5084 2959 5158 βασιλεῖ
3003 5089 3197 5147 ταύτης
3250 5082 3557 5158 Βαλδονῐνῳ
3586 5089 3872 5159 μετάτινων
3898 5093 4151 5162 μετρίων-

763 5173 1138 5247 φνλαττομένη.
1175 5177 1364 5246 Afy-ra;
1385 5169 1471 5226 οὖν
1503 5179 1705 5246 Καῖσαρ
1738 5180 1798 5246 τῇ
1831 5175 2362 5228 Κωισταντινονπόλει
2384 5175 2506 5251 ἐπρε

2514 5197 2549 5242 ι,
2576 5179 2714 5248 ἔχων
2745 5181 2834 5229 καὶ
2856 5172 3213 5250 άνδραςτινάς
3235 5175 3425 5228 ἐκεῖθεν
3448 5180 3599 5238 ὄντας
3643 5181 3732 5228 καὶ
3756 5175 3983 5250 ἀκριϐῶς
4013 5175 4141 5231 εἰδ-

761 5266 886 5327 ότας
913 5266 978 5316 τά
1008 5264 1125 5316 κατ’
1155 5262 1337 5321 αὐτὴν.
1376 5266 1474 5316 Καὶ
1494 5266 1673 5339 μαθὼν
1705 5268 1836 5322 όπην
1868 5283 1984 5316 τινα
2012 5268 2128 5336 περὶ
2156 5268 2222 5318 τα
2250 5270 2404 5337 τείχη
2427 5274 2714 5342 χωροῦσαν
2746 5268 2962 5318 εἰσιέναι
3029 5264 3244 5323 ὁπλίτην
3276 5263 3381 5316 ἐκεῖ
3427 5268 3534 5324 ἤει.
3609 5263 3834 5324 Εἰσῆλθε
3907 5262 3995 5317 οὖν
4050 5262 4149 5319 διὰ

756 5356 956 5415 ταύτης
981 5351 1132 5426 ἀνὴρ,
1165 5358 1254 5405 καὶ
1283 5353 1470 5427 ἔτερος,
1514 5358 1602 5405 καὶ
1633 5352 1801 5421 ἄλλος,
1835 5358 1923 5406 καὶ
1955 5355 2173 5418 καθεξῆς
2195 5360 2357 5429 μέχρι
2384 5364 2483 5408 τῶν
2530 5355 2602 5411 ιε’.
2627 5355 2742 5409 Ἐτι
2766 5352 2823 5408 δε
2848 5361 2937 5407 καὶ
2958 5354 3161 5416 πλείους
3181 5353 3326 5407 ἄλλοι
3361 5353 3605 5415 εἰσιόντες
3638 5354 3782 5428 εὗρον
3829 5354 4037 5430 ἔναπερὶ
4077 5359 4147 5409 τά

758 5448 915 5516 τείχη
940 5443 1164 5518 φύλακα,
1183 5444 1236 5496 ὃν
1258 5441 1536 5507 ἀναϐάντες
1585 5444 1679 5507 ἔξω
1714 5452 1814 5497 τῶν
1853 5452 2045 5517 τείχῶν
2074 5444 2221 5521 ἓρριψ
2234 5466 2288 5498 αν
2313 5452 2401 5499 καὶ
2421 5445 2656 5499 πελέκεσι
2681 5447 2773 5507 τας
2795 5443 2956 5505 πύλας
2973 5442 3420 5517 ἐκμοχλεύσαντες
3446 5443 3709 5519 ἐλευθέραν
3738 5448 3838 5497 τὼν
3866 5446 3940 5507 εἰς
3960 5443 4128 5504 αὐτὴν

1660 5588 2005 5657 Theodori
2056 5590 2306 5658 Dousas
2356 5599 2422 5657 et
2469 5588 2723 5657 Leonis
2773 5587 3007 5655 Allatii
3059 5597 3260 5656 notae.

834 5732 906 5805 (1)
966 5731 1102 5786 Ἀλλ’
1145 5731 1172 5785 ὁ
1226 5733 1315 5786 μὲν
1368 5728 1607 5809 Σάρδεων
1676 5734 1761 5786 ὅτε
1812 5735 1838 5786 6
1879 5732 2145 5806 βασιλεὺς.
2174 5734 2295 5792 Hoc
2343 5734 2505 5792 idem
2573 5749 2599 5808 ι

2383 5734 2505 5792 lem
2573 5733 2857 5808 pluribus
2938 5737 3143 5791 narrat
3219 5733 3637 5808 Pachymeres,
3701 5730 3787 5790 lib
3845 5749 3909 5804 ιι,
3955 5748 4008 5791 c.
4060 5738 4148 5791 l7.

768 5807 905 5861 ALL.
