4444 6452
820 419 953 475 1211

815 629 1249 701 ingrediuntur.
1270 633 1333 685 In
1364 630 1497 702 ipso
1512 645 1685 685 muro
1706 629 2053 701 quemdam,
2069 630 2163 683 cui
2194 628 2469 684 custodia

815 717 1185 774 demandata
1249 722 1393 783 erat,
1445 721 1842 788 compertum,
1900 733 2077 773 muro
2132 732 2469 773 conscenso

817 810 1122 879 arreptum
1157 807 1327 878 192
1362 806 1619 878 pedibus
1649 810 1817 862 extra
1862 822 2068 861 muros
2122 806 2467 879 projiciunt,

816 895 915 951 alii
946 895 1161 951 strictis
1183 895 1493 951 securibus
1522 900 1580 951 et
1600 900 1907 967 portarum
1962 895 2230 951 vectibus
2277 894 2469 950 disru-

815 984 933 1057 ptis
954 984 1015 1039 in
1036 984 1248 1039 urbem
1269 984 1575 1039 introitum
1596 983 1850 1039 liberum
1874 984 2154 1039 exercitui
2175 983 2467 1055 aperiunt.

816 1074 936 1129 Hac
952 1073 1179 1129 ratione
1201 1075 1397 1129 Caesar
1420 1072 1876 1145 Strategopulus
1888 1077 1946 1128 et
1964 1088 2103 1128 cum
2116 1089 2187 1128 eo
2217 1072 2469 1128 Romani

815 1161 1075 1217 universi
1104 1177 1176 1216 ac
1211 1161 1444 1233 Scythae
1475 1165 1568 1229 (ex
1596 1161 1689 1216 his
1732 1162 1891 1216 cnim
1953 1162 2141 1233 copim
2196 1160 2469 1217 conﬂatm

816 1251 1007 1321 erant)
1052 1249 1266 1306 urbem
1314 1251 1563 1320 ingressi
1625 1255 1780 1305 sunt.
1841 1252 2007 1306 Cives
2040 1267 2101 1306 re
2142 1251 2472 1321 improvisa

814 1338 1094 1412 perculsi,
1126 1342 1192 1394 ut
1219 1339 1475 1411 quisque
1504 1343 1753 1411 poterat,
1787 1339 1959 1394 saluti
1990 1355 2113 1394 suae
2142 1339 2467 1395 consulere.

817 1426 919 1481 llic
942 1425 1194 1498 quidam
1246 1426 1611 1481 monasteria
1664 1432 1885 1497 petere,
1958 1431 2014 1482 et
2070 1429 2470 1482 monasticum

814 1512 1111 1576 habitum,
1143 1519 1208 1570 ut
1234 1513 1461 1569 cladem
1506 1514 1812 1583 evitarent,
1883 1514 2149 1570 induere.
2205 1516 2471 1571 Mulieres

814 1601 877 1657 in
914 1617 1225 1657 murorum
1258 1602 1559 1659 foramina
1587 1603 1824 1673 conjici,
1848 1608 1905 1659 et
1927 1603 1986 1658 in
2018 1604 2179 1658 cellis
2198 1604 2473 1659 obscuris

813 1690 1821 1763 reconditisqueabscondi.Civitati
1837 1692 2133 1763 imperans
2146 1692 2287 1747 Bald
2299 1692 2473 1747 uinus

814 1776 875 1833 in
905 1792 1199 1847 magnum
1230 1778 1515 1834 advolare
1540 1778 1857 1851 palatium.
1892 1780 2000 1845 Qui
2018 1796 2159 1835 vero
2187 1781 2471 1852 Daphnu-

2093 416 2379 474 GEORGII
2431 415 2894 473 ACBOPOLITE

815 545 875 599 et
902 541 1016 598 hac
1043 540 1631 615 rationequindecim
1653 540 1874 597 etforte
1914 540 2116 613 plures
2128 541 2233 596 vrri
2254 540 2467 596 urbem
2501 542 2547 593 A

1967 541 2233 596 luresvrri
2254 540 2467 596 urbem
2501 542 2547 593 Α
2580 538 2806 611 ἀκριϐῶς
2849 537 3053 602 εἰδότας
3099 543 3166 593 τὰ
3217 543 3335 594 κατ’
3393 543 3574 611 αὐτὴν,
3636 549 3722 597 καὶ

4035 424 4173 479 1212

3802 549 4177 617 πυνθανόμενος

2579 629 2747 680 αύτῶν
2781 628 3093 700 ἐμεμαθήκει
3121 630 3251 688 ὀπήν
3281 651 3395 683 τινα
3419 632 3499 703 (6)
3531 628 3658 684 εἶναι
3706 639 3821 706 περὶ
3877 638 3936 687 τό
3998 636 4176 707 τεῖχος

2576 725 2672 778 τῆς
2711 718 2905 778 πόλεως
2959 715 3031 770 δι’
3089 716 3151 780 ἧς
3206 718 3333 793 ἁνήρ
3394 720 3607 780 ὁπλίτης
3666 718 3869 775 δύναιτ’
3919 724 3979 774 ἂν
4040 724 4174 785 ἐντὸς

2578 804 2842 873 εἰσελθεῖν,
2896 802 3025 878 μηδ’
3079 806 3204 869 ὅλως
3260 808 3515 879 μελλήσας
3585 817 3677 861 τοῦ
3746 812 3899 885 ἔργου
3981 816 4173 884 εἴχετο.

2580 899 2681 947 Καί
2718 894 2925 952 εἰσῆλθε
2974 892 3067 947 διὰ
3116 899 3311 959 ταύτης
3343 898 3425 969 (7)
3476 896 3620 973 ἀνὴρ,
3672 904 3761 951 καὶ
3821 900 4175 959 ἐπηκολούθη-

2581 1001 2667 1034 σεν
2689 983 2829 1053 αὐτῷ
2860 985 3047 1056 ἔτερος,
3077 983 3188 1037 εἶτα
3229 984 3398 1057 ἐκεινῳ
3449 987 3620 1051 ἄλλος,
3683 994 3773 1039 καὶ
3827 990 3962 1041 ούτω
4014 994 4178 1063 μέχρι

2578 1080 2679 1123 τῶν
2708 1069 3097 1143 πεντεκαίδεκα,
3131 1075 3278 1144 τάχα
3313 1071 3372 1127 δε
3426 1080 3515 1127 καὶ
3568 1075 3772 1137 πλείους
3805 1075 3993 1150 ἄνδρες
4044 1078 4179 1138 ἐντός

2581 1160 2818 1219 εἰσῆλθον
2861 1169 2956 1221 τῆς
3014 1161 3226 1224 πόλεως·
3276 1164 3415 1215 Ἐπεὶ
3462 1160 3521 1216 δε
3586 1171 3704 1239 περὶ
3742 1168 3800 1218 τό
3853 1175 4033 1238 τεῖχος
4090 1168 4174 1219 ἕνα

2583 1245 2726 1321 εὖρον
2769 1254 2856 1300 τόν
2896 1249 3361 1323 ἑμπεπιστευμένον
3410 1257 3504 1310 τήν
3585 1253 3841 1323 φυλακήν,
3930 1259 4056 1315 τινες
4128 1254 4181 1317 ἐξ

2582 1340 2748 1389 αὐτῶν
2794 1337 3066 1399 ἀναϐάντες
3119 1344 3206 1391 καὶ
3274 1348 3373 1391 τῶν
3425 1338 3602 1392 ποδῶν
3659 1342 3892 1403 λαϐόντες
3960 1343 4179 1417 ἔρριψαν

2583 1426 2678 1488 ἔξω
2706 1435 2802 1486 τῆς
2836 1427 3047 1489 πόλεως.
3109 1430 3175 1479 Οἱ
3224 1424 3277 1494 δ,
3338 1428 3483 1480 ἄλλοι
3532 1430 3705 1491 ἀξίνας
3755 1430 4180 1505 ἐγχειρισάμενοι

2576 1520 2671 1567 καὶ
2713 1519 2836 1575 τούς
2890 1515 3125 1586 μοχλούς
3173 1525 3273 1567 τῶν
3328 1517 3501 1568 πυλῶν
3546 1514 3918 1591 διαρρήξαντες
3985 1519 4179 1572 ἐλευθέ-

2580 1623 2675 1677 ραν
2705 1608 3013 1661 πεποίηνται
3047 1610 3140 1661 τήν
3168 1604 3240 1664 εἰς
3291 1609 3386 1662 τήν
3443 1605 3590 1657 πόλιν
3657 1604 3864 1660 εἴσοδον
3916 1615 3989 1677 τῷ
4023 1627 4179 1679 στρα-

2580 1695 2819 1764 τεύματι.
2872 1693 3023 1744 Ούτω
3079 1696 3168 1763 μεν
3222 1692 3310 1744 οὖν
3376 1699 3402 1745 ο
3462 1696 3916 1768 Στρατηγόπουλος
3971 1703 4177 1768 Καῖσαρ

2580 1785 2671 1832 καὶ
2718 1782 2768 1832 οἱ
2829 1780 2970 1849 αύτῷ
3013 1783 3194 1840 πάντες
3244 1787 3492 1853 Ῥωμαῖοι
3551 1787 3641 1834 καὶ
3694 1785 3887 1835 Σκύθαι
3951 1782 4024 1855 (ἐν
4078 1793 4181 1835 τῶν

815 1866 969 1922 siam
1010 1866 1282 1923 abierant
1309 1868 1511 1937 Latini,
1541 1873 1762 1923 etcum
1794 1868 1906 1923 illis
1930 1872 2216 1935 Potestas,
2262 1885 2470 1924 eorum
2508 1887 2547 1940 Β

2430 1885 2470 1923 n
2508 1887 2547 1940 Β
2580 1871 2826 1921 τοιούτων
2858 1871 3073 1943 καὶγὰρ
3104 1873 3161 1921 τό
3210 1869 3295 1921 ὑπ’
3356 1872 3511 1922 αὐτόν
3570 1876 3974 1946 συνεκεκρότητο
4025 1876 4185 1948 στρά-

814 1970 952 2028 qua:
972 1955 1332 2028 gerebantur
1356 1955 1536 2028 plane
1564 1956 1777 2026 ignari,
1810 1972 1948 2013 cum
1976 1958 2122 2013 nihil
2148 1958 2470 2013 adversum

814 2044 1206 2117 Daphnusian
1247 2049 1588 2117 perpetrare
1639 2046 1976 2116 potuissent
2026 2046 2228 2118 (opem
2309 2047 2470 2101 enim

812 2132 928 2188 illis
956 2132 1172 2188 tulerat
1207 2133 1403 2203 Deus),
1425 2134 1769 2203 retrogressi
1791 2134 1852 2189 in
1882 2134 2093 2190 urbem
2112 2136 2471 2192 contendere

813 2226 870 2278 et
894 2223 957 2277 in
987 2237 1385 2294 supernarum
1400 2223 1684 2278 virtutum
1703 2223 1988 2295 principis
2014 2224 2309 2280 Michaelis
2330 2229 2473 2279 tem-

814 2310 984 2384 plum
1014 2311 1075 2366 in
1105 2311 1338 2383 Anaplo
1369 2312 1548 2367 situm
1578 2313 1959 2378 conveniunt,
2023 2314 2221 2369 adhuc
2260 2329 2469 2369 eorum

810 2399 1371 2473 quaezpatrabantur
1401 2401 1604 2457 nescii.
1628 2400 1691 2455 ld
1712 2403 1996 2457 Romanae.
2021 2403 2209 2474 copiae
2230 2402 2473 2458 audien-

810 2493 921 2556 tes,
934 2488 1073 2558 igne
1085 2488 1147 2544 in
1161 2488 1506 2545 Latinorum
1523 2489 1741 2545 domos
1755 2506 1942 2562 prope
1954 2490 2115 2546 littus
2128 2490 2471 2561 adjacentes

810 2576 1106 2645 immisso,
1134 2592 1237 2632 eas
1259 2583 1674 2650 corrumpunt,
1698 2583 1757 2634 et
1774 2583 1913 2635 ante
1934 2579 2083 2635 alias
2104 2579 2469 2636 Venetorum

811 2665 1185 2738 aliarumque
1201 2665 1484 2738 deinceps
1532 2668 1869 2735 nationum,
1901 2684 2056 2739 quas
2087 2670 2345 2741 Campos
2368 2685 2469 2724 vo-

810 2757 971 2812 cant.
1001 2754 1189 2811 Latini
1236 2755 1530 2811 incendiis
1603 2756 1814 2812 urbem
1862 2756 2226 2815 inﬂammari
2296 2759 2466 2832 193

809 2843 1445 2916 conspicientes,genis
1458 2845 1733 2901 manibus
1745 2844 2158 2912 diverberatis,
2173 2853 2471 2920 quotquot

807 2930 1033 2989 habere
1059 2936 1469 3004 potueruntex
1497 2934 1698 2989 suisin
1725 2934 1994 2990 triremes
2020 2940 2077 2991 et
2093 2934 2210 2991 alia
2230 2937 2471 3008 navigia

807 3021 1159 3092 assumptis,
1198 3026 1354 3077 retro
1392 3038 1643 3077 cessere.
1668 3025 1735 3078 Et
1751 3023 2092 3079 triremibus
2116 3025 2325 3090 una,in
2343 3042 2468 3081 ma-

807 3123 1001 3180 gnum
1022 3109 1317 3181 palatium
1342 3126 1661 3183 progressa
1694 3111 2051 3168 Balduinum
2085 3112 2142 3167 in
2199 3114 2469 3170 maximo

2580 1977 2767 2029 τευμα)
2822 1956 2960 2017 ἐντὸς
3008 1966 3097 2018 τῆς
3154 1958 3348 2019 πόλεως
3408 1957 3750 2030 ἐγεγόνεισαν.
3804 1963 3870 2012 Οἱ
3923 1958 3974 2013 δ’
4039 1960 4180 2021 ἐντὸς

2581 2054 2653 2098 τῶ
2696 2042 2943 2117 αἰφνιδίῳ
2981 2048 3409 2109 κατασεισθέντες
3453 2052 3530 2117 (8)
3586 2045 3677 2100 τού
3738 2052 4067 2121 πράγματος,
4120 2052 4186 2109 ὡς

2581 2132 2726 2206 εἶχον
2782 2137 3002 2197 ἕκαστος
3053 2139 3141 2193 τὴν
3191 2134 3372 2187 ἑαυτοῦ
3435 2142 3698 2210 σωτηρίαν
3733 2136 4167 2210 ἐπραγματεύετο.

2584 2228 2683 2276 Καὶ
2709 2226 2758 2275 οἱ
2808 2226 2897 2295 μεν
2957 2224 3041 2275 ἐπὶ
3095 2226 3160 2275 τὰ
3217 2232 3425 2296 σεμνεία
3473 2223 3717 2286 ἐϐάδιζον
3773 2232 3862 2277 καὶ
3916 2230 4186 2298 μοναχικὰ

2580 2309 2880 2365 ἐνεδίδυντο
2932 2314 3122 2385 ἀμφια,
3169 2314 3303 2373 ὅπως
3352 2317 3438 2365 τὸν
3511 2319 3661 2386 φόνον
3728 2313 4011 2387 ἐκφύγοιεν,
4092 2337 4186 2386 γυ-

2579 2408 2748 2462 ναῖκες
2811 2398 2871 2453 δε
2934 2402 3005 2463 εἱς
3061 2404 3189 2462 ὀπὰς
3237 2407 3433 2473 τοίχων
3493 2404 3880 2456 συνεστελλοντο
3943 2409 4031 2456 καὶ
4112 2404 4186 2465 εἰς

2584 2493 2736 2551 στοὰς
2762 2493 3028 2551 σκοτεινὰς
3091 2495 3181 2541 καὶ
3224 2488 3558 2563 ἀποκρύφους
3610 2490 3943 2567 ἐκρύπτοντο.
4000 2492 4056 2545 Ὀ
4118 2489 4179 2546 δε

2579 2586 2671 2639 τῆς
2720 2578 2909 2639 πόλεως
2956 2582 3240 2652 κατάρχων
3295 2577 3606 2642 Βαλδουῑνος
3669 2582 3741 2650 (9)
3801 2580 3886 2634 ἐπὶ
3936 2586 3993 2634 τό
4048 2587 4188 2654 μέγα

2578 2668 2828 2720 παλάτιο)
2856 2668 3119 2740 ὥρμησεν,
3153 2670 3221 2725 Οἱ
3252 2665 3311 2720 δε
3336 2668 3420 2720 ἐπὶ
3458 2674 3553 2727 τήν
3621 2675 3946 2742 Δαφνουσίαν
4004 2670 4187 2722 ἀπιόν-

2579 2778 2662 2820 τες
2701 2765 2915 2812 Λατῖνοι
2954 2763 3043 2811 καὶ
3075 2759 3099 2809 ὁ
3130 2760 3240 2830 μετ’
3272 2758 3438 2810 αὐτῶν
3478 2761 3791 2821 ποτεστάτος
3822 2762 3957 2831 (l0),
4016 2758 4188 2833 μηδέν

2578 2866 2631 2899 τι
2684 2855 2785 2899 τῶν
2852 2851 3131 2918 γινομένων
3196 2852 3563 2921 γνωρίσαντες,
3621 2847 3729 2901 ἐπεὶ
3784 2854 3857 2919 μή
3906 2853 4040 2901 κατὰ
4088 2858 4190 2909 τῆς

2578 2944 2745 2996 νήσου
2773 2941 3091 3008 Δαφνουσίας
3133 2935 3223 3008 [Ρ.
3261 2936 3382 3007 100]
3421 2941 3641 2995 ποιῆσαί
3670 2958 3720 2989 τι
3769 2940 4010 3010 ἴσχυσαν
4042 2937 4187 3007 (Em-

3476 3022 3825 3098 παλίνδρομοι
3907 3030 4031 3098 πρός
4090 3030 4190 3084 τήν

2579 3025 2785 3079 ελάϐετο
2837 3028 2936 3099 γὰρ
2994 3024 3192 3077 ἐκείνων
3252 3030 3424 3096 Θεὸς),

2580 3116 2724 3169 πόλιν
2773 3114 3194 3185 ἐπανεζεύγνυον.
3255 3118 3433 3187 Μέχρι
3481 3118 3571 3186 μεν
3629 3110 3717 3167 οὖν
3762 3122 3855 3166 τοῦ
3913 3123 4037 3167 ναοῦ
4093 3123 4189 3167 τοῦ

808 3196 1154 3253 discrimine
1184 3203 1241 3253 et
1269 3203 1536 3254 extremo
1576 3215 1727 3271 pene
1768 3199 2052 3272 periculo,
2071 3202 2198 3271 jam
2218 3202 2467 3275 jamque
2507 3235 2547 3289 ρ

2436 3219 2467 3258 e
2507 3235 2547 3289 Ο
2576 3204 3018 3276 ἀρχιστρατήγου
3048 3210 3148 3254 τῶν
3197 3204 3300 3254 ἄνω
3368 3199 3637 3275 δυνάμεων
3678 3203 3903 3275 Μιχαήλ
3938 3203 4189 3269 ἐλθόντες,

809 3287 1012 3343 vivum
1034 3287 1418 3360 capiendum,
1450 3289 1690 3360 recepit.
1727 3291 1791 3344 Et
1821 3288 1902 3345 ita
1929 3304 2002 3345 ea
2029 3305 2125 3345 res
2157 3292 2369 3362 evenit,
2412 3298 2470 3347 et

808 3375 1029 3449 Cpolis,
1060 3378 1143 3433 ita
1172 3376 1294 3433 Deo
1306 3382 1629 3446 annuente,
1652 3394 1888 3433 rursum
1910 3380 2024 3433 sub
2046 3385 2337 3452 potestate
2360 3384 2443 3437 Ro

814 3466 983 3522 mani
1013 3466 1393 3538 imperatoris
1408 3470 1538 3536 jure
1584 3473 1641 3522 et
1693 3467 1902 3523 merito
1958 3470 2135 3529 venit.
2182 3470 2471 3539 vigesima

809 3554 1022 3627 quinta
1050 3555 1279 3611 mensis
1324 3554 1480 3624 Julii,
1524 3555 1846 3611 indictione
1898 3562 2136 3629 quarta.
2184 3573 2345 3614 anno
2390 3559 2470 3615 ab

808 3642 955 3700 orbe
982 3645 1222 3700 condito
1262 3647 1423 3713 6769,
1450 3650 1775 3718 postquam
1802 3645 2003 3701 hostes
2020 3662 2092 3702 ea
2122 3649 2287 3719 potiti
2327 3647 2469 3704 fuis—

808 3737 941 3789 sent
962 3748 1154 3789 annos
1180 3734 1621 3806 quinquaginta
1648 3739 1804 3790 octo.

2575 3301 2667 3346 τοῦ
2698 3298 2814 3366 περὶ
2845 3295 2931 3343 τόν
2962 3290 3009 3342 ἐν
3078 3291 3311 3362 Ἀνάπλῳ
3373 3288 3724 3363 διακειμένου,
3756 3288 3909 3344 ούδίν
3956 3312 4007 3344 τι
4061 3292 4195 3355 ὅλως

3700 3380 3865 3433 ἐκεῖσε
3919 3378 3977 3433 δε
4033 3380 4191 3453 ἀφιγ-

2577 3475 2719 3543 μίνοι
2775 3475 2864 3521 καὶ
2929 3477 3096 3520 ταῦτα
3160 3470 3405 3541 μαθόντες
3459 3469 3528 3531 εἰς
3578 3473 3672 3526 τήν
3730 3469 3876 3521 πόλιν
3934 3472 4193 3545 ὥρμησαν

2912 3557 3066 3609 Ἀλλὰ
3137 3562 3201 3609 τὰ

2578 3652 2781 3721 γνόντες
2809 3655 2911 3721 πύρ
2960 3654 3074 3708 ταῖς
3117 3646 3304 3707 οἰκίαις
3362 3652 3477 3717 (ll)
3521 3655 3622 3698 τῶν
3673 3652 3907 3700 Λατίνων
3961 3646 4197 3700 ἐνέϐαλον

2576 3390 2673 3434 τῶν
2729 3384 3076 3452 γεγενημένων
3157 3378 3573 3452 ἐμεμαθήκεισαν
3631 3403 3642 3414 -

2580 3559 2820 3612 ἐπελθεῖν.
2912 3557 3066 3609 Ἀλλὰ
3137 3562 3201 3609 τὰ
3283 3557 3545 3629 Ῥωμαίκὰ
3610 3562 3977 3631 στρατεύματα
4025 3566 4193 3611 τούτο

2578 3738 2723 3810 παρὰ
2760 3740 2846 3788 τόν
2886 3734 3119 3807 αἰγιαλόν
3160 3741 3439 3807 κειμέναις,
3479 3740 3569 3787 καὶ
3609 3734 3895 3811 ἐνέπρησαν
3966 3739 4195 3804 ταύτας,

1703 3832 2046 3900 Theodori
2098 3834 2349 3902 Dousa!
2400 3847 2463 3903 et
2510 3835 2758 3906 Leonis
2807 3832 3041 3900 Allatii
3092 3842 3295 3901 notae.

805 3953 981 4019 porta
1006 3952 1170 4003 nocte
1189 3948 1481 4004 concubia
1513 3952 1596 4004 est
1611 3949 1751 4003 adm
1770 3950 2289 4005 issus.Balduinus
2333 3967 2470 4008 vero

808 4020 1135 4090 imperator
1147 4026 1201 4075 et
1216 4020 1507 4076 Pantaleo
1523 4021 1900 4075 Justinianus
1916 4023 2121 4090 patria
2130 4022 2473 4085 rcha,navi—

808 4090 908 4161 gio
927 4090 1246 4162 derepente
1266 4106 1400 4146 cum
1416 4092 1535 4146 suis
1550 4092 1819 4147 omnibus
1832 4099 1885 4147 et
1901 4099 2080 4161 rapta
2099 4095 2471 4162 supellectile

810 4162 892 4233 ad
910 4161 1345 4233 Eun‘pumsese
1354 4166 1492 4232 pro]
1500 4165 1604 4233 ugi
1614 4171 1983 4232 receperunt.
2000 4170 2044 4218 A
2054 4161 2291 4219 udiatur
2303 4166 2469 4220 etiam

809 4232 1013 4287 denuo
1054 4232 1382 4289 Sabellicus
1408 4232 1674 4289 Ennead.
1707 4251 1783 4301 1x,
1824 4234 1908 4288 lib
1953 4251 2007 4289 Vl
2035 4235 2183 4291 :Sed
2202 4236 2343 4291 dum
2367 4237 2473 4291 ille

811 4302 959 4359 Bald
972 4304 1147 4358 uinus
1176 4308 1501 4360 extremam
1532 4307 1647 4361 vim
1674 4305 1989 4375 formidat.
2014 4307 2335 4362 domestica
2374 4323 2449 4375 op

804 4376 1120 4445 primitur,
1153 4376 1297 4431 urbs
1328 4391 1519 4431 vacua
1554 4391 1589 4431 a
1613 4380 1815 4440 paucis
1854 4378 2199 4447 Palaeologo
2228 4379 2473 4447 prodita

810 4454 916 4503 est.
942 4448 1021 4501 Et
1037 4453 1176 4501 sunt
1194 4448 1301 4517 qui
1314 4448 1523 4502 dicunt
1545 4463 1677 4503 eum
1695 4448 1972 4517 abfuisse,
2017 4464 2148 4503 cum
2170 4450 2326 4503 hosti
2352 4456 2474 4504 tra-

810 4517 941 4573 dita
967 4523 1052 4573 est
1089 4534 1102 4572 :
1131 4518 1237 4573 sed
1256 4519 1376 4574 sive
1400 4519 1613 4588 adfait,
1635 4535 1769 4574 cum
1792 4518 1973 4573 hostis
1995 4520 2058 4573 in
2094 4520 2297 4576 urbem
2319 4535 2474 4576 rece-

807 4595 1065 4661 ptusest,
1081 4590 1202 4645 sive
1217 4591 1279 4644 in
1293 4599 1507 4645 castris
1522 4591 1661 4661 fuit,
1675 4592 1823 4645 satis
1837 4596 2089 4656 constat,
2115 4592 2472 4661 Byzantium
2503 4592 2545 4646 Π

810 4660 1150 4733 proditione
1168 4662 1482 4733 amissum.
1515 4660 1752 4733 Alexius
1782 4660 2233 4733 Strategopulus
2269 4668 2325 4717 et
2352 4678 2471 4717 non

812 4730 1057 4787 Michael
1091 4730 1459 4803 Palaeologus
1492 4732 1721 4803 Cpolim
1754 4733 1932 4803 capit.
1968 4730 2288 4797 Quomodo
2313 4734 2472 4788 enim

811 4803 916 4874 qui
929 4805 969 4859 N
978 4803 1136 4858 icaeae
1148 4809 1209 4875 et
1226 4804 1556 4875 Peritheorii
1572 4819 1704 4858 com
1714 4803 2081 4870 morabatur,
2099 4805 2363 4875 COpolim
2380 4820 2468 4860 ca-

814 4889 972 4948 pere,
993 4874 1185 4948 potuit
1213 4874 1241 4928 ?
1262 4880 1317 4929 et
1344 4890 1487 4948 sane
1511 4891 1557 4948 si
1579 4890 1683 4948 per
1698 4877 1927 4948 Graecos
1954 4875 2035 4948 de
2063 4874 2476 4948 recuperanda

814 4890 953 4946 pere
989 4890 1185 5000 gown
1213 4890 1240 4928 τ
1262 4890 1317 4929 et
1344 4890 1487 4929 sane
1511 4891 1557 4928 Si
1579 4890 1683 4946 per
1698 4890 1927 4930 uraacos
1962 4890 2035 4929 de
2063 4890 2474 4948 recuperanda

813 4945 975 5027 Cpoli
1032 4944 1173 5001 dem
1210 4952 1431 5027 certam
1456 4944 1789 5027 habuisset,
1817 4946 2145 5027 gloriosam
2169 4947 2318 5003 adeo
2339 4963 2474 5019 pro-

810 5016 1075 5091 vinciam
1115 5033 1236 5072 non
1256 5017 1693 5091 demandasset
1728 5018 1949 5082 Alexio,
1994 5019 2095 5091 sed
2128 5020 2253 5091 ipse
2284 5016 2391 5091 per
2414 5034 2475 5073 se

812 5088 891 5144 ad
918 5087 1173 5143 similem
1199 5089 1573 5159 triumphum
1597 5091 1964 5155 accessisset,
1990 5095 2054 5145 ut
2076 5087 2474 5145 fecerat'anno

812 5160 1131 5232 superiori,
1162 5175 1287 5232 quo
1300 5160 1500 5217 verbis
1529 5160 1921 5215 Aselisfretus
1940 5161 2265 5216 exercitum
2291 5162 2347 5215 in
2370 5163 2473 5217 Ga-

808 5230 999 5306 latam
1024 5230 1278 5287 duxerat
1300 5232 1376 5286 ad
1398 5232 1873 5303 expugnandum
1900 5232 2045 5287 illud
2075 5233 2392 5306 oppidum,
2413 5238 2475 5288 ut

810 5302 1153 5377 videbatur,
1181 5319 1255 5377 re,
1266 5310 1463 5377 tamen
1478 5302 1648 5371 ’vera,
1674 5309 1749 5377 ut
1775 5302 2131 5377 Byzantium
2150 5302 2474 5377 occuparet

811 5374 1102 5447 deceptus
1136 5374 1526 5430 nihilominus
1557 5374 1872 5447 promissis
1894 5374 2098 5437 Aselis,
2131 5392 2211 5447 re
2234 5374 2471 5442 infecta,

812 5445 1074 5501 Nicmam
1103 5447 1432 5501 revertitur.
1466 5445 1633 5502 Adde
1660 5445 1942 5501 eumdem
1976 5446 2318 5502 Michaclem
2352 5462 2473 5501 non

814 5517 1049 5591 misisse
1080 5517 1935 5591 Alexiumiadioccupandam
1975 5518 2225 5589 Cpolim,
2261 5520 2363 5573 sed
2397 5518 2475 5573 ad

810 5588 1603 5663 debellandumMichaelem
1624 5588 2003 5663 défectorem,
2024 5588 2085 5663 et
2115 5606 2254 5663 cum
2285 5605 2473 5663 prope

811 5660 1040 5735 Cpolim
1065 5662 1359 5735 exercitus
1388 5668 1543 5717 esset
1567 5661 1899 5735 ducendus2
1944 5660 2180 5717 dedisse
2230 5660 2474 5735 in'com-

808 5704 1015 5795 aisais
1034 5733 1242 5790 Alexio
1271 5748 1393 5790 non
1426 5738 1491 5793 ut
1511 5738 1769 5806 caperet,
1798 5704 1904 5790 sed
1938 5737 2000 5794 ut
2049 5732 2474 5801 tantummodo

2582 3957 2784 4024 perten
2795 3954 2944 4004 taret
2957 3954 3013 4004 et
3028 3948 3245 4024 Latinis
3260 3950 3519 4024 timorem
3532 3949 3847 4024 incuteret.
3858 3949 4195 4024 Pachyme—

2582 4020 2965 4092 res,lib.n,p.
2989 4024 3105 4076 138.
3124 4022 3439 4085 Quomodo
3454 4027 3662 4092 postea
3690 4020 3924 4075 Alexius
3973 4021 4193 4076 urbem

2582 4095 2818 4165 ceperit.
2854 4092 2982 4146 fuse
3014 4100 3259 4166 narrant
3293 4108 3496 4166 eorum
3525 4098 3864 4166 temporum
3888 4095 4196 4166 σύγχρονοι

2584 4162 2926 4235 scriptores,
2948 4163 3304 4233 Acropolita.
3337 4162 3763 4235 Pachymerius
3784 4169 3840 4219 et
3878 4162 4025 4235 forte
4042 4162 4189 4219 Gre-

2584 4233 2781 4303 goras,
2797 4250 3056 4306 quorum
3070 4235 3227 4289 dicta
3243 4233 3653 4306 praeponenda
3670 4240 3810 4306 sunt
3823 4234 4098 4290 .k‘abellici
4130 4242 4195 4291 ct

2587 4306 2791 4362 Blondi
2812 4305 3083 4360 somniis.
3107 4305 3457 4360 Balduinum
3483 4322 3619 4360 cum
3642 4305 3820 4360 rebus
3834 4307 4198 4361 necessariis

2584 4383 2641 4433 et
2658 4377 3098 4449 pretiosissimis
3113 4377 3254 4448 fuga
3267 4378 3340 4431 ad
3361 4376 4197 4449 Euripumappulisse,credat

2584 4447 2939 4521 quicunque
2957 4447 3227 4521 ejusdem
3268 4455 3367 4519 atq
3398 4464 3447 4521 ne
3483 4447 3897 4521 Sabelli'cusiet
3928 4448 4198 4504 Blondus

2586 4519 2768 4574 felicis
2792 4519 3017 4573 cerebri
3049 4524 3157 4573 est.
3193 4521 3302 4583 Qui
3334 4520 3494 4574 enim
3526 4520 3869 4573 necessaria
3900 4525 3955 4574 et
3977 4522 4198 4590 pretio-

2587 4591 2825 4671 εἱδειωιι
2851 4589 3087 4671 deferre.
3141 4605 3347 4671 secum
3411 4590 3622 4671 potuit,
3681 4590 3801 4671 qui.
3831 4589 4197 4646 ornamenta

2586 4662 2817 4734 imperii
2833 4667 2888 4715 et
2905 4661 3207 4734 dignitatis
3221 4663 3480 4734 insignia
3493 4669 3545 4715 et
3558 4661 3910 4717 charissima
3923 4678 4195 4734 quaeque

2586 4732 2859 4788 hostibus
2896 4732 3161 4803 praedam
3191 4732 3426 4803 reliquit
3451 4733 3478 4787 ?
3506 4741 3638 4787 ALL.

2656 4804 2735 4875 (6)
2765 4804 2929 4875 Ὀπην
2961 4823 3093 4875 τινα.
3138 4814 3453 4871 bregoras,
3490 4820 3546 4875 p.
3582 4807 3667 4858 85.
3701 4809 3837 4862 ALL.

2656 4872 2735 4946 (7)
2765 4874 2985 4946 Εἰσῆλρε
3017 4872 3110 4946 διὰ
3162 4878 3375 4941 ταύτης,
3442 4872 3751 4946 Gregoras,
3798 4891 3857 4946 p.
3905 4880 3993 4930 85.
4047 4877 4193 4930 ALL.

2657 4942 2735 5012 (8)
2786 4950 2851 4997 Oi.
2914 4942 2965 4997 δ’
3020 4944 3158 5007 ἐντός
3240 4955 3310 5017 τῷ

2588 5017 2962 5088 Pachym,_p.
3004 5020 3116 5073 147.
3146 5025 3278 5072 ALL.

2657 5086 3096 5161 (9)’Βαλὸ“ὸυῖνος.
3124 5088 3566 5161 Pachymerius,
3602 5104 3659 5161 p.
3705 5092 3822 5143 144.
3858 5095 3990 5143 ALL.

2656 5165 2770 5233 (i0)
2828 5163 3156 5219 Ποτεστάτος
3237 5160 3680 5233 Pachymerius,
3738 5177 3800 5233 p.
3862 5165 3978 5215 162.
4054 5171 4195 5233 ALL.

2585 5227 2765 5289 Μηδέν
2794 5251 2844 5283 τι
2876 5240 2973 5281 τῶν
3021 5236 3349 5303 γινομένωνν.
3394 5227 3757 5303 iGregorasf
3786 5248 3846 5302 p.
3889 5234 3976 5299 86,
4045 5231 4196 5287 dicit

2585 5303 2798 5359 eodem
2813 5303 2906 5357 die
2922 5303 2995 5374 ad
3012 5302 3483 5374 eos,quil)aphn
3496 5304 3687 5358 usiam
3702 5303 4093 5374 ,obsidebant,
4118 5304 4201 5358 de

2586 5380 2758 5445 capta
2775 5374 2931 5445 Cpoli
2960 5373 3186 5429 famam
3205 5373 3470 5429 allatam.
3488 5377 3600 5429 Nec
3620 5373 3853 5430 videtur
3878 5374 4201 5430 dissentire

2586 5447 3035 5517 Pachymei-ius.
3080 5447 3297 5517 p.144.
3341 5450 3483 5500 ALL.

2655 5516 2769 5587 (11)
2806 5523 2944 5591 ,Πύρ
3022 5516 3132 5591 ταῖς
3179 5517 3389 5591 οἰκίαις.
3466 5519 3756 5586 Gregoras
3813 5523 3869 5572 et
3930 5516 4204 5591 Phranza

2586 5591 2783 5644 statim
2800 5590 2857 5643 in
2878 5587 3009 5661 ipso
3023 5589 3107 5661 ad,
3122 5587 3327 5644 urbem
3344 5588 3639 5657 ingressu,
3653 5594 3979 5660 antequam
3998 5590 4104 5661 qui
4136 5592 4199 5645 in

2588 5661 2796 5733 Daphn
2809 5659 2999 5716 usiam
3015 5659 3287 5733 abierant
3301 5666 3759 5733 reverterentur,
3772 5659 4065 5733 Caesarem
4090 5663 4128 5715 Β
4131 5678 4195 5733 y-

2584 5731 2849 5789 zantium
2869 5732 3208 5803 incendisse
3218 5736 3482 5804 narrant,
3511 5731 3853 5806 Acropolita
3874 5738 4009 5805 post
4031 5731 4204 5789 redi-

3412 4946 3659 5018 αἰφνιδίῳ
3734 4948 4193 5008 κατασεισθέντες.
