4444 6452
270 396 405 449 1213
1792 386 2025 442 ΑΝΝΑι

1867 385 2137 442 lNALES.
3482 392 3622 448 1214

264 521 351 568 καὶ
426 522 608 586 πρῶτα
663 512 753 583 μὲν
806 511 894 569 τὰς
982 516 1081 560 τῶν
1134 511 1425 571 Βενετίκων,
1490 505 1598 557 εἶτα
1645 514 1751 557 τῶν
1823 507 1986 558 ἄλλων
2064 516 2243 577 γενῶν,
2311 507 2372 568 ἃς
2428 512 2517 559 καὶ
2586 511 2837 581 Κάμπους
2888 514 3001 577 (t2)
3056 512 3443 583 κατωνόμαζον.
3490 512 3632 567 Ἐπα

264 601 321 657 δε
395 600 531 655 εἶδον
609 600 720 670 (t3)
778 602 871 656 τὴν
945 596 1092 647 πόλιν
1166 596 1591 669 πυρπολουμένην
1666 598 1715 646 οἱ
1758 604 1855 647 τῶν
1907 600 2161 661 Λατίνων,
2233 599 2326 657 τάς
2415 600 2631 669 παρειὰς
2679 606 2789 658 ταῖς
2840 605 2999 671 χερσὶ
3057 599 3335 669 τύψαντες,
3398 606 3487 653 καὶ
3540 601 3629 653 λα-

261 692 425 751 ϐόντες
500 692 651 749 ὅσους
730 683 986 745 ἠδύναντο
1061 684 1201 746 ἐντὸς
1270 693 1366 745 τῶς
1449 688 1697 757 τριηρέων
1772 684 1938 736 αὐτῶν
1996 690 2084 735 καὶ
2149 693 2249 735 τῶν
2303 685 2491 736 λοιπῶν
2546 685 2757 755 πλοίων,
2812 689 3253 762 ὑπανεχώρησαν,
3300 695 3425 760 μιᾶς
3481 695 3630 761 τριή-

259 802 369 857 ρεος
437 780 552 848 (Ml
630 776 703 837 εἰς
788 780 845 827 τὸ
934 778 1069 846 μέγα
1128 773 1376 826 πα)άτιον
1452 772 1771 833 ἀπελθούσης
1840 779 1930 825 καὶ
2007 770 2385 845 ἀναδεξαμένης
2440 778 2525 826 τον
2586 771 2895 828 Βαλδουῖνον
2948 777 2998 829 ἐν
3054 786 3174 849 χρῷ
3226 787 3317 837 τῆς
3364 779 3619 851 ζωγρείας

258 874 544 941 γενόμενον,
603 870 702 917 Καὶ
772 871 939 916 ταῦτα
995 868 1083 933 μὲν
1163 863 1298 912 οὕτω
1373 859 1551 923 ξυνέϐη
1623 862 1759 929 (15),
1820 866 1907 912 καὶ
1966 862 1994 917 ἡ
2056 867 2445 914 Κωνσταντίνου
2500 868 2715 935 προνοίᾳ
2770 872 2903 917 Geor)
2952 870 3041 918 καὶ
3104 862 3256 926 αὖθις
3310 868 3411 918 ὑπὸ
3464 874 3635 941 χεῖρα

259 966 350 1010 τοῦ
430 954 708 1027 βασιλέως,
770 960 868 1003 τῶν

260 1051 495 1116 πέμπτην
580 1044 813 1112 αἶγοντος,
888 1043 1047 1098 οὔσης
1131 1038 1478 1109 ἐπινεμήσεως
1555 1039 1824 1111 τετάρτης,
1902 1042 1991 1089 καὶ
2050 1038 2150 1090 ἀπὸ
2222 1045 2461 1108 γενέσεως
2534 1045 2737 1112 κόσμου
2820 1045 2965 1105 ἔτους
3049 1048 3188 1104 ὄντος
3261 1042 3441 1114 ςψξθ,

259 1142 356 1185 τῶν
386 1132 591 1205 ἐχθρῶν
617 1132 940 1202 κρατουμένη
964 1132 1192 1201 χρόνους
1220 1132 1540 1182 πεντήκοντα
1562 1133 1648 1176 καὶ
1679 1128 1831 1179 ὀκτώ.

329 1221 437 1285 πςί.
486 1225 610 1292 Περὶ
661 1225 785 1290 γοῦν
860 1220 917 1268 τὸ
974 1222 1261 1288 Μετεωριον
1348 1222 1463 1267 τοτε
1514 1219 1864 1282 σκηνουμένου
1901 1221 1945 1272 Α

260 1317 351 1362 τοῦ
406 1307 691 1381 βασιλέως,
761 1304 1007 1368 ἐξαπίνης
1064 1310 1208 1376 φήμη
1274 1323 1346 1363 τις
1403 1305 1602 1376 νύκτωρ
1648 1306 1713 1355 τά
1768 1312 1867 1354 τῶν

261 1399 455 1452 πολλῶν
527 1394 935 1467 περιεϐὸμϐησεν
1021 1392 1195 1453 ἀκοάς.
1280 1392 1337 1444 Ἠ
1387 1389 1445 1443 δὲ
1528 1400 1671 1463 φημη
1756 1394 1870 1459 (16)

262 1489 404 1559 παρὰ
450 1480 737 1556 παιδαρίου
784 1486 923 1542 τινὸς
954 1478 1285 1552 αὑταδέλφης
1341 1488 1432 1531 τοῦ
1490 1479 1743 1551 βασιλεως
1782 1488 1871 1539 τῆς

264 1574 641 1647 ὀνομοζομένης
702 1574 793 1643 μὲν
866 1570 1113 1642 Εἰρήνης,
1175 1566 1269 1620 διὰ
1323 1565 1381 1620 δὲ
1437 1576 1528 1619 τοῦ
1583 1564 1870 1637 μοναδικοῠ

267 1668 543 1735 σχήματος
607 1660 1087 1732 μετονομασθείσης
1148 1653 1420 1727 Eine-ﬂag,
1504 1654 1557 1707 ἐκ
1630 1665 1729 1707 τῶν
1777 1664 1870 1717 τῆς

265 1753 504 1812 Βιθυνίας
551 1757 716 1821 μερῶν
788 1747 912 1819 παρ’
975 1746 1136 1803 αὐτὴν
1224 1744 1555 1817 ἀφικομένου,

264 1835 385 1891 ὁδόν
461 1836 777 1911 ἐμεμαθήκει
845 1837 989 1909 παρά
1074 1854 1163 1885 του
1215 1842 1313 1885 τῶν
1359 1832 1657 1904 Ῥωμαϊκῶν
1718 1851 1872 1905 στρα-

1642 1744 1696 1805 ὃς
1754 1746 1871 1795 καθ’

262 1930 527 1999 τευμάτων
572 1926 763 1977 ἁλῶναι
810 1929 903 1981 τὸν
956 1928 1369 1976 Κωνσταντίνου.
1434 1921 1515 1980 Ὠς
1574 1918 1687 1991 εἶχε
1747 1932 1872 1991 γουν

263 2018 460 2088 τάχους
514 2018 544 2073 ἡ
613 2022 705 2066 τοῦ
769 2012 1031 2085 βασιλέως
1092 2012 1516 2082 αὐτοκασιγνήτη
1576 2014 1720 2082 ποιρά
1788 2014 1873 2062 τὸν

267 2105 489 2179 βασιᾙα
536 2102 789 2175 ἀφιγμένη
846 2099 1313 2174 καταδαρθάνοντα
1366 2107 1546 2151 τοῦτον
1603 2099 1737 2174 εὗρε,
1782 2103 1872 2150 καὶ

267 2195 436 2269 ἡρέμα
475 2214 584 2253 πως
614 2190 761 2243 ἐκίνει
814 2190 967 2242 αὑτὸν
1026 2198 1088 2261 τῇ
1149 2193 1315 2262 χειρὶ,
1357 2190 1489 2248 ὅπως
1546 2189 1607 2237 οἷν
1671 2207 1729 2258 ’γε
1786 2192 1875 2238 καὶ

267 2282 687 2356 ἐγρηγορησειεν,
744 2280 1067 2353 ἰσχυροτέρᾳ
1116 2286 1176 2350 τῇ
1233 2286 1369 2349 φωνῇ
1432 2276 1759 2346 ὑπολέγουσα
1807 2278 1875 2336 ὡς

270 2375 558 2441 Κατέσχες,
620 2366 659 2419 ὦ
724 2368 965 2441 βασιλεῦ,
1017 2372 1110 2425 τὴν
1170 2365 1728 2419 Κωνσταντινούπολιν.
1775 2369 1876 2418 Καὶ

266 2459 510 2519 πολλάκις
580 2466 732 2510 τουτο
806 2458 1019 2531 εἰρηκει,
1094 2461 1183 2507 καὶ
1260 2457 1284 2506 ὁ
1362 2453 1611 2527 βασιλεὺς
1674 2453 1877 2528 ἐπέμενε

949 951 1212 1022 Ῥωμαίων
1292 950 1486 1019 ἐγένετο
1554 951 1689 1000 κατὰ
1765 949 1914 1020 λόγον
1997 946 2202 1001 δίκαιον
2283 970 2334 1002 τε
2410 956 2495 1002 καὶ
2560 958 2916 1022 προσήκοντα,
2975 954 3195 1008 Ἰουλίου
3250 956 3490 1013 εἰκοστὴν
3547 960 3632 1006 καὶ

3532 1044 3632 1094 ὑπὸ

2045 1218 2133 1270 86.
2196 1218 2273 1269 Ea
2325 1221 2673 1287 tempestate
2736 1219 3062 1289 imperator
3141 1225 3336 1275 castra
3426 1222 3631 1274 Meteo-

1973 1304 2041 1358 rii
2079 1303 2477 1374 disposuerat.
2538 1311 2838 1377 noctuque
2893 1323 2962 1362 ex
3033 1308 3364 1380 improviso
3423 1323 3631 1363 rumor

1972 1392 2221 1464 quidam
2250 1394 2399 1446 inter
2416 1392 2739 1448 multorum
2763 1410 2937 1450 aures
2964 1396 3575 1467 perstrepuit.Rumor
3594 1411 3631 1451 ε.

1977 1479 2213 1534 servulo
2252 1480 2519 1551 quodam
2564 1483 2786 1537 sororis
2847 1484 3225 1557 imperatoris
3264 1487 3480 1551 lrenes,
3526 1483 3632 1539 sed

1976 1570 2219 1637 propter
2233 1569 2633 1623 monasticum
2655 1569 2926 1625 habitum
2945 1570 3203 1639 Eulogius
3237 1571 3585 1635 nominatae,
3605 1586 3636 1625 e

1980 1654 2243 1726 Bithynae
2276 1655 2543 1726 partibus
2575 1658 2650 1712 ad
2677 1658 2872 1730 ipsam
2896 1660 3184 1731 profecto,
3206 1659 3310 1730 qui
3338 1659 3400 1714 in
3427 1659 3637 1714 itinere

1976 1742 2294 1798 audierata
2309 1745 2590 1799 Romanis
2604 1746 2794 1817 COpiis
2809 1754 3050 1819 captam
3066 1764 3191 1802 esse
3208 1746 3458 1819 Cpolim,
3474 1762 3639 1819 spar-

1978 1848 2081 1885 sus
2117 1831 2329 1885 fuerat.
2369 1832 2471 1887 Illa
2510 1848 2764 1906 propere
2806 1836 3233 1907 imperatorem
3274 1835 3638 1891 conveniens

1979 1936 2195 1977 somno
2251 1921 2513 1992 sopitum
2576 1923 2801 1979 invenit
2862 1938 2884 1993 ,'
2937 1940 3127 1997 quare
3193 1941 3332 1980 eum
3398 1922 3635 1996 placide

1979 2026 2241 2082 movere,
2273 2019 2330 2068 et
2351 2018 2413 2067 ut
2433 2011 2955 2077 excitaret,altiore
2986 2030 3131 2069 voce
3146 2013 3445 2085 proloqui,
3476 2036 3503 2061 ››
3529 2014 3635 2068 Te-

1979 2114 2107 2168 nes,
2125 2117 2161 2156 o
2182 2101 2526 2173 imperator,
2554 2100 2801 2173 Cpolim.
2831 2125 2857 2151 »
2875 2102 3102 2173 Saepius
3115 2103 3229 2157 hoc
3248 2101 3481 2173 repetiit
3499 2121 3509 2159 :
3530 2101 3639 2156 im-

1980 2195 2216 2261 perator
2239 2191 2525 2245 immotus
2550 2196 2712 2244 stans
2746 2206 2865 2245 non
2885 2190 3313 2261 respondebat.
3336 2192 3639 2245 Verumta-

1984 2293 2111 2333 men
2129 2295 2258 2333 cum
2274 2278 2373 2334 illa
2390 2294 2655 2333 sermone
2674 2283 2889 2333 mutato
2902 2278 3175 2334 dixisset:
3194 2301 3222 2327 »
3240 2280 3446 2348 Surge,
3460 2278 3641 2350 impe-

1983 2372 2144 2423 rator
2160 2386 2171 2422 :
2190 2369 2459 2423 Christus
2476 2367 2574 2422 tibi
2592 2367 2818 2439 Cpolim
2841 2369 2883 2437 1
2896 2366 3013 2440 46
3028 2366 3309 2438 elargitus
3322 2372 3429 2430 est,
3450 2388 3477 2416 »
3488 2367 3638 2423 lecto

1984 2471 2312 2525 assurgens
2330 2455 2732 2527 manibusque
2746 2456 2804 2510 in
2819 2455 3038 2511 ccelum
3056 2457 3335 2526 extensis,
3360 2476 3387 2504 ››
3401 2456 3590 2521 Hunc,
3608 2477 3637 2505 »

269 2546 435 2622 μηδέν
474 2569 525 2600 τι
575 2551 704 2620 πρὸς
751 2550 946 2605 ταύτην
993 2545 1505 2621 ἀνταποκρινόμενος.
1553 2544 1641 2605 Ὠς
1688 2541 1746 2597 δὲ
1791 2548 1876 2597 τὸν
1910 2566 1949 2619 Β
1986 2561 2022 2600 a

1910 2566 1949 2619 Β
1986 2544 2085 2600 ait‘
2107 2566 2135 2593 »
2150 2561 2510 2612 sermonem,
2528 2560 2714 2611 soror,
2731 2550 2787 2599 et
2807 2546 2935 2617 ipse
2948 2545 3297 2617 amplector,
3332 2545 3435 2600 sed
3458 2560 3638 2617 quem

269 2639 418 2709 λόγον
458 2634 700 2709 μετέϐαλε
746 2640 835 2687 καὶ
886 2635 1100 2708 εἰρηκει,
1162 2658 1188 2685 ‹‹
1252 2634 1558 2699 Ἀνάστηθι,
1613 2632 1831 2706 βασιλεῦ
1861 2655 1874 2667 ·

270 2730 428 2801 ὁγὰρ
479 2729 707 2800 Χριστὸς
760 2723 1125 2799 ἀπεχαρίσατὸ
1171 2743 1255 2775 σοι
1308 2728 1398 2781 τήν
1458 2726 1876 2776 Κωνσταντινούο

270 2816 434 2879 πολιν,
475 2836 501 2864 η
532 2824 626 2875 τῆς
674 2814 850 2876 κλίνης
878 2812 1103 2874 ἀναστὰς
1140 2817 1230 2865 καὶ
1285 2815 1379 2874 τὰς
1425 2820 1607 2886 χεῖρας
1667 2813 1734 2873 εἰς
1795 2812 1878 2863 οὗ·

268 2910 421 2980 ρανόν
452 2904 733 2970 ἀνατείνας,
757 2925 783 2950 α
811 2909 1007 2955 Κοῡτον
1038 2906 1129 2974 μὶν
1185 2924 1212 2950 ι)
1246 2904 1338 2974 ἔφη
1366 2903 1500 2972 (l7),
1534 2924 1560 2949 ‹‹
1586 2906 1670 2953 τόν
1704 2902 1874 2972 λόγον,

274 2992 313 3046 ὦ
345 2990 564 3065 ἀδελφή,
595 2998 684 3044 καὶ
709 2992 863 3053 αὐτὸς
902 2988 1153 3064 δέχομαι.
1189 2990 1283 3043 “Ov
1338 2988 1396 3043 δὲ
1440 2990 1590 3061 λόγον
1644 2994 1702 3042 τὸ
1744 2999 1878 3065 πρῶ·

269 3104 355 3136 τον
418 3081 578 3151 εἶπες,
636 3084 701 3142 ὡς
755 3090 851 3144 τῆς
902 3085 1289 3134 Κωνσταντίνου
1336 3082 1655 3155 κεκράτηκα,
1715 3076 1877 3132 οὐδα-

270 3180 379 3245 μῶς
468 3168 808 3242 ἀποδέχομαι

272 3259 530 3334 ἐγκρατὴς
590 3263 832 3331 γενοίμην
912 3266 1008 3317 τῆς
1071 3261 1464 3310 Κωνσταντίνου
1518 3275 1534 3327 ς

866 3191 879 3203 ο
927 3178 1031 3231 πῶς
1108 3172 1209 3243 γὰρ
1281 3167 1336 3220 ἔκ
1411 3176 1503 3220 τοῦ
1587 3174 1879 3240 Μετεωρίου

1597 3255 1702 3307 ἀλλ’
1757 3253 1880 3309 οὐδὲ

275 3350 577 3422 στράτευμα
626 3346 740 3399 κατ’
807 3346 969 3408 αὐτῆς
1045 3344 1313 3417 ἀξιόλογον
1360 3351 1623 3419 πέπομφα.
1692 3350 1761 3399 Τὸ
1822 3343 1880 3399 δὲ

423 3446 591 3489 ταῦτα
667 3432 796 3489 εἶναι
847 3443 961 3505 Θεῷ
1018 3441 1106 3487 καὶ
1187 3436 1339 3496 αὐτὸς
1392 3435 1735 3508 ξυνομολογῶ,
1790 3440 1879 3487 καὶ

278 3529 462 3580 θᾶττον
502 3525 562 3577 ἆν
614 3528 676 3577 τὰ
729 3532 919 3599 μικροῦ
968 3529 1058 3576 καὶ
1100 3520 1337 3576 ἀδύνατα
1378 3531 1482 3584 τοῖς
1527 3526 1598 3584 οἷς
1639 3524 1698 3575 ἂν
1758 3523 1880 3597 βού-

273 3616 415 3668 λοιτο
453 3622 753 3688 παρασχεῖν
792 3615 1084 3671 καθέστηκε
1148 3610 1387 3673 δυνατός.
1430 3632 1459 3664 ν
1520 3614 1676 3665 Ταῦτ’
1728 3613 1879 3665 εἰπὼν

273 3708 396 3765 τοὺς
475 3703 522 3755 ἐν
606 3703 736 3755 τέλει
808 3702 893 3775 [Ρ.

273 3792 581 3845 ἐπυνθάνετο
641 3792 683 3844 εἰ
732 3790 898 3851 ἀληθῆ
961 3788 1107 3844 δοκεῖ
1161 3796 1341 3863 σφίσιν
1394 3791 1573 3851 αὐτοῖς
1630 3795 1693 3843 τά
1740 3795 1882 3865 ποιρά

984 3702 1107 3775 101]
1168 3704 1363 3763 πάντας
1419 3701 1744 3773 ξυνηθροισε,
1792 3722 1881 3753 και

1987 2633 2249 2706 primum
2274 2634 2535 2701 dixeras,
2595 2649 2691 2689 me
2738 2633 2898 2706 Cpoli
2944 2634 3220 2706 potitum,
3270 2634 3435 2691 nullo
3467 2640 3642 2706 pacto

1986 2723 2233 2794 excipio.
2264 2724 2535 2788 Quanam
2568 2722 2729 2777 enim
2769 2724 3017 2789 ratione,
3058 2723 3161 2797 qui
3192 2723 3445 2779 Meteorii
3479 2740 3636 2793 sum,

1985 2811 2171 2883 polim
2219 2811 2536 2867 devicerim
2565 2811 2593 2865 ?
2645 2812 2749 2883 qui
2796 2827 2906 2867 nec
2944 2818 3142 2869 tantas
3181 2813 3383 2885 copias
3410 2813 3487 2868 ad
3506 2828 3643 2869 eam

1987 2901 2414 2957 debellandam
2447 2901 2756 2957 adornavi.
2792 2902 2903 2958 Sed
2925 2902 3055 2957 htec
3087 2902 3325 2958 Numini
3357 2901 3643 2957 facillima

1988 3006 2117 3045 esse
2131 2996 2187 3045 et
2199 2991 2328 3063 ipse
2344 2991 2549 3059 fateor,
2568 2990 2860 3063 citiusque
2874 3006 2943 3046 ac
2958 2992 3339 3047 commodius
3359 3008 3430 3047 ea
3442 2991 3641 3057 etiam,

1988 3094 2123 3151 quae
2136 3078 2258 3134 fieri
2274 3079 2439 3134 haud
2463 3095 2638 3151 posse
2658 3078 2953 3143 videntur,
2968 3079 3193 3152 quibus
3223 3081 3350 3153 ipse
3370 3080 3643 3149 voluerit,

1988 3167 2316 3223 concedere
2347 3173 2725 3240 polensest.»
2743 3167 2913 3234 Dixit,
2940 3168 3458 3241 omnibusquequi
3477 3168 3560 3224 ibi
3582 3167 3645 3223 in

1987 3257 2273 3326 dignitate
2329 3263 2498 3312 erant
2535 3258 2897 3328 convocatis,
2953 3273 3030 3312 an
3070 3274 3212 3314 vera
3250 3274 3322 3313 ea
3359 3273 3493 3313 esse
3531 3257 3646 3312 illis

1987 3346 2330 3401 viderentur
2359 3363 2495 3419 quae
2526 3345 2690 3401 fama
2719 3345 3260 3415 circumferrentur,
3294 3347 3644 3416 interrogat.

1989 3435 2244 3501 Quidam
2261 3450 2546 3501 annuere,
2560 3451 2859 3490 rumorem
2873 3450 3013 3490 vera
3028 3436 3324 3501 nuntiare,
3341 3440 3398 3491 et
3413 3435 3653 3508 potissi-

1989 3540 2158 3580 mum
2188 3524 2226 3579 ii
2255 3524 2478 3596 quibus
2514 3524 2850 3580 Latinorum
2882 3525 3073 3580 exitus
3105 3525 3456 3597 exquisitius
3487 3542 3648 3581 com-

1991 3619 2192 3684 pertus
2214 3612 2423 3667 fuerat.
2447 3612 2555 3667 Alii
2581 3612 2859 3667 dubitare
2900 3618 2957 3667 et
2983 3612 3041 3668 in
3084 3613 3373 3684 ambiguo
3401 3629 3645 3687 ponere,

1988 3702 2092 3774 qui
2113 3701 2330 3757 divina?
2342 3702 2573 3772 judicia
2603 3700 2993 3773 providentiae
3023 3718 3145 3758 non
3179 3710 3453 3759 accurate
3485 3707 3649 3759 tene-

1988 3797 2138 3857 rent,
2170 3793 2595 3848 ratiocinantes
2623 3809 2749 3848 rem
2781 3792 3187 3849 ediﬂlcillimis
3204 3809 3339 3849 esse
3360 3799 3417 3850 et
3436 3810 3507 3849 ex
3532 3793 3648 3850 illis

271 3894 369 3946 τῆς
436 3888 634 3955 φήμης.
708 3886 808 3935 Καὶ
866 3883 913 3933 οἱ
989 3884 1079 3952 μὲν
1139 3882 1405 3933 συνέθεντο
1460 3879 1523 3932 τά
1576 3888 1675 3940 τῶς
1718 3880 1881 3951 λόγων
1914 3917 1953 3971 C
1989 3896 2026 3954 q

1914 3917 1953 3971 Β
1989 3896 2122 3954 quae
2153 3880 2374 3937 nonita
2392 3880 2550 3937 facili
2580 3882 2821 3951 negotio
2860 3886 3251 3971 peraguntur.
3286 3883 3350 3937 In
3390 3883 3483 3938 his
3522 3898 3648 3938 ser-

272 3972 627 4035 ἕπαληθεύειν,
669 3977 758 4023 καὶ
788 3971 1022 4038 μάλιστα
1064 3970 1141 4032 οἷς
1189 3973 1218 4027 η
1266 3978 1365 4021 τῶν
1420 3974 1656 4023 Λατίνων
1705 3967 1881 4032 ἔξοδος

271 4060 639 4137 ἀκριϐέστερον
697 4058 996 4131 ἐπεγνώσθη
1051 4080 1063 4091 ·
1120 4061 1245 4111 ἔνιοι
1304 4054 1363 4110 δὲ
1411 4062 1497 4110 τὸν
1558 4058 1708 4130 λόγον
1756 4054 1882 4129 ἦγον

1992 3970 2275 4026 monibus
2308 3971 2497 4026 noctis
2523 3971 2783 4042 spatium
2817 3970 3160 4041 evigilatum
3190 3977 3279 4027 est
3326 3991 3338 4027 :
3381 3973 3482 4029 ubi
3522 3973 3650 4029 dies

1992 4060 2183 4131 caepit,
2220 4076 2358 4132 spes
2379 4075 2590 4115 omnes
2615 4066 2811 4115 tenere
2836 4060 2915 4115 ab
2944 4062 3224 4127 exercitu,
3258 4062 3364 4133 qui
3393 4078 3536 4118 vera
3562 4078 3649 4118 re-

1164 4155 1510 4223 Theodori
1560 4156 1811 4223 Dousa:
1861 4166 1927 4222 et
1976 4157 2229 4223 Leonis
2276 4158 2507 4225 Allatii
2559 4168 2762 4226 notaa.

272 4279 403 4331 tum
426 4274 769 4329 Latinorum
801 4288 871 4327 ex
895 4271 1093 4328 insula
1125 4273 1486 4343 Daphnusia.
1518 4272 1597 4325 Illi
1623 4279 1883 4342 quatuor

271 4351 334 4402 in
351 4346 497 4401 locis
511 4344 721 4400 urbem
736 4342 1329 4414 incensam,eamqne
1342 4342 1607 4399 ﬂammis
1628 4345 1881 4398 circum-

270 4417 477 4473 datam
500 4435 513 4481 ;
535 4414 1089 4483 Acropolitaignem
1109 4414 1447 4469 immissum
1466 4414 1525 4468 in
1537 4414 1879 4470 Latinorum

272 4488 435 4543 aedes
463 4502 651 4559 prope
681 4485 842 4541 Dttus
865 4486 1320 4559 jacentes,quas
1335 4488 1595 4559 Campos
1610 4485 1879 4559 appella-

272 4560 442 4616 bant.
464 4556 653 4630 quue
678 4556 901 4630 factum
934 4556 1559 4630 consilio’cujusdam
1606 4556 1875 4630 Joannis,

272 4632 380 4704 qui
412 4627 604 4685 fuerat
632 4628 896 4685 famulus
916 4627 1207 4697 Balduini,
1227 4628 1406 4684 tradit
1432 4628 1880 4701 Pachymerius,

327 4744 338 4755 .
372 4706 489 4757 146.
532 4709 667 4756 ALL.

274 4720 338 4775 p.
372 4720 489 4757 uo.
532 4720 667 4756 ALL.

349 4776 463 4843 (22)
516 4776 787 4844 Κάμπους.
832 4772 895 4826 G.
935 4769 1195 4844 Codinus
1249 4770 1309 4826 in
1370 4768 1572 4824 libello
1600 4770 1673 4844 de
1698 4770 1879 4827 rebus

275 4841 481 4917 patriis
514 4841 785 4917 Cpoleos,
814 4841 1191 4917 quemfrater
1212 4858 1382 4917 meus
1414 4842 1780 4917 G_eorgins_P.
1805 4846 1878 4917 Μ.

272 4912 351 4971 de
382 4912 586 4971 Graeco
610 4914 671 4969 in
708 4912 977 4969 Latinum
1015 4913 1330 4979 transtulit,
1371 4912 1543 4983 cujus
1584 4913 1784 4969 statim
1816 4916 1876 4969 in

274 4987 569 5060 principio
592 4992 876 5060 notarum
904 4985 1311 5060 meminimus,
1346 4984 1442 5039 hic
1466 4985 1522 5060 in
1555 4984 1671 5060 fine
1705 4986 1877 5040 nobis

274 5054 353 5114 ad
382 5054 839 5130 explicationem
862 5056 1044 5130 hujus
1060 5054 1173 5130 loci
1194 5072 1313 5130 prae
1332 5056 1558 5130 caeteris
1581 5057 1879 5130 advocan-

270 5131 388 5185 dus
418 5136 503 5184 est

265 5200 667 5271 (Theodosius
694 5200 923 5271 Junior)
955 5203 1153 5251 ἱκεσίαν
1191 5203 1280 5251 καὶ
1316 5200 1465 5256 λιτὴν
1510 5200 1581 5260 εὶς
1630 5203 1715 5250 τὸν
1746 5203 1878 5271 κάμε

271 5270 369 5325 πον
392 5270 870 5347 τοῦ-τριϐουναλίου
909 5273 1040 5342 μετὰ
1079 5278 1171 5347 τοῦ
1232 5273 1567 5344 πατριάρχου
1620 5270 1873 5344 Πρόκλου.

191 5376 197 5384 ›
271 5344 373 5411 His
394 5342 551 5400 adde
581 5343 928 5398 Diaconum:
958 5343 1029 5398 Ut
1057 5342 1326 5399 timentes
1355 5342 1675 5412 Byzamtii'
1702 5351 1878 5399 extra

268 5415 821 5472 civitatemintoco
850 5413 1105 5481 Campus
1144 5414 1391 5479 dicitur,
1438 5420 1625 5469 essent
1667 5429 1880 5482 perse-

268 5493 567 5555 verantes,
590 5492 648 5541 et
670 5490 902 5556 cetera,
928 5501 1063 5556 qua:
1085 5486 1143 5539 in
1168 5487 1321 5540 notis
1340 5485 1413 5539 ad
1439 5484 1732 5540 Codinum
1755 5486 1876 5541 exi-

266 5529 408 5615 mite
426 5530 776 5613 eruditionis
799 5529 1187 5625 etdil’igentiaa
1211 5558 1297 5612 vir
1317 5559 1576 5612 Joannes
1594 5559 1877 5613 Meursius

266 5630 604 5687 adnotavit.
679 5631 881 5685 DOUSA.

345 5704 459 5774 (13)
478 5696 724 5774 )‘Emtd":
772 5696 933 5756 εἶδον.
975 5700 1288 5771 Gregoras,
1318 5714 1377 5773 p.
1411 5702 1500 5755 87.
1530 5704 1667 5775 ALL,

559 5147 588 5210 ξ.
619 5133 853 5211 Ποίὴσας
908 5128 1146 5211 ςιηᾳυὶῐ)
1200 5128 1371 5207 οὖναὶ
1425 5127 1579 5207 αὐτος
1630 5127 1879 5211 βασιλέυς
1910 5129 1954 5183 Ι)

2065 4274 2197 4347 (1-4)-
2243 4280 2382 4334 Μιᾶς
2471 4278 2707 4347 τριὴρεος
2774 4276 3217 4347 Gregoras,_p.
3284 4278 3376 4342 86,
3440 4276 3647 4333 scribit

1997 4344 2353 4400 Balduinum
2376 4344 2603 4416 cymba
2619 4349 2854 4417 arrepta
2882 4345 3025 4417 fuga
3041 4344 3294 4402 salutem
3315 4349 3644 4421 quaesiisse.

1991 4421 2127 4470 ALL.

2063 4487 2176 4557 (15)
2255 4492 2356 4539 Καὶ
2431 4494 2596 4539 ταῦτα
2680 4490 2771 4557 μὶν
2838 4491 2973 4539 οὕτω
3049 4487 3254 4550 ξυνέϐη,
3333 4490 3645 4548 Phrunza:

1996 4559 2128 4614 Tali
2151 4558 2324 4615 modo
2355 4559 2497 4614 urbs
2526 4558 2733 4626 ampla
2771 4560 2882 4615 illa
2917 4566 2972 4614 et
3008 4560 3248 4617 urbium
3287 4562 3651 4630 imper-atria:

1990 4630 2224 4684 auxilio
2243 4630 2346 4685 Det
2359 4631 2775 4699 omnipotentis
2802 4638 2853 4686 et
2870 4630 3124 4686 Caesaris
3134 4633 3356 4700 peritia
3369 4636 3649 4690 solertia-

1991 4716 2103 4771 que
2118 4701 2373 4755 militari
2384 4702 2454 4757 ab
2474 4702 2773 4757 (talorum
2791 4704 3221 4758 Latinorumve
3232 4705 3505 4760 manibus
3518 4708 3648 4761 vin-

1989 4772 2298 4841 dicata,2d
2314 4773 2608 4828 Romanos
2636 4774 2876 4829 tandem
2895 4780 3324 4841 postannorum
3350 4790 3558 4833 novem
3592 4786 3647 4834 et

1987 4845 2453 4914 quinquaginta,
2476 4847 2762 4901 mensium
2787 4845 2993 4913 trium,
3022 4846 3255 4901 dierum
3277 4854 3536 4916 quatuor
3561 4851 3651 4904 in-

1989 4916 2523 4994 tervallumfeaiit.
2559 4916 2703 4994 cum
2730 4915 3071 4994 Acropolita
3097 4915 3394 4974 consentit
3420 4920 3647 4994 Pachy-

1988 4986 2210 5041 merius
2241 5003 2253 5040 :
2285 4986 2367 5038 Ἐν
2389 4990 2525 5038 ὀκτὼ
2563 4991 2744 5060 μόνοις
2797 4986 2927 5060 πρός
2973 4994 3082 5048 τοῖς
3139 4994 3457 5047 πεντήκοντα
3512 4986 3651 5045 ἒτέσι

1988 5009 2210 5041 manus
2241 5009 2253 5040 :
2304 5009 2367 5038 ιν
2389 5009 2525 5038 οκτω
2611 5009 2744 5048 ονοις
2797 5009 2927 5060 προς
2973 5009 3082 5048 τοις
3139 5009 3260 5040 πεντ

1988 5062 2348 5130 κατεχομένη-ς
2377 5067 2470 5120 τῆς
2492 5009 2686 5120 nais);
2711 5066 2820 5121 τοῖς
2853 5059 3088 5130 ἐχθροῖς·
3126 5062 3262 5115 ALL.

2056 5126 2556 5203 (16)Ἥὸ“ὲφημη.
2630 5126 3077 5203 i‘achymerius,
3145 5131 3246 5186 lib.
3315 5148 3373 5193 ιι,
3432 5149 3485 5188 c.
3544 5138 3640 5192 26.

1986 5205 2123 5265 ALL,
3554 5206 3557 5209 '

2057 5272 2170 5341 (l7)
2207 5278 2399 5345 Τοῦτον
2438 5275 2528 5345 μὲν
2583 5276 2696 5345 ἔφη.
2741 5275 3054 5342 Gregoras,
3088 5288 3178 5345 Lp.
3249 5276 3336 5338 86,
3385 5278 3450 5331 Et
3504 5283 3651 5334 nota

1987 5343 2310 5417 Gregoram
2337 5343 2658 5417 bic’dicere
2688 5352 2929 5417 captam
2963 5343 3190 5417 Cpolim
3221 5360 3256 5400 a
3292 5346 3426 5402 viris
3468 5355 3652 5404 octin-

1988 5416 2204 5482 gentis,
2233 5430 2378 5496 θωρ-
2399 5431 2585 5496 supra
2614 5416 2861 5496 dixisset
2883 5416 3018 5471 eam
3052 5420 3292 5496 captam
3332 5422 3649 5496 a_C_tesare,

1986 5501 2122 5541 cum
2157 5502 2230 5561 ne
2261 5486 2659 5561 millenarium
2679 5488 2926 5561 quidem
2958 5486 3285 5561 exercitum
3325 5486 3648 5561 adducere,

1987 5572 2096 5635 nec
2122 5557 2625 5635 ullas_ma_chinas
2648 5557 2725 5616 ad
2764 5559 3362 5635 dejiciendosmuros
3402 5557 3648 5635 paratas

1984 5629 2251 5712 baberet.
2282 5631 2698 5712 Pachymeres,
2739 5647 2798 5705 p.
2832 5629 2954 5687 {51.
2998 5631 3235 5688 Brevius
3272 5629 3648 5712 haac'eadem

1988 5700 2275 5762 Phranza.
2326 5700 2465 5764 ALL}

2838 4491 2973 4539 οὕτω
3049 4486 3231 4550 ξυνέϐη
3242 4533 3254 4544 ,
