4444 6452
780 446 921 506 1219

775 593 798 621 ι
838 573 1123 629 thronum
1155 577 1347 640 tuum,
1381 548 1648 637 domine,
1699 575 1755 624 et
1795 585 1831 624 a
1876 583 2000 640 qua
2031 567 2236 623 tandiu
2264 567 2430 623 aber-

767 662 936 728 rasti,
988 662 1272 717 cathedra
1315 662 1529 717 fruere.
1567 682 1595 708 ιι
1630 659 1721 716 Sic
1752 659 1930 713 etiam
1963 656 2317 728 patriarchas
2349 655 2428 711 ab

766 750 1126 821 imperatore
1167 751 1503 822 provisum.

2292 441 2630 501 ANNALES.

4016 452 4151 507 1220

2542 570 2673 638 μετὰ
2703 563 3053 640 παραδρομὴν
3077 588 3228 619 τινων
3285 571 3487 641 ἡμερῶν
3545 569 3720 640 λόγοις
3765 574 3850 622 καὶ
3901 580 3961 644 τῇ
4004 579 4145 647 παρά

2540 658 2730 707 τούτων
2765 657 2935 706 πειθοῖ
2981 655 3206 726 εἰσῆλθε,
3254 663 3344 708 καὶ
3399 658 3426 708 6
3471 655 3724 729 βασιλευς
3778 658 3845 719 εἰς
3899 664 3956 711 τὸ
4011 664 4144 733 ἱερὸν

2536 744 2759 802 ἀπῆλθεν
2815 743 3114 817 ἀνάκτορον,
3177 749 3232 796 τὸ
3285 754 3379 807 τῆς
3428 746 3656 817 μεγάλης
3705 753 3890 819 σοφίας
3920 753 4141 820 τέμενος,

769 839 831 890 ἶν’
891 837 1168 911 ἐγχειρίσῃ
1216 840 1311 896 τὴν
1365 834 1629 910 καθέδραν
1680 844 1754 905 τῷ
1815 833 2071 908 ἀρχιερεῖ.
2128 837 2227 885 Καὶ
2281 835 2632 905 συνὴθροιστο
2687 835 2818 904 μετά
2884 841 2976 884 τοῦ
3053 831 3314 905 βασιλέως
3371 840 3460 886 καὶ
3523 843 3622 886 τὼν
3679 835 3725 886 ἐν
3778 837 3907 888 τέλει
3956 859 4142 901 παντες

765 933 854 978 καὶ
908 935 1008 977 τῶν
1063 926 1331 1000 ἀρχόντων
1373 926 1436 978 ὀἱ
1476 930 1747 999 πρόκριτοι
1800 928 1888 974 καὶ
1934 928 2082 974 πᾶσα
2117 921 2332 980 πληθύς.
2366 921 2423 973 Ὀ
2463 921 2714 994 βασιλεὺς
2746 917 2802 973 δὲ
2853 929 2948 982 τῆς
2985 926 3163 995 χειρός
3210 932 3301 974 τοῦ
3355 927 3689 996 πατριάρχου
3753 924 4117 997 ἐπιλαϐόμενος

764 1035 792 1064 ‹‹
825 1013 1023 1086 Ἔχεις,
1059 1038 1086 1064 ››
1120 1020 1275 1087 φησὶ,
1310 1018 1396 1067 τόν
1449 1017 1624 1086 θρόνον
1679 1032 1793 1080 σου,
1838 1007 2088 1074 δέσποτα,
2121 1016 2210 1061 καὶ
2260 1010 2318 1060 οὗ
2349 1029 2482 1070 τινος
2540 1008 2596 1060 ἐκ
2626 1028 2828 1083 μακρου
2856 1009 3156 1081 ἐστέρησαι.
3202 1017 3332 1063 Νυνὶ
3373 1020 3470 1072 τῆς
3512 1009 3770 1086 καθέδρας
3801 1012 4053 1070 ἀπόλαυε.
4108 989 4137 1064 ξ

765 1108 865 1156 Καὶ
924 1104 1060 1154 οὕτω
1102 1107 1193 1175 μεν
1241 1109 1331 1155 καὶ
1358 1104 1442 1156 ἰπὶ
1496 1112 1568 1173 τῷ
1623 1102 1931 1174 πατριάρχῃ
1979 1102 2044 1150 τα
2073 1107 2164 1150 τοῦ
2198 1097 2456 1170 βασιλέως
2491 1098 2700 1160 ξυνέϐη.

833 1195 922 1247 89.
965 1195 1045 1247 Ea
1075 1196 1425 1264 tempestate
1472 1190 1708 1256 accidit,
1740 1188 1907 1261 quod
1943 1204 2062 1242 non
2095 1187 2354 1242 alienum
2388 1205 2425 1243 a

761 1281 1106 1335 narratione
1123 1295 1259 1335 mea
1285 1295 1416 1334 esse
1436 1279 1664 1334 ducens
1681 1278 1776 1332 hic
1790 1277 2009 1348 scripto
2027 1275 2418 1344 consignabo.

761 1368 1103 1424 Orationem
1130 1368 1204 1423 de
1230 1373 1470 1439 recepta
1501 1366 1664 1439 Cpoli
1688 1381 2170 1436 composueram.
2201 1365 2422 1420 Oratio-

759 1455 852 1510 nis
879 1460 1327 1524 argumentum,
1361 1456 1521 1510 circa
1546 1453 1908 1526 principium
1939 1454 2143 1521 gratiae
2169 1456 2286 1508 Deo
2312 1469 2422 1523 pro

757 1542 1158 1598 beneﬁcentia
1188 1558 1331 1612 erga
1354 1546 1657 1598 Romanos
1689 1547 1743 1597 et
1774 1541 2155 1596 misericorde
2179 1557 2290 1596 suo
2320 1557 2420 1595 au-

757 1630 901 1686 xilio
923 1647 992 1686 ac
1014 1631 1347 1702 patrocinio
1373 1631 1621 1685 redditae
1647 1648 1659 1685 :
1688 1630 1877 1684 inerat
1903 1632 1959 1683 et
1989 1629 2241 1683 orationi
2273 1645 2418 1699 prie-

758 1721 844 1774 ter
870 1718 1248 1790 imperatoris
1299 1720 1600 1790 praeconia
1650 1717 1729 1772 ad
1759 1716 2038 1774 eumdem
2089 1717 2418 1785 gratiarum

757 1807 912 1862 actio
946 1823 958 1860 :
991 1807 1105 1860 sub
1135 1806 1297 1863 calce
1322 1807 1662 1862 adhortatio
1689 1811 1751 1860 ut
1771 1805 2146 1860 Andronicus
2172 1807 2420 1860 Comne-

755 1911 872 1950 nus
921 1897 1156 1968 primus
1188 1896 1567 1968 imperatoris
1607 1895 1765 1950 ﬁlius
1792 1911 1930 1949 cum
1974 1894 2332 1966 imperatore
2361 1900 2418 1950 et

755 1991 923 2057 patre
947 1986 1008 2040 in
1036 1986 1556 2042 administratione
1589 1985 2006 2041 advocaretur.
2050 1987 2166 2039 Hoc
2198 1984 2417 2040 multos

755 2079 813 2128 et
840 2075 1221 2145 potissimum
1254 2074 1650 2145 dignitatibus
1697 2073 2000 2144 praeditos,
2042 2074 2264 2144 quibus
2295 2089 2416 2128 non

752 2178 822 2218 ex
851 2164 1143 2219 sententia
1185 2179 1278 2219 res
1310 2163 1712 2229 successisset,
1747 2161 2028 2232 fugiebat.
2074 2168 2146 2216 At
2174 2179 2246 2217 ex
2277 2179 2415 2217 nos-

752 2251 882 2319 tris,
913 2252 1018 2323 qui
1048 2252 1276 2324 primas
1308 2251 1682 2321 obtinebant,
1730 2251 1992 2306 Joannes
2026 2267 2243 2322 nempe
2286 2252 2416 2306 des-

751 2345 895 2412 pota
923 2342 1299 2413 imperatoris
1342 2341 1542 2410 frater,
1571 2346 1628 2395 et
1667 2356 1838 2395 socer
1867 2339 2022 2395 illius
2048 2341 2415 2396 sebastocra-

749 2434 843 2485 tor
859 2430 1165 2485 Tornicius
1186 2431 1355 2502 (nam
1384 2433 1585 2486 Caesar
1606 2428 2220 2500 Strategopulus,licet
2241 2430 2414 2485 ades-

750 2524 857 2588 set,
907 2519 984 2575 de
1032 2519 1127 2574 his
1179 2520 1428 2575 omnino
1472 2519 1702 2574 nullam
1748 2534 1955 2572 curam
2000 2517 2409 2590 suscipiebat),

749 2608 1126 2680 propositum
1176 2609 1522 2678 ignorantes
1568 2615 1624 2663 et
1663 2606 1962 2678 postulata
1998 2607 2411 2678 problematis,

747 2696 1171 2769 imperatorem
1200 2696 1279 2752 ad
1292 2697 1626 2752 orationem
1650 2695 2017 2750 audiendam
2046 2695 2406 2767 compulere.

745 2788 1076 2859 Imperator
1120 2803 1277 2858 aegre
1307 2787 1535 2842 ferebat
1565 2805 1578 2841 :
1608 2787 1736 2857 jam
1788 2786 1948 2840 enim
1999 2785 2112 2840 sub
2165 2786 2409 2842 meridie

746 2876 890 2932 solis
922 2876 1075 2933 radii
1122 2875 1503 2946 ingruebant,
1541 2879 1597 2930 et
1621 2875 1860 2947 prandii
1880 2874 2031 2930 hora
2061 2874 2306 2930 abierat.

2601 1186 2707 1243 πθ’.
2735 1187 2964 1257 Ἐγένετο
2993 1185 3052 1239 δε
3081 1192 3195 1240 τότε
3224 1193 3316 1239 καί
3355 1209 3407 1241 τι
3456 1198 3711 1256 τοιοῦτον,
3762 1191 3787 1242 ὃ
3839 1197 3910 1262 μὴ
3970 1212 4138 1267 παρα-

2532 1273 2715 1328 δοῦναι
2766 1283 2936 1348 γραφῇ
2989 1285 3088 1327 τῶν
3157 1278 3215 1328 οὗ
3272 1274 3489 1329 δεόντων
3553 1277 3894 1350 ἐλογισάμην.
3967 1286 4140 1351 Λόγον

2529 1363 2612 1416 ἐπὶ
2655 1372 2717 1436 τῇ
2773 1363 3052 1438 ωαρρύσει
3109 1373 3202 1425 τῆς
3271 1372 3658 1419 Κωνσταντίνου
3704 1369 4140 1443 συνεγραψάμην,

2533 1458 2632 1504 Καὶ
2662 1455 2687 1503 ὁ
2721 1456 2914 1513 σκοπός
2941 1461 3032 1504 τοῦ
3066 1453 3220 1523 λόγου
3266 1458 3401 1505 κατά
3452 1458 3544 1516 τὰς
3595 1455 3771 1529 ἀρχάς
3816 1458 4142 1529 εὐχαριστία

2529 1542 2590 1598 ἦν
2638 1545 2764 1613 πρὸς
2818 1545 2946 1593 Θεὸν
2997 1550 3086 1601 τῆς
3137 1546 3266 1614 πρὸς
3314 1542 3597 1614 Ῥωμαίους
3653 1548 3841 1596 τούτου
3875 1544 4138 1619 ἀγαθουρ-

2527 1638 2648 1702 γίας
2686 1637 2776 1683 καὶ
2822 1640 2915 1693 τῆς
2973 1632 3342 1703 εὐσπλαγχνου
3400 1631 3720 1706 κηδεμονίας
3784 1643 3873 1688 καὶ
3927 1636 4136 1694 ἀντιλὴ-

2526 1719 2683 1790 ψεως,
2715 1722 3174 1794 συνανεκεράννυτο
3207 1718 3266 1773 δε
3290 1730 3360 1791 τῷ
3399 1722 3536 1794 λόγῳ
3583 1728 3672 1775 καὶ
3728 1724 3956 1795 εὐφημία
4005 1730 4136 1799 πρὸς

2526 1812 2613 1859 τὸν
2642 1808 2865 1880 βασιλέα
2912 1809 3344 1882 εὐχαριστὴριος.
3393 1811 3450 1863 Ἡ
3484 1809 3543 1864 δε
3574 1811 3658 1864 ἐπὶ
3686 1813 3817 1864 τέλει
3861 1822 3950 1865 του
3976 1814 4133 1885 λόγου

2527 1897 2743 1959 ἀξίωσις
2772 1901 3282 1972 συναναγορευθῆναι
3320 1908 3393 1970 τῷ
3440 1899 3652 1972 βασιλεῖ
3707 1907 3796 1953 καὶ
3844 1907 4003 1977 πατρὶ
4043 1907 4134 1953 τὸν

2527 1985 2787 2058 βασιλέως
2833 1996 3128 2060 πρωτογενῆ
3182 1985 3374 2052 παῖδα,
3437 1993 3525 2040 τόν
3587 1995 3850 2062 Κομνηνόν
3905 1988 4130 2065 Ἀνδρό-

2521 2094 2680 2129 νικον.
2758 2083 2922 2127 Τοῦτο
2998 2074 3235 2128 ἐλάνθανε
3291 2081 3410 2138 τοὺς
3455 2078 3694 2144 πολλοὺς,
3752 2085 3842 2130 καὶ
3895 2080 4131 2151 μάλιστα

2523 2173 2620 2215 τῶν
2675 2163 2724 2215 ἐν
2767 2164 2916 2230 τέλει,
2968 2166 3045 2225 οἷς
3093 2170 3181 2217 καὶ
3235 2167 3294 2216 οὐ
3348 2170 3484 2218 κατά
3534 2174 3748 2239 γνώμην
3799 2170 4011 2241 ὑπῆρχε
4066 2174 4129 2222 τὸ

2522 2261 2756 2325 πρᾶγμα.
2831 2255 2897 2305 Οἱ
2974 2258 3063 2325 μὲν
3110 2259 3433 2327 προῦχοντες
3513 2265 3613 2308 τῶν
3661 2261 3943 2330 ἡμετέρων,
3991 2261 4016 2309 ὀ
4073 2279 4132 2312 τε

2524 2340 3056 2404 δεσπότηςἽωάννης
3086 2345 3112 2394 6
3160 2353 3253 2396 τοῦ
3302 2343 3557 2416 βασιλέως
3606 2343 3928 2418 αὖτάδελφος
3981 2354 4069 2400 καὶ
4101 2350 4130 2400 6

2521 2435 2763 2508 πενθερὸς
2818 2435 3005 2484 τούτου
3057 2435 3082 2484 6
3136 2433 3571 2510 σεϐαστοκράτωρ
3627 2441 3897 2509 Τορνίκιος
3949 2438 3995 2507 (ό
4023 2441 4130 2512 γάρ

2525 2529 2729 2596 Καῖσαρ
2763 2523 3246 2596 Στρατηγόπουλος,
3276 2529 3365 2575 καὶ
3398 2525 3441 2576 εἰ
3482 2533 3656 2599 παρῆ)
3703 2524 3750 2576 ἐν
3795 2534 3902 2586 τοῖς
3956 2532 4131 2578 τοιού-

2518 2631 2642 2680 τοις,
2698 2609 2817 2663 ο’5δ’
2871 2610 2996 2671 ὅλως
3073 2609 3186 2683 εἶχε
3240 2619 3359 2687 περὶ
3410 2617 3605 2665 τούτων
3690 2612 3982 2688 φροντίδα),
4038 2621 4130 2667 τόν

2520 2705 2713 2752 σκοπόν
2759 2699 3058 2771 ἀγνοοῦντες
3088 2707 3176 2752 καὶ
3206 2706 3300 2759 τὴν
3351 2701 3567 2764 ἀξίωσιν
3610 2711 3701 2754 τοῦ
3759 2703 4130 2776 προϐλήματος

2518 2791 2823 2861 ἠνάγκασαν
2881 2793 2966 2840 τόν
3035 2787 3262 2861 βασιλέα
3309 2789 3386 2842 ἐπ’
3444 2791 3693 2866 ἀκροάσει
3746 2795 3987 2862 γενέσθαι
4031 2802 4130 2845 τοῦ

2515 2878 2692 2949 λόγου.
2722 2879 2781 2930 Ὀ
2831 2876 2891 2930 δὲ
2945 2877 3197 2950 βασιλεὺς
3248 2876 3622 2952 ἐδυσχέραινεν
3662 2877 3809 2938 ’ἤδη
3871 2886 3973 2953 γὰρ
4032 2902 4128 2954 με-

2517 2967 2807 3042 πμϐρινὰς
3045 2970 3133 3027 τὰς
3188 2966 3395 3029 ἀκτῖνας
3451 2971 3478 3021 6
3518 2969 3658 3030 ἣλιος
3715 2968 3910 3040 ἔϐαλλε,
3971 2976 4062 3023 καὶ
4097 2973 4127 3024 ὁ

2513 3065 2605 3109 τοῦ
2633 3056 2849 3130 ἀρίστου
2879 3060 3072 3130 παρῄει
3111 3061 3314 3131 καιρός.

1632 3229 1973 3296 Theodori
2022 3230 2273 3296 Dousa;
2323 3242 2390 3295 et
2434 3227 2687 3296 Leonis
2736 3229 2968 3296 Allatii
3017 3240 3224 3298 notae.

811 3426 925 3496 (27)
964 3421 1108 3482 Ἠδη
1139 3426 1242 3497 γὰρ
1272 3421 1652 3497 μεσημϐρινάς.
1685 3422 2132 3495 Pachymerius,
2162 3439 2220 3496 p.
2258 3424 2378 3492 161,
2410 3428 2548 3481 ALL.

741 3703 4112 3742 Μ

1921 3957 2905 4102 ΑΒΒΕΝΒΑ.

2076 4474 2746 4568 MONITUM.

778 4886 998 4938 Auctor
1028 4881 1333 4954 sequentis
1386 4878 1652 4936 Encomii
1683 4877 2031 4950 simpliciter
2073 4879 2317 4935 Νισαίας
2345 4878 2424 4934 ab
2462 4878 2689 4936 editore
2719 4885 2988 4949 vocatur,
3019 4880 3165 4952 quin
3208 4880 3325 4937 alio
3371 4881 3618 4937 nomine
3672 4882 4104 4953 distinguatur.

709 4971 860 5037 Quia
886 4976 1087 5026 autem
1122 4972 1177 5026 S.
1213 4968 1456 5027 Michael
1486 4973 1778 5041 patronus
1809 4971 1937 5022 erat
1966 4967 2208 5031 Chonaa,
2248 4969 2456 5040 patriae
2486 4969 2702 5025 Nicetaa
2732 4969 3085 5037 Acominati,
3118 4973 3174 5025 et
3204 4970 3503 5026 scribendi
3536 4987 3728 5041 genus
3759 4973 3836 5028 ad
3857 4978 4106 5029 aetatem

706 5059 892 5130 hujus
931 5059 1144 5116 Nicetaa
1174 5058 1344 5114 facile
1375 5057 1642 5127 refertur,
1675 5055 1811 5111 ideo
1841 5056 1956 5112 hoc
1986 5056 2349 5128 opusculum
2379 5057 2661 5130 operibus
2692 5059 2822 5129 ejus
2848 5059 3150 5115 accenseri
3181 5074 3362 5131 posse
3393 5061 3756 5128 censuimus,
3807 5062 4003 5119 donec
4029 5079 4107 5118 ex

707 5149 974 5222 antiquis
999 5148 1310 5205 codicibus
1335 5147 1581 5221 probari
1607 5146 1800 5219 possit
1827 5162 1937 5202 nos
1965 5162 2285 5220 perperam
2316 5153 2420 5203 aut
2449 5147 2661 5204 merito
2688 5146 2749 5202 id
2775 5147 3010 5204 fecisse.
3045 5150 3198 5204 Emr.
