4444 6452
250 438 380 491 1221

1043 430 1311 487 NlCET/E
1352 433 1698 487 LAUDATIO
1742 432 1838 488 SS.
1881 431 2250 486 MICHAELIS
2294 432 2385 488 ET
2424 432 2810 490 GABRIELIS.

3465 436 3604 489 1222

248 552 3600 587 M

1455 714 2378 885 NIKHTA

669 1014 1279 1101 ΕΓΚΩΜΙΟΝ
1350 1013 1518 1098 ΕΙΣ
1576 1018 1639 1095 Τ
1646 1011 1853 1096 ΟΥΣ
1912 1011 2326 1098 ΑΓΙΟΥΣ
2386 1014 3202 1103 ΑΡΧΑΓΓΕΛΘΥΣ

1055 1226 1685 1343 ΜΙΧΑΗΛ
1766 1227 2039 1341 ΚΑΙ
2120 1226 2798 1344 ΓΑΒΡΙΗΛ

1462 1633 2397 1797 NICET/E

577 1940 1231 2033 LAUDATIO
1296 1935 2077 2029 SANCI‘ORUM
2134 1932 3285 2031 ARCHANGELORUM

668 2163 1715 2304 MIGHAELIS
1798 2162 2030 2297 ET
2115 2162 3193 2301 GABRIELIS.

622 2403 839 2476 (Edidit
867 2409 925 2459 et
957 2404 1263 2459 Latinitate
1285 2402 1532 2458 donavit
1558 2403 1758 2455 Petrus
1778 2396 2084 2461 Passinus,
2120 2398 2251 2454 Soc.
2286 2397 2450 2454 Jesu.
2478 2430 2546 2438 —
2569 2399 2796 2455 Tolosaa
2830 2404 2987 2467 1637,
3018 2399 3226 2471 in-l2.)

254 2675 463 2726 Νικήτα
538 2666 726 2722 δούλου
810 2670 985 2727 Ἰησοῦ
1074 2677 1326 2746 Χριστοῦ,

327 2741 579 2814 ἐγκώμιον
665 2741 734 2814 εἰς
813 2745 930 2801 τοὺς
1018 2742 1201 2812 ἁγίους

1369 2739 1677 2798 γαννέὶους,
1764 2744 1859 2789 Μι-

327 2761 579 2814 εγκωμιον
665 2762 734 2802 εις
813 2761 930 2801 τους
1018 2761 1201 2812 αγιους
1300 2761 1677 2813 αρχαγγεωυς,

325 2812 471 2883 χαὴλ
501 2818 589 2864 καὶ
620 2811 869 2886 Γαϐριὴλ,

326 2936 549 3008 Μιχαὴλ
587 2936 805 2988 ἐπαινῶν
833 2940 920 2987 τὸν
970 2935 1199 3007 Γαϐριὴλ
1253 2935 1594 3007 ἐπαινέσομαι
1624 2955 1635 2966 ·
1673 2936 1860 2984 ταυτὸν

254 3029 356 3098 γὰρ
396 3026 620 3097 Μιχαὴλ
657 3030 747 3077 καὶ
790 3024 1018 3099 Γαϐριὴλ
1056 3025 1276 3077 ἐπαινεῖν
1320 3046 1332 3057 ο
1374 3027 1454 3077 ὅτι
1506 3024 1617 3083 ὅλος
1652 3023 1700 3074 ἐν
1740 3022 1859 3093 ὅλῳ,

264 3115 498 3188 ἑκάτερος
568 3114 616 3165 ἐν
697 3115 939 3188 ἐκατέρῳ,
1019 3121 1292 3187 συμφωνίᾳ
1371 3134 1423 3165 τε
1460 3120 1686 3184 γνώμης,
1772 3116 1861 3163 καὶ

257 3206 461 3274 φύσεως
515 3205 831 3260 καθέστηκεν
915 3203 1169 3274 ἰσοτιμίᾳ.
1260 3201 1446 3274 Ἀμφω
1532 3199 1591 3253 δὲ
1648 3207 1861 3263 τουτους

257 3290 495 3356 ἐπαινῶν,
550 3292 618 3351 εἰς
690 3296 819 3345 Θεὸν
875 3291 1068 3343 ἁνοὶσω
1122 3294 1207 3343 τὸν
1266 3294 1468 3342 ἔπαινον
1499 3313 1511 3323 ·
1546 3293 1627 3342 ὅτι
1685 3298 1860 3342 πᾶσαν

256 3385 406 3431 αυτοὶ
436 3385 529 3437 τὴν
577 3380 937 3452 μεγαλοπρεπῆ
995 3390 1089 3440 τῆς
1134 3382 1387 3453 θεαρχίας
1438 3376 1596 3441 δοξαν
1649 3378 1696 3430 ἐν
1746 3380 1859 3431 ἐαυ-

254 3477 366 3529 τοῖς
396 3472 585 3539 ἔχουσι
621 3469 1005 3541 συνειληφότες.
1068 3472 1301 3540 Νευματί
1356 3472 1454 3543 γὰρ
1516 3467 1728 3542 ἀχρόνῳ
1780 3470 1856 3539 (1)

254 3566 463 3630 πρώταν
495 3558 605 3629 ἅμα
634 3567 743 3618 τοῖς
779 3564 917 3619 νόοις
946 3558 1082 3619 ὅλοις
1112 3560 1135 3608 ὁ
1166 3566 1279 3617 νοῦς
1305 3559 1330 3608 ὀ
1374 3567 1577 3629 πρῶτος
1629 3560 1858 3616 ὑποστή-

258 3666 375 3715 σας,
408 3654 644 3718 πρώτους
686 3643 745 3698 δὲ
802 3650 1014 3707 τούτους
1069 3655 1131 3718 τῇ
1170 3647 1310 3707 τάξει
1352 3656 1677 3704 καταστῆναι
1728 3645 1856 3718 βου-

253 3734 448 3800 ληθεὶς,
489 3744 598 3796 πὼς
638 3734 698 3786 ἂν
755 3735 919 3797 ἄλλως
977 3744 1066 3795 τῆς
1105 3736 1469 3808 ὑπερεχούσης
1524 3732 1691 3797 δόσης
1743 3755 1860 3808 μετ-

255 3822 417 3876 έδωκε
461 3830 551 3875 καὶ
605 3824 971 3897 λαμπρότητος
1023 3826 1052 3884 ἦ
1124 3824 1375 3897 καλλίστῃ
1444 3830 1533 3877 καὶ
1596 3824 1857 3898 ἀκροτάτῃ

256 3916 381 3987 πρὸς
469 3912 624 3964 αὐτὸν
690 3920 1036 3987 κεχρημένοις
1091 3915 1363 3986 ὁμοιότητι
1423 3931 1436 3980 ;
1489 3914 1627 3967 Ἐπεὶ
1674 3911 1731 3966 δὲ
1788 3924 1859 3985 τῷ

1410 2678 1500 2721 τοι)
1554 2668 1857 2739 φιλοσόφου,
1891 2668 1937 2717 Α
1970 2665 2504 2739 Νίσθιᾶξδϐνυίιῖϐδιι
2532 2666 2778 2733 Christi,

1975 2665 2504 2739 Nz'cetwserviJesu
2532 2666 2778 2733 Christi,
2805 2667 3173 2739 philosophi,
3202 2668 3474 2724 laudatio
3488 2685 3625 2726 san-

2042 2744 2275 2792 ctorum
2297 2738 2820 2808 Archangelorum
2867 2738 3184 2795 Michaelis
3214 2747 3269 2795 et
3312 2740 3610 2797 Gabrielz's

2042 2930 2381 2987 Michaelem
2402 2932 2659 2988 laudans
2686 2931 3017 2988 Gabrielem
3034 2948 3280 3006 quoque
3308 2933 3576 2991 laudabo
3610 2954 3623 2989 :

1970 3018 2204 3075 laudari
2236 3021 2463 3092 quippe
2495 3021 2640 3077 alter
2686 3020 2924 3077 illorum
2949 3022 3177 3094 nequit,
3205 3022 3412 3079 utlaus
3444 3024 3628 3081 etiam

1970 3108 2047 3163 ad
2074 3108 2327 3164 alterum
2354 3109 2568 3164 eadem
2617 3125 2740 3164 non
2770 3110 3064 3181 pertineat
3097 3128 3109 3165 :
3143 3126 3282 3166 cum
3314 3111 3445 3167 illos
3475 3112 3628 3169 invi-

1970 3212 2101 3251 cem
2159 3198 2482 3252 consensio
2516 3197 2882 3267 judimorum
2935 3204 2991 3253 et
3031 3199 3343 3271 aequalitas
3392 3205 3625 3257 naturas

1969 3289 2182 3340 mutuo
2257 3285 2499 3341 vinculo
2556 3286 2995 3356 conjunctionis
3058 3287 3284 3343 intimas
3351 3290 3617 3360 copulet.

1970 3373 2198 3429 Ambos
2243 3390 2422 3446 porro
2451 3375 2631 3430 hosce
2656 3374 2914 3429 laudans
2957 3376 3145 3431 Deum
3189 3392 3436 3449 quoque
3466 3394 3629 3434 com-

1968 3464 2255 3518 munione
2274 3464 2404 3534 ejus
2438 3463 2633 3519 laudis
2660 3463 2988 3535 amplectar
3020 3482 3033 3519 :
3062 3466 3222 3537 quod
3257 3482 3503 3523 omnem
3534 3467 3631 3523 isti

1969 3551 2481 3621 magniﬁcentiam
2523 3553 2742 3609 divinae
2773 3552 2976 3623 glorias
3020 3555 3523 3626 comprehensam
3566 3556 3629 3612 in

1970 3656 2031 3695 se
2060 3647 2502 3711 repraesentem.
2536 3644 2683 3698 Cum
2715 3643 2874 3699 enim
2915 3659 3018 3699 eos
3055 3646 3321 3715 primum
3349 3645 3628 3718 omnipo-

1970 3730 2111 3784 tenti
2143 3736 2291 3785 nutu
2322 3738 2459 3785 ante
2486 3746 2666 3786 omne
2713 3738 2952 3804 tempus
2981 3748 3120 3788 cum
3166 3733 3296 3788 aliis
3327 3734 3505 3790 simul
3543 3735 3631 3790 in-

1970 3816 2303 3887 telligentiis
2326 3819 2604 3892 princeps
2631 3820 3372 3891 intelligentialcondiderit
3391 3839 3462 3878 eo
3489 3838 3630 3879 con-

1972 3907 2100 3962 silio
2132 3913 2194 3963 ut
2224 3909 2629 3981 principatum
2655 3926 2691 3965 a
2717 3926 2781 3965 se
2809 3927 2931 3967 una
2960 3911 3020 3965 in
3051 3926 3263 3967 omnes
3293 3911 3511 3968 deinde
3541 3928 3631 3969 re-

258 4004 420 4074 ὁμοίῳ
449 4006 507 4054 τὸ
564 4004 740 4074 ὅμοιον
793 4004 906 4055 κατ’
958 4002 1234 4075 ἀναλογίαν
1274 4012 1370 4067 τῆς
1421 4005 1728 4076 ὁμοιότητος
1780 4007 1863 4056 ἑν-
1892 4010 1940 4067 Β
1969 3996 2164 4068 liquas
2214 3996 2588 4054 obtinerent:
2619 4015 2741 4055 non
2790 4017 2804 4055 (

1975 3996 2164 4068 liquas
2214 3996 2588 4054 obtinerent:
2619 4015 2741 4055 non
2790 4005 3063 4056 ornasset
3103 3999 3236 4055 illos
3270 4017 3413 4057 sane
3465 4007 3632 4058 tanta

261 4094 527 4166 θεωρεῖται
556 4113 568 4124 ·
612 4095 688 4149 εἰη
723 4092 829 4144 ams
874 4097 1069 4145 τούτων
1119 4096 1319 4154 ἔπαινος
1369 4102 1461 4145 τοῦ
1514 4096 1582 4153 ὡς
1640 4092 1689 4144 ἐν
1750 4092 1862 4146 ἐσο-

256 4200 436 4253 πτροις
522 4181 699 4242 αὐτοῖς
790 4179 1140 4244 ἀκηλιδὼτοις
1220 4182 1623 4257 ἐνθεωρουμένου
1706 4191 1859 4237 Θεοῦ.

260 4272 389 4323 Θεὸν
432 4266 489 4322 δὲ
519 4269 739 4321 ἐπαινῶν
795 4279 927 4323 Θεου
967 4291 1057 4343 μοι
1094 4268 1178 4323 δεῖ
1202 4276 1500 4345 παρουσίας
1531 4274 1600 4333 ὡς
1628 4275 1861 4343 πνεύμα-

256 4380 343 4420 τος
367 4365 457 4411 καὶ
498 4363 685 4431 φωτὸς,
740 4364 799 4411 τὸ
852 4365 962 4432 μὲν,
1026 4363 1107 4413 ἵνα
1153 4362 1423 4435 λαμπρύνῃ
1486 4366 1575 4413 καὶ
1627 4382 1862 4434 καταφω-

258 4452 379 4521 τίζῃ
413 4451 499 4500 τὸν
529 4450 774 4522 ἡμέτερον
818 4457 953 4518 νοῦν,
1011 4456 1099 4501 καὶ
1157 4457 1338 4501 τοῦτον
1400 4451 1621 4520 θεωριῶν
1675 4449 1866 4523 ἀκραι-

259 4540 553 4611 φνεστάτων
606 4536 825 4611 ἀποτελῇ
890 4542 1076 4613 θεωρὸν
1111 4561 1122 4571 ·
1156 4544 1215 4591 τὸ
1269 4548 1470 4612 πνεῦμα
1502 4536 1560 4592 δὲ
1589 4540 1764 4606 πάλιν,
1797 4540 1863 4592 ἶν’

259 4630 434 4691 ὥσπερ
479 4626 679 4699 ὀριγάνῳ
727 4632 828 4680 τινὶ
880 4626 1073 4699 λογικῴ
1125 4636 1187 4701 τῇ
1241 4625 1450 4701 διανοίᾳ
1501 4635 1589 4681 καὶ
1643 4629 1860 4703 ’γλώσσῃ

258 4708 618 4782 χρησάμενον,
674 4711 805 4782 πρὸς
858 4706 1047 4781 ἀκριϐῆ
1124 4718 1221 4761 τῶν
1291 4710 1645 4780 θεωρουμένων
1708 4710 1866 4784 ἑρμη-

258 4801 395 4849 νείαν
446 4803 562 4857 ταῖς
617 4801 904 4869 πανσόφοις
978 4798 1139 4849 αὐτοῦ
1207 4801 1533 4850 κατευθύνειν
1594 4797 1866 4871 εμπ-νεύσε-

263 4905 365 4939 σιν.
399 4885 571 4957 ⁷ῼτινι
600 4888 732 4958 μετὰ
770 4882 857 4937 οὖν
906 4886 1103 4958 ὑπῆρξε
1160 4891 1286 4960 πρὸς
1332 4893 1431 4939 πᾶν
1493 4886 1678 4959 ἀρετῆς
1734 4885 1868 4949 εἶδος

258 4978 681 5048 καταρτιζομένῳ
759 4980 849 5027 καὶ
927 4978 1321 5049 κατορθουμένῳ
1405 4980 1868 5051 χειραοχωγηθῆναι

258 5069 349 5138 μὲν
383 5061 476 5116 διὰ
508 5062 631 5136 βίου
662 5068 792 5137 πρὸς
822 5066 1057 5139 θεωρίαν,
1094 5064 1147 5116 ἐκ
1182 5069 1397 5138 θεωρίας
1441 5063 1499 5118 δὲ
1548 5072 1681 5141 πρὸς
1738 5069 1865 5119 θεω-

258 5157 376 5224 ρίαν
429 5152 724 5223 ὑψωθῆναι,
771 5158 858 5206 καὶ
914 5153 1031 5206 ὅλου
1084 5158 1173 5222 μὲν
1227 5163 1322 5207 τοῦ
1401 5153 1717 5228 βὶεπομένου
1778 5161 1866 5208 κὸ-

259 5261 421 5314 σμου,
471 5247 559 5294 καὶ
606 5250 702 5303 τῆς
755 5241 802 5294 ἐν
861 5244 1000 5313 αὐτῷ
1050 5249 1401 5316 ματαιότητος
1460 5251 1549 5297 καὶ
1607 5244 1865 5318 ἀκοσμίας

1972 4085 2160 4156 gloria
2190 4092 2421 4159 quanta
2442 4087 2520 4143 ad
2547 4092 2671 4144 tam
2702 4089 3089 4145 excellentem
3120 4089 3472 4160 dignitatem
3504 4107 3633 4146 sus-

1972 4175 2280 4231 tinendam
2338 4191 2494 4248 opus
2569 4182 2677 4247 est,
2738 4178 2856 4233 nisi
2910 4178 3381 4251 pulcherrimam
3426 4178 3489 4235 in
3545 4180 3631 4236 eis

1972 4264 2306 4335 quamdam
2329 4270 2385 4320 et
2409 4265 2906 4337 perfectissimam
2934 4267 3025 4322 sui
3056 4267 3508 4324 similitudinem
3534 4285 3633 4324 ex-

1972 4352 2308 4424 pressisset.
2360 4355 2683 4426 Postquam
2731 4360 2933 4410 autem
2966 4355 3157 4412 simile
3202 4355 3264 4411 in
3305 4356 3479 4412 simili
3524 4373 3630 4427 pro

1974 4440 2379 4496 similitudinis
2411 4442 2639 4498 ratione
2660 4444 2939 4510 cernitur,
2966 4442 3101 4499 laus
3123 4443 3327 4516 utique
3355 4460 3488 4517 quae
3517 4444 3632 4501 illis

1974 4545 2212 4602 cunque
2260 4530 2569 4598 tribuetur,
2607 4532 2706 4588 Dei
2755 4548 3022 4606 quoque,
3054 4534 3228 4605 cujus
3258 4533 3339 4589 illi
3371 4535 3634 4606 speciem

1975 4620 2357 4692 speculorum
2417 4621 2610 4677 instar
2663 4622 3209 4679 mundissimorum
3267 4624 3632 4695 exprimunt,

1974 4710 2219 4782 propria
2249 4710 2573 4782 putabitur.
2607 4713 2791 4767 Deum
2822 4728 3003 4784 porro
3040 4711 3313 4769 laudanti
3361 4714 3463 4769 Dei
3485 4714 3637 4770 mihi

1972 4799 2102 4870 jam
2124 4800 2444 4871 praesentia
2472 4800 2663 4873 ipsius
2690 4817 2844 4873 opus
2871 4807 2980 4873 est,
3004 4807 3209 4874 utpote
3232 4807 3289 4858 et
3317 4802 3559 4875 spiritus
3579 4809 3638 4859 et

1976 4887 2217 4943 luminis
2247 4905 2260 4943 :
2288 4888 2514 4944 lumine
2538 4889 2779 4960 indigeo
2805 4906 2927 4962 quo
2949 4905 3123 4945 mens
3152 4890 3477 4947 illustretur
3498 4908 3637 4948 mea

1977 4982 2034 5031 et
2070 4977 2529 5049 purissimarum
2576 4978 2682 5033 ﬁat
2728 4979 3309 5051 contemplationum
3344 4996 3634 5054 compos;

1976 5082 2185 5122 rursus
2212 5083 2353 5122 vero
2381 5067 2589 5139 spiritu
2619 5069 2725 5140 qui
2753 5073 2950 5124 mente
2979 5068 3307 5141 linguaque
3337 5085 3475 5127 mea
3504 5074 3638 5127 tan-

1976 5171 2163 5228 quam
2193 5156 2604 5212 instrumentis
2628 5162 2804 5213 utens
2837 5157 2917 5214 ad
2945 5156 3238 5231 liquidam
3268 5160 3639 5232 contempla-

1978 5244 2136 5301 tione
2179 5251 2601 5318 perceptarum
2644 5262 2845 5302 rerum
2893 5246 3354 5319 explicationem
3394 5248 3518 5304 suis
3549 5265 3640 5306 sa-

258 5330 666 5406 ὑπεραναϐἣναι,
718 5331 854 5393 ἐντὸς
908 5330 967 5384 o‘é
1024 5342 1115 5395 τῆς
1164 5336 1521 5409 ὑπερκοσμίου
1580 5345 1677 5387 τῶν
1720 5338 1864 5393 θείων
1901 5370 1943 5428 C
1976 5335 2365 5406 pientissimis
2394 5336 2804 5409 inspirationil:

1976 5335 2365 5406 pientissimis
2394 5336 2891 5409 inspirationibus
2924 5337 3169 5409 dirigat.
3229 5340 3383 5395 Sane
3414 5339 3463 5395 si
3501 5340 3639 5413 quis

338 5527 682 5607 (ilNcumrrt
727 5530 829 5602 γὰρ
879 5526 1111 5602 ἀχρόνῳ,
1156 5535 1268 5585 etc.
1310 5533 1474 5607 _Hinc
1524 5530 1869 5607 intelligitur

265 5599 639 5655 existimasse
652 5599 814 5656 hunc
831 5599 1137 5657 anetorem
1151 5600 1399 5672 angelos
1415 5607 1552 5659 ante
1565 5599 1868 5661 mundum

267 5674 323 5746 et
352 5674 487 5746 ante
516 5686 695 5746 omne
722 5682 959 5745 tempus
990 5672 1285 5746 conditos,
1316 5690 1435 5746 qua
1462 5674 1524 5731 in
1573 5676 1869 5734 sententia

262 5741 533 5815 plerique
560 5743 705 5800 olim
756 5741 1107 5802 sanctorum
1154 5741 1415 5815 fuerunt,
1456 5751 1516 5804 et
1549 5746 1704 5806 inter
1740 5762 1863 5820 eoa,

1975 5532 2143 5607 quod
2190 5534 2454 5607 Nicetam
2486 5534 2650 5607 hunc
2684 5534 2902 5607 opinor
2928 5534 3231 5607 pracipue
3268 5536 3476 5607 movit,
3508 5550 3642 5592 san-

1978 5610 2075 5678 tus
2108 5606 2424 5678 Gregorius
2450 5606 2874 5678 Nazianzenus,
2898 5606 3281 5678 orationel38.
3306 5606 3413 5665 Illa
3435 5612 3643 5666 tamen

1977 5676 2182 5751 opinio
2211 5677 2415 5734 minus
2447 5677 2629 5735 hodie
2649 5676 2944 5751 theologis
2967 5676 3280 5752 probatur.
