4444 6452
847 448 985 506 1223

2339 422 2698 491 ADDENDA.

4070 426 4217 490 1224

844 572 1021 629 fuerit
1063 570 1269 627 divina
1312 567 1582 643 quadam
1613 578 1803 622 manu
1850 558 1929 617 ad
1972 570 2217 615 omnem
2268 554 2571 612 virtutisA

2456 554 2571 612 isA
2606 558 2732 609 νόων
2783 556 3040 615 θειότητος
3079 548 3480 627 ’χρηματίσαι
3526 556 3627 606 Καὶ
3682 551 4062 628 λαμπρυνέσθω
4119 561 4211 630 μὲν

843 676 1126 718 normam
1151 657 1586 720 conformatus,
1616 653 1695 711 ad
1717 665 1983 721 unguem
2004 647 2195 703 factus
2223 644 2498 717 quidam,

845 748 1184 806 officiorum
1235 746 1510 804 omnium
1562 740 1871 813 diligentia
1922 739 2186 802 exactus,
2252 733 2359 806 qui
2427 747 2501 789 ea

844 838 1153 895 sanctitate
1185 837 1316 893 vitae
1343 835 1421 892 ad
1451 829 2018 904 contemplationem
2069 821 2496 891 manuductus,

842 943 949 1002 per
969 927 1101 999 ejus
1131 925 1354 997 gradus
1379 923 1458 980 ad
1496 938 1632 979 eam
1662 936 1725 975 se
1747 915 1977 975 attollat
2006 912 2268 985 denique
2295 925 2499 969 arcem

843 1000 1059 1073 mentis
1083 1032 1155 1073 ac
1174 1013 1426 1082 consilii,
1451 1017 1516 1070 ut
1538 1011 1697 1069 illinc
1727 1005 2029 1065 mundum
2049 1016 2294 1060 omnem
2311 1000 2497 1057 istum

842 1105 1272 1179 aspectabilem
1322 1104 1574 1176 ejusque
1630 1097 1898 1157 fallacias
1947 1110 2016 1151 ac
2049 1092 2347 1179 vanitates
2378 1088 2497 1147 alte

841 1177 1266 1267 supergressus
1294 1190 1604 1265 despiciat,
1639 1187 1918 1245 admotus
1955 1188 2155 1240 autem
2187 1177 2384 1236 choris
2414 1177 2498 1234 di-

840 1266 1121 1340 vinarum
1153 1281 1439 1338 mentium
1470 1276 1936 1337 familiaritatem
1966 1287 2106 1328 cum
2154 1273 2321 1325 tanta
2368 1266 2496 1323 illa-

839 1388 976 1429 rum
1007 1371 1366 1427 sublimitate
1396 1385 1468 1427 ac
1496 1366 1814 1442 splendore
1843 1361 2262 1419 beatissimam
2288 1371 2493 1412 coram

2611 644 2759 705 νῦτος
2804 645 2892 695 τὸν
2969 649 3086 695 νοῦν
3136 650 3247 703 ταῖς
3317 643 3765 713 ὑπερφαεστάταις
3813 653 4209 716 μαρμαρυγαῖς,

2607 731 2937 805 ἐπιλαμπέτω
3004 727 3064 784 δὲ
3121 735 3209 783 καὶ
3260 729 3433 792 ἀλλοις
3486 733 3574 783 τὸν
3626 736 3889 804 φωτισμὸν
3921 753 3934 765 ·
3968 738 4057 785 καὶ
4085 730 4212 805 δογ-

2605 839 2739 892 μασι
2798 817 3142 872 πανευσεϐἐσι
3187 824 3276 871 καὶ
3314 823 3544 892 νοήμασι
3602 824 3916 891 πανεναγέσι
3944 824 4037 879 τὴν
4071 823 4208 895 ἱερὰν

2607 908 2916 966 Ἐκκλησίαν
2963 907 3354 980 καταγλαῐζέτω
3418 912 3507 960 καὶ
3559 912 3947 980 κατατερπέτω.
4024 909 4209 984 Πορρω

2606 995 2665 1051 δέ
2711 999 2905 1051 τούτων
2960 996 3216 1055 έστηκέτω
3273 998 3418 1059 ὅστις
3448 998 3697 1059 τοιαύτης
3731 994 4062 1051 ἀπολείπεται
4109 1020 4211 1071 μα-

2604 1090 2931 1162 καριότητος,
2984 1090 3073 1140 καὶ
3125 1088 3154 1146 ἣ
3208 1094 3307 1138 τῶν
3345 1088 3535 1139 ἄνωθεν
3583 1089 3736 1158 μόνον
3791 1085 4071 1160 ἀκροάσθω
4107 1108 4209 1160 φω-

2604 1185 2721 1242 νῶν..
2754 1179 2799 1229 εἴ
2828 1194 2961 1237 τινος
2979 1176 3084 1251 ἄρα
3121 1179 3369 1237 συνέσεως
3415 1178 3652 1248 μετέχοι,
3708 1175 3737 1234 ἦ
3792 1172 3932 1248 μηδὲ
3984 1180 4206 1244 τούτων,

2606 1267 2677 1326 ὡς
2757 1266 2925 1323 πάντη
2982 1261 3223 1337 βέϐηλος
3301 1268 3391 1316 καὶ
3435 1270 3704 1336 μυστικῶν
3769 1262 3956 1336 λογίων
4002 1263 4208 1328 ἀνάξιος

2608 1352 2923 1425 ἐλεγχέσθω.

842 1466 899 1518 et
927 1461 1202 1518 cominus
1246 1438 1756 1532 usurpeL—macte
1804 1454 1854 1509 is
1896 1450 2161 1524 primum
2205 1446 2320 1502 ista
2349 1443 2623 1500 felicitate
2653 1442 2743 1513 sit,
2779 1446 2837 1498 et
2875 1442 2937 1497 in
2992 1438 3311 1514 complexu
3341 1443 3537 1497 tanta:
3583 1439 3789 1511 gloriae
3832 1440 4095 1510 gaudeat
4146 1441 4210 1499 in

843 1550 981 1606 sinu
1008 1568 1021 1604 :
1054 1554 1181 1606 tum
1209 1528 1549 1620 hujus—suae
1580 1549 1757 1602 tantm
1805 1541 1955 1597 lucis
1997 1551 2247 1594 usuram
2301 1534 2569 1606 aliquam
2616 1536 2673 1587 et
2700 1529 2902 1586 radios
2935 1529 3065 1585 aliis
3096 1528 3415 1602 impertiat,
3448 1528 3840 1602 Ecclesiaeque
3872 1547 4057 1587 sacrm
4086 1546 4213 1604 qua

839 1646 1002 1696 recta
1058 1619 1389 1707 sentiendo,
1442 1651 1566 1709 qua
1623 1633 1920 1705 sapienter
1975 1625 2310 1696 excogitata
2348 1623 2443 1694 pie
2484 1619 2862 1693 proferendo,
2912 1624 2970 1677 et
3014 1620 3396 1692 splendorem
3440 1619 3518 1675 ad
3570 1626 3849 1676 ornatum
3902 1621 4112 1677 aﬂ’erat
4153 1626 4217 1678 et

841 1729 1103 1785 fructum
1149 1726 1227 1783 ad
1256 1725 1644 1798 voluptatem.
1700 1718 1913 1777 Procul
1942 1718 2081 1774 hinc
2130 1718 2330 1770 autem
2383 1726 2444 1766 se
2475 1714 2858 1766 summoveat
2885 1725 3068 1782 quem
3115 1709 3297 1781 hujus
3331 1714 3451 1764 tam
3500 1708 3689 1764 beatae
3723 1709 3909 1780 copia:
3956 1709 4211 1766 facultas

839 1818 1042 1874 deﬁcit
1071 1835 1084 1872 :
1118 1820 1176 1873 et
1200 1820 1305 1872 aut
1336 1796 1507 1870 se—ad
1538 1809 1874 1885 captandos
1924 1804 2253 1863 emlestium
2281 1816 2500 1857 vocum
2539 1813 2740 1865 sonos,
2774 1796 3029 1853 modesti
3071 1797 3281 1853 silentii
3313 1797 3510 1869 quiete
3550 1803 3895 1869 componat,
3945 1797 3991 1852 si
4022 1813 4208 1871 quem

840 1923 913 1964 ea
950 1906 1312 1963 demissione
1339 1904 1400 1960 in
1434 1918 1611 1959 suam
1642 1900 1790 1957 forte
1819 1895 2217 1954 humilitatem
2260 1894 2438 1963 queat
2476 1887 2696 1944 altioris
2728 1886 3032 1959 sapientia:
3062 1885 3324 1942 rivulum
3354 1885 3621 1942 derivare
3649 1903 3661 1941 :
3696 1887 3786 1941 sin
3816 1902 3892 1942 ne
3927 1888 4041 1943 hoc
4079 1890 4209 1960 qui-

839 1996 980 2052 dem
1009 1999 1320 2069 expectare
1350 1991 1617 2055 sustinet,
1667 1994 1797 2046 tum
1827 1988 1876 2044 is
1907 1996 2263 2043 arcanorum
2308 1992 2654 2035 sermonum
2694 1974 2979 2045 indignus
3008 1973 3391 2040 conscientia,
3438 1978 3502 2030 ut
3543 1974 3817 2047 impurus
3844 1990 4091 2047 prorsus
4134 1990 4208 2032 ac

838 2085 1134 2160 profanus
1159 2083 1410 2158 quidam
1437 2081 1751 2138 habeatur.

909 2174 1271 2248 Principium
1299 2187 1480 2246 porro
1506 2167 1799 2227 sermonis
1829 2167 1982 2222 Deus
2010 2164 2063 2221 is
2091 2162 2215 2237 qui,
2256 2164 2323 2217 ut
2351 2173 2490 2215 cum
2528 2151 2572 2206 Β

838 2264 1132 2336 scriptura
1179 2262 1415 2335 loquar,
1467 2274 1664 2331 neque
1706 2255 1941 2313 initium
1988 2253 2240 2321 dierum,
2274 2251 2491 2320 {neque

836 2355 1022 2410 liuem
1050 2353 1187 2409 vitae
1215 2350 1418 2417 habet,
1451 2348 1557 2405 sed
1585 2348 1664 2404 ab
1712 2345 1880 2402 omni
1911 2341 2236 2399 zelernitate
2265 2339 2326 2395 in
2356 2353 2493 2392 om-

836 2457 977 2498 nem
1005 2440 1465 2514 perpetuitatem
1491 2434 1778 2509 temporis
1805 2446 2043 2504 semper
2067 2434 2175 2485 est.
2211 2426 2321 2494 Qui
2353 2441 2492 2482 eum

834 2530 1036 2588 bonus
1081 2530 1173 2595 sit,
1211 2533 1333 2597 aut,
1387 2531 1452 2583 ut
1488 2525 1737 2599 propius
1784 2539 1913 2579 rem
1951 2520 2132 2576 verbo
2180 2531 2489 2588 assequar,

834 2621 968 2696 ipsa
985 2618 1244 2690 bonitas,
1271 2622 1328 2675 et
1343 2614 1622 2691 perennis
1644 2610 1925 2671 bon'tatis
1954 2610 2107 2678 fons,
2139 2607 2343 2679 utique
2370 2618 2494 2660 non

837 2693 1045 2767 debuit
1090 2709 1152 2764 in
1196 2706 1511 2764 solitudine
1560 2715 2007 2768 consenescere,
2058 2702 2164 2753 aut
2207 2693 2492 2752 bonitatis

836 2798 1096 2873 proprite
1140 2796 1366 2853 deliciis
1396 2794 1557 2850 solus
1586 2792 1720 2848 frui.
1765 2794 1965 2861 Neque
1995 2787 2155 2843 enim
2185 2784 2249 2841 id
2277 2790 2496 2839 natura

834 2870 983 2945 boni
1007 2887 1248 2960 patitur,
1283 2900 1346 2939 se
1371 2888 1435 2940 ut
1463 2897 1654 2938 unum
1684 2880 2006 2947 intueatur,
2027 2888 2223 2947 neque
2262 2872 2393 2942 ejus
2434 2870 2494 2926 in

835 2993 959 3050 quo
989 2958 1142 3031 inest
1173 2972 1438 3030 utilitatis
1465 2970 1590 3025 vim
1639 2963 2073 3024 circumscribit
2100 2977 2277 3017 suam
2316 2958 2491 3015 bene-

832 3048 1094 3124 ficentia.
1127 3064 1447 3120 Summum
1487 3058 1665 3131 igitur
1693 3057 1923 3113 bonum
1954 3050 2289 3127 oportebat,
2323 3048 2395 3105 ad
2432 3062 2495 3103 se

840 3154 1215 3214 addueendis
1254 3154 1313 3209 in
1364 3166 1546 3223 seque
1593 3145 1942 3217 colligendis
1983 3142 2164 3199 rebus
2210 3137 2494 3197 omnibus

840 3243 1310 3303 redundantiam
1339 3236 1700 3313 profusionis
1722 3251 1845 3291 suae
1884 3232 2211 3298 declarare,
2254 3227 2492 3284 institu-

834 3338 1091 3407 tumque
1116 3332 1176 3388 in
1203 3348 1274 3387 eo
1303 3334 1530 3386 naturas
1578 3331 1772 3383 tenere
1815 3321 2076 3397 proprias
2111 3339 2124 3376 :
2167 3319 2339 3390 cujus
2366 3316 2490 3372 sin-

836 3424 1061 3497 gularis
1112 3422 1310 3478 unitas
1368 3419 1488 3474 vim
1540 3414 1725 3472 habet
1787 3410 2124 3469 mirabilem
2182 3408 2243 3463 in
2298 3420 2490 3461 unum

835 3494 1041 3572 omnia
1072 3508 1396 3568 conflandi.
1432 3506 1571 3578 Ejus
1596 3504 1799 3576 itaque
1822 3498 2241 3558 conciliatione
2270 3494 2489 3552 ccelum

834 3608 1002 3661 terrae
1037 3601 1427 3672 conjunctum
1471 3599 1582 3652 est.
1615 3592 1864 3657 Caelum,
1913 3590 2187 3662 inquam,
2221 3585 2345 3642 sive
2384 3582 2490 3656 qui

833 3693 950 3750 alio
992 3689 1190 3761 magis
1218 3686 1463 3761 proprio
1517 3681 1919 3756 appellandus
1947 3684 2034 3735 est
2064 3674 2307 3733 nomine
2355 3672 2488 3728 uni-

830 3798 1040 3840 versus
1095 3779 1245 3835 ordo
1298 3778 1791 3847 incorporearum
1846 3766 2158 3830 mentium,
2215 3764 2292 3820 ab
2341 3761 2489 3819 anti-

829 3870 1145 3946 quioribus
1184 3862 1475 3933 theologis
1522 3862 1582 3917 in
1620 3865 1735 3916 tres
1783 3854 2151 3914 hierarchias
2198 3850 2490 3908 trifariam

830 3941 1186 4017 distributus
1218 3959 1328 4012 est.
1398 3952 1593 4009 Prima
1636 3949 1885 4022 quidem
1928 3945 2199 4002 omnium
2240 3941 2368 3998 aliis
2398 3957 2489 3997 or-

829 4051 968 4108 dine
996 4048 1239 4105 inferior
1263 4061 1337 4100 ex
1362 4041 1581 4100 sanctis
1607 4037 1857 4109 angelis,
1907 4040 2033 4093 tum
2074 4050 2146 4089 ex
2182 4030 2490 4088 sanctiori-

827 4140 945 4197 bus
1003 4133 1409 4205 Arehangelis.
1484 4129 1747 4202 Denique
1818 4142 1890 4182 ex
1969 4120 2484 4196 praestantioribus

828 4229 1097 4301 utrisque
1126 4224 1240 4280 illis
1299 4218 1737 4291 Principatibus
1786 4214 2085 4271 concinna
2134 4209 2487 4282 gradatione

829 4300 1179 4376 continuata
1204 4311 1352 4369 serie
1397 4307 1791 4366 constituitur.
1825 4304 2023 4359 Altera
2051 4317 2193 4357 vero
2216 4300 2324 4356 hac
2351 4314 2486 4371 pro-

825 4408 987 4466 xime
1014 4405 1285 4478 superior
1328 4417 1401 4457 ex
1453 4396 1703 4455 excelsis
1750 4391 2165 4457 Pete-statibus,
2205 4387 2487 4445 excelsio-

826 4498 994 4556 ribus
1024 4493 1373 4560 Virtutibus,
1406 4493 1463 4545 et
1496 4487 1759 4558 utrisque
1800 4483 1927 4539 istis
1953 4479 2252 4554 prioribus
2290 4478 2485 4547 digni-

830 4588 963 4645 tatis
995 4585 1204 4642 ordine
1236 4576 1757 4637 Dominationibus
1802 4573 1956 4629 inter
1987 4587 2051 4626 se
2108 4568 2364 4625 invicem
2395 4582 2487 4623 or-

827 4675 1050 4734 dinatis
1081 4675 1332 4729 eonslat.
1384 4666 1574 4724 Tertia
1620 4664 1867 4721 demum
1920 4676 2057 4733 qum
2107 4662 2165 4714 et
2211 4657 2486 4713 omnium

828 4781 1115 4841 suprema
1145 4760 1356 4834 triplici
1397 4758 1542 4815 item
1586 4754 1796 4811 ordine
1822 4750 2153 4809 coniicitur.
2207 4747 2479 4803 Primum

827 4836 1039 4917 eorum
1102 4853 1447 4910 divinorum
1563 4845 1885 4919 spirituum
1931 4841 2037 4914 qui
2104 4836 2487 4911 appellantur

825 4945 1061 5018 Throni,
1090 4941 1456 5001 diviniorum
1482 4934 1699 4994 deinde
1730 4929 2049 4989 Cherubim
2096 4947 2109 4999 ;
2178 4930 2486 5000 postremo

823 5015 1190 5098 intotoristo
1237 5044 1453 5102 genere
1543 5021 2061 5082 divinissimorum
2149 5015 2485 5090 Seraphim.

824 5129 1024 5188 Prima
1061 5124 1337 5183 omnium
1365 5116 1708 5193 proximam
1743 5112 2140 5182 intimamque
2184 5106 2487 5180 primariae

824 5217 1109 5277 bonitatis
1139 5208 1661 5288 participationem
1682 5201 1845 5259 ducit
1876 5218 1889 5258 :
1933 5214 2125 5272 eaque
2159 5196 2481 5271 perﬁcitur.

824 5312 975 5368 Tum
1022 5285 1205 5377 hujus
1259 5300 1575 5371 fulgurans
1633 5292 1817 5351 radiis
1867 5290 1929 5347 in
1995 5288 2145 5345 alios
2202 5285 2487 5359 deinceps

826 5400 1233 5474 subjectarum
1270 5387 1747 5450 hierarchiarum
1786 5380 2026 5440 ordines
2075 5378 2363 5436 haustum
2413 5390 2488 5433 ex

897 5582 1117 5714 φῐιιία
1162 5580 1252 5652 μὲν
1304 5580 1403 5626 τῶν
1465 5567 1649 5624 ἄλλων.
1699 5568 1812 5620 Μία
1854 5562 1972 5620 hoc
2035 5559 2169 5617 loco
2221 5558 2486 5633 primam

897 5662 985 5714 .et
1016 5673 1029 5711 :
1063 5649 1231 5714 quod
1250 5641 1541 5714 exemplis
1588 5655 1662 5697 ex
1710 5635 2318 5714 ltebrgeaﬁrzecaque
2374 5630 2486 5714 lin-

824 5630 985 5717 ναὶΞῖ
1007 5630 1231 5728 E'Li'uéd
1250 5641 1541 5728 enemplis
1588 5655 1679 5728 exi
1710 5635 1957 5728 H‘ebrteﬂa
1969 5630 2487 5728 JGrzecaquemlin-

1195 5702 1366 5780 multi
1407 5702 1716 5803 a‘s‘truulr‘it.‘
1744 5707 1878 5803 Ψὺὶ
1900 5706 2134 5789 videtur
2190 5702 2369 5763 etiam
2398 5702 2485 5761 lo-

816 5778 1302 5864 gntus-adhunc
1331 5787 1587 5851 modum
1611 5780 1902 5855 Catullus,
1929 5778 2121 5853 epigr.
2157 5794 2172 5832 ι
2196 5793 2212 5835 :

2674 2153 2845 2229 Ἀρχὴ
2879 2147 2939 2207 δε
2964 2161 3055 2207 τοῦ
3083 2151 3240 2225 λόγον
3272 2155 3423 2223 Θεὸς,
3469 2152 3525 2215 ὃς
3577 2151 3681 2206 οὔτ’
3742 2152 3920 2227 ἀρχὴν
3975 2153 4203 2229 ἡμερῶν,

2601 2245 2718 2297 οὔτε
2744 2243 2886 2305 ζωῆς
2914 2243 3056 2305 τέλος
3078 2246 3235 2315 ἔχων,
3267 2246 3404 2295 κατά
3422 2247 3516 2301 τὴν
3559 2246 3767 2315 Γραφήν
3801 2263 3813 2276 ·
3872 2243 3941 2295 ὠν
3997 2239 4057 2295 δε
4102 2241 4205 2308 ἀεί,

2602 2328 2785 2392 ἐπειδὴ
2829 2331 3022 2404 ἀγαθὸς
3076 2328 3158 2397 ἦν,
3218 2332 3248 2391 ἡ
3305 2336 3420 2403 τὸγε
3478 2330 3688 2405 ἀκριϐὲς
3735 2331 3915 2401 εἰπεῖν,
3976 2331 4208 2402 αὑταγα-

2604 2424 2780 2491 θότης,
2820 2426 2909 2474 καὶ
2940 2419 3259 2481 ἀνέκλειπτος
3308 2420 3635 2493 ἀγαθότητος
3683 2426 3852 2493 πηγὴ,
3906 2420 4001 2473 οὐκ
4059 2420 4211 2493 ἔμελ-

2600 2510 2682 2564 λεν
2771 2512 2875 2585 ἄρα
2929 2516 3221 2583 μονώτατος
3293 2506 3442 2575 εἶναι,
3503 2513 3593 2562 καὶ
3650 2514 3806 2582 μόνος
3868 2518 3965 2572 τῆς
4020 2509 4214 2571 οἰκείας

2603 2599 2928 2672 ἁγαθὸτητος
2967 2603 3299 2675 κατάτρυγᾲν
3334 2620 3346 2633 ·
3377 2599 3470 2652 οὐκ
3526 2596 3664 2652 ἴδιον
3697 2602 3799 2674 γὰρ
3845 2597 4047 2671 ἀγαθοῦ
4084 2603 4215 2671 πρὸς

2603 2688 2783 2743 ἑαυτὸν
2814 2693 2966 2763 μόνον
3006 2686 3359 2762 ἐπεστράφθαι
3388 2710 3400 2722 ο
3434 2687 3493 2741 οὗ
3532 2693 3906 2763 χρηστότητος
3956 2696 4029 2759 τῷ
4091 2691 4217 2741 ταύ-

2603 2798 2697 2837 την
2779 2780 2958 2851 ἔχοντι
3032 2782 3171 2851 μόνῳ
3238 2779 3670 2854 περιγράφεσθαι.
3747 2783 4036 2850 Τοιγαροῦν
4102 2774 4212 2830 ἔδει

2603 2867 2958 2926 πληθύνεσθαι
3004 2871 3063 2920 τὸ
3122 2866 3315 2939 ἀγαθον
3364 2866 3413 2918 ἕν
3460 2874 3520 2939 τῇ
3580 2874 3677 2918 τῶν
3729 2870 4103 2941 παραγομένων
4159 2865 4211 2917 ἐν

2604 2955 2769 3029 ἑαυτῷ
2822 2956 3020 3016 πληθύῐ
3071 2964 3162 3018 τῆς
3211 2956 3445 3010 ἐνοποιοῦ
3496 2963 3595 3009 τῶν
3648 2955 3774 3008 ὅλων
3832 2952 4083 3029 οὐδαμῶς
4132 2954 4215 3018 ἐξ-

2605 3049 2879 3120 ιστάμενον
2919 3046 3172 3107 ἐνότητος.
3225 3048 3318 3099 Διά
3363 3052 3517 3099 τοῦτο
3578 3044 3798 3119 οὐρανὸς
3824 3054 4091 3121 παρῆκται
4114 3049 4211 3097 καὶ

2601 3144 2692 3208 γῆ.
2723 3136 2956 3210 Οὖρρνὸς
2984 3138 3074 3209 μὲν
3133 3138 3234 3188 εἴτε
3279 3142 3590 3209 κυριώτερον
3635 3133 3945 3208 ὁνομαστέος
3998 3135 4024 3187 ὁ
4073 3137 4211 3206 σύμ.

2599 3245 2704 3288 ποις
2754 3222 3047 3297 διάκοσμος
3128 3234 3227 3279 τῶν
3288 3222 3579 3298 ἀσωμάτων
3659 3228 3806 3280 νόων.
3855 3222 3952 3285 ’⁸ος
4008 3219 4075 3281 δὴ
4113 3228 4213 3275 καὶ

2598 3318 2742 3391 παρὰ
2796 3323 2905 3378 τοῖς
2963 3323 3061 3368 τῶν
3116 3314 3362 3387 θεολόγων
3420 3312 3791 3388 πρεσϐυτέροις
3836 3318 3984 3389 τρισὶ
4034 3309 4214 3365 διατέ-

2599 3426 2786 3460 τακται
2833 3401 3446 3480 τριαδικῶςίεραρχίαις
3478 3409 3614 3478 ’μία
3668 3407 3758 3476 μὲν
3812 3408 3902 3457 καὶ
3962 3412 4061 3456 τῶν
4109 3402 4211 3454 οἳλ-

2551 3493 2694 3551 πλων
2742 3496 2819 3567 (‘2)
2874 3504 2938 3568 τῇ
2995 3495 3137 3558 τάξει
3189 3490 3593 3568 καταδεεστέρα,
3662 3501 3725 3565 τῇ
3783 3491 3839 3547 ἐκ
3903 3500 4002 3545 τῶν
4061 3493 4214 3564 ἱερῶν

2598 3584 2847 3659 ἀγγέλων,
2898 3590 2988 3638 καὶ
3064 3593 3164 3639 τῶν
3216 3587 3492 3662 ἰερωτέρων
3552 3581 3914 3660 ἀρχαγγέλων,
3965 3588 4055 3635 καὶ
4103 3591 4213 3635 τῶν

2597 3677 2725 3751 ὑπὲρ
2757 3674 2947 3738 αὐτοὺς
2986 3672 3167 3749 ἀρχῶν
3223 3673 3271 3726 ἐν
3319 3674 3546 3748 ἁρμονίῳ
3599 3693 3806 3746 στοιχῳ
3858 3678 4165 3730 συνεστώση
4195 3693 4212 3706 θ

2602 3759 2822 3839 δευτέρα
2852 3760 2911 3817 δὲ
2937 3768 3025 3816 καὶ
3062 3765 3189 3839 ὑπερ
3227 3762 3389 3822 αὐτὴν
3435 3771 3497 3834 τῇ
3553 3759 3608 3814 ἐκ
3674 3772 3774 3814 τῶν
3832 3760 4043 3833 ὑψηλῶν
4074 3759 4217 3824 ἐξου-

2602 3863 2748 3921 σιῶν,
2799 3858 2889 3906 καὶ
2936 3862 3036 3907 τῶν
3076 3853 3407 3927 ὑψηλοτέρων
3456 3850 3748 3925 δυνάμεων,
3795 3857 3884 3904 καὶ
3931 3859 4032 3904 τὼν
4076 3855 4212 3925 νπὲρ

2599 3941 2823 4007 ἐκείνους
2880 3949 3201 4019 κνριοτητων
3250 3947 3591 4016 τεταγμένων.
3651 3946 3801 4015 τρίτη
3840 3937 3899 3994 δὲ
3952 3946 4042 3994 καὶ
4082 3938 4219 3992 ἀνω-

2597 4035 2734 4086 τάτω
2817 4042 2997 4087 πασῶν
3042 4041 3104 4107 τῇ
3162 4031 3216 4085 ἐκ
3274 4041 3375 4084 τῶν
3426 4034 3572 4085 θείων
3623 4032 3946 4105 καλουμένων
4016 4033 4216 4105 θρόνων

2597 4128 2688 4175 καὶ
2737 4132 2838 4176 τῶν
2907 4125 3170 4198 θειοτέρων
3230 4120 3408 4184 αὐτοῖς
3456 4120 3743 4197 Χερουϐὶμ,
3798 4126 3889 4173 καὶ
3935 4129 4034 4172 τῶν
4077 4121 4214 4173 65w-

2598 4214 2765 4266 τάτων
2818 4213 2993 4274 πάσης
3075 4210 3269 4274 τάξεως
3334 4215 3788 4286 συγκεκροτημένη
3834 4214 4079 4283 Σεραφὶμ.
4141 4210 4215 4264 “Il

2599 4308 2815 4377 πρώτως
2835 4306 2925 4377 μέν
2978 4307 3067 4355 καὶ
3121 4301 3327 4376 ἀμέσως
3372 4304 3472 4353 ὑπὸ
3521 4310 3618 4363 τῆς
3664 4300 4006 4376 ἀγαθαρχίας
4049 4303 4220 4363 αὐτῆς

2599 4390 2952 4465 ἁγαθυνομένη
3007 4393 3467 4464 καταστράπτεται
3535 4411 3549 4424 ·
3618 4396 3745 4463 πρὸς
3797 4392 3891 4452 τὰς
3945 4388 4218 4448 ὑποϐεϐη-

2598 4486 2748 4543 κυίας
2797 4478 2856 4533 δὲ
2899 4490 2998 4533 τῶν
3051 4480 3241 4543 τάξεων
3297 4482 3388 4532 τὰν
3443 4475 3778 4539 ἀκτινοειὸεἰς
3832 4475 4221 4552 διαπορθμεύει

2598 4578 2696 4622 τῶν
2730 4580 3009 4645 φωτισμῶν
3043 4565 3263 4645 δωρεάς.
3322 4569 3491 4631 Οὗτος
3529 4572 3619 4643 μὲν
3674 4570 3699 4620 ὁ
3740 4573 3896 4630 ὅντως
3945 4569 4011 4619 ὡν
4052 4568 4220 4643 οὐρα-

2600 4661 2703 4728 νὸς,
2771 4657 2855 4710 οἷα
2906 4658 3085 4730 θρόνος
3151 4658 3437 4730 ὑπέρτατος
3486 4664 3558 4726 τῷ
3607 4655 3839 4727 ’Υψίστῳ
3892 4660 4218 4708 κατεσκεύα-

2600 4766 2744 4805 σται.
2774 4747 2832 4800 ἸΙ
2864 4755 2932 4819 γῆ
2982 4743 3041 4800 δε
3085 4746 3225 4817 αὐτῷ
3274 4742 3566 4799 ὑποπόδιον
3622 4744 3871 4818 ἀνάλογον
3924 4744 4221 4805 {magian-

2595 4856 2682 4888 ται
2706 4845 2777 4908 τῷ
2811 4838 2996 4913 θρόνῳ,
3028 4841 3130 4895 Γῆν
3162 4832 3221 4889 δέ
3251 4855 3385 4909 φημι
3421 4844 3510 4888 νῦν
3564 4843 3665 4887 τῶν
3723 4835 3988 4893 αἰσθητῶν
4032 4839 4221 4908 σωμάο

2516 4912 2562 4968 Ῑ)
2597 4945 2696 4979 των
2769 4929 2862 4985 τὴν
2934 4922 3316 4999 διακόσμησιν,
3392 4922 3422 4984 ἦ
3484 4921 3719 5000 δεύτερος
3792 4929 3988 4999 κόσμος
4036 4924 4220 4986 ὑλικὰς

2597 5021 2685 5070 καὶ
2764 5017 3018 5091 ὁρώμενος
3066 5019 3156 5069 καὶ
3210 5018 3346 5084 ἔστι,
3385 5018 3474 5068 καὶ
3525 5016 3848 5090 ὠνόμασται.
3905 5014 4043 5067 Ἀλλ’
4091 5020 4219 5069 οὔτε

2597 5113 2686 5158 νῦν
2729 5110 2849 5181 περὶ
2898 5108 3085 5158 τούτου
3144 5102 3455 5163 διαληπτέον
3517 5100 3608 5173 δὴ,
3664 5108 3781 5158 οὔτε
3826 5101 3885 5158 δε
3941 5109 4061 5179 περὶ
4116 5113 4219 5158 τοῦ

2597 5202 2785 5254 νοητοῦ
2876 5197 2964 5247 καὶ
3047 5198 3256 5272 πρώτου
3327 5198 3528 5268 κόσμου
3604 5198 3797 5257 παντὸς
3855 5193 4220 5267 φιλοσοφῆσαι

2598 5288 2780 5360 καιρός
2813 5304 2827 5318 ⁸
2855 5283 3081 5358 Μιχαὴλ
3111 5281 3171 5338 δὲ
3199 5288 3291 5338 καὶ
3322 5282 3551 5359 Γαϐριὴλ
3607 5283 3657 5336 οἰ
3712 5288 4079 5359 τρισμέγιστοι
4118 5303 4221 5357 με-

2598 5373 2931 5450 γαλοπρεπὴς
2983 5376 3108 5446 ἡμῖν
3171 5378 3398 5448 σήμερον
3468 5375 3715 5436 ὑπόθεσις
3802 5371 4217 5449 προϐέϐληνται,

2739 5553 2875 5614 Jam
2906 5559 3032 5612 tum
3062 5571 3198 5613 cum
3223 5569 3407 5612 ausus
3433 5569 3489 5612 es
3531 5569 3690 5611 unus
3728 5555 4024 5612 Italorum

2743 5629 2921 5709 anc
2946 5643 3136 5685 avum
3168 5626 3324 5709 tiens
3354 5627 3663 5698 explicare
3676 5628 3940 5709 phariis,
3979 5631 4096 5686 etc.

2596 5699 2725 5782 Quo
2745 5699 2904 5782 loco,
2933 5715 3112 5770 unus,
3136 5698 3375 5761 videtur
3393 5713 3543 5769 esse,
3579 5699 3739 5771 prim
3749 5715 3841 5760 us.
