4444 6452
311 392 445 454 i225

1124 402 1388 463 NICETE
1416 401 1789 465 LAUDATIO
1814 404 1918 465 SS.
1949 399 2323 464 MICHAELIS
2360 406 2445 466 ET
2471 408 2859 467 GABBIELIS.

3542 415 3683 472 £226

293 520 466 583 οἱτῆς
510 522 904 599 ἀρχαγγελικῆς
960 528 1050 599 μεν
1100 529 1291 592 τάξεως
1348 528 1641 608 ἰδιαιτέρως
1688 530 1900 605 ταξιάρ-
1940 534 1985 587 Α
2018 530 2150 604 ipso
2194 531 2357 589 fonte
2386 534 2590 591 lumen
2622 533 2859 606 gratuitz

1978 530 2150 604 .ipso
2194 531 2357 589 fonte
2386 534 2590 591 lumen
2622 533 2881 606 gratuita
2938 531 3481 591 communicatione
3540 553 3683 610 pro-

290 629 396 681 χαι
424 617 514 665 καὶ
569 615 748 675 πάσης
801 611 861 668 δι
915 625 1014 669 τῶν
1098 620 1243 671 θείων
1312 618 1536 693 ἀγγέλων
1586 623 1901 696 πανάριστοι

296 693 612 773 δημαγωγοὶ
633 709 1015 777 χοροστασίας,
1041 709 1089 759 οἱ
1116 714 1209 760 τοῦ
1275 719 1463 767 νοητοῦ
1516 693 1734 785 κόσμου
1772 731 1900 764 παν-

293 789 387 849 τὸς
430 786 514 842 οἷα
543 809 670 851 τινες
730 792 986 867 ὀφθαλμοὶ
1048 797 1445 851 θεοπτικὼτατοι
1504 806 1593 853 καὶ
1639 806 1901 872 φωταυγέο

300 891 505 946 στατοι,
533 878 937 955 προϐέϐλημένοι
963 879 1037 936 δι’
1069 885 1137 936 ὧν
1199 884 1281 939 έπὶ
1337 894 1512 940 πᾶσαν
1564 890 1661 963 ὁρᾷ
1716 892 1900 963 Κύριος

292 968 389 1023 τὴν
426 976 545 1039 γῆν.
576 974 882 1045 Ιῐροαιρέσει
912 975 1014 1049 γὰρ
1057 971 1374 1045 ἀγαθοτάτη,
1404 982 1492 1030 καὶ
1529 982 1645 1039 νοός
1701 977 1899 1053 ἀχράν-

289 1070 403 1117 τοις
454 1059 660 1128 ἐφέσεσι
714 1064 842 1133 πρὸς
888 1066 982 1120 τὴν
1041 1064 1293 1135 θεαρχίαν
1341 1065 1531 1138 μᾶλλον
1594 1076 1693 1119 τῶν
1732 1067 1896 1120 ἄλλων

288 1140 672 1218 ἀνατεταμένοι,
729 1154 820 1201 καὶ
866 1154 997 1225 πρὸς
1056 1157 1149 1210 τὴν
1219 1150 1376 1217 δόξαν
1416 1157 1581 1218 αὐτῆς
1634 1154 1894 1210 ἐντονώτε-

286 1249 379 1305 ρον
408 1241 728 1309 κεκινημένοι
756 1246 849 1301 τῆς
912 1238 1155 1292 ἀνωτάτω
1208 1243 1330 1317 παρ’
1388 1243 1551 1306 αὐτῆς
1591 1246 1893 1309 καταξιοῡν-

286 1340 372 1375 ται
397 1334 575 1398 τιμῆς,
617 1329 666 1379 οἱ
693 1324 907 1381 δυνατοὶ
948 1330 1104 1403 ὶσχῦι
1160 1341 1384 1391 ποιῆσαι
1431 1338 1489 1387 τὸ
1547 1334 1743 1409 θεἿκημα
1800 1346 1890 1390 τοῦ

284 1407 531 1478 δυνατοῦ,
563 1414 611 1466 οἱ
644 1422 847 1469 συνετοὶ
865 1426 1054 1476 νοῆσαι
1093 1423 1151 1472 τό
1217 1418 1464 1493 βούλημα
1506 1431 1596 1475 τοῦ
1653 1433 1886 1492 συνετοῦ,

279 1499 471 1571 μῶλον
520 1498 579 1554 δι
630 1512 721 1555 τοῦ
774 1511 864 1558 καὶ
926 1503 1196 1578 δυνάμεως
1270 1512 1447 1573 πάσης
1491 1516 1582 1563 καὶ
1640 1517 1890 1574 συνέσεως

280 1590 581 1663 ὑπερέκεινα
638 1594 1007 1667 θεωρουμένου.
1077 1594 1237 1650 Οὗτοι
1278 1595 1337 1651 δε
1394 1608 1481 1650 νῦν
1538 1602 1586 1652 οἱ
1651 1600 1886 1673 μεγαλώ-

2016 616 2217 693 pagat.
2249 624 2477 681 Caelum
2503 624 2619 681 hoc
2649 639 2860 681 verum
2898 621 3187 679 nimirum
3226 638 3435 689 unum,
3472 641 3540 681 ac
3576 627 3678 683 tali

2012 709 2269 782 dignum
2307 714 2552 770 nomine
2593 720 2886 787 tanquam
2904 727 3224 785 supremus
3241 714 3493 786 quidam
3516 715 3679 774 thro-

2012 813 2126 855 nus
2168 800 2468 859 Altissimo
2507 808 2880 875 praeparatus
2906 804 2995 857 est
3014 803 3190 858 Terra
3218 817 3357 857 vero
3388 807 3678 876 tanquam

2013 889 2346 946 scabellum
2373 902 2586 961 aptum
2635 891 2969 948 humilitate
3025 906 3136 946 sua
3174 890 3251 947 ad
3299 907 3482 948 usum
3551 900 3678 950 tam

2011 978 2206 1050 vilem,
2241 980 2577 1052 subjectum
2608 979 2689 1036 illi
2718 980 2933 1037 throno
2990 983 3100 1035 est.
3171 981 3410 1037 Terram
3471 987 3674 1039 autem

2007 1080 2168 1123 nunc
2199 1068 2436 1141 appello
2487 1069 2938 1127 universitatem
2987 1083 3229 1124 omnem
3287 1070 3672 1127 sensibilium

2006 1170 2326 1230 corporum
2358 1176 2369 1227 ;
2396 1174 2531 1231 qum
2556 1158 2860 1215 sccundus
2890 1158 3156 1213 mundus
3225 1159 3549 1217 materialis
3603 1164 3659 1215 et

2004 1246 2382 1318 aspectabilis
2409 1252 2465 1303 et
2494 1254 2582 1304 est
2622 1253 2679 1304 et
2746 1246 3101 1320 appellatur.
3147 1246 3366 1304 Verum
3420 1248 3494 1305 de
3547 1250 3665 1306 hoc

2002 1335 2233 1392 mundo
2262 1336 2639 1409 capessenda
2668 1336 2850 1392 modo
2880 1335 3058 1392 nobis
3090 1337 3360 1393 tractatio
3386 1352 3507 1394 non
3555 1341 3663 1393 est.

2001 1426 2080 1479 Ne
2112 1424 2376 1495 primum
2425 1424 2593 1480 illum
2667 1424 2915 1498 quidem
2974 1424 3424 1497 intelligibilem,
3477 1441 3666 1499 quam

1998 1517 2113 1569 tate
2142 1519 2323 1586 patet,
2356 1515 2702 1570 universum
2733 1513 3045 1586 complecti
3086 1514 3491 1587 disputatione
3547 1532 3661 1571 vae

1998 1606 2111 1658 cat.
2157 1604 2500 1660 Orationem
2531 1604 2757 1676 quippe
2786 1607 3058 1658 nostram
3120 1619 3362 1661 omnem
3424 1604 3661 1659 hodier-

277 1698 450 1752 νυμοι,
507 1683 557 1734 oi
614 1680 920 1755 ἁγιὼνυμοι,
977 1694 1048 1757 τῷ
1091 1688 1321 1760 ἡμετέρῳ
1377 1687 1513 1760 λογῳ
1562 1695 1885 1763 προκείμενοι
1928 1676 1966 1731 Β
1996 1706 2141 1748 nam
2171 1692 2330 1748 hanc
2362 1693 2439 1749 ad
2464 1708 2527 1749 se
2577 1692 2859 1764 jamdudt

1996 1706 2141 1748 nam
2171 1692 2330 1748 hanc
2362 1693 2439 1749 ad
2464 1708 2527 1749 se
2577 1692 2946 1764 jamdudum
3004 1692 3248 1765 rapiunt
3301 1692 3659 1763 Archangeli

281 1773 493 1839 σκοπός,
526 1770 674 1823 αὐτοὶ
704 1770 764 1823 ἂν
804 1776 1199 1846 καθηγησαιντο
1242 1780 1370 1851 πρὸς
1424 1777 1597 1833 αὐτόν.
1655 1779 1730 1831 0'3
1782 1783 1882 1855 γὰρ

276 1864 407 1935 πρὸς
436 1862 581 1932 ἡμῶν
638 1870 733 1923 τῆς
804 1870 903 1914 τὼν
959 1867 1102 1918 θείων
1160 1866 1601 1941 μεγαλοπρεπείας
1668 1867 1881 1941 ἐφικνεῖ-

280 1950 405 2001 σθαι
460 1946 577 2003 οὐδ⁹
617 1948 844 2014 ἐπαίνοις
906 1956 1231 2028 χαρίζεσθαι
1303 1964 1409 2019 τοῖς
1470 1956 1659 2032 ἀπείρῳ
1710 1964 1881 2033 μέτρῳ

278 2033 477 2110 σχεδὸν
532 2044 618 2093 τόν
662 2050 760 2094 τῶν
836 2042 1115 2119 ἀνθρώπων
1205 2046 1684 2120 ὑπιραναϐεϐηκόσι
1741 2059 1876 2105 νοῦν.

278 2128 410 2181 Ἀλλ’
440 2128 612 2191 αὐτοῖς
653 2130 861 2195 ἐκείνοις
923 2143 1014 2187 τοῦ
1072 2143 1159 2187 νοῦ
1217 2142 1305 2189 καὶ
1349 2136 1503 2209 λόγου
1554 2140 1881 2212 καθηγεμόσι

273 2224 589 2291 κεχρημένοι
618 2220 809 2274 οἰκείαν
856 2222 1029 2284 αὐτοῖς
1092 2222 1199 2283 ἤδη
1258 2230 1351 2284 τὴν
1398 2230 1611 2299 αἰνεσιν,
1665 2230 1729 2289 ὡς
1778 2248 1880 2301 epi-

270 2311 413 2380 κτὸν,
501 2309 916 2385 ἐξεργαζώμιθα·
969 2314 1027 2366 οὐ
1080 2319 1174 2373 τὴν
1236 2314 1533 2389 ἀγγελικὴν,
1589 2316 1699 2379 ἣτις
1756 2324 1881 2372 ποτέ

268 2403 403 2473 ἔστι,
467 2412 621 2480 φύσιν
717 2410 1286 2486 πολυπραγμονοῦντες,
1404 2413 1669 2487 ἀνέφικτον
1752 2420 1876 2493 γὰρ,

266 2494 452 2549 ἀλλ’ἒκ
482 2506 575 2561 τῆς
605 2500 849 2563 ποικίλης
878 2500 1134 2576 ἐνεργείας
1184 2504 1212 2562 ἣ
1268 2500 1540 2567 διακονίας
1586 2510 1673 2557 τόν
1740 2504 1877 2559 αἶνον

262 2586 559 2660 ὑφαίνοντες
602 2592 668 2641 τὰ
736 2596 855 2665 περὶ
926 2599 1016 2652 τῆς
1064 2592 1231 2644 αὐτῶν
1280 2593 1465 2655 οὐσίας
1520 2595 1613 2647 οὐκ
1667 2594 1877 2659 ἀπεικός

262 2676 378 2731 ἐστι
427 2682 821 2753 τεκμαίρεσθαι,
881 2681 911 2740 ἢ
980 2680 1243 2756 σὺδρομος
1296 2684 1380 2738 ἐπὶ
1450 2690 1617 2739 τούτω
1671 2692 1876 2761 τυγχά-

259 2786 427 2820 νουσα
467 2777 529 2827 τῆ
583 2769 811 2845 ἐνεργείᾳ
867 2766 939 2823 δι’
999 2770 1160 2835 αὐτῆς
1220 2774 1387 2847 ἠρέμα
1447 2777 1871 2851 καταθεωρεῖται.

263 2865 359 2910 Οτι
389 2859 479 2931 μὶν
511 2854 646 2911 οὖνὸ
689 2864 820 2921 Θεὸς
875 2857 1142 2932 ἀγέννητος
1209 2868 1299 2915 καὶ
1361 2863 1591 2928 ἀναίτιος
1638 2868 1705 2917 ὧν
1750 2888 1875 2920 παν-

262 2950 350 3009 τὸς
372 2947 665 3009 αἰῶνοςκαὶ
704 2954 900 3024 χρόνου
937 2955 1217 3013 καὶπάσης
1276 2948 1335 3005 δε
1391 2958 1609 3017 κτίσεως
1669 2955 1872 3029 ὀπωμέ-

261 3056 356 3098 νης
387 3037 542 3098 αὐτός
571 3036 713 3090 ἐστιν
746 3041 775 3097 ἦ
829 3046 1164 3115 πρωτουργός
1225 3042 1621 3115 αἰτία,Μιχαὴλ
1676 3043 1733 3098 δὲ
1782 3052 1871 3099 καὶ

262 3125 493 3203 Γαϐριὴλ
526 3130 885 3204 στρατιάρχαι
910 3139 1009 3182 τῶν
1076 3134 1220 3184 θείων
1265 3133 1352 3185 ὑπ’
1394 3133 1553 3187 αὐτοῦ
1617 3141 1870 3195 κατέστη-

262 3235 358 3269 σαν
388 3214 637 3290 ἀγγελῶν,
677 3218 735 3271 οὐ
793 3228 1015 3295 μακροῖς
1059 3219 1198 3274 ἔστιν
1256 3219 1626 3276 ἀποδεικνύναι
1673 3224 1865 3297 λόγὸις,

256 3310 434 3360 πίστει
492 3303 552 3359 δι
614 3326 743 3380 μονη
820 3316 882 3367 τῆ
941 3313 1113 3371 πάσης
1168 3307 1485 3375 ἀποδείξεως
1537 3312 1869 3391 ένεργιστέρᾳ

252 3400 345 3448 καὶ
393 3393 705 3469 βεϐαιοτέρα
756 3400 904 3451 ταῦθ’
981 3399 1183 3463 ἑαυτοῖς
1220 3402 1595 3474 ὑποτιθέμενοι,
1674 3405 1864 3457 ἄνωθεν

252 3480 313 3538 δὲ
350 3493 421 3555 τῷ
447 3484 584 3558 λόγῳ
639 3493 755 3548 ταῖς
810 3488 967 3562 ἱεραῖς
1034 3489 1288 3563 ἑπομένως
1362 3500 1589 3565 γραφαῖς
1642 3489 1863 3567 διαλαμ-

246 3574 477 3637 ϐάνοντες
534 3579 622 3636 τὰς
701 3576 1021 3651 λειτουργίας
1080 3580 1267 3647 αὐτῶν,
1320 3583 1412 3634 εἶτ’
1462 3578 1549 3634 οὖν
1579 3582 1854 3658 ἐνεργείας.

1995 1788 2080 1839 ter
2109 1781 2355 1837 maximi
2386 1781 2627 1839 Michael
2657 1787 2713 1836 et
2750 1781 2983 1837 Gabriel
3021 1799 3033 1849 ;
3089 1789 3513 1853 argumentum
3568 1781 3658 1837 di-

1994 1870 2168 1927 Cendi
2202 1870 2591 1942 magniﬁcum
2624 1871 2683 1926 in
2711 1870 2919 1944 primis
2971 1872 3383 1942 Archangelici
3429 1871 3656 1928 ordinis

1991 1960 2285 2016 individui
2326 1961 2508 2016 duces
2540 1965 2596 2016 et
2629 1960 2887 2015 universi
2913 1959 3258 2017 divinorum
3298 1960 3653 2030 angelorum

1992 2050 2157 2106 chori
2197 2050 2608 2107 moderatores
2637 2050 2865 2123 optimi.
2901 2050 3218 2123 Mundique
3272 2052 3402 2123 ejus
3454 2049 3653 2106 omnis

1991 2139 2164 2211 cujus
2196 2141 2399 2196 animo
2430 2140 2591 2195 cerni
2635 2138 2760 2195 solo
2802 2140 3031 2212 species
3084 2145 3276 2212 potest
3326 2140 3485 2195 velut
3531 2139 3655 2195 duo

1991 2230 2241 2302 quidam
2263 2230 2421 2286 oculi
2450 2228 2823 2297 lucidissimi,
2848 2229 2926 2284 ad
2969 2231 3070 2285 Dei
3118 2246 3310 2303 usque
3356 2230 3653 2285 visionem

1990 2335 2157 2375 acres
2188 2335 2430 2375 omnem
2460 2318 2521 2374 in
2562 2324 2795 2391 partem
2826 2318 3034 2373 intenti
3088 2336 3099 2372 :
3160 2319 3385 2390 quibus
3441 2318 3652 2373 orbem

1990 2413 2283 2465 terrarum
2309 2409 2658 2465 universum
2697 2406 2950 2479 despicit
3004 2411 3177 2464 Deus.
3227 2409 3434 2464 Libera
3488 2408 3651 2463 enim

1984 2499 2112 2570 jam
2164 2515 2199 2555 a
2243 2498 2536 2572 principio
2597 2496 2673 2552 ab
2732 2512 2804 2553 ea
2848 2498 3332 2554 constantissime
3362 2496 3648 2553 electione

1989 2588 2175 2645 animi
2210 2595 2263 2645 et
2289 2590 2535 2645 isncerm
2570 2586 2786 2643 mentis
2817 2588 3125 2643 amoribus
3175 2588 3511 2660 purissimis
3569 2584 3650 2641 ad

1986 2677 2199 2734 divinae
2212 2678 2541 2750 majestatis
2578 2676 2952 2732 adorandam
2967 2676 3379 2733 excellentiam
3400 2690 3645 2748 promo-

1988 2766 2370 2839 vendamque
2402 2765 2654 2836 gloriam
2682 2765 2992 2821 intentiore
3006 2781 3193 2838 quam
3208 2766 3401 2821 caeteri
3446 2763 3644 2820 studio

1987 2855 2603 2929 conversihsupremis
2647 2855 2976 2911 honoribus
3028 2856 3107 2911 ab
3171 2872 3242 2912 ea
3299 2855 3511 2911 merito
3558 2852 3647 2909 di-

1985 2954 2267 3019 gnantur.
2301 2944 2382 3002 Illi
2413 2949 2684 3018 potentes
2713 2946 2922 3001 virtute
2944 2946 3023 3001 ad
3044 2945 3387 3002 faciendam
3424 2948 3642 3000 volun-

1984 3042 2165 3094 tatem
2218 3035 2498 3108 potentis.
2572 3033 2656 3089 Illi
2715 3034 3016 3107 sapientes
3049 3035 3123 3091 ad
3186 3033 3645 3104 intelligendum

1980 3126 2290 3183 consilium
2324 3123 2607 3198 sapientis
2653 3130 2804 3179 :aut
2857 3125 2987 3196 ejus
3046 3125 3244 3198 potius
3311 3138 3490 3197 quem
3538 3122 3644 3195 qui

1979 3216 2463 3289 contemplantur
2484 3214 2733 3288 propius
2768 3215 3038 3287 potentia
3061 3215 3479 3288 sapientiaque
3516 3228 3642 3269 om‘

1978 3308 2039 3365 ni
2066 3306 2438 3381 superiorem
2470 3304 2673 3361 vident
2692 3320 2845 3361 esse.
2903 3304 2989 3360 Illi
3039 3320 3263 3377 magno
3312 3307 3642 3375 sanctoque

1978 3398 2242 3470 insignes
2298 3397 2565 3452 nomine.
2616 3394 2732 3466 Ipsi
2790 3410 3011 3467 scopus
3067 3395 3356 3451 orationis
3388 3399 3629 3449 nostrae.

1980 3490 2187 3557 tidem,
2221 3502 2395 3560 spero
2444 3483 2743 3557 equidem,
2800 3499 2937 3541 eam
2986 3484 3065 3541 ad
3122 3502 3184 3541 se
3238 3484 3496 3555 dirigent
3563 3497 3640 3538 ne

1981 3579 2233 3636 aberret.
2276 3579 2499 3633 Natura
2526 3574 2685 3631 enim
2714 3591 2784 3630 ac
2813 3574 3091 3631 facultate
3122 3579 3331 3631 nostra
3357 3573 3630 3645 superius

248 3671 339 3721 est
365 3665 680 3738 quiddam,
714 3666 793 3723 ad
818 3667 1164 3726 divinarnm
1195 3687 1395 3728 rerum
1420 3672 1923 3742 magniﬁcentiam
1954 3669 2219 3742 aspirare
2250 3683 2262 3723 :
2314 3672 2418 3723 aut
2473 3664 2766 3720 demereri
2800 3664 3097 3737 nobisque
3124 3664 3392 3735 obligare
3420 3661 3608 3717 lauda

246 3755 409 3811 tione
438 3761 647 3812 nostra
671 3770 966 3827 supernas
996 3757 1129 3815 illas
1186 3766 1435 3829 mentes,
1495 3778 1756 3834 quarum
1805 3768 1893 3820 est
1939 3758 2170 3816 infinito
2215 3755 2485 3829 quodam
2542 3753 2855 3809 intervallo
2902 3768 3090 3826 supra
3142 3753 3481 3809 humanum
3539 3766 3634 3805 ca-

247 3844 529 3917 putelata
558 3846 924 3917 praestantia.
950 3848 1064 3902 Sed
1096 3847 1242 3919 ipsis
1273 3848 1387 3905 illis
1411 3851 1787 3920 cogitationis
1832 3859 1889 3909 et
1936 3847 2227 3907 orationis
2279 3845 2370 3900 usi
2398 3844 2659 3900 ducibus
2728 3849 2939 3900 exacta
2982 3844 3061 3900 ad
3117 3859 3327 3899 eorum
3379 3841 3631 3897 ductum

245 3938 305 3990 et
332 3934 555 3991 directa
580 3940 833 4008 utraque
858 3951 965 4008 pro
997 3944 1211 3992 nostrae
1244 3938 1543 3997 facultatis
1568 3942 1819 3999 modulo
1845 3941 2043 4015 potius
2097 3953 2282 4011 quam
2350 3951 2460 4009 pro
2504 3934 2746 3991 illorum
2802 3934 3012 3991 merito
3054 3933 3467 3990 laudationem
3517 3931 3638 3987 ela—

244 4023 555 4081 boremus.
591 4025 733 4089 Quae
758 4024 928 4081 nulla
976 4025 1225 4097 quidem
1273 4028 1335 4084 in
1371 4030 1575 4086 subtili
1613 4038 1840 4088 natura;
1890 4028 2175 4099 angelicae
2226 4025 2666 4099 disquisitione,
2717 4023 2913 4097 qualis
2952 4024 3197 4080 tandem
3247 4023 3342 4091 sit,
3398 4021 3636 4078 curioso

247 4113 705 4179 conﬂictabitur,
729 4113 786 4169 id
811 4114 972 4170 enim
1001 4114 1221 4173 frustra
1250 4126 1569 4175 conaretur
1588 4121 1855 4194 quidem,
1890 4120 2005 4176 nisi
2037 4118 2085 4174 si
2110 4115 2258 4191 quid
2285 4131 2496 4173 eorum
2526 4131 2594 4171 ex
2636 4114 2819 4170 variis
2882 4114 3169 4186 operibus
3240 4112 3419 4169 laude
3480 4110 3641 4167 velut

253 4202 652 4269 contexenda,
694 4219 768 4258 ex
794 4203 847 4258 vi
870 4220 1006 4276 qua:
1040 4204 1099 4259 in
1126 4205 1197 4260 iis
1226 4208 1487 4265 cernitur
1534 4209 1613 4265 ad
1665 4210 2068 4279 cognitionem
2114 4208 2247 4279 ejus
2305 4221 2441 4279 quas
2506 4205 2672 4261 illam
2720 4204 2984 4261 continet
3022 4209 3204 4277 atque
3260 4202 3477 4259 exserit
3527 4217 3637 4258 na-

255 4296 405 4349 tura:
443 4292 548 4348 niti
577 4292 868 4365 paulatim
897 4294 1263 4365 suspicando
1307 4302 1486 4370 atque
1535 4299 1893 4357 aestimando
1945 4296 2339 4373 potuerimus.
2370 4306 2450 4350 Ac
2508 4295 2773 4366 primum
2825 4292 3073 4366 quidem
3116 4306 3425 4347 summum
3468 4290 3638 4345 illum

251 4387 718 4455 nequeparente
743 4382 1013 4452 genitum
1044 4398 1242 4456 neque
1266 4385 1544 4444 effectum
1606 4406 1810 4455 causa,
1866 4395 1969 4446 aut
2016 4404 2048 4444 θ
2103 4384 2399 4459 principio
2456 4385 2781 4440 excitatum
2838 4398 2969 4437 esse
3032 4397 3345 4454 quoquam
3410 4382 3635 4435 Deum:

251 4474 575 4528 Auctorem
606 4487 743 4528 vero
769 4473 971 4544 ipsum
1004 4478 1185 4545 atque
1214 4475 1554 4535 effectorem
1585 4484 1711 4535 tum
1735 4480 1846 4535 aevi
1865 4478 2065 4535 omnis
2092 4492 2163 4532 ac
2184 4474 2492 4546 temporis,
2550 4478 2679 4529 tum
2731 4472 3133 4528 universitatis
3198 4470 3397 4527 omnis
3452 4470 3636 4540 hujus

248 4559 465 4619 mundi
492 4559 747 4634 duplicis
776 4562 1003 4634 quique
1034 4578 1215 4619 sensu
1244 4566 1557 4625 oculorum
1585 4569 1813 4643 quique
1855 4566 2213 4641 cogitatione
2272 4564 2564 4619 mentium
2616 4562 2958 4635 percipitur.
3016 4565 3225 4617 Porrro
3292 4559 3637 4617 Michaelem

249 4655 310 4707 et
337 4649 672 4707 Gabrielem
698 4650 950 4707 caelestis
981 4652 1335 4723 angelorum
1367 4656 1569 4714 milita:
1617 4675 1882 4716 summos
1916 4660 2309 4729 Imperatores
2340 4654 2419 4710 ab
2474 4652 2607 4724 ipso
2655 4668 2783 4708 esse
2838 4651 3215 4718 constitutos,
3247 4649 3447 4706 verbis
3501 4649 3640 4722 qui-

250 4739 393 4797 dem
417 4744 475 4796 et
494 4739 866 4811 argumentis
896 4739 1170 4813 pluribus
1195 4746 1523 4817 approbari
1541 4749 1766 4822 nequit.
1795 4754 1877 4806 Ac
1906 4763 1983 4806 ne
2012 4760 2256 4804 necesse
2308 4742 2557 4816 quidem
2609 4745 2716 4810 est,
2785 4758 2925 4798 cum
2964 4741 3093 4798 haec
3146 4740 3313 4797 omni
3386 4738 3638 4795 demon‘

250 4828 535 4886 stratione
584 4829 889 4886 efﬁcacior
939 4830 1273 4905 certiorque
1324 4835 1477 4892 ﬁdes
1527 4837 1759 4896 doceat.
1848 4838 2032 4911 Cujus
2076 4834 2253 4891 unius
2301 4848 2413 4905 par
2466 4837 2571 4904 cst,
2624 4832 2981 4888 auctoritate
3032 4830 3331 4904 persuasi,
3386 4828 3638 4901 ejusque

247 4918 336 4976 rei
365 4918 711 4976 assensione
741 4919 1079 4989 constituta,
1114 4927 1391 4982 caeteram
1433 4926 1520 4984 sic
1556 4928 1805 4986 demum
1825 4928 2208 4985 instituamus
2258 4921 2802 4981 considerationem
2852 4926 2916 4977 ut
2973 4936 3009 4977 a
3051 4921 3248 4994 primo
3296 4920 3432 4992 ipso
3472 4933 3641 4991 repeo

249 5008 425 5068 titam
453 5007 649 5082 capite
677 5024 784 5082 per
808 5025 1121 5068 sacrorum
1153 5022 1589 5089 consequenter
1612 5019 2185 5078 commentariorum
2210 5014 2429 5071 seriem
2461 5028 2706 5072 omnem
2746 5027 2958 5069 eorum
2984 5010 3307 5069 functionis
3358 5008 3635 5081 alicujus,

249 5104 356 5158 aut
379 5098 714 5156 efﬁcientia
744 5099 1105 5158 memoriam
1128 5118 1590 5178 persequamur.

321 5197 449 5250 Θεος
476 5188 545 5240 ὧν
572 5186 671 5259 ἀεὶ,
698 5192 832 5242 καίτὰ
875 5192 936 5243 τὸ
1008 5192 1141 5244 θεῖον
1183 5191 1354 5267 λογιον
1406 5195 1585 5268 έκεῖνο,
1632 5202 1863 5267 κάθηται

248 5275 334 5332 ἕπὶ
356 5280 539 5333 θοόνου
569 5278 721 5351 ἁγίου
752 5278 934 5335 αὑτοῦ.
957 5278 1024 5333 Ὀ
1044 5285 1098 5333 τί
1154 5302 1278 5338 ποτε
1328 5282 1363 5338 δ
1368 5291 1396 5345 ἡ
1456 5292 1552 5347 τὴν
1600 5288 1863 5366 καθέδραν

245 5370 443 5428 ταύτην
472 5387 677 5427 νοητεον
716 5366 919 5442 ;Οζυ.αι
948 5366 1007 5423 δι
1040 5376 1135 5431 τὴν
1195 5373 1460 5450 ἀραρότως
1519 5384 1608 5433 καὶ
1663 5379 1855 5455 ἀμετα-

249 5460 410 5521 θέτως
439 5457 524 5512 έπὶ
552 5468 647 5522 τῆς
677 5458 873 5522 οἰκείας
892 5460 1054 5513 αὐτοῦ
1106 5459 1268 5527 δόξης
1313 5463 1526 5540 ἵδρυσιν
1555 5475 1645 5524 καὶ
1668 5478 1851 5544 μονήν.

244 5555 333 5605 Δεῖ
354 5558 428 5623 τῷ
458 5549 541 5603 ἐπὶ
572 5552 754 5624 θρόνου
785 5548 997 5611 δηλαδὴ
1030 5554 1325 5629 καθημένῳ,
1374 5561 1461 5612 οἷα
1527 5558 1593 5620 δὴ
1648 5561 1861 5636 βασιλεῖ

246 5640 479 5715 μεγάλῳ,
523 5644 644 5704 τοὺς
720 5637 1046 5717 δορυφόρους
1100 5650 1439 5722 παρεστάναι.
1499 5658 1587 5706 Δεῖ
1626 5660 1698 5725 τῷ
1766 5661 1861 5718 τῆς

249 5728 374 5809 ὅλης
402 5736 624 5797 κτίσεως
654 5726 973 5795 δεσπόζοντι
1011 5736 1077 5787 τὰ
1105 5743 1207 5790 τῶν
1227 5742 1533 5816 κτισμάτων
1607 5742 1866 5805 κάλλιστα

678 5832 927 5909 mnos,
966 5834 1070 5901 Gn.
1101 5835 1253 5904 CXL.

2044 5197 2201 5253 Deus
2228 5199 2509 5263 aeternus,
2559 5194 2733 5266 juxta
2786 5192 3057 5250 divinum
3100 5190 3249 5249 illud
3297 5189 3634 5259 oraculum,

1972 5287 2137 5347 sedet
2163 5302 2344 5360 super
2412 5286 2699 5343 thronum
2752 5289 3030 5341 sanctum
3083 5300 3283 5340 suum.
3332 5282 3636 5351 Quidnam

1970 5381 2125 5437 hanc
2138 5393 2268 5435 esse
2281 5376 2531 5434 tandem
2550 5375 2886 5433 sessionem
2904 5374 3333 5432 arbitrabimur
3352 5374 3381 5433 ’ξ’
3403 5374 3636 5431 Firmis-

1966 5470 2187 5527 simam
2209 5467 2426 5541 opinor
2445 5466 2615 5523 illam
2645 5470 2825 5539 atque
2856 5465 3298 5523 immutabilem
3326 5480 3451 5522 una
3495 5480 3639 5520 sem-

1966 5575 2076 5635 per
2101 5558 2165 5615 in
2188 5557 2484 5616 sententia
2513 5555 2908 5614 constantiam
2928 5560 2984 5613 et
3019 5572 3278 5615 moram.
3344 5558 3477 5613 ἔπη
3536 5570 3636 5609 su-

1969 5664 2079 5726 per
2142 5650 2429 5707 thronum
2496 5642 2730 5705 sedenti
2786 5651 3023 5721 oportet
3078 5662 3299 5721 nempe
3342 5652 3638 5720 tamquam

1972 5754 2202 5817 magno
2228 5739 2373 5815 Regi
2387 5734 2670 5803 satellites
2706 5752 3021 5815 apparere.
3042 5738 3636 5815 Oportetcrcatarum

3098 5852 3194 5910 39.
