4444 6452
800 351 943 409 1227

2326 354 2680 411 ADDENDA.

4036 360 4174 416 ωε

803 476 908 533 uni
930 474 1208 531 omnium
1238 490 1437 531 rerum
1469 476 1722 532 Domino
1742 478 2176 548 pulcherrimas
2244 492 2455 532 earum
2489 483 2532 533 A

2419 492 2455 531 n
2489 483 2532 533 A
2562 490 2836 551 προσεχῶς
2886 484 3291 557 παρεστηκέναι.
3363 487 3450 542 Τίς
3510 482 3599 534 οὖν
3647 489 3721 551 τῷ
3778 489 3871 534 τοῦ
3921 482 4174 552 Ὑψίστου

803 578 1078 634 quasque
1107 568 1323 634 praesto
1364 578 1601 634 semper
1633 569 1689 620 et
1738 579 1942 621 coram
2000 565 2258 619 adstare.
2317 564 2458 628 Quis

802 651 980 719 igitur
1017 651 1094 706 ad
1146 650 1433 707 Altissimi
1478 651 1760 708 thronum
1823 653 2094 725 proxime
2156 651 2460 707 excubat?

805 739 946 805 Quis
971 739 1227 794 idoneus
1257 739 1536 794 inventus
1568 746 1659 796 est
1682 742 1784 813 qui
1848 742 1927 797 ad
1985 742 2114 811 ejus
2183 739 2459 795 sublimi-

806 832 922 883 tate
950 828 1273 883 inaccessae
1320 828 1651 899 majestatis
1705 830 1984 885 intimum
2042 846 2112 885 ac
2166 828 2461 884 familiare

804 917 1201 973 ministerium
1216 917 1603 987 quotidianus
1634 918 2017 975 adhiberetur
2077 916 2318 975 Michael
2364 917 2462 971 hic

805 1006 1094 1062 nimirum
1117 1009 1175 1061 et
1239 1004 1473 1061 Gabriel
1511 1013 1616 1062 est.
1675 1008 1743 1062 Hi
1783 1024 2080 1079 supremas
2130 1006 2462 1076 majestatis

808 1096 1143 1167 stipatores.
1178 1096 1244 1151 Hi
1313 1096 1588 1153 doctores
1657 1098 2234 1169 sapientissimarum
2295 1114 2461 1153 men-

807 1182 975 1241 tium.
1008 1187 1075 1241 Et
1092 1184 1155 1241 in
1180 1200 1314 1241 arce
1338 1186 1608 1258 quadam
1630 1186 1988 1241 excellentiae
2006 1186 2221 1256 majori
2252 1202 2463 1259 quam"

805 1273 924 1329 dici
950 1274 1141 1346 possit
1188 1289 1439 1329 excessu
1529 1274 1893 1329 celsitudinis
1961 1290 2144 1345 supra
2216 1291 2460 1330 omnem

807 1367 1143 1419 creatarum
1167 1377 1368 1417 rerum
1381 1363 1614 1434 apicem
1629 1362 1918 1431 collocati,
1946 1364 2091 1418 Hinc
2115 1379 2245 1432 jam
2288 1380 2461 1418 mun-

809 1450 872 1506 di
898 1450 1173 1506 conditor
1200 1450 1499 1522 reliquum
1556 1451 1636 1507 ad
1674 1467 1829 1523 opus
1871 1450 2236 1520 aggreditur.
2294 1454 2463 1507 Great

806 1539 1026 1595 cmlum
1056 1541 1112 1593 et
1138 1538 1354 1595 fundat
1383 1544 1622 1596 terram.
1656 1541 1827 1595 Lucis
1881 1546 2163 1595 naturam
2210 1543 2455 1612 promit,

808 1631 865 1684 et
891 1628 1171 1684 tenebras
1202 1629 1485 1684 discernit
1510 1646 1545 1685 a
1572 1629 1822 1686 lumine.
1862 1628 2084 1684 Deinde
2116 1628 2459 1683 ﬁrmamen-

2565 564 2874 641 παρεδρεύει
2916 573 3236 642 θρόνῳ;Τίς
3299 578 3399 621 τῶν
3465 572 3668 621 πάντων
3718 568 3977 639 ἐγγύτατα
4040 590 4175 643 πρου

3277 661 3565 732 θεοπρεπῶς
3638 677 3694 709 τε
3764 657 4040 731 λειτοργεῖν
4086 678 4179 725 καὶ

2572 740 2791 804 ἁεννάως
2853 742 3192 798 διατέτακται
3227 765 3240 813 ;
3272 746 3339 799 Ἦ
3408 743 3567 804 δῆλον
3644 746 3725 796 ὅτι
3789 746 4011 816 Μιχαὴλ
4087 752 4177 797 καὶ

2568 830 2816 903 Γαϐριὴλ,
2872 836 2919 886 οἱ
2969 844 3058 895 τῆς
3115 836 3405 909 ὑπερτάτης
3468 833 3822 905 μεγαλοσύνης
3868 830 4176 907 δορυφόροι,

2569 660 2693 705 σιων
2750 664 2822 727 τῷ
2907 658 3175 731 ὰπροσίτῳ

2568 924 2615 972 οἱ
2644 930 2987 996 μυσταγωγοὶ
3042 933 3140 977 τῶν
3193 927 3495 998 ὑπερσὸφων
3539 929 3686 989 νόων,
3766 930 3854 976 καὶ
3908 933 3998 983 τῆς
4059 924 4180 983 ὅλης

2568 1015 2787 1071 κτίσεως
2893 1012 3181 1087 ἀφράστοις
3277 1015 3563 1087 ὑπεροχαῖς
3676 1015 4176 1086 ὑπερανῳκισμένοι.

2572 1097 2819 1151 Ἀπτεται
2866 1100 3044 1153 λοιπὸν
3095 1100 3319 1154 ἐντεῦθεν
3405 1110 3497 1162 τῆς
3565 1110 3666 1153 τῶν
3714 1106 3992 1172 ’γινομένων
4046 1106 4180 1172 γενέ-

2574 1205 2697 1247 σεως
2750 1189 2775 1239 ὁ
2826 1194 3203 1263 γενεσιουρσγός·
3300 1197 3440 1242 ποιεῖ
3493 1191 3728 1263 ούρανόν,
3808 1195 3898 1241 καὶ
3956 1190 4183 1261 θεμελιοῖ

2569 1285 2689 1346 ’χῆν’
2744 1279 2971 1350 παράγει
3052 1282 3214 1348 φωτὸς
3284 1278 3488 1343 ούσίαν,
3544 1284 3634 1330 καὶ
3690 1281 3871 1337 σκότος
3923 1274 4181 1350 διακρίνει

2572 1369 2756 1435 φωτός,
2790 1362 2917 1417 Εἶτα
2944 1371 3207 1439 περιτείνει
3251 1370 3307 1418 τὸ
3368 1371 3653 1439 στερέωμα.
3709 1371 3811 1418 Καὶ
3867 1369 3962 1427 τὰς
4018 1364 4181 1417 ἀϐύσο

2574 1471 2697 1513 σους
2722 1462 2818 1504 νῶν
2862 1451 3089 1511 ὑδάτων.
3146 1455 3207 1515 ἇς
3263 1456 3636 1528 μὲνρπεράνω
3679 1462 3771 1507 τοῦ
3823 1461 4184 1526 στερεωματος

2570 1542 2888 1614 μετεωρίζει,
2946 1541 3007 1603 ἇς
3106 1539 3165 1594 δὲ
3229 1549 3338 1603 τοῖς
3424 1552 3664 1595 κενεῶσιν
3717 1542 4038 1616 ἐναποκρίνει
4087 1550 4181 1603 τῆς

2569 1638 2687 1697 γῆς.
2739 1628 2956 1682 Ἔπειτα
3005 1640 3174 1702 φυτῶν
3216 1637 3305 1683 καὶ
3356 1632 3500 1692 ζωων
3552 1633 3646 1693 τὰς
3696 1627 4037 1692 παντοδαπὰς
4089 1631 4182 1682 ού-

813 1722 937 1774 tum
965 1716 1247 1783 extendit,
1281 1723 1335 1772 et
1364 1717 1620 1790 abyssos
1654 1734 1976 1790 aquarum,
2019 1733 2174 1789 quas
2241 1718 2459 1789 partim
2500 1717 2540 1768 B

2425 1734 2459 1772 n
2500 1717 2540 1768 B
2574 1721 2693 1776 σίας
2730 1721 2819 1768 καὶ
2846 1720 3045 1791 μορφὰς
3075 1719 3210 1789 λογῳ
3242 1726 3331 1778 τῆς
3360 1727 3460 1789 γῆς
3490 1723 3581 1770 καὶ
3607 1726 3698 1771 τοῦ
3762 1715 3958 1781 ὕδατος
3994 1718 4180 1781 ἐξανα-

809 1822 995 1879 supra
1015 1806 1475 1863 fundamentum
1503 1807 1832 1878 suspendit,
1858 1807 2075 1878 partim
2106 1806 2262 1862 infra
2292 1813 2459 1861 terrae

812 1895 1159 1968 superﬁcies
1188 1895 1249 1949 in
1279 1911 1572 1951 cavernas
1596 1900 1652 1951 et
1680 1895 1999 1964 voragines
2031 1895 2236 1966 rejicit.
2301 1895 2464 1950 Plan-

810 1992 1010 2042 tarum
1039 1984 1256 2040 deinde
1297 1990 1353 2040 et
1403 1985 1756 2041 animalium
1801 1984 2001 2040 varias
2054 2000 2234 2039 omne
2275 2000 2464 2054 genus

810 2078 1058 2131 naturas
1081 2077 1137 2128 et
1166 2074 1416 2145 species,
1445 2074 1541 2130 vel
1565 2090 1635 2130 ex
1668 2080 1843 2139 terra,
1881 2075 1967 2128 vel
1999 2090 2070 2128 ex
2126 2089 2288 2145 aqua
2343 2090 2461 2129 ver-

808 2164 890 2219 bo
914 2161 1147 2219 excitat.
1176 2164 1391 2232 Magna
1442 2171 1729 2234 prieterea
1763 2162 2085 2217 luminaria
2142 2167 2466 2217 astrorum-

808 2268 927 2325 que
984 2266 1261 2323 sparsam
1308 2252 1424 2308 late
1480 2251 1921 2308 multitudinem
1998 2250 2462 2322 pulcherrimum

808 2340 940 2397 orbi
960 2345 1082 2399 toto
1113 2341 1432 2414 explicavit
1453 2341 1884 2413 spectaculum,
1918 2341 2200 2412 idemque
2231 2340 2466 2411 sapien-

808 2430 901 2487 tia:
943 2446 1012 2486 ac
1037 2431 1350 2503 potestatis
1392 2447 1518 2486 suae
1545 2431 1777 2501 insigne
1800 2434 2280 2485 monumentum.
2314 2430 2465 2493 Quo-

804 2535 953 2576 nam
979 2520 1157 2593 igitur
1186 2520 1384 2576 oﬂicio
1414 2520 1708 2576 conditori
1763 2536 1855 2575 res
1895 2519 2141 2575 conditae
2208 2518 2462 2585 gratiam

804 2609 1139 2681 rependant
1164 2609 1193 2664 ?
1221 2608 1584 2664 Laudatione
1615 2623 1736 2663 una
1767 2607 1847 2663 ob
1884 2605 2242 2679 totperfecta
2257 2620 2460 2677 opera.

806 2714 1103 2771 sacroque
1134 2698 1366 2770 hymno
1383 2698 1571 2753 mixto
1610 2712 1680 2752 ex
1703 2701 1997 2752 concentu
2024 2695 2297 2750 omnium
2320 2709 2460 2748 cum

806 2787 1321 2844 sanctissimarum
1339 2788 1631 2842 mentium
1651 2785 2016 2857 symphonia
2028 2782 2301 2839 confuso.
2320 2784 2461 2847 Quis

802 2882 1005 2933 autem
1038 2876 1219 2947 hujus
1257 2876 1474 2931 cantici
1508 2875 1755 2930 modum
1771 2878 2051 2929 ettonum
2083 2871 2251 2944 praeit
2277 2870 2459 2935 7Quis

2573 1801 2798 1857 δίδωσιν
2832 1805 2906 1857 Οὐ
2937 1814 3104 1858 ταῦτα
3160 1803 3218 1858 δὲ
3284 1812 3457 1879 μόνον,
3510 1812 3797 1881 φωστὴρων
3844 1804 3903 1859 δε
3962 1810 4183 1878 μεγέθη,

2570 1899 2659 1945 καὶ
2682 1893 2909 1968 ἀστέρων
2945 1895 3116 1953 πλήθη
3145 1915 3199 1947 τε
3252 1898 3365 1947 κατ’
3413 1896 3628 1969 οὐρανὸν
3672 1902 3763 1949 καὶ
3807 1896 3992 1959 κάλλη,
4051 1896 4184 1954 πλή-

2574 1984 2649 2034 θει
2682 1988 2928 2043 συνέσεως
2958 1990 3048 2036 καὶ
3095 1984 3282 2056 ἰσχύος
3333 1983 3633 2057 ἐπορίσατο.
3684 1991 3771 2045 Τίς
3825 1986 3913 2037 οὖν
3970 1987 3999 2043 η
4058 1984 4183 2058 παρ’

2571 2071 2739 2123 αὐτῶν
2767 2071 2958 2144 ἀμοιϐὴ
3015 2081 3087 2143 τῷ
3132 2082 3324 2146 ποιητῇ
3360 2091 3374 2141 ;
3406 2077 3609 2137 Αἶνεσις
3689 2073 3773 2127 ἐπὶ
3825 2082 3936 2136 τοῖς
3974 2078 4185 2147 γινομέ-

2572 2179 2697 2225 νοις,
2774 2166 2864 2212 καὶ
2917 2162 3075 2223 ὗιινος
3118 2165 3252 2234 ἱερὸς
3332 2170 3441 2223 τοῖς
3499 2167 3762 2237 πανιέροις
3814 2172 4185 2235 συγκροτεῖται

2572 2267 2727 2311 νοοις.
2760 2254 2849 2310 Τίς
2879 2252 3140 2321 κατάρχει
3186 2258 3283 2312 τῆς
3334 2253 3584 2312 τοιαύτης
3611 2250 3850 2311 αἰνέσεως
3884 2270 3896 2315 ;
3934 2256 4016 2313 τίς
4042 2253 4068 2303 ὁ
4094 2255 4184 2303 τὸν

2574 2338 2708 2389 ἔνθεν
2767 2337 2923 2409 ὕμνον
2990 2347 3062 2408 τῷ
3119 2341 3463 2413 ὑπερυμνὴτῳ
3521 2344 4025 2414 προοιμιαζόμενος;
4060 2340 4187 2411 Οὐχ

2573 2428 2623 2477 οἱ
2649 2434 2737 2486 τῆς
2777 2424 3072 2498 ἀγγελικῆς,
3133 2430 3201 2489 ὡς
3259 2428 3416 2497 εἰκὸς,
3480 2430 3863 2501 καθηγούμενοι
3914 2449 4185 2503 χοροστα-

2575 2519 2731 2579 σίας;
2764 2515 2886 2587 Οὑχ
2912 2519 2961 2567 οὶ
2992 2514 3289 2591 ὑπερφερεῖς
3323 2514 3559 2569 διάκονοι
3612 2528 3705 2580 τῆς
3738 2521 4028 2591 θεαρχίας;
4060 2520 4187 2591 Ούχ

2572 2606 2621 2655 οἱ
2673 2610 2893 2677 πρώτως
2940 2614 3039 2657 τῶν
3089 2626 3307 2679 πρωτων
3391 2606 3688 2679 ἐλλάμφεων
3758 2609 4187 2683 ὑπερπληροὺμε-

2569 2712 2667 2757 νοι,
2701 2698 2791 2745 καὶ
2848 2702 2947 2745 τῶν
3004 2696 3150 2746 θείων
3200 2694 3421 2767 εὐλόγως
3474 2697 3744 2767 ὑμνήσεων
3799 2706 3997 2771 πρῶτοι
4050 2700 4188 2749 καθ-

2570 2787 2877 2852 ηγήσαντος
2911 2783 3065 2835 Ἀλλὰ
3112 2788 3431 2855 μετενεκτέον
3493 2786 3670 2837 λοιπον
3720 2789 3807 2838 τὸν
3863 2786 4014 2857 λόγον
4073 2784 4186 2857 ὁδῷ

2571 2867 2865 2943 βαδίζοντα
2891 2876 3017 2944 πρὸς
3043 2874 3108 2923 τὰ
3131 2872 3267 2934 ἑξῆς.

801 2966 932 3037 ejus
970 2965 1253 3021 carminis
1278 2964 1440 3037 quod
1472 2964 1534 3019 in
1553 2963 1797 3020 laudem
1820 2962 2065 3033 majoris
2104 2960 2271 3017 omni
2300 2959 2481 3014 laude
2512 2959 2610 3013 Dei
2642 2960 2873 3015 canitur
2901 2960 3201 3016 modulari
3224 2966 3482 3033 occupat
3536 2964 3833 3035 prooemia
3888 2964 3917 3018 ‘I
3946 2965 4035 3019 An
4058 2980 4185 3021 non

801 3055 917 3111 illis
957 3071 1066 3111 suo
1106 3056 1319 3111 merito
1345 3055 1508 3111 chori
1543 3053 1915 3125 principibus
1946 3051 2217 3121 angelici,
2250 3049 2363 3105 illis
2412 3047 2891 3120 praecellentibus
2962 3050 3059 3104 Dei
3126 3050 3427 3121 ministris,
3479 3052 3590 3107 illis
3649 3054 3983 3124 primarum
4043 3054 4187 3109 illu-

800 3147 1156 3200 strationum
1199 3144 1299 3198 Dei
1320 3142 1711 3215 participibus
1734 3142 1850 3197 hoc
1881 3140 2265 3197 tribuendum
2294 3143 2383 3193 est
2422 3142 2482 3191 ut
2512 3136 2572 3190 in
2607 3136 2707 3191 Dei
2738 3138 3128 3193 concinendis
3154 3138 3440 3194 laudibus
3480 3141 3729 3197 musicae
3773 3143 3936 3197 omni
3976 3143 4184 3199 mode-

797 3237 1004 3290 rentur
1032 3236 1060 3288 Υ
1087 3235 1303 3289 Verum
1344 3237 1545 3287 tamen
1574 3230 1939 3286 reducamus
1961 3230 2021 3284 in
2051 3229 2213 3285 viam
2252 3226 2609 3291 orationem,
2646 3232 2702 3280 et
2736 3234 2948 3299 sponte
2970 3227 3254 3299 deinceps
3309 3244 3419 3283 sua
3462 3235 3869 3301 perrecturam
3925 3231 4003 3287 ad
4051 3232 4187 3287 reli-

799 3338 925 3395 qua
946 3322 1342 3378 dimittamus.

870 3415 1060 3468 Homo
1090 3412 1269 3481 igitur
1301 3410 1401 3466 Dei
1431 3426 1617 3465 manu
1668 3409 1741 3465 ad
1810 3408 2069 3465 auctoris
2128 3406 2455 3477 imaginem
2490 3406 2529 3460 C

796 3500 1210 3557 conformatus
1250 3499 1312 3555 in
1330 3499 1613 3571 paradiso
1643 3498 1741 3553 Dei
1774 3497 2102 3553 collocatus
2154 3501 2264 3553 est.
2314 3496 2455 3551 Inde

793 3589 1133 3645 illiibidem
1163 3589 1413 3645 edicitur
1441 3603 1716 3661 quosque
1768 3586 1992 3641 fructus
2046 3585 2135 3641 fas
2199 3586 2275 3641 sit
2330 3601 2454 3641 car-

793 3692 954 3749 pere,
978 3693 1258 3751 quosque
1289 3676 1457 3732 nefas
1481 3680 1811 3731 attrectare.
1876 3676 2067 3739 Quam
2125 3680 2189 3729 ut
2233 3673 2328 3729 ille
2377 3673 2453 3728 le-

792 3781 931 3837 gem
968 3766 1186 3822 infelici
1208 3767 1404 3837 gustui
1436 3763 1806 3837 posthabuit,
1859 3764 2070 3819 eadem
2117 3763 2199 3819 illi
2253 3764 2451 3818 vinde—

788 3855 913 3912 mia
932 3872 1068 3928 qua:
1096 3854 1606 3928 praevaricationis
1664 3869 1848 3909 uvam
1907 3869 2240 3926 praecocem
2278 3853 2449 3909 obtu-

785 3944 952 4005 lerat,
986 3960 1233 4017 poenam
1258 3960 1503 4017 quoque
1524 3949 1881 4015 praesentem
1939 3943 2128 3998 exsilii
2176 3959 2247 3999 ex
2312 3943 2447 3999 loco

785 4034 1201 4091 amoenissima
1231 4032 1549 4089 tristissimi
1596 4032 1953 4104 propinavit.
2014 4032 2301 4105 Deinceps
2356 4032 2443 4088 illi

781 4123 1105 4194 paradisus
1118 4122 1432 4179 clauditur.
1449 4121 1721 4194 Appositi
1734 4121 2059 4177 clavisloco
2097 4122 2440 4191 Cherubim,

777 4229 890 4269 nec
919 4214 1201 4281 inermes,
1237 4213 1340 4269 sed
1373 4212 1587 4268 muniti
1614 4212 1813 4282 gladio
1850 4212 2110 4269 versatili
2155 4218 2211 4269 et
2267 4212 2436 4269 ﬂam-

778 4318 914 4358 meo
944 4319 1126 4375 quem
1166 4318 1289 4359 non
1321 4302 1505 4358 alium
1534 4300 1806 4356 fuisseab
1837 4302 2086 4373 eoquod
2108 4301 2432 4358 laudamus

774 4391 1054 4463 equidem
1081 4392 1436 4447 crediderim
1469 4408 1481 4445 :
1516 4390 1594 4446 ab
1625 4390 1758 4455 hoc,
1782 4391 2056 4462 inquam,
2096 4391 2431 4463 praecellen-

772 4480 1006 4537 tissimo
1034 4481 1563 4552 intelligentiarum
1590 4479 1720 4551 pari
1750 4480 2042 4535 virtutum
2101 4481 2429 4537 caelestium

769 4570 945 4642 quasi
975 4570 1214 4641 fastigio
1244 4576 1301 4626 et
1347 4568 1810 4641 complemento.
1851 4569 1953 4624 Cui
1987 4569 2066 4625 ob
2116 4570 2429 4626 scindendi

766 4660 1017 4731 quidem
1046 4661 1237 4717 aciem
1290 4665 1345 4716 et
1400 4659 1666 4715 hostium
1722 4659 2241 4716 conﬁciendorum
2304 4647 2463 4717 vim,

762 4750 1093 4821 romphaea
1119 4765 1344 4805 nomen
1369 4746 1667 4804 convenit.
1702 4751 1925 4803 Natura
1956 4764 2093 4804 vero
2125 4749 2293 4822 quod
2352 4750 2426 4806 sit

760 4838 940 4908 ignea
951 4844 1007 4894 et
1019 4840 1283 4895 materiae
1297 4836 1604 4893 deterioris
1629 4837 1946 4909 noxiisque
1959 4838 2423 4911 comsumptrice

759 4919 1066 4990 aptissime
1099 4920 1177 4975 illi
1222 4919 1577 4991 adjunctum
1640 4932 1884 4990 quoque
1936 4917 2198 4991 quadrat
2246 4919 2421 4976 ﬂam-

757 5014 929 5055 meae.
958 5002 1099 5068 Quae
1124 4999 1290 5073 quod
1317 4998 1533 5055 dicitur
1560 4998 1872 5064 versatilis,
1937 5014 2008 5054 eo
2060 5000 2258 5055 valere
2320 5018 2419 5057 su-

754 5087 953 5160 spicor
983 5094 1046 5146 ut
1075 5089 1153 5145 ad
1198 5104 1445 5144 omnem
1490 5086 1867 5157 cogitationis
1926 5094 2157 5144 motum
2207 5105 2415 5160 prom-

749 5177 1025 5248 ptissima
1055 5178 1572 5234 velocissimarum
1600 5178 1893 5233 mentium
1923 5178 2222 5243 alacritas,
2243 5202 2271 5230 »
2283 5184 2412 5237 tum

747 5265 828 5322 ad
857 5284 1285 5341 quemcunque
1314 5272 1530 5324 nutum
1564 5267 1796 5324 domini
1826 5267 2279 5339 expeditissima
2324 5270 2410 5327 fa-

742 5356 1007 5415 cilitaset
1071 5352 1309 5429 agilitas
1366 5358 1678 5415 celerrima
1734 5357 2097 5427 designetur.
2177 5360 2408 5425 Quibus

740 5448 1149 5505 commendati
1180 5449 1421 5505 dotibus
1452 5448 1809 5520 Archangeli
1840 5449 1900 5503 in
1931 5449 2192 5506 eundem
2248 5452 2405 5508 ordi-

736 5552 878 5594 nem
914 5554 1055 5595 cum
1080 5539 1401 5596 Cherubim
1432 5540 1511 5597 ad
1540 5543 1729 5613 portae
1753 5538 2022 5612 paradisi
2064 5540 2401 5601 custodiam

733 5627 978 5702 ascripti
1004 5632 1165 5701 sunt,
1195 5645 1321 5703 quo
1378 5644 1503 5687 non
1549 5633 1788 5686 tantum
1845 5633 2084 5686 strenue
2156 5633 2399 5705 perfun-

2639 3404 2943 3480 Ἀνθρωπος
2974 3412 3145 3459 τοίνυν
3175 3412 3321 3482 χειρὶ
3352 3416 3486 3463 Θεοῦ
3548 3414 3637 3463 καὶ
3678 3411 3837 3463 εἰκόνι
3888 3414 4186 3487 μορφωθεὶς

2567 3493 2616 3546 ἓν
2674 3492 2982 3567 παραδείσῳ
3025 3500 3250 3549 τέθειται
3322 3506 3476 3554 Θεοῦ.
3544 3499 3764 3553 Ἐκεῖθεν
3809 3501 3950 3573 αύτῷ
3996 3501 4222 3574 λοιπὸν,

2565 3585 2595 3641 ἡ
2657 3583 2829 3642 ἐντολὴ
2892 3584 2957 3637 ὧν
3008 3606 3063 3638 τε
3112 3596 3324 3661 καρπῶν
3389 3589 3740 3660 μεταληπτέον
3819 3596 3909 3643 καὶ
3988 3589 4048 3643 οὗ
4098 3597 4178 3664 μὴ

2564 3678 2910 3747 προσαπτέον.
2959 3676 3100 3728 Ἐπεὶ
3160 3672 3219 3728 δὲ
3271 3678 3466 3735 ταύτην
3522 3674 3718 3741 ἡδονῆς
3780 3679 4027 3751 ὴμοίϐετο
4077 3701 4183 3733 πι-

2563 3768 2711 3832 κρᾶς,
2754 3766 2952 3835 καρπὸν
2982 3762 3327 3836 παραϐάσεως
3366 3773 3458 3817 τοῦ
3500 3763 3832 3840 παραδείσου
3885 3773 3979 3826 τὴν
4038 3772 4181 3844 ἓκρι·

2558 3848 2650 3919 φιν
2700 3850 2909 3924 ἐτρύσγα.
2970 3852 3204 3905 κλείεται
3255 3850 3315 3905 δὲ
3365 3854 3591 3907 λοιπόνὸ
3622 3853 3947 3929 παράδεισος
4006 3858 4178 3929 αύτῷ.

2562 3938 2708 3999 κλεὶς
2740 3936 2888 3992 δὲτὰ
2926 3941 3193 4015 Χερουϐὶμ
3236 3942 3395 4015 ἐτάγη
3454 3944 3513 3996 οὐ
3566 3950 3719 4016 μόνα,
3775 3944 3903 3998 ἀλλὰ
3955 3952 4048 3999 σὺν
4104 3958 4175 4008 τῆ

2558 4034 2894 4102 στρεφομένη,
2953 4032 3014 4089 ἣν
3097 4032 3190 4083 ούκ
3252 4032 3409 4091 ἄλλην
3477 4030 3625 4106 οἶμαί
3679 4054 3797 4088 τινα
3856 4043 4176 4113 κυριώτερον

2552 4120 2783 4170 νοεῖσθαι
2814 4120 2843 4177 ἢ
2903 4124 2995 4177 τὴν
3043 4128 3131 4172 νῦν
3216 4122 3555 4194 ὑποκειμένην
3637 4124 3703 4184 εἰς
3783 4127 4009 4192 ἔπαινον,
4064 4136 4175 4180 τῶν

2548 4206 2798 4279 οὐρανίων
2854 4205 3122 4282 δυνάμεων
3155 4215 3249 4269 τὴν
3303 4209 3584 4285 κορωνίδα,
3635 4218 3730 4271 τὴν
3783 4215 4175 4288 ὑπερφιρεστά-

2546 4314 2640 4353 την
2672 4305 2771 4348 τῶν
2802 4303 2928 4350 νὸων
2960 4296 3245 4373 ξυνωρίδα.
3298 4299 3555 4373 Ῥομφαία
3605 4306 3696 4374 μὲν
3762 4303 3851 4355 οὖν
3907 4307 3974 4366 ὡς
4030 4324 4171 4377 τμη-

2545 4393 2663 4445 τικὴ
2717 4388 2922 4460 λέγεται
2980 4396 3071 4443 καὶ
3118 4400 3218 4443 τῶν
3271 4390 3508 4444 ἐναντίων
3555 4390 3884 4468 διαιρετικὴ·
3942 4395 4166 4468 φλογίνη

2546 4471 2606 4528 δε
2644 4479 2713 4538 ὡς
2739 4483 2928 4550 πυρίνη
2962 4482 3056 4536 τὴν
3088 4482 3243 4551 φύσιν
3289 4484 3377 4532 καὶ
3432 4489 3524 4541 τῆς
3574 4486 3815 4554 χείρονος
3878 4482 4004 4544 ὑλης
4065 4490 4168 4539 καὶ

2541 4566 2823 4639 μοχθηρᾶς
2876 4565 3246 4628 ἐξαναλωτική·
3322 4574 3637 4644 στρεφομένη
3708 4567 3769 4624 δε
3844 4576 4031 4645 τυχόν,
4090 4576 4167 4635 ὡς

2538 4660 2799 4725 ταχίστη,
2861 4662 2950 4708 καὶ
3016 4656 3130 4709 λίαν
3206 4662 3301 4715 τὴν
3366 4662 3543 4730 νοερὰν
3597 4664 3806 4717 κίνησιν
3873 4663 4163 4736 εύστροφος

2537 4747 2669 4817 πρὸς
2714 4748 2809 4802 τὴν
2889 4752 2980 4798 τοῦ
3043 4752 3365 4799 Δεσποτικοῦ
3434 4750 3683 4820 νεύματος
3718 4754 4026 4823 περαίωσιν,
4081 4751 4158 4807 Ἦ

2534 4839 2645 4893 τοῖς
2712 4833 2977 4908 Χερουϐιμ
3024 4833 3237 4897 ἐκείνοις
3296 4838 3568 4909 ὁμοταγῶς
3629 4838 3841 4891 ἑστῶσα
3900 4844 3996 4899 τὴν
4050 4850 4157 4895 τοῦ

2532 4918 2862 4996 παραδείσου
2891 4925 3049 4997 θύραν
3076 4927 3330 4998 ἐπιτηρεῖ,
3364 4926 3441 4987 οἷς
3469 4928 3560 4999 μεν
3592 4931 3687 4986 τὴν
3734 4924 3940 4981 εἴσοδον
4006 4929 4156 4984 ὑπο-

2528 5020 2807 5087 χωροῦσα,
2839 5013 2869 5072 ἣ
2904 5010 3252 5082 ὁδοποιοῡσα,
3311 5013 3389 5078 οἷς
3440 5013 3651 5076 δηλαδὴ
3711 5014 3944 5080 θεοειδὴς
3972 5021 4151 5091 ὀτρὸ-

2527 5119 2619 5161 πος
2656 5098 2870 5162 κηλίδος
2892 5122 2945 5155 τε
2974 5106 3151 5165 πάσης
3180 5109 3270 5156 καὶ
3314 5104 3493 5179 ῥύπων
3541 5110 3600 5158 τὸ
3654 5104 3821 5181 βάθος
3873 5117 4149 5183 σαρκικῶν

2523 5190 2903 5264 καθηραμένος·
2973 5193 3048 5253 οἷς
3124 5189 3183 5246 δὲ
3226 5193 3379 5246 πάλιν
3456 5198 3695 5269 φραγμὸς
3775 5192 4051 5260 ἁδιέξοδος
4106 5202 4177 5265 ﬁ,

2520 5280 2768 5354 μάχαιρα
2797 5276 3050 5353 δίστομος
3080 5282 3511 5355 προσαπωτῶσα
3539 5282 3620 5347 οἶς
3670 5284 3765 5337 οὐκ
3826 5284 3936 5347 ἐξὸν
4001 5288 4145 5343 εἶναι

2517 5376 2615 5420 τῶν
2656 5367 2943 5439 ἀψαύστων
2971 5369 3287 5442 ἐπιψαῦσαι.
3321 5371 3463 5426 Ἐπεὶ
3495 5369 3555 5426 δε
3594 5375 3723 5446 μετὰ
3765 5381 3935 5427 ταῦτα
3980 5382 4144 5433 πᾶσα

2514 5460 2605 5529 μεν
2662 5458 2795 5534 σὰρξ
2851 5464 2944 5517 τὴν
2993 5456 3116 5513 ὁδὸν
3175 5461 3337 5524 αὐτῆς
3382 5461 3432 5515 ἐν
3487 5468 3754 5538 προσώπῳ
3808 5471 3941 5518 Θεοῦ
4000 5486 4142 5521 κατ-

2513 5546 2735 5623 έφθειρεν
2773 5548 2858 5602 ἐπὶ
2888 5558 2982 5613 τῆς
3010 5558 3133 5623 γῆς,
3160 5557 3308 5606 πᾶσα
3334 5549 3394 5606 δὲ
3436 5549 3647 5607 διάνοια
3698 5549 3895 5627 κομιδῆ
3957 5575 4138 5629 προσ-

2509 5636 2760 5701 ἒκειτοτῆ
2812 5644 3055 5717 πονηρίᾳ,
3095 5643 3156 5695 ού
3206 5638 3414 5698 δίκαιον
3471 5640 3646 5709 ἔδοξεν
3706 5646 3787 5698 ἔτι
3830 5647 4137 5721 ramea.
