4444 6452
241 405 382 463 1229

1202 396 1472 465 ΝῘΟΕΤΕ
1500 405 1851 464 LAUDATIO
1891 404 1991 463 SS.
2012 405 2380 463 MICHAELIS
2407 410 2492 463 ET
2522 409 2920 465 GABRIELIS.

3470 415 3605 470 l230

244 536 371 585 Θεοῦ
397 534 560 602 μένειν
591 528 640 581 ἂν
664 529 867 592 αύτοίς.
915 529 1066 582 Ὀθεν
1118 535 1211 588 τὴν
1263 531 1385 589 ὅλην
1440 529 1638 603 ἀθροως
1681 550 1844 582 κατα·
1875 535 1920 584 Α
1954 542 1999 596 81

1875 535 1920 584 Α
1954 539 2175 596 guntur
2196 545 2463 596 munere,
2513 531 2616 586 sed
2666 532 2844 586 etiam
2903 530 3217 602 sapienter.
3273 534 3419 588 Sunt
3444 536 3600 590 enim

239 619 399 670 λῦσαι
436 627 557 688 γῆν,
590 625 678 670 καὶ
708 624 809 670 πᾶν
837 615 895 670 δὲ
917 623 974 670 τὸ
1005 622 1196 680 ταύτης
1229 619 1508 690 ἀνάστημα
1565 628 1654 670 τοῦ
1711 626 1844 671 Θεοῦ

245 706 559 779 βουλομένου
590 706 1058 779 καταστρέψασθαι
1088 706 1134 758 ἐν
1174 714 1316 780 χειρί
1377 727 1505 779 φασι
1558 717 1658 759 τῶν
1711 707 1848 776 ύψη·

240 796 340 846 λῶν
369 799 561 848 τούτων
595 793 884 867 δυνάμεων,
947 800 1068 856 τούς
1123 816 1177 848 τε
1235 806 1334 848 τῶν
1392 797 1621 870 οὐρανῶν
1687 815 1845 847 κατα-

241 887 434 955 ράκτας
490 886 680 936 ἀνωθεν
740 884 1153 958 καταρραγῆναι,
1228 889 1318 944 τάς
1389 905 1441 936 τε
1522 889 1692 956 πηγὰς
1744 892 1845 936 τῶν

242 971 489 1024 ἀϐύσσων
518 975 744 1024 κάτωθεν
793 973 1170 1046 ἀναρραγῆναι.
1229 972 1322 1034 Οἷς
1378 974 1588 1034 ἀπάσης
1653 977 1847 1047 σαρκὸς

241 1066 668 1131 καταπνεγείσης,
700 1068 850 1132 μόνον
892 1067 979 1113 τὸν
1054 1059 1261 1114 δίκαιον
1305 1071 1417 1123 ταῖς
1466 1066 1660 1114 τούτων
1722 1081 1846 1135 προ-

240 1155 406 1210 νοίαις
464 1149 512 1201 ἓν
584 1149 789 1220 κιϐωτῷ
851 1150 1026 1212 ξυλίνη
1094 1156 1401 1222 πανοικεσίᾳ
1460 1149 1842 1210 διασώζεσθαι.

244 1239 502 1291 Ἐντεῦθεν
567 1241 801 1291 κάτεισιν
877 1243 967 1310 μὲν
1022 1240 1294 1313 οὐρανόθεν
1326 1242 1350 1291 ὁ
1385 1244 1574 1310 Κύριος
1609 1239 1692 1291 ἐπὶ
1753 1244 1845 1296 τὴν

242 1335 362 1396 γῆν.
394 1326 548 1378 Ἀλλὰ
567 1331 643 1386 τίς
681 1329 711 1384 ἠ
763 1323 992 1388 κάθοδος
1038 1335 1129 1378 τοῦ
1182 1332 1269 1379 τὸν
1327 1329 1540 1399 οὐρανὸν
1591 1329 1707 1379 κατ’
1765 1329 1848 1379 ού-

246 1419 364 1466 σίαν
395 1420 483 1466 καὶ
522 1420 616 1472 τὴν
666 1423 765 1485 γῆν
817 1415 1215 1486 πεπληρωκότος
1247 1433 1260 1480 ;
1287 1416 1352 1468 Ὀ
1395 1418 1541 1487 τάχα
1599 1420 1692 1473 τὴν
1736 1415 1846 1467 ἐπι-

245 1512 376 1574 φανῆ
419 1511 520 1554 τῶν
541 1503 624 1556 ἐπὶ
649 1511 748 1574 γῆς
793 1507 952 1577 ἔργων
1001 1505 1161 1556 αὐτοῦ
1209 1510 1547 1576 καινοτομίαν
1596 1512 1730 1557 Θεοῦ
1783 1513 1844 1562 τῆ

243 1598 418 1664 Γραφῇ
468 1591 759 1644 κατάϐασιν
819 1593 1063 1665 εἰρῆσθαι
1097 1610 1111 1657 ;
1147 1596 1364 1646 Κάτεισι
1419 1598 1590 1645 τοίνυν
1637 1601 1706 1649 πῆ
1758 1595 1848 1663 μεν

1953 617 2176 689 quibus
2207 618 2436 674 aditum
2469 621 2828 691 permittant,
2858 625 2913 674 et
2954 620 3112 674 viam
3168 620 3408 676 faciant.
3445 626 3603 689 Quo-

1952 721 2087 760 rum
2115 707 2605 764 videlicetdivina
2633 708 2918 780 quaedam
2951 714 3110 764 secta
3135 715 3221 764 est
3251 717 3306 765 et
3346 712 3602 768 caelestis

1954 793 2240 849 institutio
2278 796 2611 852 innocentis
2677 797 2830 862 vitae,
2890 796 3027 852 labe
3089 805 3402 869 segregata
3441 802 3605 857 omni

1954 884 2186 955 illisque
2253 884 2406 940 adeo
2473 886 2619 956 ipsis
2686 892 3050 957 perpurgata
3114 888 3392 943 sordibus
3457 906 3605 962 qua-

1954 988 2088 1028 rum
2115 987 2245 1026 esse
2268 974 2437 1040 solet,
2503 974 2560 1028 in
2629 974 2960 1029 humilitate
3023 975 3333 1030 tardorum
3396 993 3606 1049 corpo-

1954 1077 2088 1116 rum
2147 1067 2437 1132 tanquam
2498 1063 2556 1116 in
2618 1063 2852 1118 sentina
2907 1063 3074 1117 locus
3135 1065 3431 1134 proprius.
3492 1066 3606 1120 Illis

1954 1165 2096 1205 vero
2135 1165 2341 1204 rursus
2380 1150 2605 1206 vallum
2672 1151 3075 1223 insuperabile
3143 1168 3379 1208 moram
3405 1154 3614 1224 objicit

1955 1239 2396 1304 necessariam;
2443 1241 2536 1294 vel
2577 1240 2622 1294 si
2691 1246 2898 1296 contra
2955 1241 3243 1312 pergendi
3305 1243 3610 1298 obstinent

1956 1327 2294 1396 audaciam,
2337 1343 2560 1399 anceps
2602 1343 2923 1384 occurrens
2963 1329 3198 1396 gladius
3271 1331 3607 1402 periculum

1957 1416 2206 1470 intentat
2233 1432 2782 1488 prtesens,quorum
2806 1418 3113 1488 cupiditati
3137 1419 3212 1472 ad
3235 1421 3608 1490 carpendum

1956 1503 2184 1571 lignum
2212 1507 2460 1560 vetitum
2501 1511 2722 1561 temere
2753 1505 3039 1577 praecipiti
3075 1507 3234 1576 juste
3275 1507 3471 1563 aditus
3513 1524 3610 1564 ne-

1957 1599 2147 1662 gatur,
2185 1595 2253 1648 Ut
2290 1599 2488 1649 autem
2521 1595 2718 1649 omnis
2757 1594 2974 1650 deinde
3004 1611 3144 1650 caro
3183 1595 3244 1650 in
3285 1603 3612 1669 conspectu

239 1687 344 1740 τοὶζ
399 1680 465 1739 εἰς
531 1679 748 1754 ούρανὸν
799 1685 894 1738 τήν
949 1679 1200 1733 ἀνάϐασιν
1262 1681 1626 1752 οἰκοκομοῦσιν
1665 1679 1849 1750 ἀλογί-
1881 1669 1925 1721 Β
1961 1685 1994 1736 Ι]

1881 1669 1925 1721 Β
1961 1682 2058 1736 Dei
2089 1683 2250 1736 viam
2274 1699 2448 1737 suam
2489 1684 2752 1755 corrupit
2790 1700 2970 1755 super
3014 1689 3249 1753 terram,
3293 1687 3610 1757 omnisque

239 1789 372 1829 στως
425 1774 520 1826 τὴν
567 1770 812 1840 γλῶσσαν
879 1774 1370 1842 καταμεριούμενος,
1423 1779 1493 1829 πῆ
1548 1767 1607 1822 δε
1651 1770 1846 1832 ξενιζό-

234 1877 383 1929 μενος
477 1857 921 1932 ἁνθρωποπρεπῶς
1017 1862 1159 1932 παρὰ
1233 1868 1304 1929 τῷ
1383 1858 1623 1931 Ἀϐραάμ
1652 1874 1663 1884 ·
1739 1855 1850 1910 εἶτα

235 1953 364 2020 πυρί
393 1951 482 1998 καὶ
525 1948 642 2018 θείῳ
688 1951 806 2007 τούς
859 1946 1132 2019 ἀθεμίτους
1189 1947 1435 2008 ἀπολλύς.
1492 1949 1846 2020 Συγκατίρχε³

234 2056 323 2088 ται
351 2038 518 2107 τούτῳ
544 2036 766 2106 Μιχαὴλ
799 2042 888 2088 καὶ
947 2035 1194 2110 Γαϐριὴλ,
1246 2036 1305 2088 ού
1351 2044 1444 2096 τῆς
1500 2035 1848 2107 Ἀϐραμιαίας

235 2129 388 2198 μόνον
480 2129 568 2176 καὶ⁵
631 2124 776 2186 ξένης
859 2125 1025 2187 ξενίας
1105 2125 1296 2185 ἕκείνης
1359 2133 1720 2186 κοινωνοῦντες
1775 2132 1848 2193 τῷ

237 2219 497 2285 Δεσπότη,
557 2213 686 2265 ἀλλὰ
771 2220 860 2265 καὶ
915 2220 1072 2266 παντὶ
1129 2217 1247 2285 θείῳ
1307 2214 1620 2285 κελεύσματι
1674 2216 1848 2286 θεαρί-

239 2323 379 2363 στως
441 2305 837 2376 ὑπουργοῦντες.
908 2305 1284 2375 Διαμερίζουσι
1521 2305 1641 2359 ἔθνη
1713 2303 1849 2354 κατά

239 2392 488 2463 γλώσσας
516 2411 571 2444 τε
599 2397 689 2444 καὶ
719 2391 901 2464 φυλάς
934 2391 1174 2453 ἑκάστοις
1234 2388 1293 2445 δὲ
1341 2395 1533 2444 τούτων
1603 2390 1848 2462 ἀγγέλους

244 2482 456 2556 ἐφόρους
512 2481 868 2552 ἐφιστάνουσι,
957 2487 1046 2534 καὶ
1099 2478 1412 2553 κηδεμόνας.
1464 2487 1563 2534 Καὶ
1610 2483 1850 2554 ῥυόμενοι

244 2576 335 2644 μὲν
372 2579 760 2643 περιποιοῦνται
838 2577 927 2623 καὶ
978 2572 1238 2632 σώζουσιν
1310 2571 1396 2632 ούς
1467 2567 1776 2622 ἐδικαίωσα
1825 2571 1850 2620 ὀ

246 2665 394 2731 Θεὸς,
425 2664 848 2732 καταστρέφουσι
894 2656 953 2712 δε
1001 2665 1091 2712 καὶ
1137 2668 1480 2712 κατασπῶσιν
1511 2658 1598 2720 οῦς
1648 2654 1853 2720 ἔνδικος

243 2748 492 2820 Ὑψίστου
600 2749 771 2820 ψῆφος
857 2745 1078 2801 ίκδίωσι
1161 2748 1514 2822 πανωλεθρίῳ.
1613 2746 1852 2820 Ἀϐραὰμ

242 2839 471 2892 ἐντεῦθεν
510 2841 767 2909 ἡγίασται
798 2842 926 2908 Θεῷ,
969 2834 1041 2890 δι’
1072 2837 1126 2889 ὃν
1172 2845 1262 2890 καὶ
1307 2840 1332 2890 ό
1361 2840 1565 2909 ἔκγονος
1622 2836 1854 2889 ἐπαινεί-

241 2949 328 2981 ται
349 2927 581 3000 Ἰσραήλ.

1955 1771 2236 1842 cogitatio
2259 1771 2334 1826 ad
2371 1771 2595 1827 malum
2636 1771 2858 1842 impetu
2891 1773 3120 1836 ruebat,
3144 1789 3266 1828 non
3307 1779 3395 1829 est
3414 1775 3610 1830 visum

1955 1863 2425 1913 consentaneum
2459 1864 2688 1914 tantam
2721 1859 2870 1914 inter
2909 1859 3310 1931 corruptelam
3357 1861 3456 1917 Dei
3489 1863 3612 1933 Spi-

1954 1946 2134 2002 ritum
2166 1947 2225 2002 in
2258 1947 2501 2002 homine
2546 1963 2919 2018 permanere.
2974 1948 3138 2003 Unde
3187 1966 3326 2004 cum
3356 1949 3454 2005 illa
3497 1954 3611 2006 Deo

1955 2036 2186 2091 sederet
2243 2036 2554 2101 sententia,
2616 2042 2836 2091 terram
2891 2036 3214 2092 delendam
3271 2039 3610 2095 universam

1953 2131 2183 2196 quanta
2208 2129 2294 2179 est
2314 2129 2372 2180 et
2399 2139 2644 2180 omnem
2676 2125 2807 2194 ejus
2840 2125 3188 2196 superbiam
3210 2125 3608 2193 obruendam,

1955 2212 2307 2268 sublimium
2338 2213 2550 2268 harum
2580 2214 2862 2268 virtutum
2900 2219 3146 2285 putatur
3175 2231 3322 2270 usus
3346 2216 3613 2271 ministe-

1954 2303 2041 2357 rio
2068 2302 2146 2357 ad
2167 2306 2500 2357 cataractas
2525 2301 2814 2357 caelorum
2855 2302 3314 2373 perfringendos
3356 2304 3614 2376 desuper

1955 2395 2012 2445 et
2051 2390 2126 2445 ad
2168 2390 2373 2462 abyssi
2408 2390 2600 2446 fontes
2641 2389 2793 2446 infra
2831 2391 3223 2462 rumpendas.
3268 2394 3348 2447 Ex
3387 2393 3612 2464 quibus

1955 2495 2254 2552 aquarum
2293 2479 2668 2534 redundante
2723 2481 2898 2550 copia
2953 2496 3091 2535 cum
3132 2483 3426 2537 exstincta
3481 2499 3614 2538 esse

1958 2569 2155 2624 omnis
2185 2584 2345 2636 caro,
2394 2583 2550 2623 unus
2585 2569 2782 2638 justus
2820 2585 2958 2624 cum
2999 2569 3223 2625 familia
3258 2571 3614 2626 eorumdem

1957 2658 2338 2730 providentia
2377 2661 2648 2712 servatus
2688 2657 2869 2712 fuisse
2909 2658 3120 2713 merito
3159 2659 3443 2716 creditur.
3474 2659 3614 2714 lnde

1960 2746 2035 2801 de
2061 2747 2214 2802 caelo
2265 2747 2550 2801 Dominus
2606 2745 2915 2801 descendit
2962 2748 3024 2802 in
3067 2752 3308 2802 terram.
3353 2749 3495 2813 Quis
3518 2749 3615 2804 hic

1960 2835 2288 2890 descensus
2317 2840 2520 2890 autem
2541 2834 2690 2905 ejus,
2710 2835 2883 2905 cujus
2917 2838 3232 2906 praesentia
3259 2837 3479 2892 coalum
3501 2837 3613 2893 im-

1959 2925 2080 2997 plet
2108 2931 2166 2980 et
2190 2931 2407 2980 terram
2446 2925 2474 2979 ?
2502 2914 2592 2979 An
2645 2941 2944 2980 novorum
3000 2925 3149 2982 forte
3187 2942 3442 2998 operum
3473 2943 3616 2983 mox

239 3026 611 3100 edendorum
655 3041 836 3099 super
877 3030 1094 3082 terram
1162 3025 1452 3082 mirabilis
1491 3023 1720 3081 eﬂectio
1755 3024 1868 3080 hoc
1909 3039 1946 3079 a
1985 3025 2289 3095 Scriptura
2343 3022 2587 3078 nomine
2621 3022 2970 3092 designatur
3012 3021 3040 3077 ?
3089 3025 3403 3080 Descendit
3437 3025 3617 3092 igitur

241 3131 404 3171 nunc
424 3115 740 3170 hominum
781 3117 1228 3187 conspiratione
1268 3116 1583 3170 temeraria
1622 3115 1699 3169 ad
1753 3112 2290 3169 conscendendum
2359 3111 2577 3167 ccelum
2639 3112 2915 3168 insanam
2973 3114 3183 3169 turrim
3240 3114 3616 3170 molientium

240 3204 512 3274 linguam
572 3203 876 3260 divisurus
911 3223 922 3259 :
956 3221 1118 3260 nunc
1158 3203 1579 3276 hospitalitatis
1632 3203 1886 3258 Abrahae
1937 3207 2221 3273 capturus
2277 3202 2792 3273 experimentum:
2862 3207 2987 3257 tum
3049 3203 3174 3273 igni
3213 3208 3269 3258 et
3332 3203 3619 3275 sulphure

241 3294 500 3348 incestos
532 3299 1019 3364 consumpturus.
1067 3296 1217 3348 Eunt
1242 3292 1322 3347 illi
1372 3292 1620 3347 comites
1661 3290 1899 3347 Michael
1944 3297 2002 3347 et
2044 3290 2298 3346 Gabriel.
2346 3294 2472 3346 Non
2506 3296 2570 3346 ut
2614 3290 2946 3346 Abramaeaa
2995 3292 3413 3364 hospitalitatis
3462 3293 3619 3348 illius

241 3382 537 3438 inusitatae
561 3388 740 3454 atque
785 3382 863 3438 ab
911 3383 1230 3438 hominum
1278 3387 1405 3437 tum
1465 3381 1733 3436 moribus
1775 3381 2208 3452 peregrinantis
2260 3379 2520 3435 fructum
2589 3379 2767 3435 simul
2807 3397 2945 3435 cum
3001 3381 3248 3437 domino
3305 3383 3617 3454 praesentis

244 3472 448 3542 gaudii
470 3472 864 3543 perciperent,
897 3471 999 3526 sed
1030 3477 1093 3526 ut
1127 3471 1203 3526 ad
1251 3487 1432 3526 omne
1460 3472 1701 3540 signum
1745 3469 1959 3525 divinae
1998 3469 2320 3525 voluntatis
2378 3485 2682 3525 summam
2740 3470 2964 3542 ubique
3009 3471 3087 3526 ad
3127 3472 3388 3543 quodvis
3433 3472 3618 3527 obse-

243 3562 455 3634 quium
491 3576 682 3633 opera
707 3560 1377 3629 navandadiligentiam
1416 3563 1930 3632 repraesentarent.
1983 3562 2193 3616 Gentes
2235 3558 2411 3627 igitur
2449 3559 2507 3612 in
2556 3559 2792 3628 linguas
2838 3565 2896 3614 et
2941 3560 3130 3615 tribus
3164 3561 3246 3615 illi
3295 3561 3615 3628 dividunt,

242 3659 370 3707 tum
405 3652 634 3707 eisdem
666 3651 916 3720 singulis
948 3656 1248 3706 curatores
1313 3651 1618 3722 quosdam
1662 3650 1910 3719 angelos
1957 3653 2014 3704 et
2061 3647 2345 3719 praesides
2401 3648 2735 3718 praeﬁciunt
2784 3648 2983 3704 iidem.
3045 3652 3176 3704 Jam
3221 3649 3301 3704 ad
3349 3666 3452 3705 eos
3502 3665 3618 3705 ser-

239 3741 478 3796 vandos
504 3756 660 3812 quos
691 3740 1044 3795 eximendos
1077 3756 1113 3794 a
1151 3741 1457 3794 communi
1500 3738 1670 3794 clade
1723 3743 1872 3794 Deus
1923 3737 2152 3792 censuit
2213 3752 2403 3807 quam
2453 3737 2643 3792 seduli
2701 3743 2840 3792 sunt
2869 3738 2896 3792 ?
2917 3753 3042 3810 qua
3061 3754 3163 3793 eos
3192 3740 3267 3806 vi,
3300 3755 3424 3811 qua
3450 3755 3617 3808 cura,

241 3846 428 3903 quam
482 3829 756 3885 beneﬁca
807 3835 1147 3900 protegunt,
1209 3829 1488 3900 eripiunt,
1542 3833 1733 3883 tutum
1767 3829 1825 3882 in
1870 3832 2174 3898 receptum
2225 3826 2486 3898 denique
2527 3826 2869 3898 perducunt
2921 3826 3013 3882 ?E
3057 3830 3354 3884 contrario
3385 3845 3526 3884 vero
3558 3834 3622 3884 ut

240 3925 501 3986 vastant,
528 3919 798 3973 obruunt
827 3925 1007 3990 atque
1029 3919 1196 3973 omni
1226 3920 1533 3973 atrocitate
1565 3918 1624 3972 in
1667 3932 1769 3972 eos
1815 3916 2102 3972 detonant
2153 3915 2376 3987 quibus
2426 3915 2539 3970 hoc
2595 3917 2870 3971 meritum
2895 3917 3142 3972 exitium
3166 3919 3365 3988 justus
3418 3933 3622 3990 supre-

240 4010 326 4064 mi
350 4008 570 4079 judicis
601 4006 869 4063 calculus
893 4007 1238 4062 decreverat
1263 4007 1291 4061 ?
1315 4006 1621 4062 Abraham
1663 4006 1878 4061 exinde
1919 4004 2324 4061 sanctiﬁcatus
2365 4006 2482 4060 Deo
2521 4011 2630 4074 est,
2661 4005 2741 4060 ob
2769 4021 2955 4078 quem
2976 4013 3034 4062 et
3082 4023 3272 4079 nepos
3331 4009 3461 4078 ejus
3484 4007 3620 4063 lau-

238 4098 418 4154 datur
450 4096 652 4154 Israel.

311 4186 490 4241 ’Ἄλλοι
520 4190 609 4258 μὲν
661 4186 748 4238 οὖν
828 4205 926 4238 των
991 4187 1135 4238 θεῖων
1190 4185 1420 4257 ἀγγέλων
1473 4185 1636 4238 ἄλλων
1694 4183 1848 4237 ἐθνῶν
1890 4190 1930 4244 C
2032 4187 2066 4254 1|

1890 4190 1930 4244 C
2032 4185 2212 4256 Igitur
2232 4183 2329 4240 alii
2360 4185 2607 4257 quidem
2639 4187 2826 4242 sancti
2855 4186 3321 4256 angelialiarum
3352 4188 3619 4258 gentium

239 4275 551 4342 προστατεῖν
579 4267 1088 4337 κατακεκληρωνται·
1142 4263 1284 4318 οὗτοι
1336 4265 1394 4318 δὲ
1453 4268 1706 4339 ἄρχοντες
1761 4271 1850 4318 καὶ

238 4362 604 4431 προασπὶσταὶ
655 4365 746 4408 τοῦ
823 4356 1040 4431 Ἰσραὴλ
1098 4359 1227 4431 πρὸς
1291 4363 1425 4409 Θεοῦ
1493 4352 1844 4427 διαττάχατο.

237 4447 392 4500 Ὀθεν
419 4454 492 4517 τῷ
515 4448 697 4500 ἰσαακ
744 4450 776 4504 η
820 4452 1064 4518 γέννησις
1120 4446 1451 4520 ξηοπρεπής·
1525 4446 1642 4498 κατ’
1692 4445 1848 4515 ἐπαγ-

238 4537 413 4608 γελίαν
484 4538 586 4609 γάρ
647 4537 746 4606 (3).
813 4538 1126 4608 Ξενοπρεπὴς
1198 4532 1256 4587 δι
1306 4537 1466 4588 θυσία
1506 4537 1639 4608 μετὰ
1686 4543 1852 4587 ταῦτα

239 4629 632 4698 προσαγόμενος
713 4633 849 4698 φωνῇ
924 4624 1144 4696 ἀγγέλου
1243 4630 1490 4699 πατρῴας
1575 4631 1852 4698 μαχαίρας

239 4714 615 4781 ἀπηλλάττετο,
701 4719 864 4776 τύπος
963 4717 1237 4788 ἱερωτέρας
1324 4714 1852 4787 παραλαμϐανόμενος

239 4808 562 4878 ἱερουργίας.
622 4811 736 4867 Πῶς
827 4801 880 4857 δ’
960 4803 1021 4856 ἂν
1074 4801 1260 4858 Ἰακὼϐ
1311 4813 1407 4865 τῆς
1462 4804 1852 4878 ούρανομηκους

235 4895 484 4966 κλίμακος
534 4894 749 4960 ἐκείνης,
818 4900 907 4947 καὶ
957 4902 1054 4946 τῶν
1139 4892 1381 4944 ἀνιόντων
1439 4900 1529 4946 καὶ
1569 4900 1851 4946 κατιόντων

235 4980 311 5036 δι’
343 4983 504 5044 αὐτῆς
526 4981 776 5055 ἀγγέλων,
837 4986 867 5041 ἦ
931 4990 1022 5035 τοῦ
1067 4981 1504 5056 ἐπεστηριγμένου
1551 4991 1684 5036 Θεοῦ
1743 4984 1853 5056 ἆγε·

224 5073 654 5144 γόνειθεωρός,ἦ
713 5081 813 5125 τῶν
860 5073 1074 5145 ὕστερον
1127 5071 1380 5143 ὀφθεισὼν
1443 5072 1583 5143 αὐτῷ
1652 5094 1849 5150 παρεμ-

229 5161 412 5226 ϐολῶν,
461 5163 488 5220 ἦ
542 5171 639 5224 τῆς
686 5165 818 5235 μετὰ
892 5170 984 5214 τοῦ
1035 5163 1382 5235 Θεανθρὼπου
1436 5162 1624 5234 πάλῆς,
1687 5164 1740 5227 ἐξ
1786 5167 1846 5218 οὗ

221 5251 650 5324 ἅατῆςἸσραὴλ
709 5255 870 5324 ἔτυχε
930 5254 1315 5324 προσηγορίας·
1367 5259 1472 5311 πῶς
1530 5251 1588 5303 ἂν
1648 5257 1843 5308 τούτων

1961 4274 2146 4329 sortiti
2177 4275 2590 4345 praefecturam
2621 4281 2780 4331 sunt.
2812 4277 2944 4331 Istis
2966 4282 3168 4333 autem
3201 4285 3368 4333 extra
3397 4283 3618 4333 sortem

1961 4364 2062 4418 Dei
2121 4364 2648 4420 commendatione
2691 4365 2897 4438 populi
2941 4365 3241 4422 lsraelitici
3279 4366 3526 4437 regendi
3566 4373 3623 4422 et

1958 4453 2311 4524 protegendi
2341 4453 2708 4510 demandata
2737 4461 2821 4510 est
2846 4457 3175 4526 provincia.
3220 4457 3389 4511 Unde
3427 4457 3621 4513 lsaaci

1959 4544 2263 4612 generatio
2284 4543 2594 4603 mirabilis.
2625 4550 2683 4599 et
2712 4545 3047 4616 inopinata,
3080 4562 3186 4617 per
3202 4547 3619 4617 repromissio-

1958 4647 2098 4688 nem
2130 4633 2290 4688 enim
2320 4639 2499 4688 natus
2519 4640 2627 4705 est,
2655 4649 2858 4691 eorum
2881 4636 3311 4693 administrata
3342 4653 3463 4693 esse
3480 4653 3619 4706 pru-

1959 4723 2164 4779 dentia
2192 4725 2469 4792 putanda
2500 4730 2603 4780 est.
2649 4725 2759 4790 Qui
2797 4725 3015 4781 deinde
3057 4730 3232 4782 Isaac
3271 4742 3410 4782 cum
3451 4727 3620 4783 altari

1960 4819 2119 4868 esset
2140 4812 2451 4883 inopinata
2484 4812 2722 4869 victima
2754 4814 3088 4885 impositus,
3109 4831 3255 4871 voce
3295 4816 3618 4887 prohiben-

1961 4903 2034 4958 tis
2076 4900 2273 4971 angeli
2316 4901 2547 4972 paterni
2601 4908 2688 4958 est
2727 4903 2910 4973 gladii
2947 4905 3212 4977 periculo
3255 4905 3615 4964 subtractus.

1961 4993 2104 5057 Quae
2134 4995 2303 5046 erant
2322 4990 2451 5062 jam
2483 4997 2608 5047 tum
2631 4993 2839 5049 omnia
2869 4994 2948 5049 ad
2999 4995 3311 5050 sanctioris
3343 4997 3617 5052 sacriﬁcii

1957 5080 2218 5150 ﬁguram
2240 5080 2574 5152 designata.
2605 5084 2922 5147 Quomodo
2939 5100 3080 5141 vero
3102 5085 3291 5141 Jacob
3325 5086 3614 5142 mirabilis

1953 5169 2110 5226 illius
2141 5169 2360 5226 calum
2391 5175 2562 5226 terra
2601 5173 3025 5230 committentis
3068 5175 3245 5230 scalae
3286 5176 3616 5231 ascenden-

1953 5259 2226 5331 tiumque
2255 5275 2362 5331 per
2413 5275 2546 5315 eam
2590 5261 2945 5332 angelorum
2977 5269 3080 5318 aut
3119 5263 3613 5320 descendentium

222 5338 416 5404 ἧείωτο
445 5349 537 5401 τῆς
572 5343 804 5416 θεωρίας,
873 5341 916 5394 ,ί
972 5345 1045 5412 μὴ
1101 5347 1212 5399 τοῖς
1266 5338 1675 5411 ἀρχαγγελικοῖς
1725 5348 1842 5397 τούο
1880 5347 1970 5420 Di

1880 5368 1920 5420 ο
1949 5347 2477 5421 incumbentisque
2505 5349 2586 5405 illi
2639 5351 2758 5419 Dei,
2805 5367 3012 5408 rursus
3066 5359 3398 5409 castrorum
3430 5371 3615 5426 appa-

222 5450 330 5491 τοις
408 5436 546 5491 νοοις
658 5433 1012 5489 “raucam.
1130 5431 1506 5504 φρουρούμενος
1558 5446 1570 5498 ;
1621 5430 1724 5506 Ὑφ’
1771 5434 1838 5486 ὧν

226 5518 397 5592 αἷομι,
429 5525 519 5572 καὶ
568 5521 764 5594 Ἰωσὴφ
804 5521 1018 5594 ὓστερον
1061 5519 1134 5581 εἰς
1163 5522 1429 5592 Αἴγυπτον
1479 5517 1835 5597 όδηγηθῆναι,

1949 5439 2231 5506 rentium,
2267 5443 2396 5494 tum
2417 5439 2590 5495 luctas
2616 5456 2755 5497 cum
2804 5442 3008 5498 divino
3058 5444 3184 5499 viro
3213 5461 3350 5516 quae
3383 5445 3613 5501 lsraelis

1950 5529 2031 5584 illi
2052 5527 2522 5601 appellationem
2562 5532 2828 5603 peperit:
2863 5548 2985 5605 quo
3018 5533 3272 5606 inquam
3300 5534 3395 5591 ille
3428 5535 3612 5592 modo

297 5663 383 5739 (3)
407 5662 622 5739 Aliqua
648 5665 746 5722 hic
768 5664 976 5724 deesse
1004 5664 1278 5722 videntur
1305 5664 1368 5721 in
1390 5666 1605 5725 Gracis
1633 5684 1770 5742 quae
1809 5687 1922 5730 nos
1957 5673 2159 5732 Latine
2195 5673 2608 5748 supplevimus
2646 5675 3054 5748 probabiliter.
