4444 6452
798 389 932 445 1231

2230 381 2465 438 ADDEN
2470 381 2560 438 DA
2571 421 2587 440 .

4016 397 4153 452 H32

796 515 884 569 tot
913 517 1070 567 esset
1124 508 1455 583 taliumque
1501 523 1702 565 rerum
1736 511 1857 564 tam
1904 506 2194 581 praeclara
2246 504 2443 579 specie
2471 503 2523 558 Α

2400 503 2640 561 ἱθΑκαὶ
2698 513 2791 568 τῆς
2862 507 3159 580 Αἰγυπτίων
3241 510 3419 585 ἀρχῆς
3476 511 3833 578 ἐπιλαϐέσθαι,
3885 520 3973 569 καὶ
4028 520 4155 593 πρὸς

797 600 1151 672 visioneque
1171 598 1472 668 dignatus,
1500 598 1615 654 nisi
1637 598 1853 654 harum
1893 594 2445 665 archangelicarum

798 688 1091 745 mentium
1131 687 1411 760 praesidio
1449 686 1671 759 ubique
1710 691 1768 742 et
1804 684 2232 755 gubernatione
2261 687 2451 739 utere-

799 783 916 835 tur.
940 778 1203 843 Quarum
1225 776 1404 832 etiam
1432 775 1650 831 deinde
1696 774 1875 831 credo
1926 772 2305 846 providentia
2334 772 2451 827 du-

802 871 965 922 ctum
989 866 1213 939 Joseph
1252 866 1313 921 in
1348 869 1673 937 [Egyptum
1721 864 1800 921 ad
1825 864 1954 935 ejus
2004 862 2265 934 denique
2296 859 2456 931 genti

803 956 1115 1012 emersisse
1136 955 1578 1028 principatum:
1631 970 1755 1027 quo
1794 957 1850 1010 et
1871 952 1950 1009 ad
1997 950 2454 1017 humanitatem,

805 1051 863 1102 et
882 1045 961 1102 ad
986 1044 1334 1115 religionem
1358 1060 1503 1099 usus
1545 1049 1672 1100 tum
1700 1049 1987 1115 cognatos
2035 1042 2112 1098 ad
2164 1057 2227 1097 se
2248 1056 2458 1097 omnes

807 1136 1047 1193 attraxit
1077 1151 1239 1203 suos,
1274 1139 1402 1190 tum
1432 1133 1660 1190 alienos
1708 1137 1888 1205 atque
1927 1136 2158 1188 exteros
2188 1131 2265 1187 ad
2300 1130 2459 1201 ejus-

808 1226 948 1284 dem
1011 1240 1215 1281 secum
1271 1223 1373 1280 Dei
1433 1223 1659 1279 cultum
1714 1221 2076 1294 provocavit.
2146 1223 2283 1277 Post
2332 1221 2462 1275 haec

808 1332 1020 1375 rursus
1064 1316 1215 1371 eruit
1267 1314 1556 1371 Dominus
1597 1329 1669 1369 ex
1714 1313 2134 1385 Egyptiorum
2180 1310 2463 1367 manibus

810 1408 1110 1471 Israelem,
1143 1403 1325 1460 modo
1350 1404 1479 1476 jam
1529 1403 1673 1458 satis
1723 1402 1938 1474 opinor
1984 1405 2128 1457 noto
2157 1399 2462 1457 omnibus.

813 1495 1105 1567 Disruptis
1133 1494 1292 1548 enim
1316 1493 1489 1565 aquis
1513 1491 1625 1548 illis
1662 1491 1976 1547 immensis
2031 1489 2279 1560 gurgitis
2306 1488 2465 1545 altis-

813 1583 949 1640 simi
970 1583 1138 1638 siccis
1159 1582 1452 1655 populum
1501 1580 1756 1653 pedibus
1807 1579 2144 1635 vastomari
2185 1577 2463 1635 traduxit.

814 1670 998 1743 Cujus
1044 1671 1231 1743 ipsius
1289 1668 1572 1725 ﬂuctibus
1624 1672 2083 1740 persequentem
2133 1666 2333 1723 obruit
2397 1679 2467 1721 ac

812 1760 1073 1833 perdidit
1108 1759 1470 1831 Egyptium.
1494 1758 1805 1814 Servatum
1856 1757 1995 1813 hinc
2035 1755 2330 1829 populum
2361 1752 2468 1809 ad-

814 1850 1003 1906 movit
1033 1864 1206 1906 sacro
1242 1848 1452 1903 monti.
1496 1846 1604 1902 Ubi
1669 1846 1885 1902 divinis
1936 1862 2074 1902 eum
2130 1845 2382 1901 vocibus
2415 1848 2471 1899 et

814 1938 1049 2010 legibus
1066 1936 1403 1994 coelestibus
1452 1935 1727 1993 erudivit.
1758 1940 1947 2007 Atque
1980 1935 2077 1991 hic
2105 1935 2166 1990 in
2207 1934 2464 2006 speciem

818 2029 931 2085 soli
959 2032 1190 2101 Moyses
1229 2032 1285 2083 et
1322 2032 1520 2082 Aaron
1562 2025 1927 2098 excipiendis
1967 2024 2067 2081 Dei
2096 2024 2296 2080 verbis
2335 2038 2471 2095 por-

816 2119 1112 2191 tentisque
1132 2116 1531 2190 procurandis
1562 2118 1679 2171 Deo
1701 2114 2045 2188 populoque
2072 2114 2468 2170 ministerium

817 2208 1143 2266 navabant.
1172 2210 1249 2263 Re
1281 2211 1483 2263 autem
1509 2221 1647 2262 vera
1694 2205 1936 2282 Michael
1973 2210 2030 2261 et
2083 2203 2314 2260 Gabriel
2340 2218 2469 2259 om-

819 2314 958 2353 nem
981 2296 1144 2353 illam
1184 2296 1262 2352 ad
1294 2311 1504 2351 sensus
1530 2294 1886 2351 admirantis
1915 2293 2124 2366 populi
2146 2291 2469 2348 miraculo-

818 2403 954 2444 rum
986 2401 1278 2459 pompam
1300 2390 1355 2441 et
1384 2382 1764 2440 oraculorum
1799 2384 2065 2439 sonitum
2091 2398 2164 2438 ex
2184 2382 2472 2451 dignitate

821 2475 1178 2547 legislatoris
1224 2475 1323 2530 Dei
1344 2474 1501 2530 clam
1532 2472 2061 2529 administrabant.
2103 2470 2475 2539 Quodigitur

818 2566 901 2623 illi
926 2568 1208 2638 praestare
1238 2562 1615 2629 videbantur,
1639 2561 1755 2618 hoc
1782 2578 1920 2619 vere
1950 2561 2043 2617 isti
2084 2560 2472 2633 praestabant.

820 2663 902 2711 Ac
940 2651 1461 2726 quemadmodum
1499 2651 1775 2707 omnium
1806 2655 2016 2707 auctor
2046 2650 2337 2724 sapientia
2366 2649 2474 2704 im-

822 2744 1102 2801 mediatis
1164 2742 1291 2799 istis
1333 2742 1424 2797 sui
1463 2740 1691 2797 consilii
1732 2740 2098 2797 administris
2147 2739 2471 2796 utebatur:

822 2834 906 2889 sic
936 2833 1032 2888 isti
1054 2832 1220 2887 Mose
1241 2836 1297 2887 et
1319 2836 1549 2887 Aarone
1577 2829 1752 2902 quasi
1782 2830 2186 2885 secundarum
2212 2828 2475 2901 partium

821 2923 1099 2980 ﬁdelibus
1127 2921 1496 2995 quibusdam
1537 2920 1822 2975 ministris
1856 2919 1947 2974 usi
1986 2920 2344 2989 magniﬁcas
2370 2933 2478 2991 per

822 3013 986 3086 ipsos
1010 3012 1142 3069 illas
1173 3015 1230 3068 et
1258 3010 1476 3067 divinae
1496 3010 1723 3066 indices
1753 3009 2030 3082 potentia:
2062 3009 2477 3082 prodigiorum

825 3102 1191 3160 mirabilium
1245 3101 1535 3158 editiones
1609 3104 2002 3156 ostentarunt.
2082 3103 2282 3171 Neque
2325 3099 2476 3154 idin

2554 593 2732 647 ἑαυτόν
2789 599 2879 667 μὲν
2918 597 3028 650 ὃλον
3082 599 3409 653 ἐπισπᾶσθαι
3464 606 3522 655 τό
3582 608 3845 675 συγγενὲς,
3894 608 4025 680 πρός
4062 615 4157 664 τῆν

2557 683 2672 734 κατ’
2703 683 2858 736 αὐτόν
2894 681 2953 738 δε
3012 687 3301 740 θεοσέϐειαν
3349 695 3437 742 καὶ
3493 694 3612 753 τούς
3668 692 3964 767 ἀλλοτρίους
4011 693 4162 766 ἐγκα-

2560 770 2785 830 λεῖσθαι.
2815 777 2960 827 Μετὰ
2997 784 3163 829 ταῦτα
3206 778 3358 830 πάλιν
3416 778 3628 842 ἐξείλετο
3684 784 3873 855 Κύριος
3925 792 4015 844 τῆς
4070 783 4168 836 Αἰ·-

2562 872 2857 932 γυπτιακῆς
2885 869 3174 940 χειρόςτόν
3207 867 3438 940 Ἰσραήλ,
3498 875 3637 921 Ιιᾶσι
3712 866 3771 922 δὲ
3835 867 3990 933 δῆλος
4044 876 4171 933 ἴσως

2566 952 2591 1002 ό
2636 959 2727 1011 τῆς
2770 949 2952 1016 ἐξόδου
3034 960 3243 1027 τρόπος.
3288 954 3462 1029 ’Ύδωρ
3521 961 3622 1033 γαρ
3684 957 3921 1013 ἀϐύσσου
3988 965 4173 1036 μύριον

2569 1037 2862 1115 ἀναρρήξας
2890 1045 2976 1095 τόν
3006 1046 3097 1115 μὲν
3137 1044 3389 1117 ἀϐρόχοις
3416 1043 3644 1118 διήγαγε
3694 1052 3869 1101 ποσίν
3923 1048 3972 1102 ἐν
4030 1050 4172 1120 αύτῷ

2571 1123 2629 1179 δε
2659 1132 2745 1180 τόν
2773 1126 3001 1189 διώκτην
3033 1132 3312 1204 Αἰγύπτιον
3342 1133 3600 1197 ἐξωλισεν.
3651 1137 3737 1198 Εἰς
3785 1140 3898 1212 ὅρος
3955 1134 4014 1191 δὲ
4084 1143 4173 1190 τόν

2573 1223 2899 1292 σεσωσμένον
2976 1224 3107 1293 μετὰ
3181 1231 3349 1277 ταῦτα
3413 1232 3788 1299 προσαγαγὼν,
3868 1230 4171 1290 θεσπεσίαις

2573 1314 2759 1377 φωναῖς
2788 1314 2876 1361 καὶ
2938 1311 3152 1383 θεσμοῖς
3200 1313 3459 1385 οὐρανίοις
3502 1312 3938 1387 ἐπαιδαγώγησεν
3994 1317 4173 1372 αὐτόν.

2570 1394 2667 1450 Ἦν
2695 1403 2866 1449 τοίνυν
2896 1397 3000 1452 ἐκεῖ
3028 1403 3084 1452 τό
3131 1404 3221 1473 μὲν
3273 1405 3545 1476 ὁρώμενον,
3588 1410 3783 1466 Μωσῆς
3826 1411 3913 1458 καὶ
3974 1406 4174 1479 ’Λαρὼν

2575 1492 2709 1538 Θεοῦ
2733 1488 2932 1561 ῥήμασι
2962 1494 3048 1541 καὶ
3098 1495 3308 1565 τέρασιν
3370 1494 3797 1567 ὑπηρετούμενοι,
3852 1499 3909 1548 τό
3967 1500 4179 1568 νοούμε-

2574 1594 2656 1626 νον
2711 1572 2770 1627 δε
2826 1578 3049 1649 Μιχαὴλ
3096 1584 3187 1632 καὶ
3236 1579 3475 1655 Γαβριὴλ
3529 1591 3627 1634 τῶν
3682 1586 3842 1658 ἔργων
3897 1592 4031 1638 Θεοῦ
4086 1589 4180 1637 καὶ

2575 1663 2761 1735 λογίων
2814 1676 3115 1739 πανευαγῶς
3196 1675 3588 1744 προεστηκότες.
3615 1672 3789 1745 ›”Οπερ
3849 1674 3937 1725 οὖν
3996 1673 4183 1726 ἐκεῖνοι

2577 1756 2686 1815 τοῖς
2739 1754 2913 1819 ἄλλοις
2963 1760 3314 1833 καθεωρῶντο,
3392 1771 3543 1815 τοῦτο
3604 1771 3729 1834 γοῦν
3799 1760 3943 1817 οὖτοι
3983 1768 4186 1824 τούτοις

2578 1840 2955 1917 ἕχρημάτιζον.
2986 1853 3085 1900 Καὶ
3134 1853 3305 1923 ὥσπερ
3347 1853 3376 1909 ἡ
3427 1856 3751 1926 παντουργός
3800 1858 3958 1926 σοφία
4005 1850 4189 1906 διακό-

2577 1951 2684 1992 νοις
2713 1936 2917 1997 τούτοις
2949 1934 3153 2009 ἀμέσως
3182 1947 3273 2000 τῆς
3298 1936 3437 2002 ἰδίας
3492 1939 3714 2013 ἐκέχητο
3778 1941 3971 2015 βουλῆς
4027 1943 4189 2003 οὕτως

2582 2022 2724 2075 οὗτοι
2755 2025 2933 2079 Μωσεῐ
2960 2032 3049 2079 καὶ
3088 2027 3287 2100 Ἀαρὼν
3318 2032 3419 2083 ὅσα
3458 2036 3545 2083 καὶ
3593 2033 3874 2107 ὑπηρέταις
3920 2051 4188 2107 χρωμενοι

2576 2120 2807 2180 πιστοῖς,
2840 2116 2928 2175 τὰς
2952 2118 3253 2178 πανσθενεῖς
3313 2116 3360 2169 ἐν
3418 2119 3597 2182 αὐτοῖς
3668 2119 4007 2184 ἑξεκάλυπτον
4071 2123 4189 2173 θεο-

2582 2206 2817 2272 σημείας.
2849 2203 2989 2257 Ἀλλ’
3018 2204 3111 2256 ούκ
3160 2204 3209 2257 ἐν
3265 2211 3440 2279 μόνοις
3486 2208 3697 2271 ἐκείνοις
3749 2212 3844 2271 τὰς
3900 2209 4189 2281 μεγαλουρ-

2578 2295 2701 2361 γίας
2730 2288 3076 2355 ἐπεδείξαντο.
3114 2301 3323 2349 Καὶτοϋ
3354 2298 3527 2356 Ἰησοῦ
3562 2295 3621 2351 δὲ
3644 2302 3776 2371 μετὰ
3829 2308 3999 2352 ταῦτα
4053 2303 4190 2373 πρός

2580 2385 2675 2438 τήν
2707 2379 3088 2455 ἐπηγγελμένην
3127 2393 3199 2456 τῷ
3253 2386 3360 2457 λαῷ
3415 2396 3513 2459 γῆν
3571 2394 4032 2463 προπορευόμενοι,
4096 2394 4189 2441 καὶ

2580 2474 2675 2528 τὴν
2706 2467 2828 2523 ὁδόν
2879 2472 3039 2524 αὐτοῦ
3094 2478 3588 2545 κατασκευάζοντες,
3649 2484 3739 2531 καί
3786 2483 3910 2553 πρὸς
3965 2484 4057 2537 τὴν
4094 2485 4190 2530 τοῦ

2583 2566 2718 2612 Θεοῦ
2743 2562 3073 2615 κατάπαυσιν
3119 2563 3433 2636 εἰσάγοντες,
3498 2575 3738 2639 ποταμοῦ
3792 2571 3950 2641 φορὰν
4000 2566 4191 2620 ἀνακο-

2583 2668 2824 2701 πτουσιψ
2880 2656 3036 2723 τείχη
3115 2649 3255 2725 δίχα
3340 2658 3742 2729 μηχανημάτων
3795 2662 4191 2710 κατασείουσιν·

2585 2735 2847 2801 δυνάστας
2869 2738 3313 2815 ἀναθεματίζουσι
3368 2752 3491 2816 γῆς.
3557 2747 3691 2799 Ἐκεὶ
3751 2746 3976 2819 Μιχαὴλ
4025 2745 4197 2821 ἀρχι-

2588 2830 2884 2901 στράτηγος
2940 2836 3133 2904 Κυρίου
3206 2835 3373 2894 καθὼς
3408 2902 3413 2907 Ξ
3452 2832 3581 2907 ἀνὴρ
3663 2836 3995 2908 ἐσπασμένην
4048 2840 4201 2909 χειρὶ

2584 2922 2823 2989 κατέχων
2876 2920 3136 2994 ῥομφαίαν
3213 2921 3558 2995 ὁπταζόμενος
3635 2924 3817 2977 ἑαυτὸν
3894 2926 4035 2987 ὅστις
4116 2928 4198 2983 εἰη

2585 3011 2891 3082 παρέφηνεν,
2923 3015 3012 3062 καὶ
3042 3010 3176 3063 λύειν
3208 3015 3265 3063 τό
3302 3009 3557 3085 ύπόδημα
3607 3017 3897 3089 παρηγγύα
3958 3024 4029 3084 τῷ
4090 3014 4203 3071 τίη,

2589 3104 2704 3168 σού,
2744 3103 2836 3150 καὶ
2862 3096 3028 3171 μηδὲν
3050 3120 3201 3173 παχυ
3227 3107 3316 3154 καὶ
3345 3101 3662 3161 ἀναίσθητον
3688 3114 3780 3156 τον
3828 3107 4008 3175 γηῖνου
4069 3123 4203 3176 φρο-

826 3199 1031 3251 monte
1061 3197 1290 3249 tantum
1321 3196 1423 3248 aut
1452 3191 1513 3246 in
1553 3190 1813 3247 deserto.
1848 3192 2043 3246 Iesum
2070 3190 2229 3245 enim
2269 3194 2480 3261 postea
2518 3188 2559 3244 C

2447 3205 2480 3245 θ,
2518 3188 2559 3244 C
2587 3192 2813 3259 νήματος
2843 3187 3148 3260 ἐπάγεσθαι,
3181 3194 3247 3251 ως
3315 3188 3424 3250 ἤδη
3483 3201 3577 3254 τῆς
3638 3193 3788 3265 ἁγίας
3838 3192 4202 3245 ἐπιϐατεύοντι

828 3285 907 3341 ad
936 3284 1305 3357 promissam
1345 3280 1425 3337 illi
1456 3280 1681 3352 populo
1708 3285 1927 3336 terram
1954 3279 2127 3335 solita
2167 3278 2481 3352 providen~

828 3376 912 3432 tia
970 3372 1288 3447 prosecuti,
1334 3374 1744 3444 praeparantes
1782 3370 2005 3443 ubique
2035 3386 2105 3426 ac
2145 3370 2483 3426 munientes

826 3469 986 3523 viam
1017 3468 1074 3520 et
1111 3463 1190 3519 ad
1229 3462 1332 3517 Dei
1370 3461 1638 3533 requiem
1676 3459 2049 3526 inducentes,
2092 3459 2253 3516 ﬂuvii
2279 3460 2484 3515 refrin-

829 3557 979 3624 gunt
1034 3552 1351 3624 impetum,
1403 3565 1611 3605 muros
1670 3549 1796 3604 sine
1850 3549 2147 3604 machinis
2194 3553 2482 3620 evertunt,

826 3643 1119 3713 dynastas
1175 3640 1306 3710 ejus
1357 3643 1524 3694 terra;
1572 3637 1718 3693 diris
1741 3643 1797 3693 et
1846 3637 2191 3693 efficacibus
2219 3654 2487 3694 exsecra-

828 3730 1092 3787 tionibus
1114 3728 1428 3785 devovent.
1458 3727 1558 3782 llic
1592 3726 1834 3783 Michael
1870 3727 2153 3799 princeps
2194 3728 2487 3783 exercitus

829 3820 1065 3876 Domini
1121 3817 1226 3874 viri
1276 3816 1474 3889 specie
1517 3817 1902 3886 evaginatum
1965 3832 2157 3872 manu
2232 3818 2487 3873 tenentis

827 3909 1098 3980 gladium
1159 3922 1477 3980 apparens,
1531 3906 1667 3978 quis
1723 3910 1881 3962 esset
1928 3905 2250 3962 declaravit
2321 3910 2378 3962 et
2424 3910 2489 3962 ut

826 3998 1232 4055 calceamenta
1259 3995 1510 4051 solveret
1534 3996 1710 4051 Josue
1737 3995 2022 4067 praecepit
2053 4013 2065 4050 :
2102 4010 2173 4051 ea
2201 4010 2262 4050 re
2296 3994 2487 4065 signi-

824 4083 1015 4140 ﬁcans
1042 4085 1090 4140 si
1114 4083 1259 4156 quid
1293 4088 1638 4140 concretum
1678 4088 1805 4140 erat
1860 4088 2038 4156 atque
2093 4082 2278 4139 hebes
2302 4083 2487 4141 tardas

826 4179 1194 4245 terreneeque
1247 4172 1562 4242 cogitionis
1603 4172 2029 4228 excutiendum
2088 4188 2220 4228 esse
2305 4188 2485 4229 omne

823 4280 932 4336 per
951 4269 1169 4321 terram
1191 4263 1317 4333 jam
1351 4267 1625 4319 sanctam
1678 4261 2051 4332 ingredienti.
2114 4261 2273 4318 ldem
2301 4262 2485 4319 ambo

823 4358 1040 4426 postea
1070 4357 1133 4409 ut
1159 4353 1526 4408 sanctiorum
1591 4367 1973 4423 quorumque
2008 4350 2285 4422 judicum
2317 4356 2373 4408 et
2398 4368 2485 4407 re-

823 4460 970 4512 gum
1011 4442 1213 4512 gloriae
1254 4441 1543 4497 servirent
1603 4442 1726 4496 vim
1766 4440 2079 4496 elementis
2140 4440 2482 4497 attulerunt.

821 4532 1051 4592 Caelum
1102 4547 1243 4589 cum
1302 4529 1426 4588 sole
1490 4532 1549 4587 et
1609 4529 1785 4587 astris
1824 4529 2153 4604 aliquando
2209 4530 2486 4603 quidem-

822 4628 979 4681 stare
1006 4621 1432 4696 coegeruntad
1454 4622 1745 4691 integram
1796 4621 2320 4694 consumptionem
2377 4622 2484 4678 im-

818 4715 1078 4789 piorum.
1112 4716 1563 4784 Nonnunquam
1607 4726 1746 4767 vero
1804 4727 2014 4767 cursus
2061 4715 2363 4768 astrorum
2394 4728 2483 4769 re-

819 4807 1119 4861 torserunt
1143 4801 1419 4859 omnium
1440 4800 1518 4857 ad
1541 4816 1681 4857 suos
1729 4805 1886 4856 retro
1941 4816 2206 4857 carceres
2256 4802 2480 4859 reﬂexo

816 4896 1065 4968 impetu,
1088 4897 1153 4949 ut
1178 4908 1250 4948 eo
1281 4891 1557 4964 prodigio
1582 4890 1718 4946 vitae
1748 4890 2119 4963 promissum
2142 4892 2478 4950 auctarium

815 4984 977 5040 fideli
1001 4983 1127 5053 regi
1157 4982 1603 5038 confirmarent.
1650 4980 2042 5037 Abstulerunt
2063 4981 2241 5052 bella,
2273 4998 2310 5038 a
2341 4998 2480 5053 gen-

817 5073 977 5131 tibus
1020 5071 1220 5144 impiis
1252 5071 1424 5127 tutati
1456 5068 1735 5126 Israelem
1764 5075 1922 5127 sunt.
1952 5073 2233 5144 Satrapas
2256 5072 2478 5129 multos

814 5169 872 5221 et
934 5178 1191 5235 magnos
1274 5162 1445 5233 signo
1501 5160 1750 5233 quidem
1810 5160 1888 5216 ad
1946 5162 2302 5219 memoriam
2374 5167 2480 5220 aut

811 5253 1062 5324 vestigio
1124 5251 1327 5308 relicto
1411 5267 1480 5307 ex
1554 5256 1709 5307 terra
1772 5251 2262 5309 exterminarunt.
2324 5255 2473 5309 Nam

811 5345 860 5399 si
886 5342 1121 5416 absque
1150 5340 1262 5397 illis
1284 5341 1869 5412 fuisset,potueratne
1898 5356 2036 5397 cum
2067 5342 2343 5398 trecentis
2367 5344 2471 5399 Ge-

806 5432 960 5489 deon
1017 5431 1328 5505 myriadas
1386 5430 1733 5487 debellare?
1782 5434 1845 5487 Et
1892 5432 2059 5504 quod
2097 5447 2307 5505 qumso
2350 5438 2471 5490 tam

807 5523 1067 5579 ferreum
1095 5520 1364 5595 corporis
1420 5536 1492 5577 ac
1531 5521 1891 5578 lacertorum
1946 5522 2133 5579 robur
2190 5524 2469 5582 Samsoni

805 5615 1140 5672 suﬂecisset
1172 5630 1184 5670 :
1214 5618 1318 5671 aut
1337 5629 1474 5687 qua:
1495 5613 1741 5672 tandem
1762 5613 1823 5670 id
1853 5614 1968 5671 hoc
2008 5615 2224 5673 durare
2246 5617 2470 5690 potuis-

799 5711 895 5767 set
922 5705 1075 5769 asini
1104 5704 1351 5767 maxilla
1380 5709 1447 5765 ut
1481 5706 1565 5767 ita
1601 5704 2044 5766 Philistinorum
2108 5708 2465 5770 exercitibus

2515 4761 2557 4815 D

2588 3285 2704 3348 γῆς.
2758 3276 2977 3330 Ἔπειτα
3041 3288 3229 3352 κριτῶν
3288 3287 3375 3333 καὶ
3423 3280 3681 3355 βασιλέων
3738 3290 3869 3342 τοῖςς
3902 3281 4202 3335 εὐσεϐεστέ-

2589 3386 2702 3442 ροις
2755 3366 3144 3440 μεγαλύνοντες,
3228 3380 3541 3445 τυραννοῦσι
3615 3380 3876 3444 στοιχεῖα.
3965 3372 4203 3447 Οὐρανόν

2596 3461 2688 3510 σὺν
2720 3457 2847 3528 ἡλίῳ
2902 3463 2993 3510 καὶ
3045 3460 3259 3532 οἴστροις
3317 3462 3439 3513 ποτε
3485 3464 3577 3533 μὲν
3636 3463 3853 3515 ἱστῶσιν
3906 3460 3974 3521 εἰς
4026 3465 4207 3514 συντέ-

2592 3545 2730 3599 λειαν
2790 3543 3080 3620 δυσμενῶν·
3153 3552 3273 3602 ποτε
3356 3546 3414 3602 δὲ
3478 3551 3791 3624 παλίνορσον
3816 3550 4207 3624 ἀναστρέφουσι

2594 3640 2653 3689 τό
2679 3643 2799 3704 πᾶν,
2832 3646 3004 3708 πιστῲ
3028 3637 3242 3712 βασιλεῖ
3281 3640 3422 3702 ζωῆς
3482 3644 3821 3714 πιστούμενοι
3868 3642 4206 3714 προσθήκην.

2594 3727 2997 3800 Ἀνταναιροῦσι
3044 3727 3299 3800 πολέμους
3382 3735 3777 3805 περιποιοῦνται
3855 3734 3943 3783 τὸν
3986 3729 4211 3802 Ἰσραὴλ

2597 3814 2749 3869 ἐθνῶν
2799 3815 3021 3887 ἀσεϐῶν,
3092 3823 3180 3871 καὶ
3233 3828 3513 3895 σατραπῶν
3562 3820 3759 3872 πολλῶν
3823 3840 3912 3872 και
3969 3819 4211 3892 μεγάλων

2596 3910 2926 3978 μνημόσυνον
2953 3906 3009 3958 ἐκ
3066 3915 3162 3969 τῆς
3225 3916 3327 3980 γῆς
3378 3917 3761 3984 περιαιροῦσιν.
3828 3916 3945 3969 Πῶς
4006 3908 4067 3959 ἃν
4123 3914 4213 3961 1‘s-

2598 3993 2725 4047 δεὼν
2774 3995 2824 4047 ἐν
2904 4000 3229 4068 τριακοσίοις
3312 3997 3585 4071 ἐκστρατει
3632 3995 3943 4074 μυριάδωνς
3977 4004 4091 4057 Πῶς
4154 3993 4217 4049 δε

2596 4085 2818 4158 Σαμψὼν
2849 4085 3007 4158 ἰσχύϊ
3033 4092 3269 4160 σώματος
3312 4092 3442 4160 μόνη
3478 4090 3506 4148 ἡ
3543 4094 3750 4161 σιαγόνι
3802 4092 3917 4141 ὄνου
3968 4096 4066 4150 τῆς
4106 4095 4216 4139 τῶν

2596 4173 2887 4247 ἀλλοφύλων
2948 4177 3080 4229 οὕτω
3162 4178 3441 4238 κατέπαιζε
3504 4175 3775 4251 δυνάμεως
3807 4195 3820 4245 ;
3855 4178 3965 4230 Οὐκ
4027 4175 4087 4228 ἆν
4148 4173 4213 4233 ἦν

2596 4270 2760 4337 μέγας
2810 4268 2956 4340 παρὰ
3022 4271 3197 4341 Κυρίῳ
3249 4267 3510 4340 Σαμουὴλ.
3571 4268 3683 4320 Ούκ
3742 4263 4045 4320 ἆνόΔιὶϐὶδ
4100 4274 4210 4317 τῶν

2594 4358 2796 4408 πάντων
2824 4357 3111 4430 ὑπερέσχεν
3142 4354 3366 4429 ἐχθρῶν.
3399 4357 3509 4410 Ούκ
3535 4357 3594 4409 ἆν
3626 4353 3742 4410 οὐδ’
3799 4357 3957 4419 αὐτὸς
4019 4354 4211 4418 Ἠλίας

2593 4449 2753 4519 πυρός
2785 4444 3131 4520 φοϐερώτερος
3186 4454 3291 4507 τοῖς
3347 4452 3585 4522 πυρίνοις
3636 4450 3807 4519 ἔργοις
3872 4448 4205 4520 καθεωρᾶτο,

2592 4540 2682 4587 καὶ
2728 4537 2894 4607 πυρός
2940 4534 3102 4608 ἄματι
3162 4539 3292 4608 πρὸς
3355 4536 3607 4610 οὐρανούς
3656 4537 3942 4609 ὀχούμενος
4000 4533 4211 4592 ἀνείλη-

2591 4644 2707 4679 πτο.
2743 4621 2875 4677 Οὐδ’
2906 4626 2967 4676 ἄν
2993 4644 3068 4686 τις
3094 4624 3244 4687 ἄλλος
3294 4634 3394 4677 τῶν
3443 4628 3621 4680 ἐνθέων
3668 4626 3843 4698 λόγοις
3884 4630 3975 4678 καὶ
4024 4627 4207 4699 ἔργοις

2590 4718 2843 4787 ἐπίσημος
2870 4712 3093 4786 ἐγεγόνει
3113 4723 3408 4790 προφητῶν,
3442 4715 3487 4767 εἰ
3546 4720 3619 4789 μὴ
3685 4723 3883 4777 νοητῶς
3921 4722 3970 4767 οἱ
4012 4716 4209 4788 κράτι-

2590 4823 2708 4860 στοι
2736 4812 2836 4857 τῶν
2878 4808 3004 4857 νόων
3046 4800 3330 4878 κηδεμόνες
3377 4804 3608 4880 λαμπροὶ
3655 4809 4053 4881 προεστηκότες,
4110 4808 4211 4857 καὶ

2586 4907 2687 4949 τῶν
2727 4893 2863 4949 ὁδῶν
2917 4894 3107 4959 αὐτῶν,
3188 4900 3279 4947 καὶ
3328 4903 3429 4948 τῶν
3472 4898 3634 4969 ἔργων
3689 4898 4075 4971 προηγούμενοι
4134 4895 4211 4956 εἰς

2586 4995 2686 5041 πᾶν
2738 4986 2936 5059 θελημα
3008 4987 3138 5037 θεῖον
3212 4988 3541 5043 κατηύθυναν
3600 4986 3804 5047 αὐτούς.
3859 4985 3970 5038 ’Υπ’
4020 4984 4209 5045 αὐτοῖς

2586 5082 2676 5130 καὶ
2705 5084 2841 5152 τρεῖς
2869 5079 3061 5127 νεανίαι
3103 5074 3290 5147 φλογός
3342 5079 3561 5149 καμίνου
3629 5079 3909 5149 καιομένης
3970 5076 4036 5136 ὡς
4097 5094 4207 5127 πα-

2588 5164 2785 5229 στάδος
2836 5164 3095 5223 ἁλῶϐητοι
3166 5164 3636 5234 κατεπιϐαίνοντες,
3677 5169 3764 5219 τόν
3813 5173 4029 5239 Σωτῆρα
4084 5172 4209 5226 τοῖς

2584 5262 2761 5331 ὒμνόις
2811 5259 3116 5331 χορεύοντες
3196 5252 3504 5320 ἐδεξιοῦντο.
3568 5257 3679 5310 Tn"
3756 5254 3948 5321 αὐτοῖς,
4023 5252 4205 5327 οἶμαι,

2581 5353 2671 5402 καὶ
2698 5349 2870 5409 Ἰωνᾶς
2918 5350 3008 5419 μὲν
3058 5345 3241 5407 ασινης
3297 5355 3396 5398 τῶν
3453 5346 3599 5400 ἁλίου
3635 5347 3952 5419 σπλάγχνων
3994 5346 4207 5423 ἐξέθορε

2582 5441 2759 5515 θηρός.
2815 5438 3004 5496 Δανιὴλ
3048 5433 3106 5490 δὲ
3126 5436 3338 5490 λεόντων
3372 5433 3554 5501 δεινῶς
3606 5437 3951 5512 βρυχομένων
4011 5435 4207 5493 διασέ-

2579 5549 2800 5597 σωσται,
2855 5533 2945 5581 καὶ
3003 5527 3308 5602 Ἀμϐακοὺμ
3362 5532 3453 5602 μὲν
3497 5528 3548 5583 ἐν
3598 5530 3726 5605 ῥιπῆ
3782 5528 4077 5604 βλέμματος
4149 5529 4207 5595 ἐξ

2577 5619 2904 5697 Ιερουσαλὴμ
2957 5618 3028 5682 εἰς
3106 5618 3383 5673 Βαϐυλῶνα
3447 5628 3520 5692 τῷ
3579 5619 3743 5696 ῥοίζῳ
3791 5623 3958 5674 τούτω
4002 5622 4206 5696 μετάρ-

2575 5734 2687 5780 σιος
2716 5716 2873 5788 ἤγετο
2918 5708 3125 5770 δεῖπνον
3151 5711 3469 5788 ἕπικομίξων
3509 5718 3582 5787 τῷ
3622 5710 3827 5773 Δανιὴλ.
3876 5708 3970 5769 "Ov
4018 5707 4078 5769 δι
4101 5719 4205 5771 καὶ
