4444 6452
278 388 414 445 1233
1097 388 1364 445 ΝΙΟΕΤᾹΞ
1397 386 1746 445 LAUDATIO
1780 385 1874 445 SS.
1911 387 2029 444 MlC

1870 428 1874 441 .
1911 387 2278 449 MlCHAELIS
2310 394 2396 449 ΕΤ
2423 394 2802 452 GABRIELIS.
3488 395 3625 452 1234

276 531 366 572 τας
418 507 818 585 αἰνιγματώδεις
874 512 1083 585 ὁράσεις
1165 521 1264 566 τῶν
1328 512 1703 585 ἐκϐησομένων,
1766 512 1871 566 ἐκεῖ
1904 515 1949 568 Α
1981 512 2031 569 ill

1904 515 1949 568 A
1981 512 2253 572 illuderet
2275 517 2302 573 ?
2332 523 2417 575 An
2442 534 2566 576 non
2595 519 2733 576 inde
2765 531 3023 588 magnus
3055 521 3180 575 erat
3234 518 3473 575 Samuel
3537 535 3633 576 co-

279 601 559 662 συνετίζων
617 602 798 676 ὁρᾶται
860 601 1105 675 Γαϐριὴλ.
1156 602 1242 659 Ἐκ
1295 611 1385 664 τῆς
1446 601 1738 663 Βαϐυλῶνος
1815 600 1873 655 δὲ
1981 619 2034 659 ra

1872 626 1873 629 η
1981 619 2112 659 ram
2145 607 2396 663 Domino
2414 609 2441 663 ‘?
2460 612 2587 665 Non
2612 608 2877 665 indidem
2903 608 3172 664 hostibus
3196 608 3318 663 suis
3341 609 3627 664 omnibus

276 693 593 763 μετάταῡτα
624 687 699 742 δι’
728 690 893 742 ari:er
940 691 1156 765 Ἰσραήλ
1208 694 1333 766 πρὸς
1389 696 1477 749 τήν
1534 690 1874 765 Ἰερουσαλήμ
1984 711 2031 750 si

1984 696 2253 766 superior
2286 696 2393 753 fuit
2425 699 2609 755 David
2640 698 2668 753 ?
2698 702 2822 755 Non
2856 698 2950 753 ille
2983 698 3109 769 ipse
3139 696 3291 753 Elias
3334 712 3446 754 suo
3504 699 3634 771 ipso

280 778 631 852 ἀνεκομίζετο.
681 779 952 842 ῐΙλεονάκις
1008 780 1115 847 οὖν,
1170 781 1232 832 ἶν’
1281 785 1407 833 εῖπω
1460 780 1699 847 συνελὼν,
1781 788 1873 834 τοῦ
1983 782 2035 853 ig

1983 782 2120 853 igne
2148 785 2459 843 terribilior
2490 788 2679 857 igneis
2710 786 2994 859 operibus
3048 785 3406 842 cernebatur
3454 789 3482 844 εἰ
3526 789 3635 853 Qut

280 876 413 921 Θεοῦ
466 872 556 942 μεν
619 868 972 943 ὁλιγωροῡτες,
1038 874 1160 943 πρὸς
1220 872 1365 932 θεούς
1424 866 1482 923 δε
1536 869 1875 941 αὖτομολοῦν-
1984 876 2035 929 el

1984 876 2245 929 etcurru
2277 875 2501 931 vehens
2540 877 2715 945 igneo
2768 881 3121 947 assumptus
3172 876 3233 930 in
3292 875 3473 931 ccelos
3525 881 3633 933 est.

278 978 382 1022 τες,
482 966 591 1019 τοῖς
703 957 911 1032 ἐχθροῖς
984 960 1357 1021 ὑποπίπτοντες
1431 958 1871 1033 ἔπρονομεύοντο·
1984 964 2027 1018 Ν

1984 964 2185 1033 Neque
2214 978 2394 1035 porro
2424 965 2745 1037 quisquam
2768 964 2920 1020 alius
2945 963 3288 1020 divinorum
3317 965 3639 1037 propheta-

283 1046 553 1107 Πλεονάκις
612 1044 671 1101 δι
714 1053 803 1105 τὴν
868 1051 1003 1101 θείαν
1057 1047 1448 1121 ἐπικεκλημένοι
1512 1048 1700 1123 ῥοπὴν,
1784 1045 1878 1101 διὰ
1986 1066 2038 1107 r1

1986 1066 2120 1107 rum
2147 1052 2418 1110 doctrina
2438 1054 2694 1110 rebusve
2712 1053 2891 1123 gestis
2912 1051 3091 1125 paulo
3113 1053 3327 1109 exstitit
3358 1052 3637 1112 illustrior

277 1145 377 1188 τῶν
430 1136 640 1207 ὑψηλῶν
693 1140 886 1190 τούτων
948 1143 1037 1191 καὶ
1115 1138 1366 1212 λαμπρὼυ
1434 1136 1876 1211 ἀρχιστρατὴγων
1988 1156 2032 1197 Cl

1988 1141 2082 1197 cui
2135 1156 2256 1197 non
2308 1142 2403 1198 isti
2452 1142 2784 1199 cmlestium
2836 1141 3147 1215 spirituum
3218 1142 3525 1215 praecipui,
3584 1147 3638 1200 et

280 1233 372 1286 τῆς
415 1225 656 1297 χαλεπῆς
703 1230 792 1298 μὲν
847 1223 1153 1301 τυραννίδος
1213 1226 1545 1301 πολυτρόπως
1606 1226 1878 1285 ἀπηλλάτα
1988 1229 2027 1285 d

1988 1229 2172 1285 duces
2211 1229 2428 1286 fuerint
2456 1232 2754 1297 itinerum,
2797 1235 2852 1287 et
2895 1230 3199 1302 adjutores
3256 1246 3530 1303 operum,
3585 1236 3641 1288 et

280 1335 449 1383 τοντο,
473 1324 586 1377 ταῖς
615 1314 805 1368 ἑαυτῶν
830 1312 887 1369 δὲ
944 1336 1170 1391 χωραις,
1221 1322 1308 1368 καὶ
1363 1317 1563 1381 πόλισι,
1616 1322 1704 1368 καὶ
1770 1324 1879 1380 τοῖς
1989 1335 2035 1375 ο]

1989 1318 2153 1375 omni
2184 1323 2396 1376 caetera
2425 1325 2769 1376 curatorum
2796 1320 3161 1393 optimorum
3181 1318 3475 1392 complexi
3503 1336 3640 1392 pro-

283 1404 491 1467 οἰκείοις
532 1403 948 1458 ἀποκαθίσταντο
1024 1408 1247 1478 θεσμοῖς.
1307 1406 1457 1458 Οὕτω
1506 1409 1594 1477 μεν
1640 1405 1688 1458 οἰ
1750 1426 1879 1457 παν-
1989 1407 2038 1462 vi

1989 1406 2509 1464 videntia'motum
2536 1425 2781 1465 omnem
2803 1413 3260 1480 etprogressum
3282 1424 3403 1481 quo
3416 1425 3539 1464 suis
3563 1409 3641 1465 ad

284 1493 430 1546 ἀύλοι
488 1503 581 1557 τῆς
660 1503 987 1566 παν-ονργοῡ
1076 1500 1260 1566 σοφίας
1339 1515 1438 1547 των
1525 1492 1879 1569 ἀρχαιοτέρων
1990 1512 2039 1551 at

1990 1497 2378 1553 assectandos
2405 1498 2623 1553 divinae
2658 1498 2977 1554 voluntatis
3012 1503 3192 1554 nutus
3221 1498 3469 1553 occultis
3510 1515 3640 1554 mo-

275 1579 702 1655 έπιτηδευμάτων
768 1586 1022 1658 ὑπουργοὶ
1080 1588 1169 1635 καὶ
1222 1581 1458 1635 διάκονοί
1535 1584 1878 1640 καθειστήκε-
1990 1601 2027 1641 n

1990 1586 2126 1642 nitis
2158 1587 2615 1643 etinstinctibus
2672 1588 3013 1643 direxerint.
3075 1588 3139 1643 Hi
3197 1587 3387 1643 tribus
3443 1589 3643 1660 pueris

277 1692 372 1726 σαν
396 1670 736 1749 δραστήριοι.
1990 1675 2032 1729 it

1990 1675 2050 1729 in
2079 1675 2310 1731 ardenti
2339 1676 2580 1732 fornace
2633 1675 2914 1733 ﬂammas
2965 1680 3256 1749 tanquam
3306 1676 3643 1732 thalamum

271 1763 512 1819 innoxie
535 1763 905 1819 calcantibus
937 1762 1319 1835 hymnosque
1348 1761 1645 1818 Servatori
1684 1761 1865 1817 mixto
1918 1762 2140 1835 plausu
2188 1764 2545 1820 chorearum
2595 1764 3052 1821 concinentibus
3107 1768 3381 1821 auctores
3462 1764 3645 1819 iidem

273 1856 327 1909 et
356 1852 673 1925 participes
692 1852 907 1909 laetitias
938 1852 1230 1908 consertis
1282 1852 1576 1908 haerentes
1615 1850 1920 1919 manibus,
1975 1868 2123 1908 voce
2174 1856 2461 1926 motuque
2508 1854 2821 1926 praeibam.
2881 1853 3032 1919 Quin
3083 1853 3162 1908 ab
3214 1852 3441 1909 eisdem
3499 1857 3646 1925 puto

274 1941 494 1998 factum
522 1948 586 1998 ut
608 1958 677 1998 ex
709 1942 959 1997 marinas
985 1947 1188 1998 ventre
1209 1941 1426 1997 belluas
1458 1941 1584 1995 sine
1630 1955 1790 1997 noxa
1832 1942 2020 1997 Jonas
2067 1942 2347 2011 exsiliret,
2416 1946 2600 2015 utque
2653 1942 2808 1998 inter
2863 1941 3067 1998 leones
3118 1941 3491 1998 horrendum
3553 1959 3648 1998 ru-

274 2034 503 2103 gientes
549 2033 777 2103 integer
835 2033 961 2088 sine
1005 2032 1233 2088 damno
1285 2036 1623 2087 servaretur
1676 2031 1900 2097 Daniel,
1958 2032 2053 2086 cui
2101 2032 2383 2087 Abbacuc
2441 2031 2810 2104 Babylonem
2860 2031 3283 2103 Hierosolymis
3334 2036 3498 2087 tanta
3544 2033 3642 2088 via

272 2123 492 2180 horum
522 2123 580 2178 vi
604 2127 782 2196 atque
812 2123 1041 2195 impetu
1068 2124 1228 2178 nictu
1258 2121 1566 2194 palpebrae
1594 2125 1867 2192 correpta
1905 2119 2230 2193 prandium
2259 2121 2409 2179 tulit.
2435 2121 2538 2177 Cui
2582 2121 2725 2177 item
2778 2120 3002 2176 ibidem
3070 2120 3363 2177 obscuras
3412 2120 3647 2177 futuru-

276 2227 412 2268 rum
442 2228 642 2267 rerum
674 2212 1122 2282 designationes
1151 2211 1293 2266 visis
1328 2210 1627 2283 perplexis
1669 2209 2065 2266 adumbratas
2096 2210 2299 2283 palam
2362 2209 2597 2266 Gabriel
2650 2210 2941 2265 edisserit.
2994 2214 3117 2279 Age
3178 2209 3478 2281 Babylone
3537 2225 3649 2282 po-

280 2306 405 2359 stea
431 2300 656 2357 eisdem
679 2301 740 2356 id
761 2301 1078 2371 agentibus
1118 2300 1298 2356 lsrael
1350 2298 1678 2355 Jerusalem
1735 2299 2103 2371 postliminio
2163 2300 2493 2355 revertitur.
2552 2299 2779 2371 Saepius
2838 2298 3075 2364 deinde,
3120 2301 3185 2354 ut
3247 2298 3447 2355 dicam
3490 2315 3655 2355 com-

279 2392 523 2464 pendio,
548 2393 685 2456 Deo,
718 2391 937 2457 miseri,
968 2394 1311 2463 contempto
1342 2390 1421 2445 ad
1443 2389 1588 2444 deos
1615 2387 1939 2459 transfugae
1969 2388 2102 2443 victi
2160 2388 2238 2443 ab
2286 2388 2560 2445 hostibus
2618 2388 2835 2459 captivi
2893 2387 3373 2446 abducebantur.
3427 2388 3652 2461 Saepius

280 2495 419 2536 vero
440 2479 941 2537 divinainvocata
993 2479 1330 2547 clementia,
1382 2493 1592 2550 opera-
1614 2478 1866 2535 istorum
1913 2476 2263 2534 sublimium
2316 2477 2573 2535 caelestis
2624 2477 2846 2534 militiae
2889 2478 3325 2550 imperatorum
3375 2478 3653 2533 servitute

282 2574 676 2643 tyrannorum
728 2570 891 2626 varie
936 2569 1169 2625 liberati
1218 2569 1340 2625 suis
1397 2568 1563 2624 terris
1607 2572 1787 2640 atque
1840 2567 2092 2624 urbibus
2143 2566 2498 2641 legibusque
2544 2567 2971 2624 reddebantur.
3038 2566 3201 2622 Adeo
3262 2582 3325 2623 se
3382 2571 3656 2622 strenuos

281 2660 415 2732 pari
434 2660 528 2716 isti
561 2659 801 2732 spiritus
831 2660 1348 2715 etaconcretione
1375 2658 1640 2714 materiae
1688 2656 2035 2727 longissime
2088 2658 2300 2714 remoti
2347 2658 2478 2729 ejus
2543 2658 2603 2713 in
2658 2657 3096 2730 procurationis
3147 2657 3450 2713 iunctione
3507 2672 3659 2729 prte-

280 2749 543 2805 buerunt
570 2750 665 2803 cui
690 2747 955 2821 praefecti
987 2748 1240 2814 fuerant,
1274 2751 1335 2803 ut
1364 2746 1808 2819 antiquioribus
1848 2761 2048 2804 rerum
2088 2747 2354 2820 parentis
2432 2746 2708 2803 omnium
2758 2746 3062 2820 sapientire
3108 2746 3318 2803 studiis
3374 2751 3658 2819 prompto

281 2855 352 2896 ac
382 2838 543 2894 ﬁdeli
576 2838 902 2894 ministerio
928 2838 1234 2894 servirent.

355 2929 492 2982 Ἐπεὶ
528 2924 586 2981 δὲ
639 2929 664 2979 ό
718 2926 1016 3000 ἀσώματος,
1062 2928 1088 2979 ό
1118 2925 1356 3002 ἀόρατος,
1393 2927 1749 2999 όύπερονσιος
1798 2926 1889 2977 οὐκ
2074 2927 2110 2991 Q

2074 2924 2328 2991 Quando
2349 2941 2492 2981 vero
2517 2924 2927 2997 incorporeus,
2977 2924 3291 2992 invisiblis,
3339 2924 3662 2999 supersub-

283 3020 360 3072 ἔτι
423 3021 575 3090 μόνον
634 3013 768 3078 εἶδος
807 3016 961 3069 ἆυλον
1017 3019 1143 3090 πρὸς
1224 3016 1395 3088 ὀλίγον
1477 3017 1730 3090 ὁρώμενον
1802 3019 1891 3068 καὶ
2004 3031 2038 3069 S‘

2004 3014 2294 3070 stantialis
2328 3016 2478 3070 Deus
2508 3029 2628 3069 non
2654 3014 2783 3084 jam
2810 3028 3030 3086 corpus
3064 3028 3308 3069 aereum
3341 3013 3418 3069 ad
3461 3013 3661 3082 exigui

285 3111 470 3162 θᾶττον
511 3107 883 3179 ἀφιπτάμενον,
944 3105 1071 3159 ἀλλά
1124 3102 1191 3165 δὴ
1247 3111 1335 3158 καὶ
1415 3105 1539 3163 ύλην
1634 3106 1723 3158 εἰτ’
1803 3112 1891 3157 οὖν
2002 3107 2040 3159 ιι

2002 3103 2287 3175 temporis
2309 3102 2570 3174 speciem
2588 3101 3076 3174 deproperatum,
3099 3118 3240 3157 mox
3257 3101 3659 3158 avolaturum.

286 3198 468 3251 οὐσίαν
527 3202 619 3255 τήν
685 3197 934 3268 ύμετέραν
983 3200 1073 3247 καὶ
1140 3200 1342 3268 μορφὴν
1414 3190 1676 3247 ὑποδῦναι
1770 3213 1892 3245 κατ·
2006 3210 2041 3247 ει

2006 3192 2113 3248 sed
2136 3196 2354 3248 terram
2392 3191 2544 3247 adeo
2570 3191 3002 3262 ipsamlutum,
3046 3195 3339 3261 nostram,
3387 3190 3660 3264 inquam,

288 3286 750 3357 ηξίωσε,Γαϐριὴλ
805 3289 895 3358 μὲν
957 3285 1105 3347 εὐθὺς
1158 3289 1217 3337 τό
1267 3290 1560 3359 μυστήριον
1614 3302 1894 3356 μυσταγω-
2004 3298 2043 3337 St

2004 3281 2403 3337 substantiam
2433 3284 2490 3336 et
2513 3279 2773 3336 formam
2796 3279 3042 3336 induere
3085 3279 3370 3350 dignatus
3412 3285 3522 3351 est,
3585 3277 3664 3337 ad

286 3383 478 3450 γείται,
522 3377 672 3438 εὐθὺς
732 3372 790 3429 δε
839 3384 910 3445 τῷ
975 3377 1097 3449 ἱερεῖ
1160 3379 1408 3449 Ζαχαρία
1462 3375 1739 3449 παραστὰς
1799 3376 1892 3431 τὴν
2004 3373 2041 3429 ἱι

2004 3373 2278 3429 intimam
2309 3370 2511 3427 statim
2560 3370 2960 3440 cognitionem
3006 3370 3278 3444 mysterii
3324 3369 3502 3427 totius
3559 3371 3665 3426 Ga-

287 3466 342 3520 ὶκ
396 3474 490 3529 τῆς
538 3470 745 3540 στείρας
798 3465 939 3535 αὐτῷ
992 3468 1233 3536 γέννησιν
1279 3463 1500 3536 ἐκφαίνει
1551 3470 1643 3515 τού
1704 3470 1893 3515 Βαπτι-
2004 3460 2042 3517 b

2004 3459 2153 3517 briel
2180 3458 2530 3515 admittitur.
2556 3458 2662 3525 Qui
2714 3457 3047 3514 sacerdotio
3092 3458 3364 3529 fungenti
3422 3460 3666 3529 repente

291 3564 439 3612 στοῦ.
499 3554 626 3611 Εἶτα
676 3564 737 3629 τῇ
799 3559 1159 3628 κεχαριπμένῃ
1213 3557 1455 3629 Παρθένῳ
1508 3557 1682 3627 χαρὰν
1750 3553 1895 3625 εύαγ-
2006 3566 2041 3606 a

2006 3554 2211 3606 astans
2242 3548 2539 3604 Zacharias
2587 3548 2963 3604 nasciturum
3031 3548 3143 3620 ipsi
3192 3549 3383 3621 aperit
3422 3563 3495 3603 ex
3544 3563 3667 3603 anu

285 3647 566 3720 γελίζεται.
643 3646 723 3699 Ἐν
791 3645 923 3717 ἀγίῳ
1010 3641 1069 3697 δὲ
1140 3647 1402 3716 [Ινεύματι
1481 3648 1571 3696 καὶ
1644 3641 1895 3713 Ὑψίστου
2007 3657 2034 3695 S

2007 3638 2186 3696 sterili
2214 3637 2557 3711 Baptistam.
2586 3639 2733 3693 Tum
2766 3638 2958 3709 gratia
3003 3637 3191 3710 plenas
3239 3636 3458 3707 Virgini
3501 3637 3666 3693 bono

289 3734 511 3810 δυνάμει
549 3739 636 3788 τόν
682 3737 800 3788 Υὶὸν
857 3741 989 3788 Θεοῦ
1032 3733 1360 3807 χρηματίζει
1404 3740 1585 3787 τεκεῖν.
1648 3731 1789 3784 Ἐπεὶ
1840 3728 1898 3784 δὲ
2008 3744 2044 3785 n

2008 3729 2218 3785 nuntio
2249 3729 2566 3799 insperatae
2597 3726 2971 3783 salutationis
2994 3727 3220 3793 oblato,
3245 3732 3462 3783 caetera
3483 3742 3666 3796 nego-

286 3835 387 3880 τῶν
440 3828 761 3899 παρθενικῶν
819 3824 1045 3897 λαγόνων
1097 3823 1147 3876 ἐν
1206 3825 1495 3895 ὁμοιώματι
1573 3820 1799 3896 βρέφους
1871 3822 1897 3873 ὁ
2008 3818 2041 3874 ti

2008 3817 2251 3874 tiatione
2276 3817 2588 3888 legationis
2618 3833 2741 3872 suae
2777 3832 2904 3872 rem
2958 3817 3220 3889 denique
3271 3816 3354 3872 sic
3407 3816 3665 3885 conficit,

288 3917 593 3992 ύπερούσιος
655 3912 871 3985 ἐτέχθη,
933 3919 1082 3966 πᾶσα
1155 3915 1244 3985 μεν
1336 3912 1552 3987 οὐρανία
1633 3911 1895 3982 γηθομένη
2007 3909 2043 3965 il

2007 3909 2161 3965 inter
2181 3924 2285 3964 eos
2314 3912 2377 3964 ut
2401 3907 2721 3963 conveniat
2753 3924 2765 3959 :
2798 3907 2857 3963 in
2906 3907 3127 3979 Spiritu
3176 3912 3385 3963 sancto
3434 3907 3669 3963 virtute-

293 4008 519 4079 στρατια
566 4008 625 4057 τό
682 4006 814 4077 ἱερὸν
855 4011 946 4063 τῆς
1019 3999 1326 4073 δοξολογίας
1386 4002 1517 4053 αἰνεῖ
1577 4000 1745 4073 μέλος.
1802 4007 1900 4053 Μι-
2007 4014 2048 4071 q

2007 4014 2128 4071 que
2158 3996 2446 4054 Altissimi
2476 3996 2776 4066 Virginem
2804 3995 2903 4051 Dei
2938 3996 3145 4052 Filium
3196 3996 3547 4069 parituram.
3603 3999 3669 4052 Ut

290 4094 439 4169 χαὴλ
486 4090 545 4147 δὲ
597 4097 686 4146 καὶ
746 4091 976 4165 Γαϐρίὴλ
1030 4092 1081 4154 ἐξ
1130 4091 1303 4167 ἀρχῆς
1381 4092 1517 4165 ἄχρι
1573 4089 1750 4151 τέλους
1826 4096 1899 4159 τῷ
2008 4104 2043 4143 v

2008 4104 2149 4144 vero
2170 4088 2299 4159 jam
2329 4087 2391 4142 in
2414 4085 2700 4155 virgineis
2731 4085 3057 4141 visceribus
3107 4086 3168 4142 in
3215 4085 3667 4142 similitudinem

293 4187 671 4259 σεσαρκωμένῳ
699 4186 1065 4255 παρεπόμενοι,
1105 4186 1196 4233 καὶ
1244 4177 1350 4242 τοῖς
1406 4186 1619 4252 γονεῦσι
1675 4181 1732 4231 τὸ
1784 4174 1899 4231 δέον
2008 4177 2048 4233 h

2008 4176 2263 4233 humani
2290 4175 2464 4231 foetus
2490 4178 2803 4248 assumpto
2830 4174 3189 4247 corpusculo
3211 4175 3675 4248 supersubstan-

294 4280 415 4349 ὄναρ
476 4274 860 4346 ιῖσηγούμενοι,
913 4276 1003 4324 καὶ
1055 4272 1187 4344 μετά
1243 4275 1329 4323 τὸν
1401 4272 1690 4344 πειρασμὸν
1759 4268 1900 4339 αὐτῷ
1933 4305 1971 4359 C
2011 4268 2049 4323 ti

1933 4305 1971 4359 Ο
2011 4266 2165 4324 tialis
2195 4269 2283 4322 est
2312 4265 2565 4336 genitus,
2595 4264 2876 4321 universa
2900 4265 3149 4334 quidem
3192 4265 3503 4335 gratulans
3562 4265 3672 4320 mi-

294 4362 708 4435 διακονούμενοι,
766 4366 856 4414 καὶ
915 4360 963 4412 ἐν
1056 4368 1222 4436 καιρῷ
1280 4366 1371 4412 τοῦ
1443 4360 1644 4420 πάθους
1712 4361 1900 4433 τρόπον
1939 4354 1971 4359 ’
2010 4358 2048 4414 li

1939 4354 1971 4359 “
2010 4357 2135 4414 litia
2164 4355 2415 4413 caelestis
2444 4371 2683 4410 sacrum
2712 4354 3157 4423 gloriﬁcationis
3182 4355 3483 4427 hymnum
3528 4354 3675 4411 ceci-

294 4456 410 4507 τινά
433 4454 877 4523 συνεπισχύοντες
901 4472 912 4483 ·
948 4450 1007 4502 ού
1030 4454 1184 4522 μόνον
1219 4446 1277 4502 δὲ
1336 4448 1463 4501 ἀλλά
1523 4452 1611 4500 καὶ
1640 4455 1735 4509 τῆς
1779 4466 1903 4519 σαρ-
2013 4464 2049 4504 n

2013 4448 2117 4511 nit,
2142 4443 2463 4502 atMichael
2492 4448 2548 4499 et
2578 4443 2811 4499 Gabriel
2862 4462 2897 4499 a
2946 4444 3242 4517 principio
3291 4444 3672 4501 incarnatum

294 4549 382 4607 κός
437 4540 530 4596 διά
584 4549 813 4615 σταυροῦ
866 4541 1065 4594 λυθέντι
1120 4562 1132 4574 ο
1180 4544 1269 4591 καὶ
1326 4547 1496 4611 γυμνῇ
1541 4537 1694 4610 ψυχῇ
1779 4540 1905 4611 πρὸς
2016 4553 2049 4594 a

2016 4535 2289 4594 assectati
2312 4539 2533 4606 praesto
2556 4549 2796 4604 semper
2816 4532 3158 4599 adfuerunt,
3177 4550 3319 4607 qua,
3342 4549 3453 4606 pro
3477 4550 3674 4589 neces-

296 4635 596 4706 κευθμῶνας
661 4628 817 4684 ἀὶὸου
858 4637 1122 4705 χωροῦντι
1178 4630 1614 4702 προύηγούμενοι,
1668 4631 1758 4679 καὶ
1814 4634 1905 4678 τού
2017 4632 2051 4683 si

2017 4628 2185 4683 sitate
2229 4640 2453 4687 rerum.
2502 4628 2849 4695 opportuna
2909 4624 3257 4696 parentibus
3327 4623 3675 4695 objicientes

303 4729 521 4785 σκότους
550 4726 639 4796 μέν
684 4726 799 4783 τοὺς
853 4722 1156 4793 προστάτας
1203 4718 1655 4792 καταρράσσοντες
1712 4718 1807 4777 τὰς
1859 4714 1907 4767 ἓν
2018 4733 2058 4772 St

2018 4713 2271 4779 somnia,
2304 4728 2427 4785 qua
2477 4716 2611 4785 post
2659 4712 3046 4767 tentationem
3104 4712 3164 4768 in
3216 4712 3456 4769 deserto
3502 4711 3676 4767 mini-

302 4813 443 4884 αύτῷ
481 4816 850 4887 κατειργμένας
901 4809 1088 4882 ψυχὰς
1141 4811 1204 4869 ὡς
1253 4807 1460 4881 πλάστῃ
1531 4807 1902 4881 προσάγοντες,
2019 4811 2057 4860 si

2019 4808 2293 4872 strantes,
2318 4817 2440 4875 qua
2492 4800 2790 4872 passionis
2838 4804 3108 4875 tempore
3166 4801 3569 4857 confortantes
3609 4816 3679 4857 ac

302 4906 392 4955 καὶ
430 4902 571 4973 αύτῷ
623 4908 810 4973 νοερῶς
863 4898 1357 4973 προσαρμοζόμενοι
1415 4917 1427 4930 ·
1503 4892 1611 4948 εἶτα
1678 4898 1772 4953 τὴν
1855 4893 1910 4946 ἐκ
2019 4910 2057 4967 q

2019 4890 2479 4967 quodammodo
2507 4889 3176 4964 collaborantcs.Neque
3198 4890 3313 4946 hoc
3347 4889 3681 4956 solum,sed

302 4994 468 5065 τάφου
526 4995 802 5066 τριήμερόν
851 4992 1056 5063 ἔγερσιν
1109 4995 1219 5049 τοῖς
1287 4985 1450 5050 ἀξίοις
1496 4984 1907 5058 ἐμφανίσαντες·
2020 5000 2057 5040 n

2020 4986 2210 5040 morte
2230 4981 2424 5037 crucis
2455 4994 2705 5053 corpore
2739 4979 3024 5049 solutum,
3051 4980 3339 5054 nudaque
3372 4980 3578 5036 anima
3603 4978 3684 5036 ad

306 5082 441 5136 οὓτω
474 5078 541 5139 δὴ
574 5084 705 5154 πρὸς
761 5079 1004 5153 οὐρανούς
1054 5076 1381 5130 ἀναϐαίνοντι
1428 5079 1518 5128 καὶ
1570 5079 1657 5127 τόν
1706 5077 1914 5148 Πατέρα
2026 5090 2052 5128 8

2026 5072 2449 5128 subterraneos
2474 5067 2803 5124 inferorum
2828 5072 3240 5141 penetrantem
3281 5084 3550 5125 carceres
3575 5084 3683 5141 ap-

307 5174 632 5233 συνανιόντες
657 5171 992 5245 τεθεώρηντο.
1051 5169 1289 5221 Κάτωθεν
1339 5169 1428 5239 μὲν
1480 5162 1567 5218 οὖν
1628 5170 1740 5226 τοῖς
1788 5162 1916 5216 ἀπο·
2025 5178 2062 5236 p

2025 5161 2315 5236 paritores
2342 5159 2435 5215 isti
2466 5163 2917 5231 praecesserunt.
2943 5159 3055 5225 Qui
3080 5160 3259 5216 etiam
3289 5158 3686 5231 impressione

310 5262 511 5322 στόλοις
563 5263 627 5322 ὡς
684 5255 870 5333 οίνδρες
917 5255 1014 5311 δύο
1060 5257 1390 5329 λευχείμονες
1445 5252 1519 5308 δι’
1577 5253 1726 5329 ἀέρος
1788 5250 1917 5307 ἐδεί·
2029 5268 2065 5306 sl

2029 5250 2226 5306 subita
2242 5249 2553 5321 perculsos
2587 5246 2968 5304 tenebrarum
2996 5249 3299 5321 principes
3326 5247 3685 5304 afﬂixerunt.

307 5372 490 5405 κνυντο
547 5354 836 5423 πετόμένοι,
883 5354 972 5400 καὶ
1029 5350 1115 5400 τὸν
1155 5355 1248 5409 τῆς
1329 5343 1576 5418 δευτέρας
1627 5344 1920 5417 ἐπιφανείας
2030 5343 2062 5397 Ἰ

2030 5343 2177 5397 Tum
2204 5342 2441 5410 ereptas
2465 5353 2538 5393 ex
2565 5352 2773 5393 eorum
2803 5337 3060 5393 vinculis
3106 5338 3400 5394 conditori
3455 5337 3691 5393 animas

308 5446 497 5516 τρόπον
532 5448 622 5493 τού
673 5436 1155 5510 ἀναλαμϐανομένου
1225 5434 1651 5508 καταγγέλλοντες
1716 5454 1728 5466 ·
1807 5439 1923 5492 ταὶς
2035 5448 2063 5487 a

2035 5431 2436 5496 adduxerunt,
2467 5434 2802 5500 caeteraque
2835 5428 3146 5485 sedulitate
3173 5430 3336 5485 omni
3372 5445 3433 5485 se
3487 5443 3694 5484 suum-

312 5534 615 5606 ύπερτέραις
664 5525 722 5581 δὲ
786 5530 983 5580 τούτων
1067 5522 1375 5599 δυνάμεσιν,
1460 5523 1651 5598 ’Ἄρατε
1739 5522 1923 5585 πύλας,
2038 5537 2067 5594 q

2038 5536 2156 5594 que
2195 5518 2559 5592 obsequium
2590 5517 2668 5575 ad
2690 5519 3019 5590 majestatis
3040 5520 3171 5592 ejus
3198 5535 3490 5593 pompam
3513 5523 3570 5574 et
3598 5533 3698 5573 vo-

316 5618 539 5674 ἐπεϐόων
580 5640 595 5654 ο
636 5623 726 5671 καὶ
767 5617 927 5672 πύλαι
966 5617 1186 5688 αἰώνιοι,
1235 5618 1291 5669 τὸ
1340 5616 1509 5688 τάχος
1572 5613 1929 5687 ἐπαιρόμεναι,
2041 5610 2071 5668 ll

2041 5610 2286 5668 luntatis
2299 5624 2480 5666 omne
2495 5608 2736 5679 signum
2750 5612 3309 5667 accommodarunt.
3326 5612 3407 5665 Ex
3420 5607 3696 5682 sepulcro

316 5717 392 5782 τῷ
424 5708 637 5783 βασιλεί
661 5716 759 5769 τῆς
812 5705 975 5773 δόξης
994 5704 1351 5767 όδοποιήσατε
1414 5711 1509 5766 τὴν
1559 5702 1767 5760 εἴσοδον
1815 5696 1933 5776 Ἆρ’
2045 5700 2071 5759 ὁ

2045 5699 2265 5759 deinde
2291 5698 2790 5758 resurrectionem
2828 5715 2966 5773 quas
3007 5700 3178 5759 tertia
3222 5700 3320 5758 die
3345 5697 3592 5770 contigit
3622 5696 3699 5753 iis
