4444 6452
776 415 915 470 1235

2274 409 2628 466 ΑῸΒΕΝΒΛ.

4007 415 4143 470 1236

779 553 935 609 quos
965 534 1305 603 dignandos
1327 537 1492 590 tanto
1512 534 1741 589 honore
1766 533 1918 588 Deus
1949 533 2132 589 voluit
2183 532 2428 588 manife-
2461 541 2503 587 Α

2383 548 2428 586 B—
2461 541 2503 587 Λ
2534 530 2620 584 οὖν
2656 535 2874 586 ἐνταῦθα
2910 538 3114 598 τούτοις
3153 541 3243 588 καὶ
3306 539 3335 594 ἠ
3389 533 3633 589 διακονία
3699 541 4073 611 περιγέγαπται
4126 557 4138 602 ;

781 631 969 681 stata:
1007 626 1089 678 sic
1112 623 1358 678 demum
1384 622 1462 677 ad
1495 622 1674 678 caelos
1705 628 1760 677 et
1799 623 1877 678 ad
1939 626 2169 678 Patrem
2222 637 2432 676 ascen-

780 715 1022 769 dentem
1051 712 1321 766 comitari
1368 712 1477 765 visi
1521 716 1678 768 sunt.
1731 714 1875 766 Tum
1922 711 2312 765 ostenderunt
2371 724 2434 764 se

782 801 1071 874 apostolis
1094 801 1351 855 duorum
1367 801 1630 855 virorum
1673 801 1871 871 specie
1885 801 2096 854 vestitu
2112 799 2254 854 albo
2269 813 2436 869 aper-

780 897 838 946 to
863 905 996 945 aere
1018 889 1447 958 devolantium,
1481 889 1760 944 secundae
1784 887 2282 944 manifestationis
2305 887 2434 956 ejus

779 981 883 1053 qui
910 984 1258 1051 assumptus
1290 978 1478 1033 fuerat
1498 979 1922 1034 annuntiantes
1941 978 2210 1033 modum.
2236 982 2305 1031 At
2339 993 2434 1030 su-

780 1068 1115 1141 perioribus
1145 1068 1558 1138 potestatibus,
1594 1067 1845 1123 Attollite
1887 1072 2107 1138 portas,
2151 1065 2432 1120 inclama-

778 1158 946 1223 bant,
982 1162 1038 1211 et
1066 1156 1404 1221 elevamini,
1430 1161 1616 1227 portae
1677 1155 2010 1223 aeternales,
2063 1161 2117 1209 et
2170 1152 2436 1208 introibit

779 1249 898 1301 Rex
932 1245 1153 1314 gloriae.
1200 1247 1412 1299 Verum
1457 1260 1604 1299 num
1657 1244 1826 1300 dictis
1877 1246 2167 1300 hactenus
2221 1257 2432 1297 eorum

781 1335 1176 1389 ministerium
1201 1334 1718 1404 circumscriptum
1741 1340 1826 1388 est
1853 1334 1880 1387 ?
1937 1333 2189 1388 Minime.
2231 1334 2432 1402 Neque

2546 619 2834 694 Οὐδαμῶς.
2871 625 2946 676 Ού
2977 629 3078 697 γὰρ
3119 627 3207 686 ἔως
3246 635 3336 685 τῆς
3361 630 3490 697 πρὸς
3517 630 3602 676 τὸν
3638 632 3921 698 γεννήτορα
3990 633 4142 697 μόνον

2544 719 2635 762 τοῦ
2689 715 3010 782 γεννηθέντος
3093 713 3584 782 ἀποκαταστάσεως,
3663 719 3825 787 μέχρι
3907 712 3964 766 δέ
4049 725 4144 776 τῆς

2543 797 2986 872 προσδοκωμένης
3040 804 3346 866 συντελείας,
3402 809 3489 854 καὶ
3540 804 3653 854 κατ’
3700 804 3862 860 αὐτὴν
3927 800 3986 855 δὲ
4050 810 4142 861 την

2544 889 2902 962 μεγαλοπρεπῆ
2936 899 3028 952 τῆς
3067 900 3158 943 τοῦ
3190 895 3312 944 Υίοῦ
3379 889 3540 954 δόξης
3593 892 3886 963 ἐπιφάνειαν
3933 896 3991 944 τὸ
4051 901 4143 952 τῆς

2543 978 2710 1028 αὐτῶν
2763 979 3086 1054 λειτουργίας
3147 982 3494 1053 ἐπιφαίνοντες
3577 978 3919 1054 δραστήριον,
4017 982 4143 1032 σάλ-

2541 1067 2689 1136 πιγξι
2747 1068 3252 1139 μεγαλοφωνοτάταις
3310 1070 3619 1141 κελεύσματι
3689 1072 3805 1140 θείῳ
3892 1070 4143 1121 σαλπιοῦ-

2545 1172 2626 1204 σιν
2663 1174 2675 1186 ο
2708 1154 2870 1216 οὕτως
2909 1161 3038 1208 ὥστε
3095 1161 3154 1208 τό
3212 1159 3437 1230 φθαρτὸν
3485 1162 3575 1229 μὲν
3616 1157 3957 1216 ἀλλοιωθῆναι
4014 1163 4144 1230 πρός

2543 1239 2857 1315 ἀκηρασίαν,
2886 1265 2984 1296 παν
3037 1242 3095 1297 δε
3132 1249 3191 1296 τό
3243 1246 3462 1318 πλάσμα
3515 1254 3585 1315 τῷ
3633 1245 3837 1319 πλάστῃ
3893 1247 4144 1319 κριθησό-

2541 1349 2686 1402 μενον
2731 1330 3067 1387 ἀνίστασθαι.

779 1423 940 1478 enim
970 1422 1031 1476 id
1063 1421 1318 1476 cessabit
1350 1437 1385 1476 a
1411 1423 1778 1476 restitutione
1813 1421 2102 1490 Unigeniti
2136 1419 2213 1476 ad
2271 1417 2454 1474 Patris
2479 1434 2569 1472 sur
2595 1418 2923 1486 dexteram,
2957 1438 3148 1493 usque
3171 1422 3248 1477 ad
3298 1427 3704 1493 exspectatam
3755 1437 4140 1478 consumma-

777 1512 1000 1567 tionem
1029 1517 1085 1566 et
1114 1527 1247 1565 eam
1278 1527 1414 1582 quae
1448 1511 1545 1565 illo
1568 1516 1832 1581 tempore
1853 1510 2051 1566 futura
2073 1515 2160 1564 est
2201 1506 2588 1577 magniﬁcam
2646 1508 2764 1562 Filii
2822 1509 3024 1577 glorias
3085 1510 3593 1568 manifestionem.
3658 1513 3788 1577 Quo
3850 1517 4139 1582 tempore,

778 1606 1045 1656 extremo
1070 1599 1168 1655 illo
1190 1601 1491 1671 praeconio
1515 1599 1810 1664 faciendo,
1839 1605 1894 1654 et
1917 1598 2297 1654 vocalissima
2329 1595 2429 1650 Dei
2452 1599 2632 1664 jussu
2662 1595 2932 1652 inﬂanda
2955 1598 3096 1654 tuba
3128 1598 3295 1668 cujus
3323 1598 3546 1654 efﬁcaci
3576 1615 3725 1654 sono
3759 1600 4142 1671 corruptibile

778 1688 856 1744 ad
886 1687 1502 1759 incorruptibilitatem
1531 1688 1965 1758 immutabitur,
1997 1694 2052 1744 et
2075 1691 2346 1742 creatura
2371 1683 2567 1739 omnis
2595 1689 2796 1755 surget
2819 1691 2876 1743 et
2900 1687 3134 1743 sistetur
3157 1686 3487 1760 judicanda
3518 1688 3899 1759 Creatori,sui
3931 1688 4142 1743 minis-

780 1778 906 1833 terii
942 1776 1312 1847 diligentiam
1343 1776 1791 1848 approbabunt.

852 1867 966 1922 Sed
994 1866 1360 1938 jampridem
1381 1872 1742 1935 evagantem
1775 1883 1844 1921 eo
1863 1866 2024 1921 unde
2055 1871 2140 1922 est
2163 1866 2436 1935 digressa
2471 1866 2508 1918 Β

2386 1879 2436 1920 ia
2471 1866 2508 1918 Β
2617 1863 2750 1916 ’Δλλ’
2826 1872 2912 1918 επί
2968 1872 3062 1925 τὴν
3124 1867 3432 1920 ἀκολουθίαν
3486 1869 3597 1920 ὅθεν
3653 1870 3678 1919 6
3731 1868 3881 1940 λόγος
3933 1867 4141 1942 προεξέ-

779 1956 1112 2011 orationem
1144 1969 1519 2010 revocemus.
1550 1958 1696 2010 Nam
1724 1961 2047 2027 postquam
2080 1970 2281 2010 rerum
2309 1969 2436 2008 om-

777 2044 946 2098 nium
980 2047 1247 2115 potestas
1285 2042 1423 2098 Filio
1449 2047 1537 2098 est
1558 2043 1794 2108 tradita,
1846 2059 1951 2115 per
2005 2059 2250 2098 omnem
2307 2042 2437 2114 qui-

779 2132 919 2187 dem
943 2137 1162 2188 terram
1191 2131 1657 2203 dispensationis
1696 2136 1825 2203 ejus
1871 2134 2115 2189 nuntius
2142 2138 2198 2188 et
2243 2136 2433 2187 Evan-

779 2221 915 2292 gelii
977 2236 1176 2276 sermo
1218 2221 1405 2276 instar
1463 2222 1693 2276 sonitus
1743 2223 1984 2277 tonitrui
2058 2221 2435 2277 vocalissime

775 2309 1052 2384 pervasit.
1086 2312 1159 2365 At
1186 2311 1584 2382 spiritualium
1631 2311 1848 2366 harum
1895 2315 2260 2382 potestatum
2319 2311 2435 2367 hoc

777 2403 990 2469 agente
1032 2399 1408 2454 Providentia
1429 2399 1505 2453 ad
1530 2399 1942 2471 amplitudinis
1984 2401 2243 2472 speciem
2303 2417 2433 2456 ma-

777 2487 1059 2557 gniﬁcam
1092 2487 1378 2558 prodigiis
1413 2488 1872 2542 commendatus
1922 2488 2433 2561 conﬁrmatusque

776 2581 883 2632 est.
919 2578 1156 2632 Deserto
1188 2578 1348 2632 enim
1383 2577 1597 2632 Israele
1631 2577 1810 2633 veteri
1846 2577 2013 2650 quod
2043 2578 2092 2632 is
2125 2579 2308 2634 verbo
2341 2595 2434 2635 sa-

774 2682 890 2722 cras
911 2666 1048 2721 ﬁdei
1073 2667 1378 2723 restitisset
1407 2667 1590 2739 impie
1623 2686 1636 2734 ;
1685 2673 1786 2723 aut
1822 2669 2021 2738 potius
2071 2669 2324 2740 receptis
2371 2671 2432 2725 in

774 2756 1076 2827 peculiare
1101 2756 1501 2827 patrocinium
1523 2755 1636 2811 illis
1669 2757 1954 2812 omnibus
1986 2758 2329 2830 quicunque
2361 2775 2432 2816 ex

774 2861 844 2900 eo
865 2845 1092 2916 populo
1124 2861 1184 2899 se
1224 2845 1447 2900 dociles
1465 2846 1540 2901 ad
1566 2852 1848 2918 pietatem
1867 2847 2275 2917 praebuerunt,
2305 2865 2431 2904 om»

770 2934 951 2990 nibus
976 2935 1080 3007 qui
1111 2951 1293 3007 supra
1315 2937 1567 2990 modum
1598 2936 1871 2992 infraenes
1893 2954 1963 2992 ac
1985 2937 2234 2993 rebelles
2264 2945 2434 2994 erant

774 3023 1047 3094 abjectis,
1085 3024 1167 3079 sic
1206 3024 1455 3081 demum
1487 3026 1710 3080 sanctis
1743 3027 1930 3082 divini
1960 3027 2126 3082 verbi
2147 3027 2434 3098 praedica-

2546 1949 2736 2026 δραμε,
2799 1955 2953 2010 πάλιν
3006 1957 3161 2008 αὐτόν
3213 1959 3542 2008 ὶπανακτεον.
3602 1957 3745 2009 Ἐπεὶ
3806 1959 3908 2029 γὰρ
3966 1959 3996 2014 ἠ
4044 1964 4146 2008 τῶν

2545 2041 2672 2094 ὅλων
2712 2043 2926 2106 ἐξουσία
2982 2045 3054 2105 εἰς
3109 2049 3204 2108 τὰς
3258 2053 3440 2119 χεῖρας
3496 2048 3708 2119 ὑπῆρχε
3773 2055 3845 2116 τῷ
3908 2051 4027 2115 Υίῷ,
4078 2045 4151 2107 εἰς

2544 2138 2718 2183 πᾶσαν
2763 2136 2852 2204 μεν
2910 2139 3003 2191 τὴν
3060 2143 3159 2205 γῆν
3214 2136 3239 2186 6
3297 2143 3390 2196 τῆς
3448 2135 3747 2207 οἰκονομίας
3792 2136 3952 2187 αὐτοῦ
4000 2135 4151 2206 λόγος

2545 2221 2610 2280 ὡς
2663 2225 2800 2292 φωνὴ
2865 2220 3089 2296 βροντῆς
3141 2222 3446 2296 ίνορμονίως
3493 2223 3735 2294 ἐξηχεῖτο
3797 2245 3810 2256 ⁸

2543 2319 2725 2384 νοερῶν
2793 2307 2852 2363 δε
2907 2314 3100 2363 τούτων
3177 2308 3445 2384 δυνάμεων
3521 2313 3926 2384 μεγαλυνόμενος
3999 2311 4150 2384 ἐκρα-

3870 2225 3970 2275 ύπὸ
4048 2232 4151 2274 τῶν

2542 2407 2772 2454 ταιοιῖτο.
2812 2404 2911 2452 Τόν
2958 2400 3119 2452 πάλαι
3164 2404 3266 2472 γὰρ
3324 2400 3531 2476 Ἰσραὴλ
3584 2404 3664 2454 ὄτι
3727 2410 3798 2458 τῶ
3850 2401 3987 2472 λόγῳ
4054 2409 4150 2462 τῆς

2545 2489 2680 2562 ἱερᾶς
2735 2507 2966 2551 πίστεως
3039 2487 3246 2562 ἀνείρως
3326 2488 3611 2543 ἀντετίθετο
3695 2490 4061 2550 καταλιπόντες
4131 2511 4142 2522 ·

2542 2576 2732 2649 μᾶλλον
2763 2574 2822 2629 δὲ
2859 2581 2917 2630 τὸ
2977 2581 3066 2650 μεν
3118 2580 3238 2630 ὅσον
3284 2586 3376 2631 τοῦ
3443 2581 3618 2641 ἔθνους
3670 2578 3884 2651 εὐσεβὲς
3941 2577 4149 2636 ἀνειλη-

2543 2671 2707 2737 φότες,
2750 2668 2870 2718 ὅσον
2916 2663 2974 2720 δὲ
3028 2664 3223 2740 κομιδῆ
3285 2665 3537 2726 δνσήνιον
3614 2667 3940 2743 ἐπιρίψαντες,
4013 2669 4149 2720 οὕτω

2542 2763 2652 2817 τοῖς
2685 2758 2837 2828 ἱεροῖς
2887 2764 2978 2808 τοῦ
3033 2761 3204 2829 Λόγου
3267 2758 3526 2829 θεολόγοις
3581 2758 3653 2820 εἰς
3691 2762 3785 2816 τὴν
3837 2756 3936 2810 τῶν
3990 2757 4149 2809 ἑθνῶν

2540 2850 2874 2917 περιποίησιν
2903 2842 3247 2919 συνέδραμον,
3300 2849 3368 2908 ὡς
3422 2850 3662 2918 τάχιστα
3719 2851 3813 2904 τὴν
3865 2849 4151 2918 σύμπασαν

2540 2942 2639 3005 γῆν
2694 2942 2790 2996 τῆς
2840 2933 3158 3006 ἐπιγνώσεως
3215 2935 3376 2987 αὐτοῦ
3453 2935 3806 3010 πληροῦσθαι.
3895 2942 4150 3008 Πρότερον

2543 3020 2603 3076 δι
2635 3020 2729 3076 διά
2785 3027 3000 3089 τούτων,
3051 3027 3122 3086 ὡς
3177 3032 3235 3076 αῖ
3286 3027 3419 3077 θεῖαί
3477 3044 3634 3097 φασιν
3691 3024 4060 3096 ἀποκαλύψεις,
4124 3025 4150 3076 ὁ

771 3112 1000 3168 toribus
1042 3113 1120 3168 ad
1160 3115 1617 3169 conversionem
1649 3115 1919 3186 gentium
1950 3116 2431 3187 promovendam
2465 3147 2504 3201 Ο

2394 3133 2431 3172 n
2465 3147 2504 3201 Ο
2545 3109 2752 3185 δράκων
2801 3112 2824 3164 6
2868 3113 3041 3184 μέλας,
3103 3115 3129 3165 6
3180 3116 3442 3187 θεομάχος
3501 3122 3614 3175 νοῦς
3692 3120 3781 3167 καὶ
3828 3113 4149 3180 ἀποστάτης,

774 3202 1124 3257 auxiliarem
1158 3219 1332 3257 suam
1364 3219 1613 3274 operam
1655 3204 1952 3276 prolixam
2009 3211 2066 3260 et
2124 3206 2432 3261 assiduam

769 3296 1299 3362 repraesentarunt,
1331 3307 1401 3346 eo
1425 3309 1706 3348 successu
1741 3298 1805 3348 ut
1830 3293 2133 3350 celerrime
2153 3295 2434 3351 universa

777 3383 934 3434 terra
959 3381 1298 3448 cognitione
1327 3381 1426 3436 Dei
1473 3381 1817 3452 repleretur.
1871 3384 2041 3438 Prius
2085 3389 2288 3439 tamen
2355 3385 2432 3440 ab

774 3467 991 3523 iisdem
1016 3470 1162 3532 istis,
1195 3475 1254 3524 ut
1277 3470 1482 3526 divina
1527 3476 1729 3526 narrat
1779 3471 2194 3544 Apocolypsis,
2249 3473 2431 3528 draco

771 3557 942 3627 niger
968 3563 1246 3628 apostata
1298 3559 1350 3614 ei
1409 3575 1600 3631 usque
1659 3561 1737 3615 ad
1791 3562 2259 3633 repugnandum
2311 3561 2430 3618 Deo

769 3652 1095 3702 contumax
1131 3648 1372 3715 spiritus
1401 3664 1539 3703 cum
1564 3649 1687 3704 suis
1712 3649 1939 3719 angelis
1971 3649 2301 3706 debellatus
2321 3657 2426 3718 est,

769 3742 826 3791 et
859 3735 1200 3791 ccelestibus
1235 3738 1457 3808 ejectus
1487 3738 1730 3794 sedibus
1760 3740 1820 3793 in
1850 3739 2140 3811 abyssum
2188 3757 2257 3796 ac
2299 3743 2430 3796 Tar-

769 3829 962 3880 tarum
997 3825 1294 3894 relegatus
1323 3831 1430 3881 est.
1457 3827 1642 3897 Hujus
1669 3829 1880 3882 merito
1931 3829 2186 3884 victoriae
2236 3830 2430 3885 conci-

764 3912 976 3968 liatum
1009 3914 1159 3985 ipsis
1193 3916 1505 3986 praesentis
1523 3916 1773 3986 hujusce
1792 3916 1921 3972 festi
1949 3918 2237 3973 honorem
2263 3924 2428 3991 puto.
2459 3912 2469 3921 ’

766 4005 1081 4074 Propterea
1105 4005 1386 4075 synaxim
1416 4005 1927 4074 archangelorum
1955 4007 2132 4062 hodie
2171 4008 2432 4077 gratula-

768 4092 926 4147 tione
949 4099 1114 4148 tanta
1146 4110 1567 4167 concursuque
1599 4095 1977 4151 celebramus
2027 4099 2145 4152 Hoc
2187 4097 2266 4152 illi
2325 4098 2433 4153 de-

767 4198 874 4237 cus
905 4190 1247 4239 meruerunt
1269 4201 1391 4256 quo
1417 4190 1684 4256 tempore
1711 4185 1788 4240 ad
1810 4186 1996 4241 divini
2048 4192 2259 4241 nutum
2314 4188 2432 4258 spi-

764 4272 908 4327 ritus
922 4277 1215 4344 tanquam
1231 4273 1307 4328 ad
1321 4274 1700 4345 imperatoris
1715 4275 1955 4344 signum
1979 4292 2128 4332 conc
2142 4282 2426 4348 urrentes,

767 4366 822 4417 et
845 4362 1091 4433 spiritali
1139 4363 1410 4434 quodam
1441 4363 1669 4434 impetu
1723 4371 1901 4437 atque
1949 4366 2341 4438 impressione
2371 4369 2430 4422 in

761 4457 995 4525 patrem
1057 4451 1295 4507 malitiae
1353 4453 1531 4508 simul
1618 4453 2016 4525 irrumpentes
2088 4461 2433 4512 averterunt

763 4541 932 4597 illum
966 4542 1026 4596 in
1055 4542 1238 4597 tinem
1269 4559 1281 4597 :
1319 4547 1376 4597 et
1403 4543 1573 4612 juxta
1605 4543 1875 4599 divinam
1912 4545 2282 4616 Scripturam
2305 4546 2431 4602 illu-
2467 4559 2508 4611 ι)

1938 4545 2431 4616 ιρι-ἱριωιᾶωὶηυ-
2467 4559 2508 4611 D
2543 4541 2823 4617 ἐπικρατεῖ,
2881 4544 3039 4604 οὕτως
3101 4546 3131 4602 ἡ
3191 4552 3291 4596 τῶν
3351 4544 3693 4618 ἀρχαγγέλων

766 4631 977 4686 dentes
1005 4637 1081 4700 et,
1109 4632 1261 4687 sicut
1283 4631 1668 4702 fulgurjuxta
1700 4633 1988 4689 visionem
2008 4634 2147 4690 Jesu
2196 4653 2226 4690 e
2279 4636 2430 4692 coelo

765 4720 1556 4793 prmcipitemexturbarunt.
1578 4723 1867 4778 Caeterum
1881 4739 2161 4794 quaenam
2179 4725 2252 4780 sit
2278 4726 2431 4780 inter

766 4816 996 4865 mentes
1020 4811 1405 4883 incorporeas
1441 4810 1577 4866 belli
1612 4827 2077 4884 pugnarumque
2108 4818 2239 4882 rati,
2282 4816 2428 4887 ipsae

766 4899 985 4955 scilicet
1017 4899 1303 4971 praeclare
1335 4901 1634 4957 noverint.
1698 4903 1814 4955 Nos
1855 4901 2250 4959 humilitatem
2272 4905 2430 4974 cogi-

765 4990 1063 5044 tationum
1110 4989 1496 5044 similitudine
1550 4988 1933 5045 sublevantes
1986 5007 2056 5047 ex
2110 4999 2424 5050 ventorum

765 5078 1046 5134 conﬂictu
1087 5084 1258 5135 vasto
1282 5081 1434 5134 inter
1455 5095 1516 5134 se
1542 5078 1692 5134 coelo
1719 5078 2197 5151 depraeliantium
2220 5084 2425 5139 nescio

763 5184 950 5240 quam
983 5169 1060 5226 ad
1095 5169 1513 5242 usurpandam
1547 5169 1729 5240 hujus
1758 5169 1922 5225 lectae
1967 5172 2228 5242 speciem
2280 5175 2425 5229 nite-

762 5259 999 5314 bamur.
1033 5261 1100 5316 Ut
1130 5260 1308 5330 igitur
1335 5259 1396 5314 in
1435 5260 1626 5314 ventis
1688 5259 2099 5315 vehementior
2137 5261 2425 5318 inﬁrmio-

762 5363 888 5403 rem
911 5355 1156 5420 superat
1181 5367 1193 5404 :
1224 5349 1308 5405 sic
1331 5347 1828 5418 archangelorum
1861 5349 2116 5406 violenta
2137 5351 2423 5423 quadam

761 5437 821 5493 in
863 5437 1189 5494 draconem
1214 5438 1564 5495 sustinendo
1594 5439 1890 5510 imparem
1922 5440 2260 5512 praevalens
2285 5457 2421 5497 con-

761 5527 1009 5599 spiratio
1041 5528 1102 5583 in
1143 5527 1327 5584 chaos
1368 5531 1425 5584 et
1453 5527 1772 5597 caliginem
1804 5528 2092 5584 miserum
2146 5529 2417 5587 diﬂlavit.

757 5617 944 5682 Quem
973 5617 1104 5688 ejus
1126 5616 1208 5673 illi
1239 5633 1448 5674 casum
1480 5634 1653 5673 suam
1710 5618 1984 5689 ipsorum
2045 5620 2425 5676 securitatem
2469 5617 2849 5691 reputabant,
2909 5616 2993 5672 sic
3055 5633 3117 5672 se
3161 5616 3420 5672 invicem
3469 5622 3927 5674 commonentes
3972 5635 3986 5674 :

2541 3200 2652 3272 ἃμα
2681 3208 2792 3262 τοῖς
2845 3201 3006 3253 αὐτοῦ
3064 3203 3511 3276 καταπολεμηθεὶς
3576 3203 3840 3275 ἀγγέλοις,
3901 3208 3992 3256 καὶ
4046 3212 4152 3255 τῶν

2542 3289 2793 3362 οὐρανίων
2868 3294 3284 3366 κατοίκητηρίων
3362 3294 3547 3366 ῥιφεὶς,
3619 3292 3853 3345 ᾶϐυσσόν
3925 3312 3978 3345 τε
4059 3298 4153 3345 καὶ

3627 3388 3790 3434 Τοῦτο
3874 3386 3957 3433 καὶ
4054 3389 4151 3441 τῆς

2542 3471 2812 3542 παρούσης
2848 3467 2994 3540 οἶμαι
3032 3469 3273 3542 πρόξενον
3328 3469 3529 3545 ἕορτῆς,
3587 3479 3742 3523 τοῦτο
3783 3475 3871 3522 καὶ
3932 3470 4148 3532 σύναξιν

2540 3566 2640 3609 τῶν
2700 3557 3043 3631 ἀρχαγγίλων
3112 3564 3346 3632 σήμερσν
3384 3559 3826 3632 πανηγυρίζομεν.
3889 3560 4014 3612 Καθ’
4090 3560 4147 3611 ὃν

2539 3649 2719 3719 καιρὸν
2797 3649 3090 3719 Πνεύματος
3174 3650 3309 3700 θείου
3386 3645 3773 3722 συνδραμόντες
3836 3650 3992 3722 ῥοπῇ,
4057 3653 4147 3700 καὶ

2541 3380 2797 3451 τάρταρον
2856 3379 3012 3431 οἰκεῖν
3092 3377 3540 3436 καταδεδίκαστο.

2537 3742 2730 3797 νοητώς
2774 3745 2844 3806 τῷ
2904 3745 2993 3796 τῆς
3041 3742 3229 3798 κακίας
3277 3737 3616 3812 συρραγέντες
3655 3744 3815 3812 πατρὶ
3862 3738 4146 3811 ἐτρέψαντό

2541 3846 2595 3878 τε
2624 3835 2803 3879 τοῦτον
2835 3831 2901 3887 εἰς
2924 3827 3065 3888 τελος
3131 3831 3219 3879 καὶ
3264 3831 3400 3879 κατὰ
3446 3832 3540 3886 τὴν
3597 3827 3734 3901 ἱερὰν
3786 3833 3992 3903 Γραφήν
4057 3828 4145 3900 εγ-

2541 3916 2954 3979 καταπαίξαντες
2999 3922 3088 3969 καὶ
3145 3920 3318 3990 ὧσπερ
3373 3916 3649 3991 ἀστραπὴν
3706 3921 3842 3970 κατὰ
3900 3923 3993 3976 τὴν
4053 3927 4150 3970 τοῦ

2545 4005 2723 4062 Ἰησοῦ
2791 4007 3006 4078 θεωρίαν
3072 4006 3128 4068 ἐξ
3204 4007 3424 4079 ούρανοῦ
3493 4005 3767 4079 βαλλοντες
3850 4007 4146 4082 ἐξέρριψαν.

2546 4094 2702 4146 Ἀλλά
2761 4099 2836 4155 τίς
2884 4096 2910 4146 6
2967 4102 3059 4147 τοῦ
3106 4095 3330 4168 πολέμου
3391 4105 3490 4147 τῶν
3566 4095 3858 4169 ἀσωμάτων
3935 4101 4150 4170 τρόπος,

2549 4180 2730 4236 εἰδεῖεν
2787 4186 2848 4235 οἶν
2901 4184 3084 4236 ἐκεῖνοι
3133 4194 3328 4256 σαφῶς.
3376 4186 3656 4246 Εἱκάζουεν
3702 4183 3761 4238 δε
3822 4188 3971 4257 ἡμεῖς
4031 4194 4152 4248 ταῖς

2547 4282 2646 4325 τῶν
2725 4273 2919 4346 ἀνίμων
3004 4274 3117 4326 κατ’
3204 4274 3431 4332 ἀλλήλων
3506 4274 3806 4347 ἐμπτώσεσι
3869 4280 3962 4334 τὴν
4049 4285 4155 4328 τῶν

2543 4371 2738 4420 νοητῶν
2806 4362 3006 4415 ἐκείνων
3076 4366 3379 4435 πνευμάτων
3450 4368 3868 4439 παρωμοιῶσθαί
3955 4365 4154 4423 πάλην.

2541 4451 2740 4527 Ὠσπερ
2801 4461 2888 4504 οῦν
2931 4452 2979 4503 ἐν
3033 4457 3234 4513 τούτοις
3285 4462 3378 4506 τοῦ
3427 4457 3641 4516 ἥττονος
3697 4457 3723 4507 6
3797 4452 4151 4528 σφοδρότερος

3786 4544 3941 4618 βιαία
4009 4549 4152 4598 κατὰ

2540 4640 2632 4684 τοῦ
2691 4629 2972 4708 δράκοντος
3026 4632 3365 4704 ὶνισχύσασα
3424 4639 3548 4693 πνοὴ
3602 4639 3687 4687 τὸν
3737 4639 3827 4707 μὲν
3880 4635 3952 4697 εἰς
4007 4639 4148 4707 χάος

2540 4727 2629 4773 καὶ
2659 4722 2812 4794 ζόφον
2841 4721 3144 4796 ἑξερῥίψατο
3179 4743 3190 4755 ·
3225 4723 3375 4775 αὐτοὶ
3427 4720 3486 4776 δε
3543 4728 3638 4782 τὴν
3695 4723 3886 4776 ἐκείνου
3937 4734 4146 4776 πτῶσιν

2539 4811 2731 4864 ἑαυτῶν
2759 4809 3038 4883 ἀσφάλειαν
3077 4813 3351 4884 τιθέμενοι,
3413 4813 3584 4886 ἕτερος
3638 4817 3771 4879 πρὸς
3830 4817 3918 4865 τὸν
3969 4815 4145 4888 ἕτερον

2537 4901 2811 4976 ἐκέκραγον
2841 4923 2853 4935 ·
2879 4905 3098 4969 Μὴπως,
3123 4905 3272 4973 φασὶ,
3304 4898 3397 4954 διά
3467 4909 3562 4964 τῆς
3613 4903 3773 4963 αὐτῆς
3839 4903 4007 4965 αἰτίας
4075 4903 4149 4964 εἰς

2535 4995 2629 5049 τὴν
2719 4992 2901 5062 ὁμοίαν
2980 4988 3344 5063 ύπενεχθῶμεν
3427 4991 3597 5066 ῥίψιν.
3677 4993 3966 5067 Τοιγαροῦν
4050 5000 4147 5047 καὶ

2537 5082 2685 5153 ἡμεῖς
2737 5086 3069 5152 κροτὴσωμεν
3120 5085 3340 5156 σήμερον
3391 5086 3483 5139 τὴν
3545 5082 3706 5139 ἧτταν
3781 5090 3874 5135 τοῦ
3946 5079 4152 5155 δυσμε-

2537 5179 2672 5230 νοῦς.
2742 5169 3102 5242 Ἐορτάσωμεν
3143 5175 3236 5228 τὴν
3290 5169 3341 5222 ἐν
3396 5178 3486 5224 νοῦ
3539 5167 3779 5245 ούρανοῦ,
3851 5175 3984 5224 κατά
4082 5178 4146 5225 τό

2536 5259 2734 5316 ὑψηλὸν
2779 5258 3097 5330 εὐαγγέλιον,
3143 5266 3234 5311 τοῦ
3293 5266 3493 5311 Σατανᾶ
3578 5270 3802 5330 πτῶσιν,
3890 5266 3976 5313 καὶ
4051 5265 4154 5320 τὴν

2535 5349 2774 5421 λαμπρὰν
2829 5356 2926 5398 τῶν
2980 5346 3206 5418 ἀγγέλων
3251 5353 3395 5406 νίκην
3452 5345 3688 5423 φαιδρῶς
3745 5351 4152 5422 πανηγυρίσαν-

2535 5459 2618 5501 τες
2664 5437 2747 5490 ἐπὶ
2784 5439 2877 5498 τὰς
2949 5436 3128 5509 ἑφεξῆς
3207 5438 3373 5489 αὐτῶν
3469 5438 3737 5513 ἀριστείας
3823 5444 3909 5491 τὸν
3991 5439 4152 5510 λόγον

2535 5530 2934 5599 καταγάγωμεν.

4033 5621 4150 5676 Ne-

755 5705 907 5764 forte
967 5707 1049 5764 ob
1102 5707 1384 5769 eamdem
1445 5707 1639 5769 simile
1693 5723 1806 5765 nos
1849 5708 1964 5784 ipsi
2023 5724 2270 5784 quoque
2319 5709 2650 5786 aliquando
2701 5708 2761 5764 in
2818 5706 3098 5764 exsilium
3149 5706 3557 5790 deportemur.
3633 5710 3750 5765 Nos
3802 5723 3945 5765 vero
4023 5724 4145 5789 par
