4444 6452
318 423 424 478 23'7
1105 419 1370 475 NICETE
1401 412 1755 475 LAUDATIO
1787 410 1885 466 SS.
1915 407 2073 463 MICH

1915 406 2288 463 MICHAELIS
2326 406 2411 460 ΕΤ
2440 403 2824 459 GABRIELIS.
3519 401 3654 458 1238

283 552 406 603 tem
437 545 618 600 etiam
641 541 977 598 delibemus
1021 541 1159 596 huic
1219 543 1462 611 gaudii:
1498 547 1555 598 et
1585 539 1806 594 victum
1864 531 2119 603 impium
2171 531 2477 584 communi
2518 527 2695 582 hodie
2735 527 2955 598 plausu
2996 524 3386 596 gratulemur.
3435 526 3654 582 Casum

289 637 523 691 Satanae
551 634 724 703 juxta
745 631 1018 684 divinum
1045 632 1424 700 Evangelium
1458 631 1530 684 de
1571 627 1719 682 coelo
1753 621 2018 678 cadentis
2066 618 2217 671 {exta
2245 616 2466 670 Laetitia
2497 630 2935 703 prosequamur
2987 612 3432 684 gloriosamque
3461 614 3650 670 victo-

285 725 438 780 riam
467 702 816 790 angelorum
846 719 1141 774 hilaritate
1172 720 1414 791 publica
1443 719 1808 774 celebrantes
1837 711 1913 767 ad
1947 711 2220 764 caeterum
2251 721 2447 763 rerum
2481 708 2554 760 ab
2586 702 2732 780 ipsis
2765 702 3045 778 praeclare
3076 709 3380 776 gestarum
3417 718 3654 773 percur-

283 811 540 868 rendam
572 809 785 863 seriem
819 807 1150 862 orationem
1183 808 1594 862 admittamus.

359 911 452 960 Διά
505 910 698 959 τούτων
767 904 1068 966 ἀπόστολοι,
1130 908 1406 979 μάρτυρες,
1469 907 1636 975 ἱερέων
1703 922 1752 953 τε
1803 905 1969 952 καὶΑ
2078 900 2114 951 Η

1925 905 1969 952 Α
2078 900 2297 951 Horum
2330 896 2606 965 praesenti
2641 910 2753 966 ope
2788 894 3038 964 apostoli
3079 900 3134 948 et
3175 898 3480 965 martyres,
3512 909 3658 964 pon-

285 1001 443 1050 όσίων
525 998 922 1069 κραταιούμενοι
995 1000 1171 1065 χοροὶ,
1223 997 1270 1045 οι
1309 996 1398 1066 μεν
1453 998 1509 1044 τὸ
1566 996 1746 1062 κράτος
1803 994 1891 1039 και
2007 986 2040 1040 ti

2007 985 2230 1040 tiﬁcum
2255 989 2718 1055 sanctorumque
2740 984 3102 1054 reliquorum
3127 982 3495 1037 corroborati
3525 983 3657 1036 cho-

288 1090 480 1161 θράσος
539 1094 634 1144 τῆς
686 1084 924 1135 ἀνέκαθεν
989 1082 1228 1142 ἀσεϐείας
1285 1082 1619 1154 ἐκριξούντες,
1672 1084 1757 1130 τὸν
1815 1079 1891 1129 εύ-
2005 1075 2043 1130 ri

2005 1075 2051 1130 ri
2086 1092 2098 1140 ;
2133 1074 2211 1128 illi
2236 1075 2500 1145 quidem,
2532 1073 2746 1128 robore
2787 1078 2964 1143 atque
2991 1072 3248 1127 audacia
3294 1073 3655 1143 superstitio-

288 1175 412 1233 σεϐῆ
460 1183 552 1226 τοῦ
585 1181 719 1225 Θεου
763 1177 937 1242 Λόγου
969 1172 1118 1242 λόγον
1156 1172 1488 1242 ἐνεφύτευσαν
1530 1179 1590 1241 τῇ
1641 1178 1707 1240 γῇ
1773 1191 1784 1200 ·
1845 1170 1892 1218 οὶ
2003 1178 2041 1216 n

2003 1165 2116 1230 nis,
2149 1179 2278 1234 quae
2329 1179 2396 1216 ex
2431 1161 2632 1216 inferis
2665 1166 2978 1229 emeserat,
3028 1161 3373 1232 exstirpata,
3421 1162 3655 1232 pietatis

287 1262 346 1317 δε
403 1266 662 1336 τυράννων
741 1265 1057 1331 μιαιφονίαις
1125 1261 1532 1331 συμπλεκόμενοι
1584 1264 1670 1310 καὶ
1701 1263 1893 1330 μέχρις
2004 1271 2042 1305 St

2004 1267 2206 1306 semen
2273 1251 2369 1304 Dei
2401 1250 2568 1304 Verbi
2601 1249 2853 1304 verbum
2913 1250 2972 1304 in
3029 1255 3183 1304 terra
3243 1249 3655 1305 severunt.llli

287 1355 510 1425 αἵματος
565 1355 768 1411 τούτοις
821 1350 1326 1421 ἀντικαθιστάμενοι,
1386 1353 1474 1408 τὰς
1542 1347 1732 1418 ἐναγεῖς
1803 1349 1890 1418 μὲν
2002 1358 2042 1394 νε

2002 1357 2139 1395 vero
2185 1357 2322 1394 cum
2375 1340 2719 1394 crudelitate
2769 1345 3162 1409 tyrannorum
3191 1339 3464 1394 cominus
3518 1355 3653 1394 con-

287 1443 476 1502 θυσίας
520 1449 618 1491 τῶν
675 1435 957 1509 δαιμονίων
1033 1437 1340 1503 ὰντανεῖλον,
1419 1438 1566 1488 αὐτοὶ
1615 1433 1674 1487 δὲ
1732 1438 1892 1486 θυσία
2003 1446 2040 1496 εξ

2003 1431 2187 1496 gressi
2215 1435 2267 1484 et
2295 1445 2484 1500 usque
2512 1428 2587 1483 ad
2611 1429 2965 1495 sanguinem
2998 1429 3082 1482 eis
3131 1429 3467 1483 resistentes
3517 1444 3653 1499 pro-

285 1531 435 1590 ζῶσα
489 1525 642 1584 δεκτὴ
704 1535 775 1596 τῷ
813 1535 908 1587 τῆς
962 1523 1122 1587 δόξης
1179 1529 1536 1597 κεκάρπωνται
1594 1534 1728 1594 Θεῷ.
1791 1529 1890 1575 Καὶ
2002 1519 2040 1574 fe

2002 1519 2143 1574 fana
2203 1518 2447 1588 quidem
2489 1516 2778 1572 sacriﬁcia
2809 1516 3246 1572 daemoniorum
3289 1517 3656 1572 sustulerunt

289 1620 438 1688 ἱερεῖς
483 1619 573 1687 μὲν
627 1619 820 1685 Κυρίου
858 1610 1201 1670 δικαιοσύνην
1251 1611 1589 1684 ἐνδυσάμενοι
1645 1619 1744 1663 πᾶν
1801 1615 1889 1682 μὲν
2001 1607 2044 1677 ἱῐ

2001 1607 2112 1677 ipsi
2145 1623 2284 1662 vero
2313 1607 2517 1661 vivens
2547 1605 2742 1660 hostia
2765 1612 2821 1661 et
2861 1605 3243 1676 acceptabilis
3279 1609 3394 1660 Deo
3450 1606 3653 1674 gloriae

284 1707 410 1775 ἄγος
488 1706 731 1775 αἱρέσεων
783 1701 1231 1770 ἀπεσκοράκισαν,
1306 1708 1480 1753 πᾶσαν
1522 1698 1581 1752 δε
1628 1701 1889 1769 θεολογίαν
1999 1696 2039 1749 il

1999 1696 2291 1750 immolati
2333 1700 2490 1750 sunt.
2519 1700 2589 1748 At
2622 1693 2958 1748 sacerdotes
2994 1695 3090 1748 Dei
3116 1694 3406 1762 justitiam
3441 1695 3650 1761 induti,

283 1791 567 1864 ἀμώμητον
607 1794 730 1861 ἡμῖν
777 1789 1075 1852 ἐξέϐλυσαν.
1120 1791 1333 1862 Ὀμιλος
1383 1789 1441 1842 δε
1497 1799 1594 1841 τῶν
1648 1794 1889 1845 ασκητῶν
2000 1800 2038 1855 p

2000 1791 2163 1855 peste
2185 1786 2342 1839 omni
2370 1786 2677 1838 hiereseon
2707 1783 2912 1854 procul
2939 1800 2974 1838 a
3022 1784 3378 1852 contagione
3410 1784 3652 1839 sincerte

287 1883 419 1953 ἱερὸς
463 1883 596 1931 κατὰ
623 1887 713 1931 τού
742 1885 900 1950 νόμου
937 1888 1031 1940 τῆς
1089 1880 1343 1950 ἁμαρτίας
1391 1879 1742 1950 όπλιζόμενοι,
1799 1883 1888 1930 καὶ
2001 1873 2035 1926 ﬁ

2001 1873 2136 1927 fidei
2167 1873 2578 1939 exterminata,
2611 1888 2795 1927 sacrae
2826 1871 3001 1926 nobis
3054 1871 3338 1927 doctrinae
3387 1872 3649 1944 explica-

280 1978 459 2022 τοῦτον
507 1974 646 2040 νόμῳ
684 1972 1026 2042 τροπούμενοι
1079 1965 1444 2032 δικαιοσύνης,
1498 1968 1545 2019 ἐν
1589 1974 1692 2041 ὄρει
1755 1975 1887 2019 Θεοῦ
1999 1963 2035 2018 ti

1999 1963 2222 2018 tionem
2264 1979 2476 2018 sanam
2507 1969 2564 2018 et
2608 1961 3186 2033 irreprehensibilem
3237 1961 3652 2033 profuderunt.

281 2059 415 2130 ἁγίῳ
486 2061 853 2109 καταπαύουσι
925 2065 1071 2112 Σιών.
1129 2058 1230 2110 Καὶ
1278 2061 1379 2131 γὰρ
1436 2060 1618 2118 πάντες
1695 2060 1783 2126 μὲν
1841 2057 1888 2106 οἱ
1999 2056 2036 2108 C

1999 2056 2197 2108 Coetus
2247 2067 2426 2123 porro
2479 2067 2643 2106 sacer
2690 2056 3036 2105 Ascetarum
3086 2051 3375 2106 adversus
3427 2052 3651 2122 peccati

283 2149 409 2220 ἱεροὶ
461 2152 569 2207 νόες
656 2147 953 2217 λειτουγικὰ
1029 2150 1297 2218 πνεύματα
1363 2149 1496 2197 κατὰ
1570 2149 1657 2196 τόν
1726 2149 1886 2216 μέγαν
1997 2141 2038 2196 Ιε

1997 2141 2190 2211 legem
2222 2141 2456 2205 armati,
2486 2139 2772 2210 illamque
2801 2139 2929 2208 lege
2973 2139 3211 2208 justitiie
3243 2145 3651 2210 permutantes

282 2235 596 2288 Ἀπόστολον
666 2237 992 2308 ὑπάρχοντες
1071 2241 1201 2310 πρὸς
1249 2241 1341 2292 τὴν
1416 2244 1513 2286 τῶν
1583 2235 1886 2305 σωζομένων
1923 2261 1964 2313 Β
1996 2231 2037 2286 il

1923 2261 1964 2313 Β
1996 2231 2058 2286 in
2109 2237 2309 2285 monte
2361 2233 2454 2283 Dei
2490 2235 2694 2284 saneto
2727 2229 2865 2284 Sion
2904 2229 3310 2299 acquiescunt.
3362 2230 3650 2284 Caeterum

279 2323 355 2395 ἐφ’
386 2323 505 2380 ὅλην
565 2328 656 2381 τὴν
695 2331 792 2394 γῆν
835 2326 1267 2398 προχειρίζονται
1319 2321 1590 2375 διακονίαν
1617 2345 1629 2355 ι
1664 2321 1886 2393 Μιχαὴλ
1997 2335 2028 2374 ο

1997 2335 2134 2374 cum
2185 2319 2296 2374 illae
2345 2335 2558 2374 omnes
2615 2323 2837 2372 sanctte
2899 2322 3126 2372 mentes
3175 2317 3345 2388 juxta
3400 2334 3650 2387 magum

280 2409 340 2464 δὲ
392 2418 481 2464 καὶ
529 2411 751 2486 Γαϐριὴλ
819 2416 1054 2484 τοσούτῳ
1112 2417 1422 2487 πιστοτέραν
1453 2417 1542 2464 καὶ
1600 2411 1885 2485 ἐνεργεστέ-
1997 2416 2035 2463 Α

1997 2408 2347 2480 Apostolum
2379 2406 2867 2463 administratorii
2900 2405 3017 2460 sint
3045 2405 3304 2477 spiritus,
3349 2407 3649 2462 omnium-

276 2520 369 2573 ραν
428 2506 522 2559 τὴν
583 2502 775 2554 ἑαυτῶν
833 2501 1157 2574 λειτουργίαν
1212 2501 1575 2576 ἀναφέρουσιν,
1643 2503 1749 2570 ὅσω
1796 2505 1886 2550 καὶ
1995 2513 2031 2570 q

1995 2513 2112 2570 que
2167 2497 2329 2552 salus
2355 2496 2458 2567 qui
2492 2496 2713 2566 ubique
2749 2500 3042 2550 terrarum
3090 2495 3498 2551 haereditatem
3547 2511 3650 2552 ca-

277 2593 484 2644 πάντων
540 2593 898 2663 ύπερκείμένοι
957 2597 1141 2663 σοφίας
1180 2597 1459 2666 περιουσίᾳ
1518 2596 1607 2642 καὶ
1654 2590 1886 2662 λαμπρό-
1997 2602 2032 2658 p

1997 2587 2169 2658 piunt
2198 2586 2405 2641 salutis
2437 2602 2643 2640 eorum
2678 2584 2754 2640 ad
2786 2585 3094 2640 ministerii
3142 2585 3651 2658 providentiteque

276 2699 450 2747 τητος,
506 2679 694 2752 μᾶλλον
738 2685 1132 2752 προσηγγίκασι
1191 2689 1252 2752 τῇ
1311 2682 1732 2754 ύπερουσιότητι.
1793 2681 1886 2731 Διά
1995 2692 2031 2748 p

1995 2684 2228 2748 partem
2273 2675 2538 2747 aliquam
2585 2675 2873 2746 pertineat
2901 2692 2912 2728 :
2949 2679 3114 2729 tanto
3146 2674 3278 2746 plus
3311 2681 3510 2730 tamen
3538 2675 3651 2730 hac

273 2774 466 2830 παντὸς
545 2765 603 2821 δε
685 2768 961 2839 βλέπουσι,
1037 2773 1104 2831 ὡς
1150 2772 1174 2820 ό
1221 2772 1354 2831 θεῖός
1402 2789 1532 2841 φησι
1609 2769 1775 2839 λόγος,
1827 2771 1884 2820 τὸ
1994 2765 2028 2822 il

1994 2765 2056 2822 in
2101 2764 2580 2820 administranda
2641 2763 2887 2835 spiritali
2946 2763 3299 2834 prtefectura
3349 2764 3650 2821 ﬁdelitatis

275 2862 549 2932 πρόσωπον
587 2866 679 2909 τοῦ
712 2866 867 2914 Θεοῦ,
898 2856 1214 2933 Ὠσπεριοῦν
1265 2859 1420 2919 αύτὸς
1468 2859 1612 2918 οὗτος
1661 2860 1686 2909 ό
1745 2859 1885 2909 θεάν·
1995 2856 2030 2910 il

1995 2856 2425 2926 industriaeque
2458 2852 2634 2908 laude
2667 2852 2908 2908 Michael
2937 2857 2994 2908 et
3027 2852 3259 2908 Gabriel
3291 2870 3472 2925 supra
3514 2853 3651 2910 reli-

275 2949 475 3022 θρωπος
530 2951 762 3018 Χριστός
833 2948 1036 3007 Ἰησοῦς
1075 2951 1188 3018 ἔχει
1245 2968 1334 3020 μεν
1391 2947 1445 2998 ἐκ
1496 2945 1700 3010 δεξιῶν⁹
1770 2950 1884 3017 ἔχει
1992 2960 2030 3016 q

1992 2960 2148 3016 quos
2178 2942 2492 3010 excellunt,
2528 2947 2756 3014 quanto
2793 2942 3006 2996 iisdem
3037 2942 3321 2997 omnibus
3359 2943 3653 3014 sapientia

273 3033 334 3089 δε
389 3042 478 3088 καὶ
551 3036 602 3098 ἐξ
675 3037 944 3108 εὐωνύμων
1003 3037 1142 3107 αὐτῷ
1200 3034 1658 3106 συνεδριάςοντας,
1712 3037 1788 3097 οἷς
1849 3037 1877 3093 ἡ
1993 3049 2025 3089 e

1993 3040 2050 3089 et
2104 3032 2409 3089 nobilitate
2454 3031 2608 3086 infra
2641 3047 2702 3086 se
2757 3031 2971 3086 relictis
3023 3031 3276 3086 vicinius
3336 3031 3415 3087 ad
3453 3033 3650 3088 omnis

274 3121 527 3198 συνεδρία
602 3129 733 3196 πρὸς
783 3133 876 3176 τοῦ
931 3130 1129 3199 Πατρός
1226 3122 1382 3183 δῆλον
1440 3127 1520 3176 ὅτι
1586 3129 1878 3197 πρητοίμα-
1992 3139 2029 3195 p

1992 3122 2370 3195 perfectionis
2422 3121 2655 3192 apicem
2712 3120 3085 3174 divinitatem
3134 3119 3457 3176 similitudo
3507 3121 3649 3176 istos

274 3231 396 3264 σται
445 3213 599 3278 ούτω,
647 3219 799 3284 φημὶ,
869 3219 958 3265 καὶ
1015 3223 1113 3264 τῶν
1167 3222 1352 3284 νοερῶν
1404 3216 1598 3264 τούτων
1650 3211 1880 3285 λειτουρ-
1990 3228 2029 3283 ρ

1990 3212 2236 3283 propior
2259 3227 2443 3283 quam
2469 3210 2722 3265 aliorum
2743 3225 3115 3281 quemquam
3138 3209 3520 3282 dignitasque
3547 3211 3650 3265 ad-

269 3309 376 3372 γῶν
405 3301 459 3352 ὃν
485 3305 574 3373 μεν
597 3302 651 3352 ἐκ
690 3299 892 3367 δεξιῶν,
953 3303 1006 3353 ὃν
1059 3299 1117 3354 δὲ
1160 3306 1249 3354 καὶ
1299 3301 1349 3364 ἐξ
1407 3301 1674 3373 εὐωνύμων
1736 3301 1877 3371 αύτῷ
1989 3319 2024 3356 Π

1989 3307 2189 3357 movet
2221 3300 2553 3354 sublimior.
2590 3302 2835 3369 Semper
2867 3305 3086 3368 autem,
3124 3304 3186 3353 ut
3215 3299 3486 3354 divinum
3514 3300 3647 3355 Ver-

269 3399 604 3462 παρεστῶτας
647 3390 699 3453 ἐξ
743 3391 926 3451 αἰῶνος
973 3397 1364 3465 παρεστήσατο,
1425 3390 1499 3443 Δι’
1557 3391 1624 3440 ὧν
1681 3393 1744 3450 ως
1796 3393 1873 3442 οἰ·-

1987 3389 2132 3444 bum
2161 3389 2445 3460 loquitur,
2481 3387 2681 3441 vident
2712 3385 2921 3442 faciem
2953 3387 3068 3441 Dei.
3120 3387 3645 3451 Quemadmodum

268 3481 544 3530 κειοτάτων
606 3487 715 3541 τοῖς
781 3479 917 3540 ὅλοις
973 3479 1314 3551 ἐντελλόμενος
1392 3488 1491 3530 τῶν
1543 3479 1670 3530 ὅλων
1744 3480 1870 3552 ύπερ
1980 3483 2023 3548 ig

1980 3480 2164 3548 igitur
2194 3479 2288 3532 hic
2311 3493 2440 3549 ipse
2479 3480 2630 3532 Deus
2671 3476 2848 3530 simul
2877 3480 2933 3530 et
2962 3475 3144 3531 homo
3174 3477 3437 3531 Christus
3480 3479 3645 3532 Jesus

270 3573 536 3634 φυέστατα
618 3564 834 3625 κήδεται
919 3575 1008 3620 καὶ
1104 3570 1472 3642 προμηθεῐται.
1553 3569 1704 3620 Ούτω
1779 3572 1872 3630 τὰς
1909 3627 1942 3642 η
1981 3585 2019 3624 a

1909 3627 1942 3642 η
1981 3585 2019 3624 a
2043 3567 2266 3622 dextris
2294 3573 2349 3620 et
2389 3582 2425 3621 a
2457 3565 2710 3619 sinistris
2765 3564 3097 3618 assidentes
3155 3564 3270 3618 sibi
3303 3564 3486 3621 habet
3535 3566 3645 3621 ali-

267 3653 538 3718 πολυεδεῖς
594 3654 884 3726 διακονίας,
955 3658 1044 3710 εἶτ’
1106 3658 1191 3709 οὖν
1252 3658 1570 3730 λειτουργίας
1601 3666 1698 3708 τῶν
1739 3656 1874 3709 ἁσω-
1905 3627 1944 3680 C
1982 3673 2020 3728 q

1905 3627 1944 3680 Ο
1982 3672 2180 3728 quos:
2216 3671 2316 3709 eos
2367 3654 2587 3708 scilicet
2637 3653 2858 3723 quibus
2891 3653 3035 3707 tanti
3086 3669 3405 3708 consessus
3454 3654 3648 3710 honor

267 3749 443 3815 μάτων
481 3748 993 3821 καταθεωρησαντες,
1036 3751 1152 3818 φέρε
1215 3743 1282 3804 δὴ
1334 3747 1511 3798 λοιπὸν
1560 3752 1636 3807 τίς
1697 3747 1874 3808 αύτοίς
1984 3762 2022 3818 p

1984 3751 2231 3818 paratus
2262 3760 2297 3799 a
2321 3746 2485 3798 Patre
2513 3747 2600 3797 est
2635 3758 2646 3794 :
2682 3742 2762 3796 ita
2812 3741 2946 3795 dico
2988 3741 3386 3812 spiritualium
3427 3743 3644 3798 horum

264 3835 443 3906 ἐφεξῆς
482 3837 510 3893 ἡ
571 3839 702 3906 πρὸς
753 3839 839 3886 τὸν
897 3838 1205 3908 ύπερούσιον
1255 3837 1519 3907 ὁμοιότης,
1569 3841 1657 3886 καὶ
1703 3841 1783 3896 τίς
1840 3838 1869 3893 ἡ
1986 3852 2019 3890 n

1986 3837 2396 3890 ministrorum
2421 3832 2660 3887 adstare
2689 3833 2737 3886 ei
2773 3846 3009 3902 semper
3039 3847 3074 3886 a
3105 3830 3326 3886 dextris
3369 3831 3643 3901 alterum,

265 3920 496 3998 διαφορὰ
569 3933 918 3996 κατανοῶμεν,
1010 3933 1070 3996 τῇ
1156 3934 1254 3977 τῶν
1304 3925 1564 3996 ὀνομάτων
1635 3929 1876 3996 κοινωνίᾳ
1987 3940 2020 3979 8.

1987 3923 2239 3979 alterum
2271 3920 2587 3976 asinistris
2656 3919 2733 3974 ad
2789 3919 2901 3974 hoc
2953 3918 3225 3974 officium
3279 3920 3644 3991 quotidianae

263 4018 359 4070 τὴν
430 4012 666 4085 ἀνόμοιον
738 4015 927 4081 αὐτῶν,
1009 4020 1077 4074 ως
1134 4013 1193 4066 ἂν
1251 4018 1382 4067 εἴποι
1430 4035 1527 4083 τις,
1591 4015 1876 4086 ὁμοιότητα
1986 4029 2018 4067 a

1986 4011 2380 4084 apparitionis
2430 4016 2532 4064 aut
2582 4024 2856 4063 assessus
2907 4013 3128 4062 aeterna
3182 4008 3276 4062 Dei
3338 4008 3644 4065 voluntate

261 4105 397 4153 κατὰ
455 4106 608 4173 φύσιν
658 4109 1072 4175 τεκμαιρόμενοι.
1135 4104 1286 4155 Ούτω
1339 4106 1440 4174 γὰρ
1495 4102 1554 4154 ἆν
1599 4106 1627 4160 η
1680 4105 1874 4154 τούτων
1986 4118 2016 4157 e

1986 4102 2204 4158 electos
2235 4108 2290 4154 et
2324 4099 2647 4154 adhibitos.
2686 4097 2911 4163 Quibus
2953 4103 3014 4152 ut
3053 4097 3529 4154 familiarissimis
3560 4100 3644 4155 in-

261 4198 459 4260 γνῶσις
491 4191 834 4265 ἐναργεστέρα
854 4200 926 4262 τῷ
957 4202 1025 4263 νῴ
1057 4193 1442 4264 καταλειφθείη.
1986 4196 2016 4246 ιε

1986 4190 2299 4246 ternuntiis
2329 4205 2397 4243 ac
2432 4187 2918 4260 procuratoribus
2947 4187 3023 4242 ad
3056 4189 3263 4242 omnia
3294 4193 3485 4255 utens,
3519 4191 3643 4244 uni-

261 4279 601 4335 versitatem
634 4296 832 4335 rerum
864 4282 1185 4350 magniﬁca
1221 4282 1488 4350 quadam
1537 4281 1836 4353 planeque
1868 4280 2031 4348 regia
2071 4279 2453 4334 Providentiae
2521 4278 2749 4332 ratione
2802 4276 3169 4331 moderatur.
3220 4277 3332 4332 Sed
3378 4277 3504 4347 jam
3560 4280 3644 4334 in-

261 4381 691 4437 corporearum
724 4369 1018 4424 mentium
1052 4368 1386 4424 functiones
1433 4370 1629 4424 varias
1676 4385 1746 4422 ac
1779 4368 2105 4424 ministeria
2156 4369 2297 4423 satis
2339 4367 2629 4421 hactenus
2687 4365 3091 4436 contemplati,
3152 4382 3261 4437 age
3312 4365 3450 4422 hinc
3482 4367 3644 4423 dein-

221 4528 230 4535 _
261 4469 403 4526 eeps
432 4471 714 4527 quamam
741 4457 984 4512 tandem
1008 4460 1079 4513 sit
1107 4458 1346 4514 illorum
1373 4474 1509 4513 cum
1543 4458 1662 4512 Deo
1691 4457 2036 4522 similitudo,
2070 4475 2276 4512 rursus
2309 4473 2443 4527 quae
2471 4454 2824 4518 differentia,
2855 4455 3319 4510 consideremus.
3354 4458 3636 4530 Hancque

256 4543 321 4598 in
350 4547 426 4598 οὔ
447 4539 609 4600 viam
631 4549 944 4601 teneamus
977 4562 1218 4611 censeo,
1245 4552 1308 4600 ut
1332 4547 1648 4601 nominum
1675 4547 1894 4602 indicio
1917 4553 2161 4602 naturas
2187 4547 2543 4617 indagantes
2574 4545 2956 4600 attendamus
2983 4559 3174 4615 ecqua
3193 4549 3248 4599 et
3273 4545 3469 4616 qualis
3491 4547 3643 4604 inter

260 4649 366 4688 eos
395 4633 497 4704 qui
528 4635 955 4690 communione
988 4638 1368 4690 continentur
1399 4635 1573 4690 unius
1601 4637 1884 4701 nominis,
1918 4636 2242 4700 dissimilis,
2276 4643 2335 4688 ut
2367 4635 2446 4688 sic
2479 4635 2746 4706 loquam,
2778 4649 2910 4687 esse
2943 4633 3128 4705 possit
3173 4634 3497 4690 similitudo
3539 4653 3644 4694 na-

260 4727 544 4778 turarum.
576 4725 666 4778 Sic
697 4726 856 4778 enim
893 4724 1036 4793 vim,
1066 4730 1127 4779 ut
1147 4726 1382 4795 opinor,
1407 4725 1590 4794 hujus
1622 4725 1705 4778 rei
1726 4726 2154 4796 perspiciemus
2185 4723 2421 4780 clarius.

339 4809 495 4862 Ἔστι
534 4815 622 4883 μὲν
655 4815 756 4886 γὰρ
809 4809 960 4865 οὐδὲν
1010 4813 1232 4865 καθόλου
1286 4823 1385 4864 τῶν
1435 4818 1590 4864 όντων
1649 4813 1870 4865 ἀκοινω-
1908 4815 1951 4866 D
2055 4818 2093 4869 iV

1908 4815 1951 4866 D
2055 4814 2203 4869 Nihil
2242 4829 2488 4886 prorsus
2521 4817 2608 4866 est
2633 4812 2905 4866 omnium
2926 4813 3088 4884 quod
3125 4828 3409 4884 supremo
3440 4831 3639 4874 rerum

258 4921 412 4959 νητον
490 4900 730 4961 όλοτελῶς
792 4903 820 4960 ἦ
874 4899 1160 4976 ἀδιάφορον
1216 4906 1343 4975 πρὸς
1417 4909 1510 4960 τὴν
1563 4905 1870 4975 ύπερούσιον
1982 4921 2013 4960 0

1982 4905 2252 4960 omnium
2291 4903 2587 4975 principio
2617 4907 2717 4958 aut
2755 4902 3065 4958 diversum
3092 4902 3174 4958 ita
3228 4903 3302 4959 sit
3332 4910 3538 4962 utnon
3579 4908 3637 4963 in

257 4991 581 5061 ούσιαρχίαν
638 5008 649 5019 ·
685 4995 855 5042 πάντα
905 4989 955 5044 δ’
1015 4994 1117 5044 ὅσα
1144 4997 1200 5044 τὸ
1242 4990 1372 5044 εἶναι
1415 4997 1544 5067 πρὸς
1585 4994 1750 5055 αὐτῆς
1804 4994 1870 5054 εἰς
1982 5011 2012 5050 a

1982 4994 2184 5065 aliquo
2211 4993 2531 5048 conveniat
2564 5011 2575 5057 ;
2607 4998 2708 5047 aut
2750 5008 2958 5046 rursus
3002 4993 3081 5047 ita
3112 4994 3419 5062 geminum
3477 4997 3641 5055 nulla

256 5080 406 5149 λήφει
445 5085 533 5132 καὶ
585 5084 712 5153 πρὸς
757 5088 1047 5144 κοινωνίαις
1100 5087 1211 5134 τισὶ
1274 5087 1404 5156 πρὸς
1455 5088 1650 5140 ταύτην
1705 5103 1867 5134 κεκοι-
1982 5101 2011 5138 u

1982 5088 2045 5138 ut
2101 5085 2157 5137 iu
2220 5088 2380 5152 parte
2443 5081 2697 5136 differat.
2771 5082 2862 5137 Sic
2916 5082 3029 5136 ista
3081 5087 3494 5154 temperantur
3549 5102 3638 5142 1n-

255 5175 481 5226 νώνηται
519 5191 530 5202 ·
580 5175 668 5222 καὶ
721 5167 955 5245 διαφέρει
1002 5169 1278 5244 διαφοραῖς
1311 5167 1547 5229 δηλαδή.
1582 5172 1717 5224 Ἀλλ’
1751 5175 1870 5224 ἔστι
1981 5189 2010 5227 ν

1981 5173 2191 5228 vicem.
2226 5174 2323 5225 Est
2346 5175 2402 5225 in
2432 5172 2594 5226 omni
2620 5171 2719 5225 Dei
2742 5186 2920 5242 opere
2948 5170 3254 5227 character
3298 5175 3436 5229 certi
3459 5173 3640 5232 linea-

259 5262 350 5332 μεν
407 5259 485 5319 οἷς
542 5260 571 5316 ἡ
629 5264 872 5312 κοινωνία
942 5261 1301 5322 πλεονάζουσα
1359 5266 1453 5319 τὴν
1510 5257 1872 5335 διαφορότητα
1983 5279 2014 5317 ι]

1983 5263 2161 5317 menti
2210 5261 2375 5332 quod
2417 5265 2722 5315 auctorem
2780 5259 2992 5315 referat
3026 5281 3038 5324 ;
3070 5266 3210 5316 sunt
3266 5267 3322 5316 et
3377 5264 3640 5334 insignes

259 5356 397 5422 μειοῖ
439 5369 451 5381 ο
486 5351 600 5400 ἔστι
660 5347 711 5400 δ’
773 5351 908 5410 οἷςή
960 5346 1282 5424 διαφορότης
1325 5349 1720 5424 ὑπερϐάλλουσα
1776 5356 1869 5408 τὴν
1981 5353 2014 5407 il

1981 5353 2118 5407 item
2153 5351 2229 5405 ad
2255 5350 2717 5404 discernendum
2746 5359 2926 5403 notae.
2950 5351 3163 5404 Verum
3186 5350 3244 5404 in
3273 5351 3639 5424 quibusdam

260 5442 528 5490 κοινωνίαν
570 5438 790 5496 ἐλαττοῖ,
841 5441 906 5490 Οἱ
953 5437 1010 5491 δὲ
1060 5441 1272 5513 πλείστῃ
1333 5444 1422 5512 μὲν
1470 5444 1599 5512 πρὸς
1642 5446 1735 5498 τὴν
1797 5443 1873 5492 θε-
1982 5457 2015 5495 Si

1982 5440 2307 5495 similitudo
2360 5446 2477 5493 tam
2513 5453 2794 5510 expressa
2844 5439 3102 5493 cernitur
3143 5439 3542 5498 differentiam
3577 5451 3640 5501 ut

262 5533 460 5603 αρχίαν
491 5533 780 5603 κέχρηνται
820 5538 880 5601 τῇ
912 5534 1197 5601 ὁμοιότητι,
1233 5527 1317 5581 διο
1375 5536 1463 5581 καὶ
1521 5539 1632 5590 ταῖς
1693 5533 1870 5581 οεωνυ-
1981 5547 2016 5585 0

1981 5546 2223 5585 omnem
2275 5545 2426 5598 pene
2469 5527 2680 5582 obruat
2736 5526 2842 5581 :in
2883 5527 3254 5598 quibusdam
3313 5531 3386 5585 ita
3452 5539 3639 5590 eXStat

262 5622 413 5690 μΐαις
443 5615 642 5689 σχεδόν
686 5619 917 5680 ἁπάσαις
972 5619 1290 5690 ἀξιοπρεπῶς
1334 5625 1824 5692 κατακεκόσμηνται
1857 5641 1868 5653 ·
1981 5620 2017 5676 d

1981 5619 2316 5676 differentia
2350 5616 2574 5672 nullam
2607 5620 2670 5671 ut
2700 5615 3029 5688 relinquere
3070 5618 3474 5676 similitudinis
3505 5639 3639 5695 spe-

264 5705 458 5761 ὶλάττω
538 5705 598 5764 δὲ
671 5713 948 5767 κέκτηνται
1000 5714 1093 5768 τὴν
1171 5709 1464 5780 ἑτερότητα.
1519 5714 1762 5762 Σκεπτέον
1815 5705 1874 5763 δί
1982 5725 2019 5765 c;

1982 5710 2134 5765 ciem
2164 5708 2454 5764 videatur.
2488 5706 2677 5762 Nostri
2703 5711 2904 5762 autem
2943 5708 3320 5781 archangelis
3349 5711 3512 5782 prius
3538 5712 3641 5770 ad-
