4444 6452
821 406 958 462 1239

2345 393 2704 456 ADDEDNA.

4062 402 4199 461 12ιο

817 527 965 586 illud
1018 540 1207 597 genus
1257 522 1556 597 pertinent
1597 521 1999 579 illustrissima
2056 520 2156 577 Dei
2212 519 2482 577 similitu-
2514 521 2564 574 Α

2439 537 2482 575 ι-
2514 521 2564 574 Α
2593 522 2772 588 οὕτως,
2833 529 2945 585 Φῶς
2996 526 3084 596 μὲν
3132 525 3158 577 ό
3203 525 3394 601 Κύριος
3435 524 3609 587 πάσης
3662 526 3973 599 φωτιστικὸς
4051 526 4194 600 λογι-

819 617 960 674 dine
1028 613 1273 683 insigni.
1319 612 1484 669 Unde
1523 612 1733 668 merito
1798 609 2305 684 appellationibus
2345 625 2480 682 quas

821 708 942 762 Deo
971 703 1336 760 conveniunt
1355 715 1509 774 pene
1543 704 1832 757 ornantur
1861 699 2168 764 omnibus,
2213 697 2487 755 differen-

823 795 904 850 tia
926 807 1104 865 porro
1126 790 1481 848 tenuissima
1520 789 1820 861 dispares.
1863 787 2036 854 Quod
2067 786 2221 843 adeo
2253 787 2335 842 sic
2380 786 2486 842 de-

819 886 1213 942 monstratur.
1244 882 1366 936 Lux
1399 882 1489 935 est
1520 878 1830 946 Dominus,
1856 876 2164 934 rationalis
2185 875 2382 932 omnis
2431 879 2489 931 et

822 969 1146 1044 spiritualis
1178 973 1406 1026 naturae
1436 967 1822 1024 illuminator.
1863 968 1982 1022 Lux
2013 981 2154 1021 vera
2183 981 2316 1037 quae
2349 964 2488 1023 illu-

820 1060 1033 1124 minat,
1047 1059 1219 1129 juxta
1249 1057 1547 1114 excelsam
1581 1055 1967 1124 theologiam,
2015 1069 2260 1111 omnem
2286 1053 2488 1109 homi-

819 1164 962 1206 nem
1010 1147 1339 1204 venientem
1389 1145 1452 1202 in
1480 1146 1643 1202 hunc
1672 1144 1991 1201 mundum.
2027 1146 2149 1200 Lux
2210 1143 2342 1200 item
2403 1144 2492 1198 est

823 1236 1091 1302 Michael,
1123 1235 1227 1292 lux
1266 1234 1518 1292 Gabriel.
1569 1237 1686 1290 Lux
1730 1238 1981 1306 uterque
2020 1233 2324 1305 pellucens
2359 1235 2415 1287 et
2455 1246 2493 1286 a

830 1329 945 1387 Deo
978 1326 1321 1398 splendens.
1356 1325 1482 1380 Lux
1513 1338 1817 1396 corporeae
1869 1322 2067 1378 omnis
2106 1323 2495 1394 repraesenta-

830 1416 1008 1477 tionis
1066 1430 1304 1488 expers.
1352 1415 1479 1469 Lux
1509 1428 1630 1468 non
1661 1427 1732 1468 ex
1783 1411 2098 1479 accidenti,
2139 1411 2244 1466 sed
2274 1415 2494 1466 natura

826 1505 1062 1577 fulgens
1093 1523 1107 1571 ;
1138 1506 1349 1561 vivens
1371 1503 1584 1561 eadem
1617 1508 1674 1558 et
1709 1502 1895 1558 divini
1926 1501 2172 1558 luminis
2217 1500 2494 1573 splendo-

827 1610 955 1651 rem
979 1593 1259 1651 referens.
1297 1596 1418 1649 Lux
1462 1590 1745 1662 secunda,
1779 1591 1989 1665 primae
2047 1590 2197 1646 lucis
2255 1605 2491 1662 expres-

833 1699 957 1740 sum
988 1687 1044 1740 et
1067 1682 1292 1739 illustre
1315 1680 1708 1737 simulacrum
1737 1679 1816 1736 ad
1841 1679 2294 1735 similitudinem
2316 1677 2496 1751 primi

831 1772 990 1846 genii
1030 1770 1366 1846 splendoris
1388 1769 1706 1836 resultans,
1748 1769 1850 1825 lux
1881 1768 2084 1826 radios
2111 1768 2161 1839 ej
2174 1767 2419 1825 aculans
2442 1771 2499 1823 et

829 1863 1080 1935 fulguris
1113 1861 1191 1918 ad
1221 1861 1475 1917 modum
1528 1859 1938 1931 subjectorum
1977 1858 2185 1915 oculos
2217 1857 2497 1930 perstrin-

2592 619 2690 672 κῆς
2738 619 2833 675 τῆς
2885 613 3066 676 οὐσίας
3111 618 3201 667 καὶ
3254 620 3452 687 νοερᾶς,
3513 622 3623 678 Φῶς
3676 614 3915 673 ἀληθινὸν
3956 615 3981 668 ὁ
4042 622 4200 689 φωτί-

2595 701 2694 769 ζει,
2763 703 2898 754 κατά
2955 706 3047 761 τὴν
3114 703 3323 774 ὑψηλὴν
3371 703 3652 776 θεολογίαν,
3713 708 3881 758 πάντα
3929 706 4200 780 ἄνθρωπον

2594 788 2874 863 ἐρχόμενον
2930 791 2996 852 εὶς
3056 794 3138 844 τόν
3197 797 3392 865 κόσμον
3451 813 3465 827 ·
3546 802 3690 865 φῶτα
3744 791 3802 847 δὲ
3858 795 4084 866 Μιχαὴλ
4115 799 4204 849 xui

2597 878 2826 951 Γαϐριὴλ
2867 876 3062 951 διαυγῆ
3115 885 3205 933 καὶ
3281 884 3470 954 θεαυγῆ
3504 903 3516 916 -
3551 885 3695 955 φῶτά
3742 892 4045 956 σωματικῆς
4106 882 4201 956 ἐμ-

2598 970 2796 1040 φάσεως
2864 971 3042 1032 πάσης
3109 970 3272 1044 ἀμιγῆ
3332 975 3422 1024 καὶ
3476 975 3689 1047 λαμπρά
3734 977 3828 1031 τὴν
3883 976 4036 1045 φύσιν
4112 978 4203 1027 καὶ

2603 1062 2768 1122 ζῶντα
2814 1063 2904 1112 καὶ
2961 1056 3160 1119 θεοειδῆ
3207 1080 3220 1094 ·
3255 1068 3401 1132 φῶτα
3447 1058 3666 1134 δεύτερα
3691 1068 3782 1115 τοῦ
3836 1068 4045 1138 πρῶτον
4096 1083 4204 1134 φω-

2597 1151 2682 1208 τὸς
2720 1145 2906 1222 ἐναργῆ
2945 1155 3227 1222 μιμήματα
3273 1150 3392 1203 καθ’
3435 1153 3724 1223 ὁμοιότητα
3769 1159 3865 1215 τῆς
3917 1171 4202 1227 πρωτουρ-

2598 1243 2696 1309 γοῦ
2780 1233 3090 1310 διαλλόμενα
3179 1238 3563 1313 λαμπρότητος,
3632 1238 4062 1294 ἀκτινοϐολοῦντα
4116 1245 4206 1293 καὶ

2600 1328 3074 1398 καταστράπτοντα
3109 1332 3232 1390 τοὺς
3281 1327 3689 1392 ὑποϐεϐηκότας.
3755 1328 4005 1402 Ἀγγελος
4053 1329 4207 1383 πάλιν

2601 1416 2628 1466 ό
2684 1417 2871 1487 Κύριος
2926 1423 3022 1476 τῆς
3079 1417 3302 1488 μεγάλης
3367 1417 3719 1490 ἐξαγγελτικός
3769 1417 3988 1490 βουλῆς,
4054 1420 4210 1490 ἄγγε-

2600 1503 2689 1565 λος
2756 1511 2850 1566 τῆς
2899 1513 3154 1578 πατρικῆς
3215 1508 3241 1558 ό
3299 1508 3419 1569 Υἱός
3477 1504 3720 1570 εὐδοκίας
3772 1511 3860 1559 xui
3923 1507 4208 1581 φιλανθρω-

2602 1599 2741 1655 πίας.
2796 1598 2860 1648 Τί
2903 1591 2962 1648 δὲ
3001 1595 3224 1666 Μιγαὴλ
3281 1601 3372 1649 καὶ
3441 1597 3669 1671 Γαϐριὴλ
3739 1616 3758 1669 ;
3818 1597 3928 1650 Οὐκ
3994 1597 4210 1670 ἄγγελοι

2607 1688 2802 1757 Κυρίου
2834 1687 3251 1760 παντοκράτορος
3285 1705 3296 1750 ;
3330 1686 3442 1739 Οῦκ
3490 1686 3640 1740 αῦτοὶ
3688 1690 3820 1762 πρὸς
3868 1693 3969 1740 πᾶν
4016 1690 4075 1740 τό
4115 1692 4210 1746 τὴν

2604 1773 2751 1836 τάξιν
2803 1772 3122 1836 ὑποϐεϐηκὸς
3192 1778 3286 1832 τὴν
3379 1771 3537 1839 δόξαν
3595 1775 3972 1848 ἀναγγέλλουσι
4028 1784 4213 1841 Θεοῦς

2608 1862 2719 1915 Οὐκ
2767 1863 2917 1915 αὐτοὶ
2947 1867 3071 1936 πρὸς
3117 1866 3289 1916 πάντα
3342 1866 3409 1917 τὰ
3446 1866 3564 1923 ἔθνη
3596 1869 3652 1918 τό
3701 1869 4021 1940 πρόσταγμα
4063 1861 4219 1937 διαγο

834 1967 1006 2025 gens.
1031 1954 1256 2007 Rursus
1287 1949 1539 2019 angelus
1566 1948 1853 2005 Dominus
1879 1948 2088 2018 magni
2115 1946 2501 2004 annuntiator
2532 1991 2571 2048 Β

2462 1961 2501 2002 >r
2532 1991 2571 2048 Β
2606 1950 2846 2024 γελλουσι
2905 1957 3100 2026 Κυρίου
3152 1969 3165 2018 ;
3228 1960 3436 2026 Πνεῦμα
3465 1956 3491 2007 ὁ
3523 1958 3672 2022 Θεὸς,
3745 1960 3837 2009 καὶ
3887 1959 4046 2009 πνέων
4087 1957 4217 2008 ὅπου

833 2041 1081 2098 consilii.
1107 2038 1370 2110 Angelus
1391 2038 1549 2095 ﬁlius
1589 2043 1646 2094 et
1674 2038 1921 2094 nuntius
1949 2042 2214 2110 paternae
2242 2037 2503 2092 benevo-

833 2130 1026 2191 lentia
1072 2145 1143 2184 ac
1195 2128 1488 2185 adversus
1539 2127 1818 2184 homines
1865 2127 2110 2193 amoris,
2157 2125 2308 2192 Quid
2357 2140 2502 2181 vero

839 2220 1082 2282 Michael
1113 2223 1169 2276 et
1194 2218 1478 2276 Gabriel?
1507 2233 1586 2273 an
1627 2232 1751 2273 non
1779 2221 1838 2273 et
1895 2216 2007 2290 ipsi
2057 2215 2255 2287 angeli
2313 2214 2504 2271 omni-

837 2309 1098 2385 potentis
1130 2308 1412 2365 Domini?
1432 2311 1520 2363 An
1551 2321 1674 2363 non
1698 2304 1985 2362 omnibus
2015 2304 2128 2361 sibi
2158 2308 2389 2361 naturae
2413 2320 2503 2360 or-

836 2399 975 2457 dine
1019 2397 1302 2470 subjectis
1363 2396 1464 2454 Dei
1509 2395 1760 2469 gloriam
1793 2395 2153 2452 annuutiant
2181 2395 2209 2452 ?
2251 2397 2341 2450 An
2379 2409 2503 2450 non

835 2490 896 2546 in
918 2503 1129 2545 omnes
1152 2491 1358 2559 gentes
1379 2486 1726 2543 mandatum
1748 2485 1864 2558 ipsi
1885 2484 2194 2558 perferunt
2215 2484 2452 2540 Domini
2474 2483 2502 2540 ?

837 2578 1088 2651 Spiritus
1119 2581 1207 2634 est
1266 2578 1419 2633 Deus
1473 2575 1709 2649 spirans
1748 2574 1852 2630 ubi
1883 2574 2009 2630 vult
2061 2578 2117 2630 et
2159 2573 2408 2646 quando
2447 2576 2505 2629 et

835 2671 1158 2740 quantum,
1200 2681 1446 2722 omnem
1498 2681 1714 2721 sensus
1768 2668 1824 2720 et
1876 2663 2254 2735 cogitationis
2309 2663 2502 2719 aciem

836 2755 1159 2813 subtilitate
1191 2755 1542 2812 substantia
1590 2769 1662 2812 ac
1711 2754 1994 2811 tenuitate
2047 2753 2301 2823 fugiens.
2347 2753 2502 2824 ignis

838 2851 1132 2921 praeterea
1160 2848 1314 2902 Deus
1340 2848 1544 2902 noster
1564 2848 1667 2912 est,
1715 2848 1772 2901 et
1808 2845 1964 2914 ignis
2013 2844 2210 2900 omnis
2261 2842 2501 2900 malitias

836 2941 1250 3009 consumptor,
1282 2936 1748 3009 animarumque
1796 2938 2177 3008 expugnator
2204 2933 2499 3001 omnium,

839 3027 1272 3098 cogitationum
1297 3040 1541 3098 quoque
1567 3025 1841 3081 omnium
1886 3023 2274 3080 illuminator.
2341 3025 2504 3080 Post-

837 3118 955 3176 hac
980 3121 1037 3173 et
1057 3115 1324 3173 minister
1342 3115 1401 3171 in
1429 3115 1600 3171 terris
1632 3114 1798 3170 visus
1828 3117 1937 3170 est.
1978 3135 2006 3164 «
2041 3116 2162 3182 Ego
2188 3112 2369 3184 enim,
2399 3112 2502 3178 ait,

836 3207 898 3265 in
922 3206 1124 3264 medio
1156 3209 1423 3261 vestrum
1449 3219 1583 3259 sum
1610 3203 1759 3260 sicut
1779 3203 1882 3277 qui
1905 3202 2220 3259 ministrat.
2254 3223 2276 3253 ι
2313 3201 2427 3258 Sed
2449 3204 2506 3258 et

834 3297 963 3370 ipse
1012 3297 1149 3353 fecit
1204 3294 1452 3366 angelos
1512 3309 1655 3350 suos
1722 3293 1985 3366 spiritus,
2064 3292 2240 3363 leves,
2293 3291 2501 3363 agiles,

835 3393 1128 3457 strenuos,
1155 3389 1210 3442 et
1237 3384 1539 3440 ministros
1565 3398 1706 3440 suos
1738 3384 2049 3439 flammam
2069 3381 2246 3452 ignis,
2275 3397 2502 3454 prunas

835 3473 1285 3544 immateriales,
1310 3474 1603 3529 micantes
1625 3471 1703 3528 ad
1736 3487 1980 3528 omnem
2012 3470 2290 3527 vibrandi
2326 3485 2505 3540 agen-
2532 3459 2571 3514 C

836 3565 1018 3638 dique
1042 3563 1453 3620 etﬁcacitatem
1486 3561 1725 3628 celeres,
1755 3561 2140 3633 purgativam
2167 3559 2502 3633 quamdam

834 3655 958 3711 vim
1005 3654 1318 3726 spirantes.
1382 3651 1550 3708 Tales
1610 3651 1724 3706 sibi
1787 3650 2094 3706 ministros
2133 3653 2191 3706 et
2241 3648 2501 3706 famulos

835 3743 1012 3813 elegit
1041 3743 1143 3815 qui
1173 3757 1294 3797 non
1324 3756 1496 3797 mora
1522 3743 1578 3796 et
1599 3755 1874 3797 (erumna
1899 3743 2174 3812 optatum
2241 3738 2500 3811 denique

836 3831 1169 3906 perﬁciant,
1207 3828 1313 3885 sed
1354 3828 1770 3901 pernicissimo
1825 3843 2020 3900 neque
2073 3843 2144 3883 eo
2198 3826 2500 3884 laborioso

837 3925 1007 3977 motu
1027 3919 1323 3992 quidquid
1356 3918 1618 3974 decrevit
1651 3921 1804 3974 Deus
1826 3916 1952 3973 ﬁeri
1985 3916 2263 3973 effectum
2294 3916 2500 3973 cumul

836 4010 953 4068 late
976 4011 1385 4081 repwsentent.
1415 4007 1588 4073 Quod
1612 4007 1658 4062 si
1701 4022 1912 4063 omnes
1940 4011 2239 4079 quotquot
2255 4011 2394 4061 sunt
2423 4005 2502 4062 ad

837 4100 928 4156 sui
959 4097 1410 4155 similitudinem
1425 4097 1765 4168 designavit
1793 4096 2066 4166 angelos,
2097 4095 2290 4153 multo
2319 4096 2500 4152 nimi-

837 4206 973 4247 rum
996 4187 1212 4262 potiori
1238 4187 1467 4244 ratione
1489 4185 1925 4242 existimandu's
1952 4191 2039 4242 est
2057 4186 2200 4241 istos
2227 4186 2501 4242 omnium

837 4279 1180 4353 praecipuos
1209 4278 1286 4333 ad
1350 4277 1798 4334 exactissimam
1838 4277 1929 4332 sui
1957 4275 2146 4349 ipsius
2173 4277 2502 4346 imaginem

839 4370 1137 4430 elimasse.
1169 4367 1420 4440 Spiritus
1448 4366 1542 4423 ille
1569 4366 1867 4439 princeps,
1892 4367 2245 4437 immensus,
2277 4367 2503 4422 incom-

838 4457 1279 4535 prehensibilis,
1313 4455 1874 4529 perspicacissinus.
1919 4458 2079 4512 Mens
2108 4455 2275 4513 omni
2304 4460 2503 4512 mente

838 4549 1036 4621 major
1053 4563 1188 4620 quae
1229 4550 1460 4603 mentes
1500 4561 1711 4601 omnes
1753 4549 1807 4602 et
1846 4546 2111 4618 potentia
2139 4545 2424 4619 produxit
2449 4549 2502 4603 et

837 4637 1226 4711 intelligentia
1253 4641 1526 4711 penetrat
1548 4651 1618 4692 ac
1660 4635 1948 4708 pervidet.
1990 4637 2272 4694 Omnium
2302 4642 2508 4695 tamen

838 4735 1091 4787 conatus
1112 4728 1189 4785 ad
1222 4745 1284 4784 se
1325 4726 1587 4783 vicissim
1622 4727 2109 4796 cognoscendam
2163 4726 2497 4784 frustrans:

839 4819 1007 4893 quod
1034 4818 1214 4890 longe
1236 4817 1578 4874 facultatem
1611 4815 2018 4886 cognoscendi
2050 4833 2291 4873 omnem
2324 4817 2500 4874 habi-

2610 2040 2759 2103 θέλει,
2815 2045 2903 2094 καὶ
2954 2043 3131 2112 ἡνίκα,
3188 2047 3277 2096 καὶ
3327 2044 3468 2111 ὅσον,
3528 2050 3704 2097 πᾶσαν
3754 2046 4007 2103 αῖσθησιν
4039 2045 4068 2104 ἡ
4103 2048 4221 2102 νόη-

2612 2150 2694 2183 σιν
2721 2138 2782 2203 τῇ
2816 2139 2910 2194 τῆς
2938 2130 3124 2194 οὐσίας
3169 2131 3446 2192 λεπτότητι
3497 2129 3925 2207 διαδιδράσκων.
3966 2138 4067 2188 Kui
4113 2141 4220 2209 πῦρ

2611 2215 2670 2272 δὲ
2711 2221 2736 2272 ὁ
2777 2223 2906 2282 Θεὸς
2935 2222 3102 2292 ἡμῶν,
3161 2225 3251 2273 xui
3297 2229 3401 2297 πῦρ
3461 2227 3648 2285 κακίας
3694 2225 3784 2295 μὶν
3843 2222 4218 2286 ἐξαδαλωτικόν

2610 2308 2839 2378 ἁπάσης,
2874 2308 3068 2381 ψυχῶν
3102 2306 3160 2363 δε
3212 2319 3395 2364 πασῶν
3452 2313 3827 2388 καθαρτήριον.
3886 2318 3986 2367 Καὶ
4037 2309 4220 2367 διάκο-

2609 2417 2695 2461 νος
2725 2397 2808 2451 επὶ
2837 2406 2934 2460 τῆς
2962 2407 3064 2470 γῆς
3119 2402 3290 2473 ὤφθη.
3337 2400 3524 2473 «Ἐγὼ
3589 2403 3712 2476 γὰρ,
3756 2423 3785 2452 ν
3848 2408 4028 2475 φησὶν,
4081 2426 4109 2453 ι(
4170 2402 4218 2457 ἐν

2610 2493 2753 2562 μέσῳ
2823 2489 2966 2561 ὑμῶν
3023 2491 3088 2552 ὡς
3152 2491 3178 2543 ὁ
3234 2487 3510 2546 διακονῶν.
3575 2510 3604 2544 ›
3687 2490 3843 2544 Ἀλλά
3896 2497 3987 2547 καὶ
4065 2492 4221 2556 αὐτὸς

2611 2577 2823 2635 ἐποίησε
2877 2581 3001 2641 τοὺς
3075 2577 3320 2651 ἀγγέλους
3364 2580 3524 2633 αὐτοῦ
3579 2582 3851 2653 πνεύματα
3899 2584 4070 2656 κοῦφα
4128 2588 4220 2636 καὶ

2612 2666 2898 2736 ἀεικίνητα,
2957 2673 3047 2723 καὶ
3109 2668 3289 2744 ἐνεργά
3352 2675 3441 2723 xui
3493 2674 3616 2734 τοὺς
3670 2672 3998 2746 λειτουργοὺς
4057 2673 4220 2728 αὐτοῦ

2610 2760 2771 2829 πυρὸς
2837 2757 3046 2830 φλόγας,
3132 2759 3391 2833 ἄνθρακας
3437 2758 3647 2828 ἀύλους,
3714 2758 4053 2824 ἀκτινοειδείς
4131 2768 4222 2817 καὶ

2614 2843 2990 2920 δραστηρίους,
3041 2850 3393 2924 καθαρτήριον
3456 2854 3700 2914 πνέοντας
3766 2850 4042 2925 ἐνέργειαν.
4106 2859 4224 2909 Λει-

2613 2939 2871 3011 τουργοὺς
2904 2933 2963 2991 δὲ
3011 2939 3304 2996 καθίστησι
3333 2944 3423 2993 καὶ
3479 2936 3774 3011 διακόνους,
3825 2941 3885 2994 οῦ
3941 2947 4133 3016 χρόνῳ
4162 2963 4232 2995 κα

2612 3029 2759 3099 μόγῳ
2805 3030 2865 3079 τὸ
2929 3023 3358 3100 σπουδαζόμενον
3431 3027 3809 3094 ἐπιτελοῦντας,
3871 3030 4105 3103 ὀξυτατῳ
4168 3028 4228 3087 δὲ

2611 3120 2701 3168 καὶ
2737 3114 2989 3188 ἀκαμάτῳ
3035 3117 3184 3191 ῥῶπῇ
3246 3122 3340 3176 τὴν
3404 3124 3722 3179 Δεσποτικην
3779 3119 3974 3195 βουλὴν
4031 3121 4228 3194 πληρο-

2613 3211 2906 3278 φοροῦντας.
2950 3207 3012 3260 Εἰ
3065 3203 3126 3259 δε
3177 3211 3292 3268 τοὺς
3331 3207 3533 3275 ἄλλους,
3575 3209 3746 3280 πολλῷ
3801 3207 3975 3269 δήπου
4034 3211 4228 3283 μᾶλλον

2612 3298 2730 3356 τοὺς
2801 3302 2900 3347 τῶν
2980 3294 3107 3348 ὅλων
3191 3295 3597 3369 ἀρχικωτάτους
3671 3303 3803 3375 πρὸς
3858 3298 4225 3376 ἐνεργεστάτην

2611 3383 2750 3455 αὐτῷ
2798 3389 3101 3459 παρήγαγεν
3131 3387 3400 3460 ὁμοίωσιν.
3456 3395 3593 3450 Νοῦς
3648 3387 3675 3441 ὀ
3745 3393 3931 3462 Κύριος
3970 3391 4223 3458 ἄληπτος,

2610 3474 2970 3548 ἀπερινόητος,
3054 3475 3508 3550 εἰλικρινέστατος.
3580 3485 3720 3542 Νοῦς
3776 3481 4040 3552 ὑπίρνοος,
4094 3484 4225 3533 νόων

2609 3568 2700 3637 μὲν
2780 3569 3126 3637 παραγωγεὺς
3206 3571 3295 3619 καὶ
3343 3571 3720 3632 κατανοητικὸς
3792 3569 4052 3637 ἁπάντων,
4131 3571 4224 3623 ὑπ’

2611 3649 2822 3716 οὐδενός
2869 3651 2929 3706 δὲ
2958 3656 3223 3727 νοούμενος
3279 3659 3344 3717 ὡς
3397 3659 3554 3724 ἔστιν,
3615 3665 3686 3710 τῶ
3739 3664 3914 3712 πᾶσαν
3972 3664 4223 3718 νοητικὴν

2613 3739 2838 3815 δύναμιν
2897 3744 2926 3802 ἡ
2961 3742 3062 3806 ἕξιν
3113 3745 3529 3819 ῦπερεκπίπτειν.
3588 3747 3744 3801 Ἀλλὰ
3783 3753 3871 3801 καὶ
3918 3749 4062 3802 οὗτοι
4110 3754 4223 3813 νόες

2610 3833 2712 3886 εἰσὶ
2758 3834 2980 3908 καθαροὶ
3038 3839 3127 3887 καὶ
3185 3835 3489 3911 εἰλικρινεῖς,
3549 3842 3639 3890 xui
3713 3836 3919 3910 ἀγαθῶν
3982 3845 4228 3911 γεννητο-

2608 3941 2695 3997 ρες
2733 3921 2958 3991 ἐννοιῶν,
2991 3927 3080 3976 καὶ
3129 3927 3301 3985 πάσας
3358 3929 3447 3998 μὲν
3496 3929 3591 3989 τὰς
3648 3928 3737 3980 ὑπ’
3793 3928 3980 3991 αὐτοὺς
4039 3930 4228 3992 οὐσίας

2612 4010 2960 4087 ἀκριϐέστατα
3038 4022 3382 4068 κατανοοῦσιν
3441 4037 3453 4050 ο
3513 4019 3765 4088 φεύγουσι
3805 4015 3864 4070 δι
3927 4023 4018 4071 καὶ
4076 4019 4230 4073 αὐτοὶ

2613 4103 2938 4175 θεομιμήτως
3014 4107 3106 4162 τὴν
3172 4113 3271 4156 τῶν
3351 4106 3630 4178 ῦφειμένων
3688 4112 4024 4166 κατανόησιν.
4108 4114 4226 4168 Ζωή

2612 4191 2637 4243 ὁ
2665 4194 2794 4252 Θεὸς
2827 4196 2916 4244 καὶ
2956 4191 3222 4263 αὐτοζωη,
3271 4193 3484 4255 ζωοῦσα
3513 4197 3603 4266 μὲν
3658 4196 3760 4247 ὅσα
3803 4201 4011 4268 μετέχει
4064 4198 4229 4265 ζωῆς,

2611 4279 2671 4333 οὐ
2712 4281 2975 4354 ζωουμίνη
3007 4277 3084 4336 δέ.
3130 4287 3194 4334 Τί
3239 4285 3341 4356 γὰρ
3373 4281 3434 4335 ἂν
3487 4288 3576 4336 καὶ
3632 4287 3710 4342 ε’ίη
3758 4287 3815 4336 τό
3861 4289 3954 4344 τὴν
4013 4292 4228 4359 πρώτην

2613 4370 2751 4431 ζωὴν
2836 4374 3050 4434 ζωῶσαν
3111 4376 3205 4431 τὴν
3258 4372 3465 4434 ἁπάσης
3495 4372 3765 4446 ἀρχίςωον
3796 4374 3929 4437 ξωῆν
3965 4392 3976 4442 ;
4005 4375 4136 4438 ξωαὶ
4171 4374 4231 4430 δε

2613 4459 2740 4513 εἰσὶν
2779 4460 2943 4528 οὗτοι,
3017 4466 3106 4513 καὶ
3154 4481 3434 4534 προσφυῶς
3488 4462 3548 4514 ἀν
3597 4462 3828 4521 κληθεῖεν
3882 4466 3951 4526 ὡς
4002 4467 4232 4535 ἔγγιστα

2612 4557 2674 4622 τῇ
2709 4548 2946 4622 αῦτοξωῇ
3007 4555 3461 4622 προσεσχηκότες,
3532 4555 3620 4604 καὶ
3667 4559 3757 4614 τῆς
3802 4550 3987 4605 ἐκεῖθεν
4038 4553 4228 4616 ἰούσης

2612 4639 3120 4713 ὑπερεμπιπλάμενοι
3197 4638 3526 4715 ζωοδωρίας.
3601 4647 3702 4695 Καὶ
3756 4646 3851 4701 την
3927 4643 4092 4702 αὐτὴν
4157 4646 4229 4698 εἰ-

2613 4733 2739 4781 κόνα
2812 4731 3156 4802 μορφούμενοι
3213 4738 3304 4792 τῆς
3352 4730 3511 4797 ζωῆς,

2613 4828 2671 4879 τῆ
2685 4840 2706 4882 ς
2778 4820 3052 4895 ζωαρχίας
3103 4825 3551 4893 χρηματίζουσιν.

3595 4729 3852 4804 ἀκραιφνῆ
3917 4733 4232 4806 ὁμοιώματα

3642 4825 3866 4895 Δύναμις
3923 4824 3949 4875 ὁ
4008 4826 4228 4898 Κύριος,

838 4914 1090 4982 tumque
1117 4908 1519 4964 transcendat.
1554 4909 1770 4963 Montes
1792 4906 2145 4980 istiquoque
2168 4923 2334 4981 puras
2366 4912 2505 4966 sunt
2537 4935 2577 4988 ι)

2487 4912 2577 4988 ιι)
2610 4914 2700 4962 καὶ
2758 4907 3002 4982 ἐνεργεια,
3057 4910 3248 4982 μᾶλλον
3327 4907 3385 4964 δὲ
3436 4907 3789 4984 αῦτοδύναμις
3841 4917 3932 4965 καὶ
3990 4914 4231 4988 αὖτενέρ-

838 5004 896 5056 et
918 4997 1184 5070 liquida),
1218 4996 1718 5067 etcogitationum
1736 4996 2037 5053 bonarum
2074 4997 2502 5070 procreatrices

837 5104 976 5162 quae
989 5093 1233 5144 naturas
1263 5086 1509 5160 quidem
1536 5102 1746 5143 omnes
1770 5101 1831 5141 se
1850 5085 2158 5142 inferiores
2175 5086 2505 5145 clarissime

837 5183 1236 5249 cognoscunt.
1267 5177 1507 5249 Atipsae
1535 5177 1867 5233 imitatione
1935 5177 2034 5234 Dei
2103 5179 2505 5249 cognitionem

838 5268 1191 5326 inferiorum
1236 5272 1512 5323 mutuam
1554 5267 1811 5337 fugiunt.
1885 5269 2011 5324 Vita
2037 5272 2122 5324 est
2166 5270 2334 5339 Deus,
2369 5269 2504 5326 vitae

838 5358 951 5416 sibi
976 5359 1089 5432 ipsi
1131 5374 1254 5414 sum
1287 5355 1650 5430 principium
1677 5362 1734 5413 et
1765 5356 1918 5428 fons,
1945 5357 2128 5414 vitam
2158 5358 2505 5431 impertiens

835 5449 1122 5509 omnibus
1150 5447 1508 5515 viventibus,
1542 5447 1668 5521 ipse
1693 5463 1729 5505 a
1758 5448 1999 5505 nemine
2025 5463 2290 5506 sumens.
2319 5449 2505 5516 Quale

905 5630 986 5703 (ί)
1040 5633 1504 5705 Προκαταρπτικὴ.
1593 5628 1772 5705 Αἰτίοις
1866 5631 2336 5704 προπαταρκτιπάς
2394 5639 2494 5684 τῶν

831 5700 996 5776 νόσων
1023 5700 1126 5758 eas
1187 5700 1494 5776 appellant
1580 5700 1951 5760 medicorum
2017 5700 2188 5776 pueri
2247 5717 2385 5776 qua:
2416 5703 2495 5759 ab

833 5775 1168 5833 extrinseco
1197 5773 1490 5848 incidunt.
1522 5775 1672 5832 Nam
1701 5789 1803 5848 eas
1843 5791 1980 5848 quae
2018 5773 2106 5832 'ex
2160 5773 2375 5848 intima
2401 5791 2494 5834 ra-

833 5849 994 5909 tione
1014 5845 1472 5922 temperamenti
1502 5861 1576 5911 ac
1628 5845 1989 5922 qualitatum
2045 5846 2314 5922 corporis
2338 5849 2494 5909 exsi‘

2609 5019 2730 5072 γεια
2811 5004 2988 5063 πάσης
3056 4997 3322 5073 δυνάμεως
3406 4998 3786 5074 δυναμωτικός,
3861 5005 4039 5065 πάσης
4092 5003 4235 5079 ἐνερ-

2611 5095 2753 5163 γείας
2783 5088 3104 5164 ἐνεργητικὸς
3139 5111 3150 5125 ·
3182 5087 3399 5164 δύναμις
3432 5087 3617 5165 δρῶσα
3656 5095 3746 5164 μεν
3805 5097 3899 5151 τήν
3958 5113 4014 5146 τε
4064 5090 4234 5147 δύνα-

2614 5200 2700 5253 μιν
2755 5185 2844 5232 καὶ
2891 5186 2985 5240 τὴν
3032 5179 3286 5253 ἐνέργειαν
3347 5202 3360 5216 ο
3421 5180 3492 5243 εἰς
3542 5181 3696 5234 πάνθ’
3748 5183 3850 5235 ὅσα
3904 5187 4238 5255 μετέσχηκεν

2615 5269 2796 5336 αὐτῆς,
2831 5271 3125 5342 πάσχουσα
3155 5266 3214 5322 δε
3238 5277 3406 5322 ταῦτα
3455 5278 3554 5321 τῶν
3607 5273 3810 5322 πάντων
3853 5270 3941 5324 ὑπ’
3995 5268 4234 5340 οὐδενός,

2615 5363 3042 5436 προκαταρκτικὴ
3095 5359 3173 5433 (4)
3228 5367 3328 5412 τῶν
3380 5359 3507 5412 ὅλων
3559 5365 3823 5419 ποιήσεων
3880 5362 4236 5435 ὑπάρχουσα.

2607 5634 2787 5699 stunt,
2821 5635 3212 5705 προηγουμένας
3252 5630 3437 5705 iidem
3461 5630 3699 5705 lvocare
3755 5639 4228 5705 consueverunt.

2606 5705 2749 5771 Quae
2766 5704 2844 5761 ad
2860 5702 3022 5761 hunc
3037 5702 3240 5761 locum
3259 5702 3716 5774 intelligendum
3733 5704 4100 5774 nonnullum
4123 5705 4230 5764 ha-

2603 5775 2976 5853 bent_usum.
3016 5775 3192 5853 lsthic
3232 5776 3395 5853 enim
3426 5773 3821 5853 προκαταρτικὴ
3869 5773 4099 5853 δύναμις
4132 5780 4227 5836 vis

2603 5853 2694 5911 est
2721 5848 2889 5911 aliud
2918 5865 2956 5912 a
2982 5863 3046 5910 se
3073 5848 3422 5911 distinctum
3449 5847 3529 5910 ab
3552 5847 3889 5913 extrinseco
3925 5847 4228 5911 efﬁciens.
