4444 6452
268 433 396 489 1241
1072 433 1338 494 ΝῙΟΕἸῈ
1358 433 1715 495 LAUDATIO
1749 430 1847 489 SS.
1876 426 2023 487 ΡΠοΕ

1876 426 2244 490 MICHAELIS
2272 432 2357 490 ΕΤ
2394 433 2775 493 GABRIELIS.
3489 435 3630 498 1242

268 558 518 630 Δυνάμιις
562 554 665 611 εἰσὶ
720 558 812 610 καὶ
866 554 1116 633 ὶνίργειαι
1180 560 1403 633 Μιχαὴλ
1467 564 1552 614 καὶ
1616 559 1863 633 Γαϐριὴλ,
1898 555 1947 608 Α
1979 568 2023 610 ei

1898 555 1947 608 A
1979 554 2138 610 enim
2164 555 2308 612 illud
2339 560 2571 615 tantum
2600 574 2736 616 esse
2762 561 2966 631 posset
2995 559 3161 632 quod
3188 558 3323 616 vitae
3351 540 3630 634 primige'

270 642 537 719 δυνάμεις,
595 645 653 699 ού
702 651 976 709 ποιότητες
1030 646 1224 710 ἀτελεῖς
1286 653 1383 719 εῖτ,
1416 658 1503 703 οὖν
1552 649 1681 713 ἕξεις
1744 650 1870 721 πρὸς
1978 659 2025 698 η

1978 644 2092 699 nise
2114 645 2286 716 cujus
2316 661 2387 702 ex
2414 647 2642 719 origine
2668 649 2805 705 vitae
2858 648 3055 705 omnis
3108 664 3298 707 usura
3356 649 3630 710 derivata

269 734 526 809 ὶνέργειαν
568 732 873 803 όδεύουσαι,
934 734 1062 789 ἀλλὰ
1128 734 1377 811 δυνάμεις
1437 739 1607 800 ζῶσαι
1655 743 1745 790 καὶ
1803 744 1865 809 τῇ
1981 748 2024 789 ϐε

1981 737 2086 801 est,
2122 748 2306 791 causa
2329 740 2507 809 atque
2530 741 2738 793 auctor
2758 737 3070 793 existitisse
3091 737 3329 794 vivendi
3355 740 3491 810 jure
3544 741 3627 797 di-

269 824 429 896 ούσίᾳ
486 821 780 900 σύνδρομον
838 826 1087 897 ἒχουσαιέ
1140 832 1230 879 καὶ
1284 832 1373 886 τὴν
1426 826 1698 903 ἐνέργειαν.
1751 828 1870 880 Ἐπὶ
1980 821 2024 875 cl

1980 821 2211 879 ceretur
2237 824 2265 880 ?
2301 825 2438 882 νὶιω
2460 825 2552 882 isti
2581 842 2825 900 quoque
2856 830 3017 895 sunt,
3049 826 3253 900 sicque
3282 829 3495 886 merito
3524 844 3630 886 vo-

269 914 361 985 μεν
417 914 519 985 γὰρ
567 920 667 966 τῶν
732 912 919 966 ύλικῶν
978 916 1231 987 σωμάτων
1286 920 1375 968 καὶ
1438 925 1669 990 φυσικῶν
1758 913 1873 989 ἰδίᾳ
1982 925 2024 966 οι

1982 916 2207 982 centur,
2240 916 2303 969 ut
2342 916 2445 986 qui
2482 932 2732 988 perenni
2758 916 2893 973 vita;
2921 916 3069 973 fonti
3107 917 3456 975 adhaereant
3496 934 3629 992 per-

270 1004 362 1074 μὶν
391 1002 417 1053 ό
444 1010 541 1065 τῆς
567 1001 750 1065 ούσίας
780 1002 899 1056 καθ’
930 1004 956 1056 ὃ
1000 1002 1139 1057 ἔστιν
1190 1006 1377 1079 ὁρᾶται
1416 1004 1585 1078 λόγος,
1642 1003 1756 1079 ἰδίᾳ
1813 1002 1872 1059 δὲ
1980 1016 2025 1074 ρ

1980 1005 2185 1074 petuo,
2217 1002 2711 1080 aﬂluentiumque
2768 1006 2928 1064 illinc
2973 1006 3107 1065 vitas
3156 1023 3479 1067 munerum
3525 1026 3628 1068 co-

270 1092 300 1148 ἠ
337 1090 558 1163 ἔμφυτος
587 1088 806 1164 δύναμις
835 1089 1221 1157 ἐπιτηδειότης,
1253 1102 1389 1147 οὖσα
1438 1098 1568 1169 πρός
1620 1093 1872 1170 ἐνέργειαν
1980 1105 2021 1164 p

1980 1092 2083 1164 pia
2108 1090 2490 1166 redundent;
2532 1094 2672 1151 Vita:
2702 1096 3271 1169 principisimagine
3311 1097 3373 1153 in
3440 1100 3503 1154 se
3553 1099 3631 1156 ad

270 1184 361 1232 καὶ
389 1182 533 1256 παρὰ
560 1188 725 1233 ταῦτα
773 1182 805 1239 ἡ
860 1180 1088 1257 ἐνέργεια
1144 1183 1250 1236 οἷον
1314 1184 1494 1245 οὐσίας
1551 1182 1874 1257 ἀποτέλεσμα
1980 1178 2025 1234 vi

1980 1177 2185 1237 vivum
2215 1196 2500 1254 expressa
2529 1182 2607 1239 ad
2645 1188 2874 1241 naturas
2931 1184 3325 1257 prmcellentis
3357 1190 3630 1244 exactam

269 1270 619 1339 τυγχάνουσα
671 1264 765 1322 διὰ
815 1277 905 1331 τῆς
961 1268 1178 1333 ἐνούσης
1233 1271 1363 1345 αὐτῇ
1426 1268 1716 1345 δυνάμεως,
1802 1272 1872 1334 εἰς
1984 1268 2024 1323 si

1984 1268 2430 1329 similitudinem
2454 1272 2829 1331 conformati.
2858 1277 3068 1330 Potens
3109 1274 3446 1349 efﬁcaxque
3473 1278 3630 1334 Deus

271 1356 565 1415 τελειότητα
619 1362 1007 1432 προσαγομένη·
1066 1359 1183 1413 Ἐπὶ
1236 1369 1335 1413 τῶν
1396 1369 1580 1434 νοιρῶν
1656 1358 1715 1414 δε
1784 1366 1873 1414 καὶ
1983 1374 2026 1415 es

1983 1362 2071 1415 est
2104 1362 2209 1415 aut
2256 1361 2385 1433 ipsa
2433 1362 2632 1433 potius
2690 1366 2952 1436 potestas
3007 1363 3059 1419 ei
3108 1363 3428 1422 etIicacitas
3477 1381 3515 1422 a
3570 1382 3633 1423 se

273 1443 439 1497 ἆύλων
483 1446 675 1500 οὐσιῶν
730 1446 861 1504 αύτή
932 1447 1098 1509 αὐτῆς
1147 1449 1177 1506 ἡ
1239 1452 1395 1501 οὐσία
1451 1445 1674 1521 δύναμίς
1733 1446 1873 1500 ἐστιν
1982 1462 2023 1501 u

1982 1452 2306 1521 utrumque
2325 1449 2577 1517 habens,
2600 1456 2955 1525 potestatem
2978 1468 3219 1509 omnem
3236 1453 3634 1511 corroborans

271 1533 502 1609 ἄνεργής.
566 1536 693 1591 Καθ’
748 1537 774 1589 ὃ
838 1539 939 1613 γάρ
991 1538 1093 1591 εἰσι
1152 1543 1242 1591 καὶ
1300 1535 1570 1591 δύνανται·
1624 1542 1714 1590 καὶ
1763 1538 1874 1590 ἄεν·
1984 1545 2026 1592 ei

1984 1535 2312 1594 efﬁcaciam
2342 1555 2584 1610 acuens,
2617 1541 2924 1614 utriusque
2956 1545 3165 1598 auctor
3192 1542 3476 1599 omnibus
3496 1560 3632 1617 quae

266 1644 386 1678 ναον
434 1632 653 1701 προιᾱσι
696 1630 790 1684 τὴν
858 1625 1131 1701 ἕνὲργιιανι
1202 1625 1336 1680 ὥστε
1409 1624 1477 1685 δὴ
1566 1630 1655 1678 καὶ
1729 1624 1873 1679 οὗτοι
1981 1625 2021 1681 il

1981 1625 2111 1681 illas
2142 1642 2381 1699 cunque
2423 1629 2803 1702 participant.
2857 1632 3125 1697 Quorum
3176 1631 3323 1687 nihil
3360 1633 3634 1692 omnium

265 1716 470 1767 πάντων
527 1716 881 1788 ὑπερκείμενοι
934 1723 1033 1767 τῶν
1092 1714 1487 1775 ὑποϐεϐηκότων
1539 1711 1711 1788 δρῶσι
1781 1716 1871 1787 μὶν
1982 1730 2020 1788 q

1982 1714 2315 1788 quidquam
2330 1717 2520 1775 simile
2540 1718 2762 1790 patitur
2774 1734 2810 1775 a
2823 1735 3159 1793 quoquam,
3173 1736 3311 1777 cum
3338 1721 3484 1778 nulli
3512 1738 3636 1780 non

264 1807 543 1878 περιουσίᾳ
600 1800 865 1876 δυναμιως
911 1804 1206 1877 θεοπρεπιῖς
1253 1811 1348 1867 τῆς
1405 1803 1527 1866 ὅλης
1596 1803 1867 1877 ἐνεργείας,
1983 1819 2013 1860 e

1983 1803 2279 1861 effectioni
2310 1822 2493 1863 causa
2519 1807 2649 1880 ipse
2698 1809 3068 1865 extrinsecus
3126 1826 3479 1868 succurrens
3534 1812 3636 1868 ad-

262 1889 373 1946 ’Υπ’
430 1892 590 1954 αὐτῆς
642 1888 701 1945 δε
747 1896 905 1955 μόνης
959 1892 1109 1946 αὐτοὶ
1173 1900 1268 1955 τῆς
1317 1900 1659 1968 πρωτουργοῦ
1716 1889 1871 1946 δυνὰ-
1900 1910 1943 1966 Β
1976 1892 2017 1965 jl

1900 1910 1943 1966 Β
1976 1892 2470 1967 jutrixqueadsit.
2498 1895 2827 1953 Potestates
2842 1902 2899 1954 et
2933 1897 3315 1955 efﬁcacitates
3334 1900 3474 1956 item
3498 1903 3640 1959 sunt

263 2000 400 2055 μεως
452 1982 544 2035 εἶτ’
592 1978 680 2035 οὖν
732 1981 1108 2057 αύτενεργείας,
1192 1980 1517 2056 ἕνεργοῦνταὶ
1600 1978 1871 2054 δυναμού-
1982 1985 2018 2039 Μ

1982 1982 2223 2039 Michael
2256 1988 2313 2039 et
2338 1984 2589 2041 Gabriel.
2614 1987 2956 2052 Potestates,
2989 2002 3111 2043 non
3155 1987 3472 2061 qualitates
3531 1989 3638 2047 im-

265 2090 429 2145 μενοι.
485 2070 669 2143 Ἀγιος
726 2073 883 2134 ὄντως
943 2070 1131 2134 ἐκεῖνος
1183 2076 1273 2124 καὶ
1331 2076 1482 2145 μόνος
1535 2069 1725 2143 ἁγαθός
1785 2074 1874 2144 φύ-
1983 2087 2020 2145 p

1983 2071 2274 2145 perfectae,
2308 2078 2409 2130 aut
2435 2073 2675 2130 habitus
2727 2074 2805 2130 ad
2854 2074 3269 2133 eﬂicacitatem
3302 2077 3464 2134 viam
3504 2094 3638 2135 mu-

273 2179 381 2229 στι,
440 2159 497 2223 ὃς
540 2165 682 2233 πηγὴ
737 2179 793 2214 τε
844 2165 934 2214 καὶ
979 2162 1106 2237 ῥίζα
1161 2165 1352 2224 παντός
1420 2159 1561 2214 ἐστιν
1611 2160 1876 2233 ἁγιασμοῦ
1984 2176 2023 2217 n

1984 2160 2214 2217 nientes
2250 2161 2394 2218 :sed
2419 2161 2735 2220 facultates
2764 2164 2918 2221 vivae
2943 2181 3207 2238 quarum
3261 2170 3495 2224 naturae
3543 2183 3639 2228 ex-

267 2254 358 2302 καὶ
411 2248 757 2322 ἁγαθότητος.
812 2248 987 2322 Ἀγιοι
1048 2247 1107 2303 δε
1153 2255 1244 2303 καὶ
1304 2249 1491 2323 ἁγαθοὶ
1543 2254 1633 2303 καὶ
1709 2246 1872 2305 οὗτοι.
1985 2263 2022 2322 p

1985 2248 2363 2322 peditissima
2394 2266 2633 2325 semper
2663 2252 2883 2323 agendi
2916 2253 3003 2309 vis
3017 2269 3220 2310 comes
3256 2255 3523 2313 adhaeret
3554 2256 3639 2315 ln-

270 2338 409 2393 Ἀλλ“
442 2340 579 2411 όμὶν
610 2337 897 2411 ἁμεθίκτως
936 2343 1026 2392 καὶ
1084 2337 1343 2405 ἀναιτίως,
1405 2341 1452 2392 οἱ
1500 2335 1560 2392 δε
1621 2340 1877 2412 μεθεκτῶς
1987 2337 2025 2393 d

1987 2336 2253 2394 dividua.
2286 2341 2435 2395 Nam
2463 2339 2526 2395 in
2555 2340 2879 2397 materialis
2910 2340 3158 2415 quidem
3181 2345 3239 2399 et
3259 2343 3637 2401 naturalibus

271 2433 361 2481 καὶ
430 2427 822 2501 μεταληπτικῶς
903 2435 975 2499 τῷ
1053 2431 1182 2503 πρὸς
1251 2428 1407 2482 αὐτὸν
1502 2431 1596 2487 την
1695 2427 1879 2481 ούσίαν
1989 2442 2026 2483 οι

1989 2426 2342 2499 corporibus
2382 2428 2702 2501 separatim
2725 2435 2952 2486 naturae
2973 2430 3475 2504 ratio,separatim
3497 2434 3639 2492 item

273 2519 569 2590 ᾠκειῶσθαι
602 2527 698 2579 τῆς
747 2516 1025 2590 ἁγιότητος
1075 2518 1554 2593 ύπερπληρούμενοι
1606 2521 1697 2571 καὶ
1754 2517 1881 2589 ἀγα·
1989 2516 2028 2572 il

1989 2516 2170 2572 insita
2199 2521 2503 2591 spectatur
2523 2522 2612 2573 vis
2646 2537 2659 2575 :
2688 2534 2824 2592 quae
2870 2518 3156 2576 habilitas
3210 2524 3295 2577 est
3352 2522 3637 2595 quaedam

276 2609 513 2680 θότητος,
546 2606 651 2661 οἷον
678 2610 1000 2681 αὐτόχρημα
1054 2611 1113 2661 τὸ
1163 2612 1508 2682 μετεχόμενον
1565 2610 1878 2679 πεφύκασιν.
1991 2622 2028 2662 a

1991 2604 2071 2662 ad
2096 2604 2268 2663 facile
2303 2608 2681 2680 operandum
2714 2609 3031 2677 instruens,
3056 2614 3181 2666 tum
3209 2610 3343 2683 ipsa
3380 2611 3640 2685 denique

273 2698 617 2771 supervenit
660 2697 941 2770 expedita
981 2698 1252 2771 proxime
1305 2697 1579 2763 facultas,
1639 2695 2149 2769 complementum
2205 2696 2514 2770 quoddam
2570 2696 2940 2765 substantiae,
2973 2714 3159 2772 quam
3217 2699 3452 2757 virtutis
3509 2700 3641 2771 ejus

272 2801 411 2860 qua:
436 2786 497 2843 in
520 2802 581 2842 se
608 2792 695 2843 est
718 2786 1032 2843 collatione
1066 2786 1315 2860 perﬁcit.
1348 2786 1527 2843 Aliter
1557 2801 1737 2859 porro
1763 2800 1825 2841 se
1845 2801 1940 2841 res
1980 2786 2164 2844 habet
2214 2787 2276 2844 in
2335 2787 2837 2845 intellectualibus
2884 2793 2941 2846 et
2988 2789 3333 2862 expertibus
3375 2789 3640 2847 materiae

273 2877 522 2933 naturis.
554 2875 783 2943 Quibus
812 2877 949 2949 ipsa
979 2892 1089 2933 sua
1114 2875 1410 2933 facultatis
1443 2875 1635 2932 vicem
1665 2875 1861 2932 omnis
1884 2874 2000 2932 sibi
2056 2879 2322 2949 potestas
2360 2882 2417 2933 et
2467 2877 2787 2935 efﬁcacitas
2841 2877 3120 2952 expedita
3170 2878 3442 2951 proxime
3495 2879 3643 2936 sub-

274 2967 495 3023 stantia
523 2981 628 3039 per
658 2982 720 3023 se
746 2970 851 3023 est.
878 2968 983 3023 Per
1016 2965 1076 3022 id
1103 2966 1260 3022 enim
1290 2966 1491 3038 ipsum
1518 2969 1770 3039 possunt
1798 2981 1921 3038 quo
1952 2968 2130 3022 sunt:
2163 2980 2234 3022 ac
2279 2966 2442 3023 velut
2494 2980 2565 3023 ex
2630 2966 2880 3039 perenni
2944 2967 3105 3024 fonte
3154 2971 3442 3025 aeternam
3501 2968 3642 3026 inde

271 3054 534 3113 fundunt
563 3054 913 3112 efﬁcacitem
948 3071 961 3121 ;
990 3070 1200 3112 eorum
1224 3060 1289 3111 ut
1311 3055 1509 3111 omnis
1539 3054 1741 3128 (longe
1766 3053 2054 3111 nimirum
2082 3070 2269 3127 supra
2294 3071 2615 3112 causarum
2647 3055 2997 3114 inﬁmarum
3044 3072 3300 3128 egenam
3360 3062 3418 3114 et
3471 3057 3643 3117 defa-

274 3144 543 3216 tigationi
572 3144 891 3201 ﬁnitimam
922 3144 1138 3215 agendi
1168 3144 1486 3215 rationem)
1509 3160 1583 3200 ex
1602 3142 1902 3200 facultatis
1938 3143 2313 3201 abundantia
2362 3160 2602 3218 semper
2658 3145 2953 3202 redundet
3000 3147 3290 3222 operatio.
3342 3149 3462 3203 Deo
3512 3149 3643 3222 jam

274 3233 496 3305 dignus
526 3233 821 3290 efficiendi
854 3234 1090 3305 modus,
1121 3249 1244 3307 quo
1276 3233 1562 3291 nimirum
1589 3232 1668 3290 ab
1698 3248 1820 3289 uno
1850 3233 1965 3289 hac
1996 3232 2076 3290 illi
2098 3235 2263 3291 omni
2285 3234 2368 3292 ita
2392 3240 2675 3310 prompta
2701 3239 2881 3309 atque
2911 3236 3066 3293 facili
3115 3241 3254 3293 sunt
3302 3239 3495 3295 ornati
3546 3255 3644 3312 pe-

275 3328 511 3382 testate.
539 3323 648 3390 Qui
668 3324 807 3380 item
839 3338 979 3380 vere
1011 3329 1254 3380 sanctus
1293 3328 1350 3380 et
1369 3322 1534 3379 solus
1563 3323 1762 3379 bonus
1794 3326 2012 3380 natura
2041 3339 2174 3380 vere
2196 3323 2428 3382 dicitur.
2461 3326 2693 3398 Quippe
2716 3325 3043 3382 sanctitatis
3059 3330 3117 3383 et
3146 3326 3429 3383 bonitatis
3455 3330 3644 3386 omnis

276 3413 411 3471 fons
437 3413 597 3470 idem
632 3418 689 3470 et
714 3413 884 3470 radix
913 3418 1022 3472 est.
1057 3414 1253 3471 Sancti
1283 3428 1527 3486 quoque
1553 3412 1739 3469 nostri
1768 3411 1863 3469 isti
1893 3412 2067 3469 simul
2105 3417 2160 3471 et
2193 3413 2358 3471 boni.
2405 3417 2477 3471 At
2531 3414 2627 3471 ille
2678 3414 2927 3488 propria
2983 3414 3253 3489 nullique
3314 3432 3515 3473 causae
3542 3417 3642 3473 de-

280 3503 446 3560 bita:
481 3503 577 3559 isti
598 3502 819 3560 alunde
849 3502 1032 3560 ducta
1062 3506 1119 3559 et
1146 3502 1507 3577 participata
1532 3501 1819 3571 bonitate,
1858 3502 2032 3573 cujus
2076 3502 2424 3560 hauriendus
2486 3504 2788 3578 copiosius
2835 3520 2945 3562 sua
2990 3504 3281 3562 naturalis
3319 3521 3460 3563 cum
3516 3508 3646 3579 ejus

280 3593 442 3650 fonte
473 3594 589 3649 Deo
619 3592 1038 3666 propinquitas
1069 3608 1359 3663 magnam
1391 3592 1540 3665 ipsis
1573 3591 2089 3665 opportunitatem
2119 3593 2392 3666 praebuit,
2428 3599 2493 3651 ut
2516 3609 2639 3651 non
2666 3595 2795 3667 jam
2816 3594 2877 3651 in
2908 3594 3022 3652 illis
3062 3597 3511 3657 communicata
3528 3597 3635 3659 bo-

281 3683 459 3754 nitas,
495 3682 599 3738 sed
622 3682 752 3755 ipsa
774 3682 928 3738 adeo
952 3681 1311 3756 primigenia
1336 3686 1630 3738 cernatur.

352 3770 470 3828 *Ετι
504 3776 661 3845 σοφία
690 3775 818 3844 πρὸς
868 3774 1070 3835 τούτοις
1120 3777 1210 3824 καὶ
1272 3769 1510 3841 ἀλήθεια,
1568 3767 1884 3829 δικάισύονη
1919 3770 1958 3825 C
2070 3776 2107 3828 A

1919 3770 1958 3825 C
2070 3772 2152 3828 Ad
2178 3772 2307 3829 haec
2334 3772 2395 3830 in
2418 3772 2636 3830 divinis
2687 3778 2979 3847 praeterea
3018 3774 3276 3831 oraculis
3327 3777 3645 3851 sapientia,

280 3865 371 3913 καὶ
419 3865 655 3936 σωτηρία
704 3866 792 3913 καὶ
842 3862 908 3913 τά
957 3860 1304 3935 παραπλήσια
1346 3878 1475 3935 προς
1530 3867 1631 3912 τῶν
1705 3861 1888 3912 Θεοσό-
1997 3877 2034 3915 V

1997 3861 2232 3927 veritas,
2245 3861 2493 3933 justitia,
2514 3862 2699 3932 salus,
2718 3867 2774 3920 et
2798 3863 2845 3919 si
2871 3863 3020 3937 quid
3041 3864 3340 3936 ejusmodi
3355 3870 3445 3922 est
3461 3867 3644 3939 aliud,

282 3972 385 4024 φων
414 3950 599 4022 λογὶων
626 3952 654 4009 ἡ
692 3952 917 4025 Θεαρχία
947 3953 1381 4025 προυηγόρευται.
1439 3952 1503 4002 Τί
1550 3945 1609 4002 δὲ
1664 3947 1889 4021 Μιχαὴλ
2000 3953 2037 4007 Ι]

2000 3953 2152 4007 Deus
2183 3951 2536 4025 appellatur.
2564 3953 2717 4021 Quid
2758 3954 3002 4010 Michael
3033 3960 3085 4012 et
3120 3954 3404 4012 Gabriel?
3426 3972 3501 4014 an
3525 3973 3649 4015 non

279 4044 366 4092 καὶ
387 4038 610 4115 Γαϐριὴλ
643 4040 737 4106 ςού
768 4045 918 4112 σοφοὶ
944 4042 1011 4092 τα
1042 4042 1154 4092 θεῖα
1184 4059 1197 4106 ;
1262 4044 1353 4092 καὶ
1394 4047 1486 4100 τῆς
1541 4042 1726 4110 σοφίας
1791 4045 1886 4101 τῆς
1998 4040 2033 4097 d

1998 4040 2333 4098 divinarum
2364 4058 2560 4099 rerum
2577 4043 3116 4117 prmditisapientia
3146 4045 3328 4101 sunt?
3358 4062 3481 4104 non
3494 4048 3543 4120 ej
3558 4064 3649 4103 us-

279 4130 470 4183 ἄνωθεν
518 4137 629 4190 τοῖς
682 4128 846 4193 ἀξίοις
901 4125 1317 4204 ὃιαπορθμευταί
1390 4146 1403 4195 ;
1488 4127 1597 4180 Ούκ
1680 4125 1891 4190 ἀληθεῖς
2000 4130 2034 4185 d

2000 4130 2137 4186 dem
2179 4130 2256 4187 ad
2287 4131 2564 4188 homines
2596 4132 2642 4187 si
2680 4132 2785 4205 qui
2824 4138 2990 4190 tanto
3024 4140 3164 4191 sunt
3202 4134 3371 4204 digni
3405 4152 3652 4193 munere

280 4219 428 4271 αὐτοὶ
476 4224 565 4272 καὶ
614 4216 816 4273 δίκαιοι
865 4222 1008 4293 παρὰ
1063 4226 1178 4272 Θεῶ
1262 4237 1275 4285 ;
1358 4216 1604 4280 ἀληθείας
1675 4213 1732 4269 δε
1801 4222 1891 4270 καὶ
2000 4220 2035 4275 il

2000 4220 2298 4277 institores
2322 4221 2483 4278 velut
2511 4222 2763 4295 quidam
2795 4228 2851 4279 et
2880 4223 3232 4297 interpretes
3260 4225 3289 4281 ?
3317 4230 3406 4281 An
3436 4240 3559 4282 non
3590 4226 3655 4282 ii-

280 4305 627 4371 δικαιοσύνης
670 4310 796 4381 ἡμῖν
848 4306 1137 4385 βραϐιῡταί
1202 4323 1216 4375 ;
1282 4307 1341 4359 ού
1405 4314 1631 4381 σωτῆρες
1688 4309 1890 4379 κόσμου
2002 4310 2035 4365 d

2002 4310 2140 4365 dein
2163 4311 2282 4366 veri
2314 4316 2368 4366 et
2386 4310 2529 4381 justi
2556 4310 2720 4383 apud
2758 4314 2941 4368 Deum
2964 4311 2991 4367 ?
3036 4312 3217 4368 Nobis
3269 4329 3411 4371 vero
3454 4329 3654 4371 nonne

280 4400 411 4473 μετά
460 4419 517 4471 γε
571 4401 658 4451 τόν
714 4403 869 4461 ὄντως
922 4405 1137 4471 Σωτῆρα
1189 4401 1451 4469 πεφήνασι
1499 4403 1610 4458 τοῖς
1662 4396 1892 4468 σωζομέ-
2001 4399 2035 4455 il

2001 4399 2082 4455 illi
2129 4402 2388 4456 veritatis
2435 4405 2490 4456 et
2536 4400 2779 4471 justitim
2828 4402 3077 4473 praemia
3120 4402 3396 4459 dividunt
3451 4402 3478 4456 ?
3529 4407 3656 4460 Non

279 4508 388 4550 νοις
423 4488 529 4557 ;”ΙΙ
560 4489 688 4561 οὐχὶ
717 4490 812 4551 τὰς
832 4496 932 4541 τῶν
961 4496 1161 4540 πιστῶν
1202 4488 1508 4562 προσευχὰς
1573 4488 1640 4547 ὡς
1699 4482 1893 4547 εὑῶδες
2003 4504 2034 4544 n

2003 4490 2214 4545 mundi
2234 4489 2559 4546 salvatores
2592 4490 2881 4558 (secundo
2912 4491 3156 4563 quidem
3176 4491 3310 4547 loco
3348 4496 3483 4564 post
3533 4492 3653 4550 Sal-

284 4580 525 4653 θυμίαμα
567 4580 897 4653 προσάγουσι
959 4582 1154 4651 Κυρίῳ,
1219 4578 1453 4629 κάκεῖοεν
1536 4584 1635 4627 τῶν
1712 4576 1894 4628 αἰτου-
2003 4596 2039 4633 v

2003 4584 2271 4635 vatorcm
2303 4581 2530 4649 verum)
2561 4579 2805 4635 salvatis
2837 4596 2897 4636 se
2929 4581 3259 4637 exhibent?
3291 4587 3347 4638 et
3379 4584 3656 4655 nunquid

283 4672 445 4741 μένων
510 4673 605 4726 τὴν
654 4668 924 4743 πλὴρωσιν
977 4667 1043 4728 εἰς
1098 4670 1362 4740 σωτηρίαν
1413 4673 1518 4726 τοῖς
1591 4664 1894 4737 εὐχομένοις
2003 4685 2038 4726 ο

2003 4670 2305 4726 oraliones
2319 4669 2588 4727 ﬁdelium
2607 4674 2896 4743 tanquam
2913 4671 3159 4727 odorem
3179 4687 3362 4728 suave
3386 4672 3656 4742 fragran-

285 4755 699 4831 ίπιχορηγοῡσιν
730 4771 751 4828 ;
782 4756 846 4810 Ἣ
891 4758 1020 4829 οὗχὶ
1078 4761 1167 4809 καὶ
1216 4761 1315 4807 πᾶν
1363 4758 1422 4807 τό
1477 4757 1755 4827 πρόσωπον
1802 4763 1895 4818 τῆς
2003 4762 2040 4814 ί(

2003 4762 2123 4815 tem
2166 4760 2418 4815 Domino
2448 4759 2772 4816 admovent
2800 4759 3236 4834 iindidemque
3262 4762 3658 4836 expetitarum

283 4856 379 4920 γῆς
402 4850 696 4923 ἐφορῶντες,
749 4847 854 4919 οὐχ
909 4850 1104 4905 ἥκιστα
1154 4841 1212 4898 δὲ
1274 4847 1396 4905 τοὺς
1442 4842 1489 4896 ἕν
1541 4851 1646 4915 ναῷ
1696 4846 1893 4897 τούτων
2002 4865 2038 4904 ri

2002 4865 2200 4905 rerum
2218 4849 2463 4906 uberem
2478 4851 2713 4922 copiam
2736 4853 3071 4906 ctvotorum
3091 4850 3300 4907 effecta
3313 4851 3389 4907 ad
3405 4850 3659 4909 salutem

284 4936 413 5010 ἁγίῳ
479 4945 995 5011 προσκαρτεροῦντας
1092 4933 1455 4996 ἐποπτεύοντες
1543 4929 1892 4987 παντοδαπῶν
1927 4923 1967 4977 D
2002 4951 2039 5010 ρ

1927 4923 1967 4977 ί)
2002 4940 2389 5010 precantibus
2409 4939 2863 5012 expediunt?an
2879 4954 3001 4996 non
3030 4940 3089 4996 in
3104 4944 3290 4997 terras
3315 4941 3430 4997 late
3447 4957 3661 4998 omnes

282 5046 337 5079 τε
374 5029 560 5093 νόσων,
604 5032 694 5080 καὶ
747 5028 922 5087 πάσης
972 5022 1233 5099 δαιμόνων
1283 5022 1542 5097 ἐπηρείας,
1587 5027 1677 5076 καὶ
1719 5026 1893 5086 πάσης
2004 5046 2034 5085 e

2004 5046 2074 5085 ex
2105 5029 2374 5102 quadam
2398 5029 2562 5085 velut
2591 5028 2838 5101 specula
2864 5029 3424 5087 beneﬂcentissimm
3463 5031 3665 5104 provi-

284 5119 538 5192 σωμάτων
596 5116 831 5182 ἐξιῶνται
869 5118 1040 5191 λύμης
1095 5135 1149 5171 τι
1196 5120 1286 5168 καὶ
1358 5116 1548 5191 φθορᾶς
1598 5133 1613 5181 ;
1691 5120 1891 5191 Ὠσπερ
2004 5117 2039 5174 d

2004 5117 2220 5175 dentiae
2251 5118 2668 5191 despectantes
2697 5118 3046 5174 universum
3079 5135 3268 5190 genus
3317 5120 3658 5193 hominum,

279 5210 404 5283 γὰρ,
443 5208 582 5282 εἰμὴ
642 5208 901 5281 τολμηρόν
952 5207 1131 5276 εἰπεῖν,
1184 5206 1285 5259 ὅσα
1340 5206 1477 5257 κατὰ
1526 5205 1681 5277 φύσιν
1722 5203 1897 5279 ἔνορᾶ·
2004 5224 2034 5264 e

2004 5212 2062 5265 et
2090 5207 2306 5263 scilicet
2347 5207 2407 5263 in
2456 5222 2664 5288 eorum
2725 5222 2931 5263 curam
2980 5208 3083 5281 qui
3138 5214 3348 5265 sancto
3390 5208 3660 5282 ipsorum

278 5316 365 5351 ται
392 5305 527 5369 Θεῷ,
560 5300 727 5350 ταῦτά
767 5317 825 5370 γε
880 5299 1015 5349 κατά
1063 5300 1150 5355 τὴν
1204 5296 1366 5348 αὐτοῦ
1430 5295 1561 5347 εἰσιν
1610 5290 1752 5347 οὗτοι
1808 5314 1895 5368 με·
2005 5303 2033 5355 ιι

2005 5297 2228 5371 templo
2257 5296 2560 5367 religionis
2610 5296 2821 5352 ofﬁciis
2862 5298 3157 5354 constanti
3206 5299 3422 5372 pietate
3446 5313 3663 5368 reprae-

278 5391 516 5455 τουσίαν,
553 5392 643 5441 καὶ
673 5388 773 5441 ὃσα
821 5383 881 5441 δε
935 5386 1131 5461 πληροῖ
1171 5380 1446 5446 ούσιωδώς
1505 5382 1670 5442 ἕκείνη
1740 5380 1896 5438 ἁδια-
2005 5404 2031 5443 s

2005 5386 2311 5444 sentandis
2346 5391 2795 5460 perseveranter
2848 5384 3150 5453 insistunt,
3211 5385 3495 5458 peculiari
3545 5390 3664 5443 stu-

283 5479 487 5539 στάτως
540 5485 613 5549 τῷ
654 5482 810 5530 παντὶ
876 5483 1147 5551 παροῦσα,
1220 5482 1388 5528 ταῦτα
1463 5481 1661 5547 νοεραῖς
1751 5470 1893 5528 οὗτοι
2004 5476 2038 5532 d

2004 5476 2105 5532 dio
2134 5475 2472 5546 vigilantes,
2505 5473 2953 5531 abmorborum
2975 5474 3141 5531 omni
3168 5490 3404 5545 genere,
3444 5480 3573 5531 tum
3626 5491 3662 5533 a

281 5571 539 5625 πτήσεσιν
590 5569 660 5629 ὡς
740 5567 1019 5640 ὑπόπτεροι
1088 5569 1195 5628 νόις
1282 5563 1676 5637 κατειλήφασιν
1758 5567 1893 5617 οὕτω
2005 5583 2036 5623 ι]

2005 5565 2302 5623 malorum
2316 5565 2665 5621 daamonum
2685 5564 3083 5636 impressione
3104 5565 3304 5635 noxia,
3334 5564 3662 5637 corruptio-

285 5660 374 5710 καὶ
419 5658 572 5711 πάνθ’
628 5661 728 5711 ὅσα
809 5652 1033 5710 δύναται
1106 5662 1268 5710 ποιεῖν
1345 5654 1397 5720 ἐξ
1476 5654 1635 5722 αὐτῆς
1700 5653 1890 5725 ίκείνη,
2003 5672 2040 5713 n

2003 5671 2200 5729 neque
2216 5654 2382 5712 omni
2397 5670 2467 5712 ac
2495 5653 2757 5727 pernicie
2786 5669 3110 5727 corporum
3122 5652 3379 5712 liberant
3410 5656 3438 5711 ?
3469 5656 3658 5721 Quem

283 5753 455 5804 ταῦτα
481 5752 573 5802 καὶ
600 5750 814 5811 τούτους
848 5750 1015 5822 τυχὸν
1064 5748 1113 5803 ἓν
1160 5745 1324 5823 ἐκείνῃ
1381 5742 1646 5802 δύνασθαι
1700 5754 1887 5818 ποιεῖν,
2003 5761 2038 5806 a

2003 5745 2341 5806 admodum
2369 5744 2553 5816 enim,
2584 5743 2699 5802 nisi
2744 5742 2807 5801 id
2862 5743 2980 5803 dici
3023 5744 3296 5806 videatur
3338 5743 3654 5817 audacius,
