4444 6452
828 407 966 465 1263

2308 396 2660 459 ADDENDA.

4037 384 4179 443 1254

824 533 1284 604 quaecunquein
1314 536 1434 590 Deo
1480 537 1828 594 naturaliter
1878 539 2072 594 inesse
2126 534 2470 591 cernuntur,
2505 528 2549 578 A

2423 542 2470 591 ι’,
2505 528 2549 578 Α
2583 518 2658 581 οἷς
2696 526 2781 574 καὶ
2834 529 2945 583 ταῖς
3000 525 3304 595 θεωνυμίαις
3370 520 3501 591 αὐτῇ
3566 521 3841 572 κοίνωνεῖν,
3899 514 3979 565 Ἐν
4042 517 4177 563 πᾶσι

826 619 1039 676 eadem
1067 621 1167 676 Dei
1197 637 1271 678 ex
1295 624 1568 691 eiusdem
1608 625 1723 698 ipsi
1757 625 2191 683 consuetudine
2233 621 2294 675 in
2343 630 2474 671 sese

825 708 1055 764 ducunt
1085 715 1264 781 atque
1319 713 1678 784 exprimunt,
1739 719 1795 770 et
1841 726 2217 786 quaecunque
2257 722 2362 778 per
2412 719 2474 757 se

826 797 1023 868 ipsam
1050 797 1150 853 illa
1167 798 1374 870 implet
1393 807 1607 856 natura
1636 802 1800 858 nullo
1847 802 2167 859 interclusa
2203 799 2475 852 locorum

826 884 1133 941 intervallo
1177 889 1503 959 quominus
1554 891 1831 948 universo
1883 905 2142 963 praesens
2191 885 2323 942 orbi
2381 882 2473 950 sit,

827 973 1040 1030 eadem
1065 974 1148 1030 illi
1177 978 1370 1047 spatia
1429 978 1872 1036 celerrimarum
1922 979 2211 1034 mentium
2259 971 2480 1029 intelle-

828 1062 1125 1118 ctualibus
1150 1064 1376 1122 obeunt
1406 1067 1702 1125 volatibus
1763 1086 1776 1124 :
1823 1070 1904 1125 ita
1941 1079 2319 1139 quaecunque
2375 1075 2479 1132 per

830 1151 1091 1224 seipsam
1143 1154 1242 1210 illa
1285 1154 1455 1223 valet,
1507 1158 1719 1214 eadem
1758 1159 1851 1213 isti
1903 1158 2051 1214 forte
2089 1155 2208 1211 dici
2253 1152 2478 1224 queant

830 1257 1014 1317 posse
1035 1243 1190 1299 illius
1215 1245 1273 1299 vi
1305 1245 1610 1317 perﬁcere,
1643 1252 1705 1304 ut
1733 1249 2099 1320 quibuscum
2131 1261 2272 1299 suas
2324 1242 2477 1296 Deus

829 1332 994 1403 ipsas
1016 1333 1448 1404 appellationes
1477 1335 1658 1391 rebus
1690 1337 1892 1409 utique
1920 1352 2044 1392 non
2074 1349 2295 1390 vacuas
2319 1346 2478 1385 com-

830 1421 1114 1477 municet.
1131 1421 1196 1476 In
1221 1423 1505 1478 omnibus
1536 1440 1697 1487 vero,
1723 1430 1785 1480 ut
1807 1425 1990 1480 semel
2013 1424 2232 1486 dicam,
2261 1418 2478 1475 divinis

830 1505 1293 1580 Proprietatibus
1322 1527 1582 1582 quarum
1612 1513 1724 1585 ipsi
1754 1531 1893 1569 cum
1929 1512 2234 1568 conditore
2279 1522 2478 1564 rerum

831 1597 1105 1652 omnium
1138 1601 1488 1656 communia
1526 1601 1794 1658 obtinent
1815 1602 2085 1668 nomina,
2126 1601 2253 1655 haec
2294 1602 2478 1652 atten-

833 1685 1033 1742 denda
1050 1687 1389 1745 differentia
1425 1707 1437 1745 :
1481 1696 1546 1746 ut
1574 1690 1653 1746 illi
1676 1692 1922 1763 quidem
1946 1692 2062 1746 hoc
2075 1691 2147 1744 sit
2170 1687 2480 1760 proprium

833 1791 871 1830 a
895 1774 1062 1830 nullo
1091 1777 1394 1848 accepisse
1415 1779 1580 1850 quod
1607 1780 1680 1835 sit
1699 1795 1949 1852 esseque
1975 1780 2056 1834 ita
2089 1798 2100 1845 ;
2143 1783 2322 1848 atque
2343 1790 2483 1828 eum

833 1863 1154 1919 exsistendi
1184 1881 1368 1937 supra
1396 1882 1641 1923 omnem
1672 1869 1850 1938 longe
1880 1873 2159 1924 naturam
2199 1865 2484 1920 exsisten-

831 1955 954 2007 tem
984 1952 1250 2010 obtinere
1271 1970 1340 2009 ac
1384 1956 1533 2011 tueri
1581 1957 2006 2029 principatum,
2068 1954 2486 2010 constitutione

833 2040 1191 2109 certissima,
1223 2042 1504 2100 ﬁrmitate
1530 2046 1912 2114 immutabili,
1947 2050 2138 2101 stante
2164 2058 2399 2113 semper
2433 2047 2490 2097 et

838 2131 1199 2203 perdurante
1223 2135 1581 2203 constantia,
1634 2141 1696 2191 ut
1758 2135 1922 2190 nulla
1974 2134 2058 2189 illi
2116 2132 2489 2204 participatio

839 2219 1240 2276 similitudinis
1295 2223 1671 2295 proprietatis
1729 2224 1790 2280 in
1841 2224 2188 2280 excellentia
2236 2235 2490 2278 summae

838 2308 1235 2366 differentiam
1268 2311 1514 2368 adimat.
1550 2314 1614 2368 Hi
1664 2329 1801 2369 vero
1857 2329 1978 2369 non
2037 2318 2269 2368 tantum
2325 2309 2490 2381 quod

838 2399 1089 2455 omnino
1119 2405 1278 2466 sunt,
1308 2401 1412 2456 sed
1461 2403 1628 2475 quod
1681 2403 2031 2474 hujusmodi
2079 2407 2237 2458 sunt.
2289 2403 2490 2472 anue

838 2492 1086 2545 utuntur
1110 2489 1450 2548 conditione
1481 2507 1551 2547 ac
1581 2492 1854 2548 felicitate
1875 2498 2105 2548 natura:
2145 2491 2224 2546 illi
2268 2490 2492 2546 debent

836 2577 1130 2634 conditori
1154 2594 1354 2634 rerum
1385 2581 1658 2637 omnium
1690 2581 1768 2636 ad
1803 2582 2104 2650 insignem
2156 2579 2489 2652 quamdam

837 2671 1015 2740 atque
1063 2683 1411 2740 expressam
1450 2671 1541 2725 sui
1588 2671 2038 2726 similitudinem
2087 2686 2242 2741 opus
2307 2684 2489 2723 suum

837 2755 1150 2812 elaborare
1181 2756 1462 2829 cupienti.
1499 2759 1813 2815 Enimvero
1840 2774 1876 2815 a
1905 2758 2070 2814 nullo
2113 2759 2243 2829 ipse
2289 2756 2489 2812 condi-

837 2848 951 2914 tus,
976 2849 1155 2916 atque
1194 2851 1260 2902 ut
1291 2845 1373 2900 sic
1395 2845 1595 2902 dicam
1627 2863 1697 2903 ex
1719 2848 1918 2919 seipso
1948 2852 2144 2903 natus.
2207 2846 2291 2901 Illi
2348 2860 2490 2901 vero

839 2933 1062 2989 conditi
1094 2939 1150 2988 et
1175 2935 1305 3004 ejus
1338 2936 1391 2990 vi
1417 2941 1598 3007 atque
1629 2935 1944 2992 efﬁcientia
1974 2936 2052 2991 ad
2115 2936 2277 2991 hunc
2335 2934 2490 2989 exsi-

837 3022 1031 3077 stendi
1063 3022 1154 3078 vel
1172 3023 1467 3079 honorem
1507 3025 1740 3081 excitati
1803 3025 1892 3080 vel
1940 3025 2217 3081 fructum.
2270 3027 2492 3080 Rursus

834 3109 931 3166 ille
956 3111 1202 3183 quidem
1226 3113 1395 3184 prmit
1420 3112 1728 3169 celerrima
1755 3116 2101 3185 operatione
2121 3114 2336 3168 mentis
2363 3111 2491 3168 lon-

834 3214 1030 3273 geque
1075 3208 1332 3273 occupat
1374 3218 1740 3274 quocunque
1783 3203 2046 3260 velocius
2089 3202 2490 3271 intelligentiae

833 3293 1048 3345 creatae
1079 3295 1247 3347 motu
1274 3291 1499 3347 consilii
1533 3291 1733 3347 omnis
1756 3292 1902 3348 boni
1917 3291 2491 3362 excogitationisque

833 3378 1000 3435 initia
1026 3384 1398 3452 praevertere.
1425 3383 1719 3438 Caatarum
1750 3382 1893 3438 istos
1931 3381 2113 3437 habet
2170 3385 2492 3437 assectato-

832 3485 929 3525 res
958 3470 1019 3525 in
1046 3469 1158 3524 isto
1188 3485 1368 3525 cursu
1403 3473 1676 3527 omnium
1704 3472 2035 3544 proximos.
2069 3471 2180 3537 Qui
2227 3471 2492 3540 cognito-

833 3574 973 3615 rum
1002 3558 1248 3630 quidem
1279 3559 1614 3632 aliquaipsi
1648 3577 1752 3632 per
1777 3577 1839 3616 se
1885 3559 2183 3616 efﬁciunt:
2242 3559 2359 3616 alia
2405 3559 2488 3614 in-

834 3647 1153 3704 ferioribus
1190 3649 1585 3720 potestatibus
1633 3650 2000 3706 declarantes
2047 3651 2283 3706 illarum
2305 3650 2490 3705 ascito

837 3751 1137 3792 concursu
1193 3741 1249 3792 et
1297 3739 1716 3810 cooperatione
1779 3739 2111 3811 perﬁciunt.
2169 3745 2356 3810 Atque
2409 3737 2491 3793 illi

2584 606 2662 671 δὲ,
2713 612 2955 673 καθάπαξ
3008 612 3186 679 εἰπεῖν,
3266 617 3372 671 τοῖς
3459 608 3856 678 θεοπρεστάτοις
3950 597 4178 671 ἰδιώμα-

2586 719 2665 750 σιν
2697 701 2769 760 οἷς
2813 710 2882 769 τῷ
2927 708 3116 771 ποιητῇ
3167 702 3596 756 κεκοινωνήκασιν
3656 696 3789 746 οὕτω
3835 695 3929 748 τήν
3988 685 4178 758 διαφο-

2582 790 2676 860 ρὰν
2710 791 3009 862 θεωρητέον,
3066 791 3200 840 ὥστε
3254 796 3325 858 τῷ
3378 790 3466 858 μεν
3524 784 3618 836 ούκ
3664 786 3719 834 ἔκ
3764 800 3903 841 τινος
3961 776 4090 830 εἶναι
4145 776 4174 832 ἠ

2585 878 2742 938 οὕτως
2779 877 2905 930 εἶναι
2952 881 3125 940 πάσης
3179 878 3358 936 οὐσίας
3407 877 3727 948 ύπερουσίως
3786 864 4181 944 ύπεριὸρυμένῳ

2584 972 2674 1018 καὶ
2731 967 3084 1028 ἀναλλοίωτως
3139 965 3216 1018 ἀεὶ
3268 965 3457 1018 ἑστῶτι
3508 966 3641 1014 κατά
3691 967 3864 1012 πᾶσαν
3934 958 4184 1028 ὑπερφυε-

2587 1059 2783 1113 στάτην
2839 1054 3102 1114 ἰδιότηταο
3164 1063 3272 1115 τοῖς
3320 1051 3379 1106 δὲ
3426 1053 3483 1104 ού
3538 1054 3597 1103 τὸ
3656 1047 3784 1102 εἶναι
3830 1052 4003 1118 μόνον,
4055 1041 4183 1093 ἀλλὰ

2585 1150 2676 1197 καὶ
2705 1147 2730 1197 ό
2759 1155 2850 1198 τού
2897 1147 3024 1198 εἶναι
3073 1148 3259 1219 τρόπος
3306 1142 3357 1205 ἐξ
3402 1141 3563 1193 αύτοῡ
3608 1142 3739 1212 πρὸς
3793 1139 4027 1209 ὑπερφυῆ
4090 1136 4185 1181 τοῦ

2585 1243 2849 1295 ποιοῦντος
2907 1238 3193 1306 ὁμοιότητα
3255 1233 3641 1302 καθισταμένου
3716 1234 3807 1278 τοῦ
3901 1223 4185 1290 πεποιημέ-

2587 1343 2694 1376 νου.
2735 1330 2833 1376 Καὶ
2878 1325 3033 1395 γὰρό
3095 1326 3184 1394 μεν
3235 1322 3482 1379 οἴκτιστος
3523 1323 3613 1369 καὶ
3664 1312 4046 1384 αύτογένεθλος,
4117 1309 4189 1365 ὡς

2587 1413 2647 1465 ἂν
2677 1434 2758 1474 τις
2787 1418 2942 1480 εἶποι,
3001 1415 3049 1464 οἱ
3111 1408 3169 1464 δὲ
3220 1414 3424 1462 κτιστοὶ
3470 1413 3560 1458 καὶ
3617 1406 3664 1458 έν
3708 1405 3885 1473 ἐκείνῳ
3942 1403 3999 1452 τό
4056 1400 4190 1450 εἶναι

2586 1502 2856 1574 λαχόντες.
2921 1501 3080 1554 Πάλιν
3123 1502 3148 1550 ό
3205 1503 3293 1572 μὲν
3343 1499 3550 1568 ἡγεῖται
3606 1497 3784 1554 πάσης
3839 1511 3894 1542 τε
3988 1487 4191 1560 βουλῆς

2590 1590 2795 1662 ἀγαθῆς
2823 1595 2912 1641 καὶ
2945 1589 3274 1659 ἐννοήματος·
3326 1589 3375 1638 οἱ
3429 1581 3488 1636 δὲ
3546 1583 3660 1634 λίαν
3716 1581 3864 1642 ὀξέως
3915 1583 4190 1629 συνιοῦσιν

2591 1681 2907 1752 ἐφεπόμενοι,
2984 1683 3082 1731 Καὶ
3134 1676 3169 1728 ἆ
3221 1679 3309 1748 μεν
3368 1674 3767 1746 αύτουργοῡσιν,
3827 1668 3863 1719 ἂ
3933 1663 3992 1718 δὲ
4079 1671 4195 1722 ταῖς

2592 1772 2888 1842 ὑφειμέναις
2937 1765 3222 1838 δυνάμεσιν
3275 1764 3594 1835 ἐκφαίνοντες
3663 1767 3774 1820 ταῖς
3824 1758 4007 1816 αὐταῖς
4066 1774 4193 1806 συν-

2595 1857 2815 1933 δρομαῖς
2844 1863 2933 1908 καὶ
2975 1859 3315 1928 συνεργείαις,
3367 1855 3434 1904 τὰ
3488 1852 3658 1903 πάντα
3713 1847 4190 1918 τελεσιουργοῡσιν.

2598 1953 2700 2002 Καὶ
2732 1950 2756 1998 ό
2807 1950 2895 2018 μὲν
2953 1948 3021 2006 ὡς
3080 1948 3204 2003 Θεὸς
3265 1943 3601 2013 θεραπεύεται
3652 1943 3739 1989 καὶ
3794 1937 4193 2007 λειτουργεῐται·

2597 2036 2820 2108 Μιχαὴλ
2851 2033 2908 2087 δε
2939 2039 3029 2085 καὶ
3057 2031 3286 2104 Γαϐριὴλ
3309 2027 3393 2082 οἶα
3424 2026 3489 2087 δὴ
3544 2029 3830 2100 λειτουργοὶ
3881 2026 4113 2095 πύρινοι,
4167 2022 4196 2077 ἦ

2597 2133 2701 2187 νόες
2729 2131 2912 2182 πτηνοὶ
2943 2129 3036 2181 τὴν
3082 2126 3236 2194 φύσιν
3304 2122 3630 2179 καθεστῶτες
3675 2115 3916 2188 ἐμπύρως
3960 2115 3988 2171 ἡ
4051 2113 4200 2172 θείως

2597 2224 2703 2276 τοῖς
2761 2213 3202 2287 θεαρχικωτάτοις
3273 2208 3529 2280 θελήμασι
3606 2203 3961 2258 διακονοῦσιν.
4043 2199 4205 2287 ’ῨΑλλέι

2597 2314 2707 2365 πῶς
2734 2303 2793 2354 ἂν
2815 2286 3136 2361 εύεπηϐόλως
3214 2304 3306 2357 τὴν
3351 2300 3544 2349 τούτων
3604 2297 3847 2351 θειότητα
3903 2297 3993 2343 καὶ
4043 2286 4204 2350 δόξαν

2597 2395 3046 2467 καταθέωροίημεν
3105 2408 3119 2457 ;
3176 2384 3315 2440 Ούδε
3370 2389 3470 2459 γὰρ
3527 2392 3754 2457 μακραῖς
3806 2383 3954 2454 οἶμαι
4037 2380 4204 2449 λόγων

2600 2479 2882 2546 διεξόδοις,
2913 2488 2982 2549 νῷ
3008 2476 3064 2532 δὲ
3090 2480 3302 2550 καθαρῷ
3329 2481 3419 2527 καὶ
3472 2482 3605 2528 Θεού
3660 2475 3919 2544 Πνεύματι
3975 2487 4202 2537 πεφωτι-

2601 2577 2769 2645 σμένῳ
2815 2574 2906 2628 τὴν
2963 2571 3176 2641 θεωρίαν
3229 2574 3327 2617 τῶν
3388 2566 3532 2616 θείων
3570 2567 3696 2615 νόων
3759 2563 3824 2621 ως
3865 2563 3912 2611 ἐν
3963 2557 4202 2630 ἐσόπτρῳ

2598 2659 3029 2714 κατοπτεύεσθαι.
3102 2655 3303 2707 Ούκοῦν
3382 2653 3710 2724 ἐπιμελητέον
3785 2658 3876 2710 τῆς
3961 2646 4201 2720 πράξεως

2598 2752 2714 2810 ἦτοι
2768 2758 2864 2800 τῶν
2918 2747 3127 2799 ἐντολῶν
3176 2744 3428 2817 φυλακῆς,
3491 2739 3561 2795 δι’
3619 2738 3677 2801 ἧς
3747 2747 3809 2812 τῇ
3882 2743 4041 2811 σαρκὶ
4108 2740 4200 2807 μεν

2599 2836 3152 2912 κάθαρσις,ἓλλαμψις
3185 2832 3244 2887 δὲ
3273 2842 3333 2906 τῇ
3362 2834 3542 2904 ψυχῇ,
3593 2837 3683 2882 καὶ
3744 2838 3816 2900 τῷ
3866 2837 3935 2898 νῷ
3992 2829 4200 2912 θείωσις

2603 2910 2963 3006 ἱερουργεῖται·
3028 2924 3181 2978 Ἀλλὰ
3244 2918 3382 2996 μηδὲ
3434 2929 3528 2983 τῆς
3575 2923 3703 2992 μετὰ
3762 2917 3909 2988 λόγον
3970 2910 4203 3006 ’θεωρῖας

2601 3021 2881 3094 ἀμελῶμεν·
2913 3017 3265 3073 ἀντιποιητέον
3313 3010 3372 3065 δὲ
3428 3017 3518 3064 καὶ
3576 3011 3740 3071 αὐτῆς
3793 3011 3890 3065 ὅση
3957 3003 4199 3076 δύναμις·

2600 3110 2644 3164 εἰ
2696 3130 2754 3181 γε
2813 3106 2880 3166 δὴ
2950 3105 3214 3178 μέλλοιμεν
3268 3111 3364 3162 τῆς
3412 3111 3510 3153 τῶν
3571 3105 3696 3152 νόων
3752 3097 3917 3168 ὅψεως
3984 3099 4205 3168 μετρίως

2600 3198 2965 3256 ἐπιϐήσεσθαι.
3025 3194 3250 3264 Ὀμοίως
3295 3193 3396 3264 γὰρ
3453 3188 3620 3248 ἀτελὲς
3680 3192 3769 3238 καὶ
3824 3184 4014 3258 πρᾶξις
4078 3181 4204 3233 ἄλο-

2598 3309 2687 3361 γος
2743 3291 2832 3339 καὶ
2880 3285 3029 3356 λόγος
3082 3283 3371 3354 ἄπρακτος.
3423 3278 3482 3330 Ἠ
3571 3279 3661 3349 μεν
3752 3272 4034 3347 ἀμφίϐολος
4114 3274 4206 3320 καὶ

2601 3381 2818 3448 στυγνὴ,
2850 3383 2941 3434 τῆς
2987 3380 3077 3424 τοῦ
3125 3373 3277 3441 λόγου
3331 3369 3554 3442 χάριτος
3613 3365 3931 3435 ἀστοχοῦσα
3978 3365 4066 3412 καὶ
4111 3366 4205 3410 τοῦ

2599 3465 2942 3540 φωτισμου·ό
2998 3462 3148 3532 λόγος
3195 3456 3253 3511 δὲ
3312 3458 3464 3510 πάλιν
3526 3456 3636 3515 εἰκῆ
3705 3456 3831 3529 ῥέων
3909 3451 3976 3511 εἰς
4053 3449 4204 3521 ἀέρα,

2597 3561 2688 3608 καὶ
2738 3558 2822 3607 τὸν
2851 3552 2897 3604 ἐν
2955 3551 3096 3621 αύτῷ
3145 3550 3485 3620 κομπάζοντα
3529 3548 3671 3597 κενὸν
3728 3542 3910 3614 ἀφιεὶς,
3962 3543 4068 3609 ε’ίγε
4129 3542 4202 3608 μὴ

2596 3653 2656 3717 τῇ
2721 3643 2905 3717 πράξει
2963 3638 3268 3712 βεϐαιωθεὶς
3327 3635 3590 3709 ἀραρότως
3645 3629 3961 3704 ἐνιδρυθείηε
4020 3626 4092 3687 οἷς
4145 3621 4205 3677 δὲ

2598 3737 2664 3786 τὰ
2696 3735 2952 3806 θεωρητέα
2979 3732 3229 3804 πρακτέα,
3279 3730 3369 3777 καὶ
3434 3727 3500 3776 τὰ
3551 3724 3785 3798 πρακτέα
3849 3723 4027 3790 γέγονε
4078 3718 4207 3768 θεω-

836 3825 1104 3921 quidem,
1153 3831 1358 3921 utpote
1399 3804 1536 3921 l—)_eo,
1594 3804 1870 3921 summus
1908 3829 2218 3921 religionis
2260 3804 2491 3884 -cultus
2523 3867 2562 3921 C

2448 3844 2491 3881 lS
2523 3867 2562 3921 C
2599 3827 2759 3897 ρητέα
2783 3824 2984 3879 τούτοις
3008 3824 3096 3870 καὶ
3129 3821 3187 3869 τό
3240 3817 3370 3868 εἶναι
3442 3812 3674 3879 τελείοις,
3728 3814 3819 3862 καὶ
3867 3807 4062 3881 ὁμιλεῖν
4102 3804 4203 3875 ἀγ-

2652 3912 2672 3921 ..
2911 3915 2920 3921 ι
3048 3911 3057 3921 ι
3216 3904 3227 3916 ‘
3363 3906 3372 3917 ν
3594 3901 3605 3917 ⁵
3660 3909 3677 3917 ει
3796 3898 3821 3921 1,
3849 3901 4045 3921 A__,-.'_.-
4116 3899 4203 3921 ..μῖ

838 3914 1175 3972 adhibetur.
1204 3916 1444 3972 Michael
1474 3922 1530 3973 et
1575 3917 1808 3974 Gabriel
1839 3934 1950 3973 sua
1997 3919 2138 3973 item
2164 3917 2494 3973 observan-

839 4005 921 4061 tia
945 4021 1016 4061 ac
1046 4005 1325 4075 religiosa
1385 4008 1768 4063 veneratione
1823 4007 2150 4078 dignantur
2198 4013 2494 4079 tanquam

838 4093 1096 4150 ministri
1123 4096 1254 4166 ejus
1289 4096 1470 4165 ignei,
1513 4102 1570 4153 et
1615 4096 2018 4167 intelligentiae
2060 4101 2275 4153 natura
2332 4095 2496 4151 volu-

840 4199 970 4239 cres
993 4182 1568 4257 fulmineaquadam
1592 4186 1955 4254 incitatione,
1979 4191 2084 4241 aut
2137 4185 2340 4240 divina
2395 4202 2496 4258 po-

842 4273 958 4329 tius
987 4272 1305 4344 rapiditate
1333 4279 1555 4337 motus,
1578 4291 1822 4330 omnem
1858 4291 2155 4346 supremae
2177 4275 2499 4331 voluntatis

841 4367 1058 4418 nutum
1078 4362 1642 4435 obsequioimpigro
1664 4370 2121 4436 prosequentes.
2139 4364 2251 4420 Sed
2268 4365 2398 4436 jam
2422 4364 2499 4419 ad

843 4467 1052 4508 eorum
1086 4452 1522 4523 praecellentem
1555 4458 1610 4508 et
1638 4453 1906 4509 divinam
1942 4453 2196 4525 gloriam
2232 4454 2501 4509 conside-

842 4541 1140 4598 rationem
1187 4558 1651 4614 sermonemque
1701 4550 1926 4599 vertere
1959 4542 2312 4615 parantibus
2341 4544 2499 4599 unde

845 4636 949 4686 aut
977 4618 1115 4704 qhaa
1146 4632 1391 4687 tandem
1427 4631 1614 4688 verba
1673 4638 1996 4705 suppetant
2043 4650 2179 4705 quae
2227 4649 2364 4688 cum
2419 4634 2500 4689 rei

845 4719 1149 4792 exaequari
1173 4720 1461 4791 dignitate
1492 4722 1773 4794 possint?
1812 4726 2012 4795 Neque
2049 4723 2209 4778 enim
2233 4722 2501 4778 verbosis

2600 3912 2785 3985 γέλοις,
2841 3915 2930 3961 καὶ
3004 3911 3098 3967 τὰς
3149 3904 3467 3978 νοέρωτάτας
3544 3901 3714 3954 αὐτῶν
3791 3898 4047 3973 ἐνεργείας
4116 3899 4209 3945 καὶ

2606 3984 2761 4063 δόξας
2808 3997 3261 4070 καταλάμπεσθαι·
3319 3995 3414 4044 Διὰ
3478 3998 3625 4044 τούτο
3705 3993 3824 4061 περὶ
3893 3989 3979 4037 τὸν
4057 3984 4209 4055 λόγον

2606 4090 2984 4162 φιλολογητέον,
3027 4090 3116 4137 καὶ
3171 4090 3289 4158 περὶ
3341 4086 3427 4135 τόν
3483 4080 3599 4152 βίον
3658 4077 4047 4151 φιλοπονητέον,
4120 4078 4212 4124 καὶ

2607 4183 2692 4233 τόν
2725 4182 2812 4252 μεν
2838 4185 2898 4249 τῇ
2947 4176 3151 4248 μελέτη,
3216 4176 3301 4224 τόν
3349 4167 3407 4224 δὲ
3453 4179 3515 4242 τῇ
3580 4167 3806 4240 ἀσκήσει
3854 4165 4215 4237 κατορθωτέον

2609 4272 2688 4322 ὅτι
2737 4267 2987 4341 μάλιστα.
3041 4264 3192 4316 Οὕτω
3246 4265 3346 4335 γὰρ
3413 4260 3816 4332 κατορθούμενοι
3861 4262 3950 4305 και
3993 4252 4221 4304 τελειούο

2608 4378 2772 4432 μενοι,
2822 4362 2912 4408 καὶ
2971 4359 3166 4414 τούτοις
3217 4353 3304 4403 οἶα
3361 4348 3490 4402 δυσὶ
3568 4346 3783 4420 πτέρυξι
3856 4345 4218 4417 πτερούμενοι,

2609 4455 2699 4502 καὶ
2749 4448 2907 4519 γῆθεν
2965 4443 3312 4516 ἐπαιρόμενοι,
3367 4443 3453 4491 τόν
3524 4440 3777 4513 ὁρώμενον
3846 4437 3934 4506 μὲν
4015 4436 4222 4503 κόσμον

2611 4535 3082 4612 ύπεραναϐαίημεν,
3138 4539 3208 4602 τῷ
3264 4539 3431 4600 νοητῷ
3490 4525 3547 4581 δὲ
3606 4532 3694 4578 καὶ
3743 4526 3869 4597 ὑπὲρ
3924 4521 4080 4573 αὐτὸν
4136 4522 4222 4572 ἐκ-

2613 4631 2797 4681 στάσει
2821 4630 3072 4700 κρείττονι
3129 4622 3542 4695 προσηγγικότες
3596 4624 3694 4669 τῶν
3746 4614 3791 4666 τ’
3849 4612 4011 4665 ἄλλων
4067 4613 4221 4683 ἱερῶν

2610 4724 2735 4771 νόων
2793 4725 2886 4777 τῆς
2940 4731 3267 4786 φωτοφανους
3335 4708 3749 4781 ἐμπλησθείημεν
3826 4703 4220 4776 λαμπρότητος,

846 4789 1378 4885 disputationibus,
1414 4789 1648 4884 opinor,
1684 4814 1789 4868 sed
1842 4789 2038 4868 mente
2089 4829 2240 4884 pura
2289 4829 2358 4869 ac
2400 4813 2501 4869 Dei
2534 4842 2575 4894 η

2465 4813 2501 4869 3i
2534 4842 2575 4894 Ι)
2611 4813 2700 4860 καὶ
2734 4810 2834 4880 πρό
2889 4806 3091 4856 πάντων
3149 4810 3246 4862 τῆς
3298 4796 3688 4871 ἀρχαγγελικῆς
3740 4795 3933 4851 ταύτην
3982 4789 4220 4864 ἀκρότη-

849 4900 1068 4973 Spiritu
1092 4899 1433 4956 collustrata
1464 4901 1543 4956 ad
1565 4902 1967 4972 cognitionem
1989 4903 2331 4973 pervenitur
2355 4903 2502 4958 divi-

843 5005 1062 5045 narum
1091 4990 1385 5046 mentium
1425 4991 1505 5047 ita
1574 4992 1979 5062 perspicuam,
2033 4997 2093 5047 ut
2146 5007 2353 5047 earum
2414 4992 2503 5046 vis

847 5079 1046 5134 omnis
1078 5095 1148 5135 ac
1175 5084 1414 5149 natura,
1446 5081 1528 5135 sic
1579 5085 1870 5152 tanquam
1920 5082 1980 5136 in
2023 5081 2287 5153 speculo,
2345 5081 2504 5136 clare

847 5172 1146 5224 cernatur.
1183 5169 1661 5225 lncumbendum
1693 5171 1870 5225 nobis
1915 5171 2094 5241 igitur
2146 5170 2365 5226 actioni
2415 5175 2508 5225 est

847 5263 903 5315 et
924 5259 1354 5315 mandatorum
1377 5259 1803 5328 observationi,
1829 5261 2000 5331 cujus
2033 5260 2325 5316 beneﬁcio
2351 5259 2508 5331 puri—

845 5347 1044 5404 ﬁcatio
1072 5348 1330 5420 corpori,
1359 5348 1677 5406 illustratio
1710 5349 1952 5417 animae,
1976 5349 2274 5405 deiﬁcatio
2319 5349 2506 5404 menti

847 5455 1017 5494 sacro
1041 5438 1312 5512 quodam
1341 5439 1524 5497 modo
1556 5445 1958 5512 comparatur.
1985 5442 2408 5496 Verumtamen
2433 5455 2508 5494 ne

845 5529 1420 5602 contemplationem
1449 5529 1738 5601 quodem,
1764 5535 1819 5585 et
1853 5546 1988 5586 eam
2047 5546 2183 5602 quae
2230 5544 2509 5585 sermone

843 5623 1024 5692 atque
1037 5620 1308 5676 oratione
1327 5619 1974 5688 ﬁtconsiderationem,
2008 5618 2408 5689 negligamus,
2447 5623 2512 5674 at

840 5726 980 5773 eam
1009 5725 1156 5766 sane
1183 5713 1485 5788 quantum
1515 5707 1625 5766 erit
1652 5709 1716 5764 in
1743 5708 1920 5765 nobis
1946 5708 2126 5766 situm
2183 5708 2350 5768 omni
2401 5724 2503 5765 co-

2614 4919 2698 4961 τος
2741 4902 2832 4949 καὶ
2881 4898 3168 4953 θειότητος.
3222 4890 3294 4942 Δι’
3349 4889 3415 4940 ὧν
3460 4887 3629 4960 ἡρέμα
3681 4889 3772 4936 καὶ
3825 4885 3854 4941 ἠ
3912 4884 4221 4955 θεαρχικω-

2610 4991 2741 5045 τάτη
2782 4990 3215 5058 παραγυμνοῡται
3259 4981 3429 5052 τριὰς,
3481 4973 3555 5038 οἶς
3606 4979 3694 5047 μεν
3749 4974 3934 5030 ἑαυτήν
3993 4972 4057 5031 ὡς
4107 4969 4222 5022 ἐνὸν

2613 5081 3061 5152 μυσταγωγούσα,
3095 5069 3166 5131 οἷς
3195 5066 3253 5121 δὲ
3281 5073 3648 5140 μυσταγωγεῐν
3679 5063 3866 5124 οἶλλους
3913 5057 4225 5133 δωρουμένη

2614 5148 2812 5224 πάντας
2868 5161 3215 5233 ἀγαθουργοίς
3264 5155 3524 5228 λάμψεσιν
3595 5153 3845 5226 εὐεργετεί
3919 5159 4006 5200 και
4091 5148 4233 5220 ἀγα-

2617 5259 2778 5310 θύνεν.
2814 5251 2949 5306 Ἀλλ’
2980 5251 3018 5301 ὦ
3055 5251 3233 5322 θεωροὶ
3295 5251 3384 5298 καὶ
3439 5244 3730 5317 λειτουργοὶ
3786 5249 3880 5302 τῆς
3930 5239 4238 5313 ἀκροτάτης

2615 5351 2705 5397 καὶ
2761 5344 2932 5395 πάντα
2985 5347 3102 5391 νούν
3155 5341 3245 5389 καὶ
3318 5334 3468 5406 λόγον
3545 5333 3928 5405 ύπεραιρούσης
4008 5329 4237 5403 ύπερου-

2620 5439 2878 5492 σιότητος’
2928 5430 2966 5480 ὦ
3014 5431 3282 5499 πνεύματα
3334 5421 3446 5476 θεῖα
3501 5427 3590 5474 καὶ
3649 5423 3843 5495 πύρινα
3903 5423 3992 5470 καὶ
4054 5424 4239 5493 νοερὰ,

2618 5533 2717 5577 τῶν
2743 5529 3007 5594 κοσμικών
3057 5520 3334 5588 στοιχείων
3397 5511 3800 5588 ἀρραγέσταυτα
3865 5513 4235 5582 στηρίγματα,

2616 5623 2714 5667 τῶν
2778 5621 2885 5673 τῆς.
2932 5613 3182 5683 πονηρίας
3267 5605 3572 5677 πνευμάτῶν
3660 5604 4014 5676 κραταιότατα
4109 5619 4236 5652 συν-

2616 5707 2904 5780 τρίμματα·
2959 5706 3059 5750 τῶν
3113 5704 3281 5774 σοφῶν
3334 5696 3384 5747 οἱ
3433 5696 3700 5766 σοφισταὶ,
3754 5697 3855 5741 τῶν
3933 5687 4100 5762 ἁγίων
4183 5693 4234 5768 οξ
