4444 6452
206 423 344 479 1245

1015 424 1281 480 ΝΙΟΕΤᾸΞ
1314 427 1662 481 LAUDATIO
1697 426 1790 482 SS.
1825 426 2197 485 MICHAELIS
2238 432 2323 485 ΕΓ
2358 431 2754 488 GABRIELIS.

3426 430 3563 485 1246

205 551 467 622 πτερωταὶ
496 566 507 579 ·
542 546 591 597 οἱ
618 547 821 597 πάντων
874 548 1005 618 ὁμοῦ
1060 557 1161 599 τῶν
1215 548 1368 601 ἐθνῶν
1431 552 1639 621 ἄριστοι
1684 569 1806 621 προ·
1841 556 1881 605 Α
1916 566 1953 605 n

1841 556 1881 605 A
1916 556 2061 605 natu
2089 568 2502 624 capessamus,
2559 556 2610 610 si
2666 553 2913 627 quidem
2949 551 3028 607 ad
3078 551 3282 622 aliqua
3315 550 3407 606 vel
3445 551 3564 606 me'

206 639 393 708 μηθείς
459 640 549 686 χαι
615 631 896 707 κηδεμόνες
966 657 977 668 ι
1036 646 1136 688 τῶν
1190 637 1414 709 ἀῃέλων
1455 639 1503 689 οἰ
1556 635 1805 709 δημαγω-

204 732 312 795 γοι,
346 744 444 775 των
474 723 814 794 ὰρχαγγίλων
848 726 895 775 οἱ
918 722 1173 798 ἀρχηγοὶ,
1217 728 1265 777 οἱ
1305 728 1552 797 ἄρχοντες
1598 726 1647 778 ἓν
1700 734 1809 785 ταῖς

206 812 423 885 ἀρχαῖς⁹
460 817 547 863 καὶ
569 811 956 874 ἐξουσιάζοντες
1012 812 1058 864 ἐν
1107 812 1370 875 ἐξουσίαις
1422 836 1432 848 ·
1494 817 1541 866 οἱ
1597 811 1810 866 δυνατοὶ

206 905 297 974 μὲν
356 901 405 953 ἐν
478 909 593 961 ταῖς
646 898 921 972 δυνάμεσι,
991 922 1163 973 κυριοι
1221 899 1279 954 δὲ
1314 902 1361 953 ἐν
1405 911 1515 963 ταῖς
1571 908 1812 975 κυριότη-

209 1010 291 1042 σιν
349 1012 362 1024 ο
419 993 467 1042 οἰ
541 998 640 1042 τῶν
702 992 892 1064 θρόνων
946 994 1200 1049 σύσκηνοι
1252 996 1340 1043 καὶ
1393 992 1660 1064 συνόμιλοι
1715 1001 1811 1042 τῶν

206 1078 475 1154 Χερουϐὶμ
528 1084 616 1131 καὶ
669 1078 969 1131 ἰσοστάσιοι
1024 1088 1123 1131 τῶν
1171 1087 1395 1153 Σεραφίμ
1446 1101 1460 1115 ο
1513 1082 1551 1132 ὦ
1591 1084 1676 1132 τόν
1706 1100 1813 1153 τρι-

207 1171 389 1240 σάγιον
429 1170 586 1242 ὕμνον
628 1172 722 1220 σὺν
777 1174 938 1221 πᾶσιν
993 1169 1168 1231 αὐτοῖς
1227 1172 1255 1229 ᾖ
1300 1174 1398 1245 πρὸ
1454 1174 1654 1223 πάντων
1706 1181 1817 1241 τρι·

208 1263 413 1329 σαγίοις
477 1256 703 1317 ἀεννάοις
759 1265 831 1327 τῷ
885 1259 1150 1331 ὑπεραγίῳ
1206 1256 1559 1334 προσάδοντες
1602 1259 1813 1331 ὑμνολο-

203 1350 370 1418 γίαις,
426 1346 632 1420 εἰρήνης
710 1353 843 1398 Θεοῦ
922 1346 1157 1404 πλησατε
1219 1354 1313 1405 τὴν
1364 1357 1478 1419 γῆν.
1535 1347 1810 1420 Ὁμόνοιαν

206 1433 401 1501 ἀληθῆ,
460 1437 823 1507 ὁμοφροσύνην
880 1435 1106 1507 θεοφιλῆ,
1160 1443 1272 1496 ταῖς
1332 1436 1659 1497 Ἐκκλησίαις
1725 1440 1809 1488 οἰν-

205 1526 331 1576 ωθεν
364 1523 692 1598 βραϐεύσατε
754 1545 766 1556 ·
828 1528 916 1575 καὶ
960 1528 1080 1586 τοὺς
1124 1524 1366 1588 ἀναξίους
1420 1534 1509 1578 τοῦ
1568 1533 1808 1597 σώματος

204 1612 519 1687 περιελόντες
588 1618 825 1686 Χριστοῦ
878 1614 948 1673 εἰς
997 1612 1046 1664 ἓν
1097 1622 1299 1685 πνεῦμα
1346 1619 1435 1665 καὶ
1486 1615 1573 1666 ἕνα
1632 1618 1807 1665 καινὸν

205 1702 475 1776 ἄνθρωπον
554 1704 614 1752 τὸ
688 1700 948 1773 πλήρωμα
1011 1704 1400 1776 χαταρτίσασθε
1448 1710 1599 1757 Θεοῦ.
1656 1702 1806 1773 Ἡμῖν

207 1786 268 1842 δε
319 1793 406 1842 τόν
462 1792 552 1862 μεν
613 1794 844 1862 παρόντα
898 1788 1017 1861 βίον
1070 1793 1430 1844 κατευθύνοιτε
1480 1795 1605 1864 πρός
1632 1795 1688 1843 τό
1724 1791 1807 1843 εὐ-

207 1879 285 1939 θες
340 1878 523 1950 πρᾶξίν
588 1897 643 1931 τε
696 1884 869 1930 πᾶσαν
925 1882 1015 1930 καὶ
1052 1879 1304 1951 λογισμὸν
1335 1879 1444 1951 [xui
1487 1880 1635 1950 λόγον
1678 1884 1808 1953 πρός

205 1967 552 2041 εὐαρέστησιν
603 1972 947 2028 συντείνοντες
1002 1976 1094 2019 τοῦ
1143 1976 1275 2020 Θεοῦ
1335 1990 1349 2002 ο
1405 1971 1807 2041 μεθισταμένους

207 2053 267 2109 δξ
296 2065 390 2118 τῆς
440 2056 772 2118 πολυπαθοῦς
800 2059 998 2118 ταύτης
1056 2059 1195 2119 ζωῆς
1235 2062 1320 2109 καὶ
1375 2058 1605 2129 ὀχληρᾶς
1634 2063 1703 2131 μὴ
1736 2056 1803 2117 δὴ

203 2152 310 2205 τοῖς
357 2144 606 2218 ὀλεθρίοις
654 2152 746 2197 τοῦ
803 2150 1025 2207 σκότους
1074 2144 1312 2217 ἁγγελοις
1359 2148 1548 2221 χάρμα
1598 2148 1808 2200 καταλί-

201 2252 355 2291 πητε,
382 2230 679 2305 Μηδαμῶς,
735 2231 775 2284 ὦ
825 2236 1079 2286 θειότατοι
1126 2235 1349 2306 Μιχαὴλ
1403 2240 1493 2287 καὶ
1558 2235 1806 2310 Γαϐριὴλ,

202 2327 275 2395 μὴ
366 2319 648 2395 παραδῶτε
725 2322 912 2393 ψυχὴν
988 2323 1453 2396 εξομολογουμένην
1522 2332 1635 2394 Θεῷ
1720 2331 1809 2378 καὶ

206 2417 689 2485 προσαναχειμίνην
779 2413 920 2483 ὑμῖν,
990 2411 1115 2464 ἀλλά
1192 2417 1311 2475 τοὺς
1395 2416 1485 2486 μεν
1560 2414 1806 2487 ἐμϐριμηο

204 2520 334 2572 ματι
425 2502 542 2571 θείῳ
617 2499 842 2575 στερρῶς
899 2499 1333 2575 ἁποῤῥιψάμενοι,
1395 2502 1544 2554 αὐτοὶ
1598 2499 1658 2555 δέ
1720 2523 1811 2575 μοι

205 2596 444 2661 σωτῆρες
470 2588 660 2660 ἀγαθοὶ
690 2594 780 2641 καὶ
823 2591 1146 2662 ὑπέρμαχοι,
1204 2595 1293 2642 καὶ
1346 2611 1476 2663 προς
1518 2595 1604 2643 τόν
1657 2593 1809 2666 ὑπέρ-

204 2680 316 2731 θεον
372 2678 651 2751 εἰσαγωγοῖ
705 2684 796 2731 καὶ
856 2686 1067 2751 μεσῖται
1114 2683 1428 2753 πανάριστοι
1483 2686 1811 2754 γεγενημένοι

206 2771 458 2839 Χριστόν,
499 2772 571 2838 μὴ
607 2772 726 2840 πρὶν
786 2766 1051 2826 ἀποστῆτε
1094 2773 1188 2827 τὴν
1246 2772 1314 2829 ὡς
1368 2771 1523 2821 αὑτὸν
1574 2771 1809 2841 ἄγουσαν

209 2853 420 2909 εἴσοδον
450 2856 877 2929 ῖξενμαρίζοντες
905 2858 1065 2932 ἄχρις
1100 2856 1160 2908 ἂν
1201 2858 1267 2919 εἰς
1319 2858 1480 2916 αὐτὴν
1528 2866 1620 2911 τοῦ
1670 2856 1803 2912 Θεοῦ

198 2950 297 3003 τὴν
323 2947 655 2997 κατάπαυσιν
682 2945 1002 3017 εἰσαγαγεῖν,
1036 2951 1126 2998 καὶ
1157 2955 1227 3018 τῷ
1266 2955 1367 2998 τῶν
1414 2946 1597 3018 ἐφετῶν
1655 2947 1809 3018 ἀκρο-

200 3037 342 3106 τάτῳ
401 3038 777 3108 προσαρμόσαι
831 3035 903 3097 εἰς
934 3031 1091 3097 δόξαν
1145 3040 1347 3110 Πατρός
1397 3042 1486 3089 καὶ
1537 3041 1663 3089 Υίοῦ
1718 3042 1807 3089 καὶ

1918 640 2177 696 diocrem
2207 644 2733 713 intelligentiarum
2773 645 3040 698 notitiam
3075 641 3430 712 aspiremus.
3486 642 3565 697 Si-

1917 728 2132 783 militer
2162 732 2321 785 enim
2354 732 2700 802 imperfecta
2733 736 2891 798 sunt,
2921 730 3073 785 actio
3096 728 3309 787 infans.
3344 732 3400 784 et
3424 730 3568 783 otio-

1920 832 2022 869 sus
2056 833 2273 873 sermo.
2313 820 2413 875 illa
2441 820 2686 891 quidem
2714 818 2997 891 perplexa
3026 823 3083 873 et
3108 818 3165 872 in
3197 818 3564 886 inconstans,

1919 906 2044 958 tum
2064 905 2241 960 tristis
2271 908 2575 978 quaedam,
2609 908 2810 976 gratiis
2832 909 2961 977 ejus
2981 912 3037 961 et
3065 905 3214 961 lucis
3236 906 3411 976 inops
3435 921 3566 977 quae

1920 991 2193 1048 doctrina
2226 1000 2278 1049 et
2304 1011 2577 1051 sermone
2603 997 2955 1051 continetur.
3018 995 3116 1049 Hic
3150 1009 3291 1049 vero
3322 994 3567 1064 strepitu

1921 1080 2112 1136 inutili
2138 1098 2244 1154 per
2272 1099 2471 1139 aerem
2515 1084 2727 1149 ﬂuens,
2761 1089 2818 1140 et
2867 1090 3170 1139 auctorem
3223 1097 3402 1136 suum
3439 1081 3569 1151 ejus

1922 1172 2319 1227 ostentatione
2349 1173 2702 1244 gloriantem
2751 1174 2988 1229 inanem
3040 1172 3406 1243 relinquens,
3455 1171 3568 1226 nisi

1921 1257 2152 1313 actione
2174 1258 2559 1315 conﬁrmatus
2586 1260 2838 1316 solidam
2856 1267 2982 1315 tum
2996 1259 3568 1314 demuminvictam-

1918 1362 2036 1416 que
2067 1347 2350 1413 obtineat,
2396 1354 2456 1402 ut
2504 1349 2629 1418 jam
2682 1350 2906 1420 Optime
2939 1348 3219 1403 fundatus
3250 1347 3308 1401 in
3340 1347 3567 1413 animo,

1917 1433 2279 1489 ﬁrmitatem.
2312 1436 2418 1499 Qui
2446 1441 2645 1491 autem
2679 1437 2800 1491 haec
2832 1436 3207 1506 coujungunt
3231 1435 3329 1504 ita,
3365 1440 3430 1489 ut
3461 1449 3570 1488 nec

1917 1524 2340 1595 contemplatio
2364 1525 2657 1581 actionem
2685 1524 2999 1589 desideret,
3034 1539 3143 1578 nec
3172 1525 3289 1578 ista
3309 1523 3570 1578 vicissim

1915 1609 2071 1665 illius
2118 1612 2417 1667 consortio
2482 1613 2776 1668 auxiliove
2819 1613 3194 1679 destituatur,
3250 1611 3478 1666 eisdem
3516 1614 3574 1666 et

1916 1701 2187 1773 perfectis
2217 1718 2349 1758 esse
2397 1703 2594 1772 datur,
2636 1709 2692 1759 et
2740 1704 3107 1759 familiariter
3156 1701 3385 1770 angelis
3440 1702 3568 1756 uti:

1916 1796 2039 1846 tum
2070 1790 2380 1847 facultates
2407 1792 2696 1863 dotesque
2731 1808 2946 1848 omnes
2985 1791 3115 1847 illas
3155 1789 3474 1845 subtilitate
3505 1805 3573 1843 ac

1916 1879 2234 1951 splendore
2259 1897 2368 1935 suo
2392 1897 2681 1936 sensuum
2708 1880 3057 1937 frustrantes
3070 1880 3256 1935 aciem
3272 1878 3574 1949 soliusque

1914 1968 2131 2023 mentis
2160 1968 2437 2024 intuitum
2460 1969 2841 2025 admittentes
2874 1985 3054 2041 posse
3085 1968 3413 2023 clarissime
3438 1982 3573 2039 per-

1916 2056 2161 2127 spicere.
2188 2058 2381 2122 Quare
2404 2063 2459 2112 et
2482 2058 2538 2111 in
2564 2057 2783 2113 idonea
2803 2056 3079 2130 paranda
3101 2056 3573 2128 instruendaque

1915 2144 2201 2201 doctrinae
2232 2161 2301 2201 ac
2328 2146 2624 2201 sermonis
2656 2147 2829 2218 copia
2860 2145 3348 2201 contendendum
3381 2149 3487 2209 est,
3518 2148 3575 2199 et

1918 2234 1995 2290 ad
2026 2234 2418 2291 obtinendam
2478 2236 2900 2308 perfectionem
2956 2236 3089 2291 vitae
3148 2233 3574 2303 laborandum,

1915 2323 2379 2397 faciendumque
2408 2330 2471 2380 ut
2520 2325 2686 2380 illam
2735 2325 2932 2380 studio
2982 2331 3038 2380 et
3076 2323 3487 2387 meditatione,
3518 2327 3577 2378 et

1914 2414 2092 2470 istam
2126 2414 2400 2485 religiosa
2425 2416 2640 2469 mentis
2669 2414 3086 2470 exercitatione
3116 2429 3300 2485 quam
3329 2412 3576 2481 diligen-

1917 2504 2145 2560 tissime
2164 2504 2430 2560 excolam
2441 2522 2529 2559 us.
2562 2504 2653 2560 Sic
2671 2504 2830 2560 enim
2854 2505 3155 2577 utrimque
3173 2503 3367 2559 ornati
3387 2503 3576 2558 omni-

1913 2593 2150 2666 busque
2176 2592 2437 2648 absoluti
2467 2594 2758 2659 numeris,
2792 2593 3032 2648 duabus
3063 2592 3224 2648 hisce
3251 2590 3412 2646 velut
3441 2591 3572 2659 alis,

1914 2682 2085 2738 terris
2109 2682 2317 2749 evecti,
2347 2681 2645 2738 mundum
2675 2682 2837 2738 hunc
2867 2682 3112 2753 quidem
3143 2679 3573 2753 aspectabilem

1916 2771 2434 2837 transcendemus,
2458 2771 2814 2840 intelligibili
2836 2787 2974 2826 vero
3004 2770 3256 2839 admoti,
3280 2771 3400 2825 imo
3422 2768 3577 2825 ultra

1914 2860 2116 2932 ipsum
2154 2860 2552 2916 abstractione
2606 2862 2819 2916 mentis
2877 2860 3043 2916 haud
3100 2859 3283 2932 paulo
3332 2857 3577 2914 feliciori

1919 2965 2161 3005 sursum
2187 2949 2467 3021 provecti,
2492 2965 2631 3004 cum
2671 2949 2924 3005 aliarum
2951 2964 3258 3004 sacrarum
3284 2947 3576 3003 mentium

1919 3038 2304 3094 lucidissimis
2355 3037 2772 3110 splendoribus
2820 3036 3228 3110 implebimur,
3280 3041 3411 3092 tum
3432 3051 3577 3091 vero

200 3122 358 3194 ἁγίου
394 3126 688 3197 Πνεῦματος
719 3124 790 3186 εἰς
816 3128 937 3186 τοὺς
962 3124 1153 3186 αἰῶνας
1190 3135 1289 3177 τῶν
1343 3126 1559 3180 αἰώνων.
1618 3126 1802 3198 Ἀμήν.
1851 3128 1891 3183 C
1919 3143 1955 3199 p

1851 3128 1891 3183 C
1919 3143 2041 3199 prae
2073 3127 2298 3182 caeteris
2333 3126 2817 3195 archangelicam
2847 3127 3063 3181 horum
3118 3124 3572 3181 sublimitatem.

200 3211 696 3285 divinitatemque
740 3213 1116 3270 mirabimur.
1176 3216 1356 3286 Cujus
1413 3215 1661 3271 visionis
1710 3221 1875 3271 tanto
1925 3215 2137 3271 fructui
2183 3215 2311 3270 hzrc
2365 3215 2609 3270 accedet
2654 3215 2906 3287 insuper
2958 3214 3199 3283 utilitas,
3258 3212 3423 3285 quod
3474 3208 3579 3267 tali

198 3302 706 3374 contemplatione
728 3304 1054 3359 exercitatis
1082 3319 1152 3359 ac
1173 3305 1526 3376 praeparatis
1578 3304 1883 3361 mentibus
1930 3304 2305 3360 divinissima
2341 3305 2470 3375 jam
2524 3304 2773 3360 Trinitas
2824 3303 3196 3359 manifestius
3223 3302 3575 3368 ostenditur,

197 3390 566 3462 quibusdam
590 3397 886 3463 quantum
908 3392 1179 3448 humana
1202 3393 1361 3465 capit
1386 3393 1758 3450 imbellicitas
1786 3410 1849 3449 se
1874 3394 2362 3464 cognoscendam
2385 3394 2674 3449 exhibens
2706 3412 2718 3461 ;
2742 3393 3117 3465 quibusdam
3135 3392 3317 3449 etiam
3346 3397 3576 3447 tantum

196 3479 316 3535 hoc
367 3480 597 3535 donum
627 3480 729 3536 illo
754 3481 1074 3537 cumulans
1104 3482 1391 3550 auctario,
1419 3488 1484 3538 ut
1511 3484 1743 3555 privato
1791 3483 1988 3539 fructu
2036 3482 2356 3538 multorum
2407 3482 2483 3539 ad
2543 3484 2848 3539 utilitatem
2908 3488 3265 3555 propagato,
3314 3496 3570 3537 arcanas

196 3568 623 3625 illustrationes
655 3573 709 3625 et
730 3571 1151 3643 mysteriorum
1195 3588 1408 3627 sensus
1434 3572 1883 3628 communicare
1932 3572 2060 3627 aliis
2100 3572 2375 3628 docendo
2408 3588 2581 3644 posse
2638 3572 2946 3643 concedat,
2990 3573 3072 3627 ita
3120 3571 3420 3626 neminem
3454 3586 3579 3625 suae

198 3656 741 3714 beniﬁcentissimae
783 3659 1237 3716 illuminationis
1266 3667 1566 3732 expertem
1618 3661 1839 3718 sinens.
1900 3661 2006 3716 sed
2066 3661 2343 3733 quamvis
2390 3661 2662 3717 diversos
2689 3678 2900 3717 omnes
2956 3677 3074 3717 uno
3112 3660 3404 3715 beneﬁcio
3454 3674 3579 3713 suae

199 3747 703 3803 manifestationis
766 3749 1172 3821 complectens
1221 3756 1278 3805 et
1313 3750 1522 3806 beans.
1578 3755 1649 3806 At
1690 3767 1824 3813 vos,
1868 3766 1905 3805 ο
1956 3750 2457 3822 contemplatores
2514 3756 2571 3806 et
2608 3751 2861 3806 ministri
2888 3766 3183 3823 supremae
3213 3763 3580 3820 omnemque

106 3832 113 3835 ’
196 3840 460 3892 mentem
486 3852 556 3892 ac
578 3853 922 3893 sermonem
953 3838 1294 3894 excedentis
1352 3839 2082 3911 supersubstantialitatis.
2127 3841 2169 3896 Ο
2219 3840 2469 3912 Spiritus
2509 3840 2717 3907 divini,
2770 3840 2948 3911 ignei,
2996 3839 3409 3908 intelligentes.
3442 3836 3577 3892 Ele-

197 3930 540 3981 mentorum
571 3927 783 3982 mundi
808 3928 1193 3984 ﬁrmamenta
1239 3944 1309 3984 ac
1368 3928 1761 3984 fundamenta
1792 3928 2155 3985 solidissima
2184 3928 2573 3997 Malignorum
2605 3928 2925 4000 spirituum
2957 3929 3154 3984 mallei
3193 3926 3578 3983 validissimi.

197 4014 311 4080 Qui
338 4015 638 4087 sapientes
660 4031 869 4089 sapere
900 4016 1146 4074 docetis.
1182 4019 1292 4083 Qui
1325 4019 1548 4075 sanctis
1593 4024 1657 4073 ut
1706 4020 1874 4074 terris
1928 4018 2165 4074 evolent
2196 4032 2428 4089 pennas
2461 4019 2699 4089 aptatis.
2733 4020 2777 4075 Ο
2801 4023 3153 4073 cunctarum
3209 4015 3387 4071 simul
3440 4030 3580 4085 gen-

196 4104 347 4159 tium
400 4104 687 4175 prmsides
737 4106 971 4178 optimi,
1047 4111 1101 4162 et
1152 4107 1661 4178 providentissimi
1717 4114 2042 4172 curatores,
2102 4106 2296 4179 plebis
2348 4107 2711 4176 Angelorum
2768 4108 3010 4174 tribuni,
3068 4107 3580 4176 Archangelorum

194 4193 611 4265 imperatores.
640 4195 939 4268 Principes
969 4196 1027 4251 in
1086 4196 1542 4268 Principatibus,
1602 4203 1878 4269 potentes
1926 4198 1986 4252 in
2040 4196 2449 4259 Potestatibus,
2507 4195 2774 4252 valentes
2796 4198 2854 4252 in
2890 4197 3231 4263 Virtutibus,
3265 4195 3581 4251 dominan-

197 4288 288 4339 tes
312 4283 370 4337 in
411 4282 951 4351 Dominationibus,
980 4285 1353 4341 Thronorum
1385 4286 1867 4356 contubernales,
1897 4291 2238 4343 sanctorum
2271 4284 2589 4340 Cherubim
2610 4285 2958 4353 familiares,
2994 4290 3050 4341 et
3097 4284 3397 4357 supremis
3454 4299 3582 4339 om-

196 4372 367 4427 nium
404 4373 712 4443 Seraphim
742 4373 1023 4446 aequales.
1061 4376 1103 4431 0
1137 4376 1236 4447 qui
1262 4375 1554 4447 hymnum
1589 4376 1901 4445 trisagium
1923 4392 2058 4430 cum
2084 4374 2196 4430 illis
2238 4374 2543 4437 omnibus,
2589 4374 2679 4429 vel
2729 4390 2852 4446 prae
2880 4374 2992 4430 illis
3018 4374 3321 4441 omnibus,
3342 4372 3579 4429 mternis

198 4467 255 4518 et
290 4467 380 4517 ter
410 4462 801 4517 sanctissimis
825 4463 1340 4519 modulationibus
1365 4465 1531 4519 omni
1564 4466 1874 4520 sanctitate
1904 4464 2188 4520 Sanctiori
2220 4466 2335 4519 Deo
2367 4463 2701 4520 concinitis.
2726 4463 2963 4535 Replete
2994 4469 3213 4519 terram
3258 4479 3408 4535 pace
3458 4461 3577 4531 Dei,

196 4566 569 4607 consensum
612 4567 817 4608 verum
857 4557 913 4607 et
943 4553 1392 4625 conspirantem
1442 4554 1498 4608 in
1535 4569 1656 4609 uno
1706 4553 1805 4609 Dei
1854 4554 2088 4610 colendi
2132 4558 2311 4625 atque
2351 4552 2599 4607 amandi
2664 4552 2777 4608 ritu
2826 4553 3214 4609 concordiam
3247 4551 3519 4609 Ecclesiis
3548 4565 3581 4605 e

197 4639 352 4696 cmlo
379 4646 718 4712 procurate.
751 4640 1129 4715 Rejectisque
1153 4642 1415 4712 indignis
1464 4659 1495 4698 e
1537 4643 1749 4698 Christi
1801 4659 2072 4715 corpore,
2130 4643 2189 4697 in
2245 4657 2435 4696 unum
2468 4642 2773 4713 spriritum
2802 4658 3152 4714 novumque
3179 4658 3369 4698 unum
3392 4639 3581 4696 homi-

196 4745 340 4786 nem
366 4729 735 4802 reliquorum
768 4732 869 4787 Dei
892 4731 1159 4787 ﬁdelium
1207 4732 1650 4788 multitudinem
1682 4733 2025 4789 reformate.
2077 4732 2257 4788 Nobis
2302 4746 2441 4786 vero
2481 4736 2840 4803 praesentem
2888 4732 3135 4803 quidem
3187 4732 3367 4787 vitam
3416 4731 3475 4786 in
3521 4730 3583 4785 id

196 4818 365 4891 quod
389 4824 617 4876 rectum
648 4826 737 4877 est
765 4820 1023 4891 dirigite,
1058 4820 1477 4893 actionemque
1497 4826 1765 4877 nostram
1803 4837 2067 4885 omnem,
2111 4828 2167 4876 et
2198 4820 2642 4889 cogitationem,
2678 4824 2733 4876 et
2762 4819 3125 4877 locutionem
3163 4820 3241 4877 ad
3287 4821 3581 4876 amussim

196 4908 385 4965 divini
406 4908 763 4982 beneplaciti
785 4926 1032 4983 prorsus
1058 4910 1295 4981 exigite.
1324 4912 1463 4966 l‘um
1511 4912 1584 4967 ad
1638 4916 1973 4967 extremum
2021 4925 2365 4965 aerumnosa
2422 4909 2537 4964 ista
2592 4913 2648 4964 et
2696 4910 2916 4965 misera
2968 4909 3281 4966 defunctos
3340 4911 3460 4965 vita
3509 4925 3583 4966 ne

196 5014 314 5056 nos
347 4998 602 5057 funestis
651 5001 1033 5058 tenebrarum
1088 5001 1317 5071 angelis
1355 5017 1649 5071 magnum
1688 5002 1765 5057 ad
1798 5016 2004 5058 eorum
2047 4998 2338 5069 gaudium
2388 4997 2760 5070 relinquatis.
2813 5003 3227 5072 Nequaquam,
3256 5016 3293 5055 o
3324 5000 3582 5055 divinis-

200 5088 337 5145 simi
360 5089 605 5146 Michael
625 5095 683 5147 et
711 5090 969 5159 Gabriel,
1026 5106 1124 5158 ne,
1180 5091 1429 5163 inquam
1501 5106 1595 5157 ne,
1646 5108 1856 5164 quaeso
1906 5106 2032 5154 vos,
2089 5104 2164 5144 ne
2207 5087 2696 5144 condonaveritis
2744 5088 2856 5144 illis
2911 5092 3178 5146 animam
3229 5090 3326 5145 Dei
3369 5089 3582 5145 laudes

202 5178 568 5246 confessam,
598 5195 709 5236 vos
730 5196 870 5237 vero
896 5179 1197 5236 humiliter
1217 5196 1287 5236 ac
1319 5180 1666 5253 suppliciter
1712 5180 2121 5253 deprecatam.
2174 5178 2279 5233 sed
2334 5182 2513 5233 tetros
2576 5179 2822 5250 quidem
2876 5178 3183 5235 dmmonas
3229 5180 3449 5235 minaci
3502 5184 3585 5236 at-

200 5283 321 5340 que
349 5268 641 5326 iracundo
667 5270 907 5326 fremitu
938 5270 1181 5340 rejicite,
1205 5270 1350 5326 mihi
1381 5282 1521 5326 vero
1554 5270 1885 5326 salvatores
1926 5274 2045 5324 este
2100 5268 2241 5323 boni
2303 5273 2360 5323 et
2401 5268 2621 5332 invicti,
2676 5272 2804 5323 tum
2859 5268 2936 5324 ad
2988 5286 3340 5341 supremum
3398 5272 3581 5325 Deum

202 5355 666 5415 admissionales
697 5358 1180 5431 mediatoresque
1206 5358 1382 5425 longe
1408 5359 1617 5431 optimi
1650 5359 1972 5416 Christum.
2025 5361 2224 5429 Neque
2281 5357 2446 5429 prius
2478 5357 2740 5413 desistite
2792 5358 2871 5413 ab
2924 5359 3302 5431 expediendo
3338 5358 3481 5415 mihi
3506 5359 3584 5414 ad

202 5462 343 5503 eum
370 5446 559 5514 aditu,
586 5463 775 5520 quam
806 5464 903 5504 me
952 5448 1011 5503 in
1048 5448 1242 5520 ipsam
1300 5448 1401 5504 Dei
1454 5449 1722 5521 requiem
1753 5448 2122 5504 induxeritis.
2166 5452 2223 5502 et
2255 5447 2480 5502 summi
2511 5451 2788 5503 votorum
2819 5448 3091 5504 omnium
3125 5452 3464 5520 compotem
3496 5448 3583 5503 fa-

204 5540 369 5591 ctum
392 5550 676 5608 supremo
698 5536 1173 5610 expetendorum
1205 5540 1259 5592 et
1282 5535 1724 5592 desideriorum
1761 5536 1868 5593 ﬁni
1901 5537 2109 5593 ultimo
2145 5552 2386 5591 summo
2439 5535 2602 5591 bono
2643 5552 2738 5592 me
2777 5537 3206 5608 conjunxeritis
3232 5538 3290 5594 in
3331 5536 3585 5608 gloriam

207 5624 423 5692 Patris,
457 5630 514 5684 et
540 5626 687 5694 Filii,
715 5631 773 5684 et
794 5628 987 5683 sancti
1017 5625 1268 5705 Spiritus
1296 5628 1358 5683 in
1379 5626 1600 5683 saecula
1629 5626 2010 5683 saeculorum.
2042 5633 2246 5682 Amen.
