4444 6452
870 409 1009 467 ⁸124³7
2394 412 2754 471 ΑΒΒΕΝΠΑ.
4096 408 4226 463 1248

874 530 4229 570 Μ

2243 686 2879 786 MONITUM.

939 1096 1008 1152 Ut
1021 1093 1204 1151 ﬁdem
1220 1092 1541 1151 liberemus
1561 1110 1748 1170 quam
1766 1112 1952 1171 supra
1965 1098 2075 1156 col.
2095 1103 2190 1156 361
2213 1098 2513 1167 dedimus,
2532 1101 2758 1157 textum
2776 1102 3045 1157 Graecum
3064 1099 3418 1172 subjicimus
3433 1098 3720 1155 Monodia?
3731 1113 3915 1170 quam
3931 1097 3991 1153 in
4013 1096 4235 1153 unani-

869 1199 1031 1242 mem
1042 1182 1443 1241 fratremdixit
1455 1184 1681 1243 Nicetas
1696 1188 2105 1258 Acominatus,
2120 1189 2491 1246 Atheniensis
2506 1190 2903 1262 metropolita.
2925 1190 3121 1248 Prodit
3140 1206 3210 1247 ex
3229 1188 3431 1245 codice
3464 1189 3642 1258 Regio
3672 1190 3807 1245 1234
3837 1201 4017 1261 quem
4033 1188 4118 1242 sic
4131 1186 4235 1242 de-

868 1273 1073 1331 scribit
1093 1272 1400 1344 catalogus
1432 1291 1445 1330 :
1479 1294 1509 1324 «
1537 1274 1734 1331 Codex
1750 1276 2177 1350 bombycinus,
2201 1279 2343 1335 olim
2360 1279 2601 1335 Joannis
2623 1281 2857 1346 Hautin,
2882 1284 3092 1353 postea
3112 1279 3487 1347 Baluzianus,
3507 1292 3636 1349 quo
3660 1277 3997 1335 continetur
4018 1277 4234 1332 Nicetes

867 1363 1168 1420 Choniataa
1197 1362 1843 1435 AcominatiPanoplz'a
1871 1368 2205 1437 dagmatz‘ca
2234 1368 2294 1424 in
2324 1368 2526 1440 plures
2558 1372 2753 1425 tomos
2794 1368 3006 1440 divisa,
3037 1368 3111 1425 de
3136 1368 3359 1441 quibus
3383 1366 3683 1423 videndus
3720 1367 3862 1424 clar.
3900 1365 4238 1422 Bernardus

867 1453 932 1509 D.
956 1451 1331 1509 Montfaucon
1359 1453 1719 1526 Palmogrp.
1743 1458 1865 1512 326.
1887 1454 2143 1526 Hujusce
2169 1457 2366 1529 operis
2391 1456 2634 1529 publica
2656 1457 2786 1513 luce
2806 1456 3144 1527 dignissimi
3172 1472 3313 1529 pars
3334 1460 3569 1512 tantum
3596 1456 3797 1511 Latine
3818 1456 4060 1528 prodiit.
4087 1457 4243 1510 Prte-

865 1540 1215 1597 mittuntur:
1249 1546 1303 1597 1ο
1332 1541 1626 1598 Michaelis
1650 1544 1951 1600 Choniatae
1977 1545 2346 1602 Athenarum
2371 1545 2764 1618 metropolites
2786 1546 3069 1603 Monodta
3099 1546 3159 1601 in
3190 1544 3385 1601 fratris
3424 1544 3513 1601 sui
3545 1549 3887 1611 mortem,2°
3918 1546 4243 1614 Fragmen‘

864 1632 993 1687 tum
1016 1644 1046 1686 e
1070 1628 1416 1686 librosancti
1435 1631 1745 1702 Augustini
1762 1633 1865 1705 qui
1887 1633 2205 1702 Speculum
2228 1634 2587 1691 inscribitur.
2613 1635 2665 1688 Is
2683 1634 2871 1690 codex
2888 1635 3133 1691 Joannis
3172 1634 3516 1690 Scutariotae
3544 1649 3733 1690 manu
3755 1633 3975 1689 szeculo
4002 1631 4240 1688 decimo

865 1722 1079 1792 quarto
1109 1724 1388 1777 exaratus
1409 1724 1514 1778 est.
1551 1744 1579 1772 »
1604 1721 1792 1779 Multis
1806 1722 2036 1779 lacunis
2059 1723 2320 1780 foedatur
2341 1739 2413 1780 ex
2444 1739 2514 1780 eo
2540 1725 2683 1781 ortis
2701 1724 2868 1797 quod
2886 1724 3025 1781 folia
3044 1724 3351 1799 quaedam,
3370 1723 3501 1780 aliis
3544 1727 3785 1798 propter
3825 1724 4045 1781 chartae
4098 1722 4241 1778 inte-

864 1808 1214 1882 qualitatem
1242 1811 1773 1883 supereminentia,
1805 1826 1912 1885 per
1940 1828 2160 1869 manus
2194 1813 2459 1870 codicem
2483 1815 2853 1872 versantium
2884 1815 3101 1889 partim
3133 1814 3385 1871 contrita
3414 1818 3470 1870 et
3495 1813 3754 1871 lacerata
3776 1814 4033 1871 fuerunt.

1614 2130 1920 2199 ΜΟΝῼΔΙΑ
1944 2126 2074 2180 ΤΟΥ
2096 2129 2618 2179 ΠΑΝΑΓΙΩΤΑΤΟΥ
2641 2130 3179 2179 ΜΗΤΡΟΠΟΛΙΤΟΥ
3207 2129 3493 2178 ΑΘΗΝΩΝ

2032 2220 2247 2267 ΚΥΡΟΥ
2272 2219 2545 2269 ΜΙΧΑΗΛ
2570 2221 2702 2267 ΤΟΥ
2731 2220 3079 2268 ΧΩΝΙΑΤΟΥ

1535 2306 1644 2355 Em
1666 2303 1754 2374 Τῼ.
1779 2306 2055 2374 emam
2083 2308 2213 2355 ΤΟΥ
2238 2309 2458 2357 ΑΥΤΟΥ
2483 2307 2788 2357 memor
2806 2310 2942 2357 ΤΩΝ
2986 2309 3267 2357 κΡιΣΕΩΝ

1799 2306 2055 2374 ΒΑΝΑΤῼ
2083 2308 2213 2355 ΤΟΥ
2238 2309 2458 2357 ΑΥΤΟΥ
2483 2307 2788 2357 ΑΔΕΛΦΟΥ
2806 2310 2942 2357 ΤΩΝ
2986 2309 3267 2357 ΚΡῙΣΕΩΝ
3298 2307 3554 2357 ΕΨΟΡΟΥ

1790 2394 1903 2443 ΚΑΙ
1929 2396 2491 2444 ΠΡΟΚΑΘΗΜΑΤΟΥ
2517 2397 2648 2446 ΤΟΥ
2679 2397 2863 2448 ΚΟΙΤ.
2886 2437 2899 2450 .
2923 2434 2935 2449 .
2959 2436 2971 2449 .
2995 2400 3102 2448 ,ΟΣ

1716 2485 1930 2533 ΚΥΡΟΥ
1948 2486 1993 2533 Ν
1999 2485 2249 2535 ΙΚΗΤΟΥ
2272 2486 2402 2535 ΤΟΥ
2424 2488 2797 2541 ΧΩΝΙΑΤΟΥ.

956 2815 1025 2873 Ὣ.
1084 2822 1314 2894 πονηρᾶς
1400 2816 1645 2891 ἀγγελίας
1699 2819 1712 2875 !
1764 2819 1803 2872 ὦ
1856 2826 2048 2894 πικρᾶς
2100 2819 2261 2884 ἀκοῆς
2318 2821 2331 2878 Ῑ
2391 2822 2565 2882 ἾῙςΑ
2599 2820 2683 2896 ἀφ’
2713 2823 2849 2896 ήρῶν
2879 2826 3138 2895 μήκιστα,
3170 2824 3260 2874 καὶ
3290 2821 3396 2893 οὐχ
3419 2820 3695 2894 ὃσα,χθές
3741 2823 3832 2872 καὶ
3888 2820 3990 2895 πρὸ
4042 2822 4223 2891 τρίτου

885 2903 1162 2971 ἀδοκήτως
1185 2927 1277 2981 μοι
1311 2906 1748 2979 ἐπεισπεσούσης,
1800 2910 1908 2963 ὦτα
1944 2913 2033 2983 μὲν
2102 2909 2297 2985 ἁθρόως
2348 2930 2490 2985 περι-

887 2995 1214 3070 ϐομϐηθίντα
1254 2997 1520 3072 ἀμφότερα
1591 3002 1793 3071 ἤχησε,
1868 2996 2065 3076 καρδία
2144 2996 2204 3054 δὲ
2288 2996 2494 3054 δειλαία

888 3085 1141 3160 βέϐληται
1192 3090 1349 3161 μέση,
1436 3087 1694 3161 ὀφθαλμοὶ
1769 3085 1828 3143 δὲ
1883 3092 1940 3143 τὸ
1984 3088 2171 3144 ίκεῐθεν
2220 3088 2493 3143 ἀποθλιϐεν

887 3173 1185 3249 αἱματῶδες
1223 3177 1370 3251 οἶμαι
1425 3173 1635 3252 δάκρυα
1692 3181 1853 3235 ἔστ...
1914 3180 2070 3232 ὁποῖα
2121 3183 2211 3233 καὶ
2268 3182 2362 3241 τὰς
2413 3178 2497 3233 αἱ·

886 3269 1185 3340 ματοέσσας
1222 3264 1458 3339 ψεκάδας
1532 3270 1562 3327 ἡ
1624 3272 1837 3332 ποίησις
1891 3266 2251 3343 ἕτραγῴδησε.
2304 3276 2498 3343 Θαῦμα

888 3352 949 3412 δὲ
1023 3358 1103 3410 ὃτι
1192 3360 1265 3430 μή
1365 3361 1454 3411 καὶ
1534 3366 1632 3411 τῶν
1674 3357 2034 3433 ἐμϐροντήτων
2090 3362 2189 3413 εἴτε
2252 3363 2495 3433 μήν......

885 3446 1128 3507 πληκτῶν
1158 3443 1231 3510 οἷς
1287 3445 1534 3521 ἕγεγόνειν
1590 3452 1683 3503 καὶ
1742 3451 1812 3512 ὡς
1868 3448 2034 3508 στήλη
2090 3469 2172 3512 τις
2225 3448 2499 3522 έπεπήγειν

886 3537 1085 3610 ἄφωνος
1133 3537 1260 3600 ὅλως
1344 3537 1695 3598 ἀναισθητῶν.
1782 3538 1915 3592 Ἀλλ’
1974 3541 2050 3592 ἔτι
2106 3546 2357 3612 κννοῦμαι
2411 3542 2500 3591 καὶ

886 3645 1009 3685 τη..
1131 3629 1403 3702 συμφορὰς
1522 3627 1747 3693 Eum..."
1765 3670 1776 3683 .
1795 3669 1807 3684 .
1921 3632 2011 3681 καὶ
2128 3633 2501 3705 συμφρονήσας

885 3718 1063 3791 γοερὸν
1091 3714 1502 3791 ἁναφθέγγομαιο
1549 3717 1579 3778 ή
1639 3719 1787 3790 τάχα
1839 3722 1929 3771 καὶ
1989 3717 2145 3772 τούτο
2196 3724 2290 3779 τῆς
2343 3737 2503 3791 τιμω-

886 3812 981 3881 ροῦ
1030 3801 1190 3869 δίκης
1258 3806 1373 3860 κατ’
1466 3805 1592 3879 ἐμοῦ
1660 3808 1961 3881 μηχάνημα
2044 3808 2126 3859 ἶνα
2208 3812 2500 3881 μήποτε....

890 3902 1064 3972 φρονεῖ
1122 3893 1464 3969 λελωϐημένος
1516 3900 1606 3949 καὶ
1681 3901 2010 3971 παρακοπεὶς
2089 3899 2184 3956 τὴν
2252 3897 2503 3954 αἴσθησιν

888 3989 960 4051 ὡς
1024 3985 1216 4060 ἀναλγῆ
1319 3986 1536 4050 ἆπαθῶς
1586 3989 1791 4041 ὑποίσω
1871 3992 1966 4047 τήν
2012 3989 2249 4061 ἐσχάτην
2306 3990 2504 4046 ταύτην

887 4082 1213 4137 ποινήν......
1282 4077 1465 4152 ἀρτίαν
1555 4080 1691 4150 ἔχων
1787 4082 1882 4137 τήν
1984 4084 2197 4152 γνώμην
2250 4082 2337 4130 καὶ
2402 4085 2503 4130 τῶν

890 4168 1112 4245 ἀνιαρῶν
1162 4167 1446 4222 ἓπαίουσαν
1503 4164 1773 4242 ὀδυνῶμαι
1830 4169 2057 4240 πάσχων
2112 4173 2202 4223 καὶ
2261 4164 2507 4243 δριμύτε-

886 4278 976 4336 ρον
1039 4256 1422 4332 βασανίξομαι.
1480 4257 1738 4331 ’Λνάλγ...
1806 4253 1865 4312 δὲ
1905 4257 2041 4311 ἅπαν
2095 4262 2167 4332 μή
2224 4260 2347 4330 ἔχον
2405 4266 2507 4310 τῶν

886 4349 1183 4403 λυπούντων
1233 4350 1604 4408 συναίσθησιν.
1641 4352 1822 4403 Καίτοι
1865 4352 1933 4409 εἵς
1988 4368 2106 4402 τινα
2155 4348 2354 4408 στήλην
2414 4367 2505 4417 με-

888 4439 1123 4493 ταϐαλὼν
1150 4442 1247 4493 εἴτε
1299 4438 1478 4498 λαίνην
1527 4443 1617 4492 καὶ
1674 4440 1901 4512 μυθικήν
1947 4443 2037 4491 καὶ⁵
2091 4442 2238 4510 κωφά
2284 4439 2505 4512 ῥέουσαν

1397 4532 1497 4583 εἴτε
1572 4532 1833 4602 γραφικήν
1916 4534 2007 4581 καὶ
2093 4526 2502 4601 καλουμένην....

890 4619 1008 4683 ἁλός
1085 4621 1365 4693 ὁμωνύμως
1415 4622 1445 4678 ἤ
1516 4621 1823 4693 φερωνύμως
1929 4617 2043 4671 ἐποὶ
2090 4626 2163 4689 τῷ
2215 4620 2507 4692 μωραθέντι

889 4710 1039 4763 ἅλατι
1071 4713 1161 4762 καὶ
1205 4714 1324 4783 περὶ
1376 4715 1528 4761 τοῦτο
1828 4707 1925 4771 ἔξω
1984 4711 2075 4760 καὶ
2130 4726 2505 4766 καταπεπατηο

888 4805 1022 4875 μένῳ
1052 4800 1151 4852 ύπὸ
1177 4806 1277 4851 τῶν
1337 4796 1640 4871 ἀνθρώπων,
1685 4793 1801 4850 οὐδ’
1856 4796 2021 4859 οὕτως
2069 4794 2129 4848 ἂν
2177 4805 2268 4858 τῆς
2312 4792 2506 4871 Ἀδρα-

892 4894 1068 4953 στείας
1101 4893 1195 4948 τήν
1250 4891 1473 4962 Νέμεσιν
1523 4883 1848 4959 διαπέφευγα
1893 4883 2236 4960 διακεστέραν
2265 4890 2375 4940 τίσι
2405 4906 2505 4941 κ...

889 4982 1145 5052 ὑποσχὼν
1174 4979 1318 5032 τοῦτ’
1370 4977 1495 5031 αὐτὸ
1544 4980 1603 5030 τό
1664 4972 1736 5030 δι’
1788 4975 1975 5039 αἰῶνος
2024 4975 2290 5037 ἐκκεῖσθαι
2346 4982 2506 5029 πᾶσιν

889 5070 973 5123 επὶ
1033 5072 1282 5142 θεομηνίᾳ
1356 5067 1799 5141 στηλιτευόμενος.
1870 5066 2230 5141 Ἀλγεινότερα
2270 5062 2320 5119 δ’
2369 5067 2507 5139 ὅμως

886 5159 1057 5232 πολλῷ
1123 5161 1153 5219 ἡ
1217 5166 1306 5212 νῦν
1370 5162 1743 5216 ποιναία.......
1824 5153 1927 5215 δύη
2023 5160 2155 5232 πρὸς
2230 5157 2373 5231 ἧπαρ
2429 5175 2509 5209 κε-

887 5256 1104 5324 χώρηκε
1162 5255 1445 5323 συνορῶντῖ
1506 5255 1686 5321 σαφῶς
1742 5243 1847 5311 οἶος
1915 5255 2087 5299 κακῶν
2153 5244 2383 5319 κολοφὼν
2441 5253 2504 5305 τῆ

886 5340 1104 5414 τλήμονι
1153 5337 1308 5412 ψυχή
1368 5357 1469 5412 μου
1542 5336 1894 5411 ἐπεκώμασεν,
1963 5337 2050 5389 οἷα
2109 5344 2508 5413 συμφορῶν.....

889 5430 1169 5503 εἰσεφθάρη
1270 5432 1510 5503 κορωνὶς,
1576 5426 1754 5485 ἡλίκον
1828 5425 2093 5497 ἀπηνέχθη
2169 5422 2508 5500 δυσπραγίας

888 5519 1164 5592 κεφάλαιόν
1190 5538 1243 5571 τι
1268 5525 1361 5571 τοῦ
1389 5516 1573 5571 λοιποῦ
1602 5516 1782 5588 ἄλγιον
1807 5520 2079 5589 πείσομαι.

885 5608 1030 5682 ξὨ
1081 5628 1191 5684 μοι,
1298 5604 1487 5683 ἁδελφέ
1579 5606 1855 5682 φίλ......ῶ
1937 5626 2049 5681 μοι,

890 4526 1119 4605 δάκρυα,
1176 4530 1300 4595 ή.η.

2146 5625 2224 5660 οτι
2298 5601 2332 5659 δ
2337 5605 2507 5660 ιέο·τοιι

2599 2916 2657 2965 τὸ
2722 2912 2916 2985 μεταξύ
2976 2908 3221 2974 Ἐλλάδος
3295 2915 3385 2963 καὶ
3444 2913 3687 2973 Βιθυνίας
3733 2911 3928 2982 χάσμα
3979 2907 4223 2961 παλαιόν»

2604 3000 2731 3054 ἀλλὰ
2786 3001 2956 3073 πολλῷ
3030 3000 3381 3076 ἁχανέστερον
3430 3005 3520 3054 καὶ
3577 2999 3901 3077 πορρώτερον
3950 3004 4041 3051 καί
4100 3000 4224 3051 ὅσον

2601 3087 2772 3165 ’ᾼδης
2801 3096 2983 3167 χώρου
3035 3095 3235 3155 ζώντων
3291 3090 3643 3152 ἁποικίξεται.
3698 3096 3818 3157 Φεῦ,
3873 3091 3954 3143 ὅτι
4008 3086 4224 3141 ἑστείλω

2605 3177 2806 3233 ἐνθένδε
2870 3182 3101 3238 ὑστάτην
3184 3182 3377 3238 ναύτην
3753 3175 3951 3251 δημίαν
4032 3182 4123 3229 καί

2607 3269 2701 3322 οῦκ
2750 3268 2862 3323 ἐστι
2914 3264 3068 3345 δεῦρο
3117 3265 3388 3330 ἐπάνοδος.
3442 3272 3644 3322 Οὔκουν
3694 3266 3833 3330 ἐλπίς
3884 3267 4112 3339 ὄψεσθαί
4169 3285 4227 3319 σε

2607 3360 2674 3412 τὰ
2737 3356 2957 3431 φίλτατα
3042 3366 3132 3411 τοῦ
3162 3357 3344 3411 λοιποῦ
3401 3358 3600 3431 ήπαρ’
3650 3357 3820 3411 αὐτῶν
3894 3358 4226 3429 ὀφθήσεσθαι

2607 3468 2851 3507 τη.......
2892 3447 3139 3521 φιλτάτην
3245 3447 3492 3522 κεφαλήν,
3601 3446 3755 3500 Ἀλλὰ
3824 3450 3905 3509 τίς
3987 3447 4049 3498 ἄν
4136 3464 4229 3517 μοι

2611 3534 2731 3595 δοίη
2781 3540 2868 3591 τόν
2928 3539 3141 3591 θάνατον
3192 3536 3307 3591 ἀντί
3358 3545 3453 3590 σοῦ
3485 3555 3498 3593 :
3531 3544 3693 3591 Τοῦτο
3722 3533 3781 3589 δί
3844 3536 3965 3610 ὅπερ
4006 3536 4033 3587 ό
4094 3536 4231 3596 θεῖος

2611 3623 2778 3679 Δαυὶδ
2826 3626 3042 3693 ηὔξατο,
3102 3632 3191 3680 καὶ
3247 3635 3415 3680 ταῦτα
3460 3624 3544 3679 ἇπί
3603 3622 3763 3679 παιδί
4038 3622 4230 3677 ἓπονα-

2612 3716 2795 3769 στάντι
2818 3714 2957 3787 αὐτῷ
2986 3720 3076 3768 καί
3108 3716 3351 3777 ζητοῦντι
3380 3720 3473 3775 τήν
3500 3715 3660 3767 αὑτοῦ
3698 3713 3906 3786 ψυχήν.

2685 3804 2747 3858 Εἰ
2777 3801 2827 3858 δ’
2873 3804 3063 3867 ἐκεῖνος
3128 3812 3224 3868 τῆς
3282 3805 3479 3867 οἰκείας
3522 3804 3662 3866 ζωῆς
3728 3802 3899 3856 ἐπόθει
3955 3809 4098 3855 τοιοῦ

2896 3896 3131 3956 θάνατον,
3200 3903 3309 3956 πῶς
3409 3894 3500 3947 οὐκ
3569 3891 3630 3945 ἂν
3762 3893 3982 3950 αὐτου..
4063 3892 4236 3956 εὐξαί-

2896 3896 3131 3966 θάνατον,
3200 3903 3309 3957 πῶς

2539 3978 2579 4033 Β
2614 4005 2716 4059 μην
2744 3983 2859 4038 ἀντί
2883 3992 2977 4038 σοῦ
3026 3988 3231 4059 χαίρων
3305 3984 3643 4043 τεθνηλεσθαι
3698 3981 3923 4056 ἀδελφοῦ
3981 3981 4232 4056 φιλτάτου

2615 4079 2706 4128 καί
2758 4070 3218 4148 φιλαδελφοτάτου,
3280 4070 3387 4133 ἤδη
3445 4070 3505 4127 δέ
3559 4077 3649 4127 καί

2618 4165 2944 4239 ἀνακραθάτε
3007 4169 3195 4237 σχέσει
3251 4166 3399 4239 ἔτερα
3460 4163 3889 4219 πολλαπλασίονι.
3951 4162 4079 4215 Ἀπὸ
4132 4170 4236 4214 τῶν

2617 4256 2785 4309 αὐτῶν
2826 4258 2915 4321 μεν
2975 4257 3077 4329 γὰρ
3136 4262 3398 4332 πατρικῶν
3457 4255 3766 4328 σπερμάτων
3814 4258 3904 4306 καί
3960 4272 4236 4325 μητρικων

2619 4346 2850 4419 αἱμάτων
2920 4350 3201 4418 γεγόναμεν
3535 4342 3886 4419 πρεσϐύτατος
3969 4346 4061 4415 μεν
4134 4341 4237 4413 ἐγὼ

2617 4440 2708 4489 καὶ
2736 4444 2937 4509 πρῶτος
2956 4439 3049 4494 τήν
3110 4434 3277 4493 πύλην
3346 4430 3665 4496 διεληλυθὼς
3707 4441 3804 4496 τῆς
3851 4434 4114 4504 γενὶσεως,
4170 4434 4241 4492 ὡς

2621 4528 2722 4579 εἴθε
2760 4529 2849 4577 καί
2900 4530 2995 4584 τήν
3044 4534 3138 4587 τῆς
3198 4519 3381 4587 ἐξόδου
3438 4520 3721 4581 διελήλυθα
3759 4531 3897 4596 πρῶ.
3922 4564 3935 4579 .
3959 4568 3971 4580 .
3994 4565 4007 4577 .
4032 4564 4045 4578 .
4067 4564 4080 4577 .
4103 4564 4117 4578 .
4142 4563 4157 4579 .
4180 4565 4195 4578 .
4216 4564 4231 4577 .

2572 4614 2726 4688 ⁵μεθ’
2795 4612 2972 4688 ἑτέρως
3037 4615 3258 4686 ὁμογνία
3352 4616 3443 4664 καί
3506 4610 3810 4672 πολλοστὸς.
3874 4612 4020 4683 Κάμὲ
4066 4613 4161 4683 μὲν
4214 4612 4277 4663 ό’

2617 4705 2955 4779 φιλόστοργος
3007 4708 3096 4757 καί
3180 4702 3445 4777 φιλολόγος
3468 4706 3641 4776 πατὴρ
3702 4700 3755 4765 ἐξ
3807 4702 3987 4762 Ἀσίας
4046 4701 4113 4761 εἰς
4177 4704 4238 4753 τό

2620 4795 2896 4856 Βυζάντιον
2974 4798 3265 4870 κατέρωτιι.
3289 4834 3302 4847 .
3325 4835 3337 4848 .
3360 4835 3373 4849 .
3393 4815 3413 4841 ι
3432 4833 3445 4847 .
3468 4835 3481 4848 .
3580 4790 3864 4863 ἀπαγαγὼν
3967 4786 4078 4849 ήδη
4169 4798 4233 4849 τῆ

2616 4892 2716 4937 τῶν
2749 4882 2948 4954 ἐφήϐων
3006 4882 3186 4955 ἡλικίᾳ
3232 4884 3444 4956 πότερον
3505 4878 3755 4954 βαίνοντα
3804 4876 4099 4953 διοτριϐαἰς
4148 4876 4243 4932 δι-

2621 4970 2845 5028 δασκόν.
2870 5015 2882 5028 .
2905 5016 2917 5031 .
2940 5015 2951 5029 .
3046 4993 3071 5024 ν
3127 4978 3218 5031 τήν
3282 4990 3337 5024 τε
3388 4974 3760 5044 γραμματικὴν
3821 4989 3884 5023 π.
3906 5009 3919 5023 ο
3938 5011 3952 5025 .
3973 5010 3987 5024 .
4010 5012 4025 5025 .
4047 5010 4059 5024 .
4148 4973 4245 5021 καί

2618 5068 2711 5122 τὴν
2765 5070 2857 5116 τοῦ
2911 5061 3092 5116 ἕπικοῦ
3153 5063 3344 5114 κύκλου
3399 5061 3834 5134 χρηστομάθειαν
3885 5054 4241 5132 περιδίδωμι,

2620 5154 2751 5226 μετὰ
2810 5148 2869 5206 δὲ
2938 5156 3135 5225 συχνὸν
3201 5154 3392 5224 χρόνον
3454 5148 3689 5203 κάκεῖνον
3742 5147 3981 5202 ίνναετῶν
4038 5190 4078 5205 ..
4140 5156 4248 5202 ποῦ

2620 5241 2823 5305 ἡλικίας
2884 5244 3077 5315 ἄγοντα
3162 5246 3377 5316 χρόνον,
3671 5246 3787 5302 ταῖς
3873 5236 4023 5312 ἕμαῖς
4076 5243 4247 5314 φέρων

2618 5334 2894 5405 παρέθετο,
2961 5329 3261 5402 ἐπισκήψάς
3314 5330 3480 5382 πάντυ
3540 5329 3780 5401 γενέσθαι
3830 5329 3879 5379 οἱ
3927 5331 4017 5379 καί
4060 5332 4247 5402 πατήρ

2621 5428 2712 5477 καί
2758 5428 2975 5500 τροφεύς
3055 5427 3144 5475 καί
3230 5416 3578 5492 παιδαγωγὸς
3647 5423 3737 5471 καί
3814 5414 4249 5475 δισδάσ........·

2620 5512 2687 5568 ’Ἃ
2744 5508 2812 5572 δὴ
2896 5514 3065 5567 πάντα
3112 5515 3202 5564 καί
3248 5516 3437 5583 γέγονα
3491 5505 3732 5581 τάδελφῷ
3761 5512 3851 5560 καί
3899 5503 3994 5560 διὰ
4057 5514 4249 5561 πᾰσῶν

2617 5605 2814 5658 τούτων
2856 5606 3091 5676 σχέσεων
3123 5599 3436 5675 ἀνακραθείς
3455 5602 3545 5653 καί
3574 5602 3667 5658 τήν
3714 5593 4000 5670 ἀδελφικὴν
4036 5597 4248 5672 ὑπερη,
