4444 6452
236 411 372 466 1249

1123 407 1498 467 manuus
1526 394 1916 463 ACOMINATI
1941 397 2261 462 MONODIA
2293 409 2362 465 IN
2388 411 2709 473 FRATREM
3428 439 3568 494 .250

282 573 296 588 ο
336 537 464 594 τίνας
522 538 639 594 ταῖς
692 533 886 606 τούτῳ,
910 577 922 590 ι
945 577 956 590 ο
1026 536 1358 609 προσθήκαις
1421 536 1492 597 εἰς
1547 529 1838 606 ἀκροτάτην
1876 526 1924 580 Α
1957 529 2046 577 καὶ
2075 528 2139 588 ὡς
2177 527 2351 585 λέαινα
2382 535 2656 610 ἀρτιτόκος
2684 543 2774 605 τάς
2827 544 3136 618 θηρευτικάς
3171 555 3328 618 κύνας
3376 556 3570 630 βλοσυ.

244 619 580 695 φιλαδελφίαν
601 621 850 682 ἐλήλακα,
892 624 1014 696 Ούχ
1034 621 1186 683 ἧττον
1236 625 1294 680 δί
1343 626 1572 686 κάκεῖνος
1623 624 1694 685 εὶς
1754 626 1842 680 τὴν

234 710 398 769 αὑτήν
459 714 732 785 ἡπεροχήν
791 710 1018 768 ἐπέδωκε
1069 722 1160 767 του
1223 715 1513 788 φιλ......
1607 717 1686 766 ὅτι
1768 716 1840 784 μή

233 804 324 851 καὶ
353 798 586 872 μάλιστα
615 803 678 860 ὡς
703 797 757 853 εὖ
805 804 1032 874 πάσχων
1085 803 1232 856 πλέον
1286 808 1316 862 ἣ
1385 801 1523 879 δρῶν
1604 801 1692 862 ἕως
1720 800 1840 875 παρ’

234 889 362 957 ἡμῖν
425 887 655 962 ἐτρέφετο
709 891 862 949 ήθεσι
927 896 1017 944 καὶ
1102 895 1411 967 μαθήμασιν
1503 887 1843 966 ἐμπαιδοτρι·

239 975 510 1050 ϐούμενος.

307 1066 492 1119 Ἠνίκα
710 1069 851 1132 ἡμᾶς
898 1072 988 1142 μεν
1047 1072 1190 1142 εἶχον
1249 1071 1499 1144 ’Λχῆναι,
1552 1070 1739 1124 ἐκεῖνον
1786 1067 1845 1124 δε

236 1161 372 1228 μέγα
403 1153 684 1229 δυνάμενον
719 1159 784 1209 τά
817 1157 1074 1230 βασιλικά
1124 1170 1414 1219 τηνικαῦτα
1462 1165 1547 1214 καὶ
1607 1166 1701 1220 τὴν
1758 1162 1846 1212 τά-

240 1246 315 1308 ξιν
337 1253 428 1298 τοῦ
460 1246 514 1298 εὖ
543 1253 709 1299 ποιεῖν
751 1266 806 1300 τε
853 1253 942 1300 καὶ
999 1251 1231 1321 πάσχειν
1300 1247 1356 1308 δ.
1382 1293 1394 1307 .
1419 1294 1431 1308 .
1455 1295 1467 1310 .
1491 1295 1501 1307 .
1527 1296 1538 1308 .
1597 1250 1835 1323 ψάμεθα.

240 1335 465 1388 Ἐκείνου
525 1338 614 1406 μὲν
664 1338 764 1410 φάρ
822 1337 983 1390 πολλὰ
1048 1345 1138 1390 καὶ
1191 1339 1392 1412 μεγάλα
1441 1340 1690 1400 πολλάκις
1747 1338 1846 1410 ἐγώ

247 1442 300 1476 τε
355 1428 447 1476 καὶ
507 1424 724 1482 Ἀθῆναι
782 1421 996 1498 οἴδαμεν

248 1514 568 1584 imm...”
605 1510 986 1587 οὐδεῆβαχύ.

312 1600 453 1658 Πλὴν
531 1605 619 1654 καὶ
670 1601 831 1664 οὕτως
910 1604 935 1654 ό
1001 1611 1090 1665 τῆς
1170 1601 1466 1676 φιλαδελίας
1557 1602 1851 1678 σύνδεσμος

245 1695 525 1762 ύπέρτονος
554 1695 644 1742 καὶ
695 1690 884 1765 ἆρκτος
941 1690 1130 1766 ἀμφοῖν
1189 1691 1468 1767 διηένετο.
1522 1700 1580 1749 Ei
1639 1692 1698 1748 δὲ
1761 1699 1850 1747 καὶ

242 1799 674 1836 κοιν.........

1078 1426 1389 1501 ἀπονήμενοι
1447 1450 1460 1462 ·
1531 1427 1714 1489 ἐκεῖνος
1790 1424 1849 1481 δε

760 1779 941 1851 ἐνίοτε,
997 1782 1264 1854 φιλητικὸν
1320 1787 1422 1856 γὰρ
1475 1789 1564 1837 καὶ
1623 1784 1850 1837 ἑνοποιὸν

239 1873 298 1922 τὸ
359 1871 649 1942 συμπαθὲς,
735 1873 986 1941 πάρεστιν
1081 1872 1472 1946 ἐπιλογίζεσθαι
1558 1876 1838 1932 οἳαν.....

241 1955 448 2027 ἀγάπης
626 1962 988 2031 πεπορίσμεθα

245 2046 352 2106 θεις
413 2042 619 2099 οὐδέπω
695 2053 1216 2124 προσταιρισάμενοι.
1300 2055 1430 2105 Οὔτε
1763 2055 1850 2105 εὑ-

251 2138 487 2206 ρίσκοντ.
513 2179 524 2192 .
548 2177 560 2190 .
583 2177 596 2190 .
620 2179 632 2192 .
656 2179 667 2191 .
691 2177 703 2191 .
727 2179 740 2192 .
763 2178 776 2191 .
800 2180 813 2193 .
851 2158 1023 2210 γημα.
1091 2145 1254 2193 Μονοι
1311 2137 1371 2193 δὲ
1425 2139 1850 2217 συνδιαφέροντες

246 2222 484 2286 ἀλλήλοις
525 2226 650 2297 ἡμῖν
711 2227 890 2289 αὐτοῖς
943 2230 1008 2280 τά
1069 2237 1162 2290 τῆς
1221 2229 1441 2294 ξεντείας
1497 2230 1706 2303 ἀλγεςνά
1760 2237 1850 2285 καὶ

246 2318 338 2372 τὴν
383 2315 460 2366 ἐπ’
521 2311 824 2377 ἀλλοδαπῆς
889 2324 1196 2391 παροικίαν.
1220 2363 1232 2375 .
1257 2363 1270 2376 .
1295 2365 1305 2377 .
1329 2363 1343 2378 .
1370 2369 1376 2374 .

249 2408 564 2478 στέργοντες.

1480 2326 1848 2394 συνεικαμένης

636 2409 730 2457 Διά
784 2411 878 2465 τήν
934 2407 1145 2462 αὐτόθεν
1192 2409 1390 2462 πολλῶν
1440 2407 1674 2484 ἱδρώτων
1728 2410 1850 2464 ἀντ-

249 2491 598 2567 αλαττομένην
653 2491 935 2548 παίδέυσιν
1003 2495 1066 2558 ἧς
1122 2506 1238 2561 ταῖς

248 2581 468 2654 μελετῶν

1321 2500 1682 2572 τεχνολογίαις
1765 2499 1849 2574 ἒμ-

543 2583 926 2657 ....αξόμεθα.
989 2586 1121 2658 Ἐγὼ
1175 2591 1266 2661 μεν
1319 2595 1438 2662 περὶ
1513 2587 1851 2644 διδασκάλῶν

247 2675 338 2723 καὶ
391 2674 523 2747 πρὸς
580 2675 643 2725 τά
698 2673 1024 2749 πρεσϐύτερα
1076 2686 1176 2729 τῶν
1219 2680 1541 2752 μαθημάτων
1584 2679 1852 2756 παραϐαλ-

247 2759 474 2833 λόμενος,
508 2763 533 2813 ὁ
557 2758 616 2815 δὲ
652 2764 774 2838 παρ’
815 2763 939 2837 ἐμοῦ
989 2770 1080 2818 καὶ
1135 2769 1360 2821 καθόσον
1418 2811 1431 2826 .
1454 2813 1467 2827 .
1490 2812 1502 2825 .
1525 2814 1538 2829 .
1561 2775 1700 2831 ,κίας
1755 2774 1852 2843 μέ-

246 2868 366 2922 τρον
420 2849 615 2922 ἐχώροι
667 2857 1116 2927 νεοττοτρούμενος
1198 2861 1324 2932 πρὸς
1410 2862 1468 2911 τό
1555 2859 1851 2934 τελεώτερον

247 2944 336 2991 καὶ
384 2940 553 3012 ἡρέμα
603 2945 964 3016 πτερούμενος,
1021 2945 1110 3006 ἓως
1164 2942 1257 2998 διά
1311 2966 1369 3000 το
1419 2956 1518 3000 τῶν
1572 2947 1853 3022 ἐγκυκλίων

248 3033 456 3090 καὶτῆς
485 3049 798 3101 σοφιστικης
853 3039 1158 3106 κουφισγεὶς
1215 3038 1322 3099 οἰός
1379 3057 1433 3090 τε
1492 3035 1551 3096 ἦν
1607 3037 1738 3092 κάπὶ
1790 3043 1855 3092 τά

254 3124 609 3194 μετεώρότερα
661 3126 750 3173 καὶ
834 3127 1114 3199 σεμνότερα
1185 3127 1497 3202 θεωρήματα
1575 3131 1844 3203 φέρεσθαι.

325 3207 460 3262 Ἀλλ’
518 3208 720 3284 ἐπείπερ
774 3208 910 3282 τῷδε
961 3221 1057 3274 τῆς
1113 3214 1312 3277 ἁλικίας
1379 3215 1564 3289 ἀφῖκτο
1626 3214 1856 3292 ἀνδρού-

253 3315 404 3370 μονος
433 3295 482 3348 ἐν
513 3295 552 3369 ᾧ
605 3304 696 3352 καὶ
756 3308 855 3351 τῶν
909 3309 1001 3353 τοῦ
1057 3301 1180 3376 βίου
1229 3301 1364 3357 ὁδῶν
1420 3315 1630 3378 συχνῶν
1688 3308 1856 3360 οὐσῶν

253 3382 362 3438 ἔδει
381 3393 500 3459 μίαν
541 3386 774 3462 ἐγκρῖναι
831 3390 892 3448 ἣν
953 3433 966 3446 .
990 3431 1001 3444 .
1027 3435 1039 3449 .
1062 3435 1074 3448 .
1100 3437 1112 3449 .
1135 3435 1147 3449 .
1170 3437 1182 3450 .
1206 3439 1219 3452 .
1275 3394 1436 3467 αύτῷ.
1487 3395 1703 3449 ἐνταῦθα
1764 3441 1776 3454 .
1799 3440 1813 3453 .
1834 3439 1849 3454 .

254 3472 384 3528 ἀλλά
413 3484 519 3536 πῶς
549 3477 610 3528 οἶν
642 3473 904 3554 ἀδακρυτὶ
959 3488 1049 3543 τῆς
1106 3487 1220 3536 τότε
1262 3491 1598 3558 καινοτομίας
1650 3492 1858 3560 μνήμην

252 3567 664 3638 ποιήσωμαι;η
717 3573 894 3642 πρώτη
941 3578 1032 3631 τῆς
1090 3568 1400 3636 διαζεάξεως
1459 3576 1632 3647 σχίζα
1682 3575 1858 3628 τετόλ-

251 3673 418 3725 μηται
452 3697 464 3711 .
488 3699 500 3711 .
523 3697 534 3710 .
569 3657 600 3713 ἡ
629 3663 1007 3731 ταυτογνῶμων
1059 3657 1344 3735 ἀδελφικῆς
1409 3664 1642 3735 σχέσεως
1699 3670 1859 3738 μονὰς

251 3739 603 3818 διαιριθεῖσαν
651 3746 768 3798 καθ’
825 3750 1025 3820 αἰρεσιν
1086 3748 1205 3822 βίου
1255 3748 1544 3806 δυάλεσθαι
1591 3753 1721 3824 Ἐγὼ
1770 3757 1860 3828 μὶν

247 3835 352 3905 γὰρ
385 3833 475 3886 ἅτε
505 3839 750 3906 περὶτῶν
771 3841 956 3907 γονέων
1015 3837 1070 3890 ἐκ
1117 3837 1314 3902 παιδος
1367 3846 1434 3904 ὡς
1488 3842 1707 3920 ἀπαρχὴ
1765 3853 1861 3907 τῆς

248 3919 451 3973 ἐκείνων
497 3929 818 3995 τεκνογονίας
893 3935 964 3997 τῷ
1041 3929 1156 4000 ἱερῷ
1234 3933 1571 4005 καθιερωθεὶς
1654 3932 1860 4007 βήματι

248 4015 457 4084 πρέπων
498 4009 558 4070 ἦν
617 4009 898 4086 ἰδιαστικῷ
960 4015 1063 4090 βίῷ
1108 4024 1197 4071 καὶ
1247 4019 1547 4095 ἀπράγμονι
1599 4029 1688 4076 καὶ
1735 4029 1859 4096 μίαν

250 4099 516 4153 αἰτεῖσθαι
569 4107 684 4177 περὶ
736 4111 869 4157 Θεοῦ
909 4103 1317 4161 ἐπισκέπτεσθαι
1356 4114 1441 4163 τὸν
1500 4113 1648 4183 ἅγιον
1699 4113 1860 4166 αύτοϋ

249 4194 373 4242 νεὼν
419 4195 508 4242 καὶ¹
566 4188 742 4245 οὐδενὶ
798 4200 1147 4267 προσανέχειν
1205 4197 1510 4274 ἀνθρωπίνῳ
1589 4205 1861 4276 πράγματι

253 4280 335 4331 ὃτι
374 4284 445 4352 μή
481 4286 650 4354 σχολῇ
684 4287 773 4335 καὶ
801 4281 1002 4355 βίϐλοίς
1023 4287 1366 4359 χαρίζεσθαι.
1388 4289 1447 4342 Ὁ
1479 4287 1538 4343 δε
1590 4296 1719 4364 πρὸς
1767 4301 1858 4346 τοῦ

257 4370 346 4441 μεν
390 4368 751 4440 σχολαστικοῦ
807 4377 898 4425 καὶ
952 4373 1111 4444 ψιλήν
1155 4378 1372 4453 θεωρίαν
1418 4387 1519 4432 τῶν
1564 4383 1720 4433 ὄντων
1774 4383 1862 4435 ἐπ-

257 4456 628 4531 αγγελλομένου
654 4463 740 4512 τὸν
772 4467 1235 4536 πρακτὶκευόμενον
1289 4471 1378 4519 καὶ
1435 4469 1720 4540 φιλόκοινον
1773 4477 1862 4526 καὶ

257 4545 498 4610 πλείονας
544 4549 952 4623 ύποαϐλλόμενον
992 4553 1117 4616 ὖλας
1167 4563 1259 4608 τοῦ
1338 4556 1632 4632 φιλοσοφεῖν
1709 4560 1864 4634 ἒμϐια

260 4634 420 4690 είλετο
467 4637 558 4690 καί
587 4639 890 4698 ἠσπασατο.
920 4641 1030 4696 Ἵνα
1080 4640 1140 4696 δέ
1176 4649 1304 4720 πρὸς
1358 4650 1508 4721 ipa/ou
1561 4649 1720 4702 αὐτοῦ
1771 4657 1861 4705 καὶ

259 4723 425 4778 εὔοδα
449 4729 515 4780 τὰ
538 4737 634 4788 τῆς
679 4732 970 4803 προθέσεως
1029 4737 1249 4805 γένοιτο,
1310 4738 1755 4813 παρεοσκεξάξετό
1807 4761 1861 4795 τε

255 4819 348 4868 καὶ
384 4822 691 4892 προσφόρως
716 4816 1036 4892 ἐφωδιάξετο
1066 4829 1156 4876 καὶ
1175 4826 1266 4896 μὲν
1295 4821 1360 4884 δὴ
1400 4831 1488 4879 και
1539 4830 1607 4890 ὡς
1665 4833 1861 4904 ὀργανά

252 4923 370 4957 τινα
400 4905 562 4978 εὐφυᾶ
622 4912 712 4960 καὶ
762 4905 912 4971 δεξιά
965 4910 1221 4974 πολιτείας
1275 4922 1711 4992 μετακεχείριστο
1757 4921 1859 4994 ῥη-

251 4999 468 5068 τορικήν
519 5015 574 5049 τε
626 5001 715 5050 καὶ
767 4999 1144 5072 νομοτρίϐειαν,
1214 5005 1337 5078 παρ’

252 5091 437 5156 πρῶτα
523 5093 702 5158 σοφοῖς
780 5089 846 5140 τά
914 5089 1159 5144 πολιτικά
1254 5098 1341 5146 καὶ
1444 5095 1856 5171 πολυειδήμοσιν

254 5170 480 5249 ἀνδράσι
513 5180 904 5251 συνιστάμενος,
957 5183 1089 5252 μέτά
1139 5179 1196 5236 δὲ
1239 5189 1330 5236 καὶ
1386 5187 1527 5259 τύχη
1574 5192 1856 5264 χρησάμε-

250 5282 351 5324 νος.
384 5263 442 5317 ’Π
486 5261 545 5318 δὲ
591 5269 731 5339 τύχη
788 5267 979 5341 ἐπεφύη
1038 5279 1111 5342 τῷ
1164 5273 1386 5344 νεοθαλῷ
1451 5278 1538 5337 τάς
1578 5261 1854 5349 βασιλείας

254 5350 472 5425 βλαστῷ
520 5357 590 5418 ὡς
620 5356 836 5429 -σμίλαξ
883 5356 1257 5434 ἐπιπλοκομένη
1329 5370 1418 5417 καὶ
1483 5373 1856 5440 συμπνίγουσα

248 5451 515 5517 γραφικῶς
560 5443 717 5498 εἰπεῖν
770 5449 801 5505 ἡ
858 5447 974 5501 κατ’
1023 5446 1362 5526 Ἀνδρόνικον
1429 5462 1688 5531 τυραννίς,
1766 5464 1856 5513 καί

252 5526 321 5590 δή
353 5541 464 5596 τοῖς
495 5533 785 5607 βασιλείοις
814 5536 1157 5616 εἰσφθαρεῖσα
1185 5543 1264 5595 ὅτε
1317 5548 1405 5597 καὶ
1452 5546 1477 5597 ό
1532 5545 1656 5620 ἐμὸς
1704 5544 1853 5602 ἀδελ-

250 5623 345 5694 φὸς
403 5631 511 5686 τοῖς
577 5623 880 5698 βασιλικοῖς
953 5630 1432 5707 ύπογραμματοῦσι
1489 5642 1850 5714 συνετέτακτο,

249 5706 419 5775 δεινὸν
481 5717 618 5773 ἔπνει
690 5723 782 5776 καὶ
852 5723 1047 5786 παντὸς
1123 5706 1308 5798 θηρίου
1382 5706 1849 5808 μισανθρπότερονξ

1417 5004 1541 5078 ἐμοῦ
1621 5011 1710 5080 μὲν
1795 5013 1860 5064 τά

1899 3498 1938 3552 C
1967 3481 2058 3528 καὶ
2122 3485 2394 3556 κοινοτέρῳ
2448 3483 2580 3542 ἄνευ.
2604 3531 2616 3545 .
2639 3530 2652 3544 .
2675 3531 2688 3546 .

1951 617 2174 688 ρὼτερον
2205 620 2565 694 ύποϐλίπεται,
2618 630 2752 682 οὕτω
2795 632 3004 694 κάκείνη
3059 643 3104 691 εἰ
3156 661 3206 694 τι
3255 617 3385 708 τῆς.
3409 646 3568 719 βασι-

1957 700 1972 712 ς
3302 700 3310 704 “
3333 700 3347 708 '
3409 700 3418 719 Ι
3476 700 3509 702 --
3531 700 3542 703 ν

1958 711 2102 764 laxi;
2152 708 2421 782 θεραπείας
2477 711 2646 778 δεξιὸν
2696 715 2757 778 ἦν
2839 728 2929 776 καὶ
3001 732 3188 782 πιστὸν
3223 752 3236 764 ·
3287 734 3552 811 ὑφεωρᾶτο

1968 787 2006 811 τι·
2117 798 2126 809 ς
2172 794 2181 804 ·
2398 798 2441 811 εικ
2575 805 2618 811 ·-
2757 806 2776 811 τ

3328 787 3340 806 ,

1961 787 2020 843 δὲ
2046 798 2134 846 καὶ
2163 794 2210 847 ἐν
2245 798 2452 875 σπουδῇ
2506 805 2665 878 πολλῇ
2730 806 2868 882 εἶχεν
2927 813 3163 870 ἐκποδὼν
3216 787 3547 881 ποιήσασθαι

1957 884 2026 933 Τό
2079 889 2253 956 μέντοι
2300 895 2388 942 καὶ
2452 899 2678 966 συχνούς
2744 897 2817 952 ἐνί
2875 908 2933 975 γέ
2982 922 3050 977 τῳ
3111 912 3255 982 τόπῳ
3303 909 3570 969 διαλωϐωο

1958 982 2082 1040 μενη
2115 982 2384 1037 πεποίηκε.

2029 1065 2190 1115 Ταυθ’
2241 1068 2372 1138 ὀρῶν
2405 1072 2431 1122 ὁ
2476 1077 2851 1151 μισοτύραννος
2913 1079 3158 1147 ἐκεῖνοςῆ
3228 1097 3573 1169 γενικώτερον

2017 1150 2026 1162 '
2674 1150 2678 1151 ν
3234 1150 3248 1161 ,
3475 1150 3485 1169 ,
3551 1150 3566 1156 ,

1958 1167 2108 1218 φαναι
2168 1162 2524 1235 μισοπόνηρος
2562 1164 2588 1215 ό
2641 1209 2654 1221 .
2677 1207 2689 1220 .
2713 1209 2726 1223 .
2750 1209 2761 1222 .
2785 1209 2798 1223 .
2820 1211 2834 1226 .
2896 1167 3286 1250 ἁνθρωποφάγῳ
3337 1183 3568 1255 τυράννῳ

2990 1237 2999 1246 .
3144 1237 3155 1248 .
3215 1237 3266 1250 ..
3402 1237 3411 1254 .
3540 1239 3549 1255 .

1960 1237 1988 1295 ἡ
2021 1239 2298 1314 ὑπουργεῖν
2330 1256 2444 1310 ταῖς
2483 1249 2674 1305 ἐκείνου
2741 1265 3060 1330 μιαιφονίαις
3115 1268 3175 1317 τὸ
3229 1271 3320 1339 μεν
3380 1273 3574 1343 θρασύ·

1960 1345 2122 1400 τερον,
2157 1337 2214 1384 τὸ
2273 1331 2333 1388 δε
2383 1337 2624 1403 ἀσεϐείας
2845 1351 3042 1420 όμιζεν.
3086 1353 3257 1428 Ἔγνω
3288 1355 3348 1412 δε
3395 1361 3571 1437 πόρρω

1960 1420 2079 1480 Διὸς
2105 1421 2361 1476 ἰστασθαι
2385 1432 2470 1480 καὶ
2499 1437 2762 1504 κεραυνόν.

2032 1505 2207 1561 Ἔνθεν
2262 1531 2345 1565 τοι
2391 1518 2457 1568 τὰ
2544 1522 2634 1591 μὲν
2715 1521 2959 1594 βασᾶεια
3026 1528 3095 1592 ὡς
3146 1545 3419 1608 τυραννεῖα
3475 1543 3572 1593 καὶ

1960 1600 2145 1666 μηκέτι
2202 1597 2342 1671 βατά
2404 1613 2513 1668 τοῖς
2567 1627 2836 1680 γε......
2899 1615 3062 1670 σεϐεῖν
3117 1597 3382 1678 ἐθέλουσιν
3438 1626 3576 1683 ἀντι-

1960 1691 2292 1760 περιίσταται
2329 1699 2418 1746 καὶ
2475 1699 2558 1749 ἐπὶ
2599 1703 2693 1758 τήν
2743 1711 2843 1754 τῶν
2895 1718 3120 1779 νομικῶν
3175 1710 3364 1767 δέλτων
3417 1719 3572 1773 αύτο-

1961 1775 2153 1846 μολ...
2217 1781 2427 1852 μελέτην
2507 1791 2595 1840 καὶ
2677 1789 2974 1866 ἐπιστήμην
3023 1804 3112 1852 καὶ
3157 1800 3437 1874 βασιλείων
3483 1829 3570 1862 τυ·

1960 1873 2310 1939 ραννουμένων
2360 1883 2584 1944 μουσεῖα
2657 1884 2825 1951 νόμων
2912 1891 3000 1938 καὶ
3068 1887 3262 1963 ἀρχεῖα
3336 1895 3571 1969 Θέμιδος

1973 1951 1984 1961 ἡ
3102 1951 3175 1963 ,η
3410 1951 3419 1969 ,
3555 1951 3569 1962 .

1963 1955 2376 2031 ανταλλάττεται,
2442 1969 2533 2016 καὶ
2620 1963 2688 2026 δή
2762 1973 2829 2023 τὰ
2883 1971 2932 2024 ἐν
2995 1972 3263 2053 διφθέραις
3321 1980 3393 2036 δι’
3454 1987 3570 2042 ἀναὶ

1960 2051 2196 2114 γνώσεως
2285 2050 2564 2121 φιλοπόνως
2647 2055 3010 2134 ἀναλεγόμενος
3094 2081 3342 2135 .....αῖς
3414 2077 3572 2142 πλαξ-

1959 2141 2056 2195 τῆς
2108 2135 2292 2190 ἑαυτοῦ
2339 2139 2564 2217 καρδίας
2615 2153 3020 2225 μεταγράφεται,
3066 2164 3155 2212 καὶ
3203 2162 3388 2236 κύρϐις
3440 2165 3569 2220 ἀπσ-

1960 2221 2179 2276 τελεῖται
2226 2231 2533 2300 νομοθεσίας
2591 2233 2740 2294 ζῶσα
2795 2246 2885 2293 καί⁵
2924 2243 3060 2306 ἄξων
3114 2221 3376 2324 ἔμψυχος.
3435 2253 3566 2311 Εἶτα

1963 2309 2231 2384 βασιλείας
2303 2316 2685 2396 διαδεξαμένης
2744 2370 2757 2384 .
2781 2372 2793 2386 .
2817 2373 2830 2386 .
2852 2373 2864 2386 .
2890 2336 2945 2387 ,ὑ
2985 2336 3273 2409 τυραννίδα
3327 2342 3558 2400 ἐπάνεισι

1959 2400 2050 2456 κά.
2075 2446 2086 2458 .
2111 2447 2122 2459 .
2146 2445 2158 2459 .
2182 2448 2193 2460 .
2217 2448 2229 2462 .
2255 2451 2264 2462 .
2306 2412 2372 2461 τά
2411 2408 2674 2482 βασίλεια.
2705 2422 2900 2490 Χρῆμά
2929 2441 2980 2474 τι
3038 2427 3228 2480 πολλοῦ
3275 2431 3419 2494 ἀξιον
3471 2443 3561 2489 καὶ

1963 2489 2245 2564 σνμδαῖνον
2319 2496 2368 2549 ἐν
2423 2504 2562 2574 νόμῳ
2615 2504 2904 2570 πολικτείας
2971 2510 3257 2572 ἐπιστασία
3312 2526 3566 2598 τοσούτῳ,

1970 2593 2234 2658 ......τῇ
2321 2590 2451 2660 χθὲς
2524 2592 2798 2668 τυραννίδι
2855 2597 3093 2665 ἀντίξουν
3143 2604 3316 2663 ἐδόκει
3370 2619 3458 2668 καὶ
3512 2590 3568 2669 ἐκ

1963 2666 2247 2748 διαμέτρου
2287 2674 2572 2736 ἀντίθετον.

2033 2768 2195 2816 Τοῦτο
2256 2771 2344 2818 καὶ
2411 2768 2568 2828 ἄλλην
2619 2770 2794 2848 ἀρχὴν
2848 2777 3028 2834 ἄλλοτε
3087 2789 3288 2860 κόσμου
3335 2791 3570 2855 ἠξιοῦτο.

1963 2851 2039 2904 Ou’
2069 2858 2172 2925 μήν
2200 2851 2258 2908 δε
2282 2854 2410 2909 ἀλλά
2429 2865 2518 2912 καὶ
2548 2870 2648 2913 τῶν
2702 2862 2752 2915 ἐν
2783 2871 2966 2942 Θρᾴκη
3025 2851 3248 2929 πολλεων
3299 2851 3575 2954 ἁρμοστής

1961 2946 2051 2994 καὶ
2118 2951 2212 2994 τῶν
2295 2944 2458 3000 ἐκεῖσε
2544 2963 2832 3020 στρατικῶν
2921 2963 3208 3027 συντάξεων
3293 2965 3574 3044 διανομεύς

1963 3024 2241 3088 ἐστέλλετο.
2307 3033 2460 3088 Ἀλλά
2507 3047 2676 3088 ταῦτα
2725 3047 2814 3088 μὶν
2874 3058 3030 3088 unran

3321 3100 3334 3114 .
3388 3060 3570 3117 Ἠνίκα

1965 3112 2025 3168 δε
2071 3124 2160 3171 καὶ
2216 3119 2340 3194 βίου
2373 3123 2548 3199 ἀρχὴν
2605 3133 3023 3191 καταϐάλλεσθαι
3052 3143 3166 3214 μεθ’
3223 3112 3373 3219 ήμῶν
3428 3151 3570 3206 ἐσκέ-

1963 3203 2121 3276 ψατο,
2155 3207 2263 3263 ἐπει
2287 3219 2419 3287 χρή,
2468 3218 2522 3268 εὖ
2553 3215 2694 3285 οἶδα,
2730 3219 3062 3282 διατίθεσθαι
3093 3237 3184 3287 καὶ
3241 3240 3358 3291 καθ’
3391 3239 3574 3297 ἑαυτὸν

1967 3295 2257 3352 σπουδαῖον
2306 3299 2434 3356 εἶναι
2489 3312 2580 3360 καὶ
2631 3311 2696 3372 ὡς
2743 3315 2792 3365 ἓν
2850 3334 2951 3369 τινι
3007 3329 3175 3397 μικρᾴ
3229 3327 3463 3383 πολιτεία
3509 3342 3571 3393 τῆ

1972 3383 2081 3408 35‘!“
2164 3388 2203 3408 7‘
2251 3394 2260 3407 ‘
2397 3393 2406 3406 '
2735 3405 2742 3408 “
3440 3389 3450 3403 ο
3546 3393 3555 3408 ⁸

1970 3383 2082 3458 ἰδία
2155 3388 2296 3462 οἰκίᾳ
2386 3393 2826 3473 έγγεγυνασμένον
2899 3409 2986 3458 τόν
3057 3411 3306 3482 μέλλοντα
3369 3389 3576 3495 μεγάλω

2755 3501 2985 3565 κιμῆσαι
3044 3499 3386 3578 πολιτεύματι
3438 3509 3575 3564 οἰκον

1968 3570 2244 3639 πρώτιστα
2315 3573 2446 3642 ἔγνω
2529 3583 2904 3637 συστήσασθαι
2978 3584 3297 3664 ἀγαγόμενος
3352 3608 3578 3669 γυναῖκα

1969 3659 2057 3713 τήν
2113 3662 2240 3724 περὶ
2295 3668 2426 3713 Θεοῦ
2486 3659 2770 3738 δεδομένην
2818 3659 3095 3748 οἰκωφελή
3129 3679 3327 3753 βοηθὸν
3358 3659 3386 3744 ’,
3409 3731 3421 3745 ,
3447 3733 3458 3745 ,
3481 3733 3494 3747 ,
3517 3734 3530 3748 ,
3553 3735 3565 3749 _

1972 3745 2254 3818 ζευγμένην
2307 3750 2380 3813 εἰς
2432 3753 2754 3830 ὁμοσαρκίαν
2808 3760 3135 3840 παιδουργὸν
3175 3792 3231 3825 τε
3284 3780 3373 3830 καὶ
3425 3777 3579 3835 ἀδιάο

1973 3854 2224 3908 σπακτον,
2306 3847 2395 3893 καὶ
2451 3847 2545 3902 τήν
2627 3851 2812 3902 τούτου
2863 3865 3253 3936 συμπεριφορὰν
3307 3872 3574 3945 προῦργου

1977 3944 2026 3945 κγ
2078 3931 2087 3941 .
2216 3929 2240 3945 ι,
2402 3935 2412 3945 .
2552 3939 2562 3945 .

1969 3929 2300 3984 ποιήσασθαι
2346 3935 2420 4003 μή
2481 3939 2570 3986 καὶ
2636 3950 2862 4011 ποιμανῆ

1971 4013 2299 4108 ἀπόφθεγμα.
2367 4020 2456 4085 Ὠς
2523 4021 2612 4076 οὖν
2684 4029 2779 4080 οὐκ
2844 4029 3039 4098 ἄδηλος
3141 4037 3201 4098 ἣν
3269 4053 3379 4108 τοῖς
3457 4013 3579 4104 «‘07.—

1969 4103 2079 4168 λοῖς
2114 4115 2264 4160 τοῦτο
2320 4114 2649 4186 προθέμενος,
2700 4128 2806 4180 πῶς
2860 4121 2920 4174 ἂν
2966 4122 3332 4202 διηγησαίμην
3389 4139 3577 4197 ὁπόσοι

3104 3954 3240 4005 κατά
3303 3960 3362 4009 τὸ
3419 3965 3575 4033 σοφὸν

1970 4201 2059 4248 καὶ
2087 4199 2225 4262 ὅπως
2264 4243 2275 4256 .
2299 4244 2310 4255 .
2334 4243 2345 4256 .
2370 4244 2418 4258 ..
2477 4205 2601 4276 ἡμῖν
2659 4205 3054 4269 ἐσπουδάκασιν
3089 4234 3102 4284 ;
3136 4221 3194 4273 ού
3252 4229 3400 4280 τόσοι
3457 4238 3578 4308 περὶ

1973 4290 2062 4308 __‘.,,
2149 4294 2203 4308 ην
2286 4289 2304 4308 Ἴ
2328 4294 2336 4303 ⁵
2718 4306 2736 4308 η
2920 4302 2929 4308 ι

1969 4290 2065 4344 τὴν
2148 4289 2446 4349 Πηνελόπην
2531 4306 2824 4374 μνηστῆρες
2909 4302 3203 4379 ἐκώμασαν,
3286 4317 3403 4371 ὅσοι
3459 4289 3577 4395 περὶ

1981 4374 1991 4384 .
2056 4383 2076 4394 _
2324 4376 2369 4395 ε..
2675 4390 2684 4395 -

1972 4374 2158 4428 ἐκεῖνον
2204 4376 2403 4450 σχεδόν
2468 4401 2520 4433 τι
2564 4390 2849 4448 συνέ.....
2908 4404 3163 4468 φαγωγοί.
3221 4405 3286 4457 Οἱ
3340 4411 3432 4480 μὲν
3490 4374 3552 4464 θυ

1971 4469 2193 4540 γατέρας
2275 4465 2391 4522 οὐδ’
2465 4468 2686 4547 ἀδελφὰς
2769 4487 3136 4552 μνηστεύοντες
3233 4493 3578 4572 ἁμιλλώμενοι

1983 4553 2122 4572 μςη
2355 4563 2365 4572 .
2500 4561 2515 4572 .
2603 4568 2611 4572 .
2804 4567 2815 4572 -
2992 4570 3002 4572 μ

1973 4553 2212 4619 ἀλλήλοις
2284 4563 2373 4612 καὶ
2443 4561 2725 4638 φιλοτίμως
2793 4567 3319 4654 ἀντεπιδεικνύμενοι,
3372 4553 3448 4641 διζ
3508 4593 3576 4644 ὧν

1971 4647 2188 4709 ἕκαστος
2255 4647 2315 4699 ἂν
2397 4646 2644 4713 δυνηθείη
2706 4661 2792 4710 τὸν
2835 4646 3202 4739 περιμάχητον
3263 4646 3347 4729 καὶ
3395 4679 3577 4735 πολυέ-

1969 4755 2164 4809 ραστον
2258 4758 2442 4812 νυμφι.
2467 4783 2481 4797 .
2503 4784 2516 4798 .
2539 4783 2552 4798 .
2575 4785 2588 4800 .
2609 4785 2623 4800 .
2646 4787 2658 4800 .
2681 4790 2696 4804 .
2718 4789 2732 4804 .
2819 4757 3147 4826 περιφάνειαν
3248 4764 3278 4823 ἡ

1969 4825 2314 4902 λαμπρότητα
2383 4830 2412 4888 ἣ
2463 4835 2553 4885 καὶ
2606 4831 2872 4913 ἀμφότερα
2921 4825 3302 4916 προύϐάλλοντο
3350 4877 3364 4890 ·

1971 4924 2160 4991 φρενῶν
2252 4916 2406 4977 ὁλκήν
2472 4919 2766 5000 βαρυτέραν
2857 4928 3178 4999 ἀντε......
3269 4947 3339 5008 ὡς
3411 4947 3573 5022 κάμοὶ

1968 5008 2257 5082 πράγματα
2297 5014 2550 5086 παρέχειν
2579 5017 2666 5066 τόν
2713 5013 2932 5093 ἀδελφὸν
2971 5023 3020 5077 ἐν
3073 5027 3387 5109 ἀμφηρίστῳ
3431 5008 3573 5111 γένὸο

1969 5116 2116 5168 μενον
2141 5103 2230 5150 καὶ
2270 5103 2363 5158 τήν
2411 5106 2587 5176 κρίσιν
2619 5102 2997 5183 ἀνατιθέμενον.
3057 5117 3303 5186 Κάκεῖνος
3356 5102 3571 5205 δίπρὸ

2031 5189 2041 5202 .
2249 5187 2314 5205 -κ,
2359 5191 2382 5205 λ
2565 5195 2575 5205 ,
2830 5200 2845 5205 Α
2907 5201 2921 5205 -

1967 5189 2167 5240 πάντων
2239 5187 2444 5242 θέσθαι
2507 5195 2775 5265 φάσκοντα
2824 5200 2850 5253 ὃ
2897 5201 2958 5255 ἂν
3043 5207 3189 5280 ἡμεῖς
3241 5187 3570 5294 ἐγκρινοῡγλεν

1967 5281 2399 5350 καταγεύσαντες.

2028 5369 2126 5432 ’Ὡς
2154 5369 2337 5443 ψυχῆς
2399 5369 2718 5449 φιλαδέλφης
2764 5386 2854 5435 καὶ
2901 5392 3257 5458 πιστευούσης
3312 5395 3453 5470 ἐμοὶ,
3475 5445 3489 5460 ,
3512 5446 3524 5459 ,
3547 5445 3561 5460 ,

1963 5461 2135 5513 πάντα
2170 5466 2259 5513 καὶ
2289 5469 2381 5514 τοῦ
2434 5463 2685 5542 ἡμετέρου
2738 5471 2838 5524 ὅσα
2889 5479 2976 5529 καὶ
3029 5480 3167 5535 θείου
3225 5461 3572 5563 ἐξηρτημένης

1965 5549 2296 5624 βουλήματος
2326 5572 2339 5586 ⁸
2371 5554 2491 5606 ἔνθα
2513 5551 2581 5615 δή
2613 5562 2702 5612 καὶ
2751 5561 3074 5636 εύαγέστατα
3105 5549 3386 5650 διεδείχθη
3417 5549 3572 5648 ,ὅπως

1961 5641 2128 5746 τεμόν.
2150 5644 2337 5746 θρέμζ..
2360 5684 2374 5699 .
2397 5685 2410 5700 .
2441 5649 2539 5746 ικαὶ
2567 5653 2684 5746 περὶ
2714 5653 2772 5746 τὸ
2822 5664 3017 5746 χρῆμα
3044 5669 3135 5725 τῆς
3193 5641 3348 5742 ἀρέτῆ
3360 5691 3382 5733 ς
3432 5641 3565 5746 εἷχεξ

1963 5737 2066 5792 Καὶ
2104 5735 2173 5800 ὡς
2209 5730 2363 5791 οὐδὲν
2389 5734 2530 5812 αὐτῷ
2577 5735 2808 5814 ἐνόμιζεν
2855 5730 3239 5834 ἐρασμιώτερον
3276 5767 3379 5817 τῶν
3431 5730 3570 5822 πάν-
