4444 6452
859 415 992 471 1251

856 559 956 590 των
1003 531 1128 589 οὐδ.
1151 577 1165 589 .
1187 575 1198 587 .
1243 531 1302 584 οὐ
1332 551 1372 583 π
1399 529 1600 595 ολῦτον,
1657 522 1777 578 οὐδ’
1825 525 1978 584 ἄλλος
2019 542 2034 554 ·

859 625 1010 693 δόξα,
1031 629 1122 676 καὶ
1149 623 1293 674 ταῦτ’
1326 619 1374 672 ἓν
1404 619 1584 688 ἡλικίᾳ
1619 624 1719 667 τῶν
1762 616 2007 666 τοιούτων
2065 608 2316 677 ἂλωσίμῳ
2366 608 2460 655 καὶ

854 714 1106 787 ἁγωγίμῳ
1189 710 1508 784 περιθέρμων
1584 705 1783 778 ἐρώτων
1865 698 2321 772 φιλοκτημοσύνης
2408 711 2461 743 τε

858 808 946 855 καὶ
981 802 1234 872 εὐγενείας
1272 801 1362 849 καὶ
1399 795 1651 867 λαμπρῶν
1686 792 1963 863 σωμάτων.

927 893 1135 944 Πάντων
1193 889 1291 959 γὰρ
1350 893 1448 936 τῶν
1504 886 1894 954 μνηστευόντων
1947 881 2034 928 καὶ
2095 874 2460 942 κατεγγυωμέ-

855 1002 951 1032 νων
1004 977 1305 1050 ὀλϐιώτερος
1353 975 1530 1045 φερνὸς
1596 965 1856 1042 ὑπεριδὼν
1910 965 2102 1036 εὐγενεῖ
2142 966 2247 1050 ,καὶ
2308 977 2462 1050 μεγα-

854 1069 1062 1140 λόφρονι
1140 1049 1378 1134 λογισμῷ
1435 1062 1594 1131 μόνης
1645 1057 1849 1113 ἡττήθη
1918 1060 2007 1112 τῆς
2071 1049 2459 1140 καλοκαγαθίας

854 1133 960 1210 τῶν
994 1133 1249 1225 ἀοιδίμων
1291 1133 1737 1222 βελισσαριωτῶν,
1789 1143 1880 1203 οὓς
1940 1144 1968 1199 ἠ
2004 1140 2135 1196 αὐτὴ
2207 1133 2456 1209 δεατριϐὴ

854 1252 946 1298 καὶ
982 1246 1223 1296 κοινωνία
1269 1247 1368 1290 τῶν
1428 1237 1594 1288 αὐτῶν
1655 1230 1996 1285 διδασκάλων
2055 1233 2144 1279 καὶ
2211 1225 2460 1296 μαθημά-

855 1355 956 1387 των
1042 1333 1438 1400 συνῳκειώσατο
1511 1328 1601 1375 καὶ
1641 1322 1710 1382 εἰς
1793 1319 1965 1392 φίλους
2017 1316 2257 1389 ἑταίρους
2298 1312 2459 1384 ἐφήρ-

857 1441 1031 1495 μοσεν.
1103 1419 1338 1470 Ἐκείνων
1417 1416 1517 1484 γὰρ
1596 1408 1822 1481 ἀδελφὴν
1879 1412 1998 1495 περὶ
2056 1407 2219 1477 μητρὶ
2286 1401 2456 1470 ἀγαθῇ

855 1492 1165 1584 τρεφομένην
1239 1509 1328 1556 καὶ
1402 1501 1817 1572 θαλαμευομένην
1896 1494 2214 1584 ἐνύμφευσα,
2289 1492 2461 1584 ὅμοιᾳος

856 1573 1058 1671 ὁμοίοις
1109 1594 1418 1666 ὼακραθεὶς
1463 1589 1522 1642 οὐ
1584 1593 1738 1640 τόσον
1796 1586 1932 1636 κατὰ
1987 1577 2153 1640 κῆδος
2204 1581 2330 1631 ὅσον
2389 1573 2462 1628 δι’

857 1661 1158 1750 ὁμοήθειαν.
1187 1661 1389 1753 ’Ᾰμελει
1417 1698 1499 1731 τοι
1550 1680 1616 1738 ὡς
1658 1671 1871 1746 ἀδελφοὶ
1927 1673 2148 1742 ψυχαῖς,
2182 1671 2248 1726 ὡς
2305 1661 2464 1753 ἁδελ-

857 1781 942 1848 φοί
982 1779 1214 1846 σώμασι,
1247 1775 1517 1838 κατῴκουν
1546 1765 1631 1818 ἐπι
1670 1767 1727 1815 τὸ
1773 1762 1898 1813 αὐτὸ
1951 1762 2183 1832 όμέστιοι
2219 1760 2310 1806 καὶ
2363 1752 2464 1804 ἀπὸ

2348 371 2687 446 Annum

2091 518 2150 570 οὐ
2204 520 2347 588 γένος
2401 514 2463 566 οὐ
2494 521 2542 574 Α
2574 509 2633 565 δε
2662 509 2946 567 ἂδίκαστοι
2970 521 3060 570 καὶ
3117 537 3156 588 μ
3217 556 3231 571 .
3253 558 3265 571 .
3289 557 3301 569 .
3325 558 3339 572 .

4044 393 4181 449 {III

3401 518 3762 586 νομιμώνεροι,
3825 516 3891 566 τὰ
3937 515 3980 565 τ’
4030 512 4178 568 ἔνδον

2572 604 2637 653 τὰ
2670 620 2723 653 τε
2746 605 2938 677 θύραζε
2965 612 3075 664 τοῖς
3125 600 3381 674 ἀνδράσιν
3430 600 3723 662 ἓπίστευαν,
3773 606 4021 673 ταμιείων
4087 605 4177 670 μὲν

2571 696 2660 742 καὶ
2725 698 3012 764 χρυσώνων
3073 695 3230 764 θύρας
3295 697 3386 743 καὶ
3446 696 3703 742 κοιτὼνων
3762 689 4178 752 ἀναπετάσαντες

2571 783 2661 829 καὶ
2719 782 2785 831 τὰ
2853 781 3073 852 φίλτατα
3127 784 3192 840 ὡς
3241 780 3535 832 οἰκειότατα
3596 777 3989 851 ἐγχειρίσαντες
4044 802 4057 814 ο
4127 781 4176 833 ἐν

2572 868 2799 942 ὑπείθρῳ
2861 874 2950 921 καὶ
3009 873 3274 940 κοινοτέρᾳ
3315 866 3577 926 διοικήσει
3640 875 3737 927 τῆς
3786 868 3980 930 πόλεως
4030 870 4178 940 λόγο-

2574 955 2722 1016 θέτας
2790 999 2802 1011 .
2826 998 2874 1012 ..
2899 1000 2910 1011 .
2935 1000 2982 1012 ..
3006 1002 3019 1014 ,
3076 962 3296 1029 τρόφους
3352 976 3406 1009 τε
3467 961 3557 1007 καὶ
3637 956 3963 1030 πολιτάρχας
4044 977 4174 1030 προ-

2569 1045 2944 1118 χειριζόμενοι,
2997 1045 3081 1108 Ὠς
3133 1050 3233 1118 γὰρ
3285 1045 3553 1118 βασίλειόν
3626 1064 3742 1096 τινα
3798 1050 3994 1117 κόσμον
4083 1053 4178 1104 τὴν

2571 1130 2771 1184 ἐκείνων
2834 1133 3021 1208 ἀρετὴν
3084 1137 3440 1209 περιετίθεσαν
3526 1140 3588 1206 τῇ
3681 1132 3754 1205 βα
4075 1144 4176 1186 τῶν

2569 1221 2783 1288 πολεων,
2859 1229 2949 1274 καὶ
3019 1223 3208 1295 μᾶλλον
3253 1223 3416 1280 αὐτὴν
3477 1219 3550 1274 δι’
3623 1223 3791 1273 αὐτῶν
3862 1227 3892 1281 ἦ
3955 1222 4180 1285 ἓκείνους

2569 1308 2865 1380 ἐσεμενυνον
2932 1310 3224 1383 ἀξιώμασιν
3277 1313 3306 1370 ἦ
3389 1310 3765 1383 τάληθεστερον
3835 1314 3988 1382 φάναι
4075 1310 4183 1378 οἷον

2569 1417 2711 1459 τινας
2761 1419 3033 1457 κοι........
3137 1405 3221 1452 καὶ
3301 1419 3335 1452 σ
3574 1403 3820 1459 ρονιστὰς
3895 1409 3967 1459 τῶ
4061 1403 4184 1454 καθ’

3918 1488 4183 1541 πολιτείαν

3137 1405 3221 1452 καὶ
3301 1419 3335 1452 σ
3573 1403 3820 1474 ρονιστὰς
3895 1409 3967 1470 τῷ

2579 1485 2792 1548 ἑαυτοὺς
2857 1488 3202 1562 λαμπροτᾶτῳ
3282 1487 3384 1561 βίῳ
3467 1488 3537 1549 εἰς
3615 1491 3833 1560 ἓννομ...

2574 1575 2976 1650 ἐπιστρὲφοντας
3007 1599 3020 1612 ·
3050 1579 3206 1630 ὁποία
3243 1581 3328 1629 καὶ
3384 1578 3414 1635 ὴ
3475 1577 3778 1635 παλαιπάτη
3826 1577 3996 1649 Ῥώμη
4054 1583 4176 1639 τοὺς

2580 1668 2803 1736 τιμητὰς
2869 1667 2930 1724 ἧν
3184 1664 3556 1740 προύϐάλλετο,
3621 1669 3671 1717 οἱ
3739 1663 3798 1718 δε
3853 1673 3944 1726 τῆς
4020 1687 4182 1739 μεγαι-

2573 1753 2822 1816 λοπόλεως
2844 1758 3160 1827 ἐπισχηματ
3369 1757 3458 1826 μὲν
3518 1757 3597 1807 ἔτι
3662 1757 3922 1827 μενούσης
3976 1762 4067 1808 καὶ
4122 1759 4184 1808 τὸ

855 1842 947 1925 τῆς
998 1842 1158 1921 αὐτῆς
1213 1858 1478 1932 τραπέζης
1529 1857 1752 1927 όσμέραι
1819 1853 2135 1920 σιτούμενοι,
2189 1849 2460 1917 χαίροντες
2505 1877 2545 1930 Β
2575 1845 2761 1916 κράτος
2815 1844 3097 1915 αὐχούσης
3152 1845 3432 1914 πάγκοινον
3509 1842 3673 1913 ἀγαὸν
3740 1843 4016 1916 προύκειτο
4093 1850 4184 1897 καὶ

857 1961 965 2014 τοῖς
1029 1950 1221 2016 αὐτοῖς,
1309 1945 1724 2018 ἀπεχθανόμενοι
1789 1947 1898 2001 τοῖς
1962 1937 2161 1996 αὐτοῖς,
2231 1932 2468 1992 ἀπιόντες

861 2043 975 2115 οἶμα
1032 2040 1104 2100 εἰς
1161 2034 1526 2099 δικασπολεῑα,
1595 2032 1662 2091 εἰς
1711 2031 1839 2102 ἱερὰ,
1888 2027 1954 2087 εἰς
2006 2025 2342 2096 πανηγύρεις,
2396 2022 2468 2079 εἰς

857 2134 925 2184 τὰ
961 2128 1228 2203 βασίλεια,
1284 2123 1519 2176 κάκεῖθεν
1553 2116 1705 2179 αὖθις
1757 2117 2047 2175 ἕπανιόντες
2078 2112 2136 2165 οὐ
2193 2111 2312 2162 καθ’
2359 2110 2467 2176 ἕνα,

867 2201 975 2272 όιλλἰ
1007 2215 1291 2291 ὁμόστολον
1321 2217 1412 2265 καὶ
1464 2211 1550 2263 ὑπ’
1606 2207 1835 2265 ἀλλήλων
1895 2201 2330 2291 δορυφορούμενοι
2378 2202 2468 2249 καὶ
2548 2207 2552 2214 ’

856 2289 1228 2380 κοσμούμενοι,
1325 2297 1623 2379 σύνδεσμος
1700 2301 1999 2366 συγγενείας
2086 2289 2317 2352 ζηλωτός
2381 2292 2470 2338 καὶ

857 2397 1183 2471 μακαριστὸν
1242 2391 1587 2463 ἀγχίστευμα
1648 2387 1698 2438 ἐν
1755 2392 1865 2445 τοῖς
1920 2382 2160 2433 ἁπάντων
2220 2381 2468 2448 στόμασι,

860 2470 950 2541 καὶ
977 2481 1386 2557 παραδείγματα
1435 2479 1770 2550 σωφροσύνης
1828 2470 1862 2526 δ
1867 2491 2068 2544 ιαφανε.
2092 2513 2104 2526 .
2129 2512 2140 2524 .
2163 2512 2175 2524 .
2229 2470 2470 2540 προσκεί-

859 2597 1022 2650 μενοι.
1055 2554 1196 2626 -Βιου
1247 2574 1336 2643 μεν
1388 2567 1696 2639 ἁνυμεναίου
1744 2568 1834 2616 καὶ
1881 2562 2074 2631 ἄζυγος
2104 2560 2134 2616 ἡ
2193 2554 2474 2616 διαϐόητος

861 2646 960 2719 τῶν
1015 2659 1246 2732 ἀδελφῶν
1315 2658 1527 2730 ξυνωρίς
1574 2677 1586 2688 ·
1627 2657 1800 2725 γάμου
1863 2655 1954 2702 καὶ
2003 2653 2180 2719 τιμίου
2233 2646 2283 2697 ἐν
2338 2651 2475 2696 πᾶσι

861 2759 953 2808 καὶ
1008 2771 1168 2806 κο...
1229 2753 1484 2820 αμίαντου
1539 2747 1564 2796 ό
1621 2743 1822 2795 ἐκείνων
1883 2735 2172 2805 κηδεστὴς,
2243 2734 2364 2806 ἐμὸς
2421 2730 2474 2785 δ’

861 2840 1102 2914 ἁδελφός.
1126 2838 1303 2898 Οὕτως
1336 2835 1386 2897 ἐς
1435 2835 1593 2908 ἄκρον
1659 2830 1842 2903 μυελόν
1880 2828 2069 2899 ψυχῆς
2118 2827 2471 2893 συντακέντες,

861 2936 930 2993 ὡς
958 2934 1050 3003 ἔφη
1077 2947 1160 2988 τις
1187 2927 1258 2986 εἰς
1304 2924 1355 2978 ἓν
1409 2923 1559 2996 ἐκρα.
1584 2965 1595 2976 .
1620 2963 1633 2975 .
1695 2922 1989 2988 σύνταγμα,
2053 2918 2179 2988 Περὶ
2224 2919 2474 2964 τοσοῦτον

865 3021 1125 3096 ἀχριστον
1182 3020 1378 3087 πρόσον
1438 3012 1852 3085 βελισσαριῶται
1919 3008 2008 3078 μεν
2059 3005 2127 3063 ὡς
2199 3004 2265 3054 τὰ
2310 3000 2475 3053 πολλὰ

1040 3118 1137 3169 τῆς
1185 3102 1572 3178 μεγαλοπόλεως
1618 3102 1686 3151 τὰ
1729 3102 2030 3171 πρόσφορα.
2089 3136 2102 3149 .
2148 3090 2292 3165 εἶχον
2342 3090 2474 3154 ἁξώ-

865 3218 1020 3271 μασι,
1074 3194 1506 3248 διεπολιτεὺοντο.
1566 3189 1624 3241 Ὀ
1695 3184 1754 3239 δε
1823 3184 1941 3257 ἐμός
2000 3179 2218 3254 ἀδελφὸς
2267 3185 2357 3232 καὶ
2403 3180 2474 3240 εἰς

864 3267 1128 3359 έπαρχίας
1183 3288 1273 3336 καὶ
1323 3285 1417 3342 τὰς
1465 3279 1559 3341 ἔξω
1589 3277 1780 3341 πόλεις,
1823 3277 1887 3334 ὡς
1937 3275 2161 3347 ε’ίρηται,
2215 3269 2337 3342 παρ’
2377 3267 2472 3319 άλ-

861 3376 976 3430 λοτε
1025 3373 1139 3428 ἀλλ.
1164 3417 1176 3428 .
1200 3414 1248 3428 ..
1313 3374 1403 3422 καὶ
1463 3366 1720 3440 βασιλέων
1762 3361 2043 3415 ἐστέλλετο.
2085 3359 2305 3432 Δημόσι’
2340 3359 2474 3409 ἄττα

864 3463 1167 3518 ἐπιτελέσων
1244 3459 1684 3531 λειτουργήματα.
1759 3451 1817 3503 Ὀ
1888 3451 1990 3522 γάρ
2063 3468 2143 3501 τοι
2198 3446 2475 3519 φιλομετά-

865 3553 1014 3614 ϐολος
1097 3550 1220 3602 αἰὼν
1285 3545 1474 3619 βασιλ.
1498 3587 1510 3598 .
1533 3589 1545 3601 .
1569 3587 1581 3599 .
1605 3586 1618 3599 .
1640 3585 1653 3598 .
1677 3586 1689 3599 .
1777 3543 2046 3613 περιόντας
2129 3544 2219 3596 τῆς
2295 3534 2474 3608 ἀρχῆς

863 3641 1142 3715 παρέλυσε,
1229 3641 1320 3688 καὶ
1406 3635 1552 3708 παρὰ
1624 3639 1723 3683 τῶν
1790 3627 2016 3700 ἐχόντῶν
2099 3625 2338 3698 ἁρπάσας
2410 3625 2476 3675 τὰ

869 3712 1116 3803 σκηπτρα
1201 3724 1410 3797 ἑτέροις,
1487 3724 1578 3773 καὶ
1654 3718 1777 3790 παρ’
1879 3716 2049 3768 αὐτῶν
2131 3712 2474 3773 άλλοις.....

864 3800 1176 3891 ἐνεχείρισε,
1213 3813 1351 3885 Ἐμῷ
1398 3807 1606 3882 ἀδελφῷ
1655 3809 1722 3860 τὰ
1768 3813 1860 3866 τῆς
1916 3807 2076 3891 τιμ-ἧς
2104 3806 2226 3891 ⁸καὶ
2277 3800 2474 3891 οᾼίκειώ-

865 3885 1048 3967 σώξῆ
1087 3905 1314 3974 συνεχὴς
1362 3900 1491 3957 αὑτη
1545 3906 1644 3950 τῶν
1678 3894 1936 3969 βασιλέων
1992 3888 2234 3962 διαδοχή
2289 3885 2474 3947 διετη-

857 4015 1019 4072 ρησεν
1046 3989 1346 4063 ἀδιάδοχα,
1380 3988 1569 4062 μᾶλλον
1606 3983 1665 4039 δε
1697 3983 1814 4048 ίξῆς
1859 3981 1938 4036 ἀεὶ
1981 3985 2098 4042 τοὺς
2167 3982 2268 4054 πρὸ
2299 3978 2469 4031 αὐτῶν

860 4068 924 4159 1'35
980 4088 1100 4158 περὶ
1166 4081 1352 4134 ἐκεῖνον
1413 4078 1587 4149 εὐνοίᾳ
1637 4072 1968 4148 ὑπερϐάλλειν
2025 4071 2198 4145 ὥσπερ
2258 4068 2472 4140 φιλονει-

859 4181 1085 4240 κοῦντες,
1150 4174 1217 4224 τὰ
1300 4177 1390 4230 τῆς
1464 4163 1622 4228 δόξης
1688 4163 1956 4217 ἐπέτεινον.
2047 4163 2117 4212 T6
2183 4179 2313 4214 π....
2379 4165 2474 4219 τῆς

861 4263 1050 4338 ἀρετῆς
1126 4267 1218 4314 τοῦ
1295 4254 1482 4333 ἀνδρὸς
1559 4252 1978 4324 δυσωπούμενοι,
2056 4247 2223 4308 ἄλλως
2268 4266 2324 4299 τε
2381 4252 2472 4299 καὶ

860 4353 1044 4426 ὕφεσιν
1082 4359 1175 4411 τῆς
1220 4349 1410 4408 οἰκείας
1464 4345 1641 4417 ἀρχῆς
1688 4346 1780 4401 τὴν
1821 4342 2090 4414 ὑφαίρεσιν
2137 4344 2228 4398 τῆς
2277 4340 2469 4388 ἐκείνου

860 4450 1015 4515 τιμῆς
1040 4441 1234 4515 ἄριστα
1256 4454 1541 4513 κρινοντες.
1564 4431 1660 4487 Ἦ.
1683 4475 1696 4488 .
1713 4473 1726 4487 .
1761 4431 1810 4483 οἱ
1837 4428 2019 4481 πολλοὶ
2057 4434 2157 4479 τῶν
2204 4425 2472 4497 ἀγεύστων

863 4514 1024 4594 δόξης
1066 4514 1156 4582 καὶ
1212 4527 1560 4600 ἀφανεστέραν
1616 4524 1790 4594 τύχην
1850 4517 2122 4589 λαχόντων
2185 4520 2276 4567 καὶ
2326 4514 2472 4566 οὗτοι

859 4626 979 4696 περὶ
1017 4621 1111 4681 τὰς
1175 4620 1330 4690 θύρας
1394 4623 1494 4666 τῶν
1550 4610 1834 4686 βασιλείων
1894 4606 2191 4663 συνεθλί....
2242 4609 2332 4656 καὶ
2377 4610 2470 4655 τοῦ

859 4714 1049 4771 παντὸς
1101 4709 1348 4781 έτιμῶτον
1418 4708 1514 4763 τὴν
1583 4706 1702 4776 περὶ
1760 4708 1860 4752 τῶν
1921 4699 2252 4772 κρατούντων
2313 4698 2470 4767 τιμὴν

859 4801 890 4861 ἢ
922 4780 1208 4874 δημοσίοις
1263 4796 1539 4869 έπέτρεχον
1593 4793 2018 4862 ὑπουργήμασιν,
2068 4788 2220 4874 έρωτι
2267 4780 2468 4858 κερδῶν

858 4871 1107 4962 κάτοχοι.
1158 4886 1362 4943 Ἀλ.....
1418 4882 1582 4935 ἄλλων
1649 4877 1935 4951 φιλοκάλων
2007 4871 2212 4948 ἀνδρῶν
2276 4879 2470 4946 προσή-

858 4998 1010 5052 γοντο
1049 4976 1252 5051 μεγάλα
1287 4973 1650 5049 χαριζομένων
1702 4975 1813 5030 τοῖς
1870 4964 2152 5038 βασιλεῦσι
2199 4967 2290 5016 καὶ
2346 4983 2474 5035 μνη-

863 5051 1146 5123 στευόντων
1230 5069 1382 5136 σφίσι
1482 5060 1652 5131 πολλῷ
1753 5074 2044 5130 τιμιωτερ..
2079 5095 2091 5109 .
2174 5051 2473 5124 ψηφοθόγοι

860 5162 1080 5234 ἔμποροι
1118 5155 1437 5226 πολυτίμους
1497 5153 1831 5224 μαργαρίτας
1872 5150 1961 5198 καὶ
1996 5139 2471 5234 σμαράγδους-,καὶ

857 5229 1116 5320 λυχνίτας
1172 5247 1493 5317 κομίζοντες,
1554 5245 1642 5292 καὶ
1695 5237 1934 5299 ἠξιοῦντο
1981 5229 2267 5309 προεδρίας
2315 5230 2472 5294 ἀξιω-

860 5339 1034 5411 μάτων
1108 5355 1210 5392 κ...
1254 5334 1284 5392 ἡ
1341 5333 1465 5406 παρ’
1530 5329 1672 5400 αὐτῷ
1724 5326 2044 5399 κοσμεῖσθαι
2103 5320 2170 5373 ὧν
2231 5326 2322 5374 καὶ
2375 5325 2467 5380 τὴν

857 5409 1282 5500 ὑπερϐάλλουσαν
1363 5419 1518 5496 ἀρτην
1582 5421 1739 5492 πείρᾳ
1815 5414 2204 5486 καταμαθόντες
2254 5412 2304 5462 οἱ
2368 5409 2472 5482 βα-

858 5515 1043 5586 σιλεῖς,
1101 5533 1192 5566 και
1251 5518 1320 5574 ῶς
1367 5506 1567 5582 κερδῶν
1775 5508 1865 5557 καὶ
1937 5501 2057 5558 λ....
2111 5501 2471 5575 ὑπεροπτικώ-

858 5608 1001 5679 τεροί
1075 5603 1206 5657 εἰσιν
1294 5595 1623 5675 ’Δριοτιδου,
1699 5596 2108 5669 σωφρονέστεροι
2175 5587 2243 5679 δι,
2286 5589 2471 5644 Ἰππο-

857 5676 1038 5767 λύτου,
1109 5691 1509 5771 Βελλεροφόντου
1573 5706 1631 5743 τε
1688 5689 1781 5741 καὶ
1853 5681 2138 5758 Ἰωσήφον,
2214 5676 2471 5740 δικασταὶ

2575 1951 2912 1989 πανσι
2978 1952 3155 2007 φυρον,
3233 1935 3360 1984 εῖπω
3426 1931 3644 1984 συνελὼν
3723 1940 3776 1985 εῦ
3850 1936 3940 2005 μεν
4015 1937 4187 2006 πράσ-

2580 2039 2738 2072 σουσι
2763 2021 3039 2096 εὐημερίας
3085 2021 3339 2094 ἐρύματα.
3397 2028 3712 2093 Ναυαγοῦσι
3771 2018 3830 2074 δε
3877 2025 4009 2074 κατὰ
4065 2021 4186 2095 βίον

2577 2114 2773 2183 πυρσοί
2804 2114 2894 2162 καὶ
2931 2109 3128 2182 λιμένες
3161 2116 3432 2184 σωτήριοι,

2651 2197 2719 2249 Ὦ.
2773 2205 2885 2258 πῶς
2935 2195 3301 2271 ἐπιτροχάδην
3359 2198 3680 2260 τηλικαύτας
3725 2195 3928 2274 ἀνδρῶν
3995 2197 4184 2274 ἀρετὰς

2580 2289 2752 2358 ἔπειμι
2779 2292 2869 2338 καὶ
2903 2293 3133 2360 παρίημι
3168 2289 3235 2339 τὰ
3271 2287 3513 2357 πλεῖστα,
3567 2292 3626 2340 τὸ
3832 2294 4186 2362 συγχεόμενος

2578 2384 2652 2446 τῷ
2689 2378 2843 2429 πάθει
2899 2373 3299 2452 σφοδρυνομένῳ
3337 2377 3486 2430 πλέον
3543 2381 3573 2436 ἤ
3630 2376 4038 2451 κατεπᾳδομένῳ
4091 2385 4186 2432 καὶ

2580 2468 2926 2537 κοιμιζομένῳ
2958 2462 3030 2517 δι’
3061 2463 3398 2538 ἀναμνήσεως
3435 2468 3502 2517 ὧν
3543 2463 3688 2538 εἶχον
3742 2474 3999 2542 περιόντες
4055 2469 4187 2541 ἀγα-

2585 2556 2685 2606 θῶν
2741 2559 2830 2606 καὶ
2878 2551 2956 2614 οἷς
3023 2555 3351 2613 συναπῆλθον
3389 2554 3590 2629 ἐρήμην
3646 2556 4015 2620 καταλιπόντες
4088 2563 4185 2617 τὴν

2581 2642 2698 2694 καθ’
2730 2643 2869 2714 ἡμᾶς
2892 2644 3086 2714 γενεάν,
3120 2647 3179 2694 τὸ
3243 2639 3302 2695 δέ
3348 2663 3400 2695 τι
3447 2642 3756 2697 ἀντιάσαίτο
3803 2652 3894 2698 καὶ
3949 2646 4186 2718 πεφυλα-

2581 2751 2766 2803 γμενος
2793 2737 2863 2802 μη
2897 2734 2996 2783 πού
3026 2751 3107 2792 τις
3152 2736 3243 2783 καὶ
3288 2735 3376 2793 τός
3427 2731 3575 2803 λόγον
3635 2732 3917 2805 ἀγιάσαιτο
3973 2739 4038 2796 ὡς
4089 2745 4186 2797 τῆς

2583 2821 2874 2882 ὑποθέσεως
2931 2819 3208 2892 λαϐόμενον
3251 2826 3340 2873 καὶ
3397 2825 3574 2893 μεῖζον
3613 2830 3706 2875 τοῦ
3769 2823 3994 2876 θυλάκου
4051 2828 4190 2877 κατὰ

2581 2912 2675 2967 τὴν
2706 2913 2992 2983 παροιμίαν
3022 2915 3350 2968 πεποιηκότα
3375 2913 3623 2966 τούπι....
3645 2931 3815 2984 αμμα.

2655 2998 2795 3051 Ἐπεὶ
2823 2994 2876 3049 δ’
2905 3000 2933 3056 ἠ
3002 3002 3090 3050 νέα
3154 3003 3279 3050 Σιὼν
3330 3001 3467 3051 κατὰ
3517 3004 3612 3058 τὴν
3667 3001 3894 3053 παλαιὰν
3955 3001 4186 3073 ἐγκατα-

2582 3085 2963 3158 λειφθεῖσα.....
3010 3092 3100 3138 καὶ
3175 3086 3559 3161 ἕκπεπόρθηται
3619 3095 3710 3142 καὶ
3773 3098 3865 3142 τοῦ
3931 3090 3983 3143 ἐν

2583 3174 2931 3248 πληρώματος
2956 3178 3076 3228 ὅσον
3106 3176 3262 3229 λαθὸν
3325 3179 3354 3235 ἣ
3425 3177 3647 3248 ψιλωθεν
3711 3178 4049 3241 ἆξεπεπτώκει
4114 3182 4190 3242 εἰς

2581 3269 2676 3322 την
2725 3264 2773 3315 έν
2826 3267 3037 3336 Βιθυνίᾳ
3084 3271 3308 3318 Νίκαιαν
3366 3271 3715 3338 μετῳκίσατο,
3771 3267 4042 3322 κάνταῦθα
4093 3275 4188 3322 καὶ

2583 3350 2726 3405 οὗτοι
2758 3358 3228 3426 μεταναστεύουσιν
3276 3357 3325 3406 οἱ
3380 3357 3506 3426 χθὲς
3559 3359 3688 3428 μετὰ
3741 3362 4037 3430 χαιρόντων
4084 3368 4189 3411 τῶν

2582 3445 2773 3494 ἔαυτῶν
2829 3442 3050 3495 πολιτῶν
3125 3448 3420 3518 χαίροντες,
3502 3449 3732 3520 σήμερον
3817 3447 3926 3518 μετ’
4013 3448 4189 3500 αὐτῶν

2581 3532 2858 3584 κλαιόντων
2885 3538 3142 3594 κλαίοντες
3171 3535 3220 3584 οἱ
3245 3533 3416 3603 αὐτόι,
3468 3539 3557 3587 καὶ
3618 3538 3689 3596 ὡς
3744 3534 3793 3586 ἐν
3869 3533 4192 3610 εὐδαιμονίᾳ

2581 3627 2905 3694 κοσμήτορες
2964 3619 3092 3680 ἧσαι
3150 3631 3245 3684 τῆς
3305 3623 3519 3690 πόλεως,
3589 3626 3742 3686 οἶτως
3797 3623 3846 3676 ἐν
3916 3622 4192 3698 δυστυχεῖ

2579 3709 2801 3783 ἀποικία
2863 3711 3226 3787 περικλήτορες
3276 3732 3290 3746 ο
3341 3713 3417 3774 οἷς
3466 3732 3520 3765 τε
3571 3715 3674 3786 γὰρ
3723 3713 3890 3786 ἃλεγον
3941 3719 4034 3768 καὶ
4105 3716 4189 3776 οἷς

2581 3800 2867 3873 φιλοσόφως
2884 3804 3057 3875 ἔφερον
3097 3801 3247 3854 αὐτοὶ
3293 3807 3384 3854 καὶ
3440 3799 3862 3874 μεγαδοψύχως,
3915 3808 4010 3863 τὴν
4059 3808 4186 3857 παί-

2582 3887 2765 3942 δευσιν
2791 3890 2848 3942 οὐ
2869 3899 3066 3964 μικρῶς
3095 3889 3478 3963 ἐψυχαγώγουν
3525 3896 3615 3944 καὶ
3678 3896 3806 3965 πρὸς
3851 3896 3910 3946 τὸ
3966 3893 4191 3966 εὐθυμό-

2579 3998 2725 4055 τερον
2745 3985 2859 4040 τοὺς
2881 3976 3343 4053 όλιγοδρανοῦντας
3360 3980 3785 4056 μετερρύθμιζον.

2649 4068 2848 4143 ⁶Ωσπερ
2879 4070 2985 4142 ἄρα
3012 4074 3101 4121 καὶ
3123 4071 3172 4122 οἱ
3209 4075 3326 4144 περὶ
3388 4073 3474 4121 τὸν
3530 4069 3777 4131 Ἰεζεκιήλ
3822 4091 3876 4124 τε
3929 4077 4021 4123 καὶ
4087 4078 4189 4125 Δα-

2578 4159 2695 4217 νιὴλ
2753 4163 2875 4221 τοὺς
2921 4163 3232 4232 εκκαμόντας
3283 4157 3332 4210 έν
3377 4158 3642 4212 Βαϐυλῶνι
3696 4164 3788 4213 καὶ
3873 4160 4117 4232 λέγοντας
4173 4183 4187 4195 ·

2578 4251 2915 4323 Ξηρὰγέγονε
2943 4251 3009 4300 τὰ
3037 4248 3172 4301 ὀστᾶ
3190 4249 3335 4322 ἡμῶν
3371 4269 3384 4282 ο
3436 4247 3694 4302 ἀπόλωλεν
3746 4252 3776 4308 ἡ
3825 4249 3974 4311 ἐλπὶς
4034 4253 4189 4323 ὑμῶν

2580 4331 2801 4382 άνεκτῶν
2826 4349 2879 4382 τε
2937 4337 3052 4390 ταῖς
3102 4332 3493 4404 χρηστοτέραις
3545 4328 3840 4404 προϐάσεσι
3871 4351 3884 4363 ο
3943 4333 4041 4393 ἕως
4093 4335 4192 4403 μεν

2581 4419 2778 4481 ζῶντας
2806 4421 3024 4481 τούτους
3054 4417 3198 4490 εἶχον
3237 4423 3326 4471 καὶ
3382 4417 3827 4492 συλλυπουμενους
3877 4424 3968 4472 καὶ
4021 4440 4192 4495 παρα-

2581 4505 2862 4568 καλοῦντας
2900 4507 3141 4582 εύρισκον
3169 4505 3514 4581 εὐφορὼτερον
3571 4503 3718 4578 εἶχον
3763 4511 3854 4559 καὶ
3901 4506 3960 4558 οὐ
4014 4510 4189 4566 πάντη

2503 4592 2548 4648 D
2581 4594 2956 4650 ἐκπεπτωκέναι
3009 4601 3102 4657 τὴς
3161 4594 3500 4669 ἐνεγκαμένης
3565 4599 3742 4668 ᾤοντο,
3804 4596 3892 4658 Ὠς
3965 4598 4029 4648 οἶν
4122 4599 4197 4649 τὰ

2581 4686 2884 4740 καλλιστεία
2911 4694 3012 4739 τῶν
3054 4694 3146 4746 τῆς
3199 4684 3394 4747 πόλεως
3438 4684 3782 4758 ἀναθημάτων
3835 4684 3913 4738 ὃτι
3953 4685 4197 4758 αὐχοῦν-

2581 4796 2664 4837 τες
2711 4781 2800 4830 καὶ
2853 4779 2919 4829 τὰ
2986 4777 3264 4828 συνεκτικὰ
3328 4783 3421 4837 τῆς
3474 4774 3736 4836 πολιτείας
3794 4772 4056 4847 βεφάλαια
4087 4775 4196 4828 ὀὐ

2580 4872 2737 4940 κείχη
2767 4870 2868 4941 γὰρ
2909 4869 3000 4939 ἔφη
3059 4885 3138 4927 τις
3196 4865 3356 4939 ὀρθῶς
3421 4867 3551 4939 ἔργα
3614 4870 3881 4934 τεκτόνων,
3939 4867 4057 4918 οῦτε
4110 4865 4196 4917 οἰ-

2581 4961 2694 5009 κίαι
2718 4955 2976 5029 ὐψόφοροι
3004 4960 3095 5007 καὶ
3131 4958 3284 5008 στοαὶ
3320 4960 3411 5008 καὶ
3476 4954 3668 5031 ἀγοραὶ
3696 4959 3768 5028 μὴ
3839 4953 3994 5016 ὃντως
4042 4950 4198 5007 εἰδο-

2580 5054 2794 5100 ποιοῦσι
2814 5045 3001 5103 πολ....
3035 5044 3142 5097 ἀλλ’
3175 5041 3378 5117 ἀνδρῶν
3409 5044 3772 5117 καλοκαγαθία
3827 5049 3916 5096 καὶ
3969 5049 4198 5115 κοσμιόη

2579 5157 2676 5199 της
2721 5142 2811 5190 καὶ
2868 5134 3129 5189 θεοσέϐεια
3187 5135 3265 5196 οἷς
3322 5135 3348 5186 6
3399 5136 3569 5206 κομῶν
3630 5136 3728 5186 κάν
3791 5129 4199 5208 παρεπίδημος,

2578 5225 2673 5281 κᾶν
2740 5228 2836 5279 ὑπό
2887 5223 3017 5298 δρῦν
3076 5231 3320 5283 πηνοίτο
3381 5222 3593 5296 ξεναγὸς
3645 5228 3859 5295 γίνηται
3904 5228 4215 5297 κρείττονος

2581 5319 2784 5390 φύσεως
2808 5314 2999 5368 πολεων
3037 5314 3256 5368 ἀπασῶν
3313 5312 3607 5387 ἀξιώτερος,
3671 5315 3756 5366 ἶνα
3813 5317 3884 5385 μὴ
3936 5312 4068 5384 λέγω
4120 5316 4204 5376 ὡς

2580 5403 2695 5460 οὐδ’
2719 5407 2744 5457 ό
2770 5412 2867 5465 πᾶς
2894 5409 3086 5477 κόσμος
3116 5399 3240 5456 οὐδε
3279 5401 3539 5467 ἀντάξιος.
3796 5411 3800 5414 ’

2651 5495 2720 5550 ‘A
2749 5489 2816 5554 δὴ
2848 5493 3020 5549 πάντα
3056 5493 3122 5555 ὡς
3184 5488 3423 5554 εὐσεϐοὗς
3479 5492 3777 5549 συστατικὰ
3825 5489 4020 5554 πόλεως
4053 5486 4206 5547 ἐλιά-

2579 5607 2658 5641 νοι
2718 5590 2963 5663 παρόντες
3018 5583 3335 5658 ἀνεπλήρουν
3387 5590 3477 5638 καὶ
3523 5588 3677 5658 μόνον
3724 5582 4034 5656 βλεπόμενοι
4090 5588 4206 5643 καὶ

2579 5679 2673 5735 τοῦ
2700 5687 2794 5742 τῆς
2821 5676 3036 5740 πολιτας
3067 5716 3248 5743 .....,..
3290 5675 3589 5754 ἐμίμηοπιον
3654 5678 3937 5749 σχήματος
3983 5675 4054 5738 ὡς
4088 5675 4210 5756 ᾇ,-
