4444 6452
234 368 363 421 1253

1100 359 1474 419 MICHAELIS
1504 343 1886 412 ACOMINA'"
1915 344 2238 411 IONODIA
2262 359 2332 416 IN
2360 363 2699 423 FRATREM.

3408 378 3544 435 1254

235 490 400 560 ψυχοι
466 487 657 547 ἇκείνης
713 488 895 558 θεσμοὶ
949 491 1036 538 καὶ
1093 486 1197 538 οἷόν
1251 505 1331 544 τις
1418 476 1687 552 ἀκρόπολις
1737 479 1832 532 τῆς
1866 473 1905 524 Α
1941 476 2026 524 τὸν
2089 478 2275 532 Ἰακὼϐ
2355 485 2600 545 ἐπένθησε
2661 493 2955 551 θάπτουσα.
3017 498 3170 550 Οὕτω
3221 505 3321 576 γὰρ
3376 502 3435 553 ἆν
3485 504 3542 554 οὐ

242 576 819 635 Κωνσταντινουπόλεως
872 579 945 626 ἔτι
999 578 1263 645 σωζομένη
1321 572 1629 643 ἀπόρθητος.
1688 566 1832 617 Ἐπεὶ

241 664 293 718 δε
347 669 374 723 ἡ
429 671 802 737 .....υμασία
852 673 951 716 τῶν
1004 671 1120 736 περι
1171 670 1304 714 πᾶσι
1358 658 1833 731 σεμνολογουμένων

244 750 471 825 ἀδελφῶν
506 751 638 815 δυάς
666 754 761 814 εἰς.
785 797 795 807 .
822 796 833 808 .
858 797 868 807 .
918 752 965 803 ἐν
1007 752 1237 824 οὐρανοῖς
1277 748 1563 821 μετεκληθη
1604 745 1837 797 πολίτευ-

164 870 173 881 ι
241 863 310 914 μα
365 851 536 916 μικρῷ
587 849 857 915 πρότερον,
926 843 1039 893 εἶτα
1091 848 1179 892 καί
1214 844 1237 891 ό
1289 842 1574 893 ....,υσὶν
1630 834 1838 892 ἐκείνοις

241 935 651 1004 παρεζευγμένος
700 930 817 1003 ἐμὸς
887 926 1103 1001 ἀδελφός
1156 937 1227 997 τῷ
1290 926 1460 997 κύκλῳ
1526 933 1619 985 τῆς
1677 922 1840 982 αὐτῆς

242 1024 511 1093 γερουσίας
549 1022 961 1093 ἐγγεγραμμένος
1017 1017 1422 1091 συμπαρελήφθη
1479 1020 1567 1066 καὶ
1624 1016 1695 1073 εἰς
1752 1015 1840 1068 τήν

245 1110 451 1161 αἰωνίαν
490 1109 803 1181 μετετάξατο
865 1109 1173 1179 σύγκλητον,
1232 1114 1344 1158 τότε
1397 1102 1463 1163 δή
1534 1104 1755 1176 ᾔσθοντο
1795 1104 1843 1152 οὶ

245 1198 290 1251 ἓν
334 1204 497 1271 Νικίᾳ
551 1198 951 1271 μεγαλοπόλῖται
998 1206 1087 1258 τῆς
1141 1197 1329 1256 ἑαυτῆς
1376 1195 1677 1265 ἀπαγωγῆς,
1730 1196 1846 1243 τότε

249 1294 701 1362 συμφρονήσαντες
780 1287 1074 1357 ἐπέγνωσαν
1151 1286 1362 1346 ἑαυτούς
1444 1286 1669 1355 γυμνοὺς
1750 1284 1843 1337 τήν

249 1377 569 1435 καταστολήν
612 1386 705 1439 τῆς
758 1377 949 1429 ἑαυτῶν
992 1373 1148 1437 δόξης
1200 1373 1677 1445 ἀπαμφιασάμενοι,
1729 1373 1845 1421 τὸτε

252 1462 493 1537 φυγάδας
562 1471 649 1517 καὶ
718 1468 1044 1537 μετανάστας
1084 1463 1448 1523 ἀπολιτεύτους
1495 1480 1547 1513 τε
1590 1464 1680 1511 καὶ
1723 1458 1845 1518 ὅλως

249 1554 463 1614 ἀπόλιας
512 1556 726 1610 ....θεν
775 1558 864 1605 καὶ
921 1554 1354 1627 περιπαθέστερον
1404 1551 1730 1621 ὠλοφύραντο
1777 1550 1846 1608 ὡς

242 1650 527 1701 τηνικαῦτα
569 1646 828 1715 κατάκρας
886 1641 1167 1701 ἑαλωκυίας
1223 1649 1317 1702 τῆς
1380 1639 1576 1698 πόλεως
1637 1641 1726 1688 καὶ
1779 1636 1847 1687 τὰ

240 1731 629 1804 τιμαλφέστατα
684 1740 783 1783 τῶν
856 1730 1019 1792 αὑτῆς
1080 1732 1343 1781 ἀποθέτων
1393 1726 1847 1798 ....εσυλημένης

238 1827 326 1874 καὶ
375 1831 472 1873 τῶν
534 1820 854 1873 ὁλϐιωτάτων
915 1820 1362 1894 θησαυρισμάτων
1419 1817 1613 1869 τελείαν
1662 1835 1846 1868 πεπονο
1881 1831 1922 1885 Β

241 1913 387 1973 θυίας
465 1911 705 1977 λάπαξιν,
768 1919 858 1983 φεῦ
918 1909 928 1963 !
989 1910 1096 1971 οἷος
1152 1910 1525 1980 Χριστιανικός
1582 1906 1846 1967 πολιτείας

239 1998 529 2073 σύνδεσμος
594 2000 841 2075 ἔρρηκται
917 1998 1232 2054 .....λίκου
1294 1997 1485 2058 πόλεως
1561 1998 1846 2067 ίμάντωσις

236 2094 492 2157 πέπτωκε,
541 2090 627 2142 οἷα
658 2093 949 2160 συστοιγία
1007 2088 1212 2158 ἀγαθῶν
1273 2085 1674 2158 ἀνατέτραπται,
1740 2086 1844 2136 οἱον

238 2178 621 2250 καλοκαγαθίας
660 2181 885 2252 ἕντριτον
954 2180 1189 2248 σχοινίον
1244 2175 1484 2235 ἐπίτασις
1515 2178 1603 2246 μὲν
1640 2193 1843 2245 συμφο-

239 2276 338 2339 ρῶν
375 2267 468 2319 οὑκ
507 2266 686 2341 ἔρρηξε
738 2270 869 2318 κατά
912 2268 969 2317 τό
1006 2268 1160 2337 σοφόν
1221 2263 1550 2336 ἀπόφθεγμα,
1593 2264 1709 2314 οὔτε
1756 2281 1846 2314 πε-

239 2360 530 2429 ριστάσεων
592 2356 688 2429 βία
752 2354 1022 2425 διέσπακε,
1091 2357 1305 2415 θάνατος
1358 2351 1417 2406 δε
1463 2357 1555 2411 τήν
1609 2356 1844 2427 χρυσέαν

241 2457 340 2499 τῶν
400 2443 603 2520 ἀνδρῶν
654 2450 848 2498 τούτων

243 2534 492 2608 ἐκτέμνων
557 2533 833 2610 διέφθειρε,
893 2540 983 2587 καὶ
1036 2538 1125 2607 μεν
1180 2531 1248 2592 δή
1308 2539 1514 2609 πρώτου
1566 2533 1844 2604 οἰχομένου

242 2633 333 2678 τοῦ
364 2628 658 2699 πραοτάτου
706 2631 794 2678 καὶ
836 2624 1036 2696 ἀγαθοῦ
1092 2623 1309 2695 Μιχαὴλ
1360 2632 1451 2683 τῆς
1500 2622 1708 2674 εὑκόλου
1757 2626 1846 2673 καὶ

928 2448 1106 2519 σειρὰν
1174 2444 1401 2496 ἀναλύων
1460 2449 1547 2494 καὶ
1604 2444 1721 2494 καθ’
1761 2444 1847 2494 ἕνα

241 2714 611 2775 ἀπλουστάτης
640 2712 831 2774 ἐκείνης
868 2714 1056 2785 ψυχῆς
1086 2715 1206 2765 ὅσον
1263 2718 1353 2764 καὶ
1392 2714 1497 2764 οἷον
1542 2713 1571 2769 ἡ
1631 2710 1849 2763 ἀποικία

240 2812 330 2865 τῆς
370 2802 754 2876 μεγαλοπόλεως
790 2801 1036 2873 ἐκόψατο.
1074 2801 1509 2873 Ἐψυχαγωγεῖτο
1536 2796 1585 2851 δ’
1617 2802 1751 2871 ὅμως
1775 2801 1848 2851 ἔτι

238 2893 538 2945 πλουτοῦσα
574 2895 660 2945 τὸν
713 2887 1097 2963 πολυειδήμονα
1140 2891 1380 2948 Ἰωάννην
1442 2894 1530 2941 τόν
1579 2894 1837 2961 μέγαν...

242 2980 407 3054 βουλῇ
460 2987 549 3034 καὶ
602 2981 868 3033 εὑσυνέσει
925 2980 1071 3032 πόλιν
1140 2984 1229 3031 καὶ
1303 2978 1564 3038 πολιτείας
1625 2978 1848 3051 ἀρίστης

236 3070 483 3143 ἔμψυχόν
510 3070 739 3143 ἄγαλμα.

309 3160 391 3219 Ὠς
449 3156 508 3211 δὲ
574 3167 665 3211 καὶ
714 3163 919 3211 τουτονὶ
965 3160 1277 3230 προτεθέντα
1332 3153 1571 3229 τάδελφῷ
1628 3176 1847 3229 μεταμι-

239 3252 360 3321 κρόν
408 3252 703 3319 ....μίωτο
767 3252 858 3300 καὶ
914 3250 1332 3322 πρόσεπένθησεν
1405 3244 1487 3298 ἐπὶ
1552 3254 1625 3315 τῷ
1686 3245 1849 3316 λοιπῷ

237 3342 329 3387 καὶ
353 3341 511 3410 τρίτῳ
545 3355 880 3409 σεμνυνομεν.
904 3380 915 3391 .
940 3379 952 3390 .
990 3342 1199 3408 Νικήτᾳ
1249 3344 1320 3406 τῷ
1358 3338 1421 3387 τά
1452 3336 1650 3387 ἐκείνων
1681 3337 1851 3387 πάντα

238 3426 374 3478 καλά
429 3426 736 3478 συλλαϐόντι
825 3425 990 3496 ἑαυτῷ
1035 3424 1139 3498 ἐμῷ
1188 3422 1394 3497 ἀδελφῷ
1443 3428 1693 3499 μετέωρος
1734 3430 1852 3488 ταὶς

241 3516 548 3578 ὑπολοίποις
604 3515 805 3568 ἐλπίσιν
872 3514 1128 3570 ἐσάλευεν.
1189 3516 1328 3568 Ἐπεὶ
1392 3511 1451 3567 δὲ
1507 3520 1597 3567 καὶ
1648 3519 1851 3568 τουτονὶ

238 3605 605 3678 προσαπεϐαλε
659 3608 963 3677 τοῦσχατον
1018 3609 1391 3675 ναυαγήσασα,
1445 3613 1533 3655 νῦν
1590 3605 1677 3656 ὑπ’
1728 3603 1851 3676 ἀμέ-

239 3716 389 3770 τρου.
467 3696 822 3747 καταποθήσα
912 3694 1080 3756 λύπης
1156 3698 1479 3747 πεπόντωται
1571 3689 1854 3746 καταδῦσα

242 3785 547 3859 ὑπόϐρυχα.
581 3788 729 3855 Μέγα
794 3780 853 3836 δὲ
911 3783 1095 3844 Ἀσίας
1153 3783 1228 3836 ἐπ’
1292 3783 1429 3853 αύτῷ
1484 3779 1612 3857 ἦρτο
1671 3785 1852 3844 πένθος

248 3875 596 3945 ...ἐπήχησε
645 3871 704 3926 δε
777 3878 957 3949 γοερόν
1016 3873 1237 3947 Εὐρώπη
1305 3872 1741 3945 συνανοιμώξασα
1788 3876 1851 3934 ὡς

236 3970 334 4024 τήν
388 3969 563 4022 κοινήν
628 3964 822 4036 ζημίαν
884 3963 1118 4017 ἐπύθετο.
1183 3963 1242 4015 Εἰ
1291 3959 1345 4015 δ’
1403 3963 1652 4036 ἑκατέρων
1710 3966 1851 4021 ηπεί-

231 4075 336 4130 ρων
385 4097 396 4110 .
421 4098 434 4110 .
458 4054 544 4112 ,λη
577 4058 656 4116 τίς
687 4061 845 4128 μοῖρα
874 4054 1007 4105 ὅσων
1035 4054 1065 4112 ἣ
1121 4059 1302 4127 πεῖραν
1333 4060 1423 4112 τῆς
1483 4060 1581 4113 σῆς
1625 4052 1848 4105 καλοκα-

232 4146 425 4216 γαθίας
506 4146 725 4215 ἓγευσας
798 4145 827 4202 ή
915 4148 1060 4215 φήμη
1139 4145 1204 4194 τά
1267 4152 1374 4195 ῶτα
1430 4141 1851 4217 περιεϐόμϐησας

242 4277 292 4290 ..
319 4278 329 4289 .
356 4235 510 4289 .ωτόν
566 4235 654 4284 σὸν
725 4231 1053 4303 ὠλοφύραντο
1101 4232 1340 4297 θάνατον,
1395 4229 1433 4283 ὦ
1490 4232 1704 4303 φιλτάτη
1759 4238 1850 4284 καὶ

236 4325 477 4380 θειοτάτη
505 4321 686 4393 ψυχή,
737 4326 789 4373 τί
844 4323 964 4374 ποτ’
1020 4320 1081 4372 ἃν
1135 4323 1287 4393 ἡμεῖς
1334 4322 1392 4373 οὐ
1440 4323 1730 4394 πεισόμεθα
1756 4327 1849 4375 καὶ

236 4410 505 4486 δράσομεν
540 4410 960 4483 σχετλιάζοντες,
994 4413 1043 4463 οἰ
1087 4413 1218 4482 μετὰ
1265 4406 1625 4479 παντοδαπῆς,
1676 4413 1739 4471 ὡς
1784 4415 1851 4464 ε’ί-

234 4522 419 4574 πομεν,
475 4504 708 4573 σχέσεως
751 4508 811 4573 τῇ
882 4500 997 4552 καθ’
1049 4496 1181 4572 αἷμα
1236 4500 1492 4553 οἰκειώσει
1554 4504 1851 4574 πιεζόμενοι

235 4594 303 4652 ὡς
331 4593 571 4663 όμόγυιοι
601 4592 676 4642 ἔτι
704 4610 756 4642 τε
811 4594 1009 4663 μυρίων
1052 4595 1170 4664 περὶ
1230 4597 1324 4641 σοῦ
1375 4594 1612 4662 χαρίτων
1671 4590 1851 4647 ἀπολε-

235 4682 487 4742 λαυκότες
520 4680 591 4741 εἰς
620 4679 885 4752 πλήσμιον
924 4684 1014 4731 καὶ
1061 4683 1163 4752 πρό
1211 4697 1270 4751 γε
1316 4687 1377 4751 τῇ
1442 4687 1507 4752 σῇ
1566 4680 1720 4754 ἀρετῇ
1769 4704 1849 4755 φι-

235 4770 599 4843 λότιμούμενοι
628 4773 718 4820 καὶ
772 4772 908 4841 μέγα
963 4766 1045 4820 ἐπι
1089 4772 1175 4820 σοὶ
1232 4776 1531 4839 φρονοῦντες
1588 4775 1678 4822 καὶ
1729 4790 1849 4845 σεμ-

232 4858 518 4933 νυνῖμενοι,
557 4856 667 4911 εἶτα
717 4866 804 4910 νῦν
862 4858 1074 4920 ἑαυτοός
1122 4861 1306 4930 αἴφνης
1352 4854 1549 4922 ἰδόντες
1592 4868 1685 4913 τοῦ
1728 4866 1847 4936 περὶ

235 4957 337 5003 σοῦ
409 4948 723 5020 ψιλωθέντος
776 4946 1291 5023 ἀπολαμπρύσματος
1324 4952 1466 5018 γένος
1521 4947 1846 5022 πολυσχιδὲς

229 5045 326 5092 καὶ
350 5038 623 5109 πολλαχοῦ
644 5046 739 5100 τῆς
765 5038 948 5098 Ἀσίας
985 5042 1075 5090 καὶ
1131 5037 1249 5091 καθ’
1292 5037 1427 5094 Ἐλλ.
1449 5081 1462 5093 .
1487 5083 1498 5094 .
1546 5045 1845 5112 καχυμένον

228 5134 325 5181 καὶ
365 5129 437 5190 εἰς
474 5132 637 5201 ὄνομα
673 5126 911 5201 λαμπρὸν
951 5127 1218 5201 αἰρόμενον
1263 5124 1358 5181 διὰ
1415 5137 1510 5181 σοῦ
1557 5135 1647 5182 καὶ
1705 5129 1843 5193 ἐξευ-

225 5220 578 5292 γενιζόμενον,
629 5217 719 5280 οὑς
785 5215 893 5270 ἔδει
946 5223 1017 5290 μὴ
1080 5215 1401 5293 διεσπάρθαι
1451 5228 1539 5272 νῦν
1592 5225 1683 5273 καὶ
1728 5221 1841 5275 κατ’

227 5307 374 5362 οἷκον
410 5309 605 5361 πενθεῖν
640 5303 793 5380 ἰδίδᾳ
822 5308 1058 5376 ἕκαστος,
1121 5306 1229 5359 ἀλλ’
1281 5308 1352 5371 εἰς
1378 5313 1537 5361 ταυτό
1571 5311 1844 5371 συνεληλυ-

230 5402 387 5455 θότας
429 5403 519 5450 καὶ
556 5400 644 5450 τὸν
685 5400 774 5450 σὸν
804 5399 1150 5471 περιστάντας
1186 5395 1397 5470 τύμϐον,
1448 5400 1535 5452 ὑπ’
1597 5398 1711 5473 ἔμοι
1760 5420 1845 5456 κο-

230 5492 444 5561 ρυφαίῳ
497 5484 743 5559 δυστήνῳ
792 5492 881 5539 καὶ
934 5488 1130 5561 θρήνων
1188 5486 1843 5560 ἐξάρχοντιπολύκλαυτον

235 5576 455 5640 ξυναυλ.
478 5620 490 5633 .
514 5621 525 5633 .
575 5582 665 5630 καὶ
695 5577 962 5652 οἰκροτατ.
983 5620 993 5633 .
1019 5620 1032 5633 .
1081 5576 1415 5651 ἁρμόσασθοι
1444 5598 1534 5631 και
1571 5582 1708 5652 μέγα
1730 5584 1845 5635 πέν-

241 5670 329 5730 θος
376 5666 567 5743 ἆγεῖροι
615 5672 709 5723 καὶ
756 5667 862 5722 οἷον
914 5668 945 5727 ἡ
1000 5672 1120 5741 περὶ
1160 5670 1248 5722 τὸν
1300 5668 1496 5743 Ἰωσὴφ
1541 5670 1842 5749 παρεμϐολὴ

575 5582 665 5630 καὶ
695 5577 962 5652 οἰκροτατ.
983 5620 993 5633 .
1019 5620 1032 5633 .

1945 582 2109 659 πάντη
2190 580 2279 621 τοῦ
2333 576 2447 626 κατ’
2507 577 2654 639 ἀξίαν
2713 583 2912 652 θρηνεῖν
2971 584 3279 659 ἐνελίπομεν.
3332 598 3438 642 Νῦν
3491 587 3542 643 δ’

1945 650 2339 751 εσκεδασμένοι,
2377 669 2506 732 γυνή
2548 670 2638 737 μὲν
2679 670 2706 725 ἡ
2751 668 2872 731 ἀξία
2914 680 3008 723 σοῦ
3057 680 3145 727 καὶ
3185 673 3369 729 δικαία
3414 682 3546 751 μετά

1947 758 2041 791 σου
2086 744 2342 805 εξικέσθατ
2385 752 2450 811 εἰς
2506 762 2670 828 γῆρας
2717 761 2776 809 τό
2832 756 3081 832 ᾀδόμενον
3139 765 3445 838 κόρωνόϐιον
3493 768 3544 819 ἓν

1945 836 2109 901 γωνίᾳ
2133 852 2232 885 που
2290 834 2578 893 ἐνδαπέδου
2609 850 2741 917 μέση
2794 857 2982 922 χοροῦ,
3040 849 3243 904 παίδων
3283 852 3544 926 ἀφηλίκων

1948 923 2037 969 καὶ
2114 920 2314 979 ἀνήϐων
2373 931 2637 1001 καθημένη
2701 920 3013 1009 μελανείμων
3070 945 3162 998 τήν
3216 920 3403 1005 ἑαυτῆς
3454 948 3545 1016 μεν

1950 1014 2171 1107 χηρείαν
2222 1011 2425 1066 παίδων
2504 1014 2562 1071 δε
2634 1021 2878 1095 ὀρφανίαν
2958 1027 3173 1090 ἐλεεινῶς
3219 1030 3542 1107 ὀλοφύρεται.

1952 1102 2069 1195 Τῶν.
2103 1094 2161 1195 δὲ
2217 1111 2621 1195 προγενεστέρων
2662 1094 2874 1165 παίδων
2931 1116 3081 1178 ἄλλος
3139 1094 3542 1195 ἓῤῥων’ἀλλαχῆ

1953 1186 2069 1238 καθ’
2109 1187 2299 1283 ,ἑαυτὸν
2354 1193 2567 1265 οἰμώξει
2631 1205 2719 1252 καὶ
2762 1204 3041 1273 μοναυλίαν
3080 1186 3543 1283 κλαυθμυρίξεται.

1953 1281 2064 1326 Τῶν
2096 1273 2146 1328 δ’
2178 1278 2339 1340 ἄλλως
2359 1282 2713 1357 οἰκειουμένων
2744 1296 2833 1343 καὶ
2863 1292 2980 1345 καθ’
3024 1296 3154 1366 αἷμα
3196 1273 3254 1349 οἱ.¹
3392 1298 3550 1353 Ἀσία

1952 1366 2016 1414 τὰ
2088 1374 2182 1427 τῆς
2257 1368 2557 1441 τραγῳδίας
2644 1381 2773 1451 πρὸς
2833 1384 2949 1441 τοὺς
3002 1381 3050 1434 ἐν
3093 1382 3301 1438 Ἐλλάδι
3365 1358 3549 1441 διένειί-

1954 1471 2074 1523 μαν.

2030 1539 2274 1614 Ἀδελφὸς
2308 1542 2361 1598 δ’
2407 1547 2507 1619 ἕγώ
2545 1550 2887 1626 πολυτλήμων
2939 1564 3028 1611 καὶ
3070 1560 3389 1634 πολύθρηνος
3421 1566 3551 1635 χθες

1956 1633 2044 1721 μὲν
2095 1637 2185 1684 καὶ
2228 1641 2407 1706 πρώην
2461 1638 2617 1692 ἄλλου
2674 1646 2891 1706 πένθους
2954 1633 3245 1721 ἐποιούμην
3282 1633 3552 1717 ὑποθέσεις

1956 1716 2038 1770 ἐπί
2069 1738 2122 1772 τε
2146 1730 2343 1785 κοιναῖς
2395 1732 2484 1778 καὶ
2536 1724 2695 1790 ἰδίαις
2744 1730 2948 1804 ἐμαυτῷ
2994 1746 3282 1812 συμφοραῖς
3315 1744 3406 1792 καὶ
3444 1743 3551 1813 μά-

1954 1805 2109 1859 λιστα
2139 1810 2211 1870 οἷς
2270 1810 2580 1868 ὀλϐιώτατον
2628 1825 2716 1871 καὶ
2765 1820 3176 1894 ὀνομαστότατον
3217 1829 3381 1898 (ναόν,
3439 1836 3550 1901 καὶ,

1956 1897 2072 1966 ἄγιε
2094 1893 2341 1954 δέσποτα.
2369 1904 2433 1963 ώς
2458 1906 2749 1977 τρισόλϐιον
2770 1893 2923 1963 τοῦτο
2970 1917 3026 1965 τό
3081 1923 3171 1976 τῆς
3219 1893 3553 1991 Θεομήταρος

1955 1991 2159 2057 τέμενός
2182 1995 2267 2041 καὶ
2304 1994 2536 2046 τοιούτου
2576 2001 2875 2071 προστάτου
2930 1998 3001 2054 δι’
3056 2004 3241 2066 αἰῶνος
3291 2003 3550 2080 δεόμενον)

1958 2076 2089 2149 ἱερόν
2156 2076 2414 2151 Ἀθήνησι
2474 2088 2763 2148 πιστευθεὶς
2815 2095 2903 2142 καὶ
2966 2100 3057 2144 τοῦ
3101 2092 3149 2145 ἐν
3208 2096 3349 2167 αὑτῷ
3400 2104 3552 2171 προῖ-

1957 2166 2201 2235 στάμενος
2264 2170 2646 2246 θυσιαστηρίου
2712 2188 3063 2250 πνευματικοῦ
3141 2187 3231 2235 καὶ
3304 2183 3553 2243 πλείστην

1955 2254 2035 2303 ὅτι
2124 2261 2212 2307 καὶ
2281 2257 2529 2319 πολυειδῆ
2614 2273 3041 2339 προσισχομένου
3118 2267 3372 2335 διηνεκῶς
3413 2274 3553 2325 θείαν

1955 2346 2205 2433 ενέργειαν
2261 2342 2421 2418 εἶδον,
2455 2353 2504 2402 οἵ
2541 2372 2650 2424 μοι,
2688 2357 2739 2406 οἶ
2780 2376 2869 2426 μοι
2929 2358 2940 2412 Ι
3002 2360 3419 2433 ἱεροσυλούμενον
3462 2368 3554 2416 καὶ

1957 2437 2432 2507 αποκοσμούμενον.
2492 2440 2619 2513 Ἐμὲ
2705 2440 2764 2495 δὲ
2817 2450 2904 2497 τόν
2963 2447 3128 2500 ἐκεῖσε
3180 2456 3554 2522 πεφυτευμένον

1955 2522 2020 2616 τὰ
2060 2533 2242 2596 πρῶτα
2270 2530 2399 2599 πρὸς
2450 2525 2688 2583 δεκάδων
2745 2532 2865 2586 ἐτῶν
2922 2546 3077 2609 τριῶν
3133 2544 3218 2591 καὶ
3258 2541 3556 2616 ὑπερέκεινα

1956 2608 2013 2660 ἐκ
2050 2619 2142 2672 τῆς
2187 2613 2348 2677 αύλῆς
2396 2623 2588 2689 Κυρίου
2653 2608 3025 2696 ἀποσπώμενον
3073 2630 3140 2689 ὡς
3194 2608 3404 2682 αὑαλέόν
3443 2627 3552 2688 ἤδη

1955 2704 2044 2788 καὶ
2103 2702 2285 2772 ἄγονον
2334 2710 2527 2768 παντός
2573 2707 2772 2780 ἀγαθοῦ
2828 2711 3147 2788 γεράνδρυον
3198 2724 3288 2778 τῆς
3320 2719 3557 2780 ίταλικῆς

1958 2786 2133 2881 ἀέλλης
2215 2791 2561 2871 σφοδρότερον
2635 2786 3149 2871 ἐμπνευσάσης-ιιόι
3196 2811 3283 2858 καὶ
3347 2815 3434 2859 νῦν
3466 2808 3557 2881 μὲν

1958 2877 2026 2939 εἰς
2057 2880 2429 2956 πολυῤῥοθίόυς
2462 2884 2626 2949 ἀκτὰς
2668 2890 2697 2947 ἢ
2754 2891 3056 2966 περίρρυτον
3121 2895 3366 2948 σκόπελον
3413 2877 3561 2949 ἐλαυ-

1956 2971 2183 3039 νόμενον,
2215 2978 2301 3021 νῦν
2344 2969 2394 3024 δ’
2443 2972 2527 3026 ἐπὶ
2578 2979 2824 3049 φάραγγα
2879 2982 3130 3057 ὑπώρειον
3169 2988 3269 3057 πρὸ
3321 2994 3414 3038 τοῦ
3451 3006 3561 3039 κοι-

1956 3065 2045 3107 νοῦ
2074 3056 2337 3123 κλύδωνος
2366 3061 2776 3138 ἐξεϐρασσόμην.
2832 3067 2996 3121 Ἔνθα
3046 3056 3351 3147 παρέριμμα
3394 3095 3558 3147 μετα-

1955 3147 2150 3198 νάστου
2208 3148 2519 3226 ἀπόκληρος,
2578 3153 2834 3228 ἀνέορτος,
2881 3158 3084 3227 ἄπολις,
3157 3160 3449 3234 ἀγροιώτης
3491 3168 3560 3226 ὡς

1959 3233 2179 3307 ἐρημική
2213 3258 2292 3301 τις
2323 3239 2580 3313 ὁλολυγὼν
2620 3243 2924 3299 ἐπίκλαυτον
2973 3250 3088 3301 κατ’
3146 3256 3366 3323 εμαυτὸν
3415 3251 3561 3325 ᾄδων

1958 3322 2099 3396 τάμά
2124 3330 2214 3378 καὶ
2246 3332 2392 3381 κοινά
2420 3334 2575 3389 κακά.
2620 3336 2725 3388 Νῦν
2778 3332 2812 3387 δ
2819 3336 2829 3351 ’
2887 3335 3014 3389 ἀλλά
3064 3322 3177 3391 τῶν
3202 3322 3450 3395 τοιούτων
3491 3346 3561 3406 ὡς

1960 3413 2131 3466 οὑκέτι
2152 3417 2395 3470 κλαυτέον
2425 3442 2515 3493 μοι
2544 3428 2696 3495 μόνον
2728 3424 2820 3477 οὑκ
2856 3425 3221 3502 ἐπιλέλησμαι.

2038 3509 2096 3561 Ὀ
2155 3506 2214 3562 δὲ
2279 3518 2368 3571 τῆς
2419 3511 2669 3583 φιλτάτης
2724 3516 2948 3587 κεφαλῆς
2995 3519 3210 3580 θάνατος
3256 3521 3442 3584 ἐκεῖνος
3478 3543 3564 3577 τε-

1959 3600 2188 3660 λεκταίος
2236 3597 2611 3664 ἐπιπεπδωκώς
2663 3605 2731 3666 ὡς
2785 3607 2815 3663 ἡ
2877 3602 3070 3666 δεκάτη
3121 3617 3220 3661 τῶν
3259 3611 3563 3683 Αἰγυπτίων

1960 3690 2184 3761 πληγήή
2237 3698 2336 3740 τῶν
2378 3696 2716 3764 πρωτοτόκων
2775 3695 2977 3768 ὄλεθρος
3030 3698 3201 3749 πάντα
3250 3702 3443 3752 κοπετά
3493 3700 3565 3763 εἰς

1962 3778 2162 3841 ἑαυτὸν,
2225 3779 2583 3851 ἐφειλκύσατο,
2670 3789 2844 3835 πᾶσαν
2918 3785 3173 3857 οἰμωγήν,
3232 3793 3332 3840 πᾶν
3384 3794 3565 3863 γοερόν

1962 3868 2134 3942 μέλος,
2163 3867 2276 3920 ὅλον
2304 3874 2392 3921 καὶ
2443 3872 2652 3942 σύμπαν
2711 3867 2960 3946 δάκρυον.
3017 3873 3191 3928 Ἐοικε
3242 3879 3343 3952 γὰρ
3399 3877 3567 3933 ἐκεῖνα

1960 3963 2050 4033 μεν
2079 3957 2400 4033 προϐαλέσαι
2438 3980 2529 4031 μοι
2560 3962 2586 4012 ό
2643 3958 2901 4015 ὁδοποιῶν
2957 3964 3132 4040 τρίϐον
3163 3975 3225 4041 τῇ
3287 3966 3416 4043 ὀργῇ
3475 3969 3569 4021 αύ-

1960 4056 2051 4100 τοῦ
2109 4049 2213 4101 οἷόν
2287 4068 2405 4102 τινα
2456 4048 2779 4126 κολαστέρων
2852 4058 3220 4127 περιστατικόν
3272 4058 3564 4128 γυμνάσια,

1959 4142 2203 4211 μέγιστόν
2233 4134 2291 4191 δε
2331 4137 2508 4210 ἀγῶνα
2563 4147 2741 4192 τοῦτον
2790 4138 3157 4214 ἐπενηνοχέναι
3209 4149 3300 4197 καὶ
3342 4145 3566 4198 ὕστατον

1959 4234 2048 4280 καὶ
2070 4228 2128 4280 οὑ
2160 4232 2218 4280 τό
2248 4231 2495 4302 παράπαν
2528 4225 2821 4284 ἀκίνδυνον.
2852 4238 2918 4284 Τ.
2942 4275 2953 4287 .
2977 4272 2989 4285 .
3012 4274 3025 4287 .
3090 4231 3257 4285 ἐκεῖνα
3318 4232 3568 4307 ἀμυχαῖα

1958 4323 2048 4370 καὶ
2079 4318 2137 4370 ού
2162 4320 2298 4370 πάνυ
2331 4313 2365 4369 δ
2369 4317 2642 4370 υσούλωτά
2668 4338 2759 4391 μοι
2785 4321 2849 4371 τὰ
2902 4319 3190 4394 πλήγματα
3217 4331 3309 4375 τοῦ
3364 4321 3447 4380 δε.
3470 4368 3483 4380 .
3508 4369 3519 4381 .
3542 4366 3557 4381 .

1958 4413 2045 4460 καὶ
2085 4414 2176 4459 τοῦ
2210 4406 2405 4480 βάθους
2434 4415 2526 4469 τῆς
2570 4407 2755 4480 ψυχῆς
2780 4411 3162 4483 καθικνούμενα
3190 4414 3219 4471 ή
3278 4415 3426 4486 τάχα

1958 4502 2270 4571 πειρατέρων
2319 4496 2470 4555 ἀνέϐη
2512 4517 2676 4553 κα...
2728 4500 2916 4571 θεόμην
2975 4498 3440 4575 ἐπισημαινόμενον
3480 4503 3543 4577 ἐμ

1958 4591 2199 4663 πρησμόν
2257 4592 2347 4639 καὶ
2419 4596 2519 4639 τῶν
2592 4585 2837 4660 ὀμμάτων
2894 4589 3304 4663 προκαλούμενος
3357 4588 3569 4666 δάκρυα

1958 4683 2048 4731 καὶ
2104 4685 2206 4751 πῦρ
2262 4677 2563 4749 κατέφλεγεν
2620 4676 2698 4731 ἐπ’
2748 4677 2922 4750 ἐκείνῳ
2973 4680 3214 4752 θλίψεων,
3272 4690 3361 4734 νῦν
3412 4679 3471 4737 δε
3500 4686 3568 4738 τὰ

1958 4771 2222 4821 καυστικά
2269 4772 2359 4820 καὶ
2407 4758 2735 4842 μονιμώτερα
2789 4771 2933 4843 πυρά
2982 4774 3075 4833 τὴς
3122 4771 3381 4834 κολάσεῶς
3435 4772 3566 4833 ἁνή-

1958 4860 2163 4931 φθησαν
2204 4859 2455 4932 ἄνθρακες
2485 4860 2545 4909 οῦ
2600 4862 2725 4910 ποτέ
2780 4877 2870 4931 μοι
2916 4855 3057 4911 δοκῶ
3087 4860 3501 4935 σϐεσθησόμενοι
3530 4864 3561 4924 ἣ

1956 4957 2074 5004 τοῦ,
2098 4994 2109 5005 ,
2134 4993 2145 5006 ,
2170 4991 2181 5003 .
2231 4943 2510 5020 ἐγκάρδιον
2548 4948 2680 5019 αἷμα
2720 4952 3063 5020 παυσόμενοι,
3096 4952 3232 5004 ὥστε
3256 4970 3320 5025 με
3346 4951 3474 5006 αὑτὸ
3505 4957 3565 5007 τὸ

1957 5034 2185 5113 δάκρυον
2222 5035 2452 5089 ἐπέλιπεν
2492 5037 2592 5088 εἴτε
2638 5040 2756 5110 περὶ
2812 5040 2870 5088 τό
2926 5035 3253 5098 ἀναλωθῆναι
3307 5046 3392 5093 τοῖ
3439 5044 3567 5114 φθά-

1958 5146 2084 5180 σασι
2111 5133 2293 5187 κακοῖς
2345 5128 2404 5178 τὸ
2461 5126 2511 5177 ἑν
2563 5132 2626 5197 τῇ
2686 5130 2878 5199 κεφαλῇ
2936 5146 3036 5200 μου
3091 5125 3236 5204 ὕδωρ
3290 5129 3562 5207 ὑπεκρυεν.

1956 5221 2054 5271 εἴτε
2100 5222 2220 5290 περὶ
2294 5220 2382 5269 τὸν
2438 5224 2525 5268 νῦν
2579 5216 2769 5289 μᾶλλον
2821 5218 3141 5290 πεπληγέναι
3190 5224 3316 5275 ὡσεὶ
3371 5228 3565 5297 χόρτον

1953 5313 2036 5361 καὶ
2077 5308 2255 5368 τελέως
2321 5306 2607 5365 αὑανθῆναι
2668 5311 2763 5365 τὴν
2822 5306 3290 5370 πολυπαθεστάτην
3337 5309 3566 5388 καρδίαν

1954 5418 2075 5474 μου,
2112 5395 2382 5451 κάντεῦθεν
2433 5401 2564 5470 μήτε
2608 5390 2851 5471 δακρύων
2907 5394 3133 5463 λιϐαδας
3186 5404 3445 5476 πενθίμων
3472 5403 3565 5456 λό-

1953 5512 2058 5563 γων
2087 5492 2302 5565 κρουνὸν
2333 5486 2385 5550 ἐξ
2424 5486 2581 5548 αὐτῆς
2639 5484 2995 5541 ἀναδίδοσθαι
3044 5488 3167 5543 ὅσον
3216 5491 3352 5546 ἔθελε
3380 5496 3440 5547 τὸ
3469 5502 3565 5547 τοῦ

1953 5581 2154 5642 πάθους
2190 5579 2402 5652 μέγεθος
2456 5581 2547 5630 καὶ
2592 5576 2719 5651 παρ’
2762 5576 2823 5630 οὗ
2875 5580 2934 5631 τὸ
2992 5579 3419 5656 ἓγκυλονούμενον
3465 5583 3566 5637 ἄλ-

1954 5690 2047 5745 γος
2068 5676 2133 5744 τῆ
2178 5668 2335 5743 ψυχῇ
2370 5667 2730 5743 Mm”
2764 5666 3010 5745 ῥτάηράν
3052 5690 3180 5729 ποτε
3238 5672 3421 5745 γίνοιτ’
3476 5673 3563 5736 ἄν.
