  <div class='ocr_page' id='page_1' title='image "/cluster/home/n/w/nwhite01/storage/ocr_20150623/140/nnc1.0046979905/643.png"; bbox 0 0 4444 6452; ppageno 0'>
   <div class='ocr_carea' id='block_1_1' title="bbox 865 399 1008 468">
    <p class='ocr_par' dir='ltr' id='par_1_1' title="bbox 865 399 1008 468">
     <span class='ocr_line' id='line_1_1' title="bbox 865 399 1008 468; baseline 0 0"><span class='ocrx_word' id='word_1_1' title='bbox 865 399 1008 468; x_wconf 73' lang='grc'>1255</span> 
     </span>
    </p>
   </div>
   <div class='ocr_carea' id='block_1_2' title="bbox 2349 393 2710 455">
    <p class='ocr_par' dir='ltr' id='par_1_2' title="bbox 2349 393 2710 455">
     <span class='ocr_line' id='line_1_2' title="bbox 2349 393 2710 455; baseline 0.008 -3"><span class='ocrx_word' id='word_1_2' title='bbox 2349 393 2710 455; x_wconf 73' lang='grc' dir='ltr'>ΑΒΒΕΝΒΑ.</span> 
     </span>
    </p>
   </div>
   <div class='ocr_carea' id='block_1_3' title="bbox 4080 411 4214 468">
    <p class='ocr_par' dir='ltr' id='par_1_3' title="bbox 4080 411 4214 468">
     <span class='ocr_line' id='line_1_3' title="bbox 4080 411 4214 468; baseline 0 -2"><span class='ocrx_word' id='word_1_3' title='bbox 4080 411 4214 468; x_wconf 72' lang='grc'>1258</span> 
     </span>
    </p>
   </div>
   <div class='ocr_carea' id='block_1_4' title="bbox 881 515 4190 607">
    <p class='ocr_par' dir='ltr' id='par_1_4' title="bbox 881 515 4190 607">
     <span class='ocr_line' id='line_1_4' title="bbox 881 515 4190 607; baseline -0.006 -2"><span class='ocrx_word' id='word_1_4' title='bbox 881 535 1093 604; x_wconf 75' lang='grc' dir='ltr'>Δνάγκη</span> <span class='ocrx_word' id='word_1_5' title='bbox 1131 532 1299 584; x_wconf 67' lang='grc' dir='ltr'>τοίνῦν</span> <span class='ocrx_word' id='word_1_6' title='bbox 1369 526 1636 598; x_wconf 48' lang='lat' dir='ltr'>adium“</span> <span class='ocrx_word' id='word_1_7' title='bbox 1685 525 1969 600; x_wconf 70' lang='grc' dir='ltr'>ὀφθαλμοῖς</span> <span class='ocrx_word' id='word_1_8' title='bbox 2014 528 2103 578; x_wconf 68' lang='grc' dir='ltr'><strong>καὶ</strong></span> <span class='ocrx_word' id='word_1_9' title='bbox 2184 518 2563 591; x_wconf 71' lang='grc' dir='ltr'>στεναγμοῖςΑ</span> <span class='ocrx_word' id='word_1_10' title='bbox 2599 515 2931 597; x_wconf 69' lang='grc' dir='ltr'>ἀξυμϐλήτου</span> <span class='ocrx_word' id='word_1_11' title='bbox 2999 540 3109 597; x_wconf 87' lang='grc' dir='ltr'>τοῖς</span> <span class='ocrx_word' id='word_1_12' title='bbox 3174 533 3418 595; x_wconf 72' lang='grc' dir='ltr'>παλαιοῖς</span> <span class='ocrx_word' id='word_1_13' title='bbox 3472 531 3872 605; x_wconf 85' lang='grc' dir='ltr'>ἀριστεύματος.</span> <span class='ocrx_word' id='word_1_14' title='bbox 3903 531 4190 607; x_wconf 82' lang='grc' dir='ltr'>Ἐρρύσατό</span> 
     </span>
    </p>
   </div>
   <div class='ocr_carea' id='block_1_5' title="bbox 869 621 1385 692">
    <p class='ocr_par' dir='ltr' id='par_1_5' title="bbox 869 621 1385 692">
     <span class='ocr_line' id='line_1_5' title="bbox 869 621 1385 692; baseline -0.008 -17"><span class='ocrx_word' id='word_1_15' title='bbox 869 622 1146 683; x_wconf 78' lang='grc' dir='ltr'>ἀλαλήτοις</span> <span class='ocrx_word' id='word_1_16' title='bbox 1218 621 1385 692; x_wconf 82' lang='grc' dir='ltr'>ἄχθος</span> 
     </span>
    </p>
   </div>
   <div class='ocr_carea' id='block_1_6' title="bbox 874 797 1447 864">
    <p class='ocr_par' dir='ltr' id='par_1_6' title="bbox 874 797 1447 864">
     <span class='ocr_line' id='line_1_6' title="bbox 874 797 1447 864; baseline -0.003 -9"><span class='ocrx_word' id='word_1_17' title='bbox 874 801 1128 864; x_wconf 78' lang='grc' dir='ltr'>εξανύσας</span> <span class='ocrx_word' id='word_1_18' title='bbox 1173 797 1376 854; x_wconf 89' lang='grc' dir='ltr'>ύπόλει.</span> <span class='ocrx_word' id='word_1_19' title='bbox 1397 838 1411 852; x_wconf 91' lang='grc'><strong>.</strong></span> <span class='ocrx_word' id='word_1_20' title='bbox 1433 838 1447 853; x_wconf 93' lang='lat'><strong>.</strong></span> 
     </span>
    </p>
   </div>
   <div class='ocr_carea' id='block_1_7' title="bbox 868 879 2483 963">
    <p class='ocr_par' dir='ltr' id='par_1_7' title="bbox 868 879 2483 963">
     <span class='ocr_line' id='line_1_7' title="bbox 868 879 2483 963; baseline -0.007 -22"><span class='ocrx_word' id='word_1_21' title='bbox 868 890 1001 963; x_wconf 89' lang='grc' dir='ltr'>θρων</span> <span class='ocrx_word' id='word_1_22' title='bbox 1065 897 1163 960; x_wconf 88' lang='grc' dir='ltr'>γῆς</span> <span class='ocrx_word' id='word_1_23' title='bbox 1202 888 1231 946; x_wconf 83' lang='grc' dir='ltr'>ή</span> <span class='ocrx_word' id='word_1_24' title='bbox 1293 885 1495 940; x_wconf 89' lang='grc' dir='ltr'>κόλπων</span> <span class='ocrx_word' id='word_1_25' title='bbox 1558 884 1829 946; x_wconf 77' lang='grc' dir='ltr'>θαλάσσης</span> <span class='ocrx_word' id='word_1_26' title='bbox 1865 885 2029 959; x_wconf 81' lang='grc' dir='ltr'>ριφεὶς</span> <span class='ocrx_word' id='word_1_27' title='bbox 2088 885 2178 933; x_wconf 88' lang='grc' dir='ltr'>καὶ</span> <span class='ocrx_word' id='word_1_28' title='bbox 2227 879 2483 953; x_wconf 86' lang='grc' dir='ltr'>προτεθή-</span> 
     </span>
    </p>
   </div>
   <div class='ocr_carea' id='block_1_8' title="bbox 869 970 2481 1052">
    <p class='ocr_par' dir='ltr' id='par_1_8' title="bbox 869 970 2481 1052">
     <span class='ocr_line' id='line_1_8' title="bbox 869 970 2481 1052; baseline -0.007 -21"><span class='ocrx_word' id='word_1_29' title='bbox 869 997 1032 1052; x_wconf 88' lang='grc' dir='ltr'>σομαι</span> <span class='ocrx_word' id='word_1_30' title='bbox 1075 974 1338 1049; x_wconf 84' lang='grc' dir='ltr'>τάδελφῷ,</span> <span class='ocrx_word' id='word_1_31' title='bbox 1395 978 1420 1026; x_wconf 89' lang='lat'>6</span> <span class='ocrx_word' id='word_1_32' title='bbox 1464 993 1766 1049; x_wconf 86' lang='grc' dir='ltr'>γεφαιτερος</span> <span class='ocrx_word' id='word_1_33' title='bbox 1810 981 1882 1044; x_wconf 85' lang='grc' dir='ltr'>τῷ</span> <span class='ocrx_word' id='word_1_34' title='bbox 1924 976 2168 1045; x_wconf 84' lang='grc' dir='ltr'>νεωνέρῳ,</span> <span class='ocrx_word' id='word_1_35' title='bbox 2200 970 2226 1022; x_wconf 93' lang='grc' dir='ltr'>ό</span> <span class='ocrx_word' id='word_1_36' title='bbox 2257 981 2481 1042; x_wconf 74' lang='grc' dir='ltr'>ἐσχατο-</span> 
     </span>
    </p>
   </div>
   <div class='ocr_carea' id='block_1_9' title="bbox 864 1065 1989 1143">
    <p class='ocr_par' dir='ltr' id='par_1_9' title="bbox 864 1065 1989 1143">
     <span class='ocr_line' id='line_1_9' title="bbox 864 1065 1989 1143; baseline -0.004 -23"><span class='ocrx_word' id='word_1_37' title='bbox 864 1072 1026 1143; x_wconf 89' lang='grc' dir='ltr'>γέρων</span> <span class='ocrx_word' id='word_1_38' title='bbox 1059 1074 1130 1138; x_wconf 84' lang='grc' dir='ltr'>τῷ</span> <span class='ocrx_word' id='word_1_39' title='bbox 1162 1068 1513 1124; x_wconf 77' lang='grc' dir='ltr'>καθεστηκότι</span> <span class='ocrx_word' id='word_1_40' title='bbox 1538 1069 1627 1117; x_wconf 82' lang='grc' dir='ltr'>και</span> <span class='ocrx_word' id='word_1_41' title='bbox 1655 1065 1989 1138; x_wconf 87' lang='grc' dir='ltr'>ὠμογέροντι.</span> 
     </span>
    </p>
   </div>
   <div class='ocr_carea' id='block_1_10' title="bbox 934 1145 2480 1228">
    <p class='ocr_par' dir='ltr' id='par_1_10' title="bbox 934 1145 2480 1228">
     <span class='ocr_line' id='line_1_10' title="bbox 934 1145 2480 1228; baseline -0.009 -17"><span class='ocrx_word' id='word_1_42' title='bbox 934 1159 1198 1228; x_wconf 82' lang='grc' dir='ltr'>Ἀνέφικτε</span> <span class='ocrx_word' id='word_1_43' title='bbox 1255 1161 1344 1208; x_wconf 83' lang='grc' dir='ltr'>καὶ</span> <span class='ocrx_word' id='word_1_44' title='bbox 1416 1153 1707 1228; x_wconf 82' lang='grc' dir='ltr'>ἀτέκμαρτε</span> <span class='ocrx_word' id='word_1_45' title='bbox 1757 1155 1872 1206; x_wconf 88' lang='grc' dir='ltr'>θεία</span> <span class='ocrx_word' id='word_1_46' title='bbox 1929 1155 2166 1227; x_wconf 90' lang='grc' dir='ltr'>πρόνοια,</span> <span class='ocrx_word' id='word_1_47' title='bbox 2223 1149 2254 1206; x_wconf 77' lang='grc' dir='ltr'>ἡ</span> <span class='ocrx_word' id='word_1_48' title='bbox 2305 1145 2480 1218; x_wconf 90' lang='grc' dir='ltr'>λόγοις</span> 
     </span>
    </p>
   </div>
   <div class='ocr_carea' id='block_1_11' title="bbox 865 1237 2480 1322">
    <p class='ocr_par' dir='ltr' id='par_1_11' title="bbox 865 1237 2480 1322">
     <span class='ocr_line' id='line_1_11' title="bbox 865 1237 2480 1322; baseline -0.007 -24"><span class='ocrx_word' id='word_1_49' title='bbox 865 1244 1111 1322; x_wconf 85' lang='grc' dir='ltr'>ἀρρήτοις</span> <span class='ocrx_word' id='word_1_50' title='bbox 1175 1245 1490 1304; x_wconf 79' lang='grc' dir='ltr'>οἰακίζουσα</span> <span class='ocrx_word' id='word_1_51' title='bbox 1561 1245 1674 1296; x_wconf 89' lang='grc' dir='ltr'>θεῖά</span> <span class='ocrx_word' id='word_1_52' title='bbox 1753 1261 1807 1294; x_wconf 88' lang='grc' dir='ltr'>τε</span> <span class='ocrx_word' id='word_1_53' title='bbox 1859 1246 1947 1294; x_wconf 85' lang='grc' dir='ltr'>καὶ</span> <span class='ocrx_word' id='word_1_54' title='bbox 2008 1239 2304 1315; x_wconf 88' lang='grc' dir='ltr'>ἀνθρώπινα</span> <span class='ocrx_word' id='word_1_55' title='bbox 2350 1237 2480 1310; x_wconf 90' lang='grc' dir='ltr'>πρά-</span> 
     </span>
    </p>
   </div>
   <div class='ocr_carea' id='block_1_12' title="bbox 873 1325 2478 1408">
    <p class='ocr_par' dir='ltr' id='par_1_12' title="bbox 873 1325 2478 1408">
     <span class='ocr_line' id='line_1_12' title="bbox 873 1325 2478 1408; baseline -0.007 -20"><span class='ocrx_word' id='word_1_56' title='bbox 873 1355 1012 1408; x_wconf 90' lang='grc' dir='ltr'>ματα</span> <span class='ocrx_word' id='word_1_57' title='bbox 1041 1343 1151 1394; x_wconf 89' lang='grc' dir='ltr'>πῶς</span> <span class='ocrx_word' id='word_1_58' title='bbox 1185 1342 1257 1404; x_wconf 85' lang='grc' dir='ltr'>τῷ</span> <span class='ocrx_word' id='word_1_59' title='bbox 1297 1341 1396 1386; x_wconf 84' lang='grc' dir='ltr'>τῶν</span> <span class='ocrx_word' id='word_1_60' title='bbox 1438 1341 1540 1385; x_wconf 92' lang='grc' dir='ltr'>σῶν</span> <span class='ocrx_word' id='word_1_61' title='bbox 1582 1335 1845 1407; x_wconf 76' lang='grc' dir='ltr'>χριμάτων</span> <span class='ocrx_word' id='word_1_62' title='bbox 1888 1330 2106 1400; x_wconf 82' lang='grc' dir='ltr'>ἀϐύσσῳ</span> <span class='ocrx_word' id='word_1_63' title='bbox 2164 1325 2478 1398; x_wconf 86' lang='grc' dir='ltr'>ἐγκυϐιστῆ-</span> 
     </span>
    </p>
   </div>
   <div class='ocr_carea' id='block_1_13' title="bbox 874 1412 2477 1495">
    <p class='ocr_par' dir='ltr' id='par_1_13' title="bbox 874 1412 2477 1495">
     <span class='ocr_line' id='line_1_13' title="bbox 874 1412 2477 1495; baseline -0.007 -19"><span class='ocrx_word' id='word_1_64' title='bbox 874 1441 964 1476; x_wconf 93' lang='grc' dir='ltr'>σαι</span> <span class='ocrx_word' id='word_1_65' title='bbox 1017 1444 1032 1494; x_wconf 84' lang='lat'><strong>;</strong></span> <span class='ocrx_word' id='word_1_66' title='bbox 1089 1423 1470 1486; x_wconf 83' lang='grc' dir='ltr'>Ἐπινήξασθαι</span> <span class='ocrx_word' id='word_1_67' title='bbox 1527 1425 1616 1495; x_wconf 73' lang='grc' dir='ltr'>μεν</span> <span class='ocrx_word' id='word_1_68' title='bbox 1662 1418 1749 1473; x_wconf 80' lang='grc' dir='ltr'>οὖν</span> <span class='ocrx_word' id='word_1_69' title='bbox 1801 1425 2032 1495; x_wconf 79' lang='grc' dir='ltr'>παρήσει</span> <span class='ocrx_word' id='word_1_70' title='bbox 2093 1436 2172 1479; x_wconf 91' lang='grc' dir='ltr'>τις</span> <span class='ocrx_word' id='word_1_71' title='bbox 2201 1425 2338 1481; x_wconf 81' lang='grc' dir='ltr'>νοῦς,</span> <span class='ocrx_word' id='word_1_72' title='bbox 2385 1412 2477 1466; x_wconf 77' lang='grc' dir='ltr'>κᾶν</span> 
     </span>
    </p>
   </div>
   <div class='ocr_carea' id='block_1_14' title="bbox 869 1503 2477 1586">
    <p class='ocr_par' dir='ltr' id='par_1_14' title="bbox 869 1503 2477 1586">
     <span class='ocr_line' id='line_1_14' title="bbox 869 1503 2477 1586; baseline -0.007 -20"><span class='ocrx_word' id='word_1_73' title='bbox 869 1516 949 1571; x_wconf 88' lang='grc' dir='ltr'>εἵη</span> <span class='ocrx_word' id='word_1_74' title='bbox 981 1513 1398 1586; x_wconf 81' lang='grc' dir='ltr'>φιλοσοφώτατον</span> <span class='ocrx_word' id='word_1_75' title='bbox 1437 1511 1567 1563; x_wconf 89' lang='grc' dir='ltr'>λύων</span> <span class='ocrx_word' id='word_1_76' title='bbox 1623 1506 1956 1581; x_wconf 74' lang='grc' dir='ltr'>συνδέσμους</span> <span class='ocrx_word' id='word_1_77' title='bbox 2013 1512 2102 1560; x_wconf 84' lang='grc' dir='ltr'>καὶ</span> <span class='ocrx_word' id='word_1_78' title='bbox 2158 1503 2477 1577; x_wconf 71' lang='grc' dir='ltr'>ἀναγγέλλων</span> 
     </span>
    </p>
   </div>
   <div class='ocr_carea' id='block_1_15' title="bbox 866 1592 2476 1678">
    <p class='ocr_par' dir='ltr' id='par_1_15' title="bbox 866 1592 2476 1678">
     <span class='ocr_line' id='line_1_15' title="bbox 866 1592 2476 1678; baseline -0.006 -24"><span class='ocrx_word' id='word_1_79' title='bbox 866 1605 1211 1678; x_wconf 88' lang='grc' dir='ltr'>κρατούμενα.</span> <span class='ocrx_word' id='word_1_80' title='bbox 1257 1602 1567 1674; x_wconf 87' lang='grc' dir='ltr'>Ἐκφέρομαι</span> <span class='ocrx_word' id='word_1_81' title='bbox 1615 1602 1716 1674; x_wconf 82' lang='grc' dir='ltr'>γὰρ</span> <span class='ocrx_word' id='word_1_82' title='bbox 1781 1603 1898 1673; x_wconf 82' lang='grc' dir='ltr'>περὶ</span> <span class='ocrx_word' id='word_1_83' title='bbox 1955 1605 2045 1650; x_wconf 90' lang='grc' dir='ltr'>τού</span> <span class='ocrx_word' id='word_1_84' title='bbox 2103 1595 2304 1657; x_wconf 86' lang='grc' dir='ltr'>πάθους</span> <span class='ocrx_word' id='word_1_85' title='bbox 2365 1592 2476 1666; x_wconf 87' lang='grc' dir='ltr'>ἐρε-</span> 
     </span>
    </p>
   </div>
   <div class='ocr_carea' id='block_1_16' title="bbox 869 1685 2476 1765">
    <p class='ocr_par' dir='ltr' id='par_1_16' title="bbox 869 1685 2476 1765">
     <span class='ocr_line' id='line_1_16' title="bbox 869 1685 2476 1765; baseline -0.006 -21"><span class='ocrx_word' id='word_1_86' title='bbox 869 1691 1138 1763; x_wconf 78' lang='grc' dir='ltr'>θιζόμενος</span> <span class='ocrx_word' id='word_1_87' title='bbox 1220 1695 1339 1765; x_wconf 85' lang='grc' dir='ltr'>περὶ</span> <span class='ocrx_word' id='word_1_88' title='bbox 1405 1685 1856 1761; x_wconf 76' lang='grc' dir='ltr'>κεκινδυνευμένον</span> <span class='ocrx_word' id='word_1_89' title='bbox 1919 1706 1970 1739; x_wconf 88' lang='grc' dir='ltr'>τι</span> <span class='ocrx_word' id='word_1_90' title='bbox 2061 1691 2150 1738; x_wconf 84' lang='grc' dir='ltr'>καὶ</span> <span class='ocrx_word' id='word_1_91' title='bbox 2228 1687 2476 1759; x_wconf 74' lang='grc' dir='ltr'>προπετες</span> 
     </span>
    </p>
   </div>
   <div class='ocr_carea' id='block_1_17' title="bbox 868 1775 2478 1854">
    <p class='ocr_par' dir='ltr' id='par_1_17' title="bbox 868 1775 2478 1854">
     <span class='ocr_line' id='line_1_17' title="bbox 868 1775 2478 1854; baseline -0.007 -20"><span class='ocrx_word' id='word_1_92' title='bbox 868 1781 1213 1854; x_wconf 82' lang='grc' dir='ltr'>φθέγξασθαι,</span> <span class='ocrx_word' id='word_1_93' title='bbox 1269 1779 1378 1833; x_wconf 82' lang='grc' dir='ltr'>Ἰνα</span> <span class='ocrx_word' id='word_1_94' title='bbox 1405 1784 1454 1832; x_wconf 93' lang='grc' dir='ltr'>τί</span> <span class='ocrx_word' id='word_1_95' title='bbox 1503 1780 1529 1830; x_wconf 85' lang='grc' dir='ltr'>ὁ</span> <span class='ocrx_word' id='word_1_96' title='bbox 1567 1781 1656 1851; x_wconf 71' lang='grc' dir='ltr'>μὶν</span> <span class='ocrx_word' id='word_1_97' title='bbox 1713 1777 2118 1850; x_wconf 89' lang='grc' dir='ltr'>πολιοκρόταφος</span> <span class='ocrx_word' id='word_1_98' title='bbox 2165 1779 2254 1826; x_wconf 88' lang='grc' dir='ltr'>καὶ</span> <span class='ocrx_word' id='word_1_99' title='bbox 2311 1775 2478 1844; x_wconf 81' lang='grc' dir='ltr'>οἶχθος</span> 
     </span>
    </p>
   </div>
   <div class='ocr_carea' id='block_1_18' title="bbox 869 1863 2547 1945">
    <p class='ocr_par' dir='ltr' id='par_1_18' title="bbox 869 1863 2547 1945">
     <span class='ocr_line' id='line_1_18' title="bbox 869 1863 2547 1945; baseline -0.006 -22"><span class='ocrx_word' id='word_1_100' title='bbox 869 1869 1094 1945; x_wconf 78' lang='grc' dir='ltr'>ἀρούρης</span> <span class='ocrx_word' id='word_1_101' title='bbox 1133 1869 1347 1922; x_wconf 86' lang='grc' dir='ltr'>ἐτώσιον</span> <span class='ocrx_word' id='word_1_102' title='bbox 1401 1874 1491 1921; x_wconf 83' lang='grc' dir='ltr'>καὶ</span> <span class='ocrx_word' id='word_1_103' title='bbox 1529 1876 1697 1943; x_wconf 90' lang='grc' dir='ltr'>γῆρας</span> <span class='ocrx_word' id='word_1_104' title='bbox 1756 1867 1910 1919; x_wconf 64' lang='grc' dir='ltr'>ἂκων</span> <span class='ocrx_word' id='word_1_105' title='bbox 1944 1865 2082 1940; x_wconf 84' lang='grc' dir='ltr'>βαρύ</span> <span class='ocrx_word' id='word_1_106' title='bbox 2131 1869 2213 1916; x_wconf 73' lang='grc' dir='ltr'>καὶ</span> <span class='ocrx_word' id='word_1_107' title='bbox 2275 1863 2420 1915; x_wconf 69' lang='grc' dir='ltr'>ὣκον</span> <span class='ocrx_word' id='word_1_108' title='bbox 2452 1864 2477 1914; x_wconf 86' lang='grc' dir='ltr'><strong><em>ὃ</em></strong></span> <span class='ocrx_word' id='word_1_109' title='bbox 2508 1881 2547 1934; x_wconf 80' lang='grc' dir='ltr'>Β</span> 
     </span>
    </p>
   </div>
   <div class='ocr_carea' id='block_1_19' title="bbox 870 1957 2478 2033">
    <p class='ocr_par' dir='ltr' id='par_1_19' title="bbox 870 1957 2478 2033">
     <span class='ocr_line' id='line_1_19' title="bbox 870 1957 2478 2033; baseline -0.006 -19"><span class='ocrx_word' id='word_1_110' title='bbox 870 1979 1028 2033; x_wconf 91' lang='grc' dir='ltr'>φησιν</span> <span class='ocrx_word' id='word_1_111' title='bbox 1055 1961 1192 2020; x_wconf 81' lang='grc' dir='ltr'>ἕλκος</span> <span class='ocrx_word' id='word_1_112' title='bbox 1221 1965 1309 2012; x_wconf 81' lang='grc' dir='ltr'>καὶ</span> <span class='ocrx_word' id='word_1_113' title='bbox 1362 1957 1433 2031; x_wconf 84' lang='grc' dir='ltr'>ἐφ’</span> <span class='ocrx_word' id='word_1_114' title='bbox 1463 1959 1488 2009; x_wconf 86' lang='grc' dir='ltr'>ὁ</span> <span class='ocrx_word' id='word_1_115' title='bbox 1551 1964 1719 2010; x_wconf 84' lang='grc' dir='ltr'>πᾶσαι</span> <span class='ocrx_word' id='word_1_116' title='bbox 1776 1965 1864 2017; x_wconf 90' lang='grc' dir='ltr'>τῆς</span> <span class='ocrx_word' id='word_1_117' title='bbox 1906 1959 2107 2028; x_wconf 87' lang='grc' dir='ltr'>φύσεως</span> <span class='ocrx_word' id='word_1_118' title='bbox 2159 1963 2308 2029; x_wconf 88' lang='grc' dir='ltr'>κῆρες</span> <span class='ocrx_word' id='word_1_119' title='bbox 2360 1972 2478 2006; x_wconf 91' lang='grc' dir='ltr'>συν-</span> 
     </span>
    </p>
   </div>
   <div class='ocr_carea' id='block_1_20' title="bbox 870 2043 2477 2125">
    <p class='ocr_par' dir='ltr' id='par_1_20' title="bbox 870 2043 2477 2125">
     <span class='ocr_line' id='line_1_20' title="bbox 870 2043 2477 2125; baseline -0.006 -23"><span class='ocrx_word' id='word_1_120' title='bbox 870 2050 1118 2125; x_wconf 84' lang='grc' dir='ltr'>έρρευσαν</span> <span class='ocrx_word' id='word_1_121' title='bbox 1139 2049 1502 2122; x_wconf 86' lang='grc' dir='ltr'>περιλείπομαι</span> <span class='ocrx_word' id='word_1_122' title='bbox 1530 2051 1604 2099; x_wconf 83' lang='grc' dir='ltr'>ἔτι</span> <span class='ocrx_word' id='word_1_123' title='bbox 1627 2043 1809 2120; x_wconf 84' lang='grc' dir='ltr'>δευρο.</span> <span class='ocrx_word' id='word_1_124' title='bbox 1831 2088 1843 2101; x_wconf 90' lang='grc'><strong>.</strong></span> <span class='ocrx_word' id='word_1_125' title='bbox 1868 2089 1881 2103; x_wconf 94' lang='grc'><strong>.</strong></span> <span class='ocrx_word' id='word_1_126' title='bbox 1904 2087 1915 2100; x_wconf 94' lang='grc'><strong>.</strong></span> <span class='ocrx_word' id='word_1_127' title='bbox 1939 2087 1951 2100; x_wconf 91' lang='grc'><strong>.</strong></span> <span class='ocrx_word' id='word_1_128' title='bbox 1991 2052 2092 2116; x_wconf 87' lang='grc' dir='ltr'>γῆς</span> <span class='ocrx_word' id='word_1_129' title='bbox 2116 2043 2295 2107; x_wconf 84' lang='grc' dir='ltr'>ἀξύντ.</span> <span class='ocrx_word' id='word_1_130' title='bbox 2320 2087 2331 2100; x_wconf 92' lang='grc'><strong>.</strong></span> <span class='ocrx_word' id='word_1_131' title='bbox 2356 2086 2366 2098; x_wconf 92' lang='grc'><strong>.</strong></span> <span class='ocrx_word' id='word_1_132' title='bbox 2405 2051 2477 2113; x_wconf 79' lang='grc' dir='ltr'>τῷ</span> 
     </span>
    </p>
   </div>
   <div class='ocr_carea' id='block_1_21' title="bbox 868 2131 2476 2209">
    <p class='ocr_par' dir='ltr' id='par_1_21' title="bbox 868 2131 2476 2209">
     <span class='ocr_line' id='line_1_21' title="bbox 868 2131 2476 2209; baseline -0.005 -18"><span class='ocrx_word' id='word_1_133' title='bbox 868 2144 1027 2192; x_wconf 84' lang='grc' dir='ltr'>παντὶ</span> <span class='ocrx_word' id='word_1_134' title='bbox 1056 2144 1144 2191; x_wconf 84' lang='grc' dir='ltr'>καὶ</span> <span class='ocrx_word' id='word_1_135' title='bbox 1177 2138 1359 2209; x_wconf 75' lang='grc' dir='ltr'>μηκέθ’</span> <span class='ocrx_word' id='word_1_136' title='bbox 1396 2140 1583 2209; x_wconf 77' lang='grc' dir='ltr'>ὡραῖον</span> <span class='ocrx_word' id='word_1_137' title='bbox 1633 2136 1762 2208; x_wconf 80' lang='grc' dir='ltr'>ἡλίῳ</span> <span class='ocrx_word' id='word_1_138' title='bbox 1812 2139 2112 2208; x_wconf 81' lang='grc' dir='ltr'>μαινόμενος</span> <span class='ocrx_word' id='word_1_139' title='bbox 2169 2137 2352 2206; x_wconf 83' lang='grc' dir='ltr'>θέαμα.</span> <span class='ocrx_word' id='word_1_140' title='bbox 2383 2131 2476 2196; x_wconf 80' lang='grc' dir='ltr'>⁴Ὁς</span> 
     </span>
    </p>
   </div>
   <div class='ocr_carea' id='block_1_22' title="bbox 875 2220 2478 2300">
    <p class='ocr_par' dir='ltr' id='par_1_22' title="bbox 875 2220 2478 2300">
     <span class='ocr_line' id='line_1_22' title="bbox 875 2220 2478 2300; baseline -0.004 -20"><span class='ocrx_word' id='word_1_141' title='bbox 875 2224 934 2280; x_wconf 76' lang='grc' dir='ltr'>δε</span> <span class='ocrx_word' id='word_1_142' title='bbox 973 2230 1115 2280; x_wconf 76' lang='grc' dir='ltr'>οὔπω</span> <span class='ocrx_word' id='word_1_143' title='bbox 1140 2231 1278 2280; x_wconf 88' lang='grc' dir='ltr'>’ίκετο</span> <span class='ocrx_word' id='word_1_144' title='bbox 1330 2231 1525 2300; x_wconf 86' lang='grc' dir='ltr'>γήραος</span> <span class='ocrx_word' id='word_1_145' title='bbox 1579 2221 1755 2292; x_wconf 65' lang='grc' dir='ltr'>οὐδόν,</span> <span class='ocrx_word' id='word_1_146' title='bbox 1801 2222 2126 2298; x_wconf 85' lang='grc' dir='ltr'>δικαιότερος</span> <span class='ocrx_word' id='word_1_147' title='bbox 2174 2220 2226 2275; x_wconf 88' lang='grc' dir='ltr'>δ’</span> <span class='ocrx_word' id='word_1_148' title='bbox 2267 2221 2326 2282; x_wconf 82' lang='grc' dir='ltr'>ήν</span> <span class='ocrx_word' id='word_1_149' title='bbox 2371 2221 2478 2274; x_wconf 89' lang='grc' dir='ltr'>ἐπι-</span> 
     </span>
    </p>
   </div>
   <div class='ocr_carea' id='block_1_23' title="bbox 872 2311 2476 2391">
    <p class='ocr_par' dir='ltr' id='par_1_23' title="bbox 872 2311 2476 2391">
     <span class='ocr_line' id='line_1_23' title="bbox 872 2311 2476 2391; baseline -0.004 -23"><span class='ocrx_word' id='word_1_150' title='bbox 872 2312 1056 2368; x_wconf 87' lang='grc' dir='ltr'>ϐιῶναι</span> <span class='ocrx_word' id='word_1_151' title='bbox 1081 2321 1406 2391; x_wconf 85' lang='grc' dir='ltr'>μακρότατα,</span> <span class='ocrx_word' id='word_1_152' title='bbox 1448 2314 1538 2367; x_wconf 83' lang='grc' dir='ltr'>άτε</span> <span class='ocrx_word' id='word_1_153' title='bbox 1575 2317 1819 2385; x_wconf 89' lang='grc' dir='ltr'>γυναικός</span> <span class='ocrx_word' id='word_1_154' title='bbox 1869 2317 1955 2365; x_wconf 77' lang='grc' dir='ltr'>καὶ</span> <span class='ocrx_word' id='word_1_155' title='bbox 2007 2316 2191 2364; x_wconf 77' lang='grc' dir='ltr'>τέκνοιν</span> <span class='ocrx_word' id='word_1_156' title='bbox 2250 2311 2343 2364; x_wconf 81' lang='grc' dir='ltr'>ούκ</span> <span class='ocrx_word' id='word_1_157' title='bbox 2375 2311 2476 2362; x_wconf 80' lang='grc' dir='ltr'>όλί·</span> 
     </span>
    </p>
   </div>
   <div class='ocr_carea' id='block_1_24' title="bbox 1059 2399 2475 2479">
    <p class='ocr_par' dir='ltr' id='par_1_24' title="bbox 1059 2399 2475 2479">
     <span class='ocr_line' id='line_1_24' title="bbox 1059 2399 2475 2479; baseline -0.004 -21"><span class='ocrx_word' id='word_1_158' title='bbox 1059 2411 1234 2479; x_wconf 91' lang='grc' dir='ltr'>σωτήρ</span> <span class='ocrx_word' id='word_1_159' title='bbox 1292 2412 1382 2457; x_wconf 79' lang='grc' dir='ltr'>καὶ</span> <span class='ocrx_word' id='word_1_160' title='bbox 1437 2409 1614 2475; x_wconf 80' lang='grc' dir='ltr'>γένους</span> <span class='ocrx_word' id='word_1_161' title='bbox 1668 2402 1903 2476; x_wconf 81' lang='grc' dir='ltr'>λαμπτὴρ</span> <span class='ocrx_word' id='word_1_162' title='bbox 1967 2407 2055 2454; x_wconf 81' lang='grc' dir='ltr'>καὶ</span> <span class='ocrx_word' id='word_1_163' title='bbox 2112 2406 2247 2474; x_wconf 87' lang='grc' dir='ltr'>μέγα</span> <span class='ocrx_word' id='word_1_164' title='bbox 2303 2399 2475 2472; x_wconf 80' lang='grc' dir='ltr'>ὄφελος</span> 
     </span>
    </p>
   </div>
   <div class='ocr_carea' id='block_1_25' title="bbox 1364 2491 2476 2563">
    <p class='ocr_par' dir='ltr' id='par_1_25' title="bbox 1364 2491 2476 2563">
     <span class='ocr_line' id='line_1_25' title="bbox 1364 2491 2476 2563; baseline -0.004 -17"><span class='ocrx_word' id='word_1_165' title='bbox 1364 2491 1527 2555; x_wconf 80' lang='grc' dir='ltr'>δόξης</span> <span class='ocrx_word' id='word_1_166' title='bbox 1585 2498 1675 2546; x_wconf 86' lang='grc' dir='ltr'>καὶ</span> <span class='ocrx_word' id='word_1_167' title='bbox 1729 2497 2042 2563; x_wconf 73' lang='grc' dir='ltr'>καυχήσεως</span> <span class='ocrx_word' id='word_1_168' title='bbox 2097 2498 2334 2563; x_wconf 84' lang='grc' dir='ltr'>στέφανος</span> <span class='ocrx_word' id='word_1_169' title='bbox 2386 2495 2476 2542; x_wconf 82' lang='grc' dir='ltr'>καὶ</span> 
     </span>
    </p>
   </div>
   <div class='ocr_carea' id='block_1_26' title="bbox 867 2427 972 2478">
    <p class='ocr_par' dir='ltr' id='par_1_26' title="bbox 867 2427 972 2478">
     <span class='ocr_line' id='line_1_26' title="bbox 867 2427 972 2478; baseline -0.01 -20"><span class='ocrx_word' id='word_1_170' title='bbox 867 2427 972 2478; x_wconf 90' lang='grc' dir='ltr'>γων</span> 
     </span>
    </p>
   </div>
   <div class='ocr_carea' id='block_1_27' title="bbox 869 2493 1282 2568">
    <p class='ocr_par' dir='ltr' id='par_1_27' title="bbox 869 2493 1282 2568">
     <span class='ocr_line' id='line_1_27' title="bbox 869 2493 1282 2568; baseline -0.002 -21"><span class='ocrx_word' id='word_1_171' title='bbox 869 2500 1053 2568; x_wconf 78' lang='grc' dir='ltr'>κόσμῳ</span> <span class='ocrx_word' id='word_1_172' title='bbox 1123 2493 1282 2567; x_wconf 82' lang='grc' dir='ltr'>κάμοὶ</span> 
     </span>
    </p>
   </div>
   <div class='ocr_carea' id='block_1_28' title="bbox 874 2579 2474 2656">
    <p class='ocr_par' dir='ltr' id='par_1_28' title="bbox 874 2579 2474 2656">
     <span class='ocr_line' id='line_1_28' title="bbox 874 2579 2474 2656; baseline -0.004 -19"><span class='ocrx_word' id='word_1_173' title='bbox 874 2589 1011 2647; x_wconf 85' lang='grc' dir='ltr'>ζωῆς</span> <span class='ocrx_word' id='word_1_174' title='bbox 1043 2584 1207 2646; x_wconf 72' lang='grc' dir='ltr'>αὐτῆς</span> <span class='ocrx_word' id='word_1_175' title='bbox 1236 2587 1514 2655; x_wconf 79' lang='grc' dir='ltr'>συνοχεύς,</span> <span class='ocrx_word' id='word_1_176' title='bbox 1546 2579 1696 2645; x_wconf 79' lang='grc' dir='ltr'>οὗτος</span> <span class='ocrx_word' id='word_1_177' title='bbox 1726 2581 1784 2634; x_wconf 81' lang='grc' dir='ltr'>ού</span> <span class='ocrx_word' id='word_1_178' title='bbox 1813 2581 1930 2633; x_wconf 79' lang='grc' dir='ltr'>καθ’</span> <span class='ocrx_word' id='word_1_179' title='bbox 1974 2583 2129 2656; x_wconf 84' lang='grc' dir='ltr'>ὦραν,</span> <span class='ocrx_word' id='word_1_180' title='bbox 2161 2588 2474 2654; x_wconf 72' lang='grc' dir='ltr'>περιφρονῶν</span> 
     </span>
    </p>
   </div>
   <div class='ocr_carea' id='block_1_29' title="bbox 869 2670 2476 2748">
    <p class='ocr_par' dir='ltr' id='par_1_29' title="bbox 869 2670 2476 2748">
     <span class='ocr_line' id='line_1_29' title="bbox 869 2670 2476 2748; baseline -0.003 -22"><span class='ocrx_word' id='word_1_181' title='bbox 869 2673 1021 2746; x_wconf 86' lang='grc' dir='ltr'>λέγω,</span> <span class='ocrx_word' id='word_1_182' title='bbox 1076 2679 1419 2748; x_wconf 81' lang='grc' dir='ltr'>προήρπαστο</span> <span class='ocrx_word' id='word_1_183' title='bbox 1487 2671 1570 2725; x_wconf 81' lang='grc' dir='ltr'>ἐπὶ</span> <span class='ocrx_word' id='word_1_184' title='bbox 1622 2675 1834 2744; x_wconf 84' lang='grc' dir='ltr'>ζημίαν.</span> <span class='ocrx_word' id='word_1_185' title='bbox 1917 2670 2219 2743; x_wconf 81' lang='grc' dir='ltr'>ἀλλοτρίων,</span> <span class='ocrx_word' id='word_1_186' title='bbox 2273 2688 2328 2722; x_wconf 87' lang='grc' dir='ltr'>τε</span> <span class='ocrx_word' id='word_1_187' title='bbox 2380 2690 2476 2743; x_wconf 87' lang='grc' dir='ltr'>μυ-</span> 
     </span>
    </p>
   </div>
   <div class='ocr_carea' id='block_1_30' title="bbox 867 2759 2475 2839">
    <p class='ocr_par' dir='ltr' id='par_1_30' title="bbox 867 2759 2475 2839">
     <span class='ocr_line' id='line_1_30' title="bbox 867 2759 2475 2839; baseline -0.002 -24"><span class='ocrx_word' id='word_1_188' title='bbox 867 2768 994 2839; x_wconf 91' lang='grc' dir='ltr'>ρίων</span> <span class='ocrx_word' id='word_1_189' title='bbox 1042 2769 1131 2816; x_wconf 81' lang='grc' dir='ltr'>καὶ</span> <span class='ocrx_word' id='word_1_190' title='bbox 1179 2760 1410 2816; x_wconf 88' lang='grc' dir='ltr'>τοσῶνδε</span> <span class='ocrx_word' id='word_1_191' title='bbox 1459 2771 1736 2836; x_wconf 87' lang='grc' dir='ltr'>προγενῶν.</span> <span class='ocrx_word' id='word_1_192' title='bbox 1799 2760 1874 2814; x_wconf 86' lang='grc' dir='ltr'>Ού</span> <span class='ocrx_word' id='word_1_193' title='bbox 1926 2763 2026 2835; x_wconf 82' lang='grc' dir='ltr'>γὰρ</span> <span class='ocrx_word' id='word_1_194' title='bbox 2061 2759 2323 2833; x_wconf 89' lang='grc' dir='ltr'>ἀλλότριον</span> <span class='ocrx_word' id='word_1_195' title='bbox 2381 2765 2475 2832; x_wconf 92' lang='grc' dir='ltr'>μό-</span> 
     </span>
    </p>
   </div>
   <div class='ocr_carea' id='block_1_31' title="bbox 867 2846 2472 2926">
    <p class='ocr_par' dir='ltr' id='par_1_31' title="bbox 867 2846 2472 2926">
     <span class='ocr_line' id='line_1_31' title="bbox 867 2846 2472 2926; baseline -0.003 -21"><span class='ocrx_word' id='word_1_196' title='bbox 867 2873 951 2906; x_wconf 89' lang='grc' dir='ltr'>νον</span> <span class='ocrx_word' id='word_1_197' title='bbox 981 2850 1041 2912; x_wconf 80' lang='grc' dir='ltr'>ήν</span> <span class='ocrx_word' id='word_1_198' title='bbox 1092 2853 1286 2925; x_wconf 86' lang='grc' dir='ltr'>ἀγαθὸν</span> <span class='ocrx_word' id='word_1_199' title='bbox 1341 2856 1408 2914; x_wconf 84' lang='grc' dir='ltr'>ὡς</span> <span class='ocrx_word' id='word_1_200' title='bbox 1466 2853 1733 2926; x_wconf 75' lang='grc' dir='ltr'>ὁρίζονται</span> <span class='ocrx_word' id='word_1_201' title='bbox 1798 2853 1846 2903; x_wconf 83' lang='grc' dir='ltr'>οἱ</span> <span class='ocrx_word' id='word_1_202' title='bbox 1907 2855 2058 2923; x_wconf 78' lang='grc' dir='ltr'>σοφοὶ</span> <span class='ocrx_word' id='word_1_203' title='bbox 2108 2853 2193 2903; x_wconf 85' lang='grc' dir='ltr'>τόν</span> <span class='ocrx_word' id='word_1_204' title='bbox 2246 2846 2472 2917; x_wconf 89' lang='grc' dir='ltr'>δίκαιον,</span> 
     </span>
    </p>
   </div>
   <div class='ocr_carea' id='block_1_32' title="bbox 871 2940 1605 3018">
    <p class='ocr_par' dir='ltr' id='par_1_32' title="bbox 871 2940 1605 3018">
     <span class='ocr_line' id='line_1_32' title="bbox 871 2940 1605 3018; baseline -0.003 -22"><span class='ocrx_word' id='word_1_205' title='bbox 871 2943 1000 2996; x_wconf 89' lang='grc' dir='ltr'>ἀλλά</span> <span class='ocrx_word' id='word_1_206' title='bbox 1025 2964 1083 3015; x_wconf 85' lang='grc' dir='ltr'>γε</span> <span class='ocrx_word' id='word_1_207' title='bbox 1116 2940 1182 3002; x_wconf 86' lang='grc' dir='ltr'>δή</span> <span class='ocrx_word' id='word_1_208' title='bbox 1217 2948 1306 2995; x_wconf 89' lang='lat' dir='ltr'>xui</span> <span class='ocrx_word' id='word_1_209' title='bbox 1337 2946 1605 3018; x_wconf 73' lang='grc' dir='ltr'>ἡμέτερον.</span> 
     </span>
    </p>
   </div>
   <div class='ocr_carea' id='block_1_33' title="bbox 941 3030 2475 3100">
    <p class='ocr_par' dir='ltr' id='par_1_33' title="bbox 941 3030 2475 3100">
     <span class='ocr_line' id='line_1_33' title="bbox 941 3030 2475 3100; baseline -0.003 -15"><span class='ocrx_word' id='word_1_210' title='bbox 941 3040 1049 3085; x_wconf 77' lang='grc' dir='ltr'>Ποῦ</span> <span class='ocrx_word' id='word_1_211' title='bbox 1088 3038 1211 3084; x_wconf 85' lang='grc' dir='ltr'>ποτέ</span> <span class='ocrx_word' id='word_1_212' title='bbox 1267 3031 1368 3084; x_wconf 81' lang='grc' dir='ltr'>εἰσι</span> <span class='ocrx_word' id='word_1_213' title='bbox 1414 3039 1502 3082; x_wconf 73' lang='grc' dir='ltr'>νῦν</span> <span class='ocrx_word' id='word_1_214' title='bbox 1551 3033 1667 3082; x_wconf 83' lang='grc' dir='ltr'>ὅσοι</span> <span class='ocrx_word' id='word_1_215' title='bbox 1723 3049 1776 3082; x_wconf 87' lang='grc' dir='ltr'>τε</span> <span class='ocrx_word' id='word_1_216' title='bbox 1807 3030 1986 3082; x_wconf 82' lang='grc' dir='ltr'>οἰκεῖοι</span> <span class='ocrx_word' id='word_1_217' title='bbox 2017 3031 2150 3081; x_wconf 87' lang='grc' dir='ltr'>κατά</span> <span class='ocrx_word' id='word_1_218' title='bbox 2179 3033 2324 3100; x_wconf 89' lang='grc' dir='ltr'>γένος</span> <span class='ocrx_word' id='word_1_219' title='bbox 2385 3032 2475 3081; x_wconf 83' lang='grc' dir='ltr'>καὶ</span> 
     </span>
    </p>
   </div>
   <div class='ocr_carea' id='block_1_34' title="bbox 869 3118 2473 3194">
    <p class='ocr_par' dir='ltr' id='par_1_34' title="bbox 869 3118 2473 3194">
     <span class='ocr_line' id='line_1_34' title="bbox 869 3118 2473 3194; baseline -0.002 -20"><span class='ocrx_word' id='word_1_220' title='bbox 869 3128 986 3174; x_wconf 79' lang='grc' dir='ltr'>ὅσοι</span> <span class='ocrx_word' id='word_1_221' title='bbox 1041 3125 1098 3174; x_wconf 91' lang='grc' dir='ltr'>τό</span> <span class='ocrx_word' id='word_1_222' title='bbox 1127 3123 1371 3192; x_wconf 69' lang='grc' dir='ltr'>συγγενὲς</span> <span class='ocrx_word' id='word_1_223' title='bbox 1426 3122 1850 3194; x_wconf 85' lang='grc' dir='ltr'>προποιούμενοι,</span> <span class='ocrx_word' id='word_1_224' title='bbox 1886 3118 2058 3190; x_wconf 80' lang='grc' dir='ltr'>ἐκείνῳ</span> <span class='ocrx_word' id='word_1_225' title='bbox 2105 3124 2473 3192; x_wconf 78' lang='grc' dir='ltr'>προσήρχοντο</span> 
     </span>
    </p>
   </div>
   <div class='ocr_carea' id='block_1_35' title="bbox 868 3208 1865 3284">
    <p class='ocr_par' dir='ltr' id='par_1_35' title="bbox 868 3208 1865 3284">
     <span class='ocr_line' id='line_1_35' title="bbox 868 3208 1865 3284; baseline 0.001 -20"><span class='ocrx_word' id='word_1_226' title='bbox 868 3216 955 3264; x_wconf 81' lang='lat' dir='ltr'>xui</span> <span class='ocrx_word' id='word_1_227' title='bbox 987 3216 1103 3284; x_wconf 84' lang='grc' dir='ltr'>περὶ</span> <span class='ocrx_word' id='word_1_228' title='bbox 1134 3209 1392 3283; x_wconf 84' lang='grc' dir='ltr'>βασιλέων</span> <span class='ocrx_word' id='word_1_229' title='bbox 1419 3208 1585 3262; x_wconf 89' lang='grc' dir='ltr'>ἐκίνου</span> <span class='ocrx_word' id='word_1_230' title='bbox 1632 3227 1757 3281; x_wconf 87' lang='grc' dir='ltr'>μεσ.</span> <span class='ocrx_word' id='word_1_231' title='bbox 1781 3252 1793 3265; x_wconf 93' lang='grc'><strong>.</strong></span> <span class='ocrx_word' id='word_1_232' title='bbox 1818 3251 1830 3264; x_wconf 93' lang='grc'><strong>.</strong></span> <span class='ocrx_word' id='word_1_233' title='bbox 1854 3250 1865 3264; x_wconf 89' lang='grc'><strong>.</strong></span> 
     </span>
    </p>
   </div>
   <div class='ocr_carea' id='block_1_36' title="bbox 871 3293 2472 3374">
    <p class='ocr_par' dir='ltr' id='par_1_36' title="bbox 871 3293 2472 3374">
     <span class='ocr_line' id='line_1_36' title="bbox 871 3293 2472 3374; baseline -0.002 -21"><span class='ocrx_word' id='word_1_234' title='bbox 871 3302 1052 3354; x_wconf 83' lang='grc' dir='ltr'>θᾶττον</span> <span class='ocrx_word' id='word_1_235' title='bbox 1074 3305 1163 3352; x_wconf 80' lang='grc' dir='ltr'>καὶ</span> <span class='ocrx_word' id='word_1_236' title='bbox 1183 3307 1377 3374; x_wconf 88' lang='grc' dir='ltr'>προῖκα</span> <span class='ocrx_word' id='word_1_237' title='bbox 1398 3295 1684 3370; x_wconf 85' lang='grc' dir='ltr'>δεχόμονοι</span> <span class='ocrx_word' id='word_1_238' title='bbox 1723 3293 1906 3350; x_wconf 82' lang='grc' dir='ltr'>οἶκαδε</span> <span class='ocrx_word' id='word_1_239' title='bbox 1957 3302 2234 3371; x_wconf 90' lang='grc' dir='ltr'>χαίροντες</span> <span class='ocrx_word' id='word_1_240' title='bbox 2281 3296 2472 3371; x_wconf 78' lang='grc' dir='ltr'>ἐπανη-</span> 
     </span>
    </p>
   </div>
   <div class='ocr_carea' id='block_1_37' title="bbox 869 3383 2474 3460">
    <p class='ocr_par' dir='ltr' id='par_1_37' title="bbox 869 3383 2474 3460">
     <span class='ocr_line' id='line_1_37' title="bbox 869 3383 2474 3460; baseline -0.004 -16"><span class='ocrx_word' id='word_1_241' title='bbox 869 3407 1036 3458; x_wconf 83' lang='grc' dir='ltr'>εσαν;</span> <span class='ocrx_word' id='word_1_242' title='bbox 1073 3394 1172 3444; x_wconf 78' lang='grc' dir='ltr'>Καὶ</span> <span class='ocrx_word' id='word_1_243' title='bbox 1201 3389 1439 3451; x_wconf 89' lang='grc' dir='ltr'>πλείονας</span> <span class='ocrx_word' id='word_1_244' title='bbox 1469 3397 1540 3460; x_wconf 82' lang='grc' dir='ltr'>τῷ</span> <span class='ocrx_word' id='word_1_245' title='bbox 1581 3385 1658 3440; x_wconf 85' lang='grc' dir='ltr'>δι’</span> <span class='ocrx_word' id='word_1_246' title='bbox 1703 3388 1763 3440; x_wconf 81' lang='grc' dir='ltr'>οὗ</span> <span class='ocrx_word' id='word_1_247' title='bbox 1817 3387 1846 3445; x_wconf 81' lang='grc' dir='ltr'>ἢ</span> <span class='ocrx_word' id='word_1_248' title='bbox 1897 3387 2018 3460; x_wconf 88' lang='grc' dir='ltr'>παρ’</span> <span class='ocrx_word' id='word_1_249' title='bbox 2059 3387 2126 3438; x_wconf 84' lang='grc' dir='ltr'>ὧν</span> <span class='ocrx_word' id='word_1_250' title='bbox 2180 3383 2233 3439; x_wconf 74' lang='grc' dir='ltr'>εὖ</span> <span class='ocrx_word' id='word_1_251' title='bbox 2282 3393 2474 3440; x_wconf 87' lang='grc' dir='ltr'>πεπόν-</span> 
     </span>
    </p>
   </div>
   <div class='ocr_carea' id='block_1_38' title="bbox 872 3475 2475 3555">
    <p class='ocr_par' dir='ltr' id='par_1_38' title="bbox 872 3475 2475 3555">
     <span class='ocr_line' id='line_1_38' title="bbox 872 3475 2475 3555; baseline -0.002 -21"><span class='ocrx_word' id='word_1_252' title='bbox 872 3483 998 3535; x_wconf 90' lang='grc' dir='ltr'>θασι</span> <span class='ocrx_word' id='word_1_253' title='bbox 1029 3477 1227 3554; x_wconf 77' lang='grc' dir='ltr'>ᾔδεσαν</span> <span class='ocrx_word' id='word_1_254' title='bbox 1281 3482 1506 3555; x_wconf 88' lang='grc' dir='ltr'>χάριτος</span> <span class='ocrx_word' id='word_1_255' title='bbox 1534 3481 1582 3532; x_wconf 83' lang='lat' dir='ltr'><strong><em>oi</em></strong></span> <span class='ocrx_word' id='word_1_256' title='bbox 1637 3478 1844 3539; x_wconf 89' lang='grc' dir='ltr'>πλείους</span> <span class='ocrx_word' id='word_1_257' title='bbox 1886 3483 1974 3530; x_wconf 86' lang='grc' dir='ltr'>καὶ</span> <span class='ocrx_word' id='word_1_258' title='bbox 2032 3480 2220 3541; x_wconf 87' lang='grc' dir='ltr'>πάντες</span> <span class='ocrx_word' id='word_1_259' title='bbox 2253 3475 2366 3532; x_wconf 79' lang='grc' dir='ltr'>οὐδ’</span> <span class='ocrx_word' id='word_1_260' title='bbox 2402 3479 2475 3542; x_wconf 85' lang='grc' dir='ltr'>εἰς</span> 
     </span>
    </p>
   </div>
   <div class='ocr_carea' id='block_1_39' title="bbox 872 3569 1361 3642">
    <p class='ocr_par' dir='ltr' id='par_1_39' title="bbox 872 3569 1361 3642">
     <span class='ocr_line' id='line_1_39' title="bbox 872 3569 1361 3642; baseline -0.004 -18"><span class='ocrx_word' id='word_1_261' title='bbox 872 3571 940 3642; x_wconf 73' lang='grc' dir='ltr'>ἄψ</span> <span class='ocrx_word' id='word_1_262' title='bbox 949 3591 995 3623; x_wconf 93' lang='grc' dir='ltr'>ιν</span> <span class='ocrx_word' id='word_1_263' title='bbox 1024 3572 1149 3629; x_wconf 75' lang='grc' dir='ltr'>ἧκον</span> <span class='ocrx_word' id='word_1_264' title='bbox 1183 3569 1361 3627; x_wconf 88' lang='grc' dir='ltr'>ἐνίοτε.</span> 
     </span>
    </p>
   </div>
   <div class='ocr_carea' id='block_1_40' title="bbox 945 3656 2476 3734">
    <p class='ocr_par' dir='ltr' id='par_1_40' title="bbox 945 3656 2476 3734">
     <span class='ocr_line' id='line_1_40' title="bbox 945 3656 2476 3734; baseline -0.001 -22"><span class='ocrx_word' id='word_1_265' title='bbox 945 3661 1092 3734; x_wconf 83' lang='grc' dir='ltr'>Δεῦρ’</span> <span class='ocrx_word' id='word_1_266' title='bbox 1141 3663 1216 3712; x_wconf 89' lang='grc' dir='ltr'>’ίτε</span> <span class='ocrx_word' id='word_1_267' title='bbox 1272 3662 1454 3719; x_wconf 86' lang='grc' dir='ltr'>πάντες</span> <span class='ocrx_word' id='word_1_268' title='bbox 1506 3662 1596 3710; x_wconf 85' lang='grc' dir='ltr'>καὶ</span> <span class='ocrx_word' id='word_1_269' title='bbox 1653 3656 2071 3730; x_wconf 72' lang='grc' dir='ltr'>συνεφαψάμενοι</span> <span class='ocrx_word' id='word_1_270' title='bbox 2130 3666 2218 3712; x_wconf 78' lang='grc' dir='ltr'>τοῦ</span> <span class='ocrx_word' id='word_1_271' title='bbox 2287 3659 2476 3733; x_wconf 89' lang='grc' dir='ltr'>θρήνου</span> 
     </span>
    </p>
   </div>
   <div class='ocr_carea' id='block_1_41' title="bbox 871 3746 2481 3824">
    <p class='ocr_par' dir='ltr' id='par_1_41' title="bbox 871 3746 2481 3824">
     <span class='ocr_line' id='line_1_41' title="bbox 871 3746 2481 3824; baseline -0.001 -22"><span class='ocrx_word' id='word_1_272' title='bbox 871 3755 963 3802; x_wconf 86' lang='grc' dir='ltr'>καὶ</span> <span class='ocrx_word' id='word_1_273' title='bbox 1039 3753 1105 3802; x_wconf 88' lang='grc' dir='ltr'>τά</span> <span class='ocrx_word' id='word_1_274' title='bbox 1150 3749 1274 3824; x_wconf 90' lang='grc' dir='ltr'>παρ’</span> <span class='ocrx_word' id='word_1_275' title='bbox 1331 3751 1476 3822; x_wconf 82' lang='grc' dir='ltr'>ἡμῶν</span> <span class='ocrx_word' id='word_1_276' title='bbox 1519 3747 1751 3820; x_wconf 86' lang='grc' dir='ltr'>ἐγκώμια</span> <span class='ocrx_word' id='word_1_277' title='bbox 1833 3755 1946 3808; x_wconf 86' lang='grc' dir='ltr'>ταῖς</span> <span class='ocrx_word' id='word_1_278' title='bbox 2020 3746 2168 3821; x_wconf 91' lang='grc' dir='ltr'>ἐμαῖς</span> <span class='ocrx_word' id='word_1_279' title='bbox 2226 3749 2481 3820; x_wconf 81' lang='grc' dir='ltr'>οἰμωγαῖς</span> 
     </span>
    </p>
   </div>
   <div class='ocr_carea' id='block_1_42' title="bbox 875 3833 2480 3912">
    <p class='ocr_par' dir='ltr' id='par_1_42' title="bbox 875 3833 2480 3912">
     <span class='ocr_line' id='line_1_42' title="bbox 875 3833 2480 3912; baseline -0.002 -20"><span class='ocrx_word' id='word_1_280' title='bbox 875 3843 1260 3912; x_wconf 88' lang='grc' dir='ltr'>συναρμόσατε,</span> <span class='ocrx_word' id='word_1_281' title='bbox 1320 3839 1402 3890; x_wconf 85' lang='grc' dir='ltr'>ἱνα</span> <span class='ocrx_word' id='word_1_282' title='bbox 1454 3841 1548 3896; x_wconf 87' lang='grc' dir='ltr'>τήν</span> <span class='ocrx_word' id='word_1_283' title='bbox 1605 3845 1697 3889; x_wconf 82' lang='grc' dir='ltr'>τοῦ</span> <span class='ocrx_word' id='word_1_284' title='bbox 1769 3833 1980 3889; x_wconf 78' lang='grc' dir='ltr'>δικαίου</span> <span class='ocrx_word' id='word_1_285' title='bbox 2061 3835 2218 3890; x_wconf 80' lang='grc' dir='ltr'>τοῦδε</span> <span class='ocrx_word' id='word_1_286' title='bbox 2270 3845 2480 3911; x_wconf 87' lang='grc' dir='ltr'>μνήμην</span> 
     </span>
    </p>
   </div>
   <div class='ocr_carea' id='block_1_43' title="bbox 872 3923 2484 4003">
    <p class='ocr_par' dir='ltr' id='par_1_43' title="bbox 872 3923 2484 4003">
     <span class='ocr_line' id='line_1_43' title="bbox 872 3923 2484 4003; baseline -0.002 -21"><span class='ocrx_word' id='word_1_287' title='bbox 872 3931 984 4003; x_wconf 87' lang='grc' dir='ltr'>μετ’</span> <span class='ocrx_word' id='word_1_288' title='bbox 1041 3928 1308 4002; x_wconf 73' lang='grc' dir='ltr'>ἐγκωμίων</span> <span class='ocrx_word' id='word_1_289' title='bbox 1355 3933 1678 4000; x_wconf 85' lang='grc' dir='ltr'>ποιήσωμεν,</span> <span class='ocrx_word' id='word_1_290' title='bbox 1728 3932 1817 3979; x_wconf 86' lang='grc' dir='ltr'>καὶ</span> <span class='ocrx_word' id='word_1_291' title='bbox 1872 3931 1942 3998; x_wconf 83' lang='grc' dir='ltr'>μὴ</span> <span class='ocrx_word' id='word_1_292' title='bbox 1999 3931 2150 3999; x_wconf 91' lang='grc' dir='ltr'>μόνον</span> <span class='ocrx_word' id='word_1_293' title='bbox 2202 3923 2484 4001; x_wconf 83' lang='grc' dir='ltr'>δακρύσω-</span> 
     </span>
    </p>
   </div>
   <div class='ocr_carea' id='block_1_44' title="bbox 871 4012 2483 4094">
    <p class='ocr_par' dir='ltr' id='par_1_44' title="bbox 871 4012 2483 4094">
     <span class='ocr_line' id='line_1_44' title="bbox 871 4012 2483 4094; baseline -0.002 -21"><span class='ocrx_word' id='word_1_294' title='bbox 871 4039 982 4093; x_wconf 89' lang='grc' dir='ltr'>μεν,</span> <span class='ocrx_word' id='word_1_295' title='bbox 1042 4018 1346 4094; x_wconf 75' lang='grc' dir='ltr'>ἀμφοτέροις</span> <span class='ocrx_word' id='word_1_296' title='bbox 1413 4021 1515 4092; x_wconf 82' lang='grc' dir='ltr'>γὰρ</span> <span class='ocrx_word' id='word_1_297' title='bbox 1583 4020 1793 4092; x_wconf 80' lang='grc' dir='ltr'>πρέπον,</span> <span class='ocrx_word' id='word_1_298' title='bbox 1847 4012 2060 4069; x_wconf 83' lang='grc' dir='ltr'>δικαίου</span> <span class='ocrx_word' id='word_1_299' title='bbox 2116 4020 2217 4091; x_wconf 82' lang='grc' dir='ltr'>γὰρ</span> <span class='ocrx_word' id='word_1_300' title='bbox 2271 4020 2483 4080; x_wconf 84' lang='grc' dir='ltr'>θάνατος</span> 
     </span>
    </p>
   </div>
   <div class='ocr_carea' id='block_1_45' title="bbox 872 4104 2477 4182">
    <p class='ocr_par' dir='ltr' id='par_1_45' title="bbox 872 4104 2477 4182">
     <span class='ocr_line' id='line_1_45' title="bbox 872 4104 2477 4182; baseline -0.001 -21"><span class='ocrx_word' id='word_1_301' title='bbox 872 4113 964 4182; x_wconf 70' lang='grc' dir='ltr'>μὲν</span> <span class='ocrx_word' id='word_1_302' title='bbox 1037 4104 1246 4182; x_wconf 87' lang='grc' dir='ltr'>δάκρυα</span> <span class='ocrx_word' id='word_1_303' title='bbox 1321 4106 1624 4159; x_wconf 87' lang='grc' dir='ltr'>ποκαλεῖται</span> <span class='ocrx_word' id='word_1_304' title='bbox 1695 4104 1989 4158; x_wconf 87' lang='grc' dir='ltr'>καταλιπὼν</span> <span class='ocrx_word' id='word_1_305' title='bbox 2031 4107 2284 4182; x_wconf 83' lang='grc' dir='ltr'>περιαλγῆ</span> <span class='ocrx_word' id='word_1_306' title='bbox 2331 4110 2477 4180; x_wconf 78' lang='grc' dir='ltr'>μετά·</span> 
     </span>
    </p>
   </div>
   <div class='ocr_carea' id='block_1_46' title="bbox 871 4192 2480 4272">
    <p class='ocr_par' dir='ltr' id='par_1_46' title="bbox 871 4192 2480 4272">
     <span class='ocr_line' id='line_1_46' title="bbox 871 4192 2480 4272; baseline -0.001 -22"><span class='ocrx_word' id='word_1_307' title='bbox 871 4197 1044 4272; x_wconf 89' lang='grc' dir='ltr'>μελον,</span> <span class='ocrx_word' id='word_1_308' title='bbox 1077 4202 1255 4269; x_wconf 87' lang='grc' dir='ltr'>μνήμη</span> <span class='ocrx_word' id='word_1_309' title='bbox 1299 4192 1359 4250; x_wconf 73' lang='grc' dir='ltr'>δέ</span> <span class='ocrx_word' id='word_1_310' title='bbox 1411 4200 1528 4269; x_wconf 88' lang='grc' dir='ltr'>περὶ</span> <span class='ocrx_word' id='word_1_311' title='bbox 1579 4203 1676 4248; x_wconf 90' lang='grc' dir='ltr'>τῶν</span> <span class='ocrx_word' id='word_1_312' title='bbox 1734 4195 2027 4255; x_wconf 80' lang='grc' dir='ltr'>ζηλούντων</span> <span class='ocrx_word' id='word_1_313' title='bbox 2075 4195 2262 4268; x_wconf 86' lang='grc' dir='ltr'>ἀρετήν</span> <span class='ocrx_word' id='word_1_314' title='bbox 2313 4197 2480 4269; x_wconf 85' lang='grc' dir='ltr'>ἐγκω-</span> 
     </span>
    </p>
   </div>
   <div class='ocr_carea' id='block_1_47' title="bbox 872 4281 2481 4362">
    <p class='ocr_par' dir='ltr' id='par_1_47' title="bbox 872 4281 2481 4362">
     <span class='ocr_line' id='line_1_47' title="bbox 872 4281 2481 4362; baseline 0.001 -23"><span class='ocrx_word' id='word_1_315' title='bbox 872 4292 1017 4361; x_wconf 88' lang='grc' dir='ltr'>μίοις</span> <span class='ocrx_word' id='word_1_316' title='bbox 1056 4284 1369 4340; x_wconf 85' lang='grc' dir='ltr'>συνδιαπλέ.</span> <span class='ocrx_word' id='word_1_317' title='bbox 1392 4327 1405 4340; x_wconf 95' lang='grc'><strong>.</strong></span> <span class='ocrx_word' id='word_1_318' title='bbox 1428 4327 1441 4340; x_wconf 94' lang='grc'><strong>.</strong></span> <span class='ocrx_word' id='word_1_319' title='bbox 1464 4327 1476 4340; x_wconf 95' lang='grc'><strong>.</strong></span> <span class='ocrx_word' id='word_1_320' title='bbox 1499 4327 1512 4341; x_wconf 92' lang='grc'><strong>.</strong></span> <span class='ocrx_word' id='word_1_321' title='bbox 1537 4329 1548 4342; x_wconf 94' lang='grc'><strong>.</strong></span> <span class='ocrx_word' id='word_1_322' title='bbox 1573 4329 1584 4340; x_wconf 92' lang='grc'>.</span> <span class='ocrx_word' id='word_1_323' title='bbox 1609 4327 1620 4340; x_wconf 96' lang='grc'><strong><em>.</em></strong></span> <span class='ocrx_word' id='word_1_324' title='bbox 1644 4327 1657 4341; x_wconf 94' lang='grc'><strong>.</strong></span> <span class='ocrx_word' id='word_1_325' title='bbox 1680 4329 1691 4340; x_wconf 91' lang='grc'><strong>.</strong></span> <span class='ocrx_word' id='word_1_326' title='bbox 1715 4327 1728 4339; x_wconf 92' lang='grc'><strong>.</strong></span> <span class='ocrx_word' id='word_1_327' title='bbox 1751 4326 1764 4341; x_wconf 93' lang='grc'><strong>.</strong></span> <span class='ocrx_word' id='word_1_328' title='bbox 1814 4281 1943 4338; x_wconf 83' lang='grc' dir='ltr'>εῖδει</span> <span class='ocrx_word' id='word_1_329' title='bbox 1991 4283 2176 4359; x_wconf 87' lang='grc' dir='ltr'>σφόδει</span> <span class='ocrx_word' id='word_1_330' title='bbox 2228 4289 2481 4362; x_wconf 86' lang='grc' dir='ltr'>παρθένος</span> 
     </span>
    </p>
   </div>
   <div class='ocr_carea' id='block_1_48' title="bbox 874 4372 2479 4451">
    <p class='ocr_par' dir='ltr' id='par_1_48' title="bbox 874 4372 2479 4451">
     <span class='ocr_line' id='line_1_48' title="bbox 874 4372 2479 4451; baseline 0 -21"><span class='ocrx_word' id='word_1_331' title='bbox 874 4376 1038 4436; x_wconf 87' lang='grc' dir='ltr'>ἐκείνη</span> <span class='ocrx_word' id='word_1_332' title='bbox 1069 4375 1158 4435; x_wconf 76' lang='grc' dir='ltr'>ἣν.</span> <span class='ocrx_word' id='word_1_333' title='bbox 1181 4419 1192 4432; x_wconf 91' lang='grc'><strong>.</strong></span> <span class='ocrx_word' id='word_1_334' title='bbox 1215 4419 1230 4433; x_wconf 85' lang='grc'><strong>.</strong></span> <span class='ocrx_word' id='word_1_335' title='bbox 1253 4419 1263 4433; x_wconf 87' lang='grc'><strong>.</strong></span> <span class='ocrx_word' id='word_1_336' title='bbox 1287 4418 1301 4431; x_wconf 90' lang='grc'><strong>.</strong></span> <span class='ocrx_word' id='word_1_337' title='bbox 1330 4373 1738 4448; x_wconf 88' lang='grc' dir='ltr'>μεγαλοπόλεως.</span> <span class='ocrx_word' id='word_1_338' title='bbox 1760 4417 1773 4431; x_wconf 91' lang='grc'><strong>.</strong></span> <span class='ocrx_word' id='word_1_339' title='bbox 1796 4415 1810 4430; x_wconf 93' lang='grc'><strong>.</strong></span> <span class='ocrx_word' id='word_1_340' title='bbox 1833 4418 1847 4431; x_wconf 92' lang='grc'>.</span> <span class='ocrx_word' id='word_1_341' title='bbox 1885 4380 1974 4428; x_wconf 82' lang='grc' dir='ltr'>καὶ</span> <span class='ocrx_word' id='word_1_342' title='bbox 2008 4372 2042 4428; x_wconf 86' lang='grc' dir='ltr'>δ</span> <span class='ocrx_word' id='word_1_343' title='bbox 2049 4380 2314 4450; x_wconf 85' lang='grc' dir='ltr'>ιαπαζομη</span> <span class='ocrx_word' id='word_1_344' title='bbox 2347 4382 2479 4451; x_wconf 88' lang='grc' dir='ltr'>πρὸς</span> 
     </span>
    </p>
   </div>
   <div class='ocr_carea' id='block_1_49' title="bbox 875 4463 2478 4540">
    <p class='ocr_par' dir='ltr' id='par_1_49' title="bbox 875 4463 2478 4540">
     <span class='ocr_line' id='line_1_49' title="bbox 875 4463 2478 4540; baseline 0.002 -21"><span class='ocrx_word' id='word_1_345' title='bbox 875 4465 999 4540; x_wconf 83' lang='grc' dir='ltr'>βίαν</span> <span class='ocrx_word' id='word_1_346' title='bbox 1030 4465 1200 4538; x_wconf 84' lang='grc' dir='ltr'>ἀπῆγε</span> <span class='ocrx_word' id='word_1_347' title='bbox 1227 4465 1472 4537; x_wconf 87' lang='grc' dir='ltr'>πολέμιος</span> <span class='ocrx_word' id='word_1_348' title='bbox 1503 4463 1772 4538; x_wconf 89' lang='grc' dir='ltr'>βάρϐαρος</span> <span class='ocrx_word' id='word_1_349' title='bbox 1808 4506 1822 4520; x_wconf 92' lang='grc'><strong>.</strong></span> <span class='ocrx_word' id='word_1_350' title='bbox 1845 4509 1858 4522; x_wconf 92' lang='grc'><strong>.</strong></span> <span class='ocrx_word' id='word_1_351' title='bbox 1882 4509 1895 4522; x_wconf 85' lang='grc'><strong>.</strong></span> <span class='ocrx_word' id='word_1_352' title='bbox 1917 4471 2153 4529; x_wconf 88' lang='grc' dir='ltr'>.ότατος,</span> <span class='ocrx_word' id='word_1_353' title='bbox 2175 4509 2187 4522; x_wconf 94' lang='grc'><strong>.</strong></span> <span class='ocrx_word' id='word_1_354' title='bbox 2210 4512 2223 4524; x_wconf 91' lang='grc'><strong>.</strong></span> <span class='ocrx_word' id='word_1_355' title='bbox 2246 4510 2258 4523; x_wconf 91' lang='grc'><strong>.</strong></span> <span class='ocrx_word' id='word_1_356' title='bbox 2289 4468 2478 4532; x_wconf 89' lang='grc' dir='ltr'>ἐκεῖνος</span> 
     </span>
    </p>
   </div>
   <div class='ocr_carea' id='block_1_50' title="bbox 1487 607 2488 690">
    <p class='ocr_par' dir='ltr' id='par_1_50' title="bbox 1487 607 2488 690">
     <span class='ocr_line' id='line_1_50' title="bbox 1487 607 2488 690; baseline -0.012 -20"><span class='ocrx_word' id='word_1_357' title='bbox 1487 613 1669 678; x_wconf 82' lang='grc' dir='ltr'>ὠδῖνος</span> <span class='ocrx_word' id='word_1_358' title='bbox 1749 620 1912 690; x_wconf 88' lang='grc' dir='ltr'>φέρειν</span> <span class='ocrx_word' id='word_1_359' title='bbox 1990 614 2262 686; x_wconf 84' lang='grc' dir='ltr'>ἀνέκφορον</span> <span class='ocrx_word' id='word_1_360' title='bbox 2318 613 2408 660; x_wconf 85' lang='grc' dir='ltr'>καὶ</span> <span class='ocrx_word' id='word_1_361' title='bbox 2448 607 2488 678; x_wconf 81' lang='grc' dir='ltr'><em>ᾧ</em></span> 
     </span>
    </p>
   </div>
   <div class='ocr_carea' id='block_1_51' title="bbox 866 696 2485 782">
    <p class='ocr_par' dir='ltr' id='par_1_51' title="bbox 866 696 2485 782">
     <span class='ocr_line' id='line_1_51' title="bbox 866 696 2485 782; baseline -0.004 -18"><span class='ocrx_word' id='word_1_362' title='bbox 866 712 1335 782; x_wconf 83' lang='grc' dir='ltr'>συναποθανοῦμαι</span> <span class='ocrx_word' id='word_1_363' title='bbox 1373 710 1432 761; x_wconf 87' lang='grc' dir='ltr'>τὸ</span> <span class='ocrx_word' id='word_1_364' title='bbox 1463 705 1838 781; x_wconf 84' lang='grc' dir='ltr'>βραχυήμερον</span> <span class='ocrx_word' id='word_1_365' title='bbox 1877 713 1973 767; x_wconf 85' lang='grc' dir='ltr'>τῆς</span> <span class='ocrx_word' id='word_1_366' title='bbox 2026 708 2248 776; x_wconf 87' lang='grc' dir='ltr'>μογερῆς</span> <span class='ocrx_word' id='word_1_367' title='bbox 2304 696 2485 770; x_wconf 80' lang='grc' dir='ltr'>βιοτῆς</span> 
     </span>
    </p>
   </div>
   <div class='ocr_carea' id='block_1_52' title="bbox 1495 787 2486 863">
    <p class='ocr_par' dir='ltr' id='par_1_52' title="bbox 1495 787 2486 863">
     <span class='ocr_line' id='line_1_52' title="bbox 1495 787 2486 863; baseline -0.009 -15"><span class='ocrx_word' id='word_1_368' title='bbox 1495 800 1585 848; x_wconf 83' lang='grc' dir='ltr'>καὶ</span> <span class='ocrx_word' id='word_1_369' title='bbox 1617 799 1863 852; x_wconf 83' lang='grc' dir='ltr'>κείσομαι</span> <span class='ocrx_word' id='word_1_370' title='bbox 1891 794 1985 846; x_wconf 80' lang='grc' dir='ltr'>ούκ</span> <span class='ocrx_word' id='word_1_371' title='bbox 2029 790 2126 845; x_wconf 65' lang='grc' dir='ltr'>οἷό*</span> <span class='ocrx_word' id='word_1_372' title='bbox 2172 792 2290 843; x_wconf 87' lang='grc' dir='ltr'>ὅποι</span> <span class='ocrx_word' id='word_1_373' title='bbox 2318 787 2486 863; x_wconf 79' lang='grc' dir='ltr'>βαρά-</span> 
     </span>
    </p>
   </div>
   <div class='ocr_carea' id='block_1_53' title="bbox 2596 620 4196 696">
    <p class='ocr_par' dir='ltr' id='par_1_53' title="bbox 2596 620 4196 696">
     <span class='ocr_line' id='line_1_53' title="bbox 2596 620 4196 696; baseline 0.001 -23"><span class='ocrx_word' id='word_1_374' title='bbox 2596 638 2716 673; x_wconf 89' lang='grc' dir='ltr'>ποτε</span> <span class='ocrx_word' id='word_1_375' title='bbox 2762 625 2851 673; x_wconf 83' lang='grc' dir='ltr'>καὶ</span> <span class='ocrx_word' id='word_1_376' title='bbox 2902 621 3159 696; x_wconf 83' lang='grc' dir='ltr'>Ἡρακλῆς</span> <span class='ocrx_word' id='word_1_377' title='bbox 3210 623 3452 681; x_wconf 78' lang='grc' dir='ltr'>Ἡσιόνην</span> <span class='ocrx_word' id='word_1_378' title='bbox 3503 620 3962 694; x_wconf 86' lang='grc' dir='ltr'>παραϐεϐλημένην</span> <span class='ocrx_word' id='word_1_379' title='bbox 4017 621 4196 694; x_wconf 85' lang='grc' dir='ltr'>ἐναλίῳ</span> 
     </span>
    </p>
   </div>
   <div class='ocr_carea' id='block_1_54' title="bbox 2597 706 4198 784">
    <p class='ocr_par' dir='ltr' id='par_1_54' title="bbox 2597 706 4198 784">
     <span class='ocr_line' id='line_1_54' title="bbox 2597 706 4198 784; baseline 0.001 -24"><span class='ocrx_word' id='word_1_380' title='bbox 2597 709 2741 781; x_wconf 82' lang='grc' dir='ltr'>θηρὶ,</span> <span class='ocrx_word' id='word_1_381' title='bbox 2782 711 2848 770; x_wconf 84' lang='grc' dir='ltr'>ὡς</span> <span class='ocrx_word' id='word_1_382' title='bbox 2898 706 2949 762; x_wconf 79' lang='grc' dir='ltr'>δ’</span> <span class='ocrx_word' id='word_1_383' title='bbox 2982 712 3152 774; x_wconf 79' lang='grc' dir='ltr'>αὔτως</span> <span class='ocrx_word' id='word_1_384' title='bbox 3200 718 3288 765; x_wconf 85' lang='grc' dir='ltr'>καὶ</span> <span class='ocrx_word' id='word_1_385' title='bbox 3343 707 3700 784; x_wconf 80' lang='grc' dir='ltr'>Ἀνδρομέδαν</span> <span class='ocrx_word' id='word_1_386' title='bbox 3759 713 4006 783; x_wconf 91' lang='grc' dir='ltr'>Περσεύς.</span> <span class='ocrx_word' id='word_1_387' title='bbox 4043 710 4198 763; x_wconf 79' lang='grc' dir='ltr'>Ἀλλὰ</span> 
     </span>
    </p>
   </div>
   <div class='ocr_carea' id='block_1_55' title="bbox 2594 795 4203 876">
    <p class='ocr_par' dir='ltr' id='par_1_55' title="bbox 2594 795 4203 876">
     <span class='ocr_line' id='line_1_55' title="bbox 2594 795 4203 876; baseline 0.002 -29"><span class='ocrx_word' id='word_1_388' title='bbox 2594 795 3018 870; x_wconf 83' lang='grc' dir='ltr'>ὡπλισμένοικαὶ</span> <span class='ocrx_word' id='word_1_389' title='bbox 3053 797 3272 876; x_wconf 86' lang='grc' dir='ltr'>σίδηρον</span> <span class='ocrx_word' id='word_1_390' title='bbox 3312 799 3717 873; x_wconf 86' lang='grc' dir='ltr'>προϐεϐλημένοι</span> <span class='ocrx_word' id='word_1_391' title='bbox 3747 801 3875 871; x_wconf 85' lang='grc' dir='ltr'>πρὸς</span> <span class='ocrx_word' id='word_1_392' title='bbox 3942 801 4008 850; x_wconf 85' lang='grc' dir='ltr'>τά</span> <span class='ocrx_word' id='word_1_393' title='bbox 4063 803 4203 857; x_wconf 88' lang='grc' dir='ltr'>κήτη</span> 
     </span>
    </p>
   </div>
   <div class='ocr_carea' id='block_1_56' title="bbox 2592 885 4194 964">
    <p class='ocr_par' dir='ltr' id='par_1_56' title="bbox 2592 885 4194 964">
     <span class='ocr_line' id='line_1_56' title="bbox 2592 885 4194 964; baseline 0.001 -27"><span class='ocrx_word' id='word_1_394' title='bbox 2592 885 2992 960; x_wconf 87' lang='grc' dir='ltr'>παρεϐάλλοντο,</span> <span class='ocrx_word' id='word_1_395' title='bbox 3071 897 3160 943; x_wconf 81' lang='grc' dir='ltr'>καὶ</span> <span class='ocrx_word' id='word_1_396' title='bbox 3240 895 3416 964; x_wconf 88' lang='grc' dir='ltr'>σφίσιν</span> <span class='ocrx_word' id='word_1_397' title='bbox 3499 888 3678 950; x_wconf 70' lang='grc' dir='ltr'>αὐτοῖς</span> <span class='ocrx_word' id='word_1_398' title='bbox 3763 890 3855 948; x_wconf 81' lang='grc' dir='ltr'>τὰς</span> <span class='ocrx_word' id='word_1_399' title='bbox 3906 889 4194 960; x_wconf 82' lang='grc' dir='ltr'>παρθένους</span> 
     </span>
    </p>
   </div>
   <div class='ocr_carea' id='block_1_57' title="bbox 2596 972 4195 1051">
    <p class='ocr_par' dir='ltr' id='par_1_57' title="bbox 2596 972 4195 1051">
     <span class='ocr_line' id='line_1_57' title="bbox 2596 972 4195 1051; baseline 0.002 -26"><span class='ocrx_word' id='word_1_400' title='bbox 2596 972 2928 1046; x_wconf 83' lang='grc' dir='ltr'>ἐμνήστευον.</span> <span class='ocrx_word' id='word_1_401' title='bbox 3010 976 3068 1031; x_wconf 89' lang='grc' dir='ltr'><strong>Ὀ</strong></span> <span class='ocrx_word' id='word_1_402' title='bbox 3141 975 3200 1032; x_wconf 75' lang='grc' dir='ltr'>δε</span> <span class='ocrx_word' id='word_1_403' title='bbox 3271 978 3421 1050; x_wconf 74' lang='grc' dir='ltr'>ψιλὸς</span> <span class='ocrx_word' id='word_1_404' title='bbox 3478 979 3638 1051; x_wconf 86' lang='grc' dir='ltr'>ὁμόσε</span> <span class='ocrx_word' id='word_1_405' title='bbox 3684 981 3982 1050; x_wconf 84' lang='grc' dir='ltr'>κεχώρηκεν</span> <span class='ocrx_word' id='word_1_406' title='bbox 4038 975 4195 1028; x_wconf 84' lang='grc' dir='ltr'>ὠπλι-</span> 
     </span>
    </p>
   </div>
   <div class='ocr_carea' id='block_1_58' title="bbox 2596 1064 4201 1139">
    <p class='ocr_par' dir='ltr' id='par_1_58' title="bbox 2596 1064 4201 1139">
     <span class='ocr_line' id='line_1_58' title="bbox 2596 1064 4201 1139; baseline 0.001 -24"><span class='ocrx_word' id='word_1_407' title='bbox 2596 1068 2765 1136; x_wconf 84' lang='grc' dir='ltr'>σμένῳ</span> <span class='ocrx_word' id='word_1_408' title='bbox 2793 1069 2958 1139; x_wconf 80' lang='grc' dir='ltr'>θηρίῳ</span> <span class='ocrx_word' id='word_1_409' title='bbox 2981 1072 3070 1120; x_wconf 83' lang='grc' dir='ltr'>καὶ</span> <span class='ocrx_word' id='word_1_410' title='bbox 3094 1064 3267 1139; x_wconf 67' lang='grc' dir='ltr'>ψεύδη</span> <span class='ocrx_word' id='word_1_411' title='bbox 3300 1070 3401 1121; x_wconf 83' lang='grc' dir='ltr'>ὅσα</span> <span class='ocrx_word' id='word_1_412' title='bbox 3461 1071 3550 1119; x_wconf 86' lang='grc' dir='ltr'>καὶ</span> <span class='ocrx_word' id='word_1_413' title='bbox 3603 1065 3948 1139; x_wconf 80' lang='grc' dir='ltr'>προϐλήματα</span> <span class='ocrx_word' id='word_1_414' title='bbox 3984 1067 4201 1139; x_wconf 81' lang='grc' dir='ltr'>χρησά-</span> 
     </span>
    </p>
   </div>
   <div class='ocr_carea' id='block_1_59' title="bbox 2595 1151 4203 1227">
    <p class='ocr_par' dir='ltr' id='par_1_59' title="bbox 2595 1151 4203 1227">
     <span class='ocr_line' id='line_1_59' title="bbox 2595 1151 4203 1227; baseline 0.001 -22"><span class='ocrx_word' id='word_1_415' title='bbox 2595 1171 2746 1225; x_wconf 89' lang='grc' dir='ltr'>μενος</span> <span class='ocrx_word' id='word_1_416' title='bbox 2778 1155 2804 1206; x_wconf 91' lang='grc' dir='ltr'>ό</span> <span class='ocrx_word' id='word_1_417' title='bbox 2853 1153 3097 1219; x_wconf 86' lang='grc' dir='ltr'>ἀληθενός</span> <span class='ocrx_word' id='word_1_418' title='bbox 3139 1161 3292 1218; x_wconf 84' lang='grc' dir='ltr'>ὅντως</span> <span class='ocrx_word' id='word_1_419' title='bbox 3346 1161 3437 1209; x_wconf 85' lang='grc' dir='ltr'>καὶ</span> <span class='ocrx_word' id='word_1_420' title='bbox 3490 1151 3730 1226; x_wconf 74' lang='grc' dir='ltr'>ἀψευδής</span> <span class='ocrx_word' id='word_1_421' title='bbox 3778 1156 4052 1227; x_wconf 19' lang='grc' dir='ltr'>’ἄνθρωπος</span> <span class='ocrx_word' id='word_1_422' title='bbox 4108 1152 4203 1206; x_wconf 81' lang='grc' dir='ltr'>ού-</span> 
     </span>
    </p>
   </div>
   <div class='ocr_carea' id='block_1_60' title="bbox 2587 1242 3939 1320">
    <p class='ocr_par' dir='ltr' id='par_1_60' title="bbox 2587 1242 3939 1320">
     <span class='ocr_line' id='line_1_60' title="bbox 2587 1242 3939 1320; baseline 0.002 -26"><span class='ocrx_word' id='word_1_423' title='bbox 2587 1261 2692 1308; x_wconf 89' lang='grc' dir='ltr'>τος,</span> <span class='ocrx_word' id='word_1_424' title='bbox 2728 1242 2979 1318; x_wconf 75' lang='grc' dir='ltr'>ἀνέπαφον</span> <span class='ocrx_word' id='word_1_425' title='bbox 3007 1251 3101 1306; x_wconf 83' lang='grc' dir='ltr'>τήν</span> <span class='ocrx_word' id='word_1_426' title='bbox 3129 1253 3288 1320; x_wconf 88' lang='grc' dir='ltr'>κόρην</span> <span class='ocrx_word' id='word_1_427' title='bbox 3318 1254 3390 1317; x_wconf 84' lang='grc' dir='ltr'>τῷ</span> <span class='ocrx_word' id='word_1_428' title='bbox 3421 1250 3580 1318; x_wconf 82' lang='grc' dir='ltr'>πατρὶ</span> <span class='ocrx_word' id='word_1_429' title='bbox 3618 1243 3939 1298; x_wconf 86' lang='grc' dir='ltr'>ἀνεσώσατο.</span> 
     </span>
    </p>
   </div>
   <div class='ocr_carea' id='block_1_61' title="bbox 2660 1327 4194 1407">
    <p class='ocr_par' dir='ltr' id='par_1_61' title="bbox 2660 1327 4194 1407">
     <span class='ocr_line' id='line_1_61' title="bbox 2660 1327 4194 1407; baseline -0.001 -23"><span class='ocrx_word' id='word_1_430' title='bbox 2660 1339 2862 1405; x_wconf 83' lang='grc' dir='ltr'>Συμεὼν</span> <span class='ocrx_word' id='word_1_431' title='bbox 2896 1331 2954 1387; x_wconf 78' lang='grc' dir='ltr'>δε</span> <span class='ocrx_word' id='word_1_432' title='bbox 2984 1340 3072 1388; x_wconf 75' lang='grc' dir='ltr'>καὶ</span> <span class='ocrx_word' id='word_1_433' title='bbox 3104 1339 3233 1389; x_wconf 85' lang='grc' dir='ltr'>Λευί</span> <span class='ocrx_word' id='word_1_434' title='bbox 3283 1345 3383 1389; x_wconf 89' lang='grc' dir='ltr'>τῶν</span> <span class='ocrx_word' id='word_1_435' title='bbox 3438 1333 3770 1407; x_wconf 78' lang='grc' dir='ltr'>βιασαμένων</span> <span class='ocrx_word' id='word_1_436' title='bbox 3819 1336 3912 1390; x_wconf 84' lang='grc' dir='ltr'>τήν</span> <span class='ocrx_word' id='word_1_437' title='bbox 3965 1327 4194 1403; x_wconf 80' lang='grc' dir='ltr'>ἀδελφήν</span> 
     </span>
    </p>
   </div>
   <div class='ocr_carea' id='block_1_62' title="bbox 2590 1418 4196 1498">
    <p class='ocr_par' dir='ltr' id='par_1_62' title="bbox 2590 1418 4196 1498">
     <span class='ocr_line' id='line_1_62' title="bbox 2590 1418 4196 1498; baseline -0.001 -27"><span class='ocrx_word' id='word_1_438' title='bbox 2590 1418 2908 1490; x_wconf 81' lang='grc' dir='ltr'>ἀπήλλαξαν,</span> <span class='ocrx_word' id='word_1_439' title='bbox 2970 1422 3096 1476; x_wconf 88' lang='grc' dir='ltr'>ἀλλά</span> <span class='ocrx_word' id='word_1_440' title='bbox 3169 1427 3300 1497; x_wconf 79' lang='grc' dir='ltr'>μετὰ</span> <span class='ocrx_word' id='word_1_441' title='bbox 3354 1425 3547 1498; x_wconf 89' lang='grc' dir='ltr'>φθοράν</span> <span class='ocrx_word' id='word_1_442' title='bbox 3613 1427 3705 1474; x_wconf 84' lang='grc' dir='ltr'>καὶ</span> <span class='ocrx_word' id='word_1_443' title='bbox 3756 1420 4196 1494; x_wconf 86' lang='grc' dir='ltr'>περιυϐρισμένην</span> 
     </span>
    </p>
   </div>
   <div class='ocr_carea' id='block_1_63' title="bbox 2593 1507 4201 1586">
    <p class='ocr_par' dir='ltr' id='par_1_63' title="bbox 2593 1507 4201 1586">
     <span class='ocr_line' id='line_1_63' title="bbox 2593 1507 4201 1586; baseline -0.006 -17"><span class='ocrx_word' id='word_1_444' title='bbox 2593 1507 2699 1569; x_wconf 73' lang='grc' dir='ltr'>ἤδη</span> <span class='ocrx_word' id='word_1_445' title='bbox 2760 1517 2848 1565; x_wconf 87' lang='grc' dir='ltr'>καὶ</span> <span class='ocrx_word' id='word_1_446' title='bbox 2900 1513 3048 1586; x_wconf 82' lang='grc' dir='ltr'>μόλις</span> <span class='ocrx_word' id='word_1_447' title='bbox 3100 1519 3188 1566; x_wconf 86' lang='grc' dir='ltr'>καὶ</span> <span class='ocrx_word' id='word_1_448' title='bbox 3221 1510 3315 1566; x_wconf 81' lang='grc' dir='ltr'>διὰ</span> <span class='ocrx_word' id='word_1_449' title='bbox 3374 1512 3565 1565; x_wconf 84' lang='grc' dir='ltr'>κύκλου</span> <span class='ocrx_word' id='word_1_450' title='bbox 3627 1509 4088 1583; x_wconf 77' lang='grc' dir='ltr'>ἀγκυλογνώμονος</span> <span class='ocrx_word' id='word_1_451' title='bbox 4113 1513 4201 1560; x_wconf 86' lang='lat' dir='ltr'>xui</span> 
     </span>
    </p>
   </div>
   <div class='ocr_carea' id='block_1_64' title="bbox 2588 1599 4200 1675">
    <p class='ocr_par' dir='ltr' id='par_1_64' title="bbox 2588 1599 4200 1675">
     <span class='ocr_line' id='line_1_64' title="bbox 2588 1599 4200 1675; baseline -0.001 -24"><span class='ocrx_word' id='word_1_452' title='bbox 2588 1603 2719 1672; x_wconf 88' lang='grc' dir='ltr'>μετά</span> <span class='ocrx_word' id='word_1_453' title='bbox 2769 1607 2954 1675; x_wconf 89' lang='grc' dir='ltr'>μυρίον</span> <span class='ocrx_word' id='word_1_454' title='bbox 3010 1606 3156 1675; x_wconf 90' lang='grc' dir='ltr'>φόνον</span> <span class='ocrx_word' id='word_1_455' title='bbox 3213 1607 3301 1654; x_wconf 85' lang='grc' dir='ltr'>καὶ</span> <span class='ocrx_word' id='word_1_456' title='bbox 3376 1601 3492 1662; x_wconf 85' lang='grc' dir='ltr'>ὅλης</span> <span class='ocrx_word' id='word_1_457' title='bbox 3543 1600 3733 1660; x_wconf 82' lang='grc' dir='ltr'>πόλεως</span> <span class='ocrx_word' id='word_1_458' title='bbox 3790 1599 4016 1674; x_wconf 79' lang='grc' dir='ltr'>ὀλεθρον,</span> <span class='ocrx_word' id='word_1_459' title='bbox 4069 1600 4200 1650; x_wconf 78' lang='grc' dir='ltr'>ὥστε</span> 
     </span>
    </p>
   </div>
   <div class='ocr_carea' id='block_1_65' title="bbox 2589 1684 4203 1765">
    <p class='ocr_par' dir='ltr' id='par_1_65' title="bbox 2589 1684 4203 1765">
     <span class='ocr_line' id='line_1_65' title="bbox 2589 1684 4203 1765; baseline -0.001 -26"><span class='ocrx_word' id='word_1_460' title='bbox 2589 1684 2712 1741; x_wconf 76' lang='grc' dir='ltr'>ούδέ</span> <span class='ocrx_word' id='word_1_461' title='bbox 2765 1689 3166 1765; x_wconf 80' lang='grc' dir='ltr'>παρεξεταστέον</span> <span class='ocrx_word' id='word_1_462' title='bbox 3220 1693 3431 1751; x_wconf 80' lang='grc' dir='ltr'>τούτους</span> <span class='ocrx_word' id='word_1_463' title='bbox 3487 1692 3612 1764; x_wconf 85' lang='grc' dir='ltr'>πρὸς</span> <span class='ocrx_word' id='word_1_464' title='bbox 3659 1692 3745 1740; x_wconf 82' lang='grc' dir='ltr'>τόν</span> <span class='ocrx_word' id='word_1_465' title='bbox 3805 1686 4203 1758; x_wconf 82' lang='grc' dir='ltr'>ἐπαναγαγόντα</span> 
     </span>
    </p>
   </div>
   <div class='ocr_carea' id='block_1_66' title="bbox 2588 1776 4201 1854">
    <p class='ocr_par' dir='ltr' id='par_1_66' title="bbox 2588 1776 4201 1854">
     <span class='ocr_line' id='line_1_66' title="bbox 2588 1776 4201 1854; baseline -0.001 -26"><span class='ocrx_word' id='word_1_466' title='bbox 2588 1781 2683 1835; x_wconf 89' lang='grc' dir='ltr'>τήν</span> <span class='ocrx_word' id='word_1_467' title='bbox 2711 1776 3041 1852; x_wconf 79' lang='grc' dir='ltr'>ἀπαγομένην</span> <span class='ocrx_word' id='word_1_468' title='bbox 3066 1781 3264 1854; x_wconf 81' lang='grc' dir='ltr'>ῥήματι</span> <span class='ocrx_word' id='word_1_469' title='bbox 3321 1784 3459 1851; x_wconf 84' lang='grc' dir='ltr'>μόνῳ</span> <span class='ocrx_word' id='word_1_470' title='bbox 3513 1777 3766 1850; x_wconf 87' lang='grc' dir='ltr'>ἀναιμωτὶ</span> <span class='ocrx_word' id='word_1_471' title='bbox 3827 1778 4062 1849; x_wconf 79' lang='grc' dir='ltr'>καθαρὰν</span> <span class='ocrx_word' id='word_1_472' title='bbox 4111 1780 4201 1827; x_wconf 86' lang='grc' dir='ltr'>καὶ</span> 
     </span>
    </p>
   </div>
   <div class='ocr_carea' id='block_1_67' title="bbox 2592 1864 4201 1943">
    <p class='ocr_par' dir='ltr' id='par_1_67' title="bbox 2592 1864 4201 1943">
     <span class='ocr_line' id='line_1_67' title="bbox 2592 1864 4201 1943; baseline -0.001 -26"><span class='ocrx_word' id='word_1_473' title='bbox 2592 1864 2921 1941; x_wconf 85' lang='grc' dir='ltr'>ἀνύϐριστον.</span> <span class='ocrx_word' id='word_1_474' title='bbox 2975 1872 3088 1922; x_wconf 83' lang='grc' dir='ltr'>Σὶὀν</span> <span class='ocrx_word' id='word_1_475' title='bbox 3148 1873 3238 1943; x_wconf 71' lang='grc' dir='ltr'>μὲν</span> <span class='ocrx_word' id='word_1_476' title='bbox 3277 1866 3401 1922; x_wconf 88' lang='grc' dir='ltr'>οἶδα</span> <span class='ocrx_word' id='word_1_477' title='bbox 3454 1875 3544 1921; x_wconf 79' lang='grc' dir='ltr'>τού</span> <span class='ocrx_word' id='word_1_478' title='bbox 3601 1866 3840 1941; x_wconf 78' lang='grc' dir='ltr'>Ἀϐραὰμ</span> <span class='ocrx_word' id='word_1_479' title='bbox 3899 1869 3984 1917; x_wconf 85' lang='grc' dir='ltr'>τόν</span> <span class='ocrx_word' id='word_1_480' title='bbox 4045 1864 4201 1916; x_wconf 88' lang='grc' dir='ltr'>καλόν</span> 
     </span>
    </p>
   </div>
   <div class='ocr_carea' id='block_1_68' title="bbox 2591 1955 4201 2029">
    <p class='ocr_par' dir='ltr' id='par_1_68' title="bbox 2591 1955 4201 2029">
     <span class='ocr_line' id='line_1_68' title="bbox 2591 1955 4201 2029; baseline -0.002 -20"><span class='ocrx_word' id='word_1_481' title='bbox 2591 1955 2950 2016; x_wconf 84' lang='grc' dir='ltr'>εἰσποιηθέντα</span> <span class='ocrx_word' id='word_1_482' title='bbox 2985 1955 3077 2012; x_wconf 71' lang='grc' dir='ltr'>διὰ</span> <span class='ocrx_word' id='word_1_483' title='bbox 3107 1968 3202 2021; x_wconf 86' lang='grc' dir='ltr'>τῆς</span> <span class='ocrx_word' id='word_1_484' title='bbox 3245 1963 3491 2024; x_wconf 88' lang='grc' dir='ltr'>πίστεως,</span> <span class='ocrx_word' id='word_1_485' title='bbox 3536 1955 3662 2010; x_wconf 83' lang='grc' dir='ltr'>ἀλλά</span> <span class='ocrx_word' id='word_1_486' title='bbox 3709 1958 3983 2029; x_wconf 84' lang='grc' dir='ltr'>θαρσήσας</span> <span class='ocrx_word' id='word_1_487' title='bbox 4023 1958 4201 2025; x_wconf 83' lang='grc' dir='ltr'>εἴποιμ</span> 
     </span>
    </p>
   </div>
   <div class='ocr_carea' id='block_1_69' title="bbox 2591 2043 4200 2125">
    <p class='ocr_par' dir='ltr' id='par_1_69' title="bbox 2591 2043 4200 2125">
     <span class='ocr_line' id='line_1_69' title="bbox 2591 2043 4200 2125; baseline -0.002 -27"><span class='ocrx_word' id='word_1_488' title='bbox 2591 2045 2650 2098; x_wconf 84' lang='grc' dir='ltr'>ἀν</span> <span class='ocrx_word' id='word_1_489' title='bbox 2697 2057 2797 2100; x_wconf 83' lang='grc' dir='ltr'>τῶν</span> <span class='ocrx_word' id='word_1_490' title='bbox 2869 2053 2987 2125; x_wconf 69' lang='grc' dir='ltr'>περὶ¹</span> <span class='ocrx_word' id='word_1_491' title='bbox 3045 2051 3131 2100; x_wconf 89' lang='grc' dir='ltr'>τόν</span> <span class='ocrx_word' id='word_1_492' title='bbox 3193 2047 3432 2120; x_wconf 74' lang='grc' dir='ltr'>Ἀϐραὰμ</span> <span class='ocrx_word' id='word_1_493' title='bbox 3495 2050 3726 2119; x_wconf 85' lang='grc' dir='ltr'>πατέρων</span> <span class='ocrx_word' id='word_1_494' title='bbox 3791 2045 3906 2117; x_wconf 72' lang='grc' dir='ltr'>μεγ’</span> <span class='ocrx_word' id='word_1_495' title='bbox 3955 2043 4200 2116; x_wconf 84' lang='grc' dir='ltr'>ἀμύμονα</span> 
     </span>
    </p>
   </div>
   <div class='ocr_carea' id='block_1_70' title="bbox 2588 2134 4197 2211">
    <p class='ocr_par' dir='ltr' id='par_1_70' title="bbox 2588 2134 4197 2211">
     <span class='ocr_line' id='line_1_70' title="bbox 2588 2134 4197 2211; baseline -0.002 -23"><span class='ocrx_word' id='word_1_496' title='bbox 2588 2144 2769 2188; x_wconf 72' lang='grc' dir='ltr'>τοῦτον</span> <span class='ocrx_word' id='word_1_497' title='bbox 2852 2134 2999 2205; x_wconf 85' lang='grc' dir='ltr'>εἶναι,</span> <span class='ocrx_word' id='word_1_498' title='bbox 3079 2139 3303 2189; x_wconf 87' lang='grc' dir='ltr'>καθόσον</span> <span class='ocrx_word' id='word_1_499' title='bbox 3381 2135 3621 2211; x_wconf 83' lang='grc' dir='ltr'>Ἀϐραὰμ</span> <span class='ocrx_word' id='word_1_500' title='bbox 3693 2138 3782 2208; x_wconf 69' lang='grc' dir='ltr'>μὲν</span> <span class='ocrx_word' id='word_1_501' title='bbox 3830 2136 3960 2206; x_wconf 82' lang='grc' dir='ltr'>πρὸς</span> <span class='ocrx_word' id='word_1_502' title='bbox 4008 2137 4197 2205; x_wconf 76' lang='grc' dir='ltr'>Φαραὼ</span> 
     </span>
    </p>
   </div>
   <div class='ocr_carea' id='block_1_71' title="bbox 2588 2221 4201 2300">
    <p class='ocr_par' dir='ltr' id='par_1_71' title="bbox 2588 2221 4201 2300">
     <span class='ocr_line' id='line_1_71' title="bbox 2588 2221 4201 2300; baseline -0.003 -22"><span class='ocrx_word' id='word_1_503' title='bbox 2588 2231 2836 2299; x_wconf 88' lang='grc' dir='ltr'>πρότερον</span> <span class='ocrx_word' id='word_1_504' title='bbox 2866 2232 2956 2279; x_wconf 87' lang='grc' dir='ltr'>καὶ</span> <span class='ocrx_word' id='word_1_505' title='bbox 2985 2225 3267 2299; x_wconf 78' lang='grc' dir='ltr'>Ἀϐιμελεχ</span> <span class='ocrx_word' id='word_1_506' title='bbox 3307 2227 3521 2300; x_wconf 76' lang='grc' dir='ltr'>ὕστερον</span> <span class='ocrx_word' id='word_1_507' title='bbox 3583 2221 3808 2296; x_wconf 80' lang='grc' dir='ltr'>ἀδελφήν</span> <span class='ocrx_word' id='word_1_508' title='bbox 3857 2223 3914 2275; x_wconf 80' lang='grc' dir='ltr'>ού</span> <span class='ocrx_word' id='word_1_509' title='bbox 3972 2230 4201 2293; x_wconf 88' lang='grc' dir='ltr'>γυναῖκα</span> 
     </span>
    </p>
   </div>
   <div class='ocr_carea' id='block_1_72' title="bbox 2589 2310 4202 2392">
    <p class='ocr_par' dir='ltr' id='par_1_72' title="bbox 2589 2310 4202 2392">
     <span class='ocr_line' id='line_1_72' title="bbox 2589 2310 4202 2392; baseline -0.004 -24"><span class='ocrx_word' id='word_1_510' title='bbox 2589 2314 2775 2368; x_wconf 70' lang='grc' dir='ltr'>ἑαυτοῦ</span> <span class='ocrx_word' id='word_1_511' title='bbox 2827 2322 2920 2376; x_wconf 84' lang='grc' dir='ltr'>τήν</span> <span class='ocrx_word' id='word_1_512' title='bbox 2961 2316 3156 2392; x_wconf 79' lang='grc' dir='ltr'>Σάρραν</span> <span class='ocrx_word' id='word_1_513' title='bbox 3188 2316 3350 2389; x_wconf 78' lang='grc' dir='ltr'>ἔλεγεν</span> <span class='ocrx_word' id='word_1_514' title='bbox 3385 2317 3487 2376; x_wconf 85' lang='grc' dir='ltr'>·ὡς</span> <span class='ocrx_word' id='word_1_515' title='bbox 3542 2311 3600 2367; x_wconf 79' lang='grc' dir='ltr'>δε</span> <span class='ocrx_word' id='word_1_516' title='bbox 3655 2319 3744 2365; x_wconf 89' lang='grc' dir='ltr'>καὶ</span> <span class='ocrx_word' id='word_1_517' title='bbox 3791 2316 3884 2370; x_wconf 88' lang='grc' dir='ltr'>τήν</span> <span class='ocrx_word' id='word_1_518' title='bbox 3936 2310 4202 2364; x_wconf 81' lang='grc' dir='ltr'>Ῥεϐέκκαν</span> 
     </span>
    </p>
   </div>
   <div class='ocr_carea' id='block_1_73' title="bbox 2590 2400 4204 2479">
    <p class='ocr_par' dir='ltr' id='par_1_73' title="bbox 2590 2400 4204 2479">
     <span class='ocr_line' id='line_1_73' title="bbox 2590 2400 4204 2479; baseline -0.004 -22"><span class='ocrx_word' id='word_1_519' title='bbox 2590 2407 2616 2457; x_wconf 89' lang='grc' dir='ltr'>ό</span> <span class='ocrx_word' id='word_1_520' title='bbox 2672 2405 2855 2459; x_wconf 80' lang='grc' dir='ltr'>Ἰσαὰκ</span> <span class='ocrx_word' id='word_1_521' title='bbox 2923 2403 3322 2479; x_wconf 79' lang='grc' dir='ltr'>δειματούμενοι</span> <span class='ocrx_word' id='word_1_522' title='bbox 3375 2409 3464 2457; x_wconf 87' lang='grc' dir='ltr'>καὶ</span> <span class='ocrx_word' id='word_1_523' title='bbox 3519 2400 3894 2475; x_wconf 87' lang='grc' dir='ltr'>δειλαινόμενοι</span> <span class='ocrx_word' id='word_1_524' title='bbox 3948 2408 4204 2472; x_wconf 85' lang='grc' dir='ltr'>γυναῖκας</span> 
     </span>
    </p>
   </div>
   <div class='ocr_carea' id='block_1_74' title="bbox 2585 2491 4203 2569">
    <p class='ocr_par' dir='ltr' id='par_1_74' title="bbox 2585 2491 4203 2569">
     <span class='ocr_line' id='line_1_74' title="bbox 2585 2491 4203 2569; baseline -0.004 -22"><span class='ocrx_word' id='word_1_525' title='bbox 2585 2494 2778 2548; x_wconf 77' lang='grc' dir='ltr'>ἑαυτῶν</span> <span class='ocrx_word' id='word_1_526' title='bbox 2818 2496 2987 2548; x_wconf 83' lang='grc' dir='ltr'>καλεῖν</span> <span class='ocrx_word' id='word_1_527' title='bbox 3019 2500 3090 2569; x_wconf 82' lang='grc' dir='ltr'>μή</span> <span class='ocrx_word' id='word_1_528' title='bbox 3135 2493 3208 2548; x_wconf 86' lang='grc' dir='ltr'>δι’</span> <span class='ocrx_word' id='word_1_529' title='bbox 3271 2495 3428 2555; x_wconf 82' lang='grc' dir='ltr'>αύτάς</span> <span class='ocrx_word' id='word_1_530' title='bbox 3484 2498 3573 2546; x_wconf 96' lang='lat' dir='ltr'>xui</span> <span class='ocrx_word' id='word_1_531' title='bbox 3632 2491 3985 2557; x_wconf 80' lang='grc' dir='ltr'>τεθνήξονται,</span> <span class='ocrx_word' id='word_1_532' title='bbox 4050 2491 4203 2550; x_wconf 76' lang='grc' dir='ltr'>οὗτος</span> 
     </span>
    </p>
   </div>
   <div class='ocr_carea' id='block_1_75' title="bbox 2586 2580 4199 2662">
    <p class='ocr_par' dir='ltr' id='par_1_75' title="bbox 2586 2580 4199 2662">
     <span class='ocr_line' id='line_1_75' title="bbox 2586 2580 4199 2662; baseline -0.003 -25"><span class='ocrx_word' id='word_1_533' title='bbox 2586 2581 2644 2638; x_wconf 77' lang='grc' dir='ltr'>δε</span> <span class='ocrx_word' id='word_1_534' title='bbox 2677 2591 2769 2645; x_wconf 83' lang='grc' dir='ltr'>τήν</span> <span class='ocrx_word' id='word_1_535' title='bbox 2801 2589 3050 2662; x_wconf 86' lang='grc' dir='ltr'>παρθένον</span> <span class='ocrx_word' id='word_1_536' title='bbox 3091 2590 3179 2638; x_wconf 85' lang='grc' dir='ltr'>καὶ</span> <span class='ocrx_word' id='word_1_537' title='bbox 3218 2591 3375 2658; x_wconf 77' lang='grc' dir='ltr'>μήπω</span> <span class='ocrx_word' id='word_1_538' title='bbox 3414 2591 3638 2657; x_wconf 85' lang='grc' dir='ltr'>γυναῖκα</span> <span class='ocrx_word' id='word_1_539' title='bbox 3694 2582 3957 2654; x_wconf 79' lang='grc' dir='ltr'>ὠνόμαζεν</span> <span class='ocrx_word' id='word_1_540' title='bbox 4012 2580 4199 2633; x_wconf 78' lang='grc' dir='ltr'>ἑαυτοῦ</span> 
     </span>
    </p>
   </div>
   <div class='ocr_carea' id='block_1_76' title="bbox 2586 2671 4202 2752">
    <p class='ocr_par' dir='ltr' id='par_1_76' title="bbox 2586 2671 4202 2752">
     <span class='ocr_line' id='line_1_76' title="bbox 2586 2671 4202 2752; baseline -0.004 -24"><span class='ocrx_word' id='word_1_541' title='bbox 2586 2681 2674 2728; x_wconf 83' lang='grc' dir='ltr'>καὶ</span> <span class='ocrx_word' id='word_1_542' title='bbox 2747 2681 2874 2752; x_wconf 86' lang='grc' dir='ltr'>πρός</span> <span class='ocrx_word' id='word_1_543' title='bbox 2959 2676 3139 2728; x_wconf 86' lang='grc' dir='ltr'>ἑαυτόν</span> <span class='ocrx_word' id='word_1_544' title='bbox 3191 2675 3450 2728; x_wconf 83' lang='grc' dir='ltr'>ἐπεσπᾶτο</span> <span class='ocrx_word' id='word_1_545' title='bbox 3525 2673 3967 2745; x_wconf 81' lang='grc' dir='ltr'>ἀντιποιούμενος,</span> <span class='ocrx_word' id='word_1_546' title='bbox 4019 2676 4108 2723; x_wconf 83' lang='grc' dir='ltr'>καὶ</span> <span class='ocrx_word' id='word_1_547' title='bbox 4158 2671 4202 2722; x_wconf 86' lang='grc' dir='ltr'>εἰ</span> 
     </span>
    </p>
   </div>
   <div class='ocr_carea' id='block_1_77' title="bbox 2587 2757 4201 2838">
    <p class='ocr_par' dir='ltr' id='par_1_77' title="bbox 2587 2757 4201 2838">
     <span class='ocr_line' id='line_1_77' title="bbox 2587 2757 4201 2838; baseline -0.004 -20"><span class='ocrx_word' id='word_1_548' title='bbox 2587 2767 2753 2818; x_wconf 86' lang='grc' dir='ltr'>θανεῖν</span> <span class='ocrx_word' id='word_1_549' title='bbox 2838 2763 3042 2834; x_wconf 78' lang='grc' dir='ltr'>δεήσοι,</span> <span class='ocrx_word' id='word_1_550' title='bbox 3097 2771 3166 2838; x_wconf 89' lang='grc' dir='ltr'>μή</span> <span class='ocrx_word' id='word_1_551' title='bbox 3239 2763 3585 2837; x_wconf 89' lang='grc' dir='ltr'>ἀναινόμενος.</span> <span class='ocrx_word' id='word_1_552' title='bbox 3644 2763 3705 2816; x_wconf 83' lang='grc' dir='ltr'>Εἰ</span> <span class='ocrx_word' id='word_1_553' title='bbox 3763 2757 3821 2814; x_wconf 78' lang='grc' dir='ltr'>δε</span> <span class='ocrx_word' id='word_1_554' title='bbox 3865 2766 3956 2812; x_wconf 85' lang='grc' dir='ltr'>καὶ</span> <span class='ocrx_word' id='word_1_555' title='bbox 4010 2758 4201 2817; x_wconf 80' lang='grc' dir='ltr'>Δανιήλ</span> 
     </span>
    </p>
   </div>
   <div class='ocr_carea' id='block_1_78' title="bbox 2587 2852 4200 2928">
    <p class='ocr_par' dir='ltr' id='par_1_78' title="bbox 2587 2852 4200 2928">
     <span class='ocr_line' id='line_1_78' title="bbox 2587 2852 4200 2928; baseline -0.004 -21"><span class='ocrx_word' id='word_1_556' title='bbox 2587 2855 2743 2916; x_wconf 76' lang='grc' dir='ltr'>σώζει</span> <span class='ocrx_word' id='word_1_557' title='bbox 2817 2858 3084 2908; x_wconf 88' lang='grc' dir='ltr'>Σωσάνναν</span> <span class='ocrx_word' id='word_1_558' title='bbox 3161 2853 3407 2928; x_wconf 84' lang='grc' dir='ltr'>ἐπιμένων</span> <span class='ocrx_word' id='word_1_559' title='bbox 3486 2852 3675 2927; x_wconf 86' lang='grc' dir='ltr'>βιαίων</span> <span class='ocrx_word' id='word_1_560' title='bbox 3725 2853 3955 2926; x_wconf 82' lang='grc' dir='ltr'>ἐραστῶν</span> <span class='ocrx_word' id='word_1_561' title='bbox 4000 2868 4055 2902; x_wconf 87' lang='grc' dir='ltr'>τε</span> <span class='ocrx_word' id='word_1_562' title='bbox 4112 2855 4200 2901; x_wconf 77' lang='grc' dir='ltr'>καὶ</span> 
     </span>
    </p>
   </div>
   <div class='ocr_carea' id='block_1_79' title="bbox 2583 2937 4197 3018">
    <p class='ocr_par' dir='ltr' id='par_1_79' title="bbox 2583 2937 4197 3018">
     <span class='ocr_line' id='line_1_79' title="bbox 2583 2937 4197 3018; baseline -0.004 -21"><span class='ocrx_word' id='word_1_563' title='bbox 2583 2949 2882 3018; x_wconf 85' lang='grc' dir='ltr'>περανόμων</span> <span class='ocrx_word' id='word_1_564' title='bbox 2942 2941 3228 3009; x_wconf 84' lang='grc' dir='ltr'>δικαστῶν,</span> <span class='ocrx_word' id='word_1_565' title='bbox 3284 2943 3412 2996; x_wconf 87' lang='grc' dir='ltr'>ἀλλά</span> <span class='ocrx_word' id='word_1_566' title='bbox 3457 2944 3695 3002; x_wconf 84' lang='grc' dir='ltr'>καθῆστο</span> <span class='ocrx_word' id='word_1_567' title='bbox 3749 2937 4013 2999; x_wconf 85' lang='grc' dir='ltr'>δικαστής</span> <span class='ocrx_word' id='word_1_568' title='bbox 4072 2944 4197 3011; x_wconf 79' lang='grc' dir='ltr'>πρό·</span> 
     </span>
    </p>
   </div>
   <div class='ocr_carea' id='block_1_80' title="bbox 2968 3027 4197 3107">
    <p class='ocr_par' dir='ltr' id='par_1_80' title="bbox 2968 3027 4197 3107">
     <span class='ocr_line' id='line_1_80' title="bbox 2968 3027 4197 3107; baseline -0.006 -21"><span class='ocrx_word' id='word_1_569' title='bbox 2968 3031 3305 3107; x_wconf 89' lang='grc' dir='ltr'>διελάμϐανεν</span> <span class='ocrx_word' id='word_1_570' title='bbox 3379 3030 3465 3084; x_wconf 88' lang='grc' dir='ltr'>ἀπ’</span> <span class='ocrx_word' id='word_1_571' title='bbox 3521 3030 3745 3090; x_wconf 82' lang='grc' dir='ltr'>ἀλλήλων</span> <span class='ocrx_word' id='word_1_572' title='bbox 3801 3033 3920 3091; x_wconf 85' lang='grc' dir='ltr'>τούς</span> <span class='ocrx_word' id='word_1_573' title='bbox 3972 3027 4197 3101; x_wconf 87' lang='grc' dir='ltr'>βιαστος</span> 
     </span>
    </p>
   </div>
   <div class='ocr_carea' id='block_1_81' title="bbox 2585 3118 4197 3197">
    <p class='ocr_par' dir='ltr' id='par_1_81' title="bbox 2585 3118 4197 3197">
     <span class='ocr_line' id='line_1_81' title="bbox 2585 3118 4197 3197; baseline -0.004 -23"><span class='ocrx_word' id='word_1_574' title='bbox 2585 3129 2675 3176; x_wconf 81' lang='grc' dir='ltr'>καὶ</span> <span class='ocrx_word' id='word_1_575' title='bbox 2717 3123 2813 3176; x_wconf 87' lang='grc' dir='ltr'>ἀνά</span> <span class='ocrx_word' id='word_1_576' title='bbox 2866 3129 3022 3197; x_wconf 88' lang='grc' dir='ltr'>μέρος</span> <span class='ocrx_word' id='word_1_577' title='bbox 3052 3125 3358 3176; x_wconf 82' lang='grc' dir='ltr'>ἐπυνθάνετο</span> <span class='ocrx_word' id='word_1_578' title='bbox 3388 3126 3478 3174; x_wconf 88' lang='grc' dir='ltr'>καὶ</span> <span class='ocrx_word' id='word_1_579' title='bbox 3532 3129 3637 3181; x_wconf 89' lang='grc' dir='ltr'>τοῖς</span> <span class='ocrx_word' id='word_1_580' title='bbox 3690 3127 3829 3193; x_wconf 86' lang='grc' dir='ltr'>σφῶν</span> <span class='ocrx_word' id='word_1_581' title='bbox 3884 3118 4054 3170; x_wconf 64' lang='grc' dir='ltr'>αὐτῶν</span> <span class='ocrx_word' id='word_1_582' title='bbox 4105 3119 4197 3192; x_wconf 85' lang='grc' dir='ltr'>ρή-</span> 
     </span>
    </p>
   </div>
   <div class='ocr_carea' id='block_1_82' title="bbox 2585 3040 2884 3109">
    <p class='ocr_par' dir='ltr' id='par_1_82' title="bbox 2585 3040 2884 3109">
     <span class='ocr_line' id='line_1_82' title="bbox 2585 3040 2884 3109; baseline 0.007 -24"><span class='ocrx_word' id='word_1_583' title='bbox 2585 3052 2726 3109; x_wconf 89' lang='grc' dir='ltr'>τερον</span> <span class='ocrx_word' id='word_1_584' title='bbox 2796 3040 2884 3087; x_wconf 83' lang='grc' dir='ltr'>καὶ</span> 
     </span>
    </p>
   </div>
   <div class='ocr_carea' id='block_1_83' title="bbox 1937 3206 4194 3297">
    <p class='ocr_par' dir='ltr' id='par_1_83' title="bbox 1937 3206 4194 3297">
     <span class='ocr_line' id='line_1_83' title="bbox 1937 3206 4194 3297; baseline -0.005 -27"><span class='ocrx_word' id='word_1_585' title='bbox 1937 3213 2027 3260; x_wconf 75' lang='grc' dir='ltr'>καὶ</span> <span class='ocrx_word' id='word_1_586' title='bbox 2087 3210 2180 3269; x_wconf 83' lang='grc' dir='ltr'>τὰς</span> <span class='ocrx_word' id='word_1_587' title='bbox 2240 3207 2476 3270; x_wconf 75' lang='grc' dir='ltr'>αἰτήσεις</span> <span class='ocrx_word' id='word_1_588' title='bbox 2516 3233 2746 3297; x_wconf 65' lang='grc' dir='ltr'>ρμασιν</span> <span class='ocrx_word' id='word_1_589' title='bbox 2794 3213 3166 3286; x_wconf 82' lang='grc' dir='ltr'>ἁλισκομένους</span> <span class='ocrx_word' id='word_1_590' title='bbox 3221 3211 3448 3284; x_wconf 82' lang='grc' dir='ltr'>ἐλέγχων</span> <span class='ocrx_word' id='word_1_591' title='bbox 3503 3211 3668 3271; x_wconf 90' lang='grc' dir='ltr'>λίθοις</span> <span class='ocrx_word' id='word_1_592' title='bbox 3720 3207 3927 3282; x_wconf 84' lang='grc' dir='ltr'>βάλλειν</span> <span class='ocrx_word' id='word_1_593' title='bbox 3983 3206 4194 3270; x_wconf 76' lang='grc' dir='ltr'>ἐκέλευε,</span> 
     </span>
    </p>
   </div>
   <div class='ocr_carea' id='block_1_84' title="bbox 2583 3294 4199 3377">
    <p class='ocr_par' dir='ltr' id='par_1_84' title="bbox 2583 3294 4199 3377">
     <span class='ocr_line' id='line_1_84' title="bbox 2583 3294 4199 3377; baseline -0.005 -22"><span class='ocrx_word' id='word_1_594' title='bbox 2583 3307 2672 3355; x_wconf 84' lang='grc' dir='ltr'>καὶ</span> <span class='ocrx_word' id='word_1_595' title='bbox 2699 3303 2833 3356; x_wconf 83' lang='grc' dir='ltr'>ούτω</span> <span class='ocrx_word' id='word_1_596' title='bbox 2874 3308 2965 3362; x_wconf 85' lang='grc' dir='ltr'>τήν</span> <span class='ocrx_word' id='word_1_597' title='bbox 3027 3304 3266 3377; x_wconf 83' lang='grc' dir='ltr'>σώφρονά</span> <span class='ocrx_word' id='word_1_598' title='bbox 3319 3305 3620 3376; x_wconf 86' lang='grc' dir='ltr'>παρανόμου</span> <span class='ocrx_word' id='word_1_599' title='bbox 3681 3294 3978 3357; x_wconf 83' lang='grc' dir='ltr'>καταδίκης</span> <span class='ocrx_word' id='word_1_600' title='bbox 4036 3296 4199 3354; x_wconf 78' lang='grc' dir='ltr'>ἀπήλ⁴</span> 
     </span>
    </p>
   </div>
   <div class='ocr_carea' id='block_1_85' title="bbox 2583 3384 4198 3466">
    <p class='ocr_par' dir='ltr' id='par_1_85' title="bbox 2583 3384 4198 3466">
     <span class='ocr_line' id='line_1_85' title="bbox 2583 3384 4198 3466; baseline -0.006 -22"><span class='ocrx_word' id='word_1_601' title='bbox 2583 3391 2752 3446; x_wconf 90' lang='grc' dir='ltr'>λαττε.</span> <span class='ocrx_word' id='word_1_602' title='bbox 2782 3396 2851 3445; x_wconf 89' lang='grc' dir='ltr'>Τό</span> <span class='ocrx_word' id='word_1_603' title='bbox 2898 3388 2948 3443; x_wconf 87' lang='grc' dir='ltr'>δ’</span> <span class='ocrx_word' id='word_1_604' title='bbox 2981 3394 3100 3464; x_wconf 87' lang='grc' dir='ltr'>ἐμόν</span> <span class='ocrx_word' id='word_1_605' title='bbox 3158 3391 3405 3466; x_wconf 85' lang='grc' dir='ltr'>ὠράῐσμα</span> <span class='ocrx_word' id='word_1_606' title='bbox 3453 3392 3478 3441; x_wconf 93' lang='grc' dir='ltr'>ό</span> <span class='ocrx_word' id='word_1_607' title='bbox 3535 3389 3652 3441; x_wconf 90' lang='grc' dir='ltr'>καθ’</span> <span class='ocrx_word' id='word_1_608' title='bbox 3709 3389 3845 3460; x_wconf 76' lang='grc' dir='ltr'>ἡμᾶς</span> <span class='ocrx_word' id='word_1_609' title='bbox 3888 3395 3986 3438; x_wconf 91' lang='grc' dir='ltr'>τῶν</span> <span class='ocrx_word' id='word_1_610' title='bbox 4046 3384 4198 3437; x_wconf 84' lang='grc' dir='ltr'>ἐπιθυ</span> 
     </span>
    </p>
   </div>
   <div class='ocr_carea' id='block_1_86' title="bbox 2583 3473 4200 3556">
    <p class='ocr_par' dir='ltr' id='par_1_86' title="bbox 2583 3473 4200 3556">
     <span class='ocr_line' id='line_1_86' title="bbox 2583 3473 4200 3556; baseline -0.006 -21"><span class='ocrx_word' id='word_1_611' title='bbox 2583 3490 2716 3555; x_wconf 89' lang='grc' dir='ltr'>μιῶν</span> <span class='ocrx_word' id='word_1_612' title='bbox 2747 3482 2896 3543; x_wconf 78' lang='grc' dir='ltr'>οὗτος</span> <span class='ocrx_word' id='word_1_613' title='bbox 2933 3481 3058 3556; x_wconf 80' lang='grc' dir='ltr'>ἀνήρ</span> <span class='ocrx_word' id='word_1_614' title='bbox 3101 3479 3159 3533; x_wconf 80' lang='grc' dir='ltr'>ού</span> <span class='ocrx_word' id='word_1_615' title='bbox 3218 3476 3451 3542; x_wconf 84' lang='grc' dir='ltr'>δικάζων</span> <span class='ocrx_word' id='word_1_616' title='bbox 3501 3481 3566 3539; x_wconf 83' lang='grc' dir='ltr'>ὡς</span> <span class='ocrx_word' id='word_1_617' title='bbox 3619 3477 3826 3540; x_wconf 75' lang='grc' dir='ltr'>Δανιὴλ,</span> <span class='ocrx_word' id='word_1_618' title='bbox 3896 3475 4024 3527; x_wconf 81' lang='grc' dir='ltr'>ἀλλά</span> <span class='ocrx_word' id='word_1_619' title='bbox 4075 3473 4200 3546; x_wconf 84' lang='grc' dir='ltr'>βίας</span> 
     </span>
    </p>
   </div>
   <div class='ocr_carea' id='block_1_87' title="bbox 2586 3560 4199 3649">
    <p class='ocr_par' dir='ltr' id='par_1_87' title="bbox 2586 3560 4199 3649">
     <span class='ocr_line' id='line_1_87' title="bbox 2586 3560 4199 3649; baseline -0.007 -24"><span class='ocrx_word' id='word_1_620' title='bbox 2586 3581 2844 3646; x_wconf 89' lang='grc' dir='ltr'>μοιχικῆς</span> <span class='ocrx_word' id='word_1_621' title='bbox 2895 3576 3219 3649; x_wconf 81' lang='grc' dir='ltr'>γραφόμενος</span> <span class='ocrx_word' id='word_1_622' title='bbox 3269 3574 3355 3622; x_wconf 90' lang='grc' dir='ltr'>τόν</span> <span class='ocrx_word' id='word_1_623' title='bbox 3395 3568 3654 3641; x_wconf 83' lang='grc' dir='ltr'>πολέμιον,</span> <span class='ocrx_word' id='word_1_624' title='bbox 3712 3562 3836 3618; x_wconf 80' lang='grc' dir='ltr'>ούδε</span> <span class='ocrx_word' id='word_1_625' title='bbox 3893 3569 3980 3617; x_wconf 86' lang='grc' dir='ltr'>τὸν</span> <span class='ocrx_word' id='word_1_626' title='bbox 4040 3560 4199 3616; x_wconf 84' lang='grc' dir='ltr'>ἀδελ.-</span> 
     </span>
    </p>
   </div>
   <div class='ocr_carea' id='block_1_88' title="bbox 2588 3655 4200 3736">
    <p class='ocr_par' dir='ltr' id='par_1_88' title="bbox 2588 3655 4200 3736">
     <span class='ocr_line' id='line_1_88' title="bbox 2588 3655 4200 3736; baseline -0.006 -22"><span class='ocrx_word' id='word_1_627' title='bbox 2588 3667 2678 3736; x_wconf 83' lang='grc' dir='ltr'>φὸν</span> <span class='ocrx_word' id='word_1_628' title='bbox 2721 3662 3043 3736; x_wconf 81' lang='grc' dir='ltr'>βιαζομένης</span> <span class='ocrx_word' id='word_1_629' title='bbox 3096 3664 3162 3722; x_wconf 82' lang='grc' dir='ltr'>ὡς</span> <span class='ocrx_word' id='word_1_630' title='bbox 3211 3663 3259 3712; x_wconf 89' lang='grc' dir='ltr'>οἰ</span> <span class='ocrx_word' id='word_1_631' title='bbox 3309 3664 3427 3734; x_wconf 85' lang='grc' dir='ltr'>περὶ</span> <span class='ocrx_word' id='word_1_632' title='bbox 3474 3663 3560 3711; x_wconf 90' lang='grc' dir='ltr'>τόν</span> <span class='ocrx_word' id='word_1_633' title='bbox 3616 3655 3856 3730; x_wconf 73' lang='grc' dir='ltr'>Ἀϐραὰμ</span> <span class='ocrx_word' id='word_1_634' title='bbox 3921 3657 4200 3726; x_wconf 81' lang='grc' dir='ltr'>ὑποκρινό-</span> 
     </span>
    </p>
   </div>
   <div class='ocr_carea' id='block_1_89' title="bbox 2588 3743 4194 3826">
    <p class='ocr_par' dir='ltr' id='par_1_89' title="bbox 2588 3743 4194 3826">
     <span class='ocr_line' id='line_1_89' title="bbox 2588 3743 4194 3826; baseline -0.007 -21"><span class='ocrx_word' id='word_1_635' title='bbox 2588 3772 2757 3826; x_wconf 90' lang='grc' dir='ltr'>μενος,</span> <span class='ocrx_word' id='word_1_636' title='bbox 2789 3757 2906 3806; x_wconf 72' lang='grc' dir='ltr'>οὔτε</span> <span class='ocrx_word' id='word_1_637' title='bbox 2932 3757 3034 3825; x_wconf 85' lang='grc' dir='ltr'>μήν</span> <span class='ocrx_word' id='word_1_638' title='bbox 3075 3755 3143 3813; x_wconf 84' lang='grc' dir='ltr'>ὡς</span> <span class='ocrx_word' id='word_1_639' title='bbox 3175 3746 3339 3803; x_wconf 80' lang='grc' dir='ltr'>Δαυίδ</span> <span class='ocrx_word' id='word_1_640' title='bbox 3368 3744 3684 3821; x_wconf 72' lang='grc' dir='ltr'>ψευδόμενος</span> <span class='ocrx_word' id='word_1_641' title='bbox 3750 3749 3837 3797; x_wconf 85' lang='grc' dir='ltr'>τόν</span> <span class='ocrx_word' id='word_1_642' title='bbox 3889 3743 4194 3808; x_wconf 82' lang='grc' dir='ltr'>ἐπίληπτον,</span> 
     </span>
    </p>
   </div>
   <div class='ocr_carea' id='block_1_90' title="bbox 2589 3830 4200 3917">
    <p class='ocr_par' dir='ltr' id='par_1_90' title="bbox 2589 3830 4200 3917">
     <span class='ocr_line' id='line_1_90' title="bbox 2589 3830 4200 3917; baseline -0.006 -22"><span class='ocrx_word' id='word_1_643' title='bbox 2589 3842 2719 3894; x_wconf 86' lang='grc' dir='ltr'>ἀλλά</span> <span class='ocrx_word' id='word_1_644' title='bbox 2800 3846 2886 3895; x_wconf 89' lang='grc' dir='ltr'>τόν</span> <span class='ocrx_word' id='word_1_645' title='bbox 2957 3838 3128 3917; x_wconf 79' lang='grc' dir='ltr'>ἄνδρα</span> <span class='ocrx_word' id='word_1_646' title='bbox 3185 3848 3279 3902; x_wconf 88' lang='grc' dir='ltr'>τῆς</span> <span class='ocrx_word' id='word_1_647' title='bbox 3345 3845 3504 3912; x_wconf 82' lang='grc' dir='ltr'>μήπω</span> <span class='ocrx_word' id='word_1_648' title='bbox 3555 3836 3838 3910; x_wconf 83' lang='grc' dir='ltr'>ἐγνωκοίας</span> <span class='ocrx_word' id='word_1_649' title='bbox 3887 3830 4058 3909; x_wconf 82' lang='grc' dir='ltr'>ἄνδρα</span> <span class='ocrx_word' id='word_1_650' title='bbox 4110 3853 4200 3886; x_wconf 87' lang='grc' dir='ltr'>σο-</span> 
     </span>
    </p>
   </div>
   <div class='ocr_carea' id='block_1_91' title="bbox 2591 3925 4199 4006">
    <p class='ocr_par' dir='ltr' id='par_1_91' title="bbox 2591 3925 4199 4006">
     <span class='ocr_line' id='line_1_91' title="bbox 2591 3925 4199 4006; baseline -0.006 -22"><span class='ocrx_word' id='word_1_651' title='bbox 2591 3937 2813 4006; x_wconf 87' lang='grc' dir='ltr'>φώτερον</span> <span class='ocrx_word' id='word_1_652' title='bbox 2875 3931 2986 4006; x_wconf 84' lang='grc' dir='ltr'>οἶμα</span> <span class='ocrx_word' id='word_1_653' title='bbox 3059 3936 3149 3984; x_wconf 88' lang='lat' dir='ltr'>xui</span> <span class='ocrx_word' id='word_1_654' title='bbox 3207 3925 3585 4003; x_wconf 83' lang='grc' dir='ltr'>ἀνδρικώτερον</span> <span class='ocrx_word' id='word_1_655' title='bbox 3652 3927 4046 4001; x_wconf 87' lang='grc' dir='ltr'>παρεκρούσατο</span> <span class='ocrx_word' id='word_1_656' title='bbox 4111 3927 4199 3976; x_wconf 87' lang='grc' dir='ltr'>τόν</span> 
     </span>
    </p>
   </div>
   <div class='ocr_carea' id='block_1_92' title="bbox 2588 4013 4200 4097">
    <p class='ocr_par' dir='ltr' id='par_1_92' title="bbox 2588 4013 4200 4097">
     <span class='ocr_line' id='line_1_92' title="bbox 2588 4013 4200 4097; baseline -0.009 -19"><span class='ocrx_word' id='word_1_657' title='bbox 2588 4022 2962 4097; x_wconf 80' lang='grc' dir='ltr'>ἐπηρεαστικόν</span> <span class='ocrx_word' id='word_1_658' title='bbox 3009 4025 3099 4074; x_wconf 83' lang='grc' dir='ltr'>καὶ</span> <span class='ocrx_word' id='word_1_659' title='bbox 3179 4017 3427 4072; x_wconf 84' lang='grc' dir='ltr'>ἀπέωσεν.</span> <span class='ocrx_word' id='word_1_660' title='bbox 3488 4017 3641 4090; x_wconf 86' lang='grc' dir='ltr'>Ούρω</span> <span class='ocrx_word' id='word_1_661' title='bbox 3707 4024 3807 4068; x_wconf 91' lang='grc' dir='ltr'>τῶν</span> <span class='ocrx_word' id='word_1_662' title='bbox 3860 4013 4020 4066; x_wconf 88' lang='grc' dir='ltr'>πάλαι</span> <span class='ocrx_word' id='word_1_663' title='bbox 4073 4032 4200 4066; x_wconf 82' lang='grc' dir='ltr'>ποτε</span> 
     </span>
    </p>
   </div>
   <div class='ocr_carea' id='block_1_93' title="bbox 2592 4102 4198 4186">
    <p class='ocr_par' dir='ltr' id='par_1_93' title="bbox 2592 4102 4198 4186">
     <span class='ocr_line' id='line_1_93' title="bbox 2592 4102 4198 4186; baseline -0.007 -20"><span class='ocrx_word' id='word_1_664' title='bbox 2592 4118 2872 4186; x_wconf 87' lang='grc' dir='ltr'>σεμνότερα</span> <span class='ocrx_word' id='word_1_665' title='bbox 2936 4110 3104 4182; x_wconf 84' lang='grc' dir='ltr'>πολλῷ</span> <span class='ocrx_word' id='word_1_666' title='bbox 3177 4112 3246 4162; x_wconf 85' lang='grc' dir='ltr'>τά</span> <span class='ocrx_word' id='word_1_667' title='bbox 3323 4111 3548 4181; x_wconf 77' lang='grc' dir='ltr'>ἡμέτερα</span> <span class='ocrx_word' id='word_1_668' title='bbox 3615 4102 3948 4177; x_wconf 83' lang='grc' dir='ltr'>διηγήματα,</span> <span class='ocrx_word' id='word_1_669' title='bbox 4007 4105 4198 4170; x_wconf 76' lang='grc' dir='ltr'>καθότι</span> 
     </span>
    </p>
   </div>
   <div class='ocr_carea' id='block_1_94' title="bbox 2588 4192 4198 4276">
    <p class='ocr_par' dir='ltr' id='par_1_94' title="bbox 2588 4192 4198 4276">
     <span class='ocr_line' id='line_1_94' title="bbox 2588 4192 4198 4276; baseline -0.008 -21"><span class='ocrx_word' id='word_1_670' title='bbox 2588 4205 2722 4255; x_wconf 88' lang='grc' dir='ltr'>κατά</span> <span class='ocrx_word' id='word_1_671' title='bbox 2779 4204 3010 4276; x_wconf 78' lang='grc' dir='ltr'>Χριστόν</span> <span class='ocrx_word' id='word_1_672' title='bbox 3065 4203 3153 4251; x_wconf 81' lang='grc' dir='ltr'>καὶ</span> <span class='ocrx_word' id='word_1_673' title='bbox 3202 4207 3298 4260; x_wconf 86' lang='grc' dir='ltr'>τῆς</span> <span class='ocrx_word' id='word_1_674' title='bbox 3375 4205 3589 4270; x_wconf 84' lang='grc' dir='ltr'>νομικῆς</span> <span class='ocrx_word' id='word_1_675' title='bbox 3669 4192 4016 4253; x_wconf 85' lang='grc' dir='ltr'>δικαιοσύνης</span> <span class='ocrx_word' id='word_1_676' title='bbox 4075 4211 4198 4264; x_wconf 88' lang='grc' dir='ltr'>περι</span> 
     </span>
    </p>
   </div>
   <div class='ocr_carea' id='block_1_95' title="bbox 2588 4285 4194 4366">
    <p class='ocr_par' dir='ltr' id='par_1_95' title="bbox 2588 4285 4194 4366">
     <span class='ocr_line' id='line_1_95' title="bbox 2588 4285 4194 4366; baseline -0.009 -20"><span class='ocrx_word' id='word_1_677' title='bbox 2588 4292 2720 4346; x_wconf 81' lang='grc' dir='ltr'>πολὺ</span> <span class='ocrx_word' id='word_1_678' title='bbox 2773 4293 3174 4366; x_wconf 89' lang='grc' dir='ltr'>περισσεύοντα.</span> <span class='ocrx_word' id='word_1_679' title='bbox 3221 4287 3308 4350; x_wconf 82' lang='grc' dir='ltr'>Ὠς</span> <span class='ocrx_word' id='word_1_680' title='bbox 3361 4290 3461 4362; x_wconf 81' lang='grc' dir='ltr'>γὰρ</span> <span class='ocrx_word' id='word_1_681' title='bbox 3523 4305 3604 4338; x_wconf 94' lang='grc' dir='ltr'>τοι</span> <span class='ocrx_word' id='word_1_682' title='bbox 3647 4288 3878 4358; x_wconf 84' lang='grc' dir='ltr'>Χριστός</span> <span class='ocrx_word' id='word_1_683' title='bbox 3916 4285 4044 4355; x_wconf 73' lang='grc' dir='ltr'>ύπερ</span> <span class='ocrx_word' id='word_1_684' title='bbox 4102 4291 4194 4340; x_wconf 64' lang='grc' dir='ltr'>τῆξ</span> 
     </span>
    </p>
   </div>
   <div class='ocr_carea' id='block_1_96' title="bbox 2591 4369 4204 4451">
    <p class='ocr_par' dir='ltr' id='par_1_96' title="bbox 2591 4369 4204 4451">
     <span class='ocr_line' id='line_1_96' title="bbox 2591 4369 4204 4451; baseline -0.008 -17"><span class='ocrx_word' id='word_1_685' title='bbox 2591 4381 2900 4442; x_wconf 87' lang='grc' dir='ltr'>Ἐκκλησίας</span> <span class='ocrx_word' id='word_1_686' title='bbox 2953 4379 3131 4433; x_wconf 82' lang='grc' dir='ltr'>ἑαυτὸν</span> <span class='ocrx_word' id='word_1_687' title='bbox 3199 4373 3470 4451; x_wconf 79' lang='grc' dir='ltr'>παρέδωκε</span> <span class='ocrx_word' id='word_1_688' title='bbox 3521 4379 3706 4447; x_wconf 90' lang='grc' dir='ltr'>καίπερ</span> <span class='ocrx_word' id='word_1_689' title='bbox 3761 4369 3984 4446; x_wconf 87' lang='grc' dir='ltr'>μηδέπω</span> <span class='ocrx_word' id='word_1_690' title='bbox 4039 4375 4204 4431; x_wconf 73' lang='grc' dir='ltr'>οὔσης</span> 
     </span>
    </p>
   </div>
   <div class='ocr_carea' id='block_1_97' title="bbox 2587 4463 4206 4540">
    <p class='ocr_par' dir='ltr' id='par_1_97' title="bbox 2587 4463 4206 4540">
     <span class='ocr_line' id='line_1_97' title="bbox 2587 4463 4206 4540; baseline -0.008 -15"><span class='ocrx_word' id='word_1_691' title='bbox 2587 4469 2901 4532; x_wconf 80' lang='grc' dir='ltr'>Ἐκκλησίὰς</span> <span class='ocrx_word' id='word_1_692' title='bbox 2959 4465 3082 4522; x_wconf 81' lang='grc' dir='ltr'>ούδε</span> <span class='ocrx_word' id='word_1_693' title='bbox 3153 4467 3528 4540; x_wconf 77' lang='grc' dir='ltr'>νυμφευθείσης</span> <span class='ocrx_word' id='word_1_694' title='bbox 3582 4484 3664 4517; x_wconf 88' lang='grc' dir='ltr'>πω</span> <span class='ocrx_word' id='word_1_695' title='bbox 3717 4471 3790 4533; x_wconf 82' lang='grc' dir='ltr'>τῷ</span> <span class='ocrx_word' id='word_1_696' title='bbox 3838 4469 4074 4534; x_wconf 82' lang='grc' dir='ltr'>Χριστῷ,</span> <span class='ocrx_word' id='word_1_697' title='bbox 4129 4463 4206 4512; x_wconf 72' lang='grc' dir='ltr'>ἔτι</span> 
     </span>
    </p>
   </div>
   <div class='ocr_carea' id='block_1_98' title="bbox 874 4551 4205 4661">
    <p class='ocr_par' dir='ltr' id='par_1_98' title="bbox 874 4551 4205 4661">
     <span class='ocr_line' id='line_1_98' title="bbox 874 4551 4205 4661; baseline -0.002 -52"><span class='ocrx_word' id='word_1_698' title='bbox 874 4553 1133 4631; x_wconf 86' lang='grc' dir='ltr'>διάπυρος</span> <span class='ocrx_word' id='word_1_699' title='bbox 1171 4553 1396 4628; x_wconf 84' lang='grc' dir='ltr'>ἐραστής</span> <span class='ocrx_word' id='word_1_700' title='bbox 1427 4557 1495 4616; x_wconf 86' lang='grc' dir='ltr'>ὡς</span> <span class='ocrx_word' id='word_1_701' title='bbox 1525 4551 1678 4624; x_wconf 82' lang='grc' dir='ltr'>εἶδεν,</span> <span class='ocrx_word' id='word_1_702' title='bbox 1734 4557 1804 4617; x_wconf 85' lang='grc' dir='ltr'>ὡς</span> <span class='ocrx_word' id='word_1_703' title='bbox 1849 4559 2058 4630; x_wconf 84' lang='grc' dir='ltr'>ᾤκτειρε</span> <span class='ocrx_word' id='word_1_704' title='bbox 2096 4563 2190 4617; x_wconf 87' lang='grc' dir='ltr'>τήν</span> <span class='ocrx_word' id='word_1_705' title='bbox 2245 4557 2478 4632; x_wconf 89' lang='grc' dir='ltr'>τλήμονα</span> <span class='ocrx_word' id='word_1_706' title='bbox 2507 4606 2549 4661; x_wconf 82' lang='lat' dir='ltr'><strong>D</strong></span> <span class='ocrx_word' id='word_1_707' title='bbox 2583 4563 2685 4635; x_wconf 84' lang='grc' dir='ltr'>γὰρ</span> <span class='ocrx_word' id='word_1_708' title='bbox 2733 4558 3048 4635; x_wconf 83' lang='grc' dir='ltr'>ἁμαρτωλῶν</span> <span class='ocrx_word' id='word_1_709' title='bbox 3090 4561 3244 4610; x_wconf 84' lang='grc' dir='ltr'>ὄντων</span> <span class='ocrx_word' id='word_1_710' title='bbox 3287 4558 3414 4629; x_wconf 76' lang='grc' dir='ltr'>ύπὶρ</span> <span class='ocrx_word' id='word_1_711' title='bbox 3468 4557 3614 4627; x_wconf 79' lang='grc' dir='ltr'>ἡμῶν</span> <span class='ocrx_word' id='word_1_712' title='bbox 3681 4551 3901 4605; x_wconf 86' lang='grc' dir='ltr'>ἀπέθανε</span> <span class='ocrx_word' id='word_1_713' title='bbox 3942 4552 4205 4625; x_wconf 82' lang='grc' dir='ltr'>Χριστός,</span> 
     </span>
     <span class='ocr_line' id='line_1_99' title="bbox 1106 4639 4178 4661; baseline 0 0"><span class='ocrx_word' id='word_1_714' title='bbox 1106 4655 1127 4661; x_wconf 84' lang='grc'><strong>-</strong></span> <span class='ocrx_word' id='word_1_715' title='bbox 1244 4644 1255 4658; x_wconf 69' lang='lat'><strong>9</strong></span> <span class='ocrx_word' id='word_1_716' title='bbox 1336 4640 1358 4661; x_wconf 65' lang='grc' dir='ltr'><strong>ι</strong></span> <span class='ocrx_word' id='word_1_717' title='bbox 1485 4648 1494 4659; x_wconf 60' lang='grc' dir='ltr'>δ</span> <span class='ocrx_word' id='word_1_718' title='bbox 1582 4647 1592 4657; x_wconf 70' lang='grc' dir='ltr'>ν</span> <span class='ocrx_word' id='word_1_719' title='bbox 1683 4650 1701 4661; x_wconf 60' lang='grc' dir='ltr'><strong>Α</strong></span> <span class='ocrx_word' id='word_1_720' title='bbox 1792 4648 1800 4657; x_wconf 69' lang='grc' dir='ltr'>ο</span> <span class='ocrx_word' id='word_1_721' title='bbox 1932 4646 1944 4661; x_wconf 68' lang='grc'><strong>9</strong></span> <span class='ocrx_word' id='word_1_722' title='bbox 2053 4645 2073 4659; x_wconf 64' lang='grc' dir='ltr'>Ο</span> <span class='ocrx_word' id='word_1_723' title='bbox 2197 4647 2208 4661; x_wconf 70' lang='grc'><strong>9</strong></span> <span class='ocrx_word' id='word_1_724' title='bbox 2275 4652 2286 4661; x_wconf 74' lang='grc' dir='ltr'><em>ι</em></span> <span class='ocrx_word' id='word_1_725' title='bbox 2394 4653 2412 4661; x_wconf 65' lang='grc' dir='ltr'><strong>Α</strong></span> <span class='ocrx_word' id='word_1_726' title='bbox 2593 4653 2611 4661; x_wconf 65' lang='grc' dir='ltr'><strong>Α</strong></span> <span class='ocrx_word' id='word_1_727' title='bbox 2905 4651 2917 4661; x_wconf 76' lang='grc' dir='ltr'>ο</span> <span class='ocrx_word' id='word_1_728' title='bbox 2983 4652 2996 4661; x_wconf 76' lang='grc' dir='ltr'>ι</span> <span class='ocrx_word' id='word_1_729' title='bbox 3014 4656 3021 4661; x_wconf 78' lang='grc'><strong>.</strong></span> <span class='ocrx_word' id='word_1_730' title='bbox 3096 4653 3103 4661; x_wconf 89' lang='grc'><em>.</em></span> <span class='ocrx_word' id='word_1_731' title='bbox 3210 4647 3227 4661; x_wconf 75' lang='lat'><strong><em>\</em></strong></span> <span class='ocrx_word' id='word_1_732' title='bbox 3445 4650 3454 4661; x_wconf 74' lang='grc' dir='ltr'>ι</span> <span class='ocrx_word' id='word_1_733' title='bbox 3576 4644 3587 4657; x_wconf 63' lang='grc' dir='ltr'><strong>ο</strong></span> <span class='ocrx_word' id='word_1_734' title='bbox 3641 4648 3650 4661; x_wconf 62' lang='grc' dir='ltr'>ε</span> <span class='ocrx_word' id='word_1_735' title='bbox 3728 4639 3762 4661; x_wconf 68' lang='grc'><strong>.-</strong></span> <span class='ocrx_word' id='word_1_736' title='bbox 3833 4645 3844 4656; x_wconf 69' lang='grc' dir='ltr'>ν</span> <span class='ocrx_word' id='word_1_737' title='bbox 3944 4644 3965 4656; x_wconf 62' lang='grc' dir='ltr'><em>η</em></span> <span class='ocrx_word' id='word_1_738' title='bbox 4069 4659 4124 4661; x_wconf 32' lang='grc' dir='ltr'>κκμ</span> <span class='ocrx_word' id='word_1_739' title='bbox 4141 4659 4150 4661; x_wconf 38' lang='grc' dir='ltr'>μ</span> <span class='ocrx_word' id='word_1_740' title='bbox 4173 4660 4178 4661; x_wconf 60' lang='lat'><strong><em>,</em></strong></span> 
     </span>
    </p>
   </div>
   <div class='ocr_carea' id='block_1_99' title="bbox 870 4639 4209 4724">
    <p class='ocr_par' dir='ltr' id='par_1_99' title="bbox 870 4639 4209 4724">
     <span class='ocr_line' id='line_1_100' title="bbox 870 4639 4209 4724; baseline -0.003 -24"><span class='ocrx_word' id='word_1_741' title='bbox 870 4655 1210 4722; x_wconf 88' lang='grc' dir='ltr'>παραχρῆμα</span> <span class='ocrx_word' id='word_1_742' title='bbox 1236 4640 1537 4718; x_wconf 87' lang='grc' dir='ltr'>ἐπιδραμὼν</span> <span class='ocrx_word' id='word_1_743' title='bbox 1568 4647 1635 4706; x_wconf 84' lang='grc' dir='ltr'>ὡς</span> <span class='ocrx_word' id='word_1_744' title='bbox 1675 4648 1842 4706; x_wconf 74' lang='grc' dir='ltr'>Φινεὲς</span> <span class='ocrx_word' id='word_1_745' title='bbox 1889 4646 1982 4698; x_wconf 79' lang='grc' dir='ltr'>ούκ</span> <span class='ocrx_word' id='word_1_746' title='bbox 2027 4645 2140 4720; x_wconf 88' lang='grc' dir='ltr'>εἶχε</span> <span class='ocrx_word' id='word_1_747' title='bbox 2187 4647 2475 4722; x_wconf 90' lang='grc' dir='ltr'>ἀμύνεσθαι</span> <span class='ocrx_word' id='word_1_748' title='bbox 2497 4639 2549 4695; x_wconf 72' lang='grc' dir='ltr'><em>.υ</em></span> <span class='ocrx_word' id='word_1_749' title='bbox 2582 4653 2651 4715; x_wconf 86' lang='grc' dir='ltr'>ὣς</span> <span class='ocrx_word' id='word_1_750' title='bbox 2683 4670 2841 4724; x_wconf 90' lang='grc' dir='ltr'>φησιν</span> <span class='ocrx_word' id='word_1_751' title='bbox 2896 4651 2922 4703; x_wconf 90' lang='grc' dir='ltr'>ό</span> <span class='ocrx_word' id='word_1_752' title='bbox 2981 4647 3315 4713; x_wconf 84' lang='grc' dir='ltr'>Ἀπόστολος,</span> <span class='ocrx_word' id='word_1_753' title='bbox 3372 4650 3463 4698; x_wconf 84' lang='grc' dir='ltr'>καὶ</span> <span class='ocrx_word' id='word_1_754' title='bbox 3527 4644 3658 4702; x_wconf 85' lang='grc' dir='ltr'>αύτή</span> <span class='ocrx_word' id='word_1_755' title='bbox 3716 4639 3776 4695; x_wconf 79' lang='grc' dir='ltr'>δε</span> <span class='ocrx_word' id='word_1_756' title='bbox 3821 4645 3884 4703; x_wconf 83' lang='grc' dir='ltr'>ὡς</span> <span class='ocrx_word' id='word_1_757' title='bbox 3941 4644 4014 4693; x_wconf 79' lang='grc' dir='ltr'>ἔτι</span> <span class='ocrx_word' id='word_1_758' title='bbox 4062 4659 4209 4714; x_wconf 85' lang='grc' dir='ltr'>περι·</span> 
     </span>
    </p>
   </div>
   <div class='ocr_carea' id='block_1_100' title="bbox 872 4733 2475 4810">
    <p class='ocr_par' dir='ltr' id='par_1_100' title="bbox 872 4733 2475 4810">
     <span class='ocr_line' id='line_1_101' title="bbox 872 4733 2475 4810; baseline 0.005 -25"><span class='ocrx_word' id='word_1_759' title='bbox 872 4741 1132 4794; x_wconf 80' lang='grc' dir='ltr'>καὶ,,,,.</span> <span class='ocrx_word' id='word_1_760' title='bbox 1221 4734 1362 4806; x_wconf 84' lang='grc' dir='ltr'>αύτῷ</span> <span class='ocrx_word' id='word_1_761' title='bbox 1445 4733 1582 4806; x_wconf 81' lang='grc' dir='ltr'>ζήλῳ</span> <span class='ocrx_word' id='word_1_762' title='bbox 1648 4737 1898 4808; x_wconf 74' lang='grc' dir='ltr'>παραθεὶς</span> <span class='ocrx_word' id='word_1_763' title='bbox 1973 4742 2064 4789; x_wconf 85' lang='grc' dir='ltr'>καὶ</span> <span class='ocrx_word' id='word_1_764' title='bbox 2132 4738 2307 4810; x_wconf 76' lang='grc' dir='ltr'>αὐτὸς,</span> <span class='ocrx_word' id='word_1_765' title='bbox 2382 4749 2475 4804; x_wconf 88' lang='grc' dir='ltr'>τῆς</span> 
     </span>
    </p>
   </div>
   <div class='ocr_carea' id='block_1_101' title="bbox 870 4823 2478 4904">
    <p class='ocr_par' dir='ltr' id='par_1_101' title="bbox 870 4823 2478 4904">
     <span class='ocr_line' id='line_1_102' title="bbox 870 4823 2478 4904; baseline 0.002 -24"><span class='ocrx_word' id='word_1_766' title='bbox 870 4831 1029 4904; x_wconf 83' lang='grc' dir='ltr'>κόρης</span> <span class='ocrx_word' id='word_1_767' title='bbox 1086 4823 1137 4879; x_wconf 87' lang='grc' dir='ltr'>δ’</span> <span class='ocrx_word' id='word_1_768' title='bbox 1184 4823 1581 4898; x_wconf 82' lang='grc' dir='ltr'>ἀντιλαϐόμενος</span> <span class='ocrx_word' id='word_1_769' title='bbox 1648 4824 1838 4878; x_wconf 84' lang='grc' dir='ltr'>οἰκείαν</span> <span class='ocrx_word' id='word_1_770' title='bbox 1920 4830 2094 4886; x_wconf 77' lang='grc' dir='ltr'>οἴηται</span> <span class='ocrx_word' id='word_1_771' title='bbox 2143 4833 2337 4889; x_wconf 89' lang='grc' dir='ltr'>ταύτην</span> <span class='ocrx_word' id='word_1_772' title='bbox 2385 4851 2478 4902; x_wconf 91' lang='grc' dir='ltr'>γα-</span> 
     </span>
    </p>
   </div>
   <div class='ocr_carea' id='block_1_102' title="bbox 872 4914 2478 4994">
    <p class='ocr_par' dir='ltr' id='par_1_102' title="bbox 872 4914 2478 4994">
     <span class='ocr_line' id='line_1_103' title="bbox 872 4914 2478 4994; baseline 0.001 -23"><span class='ocrx_word' id='word_1_773' title='bbox 872 4922 1055 4992; x_wconf 85' lang='grc' dir='ltr'>μετήν,</span> <span class='ocrx_word' id='word_1_774' title='bbox 1124 4915 1391 4991; x_wconf 84' lang='grc' dir='ltr'>ἐκεκράγει</span> <span class='ocrx_word' id='word_1_775' title='bbox 1469 4919 1560 4966; x_wconf 82' lang='grc' dir='ltr'>καὶ</span> <span class='ocrx_word' id='word_1_776' title='bbox 1613 4917 1682 4976; x_wconf 82' lang='grc' dir='ltr'>ὡς</span> <span class='ocrx_word' id='word_1_777' title='bbox 1733 4918 1967 4988; x_wconf 82' lang='grc' dir='ltr'>συζύγου</span> <span class='ocrx_word' id='word_1_778' title='bbox 2042 4914 2478 4994; x_wconf 80' lang='grc' dir='ltr'>διαζευγνύμενος</span> 
     </span>
    </p>
   </div>
   <div class='ocr_carea' id='block_1_103' title="bbox 872 5001 2481 5076">
    <p class='ocr_par' dir='ltr' id='par_1_103' title="bbox 872 5001 2481 5076">
     <span class='ocr_line' id='line_1_104' title="bbox 872 5001 2481 5076; baseline 0.002 -17"><span class='ocrx_word' id='word_1_779' title='bbox 872 5009 1059 5059; x_wconf 85' lang='grc' dir='ltr'>καίτὰ</span> <span class='ocrx_word' id='word_1_780' title='bbox 1099 5001 1375 5058; x_wconf 87' lang='grc' dir='ltr'>δεινότατα</span> <span class='ocrx_word' id='word_1_781' title='bbox 1415 5005 1646 5075; x_wconf 86' lang='grc' dir='ltr'>πάσχων</span> <span class='ocrx_word' id='word_1_782' title='bbox 1701 5003 2026 5076; x_wconf 74' lang='grc' dir='ltr'>ἐσχετλίαζε,</span> <span class='ocrx_word' id='word_1_783' title='bbox 2060 5013 2150 5060; x_wconf 82' lang='grc' dir='ltr'>καὶ</span> <span class='ocrx_word' id='word_1_784' title='bbox 2181 5010 2276 5062; x_wconf 82' lang='grc' dir='ltr'>ούκ</span> <span class='ocrx_word' id='word_1_785' title='bbox 2325 5009 2481 5070; x_wconf 87' lang='grc' dir='ltr'>ἀνῆκε</span> 
     </span>
    </p>
   </div>
   <div class='ocr_carea' id='block_1_104' title="bbox 873 5092 2481 5168">
    <p class='ocr_par' dir='ltr' id='par_1_104' title="bbox 873 5092 2481 5168">
     <span class='ocr_line' id='line_1_105' title="bbox 873 5092 2481 5168; baseline 0.002 -18"><span class='ocrx_word' id='word_1_786' title='bbox 873 5099 1066 5154; x_wconf 89' lang='grc' dir='ltr'>ταύτην</span> <span class='ocrx_word' id='word_1_787' title='bbox 1099 5093 1258 5168; x_wconf 84' lang='grc' dir='ltr'>ἀπρὶξ</span> <span class='ocrx_word' id='word_1_788' title='bbox 1303 5092 1609 5168; x_wconf 79' lang='grc' dir='ltr'>ἀμφοτέραις</span> <span class='ocrx_word' id='word_1_789' title='bbox 1662 5098 1902 5167; x_wconf 76' lang='grc' dir='ltr'>κατέχων</span> <span class='ocrx_word' id='word_1_790' title='bbox 1953 5100 2044 5149; x_wconf 97' lang='lat' dir='ltr'>xui</span> <span class='ocrx_word' id='word_1_791' title='bbox 2099 5096 2351 5152; x_wconf 83' lang='grc' dir='ltr'>ἀνθέλκων</span> <span class='ocrx_word' id='word_1_792' title='bbox 2391 5105 2481 5153; x_wconf 81' lang='grc' dir='ltr'>καὶ</span> 
     </span>
    </p>
   </div>
   <div class='ocr_carea' id='block_1_105' title="bbox 872 5184 2482 5264">
    <p class='ocr_par' dir='ltr' id='par_1_105' title="bbox 872 5184 2482 5264">
     <span class='ocr_line' id='line_1_106' title="bbox 872 5184 2482 5264; baseline 0.003 -25"><span class='ocrx_word' id='word_1_793' title='bbox 872 5191 1006 5262; x_wconf 86' lang='grc' dir='ltr'>πρός</span> <span class='ocrx_word' id='word_1_794' title='bbox 1048 5184 1291 5257; x_wconf 86' lang='grc' dir='ltr'>πολέμιον</span> <span class='ocrx_word' id='word_1_795' title='bbox 1348 5186 1498 5257; x_wconf 81' lang='grc' dir='ltr'>ἔρωτι</span> <span class='ocrx_word' id='word_1_796' title='bbox 1550 5184 1793 5255; x_wconf 79' lang='grc' dir='ltr'>μεθύοντι</span> <span class='ocrx_word' id='word_1_797' title='bbox 1845 5189 1935 5238; x_wconf 84' lang='grc' dir='ltr'>καὶ</span> <span class='ocrx_word' id='word_1_798' title='bbox 1987 5188 2133 5260; x_wconf 83' lang='grc' dir='ltr'>θυμῷ</span> <span class='ocrx_word' id='word_1_799' title='bbox 2179 5194 2482 5264; x_wconf 86' lang='grc' dir='ltr'>μαινόμενον</span> 
     </span>
    </p>
   </div>
   <div class='ocr_carea' id='block_1_106' title="bbox 873 5272 2484 5356">
    <p class='ocr_par' dir='ltr' id='par_1_106' title="bbox 873 5272 2484 5356">
     <span class='ocr_line' id='line_1_107' title="bbox 873 5272 2484 5356; baseline 0.004 -28"><span class='ocrx_word' id='word_1_800' title='bbox 873 5277 1396 5350; x_wconf 85' lang='grc' dir='ltr'>παγκρατιαζόμενος</span> <span class='ocrx_word' id='word_1_801' title='bbox 1479 5273 1568 5334; x_wconf 77' lang='grc' dir='ltr'>ἕως</span> <span class='ocrx_word' id='word_1_802' title='bbox 1643 5281 1741 5325; x_wconf 89' lang='grc' dir='ltr'>τῶν</span> <span class='ocrx_word' id='word_1_803' title='bbox 1809 5272 1998 5348; x_wconf 88' lang='grc' dir='ltr'>βιαίων</span> <span class='ocrx_word' id='word_1_804' title='bbox 2045 5276 2236 5332; x_wconf 90' lang='grc' dir='ltr'>ἐκείνου</span> <span class='ocrx_word' id='word_1_805' title='bbox 2289 5290 2484 5356; x_wconf 85' lang='grc' dir='ltr'>χειρῶν</span> 
     </span>
    </p>
   </div>
   <div class='ocr_carea' id='block_1_107' title="bbox 874 5362 2480 5445">
    <p class='ocr_par' dir='ltr' id='par_1_107' title="bbox 874 5362 2480 5445">
     <span class='ocr_line' id='line_1_108' title="bbox 874 5362 2480 5445; baseline 0.005 -29"><span class='ocrx_word' id='word_1_806' title='bbox 874 5370 968 5424; x_wconf 76' lang='grc' dir='ltr'>τήν</span> <span class='ocrx_word' id='word_1_807' title='bbox 1021 5367 1272 5441; x_wconf 83' lang='grc' dir='ltr'>παρθένον</span> <span class='ocrx_word' id='word_1_808' title='bbox 1336 5362 1512 5426; x_wconf 86' lang='grc' dir='ltr'>ἐξελὼν</span> <span class='ocrx_word' id='word_1_809' title='bbox 1559 5371 1632 5435; x_wconf 82' lang='grc' dir='ltr'>τῷ</span> <span class='ocrx_word' id='word_1_810' title='bbox 1685 5367 1885 5418; x_wconf 88' lang='grc' dir='ltr'>τεκόντι</span> <span class='ocrx_word' id='word_1_811' title='bbox 1936 5369 2186 5445; x_wconf 87' lang='grc' dir='ltr'>παρθένον</span> <span class='ocrx_word' id='word_1_812' title='bbox 2245 5367 2480 5434; x_wconf 84' lang='grc' dir='ltr'>ἐξέδωκε.</span> 
     </span>
    </p>
   </div>
   <div class='ocr_carea' id='block_1_108' title="bbox 876 5452 2484 5531">
    <p class='ocr_par' dir='ltr' id='par_1_108' title="bbox 876 5452 2484 5531">
     <span class='ocr_line' id='line_1_109' title="bbox 876 5452 2484 5531; baseline 0.004 -23"><span class='ocrx_word' id='word_1_813' title='bbox 876 5459 1087 5531; x_wconf 87' lang='grc' dir='ltr'>Παρίτω</span> <span class='ocrx_word' id='word_1_814' title='bbox 1151 5462 1239 5506; x_wconf 82' lang='grc' dir='ltr'>νῦν</span> <span class='ocrx_word' id='word_1_815' title='bbox 1287 5452 1497 5514; x_wconf 74' lang='grc' dir='ltr'>κάκείνη</span> <span class='ocrx_word' id='word_1_816' title='bbox 1555 5458 1644 5507; x_wconf 84' lang='grc' dir='ltr'>καὶ</span> <span class='ocrx_word' id='word_1_817' title='bbox 1716 5459 1810 5508; x_wconf 83' lang='grc' dir='ltr'>σύν</span> <span class='ocrx_word' id='word_1_818' title='bbox 1857 5467 2074 5530; x_wconf 79' lang='grc' dir='ltr'>κωκυτῷ</span> <span class='ocrx_word' id='word_1_819' title='bbox 2131 5458 2484 5525; x_wconf 79' lang='grc' dir='ltr'>ἀνολολυξάτω</span> 
     </span>
    </p>
   </div>
   <div class='ocr_carea' id='block_1_109' title="bbox 874 5544 2483 5623">
    <p class='ocr_par' dir='ltr' id='par_1_109' title="bbox 874 5544 2483 5623">
     <span class='ocr_line' id='line_1_110' title="bbox 874 5544 2483 5623; baseline -0.003 -23"><span class='ocrx_word' id='word_1_820' title='bbox 874 5551 965 5600; x_wconf 84' lang='grc' dir='ltr'>καὶ</span> <span class='ocrx_word' id='word_1_821' title='bbox 1015 5544 1375 5599; x_wconf 80' lang='grc' dir='ltr'>ἀνακαλείσθω</span> <span class='ocrx_word' id='word_1_822' title='bbox 1441 5547 1529 5598; x_wconf 86' lang='grc' dir='ltr'>τόν</span> <span class='ocrx_word' id='word_1_823' title='bbox 1586 5546 2089 5623; x_wconf 85' lang='grc' dir='ltr'>ύπερμεμαχημένον</span> <span class='ocrx_word' id='word_1_824' title='bbox 2163 5551 2322 5614; x_wconf 74' lang='grc' dir='ltr'>αὐτῆς</span> <span class='ocrx_word' id='word_1_825' title='bbox 2373 5573 2483 5607; x_wconf 87' lang='grc' dir='ltr'>σω-</span> 
     </span>
    </p>
   </div>
   <div class='ocr_carea' id='block_1_110' title="bbox 873 5632 2484 5718">
    <p class='ocr_par' dir='ltr' id='par_1_110' title="bbox 873 5632 2484 5718">
     <span class='ocr_line' id='line_1_111' title="bbox 873 5632 2484 5718; baseline 0.001 -28"><span class='ocrx_word' id='word_1_826' title='bbox 873 5646 1034 5712; x_wconf 90' lang='grc' dir='ltr'>τῆρα,</span> <span class='ocrx_word' id='word_1_827' title='bbox 1086 5639 1174 5689; x_wconf 90' lang='grc' dir='ltr'>τὸν</span> <span class='ocrx_word' id='word_1_828' title='bbox 1229 5636 1429 5711; x_wconf 85' lang='grc' dir='ltr'>ῥυστην</span> <span class='ocrx_word' id='word_1_829' title='bbox 1482 5632 1772 5708; x_wconf 78' lang='grc' dir='ltr'>ἀπαγωγῆς</span> <span class='ocrx_word' id='word_1_830' title='bbox 1811 5641 1900 5691; x_wconf 86' lang='grc' dir='ltr'>καὶ</span> <span class='ocrx_word' id='word_1_831' title='bbox 1950 5643 2248 5714; x_wconf 87' lang='grc' dir='ltr'>προστάτου</span> <span class='ocrx_word' id='word_1_832' title='bbox 2289 5647 2484 5718; x_wconf 74' lang='grc' dir='ltr'>παρθι.</span> 
     </span>
    </p>
   </div>
   <div class='ocr_carea' id='block_1_111' title="bbox 873 5723 2480 5805">
    <p class='ocr_par' dir='ltr' id='par_1_111' title="bbox 873 5723 2480 5805">
     <span class='ocr_line' id='line_1_112' title="bbox 873 5723 2480 5805; baseline 0.007 -25"><span class='ocrx_word' id='word_1_833' title='bbox 873 5733 987 5792; x_wconf 78' lang='grc' dir='ltr'>νίας</span> <span class='ocrx_word' id='word_1_834' title='bbox 1030 5731 1120 5787; x_wconf 77' lang='grc' dir='ltr'>καὶ</span> <span class='ocrx_word' id='word_1_835' title='bbox 1170 5727 1424 5805; x_wconf 75' lang='grc' dir='ltr'>ἀφθορίας</span> <span class='ocrx_word' id='word_1_836' title='bbox 1489 5723 1713 5801; x_wconf 84' lang='grc' dir='ltr'>φύλακα.</span> <span class='ocrx_word' id='word_1_837' title='bbox 1764 5726 1831 5783; x_wconf 78' lang='grc' dir='ltr'><strong><em>Ὠ</em></strong></span> <span class='ocrx_word' id='word_1_838' title='bbox 1876 5734 2132 5804; x_wconf 86' lang='grc' dir='ltr'>μεγίστου</span> <span class='ocrx_word' id='word_1_839' title='bbox 2180 5730 2339 5790; x_wconf 82' lang='grc' dir='ltr'>τοῦδε</span> <span class='ocrx_word' id='word_1_840' title='bbox 2389 5739 2480 5796; x_wconf 83' lang='lat' dir='ltr'>xui</span> 
     </span>
    </p>
   </div>
   <div class='ocr_carea' id='block_1_112' title="bbox 2582 4731 4205 4815">
    <p class='ocr_par' dir='ltr' id='par_1_112' title="bbox 2582 4731 4205 4815">
     <span class='ocr_line' id='line_1_113' title="bbox 2582 4731 4205 4815; baseline -0.009 -21"><span class='ocrx_word' id='word_1_841' title='bbox 2582 4746 2789 4815; x_wconf 88' lang='grc' dir='ltr'>κειμένη</span> <span class='ocrx_word' id='word_1_842' title='bbox 2822 4743 2881 4793; x_wconf 87' lang='grc' dir='ltr'>τὸ</span> <span class='ocrx_word' id='word_1_843' title='bbox 2923 4739 2974 4803; x_wconf 78' lang='grc' dir='ltr'>ἐξ</span> <span class='ocrx_word' id='word_1_844' title='bbox 3023 4737 3258 4798; x_wconf 89' lang='grc' dir='ltr'>ἀσεϐείας</span> <span class='ocrx_word' id='word_1_845' title='bbox 3305 4731 3521 4808; x_wconf 84' lang='grc' dir='ltr'>αἶσχος,</span> <span class='ocrx_word' id='word_1_846' title='bbox 3575 4732 3825 4804; x_wconf 76' lang='grc' dir='ltr'>Μελαινα,</span> <span class='ocrx_word' id='word_1_847' title='bbox 3883 4735 4014 4804; x_wconf 87' lang='grc' dir='ltr'>φησί</span> <span class='ocrx_word' id='word_1_848' title='bbox 4071 4749 4205 4801; x_wconf 86' lang='grc' dir='ltr'>που,</span> 
     </span>
    </p>
   </div>
   <div class='ocr_carea' id='block_1_113' title="bbox 2587 4815 4205 4906">
    <p class='ocr_par' dir='ltr' id='par_1_113' title="bbox 2587 4815 4205 4906">
     <span class='ocr_line' id='line_1_114' title="bbox 2587 4815 4205 4906; baseline -0.009 -21"><span class='ocrx_word' id='word_1_849' title='bbox 2587 4836 2718 4906; x_wconf 78' lang='grc' dir='ltr'>εὶμὶ,</span> <span class='ocrx_word' id='word_1_850' title='bbox 2767 4833 3041 4903; x_wconf 87' lang='grc' dir='ltr'>θυγατέρες</span> <span class='ocrx_word' id='word_1_851' title='bbox 3094 4824 3456 4901; x_wconf 83' lang='grc' dir='ltr'>Ἰερουσαλήμ,</span> <span class='ocrx_word' id='word_1_852' title='bbox 3509 4823 3644 4877; x_wconf 76' lang='grc' dir='ltr'>οὕτω</span> <span class='ocrx_word' id='word_1_853' title='bbox 3725 4826 3815 4874; x_wconf 86' lang='grc' dir='ltr'>καὶ</span> <span class='ocrx_word' id='word_1_854' title='bbox 3873 4819 3987 4893; x_wconf 81' lang='grc' dir='ltr'>ἐμοὶ</span> <span class='ocrx_word' id='word_1_855' title='bbox 4045 4815 4205 4872; x_wconf 84' lang='grc' dir='ltr'>ἀδελ-</span> 
     </span>
    </p>
   </div>
   <div class='ocr_carea' id='block_1_114' title="bbox 2588 4913 4208 4995">
    <p class='ocr_par' dir='ltr' id='par_1_114' title="bbox 2588 4913 4208 4995">
     <span class='ocr_line' id='line_1_115' title="bbox 2588 4913 4208 4995; baseline -0.01 -20"><span class='ocrx_word' id='word_1_856' title='bbox 2588 4925 2680 4995; x_wconf 87' lang='grc' dir='ltr'>φός</span> <span class='ocrx_word' id='word_1_857' title='bbox 2729 4923 2856 4994; x_wconf 76' lang='grc' dir='ltr'>ύπερ</span> <span class='ocrx_word' id='word_1_858' title='bbox 2914 4927 3007 4981; x_wconf 89' lang='grc' dir='ltr'>τῆς</span> <span class='ocrx_word' id='word_1_859' title='bbox 3054 4917 3148 4971; x_wconf 84' lang='grc' dir='ltr'>ούκ</span> <span class='ocrx_word' id='word_1_860' title='bbox 3202 4920 3366 4976; x_wconf 73' lang='grc' dir='ltr'>οὔσης</span> <span class='ocrx_word' id='word_1_861' title='bbox 3407 4913 3546 4985; x_wconf 85' lang='grc' dir='ltr'>αύτῷ</span> <span class='ocrx_word' id='word_1_862' title='bbox 3618 4913 3865 4985; x_wconf 87' lang='grc' dir='ltr'>γυναικὸς</span> <span class='ocrx_word' id='word_1_863' title='bbox 3928 4913 4043 4961; x_wconf 75' lang='grc' dir='ltr'>οὔτε</span> <span class='ocrx_word' id='word_1_864' title='bbox 4101 4913 4208 4981; x_wconf 84' lang='grc' dir='ltr'>μήν</span> 
     </span>
    </p>
   </div>
   <div class='ocr_carea' id='block_1_115' title="bbox 2587 4998 4197 5084">
    <p class='ocr_par' dir='ltr' id='par_1_115' title="bbox 2587 4998 4197 5084">
     <span class='ocr_line' id='line_1_116' title="bbox 2587 4998 4197 5084; baseline -0.011 -19"><span class='ocrx_word' id='word_1_865' title='bbox 2587 5013 2712 5073; x_wconf 85' lang='grc' dir='ltr'>ὅλως</span> <span class='ocrx_word' id='word_1_866' title='bbox 2743 5010 3070 5084; x_wconf 87' lang='grc' dir='ltr'>ἐσομένηςτό</span> <span class='ocrx_word' id='word_1_867' title='bbox 3103 5012 3396 5082; x_wconf 85' lang='grc' dir='ltr'>καινότερον</span> <span class='ocrx_word' id='word_1_868' title='bbox 3426 5008 3579 5078; x_wconf 87' lang='grc' dir='ltr'>μόνον</span> <span class='ocrx_word' id='word_1_869' title='bbox 3628 5002 3688 5056; x_wconf 85' lang='grc' dir='ltr'>ού</span> <span class='ocrx_word' id='word_1_870' title='bbox 3759 5003 3991 5054; x_wconf 89' lang='grc' dir='ltr'>θανατῶν</span> <span class='ocrx_word' id='word_1_871' title='bbox 4051 4998 4123 5054; x_wconf 84' lang='grc' dir='ltr'>εἰ,</span> <span class='ocrx_word' id='word_1_872' title='bbox 4147 5040 4160 5054; x_wconf 84' lang='grc'>,</span> <span class='ocrx_word' id='word_1_873' title='bbox 4184 5040 4197 5054; x_wconf 90' lang='grc'>,</span> 
     </span>
    </p>
   </div>
   <div class='ocr_carea' id='block_1_116' title="bbox 2589 5087 4210 5177">
    <p class='ocr_par' dir='ltr' id='par_1_116' title="bbox 2589 5087 4210 5177">
     <span class='ocr_line' id='line_1_117' title="bbox 2589 5087 4210 5177; baseline -0.01 -22"><span class='ocrx_word' id='word_1_874' title='bbox 2589 5101 2861 5177; x_wconf 71' lang='grc' dir='ltr'>ἐπέρριψεν</span> <span class='ocrx_word' id='word_1_875' title='bbox 2909 5100 3089 5153; x_wconf 85' lang='grc' dir='ltr'>ἐαυτὸν</span> <span class='ocrx_word' id='word_1_876' title='bbox 3137 5093 3377 5150; x_wconf 88' lang='grc' dir='ltr'>κίνδυνον</span> <span class='ocrx_word' id='word_1_877' title='bbox 3427 5099 3516 5147; x_wconf 86' lang='lat' dir='ltr'>xui</span> <span class='ocrx_word' id='word_1_878' title='bbox 3570 5100 3663 5154; x_wconf 88' lang='grc' dir='ltr'>τῆς</span> <span class='ocrx_word' id='word_1_879' title='bbox 3717 5087 3913 5153; x_wconf 87' lang='grc' dir='ltr'>παιδός</span> <span class='ocrx_word' id='word_1_880' title='bbox 3955 5094 4210 5162; x_wconf 74' lang='grc' dir='ltr'>προσχήο</span> 
     </span>
    </p>
   </div>
   <div class='ocr_carea' id='block_1_117' title="bbox 2589 5184 4209 5267">
    <p class='ocr_par' dir='ltr' id='par_1_117' title="bbox 2589 5184 4209 5267">
     <span class='ocr_line' id='line_1_118' title="bbox 2589 5184 4209 5267; baseline -0.01 -21"><span class='ocrx_word' id='word_1_881' title='bbox 2589 5212 2716 5267; x_wconf 87' lang='grc' dir='ltr'>ματι</span> <span class='ocrx_word' id='word_1_882' title='bbox 2756 5189 2916 5255; x_wconf 82' lang='grc' dir='ltr'>δόξας</span> <span class='ocrx_word' id='word_1_883' title='bbox 2955 5189 3040 5246; x_wconf 88' lang='grc' dir='ltr'>ἀν.</span> <span class='ocrx_word' id='word_1_884' title='bbox 3064 5231 3112 5246; x_wconf 93' lang='grc'>..</span> <span class='ocrx_word' id='word_1_885' title='bbox 3188 5195 3327 5242; x_wconf 88' lang='grc' dir='ltr'>ῶπτο</span> <span class='ocrx_word' id='word_1_886' title='bbox 3374 5189 3548 5260; x_wconf 83' lang='grc' dir='ltr'>πατήρ</span> <span class='ocrx_word' id='word_1_887' title='bbox 3607 5185 3880 5258; x_wconf 87' lang='grc' dir='ltr'>πράγματι</span> <span class='ocrx_word' id='word_1_888' title='bbox 3909 5184 4000 5232; x_wconf 80' lang='grc' dir='ltr'>καὶ</span> <span class='ocrx_word' id='word_1_889' title='bbox 4029 5184 4209 5253; x_wconf 79' lang='grc' dir='ltr'>πατήρ</span> 
     </span>
    </p>
   </div>
   <div class='ocr_carea' id='block_1_118' title="bbox 2590 5275 4210 5356">
    <p class='ocr_par' dir='ltr' id='par_1_118' title="bbox 2590 5275 4210 5356">
     <span class='ocr_line' id='line_1_119' title="bbox 2590 5275 4210 5356; baseline -0.01 -20"><span class='ocrx_word' id='word_1_890' title='bbox 2590 5282 2762 5356; x_wconf 84' lang='grc' dir='ltr'>πολλῷ</span> <span class='ocrx_word' id='word_1_891' title='bbox 2823 5289 2915 5334; x_wconf 80' lang='grc' dir='ltr'>τοῦ</span> <span class='ocrx_word' id='word_1_892' title='bbox 2965 5285 3201 5340; x_wconf 90' lang='grc' dir='ltr'>τεκόντος</span> <span class='ocrx_word' id='word_1_893' title='bbox 3259 5276 3716 5350; x_wconf 87' lang='grc' dir='ltr'>φιλοστοργότερος</span> <span class='ocrx_word' id='word_1_894' title='bbox 3774 5275 3865 5324; x_wconf 85' lang='grc' dir='ltr'>καὶ</span> <span class='ocrx_word' id='word_1_895' title='bbox 3928 5276 4210 5323; x_wconf 68' lang='grc' dir='ltr'>σωστικὼο</span> 
     </span>
    </p>
   </div>
   <div class='ocr_carea' id='block_1_119' title="bbox 2591 5363 4212 5449">
    <p class='ocr_par' dir='ltr' id='par_1_119' title="bbox 2591 5363 4212 5449">
     <span class='ocr_line' id='line_1_120' title="bbox 2591 5363 4212 5449; baseline -0.01 -21"><span class='ocrx_word' id='word_1_896' title='bbox 2591 5393 2753 5449; x_wconf 88' lang='grc' dir='ltr'>τερος.</span> <span class='ocrx_word' id='word_1_897' title='bbox 2838 5372 3053 5432; x_wconf 86' lang='grc' dir='ltr'>Ἐκεῖνος</span> <span class='ocrx_word' id='word_1_898' title='bbox 3129 5372 3217 5443; x_wconf 76' lang='grc' dir='ltr'>μεν</span> <span class='ocrx_word' id='word_1_899' title='bbox 3269 5370 3371 5441; x_wconf 84' lang='grc' dir='ltr'>γὰρ</span> <span class='ocrx_word' id='word_1_900' title='bbox 3430 5373 3511 5419; x_wconf 89' lang='grc' dir='ltr'>τοῑ</span> <span class='ocrx_word' id='word_1_901' title='bbox 3562 5363 3933 5438; x_wconf 88' lang='grc' dir='ltr'>πολιορκηταῖς</span> <span class='ocrx_word' id='word_1_902' title='bbox 3987 5365 4212 5434; x_wconf 83' lang='grc' dir='ltr'>προέμε-</span> 
     </span>
    </p>
   </div>
   <div class='ocr_carea' id='block_1_120' title="bbox 2589 5447 4216 5536">
    <p class='ocr_par' dir='ltr' id='par_1_120' title="bbox 2589 5447 4216 5536">
     <span class='ocr_line' id='line_1_121' title="bbox 2589 5447 4216 5536; baseline -0.007 -22"><span class='ocrx_word' id='word_1_903' title='bbox 2589 5484 2670 5525; x_wconf 92' lang='grc' dir='ltr'>νος</span> <span class='ocrx_word' id='word_1_904' title='bbox 2696 5469 2866 5536; x_wconf 83' lang='grc' dir='ltr'>ᾧχετο</span> <span class='ocrx_word' id='word_1_905' title='bbox 2889 5464 3110 5535; x_wconf 82' lang='grc' dir='ltr'>φεύγων,</span> <span class='ocrx_word' id='word_1_906' title='bbox 3139 5459 3285 5519; x_wconf 78' lang='grc' dir='ltr'>οὗτος</span> <span class='ocrx_word' id='word_1_907' title='bbox 3326 5453 3385 5510; x_wconf 67' lang='grc' dir='ltr'>δὲ</span> <span class='ocrx_word' id='word_1_908' title='bbox 3433 5459 3561 5532; x_wconf 88' lang='grc' dir='ltr'>πρός</span> <span class='ocrx_word' id='word_1_909' title='bbox 3610 5453 3759 5529; x_wconf 77' lang='grc' dir='ltr'>ὕϐριν</span> <span class='ocrx_word' id='word_1_910' title='bbox 3817 5456 3907 5504; x_wconf 88' lang='grc' dir='ltr'>καὶ</span> <span class='ocrx_word' id='word_1_911' title='bbox 3965 5447 4216 5503; x_wconf 87' lang='grc' dir='ltr'>δουλείαν</span> 
     </span>
    </p>
   </div>
   <div class='ocr_carea' id='block_1_121' title="bbox 2593 5543 4216 5628">
    <p class='ocr_par' dir='ltr' id='par_1_121' title="bbox 2593 5543 4216 5628">
     <span class='ocr_line' id='line_1_122' title="bbox 2593 5543 4216 5628; baseline -0.009 -20"><span class='ocrx_word' id='word_1_912' title='bbox 2593 5553 2892 5628; x_wconf 74' lang='grc' dir='ltr'>ἀπαγομένη</span> <span class='ocrx_word' id='word_1_913' title='bbox 2933 5557 3164 5628; x_wconf 85' lang='grc' dir='ltr'>παρίστη</span> <span class='ocrx_word' id='word_1_914' title='bbox 3216 5553 3306 5601; x_wconf 86' lang='grc' dir='ltr'>καὶ</span> <span class='ocrx_word' id='word_1_915' title='bbox 3362 5556 3461 5600; x_wconf 91' lang='grc' dir='ltr'>τῶν</span> <span class='ocrx_word' id='word_1_916' title='bbox 3510 5543 3752 5619; x_wconf 87' lang='grc' dir='ltr'>ἐσχάτων</span> <span class='ocrx_word' id='word_1_917' title='bbox 3813 5549 3988 5595; x_wconf 86' lang='grc' dir='ltr'>κακῶν</span> <span class='ocrx_word' id='word_1_918' title='bbox 4027 5559 4216 5618; x_wconf 85' lang='grc' dir='ltr'>παρα-</span> 
     </span>
    </p>
   </div>
   <div class='ocr_carea' id='block_1_122' title="bbox 2591 5639 3266 5706">
    <p class='ocr_par' dir='ltr' id='par_1_122' title="bbox 2591 5639 3266 5706">
     <span class='ocr_line' id='line_1_123' title="bbox 2591 5639 3266 5706; baseline -0.01 -6"><span class='ocrx_word' id='word_1_919' title='bbox 2591 5641 2937 5706; x_wconf 82' lang='grc' dir='ltr'>κινδυνεύσας</span> <span class='ocrx_word' id='word_1_920' title='bbox 2958 5639 3266 5703; x_wconf 81' lang='grc' dir='ltr'>ἀπήλλαξεν.</span> 
     </span>
    </p>
   </div>
   <div class='ocr_carea' id='block_1_123' title="bbox 2650 5721 4217 5814">
    <p class='ocr_par' dir='ltr' id='par_1_123' title="bbox 2650 5721 4217 5814">
     <span class='ocr_line' id='line_1_124' title="bbox 2650 5721 4217 5814; baseline -0.01 -21"><span class='ocrx_word' id='word_1_921' title='bbox 2650 5735 2721 5792; x_wconf 82' lang='grc' dir='ltr'>Ὢ</span> <span class='ocrx_word' id='word_1_922' title='bbox 2779 5739 3045 5814; x_wconf 76' lang='grc' dir='ltr'>σοφώτατε</span> <span class='ocrx_word' id='word_1_923' title='bbox 3096 5726 3305 5806; x_wconf 69' lang='grc' dir='ltr'>ἀδελφε,</span> <span class='ocrx_word' id='word_1_924' title='bbox 3336 5731 3490 5794; x_wconf 83' lang='grc' dir='ltr'>ὄντως</span> <span class='ocrx_word' id='word_1_925' title='bbox 3534 5725 3607 5795; x_wconf 83' lang='grc' dir='ltr'>εἰς</span> <span class='ocrx_word' id='word_1_926' title='bbox 3662 5728 3750 5788; x_wconf 80' lang='grc' dir='ltr'>τὴν</span> <span class='ocrx_word' id='word_1_927' title='bbox 3805 5721 4087 5802; x_wconf 80' lang='grc' dir='ltr'>βασιλείαν</span> <span class='ocrx_word' id='word_1_928' title='bbox 4111 5729 4217 5779; x_wconf 76' lang='grc' dir='ltr'>τῶν</span> 
     </span>
    </p>
   </div>
  </div>
