4444 6452
232 405 255 456 1
265 403 369 456 257

245 532 442 596 ορανῶν
498 524 913 595 μεμαθήτευκας·
979 526 1090 576 ὅθεν
1171 529 1262 576 καὶ

247 621 467 683 ταχεῖαν
521 620 612 672 τῆς
663 611 991 683 ἀπαγομένης
1050 612 1336 685 ἐλευθερίαν
1391 617 1455 674 ὡς
1507 609 1859 683 γραμματέως

251 701 581 774 ὀξυγράφησε
612 700 857 771 κάλαμος,
887 701 945 751 οὑ
975 706 1077 772 μὴν
1129 697 1186 752 δὲ
1237 701 1363 753 ἀλλα
1419 706 1507 752 καὶ
1555 701 1623 758 ῶς
1685 713 1858 764 σπαρ-

251 793 360 841 τίον
388 795 626 840 κόκκινον
679 789 833 858 χείλη
890 808 1005 840 σου*
1074 789 1210 860 λόγῳ
1259 794 1359 863 γὰρ
1423 787 1859 857 συνεστραμμένῳ

253 883 342 930 καὶ
375 876 576 951 βραχεῖ
626 883 713 928 καὶ
766 879 866 929 ὑπὸ
923 878 1082 937 ζήλου
1177 882 1603 950 πυρακτουμένου
1675 878 1862 944 χεῖρας

257 964 546 1030 ξυνέδησαν
575 964 848 1038 βαρϐάρου
876 972 964 1018 καὶ
994 966 1168 1038 βίαιον
1197 971 1411 1040 ὅρμημα
1471 971 1560 1017 καὶ
1620 966 1646 1020 η
1709 960 1860 1012 λαλιά

259 1075 354 1109 σου
393 1059 561 1126 ὡραία
615 1055 708 1106 οὐκ
758 1053 939 1126 ἀώρως
989 1059 1074 1106 τόν
1138 1053 1309 1129 ἄνδρα
1364 1056 1691 1125 ψευσαμένη,
1751 1047 1859 1098 ἀλλ’

256 1143 329 1204 εἰς
383 1147 564 1216 καιρὸν
613 1143 915 1214 πλασαμένη
989 1148 1077 1194 καὶ
1158 1150 1473 1216 παρανόμων
1544 1139 1855 1214 γραψαμένη

256 1235 343 1282 τὸν
376 1230 568 1304 βιαιον.
601 1230 669 1282 Ὠ
724 1239 830 1291 πῶς
870 1233 1100 1302 ἠνεσχου
1158 1232 1182 1283 ὃ
1231 1237 1389 1303 μήπω
1437 1235 1683 1303 πρότερον
1735 1225 1859 1296 ψεύ-

257 1323 499 1386 σασθαι;
544 1322 635 1371 ῖσα
658 1322 760 1391 γὰρ
805 1322 1007 1390 θανάτῳ
1055 1325 1112 1372 τό
1171 1317 1370 1390 ψεῦδος
1423 1319 1732 1387 ἐστύγηκας.
1791 1313 1856 1364 ’Ἦ

255 1405 414 1466 δῆλον
462 1411 538 1460 ὅτι
593 1411 661 1470 ὡς
709 1408 843 1460 εἵλου
903 1411 1070 1461 θανεῖν
1129 1409 1172 1460 εἰ
1229 1406 1409 1466 δεήσοι
1461 1406 1544 1459 ἐπὶ
1623 1408 1861 1476 σωτηρία

251 1494 603 1556 κινδυνεύσεις
629 1495 901 1570 ἀνθρώπου
935 1498 1100 1558 οὑτως
1153 1498 1383 1568 ἠνέσχου
1411 1501 1499 1547 καὶ
1555 1493 1860 1564 ψεύσασθαι

252 1590 343 1638 καὶ
393 1585 678 1656 ψεὺστηςό
727 1584 1010 1656 φιλαλήθης
1076 1588 1315 1656 γενέσθαι
1378 1590 1468 1636 καὶ
1549 1583 1734 1634 οὑποτε
1797 1583 1860 1630 τα

255 1673 406 1744 χείλη
435 1669 882 1745 μιάναςψεύδεσι.
946 1677 1094 1727 Κατά
1152 1674 1308 1733 ζῆλον
1363 1669 1422 1725 δε
1471 1677 1705 1742 Χριστοῦ
1769 1671 1860 1718 καὶ

253 1770 410 1814 τοῦτο
460 1759 724 1836 διεπράξω
770 1758 1054 1823 δήπουθεν,
1105 1762 1162 1824 ὃς
1218 1763 1346 1834 ὑπὲρ
1415 1763 1562 1831 ἡμῶν
1629 1758 1861 1830 ἁμαρτία

258 1857 349 1903 καὶ
375 1852 581 1922 κατάρα
625 1854 852 1920 γέγονεν,
911 1850 1045 1902 οὑτω
1098 1858 1209 1911 τοῖς
1273 1857 1406 1902 πᾶσι
1458 1847 1600 1900 πάντ’
1648 1845 1858 1916 ἐγίνετο,

263 1939 701 2012 ἀπροστατεύτοις
779 1940 1106 2012 προστάτης,
1193 1942 1390 2010 χήραίς
1467 1932 1710 2006 κηδεμὼν
1794 1935 1863 1993 ὡς

265 2026 418 2101 ἀνήρ’
478 2028 714 2101 ὀρφανοῖς
765 2032 958 2100 πατὴρ,
1009 2031 1224 2083 πένησιν
1275 2022 1510 2096 ἀδελφός,
1573 2022 1740 2094 φίλοις
1795 2023 1865 2081 ὡς

266 2117 558 2190 φιλέταιρος
635 2121 972 2180 πιστότατος,
1067 2119 1340 2186 συγγενέσι
1443 2113 1862 2186 φιλοικειότατος,

262 2202 500 2276 τάδελφῷ
569 2203 688 2255 καθ’
746 2202 1033 2276 ὑπερϐολὴν
1113 2202 1534 2274 ὑπερϐάλλουσαν
1629 2195 1865 2271 φιλαδελ-

265 2298 500 2366 φότητος,
551 2291 753 2344 Οὑκουν
803 2291 969 2363 ἐχρῆν
1017 2296 1047 2349 ἦ
1096 2299 1322 2362 γυναῖκα
1379 2289 1570 2341 ἐκείνου
1619 2291 1864 2360 χηρείαν,

1067 2119 1340 2186 συγγενέσι

1113 2202 1534 2274 ὑπερϐάλλουσαν

264 2385 473 2442 ἣτέκνα
519 2383 764 2457 ὀρφανίαν
820 2381 868 2433 ἐν
928 2380 1143 2455 ἀκαιρία
1194 2377 1376 2450 τοιᾷδε
1427 2381 1607 2431 παθεῖν
1671 2377 1867 2448 (ἔπεισι

261 2476 360 2547 γὰρ
389 2492 481 2544 μοι
509 2477 599 2524 καὶ
630 2467 776 2530 αὖθις
822 2470 1018 2544 ληρεῖν)
1078 2473 1191 2522 οὔτε
1230 2473 1319 2521 τὸν
1369 2465 1588 2538 ἀδελφόν
1647 2465 1733 2536 ἐμὲ
1776 2469 1866 2516 καὶ

261 2570 357 2623 τῆς
411 2561 533 2633 παρ’
584 2563 778 2612 ἐκείνου
826 2559 1013 2619 λοιπὴς
1055 2558 1416 2630 ψυχαγωγίας
1469 2556 1700 2608 ἐκπεσεῖν
1779 2559 1869 2604 καὶ

264 2648 648 2723 δυστηνοτεραν
677 2648 870 2701 ἀντλεῖν
917 2647 1102 2720 βιοτὴν
1136 2653 1226 2700 καὶ
1264 2651 1617 2720 μογερωτέραν
1675 2645 1869 2695 τοσού-

262 2759 333 2810 τῳ
381 2746 470 2790 νύν
516 2740 622 2808 ὅσῳ
690 2741 878 2811 περιὼν
963 2737 1151 2798 ἐκεῖνος
1235 2736 1524 2807 ὑπέλαφρον
1602 2733 1870 2805 εἰργάζετο

263 2832 531 2900 πρότερον.
567 2827 626 2880 Εἰ
645 2829 746 2900 γὰρ
783 2830 854 2898 μὴ
910 2833 1082 2897 παρῆν
1120 2830 1211 2876 καὶ
1265 2832 1446 2889 συνῆν,
1498 2822 1626 2874 ἀλλά
1677 2841 1736 2892 γε
1781 2825 1873 2872 καὶ

267 2921 420 2989 μόνον
450 2916 547 2988 ζῇν
601 2914 914 2987 ἀρκούμενος
967 2912 1226 2985 ἀνίψυχεν
1287 2913 1474 2965 ἐκεῖθεν
1525 2913 1699 2985 ὧσπερ
1759 2912 1876 2960 τινα

274 3007 503 3076 ζωγόνον
585 3001 832 3056 ἐπιπνέων
911 3003 1095 3078 αὔραν.
1159 3007 1260 3055 Καὶ
1330 3005 1399 3062 ὡς
1486 3002 1621 3062 θειος
1708 2994 1876 3050 Δαυίδ

271 3093 673 3168 ἀπαρνήνασθαί
726 3095 850 3144 ποτέ
898 3111 1030 3164 φησι
1079 3090 1480 3165 παρακληθῆναι
1528 3095 1622 3146 τὴν
1691 3087 1876 3139 ἑαυτοῦ

585 3001 832 3056 ἐπιπνέων

1083 399 1458 458 MICHAELIS
1487 386 1867 454 ACOMINATI
1898 387 2218 442 MONODIA
2251 391 2319 444 IN
2361 390 2707 448 FRATREM.

1969 619 2115 670 μενον
2140 603 2254 671 βίον
2299 603 2518 657 ἀϐίωτον
2561 627 2649 657 και
2699 617 2766 675 τῷ
2809 609 3010 677 θανάτῳ
3071 611 3262 658 νὶἓκνουν

1968 1413 2087 1474 γῆς.
2135 1404 2271 1457 Ἀλλ’
2327 1407 2433 1456 ἐπεὶ
2490 1413 2576 1454 νυν
2632 1410 2719 1455 καὶ
2785 1408 2870 1454 τον

3462 399 3600 449 12Ξὶ8

1354 527 1384 582 ἡ
1466 520 1688 594 γλῶσσά
1763 514 1935 565 σουλ
1969 508 2338 584 ἐκκρεμάμενος
2390 518 2678 588 ἠνειχομην
2726 517 2776 578 ἐς
2839 515 2993 590 δεὺρο
3054 523 3141 569 τόν
3215 521 3571 591 παροιμιαζό-

2146 600 2254 653 Ξίον
2299 603 2518 657 ἀϐίωτον
2561 627 2649 657 και
2699 617 2766 658 τῶ
2809 609 3010 658 θανάτω
3071 611 3262 658 ῶκνουν
3342 610 3567 658 ὑπακου-

2791 693 2827 711 εὶ,

1971 713 2062 746 σαι
2107 689 2267 744 πάλαι
2314 694 2571 766 καλούση,
2628 703 2731 745 Νῦν
2778 693 2827 746 δ’
2883 696 3084 768 ἐπείπερ
3141 696 3300 752 ἐκείνη
3367 694 3564 769 φρούδη

1973 790 2020 836 τί
2052 785 2162 856 ἐμοὶ
2184 791 2272 836 καὶ
2312 789 2370 836 τό
2426 786 2519 856 ζῇν
2575 793 2743 850 τούτο,
2803 786 2830 842 ἦ
2889 794 2990 843 πῶς
3050 783 3356 841 ἀναϐλητέον
3423 789 3570 836 ἔσται

1969 894 2057 945 μοι
2105 878 2161 925 το
2221 879 2291 945 μὴ
2349 873 2407 924 ον
2470 870 2759 924 κάταδυναι
2803 870 2906 930 ἠδη
2969 878 3092 946 πρὸς
3147 870 3281 942 ᾅδην
3338 873 3570 935 ἀπάσαις

1971 960 2184 1024 ὀδύναις
2211 962 2563 1035 ὑπέραντλον;
2613 961 2684 1022 εἰς
2736 971 2888 1012 τουτο
2955 965 3054 1035 γάρ
3111 981 3220 1032 μοι,
3273 966 3340 1022 ῶς
3388 966 3566 1026 ἔοικεν,

1971 1055 2000 1108 ἡ
2029 1049 2289 1124 δύσμορος
2315 1052 2420 1111 ζωὴ
2450 1057 2824 1123 παρατέταται,
2886 1053 2967 1101 ῐνα
3015 1057 3332 1124 μακροτέρας
3386 1051 3570 1102 ἐκτίσω

1971 1137 2126 1201 δίκας
2163 1147 2250 1192 καὶ
2303 1137 2393 1190 δια
2437 1143 2638 1192 πάντων
2694 1137 2944 1211 διίξωμαι
2995 1139 3260 1210 ἀλγεινῶν,
3321 1140 3421 1190 κάκ
3477 1148 3566 1190 του

1970 1226 2018 1278 ἐν
2052 1236 2282 1300 Χριστόν
2314 1233 2457 1298 χειρὶ
2481 1235 2573 1278 τοῦ
2606 1227 2832 1297 πλήρους
2863 1229 2998 1278 οἰνου
3029 1227 3255 1301 ἀκράτου
3307 1230 3571 1299 κεράσμά-

1968 1335 2051 1376 τος
2116 1320 2317 1386 πίωμαι
2365 1316 2611 1375 πολλάκις
2658 1319 2720 1374 ῶς
2773 1318 2957 1376 πάντες
3012 1319 3058 1366 οὶ
3118 1315 3415 1388 ἁμαρτωλοί
3482 1327 3570 1375 της

2969 1410 3183 1474 τρυγίαν
3266 1406 3567 1469 ἐκκενῶθην,

1972 1497 2360 1556 συνεκπέπωκα,
2407 1489 2512 1550 ἢδη
2570 1492 2616 1554 ἐς
2678 1496 2734 1543 τὸ
2789 1498 2958 1563 χρεὼν
3013 1495 3194 1563 άπειμι
3255 1490 3573 1552 διηντληκως

1969 1585 2059 1651 μεν
2086 1584 2174 1641 τὰς
2205 1581 2254 1632 ἐν
2289 1587 2490 1651 σώματι
2514 1583 2682 1650 θνητῴ
2724 1577 2878 1641 δίκας
2918 1581 3127 1642 ἁπάσας
3165 1579 3384 1651 σχεδον.

2042 1670 2151 1720 Ούκ
2183 1671 2405 1740 εὑθυμος
2430 1674 2602 1740 μέντοι
2653 1675 2742 1720 καὶ
2793 1675 2996 1740 χαίρων
3057 1669 3367 1741 μεταϐαινω,
3439 1673 3573 1722 ἐνθεν

1970 1755 2030 1810 δὲ
2081 1761 2150 1818 ὡς
2172 1763 2266 1815 τὴν
2289 1757 2590 1828 ἀπαλλαγὴν
2645 1765 2735 1809 τοῦ
2787 1759 2880 1829 ζῇν
2935 1759 3006 1819 εἰς
3070 1758 3263 1828 ἀγαθον
3316 1779 3364 1809 τι
3421 1779 3572 1830 μετα-

1971 1846 2124 1904 ϐολὴν
2154 1850 2357 1907 πάντως
2382 1850 2630 1920 εὑρήσωνο
2688 1846 2830 1919 φοϐεῖ
2889 1850 2987 1920 γάρ
3047 1867 3108 1918 με
3162 1853 3218 1898 τό
3280 1854 3571 1921 προσέρπον

1974 1933 2089 1998 δέος
2120 1939 2308 2010 ἕτερον,
2354 1941 2424 2006 μὴ
2471 1934 2668 1990 κάκ...
2733 1934 2897 1987 ἀπιὼν
2965 1935 3283 2010 βαρυτέραις
3332 1938 3566 1996 εὐθύναις

3473 2032 3571 2077 Καὶ

1975 2112 2141 2167 δεινόν
2169 2118 2258 2186 μὲν
2295 2119 2380 2165 καὶ
2426 2122 2598 2170 τοῦτο,
2649 2110 2932 2185 δεινότερον
2991 2111 3048 2165 δὲ
3101 2115 3266 2183 ’τολλῲ
3327 2116 3367 2166 εί
3428 2116 3576 2166 κάκεῖ

1972 2029 2338 2096 ὑποκείσομαι,
2398 2024 2512 2096 βίον
2572 2023 2838 2095 βεϐιωκὼς
2896 2024 2989 2076 οὑκ
3056 2023 3384 2094 ἀνέγκλητον.

1976 2201 2341 2274 διαστησομαι
2379 2200 2658 2274 τάδελφου,
2724 2202 2849 2253 ἀλλα
2902 2209 3134 2273 μεγίστῳ
3191 2210 3279 2254 καὶ
3337 2204 3572 2274 χαλεπαι-

1974 2298 2098 2366 τέρῳ
2152 2296 2420 2364 χάσματι,
2472 2293 2497 2342 ὃ
2550 2297 2706 2362 μέσον
2765 2290 3071 2364 ἐστήρικται
3120 2300 3211 2344 τον
3269 2312 3322 2344 τε
3390 2299 3573 2366 χώρου

1975 2392 2071 2434 των
2099 2382 2145 2433 ἐν
2176 2379 2281 2438 ἀδη
2341 2380 2765 2453 βασανιζομένων
2820 2387 2910 2432 καὶ
2963 2391 3057 2441 τῆς
3114 2379 3418 2453 εὐδαίμονος
3476 2394 3574 2433 τῶν

1978 2479 2312 2544 μακαριστῶν
2357 2466 2560 2542 ἀνδρῶν
2616 2469 2828 2535 λήξεως,
2885 2470 2955 2530 εἰς
3048 2470 3108 2527 ἣν
3185 2471 3576 2542 μετατάξασθαι

1976 2564 2063 2612 τὸν
2123 2557 2344 2630 ἀδελφὸν
2403 2563 2741 2625 πεπίστευκα,
2803 2555 2953 2619 εἰδὼς
3011 2561 3144 2618 ὅπως
3192 2563 3280 2630 μὲν
3340 2561 3410 2620 εἰς
3492 2559 3580 2634 ἀρ’-

1978 2654 2185 2722 χέτυπα
2256 2644 2664 2722 παραδείγματα
2741 2646 2940 2698 ἐκείνων
3025 2652 3112 2698 τόν
3194 2647 3379 2699 ἑαυτου
3462 2649 3578 2720 βίον

1981 2739 2278 2791 ἀπευθύνων
2311 2735 2680 2809 διεκόσμησεν,
2713 2738 2850 2796 ὅπως
2887 2733 2945 2788 δὲ
2993 2743 3082 2788 καὶ
3140 2736 3188 2788 ἐν
3250 2747 3316 2810 γῆ
3379 2735 3583 2810 διατρί-

1981 2827 2082 2880 ϐων
2129 2831 2226 2896 ἔτι,
2285 2826 2517 2892 ἐκείνοις,
2582 2829 2646 2885 ὡς
2737 2825 2866 2893 ἐξὸν,
2944 2822 3108 2896 ἐδίψα
3190 2835 3416 2878 συνεῖναι
3495 2833 3581 2878 καὶ

1985 2916 2396 2988 συναγάλλεσθαι
2460 2918 2526 2967 τα
2607 2914 2969 2987 ὑπολείμματα
3069 2915 3228 2986 ἁγίων
3327 2919 3580 2988 σωμάτων

1981 3006 2181 3059 ἐκείνων
2245 3010 2336 3058 καὶ
2381 3007 2447 3057 τά
2507 3003 2854 3077 ἐκτυπωματα
2928 3004 3201 3077 συλλεγων,
3291 3009 3583 3065 συνοικιζο-

1984 3101 2131 3168 μενός
2183 3115 2237 3147 τε
2285 3100 2376 3148 καὶ
2419 3101 2535 3154 ταῖς
2587 3093 2830 3146 ἀνωτάτω
2880 3101 3059 3166 τιμαῖς
3140 3094 3431 3166 σεϐόμενος
3512 3095 3585 3154 εἷς

269 3184 479 3256 ψυχὴν,
547 3184 844 3255 μεμνῆσθαι
904 3179 964 3234 δί
1029 3189 1122 3234 τοῦ
1173 3190 1306 3235 Θεοῦ
1373 3187 1464 3232 καὶ
1543 3185 1880 3251 παραχρῆμα
1909 3172 1950 3226 C
1983 3187 2082 3259 γάρ
2105 3181 2276 3240 οὐδεὶς
2321 3181 2381 3243 ἧν
2447 3183 2685 3236 ἁπάντων
2738 3181 2956 3235 δικαίων
3013 3192 3113 3234 τῶν
3157 3183 3584 3258 ἐγγεγραμμένων

272 3273 637 3345 εὐφρανθῆναιν
671 3271 805 3323 οὑτω
838 3278 928 3324 καὶ
973 3272 1123 3331 αὑτός
1190 3270 1478 3342 ἀχθόμενος
1522 3276 1628 3328 τοῖς
1686 3275 1878 3342 παροῦ-

273 3382 354 3415 σιν
381 3361 628 3437 ἀνιαροῖς,
660 3365 703 3414 εἴ
759 3365 881 3413 ποτέ
936 3381 1013 3421 τις
1076 3360 1306 3432 ἐπέμφθη
1369 3380 1459 3432 μοι
1515 3358 1732 3429 ἀγγελία
1783 3358 1878 3427 ὑφ-

271 3449 513 3499 άπτουσα
549 3452 753 3518 μνήμης
810 3442 1094 3517 ἀδελφικῆς
1147 3444 1472 3517 ἐμπύρευμα,
1530 3447 1604 3495 ἔτι
1672 3462 1726 3494 τε
1780 3443 1874 3512 ζῆν

271 3535 453 3588 ἐκεῖνον
493 3540 582 3586 καὶ
635 3535 689 3585 εὖ
747 3535 991 3606 πράττειν
1047 3534 1504 3606 εύαγγελιζομένη,
1573 3533 1877 3603 θαυμασίαν

268 3629 384 3678 τινα
406 3627 653 3697 παραυτά
682 3623 1011 3697 παράκλησιν
1039 3627 1298 3698 εὕρισκον·
1343 3623 1404 3674 Εἰ
1459 3619 1518 3674 δὲ
1573 3625 1664 3672 καὶ
1710 3621 1864 3691 γράμ-

268 3734 343 3785 μα
363 3717 487 3765 ποτὲ
513 3721 603 3772 τῆς
648 3712 898 3783 φιλτάτης
953 3711 1140 3783 ψυχῆς
1190 3716 1280 3762 καὶ
1336 3713 1515 3785 χειρὸς
1567 3705 1874 3779 ἐδεδέγμην,

267 3808 381 3856 τότε
413 3798 504 3868 δὴ,
537 3805 650 3853 τότε
679 3805 770 3852 καὶ
799 3801 919 3870 ὄψιν
953 3800 1148 3857 ἐκείνην
1196 3796 1429 3858 ἡδίστην
1483 3804 1573 3850 καὶ
1623 3796 1878 3869 γλυκεραν

271 3892 476 3965 ὁμιλίαν
530 3890 888 3962 ἐφανταζόμην
943 3911 1034 3942 και
1091 3891 1210 3948 όλην
1265 3890 1427 3947 αὐτὴν
1481 3893 1570 3946 τὴν
1633 3883 1882 3939 αὑτάδελ-

274 4003 364 4056 φον
392 3986 537 4054 ᾤμην
579 3981 800 4053 κεφαλὴν
856 3980 1071 4052 ἀπέχειν
1117 3987 1205 4034 καὶ
1261 3980 1738 4055 περιπτύσσεσθαι,
1794 3982 1884 4029 καί

277 4093 377 4147 μου
436 4075 494 4123 τὸ
545 4075 944 4146 περικεχυμένον
991 4079 1086 4133 τῆς
1137 4071 1321 4142 ψυχῆς
1377 4070 1549 4140 θλίψει
1604 4072 1668 4129 ὡς
1739 4073 1887 4140 νέφος

1372 4160 1554 4230 αἴφνης
1635 4159 1852 4231 ῥαγείση
1867 4177 1888 4218 ς

279 4271 431 4306 κατε.
452 4294 464 4304 .
489 4293 500 4303 .
532 4256 831 4324 παρῴχετο,
858 4255 949 4301 καὶ
996 4259 1100 4322 φῶς
1156 4249 1514 4320 γλυκυθυμίας
1553 4247 1886 4321 περιέλαμπε.

279 4165 454 4236 ὥσπερ
513 4164 650 4222 τινός
723 4162 1018 4232 θαυμασίας
1084 4160 1290 4234 αἰθρίας

282 4349 394 4394 Νύν
427 4336 485 4392 δὲ
506 4338 612 4391 ἀλλ’
645 4338 728 4391 ἐπὶ
758 4347 828 4409 τῷ
863 4341 1061 4409 θανάτῳ
1101 4337 1292 4390 ἐκείνου
1338 4335 1517 4398 ὠδῖνες
1567 4333 1701 4405 ᾅδου
1751 4355 1893 4408 περι-

283 4431 542 4484 κυκλοῠσί
566 4449 647 4501 με,
677 4435 766 4481 καὶ
798 4434 985 4490 σκότος
1038 4427 1203 4501 ἀθυμ.
1227 4470 1239 4484 .
1263 4471 1275 4482 .
1299 4471 1311 4481 .
1381 4425 1546 4499 βαθύς
1595 4432 1685 4478 καὶ
1740 4427 1893 4478 θανά-

287 4540 382 4573 του
428 4518 703 4593 προϐάλλει
763 4521 908 4586 σκιὰ,
954 4517 1157 4593 ἐπείπερ
1217 4513 1310 4569 ἔδυ
1363 4515 1608 4578 καθάπαξ
1660 4517 1685 4567 ό
1774 4513 1897 4586 ἐμός

287 4610 480 4669 ἐκεῖνος
517 4608 681 4670 ἣλιος.
730 4606 800 4660 Ὦ.
850 4609 960 4660 οῖαν
1018 4605 1380 4670 ἁπεϐαλλόμην
1445 4608 1582 4677 ἱερὰν
1636 4606 1894 4677 ἄγκυραν,

291 4699 324 4757 ἢ
360 4702 605 4774 πρότερον
627 4701 716 4770 μὲν
767 4701 861 4756 τὴν
911 4695 1195 4770 Ἀθήνῃσιν
1249 4694 1560 4753 Ἐκκλησίαν
1609 4694 1899 4754 οἰακίζοντι

289 4793 578 4862 παρείχετο
621 4791 809 4848 παντὸς
863 4793 1115 4860 περιεῖναι
1161 4782 1438 4845 κλύδωνος·
1498 4792 1586 4836 νῦν
1649 4780 1707 4836 δὲ
1780 4782 1900 4835 πολ-

291 4879 402 4940 λοῖς
459 4880 754 4952 φορουμὲνῳ
798 4878 1042 4948 κυμάτων
1120 4871 1352 4936 διαύλοις
1416 4879 1505 4925 καὶ
1575 4876 1900 4945 ποντουμένῳ

295 4966 476 5038 ἀνεῖχέ
493 4987 584 5040 μοι
612 4971 705 5025 την
733 4966 920 5038 ψυχὴν
943 4969 1032 5018 καὶ
1061 4971 1272 5037 συνεῖχε
1301 4968 1359 5016 τὸ
1395 4967 1510 5036 ζῇν.
1550 4964 1774 5025 Ἐκείνης
1800 4965 1902 5033 γὰρ

718 5811 966 5876 ΡΑτιιοι.
991 5817 1094 5874 Gn.
1127 5811 1259 5874 CXL

1986 3276 2084 3346 ὅλῳ
2109 3283 2180 3345 τῷ
2211 3275 2382 3344 κύκλῳ
2439 3282 2538 3325 τῶν
2591 3276 2794 3347 ἡμερῶν
2846 3282 2937 3325 τοῦ
2982 3273 3238 3340 ἐνιαυτου,
3295 3275 3349 3334 ὃς
3403 3274 3460 3324 οὐ

1985 3366 2145 3416 αὑτοῦ
2213 3368 2436 3435 μνήμονι
2482 3367 2651 3437 ἡμέρᾳ
2712 3362 3055 3434 ἑορταστικῶς
3117 3359 3418 3414 ἐκυδαίνετο
3475 3359 3588 3434 ἰδία

3501 3472 3587 3522 γε,

3448 3544 3586 3612 ἀπάρ

1985 3455 2107 3522 παρ’
2175 3452 2365 3504 ἐκείνου
2459 3453 2797 3512 θυσιάζοντος
2871 3461 3250 3522 πνευματικῶς,
3340 3457 3430 3503 καὶ

1986 3547 2250 3618 ραίροντος
2337 3540 2512 3612 ὑμνοις
2573 3546 2664 3592 καὶ
2755 3544 3081 3614 παγκάρποις
3169 3544 3369 3614 ὡραίων

1984 3650 2204 3702 γμασιν.
2261 3631 2335 3682 Ou’
2392 3633 2492 3704 γὰρ
2542 3631 2724 3700 ἠγάπα
2773 3625 3010 3700 δημοσιᾳ
3072 3630 3464 3701 πανηγυρίζων,
3548 3629 3590 3680 εἰ

1987 3726 2173 3794 μήκαὶ
2203 3719 2250 3771 ἐν
2291 3729 2352 3791 τῇ
2409 3721 2522 3771 κατ’
2569 3728 2707 3771 οἰκον
2778 3719 2963 3771 ἑαυτου
3013 3718 3265 3790 ἐκκλησίᾳ
3317 3719 3589 3791 ἀφοσιοῐτο

1988 3819 2060 3880 τῷ
2115 3810 2317 3880 ἑκάστῳ
2372 3813 2695 3881 τετιμημένῳ
2755 3805 2967 3878 δικαίῳ,
3030 3812 3096 3868 ως
3162 3814 3255 3865 τὴν
3333 3808 3591 3859 ἐνιαύσιον

1991 3905 2060 3957 ὡς
2082 3905 2250 3972 φωνὴν
2290 3899 2664 3970 ἀγαλλιᾶσθαι,
2704 3904 2792 3951 καὶ
2832 3904 3088 3970 σωτήριον
3156 3897 3204 3949 ἐν
3401 3907 3591 3970 σκηνῇ,

1992 3995 2081 4041 καὶ
2129 3999 2220 4041 τοὺ
2272 3987 2483 4040 δικαίου
2549 3987 2746 4040 ἐκείνού
2803 3988 3064 4060 ψαλμικὸν
3141 3985 3395 4050 διηνεκῶς
3476 3989 3593 4050 ἐξα-

1994 4081 2261 4132 κουεσθαι.
2304 4078 2451 4140 Φίλος
2478 4074 2565 4129 οὖν
2591 4074 2682 4129 διὰ
2717 4085 2880 4128 ταῦτα
2938 4073 2989 4128 εὖ
3043 4074 3166 4129 οἶδα
3220 4081 3364 4149 παρα
3421 4077 3596 4149 φίλους

1995 4167 2229 4240 ἀφίκετο,
2260 4173 2349 4220 καὶ
2411 4168 2478 4227 είς
2520 4169 2614 4228 τὰς
2661 4166 2822 4225 αὑτὰς
2875 4166 3052 4227 αὐτοῖς
3111 4167 3320 4227 αἰωνίοις
3404 4170 3601 4227 σκηνάς

1999 4257 2260 4315 εἰσήλασε,
2324 4262 2413 4308 καὶ
2472 4263 2837 4327 συνεμφορεῖτο
2899 4263 2995 4316 τῆς
3072 4253 3357 4330 ἀπεράντου
3434 4275 3601 4328 μακα-

2001 4353 2256 4419 ριότητος.
2312 4346 2655 4416 Ἐντυγχάνει
2705 4340 2762 4395 δὲ
2841 4340 3013 4400 δήπου
3093 4351 3181 4397 καὶ
3261 4350 3377 4418 περὶ
3459 4347 3602 4416 ἡμῶν

2005 4439 2230 4510 θαρσῶν,
2263 4439 2326 4487 τά
2356 4455 2408 4487 τε
2438 4435 2567 4486 ἄλλα
2595 4440 2685 4486 καὶ⁹
2710 4436 2780 4494 ὡς
2821 4430 3148 4506 φιλάδελφος,
3202 4434 3359 4494 οὕτως
3418 4436 3442 4485 ὁ
3489 4437 3606 4494 τοὺς

2003 4527 2270 4600 ῥυπῶντας
2299 4526 2582 4597 καθαίρων,
2610 4526 2677 4584 ὡς
2707 4530 2810 4596 πῦρ
2842 4529 3196 4596 χωνευτήριον
3238 4529 3328 4575 καὶ
3385 4527 3450 4585 ὡς
3502 4530 3609 4575 πόα

2003 4615 2316 4676 πλυνόντων,
2375 4620 2464 4666 καὶ
2519 4615 2664 4685 ἡμῶν
2720 4608 2812 4663 διὰ
2860 4622 2959 4663 τῶν
3031 4611 3251 4664 ἐνταῦθα
3307 4621 3608 4686 πειρασμῶν

2008 4706 2076 4764 ὡς
2119 4700 2213 4756 διὰ
2268 4707 2426 4776 πυρὸς
2477 4708 2568 4754 καὶ
2626 4697 2820 4762 ὑδατός
2871 4699 3178 4773 ἀποσμηξῃ,
3246 4708 3335 4754 και
3396 4703 3467 4763 εἰς
3523 4707 3610 4758 τὴν

2011 4793 2172 4852 αὐτὴν
2219 4793 2445 4866 ἐξαγάγῃ
2489 4790 2792 4862 ἀναψυχὴν,
2854 4796 2944 4842 καὶ
3000 4787 3295 4854 δικαιώσας
3373 4788 3465 4843 δια
3523 4799 3613 4850 τῆς

2012 4886 2273 4957 Παρθένου
2307 4880 2468 4935 δώσει
2505 4888 2739 4933 κατοκεῖν
2784 4879 2867 4931 ἐπὶ
2893 4884 2972 4948 τό,
3036 4881 3162 4934 αύτό
3217 4887 3307 4934 καὶ
3361 4881 3409 4932 ἐν
3473 4885 3615 4951 τόπῳ

2013 4982 2178 5032 σκηνῆ
2189 4995 2210 5036 ς
2241 4974 2610 5047 θαυμασθῆναι
2641 4971 2880 5031 αἰωνίως.

3270 5799 3339 5854 40
