4444 6452
239 409 364 476 1261
766 416 1124 475 THEODORI
1149 417 1195 472 Il
1249 417 1394 474 IMP.
1420 415 1508 473 DE
1549 401 2000 471 COMMUNIONE
2027 410 2397 471 NATURALI.
2426 445 2494 458 —
2525 415 2920 474 PREFATIO.
3459 413 3598 478 1282

237 547 385 609 atra,
412 541 726 613 sanguiset
741 543 972 614 pituita,
1007 543 1174 599 tanta
1194 549 1283 600 est
1305 548 1535 600 naturae
1566 539 1944 596 visinrerum
1968 539 2330 595 naturalium
2364 541 2918 614 temperationibus.
2947 539 3055 595 Sed
3075 539 3202 612 jam
3219 541 3295 596 ad
3327 546 3599 602 secretio-

237 648 365 689 rem
391 631 935 688 considerationem
969 633 1300 688 veniamus.
1343 635 1488 690 Sunt
1520 627 1926 687 animantibus
1943 627 2184 683 rationis
2208 631 2548 702 expertibus
2573 632 2681 687 tria
2709 629 3007 703 plantasia
3046 630 3350 702 quaedam,
3373 634 3600 690 irarum

238 721 418 779 ardor
443 721 716 794 quidam,
740 722 1036 794 cupiditas
1069 722 1354 796 quaedam
1382 741 1394 790 ;
1427 723 1487 778 in
1509 719 1750 777 nomine
1781 718 1931 774 ratio
1953 733 2086 790 quae
2117 719 2495 791 phantasiam
2529 721 2817 787 nobilitat,
2852 719 3067 776 deinde
3089 722 3248 792 Ουμὸς
3281 725 3336 777 et
3356 721 3603 796 ἐπιθυμία

237 825 374 884 qum
397 811 518 867 duo
535 826 606 867 eo
629 817 768 867 sunt
789 810 1084 868 nobiliora
1098 812 1262 884 quod
1288 813 1581 868 rationem
1606 807 2068 866 moderatrinem
2091 813 2146 863 et
2168 807 2645 878 gubernatricem
2665 809 3067 866 habeant'fria
3091 811 3219 867 haec
3241 809 3412 883 λόγος,
3440 815 3602 885 θυμὸς

239 904 296 956 et
321 900 588 973 ἐπιθυμία,
614 905 679 956 ut
699 904 837 956 sunt
857 901 1072 957 animas
1101 902 1381 958 humanae
1406 917 1580 975 pares
1603 895 1967 961 essentiales,
1998 896 2058 952 in
2082 898 2411 956 tensionem
2440 905 2494 956 et
2519 901 2930 956 remissionem
2948 915 3069 955 non
3094 900 3603 973 suscipiunt.Nam

237 989 465 1046 ratione
491 990 671 1050 οὐσίας
699 991 970 1046 Socrates
1008 1005 1130 1046 non
1153 995 1240 1046 est
1265 991 1459 1061 magis
1489 990 1693 1062 λογικὸς
1727 1001 1914 1060 quam
1940 985 1992 1040 PI

1845 1001 1914 1042 ,m
1940 985 2128 1058 Plato,
2161 993 2261 1044 aut
2289 990 2482 1060 magis
2519 991 2782 1060 θυμικὸς,,
2817 994 2920 1046 aut
2951 989 3144 1060 magis
3205 990 3600 1065 ἐπιθυμητικὸς.

242 1077 356 1135 Sed
376 1079 600 1135 ratione
618 1079 1016 1152 copulationis
1045 1080 1260 1136 anima:
1286 1085 1341 1136 et
1372 1078 1662 1136 materiali
1683 1075 1949 1149 corporis
1969 1075 2222 1148 physici,
2246 1080 2534 1150 organici,
2559 1079 2838 1136 dicuntur
2853 1078 2946 1134 hie
2968 1082 3292 1151 potestates
3345 1081 3604 1153 qualita-

239 1179 327 1231 tes
368 1184 446 1224 n0
476 1165 774 1230 οὐσιὼδας.
810 1175 866 1225 et
890 1170 1140 1241 proinde
1169 1170 1567 1226 intensionem
1599 1183 1668 1224 ac
1694 1166 1994 1223 remissior

1850 1166 2109 1221 ssionem
2141 1168 2510 1240 suscipiunt:
2555 1168 2707 1225 adeo
2731 1173 2792 1224 ut
2817 1167 2908 1222 hic
2936 1168 3035 1224 illo
3064 1167 3421 1244 λογικώτερος,
3452 1172 3605 1243 Gepi-

239 1261 458 1330 κώτιρος
479 1263 535 1314 et
560 1259 995 1331 ἐπιθυμικώτιρος
1022 1259 1272 1314 dicatur.
1311 1263 1515 1331 Itaque
1541 1258 1678 1314 bilis
1703 1256 1874 1312 ﬂavas
1923 1255 1994 1309 ni;

1851 1272 1874 1311 ε
1923 1255 2111 1310 nimia
2152 1258 2325 1328 copia
2371 1258 2674 1313 hominem
2728 1257 3076 1331 Ουμικώτςρον
3121 1259 3334 1315 reddit.
3397 1259 3606 1316 Pituita

235 1346 424 1402 nimia
475 1347 781 1402 hominem
835 1348 1033 1403 minus
1074 1349 1311 1419 θυμικὸν,
1333 1363 1518 1420 quam
1556 1360 1665 1420 par
1705 1350 1810 1408 est,
1834 1343 1985 1400 efﬁci

1846 1343 2028 1400 afﬁcit.
2051 1346 2368 1414 Sanguinis
2391 1346 2767 1402 abundantia
2786 1347 3094 1402 hominem
3144 1347 3601 1422 ἐπιθυμικώτιρον,

235 1434 538 1491 interdum
565 1437 1045 1493 etiamlaatiorem
1070 1438 1281 1493 reddit.
1310 1442 1448 1493 Atra
1463 1437 1594 1492 bilis
1616 1436 1924 1492 hominem
1943 1435 2261 1490 tristiorem
2284 1435 2479 1492 efﬁcit.
2502 1441 2785 1492 Praeterea
2799 1437 2949 1507 λόγος
2971 1438 3424 1510 praesertimque
3464 1458 3605 1512 προι-

237 1527 376 1585 χτιὸς
401 1525 820 1582 interveniente
842 1527 1187 1598 phantasia,
1219 1528 1397 1582 utitur
1419 1527 1692 1582 sensibus
1709 1531 2001 1596 tanquam
2020 1524 2680 1583 instrumentis.ldcirco
2711 1527 2938 1583 ratione
2953 1527 3254 1599 qualitatis
3278 1533 3332 1583 et
3349 1533 3610 1600 potesta-

238 1614 311 1669 tis
351 1630 473 1670 non
494 1611 786 1676 οὐσιώδους
816 1615 1024 1688 recipit
1045 1616 1468 1685 intensionem,
1499 1614 1985 1671 etremissionem

1849 1628 1985 1668 nem
2017 1614 2168 1669 adeo
2192 1620 2254 1670 ut
2276 1631 2432 1670 unus
2454 1615 2636 1671 altero
2667 1615 3004 1688 λογικώτερος
3036 1617 3124 1672 vel
3149 1615 3362 1688 {minus
3400 1617 3603 1689 λογικὸν

239 1703 491 1773 dicatur,
531 1704 832 1760 interdum
869 1705 1046 1760 etiam
1079 1706 1235 1761 idem
1257 1705 1452 1776 seipso
1482 1704 1820 1776 λογικώτιρος
1851 1701 2084 1768 dicitur,
2106 1717 2227 1759 non
2254 1705 2484 1760 ratione
2507 1705 2816 1776 potestatis
2843 1705 3192 1774 essentiaiis,
3239 1706 3341 1760 sed
3363 1712 3608 1780 propter

238 1792 546 1848 meliorem
579 1793 843 1866 corporis
878 1794 1113 1865 physici
1141 1799 1380 1850 statum.
1404 1798 1661 1864 Purgato
1703 1796 1860 1848 enim
1893 1794 2155 1856 cerebro.
2190 1795 2518 1866 praesertim
2568 1811 2707 1850 cum
2746 1795 2940 1852 noxiis
2968 1795 3324 1850 humoribus
3359 1788 3607 1854 infesta;

240 1882 582 1955 tur,aliquis
599 1883 674 1938 ad
689 1883 1168 1940 ratiocinandum
1183 1885 1375 1956 aptior
1389 1884 1555 1940 reddi
1571 1888 1782 1956 potest.
1801 1884 1862 1938 Et
1875 1883 2162 1954 quoniam
2177 1888 2434 1955 quatuor
2447 1885 2732 1939 humores
2749 1900 2805 1939 in
2822 1884 3172 1957 corporibus
3187 1885 3466 1941 humanis
3480 1886 3608 1958 plu-

236 1971 458 2027 rimum
483 1977 755 2044 possunt,
781 1977 843 2028 ut
868 1978 1047 2045 patet,
1073 1989 1194 2029 non
1219 1973 1512 2029 immerito
1540 1979 1974 2029 connectuntur

1852 1979 1974 2027 Jtur
2004 1973 2455 2043 conjugationes
2486 1973 2639 2045 λόγον
2661 1975 2826 2046 θυμοι)
2847 1975 3140 2046 ἐπιθυμίας,
3165 1991 3304 2031 cum
3322 1972 3607 2046 conjuga-

237 2060 500 2117 tionibus
521 2066 776 2134 quatuor
793 2062 1140 2132 humorum,
1165 2079 1380 2136 nempe
1401 2063 1534 2118 bilis
1556 2061 1890 2132 ﬂavm,bilis
1908 2067 2070 2126 atrae,
2087 2064 2393 2133 sanguinis
2418 2081 2484 2119 ac
2517 2065 2760 2136 pituitae.
2789 2066 2948 2129 Quas
2970 2064 3214 2137 quidem
3239 2066 3609 2136 conjngatio-

236 2165 344 2208 nes
359 2151 553 2224 siquis
569 2151 880 2221 diligenter
892 2151 1606 2225 pervestiget,nonaginta
1623 2153 1773 2208 duas
1791 2152 2235 2225 reperiet,etiam
2252 2169 2369 2208 non
2391 2159 2778 2210 annumerata
2792 2154 3036 2225 simplici
3051 2155 3183 2225 couj
3196 2155 3608 2224 ugatione,nec'

233 2240 334 2297 illa
359 2256 494 2314 quae
519 2239 772 2313 simplici
799 2241 1136 2314 respondet.
1165 2246 1310 2299 Nam
1335 2248 1561 2315 septem
1587 2242 1714 2298 aliae
1738 2242 2192 2312 conjugationes
2247 2245 2446 2316 quaein
2477 2245 2699 2300 unitate
2729 2243 2855 2299 sola
2884 2244 3281 2300 intensionem
3309 2260 3378 2300 ac
3402 2245 3611 2300 remis-

237 2324 469 2386 sionem
496 2330 1654 2404 suscipiunt,nullumautperobscurum
1682 2331 2271 2403 habentusum,quae
2314 2337 2514 2388 tamen
2531 2333 2577 2387 si
2596 2333 2898 2388 addantur
2929 2332 3185 2404 simplici
3208 2349 3276 2389 ac
3298 2333 3611 2403 monagino‘

237 2419 402 2489 ginta
434 2420 700 2490 duabus,
730 2427 969 2477 centum
999 2423 1454 2494 conjugationes
1488 2423 1846 2479 constituent
1888 2422 1970 2476 Ex

1888 2422 1970 2476 Ex
2031 2422 2251 2493 quibus
2279 2422 2619 2491 intelligitur
2644 2423 2794 2478 ratio
2829 2424 3157 2495 συμπαθείας
3185 2427 3240 2478 et
3267 2421 3607 2484 ἀντιπαθείας

234 2507 552 2564 hominum
575 2508 725 2566 inter
743 2525 824 2580 se,
851 2527 985 2582 qua:
1009 2527 1078 2566 ex
1093 2512 1308 2567 animus
1325 2515 1379 2567 et
1406 2511 1671 2584 corporis
1697 2511 1958 2582 organici
1981 2513 2212 2585 physici
2235 2513 2612 2585 copulatione
2632 2514 2880 2570 exsistit.
2905 2517 3090 2570 Nemo
3129 2529 3267 2569 vero
3299 2517 3465 2587 putet
3493 2530 3606 2570 nos

235 2597 494 2655 tribuere
516 2613 766 2655 causam
789 2601 984 2656 omnis
1006 2601 1339 2657 vitiositatis
1365 2617 1563 2673 pravae
1585 2602 1998 2672 temperationi
2039 2603 2306 2674 corporis
2333 2604 2600 2672 organici
2626 2602 2874 2674 physici.
2901 2605 3047 2659 Nam
3078 2604 3387 2675 quomodo
3418 2606 3475 2654 τὸ
3503 2611 3608 2674 φῶς

235 2683 287 2741 ἐν
317 2693 377 2748 τῆ
424 2693 609 2761 σκοτίᾳ
650 2694 820 2762 φαίης
852 2695 937 2742 καὶ
963 2689 990 2748 ἡ
1020 2696 1205 2743 σκοτία
1232 2691 1358 2743 αὐτὸ
1380 2691 1437 2743 οὐ
1475 2689 1884 2764 καταλαμϐςὲχει,
1911 2708 1990 2748 nu

1857 2712 1884 2758 ι,
1911 2708 2070 2748 nunc
2119 2709 2239 2748 non
2283 2698 2371 2748 est
2431 2699 2707 2749 nostrum
2749 2692 3081 2749 ostendere.
3140 2693 3230 2748 Ad
3262 2703 3612 2766 supremam

234 2776 395 2834 enim
411 2776 771 2850 theologiam
786 2780 1484 2852 pertinethazctractatio.
1532 2780 1797 2853 Cumque
1824 2781 1885 2838 in
1915 2781 2225 2854 republica
2245 2782 2397 2838 ﬁnes
2431 2782 2906 2855 praastantissimi
2940 2783 3055 2838 sint
3083 2783 3146 2834 τᾶ
3184 2790 3284 2834 τῶν
3307 2779 3615 2855 ἀρχιτεκτο-

233 2876 388 2920 νικῶν
410 2868 553 2935 τέλη,
581 2869 818 2941 sintque
852 2866 1299 2943 Ἀρχιτιιιτονικοὶ
1330 2871 1743 2943 imperatores,
1775 2885 1962 2942 reges,

1857 2885 1962 2942 ges,
2015 2871 2316 2944 principes
2381 2877 2438 2926 et
2498 2871 2912 2943 magistratus,
2971 2871 3302 2927 videndum
3355 2876 3444 2928 est
3494 2873 3612 2928 im-

235 2958 450 3032 primis
480 2961 540 3014 et
565 2958 922 3027 curandum,
955 2963 1020 3015 ut
1049 2959 1344 3026 educatio,
1378 2964 1618 3012 κοινωνία
1639 2966 1694 3016 et
1739 2961 1868 3016 vitae
1927 2976 1990 3017 ra

1857 2978 1868 3016 3
1927 2962 2076 3017 ratio
2134 2971 2231 3014 τῶν
2293 2960 2734 3036 ἁρχιτικτονικῶν
2781 2957 3003 3035 ἀνδρῶν,
3057 2960 3135 3018 ad
3188 2960 3612 3034 ἀρχιτεκτονικόν

233 3047 374 3110 τῖλος
405 3046 711 3104 referatur.
749 3048 953 3114 Qualis
987 3048 1147 3105 enim
1175 3055 1263 3106 est
1289 3050 1317 3108 ἡ
1351 3054 1509 3123 σοφία
1540 3051 1691 3106 inter
1711 3065 1922 3107 omnes
1963 3067 1988 3105 s

1860 3065 1922 3106 es
1963 3051 2258 3121 scientias,
2291 3051 2424 3107 talis
2454 3053 2484 3110 ἠ
2520 3056 2768 3127 φρόνησις
2801 3051 2850 3104 ἐν
2895 3057 3004 3111 ταῖς
3042 3050 3335 3112 πολιτικαῖς
3383 3051 3609 3126 ἀρεταῖς.

235 3137 304 3194 Et
328 3141 393 3194 ut
409 3130 690 3211 quaedam
715 3137 974 3194 scientiae
1000 3145 1244 3211 propter
1265 3139 1637 3196 nobilitatem
1656 3145 1711 3196 et
1739 3141 2182 3197 accurationem
2202 3142 2397 3212 magis
2423 3142 2716 3198 accedunt
2738 3141 2816 3198 ad
2841 3141 3198 3214 sapientiam
3229 3155 3242 3206 ;
3263 3140 3344 3197 ita
3365 3153 3612 3214 quoque

233 3227 395 3284 artes
418 3227 704 3300 quaedam
726 3233 782 3283 et
803 3227 1082 3296 scientiae,
1111 3245 1372 3301 quarum
1403 3247 1548 3286 usus
1577 3231 1639 3285 in
1668 3228 1976 3302 republica

1855 3228 1976 3288 ilica
2004 3230 2282 3303 cernitur,
2314 3233 2508 3302 magis
2531 3231 2826 3288 accedunt
2853 3235 2983 3304 πρὸς
3004 3233 3097 3290 τὴν
3156 3229 3610 3306 ἀρχιτεκτονικὴν,

231 3315 444 3389 qnales
467 3321 606 3372 sunt
635 3316 664 3374 ἠ
701 3318 1098 3390 “pani-(exmia
1147 3317 1372 3392 ἰατρική,
1419 3320 1615 3389 Nam,
1667 3322 1732 3375 ut
1784 3319 1865 3376 ait
1919 3336 1986 3376 au

1862 3337 1865 3374 :
1919 3325 2128 3377 auctor
2174 3326 2393 3389 noster,
2453 3326 2589 3397 τριῖς
2641 3326 2903 3374 κοινωνίαι
2951 3329 3023 3391 τῷ
3073 3321 3296 3395 ἄρχοντι
3352 3312 3617 3396 ἁρμοδιώ-

232 3423 402 3476 τατοι,
445 3399 744 3478 φιλοσοφία,
778 3411 1046 3480 στρατεία,
1119 3408 1350 3480 ἰατρικὴ,
1420 3407 1549 3479 μετά
1607 3418 1706 3461 τῶν
1768 3405 1987 3482 Ιδιωμὰτ

1860 3407 2065 3482 tipatam
2104 3409 2297 3465 αὗυῶν.
2337 3411 2498 3466 Idem
2553 3411 2733 3483 paqu
2782 3415 2918 3468 ante
2941 3408 3171 3467 dixerat
3206 3427 3218 3465 :
3250 3407 3260 3426 ‘
3292 3415 3335 3464 Ο
3365 3409 3615 3482 βασιλεὺς

232 3491 292 3549 οὐ
314 3503 544 3549 κοινωνεῖ
581 3504 670 3548 τοῦ
697 3493 1094 3564 λιθοξοου,ἁλ).’
1136 3494 1479 3570 ἀποδέχεται,
1514 3498 1647 3552 ὥστε
1711 3502 1766 3552 τὸ
1831 3491 2195 3573 ἀποδέχεσθαί
2269 3505 2401 3562 τινος
2463 3499 2595 3572 ἐστι,
2648 3506 2736 3553 καὶ
2812 3495 2904 3553 οὐκ
2971 3499 3087 3560 ὅλης
3153 3507 3246 3562 τῆς
3323 3503 3613 3563 κοινωνίας⁸

231 3585 361 3639 ὅπου
399 3604 500 3660 γαρ
523 3590 581 3638 τὸ
613 3591 908 3639 κοινωνικὸν
947 3588 1108 3660 ὄνομα
1172 3594 1360 3658 κεῖται,
1424 3597 1522 3641 τῶν
1580 3594 1951 3644 κοινὼννουτων

1860 3609 1951 3644 των
2020 3587 2288 3648 δηλοποιςῖ
2330 3595 2649 3663 συμφωνίαν.
2693 3593 2873 3647 Porro
2926 3590 3220 3663 sapientia.
3281 3588 3615 3662 prudentia

231 3679 397 3733 tanto
424 3681 685 3749 praestat,
719 3682 946 3749 quanto
977 3694 1147 3734 mens
1179 3680 1415 3734 animas.
1450 3679 1674 3736 Idcirco
1707 3680 1885 3737 etiam
1913 3680 2248 3737 Aristoteles
2279 3685 2444 3737 sexto
2467 3677 2545 3736 De
2575 3679 2846 3736 moribus
2885 3679 3085 3735 divine
3117 3677 3263 3736 dixit
3292 3693 3304 3734 :
3341 3674 3476 3733 Α).λά
3495 3677 3599 3752 μὴν

231 3761 356 3819 οὐδὲ
388 3771 546 3839 κυρία
575 3771 631 3838 γέ
653 3766 760 3819 ἐστι
790 3775 886 3829 τῆς
921 3773 1101 3840 σοφίας
1123 3765 1245 3821 οὗδὶ
1302 3776 1391 3821 τοῦ
1434 3767 1691 3842 βελτίονος
1749 3777 1934 3846 μορίου
1980 3768 2189 3844 ,ὥσπερ
2249 3766 2372 3822 οὐδὲ
2432 3777 2529 3830 τῆς
2586 3770 2759 3841 ὑγείας
2827 3769 3055 3844 ἰατρική·
3125 3767 3184 3822 οὖ
3248 3787 3348 3841 γαρ
3408 3775 3614 3844 χρῆται

231 3854 391 3920 αὐτῆ,
424 3855 533 3908 ἀλλ’
560 3857 655 3930 ὁρᾷ
685 3857 817 3917 ὅπως
846 3861 1082 3929 γένηται.
1115 3857 1334 3914 Deinde
1367 3858 1986 3930 subjicitverissimam

1859 3871 1999 3917 nam
2031 3859 2385 3916 sententiam
2421 3876 2432 3915 :
2465 3859 2691 3920 Ἐκσίνης
2715 3860 2802 3912 οὖν
2835 3860 2974 3911 Eum
2995 3860 3239 3930 (nempe
3282 3865 3378 3918 τῆς
3403 3859 3614 3931 σοφὶας)

232 3945 492 3999 ἐπιτάττει
522 3987 538 4018 ,
576 3946 681 3998 ἀλλ’
707 3944 798 3998 οὐκ
824 3946 1008 4006 ἐκείνη.
1036 3948 1344 4004 Postremo
1370 3949 1713 4007 acutissime
1743 3950 1987 4006 ludiﬁca

1871 3951 2084 4006 ﬁcatur
2112 3949 2268 4021 illos,
2303 3949 2352 4004 si
2393 3949 2498 4022 qui
2523 3949 2671 4006 forte
2702 3949 3099 4022 reperiantur,
3128 3948 3235 4020 qui
3302 3946 3619 4004 temerario

228 4033 462 4108 judicio
491 4035 874 4108 prudentiam
901 4037 1204 4109 sapientiae
1245 4037 1510 4094 audeant
1540 4039 1829 4096 anteferre
1872 4055 1884 4095 :
1927 4039 1983 4093 Ἐ

1872 4055 1884 4095 :
1927 4039 2039 4093 Ἐτι
2071 4041 2264 4112 ὅμοιον,
2288 4040 2502 4111 inquit,
2543 4037 2638 4091 κᾶν
2665 4042 2788 4101 εἴτις
2829 4041 2922 4098 τὴν
2952 4036 3222 4095 πολιτικὴν
3267 4040 3391 4110 φαίη
3432 4036 3619 4112 ἄρχειν

235 4132 338 4177 τῶν
372 4126 515 4194 θεῶν,
544 4126 624 4178 ὅτι
648 4124 911 4178 ἐπιτάττει
936 4131 1053 4200 περὶ
1074 4128 1242 4179 πάντα
1264 4129 1328 4179 τὰ
1358 4128 1405 4180 ἕν
1429 4136 1489 4186 τῆ
1526 4128 1686 4184 πόλει.
1743 4132 1820 4185 Ex
1872 4130 1990 4202 qui]

1872 4130 2096 4202 quibus
2167 4130 2510 4199 intelligitur
2561 4129 2922 4202 sapientiam
2979 4143 3114 4186 esse
3152 4128 3426 4199 reginam
3492 4141 3622 4184 om-

236 4214 408 4271 nium
437 4214 844 4284 scientiarum,
878 4216 1272 4290 omniumque
1298 4218 1540 4288 artium,
1569 4218 1900 4290 praesertim
1929 4236 2070 4276 cum
2096 4221 2418 4293 prudentia
2439 4220 2572 4292 ipsa
2593 4219 2747 4276 illius
2775 4232 2962 4276 causa
2987 4219 3193 4276 omnia
3224 4216 3620 4275 administrat.

239 4303 465 4360 Idcirco
495 4303 732 4360 dicebat
767 4304 1126 4376 Aristoteles,
1151 4307 1209 4360 Εἰ
1259 4299 1326 4365 δὴ
1382 4306 1514 4360 θεῖον
1544 4309 1727 4370 ὁΝοῦς
1773 4312 1900 4384 πρὸς
1953 4329 1994 4362 τι

1880 4330 1900 4372 ς
1953 4315 2040 4362 τὸν
2095 4311 2384 4386 ἄνθρωπον,
2449 4314 2539 4362 καὶ
2603 4311 2784 4362 ὁκατά
2845 4313 2930 4362 τὸν
2996 4313 3132 4363 Νοῦν
3197 4306 3310 4380 βίος
3358 4307 3483 4382 πρὸς
3535 4307 3624 4359 τὸν

241 4390 560 4468 ἀνθρωπινον
594 4395 744 4456 θεῖος.
768 4398 985 4451 Verum
1016 4401 1218 4452 tamen
1244 4395 1388 4452 illud
1420 4403 1655 4454 constat
1703 4400 1869 4472 quod
1895 4399 1996 4455 doc

1867 4399 2281 4455 doctissimus
2313 4401 2380 4456 Μ.
2405 4396 2625 4455 Tullius
2643 4398 2792 4454 dixit
2827 4419 2839 4454 :
2874 4400 3094 4454 Omnes
3139 4401 3315 4463 artes,
3377 4409 3622 4452 omnes-

239 4499 360 4557 que
383 4484 679 4553 scientias,
712 4486 1022 4541 communi
1043 4487 1311 4559 quodam
1345 4488 1893 4546 societatisvinculo
1907 4489 2222 4546 contineri.
2248 4492 2329 4544 Ex
2347 4504 2470 4561 quo
2501 4488 3007 4548 exsistitxouawta;
3022 4485 3360 4559 sapientum
3389 4487 3540 4541 inter
3559 4498 3625 4540 se

238 4573 504 4646 itemque
534 4571 913 4647 ἐπιστημόνων,
945 4575 1204 4649 denique
1235 4577 1551 4646 artiﬁcum,
1593 4579 1929 4635 secundum
1961 4579 2106 4634 illud
2142 4579 2309 4650 quod
2341 4583 2431 4634 est
2461 4579 2654 4647 magis
2688 4582 2745 4634 et
2777 4577 3021 4633 minius.
3074 4579 3224 4633 Nam
3271 4572 3620 4648 reipublicm

240 4662 609 4734 gubernator
634 4666 832 4737 potius
853 4667 1345 4722 communionem
1372 4684 1441 4723 ac
1464 4668 1806 4724 societatem
1828 4669 2002 4725 inibit
2031 4684 2170 4725 cum
2191 4669 2343 4725 duce
2364 4671 2679 4733 exercitus,
2709 4667 2807 4724 vel
2825 4684 2963 4724 cum
2989 4667 3224 4723 medico
3275 4679 3460 4738 quam
3485 4677 3626 4721 cum

244 4753 525 4809 cerdone.
555 4756 617 4810 Et
647 4755 885 4827 sapiens
904 4757 992 4811 vir
1005 4773 1143 4812 cum
1166 4757 1292 4813 viro
1316 4755 1608 4830 prudente
1635 4760 1834 4831 potius
1852 4759 2344 4816 communionem
2368 4759 2708 4826 constituet,
2735 4774 2922 4831 quam
2966 4771 3104 4814 cum
3132 4755 3372 4813 artiﬁce.
3400 4754 3626 4811 Eodem

244 4843 430 4900 modo
458 4843 531 4900 de
549 4844 792 4917 reliquis
811 4845 1214 4918 judicandum
1238 4850 1342 4903 est.
1365 4850 1659 4905 Hactenus
1685 4849 1864 4922 igitur
1889 4851 1962 4905 de
2012 4850 2439 4906 communione
2463 4848 2896 4904 elementorum
2921 4851 2976 4904 et
2996 4858 3198 4903 rerum
3223 4860 3295 4901 ex
3317 4842 3626 4901 elementis

244 4932 718 5005 compositarum
739 4939 918 5008 atque
937 4935 1088 4993 adeo
1113 4936 1186 4992 de
1209 4937 1635 4994 communione
1657 4938 2139 4996 hominuminter
2159 4939 2551 5005 se.Quoniam
2578 4941 2780 4994 autem
2800 4949 3001 4993 rerum
3017 4937 3168 4992 inter
3196 4948 3258 4991 se
3288 4931 3627 4991 communi-

248 5023 404 5081 catio
421 5024 678 5081 maxime
700 5022 760 5080 in
782 5023 1115 5096 ﬁgurarum
1136 5027 1588 5084 coordinatione
1604 5028 2203 5101 cernitur,sciendum
2218 5033 2302 5086 est
2323 5029 2582 5099 figuram
2599 5026 2997 5084 orbicularem
3011 5025 3273 5083 maxime
3296 5032 3630 5081 accomom-

248 5111 455 5168 datam
470 5127 598 5168 esse
620 5113 696 5170 ad
711 5114 1142 5172 continendum
1160 5120 1216 5172 ct
1229 5117 1770 5190 complectendum,
1795 5118 1934 5190 quia
1949 5118 2234 5174 nimirum
2259 5117 2632 5186 ex;omnibus
2648 5114 2860 5186 ﬁguris
2891 5115 2979 5172 est
2993 5113 3412 5188 capacissima,
3436 5111 3629 5164 ἀκλινο-

253 5203 416 5260 στάτη
447 5206 537 5254 καί
567 5202 798 5275 μάλιστα
826 5211 1129 5279 τεταγμένη.
1171 5206 1394 5264 Idcirco
1419 5206 1594 5263 orbes
1623 5208 1890 5264 caelestes
1913 5210 2008 5265 hat

1876 5225 1890 5262 ς
1913 5210 2070 5265 hanc
2098 5209 2134 5263 ﬂ
2145 5208 2524 5278 gurationem
2539 5205 2829 5263 obtinent.
2865 5204 3207 5262 Secundum
3230 5201 3631 5259 orbicularem

262 5292 682 5351 constituimus
718 5294 1077 5367 quadratam
1105 5296 1386 5367 ﬁguram.
1422 5301 1485 5353 In
1516 5297 1699 5354 tertiis
1734 5299 2000 5354 consistit
2032 5297 2400 5369 triangulum
2432 5296 2865 5369 eequilaterum.
2921 5291 3326 5361 Quamobrem
3357 5291 3633 5348 omnium

255 5381 696 5439 mundanarum
719 5384 1047 5456 ﬁgurarum
1073 5386 1425 5444 orbicularis
1446 5387 1624 5459 longe
1654 5395 1739 5444 est
1761 5389 2250 5461 pzmstanttssima
2271 5392 2516 5460 propter
2537 5400 2638 5444 eas
2659 5400 2880 5443 causas
2900 5399 3052 5459 quas
3076 5382 3404 5448 attulimus,
3426 5382 3480 5438 et
3497 5392 3634 5452 pra-

254 5475 384 5545 pter
413 5471 561 5530 alias
584 5472 786 5547 plures
815 5492 968 5550 quas
997 5476 1165 5535 Plato
1193 5483 1250 5534 et
1282 5479 1622 5535 Aristoteles
1658 5478 1933 5536 afferunt.
1958 5483 2031 5538 At
2066 5479 2129 5536 in
2160 5481 2294 5535 ortu
2318 5490 2521 5534 rerum
2552 5475 2686 5534 alia!
2735 5476 2944 5548 ﬁgura
2977 5473 3201 5531 habent
3226 5471 3432 5534 locum
3489 5469 3638 5542 quia

256 5561 377 5615 εὐθὺ
406 5569 466 5623 τῆ
500 5568 697 5637 γενέσει
717 5566 777 5622 in
808 5567 1013 5640 primis
1045 5569 1340 5626 convenit.
1372 5568 1522 5636 Quia
1551 5582 1694 5627 vero
1721 5586 1815 5626 res
1860 5569 1922 5626 in
1984 5565 2307 5627 orbiculari
2361 5567 2463 5625 illa
2529 5566 2890 5639 ﬁguratione
2955 5561 3414 5640 quodammodo
3459 5569 3637 5618 suam

255 5649 682 5724 perfectionem
710 5654 1149 5730 adipiscuntur,
1180 5658 1403 5718 idcirco
1447 5659 1530 5718 sic
1566 5659 1680 5714 κατ’
1712 5658 2010 5736 ἀνάκαμψιν

1882 5660 2014 5736 μψιν
2052 5668 2144 5725 τῆς
2174 5659 2414 5734 γενέσεως
2464 5657 2761 5720 elementa
2825 5657 2960 5731 ipsa
2989 5651 3330 5730 Μηδικὴ.
3375 5656 3451 5727 c;
3511 5646 3637 5711 ele-
