4444 6452
874 420 1008 473 1263
2290 420 2629 474 ADDENDA

2475 420 2651 474 iNDA.
4099 427 4230 482 1264

863 540 1078 610 mentis
1099 544 1396 600 constant.
1420 541 1628 611 ﬁgurae
1651 541 1804 597 illius
1825 543 2176 598 orbicularis
2201 541 2603 612 praestantiam
2629 539 2846 594 imitari
2868 544 3182 594 conantur.
3214 541 3513 611 Superest,
3548 547 3612 596 ut
3637 543 3728 597 his
3752 543 4064 613 diligenter
4089 563 4226 603 con-

866 629 1158 694 sideratis,
1178 628 1515 696 videamus,
1543 631 1908 702 quibuscum
1941 632 2284 686 societatem
2310 630 2602 683 ineamus.
2629 629 2857 682 Clamat
2891 628 3183 699 sapientia
3214 647 3226 682 :
3257 629 3362 683 Fili
3395 630 3493 699 mi,
3523 631 3733 686 recede
3757 648 3792 687 a
3815 633 4117 689 malorum
4136 653 4224 691 or-

866 717 1013 787 bita,
1049 722 1167 772 tere
1189 718 1398 773 limina
1428 719 1766 788 sapientum
1801 737 1813 772 :
1843 725 1898 774 et
1930 719 2402 790 sapientissimus
2426 718 2637 772 Paulus
2662 734 2797 771 cum
2824 718 3145 771 Menandro
3168 719 3399 780 asserit,
3429 735 3752 789 pravorum
3797 726 4224 780 consuetudine

866 811 1062 862 bonos
1083 823 1280 862 mores
1301 807 1617 878 depravari
1636 825 1705 862 ac
1729 810 2050 880 corrumpi.
2076 808 2481 873 Quamobrem
2505 807 2579 860 illi
2602 809 2701 878 qui
2725 808 2782 861 in
2808 808 3285 862 administranda
3301 809 3609 879 republica
3632 815 3771 866 sunt
3810 811 4224 884 ἀρχιτεκτονικοί

865 895 1109 950 videant
1135 912 1273 950 cum
1295 896 1516 967 quibus
1539 899 2025 952 communionem
2045 902 2430 963 constituant,
2452 912 2523 950 ne
2547 901 2692 949 torte
2720 898 2977 949 Nerones
3000 902 3056 949 et
3086 895 3448 964 Heliogabali
3471 897 3729 952 evadant
3752 916 3764 951 :
3795 915 3864 954 ac
3891 902 4086 955 verius
4115 904 4224 957 sint

866 989 1137 1040 monstra
1153 1001 1339 1057 quam
1352 985 1644 1040 homines.
1666 987 1928 1058 Denique
1951 986 2165 1055 singuli
2180 986 2456 1040 homines
2481 987 2541 1039 in
2563 983 2872 1055 republica
2898 983 3109 1038 eadem
3132 984 3260 1039 hzec
3278 990 3578 1056 praecepta
3595 1002 3703 1057 pro
3727 1003 3838 1042 suo
3856 1004 4072 1058 genere
4097 993 4223 1047 vitae

867 1089 936 1128 ac
964 1073 1232 1128 instituto
1261 1073 1573 1142 diligenter
1599 1074 1936 1144 observent,
1964 1081 2026 1129 ut
2051 1091 2257 1129 veram
2289 1074 2634 1129 beatitatem
2669 1072 2911 1127 tandem
2952 1088 3162 1126 omnes
3202 1089 3618 1144 assequamur.

861 1214 4192 1243 am

2131 1333 2942 1456 SYNOPSIS

1194 1594 1438 1690 SEU
1503 1596 2184 1690 REPETIT/E
2253 1596 2989 1690 SIGILLATIM
3055 1594 3900 1692 HYPOTHESES

1396 1846 1668 1976 SEX
1723 1842 2442 1976 THEODORI
2498 1845 2908 1976 DUCE
2984 1844 3692 1975 SEBMONIS

2125 2115 2552 2183 AUCTORE
2601 2116 2948 2182 EODEM.

2094 2460 2383 2548 PRIMI
2442 2459 2967 2550 SERMONIS.

917 2674 984 2730 In
1005 2674 1203 2746 primo
1230 2689 1504 2729 sermone
1536 2673 1795 2729 ostendit
1820 2674 2025 2729 omnia
2051 2690 2243 2729 unum
2265 2690 2393 2729 esse
2420 2678 2661 2746 propter
2681 2679 2980 2740 naturam,
3007 2689 3076 2729 ac
3108 2690 3314 2729 rursus
3358 2674 3596 2744 singula
3636 2675 3820 2731 dividi
3849 2677 4000 2732 inter
4027 2693 4109 2740 se,
4147 2693 4217 2732 ac

843 2764 1118 2820 distribui
1144 2765 1202 2819 in
1233 2770 1452 2820 natura
1483 2781 1496 2818 ε
1526 2779 1636 2819 nec
1663 2780 1734 2819 ex
1773 2764 2151 2819 naturalibus
2175 2769 2340 2819 extra
2367 2770 2643 2820 naturam
2667 2779 2797 2818 esse
2820 2763 3182 2835 quidquam.
3215 2766 3290 2819 Ex
3317 2765 3536 2834 quibus
3567 2765 3911 2835 intelligitur
3931 2772 4213 2822 naturam

841 2869 974 2910 esse
1014 2869 1402 2909 communem
1433 2853 1717 2909 omnibus
1746 2853 1924 2908 rebus
1959 2853 2355 2914 naturalibus,
2385 2859 2440 2908 et
2476 2854 2536 2907 in
2559 2869 2632 2907 ea
2659 2852 2996 2921 generalem
3029 2853 3519 2908 communicandi
3544 2855 3794 2909 modum
3853 2857 4034 2911 situm
4058 2873 4214 2912 esse.

840 2942 1062 2998 Deinde
1075 2943 1230 2998 intra
1246 2948 1528 2998 naturam
1549 2942 1996 2997 distributiones
2009 2941 2510 3012 temperationum
2526 2942 2834 3007 consitere,
2851 2946 2905 2996 et
2930 2957 3036 3012 per
3059 2942 3520 3015 temperationes
3535 2943 3890 3000 secundario
3905 2945 4089 2999 modo
4116 2962 4213 3000 res

836 3032 988 3090 inter
1011 3048 1073 3086 se
1096 3031 1564 3087 communicare.
1594 3031 1660 3086 Hi
1685 3031 1807 3086 duo
1826 3036 1966 3086 sunt
1987 3031 2152 3085 modi
2173 3030 2347 3085 nobis
2369 3030 2427 3085 in
2446 3031 2652 3101 primis
2674 3031 3061 3085 observandi.
3090 3032 3267 3086 Addit
3306 3039 3598 3104 prmterea
3621 3049 3726 3103 per
3749 3035 4214 3104 temperationes

835 3136 930 3176 res
957 3136 1081 3176 non
1111 3121 1266 3175 uniri
1287 3121 1582 3186 absolute,
1609 3120 1715 3175 sed
1741 3120 2073 3175 secundum
2091 3120 2480 3191 proprietates
2503 3120 2696 3188 magis
2730 3125 3036 3188 cognatas.
3065 3123 3129 3174 Et
3158 3121 3469 3192 quoniam,
3494 3127 3556 3175 ut
3589 3122 3670 3176 ait
3694 3124 3983 3185 Socrates,
4027 3122 4214 3195 Ὄμμα

833 3219 924 3270 τῆς
982 3209 1159 3279 ψυχῆς
1219 3211 1319 3261 ὑπὸ
1420 3218 1519 3261 τῶν
1612 3208 1774 3260 ἄλλων
1858 3205 2286 3280 ἐπιτηδευμάτων
2369 3208 2815 3280 ἀποτυφλούμενον
2879 3215 2967 3260 καὶ
3033 3214 3488 3282 χατορυττόμενον,
3557 3210 3656 3262 ὑπὸ
3722 3220 3822 3262 τῶν
3880 3214 4208 3282 μαθημάτων

835 3302 1001 3369 μόνων
1035 3296 1496 3370 ἁναζωπυρεῐσθαι
1527 3303 1615 3349 καὶ
1648 3296 1999 3370 ἀνεγείρεσθαι
2031 3297 2241 3368 πέφυκε,
2275 3297 2496 3352 idcirco
2527 3314 2590 3352 os

2453 3314 2496 3352 :o
2527 3298 2787 3352 ostendit
2816 3297 2876 3351 in
2928 3299 3194 3352 numeris
3257 3314 3326 3352 ac
3382 3298 3588 3367 ﬁguris
3661 3305 3981 3371 utrumque
4037 3317 4208 3355 com-

832 3388 1184 3444 municandi
1214 3388 1484 3444 modum.
1519 3387 2046 3453 Quemadmodum
2073 3387 2231 3441 enim
2274 3389 2329 3436 τὸ
2357 3394 2587 3456 σημεῖον,

2457 3394 2590 3452 ιεῖον,
2624 3386 2909 3441 referente
2945 3386 3165 3452 Proclo,
3198 3389 3371 3447 πάσης
3404 3387 3656 3458 ἐξηγῆται
3685 3395 3861 3461 σειρᾶς
3916 3395 4006 3440 καὶ
4037 3393 4212 3442 πάντα

821 3476 940 3542 ¹ἑνοῖ
993 3479 1058 3528 τὰ
1118 3480 1344 3550 μεριστά
1407 3482 1496 3528 καὶ
1561 3481 1772 3547 συνέχει
1837 3482 1926 3528 καὶ
1993 3477 2153 3548 ὁρίζει
2219 3479 2312 3535 τὰς
2397 3473 2657 3547 προόδους
2725 3475 2893 3526 αὐτῶν
2959 3480 3044 3527 καὶ
3100 3478 3346 3549 παράγει,
3417 3482 3506 3527 καὶ
3570 3476 3940 3550 περιλαμϐάνει
4007 3498 4211 3530 παντα-

832 3567 1011 3637 χόθεν,
1037 3566 1119 3622 ita
1156 3568 1335 3622 etiam
1359 3582 1564 3644 rerum
1591 3565 1956 3620 naturalium
1979 3581 2190 3620 omnes
2221 3570 2418 3635 partes
2441 3570 2655 3620 natura
2677 3565 2823 3629 unit,
2843 3566 3103 3620 continet
3125 3572 3180 3620 et
3213 3566 3507 3620 terminat.
3567 3569 3632 3620 Et
3664 3573 3726 3621 ut
3757 3567 4013 3622 circulus
4044 3569 4211 3619 πολυ-

829 3659 1018 3726 γωιίαν
1048 3654 1310 3725 ﬁguram
1330 3654 1760 3726 complectitur,
1784 3655 1866 3710 ita
1893 3655 2072 3710 etiam
2094 3659 2312 3709 natura
2341 3669 2542 3708 rerum
2560 3654 2935 3725 naturalium
2960 3653 3402 3709 multitudinem
3421 3660 3477 3710 et
3528 3655 3877 3711 varietatem
3912 3659 4208 3713 continet.

2022 3815 2444 3906 SECUNDI
2505 3815 3022 3908 SERMUNIS.

901 4002 965 4056 In
993 3999 1260 4058 secundo
1275 4015 1550 4057 sermone
1571 3997 1646 4054 de
1659 3998 2093 4053 elementorum
2111 3995 2537 4050 communione
2560 3995 2700 4063 agit,
2725 4010 2910 4065 quam
2922 3993 3170 4066 quidem
3203 3995 3696 4050 communionem
3711 4011 3815 4050 seu
3848 3999 4030 4048 ἕνωσιν
4053 3997 4210 4067 ejus-

826 4092 995 4147 modi
1021 4108 1150 4147 esse
1179 4093 1376 4154 docet,
1399 4095 1464 4146 ut
1493 4091 1566 4145 sit
1585 4089 1674 4146 ὅλη
1699 4095 1809 4149 τοῖς
1830 4087 1961 4147 ὅλοις
1988 4082 2062 4138 δι’
2084 4085 2208 4136 ὅλων
2239 4091 2329 4136 καὶ
2353 4084 2443 4136 οὐκ
2476 4083 2523 4134 ἐν
2549 4105 2581 4153 μ

2476 4083 2523 4134 ἐν
2549 4088 2692 4154 μέσῳ
2720 4092 2889 4134 τινῶν.
2923 4083 3192 4139 Ostendit
3213 4083 3394 4138 etiam
3420 4085 3732 4156 quomodo
3756 4086 4093 4141 secundum
4119 4103 4209 4142 ra-

826 4182 1016 4237 tiones
1045 4181 1432 4237 harmonicas
1467 4179 1764 4235 elementa
1809 4175 2260 4233 communicent
2296 4176 2446 4229 inter
2475 4189 2557 4235 se,
2589 4188 2806 4244 nempe
2841 4172 3171 4226 secundum
3212 4172 3483 4244 dulplam
3506 4173 3820 4244 rationem,
3857 4175 4211 4246 sesquialte-

823 4286 956 4326 ram
992 4277 1048 4326 et
1073 4270 1525 4343 sesquitertiam.
1555 4267 1776 4324 Deinde
1799 4266 2011 4322 transit
2044 4265 2120 4320 ad
2162 4263 2646 4335 temperationes,
2680 4261 3112 4334 mistionesque
3145 4261 3384 4316 illarum
3424 4278 3626 4317 rerum
3674 4279 3812 4334 quae
3841 4279 3913 4318 ex
3941 4269 4210 4335 quatuor

821 4360 1130 4415 elementis
1149 4363 1444 4415 constant.
1477 4363 1557 4413 Ac
1578 4357 1842 4429 primum
1869 4355 1991 4424 agit
2019 4353 2094 4409 de
2126 4352 2646 4424 temperationibus
2669 4367 2799 4422 quae
2831 4355 3153 4406 cernuntur
3178 4351 3238 4405 in
3270 4351 3636 4417 inanimatis,
3670 4352 3814 4407 utin
3861 4353 4121 4408 metallis
4151 4359 4209 4409 et

810 4439 883 4503 'in
908 4447 1238 4519 lapidibus.
1274 4447 1496 4502 Deinde
1527 4446 1742 4502 transit
1778 4444 1856 4501 ad
1883 4441 2343 4514 temperationes
2368 4441 2604 4496 illarum
2627 4457 2828 4495 rerum
2850 4456 2985 4512 quae
3012 4440 3231 4511 partim
3258 4442 3539 4496 animatae
3578 4441 3797 4513 partim
3851 4442 4207 4497 inanimatae

820 4537 1120 4600 videntur,
1154 4535 1500 4609 cujusmodi
1531 4539 1672 4590 sunt
1701 4533 1942 4606 plantae.
1974 4533 2165 4588 Tertio
2218 4532 2296 4586 ad
2362 4530 2845 4602 temperationes,
2912 4545 3050 4601 quae
3082 4529 3143 4584 in
3174 4530 3540 4585 animalibus
3571 4537 3914 4601 cernuntur,
3945 4531 4203 4598 accedit,

2033 4694 2376 4784 ΤΕΒΤΙΙ
2435 4691 2964 4783 SERMONIS.

887 4880 1027 4934 Cum
1056 4879 1242 4935 homo
1269 4878 1341 4934 sit
1370 4874 1936 4951 praestantissimum
1965 4872 2112 4929 illud
2134 4873 2379 4937 animal,
2413 4873 2474 4927 in
2506 4871 2674 4944 quod
2712 4887 2923 4927 omnes
2955 4869 3393 4926 communionis
3432 4871 3649 4927 modos
3678 4875 3897 4926 natura
3919 4871 4202 4937 contulit,

816 4983 1013 5040 operas
1031 4969 1290 5040 pretium
1305 4967 1500 5023 fuitde
1517 4964 2050 5038 temperationibus
2063 4963 2375 5018 hominum
2409 4978 2605 5032 agere.
2637 4966 2754 5018 Has
2778 4963 2954 5031 igitur
2983 4961 3096 5016 hoc
3110 4962 3168 5016 in
3191 4960 3345 5016 libro
3364 4961 3810 5017 accuratissime
3829 4966 4161 5032 pertractat
4186 4981 4199 5017 ε

813 5072 969 5128 quas
993 5059 1324 5126 nonaginta
1344 5059 1497 5113 duas
1515 5072 1643 5111 esse
1660 5055 1889 5114 asserit.
1916 5059 2126 5126 preter
2146 5053 2480 5123 simplicem
2507 5053 2743 5107 etillam
2763 5067 2898 5124 quae
2949 5050 3204 5122 simplici
3252 5050 3594 5122 respondet.
3626 5050 3905 5117 Galenus,
3933 5050 4038 5106 lib.
4065 5067 4085 5105 1
4114 5053 4206 5108 De

816 5153 1062 5216 temper.
1091 5147 1391 5219 sapienter
1418 5150 1640 5215 monet,
1673 5161 1709 5200 δ.
1750 5145 1901 5199 bene
1924 5148 2252 5214 temperata
2274 5142 2692 5197 constitutione
2718 5140 3126 5212 incipiendum
3153 5156 3310 5209 esse,
3348 5140 3463 5194 nisi
3492 5141 3628 5212 quis
3650 5139 3786 5195 velit
3813 5139 3874 5194 in
3925 5155 4198 5195 errorem

803 5235 1035 5294 induci.
1054 5239 1198 5292 Nam
1214 5237 1414 5291 sicum
1435 5236 1588 5291 bene
1605 5237 1935 5306 temperata
1956 5232 2103 5288 alias
2121 5231 2582 5303 temperationes
2631 5230 3096 5302 comparaveris,
3120 5229 3285 5284 nullo
3309 5230 3550 5298 negotio
3564 5229 3731 5301 quod
3751 5229 3810 5283 in
3846 5229 4062 5300 quavis
4103 5245 4205 5284 ex-

808 5325 1824 5398 cedat,deﬁciatve,reperies.Quare
1851 5323 2046 5394 primo
2073 5321 2148 5377 de
2172 5321 2285 5376 illis
2313 5337 2449 5393 quae
2478 5325 2541 5375 ut
2571 5320 2916 5391 simpliciter
2946 5323 3288 5390 temperatae
3320 5324 3422 5374 aut
3452 5321 3863 5390 intemperata
3890 5319 4201 5374 constitu-

811 5417 1002 5473 tiones
1026 5415 1502 5481 considerantur,
1517 5414 1843 5469 dicendum
1874 5417 1978 5468 est.
2003 5411 2263 5483 Simplex
2297 5414 2383 5466 est
2407 5409 2668 5482 illa,quae
2689 5425 2885 5481 neque
2915 5408 3308 5463 intensionem
3325 5423 3521 5480 neque
3537 5407 3959 5463 remissionem
3989 5406 4205 5476 habet,

808 5506 914 5561 sed
927 5505 1236 5578 aequaliter
1256 5504 1552 5561 habetilla
1563 5508 1791 5573 septem
1808 5507 1854 5557 A
1878 5504 1915 5556 Β
1947 5502 2009 5569 C,
2025 5503 2363 5573 praetereaE
2388 5502 2426 5555 F
2445 5503 2485 5556 G
2520 5499 2586 5552 Η.
2610 5499 2723 5554 Sed
2742 5498 3035 5569 quoniam
3056 5496 3356 5567 ejusmodi
3387 5496 3736 5552 constitutio
3764 5495 4209 5568 perfectissime

808 5595 1059 5667 aequalis
1091 5598 1191 5650 vix
1211 5594 1518 5666 reperitur,
1540 5593 1761 5648 idcirco
1777 5591 2252 5659 illaconstitutio,
2272 5606 2409 5663 quae
2438 5589 2519 5646 ad
2545 5590 2701 5645 hanc
2721 5587 3154 5660 perfectissime
3185 5586 3482 5659 aequalem
3505 5586 3779 5658 proxime
3811 5585 4213 5650 accedet,erit

803 5684 867 5740 in
893 5683 1104 5754 primis
1121 5682 1422 5755 optabilis.
1453 5682 1549 5737 Ille
1570 5680 2112 5752 temperatissimus
2134 5679 2319 5735 homo
2341 5682 2451 5744 est,
2474 5679 2669 5751 inquit
2689 5678 2966 5746 Calenus,
2985 5677 3089 5748 qui
3119 5676 3388 5748 corporis
3407 5676 3619 5732 habitu
3643 5674 3881 5731 medius
3925 5680 4018 5730 est
4045 5675 4212 5731 inter

807 5772 1222 5848 gracilitatem,
1256 5772 1735 5839 crassitudinem,
1756 5769 2057 5840 duritiem,
2081 5769 2415 5838 mollitiem,
2448 5769 2715 5840 itemque
2732 5767 2994 5824 calorem
3023 5771 3080 5822 et
3106 5765 3315 5837 frigus.
3341 5765 3505 5822 Idem
3552 5766 3760 5822 animo
3789 5780 4037 5837 quoque
4071 5781 4210 5821 me—
