4444 6452
319 367 456 422 i265
919 363 1270 421 THEODOBI
1296 366 1343 419 II
1376 363 1515 420 IMP.
1550 364 1638 417 DE
1663 358 2122 417 COMMUNIONE
2162 362 2534 421 NATURALI.
2566 397 2638 407 -—
2666 363 3062 420 PREFATIO.
3554 367 3691 423 1266

313 491 448 547 dius
474 496 561 547 est
600 492 750 546 inter
775 489 1095 546 audaciam
1122 494 1177 545 et
1206 490 1501 553 timorem,
1530 487 1681 542 inter
1712 486 2185 542 misericordiam
2214 492 2267 542 et
2300 488 2609 545 invidiam.
2654 492 2749 544 Est
2791 490 2971 545 etiam
3003 488 3218 553 alacer,
3253 488 3536 561 φιλόφιλος,
3579 490 3687 545 hu-

311 596 530 636 manus
549 586 607 636 et
636 579 917 651 prudens,
951 584 1006 633 et
1035 579 1323 650 quoniam
1350 577 1717 649 comparatio
1740 576 1801 632 in
1817 576 1909 631 his
1926 576 2454 647 conjugationibus
2473 576 2674 635 locum
2696 579 3331 650 habet,circumspecte
3352 578 3683 636 videndum

311 674 418 740 est,
452 670 599 742 quid
624 685 763 724 cum
799 684 922 739 quo
961 667 1366 723 conferamus.

1513 898 1883 995 QUARTI
1945 898 2470 989 SERMONIS.

314 1132 608 1201 Quoniam
630 1132 915 1193 ἐπιτάσεως
939 1136 1029 1183 καὶ
1064 1129 1278 1189 ἀνέσεως
1315 1128 1403 1184 vis
1455 1143 1857 1200 permagnum
1896 1128 2069 1184 habet

1915 1128 2077 1184 labet
2133 1144 2315 1183 usum
2353 1129 2415 1183 in
2459 1129 3015 1199 conjugationibus,
3068 1130 3153 1185 uti
3200 1145 3383 1201 supra
3420 1130 3670 1187 demon-

311 1197 688 1290 stratum.est,
712 1221 774 1274 in
800 1220 909 1275 hoc
931 1223 1143 1290 quarto
1170 1233 1446 1273 sermone
1470 1217 1913 1273 accuratissime
1971 1233 2066 1289 prc

1971 1217 2188 1289 probat
2225 1217 2458 1269 ἐπίτασιν
2480 1224 2569 1269 καὶ
2622 1218 2816 1279 ἁνεσιν,
2874 1219 2988 1274 hoc
3018 1224 3110 1274 est
3174 1218 3573 1274 intensionem
3600 1236 3670 1276 ac

310 1310 726 1363 remissionem
747 1323 875 1362 esse
922 1316 1013 1359 του
1038 1315 1211 1372 ποιοῦ,
1256 1322 1380 1360 non
1411 1312 1612 1360 autem
1660 1306 1839 1365 ούσίας
1866 1326 1952 1357 ιαι
1973 1316 2063 1357 τοῦ

1912 1326 1952 1357 ιιι
1973 1316 2063 1357 τοῦ
2089 1314 2275 1361 ποσοῦ.
2312 1304 2649 1378 Ἐπιδέχιται
2678 1304 2757 1374 δὲ,
2780 1308 2972 1379 inquit
2998 1308 3353 1376 Aristoteles,
3388 1312 3447 1359 τὸ
3478 1309 3667 1380 μᾶλλον

307 1402 389 1448 κοὶ
412 1401 469 1449 τὸ
500 1398 648 1454 ἧττον
670 1399 736 1448 τά
755 1416 867 1451 ποι.
895 1396 1071 1447 λευκὸν
1100 1398 1200 1466 γάρ
1229 1394 1416 1465 μᾶλλον
1443 1400 1531 1445 καί
1561 1394 1714 1451 ἧττον
1759 1396 1921 1466 ἕτερον
1988 1394 2062 1469 ἐτρ

1912 1418 1921 1441 ο
1988 1394 2132 1469 ἐτρου
2181 1395 2382 1467 λέγεται
2432 1439 2445 1461 ,
2502 1402 2611 1461 etc,
2666 1399 2726 1450 ln
2778 1396 2891 1451 hoc
2945 1399 3125 1451 etiam
3169 1412 3442 1451 sermone
3494 1399 3667 1455 docet

305 1492 548 1557 propter
574 1486 923 1557 qualitatem
971 1500 1063 1539 res
1111 1484 1227 1538 dici
1267 1482 1486 1537 similes
1533 1490 1589 1537 et
1640 1483 1954 1539 disemiles.
1997 1483 2060 1535 "0

1912 1502 1954 1537 s.
1997 1483 2193 1555 ’Ὁμοία
2241 1481 2299 1536 δὲ
2328 1505 2357 1541 η
2387 1483 2623 1555 ἀνόμοια,
2682 1484 2876 1555 inquit
2914 1484 3269 1555 Arsitoteles,
3331 1504 3465 1536 κατα
3504 1506 3665 1557 μονας

303 1577 397 1635 τάς
426 1580 710 1634 ποιότητας
744 1574 962 1644 λέγεται·
1002 1575 1177 1644 ὅμοιον
1216 1574 1317 1645 γὰρ
1347 1573 1513 1645 ἕτερον
1550 1572 1701 1645 ἑτέρῳ
1731 1574 1843 1623 κατ’
1886 1573 1977 1623 ἄλλ
2015 1570 2187 1640 οὐδὲν,
2221 1573 2328 1642 ἀλλϐ
2384 1573 2414 1631 ἣ
2469 1573 2586 1625 καθ’
2613 1575 2786 1624 ὃποιὸν
2842 1573 2976 1628 ἐστι,
3016 1572 3128 1628 Sed
3165 1588 3460 1644 quorsum
3490 1574 3666 1630 haec?

302 1663 591 1718 Nimirum
614 1667 677 1718 ut
706 1663 968 1717 sciamus
998 1661 1399 1716 intensionem
1430 1675 1498 1714 ac
1528 1659 1962 1726 remissionem,
2005 1661 2454 1716 similitudinem
2485 1676 2557 1717 ac
2594 1660 3143 1716 dissimilitudinem
3206 1661 3429 1717 habere
3460 1662 3661 1719 locum

296 1751 357 1806 in
383 1751 745 1807 enumeratis
772 1749 1319 1821 conjugationibus,
1351 1764 1474 1805 non
1504 1750 1733 1805 ratione
1763 1748 1962 1821 οὐσίας,
1998 1767 2051 1807 se

1902 1769 1962 1821 ις,
1998 1751 2104 1807 sed
2124 1750 2352 1809 ratione
2410 1758 2504 1805 τοῦ
2563 1757 2717 1805 ποιοῦ
2765 1758 2856 1812 τῆς
2886 1754 3185 1817 ποιότητος,
3257 1751 3423 1823 quod
3479 1753 3657 1809 etiam

301 1857 485 1913 supra
514 1840 889 1896 monuimus.

1519 2056 1856 2154 ΟΙΠΝΤΙ
1913 2055 2435 2147 SEBMONIS.

370 2312 433 2365 In
445 2308 655 2381 quinto
682 2322 952 2363 sermone
966 2306 1314 2377 gravissime
1331 2321 1401 2361 ac
1419 2305 1859 2377 sapientissime
1872 2305 2109 2360 disserit
2123 2304 2197 2360 de
2228 2305 2542 2361 hominum
2566 2304 3255 2361 communionibusinter
3275 2318 3355 2360 se.
3374 2306 3656 2362 Convenit

297 2398 549 2468 homini,
587 2398 783 2469 inquit
821 2396 1096 2463 Galenus,
1138 2401 1201 2450 ut
1242 2396 1313 2451 sit
1353 2395 1847 2467 sapientissimus.
1881 2394 2031 2449 Alibi
2071 2394 2246 2450 docet
2284 2394 2437 2450 bene
2475 2400 2532 2450 et
2569 2395 2877 2466 aequaliter
2911 2398 3310 2465 temperatum
3342 2410 3471 2450 esse
3506 2411 3654 2466 pru-

295 2487 535 2542 dentem
551 2530 563 2542 .
585 2486 732 2541 Cum
748 2491 950 2542 autem
964 2484 1287 2540 similitudo
1300 2485 1801 2554 temperationum
1824 2485 2153 2554 conjungat
2168 2489 2224 2539 et
2244 2483 2545 2539 consociet
2562 2484 2836 2538 homines
2856 2483 3006 2538 inter
3035 2499 3117 2553 se,
3140 2499 3263 2552 quo
3283 2484 3656 2555 praestantior

292 2576 467 2631 fuerit
492 2575 877 2631 consociatio.
905 2577 1082 2630 Porro
1111 2574 1207 2629 hic
1236 2589 1443 2628 rursus
1469 2573 1585 2627 duo
1601 2576 1741 2627 sunt
1753 2574 2241 2629 communicandi
2263 2573 2429 2628 modi
2452 2574 2626 2629 nobis
2647 2572 2957 2643 diligenter
2974 2572 3359 2629 observandi.
3388 2575 3550 2629 Unus
3567 2578 3655 2631 est

289 2668 425 2718 κατά
448 2671 542 2723 την
576 2670 780 2737 σοφίαν,
810 2664 956 2720 alter
972 2669 1062 2719 est
1090 2666 1221 2715 κατά
1242 2668 1335 2721 τὴν
1366 2663 1632 2721 πολιτικὴν
1665 2668 1940 2734 φρόνησιν.
1974 2664 2044 2719 Di:

1899 2686 1940 2719 ι.
1974 2663 2298 2719 Discrimen
2337 2664 2451 2719 hoc
2477 2662 2705 2718 elicitur
2735 2677 2807 2717 ex
2836 2662 3181 2718 discrimine
3207 2668 3392 2735 σοφὶας
3412 2669 3503 2716 καὶ
3536 2684 3654 2739 φρο-

286 2759 500 2819 νήσεως,
538 2754 704 2826 quod
725 2753 972 2825 quidem
1011 2753 1333 2809 discrimen
1387 2769 1526 2808 cum
1566 2753 1769 2808 multis
1807 2754 1867 2807 in
1906 2752 2072 2818 locis,
2123 2756 2251 2807 tum
2280 2769 2341 2820 x,
2376 2754 2453 2807 De
2498 2752 2702 2818 moris,
2728 2750 2806 2806 ab
2858 2750 3165 2807 Aristotele
3188 2752 3530 2821 assignatur
3558 2752 3653 2808 his

283 2843 486 2900 verbis
522 2843 896 2903 εΣυνέζιυκται
928 2838 987 2894 δὲ
1024 2843 1422 2914 καὶὴφρὸνησις
1450 2850 1513 2913 τῇ
1541 2850 1634 2894 τοῦ
1662 2842 1820 2902 ἤθους
1841 2840 1994 2913 ἀρετῆ
2034 2885 2047 2909 ,
2080 2846 2169 2893 καὶ
2208 2841 2339 2898 αὕτη
2372 2849 2434 2912 τῇ
2470 2844 2736 2912 φρονήσει,
2765 2842 2905 2912 εῖπιρ
2954 2841 3009 2891 αἱ
3062 2843 3151 2911 μιν
3203 2847 3295 2901 τῆς
3356 2845 3653 2914 φρονήσεως

280 2932 451 3008 ἁρχαὶ
475 2931 612 2984 κατά
643 2931 737 2993 τὰς
762 2934 948 2992 eaad;
980 2932 1108 2984 εἰσιν
1133 2931 1339 3004 ἀρετὰς,
1375 2935 1432 2983 τὸ
1465 2927 1513 2983 δ’
1559 2930 1708 3003 ὀρθὸν
1738 2938 1840 2982 τῶν
1873 2933 2068 2988 seua.»
2090 2933 2225 2982 κατὰ
2253 2935 2347 2988 τὴν
2371 2934 2643 3002 φρόνησιν,
2674 2933 3023 3002 Συνηρτμέναι
3049 2924 3101 2981 δ’
3130 2925 3409 2991 αὖταιτοῑς
3438 2932 3652 3000 πάθεσι,

281 3028 370 3074 καὶ
406 3027 524 3096 περὶ
560 3024 620 3073 τὸ
653 3022 894 3073 σύνθετον
927 3022 987 3073 ἀν
1019 3018 1134 3086 εἶεν,
1166 3023 1222 3072 αι
1252 3016 1311 3073 δὲ
1338 3029 1428 3072 τοῦ
1463 3019 1711 3072 συνθέτου
1743 3018 1924 3092 ἀρεταὶ
1955 3018 2303 3094 ἀνθρωπιχαὶ,
2343 3023 2433 3071 καὶ
2459 3021 2485 3072 ὁ
2517 3017 2637 3090 βίος
2667 3015 2701 3070 δ
2705 3017 2726 3069 ἑ
2752 3019 2776 3070 ὁ
2803 3018 2918 3071 κατ’
2950 3018 3109 3079 αὐτὰς
3134 3024 3222 3071 καὶ
3252 3021 3282 3077 ἡ
3317 3016 3648 3092 ιύδαιμονια,

284 3115 314 3168 ἡ
342 3107 401 3163 δὲ
424 3118 515 3162 τοῦ
546 3113 653 3166 Νοῡ
678 3113 1064 3183 κεχωρισμένη.
1095 3110 1174 3164 De
1204 3108 1630 3165 communione
1656 3108 1860 3181 politia
1879 3107 2039 3163 idem

1901 3107 2041 3163 dem
2061 3109 2232 3166 Arist.
2264 3108 2369 3167 lib.
2392 3124 2486 3163 vni
2525 3106 2817 3177 moribus,
2848 3122 2971 3184 quo
2993 3107 3054 3164 in
3091 3106 3225 3169 loco
3253 3109 3343 3169 τὰς
3380 3108 3653 3171 πολιτικὰς

281 3206 551 3262 κοινωνὶας
578 3199 695 3252 καθ’
723 3200 949 3259 iiuna-rm
979 3207 1079 3251 τῶν
1108 3197 1378 3252 πολιτειῶν
1408 3197 1714 3269 eleganter
1742 3197 2036 3255 excendit.

1534 3432 1827 3524 SEXTI
1896 3431 2417 3525 SERMONIS.

350 3666 415 3723 In
442 3672 604 3723 sexto
633 3671 943 3739 comparat
973 3666 1281 3723 scientiam
1302 3682 1441 3721 cum
1472 3670 1618 3732 arte,
1655 3671 1712 3722 et
1740 3670 2022 3721 naturam
2051 3682 2189 3721 cum
2208 3665 2659 3738 temperatione,
2695 3665 2990 3739 docetque
3015 3669 3206 3723 artem
3231 3666 3311 3723 ad
3336 3667 3647 3726 scientiam

274 3757 524 3829 perinde
565 3772 626 3812 se
647 3757 870 3813 habere
886 3760 1066 3829 atque
1092 3756 1588 3828 temperationem
1609 3755 1687 3811 ad
1700 3762 1999 3811 naturam.
2016 3756 2301 3810 Praeterea
2323 3756 2527 3809 monet
2545 3757 2827 3809 naturam
2848 3759 2906 3809 et
2925 3754 3237 3811 scientiam
3250 3771 3380 3811 esse
3397 3758 3650 3828 conjun-

272 3846 521 3914 gendas,
549 3850 610 3901 ut
639 3846 883 3901 scientia
902 3851 1180 3901 naturam
1203 3845 1382 3918 quasi
1396 3844 1694 3900 informet.
1714 3845 1977 3916 Denique
1989 3842 2292 3899 constituit
2311 3842 2456 3905 τάξιν
2481 3842 2837 3915 quamdam,
2851 3858 2923 3899 ex
2938 3858 3059 3914 qua
3070 3844 3403 3914 poterimus
3424 3860 3651 3915 cogno-

270 3949 434 3989 scere
456 3933 600 3989 illud
638 3933 803 4006 quod
824 3939 913 3990 est
944 3934 1135 4006 magis
1156 3939 1261 3991 aut
1293 3934 1491 3989 minus
1514 3938 1844 4005 τειαγμένον,
1876 3933 1991 3989 hoc
2021 3936 2125 4003 est,
2144 3932 2337 4001 magis
2350 3937 2453 3987 aut
2470 3931 2668 3987 minus
2702 3931 3037 3987 secundum
3058 3936 3340 3988 naturam
3366 3940 3429 3988 et
3458 3934 3646 3989 scien-

269 4022 626 4087 tiam.Quod
668 4022 1016 4095 utperﬁciat,
1051 4024 1233 4079 utitur
1277 4023 1719 4079 mathematicis
1750 4023 2083 4092 ﬁgurarum
2097 4019 2985 4093 comparationibus,docetque
3004 4020 3264 4090 ﬁguram
3282 4021 3643 4093 sphaericam

270 4127 406 4167 esse
430 4127 616 4183 supra
636 4112 787 4168 alias
804 4128 1014 4168 omnes
1039 4116 1354 4185 τεταγμένην
1371 4112 1588 4167 deinde
1600 4112 1962 4184 quadratam
1984 4110 2264 4180 ﬁguram,
2284 4114 2588 4181 postremo
2601 4109 2971 4178 triangulum
3006 4109 3441 4182 aaquilaterum.
3467 4112 3643 4177 Quod

270 4201 430 4270 igtur
456 4200 517 4255 in
537 4202 977 4257 mathematicis
991 4200 1224 4272 ﬁguris,
1245 4202 1536 4273 sphmrica
1564 4201 1782 4270 ﬁgura,
1796 4200 1856 4255 id
1869 4200 2027 4255 estin
2042 4198 2223 4255 rebus
2234 4198 2520 4254 humanis
2534 4198 2842 4270 sapientiae
2858 4202 2915 4253 et
2926 4198 3259 4270 prudentiae
3273 4214 3412 4255 cum
3428 4205 3647 4257 natura

273 4289 638 4360 conjunctio,
652 4290 884 4363 etquod
898 4291 954 4345 in
969 4290 1082 4346 illis
1095 4296 1151 4347 et
1168 4290 1465 4362 quadrata
1475 4289 1693 4361 ﬁgura,
1707 4290 1767 4349 in
1780 4290 1871 4345 his
1885 4295 1973 4345 est
2002 4289 2262 4345 scientia:
2285 4304 2425 4344 cum
2445 4294 2661 4344 natura
2691 4288 3057 4359 conjunctio.
3078 4290 3380 4344 Postremo
3393 4288 3560 4361 quod
3578 4290 3642 4346 in

274 4378 386 4433 illis
420 4379 833 4451 aequilaterum
871 4380 1256 4450 triangulum,
1290 4381 1382 4436 his
1412 4387 1503 4435 est
1524 4381 1664 4436 artis
1694 4397 1832 4435 cum
1854 4378 2389 4450 temperationibus
2411 4377 2787 4433 naturalibus
2810 4377 3174 4448 conjunctio.
3199 4380 3280 4433 De
3296 4378 3646 4449 praestantia

274 4467 583 4539 sphaericae
612 4468 821 4537 ﬁgurae
856 4470 985 4525 haec
1024 4470 1381 4535 Aristoteles,
1413 4476 1537 4543 Περὶ
1567 4470 1785 4543 ούρανοῦ
1818 4469 1889 4542 β’.
1924 4468 2029 4521 Ἀπ

1887 4511 1889 4522 .
1924 4468 2093 4521 ’Ἄπαν
2127 4465 2193 4525 δὴ
2227 4475 2418 4538 σχῆμα
2457 4464 2701 4519 ἐπίπεδον
2732 4468 2760 4526 ἠ
2795 4467 3164 4541 εὐθύγραμμον
3197 4466 3335 4519 ἐστιν
3366 4470 3397 4526 ἦ
3433 4487 3642 4541 περιφα-

272 4559 601 4628 ρόγραμμον,
632 4561 803 4608 καὶτὸ
834 4561 923 4629 μὲν
954 4558 1320 4632 εὐθύγραμμον
1355 4560 1454 4609 ὑπὸ
1481 4558 1721 4610 πλειόνων
1754 4562 2047 4631 περιέχεται
2067 4568 2339 4630 γραμμῶν,
2374 4561 2430 4609 τὸ
2471 4554 2530 4609 δὲ
2568 4561 3051 4630 περιφερόγραμμον
3100 4558 3200 4608 ὑπὸ
3230 4563 3372 4628 μιᾶς.
3409 4557 3550 4610 Ἐπεὶ
3584 4554 3644 4610 δὲ

274 4649 599 4718 πρότεροντῆ
630 4648 847 4716 φύσειέν
879 4646 1081 4717 ἑκάστῳ
1107 4650 1239 4716 γένει
1268 4652 1326 4699 τό
1367 4646 1414 4699 ἐν
1446 4656 1545 4698 τῶν
1576 4647 1773 4699 πολλῶν
1821 4652 1910 4699 καὶ
1936 4667 1995 4698 το
2034 4647 2226 4699 ἁπλουν
2272 4655 2364 4699 τοῦ
2420 4649 2687 4716 συνθέτου,
2744 4654 2947 4721 πρῶτον
2991 4644 3050 4698 ἂν
3105 4648 3182 4704 εἴη
3238 4654 3338 4698 τῶν
3377 4642 3639 4698 ἐπιπέδων

276 4736 570 4805 σχημάτων
620 4736 645 4786 ὁ
702 4734 904 4802 κύκλος,
955 4741 1070 4790 etc.
1121 4735 1287 4801 Quod
1335 4736 1382 4789 si
1437 4736 1571 4807 quis
1628 4737 1888 4791 auctoris
1948 4754 2028 4793 no

1948 4737 2141 4793 nostri
2197 4736 2424 4793 factum
2476 4736 2634 4793 ausit
2691 4735 3128 4808 reprehendere
3193 4735 3361 4807 quod
3413 4735 3644 4792 mathe-

272 4823 495 4879 matica
524 4822 794 4895 physicis
826 4824 1179 4885 admisceat,
1211 4824 1600 4897 respondebit
1625 4825 1866 4880 Proclus
1907 4844 1919 4881 :
1955 4834 2027 4879 Ππ

1907 4844 1919 4881 :
1955 4830 2095 4888 Ππὸς
2163 4822 2223 4879 δὲ
2244 4831 2339 4884 την
2392 4830 2618 4898 φυσικὴν
2649 4828 2862 4898 θεωρίαν
2914 4827 2981 4878 τὰ
3009 4829 3259 4897 μέγιστα
3292 4824 3645 4897 συμϐάλλεται

272 4913 639 4983 μαθηματικὴ,
716 4918 810 4970 τήν
838 4934 893 4966 τε
953 4924 1051 4966 τῶν
1113 4914 1277 4984 λογων
1344 4914 1581 4977 εὐταξίαν
1648 4914 2006 4987 ὰναφαίνουσα
2078 4916 2196 4967 καθ’
2264 4916 2323 4973 ἢν
2401 4911 2861 4991 δεδημιούργηται
2897 4918 2956 4967 τὸ
3016 4921 3141 4985 πᾶν,
3202 4920 3293 4967 καὶ
3364 4913 3642 4986 ἀναλογίαν

273 5002 368 5058 τήν
421 5004 593 5055 πάντα
651 5008 719 5055 τὰ
761 5002 809 5055 ἐν
864 5011 936 5075 τῷ
983 5008 1159 5075 κόσμῳ
1219 5001 1580 5069 συνδήσασαν,
1633 5007 1842 5065 ὦς’πού
1892 5025 2050 5077 φησιν
2103 5012 2346 5077 Τιμαῑος,
2421 5011 2511 5057 καὶ
2586 5005 2709 5078 φίλα
2788 5007 2856 5057 τά
2946 5009 3228 5077 μαχόμινα
3304 5008 3395 5057 καὶ
3467 5024 3643 5080 προσ-

270 5092 442 5162 ήγορα
486 5096 576 5143 καὶ
636 5094 886 5164 συμπαθῆ
938 5097 1002 5145 τὰ.
1054 5090 1318 5146 διεστῶτα
1376 5098 1652 5151 ποιήσασα
1719 5100 1806 5147 καὶ
1843 5098 1908 5147 τὰ
1964 5094 2104 5147 ἁπλᾶ
2145 5100 2235 5147 καὶ
2291 5097 2607 5169 πρωτουργὰ
2661 5098 2909 5167 στοιχεῖα
2949 5099 3039 5147 καὶ
3086 5096 3255 5153 πάντη
3308 5102 3371 5167 τῇ
3432 5113 3642 5168 συμμι-

267 5185 391 5253 τρίᾳ
419 5186 509 5233 καὶ
537 5189 599 5241 τῆ
627 5182 831 5239 ἰσότητι
861 5188 1184 5256 συνεχόμινα
1216 5180 1457 5246 δείξασα.
1500 5185 1643 5249 Quae
1675 5199 1855 5255 porro
1885 5184 1947 5240 in
2000 5200 2022 5240 ε

1889 5184 1947 5240 in
2000 5190 2265 5240 extremo
2300 5183 2455 5241 libro
2502 5184 2783 5240 dicuntur
2832 5189 2953 5261 mp".
2989 5192 3086 5237 τοῦ
3123 5192 3479 5258 τριγωνισμοῡ
3525 5184 3644 5241 cir-

269 5269 407 5339 culi,
433 5286 557 5326 non
580 5286 828 5342 possum
848 5272 1089 5342 adduci,
1122 5278 1186 5329 ut
1214 5273 1458 5328 credam
1475 5273 1574 5329 illa
1596 5289 1732 5329 esse
1752 5275 1938 5329 nostri
1960 5275 2238 5339 auctoris,
2263 5290 2403 5329 cum
2433 5273 2575 5347 quia
2604 5280 2743 5331 sunt
2772 5281 2986 5346 praeter
3009 5274 3344 5331 institutam
3366 5273 3643 5346 disputa-

267 5360 490 5416 tionem
520 5360 748 5426 addita,
782 5367 910 5417 tum
939 5363 1122 5419 etiam
1151 5363 1296 5434 quia
1343 5370 1481 5418 sunt
1536 5363 1809 5433 puerilia.
1867 5367 2017 5419 Nam

1883 5367 2017 5419 tam
2077 5364 2265 5420 verba
2306 5365 2456 5432 haec,
2480 5367 2547 5417 τὰ
2592 5372 2717 5435 γοῦν
2772 5384 2857 5431 ατ,
2896 5384 2986 5433 τη,
3019 5363 3107 5430 ηϐ,
3149 5363 3246 5433 ϐω,
3277 5383 3373 5437 οχ,
3406 5383 3505 5436 χα,
3536 5368 3638 5436 τμη

264 5468 405 5519 ματα
429 5452 494 5501 τὰ
517 5448 574 5501 ἐκ
597 5457 686 5510 τῆς
714 5450 907 5503 κύκλου
942 5456 1208 5526 πιριφείας
1230 5458 1320 5504 καὶ
1378 5461 1476 5504 τῶν
1536 5459 1801 5525 τριγώνων
1863 5452 2090 5525 πλευρων
2147 5457 2409 5526 γινόμενα,
2476 5457 2711 5506 ἔστωσαν
2742 5454 2837 5506 ἶσα
2890 5460 2997 5514 τοῖς
3024 5450 3155 5507 δυσὶ
3215 5459 3492 5526 τριγώνοις
3518 5449 3641 5513 τηδ’

265 5538 399 5609 χωγ’
420 5538 566 5610 quid
598 5539 760 5595 aliud
782 5539 1027 5605 habent,
1060 5557 1248 5612 quam
1281 5541 1598 5613 αἰτημαλίαν
1629 5542 1827 5607 εὔηθες,
1856 5548 1917 5598 ut
1932 5542 2020 5615 loq

1886 5548 1917 5598 lt
1932 5542 2195 5615 loquitur
2220 5543 2558 5600 Aristoteles
2576 5543 2603 5598 ?
2624 5543 2875 5600 Additur
2891 5542 3108 5599 deinde
3122 5543 3276 5600 ratio
3305 5559 3440 5616 quae
3469 5544 3641 5614 igna-

266 5628 731 5697 vumlingenium
744 5630 959 5701 arguit,
975 5627 1237 5704 δηλοῖγὰρ
1251 5631 1377 5684 αύτό
1391 5636 1481 5684 καὶ
1504 5633 1533 5689 ὴ
1550 5632 1968 5699 αῖσθησις,ουω
1991 5632 2021 5687 d

1887 5648 1968 5687 im
1991 5632 2503 5690 demonstratione
2524 5649 2680 5705 opus
2707 5631 2900 5688 fuerit.
2917 5633 3326 5699 Quamobrem
3337 5632 3517 5690 credo
3530 5648 3642 5705 ego

262 5716 617 5776 additaesse
640 5718 745 5777 illa
763 5720 1387 5796 aGrasculoquodam;
1410 5721 1771 5794 quodetiam
1793 5721 2047 5793 quilibet
2074 5737 2149 5782 ex
2160 5728 2469 5781 contextus
2482 5723 2633 5781 serie
2663 5722 2829 5781 nullo
2840 5724 3084 5794 negotio
3106 5723 3639 5796 conjicere;potest,
