4444 6452
809 373 946 429 1267

2299 369 2538 428 ADDEN
2545 370 2658 428 DA.

4037 380 4173 436 1268

815 492 4168 538 W

1505 662 2348 781 ΘΕΟΔΩΡΟΥ
2425 665 2704 780 ΤΟΥ
2779 659 3464 782 ΛΑΣΚΑΡΙ

1402 906 1534 955 ΤΟΥ
1587 906 1741 957 ΥΙΟΥ
1793 905 2112 955 ΜΕΓΑΛΟΥ
2166 905 2488 954 ΒΑΣΙΛΕΩΣ
2550 906 2764 955 ΚΥΡΟΥ
2817 906 3122 958 ΙΩΑΝΝΟΥ
3175 910 3306 958 ΤΟΥ
3358 905 3583 960 ΔΟΥΚΑ

1498 1091 1808 1206 ΤΗΣ
1873 1091 2539 1207 ΦΥΣΙΚΗΣ
2606 1091 3475 1213 ΚΟΙΝΩΝΙΑΣ

2036 1333 2426 1422 ΛΟΓΟΣ
2469 1335 2956 1426 ΠΡΩΤΟΣ.

2458 1578 2548 1594 _

1719 1755 2486 1880 THEODOBI
2578 1758 3276 1886 LASCARIS

1560 2028 1722 2084 FlLII
1781 2027 1994 2086 SUMMI
2053 2027 2517 2087 IMPERATORIS
2577 2029 2821 2087 DOMlNl
2877 2030 3166 2089 JOANNIS
3225 2030 3432 2090 DUCE

1468 2223 1655 2344 DE
1732 2215 2487 2336 NATURALI
2565 2225 3504 2340 COMMUNIONE

2043 2461 2410 2557 SERMO
2468 2469 2895 2558 PRIMUS

875 2875 925 2930 οδ
965 2873 1053 2929 Ἐκ
1118 2869 1314 2927 πολλῶν
1353 2873 1443 2944 μὶν
1489 2870 1811 2945 πραγμάτων
1858 2872 1948 2922 καὶ
2015 2868 2178 2932 ἄλλως
2260 2870 2465 2940 γνόντες

807 2966 1144 3039 οἱᾶνθρωποι
1183 2961 1260 3015 ὃτι
1298 2964 1356 3015 τὸ
1381 2962 1531 3033 φύσει
1570 2966 1801 3034 κρεῖττον
1863 2966 1954 3013 τοῦ
2015 2961 2170 3025 θὶσιι,
2221 2960 2466 3032 ὑπερέχει

803 3075 859 3110 τι
883 3058 974 3108 καὶ
1008 3059 1099 3106 τοῦ
1135 3054 1305 3125 τύχη,
1366 3055 1454 3104 καὶ
1485 3049 1537 3114 ἐξ
1592 3050 1760 3104 αὐτῶν
1827 3047 1894 3108 δὴ
1965 3057 2152 3108 νοῆσαι
2191 3045 2461 3120 δύνανται,

804 3145 873 3197 ὧν
912 3142 1184 3214 ἕπιίγομαι
1279 3139 1420 3204 λὲξαι
1512 3147 1620 3206 νῦν,
1681 3143 1769 3192 καὶ
1826 3138 1919 3191 οὐκ
1975 3139 2035 3191 οἷν
2104 3138 2269 3200 ἄλλως
2325 3141 2464 3210 ἔχιιν

804 3236 923 3291 εῖπη
963 3251 1041 3294 τις
1069 3229 1208 3284 τοῦτ’
1282 3229 1407 3283 αὐτό
1451 3233 1482 3289 ἣ
1525 3232 1594 3291 ὡς
1651 3225 1680 3287 ἧ
1776 3232 1970 3301 φυσικὴ
2041 3226 2321 3281 ἀκολουθία
2376 3232 2466 3280 καὶ

805 3321 1006 3382 ἀληθὴς
1069 3324 1404 3392 παραστήσει
1513 3322 1735 3392 τήμερον
1803 3313 1873 3370 δι’
1940 3315 2084 3388 ἆμοῦ·
2151 3315 2308 3370 Ἔστι
2375 3321 2464 3388 μὲν

804 3418 892 3465 οῦν
923 3412 1075 3484 φύσις
1113 3413 1203 3462 καὶ
1241 3413 1447 3470 κίνησις
1501 3405 1548 3459 ἐν
1590 3414 1652 3466 τῆ
1714 3408 1885 3478 φύσει,
1942 3408 2189 3466 ὡσαύτως
2246 3403 2295 3458 δ’
2353 3408 2465 3458 ἔστι

802 3505 893 3555 καὶ
922 3502 1195 3573 μερισμόςο
1232 3500 1359 3571 πρὸς
1409 3498 1508 3569 γὰρ
1577 3495 1943 3569 Ἀριστοτέλην
2007 3501 2092 3548 καὶ
2155 3497 2464 3568 Πυθαγόραν

800 3593 890 3642 καὶ
957 3589 1264 3664 Ἑρμογένην
1352 3589 1442 3638 καὶ
1517 3584 1754 3657 ’Όμηρον
1813 3592 1994 3646 κοινῶς
2062 3586 2091 3642 ἠ
2185 3581 2460 3657 διαίρεσις,

803 3678 976 3752 ὥσπιρ
1007 3682 1097 3731 καὶ
1135 3678 1190 3730 αἱ
1230 3679 1450 3748 στιγμαὶ
1524 3681 1832 3748 μετροῦνται
1904 3683 2150 3746 στιγμαῖς
2208 3679 2298 3727 καὶ
2361 3681 2466 3736 τοῖς

804 3765 1048 3840 ἀριθμοῖς
1114 3763 1348 3836 ἀριθμοί.
1417 3769 1490 3835 Τῇ
1579 3765 1670 3836 μὲν
1733 3765 1832 3838 γάρ
1895 3769 2099 3820 κινήσει
2163 3762 2265 3815 εἰσὶ
2333 3767 2462 3836 μέρη

802 3861 1056 3916 κινήσεως
1085 3859 1175 3908 καὶ
1211 3861 1314 3914 τοῖς
1352 3857 1533 3927 μέρεσι
1593 3849 1842 3927 διαφορά,
1879 3857 1968 3904 καὶ
2008 3853 2066 3905 οὐ
2127 3854 2270 3914 θέσις
2328 3851 2466 3906 ἐστὶν

801 3947 970 4000 αὐτῶν
1000 3948 1030 4005 ἡ
1062 3945 1292 4012 ὄντότης,
1333 3942 1461 3996 ἀλλὰ
1489 3947 1704 4004 ποιότης
1760 3946 1788 4003 ἠ
1851 3945 1985 3996 κατά
2035 3946 2211 4014 φύσιν,
2292 3942 2463 4018 ὥσπερ

803 4033 929 4091 οὐδέ
954 4044 1016 4108 τῇ
1049 4037 1201 4109 φύσει
1240 4036 1270 4092 ἡ
1313 4037 1539 4100 κίνησις,
1611 4032 1738 4086 ἀλλὰ
1801 4036 1856 4086 τὸ
1934 4030 2062 4085 εἶναι
2130 4031 2307 4106 ἀρχὴν
2375 4037 2464 4106 μὲν

800 4130 1078 4196 κινήσεως,
1119 4126 1382 4197 περιὲχειν
1451 4120 1510 4177 δὲ
1575 4127 1664 4175 καὶ
1731 4124 1916 4197 ἄρχειν
1976 4127 2064 4174 καὶ
2129 4123 2294 4186 αὐτῆς
2335 4125 2463 4180 στοί-

803 4232 951 4278 σιως⁶
984 4219 1074 4268 καὶ
1113 4214 1270 4286 φύσις
1298 4215 1388 4285 μὶν
1429 4208 1515 4264 οὖν
1572 4217 1704 4265 κινεῖ
1764 4214 1934 4265 πάντα
2001 4214 2068 4265 τὰ
2134 4211 2307 4275 ἁπλῶς
2373 4216 2462 4265 καὶ

799 4306 1121 4372 καθέκαστα,
1163 4299 1398 4362 ἰδιότησι
1442 4301 1575 4374 [καὶ]
1614 4310 1855 4376 μερισμῷ
1897 4302 2243 4355 συνάπτουσα
2311 4304 2461 4356 θάτε-

797 4391 1024 4468 ρα,οἶον
1055 4395 1115 4448 ἄν
1156 4392 1292 4466 ληφῇ
1353 4392 1468 4445 κατ’
1522 4389 1765 4451 ἰδιότητα
1825 4401 2060 4465 φυσικῶς
2110 4395 2268 4467 μὶρη,
2321 4395 2386 4454 ὡς
2413 4392 2462 4446 ἐν

795 4490 868 4556 τῷ
892 4487 1021 4558 πνρὶ
1079 4484 1139 4538 τὸ
1205 4485 1489 4539 καυπικόν
1551 4487 1641 4535 καὶ
1704 4485 2042 4556 φωτιστικὸν,
2106 4486 2196 4536 καὶ
2263 4483 2311 4535 ἑν
2353 4491 2462 4546 τοῖς

865 4665 922 4720 1.
953 4664 1102 4721 Cum
1118 4677 1191 4720 ex
1210 4661 1414 4720 multis
1443 4661 1572 4720 aliis
1601 4660 1783 4719 rebus
1801 4660 2140 4732 intelligunt
2158 4661 2457 4728 homines,

789 4753 939 4814 illud
963 4752 1130 4827 quod
1154 4756 1376 4811 natura
1403 4756 1491 4810 est
1509 4756 1567 4810 et
1589 4756 1844 4823 constat,
1869 4753 2058 4809 multo
2083 4753 2460 4825 praestantius

787 4859 920 4902 esse
949 4858 1020 4901 eo
1045 4842 1212 4915 quod
1249 4842 1545 4916 positione
1568 4858 1639 4900 ac
1665 4842 1908 4900 fortuna
1927 4845 2182 4912 constat,
2228 4845 2357 4899 tum
2388 4859 2460 4900 ex

786 4933 859 4991 iis
889 4947 1026 5008 quin
1048 4931 1243 4990 dicere
1276 4932 1610 5004 aggredior,
1647 4936 1906 5005 possunt
1959 4932 2454 4990 animadvertere.

2576 2865 2746 2929 ἄλλοις
2784 2866 2851 2921 τὰ
2888 2872 3072 2925 οὶκεῐα.
3126 2872 3347 2945 Πότιρον
3381 2877 3470 2924 οῦν
3504 2870 3598 2925 οὐκ
3637 2869 3782 2947 ἁρχὴ
3812 2877 3913 2925 τῶν
3954 2870 4188 2949 ἐνύδρων

2575 2956 2780 3032 ἡάρχὴ
2822 2965 2922 3010 τῶν
2995 2963 3284 3032 χερσαίων,
3350 2963 3468 3014 οὔτε
3533 2968 3623 3022 τῆς
3685 2964 3886 3015 ἂκείνων
3925 2969 4189 3028 κινώσιως

2576 3050 2605 3106 ἠ
2654 3056 2750 3109 τῆς
2812 3049 3006 3101 τούτων
3073 3055 3329 3110 κινήσεως
3393 3055 3538 3106 ικαὶ
3603 3055 3816 3126 πότερον
3885 3052 3976 3105 οὐκ
4041 3051 4186 3127 ἁρχὴ

2579 3143 2872 3210 σχήματων
2930 3158 3192 3213 γραμμαι,
3227 3136 3341 3192 οὐδ’
3378 3138 3519 3215 ἀρχὴ
3581 3160 3842 3213 σχηματα
3877 3151 3979 3195 τῶν
4011 3163 4190 3216 γραμ-

2574 3233 2702 3297 μῶν,
2745 3225 2873 3280 ἀλλά
2926 3236 3025 3280 τῶν
3093 3229 3246 3301 ἄμφω
3314 3234 3486 3302 στγμή
3550 3230 3609 3284 Εἰ
3677 3227 3727 3283 δ’
3797 3232 3959 3295 οὕτως
4027 3232 4189 3304 ἔστὶν,

2575 3317 2681 3390 ἄρα
2741 3317 2771 3374 ἡ
2838 3315 2892 3369 ἐκ
2954 3325 3051 3378 τῆς
3120 3320 3320 3391 φύσεως
3385 3324 3594 3380 κίνησις
3661 3323 3711 3373 ἓν
3766 3330 4040 3395 γραμμαῖς
4100 3329 4192 3377 καὶ

2580 3409 2832 3478 σχήμασι
2866 3411 3086 3479 στιγμή·
3120 3405 3243 3461 οὐδὲ
3278 3411 3378 3482 γὰρ
3435 3411 3552 3482 εῖμη
3586 3429 3662 3471 τις
3693 3411 3849 3483 φύσιν
3891 3414 4191 3485 σχημάτων

2576 3495 2759 3560 αὐτὴν,
2835 3495 2963 3549 ἀλλὰ
3035 3500 3335 3556 κινηθεῖσαν
3409 3500 3463 3563 ἐξ
3520 3501 3700 3573 ἀρχῆς
3770 3512 4016 3573 φυσικῆς.
4077 3511 4190 3556 Τῶν

2575 3584 2738 3637 ἄλλων
2773 3593 2860 3638 οὖν
2883 3585 3122 3639 ἁπάντων
3155 3591 3403 3651 ὡσαῦτως
3466 3587 3692 3661 ἑχόντων
3755 3596 3845 3642 καὶ
3881 3599 3979 3644 τῶν
4043 3598 4188 3665 πρώ-

2573 3693 2673 3727 των
2719 3674 2899 3749 ἁρχῶν
2961 3678 3156 3730 τούτων
3223 3678 3392 3731 οὐσῶν
3457 3684 3752 3754 γνωρίμων,
3794 3679 3965 3750 πολλῷ
3998 3681 4191 3754 μᾶλλον

2573 3767 2632 3816 τὸ
2664 3767 2800 3817 κατὰ
2856 3767 3029 3837 φύσιν,
3095 3772 3328 3840 κρεῖττον
3395 3769 3424 3826 ἡ
3493 3773 3651 3840 φὺσις
3700 3768 3816 3832 ἣτις
3891 3771 4194 3844 ὑπερέκεινα

2573 3855 2778 3906 πάντων
2806 3851 2936 3921 ἐστὶ,
2978 3859 3050 3927 μὴ
3126 3855 3332 3919 ἐντελῶς
3397 3858 3467 3919 ὡς
3549 3856 3690 3932 ἀρχὴ
3768 3866 3924 3925 ποιεῖ,
3991 3863 4057 3912 τὰ
4080 3862 4197 3932 μετ’

2575 3941 2768 4000 ἐκείνην
2796 3945 2942 4017 ἡμῖν,
2975 3945 3056 3996 ὅτι
3119 3941 3178 3998 δὲ
3254 3946 3477 4000 ἐνταῦθα
3536 3952 3623 3999 καὶ
3688 3952 3906 4010 κίνησος
3970 3954 4188 4022 καὶμε-

2572 4035 2766 4106 ρισμὸς
2841 4033 2912 4095 εἰς
2988 4030 3236 4110 διάφορα,
3300 4032 3586 4111 πρόδηλον.
3654 4037 4019 4110 Ἀριστοτέλην
4085 4043 4190 4114 γαρ

2573 4127 2663 4176 καὶ
2695 4121 2933 4197 Ὅμηρον
2965 4119 3258 4178 δίαστέλλει
3314 4127 3449 4180 κατὰ
3513 4131 3602 4185 τὴν
3661 4129 3797 4202 ὥραν
3864 4130 3893 4186 ἠ
3960 4133 4189 4190 κίνησις.

2574 4213 2732 4288 εἰγοξρ
2785 4215 2814 4271 ἠ
2858 4228 2896 4269 a
2934 4216 3060 4286 πρὸς
3097 4218 3192 4272 τὴν
3231 4235 3263 4287 γ
3335 4212 3430 4268 διὰ
3465 4224 3558 4278 τῆς
3587 4215 3617 4268 ϐ
3684 4214 3889 4291 διελθη,
3954 4222 4114 4279 ὄντως
4143 4217 4190 4271 ἐν

2575 4309 2788 4375 συνεχεῖ
2815 4307 3020 4362 κινήσει
3061 4300 3356 4379 διέρχεται,
3395 4310 3484 4358 καὶ
3526 4302 3889 4362 διαστὶλλὲται
3919 4311 3976 4360 τὸ
4007 4307 4190 4362 λοιπόν

2572 4395 2603 4451 ἦ
2636 4406 2675 4448 a
2723 4395 2914 4465 στιγμὴ
2956 4395 3083 4467 πρὸς
3120 4397 3273 4465 τήνγ
3341 4397 3485 4470 παρὰ
3545 4403 3634 4457 τῆς
3689 4394 3748 4468 β,
3818 4393 3892 4450 δι’
3931 4397 3994 4459 ἧς
4053 4401 4193 4450 κατὰ

2575 4485 2847 4555 συνέχειαν
2886 4485 2944 4535 τὸ
2986 4488 3214 4556 συμφυές
3254 4482 3396 4538 ἐστιν
3436 4484 3640 4548 αὐταῖς·
3680 4493 3836 4541 τοῦτο
3877 4483 3936 4541 δὲ
3977 4493 4190 4551 κίνησις

2569 4661 2703 4734 ipsa
2729 4661 2960 4729 entitas,
2994 4663 3160 4719 utita
3193 4663 3413 4731 dicam,
3445 4680 3550 4738 per
3569 4681 3756 4739 quam
3778 4665 3873 4723 hee
3905 4682 3999 4723 res
4039 4674 4184 4725 sunt

2570 4755 2659 4809 est
2684 4751 2897 4825 positio
2919 4770 2931 4820 ;
2948 4767 3089 4809 cum
3113 4752 3333 4824 positio
3355 4754 3429 4811 sit
3453 4755 3714 4828 qualitas
3727 4771 3864 4828 quin
3879 4773 3951 4816 ex
3967 4762 4191 4816 natura

2569 4846 2659 4899 est
2691 4859 2704 4898 :
2733 4856 2858 4898 non
2885 4856 3055 4898 secus
3073 4842 3329 4914 atqueid
3346 4844 3512 4917 quod
3542 4849 3629 4901 est
3657 4848 4040 4920 naturaipsa,
4062 4863 4189 4905 non

2568 4931 2826 4988 dicimus
2858 4947 2987 4988 esse
3013 4936 3268 5000 motum,
3305 4934 3411 4990 sed
3439 4940 3724 4992 naturam
3761 4935 4020 4993 dicimus
4050 4954 4186 4995 esse

787 5026 868 5080 Ac
889 5038 1070 5081 nemo
1100 5037 1244 5080 sane
1273 5023 1389 5080 hoc
1407 5022 1609 5096 ipsum
1635 5022 1802 5080 aliter
1832 5039 1896 5079 se
1934 5022 2158 5079 habere
2219 5022 2454 5095 dixerit,
2498 5047 2537 5100 Β
2568 5021 2932 5095 principium
2959 5026 3160 5078 motus
3192 5025 3249 5079 et
3278 5023 3494 5096 quietis
3524 5043 3536 5080 :
3570 5025 3653 5082 ita
3685 5029 3746 5082 ut
3778 5027 4082 5084 contineat
4109 5045 4180 5084 ac

783 5128 973 5186 quam
994 5127 1130 5185 quae
1143 5112 1328 5170 modo
1341 5112 1633 5171 naturalis
1651 5128 1721 5169 ac
1734 5128 1872 5168 vera
1899 5112 2242 5168 consecutio
2276 5112 2454 5170 hodie

778 5217 1001 5276 perme
1021 5201 1408 5260 manifestum
1454 5201 1778 5261 exhibebit.
1822 5206 1904 5260 Ac
1957 5203 2221 5276 primum
2284 5208 2452 5261 natu-

778 5306 914 5351 ram
942 5292 1199 5358 dicimus
1223 5309 1354 5351 esse
1382 5298 1439 5351 et
1465 5297 1696 5350 motum
1737 5293 1799 5350 in
1821 5297 2060 5360 natura,
2117 5292 2453 5367 eodemque

775 5382 964 5442 modo
993 5383 1475 5442 distributionem
1503 5400 1656 5442 esse.
1692 5387 1842 5441 Nam
1891 5383 2258 5456 Aristoteles,
2307 5385 2450 5441 Her-

773 5488 1083 5544 mogenes,
1118 5477 1174 5531 et
1201 5476 1491 5531 Homerus
1511 5475 1663 5531 inter
1730 5490 1792 5530 se
1854 5475 2164 5530 communi
2220 5474 2449 5532 ratione

768 5562 1143 5634 dividuntur,
1175 5564 1488 5636 quomodo
1510 5565 1691 5622 etiam
1709 5569 1936 5637 puncta
1949 5565 2189 5638 punctis
2209 5580 2448 5624 mensu-

765 5656 977 5711 rantur
1021 5657 1076 5710 et
1133 5654 1370 5712 numeri
1425 5654 1715 5713 numeris.
1775 5656 1924 5712 Nam
1978 5654 2169 5712 motui
2239 5659 2444 5728 partes

763 5743 965 5815 motu-
991 5739 1380 5818 autgnantur
1394 5760 1414 5819 ί
1441 5748 1509 5807 οι
1535 5741 1812 5820 partibus
1858 5740 2213 5816 discrimen,
2245 5757 2444 5820 neque

2566 5111 2961 5185 principatum
2979 5115 3394 5182 gerat.Natura
3410 5114 3591 5184 igitur
3606 5117 4007 5173 movetomnia
4021 5133 4189 5190 qum-

2565 5217 2806 5275 cunque
2819 5201 3543 5277 suntabsolute,adeoque
3557 5205 4029 5279 singulariaipsa
4042 5224 4182 5280 pro-

2563 5291 2915 5366 prietatibus
2950 5307 3020 5348 ac
3050 5291 3466 5351 distributione
3507 5300 3871 5353 connectens
3899 5301 4176 5372 utraque.

2565 5383 2635 5439 Ut
2664 5381 2714 5437 si
2746 5380 3006 5454 exempli
3031 5382 3224 5452 gratia
3237 5384 3674 5456 proprietatum
3691 5390 3893 5458 partes
3921 5403 4176 5446 suman-

2563 5475 2657 5530 tur
2699 5490 2712 5540 ;
2739 5470 2948 5544 quales
2976 5475 3117 5528 sunt
3146 5472 3208 5527 in
3237 5471 3361 5543 igni
3377 5473 3588 5531 urendi
3612 5475 4018 5534 etillustrandi
4038 5494 4180 5550 pro-

2560 5563 2843 5636 prietates
2879 5580 2891 5617 :
2921 5567 2978 5619 et
2997 5562 3060 5618 in
3091 5562 3222 5619 aliis
3273 5579 3412 5636 qua:
3441 5564 3715 5638 ipsorum
3745 5568 3990 5640 propria
4013 5575 4177 5628 sunt.

2562 5655 2767 5710 Utrum
2791 5651 2972 5724 igitur
2991 5652 3354 5727 principium
3375 5656 3740 5713 terrestrium
3760 5673 3886 5714 non
3905 5659 4180 5732 estprin-

2558 5741 2785 5819 otpium
2805 5740 3166 5818 aquatilium
3201 5741 3520 5822 “temque
3556 5747 3761 5808 utrum
3797 5745 4174 5824 principium
