4444 6452
277 381 410 434 1269

298 507 387 555 καὶ
418 502 580 575 ὠρικὴ
637 503 865 562 ποσότης
922 497 1015 553 διὰ
1069 506 1317 562 κινήσεως
1370 522 1383 536 ·

297 589 384 644 οὖν
434 590 780 663 Ἀριστοτέλει
819 596 907 642 καὶ
959 590 1170 663 Ὀμήρῳ
1201 593 1335 643 κατὰ
1385 596 1591 648 κίνησιν
1632 594 1892 662 καιρικήν.

298 682 378 735 Ἐν
434 684 522 753 μὲν
564 676 649 732 οὖν
686 688 746 751 τῇ
812 684 1015 736 κινήσει
1076 679 1325 750 συνέχειά
1360 685 1439 739 τίς
1490 678 1601 731 ἐστι
1656 686 1895 751 μερισμῷ

295 770 782 841 καθυποϐαλλομένη
820 770 848 827 ἣ
879 774 1075 843 χρόνου
1104 770 1132 828 ἦ
1164 775 1357 843 τρόπου
1416 770 1444 827 ἡ
1509 773 1746 827 ποιότητι
1804 775 1895 820 τοῦ

294 865 614 933 κινουμένου,
676 859 780 911 οἷον
838 862 906 918 ὡς
970 867 1058 910 νοῦ
1134 863 1261 931 πρός
1329 864 1541 916 πτηνόν,
1583 859 1663 910 Ἐν
1720 854 1777 909 δὲ
1829 865 1890 929 τῇ

296 953 446 1022 φύσει
476 953 725 1022 μερισμοὶ
757 950 989 1020 κράσεων
1017 951 1151 1001 κατὰ
1202 952 1259 1000 τό
1295 949 1414 1000 ἄλλο
1446 968 1499 1000 τε
1556 952 1644 999 καὶ
1696 946 1893 998 ἀλλοῖον

294 1044 383 1091 xui
437 1038 617 1100 ἄλλως.
670 1038 750 1089 Ἐν
815 1034 873 1090 δὲ
910 1044 1023 1099 ταῖς
1076 1040 1324 1111 κράσεσιν
1382 1038 1439 1089 ού
1496 1034 1755 1108 διαίρεσις
1810 1055 1894 1107 μευ

292 1131 501 1200 ρισμὸς,
531 1130 594 1186 ὡς
622 1126 705 1178 ἐπὶ
757 1134 847 1186 τῆς
887 1130 1086 1198 φύσεως
1140 1135 1254 1187 ταῖς
1291 1127 1539 1199 κράσεσιν
1571 1127 1600 1183 ἠ
1636 1122 1893 1197 διαίρεσις

292 1221 568 1292 μερισμὸς,
638 1214 743 1267 ἀλλ’
808 1218 983 1275 ἔνωσις
1050 1219 1318 1288 μερισμός,
1379 1218 1403 1266 ὅ
1454 1234 1565 1267 τισι
1637 1222 1763 1286 φανῇ
1825 1216 1892 1274 ὡς

291 1310 465 1358 καινόν
519 1327 531 1339 ·
583 1307 651 1367 ὡς
702 1308 802 1378 γὰρ
871 1308 1125 1375 μερισμόν
1185 1312 1282 1356 τῶν
1351 1307 1603 1355 συνθέτων
1674 1302 1727 1354 ἐκ
1792 1311 1890 1353 τῶν

291 1395 462 1448 ἁπλῶν
531 1396 556 1452 ἡ
618 1402 717 1445 τῶν
773 1402 995 1465 μερικῶν
1071 1395 1267 1458 ἒνωσις,

877 1479 1134 1555 διαίρεσις
1210 1482 1461 1553 κράσεων.
1522 1481 1739 1533 Ἐκεῖθεν
1788 1483 1888 1554 γὰρ

1350 1395 1479 1445 οὕτω
1538 1389 1604 1449 δὴ
1660 1397 1748 1443 καὶ
1792 1401 1890 1443 τῶν

290 1486 524 1559 κράσεων
588 1485 787 1551 ἕνωσις,

291 1574 321 1631 ἠ
348 1569 611 1646 διαίρεσις
639 1575 809 1632 κοινός
839 1574 1116 1642 μερισμὸς,
1150 1568 1387 1621 ἐνταυθοῖ
1437 1566 1494 1621 δὲ
1537 1571 1567 1626 ἡ
1631 1566 1891 1641 διαίρεσις

290 1662 491 1727 ἓνωσις,
534 1658 713 1718 ἐπειδὴ
756 1668 975 1733 μερικῶν
1034 1662 1376 1730 ὑποκειμένων
1428 1659 1540 1710 ἐστὶ
1609 1654 1888 1732 διαίρεσις.

290 1750 418 1802 Ἀπὸ
448 1753 548 1822 ’γὰρ
581 1756 671 1802 τοῦ
712 1754 915 1822 πρώτου
969 1753 1233 1817 στοιχείου
1281 1768 1313 1799 α
1365 1748 1457 1806 ἕως
1514 1754 1603 1799 τοῦ
1658 1745 1889 1818 ἐσχάτου

289 1861 329 1892 ω
374 1842 595 1913 μερίζων
634 1858 712 1900 τις
752 1838 856 1909 οὐχ
924 1836 1026 1889 ἑνοῖ
1081 1839 1147 1887 τὰ
1194 1840 1322 1908 μέρη
1352 1844 1411 1907 τῇ
1450 1833 1705 1906 διαιρέσει
1736 1856 1747 1867 ·
1780 1843 1889 1895 ταῖς

288 1933 431 2000 τρισὶ
457 1924 516 1980 δὲ
550 1932 757 2002 μερίσιν
797 1927 840 1979 εἰ
872 1924 1113 1997 λάϐοιμεν
1168 1930 1334 1976 αὐτῶν
1364 1928 1636 1998 μερισμόν,
1699 1924 1888 1995 μᾶλλον

288 2026 385 2072 τῶν
434 2024 598 2091 μερῶν
648 2017 827 2069 ἕνωσιν
879 2014 1130 2087 λάϐωμεν,
1173 2016 1305 2066 ὥστε
1354 2016 1382 2071 ἡ
1428 2018 1516 2086 μὲν
1563 2016 1712 2083 φύσει
1745 2010 1887 2066 διαί-

286 2126 431 2183 ρεσις
466 2107 667 2177 ἕνωσις,
702 2107 731 2163 ἠ
770 2102 827 2157 δε
866 2108 1001 2157 κατά
1030 2110 1217 2178 κρᾶσιν
1275 2106 1451 2164 ἓνωσις
1490 2102 1677 2173 μᾶλλον
1746 2099 1887 2155 διαί-

286 2216 452 2269 ρεσις,
507 2198 654 2248 Κατὰ
717 2197 874 2246 ταυτό
930 2202 1053 2265 γοῦν
1102 2196 1169 2245 τὰ
1244 2196 1393 2264 φύσει
1458 2188 1797 2266 διαιρούμενα
1853 2194 1881 2250 ἦ

285 2290 461 2358 χρόνῳ
488 2286 516 2343 ἦ
543 2290 682 2356 τόπῳ
710 2283 738 2341 ἦ
769 2302 1030 2345 ποιότητι,
1066 2282 1123 2334 ού
1159 2285 1293 2335 κατὰ
1324 2285 1477 2353 φύσιν
1509 2278 1839 2353 διαιροῦνται
1870 2302 1882 2314 ·

287 2379 441 2447 φύσις
511 2376 611 2447 γὰρ
663 2381 770 2435 τοῖς
840 2380 969 2425 πᾶσι
1025 2378 1192 2441 κοινὴ,
1247 2370 1375 2422 αλλὰ
1439 2373 1573 2421 κατὰ
1632 2375 1885 2441 μερισμόν

284 2466 540 2538 κράσεων,
591 2461 722 2520 πλὴν
778 2460 1050 2537 ἀρχούσης
1078 2470 1171 2523 τῆς
1233 2462 1431 2533 φύσεως
1460 2481 1471 2492 ·
1504 2458 1885 2532 συμϐάλλονται

284 2556 385 2626 γὰρ
442 2554 495 2605 αἱ
551 2554 760 2625 κράσεις
818 2554 884 2612 ως
921 2556 1132 2625 μερικαὶ
1175 2552 1359 2602 καθότι
1415 2551 1630 2623 κράσεις
1693 2552 1884 2624 κράσε-

288 2662 369 2696 σιν
408 2642 624 2717 ἑτέραις,
674 2637 853 2699 ἆπειδὴ
917 2646 1007 2693 xui
1061 2640 1216 2691 αὗται
1286 2644 1514 2712 μερικαὶ,
1569 2639 1627 2690 ού
1676 2644 1777 2711 μὴν
1827 2635 1886 2691 δὲ

284 2740 473 2809 κρᾶσις
532 2739 680 2784 πᾶσα
732 2730 779 2782 ἓν
846 2732 990 2803 πάσῃ
1059 2732 1266 2805 κράσει.
1318 2733 1387 2782 Τό
1476 2731 1577 2801 γὰρ
1632 2732 1885 2801 μουσικὸν

285 2825 526 2896 φυσικὸν,
556 2826 615 2875 τό
657 2823 989 2875 σκυτευτικὸν
1016 2818 1063 2872 ἐν
1103 2828 1165 2892 τῇ
1200 2821 1351 2892 φύσει
1384 2839 1395 2852 ·
1428 2821 1559 2871 ἔστω
1608 2822 1778 2870 τοίνυν
1824 2820 1883 2870 τό

287 2915 620 2966 σκυτευτικόν
647 2914 919 2983 μουσικὸν,
950 2911 979 2967 ἡ
1015 2910 1093 2962 ὅτι
1133 2910 1162 2967 ἡ
1207 2909 1482 2981 φιλοσοφία
1528 2916 1621 2969 τῆς
1662 2911 1882 2979 φύσεως,

284 3006 314 3063 ἡ
349 3006 560 3063 ποίησις
590 3000 643 3054 ἐκ
681 3008 777 3062 τῆς
827 3002 1046 3072 φύσεως.
1089 2998 1264 3052 Ἔστω
1303 3002 1473 3051 τοίνυν
1520 2996 1884 3070 Ἀρίστοτέλης

1147 373 1501 433 THEODORI
1533 377 1577 430 ll
1608 375 1743 431 IMP.
1782 375 1869 430 DE
1903 374 2357 438 COMMUNIONE
2417 385 2558 442 NAT
2627 386 2666 441 Ι.

1446 499 1677 573 διαφορὰ
1725 504 1895 552 τοίνυν
1958 504 2001 553 Α
2058 502 2362 579 Ὀμηρος,ἡ
2397 510 2475 560 ὅτι
2525 510 2552 567 ἡ
2583 512 2807 567 κίνησις.
2840 506 2917 559 Ἐν
2949 513 3008 577 τῇ
3045 506 3195 575 φύσει
3233 505 3262 562 ἡ
3330 506 3517 566 στάσις
3565 516 3655 567 τῆς

3534 384 3673 438 1270

2060 596 2259 665 φύσεως
2289 618 2300 629 ’
2332 599 2462 649 ἔστω
2488 600 2592 670 ἄρα
2622 599 2649 655 ἡ
2687 600 2875 657 στάσις
2896 600 3097 655 κίνησις
3125 616 3136 628 ’
3163 597 3272 665 ἔχει
3297 590 3354 646 δε
3386 591 3654 656 ἀδυνάτως

2060 680 2187 735 εἶναι
2219 686 2351 737 αὐτά
2394 707 2406 719 ο
2449 686 2616 747 απλώς
2656 688 2753 757 γὰρ
2796 686 2847 736 αἱ
2899 687 3108 756 κράσεις
3140 684 3380 735 ἐνουσθαι
3438 685 3651 749 άτοπον,

2062 768 2208 833 ἰδίως
2264 770 2321 825 δέ
2374 794 2431 845 γε
2471 777 2762 849 εὑρίσκεται
2796 795 2806 806 ι
2838 773 3072 825 ἐνωτικὸν
3102 775 3202 843 γὰρ
3263 771 3308 822 ἓν
3344 771 3534 845 ἑτέρον,
3597 776 3652 823 τό

2056 860 2232 913 λευκόν
2296 883 2349 915 τε
2388 868 2476 915 xui
2522 868 2577 915 τό
2633 864 2832 927 ξανθὸν,
2888 867 2975 912 καὶ
3023 864 3080 912 τό
3121 864 3372 931 μουσικόν
3414 864 3652 929 συγγενὲς

2055 958 2146 1003 τοῦ
2200 951 2511 1027 ἁριθμητοῦ,
2581 959 2668 1004 xui
2726 956 2781 1005 τό
2841 951 3112 1023 φιλόσοφον
3174 958 3264 1001 τοῦ
3334 950 3646 1020 θεολογικοῡ,

2056 1044 2223 1093 καὶτὸ
2248 1046 2519 1100 ποιητικόν
2572 1050 2662 1094 τον
2714 1043 3014 1115 ῥητορικόν,
3075 1044 3158 1091 καὶ
3213 1041 3239 1096 ἡ
3303 1041 3489 1099 στάσις
3555 1046 3650 1089 τού

2057 1138 2398 1203 σωφρονικοῡ,
2461 1136 2548 1182 καὶ
2605 1137 2696 1181 τοῦ
2755 1126 3002 1203 ἀνδρικοῦ
3039 1130 3067 1186 ἡ
3128 1132 3355 1192 κίνησις,
3400 1130 3648 1189 ὡσαύτως

2053 1220 2197 1270 καὶό
2250 1222 2469 1290 κναφεὺς
2532 1227 2625 1271 τοῦ
2678 1223 2923 1283 σκυτέως,
2974 1221 3063 1269 xui
3110 1215 3271 1268 οΰλων
3331 1214 3480 1285 ἄλλα,
3535 1217 3648 1268 κατ’

2057 1303 2295 1364 ἰδιότητα
2331 1316 2576 1378 συγγενῆ.

2126 1394 2198 1467 β’.
2231 1398 2326 1447 Δύο
2356 1406 2480 1467 γοῦν
2507 1399 2554 1449 οἱ
2609 1396 2835 1448 ἑνωτικοὶ
2865 1398 3085 1469 τρόποι·
3121 1394 3145 1445 ό
3177 1396 3312 1446 κατὰ
3360 1396 3513 1465 φύσιν
3561 1397 3649 1446 καὶ

2053 1484 2077 1535 ό
2109 1487 2242 1536 κατὰ
2276 1490 2483 1556 κρᾶσιν.
2532 1489 2706 1545 Κοινός
2771 1481 2857 1535 οὖν
2888 1486 3089 1535 πάντων
3120 1484 3144 1534 ὁ
3181 1481 3251 1543 εἷς
3300 1503 3311 1515 ·
3345 1490 3650 1533 κοινωνοῦσι

2051 1576 2149 1645 γὰρ
2178 1575 2369 1641 πάντα,
2428 1576 2546 1626 όταν
2579 1574 2643 1634 εἰς
2698 1578 2784 1630 τήν
2824 1577 3079 1629 ποιότητα
3127 1573 3451 1641 ἀναχθῶσιν,
3494 1571 3523 1629 ἦ
3585 1570 3652 1631 εἰς

2052 1664 2145 1718 τὴν
2186 1660 2387 1727 ούσὶαν,
2423 1664 2450 1720 ἡ
2497 1661 2564 1723 εἰς
2592 1665 2647 1713 τό
2680 1657 2837 1731 εἶδος,
2878 1662 2904 1719 ἡ
2938 1661 3002 1720 εἰς
3051 1664 3143 1717 τήν
3175 1659 3319 1727 ὕλην,
3365 1660 3391 1716 ἦ
3441 1658 3509 1719 εἰς
3558 1664 3651 1717 τὴν

2054 1752 2206 1820 φύσιν
2246 1755 2435 1823 κυρίως
2489 1769 2541 1801 τε
2592 1754 2682 1801 xui
2738 1748 3039 1813 καθολικῶς,
3101 1746 3226 1799 ἀλλὰ
3286 1756 3507 1820 μερικως
3562 1752 3651 1799 καὶ

2056 1836 2202 1901 ἰδίως
2254 1844 2343 1891 καὶ
2392 1840 2450 1892 ού
2517 1842 2700 1891 καθότι
2748 1844 2980 1905 ποιότης,
3023 1840 3051 1896 ἡ
3127 1839 3310 1889 καθότι
3369 1836 3543 1902 οὐσία,
3617 1837 3646 1895 ἦ

2052 1930 2235 1979 καθότι
2263 1925 2421 1994 εἶδος,
2456 1929 2483 1986 ἡ
2518 1930 2701 1980 καθότι
2741 1928 2834 1984 ύλη
2868 1927 2989 1995 ἑνοῖ,
3049 1926 3176 1977 αλλὰ
3217 1928 3400 1977 καθότι
3447 1930 3499 1977 τί
3551 1946 3651 1977 τινι

2053 2016 2421 2088 συμϐάλλεται,
2481 2022 2570 2069 καὶ
2619 2018 2685 2068 τὰ
2751 2023 2995 2087 στοιχεῖα
3064 2016 3246 2067 καθότι
3299 2023 3394 2076 τῆς
3452 2017 3652 2087 φύσεως

2049 2114 2374 2173 κοινωνοῦσι,
2405 2109 2576 2158 καὶτὸ
2609 2103 2752 2179 ὕδωρ
2788 2105 2844 2157 ού
2887 2108 3080 2177 φθείρει
3110 2107 3167 2156 τό
3236 2112 3359 2177 πύρ,
3417 2107 3534 2155 οὔτε
3586 2107 3653 2157 τὰ

2049 2195 2177 2248 ἄλλα
2206 2200 2271 2248 τα
2300 2200 2369 2268 μὴ
2408 2198 2697 2270 ὁμότροπα,
2740 2196 2819 2249 ὅτι
2878 2191 2936 2248 δὲ
2987 2199 3114 2266 πυρὶ
3168 2202 3361 2267 μερικῷ
3420 2193 3650 2267 ἐκρεύσει

2048 2281 2190 2359 ὕδωρ
2225 2284 2270 2336 ἐν
2330 2285 2469 2355 αὐτῷ
2530 2288 2738 2358 μερικόν
2770 2287 2938 2357 κάρτα
2987 2285 3178 2356 φθείρει
3217 2282 3340 2335 αύτό
3390 2304 3401 2315 ι
3437 2286 3501 2334 τα
3546 2285 3649 2353 γὰρ

2048 2374 2249 2426 ἐναντία
2285 2380 2392 2436 τοῖς
2418 2372 2701 2446 ἑναντίφοις
2730 2375 3043 2445 φθείρονται,
3076 2374 3215 2426 ἔστιν
3268 2374 3396 2425 ὅπου
3454 2366 3513 2425 δὲ
3560 2374 3651 2426 καὶ

2047 2465 2111 2515 τὰ
2189 2467 2438 2536 φάρμακα
2491 2463 2603 2515 κατ’
2676 2459 2919 2521 ἰδιότητα
2970 2465 3218 2534 σωμάτων
3275 2468 3363 2513 xui
3417 2465 3648 2534 κράσεων

2046 2561 2301 2605 κοινωνεῖν
2334 2573 2386 2605 τε
2413 2557 2503 2605 καὶ
2543 2552 2768 2624 ὠφελεῖν,
2801 2560 2901 2604 ποῦ
2956 2548 3013 2604 δὲ
3065 2556 3153 2603 καὶ
3210 2554 3429 2625 φθείρειν
3463 2549 3557 2603 διὰ
3593 2556 3649 2603 τὸ

2047 2643 2172 2694 αύτό
2226 2643 2275 2694 ἐν
2332 2641 2533 2703 ἐκείνοις
2619 2640 2885 2697 ἀνοίκειον.
2924 2640 3103 2713 Ὀμως
3161 2645 3249 2693 καὶ
3288 2644 3335 2693 ἓν
3388 2640 3649 2712 μετάλλοις

2046 2736 2287 2784 κοινωνία
2338 2734 2652 2804 εὑρίσκεται,
2730 2729 2778 2782 ἐν
2858 2729 3030 2792 ἄλλοις
3085 2726 3144 2782 δε
3196 2735 3285 2781 καὶ
3343 2726 3644 2797 διάστασις,

2046 2824 2221 2873 καινόν
2253 2818 2310 2873 δὲ
2340 2820 2433 2873 οὐκ
2465 2818 2547 2891 ἦν,
2581 2823 2716 2895 εἴπερ
2748 2823 2838 2871 καὶ
2885 2823 2947 2872 τὰ
2995 2818 3041 2871 ἐν
3071 2827 3131 2891 τῇ
3173 2827 3389 2893 γραμμῇ
3455 2828 3649 2891 σημεῖα

2047 2909 2105 2961 ού
2161 2912 2492 2963 παντάπασιν
2551 2908 2781 2961 ἐνοϋνται
2826 2910 2962 2960 κατὰ
3044 2913 3317 2979 συνέχειαν
3362 2929 3375 2941 ο
3418 2912 3475 2960 τὸ
3541 2913 3643 2980 γὰρ

2048 3008 2247 3073 πρῶτον
2278 3008 2349 3070 τῷ
2383 3004 2541 3072 τρίτῳ
2572 2998 2677 3071 οὐχ
2708 2998 2905 3051 ἐνούταί
2936 2998 2979 3051 εἰ
3005 3004 3074 3070 μὴ
3113 2994 3204 3050 διὰ
3232 3005 3324 3050 τοῦ
3378 2994 3645 3072 δευτέρον,

255 3183 457 3237 motus
481 3180 720 3235 illorum
760 3192 887 3234 non
909 3180 999 3233 est
1033 3176 1395 3249 principium
1418 3179 1617 3232 motus
1648 3175 1864 3231 horum
1881 3176 1910 3231 ?
1952 3211 1990 3264 α
2020 3180 2631 3250 temperamentorum
2650 3175 3029 3232 exsistuntex
3042 3191 3112 3231 eo
3128 3175 3293 3247 quod
3315 3174 3598 3240 estaliud,
3619 3179 3676 3231 et

254 3273 560 3338 Praeterea,
602 3273 804 3324 utrum
824 3266 1153 3337 ﬁgurarum
1185 3265 1356 3321 lineae
1387 3281 1508 3320 non
1532 3268 1671 3320 sunt
1696 3264 1903 3336 princi-

253 3360 422 3433 pium
459 3373 693 3430 :neque
736 3356 947 3427 ﬁgurae
993 3356 1289 3412 linearum
1334 3359 1471 3410 sunt
1500 3354 1910 3427 principium?

252 3453 342 3505 An
363 3449 559 3521 potius
604 3447 900 3503 linearum
957 3462 1027 3501 ac
1077 3445 1408 3517 ﬁgurarum
1473 3448 1764 3515 punctum
1821 3448 1912 3499 est

250 3538 607 3610 principium
634 3537 661 3592 ?
694 3536 865 3602 Quod
895 3535 942 3590 si
971 3536 1052 3591 ita
1122 3539 1251 3590 est:
1301 3538 1501 3590 utrum
1549 3536 1748 3588 motus
1813 3532 1909 3588 ille

251 3627 354 3699 qui
384 3643 420 3684 a
446 3631 661 3682 natura
692 3627 753 3681 in
782 3625 952 3681 lineis
980 3639 1048 3679 ac
1070 3623 1277 3693 ﬁguris
1303 3622 1549 3687 exsistit,
1583 3625 1674 3677 est
1718 3636 1908 3693 punc-

249 3721 379 3772 tum
403 3718 430 3772 τί
459 3717 646 3771 Nemo
672 3715 831 3770 enim
864 3714 1077 3770 dixerit
1096 3718 1387 3786 punctum
1424 3727 1555 3768 esse
1572 3711 1907 3780 ﬁgurarum

246 3809 554 3871 naturam,
582 3805 685 3860 sed
715 3803 915 3876 potius
943 3820 980 3860 a
1007 3802 1263 3859 naturali
1312 3801 1606 3873 principio
1670 3804 1906 3857 motum

244 3895 557 3951 habuisse.
583 3895 729 3949 Cum
770 3893 947 3962 igitur
977 3892 1183 3949 omnia
1224 3891 1342 3946 alia
1383 3890 1596 3946 eodem
1636 3889 1819 3945 modo
1842 3904 1905 3945 se

242 3983 527 4049 habeant,
570 3987 626 4039 et
651 3983 779 4038 haec
810 3981 1103 4054 principia
1125 3980 1242 4037 sint
1265 3979 1545 4036 omnibus
1592 3982 1738 4034 nota
1758 3992 1904 4034 sane

242 4079 464 4131 natura
495 4076 658 4144 (cum
692 4072 769 4127 sit
792 4087 863 4127 eo
892 4071 1059 4144 quod
1104 4075 1193 4126 est
1242 4086 1314 4126 ex
1358 4070 1490 4141 ipsa
1528 4067 1718 4124 multo
1758 4084 1905 4139 prae-

242 4164 511 4234 stantior,
527 4162 753 4235 quippe
782 4178 916 4234 quae
946 4166 1159 4234 praeter
1180 4160 1491 4229 omniasit)
1517 4174 1639 4214 non
1670 4158 1902 4229 vulgari

242 4254 431 4311 modo
455 4253 632 4309 nobis
670 4251 771 4307 illa
794 4268 931 4324 quae
964 4255 1101 4306 sunt
1128 4250 1282 4306 infra
1313 4266 1395 4315 se,
1430 4255 1720 4321 tanquam
1743 4248 1901 4321 prin-

242 4343 469 4415 cipium
502 4347 559 4398 et
587 4358 771 4398 causa
800 4340 995 4396 efﬁcit.
1039 4340 1211 4405 Quod
1241 4345 1441 4395 autem
1471 4338 1532 4394 in
1593 4342 1808 4394 natura
1830 4337 1901 4393 sit

242 4437 445 4489 motus
474 4437 531 4487 et
560 4430 903 4487 distributio
931 4430 991 4485 in
1013 4445 1085 4485 ea
1114 4446 1251 4501 quae
1281 4429 1437 4484 inter
1468 4443 1529 4483 se
1594 4427 1896 4493 diﬂ'erunt,

239 4522 468 4579 nemini
506 4525 594 4577 est
649 4520 997 4576 obscurum.
1052 4522 1235 4575 Motus
1303 4518 1464 4573 enim
1524 4516 1627 4589 qui
1679 4516 1742 4571 in
1783 4516 1899 4572 hoc

238 4616 511 4684 tempore
541 4610 852 4666 conﬁcitur
878 4609 1181 4677 distinguit
1211 4607 1576 4665 Aristotelem
1609 4610 1665 4663 et
1690 4609 1898 4662 Home-

238 4718 405 4760 rum.
444 4705 593 4759 Nam
624 4701 672 4756 si
692 4704 893 4756 motus
922 4715 958 4757 a
991 4699 1069 4754 ad
1089 4704 1322 4755 motum
1354 4715 1384 4755 c
1440 4714 1546 4770 per
1597 4701 1831 4753 motum
1865 4696 1896 4751 b

238 4791 567 4866 perveniat,
598 4790 846 4846 omnino
876 4788 1225 4846 continuata
1247 4787 1664 4861 progressione
1695 4790 1896 4842 motus

239 4881 573 4939 conﬁcitur.
618 4883 684 4935 Et
737 4895 947 4936 rursus
998 4882 1293 4951 punctum
1332 4894 1369 4935 a
1424 4876 1809 4949 distinguitur
1864 4891 1898 4932 a

236 4976 466 5045 puncto
493 4986 524 5027 c
550 4986 657 5044 per
682 4973 977 5043 punctum
1018 4969 1050 5024 ὁ
1070 4984 1177 5040 per
1198 4968 1364 5041 quod
1410 4970 1655 5039 propter
1712 4966 1897 5022 conti-

237 5061 592 5119 nuationem
623 5061 747 5116 duo
775 5063 1040 5115 extrema
1093 5059 1246 5114 inter
1296 5074 1357 5113 se
1405 5058 1728 5113 cohaerent.
1777 5055 1900 5112 Hoc

240 5156 444 5209 autem
470 5154 561 5207 est
584 5154 783 5207 motus
804 5154 860 5205 et
888 5150 1052 5205 horae
1088 5148 1391 5219 quantitas
1420 5147 1480 5202 iu
1495 5150 1681 5202 motu.
1705 5147 1900 5212 Quare

238 5242 567 5297 discrimen
593 5239 903 5296 intercedit
930 5238 1081 5294 inter
1116 5237 1490 5294 Aristotelem
1504 5241 1559 5292 et
1578 5238 1901 5291 Homerum

238 5336 485 5405 propter
512 5340 747 5387 motum
791 5334 1272 5401 temporaneum.
1307 5331 1403 5383 Est
1432 5327 1610 5397 igitur
1629 5327 1691 5382 in
1733 5330 1902 5383 motu

241 5421 603 5479 cohaerentia
640 5421 921 5494 quaedam
960 5436 1098 5493 quae
1130 5418 1445 5489 subjicitur
1501 5417 1898 5483 distinctioni,

240 5517 346 5571 aut
374 5513 685 5585 temporis,
717 5517 821 5568 aut
853 5512 1037 5577 modi,
1068 5511 1316 5580 autejus
1332 5509 1499 5582 quod
1531 5509 1900 5582 exqualitate

242 5607 538 5672 movetur,
558 5602 725 5658 verbi
764 5602 974 5674 gratia,
1000 5605 1063 5656 ut
1109 5601 1156 5655 si
1210 5604 1443 5657 motum
1500 5600 1716 5655 mentis
1762 5615 1901 5655 cum

245 5696 413 5751 motu
441 5690 653 5751 alatilis
677 5692 941 5751 confera.
957 5689 1023 5748 In
1046 5694 1265 5749 natura
1280 5702 1421 5747 vero
1451 5687 1902 5747 distributiones

2021 3284 2093 3324 ex
2123 3283 2193 3324 eo
2221 3268 2386 3339 quod
2401 3270 2489 3323 est
2512 3264 2801 3321 dissimile
2833 3266 3121 3337 :itemque
3136 3264 3266 3320 aliis
3282 3266 3500 3322 modis.
3522 3270 3591 3321 At
3612 3267 3673 3322 in

2020 3355 2554 3429 temperationibus
2567 3353 2780 3409 divisio
2793 3370 2913 3409 non
2930 3359 3015 3409 est
3030 3354 3365 3410 distributio
3378 3355 3533 3425 (utin
3559 3371 3672 3411 na-

2020 3452 2153 3504 tura
2181 3447 2281 3503 illa
2303 3445 2804 3516 temperationum
2835 3444 3049 3499 divisio
3065 3449 3151 3500 est
3166 3444 3548 3516 distributio),
3569 3446 3673 3501 sed

2018 3536 2501 3607 distributioipsa
2515 3534 2973 3601 estcommunio,
2990 3534 3154 3607 quod
3171 3534 3530 3607 quibusdam
3546 3540 3673 3592 tan-

2016 3642 2203 3699 quam
2235 3624 2568 3681 absurdum
2581 3623 2765 3679 videri
2780 3624 2988 3695 possit.
3006 3624 3248 3679 Utenim
3293 3624 3667 3694 singulorum

2019 3732 2125 3771 seu
2139 3712 2586 3788 particularium
2602 3713 2950 3768 communio
2969 3718 3056 3768 est
3068 3712 3406 3770 distributio
3422 3714 3664 3770 illorum

2015 3805 2489 3877 compositorum
2502 3818 2719 3875 quaeex
2736 3802 3107 3874 simplicibus
3120 3808 3415 3873 constant,
3456 3805 3670 3861 eodem

2014 3895 2198 3953 modo
2212 3893 2557 3951 communio
2570 3892 3058 3964 temperationum
3076 3897 3162 3948 est
3182 3894 3562 3966 tcmperation
3574 3912 3669 3950 um

2014 3985 2247 4041 divisio.
2301 3982 2418 4038 Illic
2484 3982 2644 4037 enim
2701 3981 2916 4036 divisio
2968 3985 3055 4037 est
3097 3983 3436 4039 communis
3479 3983 3671 4040 distri-

2013 4074 2200 4140 butio,
2233 4072 2330 4128 hic
2359 4085 2501 4126 vero
2527 4071 2661 4141 ipsa
2689 4069 2902 4125 divisio
2951 4075 3039 4125 est
3102 4072 3474 4143 communio,
3530 4088 3669 4129 cum

2013 4163 2252 4236 proprie
2281 4160 2691 4230 subjectorum
2705 4158 3156 4230 particularium
3175 4160 3249 4216 sit
3268 4160 3502 4217 divisio.
3520 4164 3669 4219 Nam

2012 4269 2048 4308 a
2073 4252 2267 4324 primo
2295 4249 2587 4304 elemento
2621 4263 2659 4304 α
2690 4264 2882 4320 usque
2931 4248 3011 4304 ad
3062 4253 3395 4305 extremum
3450 4273 3508 4318 ω,
3565 4252 3670 4323 qui

2010 4339 2328 4409 distribuit,
2359 4353 2482 4392 non
2502 4336 2633 4391 unit
2666 4342 2869 4408 partes
2899 4337 3224 4394 dividendo
3265 4344 3363 4405 ;at
3397 4339 3447 4394 si
3486 4339 3667 4396 trium

2009 4430 2271 4503 partium
2300 4427 2780 4483 distributionem
2816 4427 3130 4493 sumimus,
3160 4428 3356 4500 potius
3406 4431 3668 4501 partium

2008 4519 2295 4575 unionem
2336 4515 2654 4571 sumimus.
2723 4518 2916 4580 Quare
2956 4516 3167 4572 divisio
3225 4517 3327 4574 illa
3373 4534 3509 4591 quae
3564 4535 3669 4575 na-

2010 4613 2153 4665 turae
2184 4607 2414 4663 ratione
2441 4604 2817 4661 constituitur
2871 4610 2958 4660 est
3002 4607 3165 4661 unio.
3214 4610 3285 4662 At
3342 4606 3479 4679 ipsa
3530 4610 3666 4664 unio

2009 4714 2144 4771 (11183
2176 4694 2590 4751 ﬁtsecundum
2612 4695 3105 4766 temperationem
3119 4697 3419 4767 estpotius
3453 4696 3667 4754 divisio

2009 4792 2089 4845 Ex
2106 4784 3229 4859 quomtelligiturillaqurenaturasunt
3265 4791 3320 4842 et
3362 4792 3661 4857 constant,

2008 4894 2147 4935 cum
2164 4874 2533 4941 dividuntur,
2548 4877 2838 4947 tempore,
2854 4874 3059 4946 modo,
3084 4880 3188 4932 aut
3207 4875 3515 4948 qualitate,
3543 4892 3667 4933 non

2008 4965 2196 5022 dividi
2237 4963 2572 5020 secundum
2590 4967 2871 5021 naturam
2898 4965 3067 5037 (nam
3112 4964 3397 5021 omnibus
3449 4970 3668 5024 natura

2009 5054 2350 5113 communis
2370 5055 2505 5125 est),
2531 5052 2637 5108 sed
2663 5053 2999 5109 secundum
3016 5053 3497 5111 distributionem
3524 5059 3668 5113 tem-

2008 5145 2412 5218 perationum,
2444 5146 2659 5199 natura
2686 5146 2919 5199 tantum
2945 5143 3353 5216 principatum
3401 5150 3667 5213 gerente.

2009 5240 2159 5293 Nam
2190 5233 2576 5289 conferuntur
2600 5233 3063 5305 temperationes
3092 5238 3158 5289 ut
3191 5234 3581 5307 particulares
3598 5252 3669 5291 eo

2009 5325 2175 5399 quod
2215 5322 2565 5396 temperatio
2594 5338 2732 5378 cum
2764 5322 2891 5378 aliis
2938 5324 3473 5395 temperationibus
3504 5340 3669 5381 com-

2010 5416 2268 5489 ponitur,
2295 5413 2794 5486 quandoquidem
2823 5416 2878 5468 et
2898 5413 3043 5485 ipsa;
3078 5417 3219 5470 sunt
3249 5415 3669 5486 particulares,

2014 5510 2227 5563 Verum
2255 5519 2378 5559 non
2412 5503 2609 5559 omnis
2641 5504 2993 5576 temperatio
3025 5520 3164 5559 cum
3217 5504 3384 5560 omni
3437 5510 3670 5579 tempe-

2011 5597 2259 5653 ratione.
2297 5596 2445 5649 Nam
2475 5593 2639 5665 quod
2668 5593 2967 5648 musicum
3004 5598 3092 5650 est
3116 5594 3177 5649 in
3229 5598 3465 5666 natura,
3520 5601 3673 5652 esset

2012 5700 2256 5761 quoque
2284 5682 3091 5744 coriariuminnaturazesto
3129 5683 3309 5757 igitur
3351 5686 3673 5745 coriarium
