4444 6452
799 422 925 473 1271

2310 410 2666 504 ΑΒΒΕΝΒξ.

4062 423 4198 474 1272

821 548 1070 603 ωσαύτως
1100 548 1189 593 καὶ
1247 542 1312 591 τα
1359 541 1494 610 ἑξῆς,
1551 541 1579 597 ἡ
1623 545 1711 590 καὶ
1744 549 1816 609 τω
1850 548 2037 612 στερεῴ
2077 539 2119 590 εί
2168 536 2225 588 ού
2283 539 2419 587 κατά
2473 537 2521 587 Α
2576 542 2641 588 τὰ
2690 541 2837 611 ἕτερα
2886 548 3016 615 μέρη
3058 552 3149 596 τοῦ
3206 542 3368 595 κύϐου
3423 542 3627 594 εὐθειῶν
3679 552 3934 616 γραμμῶν
3983 544 4177 596 εὐθεῖαι

821 636 973 703 φύσιν
1031 637 1182 702 μονον
1238 631 1467 681 ἐνούνται
1530 632 1591 679 τὰ
1640 629 1799 679 αὐτου
1875 634 2093 699 πέρατα,
2155 626 2281 677 ἀλλὰ
2328 630 2417 676 καὶ

818 725 953 772 κατὰ
1004 727 1194 792 κρασιν
1229 742 1239 752 ·
1274 722 1303 777 η
1363 721 1464 791 γὰρ
1495 727 1585 769 τον
1640 716 1798 768 κύϐου
1834 722 2082 788 συνέχεια
2144 718 2277 767 κατὰ
2328 718 2416 786 μὲν

819 830 909 870 τας
952 808 1239 880 ἐπιφανείας
1262 808 1320 859 ού
1354 812 1571 879 φυσικὴ,
1605 807 1718 858 κατ’
1752 805 1971 879 ἀριθμὸν
2018 802 2076 857 δὲ
2109 802 2418 857 συνδέδεται

819 906 1075 969 φυσικῶς,

887 988 955 1055 γ’.
1044 989 1255 1044 Τεύητω
1334 993 1455 1057 γοῦν
1530 986 1644 1046 ἑξὰς
1695 985 1742 1036 ἐν
1800 986 1959 1055 αύτῷ,
2025 987 2274 1045 ὡσαύτως
2328 990 2417 1035 καὶ

819 1073 1029 1146 ὀγδοὰς,
1075 1080 1205 1127 ἔστω
1260 1072 1317 1126 δὲ
1365 1081 1452 1126 καὶ
1487 1083 1698 1146 σημεῖον
1740 1076 1810 1135 εἰς
1839 1074 1864 1125 6
1914 1074 2175 1146 ἀφορῶσιν
2214 1074 2417 1125 ἅπασαι

817 1168 1152 1236 αίγραριμαὶ,
1187 1166 1323 1215 αἵτε
1356 1162 1455 1214 ἀπὸ
1499 1170 1600 1213 τῶν
1640 1163 1874 1228 κλίσεων,
1930 1170 2019 1214 καὶ
2050 1165 2103 1214 αὶ
2158 1161 2257 1214 ἀπὸ
2317 1170 2416 1213 τῶν

814 1256 940 1304 ἴσων
965 1262 1219 1325 γραμμῶν
1262 1274 1272 1284 ·
1309 1251 1530 1322 ἀχθήτω
1588 1250 1687 1303 ἀπὸ
1741 1260 1831 1311 τῆς
1889 1272 1921 1302 α
1976 1252 2191 1312 κλίσεως
2249 1251 2417 1303 εὐθεῖα

813 1348 1032 1413 γραμμὴ
1077 1342 1145 1403 εἰς
1179 1346 1236 1392 τὸ
1269 1340 1303 1413 β
1339 1349 1575 1412 σημεῖον,
1613 1345 1862 1402 ωσαύτως
1903 1346 1991 1392 καὶ
2045 1342 2191 1415 ἑτέρα
2244 1342 2416 1393 εύθεία

812 1436 1028 1504 γραμμὴ
1100 1430 1200 1482 απὸ
1284 1440 1381 1481 τῶν
1432 1429 1479 1481 ἐν
1534 1438 1594 1501 τῇ
1649 1430 1779 1486 αύτῆ
1842 1429 2109 1501 ἐπιφανείᾳ
2179 1430 2411 1497 κλίσεων,

814 1524 976 1589 ἤγουν
1016 1528 1106 1579 τῆς
1134 1540 1167 1589 7
1201 1539 1221 1571 ε
1252 1520 1284 1579 ζ
1313 1518 1396 1570 ἐπὶ
1425 1522 1483 1569 τὸ
1515 1519 1640 1569 αὐτὸ
1692 1518 1727 1590 β
1763 1526 1976 1590 σημεῖον
2044 1541 2055 1552 ο
2119 1523 2253 1571 κατά
2328 1524 2414 1573 τὸν

814 1609 969 1659 αὑτὸν
1043 1608 1192 1678 λόγον
1272 1607 1594 1678 ἀχθήτωσαν
1675 1613 1763 1659 καὶ
1819 1606 1873 1659 ἐκ
1927 1616 2028 1659 τῶν
2094 1609 2270 1681 ἐτέρων
2324 1618 2414 1661 τοῦ

812 1696 973 1748 κύϐου
1028 1706 1192 1771 μερῶν
1257 1697 1451 1748 εύθεῖαι
1515 1702 1758 1769 γραμμαὶ
1805 1701 1932 1769 πρὸς
1976 1700 2033 1747 τὸ
2082 1696 2117 1767 β
2177 1706 2413 1769 σημεῖον,

813 1784 1256 1857 ἀριθμηθητωσαν
1338 1788 1392 1836 αἱ
1456 1789 1693 1856 γραμμαὶ
1768 1792 1935 1836 πᾶσαι
1983 1791 2071 1837 καὶ
2122 1789 2415 1844 συντεθήτω

810 1879 1027 1936 ταύταις
1108 1882 1196 1926 καὶ
1277 1878 1333 1925 τὸ
1413 1882 1625 1945 σημεῖον
1705 1880 1795 1925 καὶ
1866 1881 2155 1932 ποιήσουσι
2228 1876 2413 1928 κύκλον

812 1962 1065 2035 ἐξανάγκη
1079 1984 1099 2024 ς

810 2057 868 2104 τὸ
920 2051 955 2125 β
1013 2060 1225 2125 σημεῖον
1270 2052 1441 2103 εὐθεῖα
1487 2056 1727 2125 γραμμὴ,
1786 2053 2037 2113 ὡσαύτως
2090 2052 2412 2124 ἀχθητωσαν

1154 1984 1166 1996 ·
1208 1962 1361 2015 πάλιν
1394 1962 1614 2033 ἀχθήτω
1664 1960 1765 2013 ἀπὸ
1808 1971 1895 2023 τῆς
1954 1983 1983 2013 κ
2034 1973 2280 2037 ’γραμμῆς
2333 1963 2414 2015 ἐπὶ

809 2148 899 2193 καὶ
938 2144 1106 2213 ἕτεραι
1150 2145 1392 2212 γραμμαὶ
1456 2140 1650 2192 εὐθεῖαι
1716 2142 1817 2192 ἀπὸ
1865 2142 1964 2192 τῶν
2030 2142 2079 2193 ἐν
2141 2151 2213 2212 τῷ
2270 2143 2410 2212 αύτῷ

809 2236 952 2304 μέρει
992 2231 1197 2283 εὐθειῶν
1254 2239 1508 2303 γραμμῶν
1549 2239 1703 2302 τριῶν
1764 2240 1854 2290 τῆς
1903 2230 1952 2298 λ,
2000 2252 2057 2302 μ,
2118 2253 2165 2299 ν,
2219 2232 2302 2284 ἐπὶ
2350 2236 2408 2284 τὸ

811 2319 847 2392 β
882 2328 1114 2392 σημεῖον,
1148 2319 1366 2391 Ὁμοίως
1403 2327 1529 2389 γοῦν
1570 2318 1892 2389 ἀχθητωσαν
1952 2326 2038 2371 καὶ
2092 2319 2145 2371 ἐκ
2202 2330 2300 2371 τῶν
2339 2322 2408 2383 εἰς

778 2500 1075 2554 musicum
1107 2505 1249 2568 gaut
1275 2498 1335 2552 id
1357 2498 1521 2568 quod
1549 2504 1640 2553 est
1664 2497 2047 2569 philosophia
2099 2500 2159 2553 in
2199 2505 2433 2568 natura,

778 2594 903 2642 esto
935 2587 1132 2659 poesis
1158 2587 1217 2642 in
1246 2592 1461 2641 natura
1500 2604 1511 2640 :
1547 2592 1671 2642 esto
1719 2587 1899 2656 igitur
1953 2588 2290 2643 Aristoteles
2328 2592 2436 2644 Ho-

781 2695 981 2733 merus
1014 2697 1028 2747 ;
1063 2683 1165 2733 aut
1185 2677 1351 2749 quod
1383 2683 1474 2732 est
1498 2683 1698 2732 motus
1718 2677 1777 2732 in
1799 2678 2222 2749 natura,quies
2252 2679 2310 2733 in
2335 2694 2436 2734 na-

780 2775 934 2833 tura,
975 2773 1102 2822 esto
1137 2767 1314 2835 igitur
1342 2766 1512 2838 quies
1554 2772 1772 2821 motus.
1805 2769 1936 2821 Hzec
1967 2774 2166 2822 autem
2196 2767 2437 2823 ﬁerine-

774 2863 1022 2930 queunt.
1039 2861 1179 2912 Nam
1193 2855 1465 2911 absolute
1478 2856 1929 2928 temperationes
1944 2858 2095 2911 uniri
2111 2856 2435 2912 absurdum

775 2954 889 3003 est.
925 2952 997 3003 At
1012 2946 1347 3002 secundum
1372 2946 1766 3017 proprietates
1788 2946 1903 3001 hoc
1924 2946 2053 3001 ﬁeri
2108 2948 2425 3018 reperitur.

775 3040 923 3093 Nam
947 3052 1135 3091 unum
1167 3034 1411 3090 uniendi
1438 3034 1679 3089 alterius
1703 3035 1825 3089 vim
1865 3035 2065 3101 habet,
2115 3041 2178 3091 ut
2225 3036 2432 3092 album

773 3132 830 3181 et
871 3126 1122 3183 llavum.
1155 3131 1211 3179 et
1239 3124 1405 3196 quod
1432 3128 1522 3178 est
1571 3124 1869 3178 musicum
1899 3130 1985 3179 est
2010 3130 2328 3194 cognatum
2383 3126 2433 3180 ei
2466 3150 2505 3203 ρ

772 3215 937 3285 quod
965 3219 1052 3269 est
1081 3212 1477 3278 numerabile,
1515 3217 1571 3267 et
1600 3212 1988 3283 philosophia
2018 3212 2353 3283 theologiae,
2379 3221 2436 3270 et

771 3303 1006 3374 poetica
1036 3301 1147 3357 arti
1172 3300 1430 3356 dicendi.
1464 3306 1520 3356 et
1557 3300 1957 3373 tranquillitas
2002 3303 2430 3372 temperantiae,

773 3390 1407 3447 etfortitndinimotus.
1429 3389 1777 3461 Eodemque
1803 3390 1985 3445 modo
1998 3389 2141 3445 fullo
2156 3391 2431 3457 coriario,

772 3488 830 3537 et
855 3481 982 3537 aliis
1013 3480 1129 3535 alia
1178 3485 1421 3551 propter
1481 3479 1905 3551 proprietatem
1961 3485 2103 3535 sunt
2154 3487 2429 3550 cognata.

841 3574 900 3624 2.
938 3576 1127 3635 Quare
1154 3568 1277 3623 duo
1306 3575 1444 3623 sunt
1484 3568 1650 3623 modi
1693 3568 1959 3637 uniendi,
2024 3584 2182 3623 unus
2220 3569 2325 3640 qui
2348 3576 2436 3628 est

774 3652 1107 3705 secundum
1128 3656 1424 3718 naturam,
1452 3648 1597 3704 alter
1619 3649 1723 3719 qui
1746 3655 1834 3703 est
1858 3650 2192 3704 secundum
2204 3654 2434 3721 tempe-

770 3740 1084 3796 rationem.
1127 3742 1278 3793 Nam
1312 3738 1985 3793 omniacommunicant
2014 3739 2169 3794 inter
2207 3755 2271 3793 se
2292 3755 2433 3794 cum

770 3834 1150 3894 revocantur,
1184 3832 1287 3882 aut
1308 3827 1387 3881 ad
1417 3826 1794 3898 qualitatem,
1828 3832 1933 3881 aut
1958 3829 2036 3881 ad
2089 3828 2429 3893 essentiam,

773 3924 876 3973 aut
904 3917 980 3973 ad
1010 3916 1291 3983 formam,
1325 3921 1428 3971 aut
1459 3915 1537 3970 ad
1564 3921 1867 3984 naturam,
1900 3916 2081 3987 idque
2129 3917 2433 3988 praecipue

772 4015 952 4079 atque
984 4007 1275 4060 universe.
1324 4010 1394 4060 At
1451 4004 1787 4060 secundum
1840 4006 2231 4077 proprietates
2288 4006 2435 4062 alter

772 4106 859 4154 est
880 4096 1099 4152 modus
1153 4114 1164 4157 ;
1211 4111 1408 4166 neque
1449 4096 1609 4149 enim
1660 4095 1753 4150 hic
1815 4096 1944 4151 unit
1995 4096 2345 4151 naturaliter
2378 4103 2436 4153 et

772 4187 1067 4249 universe,
1133 4185 1238 4239 sed
1309 4184 1747 4255 particulariter
1799 4190 1856 4239 et
1924 4185 2187 4257 proprie,
2236 4201 2433 4257 neque

770 4281 1069 4347 quatenus
1095 4273 1372 4344 qualitas,
1409 4278 1512 4327 aut
1532 4279 1835 4344 quatenus
1851 4275 2132 4343 essentia,
2160 4280 2264 4330 aut
2280 4290 2431 4346 qua-

773 4370 946 4419 tenus
959 4363 1586 4432 forma,autquatenus
1604 4362 1850 4416 materia
1864 4363 2120 4431 unit,sed
2134 4368 2432 4434 quatenus

772 4452 997 4523 aliquid
1029 4468 1168 4506 cum
1192 4450 1395 4521 aliquo
1421 4452 1824 4521 componitur.
1868 4453 2227 4523 Quanquam
2250 4454 2429 4507 etiam

772 4542 1067 4598 elementa
1101 4540 1329 4595 ratione
1359 4548 1587 4594 naturae
1620 4540 1769 4595 inter
1790 4557 1851 4595 se
1879 4542 2348 4607 communicant,
2375 4546 2431 4596 et

772 4647 1066 4704 aquanon
1082 4629 2132 4697 interimitignem,necinterimitalia
2148 4648 2283 4703 qua;
2306 4646 2428 4686 non

772 4721 972 4791 suntej
984 4720 1187 4775 usdem
1204 4718 1499 4774 modi.Sed
1512 4735 1641 4773 cum
1654 4735 1793 4790 pars
1807 4736 1981 4792 aqua:
1994 4720 2428 4790 obruitpartem

771 4811 1096 4881 ignis,tunc
1111 4824 1250 4880 pars
1267 4807 1362 4863 illa
1376 4825 1452 4880 aq
1463 4824 1551 4863 uae
1563 4809 1833 4864 interimit
1847 4816 2069 4881 partem
2085 4809 2242 4866 illam
2255 4811 2427 4878 ignis;

770 4899 1072 4955 contraria
1082 4898 1231 4953 enim
1246 4898 1556 4953 contrariis
1570 4898 2270 4956 interimuntur.Fitetiam
2286 4915 2432 4955 non-

769 5004 1085 5060 nunquam
1101 4988 1509 5059 utpharmaca
1521 4988 2200 5060 propterproprietatem
2222 5005 2429 5060 corpo-

767 5095 902 5134 rum
917 5085 974 5132 et
989 5076 1494 5149 temperationum
1509 5078 1963 5133 communicent
1978 5078 2131 5132 inter
2144 5094 2206 5133 se
2220 5085 2276 5132 et
2288 5094 2430 5150 pro-

768 5167 1341 5238 sint,nonnunquam
1356 5166 1524 5221 etiam
1540 5166 2132 5238 interimantpropter
2144 5167 2429 5222 diversam

765 5258 1041 5328 ipsorum
1068 5257 1222 5312 inter
1250 5272 1311 5311 se
1333 5256 1778 5328 proprietatem.
1841 5256 2117 5311 Similiter
2156 5258 2338 5313 etiam
2370 5258 2429 5312 in

765 5346 1021 5402 metallis
1060 5345 1528 5401 communicatio
1559 5346 1870 5417 reperitur,
1894 5346 1952 5400 in
1978 5345 2107 5401 aliis
2154 5362 2297 5401 vero
2311 5346 2425 5400 dis-

764 5438 1091 5510 crepantia.
1119 5436 1292 5502 Quod
1338 5441 1494 5492 certe
1551 5452 1672 5491 non
1727 5441 1817 5492 est
1854 5452 2101 5506 novum,
2148 5438 2421 5509 quando-

762 5528 1012 5600 quidem
1038 5526 2150 5599 necinlineapunctaomniaomnibus
2185 5527 2422 5599 punctis

2473 1882 2517 1934 B
2574 1876 2645 1935 εἰς
2724 1875 2908 1926 κύκλον

2574 635 2816 700 γραμμαὶ
2842 632 2927 684 ἐπὶ
2962 637 3020 685 τὸ
3053 632 3088 704 β
3146 640 3379 704 σημεῖον,
3442 630 3888 703 ἀριθμηθὴτωσαν
3935 638 4025 683 καὶ
4084 632 4178 683 αὗ·-

2576 734 2662 767 ται
2710 725 2881 771 πᾶσαι
2939 728 3028 773 καὶ
3092 723 3387 778 συντεθητω
3422 724 3636 781 ταύταις
3683 724 3772 771 καὶ
3823 724 3879 771 τὸ
3940 729 4178 791 σημεῖον,

2575 810 2665 856 καὶ
2750 814 3075 867 πονήσουσιν
3138 810 3190 873 ἐξ
3254 808 3481 879 ἀνάγκης
3562 813 3649 859 καὶ
3721 804 3877 860 αὗται
3970 808 4177 862 κύκλον.

2576 893 2719 948 Ἐπεὶ
2745 894 2803 949 δὲ
2831 897 2884 949 ἐκ
2913 901 3118 951 πάντων
3157 908 3257 950 τῶν
3296 907 3388 950 του
3420 897 3580 949 κύϐου
3620 906 3785 970 μερῶν
3839 900 3894 949 αἱ
3947 902 4075 971 πρὸς
4122 903 4182 949 τὸ

2579 983 2613 1054 β
2647 994 2859 1057 σημεῖον
2915 988 3106 1040 εύθεῖαι
3146 990 3386 1060 γραμμαὶ
3440 990 3533 1038 σύν
3575 995 3646 1057 τῷ
3674 991 3873 1058 σημείῳ
3904 986 3977 1047 εἰς
4038 985 4181 1037 ἀπα-

2575 1076 2827 1146 ρίθμησιν
2900 1077 3150 1136 κυκλικὴν
3222 1076 3579 1147 ἀναφέρονται,
3658 1078 3799 1126 ἔστιν
3871 1076 3975 1148 ἄρα
4044 1078 4181 1126 κατά

2575 1162 2793 1237 ἀριθμὸν
2834 1165 2905 1226 εἰς
2934 1170 3021 1217 τὸν
3076 1165 3231 1218 κύϐον
3285 1169 3480 1236 φυσικὴ
3543 1168 3790 1234 συνέχεια
3840 1172 3938 1215 τῶν
3986 1172 4175 1235 μερῶν,

2571 1255 2835 1324 Τμηθήτω
2903 1263 3028 1324 ’γοῦν
3100 1260 3189 1306 καὶ
3253 1254 3325 1315 εἰς
3403 1253 3699 1323 ἐπιφανείας
3753 1255 3778 1303 6
3843 1252 4023 1315 κύϐος,
4088 1257 4180 1303 καὶ

2574 1344 2707 1392 ἔστω
2790 1342 2906 1404 ἑξὰς
2962 1345 2992 1400 ἡ
3071 1339 3314 1404 ἐπίπεδος
3372 1341 3661 1413 ἐπιφάνεια,
3738 1346 3828 1393 καὶ
3879 1340 4176 1392 πολλαπλα-

2576 1431 2850 1487 σιασθητω
2908 1432 2932 1481 6
2989 1429 3205 1505 ἀριθμὸς
3252 1434 3341 1481 καὶ
3382 1430 3535 1481 πάλιν
3573 1429 3735 1481 πολλά
3789 1429 4178 1485 πλασιασθήτω

2574 1519 2741 1582 οὗτος,
2772 1524 2861 1571 καὶ
2889 1522 3223 1593 εὑρεθήσεται
3256 1523 3323 1580 ὼς
3350 1521 3375 1570 6
3408 1538 3441 1569 α
3489 1522 3618 1591 πρὸς
3647 1521 3733 1569 τὸν
3767 1516 3824 1590 β,
3885 1519 3911 1568 6
3958 1516 3993 1589 β
4045 1520 4179 1590 πρὸς

2573 1611 2660 1658 τὸν
2712 1628 2745 1678 γ
2790 1630 2801 1641 ο
2865 1610 3194 1681 εὑρίσκονται
3279 1609 3383 1680 ἄρα
3441 1612 3532 1658 καὶ
3589 1606 3705 1658 κατ’
3756 1605 4054 1677 ἐπιφανείας
4108 1605 4180 1665 εἰς

2575 1696 2937 1771 ἀπαρίθμησιν
2968 1698 3217 1755 κυκλικὴν
3269 1704 3467 1767 συνεχῆ
3501 1698 3566 1747 τὰ
3615 1698 3744 1768 μέρη
3808 1699 3989 1748 αὐτοῦ.
4039 1695 4180 1747 Ἐπεὶ

2575 1783 2633 1838 δὲ
2689 1789 2742 1837 αἰ
2790 1789 2926 1838 κατὰ
2967 1790 3161 1848 παντὸς
3216 1790 3401 1859 μέρους
3454 1785 3613 1836 αὑτοῦ
3669 1784 3913 1856 ἁρμονίαι
3970 1783 4180 1856 ἀριθμῷ

3375 1875 3400 1924 6
3475 1869 3535 1924 δὲ
3599 1872 3781 1933 κύκλος
3832 1881 3933 1923 τῶν
4014 1872 4180 1925 ἄλλων

2575 1967 2867 2036 σχημάτων
2922 1970 3273 2038 φυσικῶτερος
3352 1968 3443 2015 καὶ
3497 1958 3914 2034 μονοειδέστερος
3968 1967 4059 2014 καὶ
4120 1962 4180 2014 ού

2571 2058 2755 2126 μικτὸς
2784 2057 2873 2105 καὶ
2904 2053 3097 2113 ἁπλοῦς
3148 2058 3237 2104 καὶ
3268 2051 3321 2104 ἐκ
3378 2060 3543 2125 μερῶν
3599 2051 3658 2103 ού
3709 2050 3930 2114 πολλῶν,
3976 2050 4178 2123 ἀνάγκη

2569 2149 2717 2196 πᾶσα
2787 2142 2901 2194 κατ’
2960 2141 3179 2215 ἀριθμὸν
3251 2147 3477 2213 φυσικὴν
3524 2148 3653 2192 νοεῖν
3725 2145 3817 2198 τὴν
3874 2148 3967 2192 τοῦ
4016 2140 4179 2193 κύϐου

2999 1873 3298 1945 ἀνάγονται,

2571 2236 2867 2303 συνέχειαν,
2897 2230 3004 2284 ἐπεὶ
3033 2231 3101 2292 εἰς
3121 2230 3339 2291 κύκλους
3372 2229 3635 2300 ἀνάγεται.

2620 2318 2692 2377 δ’.
2734 2322 3065 2393 Θεωρηθητω
3093 2326 3218 2389 ’γοῦν
3251 2325 3342 2372 καὶ
3374 2321 3512 2371 κατὰ
3559 2325 3798 2390 συνεχεῖς
3857 2316 4175 2390 ἐπιφανείας,

2546 2500 2835 2555 uniuntur
2862 2514 2969 2571 per
2986 2498 3514 2554 continuationem.
3534 2500 3684 2553 Nam
3712 2497 3981 2568 primum
4033 2497 4207 2553 tertio

2544 2605 2667 2644 non
2725 2589 2945 2657 unitur,
2997 2588 3111 2643 nisi
3168 2603 3275 2659 per
3318 2587 3700 2655 secundum;
3752 2586 3969 2642 eodem
4018 2587 4207 2642 modo

2545 2679 2725 2734 etiam
2752 2678 3002 2749 reliqua,
3021 2683 3085 2732 ut
3109 2677 3287 2732 etiam
3316 2677 3374 2731 in
3389 2675 3603 2739 solido,
3631 2675 3933 2748 siquidem
3969 2691 4093 2731 non
4119 2692 4206 2730 se-

2545 2767 2809 2822 cundum
2832 2772 3111 2822 naturam
3131 2766 3422 2821 duntaxat
3436 2765 3625 2837 ipsius
3641 2765 3877 2820 termini
3894 2765 4203 2837 uniuntur,

2543 2871 2750 2910 verum
2773 2856 2953 2911 etiam
2983 2854 3319 2909 secundum
3349 2854 3864 2924 temperationem.
3885 2856 4035 2910 Nam
4064 2853 4210 2910 cubi

2545 2945 2936 3014 continuatio,
2969 2943 3179 3000 habita
3207 2944 3437 2998 ratione
3461 2942 3939 3014 superﬁcierum,
3971 2958 4098 2998 non
4119 2948 4209 2998 est

2543 3032 2856 3097 naturalis,
2875 3032 2981 3088 sed
2992 3032 3285 3088 beneﬁcio
3306 3032 3543 3087 numeri
3563 3031 3816 3087 vincitur
3827 3031 4204 3087 naturaliter.

2616 3129 2672 3179 3.
2713 3126 2971 3179 Ponatur
3003 3122 3181 3192 igitur
3198 3121 3543 3177 senariusin
3575 3121 3754 3186 cubo,
3783 3121 3999 3177 eodem
4018 3121 4206 3177 modo

2542 3214 2890 3269 octonarius
2919 3214 3019 3281 (1).
3046 3213 3185 3266 Esto
3211 3226 3351 3266 vero
3381 3210 3562 3266 etiam
3589 3216 3886 3281 punctum
3934 3210 4011 3265 ad
4035 3210 4205 3283 quod

2543 3300 2874 3356 referantur
2890 3298 3299 3365 omneslineae,
3318 3304 3437 3354 tam
3452 3313 3587 3370 qua:
3599 3298 3677 3353 ab
3712 3298 4203 3354 inclinationibus

2544 3389 3131 3461 angulorum,quam
3155 3403 3292 3456 quae
3319 3387 3397 3443 ab
3410 3387 3748 3459 aequalibus
3771 3386 3944 3443 lineis
3972 3386 4208 3444 ducun-

2544 3483 2657 3533 tur.
2684 3478 2945 3534 Ducatur
2974 3477 3052 3533 ab
3074 3493 3113 3533 a
3140 3476 3541 3532 inclinationis
3591 3476 3816 3546 angulo
3854 3476 4014 3532 linea
4039 3482 4208 3532 recte.

2543 3566 2602 3620 in
2634 3568 2668 3621 b
2700 3571 3012 3637 punctum,
3055 3565 3269 3620 eodem
3327 3564 3513 3620 modo
3538 3563 3668 3619 aliae
3706 3570 3882 3619 rectas
3924 3564 4100 3619 lineae
4127 3565 4209 3619 ab

2544 3654 2675 3711 aliis
2697 3654 3097 3709 inclinationis
3123 3653 3359 3722 angulis
3392 3668 3529 3725 quea
3586 3659 3727 3707 sunt
3770 3653 3833 3708 in
3863 3652 4205 3725 superﬁcie,

2545 3758 2763 3815 nempe
2790 3742 2870 3798 ab
2898 3758 2929 3799 ο
2960 3758 2991 3799 e
3014 3742 3131 3812 fin
3160 3742 3323 3797 idem
3336 3748 3630 3814 punctum
3658 3741 3711 3796 ὁ.
3737 3741 3960 3797 Eadem
3975 3742 4211 3797 ratione

2544 3834 2841 3889 ducantur
2861 3832 2993 3888 alia:
3026 3830 3482 3887 rectaelineaaab
3499 3831 3631 3886 aliis
3671 3831 3808 3886 cubi
3851 3830 4129 3903 partibus
4147 3832 4212 3886 in

2545 3928 2837 3995 punctum
2872 3922 2925 3977 ὁ.
2960 3919 3764 3977 Numerenturomneslinem
3801 3926 3858 3975 et
3892 3937 4031 3976 cum
4048 3921 4201 3993 ipsis

2542 4018 2836 4084 punctum
2865 4011 3046 4066 etiam
3069 4015 3633 4081 componatur,sane
3652 4010 3993 4065 necessario
4010 4011 4204 4065 circu-

2541 4100 2669 4155 lum
2688 4098 3195 4156 eﬁicient.Rursus
3216 4098 3643 4154 ducaturlinea
3660 4104 3821 4154 recta
3842 4114 3878 4153 a
3898 4098 4059 4155 linea
4077 4102 4117 4155 k
4143 4102 4207 4156 in

2542 4194 2834 4262 punctum
2851 4190 2902 4244 ὁ.
2924 4188 3143 4243 Eodem
3158 4187 3341 4243 modo
3354 4187 3654 4243 ducantur
3667 4189 3849 4242 etiam
3888 4188 4021 4243 aliae
4034 4196 4213 4245 rectae

2542 4279 2715 4333 lineae
2755 4296 2787 4333 a
2836 4278 3026 4333 tribus
3080 4277 3251 4332 lineis
3290 4277 3465 4332 rectis
3516 4293 3653 4348 quae
3696 4283 3834 4332 sunt
3898 4278 3961 4332 in
3988 4277 4209 4335 eadem

2542 4374 2732 4438 parte,
2764 4383 2985 4439 nempe
3010 4367 3089 4422 ab
3125 4368 3223 4422 lm
3253 4381 3294 4420 η
3325 4366 3384 4420 in
3398 4373 3693 4437 punctum
3714 4367 3768 4421 ὁ.
3806 4367 4210 4424 Consimiliter

2540 4456 2720 4524 igitur
2748 4472 2785 4511 a
2822 4456 3066 4528 reliquis
3094 4454 3265 4510 lineis
3316 4454 3683 4527 reliquarum
3754 4455 3892 4510 cubi
3936 4458 4207 4527 partium

2541 4546 2715 4600 lineae
2742 4550 2915 4600 rectm
2939 4544 3239 4600 ducantur
3263 4543 3324 4598 in
3366 4543 3399 4598 ὁ
3444 4550 3758 4615 punctum.
3803 4547 4208 4602 Numerantur

2542 4634 2721 4690 etiam
2776 4633 2870 4689 hae
2900 4650 3113 4689 omnes
3149 4638 3207 4689 et
3262 4649 3396 4688 cum
3443 4633 3537 4688 his
3566 4638 3860 4705 punctum
3919 4640 4204 4706 ponatur,

2541 4723 2882 4778 necessario
2946 4738 3191 4794 quoque
3308 4721 3600 4777 circulum
3686 4721 3961 4778 eﬂicient.
4051 4726 4207 4780 Cum

2541 4814 2721 4883 igitur
2751 4814 2830 4869 ab
2858 4813 3145 4869 omnibus
3171 4812 3311 4867 cubi
3341 4812 3614 4882 partibus
3638 4812 3812 4868 lineae
3842 4812 4040 4870 ductae
4081 4816 4146 4870 in
4173 4816 4210 4871 ὁ

2543 4908 2836 4974 punctum
2860 4901 3194 4957 referantur
3216 4900 3294 4956 ad
3329 4900 3684 4957 circularem
3697 4903 4207 4970 numerationem,

2546 4993 2818 5064 sequitur
2831 5007 2961 5046 esse
2973 4991 3033 5045 in
3047 4990 3224 5057 cubo,
3240 4995 3487 5061 propter
3497 5005 3845 5050 numerum.
3859 4991 4208 5048 naturalem

2543 5080 2806 5152 partium
2838 5080 3373 5135 continuationem.
3405 5080 3645 5134 Secetur
3673 5078 3853 5134 etiam
3919 5079 4117 5135 cubus
4145 5081 4211 5136 in

2543 5169 2914 5242 superﬁcies,
2959 5174 3013 5223 et
3081 5174 3206 5223 esto
3270 5168 3545 5223 senarius
3600 5166 3784 5239 plana
3829 5168 4211 5240 superﬁcies,

2542 5258 3089 5329 multipliceturque
3117 5272 3429 5325 numerus,
3487 5273 3699 5312 rursus
3729 5258 3831 5329 qui
3856 5258 3996 5314 inde
4014 5258 4215 5315 factus

2544 5354 2632 5403 est
2650 5346 3096 5418 multiplicetur,
3126 5346 3377 5402 tandem
3406 5347 3772 5418 reperiemus
3794 5353 3857 5402 ut
3912 5362 4214 5404 numerus

2545 5453 2583 5493 a
2618 5438 2693 5493 ad
2726 5438 2833 5493 bse
2855 5436 3291 5501 habet,itabad
3309 5454 3347 5507 g
3372 5452 3436 5492 se
3488 5436 3734 5492 habere.
3786 5438 4216 5509 Comperimus

2543 5528 2725 5597 igitur
2771 5526 3283 5582 continuationem
3374 5526 3628 5598 partium
3676 5525 3815 5581 cubi
3866 5526 4072 5583 referri
4132 5530 4212 5585 ad

833 5674 909 5741 (1)
932 5675 1156 5743 Nempe
1187 5671 1381 5743 sexies
1407 5685 1506 5725 sex
1541 5670 1754 5743 sexies,
1783 5675 1886 5725 aut
1913 5671 2097 5727 octies
2140 5679 2275 5727 octo
2300 5671 2503 5741 octies,
2535 5671 2616 5727 ita
2654 5678 2717 5730 ut
2756 5669 3028 5727 senarius
3053 5675 3159 5726 aut
3186 5670 3530 5727 octonarius
3578 5668 3652 5726 sit
3690 5684 3850 5725 unus
3907 5685 3984 5726 ex
4013 5671 4215 5728 tribus

758 5745 1030 5817 numeris
1060 5742 1133 5799 ex
1163 5742 1385 5815 quibus
1418 5742 1690 5798 senarius
1715 5748 1968 5799 constat.
