4444 6452
320 388 450 443 12⁵73

1181 388 1532 443 THEODORI
1563 390 1609 442 ΙΙ
1651 386 1789 442 1MP.
1821 388 1911 442 DE
1942 384 2397 443 COMMUNIONE
2429 380 2781 443 NATURALI

3520 389 3654 443 1274

315 511 357 563 εἰ
385 512 541 563 αὐταὶ
572 513 701 583 πρὸς
740 509 891 569 αὐτὸς
930 509 1175 570 ἁλληλαις
1230 517 1503 582 συνέχειαν
1558 515 1769 581 ἔχουσι,
1818 516 1906 562 καὶ
1966 516 2007 564 Α
2067 513 2345 581 τετμσηθω
2378 508 2749 584 ἐνδεκαμερὼς,
2784 511 2941 581 ἡγουν
2974 510 3001 566 ἡ
3033 529 3064 559 α
3091 508 3181 581 βγ
3224 506 3258 560 δ
3313 528 3334 560 ε
3373 510 3422 579 ζ,
3474 517 3661 582 τετμη-

312 602 509 670 όποίαν,
539 605 627 652 καὶ
683 608 812 660 πῶς.
867 598 1041 652 Ἔστω
1097 606 1267 651 τοίνυν
1298 620 1331 651 α
1359 599 1393 671 β
1423 622 1455 670 γ
1486 597 1518 651 ὃ
1551 620 1571 652 ε
1595 601 1626 660 ζ
1647 602 1671 651 ό
1726 600 1902 661 κύϐος,

309 688 596 746 ἀπλωθὴτω
623 690 652 745 η
682 709 715 739 α
747 690 835 747 ἕως
872 696 961 748 τῆς
984 688 1226 760 ἑκατέρας
1266 688 1425 748 αὐτῆς
1486 688 1521 760 β
1568 708 1621 740 τε
1668 694 1758 739 καὶ
1812 697 1905 748 τῆς

304 798 360 848 7,
388 780 535 835 καὶὴ
572 774 607 829 ὃ
632 781 874 852 πρόςτην
902 776 938 848 β
967 796 1021 828 τε
1050 782 1139 829 καὶ
1165 784 1258 835 τὴν
1288 798 1344 848 γ,
1376 782 1464 829 καὶ
1496 778 1524 835 ἡ
1551 796 1571 829 ε
1619 782 1750 847 πρός
1811 781 1903 834 τὴν

304 862 1343 938 αβγδ,καὶήζόμοίωςπρόςτὴνα
1383 863 1541 938 βγδ
1602 888 1614 899 ·

302 962 427 1024 γοῦν
454 955 609 1007 αὗται
636 958 766 1027 πρὸς
794 957 889 1015 τὰς
910 954 1121 1019 κλίσεις,
1156 957 1211 1006 αἱ
1258 951 1316 1006 δὲ
1371 957 1533 1015 θέσεις
1558 960 1646 1007 καὶ
1700 955 1906 1017 ἐνωσεις

1676 866 1906 918 ἐνούνται

303 1044 467 1095 αὐτῶν
489 1043 823 1113 οἰκυκλικαὶ,
857 1042 1031 1117 ὥσπερ
1081 1048 1171 1095 καὶ
1225 1042 1308 1094 ἐπὶ
1360 1052 1458 1095 τῶν
1514 1045 1902 1115 ἀριθμηθεισῶν

300 1142 553 1205 γραμμῶν
596 1133 723 1185 ἀλλὰ
786 1137 1169 1204 γεγωνιωμέναι
1230 1138 1319 1185 καὶ
1376 1133 1573 1195 κλίσεις
1628 1137 1853 1204 ἔχουσαι
1887 1177 1899 1188 .

302 1222 333 1278 ἡ
367 1228 412 1275 Α
441 1224 542 1294 γὰρ
565 1221 653 1279 ὅλη
683 1223 776 1282 ἓως
801 1222 922 1283 ὅλης
944 1231 1034 1281 τῆς
1062 1229 1112 1280 Β,
1143 1228 1232 1274 καὶ
1272 1223 1402 1279 αὕτη
1481 1224 1572 1283 ἕως
1640 1221 1762 1282 ὅλης
1813 1242 1903 1281 της

306 1314 362 1375 Γ,
396 1315 484 1361 καὶ
506 1310 638 1367 αύτη
668 1311 761 1371 ἕως
788 1310 910 1370 ὅλης
940 1320 1031 1370 τῆς
1066 1319 1121 1378 Δ,
1164 1316 1252 1363 καὶ
1289 1313 1316 1367 η
1380 1317 1419 1363 Ε
1448 1312 1542 1370 ἓως
1604 1311 1728 1362 ὅλων
1802 1318 1900 1361 τῶν

306 1405 346 1450 Α
376 1404 413 1449 Β
444 1405 563 1463 ΓΔ,
606 1404 695 1450 καὶ
748 1401 777 1457 ή
840 1406 879 1451 Ζ
934 1401 1124 1470 ὁμοίως
1177 1400 1266 1459 ἕως
1320 1400 1446 1451 ὅλων
1509 1399 1673 1451 αὐτῶν
1724 1406 1761 1452 Α
1802 1406 1836 1450 Β
1867 1404 1903 1449 Γ

934 1487 981 1539 ix
1053 1491 1239 1540 τούτου
1312 1490 1393 1540 ὅτι
1466 1489 1718 1539 ἅπτονται
1788 1491 1899 1558 μὲν,

301 1574 367 1635 εἰς
397 1575 581 1636 ἑαυτὰς
608 1573 667 1628 δε
696 1573 874 1627 διόλου
930 1576 988 1628 ού
1058 1580 1365 1650 στρέφονται
1420 1576 1677 1638 κυκλικῶς
1735 1578 1900 1627 εἰτουν

302 1494 358 1540 Δ.
421 1493 661 1540 Φαίνεται
733 1495 859 1557 γοῦν
926 1489 981 1539 ἐκ
1053 1491 1239 1540 τούτου
1312 1490 1393 1540 ὅτι
1466 1489 1718 1539 ἅπτονται

298 1671 552 1734 φυσικῶς.
598 1665 959 1735 Τμηθήτωσαν
1013 1672 1139 1734 γοῦν
1203 1666 1256 1714 αἱ
1310 1663 1597 1736 ἐπιφάνειαι
1655 1661 1727 1716 δι’
1780 1664 1898 1717 ὅλου

294 1760 483 1804 τοῦτου
513 1752 675 1805 κύϐου
721 1757 953 1824 πάχους,
1010 1758 1099 1805 καὶ
1162 1754 1605 1826 συλληφθὴτωσαν
1650 1758 1792 1806 καττὰ
1840 1758 1898 1807 τὸ

297 1839 544 1911 ἀνάλογον
596 1841 773 1903 ὲξὶσου
822 1841 915 1893 ὅλα
964 1845 1029 1893 τὰ
1080 1847 1332 1913 τμήματα
1377 1864 1388 1875 ·

294 1930 325 1987 ἡ
360 1932 407 1983 Α
440 1926 720 2002 διάμετρος
748 1938 810 2002 τῇ
846 1937 904 1997 Γ,
949 1936 1038 1983 καὶ
1078 1933 1107 1989 ἡ
1157 1938 1193 1983 Β
1228 1940 1290 2003 τῇ
1335 1940 1391 2001 Δ,
1433 1939 1522 1985 καὶ
1562 1935 1591 1990 η
1636 1940 1673 1985 Ε
1707 1941 1767 2005 τῇ
1811 1940 1850 1983 Ζ
1883 1954 1895 1965 -

1448 1842 1726 1895 ἐκτέθειται
1778 1852 1899 1914 γουν

295 2022 426 2071 ἔστω
463 2022 641 2090 γοῡνη
680 2023 810 2091 μετὰ
884 2021 978 2078 τὴν
1048 2026 1088 2072 Α
1156 2028 1218 2091 Η,
1278 2026 1367 2074 καὶ
1423 2024 1453 2079 ἡ
1517 2026 1649 2094 μετὰ
1713 2028 1806 2080 τὴν
1862 2028 1900 2075 Γ

296 2117 363 2176 Θ,
391 2114 481 2161 καὶ
520 2111 549 2167 η
592 2112 723 2181 μετὰ
762 2116 854 2166 τὴν
918 2115 955 2161 Β
1022 2115 1065 2177 Ι,
1135 2116 1225 2162 καὶ
1284 2113 1313 2168 ἡ
1382 2114 1514 2183 μετὰ
1569 2117 1662 2169 τὴν
1729 2120 1764 2163 Δ
1834 2119 1896 2178 Κ,

294 2200 605 2269 καὶἠμετὰ
635 2202 793 2254 τήνΕ
836 2205 903 2263 Λ,
961 2204 1051 2249 και
1122 2201 1148 2257 i3
1212 2202 1340 2271 μετὰ
1402 2204 1498 2257 τὴν
1558 2207 1597 2251 Ζ
1671 2208 1741 2265 Μ,
1810 2207 1898 2252 καὶ

295 2286 449 2338 πάλιν
479 2288 509 2343 ἠ
544 2288 673 2358 μετά
692 2291 787 2343 τὴν
820 2293 861 2338 Η
918 2293 977 2353 Ε,
1041 2291 1131 2339 καὶ
1175 2290 1204 2345 ἠ
1266 2290 1397 2359 μετὰ
1444 2293 1538 2345 τὴν
1596 2297 1641 2341 Θ
1697 2292 1756 2358 Ξ,
1807 2295 1897 2341 καὶ

296 2377 325 2432 ἠ
382 2378 515 2446 μετὰ
555 2380 648 2433 τὴν
711 2381 731 2427 Ι
782 2382 845 2443 Ο,
906 2381 996 2427 καὶ
1052 2397 1077 2433 η
1125 2379 1253 2447 μετὰ
1300 2382 1392 2434 τὴν
1462 2384 1502 2430 Κ
1570 2385 1634 2443 Π,
1701 2384 1789 2430 καὶ
1866 2381 1894 2436 η

295 2467 540 2537 μετὰτην
598 2471 646 2518 Λ
714 2467 772 2531 Ρ,
839 2467 979 2523 καὶὴ
1050 2469 1182 2537 μετά
1242 2471 1337 2524 τὴν
1404 2474 1455 2519 M
1529 2474 1561 2519 Σ
1625 2489 1635 2500 ·

293 2561 417 2625 ’γοῦν
456 2557 485 2612 ἡ
543 2574 575 2605 α
615 2557 747 2626 πρός
800 2558 895 2612 τὴν
962 2552 996 2623 β
1053 2575 1086 2625 7
1130 2553 1445 2627 ἐπιφάνειαν,
1507 2559 1784 2629 τετμήσθω
1840 2554 1899 2609 δὲ

1700 2470 1818 2526 τεοη
1828 2488 1899 2519 τω

293 2640 667 2719 ἐνδεκαμερώς,
696 2647 942 2705 ὡσαύτως
972 2647 1120 2703 καιὴ
1183 2641 1217 2697 δ
1281 2649 1408 2719 πρὸς
1463 2652 1557 2704 τὴν
1606 2668 1639 2698 α
1681 2668 1713 2718 γ
1781 2646 1897 2699 ἐπι-

293 2735 501 2805 φάνειαν
533 2729 879 2807 ἐνδεκαμερῶς
908 2733 1127 2809 ἑκατέρα
1162 2754 1216 2787 τε
1271 2740 1362 2787 καὶ
1411 2736 1648 2811 ἑκατέρα,
1704 2738 1898 2809 ὁμοίως

262 2957 740 3013 numerationem
767 2957 1140 3024 circularem,
1162 2959 1344 3014 etiam
1366 2959 1699 3015 secundum
1717 2975 1923 3032 super-

2070 602 2177 651 σθω
2209 597 2267 651 δὲ
2298 600 2601 673 ἐννεαμερὼς
2631 601 2768 656 καιὴ
2802 619 2830 657 η
2894 601 2919 650 θ
2963 621 2979 650 ι
3023 618 3055 649 κ
3092 599 3120 648 λ
3166 619 3223 669 μ,
3274 600 3549 668 τετμήσθω
3603 595 3661 651 δὲ

2068 687 2363 760 ἐπταμερὼς
2394 709 2483 739 και
2509 692 2537 746 η
2571 689 2643 750 νξ
2675 709 2699 739 ο
2722 709 2758 740 π
2801 709 2830 760 ρ
2877 707 2928 753 σ,
2978 707 3066 738 και
3120 686 3458 744 ἑνωθήτωσαν
3512 688 3660 749 αὖθις

2066 780 2200 829 κατὰ
2229 780 2287 828 τό
2310 776 2554 829 ἀναπολιν
2582 780 2608 835 ἡ
2642 799 2665 827 ν
2692 793 2712 831 .’
2745 797 2778 828 σ
2878 776 2947 838 ξς
2984 796 3013 849 ρ
3137 795 3163 827 ο
3197 792 3217 830 .’
3264 794 3303 827 π
3434 795 3463 833 η
3485 793 3505 829 .’
3550 798 3588 847 μ

2069 867 2094 918 θ
2124 882 2147 921 .·
2172 866 2265 921 λ
2297 886 2310 915 ι
2338 882 2357 920 .’
2386 886 2418 917 κ
2532 886 2565 917 α
2590 881 2611 921 ,⁸
2640 887 2673 937 γ
2776 864 2811 937 β
2840 881 2863 921 .’
2892 861 2926 917 δ
2946 884 2991 921 ::
3022 884 3043 917 ε
3075 880 3098 920 ,·
3150 865 3201 930 ς,
3242 884 3332 915 και
3377 869 3662 922 συνέστηκε

2065 954 2216 1006 πάλιν
2247 956 2272 1005 ο
2330 956 2541 1027 τμηθεὶς
2597 954 2749 1014 κύϐος
2789 958 3090 1025 τεμνόμενος
3119 974 3131 986 ο
3188 954 3292 1027 ἄρα
3338 951 3495 1014 κύϐος
3530 955 3662 1026 εύρί-

2067 1062 2244 1095 σκεται
2264 1064 2353 1094 και
2389 1045 2747 1115 συντιθέμενος
2777 1048 2866 1094 καὶ
2897 1043 3179 1114 ἐνούμενος,
3224 1062 3312 1093 και
3364 1041 3516 1093 πάλιν
3575 1044 3662 1092 κύ-

2065 1130 2148 1191 ϐος
2174 1132 2488 1206 εὑρίσκεται.
2516 1132 2604 1192 Ὠς
2627 1136 2728 1204 ’γὰρ
2760 1135 2789 1189 ἡ
2824 1152 2857 1184 α
2888 1131 2977 1203 βγ
3001 1128 3035 1183 δ
3062 1151 3081 1183 ε
3104 1132 3135 1191 ζ
3164 1135 3289 1203 πρὸς
3319 1136 3412 1189 την
3440 1150 3469 1187 η
3515 1133 3541 1183 θ
3570 1151 3587 1181 ι
3630 1149 3661 1180 κ

2063 1219 2090 1270 λ
2128 1242 2186 1291 μ,
2214 1220 2371 1280 οὓτως
2394 1222 2421 1277 ἡ
2454 1240 2482 1276 η
2520 1223 2545 1272 θ
2570 1242 2583 1271 ι
2613 1241 2643 1272 κ
2670 1220 2697 1271 λ
2718 1242 2755 1292 μ
2776 1224 2905 1291 πρὸς
2926 1224 3018 1277 τὴν
3048 1241 3072 1270 ν
3106 1219 3178 1281 ξο
3204 1239 3243 1269 π
3271 1239 3300 1293 ρ
3344 1238 3395 1285 σ,
3447 1219 3663 1291 ἑκατέρα

2063 1316 2157 1367 τῆς
2190 1309 2432 1382 ἑκατέρας
2460 1310 2726 1381 ὑπεροχὴν
2768 1308 3011 1379 ἀνάλογον
3068 1311 3290 1379 ἔχουσα.
3348 1308 3409 1360 Εἰ
3453 1304 3511 1359 δε
3572 1327 3662 1358 και

2064 1402 2136 1457 εὶς
2165 1397 2367 1457 πλείους
2414 1400 2578 1469 τομὰς
2616 1402 2645 1455 ἦ
2691 1397 2923 1457 ἐλάττους
2986 1400 3120 1447 κατά
3174 1402 3267 1454 τὴν
3326 1397 3487 1453 αὐτὴν
3543 1394 3661 1446 ἀνα-

2062 1484 2239 1556 λογίαν
2272 1487 2343 1547 εἰς
2379 1494 2617 1557 συνεχεῖς
2659 1486 2950 1559 ἐπιφανείας
3003 1491 3176 1557 τέμνεν
3211 1504 3297 1563 τις
3355 1489 3441 1535 τόν
3506 1483 3661 1536 κύϐον

2062 1578 2391 1649 πειράσεται,
2458 1579 2524 1627 τὰ
2581 1576 2714 1626 αὐτὰ
2761 1596 2851 1626 και
2906 1575 3050 1635 οὗτος
3095 1576 3273 1648 εὑρὼν,
3330 1572 3483 1624 κύϐον
3533 1574 3661 1625 εἶναι

2062 1664 2200 1717 ἐάσει
2238 1665 2413 1719 αὐτόν.

2134 1754 2187 1809 ε’.
2222 1752 2481 1826 Ἐδείχθη
2522 1764 2647 1825 γοῦν
2698 1757 2869 1817 καθὼς
2927 1751 3035 1806 ἔδει
3087 1752 3135 1805 ἐν
3186 1762 3259 1822 τῷ
3314 1750 3457 1823 κύϐῳ
3505 1748 3658 1810 διττή

2065 1848 2332 1913 συνέχεια,
2388 1845 2414 1900 η
2471 1846 2607 1894 κατὰ
2652 1843 2836 1894 κύκλον
2894 1863 2982 1893 και
3036 1845 3066 1901 ἡ
3140 1836 3399 1913 ἐξάεδρος.
3487 1838 3662 1892 Ἐστω

2060 1940 2184 2001 γοῦν
2216 1933 2243 1989 ἡ
2280 1937 2413 1983 κατὰ
2433 1932 2619 1984 κύκλον
2659 1953 2748 1983 και
2787 1932 3051 2004 ἀριθμητή
3096 1935 3315 2003 φυσικὴ,
3358 1931 3386 1987 η
3432 1926 3490 1981 δέ
3528 1932 3664 1980 κατὰ

2060 2025 2115 2073 τό
2178 2021 2300 2074 ἄλλο
2367 2030 2559 2094 σχῆμα
2616 2025 2751 2074 κατὰ
2805 2028 2991 2097 κρᾶσιν
3048 2042 3138 2072 και
3189 2019 3330 2087 μίξιν
3383 2041 3395 2053 ·
3447 2022 3503 2070 αἶ
3558 2022 3659 2094 γὰρ

2061 2113 2269 2184 κράσεις
2351 2117 2559 2183 μικταὶ,
2652 2114 2718 2163 τὰ
2812 2108 2870 2163 δὲ
2960 2114 3319 2182 γεγωνιωμένα
3401 2114 3663 2180 σχήματα

2061 2202 2281 2271 ἔμφασιν
2345 2200 2535 2270 έχουσι
2601 2201 2816 2271 μιζεως,
2879 2196 2971 2252 διὰ
3021 2206 3171 2251 τοῦτο
3228 2202 3287 2250 τό
3340 2205 3432 2249 τοῦ
3500 2196 3660 2249 κύϐου

2062 2298 2256 2361 σχῆμα
2302 2292 2484 2341 καθότι
2544 2293 2924 2361 γεγωνιωμένον
2976 2292 3180 2361 μικτόν.
3235 2287 3295 2340 Εἰ
3345 2284 3504 2339 δ’ὄτι
3571 2306 3662 2338 και

2059 2386 2208 2429 τοῦτο
2239 2387 2335 2440 τῆς
2392 2382 2589 2451 φύσεως
2655 2399 2745 2429 και
2810 2378 2835 2429 ό
2901 2377 3086 2439 κύκλος
3142 2385 3236 2439 τῆς
3304 2380 3507 2449 φύσεως
3572 2396 3661 2427 και

2060 2476 2315 2519 κοινωνεῖν
2391 2467 2502 2519 κατ’
2578 2468 2703 2519 αύτό
2780 2467 2900 2540 sim;
2977 2463 3185 2524 δηλαδὴ
3280 2486 3362 2527 τις
3466 2464 3661 2536 στέρξω

2338 2556 2388 2609 ἐν
2452 2559 2552 2629 γὰρ
2620 2565 2681 2629 τῇ
2775 2560 2926 2628 φύσει
3002 2558 3187 2608 καθότι
3274 2563 3371 2616 τῆς
3460 2558 3660 2627 φύσεως

2061 2645 2291 2697 ἐνούνται
2319 2646 2545 2710 ἃπαντα,
2577 2654 2749 2717 ῶσπερ
2809 2666 2899 2697 και
2956 2645 3023 2705 εἰς
3064 2648 3122 2696 τό
3174 2650 3387 2716 σημεῖον
3455 2646 3510 2695 αἱ
3560 2642 3661 2695 ἀπὸ

2059 2743 2154 2795 τῆς
2217 2739 2541 2809 περιφερείας
2589 2735 2679 2786 τού
2733 2734 2924 2786 κύκλου
2993 2737 3230 2806 γραμμαὶ
3297 2732 3664 2806 εἰσερχομεναι

2061 2556 2187 2608 αύτό
2256 2578 2268 2589 ’

2032 2957 2228 3028 ipsam
2258 2973 2278 3012 ι
2303 2956 2488 3013 altera
2509 2973 2568 3026 p,
2583 2960 2719 3029 post
2742 2956 2939 3029 ipsam
2958 2958 2995 3011 k
3028 2956 3215 3012 altera
3244 2973 3302 3027 q,
3336 2960 3467 3027 post
3490 2956 3688 3026 ipsam

261 3045 453 3101 ﬁcies.
487 3046 783 3111 Quoniam
816 3052 1016 3103 autem
1033 3048 1361 3103 harmoniae
1376 3048 1636 3120 partium
1649 3049 1921 3104 omnium
1955 3064 1996 3120 (ς
2035 3047 2268 3102 [altera
2296 3064 2350 3115 ν,
2390 3052 2525 3119 post
2546 3046 2745 3118 ipsam
2775 3063 2834 3101 m
2861 3045 3043 3101 altera
3072 3062 3121 3114 s,
3151 3051 3285 3117 post
3310 3045 3509 3117 ipsam
3537 3061 3578 3099 η
3610 3043 3691 3100 al-

264 3134 403 3190 cubi
435 3143 680 3207 propter
728 3151 1049 3191 numerum
1085 3137 1163 3191 ad
1216 3137 1505 3192 circulum
1566 3137 1922 3206 referuntur,

264 3224 522 3279 circulus
533 3240 677 3279 vero
690 3225 961 3279 omnium
977 3224 1221 3280 aliarum
1235 3226 1557 3294 ﬁgurarum
1571 3234 1659 3283 est
1670 3227 1923 3282 maxime

264 3312 553 3369 naturalis
609 3314 995 3386 maximeque
1070 3314 1408 3384 uniformis,
1449 3332 1643 3387 neque
1705 3316 1925 3371 mixtus

264 3406 374 3469 est,
405 3401 511 3456 sed
552 3401 807 3473 simplex
863 3407 920 3457 et
940 3418 1011 3457 ex
1068 3403 1341 3475 partibus
1380 3419 1503 3459 non
1559 3405 1783 3475 multis,
1837 3409 1925 3459 est

263 3492 515 3547 omnino
540 3507 787 3547 necesse
818 3492 1157 3548 secundum
1205 3509 1551 3563 numerum,
1584 3494 1924 3551 naturalem

258 3579 587 3649 intelligere
610 3580 749 3635 cubi
788 3581 1320 3645 continuationem,
1362 3585 1611 3655 quando
1638 3584 1923 3639 nimirum

261 3669 341 3726 ad
396 3669 598 3726 circuli
655 3670 1168 3725 continuationem
1196 3678 1538 3729 revocatur.

329 3762 382 3815 4.
417 3761 547 3815 iam
575 3774 717 3814 vero
739 3758 1190 3815 consideremus
1232 3760 1411 3816 etiam
1451 3762 1676 3817 cubum
1713 3778 1924 3818 secun-

258 3847 409 3903 dum
435 3848 751 3903 continuas
783 3847 1154 3920 superﬁcies,
1187 3866 1263 3904 an
1296 3850 1446 3921 ipsae
1476 3851 1629 3906 inter
1660 3868 1720 3906 se
1742 3852 1926 3907 conti-

255 3936 620 3993 nuationem
649 3936 940 4005 habeant,
960 3942 1018 3992 et
1046 3936 1290 4009 qualem
1318 3944 1375 3994 et
1432 3940 1764 4011 quomodo.
1789 3942 1925 3995 Esto

256 4028 442 4095 igitur
481 4041 518 4082 a
554 4026 586 4080 b
608 4041 637 4082 e
666 4026 707 4081 ά
726 4041 755 4083 e
779 4027 820 4096 Γ
838 4026 1050 4082 cubus.
1080 4027 1326 4083 Uniatur
1357 4029 1702 4101 superﬁcies
1733 4044 1768 4085 ει
1796 4044 1925 4083 cum

262 4120 542 4187 utraque,
572 4115 853 4187 nempe,b
884 4122 937 4172 et
968 4132 999 4171 c
1023 4130 1047 4187 ,'
1073 4116 1214 4172 item
1254 4117 1295 4171 d
1345 4134 1485 4173 cum
1520 4119 1552 4173 b
1583 4124 1639 4174 et
1668 4135 1699 4174 c
1732 4131 1755 4190 ;
1784 4120 1924 4173 item

262 4221 293 4262 e
323 4221 463 4261 cum
486 4221 523 4261 α
554 4205 585 4260 ὁ
614 4222 644 4261 c
670 4206 731 4273 d,
763 4205 1026 4278 itemque
1046 4209 1233 4276 [cum
1273 4223 1311 4264 a
1351 4208 1383 4262 ὁ
1406 4224 1436 4264 c
1465 4210 1507 4263 d
1535 4225 1582 4264 e.
1633 4209 1928 4265 Uniuntur

262 4294 446 4363 igitur
483 4295 543 4349 in
568 4293 805 4364 angulis
860 4294 1343 4353 inclinationum.
1396 4297 1550 4353 Situs
1577 4314 1720 4353 vero
1751 4303 1808 4353 et
1833 4312 1929 4352 co-

176 4448 179 4452 ,
268 4384 608 4455 putationes
633 4384 905 4457 ipsarum
926 4400 1049 4439 non
1091 4392 1228 4439 sunt
1258 4386 1663 4453 circulares,ut
1690 4404 1825 4442 cum
1851 4389 1928 4443 ad
1958 4424 1999 4475 ο

267 4489 591 4530 numerum
611 4472 801 4528 lineas
840 4473 1293 4544 revocabamus,
1325 4475 1429 4530 sed
1456 4478 1517 4530 in
1549 4476 1804 4546 angulos
1834 4493 1929 4533 re-

270 4562 560 4633 diguntur
624 4568 680 4618 et
726 4562 1144 4618 inclinationes
1195 4564 1439 4621 habent.
1500 4568 1649 4621 Nam
1714 4570 1838 4622 tota
1891 4583 1929 4622 a

270 4668 463 4724 usque
502 4652 581 4708 ad
615 4658 801 4708 totam
836 4652 868 4707 b
893 4654 1193 4724 pertingit,
1216 4660 1274 4709 et
1301 4655 1429 4710 haec
1461 4671 1647 4728 usque
1713 4655 1791 4711 ad
1840 4661 1928 4712 to-

267 4747 392 4798 tam
425 4759 477 4812 c,
495 4743 635 4798 item
665 4742 794 4797 haec
824 4758 1019 4815 usque
1072 4743 1151 4798 ad
1182 4749 1366 4800 totam
1398 4745 1457 4811 d,
1492 4752 1545 4801 et
1572 4761 1602 4801 e
1632 4762 1823 4818 usque
1851 4746 1926 4801 ad

268 4836 421 4888 totas
452 4847 489 4887 a
521 4832 553 4887 ὁ
584 4849 615 4888 c
641 4832 700 4901 d,
723 4832 864 4887 item
884 4833 926 4903 f
966 4848 1158 4904 usque
1211 4833 1288 4888 ad
1314 4840 1468 4890 totas
1498 4850 1534 4891 a
1573 4836 1605 4890 b
1636 4851 1668 4891 ε
1692 4836 1733 4891 d
1767 4851 1815 4891 e.
1849 4838 1929 4891 Ex

266 4937 391 4994 quo
417 4920 763 4991 intelligitur
791 4921 954 4993 ipsas
986 4937 1048 4977 se
1075 4922 1228 4978 inter
1261 4939 1322 4978 se
1364 4930 1626 4995 tangere,
1681 4926 1788 4981 sed
1815 4926 1928 4981 hoc

266 5010 452 5066 modo
472 5010 551 5066 ad
585 5010 938 5066 circularem
995 5012 1452 5068 conversionem
1483 5020 1539 5069 et.
1590 5014 1928 5070 naturalem

267 5100 763 5156 communionem
815 5116 939 5155 non
969 5102 1255 5157 revocari.
1284 5102 1567 5159 Secentur
1614 5104 1796 5174 itigur
1829 5121 1927 5159 su-

266 5188 539 5260 perﬁcies
560 5203 667 5259 per
686 5192 872 5244 totam
894 5188 1031 5244 cubi
1057 5189 1455 5261 altitudinem,
1470 5198 1526 5247 et
1551 5192 1925 5261 colligantur,

270 5276 489 5349 aequali
512 5276 900 5348 proportione
916 5276 1259 5344 observata,
1284 5294 1495 5335 omnes
1513 5282 1789 5336 sectionis
1818 5297 1931 5353 par

268 5371 375 5422 tes.
412 5366 731 5439 Expositus
762 5370 851 5422 est
873 5366 1054 5437 igitur
1082 5373 1138 5423 et
1190 5368 1527 5425 substratus
1576 5370 1867 5427 diameter
1892 5386 1929 5427 a

268 5454 387 5528 ipsi
412 5472 462 5524 c,
495 5461 552 5512 et
581 5456 615 5510 ὁ
635 5455 750 5527 ipsi
773 5456 834 5523 d,
849 5456 1075 5528 eteipsi
1088 5458 1138 5525 Γ.
1157 5460 1295 5513 Esto
1322 5458 1500 5528 igitur
1513 5466 1648 5532 post
1668 5462 1860 5532 ipsam
1891 5478 1927 5518 a

268 5544 527 5612 altera/1,
555 5561 667 5619 pos
692 5545 887 5617 ipsam
911 5562 942 5601 c
964 5546 1151 5602 altera
1163 5548 1221 5616 k,
1243 5556 1382 5619 post
1407 5550 1602 5621 ipsam
1628 5551 1660 5604 ὁ
1683 5551 1867 5606 altera
1884 5552 1925 5617 i,

267 5640 409 5707 post
434 5635 631 5707 ipsam
662 5637 705 5690 d
731 5634 917 5692 altera
958 5637 998 5701 ι,
1030 5651 1141 5707 pos
1162 5636 1361 5709 ipsam
1394 5653 1423 5694 e
1466 5638 1657 5695 altera
1681 5656 1760 5709 m,
1792 5647 1933 5712 post

267 5723 719 5798 ipsamfaltera
737 5740 803 5791 η,
824 5740 1033 5782 rursns
1062 5730 1201 5798 post
1217 5726 1420 5799 ipsam
1446 5729 1487 5785 Ιι
1506 5727 1691 5786 altera
1716 5746 1769 5800 ο,
1792 5733 1931 5803 post

2034 3141 2217 3191 terat.
2254 3140 2608 3208 Apponatur
2636 3136 2814 3205 igitur
2842 3136 2976 3207 ipsa
2997 3150 3032 3191 α
3065 3134 3400 3206 superﬁciei
3429 3136 3461 3190 b
3492 3150 3523 3190 c
3545 3149 3568 3189 .'
3600 3149 3689 3188 se-

2034 3237 2199 3280 cetur
2227 3241 2370 3281 vero
2388 3226 2449 3280 in
2480 3224 2762 3280 undecim
2801 3230 3020 3297 partes.
3045 3224 3266 3280 Eodem
3292 3223 3474 3279 modo
3492 3223 3632 3294 ipsa
3649 3222 3691 3277 d

2036 3314 2369 3387 superﬁciei
2390 3330 2428 3369 a
2453 3330 2491 3370 a
2529 3318 2890 3386 apponatur,
2919 3318 2976 3370 et
3002 3313 3371 3385 reliquarum
3409 3311 3692 3384 quaelibet

2036 3402 2220 3458 altera
2251 3403 2413 3458 alteri
2441 3402 2718 3474 apposita
2742 3402 3010 3458 similiter
3049 3407 3280 3457 secetur
3316 3401 3376 3456 in
3405 3400 3689 3457 undecim

2032 3497 2233 3564 partes
2257 3507 2477 3564 nempe
2515 3507 2553 3546 a
2576 3492 2606 3546 b
2644 3508 2674 3548 c
2702 3492 2744 3546 d
2767 3507 2797 3548 e
2824 3491 2874 3561 Γ.
2918 3491 3140 3547 Deinde
3172 3492 3211 3548 Ιι
3249 3492 3333 3561 iﬂ
3364 3492 3387 3546 ι
3430 3508 3490 3546 m
3519 3507 3561 3546 η
3592 3505 3689 3546 se—

2035 3588 2243 3638 centur
2270 3582 2329 3637 in
2372 3597 2583 3637 novem
2609 3588 2831 3653 partes.
2876 3583 3186 3637 Postremo
3223 3597 3257 3637 o
3290 3597 3335 3650 ρ
3361 3599 3395 3652 q
3426 3597 3461 3636 ν
3483 3597 3510 3637 s
3542 3587 3562 3636 ι
3602 3596 3691 3636 se-

2036 3678 2244 3726 centur
2268 3671 2329 3725 in
2360 3676 2589 3742 septem
2613 3676 2813 3734 partes
2844 3686 2914 3727 ac
2953 3670 3028 3725 de
3080 3670 3312 3741 integro
3361 3686 3690 3741 coagmen-

2034 3764 2231 3816 tentur
2251 3760 2395 3831 ipsae
2420 3764 2620 3831 partes
2652 3759 2808 3815 facto
2830 3759 2996 3815 initio
3019 3775 3055 3815 a
3087 3758 3422 3831 postremis,
3454 3764 3690 3815 contra-

2032 3847 2689 3905 rioetinversoordine.
2724 3848 2732 3919 |
2766 3855 2868 3903 ολ.
2905 3848 2914 3919 |
2945 3864 3060 3917 με.
3094 3848 3103 3919 Ι
3146 3864 3267 3917 p.r.
3303 3850 3311 3917 |
3357 3849 3481 3904 h.n.
3519 3848 3528 3919 |
3562 3849 3687 3904 22m.

2063 3938 2074 4010 |
2144 3938 2269 3993 h.l
2327 3940 2336 4007 |
2395 3952 2527 3994 a.c.
2585 3954 2595 4006 ι
2658 3937 2803 4005 b,d.
2862 3938 2871 4009 |
2922 3952 2969 3994 e.
2994 3937 3356 4009 f.—Atque
3385 3937 3469 3992 ita
3497 3936 3690 3992 cubus

2035 4035 2231 4085 sectus
2304 4028 2608 4083 restitutus
2647 4032 2751 4083 est.
2796 4030 2944 4084 Cum
2982 4027 3160 4098 igitur
3194 4033 3450 4092 secatur,
3500 4026 3693 4083 cubus

2034 4119 2345 4190 reperitur,
2361 4122 2567 4172 etcum
2580 4117 3028 4189 componituret
3049 4121 3525 4188 coagmentatur,
3555 4132 3688 4172 rur—

2038 4224 2140 4262 sus
2154 4206 2345 4262 cubus
2358 4208 2668 4278 reperitur.
2693 4209 2810 4262 Uta
2825 4206 2856 4260 b
2872 4206 3034 4275 cdc/
3052 4222 3113 4261 se
3142 4205 3415 4262 habetad
3435 4206 3473 4262 h
3490 4207 3689 4275 ilmn,

2040 4298 2123 4353 sic
2151 4297 2187 4351 h
2216 4298 2240 4351 ἰ
2265 4298 2302 4352 Ic
2334 4297 2429 4351 tm
2450 4312 2491 4350 η
2510 4295 2587 4350 ad
2609 4311 2641 4351 ο
2662 4296 2694 4350 b
2720 4312 2756 4367 ι]
2778 4312 2811 4351 r
2841 4302 2926 4351 st:
2955 4297 3041 4351 sic
3068 4300 3131 4351 ut
3160 4294 3345 4350 altera
3366 4310 3508 4367 pars
3530 4294 3692 4351 alieri

2040 4403 2176 4442 cum
2200 4385 2586 4458 proportione
2610 4384 2879 4441 excellat.
2905 4385 3075 4451 Quod
3090 4385 3358 4456 siquisin
3373 4384 3577 4456 plures
3602 4401 3691 4440 se-

2039 4480 2265 4529 ctiones
2296 4478 2399 4528 aut
2412 4473 2693 4533 minores,
2711 4474 3036 4529 observata
3047 4472 3261 4529 eadem
3280 4470 3689 4544 proportione,

2039 4564 2263 4619 cubum
2304 4577 2505 4618 secare
2535 4562 2922 4618 incontinuas
2965 4562 3315 4635 superﬁcies
3352 4558 3693 4627 conabitur,

2038 4653 2132 4709 hic
2152 4652 2369 4707 iisdem
2400 4652 2647 4723 repertis
2672 4670 2685 4718 ;
2710 4652 2914 4724 ipsum
2945 4651 3095 4707 sinet
3134 4667 3264 4707 esse
3304 4649 3549 4706 cubum.

2112 4747 2162 4798 5.
2194 4741 2588 4796 Probavimus
2618 4739 2817 4809 igitur,
2849 4746 2914 4795 ut
2937 4740 3272 4812 oportebat,
3305 4739 3369 4795 in
3398 4738 3555 4795 cubo
3582 4738 3694 4794 du-

2037 4831 2255 4904 plicem
2276 4846 2408 4887 esse
2429 4829 2962 4898 continuationem,
3002 4830 3350 4886 circularem
3390 4844 3597 4894 unam,
3640 4833 3697 4884 et

2039 4922 2289 4977 alteram
2318 4920 2709 4975 hexaedram.
2734 4922 2871 4975 Esto
2897 4919 3075 4989 igitur
3106 4918 3395 4977 naturalis
3434 4918 3532 4975 illa
3558 4934 3695 4991 quae

2038 5018 2130 5068 est
2148 5011 2453 5067 circularis
2479 5015 2536 5065 et
2560 5008 2973 5076 numerabilis,
3001 5016 3062 5066 at
3089 5008 3189 5066 illa
3204 5026 3343 5083 quae
3369 5015 3457 5066 est
3486 5023 3695 5065 secun-

2038 5102 2185 5158 dum
2212 5100 2395 5157 aliam
2424 5100 2685 5169 ﬁguram
2709 5106 2835 5156 esto
2867 5100 3237 5155 continuatio
3266 5102 3698 5170 coagmentata

2038 5197 2094 5247 et
2115 5190 2318 5246 mixta.
2352 5192 2502 5245 Nam
2524 5189 2985 5261 temperationes
3006 5194 3145 5246 sunt
3170 5190 3392 5245 mixtae.
3417 5191 3597 5244 Porro
3625 5186 3693 5241 ﬁ-

2038 5295 2201 5350 gurae
2227 5277 2463 5348 angulis
2514 5276 2779 5349 praeditas
2819 5276 3121 5333 mixtionis
3158 5277 3383 5334 habent
3408 5275 3693 5349 speciem.

2039 5368 2448 5435 Quamobrem
2487 5366 2684 5437 ﬁgura
2722 5366 2953 5438 cubica,
2996 5372 3296 5438 quatenus
3336 5372 3425 5422 est
3456 5365 3692 5436 angulis

2037 5458 2306 5532 praedita,
2342 5456 2656 5512 estmixta.
2683 5456 2851 5521 Quod
2876 5457 2922 5510 si
2947 5456 3084 5528 quis
3101 5456 3262 5512 dicat
3282 5462 3338 5512 et
3367 5456 3482 5512 hoc
3510 5462 3566 5512 et
3586 5455 3695 5510 cir-

2038 5549 2242 5605 culum
2271 5564 2400 5604 esse
2418 5553 2668 5611 naturae,
2693 5546 2951 5619 ideoque
2972 5546 3123 5602 inter
3141 5563 3202 5602 se
3224 5547 3693 5609 communicare,

2038 5656 2161 5696 non
2174 5639 2441 5710 rejiciam
2461 5637 2700 5706 ;namin
2714 5641 2930 5692 natura
2957 5642 3020 5693 ut
3041 5640 3180 5692 sunt
3200 5641 3452 5703 naturae,
3477 5637 3696 5692 uniun-

2038 5735 2133 5786 tur
2161 5728 2389 5798 omnia,
2428 5726 2953 5801 quemadmodum
2976 5727 3039 5783 in
3065 5725 3287 5784 circulo
3316 5741 3529 5784 omnes
3558 5742 3696 5800 quae
