4444 6452
779 382 915 437 1275

801 508 886 558 Δεῖ
958 508 1084 575 γοῦν
1144 502 1279 557 κατὰ
1334 502 1552 568 τούτους
1601 502 1721 566 τούς
1765 502 1953 576 λόγους
2000 506 2131 555 νοεῖν
2180 501 2258 554 ὅτι
2308 520 2398 555 και

799 598 948 649 πᾶσα
995 598 1185 667 κρᾶσις
1232 592 1388 654 οὕτως
1447 596 1559 666 ἔχει
1621 596 1751 667 πρὸς
1791 597 1885 652 τὴν
1941 594 2095 666 φύσιν
2176 600 2398 667 μερικῶς

800 684 878 736 ὄτι
928 687 1088 757 μικτὴ
1126 702 1139 717 ·
1173 684 1203 741 ἠ
1253 684 1405 756 φύσις
1432 686 1534 756 γὰρ
1578 686 1782 737 πάντων
1827 689 2219 756 κατηγορεῖται,
2274 687 2398 754 κρᾶ-

803 791 881 833 σις
905 768 963 825 δὲ
985 769 1242 834 ἑνοειδοῦς
1267 774 1468 845 φύσεως
1498 771 1682 826 αύποτ⁹
1721 773 1782 826 οἷν
1832 773 2171 844 κατηγορηθῇ
2209 790 2222 804 ·
2266 769 2399 825 ἔστω

797 864 899 937 γὰρ
932 859 1239 930 ἀδιὸριστος
1290 863 1320 921 ἠ
1347 882 1401 931 α,
1426 858 1774 936 διωρισμέναι
1801 858 1859 917 δὲ
1889 881 1947 934 γε
1989 863 2019 920 ἡ
2052 859 2142 933 βγ
2209 856 2244 914 ὃ
2308 878 2399 912 και

798 949 873 1023 ἐφ’
904 948 1016 1013 ἑξῆς
1040 955 1210 1004 πᾶσαι
1247 969 1261 984 ·
1298 951 1329 1009 ἠ
1361 956 1486 1022 γοῦν
1541 946 1848 1026 ἀδιόριστος
1908 969 1942 1002 α
1998 947 2175 1001 οὖποτ⁹
2227 946 2287 1000 ἂν
2331 954 2394 1019 τῇ

800 1036 837 1113 β
872 1058 906 1111 γ
962 1035 997 1092 ὃ
1058 1034 1235 1095 δώσει,
1266 1044 1553 1112 γνώμονας,
1603 1040 1759 1094 αὗται
1810 1036 1870 1093 δὲ
1937 1039 2399 1111 γνωματεύσουσιν

799 1127 1004 1186 αὐτὴν·
1053 1133 1210 1183 παντὶ
1260 1131 1361 1205 γὰρ
1418 1133 1667 1204 σχήματι
1721 1132 2134 1203 γνωματευμένω
2192 1132 2217 1181 ὁ
2271 1132 2399 1200 γνὼ-

796 1239 906 1292 μων
925 1222 1264 1294 περιέχεταιο
1311 1218 1361 1272 ἓν
1401 1219 1541 1292 αύτῷ
1588 1222 1758 1293 τεμνει
1799 1222 1900 1294 γὰρ
1968 1238 2058 1271 και
2117 1213 2395 1292 διακρίνει.

795 1307 854 1365 Ἢ
900 1310 1057 1381 φύσις
1097 1309 1200 1382 ἄρα
1228 1311 1717 1383 κατηγορηθήσεται
1768 1311 1943 1370 πάσης
1996 1309 2250 1381 κράσεως,
2309 1326 2400 1360 και

798 1393 1001 1461 δέξεται
1030 1395 1235 1451 ἅπαντα
1258 1400 1325 1451 τά
1360 1401 1497 1453 κατά
1551 1405 1740 1475 κρᾶσιν
1793 1400 2098 1451 καθέκαστα
2142 1416 2232 1449 και
2281 1394 2402 1447 ἀνά-

798 1486 871 1553 ξει
916 1488 1046 1563 πρὸς
1121 1485 1307 1546 ἑαυτὴν
1366 1489 1435 1551 ὡς
1485 1493 1660 1564 μήτηρ
1719 1487 1907 1543 αὐτῶν.
1961 1486 2118 1557 Ἔχει
2173 1488 2263 1558 μὲν
2311 1480 2399 1537 οὖν

794 1582 961 1632 ταῦτα
1024 1574 1188 1640 οὓτως
1248 1584 1338 1631 και
1402 1580 1570 1641 καθὼς
1632 1580 1854 1653 εἴρηται.
1929 1578 2240 1651 Εὑρίσκεται
2317 1570 2396 1641 δὲ,

796 1665 968 1739 ὥσπερ
997 1666 1221 1739 εἴπομεν,
1264 1665 1312 1719 ἓν
1341 1674 1403 1727 τῆ
1433 1669 1617 1744 κράσει
1646 1687 1735 1721 και
1809 1673 1871 1740 τῇ
1926 1668 2078 1739 φύσει
2133 1684 2221 1717 και
2270 1662 2401 1717 ἄλλα

794 1756 930 1821 τινὰ,
997 1753 1033 1808 ἃ
1104 1756 1221 1810 καθ’
1278 1757 1315 1809 οἶ
1363 1763 1619 1810 κοινωνεῖν
1686 1760 1951 1829 φαίνονται
2026 1758 2219 1826 ὁμοίως
2309 1772 2399 1806 και

796 1840 1218 1916 διαστελλεσθαι,
1240 1845 1374 1899 ὥστε
1403 1853 1495 1900 ποῖ
1518 1848 1608 1918 μὲν
1640 1846 1888 1917 ἑνοῦνται,
1913 1852 2004 1899 ποῖ
2032 1840 2092 1898 δε
2154 1839 2398 1898 dictare?-

793 1932 988 1991 λονται.
1022 1938 1242 2010 Πότερον
1277 1932 1364 1989 οὖν
1418 1937 1597 2011 εὑρέθη
1672 1955 1763 1989 και
1814 1935 1931 1987 καθ’
1989 1937 2157 2007 ἕτερον
2209 1935 2397 2010 τρόπον

794 2023 824 2085 ἡ
858 2030 957 2077 τῶν
982 2025 1219 2097 κράσεων
1270 2026 1403 2100 πρὸς
1451 2028 1551 2084 τὴν
1603 2025 1758 2099 φύσιν
1816 2027 1961 2083 κοινή
2004 2026 2186 2085 ἕνωσις
2234 2041 2324 2074 και
2363 2022 2394 2080 ἡ

797 2107 912 2168 ἰδία
947 2109 1213 2187 διάκρισις
1238 2110 1343 2168 οἷον
1374 2115 1437 2176 ὡς
1464 2112 1666 2169 ἐπὶτῶν
1695 2113 1927 2190 ἀριθμῶν
1970 2129 1984 2182 ;
2028 2116 2098 2166 Τὸ
2147 2113 2249 2186 γὰρ
2297 2118 2398 2164 τῶν

793 2200 1026 2279 ἀριθμῶν
1064 2206 1220 2277 χύμα
1273 2209 1417 2277 πηγὴ
1469 2202 1725 2277 ἓγγίστων
1783 2202 1922 2257 ὶστίν
1990 2222 2003 2238 ·
2058 2201 2281 2274 ἔγγιστα
2340 2196 2400 2253 δὲ

790 2291 932 2348 καλῶ
960 2295 1052 2357 τάς
1080 2295 1291 2369 κράσεις
1320 2314 1409 2347 και
1432 2295 1495 2347 τὰ
1521 2295 1824 2348 καθέκαστα
1851 2314 1863 2327 ·
1915 2291 2142 2365 πηγάζει
2194 2292 2295 2364 γὰρ
2345 2288 2399 2352 ἕξ

789 2381 952 2438 αὐτοῦ
980 2381 1047 2435 τά
1074 2384 1298 2457 ἔγγιστα
1321 2404 1334 2418 ·
1367 2385 1434 2437 τά
1464 2379 1524 2438 δέ
1552 2385 1773 2457 ἔγγιστα
1789 2386 1915 2459 πρὸς
1963 2382 2121 2436 ἑαυτά
2171 2381 2398 2455 συστρέ-

790 2491 970 2544 φονται
1025 2492 1114 2526 και
1172 2469 1529 2549 διακέκρινται
1587 2476 1653 2537 ὡς
1697 2476 1787 2547 μὶν
1862 2471 1918 2527 ἐκ
2017 2477 2108 2527 τοῦ
2193 2473 2395 2542 γένους,

787 2564 853 2625 ὡς
911 2559 963 2618 δ’
1020 2564 1250 2620 ἐνοῦνται
1320 2567 1457 2620 κατὰ
1510 2568 1605 2625 τὴν
1661 2570 1857 2640 φυσική
1916 2564 1989 2629 εἰς
2043 2561 2200 2617 ἐκεῖνο
2278 2560 2397 2613 ἀναι

785 2656 981 2727 γωγιδν-

858 2748 932 2816 ς’.
969 2747 1253 2805 Ἐκκείσθω
1318 2751 1490 2805 τοίνυν
1539 2749 1598 2803 τὸ
1661 2749 1818 2821 χύμα
1867 2752 1966 2800 τῶν
2018 2743 2270 2822 ἀριθμῶν.
2320 2742 2399 2796 Τά

756 2943 795 2985 a
821 2925 1301 2984 circumferentia
1320 2927 1382 2984 in
1399 2929 1694 3001 punctum
1708 2925 2012 2983 ducuntur
2023 2923 2218 2981 linere.
2245 2919 2414 2978 Intel-

754 3015 1069 3087 ligendum
1095 3020 1186 3074 est
1211 3016 1392 3088 igitur
1421 3032 1490 3074 ex
1526 3016 1622 3073 his
1668 3032 1805 3090 quae
1844 3014 2126 3080 diximus,
2168 3025 2415 3069 omnem

755 3106 1251 3179 temperationem
1271 3106 1355 3164 ita
1384 3122 1446 3163 se
1483 3105 1708 3163 habere
1746 3105 1825 3163 ad
1863 3108 2169 3173 naturam,
2196 3115 2416 3172 nempe

754 3196 1207 3269 particulariter,
1231 3197 1376 3270 quia
1387 3199 1477 3253 est
1490 3196 1695 3253 mixta.
1714 3198 1864 3252 Nam
1892 3198 2111 3251 natura
2128 3191 2203 3248 de
2226 3189 2418 3248 omni-

755 3286 871 3344 bus
893 3286 1127 3345 dicitur.
1178 3291 1251 3344 At
1302 3287 1654 3360 temperatio
1722 3286 1797 3343 de
1836 3289 2054 3342 natura
2100 3297 2418 3355 nunquam

759 3377 1037 3435 universe
1058 3376 1308 3434 dicetur.
1378 3380 1517 3433 Esto
1582 3376 1745 3433 enim
1787 3374 2097 3431 indeﬁnite
2159 3371 2417 3444 superﬁ-

755 3466 875 3524 cies
912 3481 971 3536 a,
1038 3465 1299 3523 deﬁnitae
1364 3482 1508 3524 vero
1540 3466 1572 3522 b
1635 3466 1755 3533 σά,
1816 3468 1974 3521 certe
2044 3462 2419 3519 indeﬁnitaa

753 3571 1071 3630 nunquam
1102 3555 1271 3613 dabit
1287 3571 1628 3627 gnomonas
1653 3554 1913 3611 deﬁnitis
1960 3555 1993 3610 b
2019 3568 2050 3610 c
2070 3553 2130 3609 d.
2151 3555 2248 3608 Hae
2276 3566 2418 3608 vero

753 3645 837 3702 illi
862 3660 1201 3716 gnomonas
1232 3646 1634 3719 suppeditant.
1655 3648 1805 3703 Nam
1831 3643 2028 3701 omnis
2048 3643 2244 3713 ﬁgura
2273 3656 2419 3711 gno—

759 3752 941 3793 mone
962 3736 1217 3810 praadita
1275 3751 1646 3807 gnomonem
1676 3735 1737 3792 in
1791 3751 1854 3792 se
1920 3733 2183 3790 continet
2230 3734 2419 3801 ;secat

755 3826 916 3883 enim
971 3830 1028 3883 et
1089 3825 1398 3898 distinguit
1482 3840 1772 3896 gnomon.
1838 3826 2032 3890 Quare
2094 3827 2312 3879 natura
2341 3820 2417 3877 de

755 3914 922 3972 omni
980 3914 1414 3988 temperatione
1472 3914 1721 3983 dicetur,
1771 3918 1827 3970 ct
1876 3911 2157 3984 suscipiet
2213 3907 2419 3965 omnia

755 4003 1091 4060 secundum
1125 4004 1623 4077 temperationem
1655 4002 2003 4074 singularia,
2038 4005 2095 4058 et
2112 3997 2420 4056 revocabit

755 4092 835 4151 ad
863 4108 924 4150 se
945 4097 1239 4167 tanquam
1269 4097 1462 4151 mater
1499 4093 1761 4150 illorum.
1783 4093 1869 4149 Ita
1890 4096 1981 4149 est
2012 4091 2190 4162 igitur
2209 4104 2419 4161 quem-

756 4182 1091 4241 admodum
1110 4183 1337 4240 dictum
1352 4187 1439 4240 est
1454 4183 1569 4240 Sed
1585 4183 1964 4257 reperiuntur
1980 4182 2180 4249 etiam,
2206 4196 2419 4253 quem-

755 4272 1091 4332 admodum
1122 4272 1383 4330 diximus
1406 4272 1525 4330 alia
1554 4272 1841 4346 quaedam
1881 4287 2017 4346 qua
2044 4287 2169 4348 qua
2189 4270 2420 4327 ratione

757 4364 1213 4421 communicant
1240 4364 1392 4421 inter
1416 4379 1478 4420 se
1499 4363 1714 4421 eadem
1744 4363 1925 4420 etiam
1985 4362 2263 4422 videntur
2294 4361 2420 4417 dis-

756 4453 965 4525 tingui.
1020 4455 1214 4520 Quare
1271 4453 1373 4510 illo
1428 4452 1613 4510 modo
1670 4454 1979 4520 uniuntur,
2026 4452 2140 4509 hoc
2217 4454 2418 4507 autem

756 4542 942 4601 modo
972 4542 1445 4614 distinguuntur.
1463 4543 1863 4615 Utrumigitur
1889 4547 2125 4615 reperta
2138 4540 2420 4598 estetiam

757 4633 1098 4692 secundum
1141 4632 1395 4691 alterum
1450 4636 1703 4692 modum
1748 4633 2089 4690 communis
2134 4631 2418 4705 quaedam

755 4724 1259 4798 temperationum
1282 4740 1419 4780 eum
1440 4728 1658 4781 natura
1715 4723 2038 4797 copulatio,
2070 4727 2127 4779 et
2174 4723 2418 4796 propria

756 4815 935 4871 etiam
977 4813 1277 4871 distinctio
1303 4819 1367 4871 ut
1388 4814 1449 4871 in
1475 4814 1744 4871 numeris
1774 4813 1803 4870 7
1830 4817 1978 4871 Nam
2024 4828 2417 4870 numerorum

754 4903 983 4961 ﬂumen
1017 4903 1151 4961 fons
1181 4908 1270 4961 est
1310 4904 1727 4978 proximorum
1762 4921 1774 4961 :
1826 4903 2106 4977 proxima
2125 4918 2264 4959 vero
2304 4918 2417 4975 ap-

755 4994 913 5069 pello
944 4994 1408 5067 temperationes
1439 4998 1496 5052 et
1547 4994 1891 5066 singularia.
1937 4997 2232 5051 Numerus
2256 4994 2418 5051 enim

754 5102 824 5143 ex
854 5085 1052 5160 seipso
1084 5084 1337 5143 effundit
1379 5086 1677 5160 proxima.
1731 5086 2007 5143 Proxima
2062 5101 2206 5143 vero
2229 5086 2291 5142 in
2354 5100 2418 5141 se

752 5177 906 5235 inter
934 5191 997 5232 se
1019 5176 1467 5251 reciprocantur
1493 5180 1551 5234 et
1606 5177 2074 5249 distinguuntur-
2096 5182 2179 5234 Ac
2202 5177 2420 5234 distin-

757 5269 1023 5338 guuntur
1041 5265 1287 5341 quidem
1318 5268 1463 5341 quia
1490 5284 1563 5325 ex
1616 5283 1832 5340 genere
1877 5273 2149 5336 manant,
2205 5270 2420 5329 uniun-

754 5361 1010 5415 turvero
1040 5357 1378 5415 secundum
1443 5358 1781 5416 naturalem
1838 5358 1916 5416 ad
1972 5358 2122 5416 illud
2169 5375 2417 5420 revoca-

756 5447 981 5506 tionem
994 5490 1007 5506 .

826 5542 875 5594 6.
912 5542 1257 5612 Exponatur
1296 5539 1475 5611 igitur
1519 5540 1748 5596 ﬂumen
1809 5556 2223 5599 numerorum.
2260 5544 2420 5609 Qua-

753 5635 889 5686 tuor
913 5633 1116 5687 autem
1138 5635 1195 5687 et
1225 5630 1432 5703 viginti
1450 5630 1746 5688 elementa
1795 5631 1912 5689 sint
1972 5631 2122 5688 illud
2166 5632 2418 5693 ﬂumen.

752 5720 1121 5793 Reputentur
1141 5723 1207 5780 ut
1249 5719 1504 5781 inﬁnita.
1543 5719 1826 5781 Secentur
1857 5720 2037 5794 igitur
2060 5721 2173 5781 tria
2216 5735 2255 5782 a
2280 5723 2313 5779 b
2366 5738 2419 5782 c.

2286 372 2630 434 ADDENDA

4060 380 4191 437 1276

2456 505 2505 557 Α
2564 505 2969 584 εἰκοσιτέσσαρα
3062 515 3307 581 στοιχεῖα
3369 507 3764 582 νομιζέσθωσαν
3833 509 3902 571 ὡς
3958 507 4163 581 ἄπειρα.

2564 598 2929 668 Τμηθάτωσαν
2951 604 3076 671 γοῦν
3116 601 3183 653 τὰ
3200 602 3322 675 τρία
3349 600 3408 653 τὸ
3436 618 3470 650 α
3501 596 3537 670 β
3564 618 3624 670 γ,
3677 599 3739 651 Εἰ
3782 599 3871 668 μὶν
3926 594 4013 650 οὖν
4079 618 4168 650 κα-

2565 686 2679 739 θότι
2710 706 2743 739 α
2773 684 2864 759 βγ
2894 695 3111 745 κεῖνται.
3151 696 3467 760 χυματικῶς
3494 696 3565 758 τῷ
3609 694 3835 759 φυσικῷ,
3875 706 3964 739 και
4012 686 4166 737 πάλιν

2562 782 2663 827 τῶν
2694 773 2926 850 ἀριθμῶν
2954 776 3184 833 ἑνοῦνται
3214 777 3421 850 χυματι
3446 796 3536 830 και
3567 776 3661 829 οὐκ
3719 776 3848 831 εἰσὶν
3877 779 4117 847 ἔγγιστον
4152 795 4165 807 ·

2564 863 2607 917 εἰ
2638 859 2698 917 δέ
2725 867 2783 918 τὸ
2816 884 2850 917 α
2876 863 2932 937 β,
2964 873 3057 922 ποῖ
3079 869 3169 940 μὲν
3193 867 3251 920 τὸ
3287 886 3340 931 α,
3380 884 3470 918 και
3496 870 3588 917 ποῖ
3633 866 3690 917 τὸ
3753 884 3804 935 γ,
3865 883 3955 915 και
4019 860 4169 925 αὖθις

2561 955 2620 1004 τὸ
2651 974 2684 1024 γ
2710 960 2804 1006 ποῖ
2828 956 2918 1028 μὶν
2949 958 3008 1010 τὸ
3042 954 3097 1027 β,
3132 974 3221 1007 και
3252 961 3343 1007 ποῖ
3372 957 3432 1007 τὸ
3488 974 3539 1025 α,
3604 954 4023 1025 σχηματισθῶσι
4079 971 4171 1003 και

2562 1041 2825 1096 ἓκκοπῶσι
2850 1051 2942 1096 τοῦ
2968 1052 3066 1096 τῶν
3125 1042 3353 1119 ἀριθμῶν
3403 1045 3659 1115 χύματος,
3715 1062 3804 1094 και
3859 1046 4169 1113 γενήσονται

2561 1137 2813 1206 τρίγωνος
2838 1130 3077 1194 ininde;
3100 1132 3343 1207 ἀριθμὸς,
3376 1134 3621 1196 ὡσαύτως
3660 1151 3751 1183 και
3805 1133 3871 1183 τά
3934 1135 4171 1201 τέσσαρα

2562 1242 2653 1277 και
2715 1222 2864 1285 ἄλλος
2914 1230 3012 1285 πᾶς
3074 1222 3289 1298 ἀριθμὸς
3346 1225 3537 1277 ὀπὸταν
3602 1221 3795 1294 ἐκκοπῇ
3848 1228 3946 1273 τῶν
3994 1219 4168 1271 ἁπλῶν

2561 1331 2651 1365 και
2681 1321 2909 1385 φυσικῶν
2949 1312 3180 1386 ἀριθμῶν
3234 1315 3299 1374 ὡς
3352 1314 3675 1365 καθέκαστόν
3735 1329 3789 1363 τε
3834 1330 3923 1361 και
3978 1314 4171 1384 κρᾶσις

2561 1402 3130 1473 κηθήσεταιέγγιστονο
3189 1400 3552 1473 ἀναχθήσεται
3609 1397 3667 1452 δὲ
3718 1398 3787 1461 ὡς
3832 1398 3957 1469 ἔχον
4012 1398 4171 1470 μονά-

2564 1486 2665 1553 δας
2694 1490 2765 1553 εἰς
2801 1492 2860 1542 τὸ
2892 1493 3047 1564 χύμα
3089 1498 3189 1544 τῶν
3230 1489 3487 1564 ἀριθμῶν,
3538 1485 3948 1563 διακριθήσεται
3997 1482 4059 1538 δέ
4114 1483 4170 1536 ἐκ

2562 1585 2654 1632 τοῦ
2693 1581 2935 1651 χύματος
2970 1599 3061 1632 και
3099 1578 3155 1633 ἐκ
3202 1587 3303 1632 τῶν
3352 1578 3515 1631 ἄλλων
3574 1578 3865 1650 σχημάτπν
3909 1577 3981 1637 ὡς
4022 1577 4172 1648 στρέ-

2563 1688 2652 1742 φον
2704 1671 2771 1721 τά
2821 1665 2994 1723 οἰδεῐα
3036 1671 3084 1723 ἓν
3148 1668 3313 1740 ἐαυτῷ
3354 1672 3485 1743 μέρη
3542 1687 3633 1720 και
3672 1666 3881 1738 ἐγγίζον
3932 1666 4171 1738 θάτερον-

2566 1759 2760 1831 θατέρῳ
2821 1758 2938 1812 καθ’
2998 1760 3198 1813 ἔνὼσιν.
3266 1756 3422 1811 Ἔστι
3475 1753 3533 1809 δὲ
3589 1775 3679 1807 και
3731 1760 3840 1814 τοῖς
3904 1751 4172 1824 ἐγγίστοις

2564 1851 2752 1919 σχέσις
2781 1844 2914 1913 ἰδία,
2944 1848 3120 1901 οὔποτ’
3153 1846 3213 1899 ἂν
3242 1842 3301 1899 δὲ
3338 1865 3472 1899 πασι
3520 1846 3692 1898 πάντα
3742 1844 3966 1897 ἑνῶσθαι
4008 1845 4171 1913 πέφυ-

2561 1954 2665 2005 κεν,
2707 1936 2846 2008 εἰμὴ
2882 1936 2948 1996 εἰς
2973 1940 3066 1995 τὴν
3088 1941 3297 2011 πρώτην
3348 1934 3541 1993 ἐκείνην
3599 1937 3831 2005 πηγαίαν
3891 1930 4175 2003 ἀναχθῶσι

2560 2032 2653 2079 τοῦ
2684 2027 2946 2098 χύματος,
2978 2024 3208 2079 ἐνοῦνται
3241 2022 3300 2079 δὲ
3329 2044 3420 2077 και
3462 2031 3687 2098 μερικῶς
3736 2018 3840 2075 οἷον
3900 2022 3930 2080 ἠ
3989 2021 4173 2094 τετρὰς

2562 2112 2635 2177 εἰς
2661 2118 2753 2174 τὴν
2781 2111 3169 2178 ἑξακαιδεκάδα
3227 2133 3241 2151 ο
3303 2117 3333 2167 ὅ
3380 2116 3481 2186 γὰρ
3539 2112 3612 2175 εἰς
3652 2110 3811 2164 κύϐον
3872 2110 4173 2184 στερεωθεὶς

2562 2201 2783 2279 ἀριθμός
2826 2201 3079 2278 τετράδας
3145 2204 3281 2279 φέρει
3328 2202 3402 2275 ἐφ’
3441 2205 3703 2277 ἑκατέροις
3767 2206 3873 2261 τοῖς
3920 2203 4129 2273 μέρεσιν
4158 2217 4171 2230 ·

2561 2295 2590 2353 ἠ
2643 2294 2792 2369 τριάς
2838 2294 2905 2355 έίς
2957 2298 3045 2352 τὴν
3086 2296 3366 2369 τριάκοντα
3414 2289 3668 2358 πεντάδα,
3716 2292 3775 2344 τὸ
3816 2291 3916 2364 γὰρ
3975 2290 4176 2348 ταύτης

2562 2379 2849 2439 ἐπίπεδονό
2879 2380 3272 2447 πεντεκαίδεκα,
3324 2402 3413 2438 και
3467 2386 3524 2436 τὸ
3572 2378 3880 2453 ὑπερϐαῐνον
3930 2380 3956 2430 ὁ
4019 2372 4173 2441 δέκα,

2560 2490 2651 2527 και
2678 2475 2735 2525 τὸ
2766 2474 2893 2546 ὑπὲρ
2918 2475 3165 2529 τούτωνὸ
3199 2473 3271 2539 ἕξ,
3312 2492 3403 2527 και
3456 2476 3514 2525 τὸ
3571 2472 3762 2525 ἄνωθεν
3801 2470 3827 2522 ὁ
3876 2471 4016 2543 τρία,
4084 2484 4177 2517 και

2561 2564 2591 2623 ἠ
2626 2563 2783 2635 μονάς
2814 2564 2972 2636 ἄκρον
3028 2583 3118 2617 και
3166 2568 3389 2637 κορυφή.
3455 2562 3513 2616 Ὀ
3557 2564 3645 2635 μὶν
3712 2558 3799 2613 οὖν
3851 2558 4175 2632 τετράγωνος

2562 2651 2630 2712 εἰς
2655 2655 2741 2705 τὸν
2765 2652 2921 2707 κύϐον
2950 2661 3209 2726 σχετικῶς
3261 2653 3496 2727 ἑνωθῇ,ὁ
3557 2650 3615 2705 δὲ
3657 2656 3910 2725 τρίγωνος
3962 2646 4032 2709 εἷς
4084 2648 4173 2697 τὸν

2561 2738 2975 2817 πυραμοειδῆ,ὀ
3030 2741 3089 2797 δὲ
3144 2742 3390 2807 κυκλικὸς
3446 2742 3513 2805 εἰς
3564 2745 3651 2796 τὸν
3693 2733 4026 2815 σφαιροειδῆ,
4081 2754 4173 2789 και

2457 1649 2498 1703 Β

2530 2919 2587 2978 Si
2634 2920 2814 2991 igitur
2868 2921 3320 2979 considerentur
3366 2921 3449 2979 ab
3477 2936 3508 2978 c
3559 2924 3623 2978 ut
3677 2919 3877 2993 posita
3935 2916 4087 2972 sicut
4133 2914 4197 2970 in

2527 3010 2694 3068 ﬂuxa
2744 3010 2845 3068 illa
2899 3011 3365 3077 continuatione,
3422 3009 3714 3067 uniuntur
3756 3004 4110 3066 naturaliter
4142 3007 4199 3060 et

2459 3113 2499 3170 ρ
2528 3116 2736 3157 rursus
2767 3101 2844 3158 ad
2873 3117 3269 3159 numerorum
3313 3102 3538 3157 ﬂumen
3596 3102 3970 3160 revocantur,
3999 3099 4056 3151 et
4069 3108 4196 3150 non

2528 3195 2670 3247 sunt
2695 3190 3043 3265 proximum
3081 3192 3247 3264 quid.
3309 3194 3382 3248 At
3444 3192 3493 3248 si
3544 3205 3581 3247 a
3617 3189 4015 3261 assumpserit
4058 3203 4196 3259 par-

2528 3280 2634 3337 tim
2672 3282 2705 3337 b
2758 3285 2976 3354 partim
3031 3282 3210 3338 etiam
3263 3299 3313 3349 c,
3356 3286 3413 3338 et
3468 3299 3675 3339 rursus
3720 3281 3841 3338 sic
3899 3297 4186 3353 assump-

2528 3372 2668 3428 serit
2685 3372 2905 3445 partim
2934 3371 3179 3444 quidem
3225 3373 3276 3437 b,
3302 3373 3525 3446 partim
3565 3373 3746 3430 etiam
3784 3387 3821 3428 a
3868 3377 4048 3444 atque
4077 3372 4197 3427 hoc

2527 3461 2709 3518 modo
2732 3463 2794 3517 in
2844 3461 3108 3531 ﬁguram
3158 3462 3509 3534 redigantur
3550 3468 3606 3518 et
3656 3462 4058 3533 decerpantur
4117 3461 4194 3517 de

2526 3567 2924 3608 numerorum
2977 3553 3226 3625 perenni
3305 3552 3576 3621 ﬂumine,
3629 3557 3805 3609 erunt
3853 3551 4189 3621 triangulus

2524 3641 2744 3715 planus
2790 3656 3098 3698 numerus.
3150 3642 3373 3699 Eodem
3411 3642 3596 3699 modo
3652 3645 3917 3715 quatuor
3974 3646 4032 3697 et
4086 3641 4193 3712 qui

2524 3730 2673 3789 libet
2724 3729 2876 3787 alius
2922 3746 3213 3787 numerus
3268 3747 3407 3787 cum
3461 3732 3696 3787 excisus
3739 3731 3916 3787 fuerit
3973 3730 4051 3786 ab
4084 3731 4191 3787 ab-

2527 3820 2735 3877 solutis
2760 3824 2817 3876 et
2849 3820 3231 3877 naturalibus
3269 3820 3561 3889 numeris,
3604 3820 4003 3894 appellabitur
4050 3836 4192 3892 pro-

2524 3911 2760 3968 ximum
2781 3911 2950 3985 quid,
2971 3911 3257 3968 nimirum
3296 3912 3596 3981 singulare
3648 3917 3707 3968 et
3753 3912 4189 3984 temperatione

2526 4003 2865 4076 praeditum.
2907 4003 3300 4059 Revocabitur
3349 4008 3550 4059 autem
3578 4002 3657 4059 ad
3686 4002 3916 4058 ﬂumen
3970 4018 4193 4058 nume-

2524 4108 2732 4150 rorum
2759 4108 2830 4149 eo
2855 4091 3020 4166 quod
3038 4092 3259 4150 habeat
3295 4093 3571 4160 unitates,
3608 4091 3717 4149 sed
3746 4097 4089 4149 secernetur
4110 4093 4191 4149 ab

2527 4182 2661 4256 ipso
2681 4182 2929 4239 ﬂumine
2978 4186 3035 4239 et
3095 4182 3173 4240 ab
3235 4182 3365 4238 aliis
3431 4182 3639 4253 ﬁguris
3700 4188 3767 4237 ut
3828 4197 3973 4238 suas
4004 4182 4069 4238 in
4103 4200 4195 4239 se-

2527 4274 2661 4349 ipos
2696 4277 2894 4346 partes
2957 4276 3214 4341 vertens,
3264 4278 3321 4329 et
3385 4272 3501 4329 hac
3560 4271 3941 4344 copulatione
3997 4288 4191 4330 unam

2528 4369 2763 4439 partem
2813 4364 2983 4421 alteri
3038 4364 3395 4436 adjungens.
3448 4366 3546 4419 Est
3622 4368 3823 4420 autem
3897 4363 4196 4436 proximis

2451 4478 2496 4535 ι)
2531 4472 2641 4512 sua
2679 4454 3092 4512 conveneintia
3112 4454 3375 4526 propria.
3418 4456 3620 4526 Neque
3650 4452 3925 4509 omnium
3984 4469 4193 4510 rerum

2528 4552 2745 4603 natura
2773 4544 2882 4602 fert
2910 4549 2972 4601 ut
2991 4545 3227 4618 possint
3250 4560 3389 4599 cum
3419 4543 3703 4600 omnibus
3723 4541 3994 4617 copulari
4031 4562 4043 4599 :
4072 4544 4195 4601 nisi

2493 4674 2497 4681 ι
2531 4635 2610 4693 ad
2635 4635 2900 4708 primum
2930 4633 3098 4689 illum
3124 4647 3453 4705 perennem
3483 4632 3995 4688 ﬂuminist‘ontem
4020 4648 4195 4690 revo-

2528 4730 2756 4783 centur.
2797 4728 2867 4781 At
2903 4724 3192 4780 uniuntur
3229 4722 3408 4779 etiam
3444 4722 3896 4796 particulariter.
3934 4724 4007 4779 Ut
4035 4738 4193 4796 qua-

2526 4814 2821 4873 ternarius
2850 4815 2911 4871 in
2949 4829 3053 4870 sex
3091 4812 3407 4870 denarium
3447 4812 3771 4885 propagari
3808 4817 4027 4886 potest,
4060 4830 4191 4870 rur-

2528 4923 2629 4963 sus
2655 4905 2717 4961 in
2758 4905 3003 4961 cubum.
3032 4906 3181 4960 Nam
3234 4918 3524 4959 numerus
3556 4918 3630 4958 ex
3659 4903 4046 4975 quaternario
4088 4919 4189 4959 so-

2524 4995 2643 5053 lide
2670 4998 3023 5068 compactus
3047 4993 3108 5050 in
3140 4992 3390 5063 cubum,
3439 4992 3854 5065 quaternarios
3910 4992 4100 5050 habet
4122 4994 4188 5051 in

2529 5086 2651 5142 suis
2672 5085 2949 5158 utrinque
2978 5082 3273 5157 partibus.
3327 5082 3643 5139 Ternarius
3701 5083 3843 5139 item
3899 5083 3963 5140 in
4005 5086 4189 5156 quin-

2527 5192 2646 5250 que
2668 5174 2992 5250 propagari
3016 5178 3234 5247 potest,
3284 5188 3427 5230 nam
3479 5172 3660 5244 hujus
3718 5172 3938 5247 planus
3977 5191 4196 5235 nume—

2527 5283 2630 5324 rus
2664 5271 2753 5322 est
2793 5270 2855 5321 15
2894 5278 3184 5320 numerus
3235 5281 3249 5321 :
3286 5264 3390 5336 qui
3444 5263 3717 5336 superior
3744 5263 3838 5319 his
3863 5268 3952 5321 est
4001 5266 4195 5325 dena-

2528 5358 2652 5415 rius
2687 5372 2700 5422 ;
2727 5355 2820 5412 his
2851 5354 3033 5412 etiam
3060 5353 3331 5427 superior
3381 5357 3469 5410 est
3522 5353 3793 5411 senarius
3826 5371 4200 5428 :supremus

2529 5446 2849 5514 ternarius,
2891 5445 3088 5502 unitas
3143 5460 3282 5501 vero
3322 5449 3409 5501 est
3473 5460 3766 5501 cacumen
3788 5449 3844 5502 et
3881 5445 4201 5519 fastigium

2532 5537 2874 5605 Quadratus
2912 5536 3091 5607 igitur
3119 5536 3181 5592 in
3206 5534 3432 5591 cubum
3484 5534 3728 5592 uniatur
3755 5540 3998 5609 propter
4018 5538 4205 5597 habi-

2529 5629 2804 5687 tudinem
2835 5672 2850 5698 ,
2882 5626 3217 5698 triangulus
3265 5642 3405 5683 vero
3435 5624 3495 5683 in
3539 5626 3873 5699 pyramidis
3932 5628 4207 5689 similem

2530 5734 2873 5787 numerum,
2902 5714 3209 5776 circularis
3258 5732 3403 5776 vero
3443 5717 3815 5775 numerusin
3848 5715 4113 5791 spherae
4130 5721 4210 5779 εὶ·
