4444 6452
281 426 414 480 1277

1147 411 1502 472 THEODOHI
1543 410 1586 465 Il
1627 407 1765 465 1MP.
1807 403 1897 464 DE
1938 401 2401 461 COMMUNIONE
2440 401 2806 460 NATULALI.

3555 401 3691 459 1278

278 548 428 608 ἄλλος
507 549 608 606 πᾶς
673 542 740 604 εἷς
818 541 904 595 τὸν
970 541 1254 612 πεφυκότα·
1320 541 1419 592 Καὶ
1469 537 1653 589 καθότι
1709 533 1797 605 μὲν
1846 531 2204 609 οὗνΑοῦσης
2285 550 2372 600 καὶ
2447 547 2504 599 ού
2549 553 2755 619 μικτῆς,
2832 543 2999 615 πολλῷ
3083 542 3270 616 μᾶλλον
3339 544 3430 596 τὰν
3478 547 3693 618 κράσεις

279 639 460 696 πάντες
485 636 704 707 μονάσιν
757 632 859 687 εἰσί
889 650 942 686 τε
997 636 1085 682 καὶ
1144 636 1437 702 γεννῶνται,
1487 629 1702 697 ἔχουσιν
1755 622 1821 682 εἰς
1873 622 1930 672 τὸ

283 735 383 778 τῶν
429 725 660 797 ἀριθμῶν
717 725 871 794 χύμα
922 724 1009 778 τὴν
1064 721 1263 785 ἕνωσιν,
1326 721 1405 770 ὅτι
1473 712 1531 770 δὲ
1582 711 1933 785 διακριθέντες

282 815 425 869 ἄλλοι
464 814 636 875 ἄλλοις
666 813 1030 880 ένοῡνται,καὶ
1061 809 1234 871 ἀλλοις
1295 809 1476 880 ἕτεροι,
1540 808 1625 860 καὶ
1682 802 1739 856 ού
1825 819 1931 853 κοι·

284 911 530 960 νωνούσιν
558 906 622 964 ὡς
651 906 911 974 τύχωσιν,
955 899 1041 953 ἀπ’
1085 899 1313 958 ἀλλήλων
1363 897 1586 971 ἐναργῶς
1641 891 1931 966 διακέκριν-

284 1014 373 1049 ται
402 993 551 1048 ταῦθ’
604 993 683 1045 ὃτι
709 997 798 1045 καὶ
853 992 988 1044 κατὰ
1039 993 1192 1063 φύσιν
1246 992 1335 1041 καὶ
1393 992 1580 1060 κρᾶσιν
1629 988 1863 1056 γίγνεται
1913 1002 1928 1018 ·

287 1083 353 1144 εἰς
395 1086 496 1156 γὰρ
544 1086 636 1142 τὴν
687 1087 898 1157 πρώτην
937 1080 1130 1138 ἐκείνην
1182 1082 1356 1150 πηγὴν
1403 1076 1632 1131 ἱνούνται
1679 1073 1883 1128 ἅπαντα
1913 1093 1928 1107 υ

285 1169 646 1246 διακρίνωνται
677 1169 735 1225 δε
788 1169 875 1224 ἀπ’
926 1169 1151 1229 αλλήλων
1205 1170 1323 1222 ὅταν
1372 1166 1424 1231 ἐξ
1481 1165 1672 1229 ἇκείνης
1729 1161 1925 1218 ποικιλ-

285 1265 418 1316 θῶσι
443 1267 532 1315 καὶ
560 1261 792 1315 σταλῶσι
822 1263 953 1334 πρὸς
981 1262 1255 1334 μερισμόν.

354 1351 417 1413 ζ’.
456 1352 516 1405 Ἠ
546 1354 635 1424 μεν
684 1347 771 1404 οὖν
832 1358 894 1422 τῇ
944 1353 1094 1422 φύσει
1150 1349 1381 1402 συνοῦσά
1426 1348 1710 1404 συνακτική
1772 1344 1930 1416 ἰσχύς

279 1438 453 1499 διήκει
528 1445 617 1494 καὶ
698 1441 789 1502 ἓως
881 1447 982 1491 τῶν
1096 1437 1417 1491 λεπτοτάτων
1505 1444 1604 1488 τῶν
1698 1435 1930 1508 κράσεων

275 1537 561 1606 μερισμῶν,
651 1531 864 1600 συνάγει
920 1525 979 1580 δι
1049 1527 1201 1580 πάλιν
1254 1529 1322 1588 ὡς
1383 1524 1583 1598 ἀρχικὴ
1660 1527 1725 1576 τὰ
1799 1527 1927 1597 μέρη

282 1621 348 1681 εἰς
400 1624 459 1673 τὸ
512 1620 757 1692 καθόλου,
817 1623 848 1678 ἦ
898 1622 987 1671 καὶ
1032 1626 1143 1680 ταῖς
1201 1619 1449 1690 κράσεσιν
1508 1616 1674 1669 οἰκεία
1727 1611 1933 1675 ἰδιότης

278 1709 518 1785 ἑκατέρας
608 1709 696 1762 ἀπ’
772 1707 1001 1766 ἀλλήλων
1067 1711 1289 1781 μερίζει,
1358 1706 1459 1759 ἑνοῖ
1512 1702 1570 1758 δε
1622 1703 1736 1757 κατ’
1799 1701 1932 1757 ἰδιό-

276 1820 414 1859 τητα
481 1807 723 1873 μερικῶς.
805 1798 1035 1870 Ἔχουσι
1112 1793 1171 1850 δι
1246 1797 1310 1850 τὰ
1357 1797 1545 1869 μερικὰ
1599 1793 1647 1848 ἓν
1701 1801 1932 1871 μερικοῖς

280 1890 613 1965 πολοτρόπως
649 1893 744 1947 τὴν
797 1889 996 1955 ἕνωσιν,
1048 1889 1220 1961 ὥσπερ
1286 1890 1374 1938 καὶ
1431 1884 1479 1938 ἓν
1529 1893 1600 1956 τῷ
1654 1890 1780 1959 Περὶ
1835 1884 1934 1956 4m-
1967 1894 2005 1947 B
2041 1893 2304 1943 τοῦτοκαὶ
2344 1891 2488 1964 παρά
2514 1891 2667 1960 φύσιν
2718 1887 2884 1942 ἐκεῖνα
2935 1887 3181 1946 κέκληται
3230 1907 3242 1921 ·

282 1991 390 2056 χῆς
443 1979 802 2054 Ἀριστοτέλης
845 1984 1049 2052 μνήμην
1099 1980 1227 2032 εἶναι
1279 1984 1437 2044 ποιεῖ,
1506 1980 1595 2028 καί
1648 1995 1707 2047 γε
1770 1974 1934 2034 ἁπλῆν

282 2074 479 2132 ταύτην
527 2074 766 2144 νομίζων,
835 2068 1192 2130 πολυπλόκους
1255 2069 1346 2130 τὰς
1405 2069 1692 2140 φαντασίας
1750 2065 1939 2138 ὀνομά-

286 2163 365 2225 ζει
419 2161 599 2222 αὐτῆς.
669 2160 731 2214 Εἰ
769 2162 859 2232 μεν
899 2155 986 2214 οὖν
1052 2167 1114 2232 τῇ
1173 2156 1306 2231 ἁπλῇ
1366 2156 1520 2228 ψυχῇ
1565 2159 1654 2217 τὰς
1705 2161 1939 2219 κινήσεις

285 2250 638 2312 πολυπλόκους
724 2255 935 2322 νοοῦμεν
1013 2245 1160 2315 εἶναι,
1239 2250 1327 2300 καὶ
1387 2245 1775 2319 συμϐάλλεσθαι
1848 2249 1937 2320 μεν

283 2341 439 2404 ἄλλας
494 2343 623 2416 πρὸν
704 2339 880 2405 ἄλλας,
943 2338 1117 2411 ἐτέρας
1179 2333 1238 2391 δέ
1281 2339 1406 2412 πρὸς
1445 2336 1636 2410 ἐτὲρας,
1692 2340 1780 2389 καὶ
1834 2336 1938 2408 ούχ

282 2429 452 2492 ἁπλῶς
492 2432 572 2484 ὅτι
619 2435 720 2493 πᾶς
770 2428 952 2491 ἑαυτῆς
1007 2427 1248 2483 ἐνοῦσθαι
1297 2435 1476 2490 κοινῶς
1527 2430 1616 2481 καί
1672 2446 1730 2499 γε
1767 2433 1939 2500 νοερᾶς

277 2665 483 2724 milem
507 2679 866 2721 numerum:
931 2666 987 2720 et
1040 2661 1291 2736 quilibet
1342 2661 1493 2720 alius
1555 2677 1843 2720 numerus
1874 2662 1935 2720 in

279 2771 464 2831 quem
485 2758 700 2811 natura
743 2753 1066 2828 propagari
1098 2757 1153 2810 et
1208 2752 1363 2809 uniri
1407 2756 1602 2826 potest
1636 2795 1649 2810 .
1707 2756 1770 2810 Et
1792 2768 1938 2826 quo-

279 2847 448 2904 niam
478 2860 690 2902 omnes
720 2861 792 2901 ex
831 2843 1162 2900 unitatibus
1213 2844 1505 2901 exsistunt
1535 2847 1591 2900 et
1641 2844 1933 2914 oriuntur,

279 2936 418 2994 ideo
434 2935 706 2992 omnium
729 2933 1029 3008 copulatio
1061 2933 1416 2990 universalis
1447 2933 1525 2990 ad
1546 2949 1938 2990 numerorum

281 3026 509 3085 ﬂumen
531 3040 794 3100 perenne
819 3028 1153 3081 revocatur.
1200 3027 1280 3080 Eo
1321 3028 1521 3081 autem
1575 3024 1740 3098 quod
1772 3040 1938 3098 sepa-

283 3118 394 3174 rati
451 3116 551 3173 alii
608 3116 688 3172 ab
746 3114 878 3171 aliis
934 3115 1218 3171 uniantur
1264 3114 1443 3171 etiam
1483 3114 1581 3171 alii
1630 3131 1768 3171 cum
1809 3115 1937 3172 aliis

280 3222 392 3264 nec
421 3205 776 3283 copulentur
807 3221 944 3261 cum
976 3203 1363 3278 quibuslibet,
1399 3221 1434 3261 a
1465 3220 1525 3261 se
1552 3204 1704 3261 inter
1725 3220 1787 3260 se
1813 3221 1936 3261 ma-

281 3296 490 3354 nifeste
520 3295 782 3352 distincti
815 3299 970 3351 sunt.
1005 3297 1124 3350 Hoc
1153 3298 1356 3350 autem
1388 3294 1522 3351 ideo
1569 3294 1636 3351 ﬁt
1688 3294 1854 3368 quod
1883 3299 1940 3352 et

282 3386 618 3442 secundum
647 3389 930 3441 naturam
956 3387 1013 3440 et
1071 3383 1406 3440 secundum
1439 3385 1938 3456 temperationem

280 3476 564 3533 uniantur
598 3494 610 3543 ;
643 3490 788 3531 nam
815 3475 877 3531 in
908 3475 1172 3546 primum
1202 3474 1372 3530 illum
1398 3473 1624 3530 fontem
1652 3474 1941 3530 uniuntur

281 3566 505 3622 omnia.
547 3567 973 3622 Discernuntur
1017 3580 1161 3621 vero
1205 3565 1355 3621 inter
1413 3582 1476 3622 se
1515 3581 1655 3621 cum
1687 3580 1724 3620 a
1779 3564 1940 3622 fonte

279 3654 378 3711 illo
434 3653 700 3727 profecta
755 3655 1103 3710 varietatem
1165 3653 1486 3727 acquirunt
1543 3659 1599 3710 et
1641 3653 1702 3710 in
1742 3653 1941 3711 distri-

281 3743 594 3801 butionem
651 3743 916 3799 veniunt.

354 3838 407 3890 '7.
441 3834 536 3889 Vis
575 3832 754 3903 igitur
791 3832 1117 3906 copulandi
1155 3849 1292 3906 quas
1332 3836 1620 3905 perpetuo
1657 3835 1943 3890 naturam

286 3923 623 3988 comitatur,
656 3928 926 3996 permeat
962 3922 1443 3978 distributionem
1476 3923 1656 3978 etiam
1697 3921 1772 3979 ad
1807 3922 1944 3976 sub-

288 4013 598 4070 tilissimas
682 4029 874 4085 usque
932 4014 1421 4085 temperationes.
1482 4015 1704 4069 Rursus
1744 4016 1944 4068 autem

289 4103 654 4175 utprinceps
721 4119 903 4159 causa
968 4107 1206 4158 revocat
1293 4105 1489 4174 partes
1538 4102 1615 4158 ad
1661 4101 1946 4158 unionem

292 4191 710 4249 universalem.
752 4195 823 4248 At
882 4191 971 4246 vis
1057 4192 1434 4265 proprietatis
1510 4191 1817 4263 utriusque
1872 4190 1947 4246 si-

293 4282 542 4354 gillatim
599 4287 801 4355 partes
857 4282 1007 4339 inter
1065 4299 1126 4338 se
1192 4282 1521 4352 distinguit.
1559 4282 1810 4355 Copulat
1847 4298 1949 4338 au-

290 4379 413 4431 tem
434 4373 873 4446 particulariter
903 4374 1237 4430 secundum
1277 4373 1721 4446 proprietatem.
1766 4373 1948 4429 Parti-

291 4464 519 4520 cularia
574 4480 715 4519 vero
769 4464 828 4519 in
883 4464 1338 4536 particularibus
1397 4465 1578 4521 variis
1609 4463 1807 4520 modis
1845 4464 1949 4519 ha-

2044 632 2346 708 δοξάσωμεν
2405 641 2474 708 μὴ
2559 635 2802 688 ἑνοῦσθαι
2895 642 3097 699 κοινῶς,
3186 631 3291 684 ἀλλ’
3365 629 3531 698 ἰδίως,
3600 637 3690 696 τὰς

2040 730 2128 779 καὶ
2186 726 2310 784 ύλην
2365 727 2592 799 ἐχούσας
2646 731 2734 778 καὶ
2787 721 2963 778 διόλου
3018 725 3229 797 μικτὰς,
3284 725 3417 775 κατὰ
3468 726 3524 776 τὸ
3566 721 3693 776 εἶναι

2040 821 2250 890 κράσεις
2284 817 2464 880 αύτάς.
2495 817 2554 870 Εἰ
2598 818 2698 890 γὰρ
2739 821 2826 868 καὶ
2878 822 3067 889 κρᾶσις
3117 819 3187 887 μὴ
3250 817 3452 885 ἔχουσα
3511 814 3686 888 εὑρεθῇ

2040 906 2186 971 ὓλην,
2222 905 2331 958 ἀλλ’
2394 903 2480 958 οὖν
2541 909 2630 957 καὶ
2692 905 2821 964 αύτὴ
2865 906 3048 956 καθότι
3087 904 3310 978 κράσεσι
3362 906 3451 955 καὶ
3503 902 3693 976 ἑτέραις

2043 992 2100 1050 δι
2125 1001 2195 1068 μὴ
2244 994 2636 1069 συμϐάλλεσθαι
2695 1015 2708 1028 ·
2767 998 2995 1068 περιόντι
3051 996 3151 1066 γὰρ
3209 994 3345 1045 θέσει
3392 996 3695 1064 καταγίνον-

2041 1105 2126 1139 ται
2205 1087 2497 1159 πράγματι,
2573 1088 2744 1137 καίτοι
2805 1081 2897 1137 διὰ
2954 1091 3105 1136 τοῦτο
3159 1084 3296 1134 κατὰ
3349 1086 3442 1141 τὴν
3504 1086 3692 1153 σχέσιν

2042 1173 2274 1250 ἀφορῶσι
2309 1185 2402 1237 τῆς
2458 1174 2646 1236 οἰκείας
2700 1175 2911 1248 ὁρμῆς·
2969 1172 3228 1246 πολυμερῆ
3279 1173 3376 1247 γὰρ
3453 1173 3520 1224 τὰ
3561 1176 3695 1225 κατὰ

2039 1271 2226 1339 κρᾶσιν
2308 1263 2584 1337 τελούμενα
2634 1265 2713 1316 ὃτι
2785 1266 2839 1316 αἱ
2910 1264 3120 1337 κράσεις
3189 1261 3491 1335 πολυμερεὶς
3577 1261 3691 1313 κατ’

2042 1353 2367 1407 ὶπισύνθεσιν
2403 1396 2414 1408 .
2449 1354 2502 1406 αἱ
2532 1356 2621 1426 μεν
2659 1357 2760 1428 γὰρ
2830 1352 3080 1420 ἐνούνται,
3131 1354 3185 1403 αἱ
3240 1348 3297 1403 δε
3356 1350 3696 1410 ἀνοικειότητι

2042 1440 2432 1497 διαστέλλονται
2471 1482 2483 1494 .
2518 1448 2635 1517 περὶ
2689 1445 2789 1518 γὰρ
2846 1446 2939 1501 τὴν
2987 1442 3057 1502 εἰς
3104 1443 3383 1498 κοινότητα
3454 1437 3697 1498 ἰδιότητα

2041 1532 2097 1585 ού
2123 1532 2274 1603 λόγος
2303 1532 2508 1600 αύταίς,
2545 1531 2650 1583 ἀλλ’
2698 1531 2770 1593 εἰς
2826 1527 3072 1589 ἰδιότητα
3123 1532 3148 1582 ό
3211 1532 3399 1590 σκοπός
3445 1528 3552 1582 ἐπεὶ
3608 1533 3696 1581 καὶ

2040 1621 2099 1674 ού
2128 1624 2310 1674 καθότι
2339 1620 2387 1672 ἐν
2414 1621 2484 1673 ἑνὶ
2532 1621 2662 1674 τέλει
2694 1619 2954 1696 ἀφορῶσιν
3004 1620 3135 1692 όμού
3183 1639 3196 1653 ·
3259 1621 3366 1671 ἔστι
3412 1621 3512 1692 γὰρ
3569 1620 3696 1670 ὅπου

2041 1714 2128 1764 καὶ
2178 1711 2347 1784 φαῦλα
2401 1711 2516 1769 τέλη
2582 1710 2788 1764 τελοῦσι
2871 1718 3107 1782 μιγεῖσαι
3171 1711 3405 1782 κράσεις,
3460 1710 3489 1766 ἡ
3548 1712 3698 1780 φύσις

2044 1796 2103 1854 δι
2162 1796 2312 1854 οὐδὲν
2388 1799 2459 1861 εἰς
2516 1798 2742 1874 αἰσχρόν
2798 1798 3045 1872 ἀφορῶσα
3097 1797 3235 1860 τέλος
3312 1797 3546 1856 ἐποίησε.
3582 1798 3702 1858 ,Διὰ

3300 1890 3358 1939 τὸ
3418 1883 3476 1939 δὲ
3528 1885 3698 1942 πλεῖον

2043 1985 2279 2052 μιγεῖσαι
2320 1982 2533 2052 κράσεις
2592 1981 2743 2032 αῖσια
2816 1977 2932 2036 τέλη
2991 1978 3217 2044 τελοῦσι,
3279 1973 3583 2051 Παράδοξον
3643 1973 3701 2029 δὲ

2047 2065 2282 2122 δοκεῖται
2354 2075 2464 2130 ταῖς
2521 2069 2633 2121 κατ’
2697 2065 2941 2126 ἰδιότητα
2987 2069 3209 2143 κράσεσι
3265 2070 3602 2140 μιγνυμέναις
3667 2068 3696 2125 ἡ

2044 2167 2145 2212 τῶν
2179 2157 2362 2231 ἑτέρων
2411 2159 2644 2230 κράσεων
2696 2159 2873 2219 ἔνωσις
2937 2178 2951 2193 ·
3010 2155 3179 2231 ἀφορᾷ
3233 2159 3331 2230 γὰρ
3387 2155 3605 2211 ἕκαστον
3637 2155 3702 2216 εἰς

2045 2252 2140 2307 τὴν
2178 2256 2271 2300 τοῦ
2323 2246 2569 2319 ἕγγιστου
2620 2249 2800 2301 ἕνωσιν
2840 2267 2853 2282 ο

2047 2337 2205 2410 ὃμοια
2229 2338 2257 2396 ἡ
2292 2338 2359 2390 τὰ
2389 2336 2626 2410 ἀνόμοια,
2659 2338 2738 2390 ὅτι
2768 2339 2826 2389 τό
2857 2339 3101 2409 συγγενὲς
3149 2335 3278 2392 ἕλκει
3328 2338 3386 2388 τό
3436 2339 3698 2406 συγγενές.

2909 2249 3218 2319 συνάγονται
3269 2248 3369 2318 γὰρ
3419 2245 3606 2318 μᾶλλον
3636 2247 3703 2296 τὰ

2049 2431 2275 2503 Πότερον
2308 2424 2393 2481 οὖν
2426 2426 2598 2492 ἁπλῶς
2627 2429 2656 2487 ἡ
2691 2429 2845 2501 φύσις
2884 2431 3162 2486 ποιήσασα
3221 2423 3428 2486 δηλαδὴ
3462 2427 3556 2488 τὰς
3605 2423 3701 2500 ἀρι-

2046 2663 2429 2737 perationum
2490 2663 2668 2735 igitur
2704 2665 2921 2720 natura
2958 2661 3088 2733 fert,
3128 2663 3197 2719 ut
3235 2676 3374 2717 cum
3415 2663 3705 2733 tempera-

2046 2753 2311 2810 tionibus
2342 2753 2719 2827 copulentur,
2759 2768 2955 2826 neque
2997 2768 3134 2808 eum
3175 2751 3422 2807 diversis
3463 2765 3708 2822 compo-

2046 2848 2286 2901 nantur.
2329 2847 2476 2901 Nam
2516 2845 2602 2900 rei
2639 2844 2848 2917 positae
2890 2843 3194 2899 exsistenti
3235 2841 3532 2907 accidunt,
3575 2840 3708 2897 licet

2048 2933 2224 2990 etiam
2257 2949 2293 2990 a
2328 2949 2391 2990 re
2452 2934 2769 2990 discedant
2832 2949 2943 3004 pro
2997 2932 3227 2990 ratione
3288 2929 3706 3004 propensionis

2047 3022 2326 3098 propriae.
2371 3026 2518 3080 Nam
2578 3022 2930 3096 multiplicia
2957 3028 3249 3095 suntquae
3279 3037 3386 3094 per
3417 3026 3708 3092 tempera-

2048 3114 2273 3171 tionem
2340 3113 2803 3184 constituuntur,
2874 3129 2944 3170 eo
3011 3112 3179 3186 quod
3245 3110 3707 3184 temperationes

1982 3195 2023 3251 C
2051 3204 2230 3261 etiam
2257 3203 2374 3260 sint
2406 3203 2786 3276 multiplices,
2827 3209 3069 3277 propter
3108 3200 3556 3275 compositionis
3594 3199 3707 3257 ad-

2050 3294 2357 3351 ditionem.
2419 3293 2564 3350 Aliae
2604 3293 2781 3364 igitur
2819 3294 3127 3361 uniuntur,
3170 3293 3294 3349 alia:
3333 3294 3578 3364 propter
3615 3291 3705 3346 di-

2047 3399 2285 3440 versam
2325 3383 2751 3456 proprietatem
2808 3384 3228 3454 sejunguntur.
3289 3385 3438 3438 Nam
3497 3384 3710 3452 praeter

2049 3473 2213 3530 illam
2272 3472 2613 3544 generalem
2691 3472 2936 3529 uniendi
3008 3473 3301 3529 rationem
3355 3469 3709 3542 temperatio

2051 3578 2227 3620 suam
2255 3578 2514 3635 quaeque
2557 3563 2983 3635 proprietatem
3040 3563 3324 3634 sequitur,
3398 3575 3534 3616 cum
3586 3573 3710 3615 non

2051 3667 2289 3724 semper
2315 3652 2394 3708 ad
2426 3668 2615 3708 unum
2654 3652 2839 3708 ﬁnem
2901 3651 3082 3708 simul
3113 3652 3448 3720 dirigantur
3482 3654 3710 3721 tempe-

2051 3742 2328 3798 rationes.
2367 3742 2448 3797 Fit
2487 3741 2646 3797 enim
2687 3758 2847 3815 saepe
2882 3747 2946 3798 ut
2983 3741 3449 3814 temperationes
3489 3738 3711 3810 permi-

2054 3835 2156 3888 stae
2184 3831 2393 3888 effecta
2417 3831 2580 3887 mala
2633 3831 2830 3888 edant.
2875 3835 2944 3887 At
2992 3836 3209 3887 natura
3247 3844 3563 3901 nunquam
3597 3827 3711 3882 sibi

2053 3923 2366 3996 proposuit
2389 3926 2560 3994 turpe
2615 3921 2843 3994 aliquid
2901 3921 3304 3978 efficiendum.
3356 3919 3580 3976 Idcirco
3610 3917 3712 3973 illa

2054 4018 2270 4087 praeter
2290 4017 2567 4070 naturam
2595 4013 2751 4069 facta
2773 4013 3071 4068 dicuntur.
3112 4012 3339 4085 Stepius
3399 4025 3536 4067 vero
3565 4013 3710 4064 tem-

2057 4104 2394 4177 perationes
2415 4105 2715 4174 permistae
2747 4119 3067 4175 prosperos
3121 4118 3432 4158 successus
3487 4098 3714 4155 habue-

2056 4199 2212 4250 runt.
2267 4195 2448 4248 Porro
2498 4193 2665 4264 quod
2736 4193 3199 4265 temperationes
3259 4191 3517 4246 diversas
3572 4203 3708 4244 cum

2054 4281 2590 4354 temperationibus
2651 4282 2983 4337 secundum
3049 4281 3476 4354 proprietatem
3518 4277 3710 4333 mistis

2056 4375 2339 4430 uniantur
2368 4373 2712 4429 incredibile
2741 4373 2994 4433 videtur.
3029 4377 3172 4428 Nam
3233 4370 3713 4443 unumquodque

2054 4481 2193 4521 cum
2225 4465 2499 4537 proximo
2524 4464 2789 4536 copulari
2845 4464 3012 4520 solet.
3069 4463 3269 4519 l’otius
3292 4462 3450 4516 enim
3493 4458 3709 4516 similia

292 4551 901 4626 benteopulationem
935 4559 999 4610 ut
1066 4554 1245 4610 etiam
1302 4554 1361 4609 in
1393 4553 1559 4610 libris
1624 4556 1709 4609 De
1743 4554 1948 4610 anima
1983 4566 2024 4620 1)
2055 4571 2240 4627 quam
2271 4553 2584 4610 dissimilia
2614 4553 3123 4624 conglutinantur,
3176 4552 3319 4625 quia
3346 4551 3406 4607 id
3433 4549 3597 4622 quod
3625 4553 3716 4604 est

290 4642 630 4701 Aristoteles
663 4643 855 4700 tradit.
894 4646 958 4699 Et
990 4661 1127 4699 cum
1161 4643 1494 4716 simplicem
1527 4644 1796 4700 animam
1829 4659 1949 4700 cre-

291 4733 394 4790 dat
422 4749 574 4803 esse,
609 4737 812 4790 tamen
842 4733 1190 4806 multiplicia
1219 4733 1408 4806 ipsius
1433 4733 1560 4790 visa
1579 4749 1947 4790 commemo-

289 4828 399 4882 rat.
437 4825 492 4880 Si
531 4823 710 4893 igitur
748 4823 1000 4897 simplici
1070 4823 1288 4880 animte
1331 4824 1688 4896 multiplices
1749 4829 1948 4880 motus

288 4914 482 4971 inesse
505 4913 914 4985 intelligimus,
972 4918 1028 4970 et
1080 4913 1230 4971 alios
1275 4931 1413 4971 cum
1447 4913 1574 4971 aliis
1641 4914 1944 4988 componi,

289 5009 348 5061 et
410 5004 679 5061 diversos
772 5021 910 5061 cum
999 5005 1273 5073 diversis,
1343 5021 1538 5078 neque
1601 5005 1950 5079 simpliciter

289 5094 467 5165 uniri,
499 5095 779 5169 quamvis
810 5095 947 5168 ipsa
977 5096 1048 5152 sit
1087 5096 1440 5166 intelligens,
1470 5096 1819 5169 nullamque
1849 5095 1950 5152 ad-

288 5187 633 5244 mistionem
656 5186 822 5251 ferat,
855 5187 1259 5258 multomagis
1287 5188 1626 5244 existimare
1658 5187 1950 5244 debemus

289 5277 755 5350 temperationes
795 5277 895 5334 illo
922 5277 1229 5333 communi
1269 5277 1452 5333 modo
1490 5293 1610 5333 non
1642 5277 1815 5347 uniri,
1846 5278 1950 5334 sed

289 5366 596 5442 peculiari,
639 5385 778 5424 cum
808 5367 1138 5440 praesertim
1161 5371 1218 5423 et
1256 5368 1570 5424 materiam
1609 5368 1951 5425 habeantet

288 5458 527 5532 penitus
595 5458 1046 5530 permistionem
1115 5458 1445 5532 suscipiant
1508 5475 1578 5515 eo
1643 5459 1810 5532 quod
1837 5460 1951 5516 sint

290 5549 777 5622 temperationes.
807 5551 953 5605 Nam
982 5548 1236 5605 etiamisi
1277 5548 1451 5605 detur
1490 5549 1693 5621 aliqua
1727 5554 1951 5622 tempe-

290 5639 442 5696 ratio
505 5653 640 5710 quae
707 5639 1022 5695 materiam
1082 5655 1206 5695 non
1266 5638 1469 5708 habet,
1528 5643 1951 5696 verumtamen

290 5727 436 5802 quia
457 5727 811 5802 temperatio
849 5731 956 5802 est,
999 5726 1429 5789 admistionem
1469 5727 1735 5803 suscipit.
1776 5730 1949 5787 Tem-

2056 4643 2326 4714 ejusdem
2385 4643 2618 4712 generis
2674 4643 2910 4698 attrahit
2967 4642 3149 4699 etiam
3206 4640 3352 4697 illud
3408 4638 3575 4712 quod
3629 4641 3718 4694 est

2056 4733 2328 4803 ejusdem
2366 4733 2615 4802 generis.
2661 4735 2863 4788 Utrum
2905 4733 3102 4802 igitur,
3143 4748 3283 4787 cum
3313 4735 3528 4788 natura
3549 4727 3717 4801 prin-

2057 4824 2213 4898 cipia
2246 4822 2541 4895 simplicia
2571 4823 3002 4888 constituisset,
3036 4828 3092 4878 et
3129 4821 3208 4878 ad
3247 4821 3594 4876 mistionem
3631 4833 3717 4874 se-

2059 4914 2326 4973 cundum
2367 4914 2865 4985 temperationem
2915 4913 3208 4986 principia
3246 4912 3344 4969 illa
3384 4909 3718 4967 concurris-

2061 5011 2212 5074 sent,
2256 5009 2630 5060 attraxerunt
2667 5003 2813 5059 illud
2852 5003 3016 5076 quod
3056 5002 3290 5058 misceri
3321 5000 3569 5075 potuit?
3593 5003 3721 5056 Non

2060 5095 2220 5153 enim
2273 5092 2419 5149 illud
2475 5092 2639 5165 quod
2703 5092 2934 5148 nullum
2993 5093 3240 5148 omnino
3293 5091 3567 5147 habitum
3630 5093 3721 5144 est

2060 5187 2450 5242 consecutum
2511 5183 2927 5254 turpissimum
2983 5182 3206 5254 aliquid
3262 5181 3374 5236 sibi
3415 5179 3715 5253 proponit.

2061 5277 2225 5331 Esset
2250 5272 2410 5330 enim
2436 5276 2695 5328 erratum
2721 5287 2790 5328 ac
2813 5271 3102 5344 probrum
3126 5273 3720 5341 natui'ae.Postquam

2061 5366 2238 5436 igitur
2267 5362 2414 5420 illud
2449 5361 2616 5435 quod
2646 5378 2768 5417 non
2809 5367 2934 5418 erat
2964 5377 3094 5418 esse
3123 5362 3299 5434 ccepit
3338 5365 3394 5417 et
3441 5358 3718 5415 habitum

2062 5457 2349 5529 adeptum
2389 5459 2495 5522 est,
2555 5454 2756 5509 statim
2796 5452 3084 5508 diffusum
3124 5453 3183 5509 in
3215 5453 3482 5508 diversas
3521 5455 3722 5524 partes

2060 5547 2222 5604 varie
2259 5549 2547 5618 permeat,
2616 5547 2794 5616 atque
2856 5542 3076 5599 ideirco
3132 5543 3261 5599 aliis
3325 5542 3615 5598 uniuntur
3674 5545 3731 5598 et

2061 5635 2313 5693 diversis
2345 5633 2637 5698 diversas,
2664 5649 2784 5690 non
2817 5638 3018 5689 tamen
3041 5650 3180 5690 cum
3210 5633 3493 5690 omnibus
3521 5633 3727 5689 omnia

2060 5723 2362 5788 Facultate
2381 5722 2565 5799 igitur
2580 5723 2784 5783 omnia
2805 5729 2944 5782 sunt
2963 5739 3155 5783 unum
3176 5724 3238 5782 in
3261 5727 3504 5794 natura,
3520 5721 3625 5781 sed
3641 5737 3728 5778 se-
