4444 6452
830 439 971 497 11⁸79

2355 435 2712 494 ADDENDA.

4108 442 4244 498 1280

829 568 956 637 χὰς,
984 569 1072 618 καὶ
1113 570 1240 639 πρὸς
1296 565 1438 639 μίξιν
1487 570 1622 620 κατὰ
1670 575 1859 642 κρᾶσιν
1914 572 2101 622 ἐκεῖναι
2150 564 2481 638 συνδραμοῡ-
2513 568 2558 620 Α
2597 562 2756 623 ἄλλως
2806 566 2931 635 ἔχον
2991 564 3123 620 ἐστί.
3183 566 3440 620 Τοιαύτην
3485 570 3610 634 ’γοῦν
3651 563 3796 624 τάξιν
3839 567 3971 638 πρὸς
4022 569 4116 622 τὴν
4153 568 4247 636 φύς

833 674 924 706 σαι
953 657 1262 713 ἠσπάσαντο
1297 659 1356 708 τὸ
1386 661 1567 728 μικτόν
1603 674 1617 723 ;
1650 655 1912 730 Οὐδαμῶς
1962 662 2064 731 γὰρ
2114 661 2171 709 τὸ
2253 652 2476 727 μηδαμῆ

828 742 1092 817 μηδαμῶς
1135 747 1206 806 εἰς
1255 747 1358 809 ἕξιν
1403 747 1545 799 ἐλθὸν
1606 747 1678 808 εἰς
1724 752 2011 820 αἴσχιστον
2057 747 2224 822 ἀφορᾲ
2274 767 2287 780 δ
2328 753 2482 796 τοῦτο

826 836 928 904 γὰρ
975 832 1247 905 ἁποτυχία
1299 840 1389 887 καὶ
1433 835 1583 908 ὕϐρις
1644 844 1738 898 τῆς
1795 841 1996 908 φύσεως
2036 859 2047 870 ο
2095 837 2240 888 ἐλθὸν
2269 837 2482 908 γὰρκαὶ

827 923 1043 974 ὀντωθεν
1138 927 1197 975 τὸ
1284 928 1354 996 μὴ
1434 925 1487 976 ὃν
1573 922 1841 996 διαφόροις
1919 945 1973 978 τε
2050 922 2202 985 αὖθις
2301 927 2482 996 μέρεσι

826 1013 1089 1082 μερισθὲν,
1153 1013 1402 1073 ποικίλως
1475 1015 1638 1088 ῥέπει,
1716 1020 1805 1066 καὶ
1911 1011 2005 1066 διὰ
2082 1021 2235 1066 τοῦτο
2305 1012 2480 1074 ἄλλοις

826 1099 1056 1151 ἐνοῡνται
1134 1100 1282 1168 ἄλλα,
1355 1107 1445 1154 καὶ
1503 1103 1694 1176 ἑτέροις
1750 1104 1912 1175 ἔτερα,
1964 1123 2052 1154 και
2117 1103 2177 1154 οὐ
2226 1108 2359 1154 πᾶσι
2415 1103 2480 1152 τὰ

1104 1193 1323 1262 Δυνάμει
1413 1199 1537 1262 γοῦν
1589 1194 1759 1243 πάντα
1797 1192 1928 1244 εἰσὶν
1984 1193 2032 1243 ἓν
2082 1191 2128 1242 ἐν
2184 1199 2246 1262 τῇ
2305 1193 2478 1261 φύσει.

2426 1298 2480 1327 αι

823 1191 1015 1243 πάντα.

825 1272 1251 1351 διακεχωρίκασι
1314 1275 1373 1329 δὲ
1436 1277 1524 1330 ἀπ’
1584 1278 1812 1336 ἀλλήλων
1879 1279 1992 1331 κατ’
2051 1276 2365 1348 ἰδιότητα,ο

820 1367 923 1437 ’γὰρ
965 1368 1177 1438 κράσεις
1214 1372 1383 1418 πᾶσαι
1422 1375 1517 1428 τῆς
1556 1370 1755 1438 φύσεως
1791 1385 1802 1395 ·
1847 1368 2004 1418 αὗται
2045 1365 2103 1419 δε
2145 1371 2274 1439 πρὸς
2314 1366 2478 1426 αὐτὰς

823 1452 1054 1506 ενοῡνται
1129 1475 1220 1506 και
1310 1453 1606 1524 διαθέουσι,
1693 1462 1863 1508 καίτοι
1944 1477 2034 1507 και
2081 1456 2195 1507 κατ’
2269 1455 2477 1526 εἰσροὴν

821 1548 1118 1614 μίγνυνται,
1177 1546 1232 1596 αἱ
1270 1548 1360 1616 μὲν
1397 1549 1528 1619 πρὸς
1560 1565 1718 1611 τινος,
1765 1547 1820 1597 αἱ
1867 1542 1924 1597 δὲ
1981 1542 2074 1597 διὰ
2121 1549 2179 1596 τό
2229 1544 2478 1596 ἀνοίκειον

821 1631 982 1692 ἄλλως
1065 1631 1333 1704 βαίνουσι.
1401 1639 1567 1685 Τοῦτο
1643 1630 1702 1686 δε
1779 1633 2201 1705 ὁμολογουμένως
2255 1653 2345 1685 και
2384 1633 2477 1685 οὐκ

817 1831 1106 1898 parantur
1134 1829 1286 1884 inter
1313 1843 1376 1884 se
1429 1828 1766 1884 secundum
1819 1829 2261 1901 proprietatem.
2328 1831 2475 1883 Nam

818 1930 1032 1971 omnes
1051 1918 1510 1988 temperationes
1528 1923 1665 1973 sunt
1679 1923 1931 1988 naturae,
1954 1918 2100 1990 ipsas
2112 1924 2312 1973 autem
2325 1919 2476 1973 inter

818 2021 881 2060 se
911 2006 1200 2060 uniuntur
1225 2011 1282 2062 et
1312 2007 1637 2078 irrepentes
1665 2007 1988 2062 miscentur
2020 2007 2303 2078 quasdam
2336 2019 2474 2062 cum

815 2093 1205 2166 quibusdam,
1239 2093 1369 2150 alite
1391 2110 1533 2150 vero
1559 2099 1804 2166 propter
1831 2095 2127 2150 diversam
2150 2094 2476 2166 proprieta-

813 2187 935 2238 tem
965 2181 1274 2237 diversum
1305 2198 1550 2237 cursum
1573 2187 1793 2239 tenent.
1827 2185 1945 2237 Hoc
1975 2183 2056 2238 ita
2085 2198 2234 2248 esse,
2263 2188 2321 2238 et
2351 2198 2472 2237 non

813 2271 1002 2339 aliter,
1031 2285 1211 2326 nemo
1238 2270 1490 2326 inﬁciari
1520 2275 1738 2342 potest.
1766 2274 1912 2327 Cum
1938 2271 2116 2341 igitur
2138 2287 2209 2325 ea
2232 2272 2304 2325 sit
2321 2271 2472 2326 ratio

811 2360 1317 2432 temperationum
1348 2375 1487 2415 cum
1528 2365 1744 2416 natura
1769 2366 2279 2431 comparatarum,
2313 2361 2378 2415 ﬁt
2409 2365 2474 2416 ut

812 2455 1162 2521 separentur
1173 2449 1421 2521 quidem
1434 2465 1470 2505 a
1483 2465 1544 2504 se
1566 2450 1718 2504 inter
1740 2465 1821 2515 se,
1836 2449 1928 2505 fac
1939 2449 2116 2504 ultate
2129 2465 2269 2504 vero
2285 2450 2345 2504 in
2362 2465 2467 2504 na-

808 2543 944 2594 tura
975 2539 1278 2594 uniantur.
1310 2541 1458 2593 Nam
1483 2537 1688 2593 talium
1720 2539 2223 2610 temperationum
2253 2545 2471 2593 natura

809 2629 924 2684 hoc
952 2627 1083 2686 fert.
1112 2627 1336 2684 Idcirco
1362 2627 1542 2684 etiam
1574 2627 1905 2684 secundum
1939 2627 2364 2699 proprietatem
2384 2627 2467 2682 in-

2597 671 2678 704 σιν
2707 655 2760 703 αἱ
2788 656 3002 727 κράσεις
3066 657 3312 724 ἔχουσαι,
3368 653 3665 726 μερίζονται
3712 656 3801 724 μεν
3853 652 3940 704 ἀπ’
3992 652 4240 724 ἀλλήλων,

2593 740 2821 793 ἐνοῡνται
2905 738 2963 794 δε
3006 743 3072 802 εἰς
3142 743 3303 801 αὐτὴν
3368 739 3590 813 δυνάμει
3648 763 3660 774 ·
3719 746 3982 814 πεφύκασι
4030 748 4130 818 ’γὰρ
4191 745 4247 795 αἰ

2591 833 2680 900 μεν
2759 838 3019 897 τοιαῦται,
3100 828 3185 883 διὸ
3259 851 3346 883 και
3421 832 3535 883 κατ’
3592 828 3836 888 ἰδιότητα
3880 833 4102 905 ῥέπουσι
4152 852 4243 884 και

2591 919 2756 990 μίξεις
2806 920 3030 986 τελοῦσι,
3105 940 3194 971 και
3243 919 3406 981 ἄλλως
3463 923 3517 972 αἱ
3585 923 3675 991 μὲν
3747 921 3998 992 ὁρμῶσιν,
4079 921 4248 983 ἄλλως

2592 1006 2650 1061 δὲ
2674 1029 2734 1081 γε
2764 1013 2819 1062 αἱ
2856 1010 3028 1077 ἄλλαι,
3063 1011 3254 1068 ἑκάστη
3300 1014 3434 1062 κατὰ
3479 1016 3573 1067 τὴν
3631 1011 3822 1062 οἰκείαν
3883 1008 4242 1083 ἰδιορυθμίαν,

2593 1096 2684 1150 διὰ
2757 1108 2908 1151 τοῦτο
2954 1120 3042 1151 και
3085 1104 3148 1152 τὰ
3199 1104 3332 1153 κατὰ
3390 1110 3489 1152 τῶν
3546 1100 3746 1153 οἰκείων
3811 1101 3978 1152 αὐτῶν
4033 1111 4244 1154 σκοπῶν

2588 1191 2832 1260 ’γινόμενα
2883 1190 2975 1241 οὐκ
3024 1193 3212 1261 ἔχουσι
3265 1193 3323 1242 τὸ
3362 1193 3569 1252 πιστὸν,
3630 1188 3758 1241 ἀλλὰ
3786 1191 3852 1241 τὰ
3893 1193 4030 1242 κατὰ
4086 1195 4243 1262 φύσιν

2588 1283 2830 1348 γινόμενα
2861 1277 3140 1330 ἀλιὸπιστά
3207 1279 3336 1330 εἰσιν
3404 1279 3482 1330 ἀεί
3518 1300 3529 1312 ο
3565 1281 3619 1330 αἱ
3674 1281 3775 1351 γὰρ
3850 1282 4064 1350 κράσεις
4104 1283 4243 1330 ἔστιν

2588 1366 2716 1416 ὅπου
2747 1386 2836 1417 και
2869 1371 3010 1437 παρὰ
3049 1370 3201 1438 φύσιν
3253 1376 3513 1432 ποιοῦσιν,
3573 1370 3637 1426 ὡς
3681 1364 3965 1419 ὸδεύουσαι
4023 1368 4243 1428 θελητώς

2588 1473 2677 1503 και
2725 1455 2837 1504 κατ’
2901 1454 3082 1514 ἄλλους
3158 1460 3360 1514 πλείους
3415 1458 3610 1506 τούτων
3665 1464 3764 1505 τῶν
3821 1456 3982 1524 λόγων
4035 1456 4238 1525 λόγους,

2588 1545 2646 1592 τὸ
2686 1541 2962 1611 αναγκαῖον
3013 1546 3251 1613 ἔχοντας,
3295 1548 3412 1618 περὶ
3473 1545 3540 1594 ὧν
3599 1544 3667 1603 εἰς
3715 1547 3774 1594 τὸ
3828 1544 3940 1606 ἐξῆς
3997 1547 4240 1615 εῖπωμεν.

2586 1824 2782 1882 ﬂuunt
2805 1831 2862 1881 et
2893 1826 3207 1882 mistiones
3239 1825 3522 1890 efﬁciunt,
3557 1831 3736 1898 atque
3765 1827 3883 1882 alio
3922 1827 4108 1882 modo
4149 1827 4246 1882 has

2585 1914 2874 1984 feruntur,
2894 1916 3010 1971 alio
3025 1917 3199 1970 etiam
3220 1916 3402 1971 modo
3419 1915 3533 1971 illa;
3547 1916 3879 1971 secundum
3894 1932 4068 1972 suam
4081 1932 4247 1988 qua-

2584 2019 2701 2076 que
2714 2006 3199 2076 propensionem.
3225 2006 3446 2060 Idcirco
3460 2005 3560 2060 illa
3580 2021 3714 2077 quae
3736 2004 3889 2061 ﬁunt
3905 2005 4242 2062 secundum

2585 2093 2891 2164 proprium
2913 2108 3155 2164 scopum
3175 2108 3296 2148 non
3312 2099 3449 2148 sunt
3465 2093 3789 2159 credibilia,
3806 2093 3987 2149 stillis
4001 2109 4140 2165 quae
4155 2112 4244 2148 se-

2583 2181 2850 2237 cundum
2865 2187 3145 2238 naturam
3159 2183 3308 2237 ﬁunt
3321 2182 3468 2237 ﬁdes
3481 2183 3752 2254 inprimis
3764 2183 4057 2238 tribuitur.
4074 2186 4242 2238 Tem-

2582 2271 2918 2341 perationes
2943 2276 3142 2326 autem
3199 2286 3640 2343 nonnunquam
3694 2277 3909 2343 praeter
3953 2278 4238 2327 naturam

2582 2358 2811 2430 aliquid
2838 2360 3178 2424 constitunt,
3211 2360 3456 2431 perinde
3475 2376 3543 2415 ac
3568 2361 3617 2416 si
3651 2361 3938 2415 arbitratu
3968 2377 4080 2415 suo
4098 2377 4238 2432 pro-

2581 2447 2724 2502 cede
2732 2448 3049 2519 rent,quod
3063 2465 3120 2503 m
3130 2449 3263 2502 uitis
3281 2447 3408 2503 aliis
3421 2448 3752 2504 rationibus
3766 2449 4006 2520 probari
4022 2455 4237 2520 potest,

2580 2536 2802 2608 quibus
2834 2537 3117 2609 deinceps
3141 2537 3435 2593 dicamus.

1059 3125 2311 3304 ΘΕΟΔΟΡΟΥ
2411 3125 2827 3298 ΤΟΥ
2929 3127 3974 3302 ΛΑΣΚΑΡΙ

1437 3423 1570 3470 ΤΟΥ
1592 3421 1751 3470 ΤΙΟΥ
1779 3422 1910 3469 ΤΟΥ
1935 3420 2257 3470 ΜΕΓΑΛΟΥ
2285 3417 2609 3470 ΒΑΣΙΛΕΩΣ
2641 3422 2857 3469 ΚΥΡΟΥ
2887 3422 3188 3471 ΙΩΑΝΝΟΥ
3214 3425 3346 3472 ΤΟΥ
3374 3426 3588 3473 ΔΟΥΚΑ

1932 3617 2112 3684 ΤΗΣ
2163 3617 2564 3683 ΦΥΣΙΚΗΣ
2604 3618 3110 3685 ΚΟΙΝΩΝΙΑΣ

1999 3844 2360 3930 ΛΟΓΟΣ
2421 3841 3015 3934 ΔΕΥΤΕΡΟΣ.

863 5519 896 5550 α
921 5541 932 5552 .

790 5592 1021 5661 εἴπομεν,
1086 5586 1400 5660 ἀφίστανται
1471 5585 1530 5641 δὲ
1603 5591 1733 5660 μετὰ
1806 5593 1865 5640 τὸ
1941 5589 2202 5660 προελθεῖν
2260 5595 2452 5653 ταύτας

864 5683 912 5732 1.
947 5676 1457 5735 Circumferuntur
1471 5678 1717 5750 quidem
1750 5680 2213 5750 temperationes
2238 5681 2297 5735 in
2310 5698 2448 5754 pro-

1514 4323 2487 4462 THEODORI
2549 4325 3504 4463 LASGARIS

1619 4588 1774 4643 FILII
1817 4590 2035 4644 SUMMI
2073 4589 2545 4645 IMPERATORIS
2583 4589 2828 4646 DOMlNl
2868 4590 3158 4646 JOANNIS
3199 4590 3400 4645 DUC/E

1321 4785 1520 4891 DE
1603 4784 2729 4898 COMMUNIONE
2806 4787 3684 4895 NATURALI

2038 5035 2362 5126 SERMO
2425 5035 2972 5127 SECUNDUS.

1004 5500 1466 5570 Περιάγονταιμεν
1519 5501 1573 5550 αἱ
1604 5500 1817 5572 κράσεις
1864 5503 1911 5550 εν
1970 5495 2227 5565 ιὸιοτησι,
2284 5503 2454 5563 καθὼς
2494 5507 2533 5559 Ι)
2558 5499 2614 5552 ἐκ
2644 5508 2737 5561 τῆς
2769 5503 2971 5572 φύσεως
3011 5498 3097 5550 ἀπ’
3157 5497 3406 5556 ἀλλήλων,
3478 5497 3624 5550 Ἐπεὶ
3683 5492 3741 5549 δὲ
3804 5499 3870 5548 τὰ
3924 5493 4237 5571 διῃρημένα

2555 5596 2642 5643 καὶ
2705 5593 2972 5661 μάχονται
3063 5592 3204 5640 ἔστιν
3279 5587 3405 5638 ὅπου
3473 5583 3532 5638 δέ
3605 5606 3664 5657 γε
3725 5591 3814 5638 καὶ
3889 5598 4235 5655 κοινωνοῦσι,

2555 5698 2640 5748 se,
2655 5689 2979 5754 postquam
2996 5696 3029 5734 a
3045 5685 3261 5734 natura
3275 5693 3607 5750 progressae
3622 5683 3776 5732 sunt.
3796 5678 4106 5742 Quoniam
4128 5697 4238 5734 au-

787 5767 1166 5844 prietatibus,
1202 5766 1914 5839 utidiximus,discedunt
1947 5772 2152 5827 autem
2173 5772 2450 5831 aseinter
2551 5779 2672 5830 tem
2705 5785 3151 5845 nonnunquam
3190 5771 3465 5844 pugnant
3503 5767 3655 5824 inter
3713 5783 3776 5823 se
3832 5783 3971 5842 qum
4031 5768 4240 5827 divisa
