4444 6452
254 408 392 464 1281

1179 409 1535 465 THEODORI
1570 408 1634 460 ll.
1670 406 1761 461 DE
1795 404 2256 461 COMMUNIONE
2284 407 2658 462 NATUBALI.

3501 410 3636 463 1282

284 531 471 589 συνέϐη
492 535 581 584 καὶ
606 533 823 593 ταύταις
850 536 1032 602 οχίσις
1061 551 1115 585 τε
1142 537 1231 583 καὶ
1286 528 1588 590 διάστασις.
1650 534 1874 600 Πότερον
1937 563 1978 608 Α
2037 548 2123 579 και
2193 537 2470 600 πανταχοῦ
2532 550 2621 581 και
2695 530 2801 601 οὐχ
2847 532 2911 589 ὡς
2975 534 3161 601 μερικὴ
3216 538 3465 604 μερικοίς,
3526 530 3634 583 ἀλλ’

282 619 369 672 οὖν
409 620 457 672 ἓν
496 629 568 689 τῷ
619 623 813 681 ταύτας
869 622 1175 691 μερίζεσθαι
1236 619 1538 676 συνεισῆλθε
1709 618 1877 669 αὐτῶν

284 706 541 783 διαιρέσει
568 712 625 759 τό
660 708 853 778 ἀγαθόν
901 729 989 759 και
1031 714 1088 760 τό
1120 713 1412 782 χείριστον,
1446 712 1503 759 τό
1554 711 1734 778 μικτόν
1788 726 1877 757 και

280 799 340 846 τὸ
413 792 727 860 στασιῶδες,
817 804 1029 848 κακείνα
1103 801 1162 847 τό
1212 796 1473 848 ποικίλλον
1548 796 1874 866 εἰσήγαγον;

281 886 544 954 πεφύκασι
597 887 698 954 γὰρ
755 883 1033 935 ποικίλλειν
1088 888 1152 935 τὰ
1204 889 1339 955 μέσα
1396 886 1451 934 αἱ
1512 883 1874 944 ἐναντιότητες,

283 976 456 1044 ὥσπερ
496 993 586 1025 και
630 972 712 1025 ini
737 982 836 1025 τῶν
866 977 1177 1045 σχημάτων.
1206 974 1263 1025 Ἠ
1294 977 1393 1045 γὰρ
1452 970 1734 1033 διάστασις
1778 983 1876 1025 τῶν

285 1064 430 1113 θείων
489 1082 578 1113 και
628 1081 726 1112 των
792 1060 1121 1134 ἀνθρωπίνων
1176 1060 1309 1113 οὖσα
1364 1062 1546 1123 πολλὴ,
1605 1063 1766 1118 αὐτήν
1820 1059 1878 1114 δὲ

282 1146 462 1207 ἔπειδὴ
555 1146 650 1201 διὰ
727 1154 889 1220 μέσου
943 1154 1075 1210 τινος
1114 1150 1444 1223 ἁρμοσθῆναι
1524 1153 1588 1210 ὡς
1641 1153 1878 1203 ὁπωσοῦν

283 1236 479 1312 ἀρχὴν,
530 1242 588 1290 τὸ
640 1243 797 1310 μέσον
855 1241 1050 1290 τούτων
1099 1239 1201 1301 ἕξις
1254 1239 1506 1292 ἐποίκιλλε
1558 1249 1881 1314 τετραμερῶς

280 1346 371 1378 και
408 1326 711 1399 πολυμερῶς
753 1348 766 1359 ·
815 1328 845 1384 ἡ
900 1330 1001 1401 γὰρ
1027 1334 1120 1378 τοῦ
1153 1331 1388 1379 τοιούτου
1434 1332 1649 1403 στέρησι
1680 1328 1880 1399 ἀγαθοῦ

282 1419 376 1472 τὴν
406 1414 508 1477 ἕξιν
545 1417 734 1487 ἔφερεν,
768 1415 901 1472 αὕτη
968 1412 1027 1467 δι
1071 1420 1164 1473 τὴν
1224 1416 1507 1484 ποικιλίαν,
1557 1420 1614 1467 τὸ
1647 1417 1880 1469 ποικιλον

282 1505 347 1554 τὰ
375 1508 656 1575 σχήματα,
709 1509 798 1555 καὶ
846 1511 1012 1555 ταῦτα
1062 1509 1156 1561 τὴν
1208 1506 1409 1569 ἕνωσιν,
1462 1508 1595 1557 ὥστε
1649 1503 1742 1558 διὰ
1788 1515 1881 1558 τοῦ

283 1594 447 1662 μέσου
487 1611 539 1643 τε
562 1596 651 1644 καὶ
677 1591 914 1644 ποικίλου
950 1595 1015 1643 τὰ
1050 1589 1309 1644 διεστῶτα
1366 1594 1712 1651 συνήλθοσαν.
1775 1602 1883 1656 Τῆς

283 1684 373 1751 μὲν
426 1677 513 1731 οὖν
578 1680 837 1740 ποικιλίας
887 1683 1083 1732 τούτων
1139 1687 1228 1732 καὶ
1281 1690 1377 1741 τῆς
1434 1682 1655 1743 ἑνώσεως
1701 1683 1881 1757 ἐτέρων

280 1768 443 1840 λόγων
484 1769 626 1840 λόγοι
678 1772 867 1841 ἔχουσι
953 1774 1048 1826 τὴν
1137 1766 1427 1839 ἀπόδειξιν,

279 1860 512 1929 κράσεων
538 1860 563 1909 ὅ
585 1866 673 1909 νῦν
699 1862 895 1918 σκοπὸς
921 1856 1256 1933 ἱφαρμόδιος,

1512 1778 1629 1845 περὶ
1673 1770 1731 1824 δὲ
1783 1781 1883 1823 τῶν

350 2035 426 2108 β’.
486 2041 767 2109 Διῄρηνται
821 2044 948 2108 γοῦν
1015 2040 1069 2089 αἱ
1113 2038 1322 2111 κράσεις
1374 2036 1475 2089 ἀπὸ
1529 2046 1620 2099 τῆς
1687 2042 1883 2111 φύσεως

277 2133 350 2196 τῷ
406 2130 582 2199 τρόπῳ
652 2126 705 2177 ὃν
747 2130 869 2199 πρὶν
922 2128 1150 2197 εἴπομεν,
1205 2127 1362 2178 αὗται
1415 2123 1475 2179 δὲ
1521 2132 1884 2199 μεμονωμένως

278 2214 474 2286 οἰμῶσι
525 2234 614 2267 και
670 2219 965 2286 μίγνυνται.
1019 2220 1315 2288 Θεωρητέον
1372 2223 1497 2286 γοῦν
1554 2215 1713 2276 αὐτὰς
1767 2218 1885 2268 καθ’

278 2303 439 2364 αὐτὰς
472 2305 609 2365 ὅπως
636 2303 740 2355 εἰσί
778 2323 832 2357 τε
884 2324 975 2355 και
1006 2312 1335 2360 κοινωνοῦσι.
1397 2310 1562 2357 Τοῦτο
1613 2301 1672 2357 δὲ
1725 2305 1885 2366 οὕτως

280 2390 341 2444 ἃν
371 2395 549 2468 εὑρεθῇ
587 2413 601 2426 ο
636 2391 1007 2455 ἐξετασθίντων
1062 2402 1159 2445 τῶν
1215 2398 1496 2465 στοιχείων
1553 2413 1607 2446 τε
1658 2414 1747 2445 και
1797 2404 1886 2455 τῆς

283 2486 500 2555 φύσεως,
530 2504 622 2535 και
649 2484 680 2541 ἡ
710 2487 800 2556 μὲν
827 2480 914 2535 οὖν
959 2486 1117 2556 φύσις
1155 2488 1299 2542 κοινὴ
1357 2491 1491 2537 πᾶσι
1538 2504 1629 2536 και
1682 2487 1885 2537 πάντων

283 2580 651 2645 κατηγορεῖται
715 2592 807 2624 και
861 2576 1268 2645 γνωματεύεται,
1352 2593 1441 2625 και
1498 2578 1704 2647 κέντρον
1760 2594 1886 2626 παν-

284 2669 487 2734 ταχόσε
516 2663 813 2735 εὑρίσκεται
850 2682 939 2713 και
970 2661 1113 2737 ἁρχὴ
1169 2682 1258 2713 και
1312 2667 1482 2734 πηγὴ,
1537 2683 1628 2715 και
1668 2683 1747 2714 τοι
1795 2684 1885 2715 και

282 2770 381 2802 των
412 2752 581 2825 ἄκρων
612 2750 701 2809 ὅλη
737 2748 915 2803 διόλου
942 2750 1057 2803 ἐστί
1077 2771 1166 2803 και
1218 2758 1318 2803 τῶν
1357 2757 1659 2823 μεσοτήτων
1693 2754 1886 2824 ὁμοίως

260 2969 418 3032 sunt,
450 2965 748 3021 interdum
764 2966 944 3022 etiam
968 2967 1354 3037 conveniunt,
1399 2984 1473 3023 ex
1498 2984 1570 3024 eo
1602 2968 1666 3024 ﬁt
1695 2973 1756 3024 ut
1778 2984 1915 3025 con-

257 3055 611 3111 venientiam
625 3072 695 3112 ac
708 3056 1052 3112 distantiam
1066 3057 1178 3112 illis
1192 3058 1463 3113 accidere
1477 3059 1722 3114 animad
1731 3064 1917 3114 verta-

2038 620 2107 679 ὡς
2134 619 2336 668 πάντων
2361 623 2529 683 κοινὴ,
2564 620 2617 669 αἱ
2666 615 2724 670 δε
2775 621 2985 689 κράσεις
3034 618 3083 669 ἐν
3137 626 3226 689 μεν
3279 627 3341 692 τῇ
3384 622 3535 691 φύσει
3573 622 3638 679 ὡς

2039 726 2127 756 και
2157 709 2221 757 τὰ
2246 715 2508 777 στοιχεῖα,
2565 706 2689 759 ἐπὰν
2758 703 2817 759 δε
2864 707 3178 759 ποικιλθῶσι
3228 709 3429 781 ῥέποιεν
3486 708 3558 770 εἰς
3612 710 3638 759 ὅ

2038 797 2328 865 πεφύκασιν
2388 795 2604 861 ἑκάστη,
2675 798 2843 856 καθὼς
2892 800 3216 870 προείρηται.
3270 798 3391 850 Εἰσί
3439 794 3499 849 δὲ
3550 816 3640 849 και

2039 886 2247 956 κράσεις
2275 888 2347 955 μὴ
2382 884 2576 951 ύλικαί,
2633 886 2817 945 αἵτινες
2847 887 2982 937 κατὰ
3005 889 3091 936 τὸν
3130 885 3287 936 αὐτὸν
3347 885 3498 956 λόγον
3550 905 3641 937 και

2040 973 2191 1025 αὐταί
2220 982 2527 1025 κοινωνοῦσι
2581 982 2677 1035 τῆς
2733 977 2928 1045 φύσεως
2962 995 2975 1006 ·
3010 974 3054 1025 εἰ
3095 976 3193 1047 γὰρ
3222 994 3313 1026 και
3360 975 3511 1026 αὗται
3563 980 3635 1046 μὴ

2040 1062 2235 1126 ῦλικαί,
2294 1062 2403 1114 ἀλλ’
2458 1059 2544 1113 οὖν
2601 1065 2681 1114 ὅτι
2738 1066 2948 1135 κράσεις
2996 1068 3201 1134 μικταί,
3250 1065 3423 1125 καθὼς
3468 1063 3516 1114 ἐν
3568 1072 3642 1133 τῷ

2040 1157 2269 1224 προτέρῳ
2311 1155 2513 1225 εἴρηται
2550 1151 2684 1223 λόγῳ
2727 1173 2739 1185 ι
2800 1153 2906 1203 οἷον
2954 1154 3024 1213 ὡς
3085 1153 3171 1203 ἐπί
3228 1161 3327 1203 τῶν
3374 1161 3642 1224 μουσικῶν

2042 1240 2318 1312 ἁρμονιῶν,
2373 1238 2456 1291 επί
2503 1249 2601 1292 τῶν
2651 1259 2944 1312 σχημάτων
2996 1250 3094 1291 τῶν
3148 1250 3365 1309 νοητῶν,
3417 1239 3501 1292 ἐπί
3542 1249 3641 1292 τῶν

2044 1333 2277 1400 σχέσεων
2329 1336 2429 1379 τῶν
2500 1348 2554 1380 τε
2631 1328 2988 1400 ἀριθμητικῶν
3038 1348 3127 1380 και
3186 1338 3285 1380 τῶν
3354 1329 3516 1380 ἄλλων
3574 1330 3641 1380 ὧν

2043 1421 2269 1489 εἴπομεν.
2332 1420 2397 1468 Ai
2429 1413 2479 1469 δ’
2531 1416 2707 1468 ύλικαί
2758 1419 2970 1488 κράσεις
3028 1436 3117 1468 και
3166 1417 3322 1469 αύται
3370 1425 3431 1489 τῇ
3488 1419 3646 1489 ὁμοίᾳ

2042 1507 2186 1568 τάξει
2228 1513 2533 1558 κοινωνοῦσι
2587 1514 2681 1565 τῆς
2728 1508 2923 1577 φύσεως
2971 1525 3062 1557 και
3099 1506 3421 1581 μερίζονται,
3484 1510 3550 1559 τὰ
3585 1503 3645 1559 δὲ

2047 1603 2292 1667 στοιχεῖα
2347 1594 2440 1646 οὐκ
2497 1594 2695 1665 ἀλόγως
2751 1602 3084 1646 κοινωνοῦσιν
3137 1595 3321 1656 αὐτῆς,
3382 1614 3473 1646 και
3514 1598 3644 1667 πρὸς

2046 1683 2202 1735 ἑαυτὰ
2238 1688 2382 1754 πηγή
2431 1687 2571 1748 ὄντα,
2638 1702 2727 1734 και
2755 1702 2837 1734 τοι
2884 1691 2983 1734 τῶν
3035 1686 3291 1756 κράσεων,
3352 1682 3480 1734 ἀλλὰ
3526 1682 3645 1736 καθ’

2046 1772 2358 1844 ἁρμονικοὺς
2424 1771 2611 1843 λόγους
2690 1767 3053 1836 διπλασίονας,
3127 1772 3403 1843 ἡμιολίους
3446 1792 3499 1824 τε
3557 1793 3647 1824 και

2046 1860 2338 1935 ἐπιτρίτους
2380 1882 2391 1893 ·
2425 1865 2596 1912 πάντα
2650 1863 2752 1933 ’γὰρ
2797 1862 2862 1911 τὰ
2908 1862 3025 1911 καθ’
3067 1863 3200 1912 αὐτὰ
3253 1863 3508 1933 ἡνωμένα,
3557 1882 3649 1914 και

2045 1955 2116 2022 μὴ
2175 1947 2227 2002 δ’
2292 1949 2477 2019 ἄλλων,
2544 1949 2794 2007 κυκλικὴν
2847 1954 2941 2005 τὴν
2999 1953 3301 2024 συστροφὴν
3359 1952 3578 2020 ἔχουσιν
3632 1970 3646 1982 ·

2045 2043 2269 2097 ἣνωνται
2319 2042 2420 2113 γὰρ
2454 2058 2546 2090 και
2598 2041 2664 2089 τὰ
2714 2046 2808 2089 τῶν
2866 2040 3120 2110 σωμάτων
3173 2042 3303 2112 μέρη
3354 2058 3444 2090 και
3497 2038 3648 2111 μελη,

2044 2130 2110 2180 τά
2136 2148 2191 2181 τε
2241 2136 2341 2180 τῶν
2372 2126 2597 2198 ἀψύχων
2644 2146 2733 2178 και
2766 2135 2867 2177 τῶν
2916 2125 3196 2198 ἐμψύχων,
3253 2125 3362 2178 ἀλλ’
3412 2126 3471 2179 οῦ
3529 2128 3649 2179 καθ’

2047 2215 2183 2269 αύτὰ
2218 2219 2343 2290 πρὸς
2391 2216 2525 2267 αὐτὰ
2572 2215 2664 2267 ὅλα
2720 2223 2826 2275 τοῖς
2869 2215 3008 2277 ὅλοις
3054 2216 3236 2267 ἕνωσιν
3285 2218 3497 2287 ἔχουσι,
3561 2212 3654 2269 διὰ

2045 2316 2145 2358 τῶν
2200 2310 2370 2378 μέσων
2421 2301 2479 2357 δὲ
2528 2304 2763 2357 ἐνοῦνται
2815 2307 2881 2355 τὰ
2936 2306 3282 2380 παρεκάτερα,
3342 2306 3373 2362 ἡ
3441 2302 3501 2357 δὲ
3552 2313 3653 2357 τῶν

2050 2400 2331 2467 στοιχείων
2386 2396 2564 2454 ἓνωσις
2602 2394 2660 2446 οῦ
2691 2396 2933 2461 τοιαύτη,
2976 2392 3084 2445 ἀλλ’
3115 2393 3204 2452 ὅλη
3246 2401 3350 2455 τοῖς
3389 2394 3523 2455 ὅλοις
3578 2390 3653 2446 δι’

2047 2484 2173 2537 ὅλων
2203 2504 2293 2536 και
2319 2483 2413 2535 οῦκ
2465 2483 2515 2535 ἔν
2569 2486 2714 2556 μέσῳ
2762 2491 2929 2537 τινῶν.
2977 2482 3133 2535 Ἐστι
3174 2480 3234 2535 δὲ
3286 2503 3375 2535 και
3404 2483 3548 2545 τάξις
3605 2486 3654 2535 ἓν

2048 2574 2220 2635 αὐτοῖς
2262 2575 2396 2625 κατά
2434 2592 2488 2625 τε
2538 2576 2594 2624 τὸ
2643 2573 2749 2623 άνω
2802 2592 2892 2623 και
2933 2574 2991 2623 τὸ
3031 2573 3195 2640 κάτω,
3254 2576 3313 2623 τὸ
3358 2572 3547 2643 μᾶλλόν
3600 2591 3656 2624 τε

2047 2683 2134 2714 και
2181 2666 2239 2714 τὸ
2271 2662 2444 2731 ἧττον,
2478 2664 2535 2712 τὸ
2564 2664 2749 2726 ποσόν,
2787 2664 2846 2712 τὸ
2898 2666 3089 2732 κοῦφόν
3142 2680 3195 2712 τε
3246 2680 3337 2712 και
3378 2659 3527 2734 βαρῖ,
3567 2681 3659 2712 και

2046 2754 2179 2804 κατὰ
2373 2754 2431 2802 τὸ
2504 2751 2609 2803 ἄνω
2678 2769 2768 2801 και
2831 2751 2991 2817 κάτω,
3059 2769 3150 2801 και
3200 2750 3333 2807 αῦτη
3406 2746 3560 2809 δηλοί
3622 2752 3654 2807 ἦ

2026 2967 2142 3026 bus
2171 2969 2515 3037 misceatur,
2560 2968 2665 3026 sed
2685 2968 3035 3027 utomnium
3062 2967 3688 3041 communis.Tempe-

2027 3058 2287 3114 rationes
2315 3064 2519 3115 autem
2558 3058 2689 3115 aliae
2720 3059 2967 3131 quidem
2983 3064 3120 3115 sunt
3135 3064 3371 3129 natura,
3423 3064 3487 3113 ut
3509 3057 3691 3114 etiam

262 3160 418 3198 mus.
446 3145 844 3215 Utrumigitur
861 3162 1000 3201 cum
1027 3146 1593 3215 dividerentur,una
1613 3164 1751 3203 cum
1769 3148 1919 3203 divi-
1952 3184 1993 3237 Ο
2029 3146 2340 3204 elementa.
2371 3150 2695 3219 Postquam
2722 3163 2865 3203 vero
2890 3148 3241 3204 varietatem
3270 3150 3683 3219 susceperunt,

262 3233 431 3287 sione
453 3234 1029 3306 ipsarumirrepserit
1043 3236 1272 3291 bonum
1287 3241 1341 3291 et
1357 3236 1598 3305 malum,
1646 3237 1919 3308 proclivi-

264 3326 353 3376 tas
380 3323 458 3378 ad
497 3323 860 3387 mistionem,
894 3330 950 3379 et
976 3324 1316 3395 proclivitas
1350 3325 1427 3379 ad
1491 3326 1918 3393 secessionem,

264 3415 348 3469 ita
375 3418 437 3468 ut
466 3413 816 3469 varietatem
846 3413 1190 3469 induxerint
1227 3416 1254 3469 ἰ)
1292 3417 1440 3469 Nam
1474 3416 1923 3471 contrarietates

267 3502 462 3557 solent
484 3503 855 3558 intermediis
893 3505 1243 3559 varietatem
1272 3503 1506 3569 afferre,
1548 3510 1613 3559 ut
1656 3506 1837 3561 etiam
1859 3506 1927 3560 ﬁt

263 3593 324 3647 in
354 3592 584 3660 ﬁguris,
618 3591 765 3647 Cum
788 3592 947 3647 enim
964 3592 1619 3664 distantiapositionum
1654 3600 1709 3649 et
1727 3611 1927 3650 rerum

264 3681 675 3736 humanarum
712 3682 871 3753 (quae
898 3697 1125 3750 magna
1147 3681 1255 3752 est)
1277 3682 1633 3737 intermedio
1658 3684 1928 3754 quodam

265 3774 425 3825 esset
449 3768 793 3841 c0pu1anda
834 3786 847 3823 :
900 3770 1119 3825 harum
1170 3770 1525 3826 intermedio
1583 3776 1930 3828 varietatem

265 3857 726 3931 quadruplicem
765 3858 1041 3931 adeoque
1068 3858 1462 3930 multiplicem
1494 3859 1777 3915 habilitas
1789 3877 1931 3917 con-

268 3948 503 4004 ciliavit.
541 3950 691 4002 Nam
730 3946 863 4003 talis
892 3947 1037 4003 boni
1075 3947 1334 4020 privatio
1374 3948 1749 4004 habilitatem
1781 3955 1932 4005 attu-

266 4037 351 4101 lit,
380 4036 660 4092 habilitas
695 4052 834 4091 vero
848 4038 1197 4093 varietatem
1223 4056 1240 4108 ;
1271 4039 1530 4093 varietas
1555 4044 1755 4093 autem
1779 4038 1932 4109 ﬁgu-

268 4143 394 4196 ras,
410 4131 466 4181 et
480 4125 689 4195 ﬁgurae
703 4126 1170 4197 copulationem.
1189 4126 1595 4191 Quamobrem
1620 4144 1757 4199 quae
1785 4129 1934 4184 inter

272 4232 335 4272 se
375 4214 1387 4283 multumdistabant,intercedente
1429 4215 1632 4287 aliquo
1648 4216 1849 4271 medio
1878 4222 1936 4273 et

268 4304 439 4361 vario
460 4320 814 4360 convenere.
844 4305 1121 4360 Rationes
1148 4310 1349 4360 autem
1368 4305 1672 4360 varietatis
1714 4306 1933 4361 horum

272 4400 331 4450 et
368 4393 763 4466 copulationis
789 4392 907 4449 alio
958 4394 1021 4449 in
1072 4393 1205 4449 loco
1262 4392 1519 4466 aliisque
1559 4396 1933 4463 argumentis

272 4483 779 4539 demonstrantur.
828 4484 995 4538 Nunc
1051 4498 1194 4538 vero
1266 4483 1635 4538 tractationis
1659 4484 1809 4539 ordo
1842 4500 1933 4540 re-

271 4572 549 4645 quiritut,
579 4571 1103 4645 quemadmodum
1118 4573 1496 4644 propositum
1520 4578 1608 4627 est
1625 4573 1824 4636 nobis,
1858 4574 1935 4629 de

274 4661 811 4734 temperationibus
837 4661 1135 4717 dicamus.

349 4845 409 4897 2.
444 4841 745 4897 Dictinctaa
764 4844 904 4896 sunt
938 4840 1117 4910 igitur
1138 4841 1599 4912 temperationes
1631 4856 1668 4897 a
1719 4844 1937 4897 natura

281 4930 468 4988 modo
496 4946 681 5003 quem
713 4936 848 4987 ante
862 4930 1143 4987 diximus.
1162 4931 1313 5003 Ipsae
1327 4936 1528 4987 autem
1544 4930 1822 4987 solitariae
1843 4931 1935 4987 in-

280 5022 477 5078 ferunt
514 5038 576 5077 se
604 5027 661 5077 et
702 5022 1048 5078 miscentur.
1104 5024 1250 5079 Sunt
1300 5022 1479 5091 igitur
1540 5022 1686 5094 ipsae
1726 5038 1833 5094 per
1871 5037 1936 5077 se

281 5128 560 5168 seorsum
574 5111 1027 5167 consideranda:
1042 5127 1165 5183 quo
1183 5111 1366 5167 modo
1376 5111 1666 5167 exsistant
1680 5117 1737 5167 et
1758 5127 1940 5184 copu—

275 5202 494 5258 lentur.
524 5203 643 5256 Hoc
685 5205 887 5256 autem
916 5201 1165 5256 inveniri
1194 5201 1410 5272 poterit
1466 5200 1514 5255 si
1557 5200 1851 5257 elementa
1881 5207 1938 5258 et

276 5297 568 5349 naturam
597 5293 949 5365 perscrutati
979 5292 1289 5347 fuerimus.
1331 5297 1411 5346 Ac
1440 5296 1657 5347 natura
1690 5292 1938 5364 quidem

279 5381 682 5438 communiter
709 5387 766 5438 et
793 5381 1408 5446 deomnibusdicitur,
1425 5386 1481 5436 et
1500 5382 1937 5452 quasignomo-

278 5470 463 5529 nibus
492 5470 901 5528 circumdatur
911 5476 968 5527 et
982 5470 1386 5543 undequaque
1399 5477 1671 5526 centrum
1711 5487 1839 5527 esse
1850 5486 1941 5527 re-

282 5560 530 5633 peritur,
563 5560 926 5633 principium
949 5565 1005 5617 et
1024 5559 1180 5627 fons,
1209 5560 1343 5615 licet
1380 5559 1553 5615 etiam
1586 5562 1708 5616 tota
1725 5575 1831 5631 per
1847 5563 1943 5616 to-

283 5658 380 5707 tas
405 5650 827 5720 extremitates,
861 5650 1201 5707 medietates
1214 5664 1548 5720 omnesque
1561 5648 1715 5705 adeo
1742 5653 1944 5721 partes

359 5737 687 5808 diffundat,
702 5756 899 5813 neque
914 5745 981 5797 ut
992 5738 1369 5813 particularis
1384 5754 1525 5794 cum
1570 5737 1943 5810 particulari-

2028 3237 2086 3291 in
2102 3235 2244 3291 illud
2270 3235 2615 3292 inﬂuuntad
2630 3237 2795 3308 quod
2808 3242 2962 3309 aptae
2985 3243 3262 3308 nataeque
3292 3240 3449 3306 sunt,
3475 3250 3690 3308 quem-

2031 3324 2356 3379 admodum
2382 3329 2519 3379 ante
2546 3324 2765 3379 dictum
2788 3328 2898 3381 est.
2969 3327 3117 3381 Sunt
3155 3329 3358 3380 autem
3407 3323 3693 3396 quaedam

2032 3412 2494 3484 temperationes
2508 3427 2631 3466 nou
2645 3413 2973 3468 materiatae
2986 3429 3122 3484 quae
3136 3412 3434 3483 exieadem
3462 3412 3693 3467 ratione

2032 3501 2177 3573 ipsae
2201 3517 2445 3572 quoque
2477 3505 2758 3557 naturam
2786 3502 3163 3573 participant.
3217 3500 3501 3566 Quamvis
3532 3501 3695 3556 enim

2035 3591 2152 3645 sint
2195 3589 2460 3645 materiei
2496 3594 2789 3661 expertes,
2826 3591 2971 3662 quia
3008 3596 3212 3646 tamen
3235 3595 3374 3645 sunt
3404 3594 3697 3662 tempera-

2035 3680 2247 3745 tiones,
2282 3683 2420 3733 sunt
2486 3677 2867 3734 admistionis
2908 3679 3249 3751 participes,
3310 3683 3375 3734 ut
3422 3680 3603 3735 etiam
3632 3679 3697 3735 in

2038 3768 2234 3840 priore
2251 3782 2527 3823 sermone
2538 3767 2988 3839 docuimus,cuj
3000 3768 3238 3824 usmodi
3260 3772 3402 3823 sunt
3426 3768 3488 3824 in
3512 3768 3700 3824 musi-

2042 3858 2126 3913 cis
2153 3857 2585 3926 instrumentis,
2618 3858 2679 3913 in
2706 3858 2916 3928 ﬁguris
2946 3874 3082 3930 quae
3098 3858 3214 3913 sub
3244 3858 3699 3928 intelligentiam

2043 3947 2287 4011 cadunt,
2318 3947 2380 4002 in
2413 3946 2971 4019 comparationibus
3041 3947 3428 4003 arithmeticis
3477 3952 3535 4003 et
3570 3947 3702 4004 aliis

2042 4035 2223 4090 rebus
2248 4050 2512 4106 quarum
2542 4035 2953 4090 meminimus.
3003 4038 3181 4091 Porro
3236 4035 3703 4107 temperationes

2044 4124 2372 4181 materiatae
2398 4125 2579 4180 etiam
2619 4124 2767 4195 ipsa;
2798 4125 3014 4181 eadem
3046 4125 3275 4181 ratione
3326 4141 3465 4180 cum
3482 4130 3704 4183 natura

2045 4213 2537 4269 communionem
2597 4212 2825 4269 habent
2866 4218 2923 4269 et
2975 4213 3430 4286 dispartiuntur.
3482 4220 3554 4271 At
3582 4214 3700 4270 ele-

2044 4306 2249 4358 menta
2312 4317 2435 4357 non
2510 4302 2741 4373 absque
2820 4303 3049 4358 ratione
3097 4303 3461 4376 participant
3512 4303 3699 4369 illam,

2044 4392 2265 4448 etiamsi
2292 4391 2403 4446 sibi
2417 4392 2533 4447 sint
2552 4391 2685 4447 fons
2703 4396 2761 4447 et
2807 4392 2977 4461 origo
3008 4393 3513 4465 temperationum
3547 4409 3561 4459 ;
3596 4392 3705 4448 sed

2045 4480 2404 4553 participant
2429 4480 2767 4535 secundum
2778 4480 3166 4537 harmonicas
3188 4481 3451 4537 rationes
3482 4497 3704 4554 nempe

2044 4570 2283 4642 duplas,
2316 4569 2737 4641 sesquialteras
2782 4574 2840 4625 et
2862 4570 3291 4643 sesquitertias.
3360 4573 3510 4627 Nam
3535 4587 3702 4642 quae-

2045 4674 2282 4732 cunque
2307 4674 2413 4730 per
2452 4673 2514 4713 se
2526 4658 2816 4715 uniuntur
2848 4663 2905 4715 et
2930 4674 3054 4715 non
3066 4674 3173 4731 per
3188 4659 3703 4725 alia,circularem

2044 4747 2504 4806 conversionem
2533 4746 2780 4817 habent,
2808 4748 2990 4804 unitas
3015 4748 3178 4804 enim
3248 4752 3390 4805 sunt
3436 4748 3705 4821 corporis

2044 4843 2269 4911 partes.
2292 4841 2351 4893 et
2377 4835 2655 4892 membra
2684 4841 2807 4893 tam
2829 4837 3235 4894 animatorum
3305 4853 3495 4910 quam
3514 4837 3704 4894 inani-

2046 4932 2371 4994 matorum,
2394 4925 2501 4981 sed
2530 4941 2653 4981 non
2678 4927 2810 4999 ipsa
2838 4943 2945 4999 per
2965 4944 3027 4983 se
3058 4932 3181 4984 tota
3206 4928 3493 4984 cumtotis
3536 4927 3707 4984 unita

2048 5022 2206 5084 sunt,
2227 5016 2335 5072 sed
2350 5015 2855 5072 intercedentibus
2880 5017 3260 5073 mediisinter
3272 5033 3334 5073 se
3348 5018 3516 5073 unita
3540 5022 3699 5085 sunt,

2051 5113 2118 5164 At
2138 5107 2570 5163 elementorum
2591 5107 2940 5163 communio
2979 5123 3101 5163 non
3133 5111 3221 5164 est
3260 5106 3411 5174 talis,
3458 5106 3564 5162 sed
3580 5111 3707 5163 tota

2048 5197 2183 5253 totis
2213 5211 2320 5268 per
2337 5199 2465 5250 tota
2481 5193 2662 5249 nullis
2676 5195 3181 5251 intercedentibus
3193 5194 3407 5251 mediis
3438 5194 3708 5251 adunata

2051 5290 2212 5342 sunt.
2240 5287 2339 5340 Est
2374 5284 2557 5339 etiam
2582 5283 2733 5340 ordo
2762 5284 2824 5339 in
2852 5284 2946 5339 his
2973 5284 3309 5341 secundum
3336 5283 3706 5357 superiorem

2050 5380 2107 5432 et
2126 5373 2465 5431 inferiorem
2494 5371 2718 5440 locum,
2746 5373 2809 5429 id
2828 5373 2994 5446 quod
3033 5378 3120 5430 est
3149 5374 3345 5443 magis
3395 5379 3451 5430 et
3471 5373 3697 5443 minus,

2052 5462 2387 5520 secundum
2403 5462 2825 5534 quantitatem,
2837 5462 2949 5519 levi
2957 5468 3158 5532 tatem,
3173 5470 3229 5520 et
3241 5464 3613 5534 gravitatem,
3627 5464 3710 5520 Ac

2052 5556 2204 5612 ordo
2224 5553 2469 5626 quidem
2493 5553 2830 5610 secundum
2870 5554 3240 5626 superiorem
3298 5553 3709 5610 etinferiorem

2054 5645 2252 5701 locum
2272 5642 2590 5699 manifeste
2609 5644 2888 5700 cernitur.
2918 5647 3068 5701 Nam
3120 5644 3275 5715 ignis
3328 5658 3573 5723 sursum
3588 5642 3712 5699 fer-

2056 5742 2171 5808 tur,
2198 5734 2338 5792 huic
2362 5733 2674 5806 subjicitur
2703 5750 2825 5801 aer,
2844 5751 3008 5808 aqua
3025 5736 3224 5807 magis
3242 5733 3474 5793 accedit
3492 5732 3573 5792 ad
3593 5738 3712 5792 ter-
