4444 6452
781 366 916 435 1283

2303 370 2658 432 ADDENDA.

4059 369 4191 432 1284

803 501 1041 577 ἐνάργεια
1068 520 1080 534 ·
1115 498 1368 574 ἀνωφερὶς
1399 500 1501 574 γὰρ
1535 502 1594 554 τὸ
1622 506 1751 574 πῦρ,
1785 501 1882 554 ὑπὸ
1925 497 1983 554 δὲ
2015 501 2040 554 ό
2074 499 2197 574 ἀὴρ,
2227 518 2414 573 προσε-
2475 501 2521 555 Α
2584 495 2795 551 τουτουί
2832 489 3044 550 κύκλου.
3095 490 3270 548 Ἔστω
3317 495 3489 547 τοίνυν
3520 493 3546 547 ό
3600 493 3786 556 κύκλος
3837 494 3868 554 ἡ
3919 501 3960 550 Α
3989 500 4028 550 Β
4058 502 4096 550 Γ
4131 502 4186 554 Δ,

801 596 1054 666 χέστερον
1079 587 1138 644 δὲ
1168 593 1226 642 τὸ
1254 587 1398 666 ὕδωρ
1429 598 1491 664 τῇ
1519 599 1586 664 γῇ
1644 612 1655 625 ·
1690 595 1824 664 μίση
1869 594 1898 650 ἠ
1959 599 2047 664 γῆ.
2097 593 2274 644 Πάντα
2324 606 2414 643 και

800 682 901 755 γὰρ
932 683 998 732 τὰ
1026 679 1165 756 βάρη
1199 679 1468 754 αὐτοφυῶς
1491 684 1618 756 πρὸς
1650 683 1705 733 τό
1731 685 1934 755 κέντρον
1966 683 2104 757 ὁρμᾷ
2133 701 2145 715 ο
2179 683 2238 733 τό
2281 679 2411 752 μάλ-

799 768 884 822 λον
911 765 970 823 δε
1000 789 1089 822 και
1112 771 1172 822 τὸ
1198 769 1370 839 ἧττον,
1404 769 1587 832 οὕτως.
1624 770 1828 825 Μᾶλλον
1860 771 1910 823 ἐν
1951 778 2018 843 γῇ
2055 767 2198 845 ὕδωρ
2232 788 2322 822 και
2351 767 2410 822 ού

797 865 926 933 πῦρ,
951 878 1042 911 και
1080 855 1128 910 ἓν
1179 859 1345 933 αἰθέρι
1414 857 1537 935 ἀὴρ,
1585 879 1676 912 και
1725 859 1853 932 ούχί
1896 869 1989 932 γῆ,
2048 879 2134 912 και
2189 858 2239 911 ἐν
2297 857 2410 933 ἀέρι

797 943 941 1024 ὕδωρ
982 967 1071 1000 και
1120 947 1248 1020 ούχί
1276 957 1367 1020 γῆ,
1409 969 1498 1002 και
1529 947 1576 1002 ἐν
1617 946 1778 1002 ὕδατι
1831 947 1931 1022 ἀὴρ
1963 968 2053 1002 και
2101 947 2229 1020 ούχί
2280 954 2407 1021 πῦρ.

796 1034 950 1089 Ἐστι
990 1034 1050 1090 δε
1087 1043 1221 1090 πᾶσι
1252 1039 1441 1106 πάντα,
1494 1040 1738 1111 οὖμενουν
1785 1035 1845 1092 δε
1893 1034 1986 1090 διὰ
2038 1041 2201 1110 μέσου
2249 1039 2404 1105 τινός,

795 1121 903 1178 ἀλλ’
935 1125 1069 1179 αὐτὰ
1109 1123 1182 1179 δι’
1228 1125 1354 1179 ὅλων
1404 1126 1594 1198 αὐτῶν,
1641 1127 1773 1187 πλὴν
1819 1129 1955 1180 κατὰ
2008 1131 2066 1179 τὸ
2106 1125 2295 1199 μᾶλλόν
2352 1143 2407 1177 τε

793 1234 883 1268 και
931 1219 989 1268 τό
1034 1216 1208 1284 ἧττον,
1245 1221 1516 1276 ποσότητι
1573 1213 1630 1270 δὲ
1696 1219 1881 1270 κάθότι
1937 1219 2003 1269 τὰ
2060 1217 2407 1290 περιεχόμενα

791 1312 890 1356 τῶν
938 1308 1319 1380 περιεχομένων
1405 1305 1632 1378 ἐλάσσω,
1692 1309 1828 1359 κατὰ
1865 1311 1959 1365 τὴν
2013 1313 2106 1358 τοῦ
2163 1310 2406 1376 σώματος

792 1391 1037 1465 ἀνάλογον
1118 1399 1471 1466 στεγανότητα
1542 1396 1571 1454 ἣ
1668 1397 1934 1471 ὑγρότητα
2008 1396 2037 1454 ἦ
2087 1393 2327 1451 λειοτητα
2369 1393 2398 1450 ἣ

787 1487 1079 1555 μανότητα,
1130 1484 1158 1543 ἦ
1205 1482 1512 1552 λεπτότητα,
1572 1491 1870 1557 κουφότητα
1902 1486 2148 1544 ὡσαύτως
2203 1502 2257 1535 τε
2315 1500 2405 1533 και

790 1572 1090 1647 βαρύτητα,
1133 1593 1222 1626 και
1274 1581 1428 1627 τοῦτο
1478 1577 1712 1647 γνωστὸν
1763 1573 1850 1627 ἀπ’
1901 1573 2066 1635 αὐτῆς
2110 1580 2200 1632 τῆς
2260 1570 2402 1644 ἔναρ-

785 1667 929 1735 γείας
993 1663 1136 1716 ἐστίν
1194 1682 1208 1697 '
1247 1659 1372 1716 οὐδὲ
1426 1667 1526 1738 γὰρ
1571 1662 1992 1739 εἰλικρινέστερον
2039 1667 2183 1734 γνοίη
2234 1679 2291 1733 γε
2340 1659 2400 1712 ἃν

784 1758 883 1814 πᾶς
930 1751 1024 1805 ούκ
1073 1751 1160 1825 ἀφ’
1215 1752 1399 1807 ἑαυτοῦ
1456 1762 1582 1806 νοῶν
1657 1754 1797 1806 τοῦτ’
1838 1752 1964 1806 αὐτὸ
2009 1753 2039 1811 ἢ
2089 1750 2141 1814 ἐξ
2181 1750 2347 1802 αὐτῶν
2381 1768 2397 1784 ο

783 1843 899 1914 ἔχει
961 1845 1059 1917 γὰρ
1123 1839 1260 1895 αύτὰ
1301 1844 1366 1896 τὰ
1434 1849 1678 1916 στοιχεῖα
1724 1847 1818 1902 τὴν
1865 1849 1963 1894 τῶν
2021 1841 2272 1913 ἑκατέρων
2331 1839 2397 1901 εἰς

786 1929 947 1984 ἑαυτὰ
985 1929 1238 2006 ἐνέργειαν
1297 1931 1370 1994 εἰς
1406 1931 1695 2006 τούμφανὲς
1742 1934 1808 1984 τὰ
1852 1931 2043 1984 ἑαυτῶν
2093 1925 2396 1982 δεικνύοντα

785 2015 1052 2094 ἰδιώματα
1084 2039 1097 2055 ·
1130 2024 1336 2084 τούτοις
1376 2019 1618 2095 δὲφύσις
1659 2021 1798 2075 ἐστὶν
1829 2018 1995 2097 ἀρχὴ,
2031 2021 2283 2095 μερισμός
2335 2015 2394 2071 δε

780 2110 1014 2183 ὑπάρχει
1065 2110 1226 2172 αύτῆς
1273 2131 1286 2145 ο
1323 2112 1456 2164 οὕτω
1500 2115 1599 2188 γὰρ
1655 2129 1744 2164 και
1803 2113 1870 2164 τὰ
1922 2112 2054 2183 μετὰ
2110 2115 2276 2161 ταῦτα
2327 2115 2387 2181 τῇ

782 2195 938 2271 ὁμοίᾳ
966 2198 1202 2272 ποικιλίᾳ
1249 2198 1605 2255 ἐπακολουθεῖ.
1662 2200 1807 2256 Ἐπεί
1839 2195 1899 2252 δὲ
1941 2219 2033 2251 και
2082 2193 2392 2250 ἀποδεικτι-

778 2296 1001 2365 κωτερον
1040 2297 1158 2365 περί
1212 2293 1412 2364 φύσεως
1466 2308 1557 2344 και
1596 2291 1829 2365 κράσεων
1858 2294 1968 2365 χρὴ
2019 2291 2158 2361 ἡμᾶς
2209 2288 2385 2356 εἰπεῖν,

779 2374 873 2431 οὐκ
914 2377 1323 2454 ἀναϐαλλόμεθα,
1386 2378 1494 2434 ἀλλ’
1535 2376 1588 2444 ἐξ
1646 2379 1812 2433 αύτῶν
1860 2387 1960 2432 τῶν
2016 2381 2294 2451 στοιχείων
2335 2397 2388 2431 τε

777 2473 987 2532 καὶτῆς
1041 2471 1241 2544 φύσεως
1282 2466 1624 2544 ἀποδείξομεν
1674 2466 1767 2524 διὰ
1822 2476 1916 2522 τοῦ
1967 2471 2388 2544 καταγραφέντος

747 2745 900 2796 ram.
929 2730 1134 2790 media
1153 2735 1358 2789 autem
1383 2735 1472 2788 est
1499 2734 1656 2788 terra
1685 2742 1698 2801 ;
1716 2745 1860 2787 nam
1879 2728 2086 2788 omnia
2123 2743 2259 2802 quae
2278 2742 2411 2801 gra-

745 2821 847 2880 via
876 2827 1016 2880 sunt
1045 2839 1156 2880 sua
1186 2826 1403 2896 sponte
1434 2822 1513 2879 ad
1543 2825 1818 2878 centrum
1885 2820 2176 2877 feruntur.
2223 2822 2297 2876 At
2318 2834 2408 2876 se-

747 2911 1016 2969 cundum
1045 2912 1107 2969 id
1143 2912 1311 2985 quod
1341 2916 1429 2968 est
1455 2911 1652 2982 magis
1685 2915 1742 2968 et
1785 2909 1985 2966 minus
2045 2909 2161 2966 hoc
2200 2907 2405 2965 modo.

745 3001 928 3073 Magis
952 3001 1016 3058 in
1045 3006 1198 3058 terra
1225 3005 1311 3058 est
1341 3015 1505 3074 aqua
1529 3016 1718 3074 quam
1749 2999 1923 3071 ignis,
1953 2998 2015 3054 in
2043 2999 2261 3055 aethere
2308 3013 2410 3054 aer

745 3106 936 3164 quam
964 3094 1136 3160 terra,
1165 3091 1227 3147 in
1241 3106 1376 3147 aere
1405 3106 1587 3164 aqua,
1612 3106 1799 3164 quam
1817 3092 2002 3157 terra,
2020 3089 2082 3144 in
2108 3104 2271 3161 aqua
2292 3102 2407 3160 po-

743 3180 859 3236 tius
885 3197 1005 3253 aer,
1039 3196 1226 3254 quam
1256 3180 1431 3252 ignis.
1469 3182 1830 3238 Suntautem
1859 3179 2086 3235 interse
2122 3177 2406 3234 omnibus

742 3271 972 3340 omnia,
999 3287 1212 3328 verum
1244 3286 1369 3327 non
1394 3269 1799 3328 intercedente
1851 3269 2052 3326 medio
2107 3267 2403 3342 quodam,

742 3360 847 3417 sed
872 3361 1009 3434 ipsa
1038 3360 1100 3417 in
1127 3360 1275 3434 ipsis
1299 3361 1462 3430 totis,
1479 3360 1662 3434 idque
1690 3359 2030 3416 secundum
2051 3357 2113 3415 id
2128 3357 2297 3431 quod
2319 3359 2406 3413 est
2435 3371 2475 3428 ί]

739 3450 934 3522 magis
949 3454 1003 3508 et
1018 3450 1241 3521 minus,
1259 3450 1586 3508 secundum
1604 3450 1991 3524 quantitatem
2004 3488 2017 3511 ,
2031 3453 2234 3505 utcum
2252 3463 2406 3504 com-

737 3541 1042 3613 prehensa
1054 3541 1508 3615 comprehensis
1521 3541 1757 3598 minora
1771 3543 1908 3596 sunt
1923 3538 2258 3595 secundum
2270 3552 2405 3610 pro-

737 3630 1077 3702 portionem
1111 3631 1263 3704 ejus,
1291 3646 1428 3704 quae
1460 3630 1620 3687 estin
1634 3645 1906 3702 corpore,
1946 3627 2404 3696 soliditatis,aut

733 3719 1130 3789 humiditatis,
1147 3719 1679 3788 autmollitudinis,
1697 3724 1802 3776 aut
1822 3717 2402 3788 raritatis,autetiam

734 3811 1095 3869 subtilitatis.
1113 3811 1338 3869 Eodem
1352 3811 1537 3869 modo
1556 3810 1893 3867 secundum
1909 3809 2206 3866 levitatem
2228 3811 2403 3878 etgra

732 3900 1000 3958 vitatem.
1054 3905 1240 3974 Atque
1269 3901 1386 3958 hoc
1444 3917 1516 3957 ex
1558 3900 1692 3974 ipsa
1762 3898 2060 3955 evidentia
2114 3893 2400 3968 cognosci

730 3993 930 4064 potest
963 3993 1149 4048 Nemo
1177 3991 1337 4047 enim
1370 3989 1660 4062 (cogitans
1692 3989 1820 4062 ipse
1842 4004 1952 4061 per
1999 3988 2083 4058 se)
2134 3987 2253 4044 hoc
2306 3986 2399 4058 ip-

732 4096 868 4136 sum
899 4079 1094 4136 verius
1119 4095 1306 4154 quam
1333 4095 1405 4136 ex
1433 4077 1771 4152 ipsisrebus
1794 4092 2152 4147 cognoscere
2175 4079 2392 4149 potest.

729 4169 965 4226 Habent
1014 4169 1174 4226 enim
1229 4170 1368 4242 ipsa
1423 4168 1718 4225 elementa
1767 4171 2162 4239 utrorumque
2207 4165 2267 4223 in
2333 4179 2395 4221 se

728 4257 1132 4327 efﬁcientiam,
1185 4258 1267 4315 ita
1336 4261 1400 4314 ut
1451 4256 1764 4314 manifeste
1813 4271 1955 4312 suas
1999 4254 2392 4328 proprietates

724 4349 1008 4422 prodant.
1034 4349 1130 4405 His
1159 4352 1361 4406 autem
1386 4351 1602 4404 natura
1627 4345 1990 4418 principium
2029 4349 2135 4402 est.
2174 4345 2390 4400 Verum

724 4439 818 4495 his
838 4439 1018 4496 etiam
1047 4439 1202 4495 inest
1229 4437 1587 4494 distributio.
1611 4439 1759 4493 Nam
1783 4439 1994 4492 caetera
2014 4451 2151 4508 quae
2174 4450 2390 4507 sequn-

725 4532 821 4586 tur
856 4528 1140 4601 deinceps
1198 4527 1454 4584 similem
1518 4526 1864 4583 varietatem
1942 4524 2217 4582 retinent.
2273 4523 2388 4582 Sed

724 4618 1017 4691 quoniam
1044 4621 1276 4691 oportet
1295 4631 1408 4674 nos
1431 4615 1505 4673 de
1528 4620 1745 4672 natura
1771 4620 1826 4671 et
1847 4613 1922 4671 de
1941 4614 2385 4688 temperationi-

2933 1430 3787 1901 θλ

2559 2022 2644 2071 Δεῖ
2668 2024 2791 2092 γοῦν
2823 2013 3098 2083 ἀποδεῖξαι
3145 2015 3193 2073 ἓν
3238 2017 3378 2092 αύτῷ
3430 2023 3524 2080 τὴν
3569 2028 3660 2084 τῆς
3718 2024 3919 2096 φύσεως
3977 2024 4160 2079 ἕνωσιν

2555 2125 2644 2160 και
2702 2115 2801 2160 τῶν
2851 2111 3083 2183 κράσεων
3135 2105 3228 2163 διὰ
3277 2117 3374 2162 τῶν
3448 2117 3726 2184 στοιχείων
3790 2133 3843 2167 τε
3921 2135 4011 2168 και
4062 2123 4158 2178 τῆς

2555 2200 2768 2270 φύσεως.
2819 2197 3070 2271 Ἀχθήτω
3100 2197 3201 2252 ἀπὸ
3231 2208 3326 2262 τῆς
3374 2205 3414 2253 Α
3470 2197 3746 2276 διάμετρος
3807 2210 4152 2280 περαιουμένη

2551 2295 2623 2358 τῷ
2697 2292 2887 2365 κέντρῳ
2938 2292 3070 2342 κατὰ
3117 2293 3211 2350 τὴν
3274 2293 3329 2358 Γ,
3381 2291 3630 2354 ὡσαύτως
3685 2314 3774 2346 και
3829 2291 3929 2348 ἀπὸ
3971 2303 4064 2358 τῆς
4121 2301 4157 2349 Β

2550 2373 2768 2449 ὰχθὴτω
2798 2381 3141 2454 περαιουμένη
3173 2387 3244 2453 τῷ
3294 2383 3486 2458 κέντρῳ
3519 2385 3656 2436 κατὰ
3706 2387 3799 2443 τὴν
3845 2391 3900 2438 Δ·
3957 2387 4154 2461 γεγρά-

2551 2469 2761 2541 φθωσαν
2791 2474 2880 2524 καὶ
2931 2470 3095 2545 ἕτεροι
3143 2476 3276 2549 τρεῖς
3317 2470 3496 2526 κύκλοι
3531 2493 3543 2507 ·
3578 2467 3724 2528 ἔνδον
3761 2481 3853 2528 τοῦ
3890 2480 3929 2529 Α
3980 2483 4017 2529 Β
4046 2482 4086 2530 Γ
4115 2483 4151 2530 Δ

2522 2730 2676 2790 stent
2705 2728 2746 2784 C
2799 2730 2864 2786 D.
2909 2727 3210 2788 Scribatur
3255 2729 3318 2788 in
3357 2729 3562 2790 circuli
3613 2736 3816 2793 centro
3860 2733 4052 2796 littera
4114 2734 4183 2797 U.

2736 2923 3958 4116 ...η

2502 4251 2764 4312 Tollatur
2796 4257 2845 4314 Μ
2875 4260 3090 4330 sector,
3121 4258 3180 4314 et
3216 4253 3567 4331 adsequetur
3599 4256 3716 4333 ipsi
3754 4260 3814 4330 Τ,
3846 4263 3903 4318 et
3957 4266 4004 4318 A
4050 4259 4172 4336 ipsi

2500 4344 2568 4414 Μ,
2599 4347 2656 4401 et
2677 4344 2830 4418 lipsi
2852 4347 2900 4400 A
2924 4362 2937 4402 :
2968 4347 3408 4422 comperiemus
3426 4351 3476 4404 Μ
3497 4348 3776 4422 dulplum
3803 4365 3930 4408 esse
3969 4351 4165 4425 ipsius

2498 4435 2681 4502 l,etA
2704 4434 2894 4509 ipsius
2917 4439 2966 4493 M
2989 4436 3467 4510 sesquialterum,
3501 4442 3558 4495 et
3611 4439 3799 4512 ipsius
3844 4445 3891 4497 A
3925 4442 4162 4516 sesqui-

2498 4524 2754 4580 tertium.
2781 4526 3089 4583 Ponamus
3106 4527 3339 4598 igiturT
3355 4543 3486 4584 esse
3508 4533 3744 4602 terram,
3771 4533 3819 4588 M
3842 4546 4092 4604 aquam,
4121 4537 4172 4588 Α

2496 4628 2720 4685 aerem,
2750 4618 2770 4671 ῐ
2810 4615 3032 4686 ignem.
3059 4618 3204 4673 Cum
3225 4616 3404 4688 igitur
3425 4617 3628 4674 circuli
3668 4624 3928 4692 quatuor
3957 4621 4176 4678 sectio-

721 4707 838 4765 bus
862 4721 1202 4764 sermonem
1220 4707 1502 4764 facientes
1525 4704 2132 4778 aﬂ‘erreprobationes
2145 4705 2388 4762 eviden-
2416 4745 2462 4802 D
2495 4718 2603 4759 nes
2634 4720 2772 4762 cum
2813 4709 2855 4763 N
2883 4705 3256 4780 copulentur,
3287 4708 3588 4780 copulatio
3634 4710 3813 4766 totius
3871 4711 4171 4768 circulum

720 4797 926 4864 tiores,
961 4812 1105 4853 sane
1135 4796 1370 4853 differre
1401 4795 1704 4852 nolumus.
1744 4799 1825 4850 Ac
1854 4810 1928 4851 ex
1956 4794 2104 4867 ipsis
2134 4794 2387 4852 elemen.

721 4887 794 4943 tis
823 4887 1074 4960 ipsaque
1103 4885 1256 4943 adeo
1281 4891 1498 4942 natura
1523 4885 1824 4956 descripto
1846 4883 1961 4941 hoc
1983 4883 2203 4941 circulo
2220 4885 2387 4958 quod

718 4977 1002 5036 volumus
1032 4975 1607 5034 demonstrabimus.
1642 4977 1782 5030 Esto
1813 4974 2070 5032 circulus
2091 4979 2138 5031 A
2177 4977 2213 5031 Β
2245 4979 2284 5034 C
2316 4979 2381 5033 D.

720 5070 962 5142 Oportet
993 5067 1172 5138 igitur
1209 5068 1272 5124 in
1297 5068 1411 5124 hoc
1447 5065 1668 5123 circulo
1699 5069 1929 5122 naturas
1984 5069 2039 5122 et
2094 5069 2388 5140 tempera-

717 5158 950 5214 tionum
979 5157 1472 5214 communionem
1499 5159 1621 5212 tam
1653 5153 1713 5211 in
1759 5153 2067 5211 elementis
2108 5170 2295 5229 quam
2323 5155 2386 5214 in

714 5251 934 5305 natura
953 5245 1286 5304 ostendere.
1329 5249 1590 5303 Ducatur
1617 5243 1695 5301 ab
1718 5247 1767 5299 A
1797 5244 2088 5302 diameter
2119 5261 2228 5318 per
2253 5261 2386 5303 cen-

713 5342 875 5395 trum
893 5353 1030 5412 quas
1047 5337 1397 5394 terminetur
1413 5336 1474 5393 in
1492 5338 1552 5394 Ε.
1580 5335 1804 5393 Eodem
1829 5335 2013 5393 modo
2035 5337 2290 5394 ducatur
2311 5352 2384 5395 ex

713 5429 755 5485 Β
785 5441 893 5502 per
931 5431 1199 5485 centrum
1222 5427 1428 5499 altera,
1469 5443 1607 5501 quae
1637 5420 1989 5484 tcrmihetur
2025 5425 2087 5482 in
2145 5428 2212 5486 D.
2281 5430 2384 5485 De-

712 5519 1053 5577 scribantur
1079 5519 1177 5578 alii
1208 5524 1323 5577 tres
1344 5518 1551 5577 circuli
1590 5518 1748 5576 intra
1786 5515 2078 5575 circulum
2107 5521 2154 5574 A
2181 5519 2220 5575 Β
2247 5519 2287 5577 C
2315 5521 2380 5591 D,

709 5609 816 5684 qui
844 5609 1095 5684 quidem
1117 5609 1336 5686 aequali
1359 5609 1554 5684 spatio
1573 5610 1727 5666 inter
1757 5623 1822 5665 se
1851 5607 2089 5666 distent.
2145 5609 2382 5676 Quanto

709 5704 912 5785 autem
954 5701 1268 5764 intervallo
1312 5701 1534 5763 distent
1562 5704 1688 5761 Aet
1716 5701 1775 5773 Β,
1810 5703 1978 5760 tanto
2030 5698 2212 5760 etiam
2285 5699 2381 5762 ἀίο-

2497 4795 2732 4868 efﬁciat,
2753 4795 3006 4854 efﬁcitur
3027 4812 3170 4854 sane
3192 4801 3258 4854 ut
3277 4799 3318 4854 T
3335 4800 3385 4853 M
3414 4803 3459 4854 A
3486 4801 3662 4855 lcum
3689 4801 3734 4856 U
3782 4799 4172 4874 copulatione

2495 4884 2754 4942 naturali
2783 4887 3084 4945 uniantur.
3119 4891 3298 4945 Porro
3324 4887 3468 4961 quia
3490 4889 3551 4945 in
3582 4894 3696 4946 tres
3727 4896 3926 4963 partes
3980 4897 4040 4948 et
4105 4894 4172 4950 in

2496 4975 2797 5048 triangula
2819 4977 3187 5048 dividuntur,
3213 4995 3283 5035 ac
3304 4980 3566 5051 majores
3588 4979 3834 5053 quidem
3873 4987 4080 5054 partes
4105 4982 4172 5040 in

2497 5067 2976 5124 circmcurrentis
2991 5067 3163 5125 linem
3183 5068 3435 5126 modum
3450 5069 4008 5144 inﬂexas,obliquas
4022 5086 4170 5131 vero

2495 5155 2557 5214 in
2574 5162 2802 5215 rectum
2830 5157 3154 5232 productas
3176 5158 3419 5233 habent,
3451 5176 3522 5217 ex
3542 5177 3612 5218 eo
3643 5163 4112 5235 temperationes
4132 5180 4175 5223 ο.

2496 5251 2605 5304 tem
2613 5248 3026 5322 perationibus
3041 5264 3246 5306 revera
3262 5251 3529 5323 separari
3543 5250 3835 5320 videmus,
3849 5266 3975 5309 non
3991 5269 4171 5312 secus

2495 5341 2678 5411 atque
2699 5343 2899 5411 partes
2921 5338 3084 5412 ipsas
3101 5339 3163 5396 in
3178 5344 3436 5398 sectores
3453 5341 3494 5397 T
3515 5340 3563 5398 Μ
3584 5345 3664 5398 ΑΙ
3695 5339 4046 5400 distributas
4070 5360 4175 5401 va-

2492 5427 2699 5486 rietate
2720 5428 3008 5502 distingui
3022 5430 3342 5488 cernimus.
3361 5432 3515 5488 Nam
3529 5431 3828 5504 generalis
3848 5433 3934 5490 illi
3952 5449 4096 5492 cum
4121 5433 4172 5490 N

2494 5518 3016 5591 convenientia,ad
3032 5519 3299 5579 intcrnos
3314 5537 3504 5596 usque
3519 5526 3776 5580 sectores
3790 5527 3916 5581 tota
3927 5525 4174 5599 penitus

2489 5614 2578 5669 est
2590 5609 2866 5702 figurata.-
2886 5611 3001 5702 Sed
3013 5610 3315 5702 copulatio
3326 5627 3463 5688 quas
3476 5617 3565 5672 est
3577 5613 3638 5670 in
3651 5616 3694 5671 Ν
3718 5618 3810 5671 est
3823 5613 4172 5702 individua,

2490 5700 2747 5776 perinde
2773 5716 2844 5762 ac
2871 5700 2922 5762 si
2950 5701 3205 5763 dixerim
3234 5707 3508 5765 constare
3539 5719 3614 5765 ex
3637 5709 3899 5780 quatuor
3921 5700 4172 5783 punctis
