4444 6452
271 437 406 498 1285

1156 429 1513 491 THEODORI
1552 428 1597 483 ll
1636 422 1772 480 IMP.
1814 418 1904 475 DE
1944 413 2405 473 COMMUNIONE
2442 420 2791 476 NATURALI

3547 422 3683 478 i286

265 566 477 635 κύκλου,
521 562 691 626 έξίσου
727 560 929 631 ἔχοντες
978 561 1070 617 τήν
1125 553 1430 623 διάστασιν,
1490 556 1559 616 ὡς
1617 553 1641 605 6
1699 556 1738 603 Α
1794 546 1919 617 πρὸς
1948 543 1993 596 Α
2032 538 2184 594 Ἐστι
2236 550 2360 613 γοῦν
2420 550 2661 617 συγγενὲς
2709 542 2899 617 μᾶλλον
2943 543 3002 595 τὸ
3042 539 3184 615 ὕδωρ
3240 538 3333 594 δ’ιά
3377 549 3545 596 ταῦτα
3592 554 3684 605 τῆς

267 658 355 707 τόν
396 661 431 707 Β
462 629 547 724 ’τῇ
589 629 889 720 διαστάσει,
941 649 967 700 6
1027 652 1065 700 Γ
1117 650 1239 721 πρὸς
1287 650 1374 699 τὸν
1432 651 1485 699 Δ,
1524 639 1807 713 Ἐσγκείσθω
1862 629 1918 687 δε

264 749 355 795 καὶ
406 750 479 812 τῷ
531 744 722 814 κέντρῳ
764 743 821 791 τό
883 743 941 793 Φ.
995 736 1243 808 Ἀχοήτω
1301 730 1387 788 οὖν
1445 736 1470 785 6
1509 739 1549 786 Υ
1602 731 1783 802 τομεὺς
1829 726 1921 776 καὶ

267 831 600 895 έξισασθήτω
629 839 702 890 τῶ
734 834 789 899 Γ,
832 831 921 879 καί
960 828 986 878 6
1028 832 1066 879 A
1106 835 1178 896 τῷ
1218 833 1275 892 Υ,
1308 828 1397 877 καὶ
1454 824 1480 876 6
1530 827 1571 875 Π
1616 827 1686 873 τῶ
1729 824 1790 885 Α,
1831 817 1921 867 καὶ

267 922 636 994 εὑρεθήσονται
689 919 714 970 ό
767 920 856 989 μεν
907 922 947 969 Υ
988 922 1079 967 τοῦ
1134 920 1171 967 Γ
1220 910 1522 981 διπλάσιος,
1573 912 1598 962 ὀ
1655 905 1713 961 δε
1754 913 1793 961 Α
1828 910 1919 994 του

266 992 608 1081 Υνήμιόλιος,
662 1008 688 1059 6
737 999 795 1059 δι
852 1012 892 1058 Π
926 1011 1017 1057 τοῦ
1076 1010 1116 1057 Δ
1156 1001 1430 1076 ἐπίτριτος.
1477 1000 1686 1057 Τεοήτω
1729 1002 1855 1068 γοῦν
1877 992 1920 1081 A6

266 1100 357 1170 μὶν
392 1078 538 1149 εἶναι
589 1104 683 1167 γῆ,
734 1091 851 1148 ὁδε
880 1091 1049 1167 ὕδωρ,
1102 1093 1127 1144 6
1160 1088 1218 1145 δε
1260 1090 1379 1165 ἀήρ,
1424 1092 1449 1143 6
1495 1086 1553 1143 δε
1604 1095 1730 1161 πῦρ,
1770 1088 1828 1137 τό
1862 1078 1922 1135 δε

268 1194 307 1240 Φ
364 1191 571 1259 κέντρον
625 1189 715 1237 καὶ
769 1186 942 1256 φύσις.
986 1183 1047 1234 Εἰ
1091 1188 1216 1253 γοῦν
1274 1182 1354 1233 ὅτι
1418 1181 1472 1232 αὶ
1537 1179 1673 1230 κατά
1733 1173 1920 1226 κύκλον

264 1282 509 1350 τέσσαρες
558 1280 708 1347 τόμοι
746 1278 875 1347 πρὸς
932 1276 990 1325 τό
1049 1278 1086 1325 Φ
1144 1273 1511 1336 συνάπτονται,
1568 1270 1596 1326 ή
1642 1264 1819 1318 διόλου
1862 1259 1920 1315 δὲ

1070 1358 1299 1414 ἐνοῦνται
1375 1362 1479 1432 ἄρα
1550 1356 1670 1409 καθ’
1740 1355 1921 1407 ἕνωσιν

267 1370 465 1437 συναφὴ
558 1362 744 1424 κύκλος
830 1362 991 1427 ἐστὶν,

1380 1450 1460 1500 ὃτι
1500 1443 1559 1499 δε
1605 1438 1920 1519 τετραδικῶς

263 1458 484 1527 φυσικὴν
516 1454 545 1511 ἡ
605 1458 642 1504 Γ
680 1458 722 1504 Υ
764 1458 804 1505 Α
837 1456 880 1503 Π
912 1453 1041 1525 πρὸς
1091 1455 1186 1508 τήν
1237 1454 1275 1503 Φ
1307 1464 1320 1479 ⁶

260 1546 561 1615 μερίζονται
628 1541 658 1599 ἣ
726 1544 1068 1615 τριγωνικῶς,
1132 1539 1161 1596 ἡ
1218 1539 1308 1597 τάς
1356 1538 1445 1609 μὲν
1503 1538 1717 1607 μείζους
1768 1548 1920 1603 περι-

259 1639 420 1704 φερῶς
501 1630 738 1701 ἔχουσιν,
808 1626 1011 1688 εὐθείως
1088 1624 1146 1679 δὲ
1211 1628 1306 1687 τάς
1370 1625 1616 1697 πλαγίας,
1688 1625 1921 1694 φαίνεται

257 1721 339 1772 ὅτι
406 1724 497 1771 καὶ
544 1720 759 1787 κράσεις
818 1716 978 1779 ὄντως
1038 1714 1362 1790 χωρίζονται
1435 1715 1691 1787 κράσεων,
1747 1711 1919 1770 καθὼς

254 1814 346 1862 καὶ
403 1812 470 1863 τά
500 1809 572 1871 εἰς
618 1812 743 1869 τοὺς
794 1813 831 1860 Γ
876 1813 916 1859 Υ
949 1814 987 1860 Α
1043 1813 1084 1858 Π
1137 1809 1266 1879 μέρη
1302 1804 1656 1858 ποικίλλονται
1686 1822 1698 1835 ·
1750 1802 1780 1858 ἡ
1817 1802 1917 1872 ’γὰρ

2029 637 2150 700 γῆς,
2200 635 2290 683 καὶ
2331 632 2389 685 οὗ
2442 638 2500 686 τό
2531 644 2657 708 πῦρ,
2691 636 2758 696 ὡς
2810 637 2899 685 καὶ
2948 630 3104 707 όάήρ
3136 638 3227 684 τοῦ
3259 636 3420 707 πυρὸς
3469 632 3681 704 μᾶλλον,

2031 720 2120 769 καὶ
2177 716 2283 789 οὐχ
2339 720 2369 779 ἠ
2410 728 2502 792 γῆ,
2539 727 2630 775 καὶ
2680 724 2737 775 16
2770 718 2913 794 ὕδωρ
2964 728 3054 774 τοῦ
3114 719 3279 793 ἀέρος,
3334 727 3423 775 καὶ
3479 721 3538 774 οὐ
3591 729 3683 775 τοῦ

2030 808 2216 878 πυρός,
2260 813 2348 861 καὶ
2391 811 2417 862 6
2450 809 2549 885 ἀήρ
2606 818 2697 865 τοῦ
2728 807 2940 876 ὕδατος,
2995 813 3084 863 καὶ
3115 810 3174 863 οὐ
3204 820 3300 872 τῆς
3354 818 3475 882 γῆς,
3530 812 3594 871 ὡς
3625 814 3683 863 τὸ

2033 891 2277 967 ἀνάλογον
2334 895 2383 949 έν
2434 908 2549 962 ταῖς
2603 908 2695 953 τοῦ
2753 900 2945 953 κύκλου
3001 896 3237 953 δείκνυσι
3275 903 3505 974 μοίραις.
3562 903 3681 953 Kiu-

2031 1000 2151 1055 τρον
2205 988 2307 1060 γὰρ
2359 997 2623 1061 παντεχοῦ
2681 1007 2734 1043 τε
2797 993 2888 1042 καὶ
2946 987 2998 1053 ἐξ
3062 989 3294 1061 ἀνάγκης
3337 988 3449 1042 εστὶ
3499 992 3558 1041 τὸ
3621 994 3683 1057 Ψ,

2031 1080 2197 1125 ταῦτα
2247 1072 2307 1127 δέ
2339 1075 2481 1129 ὶστιν
2513 1076 2561 1131 ἓν
2591 1074 2664 1131 δι’
2696 1078 2849 1131 αλλόυ
2880 1083 2968 1131 καὶ
2998 1077 3047 1131 ἓν
3096 1077 3269 1152 ἑτέρῳ,
3322 1083 3406 1131 καὶ
3453 1080 3683 1150 γειτνιά-

2034 1161 2122 1221 ζον
2147 1166 2279 1238 πρὸς
2307 1165 2428 1218 οἰλλο
2462 1183 2475 1197 ο
2525 1169 2660 1219 κατά
2708 1171 2766 1219 16
2822 1167 3010 1240 μᾶλλόν
3041 1186 3095 1221 τε
3142 1173 3228 1220 καὶ
3256 1171 3313 1220 τό
3346 1168 3519 1234 ἦττον,
3553 1169 3683 1239 ὁμοῦ

2034 1247 2093 1304 δε
2148 1256 2282 1305 κατά
2333 1260 2427 1314 τήν
2488 1266 2580 1309 τοῦ
2634 1264 2671 1312 Φ
2722 1259 2900 1310 ἕνωσιν
2961 1267 3180 1329 συγγενῆ
3240 1266 3423 1320 κοινῶς
3479 1257 3685 1310 ἅπαντα

2030 1343 2244 1413 κράσεις
2300 1362 2354 1397 τε
2404 1350 2491 1397 καὶ
2540 1354 2802 1418 στοιχεῖα,
2853 1349 2989 1400 κατά
3036 1344 3095 1400 δὲ
3132 1350 3222 1409 τὰς
3256 1348 3418 1419 τομάς
3455 1351 3542 1399 καὶ
3594 1349 3683 1407 τάς

2033 1430 2199 1493 θέσεις
2253 1434 2573 1508 μερίζονται.
2621 1432 2832 1495 Ἐπειδὴ
2878 1434 2936 1489 δε
2992 1443 3092 1488 πᾶν
3148 1445 3302 1508 σῶμα
3347 1439 3681 1509 κεχωρισμέ-

2030 1537 2112 1571 νον
2166 1518 2219 1571 έκ
2257 1530 2357 1573 τῶν
2415 1522 2589 1601 ἐτέρων
2646 1527 2899 1598 σωμάτων
2951 1530 3041 1578 καὶ
3081 1521 3257 1579 εἰδοπε
3286 1531 3559 1598 ποιημένον
3593 1530 3684 1578 καὶ

2030 1612 2101 1679 μὴ
2135 1611 2205 1672 ὡς
2229 1611 2323 1670 ὖλη
2356 1616 2646 1686 νοούμενον,
2688 1612 2795 1667 ἀλλ’
2832 1616 2985 1688 ἄμφω
3016 1614 3070 1668 ὃν
3103 1619 3196 1668 σὺν
3224 1623 3294 1687 τῷ
3332 1610 3462 1668 εῖδει
3492 1634 3507 1650 ο
3548 1615 3683 1668 οὕτω

2029 1699 2131 1772 γὰρ
2171 1703 2261 1751 καί
2313 1718 2364 1753 τι
2418 1704 2667 1775 νομισθῇ,
2716 1707 2806 1756 καὶ
2856 1704 2962 1775 οὐχ
3015 1703 3188 1766 ἁπλῶς
3236 1703 3331 1763 ὕλη
3395 1705 3629 1777 Θεωρηθῇ
3664 1716 3681 1733 ⁶

2030 1790 2088 1838 1'6
2126 1796 2288 1860 τριχῆ
2323 1792 2460 1864 φέρει
2490 1788 2797 1861 διαστατόν,
2856 1801 3009 1846 τοῦτο
3060 1789 3119 1848 δε
3147 1802 3302 1868 τριῶν
3334 1789 3506 1847 δεῖται
3563 1790 3685 1846 δια*

259 1901 388 1973 πρὸς
444 1901 503 1950 τό
564 1904 601 1950 Φ
644 1900 831 1969 σχέσις
878 1878 1143 1953 καθολικὴν
1186 1896 1275 1955 ἕως
1330 1901 1430 1946 τῶν
1484 1888 1686 1945 ἔνδοθεν
1725 1892 1992 1962 τομέωνΒ
2034 1878 2287 1947 στάσεων,
2349 1881 2468 1957 ὅπερ
2538 1880 2591 1945 ἐξ
2656 1879 2891 1955 ἀνάγκης
2946 1881 3273 1957 ἀποτέλεσμά
3335 1882 3447 1937 ἔστι
3497 1890 3588 1936 τοῦ
3646 1885 3685 1936 Γ

259 1986 697 2061 ἐσχηματισμένη
740 1982 941 2048 διόλου,
975 1984 1005 2043 ἡ
1060 1979 1120 2037 δε
1150 1982 1197 2035 ἐν
1233 1992 1304 2055 τῷ
1360 1989 1398 2036 Φ
1446 1985 1647 2054 συναφὴ
1705 1977 1913 2053 ἀμερής,

259 2078 323 2138 ὡς
386 2075 445 2129 ἆν
495 2080 714 2149 εἴποιμι,
776 2075 856 2127 ὃτι
909 2073 1054 2127 ἐστὶν
1105 2074 1208 2126 οἷον
1258 2072 1312 2125 ἐκ
1380 2075 1649 2146 τεσσάρων
1691 2072 1918 2141 σημείων

261 2169 521 2240 ἁπτομένη
590 2173 680 2218 τοῦ
726 2164 774 2217 ἐν
822 2173 894 2237 τῷ
946 2167 1138 2238 κέντρῳ
1196 2170 1255 2231 Φ,
1322 2165 1456 2216 ὥστε
1515 2164 1544 2220 ἡ
1605 2163 1694 2234 μὲν
1746 2157 1917 2230 κύκλῳ

259 2262 350 2309 καὶ
406 2256 436 2315 ἡ
484 2253 660 2330 πόρῥω
713 2258 845 2327 πρὸς
895 2258 952 2306 16
993 2259 1031 2307 Φ
1092 2257 1281 2325 σχέσις
1338 2249 1769 2324 ἐσχηματισμὲνη
1828 2250 1919 2300 καὶ

258 2350 355 2414 τίς,
415 2347 444 2403 ἠ
517 2340 575 2397 δὲ
644 2348 845 2416 συναφὴ
908 2339 1087 2401 ἐπειδὴ
1156 2344 1204 2394 ἐν
1262 2348 1505 2415 στιγμοῐς
1571 2338 1762 2415 ἀμερὴς
1828 2341 1918 2390 καὶ

258 2433 559 2495 ἀσύνθετος.
617 2435 926 2509 Εὑρίσκεται
963 2439 1086 2504 γοῦν
1144 2433 1223 2484 ὅτι
1279 2430 1326 2483 ἐν
1362 2438 1434 2501 τῷ
1484 2437 1522 2485 Φ
1572 2432 1636 2482 τά
1673 2434 1919 2500 στοιχεῖα

259 2527 599 2595 στηρίζονται
638 2527 726 2575 καὶ
775 2521 1103 2595 λαμϐάνουσι
1152 2520 1328 2595 πόρρω
1379 2524 1471 2578 τήν
1512 2520 1751 2572 σύνθεσιν
1782 2520 1917 2569 κατά

253 2614 515 2684 συζυγίας
570 2617 700 2687 πρὸς
760 2614 826 2665 τά
877 2612 995 2670 τέλη
1052 2609 1242 2677 αὐτῶν,
1294 2613 1362 2672 ὡς
1416 2611 1470 2662 αἱ
1516 2612 1567 2661 ἐν
1617 2618 1691 2680 τῷ
1742 2604 1914 2678 κύκλῳ

251 2707 482 2775 κείμεναι
540 2710 722 2776 μοῖραι
785 2703 839 2753 αἱ
903 2701 1128 2773 μείζονες
1191 2703 1325 2774 πρὸς
1377 2701 1473 2761 τάς
1534 2699 1793 2771 μείζονας,
1860 2697 1915 2749 αἱ

249 2790 471 2862 πλαγίαι
545 2793 677 2866 πράς
749 2792 845 2851 τάς
919 2789 1163 2861 πλαγίας,
1226 2793 1317 2841 καὶ
1391 2788 1557 2850 οὕτως
1635 2787 1915 2862 κραθεῖσαε

252 2880 409 2932 αὗται
462 2882 515 2932 αἱ
573 2881 742 2933 εὐθεῖα
804 2880 934 2950 μετά
988 2884 1083 2938 τήν
1134 2887 1233 2931 τῶν
1298 2884 1580 2953 περιφερῶν
1638 2879 1914 2950 σχηματί-

256 2973 456 3035 ζονται,
489 2970 708 3042 ἑκάτερα
758 2972 884 3045 πρὸς
940 2972 998 3021 τὸ
1043 2977 1138 3030 τῆς
1178 2969 1423 3041 ἑκατέρας
1468 2964 1722 3041 ἁρμόδιον
1779 2968 1916 3019 κατὰ

253 3065 345 3118 τήν
402 3067 497 3121 τῆς
547 3062 844 3131 ἐπιστήμης
904 3055 1192 3122 ἀπόδειξιν.
1252 3061 1427 3129 Τούτῳ
1479 3054 1546 3116 δή
1613 3065 1685 3128 τῷ
1740 3060 1913 3129 τρόπῳ

254 3154 342 3201 καὶ
428 3157 595 3203 ταῦτα
669 3151 857 3222 ὁμοίως
951 3148 1175 3203 ἐνοῦνταί
1247 3166 1302 3202 τε
1376 3152 1465 3201 καὶ
1538 3146 1910 3201 ποικίλλονται.

254 3394 392 3454 quae
405 3379 465 3435 in
482 3378 720 3452 U,quod
732 3376 891 3435 estin
903 3378 1658 3448 centro,cohaerent.Quare
1671 3376 1915 3436 circula-

252 3469 338 3527 ris
356 3469 458 3525 illa
475 3474 655 3542 atque
677 3485 707 3525 e
724 3468 1060 3542 longinquo
1076 3468 1325 3526 reducta
1341 3468 1759 3526 convenientia
1776 3484 1915 3525 cum

250 3562 425 3628 N,est
443 3558 701 3629 ﬁgurata
730 3563 787 3615 et
816 3556 1537 3631 particularis.Copulatio
1554 3573 1698 3615 vero
1727 3574 1918 3632 quan-

248 3648 579 3722 doquidem
609 3650 671 3705 in
695 3651 933 3721 punctis
957 3649 1340 3717 consistit,est
1366 3645 1672 3705 individua
1699 3653 1755 3704 et
1781 3650 1917 3705 sim-

246 3736 831 3811 plex.Comperimus
866 3739 1046 3810 igitur
1074 3738 1370 3795 elementa
1400 3737 1653 3794 fundata
1682 3754 1809 3795 esse
1846 3755 1917 3795 ac

248 3828 371 3885 ﬁxa
397 3828 458 3884 in
492 3833 695 3885 centro
724 3831 788 3895 N,
823 3844 893 3884 ac
923 3829 983 3885 in
1018 3828 1261 3885 remotis
1290 3828 1471 3885 etiam
1503 3827 1776 3900 partibus
1814 3828 1916 3885 ad-

247 3918 485 3975 mittere
516 3918 1014 3991 compositionem
1069 3935 1208 3975 cum
1240 3918 1521 3975 extremis
1554 3916 1675 3972 suis
1706 3930 1917 3972 secun-

248 4007 398 4064 dum
429 4008 1048 4079 conjugationes,non
1076 4009 1245 4065 aliter
1266 4013 1466 4082 partes
1490 4012 1669 4080 atque
1700 4006 1919 4079 quaein

254 4097 477 4155 circulo
517 4100 902 4169 assignantur
933 4099 1194 4172 majores
1225 4115 1363 4155 cum
1392 4097 1747 4170 majoribus,
1774 4096 1921 4153 obli-

258 4202 396 4260 quae
437 4204 575 4244 cum
607 4188 888 4262 obliquis,
924 4194 1103 4262 atque
1144 4190 1223 4245 ita
1258 4189 1410 4244 inter
1444 4204 1506 4243 se
1540 4188 1721 4243 simul
1770 4190 1920 4242 tem-

260 4281 485 4349 peratze
516 4282 691 4335 recta:
741 4294 879 4334 cum
927 4277 1317 4335 circularibus
1372 4277 1726 4348 ﬁgurantur,
1769 4277 1922 4332 inter

263 4384 329 4424 se
369 4368 787 4424 convenienter
843 4369 1176 4425 secundum
1232 4368 1493 4424 scientiae
1545 4367 1919 4423 demonstra-

270 4457 513 4514 tionem.
570 4460 688 4514 Hoc
735 4458 917 4528 igitur
968 4458 1151 4514 modo
1201 4464 1257 4515 et
1304 4458 1433 4513 hzec
1466 4456 1732 4513 similiter
1770 4456 1921 4515 inter

264 4562 327 4602 se
357 4548 647 4603 uniuntur
675 4563 745 4603 ac
776 4547 1123 4605 varietatem
1153 4548 1496 4621 acquirunt.
1524 4548 1717 4613 Quare
1757 4563 1921 4620 aqua

2028 1973 2069 2019 Υ
2107 1974 2147 2020 Α
2208 1974 2249 2020 Π
2290 1966 2606 2041 ἀναγκαίως,
2636 1974 2693 2024 1'6
2742 1980 2783 2025 Υ
2832 1980 2925 2025 τοῦ
2977 1978 3015 2025 Γ
3058 1969 3185 2025 εἶναι
3240 1969 3540 2040 διπλάσιον,
3602 1973 3685 2026 ἱνα

2028 2055 2494 2130 προσλαμϐάνοντα
2541 2068 2709 2113 ταῦτα
2750 2064 2840 2114 καὶ
2896 2064 2956 2115 τό
3010 2067 3051 2114 Α
3111 2068 3154 2116 Il
3190 2061 3404 2115 τελῶσιν
3453 2064 3583 2136 ὁμοῦ
3618 2066 3685 2117 τὰ

2029 2147 2349 2212 καθέκαστα,
2407 2153 2496 2202 καὶ
2534 2158 2736 2222 πρῶτον
2771 2154 2862 2224 μεν
2906 2150 2994 2204 οὖν
3055 2153 3247 2224 σχῆμά
3303 2151 3417 2205 ἐστι
3469 2156 3527 2205 τό
3576 2154 3686 2229 τρί-

2027 2256 2209 2307 γωνον.
2246 2232 2456 2297 Ἐπειδὴ
2505 2235 2563 2291 δὲ
2594 2241 2619 2291 ό
2666 2235 2762 2293 δῦο
2815 2250 2905 2303 τῆς
2933 2237 3158 2314 μονάδος
3198 2237 3499 2307 διπλάσιος,
3541 2244 3571 2301 ἡ
3624 2238 3684 2295 δε

2029 2328 2188 2398 μονάς
2242 2344 2297 2379 τε
2338 2332 2428 2379 καὶ
2483 2330 2513 2387 ή
2568 2325 2697 2391 δυάς
2750 2325 2946 2403 τριάδα
3001 2329 3255 2399 τελοῦσιν,
3312 2330 3365 2384 ἐκ
3420 2341 3514 2394 τῆς
3563 2335 3682 2384 τού-

2026 2433 2124 2467 των
2173 2416 2458 2478 συνθέσεως
2500 2416 2553 2480 ἐξ
2606 2416 2831 2491 ἀνάγκης
2887 2418 3026 2473 ἐστὶν
3066 2422 3093 2481 ή
3140 2424 3308 2495 τριὰς,
3360 2422 3390 2479 ἡ
3454 2418 3513 2474 δὲ
3539 2424 3684 2494 τριὰς

2028 2508 2141 2577 ἔχει
2176 2514 2364 2578 μῆκος,
2420 2506 2584 2580 βάθος
2642 2514 2732 2561 καὶ
2790 2509 3030 2573 πλάτος·
3089 2516 3178 2564 καὶ
3230 2509 3395 2583 βάθος
3453 2514 3542 2583 μεν
3590 2516 3683 2570 τὴν

2026 2592 2234 2668 μονάδα
2304 2599 2541 2672 πυθμένα
2615 2596 2778 2652 οὖσαν
2830 2604 3023 2662 παντὸς
3088 2600 3333 2675 ἀριθμοῦ,
3395 2611 3559 2675 μῆκος
3625 2598 3685 2654 δὲ

2026 2690 2119 2744 τήν
2178 2682 2359 2741 δυάδα
2408 2708 2422 2722 ·
2488 2698 2693 2763 πρῶτος
2760 2692 2862 2764 γάρ
2928 2696 3018 2744 καὶ
3081 2691 3393 2765 ἑτερομήκης
3455 2690 3595 2744 ἐστὶν
3649 2693 3680 2751 η

2028 2771 2201 2836 δυάς*
2260 2776 2450 2840 πλάτος
2516 2775 2575 2832 δὲ
2624 2778 2807 2839 ἑαυτήν
2839 2799 2853 2815 ο
2920 2781 2990 2844 εἰς
3045 2781 3332 2855 τούμφανες
3383 2784 3483 2855 γὰρ
3546 2785 3685 2858 φέρει

2026 2867 2091 2917 τὰ
2124 2869 2403 2938 σχήματα.
2465 2868 2616 2921 Οὕτω
2664 2877 2790 2942 γοῦν
2845 2873 2982 2924 κατὰ
3036 2868 3184 2944 λόγον
3216 2873 3292 2943 (l)
3336 2875 3685 2945 σπερματικὸν

2028 2951 2456 3029 ἀναλογιζόμενον
2532 2954 2812 3012 διπλάσιον
2894 2964 2981 3013 καὶ
3048 2964 3107 3013 16
3172 2958 3317 3034 ὕδωρ
3395 2960 3688 3034 ἀναγκαίως

2025 3052 2116 3105 τῆς
2184 3053 2284 3116 γῆς
2343 3042 2436 3098 διὰ
2491 3056 2659 3101 ταῦτα
2716 3047 2931 3121 ἐγένετο,
2999 3054 3087 3103 καὶ
3134 3048 3448 3110 ἐπετέθησαν
3496 3053 3688 3128 θάτερα

2024 3135 2337 3188 ὑποκεῖσθαι
2384 3142 2540 3191 παντὶ
2582 3146 2771 3214 στερεῷ
2819 3158 2874 3193 τε
2912 3140 2987 3213 (2)
3040 3145 3130 3194 καὶ
3172 3143 3319 3215 πάσῃ
3376 3149 3438 3217 τῇ
3484 3141 3562 3195 ἐπ’
3596 3142 3686 3196 αὖο

2024 3368 2531 3436 untur.Quoniam
2549 3374 2753 3429 autem
2775 3386 2956 3430 omne
2987 3384 3208 3446 corpus
3232 3378 3584 3448 separatum
3606 3375 3686 3437 ab

2026 3459 2157 3515 aliis
2180 3459 2537 3533 corporibus
2566 3460 2764 3519 forma
2791 3461 3107 3536 prazditum
3129 3467 3235 3534 est,
3261 3479 3457 3539 neque
3474 3472 3539 3525 ut
3561 3485 3688 3527 ma:

2029 3545 2174 3606 teria
2194 3549 2560 3622 intelligitur,
2593 3551 2700 3608 sed
2722 3555 3046 3626 utrumque
3068 3556 3159 3611 est
3187 3569 3325 3611 cum
3346 3554 3545 3615 forma
3572 3557 3685 3630 (sic

2026 3639 2187 3695 enim
2199 3639 2428 3713 aliquid
2446 3655 2581 3697 esse
2596 3641 3123 3714 putabitur,etnon
3139 3643 3410 3703 absolute
3424 3651 3487 3704 ut
3502 3653 3687 3707 mate-

2025 3730 2115 3785 ria
2135 3730 2586 3787 consideratum
2616 3732 2833 3803 fuerit),
2861 3732 2976 3789 hoc
3008 3737 3210 3790 autem
3232 3740 3364 3807 eget
3384 3736 3573 3794 tribus
3594 3738 3687 3796 in-

2026 3818 2284 3875 tervallis
2313 3819 2418 3893 qui
2440 3822 2781 3879 necessario
2802 3821 3045 3880 effectus
3066 3828 3157 3880 est
3181 3824 3397 3883 horum
3429 3826 3692 3887 elemen.

2030 3914 2225 3967 torum
2265 3914 2306 3968 T
2336 3912 2385 3969 M
2414 3916 2501 3969 ΑΙ
2532 3929 2544 3969 :
2584 3910 2720 3970 ideo
2754 3929 2901 3970 sane
2930 3929 3177 3971 necesse
3207 3920 3296 3973 est
3327 3921 3390 3974 ut
3418 3921 3469 3976 M
3498 3919 3689 3993 ipsius

2028 4005 2069 4058 T
2101 4002 2173 4059 sit
2199 4001 2477 4076 duplum,
2499 4007 2565 4060 ut
2594 4003 2919 4077 assumptis
2951 4020 3156 4061 secum
3180 4010 3227 4061 A
3265 4009 3285 4061 1
3326 4006 3588 4067 efﬁciant
3616 4011 3688 4067 si-

2028 4091 2159 4148 mul
2187 4092 2532 4163 singularia.
2565 4099 2642 4151 Ac
2672 4096 2868 4168 prima
2891 4094 3139 4168 quidem
3166 4095 3363 4168 ﬁgura
3389 4102 3475 4157 est
3500 4100 3687 4159 trian-

2030 4184 2260 4255 gulum.
2291 4184 2589 4249 Quoniam
2612 4188 2812 4241 autem
2834 4184 2957 4241 duo
2980 4190 3117 4243 sunt
3139 4186 3383 4244 unitatis
3406 4188 3685 4263 duplum,

2029 4280 2228 4331 unitas
2252 4290 2393 4331 vero
2422 4280 2476 4332 et
2504 4275 2819 4332 binaribus
2838 4291 3128 4333 numerus
3157 4276 3270 4335 tria
3294 4278 3689 4354 etiiciunt,ned

2030 4362 2289 4420 cessario
2311 4378 2383 4419 ex
2404 4364 2624 4421 harum
2645 4366 3081 4439 compositione
3104 4371 3338 4425 constat
3368 4372 3684 4431 ternarius.

2029 4453 2343 4510 Ternarius
2375 4459 2577 4511 autem
2604 4454 2787 4511 habet
2814 4454 3275 4529 longitudinem,
3310 4452 3690 4521 altitudinem

2030 4548 2087 4599 et
2105 4544 2593 4601 latitudinem.Ac
2619 4543 2996 4603 altitudinem
3018 4546 3264 4619 quidem
3285 4548 3470 4607 habet
3487 4553 3688 4611 unita-

260 4638 458 4706 magis
503 4642 759 4708 cognata
786 4642 873 4693 est
900 4642 1066 4694 terrae
1115 4654 1303 4711 quam
1349 4638 1524 4709 ignis,
1576 4640 1634 4693 et
1663 4652 1765 4693 aer
1794 4638 1919 4709 igni
1952 4627 1994 4681 D
2030 4641 2148 4693 tem
2165 4653 2294 4710 quae
2314 4635 2973 4693 velutifundamentum
2990 4638 3684 4718 estcujuslibetnumeri;

256 4727 455 4799 magis
487 4744 674 4797 quam
706 4732 949 4794 terra,et
968 4744 1129 4801 aqua
1157 4728 1279 4785 aeri
1300 4728 1536 4799 magnis
1557 4742 1744 4800 quam
1768 4727 1913 4799 igni,

257 4821 314 4873 et
330 4833 431 4874 aer
443 4833 617 4891 aquae
636 4819 819 4888 magis
837 4834 1013 4891 quam
1036 4816 1759 4891 terrae,quemadmodum
1777 4834 1912 4891 pro-

252 4908 449 4981 portio
470 4909 531 4965 in
558 4909 760 4965 circuli
786 4909 1055 4982 partibus
1086 4909 1626 4982 ostendit.Semper
1652 4909 1811 4966 enim
1838 4926 1909 4968 ac

251 4999 591 5057 necessario
643 5006 915 5057 centrum
958 5005 1046 5056 cst
1078 5003 1138 5057 U.
1172 5000 1287 5056 Illa:
1321 5016 1458 5056 vero
1514 5004 1713 5073 partes
1767 5006 1908 5058 sunt

250 5105 443 5146 unum
475 5106 580 5163 per
620 5091 783 5147 aliud
814 5096 869 5147 et
898 5092 959 5147 in
979 5090 1185 5159 altero,
1218 5098 1275 5147 et
1310 5091 1802 5164 appropinquant
1830 5092 1909 5149 ad

249 5177 414 5237 aliud
438 5181 773 5237 secundum
802 5181 949 5237 illud
978 5182 1144 5254 quod
1170 5186 1258 5238 est
1283 5181 1476 5251 magis
1499 5197 1568 5238 ac
1598 5182 1818 5250 minus,
1837 5182 1908 5238 si-

247 5270 378 5326 mul
390 5286 531 5327 vero
546 5276 788 5344 propter
800 5287 869 5327 co
874 5271 1245 5344 pulationem
1259 5272 1318 5327 in
1331 5271 1465 5345 ipso
1482 5273 1524 5327 U
1539 5272 1744 5328 omnia
1758 5288 1905 5329 com-

246 5361 419 5417 muni
439 5363 670 5418 ratione
702 5366 844 5418 sunt
860 5366 1140 5433 cognata.
1167 5362 1651 5435 Temperationes
1674 5379 1814 5420 vero
1837 5380 1907 5421 ac

242 5449 541 5510 elementa
556 5452 893 5509 secundum
906 5452 1200 5510 sectiones
1215 5457 1270 5510 et
1284 5454 1610 5527 positiones
1627 5453 1905 5512 distribu-

2024 4726 2466 4799 longitudinem
2495 4742 2657 4799 vero,
2692 4725 2997 4783 binarium
3020 4743 3343 4786 numerum
3366 4731 3531 4803 (nam
3564 4735 3687 4808 pri-

2023 4835 2161 4875 mus
2184 4832 2474 4873 numerus
2502 4832 2574 4872 ex
2605 4816 2792 4873 altera
2821 4820 2990 4889 parte
3019 4817 3238 4890 longus
3260 4825 3349 4877 est
3369 4820 3683 4895 binarius);

2018 4909 2398 4982 latitudinem
2444 4923 2587 4964 vero
2619 4906 2904 4981 seipsum.
2952 4911 3099 4965 Nam
3131 4909 3193 4965 in
3232 4909 3429 4968 lucem
3459 4912 3686 4986 profert

2018 5000 2392 5076 iiguras.lloc
2414 4996 2592 5067 igitur
2614 4996 2799 5053 modo
2828 4996 3163 5054 secundum
3182 4999 3477 5056 rationem
3502 5001 3581 5058 ad
3600 5003 3683 5076 εἰ*

2021 5072 2331 5163 gnendum
2350 5086 2830 5161 progredientem
2848 5088 3155 5161 proportio
3183 5103 3351 5162 aquas
3367 5106 3507 5147 cum
3524 5072 3683 5151 terra

2020 5183 2379 5254 comparatas
2409 5177 2751 5235 necessario
2791 5176 2959 5251 dupli
2997 5178 3291 5235 rationem
3316 5178 3565 5252 obtinet,
3596 5186 3680 5239 ate

2017 5288 2135 5349 que
2152 5272 2274 5327 duo
2295 5267 2527 5340 reliqua
2542 5267 2788 5339 insuper
2808 5266 3017 5325 addita
3033 5273 3172 5326 sunt
3192 5273 3257 5325 ut
3277 5274 3434 5327 esset
3454 5271 3619 5343 quod
3641 5287 3681 5330 a

2016 5367 2233 5419 natura
2257 5359 2736 5416 substerneretur
2760 5356 3182 5432 compositioni
3203 5360 3400 5417 omnis
3432 5357 3606 5417 solidi
3622 5365 3680 5420 et

2019 5453 2288 5527 corporis
2319 5455 2375 5509 et
2403 5444 2603 5507 omnis
2633 5448 2696 5505 in
2732 5447 2866 5523 ipso
2916 5443 3253 5524 snperficiei
3304 5454 3484 5525 atque
3522 5450 3676 5510 adeo

411 5714 581 5793 ᾼόγος
613 5710 1161 5793 σπερματικόςπᾶῐὶο
1181 5710 1664 5793 adsignandum
1692 5712 1945 5793 progred

2018 5732 2106 5793 ns,
2121 5727 2260 5793 quae
2289 5711 2353 5775 in
2372 5709 2796 5791 progressione
2820 5719 3217 5779 numerorum
3234 5709 3672 5776 consideratur.

308 5782 388 5857 (2)
415 5782 571 5859 Lego
592 5782 754 5843 παντῖ
776 5782 975 5864 στερεῷ
1001 5803 1056 5844 τε
1081 5792 1171 5846 καὶ
1208 5782 1415 5863 σώματι
1437 5791 1528 5847 καὶ
1555 5782 1715 5866 πάσῇ
1730 5796 1793 5866 τῇ
1808 5782 1913 5849 *ἐπ’
1944 5782 2136 5851 αὐτῶν.
