4444 6452
791 400 812 452 1
828 398 933 452 287

2321 391 2679 456 ADDENDA.

4075 422 4211 476 1288

780 529 881 573 τῶν
933 520 1201 592 ἐπιφανείᾳ
1227 525 1318 573 καὶ
1374 525 1580 591 σώματι
1618 525 1708 572 καὶ
1745 525 1902 592 μήκει
1947 525 2099 573 παντὶ
2137 523 2279 594 παρὰ
2333 529 2426 583 τῆς
2456 528 2502 578 Α
2532 528 2737 599 κύκλον,
2771 527 3046 587 διπλάσιοι
3094 538 3142 588 οἱ
3194 545 3234 590 Υ
3285 539 3593 612 ὑπάρχουσι
3645 548 3842 611 τομεῖς,
3903 548 3992 593 καὶ
4045 545 4072 594 ὅ
4100 546 4200 596 ύπὸ

783 614 998 682 φύσεως.
1060 613 1155 662 Διὰ
1205 618 1357 661 τούτο
1417 615 1587 661 τοίνυν
1643 618 1734 661 τού
1793 617 1830 661 Γ
1884 616 2074 681 τομέως
2129 609 2264 661 ἐστὶν
2319 612 2343 661 6
2399 618 2439 662 Υ

780 696 1077 768 διπλάσιος,
1145 699 1192 751 ἓν
1261 696 1318 750 δὲ
1366 705 1455 750 καὶ
1513 697 1608 751 δύο
1664 703 1802 772 τρία,
1844 706 1933 751 καὶ
1993 697 2136 773 ὕδωρ
2187 702 2290 774 ἄρα
2347 707 2437 753 καὶ

779 791 808 846 ἡ
877 797 944 859 γῆ
1014 797 1150 862 τρεῖς
1198 784 1410 860 μερίδες
1474 788 1603 839 εἰσιν
1661 787 2006 859 ἐξισούμεναι,
2066 788 2116 839 ἐν
2173 791 2248 848 αἷς
2304 793 2434 863 πρός

779 883 874 936 τὴν
925 886 1015 930 τού
1074 885 1272 929 σκοποῦ
1329 876 1641 947 ἐντελέχειαν
1702 878 1932 929 ἐνούνται
1975 882 2062 928 καὶ
2097 879 2126 935 ἡ
2163 885 2203 930 Α
2237 885 2301 944 Π,
2344 884 2434 931 καὶ

778 968 984 1020 τελοῦσι
1010 971 1075 1020 τὰ
1113 967 1165 1030 ἐξ
1193 967 1386 1020 αὐτῶν.
1439 967 1599 1018 Πάλιν
1626 964 1804 1024 ἐπειδὴ
1860 971 1928 1028 ὡς
1964 967 2238 1042 ύποϐάθρα
2267 976 2433 1020 ταῦτα

777 1057 1028 1114 ἐτέθησαν
1084 1062 1172 1108 καὶ
1229 1058 1293 1115 ὡς
1349 1055 1443 1113 ύλη
1490 1061 1784 1128 παχυτέρα,
1932 1075 2025 1107 συν
2088 1055 2303 1127 ἁγονται
2341 1063 2431 1109 καὶ

775 1149 842 1197 τὰ
914 1147 1092 1219 ἕτερα,
1191 1143 1485 1215 ἀναγκαίως
1566 1144 1706 1206 λέξαι
1780 1149 2054 1214 κατεπειγό
2129 1147 2263 1215 μεθα
2336 1145 2428 1196 αύ-

773 1244 870 1286 τών
931 1241 1022 1294 τὴν
1099 1237 1455 1306 συνάθροισιν,
1522 1235 1656 1285 ούτω
1729 1237 1830 1306 γὰρ
1907 1239 1995 1286 καὶ
2048 1237 2136 1293 τὰς
2187 1237 2424 1306 κράσεις,

774 1326 858 1377 ἳνα
915 1329 1179 1397 νοήσωμεν
1235 1332 1345 1384 πῶς
1405 1325 1595 1394 ἔχουσι
1650 1328 1743 1380 τὴν
1805 1323 1877 1383 εὶς
1951 1322 2171 1382 ἀλλήλας
2230 1327 2426 1394 συγγέ-

770 1435 926 1470 νειαν.

839 1501 906 1573 γ’.
959 1506 1060 1555 Καὶ
1108 1503 1188 1554 ὅτι
1223 1504 1312 1573 μὲν
1356 1498 1444 1552 οὖν
1501 1505 1559 1552 τό
1621 1509 1660 1553 Υ
1709 1507 1801 1551 τοῦ
1858 1506 1896 1550 Γ
1947 1496 2250 1562 διπλάσιον,
2297 1499 2424 1551 ἀλλὰ

767 1596 857 1643 καὶ
902 1594 960 1642 τό
993 1598 1033 1644 Α
1089 1589 1535 1663 τοῦΥὴμιόλιον,
1577 1592 1823 1648 ὡσαύτως
1874 1594 1963 1640 καὶ
2015 1593 2073 1640 τό
2134 1595 2175 1641 Π
2235 1596 2326 1640 τού
2381 1596 2422 1641 Α

768 1679 1049 1752 ἐπίτριτον,
1110 1679 1292 1739 ἀληθές
1323 1701 1335 1712 ·
1389 1681 1418 1735 ἡ
1477 1682 1578 1754 γὰρ
1632 1682 1936 1752 καταγραφὴ
1990 1685 2080 1729 τοῦ
2141 1683 2421 1749 σχήματος

766 1776 857 1823 καὶ
893 1767 1059 1846 ῥᾳδία
1087 1776 1176 1822 καὶ
1229 1769 1485 1840 ἀναγκαία
1524 1773 1612 1821 καὶ
1650 1769 1743 1820 ούκ
1793 1768 1960 1827 ἄλλως
2011 1770 2214 1838 ἔχουσά
2255 1766 2416 1834 ἐστιν,

2546 622 2669 680 τούς
2721 629 2759 672 Υ
2814 632 2988 695 τομεῖς
3027 627 3129 697 ἄρα
3177 627 3362 688 κύκλος
3415 632 3650 700 περιέχει
3707 634 3793 681 τόν
3846 633 3945 682 ὑπὸ
3998 637 4121 695 τούς
4171 641 4209 686 Γ

2544 717 2719 778 τομεῖς
2786 713 2969 764 κύκλον
3039 719 3172 767 κατὰ
3237 715 3386 786 λόγον
3448 721 3534 768 τόν
3590 714 3925 786 διπλασίονα,
3988 728 4077 773 καὶ
4144 727 4202 774 τὸ

2543 794 2686 870 ύδωρ
2748 799 2848 871 ἀρα
2909 808 3143 875 περιέχει
3211 812 3384 856 πᾶσαν
3432 811 3524 863 τὴν
3579 815 3678 877 γῆν
3731 812 3866 860 κατὰ
3911 809 4062 881 λόγον
4119 815 4202 863 τὸν

2544 881 2878 955 διπλασίονα,
2930 890 3233 963 ἐξογκοῦται
3288 899 3343 946 τό
3395 895 3574 947 λοιπὸν
3626 898 3650 947 6
3691 899 3790 948 ύπό
3849 903 3970 960 τούς
4016 908 4056 952 Υ
4113 921 4199 952 το-

2540 983 2653 1045 μεῐς
2733 979 2936 1040 κύκλος.
3024 982 3357 1055 Ἀναχθῶμιν
3446 993 3571 1054 γοῦν
3663 992 3750 1037 καί
3843 987 3911 1048 εἰς
4006 990 4196 1064 ἕτερον.

2538 1063 2708 1116 Ἔστω
2764 1072 2933 1119 τοίνυν
2999 1076 3088 1122 καί
3143 1073 3167 1122 6
3207 1080 3246 1123 Υ
3301 1077 3485 1144 τομεύς
3547 1070 3724 1136 δεκὰς,
3769 1077 3793 1126 6
3835 1072 3893 1128 δε
3933 1082 3972 1128 Α
4027 1098 4196 1130 πεντε-

2538 1150 2806 1220 καιδεκὰς,
2856 1162 3157 1230 περιέχεται
3195 1169 3316 1231 γοῦν
3358 1163 3382 1212 6
3431 1170 3472 1214 Υ
3521 1165 3622 1214 ὑπὸ
3673 1168 3759 1215 τὸν
3814 1172 3853 1217 Α
3887 1187 3898 1198 '
3959 1168 4197 1218 ἔστωσαν

2539 1238 2598 1292 δέ
2653 1249 2741 1294 καί
2805 1248 2852 1296 οἱ
2892 1248 3054 1319 ἕτεροι
3099 1257 3234 1320 τρεῖς
3297 1258 3472 1322 mysi;
3515 1259 3555 1303 Υ
3619 1249 3857 1318 δεκάδες,
3925 1258 3972 1305 οἰ
4031 1253 4089 1307 δέ
4157 1263 4196 1308 Α

2534 1329 3014 1396 πεντεκαιδεκάδες.
3076 1337 3135 1389 Εἰ
3205 1340 3308 1409 ἄρα
3363 1339 3599 1409 ἡμιόλιος
3650 1347 3690 1393 Α
3744 1350 3835 1394 τοῦ
3889 1351 3945 1410 Υ,
4009 1350 4098 1395 καί
4153 1348 4200 1396 οἱ

2533 1419 2757 1492 ἓτεροιΑ
2789 1431 2886 1473 τῶν
2933 1431 2971 1475 Υ
3019 1425 3250 1496 ἡμιόλιοι
3285 1449 3296 1459 ·
3351 1427 3394 1479 εἰ
3450 1424 3510 1479 δέ
3561 1437 3661 1480 τῶν
3712 1432 3814 1504 ἄρα
3846 1435 4106 1505 τεττάρων
4157 1442 4196 1486 Υ

2533 1512 2723 1578 τομέων
2781 1519 2878 1561 τῶν
2948 1519 3342 1586 συναπτομένων
3409 1521 3499 1567 καί
3564 1521 3845 1570 ποιούντων
3918 1529 3958 1572 Υ
4007 1521 4194 1572 κύκλον

2531 1597 2764 1668 ἡμιόλιοι
2823 1602 2872 1651 οἱ
2934 1607 2972 1652 Α
3033 1612 3203 1675 mysi;
3247 1607 3558 1678 ύπάρχουσι
3610 1611 3700 1658 καί
3763 1611 3788 1659 6
3840 1609 3940 1661 ύπό
3984 1615 4102 1671 τούς
4149 1617 4196 1665 Α

2530 1694 2704 1757 ’νομεῖς
2756 1690 2860 1760 ἄρα
2923 1692 3109 1752 κύκλος
3169 1699 3405 1768 περιέχει
3461 1699 3547 1747 τὸν
3597 1699 3696 1748 ύπο
3750 1702 3872 1759 τούς
3919 1708 3959 1752 Υ
4023 1709 4198 1772 τομεῖς

2528 1778 2714 1826 κύκλον
2788 1781 2924 1829 κατὰ
2995 1779 3148 1851 λόγον
3222 1785 3308 1834 τόν
3372 1784 3630 1854 ἡμιόλιον,
3698 1791 3788 1837 καί
3851 1789 3875 1838 6
3934 1787 4035 1861 ἀὴρ
4090 1791 4196 1861 ἄρα

766 1862 879 1917 ἧτιν
948 1864 1083 1913 κατὰ
1141 1865 1197 1912 τὸ
1275 1862 1486 1931 συνεχὲς
1539 1863 1702 1910 ποσόν
1777 1863 2230 1930 καταμετρουμένη
2305 1855 2417 1910 δει-
2446 1869 2494 1924 Β
2531 1868 2764 1936 περιέχει
2817 1870 2874 1917 τό
2932 1864 3076 1941 ύδωρ
3126 1875 3227 1921 πᾶν
3271 1874 3405 1922 κατά
3449 1871 3600 1944 λόγον
3646 1878 3731 1925 τὸν
3781 1876 4016 1947 ἡμιόλιον
4051 1898 4064 1910 ο
4113 1877 4191 1938 ἐξ·

764 1954 931 2002 κνύειν
978 1948 1200 2002 δύναται
1263 1955 1350 2008 τὴν
1402 1947 1643 2007 ἀλήθειαν
1685 1953 1774 1999 καὶ
1841 1952 1934 2005 τὴν
1991 1957 2084 2008 τῆς
2155 1967 2420 2018 στοιχεια-

765 2047 862 2100 κῆς
914 2039 1041 2100 ύλης
1106 2044 1270 2113 φέρειν
1322 2042 1394 2100 εἷς
1457 2039 1576 2108 ὄψιν
1652 2036 1948 2107 ἀναλογίαν,
2015 2040 2109 2094 τὴν
2174 2043 2292 2109 περὶ
2361 2040 2419 2087 τό

767 2133 950 2196 ποσὸν,
1008 2135 1098 2182 καὶ
1149 2131 1230 2181 ὅτι
1286 2127 1613 2199 ἀλληλουχία
1668 2128 1898 2200 ὑπάρχει
1963 2125 2011 2176 ἐν
2069 2125 2231 2196 αύτῷ,
2282 2126 2420 2178 Ἐπεὶ

768 2215 827 2270 δε
879 2225 968 2270 καὶ
1016 2218 1072 2269 ἐκ
1112 2215 1553 2290 παραδειγμάτων
1605 2215 1687 2268 ἐπὶ
1731 2218 1788 2266 τὸ
1839 2219 2151 2287 σαφέστερον
2205 2211 2287 2266 δεῖ
2334 2233 2418 2265 επ-

767 2311 910 2379 άγειν
986 2310 1121 2379 ἡμᾶς
1195 2310 1260 2359 τὰ
1332 2312 1588 2378 νοήματα,
1669 2302 1923 2376 δείξομεν.
1989 2303 2161 2357 Ἐστω
2229 2300 2287 2356 δὲ
2360 2308 2418 2355 τὸ

764 2394 1104 2471 παράδειγμα
1160 2397 1324 2456 οὕτως
1356 2418 1369 2430 -
1420 2395 1562 2448 Ἠτω
1602 2400 1627 2446 ό
1685 2397 1774 2466 μὲν
1829 2400 1865 2445 Γ
1914 2398 2097 2463 τομεύς
2149 2395 2349 2462 πεντὰς,
2393 2395 2418 2443 6

765 2484 824 2540 δὲ
866 2495 905 2540 Υ
937 2484 1087 2546 δεκάς
1121 2507 1133 2518 ·
1185 2490 1488 2560 περιέχεται
1535 2493 1659 2555 γοῦν
1717 2486 1742 2534 6
1783 2490 1819 2535 Γ
1849 2485 1947 2535 ὑπὸ
1988 2488 2073 2534 τόν
2122 2491 2160 2535 Υ
2193 2504 2205 2515 ο
2265 2485 2418 2534 ἔστωι

764 2596 860 2628 σαν
915 2572 974 2628 δὲ
1015 2580 1102 2627 καὶ
1152 2578 1201 2626 οὶ
1224 2576 1387 2649 ἕτεροι
1434 2582 1567 2648 τρεῖς
1604 2580 1641 2625 Γ
1671 2569 1933 2643 πεντάδες,
1969 2575 2017 2623 οἱ
2058 2568 2115 2623 δὲ
2168 2580 2208 2623 Υ
2267 2569 2421 2623 δεκά-

764 2663 866 2726 δες.
904 2666 966 2718 Εἰ
1021 2667 1125 2733 οἷρα
1178 2661 1455 2724 διπλάσιος
1506 2665 1532 2716 ὅ
1588 2672 1628 2716 Υ
1681 2672 1770 2714 τού
1818 2668 1871 2732 Γ,
1929 2667 2014 2712 καὶ
2067 2665 2116 2713 οἱ
2163 2664 2326 2736 ἕτεροι
2381 2670 2421 2714 Υ

761 2764 860 2806 τῶν
917 2755 1095 2830 ἐτέρων
1150 2760 1188 2806 Γ
1237 2751 1533 2821 διπλάσιοι,
1588 2752 1631 2804 εἰ
1675 2749 1734 2804 δὲ
1775 2761 1871 2803 τῶν
1916 2754 2020 2826 οῖρα
2076 2753 2328 2823 τεττάρων
2382 2757 2420 2803 Γ

760 2847 954 2915 τομέων
1024 2852 1125 2895 τῶν
1194 2847 1589 2914 συναπτομένων
1655 2847 1744 2893 καὶ
1804 2844 2088 2893 ποιούντων
2167 2844 2255 2892 τὸν
2317 2842 2419 2892 ἔσω

757 3155 1168 3226 longitudinis.
1214 3153 1620 3220 Quamobrem
1670 3150 1913 3207 sectoris
1967 3151 2008 3204 Τ
2064 3147 2284 3220 duplus
2327 3155 2416 3205 est

758 3252 950 3301 sector
980 3249 1046 3301 M.
1078 3250 1148 3300 At
1195 3260 1383 3299 unum
1429 3248 1486 3297 et
1513 3242 1635 3295 duo
1664 3245 1802 3295 sunt
1855 3240 1984 3294 tria.
2019 3241 2210 3304 Quare
2250 3254 2409 3310 aqua
2439 3228 2479 3282 Ο

757 3340 815 3390 et
844 3341 999 3390 terra
1020 3338 1156 3389 sunt
1184 3339 1298 3389 tres
1336 3330 1636 3403 particulae
1665 3345 1801 3402 quas
1838 3333 2233 3400 exequantur
2261 3328 2411 3382 inter

756 3441 840 3490 se,
873 3425 931 3478 in
960 3423 1180 3497 quibus
1211 3423 1288 3478 ad
1321 3422 1488 3492 scopi
1523 3427 1720 3475 actum
1746 3423 1801 3474 et
1825 3417 2251 3490 perfectionem
2278 3424 2324 3471 A
2356 3421 2410 3472 et

757 3517 777 3568 Ι
817 3514 1123 3579 uniuntur,
1157 3516 1211 3567 et
1240 3527 1374 3584 quae
1421 3527 1493 3564 ex
1547 3525 1608 3563 se
1647 3507 1767 3562 ﬁeri
1799 3512 2073 3580 possunt,
2108 3505 2398 3562 efﬁciunt.

754 3606 977 3658 Rursus
1003 3600 1295 3674 quoniam
1322 3599 1422 3654 illa
1454 3603 1516 3653 ut
1535 3598 1932 3653 fundamenta
1960 3597 2156 3668 posita
2189 3601 2330 3650 sunt
2357 3601 2410 3650 et

753 3698 817 3747 ut
848 3691 1098 3747 materia
1125 3689 1332 3744 rudior
1361 3705 1431 3744 ac
1456 3687 1801 3759 impolitior,
1829 3702 1953 3758 qua
1983 3687 2163 3740 etiam
2197 3691 2410 3740 caetera

751 3784 1212 3851 congregantur,
1229 3777 1581 3833 necessitate
1607 3777 1786 3848 quasi
1802 3775 2193 3847 compellente
2213 3774 2291 3830 ad
2313 3791 2408 3829 ex-

750 3871 1099 3944 ponendam
1131 3868 1367 3924 illorum
1400 3867 1812 3922 collectionem
1845 3872 1900 3920 et
1929 3865 2407 3920 conciliationem

749 3966 956 4016 nostra
1004 3959 1244 4015 festinat
1285 3958 1492 4013 oratio.
1530 3959 1647 4012 Hac
1693 3956 1852 4010 enim
1880 3956 2107 4010 ratione
2135 3953 2406 4022 intelligi-

747 4067 884 4107 mus
935 4066 1058 4122 quo
1085 4053 1261 4121 pacto
1309 4047 1772 4118 temperationes
1801 4047 1950 4101 inter
1985 4062 2046 4100 se
2090 4044 2403 4115 cognatio-

744 4155 884 4195 nem
910 4139 1197 4195 habeant.

817 4325 868 4377 3.
905 4319 1166 4392 Dupluin
1197 4319 1374 4388 igitur
1411 4333 1543 4372 esse
1576 4319 1623 4371 M
1650 4317 1839 4388 ipsius
1869 4317 1927 4384 T,
1958 4317 2011 4368 et
2042 4318 2087 4366 A
2131 4311 2321 4383 ipsius
2360 4315 2400 4367 T

744 4427 875 4468 esse
905 4409 1387 4482 sesquialterum,
1421 4412 1476 4463 et
1498 4422 1625 4462 esse
1659 4403 2101 4475 sesquitertium
2132 4402 2322 4474 ipsius
2356 4409 2399 4458 A

744 4517 879 4557 vere
930 4499 1163 4556 dicitur.
1199 4503 1346 4555 Nam
1377 4496 1696 4569 descriptio
1725 4494 1934 4564 ﬁgurae
1986 4492 2174 4546 facilis
2220 4497 2304 4546 est
2343 4498 2397 4547 et

2529 1961 2776 2022 ογκούται
2848 1961 3017 2007 τοίνυν
3108 1961 3135 2015 ἡ
3230 1967 3540 2030 στοιχειακὴ
3641 1962 3866 2035 ἁρμονία
3949 1971 4187 2037 πότερον.

2528 2042 2838 2116 Μετάϐὠμεν
2902 2051 2992 2097 καί
3039 2051 3165 2120 πρὸς
3215 2053 3298 2100 τόν
3354 2049 3480 2123 ἀέρα
3538 2048 3798 2114 δικαίως·
3871 2056 4005 2106 ἔστω
4061 2063 4189 2126 γοῦν

2525 2136 2615 2182 καί
2669 2133 2827 2193 οὕτως
2888 2137 2913 2186 6
2954 2141 2992 2186 A
3033 2141 3235 2207 τομεύς,
3287 2136 3709 2207 πῢτεκαιδεκάς,
3764 2143 3789 2192 6
3834 2139 3894 2194 δέ
3954 2151 3994 2195 Π
4053 2143 4189 2196 εἰκο-

2529 2223 2645 2289 σὰς,
2695 2227 2996 2294 περιέχεται
3044 2234 3166 2296 γοῦν
3224 2229 3249 2278 6
3306 2233 3344 2279 A
3394 2230 3494 2280 ύπό
3549 2237 3640 2280 τοῦ
3694 2237 3735 2282 Π
3772 2248 3784 2260 ⁸
3841 2235 4076 2284 ἔστωσαν
4130 2230 4190 2284 δέ

2525 2314 2615 2361 καί
2675 2313 2724 2361 οἱ
2780 2313 2939 2386 ἕτεροι
2992 2323 3126 2385 τρεῖς
3194 2324 3370 2387 τομεῖς
3442 2325 3482 2370 Α
3557 2317 4045 2382 πεντεκαιδεκάδες.
4128 2322 4188 2374 Εἰ

2526 2401 2630 2470 οἶρα
2690 2399 2948 2474 ἐπίτριτος
3009 2406 3033 2453 6
3094 2411 3136 2455 Π
3191 2413 3282 2456 τού
3342 2413 3402 2475 Α,
3463 2411 3555 2458 καί
3608 2411 3658 2459 οἱ
3708 2409 3873 2482 ἕτεροι
3915 2417 3956 2461 Π
4001 2420 4102 2461 τῶν
4145 2416 4182 2460 Α

2527 2487 2823 2562 ἐπὶτριτοι·
2881 2492 2923 2542 εἰ
2982 2489 3041 2544 δέ
3094 2503 3192 2544 τῶν
3254 2496 3358 2566 ἄρα
3422 2498 3674 2569 τεττάρων
3734 2505 3774 2550 Α
3839 2503 4031 2570 τομίων
4087 2509 4189 2551 τῶν

2528 2583 2921 2650 συναπτομένων
2988 2587 3076 2632 καί
3144 2586 3425 2634 ποιούντων
3484 2589 3569 2636 τόν
3624 2593 3666 2638 Α
3733 2587 3919 2638 κύκλον
3987 2588 4191 2663 ἐπίτριο

2525 2685 2606 2716 τοι
2637 2670 2684 2718 οἱ
2731 2675 2771 2719 Il
2805 2677 2976 2740 mysi;
3015 2672 3343 2745 ὑπάρχουσι,
3391 2678 3480 2724 καί
3531 2675 3556 2725 6
3609 2676 3708 2726 ύπὸ
3759 2675 3876 2736 τούς
3931 2684 3971 2729 Π
4019 2686 4190 2749 mysi;

2527 2754 2630 2827 ἄρα
2668 2755 2853 2817 κύκλος
2911 2762 3147 2830 περιέχει
3199 2763 3282 2810 τόν
3341 2762 3441 2812 ύπό
3487 2766 3614 2824 τούς
3662 2768 3701 2814 Α
3762 2772 3935 2836 τομεῖς
3998 2765 4188 2816 κύκλον

2526 2847 2660 2895 κατὰ
2714 2844 2862 2916 λόγον
2919 2846 3198 2920 ἐπίτριτον,
3244 2854 3335 2902 καί
3389 2853 3446 2901 τό
3486 2859 3588 2924 πῦρ
3649 2853 3752 2926 ἄρα
3809 2858 4044 2927 περιέχει
4097 2858 4186 2906 τὸν

2521 3172 2664 3226 ergo
2693 3158 2794 3230 qui
2828 3176 2897 3214 ex
2926 3161 3258 3216 sectoribus
3279 3164 3327 3218 Μ
3349 3169 3602 3233 constat,
3635 3166 3900 3221 continet
3930 3170 3988 3221 et
4017 3183 4180 3222 coer-

2517 3253 2609 3301 cet
2630 3247 2919 3302 circulum
2943 3251 3047 3320 qui
3075 3266 3146 3304 ex
3173 3252 3557 3307 sectoribusT
3580 3260 3815 3309 constat
3840 3256 4178 3309 secundum

2516 3337 2811 3391 rationem
2865 3338 3137 3410 duplam.
3170 3345 3340 3412 Aqua
3383 3357 3526 3412 ergo
3557 3345 4013 3414 comprehendit
4066 3361 4179 3399 suo

2518 3425 2751 3480 ambitu
2781 3430 2966 3482 totam
2989 3433 3206 3483 terram
3228 3430 3563 3486 secundum
3588 3432 3878 3487 rationem
3900 3433 4176 3505 duplam.

2518 3513 2741 3567 Exinde
2784 3515 3004 3569 molem
3039 3517 3292 3589 acquirit
3317 3518 3572 3573 circulus
3602 3521 3705 3591 qui
3738 3536 3809 3574 ex
3847 3521 4183 3576 sectoribus

2516 3604 2556 3656 T
2586 3608 2835 3658 constat.
2868 3605 3234 3660 Provehatur
3268 3607 3448 3662 etiam
3479 3608 3879 3665 consideratio
3931 3611 4061 3665 haec
4102 3611 4183 3665 ad

2516 3691 2769 3746 alterum
2799 3693 3109 3748 circulum.
3146 3697 3279 3750 Esto
3328 3696 3507 3765 igitur
3558 3703 3751 3752 sector
3782 3701 3830 3753 Μ
3868 3699 4179 3764 denarius,

2517 3785 2709 3834 sector
2730 3797 2871 3837 vero
2894 3788 2939 3837 A
2966 3783 3426 3854 quindenarius.
3471 3787 3816 3843 Continetur
3845 3788 4028 3858 igitur
4057 3805 4180 3844 sec-

2515 3873 2605 3923 tor
2637 3872 2686 3923 M
2717 3869 2829 3924 sub
2862 3876 3086 3926 sectore
3125 3879 3189 3927 A.
3222 3873 3351 3928 Sint
3387 3875 3565 3930 etiam
3618 3876 3718 3930 alii
3750 3883 3868 3932 tres
3921 3882 4184 3933 sectores

2515 3959 2564 4011 M
2587 3958 2835 4025 denarii,
2857 3965 2912 4015 et
2941 3960 3038 4016 alii
3061 3967 3175 4016 tres
3202 3963 3600 4034 quindenarii.
3639 3965 3696 4020 Si
3717 3965 3896 4035 igitur
3918 3972 3961 4021 Α
3985 3973 4183 4022 sector

2513 4049 2868 4120 sesquialter
2897 4055 2984 4104 est
3011 4051 3200 4123 ipsius
3242 4053 3488 4108 sectoris
3518 4056 3567 4110 Μ
3602 4072 3614 4108 :
3649 4053 3747 4110 alii
3778 4071 4022 4128 quoque
4055 4073 4180 4113 sec-

2510 4141 2668 4192 tores
2710 4145 2756 4193 A
2812 4144 2984 4195 erunt
3034 4141 3406 4213 sesquialteri
3462 4147 3763 4199 sectorum
3802 4147 3871 4200 Μ.
3908 4145 3962 4200 Si
3994 4146 4178 4213 igitur

2511 4232 2770 4282 sectores
2827 4238 2866 4282 A
2921 4235 3058 4285 sunt
3101 4231 3470 4302 sesquialteri
3513 4239 3732 4304 quator
3780 4238 4079 4289 sectorum
4122 4237 4170 4290 Μ

2507 4317 2968 4386 conjunctorum
2999 4323 3056 4374 et
3082 4320 3371 4375 circulum
3402 4325 3450 4376 M
3475 4321 3878 4383 efﬁcientium.
3910 4324 4167 4378 circulus

2505 4420 2648 4473 ergo
2677 4407 2778 4477 qui
2803 4423 2874 4462 ex
2904 4413 3162 4479 quatuor
3192 4410 3521 4465 sectoribus
3552 4415 3597 4466 A
3625 4417 4170 4483 constat,compre-

2503 4494 2710 4551 hendit
2758 4497 2990 4553 ambitu
3030 4514 3138 4553 suo
3181 4499 3472 4555 circulum
3502 4501 3607 4572 qui
3639 4518 3710 4556 ex
3742 4502 4079 4557 sectoribus
4121 4505 4170 4557 Μ

740 4592 1078 4647 necessaria
1106 4605 1302 4662 neque
1334 4588 1499 4644 aliter
1532 4604 1594 4641 se
1621 4584 1821 4645 habet,
1856 4584 2029 4654 cujus
2061 4582 2395 4637 secundum
2424 4580 2470 4634 D
2507 4591 2740 4641 constat
2785 4588 3123 4643 secundum
3175 4589 3471 4644 rationem
3530 4592 4014 4662 sesquialteram.
4056 4599 4172 4647 Aer

739 4681 1139 4754 quantitatem
1163 4679 1512 4734 continuam
1543 4674 1839 4730 dimensio
1865 4673 2176 4727 veritatem
2196 4676 2395 4727 osten-

739 4771 880 4827 dere
894 4774 1090 4843 potest
1105 4775 1162 4825 et
1181 4783 1404 4841 ponere
1419 4766 1498 4822 ob
1516 4764 1723 4820 oculos
1737 4760 2115 4818 elementaris
2134 4778 2189 4815 m
2200 4760 2397 4816 ateriae

739 4859 1194 4934 proportionem
1226 4860 1383 4931 (quea
1427 4859 1487 4912 in
1518 4855 1850 4928 quantitate
1882 4853 2078 4925 posita
2111 4852 2217 4922 est)
2245 4857 2299 4906 et
2336 4851 2396 4905 in

738 4950 870 5021 ipso
893 4954 1122 5022 quanto
1144 4949 1404 5021 partium
1423 4942 2176 5008 cohaerentiumﬂuoniam
2196 4947 2396 4996 autem

741 5039 1026 5095 adhibitis
1053 5038 1343 5110 exemplis
1392 5035 1612 5092 clarius
1653 5033 1950 5106 explicare
1997 5047 2110 5086 nos
2142 5034 2403 5110 oportet,

739 5131 1150 5186 ostendemus.
1170 5131 1304 5184 Esto
1325 5143 1467 5182 vero
1489 5123 1832 5196 exemplum
1856 5123 2017 5178 hunc
2037 5123 2098 5177 in
2119 5124 2396 5181 modum.

737 5222 818 5276 Sit
853 5225 1043 5278 sector
1062 5223 1102 5276 T
1122 5218 1433 5292 quinarius
1464 5231 1774 5281 numerus,
1808 5218 2000 5269 sector
2021 5216 2069 5268 Μ
2092 5213 2394 5269 denarius.

739 5312 1079 5367 Continetur
1134 5309 1314 5379 igitur
1363 5311 1419 5362 et
1475 5308 1780 5361 coercetur
1835 5308 2028 5358 sector
2063 5306 2104 5359 T
2141 5303 2273 5376 ipso
2313 5306 2389 5361 Μ.

740 5401 867 5459 Sint
893 5401 1070 5457 etiam
1096 5399 1192 5455 alii
1228 5405 1345 5454 tres
1376 5400 1418 5452 T
1446 5395 1706 5469 quinarii
1736 5399 1793 5450 et
1820 5393 1918 5449 alii
1965 5397 2082 5449 tres
2123 5397 2169 5449 Μ
2208 5393 2396 5449 dena-

735 5492 828 5561 rii,
862 5507 1005 5562 ergo
1034 5491 1083 5546 si
1110 5493 1160 5546 M
1192 5495 1385 5546 sector
1415 5492 1501 5544 est
1526 5485 1749 5558 duplus
1779 5485 1968 5557 ipsius
1988 5487 2050 5551 T,
2086 5483 2183 5540 alii
2215 5485 2396 5540 etiam

737 5587 996 5638 sectores
1048 5585 1097 5638 M
1127 5585 1301 5637 erunt
1329 5578 1497 5651 dupli
1524 5580 1822 5632 sectorum
1854 5578 1913 5631 T.
1949 5575 2004 5630 Si
2027 5575 2208 5645 igitur
2245 5591 2395 5648 qua-

734 5675 871 5729 tuor
902 5679 1204 5730 sectorum
1249 5674 1290 5728 T
1319 5670 1452 5741 conj
1464 5672 1781 5724 unctorum
1812 5670 1868 5721 et
1897 5666 2238 5721 interiorem
2278 5666 2394 5720 cir-

733 5763 942 5825 culum
969 5762 1358 5824 efﬁcientium
1382 5763 1642 5816 sectores
1667 5759 1718 5814 Μ
1743 5761 1884 5812 sunt
1912 5754 2102 5828 dupli,
2136 5754 2396 5813 circulus

2505 4689 2648 4746 ergo
2680 4676 3136 4748 comprehendit
3169 4693 3278 4733 suo
3306 4678 3539 4734 ambitu
3565 4680 3909 4736 universam
3939 4697 4172 4753 aquam

2510 4765 2845 4820 secundum
2898 4767 3128 4821 ratione
3177 4767 3651 4838 sesquialteram.
3716 4770 3936 4825 Exinde
3989 4771 4173 4842 igitur

2507 4854 2728 4909 molem
2751 4855 3003 4927 acquirit
3033 4855 3412 4910 elementaris
3433 4857 3774 4913 harmonia.
3797 4859 4014 4915 Ordine
4036 4862 4172 4929 jam

2506 4951 2886 5000 transeamus
2908 4946 2984 5001 ad
3007 4962 3228 5001 aerem.
3265 4948 3403 5001 Esto
3424 4946 3602 5015 igitur
3634 4948 3815 5004 etiam
3842 4948 3938 5003 hic
3961 4956 4007 5004 Α
4038 4965 4170 5006 sec-

2507 5040 2617 5102 tor,
2649 5035 3104 5106 quindenarius,
3133 5041 3326 5092 sector
3355 5052 3496 5091 vero
3529 5039 3548 5090 l
3581 5038 3938 5095 vicenarius.
3973 5040 4173 5096 Conti-

2505 5130 2680 5181 netur
2708 5126 2886 5194 igitur
2910 5132 3104 5182 sector
3133 5131 3178 5181 Α
3211 5125 3322 5182 sub
3355 5131 3585 5182 sectore
3615 5131 3652 5182 Ι.
3688 5129 3814 5185 Sint
3844 5130 4024 5186 etiam
4068 5131 4174 5192 alii

2506 5221 2623 5271 tres
2671 5221 2930 5272 sectores
2963 5221 3004 5270 A
3038 5213 3436 5288 quindenarii.
3471 5217 3526 5272 Si
3565 5218 3747 5288 igitur
3788 5225 3984 5276 sector
4014 5224 4032 5275 Ι
4081 5227 4175 5277 est

2507 5305 2919 5377 sesquitertius
2946 5305 3186 5362 sectoris
3215 5310 3283 5371 A,
3311 5305 3412 5362 alii
3438 5322 3683 5380 quoque
3715 5313 3832 5365 tres
3864 5314 4170 5367 sectores]

2505 5395 2682 5450 trium
2714 5401 3006 5451 sectorum
3055 5401 3103 5450 A
3154 5400 3292 5451 sunt
3321 5397 3694 5469 sesquitertii.
3733 5400 3786 5456 Si
3833 5416 3978 5471 ergo
4011 5418 4169 5475 quas

2503 5490 2638 5541 tuor
2668 5490 2924 5541 sectores
2957 5489 2977 5541 Ι
3005 5491 3144 5542 sunt
3171 5486 3527 5555 sesquitertii
3563 5495 3826 5560 quatuor
3864 5496 4171 5548 sectorum

2505 5580 2551 5629 A
2582 5575 3043 5645 conjunctorum
3091 5582 3149 5633 et
3185 5576 3474 5632 circulum
3499 5581 3548 5632 Α
3576 5578 3965 5637 efﬁcientium
3993 5598 4005 5648 ;
4049 5583 4172 5638 cir-

2504 5664 2673 5720 culus
2701 5683 2946 5740 quoque
2975 5668 3079 5739 qui
3104 5683 3177 5722 ex
3206 5667 3577 5724 sectoribusl
3605 5676 3857 5740 constat,
3893 5688 4171 5746 compre-

2501 5753 2712 5812 hendit
2758 5773 2869 5814 suo
2911 5757 3145 5814 ambitu
3180 5757 3473 5815 circulum
3507 5760 3613 5833 qui
3647 5777 3722 5818 ex
3745 5763 4082 5820 sectoribus
4120 5769 4170 5821 Α
