4444 6452
274 415 408 470 1289

267 540 392 612 άίρα
443 538 578 588 κατὰ
632 535 781 607 λόγον
844 533 1122 609 ἐπίτριτον,
1178 536 1267 583 καὶ
1329 525 1547 600 ἐδείχθη
1606 526 1708 599 ἆρα
1765 523 1811 577 ἐν
1851 524 1996 594 τῶΑ

264 631 510 701 γραφέντι
576 630 766 697 τουτῳὶ
816 624 983 696 κύκλῳ
1040 626 1263 682 ποσότης
1328 624 1417 672 καὶ
1489 621 1678 689 σχέσις
1735 615 1762 673 ὴ
1824 623 1923 667 τῶν

270 720 545 788 στοιχείων
573 720 661 768 καὶ
717 716 747 773 ἡ
799 718 923 789 πρὸς
974 713 1107 765 αύτὰ
1163 717 1252 764 καὶ
1308 712 1395 769 τὰς
1450 709 1663 782 κράσεις
1701 713 1792 765 τῆς
1832 707 1923 777 φύ-

269 825 392 867 σεως
444 810 644 876 ἕνωσις,
712 801 784 857 δι’
820 806 887 855 ὦν
930 807 988 856 τό
1029 810 1129 857 πᾶν
1168 805 1292 859 ἔστη
1343 801 1486 872 παρά
1532 804 1622 849 τοῦ
1665 802 1922 869 Δημιουρ-

265 902 359 967 γοῦ
399 900 489 949 καὶ
518 895 685 947 αὐτῶν
716 899 805 946 καὶ
829 902 920 954 τῆς
942 897 1156 966 φύσεως.

340 980 407 1040 δ’.
446 983 564 1037 Ὀτι
597 980 656 1037 δέ
691 1002 769 1044 τις
816 987 875 1035 τὸ
924 989 961 1036 Φ
1010 981 1058 1034 ἐν
1106 988 1178 1050 τῷ
1221 983 1412 1053 κέντρῳ
1469 976 1754 1049 ἐγκείμενον
1791 974 1921 1045 ὁρῶν

266 1077 337 1145 μὴ
413 1072 733 1131 ἀπατηθὴτω
808 1074 883 1125 ὅτι
941 1079 1002 1144 τῇ
1062 1065 1390 1142 γεωδεστέρᾳ
1436 1066 1594 1140 μοίρᾳ
1645 1072 1738 1125 τῆς
1795 1061 1922 1124 ὕλης

267 1166 360 1220 τὴν
413 1165 567 1235 φύσιν
624 1161 811 1235 μᾶλλον
875 1160 1268 1232 ᾠκειωσάμεθα,
1332 1161 1508 1209 νοείτω
1575 1150 1633 1206 δε
1710 1154 1788 1204 ὅτι
1826 1154 1919 1210 τὴν

265 1259 361 1304 τῶν
421 1250 549 1303 ὅλων
614 1254 894 1323 στοιχείων
970 1253 1059 1301 καὶ
1126 1248 1359 1321 κράσεων
1433 1247 1699 1317 μεσότητα
1788 1240 1916 1313 αὐτῇ

267 1338 710 1412 ἀφωσιωσάμεθα.
780 1343 1093 1412 Πανταχόσε
1180 1341 1269 1390 καὶ
1352 1337 1449 1408 γὰρ
1526 1337 1614 1385 καὶ
1682 1336 1924 1402 στοιχεῖα

266 1433 355 1481 καὶ
380 1430 590 1502 κράσεις
637 1433 726 1480 καὶ
780 1430 949 1499 φύσις.
1016 1433 1182 1478 ’Όπον
1237 1426 1338 1496 γὰρ
1399 1425 1574 1496 φύσις,
1621 1424 1710 1472 καὶ
1763 1423 1921 1490 μέση,

267 1520 395 1571 ὅπου
425 1514 483 1571 δὲ
539 1525 783 1589 στοιχεῖα
825 1521 915 1569 καὶ
982 1517 1212 1589 κράσεις,
1270 1512 1372 1565 ἐκεῖ
1438 1515 1525 1563 καὶ
1591 1512 1764 1583 φύσις,
1794 1510 1922 1561 ὅπου

267 1609 478 1679 κράσεις
510 1606 612 1679 ἆρα
645 1611 733 1659 καὶ
777 1613 1039 1677 στοιχεῖα,
1081 1606 1194 1656 ἔστι
1238 1607 1327 1655 καὶ
1383 1604 1541 1673 μέση,
1591 1601 1671 1651 ὅτι
1701 1603 1789 1650 καὶ
1830 1599 1923 1669 φῦ·

190 1705 193 1714 “
272 1715 368 1757 σις.
406 1703 722 1749 Κοινωνοῦσι
784 1692 844 1748 δι
899 1700 987 1747 καὶ
1050 1694 1372 1766 χωρίζονται
1409 1698 1575 1742 ταῦτα
1626 1691 1795 1740 πάντα
1836 1684 1924 1738 ἀπ’

268 1783 516 1854 ἀλλήλων,
580 1787 713 1837 κατά
776 1788 835 1836 τό
888 1782 1075 1857 μᾶλλον
1134 1784 1221 1833 καὶ
1270 1782 1445 1853 ἦττον,
1501 1781 1591 1830 καὶ
1634 1784 1694 1849 τῇ
1761 1776 1926 1848 οὶκειᾳ

1149 399 1506 461 THEODORI
1546 401 1592 455 ll
1630 397 1766 457 IMP.
1807 398 1899 454 DE
1939 396 2406 455 COMMUNIONE
2449 396 2818 454 NATURALI.

3553 401 3693 459 1290

2103 522 2157 587 ε’,
2199 522 2338 576 Ἐπεὶ
2393 519 2450 575 δι
2504 520 2602 575 κάκ
2650 529 2742 594 τῇς
2805 522 3001 593 φύσεως
3053 518 3154 572 κάκ
3201 528 3301 573 τῶν
3352 528 3626 595 στοιχείων
3658 527 3688 583 ἠ

2031 612 2167 684 μίξις
2222 614 2496 683 ἔγνωσται,
2559 616 2641 664 καὶ
2703 615 2761 663 τό
2824 609 3055 662 ποικίλον
3109 609 3287 682 ἐφανη,
3358 616 3447 664 καὶ
3494 615 3558 664 τὰ
3596 618 3691 685 μέ-

2030 720 2095 774 ρη
2155 702 2212 754 ού
2271 711 2449 764 κοινῶς
2516 700 2916 773 ὑπελείφθησαν,
2981 720 3047 753 τα
3101 701 3251 754 εὐθέα
3303 721 3356 754 τε
3412 706 3502 755 καὶ
3551 723 3692 778 περι-

2033 798 2181 863 φερῇ,
2227 792 2292 842 τὰ
2329 794 2386 842 τό
2444 794 2626 860 μικτὸν
2680 786 3062 847 δηλοποιούντα
3129 790 3431 866 εἰλικρινῶς,
3486 792 3596 844 ἀλλ’
3644 792 3693 845 ἓν

2031 879 2249 932 ἕκαστον
2310 884 2435 952 ποίᾳ
2501 884 2602 931 τινὶ
2670 882 2856 951 σχέσει
2900 882 3023 952 πρὸς
3069 877 3209 945 ἄλλο,
3270 878 3393 932 ἀλλο
3458 899 3511 933 τε
3564 884 3693 954 πρὸς

2033 968 2265 1041 ίκοιτερον
2320 969 2441 1023 καθ’
2494 972 2673 1022 ἕνωσιν
2723 974 2812 1022 καὶ
2872 965 3155 1021 διαστασιν
3204 971 3272 1030 ὡς
3330 972 3520 1042 ἔχουσι
3595 973 3695 1023 ἀπ-

2034 1053 2377 1129 εδείχθησαν,
2427 1056 2651 1131 axem.
2698 1063 2787 1110 καὶ
2827 1061 2956 1130 πρὸς
2996 1060 3062 1110 τὰ
3118 1061 3249 1129 μετὰ
3286 1060 3350 1111 τὰ
3384 1066 3628 1132 στοιχεῖα
3665 1061 3692 1111 6

2032 1145 2201 1219 λόγος,
2274 1151 2435 1220 ἤγουν
2496 1147 2579 1200 ἐπὶ
2630 1150 2722 1209 τὰς
2781 1168 3010 1222 κρασεις.
3086 1153 3185 1201 Καὶ
3249 1150 3346 1223 γὰρ
3432 1153 3521 1201 καὶ
3583 1156 3694 1211 τοῖς

2036 1241 2324 1309 στοιχείοις
2376 1236 2551 1300 αὐτοῖς
2601 1242 2785 1311 κρᾶσις
2841 1236 3197 1311 προσαλληλα,
3270 1242 3355 1290 καὶ
3408 1247 3471 1311 τῇ
3542 1241 3695 1311 φύσει

2036 1322 2332 1397 ἀπεδείχθη
2366 1328 2535 1387 καθώς
2593 1325 2755 1397 ἔστιν,
2818 1329 2982 1379 εῖτ-ουν
3042 1323 3224 1391 διπλῆ,
3271 1329 3406 1379 κατὰ
3452 1346 3501 1380 τε
3529 1332 3619 1385 τὴν
3644 1326 3693 1379 ἐν

2038 1420 2325 1486 στοιχείοις
2383 1422 2472 1467 καὶ
2538 1419 2630 1474 τὴν
2678 1414 2727 1467 ἐν
2778 1435 3045 1489 κρασεσιν.
3098 1416 3237 1469 Ἐπεὶ
3269 1413 3326 1469 δὲ
3359 1418 3387 1474 ἡ
3421 1425 3518 1469 τῶν
3554 1435 3695 1469 στοι-

2034 1509 2194 1577 χείων
2244 1502 2508 1568 ἀπόδειξις
2564 1508 2622 1557 τὸ
2677 1505 2907 1557 ποικίλον
2973 1509 3063 1557 καὶ
3112 1509 3168 1557 τὸ
3223 1504 3537 1580 αμφιρρεπὶς
3604 1510 3695 1558 καὶ

2035 1598 2092 1646 τὸ
2157 1589 2465 1666 ίδιόρυθμον
2530 1596 2725 1645 τούτων
2783 1590 3039 1660 ἀπέδειξε,
3105 1599 3195 1647 καὶ
3251 1594 3346 1646 ούκ
3410 1596 3471 1646 ἄν
3536 1593 3696 1655 ἄλλως

2036 1684 2177 1754 ἔχειν
2236 1683 2391 1734 αὐτόν
2437 1682 2571 1735 αὐτα
2627 1702 2707 1745 τις
2756 1686 2895 1755 εἴπῃ,
2951 1686 2994 1735 εἰ
3059 1687 3127 1755 μὴ
3192 1683 3358 1752 φιλίας
3416 1686 3444 1741 ἦ
3505 1688 3594 1735 καὶ
3623 1687 3696 1735 νί-

2036 1791 2128 1831 κης
2190 1770 2350 1838 ἐστὶν,
2424 1774 2681 1842 ἔγνωσται
2744 1770 2967 1843 ἐναργῶς
3031 1773 3060 1829 ἡ
3132 1771 3369 1829 ἀλήθεια.
3442 1772 3517 1823 Ού
3592 1774 3693 1846 γὰρ

270 1870 579 1947 ίδιορυθμίᾳ
633 1878 721 1925 καὶ
785 1880 847 1944 τῇ
911 1877 1103 1944 φυσικῇ
1167 1866 1416 1935 ἰδιότητι,
1488 1864 1554 1917 ὧν
1607 1870 1696 1918 καὶ
1732 1872 1837 1925 τοῖς
1872 1860 1924 1916 εὖ
1958 1878 1996 1931 η
2038 1863 2149 1912 ἔστι
2190 1880 2239 1913 τι
2277 1862 2413 1913 κατὰ
2469 1865 2686 1933 κόσμον,
2747 1859 2868 1933 ὅπερ
2929 1860 2985 1912 οὗ
3041 1869 3139 1911 τῶν
3187 1862 3461 1935 τεττάρων.
3517 1865 3579 1913 Ei
3638 1859 3697 1913 δέ

270 1969 518 2034 φρονοῦσι
545 1964 897 2034 περατουμένη
962 1961 991 2017 ἡ
1051 1963 1244 2030 γνῶσίς
1308 1956 1465 2010 ἐστιν.
1521 1954 1790 2014 Ὡσαύτως
1837 1956 1926 2005 καὶ

268 2050 361 2102 ούκ
414 2048 647 2112 ἐξέτὰσις
718 2052 923 2111 τούτοις
1000 2056 1097 2100 τῶν
1156 2044 1552 2100 ὑποδιπλασίων
1613 2049 1702 2096 καὶ
1742 2039 1927 2095 διπλα-

272 2143 395 2192 σίων
458 2144 548 2192 κοιὶ
617 2138 864 2212 ἡμιολίων
926 2142 1015 2190 καὶ
1090 2136 1361 2212 ἐπιτρίτων
1442 2134 1724 2205 ἀναλογιῶν
1802 2132 1928 2194 όλως

267 2233 563 2300 γενήσεται,
624 2227 751 2280 ἀλλὰ
801 2230 935 2280 κατά
992 2229 1050 2279 τὸ
1103 2235 1199 2288 τῆς
1244 2236 1345 2299 γῆς
1402 2228 1646 2297 στεγανόν
1686 2224 1817 2294 άγαν
1870 2225 1927 2275 τὸ

268 2315 414 2392 ὕδωρ
464 2322 552 2371 τόν
620 2315 899 2371 ὃιπλασιον
957 2317 1105 2389 λόγον
1157 2320 1297 2389 ἔχειν
1344 2321 1620 2384 νοησουσι,
1687 2310 1781 2366 διὰ
1835 2318 1928 2371 τὴν

269 2408 401 2480 οἷγαν
469 2410 665 2469 ταύτης
736 2407 1079 2480 συμπίλησιν·
1149 2414 1212 2479 τῇ
1291 2403 1541 2477 ἀναλογίᾳ
1608 2401 1667 2456 δὲ
1741 2405 1931 2475 ὁμοίως

269 2503 359 2550 καὶ
410 2505 518 2560 τοῖς
581 2498 766 2574 ἑτέροις
824 2498 1273 2571 ἀναλογισαμενοι,
1338 2498 1401 2557 ὣς
1469 2494 1579 2549 ἐστι
1632 2498 1688 2547 τό
1755 2492 1932 2545 ἀναλο-

269 2607 382 2657 γον,
427 2583 697 2641 διοίσουσι
754 2593 842 2641 καὶ
901 2588 994 2641 οὐκ
1052 2586 1414 2657 ἀπατηθῶσιν,
1465 2589 1531 2649 ὡς
1572 2587 1619 2638 οἱ
1649 2603 1815 2643 παντη
1850 2582 1932 2635 ἀν-

274 2682 459 2736 επιστή
465 2696 633 2750 μονες.

273 2823 507 2877 constat
536 2818 870 2877 secundum
914 2821 1208 2877 rationem
1245 2819 1710 2884 sesquitertiam.
1775 2818 1932 2889 Ignis

273 2924 416 2980 ergo
448 2909 907 2982 comprehendit
933 2910 1044 2966 sub
1068 2927 1129 2966 se
1154 2926 1354 2966 aerem
1395 2909 1727 2965 secundum
1758 2908 1932 2964 ratio-

272 3013 414 3055 nem
460 2999 925 3073 sesquitertiam.
984 3002 1233 3057 Ostensa
1280 3004 1367 3056 est
1415 3015 1557 3069 ergo
1601 2999 1661 3055 in
1691 2998 1805 3054 hoc
1836 2997 1934 3055 de-

272 3088 494 3162 scripto
513 3089 735 3145 circulo
753 3088 1184 3146 elementorum
1198 3087 1503 3162 quantitas
1516 3092 1572 3144 et
1588 3088 1935 3144 convenien-

274 3177 355 3234 tia
385 3195 399 3245 ;
430 3176 693 3250 itemque
724 3179 1070 3234 ccmmunio
1112 3184 1342 3235 naturae
1387 3195 1526 3233 cum
1569 3178 1681 3234 illis
1712 3182 1768 3234 et
1796 3194 1934 3235 cum

273 3266 1057 3340 temperationibus,quibus
1073 3266 1573 3324 intercedentibus
1586 3266 1934 3323 universum
1968 3237 2005 3293 α

272 3355 388 3412 hoc
418 3355 497 3412 ab
521 3356 743 3428 Opiﬁce
775 3373 1035 3425 summo,
1078 3357 1156 3413 ab
1186 3357 1332 3430 ipsis
1361 3361 1416 3413 et
1434 3361 1650 3414 natura
1665 3362 1934 3414 constru-

275 3449 438 3502 ctum
469 3451 582 3503 est.

345 3538 396 3590 4.
444 3534 557 3592 Sed
582 3551 657 3591 ne
697 3534 846 3592 forte
868 3534 1003 3610 quis
1031 3551 1227 3593 errore
1255 3535 1527 3609 capiatur
1559 3532 1770 3592 videns
1800 3536 1842 3592 U
1874 3536 1934 3592 in

274 3629 478 3680 centro
507 3624 796 3697 positum,
825 3625 990 3698 quod
1020 3625 1295 3681 videlicet
1317 3626 1511 3695 magis
1534 3627 1791 3681 terrestri
1812 3641 1936 3682 ma-

274 3714 435 3771 teriae
453 3715 715 3787 portioni
732 3720 1011 3772 naturam
1036 3716 1234 3788 potius
1251 3714 1937 3785 assignaverimus,sciat

274 3819 386 3860 nos
414 3804 834 3861 universorum
869 3804 1304 3862 elementorum
1348 3810 1405 3861 et
1430 3806 1938 3879 temperationum

275 3894 659 3951 medietatem
683 3900 914 3952 natura:
931 3895 1238 3952 detulisse.
1270 3899 1420 3954 Nam
1444 3909 1937 3969 quoquoversum

278 3990 534 4057 spectes,
558 3984 874 4048 elementa,
897 3986 1250 4058 temperatio
1286 3990 1342 4041 et
1380 3989 1600 4041 natura
1632 3985 1812 4041 rebus
1853 3986 1939 4040 in-

279 4075 553 4132 sunt.Ubi
574 4076 736 4132 enim
759 4076 1085 4148 natura,ibi
1107 4076 1288 4133 etiam
1311 4081 1402 4133 est
1418 4076 1618 4132 media
1638 4094 1654 4148 ς
1676 4075 1778 4132 ubi
1798 4091 1941 4132 vero

280 4165 576 4241 elementa
591 4168 645 4224 et
665 4165 1269 4238 temperationes.illic
1290 4168 1470 4223 etiam
1492 4171 1724 4223 natura.
1750 4168 1942 4233 Quare

280 4254 628 4328 ubicunque
676 4255 1139 4327 temperationes
1196 4258 1336 4312 sunt
1386 4260 1442 4312 et
1470 4255 1784 4327 elementa,
1827 4255 1943 4311 illic

281 4346 463 4403 etiam
492 4350 735 4402 interest
764 4346 962 4403 media
1002 4360 1113 4402 nec
1150 4346 1332 4403 aliam
1372 4346 1451 4402 ob
1492 4360 1942 4418 causamquam

281 4436 427 4509 quia
446 4440 533 4491 est
548 4434 1252 4493 natura.Communicant
1269 4441 1470 4492 autem
1492 4436 1620 4492 hrec
1638 4436 1842 4492 omnia
1859 4435 1943 4491 in-

282 4531 369 4582 ter
392 4541 452 4581 se
473 4530 530 4581 et
551 4531 908 4597 separantur
929 4542 965 4582 a
986 4543 1047 4582 se
1073 4525 1226 4582 inter
1246 4526 1670 4595 se,secundum
1689 4524 1750 4581 id
1778 4525 1943 4599 quod

2036 1952 2229 2003 τούτων
2260 1951 2327 2011 ὡς
2384 1957 2552 2001 ταῦτα
2605 1952 2763 2001 ἔστιν·
2826 1948 2868 2001 εἰ
2915 1946 2964 2002 δ’
3020 1952 3089 2009 ὡς
3140 1958 3310 2002 ταῦτα
3366 1951 3527 2016 ἔστιν,
3568 1950 3697 2022 ούχί

2038 2038 2225 2091 ἐνιαῖόν
2297 2037 2459 2107 ἐστιν,
2520 2039 2597 2091 ὃτι
2658 2047 2825 2091 ταῦτα
2872 2041 3034 2111 μικτά
3101 2043 3232 2113 πρός
3281 2040 3433 2094 αὑτά.
3496 2036 3696 2100 Madet;

2039 2125 2098 2182 δὲ
2149 2136 2266 2181 νοῦν
2320 2133 2409 2181 καὶ
2474 2128 2660 2200 ψυχὴν
2722 2132 2751 2186 ἢ
2819 2132 2884 2181 τὰ
2942 2130 3096 2201 ὅμοια
3164 2130 3496 2203 σοφιζόμενος
3530 2149 3699 2204 παροι-

2039 2218 2196 2290 ϐάλλη
2274 2225 2378 2277 τοῖς
2438 2217 2751 2290 λεγομένοις,
2828 2223 2915 2270 καὶ
2997 2217 3206 2271 ἀπατῶν
3284 2225 3376 2279 τὴν
3437 2218 3693 2286 ἀλήθειαν,

2039 2307 2227 2380 μᾶλλον
2260 2304 2317 2360 6":
2346 2307 2546 2359 ἑαυτόνσ
2602 2311 2660 2359 τὸ
2714 2310 2815 2381 γὰρ
2865 2308 3048 2380 λίχνον
3096 2314 3186 2361 καὶ
3230 2311 3259 2366 ἡ
3307 2307 3573 2381 βασκανία
3610 2328 3697 2361 κι-

2039 2404 2113 2449 νεῐ
2166 2396 2237 2458 εἰς
2302 2400 2418 2456 τοὺς
2470 2393 2722 2457 ἀναιδεῖς.
2777 2400 2955 2449 Μικτά
3014 2405 3139 2468 γοῦν
3206 2400 3271 2448 τὰ
3332 2406 3516 2472 πρῶτα
3574 2400 3699 2451 καθ-

2042 2490 2301 2545 εστηκότα
2346 2490 2435 2538 καὶ
2486 2488 2552 2538 τά
2607 2482 2845 2562 δεύτερα,
2915 2490 3078 2539 εἶτονν
3138 2488 3191 2539 αἱ
3240 2490 3447 2559 κράσεις
3490 2508 3698 2561 μικται,

2043 2572 2203 2635 διπλῆ
2239 2572 2298 2630 δὲ
2345 2584 2449 2637 τοῖς
2498 2578 2629 2648 μετὰ
2670 2578 2736 2628 τὰ
2792 2584 3037 2648 στοιχεῖα
3088 2578 3116 2634 ἡ
3170 2583 3381 2650 κρᾶσις,
3423 2579 3503 2630 ὅτι
3534 2586 3701 2629 ταῦτα

2044 2664 2201 2720 διττὰ
2237 2666 2458 2739 ἔμψυχά
2505 2685 2559 2718 τε
2606 2686 2695 2718 και
2750 2664 2962 2739 ἄψυχα,
3024 2686 3113 2719 και
3156 2667 3308 2720 πάλιν
3340 2674 3449 2730 πῶς
3478 2667 3702 2741 ἔμψυχα

2045 2812 2154 2869 stio
2187 2817 2367 2884 atque
2393 2811 2647 2867 varietas
2679 2812 2920 2881 cognita
2945 2815 2999 2868 et
3021 2812 3341 2870 manifesta
3382 2813 3557 2871 nobis
3575 2829 3678 2870 exs

2044 2900 2171 2969 titit,
2189 2905 2243 2957 et
2272 2906 2473 2974 partes
2497 2917 2618 2958 non
2638 2900 2987 2971 generaliter
3008 2899 3318 2958 subducta:
3342 2909 3502 2970 sunt,
3531 2908 3703 2960 rectae

2044 2992 2330 3047 nimirum
2364 2997 2419 3046 et
2448 2991 2721 3047 rotundae
2751 3006 2885 3063 quae
2909 2990 3049 3046 illud
3084 2992 3250 3064 quod
3282 2992 3705 3049 admistionem

2046 3081 2345 3153 suscipere
2377 3085 2572 3154 potest
2592 3080 2907 3136 manifeste
2935 3079 3282 3150 ostendunt,
3308 3082 3413 3138 sed
3446 3082 3711 3152 singilla‘

2043 3172 2148 3227 tim
2164 3171 2711 3227 demonstrawmus
2726 3170 2885 3242 quali
2902 3170 3207 3227 liabilitate
3221 3172 3706 3246 unumquodque

2046 3260 2122 3316 ad
2139 3260 2299 3317 aliud
2314 3264 2369 3316 et
2386 3259 2544 3316 aliud
2565 3259 2642 3316 ad
2665 3265 2988 3333 utrumque
3006 3260 3119 3317 hoc
3134 3264 3189 3316 et
3206 3260 3350 3317 illud
3370 3262 3707 3318 secundum

2045 3351 2486 3424 copulationem
2510 3350 2927 3406 etdistantiam
2953 3351 3023 3406 sit
3042 3350 3382 3424 praeditum,
3405 3352 3533 3423 jam
3562 3367 3706 3408 con-

2045 3446 2303 3497 vertatur
2323 3446 2529 3496 nostra
2577 3440 2763 3496 oratio
2809 3439 2890 3495 ad
2942 3438 3041 3497 illa
3084 3457 3221 3513 quae
3247 3440 3545 3498 elementa
3574 3442 3710 3514 ipsa

2045 3528 2317 3604 proxime
2342 3534 2927 3603 sequuntur,nempe
2947 3529 3025 3586 ad
3049 3532 3535 3603 temperationes.
3557 3534 3704 3587 Nam

2045 3620 2280 3693 quaesit
2318 3619 2668 3692 temperatio
2718 3618 3152 3675 elementorum
3204 3620 3353 3676 inter
3393 3636 3475 3687 se,
3502 3626 3707 3693 etquo

2048 3714 2223 3781 pacto
2246 3708 2323 3764 ad
2350 3707 2842 3764 communionem
2871 3714 3103 3764 naturae
3134 3715 3488 3765 revocentur
3515 3713 3710 3766 osten-

2048 3797 2268 3855 dimus.
2295 3800 2517 3870 Nempe
2544 3796 2769 3870 duplex
2807 3802 2895 3853 cst
2937 3797 3155 3867 mistio,
3192 3813 3317 3855 una
3338 3815 3474 3873 quae
3506 3799 3567 3854 in
3597 3797 3713 3854 elei

2049 3887 2264 3944 mentis
2294 3888 2575 3956 cernitur,
2608 3886 2794 3943 altera
2840 3901 2978 3960 quae
3026 3887 3088 3943 in
3135 3887 3702 3961 temperationibus.

2050 3979 2347 4044 Quoniam
2369 3981 2569 4033 autem
2583 3979 2722 4033 cum
2744 3975 2817 4032 de
2839 3975 3144 4033 elementis
3158 3977 3710 4048 diceremus,varie-

2049 4074 2234 4125 tatem
2256 4073 2311 4125 et
2332 4067 2798 4141 propensionem
2820 4066 2880 4122 in
2902 4069 3222 4141 utramque
3239 4073 3558 4142 partem,et
3576 4083 3711 4141 pro:

2050 4160 2247 4232 priam
2277 4157 2760 4214 constitutionem
2780 4158 3020 4215 illorum
3046 4159 3715 4227 demonstravimus,sea

2051 4264 2170 4322 quc
2195 4246 2576 4304 hocinﬁciarl
2600 4248 2925 4321 quisquam
2956 4249 3149 4321 possit
3170 4249 3283 4305 nisi
3319 4254 3496 4306 secta:
3534 4248 3714 4305 alicui

2053 4337 2328 4395 addictus
2357 4342 2460 4394 aut
2480 4336 2876 4394 contentionis
2900 4339 3098 4396 studio
3117 4338 3717 4411 adductus,supcrest

2053 4433 2119 4485 ut
2137 4428 2438 4484 veritatem
2464 4426 2779 4484 manifeste
2819 4427 2996 4484 nobis
3033 4429 3341 4500 cognitam
3373 4443 3503 4485 esse
3529 4424 3717 4486 fatead

2054 4534 2208 4575 mur.
2239 4516 2389 4574 Nihil
2417 4518 2575 4573 enim
2609 4522 2700 4573 est
2729 4518 2789 4573 in
2837 4518 2953 4574 hoc
2997 4518 3252 4589 mundo,
3298 4519 3463 4592 quod
3495 4534 3619 4575 non
3650 4532 3720 4575 ex

280 4621 369 4671 est
397 4614 592 4686 magis
620 4620 675 4671 et
702 4615 917 4681 minus,
944 4615 1207 4688 itemque
1233 4628 1343 4673 sua
1372 4614 1659 4688 peculiari
1683 4630 1943 4688 propen-
1978 4604 2021 4660 D
2054 4614 2314 4683 quatuor
2344 4613 2573 4665 constet
2598 4608 2928 4668 elementis.
2962 4608 3134 4675 Quod
3158 4609 3205 4665 si
3232 4610 3412 4666 cxhis
3440 4613 3720 4667 constant

283 4704 452 4761 sione
473 4709 530 4761 et
560 4704 819 4761 naturali
849 4705 1498 4777 proprietate,quarum
1521 4704 1767 4778 quidem
1796 4704 1944 4761 atie-

281 4794 549 4851 ctionum
581 4794 841 4865 cognitio
863 4794 1033 4850 ﬁnita
1068 4798 1160 4849 est
1181 4792 1570 4867 sapientibus.
1597 4797 1711 4850 Nec
1730 4794 1946 4851 eodem

283 4899 524 4957 semper
539 4883 1100 4953 modoinvestigare
1124 4883 1319 4941 solent
1352 4885 1774 4957 proportiones
1808 4881 1947 4940 sub-

280 4967 518 5041 duplas,
551 4968 794 5041 duplas,
825 4968 1249 5043 sesquialteras
1280 4974 1337 5025 et
1381 4969 1809 5042 sesquitertias,
1843 4968 1949 5025 sed

280 5073 390 5131 pro
420 5074 646 5130 magna
672 5064 842 5115 terra:
860 5057 1178 5116 solididatc
1201 5072 1427 5132 aquam
1450 5059 1675 5117 habere
1697 5059 1950 5132 duplam

278 5149 577 5206 rationem
603 5149 944 5220 intelligunt
974 5156 1217 5223 propter
1238 5150 1491 5206 nimiam
1532 5150 1688 5206 illius
1732 5149 1951 5206 consti-

279 5240 611 5312 pationem.
647 5239 1046 5297 Consimiliter
1076 5239 1137 5295 in
1168 5239 1297 5296 aliis
1319 5244 1598 5297 accurate
1620 5239 1956 5313 proportio-

281 5328 508 5388 tionem
555 5331 1021 5404 perpendentes,
1072 5330 1239 5403 quod
1293 5341 1502 5387 revera
1533 5330 1958 5387 convenienter

279 5420 624 5493 respondet,
663 5420 1089 5491 assignabunt,
1131 5433 1243 5477 nec
1276 5422 1338 5478 in
1369 5435 1632 5478 errorem
1670 5419 1956 5492 incident,

281 5514 348 5567 ut
376 5509 459 5567 illi
490 5511 595 5583 qui
632 5524 887 5584 prorsus
919 5511 1115 5583 ignari
1138 5516 1296 5570 sunt.

360 5604 412 5659 5.
459 5601 761 5668 Quoniam
784 5608 986 5661 autem
1007 5618 1082 5660 ex
1118 5608 1336 5661 natura
1352 5606 1409 5660 et
1429 5619 1502 5660 ex
1521 5601 1825 5661 elementis
1852 5600 1960 5659 ml-

2054 4714 2191 4773 quae
2218 4703 2357 4754 sunt
2384 4698 2444 4754 in
2476 4694 2973 4769 mundo,singula
2992 4714 3114 4755 non
3134 4695 3390 4770 aliter,se
3407 4699 3723 4757 habebunt

2057 4794 2237 4861 atque
2262 4788 2395 4861 ipsa
2422 4787 2751 4855 elementa;
2780 4788 2946 4862 quod
2974 4789 3020 4845 si
3042 4805 3161 4846 non
3196 4788 3626 4861 aliter,nullum
3651 4801 3723 4845 ex

2060 4876 2312 4948 singulis
2352 4878 2806 4950 compositionis
2843 4884 2899 4935 ct
2939 4878 3321 4935 admistlonis
3348 4896 3557 4952 capch
3590 4880 3721 4949 erit,

2060 4985 2200 5026 cum
2231 4968 2523 5025 elementa
2548 4968 2686 5041 ipsa
2712 4967 2864 5025 inter
2890 4984 2950 5025 se
2982 4969 3328 5027 mistionem
3360 4970 3717 5043 suscipiant.

2063 5064 2247 5117 Nemo
2279 5074 2421 5115 vero
2450 5058 2564 5114 illis
2603 5075 2740 5131 quae
2763 5059 2922 5116 dicta
2948 5063 3089 5117 sunt
3119 5076 3155 5117 a
3180 5060 3354 5118 nobis
3384 5059 3595 5117 callide
3617 5077 3727 5134 opa

2064 5155 2252 5224 ponat
2278 5149 2486 5205 mentis
2518 5154 2575 5204 et
2594 5149 2781 5206 animi
2804 5149 3271 5221 copulationem,
3292 5150 3603 5207 veritatem
3632 5151 3729 5223 ipa-

2066 5256 2200 5297 sam
2223 5244 2325 5296 aut
2354 5241 2555 5312 potius
2592 5238 2856 5312 seipsum
2887 5239 3210 5314 decipiens.
3245 5244 3393 5297 Nam
3416 5240 3727 5313 petulanti,

2068 5335 2125 5387 et
2152 5328 2303 5387 livor
2318 5326 2636 5403 impellunt
2658 5329 3061 5402 impudentes.
3086 5328 3523 5388 Admistioncm
3555 5330 3734 5402 igitur

2071 5420 2407 5493 suscipiunt
2436 5420 2733 5493 principia
2762 5416 2860 5477 illa
2893 5437 3000 5477 seu
3033 5420 3347 5491 elementa,
3382 5425 3435 5478 et
3466 5418 3732 5478 secundo

2069 5509 2202 5568 loco
2220 5510 2691 5584 concreta,quod
2714 5509 2861 5567 nihil
2882 5510 3045 5568 aliud
3067 5511 3366 5568 estdicere
3387 5527 3575 5585 quam
3594 5516 3739 5568 tem-

2072 5601 2415 5676 perationes
2440 5597 2681 5659 misceri
2723 5614 2904 5675 posse
2937 5602 3032 5675 (Ι).
3069 5604 3165 5660 Est
3192 5607 3392 5663 autem
3412 5603 3474 5660 in
3504 5603 3574 5660 iis
3599 5617 3738 5677 quas

358 5727 437 5801 (ι)
473 5730 539 5789 In
565 5729 885 5806 Epicureos
914 5730 1032 5789 hoc
1056 5730 1212 5789 dixit
1241 5730 1347 5806 qui
1374 5731 1655 5795 animum
1683 5735 1874 5808 κρᾶσιν
1904 5744 2043 5793 esse
2076 5727 2380 5791 dicebant.

693 5859 923 5922 Parnm.
962 5858 1062 5921 Ga.
1105 5855 1253 5924 CXL.

3277 5855 3342 5928 ιρι
