4444 6452
779 464 910 519 1291

2301 453 2537 509 ADDEN
2545 455 2657 508 DA.

4054 471 4192 524 1292

772 594 884 647 πῶς
914 582 968 638 δ’
995 584 1190 656 ἄψυχα
1244 584 1410 657 ἔτερα,
1462 584 1552 633 καὶ
1606 586 1713 642 τοῖς
1776 582 1865 650 μὶν
1909 576 1996 631 οὖν
2045 578 2280 651 ἀψύχοις
2317 578 2425 629 οἷον
2457 580 2505 632 Α
2535 599 2702 651 μενος,
2759 580 2832 641 εἰς
2873 583 2937 631 τὰ
2998 593 3222 653 σύγγενῆ
3283 586 3573 643 ἀναλύεται.
3642 590 3942 648 Ἀθετητίον
3970 598 4096 661 ’γοῦν
4124 588 4193 642 τὰ

771 674 934 735 λίθοις
985 692 1040 726 τε
1085 676 1177 724 καὶ
1243 670 1512 743 μετάλλοις
1575 669 1832 729 απλοῐκῶς
1898 672 1927 727 ἡ
1980 677 2078 719 τῶν
2149 670 2424 739 στοιχείων

772 762 913 815 ἐστὶν
967 764 1169 821 ἓνωσις.
1228 760 1372 812 Αύτὰ
1426 762 1527 830 γὰρ
1586 758 1639 809 ἐκ
1698 767 1795 809 τῶν
1843 762 2141 828 στοιχείων,
2228 755 2271 807 εἰ
2336 759 2425 806 καὶ

768 856 960 925 κρᾶσίς
1004 850 1118 902 ἐστι
1170 854 1258 901 καὶ
1305 851 1529 914 τούτοις,
1590 847 1674 898 ἐπὶ
1730 846 1900 898 πλεῖον
1945 843 2002 898 δὲ
2042 851 2131 897 καὶ
2178 845 2419 897 ἔλασσον·

768 946 863 997 τὴν
918 942 1020 1013 ’γάρ
1086 948 1186 990 τῶν
1243 937 1501 1010 μετάλλων
1559 940 1648 987 καὶ
1712 934 1867 986 λίθων
1932 939 2063 995 τινὲς
2104 934 2422 995 ἐξετάζοντες

771 1027 1033 1100 ἰδιότητα,
1105 1028 1502 1098 ὀνησιμωτάτην
1575 1028 1767 1081 ταύτην
1844 1026 2145 1097 εὑρίσκουσι
2208 1022 2425 1075 ἀντικει-

767 1124 922 1192 μένην
983 1127 1083 1171 πού
1139 1117 1327 1188 ψύχει,
1383 1124 1482 1167 πού
1537 1117 1834 1189 θερμότητι,
1896 1122 1994 1166 πού
2062 1112 2121 1165 δὲ
2181 1116 2423 1173 ὡσαύτως

764 1213 854 1261 καὶ
922 1212 1316 1279 συναργηουσα,
1387 1208 1521 1256 ὥστε
1581 1208 1670 1255 καὶ
1739 1203 1787 1255 ἐν
1848 1205 2053 1264 τούτοις
2113 1210 2215 1261 τοῖς
2284 1201 2422 1273 ἀψύ-

762 1315 884 1369 χοις
937 1298 969 1355 ἡ
1038 1294 1093 1347 ἐκ
1175 1303 1274 1346 τῶν
1358 1298 1637 1364 στοιχείων
1721 1292 1882 1363 ἰσχύς
1949 1292 2007 1343 ού
2068 1300 2251 1352 κοινῶς
2307 1290 2422 1343 ἐστι

761 1392 947 1453 πᾶσιν,
997 1384 1108 1435 ἀλλ’
1151 1386 1220 1444 ὡς
1277 1384 1584 1453 πεφύκασιν
1644 1380 1956 1432 ἀναλυθέντα
2012 1377 2071 1431 δὲ
2125 1385 2214 1431 καὶ
2257 1388 2422 1430 ταῦτα

760 1472 842 1525 ἰπὶ
910 1475 978 1525 τὰ
1044 1476 1273 1547 πρότερα
1351 1469 1400 1521 ἐν
1462 1469 1668 1529 ἐκείνοις
1741 1465 2044 1521 δεικνύουσι
2111 1472 2167 1520 τὸ
2214 1474 2415 1540 μικτόν.

759 1570 869 1617 Ποῦ
898 1565 998 1635 γὰρ
1024 1571 1127 1635 πῦρ
1159 1561 1208 1614 ἕν
1240 1561 1424 1633 χαλκῷ
1457 1576 1472 1627 ;
1521 1566 1583 1631 τῇ
1635 1564 1835 1631 χωνείᾳ
1874 1556 1933 1611 δὲ
1979 1578 2192 1631 συχνως
2234 1557 2418 1631 ἐμϐαλ-

759 1652 964 1725 λόμενος
1038 1656 1128 1704 καὶ
1202 1654 1339 1703 κατὰ
1424 1652 1607 1722 μικρὸν
1691 1647 1993 1719 ἐλαχίστοις
2065 1644 2418 1719 σποδούμενος

758 1740 1011 1814 ψήγμασί
1038 1760 1138 1793 που
1188 1738 1481 1792 ἀναλύεται.
1540 1736 1664 1790 Εῖπε
1704 1734 1762 1789 δέ
1810 1754 1903 1797 τις·
1954 1738 2037 1789 Ἑν
2078 1744 2138 1808 τῇ
2168 1744 2233 1808 γῇ
2268 1742 2357 1788 καὶ
2391 1738 2417 1787 ό

756 1830 900 1893 λίθος
1080 1838 1148 1903 γῇ
1204 1835 1499 1903 προσεχής,
1561 1830 1972 1901 συγκρουόμενος
2028 1824 2086 1879 δε
2117 1826 2418 1878 ἀποστέλλει

2536 678 2769 731 τοιαῦτα,
2798 676 2887 723 καὶ
2938 675 3068 745 πρὸς
3118 677 3183 725 τὰ
3236 676 3338 727 ἄνω
3394 678 3740 750 ἐπιμελητέον.
3798 686 3897 732 Καὶ
3945 687 4050 740 τοῖς
4099 682 4191 751 μὲν

2534 756 2621 809 οὖν
2676 760 2943 830 μετάλλοις
3006 768 3091 813 καὶ
3161 763 3329 824 ἄλλοις
3392 772 3531 818 τισίν
3603 768 3931 840 ἁπλουστέρα
3992 771 4020 825 ἡ
4090 776 4191 819 τῶν

3384 854 3581 917 Μηδείς
3664 854 3715 908 δ’

2534 933 2661 988 εἶναι
2692 943 2781 988 καί
2830 942 3027 999 τούτοις
3074 961 3288 1015 κρασεις
3344 963 3396 996 τε
3448 950 3537 996 καί
3596 951 3807 1017 σχέσεις
3848 951 3937 998 καί
3988 943 4191 1001 ἰδιότη-

2537 854 2813 919 στοιχείων
2892 849 3034 902 ἐστὶν
3106 853 3300 914 ἔνωσις,
3384 854 3581 917 Μηδείς
3664 854 3715 908 δ’
3793 856 4191 929 ἀμφισϐητείτω

2532 1045 2640 1086 τας·
2683 1030 2867 1079 οὔκουν
2904 1025 3149 1082 δὲταῦτα
3191 1037 3343 1103 μόνον
3396 1038 3524 1105 πρὸς
3554 1034 3732 1100 ἑαυτὰ,
3776 1035 3901 1086 ἀλλά
3941 1041 4031 1087 καί
4057 1041 4194 1109 πρός

2531 1122 2639 1176 τοῖς
2698 1115 2966 1189 ἐμψύχοις
3037 1121 3106 1180 ὡς
3158 1122 3187 1176 ἡ
3242 1129 3395 1196 πεῖρα
3451 1129 3793 1194 παρίστησιν.
3856 1122 4009 1176 Ἐστι
4064 1131 4193 1194 γοῦν

2531 1224 2620 1256 και
2659 1212 2762 1265 τοῖς
2816 1206 3045 1279 ἀψύχοις
3096 1209 3367 1280 μετάλλοις
3415 1217 3504 1263 καί
3557 1213 3721 1274 λίθοις
3762 1217 3945 1283 κρᾶσίς
3987 1218 4096 1274 πῶς
4137 1232 4195 1264 τε

2531 1299 2619 1345 καί
2683 1292 2906 1357 ἰδιότης·
2958 1298 3076 1348 ἔνθα
3131 1301 3232 1370 γὰρ
3285 1306 3489 1371 κρᾶσις,
3543 1306 3633 1352 καί
3688 1298 3904 1361 ἰδιότηςο
3960 1301 4055 1352 ούκ
4130 1302 4193 1351 ἀν

2528 1386 2626 1456 γὰρ
2701 1388 2762 1435 τὰ
2832 1388 3088 1460 κραθέντα
3156 1386 3455 1461 ἐκράθησαν
3523 1389 3604 1456 ἂν,
3674 1389 3717 1442 εἰ
3792 1395 3863 1462 μή
3941 1395 4193 1463 πρότερον

2531 1472 2959 1546 συνεισέόρευσαν
2990 1483 3050 1547 τῇ
3089 1474 3318 1534 ἰδιότητι
3348 1478 3419 1538 εἰς
3437 1478 3613 1531 ἑαυτά.

2602 1560 2670 1624 ς’.
2730 1567 2831 1615 Καί
2881 1569 2998 1638 περί
3050 1568 3139 1636 μὲν
3190 1575 3288 1618 τῶν
3341 1566 3600 1638 μετάλλων
3644 1572 3734 1619 καί
3786 1567 3943 1619 λίθων
3994 1575 4186 1635 ταῦτα,

2527 1654 2647 1723 περί
2701 1646 2760 1703 δὲ
2820 1660 2917 1703 τῶν
2987 1662 3098 1715 πῶς
3167 1658 3257 1726 μὲν
3331 1654 3607 1727 ἐμψύχων,
3684 1664 3791 1715 πῶς
3845 1652 3904 1708 δὲ
3960 1654 4190 1726 ἀψύχων

2527 1758 2593 1789 τα
2644 1740 2806 1814 ἕτερα·
2862 1749 2961 1792 τῶν
3012 1742 3241 1813 ἀψύχων
3320 1764 3374 1797 τε
3440 1747 3569 1816 λέγω
3622 1750 3711 1796 καί
3770 1765 3876 1805 πως
3928 1743 4192 1816 ἐμχύχων

2529 1835 2697 1897 φυτῶν
2752 1828 2803 1881 εύ
2864 1826 3139 1883 διίσταται
3213 1834 3243 1889 ἡ
3315 1841 3414 1884 τῶν
3469 1838 3748 1905 στοιχείων
3811 1834 4006 1893 ἑνότης·
4067 1852 4192 1884 συν-

760 1924 816 1974 τὸ
838 1928 964 1995 πύρ’
1022 1920 1065 1973 εἰ
1123 1917 1174 1971 δ’
1228 1921 1255 1971 ὁ
1304 1918 1445 1980 λίθος
1503 1926 1597 1979 τῆς
1643 1924 1739 1988 ’γῆς
1792 1922 1879 1969 καὶ
1936 1918 1961 1968 ό
2010 1915 2297 1988 χαλκόςεὶς
2322 1920 2415 1974 τὴν
2448 1925 2489 1979 Β
2527 1937 2758 1990 υπαρχει
2813 1922 2915 1995 γὰρ
2982 1924 3184 1983 τούτοις
3255 1923 3284 1979 ἠ
3359 1922 3564 1981 ἑλκτικὴ
3619 1928 3705 1975 καί
3772 1923 4028 1986 αὐξητικὴ
4097 1926 4194 1973 καί

754 2018 855 2083 ’γῆν
886 2009 1176 2074 ἀναλύεται,
1230 2011 1343 2061 ἔστι
1395 2004 1454 2060 δὲ
1508 2012 1597 2059 καὶ
1649 2015 1751 2079 πύρ
1809 2006 1859 2058 ἐν
1909 2014 1969 2078 τῇ
2027 2014 2119 2078 γῇ,
2169 2009 2225 2058 ἔκ
2246 2025 2300 2058 τε
2327 2014 2415 2066 τῆς

754 2108 846 2152 τοῦ
902 2106 1204 2173 προσοχοῡς
1254 2097 1400 2150 λίθου
1457 2099 1513 2149 ἔκ
1573 2115 1626 2147 τε
1692 2094 1872 2168 ἐτέρων
1935 2095 2193 2167 μετάλλων
2284 2093 2413 2147 ἀπο-

756 2185 964 2251 δείξεως
1016 2190 1042 2240 ό
1098 2187 1298 2259 χαλκὸς
1361 2186 1428 2247 εἰς
1479 2188 1538 2237 τὸ
1596 2191 1699 2256 πῦρ
1754 2190 1844 2236 καὶ
1901 2189 1994 2242 τὴν
2055 2194 2153 2255 γῆν
2210 2190 2299 2236 καὶ
2348 2187 2412 2235 τά

755 2287 979 2350 συγγενῆ
1042 2276 1335 2331 ἀναλύεται.
1422 2275 1589 2328 Πολλά
1656 2295 1735 2336 τις
1784 2278 1897 2347 ἔχει
1959 2274 2118 2346 λέγειν
2181 2274 2252 2335 εἰς
2317 2278 2410 2332 τὴν

752 2376 851 2419 τῶν
881 2370 1114 2443 κράσεων
1169 2362 1458 2432 ἀπόδειξιν,
1519 2368 1708 2437 μικτὴν
1763 2361 1923 2417 οὖσαν
1982 2368 2071 2415 καὶ
2122 2362 2407 2435 πολυμερῆ,

751 2459 999 2518 ὡσαύτως
1055 2461 1146 2509 καὶ
1196 2455 1590 2509 πολυσύνθετον.
1638 2455 1699 2507 Εἰ
1749 2457 1847 2529 γὰρ
1896 2457 1954 2506 τὸ
2030 2461 2133 2526 πῦρ
2202 2452 2249 2504 ἐν
2299 2460 2409 2513 τοῖς

748 2544 909 2609 λίθοις
930 2566 983 2600 τε
1029 2552 1120 2599 καὶ
1169 2553 1232 2618 τῇ
1290 2552 1390 2617 γῇν
1451 2546 1563 2597 ἔστι
1615 2548 1706 2596 καὶ
1752 2543 1800 2595 ἐν
1848 2544 2051 2616 χαλκῷ’
2104 2542 2410 2613 ἐκτῆςγῆς

746 2638 852 2711 γὰρ
905 2638 1188 2707 συνάγεται
1237 2636 1265 2686 ό
1307 2634 1522 2706 χαλκός·
1584 2633 1656 2695 εἰς
1719 2638 1813 2692 τὴν
1864 2643 1964 2705 ’γῆν
2014 2642 2140 2706 ’γοῦν
2184 2633 2407 2686 ἀναλυό-

747 2922 1046 2985 elementa
1075 2928 1409 3000 sequuntur
1453 2918 1675 2998 duplex
1707 2920 2078 2998 temperatio,
2116 2919 2407 2996 quoniam

746 3017 877 3074 hac
901 3033 1146 3090 quoque
1175 3021 1313 3072 sunt
1341 3014 1596 3087 duplicis
1625 3015 1877 3086 generis.
1921 3017 2067 3071 Sunt
2104 3015 2255 3069 enim
2285 3012 2409 3068 ani-

747 3113 915 3165 mata
943 3112 1002 3163 et
1023 3108 1374 3164 inanimata.
1406 3108 1473 3161 Et
1504 3122 1711 3160 rursus
1737 3106 1854 3162 alia
1884 3105 2100 3177 partim
2120 3106 2406 3167 animata,

747 3197 968 3269 partim
989 3196 1169 3252 etiam
1189 3196 1540 3252 inanimata.
1570 3196 1653 3249 Ac
1683 3194 1742 3249 in
1771 3194 2117 3249 inanimatis
2138 3193 2405 3265 quidem,

2528 2006 2836 2066 ἀλλοιωτικὴ
2896 2014 2986 2060 καί
3059 2012 3338 2068 καθεκτική
3414 2031 3467 2064 τε
3542 2016 3631 2063 καί
3686 2010 3950 2087 ἐκκριτική
4032 2007 4195 2062 δύνα-

2524 2116 2635 2167 μις,
2671 2096 2700 2153 ἢ
2732 2116 2786 2149 τε
2844 2098 3088 2171 θρεπτικὴ
3142 2104 3470 2172 πρωτίστως,
3523 2097 3597 2152 δι’
3650 2098 3711 2161 ἧς
3760 2106 3848 2153 καί
3878 2120 3944 2152 τα
3967 2108 4194 2152 τοιαῦτα

2524 2189 2722 2246 τούτοις
2792 2186 3070 2258 ἐγγίνεται.
3161 2194 3525 2264 στερίσκονται
3605 2187 3664 2243 δε
3736 2198 3828 2251 τῆς
3878 2190 4186 2250 αἰσητικῆς.

2522 2281 2686 2327 Τοῦτο
2742 2272 2801 2328 δὲ
2846 2274 3129 2351 πρόδηλον.
3200 2285 3400 2352 Κρᾶσις
3465 2276 3524 2331 δὲ
3588 2284 3677 2330 καί
3729 2280 3926 2340 αὐτοῖς·
3990 2278 4033 2331 εἰ
4081 2281 4188 2350 γὰρ

2523 2370 2591 2430 μὴ
2648 2370 2857 2439 κρᾶσις,
2910 2366 3038 2419 ἀλλὰ
3112 2388 3283 2419 πάντα
3352 2369 3456 2421 εἰσί
3530 2365 3799 2441 μονοειδῆ,
3875 2368 3969 2420 οὐκ
4022 2366 4083 2418 ἂν
4138 2368 4191 2418 οἱ

2520 2457 2714 2506 τούτων
2770 2462 2963 2527 καφποί
3036 2453 3301 2531 διαφόρως
3375 2458 3444 2519 εἰς
3510 2462 3628 2519 τούς
3677 2461 3883 2530 χυμούς
3941 2454 4190 2509 συνεϐαλ-

2519 2544 2683 2596 λοντο·
2734 2546 2789 2597 ἐκ
2846 2556 2945 2598 τῶν
3003 2556 3214 2620 καρπῶν
3267 2552 3354 2599 καί
3402 2551 3504 2621 γὰρ
3563 2557 3842 2619 γεννῶνται
3888 2551 4081 2620 χυμοί.
4126 2545 4193 2598 Εἰ

2520 2633 2579 2688 δὲ
2632 2641 2704 2708 μὴ
2756 2656 2974 2709 κράσεις
3043 2635 3350 2709 τὲανταχόσε
3422 2641 3489 2690 τὰ
3538 2642 3774 2712 σπόριμα
3824 2648 4008 2700 κοινῶς
4068 2636 4195 2707 ἐφυ-

2520 2924 2698 2998 igitur
2722 2923 3229 3001 praetermittenda
3246 2930 3467 2991 sunt,et
3484 2924 3563 2983 ad
3584 2925 3800 2985 altiora
3819 2932 4027 2984 nostra
4042 2924 4187 2982 dili-

2524 3017 2725 3087 gentia
2750 3017 3091 3073 revocanda
3146 3022 3257 3072 est.
3327 3016 3620 3072 Uniuntur
3670 3018 3873 3089 itaque
3916 3017 4184 3083 metalla,

2522 3121 2689 3171 saxa,
2725 3110 2780 3161 et
2800 3106 2917 3162 alia
2937 3106 3219 3178 quaedam
3243 3105 3601 3177 simpliciore
3622 3105 3722 3161 illa
3744 3106 4187 3162 elementorum

2523 3195 3161 3269 copulatione.Nemini
3191 3210 3333 3250 vero
3357 3194 3432 3250 sit
3459 3195 3715 3251 dubium
3740 3196 3890 3268 quin
3910 3196 4003 3251 his
4028 3200 4185 3251 tem—

748 3291 815 3342 ut
839 3286 901 3341 in
932 3284 1237 3358 lapidibus
1263 3289 1320 3340 et
1344 3283 1621 3350 metallis,
1653 3283 1997 3355 simpliciter
2018 3283 2277 3339 cernitur
2298 3282 2409 3337 ele-
2436 3283 2481 3347 C
2523 3285 2882 3355 perationes,
2908 3284 3244 3340 habilitates
3292 3288 3349 3339 et
3389 3284 3783 3355 proprietates
3813 3284 4016 3340 insint.
4053 3288 4184 3339 Non

747 3382 1091 3433 mentorum
1123 3375 1491 3431 communio.
1519 3377 1651 3430 Haec
1673 3374 1833 3429 enim
1852 3390 1922 3429 ex
1941 3373 2247 3429 elementis
2269 3388 2406 3428 con-

749 3470 864 3524 stat
892 3456 1117 3541 quibus
1150 3468 1199 3522 si
1219 3465 1572 3538 temperatio
1600 3464 1872 3531 inest,his
1906 3465 2077 3520 etiam
2099 3462 2405 3532 inerit,sed

749 3557 1077 3613 secundum
1106 3556 1167 3611 id
1187 3555 1355 3629 quod
1376 3561 1465 3611 est
1484 3554 1620 3627 plus
1642 3559 1697 3609 et
1715 3554 1935 3610 minus.
1963 3554 2219 3620 Quidam
2244 3554 2405 3608 enim

745 3646 1175 3715 investigantes
1193 3644 1573 3699 metallorum
1604 3648 1659 3699 et
1684 3643 1948 3715 lapidum
1980 3642 2404 3715 proprietatem

747 3732 1303 3789 commodissimam
1317 3733 1472 3787 hanc
1485 3730 1953 3803 deprehundunt
1971 3747 2108 3803 quae
2127 3731 2407 3802 opposita

748 3827 839 3879 est
866 3838 1307 3894 nonnunquam
1337 3820 2020 3892 frigori,nonnunquam
2037 3820 2217 3875 etiam
2241 3819 2404 3874 illam

745 3928 879 3985 quae
906 3911 1410 3978 calori,interdum
1430 3926 1673 3983 quoque
1711 3910 1920 3965 eodem
1953 3908 2135 3964 modo
2154 3926 2285 3981 quae
2310 3909 2404 3963 tri-

745 4018 857 4073 gus
887 4007 990 4057 aut
1019 4001 1280 4057 calorem
1306 4000 1779 4071 adjuvat.Quare
1813 3999 1901 4054 vis
1920 3998 2022 4055 illa
2041 4014 2177 4072 quae
2197 3998 2275 4053 ab
2293 3998 2404 4053 ele-

743 4092 962 4147 mentis
991 4089 1384 4163 proﬁciscitur
1400 4105 1524 4145 non
1552 4089 1612 4143 in
1640 4089 1732 4143 his
1753 4090 2037 4144 omnibus
2058 4089 2403 4143 inanimatis

743 4181 1143 4237 communiter
1153 4178 1439 4245 inest,sed
1453 4185 1634 4251 prout
1646 4184 1861 4234 natura
1873 4183 2225 4250 comparata
2242 4184 2398 4234 sunt.

742 4270 878 4326 Haec
908 4286 1050 4326 vero
1067 4269 1359 4325 dissoluta
1374 4270 1433 4323 in
1454 4268 1741 4340 priora,in
1757 4267 1871 4323 illis
1896 4268 2403 4339 ostenduntquod

738 4359 982 4415 misceri
1011 4359 1224 4432 potuit.
1260 4360 1467 4413 Utrum
1488 4357 1649 4412 enim
1674 4357 1829 4426 ignis
1851 4364 1939 4412 est
1956 4357 2017 4411 in
2038 4372 2153 4412 aere
2175 4356 2202 4411 ‘I
2236 4363 2400 4413 Atta-

737 4464 880 4504 men
900 4464 1039 4503 cum
1079 4447 1289 4503 crebro
1304 4446 1565 4517 injicitur
1590 4462 1671 4500 res
1692 4446 1754 4500 in
1778 4445 2398 4517 fornacem,paulatim

738 4536 946 4593 multis
977 4535 1263 4593 ramentis
1296 4535 1470 4607 quasi
1500 4534 1557 4589 in
1597 4533 1825 4589 cineres
1864 4534 2246 4605 convertitur,
2280 4534 2399 4589 dis-

2521 3389 2663 3444 ergo
2685 3374 2981 3429 elementa
3000 3375 3152 3429 inter
3179 3390 3243 3429 se
3267 3373 3559 3429 duntaxat
3584 3373 4185 3445 copulantur,verum

2518 3464 2698 3519 etiam
2720 3465 2779 3518 in
2802 3464 3106 3529 animatis,
3145 3468 3209 3518 ut
3238 3463 3602 3534 experientia
3639 3464 3876 3535 probat.
3907 3465 4007 3520 Est
4037 3479 4184 3534 ergo

2518 3552 2575 3607 in
2609 3552 2956 3608 inanimatis
2989 3552 3169 3607 etiam
3198 3550 3449 3606 metallis
3482 3556 3538 3606 et
3557 3551 3861 3623 lapidibus
3879 3558 4181 3625 tempera-

2517 3642 2597 3697 tio
2630 3647 2807 3713 atque
2841 3640 3193 3713 proprietas.
3218 3640 3502 3697 Ubienim
3528 3643 3870 3712 temperatio
3892 3641 3973 3697 ibi
3994 3644 4178 3699 etiam

2516 3731 3077 3803 proprietas.Neque
3095 3729 3251 3784 enim
3270 3730 3575 3801 quaeinter
3591 3746 3652 3784 se
3666 3736 3997 3803 temperata
4014 3739 4177 3795 sunt,

2516 3818 2836 3890 temperari
2861 3818 3337 3890 potuissent,nisi
3356 3818 3701 3889 impellente
3721 3820 4086 3891 proprietate
4115 3822 4181 3876 in

2518 3925 2703 3964 unum
2739 3907 3180 3963 conﬂuxissent.

2588 4002 2638 4051 6.
2683 4003 2874 4069 Atque
2903 3997 3030 4051 haec
3057 3996 3304 4069 quidem
3349 3996 3419 4051 de
3459 3997 3714 4052 metallis
3747 4002 3804 4053 et
3832 3998 4171 4071 lapidibus.

2518 4088 2595 4141 De
2638 4086 2748 4141 illis
2802 4102 2942 4141 vero
2994 4103 3130 4157 quae
3178 4086 3395 4158 partim
3434 4087 3702 4142 animata
3747 4094 3903 4153 sunt,
3953 4092 4182 4161 partim

2514 4176 2865 4239 inanimata,
2902 4176 3019 4231 alia
3041 4175 3298 4231 dicenda
3348 4182 3508 4231 sunt.
3556 4180 3602 4229 A
3625 4176 3871 4248 plantis,
3898 4178 4182 4251 inquam,

2513 4281 2650 4337 quae
2681 4268 2899 4338 partim
2926 4267 3207 4322 animata
3236 4271 3373 4320 sunt
3401 4266 3618 4336 partim
3640 4266 4009 4337 inanimatae,
4054 4287 4183 4326 non

2513 4360 2601 4409 est
2623 4354 2817 4411 aliena
2842 4355 3276 4410 elementorum
3304 4356 3673 4411 communio.
3690 4357 3787 4412 His
3808 4357 3967 4412 enim
3996 4360 4185 4416 simul

2510 4444 2663 4500 inest
2680 4444 2765 4499 vis
2795 4450 2852 4499 et
2872 4444 3122 4501 facultas
3144 4445 4184 4514 attrahendi,augescendi,commu-

2512 4534 2701 4602 tandi,
2730 4534 3023 4590 retinendi
3052 4540 3109 4590 et
3138 4534 3574 4600 secernendi,in
3596 4536 3925 4609 primisque
3944 4539 4031 4593 vis
4052 4556 4183 4595 me-

739 4626 893 4683 solvi
922 4626 1185 4695 contigit.
1214 4626 1505 4681 Praaterea
1542 4624 1602 4679 in
1629 4631 1785 4679 terra
1810 4624 2012 4693 ignem
2044 4639 2172 4678 esse
2204 4623 2399 4679 dicere
2426 4642 2474 4698 ι)
2512 4623 2716 4689 dendi,
2739 4639 2844 4696 per
2872 4640 3053 4695 quam
3083 4624 3262 4679 etiam
3286 4623 3429 4679 talia
3456 4625 3545 4679 his
3566 4624 3793 4683 insunt.
3817 4629 4032 4683 Carent
4065 4646 4177 4685 au-

734 4716 928 4790 possit
952 4715 1346 4788 aliquis.Nam
1368 4730 1441 4769 ex
1463 4729 1612 4769 saxo
1637 4713 1803 4786 quod
1832 4713 2106 4786 proxime
2134 4712 2211 4767 ad
2231 4718 2398 4769 terrae

732 4811 1017 4863 naturam
1051 4804 1300 4871 accedit,
1325 4803 1525 4859 attritu
1573 4803 1729 4872 ignis
1772 4803 2147 4875 exprimitur.
2173 4803 2227 4859 Si
2257 4818 2398 4859 vero

735 4912 954 4953 saxum
986 4894 1152 4968 quod
1174 4893 1438 4949 maxime
1466 4892 1544 4948 ad
1566 4896 1739 4948 terrae
1758 4900 2039 4947 naturam
2066 4892 2295 4948 accedit
2316 4898 2397 4948 at-

732 5001 850 5059 que
883 4985 1061 5041 etiam
1092 5001 1174 5038 aes
1204 4983 1265 5038 in
1298 4987 1517 5038 terram
1547 4981 1913 5045 dissolvitur,
1946 4986 2033 5036 est
2062 4998 2204 5037 vero
2240 4982 2395 5051 ignis

731 5092 975 5149 quoque
1028 5076 1088 5130 in
1143 5080 1315 5143 terra,
1379 5089 1522 5128 sane
1580 5088 1653 5127 ex
1711 5072 2227 5127 demonstratione
2267 5072 2395 5127 saxi

731 5166 918 5240 (quod
960 5165 1143 5239 habet
1192 5170 1474 5219 naturam
1520 5167 1688 5217 terra:
1732 5161 2000 5233 afﬁnem)
2043 5168 2096 5217 et
2137 5162 2392 5218 aliorum

728 5255 1109 5313 metallorum
1160 5252 1545 5321 intelligimus
1590 5269 1671 5307 aes
1728 5253 1786 5305 in
1836 5252 2061 5321 ignem,
2092 5258 2309 5307 terram
2336 5258 2392 5307 et

727 5346 1001 5417 ejusdem
1030 5343 1264 5413 generis
1289 5341 1407 5397 alia
1423 5339 1807 5397 dissolvi.Sed
1827 5346 2032 5411 posset
2047 5341 2182 5412 quis
2205 5340 2392 5397 multa

724 5436 923 5492 dicere
954 5435 1014 5489 in
1042 5434 1199 5489 hanc
1223 5432 1577 5487 sententiam
1600 5430 1675 5486 de
1712 5430 1990 5485 mistione
2015 5430 2390 5501 temperatio-

722 5541 870 5582 num
895 5540 1031 5597 quae
1061 5521 1374 5593 multiplex
1405 5525 1494 5575 est
1524 5526 1580 5576 et
1604 5521 1764 5575 varie
1800 5525 2198 5590 coagmentat.
2236 5523 2387 5576 Nam

724 5616 773 5672 si
801 5616 959 5686 ignis
990 5618 1077 5670 est
1123 5614 1183 5668 in
1230 5613 1390 5667 saxis
1427 5615 1484 5667 et
1529 5610 1590 5665 in
1632 5617 1805 5677 terra,
1836 5615 1925 5666 est
1953 5610 2220 5666 etiamin
2247 5627 2383 5667 aere.

719 5709 862 5763 Nam
895 5720 969 5760 ex
998 5710 1152 5760 terra
1182 5705 1528 5758 concretum
1558 5703 1647 5756 est
1674 5716 1775 5755 ais.
1798 5700 1994 5765 Quare
2020 5716 2160 5756 cum
2176 5700 2385 5757 dissol-

717 5795 879 5853 vitur
905 5795 969 5851 in
1009 5799 1253 5861 terram,
1298 5791 1360 5846 in
1401 5794 1661 5861 cognata
1700 5789 1813 5845 sibi
1855 5788 2383 5847 dissolvitur.Haac

2510 4718 2629 4768 tem
2660 4713 2718 4767 vi
2759 4718 2815 4768 et
2857 4712 3138 4769 facultate
3172 4713 3486 4769 sentiendi.
3536 4715 3753 4770 Verum
3795 4715 3910 4771 hoc
3941 4721 4176 4792 perspi-

2510 4819 2689 4857 cuum
2721 4808 2807 4858 est
2837 4807 2893 4858 et
2921 4805 3072 4858 inter
3091 4818 3301 4858 omnes
3323 4807 3577 4859 constat.
3607 4806 3787 4860 Porro
3814 4809 4176 4878 temperatio

2506 4908 2750 4964 quoque
2776 4892 2867 4948 his
2888 4892 3063 4948 inest.
3105 4895 3253 4948 Nam
3307 4892 3355 4947 si
3411 4908 3532 4948 non
3585 4894 3848 4951 inestita
3868 4899 3933 4951 ut
3961 4900 4177 4956 omnia

2505 4983 2623 5037 sint
2655 4998 2775 5038 una
2805 4981 3138 5054 eademque
3162 4982 3355 5037 forma
3381 4981 3814 5054 praedita,certe
3843 5001 4174 5043 succorum

2502 5071 2843 5128 diversitate
2891 5072 3117 5127 fructus
3155 5071 3500 5143 plantarum
3544 5088 3668 5127 non
3700 5073 4175 5143 distinguantur.

2505 5165 2651 5217 Nam
2680 5162 2841 5217 succi
2877 5162 2953 5216 illi
2978 5162 3249 5217 oriuntur
3283 5177 3352 5216 ex
3386 5161 3698 5217 fructibus.
3732 5164 3905 5229 Quod
3940 5167 3987 5220 si
4011 5173 4174 5223 tem-

2503 5253 2730 5325 peratio
2755 5254 2813 5308 in
2841 5268 3054 5308 omnes
3103 5258 3300 5324 partes
3362 5267 3485 5307 non
3512 5252 3967 5323 diffunderetur,
4000 5273 4177 5313 com-

2500 5344 2669 5397 muni
2694 5342 2960 5415 quadam
3016 5342 3243 5397 ratione
3298 5340 3535 5413 plantas
3580 5349 3843 5398 sererent
3888 5344 4177 5405 homines

2500 5432 2880 5505 colerentque
2912 5448 2981 5488 ac
3020 5431 3373 5487 earumdem
3418 5431 3647 5487 fructus
3680 5440 3988 5492 meterent.
4026 5439 4175 5503 Quis

2497 5538 2639 5577 vero
2669 5522 2821 5578 alius
2845 5522 3059 5577 dixerit
3083 5520 3301 5593 plantis
3326 5522 3476 5593 ipsis
3496 5537 3617 5577 non
3647 5522 3844 5579 inesse
3867 5530 4171 5598 tempera-

2495 5613 3149 5685 tionem,pra3terquam
3178 5610 3273 5667 ille
3297 5611 3403 5684 qui
3430 5614 3736 5668 communi
3766 5615 4040 5687 quadam
4070 5634 4173 5675 ra-

2493 5702 2655 5759 tione
2680 5700 2903 5775 ubique
2922 5700 3163 5774 plantas
3179 5701 3293 5757 seri
3307 5700 3541 5774 colique
3560 5701 3945 5770 asseri,?Hoc
3956 5713 4171 5766 autem

2497 5806 2685 5847 unum
2714 5794 2896 5847 estex
2922 5788 3038 5846 illis
3074 5806 3213 5864 qua
3250 5788 3379 5847 ﬁeri
3425 5796 3753 5865 nequeunt.
3782 5793 3937 5851 Talis
3976 5800 4167 5860 etiam
