4444 6452
282 396 419 451 1293

279 525 591 591 τουργοῡντο
655 520 745 567 καὶ
806 513 1105 588 ἕκάρπευον,

281 612 361 660 ὅτι
397 610 586 679 κρᾶσίς
640 603 778 657 ἔστιν
842 603 1037 668 αὐτοῖς,
1076 604 1118 653 εἰ
1183 607 1254 673 μὴ
1298 603 1323 653 ὁ
1362 612 1542 661 κοινῶς
1618 609 1935 675 φυτουργεῖ-

285 699 409 748 σθαι
467 702 635 746 ταῦτα
687 693 845 764 λέγων
895 696 1200 762 πανταχόσε
1239 696 1326 742 xui
1369 694 1675 765 σπείρεσθαι
1718 710 1730 757 ;
1771 697 1934 742 Τουτο

286 782 345 837 δὲ
411 793 511 837 τῶν
574 780 842 834 ἀδυνάτων
910 780 1070 834 ἐστίν.
1144 780 1367 833 Ἀθετεῖν
1430 777 1489 832 δε
1554 786 1642 832 καὶ
1699 784 1791 839 τὴν
1839 788 1934 831 τῶν

288 870 694 933 Ἀσκληπιάδων
754 877 945 944 τέχνην
1014 874 1039 922 ό
1110 880 1344 930 τοιοῦτος
1409 872 1661 943 ὁρίζεται.
1725 872 1785 928 ἣν
1846 876 1935 923 καὶ

288 967 568 1039 φαρμάκων
633 967 917 1019 συνίστησι
982 961 1178 1020 πλῆθος
1239 963 1292 1011 ἔκ
1359 980 1410 1011 τε
1481 968 1577 1011 τῶν
1654 963 1932 1031 φυομένων,

288 1057 343 1107 ἔκ
403 1074 457 1107 τε
511 1052 790 1125 μετάλλων,
846 1054 900 1103 ἔκ
964 1070 1015 1103 τε
1075 1060 1172 1102 τῶν
1241 1055 1667 1121 πγκιρνώμένων
1734 1052 1935 1102 πολυει-

1753 1136 1939 1192 ἀποδεὶ

292 1235 433 1298 ξεως.
491 1240 670 1287 Ταῦτα
719 1234 820 1305 γὰρ
870 1231 1041 1283 πάντα
1096 1234 1327 1305 κράσεων
1389 1227 1645 1303 διαφορὰς
1701 1233 1935 1301 ἔχουσιν·

292 1142 396 1197 δῶν
469 1164 523 1196 τε
595 1148 684 1194 καὶ
745 1141 1143 1194 πολυκευάστων
1209 1138 1300 1193 διὰ
1368 1149 1454 1199 τῆς
1530 1140 1687 1200 αὐτῆς

292 1327 425 1375 οὕτω
490 1325 589 1395 γὰρ
656 1328 746 1374 καὶ
815 1323 864 1372 οἱ
928 1326 1131 1381 παίονες
1213 1320 1405 1391 ἑκάστη
1484 1325 1617 1389 νόσῳ
1677 1324 1733 1370 τό
1816 1322 1943 1391 πρὸς

295 1411 598 1464 ἀντίστασιν
700 1412 889 1462 τούτων
988 1409 1061 1470 εἰς
1184 1408 1443 1480 ἀναίρεσιν
1553 1410 1739 1467 ταύτης
1855 1406 1942 1459 έπ-

295 1504 507 1572 άγουσι,
548 1504 637 1551 καὶ
701 1500 758 1551 οὐ
825 1505 993 1551 πᾶσαι
1055 1501 1119 1549 τὰ
1181 1500 1347 1549 πάντα
1407 1503 1574 1549 καίτοι
1639 1500 1761 1549 ὄντα
1826 1493 1945 1548 διά-

297 1608 451 1663 φορα.
493 1588 829 1650 Ἐξετάζουσι
887 1584 944 1639 δὲ
1001 1591 1090 1638 καὶ
1152 1589 1285 1637 οἶνον
1336 1589 1466 1659 πρὸς
1522 1592 1653 1637 οἶνον
1693 1588 1947 1657 καὶπρὸς

296 1678 463 1730 ἐλαιον
529 1677 719 1745 ἔλαιον,
780 1679 870 1728 xui
930 1678 1056 1749 πρὸς
1120 1678 1321 1746 ὅπὼραν
1361 1674 1588 1747 ὀπώραν,
1630 1678 1719 1725 καὶ
1754 1676 1950 1745 καρπόν

296 1770 426 1840 πρὸς
478 1769 698 1839 καρπὸν,
755 1769 845 1816 καὶ
905 1762 1235 1825 ἐξετάσαντες
1289 1761 1435 1823 αὖθις
1491 1765 1825 1834 προσάγουσι
1892 1766 1949 1813 τό

1160 384 1514 445 THEODORI
1558 388 1601 439 ll
1644 386 1773 441 IMP.
1819 387 1907 440 DE
1945 384 2400 441 COMMUNIONE
2442 386 2811 443 NATURALI.

3555 391 3692 445 1294

1189 532 1263 573 τις
1322 510 1371 564 δ’
1434 512 1583 573 ἄλλος
1644 516 1759 584 εἶπη
1830 512 2009 583 οὖχΑ
2044 513 2291 584 φντοῐς.ἡ
2332 514 2431 584 γὰρ
2476 507 2671 571 ἰδιότης
2719 517 2933 583 μίγνυσι
2982 522 3041 585 τῇ
3110 516 3293 588 κράσει
3350 521 3538 585 κρᾶσιν
3605 519 3693 565 καὶ

2045 602 2269 673 χωρίζει
2329 606 2513 670 κρᾶσιν
2564 599 2617 651 ἐκ
2670 604 2923 671 κράσεως,
2988 604 3035 654 οἰ
3090 606 3187 677 γὰρ
3256 608 3462 677 κράσεις
3514 604 3562 654 ἐν

2046 693 2217 760 φύσει,
2283 694 2371 740 καὶ
2432 691 2507 739 ὅτι
2576 689 2629 750 ἐξ
2689 693 2881 751 ἐκείνης
2939 712 3244 744 κοινωνονσι
3305 696 3441 744 καθα
3506 699 3592 743 xui
3632 695 3697 742 τὰ

2048 785 2288 848 στοιχεῖα
2318 795 2328 805 ·
2372 780 2399 835 ἡ
2447 774 2647 838 ἰδιότης
2688 776 2746 831 δὲ
2786 784 2877 837 τὴν
2932 781 3099 832 αὐτῶν
3140 801 3205 840 εις
3279 785 3533 853 μερισμὸν
3576 779 3697 832 δια-

2048 866 2239 918 στέλλει
2299 872 2597 923 κοινότητα.
2666 868 2823 925 πολλὴ
2884 873 2984 942 γαρ
3042 872 3069 926 ὴ
3140 867 3341 931 ἰδιότης
3404 876 3492 921 καὶ
3534 867 3695 921 δυνα-

2046 958 2312 1026 μικωτάτη
2374 960 2462 1006 xui
2525 958 2813 1027 Θαυμασία,
2881 963 2969 1008 xui
3024 958 3081 1009 οὐ
3145 965 3295 1029 μόνον
3363 963 3477 1017 τοὺς
3531 958 3702 1019 λίθους

2048 1043 2100 1094 ἐκ
2157 1052 2254 1094 τῶν
2322 1043 2602 1115 μετάλλων,
2682 1050 2769 1096 καὶ
2836 1045 2887 1096 ἐκ
2954 1056 3051 1097 τῶν
3120 1047 3299 1120 ἐτέρων
3378 1050 3530 1119 φυτὰ,
3611 1054 3699 1099 καὶ

2049 1130 2103 1181 ἐκ
2170 1140 2337 1201 φυτων
2406 1135 2470 1183 τὰ
2528 1133 2769 1204 ζωόφυτα
2809 1130 3118 1199 διαστέλλει,
3186 1132 3277 1187 διά
3316 1155 3367 1187 τε
3427 1141 3517 1193 τὴν
3581 1143 3704 1208 κρᾶ-

2052 1240 2133 1272 σιν
2173 1226 2266 1278 τὴν
2307 1220 2353 1271 ἐν
2415 1230 2486 1290 τῷ
2526 1226 2659 1291 ’γένει
2720 1222 2828 1284 ἑνός
2891 1222 3112 1276 ἑκάστου
3177 1224 3331 1294 οὗπερ
3402 1222 3540 1286 εἶδος
3597 1224 3706 1276 ἐστι

2051 1315 2139 1360 καὶ
2179 1314 2271 1367 τὴν
2312 1310 2484 1369 αὐτοῖς
2546 1319 2803 1362 συνοῦσαν
2871 1312 3029 1383 ἰσχὺν
3071 1314 3140 1374 εἰς
3171 1318 3227 1364 τὸ
3294 1310 3536 1387 διαιρεῖν,
3579 1314 3706 1365 ἀλλὰ

2054 1403 2142 1449 xui
2184 1401 2275 1457 ἕως
2314 1407 2403 1449 τοῦ
2458 1398 2703 1470 ἐμψύχου
2754 1397 2927 1458 διήκει
2983 1403 3117 1461 ζωόν
3171 1402 3261 1453 καί
3317 1402 3548 1472 λογικοῦ.
3611 1409 3710 1455 Καὶ

2057 1488 2135 1539 ὃτι
2201 1492 2290 1559 μὲν
2366 1488 2452 1538 οὖν
2508 1494 2592 1539 καί

2665 1498 2815 1540 τουτο
2916 1493 3101 1542 καθότι
3170 1492 3298 1550 ζωόν

2062 1573 2434 1628 συνιδιουσθαι
2513 1580 2578 1629 τὰ
2638 1590 2735 1629 των
2800 1580 2962 1631 ἄλλων

3402 1500 3716 1565 παραχωρεῖ

3059 1577 3347 1652 ίδιωματα,

2058 1664 2260 1735 λογικὸν
2285 1660 2343 1716 δε
2372 1670 2544 1717 καίτοι
2595 1667 2647 1717 ὅν
2695 1676 2868 1733 τουτο,
2906 1668 2964 1719 οὐ
3026 1674 3200 1719 καινόν
3235 1686 3246 1697 ·

3427 1579 3712 1652 πρόδηλον,

3281 1672 3337 1720 τό
3372 1665 3431 1720 δὲ
3471 1675 3559 1721 xui
3590 1670 3716 1721 αὐτὸ

2062 1759 2133 1815 εὶς
2190 1753 2315 1805 αὐτὸ
2380 1750 2473 1805 δια
2535 1757 2726 1814 ταύτης
2784 1752 3109 1827 διαιρεῖσθαι
3167 1762 3254 1809 xui
3328 1758 3571 1810 ἐνονσοαι
3606 1778 3721 1809 και-

296 1854 634 1924 κατάλλὴλόν,
694 1858 784 1906 xui
841 1856 899 1905 τὸ
956 1851 1253 1927 ἀπροσφυίς
1316 1851 1644 1904 ἀποσείονται
1701 1860 1762 1923 τῇ
1831 1855 1952 1910 τίως
1990 1846 2165 1933 Βνόν,
2199 1843 2319 1915 ὅπερ
2362 1842 2492 1900 αὑτὴ
2562 1840 2759 1903 ἰδιότης
2826 1844 3116 1916 ἐργάζεται.
3168 1848 3244 1897 Τά
3278 1848 3377 1918 γὰρ
3421 1856 3518 1898 τὼν
3574 1866 3721 1899 στοι-

297 1949 454 2015 νόσῳ,
519 1946 645 2018 πρὸς
719 1942 876 2000 ἀλλην
941 1961 1093 1994 νοσον
1161 1941 1514 2013 ἀφοσιοῦντες.
1566 1942 1626 1995 Εἰ
1691 1946 1761 2013 μὴ
1828 1948 1953 2011 γοῦν

298 2039 489 2106 κρᾶσις
542 2029 602 2091 ἦν
660 2031 708 2083 ἐν
765 2032 959 2093 αὐτοῖς,
1015 2031 1108 2082 οὐκ
1147 2033 1208 2083 ἄν
1246 2032 1457 2103 ὑπῆρχε
1494 2034 1585 2083 xui
1645 2026 1871 2097 ἰδιότης,
1913 2032 1955 2082 εἱ

303 2118 361 2175 δε
426 2126 498 2194 μὴ
568 2118 788 2187 ἰδιότης,
858 2120 953 2172 οὐκ
1018 2121 1080 2172 οἷν
1150 2119 1514 2172 συνεϐάλλοντο
1579 2128 1682 2179 πῶς
1743 2122 1830 2190 μὲν
1891 2118 1956 2179 εἲς

301 2231 437 2275 τινα,
474 2208 651 2263 διόλου
681 2208 741 2263 δέ
786 2229 845 2281 γε
894 2210 959 2270 εἰς
1024 2210 1176 2277 ἄλλα,
1228 2215 1318 2262 xui
1365 2210 1456 2261 οὔκ
1505 2206 1649 2281 εἶχον
1681 2217 1957 2282 πορσφυώς

302 2310 408 2362 πῶς
474 2320 565 2373 μεν
603 2319 763 2365 τισιν,
829 2298 999 2358 οἰλλοις
1036 2318 1089 2350 τε
1128 2298 1335 2360 τελέως·
1405 2305 1558 2350 τοῦτο
1622 2294 1681 2349 δέ
1744 2297 1955 2365 ἄτοπον,

304 2394 346 2442 εί
411 2395 501 2442 xui
563 2410 642 2451 τις
705 2393 825 2463 περὶ
888 2390 1073 2441 τούτου
1153 2386 1431 2450 ἀνθέξεται.
1510 2388 1604 2439 Διὰ
1685 2394 1845 2438 ταυτα
1910 2392 1958 2439 οί

306 2478 475 2555 ἰατροὶ
534 2482 600 2531 τα
638 2478 931 2537 κατάλληλα
995 2480 1337 2551 πράττουσιν.
1407 2476 1543 2529 Ἀλλ’
1597 2480 1711 2529 ἔστι
1776 2484 1960 2551 κρᾶσις

303 2573 393 2622 xui
463 2566 671 2632 ἰδιότης
735 2572 783 2622 ἓν
850 2588 905 2621 τε
970 2568 1155 2634 λίθοις,
1229 2570 1277 2621 ἓν
1340 2588 1392 2620 τε
1447 2567 1735 2639 μετάλλοις,
1794 2569 1842 2620 ἓν
1908 2585 1961 2618 τε

304 2745 958 2804 constituitconvellere
970 2745 1454 2816 Asclepiadarum
1469 2751 1651 2803 artem
1665 2762 1800 2817 quae
1814 2760 1967 2800 com-

305 2838 475 2908 ponit
514 2837 983 2909 pharmacorum
1037 2835 1477 2891 multitudinem
1526 2852 1597 2891 ex
1627 2834 1867 2908 plantis,
1895 2849 1966 2889 ex

308 2924 552 2981 metallis
570 2930 708 2980 etex
722 2923 1183 2979 multiformibus
1197 2924 1356 2979 multi
1364 2922 1630 2996 pliciterq
1640 2940 1711 2979 ue
1728 2938 1969 2995 compa-

308 3014 448 3070 ratis
461 3012 995 3085 temperationibus
1007 3014 1160 3068 inter
1174 3029 1237 3069 se
1254 3013 1551 3084 permistis
1568 3028 1673 3085 per
1687 3012 1965 3067 eamdem

307 3102 871 3159 demonstrationem
882 3104 1037 3158 .Hmc
1049 3102 1207 3157 enim
1223 3103 1430 3157 omnia
1444 3100 1967 3174 temperationibus

308 3191 608 3247 differunt.
625 3198 772 3247 Nam
790 3196 845 3246 et
871 3191 984 3246 hoc
1002 3192 1185 3247 modo
1218 3191 1431 3246 medici
1449 3191 1616 3263 quod
1642 3191 1965 3262 unicuique

2064 1937 2223 2004 χείων
2263 1936 2392 2005 μετά
2431 1938 2523 1991 τὴν
2563 1934 2718 2005 φῦσιν
2760 1936 2889 1985 εἰσίν
2932 1937 3061 1986 εἰσὶν
3105 1931 3387 2006 ἰδιώματα,
3422 1939 3485 1988 τά
3525 1933 3583 1988 δὲ
3623 1946 3722 1987 των

2065 2024 2296 2094 κράσεων
2327 2021 2493 2074 καὶέν
2544 2031 2651 2083 τοῖς
2703 2028 2989 2095 στοιχείοις
3057 2029 3144 2076 καὶ
3206 2028 3333 2097 μετὰ
3404 2033 3503 2076 τῶν
3573 2046 3723 2077 στοι-

2065 2110 2337 2183 χείων,τά
2393 2108 2450 2163 δὲ
2506 2120 2602 2162 τῶν
2654 2122 2842 2184 χυμῶν
2900 2116 3028 2183 μετά
3076 2122 3173 2165 τῶν
3222 2115 3453 2188 κράσεων
3503 2120 3591 2167 xui
3631 2118 3724 2175 ἕως

2066 2208 2165 2250 τῶν
2200 2204 2363 2265 ζώων.
2424 2202 2451 2257 ἡ
2522 2196 2725 2261 ἰδιότης
2781 2199 2839 2253 δέ
2887 2221 2945 2273 γε
3007 2210 3302 2274 πανταχοῦ’
3350 2200 3574 2265 ,ἰδιότης
3620 2202 3721 2277 γὰρ

2067 2292 2281 2341 κατὰτὸ
2338 2289 2527 2361 μᾶλλον
2587 2294 2867 2362 ἡνωσεγῆν
2931 2297 3017 2343 καὶ
3081 2289 3247 2367 ὕδωρ,
3290 2301 3391 2366 πυρ
3450 2299 3539 2344 xui
3575 2293 3722 2365 ἀέρα,

2068 2375 2211 2451 ὕδωρ
2270 2397 2325 2429 τε
2384 2384 2472 2430 xui
2520 2378 2645 2453 ἀέρα
2718 2380 2747 2436 ἡ
2814 2388 2912 2450 γῆν
2979 2386 3067 2431 xui
3128 2380 3272 2453 ἀέρα,
3344 2389 3445 2452 πῦρ
3512 2401 3564 2433 τε
3639 2387 3729 2433 xui

2069 2464 2236 2539 ὕδωρ,
2278 2469 2406 2541 άπερ
2447 2468 2540 2520 ὅλα
2604 2465 2676 2519 δι’
2718 2470 2843 2520 ὁλων
2909 2469 3158 2535 ἐνουνται,
3216 2471 3273 2521 οὐ
3333 2474 3466 2531 τινος
3509 2468 3601 2522 διὰ
3632 2472 3729 2543 μὲ-

2072 2577 2159 2613 σον
2190 2555 2299 2607 ἀλλ’
2342 2557 2473 2609 αὐτὰ
2512 2554 2586 2609 δι’
2627 2559 2795 2610 αὑτων
2850 2560 2970 2611 καθ’
3036 2561 3186 2621 αὐτὰ,
3265 2562 3399 2611 κατὰ
3435 2564 3491 2612 τό
3537 2560 3733 2632 μᾶλλόν

2076 2742 2185 2803 est,
2201 2742 2260 2792 et
2270 2752 2376 2809 per
2394 2737 2511 2792 vim
2532 2736 2841 2809 illam'quaa
2855 2738 3095 2796 valetad
3112 2739 3497 2795 dividendum
3511 2758 3522 2807 ;
3536 2756 3739 2795 verum

2075 2829 2255 2885 etiam
2288 2826 2421 2881 ideo
2447 2828 2772 2898 magnavis
2795 2829 3172 2900 proprietatis
3198 2830 3360 2901 quod
3393 2830 3469 2885 ad
3508 2830 3740 2886 anima-

2076 2923 2202 2974 tum
2246 2922 2423 2972 etiam
2452 2920 2508 2971 et
2528 2916 2775 2972 rationis
2806 2918 3103 2989 particeps
3163 2917 3388 2974 animal
3422 2918 3736 2990 pertineat.

2075 3011 2154 3061 Ac
2173 3004 2323 3061 illud
2348 3004 2594 3077 quidem
2616 3005 3001 3061 manifestum
3039 3012 3126 3061 est
3175 3023 3281 3080 per
3313 3009 3739 3080 proprietatem

2074 3095 2227 3151 efﬁci
2262 3100 2323 3150 ut
2344 3094 2597 3149 aliorum
2612 3096 3002 3167 proprietates
3033 3096 3410 3168 copulentur,
3436 3113 3559 3153 non
3588 3100 3736 3169 quia

2074 3185 2189 3239 sint
2215 3184 2517 3245 animalia.
2546 3200 2804 3256 cumque
2836 3200 2957 3239 non
2986 3186 3110 3240 sine
3133 3187 3361 3241 ratione
3415 3187 3573 3241 istud
3606 3188 3733 3257 tiat,

308 3280 524 3337 morbo
553 3280 787 3336 obsistit
803 3295 875 3335 ex
902 3280 1015 3335 illis
1036 3280 1319 3336 selectum
1338 3280 1628 3335 adhibent
1648 3284 1711 3335 ut
1730 3278 1968 3334 tollatur
2001 3278 2040 3331 C
2073 3289 2297 3329 novum
2316 3273 2637 3328 viderinon
2662 3279 2877 3344 potest.
2896 3275 3329 3347 Verumipsum
3358 3276 3417 3331 in
3451 3292 3511 3331 se
3545 3276 3734 3331 dividi

308 3368 581 3425 morbus.
617 3372 745 3425 Non
787 3368 1025 3424 cuilibet
1074 3368 1289 3424 morbo
1325 3368 1609 3441 quaelibet
1653 3367 1961 3434 adhibent,

309 3458 579 3531 quamvis
600 3458 1029 3530 temperatione
1046 3456 1340 3513 differenti
1369 3458 1488 3513 sint
1515 3458 1785 3529 prmdita.
1816 3460 1964 3511 Nam

308 3563 432 3620 qua
448 3564 509 3603 re
531 3547 767 3603 differat
778 3548 873 3602 vin
883 3564 975 3601 um
989 3564 1025 3603 a
1038 3546 1397 3611 vino,oleum
1410 3546 1488 3602 ab
1506 3546 1918 3618 oleo,pomum
1933 3562 1967 3600 a

310 3653 507 3709 pomo,
530 3636 758 3693 fructus
782 3652 818 3692 a
839 3635 1033 3691 fructu
1050 3636 1361 3705 diligenter
1380 3636 1761 3705 investigant.
1778 3640 1968 3706 Atque

308 3728 389 3782 ita
418 3743 479 3781 re
502 3725 814 3799 diligenter
844 3741 1109 3797 expensa
1157 3724 1359 3780 statim
1398 3725 1761 3780 conveniens
1800 3724 1970 3779 adhi-

310 3815 455 3871 bent
482 3814 837 3881 remedium,
870 3821 926 3869 et
953 3814 1120 3886 quod
1150 3830 1273 3870 non
1301 3819 1393 3869 est
1421 3821 1629 3886 aptum
1660 3817 1971 3869 removent

314 3920 350 3961 a
370 3904 650 3977 praesenti
681 3902 894 3959 morbo
916 3907 972 3958 et
1000 3903 1100 3958 alii
1130 3902 1345 3958 morbo
1398 3902 1703 3958 destinant
1735 3920 1747 3956 :
1777 3904 1969 3967 Quare

315 3995 363 4049 si
394 3992 747 4066 temperatio
761 3992 875 4048 illis
905 4008 1025 4048 non
1047 3994 1289 4059 inesset,
1320 4007 1517 4063 neque
1546 3994 1726 4047 etiam
1753 3993 1972 4047 inesset

314 4084 668 4156 proprietas.
713 4082 884 4147 Quod
926 4083 973 4137 si
1012 4082 1351 4154 proprietas
1390 4082 1647 4150 abesset,
1690 4097 1812 4137 non
1839 4097 1972 4153 pos-

316 4178 447 4229 sent
466 4172 756 4245 prodesse
787 4171 1091 4243 aliquibus
1113 4172 1358 4243 quidem
1402 4171 1811 4244 aliquomodo,
1840 4172 1970 4227 aliis

316 4278 457 4319 vero
475 4262 734 4334 penitus,
750 4277 857 4317 nec
878 4266 1014 4334 apte
1045 4266 1559 4333 congruenterque
1587 4261 1974 4323 convenirent

314 4351 614 4425 aliquibus
643 4350 890 4423 quidem
920 4350 1122 4423 aliquo
1140 4350 1343 4421 modo,
1370 4350 1501 4406 aliis
1526 4366 1667 4405 vero
1692 4350 1969 4422 perfecte.

317 4439 669 4495 Absurdum
686 4454 828 4494 vero
853 4438 1049 4507 fuerit,
1077 4439 1125 4495 si
1141 4440 1275 4511 quis
1292 4439 1656 4511 pertinacius
1684 4440 1799 4494 hac
1820 4438 1893 4493 de
1910 4455 1972 4494 re

318 4528 677 4587 contendere
706 4527 863 4584 velit.
898 4529 1122 4586 Idcirco
1149 4528 1367 4585 medici
1398 4544 1556 4600 saepe
1582 4530 1733 4584 inter
1758 4544 1820 4584 se
1850 4544 1972 4584 cer-

2074 3363 2285 3419 eadem
2318 3364 2374 3417 vi
2402 3363 2781 3428 etuniri,hoc
2796 3362 3040 3419 demum
3064 3381 3290 3420 novum
3322 3371 3429 3431 est,
3460 3366 3627 3437 quod
3653 3371 3735 3422 ta-

2072 3468 2211 3508 men
2239 3452 2453 3508 eadem
2488 3459 2818 3523 proprietas
2845 3452 3021 3509 efﬁcit
3051 3460 3107 3509 et
3134 3460 3391 3526 praestat.
3422 3458 3569 3511 Nam
3600 3473 3737 3528 pro-

2074 3544 2351 3615 prietates
2373 3542 2805 3598 elementorum
2837 3551 2977 3599 sunt
3007 3550 3222 3601 natura
3255 3547 3637 3617 posteriores.
3669 3553 3741 3603 At

2076 3633 2583 3704 temperationum
2611 3634 3001 3704 prOprietates
3023 3640 3078 3689 et
3098 3635 3157 3689 in
3185 3635 3495 3691 elementis
3524 3641 3740 3692 etcum

2075 3721 2383 3777 elementis
2416 3727 2572 3777 sunt.
2612 3724 3002 3794 Proprietates
3064 3740 3203 3779 vero
3248 3725 3576 3780 humorum
3604 3730 3744 3781 sunt

2078 3827 2215 3866 cum
2245 3811 2781 3884 temperationibus
2810 3817 2988 3883 atque
3014 3812 3165 3868 adeo
3183 3829 3321 3868 cum
3347 3814 3736 3869 animalibus.

2078 3901 2409 3972 Proprietas
2423 3901 2682 3973 denique
2693 3907 2781 3956 est
2798 3902 3041 3974 ubique.
3061 3905 3197 3958 Nam
3213 3904 3544 3974 proprietas
3557 3919 3741 3960 secun

2078 3991 2226 4045 dum
2252 3990 2313 4045 id
2335 3990 2498 4062 quod
2518 3995 2609 4046 est
2628 3992 2822 4060 magis
2848 3990 3155 4063 copulabit
3171 3997 3392 4047 terram
3412 4000 3467 4047 ct
3488 4010 3737 4065 aquam,

2079 4080 2281 4149 ignem
2308 4085 2363 4135 et
2389 4095 2611 4149 aerem,
2641 4095 2863 4151 aquam
2880 4088 3320 4153 etaerem,qute
3340 4082 3587 4153 quidem
3617 4087 3739 4137 tota

2082 4186 2217 4225 cum
2248 4170 2381 4225 totis
2406 4169 2762 4241 copulantur
2788 4169 3361 4226 nullointercedente
3384 4172 3603 4237 medio,
3634 4187 3738 4227 seu

2082 4260 2213 4333 ipsa
2236 4276 2442 4315 secum
2462 4275 2569 4331 per
2596 4258 3002 4315 secundumid
3030 4260 3193 4333 quod
3224 4262 3417 4329 magis
3448 4266 3535 4318 est
3554 4268 3609 4317 et
3632 4262 3741 4317 mi-

2082 4365 2216 4405 nus.
2234 4352 2447 4419 Magna
2460 4348 2737 4419 estigitur
2752 4350 3128 4421 proprietatis
3146 4350 3234 4404 vis
3250 4350 3410 4406 etfac
3420 4351 3589 4406 ultas.
3608 4354 3739 4406 Haec

2084 4440 2231 4493 enim
2246 4439 2487 4511 proprio
2504 4438 2675 4493 modo
2688 4454 2791 4510 per
2805 4440 3256 4511 temperationes
3268 4441 3451 4496 univit
3464 4441 3742 4496 elementa

2083 4544 2214 4584 cum
2238 4528 2651 4594 animantibus,
2685 4529 3161 4602 quandoquidem
3203 4533 3655 4602 temperationes
3687 4536 3744 4587 et

316 4624 446 4676 tant
470 4622 527 4673 et
554 4617 787 4674 diverse
828 4618 1097 4674 miscent.
1146 4618 1449 4691 Quidquid
1478 4624 1685 4674 contra
1710 4618 1810 4674 illa
1838 4634 1973 4690 qua:
2006 4642 2049 4695 ι)
2084 4618 2369 4674 elementa
2400 4618 3401 4691 lapidibus,metallis,velleribuset
3425 4620 3743 4692 plantisin-

318 4708 583 4764 diximus
603 4706 905 4776 afferatur,
935 4713 1023 4763 est
1042 4707 1394 4779 temperatio
1420 4712 1599 4779 atque
1639 4706 1973 4779 proprietas

318 4797 381 4853 in
398 4796 725 4871 lapidibus,
755 4796 1009 4851 metallis
1049 4802 1106 4852 et
1145 4797 1383 4868 plantis.
1426 4799 1576 4852 Nam
1599 4797 1974 4867 temperatio-

320 4902 461 4942 nem
490 4902 629 4942 cum
654 4886 1083 4958 temperatione
1114 4886 1323 4941 miscet
1349 4886 1701 4958 proprietas,
1735 4886 1972 4941 eadem-

320 4993 436 5049 que
469 4981 709 5048 separat
730 4976 1225 5047 temperationem
1248 4992 1283 5031 a
1336 4976 1783 5047 temperatione.
1810 4979 1974 5031 Tem-

318 5066 656 5139 perationes
669 5066 821 5120 enim
848 5070 984 5121 sunt
995 5066 1056 5120 in
1069 5071 1283 5121 natura
1299 5082 1311 5120 :
1327 5066 1605 5137 quoniam
1619 5067 1978 5138 participant

318 5155 482 5211 illam
506 5155 1099 5227 communicantque,
1116 5156 1637 5227 quemadmodum
1656 5156 1832 5212 etiam
1866 5156 1979 5213 ele-

319 5249 546 5302 menta.
580 5245 693 5301 Sed
710 5244 1044 5317 proprietas
1060 5245 1559 5301 communitatem
1588 5245 1754 5301 illam
1768 5246 1979 5302 distra-

323 5335 412 5392 hit
434 5335 495 5392 in
508 5341 709 5408 partes
720 5375 733 5388 .
748 5338 960 5405 Magna
971 5337 1130 5392 enim
1144 5341 1234 5392 est
1246 5336 1625 5409 proprietatis
1639 5337 1732 5393 vis
1753 5341 1809 5393 et
1822 5338 1979 5393 miri-

325 5424 463 5495 ﬁca,
490 5440 626 5498 quae
656 5440 781 5482 non
811 5425 1011 5482 solum
1034 5425 1266 5498 lapides
1287 5442 1325 5483 a
1381 5426 1636 5483 metallis
1658 5432 1714 5483 et
1739 5427 1979 5500 plantas

328 5513 407 5572 ab
437 5513 590 5587 aliis,
619 5519 677 5571 et
704 5531 741 5573 a
777 5514 999 5589 plantis
1045 5515 1148 5572 illa
1198 5531 1335 5589 qua:
1392 5517 1581 5573 Graeci
1618 5516 1857 5590 ξωόφυτα
1882 5534 1983 5589 ap-

324 5604 570 5678 pellant,
624 5610 866 5679 separat
913 5621 1021 5679 per
1068 5606 1563 5679 temperationem
1604 5623 1744 5681 quae
1806 5607 1984 5663 estin

326 5694 802 5770 uinusoujusque
828 5696 917 5769 rei
942 5711 1180 5769 genere,
1207 5697 1383 5769 cujus
1436 5697 1727 5755 nimirum
1756 5697 1985 5771 species

2086 4711 2399 4764 sunt.Nam
2412 4708 2614 4764 ubiest
2628 4709 2969 4780 temperatio
2982 4709 3063 4764 ibi
3078 4710 3257 4765 etiam
3274 4715 3411 4766 sunt
3426 4711 3743 4778 elementa,

2084 4798 2363 4870 quoniam
2381 4797 2575 4869 inquo
2588 4797 2943 4853 elementain
2957 4814 3025 4853 eo
3040 4799 3210 4854 etiam
3224 4804 3363 4854 sunt
3380 4800 3745 4871 temperatio—

2086 4902 2209 4942 nes.
2234 4890 2429 4957 Porro,
2451 4888 2531 4942 uti
2550 4887 2831 4953 diximus,
2855 4888 3077 4960 duplex
3096 4894 3182 4943 est
3210 4892 3591 4960 temperatio;
3622 4906 3745 4946 una

2088 4976 2393 5032 elementis
2412 4977 2583 5047 inest,
2606 4978 2731 5032 haec
2752 4978 2910 5033 enim
2932 4979 2991 5033 in
3011 4994 3137 5033 sese
3154 4978 3305 5033 inter
3326 4996 3389 5034 se
3409 4980 3745 5051 suscipiunt

2087 5067 2531 5131 admistionem,
2555 5067 2738 5122 altera
2758 5067 3007 5137 singulis
3025 5084 3158 5140 quae
3172 5085 3245 5123 ex
3262 5068 3588 5138 elementis,
3605 5086 3743 5125 con-

2088 5160 2266 5223 stant,
2294 5156 2437 5227 quia
2455 5156 2587 5228 ipsa
2604 5172 2847 5228 quoque
2865 5157 3101 5229 singula
3119 5174 3189 5212 ex
3213 5159 3540 5226 elementis,
3564 5160 3744 5215 inter-

2087 5245 2437 5301 cedentibus
2466 5247 3017 5319 temperationibus,
3053 5254 3190 5302 sunt
3220 5249 3574 5320 composita.
3608 5252 3748 5321 lpsa

2089 5352 2229 5391 vero
2259 5336 2590 5408 proprietas
2619 5353 2759 5392 cum
2790 5338 3033 5409 pr0prio
3064 5343 3121 5393 et
3157 5338 3442 5410 peculiari
3474 5340 3658 5395 modo
3688 5340 3751 5395 in

2091 5426 2453 5482 animalibus
2483 5425 2779 5483 elementa
2809 5434 3220 5500 temperasset,
3254 5428 3315 5484 in
3340 5445 3542 5485 rerum
3574 5434 3751 5486 natu-

2090 5532 2224 5571 ram
2240 5515 2339 5571 illa
2356 5515 2659 5587 produxit,
2684 5522 2864 5589 atque
2891 5517 3002 5573 illis
3029 5518 3378 5582 essentiam,
3414 5520 3756 5584 materiam,

2092 5607 2366 5679 inquam,
2398 5605 2585 5664 dedit.
2609 5608 2839 5663 Etenim
2863 5607 2993 5664 aliis
3020 5624 3126 5681 per
3150 5610 3613 5682 temperationes
3636 5610 3763 5665 vel-

2095 5697 2182 5753 uti
2196 5696 2391 5754 fonset
2406 5696 2577 5768 origo
2598 5696 2895 5755 elementa
2940 5698 3253 5756 exsistunt.
3276 5702 3427 5757 Nam
3461 5704 3761 5773 tempera-
