4444 6452
765 406 899 461 1295

2306 392 2541 454 ADDEN
2552 394 2640 454 DA

4039 408 4060 458 1
4070 404 4169 460 296

757 547 809 580 τε
838 533 927 580 xui
956 533 1012 580 τὸ
1067 528 1241 586 ἧττον.
1274 524 1438 583 Πολλὴ
1507 524 1632 595 γοῦν
1705 523 1853 581 ἠστιν
1909 523 1939 580 ἡ
1996 529 2089 583 τῆς
2153 518 2410 583 ἰδιότητος
2441 526 2490 577 Α
2520 518 2580 575 δέ
2619 522 2768 583 ζώοις
2806 522 2911 595 οὐχ
2951 522 3109 586 οὕτως
3175 524 3412 599 ὕπαρξις,
3483 524 3610 578 ἀλλὰ
3674 530 3825 599 φύσις
3887 531 3977 600 μὲν
4045 536 4170 582 κινεῖ

757 615 999 689 δύναμις·
1035 618 1164 674 αῦτη
1210 634 1310 687 γαρ
1378 611 1663 674 ἱαῖιοτόπως
1726 616 1814 663 xui
1866 619 1975 673 τοῖς
2052 615 2205 675 ζῶόις
2243 616 2409 669 ἦνωσε

752 709 818 757 τὰ
876 712 1120 777 στοιχεῖα
1186 701 1281 757 διὰ
1336 711 1436 754 τῶν
1509 704 1763 775 κράσεων,
1827 697 2006 759 ἐπειδὴ
2085 706 2175 752 xui
2246 699 2409 762 λὶθοις

751 799 840 846 καὶ
915 794 1183 866 μετάλλοις
1243 797 1333 844 καὶ
1396 790 1552 863 ἐρίοις
1639 794 1728 841 xui
1798 796 1977 861 φυτοῖς
2043 794 2132 841 xui
2198 791 2409 864 κράσεις

749 888 839 934 xui
880 884 1122 955 στοιχεῖά
1188 886 1337 934 εἰσιν·
1403 881 1530 932 ὅπου
1595 882 1695 951 γὰρ
1756 880 1967 951 κράσεις
2014 898 2102 930 και
2143 885 2404 949 στοιχεῖα,

748 974 829 1025 ότι
872 974 1001 1024 ὅπου
1057 978 1318 1042 στοιχεῖα,
1351 974 1441 1022 καὶ
1494 970 1723 1037 κράσεις.
1793 972 1946 1025 Διττη
1992 963 2050 1020 δε
2087 968 2117 1025 ἡ
2152 973 2340 1040 κρᾶσις
2373 969 2401 1025 ἦ

747 1081 801 1115 τε
852 1062 900 1113 ἐν
956 1065 1258 1132 στοιχείοιςο
1337 1066 1505 1111 ταῦτα
1576 1060 1676 1132 γὰρ
1728 1062 1818 1109 καὶ
1875 1059 2036 1127 μικτά
2076 1057 2147 1119 εἰς
2199 1056 2356 1108 ἑαυτά
2388 1073 2401 1087 °

746 1155 836 1203 xui
894 1152 923 1208 ἦ
994 1148 1040 1201 ἐν
1101 1156 1209 1210 τοῖς
1275 1147 1331 1200 ἐκ
1379 1157 1479 1201 τῶν
1548 1151 1827 1217 στοιχείων
1892 1148 2251 1211 καθεκάστοις,
2325 1147 2404 1197 ὅτι

746 1246 835 1292 καὶ
900 1247 1065 1291 ταῦτα
1132 1238 1185 1290 ἐκ
1281 1242 1560 1309 στοιχείων
1629 1236 1731 1288 εἰσί
1798 1232 1891 1288 διὰ
1982 1244 2079 1287 τῶν
2145 1238 2401 1310 κράσεων.

746 1325 1063 1401 ἰδιοτρόπως
1132 1324 1190 1380 δε
1258 1323 1352 1378 διὰ
1414 1336 1514 1378 τῶν
1581 1334 1770 1397 χυμῶν
1835 1327 1900 1376 τὰ
1958 1333 2202 1396 στοιχεῖα
2275 1326 2400 1398 κρά-

744 1437 906 1483 σασα,
972 1426 1077 1477 τοῖς
1159 1418 1310 1477 ζώοις
1374 1419 1404 1474 ἡ
1513 1412 1719 1476 ἰδιότης
1778 1417 1916 1489 ἔφερε
1989 1417 2082 1471 τὴν
2147 1418 2399 1471 ὅντότητα

742 1509 957 1576 ταύτην,
1027 1510 1120 1563 την
1177 1501 1249 1557 δι’
1316 1504 1441 1565 ὕλης
1500 1508 1660 1575 φημί’
1728 1510 1831 1563 τοῖς
1887 1505 1976 1574 μὲν
2041 1504 2143 1575 γὰρ
2206 1501 2396 1575 ἑτέροις

740 1599 885 1666 πηγὴ
948 1596 1012 1646 ru
1078 1594 1321 1664 στοιχεῖά
1360 1591 1462 1644 εἰσι
1538 1588 1631 1642 διὰ
1694 1599 1792 1642 τῶν
1858 1592 2088 1663 κράσεων
2130 1605 2144 1620 ⁸
2205 1597 2396 1663 κρᾶσις

739 1686 838 1755 γάρ
876 1680 1171 1735 διαστέλλει
1222 1680 1270 1732 ἐν
1324 1677 1553 1738 ἰδιότητι
1615 1684 1705 1731 καὶ
1754 1681 2023 1753 φάρμακον
2088 1683 2177 1731 καὶ
2236 1682 2391 1751 φυτόν

739 1777 829 1824 καὶ
888 1770 1029 1824 λίθον
1098 1775 1184 1822 κκί
1250 1769 1518 1842 μέταλλον,
1588 1770 1667 1820 ὅτι
1733 1776 1910 1828 κοινῶς
1975 1772 2030 1819 ὲκ
2094 1773 2389 1840 στοιχείων.

2516 614 2583 663 τὰ
2619 619 2880 684 στοιχεῖα,
2919 612 3053 665 αὐτὰ
3106 611 3165 667 δὲ
3221 618 3455 688 τροιφὰς,
3498 619 3552 667 ui
3590 620 3776 689 τροφαι
3832 614 3890 670 δὲ
3938 624 4163 691 χυμοὺς,

2516 698 2570 752 ἐκ
2602 710 2799 774 τροφῶν
2863 699 2922 754 δὲ
2978 708 3067 754 καὶ
3130 712 3320 775 χυμῶν
3380 707 3445 756 τὰ
3511 708 3617 767 ζῶά
3680 704 3811 771 ἐστι,
3878 712 4015 759 κατά
4078 712 4165 778 μέν

2512 793 2605 847 τὴν
2645 789 2819 864 ἀρχὴν
2884 791 2938 843 ἐκ
2998 801 3187 864 χυμῶν
3249 796 3393 868 παρὰ
3455 802 3553 846 τῶν
3624 801 3921 867 στοιχείων,
3991 800 4166 849 ἔπειτα

2516 874 2574 931 δὲ
2613 879 2669 931 ἐκ
2707 887 2906 954 τροφῶν
2944 886 3033 933 xui
3070 890 3281 954 χυμῶν,
3348 884 3481 941 πλὴν
3523 880 3581 935 δὲ
3622 880 3716 936 διὰ
3752 893 3846 946 τῆς
3906 888 4160 959 κράσεως.

2515 966 2624 1019 Οὐκ
2680 970 2741 1020 οἶν
2807 988 2930 1022 ποτε
2984 972 3083 1042 γάρ
3122 991 3202 1033 τις
3269 975 3384 1023 νοὺν
3465 975 3601 1044 ἔχων
3661 974 3782 1047 οῖτερ
3869 979 4048 1032 νοήσει
4111 995 4164 1027 τι

2512 1055 2761 1130 κράσεως,
2826 1064 2997 1110 τοίνυν
3064 1060 3151 1111 οὖν
3207 1067 3317 1121 τοῖς
3372 1063 3462 1132 μὲν
3532 1067 3754 1132 πρώτοις
3844 1065 3911 1114 τὰ
3974 1062 4164 1116 ἀπλού-

2514 1166 2673 1221 στερα
2708 1157 2975 1222 προσεχῆ,
3014 1154 3117 1208 τοῖς
3157 1144 3217 1201 δὲ
3274 1150 3449 1223 πόρρω
3517 1146 3611 1201 διὰ
3661 1157 3754 1208 την
3794 1159 3893 1203 τῶν
3932 1156 4164 1225 κράσεων

2509 1236 2717 1289 πλείονα
2779 1236 3063 1303 ποικιλίαν,
3145 1236 3449 1311 πορρῶτέρω
3542 1239 3645 1291 εἰσί
3709 1242 3775 1292 τὰ
3842 1238 3998 1296 ἁπλᾶ.
4064 1246 4166 1294 Καὶ

2509 1328 2608 1400 γὰρ
2650 1322 2755 1378 ἔδει
2811 1328 2891 1377 ὅτι
2949 1334 3102 1377 τοῦτο
3168 1324 3296 1378 εἶναι
3356 1334 3618 1380 τοτοῡτον·
3671 1331 3738 1381 τὰ
3792 1332 3880 1401 μὲν
3936 1332 4037 1404 γὰρ
4072 1334 4165 1402 μέ-

2506 1414 2685 1481 ταλλα,
2750 1419 2839 1467 καὶ
2887 1414 3022 1467 λίθοι
3060 1419 3149 1466 καὶ
3204 1418 3358 1486 φυτὰ,
3400 1421 3489 1467 xui
3538 1416 3779 1488 λαχάνων
3837 1421 4009 1490 ἑσμοὶ,
4072 1423 4164 1471 xui

2505 1508 2730 1579 χόρτων,
2783 1509 2873 1556 καὶ
2929 1506 3063 1556 ὅσων
3130 1504 3188 1556 ἀν
3246 1524 3327 1567 τις
3392 1508 3506 1577 εἶπῂ
3580 1505 3825 1577 ἀψύχων,
3884 1509 4159 1582 ὑγρότητι,

2504 1591 2829 1665 ψυχρότητι,
2928 1591 3201 1664 ξηρότητι,
3290 1596 3567 1663 μανότητι,
3634 1594 3737 1645 εἰσί
3790 1613 3845 1647 τε
3908 1600 3998 1647 xui
4064 1594 4161 1647 ἁλ-

2501 1680 2763 1733 λοιοῡνται
2828 1686 2917 1733 xui
2983 1680 3201 1743 αὔξουσι
3264 1686 3353 1733 xui
3418 1685 3653 1753 μὲνουσι·
3718 1686 3827 1745 ζῶα
3878 1681 3938 1736 δέ
4004 1688 4161 1756 φύσις

2502 1768 2594 1821 οὐκ
2630 1767 2837 1842 ἀμέσως
2876 1769 2930 1822 ἐκ
2967 1772 3132 1843 πυρός
3190 1774 3279 1821 καὶ
3337 1769 3482 1845 ἀέρος
3536 1775 3625 1823 xui
3682 1768 3872 1833 ὕδατος
3922 1778 4012 1825 καὶ
4058 1781 4159 1845 γῆς

740 1863 801 1913 Εἰ
850 1858 901 1913 δ’
964 1856 1276 1932 ἀναὸράμης
1342 1858 1443 1910 ἀπὸ
1502 1867 1592 1918 τῆς
1641 1860 1861 1929 φύσεωςο
1925 1853 2127 1919 ἰδιότης
2168 1854 2227 1909 δέ
2288 1865 2391 1918 τοῖς
2430 1870 2469 1924 Β
2504 1855 2594 1910 διὰ
2618 1868 2712 1918 τῆν
2769 1861 3001 1934 κράσεων
3068 1862 3254 1933 ἕκρασε
3311 1864 3399 1911 xui
3458 1858 3718 1928 ἐποίησεν,
3783 1860 3889 1913 ἀλλ’
3958 1860 4012 1925 ἐξ
4065 1863 4157 1915 αὖ-

740 1952 896 2012 ζῶοις
957 1953 1012 2001 εκ
1085 1968 1361 2020 στοιχειων
1425 1949 1754 2019 γεννηθέντας
1815 1951 2024 2019 χυμοὺς
2114 1947 2234 2014 ἑνοῖ,
2302 1968 2392 2000 και

735 2043 952 2101 τούτους
1009 2038 1102 2091 ουκ
1142 2037 1368 2111 ἀμέσως,
1437 2036 1541 2088 ἀλλ’
1623 2036 1677 2088 ἐκ
1741 2045 1937 2108 τροφῶν
2003 2039 2137 2088 κατὰ
2204 2042 2391 2110 κρᾶσιν

735 2132 1103 2205 ἐναργεστέρων
1168 2132 1278 2194 xui,
1347 2128 1468 2179 ὅσον
1534 2135 1633 2178 τῶν
1700 2124 1924 2197 ἀψύχων
1991 2133 2085 2186 τῆς
2132 2128 2386 2200 κράσεως,

734 2223 1071 2291 τιμιωτέραν.
1122 2225 1206 2270 Δεῖ
1260 2219 1361 2289 γὰρ
1413 2220 1568 2276 οὕτως
1626 2212 1754 2267 εἶναι
1820 2223 2004 2281 ταυτα,
2067 2219 2148 2267 ὅτι
2204 2218 2233 2273 η
2300 2217 2388 2287 φύ-

1279 2309 1597 2379 θεωρουμένη
1662 2308 2050 2377 μεμονωμένως,
2113 2309 2174 2363 τή
2247 2324 2388 2357 στοι-

2088 2396 2269 2459 μικτά,
2308 2395 2388 2445 ὅτι

736 2328 820 2370 σις
874 2307 1007 2367 ἁπλῆ
1075 2306 1206 2373 ἐστι,

735 2395 860 2468 χεῖα
898 2394 957 2450 δε
997 2398 1055 2450 οὗ
1105 2398 1269 2470 μικτά
1307 2395 1423 2448 καθ’
1487 2396 1639 2461 αὑτὰ,
1683 2396 1815 2466 ὅμως
1856 2391 1915 2446 δέ
1968 2414 2027 2465 γε

730 2491 860 2563 πρὸς
928 2487 1080 2554 αὐτὰ,
1150 2489 1218 2547 ως
1281 2490 1508 2557 εῖπομεν,
1570 2489 1867 2557 μίγνυνται·
1910 2483 1967 2535 αἰ
2030 2480 2089 2536 δε
2150 2484 2384 2557 κράσεις,

729 2579 916 2629 καθότι
981 2577 1085 2649 οὐχ
1147 2576 1263 2642 ὓλη,
1322 2572 1447 2628 οὐδὲ
1507 2578 1712 2646 μικταὶ,
1781 2575 1859 2625 ὅτι
1925 2569 1982 2625 δῖε
2048 2579 2195 2625 ποιαί
2254 2592 2386 2634 τινες

731 2669 1067 2740 ὑπάρχουσιν
1146 2662 1424 2732 ἰδιότητες,
1491 2669 1580 2715 xui
1660 2665 1874 2735 σχέσεις
1939 2664 2235 2733 κινούμεναι
2297 2667 2385 2714 xui

727 2760 1045 2828 μιγνύουσαι
1078 2759 1141 2808 τὰ
1179 2756 1326 2830 ἕτερα
1363 2751 1588 2807 τοιῶσδε
1644 2757 1674 2813 ἤ
1734 2748 1976 2823 τόιῶσὸε,
2038 2756 2257 2824 μικαταὶ
2298 2749 2383 2805 διὸ

727 2850 864 2899 κατὰ
896 2846 1098 2921 πρῶτον
1164 2851 1253 2897 xui
1318 2844 1696 2917 ὰπλοῐκῶτερον
1754 2846 1963 2916 τρόπον·
2008 2843 2073 2894 τά
2134 2862 2187 2894 τε
2250 2844 2385 2913 φυτά

726 2937 792 2987 τά
829 2954 883 2987 τε
921 2934 1148 3007 μέταλλα
1188 2937 1252 2986 τά
1290 2954 1344 2986 τε
1399 2933 1528 2986 ἄλλα
1588 2933 1623 2984 ά
1686 2937 1995 3008 προείπομεν
2064 2929 2118 2982 ἐκ
2184 2934 2383 3003 φύσεως

726 3027 870 3097 παρὰ
908 3033 1006 3076 τῶν
1070 3029 1345 3095 στοιχείων
1413 3020 1508 3075 διὰ
1570 3031 1668 3075 τῶν
1731 3023 1963 3096 κράσεων
2029 3019 2383 3093 λαμϐάνουσιν

2505 1955 2599 1999 τῶν
2638 1944 2730 2000 διὰ
2789 1953 2946 2020 μέσον
3007 1957 3197 2020 χυμῶν
3260 1951 3528 2000 καὶκατὰ
3592 1952 3683 2021 μὲν
3728 1954 3820 2008 τὴν
3878 1949 4054 2025 ἀρχὴν
4104 1950 4159 2003 ἐκ

2498 2045 2706 2109 χυμῶν,
2758 2040 2936 2090 ἔπειτα
2993 2034 3052 2090 δὲ
3116 2057 3401 2095 συνιστησι
3462 2046 3629 2090 ταῦτα
3683 2035 3776 2091 διὰ
3829 2048 4019 2111 χυμῶν
4066 2046 4159 2093 xui

2499 2135 2695 2200 τροφῶν
2758 2131 2849 2179 καὶ
2900 2126 3074 2201 πόρρω
3144 2131 3425 2198 στοιχείων
3492 2130 3560 2188 ὡς
3618 2129 3797 2199 ἀρχῶν
3838 2130 4013 2184 ὄντων.
4051 2136 4160 2181 Ιίοῡ

2498 2218 2598 2290 γὰρ
2641 2214 2689 2267 ἐν
2732 2220 2889 2290 σαρκί
2917 2224 3009 2287 γῆ,
3040 2223 3141 2267 ποῦ
3193 2212 3251 2268 δὲ
3290 2224 3415 2289 πῦρ,
3474 2224 3576 2268 ποῦ
3628 2214 3686 2269 δὲ
3752 2213 3921 2290 ὕδωρ,
3971 2226 4072 2270 ποῦ
4102 2215 4160 2271 δὲ

2501 2303 2622 2380 ἀὴρ,
2694 2313 2755 2363 τῆ
2819 2308 2909 2377 μὲν
2965 2305 3207 2364 αἰσθήσει
3263 2311 3353 2358 καὶ
3425 2314 3487 2365 τῆ
3552 2310 3793 2365 ποιότητι
3848 2306 4038 2379 ἀφανῆ,
4095 2316 4157 2367 τῆ

2501 2391 2552 2447 δ’
2583 2393 2799 2466 ἀληθείᾳ
2836 2396 3063 2466 ’γνωστά-
3134 2397 3245 2446 ἔστι
3313 2397 3411 2468 γὰρ
3468 2400 3557 2448 καὶ
3618 2404 3719 2470 πῦρ
3787 2400 3878 2449 καὶ
3931 2396 4031 2471 ἀηρ
4073 2400 4162 2449 xui

2498 2480 2642 2557 ὕδωρ
2691 2488 2779 2536 xui
2835 2493 2902 2555 γῆ
2967 2486 3015 2535 ἐν
3069 2483 3229 2556 αὐτῇ’
3286 2483 3533 2546 λυθείσης
3593 2488 3695 2559 γὰρ
3747 2488 3956 2549 ταύτης,
4013 2485 4162 2538 λύον-

2497 2593 2583 2625 ται
2624 2578 2673 2625 οί
2697 2578 2888 2646 χυμοὶ,
2932 2576 3051 2645 ὅπερ
3110 2570 3372 2648 πρόδηλον
3407 2591 3420 2603 ·
3480 2574 3713 2637 λυθέντες
3752 2572 3812 2628 δὲ
3869 2578 3916 2628 οἱ
3959 2582 4158 2648 χυμοὶ,

2498 2662 2570 2725 εἰς
2606 2666 2671 2716 τὰ
2726 2661 2779 2726 ἐξ
2835 2665 2901 2714 ὧν
2953 2665 3266 2734 συνάγονται
3317 2666 3634 2734 σύγκεινται,
3695 2665 3826 2717 ὥστε
3886 2670 3977 2718 xui
4022 2685 4157 2741 σαρ-

2495 2756 2583 2814 κός
2645 2757 2809 2815 οὔσης
2871 2756 3228 2826 συνιταμένοις
3296 2749 3389 2805 διὰ
3469 2761 3657 2826 χυμῶν
3720 2752 3776 2805 ἐκ
3838 2758 3999 2828 πυρός
4065 2760 4157 2808 xui

2493 2850 2587 2914 γῆς
2625 2848 2715 2895 καὶ
2755 2841 2900 2917 ἀέρος
2956 2848 3044 2895 καὶ
3110 2839 3324 2909 ὑδατός,
3389 2843 3621 2916 ὑπάρχει
3659 2845 3688 2901 ἡ
3760 2842 3924 2907 αὐτῆς
3991 2849 4159 2919 ὕπαρ-

2496 2933 2587 3002 ξις,
2633 2930 2685 2995 ἐξ
2721 2932 2788 2983 ὧν
2830 2932 2931 2983 εἱσι
2970 2937 3060 2983 καὶ
3100 2933 3149 2983 οἰ
3187 2936 3376 3004 χυμοί.

2568 3021 2635 3083 ξ’.
2684 3021 2771 3074 Ἐκ
2819 3026 2985 3097 πυρός
3055 3029 3181 3093 γοῦν
3238 3042 3328 3073 και
3404 3019 3550 3096 ἀέρος
3634 3026 3725 3074 xui
3810 3019 4005 3084 ὕδατος
4067 3029 4157 3077 xui

726 3112 966 3187 ὕπαρξιν,
1010 3116 1077 3175 ὡς
1144 3111 1473 3187 ἁπλούστερα
1530 3120 1627 3164 τῶν
1692 3112 1835 3172 ζώων
1892 3112 2026 3163 κατὰ
2083 3109 2233 3175 πολὺ,
2280 3116 2384 3170 τοίς
2423 3108 2588 3184 Ογῆς
2659 3114 2688 3171 ἡ
2777 3115 2931 3185 φύσις
2993 3108 3087 3165 διὰ
3159 3120 3347 3185 χυμῶν
3426 3120 3530 3173 τοῖς
3579 3111 3735 3173 ζώοις
3786 3117 3881 3172 τὴν
3930 3114 4157 3189 ὕπαρξιν

722 3293 804 3350 tio
832 3307 941 3368 per
959 3290 1388 3364 proprietatem
1409 3288 1720 3359 distinguit
1748 3305 1818 3345 ac
1837 3290 2077 3361 separat
2096 3287 2381 3359 pharma-
2421 3283 2461 3339 C
2493 3289 2944 3362 temperatione.
2999 3289 3403 3355 Quamobrem
3475 3289 3685 3361 primis
3724 3289 3972 3362 quidem
4014 3296 4157 3349 sunt

723 3399 875 3449 cum,
900 3381 1190 3455 plantam,
1221 3379 1486 3452 lapidem
1503 3383 1559 3434 et
1591 3377 1916 3446 metallum,
1940 3376 2084 3450 quia
2111 3391 2382 3432 commu«

720 3472 871 3529 niter
901 3487 972 3527 ex
995 3469 1304 3526 elementis
1356 3472 1652 3525 constant.
1697 3467 1755 3523 Si
1798 3457 1946 3522 vero
1996 3465 2381 3536 digrederisa

720 3559 1295 3633 natura,proprietas
1307 3558 1368 3613 in
1381 3556 1782 3614 animantibus
1796 3556 1915 3613 adu
1925 3560 2026 3612 nat
2037 3558 2380 3628 procreatos

718 3666 790 3706 ex
805 3649 1102 3706 elementis
1114 3649 1412 3715 humores,
1426 3646 1609 3719 idque
1625 3662 1744 3703 non
1758 3645 1987 3718 absque
2000 3643 2376 3711 intermedio,

717 3741 819 3797 sed
851 3738 1186 3795 secundum
1214 3736 1709 3810 temperationem
1742 3752 1814 3791 ex
1840 3733 2135 3791 alimentis
2167 3749 2235 3789 eo
2263 3732 2377 3787 evi~

715 3828 1048 3886 dentiorem
1063 3843 1186 3900 quo
1198 3833 1287 3883 est
1304 3825 1682 3898 praestantior
1695 3823 2115 3896 temperatione
2128 3822 2227 3879 illa
2240 3838 2372 3895 quae

712 3918 1059 3976 inanimatis
1088 3917 1264 3973 inest.
1296 3916 1383 3972 lta
1402 3930 1538 3972 esse
1551 3914 1798 3971 omnino
1817 3928 2062 3970 necesse
2082 3916 2192 3969 est.
2225 3915 2373 3968 Nam

712 4014 931 4065 natura
962 4006 1219 4079 simplex
1249 4011 1355 4075 est,
1387 4009 1454 4061 ut
1480 4021 1611 4078 quae
1641 4003 1899 4060 solitarie
1939 4002 2370 4058 consideratur.

712 4098 1015 4154 Elementa
1062 4111 1207 4152 vero
1256 4111 1365 4168 per
1414 4110 1478 4150 se
1532 4093 1954 4150 admistionem
2003 4106 2125 4147 non
2185 4090 2370 4146 susci-

708 4187 897 4260 piunt,
928 4202 1137 4242 verum
1166 4187 1419 4258 possunt
1472 4182 1796 4255 suscipere,
1842 4181 2132 4254 quoniam
2163 4195 2369 4237 secum

704 4279 857 4335 inter
887 4293 948 4333 se
963 4275 1312 4339 miscentur,
1332 4278 1393 4329 ut
1413 4272 1695 4328 diximus.
1727 4270 2212 4344 Temperationes
2224 4285 2367 4326 vero

702 4383 829 4442 qua
857 4367 1086 4425 ratione
1116 4380 1241 4422 non
1258 4366 1398 4420 sunt
1427 4361 1700 4430 materia,
1724 4377 1917 4433 neque
1942 4360 2364 4417 admistionem

702 4457 1006 4530 suscipere
1036 4455 1337 4520 dicuntur,
1367 4453 1471 4508 sed
1518 4468 1642 4525 qua
1666 4450 1894 4509 ratione
1927 4454 2064 4506 sunt
2094 4450 2363 4522 proprie-

697 4552 847 4604 tates
874 4545 1158 4620 qualitate
1188 4542 1457 4617 quadam
1486 4541 1749 4615 praeditae
1779 4546 1836 4596 et
1855 4539 2193 4597 habilitates
2223 4555 2361 4612 qua:

2493 3394 2601 3435 con
2606 3379 2906 3451 junctiora
2919 3384 2974 3435 et
2998 3378 3245 3452 propria
3262 3378 3359 3434 illa
3377 3394 3513 3452 quae
3531 3383 3671 3435 sunt
3691 3378 4079 3451 simpliciora,
4096 3397 4155 3453 et

2491 3485 2527 3525 a
2556 3468 3086 3540 longinquioribus
3118 3473 3364 3541 propter
3412 3467 3916 3540 temperationum
3948 3470 4153 3526 multi-

2490 3557 2705 3631 plicem
2737 3559 3086 3615 varietatem
3108 3558 3303 3628 magis
3320 3562 3553 3614 remota
3579 3562 3717 3613 sunt
3733 3557 4048 3631 simplicia.
4082 3562 4154 3617 Ut

2490 3649 2649 3704 enim
2670 3665 2766 3704 res
2788 3649 3137 3705 exsisterent
3156 3649 3240 3705 ita
3255 3663 3386 3705 esse
3407 3646 3686 3720 oportuit.
3707 3647 3860 3703 Nam
3884 3648 4150 3720 metalla,

2485 3736 2736 3810 lapides,
2772 3738 3014 3811 plantae,
3038 3738 3260 3794 olerum
3281 3741 3336 3794 et
3352 3737 3679 3808 graminum
3701 3738 3875 3810 copia
3892 3743 3947 3794 et
3977 3744 4153 3811 quot-

2485 3832 2632 3899 quot
2645 3827 2974 3885 inanimata
2987 3827 3176 3900 possit
3191 3826 3404 3901 aliquis
3416 3840 3745 3894 recensere,
3760 3826 4036 3895 humore,
4052 3827 4150 3885 fri-

2485 3930 2649 3986 gore,
2678 3917 2959 3986 siccitate,
2982 3916 3218 3972 raritate
3260 3920 3316 3971 et
3344 3914 3639 3972 exsistunt
3671 3920 3730 3972 et
3754 3915 4151 3974 immutantur

2483 4009 2540 4061 et
2559 4012 2891 4077 augescunt
2921 4010 2977 4062 et
3006 4007 3359 4062 consistunt.
3379 4008 3601 4061 Natura
3630 4021 3768 4061 vero
3786 4021 3912 4062 non
3938 4006 4155 4064 imme-

2482 4094 2641 4152 diate
2667 4112 2739 4152 ex
2766 4096 2924 4168 igne,
2959 4111 3117 4165 aere,
3174 4111 3337 4168 aqua
3399 4099 3455 4151 et
3480 4100 3657 4165 terra,
3688 4111 3797 4168 per
3853 4100 4155 4170 tempera-

2480 4185 2670 4243 tiones
2713 4185 2999 4242 animalia
3035 4184 3393 4258 temperavit
3421 4188 3478 4241 et
3522 4184 3825 4256 conﬂavit,
3859 4185 3965 4243 sed
3993 4186 4153 4244 inter

2478 4275 2688 4348 positis
2709 4275 2903 4332 succis
2935 4290 3040 4331 seu
3066 4274 3448 4333 humoribus.
3476 4278 3556 4331 Ac
3578 4274 3865 4331 continuo
3894 4275 4150 4348 quidem

2477 4382 2548 4421 ex
2578 4365 2956 4436 humoribus,
2978 4364 3196 4421 deinde
3213 4380 3354 4421 vero
3372 4364 3906 4421 intervenientibus
3923 4366 4147 4423 humo-

2472 4454 2659 4523 ribus,
2693 4454 3010 4525 alimentis,
3041 4459 3100 4511 et
3125 4454 3364 4524 longius
3393 4454 3637 4511 remotis
3666 4453 3977 4512 elementis
3998 4460 4144 4512 tan-

2471 4560 2659 4617 quam
2683 4544 2992 4618 principiis
3027 4543 3130 4601 illa
3157 4545 3485 4617 componit.
3515 4547 3664 4601 Nam
3688 4544 3749 4599 in
3791 4560 3971 4601 carne
3997 4560 4144 4617 par-

694 4637 1086 4711 impelluntur
1116 4640 1172 4691 et
1193 4634 1465 4701 miscent,
1495 4632 1616 4687 alia
1658 4631 1774 4688 hoc
1817 4629 1911 4685 vel
1932 4629 2029 4686 illo
2055 4628 2239 4685 modo
2257 4629 2359 4685 ad-
2392 4644 2438 4699 D
2471 4634 2576 4692 tim
2597 4640 2773 4704 terra,
2802 4634 3019 4708 partim
3044 4634 3221 4705 ignis,
3244 4634 3463 4707 partim
3489 4650 3673 4706 aqua,
3705 4634 3923 4707 partim
3951 4635 4140 4692 etiam

693 4728 1035 4784 mistionem
1085 4724 1387 4797 suscipere
1441 4721 1741 4778 dicuntur.
1801 4719 2206 4786 Quamobrem
2236 4717 2356 4791 pri-

689 4834 791 4875 mo
822 4822 877 4874 et
899 4813 1261 4888 simpliciore
1316 4811 1523 4880 modo,
1575 4810 1817 4885 plantae,
1867 4808 2128 4875 metalla,
2162 4812 2219 4865 et
2239 4809 2356 4866 alia

686 4924 824 4981 quae
860 4906 1138 4979 superius
1170 4902 1455 4973 diximus,
1488 4917 1561 4957 ex
1578 4905 1795 4957 natura
1826 4899 2111 4973 primum,
2136 4898 2354 4955 deinde

685 5016 758 5056 ex
780 4995 1087 5054 elementis
1136 5010 1244 5067 per
1286 4992 1751 5066 temperationes
1803 4991 1865 5047 in
1912 5007 2114 5048 rerum
2134 4995 2353 5048 natura

682 5088 998 5154 exsistunt,
1032 5084 1321 5141 nimirum
1368 5082 1514 5155 quia
1573 5081 1984 5138 animantibus
2018 5082 2130 5137 ista
2160 5080 2350 5138 multo

682 5183 823 5235 sunt
852 5174 1241 5249 simpliciora.
1278 5172 1393 5231 Sed
1435 5172 1721 5230 animalia
1769 5187 1888 5228 non
1917 5171 2000 5228 ita
2028 5170 2337 5228 exsistunt.

677 5268 911 5327 Etenim
953 5271 1171 5322 natura
1232 5268 1432 5320 movet
1485 5262 1799 5333 elementa,
1846 5262 1974 5319 haec
2002 5267 2204 5319 autem
2237 5262 2343 5319 ali-

676 5364 883 5417 menta
912 5360 1179 5425 movent,
1207 5353 1648 5411 alimentavero
1661 5354 1967 5424 humores,
1995 5370 2067 5409 ex
2097 5352 2342 5410 alimen-

674 5451 748 5508 tis
779 5447 1029 5505 demum
1060 5444 1485 5501 ethumoribus
1499 5443 2096 5511 animaliaconstant,
2124 5443 2341 5500 Princi-

672 5540 777 5614 pio
806 5537 1056 5612 quidem
1082 5550 1156 5591 ex
1181 5533 1375 5589 succis
1404 5534 1484 5590 ab
1514 5533 1845 5601 elementis,
1872 5532 2091 5589 deinde
2130 5548 2203 5589 ex
2231 5532 2339 5590 ali-

672 5629 892 5688 mentis
930 5632 988 5685 et
1018 5624 1235 5690 succis,
1268 5624 1374 5681 sed
1422 5640 1529 5698 per
1579 5625 2097 5699 temperationem.
2151 5626 2337 5683 Nemo

670 5721 833 5781 enim
880 5721 1082 5778 mente
1150 5714 1441 5789 praeditus
1501 5714 1728 5791 aliquid
1782 5714 2067 5789 intelliget
2102 5714 2336 5789 absque

2467 4740 2570 4783 aer
2588 4725 2764 4791 inest,
2787 4741 2922 4798 quae
2953 4724 3200 4798 quidem
3232 4727 3372 4780 sunt
3408 4724 3673 4781 obscura
3701 4723 3749 4779 si
3783 4724 3861 4780 ad
3884 4739 4138 4781 sensum

2467 4817 2523 4870 et
2546 4812 2896 4887 qualitatem
2924 4812 3169 4881 referas,
3223 4812 3328 4868 sed
3358 4812 3408 4868 si
3432 4812 3511 4869 ad
3568 4812 3879 4869 veritatem
3905 4811 4137 4869 referas

2464 4903 2747 4975 cognosci
2761 4901 3194 4975 etdeprehendi
3212 4900 3666 4974 possunt.Quod
3689 4900 3851 4957 enim
3872 4900 3934 4957 in
3948 4916 4138 4959 carne

2461 4992 2639 5066 ignis,
2665 5008 2787 5056 aer,
2812 5007 2973 5065 aqua
2992 4991 3430 5059 etterrainsint,
3447 5006 3519 5047 ex
3540 5006 3611 5046 eo
3633 4989 3801 5063 quod
3832 4990 4140 5049 dissoluta

2461 5101 2642 5142 carne
2665 5084 3079 5142 dissolvuntur
3102 5085 3389 5141 humores
3410 5081 3727 5139 manifeste
3756 5082 4140 5153 intelligitur.

2459 5178 2752 5232 Humores
2805 5190 2948 5231 vero
3006 5173 3280 5231 dissoluti
3334 5172 3766 5244 recolliguntur
3817 5172 3879 5228 in
3907 5171 4009 5229 illa
4049 5189 4128 5229 ex

2457 5266 2678 5339 quibus
2705 5269 2998 5322 constant.
3029 5267 3220 5330 Quare
3265 5279 3403 5320 cum
3451 5278 3591 5319 caro
3624 5261 3672 5317 si
3700 5277 3808 5334 per
3836 5261 4137 5319 humores

2455 5356 2805 5413 conﬂataex
2828 5356 2986 5427 igne,
3014 5359 3193 5424 terra,
3251 5368 3388 5410 aere
3432 5356 3489 5409 et
3543 5367 3725 5425 aqua,
3780 5351 4138 5411 exsistentia

2452 5446 2607 5504 illius
2624 5463 2697 5503 ex
2712 5446 2826 5503 illis
2837 5461 2909 5502 ex
2922 5444 3143 5519 quibus
3155 5443 3442 5501 humores
3457 5441 3850 5498 suntconﬂati
3864 5446 4132 5500 constat.

2520 5542 2576 5593 7.
2627 5540 2850 5595 Natura
2898 5535 3076 5607 igitur
3118 5550 3228 5608 per
3274 5534 3562 5590 humores
3619 5548 3693 5589 ex
3744 5532 3905 5602 igne,
3960 5547 4128 5603 aere,

2449 5644 2610 5703 aqua
2630 5631 2689 5685 et
2709 5632 2863 5685 terra
2883 5630 2949 5683 ut
2970 5624 3260 5684 animalia
3280 5623 3633 5681 exsisterent
3654 5620 3872 5687 effecit,
3892 5626 4132 5696 tempe-

2449 5719 2755 5780 rationum
2811 5722 3016 5779 autem
3078 5714 3546 5792 proprietatibus
3584 5712 3748 5775 varie
3786 5716 4132 5788 temperata
