4444 6452
288 404 423 459 1297

285 523 506 596 δέδωκε,
565 523 799 597 κράσεων
878 520 936 576 δε
1005 520 1260 596 ἰδιωμασι
1314 522 1557 583 ποικίλως
1621 520 1936 595 ἐκραθησαν.

285 615 366 668 Ἐν
404 616 505 689 γὰρ
561 621 621 685 τῇ
679 615 833 685 φύσει
892 615 1203 683 συνάγονται
1260 613 1448 677 πάντα,
1504 612 1571 672 ὡς
1633 609 1682 662 ἐν
1746 614 1937 681 κέντρῳ

282 723 336 756 τε
391 709 481 755 καὶ
538 701 707 777 ἀρχῇ,
766 702 1069 775 μερίζονται
1146 699 1204 753 δε
1257 699 1346 752 ἀπ’
1420 699 1646 757 ἀλλήλων
1698 696 1788 751 διά
1839 706 1937 749 τῶν

283 794 515 865 κράσεων
571 812 583 824 ·
643 794 777 842 οὕτω
823 792 923 864 γὰρ
978 795 1067 841 καὶ
1124 787 1372 861 διχόνοια
1426 791 1624 849 τούτοις
1678 791 1766 839 καὶ
1827 784 1940 839 διά⁸

284 902 417 954 φορα
471 883 537 933 τά
597 882 879 952 ὁρμήματα
938 897 949 908 ·
984 883 1041 931 τὸ
1094 882 1193 951 γάρ
1249 883 1506 952 μάχιμον,
1542 882 1598 930 τό
1648 877 1940 930 πλεονεκτι-

284 975 392 1038 κόν,
479 974 566 1024 τὸν
620 969 961 1026 ἀκοινώνητον
1039 975 1127 1022 καὶ
1184 972 1249 1022 τα
1327 970 1471 1041 ἕτερα
1546 972 1759 1041 φύσεως,
1833 975 1942 1027 πῶς

285 1057 432 1113 δοκεῖ
480 1062 508 1119 η
570 1058 618 1112 ἐν
671 1059 810 1129 αύτῷ
855 1061 1057 1130 ἔχουσα
1113 1064 1201 1111 καὶ
1259 1061 1562 1129 συνάγουσα
1614 1062 1701 1109 καὶ
1758 1057 1944 1110 ἐνοῦσα

280 1152 449 1203 πάντα
524 1150 799 1222 μάχεσθαι
851 1153 940 1200 καὶ
997 1148 1307 1201 πλεονεκτεῖν
1373 1152 1463 1200 καὶ
1533 1151 1603 1219 μὴ
1688 1154 1941 1199 κοινωνεῖν

282 1242 585 1313 προτρέπειν
664 1237 797 1289 αύτά
856 1254 868 1303 ;
921 1234 1206 1290 Ἀδύνατον
1278 1258 1289 1271 ·
1352 1235 1479 1289 ἀλλά
1550 1243 1715 1310 ταῦτα
1775 1237 1944 1287 πάντα

280 1332 369 1379 καὶ
421 1331 486 1379 τα
527 1326 685 1380 πλείω
746 1329 940 1378 τούτων
994 1335 1092 1377 τῶν
1144 1328 1377 1400 κράσεων
1423 1347 1435 1359 ·
1485 1329 1640 1398 φύσις
1707 1330 1796 1376 καὶ
1843 1326 1942 1395 γὰρ

283 1412 433 1468 οὐδὲν
507 1415 573 1476 εἰς
631 1420 765 1475 τέλος
823 1419 980 1466 κακὸν
1052 1413 1282 1483 ἐποίησε,
1354 1416 1524 1467 πάντα
1604 1410 1662 1466 δὲ
1731 1433 1790 1485 γε
1857 1418 1945 1465 xui

281 1504 393 1556 λίαν
441 1505 610 1564 καλῶς
659 1503 730 1565 εἰς
775 1506 834 1555 τὸ
890 1502 1017 1556 εἶναι
1074 1510 1398 1578 παρήγαγεν,
1470 1502 1524 1554 ἐκ
1580 1510 1670 1563 τῆς
1735 1507 1945 1574 πρώτης

282 1595 372 1664 καὶ
442 1596 630 1664 κυρίας
706 1592 911 1643 πάντων
992 1589 1168 1664 ἀρχῆς
1224 1590 1460 1643 λαϐοῦσα
1548 1595 1643 1648 τὴν
1700 1586 1943 1662 δύναμιν.

281 1662 341 1731 Ἠ
428 1675 487 1732 δε
543 1687 641 1731 τῶν
689 1681 922 1754 κράσεων
987 1680 1243 1747 ποικιλία,
1300 1687 1517 1752 μιγεῖσα
1695 1675 1944 1746 ἰδιότητι,

284 1767 448 1820 πολλὰ
496 1770 563 1820 τὰ
614 1772 686 1841 μὴ
734 1769 1005 1843 ὁμότροπα
1047 1772 1186 1841 ἔφερε
1246 1790 1257 1803 ·
1305 1773 1633 1841 καινοτομίαι
1679 1770 1780 1839 γὰρ
1836 1773 1947 1827 ταῖς

285 1859 508 1929 κράσεσι
586 1858 1018 1928 συνυπάρχουσιν
1090 1860 1295 1931 ἄπειροι
1353 1879 1365 1891 ·
1417 1860 1622 1931 ἄπειροι
1709 1859 1810 1929 γὰρ
1892 1857 1945 1907 αἱ

285 1948 519 2017 κράσεις,
587 1950 677 1997 καὶ
741 1948 908 2006 καθὼς
957 1949 1022 1998 τά
1079 1954 1324 2018 στοιχεῖα
1365 1950 1509 2021 παρά
1568 1955 1663 2007 τῆς
1718 1948 1939 2017 φύσεως,

285 2035 475 2108 ἄπειρα
527 2030 585 2087 δε
611 2054 676 2086 τα
711 2033 765 2086 ἐκ
790 2042 890 2086 τῶν
940 2040 1240 2106 στοιχείων,
1298 2036 1429 2088 οὕτω
1483 2032 1550 2093 δὴ
1588 2040 1679 2086 καὶ
1724 2036 1942 2107 κράσεις

287 2122 471 2185 ἐντοῖς
532 2127 835 2196 στοιχείοις,
892 2125 1083 2199 ἄπειρα
1135 2121 1193 2177 δὲ
1244 2127 1307 2176 τὰ
1349 2133 1447 2177 τῶν
1502 2126 1734 2199 κράσεων
1800 2120 1943 2174 idid)-

287 2232 447 2286 ματα.
500 2214 595 2265 Διά
649 2219 801 2265 τοῦτο
856 2218 946 2266 καὶ
1031 2212 1079 2265 έν
1160 2214 1450 2287 μετάλλοις,
1513 2219 1603 2267 καὶ
1652 2212 1699 2266 ἐν
1758 2212 1945 2280 λίθοις,

289 2306 380 2354 καὶ
432 2300 483 2355 ἕν
537 2308 736 2373 φυτοῖς,
796 2307 885 2355 καὶ
946 2311 1182 2375 τροφαῖς,
1236 2308 1326 2356 καὶ
1380 2302 1427 2355 ἐν
1476 2310 1694 2376 χυμοῖς,
1750 2305 1840 2354 καὶ
1898 2300 1946 2353 ἐν

289 2392 440 2453 ζώοις
507 2392 537 2449 ἡ

289 2479 538 2533 ποικίλλει
600 2479 901 2555 πολυμερῶς
969 2483 1033 2533 τά
1108 2501 1161 2535 τε
1216 2488 1456 2555 σώματα,
1514 2484 1579 2534 τά
1653 2501 1706 2534 τε
1787 2483 1947 2555 ὁρμη-

288 2589 448 2642 ματα,

629 2399 728 2443 τῶν
813 2393 1046 2464 κράσεων
1134 2391 1344 2465 ἀπειρία
1426 2393 1588 2459 ἐστιν,
1669 2395 1778 2452 ἣτις
1859 2395 1948 2442 καὶ

542 2571 608 2621 τά
688 2589 743 2623 τε
810 2567 1093 2643 ἰδιώματα,
1179 2574 1270 2634 τάς
1327 2591 1380 2624 τε
1438 2570 1709 2644 ἐνεργείας,
1783 2574 1848 2622 τά
1895 2588 1951 2621 τε

288 2664 545 2732 νοήματα,
614 2662 708 2722 τὰς
786 2680 840 2713 τε
888 2667 1125 2732 σχέσεις,
1187 2664 1253 2714 τά
1304 2681 1358 2714 τε
1417 2667 1692 2733 σχήματα,
1752 2662 1841 2721 τάς
1894 2680 1950 2713 τε

289 2750 454 2825 ῥοπὰς
494 2753 583 2802 καὶ
613 2750 729 2803 καθ’
777 2750 894 2813 ἑξῆς
924 2751 1142 2822 ἅπαντα,
1203 2754 1293 2803 καὶ
1348 2753 1562 2823 συνάγει
1632 2746 1726 2803 διὰ
1784 2757 1951 2803 ταῦτα

292 2959 449 3011 sunt.
484 2957 634 3011 Nam
658 2952 720 3009 in
732 2958 950 3010 natura
971 2953 1177 3009 omnia
1189 2953 1550 3025 copulantur
1583 2957 1871 3027 tanquam
1886 2954 1947 3010 in

293 3048 496 3101 centro
522 3059 591 3100 ac
624 3042 939 3117 principio,
975 3041 1083 3098 sed
1114 3042 1233 3099 alia
1293 3043 1371 3099 ab
1413 3042 1543 3099 aliis
1593 3047 1950 3116 separantur

293 3149 398 3207 per
427 3133 907 3224 temperationes.
941 3133 1089 3224 Hinc
1120 3133 1280 3188 enim
1306 3132 1527 3224 ingenii
1565 3136 1649 3224 et
1694 3148 1950 3224 propen-
1984 3169 2023 3224 Ο

295 3223 479 3278 sionis
507 3222 569 3277 in
593 3221 774 3277 rebus
803 3221 1139 3277 diversitas.
1162 3225 1309 3278 Nam
1349 3222 1516 3294 quod
1560 3222 1621 3277 in
1663 3222 1843 3277 rebus
1864 3226 1951 3277 est

295 3311 638 3385 proclivitas
668 3310 745 3367 ad
775 3311 1160 3377 discordiam,
1195 3310 1274 3367 ad
1290 3311 1667 3382 superiorum
1688 3311 1949 3383 partium

297 3400 760 3469 aﬂ‘ectationem,
797 3401 875 3457 ad
891 3402 1335 3458 distinctionem
1356 3406 1412 3457 et
1431 3401 1547 3458 alia
1570 3401 1807 3469 similia,
1838 3402 1950 3457 hoc

294 3496 450 3548 certe
470 3495 697 3548 naturae
717 3507 838 3549 non
860 3496 946 3548 est
960 3491 1508 3559 tribuendum.Quo
1530 3496 1725 3563 pacto,
1743 3506 1952 3564 quaeso

294 3585 513 3638 natura
542 3596 680 3654 quas
710 3581 770 3637 in
804 3597 869 3637 se
896 3581 1352 3654 comprehendit
1381 3585 1439 3637 et
1480 3580 1701 3651 colligit
1747 3580 1953 3637 omnia

295 3674 352 3727 et
380 3670 663 3726 omnibus
685 3669 788 3726 dat
817 3671 1157 3741 essentiam,
1189 3670 1378 3726 videri
1409 3670 1597 3743 possit
1648 3668 1953 3742 impellere

296 3759 503 3816 omnia
531 3759 610 3814 ad
635 3759 1020 3831 discordiam,
1052 3760 1131 3816 ad
1162 3761 1542 3831 superiorum
1573 3760 1835 3831 partium
1861 3758 1955 3815 af-

297 3847 676 3905 fectationem
704 3853 762 3905 et
790 3849 1253 3921 disjunctionem
1279 3849 1306 3904 ?
1338 3852 1455 3905 Hoc
1488 3853 1641 3905 certe
1693 3849 1821 3905 fieri
1856 3864 1955 3904 ne-

298 3938 444 4011 quit.
471 3939 584 3995 Sed
614 3939 727 3995 ista
752 3943 808 3994 et
851 3939 979 3995 istis
1031 3940 1207 4013 plura
1254 3939 1371 3996 alia
1420 3939 1955 4011 temperationibus

300 4031 442 4083 sunt
472 4026 811 4082 tribuenda.
832 4027 1060 4083 Etenim
1080 4032 1297 4084 natura
1321 4028 1633 4100 proposito
1657 4027 1776 4083 ﬁne
1794 4026 1956 4083 malo

300 4115 447 4171 nihil
477 4132 750 4188 unquam
789 4116 983 4172 facere
1014 4132 1304 4187 aggressa
1328 4121 1435 4184 est,
1471 4117 1578 4173 sed
1601 4117 1807 4173 omnia
1830 4116 1961 4187 pul-

303 4204 504 4261 chrius
542 4220 730 4279 quam
752 4204 869 4262 dici
894 4206 1082 4278 possit
1110 4207 1170 4261 in
1198 4206 1393 4261 lucem
1463 4206 1669 4272 edidit,
1716 4211 1962 4278 accepta

302 4294 591 4350 nimirum
617 4294 897 4352 facultate
929 4311 965 4351 a
996 4295 1191 4367 primo
1211 4295 1310 4351 illo
1341 4299 1397 4351 et
1426 4296 1731 4368 praecipuo
1757 4311 1957 4351 rerum

303 4384 578 4439 omnium
607 4384 923 4457 principio.
939 4384 1463 4456 Temperationum
1487 4390 1688 4441 autem
1704 4385 1958 4439 varietas

302 4487 442 4527 cum
482 4473 841 4545 proprietate
870 4473 1068 4538 mista,
1102 4488 1225 4529 non
1240 4473 1417 4529 unius
1443 4473 1770 4546 similisque
1792 4472 1959 4528 modi

301 4578 396 4617 res
426 4561 646 4619 multas
675 4563 877 4619 edidit.
909 4566 1058 4619 Nam
1103 4564 1564 4636 temperationes
1595 4580 1800 4620 secum
1834 4568 1957 4619 tra—

298 4652 451 4708 hunt
475 4668 713 4724 semper
738 4653 1005 4709 inﬁnitas
1034 4670 1234 4709 rerum
1272 4670 1570 4710 novarum
1598 4654 1954 4709 molitiones.

303 4743 631 4799 Suntenim
656 4743 903 4799 infinitae
944 4746 1426 4816 temperationes.
1458 4747 1522 4800 Et
1563 4744 1959 4816 quemadmo-

300 4831 449 4888 dum
481 4832 775 4889 elementa
801 4849 837 4890 a
862 4834 1397 4902 naturaexsistunt,
1430 4833 1536 4888 sed
1577 4833 1959 4889 suntintinita

301 4940 440 4996 quae
472 4938 543 4979 ex
571 4922 879 4979 elementis
897 4930 1362 4996 componuntur,
1381 4925 1461 4981 ita
1474 4924 1959 4995 etiamtempera-

302 5014 496 5070 tiones
526 5018 667 5069 sunt
694 5013 755 5069 in
788 5014 1115 5086 elementis,
1159 5014 1264 5071 sed
1288 5019 1427 5071 sunt
1453 5013 1701 5070 inﬁnitae
1733 5018 1958 5085 tempe-

302 5103 606 5159 rationum
634 5103 1050 5176 proprietates.
1076 5103 1302 5159 Idcirco
1331 5104 1390 5160 in
1424 5102 1698 5169 metallis,
1744 5101 1958 5173 lapidi-

302 5193 441 5259 bus,
476 5192 718 5266 plantis,
742 5193 1063 5258 alimentis,
1094 5194 1444 5250 humoribus
1487 5199 1543 5249 et
1595 5191 1961 5249 animalibus

302 5282 549 5342 infinitae
585 5289 724 5341 sunt
756 5284 1365 5357 temperationesquae
1397 5285 1742 5340 varietatem
1764 5281 1961 5338 multi-

302 5378 519 5451 plicem
552 5376 813 5432 afferunt
828 5375 1204 5448 corporibus,
1230 5372 1960 5431 incitationibusvolunta-

303 5468 423 5538 riis,
458 5465 941 5539 proprietatibus,
971 5466 1331 5535 actionibus,
1356 5463 1958 5537 apprehensionibus,

304 5558 735 5623 habilitatibus,
766 5556 997 5627 ﬁguris,
1026 5556 1557 5629 propensionibus,
1612 5559 1668 5610 et
1716 5554 1962 5627 reliquis

304 5650 612 5708 omnibus.
638 5650 1010 5721 Quapropter
1035 5647 1496 5718 temperationes
1518 5647 1866 5703 varietatem
1902 5648 1963 5703 in

305 5738 509 5799 rerum
539 5743 821 5797 naturam
852 5737 1260 5808 introducunt,
1292 5743 1350 5794 et
1375 5737 1723 5795 uniusmodi
1760 5752 1962 5794 rerum

1160 397 1512 454 THEODORI
1551 397 1596 452 ll
1638 398 1769 453 IMP.
1805 397 1894 451 DE
1953 394 2406 453 COIMUNIONE
2458 396 2836 452 NATURALI.

3572 392 3708 445 1298

2051 522 2107 572 τό
2158 518 2410 584 ποικίλον,
2441 523 2530 571 καὶ
2570 518 2739 590 ἐξάγει
2782 521 2840 570 τὸ
2908 516 3115 570 ἐνιαῖον.
3169 515 3227 569 Εἰ
3264 516 3363 588 γὰρ
3409 516 3476 568 ὡς
3530 511 3576 564 ἐν
3640 521 3700 583 τῇ

2053 612 2224 681 φύσει,
2316 611 2394 660 ὅτι
2472 616 2565 670 τῆς
2650 610 2848 680 φύσεως
2912 607 3160 675 ἑνοῦνται,
3240 604 3439 663 ἐνιαίως
3505 602 3711 653 ἅπαντα

2052 702 2317 772 ὑπῆρχον,
2350 699 2519 750 καὶέν
2558 705 2671 759 ταῖς
2727 700 2950 771 κράσεσι
3006 698 3139 747 κατά
3193 698 3346 767 φύσιν
3397 692 3455 743 ἀν
3526 694 3712 765 ἔπρατ-

2052 806 2159 848 τον,
2235 788 2315 838 ὀτι
2413 783 2473 839 δέ
2524 806 2582 857 γε
2651 785 2979 838 ποικίλλουσι
3038 792 3204 835 ταῦτα
3259 784 3491 854 κράσεις,
3549 778 3711 831 πολλὰ

2057 879 2453 946 συνεισάγονται
2528 877 2698 927 ἄτοπα
2786 880 2875 926 xui
2948 872 3247 947 ἀπροσφυῆ,
3312 870 3474 922 πολλα
3542 864 3600 919 δε
3649 887 3707 938 γε

2054 970 2144 1016 καὶ
2234 962 2493 1036 ἀναγκαῖα
2556 969 2645 1016 xui
2706 972 2971 1037 προσφυῇ,
3055 965 3185 1014 ὥστε
3239 963 3295 1013 τὸ
3375 961 3508 1009 κατα
3557 960 3712 1029 φύσιν

2056 1055 2349 1126 τελούμενον
2408 1054 2564 1107 ἐκεῖνο
2622 1059 2711 1105 καὶ
2801 1052 3098 1124 ἀναγκαῖον,
3155 1055 3212 1104 τό
3268 1047 3327 1102 δὲ
3382 1050 3517 1100 κατά
3591 1052 3713 1120 κρα-

2060 1163 2141 1195 σιν
2196 1140 2290 1196 διὰ
2352 1147 2409 1195 τὸ
2462 1143 2724 1195 ποικίλλον
2790 1143 2883 1195 οῦκ
2946 1141 3023 1194 ἀεὶ
3085 1140 3382 1211 ἀναγκαῖον.
3440 1136 3574 1189 ’Λλλ’
3632 1138 3715 1187 ὅτε

2056 1238 2145 1285 καὶ
2180 1233 2309 1291 αῦτη
2354 1235 2383 1291 ἡ
2432 1240 2616 1307 κρᾶσις
2673 1232 2934 1305 εἰλικρινὲς
2996 1253 3009 1264 ·
3071 1230 3280 1303 φυλάξει
3326 1232 3383 1280 τὸ
3431 1227 3568 1288 τελος
3621 1232 3712 1277 τοῦ

2058 1325 2384 1397 πράγματος,
2446 1322 2512 1383 εἰς
2569 1322 2594 1373 ὃ
2649 1319 2920 1373 ἀπιδοῦσα
2958 1323 2986 1379 ἡ
3039 1324 3214 1391 φύσις,
3274 1326 3425 1370 τοῦτο
3472 1316 3714 1387 γενέσθαι

2060 1412 2291 1469 ἐκίνησεν
2346 1417 2496 1466 αἴσια
2545 1412 2659 1470 τέλη
2702 1411 2849 1479 τελεῖ,
2900 1413 3019 1464 ὅταν
3079 1407 3137 1462 δὲ
3190 1416 3303 1470 ταῖς
3363 1404 3713 1479 ἰδιοτροπίαις

2062 1498 2227 1573 ἀπίδῃ
2303 1505 2389 1552 xui
2476 1499 2607 1572 λάϐῃ
2683 1499 2867 1552 ἐκεῖθεν
2949 1504 3042 1557 την
3122 1503 3333 1569 σχέσιν,
3388 1494 3713 1569 παρεκκλίνει

2062 1598 2153 1642 τοῦ
2225 1586 2449 1651 δέοντος.
2506 1586 2711 1650 Μηδεὶς
2760 1587 2818 1642 δὲ
2884 1591 3209 1640 ύποτοπάσει
3266 1588 3345 1638 ὅτι
3399 1588 3452 1636 αἱ
3499 1586 3714 1657 κράσεις

2063 1680 2190 1751 οὐχὶ
2266 1688 2357 1740 τῆς
2432 1684 2628 1751 φύσεώς
2697 1680 2799 1731 εἰσι
2873 1678 3103 1750 (λέγομεν
3159 1680 3222 1737 ὡς
3277 1676 3323 1727 ἐν
3377 1684 3448 1745 τῷ
3502 1670 3714 1746 διέρχε-

2066 1771 2190 1821 σθαι
2250 1773 2367 1829 τοῦς
2413 1766 2582 1826 τῆσδε
2623 1768 2823 1840 λόγους)
2860 1790 2871 1801 ·
2928 1777 3077 1820 τοῦτο
3125 1768 3226 1839 γὰρ
3282 1767 3472 1817 άτοπον
3532 1784 3545 1796 ·
3604 1771 3714 1823 πῶς

2060 1862 2161 1931 γὰρ
2239 1858 2297 1910 ού
2346 1861 2488 1933 παρά
2530 1868 2617 1919 τῆς
2666 1862 2867 1929 φύσεως
2938 1860 3033 1919 τάς
3077 1859 3291 1929 κράσεις
3341 1858 3481 1925 ἔχειν
3534 1854 3713 1924 ὡρμη-

2064 1967 2223 2019 σαμεν
2292 1946 2351 1998 ἀν
2434 1948 2589 1999 εἰπεῖν
2647 1953 2739 2005 την
2803 1946 3074 2011 όντότητα,
3148 1948 3236 2005 τας
3283 1946 3475 2016 μικτάς
3661 1939 3715 1990 ἐκ

2061 2047 2150 2099 τῆς
2233 2037 2396 2097 ἁπλῆς
2442 2054 2455 2092 :
2508 2037 2777 2109 Ἀπαγέτω
2848 2039 2874 2089 ὁ
2944 2040 3108 2098 οὕτως
3160 2034 3443 2094 ἀπατηθεὶς
3514 2035 3572 2083 τό
3631 2029 3713 2081 ἀντ

2062 2130 2463 2197 επιστημονικόν
2534 2131 2623 2178 καὶ
2694 2126 2944 2200 ἐρευνάτω
3016 2129 3075 2177 τό
3145 2122 3343 2183 ἀληθές.
3414 2120 3549 2174 ’Δλλ’
3610 2120 3710 2171 εἰσὶ

2058 2218 2293 2290 κράσεις,
2329 2219 2440 2268 ἔστι
2490 2212 2549 2267 δὲ
2616 2220 2704 2267 καὶ
2779 2218 2951 2287 φύσις,
3008 2216 3253 2273 ὡσαύτως
3321 2208 3379 2264 δὲ
3433 2231 3522 2261 και
3577 2229 3715 2262 στοι-

2058 2312 2184 2376 χεία
2248 2326 2261 2339 ·
2323 2309 2527 2378 κέντρον
2593 2306 2694 2379 γὰρ
2778 2309 2868 2356 καὶ
2962 2302 3103 2377 ἀρχὴ
3178 2304 3329 2373 φύσις
3378 2300 3712 2370 ἁπανταχοῦ,

2058 2401 2227 2446 ταῦτα
2284 2390 2343 2447 δὲ
2382 2396 2549 2451 πάντη
2593 2398 2709 2468 περὶ
2767 2392 2928 2451 αὐτὴν
2987 2396 3055 2453 ὡς
3104 2391 3151 2443 ἐν
3215 2391 3284 2443 ἐνὶ
3330 2390 3457 2460 ἡλίῳ
3503 2386 3715 2461 ἀτμίὸες

2059 2483 2113 2545 ἐξ
2162 2485 2447 2557 ὑγρότητος
2498 2484 2526 2542 ἢ
2581 2484 2795 2555 αὐχμοῦ
2854 2481 3217 2557 ἀνερχόμεναι,
3279 2482 3511 2533 κάκεῖθεν
3564 2475 3716 2539 αὖθις

2060 2569 2419 2644 διαλυόμεναι,
2520 2578 2609 2624 xui
2693 2576 2823 2646 πρὸς
2896 2574 3081 2645 μικρὸν
3166 2574 3531 2641 σνναγόμεναι,
3626 2573 3717 2619 καὶ

2060 2665 2223 2723 οὕτως
2304 2664 2647 2733 πεμπόμεναι,
2747 2665 2837 2712 xui.
2930 2665 3180 2712 ποιοῦσαι
3253 2666 3402 2711 τοῦτο
3482 2656 3579 2713 ἀεί.
3654 2660 3717 2710 Αἱ

2063 2751 2278 2823 κράσεις
2354 2752 2456 2823 γὰρ
2549 2754 2760 2822 σχέσεις
2830 2754 2919 2802 καὶ
2986 2746 3310 2822 ἱδιοτροπίαι
3395 2748 3497 2801 εἰσί
3562 2767 3715 2817 τινες,

2068 2953 2549 3010 constitutionem
2565 2953 2826 3025 ejiciunt.
2861 2952 3103 3023 Si,enim
3118 2957 3184 3009 ut
3207 2952 3266 3008 in
3289 2956 3525 3021 natura,
3544 2952 3719 3023 cujus

2066 3045 2299 3101 ratione
2336 3060 2432 3100 res
2472 3059 2685 3100 omnes
2700 3042 3389 3100 naturalesunicomodo
3411 3042 3718 3108 uniuntur,

2068 3133 2438 3200 exsisterent,
2461 3133 2520 3189 in
2570 3132 3102 3205 temperatiouibus
3158 3131 3336 3188 etiam
3386 3131 3721 3187 secundum

2068 3226 2350 3278 naturam
2378 3227 2642 3291 egerent.
2673 3222 2785 3278 Sed
2806 3221 2951 3294 quia
2978 3221 3327 3277 varietatem
3353 3220 3479 3276 illis-
3498 3226 3724 3292 tempe-

2068 3311 2330 3367 rationes
2362 3309 2875 3378 aﬁ‘erunt,idcirco
2891 3309 3077 3365 multa
3118 3308 3726 3365 introducunturino-

2070 3400 2239 3457 sitate
2265 3403 2323 3456 et
2351 3399 2567 3465 aliena,
2600 3399 2788 3456 multa
2803 3416 3046 3472 quoque
3067 3399 3723 3454 uecessariaetnaturae

2071 3488 2483 3559 congruentia.
2518 3490 2708 3552 Quare
2738 3488 3035 3563 quidquid
3088 3487 3422 3543 secundum
3446 3491 3725 3543 naturam

2072 3578 2343 3645 efﬁcitur,
2368 3578 2516 3634 illud
2542 3578 2719 3634 etiam
2744 3583 2831 3633 est
2859 3578 3295 3645 necessarium;
3321 3577 3425 3633 sed
3451 3576 3616 3649 quod
3640 3592 3729 3631 se-

2072 3668 2343 3724 cundum
2374 3667 2869 3739 temperationem
2900 3667 3171 3737 efficitur,
3200 3673 3442 3739 propter
3475 3665 3727 3722 varieta-

2071 3762 2195 3815 tem
2225 3773 2347 3813 non
2378 3762 2467 3813 est
2497 3772 2734 3828 semper
2760 3758 3186 3813 necessarium.
3224 3757 3338 3814 Sed
3367 3757 3563 3829 siipsa
3585 3762 3729 3812 tem-

2071 3848 2302 3921 peratio
2339 3848 2639 3903 sincerum
2667 3847 2748 3902 rei
2779 3847 2960 3903 tinem
2992 3850 3204 3914 servat,
3248 3847 3326 3902 ad
3355 3862 3537 3919 quem
3566 3860 3733 3918 spec-

2072 3946 2207 3998 tans
2223 3942 2437 3995 natura
2449 3942 2513 3993 ut
2529 3954 2622 3994 res
2642 3942 3071 4009 procrearetur,
3085 3937 3245 3993 viam
3260 3954 3433 3993 suam
3446 3953 3515 3993 ex
3524 3953 3733 4009 prom-

2075 4029 2214 4103 psit,
2251 4032 2388 4083 tunc
2414 4026 2552 4083 felix
2581 4027 2666 4082 rei
2695 4028 2887 4082 exitus
2918 4026 3067 4082 solet
3106 4026 3387 4083 exsistere
3443 4046 3456 4095 ;
3511 4027 3603 4082 sin
3652 4026 3733 4083 ad

2077 4134 2217 4175 suas
2241 4116 2635 4190 proprietates
2666 4132 2730 4171 se
2761 4116 3141 4181 convertit,et
3168 4115 3328 4171 illinc
3362 4115 3733 4172 habilitatem

2080 4210 2327 4280 accepit,
2360 4212 2503 4263 tunc
2531 4222 2566 4261 a
2595 4210 2755 4261 recto
2784 4204 3094 4262 deﬂectere
3127 4205 3293 4262 solet.
3352 4208 3538 4262 Nemo
3588 4221 3732 4261 vero

2077 4297 2372 4354 existimet
2408 4295 2469 4351 in
2496 4295 2591 4351 his
2648 4294 3019 4367 explicandis
3068 4311 3179 4350 nos
3213 4295 3409 4351 dicere
3438 4301 3731 4367 tempera-

2076 4387 2267 4443 tiones
2291 4401 2415 4441 nou
2472 4398 2602 4439 esse
2659 4390 2909 4439 naturae.
2968 4386 3087 4439 Hoc
3136 4383 3295 4439 enim
3340 4390 3494 4440 esset
3526 4384 3734 4439 absur-

2075 4476 2249 4531 dum.
2283 4473 2600 4540 Quomodo
2634 4473 3730 4545 enimtemperationesidquodsunta

2076 4570 2293 4622 natura
2320 4562 2544 4620 habere
2591 4577 2811 4632 negare
2858 4578 3177 4633 possemus
3229 4563 3256 4618 ?
3295 4562 3544 4634 perinde
3588 4579 3658 4619 ac
3685 4564 3734 4618 si

2076 4654 2412 4710 diceremus
2443 4651 2904 4723 temperationes
2930 4667 3066 4722 quae
3098 4651 3522 4707 admistionem
3550 4652 3735 4707 susci-

2078 4744 2249 4817 piunt
2275 4759 2348 4798 ex
2378 4741 2633 4814 simplici
2664 4757 2783 4797 non
2803 4741 3057 4797 misceri.
3124 4741 3235 4807 Qui
3265 4742 3381 4797 hoc
3429 4741 3613 4798 modo
3634 4742 3734 4797 de-

2078 4838 2286 4905 ceptus
2318 4837 2405 4888 est
2436 4831 2680 4903 abjiciat
2710 4831 3117 4901 ignorantiam
3135 4834 3501 4887 etscrutetur
3521 4831 3735 4887 verita-

2078 4928 2218 4979 tem.
2251 4922 2369 4977 Sed
2398 4926 2538 4977 sunt
2567 4921 3052 4993 temperationes,
3119 4925 3208 4977 est
3260 4921 3439 4978 etiam
3496 4926 3732 4991 natura,

2079 5011 2668 5070 consimiliteretiam
2714 5016 2854 5066 sunt
2918 5010 3232 5066 elementa.
3284 5014 3509 5068 Natura
3572 5011 3734 5067 enim

2079 5108 2351 5160 centrum
2391 5107 2480 5158 est
2508 5106 2565 5157 et
2593 5101 2977 5174 principium,
3005 5116 3392 5173 quocumque
3424 5108 3474 5157 te
3512 5107 3733 5169 vertas,

2079 5194 2179 5250 illa
2212 5209 2355 5249 vero
2386 5192 2592 5248 omnia
2614 5196 2756 5247 sunt
2779 5192 2937 5247 circa
2984 5192 3182 5260 ipsam
3228 5207 3241 5245 :
3283 5206 3408 5247 non
3453 5206 3625 5247 secus
3654 5195 3736 5247 at-

2080 5300 2198 5357 que
2226 5284 2288 5339 in
2310 5299 2432 5339 uno
2461 5281 2583 5338 sole
2605 5281 2757 5337 radii
2779 5281 2883 5353 qui
2923 5298 2995 5337 ex
3021 5281 3293 5347 humore,
3354 5285 3459 5337 aut
3487 5296 3736 5353 vapore,

2083 5378 2187 5431 aut
2222 5378 2373 5429 aestu
2398 5371 2585 5429 exorti
2608 5387 2850 5427 sursum
2904 5387 3109 5426 versus
3158 5370 3411 5426 tendunt
3477 5374 3534 5426 et
3577 5368 3737 5425 illinc

2080 5479 2289 5520 rursus
2354 5462 2743 5535 dissipantur,
2806 5461 3222 5533 paulatimque
3279 5459 3639 5530 colliguntur
3681 5465 3739 5517 et

2080 5570 2290 5611 rursus
2313 5553 2627 5609 mittuntur
2656 5558 2836 5626 atque
2863 5567 3101 5623 semper
3128 5551 3244 5607 hoc
3281 5550 3465 5607 modo
3521 5552 3739 5606 iteran-

2081 5650 2201 5702 tur.
2228 5648 2374 5703 Sunt
2398 5644 2559 5700 enim
2590 5643 2876 5717 quaedam
2894 5642 3377 5716 temperationes,
3400 5641 3740 5699 habilitates

2083 5742 2140 5795 et
2164 5736 2579 5810 proprietates,
2611 5749 2717 5807 per
2744 5750 2899 5807 quas
2936 5734 3227 5791 uniuntur
3254 5732 3455 5790 omnia
3510 5748 3622 5805 pro
3668 5748 3740 5789 eo
