4444 6452
686 367 825 420 1299

2223 358 2580 417 ΑΒΒΕΝΠΑ.

3968 366 4108 424 1300

693 485 766 541 δι’
807 490 874 539 ὧν
929 489 1159 542 ἑνοὺνται
1206 494 1375 543 πάντα
1440 492 1576 541 κατὰ
1619 494 1677 541 τὸ
1735 493 1974 559 πεφυκὸς,
2038 506 2128 537 και
2177 505 2345 537 ταυτα
2374 488 2420 538 Α
2449 491 2735 557 νοήσωμεν,
2802 485 3027 558 ἐμψύχῳ
3096 492 3202 540 ὄντι
3249 508 3337 540 και
3385 489 3595 561 λογικῷ.
3655 493 3721 541 τὰ
3754 499 3850 552 τῆς
3907 496 4106 563 φύσεως

690 581 778 648 μὲν
838 579 1016 638 οὕτως.
1083 580 1225 631 Ἐπεὶ
1275 577 1334 631 δὲ
1389 583 1541 650 φύσιν
1613 584 1702 629 καὶ
1777 580 1990 651 κράσείς
2064 575 2340 645 πολλαχῶς

689 686 781 717 και
855 668 1155 739 πολυμερῶς
1223 669 1572 733 ἐξετάσαντες,
1642 671 1689 720 ἓν
1755 687 1809 719 τε
1862 672 2136 736 νοήμασιν,
2198 669 2245 719 ἔν
2290 686 2343 718 τε

692 755 888 825 λόγοις,
944 760 991 808 ἓν
1035 777 1086 809 τε
1152 764 1449 829 σχήμασιν,
1533 760 1579 809 ἓν
1643 777 1696 809 τε
1774 756 2097 827 ἐπιστήμαις,
2184 758 2230 807 ἓν
2290 776 2341 809 τε

698 851 1003 916 στοιχείοις,
1073 849 1120 897 ἓν
1167 865 1219 898 τε
1255 846 1442 910 λίθοις,
1493 850 1540 897 ἔν
1606 865 1661 897 τε
1702 845 1983 917 μετάλλοις,
2027 847 2076 896 ἓν
2138 864 2191 896 τε
2252 866 2345 916 φυ-

694 941 822 997 τοῖς,
856 938 903 985 ἔν
957 954 1011 987 τε
1048 940 1278 1007 τροφαῖς,
1333 938 1381 986 ἕν
1430 955 1483 987 τε
1558 943 1773 1007 χυμοῖς,
1807 938 1855 987 ἓν
1911 954 1964 986 τε
2032 936 2203 1002 ζώοις,
2256 955 2346 986 και

696 1026 925 1094 εὑρόντες
980 1032 1253 1095 πανταχοῦ
1310 1028 1372 1076 τὰ
1410 1028 1503 1076 ἴσα
1566 1021 1831 1095 ἰδιώματα
1891 1022 1951 1074 ἄν
2012 1022 2348 1097 προσάλληλα

696 1116 957 1183 φέρουσιν,
1036 1114 1065 1169 ἡ
1148 1116 1304 1184 φύσις
1368 1133 1458 1165 και
1506 1115 1560 1164 αἱ
1633 1115 1862 1187 κράσεις,
1928 1132 2017 1164 και
2067 1120 2169 1172 πῶς
2226 1131 2348 1164 ποτε

2153 1199 2211 1254 δὲ
2258 1222 2347 1254 και

690 1293 814 1340 πότε
856 1309 945 1340 και
984 1293 1118 1341 κατὰ
1147 1296 1199 1341 τί
1230 1309 1320 1341 και
1377 1289 1425 1341 ἐν
1478 1295 1581 1341 τίνι
1638 1290 1696 1341 οὐ
1748 1298 2102 1358 κοινωνονσιν,
2159 1292 2347 1361 ὁμοίως

692 1208 998 1252 κοινωνοῦσι
1089 1220 1177 1252 και
1245 1205 1380 1253 κατά
1433 1207 1481 1253 τί
1553 1222 1643 1253 και
1703 1201 1750 1253 ἐν
1794 1206 1920 1270 τίνι,
1972 1210 2075 1261 πῶς

689 1376 865 1439 ἔξίσου
932 1379 980 1430 ἓν
1042 1380 1161 1440 ὅλας
1249 1383 1523 1441 νοήσαντες
1616 1399 1705 1431 και
1762 1381 2009 1453 εὑρόντες,
2070 1378 2349 1451 ἀναγκαῖόν

688 1465 829 1519 ὶστιν
866 1466 1143 1538 ἐρευνῆσαι
1210 1468 1348 1519 αὐτὰ
1391 1488 1482 1519 και
1535 1468 1608 1529 εἰς
1663 1472 1719 1519 τὸ
1778 1467 2019 1540 ἔμψυχον
2077 1470 2207 1529 ζὼον
2262 1472 2351 1521 και

686 1555 912 1625 λογικόν.
1003 1558 1088 1617 Εἰς
1144 1566 1298 1609 τοῦτο
1357 1561 1456 1630 γὰρ
1513 1577 1601 1608 και
1648 1560 1798 1628 φύσις
1849 1577 1937 1608 και
1990 1564 2180 1629 κρᾶσις
2235 1562 2349 1620 ἣτις

688 1643 982 1706 ἐξετάζεται
1066 1649 1159 1697 σὺν
1202 1654 1262 1717 τῇ
1331 1649 1501 1717 φύσει.
1566 1647 1744 1705 Οὕτως
1794 1648 1895 1716 ’γὰρ
1961 1646 2020 1697 ἆν
2078 1645 2125 1697 ἐν
2195 1650 2371 1718 τούτῳ

691 1783 760 1823 ac
790 1772 1005 1823 natura
1018 1768 1387 1836 singulorum
1414 1768 1541 1833 fert,
1557 1773 1735 1841 atque
1751 1769 1873 1824 haec
1906 1770 2154 1841 quidem
2171 1771 2332 1826 hunc

688 1857 749 1912 in
775 1857 1027 1913 modum
1053 1857 1297 1914 habent.
1330 1859 1628 1924 Quoniam
1658 1864 1857 1915 autem
1890 1859 2082 1914 multis
2138 1860 2331 1915 modis

692 1946 1212 2018 multipliciterque
1244 1948 1735 2017 investigavimus
1749 1953 2031 2003 naturam
2047 1954 2103 2003 et
2124 1954 2342 2021 tempe-

692 2035 947 2091 rationes
986 2035 1047 2089 in
1074 2036 1286 2090 mentis
1327 2036 1619 2105 cogitatis,
1642 2036 1701 2091 in
1724 2036 2074 2101 rationibus,
2104 2038 2163 2092 in
2194 2037 2343 2106 ﬁgu-

689 2124 793 2186 ris,
835 2124 894 2179 in
925 2124 1208 2193 scientiis,
1248 2125 1306 2179 in
1329 2124 1655 2190 elementis,
1690 2126 1750 2180 in
1770 2125 2093 2196 lapidibus,
2129 2128 2190 2181 in
2216 2144 2339 2183 me-

686 2212 863 2279 tallis,
893 2214 951 2268 in
989 2214 1228 2280 plantis,
1260 2215 1320 2268 in
1355 2214 1671 2275 alimentis,
1716 2215 1774 2269 in
1808 2216 2162 2271 humoribus
2192 2221 2249 2272 et
2278 2217 2336 2272 in

684 2302 1063 2369 animalibus,
1089 2302 1419 2373 reperimus
1445 2308 1647 2358 autem
1683 2303 1903 2375 ubique
1945 2307 2339 2377 proprietates

678 2406 832 2462 quas
864 2390 1173 2445 conferunt
1204 2390 1312 2445 sibi
1344 2390 1494 2445 inter
1531 2406 1593 2444 se
1614 2396 1829 2446 natura
1850 2396 1905 2447 et
1952 2394 2338 2464 temperatio-

680 2495 808 2545 nes,
841 2478 1345 2551 consimiliterque
1361 2479 1874 2535 consideravimus
1889 2486 1944 2536 et
1960 2482 2339 2538 animadver-

680 2568 859 2624 timus
881 2568 1191 2640 quomodo
1230 2573 1285 2623 et
1316 2570 1584 2640 quando,
1639 2569 1975 2625 secundum
2025 2571 2173 2642 quid
2200 2573 2335 2627 etin

679 2675 803 2731 quo
832 2659 1115 2715 universa
1154 2658 1306 2714 inter
1361 2675 1423 2714 se
1489 2660 1958 2725 communicent,
2003 2667 2059 2715 et
2107 2666 2334 2729 contra,

679 2747 990 2820 quomodo
1030 2752 1085 2803 et
1112 2747 1380 2819 quando,
1411 2747 2043 2819 secundumquidetin
2072 2765 2195 2821 quo
2213 2765 2335 2805 non

681 2837 1139 2905 communicent,
1166 2851 1409 2891 necesse
1438 2842 1526 2892 est
1550 2837 2094 2893 considerationem
2156 2843 2213 2893 et
2230 2838 2335 2893 cir-

680 2925 1194 2997 cumspectionem
1216 2929 1485 2980 nostram
1509 2924 1588 2980 ad
1618 2926 1955 2980 animatum
1991 2926 2217 2982 animal
2284 2932 2340 2982 et

680 3013 927 3069 rationis
956 3014 1253 3085 particeps
1280 3012 1614 3069 transferre.
1647 3016 1791 3068 Nam
1824 3014 1902 3068 ad
1943 3014 2058 3070 hoc
2110 3019 2340 3085 spectat

684 3106 901 3157 natura
929 3107 987 3157 et
1014 3102 1365 3173 temperatio
1394 3117 1581 3173 quam
1611 3118 1751 3157 cum
1765 3108 1983 3159 natura
2005 3109 2338 3174 perscruta-

684 3208 841 3248 mur.
875 3196 993 3249 Hoc
1022 3192 1183 3248 enim
1214 3192 1398 3248 modo
1424 3192 1482 3247 in
1508 3192 1622 3248 hoc
1689 3192 1936 3249 animali
1994 3193 2263 3249 animato
2283 3198 2339 3249 et
2382 3198 2421 3251 C

2452 580 2540 626 καὶ
2622 584 2721 625 τῶν
2796 577 3027 648 κράσεων
3109 577 3475 649 ἐκτελέσματα,
3557 584 3645 630 καὶ
3734 576 4105 651 διαστείλωμεν

2455 663 2508 715 ἐκ
2576 672 2673 715 τὼν
2731 670 3032 737 κρειττόνων
3100 670 3164 718 τα
3233 672 3467 741 χείρονα,
3529 688 3618 719 και
3679 669 3733 720 ἐκ
3803 680 3903 721 τὼν
3956 674 4108 743 φύσει

2454 755 2521 804 τὰ
2570 756 2734 824 τύχῃ,
2782 759 2870 805 καὶ
2918 753 2970 805 ἐκ
3025 763 3124 806 τῶν
3182 754 3595 827 ἐπιστημονικῶν
3648 759 3714 808 τὰ
3742 764 3813 829 μὴ
3870 768 4105 827 τοιαῦτα,

2456 846 2546 893 καὶ
2577 841 2630 893 ἐκ
2661 851 2759 894 τῶν
2805 849 3061 916 φρονίμων
3104 848 3167 896 τα
3216 843 3408 902 ἀνόητα
3463 851 3552 897 καὶ
3608 849 3674 898 τὰ
3714 855 3806 898 τοῦ
3857 850 4105 922 θράσους,

2456 950 2546 981 και
2572 929 2626 982 ἐκ
2651 939 2750 982 τῶν
2782 927 3040 1004 ἀνδρικῶν
3076 935 3141 983 τὰ
3177 930 3409 1005 ψοφοδεῆ
3445 954 3532 985 και
3590 939 3654 987 τὰ
3708 944 3799 987 τοὺ
3859 939 4107 1008 θρασους,

2457 1040 2547 1071 και
2616 1019 2671 1071 ἐκ
2754 1028 2852 1071 τῶν
2937 1030 3265 1095 σωφρονικῶν
3333 1025 3398 1074 τὰ
3489 1032 3579 1083 τῆς
3644 1022 3924 1087 ἀκολασίας

2452 1109 2805 1184 ᾑλιθιοτητος,
2868 1129 2956 1161 και
3018 1109 3072 1160 ἐκ
3138 1119 3238 1161 τῶν
3288 1108 3506 1163 δικαίων
3591 1115 3655 1164 τὰ
3699 1121 3794 1175 τῆς
3826 1116 4114 1185 μειονεξίας

2456 1218 2545 1250 και
2604 1197 2913 1263 πλεονεξίας,
2979 1218 3068 1250 και
3142 1198 3196 1250 ἐκ
3275 1209 3368 1261 τῆς
3435 1199 3681 1264 ἀληθείας
3757 1206 3816 1254 τὸ
3891 1201 4111 1273 ψεῦδος,

2457 1308 2546 1338 και
2614 1286 2667 1337 ἐκ
2710 1291 2987 1348 τοῡόντος
3060 1292 3118 1339 τὸ
3177 1285 3412 1357 δοκήσει,
3473 1310 3559 1341 και
3613 1290 3667 1342 ἐκ

4021 1046 4113 1077 και

3762 1294 3967 1343 πάντων
4013 1300 4114 1344 τῶν

2458 1375 2624 1427 καλῶν
2705 1378 2769 1427 τὰ
2846 1378 3004 1443 κακὰ,
3058 1377 3083 1427 ὃ
3131 1397 3221 1428 και
3298 1384 3596 1451 ποιήσωμεν
3658 1378 3990 1441 ἐξετάσαντες
4046 1381 4117 1440 εὶς

2460 1464 2782 1535 ἐπιστήμην⁵
2844 1484 2930 1515 και
2986 1473 3179 1535 γνῶσιν
3238 1469 3558 1538 πραγμάτων
3637 1468 3833 1519 πολλῶν
3889 1488 4115 1545 συναρη-

2459 1557 2653 1624 γούσης
2683 1556 2806 1626 ἡμῖν
2844 1563 2935 1614 τῆς
2962 1550 3227 1626 δυνάμεως
3252 1564 3344 1607 τοῦ
3369 1564 3522 1610 Θεοῦ.

2451 1766 2698 1823 rationis
2722 1766 3008 1837 participe
3049 1768 3573 1824 considerabimus
3608 1775 3835 1825 naturae
3881 1776 3935 1825 et
3964 1775 4116 1825 tem-

2451 1855 2829 1929 perationum
2842 1854 3106 1923 effectus,
3130 1855 3642 1927 etdistinguemus
3660 1858 3811 1913 inter
3825 1865 4119 1930 praestan-

2453 1946 2601 2001 tiora
2630 1950 2684 1999 et
2705 1944 2931 2009 viliora,
2966 1944 3117 1999 inter
3160 1960 3231 1999 ea
3285 1961 3422 2017 quae
3480 1954 3620 2002 sunt
3672 1954 3891 2003 natura
3939 1948 4119 2003 etilla

2450 2051 2586 2108 quas
2612 2038 2751 2088 sunt
2776 2032 3036 2098 fortuna,
3071 2034 3225 2089 inter
3249 2050 3321 2090 ea
3351 2050 3486 2106 quae
3516 2036 3597 2091 ad
3628 2036 3938 2092 scientiam
3987 2054 4118 2108 per-

2447 2124 2638 2179 tinent
2673 2127 2729 2177 et
2756 2121 2855 2178 illa
2893 2138 3029 2193 quae
3094 2138 3217 2177 non
3272 2124 3589 2194 pertinent,
3642 2125 3795 2181 inter
3850 2129 4121 2182 actiones

2448 2213 2814 2284 prudentum
2837 2216 2893 2266 et
2914 2211 3177 2266 actiones
3210 2212 3667 2283 imprudentum
3692 2230 3762 2270 ac
3804 2215 4119 2287 improbo-

2447 2317 2602 2367 rum,
2631 2301 2783 2356 inter
2812 2300 3077 2355 actiones
3121 2300 3365 2357 fortium
3416 2302 3678 2358 virorum
3742 2310 3799 2359 et
3849 2306 4119 2359 actiones

2446 2390 2763 2446 hominum
2797 2388 3143 2445 timidorum
3165 2394 3220 2445 et
3247 2391 3721 2459 temerariorum,
3747 2383 3899 2448 inter
3930 2393 4091 2449 actio

2447 2496 2553 2536 nes
2581 2484 3044 2550 temperantum,
3076 2484 3134 2535 et
3172 2480 3438 2536 actiones
3498 2482 4008 2554 intemperantum
4049 2501 4121 2540 ac

2448 2569 2832 2641 stupidorum
2870 2569 3209 2633 hominum,
3252 2570 3405 2626 inter
3435 2573 3785 2644 aequitatem
3817 2580 3874 2630 et
3901 2574 4121 2647 iniqui-

2446 2661 2631 2713 tatem
2662 2674 2801 2712 cum
2834 2657 3051 2730 aliquis
3077 2658 3280 2731 inique
3296 2659 3549 2730 autplus
3573 2661 3896 2730 habet,aut
3915 2663 4122 2718 minus

2448 2745 2649 2812 habet,
2693 2746 2844 2801 inter
2875 2745 3028 2801 falsa
3057 2751 3114 2801 et
3140 2762 3299 2818 vera,
3333 2746 3486 2803 inter
3518 2747 3665 2803 illud
3693 2750 3861 2822 quod
3890 2766 3955 2807 re
3979 2764 4125 2807 vera

2448 2842 2554 2901 est,
2584 2840 2640 2890 et
2667 2834 2813 2890 illud
2850 2834 3015 2906 quod
3052 2835 3268 2907 aliquis
3308 2837 3589 2908 opinatur
3654 2854 3784 2894 esse
3826 2855 3967 2895 cum
3994 2856 4123 2895 non

2449 2925 2543 2991 sit,
2583 2925 2734 2980 inter
2774 2923 2937 2980 bona
2956 2928 3013 2979 et
3042 2923 3204 2981 mala
3231 2943 3243 2993 ;
3271 2926 3439 2997 quod
3457 2942 3569 2981 nos
3589 2928 3969 2998 perﬁciemus
3992 2945 4128 3001 per-

2449 3014 2757 3082 quirentes
2789 3013 3120 3070 multarum
3146 3030 3350 3070 rerum
3380 3016 3786 3086 cognitionem
3821 3024 3879 3074 et
3932 3019 4126 3075 scien-

2450 3105 2597 3160 tiam
2629 3103 2956 3173 adjuvante
2986 3118 3099 3159 nos
3134 3104 3235 3160 Dei
3273 3104 3545 3162 numine.

940 3512 2189 3691 ΘΕΟΔΟΡΟΥ
2289 3513 2705 3686 ΤΟΥ
2808 3515 3855 3690 ΛΑΣΚΑΡΙ

1187 3762 1317 3808 ΤΟΥ
1380 3760 1537 3808 ΥΙΟΥ
1589 3756 1724 3812 ΤΟΥ
1791 3760 2113 3808 ΜΕΓΑΛΟΥ
2181 3758 2503 3806 ΒΑΣΙΛΕΩΣ
2568 3758 2785 3806 ΚΥΡΟΥ
2847 3762 3150 3811 ΙΩΑΝΝΟΥ
3203 3762 3337 3810 ΤΟΥ
3401 3763 3622 3811 ΔΟΥΚΑ

1823 3941 2003 4007 ΤΗΣ
2053 3941 2456 4008 ΦΥΣΙΚΗΣ
2494 3942 3006 4009 ΚΟΙΝΩΝΙΑΣ

1888 4096 2251 4184 ΛΟΓΟΣ
2312 4093 2916 4183 ΔΕΥΤΕΡΟΣ.

1620 4234 2446 4404 ΤΗΕΟΒΟΒῘ
2501 4286 2535 4397 l
2585 4283 3188 4404 ASCARIS

1445 4471 1601 4527 FILII
1669 4473 1881 4528 SUMMI
1947 4470 2416 4528 IMPERATORIS
2492 4473 2737 4527 DOMINI
2801 4472 3092 4528 JOANNIS
3161 4471 3377 4527 DUCIE

1401 4569 1593 4688 DE
1634 4569 2376 4689 NATURALI

2451 4566 3319 4690 COMMUNION
3358 4572 3425 4675 ξπ

1942 4789 2072 4877 SE
2091 4793 2143 4875 lt
2165 4790 2319 4876 ΜΟ
2397 4787 2893 4876 TERTIUS.

769 5062 837 5117 α’.
908 5062 1216 5132 ’Δναγκαῖὸν
1293 5061 1405 5115 ἐστι
1484 5083 1573 5115 και
1617 5067 1730 5137 περὶ
1794 5071 1894 5114 τῶν
1942 5069 2034 5114 τοῦ
2082 5060 2353 5134 ἀνθρώπου
2394 5064 2435 5117 D
2465 5060 2746 5132 ἀναγκαῖον
2825 5061 2958 5112 κατὰ
3031 5058 3292 5129 συζυγίας
3359 5052 3528 5120 δεῖξαι
3596 5058 3746 5124 αὐτὸ,
3820 5060 3904 5110 ἳνα
3952 5062 4147 5124 πάσας

693 5160 969 5203 κοινωνιῶν
1000 5155 1056 5205 τὸ
1091 5150 1271 5212 ἀληθὲς
1299 5149 1490 5219 δεῖξαι,
1544 5150 1723 5210 ἐπειδὴ
1776 5156 1965 5225 μέχρις
2013 5151 2172 5203 αὐτου
2224 5151 2354 5222 ξύμ-

689 5260 864 5293 πασαν
910 5246 1005 5300 τὴν
1072 5243 1172 5293 ὑπὸ
1242 5245 1397 5313 φύσιν
1441 5240 1766 5314 ἐξητάσαμεν
1819 5261 2111 5307 κοινωνίαν,
2152 5247 2245 5298 τήν
2296 5260 2356 5311 γε

688 5334 823 5384 κατὰ
863 5334 1019 5404 φύσιν
1046 5328 1208 5385 οὖσαν
1258 5352 1349 5384 και
1412 5334 1646 5407 κράσεις.
1689 5329 1843 5385 ’Ἐστι
1894 5327 1953 5385 δὲ
1987 5351 2076 5383 και
2119 5331 2354 5403 μάλιστα

761 5457 813 5512 1.
848 5456 925 5512 De
956 5457 1401 5513 communionis
1426 5457 1623 5513 modis
1654 5456 1757 5528 qui
1788 5456 1848 5511 in
1870 5456 2114 5512 homine
2155 5454 2349 5510 consi-

688 5546 883 5603 derari
897 5552 1144 5617 possunt
1157 5548 1302 5620 quid
1319 5547 1685 5603 sentiendum
1703 5546 1775 5602 sit
1788 5545 2097 5601 ostendere
2111 5559 2352 5617 quoque

690 5636 868 5692 nobis
898 5653 1097 5708 operae
1124 5638 1381 5709 pretium
1411 5635 1979 5702 videtur.0uoniam
2002 5635 2355 5690 autemhac-

691 5733 786 5783 ten
799 5743 865 5782 us
882 5726 1220 5783 universam
1238 5727 1722 5803 communionem
1736 5742 1874 5798 quae
1888 5730 1976 5780 est
1987 5724 2101 5781 sub
2114 5729 2353 5794 natura,

2464 5169 2541 5210 τις
2580 5152 2715 5221 ἔχων
2767 5150 3209 5221 συνηθροισμένας
3266 5146 3317 5199 ἐν
3368 5146 3532 5215 τάξει,
3591 5156 3664 5218 τῷ
3721 5145 3905 5205 ἀληθεῖ
3950 5161 4145 5220 σκοπῴ

2465 5238 2786 5310 ἐπακολουθῇ
2844 5259 2857 5271 ·
2932 5257 3022 5289 και
3083 5235 3249 5297 οὕτως
3331 5236 3534 5310 ῥᾴστην
3609 5238 3724 5307 ἔχει
3795 5243 3889 5295 τὴν
3940 5237 4017 5299 εἰς
4072 5243 4149 5292 τὰ

2463 5330 2595 5400 μετὰ
2658 5334 2827 5378 ταῦτα
2900 5324 3352 5378 ἐπακολουθοῦσαν
3424 5332 3523 5375 τῶν
3571 5328 3845 5396 νοημάτων
3907 5328 4150 5387 κατάλη-

2463 5457 2585 5507 tam
2616 5449 2779 5505 illam
2813 5463 2950 5521 quae
2980 5448 3317 5504 secundum
3335 5451 3615 5503 naturam
3637 5452 3745 5513 est,
3787 5464 3976 5520 quam
3994 5466 4148 5522 quae

2463 5541 2789 5597 secundum
2809 5539 3281 5612 temperationes,
3301 5537 3812 5609 investigavimus,
3829 5544 3918 5594 est
3933 5547 4145 5597 autem

2463 5633 2525 5688 in
2543 5632 2750 5705 primis
2763 5631 3168 5687 necessarium
3184 5628 3519 5685 secundum
3536 5628 3998 5700 conjugationes
4015 5630 4145 5689 hoc

2463 5723 2665 5801 ipsum
2682 5721 3127 5787 demonstrare,
3161 5722 3225 5775 ut
3251 5717 3506 5792 quilibet
3520 5716 3700 5773 simul
3720 5718 3931 5774 ordine
3955 5720 4151 5778 colle-
