  <div class='ocr_page' id='page_1' title='image "/cluster/home/n/w/nwhite01/storage/ocr_20150623/140/nnc1.0046979905/666.png"; bbox 0 0 4444 6452; ppageno 0'>
   <div class='ocr_carea' id='block_1_1' title="bbox 301 409 429 467">
    <p class='ocr_par' dir='ltr' id='par_1_1' title="bbox 301 409 429 467">
     <span class='ocr_line' id='line_1_1' title="bbox 301 409 429 467; baseline 0.008 -1"><span class='ocrx_word' id='word_1_1' title='bbox 301 409 429 467; x_wconf 80' lang='grc'><strong>1301</strong></span> 
     </span>
    </p>
   </div>
   <div class='ocr_carea' id='block_1_2' title="bbox 293 531 1945 623">
    <p class='ocr_par' dir='ltr' id='par_1_2' title="bbox 293 531 1945 623">
     <span class='ocr_line' id='line_1_2' title="bbox 293 531 1945 623; baseline 0.012 -38"><span class='ocrx_word' id='word_1_2' title='bbox 293 533 386 605; x_wconf 71' lang='grc' dir='ltr'>ψιν</span> <span class='ocrx_word' id='word_1_3' title='bbox 438 531 739 597; x_wconf 77' lang='grc' dir='ltr'>δύσληπτον</span> <span class='ocrx_word' id='word_1_4' title='bbox 799 548 910 613; x_wconf 85' lang='grc' dir='ltr'><em>καὶ,</em></span> <span class='ocrx_word' id='word_1_5' title='bbox 971 545 1272 605; x_wconf 81' lang='grc' dir='ltr'><em>συλλήϐδην</em></span> <span class='ocrx_word' id='word_1_6' title='bbox 1311 549 1598 623; x_wconf 78' lang='grc' dir='ltr'><em>περιλαϐὼν</em></span> <span class='ocrx_word' id='word_1_7' title='bbox 1661 554 1807 618; x_wconf 82' lang='grc' dir='ltr'><em>εἴπω,</em></span> <span class='ocrx_word' id='word_1_8' title='bbox 1859 556 1945 604; x_wconf 89' lang='grc' dir='ltr'>τὸν</span> 
     </span>
    </p>
   </div>
   <div class='ocr_carea' id='block_1_3' title="bbox 294 623 2975 718">
    <p class='ocr_par' dir='ltr' id='par_1_3' title="bbox 294 623 2975 718">
     <span class='ocr_line' id='line_1_3' title="bbox 294 623 2975 718; baseline 0.01 -43"><span class='ocrx_word' id='word_1_9' title='bbox 294 623 411 676; x_wconf 80' lang='grc' dir='ltr'>ὅλον</span> <span class='ocrx_word' id='word_1_10' title='bbox 478 637 571 688; x_wconf 81' lang='grc' dir='ltr'>τῆς</span> <span class='ocrx_word' id='word_1_11' title='bbox 634 638 987 702; x_wconf 70' lang='grc' dir='ltr'>πραγματείας</span> <span class='ocrx_word' id='word_1_12' title='bbox 1046 642 1237 688; x_wconf 80' lang='grc' dir='ltr'><em>σκοπὸν</em></span> <span class='ocrx_word' id='word_1_13' title='bbox 1304 649 1661 711; x_wconf 69' lang='grc' dir='ltr'><em>σπερματικιὶκ,</em></span> <span class='ocrx_word' id='word_1_14' title='bbox 1723 639 1939 712; x_wconf 78' lang='grc' dir='ltr'><em>ἀναμνηο</em></span> <span class='ocrx_word' id='word_1_15' title='bbox 1977 629 2025 679; x_wconf 74' lang='grc' dir='ltr'><strong>Α</strong></span> <span class='ocrx_word' id='word_1_16' title='bbox 2056 648 2322 718; x_wconf 74' lang='grc' dir='ltr'><em>ρούμεναι,</em></span> <span class='ocrx_word' id='word_1_17' title='bbox 2381 645 2520 707; x_wconf 73' lang='grc' dir='ltr'><em>ἐκτὸς</em></span> <span class='ocrx_word' id='word_1_18' title='bbox 2598 656 2691 708; x_wconf 81' lang='grc' dir='ltr'>τῆς</span> <span class='ocrx_word' id='word_1_19' title='bbox 2783 646 2975 707; x_wconf 80' lang='grc' dir='ltr'>ἁπλῆς.</span> 
     </span>
    </p>
   </div>
   <div class='ocr_carea' id='block_1_4' title="bbox 292 718 1948 799">
    <p class='ocr_par' dir='ltr' id='par_1_4' title="bbox 292 718 1948 799">
     <span class='ocr_line' id='line_1_4' title="bbox 292 718 1948 799; baseline 0.012 -37"><span class='ocrx_word' id='word_1_20' title='bbox 292 718 493 783; x_wconf 79' lang='grc' dir='ltr'><em>μονευει</em></span> <span class='ocrx_word' id='word_1_21' title='bbox 550 721 649 790; x_wconf 90' lang='grc' dir='ltr'><em>πρὸ</em></span> <span class='ocrx_word' id='word_1_22' title='bbox 728 728 819 771; x_wconf 77' lang='grc' dir='ltr'><em>του</em></span> <span class='ocrx_word' id='word_1_23' title='bbox 872 721 1041 783; x_wconf 79' lang='grc' dir='ltr'><em>τέλους</em></span> <span class='ocrx_word' id='word_1_24' title='bbox 1111 732 1200 785; x_wconf 86' lang='grc' dir='ltr'><em>τῆς</em></span> <span class='ocrx_word' id='word_1_25' title='bbox 1252 733 1664 799; x_wconf 87' lang='grc' dir='ltr'><em>παραγματείας·</em></span> <span class='ocrx_word' id='word_1_26' title='bbox 1707 732 1819 799; x_wconf 80' lang='grc' dir='ltr'><em>ἔχει</em></span> <span class='ocrx_word' id='word_1_27' title='bbox 1889 726 1948 781; x_wconf 69' lang='grc' dir='ltr'><strong>δί</strong></span> 
     </span>
    </p>
   </div>
   <div class='ocr_carea' id='block_1_5' title="bbox 294 801 1947 890">
    <p class='ocr_par' dir='ltr' id='par_1_5' title="bbox 294 801 1947 890">
     <span class='ocr_line' id='line_1_5' title="bbox 294 801 1947 890; baseline 0.01 -39"><span class='ocrx_word' id='word_1_28' title='bbox 294 801 456 864; x_wconf 78' lang='grc' dir='ltr'><em>οὕτως</em></span> <span class='ocrx_word' id='word_1_29' title='bbox 484 807 674 862; x_wconf 85' lang='grc' dir='ltr'><em>πάντα.</em></span> <span class='ocrx_word' id='word_1_30' title='bbox 714 807 872 860; x_wconf 79' lang='grc' dir='ltr'><em>Ἑπτά</em></span> <span class='ocrx_word' id='word_1_31' title='bbox 930 830 1080 861; x_wconf 86' lang='grc' dir='ltr'><em>τινων</em></span> <span class='ocrx_word' id='word_1_32' title='bbox 1135 815 1288 864; x_wconf 85' lang='grc' dir='ltr'><em>ὄντων</em></span> <span class='ocrx_word' id='word_1_33' title='bbox 1345 824 1442 866; x_wconf 85' lang='grc' dir='ltr'><em>τών</em></span> <span class='ocrx_word' id='word_1_34' title='bbox 1492 815 1539 866; x_wconf 87' lang='grc' dir='ltr'><em>ἐν</em></span> <span class='ocrx_word' id='word_1_35' title='bbox 1601 819 1724 887; x_wconf 81' lang='grc' dir='ltr'>ἡμῖν</span> <span class='ocrx_word' id='word_1_36' title='bbox 1780 826 1947 890; x_wconf 80' lang='grc' dir='ltr'>μερῶν</span> 
     </span>
    </p>
   </div>
   <div class='ocr_carea' id='block_1_6' title="bbox 294 889 1945 969">
    <p class='ocr_par' dir='ltr' id='par_1_6' title="bbox 294 889 1945 969">
     <span class='ocr_line' id='line_1_6' title="bbox 294 889 1945 969; baseline 0.01 -28"><span class='ocrx_word' id='word_1_37' title='bbox 294 889 351 942; x_wconf 74' lang='grc' dir='ltr'><em>ἐκ</em></span> <span class='ocrx_word' id='word_1_38' title='bbox 379 890 563 964; x_wconf 70' lang='grc' dir='ltr'><em>ψυχῆς</em></span> <span class='ocrx_word' id='word_1_39' title='bbox 598 890 838 953; x_wconf 69' lang='grc' dir='ltr'>δηλονότι</span> <span class='ocrx_word' id='word_1_40' title='bbox 894 904 982 951; x_wconf 82' lang='grc' dir='ltr'><em>καὶ</em></span> <span class='ocrx_word' id='word_1_41' title='bbox 1008 899 1150 969; x_wconf 72' lang='grc' dir='ltr'><em>ὕλης,</em></span> <span class='ocrx_word' id='word_1_42' title='bbox 1182 903 1276 954; x_wconf 69' lang='grc' dir='ltr'>οὐκ</span> <span class='ocrx_word' id='word_1_43' title='bbox 1318 905 1521 962; x_wconf 79' lang='grc' dir='ltr'><em>ἰσότητι</em></span> <span class='ocrx_word' id='word_1_44' title='bbox 1584 925 1716 957; x_wconf 91' lang='grc' dir='ltr'><em>πασι</em></span> <span class='ocrx_word' id='word_1_45' title='bbox 1780 908 1945 957; x_wconf 78' lang='grc' dir='ltr'><em>ταῦτά</em></span> 
     </span>
    </p>
   </div>
   <div class='ocr_carea' id='block_1_7' title="bbox 292 979 1940 1069">
    <p class='ocr_par' dir='ltr' id='par_1_7' title="bbox 292 979 1940 1069">
     <span class='ocr_line' id='line_1_7' title="bbox 292 979 1940 1069; baseline 0.012 -39"><span class='ocrx_word' id='word_1_46' title='bbox 292 979 445 1046; x_wconf 84' lang='grc' dir='ltr'><em>εἰσιν,</em></span> <span class='ocrx_word' id='word_1_47' title='bbox 489 983 599 1034; x_wconf 76' lang='grc' dir='ltr'>ἀλλ’</span> <span class='ocrx_word' id='word_1_48' title='bbox 673 988 863 1056; x_wconf 83' lang='grc' dir='ltr'><em>ἔχοντα</em></span> <span class='ocrx_word' id='word_1_49' title='bbox 923 987 1116 1051; x_wconf 80' lang='grc' dir='ltr'>ἀνέσεις</span> <span class='ocrx_word' id='word_1_50' title='bbox 1168 996 1259 1043; x_wconf 88' lang='grc' dir='ltr'><em>καὶ</em></span> <span class='ocrx_word' id='word_1_51' title='bbox 1317 992 1575 1055; x_wconf 70' lang='grc' dir='ltr'>ἐπιτάσεις</span> <span class='ocrx_word' id='word_1_52' title='bbox 1620 994 1667 1046; x_wconf 84' lang='grc' dir='ltr'><em>ἐν</em></span> <span class='ocrx_word' id='word_1_53' title='bbox 1709 1001 1940 1069; x_wconf 86' lang='grc' dir='ltr'><em>ατομοις,</em></span> 
     </span>
    </p>
   </div>
   <div class='ocr_carea' id='block_1_8' title="bbox 291 1068 1943 1157">
    <p class='ocr_par' dir='ltr' id='par_1_8' title="bbox 291 1068 1943 1157">
     <span class='ocr_line' id='line_1_8' title="bbox 291 1068 1943 1157; baseline 0.012 -38"><span class='ocrx_word' id='word_1_54' title='bbox 291 1068 427 1121; x_wconf 72' lang='grc' dir='ltr'><em>αὐτὰ</em></span> <span class='ocrx_word' id='word_1_55' title='bbox 454 1069 502 1121; x_wconf 80' lang='grc' dir='ltr'><em>έν</em></span> <span class='ocrx_word' id='word_1_56' title='bbox 532 1078 677 1144; x_wconf 84' lang='grc' dir='ltr'><em>τρισὶ</em></span> <span class='ocrx_word' id='word_1_57' title='bbox 715 1080 803 1127; x_wconf 79' lang='grc' dir='ltr'><em>καὶ</em></span> <span class='ocrx_word' id='word_1_58' title='bbox 861 1074 990 1129; x_wconf 82' lang='grc' dir='ltr'><em>δέκα</em></span> <span class='ocrx_word' id='word_1_59' title='bbox 1052 1080 1329 1151; x_wconf 71' lang='grc' dir='ltr'>συζυγίαις</span> <span class='ocrx_word' id='word_1_60' title='bbox 1367 1084 1688 1157; x_wconf 77' lang='grc' dir='ltr'>μερίζονται,</span> <span class='ocrx_word' id='word_1_61' title='bbox 1749 1086 1801 1137; x_wconf 82' lang='grc' dir='ltr'>αἱ</span> <span class='ocrx_word' id='word_1_62' title='bbox 1853 1092 1943 1139; x_wconf 83' lang='grc' dir='ltr'>καὶ</span> 
     </span>
    </p>
   </div>
   <div class='ocr_carea' id='block_1_9' title="bbox 292 1163 1940 1247">
    <p class='ocr_par' dir='ltr' id='par_1_9' title="bbox 292 1163 1940 1247">
     <span class='ocr_line' id='line_1_9' title="bbox 292 1163 1940 1247; baseline 0.013 -40"><span class='ocrx_word' id='word_1_63' title='bbox 292 1164 396 1217; x_wconf 84' lang='grc' dir='ltr'><em>τοῖς</em></span> <span class='ocrx_word' id='word_1_64' title='bbox 460 1165 667 1234; x_wconf 83' lang='grc' dir='ltr'><em>μέρεσιν</em></span> <span class='ocrx_word' id='word_1_65' title='bbox 767 1163 1163 1237; x_wconf 81' lang='grc' dir='ltr'><em>ἀριθμηθεῖσαι,</em></span> <span class='ocrx_word' id='word_1_66' title='bbox 1284 1169 1557 1230; x_wconf 77' lang='grc' dir='ltr'>ἐννήκοντα</span> <span class='ocrx_word' id='word_1_67' title='bbox 1660 1179 1787 1247; x_wconf 87' lang='grc' dir='ltr'><em>πρὸς</em></span> <span class='ocrx_word' id='word_1_68' title='bbox 1880 1183 1940 1233; x_wconf 84' lang='grc' dir='ltr'>τῆ</span> 
     </span>
    </p>
   </div>
   <div class='ocr_carea' id='block_1_10' title="bbox 292 1244 1945 1337">
    <p class='ocr_par' dir='ltr' id='par_1_10' title="bbox 292 1244 1945 1337">
     <span class='ocr_line' id='line_1_10' title="bbox 292 1244 1945 1337; baseline 0.013 -41"><span class='ocrx_word' id='word_1_69' title='bbox 292 1244 473 1319; x_wconf 82' lang='grc' dir='ltr'><em>τριάδι</em></span> <span class='ocrx_word' id='word_1_70' title='bbox 510 1254 798 1320; x_wconf 88' lang='grc' dir='ltr'><em>γίγνονται·</em></span> <span class='ocrx_word' id='word_1_71' title='bbox 848 1251 1173 1328; x_wconf 76' lang='grc' dir='ltr'><em>διαιροῦνται</em></span> <span class='ocrx_word' id='word_1_72' title='bbox 1227 1256 1285 1311; x_wconf 73' lang='grc' dir='ltr'>δὲ</span> <span class='ocrx_word' id='word_1_73' title='bbox 1339 1261 1494 1313; x_wconf 79' lang='grc' dir='ltr'><em>αὗται</em></span> <span class='ocrx_word' id='word_1_74' title='bbox 1548 1262 1619 1323; x_wconf 82' lang='grc' dir='ltr'>εὶς</span> <span class='ocrx_word' id='word_1_75' title='bbox 1684 1268 1945 1337; x_wconf 88' lang='grc' dir='ltr'><em>τέσσαρας</em></span> 
     </span>
    </p>
   </div>
   <div class='ocr_carea' id='block_1_11' title="bbox 292 1335 1941 1423">
    <p class='ocr_par' dir='ltr' id='par_1_11' title="bbox 292 1335 1941 1423">
     <span class='ocr_line' id='line_1_11' title="bbox 292 1335 1941 1423; baseline 0.012 -38"><span class='ocrx_word' id='word_1_76' title='bbox 292 1335 459 1397; x_wconf 78' lang='grc' dir='ltr'>τάξεις</span> <span class='ocrx_word' id='word_1_77' title='bbox 490 1336 585 1389; x_wconf 81' lang='grc' dir='ltr'>ἀνὰ</span> <span class='ocrx_word' id='word_1_78' title='bbox 633 1348 769 1411; x_wconf 80' lang='grc' dir='ltr'>τρεῖς</span> <span class='ocrx_word' id='word_1_79' title='bbox 826 1343 981 1396; x_wconf 82' lang='grc' dir='ltr'><em>οὖσαι</em></span> <span class='ocrx_word' id='word_1_80' title='bbox 1012 1351 1109 1416; x_wconf 92' lang='grc' dir='ltr'>μία</span> <span class='ocrx_word' id='word_1_81' title='bbox 1139 1346 1358 1415; x_wconf 83' lang='grc' dir='ltr'><em>ἑκάστη,</em></span> <span class='ocrx_word' id='word_1_82' title='bbox 1384 1351 1450 1400; x_wconf 84' lang='grc' dir='ltr'>ὢν</span> <span class='ocrx_word' id='word_1_83' title='bbox 1508 1358 1605 1423; x_wconf 87' lang='grc' dir='ltr'>μία</span> <span class='ocrx_word' id='word_1_84' title='bbox 1641 1356 1729 1423; x_wconf 71' lang='grc' dir='ltr'>μὲν</span> <span class='ocrx_word' id='word_1_85' title='bbox 1783 1353 1941 1420; x_wconf 81' lang='grc' dir='ltr'><em>ἁπλῆ,</em></span> 
     </span>
    </p>
   </div>
   <div class='ocr_carea' id='block_1_12' title="bbox 294 1420 1944 1508">
    <p class='ocr_par' dir='ltr' id='par_1_12' title="bbox 294 1420 1944 1508">
     <span class='ocr_line' id='line_1_12' title="bbox 294 1420 1944 1508; baseline 0.014 -35"><span class='ocrx_word' id='word_1_86' title='bbox 294 1426 347 1474; x_wconf 82' lang='grc' dir='ltr'>αἱ</span> <span class='ocrx_word' id='word_1_87' title='bbox 375 1420 422 1475; x_wconf 81' lang='grc' dir='ltr'>δ’</span> <span class='ocrx_word' id='word_1_88' title='bbox 449 1425 599 1478; x_wconf 80' lang='grc' dir='ltr'><em>ἄλλαι</em></span> <span class='ocrx_word' id='word_1_89' title='bbox 622 1427 911 1483; x_wconf 75' lang='grc' dir='ltr'><em>ἐλλειπουσί</em></span> <span class='ocrx_word' id='word_1_90' title='bbox 964 1454 1017 1485; x_wconf 92' lang='grc' dir='ltr'>τε</span> <span class='ocrx_word' id='word_1_91' title='bbox 1058 1442 1146 1487; x_wconf 67' lang='grc' dir='ltr'>καὶ⁵</span> <span class='ocrx_word' id='word_1_92' title='bbox 1220 1437 1575 1508; x_wconf 82' lang='grc' dir='ltr'><em>ἐπιτείνονται,</em></span> <span class='ocrx_word' id='word_1_93' title='bbox 1638 1447 1727 1493; x_wconf 77' lang='grc' dir='ltr'>καὶ</span> <span class='ocrx_word' id='word_1_94' title='bbox 1791 1452 1944 1496; x_wconf 78' lang='grc' dir='ltr'><em>τοῦτο</em></span> 
     </span>
    </p>
   </div>
   <div class='ocr_carea' id='block_1_13' title="bbox 1284 1169 1557 1230">
    <p class='ocr_par' dir='ltr' id='par_1_13' title="bbox 1284 1169 1557 1230">
     <span class='ocr_line' id='line_1_13' title="bbox 1284 1169 1557 1230; baseline 0.018 -10"><span class='ocrx_word' id='word_1_95' title='bbox 1284 1169 1390 1230; x_wconf 77' lang='grc' dir='ltr'>ἐννή</span> <span class='ocrx_word' id='word_1_96' title='bbox 1401 1191 1557 1225; x_wconf 82' lang='grc' dir='ltr'>κοντα</span> 
     </span>
    </p>
   </div>
   <div class='ocr_carea' id='block_1_14' title="bbox 292 1508 1944 1596">
    <p class='ocr_par' dir='ltr' id='par_1_14' title="bbox 292 1508 1944 1596">
     <span class='ocr_line' id='line_1_14' title="bbox 292 1508 1944 1596; baseline 0.014 -33"><span class='ocrx_word' id='word_1_97' title='bbox 292 1508 366 1564; x_wconf 85' lang='grc' dir='ltr'>δι’</span> <span class='ocrx_word' id='word_1_98' title='bbox 424 1513 550 1565; x_wconf 74' lang='grc' dir='ltr'><em>ὅλων</em></span> <span class='ocrx_word' id='word_1_99' title='bbox 594 1517 783 1575; x_wconf 68' lang='grc' dir='ltr'>αὐτῶν.</span> <span class='ocrx_word' id='word_1_100' title='bbox 856 1528 954 1574; x_wconf 80' lang='grc' dir='ltr'>Καὶ</span> <span class='ocrx_word' id='word_1_101' title='bbox 999 1523 1131 1581; x_wconf 74' lang='grc' dir='ltr'><em>ἁπλῆ</em></span> <span class='ocrx_word' id='word_1_102' title='bbox 1188 1528 1278 1596; x_wconf 60' lang='grc' dir='ltr'>μὲν</span> <span class='ocrx_word' id='word_1_103' title='bbox 1341 1528 1427 1578; x_wconf 83' lang='grc' dir='ltr'>οὖν</span> <span class='ocrx_word' id='word_1_104' title='bbox 1495 1530 1636 1582; x_wconf 76' lang='grc' dir='ltr'><em>ἐστιν</em></span> <span class='ocrx_word' id='word_1_105' title='bbox 1688 1536 1800 1593; x_wconf 83' lang='grc' dir='ltr'><em>ἣτις</em></span> <span class='ocrx_word' id='word_1_106' title='bbox 1856 1540 1944 1586; x_wconf 83' lang='grc' dir='ltr'><em>καὶ</em></span> 
     </span>
    </p>
   </div>
   <div class='ocr_carea' id='block_1_15' title="bbox 290 1602 1945 1688">
    <p class='ocr_par' dir='ltr' id='par_1_15' title="bbox 290 1602 1945 1688">
     <span class='ocr_line' id='line_1_15' title="bbox 290 1602 1945 1688; baseline 0.015 -37"><span class='ocrx_word' id='word_1_107' title='bbox 290 1607 421 1671; x_wconf 83' lang='grc' dir='ltr'><em>μόνη</em></span> <span class='ocrx_word' id='word_1_108' title='bbox 454 1602 614 1670; x_wconf 81' lang='grc' dir='ltr'><em>ἐστὶν,</em></span> <span class='ocrx_word' id='word_1_109' title='bbox 648 1608 676 1663; x_wconf 80' lang='grc' dir='ltr'>η</span> <span class='ocrx_word' id='word_1_110' title='bbox 728 1606 901 1670; x_wconf 84' lang='grc' dir='ltr'><em>ἐξίσου</em></span> <span class='ocrx_word' id='word_1_111' title='bbox 959 1617 1043 1663; x_wconf 84' lang='grc' dir='ltr'><em>καὶ</em></span> <span class='ocrx_word' id='word_1_112' title='bbox 1099 1617 1163 1665; x_wconf 77' lang='grc' dir='ltr'><em>τὰ</em></span> <span class='ocrx_word' id='word_1_113' title='bbox 1207 1615 1335 1667; x_wconf 78' lang='grc' dir='ltr'><em>ἑπτα</em></span> <span class='ocrx_word' id='word_1_114' title='bbox 1391 1620 1615 1688; x_wconf 78' lang='grc' dir='ltr'><em>ἔχουσα,</em></span> <span class='ocrx_word' id='word_1_115' title='bbox 1678 1622 1781 1673; x_wconf 87' lang='grc' dir='ltr'><em>οἷον</em></span> <span class='ocrx_word' id='word_1_116' title='bbox 1832 1628 1945 1675; x_wconf 87' lang='grc' dir='ltr'>τὸα</span> 
     </span>
    </p>
   </div>
   <div class='ocr_carea' id='block_1_16' title="bbox 291 1688 1939 1782">
    <p class='ocr_par' dir='ltr' id='par_1_16' title="bbox 291 1688 1939 1782">
     <span class='ocr_line' id='line_1_16' title="bbox 291 1688 1939 1782; baseline 0.015 -42"><span class='ocrx_word' id='word_1_117' title='bbox 291 1688 411 1761; x_wconf 86' lang='grc' dir='ltr'><em>βγ,</em></span> <span class='ocrx_word' id='word_1_118' title='bbox 464 1712 554 1744; x_wconf 90' lang='grc' dir='ltr'>και</span> <span class='ocrx_word' id='word_1_119' title='bbox 610 1692 755 1758; x_wconf 78' lang='grc' dir='ltr'><em>οὖθις</em></span> <span class='ocrx_word' id='word_1_120' title='bbox 810 1702 868 1750; x_wconf 89' lang='grc' dir='ltr'><em>τὸ</em></span> <span class='ocrx_word' id='word_1_121' title='bbox 921 1720 942 1751; x_wconf 90' lang='grc' dir='ltr'>ε</span> <span class='ocrx_word' id='word_1_122' title='bbox 1000 1705 1027 1764; x_wconf 85' lang='grc' dir='ltr'>ζ</span> <span class='ocrx_word' id='word_1_123' title='bbox 1086 1722 1115 1759; x_wconf 94' lang='grc' dir='ltr'>η</span> <span class='ocrx_word' id='word_1_124' title='bbox 1166 1706 1213 1755; x_wconf 91' lang='grc' dir='ltr'><em>θ·</em></span> <span class='ocrx_word' id='word_1_125' title='bbox 1268 1704 1505 1769; x_wconf 80' lang='grc' dir='ltr'>ἐπίτασις</span> <span class='ocrx_word' id='word_1_126' title='bbox 1560 1712 1660 1782; x_wconf 82' lang='grc' dir='ltr'><em>γὰρ</em></span> <span class='ocrx_word' id='word_1_127' title='bbox 1707 1710 1756 1761; x_wconf 87' lang='grc' dir='ltr'><em>ἐν</em></span> <span class='ocrx_word' id='word_1_128' title='bbox 1809 1712 1939 1771; x_wconf 69' lang='grc' dir='ltr'><em>αὐτῆ</em></span> 
     </span>
    </p>
   </div>
   <div class='ocr_carea' id='block_1_17' title="bbox 287 1778 1943 1865">
    <p class='ocr_par' dir='ltr' id='par_1_17' title="bbox 287 1778 1943 1865">
     <span class='ocr_line' id='line_1_17' title="bbox 287 1778 1943 1865; baseline 0.014 -36"><span class='ocrx_word' id='word_1_129' title='bbox 287 1778 381 1830; x_wconf 67' lang='grc' dir='ltr'>οὐκ</span> <span class='ocrx_word' id='word_1_130' title='bbox 429 1784 569 1832; x_wconf 77' lang='grc' dir='ltr'><em>ἔστιν</em></span> <span class='ocrx_word' id='word_1_131' title='bbox 614 1786 719 1835; x_wconf 75' lang='grc' dir='ltr'><em>οὔτ’</em></span> <span class='ocrx_word' id='word_1_132' title='bbox 772 1788 963 1852; x_wconf 80' lang='grc' dir='ltr'>ἄνεσις,</span> <span class='ocrx_word' id='word_1_133' title='bbox 1017 1798 1131 1853; x_wconf 87' lang='grc' dir='ltr'><em>ταῖς</em></span> <span class='ocrx_word' id='word_1_134' title='bbox 1189 1789 1247 1845; x_wconf 80' lang='grc' dir='ltr'>δὲ</span> <span class='ocrx_word' id='word_1_135' title='bbox 1304 1799 1433 1865; x_wconf 84' lang='grc' dir='ltr'><em>μετά</em></span> <span class='ocrx_word' id='word_1_136' title='bbox 1502 1801 1697 1855; x_wconf 80' lang='grc' dir='ltr'><em>ταύτην</em></span> <span class='ocrx_word' id='word_1_137' title='bbox 1746 1802 1943 1863; x_wconf 90' lang='grc' dir='ltr'><em>πάσαις</em></span> 
     </span>
    </p>
   </div>
   <div class='ocr_carea' id='block_1_18' title="bbox 283 1869 1941 1949">
    <p class='ocr_par' dir='ltr' id='par_1_18' title="bbox 283 1869 1941 1949">
     <span class='ocr_line' id='line_1_18' title="bbox 283 1869 1941 1949; baseline 0.014 -31"><span class='ocrx_word' id='word_1_138' title='bbox 283 1886 373 1919; x_wconf 90' lang='grc' dir='ltr'>και</span> <span class='ocrx_word' id='word_1_139' title='bbox 451 1869 714 1934; x_wconf 78' lang='grc' dir='ltr'><em>ἐπιτάσεις</em></span> <span class='ocrx_word' id='word_1_140' title='bbox 776 1876 1105 1949; x_wconf 83' lang='grc' dir='ltr'><em>εὑρίσκονται</em></span> <span class='ocrx_word' id='word_1_141' title='bbox 1185 1902 1274 1933; x_wconf 92' lang='grc' dir='ltr'>και</span> <span class='ocrx_word' id='word_1_142' title='bbox 1346 1882 1561 1947; x_wconf 81' lang='grc' dir='ltr'><em>ἀνέσεις.</em></span> <span class='ocrx_word' id='word_1_143' title='bbox 1650 1891 1745 1939; x_wconf 80' lang='grc' dir='ltr'>Διὰ</span> <span class='ocrx_word' id='word_1_144' title='bbox 1790 1898 1941 1942; x_wconf 75' lang='grc' dir='ltr'><em>τοῦτο</em></span> 
     </span>
    </p>
   </div>
   <div class='ocr_carea' id='block_1_19' title="bbox 282 1958 2599 2049">
    <p class='ocr_par' dir='ltr' id='par_1_19' title="bbox 282 1958 2599 2049">
     <span class='ocr_line' id='line_1_19' title="bbox 282 1958 2599 2049; baseline 0.01 -42"><span class='ocrx_word' id='word_1_145' title='bbox 282 1976 371 2008; x_wconf 89' lang='grc' dir='ltr'>και</span> <span class='ocrx_word' id='word_1_146' title='bbox 419 1958 492 2020; x_wconf 87' lang='grc' dir='ltr'><em>εἰς</em></span> <span class='ocrx_word' id='word_1_147' title='bbox 536 1961 732 2024; x_wconf 82' lang='grc' dir='ltr'><em>πλῆθος</em></span> <span class='ocrx_word' id='word_1_148' title='bbox 802 1973 865 2023; x_wconf 84' lang='grc' dir='ltr'>τῆ</span> <span class='ocrx_word' id='word_1_149' title='bbox 929 1976 1026 2018; x_wconf 85' lang='grc' dir='ltr'><em>τῶν</em></span> <span class='ocrx_word' id='word_1_150' title='bbox 1110 1972 1430 2041; x_wconf 85' lang='grc' dir='ltr'><em>μεταθέσεων</em></span> <span class='ocrx_word' id='word_1_151' title='bbox 1512 1985 1779 2049; x_wconf 88' lang='grc' dir='ltr'><em>προχωρεί</em></span> <span class='ocrx_word' id='word_1_152' title='bbox 1834 1998 1938 2030; x_wconf 84' lang='grc' dir='ltr'><em>κοι-</em></span> <span class='ocrx_word' id='word_1_153' title='bbox 1980 1968 2019 2020; x_wconf 84' lang='grc' dir='ltr'>Β</span> <span class='ocrx_word' id='word_1_154' title='bbox 2052 1976 2308 2039; x_wconf 85' lang='grc' dir='ltr'><em>ταθέσεως</em></span> <span class='ocrx_word' id='word_1_155' title='bbox 2389 1976 2599 2041; x_wconf 81' lang='grc' dir='ltr'>ἐναλλὰξ</span> 
     </span>
    </p>
   </div>
   <div class='ocr_carea' id='block_1_20' title="bbox 280 2050 1939 2139">
    <p class='ocr_par' dir='ltr' id='par_1_20' title="bbox 280 2050 1939 2139">
     <span class='ocr_line' id='line_1_20' title="bbox 280 2050 1939 2139; baseline 0.015 -44"><span class='ocrx_word' id='word_1_156' title='bbox 280 2051 456 2117; x_wconf 70' lang='grc' dir='ltr'><em>νωνίᾳι</em></span> <span class='ocrx_word' id='word_1_157' title='bbox 518 2050 639 2101; x_wconf 88' lang='grc' dir='ltr'><em>ὅταν</em></span> <span class='ocrx_word' id='word_1_158' title='bbox 714 2055 814 2125; x_wconf 79' lang='grc' dir='ltr'><em>γὰρ</em></span> <span class='ocrx_word' id='word_1_159' title='bbox 860 2056 886 2105; x_wconf 85' lang='grc' dir='ltr'><strong><em>ὁ</em></strong></span> <span class='ocrx_word' id='word_1_160' title='bbox 937 2059 1207 2129; x_wconf 85' lang='grc' dir='ltr'><em>καθαρμὸς</em></span> <span class='ocrx_word' id='word_1_161' title='bbox 1255 2058 1303 2111; x_wconf 83' lang='grc' dir='ltr'>ἐν</span> <span class='ocrx_word' id='word_1_162' title='bbox 1359 2059 1564 2120; x_wconf 85' lang='grc' dir='ltr'><em>ἰσότητι</em></span> <span class='ocrx_word' id='word_1_163' title='bbox 1610 2068 1669 2115; x_wconf 86' lang='grc' dir='ltr'><em>τὸ</em></span> <span class='ocrx_word' id='word_1_164' title='bbox 1724 2086 1755 2117; x_wconf 91' lang='grc' dir='ltr'>α</span> <span class='ocrx_word' id='word_1_165' title='bbox 1806 2065 1840 2138; x_wconf 79' lang='grc' dir='ltr'><em>β</em></span> <span class='ocrx_word' id='word_1_166' title='bbox 1907 2090 1939 2139; x_wconf 90' lang='grc' dir='ltr'>γ</span> 
     </span>
    </p>
   </div>
   <div class='ocr_carea' id='block_1_21' title="bbox 278 2136 1944 2215">
    <p class='ocr_par' dir='ltr' id='par_1_21' title="bbox 278 2136 1944 2215">
     <span class='ocr_line' id='line_1_21' title="bbox 278 2136 1944 2215; baseline 0.014 -30"><span class='ocrx_word' id='word_1_167' title='bbox 278 2136 381 2206; x_wconf 77' lang='grc' dir='ltr'><strong><em>ἔχῇ</em></strong></span> <span class='ocrx_word' id='word_1_168' title='bbox 420 2157 508 2189; x_wconf 91' lang='grc' dir='ltr'>και</span> <span class='ocrx_word' id='word_1_169' title='bbox 541 2143 600 2191; x_wconf 87' lang='grc' dir='ltr'><em>τὸ</em></span> <span class='ocrx_word' id='word_1_170' title='bbox 672 2159 693 2192; x_wconf 85' lang='grc' dir='ltr'>ε</span> <span class='ocrx_word' id='word_1_171' title='bbox 772 2146 799 2205; x_wconf 87' lang='grc' dir='ltr'><strong>ζ</strong></span> <span class='ocrx_word' id='word_1_172' title='bbox 854 2163 883 2201; x_wconf 88' lang='grc' dir='ltr'>η</span> <span class='ocrx_word' id='word_1_173' title='bbox 936 2147 983 2211; x_wconf 89' lang='lat'>9,</span> <span class='ocrx_word' id='word_1_174' title='bbox 1067 2143 1518 2209; x_wconf 72' lang='grc' dir='ltr'><em>διπλασιασθῆναι</em></span> <span class='ocrx_word' id='word_1_175' title='bbox 1592 2155 1651 2206; x_wconf 69' lang='grc' dir='ltr'><em>οὐ</em></span> <span class='ocrx_word' id='word_1_176' title='bbox 1721 2151 1944 2215; x_wconf 76' lang='grc' dir='ltr'><em>δύνηται</em></span> 
     </span>
    </p>
   </div>
   <div class='ocr_carea' id='block_1_22' title="bbox 279 2225 1942 2316">
    <p class='ocr_par' dir='ltr' id='par_1_22' title="bbox 279 2225 1942 2316">
     <span class='ocr_line' id='line_1_22' title="bbox 279 2225 1942 2316; baseline 0.013 -41"><span class='ocrx_word' id='word_1_177' title='bbox 279 2227 416 2276; x_wconf 89' lang='grc' dir='ltr'><em>κατά</em></span> <span class='ocrx_word' id='word_1_178' title='bbox 443 2246 504 2297; x_wconf 88' lang='grc' dir='ltr'>γε</span> <span class='ocrx_word' id='word_1_179' title='bbox 557 2225 882 2305; x_wconf 82' lang='grc' dir='ltr'><em>ἰδιοτροπίαν</em></span> <span class='ocrx_word' id='word_1_180' title='bbox 940 2238 1074 2306; x_wconf 85' lang='grc' dir='ltr'><em>τινὰ,</em></span> <span class='ocrx_word' id='word_1_181' title='bbox 1129 2237 1171 2288; x_wconf 84' lang='grc' dir='ltr'><em>εἰ</em></span> <span class='ocrx_word' id='word_1_182' title='bbox 1219 2243 1290 2309; x_wconf 81' lang='grc' dir='ltr'><em>μή</em></span> <span class='ocrx_word' id='word_1_183' title='bbox 1345 2240 1425 2291; x_wconf 87' lang='grc' dir='ltr'><em>ὃτι</em></span> <span class='ocrx_word' id='word_1_184' title='bbox 1473 2242 1543 2303; x_wconf 82' lang='grc' dir='ltr'><em>ὡς</em></span> <span class='ocrx_word' id='word_1_185' title='bbox 1604 2244 1795 2316; x_wconf 85' lang='grc' dir='ltr'>οἰτομον</span> <span class='ocrx_word' id='word_1_186' title='bbox 1852 2265 1942 2301; x_wconf 88' lang='grc' dir='ltr'>και</span> 
     </span>
    </p>
   </div>
   <div class='ocr_carea' id='block_1_23' title="bbox 280 2316 1941 2398">
    <p class='ocr_par' dir='ltr' id='par_1_23' title="bbox 280 2316 1941 2398">
     <span class='ocr_line' id='line_1_23' title="bbox 280 2316 1941 2398; baseline 0.016 -35"><span class='ocrx_word' id='word_1_187' title='bbox 280 2316 461 2383; x_wconf 83' lang='grc' dir='ltr'><em>μονὰς,</em></span> <span class='ocrx_word' id='word_1_188' title='bbox 520 2335 610 2368; x_wconf 91' lang='grc' dir='ltr'>και</span> <span class='ocrx_word' id='word_1_189' title='bbox 659 2318 809 2370; x_wconf 74' lang='grc' dir='ltr'>ἄλλον</span> <span class='ocrx_word' id='word_1_190' title='bbox 850 2323 1118 2396; x_wconf 83' lang='grc' dir='ltr'><em>καθαρμὸν</em></span> <span class='ocrx_word' id='word_1_191' title='bbox 1165 2324 1263 2387; x_wconf 77' lang='grc' dir='ltr'><em>ἔξει</em></span> <span class='ocrx_word' id='word_1_192' title='bbox 1314 2329 1508 2398; x_wconf 83' lang='grc' dir='ltr'><em>ὅμοιον,</em></span> <span class='ocrx_word' id='word_1_193' title='bbox 1557 2340 1624 2381; x_wconf 88' lang='grc' dir='ltr'>ὠν</span> <span class='ocrx_word' id='word_1_194' title='bbox 1690 2334 1783 2385; x_wconf 76' lang='grc' dir='ltr'>οὐκ</span> <span class='ocrx_word' id='word_1_195' title='bbox 1828 2339 1941 2390; x_wconf 87' lang='grc' dir='ltr'><em>ἔστι</em></span> 
     </span>
    </p>
   </div>
   <div class='ocr_carea' id='block_1_24' title="bbox 279 2398 1938 2496">
    <p class='ocr_par' dir='ltr' id='par_1_24' title="bbox 279 2398 1938 2496">
     <span class='ocr_line' id='line_1_24' title="bbox 279 2398 1938 2496; baseline 0.015 -43"><span class='ocrx_word' id='word_1_196' title='bbox 279 2398 548 2475; x_wconf 81' lang='grc' dir='ltr'><em>διαιφορά.</em></span> <span class='ocrx_word' id='word_1_197' title='bbox 584 2404 747 2459; x_wconf 85' lang='grc' dir='ltr'><em>Ὀταν</em></span> <span class='ocrx_word' id='word_1_198' title='bbox 802 2405 861 2461; x_wconf 72' lang='grc' dir='ltr'>δὲ</span> <span class='ocrx_word' id='word_1_199' title='bbox 926 2412 1189 2484; x_wconf 77' lang='grc' dir='ltr'><em>ὑφειμένον</em></span> <span class='ocrx_word' id='word_1_200' title='bbox 1243 2418 1293 2465; x_wconf 82' lang='grc' dir='ltr'>ἓν</span> <span class='ocrx_word' id='word_1_201' title='bbox 1346 2418 1446 2486; x_wconf 72' lang='grc' dir='ltr'>ἔχη</span> <span class='ocrx_word' id='word_1_202' title='bbox 1499 2428 1596 2470; x_wconf 86' lang='grc' dir='ltr'>τῶν</span> <span class='ocrx_word' id='word_1_203' title='bbox 1643 2428 1938 2496; x_wconf 75' lang='grc' dir='ltr'>γραφέντων</span> 
     </span>
    </p>
   </div>
   <div class='ocr_carea' id='block_1_25' title="bbox 282 2497 1932 2589">
    <p class='ocr_par' dir='ltr' id='par_1_25' title="bbox 282 2497 1932 2589">
     <span class='ocr_line' id='line_1_25' title="bbox 282 2497 1932 2589; baseline 0.016 -47"><span class='ocrx_word' id='word_1_204' title='bbox 282 2498 555 2564; x_wconf 81' lang='grc' dir='ltr'><em>στοιχείων</em></span> <span class='ocrx_word' id='word_1_205' title='bbox 604 2497 630 2546; x_wconf 85' lang='grc' dir='ltr'><strong><em>ὁ</em></strong></span> <span class='ocrx_word' id='word_1_206' title='bbox 675 2498 865 2571; x_wconf 83' lang='grc' dir='ltr'><em>ἔτερος,</em></span> <span class='ocrx_word' id='word_1_207' title='bbox 917 2499 1200 2572; x_wconf 79' lang='grc' dir='ltr'><em>ἐξανάγκης</em></span> <span class='ocrx_word' id='word_1_208' title='bbox 1238 2512 1419 2577; x_wconf 85' lang='grc' dir='ltr'><em>πρόσω</em></span> <span class='ocrx_word' id='word_1_209' title='bbox 1474 2510 1588 2579; x_wconf 83' lang='grc' dir='ltr'><em>ἔχει</em></span> <span class='ocrx_word' id='word_1_210' title='bbox 1649 2515 1716 2563; x_wconf 79' lang='grc' dir='ltr'><em>τὰ</em></span> <span class='ocrx_word' id='word_1_211' title='bbox 1766 2515 1932 2589; x_wconf 81' lang='grc' dir='ltr'><em>ἕτερα,</em></span> 
     </span>
    </p>
   </div>
   <div class='ocr_carea' id='block_1_26' title="bbox 277 2578 1934 2671">
    <p class='ocr_par' dir='ltr' id='par_1_26' title="bbox 277 2578 1934 2671">
     <span class='ocr_line' id='line_1_26' title="bbox 277 2578 1934 2671; baseline 0.015 -40"><span class='ocrx_word' id='word_1_212' title='bbox 277 2600 367 2632; x_wconf 89' lang='grc' dir='ltr'>και</span> <span class='ocrx_word' id='word_1_213' title='bbox 415 2578 522 2641; x_wconf 78' lang='grc' dir='ltr'>ἤδη</span> <span class='ocrx_word' id='word_1_214' title='bbox 585 2581 817 2660; x_wconf 75' lang='grc' dir='ltr'><em>διαφέρει</em></span> <span class='ocrx_word' id='word_1_215' title='bbox 873 2591 1137 2663; x_wconf 84' lang='grc' dir='ltr'><em>καθαρμὸς</em></span> <span class='ocrx_word' id='word_1_216' title='bbox 1177 2602 1269 2644; x_wconf 84' lang='grc' dir='ltr'>τοῦ</span> <span class='ocrx_word' id='word_1_217' title='bbox 1323 2598 1614 2671; x_wconf 78' lang='grc' dir='ltr'><em>καθαρμοῦ,</em></span> <span class='ocrx_word' id='word_1_218' title='bbox 1683 2620 1773 2653; x_wconf 86' lang='grc' dir='ltr'>και</span> <span class='ocrx_word' id='word_1_219' title='bbox 1821 2608 1934 2656; x_wconf 81' lang='grc' dir='ltr'>τού-</span> 
     </span>
    </p>
   </div>
   <div class='ocr_carea' id='block_1_27' title="bbox 275 2677 1933 2761">
    <p class='ocr_par' dir='ltr' id='par_1_27' title="bbox 275 2677 1933 2761">
     <span class='ocr_line' id='line_1_27' title="bbox 275 2677 1933 2761; baseline 0.016 -41"><span class='ocrx_word' id='word_1_220' title='bbox 275 2688 365 2721; x_wconf 88' lang='grc' dir='ltr'>του</span> <span class='ocrx_word' id='word_1_221' title='bbox 418 2677 709 2745; x_wconf 71' lang='grc' dir='ltr'>γινομένου,</span> <span class='ocrx_word' id='word_1_222' title='bbox 778 2685 867 2729; x_wconf 87' lang='grc' dir='ltr'><em>τοῡ</em></span> <span class='ocrx_word' id='word_1_223' title='bbox 931 2682 1302 2749; x_wconf 82' lang='grc' dir='ltr'><em>μετατίθεσθαι</em></span> <span class='ocrx_word' id='word_1_224' title='bbox 1382 2688 1499 2738; x_wconf 86' lang='grc' dir='ltr'><em>καθ’</em></span> <span class='ocrx_word' id='word_1_225' title='bbox 1596 2690 1801 2761; x_wconf 79' lang='grc' dir='ltr'><em>ὑφέσεις</em></span> <span class='ocrx_word' id='word_1_226' title='bbox 1869 2699 1933 2747; x_wconf 80' lang='grc' dir='ltr'><em>τὰ</em></span> 
     </span>
    </p>
   </div>
   <div class='ocr_carea' id='block_1_28' title="bbox 284 2765 1957 2852">
    <p class='ocr_par' dir='ltr' id='par_1_28' title="bbox 284 2765 1957 2852">
     <span class='ocr_line' id='line_1_28' title="bbox 284 2765 1957 2852; baseline 0.016 -44"><span class='ocrx_word' id='word_1_227' title='bbox 284 2767 527 2830; x_wconf 85' lang='grc' dir='ltr'><em>στοιχεῖα</em></span> <span class='ocrx_word' id='word_1_228' title='bbox 599 2782 689 2814; x_wconf 89' lang='grc' dir='ltr'>και</span> <span class='ocrx_word' id='word_1_229' title='bbox 754 2765 1042 2833; x_wconf 79' lang='grc' dir='ltr'><em>ἐπιτάσεις,</em></span> <span class='ocrx_word' id='word_1_230' title='bbox 1122 2769 1472 2842; x_wconf 75' lang='grc' dir='ltr'><em>τρισκαίδεκα</em></span> <span class='ocrx_word' id='word_1_231' title='bbox 1558 2783 1729 2830; x_wconf 82' lang='grc' dir='ltr'><em>πᾶσαι</em></span> <span class='ocrx_word' id='word_1_232' title='bbox 1810 2788 1957 2852; x_wconf 80' lang='grc' dir='ltr'><em>γενή-</em></span> 
     </span>
    </p>
   </div>
   <div class='ocr_carea' id='block_1_29' title="bbox 1112 423 2746 486">
    <p class='ocr_par' dir='ltr' id='par_1_29' title="bbox 1112 423 2746 486">
     <span class='ocr_line' id='line_1_29' title="bbox 1112 423 2746 486; baseline 0.005 -8"><span class='ocrx_word' id='word_1_233' title='bbox 1112 423 1467 481; x_wconf 81' lang='lat' dir='ltr'>THEODORI</span> <span class='ocrx_word' id='word_1_234' title='bbox 1499 426 1545 480; x_wconf 86' lang='lat' dir='ltr'>II</span> <span class='ocrx_word' id='word_1_235' title='bbox 1580 427 1719 483; x_wconf 78' lang='lat' dir='ltr'>IMP.</span> <span class='ocrx_word' id='word_1_236' title='bbox 1745 426 1837 481; x_wconf 89' lang='lat' dir='ltr'>DE</span> <span class='ocrx_word' id='word_1_237' title='bbox 1876 426 2339 484; x_wconf 79' lang='lat' dir='ltr'>COMMUNIONE</span> <span class='ocrx_word' id='word_1_238' title='bbox 2368 426 2746 486; x_wconf 74' lang='lat' dir='ltr'>NATURALI.</span> 
     </span>
    </p>
   </div>
   <div class='ocr_carea' id='block_1_30' title="bbox 3574 433 3711 488">
    <p class='ocr_par' dir='ltr' id='par_1_30' title="bbox 3574 433 3711 488">
     <span class='ocr_line' id='line_1_30' title="bbox 3574 433 3711 488; baseline 0.007 -3"><span class='ocrx_word' id='word_1_239' title='bbox 3574 434 3598 485; x_wconf 91' lang='grc'>1</span> <span class='ocrx_word' id='word_1_240' title='bbox 3607 433 3711 488; x_wconf 83' lang='lat'>302</span> 
     </span>
    </p>
   </div>
   <div class='ocr_carea' id='block_1_31' title="bbox 2058 554 3711 629">
    <p class='ocr_par' dir='ltr' id='par_1_31' title="bbox 2058 554 3711 629">
     <span class='ocr_line' id='line_1_31' title="bbox 2058 554 3711 629; baseline 0.003 -25"><span class='ocrx_word' id='word_1_241' title='bbox 2058 572 2236 605; x_wconf 90' lang='grc' dir='ltr'><em>σονται</em></span> <span class='ocrx_word' id='word_1_242' title='bbox 2293 559 2565 626; x_wconf 77' lang='grc' dir='ltr'><em>συζυγίαι,</em></span> <span class='ocrx_word' id='word_1_243' title='bbox 2621 555 3063 627; x_wconf 77' lang='grc' dir='ltr'><em>ἔννενηκονταχώς</em></span> <span class='ocrx_word' id='word_1_244' title='bbox 3119 559 3250 629; x_wconf 85' lang='grc' dir='ltr'><em>πρὸς</em></span> <span class='ocrx_word' id='word_1_245' title='bbox 3296 559 3365 608; x_wconf 84' lang='grc' dir='ltr'><em>τὰ</em></span> <span class='ocrx_word' id='word_1_246' title='bbox 3414 554 3509 608; x_wconf 84' lang='grc' dir='ltr'>δύο</span> <span class='ocrx_word' id='word_1_247' title='bbox 3568 554 3711 610; x_wconf 83' lang='grc' dir='ltr'><em>διαι-</em></span> 
     </span>
    </p>
   </div>
   <div class='ocr_carea' id='block_1_32' title="bbox 3081 644 3711 719">
    <p class='ocr_par' dir='ltr' id='par_1_32' title="bbox 3081 644 3711 719">
     <span class='ocr_line' id='line_1_32' title="bbox 3081 644 3711 719; baseline -0.002 -19"><span class='ocrx_word' id='word_1_248' title='bbox 3081 651 3181 700; x_wconf 67' lang='lat' dir='ltr'>Kal</span> <span class='ocrx_word' id='word_1_249' title='bbox 3237 653 3417 718; x_wconf 83' lang='grc' dir='ltr'>πρώτη</span> <span class='ocrx_word' id='word_1_250' title='bbox 3472 650 3562 719; x_wconf 69' lang='grc' dir='ltr'><em>μὲν</em></span> <span class='ocrx_word' id='word_1_251' title='bbox 3623 644 3711 701; x_wconf 80' lang='grc' dir='ltr'>οὖν</span> 
     </span>
    </p>
   </div>
   <div class='ocr_carea' id='block_1_33' title="bbox 2058 732 3714 806">
    <p class='ocr_par' dir='ltr' id='par_1_33' title="bbox 2058 732 3714 806">
     <span class='ocr_line' id='line_1_33' title="bbox 2058 732 3714 806; baseline 0.003 -23"><span class='ocrx_word' id='word_1_252' title='bbox 2058 735 2259 794; x_wconf 87' lang='grc' dir='ltr'><em>πάντως</em></span> <span class='ocrx_word' id='word_1_253' title='bbox 2287 734 2482 792; x_wconf 81' lang='grc' dir='ltr'><em>έστὶνὴ</em></span> <span class='ocrx_word' id='word_1_254' title='bbox 2516 733 2673 802; x_wconf 73' lang='grc' dir='ltr'><em>ἁπλῆ,</em></span> <span class='ocrx_word' id='word_1_255' title='bbox 2719 732 2825 788; x_wconf 80' lang='grc' dir='ltr'><em>εἶτα</em></span> <span class='ocrx_word' id='word_1_256' title='bbox 2881 739 2949 797; x_wconf 85' lang='grc' dir='ltr'><em>ὡς</em></span> <span class='ocrx_word' id='word_1_257' title='bbox 3006 734 3053 787; x_wconf 77' lang='grc' dir='ltr'><em>ἐν</em></span> <span class='ocrx_word' id='word_1_258' title='bbox 3109 735 3251 797; x_wconf 77' lang='grc' dir='ltr'><em>τάξει</em></span> <span class='ocrx_word' id='word_1_259' title='bbox 3308 737 3362 787; x_wconf 83' lang='grc' dir='ltr'>αἱ</span> <span class='ocrx_word' id='word_1_260' title='bbox 3409 737 3539 806; x_wconf 84' lang='grc' dir='ltr'><em>μετὰ</em></span> <span class='ocrx_word' id='word_1_261' title='bbox 3590 740 3714 788; x_wconf 82' lang='grc' dir='ltr'>ταύ-</span> 
     </span>
    </p>
   </div>
   <div class='ocr_carea' id='block_1_34' title="bbox 2056 818 3714 897">
    <p class='ocr_par' dir='ltr' id='par_1_34' title="bbox 2056 818 3714 897">
     <span class='ocr_line' id='line_1_34' title="bbox 2056 818 3714 897; baseline 0.003 -25"><span class='ocrx_word' id='word_1_262' title='bbox 2056 841 2169 879; x_wconf 76' lang='grc' dir='ltr'><em>τηνσ</em></span> <span class='ocrx_word' id='word_1_263' title='bbox 2226 818 2442 895; x_wconf 80' lang='grc' dir='ltr'><em>δευτέρα</em></span> <span class='ocrx_word' id='word_1_264' title='bbox 2497 820 2555 876; x_wconf 76' lang='grc' dir='ltr'><em>δε</em></span> <span class='ocrx_word' id='word_1_265' title='bbox 2614 824 2758 887; x_wconf 83' lang='grc' dir='ltr'><em>τάξις</em></span> <span class='ocrx_word' id='word_1_266' title='bbox 2806 833 2905 876; x_wconf 84' lang='grc' dir='ltr'><em>τῶν</em></span> <span class='ocrx_word' id='word_1_267' title='bbox 2951 824 3215 895; x_wconf 84' lang='grc' dir='ltr'><em>συζυγιῶν</em></span> <span class='ocrx_word' id='word_1_268' title='bbox 3266 826 3296 881; x_wconf 78' lang='grc' dir='ltr'>ἡ</span> <span class='ocrx_word' id='word_1_269' title='bbox 3348 826 3415 875; x_wconf 81' lang='grc' dir='ltr'><em>τὰ</em></span> <span class='ocrx_word' id='word_1_270' title='bbox 3455 830 3578 897; x_wconf 90' lang='grc' dir='ltr'><em>τρία</em></span> <span class='ocrx_word' id='word_1_271' title='bbox 3623 831 3714 878; x_wconf 82' lang='grc' dir='ltr'>καὶ</span> 
     </span>
    </p>
   </div>
   <div class='ocr_carea' id='block_1_35' title="bbox 2055 909 3713 985">
    <p class='ocr_par' dir='ltr' id='par_1_35' title="bbox 2055 909 3713 985">
     <span class='ocr_line' id='line_1_35' title="bbox 2055 909 3713 985; baseline 0.002 -23"><span class='ocrx_word' id='word_1_272' title='bbox 2055 917 2176 982; x_wconf 88' lang='grc' dir='ltr'><em>τρία</em></span> <span class='ocrx_word' id='word_1_273' title='bbox 2208 914 2430 983; x_wconf 82' lang='grc' dir='ltr'><em>ἔχουσα,</em></span> <span class='ocrx_word' id='word_1_274' title='bbox 2454 914 2520 965; x_wconf 84' lang='grc' dir='ltr'><em>τὰ</em></span> <span class='ocrx_word' id='word_1_275' title='bbox 2664 933 2698 965; x_wconf 90' lang='grc' dir='ltr'><em>α</em></span> <span class='ocrx_word' id='word_1_276' title='bbox 2733 911 2768 985; x_wconf 80' lang='grc' dir='ltr'><strong><em>β</em></strong></span> <span class='ocrx_word' id='word_1_277' title='bbox 2798 934 2831 984; x_wconf 88' lang='grc' dir='ltr'>γ</span> <span class='ocrx_word' id='word_1_278' title='bbox 2880 916 3069 975; x_wconf 85' lang='grc' dir='ltr'><em>πάντα,</em></span> <span class='ocrx_word' id='word_1_279' title='bbox 3122 922 3220 965; x_wconf 86' lang='grc' dir='ltr'><em>τῶν</em></span> <span class='ocrx_word' id='word_1_280' title='bbox 3249 909 3308 964; x_wconf 76' lang='grc' dir='ltr'><em>δε</em></span> <span class='ocrx_word' id='word_1_281' title='bbox 3340 932 3360 965; x_wconf 86' lang='grc' dir='ltr'>ε</span> <span class='ocrx_word' id='word_1_282' title='bbox 3386 913 3419 973; x_wconf 79' lang='grc' dir='ltr'><strong><em>ζ</em></strong></span> <span class='ocrx_word' id='word_1_283' title='bbox 3475 933 3503 970; x_wconf 92' lang='grc' dir='ltr'>η</span> <span class='ocrx_word' id='word_1_284' title='bbox 3567 916 3594 966; x_wconf 98' lang='lat'>9</span> <span class='ocrx_word' id='word_1_285' title='bbox 3646 917 3713 965; x_wconf 78' lang='grc' dir='ltr'>τὰ</span> 
     </span>
    </p>
   </div>
   <div class='ocr_carea' id='block_1_36' title="bbox 2054 998 3708 1073">
    <p class='ocr_par' dir='ltr' id='par_1_36' title="bbox 2054 998 3708 1073">
     <span class='ocr_line' id='line_1_36' title="bbox 2054 998 3708 1073; baseline 0 -20"><span class='ocrx_word' id='word_1_286' title='bbox 2054 1005 2194 1073; x_wconf 90' lang='grc' dir='ltr'><em>τρία,</em></span> <span class='ocrx_word' id='word_1_287' title='bbox 2247 1003 2515 1072; x_wconf 75' lang='grc' dir='ltr'><em>ὑφειμένου</em></span> <span class='ocrx_word' id='word_1_288' title='bbox 2573 1010 2664 1053; x_wconf 75' lang='grc' dir='ltr'>τοῦ</span> <span class='ocrx_word' id='word_1_289' title='bbox 2724 1000 2827 1063; x_wconf 84' lang='grc' dir='ltr'><em>ἐνὸς</em></span> <span class='ocrx_word' id='word_1_290' title='bbox 2881 1000 3144 1070; x_wconf 76' lang='grc' dir='ltr'><em>δηλονότι,</em></span> <span class='ocrx_word' id='word_1_291' title='bbox 3218 998 3437 1052; x_wconf 85' lang='grc' dir='ltr'><em>ὧντινων</em></span> <span class='ocrx_word' id='word_1_292' title='bbox 3513 1021 3533 1053; x_wconf 89' lang='grc' dir='ltr'>ε</span> <span class='ocrx_word' id='word_1_293' title='bbox 3588 1002 3620 1062; x_wconf 82' lang='grc' dir='ltr'><strong>ζ</strong></span> <span class='ocrx_word' id='word_1_294' title='bbox 3678 1022 3708 1060; x_wconf 94' lang='grc' dir='ltr'>η</span> 
     </span>
    </p>
   </div>
   <div class='ocr_carea' id='block_1_37' title="bbox 2058 1087 3711 1163">
    <p class='ocr_par' dir='ltr' id='par_1_37' title="bbox 2058 1087 3711 1163">
     <span class='ocr_line' id='line_1_37' title="bbox 2058 1087 3711 1163; baseline 0.001 -22"><span class='ocrx_word' id='word_1_295' title='bbox 2058 1091 2084 1141; x_wconf 92' lang='grc' dir='ltr'>θ</span> <span class='ocrx_word' id='word_1_296' title='bbox 2139 1094 2230 1147; x_wconf 81' lang='grc' dir='ltr'>τὴν</span> <span class='ocrx_word' id='word_1_297' title='bbox 2300 1087 2480 1160; x_wconf 83' lang='grc' dir='ltr'><em>ὕφεσιν</em></span> <span class='ocrx_word' id='word_1_298' title='bbox 2591 1089 2801 1153; x_wconf 73' lang='grc' dir='ltr'>ἐναλλὰξ</span> <span class='ocrx_word' id='word_1_299' title='bbox 2909 1092 3113 1161; x_wconf 86' lang='grc' dir='ltr'><em>θέμενος</em></span> <span class='ocrx_word' id='word_1_300' title='bbox 3187 1092 3393 1161; x_wconf 75' lang='grc' dir='ltr'><em>εὑρήσω</em></span> <span class='ocrx_word' id='word_1_301' title='bbox 3458 1093 3711 1163; x_wconf 84' lang='grc' dir='ltr'><em>τέτταρας</em></span> 
     </span>
    </p>
   </div>
   <div class='ocr_carea' id='block_1_38' title="bbox 2058 1176 3711 1251">
    <p class='ocr_par' dir='ltr' id='par_1_38' title="bbox 2058 1176 3711 1251">
     <span class='ocr_line' id='line_1_38' title="bbox 2058 1176 3711 1251; baseline 0.001 -21"><span class='ocrx_word' id='word_1_302' title='bbox 2058 1176 3711 1251; x_wconf 79' lang='grc' dir='ltr'><em>συζυγίαςαβγεζηαβγζηθαβγ</em></span> 
     </span>
    </p>
   </div>
   <div class='ocr_carea' id='block_1_39' title="bbox 2056 1264 3706 1339">
    <p class='ocr_par' dir='ltr' id='par_1_39' title="bbox 2056 1264 3706 1339">
     <span class='ocr_line' id='line_1_39' title="bbox 2056 1264 3706 1339; baseline 0.002 -21"><span class='ocrx_word' id='word_1_303' title='bbox 2056 1286 2086 1325; x_wconf 91' lang='grc' dir='ltr'>η</span> <span class='ocrx_word' id='word_1_304' title='bbox 2140 1268 2166 1318; x_wconf 92' lang='grc' dir='ltr'>θ</span> <span class='ocrx_word' id='word_1_305' title='bbox 2226 1286 2247 1318; x_wconf 89' lang='grc' dir='ltr'>ε</span> <span class='ocrx_word' id='word_1_306' title='bbox 2317 1286 2350 1317; x_wconf 92' lang='grc' dir='ltr'><em>α</em></span> <span class='ocrx_word' id='word_1_307' title='bbox 2406 1265 2442 1338; x_wconf 82' lang='grc' dir='ltr'><strong><em>β</em></strong></span> <span class='ocrx_word' id='word_1_308' title='bbox 2497 1288 2530 1337; x_wconf 94' lang='grc' dir='ltr'>γ</span> <span class='ocrx_word' id='word_1_309' title='bbox 2581 1287 2601 1319; x_wconf 87' lang='grc' dir='ltr'>ε</span> <span class='ocrx_word' id='word_1_310' title='bbox 2652 1269 2677 1319; x_wconf 94' lang='lat'>9</span> <span class='ocrx_word' id='word_1_311' title='bbox 2732 1267 2764 1327; x_wconf 78' lang='grc' dir='ltr'><strong>ζ</strong></span> <span class='ocrx_word' id='word_1_312' title='bbox 2817 1267 2870 1319; x_wconf 79' lang='grc' dir='ltr'>αἱ</span> <span class='ocrx_word' id='word_1_313' title='bbox 2925 1264 3236 1339; x_wconf 82' lang='grc' dir='ltr'><em>διαφέρουσι</em></span> <span class='ocrx_word' id='word_1_314' title='bbox 3289 1276 3350 1326; x_wconf 83' lang='grc' dir='ltr'><em>τῆ</em></span> <span class='ocrx_word' id='word_1_315' title='bbox 3410 1270 3706 1339; x_wconf 87' lang='grc' dir='ltr'><em>μεταθέσει.</em></span> 
     </span>
    </p>
   </div>
   <div class='ocr_carea' id='block_1_40' title="bbox 2060 1354 3705 1431">
    <p class='ocr_par' dir='ltr' id='par_1_40' title="bbox 2060 1354 3705 1431">
     <span class='ocr_line' id='line_1_40' title="bbox 2060 1354 3705 1431; baseline 0.001 -23"><span class='ocrx_word' id='word_1_316' title='bbox 2060 1358 2205 1409; x_wconf 79' lang='grc' dir='ltr'>Καθὰ</span> <span class='ocrx_word' id='word_1_317' title='bbox 2257 1357 2355 1430; x_wconf 83' lang='grc' dir='ltr'><em>γὰρ</em></span> <span class='ocrx_word' id='word_1_318' title='bbox 2406 1358 2435 1413; x_wconf 84' lang='grc' dir='ltr'><strong>ἠ</strong></span> <span class='ocrx_word' id='word_1_319' title='bbox 2478 1362 2657 1429; x_wconf 82' lang='grc' dir='ltr'><em>πρώτη</em></span> <span class='ocrx_word' id='word_1_320' title='bbox 2713 1360 2842 1431; x_wconf 86' lang='grc' dir='ltr'><em>πρὸς</em></span> <span class='ocrx_word' id='word_1_321' title='bbox 2912 1363 3005 1415; x_wconf 78' lang='grc' dir='ltr'><em>τὴν</em></span> <span class='ocrx_word' id='word_1_322' title='bbox 3060 1354 3325 1430; x_wconf 80' lang='grc' dir='ltr'><em>δευτέραν,</em></span> <span class='ocrx_word' id='word_1_323' title='bbox 3386 1361 3415 1414; x_wconf 83' lang='grc' dir='ltr'>ἧ</span> <span class='ocrx_word' id='word_1_324' title='bbox 3472 1358 3502 1414; x_wconf 82' lang='grc' dir='ltr'>ἡ</span> <span class='ocrx_word' id='word_1_325' title='bbox 3558 1361 3705 1428; x_wconf 84' lang='grc' dir='ltr'><em>τρίτη</em></span> 
     </span>
    </p>
   </div>
   <div class='ocr_carea' id='block_1_41' title="bbox 2052 1444 3712 1518">
    <p class='ocr_par' dir='ltr' id='par_1_41' title="bbox 2052 1444 3712 1518">
     <span class='ocr_line' id='line_1_41' title="bbox 2052 1444 3712 1518; baseline 0 -20"><span class='ocrx_word' id='word_1_326' title='bbox 2052 1450 2181 1518; x_wconf 86' lang='grc' dir='ltr'><em>πρὸς</em></span> <span class='ocrx_word' id='word_1_327' title='bbox 2226 1450 2318 1503; x_wconf 79' lang='grc' dir='ltr'>τὴν</span> <span class='ocrx_word' id='word_1_328' title='bbox 2373 1446 2623 1517; x_wconf 82' lang='grc' dir='ltr'><em>ὑτάστην,</em></span> <span class='ocrx_word' id='word_1_329' title='bbox 2677 1447 2811 1499; x_wconf 78' lang='grc' dir='ltr'><em>οὕτω</em></span> <span class='ocrx_word' id='word_1_330' title='bbox 2860 1444 2928 1505; x_wconf 81' lang='grc' dir='ltr'>δὴ</span> <span class='ocrx_word' id='word_1_331' title='bbox 2985 1451 3075 1499; x_wconf 89' lang='grc' dir='ltr'>καὶ</span> <span class='ocrx_word' id='word_1_332' title='bbox 3120 1450 3180 1498; x_wconf 86' lang='grc' dir='ltr'><em>τὸ</em></span> <span class='ocrx_word' id='word_1_333' title='bbox 3237 1446 3291 1497; x_wconf 84' lang='grc' dir='ltr'><em>ἐκ</em></span> <span class='ocrx_word' id='word_1_334' title='bbox 3342 1454 3433 1507; x_wconf 82' lang='grc' dir='ltr'>τῆς</span> <span class='ocrx_word' id='word_1_335' title='bbox 3483 1448 3712 1507; x_wconf 81' lang='grc' dir='ltr'><em>ὑστάτης</em></span> 
     </span>
    </p>
   </div>
   <div class='ocr_carea' id='block_1_42' title="bbox 2052 1534 3712 1608">
    <p class='ocr_par' dir='ltr' id='par_1_42' title="bbox 2052 1534 3712 1608">
     <span class='ocr_line' id='line_1_42' title="bbox 2052 1534 3712 1608; baseline 0.001 -25"><span class='ocrx_word' id='word_1_336' title='bbox 2052 1534 2238 1607; x_wconf 70' lang='grc' dir='ltr'><em>κραθὲν</em></span> <span class='ocrx_word' id='word_1_337' title='bbox 2284 1535 2476 1605; x_wconf 78' lang='grc' dir='ltr'>ἄτομον</span> <span class='ocrx_word' id='word_1_338' title='bbox 2543 1537 2674 1606; x_wconf 88' lang='grc' dir='ltr'><em>πρὸς</em></span> <span class='ocrx_word' id='word_1_339' title='bbox 2733 1538 2789 1587; x_wconf 85' lang='grc' dir='ltr'><em>τὸ</em></span> <span class='ocrx_word' id='word_1_340' title='bbox 2843 1534 2897 1586; x_wconf 84' lang='grc' dir='ltr'>ἐκ</span> <span class='ocrx_word' id='word_1_341' title='bbox 2950 1543 3044 1595; x_wconf 86' lang='grc' dir='ltr'>τῆς</span> <span class='ocrx_word' id='word_1_342' title='bbox 3100 1539 3312 1608; x_wconf 83' lang='grc' dir='ltr'><em>πρώτης</em></span> <span class='ocrx_word' id='word_1_343' title='bbox 3364 1552 3417 1586; x_wconf 90' lang='grc' dir='ltr'>τε</span> <span class='ocrx_word' id='word_1_344' title='bbox 3478 1538 3567 1585; x_wconf 85' lang='grc' dir='ltr'>καὶ</span> <span class='ocrx_word' id='word_1_345' title='bbox 3618 1542 3712 1594; x_wconf 85' lang='grc' dir='ltr'>τῆς</span> 
     </span>
    </p>
   </div>
   <div class='ocr_carea' id='block_1_43' title="bbox 2052 1618 3711 1695">
    <p class='ocr_par' dir='ltr' id='par_1_43' title="bbox 2052 1618 3711 1695">
     <span class='ocr_line' id='line_1_43' title="bbox 2052 1618 3711 1695; baseline 0.003 -23"><span class='ocrx_word' id='word_1_346' title='bbox 2052 1627 2252 1694; x_wconf 86' lang='grc' dir='ltr'><em>τρίτης,</em></span> <span class='ocrx_word' id='word_1_347' title='bbox 2305 1626 2393 1673; x_wconf 78' lang='grc' dir='ltr'><em>καὶ</em></span> <span class='ocrx_word' id='word_1_348' title='bbox 2460 1628 2612 1674; x_wconf 81' lang='grc' dir='ltr'><em>τοῦτο</em></span> <span class='ocrx_word' id='word_1_349' title='bbox 2672 1631 2772 1674; x_wconf 86' lang='grc' dir='ltr'><em>τῶν</em></span> <span class='ocrx_word' id='word_1_350' title='bbox 2838 1626 3093 1695; x_wconf 86' lang='grc' dir='ltr'><em>τεττάρων</em></span> <span class='ocrx_word' id='word_1_351' title='bbox 3177 1626 3365 1675; x_wconf 87' lang='grc' dir='ltr'><em>κοινόν.</em></span> <span class='ocrx_word' id='word_1_352' title='bbox 3434 1625 3579 1675; x_wconf 82' lang='grc' dir='ltr'><em>Μετὰ</em></span> <span class='ocrx_word' id='word_1_353' title='bbox 3651 1618 3711 1677; x_wconf 65' lang='grc' dir='ltr'>δὲ</span> 
     </span>
    </p>
   </div>
   <div class='ocr_carea' id='block_1_44' title="bbox 2052 1708 3710 1785">
    <p class='ocr_par' dir='ltr' id='par_1_44' title="bbox 2052 1708 3710 1785">
     <span class='ocr_line' id='line_1_44' title="bbox 2052 1708 3710 1785; baseline 0.001 -23"><span class='ocrx_word' id='word_1_354' title='bbox 2052 1713 2247 1767; x_wconf 80' lang='grc' dir='ltr'><em>ταύτην</em></span> <span class='ocrx_word' id='word_1_355' title='bbox 2294 1714 2443 1784; x_wconf 87' lang='grc' dir='ltr'><em>τρίτη</em></span> <span class='ocrx_word' id='word_1_356' title='bbox 2526 1711 2673 1773; x_wconf 85' lang='grc' dir='ltr'><em>τάξις</em></span> <span class='ocrx_word' id='word_1_357' title='bbox 2743 1720 2842 1763; x_wconf 90' lang='grc' dir='ltr'><em>τῶν</em></span> <span class='ocrx_word' id='word_1_358' title='bbox 2925 1711 3188 1783; x_wconf 79' lang='grc' dir='ltr'><em>συζυγιῶν</em></span> <span class='ocrx_word' id='word_1_359' title='bbox 3237 1717 3266 1769; x_wconf 84' lang='grc' dir='ltr'><em>ἠ</em></span> <span class='ocrx_word' id='word_1_360' title='bbox 3323 1713 3389 1763; x_wconf 79' lang='grc' dir='ltr'><em>τὰ</em></span> <span class='ocrx_word' id='word_1_361' title='bbox 3448 1729 3573 1785; x_wconf 89' lang='grc' dir='ltr'><em>τρια</em></span> <span class='ocrx_word' id='word_1_362' title='bbox 3612 1708 3710 1765; x_wconf 70' lang='grc' dir='ltr'>δύο</span> 
     </span>
    </p>
   </div>
   <div class='ocr_carea' id='block_1_45' title="bbox 2052 1797 3713 1872">
    <p class='ocr_par' dir='ltr' id='par_1_45' title="bbox 2052 1797 3713 1872">
     <span class='ocr_line' id='line_1_45' title="bbox 2052 1797 3713 1872; baseline 0.002 -21"><span class='ocrx_word' id='word_1_363' title='bbox 2052 1802 2277 1870; x_wconf 79' lang='grc' dir='ltr'><em>ἔχουσα,</em></span> <span class='ocrx_word' id='word_1_364' title='bbox 2314 1803 2380 1851; x_wconf 81' lang='grc' dir='ltr'>τὰ</span> <span class='ocrx_word' id='word_1_365' title='bbox 2427 1803 2516 1871; x_wconf 70' lang='grc' dir='ltr'><em>μὲν</em></span> <span class='ocrx_word' id='word_1_366' title='bbox 2565 1820 2599 1852; x_wconf 93' lang='grc' dir='ltr'>α</span> <span class='ocrx_word' id='word_1_367' title='bbox 2647 1799 2682 1872; x_wconf 86' lang='grc' dir='ltr'>β</span> <span class='ocrx_word' id='word_1_368' title='bbox 2722 1822 2755 1872; x_wconf 90' lang='grc' dir='ltr'>γ</span> <span class='ocrx_word' id='word_1_369' title='bbox 2810 1803 2997 1869; x_wconf 89' lang='grc' dir='ltr'><em>πάντα,</em></span> <span class='ocrx_word' id='word_1_370' title='bbox 3052 1809 3151 1852; x_wconf 88' lang='grc' dir='ltr'><em>τῶν</em></span> <span class='ocrx_word' id='word_1_371' title='bbox 3209 1797 3268 1853; x_wconf 74' lang='grc' dir='ltr'><em>δε</em></span> <span class='ocrx_word' id='word_1_372' title='bbox 3326 1820 3346 1852; x_wconf 92' lang='grc' dir='ltr'>ε</span> <span class='ocrx_word' id='word_1_373' title='bbox 3403 1801 3435 1861; x_wconf 80' lang='grc' dir='ltr'><strong>ζ</strong></span> <span class='ocrx_word' id='word_1_374' title='bbox 3477 1821 3507 1859; x_wconf 90' lang='grc' dir='ltr'>η</span> <span class='ocrx_word' id='word_1_375' title='bbox 3566 1804 3593 1855; x_wconf 90' lang='grc' dir='ltr'>θ</span> <span class='ocrx_word' id='word_1_376' title='bbox 3644 1805 3713 1855; x_wconf 82' lang='grc' dir='ltr'><em>τὰ</em></span> 
     </span>
    </p>
   </div>
   <div class='ocr_carea' id='block_1_46' title="bbox 2054 1885 3711 1963">
    <p class='ocr_par' dir='ltr' id='par_1_46' title="bbox 2054 1885 3711 1963">
     <span class='ocr_line' id='line_1_46' title="bbox 2054 1885 3711 1963; baseline 0.002 -23"><span class='ocrx_word' id='word_1_377' title='bbox 2054 1886 2173 1956; x_wconf 84' lang='grc' dir='ltr'>δύο,</span> <span class='ocrx_word' id='word_1_378' title='bbox 2200 1897 2300 1940; x_wconf 87' lang='grc' dir='ltr'><em>τῶν</em></span> <span class='ocrx_word' id='word_1_379' title='bbox 2346 1885 2442 1941; x_wconf 80' lang='grc' dir='ltr'>δύο</span> <span class='ocrx_word' id='word_1_380' title='bbox 2503 1890 2683 1961; x_wconf 78' lang='grc' dir='ltr'><em>ὕφεσιν</em></span> <span class='ocrx_word' id='word_1_381' title='bbox 2736 1896 3075 1962; x_wconf 84' lang='grc' dir='ltr'><em>πασχόντων,</em></span> <span class='ocrx_word' id='word_1_382' title='bbox 3125 1891 3279 1943; x_wconf 83' lang='grc' dir='ltr'><em>οἶτινα</em></span> <span class='ocrx_word' id='word_1_383' title='bbox 3335 1886 3429 1943; x_wconf 81' lang='grc' dir='ltr'>διὰ</span> <span class='ocrx_word' id='word_1_384' title='bbox 3484 1900 3580 1953; x_wconf 84' lang='grc' dir='ltr'>τῆς</span> <span class='ocrx_word' id='word_1_385' title='bbox 3627 1911 3711 1963; x_wconf 83' lang='grc' dir='ltr'><em>με·</em></span> 
     </span>
    </p>
   </div>
   <div class='ocr_carea' id='block_1_47' title="bbox 2706 1979 3710 2054">
    <p class='ocr_par' dir='ltr' id='par_1_47' title="bbox 2706 1979 3710 2054">
     <span class='ocr_line' id='line_1_47' title="bbox 2706 1979 3710 2054; baseline 0.001 -23"><span class='ocrx_word' id='word_1_386' title='bbox 2706 1979 3057 2053; x_wconf 76' lang='grc' dir='ltr'><em>ποιησάμενος</em></span> <span class='ocrx_word' id='word_1_387' title='bbox 3161 1981 3366 2054; x_wconf 80' lang='grc' dir='ltr'><em>εὑρήσω</em></span> <span class='ocrx_word' id='word_1_388' title='bbox 3452 1980 3710 2051; x_wconf 74' lang='grc' dir='ltr'><em>συζυγίαν</em></span> 
     </span>
    </p>
   </div>
   <div class='ocr_carea' id='block_1_48' title="bbox 2058 2066 3708 2141">
    <p class='ocr_par' dir='ltr' id='par_1_48' title="bbox 2058 2066 3708 2141">
     <span class='ocr_line' id='line_1_48' title="bbox 2058 2066 3708 2141; baseline 0.002 -23"><span class='ocrx_word' id='word_1_389' title='bbox 2058 2066 3708 2141; x_wconf 78' lang='grc' dir='ltr'><em>θέσειτελείαναβγεζαβγζηαβγη</em></span> 
     </span>
    </p>
   </div>
   <div class='ocr_carea' id='block_1_49' title="bbox 2057 2153 3711 2230">
    <p class='ocr_par' dir='ltr' id='par_1_49' title="bbox 2057 2153 3711 2230">
     <span class='ocr_line' id='line_1_49' title="bbox 2057 2153 3711 2230; baseline 0.002 -23"><span class='ocrx_word' id='word_1_390' title='bbox 2057 2153 3495 2230; x_wconf 77' lang='grc' dir='ltr'><em>θαβγθεαβγεααβγξθαί</em></span> <span class='ocrx_word' id='word_1_391' title='bbox 3584 2153 3711 2211; x_wconf 85' lang='grc' dir='ltr'>δια-</span> 
     </span>
    </p>
   </div>
   <div class='ocr_carea' id='block_1_50' title="bbox 2055 2243 3711 2321">
    <p class='ocr_par' dir='ltr' id='par_1_50' title="bbox 2055 2243 3711 2321">
     <span class='ocr_line' id='line_1_50' title="bbox 2055 2243 3711 2321; baseline 0.004 -29"><span class='ocrx_word' id='word_1_392' title='bbox 2055 2246 2268 2317; x_wconf 86' lang='grc' dir='ltr'><em>φέρουσι</em></span> <span class='ocrx_word' id='word_1_393' title='bbox 2321 2249 2383 2300; x_wconf 82' lang='grc' dir='ltr'>τῆ</span> <span class='ocrx_word' id='word_1_394' title='bbox 2462 2243 2757 2314; x_wconf 79' lang='grc' dir='ltr'><em>μεταθέσει.</em></span> <span class='ocrx_word' id='word_1_395' title='bbox 2844 2246 2994 2297; x_wconf 82' lang='grc' dir='ltr'>Καθὰ</span> <span class='ocrx_word' id='word_1_396' title='bbox 3067 2247 3169 2318; x_wconf 79' lang='grc' dir='ltr'>γὰρ</span> <span class='ocrx_word' id='word_1_397' title='bbox 3255 2247 3284 2303; x_wconf 79' lang='grc' dir='ltr'><strong>ἡ</strong></span> <span class='ocrx_word' id='word_1_398' title='bbox 3352 2250 3534 2318; x_wconf 84' lang='grc' dir='ltr'><em>πρώτη</em></span> <span class='ocrx_word' id='word_1_399' title='bbox 3583 2248 3711 2321; x_wconf 89' lang='grc' dir='ltr'><em>πρὸς</em></span> 
     </span>
    </p>
   </div>
   <div class='ocr_carea' id='block_1_51' title="bbox 2050 2327 3707 2406">
    <p class='ocr_par' dir='ltr' id='par_1_51' title="bbox 2050 2327 3707 2406">
     <span class='ocr_line' id='line_1_51' title="bbox 2050 2327 3707 2406; baseline 0.003 -25"><span class='ocrx_word' id='word_1_400' title='bbox 2050 2335 2144 2388; x_wconf 82' lang='grc' dir='ltr'><em>τὴν</em></span> <span class='ocrx_word' id='word_1_401' title='bbox 2177 2327 2442 2405; x_wconf 84' lang='grc' dir='ltr'><em>δευτέραν,</em></span> <span class='ocrx_word' id='word_1_402' title='bbox 2473 2335 2502 2389; x_wconf 85' lang='grc' dir='ltr'>ἤ</span> <span class='ocrx_word' id='word_1_403' title='bbox 2540 2335 2569 2390; x_wconf 81' lang='grc' dir='ltr'>ἡ</span> <span class='ocrx_word' id='word_1_404' title='bbox 2601 2337 2751 2405; x_wconf 89' lang='grc' dir='ltr'><em>τρίτη</em></span> <span class='ocrx_word' id='word_1_405' title='bbox 2801 2336 2926 2406; x_wconf 87' lang='grc' dir='ltr'><em>πρὸς</em></span> <span class='ocrx_word' id='word_1_406' title='bbox 2985 2337 3079 2391; x_wconf 78' lang='grc' dir='ltr'><em>τὴν</em></span> <span class='ocrx_word' id='word_1_407' title='bbox 3137 2335 3389 2399; x_wconf 85' lang='grc' dir='ltr'><em>ὑστάτην,</em></span> <span class='ocrx_word' id='word_1_408' title='bbox 3450 2333 3583 2386; x_wconf 83' lang='grc' dir='ltr'><em>οὕτω</em></span> <span class='ocrx_word' id='word_1_409' title='bbox 3637 2330 3707 2394; x_wconf 77' lang='grc' dir='ltr'>δὴ</span> 
     </span>
    </p>
   </div>
   <div class='ocr_carea' id='block_1_52' title="bbox 2048 2420 3711 2498">
    <p class='ocr_par' dir='ltr' id='par_1_52' title="bbox 2048 2420 3711 2498">
     <span class='ocr_line' id='line_1_52' title="bbox 2048 2420 3711 2498; baseline 0.004 -27"><span class='ocrx_word' id='word_1_410' title='bbox 2048 2424 2138 2471; x_wconf 83' lang='grc' dir='ltr'>καὶ</span> <span class='ocrx_word' id='word_1_411' title='bbox 2195 2424 2253 2471; x_wconf 84' lang='grc' dir='ltr'>τὸ</span> <span class='ocrx_word' id='word_1_412' title='bbox 2321 2420 2377 2472; x_wconf 89' lang='grc' dir='ltr'>ἐκ</span> <span class='ocrx_word' id='word_1_413' title='bbox 2442 2429 2537 2484; x_wconf 84' lang='grc' dir='ltr'><em>τῆς</em></span> <span class='ocrx_word' id='word_1_414' title='bbox 2581 2424 2816 2484; x_wconf 85' lang='grc' dir='ltr'><em>ὑστάτης</em></span> <span class='ocrx_word' id='word_1_415' title='bbox 2869 2424 3055 2497; x_wconf 65' lang='grc' dir='ltr'><em>κραθὲν</em></span> <span class='ocrx_word' id='word_1_416' title='bbox 3128 2425 3318 2495; x_wconf 75' lang='grc' dir='ltr'><em>ἄτομον</em></span> <span class='ocrx_word' id='word_1_417' title='bbox 3365 2427 3495 2498; x_wconf 87' lang='grc' dir='ltr'><em>πρὸς</em></span> <span class='ocrx_word' id='word_1_418' title='bbox 3544 2428 3604 2477; x_wconf 87' lang='grc' dir='ltr'><em>τὸ</em></span> <span class='ocrx_word' id='word_1_419' title='bbox 3655 2423 3711 2477; x_wconf 78' lang='grc' dir='ltr'><em>ἐκ</em></span> 
     </span>
    </p>
   </div>
   <div class='ocr_carea' id='block_1_53' title="bbox 2046 2512 3707 2584">
    <p class='ocr_par' dir='ltr' id='par_1_53' title="bbox 2046 2512 3707 2584">
     <span class='ocr_line' id='line_1_53' title="bbox 2046 2512 3707 2584; baseline 0.004 -23"><span class='ocrx_word' id='word_1_420' title='bbox 2046 2516 2137 2569; x_wconf 70' lang='grc' dir='ltr'>τῆς</span> <span class='ocrx_word' id='word_1_421' title='bbox 2182 2530 2393 2584; x_wconf 80' lang='grc' dir='ltr'><em>πρώτης</em></span> <span class='ocrx_word' id='word_1_422' title='bbox 2482 2531 2535 2564; x_wconf 88' lang='grc' dir='ltr'>τε</span> <span class='ocrx_word' id='word_1_423' title='bbox 2618 2516 2707 2564; x_wconf 85' lang='grc' dir='ltr'><em>καὶ</em></span> <span class='ocrx_word' id='word_1_424' title='bbox 2777 2520 2878 2564; x_wconf 86' lang='grc' dir='ltr'>τῶν</span> <span class='ocrx_word' id='word_1_425' title='bbox 2960 2512 3139 2583; x_wconf 79' lang='grc' dir='ltr'><em>ἐφεξῆς</em></span> <span class='ocrx_word' id='word_1_426' title='bbox 3206 2516 3299 2575; x_wconf 86' lang='grc' dir='ltr'><em>ἐως</em></span> <span class='ocrx_word' id='word_1_427' title='bbox 3341 2515 3555 2584; x_wconf 81' lang='grc' dir='ltr'><em>ταύτης,</em></span> <span class='ocrx_word' id='word_1_428' title='bbox 3616 2518 3707 2568; x_wconf 81' lang='grc' dir='ltr'><em>καὶ</em></span> 
     </span>
    </p>
   </div>
   <div class='ocr_carea' id='block_1_54' title="bbox 2044 2598 3706 2680">
    <p class='ocr_par' dir='ltr' id='par_1_54' title="bbox 2044 2598 3706 2680">
     <span class='ocr_line' id='line_1_54' title="bbox 2044 2598 3706 2680; baseline 0.004 -29"><span class='ocrx_word' id='word_1_429' title='bbox 2044 2607 2198 2651; x_wconf 81' lang='grc' dir='ltr'><em>τοῦτο</em></span> <span class='ocrx_word' id='word_1_430' title='bbox 2251 2603 2420 2651; x_wconf 91' lang='grc' dir='ltr'><em>κοινὸν</em></span> <span class='ocrx_word' id='word_1_431' title='bbox 2494 2607 2583 2653; x_wconf 83' lang='grc' dir='ltr'><em>καὶ</em></span> <span class='ocrx_word' id='word_1_432' title='bbox 2650 2610 2751 2654; x_wconf 87' lang='grc' dir='ltr'>τῶν</span> <span class='ocrx_word' id='word_1_433' title='bbox 2799 2601 2871 2664; x_wconf 81' lang='grc' dir='ltr'>ἓξ.</span> <span class='ocrx_word' id='word_1_434' title='bbox 2927 2605 3070 2655; x_wconf 86' lang='grc' dir='ltr'>Μετὰ</span> <span class='ocrx_word' id='word_1_435' title='bbox 3117 2598 3176 2655; x_wconf 70' lang='grc' dir='ltr'>δὲ</span> <span class='ocrx_word' id='word_1_436' title='bbox 3230 2607 3428 2662; x_wconf 83' lang='grc' dir='ltr'><em>ταὺτην</em></span> <span class='ocrx_word' id='word_1_437' title='bbox 3484 2606 3706 2680; x_wconf 87' lang='grc' dir='ltr'><em>τετάρτη</em></span> 
     </span>
    </p>
   </div>
   <div class='ocr_carea' id='block_1_55' title="bbox 2042 2688 3707 2767">
    <p class='ocr_par' dir='ltr' id='par_1_55' title="bbox 2042 2688 3707 2767">
     <span class='ocr_line' id='line_1_55' title="bbox 2042 2688 3707 2767; baseline 0.004 -26"><span class='ocrx_word' id='word_1_438' title='bbox 2042 2688 2183 2750; x_wconf 76' lang='grc' dir='ltr'><em>τάξις</em></span> <span class='ocrx_word' id='word_1_439' title='bbox 2210 2696 2310 2740; x_wconf 80' lang='grc' dir='ltr'><em>τῶν</em></span> <span class='ocrx_word' id='word_1_440' title='bbox 2342 2689 2657 2762; x_wconf 79' lang='grc' dir='ltr'><em>συξυγιῶνὴ</em></span> <span class='ocrx_word' id='word_1_441' title='bbox 2705 2693 2770 2743; x_wconf 85' lang='grc' dir='ltr'><em>τὰ</em></span> <span class='ocrx_word' id='word_1_442' title='bbox 2814 2695 2934 2763; x_wconf 90' lang='grc' dir='ltr'><em>τρία</em></span> <span class='ocrx_word' id='word_1_443' title='bbox 2980 2696 3071 2743; x_wconf 82' lang='grc' dir='ltr'>καὶ</span> <span class='ocrx_word' id='word_1_444' title='bbox 3131 2694 3181 2744; x_wconf 79' lang='grc' dir='ltr'>ἔν</span> <span class='ocrx_word' id='word_1_445' title='bbox 3230 2694 3453 2763; x_wconf 73' lang='grc' dir='ltr'><em>ἔχουσα,</em></span> <span class='ocrx_word' id='word_1_446' title='bbox 3506 2695 3569 2746; x_wconf 82' lang='grc' dir='ltr'><em>τὰ</em></span> 
     </span>
    </p>
   </div>
   <div class='ocr_carea' id='block_1_56' title="bbox 2042 2776 3709 2856">
    <p class='ocr_par' dir='ltr' id='par_1_56' title="bbox 2042 2776 3709 2856">
     <span class='ocr_line' id='line_1_56' title="bbox 2042 2776 3709 2856; baseline 0.004 -25"><span class='ocrx_word' id='word_1_447' title='bbox 2042 2800 2074 2831; x_wconf 92' lang='grc' dir='ltr'>α</span> <span class='ocrx_word' id='word_1_448' title='bbox 2125 2778 2160 2852; x_wconf 85' lang='grc' dir='ltr'><strong><em>β</em></strong></span> <span class='ocrx_word' id='word_1_449' title='bbox 2204 2803 2237 2852; x_wconf 87' lang='grc' dir='ltr'>γ</span> <span class='ocrx_word' id='word_1_450' title='bbox 2282 2781 2470 2845; x_wconf 90' lang='grc' dir='ltr'><em>πάντα,</em></span> <span class='ocrx_word' id='word_1_451' title='bbox 2503 2788 2599 2831; x_wconf 86' lang='grc' dir='ltr'>τῶν</span> <span class='ocrx_word' id='word_1_452' title='bbox 2632 2776 2692 2832; x_wconf 59' lang='grc' dir='ltr'><em>δι</em></span> <span class='ocrx_word' id='word_1_453' title='bbox 2740 2800 2762 2832; x_wconf 87' lang='grc' dir='ltr'>ε</span> <span class='ocrx_word' id='word_1_454' title='bbox 2820 2780 2851 2841; x_wconf 83' lang='grc' dir='ltr'><strong>ζ</strong></span> <span class='ocrx_word' id='word_1_455' title='bbox 2882 2800 2912 2837; x_wconf 94' lang='grc' dir='ltr'>η</span> <span class='ocrx_word' id='word_1_456' title='bbox 2967 2782 2992 2832; x_wconf 90' lang='grc' dir='ltr'>θ</span> <span class='ocrx_word' id='word_1_457' title='bbox 3038 2783 3177 2832; x_wconf 82' lang='grc' dir='ltr'>τὸὲν</span> <span class='ocrx_word' id='word_1_458' title='bbox 3233 2790 3332 2833; x_wconf 86' lang='grc' dir='ltr'><em>τῶν</em></span> <span class='ocrx_word' id='word_1_459' title='bbox 3380 2790 3532 2855; x_wconf 87' lang='grc' dir='ltr'><em>τριῶν</em></span> <span class='ocrx_word' id='word_1_460' title='bbox 3581 2793 3709 2856; x_wconf 77' lang='grc' dir='ltr'><em>υφε-</em></span> 
     </span>
    </p>
   </div>
   <div class='ocr_carea' id='block_1_57' title="bbox 275 2856 3697 2951">
    <p class='ocr_par' dir='ltr' id='par_1_57' title="bbox 275 2856 3697 2951">
     <span class='ocr_line' id='line_1_57' title="bbox 275 2856 3697 2951; baseline 0.008 -41"><span class='ocrx_word' id='word_1_461' title='bbox 275 2860 399 2910; x_wconf 90' lang='lat' dir='ltr'>ctas</span> <span class='ocrx_word' id='word_1_462' title='bbox 423 2856 652 2914; x_wconf 86' lang='lat' dir='ltr'>habens</span> <span class='ocrx_word' id='word_1_463' title='bbox 682 2876 887 2917; x_wconf 90' lang='lat' dir='ltr'>verum</span> <span class='ocrx_word' id='word_1_464' title='bbox 918 2880 1174 2936; x_wconf 91' lang='lat' dir='ltr'>scopum</span> <span class='ocrx_word' id='word_1_465' title='bbox 1206 2877 1583 2941; x_wconf 90' lang='lat' dir='ltr'>assequatur,</span> <span class='ocrx_word' id='word_1_466' title='bbox 1620 2881 1675 2931; x_wconf 89' lang='lat' dir='ltr'>et</span> <span class='ocrx_word' id='word_1_467' title='bbox 1698 2881 1760 2933; x_wconf 91' lang='lat' dir='ltr'>ut</span> <span class='ocrx_word' id='word_1_468' title='bbox 1800 2878 1937 2936; x_wconf 86' lang='lat' dir='ltr'>faci-</span> <span class='ocrx_word' id='word_1_469' title='bbox 1967 2896 2006 2949; x_wconf 76' lang='grc' dir='ltr'><em>ο</em></span> <span class='ocrx_word' id='word_1_470' title='bbox 2048 2881 2350 2951; x_wconf 88' lang='lat' dir='ltr'>deinceps.</span> <span class='ocrx_word' id='word_1_471' title='bbox 2384 2880 2637 2950; x_wconf 86' lang='lat' dir='ltr'>Jamque</span> <span class='ocrx_word' id='word_1_472' title='bbox 2661 2876 2859 2933; x_wconf 76' lang='lat' dir='ltr'>differt</span> <span class='ocrx_word' id='word_1_473' title='bbox 2923 2879 3200 2951; x_wconf 83' lang='lat' dir='ltr'>purgatio</span> <span class='ocrx_word' id='word_1_474' title='bbox 3250 2895 3285 2935; x_wconf 92' lang='lat' dir='ltr'>a</span> <span class='ocrx_word' id='word_1_475' title='bbox 3338 2880 3697 2951; x_wconf 83' lang='lat' dir='ltr'>purgatione</span> 
     </span>
    </p>
   </div>
   <div class='ocr_carea' id='block_1_58' title="bbox 272 2943 1935 3035">
    <p class='ocr_par' dir='ltr' id='par_1_58' title="bbox 272 2943 1935 3035">
     <span class='ocr_line' id='line_1_58' title="bbox 272 2943 1935 3035; baseline 0.016 -37"><span class='ocrx_word' id='word_1_476' title='bbox 272 2943 388 2999; x_wconf 90' lang='lat' dir='ltr'>lem</span> <span class='ocrx_word' id='word_1_477' title='bbox 413 2945 636 3002; x_wconf 89' lang='lat' dir='ltr'>habeat</span> <span class='ocrx_word' id='word_1_478' title='bbox 666 2949 949 3022; x_wconf 89' lang='lat' dir='ltr'>deinceps</span> <span class='ocrx_word' id='word_1_479' title='bbox 983 2956 1412 3014; x_wconf 84' lang='lat' dir='ltr'>sententiarum</span> <span class='ocrx_word' id='word_1_480' title='bbox 1454 2967 1935 3035; x_wconf 83' lang='lat' dir='ltr'>comprehensio-</span> 
     </span>
    </p>
   </div>
   <div class='ocr_carea' id='block_1_59' title="bbox 271 3035 1934 3128">
    <p class='ocr_par' dir='ltr' id='par_1_59' title="bbox 271 3035 1934 3128">
     <span class='ocr_line' id='line_1_59' title="bbox 271 3035 1934 3128; baseline 0.016 -41"><span class='ocrx_word' id='word_1_481' title='bbox 271 3047 408 3089; x_wconf 88' lang='lat' dir='ltr'>nem</span> <span class='ocrx_word' id='word_1_482' title='bbox 437 3035 658 3108; x_wconf 86' lang='lat' dir='ltr'>alioqui</span> <span class='ocrx_word' id='word_1_483' title='bbox 716 3038 1041 3111; x_wconf 83' lang='lat' dir='ltr'>difﬁcilem,</span> <span class='ocrx_word' id='word_1_484' title='bbox 1067 3048 1417 3103; x_wconf 87' lang='lat' dir='ltr'>summatim</span> <span class='ocrx_word' id='word_1_485' title='bbox 1440 3052 1934 3128; x_wconf 63' lang='lat' dir='ltr'>complectamur,</span> 
     </span>
    </p>
   </div>
   <div class='ocr_carea' id='block_1_60' title="bbox 271 3125 1939 3215">
    <p class='ocr_par' dir='ltr' id='par_1_60' title="bbox 271 3125 1939 3215">
     <span class='ocr_line' id='line_1_60' title="bbox 271 3125 1939 3215; baseline 0.015 -38"><span class='ocrx_word' id='word_1_486' title='bbox 271 3126 327 3177; x_wconf 93' lang='lat' dir='ltr'>et</span> <span class='ocrx_word' id='word_1_487' title='bbox 352 3125 524 3194; x_wconf 89' lang='lat' dir='ltr'>quasi</span> <span class='ocrx_word' id='word_1_488' title='bbox 557 3132 885 3184; x_wconf 88' lang='lat' dir='ltr'>sementem</span> <span class='ocrx_word' id='word_1_489' title='bbox 911 3132 1195 3189; x_wconf 87' lang='lat' dir='ltr'>facientes</span> <span class='ocrx_word' id='word_1_490' title='bbox 1234 3136 1582 3195; x_wconf 89' lang='lat' dir='ltr'>universum</span> <span class='ocrx_word' id='word_1_491' title='bbox 1611 3142 1790 3215; x_wconf 87' lang='lat' dir='ltr'>hujus</span> <span class='ocrx_word' id='word_1_492' title='bbox 1826 3125 1939 3202; x_wconf 83' lang='lat' dir='ltr'>tra-</span> 
     </span>
    </p>
   </div>
   <div class='ocr_carea' id='block_1_61' title="bbox 269 3211 1937 3295">
    <p class='ocr_par' dir='ltr' id='par_1_61' title="bbox 269 3211 1937 3295">
     <span class='ocr_line' id='line_1_61' title="bbox 269 3211 1937 3295; baseline 0.016 -31"><span class='ocrx_word' id='word_1_493' title='bbox 269 3211 543 3267; x_wconf 90' lang='lat' dir='ltr'>ctationis</span> <span class='ocrx_word' id='word_1_494' title='bbox 571 3230 825 3287; x_wconf 89' lang='lat' dir='ltr'>scopum</span> <span class='ocrx_word' id='word_1_495' title='bbox 856 3224 1179 3293; x_wconf 89' lang='lat' dir='ltr'>antequam</span> <span class='ocrx_word' id='word_1_496' title='bbox 1206 3226 1626 3295; x_wconf 84' lang='lat' dir='ltr'>perveniamus</span> <span class='ocrx_word' id='word_1_497' title='bbox 1651 3211 1727 3287; x_wconf 82' lang='lat' dir='ltr'>ad</span> <span class='ocrx_word' id='word_1_498' title='bbox 1750 3234 1937 3291; x_wconf 86' lang='lat' dir='ltr'>ﬁnem</span> 
     </span>
    </p>
   </div>
   <div class='ocr_carea' id='block_1_62' title="bbox 265 3299 1941 3384">
    <p class='ocr_par' dir='ltr' id='par_1_62' title="bbox 265 3299 1941 3384">
     <span class='ocr_line' id='line_1_62' title="bbox 265 3299 1941 3384; baseline 0.018 -31"><span class='ocrx_word' id='word_1_499' title='bbox 265 3299 454 3371; x_wconf 88' lang='lat' dir='ltr'>ipsius</span> <span class='ocrx_word' id='word_1_500' title='bbox 475 3306 841 3361; x_wconf 81' lang='lat' dir='ltr'>tractationis</span> <span class='ocrx_word' id='word_1_501' title='bbox 863 3323 1430 3371; x_wconf 76' lang='lat' dir='ltr'>commemoramus.</span> <span class='ocrx_word' id='word_1_502' title='bbox 1467 3317 1552 3374; x_wconf 91' lang='lat' dir='ltr'>Ita</span> <span class='ocrx_word' id='word_1_503' title='bbox 1578 3336 1719 3377; x_wconf 90' lang='lat' dir='ltr'>vero</span> <span class='ocrx_word' id='word_1_504' title='bbox 1743 3339 1804 3378; x_wconf 90' lang='lat' dir='ltr'>se</span> <span class='ocrx_word' id='word_1_505' title='bbox 1829 3324 1941 3384; x_wconf 88' lang='lat' dir='ltr'>ha-</span> 
     </span>
    </p>
   </div>
   <div class='ocr_carea' id='block_1_63' title="bbox 264 3388 1935 3477">
    <p class='ocr_par' dir='ltr' id='par_1_63' title="bbox 264 3388 1935 3477">
     <span class='ocr_line' id='line_1_63' title="bbox 264 3388 1935 3477; baseline 0.016 -34"><span class='ocrx_word' id='word_1_506' title='bbox 264 3388 410 3445; x_wconf 88' lang='lat' dir='ltr'>bent</span> <span class='ocrx_word' id='word_1_507' title='bbox 425 3393 651 3449; x_wconf 89' lang='lat' dir='ltr'>omnia.</span> <span class='ocrx_word' id='word_1_508' title='bbox 678 3396 823 3451; x_wconf 89' lang='lat' dir='ltr'>Cum</span> <span class='ocrx_word' id='word_1_509' title='bbox 852 3396 968 3453; x_wconf 90' lang='lat' dir='ltr'>sint</span> <span class='ocrx_word' id='word_1_510' title='bbox 991 3398 1049 3453; x_wconf 91' lang='lat' dir='ltr'>in</span> <span class='ocrx_word' id='word_1_511' title='bbox 1072 3401 1247 3455; x_wconf 91' lang='lat' dir='ltr'>nobis</span> <span class='ocrx_word' id='word_1_512' title='bbox 1273 3409 1472 3473; x_wconf 90' lang='lat' dir='ltr'>partes</span> <span class='ocrx_word' id='word_1_513' title='bbox 1494 3409 1778 3477; x_wconf 66' lang='lat' dir='ltr'>quaedam</span> <span class='ocrx_word' id='word_1_514' title='bbox 1825 3429 1935 3469; x_wconf 90' lang='lat' dir='ltr'>nu-</span> 
     </span>
    </p>
   </div>
   <div class='ocr_carea' id='block_1_64' title="bbox 268 3486 1935 3570">
    <p class='ocr_par' dir='ltr' id='par_1_64' title="bbox 268 3486 1935 3570">
     <span class='ocr_line' id='line_1_64' title="bbox 268 3486 1935 3570; baseline 0.016 -39"><span class='ocrx_word' id='word_1_515' title='bbox 268 3494 436 3534; x_wconf 92' lang='lat' dir='ltr'>mero</span> <span class='ocrx_word' id='word_1_516' title='bbox 460 3486 708 3551; x_wconf 89' lang='lat' dir='ltr'>septem,</span> <span class='ocrx_word' id='word_1_517' title='bbox 742 3500 813 3539; x_wconf 87' lang='lat' dir='ltr'>ex</span> <span class='ocrx_word' id='word_1_518' title='bbox 854 3486 1059 3542; x_wconf 87' lang='lat' dir='ltr'>anima</span> <span class='ocrx_word' id='word_1_519' title='bbox 1089 3489 1364 3547; x_wconf 85' lang='lat' dir='ltr'>videlicet</span> <span class='ocrx_word' id='word_1_520' title='bbox 1391 3502 1441 3547; x_wconf 89' lang='lat' dir='ltr'>et</span> <span class='ocrx_word' id='word_1_521' title='bbox 1490 3500 1760 3570; x_wconf 76' lang='lat' dir='ltr'>materia,</span> <span class='ocrx_word' id='word_1_522' title='bbox 1817 3519 1935 3558; x_wconf 91' lang='lat' dir='ltr'>non</span> 
     </span>
    </p>
   </div>
   <div class='ocr_carea' id='block_1_65' title="bbox 265 3567 1936 3648">
    <p class='ocr_par' dir='ltr' id='par_1_65' title="bbox 265 3567 1936 3648">
     <span class='ocr_line' id='line_1_65' title="bbox 265 3567 1936 3648; baseline 0.016 -27"><span class='ocrx_word' id='word_1_523' title='bbox 265 3567 553 3624; x_wconf 92' lang='lat' dir='ltr'>omnibus</span> <span class='ocrx_word' id='word_1_524' title='bbox 579 3570 693 3626; x_wconf 60' lang='lat' dir='ltr'>illa;</span> <span class='ocrx_word' id='word_1_525' title='bbox 717 3572 920 3629; x_wconf 90' lang='lat' dir='ltr'>insunt</span> <span class='ocrx_word' id='word_1_526' title='bbox 937 3578 1265 3647; x_wconf 72' lang='lat' dir='ltr'>mqualiter,</span> <span class='ocrx_word' id='word_1_527' title='bbox 1290 3582 1393 3637; x_wconf 92' lang='lat' dir='ltr'>sed</span> <span class='ocrx_word' id='word_1_528' title='bbox 1408 3583 1466 3638; x_wconf 91' lang='lat' dir='ltr'>in</span> <span class='ocrx_word' id='word_1_529' title='bbox 1491 3567 1815 3645; x_wconf 82' lang='lat' dir='ltr'>individuis</span> <span class='ocrx_word' id='word_1_530' title='bbox 1829 3592 1936 3648; x_wconf 91' lang='lat' dir='ltr'>ha-</span> 
     </span>
    </p>
   </div>
   <div class='ocr_carea' id='block_1_66' title="bbox 266 3655 1936 3750">
    <p class='ocr_par' dir='ltr' id='par_1_66' title="bbox 266 3655 1936 3750">
     <span class='ocr_line' id='line_1_66' title="bbox 266 3655 1936 3750; baseline 0.016 -41"><span class='ocrx_word' id='word_1_531' title='bbox 266 3655 410 3711; x_wconf 90' lang='lat' dir='ltr'>bent</span> <span class='ocrx_word' id='word_1_532' title='bbox 431 3658 801 3716; x_wconf 89' lang='lat' dir='ltr'>intensiones</span> <span class='ocrx_word' id='word_1_533' title='bbox 821 3678 892 3717; x_wconf 88' lang='lat' dir='ltr'>ac</span> <span class='ocrx_word' id='word_1_534' title='bbox 913 3665 1320 3724; x_wconf 85' lang='lat' dir='ltr'>remissiones.</span> <span class='ocrx_word' id='word_1_535' title='bbox 1343 3670 1404 3726; x_wconf 90' lang='lat' dir='ltr'>In</span> <span class='ocrx_word' id='word_1_536' title='bbox 1444 3674 1731 3731; x_wconf 86' lang='lat' dir='ltr'>tredecim</span> <span class='ocrx_word' id='word_1_537' title='bbox 1758 3695 1936 3750; x_wconf 87' lang='lat' dir='ltr'>porro</span> 
     </span>
    </p>
   </div>
   <div class='ocr_carea' id='block_1_67' title="bbox 266 3745 1934 3838">
    <p class='ocr_par' dir='ltr' id='par_1_67' title="bbox 266 3745 1934 3838">
     <span class='ocr_line' id='line_1_67' title="bbox 266 3745 1934 3838; baseline 0.016 -40"><span class='ocrx_word' id='word_1_538' title='bbox 266 3745 581 3801; x_wconf 80' lang='lat' dir='ltr'>ordinibt&#39;s</span> <span class='ocrx_word' id='word_1_539' title='bbox 610 3752 681 3817; x_wconf 72' lang='grc'>(4)</span> <span class='ocrx_word' id='word_1_540' title='bbox 712 3750 1050 3809; x_wconf 80' lang='lat' dir='ltr'>distributio</span> <span class='ocrx_word' id='word_1_541' title='bbox 1080 3758 1363 3826; x_wconf 80' lang='lat' dir='ltr'>consistit,</span> <span class='ocrx_word' id='word_1_542' title='bbox 1402 3777 1663 3833; x_wconf 90' lang='lat' dir='ltr'>quorum</span> <span class='ocrx_word' id='word_1_543' title='bbox 1686 3745 1934 3838; x_wconf 81' lang='lat' dir='ltr'>quidem</span> 
     </span>
    </p>
   </div>
   <div class='ocr_carea' id='block_1_68' title="bbox 265 3834 1935 3918">
    <p class='ocr_par' dir='ltr' id='par_1_68' title="bbox 265 3834 1935 3918">
     <span class='ocr_line' id='line_1_68' title="bbox 265 3834 1935 3918; baseline 0.015 -29"><span class='ocrx_word' id='word_1_544' title='bbox 265 3834 545 3890; x_wconf 88' lang='lat' dir='ltr'>ordinum</span> <span class='ocrx_word' id='word_1_545' title='bbox 587 3843 788 3909; x_wconf 91' lang='lat' dir='ltr'>partes</span> <span class='ocrx_word' id='word_1_546' title='bbox 808 3848 1156 3909; x_wconf 62' lang='lat' dir='ltr'>numeratae,</span> <span class='ocrx_word' id='word_1_547' title='bbox 1197 3850 1530 3918; x_wconf 83' lang='lat' dir='ltr'>nonaginta</span> <span class='ocrx_word' id='word_1_548' title='bbox 1580 3834 1723 3909; x_wconf 43' lang='lat' dir='ltr'>tres—</span> <span class='ocrx_word' id='word_1_549' title='bbox 1751 3848 1935 3914; x_wconf 83' lang='lat' dir='ltr'>simul</span> 
     </span>
    </p>
   </div>
   <div class='ocr_carea' id='block_1_69' title="bbox 264 3924 1931 4015">
    <p class='ocr_par' dir='ltr' id='par_1_69' title="bbox 264 3924 1931 4015">
     <span class='ocr_line' id='line_1_69' title="bbox 264 3924 1931 4015; baseline 0.016 -38"><span class='ocrx_word' id='word_1_550' title='bbox 264 3924 574 3979; x_wconf 82' lang='lat' dir='ltr'>exsistunt.</span> <span class='ocrx_word' id='word_1_551' title='bbox 614 3928 1054 3986; x_wconf 82' lang='lat' dir='ltr'>Distribuuntur</span> <span class='ocrx_word' id='word_1_552' title='bbox 1099 3940 1295 3990; x_wconf 92' lang='lat' dir='ltr'>autem</span> <span class='ocrx_word' id='word_1_553' title='bbox 1330 3953 1537 3994; x_wconf 89' lang='lat' dir='ltr'>rursus</span> <span class='ocrx_word' id='word_1_554' title='bbox 1567 3942 1624 3997; x_wconf 91' lang='lat' dir='ltr'>in</span> <span class='ocrx_word' id='word_1_555' title='bbox 1670 3951 1931 4015; x_wconf 90' lang='lat' dir='ltr'>quatuor</span> 
     </span>
    </p>
   </div>
   <div class='ocr_carea' id='block_1_70' title="bbox 261 4013 1926 4106">
    <p class='ocr_par' dir='ltr' id='par_1_70' title="bbox 261 4013 1926 4106">
     <span class='ocr_line' id='line_1_70' title="bbox 261 4013 1926 4106; baseline 0.016 -39"><span class='ocrx_word' id='word_1_556' title='bbox 261 4013 519 4085; x_wconf 85' lang='lat' dir='ltr'>ordines,</span> <span class='ocrx_word' id='word_1_557' title='bbox 544 4015 624 4072; x_wconf 91' lang='lat' dir='ltr'>ita</span> <span class='ocrx_word' id='word_1_558' title='bbox 653 4023 716 4072; x_wconf 92' lang='lat' dir='ltr'>ut</span> <span class='ocrx_word' id='word_1_559' title='bbox 741 4023 1155 4095; x_wconf 83' lang='lat' dir='ltr'>unusquisque</span> <span class='ocrx_word' id='word_1_560' title='bbox 1176 4026 1325 4081; x_wconf 91' lang='lat' dir='ltr'>ordo</span> <span class='ocrx_word' id='word_1_561' title='bbox 1348 4028 1573 4085; x_wconf 84' lang='lat' dir='ltr'>circiter</span> <span class='ocrx_word' id='word_1_562' title='bbox 1598 4013 1713 4087; x_wconf 76' lang='lat' dir='ltr'>tres</span> <span class='ocrx_word' id='word_1_563' title='bbox 1728 4042 1926 4106; x_wconf 89' lang='lat' dir='ltr'>partes</span> 
     </span>
    </p>
   </div>
   <div class='ocr_carea' id='block_1_71' title="bbox 260 4102 1921 4191">
    <p class='ocr_par' dir='ltr' id='par_1_71' title="bbox 260 4102 1921 4191">
     <span class='ocr_line' id='line_1_71' title="bbox 260 4102 1921 4191; baseline 0.016 -34"><span class='ocrx_word' id='word_1_564' title='bbox 260 4102 496 4172; x_wconf 78' lang='lat' dir='ltr'>habeat,</span> <span class='ocrx_word' id='word_1_565' title='bbox 522 4120 783 4176; x_wconf 89' lang='lat' dir='ltr'>quarum</span> <span class='ocrx_word' id='word_1_566' title='bbox 815 4126 933 4165; x_wconf 89' lang='lat' dir='ltr'>una</span> <span class='ocrx_word' id='word_1_567' title='bbox 960 4112 1203 4182; x_wconf 90' lang='lat' dir='ltr'>quidem</span> <span class='ocrx_word' id='word_1_568' title='bbox 1236 4121 1321 4171; x_wconf 89' lang='lat' dir='ltr'>est</span> <span class='ocrx_word' id='word_1_569' title='bbox 1340 4118 1610 4191; x_wconf 85' lang='lat' dir='ltr'>simplex,</span> <span class='ocrx_word' id='word_1_570' title='bbox 1642 4102 1766 4177; x_wconf 61' lang='lat' dir='ltr'>aliae</span> <span class='ocrx_word' id='word_1_571' title='bbox 1783 4142 1921 4183; x_wconf 86' lang='lat' dir='ltr'>vero</span> 
     </span>
    </p>
   </div>
   <div class='ocr_carea' id='block_1_72' title="bbox 2049 2967 3709 3043">
    <p class='ocr_par' dir='ltr' id='par_1_72' title="bbox 2049 2967 3709 3043">
     <span class='ocr_line' id='line_1_72' title="bbox 2049 2967 3709 3043; baseline 0.001 -16"><span class='ocrx_word' id='word_1_572' title='bbox 2049 2977 2237 3043; x_wconf 83' lang='lat' dir='ltr'>Atque</span> <span class='ocrx_word' id='word_1_573' title='bbox 2257 2969 2373 3024; x_wconf 88' lang='lat' dir='ltr'>hoc</span> <span class='ocrx_word' id='word_1_574' title='bbox 2408 2967 2592 3023; x_wconf 90' lang='lat' dir='ltr'>modo</span> <span class='ocrx_word' id='word_1_575' title='bbox 2624 2968 2997 3039; x_wconf 90' lang='lat' dir='ltr'>transpositis</span> <span class='ocrx_word' id='word_1_576' title='bbox 3026 2967 3336 3025; x_wconf 89' lang='lat' dir='ltr'>elementis</span> <span class='ocrx_word' id='word_1_577' title='bbox 3371 2970 3709 3029; x_wconf 88' lang='lat' dir='ltr'>secundum</span> 
     </span>
    </p>
   </div>
   <div class='ocr_carea' id='block_1_73' title="bbox 2046 3056 3708 3124">
    <p class='ocr_par' dir='ltr' id='par_1_73' title="bbox 2046 3056 3708 3124">
     <span class='ocr_line' id='line_1_73' title="bbox 2046 3056 3708 3124; baseline 0.001 -9"><span class='ocrx_word' id='word_1_578' title='bbox 2046 3059 2428 3115; x_wconf 83' lang='lat' dir='ltr'>remissiones</span> <span class='ocrx_word' id='word_1_579' title='bbox 2454 3073 2523 3112; x_wconf 87' lang='lat' dir='ltr'>ac</span> <span class='ocrx_word' id='word_1_580' title='bbox 2552 3056 2944 3124; x_wconf 89' lang='lat' dir='ltr'>intensiones,</span> <span class='ocrx_word' id='word_1_581' title='bbox 2977 3057 3259 3113; x_wconf 85' lang='lat' dir='ltr'>tredecim</span> <span class='ocrx_word' id='word_1_582' title='bbox 3288 3058 3537 3114; x_wconf 89' lang='lat' dir='ltr'>omnino</span> <span class='ocrx_word' id='word_1_583' title='bbox 3565 3076 3708 3117; x_wconf 90' lang='lat' dir='ltr'>con-</span> 
     </span>
    </p>
   </div>
   <div class='ocr_carea' id='block_1_74' title="bbox 2043 3147 3709 3221">
    <p class='ocr_par' dir='ltr' id='par_1_74' title="bbox 2043 3147 3709 3221">
     <span class='ocr_line' id='line_1_74' title="bbox 2043 3147 3709 3221; baseline 0.001 -16"><span class='ocrx_word' id='word_1_584' title='bbox 2043 3150 2412 3221; x_wconf 91' lang='lat' dir='ltr'>jugationes(</span> <span class='ocrx_word' id='word_1_585' title='bbox 2420 3149 2475 3216; x_wconf 83' lang='lat'><strong>2)</strong></span> <span class='ocrx_word' id='word_1_586' title='bbox 2494 3147 2923 3219; x_wconf 74' lang='lat' dir='ltr'>exsistentqum</span> <span class='ocrx_word' id='word_1_587' title='bbox 2936 3147 3360 3203; x_wconf 89' lang='lat' dir='ltr'>dividunturin</span> <span class='ocrx_word' id='word_1_588' title='bbox 3377 3150 3709 3219; x_wconf 79' lang='lat' dir='ltr'>nonaginta</span> 
     </span>
    </p>
   </div>
   <div class='ocr_carea' id='block_1_75' title="bbox 2048 3237 3700 3311">
    <p class='ocr_par' dir='ltr' id='par_1_75' title="bbox 2048 3237 3700 3311">
     <span class='ocr_line' id='line_1_75' title="bbox 2048 3237 3700 3311; baseline 0.002 -15"><span class='ocrx_word' id='word_1_589' title='bbox 2048 3240 2202 3296; x_wconf 92' lang='lat' dir='ltr'>duas</span> <span class='ocrx_word' id='word_1_590' title='bbox 2254 3238 2501 3310; x_wconf 88' lang='lat' dir='ltr'>simplici</span> <span class='ocrx_word' id='word_1_591' title='bbox 2554 3237 2654 3294; x_wconf 91' lang='lat' dir='ltr'>illa</span> <span class='ocrx_word' id='word_1_592' title='bbox 2701 3238 3125 3311; x_wconf 89' lang='lat' dir='ltr'>conjugatione</span> <span class='ocrx_word' id='word_1_593' title='bbox 3165 3254 3289 3295; x_wconf 91' lang='lat' dir='ltr'>non</span> <span class='ocrx_word' id='word_1_594' title='bbox 3354 3246 3700 3299; x_wconf 88' lang='lat' dir='ltr'>numerata.</span> 
     </span>
    </p>
   </div>
   <div class='ocr_carea' id='block_1_76' title="bbox 2048 3325 3706 3397">
    <p class='ocr_par' dir='ltr' id='par_1_76' title="bbox 2048 3325 3706 3397">
     <span class='ocr_line' id='line_1_76' title="bbox 2048 3325 3706 3397; baseline 0.001 -14"><span class='ocrx_word' id='word_1_595' title='bbox 2048 3328 2245 3383; x_wconf 91' lang='lat' dir='ltr'>Prima</span> <span class='ocrx_word' id='word_1_596' title='bbox 2269 3327 2445 3396; x_wconf 80' lang='lat' dir='ltr'>igitur</span> <span class='ocrx_word' id='word_1_597' title='bbox 2465 3326 2740 3382; x_wconf 90' lang='lat' dir='ltr'>omnium</span> <span class='ocrx_word' id='word_1_598' title='bbox 2778 3330 2866 3381; x_wconf 91' lang='lat' dir='ltr'>est</span> <span class='ocrx_word' id='word_1_599' title='bbox 2887 3325 2985 3382; x_wconf 91' lang='lat' dir='ltr'>illa</span> <span class='ocrx_word' id='word_1_600' title='bbox 3024 3325 3298 3397; x_wconf 83' lang='lat' dir='ltr'>simplex.</span> <span class='ocrx_word' id='word_1_601' title='bbox 3333 3326 3557 3384; x_wconf 88' lang='lat' dir='ltr'>Deinde</span> <span class='ocrx_word' id='word_1_602' title='bbox 3609 3344 3706 3385; x_wconf 93' lang='lat' dir='ltr'>or-</span> 
     </span>
    </p>
   </div>
   <div class='ocr_carea' id='block_1_77' title="bbox 2048 3416 3705 3489">
    <p class='ocr_par' dir='ltr' id='par_1_77' title="bbox 2048 3416 3705 3489">
     <span class='ocr_line' id='line_1_77' title="bbox 2048 3416 3705 3489; baseline 0.001 -17"><span class='ocrx_word' id='word_1_603' title='bbox 2048 3417 2185 3473; x_wconf 86' lang='lat' dir='ltr'>dine</span> <span class='ocrx_word' id='word_1_604' title='bbox 2203 3433 2339 3489; x_wconf 76' lang='lat' dir='ltr'>quee</span> <span class='ocrx_word' id='word_1_605' title='bbox 2365 3419 2721 3487; x_wconf 89' lang='lat' dir='ltr'>sequuntur.</span> <span class='ocrx_word' id='word_1_606' title='bbox 2748 3418 2927 3471; x_wconf 92' lang='lat' dir='ltr'>Porro</span> <span class='ocrx_word' id='word_1_607' title='bbox 2941 3416 3434 3487; x_wconf 88' lang='lat' dir='ltr'>conjugationum</span> <span class='ocrx_word' id='word_1_608' title='bbox 3453 3417 3604 3474; x_wconf 93' lang='lat' dir='ltr'>ordo</span> <span class='ocrx_word' id='word_1_609' title='bbox 3617 3435 3705 3474; x_wconf 91' lang='lat' dir='ltr'>se-</span> 
     </span>
    </p>
   </div>
   <div class='ocr_carea' id='block_1_78' title="bbox 2048 3504 3708 3577">
    <p class='ocr_par' dir='ltr' id='par_1_78' title="bbox 2048 3504 3708 3577">
     <span class='ocr_line' id='line_1_78' title="bbox 2048 3504 3708 3577; baseline 0.001 -15"><span class='ocrx_word' id='word_1_610' title='bbox 2048 3507 2282 3562; x_wconf 88' lang='lat' dir='ltr'>cundus</span> <span class='ocrx_word' id='word_1_611' title='bbox 2312 3510 2399 3562; x_wconf 93' lang='lat' dir='ltr'>est</span> <span class='ocrx_word' id='word_1_612' title='bbox 2435 3505 2537 3577; x_wconf 89' lang='lat' dir='ltr'>qui</span> <span class='ocrx_word' id='word_1_613' title='bbox 2558 3504 2673 3560; x_wconf 85' lang='lat' dir='ltr'>tria</span> <span class='ocrx_word' id='word_1_614' title='bbox 2700 3508 2758 3559; x_wconf 89' lang='lat' dir='ltr'>et</span> <span class='ocrx_word' id='word_1_615' title='bbox 2781 3504 2894 3560; x_wconf 91' lang='lat' dir='ltr'>tria</span> <span class='ocrx_word' id='word_1_616' title='bbox 2934 3504 3170 3560; x_wconf 88' lang='lat' dir='ltr'>habeta</span> <span class='ocrx_word' id='word_1_617' title='bbox 3193 3504 3224 3559; x_wconf 90' lang='lat' dir='ltr'>b</span> <span class='ocrx_word' id='word_1_618' title='bbox 3255 3520 3286 3559; x_wconf 87' lang='lat' dir='ltr'>c</span> <span class='ocrx_word' id='word_1_619' title='bbox 3305 3505 3552 3576; x_wconf 90' lang='lat' dir='ltr'>quidem</span> <span class='ocrx_word' id='word_1_620' title='bbox 3581 3522 3708 3563; x_wconf 91' lang='lat' dir='ltr'>om-</span> 
     </span>
    </p>
   </div>
   <div class='ocr_carea' id='block_1_79' title="bbox 2046 3592 3704 3668">
    <p class='ocr_par' dir='ltr' id='par_1_79' title="bbox 2046 3592 3704 3668">
     <span class='ocr_line' id='line_1_79' title="bbox 2046 3592 3704 3668; baseline 0.002 -18"><span class='ocrx_word' id='word_1_621' title='bbox 2046 3595 2166 3663; x_wconf 91' lang='lat' dir='ltr'>nia,</span> <span class='ocrx_word' id='word_1_622' title='bbox 2198 3594 2303 3650; x_wconf 90' lang='lat' dir='ltr'>sed</span> <span class='ocrx_word' id='word_1_623' title='bbox 2333 3594 2445 3650; x_wconf 86' lang='lat' dir='ltr'>tria</span> <span class='ocrx_word' id='word_1_624' title='bbox 2464 3609 2537 3649; x_wconf 83' lang='lat' dir='ltr'>ex</span> <span class='ocrx_word' id='word_1_625' title='bbox 2566 3609 2596 3649; x_wconf 90' lang='lat' dir='ltr'>e</span> <span class='ocrx_word' id='word_1_626' title='bbox 2614 3594 2654 3663; x_wconf 77' lang='lat' dir='ltr'><em>f</em></span> <span class='ocrx_word' id='word_1_627' title='bbox 2674 3593 2714 3649; x_wconf 88' lang='lat' dir='ltr'>h</span> <span class='ocrx_word' id='word_1_628' title='bbox 2738 3593 2797 3659; x_wconf 87' lang='lat' dir='ltr'>h,</span> <span class='ocrx_word' id='word_1_629' title='bbox 2821 3593 3125 3650; x_wconf 90' lang='lat' dir='ltr'>subtracto</span> <span class='ocrx_word' id='word_1_630' title='bbox 3139 3592 3415 3651; x_wconf 87' lang='lat' dir='ltr'>videlicet</span> <span class='ocrx_word' id='word_1_631' title='bbox 3433 3610 3556 3651; x_wconf 91' lang='lat' dir='ltr'>uno</span> <span class='ocrx_word' id='word_1_632' title='bbox 3576 3596 3704 3668; x_wconf 86' lang='lat' dir='ltr'>qui-</span> 
     </span>
    </p>
   </div>
   <div class='ocr_carea' id='block_1_80' title="bbox 2044 3682 3705 3757">
    <p class='ocr_par' dir='ltr' id='par_1_80' title="bbox 2044 3682 3705 3757">
     <span class='ocr_line' id='line_1_80' title="bbox 2044 3682 3705 3757; baseline 0.001 -16"><span class='ocrx_word' id='word_1_633' title='bbox 2044 3684 2161 3741; x_wconf 89' lang='lat' dir='ltr'>bus</span> <span class='ocrx_word' id='word_1_634' title='bbox 2202 3688 2463 3756; x_wconf 90' lang='lat' dir='ltr'>qualuor</span> <span class='ocrx_word' id='word_1_635' title='bbox 2491 3699 2522 3739; x_wconf 90' lang='lat' dir='ltr'>e</span> <span class='ocrx_word' id='word_1_636' title='bbox 2544 3684 2577 3752; x_wconf 85' lang='lat' dir='ltr'><strong><em>f</em></strong></span> <span class='ocrx_word' id='word_1_637' title='bbox 2601 3700 2638 3753; x_wconf 88' lang='lat' dir='ltr'>g</span> <span class='ocrx_word' id='word_1_638' title='bbox 2671 3682 2709 3738; x_wconf 85' lang='lat' dir='ltr'>h</span> <span class='ocrx_word' id='word_1_639' title='bbox 2746 3682 3009 3738; x_wconf 87' lang='lat' dir='ltr'>vicissim</span> <span class='ocrx_word' id='word_1_640' title='bbox 3062 3682 3403 3749; x_wconf 88' lang='lat' dir='ltr'>subtractis,</span> <span class='ocrx_word' id='word_1_641' title='bbox 3444 3689 3705 3757; x_wconf 89' lang='lat' dir='ltr'>quatuor</span> 
     </span>
    </p>
   </div>
   <div class='ocr_carea' id='block_1_81' title="bbox 2045 3772 3704 3846">
    <p class='ocr_par' dir='ltr' id='par_1_81' title="bbox 2045 3772 3704 3846">
     <span class='ocr_line' id='line_1_81' title="bbox 2045 3772 3704 3846; baseline 0.002 -17"><span class='ocrx_word' id='word_1_642' title='bbox 2045 3772 2857 3845; x_wconf 88' lang='lat' dir='ltr'>conjugatlonesreperiama</span> <span class='ocrx_word' id='word_1_643' title='bbox 2883 3772 2915 3827; x_wconf 87' lang='lat' dir='ltr'>b</span> <span class='ocrx_word' id='word_1_644' title='bbox 2936 3774 3106 3843; x_wconf 81' lang='lat' dir='ltr'>cefg</span> <span class='ocrx_word' id='word_1_645' title='bbox 3147 3772 3156 3844; x_wconf 86' lang='grc' dir='ltr'><strong>Ι</strong></span> <span class='ocrx_word' id='word_1_646' title='bbox 3205 3773 3287 3827; x_wconf 87' lang='lat' dir='ltr'>ab</span> <span class='ocrx_word' id='word_1_647' title='bbox 3314 3775 3487 3844; x_wconf 81' lang='lat' dir='ltr'>cfgh</span> <span class='ocrx_word' id='word_1_648' title='bbox 3528 3774 3538 3846; x_wconf 90' lang='grc' dir='ltr'><strong>Ι</strong></span> <span class='ocrx_word' id='word_1_649' title='bbox 3570 3776 3704 3833; x_wconf 85' lang='lat' dir='ltr'>abc</span> 
     </span>
    </p>
   </div>
   <div class='ocr_carea' id='block_1_82' title="bbox 2043 3862 3703 3935">
    <p class='ocr_par' dir='ltr' id='par_1_82' title="bbox 2043 3862 3703 3935">
     <span class='ocr_line' id='line_1_82' title="bbox 2043 3862 3703 3935; baseline 0.002 -16"><span class='ocrx_word' id='word_1_650' title='bbox 2043 3881 2081 3934; x_wconf 87' lang='lat' dir='ltr'>g</span> <span class='ocrx_word' id='word_1_651' title='bbox 2095 3864 2133 3919; x_wconf 88' lang='lat' dir='ltr'>h</span> <span class='ocrx_word' id='word_1_652' title='bbox 2146 3880 2175 3920; x_wconf 87' lang='lat' dir='ltr'>e</span> <span class='ocrx_word' id='word_1_653' title='bbox 2207 3864 2215 3933; x_wconf 93' lang='lat'><strong><em>|</em></strong></span> <span class='ocrx_word' id='word_1_654' title='bbox 2249 3879 2283 3919; x_wconf 90' lang='lat' dir='ltr'>a</span> <span class='ocrx_word' id='word_1_655' title='bbox 2301 3863 2332 3918; x_wconf 87' lang='lat' dir='ltr'>b</span> <span class='ocrx_word' id='word_1_656' title='bbox 2347 3864 2671 3935; x_wconf 55' lang='lat' dir='ltr'>(relinquas</span> <span class='ocrx_word' id='word_1_657' title='bbox 2684 3862 2922 3934; x_wconf 88' lang='lat' dir='ltr'>quidem</span> <span class='ocrx_word' id='word_1_658' title='bbox 2938 3864 3401 3935; x_wconf 90' lang='lat' dir='ltr'>transpositione</span> <span class='ocrx_word' id='word_1_659' title='bbox 3421 3864 3703 3923; x_wconf 74' lang='lat' dir='ltr'>differunt</span> 
     </span>
    </p>
   </div>
   <div class='ocr_carea' id='block_1_83' title="bbox 2040 3950 3702 4023">
    <p class='ocr_par' dir='ltr' id='par_1_83' title="bbox 2040 3950 3702 4023">
     <span class='ocr_line' id='line_1_83' title="bbox 2040 3950 3702 4023; baseline 0.004 -16"><span class='ocrx_word' id='word_1_660' title='bbox 2040 3952 2192 4008; x_wconf 90' lang='lat' dir='ltr'>inter</span> <span class='ocrx_word' id='word_1_661' title='bbox 2222 3968 2303 4008; x_wconf 91' lang='lat' dir='ltr'>se.</span> <span class='ocrx_word' id='word_1_662' title='bbox 2338 3954 2406 4007; x_wconf 89' lang='lat' dir='ltr'>Et</span> <span class='ocrx_word' id='word_1_663' title='bbox 2426 3957 2492 4008; x_wconf 91' lang='lat' dir='ltr'>ut</span> <span class='ocrx_word' id='word_1_664' title='bbox 2520 3950 2717 4007; x_wconf 78' lang='lat' dir='ltr'>differt</span> <span class='ocrx_word' id='word_1_665' title='bbox 2746 3951 2941 4023; x_wconf 89' lang='lat' dir='ltr'>prima</span> <span class='ocrx_word' id='word_1_666' title='bbox 2966 3967 3001 4006; x_wconf 92' lang='lat' dir='ltr'>a</span> <span class='ocrx_word' id='word_1_667' title='bbox 3029 3952 3315 4019; x_wconf 89' lang='lat' dir='ltr'>secunda,</span> <span class='ocrx_word' id='word_1_668' title='bbox 3343 3968 3413 4008; x_wconf 91' lang='lat' dir='ltr'>ac</span> <span class='ocrx_word' id='word_1_669' title='bbox 3460 3954 3633 4012; x_wconf 86' lang='lat' dir='ltr'>tertia</span> <span class='ocrx_word' id='word_1_670' title='bbox 3663 3971 3702 4013; x_wconf 88' lang='lat' dir='ltr'>a</span> 
     </span>
    </p>
   </div>
   <div class='ocr_carea' id='block_1_84' title="bbox 2035 4041 3701 4115">
    <p class='ocr_par' dir='ltr' id='par_1_84' title="bbox 2035 4041 3701 4115">
     <span class='ocr_line' id='line_1_84' title="bbox 2035 4041 3701 4115; baseline 0.002 -17"><span class='ocrx_word' id='word_1_671' title='bbox 2035 4047 2365 4114; x_wconf 84' lang='lat' dir='ltr'>postrema,</span> <span class='ocrx_word' id='word_1_672' title='bbox 2390 4042 2471 4097; x_wconf 90' lang='lat' dir='ltr'>sic</span> <span class='ocrx_word' id='word_1_673' title='bbox 2493 4041 2871 4097; x_wconf 88' lang='lat' dir='ltr'>individuum</span> <span class='ocrx_word' id='word_1_674' title='bbox 2890 4044 3289 4113; x_wconf 89' lang='lat' dir='ltr'>temperatum</span> <span class='ocrx_word' id='word_1_675' title='bbox 3310 4058 3382 4099; x_wconf 84' lang='lat' dir='ltr'>ex</span> <span class='ocrx_word' id='word_1_676' title='bbox 3395 4047 3701 4115; x_wconf 89' lang='lat' dir='ltr'>postrema</span> 
     </span>
    </p>
   </div>
   <div class='ocr_carea' id='block_1_85' title="bbox 2032 4130 3696 4204">
    <p class='ocr_par' dir='ltr' id='par_1_85' title="bbox 2032 4130 3696 4204">
     <span class='ocr_line' id='line_1_85' title="bbox 2032 4130 3696 4204; baseline 0.003 -18"><span class='ocrx_word' id='word_1_677' title='bbox 2032 4130 2111 4186; x_wconf 93' lang='lat' dir='ltr'>ab</span> <span class='ocrx_word' id='word_1_678' title='bbox 2142 4130 2244 4187; x_wconf 92' lang='lat' dir='ltr'>illo</span> <span class='ocrx_word' id='word_1_679' title='bbox 2276 4131 2442 4203; x_wconf 91' lang='lat' dir='ltr'>quod</span> <span class='ocrx_word' id='word_1_680' title='bbox 2474 4135 2564 4186; x_wconf 89' lang='lat' dir='ltr'>est</span> <span class='ocrx_word' id='word_1_681' title='bbox 2588 4147 2660 4186; x_wconf 85' lang='lat' dir='ltr'>ex</span> <span class='ocrx_word' id='word_1_682' title='bbox 2689 4130 2885 4202; x_wconf 89' lang='lat' dir='ltr'>prima</span> <span class='ocrx_word' id='word_1_683' title='bbox 2945 4135 2999 4187; x_wconf 91' lang='lat' dir='ltr'>et</span> <span class='ocrx_word' id='word_1_684' title='bbox 3050 4132 3219 4187; x_wconf 91' lang='lat' dir='ltr'>tertia</span> <span class='ocrx_word' id='word_1_685' title='bbox 3274 4138 3696 4204; x_wconf 89' lang='lat' dir='ltr'>temperatum.</span> 
     </span>
    </p>
   </div>
   <div class='ocr_carea' id='block_1_86' title="bbox 258 4193 3702 4306">
    <p class='ocr_par' dir='ltr' id='par_1_86' title="bbox 258 4193 3702 4306">
     <span class='ocr_line' id='line_1_86' title="bbox 258 4193 3702 4306; baseline 0.008 -61"><span class='ocrx_word' id='word_1_686' title='bbox 258 4193 640 4249; x_wconf 84' lang='lat' dir='ltr'>remittuntur</span> <span class='ocrx_word' id='word_1_687' title='bbox 690 4212 760 4251; x_wconf 91' lang='lat' dir='ltr'>ac</span> <span class='ocrx_word' id='word_1_688' title='bbox 837 4202 1225 4267; x_wconf 71' lang='lat' dir='ltr'>intenduntur</span> <span class='ocrx_word' id='word_1_689' title='bbox 1271 4208 1435 4262; x_wconf 91' lang='lat' dir='ltr'>omni</span> <span class='ocrx_word' id='word_1_690' title='bbox 1483 4225 1557 4266; x_wconf 83' lang='lat' dir='ltr'>ex</span> <span class='ocrx_word' id='word_1_691' title='bbox 1600 4218 1787 4283; x_wconf 90' lang='lat' dir='ltr'>parte.</span> <span class='ocrx_word' id='word_1_692' title='bbox 1839 4222 1918 4272; x_wconf 83' lang='lat' dir='ltr'>Ac</span> <span class='ocrx_word' id='word_1_693' title='bbox 1952 4253 1994 4306; x_wconf 73' lang='grc' dir='ltr'>υ</span> <span class='ocrx_word' id='word_1_694' title='bbox 2028 4224 2218 4292; x_wconf 81' lang='lat' dir='ltr'>Atque</span> <span class='ocrx_word' id='word_1_695' title='bbox 2240 4193 2401 4275; x_wconf 78' lang='lat' dir='ltr'>hunc</span> <span class='ocrx_word' id='word_1_696' title='bbox 2433 4219 2758 4276; x_wconf 89' lang='lat' dir='ltr'>secundum</span> <span class='ocrx_word' id='word_1_697' title='bbox 2787 4219 3062 4275; x_wconf 89' lang='lat' dir='ltr'>ordinem</span> <span class='ocrx_word' id='word_1_698' title='bbox 3088 4221 3475 4294; x_wconf 83' lang='lat' dir='ltr'>consequitur</span> <span class='ocrx_word' id='word_1_699' title='bbox 3493 4223 3702 4293; x_wconf 79' lang='lat' dir='ltr'>conju.</span> 
     </span>
     <span class='ocr_line' id='line_1_87' title="bbox 261 4280 1394 4306; baseline 0 0"><span class='ocrx_word' id='word_1_700' title='bbox 261 4280 511 4306; x_wconf 66' lang='grc' dir='ltr'>..;......ι,.-</span> <span class='ocrx_word' id='word_1_701' title='bbox 553 4284 783 4306; x_wconf 70' lang='lat' dir='ltr'>_--:.l-_.-</span> <span class='ocrx_word' id='word_1_702' title='bbox 824 4304 837 4306; x_wconf 96' lang='lat'><em>_</em></span> <span class='ocrx_word' id='word_1_703' title='bbox 885 4294 898 4306; x_wconf 73' lang='grc' dir='ltr'><strong>Α</strong></span> <span class='ocrx_word' id='word_1_704' title='bbox 1125 4293 1155 4306; x_wconf 75' lang='grc' dir='ltr'><strong><em>,ι</em></strong></span> <span class='ocrx_word' id='word_1_705' title='bbox 1381 4295 1394 4306; x_wconf 69' lang='grc' dir='ltr'><strong>ι</strong></span> 
     </span>
    </p>
   </div>
   <div class='ocr_carea' id='block_1_87' title="bbox 260 4280 1917 4375">
    <p class='ocr_par' dir='ltr' id='par_1_87' title="bbox 260 4280 1917 4375">
     <span class='ocr_line' id='line_1_88' title="bbox 260 4280 1917 4375; baseline 0.017 -42"><span class='ocrx_word' id='word_1_706' title='bbox 260 4280 515 4353; x_wconf 83' lang='lat' dir='ltr'>simplex</span> <span class='ocrx_word' id='word_1_707' title='bbox 546 4284 793 4355; x_wconf 89' lang='lat' dir='ltr'>quidem</span> <span class='ocrx_word' id='word_1_708' title='bbox 815 4294 902 4343; x_wconf 88' lang='lat' dir='ltr'>est</span> <span class='ocrx_word' id='word_1_709' title='bbox 925 4306 1062 4361; x_wconf 64' lang='lat' dir='ltr'>quae</span> <span class='ocrx_word' id='word_1_710' title='bbox 1084 4293 1263 4347; x_wconf 91' lang='lat' dir='ltr'>etiam</span> <span class='ocrx_word' id='word_1_711' title='bbox 1309 4295 1437 4352; x_wconf 93' lang='lat' dir='ltr'>sola</span> <span class='ocrx_word' id='word_1_712' title='bbox 1491 4280 1620 4358; x_wconf 41' lang='lat' dir='ltr'>est:</span> <span class='ocrx_word' id='word_1_713' title='bbox 1654 4305 1917 4375; x_wconf 71' lang='lat' dir='ltr'>mquales</span> 
     </span>
    </p>
   </div>
   <div class='ocr_carea' id='block_1_88' title="bbox 256 4370 1919 4459">
    <p class='ocr_par' dir='ltr' id='par_1_88' title="bbox 256 4370 1919 4459">
     <span class='ocr_line' id='line_1_89' title="bbox 256 4370 1919 4459; baseline 0.017 -37"><span class='ocrx_word' id='word_1_714' title='bbox 256 4370 529 4427; x_wconf 83' lang='lat' dir='ltr'>videlicet</span> <span class='ocrx_word' id='word_1_715' title='bbox 562 4381 785 4444; x_wconf 84' lang='lat' dir='ltr'>septem</span> <span class='ocrx_word' id='word_1_716' title='bbox 821 4384 1021 4447; x_wconf 90' lang='lat' dir='ltr'>partes</span> <span class='ocrx_word' id='word_1_717' title='bbox 1049 4380 1281 4437; x_wconf 83' lang='lat' dir='ltr'>habens</span> <span class='ocrx_word' id='word_1_718' title='bbox 1316 4404 1327 4447; x_wconf 85' lang='lat'>;</span> <span class='ocrx_word' id='word_1_719' title='bbox 1356 4402 1574 4459; x_wconf 90' lang='lat' dir='ltr'>nempe</span> <span class='ocrx_word' id='word_1_720' title='bbox 1606 4405 1641 4446; x_wconf 90' lang='lat' dir='ltr'>a</span> <span class='ocrx_word' id='word_1_721' title='bbox 1699 4370 1743 4446; x_wconf 49' lang='lat' dir='ltr'>b_</span> <span class='ocrx_word' id='word_1_722' title='bbox 1776 4410 1806 4448; x_wconf 76' lang='grc' dir='ltr'><em>ι’</em></span> <span class='ocrx_word' id='word_1_723' title='bbox 1863 4401 1919 4450; x_wconf 91' lang='lat' dir='ltr'>et</span> 
     </span>
    </p>
   </div>
   <div class='ocr_carea' id='block_1_89' title="bbox 254 4464 1919 4553">
    <p class='ocr_par' dir='ltr' id='par_1_89' title="bbox 254 4464 1919 4553">
     <span class='ocr_line' id='line_1_90' title="bbox 254 4464 1919 4553; baseline 0.016 -41"><span class='ocrx_word' id='word_1_724' title='bbox 254 4464 545 4530; x_wconf 64' lang='lat' dir='ltr'>praeterea</span> <span class='ocrx_word' id='word_1_725' title='bbox 574 4478 605 4518; x_wconf 77' lang='grc' dir='ltr'>ε</span> <span class='ocrx_word' id='word_1_726' title='bbox 625 4465 721 4534; x_wconf 84' lang='lat' dir='ltr'>fg</span> <span class='ocrx_word' id='word_1_727' title='bbox 753 4465 810 4519; x_wconf 85' lang='lat' dir='ltr'>h.</span> <span class='ocrx_word' id='word_1_728' title='bbox 851 4470 982 4522; x_wconf 64' lang='lat' dir='ltr'>Haec</span> <span class='ocrx_word' id='word_1_729' title='bbox 1012 4471 1172 4525; x_wconf 90' lang='lat' dir='ltr'>enim</span> <span class='ocrx_word' id='word_1_730' title='bbox 1205 4474 1549 4545; x_wconf 73' lang='lat' dir='ltr'>coniugatio</span> <span class='ocrx_word' id='word_1_731' title='bbox 1611 4496 1806 4553; x_wconf 90' lang='lat' dir='ltr'>neque</span> <span class='ocrx_word' id='word_1_732' title='bbox 1834 4484 1919 4538; x_wconf 87' lang='lat' dir='ltr'>in-</span> 
     </span>
    </p>
   </div>
   <div class='ocr_carea' id='block_1_90' title="bbox 255 4549 1920 4644">
    <p class='ocr_par' dir='ltr' id='par_1_90' title="bbox 255 4549 1920 4644">
     <span class='ocr_line' id='line_1_91' title="bbox 255 4549 1920 4644; baseline 0.016 -43"><span class='ocrx_word' id='word_1_733' title='bbox 255 4549 584 4605; x_wconf 88' lang='lat' dir='ltr'>tensionem</span> <span class='ocrx_word' id='word_1_734' title='bbox 623 4568 818 4625; x_wconf 89' lang='lat' dir='ltr'>neque</span> <span class='ocrx_word' id='word_1_735' title='bbox 858 4559 1271 4617; x_wconf 88' lang='lat' dir='ltr'>remissionem</span> <span class='ocrx_word' id='word_1_736' title='bbox 1298 4567 1559 4638; x_wconf 85' lang='lat' dir='ltr'>suscipit.</span> <span class='ocrx_word' id='word_1_737' title='bbox 1595 4572 1653 4624; x_wconf 94' lang='lat' dir='ltr'>In</span> <span class='ocrx_word' id='word_1_738' title='bbox 1678 4571 1920 4644; x_wconf 89' lang='lat' dir='ltr'>reliquis</span> 
     </span>
    </p>
   </div>
   <div class='ocr_carea' id='block_1_91' title="bbox 256 4642 1922 4720">
    <p class='ocr_par' dir='ltr' id='par_1_91' title="bbox 256 4642 1922 4720">
     <span class='ocr_line' id='line_1_92' title="bbox 256 4642 1922 4720; baseline 0.016 -30"><span class='ocrx_word' id='word_1_739' title='bbox 256 4642 457 4693; x_wconf 88' lang='lat' dir='ltr'>autem</span> <span class='ocrx_word' id='word_1_740' title='bbox 485 4642 877 4713; x_wconf 86' lang='lat' dir='ltr'>sequentibus</span> <span class='ocrx_word' id='word_1_741' title='bbox 909 4651 1283 4720; x_wconf 85' lang='lat' dir='ltr'>reperiuntur</span> <span class='ocrx_word' id='word_1_742' title='bbox 1311 4655 1677 4714; x_wconf 85' lang='lat' dir='ltr'>intensiones</span> <span class='ocrx_word' id='word_1_743' title='bbox 1734 4642 1922 4716; x_wconf 53' lang='lat' dir='ltr'>etre-</span> 
     </span>
    </p>
   </div>
   <div class='ocr_carea' id='block_1_92' title="bbox 257 4733 1922 4822">
    <p class='ocr_par' dir='ltr' id='par_1_92' title="bbox 257 4733 1922 4822">
     <span class='ocr_line' id='line_1_93' title="bbox 257 4733 1922 4822; baseline 0.013 -37"><span class='ocrx_word' id='word_1_744' title='bbox 257 4733 593 4791; x_wconf 80' lang='lat' dir='ltr'>missiones.</span> <span class='ocrx_word' id='word_1_745' title='bbox 625 4737 846 4793; x_wconf 89' lang='lat' dir='ltr'>Idcirco</span> <span class='ocrx_word' id='word_1_746' title='bbox 868 4741 1046 4796; x_wconf 91' lang='lat' dir='ltr'>etiam</span> <span class='ocrx_word' id='word_1_747' title='bbox 1078 4742 1439 4815; x_wconf 89' lang='lat' dir='ltr'>multiplices</span> <span class='ocrx_word' id='word_1_748' title='bbox 1471 4748 1739 4805; x_wconf 89' lang='lat' dir='ltr'>evadunt</span> <span class='ocrx_word' id='word_1_749' title='bbox 1786 4766 1922 4822; x_wconf 76' lang='lat' dir='ltr'>pro-</span> 
     </span>
    </p>
   </div>
   <div class='ocr_carea' id='block_1_93' title="bbox 254 4828 1914 4899">
    <p class='ocr_par' dir='ltr' id='par_1_93' title="bbox 254 4828 1914 4899">
     <span class='ocr_line' id='line_1_94' title="bbox 254 4828 1914 4899; baseline 0.012 -22"><span class='ocrx_word' id='word_1_750' title='bbox 254 4829 383 4894; x_wconf 90' lang='lat' dir='ltr'>pter</span> <span class='ocrx_word' id='word_1_751' title='bbox 439 4828 963 4899; x_wconf 81' lang='lat' dir='ltr'>transposnionem</span> <span class='ocrx_word' id='word_1_752' title='bbox 1026 4835 1492 4890; x_wconf 89' lang='lat' dir='ltr'>communionis.</span> <span class='ocrx_word' id='word_1_753' title='bbox 1541 4838 1685 4894; x_wconf 86' lang='lat' dir='ltr'>Cum</span> <span class='ocrx_word' id='word_1_754' title='bbox 1754 4843 1914 4898; x_wconf 92' lang='lat' dir='ltr'>enim</span> 
     </span>
    </p>
   </div>
   <div class='ocr_carea' id='block_1_94' title="bbox 252 4915 1914 5001">
    <p class='ocr_par' dir='ltr' id='par_1_94' title="bbox 252 4915 1914 5001">
     <span class='ocr_line' id='line_1_95' title="bbox 252 4915 1914 5001; baseline 0.013 -36"><span class='ocrx_word' id='word_1_755' title='bbox 252 4915 531 4981; x_wconf 77' lang='lat' dir='ltr'>purgatio</span> <span class='ocrx_word' id='word_1_756' title='bbox 563 4917 869 4989; x_wconf 75' lang='lat' dir='ltr'>aequaliter</span> <span class='ocrx_word' id='word_1_757' title='bbox 899 4934 934 4975; x_wconf 83' lang='grc' dir='ltr'>α</span> <span class='ocrx_word' id='word_1_758' title='bbox 968 4921 1001 4975; x_wconf 80' lang='grc' dir='ltr'><strong>ὁ</strong></span> <span class='ocrx_word' id='word_1_759' title='bbox 1032 4937 1062 4976; x_wconf 87' lang='lat' dir='ltr'>c</span> <span class='ocrx_word' id='word_1_760' title='bbox 1097 4921 1277 4977; x_wconf 88' lang='lat' dir='ltr'>habet</span> <span class='ocrx_word' id='word_1_761' title='bbox 1316 4930 1370 4978; x_wconf 93' lang='lat' dir='ltr'>et</span> <span class='ocrx_word' id='word_1_762' title='bbox 1400 4927 1538 4996; x_wconf 76' lang='lat' dir='ltr'>efg</span> <span class='ocrx_word' id='word_1_763' title='bbox 1565 4926 1622 4992; x_wconf 83' lang='grc' dir='ltr'><em>Ιι,</em></span> <span class='ocrx_word' id='word_1_764' title='bbox 1675 4929 1914 5001; x_wconf 89' lang='lat' dir='ltr'>duplari</span> 
     </span>
    </p>
   </div>
   <div class='ocr_carea' id='block_1_95' title="bbox 252 5008 1912 5087">
    <p class='ocr_par' dir='ltr' id='par_1_95' title="bbox 252 5008 1912 5087">
     <span class='ocr_line' id='line_1_96' title="bbox 252 5008 1912 5087; baseline 0.012 -32"><span class='ocrx_word' id='word_1_765' title='bbox 252 5016 370 5057; x_wconf 90' lang='lat' dir='ltr'>non</span> <span class='ocrx_word' id='word_1_766' title='bbox 397 5009 591 5074; x_wconf 87' lang='lat' dir='ltr'>potest</span> <span class='ocrx_word' id='word_1_767' title='bbox 618 5008 947 5063; x_wconf 87' lang='lat' dir='ltr'>secundum</span> <span class='ocrx_word' id='word_1_768' title='bbox 981 5013 1402 5081; x_wconf 86' lang='lat' dir='ltr'>proprietatem</span> <span class='ocrx_word' id='word_1_769' title='bbox 1437 5017 1772 5087; x_wconf 91' lang='lat' dir='ltr'>quamdam</span> <span class='ocrx_word' id='word_1_770' title='bbox 1800 5019 1912 5074; x_wconf 84' lang='lat' dir='ltr'>sin-</span> 
     </span>
    </p>
   </div>
   <div class='ocr_carea' id='block_1_96' title="bbox 249 5091 1910 5173">
    <p class='ocr_par' dir='ltr' id='par_1_96' title="bbox 249 5091 1910 5173">
     <span class='ocr_line' id='line_1_97' title="bbox 249 5091 1910 5173; baseline 0.013 -29"><span class='ocrx_word' id='word_1_771' title='bbox 249 5091 952 5169; x_wconf 76' lang='lat' dir='ltr'>gularem,praeterquam</span> <span class='ocrx_word' id='word_1_772' title='bbox 970 5101 1130 5171; x_wconf 89' lang='lat' dir='ltr'>quod</span> <span class='ocrx_word' id='word_1_773' title='bbox 1155 5107 1441 5173; x_wconf 90' lang='lat' dir='ltr'>tanquam</span> <span class='ocrx_word' id='word_1_774' title='bbox 1459 5105 1834 5163; x_wconf 89' lang='lat' dir='ltr'>individuum</span> <span class='ocrx_word' id='word_1_775' title='bbox 1854 5115 1910 5166; x_wconf 89' lang='lat' dir='ltr'>et</span> 
     </span>
    </p>
   </div>
   <div class='ocr_carea' id='block_1_97' title="bbox 248 5181 1902 5271">
    <p class='ocr_par' dir='ltr' id='par_1_97' title="bbox 248 5181 1902 5271">
     <span class='ocr_line' id='line_1_98' title="bbox 248 5181 1902 5271; baseline 0.013 -37"><span class='ocrx_word' id='word_1_776' title='bbox 248 5181 444 5236; x_wconf 88' lang='lat' dir='ltr'>unitas</span> <span class='ocrx_word' id='word_1_777' title='bbox 467 5184 643 5239; x_wconf 86' lang='lat' dir='ltr'>etiam</span> <span class='ocrx_word' id='word_1_778' title='bbox 677 5188 1095 5257; x_wconf 83' lang='lat' dir='ltr'>purgationem</span> <span class='ocrx_word' id='word_1_779' title='bbox 1131 5191 1384 5247; x_wconf 87' lang='lat' dir='ltr'>similem</span> <span class='ocrx_word' id='word_1_780' title='bbox 1441 5194 1705 5265; x_wconf 89' lang='lat' dir='ltr'>habebit,</span> <span class='ocrx_word' id='word_1_781' title='bbox 1759 5214 1902 5271; x_wconf 86' lang='lat' dir='ltr'>qua-</span> 
     </span>
    </p>
   </div>
   <div class='ocr_carea' id='block_1_98' title="bbox 244 5275 1904 5356">
    <p class='ocr_par' dir='ltr' id='par_1_98' title="bbox 244 5275 1904 5356">
     <span class='ocr_line' id='line_1_99' title="bbox 244 5275 1904 5356; baseline 0.013 -32"><span class='ocrx_word' id='word_1_782' title='bbox 244 5286 377 5325; x_wconf 91' lang='lat' dir='ltr'>rum</span> <span class='ocrx_word' id='word_1_783' title='bbox 412 5288 529 5327; x_wconf 88' lang='lat' dir='ltr'>non</span> <span class='ocrx_word' id='word_1_784' title='bbox 557 5280 643 5329; x_wconf 92' lang='lat' dir='ltr'>est</span> <span class='ocrx_word' id='word_1_785' title='bbox 668 5275 1026 5332; x_wconf 81' lang='lat' dir='ltr'>differentia.</span> <span class='ocrx_word' id='word_1_786' title='bbox 1068 5281 1211 5335; x_wconf 87' lang='lat' dir='ltr'>Cum</span> <span class='ocrx_word' id='word_1_787' title='bbox 1236 5288 1433 5338; x_wconf 88' lang='lat' dir='ltr'>autem</span> <span class='ocrx_word' id='word_1_788' title='bbox 1477 5288 1904 5356; x_wconf 85' lang='lat' dir='ltr'>purgationum</span> 
     </span>
    </p>
   </div>
   <div class='ocr_carea' id='block_1_99' title="bbox 243 5359 1905 5445">
    <p class='ocr_par' dir='ltr' id='par_1_99' title="bbox 243 5359 1905 5445">
     <span class='ocr_line' id='line_1_100' title="bbox 243 5359 1905 5445; baseline 0.013 -32"><span class='ocrx_word' id='word_1_789' title='bbox 243 5359 431 5415; x_wconf 88' lang='lat' dir='ltr'>altera</span> <span class='ocrx_word' id='word_1_790' title='bbox 472 5378 659 5418; x_wconf 92' lang='lat' dir='ltr'>unum</span> <span class='ocrx_word' id='word_1_791' title='bbox 720 5380 791 5419; x_wconf 82' lang='lat' dir='ltr'>ex</span> <span class='ocrx_word' id='word_1_792' title='bbox 860 5366 1168 5423; x_wconf 81' lang='lat' dir='ltr'>elementis</span> <span class='ocrx_word' id='word_1_793' title='bbox 1219 5370 1530 5445; x_wconf 89' lang='lat' dir='ltr'>descriptis</span> <span class='ocrx_word' id='word_1_794' title='bbox 1585 5381 1905 5434; x_wconf 85' lang='lat' dir='ltr'>remissum</span> 
     </span>
    </p>
   </div>
   <div class='ocr_carea' id='block_1_100' title="bbox 244 5449 1904 5531">
    <p class='ocr_par' dir='ltr' id='par_1_100' title="bbox 244 5449 1904 5531">
     <span class='ocr_line' id='line_1_101' title="bbox 244 5449 1904 5531; baseline 0.011 -27"><span class='ocrx_word' id='word_1_795' title='bbox 244 5449 443 5515; x_wconf 83' lang='lat' dir='ltr'>habet,</span> <span class='ocrx_word' id='word_1_796' title='bbox 480 5454 814 5510; x_wconf 90' lang='lat' dir='ltr'>necessario</span> <span class='ocrx_word' id='word_1_797' title='bbox 846 5456 925 5510; x_wconf 90' lang='lat' dir='ltr'>ab</span> <span class='ocrx_word' id='word_1_798' title='bbox 948 5456 1075 5512; x_wconf 86' lang='lat' dir='ltr'>aliis</span> <span class='ocrx_word' id='word_1_799' title='bbox 1107 5458 1491 5531; x_wconf 87' lang='lat' dir='ltr'>distinguitur</span> <span class='ocrx_word' id='word_1_800' title='bbox 1542 5469 1602 5519; x_wconf 90' lang='lat' dir='ltr'>ut</span> <span class='ocrx_word' id='word_1_801' title='bbox 1658 5466 1904 5523; x_wconf 89' lang='lat' dir='ltr'>diversis</span> 
     </span>
    </p>
   </div>
   <div class='ocr_carea' id='block_1_101' title="bbox 2029 4310 3698 4381">
    <p class='ocr_par' dir='ltr' id='par_1_101' title="bbox 2029 4310 3698 4381">
     <span class='ocr_line' id='line_1_102' title="bbox 2029 4310 3698 4381; baseline 0.002 -16"><span class='ocrx_word' id='word_1_802' title='bbox 2029 4310 2335 4379; x_wconf 84' lang='lat' dir='ltr'>gationum</span> <span class='ocrx_word' id='word_1_803' title='bbox 2350 4310 2498 4366; x_wconf 91' lang='lat' dir='ltr'>ordo</span> <span class='ocrx_word' id='word_1_804' title='bbox 2515 4311 2746 4376; x_wconf 88' lang='lat' dir='ltr'>tertius,</span> <span class='ocrx_word' id='word_1_805' title='bbox 2762 4310 2990 4381; x_wconf 91' lang='lat' dir='ltr'>quitria</span> <span class='ocrx_word' id='word_1_806' title='bbox 3003 4314 3060 4366; x_wconf 91' lang='lat' dir='ltr'>et</span> <span class='ocrx_word' id='word_1_807' title='bbox 3078 4310 3201 4366; x_wconf 92' lang='lat' dir='ltr'>duo</span> <span class='ocrx_word' id='word_1_808' title='bbox 3222 4310 3423 4367; x_wconf 90' lang='lat' dir='ltr'>habet:</span> <span class='ocrx_word' id='word_1_809' title='bbox 3447 4327 3485 4369; x_wconf 86' lang='grc' dir='ltr'>α</span> <span class='ocrx_word' id='word_1_810' title='bbox 3503 4328 3535 4368; x_wconf 88' lang='lat' dir='ltr'>c</span> <span class='ocrx_word' id='word_1_811' title='bbox 3548 4327 3586 4369; x_wconf 89' lang='grc' dir='ltr'>α</span> <span class='ocrx_word' id='word_1_812' title='bbox 3606 4313 3639 4368; x_wconf 86' lang='lat' dir='ltr'>b</span> <span class='ocrx_word' id='word_1_813' title='bbox 3665 4330 3698 4370; x_wconf 89' lang='lat' dir='ltr'>c</span> 
     </span>
    </p>
   </div>
   <div class='ocr_carea' id='block_1_102' title="bbox 2027 4398 3697 4471">
    <p class='ocr_par' dir='ltr' id='par_1_102' title="bbox 2027 4398 3697 4471">
     <span class='ocr_line' id='line_1_103' title="bbox 2027 4398 3697 4471; baseline 0.004 -18"><span class='ocrx_word' id='word_1_814' title='bbox 2027 4398 2274 4470; x_wconf 92' lang='lat' dir='ltr'>quidem</span> <span class='ocrx_word' id='word_1_815' title='bbox 2307 4398 2575 4466; x_wconf 89' lang='lat' dir='ltr'>omnino,</span> <span class='ocrx_word' id='word_1_816' title='bbox 2611 4398 2714 4454; x_wconf 91' lang='lat' dir='ltr'>sed</span> <span class='ocrx_word' id='word_1_817' title='bbox 2742 4415 2812 4454; x_wconf 83' lang='lat' dir='ltr'>ex</span> <span class='ocrx_word' id='word_1_818' title='bbox 2846 4399 2929 4468; x_wconf 80' lang='lat' dir='ltr'>ef</span> <span class='ocrx_word' id='word_1_819' title='bbox 2949 4417 2987 4471; x_wconf 88' lang='lat' dir='ltr'>g</span> <span class='ocrx_word' id='word_1_820' title='bbox 3019 4400 3058 4455; x_wconf 84' lang='lat' dir='ltr'>h</span> <span class='ocrx_word' id='word_1_821' title='bbox 3079 4399 3221 4467; x_wconf 90' lang='lat' dir='ltr'>duo,</span> <span class='ocrx_word' id='word_1_822' title='bbox 3251 4400 3493 4457; x_wconf 90' lang='lat' dir='ltr'>duobus</span> <span class='ocrx_word' id='word_1_823' title='bbox 3519 4401 3697 4459; x_wconf 89' lang='lat' dir='ltr'>nimi-</span> 
     </span>
    </p>
   </div>
   <div class='ocr_carea' id='block_1_103' title="bbox 2028 4488 3696 4564">
    <p class='ocr_par' dir='ltr' id='par_1_103' title="bbox 2028 4488 3696 4564">
     <span class='ocr_line' id='line_1_104' title="bbox 2028 4488 3696 4564; baseline 0.004 -22"><span class='ocrx_word' id='word_1_824' title='bbox 2028 4503 2159 4542; x_wconf 90' lang='lat' dir='ltr'>rum</span> <span class='ocrx_word' id='word_1_825' title='bbox 2185 4488 2446 4560; x_wconf 90' lang='lat' dir='ltr'>demptis</span> <span class='ocrx_word' id='word_1_826' title='bbox 2465 4493 2519 4543; x_wconf 89' lang='lat' dir='ltr'>et</span> <span class='ocrx_word' id='word_1_827' title='bbox 2536 4488 2871 4559; x_wconf 88' lang='lat' dir='ltr'>subtractis,</span> <span class='ocrx_word' id='word_1_828' title='bbox 2895 4488 3116 4560; x_wconf 90' lang='lat' dir='ltr'>quibus</span> <span class='ocrx_word' id='word_1_829' title='bbox 3138 4488 3400 4545; x_wconf 89' lang='lat' dir='ltr'>vicissim</span> <span class='ocrx_word' id='word_1_830' title='bbox 3417 4494 3696 4564; x_wconf 90' lang='lat' dir='ltr'>transpo-</span> 
     </span>
    </p>
   </div>
   <div class='ocr_carea' id='block_1_104' title="bbox 2030 4576 3694 4650">
    <p class='ocr_par' dir='ltr' id='par_1_104' title="bbox 2030 4576 3694 4650">
     <span class='ocr_line' id='line_1_105' title="bbox 2030 4576 3694 4650; baseline 0.005 -20"><span class='ocrx_word' id='word_1_831' title='bbox 2030 4576 2157 4631; x_wconf 89' lang='lat' dir='ltr'>sitis</span> <span class='ocrx_word' id='word_1_832' title='bbox 2178 4578 2468 4649; x_wconf 87' lang='lat' dir='ltr'>reperiam</span> <span class='ocrx_word' id='word_1_833' title='bbox 2490 4578 2974 4648; x_wconf 86' lang='lat' dir='ltr'>conjugationem</span> <span class='ocrx_word' id='word_1_834' title='bbox 2992 4577 3190 4650; x_wconf 91' lang='lat' dir='ltr'>positu</span> <span class='ocrx_word' id='word_1_835' title='bbox 3202 4578 3525 4650; x_wconf 83' lang='lat' dir='ltr'>perfectam</span> <span class='ocrx_word' id='word_1_836' title='bbox 3542 4596 3580 4637; x_wconf 90' lang='lat' dir='ltr'>a</span> <span class='ocrx_word' id='word_1_837' title='bbox 3598 4581 3631 4636; x_wconf 88' lang='lat' dir='ltr'><strong><em>b</em></strong></span> <span class='ocrx_word' id='word_1_838' title='bbox 3661 4597 3694 4638; x_wconf 88' lang='lat' dir='ltr'>c</span> 
     </span>
    </p>
   </div>
   <div class='ocr_carea' id='block_1_105' title="bbox 2028 4666 3692 4741">
    <p class='ocr_par' dir='ltr' id='par_1_105' title="bbox 2028 4666 3692 4741">
     <span class='ocr_line' id='line_1_106' title="bbox 2028 4666 3692 4741; baseline 0.004 -20"><span class='ocrx_word' id='word_1_839' title='bbox 2028 4666 2141 4736; x_wconf 80' lang='lat' dir='ltr'>efl</span> <span class='ocrx_word' id='word_1_840' title='bbox 2176 4666 2412 4736; x_wconf 75' lang='lat' dir='ltr'>abcfg</span> <span class='ocrx_word' id='word_1_841' title='bbox 2445 4667 2453 4737; x_wconf 85' lang='lat'>|</span> <span class='ocrx_word' id='word_1_842' title='bbox 2487 4667 2677 4737; x_wconf 85' lang='lat' dir='ltr'>abc.g</span> <span class='ocrx_word' id='word_1_843' title='bbox 2702 4667 2782 4735; x_wconf 6' lang='lat' dir='ltr'>hil</span> <span class='ocrx_word' id='word_1_844' title='bbox 2815 4666 3066 4724; x_wconf 73' lang='lat' dir='ltr'>achie</span> <span class='ocrx_word' id='word_1_845' title='bbox 3096 4668 3105 4738; x_wconf 90' lang='lat'><em>|</em></span> <span class='ocrx_word' id='word_1_846' title='bbox 3139 4667 3369 4738; x_wconf 84' lang='lat' dir='ltr'>abc.eg</span> <span class='ocrx_word' id='word_1_847' title='bbox 3404 4670 3412 4739; x_wconf 99' lang='lat'><strong><em>|</em></strong></span> <span class='ocrx_word' id='word_1_848' title='bbox 3446 4669 3692 4741; x_wconf 56' lang='grc' dir='ltr'>(εὐαγῆ</span> 
     </span>
    </p>
   </div>
   <div class='ocr_carea' id='block_1_106' title="bbox 2028 4753 3694 4829">
    <p class='ocr_par' dir='ltr' id='par_1_106' title="bbox 2028 4753 3694 4829">
     <span class='ocr_line' id='line_1_107' title="bbox 2028 4753 3694 4829; baseline 0.005 -20"><span class='ocrx_word' id='word_1_849' title='bbox 2028 4770 2162 4826; x_wconf 77' lang='lat' dir='ltr'>quae</span> <span class='ocrx_word' id='word_1_850' title='bbox 2201 4753 2485 4811; x_wconf 79' lang='lat' dir='ltr'>differunt</span> <span class='ocrx_word' id='word_1_851' title='bbox 2515 4755 2999 4828; x_wconf 90' lang='lat' dir='ltr'>transpositione.</span> <span class='ocrx_word' id='word_1_852' title='bbox 3028 4759 3173 4812; x_wconf 89' lang='lat' dir='ltr'>Etut</span> <span class='ocrx_word' id='word_1_853' title='bbox 3210 4757 3407 4829; x_wconf 89' lang='lat' dir='ltr'>prima</span> <span class='ocrx_word' id='word_1_854' title='bbox 3438 4756 3636 4817; x_wconf 81' lang='lat' dir='ltr'>diﬁert</span> <span class='ocrx_word' id='word_1_855' title='bbox 3655 4776 3694 4818; x_wconf 81' lang='grc' dir='ltr'><em>ε.</em></span> 
     </span>
    </p>
   </div>
   <div class='ocr_carea' id='block_1_107' title="bbox 2027 4843 3689 4917">
    <p class='ocr_par' dir='ltr' id='par_1_107' title="bbox 2027 4843 3689 4917">
     <span class='ocr_line' id='line_1_108' title="bbox 2027 4843 3689 4917; baseline 0.005 -21"><span class='ocrx_word' id='word_1_856' title='bbox 2027 4843 2310 4908; x_wconf 89' lang='lat' dir='ltr'>secunda,</span> <span class='ocrx_word' id='word_1_857' title='bbox 2335 4849 2391 4899; x_wconf 91' lang='lat' dir='ltr'>et</span> <span class='ocrx_word' id='word_1_858' title='bbox 2411 4844 2628 4901; x_wconf 90' lang='lat' dir='ltr'>tertiaa</span> <span class='ocrx_word' id='word_1_859' title='bbox 2646 4849 2972 4917; x_wconf 85' lang='lat' dir='ltr'>postrema,</span> <span class='ocrx_word' id='word_1_860' title='bbox 2996 4845 3078 4901; x_wconf 89' lang='lat' dir='ltr'>ita</span> <span class='ocrx_word' id='word_1_861' title='bbox 3104 4846 3283 4902; x_wconf 91' lang='lat' dir='ltr'>etiam</span> <span class='ocrx_word' id='word_1_862' title='bbox 3304 4846 3689 4905; x_wconf 88' lang='lat' dir='ltr'>individuum</span> 
     </span>
    </p>
   </div>
   <div class='ocr_carea' id='block_1_108' title="bbox 2023 4934 3689 5011">
    <p class='ocr_par' dir='ltr' id='par_1_108' title="bbox 2023 4934 3689 5011">
     <span class='ocr_line' id='line_1_109' title="bbox 2023 4934 3689 5011; baseline 0.005 -24"><span class='ocrx_word' id='word_1_863' title='bbox 2023 4948 2095 4988; x_wconf 84' lang='lat' dir='ltr'>ex</span> <span class='ocrx_word' id='word_1_864' title='bbox 2122 4936 2427 5004; x_wconf 89' lang='lat' dir='ltr'>postrema</span> <span class='ocrx_word' id='word_1_865' title='bbox 2456 4940 2856 5007; x_wconf 90' lang='lat' dir='ltr'>temperatum</span> <span class='ocrx_word' id='word_1_866' title='bbox 2882 4935 2961 4991; x_wconf 92' lang='lat' dir='ltr'>ab</span> <span class='ocrx_word' id='word_1_867' title='bbox 2990 4934 3090 4991; x_wconf 90' lang='lat' dir='ltr'>illo</span> <span class='ocrx_word' id='word_1_868' title='bbox 3111 4936 3279 5009; x_wconf 91' lang='lat' dir='ltr'>quod</span> <span class='ocrx_word' id='word_1_869' title='bbox 3322 4942 3409 4993; x_wconf 91' lang='lat' dir='ltr'>est</span> <span class='ocrx_word' id='word_1_870' title='bbox 3463 4941 3689 5011; x_wconf 88' lang='lat' dir='ltr'>tempe-</span> 
     </span>
    </p>
   </div>
   <div class='ocr_carea' id='block_1_109' title="bbox 2020 5023 3687 5100">
    <p class='ocr_par' dir='ltr' id='par_1_109' title="bbox 2020 5023 3687 5100">
     <span class='ocr_line' id='line_1_110' title="bbox 2020 5023 3687 5100; baseline 0.005 -23"><span class='ocrx_word' id='word_1_871' title='bbox 2020 5028 2216 5079; x_wconf 86' lang='lat' dir='ltr'>ratum</span> <span class='ocrx_word' id='word_1_872' title='bbox 2236 5030 2295 5078; x_wconf 88' lang='lat' dir='ltr'>et</span> <span class='ocrx_word' id='word_1_873' title='bbox 2315 5023 2640 5079; x_wconf 85' lang='lat' dir='ltr'>conﬂatum</span> <span class='ocrx_word' id='word_1_874' title='bbox 2664 5040 2737 5081; x_wconf 82' lang='lat' dir='ltr'>ex</span> <span class='ocrx_word' id='word_1_875' title='bbox 2757 5025 2952 5099; x_wconf 91' lang='lat' dir='ltr'>prima</span> <span class='ocrx_word' id='word_1_876' title='bbox 2972 5030 3029 5082; x_wconf 91' lang='lat' dir='ltr'>et</span> <span class='ocrx_word' id='word_1_877' title='bbox 3049 5026 3293 5098; x_wconf 89' lang='lat' dir='ltr'>reliquis</span> <span class='ocrx_word' id='word_1_878' title='bbox 3304 5027 3591 5100; x_wconf 90' lang='lat' dir='ltr'>deinceps</span> <span class='ocrx_word' id='word_1_879' title='bbox 3607 5029 3687 5086; x_wconf 92' lang='lat' dir='ltr'>ad</span> 
     </span>
    </p>
   </div>
   <div class='ocr_carea' id='block_1_110' title="bbox 2018 5113 3688 5188">
    <p class='ocr_par' dir='ltr' id='par_1_110' title="bbox 2018 5113 3688 5188">
     <span class='ocr_line' id='line_1_111' title="bbox 2018 5113 3688 5188; baseline 0.006 -21"><span class='ocrx_word' id='word_1_880' title='bbox 2018 5113 2176 5168; x_wconf 91' lang='lat' dir='ltr'>hanc</span> <span class='ocrx_word' id='word_1_881' title='bbox 2208 5118 2553 5184; x_wconf 90' lang='lat' dir='ltr'>postreman</span> <span class='ocrx_word' id='word_1_882' title='bbox 2585 5131 2795 5187; x_wconf 90' lang='lat' dir='ltr'>usque.</span> <span class='ocrx_word' id='word_1_883' title='bbox 2820 5120 3009 5188; x_wconf 83' lang='lat' dir='ltr'>Atque</span> <span class='ocrx_word' id='word_1_884' title='bbox 3064 5115 3180 5172; x_wconf 92' lang='lat' dir='ltr'>hoc</span> <span class='ocrx_word' id='word_1_885' title='bbox 3223 5132 3550 5175; x_wconf 90' lang='lat' dir='ltr'>commune</span> <span class='ocrx_word' id='word_1_886' title='bbox 3598 5126 3688 5178; x_wconf 88' lang='lat' dir='ltr'>est</span> 
     </span>
    </p>
   </div>
   <div class='ocr_carea' id='block_1_111' title="bbox 2020 5201 3685 5282">
    <p class='ocr_par' dir='ltr' id='par_1_111' title="bbox 2020 5201 3685 5282">
     <span class='ocr_line' id='line_1_112' title="bbox 2020 5201 3685 5282; baseline 0.007 -27"><span class='ocrx_word' id='word_1_887' title='bbox 2020 5201 2217 5256; x_wconf 90' lang='lat' dir='ltr'>trium.</span> <span class='ocrx_word' id='word_1_888' title='bbox 2245 5205 2410 5258; x_wconf 87' lang='lat' dir='ltr'>Hunc</span> <span class='ocrx_word' id='word_1_889' title='bbox 2428 5204 2665 5260; x_wconf 89' lang='lat' dir='ltr'>tertium</span> <span class='ocrx_word' id='word_1_890' title='bbox 2686 5209 2935 5276; x_wconf 89' lang='lat' dir='ltr'>quartus</span> <span class='ocrx_word' id='word_1_891' title='bbox 2959 5204 3109 5262; x_wconf 90' lang='lat' dir='ltr'>ordo</span> <span class='ocrx_word' id='word_1_892' title='bbox 3138 5207 3524 5280; x_wconf 82' lang='lat' dir='ltr'>consequitur</span> <span class='ocrx_word' id='word_1_893' title='bbox 3578 5210 3685 5282; x_wconf 89' lang='lat' dir='ltr'>qui</span> 
     </span>
    </p>
   </div>
   <div class='ocr_carea' id='block_1_112' title="bbox 2015 5290 3682 5372">
    <p class='ocr_par' dir='ltr' id='par_1_112' title="bbox 2015 5290 3682 5372">
     <span class='ocr_line' id='line_1_113' title="bbox 2015 5290 3682 5372; baseline 0.007 -28"><span class='ocrx_word' id='word_1_894' title='bbox 2015 5290 2129 5345; x_wconf 88' lang='lat' dir='ltr'>tria</span> <span class='ocrx_word' id='word_1_895' title='bbox 2142 5295 2198 5346; x_wconf 91' lang='lat' dir='ltr'>et</span> <span class='ocrx_word' id='word_1_896' title='bbox 2213 5307 2401 5346; x_wconf 91' lang='lat' dir='ltr'>unum</span> <span class='ocrx_word' id='word_1_897' title='bbox 2416 5292 2597 5349; x_wconf 87' lang='lat' dir='ltr'>habet</span> <span class='ocrx_word' id='word_1_898' title='bbox 2610 5309 2646 5349; x_wconf 91' lang='lat' dir='ltr'>a</span> <span class='ocrx_word' id='word_1_899' title='bbox 2663 5309 2694 5349; x_wconf 84' lang='grc' dir='ltr'><em>ι·</em></span> <span class='ocrx_word' id='word_1_900' title='bbox 2707 5309 2744 5351; x_wconf 87' lang='lat' dir='ltr'>a</span> <span class='ocrx_word' id='word_1_901' title='bbox 2760 5294 2792 5349; x_wconf 87' lang='lat' dir='ltr'>b</span> <span class='ocrx_word' id='word_1_902' title='bbox 2805 5294 3094 5365; x_wconf 78' lang='lat' dir='ltr'>equidem</span> <span class='ocrx_word' id='word_1_903' title='bbox 3108 5296 3359 5351; x_wconf 90' lang='lat' dir='ltr'>omnino</span> <span class='ocrx_word' id='word_1_904' title='bbox 3379 5301 3436 5351; x_wconf 92' lang='lat' dir='ltr'>et</span> <span class='ocrx_word' id='word_1_905' title='bbox 3451 5297 3682 5372; x_wconf 89' lang='lat' dir='ltr'>absque</span> 
     </span>
    </p>
   </div>
   <div class='ocr_carea' id='block_1_113' title="bbox 2015 5378 3681 5456">
    <p class='ocr_par' dir='ltr' id='par_1_113' title="bbox 2015 5378 3681 5456">
     <span class='ocr_line' id='line_1_114' title="bbox 2015 5378 3681 5456; baseline 0.007 -23"><span class='ocrx_word' id='word_1_906' title='bbox 2015 5378 2136 5434; x_wconf 91' lang='lat' dir='ltr'>ulla</span> <span class='ocrx_word' id='word_1_907' title='bbox 2160 5380 2589 5452; x_wconf 80' lang='lat' dir='ltr'>subtractione,</span> <span class='ocrx_word' id='word_1_908' title='bbox 2617 5382 2724 5439; x_wconf 91' lang='lat' dir='ltr'>sed</span> <span class='ocrx_word' id='word_1_909' title='bbox 2743 5399 2931 5438; x_wconf 89' lang='lat' dir='ltr'>unum</span> <span class='ocrx_word' id='word_1_910' title='bbox 2955 5399 3028 5438; x_wconf 82' lang='lat' dir='ltr'>ex</span> <span class='ocrx_word' id='word_1_911' title='bbox 3063 5399 3094 5440; x_wconf 88' lang='lat' dir='ltr'>e</span> <span class='ocrx_word' id='word_1_912' title='bbox 3122 5385 3163 5439; x_wconf 87' lang='lat' dir='ltr'>d</span> <span class='ocrx_word' id='word_1_913' title='bbox 3183 5400 3211 5440; x_wconf 89' lang='lat' dir='ltr'>e</span> <span class='ocrx_word' id='word_1_914' title='bbox 3234 5387 3280 5456; x_wconf 86' lang='lat' dir='ltr'>f,</span> <span class='ocrx_word' id='word_1_915' title='bbox 3303 5384 3493 5441; x_wconf 90' lang='lat' dir='ltr'>tribus</span> <span class='ocrx_word' id='word_1_916' title='bbox 3508 5387 3681 5445; x_wconf 89' lang='lat' dir='ltr'>nimi-</span> 
     </span>
    </p>
   </div>
   <div class='ocr_carea' id='block_1_114' title="bbox 2013 5470 3682 5552">
    <p class='ocr_par' dir='ltr' id='par_1_114' title="bbox 2013 5470 3682 5552">
     <span class='ocr_line' id='line_1_115' title="bbox 2013 5470 3682 5552; baseline 0.008 -28"><span class='ocrx_word' id='word_1_917' title='bbox 2013 5485 2145 5525; x_wconf 87' lang='lat' dir='ltr'>rum</span> <span class='ocrx_word' id='word_1_918' title='bbox 2182 5470 2523 5537; x_wconf 91' lang='lat' dir='ltr'>subtractis,</span> <span class='ocrx_word' id='word_1_919' title='bbox 2548 5473 2771 5545; x_wconf 91' lang='lat' dir='ltr'>quibus</span> <span class='ocrx_word' id='word_1_920' title='bbox 2808 5473 3065 5530; x_wconf 84' lang='lat' dir='ltr'>vicissim</span> <span class='ocrx_word' id='word_1_921' title='bbox 3106 5477 3485 5549; x_wconf 90' lang='lat' dir='ltr'>transpositis</span> <span class='ocrx_word' id='word_1_922' title='bbox 3514 5493 3682 5552; x_wconf 89' lang='lat' dir='ltr'>repe-</span> 
     </span>
    </p>
   </div>
   <div class='ocr_carea' id='block_1_115' title="bbox 312 5540 1937 5635">
    <p class='ocr_par' dir='ltr' id='par_1_115' title="bbox 312 5540 1937 5635">
     <span class='ocr_line' id='line_1_116' title="bbox 312 5540 1937 5635; baseline 0.012 -42"><span class='ocrx_word' id='word_1_923' title='bbox 312 5540 391 5635; x_wconf 54' lang='grc'>(11)</span> <span class='ocrx_word' id='word_1_924' title='bbox 423 5542 609 5595; x_wconf 88' lang='lat' dir='ltr'>Locus</span> <span class='ocrx_word' id='word_1_925' title='bbox 641 5544 1043 5627; x_wconf 32' lang='lat' dir='ltr'>perobscu&#39;rus</span> <span class='ocrx_word' id='word_1_926' title='bbox 1064 5554 1308 5619; x_wconf 89' lang='lat' dir='ltr'>propter</span> <span class='ocrx_word' id='word_1_927' title='bbox 1353 5552 1937 5635; x_wconf 33' lang='lat' dir='ltr'>confusionem-dua]</span> 
     </span>
    </p>
   </div>
   <div class='ocr_carea' id='block_1_116' title="bbox 2024 5540 3678 5635">
    <p class='ocr_par' dir='ltr' id='par_1_116' title="bbox 2024 5540 3678 5635">
     <span class='ocr_line' id='line_1_117' title="bbox 2024 5540 3678 5635; baseline 0.008 -23"><span class='ocrx_word' id='word_1_928' title='bbox 2024 5574 2062 5612; x_wconf 89' lang='lat' dir='ltr'>n</span> <span class='ocrx_word' id='word_1_929' title='bbox 2093 5575 2338 5635; x_wconf 83' lang='lat' dir='ltr'>vocum,</span> <span class='ocrx_word' id='word_1_930' title='bbox 2379 5540 2597 5634; x_wconf 77' lang='lat' dir='ltr'>nempe</span> <span class='ocrx_word' id='word_1_931' title='bbox 2647 5563 2903 5635; x_wconf 77' lang='grc' dir='ltr'><em>συζυγίας</em></span> <span class='ocrx_word' id='word_1_932' title='bbox 2931 5568 3019 5616; x_wconf 86' lang='grc' dir='ltr'>καὶ</span> <span class='ocrx_word' id='word_1_933' title='bbox 3044 5563 3254 5627; x_wconf 85' lang='grc' dir='ltr'><em>τάξεως.</em></span> <span class='ocrx_word' id='word_1_934' title='bbox 3281 5567 3575 5624; x_wconf 70' lang='lat' dir='ltr'>Caeterum</span> <span class='ocrx_word' id='word_1_935' title='bbox 3611 5575 3678 5626; x_wconf 91' lang='lat' dir='ltr'>ut</span> 
     </span>
    </p>
   </div>
   <div class='ocr_carea' id='block_1_117' title="bbox 242 5612 1937 5711">
    <p class='ocr_par' dir='ltr' id='par_1_117' title="bbox 242 5612 1937 5711">
     <span class='ocr_line' id='line_1_118' title="bbox 242 5612 1937 5711; baseline 0.011 -46"><span class='ocrx_word' id='word_1_936' title='bbox 242 5612 678 5711; x_wconf 53' lang='lat' dir='ltr'>explicaremus</span> <span class='ocrx_word' id='word_1_937' title='bbox 737 5612 1090 5711; x_wconf 28' lang='lat' dir='ltr'>retinuitmus</span> <span class='ocrx_word' id='word_1_938' title='bbox 1126 5612 1333 5711; x_wconf 64' lang='lat' dir='ltr'>vocem</span> <span class='ocrx_word' id='word_1_939' title='bbox 1366 5623 1575 5711; x_wconf 68' lang='grc' dir='ltr'><em>τάξεως,</em></span> <span class='ocrx_word' id='word_1_940' title='bbox 1636 5626 1849 5683; x_wconf 86' lang='lat' dir='ltr'>Habita</span> <span class='ocrx_word' id='word_1_941' title='bbox 1885 5645 1937 5711; x_wconf 76' lang='lat' dir='ltr'>ra</span> 
     </span>
    </p>
   </div>
   <div class='ocr_carea' id='block_1_118' title="bbox 2024 5612 3719 5711">
    <p class='ocr_par' dir='ltr' id='par_1_118' title="bbox 2024 5612 3719 5711">
     <span class='ocr_line' id='line_1_119' title="bbox 2024 5612 3719 5711; baseline 0.009 -28"><span class='ocrx_word' id='word_1_942' title='bbox 2024 5612 3678 5711; x_wconf 47' lang='lat' dir='ltr'>megis;&#39;pgges‘apssngaagamar;“agens:</span> <span class='ocrx_word' id='word_1_943' title='bbox 3716 5646 3719 5650; x_wconf 54' lang='grc' dir='ltr'>ι</span> 
     </span>
    </p>
   </div>
   <div class='ocr_carea' id='block_1_119' title="bbox 242 5683 2331 5775">
    <p class='ocr_par' dir='ltr' id='par_1_119' title="bbox 242 5683 2331 5775">
     <span class='ocr_line' id='line_1_120' title="bbox 242 5683 2331 5775; baseline 0.009 -38"><span class='ocrx_word' id='word_1_944' title='bbox 242 5683 707 5775; x_wconf 47' lang='lat' dir='ltr'>decjm‘ordines</span> <span class='ocrx_word' id='word_1_945' title='bbox 732 5697 1003 5772; x_wconf 77' lang='lat' dir='ltr'>respectu</span> <span class='ocrx_word' id='word_1_946' title='bbox 1030 5683 1598 5775; x_wconf 38' lang='lat' dir='ltr'>q‘uatuorordinum</span> <span class='ocrx_word' id='word_1_947' title='bbox 1627 5708 1802 5754; x_wconf 88' lang='lat' dir='ltr'>erunt</span> <span class='ocrx_word' id='word_1_948' title='bbox 1830 5683 2028 5771; x_wconf 81' lang='lat' dir='ltr'>potius</span> <span class='ocrx_word' id='word_1_949' title='bbox 2056 5683 2331 5775; x_wconf 56' lang='grc' dir='ltr'><em>συζυγίαι,</em></span> 
     </span>
    </p>
   </div>
   <div class='ocr_carea' id='block_1_120' title="bbox 315 5755 2502 5845">
    <p class='ocr_par' dir='ltr' id='par_1_120' title="bbox 315 5755 2502 5845">
     <span class='ocr_line' id='line_1_121' title="bbox 315 5755 2502 5845; baseline 0.011 -37"><span class='ocrx_word' id='word_1_950' title='bbox 315 5756 393 5826; x_wconf 80' lang='lat'>(2)</span> <span class='ocrx_word' id='word_1_951' title='bbox 423 5755 529 5811; x_wconf 85' lang='lat' dir='ltr'>Hic</span> <span class='ocrx_word' id='word_1_952' title='bbox 566 5773 778 5814; x_wconf 88' lang='lat' dir='ltr'>rursus</span> <span class='ocrx_word' id='word_1_953' title='bbox 805 5755 1253 5833; x_wconf 47' lang='lat' dir='ltr'>conjura’tiones</span> <span class='ocrx_word' id='word_1_954' title='bbox 1280 5765 1562 5827; x_wconf 84' lang='lat' dir='ltr'>dicuntur</span> <span class='ocrx_word' id='word_1_955' title='bbox 1597 5755 2169 5845; x_wconf 50' lang='lat' dir='ltr'>respect‘uquatuor</span> <span class='ocrx_word' id='word_1_956' title='bbox 2197 5755 2502 5833; x_wconf 76' lang='lat' dir='ltr'>ordinum.</span> 
     </span>
    </p>
   </div>
  </div>
