4444 6452
691 394 713 450 i
724 392 827 450 303

2214 381 2570 440 ADDENDA.

3992 384 4127 441 1304

696 537 779 571 σιν
836 515 1174 585 πασχόντων,
1231 508 1386 561 ἅτινα
1474 504 1569 560 διὰ
1623 515 1720 569 τῆς
1775 509 2095 581 μεταθέσεως
2152 506 2428 571 ἐναλλὰξΑ
2465 507 2725 569 ταθέσεως
2766 505 3040 579 βαίσουσα
3108 507 3144 580 β
3193 529 3227 580 γ
3277 527 3299 561 ε
3352 508 3385 569 ζ
3434 528 3463 567 η
3524 510 3550 561 θ
3620 508 3655 582 β
3721 529 3754 581 7
3821 528 3843 562 ε
3901 508 3932 569 ζ
3988 528 4017 566 η
4092 508 4128 581 β

692 610 793 667 θεὶς
855 606 1060 679 εὑρήσω
1121 604 1373 674 τέτταρας
1431 598 1689 669 συζυγίας
1749 618 1782 650 α
1842 596 1877 671 β
1943 618 1976 669 σγ
2041 617 2062 650 ι
2126 618 2160 650 α
2214 595 2249 669 β
2316 618 2349 668 γ

693 696 729 757 ζ
784 713 819 747 α
875 692 912 767 β
972 712 1006 762 ’γ
1056 709 1087 749 η
1152 709 1186 742 α
1241 686 1277 761 β
1353 707 1385 759 7
1435 689 1461 739 θ
1516 688 1571 738 αῖ
1627 684 1939 760 διαφέρουσι
2018 694 2079 759 τῇ
2140 687 2351 758 μεταθέ-

695 803 798 839 σει.
888 781 1037 835 Καθὰ
1087 781 1188 851 γὰρ
1266 779 1295 835 ἡ
1351 782 1531 851 πρώτη
1585 779 1714 849 πρὸς
1771 781 1864 834 τὴν
1915 772 2182 849 δευτέραν,
2242 777 2271 834 ἢ
2319 776 2348 833 ἠ

690 877 839 949 τρίτη
910 888 1039 942 προς

692 962 927 1021 ὑστάτης
984 959 1170 1031 κραθὲν
1222 956 1413 1027 ἄτομον
1480 958 1611 1029 πρὸς
1664 958 1723 1006 τὸ
1772 953 1827 1005 ἐκ
1892 962 1987 1015 τῆς
2040 959 2248 1028 πρώτης
2298 971 2352 1005 τε

692 1056 784 1107 καὶ
805 1059 902 1113 τῆς
928 1052 1130 1121 τρίτης,
1174 1050 1261 1098 καὶ
1317 1051 1468 1097 τοῦτο
1497 1053 1595 1096 τῶν
1658 1046 1914 1116 τεττάρων
1968 1049 2155 1101 κοινόν,
2209 1045 2355 1098 Μετὰ

1122 871 1215 925 τὴν
1265 867 1516 930 ὑστάτην,
1586 866 1719 917 οὑτω
1778 863 1844 923 δὴ
1909 870 1999 917 καὶ
2052 868 2110 917 τὸ
2159 863 2213 915 ἐκ
2261 872 2355 925 τῆς

696 1138 757 1195 δὲ
792 1142 985 1196 ταύτην
1033 1140 1127 1195 τὴν
1181 1134 1325 1199 τάξιν
1357 1134 1503 1209 ἑτέρα
1545 1132 1691 1197 τάξις
1728 1142 1826 1186 τῶν
1887 1135 2174 1205 συζυγιῶν,
2217 1142 2354 1206 τρεῖς

695 1236 786 1283 καὶ
823 1228 955 1286 αὕτη
993 1230 1198 1298 ἔχουσα
1225 1223 1416 1289 τάξεις,
1487 1224 1571 1284 αἶς
1627 1221 1737 1274 ἐστι
1790 1230 1890 1274 τῶν
1940 1225 2209 1297 τεσσάρων
2263 1226 2353 1295 μὲν

700 1321 794 1371 σὺν
825 1312 1280 1390 ὑφέσειεναλΜγὴ
1340 1313 1432 1374 ἕως
1492 1307 1709 1375 δυάδος,
1751 1320 1850 1363 τῶν
1912 1308 1971 1364 δὲ
2024 1320 2178 1384 τριῶν
2241 1313 2356 1383 ὕφι-

700 1426 781 1467 σις
839 1408 929 1478 μὲν
980 1410 1073 1456 τοῦ
1113 1402 1234 1473 ἐνὸς,
1290 1408 1388 1453 τῶν
1449 1396 1507 1453 δὲ
1556 1396 1653 1452 δύο
1706 1398 1953 1471 ἐναλλαγὴ
2014 1406 2103 1452 καὶ
2161 1400 2352 1460 ἰσότης.

700 1494 767 1550 Αἱ
832 1494 1023 1557 τάξεων
1072 1491 1243 1554 τάξεις
1299 1494 1389 1542 καὶ
1448 1492 1719 1560 συζυγίαι,
1761 1491 1815 1541 αἱ
1870 1491 1933 1541 τὰ
1992 1485 2089 1541 δὺο
2154 1492 2242 1562 μὲν
2304 1488 2358 1541 ἐκ

698 1592 855 1659 τριῶν
906 1586 1152 1656 ἔχουσαι,
1185 1579 1238 1633 ἐκ
1285 1576 1343 1633 δὲ
1391 1586 1491 1631 τῶν
1548 1581 1816 1653 τεσσάρων
1862 1581 1929 1631 τὰ
1984 1583 2236 1653 τέσσαρα,
2295 1580 2362 1631 τὰ

701 1678 843 1749 τρία,
921 1675 988 1725 τὰ
1041 1668 1160 1736 δὺο,
1220 1668 1282 1731 ἃς
1351 1664 1442 1721 διὰ
1500 1676 1598 1719 τῶν
1654 1670 1974 1741 μεταθέσεων
2024 1667 2236 1731 ἐναλλὰξ
2286 1670 2361 1720 θέ-

703 1781 853 1836 μενος
900 1761 1107 1837 εὑρήσω
1168 1758 1218 1811 ἐν
1272 1763 1369 1829 μιᾷ
1412 1756 1602 1830 ἑκάστη
1654 1756 1797 1819 τάξει
1851 1753 2034 1809 ἕνδεκα
2082 1758 2361 1828 συζυγίας,

703 1852 771 1903 ὧν
819 1853 849 1909 ἡ
930 1856 1110 1925 πρωτη
1177 1847 1320 1910 τάξις
1397 1848 1612 1917 τούτων,

705 1933 2364 2009 ἕστὶνήαβεζηθαβεζηαβεξθ

707 2022 2369 2102 αβηθηαβεξαβζηαβηθα

710 2114 1173 2193 βθξαβθ
1236 2112 1530 2187 εαβε
1591 2132 1621 2171 η
1683 2111 1736 2164 αἱ
1801 2110 2111 2188 διαφέρουσι
2167 2122 2229 2187 τῇ
2284 2132 2369 2187 με·

707 2209 935 2263 ταθίσει.
972 2207 1122 2259 Καθὰ
1172 2207 1270 2277 γὰρ
1324 2206 1354 2262 ἠ
1391 2207 1567 2275 πρώτη
1619 2205 1747 2275 πρὸς
1800 2206 1894 2261 τὴν
1939 2205 2190 2273 ὑστάτην,
2244 2204 2273 2263 ἦ
2336 2205 2365 2262 ἡ

712 2293 934 2370 δευτέρα
984 2297 1115 2369 πρὸς
1166 2297 1260 2352 τὴν
1316 2287 1561 2360 δεκάτην,
1619 2290 1753 2342 οὑτω
1807 2286 1873 2348 δὴ
1930 2295 2020 2343 καὶ
2070 2294 2129 2342 τὸ
2183 2290 2237 2343 ἐκ
2276 2298 2371 2352 τῆς

712 2382 994 2447 ἑνδεκάτης
1078 2384 1264 2455 κραθὲν
1322 2382 1514 2453 ἄτομον
1588 2378 1838 2432 ἀνάπαλιν
1886 2381 1976 2442 ἕως
2022 2388 2113 2433 τοῦ
2161 2380 2215 2433 ἐκ
2278 2389 2373 2443 τῆς

709 2481 945 2551 πρώτης,
1008 2480 1162 2527 τοῦτο
1224 2469 1283 2526 δε
1336 2474 1505 2525 κοινὸν
1562 2475 1651 2523 καὶ
1703 2478 1802 2523 τῶν
1856 2467 2057 2526 ἕνδεκα.
2105 2474 2249 2525 Μετὰ
2314 2468 2373 2524 δε

712 2567 910 2624 ταύτην
964 2566 994 2623 ἡ
1046 2565 1243 2624 ταύτης
1293 2558 1530 2637 δευτέρα,
1591 2562 1711 2619 ἕκτη
1774 2556 1834 2613 δέ
1878 2579 1938 2632 γε
1984 2569 2083 2613 τῶν
2141 2561 2289 2627 ὅλων,
2339 2564 2369 2620 ἠ

712 2665 787 2729 τῷ
818 2656 961 2709 αὑτῶ
1000 2659 1091 2709 καὶ
1143 2653 1274 2713 αὑτή
1340 2648 1593 2725 ἰδιώματι
1651 2652 1796 2714 ἐκτὸς
1860 2658 1958 2715 τῆς
1994 2660 2094 2703 τῶν
2134 2648 2232 2706 δὺο
2288 2671 2373 2726 με·

713 2830 1604 2909 riamquatuorconjugationes
1645 2830 1656 2900 Ι
1688 2828 1883 2887 abc.e
1914 2830 1923 2901 |
1964 2829 2192 2903 abcfl
2225 2831 2373 2887 abc.

713 2942 754 2998 9
812 2926 821 2996 |
862 2940 900 2982 a
929 2924 962 2980 b
991 2939 1040 2981 ε.
1067 2924 1107 2980 Ιι
1148 2924 1159 2993 |
1201 2920 1807 2995 quaetranspositione
1824 2918 2378 2977 diﬂerunt.Utenim

716 3030 781 3073 se
820 3014 1005 3072 habet
1030 3012 1229 3086 prima
1256 3011 1335 3067 ad
1367 3008 1700 3067 secundam
1732 3013 1789 3065 et
1827 3008 1996 3066 tertia
2042 3008 2120 3066 ad
2141 3014 2377 3083 postre-

718 3120 906 3177 mam,
940 3104 1021 3160 ita
1041 3101 1208 3176 quod
1238 3116 1311 3158 ex
1337 3103 1645 3173 postrema
1672 3102 2073 3172 temperatum
2100 3103 2193 3155 est
2222 3099 2377 3155 indi-

713 3193 970 3250 viduum
1009 3191 1089 3248 ad
1118 3188 1444 3262 illudquod
1469 3204 1543 3244 ex
1573 3188 1770 3261 prima
1793 3192 1938 3244 etex
1974 3188 2163 3245 tertia.
2189 3191 2379 3261 Atque

714 3283 833 3341 hoc
855 3284 1117 3355 quatuor
1141 3292 1465 3336 commune
1495 3280 1606 3333 est.
1640 3278 1805 3333 Hunc
1830 3280 2117 3350 quartum
2171 3292 2378 3333 conse-

1703 1850 1911 1918 πέμπτη
1965 1842 2025 1898 δὲ
2086 1854 2185 1898 τῶν
2238 1846 2364 1898 ὅλων
2402 1862 2439 1915 Β
2475 1849 2564 1896 καὶ

2464 594 4129 671 γιξθβγξθβγηθεβγεξβ

2463 684 4133 760 γξηβγηθβγθξβγθεβγε

2466 794 2496 832 η
2554 774 2607 827 αἱ
2661 772 2971 848 διαφέρουσι
3154 778 3448 848 μεταθέσει.
3506 779 3652 829 Καθα
3702 779 3803 848 ’γὰρ
3864 779 3893 835 ἠ
3948 781 4131 848 πρώτη

2465 869 2593 937 πρὸς
2649 869 2743 923 την
2792 866 3051 932 ὑστάτην,
3120 866 3148 925 ἣ
3210 869 3239 925 ἠ
3300 863 3520 941 δευτέρα
3564 871 3695 939 πρὸς
3736 872 3827 924 τὴν
3881 863 4131 934 δεκάτην,

2466 954 2603 1005 οὑτω
2684 950 2751 1011 δὴ
2812 958 2902 1005 καὶ
2950 956 3008 1006 τὸ
3062 952 3116 1004 ἐκ
3169 962 3266 1016 τῆς
3347 952 3619 1016 ἑνδεκάτης
3693 956 3879 1029 κραθὲν
3940 956 4134 1025 ἄτομον

2466 1042 2719 1095 ἀνάπαλιν
2759 1063 2771 1077 ’
2806 1044 2899 1104 ἕως
2938 1050 3027 1095 τοῦ
3095 1042 3149 1095 ἐκ
3180 1053 3271 1104 τῆς
3326 1050 3539 1117 πρώτης
3586 1064 3603 1080 ο
3662 1053 3816 1097 τοῦτο
3857 1040 3916 1097 δὲ
3962 1046 4135 1096 κοινὸν

2465 1138 2555 1185 καὶ
2586 1141 2685 1184 τῶν
2753 1129 2957 1187 ἕνδεκα.
3005 1136 3151 1185 Μετά
3186 1131 3245 1185 δὲ
3296 1137 3486 1192 ταύτην
3532 1136 3562 1192 ἠ
3616 1138 3744 1209 πρὸς
3792 1138 3886 1194 τὴν
3924 1140 4136 1206 πρώτην

2468 1222 2627 1283 αὑτης
2653 1225 2828 1295 τρίτη,
2883 1218 3079 1293 ἑϐδόμη
3116 1218 3175 1274 δέ
3199 1242 3258 1293 γε
3294 1231 3391 1274 τῶν
3443 1223 3591 1294 ὅλων,
3640 1225 3669 1281 ἡ
3732 1231 3804 1293 τῷ
3859 1223 3997 1294 αὐτῷ
4041 1219 4136 1273 καὶ

2467 1311 2598 1368 αὑτὴ
2669 1307 2921 1382 ἰδιώματι
2999 1309 3268 1383 βαίνουσα
3315 1310 3460 1373 ἐκτὸς
3505 1320 3600 1373 τῆς
3654 1320 3753 1364 τῶν
3824 1309 3922 1364 δύο
3980 1330 4138 1383 μετα-

2471 1401 4141 1472 θέοεωςαγεζηθαγεζηαγιζθα

2468 1488 3131 1561 γζηθαγηθ
3236 1489 4139 1561 εαιγεζαγξηα

2470 1574 4138 1650 γηθαγθζαγθεαγεηαῖδιαφέ-

2472 1684 2627 1741 ρουσι
2712 1673 2773 1737 τῇ
2832 1666 3123 1737 μεταθέσει.
3187 1668 3336 1719 Καθὰ
3384 1669 3486 1740 γὰρ
3544 1670 3573 1726 ἠ
3630 1672 3809 1740 πρώτη
3864 1669 3990 1741 πρὸς
4041 1671 4139 1724 τήν

2475 1756 2728 1823 ὑστάτην,
2786 1754 2815 1812 ἦ
2870 1756 2899 1813 ἠ
2969 1752 3187 1827 δευτέρα
3242 1755 3371 1829 πρὸς
3417 1761 3511 1815 τὴν
3563 1752 3809 1824 δεκάτην,
3878 1758 4011 1809 οὑτω
4066 1753 4135 1814 δὴ

2650 1847 2708 1895 τὸ
2762 1842 2817 1895 ἐκ
2904 1851 2995 1905 τῆς
3061 1841 3337 1907 ἑνδεκάτης
3395 1848 3582 1920 κραθὲν
3640 1848 3831 1919 ἄτομον
3886 1844 4139 1898 ἀνάπαλιν

2478 1936 2572 1995 ἕως
2600 1940 2692 1987 τοῦ
2726 1932 2780 1985 ἐκ
2834 1942 2929 1995 τῆς
2975 1939 3209 2008 πρώτης,
3270 1942 3424 1989 τοῦτο
3474 1934 3533 1988 δὲ
3576 1939 3745 1988 κοινὸν
3801 1940 3891 1988 καὶ
3919 1944 4019 1988 τῶν
4064 1937 4142 1988 ἓν-

2481 2021 2628 2077 δικα.
2690 2025 2835 2076 Μετὰ
2901 2020 2960 2076 δε
3037 2025 3233 2081 ταύτην
3284 2029 3376 2083 τὴν
3429 2024 3575 2088 τάξιν
3627 2025 3775 2100 ἑτέρα
3839 2025 3986 2088 τάξις
4036 2033 4139 2078 τῶν

2482 2115 2769 2183 συζυγιῶν,
2837 2118 2969 2185 τρεῖς
3048 2116 3137 2165 καὶ
3210 2112 3341 2171 αὑτὴ
3395 2116 3599 2186 ἔχουσα
3650 2114 3837 2181 τάξεις,
3898 2116 3977 2175 αἷς
4024 2112 4141 2166 ἔστι

2478 2210 2579 2253 τῶν
2618 2204 2886 2276 τεσσάρων
2943 2205 3032 2274 μὲν
3084 2206 3177 2255 σὺν
3227 2205 3404 2276 ὑφέσει
3452 2203 3701 2276 ἑναλλαγὴ
3760 2205 3849 2267 ἕως
3912 2201 4135 2271 δυάδος,

2480 2299 2581 2344 τῶν
2614 2288 2673 2345 δὲ
2715 2300 2871 2367 τριῶν
2918 2293 3118 2365 ὕφεσις,
3176 2299 3277 2346 τῶν
3335 2290 3452 2361 δύο,
3501 2302 3593 2348 τοῦ
3643 2294 3750 2357 ἑνὸς
3804 2291 3863 2349 δε
3894 2314 3955 2367 ’γε
4001 2293 4142 2347 ἐναλ-

2480 2379 2637 2452 λαγή.
2688 2380 2752 2435 Αἱ
2803 2382 2992 2445 τάξεων
3038 2383 3209 2446 τάξεις
3264 2388 3355 2436 καὶ
3409 2384 3662 2456 συζυγίαι
3721 2385 3775 2436 αἱ
3828 2387 3888 2437 τὸ
3947 2383 3996 2437 ἓν
4049 2386 4140 2456 μὲν

2483 2469 2538 2524 ἐκ
2582 2478 2681 2523 τῶν
2728 2480 2884 2546 τριῶν
2928 2475 3154 2543 ἔχουσαι
3210 2471 3263 2524 ἔκ
3313 2470 3372 2526 δε
3428 2481 3526 2526 τῶν
3576 2475 3845 2549 τεσσάρων
3897 2474 3966 2526 τὰ
4018 2477 4143 2526 τέσ-

2488 2564 2739 2635 σαρα,τὰ
2768 2566 2907 2636 τρία,
2944 2564 3011 2614 τὰ
3050 2558 3168 2628 δύο,
3231 2562 3289 2624 ἃς
3343 2558 3436 2615 διὰ
3486 2571 3587 2617 τῶν
3633 2565 3953 2636 μεταθέσεων
4006 2561 4149 2614 ἐναλ-

2486 2649 2584 2714 λὰξ
2606 2652 2709 2715 θεὶς
2740 2651 2967 2727 εὑρήσω,
3021 2651 3071 2706 ἄν
3120 2658 3218 2727 μιᾷ
3282 2652 3475 2727 ἑκάστῃ
3539 2652 3682 2717 τάξει
3736 2650 3922 2708 ἕνδεκα
3978 2656 4147 2719 συζυ-

2487 2832 2607 2886 tem
2646 2829 2929 2887 undecim
2952 2846 3274 2888 commune
3296 2834 3403 2889 est.
3432 2834 3599 2889 Hune
3676 2831 4065 2906 consequitur
4114 2848 4153 2888 a

2487 2918 2685 2992 primo
2714 2919 2896 2992 hujus
2909 2920 3142 2991 generis
3158 2921 3385 2993 tertius,
3408 2922 3830 2978 universorum
3856 2921 4154 2994 septimus

2486 3009 2591 3083 qui
2604 3014 2853 3083 excepta
2867 3009 3128 3067 duorum
3142 3011 3604 3083 transpositione
3620 3010 3890 3068 eamdem
3904 3026 4153 3084 permu-

2486 3098 2725 3155 tationis
2778 3099 3203 3173 proprietatem
3271 3101 3503 3168 retinet,
3535 3116 3573 3157 a
3602 3116 3652 3167 c,
3686 3116 3716 3159 e
3736 3102 3778 3171 Γ
3799 3116 3837 3171 9
3864 3101 3903 3158 Ιι
3957 3103 3969 3171 |
4033 3116 4073 3158 a
4098 3116 4151 3157 c.

2488 3188 3291 3261 efglac.efg|ac.fg
3328 3190 4122 3262 hlac.ghe|ac.ghe|

2488 3278 2737 3349 ac.ef|
2770 3280 2969 3350 ac.fg
3004 3278 3013 3351 |
3046 3294 3197 3351 acg
3230 3280 3269 3336 h
3302 3281 3312 3351 Ι
3345 3279 3525 3337 acht
3559 3282 3568 3351 |
3601 3281 3797 3347 ac,he
3828 3280 3836 3351 |
3869 3282 4122 3351 ac.eg|

718 3372 925 3447 quitur
955 3370 1103 3426 alias
1129 3368 1280 3426 ordo
1319 3366 1820 3439 conjugationum
1859 3366 1961 3439 qui
1988 3366 2166 3423 etiam
2197 3365 2381 3424 habet
2421 3379 2460 3433 c
2489 3382 2626 3439 quae
2657 3367 3124 3440 transpositione
3154 3367 3457 3425 differunt.
3479 3371 3550 3426 Ut
3569 3368 3729 3426 enim
3752 3369 3945 3441 prima
3960 3384 4023 3424 se
4043 3369 4156 3425 ha-

717 3462 846 3535 ipse
876 3465 996 3517 tres
1025 3458 1290 3527 ordines,
1325 3458 1387 3512 in
1426 3456 1647 3531 quibus
1675 3460 1937 3529 quatuor
1962 3460 2380 3529 permutantur

720 3556 779 3608 et
807 3549 1213 3607 subtractione
1242 3547 1321 3604 ad
1350 3547 1473 3603 duo
1502 3545 1858 3616 rediguntur
1890 3564 1903 3614 ;
1932 3544 2007 3601 de
2020 3545 2208 3601 tribus
2236 3561 2378 3602 vero

724 3656 915 3697 unum
941 3638 1222 3707 demitur,
1261 3636 1383 3693 duo
1416 3639 1832 3709 permutantur
1870 3638 1927 3691 et
1975 3634 2378 3707 aequalitatem

722 3730 1000 3788 retinent.
1034 3728 1143 3794 Qui
1175 3726 1456 3784 ordinum
1470 3725 1782 3782 ordineset
1802 3724 2259 3796 conjugationes
2277 3740 2378 3780 ex-

723 3820 1089 3875 sistuntcum
1102 3817 1177 3872 de
1208 3816 1397 3872 tribus
1409 3814 1532 3870 duo
1545 3814 1891 3879 retinentur,
1909 3812 2049 3869 etde
2097 3818 2378 3885 quatuor,

722 3915 1000 3983 quatuor,
1040 3906 1174 3975 tria,
1206 3906 1329 3961 duo
1363 3924 1377 3973 ;
1410 3904 1632 3978 quibus
1654 3904 2029 3976 transpositis
2060 3909 2116 3960 et
2144 3919 2382 3976 permu-

724 3999 860 4055 tatis
890 3998 951 4053 in
974 4010 1344 4068 unoquoque
1375 3994 1583 4050 ordine
1615 3992 1894 4049 undecim
1926 3993 2381 4063 conjugationes

724 4088 1043 4161 reperiam.
1076 4089 1157 4141 Ac
1177 4085 1412 4158 primus
1425 4083 1672 4157 quidem
1687 4082 1837 4139 ordo
1853 4083 2036 4155 hujus
2050 4083 2280 4152 generis
2297 4086 2385 4138 est

724 4177 834 4233 sed
860 4176 1279 4232 universorum
1306 4172 1551 4245 quintus
1576 4187 1627 4228 .a
1650 4172 1682 4227 b
1722 4174 1854 4243 efg
1898 4172 1937 4228 h
1987 4173 1994 4241 Ι
2046 4186 2082 4227 a
2106 4172 2138 4227 b
2156 4187 2186 4227 c
2204 4172 2290 4242 fg
2346 4175 2353 4241 |

727 4265 975 4337 abefh
1025 4268 1035 4335 ι
1086 4263 1449 4333 (Ι)αῡ91ιε
1499 4263 1507 4333 ι
1564 4262 1657 4318 ab
1690 4262 1765 4331 ef
1813 4262 1822 4332 ι
1882 4261 2121 4333 abfh|
2174 4261 2384 4332 abgh

754 4356 767 4429 |
799 4371 835 4414 a
870 4356 960 4426 ὀί
983 4354 1022 4411 Ιι
1081 4357 1089 4425 |
1141 4370 1179 4410 α
1207 4353 1239 4409 b
1271 4354 1307 4408 Ιι
1333 4367 1363 4410 e
1422 4352 1429 4424 |
1490 4370 1524 4406 (ι
1560 4352 1716 4422 beg,
1745 4347 2383 4423 qutediﬂ'erunttrans-

723 4444 1047 4520 positione.
1080 4445 1149 4500 Ut
1187 4441 1347 4497 enim
1386 4440 1584 4513 prima
1606 4456 1670 4496 se
1699 4440 1882 4495 habet
1908 4440 1987 4496 ad
2016 4446 2385 4513 postremam

726 4539 785 4592 et
816 4532 1086 4590 secunda
1125 4528 2218 4598 addecimam,itaetiamindividuum
2240 4529 2387 4585 illud

725 4623 895 4699 quod
927 4638 1002 4681 ex
1030 4620 1357 4679 undecima
1396 4624 1793 4693 temperatum
1822 4625 1911 4677 est
1931 4635 2120 4692 usque
2143 4619 2221 4676 ad
2242 4618 2389 4675 illud

725 4713 895 4787 quod
925 4716 1018 4769 est
1042 4727 1116 4768 ex
1145 4711 1361 4785 prima.
1387 4712 1722 4766 Hocautem
1750 4725 2073 4767 commune
2101 4709 2389 4765 estunde-
2423 4750 2464 4804 Β

725 4804 865 4860 cim.
893 4801 1204 4861 Secundus
1224 4799 1463 4874 quidem
1492 4798 1571 4856 ab
1606 4800 1721 4856 hoc
1751 4800 1901 4857 ordo
1941 4799 2044 4856 sed
2082 4801 2389 4856 universo-

725 4909 857 4952 rum
870 4897 1071 4950 sextus
1083 4891 1305 4949 deinde
1318 4890 1837 4963 consequitur,qui
1854 4890 2132 4947 eamdem
2145 4906 2390 4963 quoque

724 4984 857 5059 ipse
870 4980 1323 5056 permutationis
1336 4981 1747 5053 prOprietatem
1761 4979 2390 5053 retinetexceptaduo~

723 5071 1650 5142 rumdetribustranspositione,
1675 5070 1707 5125 ὁ
1733 5070 1978 5141 c.efgh
2012 5072 2019 5141 |
2056 5070 2151 5126 bc.
2177 5071 2258 5139 ef
2279 5086 2316 5140 9
2350 5071 2358 5136 l

727 5160 2071 5235 bc.efh|bc.fgh|bc,ghs|bc.ef|
2126 5160 2358 5233 bc.fq|

726 5254 842 5310 bc.
871 5252 969 5324 gh
1000 5252 1011 5323 Ι
1047 5252 1296 5322 bc.hf|
1332 5250 1432 5306 bc.
1468 5250 1557 5307 he
1589 5250 1597 5325 |
1633 5250 1733 5307 bc.
1765 5251 1898 5325 eh|
1949 5250 2389 5323 quzedifferunt

721 5342 1215 5416 transpositione.
1260 5343 1327 5398 Ut
1347 5342 1508 5397 enim
1526 5357 1723 5415 prima
1750 5358 1811 5397 se
1833 5341 2016 5398 habet
2043 5340 2121 5397 ad
2151 5346 2383 5414 postre-

720 5448 891 5491 mam
931 5437 987 5489 et
1021 5432 1289 5489 secunda
1318 5431 1397 5488 ad
1423 5431 1746 5501 decimam,
1768 5431 1852 5488 ita
1877 5432 2054 5488 etiam
2082 5432 2383 5488 contrario

720 5521 1328 5581 ordineindividuum
1345 5521 1491 5578 illud
1504 5521 1667 5595 quod
1682 5538 1755 5578 ex
1768 5521 2089 5578 undecima
2105 5527 2383 5595 tempera-

718 5615 850 5669 tum
880 5614 969 5670 est
992 5610 1071 5668 ad
1096 5610 1243 5667 illud
1257 5627 1451 5684 usque
1472 5611 1639 5684 quod
1674 5615 1763 5667 est
1786 5627 1856 5668 ex
1871 5612 2085 5685 prima.
2122 5618 2240 5669 Hoc
2270 5627 2383 5667 au-

2487 3455 2587 3512 bet
2609 3454 2689 3511 ad
2718 3460 3087 3529 postremam
3119 3462 3223 3514 aut
3248 3457 3519 3515 secunda
3548 3458 3627 3514 ad
3686 3457 4006 3529 decimam,
4069 3458 4158 3515 ita

2488 3546 2668 3602 etiam
2695 3550 2903 3604 contra
2932 3547 3079 3603 illud
3108 3547 3487 3604 individuum
3516 3548 3685 3621 quod
3714 3564 3787 3604 ex
3827 3547 4161 3603 undicema

2488 3638 2877 3708 temperatum
2892 3640 2981 3692 est
2997 3636 3075 3693 ad
3087 3635 3232 3692 illud
3246 3653 3437 3709 usque
3450 3639 3615 3710 quod
3628 3641 3717 3693 est
3729 3652 3796 3693 ex
3808 3636 4160 3709 prima.Hoc

2491 3727 2691 3780 autem
2714 3723 2994 3780 undecim
3025 3740 3349 3783 commune
3406 3730 3511 3782 est.
3562 3729 3729 3782 Hunc
3762 3725 4160 3797 consequitur

2491 3812 2644 3869 alius
2660 3814 3157 3887 conjugationum
3174 3815 3324 3872 ordo
3345 3816 3451 3888 qui
3471 3817 3651 3873 etiam
3685 3816 3813 3888 ipse
3836 3820 3952 3871 tres
3971 3814 4164 3871 habet

2492 3902 2735 3959 ordines
2759 3904 2822 3959 in
2852 3903 3075 3977 quibus
3104 3908 3367 3978 quatuor
3390 3910 3809 3979 permutantur
3837 3910 3894 3961 et
3910 3904 4161 3960 subtra-

2491 3992 2719 4049 huntur
2745 4008 2939 4064 usque
2970 3993 3049 4049 ad
3070 3993 3214 4061 duo,
3256 3994 3331 4050 de
3362 3994 3551 4051 tribus
3578 4010 3721 4051 vero
3756 3994 3879 4051 duo
3921 3993 4166 4050 subtra—

2490 4081 2718 4138 huntur
2746 4086 2803 4139 et
2829 4097 3022 4139 unum
3048 4087 3440 4155 permutatur.
3462 4085 3573 4151 Qui
3593 4084 3877 4141 ordinum
3897 4089 4036 4139 sunt
4056 4098 4163 4140 or-

2494 4169 2666 4226 dines
2704 4174 2763 4228 et
2791 4172 3247 4244 conjugationes
3262 4173 3608 4246 habentque
3629 4177 3704 4229 de
3726 4174 3913 4229 tribus
3941 4188 4162 4237 unum,

2495 4259 2571 4316 de
2584 4264 2845 4333 quatuor
2856 4275 3017 4328 vero,
3032 4267 3313 4335 quatuor,
3332 4263 3467 4333 tria,
3486 4263 3631 4329 duo,
3650 4264 3875 4336 quibus
3890 4262 4166 4318 vicissim

2495 4350 2851 4423 permutatis
2866 4351 3161 4425 reperiam
3177 4352 3239 4409 in
3256 4368 3625 4426 unoquoque
3642 4353 3851 4409 ordine
3873 4352 4164 4408 undecim

2498 4440 2974 4512 conjugationes.
3000 4442 3109 4507 Qui
3130 4441 3378 4514 quidem
3401 4448 3492 4498 est
3531 4443 3765 4513 primus
3799 4442 3949 4499 ordo
3975 4440 4169 4512 hujus

2500 4530 2755 4601 generis,
2778 4534 3027 4587 octavus
3050 4547 3191 4587 vero
3220 4533 3640 4589 universorum
3662 4538 3769 4601 est,
3790 4547 3827 4588 a
3850 4548 3879 4589 e
3895 4534 3928 4602 f
3951 4548 3988 4602 9
4052 4531 4094 4587 Ιι
4124 4539 4138 4603 |

2501 4622 2657 4689 ae/a
2705 4623 2713 4689 l
2769 4620 2942 4691 afgh
2976 4622 2984 4689 I
3018 4622 3169 4693 aera
3204 4622 3211 4691 I
3245 4622 3657 4692 aahelaefl
3705 4621 4049 4692 afglagh
4084 4621 4093 4692 Ι
4128 4637 4171 4678 α

2503 4710 2580 4777 hf
2619 4711 2626 4779 ι
2667 4710 2790 4765 alte
2844 4710 2852 4781 Ι
2898 4726 3019 4780 acg
3069 4712 3079 4779 |
3124 4709 4067 4784 quaedifferunttranspositione.
4097 4713 4173 4767 Ut

2501 4799 2659 4855 enim
2679 4800 2875 4872 prima
2898 4816 2960 4855 se
2983 4799 3163 4857 habet
3185 4800 3264 4855 ad
3283 4806 3651 4871 postremam
3675 4806 3778 4856 aut
3797 4800 4069 4857 secunda
4085 4800 4169 4856 ad

2500 4889 2823 4955 decimam,
2855 4890 2937 4946 ita
2966 4893 3174 4946 contra
3204 4890 3348 4946 illud
3372 4891 3749 4947 individuum
3770 4890 3936 4964 quod
3963 4906 4035 4947 ex
4056 4906 4171 4946 un-

2500 4981 2733 5037 decima
2764 4985 3161 5054 temperatum
3192 4986 3298 5051 est,
3332 4980 3411 5037 ad
3445 4981 3591 5037 illud
3646 4997 3841 5054 usque
3883 4981 4055 5054 quod
4074 4988 4173 5039 est

2499 5088 2570 5128 ex
2596 5072 2939 5145 prima.Hoc
2954 5078 3153 5130 autem
3176 5088 3500 5129 commune
3523 5074 3703 5130 etiam
3735 5079 3826 5129 est
3855 5073 4172 5130 undecim.

2502 5162 2813 5219 Secundus
2835 5162 2913 5218 ab
2943 5162 3059 5219 hoc
3088 5163 3299 5219 ordine
3320 5164 3707 5237 consequitur
3727 5164 3897 5230 ordo,
3928 5164 4177 5220 univer-

2498 5267 2702 5307 sorum
2731 5268 2952 5319 nonus,
2976 5252 3081 5325 qui
3108 5253 3167 5309 in
3182 5268 3508 5326 progressu
3529 5254 3809 5311 eamdem
3833 5255 4180 5327 proprieta-

2497 5341 2618 5397 tem
2640 5343 2871 5408 retinet,
2900 5348 3147 5414 excepta
3172 5343 3351 5398 unius
3371 5344 3853 5415 transpositione,
3878 5344 4077 5415 befgh
4132 5346 4143 5415 ι

2502 5431 3647 5504 befglb/gh|bghe|befh|bef|
3699 5434 4178 5505 b/‘glbghlb

2500 5520 2606 5592 hfl
2642 5521 2674 5576 ὁ
2704 5520 2777 5577 he
2808 5522 2816 5593 Ι
2852 5521 2884 5576 b
2923 5538 2989 5593 eg
3026 5525 3034 5593 Ι
3094 5538 3230 5594 qua:
3264 5523 3725 5595 transpositione
3752 5522 4059 5580 differunt.
4104 5528 4180 5582 Ut

2504 5612 2663 5669 enim
2699 5627 2763 5668 se
2788 5612 2972 5669 habet
2999 5613 3195 5685 prima
3209 5614 3647 5685 conjugatioad
3661 5620 4034 5687 postremam
4068 5622 4180 5673 aut

793 5737 874 5811 (t)
908 5736 1099 5795 Hicin
1128 5737 1343 5798 GNECO
1368 5737 1745 5798 desideratur
1776 5759 1809 5793 α
1835 5737 1872 5813 β
1899 5742 1978 5803 ζη
2013 5740 2242 5813 θᾳυατε
2258 5739 2437 5799 etiam
2464 5737 2819 5798 addendum
2846 5754 2883 5797 a
2901 5739 2933 5796 b
2960 5742 2997 5814 f
3010 5756 3050 5813 9
3084 5740 3123 5798 Ιι
3150 5742 3216 5799 ut
3244 5740 3363 5798 sint
3378 5739 3659 5799 undecim
3682 5741 4176 5815 conjugationes-
