4444 6452
269 446 403 500 1305

1149 442 1503 499 THEODORI
1542 439 1588 496 ΙΙ
1628 441 1763 499 ῙΜΡ.
1806 442 1896 500 DE
1936 442 2397 501 COMMUNIONE
2426 443 2797 501 NATUBALI.

3550 456 3685 510 £306

263 572 402 639 νίας,
434 565 552 625 ὧνή
587 568 765 640 πρώτη
808 566 955 627 τάξις
1009 568 1224 635 τούτων,
1286 563 1449 638 ὀγδόη
1503 563 1561 619 δε
1623 576 1719 619 τῶν
1766 566 1911 635 ὅλων,
1946 570 1992 621 Α
2026 576 2122 619 τῶν
2162 575 2336 640 τριῶν.
2394 570 2457 620 Αἰ
2508 568 2697 633 τάξεων
2747 569 2918 634 ταξεις
2971 575 3058 622 καὶ
3118 570 3371 643 συζυγίαι
3422 574 3474 626 αἱ
3529 578 3585 627 τὸ
3638 577 3683 629 ἓν

264 655 1915 717 ἕστινήαεζηθαεζηαζηθάε

264 744 1915 809 ζθαηθεαεζαζηαηοαθ

266 834 297 894 ξ
377 853 410 883 α
488 835 512 885 θ
587 852 606 884 ε
684 852 716 884 α
796 851 816 884 ε
898 852 927 890 η
1008 833 1060 884 αἲ
1127 829 1436 907 διαφέρουσι
1490 842 1553 907 τῇ
1614 836 1907 905 μεταθέσει.

266 924 415 976 Καθὰ
451 923 612 996 γὰρὴ
657 928 836 995 πρώτη
885 926 1014 997 πρὸς
1062 927 1155 981 τὴν
1209 924 1460 985 ὑστάτην,
1522 924 1549 983 ἡ
1612 927 1641 983 ἡ
1704 921 1921 999 δευτέρα

262 1014 393 1085 πρὸς
433 1016 527 1069 τὴν
559 1008 799 1078 δεκάτην,
836 1012 969 1064 οὕτω
1022 1008 1089 1085 δῇ
1147 1017 1235 1064 καὶ
1292 1016 1350 1065 τὸ
1382 1012 1438 1066 ἐκ
1487 1022 1582 1074 τῆς
1641 1011 1920 1076 ἑνδεκάτης

262 1102 448 1175 κραθὲν
528 1102 719 1173 ἄτομον
796 1099 1045 1152 ἀνάπαλιν
1104 1104 1192 1162 ἕως
1250 1110 1339 1154 τοῦ
1392 1101 1445 1154 ἔκ
1498 1111 1588 1163 τῆς
1638 1110 1844 1176 πρώτης
1904 1125 1917 1139 ο

263 1198 413 1242 τοῦτο
469 1187 528 1242 δὲ
580 1193 747 1243 κοινὸν
802 1195 891 1242 καὶ
944 1200 1043 1243 τῶν
1093 1188 1295 1246 ἕνδεκα.
1346 1196 1490 1245 Μετά
1539 1189 1611 1263 δὲ,
1656 1196 1851 1251 ταύτην
1887 1196 1915 1251 ἡ

259 1281 456 1341 ταύτης
495 1276 731 1352 δευτέρα,
769 1278 946 1337 ἐννάτη
1008 1277 1067 1333 δε
1120 1299 1178 1352 7t
1218 1290 1315 1333 τῶν
1372 1281 1517 1351 ὅλων,
1580 1284 1610 1340 ἡ
1665 1290 1737 1352 τῷ
1782 1282 1921 1353 αὐτῷ

264 1374 353 1422 καὶ
390 1370 520 1428 αὕτὴ
567 1366 816 1441 ἰδιώματι
874 1369 1135 1442 βαίνουσα
1188 1369 1327 1431 ἕκτος
1378 1380 1473 1433 τῆς
1528 1379 1619 1425 τοῦ
1673 1372 1780 1434 ἐνὸς
1833 1392 1922 1445 με·

261 1458 1919 1533 ταθέσεωςβεζηθβεζηβζηοβη

264 1551 291 1602 θ
369 1546 404 1620 β
480 1549 507 1600 θ
584 1546 718 1620 ζβ
807 1547 1014 1619 θεβ
1094 1548 1297 1606 εηαὶ
1366 1545 1921 1623 διαφέρουσιτῇμε-

259 1640 485 1692 ταθέσει.
563 1639 711 1691 Καθά
759 1641 859 1713 γὰρ
916 1640 945 1695 ἡ
1006 1643 1186 1709 πρώτη
1244 1642 1375 1711 πρὸς
1435 1644 1528 1697 τὴν
1580 1641 1833 1711 ὑστάτην,
1888 1641 1917 1699 ἦ

260 1730 290 1787 ἠ
328 1724 546 1801 δευτερα
590 1731 715 1801 πρὸς
740 1732 834 1786 τὴν
895 1723 1140 1798 δεκάτην,
1192 1729 1327 1780 οὕτω
1385 1725 1453 1787 δὴ
1495 1734 1583 1781 καὶ
1636 1733 1694 1781 τὸ
1740 1729 1794 1781 ἐκ
1828 1738 1923 1793 τῆς

262 1814 543 1879 ἑνδεκάτης
617 1818 801 1891 κραθὲν
858 1819 1051 1889 ἄτομον
1125 1816 1374 1869 ἀνάπαλιν
1446 1820 1538 1879 ἕως
1581 1826 1673 1870 τοῦ
1728 1819 1781 1870 ἐκ
1829 1829 1922 1881 τῆς

257 1913 466 1979 πρώτης

259 1999 453 2055 ταύτην
505 1998 533 2054 ἡ
593 2000 722 2069 πρὸς
780 2001 873 2055 τὴν
924 1997 1085 2059 αὐτῆς
1142 2002 1314 2071 τρίτη,
1367 1995 1560 2056 δεκάτη
1609 1995 1668 2051 δέ
1715 2018 1771 2071 7e
1822 2007 1920 2050 τῶν

262 2085 407 2152 ὅλων,
442 2087 471 2144 η
505 2094 578 2156 τῷ
614 2086 755 2157 αὐτῷ
810 2090 899 2137 καὶ
959 2086 1089 2144 αὐτὴ
1154 2083 1401 2157 ἰδιώματι
1458 2086 1719 2160 βαίνουσα
1774 2087 1922 2151 ἐκτὸς

263 2182 359 2235 τῆς
431 2181 523 2226 τοῦ
611 2173 717 2236 ἑνὸς
775 2175 1099 2246 μεταθέσεως
1150 2194 1183 2246 7
1238 2194 1257 2227 ε
1316 2176 1348 2235 ζ
1422 2195 1451 2233 η
1506 2178 1532 2228 θ
1584 2197 1617 2246 7
1658 2195 1678 2228 ε
1726 2179 1753 2238 ζ
1808 2195 1837 2234 η
1886 2197 1919 2247 7

267 2263 1922 2337 Cn07tC67nOI7cC']

268 2352 1924 2427 ξηγηθγθζγθεγεηαὶδιαφέ-

267 2462 420 2515 ρουσι
460 2452 521 2515 τῇ
581 2445 872 2516 μεταθέσει.
940 2445 1087 2496 Καθὰ
1154 2446 1255 2517 γὰρ
1313 2446 1343 2503 ἡ
1430 2450 1606 2519 πρώτη
1652 2447 1781 2520 πρὸς
1828 2450 1922 2503 την

266 2533 539 2590 ὑστάτην-
584 2534 613 2591 ᾖ
679 2534 707 2591 η
766 2529 985 2607 δευτέρα
1026 2536 1155 2605 πρὸς
1204 2538 1297 2591 τὴν
1365 2531 1609 2604 δεκάτην,
1670 2534 1801 2587 οὕτω
1854 2531 1920 2592 δὴ

263 2625 353 2674 καὶ
430 2624 487 2673 τὸ
573 2620 627 2674 ἐκ
707 2630 798 2683 τῆς
856 2618 1132 2683 ἑνδεκάτης
1187 2624 1374 2697 κραθεν
1430 2625 1622 2696 ἄτομον
1675 2622 1923 2677 ἀνάπαλιν

264 2712 356 2773 ἕως
416 2718 505 2763 τοῦ
560 2710 614 2763 ἐκ
664 2718 759 2773 τῆς
826 2718 1030 2781 πρώτης
1076 2733 1089 2746 ’
1140 2720 1294 2765 τοῦτο
1357 2709 1415 2765 δὲ
1463 2717 1631 2766 κοινὸν
1679 2718 1769 2766 καὶ
1824 2723 1924 2766 τῶν

262 2798 466 2856 ἕνδεκα.
521 2803 668 2854 Μετὰ
718 2798 777 2854 δὲ
831 2805 1025 2859 ταύτην
1078 2805 1173 2861 τὴν
1228 2802 1374 2865 τάξιν
1426 2803 1575 2878 ἑτέρα
1629 2804 1773 2867 τάξιν
1824 2812 1924 2855 τῶν

264 2890 549 2962 συζυγιῶν,
608 2898 747 2966 τρεῖς
802 2898 891 2945 καὶ
954 2892 1084 2950 αὐτή
1164 2896 1367 2964 ἔχουσα
1425 2894 1611 2959 τάξεις,
1673 2895 1757 2957 αἶς
1814 2893 1925 2946 ἔστι

261 2987 363 3032 τῶν
437 2998 492 3033 τε
574 2989 730 3053 τριῶν
784 2985 873 3034 καὶ
934 2989 1033 3033 τῶν
1092 2983 1361 3056 τεσσάρων
1416 2981 1686 3055 ἐναλλαγὴ,
1748 2984 1925 3056 ὕφεσις

268 3065 328 3124 δε
361 3068 415 3122 ’rl.
462 3071 553 3143 μεν
601 3078 700 3123 τῶν
750 3078 905 3145 τριῶν
958 3080 1057 3123 τῶν
1112 3068 1228 3140 δύο,
1284 3070 1338 3125 ἐκ
1395 3069 1454 3126 δε
1501 3081 1601 3125 τῶν
1657 3075 1925 3147 τεσσάρων

2026 658 2114 728 μεν
2177 655 2230 708 ἐκ
2288 664 2386 707 τών
2466 665 2620 730 τριῶν
2677 661 2925 730 ἔχουσαι,
3004 661 3255 722 ὡσαύτως
3322 666 3409 714 καὶ
3475 664 3529 715 ἰκ
3585 673 3683 717 τῶν

2026 747 2293 819 τεσσάρων
2370 748 2427 796 τὸ
2499 746 2566 811 ἓν,
2648 747 2709 807 ἃς
2790 745 2883 799 διὰ
2938 756 3036 799 τῶν
3103 752 3423 821 μεταθέσεων
3472 751 3685 815 belli/.5

2030 838 2134 897 θεὶς
2162 838 2367 908 εὑρήσω
2421 834 2467 887 ἰν
2498 843 2596 908 μιᾷ
2650 837 2843 910 ἑκάστη
2898 839 3040 901 τάξει
3093 842 3353 913 τέσσαρας
3408 845 3680 913 συζυγίας,

2028 926 2095 976 ὧν
2122 927 2151 983 ἡ
2186 931 2365 1000 πρώτη
2395 926 2542 988 τάξις
2579 930 2793 993 τούτων,
2854 925 3100 986 ἑνδεκάτη
3163 926 3222 981 δέ
3277 950 3336 1001 γε
3382 939 3481 983 τῶν
3535 932 3681 1003 ὅλων,

2030 1017 2167 1068 ἔστιν
2250 1035 2282 1066 α
2368 1035 2388 1067 ε
2468 1036 2500 1068 α
2578 1016 2611 1077 ζ
2678 1038 2710 1069 α
2784 1036 2814 1075 η
2893 1039 2925 1069 α
3002 1020 3027 1070 0
3097 1020 3153 1071 αῖ
3236 1017 3546 1094 διαφέρουσι
3618 1032 3679 1096 τῇ

2030 1107 2320 1177 μεταθέσει.
2403 1107 2549 1157 Καθά
2621 1108 2723 1180 γὰρ
2774 1108 2802 1164 ἡ
2847 1112 3027 1179 πρώτη
3086 1111 3216 1181 πρὸς
3262 1114 3355 1167 τὴν
3414 1107 3680 1179 δευτέραν,

2032 1194 2061 1252 ἡ
2122 1195 2151 1251 ἠ
2210 1198 2360 1266 τρίτη
2420 1197 2549 1269 πρὸς
2606 1199 2699 1253 την
2756 1198 3008 1263 ὑστάτην,
3064 1198 3197 1249 οὕτω
3242 1195 3309 1255 δη
3372 1204 3460 1252 καὶ
3517 1204 3575 1253 τὸ
3631 1202 3685 1254 ἐκ

2031 1289 2121 1342 τῆς
2182 1283 2416 1343 ὑστάτης
2493 1285 2677 1355 κραθὲν
2756 1286 2946 1356 οἷτομον
3026 1283 3074 1337 ἰν
3162 1283 3509 1360 ὰναποδισμῷ
3593 1290 3684 1351 ἕως

2031 1378 2123 1423 τοῦ
2204 1370 2256 1422 ἐκ
2334 1379 2425 1433 τῆς
2479 1377 2684 1444 πρώτης
2742 1371 2936 1445 ἀτόμου
2996 1377 3269 1448 κραθέντος
3328 1397 3340 1410 ·
3397 1381 3485 1429 καὶ
3531 1386 3685 1431 τοῦτο

2032 1468 2130 1512 τῶν
2188 1462 2441 1533 τεττάρων
2509 1466 2697 1516 κοινόν.
2763 1467 2905 1517 Μετά
2975 1460 3033 1516 δὲ
3090 1468 3281 1524 ταύτην
3330 1468 3358 1524 η
3410 1469 3538 1541 πρὸς
3593 1473 3685 1526 τὴν

2031 1556 2242 1624 πρώτην
2293 1551 2486 1611 ταύτης
2538 1547 2774 1625 δευτέρα,
2829 1548 3103 1610 δωδεκάτη
3167 1550 3226 1606 δέ
3282 1574 3342 1625 γε
3387 1564 3485 1607 τῶν
3536 1556 3684 1627 ὅλων,

2031 1638 2061 1694 η
2114 1646 2185 1707 τῷ
2251 1640 2392 1708 αὐτῷ
2448 1643 2537 1690 καὶ
2595 1640 2722 1698 αὐτὴ
2791 1637 3042 1713 ἰδιώματι
3098 1641 3376 1714 βαίνουσα,
3434 1642 3683 1718 ἐναηαγῇ

2030 1744 2085 1778 τε
2159 1728 2247 1776 καὶ
2316 1728 2588 1797 μεταθέσει
2662 1726 2697 1799 β
2778 1747 2798 1780 ε
2878 1727 2914 1800 β
2996 1730 3028 1789 ζ
3114 1728 3149 1801 β
3243 1750 3273 1788 η
3374 1730 3410 1803 β
3508 1734 3536 1784 θ
3634 1733 3687 1785 αἳ

2032 1811 2343 1886 διαφέρουσι
2396 1824 2457 1887 τῇ
2518 1818 2809 1888 μεταθέσει.
2873 1820 3020 1869 Καθα
3075 1821 3177 1892 γὰρ
3233 1821 3263 1878 ἡ
3319 1826 3499 1893 πρώτη
3561 1826 3687 1895 πρὸς

532 1928 545 1940 ·
591 1914 743 1960 τοῦτο
797 1904 856 1960 δὲ
911 1911 1079 1959 κοινὸν
1128 1913 1217 1960 καὶ
1263 1917 1359 1960 τῶν
1412 1905 1612 1963 ἕνδεκα.
1674 1912 1813 1962 Μετὰ
1862 1905 1922 1962 δὲ
1961 1907 2123 1977 Βτήν
2178 1900 2443 1978 δευτέραν,
2511 1905 2539 1963 ἣ
2595 1906 2623 1962 ἡ
2701 1910 2847 1979 τρίτη
2906 1910 3034 1981 πρὸς
3091 1911 3183 1965 τὴν
3238 1909 3493 1976 ὑστάτην,
3552 1913 3686 1962 οὑτω

2032 1990 2099 2051 δὴ
2141 1997 2327 2045 καὶτὸ
2378 1991 2430 2044 ἐκ
2496 2002 2587 2052 τῆν
2638 1995 2869 2057 ὑστάτης
2925 1998 3111 2068 κραθὲν
3164 1998 3356 2069 ἄτομον
3400 1997 3447 2050 ἐν
3504 1997 3691 2053 ἀναποο

2032 2079 2211 2155 δεσμῷ
2290 2083 2383 2144 ἕως
2432 2090 2523 2135 τοῦ
2574 2081 2628 2134 ἐκ
2676 2091 2766 2145 τῆς
2820 2091 3033 2158 πρώτης
3090 2084 3283 2159 ὰτόμοῦ
3336 2089 3607 2160 κραθέντος
3673 2110 3686 2124 ·

2030 2178 2120 2226 καὶ
2166 2193 2319 2227 τουτο
2366 2181 2465 2226 τῶν
2540 2177 2794 2248 τεττάρων
2842 2181 3029 2231 κοινὸν.
3085 2179 3231 2233 Μετά
3288 2175 3347 2231 δε
3411 2182 3605 2238 ταύτην
3658 2182 3687 2239 ἡ

2029 2266 2159 2337 πρὸς
2232 2267 2325 2321 τὴν
2409 2269 2614 2331 πρώτην
2688 2264 2843 2325 αὐτῆς
2919 2270 3093 2340 τρίτη,
3152 2264 3567 2341 τρισκαιδεκάτη
3633 2264 3693 2321 δε

2031 2360 2131 2405 τῶν
2182 2351 2307 2405 ὄ).ων
2376 2357 2466 2404 καὶ
2526 2352 2753 2417 ὑστάτη,
2809 2356 2839 2412 ἡ
2896 2362 2967 2424 τῷ
3020 2354 3158 2425 αὐτῷ
3215 2360 3300 2407 καὶ
3356 2356 3487 2415 αὐτη
3548 2353 3692 2410 ἰδιώ-

2031 2461 2160 2515 ματι
2230 2440 2492 2514 βαίνουσα
2561 2440 2808 2515 ἰναλλαγῇ
2896 2463 2949 2496 τε
3028 2448 3115 2496 καὶ
3184 2447 3454 2517 μεταθέσει
3510 2468 3543 2517 7
3594 2466 3615 2499 ε
3661 2468 3693 2520 7

2034 2532 2130 2604 C7
2176 2552 2205 2590 η
2261 2553 2294 2604 7
2357 2534 2383 2585 θ
2438 2532 2491 2584 αἱ
2542 2529 2854 2607 διαφέρουσι
3037 2536 3328 2607 μεταθέσει.
3391 2538 3540 2590 Καθὰ
3589 2540 3691 2612 γὰρ

2033 2625 2063 2681 ἠ
2114 2627 2292 2695 πρώτη
2378 2626 2508 2697 πρὸς
2581 2627 2675 2681 τὴν
2725 2619 2991 2696 δευτέραν,
3061 2624 3091 2682 ἣ
3138 2626 3167 2683 ἡ
3218 2629 3369 2699 τρίτη
3427 2629 3553 2699 πρὸς
3600 2631 3694 2685 τὴν

2034 2712 2290 2777 ὑστάτην,
2372 2711 2501 2764 οὕτω
2590 2709 2656 2771 δὴ
2736 2716 2825 2765 καὶ
2880 2716 2939 2765 τὸ
2996 2711 3172 2775 ἰκτῆς
3225 2715 3457 2777 ὑστάτης
3508 2718 3693 2789 κραθεν

2034 2801 2225 2874 ἄτομον
2257 2799 2305 2853 ἐν
2363 2797 2710 2873 ἁναποδισμῷ
2764 2802 2856 2863 ἕως
2908 2809 3000 2854 τοῦ
3057 2801 3113 2854 ἐκ
3165 2810 3262 2865 τῆς
3311 2809 3523 2879 πρώτης
3580 2804 3696 2858 ἀτό-

2034 2912 2134 2965 μου
2220 2891 2489 2966 κραθεντος
2569 2911 2582 2925 ο
2656 2896 2746 2944 καὶ
2830 2898 2983 2944 τοῦτο
3044 2900 3141 2945 τῶν
3194 2895 3450 2968 τεττάρων
3504 2899 3691 2952 κοινόν.

2034 2981 2269 3054 Ἔχουσι
2310 2985 2482 3033 τοίνυν
2513 2977 2601 3033 οὖν
2627 2982 2720 3043 ἕως
2767 2977 2923 3055 δεῦρο
2959 2984 3019 3034 τὸ
3053 2984 3219 3056 τερμα
3272 2987 3443 3035 πᾶσαι
3494 2986 3550 3035 αἱ
3595 2993 3694 3037 τῶν

2034 3079 2126 3126 τοῦ
2174 3070 2387 3144 λογικοῦ
2437 3070 2573 3133 ζώου
2631 3078 2797 3147 μερῶν
2858 3071 3130 3144 συζυγίαι,
3213 3070 3579 3146 ἀναφαίνονται
3635 3071 3696 3128 δε

270 3247 540 3305 secunda
567 3248 647 3305 ad
663 3248 984 3316 decimam,
1004 3251 1086 3306 ita
1114 3250 1294 3307 etiam
1318 3254 1527 3309 contra
1550 3251 1698 3308 illud
1718 3251 1926 3309 indivi-
1958 3247 1998 3303 C
2036 3248 2523 3323 transpositione,
2557 3248 2632 3307 be
2671 3248 2680 3321 |
2725 3249 2759 3306 ὁ
2781 3249 2817 3320 f
2852 3249 2861 3322 |
2904 3249 2986 3321 by
3026 3250 3035 3320 |
3102 3249 3179 3306 bh
3230 3250 3238 3320 Ι
3280 3265 3417 3323 quae
3448 3250 3695 3325 quidem

267 3335 461 3392 duum
488 3337 654 3410 quod
682 3354 755 3395 ex
776 3339 1101 3396 undecima
1130 3344 1532 3413 temperatum
1565 3346 1654 3398 est
1674 3341 1753 3399 ad
1779 3340 1926 3397 illud

268 3442 465 3500 usque
485 3428 653 3501 quod
683 3434 773 3485 est
798 3445 870 3486 ex
924 3430 1125 3503 prima
1166 3430 1517 3487 conﬂatum.
1553 3434 1671 3488 Hoc
1724 3437 1927 3488 autem

268 3532 593 3573 commune
623 3519 805 3575 etiam
825 3524 914 3576 est
956 3520 1263 3578 undecim.
1320 3522 1544 3577 Tertius
1599 3523 1927 3579 asecundo

266 3606 449 3678 hujus
469 3607 703 3676 generis
723 3608 872 3664 ordo
894 3609 1303 3682 consequitur,
1338 3610 1755 3666 universorum
1772 3611 1928 3666 deci-

267 3712 405 3753 mus
430 3697 534 3769 qui
550 3696 608 3752 in
632 3712 954 3769 progressu
966 3699 1245 3755 eamdem
1258 3700 1679 3773 proprietatem
1693 3701 1925 3768 retinet,

267 3786 1438 3859 exceptauniustranspositione:cefgh
1479 3790 1487 3861 |
1540 3790 1681 3860 cefg
1723 3791 1731 3852 Ι
1774 3789 1928 3860 cfgh

297 3875 577 3945 lce/‘hl
636 3877 759 3945 cef
810 3879 819 3945 |
871 3878 997 3948 cfg
1056 3880 1065 3947 |
1122 3878 1264 3948 egh
1324 3879 1550 3949 |chf|
1596 3878 1716 3935 che
1764 3882 1774 3949 Ι
1817 3894 1928 3949 ceg

267 3979 405 4037 quae
440 3966 905 4038 transpositione
936 3966 1245 4024 diﬂerunt.
1278 3970 1347 4024 Ut
1371 3969 1532 4023 enim
1560 3968 1758 4040 prima
1789 3984 1926 4023 con-

265 4053 496 4125 jugatio
528 4070 589 4109 se
619 4054 802 4111 habet
831 4055 907 4110 ad
940 4057 1215 4112 ultimam
1248 4062 1352 4113 aut
1378 4057 1645 4114 secunda
1665 4057 1742 4114 ad
1765 4057 1925 4113 deci-

269 4158 459 4210 mam,
492 4144 573 4200 ita
593 4144 771 4200 etiam
794 4150 1001 4201 contra
1055 4146 1201 4201 illud
1246 4146 1618 4203 individuum
1666 4147 1828 4220 quod
1856 4163 1929 4203 ex

269 4233 592 4290 undecima
614 4239 1013 4307 temperatum
1032 4242 1141 4302 est,
1167 4237 1243 4293 ad
1275 4237 1420 4293 illud
1445 4254 1637 4310 usque
1665 4238 1829 4311 quod
1857 4254 1928 4293 ex

270 4322 468 4395 prima
518 4323 849 4381 conﬂatum
894 4330 1001 4381 est.
1057 4329 1177 4382 Hoc
1218 4331 1417 4383 autem
1476 4343 1795 4383 commune
1841 4332 1929 4383 est

269 4411 450 4468 etiam
482 4412 787 4471 undecim.
830 4416 996 4470 Hunc
1033 4416 1307 4472 ordinem
1348 4417 1738 4489 consequitur
1776 4416 1929 4472 alius

269 4502 767 4573 conjugationum
793 4505 963 4572 ordo,
985 4505 1088 4578 qui
1120 4507 1299 4561 ctiam
1332 4507 1456 4579 ipse
1482 4512 1601 4561 tres
1638 4507 1929 4562 habetor-

269 4589 443 4646 dines
466 4591 526 4646 in
546 4592 769 4663 quibus
793 4592 903 4649 tria
917 4599 973 4649 et
992 4598 1253 4666 quatuor
1291 4600 1727 4667 permutantur,
1758 4611 1827 4651 ac
1854 4595 1929 4651 de

269 4681 461 4737 tribus
490 4680 737 4752 quidem
770 4682 891 4737 duo
924 4684 1381 4742 subtrahuntur.
1413 4686 1488 4740 de
1506 4690 1769 4757 quatuor
1787 4700 1929 4741 vero

271 4772 399 4826 tria.
429 4771 539 4835 Qui
572 4775 711 4826 sunt
756 4772 1037 4828 ordinum
1098 4774 1338 4830 ordines
1372 4779 1429 4830 et
1477 4775 1930 4844 conjugationes

274 4859 620 4932 habentque
642 4861 717 4915 de
755 4861 948 4917 tribus
1003 4879 1210 4930 unum,
1261 4865 1596 4937 eodemque
1645 4865 1828 4920 modo
1856 4864 1929 4919 de

273 4954 533 5022 quatuor
552 4965 831 5007 unumae
872 4953 880 5023 Ι
922 4954 1048 5022 afl
1091 4968 1174 5023 ag
1218 4954 1225 5024 |
1268 4954 1351 5010 ah
1394 4954 1401 5025 |
1451 4954 1931 5027 quietransposi-

272 5038 433 5095 tione
455 5039 758 5095 differunt.
795 5043 862 5097 Ut
890 5042 1050 5097 enim
1078 5043 1273 5115 prima
1297 5043 1642 5113 conjugatio
1672 5058 1734 5098 se
1752 5042 1933 5099 habet

272 5128 351 5186 ad
384 5129 738 5199 secundam,
759 5136 862 5186 aut
891 5133 1061 5187 tertia
1092 5131 1169 5187 ad
1200 5136 1591 5205 postremam,
1633 5132 1714 5187 ita
1752 5132 1930 5187 etiam

272 5220 572 5275 contrario
585 5219 794 5275 ordine
811 5220 1187 5277 individuum
1207 5222 1349 5277 illud
1364 5223 1525 5294 quod
1543 5238 1612 5277 ex
1628 5227 1932 5294 postrema

270 5313 673 5381 temperatum
698 5311 890 5377 est,ad
910 5310 1055 5366 illud
1082 5327 1272 5384 usque
1293 5311 1459 5385 quod
1482 5327 1551 5366 ex
1575 5312 1771 5384 prima
1794 5327 1931 5366 con-

268 5396 479 5453 ﬂatum
510 5402 618 5455 est.
652 5404 841 5470 Atque
870 5399 985 5456 hoc
1014 5400 1105 5457 his
1136 5409 1398 5473 quatuor
1454 5417 1776 5459 commune
1822 5407 1928 5459 est.

269 5486 580 5543 Secundus
610 5488 689 5544 ab
718 5490 833 5545 hoc
874 5490 1024 5545 ordo
1050 5492 1459 5564 consequitur,
1510 5491 1930 5547 universorum

267 5575 667 5633 duodecimus
695 5578 799 5651 qui
826 5578 885 5635 in
920 5595 1239 5653 progressu
1264 5582 1542 5638 eamdem
1564 5597 1809 5655 quoque
1834 5598 1929 5638 re-

267 5666 415 5723 tinet
442 5668 868 5741 proprietatem
915 5674 1037 5726 tam
1066 5670 1127 5727 in
1159 5673 1600 5744 permutatione
1631 5687 1818 5745 quam
1872 5672 1931 5729 in

2035 3339 2495 3412 conjugationes
2532 3339 3001 3411 transpositione
3058 3338 3363 3397 differunt.
3418 3342 3487 3398 Ut
3533 3341 3695 3398 enim

2035 3430 2233 3502 prima
2263 3444 2327 3484 se
2358 3427 2638 3485 habetad
2665 3428 2999 3484 secundam
3020 3431 3125 3485 aut
3148 3429 3319 3485 tertia
3349 3428 3427 3486 ad
3471 3434 3697 3502 postre-

2034 3536 2223 3589 mam,
2255 3520 2336 3575 ita
2361 3520 2539 3575 etiam
2552 3518 2905 3588 retrogrado
2933 3518 3696 3577 ordineindividuumillud

2034 3611 2199 3683 quod
2230 3626 2300 3666 ex
2330 3614 2637 3682 postrema
2663 3612 3065 3682 temperatum
3096 3613 3203 3678 est,
3228 3609 3306 3665 ad
3332 3609 3482 3667 illud
3499 3626 3695 3683 usque

2036 3699 2440 3767 individuum,
2471 3698 2636 3769 quod
2675 3702 2763 3753 est
2792 3713 2864 3753 ex
2908 3698 3104 3770 prima
3133 3697 3482 3767 conﬂatum,
3514 3703 3696 3773 atque

2034 3787 2151 3844 hoc
2178 3802 2501 3844 commune
2528 3791 2618 3843 est
2643 3786 2738 3842 his
2793 3791 3073 3859 quatuor.
3115 3787 3335 3843 Tertius
3391 3788 3608 3844 deinde
3661 3804 3698 3846 a

2035 3878 2231 3949 primo
2243 3878 2345 3947 hui
2356 3894 2425 3931 us
2438 3876 2670 3947 generis
2683 3875 2832 3931 ordo
2853 3877 3259 3948 consequitur,
3278 3876 3696 3934 universorum

2035 3965 2525 4021 decimustertius
2544 3970 2599 4021 et
2616 3964 2860 4020 ultimus
2876 3964 3055 4037 quiin
3074 3979 3397 4037 progressu
3416 3965 3696 4023 eamdem

2035 4056 2460 4127 proprietatem
2484 4056 2694 4111 retinet
2723 4059 2845 4111 tam
2871 4056 2929 4109 in
2952 4055 3390 4127 permutatione
3416 4071 3602 4127 quam
3634 4056 3695 4112 in

2036 4145 2521 4217 transpositione,
2554 4161 2629 4201 ce
2669 4145 2677 4216 |
2721 4146 2843 4215 cfl
2890 4160 2970 4215 cg
3016 4145 3023 4215 |
3069 4144 3153 4201 ch
3195 4145 3202 4215 Ι
3250 4148 3420 4210 .Quae
3448 4144 3695 4217 quidem

2037 4234 2493 4305 conjugationes
2552 4233 3018 4305 transpositione
3075 4233 3375 4290 differunt.
3428 4236 3497 4290 Ut
3534 4234 3696 4290 enim

2036 4323 2235 4396 prima
2265 4340 2327 4380 se
2349 4323 2529 4379 habet
2547 4324 2624 4379 ad
2648 4323 3001 4391 secundam,
3024 4328 3127 4379 aut
3154 4324 3324 4379 tertia
3363 4323 3441 4379 ad
3467 4327 3697 4396 postre-

2036 4428 2225 4482 mam,
2254 4414 2335 4469 ita
2356 4414 2536 4469 etiam
2568 4413 2865 4468 contrario
2896 4412 3105 4468 ordine
3135 4412 3515 4468 individuum
3550 4412 3698 4469 illud

2036 4504 2199 4576 quod
2228 4520 2297 4559 ex
2322 4508 2628 4575 postrema
2650 4507 3046 4575 temperatum
3074 4504 3239 4559 estin
3261 4504 3597 4559 reversione
3619 4506 3696 4575 (vt)

2039 4610 2104 4650 se
2129 4592 2313 4649 habet
2334 4592 2411 4649 ad
2432 4592 2580 4648 illud
2602 4608 2796 4664 usque
2817 4592 3197 4647 individuum
3222 4593 3383 4665 quod
3409 4608 3481 4648 ex
3503 4595 3700 4665 prima

2037 4686 2437 4754 temperatum
2495 4687 2603 4737 est.
2656 4685 2849 4754 Atque
2902 4682 3015 4737 hoc
3068 4686 3326 4754 quatuor
3375 4698 3699 4740 commune

2038 4777 2143 4827 est.
2176 4774 2470 4827 Hactenus
2504 4772 2961 4842 conjugationes
2993 4771 3252 4843 partium
3292 4772 3571 4828 animalis
3609 4788 3699 4828 ra-

2039 4863 2198 4919 tione
2219 4862 2451 4935 prasditi
2472 4861 2654 4917 ﬁnem
2678 4867 2733 4917 et
2757 4862 3077 4917 terminum
3110 4861 3353 4917 habent.
3379 4861 3493 4917 Sed
3516 4877 3700 4919 emer-

2040 4957 2189 5021 gunt
2210 4957 2426 5024 praeter
2458 4951 2917 5023 conjugationes
2950 4951 3283 5021 nonaginta
3301 4950 3453 5007 duas
3485 4955 3541 5007 et
3563 4951 3702 5008 sim-

2038 5041 2257 5115 plicem
2285 5046 2515 5112 septem
2544 5041 2674 5095 alite
2705 5041 3158 5112 conjngationes
3200 5056 3336 5113 quae
3365 5040 3613 5113 quidem
3640 5057 3701 5096 in

2041 5131 2263 5186 unitate
2286 5130 2411 5187 sola
2434 5131 2832 5186 intensionem
2861 5131 3103 5185 habent.
3147 5129 3373 5185 Idcirco
3417 5130 3531 5185 has
3563 5146 3702 5186 cum

2043 5220 2175 5276 aliis
2206 5237 2328 5276 non
2351 5221 2825 5287 numeravimus,
2859 5220 3149 5293 quoniam
3172 5220 3320 5275 ordo
3345 5221 3403 5275 in
3432 5219 3556 5275 istis
3579 5224 3705 5277 erat

2042 5310 2271 5367 ordinis
2301 5310 2692 5383 perturbatio.
2718 5312 2865 5365 Sunt
2886 5314 3085 5365 autem
3108 5310 3202 5365 hae
3230 5327 3242 5365 :
3268 5327 3323 5379 α,
3350 5326 3488 5365 cum
3510 5310 3703 5365 inten-

2044 5400 2209 5457 sione
2245 5417 2258 5467 ;
2294 5401 2345 5467 ὁ,
2376 5417 2515 5456 cum
2546 5400 2879 5456 intensionc
2914 5417 2926 5465 ;
2971 5416 3020 5467 c,
3057 5416 3193 5455 cum
3246 5400 3579 5455 intensiune
3613 5416 3702 5469 ;e,

2043 5506 2181 5547 cum
2217 5492 2549 5547 intensionc
2585 5492 2664 5561 ;f,
2690 5507 2826 5546 cum
2850 5491 3181 5546 intensioue
3208 5509 3220 5558 ;
3247 5508 3306 5561 g,
3342 5507 3479 5546 cum
3511 5490 3704 5546 inten-

2044 5582 2210 5638 sione
2247 5597 2260 5647 ;
2294 5582 2351 5651 h,
2386 5597 2525 5637 cum
2565 5581 2921 5637 intensionc.
2982 5584 3130 5637 Cum
3178 5585 3381 5636 autem
3411 5581 3547 5637 dico
3570 5596 3703 5639 cum

2043 5673 2395 5738 intensione,
2425 5670 2560 5727 dico
2600 5670 2780 5726 etiam
2839 5686 2971 5725 cum
3028 5671 3390 5726 remissione.
3450 5672 3705 5744 Utraque

341 5792 416 5867 (4)
448 5791 727 5851 Reditum
748 5808 786 5853 a
805 5797 1115 5869 postrema
1140 5795 1220 5856 ad
1240 5797 1502 5871 primam
1518 5798 1783 5873 appellat
1809 5799 2183 5871 revisionem,
2200 5795 2450 5871 perinde
2471 5812 2543 5855 ac
2575 5795 2624 5854 si
2652 5812 2688 5855 a
2717 5799 2879 5856 meta
2900 5795 2979 5855 ad
3009 5810 3279 5854 carceres
3304 5797 3705 5856 revertereris.
