4444 6452
717 446 852 505 1307

2255 439 2590 507 ADDENDA

3993 463 4130 519 i308

712 580 812 623 τῶν
862 573 1287 632 ἑννινηκονταδύο
1368 582 1458 629 καὶ
1510 585 1606 638 τῆς
1680 574 1847 636 ἁπλῆς
1903 572 2043 633 ἐκτὸς
2102 573 2364 645 συζυγισῦν
2394 574 2442 622 Α
2477 575 2664 639 τάξεις,
2700 573 2796 626 ἀνὰ
2841 583 2972 650 τρεῖς
3022 579 3248 648 ἔχουσαι
3306 579 3461 630 αὐταὶ
3499 583 3798 652 συζυγίας·
3833 583 3887 635 αἱ
3937 581 3997 637 δε
4044 582 4133 636 αὖ·

714 660 843 713 ἑπτὰ
896 663 1083 736 ἕτεραι,
1157 667 1348 727 αἵτινες
1416 669 1608 737 ἔχουσι
1670 663 1717 716 ἐν
1766 660 1958 735 μονάδι
2016 666 2143 734 μόνη
2192 662 2367 714 ἐπίτα-

715 768 817 804 σιν.
872 754 966 803 Διὰ
1042 761 1195 806 τοῦτο
1262 751 1386 807 οὐδέ
1432 761 1546 816 ταῖς
1594 753 1773 812 ἄλλαις
1823 754 2011 810 ταύτας
2067 749 2366 822 ἀπηριθμή-

714 842 1004 909 σαμεν,ὅτι
1041 842 1189 904 τάξις
1249 840 1310 900 ἦν
1361 842 1411 894 έν
1481 845 1700 903 ταύταις
1751 843 1779 898 ἡ
1822 840 2011 902 ἀταξία
2076 861 2088 872 ·
2147 840 2251 891 εἰσὶ
2310 836 2369 892 δε

710 929 866 982 αὗται
896 932 926 988 ἡ
958 932 1075 983 κατ’
1128 932 1368 985 ἐπίτασιν
1421 954 1473 1001 α,
1531 932 1644 984 κατ’
1702 930 1938 984 ἐπίτασιν
1991 928 2047 1000 β,
2095 931 2209 981 κατ’
2259 929 2369 982 ἐπί-

708 1034 860 1068 τασιν
883 1039 939 1090 γ,
980 1022 1094 1072 κατ’
1127 1020 1366 1074 ἐπίτασιν
1420 1042 1460 1087 ε,
1518 1022 1635 1072 κατ’
1687 1020 1924 1073 ἐπίτασιν
1983 1019 2035 1085 ζ,
2093 1017 2206 1069 κατ’
2257 1017 2368 1070 ἐπί-

711 1125 864 1158 τασιν
914 1127 967 1175 η,
1027 1110 1139 1161 κατ’
1195 1109 1430 1163 ἐπίτασιν
1479 1113 1526 1164 θ.
1587 1108 1747 1160 Ὀταν
1801 1104 1861 1160 δε
1911 1107 2038 1178 λε’γω
2090 1105 2205 1157 κατ’
2254 1105 2370 1158 ἐπὶ-

709 1211 884 1265 τασιν,
925 1196 1056 1268 λέγω
1102 1203 1192 1250 καὶ
1247 1203 1307 1251 τὸ
1359 1201 1472 1251 κατ’
1523 1200 1696 1251 ἄνεσιν
1759 1218 1771 1230 ·
1836 1203 1931 1248 τὼν
1983 1199 2112 1269 πρὸς
2179 1215 2229 1247 τι
2267 1196 2368 1268 γάρ

711 1284 815 1336 εἰσι
889 1289 954 1337 τὰ
1031 1287 1315 1364 ἀμφότερα,
1394 1289 1548 1341 ἅτινα
1622 1295 1734 1347 ταῖς
1792 1291 1996 1360 κυρίαις
2055 1287 2372 1356 συναπαριθ-

710 1378 941 1446 μούμενα
1024 1378 1251 1448 τάξεσιν,
1334 1375 1659 1431 ἐκατοντάδα
1747 1376 1956 1428 τελοῦσι
2031 1378 2206 1436 πάσας
2285 1375 2373 1433 τὰς

712 1464 991 1535 συζυγίας.
1055 1466 1207 1518 Ἀλλὰ
1271 1474 1359 1518 νῦν
1426 1467 1484 1518 οὐ
1546 1471 1655 1538 χρη
1726 1465 1889 1536 λέγειν
1945 1471 2167 1515 τοιαῦτα
2214 1464 2368 1532 ἠμῆς,

711 1554 886 1626 ἑτέραν
951 1554 1148 1627 βαίνειν
1197 1557 1618 1629 ὀρεγνιωμένους,
1689 1563 1859 1625 σιωπῇ
1914 1550 1972 1606 δὲ
2026 1553 2213 1625 μᾶλλον
2260 1553 2374 1604 ἐαυ-

709 1646 831 1704 τοὺς
861 1639 1074 1696 διδόναι
1113 1649 1202 1697 καὶ
1243 1641 1342 1716 δεῖ,
1397 1649 1486 1696 καὶ
1536 1639 1744 1697 δίκαιον
1797 1640 2155 1716 διακρίναντες
2208 1643 2374 1712 πράτ-

708 1745 860 1802 τομεν
886 1739 1060 1799 τοῦτο,
1093 1735 1258 1786 ὅτιτὸ
1295 1733 1342 1785 ἐν
1395 1736 1556 1806 ταύτῃ
1607 1741 1670 1804 τῇ
1729 1741 1824 1792 τῆς
1871 1739 2102 1802 φυσικῆς
2156 1729 2375 1786 ἐπιστή-

710 1833 812 1892 μης
897 1820 1053 1892 ἰσχύι
1126 1821 1542 1894 συμϐαλλόμενον
1606 1817 1824 1873 τοσόνδε
1875 1825 1964 1870 καὶ
2020 1815 2223 1870 τοιόνδε
2271 1817 2378 1869 fiti—

710 1909 885 1981 ξαμεν,
965 1908 1059 1961 κᾶν
1138 1917 1255 1972 ταῖς
1337 1911 1620 1980 συζυγίαις
1693 1918 1765 1979 τῷ
1837 1910 1966 1979 ἕκτῳ
2021 1907 2153 1978 λόγῳ
2203 1908 2374 1958 αὐτῶν

2479 666 2558 723 θις
2612 663 2682 724 εἰς
2744 663 2948 726 πλείους
3007 666 3341 739 μεριζόμεναι
3427 667 3756 726 ἐννενήκοντα
3825 676 3954 744 πρὸς
4016 681 4134 735 ταῖς

2478 748 2606 803 δυσὶ
2627 757 2795 803 πᾶσαι
2818 757 3067 822 γίνονται,
3103 753 3248 816 ἐκτὸς
3296 764 3391 816 τῆς
3445 757 3613 819 ἁπλῆς
3669 765 3757 810 καὶ
3811 769 3907 822 τῆς
3953 762 4133 836 ἀντιρ-

2475 841 2637 914 ρόπου
2691 840 2846 912 αὐτῇ.
2913 845 3144 916 Διαφορὰ
3188 852 3312 913 ¹γοῦν
3364 849 3554 906 ταυτας
3613 844 3786 915 διττὴ,
3851 849 3968 902 κατ’
4024 850 4135 902 ἐπί-

2475 945 2628 980 τασιν
2657 934 2745 980 καὶ
2797 931 2970 982 ἄνεσιν
3030 928 3261 1001 δηλαδὴ,
3338 939 3428 985 καὶ
3479 936 3509 991 ἠ
3562 939 3651 1006 μὲν
3703 945 3803 987 τῶν
3861 938 3988 990 ἐπτά
4034 960 4136 991 πα-

2480 1021 2716 1087 σχόντων
2765 1023 2857 1074 τὴν
2887 1037 2940 1070 τε
2987 1017 3224 1071 ἐπίτασιν
3281 1026 3371 1073 καὶ
3409 1023 3582 1074 ἄνεσιν
3655 1032 3717 1097 τῇ
3774 1029 4046 1097 μεταθέσει
4079 1047 4136 1079 τε

2477 1109 2564 1157 καὶ
2640 1106 2886 1176 ἐναλλαγῇ
2984 1108 3285 1177 ἐπισυνέϐη,
3367 1108 3454 1162 διὸ
3527 1118 3614 1164 καὶ
3664 1113 3862 1177 πλῆθος
3919 1115 4138 1173 ἐποίησε

2477 1199 2567 1246 καὶ
2613 1201 2766 1246 τοῦτο
2820 1202 3224 1269 πεπερασμένον.
3283 1199 3641 1258 Ἐννενήκοντα
3686 1206 3787 1275 γὰρ
3839 1209 3970 1277 πρὸς
4016 1213 4138 1267 ταῖς

2481 1279 2607 1334 δυσὶ
2630 1289 2800 1334 πᾶσαι
2829 1287 2882 1334 αἱ
2915 1284 3161 1356 συξυγίαι
3209 1292 3299 1338 καὶ
3360 1290 3389 1345 ἡ
3460 1289 3618 1360 ἁπλῆ,
3672 1293 3703 1348 ὴ
3761 1288 3820 1344 δὲ
3872 1294 3930 1344 οὐ
3984 1314 4140 1346 πεπε-

2479 1376 2710 1444 ρασμένη
2781 1376 2870 1443 μὲν
2926 1376 3036 1424 ἔστι
3098 1375 3210 1425 κατ’
3272 1374 3513 1448 ἀριθμὸν,
3565 1377 3704 1439 ἐντὸς
3758 1386 3848 1432 καὶ
3896 1384 3997 1456 γὰρ
4039 1392 4138 1445 τῆς

2480 1465 2892 1532 πεπερασμένης,
2971 1460 3081 1512 ἀλλ’
3158 1465 3371 1535 ἄπειρος
3431 1466 3658 1536 μάλιστα
3745 1489 3757 1500 ·
3809 1474 4138 1541 πεπέρασται

2484 1544 2543 1599 δὲ
2592 1551 2671 1599 ὅτι
2718 1547 2852 1609 ἐντὸς
2908 1557 3002 1611 τῆς
3065 1556 3457 1625 πεπερασμένης
3524 1557 3638 1625 ἔχει
3702 1561 3796 1614 τὴν
3871 1556 4134 1630 ἀπειρίαν.

2481 1635 2542 1687 ⁸0
2596 1640 2697 1709 γὰρ
2775 1636 2829 1687 ἐκ
2878 1646 2978 1688 τῶν
3022 1638 3450 1697 ἐννενηκονταδύο
3495 1650 3854 1719 Χριστοφόρος
3900 1653 4150 1718 χρηστὸς

2485 1726 2599 1795 ἔχει
2656 1728 2746 1796 μεν
2801 1727 2956 1783 ἧττον
3016 1733 3104 1780 καὶ
3156 1728 3346 1800 μᾶλλον
3405 1727 3534 1782 εἶναι
3584 1738 3841 1805 χρηστὸς,
3898 1736 4025 1807 οὐχὶ
4088 1733 4184 1789 δε

2487 1809 2799 1883 Εὐφημίδης
2841 1810 2968 1865 εἶναι
3032 1811 3219 1882 δεινὸς,
3280 1819 3359 1869 ὃτι
3417 1824 3507 1871 καὶ
3559 1821 3583 1869 ὁ
3640 1820 3947 1894 Εὐφημίδης
3993 1826 4152 1881 ἧττον

2487 1904 2578 1951 καὶ
2637 1900 2824 1971 μᾶλλον
2871 1906 2983 1973 ἔχει
3033 1901 3161 1955 εἶναι
3207 1902 3395 1973 δεινός,
3440 1913 3715 1977 γενήσεται
3763 1907 3823 1963 δὲ
3881 1914 4060 1964 οὔποτ’
4091 1914 4156 1966 ἂν

2984 1108 3285 1177 ἐπισυνέϐη,

707 2003 828 2070 περὶ
879 2007 979 2050 τῶν
1033 1997 1352 2072 ἀντιρρόπων
1408 2006 1514 2059 τοῖς
1575 2003 1802 2071 πρώτοις
1885 2004 2042 2048 τοῦτο
2105 2017 2164 2067 γε
2227 2000 2380 2049 εἴπω-
2412 1985 2450 2036 Β
2493 1995 2853 2074 ξριστοφὸρος
2881 1998 3123 2063 χρηστός
3165 2015 3176 2026 ·
3211 2000 3300 2046 καὶ
3341 2002 3494 2048 τοῦτο
3532 2004 3665 2050 πᾶσι
3711 2005 3900 2055 κοινόν.
3952 2001 4006 2054 Ἠ

710 2099 824 2159 μεν,
887 2085 1074 2140 ἐκεῖθεν
1140 2090 1236 2149 τὰς
1308 2087 1544 2162 ἀφορμὰς
1628 2087 1699 2148 εἰς
1780 2085 2064 2157 τούμφανὲς
2147 2085 2375 2148 ἀξαντες,

711 2181 818 2227 Νῦν
850 2171 909 2228 δί
938 2179 1070 2249 πρὸς
1113 2180 1199 2227 τὸν
1253 2179 1446 2228 σκοπὸν
1492 2180 1748 2249 τρέχομεν
1797 2174 1941 2236 λέξαι
1997 2176 2226 2227 καθόσον
2282 2172 2377 2227 δύ-

709 2283 864 2335 ναμις
887 2268 976 2315 καὶ
1012 2270 1339 2337 προαίρεσις.

783 2351 854 2425 β’.
912 2355 1139 2426 Εᾶρήσει
1187 2350 1237 2406 δ’
1284 2352 1455 2415 οὐδεὶς
1515 2357 1615 2406 ὑπὸ
1672 2357 1869 2414 ταύτας
1914 2354 1942 2411 ἢ
2000 2340 2126 2428 ὕπερ
2185 2355 2377 2415 ταύτας

710 2440 931 2513 ἀριθμὸν
959 2444 1127 2517 ἕτερον
1160 2441 1208 2494 ἐν
1249 2443 1432 2504 αὐταῖς
1467 2464 1479 2476 ·
1525 2445 1580 2495 αἱ
1636 2446 1737 2516 γὰρ
1792 2444 2094 2514 μεταθέσεις
2151 2446 2239 2493 καὶ
2275 2450 2376 2493 τῶν

710 2533 989 2599 στοιχείων
1059 2529 1332 2602 ἐναλλαγαὶ
1413 2536 1529 2584 οὔτε
1607 2539 1699 2584 τοῦ
1785 2531 1978 2583 τελείου
2053 2529 2372 2605 προέϐησαν,

706 2619 824 2668 οὔτε
880 2622 985 2690 μὴν
1065 2620 1374 2691 κατελειψαν
1421 2626 1516 2678 τὴν
1570 2620 1905 2692 ἐντελέχειαν,
1968 2618 2074 2670 ἀλλ’
2135 2622 2202 2681 ὡς
2252 2622 2374 2692 ὡρί-

708 2706 913 2763 σθησαν
992 2708 1081 2769 ἕως
1150 2705 1329 2781 δεῦρο,
1390 2712 1478 2762 τὸν
1567 2713 1760 2762 σκοπὸν
1818 2707 2092 2780 ἐντελεχῶς
2156 2707 2375 2764 ἕτελείω-

708 2811 825 2844 σαν-
860 2793 1016 2848 ’Ἐστι
1049 2793 1109 2849 δὲ
1147 2798 1328 2858 αὑταῖς
1375 2798 1523 2850 κοινὰ
1575 2799 1664 2870 μὲν
1703 2801 1768 2850 τὰ
1991 2794 2120 2849 τάδε
2177 2817 2210 2849 α
2268 2796 2303 2868 β
2341 2817 2375 2868 ογ

703 2887 795 2935 καὶ
885 2887 952 2936 τὰ
1023 2905 1046 2937 ε
1113 2887 1147 2948 ζ
1218 2907 1248 2944 η
1339 2889 1367 2939 θ
1425 2887 1479 2950 ἐξ
1522 2888 1589 2938 ὧν
1631 2888 1747 2939 καθ’
1807 2889 2009 2958 ὑφέσεις
2063 2891 2154 2938 καὶ
2199 2887 2371 2938 ἐπιτά-

716 2991 824 3035 σεις
889 2976 945 3026 αἱ
994 2971 1206 3028 δώδεκα
1266 2977 1521 3048 συζυγίαι
1557 2981 1810 3048 γίνονται,
1861 2976 2005 3035 ἐκτὸς
2056 2984 2154 3036 τῆς
2208 2973 2375 3035 ἁπλῆς

702 3066 791 3114 καὶ
854 3071 945 3124 τῆς
1018 3063 1327 3139 ἁντιρῥόπου
1394 3065 1550 3137 αὐτῇ,
1605 3065 1678 3127 εἰς
1732 3069 1996 3139 τέσσαρας
2041 3065 2374 3138 μεριζόμεναι

703 3240 864 3295 enim
893 3255 1014 3296 vox
1029 3240 1384 3296 relationem
1404 3240 1719 3312 signiﬁcat.
1744 3243 1886 3306 Qua:
1909 3241 1957 3296 si
1972 3245 2361 3297 numerentur

701 3344 843 3384 cum
872 3328 984 3384 illis
1008 3330 1250 3402 proprie
1279 3330 1451 3386 dictis
1479 3329 1792 3385 ordinibus
1835 3335 2071 3384 centum
2113 3330 2360 3386 omnino

702 3418 1158 3489 conjugationes
1202 3420 1591 3477 constituunt.
1662 3419 1774 3475 Sed
1827 3419 1902 3474 de
1944 3418 2165 3475 talibus
2215 3417 2361 3474 nihil

698 3519 863 3562 nunc
894 3507 1069 3563 nobis
1096 3512 1183 3563 est
1212 3508 1559 3574 dicendum,
1599 3524 1738 3564 cum
1769 3507 1887 3563 alia
1929 3508 2027 3563 via
2085 3507 2359 3563 incedere

700 3595 1043 3664 cupiamus.
1069 3599 1286 3668 Estque
1317 3597 1504 3653 satius
1535 3598 1595 3652 in
1628 3596 1943 3669 prmsentia
1971 3597 2204 3651 silentio
2232 3597 2360 3651 haec

698 3684 1022 3756 praeterire.
1052 3687 1120 3740 Et
1134 3686 1301 3756 justa
1333 3701 1477 3742 sane
1509 3686 1583 3741 de
1601 3701 1786 3741 causa
1799 3685 1990 3742 facere
2007 3685 2181 3741 nobis
2200 3684 2360 3740 vide-

699 3789 851 3845 mur,
886 3774 1053 3846 quod
1075 3780 1162 3831 tot
1186 3780 1243 3831 et
1278 3775 1420 3832 talia
1469 3775 1856 3845 selegerimus
1909 3792 2043 3847 quae
2076 3776 2136 3831 in
2192 3779 2363 3830 tanta

698 3861 990 3918 naturalis
1005 3863 1270 3919 scientiae
1301 3863 1363 3919 vi
1393 3869 1451 3920 et
1477 3864 1653 3937 copia
1671 3867 1820 3919 inter
1840 3880 1900 3919 se
1927 3865 2359 3920 conferrentur.

697 3955 780 4006 Ac
805 3953 1324 4024 comparationem
1345 3953 1597 4026 quidem
1618 3953 1782 4008 illam
1813 3969 1949 4024 quae
1980 3955 2041 4008 in
2073 3954 2362 4024 conjuga-

698 4040 960 4096 tionibus
990 4042 1495 4114 temperationum
1533 4042 1901 4098 naturalium
1935 4043 2117 4098 habet
2136 4041 2357 4113 locum,

700 4133 866 4185 sexto
922 4146 1195 4187 sermone
1233 4146 1688 4204 persequemur,
1729 4146 1890 4186 nunc
1942 4147 2084 4186 vero
2120 4147 2192 4186 ex
2249 4130 2363 4185 illis

698 4235 832 4292 quae
856 4219 1121 4275 diximus
1158 4221 1493 4276 occasionis
1535 4220 1962 4275 commoditate
2016 4225 2255 4292 captata
2306 4223 2364 4274 et

698 4309 876 4380 quasi
905 4310 966 4364 in
994 4309 1192 4365 lucem
1231 4310 1447 4365 educta
1477 4309 1550 4363 de
1576 4308 1687 4364 illis
1708 4325 1845 4380 qua;
1865 4309 2071 4380 primis
2136 4309 2248 4364 illis
2274 4325 2360 4364 re-

701 4398 1023 4469 spondent,
1051 4398 1168 4454 hoc
1193 4398 1346 4454 libro
1373 4399 1569 4453 dicere
1597 4401 2090 4469 pergamus.Jam
2114 4415 2253 4453 vero
2282 4397 2360 4453 ab

700 4502 946 4559 scopum
958 4486 1902 4559 revertimur,utquemadmodum
1928 4487 2360 4556 constituimus,

697 4591 808 4649 pro
845 4577 1070 4632 viribus
1119 4577 1339 4632 nostris
1385 4577 1543 4632 hanc
1583 4577 2053 4648 disputationem
2085 4577 2363 4633 absolva-

697 4682 856 4721 mus.

769 4758 826 4809 2.
862 4757 1064 4827 Neque
1088 4770 1228 4810 vero
1254 4755 1512 4825 reperire
1537 4755 1752 4826 poterit
1793 4753 2008 4826 aliquis
2041 4770 2223 4827 supra
2260 4759 2362 4809 aut

696 4843 857 4901 infra
877 4844 1012 4900 illas
1052 4860 1205 4915 quas
1227 4843 2008 4916 enumeravimus,aliqnem
2040 4843 2224 4899 alium
2250 4860 2359 4899 nu-

697 4948 938 4988 merum
981 4933 1042 4988 in
1081 4933 1248 5005 ipsis.
1292 4934 1440 4987 Nam
1481 4931 1978 5002 transpositiones
2017 4937 2074 4986 et
2127 4948 2363 5003 permu-

698 5023 953 5094 tationes
982 5022 1440 5088 elementorum,
1473 5037 1668 5092 neque
1720 5027 1888 5076 extra
1938 5021 2362 5092 perfectionem

697 5128 954 5184 egressa:
975 5119 1337 5184 sunt.neque
1354 5127 1560 5166 rursus
1581 5127 1614 5165 a
1635 5111 1993 5182 perfectione
2020 5111 2360 5180 abfuerunt,

699 5204 806 5259 sed
836 5207 902 5259 ut
931 5202 1192 5258 deﬁnitm
1225 5201 1463 5257 fuerunt
1486 5200 2233 5272 hactenus,perfectionem
2265 5200 2366 5256 ab-

695 5293 1185 5364 solutionemque
1217 5291 1450 5362 adeptae
1475 5296 1634 5346 sunt.
1658 5289 2367 5361 Suntautemipsiscom-

695 5383 907 5440 munia
935 5383 1186 5455 quidem
1224 5389 1451 5454 septem
1486 5396 1521 5436 α
1545 5381 1577 5435 ὁ
1607 5396 1636 5436 c
1658 5385 1714 5435 et
1739 5379 1929 5449 efgh,
1946 5396 2016 5434 ex
2036 5379 2260 5451 quibus
2279 5395 2366 5434 se-

695 5473 964 5529 cundum
995 5472 1384 5528 remissiones
1407 5477 1460 5525 et
1482 5470 1847 5525 intensiones
1875 5469 2199 5525 duodecim
2223 5485 2365 5523 con-

692 5563 1036 5635 jugationes
1062 5562 1376 5630 exsistunt,
1409 5565 1656 5631 excepta
1679 5559 1931 5631 simplici
1957 5565 2013 5614 et
2033 5558 2131 5614 illa
2148 5575 2286 5630 qua:
2316 5557 2367 5613 ei

693 5653 1160 5726 respondet,inq
1174 5658 1389 5708 uatuor
1402 5650 1642 5706 ordines
1657 5649 2222 5722 distribuuntur;qui
2237 5649 2366 5722 qui-

693 5744 832 5807 dem
856 5743 1097 5821 ordines
1138 5749 1254 5798 tres
1285 5740 1517 5797 circiter
1546 5755 1800 5818 numero
1821 5738 2048 5796 habent
2077 5740 2366 5812 conjuga-

2491 2073 2579 2128 οὖν
2609 2083 2706 2148 μία
2734 2076 2960 2153 διαφορὰ
3011 2080 3126 2132 κατ’
3178 2081 3473 2144 ἐπιστάσεις
3532 2104 3584 2137 τε
3630 2091 3718 2138 καὶ
3763 2086 3961 2149 ἀνέσεις
4014 2090 4154 2158 ἐστὶ,

2491 2169 2655 2240 μέχρι
2682 2176 2780 2218 τῶν
2809 2167 3135 2227 ἐννενήκοντα
3178 2175 3303 2245 πρὸς
3359 2181 3476 2234 ταῖς
3508 2170 3636 2226 δυσὶ
3680 2182 3769 2228 καὶ
3814 2185 3909 2239 τῆς
3959 2180 4153 2246 ἁπλῆς,

2490 2260 2579 2307 καὶ
2645 2262 2928 2331 περαιτέρω
2983 2258 3145 2330 βῆναι
3217 2262 3309 2312 οὐκ
3371 2259 3430 2320 ἦν
3487 2285 3499 2295 ·

2491 2344 2605 2396 ἐστι
2678 2352 2767 2397 καὶ
2837 2347 3181 2420 ἀναρίθμητος
3233 2373 3243 2383 ·

3559 2267 3588 2322 ἠ
3643 2262 3693 2317 δ’
3739 2266 3888 2341 ἑτέρα
3944 2270 4156 2343 ἄπειρός

3301 2356 3493 2422 πέφυκε
3548 2357 3648 2426 γὰρ
3691 2353 3770 2406 ἐπ’
3823 2359 4033 2426 ἄπειρον
4086 2357 4153 2412 εἷ-

2489 2454 2570 2485 ναι
2623 2435 2739 2486 καθ’
2820 2438 3024 2508 ὑφέσεις
3073 2445 3158 2491 καὶ
3210 2439 3474 2503 ἐπιτάσεις
3535 2445 3750 2515 θυμικὸν
3799 2450 3886 2498 τὸν
3926 2446 4150 2520 βαρύτι-

2487 2543 2583 2594 μον
2663 2527 2716 2586 ὃς
2775 2529 2886 2598 ἔχει
2937 2532 3052 2579 τινὰ
3111 2530 3368 2600 συζυγίαν
3414 2529 3713 2591 ἐπιτηδείαν
3769 2544 3933 2588 ποιεῖν
3990 2538 4150 2589 αὐτὸν

2492 2615 2730 2685 θυμικὸν,
2787 2621 2876 2668 καὶ
2925 2619 3005 2668 ὅτι
3051 2622 3141 2690 μεν
3195 2616 3281 2670 οὖν
3334 2624 3421 2672 τόν
3469 2624 3684 2694 θυμικόν
3732 2627 3951 2696 θυμικὸν
4015 2625 4148 2680 εἶναι

2488 2703 2679 2774 μᾶλλον
2723 2710 2813 2757 καὶ
2866 2708 3018 2764 ἧττον
3063 2708 3340 2780 ἀναγκαῖόν
3395 2709 3556 2776 ἐστιν,
3615 2712 3727 2764 ἀλλ’
3777 2715 3837 2766 οὐ
3904 2719 3963 2768 τὸ
4016 2718 4148 2770 αὐτὸ

2487 2796 2578 2843 καὶ
2626 2792 2675 2844 ἐν
2718 2795 2908 2867 ἄτομον
2956 2816 3036 2856 τις
3092 2797 3349 2871 ὑπολάϐῃ,
3411 2799 3516 2851 ἀλλ’
3566 2803 3664 2853 ὅσα
3729 2802 3789 2854 ἂν
3839 2813 3931 2865 τῆς
3987 2806 4150 2867 αὐτῆς

2487 2888 2560 2950 τῷ
2645 2882 2784 2954 αὐτῷ
2856 2886 3115 2956 συζυγίας
3195 2889 3508 2961 ὑπάρχοντα
3557 2894 3587 2948 ἤ
3647 2895 3898 2954 ὡσαύτως
3951 2896 4146 2967 ἄτομα.

2488 2967 2729 3044 ’Ἃπειρος
2779 2974 2883 3045 ἄρα
2930 2975 3048 3026 καθ’
3096 2976 3300 3047 ὑφέσεις
3352 2982 3442 3029 καὶ
3513 2977 3780 3042 ἐπιτάσεις
3857 2984 4078 3054 θυμικὸς
4120 2986 4150 3036 ὁ

2489 3056 2803 3134 βαρύτιμος,
2844 3067 2932 3114 καὶ
2982 3061 3203 3126 ἀνιάδης
3250 3064 3624 3138 ἐπιθυμητικὸς
3678 3070 3755 3121 ἐπ’
3812 3072 4024 3144 ἄπειρον
4078 3070 4145 3125 εἷο

2471 3237 2663 3292 tiones
2695 3253 2831 3309 qute
2873 3255 3078 3294 rursus
3108 3243 3167 3295 in
3196 3241 3396 3313 plures
3425 3243 3759 3300 distributae
3807 3250 4148 3317 nonaginta

2423 3334 2438 3348 ‘
2475 3341 2611 3381 cum
2647 3326 2886 3381 duabus
2913 3344 3127 3384 omnes
3163 3332 3476 3400 exsistunt,
3514 3340 3764 3405 excepta
3804 3335 4061 3408 simplici
4089 3344 4148 3395 et

2468 3415 2568 3470 illa
2595 3431 2730 3487 quae
2762 3418 2812 3470 ei
2839 3419 3185 3489 respondet.
3220 3421 3444 3492 Duplex
3472 3421 3654 3491 igitur
3677 3424 3739 3479 in
3769 3425 3862 3479 his
3897 3433 3987 3481 est
4028 3427 4148 3482 dif-

2469 3504 2738 3561 ferentia.
2773 3507 2899 3561 Una
2926 3513 3014 3562 est
3045 3514 3273 3580 septem
3297 3509 3534 3565 illorum
3555 3511 3779 3583 quibus
3805 3515 4020 3570 accidit
4051 3518 4145 3574 in-

2467 3586 2660 3647 tensio
2682 3601 2738 3649 et
2765 3597 3038 3651 remissio
3061 3603 3307 3669 propter
3340 3601 3870 3670 transpositionem
3904 3613 3963 3659 et
4007 3621 4140 3676 per-

2467 3683 2861 3738 mutationem
2893 3703 2905 3751 ;
2929 3685 3154 3741 idcirco
3179 3687 3625 3744 multitudinem
3647 3689 3840 3746 effecit
3870 3709 4133 3766 eamque

2469 3768 2699 3825 ﬁnitam
2732 3779 2787 3826 et
2811 3774 3214 3830 terminatam.
3248 3778 3396 3831 Nam
3429 3792 3642 3832 omnes
3675 3780 4140 3850 conjugationes

2471 3865 2612 3913 sunt
2636 3861 2967 3930 nonaginta
2988 3863 3144 3934 duae,
3189 3870 3404 3935 praeter
3437 3867 3791 3937 simplicem.
3827 3869 4016 3926 Altera
4043 3888 4142 3928 ve-

2469 3963 2536 4003 ro
2557 3948 2896 4006 differentia
2920 3952 3366 4009 multitudinem
3418 3971 3673 4011 numero
3726 3973 3849 4013 non
3901 3958 4140 4017 ﬁnitam

2471 4037 2685 4105 effecit,
2719 4055 2856 4110 qum
2908 4046 3109 4096 tamen
3137 4043 3293 4098 intra
3325 4042 3555 4098 finitam
3603 4046 3891 4111 consistit,
3923 4064 4144 4120 quam-

2475 4127 2560 4207 _vis
2594 4129 2949 4184 sit-maxime
2973 4131 3228 4188 infinita.
3257 4134 3356 4186 Est
3386 4137 3585 4188 autem
3621 4132 3813 4197 ﬁnita,
3846 4138 4146 4207 quoniam

2470 4205 2656 4287 ipsius
2687 4216 2953 4273 inﬁnitas
2989 4219 3143 4274 intra
3185 4219 3417 4276 ﬁnitam
3459 4205 3906 4279 multitudinem
3951 4227 4150 4282 consi-

2474 4305 2587 4359 stit.
2607 4308 2774 4375 Nam,
2797 4308 3052 4379 exempli
3067 4309 3278 4377 gratia,
3296 4326 3368 4364 ex
3383 4311 3715 4381 nonaginta
3728 4312 3970 4368 duabus
3991 4331 4149 4371 con-

2465 4393 2883 4463 jugationinus
2906 4404 3278 4468 proponatur
3304 4397 3548 4470 aliquod
3598 4399 3979 4457 individuum
4023 4404 4146 4459 sin-

2473 4481 2663 4551 gulari
2680 4486 3104 4554 temperatione
3120 4485 3659 4560 praeditumzsitque
3674 4490 4147 4562 Christophorus

2473 4571 2697 4643 probus
2729 4589 2740 4625 :
2764 4579 2955 4643 potest
2977 4590 3119 4629 sane
3147 4591 3280 4630 esse
3305 4577 3506 4631 minus
3530 4582 3632 4632 aut
3658 4582 3853 4647 magis
3877 4581 4142 4650 probUs;

2397 4643 2440 4697 D
2471 4677 2662 4716 annon
2679 4663 2847 4717 etiam
2863 4664 3252 4734 huphamides
3270 4670 3482 4720 acutus
3497 4668 3732 4739 estquia
3745 4643 3830 4723 est
3844 4643 4029 4738 magis
4046 4643 4149 4727 aut

2470 4751 2672 4804 minus
2701 4757 2910 4806 acutus
2936 4758 2992 4807 et
3013 4768 3202 4812 sagax
3225 4754 3253 4808 ?
3283 4757 3762 4826 Nunquam‘vero
3778 4756 3905 4813 ﬁeri
3925 4760 4148 4829 poterit

2471 4844 2536 4893 ut
2555 4840 2957 4910 Euphemides
2978 4848 3188 4898 acutus
3213 4844 3770 4916 sit,Cl1ristopborus
3787 4846 4146 4918 probus.At-

2471 4943 2589 4998 que
2615 4927 2730 4983 hoc
2759 4931 3043 4985 omnibus
3061 4948 3383 4988 commune
3397 4939 3501 4988 est.
3520 4933 4148 5005 Unaigiturdifferen-

2475 5018 2554 5072 tia
2574 5025 2664 5074 est
2689 5021 3022 5075 secundum
3042 5021 3410 5079 intensiones
3425 5025 3875 5081 etremissiones
3893 5026 3969 5082 ad
3988 5027 4151 5082 duas

2475 5117 2531 5168 et
2549 5115 2880 5178 nonaginta
2897 5127 3087 5182 usque
3101 5112 3558 5182 conjugationes
3575 5119 3783 5185 praeter
3798 5115 4153 5187 simplicem,

2477 5215 2674 5271 neque
2703 5199 2946 5254 ulterius
2983 5202 3260 5272 progredi
3299 5201 3482 5257 licuit.
3525 5203 3722 5259 Altera
3759 5220 3898 5259 vero
3938 5213 4024 5260 est
4069 5206 4159 5261 in-

2477 5287 2647 5343 ﬁnita
2671 5294 2726 5343 et
2757 5287 3236 5344 innumerabilis.
3272 5292 3469 5347 Potest
3492 5293 3653 5347 enim
3688 5293 3814 5348 ﬁeri
3864 5299 3927 5348 ut
3952 5310 4156 5350 saevus

2477 5377 2814 5433 secundum
2844 5379 3230 5434 remissiones
3279 5385 3337 5435 et
3379 5381 3746 5436 intensiones
3786 5382 4018 5439 inﬁnite
4079 5385 4156 5440 sit

2478 5467 2825 5532 iracundus,
2858 5485 3072 5540 nempe
3104 5468 3195 5524 ille
3237 5470 3338 5541 qui
3382 5472 3649 5527 consistit
3695 5472 3752 5526 in
3774 5472 3977 5544 aliqua
4007 5489 4127 5529 con

2474 5558 2782 5629 jugatione
2798 5558 2874 5612 ab
2890 5557 3645 5616 efﬁciendumiracundum
3661 5563 4112 5620 accommodata
4125 5608 4137 5619 .

2479 5647 2630 5713 Quia
2653 5663 2790 5702 vero
2813 5647 3078 5702 diximus
3105 5648 3165 5703 in
3208 5648 3321 5703 illis
3376 5650 3738 5706 iracundum
3797 5654 4150 5710 necessario

2482 5738 2673 5808 magis
2699 5744 2752 5794 et
2783 5739 2985 5794 minus
3008 5738 3366 5796 iracundum
3396 5756 3735 5809 esse,nemo
3751 5747 3928 5814 putet
3949 5759 4148 5802 unum
