4444 6452
272 420 406 474 1309

1225 415 1581 471 THEODORI
1614 414 1658 467 II
1688 413 1826 473 IMP.
1860 418 1949 472 DE
1976 417 2430 474 COMMUNIONE
2465 416 2838 477 NATURAIJ.

3540 420 3680 475 1310

294 562 377 593 ναι
398 547 588 611 πέφυκε
627 539 813 609 μᾶλλον
870 543 956 590 καὶ
1022 539 1193 605 ἦττον,
1252 541 1309 591 οὗ
1358 546 1459 610 μην
1511 537 1568 591 δε
1621 545 1675 591 τὸ
1726 542 1883 592 αὐτου
1941 545 1987 594 Α
2048 563 2110 593 να
2136 547 2360 612 πάντως,
2395 544 2487 595 οὐκ
2518 546 2647 597 ἀλλα
2678 546 2785 597 ἀλλ’
2817 548 2897 597 ὅτι
2920 545 3067 598 ἑπτά.
3094 550 3157 596 Τί
3204 541 3261 596 δε
3318 548 3374 595 τὸ
3558 549 3654 613 μιᾷ

296 633 484 701 οἰτομον
515 626 743 699 ὑπολάϐῃ
774 647 871 691 τις,
905 627 1029 679 ἀλλὰ
1084 630 1147 678 τὰ
1204 630 1256 679 ἐκ
1325 637 1417 687 τῆς
1480 629 1633 680 αὐτὸν
1690 631 1887 703 κρκσά-

297 739 394 779 σης
423 722 679 787 συζυγίας
715 719 968 791 κραθέντα
997 719 1185 787 ἄτομα.
1223 717 1543 787 Ὠνομασται
1578 716 1636 771 δε
1694 724 1757 770 τὰ
1799 728 1888 779 τῆς

295 808 452 867 αὐτῆς
483 808 743 875 συζυγίας
778 814 868 857 τοῦ
894 803 1131 868 ἀνιάδου,
1164 811 1253 857 καὶ
1298 814 1387 865 τῆς
1437 806 1590 867 αὐτῆς
1633 809 1892 878 συζυγίας

292 902 381 947 τοῦ
441 892 739 965 βαρυτίμου
794 894 965 962 ἄτομα
1018 902 1191 953 ενικώς
1244 893 1312 954 εἰς
1359 896 1425 945 τὰ
1472 903 1571 945 τῶν
1642 895 1891 967 ἑκατέρων

296 984 546 1055 ὀνόματα,
581 984 660 1034 ὄτι
702 991 882 1044 κοινῶς
946 981 1150 1041 ἐκείνοις
1200 983 1514 1043 κατάλληλος
1572 986 1596 1035 6
1655 993 1751 1047 τῆς
1810 986 1892 1037 οὗ·

299 1078 417 1132 σίας
470 1072 633 1123 αὐτῶν
688 1071 851 1123 ἑστιιν
908 1072 1045 1143 ὄρος,
1100 1080 1198 1122 τῶν
1243 1072 1491 1146 ἐκατερων
1536 1082 1607 1143 τῷ
1652 1073 1889 1147 ἐκατέρῳ·

296 1169 392 1223 πᾶς
416 1166 517 1235 γὰρ
551 1163 771 1232 θυμικὸς
802 1162 1024 1232 θυμικοῡ
1049 1162 1163 1234 ὅρον
1196 1158 1420 1226 δεξεται,
1488 1168 1577 1214 καὶ
1636 1170 1733 1223 πᾶς
1787 1163 1895 1215 ἐπι-

298 1253 581 1323 θυμητικὸς
621 1248 1023 1321 ἐπιθυμητικοῦ,
1068 1248 1191 1301 ἐπὰν
1244 1270 1302 1301 το
1356 1252 1574 1322 θυμικὸς
1627 1252 1657 1309 ἦ
1712 1252 1890 1305 ἐπιθυ-

296 1342 515 1411 μητικὸς
560 1340 753 1389 τούτων
801 1340 1022 1400 ἕκαστος
1077 1338 1310 1408 λέγηται.
1372 1340 1593 1402 Εἱκοτως
1649 1338 1735 1392 οὖν
1790 1344 1893 1415 οῖρα

298 1428 477 1489 ἑνικῶς
525 1434 632 1488 τοῖς
688 1426 943 1499 ἑκατέροις
998 1428 1063 1478 τὰ
1131 1426 1293 1478 πολλά
1380 1426 1655 1499 ἑλέχησαν.
1742 1428 1893 1481 ’Ἐστι

295 1524 420 1587 ’γοῦν
460 1516 563 1589 ἄρα
582 1522 654 1583 τῷ
698 1516 901 1585 θυμικῶ
943 1513 1221 1587 βαρυτίμῳ
1276 1520 1365 1566 καὶ
1423 1525 1494 1585 τῷ
1537 1520 1896 1591 ἐπιθυμητικῷ

298 1601 512 1675 ἀνιάδη,
567 1605 695 1655 καθὸ
749 1605 951 1674 θυμικῷ
1020 1609 1107 1655 καὶ
1188 1604 1571 1676 ἐπιθυμητικῷ,
1658 1605 1898 1672 ἐπίτασις

297 1690 605 1766 ἀδιόριστός
642 1711 697 1744 τε
748 1696 837 1743 καὶ
896 1693 1091 1759 ἄνεσις,
1145 1695 1222 1743 ὅτι
1279 1696 1332 1744 αὶ
1389 1696 1658 1767 κράσασαι
1707 1697 1897 1759 αὐτοὺς

298 1782 569 1852 συζυγίαι,
628 1782 757 1832 καθὸ
810 1783 1100 1851 πεφύκασιν
1159 1783 1289 1832 έῖναι
1358 1784 1471 1833 καθ’
1541 1784 1741 1854 ὀφέσεις
1807 1792 1896 1838 καὶ

293 1869 575 1930 ἐπιτάσεις,
612 1872 669 1921 τὸ
703 1864 1007 1942 ἀδιὸριστον
1034 1872 1271 1939 ἔχουσιν,
1314 1871 1429 1921 οὔτε
1483 1867 1541 1922 δὲ
1594 1873 1618 1921 6
1672 1870 1895 1945 βαρύτι-

293 1979 389 2031 μος
417 1954 638 2019 ἀνιάδης
663 1962 957 2028 γενήσεται,
1002 1960 1118 2009 οὔτε
1160 1954 1219 2009 δε
1266 1960 1292 2009 ὁ
1342 1956 1565 2020 ἀνιάὸης
1610 1958 1896 2033 βαρύτιμος

290 2053 517 2101 πώποτε.
552 2050 638 2099 Διὸ
666 2044 858 2105 ἀνέσεις
888 2051 977 2097 καὶ
1016 2046 1278 2107 ἐπιτάσεις
1331 2049 1384 2098 αἱ
1430 2048 1597 2099 αὐτῶν
1644 2046 1895 2119 δέχονται

294 2137 555 2206 συζαγίας
604 2136 761 2187 ὁτιαί
794 2137 1065 2208 κράσασαι
1114 2136 1298 2196 αὐτοὺς
1362 2138 1613 2209 συζυγίαι
1663 2137 1894 2211 ἀλλαγῆ-

290 2246 375 2277 ναι
408 2226 465 2276 οὐ
506 2230 713 2296 πέφυκε.

362 2314 427 2385 γ’.
458 2313 617 2371 Δῆλον
646 2310 703 2365 δὲ
724 2320 839 2374 ταῖς
877 2316 1073 2373 πάσαις
1102 2314 1288 2366 οἰκεῖον
1320 2312 1449 2367 εἶναι
1497 2316 1643 2386 αὐτὸ,
1698 2317 1755 2369 ἐκ
1809 2328 1898 2381 τῆς

292 2412 391 2454 τῶν
416 2400 511 2455 δύο
538 2406 734 2454 τούτων
779 2402 893 2453 λίαν
942 2402 1183 2465 ἐτάσεως·
1236 2404 1294 2455 οὐ
1348 2408 1448 2477 γὰρ
1509 2409 1585 2457 ἔτι
1636 2414 1751 2469 ταῖς
1800 2412 1894 2461 πά-

297 2513 415 2554 σαις
464 2496 522 2544 τὸ
576 2494 711 2543 κατά
758 2494 928 2543 πάντα
983 2496 1173 2563 κοινὸν,
1236 2492 1343 2546 ἐπεὶ
1400 2502 1707 2548 κοινωνοῡσί
1770 2519 1890 2569 που,

296 2578 687 2634 διαστέλλονται
719 2577 779 2633 δέ
809 2601 868 2651 γε
914 2586 1005 2632 καί
1061 2602 1183 2651 που,
1240 2579 1419 2641 ἐπειδὴ
1474 2583 1603 2637 ἑπτα
1650 2592 1739 2658 μέν
1791 2588 1894 2640 εἱσι

294 2673 360 2723 τὰ
407 2672 677 2746 κράσαντα
725 2672 812 2727 τὴν
862 2669 1047 2739 ἁπλῆν,
1077 2674 1144 2724 τὰ
1190 2669 1249 2726 δι
1310 2676 1559 2735 τοσαύτας
1604 2674 1890 2751 ἐργασάμε-

2048 639 2275 689 ποιῆσαν
2340 632 2635 696 ἀλλοιώσεις
2689 635 2899 699 πολλὰς,
2960 636 3161 693 πάντως
3233 632 3480 702 ἑναλλαγη
3563 619 3656 681 καἱ

2054 716 2146 771 διὰ
2202 730 2354 772 τουτο
2410 721 2767 793 ἐναλλαγῆναι,
2835 724 2893 775 οὗ
2943 726 3230 793 πεφύκασιν
3310 718 3482 788 αὗται,
3574 722 3653 770 ὅτι

2054 808 2193 869 ἅπαξ
2246 808 2516 881 ἐντελεχῶς
2560 811 2957 882 μετηλλάγησαν
3023 827 3035 875 ;
3093 810 3151 860 Ὀ
3192 811 3294 883 ἄρα
3363 807 3652 881 βαρύτιμος

2058 899 2272 970 θυμικὸς
2301 905 2389 952 καὶ
2418 903 2442 952 6
2492 899 2713 962 ἀνιὰὸης
2760 900 3152 972 ἐπιθυμητικὸς,
3206 898 3254 950 ἐν
3306 905 3409 957 τοῖς
3462 900 3531 957 ὡς
3562 896 3653 947 αὖ·

2055 994 2159 1047 τοῖς
2212 990 2430 1060 ὁμοίοις,
2486 989 2749 1050 ἐπιτάσεις
2805 986 3055 1059 δέχονται
3112 993 3200 1039 καὶ
3254 986 3465 1050 ἀνέσεις,
3517 986 3654 1037 καθά

2055 1081 2295 1134 ποιότητι
2327 1077 2694 1149 ἑπιθυμητίκοί
2724 1098 2777 1130 τε
2807 1082 2896 1129 καὶ
2947 1080 3175 1149 θυμικοί.
3232 1079 3377 1128 Κατά
3423 1078 3510 1125 τὸν
3566 1074 3655 1125 αὖ·

2055 1169 2142 1216 τὸν
2173 1162 2231 1217 δὲ
2270 1166 2418 1236 λόγον
2466 1172 2554 1218 καὶ
2607 1170 2661 1219 αἱ
2715 1166 2902 1227 αὐτοὺς
2965 1165 3313 1237 συμπήξασαι
3378 1163 3651 1231 συζυγίαι,

2058 1255 2301 1327 ἀπείρους
2352 1254 2399 1306 ἐν
2456 1255 2690 1307 ἐπιτάσει
2738 1274 2791 1307 τε
2846 1258 2935 1305 καὶ⁹
2992 1253 3180 1316 ἀνέσει,
3234 1254 3486 1325 θυμικοὺς
3564 1260 3653 1307 καὶ

2058 1343 2466 1414 ἐπιθυμητικοὺς
2506 1348 2843 1406 ποιήσουσιν,
2872 1340 3207 1401 ἐναλλάξουσι
3235 1336 3294 1391 δὲ
3338 1339 3517 1390 οὔποτ’
3569 1342 3649 1391 ἄν.

2060 1438 2158 1484 Καὶ
2200 1430 2285 1482 ἀπ’
2320 1430 2495 1504 ἀρχῆς
2514 1440 2639 1500 γοῦν
2665 1433 2801 1481 κατὰ
2833 1434 2916 1480 τὸν
2948 1429 3101 1480 αὐτὸν
3132 1428 3283 1498 λόγον
3332 1430 3385 1478 τί
3440 1448 3493 1479 τε
3561 1448 3647 1480 συ-

2059 1521 2241 1589 ζυγίαι
2270 1524 2359 1570 καὶ
2387 1524 2451 1570 τά
2482 1519 2534 1580 ἐξ
2586 1519 2754 1571 αὐτῶν
2794 1520 2962 1589 οἶτομα
3018 1521 3108 1577 ἔως
3162 1516 3334 1576 τέλους
3392 1514 3653 1579 ἐπιτάσεις

2060 1606 2300 1670 δέξονααι
2331 1614 2419 1658 καὶ
2442 1607 2658 1672 ἀνέσεις,
2718 1606 2849 1664 πλήν
2906 1603 2964 1657 δὲ
3014 1625 3071 1676 γε
3119 1614 3218 1657 τὼν
3276 1606 3474 1657 οἰκείων
3523 1606 3653 1677 ὅρων

2058 1696 2218 1765 ἐντὸς,
2275 1702 2486 1767 πότερον
2547 1697 2751 1769 ἄπειροι
2802 1697 3032 1766 θυμικοί,
3079 1694 3210 1750 πλὴν
3278 1695 3490 1765 θυμικοὶ
3565 1698 3653 1745 καὶ

2058 1788 2263 1859 ἄπειροι
2312 1786 2696 1856 ἐπιθυμητικοὶ,
2745 1784 2876 1841 πλὴν
2927 1780 3293 1839 ἐπιθυδητικοὶ
3352 1787 3441 1833 καὶ
3511 1783 3654 1833 ἄπει-

2057 1894 2138 1947 ροι
2169 1880 2427 1946 φρόνιμοι,
2470 1873 2599 1930 πλὴν
2654 1878 2911 1945 φρόνιμοι,
2981 1873 3061 1923 ὅτι
3117 1870 3251 1930 ἐντὸς
3298 1879 3397 1921 τῶν
3454 1870 3653 1921 οἰκείων

2058 1966 2185 2036 ὅρων
2240 1966 2424 2023 πάντες
2493 1966 2704 2034 θυμικοὶ
2748 1962 2837 2013 καί
2894 1960 3260 2032 ἐπιθυμητικοὶ
3316 1964 3405 2010 καὶ
3478 1966 3652 2032 φρόνι-

2057 2058 2147 2125 μοί
2174 2052 2323 2107 εἰσιν.
2359 2053 2524 2105 Αὗται
2558 2060 2682 2122 γοῦν
2709 2053 2757 2103 οἱ
2786 2048 2882 2103 δύο
2910 2046 3180 2120 διαφοραὶ,
3233 2051 3262 2106 ἡ
3328 2067 3382 2099 τε
3438 2050 3531 2107 τὰς
3582 2046 3655 2098 ἕν-

2058 2147 2331 2199 νενηκοντα
2383 2145 2471 2193 καὶ
2530 2137 2626 2192 δύο
2692 2144 2988 2196 ποιήσασαι
3065 2138 3323 2208 συζυγίας
3395 2141 3485 2188 καὶ
3561 2141 3655 2194 τὴν

2057 2231 2243 2291 ἁπλῆν,
2301 2235 2389 2282 καὶ
2435 2232 2463 2287 ἡ
2525 2232 2613 2289 τὰς
2673 2231 2918 2302 ἀπείρους
2970 2227 3165 2288 ἀνέσεις
3228 2230 3311 2277 καὶ
3392 2224 3657 2286 ἐπιτάσεις

2058 2324 2263 2391 ἔχουσα
2310 2324 2400 2370 καὶ
2438 2322 2629 2380 ταύτας
2668 2327 2767 2369 τὼν
2824 2318 3089 2387 συζυγιῶν
3142 2314 3302 2375 ἐντὸς.
3361 2316 3453 2366 Διά
3505 2322 3656 2366 τοῦτο

2056 2410 2149 2461 οὐκ
2183 2411 2244 2461 οἶν
2284 2428 2357 2469 τις
2412 2407 2676 2479 ἐπιστήμη
2730 2412 2960 2477 γενναῖος
3009 2403 3395 2475 παραλέογισθῇ
3445 2400 3537 2455 διὰ
3564 2423 3658 2461 την

2056 2501 2315 2569 ἐπίτασιν,
2354 2498 2487 2551 ὥστε
2511 2501 2623 2570 ἔχει
2652 2502 2740 2549 τὸν
2792 2495 2839 2547 ἐν
2889 2498 3065 2567 ὑφέσει
3120 2497 3336 2567 θυμικὸν
3382 2513 3511 2564 προς
3567 2497 3655 2545 τὸν

2058 2588 2105 2640 ἓν
2135 2588 2368 2641 ἐπιτάσει
2398 2587 2568 2654 ἄλλον,
2602 2586 2704 2638 ἀλλ’
2742 2586 2891 2638 α”λλον
2947 2592 3105 2659 κρίνει
3156 2604 3238 2636 τον
3290 2586 3507 2655 θυμικὸν
3565 2590 3657 2635 τοῦ

2055 2678 2455 2752 ἐπιθυμητικοῦ,
2487 2682 2577 2729 καὶ
2606 2675 2917 2747 τοῦμπαλιν,
2950 2674 3089 2728 Αὐτὸ
3119 2670 3179 2727 δὲ
3203 2680 3357 2725 τουτο
3421 2677 3511 2725 καὶ
3557 2675 3656 2725 πά-

262 2904 590 2978 indemque
612 2906 991 2963 individuum
1018 2924 1149 2964 esse
1167 2910 1362 2978 magis
1375 2914 1431 2965 et
1462 2911 1661 2966 minus
1687 2913 1919 2967 iracun-
1957 2912 1997 2966 C
2031 2917 2260 2984 septem
2281 2916 2589 2981 sunt,qua
2611 2911 2945 2980 temperant
2962 2905 3292 2977 simplicem
3311 2904 3681 2976 conjugatio-

264 2995 432 3061 dum,
466 2995 571 3051 sed
597 3011 973 3069 quacunqae
993 2997 1067 3052 ad
1090 2998 1368 3053 eamdem
1401 3015 1537 3054 cum
1557 3000 1690 3072 ipso
1716 3001 1911 3071 conju-

264 3086 565 3155 gationem
594 3085 949 3154 referuntur,
983 3093 1088 3142 aut
1108 3087 1322 3143 eodem
1366 3090 1548 3144 modo
1581 3097 1718 3145 sunt
1764 3090 1917 3145 indi-

261 3174 468 3230 vidua.
493 3176 687 3240 Quare
729 3191 927 3230 savus
957 3176 1059 3248 qui
1098 3176 1432 3232 secundum
1456 3179 1840 3234 remissiones
1863 3185 1920 3235 et

261 3263 629 3319 intensiones
658 3268 746 3319 est
784 3264 1130 3331 iracundus,
1160 3264 1426 3321 inﬁnitus
1452 3273 1541 3323 est
1567 3287 1579 3335 ;
1615 3273 1670 3323 et
1709 3268 1920 3324 sollici-

262 3359 358 3409 tus
387 3352 535 3408 solet
562 3368 691 3407 esse
722 3354 979 3425 cupidus
1036 3353 1264 3410 inﬁnite
1329 3357 1525 3425 magis
1589 3362 1646 3413 et
1694 3358 1917 3413 minus.

262 3444 449 3499 Nemo
487 3457 629 3497 vero
659 3442 775 3498 hoc
801 3443 876 3497 de
914 3459 1031 3498 uno
1053 3443 1390 3515 eodemque
1434 3445 1746 3502 individuo
1792 3446 1917 3502 dlc-

262 3536 390 3586 tum
424 3536 606 3603 putet,
643 3531 749 3586 sed
771 3530 845 3586 de
871 3532 1154 3588 omnibus
1180 3533 1676 3606 individuis,qua
1706 3537 1919 3591 eadem

262 3621 394 3691 conj
407 3620 687 3690 ugatione
700 3637 822 3692 qua
835 3620 976 3676 illud
990 3623 1394 3693 comprehend
1405 3630 1604 3679 untur.
1621 3626 1798 3680 Porro
1813 3642 1919 3680 no-

262 3709 424 3765 mine
452 3709 775 3779 singularis
804 3711 1037 3765 numeri
1062 3712 1268 3766 omnia
1298 3712 1397 3767 illa
1437 3713 1750 3768 individua
1809 3730 1918 3785 ap-

262 3799 585 3872 pellantur,
602 3802 726 3855 tam
739 3816 876 3872 qua
893 3800 1106 3856 eadem
1122 3817 1245 3873 qua
1257 3802 1564 3867 sollicitus,
1581 3819 1769 3874 quam
1782 3820 1919 3876 qua

263 3887 478 3944 eadem
510 3903 633 3960 qua
654 3904 853 3943 savus
882 3889 1304 3960 conjugatione
1335 3891 1732 3957 continentur,
1772 3907 1919 3964 quo-

260 3977 429 4032 niam
467 3977 613 4049 ipsis
643 3977 795 4032 inter
826 3993 887 4032 se
907 3978 1219 4049 utriusque
1251 3980 1695 4050 conjugationis
1720 3996 1919 4036 essen-

264 4064 357 4120 tia
388 4064 577 4121 ﬁnitio
608 4064 951 4120 communis
980 4071 1088 4121 est.
1136 4066 1342 4123 Omnis
1391 4068 1549 4122 enim
1591 4068 1921 4124 iracundus

263 4152 537 4209 iracundi
575 4153 988 4209 deﬁnitionem
1021 4155 1323 4228 suscipiet,
1351 4161 1408 4212 et
1433 4156 1631 4211 omnis
1662 4158 1922 4229 cupidus

2031 3018 2203 3058 nem:
2233 3004 2316 3056 tot
2343 3004 2543 3055 autem
2570 3003 2709 3054 sunt
2730 2997 2980 3053 omnino
3004 3011 3140 3068 qua
3165 2998 3354 3061 agunt
3382 2998 3438 3049 et
3461 2998 3681 3066 tempe-

2030 3095 2183 3157 rant,
2216 3104 2339 3145 non
2370 3088 2486 3144 alia
2514 3102 2701 3159 quam
2734 3090 2981 3157 septem.
3008 3084 3163 3149 Quid
3188 3087 3391 3139 autem
3422 3082 3571 3138 illud
3596 3086 3684 3139 est

2031 3178 2193 3251 quod
2209 3194 2314 3251 per
2326 3193 2502 3232 unam
2515 3176 2647 3246 conj
2658 3175 2996 3245 ugationem
3012 3172 3225 3227 multas
3238 3172 3684 3227 immutationes

2032 3268 2225 3325 effecit
2250 3269 2278 3323 ‘?
2298 3267 2589 3323 Nimirum
2601 3269 2690 3321 est
2704 3265 2836 3336 ipsa
2854 3261 3242 3335 permutatio:
3276 3261 3499 3317 idcirco
3532 3266 3677 3331 ipsa

2033 3356 2489 3428 conjugationes
2502 3352 3078 3425 ampliusimmutari
3092 3367 3214 3407 non
3242 3356 3516 3423 possunt,
3540 3350 3683 3423 quia

2029 3446 2301 3502 videlicet
2326 3444 2512 3500 semel
2528 3443 2785 3516 perfecte
2806 3442 3137 3497 immutata
3161 3446 3317 3496 sunt.
3344 3442 3537 3506 Quare
3580 3456 3685 3496 sa.

2029 3552 2141 3590 vus
2171 3536 2274 3608 qui
2306 3540 2393 3589 est
2413 3534 2738 3589 iracundus
2767 3537 2822 3587 et
2852 3531 3134 3587 sollicitus
3163 3530 3269 3602 qui
3301 3536 3389 3586 est
3426 3529 3683 3602 cupidus

2030 3625 2091 3681 in
2131 3624 2426 3680 similibus
2447 3622 2835 3678 consimiliter
2864 3620 3190 3693 suscipient
3212 3620 3578 3675 intensiones
3628 3625 3685 3675 et

2031 3712 2434 3777 remissiones,
2466 3715 2764 3783 quatenus
2809 3708 3094 3782 qualitate
3114 3709 3241 3763 hac
3266 3713 3405 3763 sunt
3422 3708 3682 3779 praditi,

2030 3807 2093 3858 ut
2115 3803 2229 3857 sint
2255 3800 2526 3857 iracundi
2566 3804 2621 3855 et
2641 3799 2863 3871 cupidi.
2899 3798 3115 3854 Eadem
3130 3799 3358 3853 ratione
3387 3798 3682 3868 conjuga-

2030 3892 2222 3947 tiones
2253 3907 2325 3946 ex
2354 3890 2577 3963 quibus
2606 3888 2918 3961 temperati
2959 3893 3098 3944 sunt
3134 3888 3274 3959 ipsi,
3317 3886 3582 3942 inﬁnitos
3632 3892 3687 3942 et

2030 3980 2352 4036 iracundos
2373 3985 2431 4035 et
2450 3979 2703 4050 cupidos
2731 3977 3006 4044 efﬁcient,
3032 3975 3367 4032 secundum
3402 3975 3686 4031 intensio-

2029 4086 2171 4126 nem
2200 4074 2257 4125 et
2276 4069 3040 4138 remissionem.Nunquam
3067 4071 3266 4121 autem
3291 4065 3520 4120 accidet
3544 4064 3687 4137 ipsis

2032 4158 2311 4229 migratio
2346 4175 2417 4213 ex
2449 4157 2873 4228 conjugatione
2887 4156 3079 4211 unain
3101 4155 3305 4210 aliam.
3324 4154 3546 4209 Eadem
3576 4154 3685 4225 igi-

264 4243 1007 4317 cupidi,quandoquidem
1032 4245 1250 4301 horum
1281 4246 1500 4316 singuli
1540 4247 1814 4303 iracundi
1868 4253 1925 4303 et
1954 4266 1997 4319 Ι)
2033 4254 2126 4304 tur
2154 4248 2383 4304 ratione
2413 4263 2551 4302 cum
2587 4246 3044 4317 conjugationes
3072 4250 3200 4301 tum
3250 4243 3562 4299 individua
3614 4260 3687 4299 ex

262 4333 467 4405 cupidi
498 4332 796 4389 dicuntur.
830 4335 1023 4399 Quare
1048 4336 1258 4390 merito
1289 4337 1597 4407 utriusque
1624 4336 1921 4406 conjuga-

262 4422 439 4478 tionis
456 4421 975 4478 multaindividua
988 4440 1163 4478 suum
1185 4439 1407 4479 nomen
1428 4422 1730 4493 singulare
1763 4424 1921 4479 obti-

260 4516 423 4567 nent.
459 4514 559 4567 Est
588 4512 765 4581 igitur
788 4512 1105 4581 iracundo,
1140 4530 1303 4569 savo
1327 4520 1382 4569 et
1408 4515 1630 4586 cupido
1650 4513 1919 4579 sollicito,

260 4606 561 4674 quatenus
583 4601 675 4657 ille
706 4601 1055 4667 iracundus,
1083 4602 1179 4657 hic
1208 4602 1492 4657 sollicitus
1514 4608 1621 4669 est,
1654 4601 1923 4658 indeﬁni-

266 4694 327 4746 ta
344 4690 601 4747 intensio
614 4696 671 4747 et
687 4692 989 4757 remissio,
1011 4692 1156 4763 quia
1168 4691 1577 4763 copulationes
1597 4708 1734 4764 qua
1756 4692 1923 4763 ipsos

260 4784 624 4850 temperant,
640 4786 939 4853 quatenus
952 4781 1521 4852 possuntsuscipere
1534 4780 1922 4836 remissiones

263 4872 323 4925 et
345 4868 737 4935 intensiones,
770 4869 1095 4925 indeﬁnita
1123 4874 1337 4925 suntet
1364 4869 1780 4925 interminata.
1814 4873 1920 4925 Ne-

263 4974 382 5031 que
407 4974 552 5014 vero
582 4974 779 5013 savus
805 4958 1108 5028 sollicitus,
1140 4964 1243 5015 aut
1272 4959 1558 5014 sollicitus
1586 4975 1784 5014 savus
1814 4975 1922 5014 un-

262 5064 449 5121 quam
476 5064 605 5104 esse
626 5050 860 5120 poterit.
885 5049 1112 5105 Idcirco
1140 5050 1523 5105 remissiones
1550 5053 1607 5104 et
1636 5049 1919 5104 intensio-

261 5154 368 5194 nes
382 5138 788 5211 suscipiuntur
804 5138 882 5194 ab
908 5139 1177 5210 ipsorum
1193 5154 1303 5195 con
1306 5138 1745 5210 jugationibus,
1773 5156 1919 5211 quo-

258 5229 426 5284 niam
456 5228 915 5300 conjugationes
953 5244 1027 5284 ex
1052 5230 1275 5301 quibus
1316 5235 1725 5301 temperantur
1750 5228 1919 5285 nullo

259 5316 444 5373 modo
470 5317 798 5390 permutari
839 5323 1113 5390 possunt.

332 5411 385 5463 3.
414 5409 510 5462 Est
540 5411 741 5461 autem
766 5408 1149 5479 perspicuum
1182 5407 1296 5463 hoc
1318 5408 1593 5462 omnium
1622 5423 1754 5463 esse
1783 5423 1917 5478 pro-

259 5495 449 5569 prium
466 5495 975 5567 conjugationum,
994 5513 1067 5551 ex
1089 5502 1371 5552 accurata
1384 5496 1634 5551 duorum
1666 5497 1915 5552 istorum

262 5586 673 5652 vestigatione.
706 5590 905 5659 Neque
935 5587 1095 5642 enim
1137 5588 1288 5642 inter
1308 5603 1519 5642 omnes
1562 5603 1667 5659 per
1714 5588 1922 5645 omnia

264 5681 354 5731 est
368 5676 771 5730 communitas
786 5692 798 5730 :
815 5676 1312 5749 quandoquidem
1332 5677 1540 5748 partim
1555 5677 1922 5733 communio-

264 5779 407 5823 nem
433 5763 678 5837 habent,
707 5765 917 5838 partim
937 5766 1108 5823 etiam
1127 5765 1462 5833 discrimen,
1475 5765 1723 5839 quando
1740 5768 1921 5824 etiam

2033 4337 2144 4393 illis
2156 4336 2415 4393 conﬂata
2429 4337 2505 4392 ad
2519 4337 2702 4391 ﬁnem
2717 4351 2906 4408 usque
2918 4334 3285 4390 intensiones
3298 4337 3356 4389 et
3383 4333 3685 4389 remissio-

2033 4442 2139 4482 nes
2171 4426 2519 4499 suscipient,
2570 4428 2983 4480 verumtamen
3022 4424 3179 4479 intra
3230 4438 3375 4478 suos
3424 4422 3576 4477 ﬁnes
3632 4425 3690 4477 et

2032 4515 2318 4570 terminos
2371 4514 2715 4570 consistent.
2776 4519 2987 4568 Annon
3042 4512 3220 4581 igitur
3262 4511 3474 4567 inﬁniti
3550 4516 3689 4566 sunt

2032 4604 2306 4661 iracundi
2331 4609 2633 4677 quatenus
2664 4602 2954 4664 iracundi,
2984 4607 3040 4658 et
3057 4601 3272 4657 inﬁniti
3299 4600 3500 4673 cupidi
3540 4615 3687 4673 qua-

2030 4699 2204 4750 tenus
2217 4693 2439 4765 cupidi,
2456 4692 2736 4749 etinﬁniti
2750 4692 3074 4764 prudentes
3088 4708 3124 4762 q
3136 4695 3387 4746 uatenus
3424 4689 3686 4761 pruden-

2032 4788 2136 4853 tes,
2172 4798 2293 4839 non
2328 4782 2448 4847 alii,
2480 4781 2770 4854 quoniam
2796 4781 2948 4835 intra
2963 4796 3103 4835 suas
3123 4782 3271 4834 ﬁnes
3288 4784 3345 4834 et
3398 4778 3683 4834 terminos

2030 4872 2363 4927 consistunt
2390 4886 2602 4925 omnes
2635 4868 2907 4924 iracundi
2938 4874 2993 4923 et
3014 4868 3215 4940 cupidi
3238 4873 3294 4922 et
3318 4866 3640 4939 prudentes
3660 4866 3688 4921 ?

2032 4963 2128 5016 Ha
2157 4964 2298 5015 sunt
2319 4959 2495 5028 igitur
2519 4958 2654 5013 dua
2686 4957 3055 5023 differentia,
3098 4973 3317 5028 nempe
3362 4971 3484 5011 una
3550 4971 3687 5027 qua

2029 5050 2183 5105 duas
2213 5054 2269 5104 et
2287 5049 2615 5115 nonaginta
2628 5046 2820 5103 effecit
2836 5048 2968 5119 conj
2981 5048 3221 5117 ugation
3232 5063 3296 5101 es
3311 5052 3490 5118 atque
3505 5046 3683 5101 etiam

2030 5139 2384 5210 simplicem:
2406 5138 2737 5209 alteraqua
2750 5137 3010 5192 inﬁnitas
3024 5138 3403 5191 remissiones
3420 5153 3488 5191 ac
3503 5136 3691 5191 inten-

2032 5229 2231 5284 siones
2262 5228 2464 5295 habet,
2506 5243 2735 5299 easquo
2765 5227 2919 5282 intra
2950 5227 3427 5298 conjugationes.
3487 5227 3685 5291 Quare

2029 5334 2203 5374 nemo
2237 5319 2333 5373 cui
2361 5316 2560 5372 nobile
2591 5316 2764 5372 fuerit
2793 5317 3093 5386 ingenium
3129 5316 3374 5372 scientia
3416 5316 3476 5371 in
3527 5332 3686 5371 erro-

2027 5422 2155 5463 rem
2177 5407 2492 5462 inducetur
2504 5411 2607 5461 aut
2628 5406 2957 5478 decipiatur
2971 5422 3075 5478 per
3103 5407 3506 5461 intensionem
3523 5406 3605 5461 ita
3626 5410 3690 5460 ut

2028 5496 2279 5552 remisse
2301 5495 2589 5568 cupidum
2617 5495 2884 5552 conferat
2909 5512 3046 5551 cum
3078 5494 3195 5550 alio
3224 5495 3479 5567 quicum
3502 5495 3685 5550 inten-

2031 5586 2196 5642 sione
2234 5586 2438 5658 aliqua
2450 5585 2563 5641 alia
2582 5584 2869 5658 qualitate
2882 5584 3166 5657 praditus
3180 5590 3287 5651 est,
3312 5584 3416 5641 sed
3450 5600 3555 5657 per
3581 5586 3689 5640 sci-

2028 5677 2253 5733 entiam
2270 5675 2629 5731 iracundum
2653 5690 2689 5730 a
2706 5674 2926 5747 cupido
2944 5674 3126 5730 alium
3155 5690 3289 5731 esse
3307 5674 3690 5746 judicabitet

2029 5770 2259 5823 contra.
2290 5764 2455 5821 ldem
2481 5768 2569 5821 est
2588 5763 3041 5821 observandum
3068 5764 3131 5820 in
3152 5763 3439 5821 omnibus
3482 5764 3691 5835 conjuo
