4444 6452
728 438 861 497 1311

2340 443 2697 500 ΑΒΒΕΝΒΑ.

4002 451 4146 507 1312

726 582 844 626 σαις
877 567 992 625 ταῖς
1034 561 1315 635 συζυγίαις
1363 562 1475 618 ἐστὶ
1513 567 1603 617 καὶ
1652 570 1757 627 τοῖς
1819 564 1872 629 ἐξ
1937 565 2104 618 αὐτῶν
2169 568 2374 640 κραθη-
2409 569 2457 623 Α
2490 587 2557 619 τα
2586 564 2644 620 δε
2670 568 2746 620 ὄτι
2785 568 2879 620 κᾶν
2909 569 3083 621 ἄνεσιν
3123 568 3217 621 κᾶν
3272 568 3509 623 ἐπίτασιν
3553 573 3611 624 τὸ
3660 592 3693 625 α
3741 579 3832 633 τῆς
3878 572 3913 645 β
3972 574 4146 635 συζυ-

725 655 958 724 σομένοις
1013 650 1245 724 ἀτόμοις.
1322 652 1451 706 Οὖτε
1512 662 1638 725 γοῦν
1706 656 1917 727 εὑρήσει
1981 655 2113 713 πλὴν
2178 659 2373 709 τούτων

720 761 800 804 τις
832 742 875 794 εἰ
904 746 975 813 μὴ
1011 741 1282 814 σοφίζεται
1318 741 1329 798 l
1364 743 1480 796 οὒτε
1536 748 1638 815 μὴν
1697 744 1918 809 ἐλάσσω,
1955 746 1996 797 εἰ
2048 750 2118 818 μὴ
2170 745 2375 798 κεκολο-

723 830 953 903 ϐωμένην
990 835 1238 889 κέκτηται
1271 837 1364 890 τὴν
1403 829 1657 904 διάνοιαν,
1700 840 1870 886 πᾶσαι
1938 830 1998 887 δέ
2064 835 2193 888 εἰσιν
2274 832 2373 887 αὖ-

722 939 829 987 ται,
870 924 959 972 καὶ
997 924 1282 995 περαιτέρω
1340 920 1617 994 βεϐηκέναι
1684 924 1743 977 οὐ
1812 921 2053 979 δύναται.
2120 924 2175 977 Ἡ
2248 932 2372 996 γοῦν

721 1028 755 1061 α
793 1006 830 1081 β
869 1028 903 1080 γ
944 1027 965 1061 ε
1004 1009 1036 1069 ζ
1075 1029 1105 1067 η
1149 1012 1175 1062 θ
1231 1012 1504 1084 κεράννυσι
1555 1015 1642 1063 τὸν
1700 1012 1914 1083 ἁπλοῦν,
1975 1011 2152 1072 ἐπειδὴ
2211 1013 2370 1074 ἁπλῆ·

719 1096 886 1155 ἁπλῆν
928 1092 987 1149 δε
1024 1101 1113 1151 καὶ
1153 1096 1344 1152 ἁπλοῦν
1410 1098 1649 1153 ἐνταυθοῖ
1706 1100 1836 1172 λέγω
1902 1105 1989 1154 τὸν
2057 1102 2247 1162 ἐντελῆ·
2318 1106 2374 1156 αἱ

722 1182 773 1237 δ’
812 1184 985 1255 ἄλλαι,
1028 1185 1221 1246 ἐκάστη
1264 1190 1393 1263 πρὸς
1431 1192 1488 1241 τὸ
1526 1186 1667 1243 ἴδιον
1732 1186 1951 1263 ἰδίωμα.
2015 1194 2211 1253 Πάντες
2249 1199 2371 1263 γοῦν

720 1274 852 1327 εἰσιν
890 1276 1173 1349 ἄνθρωποι,
1225 1275 1553 1336 ἐννενήκοντα
1616 1283 1747 1354 πρὸς
1809 1288 1918 1343 τοῖς
1990 1277 2140 1346 δυσὶ,
2194 1286 2281 1334 καὶ
2346 1284 2372 1333 ὁ

719 1364 929 1436 ἁπλοῦς,
984 1368 1147 1418 εἶτουν
1229 1368 1255 1419 ὁ
1322 1365 1539 1429 ἐντελὴς,
1610 1373 1699 1421 καὶ
1764 1372 1812 1421 οἱ
1876 1378 1972 1432 τῆς
2061 1370 2371 1446 ἁντιρῥόπου

721 1453 869 1507 ἑπτά.
909 1456 1095 1515 Πάντες
1147 1451 1207 1507 δέ
1258 1459 1318 1526 γέ
1374 1461 1464 1509 καὶ
1518 1458 1543 1509 ὁ
1590 1456 1783 1521 ἁπλοῦς
1838 1460 2063 1533 ἄπειροι,
2121 1460 2179 1513 οὐ
2238 1462 2373 1513 κατὰ

716 1544 773 1595 τὸ
835 1541 956 1595 ἄλλο
995 1545 1081 1594 καὶ
1120 1542 1263 1613 ἄλλο,
1304 1544 1435 1597 ἄλλα
1489 1548 1623 1598 κατὰ
1678 1549 1737 1599 τὸ
1794 1546 1942 1608 ἄλλος
2004 1567 2057 1601 τε
2122 1552 2211 1601 καὶ
2278 1547 2372 1601 ἁλ-

717 1629 913 1691 λοσῖος·
956 1634 1015 1683 τὸ
1054 1630 1176 1683 ἄλλο
1214 1634 1315 1705 γὰρ
1359 1629 1514 1691 δηλοῖ
1576 1638 1671 1693 τὴν
1734 1634 1936 1703 οὐσίαν,
2000 1638 2058 1688 τὸ
2124 1636 2277 1698 ἄλλος
2313 1638 2372 1689 τὸ

717 1720 932 1790 ἄτομον,
966 1722 1025 1772 τὸ
1054 1716 1114 1774 δε
1137 1740 1197 1792 γε
1224 1720 1423 1775 ἀλλοῖον
1475 1726 1569 1781 τὴν
1623 1722 1860 1777 ἐπίτασίν
1914 1743 1969 1777 τε
2021 1729 2110 1777 καὶ
2174 1727 2370 1780 ἄνεσιν.

718 1808 941 1862 Ἀλλοίοι
980 1816 1105 1879 γοῦν
1160 1812 1347 1873 πάντες
1404 1814 1453 1864 οἱ
1500 1814 1785 1886 καθαρμοὶ,
1846 1817 1963 1866 ὅσοι
2017 1815 2131 1865 κατ’
2186 1812 2373 1867 ἐπίτα-

2484 662 2601 727 γίας
2630 660 2761 729 πρὸς
2791 656 2912 709 ἄλλο
2939 666 3086 718 ατῆς
3115 658 3279 721 αὐτῆς
3333 662 3445 731 ἔχει
3508 660 3601 712 οὐκ
3656 659 3717 712 ἃν
3767 666 3837 733 μὴ
3894 669 3987 723 τῆς
4042 663 4147 714 αὐ-

2485 745 2643 819 τῆςβ
2695 743 2823 799 εἶναι
2878 750 2937 798 τὸ
2985 767 3019 799 α
3073 752 3265 820 πέφυκε
3323 744 3414 800 διὰ
3462 754 3553 808 τὴν
3612 748 3850 803 ἐπίτασιν
3903 757 3993 803 καὶ
4047 756 4145 810 τὴν

2484 836 2676 891 ἄνεσιν.
2708 840 2928 910 Πότερον
2966 833 3058 888 διὰ
3091 836 3329 889 ταῦταέν
3380 841 3496 899 ταῖς
3547 839 3832 910 συζυγίαις
3886 837 3953 898 δὴ
4001 844 4140 892 ταύ-

2482 944 2595 986 ταις
2657 930 2757 976 πᾶν
2807 926 2999 997 ἄτομον
3054 928 3449 1002 περιγράφεται,
3508 932 3598 980 καὶ
3673 932 3860 990 πάντες
3940 930 4143 1000 ἄνθρω-

2482 1034 2572 1067 ποι
2624 1013 2951 1073 ἐννενήκοντα
3004 1018 3131 1090 πρὸς
3180 1019 3291 1078 τοῖς
3348 1013 3504 1069 δυσίν
3553 1016 3678 1086 εἰσι,
3725 1022 3813 1070 καὶ
3862 1019 3888 1070 ὁ
3944 1018 4144 1080 ἁπλοῦς

2482 1108 2573 1156 καὶ
2618 1106 2666 1156 οἱ
2720 1112 2815 1166 τῆς
2868 1103 3177 1179 ἀντιρῥόπου
3233 1105 3378 1171 ἑπτὰ,
3440 1105 3535 1157 κᾶν
3574 1105 3815 1159 ἐπίτασιν
3865 1112 3895 1165 ἤ
3964 1110 4145 1160 ἄνεσιν

2483 1201 2599 1256 ταῖς
2620 1194 2832 1255 οἰκείαις
2862 1191 3217 1265 ἐπιδέχωνται
3272 1194 3575 1267 συζυγίαιν,
3639 1198 3811 1268 ἄτομα
3870 1192 3929 1248 δὲ
3978 1196 4149 1259 αὐτῆς

2483 1284 2692 1356 ἄπειρα,
2726 1282 2831 1355 οὐχ
2866 1286 2931 1342 ὡς
2969 1281 3113 1345 ἐκτὸς
3166 1286 3289 1335 ὄντα
3351 1291 3451 1336 τῶν
3507 1284 3794 1355 συξυγιῶν,
3858 1283 3985 1336 ἀλλὰ
4049 1283 4149 1339 διὰ

2481 1376 2575 1431 τὴν
2617 1369 2762 1424 ἔνδον
2794 1371 2842 1424 ἐν
2896 1370 3106 1433 ἐκείνοις
3157 1371 3323 1424 αὐτῶν
3384 1370 3623 1425 ἐπίτασίν
3675 1392 3729 1425 τε
3795 1378 3885 1425 καὶ
3942 1376 4145 1432 ἄνεσιν.

2481 1454 2540 1514 Ὀ
2592 1463 2681 1533 μεν
2750 1458 2836 1513 οὖν
2902 1462 3148 1533 ἡμέτερος
3210 1459 3451 1513 ἐνταυθοῖ
3489 1461 3643 1532 λογος
3700 1466 3792 1520 τὴν
3844 1471 3945 1515 τῶν
4012 1464 4150 1517 ἑπτὰ

2482 1558 2575 1604 τοῦ
2613 1550 2825 1621 λογικοῦ
2895 1552 3029 1613 ζώου
3103 1556 3267 1623 μερῶν
3331 1555 3602 1603 κοινωνίαν
3662 1548 3963 1605 ἐσπούδασε
4030 1549 4147 1605 δεῖ·

2485 1639 2591 1708 ξαι,
2650 1643 2741 1691 καὶ
2788 1647 2940 1691 τοῦτο
3001 1641 3133 1690 κατὰ
3178 1640 3236 1690 τὸ
3293 1639 3545 1713 παρέλκον
3616 1639 3709 1691 κᾶν
3770 1647 3886 1703 ταῖς
3964 1660 4150 1693 κοινω-

2481 1733 2613 1789 νίαις
2644 1727 3012 1801 συμϐάλλεται.
3078 1726 3192 1780 Ἵνα
3247 1723 3306 1780 δε
3351 1732 3441 1779 καὶ
3493 1730 3620 1801 πρὸς
3681 1728 3706 1780 ὁ
3764 1734 3955 1802 πέφυκε
4012 1735 4147 1800 μίαν

2484 1818 2707 1874 ἑκάστην
2777 1816 3035 1886 συζυγίαν
3082 1821 3247 1868 ποιεῖν
3308 1815 3334 1867 ὃ
3388 1823 3528 1869 ποιεῖ
3604 1819 3797 1889 ἄτομον
3874 1815 4145 1891 δείξωμεν,

720 1902 800 1949 σίν
836 1916 888 1949 τε
926 1902 1016 1950 καὶ
1055 1900 1230 1951 ἄνεσιν
1270 1898 1317 1951 ἐν
1357 1908 1429 1971 τῷ
1468 1902 1568 1953 τὼν
1608 1900 1737 1953 ἑπτά
1799 1905 2042 1954 ἵστανται
2108 1905 2231 1977 ὅρῳ,
2271 1911 2371 1955 τῶν
2407 1905 2451 1960 Β
2482 1908 2576 1960 οὐκ
2636 1904 2943 1977 ὀκνήσομεν,
3010 1902 3105 1956 κᾶν
3258 1908 3521 1977 φορτικὸν,
3572 1910 3661 1958 καὶ
3722 1909 3781 1957 τὸ
3834 1909 3923 1978 μὲν
4009 1906 4152 1967 ἐντὸς

716 2005 751 2036 α
790 1984 826 2059 β
864 2006 898 2057 γ
940 1982 1148 2047 δηλαδὴ
1180 2006 1201 2040 ε
1240 1987 1273 2048 ζ
1310 2007 1340 2047 η
1386 1991 1429 2043 θ.
1474 1987 1650 2042 Ἀλλοι
1676 1987 1736 2043 δὲ
1764 2010 1819 2062 γε
1858 1995 1974 2043 ὅσοι
2026 1989 2140 2052 ταῖς
2192 1990 2247 2043 ἐκ
2286 2011 2373 2065 με·

716 2076 972 2127 ταθέσεων
1024 2080 1115 2127 καὶ
1191 2074 1477 2149 ἐναλλαγῶν
1560 2086 1659 2131 τῶν
1741 2079 2007 2151 συξυγιῶν
2080 2085 2365 2152 γίγνονται·

718 2161 911 2217 ἀλλοῖοι
939 2161 998 2217 δὲ
1050 2166 1165 2219 ὅσοι
1221 2187 1319 2239 μιᾳ
1384 2166 1574 2241 ἑκάστῃ
1634 2168 1864 2242 συζυγίᾳ
1917 2168 2050 2232 ἐντός
2098 2177 2197 2222 τῶν
2238 2171 2368 2243 ὅρων

718 2252 881 2314 αὐτῆς
915 2255 1179 2327 ἱστάμενοι
1217 2255 1329 2307 κατ’
1383 2254 1622 2309 ἐπίτασίν
1675 2256 1777 2311 εἰσι
1830 2262 1921 2310 καὶ
1974 2260 2167 2311 ἄνεσιν.
2217 2257 2371 2331 Ἔχει

720 2338 779 2396 δε
808 2342 1003 2406 πλάτος
1050 2343 1175 2397 αὑτό
1205 2349 1294 2398 καὶ
1355 2350 1652 2407 στενότητα.
1686 2347 1890 2401 Μᾶλλον
1936 2350 2037 2423 γὰρ
2085 2353 2176 2401 καὶ
2220 2350 2371 2407 ἧττον

718 2431 777 2487 οὐ
806 2428 1063 2507 διακρίνει
1092 2452 1172 2495 τις
1201 2436 1438 2507 θυμικὸν,
1489 2435 1597 2489 οὒτ’
1657 2436 1714 2489 οὗ
1764 2435 2162 2510 ἐπιθυμητικὸν,
2220 2445 2372 2491 τοῦτο

718 2520 913 2584 πλάτος
942 2520 1121 2581 ἐπειδὴ
1155 2524 1214 2576 οὐ
1239 2520 1543 2598 διωρισται,
1571 2525 1676 2598 οὐχ
1715 2528 1783 2588 ὡς
1840 2527 1921 2579 ὅτι
1974 2522 2033 2580 δε
2092 2532 2190 2579 πᾶν
2242 2526 2373 2580 πλάο

716 2628 805 2671 τος
856 2608 997 2664 ἐστὶν
1049 2609 1377 2687 ἁδιὸριστον,
1428 2612 1540 2667 ἀλλ’
1597 2616 1678 2669 ὅτι
1744 2611 2050 2689 ἀδιόριστον
2112 2619 2235 2670 ποτε
2283 2618 2373 2691 μὲν

718 2700 832 2771 ἔχει
861 2704 950 2753 καὶ
974 2700 1185 2772 πλάτος,
1211 2704 1336 2757 ποτε
1397 2699 1457 2759 δὲ
1513 2708 1602 2758 καὶ
1666 2704 1859 2770 πλάτος
1925 2704 2086 2774 ἐστὶν,
2130 2710 2373 2765 στενότη-

2480 2002 2580 2048 τῶν
2628 1997 2890 2064 συζυγιῶν
2946 1995 2977 2050 ἤ
3029 1996 3119 2044 καὶ
3168 1990 3329 2053 ἄλλως
3384 2000 3486 2044 τῶν
3552 1996 3851 2062 ἐπιστήμην
3926 1992 4149 2047 ἐπιστα-

2479 2087 2640 2157 μένων
2689 2081 3037 2153 φυσιολογεῖν,
3108 2080 3213 2152 οὐχ
3266 2084 3335 2144 ὡς
3387 2084 3553 2155 ἡμεῖς,
3631 2081 3742 2135 ἀλλ’
3813 2084 3881 2144 ὡς
3951 2086 4153 2154 πέφυκε

2478 2177 2567 2225 καὶ
2623 2170 2855 2244 μάλιστα
2901 2174 3203 2243 κρειττόνως
3262 2172 3311 2224 οἰ
3362 2170 3583 2233 πλείους.
3662 2171 3923 2243 Συζυγίας
3974 2168 4035 2224 δε
4088 2190 4154 2243 γε

2478 2259 2656 2315 οὔποτ’
2713 2260 2773 2311 ἂν
2832 2259 3002 2334 ἑτέρας
3060 2262 3256 2312 τούτων
3308 2280 3389 2323 τις
3473 2262 3619 2335 εὕρῃ,
3697 2261 3814 2314 οὐτε
3887 2259 4146 2333 ἔναλλαγῇ

2480 2348 2855 2420 ἐνηλλάγησαν,
2920 2350 3001 2400 ὅτι
3060 2346 3176 2400 οὒτε
3222 2352 3325 2422 μὴν
3388 2352 3682 2422 μεταθέσει,
3744 2351 3825 2402 ὄτι
3880 2351 4154 2423 μετετέθη-

2483 2458 2578 2492 σαν
2630 2439 2843 2513 ἄριστα’
2900 2436 3007 2489 ἀλλ’
3056 2439 3209 2510 ἡμεῖς
3261 2442 3364 2511 μὴν
3417 2435 3767 2512 ἐνδεχομένως
3832 2445 3957 2511 μιᾶς
4030 2438 4151 2490 ἐκά-

2484 2546 2613 2589 στης
2680 2528 2871 2599 ἄτομον
2949 2525 3310 2599 ἐπεξέλθωμεν,
3405 2528 3831 2599 φυσιολογοῦντες
3929 2524 4154 2599 ἐνδεχο-

2481 2621 2646 2691 μένως
2675 2621 2793 2691 περὶ
2820 2615 3003 2684 αὑτοῦ,
3039 2620 3129 2668 καὶ
3178 2613 3283 2668 οἷον
3341 2613 3787 2691 προοδευσὼμεθα
3852 2624 3952 2669 τῶν
4021 2616 4152 2690 βου-

3405 2528 3831 2599 φυσιολογοῦντες

2481 2706 2706 2781 λόμένων
2734 2705 3074 2779 εἰσέρχεσθαι
3104 2705 3154 2758 ἐν
3187 2705 3348 2778 αὐτῷ,
3399 2705 3493 2759 κᾶν
3552 2703 3902 2779 ἐνδεχομένως
3952 2702 4012 2760 δέ
4064 2725 4148 2778 γε.

717 2876 1083 2948 gationibus,
1113 2883 1169 2937 et
1195 2880 1256 2937 in
1283 2881 1609 2939 individuis
1636 2898 1771 2956 qua;
1802 2899 1876 2941 ex
1903 2883 2016 2940 illis
2040 2888 2377 2958 temperan-
2407 2886 2448 2942 C
2486 2886 2824 2941 coarctatur
2863 2883 3063 2954 etiam,
3098 2883 3244 2956 quia
3290 2898 3329 2941 a
3382 2883 3662 2940 secundae.
3705 2884 4156 2955 conjugationis

718 2969 832 3023 tur.
862 2970 1064 3042 Neque
1094 2970 1275 3040 igitur
1304 2970 1507 3043 plures
1538 2972 1867 3046 quisquam
1887 2974 2143 3047 reperiet
2167 2974 2377 3044 conju-

718 3055 1014 3125 gationes,
1040 3057 1155 3114 nisi
1180 3059 1445 3133 captiose
1471 3065 1647 3130 agat:
1681 3076 1876 3136 neque
1906 3078 2114 3119 rursus
2127 3063 2375 3136 paucio-

715 3158 813 3200 res
841 3146 957 3202 nisi
986 3162 1199 3205 manca
1224 3153 1282 3205 et
1307 3148 1650 3223 imperfecta
1678 3152 2016 3223 cognitione
2045 3151 2332 3225 praeditus
2358 3167 2375 3207 :

716 3247 857 3290 cum
887 3235 1063 3293 nobis
1086 3252 1301 3294 omnes
1339 3239 1456 3295 sint
1486 3255 1741 3297 numero
1762 3242 2236 3314 comprehensae,
2265 3256 2376 3297 nec

715 3325 962 3381 ulterius
994 3328 1275 3399 progredi
1294 3328 1498 3386 liceat:
1518 3345 1729 3403 nempe
1750 3346 1787 3387 a
1809 3331 1842 3386 b
1865 3347 1897 3389 c
1926 3347 1957 3389 e
1980 3333 2021 3401 Γ
2035 3348 2073 3403 g
2100 3333 2140 3389 h
2161 3336 2379 3403 tempe-

715 3418 851 3471 rant
880 3414 1217 3488 simplicem
1248 3418 1580 3487 hominem,
1623 3420 2122 3493 quandoquidem
2149 3419 2378 3492 simpli-

716 3519 848 3560 ccm
878 3506 1372 3578 conjugationem
1401 3509 1789 3566 constituunt.
1808 3510 2150 3583 Simplicem
2173 3514 2377 3565 autem

715 3593 1027 3651 hominem
1049 3600 1106 3651 et
1131 3596 1465 3669 simplicem
1496 3599 1988 3671 conjugationem
2019 3615 2129 3672 pro
2160 3597 2377 3656 eodem

716 3696 966 3754 usurpo,
1010 3699 1232 3757 nempe
1275 3702 1386 3758 pro
1416 3687 1674 3759 perfecte
1722 3692 2051 3761 temperato
2108 3688 2374 3753 homine,

717 3785 824 3826 seu
854 3772 1110 3843 perfecte
1139 3778 1472 3847 temperata
1485 3777 1932 3848 conjugatione.
1954 3777 2377 3834 Aliarumvero

716 3861 1209 3931 conjugationum
1231 3880 1615 3938 unaquaeque
1647 3882 1813 3923 suam
1843 3866 2026 3923 habet
2048 3866 2379 3939 proprieta-

716 3952 856 4006 tem.
889 3952 1112 4007 Omnes
1142 3953 1610 4026 igiturhomines
1624 3954 2281 4026 suntnonagintaduo:
2323 3958 2381 4011 et

718 4040 977 4113 simplex
1008 4056 1228 4115 nempe
1275 4043 1573 4116 perfectus
1625 4061 1639 4099 :
1699 4046 1962 4117 itemque
2013 4044 2096 4100 illi
2152 4060 2258 4117 qui
2305 4060 2379 4100 ex

718 4133 947 4202 septem
978 4129 1233 4203 simplici
1263 4132 1673 4204 conjugationi
1702 4132 2205 4205 respondentibus
2234 4137 2380 4188 tem-

2487 2975 2910 3047 comparatum
2958 2988 3097 3028 cum
3148 2972 3265 3029 alio
3349 2988 3387 3029 a
3440 2973 3713 3045 ejusdem
3773 2973 4157 3045 conjugatio-

2484 3063 2579 3119 nis
2609 3066 2737 3119 tum
2766 3061 3183 3118 remissionem
3214 3066 3342 3118 tum
3374 3062 3554 3119 etiam
3584 3062 3986 3119 intensionem
4016 3078 4159 3118 sus-

2486 3152 2650 3225 cipit.
2680 3154 2879 3223 Neque
2904 3165 3046 3207 vero
3090 3154 3308 3208 natura
3352 3152 3437 3208 ita
3487 3156 3910 3225 comparatum
3970 3155 4152 3220 esset,

2486 3241 2600 3299 nisi
2619 3241 2826 3297 omnia
2848 3239 3160 3297 individua
3188 3256 3225 3297 a
3255 3240 3529 3313 ejusdem
3568 3242 4015 3314 conjugationis
4056 3257 4154 3298 se-

2488 3330 2701 3386 cundae
2722 3334 2920 3385 essent
2941 3330 3283 3387 necessario
3307 3335 3552 3403 pr0pter
3576 3330 3852 3387 videlicet
3867 3331 4157 3387 intensio-

2486 3434 2628 3476 nem
2658 3424 2715 3475 et
2742 3418 3183 3475 remissionem.
3214 3421 3420 3475 Utrum
3445 3420 3625 3489 igitur
3651 3420 3714 3476 in
3742 3420 3837 3475 his
3858 3421 3995 3491 conj
4007 3435 4159 3486 uga-

2487 3508 2749 3564 tionibus
2770 3522 2950 3563 omne
2969 3506 3306 3564 individum
3330 3508 3656 3565 includitur
3682 3513 3737 3566 et
3759 3510 4161 3581 comprehen-

2486 3598 2646 3654 ditur
2667 3598 2695 3652 ‘?
2724 3601 2781 3653 et
2800 3612 3013 3653 omnes
3030 3602 3169 3653 sunt
3188 3598 3537 3670 monaginta
3566 3598 3690 3654 duo
3720 3614 3862 3655 cum
3885 3599 4164 3671 simplice

2486 3690 2545 3742 et
2561 3685 2675 3742 illis
2709 3689 2940 3758 septem
2966 3685 3071 3757 qui
3100 3685 3233 3757 pari
3263 3686 3319 3741 vi
3352 3686 3604 3759 parique
3626 3686 3908 3743 facultate
3929 3688 4161 3758 conju-

2488 3774 2713 3844 gationi
2736 3773 2987 3846 simplici
3016 3774 3415 3846 respondent;
3438 3781 3641 3831 utrum
3666 3776 3847 3832 etiam
3868 3776 4168 3832 intensio-

2486 3879 2629 3920 nem
2668 3868 2724 3919 et
2778 3862 3199 3919 remissionem
3252 3864 3572 3936 qualitates
3612 3865 3674 3920 in
3730 3864 3855 3920 suis
3894 3880 4163 3937 quaeque

2487 3951 3015 4025 conjugationibus
3047 3951 3430 4024 suscipiunt?
3478 3954 3959 4026 uniuscujusque
4010 3969 4163 4010 vero

2488 4041 2929 4113 conjugationis
2961 4040 3273 4097 individua
3312 4046 3455 4098 sunt
3483 4042 3720 4099 infinita
3761 4059 3773 4097 :
3831 4058 3955 4098 non
3986 4043 4161 4115 quod

2489 4132 2605 4187 sint
2633 4135 2800 4187 extra
2828 4130 2991 4203 ipsas
3022 4130 3498 4201 conjugationes,
3527 4132 3633 4187 sed
3668 4137 3916 4205 propter
3957 4132 4159 4188 inten-

717 4224 1023 4292 perantur.
1057 4221 1241 4277 Porro
1266 4237 1479 4278 omnes
1509 4228 1691 4295 atque
1716 4222 1870 4279 adeo
1924 4222 2182 4295 simplex
2238 4226 2379 4279 sunt
2409 4236 2456 4289 1)
2489 4222 2720 4276 sionem
2751 4224 2809 4276 et
2837 4218 3255 4275 remissionem
3271 4235 3533 4293 quarum
3553 4225 3809 4293 utraque
3828 4220 3984 4277 intra
4016 4237 4162 4277 con-

714 4308 948 4377 inﬁniti,
1008 4324 1132 4365 non
1192 4310 1530 4367 secundum
1588 4310 1752 4367 aliud
1800 4316 1980 4383 atque
2031 4311 2217 4380 aliud,
2274 4312 2381 4367 sed

720 4404 1021 4472 quatenus
1047 4400 1199 4456 alius
1228 4400 1539 4474 quispiam
1567 4405 1848 4473 estatque
1865 4401 2170 4457 dissimilis
2194 4418 2207 4456 :
2233 4417 2380 4457 nam

716 4488 883 4545 aliud
907 4488 1229 4547 essentiam
1260 4490 1575 4560 signiﬁcat,
1618 4495 1675 4547 et
1717 4490 1877 4547 aliud
1938 4490 2318 4547 individuum
2363 4508 2377 4546 :

715 4578 1008 4635 dissimile
1033 4596 1168 4635 vero
1190 4578 1590 4636 intensionem
1622 4585 1679 4637 et
1711 4580 2378 4639 remissionem.0mnes

717 4669 894 4740 igitur
920 4669 1243 4725 aliusmodi
1273 4671 1680 4742 purgationes,
1732 4686 2112 4744 quaecunque
2161 4686 2379 4727 secun-

717 4757 854 4813 dum
873 4758 1034 4815 inten
1044 4759 1276 4815 sionem
1295 4764 1355 4816 et
1368 4760 1779 4816 remissionem
1794 4760 2380 4834 sunttemperataajn

719 4848 977 4903 termino
997 4853 1227 4921 septem
1251 4849 1609 4906 consistunt:
1631 4865 1850 4922 nempe
1871 4865 1909 4906 (ι
1927 4850 1960 4904 ὁ
1978 4851 2140 4921 ce/‘g
2160 4850 2220 4907 h.
2235 4849 2377 4905 Aliae

716 4936 966 5009 quidem
1025 4942 1166 4993 sunt
1214 4942 1512 5011 quotquot
1559 4953 1632 4994 ex
1690 4938 2260 5011 transpositionibus
2324 4942 2382 4994 et

716 5026 1254 5099 permutationibus
1268 5028 1402 5099 conj
1411 5028 1759 5099 ugationum
1774 5032 2068 5085 constant.
2093 5031 2162 5083 At
2192 5027 2379 5084 dissi-

717 5115 891 5172 miles
924 5120 1066 5173 sunt
1093 5121 1391 5190 quotquot
1429 5118 1490 5174 in
1532 5133 1901 5191 unaquaque
1952 5117 2378 5189 conjugatione

716 5206 873 5262 intra
904 5206 1091 5279 ipsius
1122 5206 1404 5263 terminos
1444 5208 1775 5264 consistunt
1804 5206 2152 5280 habentque
2183 5206 2379 5264 latitu-

716 5295 920 5352 dinem
943 5300 999 5352 et
1015 5298 1501 5353 coarctationem.
1520 5300 1704 5354 Nemo
1719 5298 1882 5353 enim
1897 5297 2210 5368 distinguit
2228 5297 2381 5353 inter

714 5386 1077 5443 iracundum
1108 5390 1166 5442 et
1196 5386 1485 5460 cupidum
1521 5386 1855 5443 secundum
1878 5386 2025 5443 illud
2074 5387 2243 5459 quod
2293 5391 2381 5444 est

715 5478 912 5548 magis
944 5479 1001 5533 et
1031 5476 1231 5533 minus
1265 5495 1277 5533 :
1310 5477 1953 5551 quandoquidemhaec
1978 5477 2230 5534 latitudo
2256 5493 2380 5535 non

716 5568 1060 5625 estdefinita
1072 5572 1320 5626 etcerta.
1342 5572 1467 5626 Non
1485 5569 1650 5643 quod
1664 5568 2119 5626 omnislatitudo
2132 5568 2381 5625 sitinde-

717 5659 905 5726 ﬁnita,
933 5658 1037 5714 sed
1051 5658 1195 5732 quia
1212 5658 1363 5715 illud
1376 5659 1541 5733 quod
1559 5663 1652 5716 est
1675 5659 2049 5716 indefinitum
2075 5658 2379 5716 interdum

720 5749 894 5808 etiam
924 5748 1295 5808 latitudinem
1310 5748 1804 5809 habetinterdum
1824 5765 1964 5809 vero
1992 5753 2082 5809 est
2101 5748 2379 5820 latitudo,

2484 4309 2830 4382 jugationes
2860 4308 3131 4381 ipsorum
3180 4310 3452 4366 consistit
3507 4310 3534 4365 ?
3566 4309 3688 4366 Hoc
3719 4310 3901 4380 igitur
3950 4316 4167 4367 nostro

2490 4414 2770 4455 sermone
2801 4402 3030 4470 septem
3056 4398 3317 4470 partium
3349 4398 3626 4455 animalis
3655 4400 3887 4455 ratione
3922 4400 4170 4472 praediti

2490 4488 2984 4546 communionem
3005 4488 3204 4544 conati
3225 4504 3437 4544 sumus
3460 4488 3802 4554 ostendere,
3825 4488 4006 4560 cujus
4034 4490 4171 4562 qui-

2490 4578 2630 4635 dem
2642 4577 2926 4635 doctrinae
2946 4576 3201 4632 usumin
3219 4578 3753 4634 communionibus
3765 4594 3969 4636 rerum
3992 4583 4174 4635 natu-

2489 4666 2697 4724 ralium
2710 4666 2947 4736 longius
2964 4665 3264 4738 latiusque
3277 4666 3557 4733 diffusum
3576 4667 3799 4723 habere
3818 4684 4168 4739 possumus.

2489 4759 2670 4812 Porro
2699 4754 2848 4811 illud
2877 4770 2913 4810 a
2938 4754 3106 4827 quod
3145 4770 3529 4829 unaquaeque
3559 4756 3908 4827 conjugatio
3938 4758 4172 4813 indivi-

2489 4845 2681 4901 duum
2710 4843 2878 4917 quod
2907 4842 3048 4899 facit
3094 4844 3288 4900 facere
3318 4844 3487 4913 solet,
3522 4845 3837 4903 ostendere
3862 4862 3990 4902 non
4028 4862 4172 4917 gra-

2489 4934 2792 5001 vabimur,
2817 4933 3053 4989 etiamsi
3083 4934 3354 4991 tractatio
3375 4935 3503 4991 haec
3550 4936 3773 5005 negotii
3797 4940 3853 4992 et
3870 4935 4173 4993 molestiae

2488 5024 2671 5098 plena
2700 5025 2792 5080 sit.
2846 5030 2925 5081 Ac
2950 5024 3153 5097 plures
3184 5025 3435 5097 quidem
3475 5025 3575 5082 alii
3628 5026 3690 5082 in
3741 5026 3857 5083 hac
3912 5026 4175 5084 scientia

2492 5114 2793 5173 exercitati
2825 5115 3164 5186 potuissent
3182 5114 3398 5171 melius
3419 5132 3544 5173 non
3572 5132 3643 5173 eo
3667 5116 3852 5173 modo
3874 5132 4001 5189 quo
4028 5133 4172 5185 nos,

2490 5206 2607 5271 sed
2635 5221 2758 5279 quo
2788 5208 2966 5278 pacto
2987 5205 3252 5261 maxime
3280 5207 3545 5279 oportuit
3570 5206 3728 5263 intra
3756 5207 3920 5280 ipsas
3949 5209 4089 5279 conj
4102 5225 4175 5263 u-

2490 5295 2784 5367 gationes,
2812 5298 2916 5350 aut
2946 5294 3116 5350 aliter
3138 5295 3268 5351 haec
3290 5296 3497 5353 omnia
3522 5296 3821 5370 explicare
3846 5286 3905 5353 ἐι
3932 5302 4174 5369 pertra-

2490 5394 2669 5445 ctare.
2698 5389 2769 5443 At
2785 5386 3243 5457 conjugationes
3261 5386 3409 5443 alias
3424 5392 3636 5460 praeter
3651 5387 3782 5444 illas
3801 5403 3985 5444 nemo
4002 5394 4175 5461 pote-

2490 5477 2566 5535 rit
2602 5478 2883 5549 reperire,
2911 5491 3279 5549 quocunque
3324 5477 3510 5533 modo
3548 5478 3824 5533 immutet
3850 5482 3910 5533 et
3968 5482 4177 5535 trans-

2490 5569 2679 5640 ponat
2698 5582 2711 5621 :
2727 5565 2872 5639 quia
2888 5564 3317 5638 perfectissime
3337 5571 3688 5639 permutatae
3706 5570 3764 5623 et
3781 5569 4175 5639 transpositaa

2492 5661 2650 5714 sunt.
2674 5658 2891 5712 Verum
2913 5671 3025 5712 nos
3047 5660 3354 5729 utcunque
3374 5656 3853 5729 uniuscujusque
3874 5658 4014 5729 conj
4025 5673 4176 5728 nga-

2493 5748 2677 5805 tionis
2726 5745 3108 5805 individuum
3160 5746 3551 5821 explicemus,
3602 5751 3663 5805 et
3711 5746 3870 5805 hanc
3911 5762 4172 5822 quoque
