4444 6452
249 372 383 426 1313

1111 365 1467 422 THEODORI
1523 362 1573 420 Il
1613 361 1758 420 1MP.
1797 362 1886 419 DE
1924 357 2388 420 COMMUNIONE
2427 361 2795 418 NATURALI.

3530 363 3666 419 13M

244 496 327 546 ὅτε
387 489 447 545 δὲ
498 496 588 545 καὶ
647 495 970 566 κρειττόνως,
1033 495 1105 563 μὴ
1187 491 1496 563 μεμφοωμεν
1555 490 1697 562 παρά
1763 507 1897 550 τινος
1933 487 1979 542 Α
2007 508 2118 559 μεν,
2161 487 2276 540 οὒτε
2305 490 2362 539 τό
2390 485 2668 557 ἀναγκαῖον
2703 507 2716 520 ο
2752 492 2803 537 οῖ
2831 480 2880 537 δ’
2912 485 2992 537 ὃτι
3045 484 3092 536 οἱ
3144 485 3275 555 μετὰ
3325 487 3536 546 τούτους
3578 485 3669 538 αύ-

245 581 590 644 ἐξετάσαντες.
674 579 874 635 Οῑδασι
947 583 1048 654 γὰρ
1115 582 1163 632 οἱ
1222 577 1555 652 διερχόμενοι
1608 577 1901 650 ἐπιστήμην

243 679 349 730 πῶς
401 667 480 723 δεῖ
523 670 849 742 φυσιολογεῖν
901 675 990 722 καὶ
1037 678 1146 728 πὼς
1203 668 1508 740 οἰκοινομεῖν
1546 687 1598 719 τε
1645 671 1733 718 καὶ
1786 665 1904 718 συλ-

245 760 585 830 λογίζεσθαι·
641 758 726 812 διό
760 768 892 812 πᾶσι
945 763 1035 831 μὲν
1066 779 1155 811 και
1202 761 1369 816 πάντη
1413 758 1502 809 καὶ
1554 761 1690 809 κατα
1735 759 1908 810 πάντα

244 857 317 918 τῷ
381 854 679 924 Σταγειρίτη
750 850 1054 921 πειθόμεθα,
1120 847 1458 920 φυσιολογικῇ
1515 842 1574 899 δε
1620 851 1710 899 καὶ
1760 846 1905 898 αὐτοὶ

246 936 580 1009 ἐπιϐαλλομεν
641 935 814 1010 φειδοῖ
893 946 985 990 τοῦ
1055 934 1267 1010 ἀνδρὸς,
1346 934 1669 1008 ἀναιροῦντες
1711 939 1905 992 ταότην

245 1046 339 1085 την
375 1024 532 1089 δόξαν
559 1026 613 1079 ἐκ
662 1031 860 1088 ταύτης
909 1028 988 1096 (ί)
1040 1035 1140 1078 τῶν
1181 1026 1731 1098 χαρακτηρισμοίτωυ.
1767 1022 1907 1078 Οὐδὲ

244 1117 364 1189 γὰρ,
419 1112 653 1188 ἀνδρεῖος
717 1117 742 1167 ό
793 1115 991 1188 μεγάλα
1040 1118 1176 1186 ἔχων
1225 1118 1292 1166 τὰ
1333 1114 1654 1188 ἀκρωτήρια,
1714 1116 1908 1186 γοίσκο-

243 1223 353 1276 μεν,
411 1203 538 1255 α).λά
605 1208 690 1256 τόν
743 1205 907 1266 ούτως
956 1207 1280 1277 ἡρμοσμένον
1340 1204 1368 1262 ἡ
1439 1203 1598 1263 οὕτως
1657 1209 1768 1263 ταῖς
1817 1222 1906 1254 συ-

245 1291 453 1362 ζυγίαις
496 1313 508 1324 ·
557 1290 658 1344 ἐκεῖ
712 1295 813 1362 γὰρ
870 1294 1165 1362 σχημάτων
1242 1288 1489 1362 διαφορὰ,
1580 1287 1760 1342 ἐνθαδί
1850 1286 1908 1342 δὲ

244 1389 432 1451 χυμῶν
487 1386 576 1432 καὶ
622 1381 809 1451 ψυχῆς
853 1389 1019 1454 μερῶν
1081 1377 1364 1452 ἰδιώματα,
1411 1384 1500 1431 καὶ
1533 1375 1626 1431 διὰ
1673 1387 1824 1431 τοῦτο
1849 1382 1907 1430 τό

248 1473 594 1540 συναγόμενον
662 1470 836 1522 ὁποῖόν
913 1470 1028 1521 ἐστι
1111 1469 1459 1526 καταληπτόν.
1505 1472 1591 1520 Διό
1640 1472 1757 1542 περὶ
1817 1471 1907 1538 μεν

557 1290 658 1344 ἐκεῖ
712 1295 813 1364 γαρ
870 1294 1165 1364 σχημάτων
1242 1288 1489 1364 διαφορὰ,

243 1565 340 1619 τῆς
387 1567 486 1610 τῶν
542 1560 810 1629 συζυγιῶν
880 1559 1074 1621 τάξεως
1134 1563 1224 1610 καὶ
1279 1558 1524 1632 εὑρέσεως
1575 1562 1665 1609 καὶ
1723 1559 1906 1618 θέσεως

246 1653 339 1700 καὶ
407 1647 684 1719 ἐναλλαγῆς
757 1645 1134 1709 ἀποδεικτικῶς
1216 1648 1437 1709 εἰπόντες
1509 1647 1602 1700 οὐκ
1677 1645 1736 1698 ἂν
1791 1649 1906 1718 ἔρυ-

250 1738 559 1811 θριοίσαιμεν
607 1743 834 1803 πώποτε,
917 1740 1090 1812 ὅτιπερ
1168 1737 1441 1809 εἰρήκαμεν
1519 1739 1654 1788 κατα
1730 1739 1906 1807 φύσιν,

251 1826 652 1898 φυσιολογήσειν
736 1824 793 1880 δε
875 1830 1091 1887 ταύταις
1157 1827 1272 1878 κατ’
1336 1827 1548 1898 ἄτομον,

250 1914 613 1989 ἀνασταλῶμέν
662 1937 784 1970 ποτε
850 1917 959 1970 οὗθ’
1029 1916 1396 1988 ύποστα).ὠμεν
1482 1916 1620 1987 αὐτῷ
1697 1914 1908 1968 καὶέπὶ

246 2008 469 2074 τούτοις,
526 2006 637 2058 οὗθ’
689 2008 789 2058 ύπό
841 2011 936 2068 της
987 2008 1128 2058 κάτω
1177 2009 1335 2080 φορὰν
1378 2003 1750 2078 αχὺησόμεθα,
1803 2003 1907 2056 ἀλλ’

251 2091 602 2167 ἐνδεχομένως
647 2095 1121 2167 φυσιολογὴσαντες
1177 2098 1244 2156 ως
1307 2095 1444 2157 εἰκός
1491 2100 1584 2153 τὴν
1643 2091 1910 2170 διάκρισιν

249 2192 356 2245 τοῖς
407 2192 586 2256 σοφοῖς
657 2183 1007 2258 ἀναθήσομεν,
1059 2192 1166 2245 τοῖς
1223 2181 1282 2237 δέ
1337 2204 1394 2255 γε
1442 2183 1551 2254 μεθ’
1617 2187 1750 2256 ημᾶς
1797 2182 1910 2236 ἀνε-

251 2282 430 2350 ρευνᾴν
485 2274 821 2348 βουλομένοις
857 2278 924 2328 τὰ
953 2272 1271 2348 ἐνδεχόμενα
1315 2276 1431 2328 οὔτε
1478 2277 1630 2348 ἡμεῖς
1682 2274 1912 2328 κωλύσο-

253 2456 486 2524 partem
511 2453 801 2510 naturalis
827 2454 1086 2510 scientiae
1123 2453 1240 2510 levi
1269 2453 1516 2510 brachio
1558 2454 1914 2524 attingamus

255 2547 313 2598 et
339 2543 515 2614 quasi
543 2559 879 2616 praecamus
909 2543 1021 2599 illis
1049 2543 1153 2616 qui
1174 2558 1337 2598 nunc
1379 2559 1663 2616 campum
1686 2542 1919 2614 ingredi

255 2631 555 2688 voluerint
575 2632 758 2704 idque
788 2631 1090 2688 interdum
1116 2631 1337 2688 leviore
1358 2632 1606 2689 brachio
1641 2637 1707 2689 ut
1765 2633 1916 2689 dixi-

260 2737 398 2777 mus
424 2722 724 2777 interdum
743 2721 920 2777 etiam
940 2721 1296 2785 accuratius,
1317 2737 1390 2777 ne
1411 2721 1560 2778 forte
1581 2722 1642 2778 in
1665 2721 1917 2794 alicujus

255 2809 782 2882 reprehensionem
799 2810 984 2866 nostri
997 2810 1408 2883 perscrutendi
1432 2811 1696 2867 studium
1725 2811 1918 2867 incur-

255 2905 365 2955 rat.
383 2903 528 2956 Nam
544 2899 644 2971 qui
657 2899 1105 2971 philosophiam
1117 2899 1320 2956 litteris
1343 2906 1918 2973 persequuntur,no-

254 2993 525 3062 runtquo
539 2993 713 3060 pacto
726 2988 787 3044 in
805 2989 1055 3045 scientia
1082 2989 1340 3045 naturali
1357 2989 1580 3046 versari
1601 2994 1874 3062 oporteat
1900 3005 1914 3046 :

253 3094 378 3153 quo
442 3082 621 3150 pacto
668 3077 1021 3134 distribuere
1074 3084 1133 3135 et
1173 3077 1513 3149 colligendo
1562 3079 1918 3136 concludere

2007 582 2108 636 τοῖς
2177 581 2296 650 περὶ
2341 580 2399 628 τό
2487 575 2808 647 φυσιολογεῖν
2865 573 3238 648 ἀναντιρρητως
3297 575 3666 647 φιλοτιμησον-

2008 685 2114 731 ται,
2165 661 2250 717 διὸ
2296 665 2354 723 ἣν
2403 664 2585 717 ἐκεῖνοι
2645 667 2770 739 πρὸς
2817 668 2936 725 τοὺς
2987 663 3103 726 ἐξης
3150 668 3244 721 τὴν
3284 661 3332 715 ἐν
3381 671 3497 724 ταῖς
3541 683 3668 737 γρα-

2011 762 2129 826 φαῖς
2191 759 2505 826 συγγνώμην
2576 753 2861 820 ἐθέλουσιν,
2913 752 2965 815 ἐξ
3022 753 3189 804 αύτῶν
3251 754 3401 824 ἡμεῖς
3443 751 3669 816 ἐξαιτού-

2010 845 2160 916 μεθα.
2231 851 2396 896 Τοῦτο
2452 840 2510 895 δὲ
2565 843 2680 896 οὔτε
2739 840 2908 913 δειλία
2962 844 3026 902 ὡς
3077 846 3269 914 πέφυκε
3305 846 3560 916 γέγραφα,
3603 845 3671 905 ὡς

2011 939 2104 992 τὴν
2177 933 2291 985 κατ’
2344 932 2430 1005 ἐμὲ
2469 935 2642 1002 γενεὰν
2700 935 2788 1004 ἐμὲ
2840 929 3030 984 εἰδέναι
3094 936 3256 1006 μέχρι
3309 937 3534 984 καὶτῶν
3585 930 3672 1006 ἀρ-

2011 1023 2180 1096 ῥητων
2239 1020 2373 1082 ἐντός
2443 1029 2534 1082 τῆς
2588 1021 2895 1093 φιλοσοφίας
2960 1027 3268 1092 γιγνώσκειν
3321 1019 3669 1091 ἀφιλονείκως,

2013 1111 2128 1163 οὔτε
2203 1115 2261 1163 τό
2324 1113 2551 1182 κρυπτὸν
2625 1107 2770 1182 εἶχόν
2824 1128 2878 1161 τε
2947 1114 3036 1161 καὶ
3087 1105 3404 1182 κερδωτικόν
3447 1107 3532 1160 οἶα
3576 1111 3675 1161 ποί-

2016 1220 2217 1274 σχουσι
2256 1203 2304 1252 οἱ
2345 1199 2540 1270 πολλοὶ,
2602 1204 2690 1258 τὴν
2736 1195 3041 1256 συνείδησιν
3100 1197 3391 1260 ἀπατῶντες
3450 1202 3540 1250 καὶ
3595 1217 3674 1269 γε·

2012 1292 2196 1344 ).αστοὶ
2238 1295 2492 1362 γινόμενοι
2531 1299 2602 1360 τῷ
2640 1289 2791 1360 γελᾲν
2845 1291 2920 1359 (2)
2968 1294 3055 1340 καὶ
3108 1287 3156 1340 ἐν
3217 1289 3419 1356 οἰκείοι,
3466 1287 3676 1362 ἀρκύοις

2015 1380 2418 1452 ἀγχονιζόμενοι
2469 1399 2482 1413 ·
2533 1377 2658 1430 ἀλλὰ
2713 1379 2986 1450 φιλόσοφος
3042 1378 3109 1429 ὠν
3170 1382 3351 1430 καὶτὸ
3409 1386 3675 1430 ταπεινού-

2016 1472 2140 1523 σθαι
2195 1475 2463 1540 γινώσκων
2521 1467 2694 1534 καλόν,
2764 1471 2850 1519 καὶ
2909 1470 2967 1520 τό
3025 1472 3229 1541 μέτριον
3302 1468 3509 1541 ἀρετὴν,
3587 1472 3676 1520 καὶ

2013 1561 2079 1611 τὰ
2125 1561 2260 1630 μὲσα
2318 1557 2626 1632 ἀκρότητας.
2679 1561 2768 1609 καὶ
2824 1559 2920 1617 τὰς
2970 1555 3263 1630 ἀκρότητας
3298 1555 3346 1607 ἓν
3399 1560 3673 1628 μεσότητι,

2013 1651 2257 1720 καὶπρὸς
2290 1650 2493 1708 τούτοις
2521 1651 2611 1698 καὶ
2640 1645 2722 1698 ἐπὶ
2779 1646 2980 1706 τούτοις
3034 1648 3112 1698 ὅτι
3165 1647 3366 1710 θνητὸς,
3421 1647 3502 1697 ὅτι
3547 1648 3679 1718 πρὸς

2018 1733 2302 1798 σνδούλους
2367 1735 2496 1808 βοῶ,
2574 1738 2654 1787 ὅτι
2723 1739 2852 1809 πρὸς
2927 1734 3280 1808 ἐπιστήμονας
3352 1732 3678 1807 διατίθεμαι,

1635 1827 1751 1877 οὔτε
1807 1829 1908 1896 μην
1947 1826 2096 1892 Βότι
2172 1828 2239 1888 εἷς
2300 1831 2390 1878 καὶ
2449 1829 2601 1897 μόνος
2656 1825 2796 1878 ἐστὶν
2850 1826 2876 1877 ό
2936 1830 3129 1899 κυρίως
3182 1830 3270 1877 καὶ
3311 1828 3466 1886 ὄντως
3526 1829 3678 1896 σοφός

2017 1920 2174 1977 οὕτως
2258 1911 2321 1973 δὴ
2375 1915 2523 1986 λέγω,
2591 1922 2764 1966 πᾶσαν
2822 1912 2881 1967 δὲ
2963 1919 3055 1972 τὴν
3112 1921 3324 1987 γνώμην
3365 1916 3510 1986 ἡμῶν
3570 1921 3680 1975 τοῖς

2016 2009 2319 2080 κρειττόνως
2414 2006 2721 2077 εὑρίσκουσι
2827 2004 3242 2080 προσκολλὼμεν.
3339 2008 3444 2062 Τὴν
3518 2007 3679 2076 χάριν

2020 2092 2079 2148 δε
2125 2103 2216 2147 τοῦ
2291 2093 2497 2167 βιϐλίου
2572 2103 2662 2154 τῆς
2718 2091 3016 2166 ἐπιστήμης
3075 2090 3144 2151 δη
3211 2097 3410 2154 ταύτης
3462 2091 3682 2155 ἐξαυτῆς

2021 2189 2113 2238 σύν
2160 2193 2220 2257 τῇ
2283 2189 2566 2256 συγγνώμη
2621 2183 2906 2256 αἰτούμεθα
2960 2201 2976 2219 ο
3034 2179 3173 2236 ἴδιον
3225 2185 3323 2256 γὰρ
3393 2182 3682 2254 φιλοτιμεῖ-

2023 2277 2147 2328 σθαι
2196 2282 2301 2336 τοῖς
2350 2277 2544 2340 ὁμοίοις
2598 2276 2645 2326 οἱ
2705 2275 2876 2347 ὅμοιοι
2908 2270 3201 2349 δωρήματα
3253 2274 3320 2326 τὰ
3356 2271 3678 2330 κατάλληλα.

2023 2453 2409 2528 quisitionem
2436 2451 2804 2526 sapientibus
2816 2452 3246 2527 relinquemus.
3263 2451 3437 2520 Quod
3449 2450 3686 2525 quomi-

2023 2559 2140 2600 nus
2164 2543 2384 2601 faciant
2421 2559 2616 2615 neque
2652 2559 2689 2600 a
2726 2542 2924 2613 nobis,
2963 2558 3161 2616 neque
3233 2559 3270 2599 a
3300 2543 3422 2599 fato
3478 2541 3682 2614 aliquo

2024 2632 2446 2705 impedientur.
2488 2631 2779 2704 Equidem
2808 2631 2922 2688 hoc
2945 2637 3106 2689 ccrto
3146 2632 3289 2700 scio,
3313 2632 3439 2688 fore
3477 2645 3549 2686 ex
3581 2645 3686 2702 po-

2027 2723 2194 2778 steris
2221 2722 2455 2795 aliquos
2477 2723 2580 2794 qui
2602 2737 2724 2777 non
2737 2721 3185 2778 contradicendi
3202 2721 3398 2777 studio
3411 2719 3685 2778 eamdem

2025 2810 2087 2866 in
2118 2811 2233 2867 hac
2258 2809 2652 2883 philosophiae
2673 2816 2842 2882 parte
2874 2827 3145 2883 operam,
3191 2815 3438 2883 ponant.
3491 2812 3687 2876 Quare

2027 2915 2216 2973 quam
2255 2900 2335 2956 illi
2364 2900 2600 2956 veniam
2633 2900 2933 2973 aposteris
2969 2899 3362 2956 suislibenter
3379 2902 3684 2971 exspecta-

2026 2990 2179 3046 bunt
2223 2990 2382 3046 hanc
2437 3005 2548 3046 nos
2627 2989 2706 3045 ab
2751 2989 2898 3062 ipsis
2962 2990 3244 3062 petimus.
3302 2991 3503 3063 Neque
3544 3003 3687 3043 vero

2027 3080 2295 3150 ignaram
2324 3084 2381 3136 et
2420 3078 2895 3136 somniculosam
2917 3095 3166 3152 operam
3196 3080 3256 3136 in
3285 3079 3378 3135 his
3420 3077 3686 3135 conscri-

255 3183 503 3224 necesse
533 3167 627 3224 sit.
664 3167 888 3224 Idcirco
920 3167 980 3223 in
1010 3167 1296 3224 omnibus
1327 3169 1575 3226 omnino
1630 3174 1687 3224 et
1714 3184 1920 3225 secun-
1951 3166 1991 3221 C
2025 3170 2241 3227 bendis
2281 3170 2620 3242 posuimus,
2666 3173 2724 3226 et
2753 3185 2958 3226 meum
2997 3170 3114 3226 hoc
3158 3167 3447 3227 saeculum
3486 3165 3689 3224 testari

257 3257 407 3313 dum
428 3256 634 3313 omnia
665 3257 955 3328 Stagiritae
992 3257 1505 3330 obtemperamus,
1531 3273 1644 3315 nos
1677 3275 1922 3332 quoque

259 3345 524 3403 scientiae
553 3345 846 3402 naturalis
879 3346 1133 3402 studiosi
1163 3347 1425 3404 rationes
1483 3348 1590 3404 viri
1641 3347 1796 3404 illius
1845 3349 1922 3406 ad

258 3441 434 3493 tenue
455 3440 510 3493 et
541 3435 618 3492 ad
649 3443 958 3492 concisum
997 3436 1269 3494 elimatas
1299 3436 1489 3494 fusius
1529 3437 1919 3511 explicamus,

259 3526 557 3582 elicientes
586 3526 743 3582 hanc
775 3526 1122 3599 opinionem
1154 3543 1222 3583 ex
1251 3526 1347 3583 ille
1379 3544 1513 3600 quae
1543 3544 1652 3602 per
1681 3528 1923 3600 insigni-

260 3619 351 3672 tas
381 3615 648 3689 corporis
689 3621 866 3672 notas
893 3616 1208 3687 colligitur.
1243 3618 1442 3690 Neque
1474 3619 1635 3674 enim
1667 3617 1924 3674 dicimus

259 3705 423 3762 hunc
451 3705 513 3761 in
537 3705 788 3762 modum
820 3725 832 3762 :
870 3706 1054 3762 Fortis
1076 3705 1170 3762 ille
1193 3710 1282 3762 est
1311 3707 1415 3779 qui
1447 3722 1704 3777 magnas
1745 3708 1928 3764 habet

261 3795 680 3861 extremitates;
706 3794 831 3851 sed.
859 3795 968 3860 Qui
990 3795 1105 3851 hoc
1128 3795 1222 3851 vel
1251 3795 1352 3852 illo
1389 3796 1572 3852 modo
1592 3796 1927 3853 secundum

261 3883 718 3955 coniugationes
777 3887 1143 3956 temperatus
1185 3887 1290 3939 est.
1333 3886 1480 3940 Nam
1519 3900 1592 3940 ex
1630 3885 1926 3956 insignitis

261 3972 530 4045 corporis
569 3972 730 4029 notis
767 3972 1204 4044 figurationum
1229 3973 1554 4030 discrimen
1585 3975 1925 4032 considera-

259 4066 354 4120 tur
387 4078 402 4129 ;
433 4061 529 4118 hic
557 4068 759 4118 autem
786 4061 1116 4120 humorum
1153 4067 1210 4119 et
1247 4064 1509 4136 partium
1542 4063 1760 4120 animae
1791 4080 1926 4137 pro-

255 4152 540 4225 prietates
562 4151 1002 4224 expenduntur.
1029 4154 1154 4219 Quo
1178 4153 1241 4208 tit
1265 4158 1326 4210 ut
1346 4152 1489 4209 illud
1514 4154 1680 4227 quod
1696 4154 1924 4211 ratione

261 4241 656 4310 concluditur,
703 4241 874 4298 tacite
937 4241 1316 4313 intelligatur.
1380 4245 1527 4299 Cum
1607 4243 1786 4315 igitur
1849 4243 1924 4301 de

261 4331 761 4404 conjugationum
777 4331 1009 4400 ordine,
1054 4333 1414 4402 inventione,
1447 4332 1839 4391 collocatione
1870 4339 1926 4392 et

259 4421 700 4496 permutatione
727 4426 1004 4478 accurate
1031 4421 1314 4495 diximus,
1341 4438 1658 4496 nunquam
1682 4423 1921 4480 erubes-

2029 3263 2222 3334 potest
2250 3258 2681 3331 respleresque
2703 3257 2968 3315 occultas
3012 3264 3068 3316 et
3135 3257 3214 3315 ab
3279 3258 3412 3330 ipsa
3473 3261 3691 3315 natura

2031 3349 2333 3406 involutas
2366 3348 2511 3404 mihi
2539 3352 2776 3422 apertas
2815 3353 2877 3404 et
2946 3348 3300 3406 manifestas
3360 3349 3639 3405 exsistere
3672 3364 3685 3404 :

2031 3454 2215 3512 quam
2241 3453 2386 3495 sane
2404 3437 3692 3511 cognitioneminsolenteretintemperanter

2030 3545 2156 3601 pra:
2185 3544 2280 3584 me
2306 3528 2457 3584 ferre
2498 3527 2704 3584 nolim.
2743 3531 2946 3602 Neque
2993 3528 3122 3585 haec
3179 3544 3404 3585 arcana
3451 3543 3691 3584 mecum

2031 3617 2218 3674 habui
2241 3622 2455 3685 astute,
2484 3617 2750 3674 utsolent
2765 3618 3047 3692 multiqui
3067 3618 3499 3675 conscientiam
3515 3633 3692 3674 suam

2033 3707 2142 3780 ipsi
2172 3706 2405 3776 fallunt,
2439 3707 2551 3780 ipsi
2593 3723 2654 3762 se
2693 3706 2940 3764 ridicule
2970 3708 3217 3764 insanos
3256 3712 3578 3776 ostentant,
3622 3722 3693 3764 ac

2035 3796 2158 3853 suis
2183 3797 2295 3870 ipsi
2321 3796 2546 3853 retibus
2572 3797 2919 3854 suffocatur.
2956 3797 3070 3854 Sed
3098 3814 3238 3855 cum
3278 3814 3389 3869 ego
3423 3798 3538 3854 sim
3560 3796 3694 3870 phi-

2033 3885 2345 3960 losophus,
2371 3886 2679 3959 sciamque
2702 3887 3060 3945 modestiam
3076 3903 3204 3944 esse
3229 3904 3366 3944 cum
3380 3887 3694 3945 honestate

2035 3976 2421 4049 conjunctam
2453 3982 2509 4034 et
2541 3976 3010 4034 moderationem
3047 3993 3175 4035 esse
3198 3978 3696 4035 virtutcmzitem-

2033 4081 2152 4139 que
2174 4082 2309 4140 quae
2338 4066 2540 4124 media
2571 4067 2709 4138 sint,
2745 4079 3006 4142 quaeque
3028 4073 3294 4124 extrema
3322 4068 3384 4124 in
3411 4067 3698 4125 humanis

2033 4155 2419 4213 actionibus:
2477 4160 2762 4229 praeterea
2806 4173 2944 4213 cum
3005 4156 3183 4214 sciam
3236 4173 3333 4214 me
3380 4156 3698 4215 mortalem

2033 4260 2165 4302 esse
2179 4245 2445 4319 mihique
2458 4262 2630 4320 opem
2647 4262 3070 4304 conservorum
3087 4263 3218 4304 esse
3234 4247 3696 4320 implorandam:

2032 4350 2131 4392 me
2153 4351 2292 4391 cum
2325 4336 2699 4408 sapientibus
2739 4338 2986 4407 versari,
3027 4353 3220 4394 unum
3260 4337 3523 4410 denique
3562 4353 3696 4394 esse

2030 4425 2288 4498 perfecte
2302 4430 2506 4482 etvere
2525 4426 2888 4498 sapientem:
2915 4425 3054 4483 ldeo
3077 4425 3137 4482 in
3159 4425 3318 4484 hanc
3341 4427 3700 4483 sententiam

257 4511 664 4586 cemus,quod
681 4512 1102 4570 convenienter
1121 4517 1352 4570 naturae
1383 4513 1691 4587 principiis
1721 4513 1922 4572 docui-
1954 4533 1998 4587 ι)
2034 4529 2377 4571 sermonem
2407 4531 2613 4572 meum
2639 4515 2936 4572 concludo
2964 4534 2976 4572 :
3008 4520 3072 4573 ut
3097 4521 3312 4573 nostra
3343 4516 3703 4573 sententiam

255 4619 397 4660 mus
423 4601 499 4658 de
535 4602 1044 4675 temperationum
1082 4602 1634 4674 conjugationibus,
1675 4603 1822 4660 illud
1860 4605 1921 4661 in

257 4691 590 4748 individuis
621 4691 769 4764 ipsis
800 4691 1118 4748 ostendere
1151 4709 1164 4746 :
1196 4707 1394 4765 neque
1432 4692 1547 4748 hoc
1585 4692 1784 4766 ipsum
1817 4709 1922 4750 un-

257 4797 445 4854 quam
459 4796 782 4837 renuemus
795 4796 992 4855 neque
1010 4781 1517 4852 subterfugiemus
1537 4799 1549 4837 :
1564 4797 1759 4855 neque
1780 4799 1918 4840 vero

259 4870 572 4929 abinﬁma
630 4885 887 4944 quisque
949 4870 1407 4942 descendemus,
1448 4871 1554 4928 sed
1591 4877 1916 4946 postquam

259 4966 592 5035 utcumque
613 4961 968 5035 perscrutati
993 4961 1308 5031 fuerimus,
1333 4962 1769 5021 accuratiorem
1789 4962 1916 5021 dis-

2031 4604 2445 4677 adjungamus
2472 4607 2776 4662 sententiae
2823 4605 3062 4662 illorum
3121 4607 3226 4679 qui
3255 4606 3506 4664 meliora
3533 4621 3704 4679 repe.

2028 4695 2200 4752 rient.
2244 4695 2511 4752 Gratiam
2548 4711 2690 4752 vero
2718 4701 2964 4770 propter
3007 4696 3345 4754 doctrinam
3379 4701 3436 4754 et
3471 4700 3704 4754 senten‘

2028 4785 2174 4843 tiam
2192 4790 2442 4843 nostran
2460 4786 2574 4844 hoc
2592 4785 2746 4843 libro
2770 4786 3274 4860 comprehensam
3292 4787 3704 4862 deposcimus-

2027 4879 2131 4935 Est
2159 4876 2320 4932 enim
2351 4890 2597 4949 aequum
2619 4881 2683 4934 ut
2705 4875 2929 4933 similes
2955 4893 2991 4934 a
3022 4876 3320 4935 similibus
3343 4882 3556 4936 mutua
3586 4882 3704 4935 stu-

2026 4964 2273 5022 diorum
2308 4978 2565 5023 munera
2600 4965 2866 5024 studiose
2905 4971 3272 5041 exspectent.

261 5195 709 5287 Diagramma
739 5192 1200 5290 adjiciendum
1231 5197 1429 5267 tertio
1488 5195 1790 5295 sermoni
1819 5195 2158 5268 Theodori
2185 5200 2416 5295 Ducas,
2454 5200 2523 5268 in
2551 5221 2685 5292 quo
2743 5224 3110 5272 numerum
3137 5201 3707 5295 conjugationum

1448 5287 1534 5357 ob
1577 5291 1810 5358 oculos
1850 5313 2106 5381 ponere
2144 5286 2513 5359 voluimus.

548 5427 607 5483 Ἦ
636 5427 771 5490 ἀπ’λῆ
801 5433 889 5511 καῖ
916 5435 1097 5504 πρώτη
1142 5429 1388 5511 συζυγία.
2591 5440 2624 5511 2
2665 5456 2698 5490 α
2813 5456 2865 5511 γ.
2983 5435 3016 5501 ξ
3054 5458 3084 5498 η
3127 5439 3153 5493 0

473 5570 604 5583 ..-
714 5501 973 5583 ,αὲγλ
1087 5501 1319 5583 εέηθ
2591 5501 2872 5583 3αβίγ.
2985 5511 3159 5572 ηοξ

336 5570 1280 5656 terrea-4.2-222-..scn.
1387 5649 1397 5656 .
1539 5648 1614 5656 ..
2008 5649 2086 5656 .-
2277 5652 2315 5656 __
2592 5570 2872 5656 “29'?-
2989 5570 3162 5646 εοξ

337 5642 704 5724 (ιξὶ-ξΑναιρεῖν
736 5643 771 5700 δ
775 5642 900 5724 όξοιυ
920 5642 980 5698 ’ἐκ
1007 5642 1183 5724 δόξας,
1222 5647 1287 5704 id
1314 5649 1423 5720 est,
1447 5648 1788 5722 opinionem
1815 5664 1892 5715 ea:
1916 5649 2143 5724 opinio:

2028 5651 2198 5712 nione
2235 5652 2465 5713 elicere.

342 5716 422 5790 (2)
444 5716 609 5790 Lego'
628 5717 872 5792 γελαστοὶ
895 5726 998 5773 τῶν
1025 5719 1312 5795 γελαστῷν.
