4444 6452
267 389 405 443 1317

1129 386 1483 442 THEODORI
1536 387 1581 439 ῐῐ
1627 387 1764 441 IMP.
1810 386 1901 441 DE
1948 385 2407 446 COMMUNIONE
2458 389 2809 447 NATL'RALI

3520 399 3661 457 1318

264 562 3648 601 w

541 858 1717 1040 ΘΕΟΔΩΡΟΥ
1818 868 2232 1040 ΤΟΥ
2352 870 3367 1048 ΑΑΣΚΑΡΙ

468 1241 619 1288 ΤΟΥ
706 1240 887 1288 ΥΙΟΥ
976 1240 1125 1286 ΤΟΥ
1212 1236 1594 1289 ΜΕΓΑΛΟΥ
1685 1242 2063 1289 ΒΑΣΙΛΕΩΣ
2154 1244 2404 1293 ΚΥΡΟΥ
2497 1246 2858 1296 ΙΩΑΝΝΟΥ
2945 1251 3095 1297 ΤΟΥ
3183 1252 3444 1300 ΔΟΥΚΔ

980 1502 1292 1615 ΤΗΣ
1359 1504 2027 1620 ΦΥΣΙΚΗΣ
2097 1508 2964 1626 ΚΟΙΝΩΝΙΑΣ

1426 1826 1819 1915 ΛΟΓΟΣ
1904 1832 2497 1918 ΤΕΤΑΡΤΟΣο

935 2258 1953 2406 THEODOBI
2058 2266 2994 2410 LASCARIS

745 2617 937 2680 FILII
1025 2619 1314 2682 SUMMI
1399 2620 1986 2689 IMPERATORIS

2072 2627 2394 2691 DOMIMI
2476 2631 2835 2696 JOANNIS
2924 2634 3179 2698 DUCIE

910 2889 1101 3009 DE
1197 2890 1948 3014 NATURALI
2050 2895 3027 3019 COMMUNIONE

1420 3240 1818 3333 SEBMO
1914 3241 2507 3355 QUARTUS.

328 3716 390 3770 α’.
454 3724 812 3790 Τοσαυταχῶς
878 3726 965 3771 οῦν
1014 3721 1106 3781 τὰς
1157 3723 1205 3771 ἓν
1263 3718 1554 3795 ἀνθρώποις
1604 3730 1785 3794 χυρῶν
1856 3741 1909 3774 τε
1943 3724 2073 3775 Ατό
2131 3726 2292 3775 ποσὸν
2347 3722 2617 3795 εὑρεθῆναι
2674 3718 2933 3774 ἀδύνατον
2985 3744 2999 3756 ·

254 3811 343 3858 καὶ
408 3806 655 3879 ψυχικῶν
715 3817 879 3880 μερῶν
939 3814 1204 3870 κοινωνίας
1271 3812 1501 3883 εὑρόντες
1553 3813 1903 3885 γεγράφαμεν,

254 3898 323 3957 ὡς
363 3892 489 3961 ἔδει,
549 3895 915 3970 ἐρευνήσαντες
957 3902 1077 3973 πρίν
1141 3920 1153 3931 ε
1194 3899 1253 3950 οὑ
1322 3899 1670 3973 περικλείομεν
1733 3897 1791 3952 δὲ
1844 3903 1910 3953 τὰ

256 3981 524 4057 ἰδιώματα
568 3996 668 4037 τῶν
734 4006 787 4039 τε
848 3990 984 4039 κατὰ
1056 3988 1206 4059 λόγον
1268 3987 1643 4060 ἐργαζομένων,
1702 3997 1799 4041 τῶν
1856 4010 1910 4043 τε

252 4078 387 4127 κατὰ
414 4076 595 4148 θυμὸν,
628 4084 728 4127 τῶν
779 4096 832 4129 τε
886 4076 999 4129 κατ’
1054 4077 1357 4150 ἐπιθυμίαν,
1416 4083 1507 4131 καὶ
1553 4088 1653 4131 τῶν
1706 4082 1909 4152 ἕκάστῳ

254 4162 630 4236 ἀφωσιωμένων
676 4174 865 4238 χυμῶν
915 4165 962 4218 ἐν
1008 4175 1157 4237 ποσῷ
1214 4188 1225 4199 ·
1281 4175 1431 4219 τοῦτο
1488 4170 1586 4241 γὰρ
1650 4169 1743 4220 οὐκ
1797 4172 1910 4241 ἔχει

252 4272 333 4315 τις
370 4259 555 4327 χώραν
597 4256 782 4330 εὑρεῖν,
836 4254 968 4307 ἀλλὰ
1022 4260 1174 4328 μόνον
1232 4260 1319 4308 τὸν
1383 4255 1623 4329 ἀριθμὸν,
1670 4264 1759 4310 καὶ
1819 4263 1911 4316 τὴν

256 4347 465 4414 σχέσιν,
490 4348 579 4395 καὶ
614 4348 708 4402 τὴν
767 4350 1024 4402 ποιότητα
1074 4342 1434 4418 ἀπεδείξαμεν.
1491 4351 1559 4398 Τὸ
1608 4355 1754 4418 γοὺν,
1814 4353 1909 4400 πό-

257 4452 348 4484 σαι
405 4439 494 4486 καὶ
544 4435 720 4487 ὁποῖαι
778 4438 832 4486 αἱ
888 4441 1152 4488 κοινωνίαι
1195 4445 1294 4488 τῶν
1354 4435 1673 4510 ἀμφοτέρων,
1723 4437 1911 4510 ψυχῆς

257 4519 467 4581 δηλαδὴ
508 4529 597 4576 καὶ⁹
615 4532 825 4598 χυμῶν,
858 4522 1100 4597 ἐδείχθη,
1132 4531 1293 4579 πόσον
1331 4522 1391 4578 δὲ
1419 4532 1517 4598 μία
1538 4525 1732 4586 ἑκάστη
1795 4530 1910 4601 ἔχει

331 4704 766 4758 1.Τοῑι1υωθιό
778 4703 1103 4759 humorum
1117 4703 1179 4759 in
1198 4703 1551 4760 hominibus
1574 4708 1631 4759 et
1652 4704 1915 4776 partium

258 4790 446 4848 animi
463 4792 736 4848 inventas
750 4791 972 4848 anobis
986 4793 1446 4849 communiones
1461 4799 1516 4849 et
1527 4794 1915 4863 investigatas

255 4882 446 4954 prius,
473 4889 538 4937 ut
566 4884 847 4954 oportuit,
867 4883 1731 4956 tradidimus.Proprietatibus
1772 4901 1914 4940 vero

256 4973 564 5041 agentium
586 4978 712 5028 tum
759 4990 831 5029 ex
884 4975 1135 5040 ratione,
1199 4978 1326 5029 tum
1383 4991 1453 5030 ex
1512 4977 1801 5030 irascente
1858 4974 1915 5030 vi

3048 3730 3219 3777 ποσοῦ
3266 3726 3367 3798 γὰρ
3420 3724 3516 3778 οὐκ
3568 3724 3679 3778 ἐπί-

2018 3831 2173 3873 τασις
2218 3815 2308 3863 καὶ
2337 3812 2537 3880 ἄνεσις,
2566 3809 2671 3861 ἀλλ’
2704 3809 2819 3862 ἶσον
2852 3816 2941 3864 καὶ
2973 3810 3151 3865 ἆνισον
3185 3833 3197 3845 ⁸
3243 3812 3301 3865 οὗ
3346 3812 3559 3886 σφάλλει
3622 3810 3681 3867 δι

2018 3910 2175 3953 τοῦτο
2201 3905 2295 3958 τὴν
2327 3898 2645 3971 ἐπιστήμην.
2677 3900 2825 3955 Ἐπεὶ
2850 3908 2974 3972 γοῦν
3015 3903 3072 3953 αἱ
3123 3901 3235 3955 κατ’
3296 3900 3517 3976 ἀριθμὸν
3575 3922 3683 3955 κοι-

2018 3989 2317 4042 νωνίαιείσὶ
2348 3985 2701 4061 δεδειγμέναι,
2754 3992 3000 4051 ὡσαύτως
3056 3996 3146 4043 καὶ
3199 3997 3325 4063 μιᾶς
3368 3992 3595 4051 ἑκάστης
3647 3993 3678 4050 ἡ

2023 4076 2229 4141 ἰδιότης
2261 4100 2273 4111 ·
2318 4078 2361 4129 εἰ
2389 4080 2490 4152 γὰρ
2521 4082 2609 4129 καὶ
2639 4074 2730 4130 τοῦ
2760 4078 2968 4149 λογικοῦ
3014 4078 3223 4151 λογικὸς
3275 4082 3542 4156 ὑπερέχει,
3593 4084 3684 4133 καὶ

2020 4177 2113 4221 τοῦ
2142 4171 2364 4240 θυμικοῦ
2405 4169 2645 4238 θυμικὸς,
2703 4172 2787 4218 καὶ
2851 4176 2943 4219 τοῦ
2992 4167 3374 4242 ἐπιθυμητικοῦ
3432 4171 3685 4241 ἐπιθυμη-

2021 4277 2185 4326 τικος,
2222 4256 2354 4313 πλὴν
2388 4261 2478 4308 καὶ
2517 4256 2565 4308 οἰ
2619 4255 2900 4332 ἀμφότεροι
2939 4258 2968 4317 ἣ
3032 4261 3404 4331 ἐπιθυμητικοὶ
3469 4260 3499 4318 ἣ
3548 4259 3686 4330 λογι-

2021 4352 2158 4405 κοὶῆ
2195 4349 2405 4419 θυμικοί
2445 4346 2568 4413 εἰσι,
2601 4345 2696 4397 κᾶν
2754 4349 2826 4409 εἱς
2883 4344 3099 4399 τούτων
3134 4347 3233 4421 ἔχῃ
3279 4350 3408 4406 ὅσην
3463 4350 3523 4401 ἄν
3581 4351 3681 4420 ἔχῃ

2022 4443 2116 4495 τήν
2146 4439 2281 4488 κατὰ
2320 4439 2378 4487 τὸ
2417 4455 2586 4486 κοινον
2646 4439 2793 4487 ποιὸν
2842 4436 3104 4505 ἐπίτασιν,
3155 4439 3181 4489 ὁ
3229 4443 3416 4511 κρίνων
3480 4434 3539 4490 δὲ
3595 4434 3688 4489 διὰ

2023 4535 2177 4580 τοῦτο
2199 4526 2258 4578 οὗ
2288 4524 2649 4598 παρασφά).λει
2689 4524 2824 4578 ὥστε
2879 4525 3262 4600 ἐπιθυμητικὸν
3316 4531 3403 4580 τὸν
3462 4529 3681 4600 θυμικον

2024 4703 2268 4759 deﬁnite
2299 4718 2479 4758 nemo
2509 4702 2767 4775 reperire
2790 4706 3004 4775 potest.
3029 4706 3179 4760 Nam
3196 4703 3549 4777 quantitatis
3565 4720 3689 4761 non

2025 4797 2118 4848 est
2145 4791 2400 4848 intensio
2431 4796 2488 4847 et
2513 4792 2808 4859 remissio,
2842 4791 2948 4848 sed
2973 4792 3283 4866 aequalitas
3304 4798 3360 4849 et
3378 4793 3693 4866 inaequali-

2024 4886 2136 4938 tas.
2171 4884 2355 4938 Nemo
2377 4897 2515 4936 vero
2548 4881 2662 4937 hoc
2693 4881 2877 4937 modo
2933 4882 3326 4938 considerans
3358 4899 3394 4939 a
3440 4883 3693 4940 scientia

2025 4971 2304 5028 aberrare
2334 4974 2547 5043 potest.
2577 4972 2871 5037 Quoniam
2899 4971 3076 5041 igitur
3101 4976 3250 5045 quot
3277 4972 3403 5028 sine
3434 4988 3691 5029 numero

257 5065 435 5133 atque
465 5062 769 5131 facultate,
798 5067 921 5117 tum
942 5062 1201 5135 denique
1220 5079 1291 5118 ex
1311 5063 1633 5135 cupiditate
1652 5065 1915 5135 itemque
1951 5079 1994 5132 Β
2026 5060 2485 5115 communiones
2511 5065 2822 5115 ostensum
2836 5065 2941 5131 est,
2963 5061 3174 5116 eodem
3200 5061 3385 5117 modo
3416 5061 3693 5117 uniuscu-

253 5151 722 5224 proprietatibus
749 5152 1070 5207 humorum
1106 5152 1430 5224 unicuique
1447 5153 1910 5223 assignatorum,

254 5248 479 5296 certam
512 5257 581 5297 ac
612 5242 920 5297 definitam
950 5242 1344 5314 quantitatem
1370 5258 1488 5298 non
1512 5242 1912 5297 attribuimus.

256 5335 377 5388 Hoc
417 5332 577 5386 enim
617 5331 862 5405 reperiri
889 5347 1010 5386 non
1038 5336 1239 5403 potest
1269 5349 1281 5386 :
1340 5332 1446 5387 sed
1475 5331 1917 5388 domonstravi-

255 5438 392 5477 mus
405 5420 1050 5491 duntaxatnumerum,
1065 5420 1457 5487 habilitatem,
1476 5421 1915 5494 etqualitatem.

258 5513 415 5577 Quot
431 5515 572 5567 sunt
585 5511 765 5581 igitur
780 5510 1242 5566 communiones
1263 5515 1678 5584 utrorumque,
1698 5526 1916 5584 nempe

258 5603 446 5659 animi
466 5606 524 5658 et
538 5601 888 5668 humorum,
911 5616 946 5656 a
962 5600 1140 5656 nobis
1159 5604 1473 5657 ostensum
1492 5606 1598 5657 est.
1619 5602 1916 5667 Quantam

259 5699 461 5750 autem
484 5691 881 5764 quantitatem
910 5704 1293 5763 unaquaque
1311 5690 1659 5748 communio
1673 5690 1915 5758 habeat,

2023 5150 2244 5222 jusque
2276 5149 2722 5205 communionis
2743 5150 3078 5222 proprietas
3109 5150 3415 5206 declarata
3468 5156 3577 5207 est.
3636 5150 3693 5207 Si

2027 5240 2185 5294 enim
2204 5239 2457 5294 rationis
2489 5254 2740 5310 compos
2792 5239 3036 5294 rationis
3077 5240 3347 5312 compoti
3400 5239 3691 5296 excellere

2024 5328 2410 5401 potest,enim
2426 5327 3076 5397 iracundo,iracundus
3092 5334 3149 5386 et
3163 5329 3424 5402 cupidus
3445 5329 3688 5402 cupido,

2025 5420 2107 5476 ita
2136 5423 2337 5476 tamen
2366 5422 2429 5472 ut
2446 5416 2631 5473 ambo
2659 5416 2778 5472 sint
2800 5421 2903 5474 aut
2923 5417 3128 5490 cupidi
3148 5424 3251 5476 aut
3267 5418 3518 5475 rationis
3533 5434 3693 5475 com-

2026 5513 2220 5584 potes,
2250 5513 2355 5565 aut
2373 5507 2669 5565 iracundi.
2694 5510 3056 5581 thuamvis
3082 5526 3242 5567 unus
3263 5509 3484 5568 habeat
3504 5526 3694 5584 quan-

2025 5606 2392 5673 tamcunque
2429 5599 2654 5657 habere
2702 5606 2843 5673 post
2876 5603 3219 5659 communis
3247 5602 3551 5676 qualitatis
3601 5600 3695 5656 in-

2027 5691 2408 5760 tensionem;
2440 5705 2565 5748 non
2591 5694 2795 5748 tamen
2825 5689 3064 5750 falletur
3101 5692 3210 5767 qui
3249 5709 3323 5751 ex
3378 5692 3494 5750 illis
3560 5705 3697 5766 qua
