4444 6452
739 381 872 439 1319

2263 361 2621 428 ADDENDA.

4016 382 4154 440 1320

734 506 957 570 οἴεσθαι,
1021 501 1258 570 καθαρῶς
1317 493 1375 551 δὲ
1432 493 1690 572 διακρίνει
1745 499 1833 551 τὸν
1901 497 2274 570 ἐπιθυμητικὸν
2331 495 2384 549 ἐκ
2417 495 2466 549 Α
2497 503 2534 550 Γ
2564 499 2681 549 Δτό
2704 497 2881 570 μεῖξον
2912 501 3250 573 τετράγωνον,
3295 503 3324 562 ἡ
3371 501 3430 558 δὲ
3467 511 3507 561 Ε
3554 512 3592 558 Ζ
3638 513 3679 558 Η
3725 514 3770 559 Θ
3817 507 3876 557 τὸ
3931 505 4152 558 ἔλασσον

729 600 822 646 τοῦ
887 594 1107 664 θυμικοῡ
1175 587 1235 642 Εἰ
1301 584 1360 640 δὲ
1419 591 1509 640 καὶ
1573 589 1639 639 τὰ
1705 583 1819 645 εἴδη
1885 595 1986 639 τῶν
2051 589 2385 640 καθεκαστων

732 682 927 742 πλάτος
965 683 1095 751 ἔχει,
1141 679 1274 729 ὥστε
1311 676 1552 748 λέγεσθαι
1582 676 1628 728 ἓν
1683 676 1897 729 ἕκαστον
1951 672 2088 738 εἶδος
2146 680 2385 733 ποιότητι

730 775 825 829 τὴν
848 768 1087 822 ἐπίτασιν
1117 768 1249 818 κατὰ
1277 769 1335 818 1'6
1379 764 1610 840 ἄπειρον,
1657 766 1751 818 οὐκ
1805 765 1932 824 ἄλλη
1990 764 2088 827 κάξ
2144 765 2303 817 αὐτοῦ
2351 765 2379 822 ἠ

735 857 940 921 ἰδιότης
973 861 1265 929 γενήσεται,
1300 853 1495 907 ἐσεῖται
1523 851 1580 908 δὲ
1629 850 1658 913 ἧ
1717 859 1871 925 αυτὴ,
1928 851 2383 927 ἀποδειχθήσεται

733 944 784 1000 δ’
812 946 970 1006 οὓτως
995 949 1084 997 καὶ
1109 951 1284 1015 τοῦτο,
1307 946 1435 1016 πρὸς
1462 946 1521 995 1'6
1555 939 1723 1005 δείξαι
1762 945 1928 1014 τούτῳ
1981 951 2052 1012 τῷ
2115 947 2381 1015 σχήματι,

728 1040 808 1090 ὅτι
853 1038 938 1087 τόν
990 1035 1207 1106 θυμικὸν
1259 1035 1390 1107 πρὸς
1449 1033 1666 1104 θυμικὸν
1714 1033 1743 1090 ἡ
1805 1039 1900 1094 τῆς
1947 1036 2220 1093 ποιότητος
2271 1030 2383 1084 ἐπί-

728 1145 880 1187 τασις
913 1123 1006 1177 οὐχ
1036 1121 1184 1175 ἄλλον
1229 1129 1320 1175 τοῦ
1373 1123 1594 1195 θυμικοῦ
1653 1118 1781 1174 εἶναι
1834 1129 2014 1174 τοῦτον
2072 1127 2234 1176 ποιεῖ.
2301 1126 2386 1173 Δεῖ

728 1223 852 1289 γοῦν
885 1209 1162 1277 ἀποδεῖξαι
1188 1214 1268 1265 ὅτι
1296 1211 1392 1265 οὐκ
1445 1211 1566 1265 ἄλλο
1618 1217 1708 1266 καὶ
1759 1211 1880 1265 ἄλλο
1924 1219 2091 1266 ταῦτα
2149 1207 2243 1266 διὰ
2290 1218 2382 1265 τοῦ

728 1312 896 1359 ποσοῦ
923 1310 996 1375 τῷ
1023 1305 1120 1375 ἳσῳ
1152 1307 1236 1355 καὶ
1266 1309 1338 1372 τῷ
1377 1300 1563 1373 ἀνίσῳ.

792 2757 965 2812 Ἔστω
996 2763 1164 2813 τοίνυν
1193 2761 1259 2813 τὰ
1304 2767 1396 2813 τοῦ
1467 2764 1744 2832 σχήματος
1796 2760 2093 2834 τετράγωνα
2161 2759 2189 2818 ἡ
2245 2761 2292 2815 Α
2336 2756 2380 2812 Β

721 2922 1003 2989 diximus,
1037 2922 1310 2995 judicare
1343 2921 1593 2979 voluerit
1625 2939 1636 2988 ;
1668 2920 1748 2978 ita
1791 2926 1855 2978 ut
1905 2922 2193 2995 cupidum
2240 2937 2380 2978 cum

718 3012 1010 3070 iracundo
1032 3011 1379 3080 confundat,
1412 3011 1518 3067 sed
1541 3011 1829 3084 cupidum
1851 3011 1927 3068 ab
1949 3011 2242 3068 iracundo
2268 3011 2381 3066 sin-

721 3119 851 3159 cere
880 3118 1136 3176 vereque
1158 3101 1506 3172 distinguat.
1542 3104 1608 3157 Et
1631 3101 1908 3174 quamvis
1933 3100 2376 3158 individuorum

2493 588 2808 661 τετροίγωνον
2854 609 2866 621 ·
2926 591 3160 643 ἔστωσαν
3217 600 3341 664 γοῦν
3381 596 3410 652 ἡ
3463 600 3504 648 Α
3561 603 3596 648 Β
3651 601 3688 647 Γ
3726 601 3761 648 Δ
3822 600 4044 667 στιγμαὶ
4100 594 4152 657 ἱξ

2495 676 2561 726 ὧν
2595 679 2721 751 πρὸς
2769 677 3007 752 ἑκατέρας
3058 684 3151 739 τὴν
3197 690 3244 736 Χ
3294 689 3331 737 Φ
3378 690 3422 738 Ψ
3479 691 3525 736 Ω
3570 684 3795 737 ἐνοῦνται
3826 706 3838 718 ο
3878 686 3907 742 ἡ
3943 691 3982 736 Α
4027 680 4152 756 γοῦν

2495 774 2556 838 τῇ
2591 773 2627 819 Β
2670 772 2758 820 καὶ
2807 769 2933 827 αὐτὴ
2994 777 3055 843 τῇ
3114 777 3151 824 Γ
3207 776 3297 824 καὶ
3352 773 3484 832 αὕτη
3540 781 3601 846 τῇ
3660 780 3715 840 Δ,
3767 779 3856 826 καὶ
3914 773 4045 832 αὑτὴ
4107 780 4150 827 Δ

2495 855 2729 909 ἔστωσαν
2762 859 2788 915 ὁ
2823 866 2870 913 Ψ
2891 865 2929 912 Φ
2961 866 2998 913 Φ
3027 867 3074 912 Ω
3101 867 3148 913 Ω
3179 869 3227 917 Χ
3255 870 3302 916 Χ
3333 870 3378 917 Ψ
3407 867 3496 915 καὶ
3538 869 3826 923 ποιήσουσι
3883 866 3942 915 τὸ
3996 863 4150 916 ἔλασ-

2497 966 2584 1000 σον
2607 950 2922 1022 τετράγωνον
2955 956 2992 1003 Ε
3021 957 3058 1002 Ζ
3085 957 3127 1004 Η
3156 960 3200 1005 Θ
3227 973 3239 985 ·
3283 951 3517 1006 ἓστωσαν
3569 961 3691 1026 γοῦν
3750 958 3838 1006 καὶ
3893 954 3960 1006 τα
4009 960 4055 1006 Ν
4114 960 4150 1006 Ρ

2493 1041 2605 1090 ΛΠ
2640 1044 2851 1110 σημεῖα,
2880 1042 3016 1110 μέσα
3043 1049 3139 1092 τῶν
3166 1048 3204 1095 Ε
3249 1048 3287 1094 Ζ
3343 1049 3384 1095 Η
3445 1049 3489 1095 Θ
3547 1047 3794 1115 σημείων,
3839 1045 3906 1104 ὡς
3955 1046 4043 1095 καὶ
4086 1042 4154 1094 τὰ

2494 1134 2748 1183 ΨΦΩΧ
2778 1136 2874 1181 τῶν
2907 1135 3137 1183 ΑΒΓΔ
3185 1137 3412 1204 σημείων
3476 1152 3488 1167 ο
3548 1135 3612 1194 ὡς
3661 1140 3784 1204 γοῦν
3843 1134 3872 1190 ἡ
3922 1138 3963 1186 Α
4021 1134 4152 1207 πρὸς

2492 1223 2586 1278 τὴν
2613 1220 2675 1290 Β,
2709 1220 2739 1278 ἠ
2774 1223 2961 1294 Επρὸς
2990 1225 3085 1278 τὴν
3111 1227 3170 1290 Ζ,
3194 1227 3282 1274 καὶ
3313 1225 3376 1284 ὡς
3407 1222 3436 1281 ἡ
3491 1230 3527 1275 Β
3578 1241 3710 1297 προς
3762 1226 3855 1280 τὴν
3903 1225 3960 1288 Γ,
4020 1223 4050 1280 ἡ
4113 1228 4154 1273 Ζ

2491 1311 2620 1382 πρὸς
2650 1313 2742 1368 τὴν
2768 1316 2832 1375 Η,
2865 1311 3103 1372 κοιὶώςὴ
3138 1317 3194 1379 Γ,
3227 1315 3352 1385 πρὸς
3382 1316 3476 1370 τὴν
3522 1318 3577 1382 Δ,
3610 1314 3638 1371 ἡ
3672 1318 3714 1364 Η
3759 1315 3884 1384 πρὸς
3939 1316 4030 1369 τὴν
4081 1318 4152 1378 Θ,

2492 1403 2582 1449 καὶ
2610 1399 2677 1459 ὡς
2706 1399 2735 1455 ἡ
2762 1404 2796 1450 Δ
2817 1401 2941 1471 πρὸς
2967 1403 3059 1458 τὴν
3095 1406 3155 1466 Α,
3185 1399 3213 1458 ἡ
3245 1404 3282 1453 Θ
3313 1404 3442 1474 πρὸς
3483 1404 3575 1458 τὴν
3631 1407 3689 1469 Ε,
3731 1405 3821 1453 καὶ
3871 1400 4024 1453 πάλιν
4083 1403 4156 1461 ὡς

2491 1491 2549 1540 τὸ
2573 1486 2882 1560 ἐπιζευχθὲν
2913 1494 2959 1542 Ψ
2989 1496 3027 1542 Φ
3059 1497 3095 1541 Β
3124 1495 3368 1564 τρίγωνον
3413 1494 3543 1566 πρὸς
3570 1493 3627 1543 τὸ
3690 1498 3734 1542 Ν
3777 1497 3814 1542 Ζ
3871 1498 3906 1544 Ρ
3962 1495 4158 1564 τρίγω-

2491 1576 2779 1645 νον,οὐτως
2805 1581 2894 1630 καὶ
2942 1581 2999 1629 τὸ
3046 1585 3091 1632 Ψ
3140 1585 3187 1631 Χ
3241 1586 3280 1632 Α
3349 1584 3598 1653 τρίγωνον
3658 1582 3864 1652 πρὸςτό
3920 1586 3962 1631 Π
4021 1585 4060 1632 Ε
4105 1585 4152 1630 Ν

2493 1671 2762 1740 τρίγωνον,
2795 1668 3257 1727 καὶὡςτὸΧΩΔ
3299 1673 3547 1740 τρίγωνον
3616 1671 3742 1741 πρὸς
3797 1671 3856 1720 τὸ
3912 1673 3959 1721 Λ
4008 1675 4052 1720 Π
4103 1676 4152 1721 Θ

2491 1761 2758 1829 τρίγωνον,
2791 1759 2950 1817 οὕτως
2974 1761 3063 1808 καὶ
3111 1759 3168 1808 τό
3216 1764 3264 1808 Ω
3305 1763 3343 1810 Φ
3389 1763 3426 1808 Γ
3490 1762 3737 1831 τρίγωνον
3803 1760 3936 1829 πρὸς
3985 1760 4045 1808 τό
4106 1763 4154 1809 Λ

2414 1845 2458 1899 Β
2492 1852 2527 1897 Ρ
2582 1852 2624 1898 Η
2682 1850 2950 1918 τρίγωνον.
3017 1845 3271 1920 ’Υπάρχει
3335 1853 3460 1918 γοῦν
3518 1849 3576 1898 1'6
3639 1853 3683 1900 Ψ
3729 1852 3765 1900 Φ
3815 1853 3852 1898 Β
3899 1851 4155 1919 τρίγωνον

2492 1935 2666 2005 ὅμοιον
2719 1942 2780 2006 τῇ
2834 1939 3076 1992 ποιότητι
3131 1943 3230 1986 τῶν
3284 1942 3328 1988 Ν
3379 1942 3415 1988 Ρ
3472 1942 3510 1987 Ζ
3563 1940 3819 2010 τριγώνῳ,
3883 1934 4016 1992 πλὴν
4103 1931 4156 1985 δ’

2493 2021 2598 2074 ἀλλ’
2641 2023 2697 2075 οὗ
2729 2032 2800 2094 τῷ
2832 2023 2949 2096 ἶσῳ,
2983 2029 3068 2076 καὶ
3111 2024 3334 2087 καθεξῆς
3388 2027 3445 2077 τό
3505 2031 3550 2079 Ψ
3602 2032 3647 2078 Χ
3695 2031 3734 2078 Α
3788 2029 4035 2096 τρίγωνον
4082 2031 4156 2094 τῷ

2493 2118 2535 2164 Π
2567 2119 2611 2164 Ν
2643 2119 2952 2186 Ετριγώνῳ,
2985 2115 3232 2175 ὡσαύτως
3265 2110 3324 2166 δὲ
3382 2118 3469 2166 καὶ
3524 2117 3580 2166 τὸ
3633 2121 3678 2167 Χ
3716 2121 3763 2165 Ω
3811 2119 3846 2164 Δ
3904 2117 4154 2185 τρίγωνον

2491 2210 2562 2272 τῷ
2594 2209 2639 2255 Λ
2671 2209 2713 2255 Il
2747 2208 3071 2276 Θτριγώνῳ,
3121 2207 3295 2256 καὶτὸ
3345 2211 3392 2254 Ω
3435 2209 3472 2256 Φ
3509 2209 3546 2255 Γ
3590 2207 3838 2277 τρίγωνον
3886 2211 3957 2274 τῷ
4012 2209 4058 2255 Λ
4117 2208 4156 2254 Ρ

2493 2301 2535 2346 ΙΙ
2569 2299 2820 2365 τριγώνῳ,
2845 2297 2932 2344 καὶ
2959 2291 3112 2344 παὶ-ιν
3134 2293 3206 2354 εἰς
3234 2296 3293 2344 1'6
3320 2292 3629 2365 ἐπιξενχθὲν
3684 2299 3727 2345 Ν
3793 2300 3828 2346 Ρ
3874 2298 3920 2345 Λ
3970 2298 4012 2344 Π
4076 2310 4157 2344 τε-

2491 2385 2833 2457 τετράγωνον,
2883 2379 3245 2453 ἆγκείσθωσαν
3302 2385 3436 2435 κατὰ
3486 2386 3580 2441 τὴν
3640 2385 3827 2435 τούτου
3875 2388 3968 2433 τοῦ
4022 2388 4066 2433 Ν
4113 2381 4155 2436 Ρ

2495 2479 2605 2525 ΛΠ
2636 2475 2761 2547 πρὸς
2793 2476 2993 2525 τὼΨΦ
3050 2480 3096 2523 Ω
3145 2479 3191 2527 Χ
3235 2471 3401 2541 τάξιν,
3456 2475 3523 2524 τὰ
3568 2478 3608 2525 Τ
3653 2480 3692 2526 Υ
3749 2478 3789 2524 Κ
3845 2479 3877 2524 Σ
3936 2471 4153 2543 σημεῖα,

2493 2563 2891 2634 ἐπιζεύχθωσαν
2919 2559 2979 2615 δὲ
3005 2568 3095 2616 καὶ
3122 2571 3288 2615 ταῦτα
3333 2571 3405 2633 τῷ
3457 2569 3497 2616 Τ
3541 2571 3581 2616 Υ
3633 2569 3676 2616 Κ
3733 2570 3765 2614 Σ
3827 2566 3916 2614 καὶ
3956 2560 4158 2614 ἐσεῖται

2491 2656 2578 2706 ταὶ
2619 2661 2784 2706 ταῦτα
2825 2650 2917 2706 ἶσα
2958 2655 3025 2706 τὰ
3066 2656 3322 2728 τρίρωναο
3358 2654 3422 2714 ὡς
3476 2660 3602 2724 ’γοῦν
3643 2656 3702 2706 τό
3757 2659 3799 2706 ll
3849 2659 3892 2706 Λ
3948 2660 3993 2706 Θ
4045 2657 4160 2724 τρί-

2493 2833 2772 2908 aequales,
2802 2833 2961 2890 linea
2990 2832 3239 2907 quidem
3271 2837 3315 2889 A
3339 2832 3511 2890 lineae
3543 2835 3601 2902 Β,
3626 2832 3833 2890 ethtec
3859 2833 4030 2889 linea:
4089 2835 4155 2891 C.

2492 2929 2549 2980 et
2577 2923 2706 2980 haec
2734 2923 2907 2980 lineae
2940 2926 3004 2993 D,
3035 2927 3092 2979 et
3123 2922 3452 2979 hzedlineae
3477 2928 3541 2979 Α.
3577 2923 3805 2979 Puncta
3841 2922 4014 2994 igitur
4037 2922 4082 2977 V
4116 2926 4158 2978 Χ

2491 3016 2534 3070 Υ
2563 3017 2597 3068 Ζ
2614 3019 2919 3086 ponantur
2937 3012 3140 3070 media
3164 3014 3316 3070 inter
3340 3019 3382 3068 A
3405 3015 3443 3067 Β
3462 3016 3501 3071 C
3525 3016 3589 3083 D,
3619 3019 3676 3069 et
3705 3013 4159 3084 conjungantur

2490 3103 2642 3159 inter
2683 3119 2745 3159 se
2781 3106 2823 3159 Y
2849 3105 2907 3158 X.
2944 3103 2986 3158 Χ
3020 3104 3076 3157 Ζ.
3109 3105 3153 3158 V
3200 3104 3242 3158 Y
3283 3100 3537 3159 eﬂicient
3567 3117 3686 3175 que
3734 3103 3935 3158 minus
4001 3118 4159 3175 qua-

718 3193 926 3249 formae
948 3191 1428 3265 (l)latitudinem
1449 3190 1717 3247 habeant
1741 3189 1893 3247 adeo
1920 3195 2378 3264 utunaquaeque
2412 3201 2453 3258 C
2491 3193 2856 3265 drangulum
2891 3195 2930 3248 E
2963 3195 3000 3248 F
3033 3195 3073 3249 G
3108 3194 3172 3248 H.
3204 3193 3366 3248 Sicut
3385 3193 3564 3264 igitur
3594 3195 3638 3248 N
3682 3195 3726 3250 Ο
3773 3195 3815 3246 Ρ
3851 3194 3894 3258 Q
3927 3197 4155 3264 puncta

717 3282 914 3339 forma
940 3281 1340 3338 intensionem
1371 3281 1431 3336 in
1462 3280 1761 3337 infinitum
1817 3280 2119 3354 suscipere
2165 3281 2375 3354 possit,

716 3375 921 3428 tamen
946 3385 1069 3427 non
1099 3369 1235 3426 ideo
1260 3369 1364 3426 ilia
1398 3369 1733 3443 proprietas
1756 3369 1986 3436 evadet,
2023 3369 2131 3426 sed
2165 3369 2378 3426 eadem

717 3460 1004 3518 manebit.
1023 3459 1193 3526 Quod
1215 3463 1415 3516 autem
1438 3458 1721 3528 dicimus,
1743 3459 1904 3516 hunc
1927 3460 1988 3515 in
2002 3459 2252 3516 modum
2276 3459 2378 3516 de—

716 3548 1155 3607 monstrabitur
1188 3565 1199 3604 :
1237 3548 1518 3621 Subjecta
1547 3548 1741 3619 figura
1762 3548 2042 3606 volumus
2063 3549 2378 3606 ostendere

716 3639 1066 3697 intensionis
1085 3637 1434 3711 qualitatem
1457 3654 1580 3695 non
1598 3637 1831 3694 efﬁcere
1853 3643 1916 3695 ut
1941 3638 2268 3695 iracundus
2300 3638 2378 3696 ab

716 3728 1009 3786 iracundo
1040 3727 1193 3784 alius
1223 3725 1340 3783 dici
1364 3727 1599 3783 deﬁniri
1649 3727 1864 3800 possit.
1917 3729 2160 3800 Oportet
2197 3728 2378 3800 igitur

715 3817 1132 3876 demonstrare
1158 3834 1266 3891 per
1293 3817 1642 3890 quantitatis
1683 3817 2088 3891 aequalitatem
2125 3823 2182 3875 et
2233 3820 2376 3877 inm-

714 3907 1063 3982 qualitatem
1079 3905 1204 3964 haec
1222 3905 1385 3966 aliud
1408 3910 1588 3981 atque
1606 3905 1769 3963 aliud
1784 3921 1906 3964 non
1930 3907 2204 3965 evadere.

968 4104 2125 5184 γι

780 5357 863 5412 Ex
901 5355 1338 5430 quadrangulis
1367 5356 1546 5430 igitur
1573 5356 1757 5429 hujus
1783 5356 1992 5428 ﬁgurae
2025 5355 2151 5412 esto
2180 5352 2378 5427 majus

711 5445 1206 5522 quadrangulum
1229 5457 1274 5503 Α
1306 5447 1349 5501 Β
1380 5449 1418 5504 C
1441 5449 1482 5503 D
1518 5464 1531 5515 ;
1563 5445 1604 5502 E
1632 5449 1670 5502 F
1702 5448 1742 5504 G
1769 5449 1812 5503 ll
1843 5445 2044 5502 minus
2071 5444 2377 5518 quadran-

708 5538 938 5612 gulum.
977 5539 1103 5598 Sint
1134 5540 1315 5611 igitur
1343 5541 1392 5593 Α
1418 5539 1462 5594 Β
1494 5540 1532 5594 C
1561 5537 1606 5593 D
1630 5541 1856 5612 puncta
1876 5553 1912 5594 a
1941 5536 2164 5610 quibus
2193 5535 2377 5593 triun.

705 5646 825 5704 que
855 5629 1026 5687 linea:
1059 5647 1198 5688 cum
1237 5629 1287 5684 V
1325 5631 1368 5688 X
1414 5629 1458 5686 Y
1498 5629 1539 5684 Ζ
1587 5628 1962 5702 copulentur.
2025 5629 2152 5685 Sint
2197 5625 2378 5698 igitur

2491 3281 2693 3339 media
2735 3282 2887 3337 inter
2942 3286 3168 3354 puncta
3225 3284 3266 3336 E
3322 3283 3360 3337 F
3404 3283 3446 3337 (ἓ
3489 3280 3558 3351 Η,
3623 3281 4157 3354 quemadmodum

2490 3375 2533 3428 V
2557 3375 2598 3426 X
2622 3375 2660 3428 Y
2683 3375 2718 3428 Ζ
2746 3376 2971 3445 puncta
3001 3375 3177 3428 erunt
3199 3370 3410 3427 media
3431 3370 3584 3426 inter
3613 3375 3839 3443 puncta
3869 3376 3912 3425 A
3944 3373 3982 3426 Β
4014 3374 4052 3428 C
4082 3373 4156 3426 υ.

2493 3465 2563 3520 [Et
2591 3463 2768 3533 igitur
2792 3462 2951 3519 linea
2979 3465 3025 3517 A
3051 3461 3230 3518 habet
3255 3461 3332 3516 ad
3357 3460 3578 3517 lineam
3607 3463 3664 3533 B,
3698 3461 3780 3518 ita
3817 3461 3975 3517 linea
4009 3463 4047 3516 Ρ
4075 3460 4163 3516 ad

2488 3555 2710 3610 lineam
2734 3555 2774 3610 G
2811 3570 2824 3609 ς
2855 3560 2911 3609 et
2949 3555 3014 3608 ut
3035 3551 3191 3608 linea
3220 3553 3259 3607 C
3289 3549 3368 3608 ad
3405 3550 3627 3608 lineam
3651 3553 3713 3621 D,
3759 3551 3842 3607 ita
3886 3550 4046 3606 linea
4115 3553 4160 3606 G

2491 3644 2566 3701 ad
2585 3644 2806 3700 lineam
2827 3645 2868 3698 Η
2897 3661 2909 3710 ;
2935 3647 2991 3698 et
3013 3648 3076 3699 ut
3093 3658 3156 3697 se
3179 3641 3361 3698 habet
3382 3640 3538 3697 linea
3564 3644 3605 3697 D
3630 3641 3709 3696 ad
3736 3640 3956 3697 lineam
3980 3646 4046 3707 Α,
4072 3641 4164 3697 ita

2488 3735 2646 3791 linea
2663 3734 2712 3788 H
2728 3733 2805 3791 ad
2821 3732 3044 3788 lineam
3068 3733 3134 3788 E.
3162 3735 3386 3787 Rursus
3406 3737 3543 3787 utse
3561 3731 3742 3787 habet
3759 3730 3890 3802 conj
3904 3737 4160 3787 unctum

2490 3823 2860 3894 triangulum
2883 3825 2923 3879 Y
2955 3825 2995 3879 Χ
3023 3824 3062 3876 Β
3093 3821 3171 3879 ad
3205 3819 3568 3894 triangulum
3593 3822 3637 3876 N
3696 3823 3736 3876 F
3790 3820 3854 3888 Ο,
3910 3819 3992 3877 ita
4057 3821 4163 3877 tri-

2491 3914 2784 3985 angulum
2806 3915 2848 3968 Υ
2879 3915 2917 3967 ν
2949 3916 2996 3967 Α
3021 3912 3100 3968 ad
3129 3909 3496 3982 triangulum
3533 3911 3576 3975 Q
3605 3912 3645 3965 E
3699 3913 3766 3966 N.
3828 3909 3898 3966 Dt
3971 3913 4039 3966 ut
4093 3925 4164 3967 se

2488 4004 2673 4063 habet
2701 4002 3067 4073 triangulum
3097 4003 3140 4067 Q
3170 4004 3212 4057 H
3238 3998 3302 4070 P,
3331 4001 3411 4057 ita
3448 3999 3817 4071 triangulum
3838 4001 3874 4056 Ζ
3910 4001 3949 4055 Χ
3981 4002 4021 4055 C
4075 3999 4164 4056 ad

2492 4093 2856 4165 triangulum
2888 4093 2989 4150 PO
3030 4094 3094 4149 G.
3125 4091 3221 4146 Est
3248 4088 3430 4161 igitur
3482 4087 3851 4160 triangulum
3909 4089 3952 4146 Υ
4020 4092 4061 4144 Χ
4115 4089 4166 4143 Β

2489 4185 2776 4258 qualitate
2807 4182 2996 4239 simile
3019 4179 3316 4252 triangulo
3346 4180 3388 4236 U
3422 4183 3460 4237 F
3487 4181 3552 4252 Ο,
3585 4179 3692 4236 sed
3730 4195 3853 4236 non
3894 4179 4162 4252 aequale.

2490 4275 2712 4332 Deinde
2741 4272 3109 4344 triangulum
3127 4273 3168 4327 Y
3187 4273 3289 4326 VA
3313 4268 3505 4326 simile
3528 4275 3616 4326 est
3635 4269 3991 4341 trianguloQ
4015 4271 4054 4324 Ε
4071 4272 4158 4337 Ν;

2489 4365 2751 4438 itemque
2782 4360 3216 4433 triangulumV
3268 4362 3302 4415 Ζ
3357 4363 3400 4416 D
3452 4359 3642 4416 simile
3700 4365 3788 4416 est
3851 4358 4163 4430 triangula

2491 4457 2530 4511 L
2571 4458 2612 4512 G
2645 4458 2687 4511 H
2719 4472 2730 4509 :
2765 4453 3026 4525 denique
3054 4449 3424 4519 triangulum
3455 4448 3490 4504 Ζ
3532 4452 3571 4504 Χ
3595 4451 3634 4504 C
3667 4447 3855 4505 simile
3882 4453 3970 4504 est
3999 4465 4164 4521 qua-

2411 4552 2455 4607 D
2489 4545 2651 4603 litate
2681 4542 2981 4613 triangulo
3009 4545 3048 4597 P
3071 4543 3114 4598 0
3148 4540 3211 4596 G.
3239 4543 3464 4596 Rursus
3494 4539 3815 4611 conjuncto
3846 4538 4168 4611 quadran-

2492 4635 2633 4720 gulo
2674 4637 2716 4690 N
2741 4635 2784 4691 Ο
2811 4634 2852 4688 Ρ
2882 4634 2926 4698 Q
2951 4630 3352 4688 inscribautur
3375 4634 3601 4703 puncta
3629 4630 3664 4686 S
3694 4631 3735 4685 T
3769 4631 3814 4685 Κ
3839 4631 3897 4698 L,
3936 4629 4164 4686 eodem

2493 4718 2603 4782 Situ
2631 4741 2753 4798 quo
2780 4721 3085 4792 interjecta
3106 4725 3244 4778 sunt
3275 4725 3497 4793 puncta
3518 4722 3560 4776 N
3589 4721 3632 4775 Ο
3682 4721 3722 4774 Ρ
3765 4720 3832 4789 Q,
3883 4718 3946 4774 in
4006 4736 4165 4792 qua-

2489 4814 2794 4887 drangulo
2822 4816 2864 4870 Y
2895 4816 2934 4869 X
2965 4816 3000 4869 Ζ
3030 4813 3093 4868 Υ.
3126 4811 3568 4868 Connectantur
3599 4808 3775 4866 etiam
3795 4808 3896 4865 illa
3925 4815 4166 4882 puncta

2413 4934 2417 4937 ν
2492 4907 2664 4965 STKL
2679 4922 2691 4960 :
2708 4902 3017 4961 eruntheec
3031 4917 3274 4975 quoque
3287 4898 3876 4974 aequaliatriangula.
3892 4901 3961 4956 Ut
3975 4899 4168 4970 igitur

2487 4994 2859 5066 triangulum
2887 4994 3021 5059 QPH
3054 5009 3115 5048 se
3139 4991 3319 5048 habet
3341 4990 3421 5047 ad
3443 4989 3811 5060 triangulum
3848 4990 4016 5059 YVA,
4076 4991 4168 5047 ita.

2488 5089 2531 5142 N
2541 5089 2622 5142 LP
2634 5089 2712 5142 ad
2736 5086 2893 5150 QPH.
2909 5085 2980 5140 Ut
2999 5085 3200 5139 autem
3225 5097 3287 5138 se
3309 5079 3491 5138 habet
3513 5079 3884 5151 triangulum
3903 5080 4044 5137 POG
4077 5079 4168 5138 ad

2487 5173 2835 5245 riangulum
2887 5175 3040 5243 VZD,
3099 5172 3182 5228 ita
3229 5171 3408 5240 etiam
3463 5169 3603 5227 ΤΚΟ
3653 5169 3732 5226 ad
3782 5168 4167 5242 triangulum

2489 5263 2643 5321 POG.
2675 5265 2740 5320 Et
2762 5267 2824 5318 ut
2842 5261 3209 5332 triangulum
3231 5262 3368 5317 ONF
3393 5276 3454 5316 se
3471 5259 3654 5316 habet
3674 5259 3752 5317 ad
3785 5259 4167 5331 triangulum

2489 5356 2638 5421 ZXC,
2671 5354 2752 5410 ita
2768 5368 3011 5426 quoque
3052 5350 3418 5422 triangulum
3451 5347 3590 5407 KNS
3631 5349 3711 5406 ad
3775 5349 4168 5420 triangulum

2490 5444 2630 5500 NOF
2663 5459 2676 5498 :
2709 5444 2775 5498 Et
2803 5446 2869 5498 ut
2899 5439 3267 5512 triangulum
3302 5441 3445 5506 NQE
3475 5455 3565 5515 _se
3617 5436 3804 5496 habet
3857 5437 3936 5495 ad
4000 5442 4169 5508 ΧΥΥ,

2490 5535 2572 5592 ita
2593 5533 2774 5591 etiam
2807 5531 2939 5599 SQL
2969 5549 3032 5590 se
3087 5529 3271 5588 habet
3319 5530 3398 5588 ad
3454 5527 3619 5597 QME.
3677 5533 3761 5587 Ita
3817 5533 3884 5586 ut
3927 5534 4174 5588 utrum-

2489 5640 2608 5699 que
2629 5621 2932 5698 utrimque
2963 5639 3036 5682 ex
3090 5621 3463 5696 inaequalitat
3525 5637 3557 5678 e
3616 5617 3925 5695 aequaliter
3964 5620 4173 5681 excel‘

778 5755 1007 5829 (1)Non
1033 5757 1132 5818 hic
1161 5757 1236 5817 de
1261 5755 1470 5818 formis
1500 5755 1939 5829 essentialibus,
1970 5754 2170 5830 igitur,
2200 5750 2309 5814 sed
2337 5745 2547 5816 formis
2596 5751 2961 5827 qualitatum
2999 5752 3063 5812 in
3107 5746 3457 5812 individuis.
