4444 6452
187 401 332 456 1321

1092 397 1445 457 THEODORI
1465 397 1511 454 ΙΙ
1540 395 1682 456 IMP.
1713 395 1804 454 DE
1827 394 2290 458 GOMMUNIONE
2334 404 2704 462 NATURALI.

3480 398 3624 459 1322

183 550 347 602 γωνον
376 525 583 602 πρὸςτό
614 528 660 578 Ψ
690 529 737 577 Χ
782 529 845 589 Α,
891 523 1052 586 οὕτως
1099 529 1188 577 καὶ
1235 544 1295 578 το
1351 532 1390 578 Τ
1433 532 1465 578 Σ
1519 530 1563 577 Π
1616 525 1746 597 πρὸς
1789 524 1846 575 τὸ
1876 522 1921 576 Α
1954 521 2140 596 ἀνίσῳ,
2193 528 2346 600 ὃμοια
2405 526 2464 583 δὲ
2527 535 2615 582 καὶ
2676 527 2810 581 αὐτά
2864 524 3057 580 ἐσεῖται
3105 525 3311 588 τούτοις
3359 528 3619 594 ποιότητι,

182 627 231 674 Π
265 625 311 675 Λ
340 627 408 687 Θ,
432 620 499 679 ὡς
523 612 581 668 δε
610 617 668 668 τό
699 619 738 667 Λ
772 621 804 666 Ρ
838 621 879 665 Η
911 618 1158 686 τρίγωνον
1179 619 1309 688 πρός
1350 619 1409 667 τό
1459 615 1510 668 Χ
1545 621 1592 666 Ω.
1652 619 1707 679 Δ,
1765 611 1849 664 οὗ-

183 730 290 772 τως
315 715 404 761 καὶ
435 710 494 760 τό
525 713 557 758 Σ
591 711 632 757 K
666 706 866 777 Λπρός
892 706 950 754 τὸ
981 709 1021 756 Λ
1080 710 1202 774 Ρη,
1258 710 1347 757 καὶ
1403 707 1467 764 ὡς
1515 721 1572 754 το
1633 709 1669 754 Ρ
1716 708 1761 755 Ν
1813 708 1851 754 Ζ

183 803 438 873 τρίγωνον
467 797 678 870 πρόςτὸ
723 798 835 846 ΩΦ
872 798 932 858 Γ,
984 793 1145 855 οὕτως
1200 799 1289 847 καὶ
1331 797 1389 846 τὸ
1443 799 1485 846 Κ
1541 800 1581 846 Υ
1631 798 1667 846 Ρ
1722 793 1854 864 πρὸς

187 893 372 942 τόΝΡ
400 895 462 950 Ζ,
508 890 600 938 καὶ
645 886 716 945 ὡς
771 902 830 935 *ο
887 889 931 936 Ν
987 890 1029 936 Π
1088 891 1126 938 Ε
1181 889 1427 958 τρίγωνον
1476 885 1683 955 πρόςτο
1716 886 1754 935 Φ
1808 887 1854 935 Ψ

193 984 253 1045 Β,
286 979 446 1038 οὕτως
475 980 565 1028 καὶ
586 977 645 1026 τὸ
676 980 715 1026 Υ
739 979 779 1026 Τ
809 978 855 1026 Ν
884 976 1013 1045 πρὸς
1044 976 1101 1024 τὸ
1145 979 1188 1025 ῐΙ
1241 979 1286 1025 Ν
1340 979 1394 1039 Ε,
1455 971 1691 1045 ἑκάτερον
1740 970 1852 1023 ἑκα-

191 1071 343 1142 τέρου
385 1072 479 1125 τὴν
519 1066 787 1139 ὑπεροχὴν
833 1065 958 1134 ἔχον
1005 1065 1150 1132 ἴσην,
1209 1064 1344 1115 κατὰ
1389 1064 1446 1114 τό
1504 1062 1704 1126 ἄνισον,
1764 1064 1853 1113 καὶ

192 1164 350 1209 τοῦτο
379 1157 513 1209 κατὰ
549 1157 607 1206 τὸ
645 1154 876 1227 ἄπειρον,
909 1150 1037 1204 ἀλλὰ
1066 1156 1156 1204 καὶ
1188 1153 1257 1213 ὡς
1313 1155 1370 1204 τὸ
1420 1158 1459 1204 Α
1524 1157 1560 1203 Β
1609 1155 1647 1203 Γ
1703 1155 1737 1202 Δ
1769 1168 1852 1203 τε-

191 1247 458 1320 τράγωνον
512 1247 642 1318 πρός
701 1245 759 1294 τὸ
819 1247 857 1293 Ε
917 1247 956 1292 Ζ
985 1247 1027 1294 Η
1091 1249 1158 1312 Θ,
1201 1242 1359 1301 οὕτως
1399 1243 1570 1292 καὶτὸ
1597 1246 1640 1293 Ν
1668 1246 1703 1293 Ρ
1736 1245 1780 1293 Λ
1809 1245 1853 1292 Π

192 1338 321 1408 πρὸς
380 1344 439 1387 το
512 1339 554 1386 Τ
631 1339 671 1385 Υ
721 1337 762 1384 Κ
806 1337 839 1382 Σ
884 1329 1121 1404 ἑκάτερον
1168 1329 1409 1402 ἑκατέρου
1457 1332 1592 1381 κατὰ
1644 1333 1701 1381 τό
1746 1330 1854 1381 ἄνι-

194 1441 288 1476 σον
343 1422 522 1486 ἐξίσου
567 1421 822 1492 ὑπερέχον
879 1437 933 1471 τε
984 1424 1074 1471 καὶ
1149 1419 1544 1493 ὑπερεχόμενον·
1621 1420 1688 1480 ὡς
1751 1421 1853 1489 γαρ

189 1515 253 1564 τό
286 1519 324 1565 Α
360 1518 397 1564 Β
435 1517 472 1563 Γ
503 1517 538 1564 Δ
567 1528 693 1582 προς
723 1512 781 1561 τό
812 1514 848 1560 Ε
881 1514 920 1558 Ζ
966 1514 1008 1560 Η
1056 1515 1124 1574 Θ,
1191 1508 1355 1569 οὕτως
1401 1513 1491 1559 καὶ
1545 1505 1672 1559 αὖτό
1724 1509 1857 1581 πρὸς

190 1603 256 1652 τό
278 1607 318 1654 Ν
343 1608 379 1653 Ρ
403 1605 449 1654 Λ
480 1607 547 1669 Π,
567 1603 657 1651 καὶ
706 1597 852 1663 αὐτὸ,
886 1616 1019 1650 κατα
1046 1600 1133 1649 τόν
1196 1596 1346 1649 οὐτὸν
1397 1595 1566 1667 λόγον,
1628 1599 1754 1669 πρὸς
1797 1601 1854 1649 τό

189 1697 235 1744 Τ
267 1697 306 1742 Υ
336 1695 375 1742 Κ
426 1696 483 1741 Σ·
541 1693 630 1739 καὶ
670 1685 778 1738 imi.
827 1693 952 1757 γοῦν
1005 1692 1111 1746 τοῖς
1163 1683 1271 1738 ἐπεὶ
1327 1688 1393 1737 τὰ
1434 1687 1574 1758 ἄκρα
1621 1691 1858 1758 σημείοις

192 1783 367 1831 ΑΒΓ
417 1785 452 1830 Δ
519 1778 582 1828 τὰ
644 1779 780 1848 μέσα
840 1782 1036 1843 σημεῖα
1091 1781 1136 1829 Ψ
1203 1781 1241 1828 Φ
1290 1782 1337 1826 Ω
1383 1781 1430 1828 Χ
1481 1773 1859 1846 ἐπιζευχοέντα

192 1865 480 1938 ἐξαναγκης
541 1874 750 1919 ποιοῦσι
798 1867 1128 1938 τετράγωνον,
1179 1869 1268 1916 καὶ
1323 1866 1388 1916 τὰ
1445 1868 1582 1936 μέσα
1641 1868 1855 1932 τούτων,

193 1960 329 2009 κατά
377 1961 469 2014 τὴν
525 1955 685 2013 αὐτὴν
746 1959 1018 2020 ποιότητα,
1082 1959 1366 2012 ποιήσουσι
1446 1973 1532 2005 τον
1606 1961 1640 2007 Ρ
1686 1961 1730 2008 Λ
1791 1963 1857 2026 Π,

197 2048 445 2106 ὡσαύτως
466 2051 554 2097 καὶ
577 2047 643 2096 τα
687 2047 824 2116 μέσα
847 2047 1041 2096 τούτων
1092 2047 1148 2095 τὸ
1197 2049 1237 2096 Τ
1289 2050 1330 2096 Υ
1378 2049 1419 2096 Κ
1475 2050 1528 2105 Σ,
1586 2042 1713 2095 ἀλλὰ
1769 2050 1857 2097 καὶ

196 2137 738 2190 τὰΨΦΒΦΩΓΩ.
781 2141 826 2188 Χ
875 2141 909 2186 Δ
963 2141 1011 2187 Χ
1064 2140 1109 2186 Ψ
1156 2135 1204 2187 Α
1259 2137 1488 2206 τρίγωνα
1543 2136 1606 2186 τα
1661 2137 1859 2189 κατὰΨ

199 2231 308 2279 ΦΩ
362 2233 409 2279 Χ
461 2225 702 2297 ἐνούμενα
744 2226 880 2275 κατα
922 2225 987 2274 τα
1028 2241 1166 2295 μεσα
1217 2230 1409 2294 σημεῖα
1465 2229 1508 2276 Ν
1559 2230 1595 2276 Ρ
1649 2231 1695 2277 Λ
1728 2227 1859 2278 Πτὰ

197 2313 465 2387 ἐγκείμενα
515 2318 644 2388 πρὸς
711 2317 799 2374 τὰς
857 2317 902 2366 Ψ
957 2319 996 2366 ψ
1045 2319 1084 2366 Φ
1134 2321 1181 2365 Ω
1224 2320 1271 2364 Ω
1322 2321 1365 2366 Χ
1419 2321 1466 2366 Χ
1520 2320 1565 2366 Ψ
1611 2318 1858 2387 γραμμὰς

195 2404 578 2477 ἓπεζευχϐέντα
630 2406 764 2455 κατὰ
835 2407 929 2461 τὴν
1011 2402 1167 2460 αὐτὴν
1221 2407 1310 2454 καὶ
1358 2410 1525 2455 ταῦτα
1583 2401 1858 2476 ἀναλογίαν

193 2503 296 2547 τῶν
341 2496 446 2546 οῖνω
539 2496 674 2546 κατὰ
747 2497 806 2545 τὸ
864 2495 1063 2559 ἄνισον,
1109 2493 1264 2565 ὅμοια
1338 2487 1398 2545 δὲ
1446 2493 1740 2568 ὑπάρξουσι
1793 2502 1853 2553 τῆ

192 2588 439 2641 ποιότητι
493 2589 583 2636 καὶ
639 2585 706 2635 τὰ
745 2585 883 2655 μέσα
929 2584 1123 2634 τούτων
1182 2583 1284 2656 οἰρα
1333 2590 1526 2655 σημεῖα
1585 2587 1651 2636 τὰ
1699 2584 1860 2655 ἐγκεί-

192 2693 323 2748 μενα
343 2679 714 2735 ταῖςΝΡΡΛ
755 2678 793 2724 Λ
846 2680 888 2725 II
941 2680 982 2725 Π
1043 2679 1088 2725 Ν
1141 2681 1407 2746 γραμμαῖς
1461 2672 1858 2746 ἐπιζευχθέντα,

195 2763 582 2817 ἀκολουθοῦντα
633 2761 1054 2820 ἀκολουθήσουσι
1137 2771 1198 2820 τῆ
1306 2767 1581 2835 ποσότητι,
1662 2763 1754 2816 οὐκ
1813 2763 1860 2816 ἓν

193 2852 368 2907 ἀνέσει
463 2861 576 2917 τοῖς
651 2857 1096 2927 προγενεστέροις,
1172 2850 1300 2906 ἀλλὰ
1382 2861 1455 2906 τῶ
1500 2857 1602 2926 ἴσῳ
1647 2858 1860 2927 καὶτῷ

1957 616 2090 666 ὥστε
2120 614 2212 667 οὐκ
2261 619 2364 690 ἄρα
2416 623 2473 671 τό
2519 621 2656 672 κατὰ
2701 621 2758 670 τὸ
2803 616 2980 690 μεῖζον
3033 616 3366 691 τετράγωνον,
3418 617 3447 673 ἦ
3511 620 3623 690 τρί-

1954 721 2135 774 γωνον,
2187 705 2216 764 ἦ
2299 706 2468 782 ἕτερον
2522 728 2574 760 τι
2639 712 2918 766 ποιότητος
2972 700 3132 767 εἶδος,
3202 712 3294 757 τοῦ
3351 703 3625 765 ἐλάσσονος

1958 785 2191 865 διαφέρει
2248 799 2508 865 ποιότητι,
2557 795 2665 848 ἀλλ’
2715 797 2828 848 ἔστι
2904 796 3092 846 ταυτὸν
3149 795 3279 846 κατά
3332 797 3426 851 τὴν
3481 796 3626 846 ποιό-

1952 895 2104 947 τητα,
2155 888 2245 935 καὶ
2302 881 2410 937 ἐπεὶ
2471 888 2530 938 τὸ
2613 882 2726 947 ἶσον
2775 887 2865 936 καὶ
2905 884 3084 935 οἶνισον
3136 883 3205 945 ὡς
3264 884 3484 957 εἴρηται,
3535 887 3628 935 τοῦ

1951 979 2118 1022 πόσου
2149 971 2242 1024 οὐκ
2263 973 2420 1032 ἄλλην
2444 981 2584 1028 ποιεῖ
2607 979 2700 1034 τὴν
2763 977 3034 1044 ποιότητα,
3090 975 3181 1025 καὶ
3221 972 3280 1024 τὸ
3340 977 3379 1026 Α
3430 973 3536 1045 ἄρα
3583 977 3621 1024 Β

1953 1061 1992 1109 Γ
2037 1065 2074 1111 Δ
2117 1058 2491 1136 ἐπιθυμητικόν
2557 1065 2586 1124 ἡ
2651 1065 2869 1136 Θυμικὸν
2945 1063 3122 1135 ὅμοιόν
3173 1059 3286 1115 ἐστι
3360 1061 3496 1114 κατά
3560 1078 3621 1132 γε

1952 1153 2210 1209 ποιότητα
2231 1159 2379 1224 τῷΨ
2425 1159 2464 1207 Φ
2514 1161 2562 1206 Ω.
2615 1159 2663 1208 Χ
2718 1151 3103 1225 ἐπιθυμητικῷ,
3164 1147 3194 1210 ἦ
3251 1151 3475 1222 θυμικῷ,
3531 1154 3621 1202 καὶ

1951 1247 2102 1295 τοῦτο
2131 1250 2200 1312 τῷ
2228 1249 2274 1296 Ν
2305 1250 2340 1296 Ρ
2369 1249 2414 1298 Λ
2447 1251 2512 1315 Π,
2538 1247 2627 1296 καὶ
2652 1250 2802 1296 τοῦτο
2830 1250 2902 1313 τῷ
2928 1248 2968 1296 Τ
2995 1250 3032 1296 Υ
3057 1246 3097 1295 Κ
3138 1246 3194 1310 Σ,
3259 1243 3352 1292 καὶ
3409 1240 3476 1293 τὰ
3513 1243 3625 1315 τρί-

1953 1351 2096 1404 γωνα
2115 1335 2249 1384 κατὰ
2298 1335 2382 1385 τὸν
2441 1332 2595 1386 αὐτόν
2652 1331 2825 1405 λόγον,
2885 1334 2975 1384 καὶ
3006 1331 3032 1383 ὁ
3062 1331 3283 1403 Θυμικός
3311 1329 3454 1382 καὶὸ
3510 1326 3622 1382 ἐπε-

1957 1421 2261 1494 θυμῆτικός,
2293 1423 2654 1497 ἄραὼσαῦτως
2715 1426 2805 1474 καὶ
2847 1421 2873 1472 ὁ
2921 1419 3125 1492 λογικός
3190 1422 3280 1471 καὶ
3324 1419 3372 1472 οὶ
3445 1421 3624 1492 μικτοὶ

1954 1515 2045 1562 καὶ
2095 1510 2145 1562 οἱ
2188 1511 2372 1573 πάντες
2439 1513 2571 1564 κατά
2618 1515 2712 1569 τήν
2778 1509 2923 1573 τάξιν
2983 1506 3170 1575 αὐτῶν,
3233 1512 3322 1560 καὶ
3383 1503 3614 1580 ἐδείχθη

1954 1607 2118 1652 ταῦτα
2165 1602 2337 1663 καθὼς
2395 1598 2500 1654 ἔδει
2567 1597 2853 1672 δειχθῆναι
2913 1601 3058 1673 παρὰ
3105 1605 3197 1651 τοῦ
3250 1598 3496 1672 ἡμετέρου
3537 1597 3627 1649 λό-

1957 1708 2080 1762 γου.
2117 1687 2347 1748 Δηλοίδὲ
2376 1691 2502 1749 αὐτὴ
2561 1690 2589 1750 η
2649 1685 2919 1752 ἀπόδειξις
2969 1691 3146 1762 ὅτιπερ
3206 1683 3328 1740 οὐδὲ
3372 1691 3468 1760 μία
3523 1705 3624 1739 συ·-

1961 1779 2118 1850 ζυγία
2143 1787 2242 1831 τῶν
2286 1788 2537 1831 κοινωνῶν
2592 1788 2664 1850 τῷ
2715 1777 3026 1851 ἐπιστήμονι
3093 1775 3220 1836 ἄλλη
3277 1784 3430 1849 φανῆ,
3492 1776 3626 1828 κατά

1958 1887 2014 1938 γε
2043 1873 2130 1920 τὸν
2157 1877 2247 1930 τῆς
2277 1874 2552 1932 ποιότητος
2578 1867 2754 1941 λόγον,
2814 1864 2995 1926 ἐπειδὴ
3051 1871 3141 1920 καὶ
3195 1875 3360 1920 ταῦτα
3403 1867 3468 1918 τα
3519 1868 3630 1939 τρί-

1895 1937 2098 2030 Βγωνα
2145 1962 2234 2010 καὶ
2309 1962 2605 2032 τετράγωνοι
2669 1957 2764 2010 κᾶν
2842 1958 3004 2030 μείζω
3074 1961 3164 2009 καὶ
3227 1955 3416 2009 ἐλάττω
3476 1955 3625 2024 ὦσιν,

1959 2047 2083 2100 ἀλλα
2113 2053 2201 2100 καὶ
2223 2051 2582 2121 ταςγραμμὰς
2610 2054 2700 2101 καὶ
2754 2049 2843 2109 τὰς
2895 2050 3088 2120 γωνίας
3150 2051 3240 2098 καὶ
3296 2049 3363 2099 τά
3416 2042 3624 2120 ἐμϐαδὰ

1956 2146 2134 2197 κοινῶς
2174 2140 2391 2210 ἔχουσιν
2422 2138 2577 2210 ὃμοια
2628 2141 2758 2212 πρὸς
2815 2140 2874 2189 τό
2929 2137 3150 2188 ἕκαστον
3207 2139 3388 2188 ποσόν·
3450 2135 3628 2208 μεῖζον

1938 2229 2040 2301 γὰρ
2092 2232 2182 2279 καὶ
2220 2225 2441 2279 ﬂaccos
2496 2231 2744 2300 τρίγωνον
2797 2224 2891 2278 οὐκ
2947 2225 3060 2296 ἔχει
3117 2220 3396 2299 διαφορὰν,
3456 2224 3499 2276 εἰ
3557 2228 3627 2297 μὴ

1966 2318 2103 2369 κατὰ
2164 2319 2229 2368 τὰ
2281 2325 2372 2368 τοῦ
2443 2321 2696 2390 τριγώνου
2756 2310 2896 2380 εἵὸη,
2977 2313 3105 2387 ἅπερ
3158 2313 3200 2366 εἰ
3239 2319 3329 2366 καὶ
3375 2307 3630 2389 διαφέρει,

1969 2401 2201 2479 διαφέρει
2227 2414 2299 2476 τῷ
2330 2403 2622 2481 ἐτεροειὸεῖ,
2663 2408 2721 2457 τὸ
2752 2401 2810 2457 δὲ
2837 2399 3092 2476 ὁμοειδὲς,
3141 2403 3242 2455 εἴτε
3293 2403 3471 2476 μεῖζον
3533 2405 3634 2455 εἴτε

1968 2496 2194 2564 ἔλαττον,
2248 2496 2341 2548 οὐκ
2380 2495 2523 2565 ὠλο,
2565 2502 2652 2549 καὶ
2713 2498 2927 2568 θυμικὸς
2977 2495 3102 2568 ἄρα,
3146 2497 3176 2553 ἣ
3235 2492 3630 2567 ἐπιθυμητικὸς,

1967 2587 1997 2646 ἡ
2030 2585 2252 2658 λογικός,
2318 2587 2348 2645 ἡ
2397 2585 2766 2660 φλεγματικὸς,
2808 2587 2836 2644 ἡ
2871 2586 3170 2657 αἰματικός,
3222 2587 3252 2642 ἦ
3317 2581 3634 2657 μελαγχολι-

1967 2678 2075 2746 κὸς,
2103 2677 2132 2735 ἦ
2168 2676 2558 2748 ξανθοχολικός,
2592 2678 2621 2736 ἡ
2651 2680 2860 2728 καὶτῶν
2912 2677 3230 2747 μεμιγμένην
3285 2671 3512 2745 ἐχόντων
3538 2672 3637 2736 κάξ

1969 2764 2270 2840 ἀμφοτέρων
2312 2771 2400 2826 τὴν
2468 2773 2654 2842 κρᾶσιν
2699 2767 2835 2819 κατὰ
2888 2768 2984 2827 τὰς
3034 2769 3156 2837 πρὶν
3208 2769 3309 2817 τῶν
3371 2762 3634 2835 συζυγιῶν

1971 2862 2246 2920 κοινωνίας
2301 2857 2700 2930 σημειωθείσας,
2771 2855 2829 2910 οὐ
2890 2856 3025 2908 κατὰ
3072 2859 3158 2907 τὸν
3212 2861 3304 2915 τῆς
3353 2851 3641 2916 ἑπιτοίσεως

193 3072 497 3150 lat,atque
521 3074 635 3131 hoc
655 3075 716 3130 in
736 3072 1038 3131 inﬁnitum
1057 3073 1311 3147 produci
1341 3079 1556 3148 potest.
1583 3079 1868 3134 Praeterea
1901 3079 1940 3135 C
1976 3081 2062 3136 est
2092 3078 2268 3136 etiam
2300 3078 2593 3152 cupidum
2635 3089 2766 3135 esse
2814 3081 2918 3134 aut
2963 3076 3364 3134 iracundum:
3429 3080 3486 3135 et
3526 3078 3643 3134 hoc

195 3172 267 3224 ut
287 3164 778 3239 quadrangulum
795 3171 835 3218 A
851 3167 890 3220 Β
904 3168 943 3221 C
963 3166 1004 3220 D
1022 3181 1084 3219 se
1098 3163 1278 3220 habet
1291 3164 1364 3220 ad
1381 3166 1866 3238 quadrangulum

197 3259 242 3312 E
270 3259 305 3311 l"
341 3260 379 3312 G
405 3259 467 3326 ll,
496 3255 583 3311 ita
612 3270 856 3327 quoque
885 3253 1373 3326 quadrangulum
1431 3258 1473 3310 N
1523 3258 1566 3312 Ο
1619 3259 1657 3314 Ρ
1703 3258 1746 3323 Q
1789 3256 1868 3313 ad

198 3349 297 3402 ST
329 3346 375 3400 K
405 3345 461 3400 L.
487 3347 572 3400 lta
599 3348 659 3399 ut
693 3348 1013 3415 utrumque
1053 3349 1306 3415 utroque
1343 3361 1416 3400 ex
1462 3344 1867 3418 inaequalitate

193 3433 501 3506 aequaliter
533 3433 729 3504 majus
753 3433 825 3488 sit
853 3437 910 3488 et
933 3433 1155 3488 minus.
1184 3435 1251 3489 Ut
1277 3434 1436 3490 enim
1479 3435 1872 3508 quadrangu-

188 3522 322 3581 lum
359 3527 409 3578 A
439 3528 475 3579 Β
499 3526 538 3580 C
562 3526 603 3580 Ι)
629 3538 693 3578 se
713 3523 895 3579 habet
925 3524 1004 3579 ad
1030 3524 1522 3596 quadrangulum
1557 3528 1597 3580 E
1639 3529 1676 3582 F
1721 3528 1763 3582 G
1797 3525 1868 3594 Η,

189 3611 736 3685 itaquoqueipsum
754 3609 832 3664 ad
847 3611 1330 3682 quadrangulum
1348 3614 1535 3678 NOPQ
1560 3631 1571 3668 :
1598 3617 1655 3668 et
1675 3613 1870 3685 ipsum

191 3702 410 3759 eadem
439 3701 664 3756 ratione
686 3699 763 3756 ad
785 3700 1279 3771 quadrangufum
1308 3703 1342 3757 S
1370 3704 1410 3756 Τ
1435 3705 1479 3757 Κ
1503 3703 1868 3768 L.Quoniam

193 3791 377 3861 igitur
404 3791 606 3847 media
646 3789 774 3844 bEBC
805 3793 1088 3861 punctaY
1119 3792 1156 3844 X
1202 3794 1238 3845 Ζ
1295 3793 1337 3846 ν
1391 3807 1665 3848 connexa
1732 3809 1872 3848 cum

169 3878 440 3955 'punctis
472 3896 607 3952 quae
638 3883 781 3934 sunt
823 3880 886 3934 in
939 3881 1438 3950 extremitatibus,
1481 3898 1699 3954 nempe
1733 3898 1873 3937 cum

201 3976 244 4027 A
269 3973 305 4026 Β
319 3971 357 4026 C
371 3973 435 4039 D,
456 3969 834 4026 neccessario
848 3968 1641 4042 eiiiciuntquadrangulum.
1659 3974 1722 4027 Et
1749 3987 1872 4027 rur-

200 4058 686 4116 susintermedia
750 4059 968 4114 horum
1028 4066 1254 4130 puncta
1295 4077 1367 4116 ex
1422 4061 1638 4118 eadem
1685 4061 1877 4134 quali-

196 4154 318 4207 tate
361 4149 629 4205 efticiunt
703 4149 1196 4221 quadrangulum
1277 4154 1320 4207 N
1349 4153 1391 4207 Ο
1443 4155 1479 4207 P
1533 4154 1576 4217 ρ
1619 4152 1872 4208 :eodem

197 4255 447 4313 quoque
471 4238 653 4295 modo
684 4239 901 4295 horum
948 4239 1304 4296 intermedia
1347 4247 1574 4314 puncta
1622 4241 1880 4298 efficient

205 4328 702 4401 quadrangulum
746 4330 907 4385 STK
959 4330 1017 4397 L,
1073 4335 1253 4402 atque
1306 4331 1606 4401 triangula
1649 4333 1692 4386 Y
1723 4334 1763 4387 X
1800 4334 1872 4386 B:

1977 3168 2178 3241 ipsum
2231 3168 2390 3240 huic,
2467 3184 2686 3241 nempe
2753 3169 2794 3224 N
2865 3167 2908 3224 Ο
2989 3165 3031 3220 Ρ
3100 3168 3144 3230 Q
3199 3181 3212 3221 :
3265 3181 3473 3222 rursus
3527 3166 3643 3223 hoc

1977 3259 2179 3331 ipsum
2205 3257 2342 3314 huic
2371 3260 2467 3315 ST
2495 3258 2540 3311 li
2585 3261 2641 3313 ιι.
2673 3256 2894 3313 Eadem
2926 3256 3156 3312 ratione
3205 3254 3490 3328 qualitate
3544 3251 3645 3310 tri-

1977 3346 2198 3418 augula
2220 3362 2341 3403 uon
2357 3347 2654 3415 dilierent,
2671 3345 2773 3402 sed
2789 3344 3140 3418 quantitate.
3159 3343 3382 3400 Eodem
3401 3358 3644 3417 quoque

1978 3437 2162 3492 modo
2178 3437 2424 3493 rationis
2437 3442 2740 3508 compotes
2753 3441 2809 3491 et
2828 3435 3132 3509 temperati
3150 3433 3650 3508 qualibettcmpe-

1978 3528 2205 3581 ratione
2225 3526 2499 3582 homines
2517 3525 2794 3581 eamdem
2811 3524 3106 3580 rationem
3130 3521 3535 3595 cumdemque
3555 3538 3646 3579 or-

1979 3614 2184 3670 dinem
2209 3614 2560 3672 scrvabunt.
2587 3615 2717 3669 Haec
2734 3613 2894 3668 enim
2917 3612 3120 3669 omnia
3138 3615 3344 3668 nostro
3368 3626 3647 3667 sermone

1979 3704 2390 3760 demonstrata
2416 3707 2554 3759 sunt
2580 3707 2641 3758 ut
2672 3703 2936 3775 oportuit
2969 3699 3387 3757 demonstrari.
3436 3703 3648 3756 Nostra

1978 3800 2182 3849 autem
2205 3793 2334 3848 haec
2352 3791 2784 3848 demonstratio
2807 3789 3049 3847 declara
3066 3789 3296 3846 nullam
3314 3788 3642 3861 conjugan-

1982 3882 2204 3938 tionem
2219 3881 2672 3955 copulationum
2687 3881 2932 3937 scientia
2946 3879 3292 3950 investigari
3307 3893 3486 3952 posse
3499 3892 3647 3951 prae-

1984 3977 2071 4028 ter
2096 3971 2227 4027 illas
2262 3987 2414 4044 quas
2441 3968 2915 4036 numeravimus,
2941 3968 2987 4024 si
3013 3967 3320 4042 qualitatis
3348 3967 3648 4024 rationem

1986 4067 2234 4134 spectes.
2253 4059 2538 4126 Quamvis
2556 4059 2831 4116 enimilla
2850 4057 3146 4128 triangula
3159 4056 3650 4131 etquadrangula

1986 4151 2221 4221 majora
2242 4156 2298 4206 et
2319 4151 2556 4206 minora
2587 4154 2743 4216 sunt,
2774 4153 3189 4204 verumtamen
3237 4163 3379 4204 suas
3434 4146 3646 4210 lineas,

1987 4256 2128 4296 suos
2157 4239 2433 4311 angulos,
2468 4255 2580 4296 sua
2609 4239 2869 4310 denique
2892 4237 3086 4310 spatia
3116 4239 3266 4294 inter
3317 4252 3379 4292 se
3433 4233 3652 4293 similia

1985 4329 2225 4398 habent,
2271 4344 2636 4402 quacunque
2653 4327 2984 4400 quantitate
3008 4327 3252 4397 singula
3272 4324 3511 4383 illorum
3531 4324 3651 4382 sint

208 4421 254 4474 X
379 4422 463 4475 C:
589 4419 632 4473 V
676 4420 717 4473 D
778 4434 791 4472 :
843 4419 886 4472 V
924 4420 967 4473 Y
1018 4422 1088 4509 AA,
1139 4435 1274 4491 quae
1320 4420 1771 4491 conjunguntur
1823 4426 1879 4476 et
1913 4457 1954 4509 Β
1984 4418 2642 4509 prsedita.Majusenim
2666 4414 3650 4509 etminustriangulumnondiiie-

205 4508 499 4564 uniuntur
527 4507 588 4563 in
653 4509 694 4562 Υ
748 4509 789 4563 Χ
848 4510 884 4561 Ζ
931 4509 974 4561 V
1028 4507 1184 4564 circa
1245 4515 1467 4579 puncta
1523 4509 1879 4566 intermedia

207 4599 254 4653 N
279 4598 321 4654 Ο
343 4600 381 4652 Ρ
407 4598 476 4668 Q,
502 4597 814 4668 interjecta
841 4595 1015 4652 lineis
1047 4599 1089 4652 Υ
1114 4599 1173 4652 Χ.
1204 4601 1244 4653 x
1274 4601 1330 4654 Ζ.
1361 4602 1474 4654 ZV.
1523 4601 1566 4654 V
1624 4600 1688 4656 Y.
1739 4615 1877 4655 cum

209 4685 514 4741 suntinter
531 4699 592 4739 se
607 4699 878 4740 connexa
899 4699 971 4739 ex
990 4685 1196 4740 eadem
1219 4688 1604 4760 proportione
1627 4703 1757 4742 cum
1783 4704 1878 4743 su-

203 4773 566 4849 perioribus,
587 4774 1220 4846 quamvisinmqualia,
1252 4776 1474 4833 similia
1490 4781 1628 4832 sunt
1645 4776 1796 4832 inter
1817 4792 1879 4833 se

204 4863 512 4938 qualitate.
549 4866 700 4932 Ergo
734 4863 1092 4919 intermedia
1115 4865 1335 4921 horum
1362 4865 1672 4938 interjecta
1709 4865 1880 4922 lineis

205 4955 336 5011 ΝΟ.
373 4955 414 5011 0
440 4957 498 5009 P.
544 4953 588 5019 Ο
623 4955 678 5008 Ρ.
717 4955 761 5020 Q
794 4955 859 5020 N,
884 4969 1160 5011 connexa
1184 4956 1336 5012 inter
1367 4971 1428 5012 se
1463 4955 1681 5012 similia
1710 4960 1883 5013 erunt

205 5041 620 5118 superioribus
651 5043 958 5116 qualitate,
986 5049 1092 5100 sed
1120 5047 1506 5119 proportione
1548 5046 1880 5120 responde-

203 5133 359 5190 bunt
387 5132 501 5189 illis
522 5149 596 5189 ex
620 5134 973 5205 quantitatis
997 5136 1336 5208 aequalitate
1359 5141 1415 5193 et
1454 5136 1878 5210 inaequalitate.

205 5225 290 5280 Ex
320 5223 542 5296 quibus
582 5223 928 5296 intelligitur
977 5227 1177 5297 majus
1231 5226 1729 5299 quadrangulum
1779 5231 1883 5284 aut

203 5313 575 5385 triangulum
593 5318 652 5370 et
671 5314 930 5388 quodvis
955 5315 1119 5372 aliud
1145 5331 1336 5386 genus
1355 5318 1561 5390 ﬁgurae
1589 5315 1826 5373 diii‘erre
1847 5333 1885 5373 a

203 5402 437 5460 minore
467 5403 516 5459 si
544 5405 948 5478 quantitatem
982 5413 1232 5479 spectes,
1261 5407 1369 5464 sed
1399 5407 1451 5463 si
1509 5405 1882 5492 qualitatem,

202 5508 331 5551 non
360 5492 619 5550 differre.
654 5497 718 5551 Et
765 5496 1060 5568 quoniam
1088 5497 1440 5569 quantitatis
1467 5495 1783 5570 aequalitas
1830 5505 1888 5558 et

204 5583 586 5658 inaequalitas
611 5583 792 5642 aliam
838 5586 1188 5660 qualitatem
1239 5588 1446 5659 ﬁgurae
1505 5603 1629 5646 non
1684 5586 1882 5656 efﬁcit,

205 5680 255 5732 Α
275 5675 320 5728 Β
351 5674 392 5732 C
414 5675 483 5746 D,
505 5674 671 5749 quod
700 5689 789 5732 est
815 5677 1107 5750 cupidum
1139 5694 1268 5736 esse
1297 5683 1400 5737 aut
1429 5676 1793 5736 iracundum
1815 5678 1888 5738 si.

206 5763 348 5825 mile
377 5765 546 5825 estin
566 5765 876 5841 qualitate,
915 5767 1054 5828 huic
1083 5785 1304 5846 nempe
1334 5771 1377 5830 Y
1424 5771 1468 5831 X
1511 5771 1548 5830 Ζ
1597 5771 1659 5844 V,
1720 5767 1890 5844 quod

425 5864 679 5929 Panos.
714 5868 816 5928 Gs.
839 5867 990 5932 CXL.

1986 4513 2127 4566 runt
2149 4509 2302 4564 inter
2330 4523 2392 4565 se
2432 4507 2548 4564 nisi
2575 4521 2645 4562 ex
2674 4505 2953 4577 trianguli
2991 4505 3208 4576 forma,
3239 4521 3376 4579 quae
3407 4504 3458 4562 si
3485 4503 3652 4561 diffe-

1987 4604 2146 4668 runt,
2175 4602 2419 4671 propter
2435 4596 2842 4653 diversitatem
2873 4595 3082 4653 formae
3106 4594 3389 4652 differunt
3421 4611 3435 4651 :
3469 4593 3575 4650 sed
3602 4594 3654 4651 si

1990 4685 2439 4743 similitudinem
2461 4684 2671 4755 ﬁgurae
2693 4686 2949 4757 spectes,
2969 4698 3079 4740 seu
3099 4683 3299 4756 majus
3322 4696 3432 4739 seu
3451 4681 3654 4739 minus

1991 4777 2068 4832 sit
2088 4774 2475 4848 triangulum,
2501 4773 2663 4830 aliud
2695 4788 2818 4830 non
2845 4774 2974 4830 erit.
3024 4772 3355 4830 Iracundus
3382 4785 3524 4842 ergo
3550 4778 3656 4828 aut

1990 4865 2246 4939 cupidus
2276 4870 2379 4922 aut
2415 4864 2644 4920 ratione
2673 4862 2982 4936 praeditus,
3014 4865 3117 4920 aut
3176 4861 3502 4937 pituitosus
3552 4865 3658 4919 aut

1992 4955 2378 5026 sanguineus,
2404 4957 2509 5010 aut
2539 4951 3036 5015 melancholicus.
3065 4957 3169 5010 aut
3211 4953 3259 5010 si
3289 4951 3393 5026 qui
3427 4949 3658 5008 habent

1992 5046 2237 5103 mistam
2268 5061 2341 5101 ex
2386 5043 2653 5116 utrisque
2681 5043 3191 5116 tcmperationem,
3227 5059 3296 5098 ex
3337 5039 3654 5114 descriptis

1993 5151 2177 5209 supra
2194 5132 2694 5206 conjugationum
2712 5129 3221 5205 copulationibus,
3233 5131 3469 5192 riterius
3492 5128 3654 5187 ordi-

1993 5228 2085 5284 nis
2111 5242 2234 5284 non
2261 5229 2436 5282 erunt
2464 5239 2650 5298 quam
2673 5223 2848 5294 cujus
2876 5227 3017 5280 sunt
3038 5229 3282 5297 propter
3299 5221 3655 5282 intznsionis

1995 5321 2100 5374 aut
2127 5314 2495 5373 remissionis
2522 5313 2838 5378 rationem,
2881 5314 3174 5387 quoniam
3241 5329 3364 5370 non
3393 5317 3534 5370 sunt
3557 5309 3660 5370 alii

1997 5407 2102 5465 sed
2127 5405 2465 5463 dissimiles.
2499 5405 2720 5462 Omnes
2747 5402 2928 5475 igitur
2947 5404 3188 5466 ordines
3225 5420 3383 5481 repe:
3405 5403 3444 5463 ti
3495 5404 3661 5462 sunt.

1995 5499 2183 5556 Porro
2199 5495 2619 5570 unusquisque
2640 5492 2790 5552 ordo
2805 5493 3182 5556 latitudinem
3195 5495 3374 5554 habs:
3385 5497 3456 5555 ut
3465 5506 3665 5553 accre-

1996 5589 2222 5648 tionem
2252 5592 2309 5646 et
2328 5584 2791 5644 diminutionem
2821 5586 3128 5659 suscipere
3158 5586 3368 5660 possit.
3392 5585 3511 5648 LNoc
3523 5581 3664 5647 ideo

2000 5679 2119 5740 alia
2143 5675 2486 5739 communis
2505 5674 2811 5752 qualitatis
2841 5677 3077 5751 species
3113 5695 3222 5739 seu
3247 5677 3414 5737 aliud
3452 5673 3670 5736 indivi-

1999 5771 2192 5832 duum
2207 5769 2421 5834 evadet
2433 5769 2680 5844 Pr0pter
2697 5768 3100 5832 intensionem
3120 5773 3178 5830 et
3223 5768 3666 5830 remissionem.
