4444 6452
743 410 879 464 1323

2329 404 2685 465 ADDENDA,

4037 389 4180 442 1324

749 534 769 550 ς
847 530 859 545 δ
912 536 922 546 ν
1118 530 1168 550 χρ
1222 549 1232 550 7
1334 528 1405 550 :Ap
1608 525 1631 541 Ὗ
1794 530 1811 541 ιε

749 534 769 550 .
847 530 859 545 ι
912 536 922 546 ,
1160 532 1168 542 .
1338 528 1347 534 .
1398 533 1405 543 ,
1608 525 1631 541 ν
1794 530 1811 541 η

745 552 775 590 η
837 550 1055 591 ανεσεως
1118 530 1267 599 λογον
1328 548 1497 600 ετερας
1575 548 1729 601 ουπερ
1788 547 1899 579 εστι
1940 534 2068 598 φανῇ
2124 527 2308 589 τάξεως
2374 528 2399 577 ὅ
2434 531 2477 580 Α
2511 536 2793 594 ἀνεσιςκαι
2824 531 3064 583 ἐπίτασις
3087 527 3144 579 οὐ
3177 530 3366 586 ποσοῦ,
3420 518 3547 570 αλλά
3605 523 3779 577 ποιοῦ,
3833 517 3890 565 τὸ
3935 510 3992 564 δὲ
4053 510 4178 560 01110

747 641 799 672 τι
824 620 1103 673 ἔστιν-οὑκ
1128 618 1278 677 ἄλλος
1325 620 1448 688 γὰρ,
1503 617 1609 668 ἀλλ’
1665 616 1882 676 ἀλλοῖος.
1938 623 2110 668 Πᾶσαι
2166 618 2290 686 γούν
2350 615 2402 667 αἱ

752 710 925 771 τάξεις
972 709 1278 779 εὑρέθησαν.
1330 714 1459 778 Εχει
1510 703 1569 758 δὲ
1634 706 1823 767 πλάτος
1880 706 2053 773 ἐκείτη,
2086 710 2244 770 μῶστε
2312 703 2402 757 δέ-

752 800 951 871 χεσθαι
978 802 1068 848 καὶ
1097 801 1190 853 τὴν
1225 797 1446 857 αὔξησιν
1496 815 1585 846 και
1635 800 1727 853 τὴν
1777 794 2110 862 ὑποξίϐασιν,
2170 815 2259 845 και
2313 795 2406 845 οὐκ

753 886 813 939 ἆν
845 886 965 938 ἀλλο
990 890 1048 937 τὸ
1080 893 1177 946 τῆς
1225 893 1404 945 κοινῆς
1444 888 1715 943 ποιότητος
1778 886 1875 935 εἱτε
1922 881 2081 947 εἶδος,
2135 887 2231 935 εὶτε
2284 887 2405 936 οἶτο-

753 998 849 1051 μον
878 983 1183 1049 γεννήσεται
1214 974 1307 1029 διὰ
1324 981 1418 1034 τὴν
1449 975 1687 1028 ἐπίτασιν
1719 977 1746 1034 ἦ
1795 980 1887 1033 τὴν
1931 974 2129 1030 ἀνεσνν.
2188 975 2246 1028 Ἠ
2307 980 2405 1048 γὰρ

2172 1197 2226 1243 οὺ
2238 1196 2322 1242 σία

793 1193 1034 1261 ἐπίτασις
1161 1202 1313 1254 οὐσία
1516 1216 1641 1261 άλλη
1782 1196 2019 1250 ἐπίτασις

1161 1202 1313 1254 οὐσία
1516 1216 1641 1268 ἄλλα

996 1396 1113 1447 eoat
1360 1408 1469 1472 πῶς

1141 1817 1257 1871 om

766 2147 903 2203 Χού
957 2153 1049 2199 τοῦ
1112 2151 1284 2197 ποσοῦ
1334 2141 1571 2194 ἐπιτάσει
1635 2136 1888 2214 διαφέρειι
1960 2149 2107 2211 ποσῷ
2170 2144 2272 2215 γὰρ
2332 2142 2427 2193 οὐκ
2460 2145 2502 2197 Β
2534 2145 2632 2196 λων
2717 2143 2937 2201 ἰσότητα

769 2237 1030 2305 ἐπίτασις,
1077 2234 1204 2286 ἀλλά
1283 2236 1337 2284 τὸ
1406 2230 1605 2296 ἄνισον,
1672 2231 1793 2301 ὅπερ
1812 2230 1905 2281 οὐκ
1932 2229 2052 2281 ἄλλο
2098 2239 2190 2281 του
2236 2237 2271 2282 Α
2303 2236 2360 2282 τὸ
2387 2238 2427 2283 Α

766 2331 997 2396 ποιήσει,
1056 2327 1121 2384 ὡς
1148 2326 1237 2375 τὸν
1278 2323 1391 2373 ἶσον
1446 2322 1683 2392 ὁρισμόν·
1749 2315 1873 2370 οὐδὲ
1930 2322 2031 2392 ’γὰρ
2083 2318 2231 2371 ἀλλον
2287 2321 2428 2390 μὲνό

767 2417 874 2469 ΑΒ
904 2422 941 2466 Γ
970 2414 1155 2473 κύκλος
1180 2414 1398 2485 ὁρισμὸν
1424 2407 1631 2471 δέξεται
1676 2415 1770 2459 τοῦ
1826 2416 1861 2460 Κ
1927 2414 1972 2460 Λ
2020 2416 2068 2461 Μ
2123 2416 2167 2461 Ν
2211 2416 2269 2460 Z-
2334 2408 2429 2481 01y.-

770 2509 990 2577 φοτέρων
1083 2503 1186 2576 ’γάρ
1273 2498 1347 2561 εἷς
1404 2498 1517 2551 ἐστι
1573 2502 1763 2559 κοινός·
1832 2506 2026 2569 σχῆμα
2070 2500 2171 2571 γάρ
2231 2500 2430 2550 ἐστινό

768 2593 956 2656 κύκλος
1014 2587 1258 2645 ἐπίπεδον
1330 2590 1431 2640 ὑπὸ
1497 2594 1623 2660 μιᾶς
1677 2595 1919 2660 γραμμῆς
1959 2593 2347 2660 περιεχόμενον,
2398 2589 2427 2647 ἢ

769 2683 1002 2735 καλεῖται
1041 2684 1357 2755 περιφέρεια,
1432 2681 1563 2751 πρὸς
1621 2678 1682 2735 ἣν
1742 2675 1825 2747 ἀφ’
1876 2676 1985 2737 ἑνὸς
2026 2685 2116 2728 τοῦ
2162 2677 2298 2737 ἐντός
2340 2685 2431 2728 τοῦ

773 2777 1055 2843 σχήματος
1112 2773 1332 2840 σημείου
1422 2770 1679 2838 κείμενον,
1742 2772 1912 2817 πᾶσαι
1961 2767 2015 2817 αἱ
2072 2771 2433 2837 προσπίπτου-

773 2879 865 2913 σαι
885 2860 1079 2912 εὐθεῖαι
1108 2855 1219 2910 ἶσαι
1278 2856 1523 2917 ἀλλήλαις
1546 2856 1696 2908 εἰσίν,
1754 2858 1869 2906 Εἴτε
1917 2862 2042 2924 γοῦν
2064 2860 2123 2906 τό
2160 2862 2196 2906 Β
2244 2864 2315 2924 τῷ
2389 2860 2434 2910 Α

772 2957 906 3016 ῑσον,
961 2951 1063 3000 εἴτε
1112 2946 1310 3016 ἆνισον,
1374 2948 1462 2997 τὸν
1526 2944 1682 2995 αὐτὸν
1751 2940 1955 3005 δέξεται
2008 2945 2144 3016 ὅρον,
2173 2945 2240 2994 ὧν
2317 2941 2431 2997 ὂὲό

772 3042 886 3111 ὅρος
911 3040 1098 3102 κοινὸς,
1139 3039 1309 3095 κοινὸς
1354 3054 1444 3085 και
1488 3035 1513 3086 ὁ
1572 3041 1662 3093 τῆς
1721 3032 1903 3091 οὐσίας
1954 3031 2067 3084 ἐστὶ
2119 3033 2295 3104 λόγος,
2346 3053 2435 3085 και
2468 3072 2505 3126 C

770 3132 829 3180 1'0
895 3132 1148 3200 τρίγωνον
1208 3124 1368 3184 οὕτως
1423 3128 1512 3175 καὶ
1581 3127 1637 3174 τὸ
1714 3121 2027 3192 πολύγωνον,
2065 3142 2154 3173 και
2213 3126 2297 3174 ἐπί
2348 3130 2438 3174 τοῦ

773 3215 957 3292 ἀρτίου
982 3222 1135 3267 τοῦτο
1160 3234 1249 3265 και
1292 3220 1557 3285 περιττοῦ.
1612 3212 1672 3264 Εἰ
1727 3208 1786 3263 δὲ
1840 3231 1931 3262 και
1982 3220 2173 3282 χρυσῲ
2220 3210 2441 3285 ἀργυρος

775 3306 1006 3375 ἐνωθείη,
1037 3323 1128 3355 και
1159 3299 1339 3369 αὗθυς,
1368 3301 1427 3353 ού
1476 3298 1705 3374 διαφορά
1754 3304 1962 3361 τούτοις
2004 3299 2129 3357 ἄλλη
2184 3299 2285 3351 κάκ
2347 3308 2441 3362 τῆς

777 3395 1004 3454 ένὼσεως
1054 3397 1350 3464 γενήσεται,
1430 3392 1474 3442 εἰ
1525 3396 1597 3462 μὴ
1651 3392 1679 3447 ἡ
1741 3391 1874 3440 κατα
1928 3394 2203 3446 ποιότητα.
2246 3389 2305 3442 Ὀ
2355 3394 2444 3462 μὲν

774 3487 877 3557 γάρ
911 3483 1112 3543 ἐνωθείς
1148 3484 1275 3553 πρὸς
1322 3483 1381 3531 τὸ
1421 3480 1600 3531 λευκὸν
1655 3478 1798 3544 ἔλθη,
1869 3480 1893 3530 ό
1950 3475 2009 3531 δὲ
2049 3483 2179 3550 πρὸς
2243 3482 2301 3530 τὸ
2350 3500 2445 3531 πυ-

777 3569 965 3647 ρῶδες,
1000 3568 1176 3631 οὐδείς
1202 3567 1379 3627 δὲτὴν
1431 3567 1646 3620 ἐνοῦσαν
1700 3566 1954 3626 ἀλλοιωθῆ
2011 3571 2137 3641 πρός
2204 3577 2303 3619 τῶν
2362 3567 2448 3619 011-

777 3779 931 3841 Nam
960 3776 1215 3839 intensio
1244 3780 1302 3836 et
1324 3774 1598 3835 remissio
1636 3789 1760 3832 non
1792 3778 1929 3830 sunt
1952 3772 2300 3847 quantitatis
2332 3774 2439 3830 sed

778 3872 1109 3946 qualitatis.
1148 3869 1321 3925 Aliud
1360 3874 1564 3924 autem
1592 3865 1672 3921 ad
1697 3865 2013 3920 essentiam
2054 3864 2305 3935 pertinet
2360 3865 2438 3919 ad

775 3977 952 4035 quam
974 3975 1098 4015 non
1129 3958 1378 4031 pertinet
1402 3955 1676 4012 intensio.
1708 3956 1789 4008 Ex
1817 3969 1941 4025 quo
1974 3951 2225 4007 efﬁcitur
2276 3952 2440 4008 aliud

775 4050 942 4107 nullo
962 4048 1148 4105 modo
1179 4048 1472 4119 pertinere
1502 4045 1581 4101 ad
1606 4043 2027 4107 intensionem,
2056 4041 2442 4113 quandoqui-

777 4141 919 4195 dem
942 4140 999 4193 in
1026 4135 1193 4192 nulla
1207 4134 1468 4190 essentia
1483 4139 1576 4188 est
1596 4132 1872 4195 intensio,
1898 4136 1956 4186 at
1987 4130 2245 4185 essentia
2262 4137 2349 4185 est
2378 4132 2439 4184 in

779 4228 947 4285 omni
985 4226 1122 4294 alio,
1154 4224 1409 4279 intensio
1430 4237 1573 4291 ergo
1598 4221 1659 4275 in
1682 4220 1846 4274 nullo
1907 4218 2026 4274 alio
2084 4218 2211 4273 erit.
2269 4220 2444 4275 Omni

777 4318 957 4389 igitur
978 4316 1023 4368 B
1051 4314 1366 4370 conveniet
1400 4315 1445 4366 A
1478 4327 1492 4377 ;
1522 4315 1582 4366 at
1608 4309 1755 4365 nulli
1792 4311 1827 4363 Β
1856 4310 1895 4364 C
1927 4308 2258 4362 conveniet.
2295 4307 2447 4363 Nulli

782 4421 926 4476 ergo
958 4407 997 4461 C
1038 4402 1352 4459 conveniet
1371 4404 1439 4458 A.
1464 4398 1968 4469 Quandoquidem
2000 4412 2192 4468 neque
2213 4402 2258 4451 Α
2284 4400 2320 4451 Β
2343 4398 2382 4452 C
2405 4400 2445 4451 Ι)

782 4494 981 4550 differt
1010 4492 1089 4548 ab
1114 4494 1157 4545 V
1178 4493 1217 4545 Χ
1245 4493 1287 4546 Y
1314 4493 1351 4546 Z
1379 4493 1622 4561 propter
1646 4486 1997 4559 quantitatis
2018 4486 2445 4551 intensionem;

784 4599 930 4640 nam
947 4583 1009 4637 in
1025 4581 1357 4654 quantitate
1378 4593 1501 4634 non
1523 4583 1612 4632 est
1634 4576 1889 4631 intensio
1913 4574 2021 4630 sed
2041 4574 2446 4647 inaequalitas;

785 4688 922 4745 qua:
961 4670 1209 4743 quidem
1225 4667 1604 4740 inaequalitas
1631 4664 1792 4721 aliud
1818 4670 1861 4719 A
1893 4663 1971 4720 ab
1999 4668 2043 4717 Α
2085 4678 2206 4717 non
2237 4662 2453 4718 efﬁciet

786 4777 928 4819 cum
977 4760 1193 4816 eadem
1258 4757 1671 4814 deﬁnitionem
1726 4754 1951 4809 habeat
2005 4759 2347 4824 utrumque,
2391 4755 2453 4806 ut

787 4865 985 4922 neque
1018 4848 1274 4903 circulus
1303 4852 1350 4902 Α
1372 4849 1409 4901 Β
1433 4847 1471 4901 C
1500 4843 1912 4900 deﬁnitionem
1940 4842 2121 4898 aliam
2160 4847 2219 4897 et
2260 4842 2452 4896 diver-

790 4956 925 4997 sam
955 4936 1352 4994 adeﬁnitione
1376 4934 1618 5006 majoris
1644 4932 1845 4989 circuli
1870 4938 1911 4985 Κ
1945 4934 1981 4986 L
2008 4933 2057 4986 M
2116 4934 2156 4987 N
2202 4931 2246 4989 Ο
2275 4930 2455 4986 susci-

791 5029 933 5101 piet.
961 5028 1272 5099 Utriusque
1300 5025 1459 5081 enim
1487 5023 1692 5079 circuli
1721 5037 1845 5077 una
1872 5028 1963 5077 est
1983 5020 2252 5076 deﬁnitio
2295 5037 2455 5077 com-

792 5117 1019 5174 munis.
1058 5120 1227 5173 Nam.
1257 5114 1510 5170 circulos
1550 5118 1638 5168 est
1659 5112 1856 5181 ﬁgura
1888 5111 2070 5182 plana
2130 5126 2249 5166 una
2305 5110 2463 5165 linea

2516 1191 2639 1240 ἄλλο

1858 1253 2664 1482 \
3081 1297 3152 1482 ἦ

2013 1385 2128 1436 οὐδέ
2176 1348 2316 1442 /\
2359 1385 2469 1442 πῶς
2517 1348 2587 1442 /
2629 1348 2661 1442 \
3098 1363 3182 1442 /\
3678 1348 3913 1442 π--ὲὲ

1850 1592 2651 1906 ψ

2513 624 2714 683 οὐσίας..
2749 624 2778 678 ἡ
2824 619 3062 677 ἐπίτασις
3115 612 3173 665 δὲ
3224 612 3315 663 οὐκ
3362 609 3565 671 οὐσίας,
3629 600 3778 654 οὐδὲν
3826 602 3946 652 ἀλλο
3993 600 4180 651 λοιπὸν

2516 712 2797 769 ἐπιτασεως
2824 712 2903 760 ὅτι
2934 727 3023 758 και
3049 707 3077 761 ἡ
3114 702 3347 758 ἐπίτασις
3378 696 3425 748 ἐν
3457 692 3683 766 οὐδεμιᾷ
3722 692 3895 761 οὐσία·
3923 692 3952 747 ἠ
4019 688 4185 740 οὐσία

2520 797 2577 851 δε
2612 800 2659 850 ἐν
2690 802 2844 849 παντί
2900 795 3060 864 011100.
3122 792 3178 843 Ἠ
3240 788 3481 844 ἐπίτασις
3528 792 3651 852 γουν
3699 780 3746 832 ἐν
3804 776 3976 831 οὐδενί
4018 776 4180 843 ἀλλῳ,

2521 909 2609 940 και
2630 893 2686 940 τό
2717 888 2881 959 Αὰρα
2909 888 3062 936 παντί
3094 889 3165 950 τῷ
3198 886 3254 945 Β,
3302 881 3359 928 τὸ
3405 873 3464 927 δὲ
3523 879 3559 924 Γ
3610 868 3802 939 οὐδενί,
3857 878 3927 939 τῷ
3958 875 3994 920 Β
4036 870 4093 917 τό
4144 873 4183 917 Α

2526 978 2647 1050 ἀρα,
2681 973 2855 1029 οὐδενί
2874 977 2929 1025 τὸ
2954 980 3015 1035 Τ,
3044 973 3123 1022 ὅτι
3162 988 3251 1019 και
3277 969 3334 1016 τὸ
3364 970 3402 1015 Α
3435 970 3472 1015 Β
3499 968 3535 1014 Γ
3603 968 3636 1012 Δ
3678 963 3810 1033 πρὸς
3857 962 3914 1009 τὸ
3973 963 4017 1009 Ψ
4068 963 4107 1008 Φ
4140 962 4192 1006 Ω.

2864 1615 2971 1679 πῶς
3004 1603 3032 1663 /‘
3077 1617 3199 1671 οὐδὲ
3262 1594 3433 1904 iam

2855 1853 2889 1898 ἡ

2953 1932 2985 1964 ο
3271 1909 3448 1961 ὲπίται

2953 1909 2986 1965 6
3007 1909 3078 1911 vi
3092 1909 3115 1910 ί
3271 1909 3510 1965 ἐπίτασις

3028 2140 3057 2199 ἦ
3144 2136 3451 2190 ἀνισότητα·
3544 2130 3681 2199 μενεῖ
3735 2121 3835 2193 ’γάρ
3890 2115 4094 2179 ἑκάστῳ
4146 2111 4211 2158 τὸ

2538 2234 2758 2285 ἑκάστου
2806 2234 2991 2293 ποσὸν,
3066 2230 3202 2278 ὥστε
3276 2219 3501 2293 οὐδεμία
3575 2215 3815 2269 ἐπίτασις
3868 2207 3896 2264 ἦ
3951 2199 4211 2257 ium-€75

2542 2322 2661 2373 ἀλλο
2712 2325 2848 2394 φέρει
2936 2322 3036 2371 τινί
3094 2313 3413 2388 γενήσεσθαι
3494 2306 3649 2378 οὗπέρ
3726 2301 3887 2352 ἐστίν·
3948 2292 4051 2344 ἐκεῖ
4096 2288 4208 2357 ’γὰρ

2718 2377 2726 2393 ι
2771 2377 2779 2394 ι
3102 2377 3113 2388 .
3624 2377 3627 2378 ,

2542 2412 2786 2470 σύνθεσις
2809 2413 3100 2463 ποιοτήτων
3134 2401 3226 2456 διά
3283 2408 3433 2452 τούτο
3497 2391 3621 2447 οὐδὲ
3659 2388 3852 2442 ἀπλοῦν
3889 2382 4017 2434 ἀλλά
4085 2377 4211 2427 σύν-

2544 2503 2682 2553 θετον
2715 2519 2772 2551 το
2806 2497 3045 2551 συνελθόν
3088 2494 3220 2561 ἐστι,
3270 2493 3515 2544 ποιότητι
3569 2481 3628 2535 δὲ
3686 2480 3893 2534 εἰκότως
3941 2474 3970 2529 ἡ
4027 2466 4211 2522 ἆνεσις

2540 2592 2683 2646 καιὴ
2711 2588 2946 2646 ἐπίτασίς
2969 2585 3103 2647 ἐστι,
3136 2587 3303 2633 ποσοῦ
3362 2575 3413 2630 δ’
3462 2578 3542 2627 οὗ.
3591 2570 3701 2624 Ούκ
3748 2565 3869 2618 ἄλλο
3924 2564 4051 2631 γαρ,
4090 2552 4211 2604 ἀλλ’

2541 2678 2741 2730 ἀλλοῖον
2790 2676 2967 2729 ἐκεῖνοι
3051 2676 3169 2725 οὔτε
3246 2671 3345 2742 γάρ
3441 2665 3670 2739 χρυσὸς,
3780 2656 3894 2707 οὔτε
3974 2647 4213 2720 ἀργυρος

2542 2774 2694 2842 μόνον
2749 2773 2938 2840 μίγμα,
3002 2763 3106 2815 ἀλλ’
3141 2760 3454 2823 ἑξαπλάσιος
3484 2754 3711 2826 ἄργυρος
3768 2754 3829 2817 τῇ
3887 2742 4067 2795 ένὼσει
4114 2738 4212 2784 τοῦ

2542 2857 2856 2921 ἐξαπλασίου
2906 2860 3116 2927 χρυσοῦ
3164 2850 3298 2901 κατα
3358 2850 3445 2918 μεν
3497 2846 3555 2895 τὸ
3625 2841 3773 2893 ποιόν
3827 2831 4100 2884 ἀλλοιώσει
4162 2840 4218 2872 τε

2544 2968 2633 2999 και
2672 2946 2952 3015 ἀλλοιωθῇ,
3000 2949 3148 3011 ποσῷ
3191 2936 3240 2991 δ’
3300 2940 3379 2989 οὗ.
3433 2935 3527 2987 Διοί
3573 2937 3726 2982 τοῦτο
3795 2923 3854 2975 οὐ
3905 2927 3978 2988 τῷ
4037 2918 4217 2980 ποσῷ,

2545 3037 2587 3089 εἰ
2643 3042 2825 3087 σκοπεί
2864 3052 2964 3095 τις,
3023 3027 3111 3102 ῑδῃ
3160 3027 3218 3078 ἂν
3265 3044 3389 3077 ποτε
3435 3027 3527 3079 τὴν
3595 3018 3831 3070 ἐπίτασιν
3871 3012 3900 3068 ἦ
3953 3012 4047 3063 τὴν
4098 3001 4225 3071 5??

2550 3123 2783 3190 σιννάλλδ
2818 3122 2865 3172 ἐν
2909 3128 2978 3190 τῷ
3032 3125 3181 3187 ποιῷ.
3230 3114 3386 3175 Δείξω
3427 3109 3486 3163 δὲ
3550 3115 3703 3159 τοῦτο
3759 3102 3946 3164 οὕτως,
4004 3098 4220 3165 Πρότα-

2551 3234 2648 3273 σις·
2700 3210 2780 3264 δεῖ
2853 3218 2977 3281 γοῦν
3046 3204 3215 3268 δεῖξαι
3261 3205 3337 3255 ὃτι
3382 3200 3430 3252 ἐν
3482 3206 3545 3256 τῆ
3593 3201 3686 3248 τᾶν
3744 3206 4036 3245 ποιοτητων
4097 3201 4221 3233 συν-

2552 3303 2766 3366 ελεύσει,
2837 3295 3200 3369 ἐπισυμϐαίνει
3258 3292 3497 3349 ἐπίτασις
3553 3286 3688 3337 κατά
3735 3284 3793 3333 τὸ
3849 3278 4071 3340 ἀλλοῖον,
4125 3270 4224 3321 οὐκ

2555 3390 2632 3443 ἀεί
2688 3387 2769 3455 δὲ,
2838 3392 2895 3440 τό
2958 3383 3017 3438 δὲ
3105 3385 3267 3434 ποσὸν
3317 3379 3411 3431 οὐκ
3460 3380 3573 3448 ἔχει
3631 3372 3889 3424 ἐπίτασιν.
3950 3364 4220 3419 Ἕκθεσις·

2557 3485 2689 3533 ἔστω
2720 3485 2889 3531 τοίνυν
2920 3482 2978 3529 τό
3013 3481 3111 3528 AT
3143 3479 3179 3524 Γ
3226 3477 3411 3531 ποσόν,
3474 3469 3662 3538 ὁμοίως
3716 3458 3775 3513 δὲ
3830 3477 3920 3509 και
3962 3459 4020 3506 τό
4064 3459 4108 3505 Λ
4172 3456 4222 3502 Μ

2557 3578 2623 3638 Ν,
2651 3568 2733 3622 δεῖ
2790 3565 2849 3620 δὲ
2898 3566 2945 3618 ἐν
3013 3572 3117 3624 τοὶς
3176 3561 3484 3634 ἀμφοτέροις
3538 3557 3774 3626 σημείοις
3822 3552 3891 3621 μὴ
3954 3545 4223 3616 ὑπάρχειν

2550 3775 2681 3850 pari
2711 3780 2769 3830 et
2787 3770 3024 3844 impari.
3068 3766 3240 3834 Quod
3275 3766 3321 3819 si
3347 3765 3665 3831 argentum
3696 3771 3835 3811 cum
3875 3766 4026 3807 auro
4049 3748 4225 3803 unia-

2554 3872 2667 3931 tur,
2698 3879 2820 3920 non
2848 3861 2964 3916 alia
3014 3859 3256 3913 exsistet
3306 3849 3643 3908 differentia
3687 3862 3758 3901 ex
3816 3843 3932 3898 hac
3977 3838 4229 3910 c0pula-

2554 3929 2732 4019 tione,
2766 3967 2951 4025 quam
2983 3947 3082 4003 illa
3108 3961 3243 4018 quae
3265 3960 3337 3999 ex
3360 3939 3646 4015 qualitate
3667 3940 3775 3991 est.
3810 3935 4040 3987 Aurum
4064 3929 4228 3983 enim

2558 4017 2906 4116 copulatum
2934 4017 3276 4093 albedinem
3300 4030 3551 4102 accepit,
3601 4031 3657 4081 et
3678 4026 3996 4094 argentum
4017 4017 4231 4074 album

2558 4135 2781 4190 ﬂavum
2809 4129 2939 4185 auri
2963 4126 3245 4181 colorem.
3280 4126 3565 4178 Neutrum
3588 4132 3749 4180 vero,
3792 4126 3986 4182 usque
4008 4123 4234 4163 aurum

2560 4237 2754 4294 neque
2773 4222 3109 4287 argentum,
3162 4213 3579 4285 quantitatem,
3630 4218 3819 4276 quam
3862 4197 4095 4260 habuit,
4155 4195 4237 4250 ob

2563 4286 2816 4369 aliorum
2852 4286 3263 4378 aequalitatem
3300 4307 3357 4356 et
3416 4295 3887 4369 inaequalitatem
3936 4304 4076 4343 cum
4114 4286 4237 4340 alia

2564 4396 2991 4459 commutavit;
3029 4392 3350 4463 unicuique
3416 4388 3576 4443 enim
3632 4398 3744 4438 sua
3792 4382 3997 4435 manet
4043 4390 4240 4447 quan-

2566 4492 2721 4547 titas.
2783 4490 2977 4553 Quare
3043 4482 3209 4538 nulla
3266 4478 3523 4535 intensio
3572 4479 3677 4530 aut
3728 4469 4002 4527 remissio
4054 4466 4239 4521 efﬁcit

2567 4588 2631 4636 ut
2688 4576 2917 4648 aliquid
3001 4572 3165 4629 aliud
3265 4570 3337 4624 sit
3433 4581 3621 4639 quam
3702 4558 3867 4634 quod
3934 4561 4043 4612 est.
4116 4553 4239 4609 Illic

2569 4668 2728 4725 enim
2762 4644 2848 4720 est
2876 4662 3235 4736 qualitatum
3263 4653 3641 4728 compositio.
3700 4649 3925 4705 Idcirco
3963 4644 4133 4717 quod
4158 4644 4239 4698 ita

2568 4756 2885 4829 copulatur
2900 4735 3027 4808 non
3048 4754 3139 4805 est
3166 4746 3421 4818 simplex
3447 4742 3553 4798 sed
3583 4738 4011 4811 compositum.
4056 4735 4241 4787 Porro

2570 4847 2781 4903 merito
2838 4841 3114 4897 remissio
3173 4844 3230 4893 et
3284 4834 3537 4891 intensio
3586 4826 3977 4902 qualitatibus
4040 4823 4243 4878 inesse

2570 4937 2871 5003 dicuntur,
2903 4928 3217 5003 quantitati
3271 4940 3415 4980 vero
3470 4923 3672 4977 inesse
3708 4919 4030 4986 negantur.
4087 4915 4244 4968 Nam

2572 5024 2739 5099 quod
2765 4999 3092 5078 intenditur
3112 5023 3168 5074 et
3189 5013 3506 5072 remittitur
3536 5007 3699 5067 aliud
3736 5020 3859 5063 non
3879 5002 4103 5067 evadit,
4137 4999 4248 5056 sed

2574 5095 2894 5171 dissimile.
2933 5108 3107 5165 Aliud
3128 5105 3374 5179 quidem
3402 5106 3489 5158 est
3514 5096 3871 5169 sexcuplum
3921 5095 4249 5162 argentum

792 5207 1235 5279 comprehensa
1260 5221 1396 5277 quae
1447 5200 1928 5259 circumferentia
1994 5199 2351 5272 appellatur,
2384 5199 2463 5255 ad
2500 5205 2542 5259 D
2575 5203 2925 5276 copulatum
2954 5215 2990 5254 ει
3022 5193 3309 5266 sexcuplo
3331 5206 3479 5248 auro
3511 5186 3815 5260 copulato.
3857 5187 3938 5238 Ac
3981 5197 4059 5236 ex
4100 5195 4252 5252 qua-

794 5314 983 5372 quam
1014 5312 1229 5353 omncs
1260 5313 1297 5352 a
1326 5299 1529 5351 centro
1581 5294 1792 5362 ﬁgurae
1852 5291 2241 5346 ducttelineae
2288 5296 2463 5347 rectae

795 5388 1063 5462 aequales
1089 5388 1243 5443 inter
1273 5403 1337 5441 se
1364 5390 1521 5441 sunt.
1550 5384 1682 5439 Sive
1703 5382 1881 5452 igitur
1914 5384 1952 5437 Β
2001 5381 2321 5454 sitaaquale
2351 5380 2465 5453 ipsi

793 5484 861 5551 Α,
896 5478 1020 5534 sive
1052 5476 1370 5550 inaequale,
1398 5470 2099 5531 deﬁnitionemeamdem
2160 5471 2463 5544 suscipiet.

798 5570 1288 5638 Quorumgautem
1300 5564 1569 5621 deﬁnitio
1582 5560 1925 5618 communis
1940 5562 2207 5627 est,ratio
2220 5576 2465 5633 quoque

795 5657 1071 5714 essentiae
1093 5656 1332 5712 illorum
1362 5659 1450 5710 est
1479 5652 1840 5709 communis.
1872 5650 2033 5706 Idem
2081 5666 2327 5723 quoque
2357 5650 2465 5706 ob-

798 5750 1068 5837 servatur
1103 5747 1166 5802 in
1213 5743 1535 5815 triangulo,
1558 5742 1617 5798 in
1657 5738 2036 5810 multangula
2065 5756 2078 5794 :
2110 5739 2376 5813 itemque
2400 5740 2464 5797 in

2573 5269 2738 5349 litate
2769 5289 3014 5363 quidem
3048 5283 3438 5341 mutabuntur
3489 5283 3546 5333 et
3598 5272 3916 5331 dissimilia
3958 5269 4249 5338 evadent,

2576 5382 2683 5438 sed
2710 5358 3155 5451 ent-quantitate
3187 5384 3600 5445 nequaquam.
3634 5367 3825 5431 Quare
3859 5361 3910 5415 si
3948 5360 4091 5431 quis

2576 5476 2782 5544 genter
2820 5465 3174 5530 consideret,
3218 5475 3535 5533 nunquam
3583 5452 4021 5512 animadvertet
4061 5451 4257 5504 inten-

2577 5562 2809 5618 sionem
2860 5561 2962 5613 aut
3014 5552 3438 5611 remissionem
3494 5542 3813 5620 quantitati
3872 5540 4096 5605 inesse,
4149 5538 4258 5594 sed

2575 5648 2872 5724 qualitati.
2900 5645 3072 5712 Quod
3093 5646 3176 5699 ita
3206 5657 3338 5697 esse
3359 5640 3523 5695 hunc
3564 5637 3625 5692 in
3686 5632 3941 5689 modum
4000 5628 4261 5684 demon-

2575 5717 2800 5797 s-trabo.
2829 5737 3073 5809 Oportet
3091 5732 3269 5804 igitur
3299 5730 3716 5786 demonstrare
3769 5721 3831 5777 in
3878 5717 4257 5793 qualitatum
