4444 6452
208 427 346 479 1323

1127 426 1492 483 THEODORI
1516 425 1560 480 ll
1590 427 1729 481 1MP.
1751 427 1840 480 DE
1868 427 2327 485 COMMONIONE
2357 430 2733 487 NATURALI.

3493 435 3627 486 H26

202 549 323 597 τινὰ
385 543 553 609 δεῖξαι
610 545 849 598 ἐπίτασιν
897 550 1026 600 καθὸ
1084 552 1246 603 ποσά.
1306 548 1478 603 Ἔστω
1525 558 1650 621 γοῦν
1728 554 1861 623 ὁρμὴ
1900 554 1946 605 Α
1977 551 2176 605 ἀλλοῖον
2219 556 2248 611 ἡ
2299 551 2539 626 μονάδων
2600 549 2922 618 συνέδευσις,
2974 556 3003 610 ἦ
3054 552 3162 613 ἐνὸς
3214 558 3303 605 καὶ
3352 554 3474 619 ἐνὸς,
3537 560 3626 607 καὶ

202 638 402 696 τιςὴΛ
438 638 581 693 καιὴ
617 636 763 708 ἑτέρα
816 642 882 703 Λ,
945 639 999 689 αἱ
1055 634 1113 690 δὲ
1173 642 1297 712 πρὸς
1354 642 1545 699 ταύτας
1588 645 1624 690 Β
1680 659 1768 691 και
1815 646 1863 691 Μ

209 724 455 789 αὔξησις,
489 744 577 775 και
636 726 665 781 ἡ
720 730 756 775 Γ
810 745 897 775 και
946 732 989 776 Ν
1030 724 1285 787 ἐπίτασιςο

211 811 362 873 ξησει
416 820 450 864 Β
493 820 540 865 Μ
586 814 616 869 ἡ
682 818 718 865 Γ
756 820 801 865 Ν
858 812 1116 882 ἐπίτασις,
1174 816 1203 873 ἣ
1289 818 1357 876 ὡς
1440 812 1626 867 δεκάσι
1709 812 1863 867 δεκά-

214 897 319 963 δες,
372 905 401 958 ἧ
454 904 518 961 ὡς
600 899 823 972 μονάδες
893 905 1104 974 μονάσι,
1156 923 1245 955 και
1328 906 1358 961 ἠ
1436 910 1472 956 Β
1543 911 1595 957 Μ
1675 913 1769 965 τῆς
1818 907 1864 957 Α

212 994 246 1047 ὴ
294 991 437 1042 ἔσται
493 990 754 1052 ἐπίτασις,
798 994 827 1049 ἦ
881 993 948 1052 ὡς
995 989 1211 1053 δεκάδες
1262 989 1499 1057 δεκάσιν,
1560 994 1589 1050 ἡ
1633 996 1699 1055 ὡς
1774 1013 1865 1065 μοι

210 1076 362 1139 νάδες
413 1083 625 1150 μονάσι,
698 1085 817 1153 τρία
885 1088 1006 1150 γοῦν
1083 1081 1185 1132 εἱσι
1265 1084 1328 1132 τὰ
1401 1083 1630 1147 τεθέντα,
1703 1083 1861 1155 ὁρμὴ,

211 1167 456 1230 αὓξησις,
480 1169 716 1228 ἐπίτασις
750 1190 761 1201 ·
800 1170 828 1225 η
863 1170 997 1241 ὁρμὴ
1043 1176 1164 1238 γοῦν
1213 1172 1281 1230 ὡς
1341 1172 1522 1241 μονὰς,
1569 1172 1598 1228 ἠ
1648 1171 1865 1232 αὐξησις

208 1259 277 1316 ὡς
309 1253 462 1323 δυὰς,
503 1259 533 1314 ἡ
584 1256 821 1318 ἐπίτασις
867 1259 935 1318 ὡς
981 1259 1125 1331 τριλς
1176 1279 1188 1290 ·

1371 728 1414 779 εἰ
1466 734 1589 797 γοῦν
1646 735 1708 799 τῇ
1774 729 1864 778 αὑ-

1240 1261 1374 1310 κατὰ
1428 1265 1554 1329 γοῦν
1602 1261 1687 1319 τὰς
1746 1280 1856 1311 συνο

212 1348 379 1407 Θέσεις
433 1365 525 1396 και
556 1350 678 1405 τοὺς
732 1350 1116 1420 σπερματικοὺς
1164 1346 1372 1416 λογους,
1417 1348 1446 1404 ὴ
1516 1351 1605 1419 μὲν
1662 1368 1864 1422 πρωτη,

211 1438 409 1505 στιγμὴ
450 1454 539 1485 και
595 1430 814 1505 δύναμις
857 1438 1078 1503 μήκους,
1136 1436 1165 1491 ἡ
1224 1431 1462 1509 δευτέρα,
1508 1442 1723 1508 γραμμὴ
1777 1457 1867 1489 και

211 1520 432 1595 δύναμις
470 1522 713 1587 πλάτους,
770 1524 799 1580 ἡ
853 1519 911 1574 δὲ
963 1527 1135 1596 τρίτη,
1178 1526 1447 1594 ἐπιφάνεια
1495 1545 1583 1576 και
1644 1522 1867 1598 δύναμις

212 1612 433 1685 βάθους,
487 1615 551 1663 τὰ
605 1608 663 1663 δὲ
698 1617 818 1683 τρία
872 1608 1096 1682 δύναμις
1151 1618 1413 1683 σώματος,
1472 1616 1530 1665 τὸ
1599 1610 1659 1665 δὲ
1717 1623 1869 1686 σῶμα

210 1709 399 1767 ποσοῦ,
449 1703 505 1752 τό
556 1703 719 1751 ποσόν
770 1695 830 1752 δι
867 1699 916 1751 ἐν
957 1707 1066 1760 τοῖς
1103 1706 1249 1772 τρισὶ
1304 1704 1625 1773 περιάγεται,
1674 1707 1762 1754 καὶ
1827 1705 1869 1755 εἰ

211 1794 304 1861 μὲν
350 1791 501 1861 σῶμά
525 1808 636 1849 πως
722 1786 920 1861 ὑπερϐῇ
1001 1792 1118 1849 τοὺς
1212 1790 1383 1863 ὄρους,
1475 1790 1519 1842 εὶ
1594 1810 1685 1841 και
1747 1792 1868 1843 ἄλλο

580 1946 730 2003 τοίας
978 1970 1134 2034 σῶμι
1386 1950 1548 2034 πόρον

548 2051 671 2114 A/\
1043 2074 1072 2114 Α
1106 2056 1147 2109 Β
1448 2051 1567 2114 [ΧΓ

753 2122 967 2186 ποιότης
988 2117 1048 2187 /
1068 2117 1121 2187 \
1159 2117 1376 2187 ποιότης

210 2862 378 2931 τούτῳ
411 2859 617 2933 συνέλη,
651 2856 932 2929 ἀδύνατον,
991 2860 1035 2912 εἰ
1096 2856 1155 2911 δὲ
1214 2858 1513 2931 ἀσώματον,
1569 2860 1596 2919 ἦ
1655 2864 1869 2917 ποιότη-

211 2954 304 3011 τός
358 2950 492 3019 ἐστι,
542 2955 632 3002 καὶ
680 2949 775 3001 οὐκ
820 2948 939 3001 ἄλλο
990 2953 1267 3020 γενήσεται
1322 2952 1380 3001 τὸ
1427 2948 1682 3019 ἐπιταθὲν,
1759 2948 1866 3001 ἀλλ’

213 3125 647 3198 compositione
676 3126 868 3181 inesse
893 3124 1293 3181 intensionem
1318 3141 1392 3181 ex
1414 3124 1780 3191 alteratione,
1806 3131 1872 3182 ut

213 3218 297 3273 ita
325 3216 524 3273 dicam
555 3215 774 3287 :idque
826 3231 949 3271 non
997 3230 1235 3286 semper
1295 3234 1307 3283 ;
1363 3216 1682 3287 quantitati
1727 3232 1871 3272 vero

210 3310 513 3377 quatenus
563 3310 653 3360 est
711 3304 1014 3376 quantitas
1063 3304 1463 3360 intensionem
1551 3320 1868 3377 nunquam

209 3393 501 3449 accidere.
537 3396 671 3449 Esto
701 3394 880 3463 igitur
926 3408 963 3449 α
1014 3394 1047 3447 b
1091 3409 1121 3449 c
1169 3394 1473 3466 quantitas
1525 3412 1537 3449 :
1601 3394 1871 3450 similiter

208 3484 390 3539 etiam
446 3484 566 3538 lm
628 3499 669 3538 η
717 3482 1041 3555 quantitas.
1094 3484 1335 3554 Oportet
1425 3482 1738 3538 ostendere
1807 3484 1869 3538 in

207 3572 520 3644 utriusque
549 3573 808 3643 punctis,
842 3587 948 3626 seu
974 3571 1240 3626 terminis
1271 3586 1394 3626 non
1429 3571 1624 3627 inesse
1681 3572 1869 3627 inten-

206 3662 441 3718 sionem
496 3668 796 3734 quatenus
842 3662 1169 3733 quantitate
1217 3666 1358 3716 sunt
1415 3661 1684 3733 praedita.
1734 3665 1868 3718 Esto

206 3752 388 3822 igitur
417 3751 701 3823 appetitio
726 3750 928 3823 aliqua
948 3766 1080 3821 qua:
1113 3751 1186 3805 sit
1215 3769 1272 3818 α,
1296 3755 1353 3805 et
1386 3751 1572 3806 altera
1617 3767 1751 3822 qua;
1796 3751 1870 3807 sit

210 3842 250 3896 ι.
281 3840 370 3896 Ad
390 3841 502 3896 has
537 3839 935 3912 appetitiones
958 3840 1291 3895 referantur
1319 3840 1351 3894 b
1382 3844 1514 3894 etm
1566 3856 1703 3912 quae
1750 3841 1869 3896 sint

208 3930 832 4001 accretio,itemquec
890 3934 948 3985 et
1003 3946 1063 3995 η,
1107 3944 1243 4001 quae
1289 3932 1406 3984 sint
1458 3929 1741 3985 intensio.
1807 3934 1868 3985 ln

211 4019 545 4075 accretione
573 4019 750 4087 igitur
773 4035 902 4091 qua
930 4023 1017 4073 est
1048 4019 1080 4073 b
1109 4035 1166 4073 m
1216 4018 1367 4072 inest
1400 4017 1658 4073 intensio
1731 4036 1869 4092 quae

213 4113 307 4164 est
343 4124 374 4165 ι’
398 4125 460 4174 n,
480 4112 584 4164 aut
614 4112 677 4163 ut
704 4107 933 4163 denarii
966 4107 1199 4162 numeri
1221 4107 1426 4162 insunt
1453 4108 1745 4177 denariis)
1768 4112 1872 4165 aut

216 4202 282 4253 ut
306 4198 556 4254 unitates
577 4196 783 4253 insunt
805 4196 1135 4252 unitatibus
1195 4214 1209 4264 ;
1273 4198 1305 4251 b
1349 4214 1407 4251 m
1457 4198 1565 4253 erit
1612 4198 1873 4254 intensio

221 4287 402 4359 hujus
422 4302 461 4343 a
492 4288 533 4353 l,
563 4286 746 4358 idque
767 4286 982 4342 eodem
1005 4285 1189 4341 modo
1222 4302 1345 4358 quo
1385 4286 1615 4342 denarli
1672 4288 1874 4343 insunt

220 4376 501 4443 denariis,
525 4382 627 4431 aut
654 4375 910 4431 unitates
941 4376 1146 4431 insunt
1184 4376 1533 4433 unitatibus.
1579 4377 1679 4432 Hic
1733 4394 1874 4448 ergo

221 4467 333 4522 tria
366 4465 560 4538 posita
581 4469 737 4535 sunt,
772 4465 1078 4538 appetitio,
1134 4465 1409 4533 accretio,
1476 4466 1751 4533 intensio,
1812 4471 1877 4521 ut

217 4554 513 4611 ternarius
528 4570 834 4609 numerus.
853 4555 1043 4620 Quare
1061 4554 1109 4608 si
1126 4554 1627 4625 compositionem
1643 4562 1874 4627 spectes

218 4649 276 4700 et
329 4644 592 4699 rationes
635 4643 714 4698 ad
781 4642 1246 4715 propagandum
1309 4644 1671 4715 prodientes,
1758 4645 1877 4718 pri-

220 4751 387 4790 mum
431 4733 633 4789 locum
664 4732 954 4788 abtinebit
1007 4738 1323 4805 punctum,
1382 4749 1488 4789 seu
1543 4734 1635 4789 vis
1694 4740 1873 4808 atque

218 4823 473 4880 facultas
500 4822 578 4878 ad
602 4822 1038 4891 longitudinem
1070 4823 1464 4894 progrediens
1497 4841 1509 4879 :
1542 4824 1878 4880 secundum

220 4913 422 4970 locum
449 4912 740 4969 obtinebit
759 4911 941 4977 linea,
973 4927 1082 4967 seu
1136 4913 1227 4967 vis
1271 4918 1453 4986 atque
1508 4913 1768 4971 facultas
1800 4914 1879 4971 ad

219 5004 596 5060 latitudinem
616 5001 1036 5074 progrediens;
1054 5003 1286 5058 tertium
1303 5005 1507 5059 locum
1526 5005 1879 5077 superﬁcies

221 5093 533 5162 obtinebit,
564 5108 671 5148 seu
726 5093 812 5146 vis
857 5096 1036 5163 atque
1076 5091 1329 5148 facultas
1372 5093 1451 5148 ad
1504 5093 1881 5150 altitudinem

224 5182 643 5255 progrediens.
674 5183 853 5236 Porro
881 5180 1009 5235 haec
1036 5180 1147 5235 tria
1175 5181 1291 5237 vim
1322 5188 1505 5255 atque
1536 5182 1882 5238 facultatem

223 5271 449 5329 habent
469 5270 547 5327 ad
579 5286 799 5342 corpus
847 5268 1357 5337 constituendum,
1417 5287 1636 5343 corpus
1682 5277 1881 5329 autem

226 5361 304 5418 ad
323 5361 721 5434 quantitatem
743 5359 1071 5431 perfectam
1093 5360 1581 5416 constituendam
1629 5378 1761 5417 com
1771 5378 1883 5435 pa-

225 5455 423 5508 ratum
455 5455 546 5507 est
570 5468 583 5517 ;
606 5450 913 5523 quantitas
942 5453 1146 5504 autem
1164 5449 1277 5505 sub
1300 5449 1391 5505 his
1410 5450 1600 5506 tribus
1618 5467 1887 5524 compre-

226 5541 527 5598 henditur.
558 5540 732 5607 Quod
750 5539 798 5595 si
832 5539 906 5594 sit
933 5538 1138 5611 aliqua
1170 5555 1267 5595 res
1295 5556 1536 5613 corpus,
1559 5557 1682 5614 quo
1708 5548 1886 5615 pacto

228 5635 395 5687 extra
414 5631 527 5687 hoc
556 5628 844 5687 terminos
872 5633 991 5683 tres
1031 5628 1366 5699 egredietur
1387 5629 1417 5685 ?
1438 5630 1611 5696 Quod
1645 5631 1695 5686 si
1720 5631 1889 5688 dicas

226 5719 487 5778 alterum
516 5735 737 5794 corpus
766 5732 908 5775 cum
928 5716 1116 5776 altero
1136 5734 1388 5792 corpore
1417 5719 1594 5791 uniri,
1622 5720 1738 5778 hoc
1760 5719 1889 5778 ﬁeri

1911 1884 1948 1937 Β
1979 1885 2235 1935 λοιουνται
2260 1885 2359 1956 γὰρ
2391 1891 2508 1943 ταῖς
2547 1882 2831 1954 ἀκρότησιν
2870 1904 2882 1914 ·

1975 642 2018 691 εἰ
2072 644 2161 712 μὲν
2220 646 2385 712 ποιόν,
2447 648 2513 703 ὡς
2567 642 2812 701 λευκότης
2856 646 2943 693 καὶ
2998 641 3301 713 μελανοτης,
3350 643 3377 700 ἡ
3440 643 3627 713 γλυκύ-

1975 747 2069 789 της
2114 735 2201 781 καὶ
2251 729 2525 794 ἀλυκότης,
2574 726 2698 781 οὐδὲ
2759 729 2917 789 οὓτως
2995 728 3213 801 ἐπιταοῇ
3289 751 3300 763 ο
3384 730 3627 793 λευκότης

1973 820 2074 890 ’γὰρ
2127 819 2429 879 λευκότητος
2481 820 2755 892 λευκοτέρα
2821 819 2915 869 οὐκ
2967 821 3100 887 ἔστι,
3158 824 3246 870 καὶ
3292 822 3357 870 τα
3411 821 3557 892 ἔτερα
3612 842 3624 853 ·

1974 904 2022 957 ἐν
2054 905 2229 978 ἀτόμῳ
2261 904 2373 965 6⁵ὲὴ
2408 913 2627 967 ποιότης
2682 913 2817 959 ποιεῖ
2869 907 3109 969 ἐπίτασιν
3159 927 3172 939 ·
3233 907 3466 978 σταφυλὴ
3526 912 3627 980 γὰρ

1972 995 2119 1068 ῥοιᾶς
2169 996 2478 1071 γλυκυτέρα,
2548 998 2577 1055 ἡ
2629 998 2747 1070 ῥοιὰ
2801 996 3081 1067 σταφυλῆς,
3173 998 3200 1054 ἦ
3285 996 3462 1049 λευκόν
3538 1007 3628 1051 τοῦ

1972 1085 2155 1137 λευκοῦ
2215 1108 2227 1119 ·
2287 1086 2444 1137 λευκὰ
2490 1083 2548 1137 δὲ
2598 1089 2797 1146 πάντως
2851 1087 3083 1157 ὑπάρχει
3132 1088 3339 1159 θάτερα.
3375 1086 3432 1139 ἠ
3504 1096 3629 1158 γοῦν

1978 1173 2139 1245 ἰσχὺς
2183 1184 2279 1236 τῆς
2332 1180 2605 1237 ποιότητος
2660 1178 2718 1226 τό
2766 1178 2855 1246 μὲν
2918 1174 3061 1236 άῦξει
3137 1178 3273 1226 κατὰ
3350 1180 3625 1241 ποιότητα,

1972 1264 2031 1313 τὸ
2076 1259 2136 1314 δε
2190 1263 2410 1331 ἐλαττοῖ,
2472 1263 2603 1320 αὐτὴ
2660 1259 2719 1315 δὲ
2771 1264 2799 1320 ἠ
2869 1262 3130 1333 γλυκύτης
3179 1264 3207 1321 ἦ
3270 1265 3299 1321 η
3379 1263 3630 1325 λευκότης

1974 1354 2090 1402 οὔτε
2139 1349 2469 1403 ἐπιτάττεται
2522 1351 2638 1403 οὗτε
2716 1350 3038 1415 ἐλαττοῦται,
3107 1354 3244 1422 μένει
3315 1348 3367 1403 δ’
3450 1351 3527 1404 ἀεὶ
3597 1355 3626 1409 ἡ

1974 1438 2127 1496 αὐτη.
2190 1443 2334 1492 Κατά
2386 1444 2472 1491 τὸν
2530 1440 2685 1492 αὑτὸν
2740 1448 2865 1509 γοῦν
2920 1443 3100 1512 καιρόν
3150 1440 3265 1492 οὗτε
3322 1441 3487 1511 γλυκυ
3546 1446 3632 1493 καὶ

1974 1533 2045 1599 μὴ
2099 1528 2286 1599 γλυκὺ,
2340 1532 2457 1581 οὔτε
2502 1528 2680 1581 λευκὸν
2728 1533 2819 1580 καὶ
2872 1533 2941 1600 μὴ
2980 1528 3177 1597 λευκόν,
3238 1533 3289 1581 τὶ
3346 1536 3633 1601 φανήσεται

1974 1623 2202 1685 πώποτε,
2260 1619 2356 1670 κοῖν
2399 1617 2447 1669 ἐν
2501 1617 2635 1689 ἄλλῳ
2712 1623 2802 1669 καὶ
2881 1618 3014 1688 ἄλλῳ
3098 1626 3171 1669 τῶ
3258 1617 3306 1669 ἐν
3386 1624 3633 1677 ποιότητι

1978 1702 2207 1776 δέχηται
2251 1711 2343 1763 τὴν
2399 1705 2639 1759 ἐπίτασιν
2692 1711 2782 1758 καὶ
2835 1708 3009 1758 άνεσιν
3054 1728 3066 1739 ·
3125 1711 3215 1758 καὶ
3273 1709 3315 1759 εἰ
3363 1712 3453 1779 μὲν
3540 1705 3631 1761 οὖν

3540 1796 3601 1847 ἀλ
3612 1828 3633 1839 -

2926 1884 2981 1933 αἱ
3038 1883 3265 1934 ἐναντίαί
3329 1886 3428 1956 γὰρ
3488 1890 3634 1937 ποιό-

1974 1794 2151 1846 λευκὸν
2204 1793 2361 1866 ἐνωθῇ
2422 1800 2511 1846 καὶ
2575 1794 2730 1868 μέλαν
2787 1795 2968 1865 ὕφεσιν
3044 1797 3351 1866 πάσχουσιν
3440 1816 3451 1829 ·

1978 1991 2127 2033 τητες
2152 1974 2408 2045 θραύουσι
2432 1975 2525 2032 τὰς
2566 1971 2878 2044 ἀκρότητας,
2936 1972 2979 2025 εἰ
3035 1974 3297 2045 μιχθῶσι,
3352 1975 3445 2035 τὰς
3500 1973 3634 2026 ἐνου-

1981 2080 2075 2123 σας
2116 2061 2320 2125 αὐταῖς,
2348 2059 2579 2113 ἔσταιδε
2617 2066 2675 2113 τὸ
2730 2068 2905 2133 μίγμα
2958 2061 3157 2114 ἀλλοῖον
3204 2068 3293 2114 καὶ
3351 2063 3445 2115 οὐκ
3489 2064 3631 2119 οἶλλο.

1979 2153 2112 2202 Οὔτε
2137 2154 2239 2225 ’γὰρ
2296 2154 2352 2201 τὸ
2416 2150 2596 2202 λευκὸν
2648 2154 2720 2222 μὴ
2778 2150 2956 2202 λευκὸν
3007 2152 3198 2216 πάντη,
3256 2150 3373 2203 οὔτε
3428 2155 3486 2204 τὸ
3543 2156 3635 2225 με·

1976 2238 2067 2291 λαν
2095 2242 2265 2296 πάντη
2314 2238 2373 2290 οὗ
2428 2238 2605 2311 μέλαν,
2660 2238 2787 2291 ἀλλὰ
2836 2248 2947 2301 πῶς
2999 2240 3175 2311 μέλαν,
3222 2248 3332 2302 πῶς
3394 2238 3443 2292 δ’
3502 2242 3560 2293 οὒ
3618 2257 3633 2309 ;

1976 2332 2066 2379 καὶ
2123 2331 2180 2380 τὸ
2248 2329 2437 2401 ἕτερον,
2489 2332 2624 2380 κατά
2669 2333 2727 2380 τό
2779 2328 2928 2397 αὐτὸ,
2978 2326 3083 2380 οἷον
3132 2332 3190 2380 τὸ
3258 2337 3354 2390 τῆς
3442 2335 3636 2391 σηπίας

1976 2417 2131 2489 μελαν
2190 2422 2279 2469 καὶ
2336 2421 2393 2469 τὸ
2440 2416 2648 2490 ἄλευρον
2706 2417 2972 2481 ἐνωθέντα,
3031 2422 3089 2470 τό
3146 2418 3324 2470 λευκόν
3406 2425 3496 2472 καὶ
3575 2424 3635 2472 τό

1976 2506 2131 2578 μέλαν
2185 2510 2242 2558 τό
2299 2505 2346 2557 ἐν
2399 2506 2580 2567 αὐτοῖς
2635 2508 3035 2579 ἄμειφθησεται.
3101 2507 3242 2560 Ἐπεὶ
3307 2510 3410 2581 γὰρ
3492 2509 3624 2562 εἰσιν

1976 2595 2200 2661 ἐναντία,
2259 2600 2348 2647 καὶ
2403 2595 2663 2668 τραπῶσι,
2714 2600 2804 2648 καὶ
2853 2600 2910 2648 τὸ
2953 2599 3042 2667 μὲν
3109 2594 3165 2647 ἐκ
3235 2605 3327 2649 τοῦ
3400 2598 3634 2651 ἐναντίου

1975 2686 2330 2743 ὑποστὴσεται
2361 2685 2541 2757 ὕφεσιν
2564 2692 2655 2736 τοῦ
2679 2681 2807 2737 εἶναι
2862 2684 3063 2754 λευκὸν,
3120 2688 3179 2737 τὸ
3236 2683 3294 2740 δὲ
3350 2696 3443 2740 τοῦ
3506 2686 3634 2741 εἶναι

1974 2773 2149 2845 μέλαν,
2183 2781 2255 2841 τῷ
2311 2770 2371 2826 δὲ
2425 2773 2527 2844 ἲσῳ
2586 2778 2676 2825 καὶ
2726 2782 2799 2845 τῷ
2857 2773 3044 2845 ἀνίσῳ,
3098 2775 3193 2826 οὐκ
3255 2774 3632 2849 ἆμεφθήσεται,

1976 2865 2110 2916 ὥστε
2166 2868 2224 2915 τὸ
2277 2860 2531 2936 μεδίμνου
2579 2866 2742 2916 ποσὸν
2792 2864 2885 2916 οὐκ
2944 2865 3010 2925 εἰς
3061 2864 3271 2928 κύλικος
3339 2866 3520 2936 ἐλθεῖν,
3600 2869 3629 2926 ἣ

1974 2952 2284 3025 προσλαϐεῖν
2318 2954 2527 3025 θάτερον
2596 2952 2649 3004 ἐκ
2711 2956 2926 3027 θατέρου
2983 2959 3047 3015 ὡς
3104 2956 3308 3007 ὁπόσων
3375 2976 3445 3024 τι,
3504 2955 3633 3009 ἀλλὰ

1982 3130 2211 3201 nequit.
2254 3132 2475 3185 Rursus
2504 3130 2551 3185 si
2580 3130 3002 3203 incorporeum
3056 3131 3284 3205 aliquid
3349 3132 3633 3190 accedere

1982 3218 2167 3283 dicas,
2188 3224 2291 3273 aut
2315 3218 2575 3291 qualitas
2597 3219 2891 3289 adveniet,
2917 3224 3097 3291 atque
3126 3221 3242 3277 hoc
3288 3222 3473 3278 modo
3534 3238 3632 3278 res

1980 3306 2215 3362 intensa
2253 3307 2370 3362 alia
2390 3323 2511 3363 non
2544 3308 2775 3375 evadet,
2818 3308 2922 3364 sed
2963 3308 3306 3375 dissimilis;
3359 3316 3462 3367 aut
3500 3312 3633 3368 uni-

1981 3399 2128 3450 tates
2182 3396 2523 3466 advenient,
2574 3403 2754 3469 atque
2808 3397 3362 3468 agglutinabuntur,
3415 3417 3634 3474 nempe

1982 3485 2179 3540 unitas
2210 3501 2333 3541 una
2358 3492 2415 3542 et
2453 3487 2637 3543 altera
2660 3488 2884 3543 unitas.
2917 3490 3060 3554 Quae
3085 3490 3332 3561 quidem
3377 3492 3634 3548 unitates

1979 3574 2027 3630 si
2048 3574 2163 3630 sint
2183 3574 2500 3647 qualitates
2532 3576 2869 3643 abstractae,
2899 3582 2955 3631 et
2977 3578 3079 3633 uni
3110 3578 3296 3635 altera
3353 3579 3631 3647 addatur,

1978 3670 2042 3719 ut
2070 3664 2307 3730 albedo,
2341 3666 2610 3735 nigredo,
2638 3665 2915 3732 dulcedo,
2951 3666 3223 3736 salsedo;
3274 3685 3469 3741 neque
3519 3671 3634 3726 hoc

1979 3753 2162 3808 modo
2193 3753 2299 3809 erit
2322 3754 2577 3809 intensio
2607 3754 2931 3826 qualitatis,
2953 3770 3095 3811 nam
3118 3756 3334 3813 albedo
3356 3757 3633 3815 albedine

1978 3857 2102 3897 non
2124 3848 2214 3897 est
2250 3843 2445 3913 magis
2476 3842 2637 3899 alba.
2686 3843 2849 3898 Idem
2901 3844 2975 3899 de
3029 3845 3257 3900 caeteris
3308 3846 3633 3903 dicendum

1980 3937 2085 3987 est.
2120 3937 2190 3987 At
2219 3932 2477 4004 qualitas
2529 3934 2590 3987 in
2642 3932 2952 3989 individuo
3000 3934 3401 3992 intensionem
3435 3936 3634 3995 efﬁcit.

1982 4022 2107 4076 Uva
2131 4021 2291 4076 enim
2314 4025 2568 4091 granato
2604 4026 2691 4077 est
2733 4021 3000 4093 dulcior;
3038 4028 3143 4078 aut
3172 4031 3489 4094 granatum
3516 4044 3639 4084 uva

1982 4115 2070 4164 est
2095 4109 2624 4182 dulcius,itemque
2657 4109 2863 4165 album
2890 4110 3029 4167 albo
3060 4117 3149 4166 est
3176 4114 3369 4183 magis
3406 4115 3635 4185 album,

1984 4204 2236 4271 utraque
2263 4216 2403 4255 vero
2425 4199 2674 4255 omnino
2706 4205 2847 4256 sunt
2885 4201 3044 4257 alba.
3082 4203 3274 4266 Quare
3310 4203 3395 4257 vis
3445 4207 3638 4276 quali-

1985 4289 2119 4343 tatis
2148 4289 2262 4343 hoc
2278 4289 2527 4361 quidem
2553 4293 2733 4360 auget
2753 4290 3087 4347 secundum
3110 4293 3423 4364 quandam
3445 4296 3639 4366 quali-

1916 4363 1954 4415 ί)
1985 4383 2191 4442 tatem,
2217 4378 2362 4433 illud
2392 4394 2534 4434 vero
2565 4380 2798 4435 minuii.
2824 4384 2895 4436 At
2915 4380 3048 4452 ipsa
3068 4363 3326 4437 dulcedo
3348 4388 3405 4438 et
3424 4363 3641 4442 albedo

1985 4483 2181 4539 neque
2224 4466 2548 4522 intenditur
2604 4484 2800 4541 neque
2856 4470 3191 4539 remittitur,
3244 4471 3351 4526 sed
3426 4474 3641 4530 eadem

1986 4562 2208 4612 manet.
2253 4557 2474 4612 Eodem
2502 4557 2681 4625 igitur
2702 4564 2969 4630 tempore
3000 4559 3147 4614 nihil
3166 4576 3437 4633 unquam
3468 4562 3645 4619 dulce

1985 4651 2042 4701 et
2065 4661 2187 4701 non
2210 4645 2404 4714 dulce,
2433 4646 2640 4702 album
2666 4652 2722 4702 et
2751 4663 2872 4703 non
2897 4648 3106 4704 album
3155 4650 3438 4707 exsistere
3483 4659 3645 4724 pote-

1985 4736 2079 4805 rit,
2110 4736 2392 4808 quamvis
2424 4736 2485 4790 in
2516 4735 2634 4791 alio
2665 4740 2845 4808 atque
2874 4737 2991 4792 alio
3024 4738 3305 4811 suscipiet
3339 4756 3411 4796 ex
3450 4742 3645 4814 quali-

1986 4828 2105 4881 tate
2139 4824 2537 4880 intensionem
2565 4829 2621 4880 et
2646 4827 3086 4883 remissionem.
3146 4830 3340 4893 Quare
3360 4830 3408 4885 si
3438 4830 3647 4888 album

1987 4919 2044 4970 et
2090 4915 2331 4983 nigrum
2413 4915 2717 4980 uniantur,
2768 4915 2829 4970 id
2895 4916 3021 4972 sine
3090 4918 3443 4975 remissione
3520 4920 3649 4978 ﬁeri

1988 5006 2197 5077 nequit
2228 5022 2241 5073 ;
2262 5004 2662 5060 extremitates
2681 5004 2838 5060 enim
2857 5011 3166 5063 mutantur
3186 5024 3294 5063 seu
3322 5009 3648 5066 aliusmodi

1989 5093 2251 5149 evadunt
2282 5110 2293 5148 :
2322 5109 2467 5149 nam
2490 5093 2549 5148 in
2572 5095 3010 5150 contrariarum
3036 5096 3396 5167 qualitatum
3427 5106 3650 5172 tempe-

1989 5184 2326 5239 rationibus
2372 5190 2428 5239 et
2492 5183 2961 5239 admistionibus
3044 5188 3448 5244 extremitates
3505 5190 3651 5263 ipsm

1992 5272 2185 5342 frangi
2245 5272 2454 5328 solent.
2513 5272 2625 5327 Erit
2667 5278 2825 5328 atem
2873 5274 3069 5330 mistio
3124 5276 3449 5333 aliusmodi
3526 5295 3651 5334 non

1992 5362 2127 5419 alia.
2160 5366 2358 5435 Neque
2389 5362 2549 5417 enim
2571 5361 2778 5418 album
2803 5368 2891 5419 est
2920 5364 3086 5437 quod
3122 5367 3372 5423 omnino
3440 5368 3652 5424 album

1991 5468 2115 5507 non
2146 5451 2273 5518 fuit,
2304 5467 2502 5525 neque
2541 5451 2782 5523 nigrum
2813 5453 2980 5525 quod
3002 5454 3251 5511 omnino
3267 5456 3508 5526 nigrum
3531 5473 3655 5514 non

1992 5542 2121 5610 fuit,
2152 5540 2257 5596 sed
2286 5540 2507 5613 partim
2538 5541 2800 5611 nigrum,
2831 5543 3050 5613 partim
3108 5559 3228 5600 non
3274 5548 3538 5616 nigrum.
3592 5550 3657 5604 Et

1993 5631 2159 5705 quod
2173 5635 2261 5686 est
2275 5630 2526 5687 alterum
2547 5630 2771 5687 eodum
2786 5631 2990 5699 modo,
3014 5633 3194 5690 veluti
3215 5635 3395 5708 sepiae
3407 5637 3658 5709 nigredo

1994 5726 2053 5778 et
2073 5720 2265 5779 ferina
2291 5720 2445 5778 inter
2467 5737 2530 5777 se
2559 5719 2844 5794 copulata
2860 5720 3207 5781 albediuem
3218 5727 3660 5798 etnigredinem
