4444 6452
774 418 910 473 1327

2304 403 2661 467 ADDENDA.

4059 412 4204 468 1328

769 546 907 611 μενεί
954 538 1002 591 ἐν
1045 539 1263 590 ἕκαστον
1319 534 1387 595 εἰς
1440 536 1500 587 1'6
1555 534 1676 587 ὅσον
1729 532 1790 587 ἆν
1857 532 1910 588 ἐκ
1959 537 2171 609 πρώτης
2247 536 2418 607 τύχης
2456 538 2501 588 Α
2531 540 2620 587 καὶ
2648 535 2766 598 ἑξῆς
2794 540 2916 609 τρία
2947 558 2959 571 ·
2999 542 3056 591 τὸ
3103 539 3151 591 ἓν
3203 544 3327 611 ’γοῦν
3384 540 3474 589 καὶ
3526 537 3575 588 ἓν
3636 538 3873 589 συντεθὲν
3932 533 4050 591 δύο.
4105 537 4202 611 ἆρ-

769 630 990 701 ὑπάρχη
1070 629 1252 693 ποσόν,
1312 624 1406 675 κᾶν
1460 624 1528 685 εἰς
1579 623 1774 683 ἄλληλα
1847 632 2273 700 περιχωρήσειεν.
2331 624 2419 686 Ὠς

767 718 922 790 γάρὸ
965 720 1112 768 πέντε
1155 714 1209 766 ἐκ
1260 709 1473 785 τριάδος
1525 718 1614 766 καὶ
1671 708 1873 775 δυάδος
1927 713 2091 783 ἐστὶν,
2142 712 2249 765 ἀλλ’
2304 712 2419 766 οὒτε

766 814 888 877 γοῦν
942 807 967 857 6
1021 809 1145 879 τρία
1183 806 1436 875 τέσσαρα,
1499 802 1616 855 οὗτε
1672 804 1697 854 6
1782 800 1879 856 δύο
1957 809 2081 877 τρία
2164 800 2256 856 διὰ
2325 806 2419 861 τὴν

766 895 969 958 ἕνωσιν,
1028 892 1154 945 ἀλλὰ
1193 898 1281 945 καὶ
1333 888 1471 963 μετά
1524 896 1616 951 τὴν
1668 891 1848 945 ἕνωσιν
1896 894 1922 944 6
2002 891 2253 945 συνελθὼν
2335 890 2420 943 αλ-

764 982 902 1046 λοῖος
958 986 1068 1055 μεν,
1119 981 1214 1034 οὐκ
1271 979 1406 1051 οἶλλῳ
1456 977 1515 1034 δὲ
1570 990 1718 1053 ποσῷ
1767 984 2009 1057 ὥρισται,
2062 982 2090 1041 ἦ
2166 989 2237 1051 τῷ
2319 989 2418 1033 τῶν

769 1071 1110 1125 συνελθόντων
1157 1069 1228 1131 εἰς
1293 1070 1448 1121 αὐτόν
1513 1088 1526 1104 ·
1576 1069 1692 1123 οὔτε
1747 1072 1849 1145 γὰρ
1910 1072 1935 1122 6
1978 1074 2099 1145 τρία
2164 1074 2416 1142 τέσσαρα,

764 1161 932 1214 οὖτεό
964 1157 1061 1213 δύο
1085 1164 1244 1233 τρία·
1282 1166 1434 1212 τοῦτο
1489 1161 1591 1231 γὰρ
1642 1159 1685 1210 εἰ
1740 1155 1962 1211 δυνατὸν
2010 1161 2222 1232 ὑπῆρχε
2281 1163 2419 1230 γενέ-

766 1252 909 1321 σθαι,
943 1247 1165 1324 ὑπῆρξεν
1188 1245 1247 1300 ἂν
1288 1248 1313 1299 6
1375 1251 1522 1300 πέντε
1577 1251 1724 1315 ἑπτα,
1785 1249 1907 1321 ὅπερ
1956 1248 2148 1301 ἄτοπον
2211 1269 2223 1281 ·
2286 1248 2421 1301 οὓτω

761 1343 852 1391 καὶ
877 1336 925 1389 ἐν
971 1336 1134 1408 λευκῷ
1189 1342 1276 1389 καὶ
1329 1335 1509 1409 μέλανι
1562 1336 1621 1388 οὗ
1688 1341 1941 1403 ποσότης,
2004 1335 2133 1388 ἀλλὰ
2204 1341 2421 1398 ποιότης

764 1431 877 1501 ἔχει
936 1426 1107 1480 λαϐεῖν
1156 1432 1249 1486 τὴν
1308 1427 1487 1499 ὕφεσιν
1537 1429 1566 1486 ἡ
1622 1430 1716 1485 τὴν
1775 1426 2026 1483 ἐπίτοσιν.
2098 1428 2240 1480 Ἐπεὶ
2318 1430 2420 1501 γὰρ

763 1522 852 1570 ταὶ
908 1516 1060 1578 αὐτὸς
1108 1517 1133 1568 6
1191 1520 1358 1586 πέντε,
1430 1516 1473 1568 εἰ
1529 1521 1618 1568 καὶ
1701 1518 1838 1568 κατά
1920 1519 2084 1568 ποσόν
2160 1517 2423 1575 ὑποσῆναι

762 1606 944 1678 ὕφεσιν
986 1607 1314 1677 πέφυκεπτὸ
1382 1604 1658 1677 ἐλάχιστον
1731 1613 1794 1678 τῇ
1879 1605 2009 1677 αὐτῇ
2088 1604 2283 1672 ἐγένετο
2362 1608 2423 1663 ἣν

760 1696 957 1755 ὑπέστη
1023 1690 1216 1767 μονάδι
1261 1712 1276 1727 ·
1362 1692 1663 1756 ἐλαττωθεὶς

760 1792 860 1836 τῶν
918 1783 1259 1836 συνελθόντων
1305 1788 1581 1854 γενήσεται
1624 1785 1649 1835 6
1708 1788 1830 1857 τρία
1884 1780 2004 1855 δύο,
2063 1789 2153 1836 καὶ
2208 1784 2233 1835 6
2327 1780 2425 1835 δύο

762 1873 831 1941 ἓν,
865 1875 908 1926 εἰ
961 1879 1086 1944 γοῦν
1144 1872 1257 1924 κατ’
1308 1871 1549 1925 ἐπίτασιν
1604 1874 1629 1925 6
1687 1878 1809 1946 τρία
1863 1876 2119 1947 τέσσαρα,
2177 1877 2267 1925 καὶ
2297 1868 2426 1925 ὁδύο

760 1965 881 2036 τρία
938 1961 1106 2027 ἔσται,
1170 1966 1259 2013 καὶ
1309 1962 1334 2012 6
1398 1960 1649 2016 συνελθὼν
1717 1962 1774 2014 ἐκ
1822 1965 2015 2014 τούτων
2074 1967 2222 2014 πέντε
2276 1961 2425 2029 ἑπτὰ,

761 2054 883 2126 ὅπερ
916 2052 1129 2121 ἄτοπον,
1157 2053 1400 2111 ὡσαύτως
1446 2051 1561 2104 κατ’
1600 2051 1773 2104 ἄνεσιν
1820 2050 1849 2109 ἢ
1901 2052 1926 2103 6
1976 2055 2099 2126 τρία
2158 2047 2275 2118 δύο,
2338 2056 2428 2104 καὶ

760 2143 786 2194 6
820 2137 917 2193 δύο
973 2144 1041 2207 ἓν,
1093 2145 1183 2193 καὶ
1217 2140 1242 2192 6
1302 2140 1554 2193 συνελθὼν
1620 2145 1768 2194 πέντε
1821 2147 1944 2215 τρία
2005 2161 2018 2176 ο
2085 2137 2324 2193 ἀδύνατα
2370 2136 2429 2194 δὲ

759 2238 929 2283 ταῦτα
982 2236 1073 2283 καὶ
1143 2228 1331 2285 ἄτοπα.
1395 2231 1453 2284 Εἰ
1507 2227 1565 2283 δὲ
1623 2232 1649 2283 6
1696 2237 1818 2307 τρία
1861 2235 1951 2304 μεν
2001 2236 2258 2306 τέσσαρα,
2315 2228 2429 2283 ὁδε

776 2319 825 2339 \u
892 2320 908 2336 Α
1154 2322 1163 2333 ι
1294 2325 1327 2354 ι.
1590 2330 1619 2349 ⁸,,
1706 2321 1717 2332 ε
1922 2343 1930 2350 _
2046 2326 2054 2338 1
2159 2326 2167 2335 ο
2244 2318 2302 2338 ,εκ
2338 2341 2355 2352 ο

763 2335 861 2375 ουο
893 2342 962 2390 εν,
1019 2340 1205 2383 πεντάς
1252 2342 1341 2393 μιν
1395 2323 1645 2395 νομισοῃ,
1697 2322 1951 2395 αλλοιωθῇ
2009 2318 2068 2374 δε
2117 2341 2175 2374 το
2220 2334 2354 2382 ειόο,
2414 2340 2427 2356 ·

761 2408 886 2465 οὐδὲ
935 2414 1037 2484 γὰρ
1089 2409 1387 2474 συνελευσις
1432 2408 1661 2483 μονάδος
1706 2417 1796 2464 καὶ
1838 2407 2087 2487 τετράδος
2133 2413 2159 2463 6
2258 2414 2427 2481 πέντε,

764 2498 893 2554 ἀλλὰ
949 2495 1146 2560 δυάδος
1201 2504 1290 2552 καὶ
1342 2495 1559 2573 τριάδος
1610 2498 1859 2561 ἀληθῶς·
1914 2497 2039 2554 οὐδὲ
2087 2503 2187 2575 γὰρ
2250 2498 2430 2575 ἀκραιο

764 2608 896 2662 φνως
948 2592 1187 2662 περιττός
1244 2590 1275 2647 ἡ
1338 2592 1520 2661 μονὰς,
1579 2586 1724 2652 οὗτος
1778 2585 1837 2642 δε
1892 2598 2138 2665 περιττοῦ
2186 2594 2275 2641 καὶ
2342 2589 2431 2663 ἀρ-

761 2685 876 2732 τίου
900 2676 1031 2735 ἐστί.
1058 2684 1268 2753 Πρῶτον
1331 2681 1434 2753 γὰρ
1495 2678 1659 2741 οὕτως
1704 2683 1906 2753 γένεσις
1958 2698 1975 2715 θ
2034 2681 2083 2733 ἓν
2142 2677 2253 2732 εἶτα
2309 2676 2426 2746 δύο,

763 2872 938 2915 suam
970 2856 1123 2913 inter
1155 2870 1219 2912 se
1248 2854 1657 2914 contulerunt.
1687 2858 1918 2914 Etenim
1944 2858 2239 2931 quoniam
2294 2860 2437 2914 sunt

762 2947 1087 3014 contraria,
1120 2948 1302 3005 etiam
1334 2946 1702 3020 frangentur,
1734 2953 1914 3022 atque
1952 2965 2141 3005 unum
2186 2948 2435 3022 quidem

766 3054 839 3095 ex
860 3037 1171 3094 contrariis
1201 3037 1431 3110 aliquid
1457 3038 1532 3094 de
1558 3038 1837 3095 albedine
1866 3040 2139 3110 remittet,
2183 3040 2436 3095 alterum

760 3151 901 3193 vero
935 3135 1011 3193 de
1048 3134 1377 3205 nigredine.
1411 3136 1525 3192 sed
1551 3152 1623 3192 ex
1655 3137 2002 3209 aequalitate
2034 3152 2108 3193 ex
2168 3137 2438 3209 inrequaf

2530 643 2637 676 τιον
2666 632 2790 696 γοῦν
2812 634 2986 697 τουτο,
3017 630 3074 679 1'6
3115 623 3174 679 δὲ
3230 628 3279 679 ἓν
3332 631 3422 679 καὶ
3472 622 3570 678 δὺο
3621 630 3763 698 τρία,
3816 630 4078 699 περιττόν,
4134 630 4197 680 τὸ

2532 709 2591 765 δὲ
2613 712 2661 765 ἓν
2700 719 2787 766 καὶ
2851 721 2972 789 τρία
3015 720 3270 789 τέσσαρα,
3336 714 3531 789 ἄρτιον,
3592 711 3852 788 δεύτερον,
3915 719 3972 766 τό
4032 712 4091 767 δὲ
4147 715 4197 767 ἓν

2529 808 2619 853 καὶ
2708 807 2941 878 τέσσαρα
3010 809 3157 857 πέντε
3235 803 3646 879 ἀρτιοπέριττον.
3722 808 3991 861 Σκόπησον
4066 812 4195 874 γοῦν

2530 890 2578 940 ἐν
2626 895 2761 942 πᾶσι
2812 896 2871 944 τό
2928 889 3139 961 ἄτοπον,
3200 892 3243 945 εἰ
3295 899 3384 963 μὲν
3466 893 3496 950 ἡ
3576 893 3738 963 μονὰς
3808 890 3980 966 ἑτέραν
4056 891 4193 964 λάϐῃ

2531 976 2737 1050 μονάδα
2785 979 2875 1034 καὶ
2927 982 2957 1039 ἠ
3017 985 3201 1056 τετράς
3252 981 3408 1040 ἄλλην
3457 985 3547 1033 καὶ
3609 979 3920 1033 ἐπιταθῶσιν
3977 979 4093 1043 ἑξὰς
4166 981 4195 1038 ἢ

3091 1075 3134 1123 εί
3188 1067 3247 1123 δε
3298 1071 3328 1130 ἡ
3380 1074 3470 1142 μὲν
3554 1072 3737 1144 τετρὰς

3522 1180 3533 1192 ·
3581 1156 3704 1211 οὐδὲ
3746 1160 3848 1233 γὰρ
3910 1160 4091 1230 ὕφεσιν
4163 1159 4193 1217 ἡ

2530 1070 2733 1137 πεντὰς,
2789 1070 2980 1123 ἄτοπον
3028 1092 3041 1103 ·
3091 1075 3134 1123 εί
3188 1069 3247 1123 δε
3298 1071 3328 1130 ἡ
3380 1074 3470 1142 μὲν
3554 1072 3737 1142 τετρὰς
3818 1069 3997 1142 ὕφεσιν
4084 1070 4198 1132 ἐνὸς

2529 1159 2696 1229 πάθῃ,
2753 1157 2903 1211 ἔσται
2959 1163 3143 1235 τετράς
3195 1162 3224 1218 ἡ
3282 1161 3469 1221 πεντάς

2531 1249 2692 1318 μονὰς
2726 1243 2919 1310 δέξαιτ’
2957 1248 3015 1299 ἂν
3053 1270 3064 1282 -
3093 1256 3246 1301 τοῦτο
3285 1248 3387 1321 γὰρ
3419 1248 3477 1300 οὗ
3528 1243 3782 1316 πεντάδα,
3839 1246 3967 1300 ἀλλὰ
4022 1250 4201 1300 πάντα

2534 1333 2752 1410 ἀριθμόν
2815 1335 3052 1389 ἀνέλυσεν
3111 1336 3170 1389 ἆν
3221 1338 3290 1399 εἰς
3344 1334 3515 1405 οὐδὲν,
3572 1342 3661 1388 καὶ
3714 1345 3865 1389 τοῦτο
3924 1337 4118 1390 ἄτοπον
4180 1358 4195 1371 ·

2533 1421 2667 1477 εἰδὲ
2729 1426 2757 1484 ἠ
2827 1429 2916 1497 μεν
2973 1429 3134 1498 μονὰς
3199 1424 3470 1501 προσλάϐῄ
3531 1428 3706 1495 ἑτέραν
3760 1421 3993 1497 μονὼδα,
4042 1428 4072 1483 ἡ
4136 1422 4197 1478 δε

4041 1520 4198 1586 γενή-

2536 1623 2683 1657 σεται
2724 1625 2736 1637 ·
2768 1607 2952 1667 πεντὰς
2979 1613 3102 1676 γοῦν
3128 1610 3245 1658 τότο
3283 1606 3389 1677 οὐχ
3430 1608 3510 1657 ὅτι
3561 1607 3617 1656 ἐκ
3677 1602 3900 1678 μονάδος
3955 1609 4048 1657 καὶ
4106 1624 4199 1658 τε·-

2532 1516 2711 1586 τετρὰς
2761 1511 2990 1587 μονάδος
3043 1519 3221 1588 ὕφεσιν
3272 1516 3496 1587 ὑποστῇ,
3550 1518 3693 1589 τρίἀς
3761 1516 3964 1577 πάντως

1753 1696 1855 1767 γὰρ
1925 1696 2143 1754 ἕκαστος
2218 1696 2424 1755 πάντως
2459 1688 2497 1741 Β
2532 1689 2724 1769 τράδος
2757 1709 2769 1759 ;
2797 1691 2902 1745 ἀλλ’
2938 1692 2992 1744 ἐκ
3024 1689 3225 1755 δυάδος
3254 1713 3309 1746 τε
3338 1698 3428 1746 καὶ
3456 1688 3696 1766 τριάδος,
3737 1700 3889 1746 τοῦτο
3948 1697 4199 1767 φυσικόν.

2610 1868 2677 1943 β’.
2722 1869 2884 1924 ’Ὥστε
2971 1873 3029 1923 τὸ
3114 1874 3204 1945 μὲν
3279 1874 3427 1925 ποιόν
3508 1870 3747 1925 ἓπιτασιν
3817 1870 4037 1944 δέχεται
4107 1871 4203 1923 καί

2537 1962 2732 2031 ἄνεσιν,
2762 1965 2820 2013 τό
2854 1957 2913 2013 δὲ
2968 1965 3131 2015 ποσόν
3175 1962 3234 2015 οὖ
3300 1982 3313 1997 ’

2541 2053 2661 2104 σθαι
2720 2059 2782 2124 τῇ
2833 2053 2985 2103 τάσει
3037 2057 3127 2104 καὶ
3185 2053 3359 2124 ὑφέσει
3401 2061 3492 2105 τοῦ
3550 2060 3718 2105 ποσοῦ
3787 2056 3881 2112 τὴν
3966 2050 4209 2105 πεντάδα

3396 1962 3582 2022 συνέϐη
3632 1965 3730 2039 γὰρ
3782 1961 4006 2016 ἐνταῦθα
4058 1965 4201 2034 γενό-

2536 2137 2787 2213 τετράδα,
2815 2145 2905 2192 καὶ
2934 2139 3151 2216 τριάδα,
3183 2147 3272 2193 καὶ
3321 2138 3542 2209 ἑπτάδα,
3608 2141 3729 2217 ὅπερ
3788 2142 4128 2195 ἀτοπώτατον
4190 2162 4207 2177 θ

2537 2234 2596 2283 τό
2659 2232 2759 2305 γὰρ
2807 2229 2985 2305 ἆρτιον
3051 2234 3139 2282 καὶ
3210 2234 3449 2304 περιττόν
3526 2229 3702 2283 mea
3778 2228 3930 2285 οὐδὲν
4012 2231 4210 2284 ἄτοπον

2540 2318 2816 2379 ἐποίησεν·
2846 2321 3079 2394 ὑπάρχει
3117 2321 3218 2394 γὰρ
3274 2322 3299 2372 6
3354 2316 3452 2372 δύο
3511 2316 3629 2384 δύο,
3682 2326 3772 2374 καὶ
3812 2323 3837 2373 6
3886 2327 4013 2394 τρία
4061 2342 4206 2396 τρια,

3045 2410 3247 2483 ἔμειναν
3299 2414 3401 2483 γάρ
3449 2407 3591 2463 οὗτοι
3638 2411 3709 2474 εἰς
3781 2415 3839 2464 1'6
3927 2420 4041 2465 ἴσον
4117 2417 4212 2465 καὶ

3180 2499 3471 2553 συνελεύσει
3549 2508 3611 2559 τῆ
3623 2522 3643 2563 ς
3717 2505 3997 2564 ποιότητος

2538 2418 2692 2462 τοῦτο
2749 2417 2916 2463 ποσοῦ
2971 2431 2984 2444 ο

2540 2499 2740 2555 ἄνισον.
2829 2498 2956 2552 ἀλλά
3025 2508 3086 2572 τῇ

2542 2594 2799 2647 ποιότητα
2850 2588 2997 2663 ἑτέρα
3061 2589 3249 2647 συνέϐη
3291 2594 3450 2663 μικτὴ
3512 2594 3725 2651 ποιότης
3758 2610 3770 2624 ο
3837 2594 3954 2644 οὗτε

4078 2522 4150 2577 πρ
4160 2506 4212 2564 ὸς

4018 2594 4123 2666 γὰρ
4182 2594 4208 2644 ὁ

2543 2678 2737 2753 ἄρτιος,
2757 2680 2922 2736 πάντη
2965 2676 3301 2751 ἆρτιος,οὖτε
3352 2680 3377 2731 6
3432 2682 3669 2755 περιττός
3715 2683 3786 2752 μὴ
3837 2684 3928 2732 καὶ
3974 2679 4157 2755 ἄρτιος
4192 2717 4204 2725 -

2542 2856 2666 2913 rius
2690 2854 2938 2929 quidem
2959 2870 3247 2914 numerus
3269 2856 3572 2923 efﬁcietur,
3592 2856 3698 2914 sed
3714 2858 3909 2915 forma
3929 2875 4208 2917 commn-

2544 2948 2668 3001 tata
2710 2944 2903 3001 fuerit.
2957 2948 3159 3018 Neque
3223 2946 3385 3002 enim
3446 2945 3746 3019 copulatio
3823 2947 4068 3005 unitatis
4151 2954 4209 3007 et

2544 3034 2912 3107 quaternarii
2940 3036 3176 3091 numeri
3199 3036 3437 3109 proprie
3463 3036 3811 3109 quinarium
3839 3037 4043 3108 afﬁcit,
4098 3040 4209 3096 sed

2547 3122 2758 3179 binarii
2783 3128 2840 3179 et
2871 3124 3128 3180 ternarii.
3194 3125 3396 3181 Unitas
3452 3126 3611 3181 enim
3668 3142 3877 3183 revera
3934 3143 4057 3184 non
4118 3134 4210 3186 est

763 3225 925 3281 litate
949 3239 1073 3281 non
1116 3200 1360 3281 accidet
1408 3224 1511 3280 illa
1566 3200 1986 3293 commutatio,
2038 3231 2102 3281 ut
2147 3200 2427 3282 mediinnj

2546 3228 2835 3268 numerus
2863 3213 3060 3285 impar
3089 3231 3101 3281 ;
3125 3215 3439 3286 quinarius
3462 3220 3664 3271 autem
3687 3217 4059 3288 eximpariet
4076 3219 4211 3291 pari

762 3314 1069 3388 quantitas
1096 3329 1220 3371 non
1250 3319 1449 3386 potest
1477 3315 1537 3371 in
1568 3318 1971 3388 quantitatem
2015 3316 2216 3373 calicis
2250 3320 2436 3372 trans-

765 3404 851 3461 ire
890 3408 993 3460 aut
1021 3419 1214 3459 unum
1254 3403 1495 3459 alterius
1525 3405 1925 3476 quantitatem
1953 3421 2281 3468 assumere,
2328 3404 2436 3461 sed

765 3491 1247 3566 unumquodque
1268 3493 1329 3549 in
1353 3507 1425 3549 ea
1446 3493 1777 3565 quantitate
1795 3498 2017 3566 manet,
2039 3510 2223 3568 quam
2237 3495 2434 3568 primo

765 3581 999 3651 habuit,
1028 3582 1260 3638 etiamsi
1287 3582 1439 3638 inter
1486 3598 1547 3638 se
1596 3584 2046 3655 conjungantur
2098 3602 2110 3653 ;
2162 3589 2222 3639 ut
2273 3584 2431 3641 enim

765 3672 1081 3744 quinarius
1102 3685 1394 3727 numerus
1425 3676 1662 3728 constat
1684 3689 1757 3728 ex
1800 3673 2063 3729 ternario
2093 3678 2150 3729 et
2172 3672 2430 3743 binario,

769 3760 876 3817 sed
902 3775 1024 3817 non
1056 3760 1192 3816 ideo
1217 3762 1326 3817 tria
1357 3766 1499 3816 sunt
1561 3767 1842 3834 quatuor,
1896 3778 2091 3836 neque
2145 3763 2268 3819 duo
2320 3763 2433 3819 tria

765 3855 1014 3925 propter
1042 3850 1487 3923 copulationem
1515 3857 1724 3909 contra
1749 3869 1888 3909 vero
1919 3854 2025 3926 qui
2048 3854 2433 3925 conjungitur

766 3954 1057 3996 numerus
1105 3944 1243 4013 post
1298 3940 1746 4012 copulationem
1799 3941 2107 3997 dissimilis
2184 3942 2431 4015 quidem

764 4028 990 4098 evadit,
1020 4028 1129 4085 sed
1156 4029 1273 4086 alia
1323 4032 1653 4102 quantitate
1710 4046 1834 4087 non
1890 4030 2191 4100 definitur,
2240 4047 2429 4104 quam

765 4112 1186 4186 copulatorum
1280 4114 1433 4171 inter
1510 4130 1571 4171 se
1649 4131 2043 4172 numerorum
2117 4117 2425 4189 qualitate.

763 4205 969 4275 Neque
1019 4204 1179 4259 enim
1201 4202 1314 4259 tria
1362 4208 1500 4260 sunt
1540 4209 1820 4277 quatuor,
1870 4221 2066 4279 neque
2124 4205 2247 4262 duo
2297 4206 2429 4272 tria,

762 4307 910 4348 nam
935 4292 1051 4348 hoc
1074 4292 1203 4349 ﬁeri
1230 4293 1438 4366 nequit
1468 4310 1481 4361 ;
1506 4294 1775 4367 quinque
1798 4295 1958 4351 enim
1979 4300 2178 4352 essent
2199 4302 2429 4366 septem

760 4381 931 4454 quod
956 4386 1045 4437 est
1073 4381 1408 4438 absurdum
1437 4401 1450 4438 :
1476 4383 1557 4439 ita
1582 4384 1762 4440 etiam
1788 4385 1849 4440 in
1875 4384 2014 4441 albo
2043 4390 2099 4441 et
2119 4386 2288 4456 nigro
2307 4402 2429 4442 non

762 4470 1091 4543 quantitas,
1123 4472 1227 4527 sed
1251 4472 1515 4544 qualitas
1532 4475 1995 4547 potestrecipere
2008 4476 2427 4532 remissionem

2546 3306 2795 3358 constat.
2821 3307 2905 3358 Ita
2922 3302 3081 3358 enim
3104 3304 3367 3375 primum
3387 3304 3557 3372 dicis,
3582 3320 3795 3375 unum,
3819 3305 4038 3362 deinde
4059 3307 4209 3376 duo,

2544 3391 2761 3447 deinde
2781 3391 2908 3448 tria.
2940 3394 3133 3448 Unum
3153 3407 3295 3462 ergo
3320 3409 3459 3449 cum
3481 3409 3601 3450 uno
3628 3396 4058 3467 compositum,
4081 3396 4208 3453 duo

2545 3486 2685 3537 sunt
2716 3500 2729 3549 ;
2762 3486 2972 3554 estque
3001 3481 3097 3537 hic
3118 3497 3406 3538 numerus
3420 3498 3753 3555 parzporro
3770 3500 3958 3541 unum
3983 3486 4201 3556 etduo,

2544 3570 2654 3626 tria
2684 3576 2838 3626 sunt.
2874 3573 3091 3642 Estque
3122 3571 3217 3626 hic
3244 3587 3530 3627 numerus
3550 3573 3746 3645 impar
3774 3573 4029 3646 primus.
4058 3578 4203 3631 Rur-

2543 3679 2644 3717 sus
2666 3677 2855 3717 unum
2875 3667 2929 3717 et
2950 3662 3082 3731 tria,
3107 3666 3246 3717 sunt
3264 3667 3523 3735 quatuor
3542 3683 3560 3735 ;
3577 3669 3783 3736 estque
3799 3664 3896 3721 hic
3908 3681 4204 3723 numerus

2541 3765 2651 3823 par
2682 3750 3001 3806 secundus.
3035 3753 3227 3806 Unum
3244 3753 3866 3826 etquatuorquinque,
3892 3754 3997 3827 qui
4021 3755 4204 3813 debet

2541 3856 2672 3895 esse
2702 3840 2901 3912 impar
2929 3840 3230 3896 secundus
3260 3857 3329 3896 ex
3363 3842 3493 3913 pari
3522 3847 3578 3898 et
3607 3843 3841 3914 impare
3885 3850 4199 3901 constans.

2542 3928 2867 3986 Considera
2898 3929 3078 3997 igitur
3105 3930 3163 3985 in
3186 3930 3471 3986 omnibus
3497 3932 3661 4004 quod
3692 3933 3963 4005 sequitur
3990 3934 4205 3991 absur-

2540 4016 2707 4071 dum.
2733 4016 2791 4071 Si
2823 4018 3018 4074 unitas
3050 4017 3295 4075 alteram
3326 4019 3617 4075 unitatem
3649 4025 3919 4077 assumat
3946 4026 4005 4077 et
4054 4038 4204 4095 qua-

2541 4106 2834 4162 ternarius
2862 4106 3047 4162 alium
3073 4123 3413 4180 numerum,
3441 4109 3900 4166 etintendantur
3928 4112 4207 4169 senarius

2540 4200 2644 4252 aut
2675 4196 2987 4267 quinarius
3015 4213 3323 4265 numerus,
3355 4197 3691 4255 absurdum
3726 4198 3920 4255 fuerit.
3946 4202 4202 4270 Rursus,

2540 4285 2587 4339 si
2611 4285 3031 4357 quaternarius
3064 4286 3241 4342 unius
3272 4287 3689 4344 remissionem
3721 4288 4031 4361 suscipiat,
4064 4292 4206 4363 qui-

2538 4376 2665 4431 nari
2676 4392 2741 4430 us
2763 4375 2871 4432 erit
2890 4378 3331 4448 quaternarius.
3352 4380 3553 4449 Neque
3576 4380 3738 4434 enim
3761 4379 3959 4435 unitas
3999 4382 4211 4438 remis-

2539 4465 2770 4521 sionem
2806 4466 3109 4539 suscipere
3139 4466 3376 4539 poterit.
3410 4467 3583 4532 Quod
3605 4468 3653 4523 si
3674 4468 3805 4524 ﬁeri
3834 4475 4058 4541 posset,
4078 4487 4206 4529 non

762 4563 820 4614 et
842 4560 1265 4616 intensionem.
1303 4562 1813 4635 Quandoquidem
1860 4564 1908 4618 si
1956 4580 2245 4621 numerus
2299 4566 2427 4637 ipse
2464 4558 2506 4612 ι)
2538 4555 2733 4611 solum
2755 4556 3087 4630 quinarius,
3118 4572 3323 4612 verum
3345 4557 3523 4613 etiam
3547 4557 3798 4630 quilibet
3822 4574 4119 4616 numerus
4140 4562 4201 4619 in

760 4649 1075 4721 quinarius
1133 4666 1206 4706 ex
1255 4656 1425 4723 parte
1464 4651 1811 4724 quantitatis
1865 4658 2071 4725 posset
2123 4655 2425 4728 suscipere

758 4739 1198 4807 remissionem,
1232 4741 1447 4798 eadem
1479 4743 1592 4798 hac
1622 4743 2001 4811 remissione,
2035 4761 2223 4817 quam
2267 4747 2425 4803 susci

758 4833 946 4902 peret,
980 4829 1303 4886 minimum
1332 4831 1480 4903 quid
1512 4831 1810 4889 evaderet.
1836 4837 1984 4890 Nam
2017 4850 2084 4890 ex
2133 4836 2425 4909 copulatis

753 4919 1026 4975 numeris
1052 4918 1608 4992 quilibetnumerus
1652 4923 1950 4980 unitatum
1990 4924 2425 4985 substractione

754 5009 960 5067 minor
988 5009 1208 5083 factus,
1243 5012 1526 5069 evaderet
1547 5029 1619 5070 ex
1648 5015 1906 5071 ternario
1956 5015 2228 5074 binarius
2266 5024 2324 5076 et
2352 5035 2425 5076 ex

752 5097 995 5157 binario
1024 5099 1244 5157 unitas.
1283 5102 1340 5159 Si
1362 5102 1541 5174 igitur
1569 5118 1677 5177 per
1696 5103 2095 5162 intensionem
2129 5108 2242 5164 tria
2291 5124 2425 5167 eva-

753 5186 905 5245 dant
929 5194 1191 5262 quatuor
1220 5196 1278 5247 et
1307 5193 1430 5249 duo
1465 5193 1597 5262 tria,
1629 5193 1790 5250 idem
1816 5195 2044 5253 accidet
2066 5213 2318 5255 numero
2350 5216 2423 5257 ex

750 5277 848 5335 his
876 5278 1118 5337 duobus
1140 5280 1410 5356 quinque
1444 5287 1675 5356 septem
1705 5286 2040 5358 composito
2070 5305 2083 5356 ;
2114 5289 2280 5361 qoud
2333 5296 2423 5348 est

749 5368 1110 5428 absurdum.
1138 5373 1361 5430 Eodem
1384 5374 1570 5431 modo
1600 5390 1708 5447 per
1728 5376 2142 5435 remissionem
2162 5380 2272 5437 tria
2297 5380 2420 5438 duo

748 5459 1079 5519 evaderent
1102 5466 1160 5521 et
1188 5463 1310 5521 duo
1340 5480 1571 5533 unum;
1630 5465 1793 5523 idem
1841 5483 2086 5541 quoque
2126 5470 2420 5539 accideret

746 5565 1005 5609 numero
1027 5568 1099 5609 ex
1130 5553 1222 5609 his
1262 5554 1507 5612 duobus
1532 5555 1802 5631 quinque
1843 5557 2035 5615 tribus
2074 5561 2414 5633 constituto,

745 5655 883 5714 quae
904 5641 1155 5716 quidem
1184 5644 1314 5701 fieri
1336 5650 1647 5719 nequeunt
1676 5650 1733 5703 ct
1759 5651 1901 5705 sunt
1928 5648 2217 5707 absurda.
2243 5652 2417 5718 Quod

745 5729 799 5813 si
827 5748 940 5808 pro
967 5731 1154 5797 tribus
1182 5740 1445 5812 quatuor
1464 5740 1522 5796 et
1544 5753 1655 5812 pro
1684 5736 1926 5801 duobus
1954 5756 2165 5810 unum,
2198 5741 2414 5816 quina-

2535 4646 2790 4702 nihilum
2829 4645 3256 4703 dissolveretur
3288 4662 3301 4713 ;
3334 4646 3501 4720 quod
3523 4648 3703 4704 etiam
3722 4647 4058 4705 absurdum
4082 4656 4199 4708 est.

2537 4746 2710 4811 Quod
2756 4745 2805 4801 si
2840 4745 3039 4801 unitas
3089 4745 3337 4802 alteram
3386 4746 3676 4803 unitatem
3724 4754 4018 4816 assumat,
4071 4749 4199 4808 duo

2533 4836 2680 4893 ﬁent
2715 4852 2729 4904 ;
2761 4840 2817 4893 et
2846 4836 2894 4892 si
2923 4837 3345 4909 quaternarius
3377 4836 3620 4894 unitatis
3682 4837 4197 4896 substractionem

2536 4926 2847 4999 suscipiat,
2892 4928 3141 4984 omnino
3196 4927 3491 4984 ternarius
3578 4943 3872 4984 numerus
3952 4929 4195 4986 evadet.

2535 5017 2777 5073 Constat
2813 5015 2991 5087 igitur
3010 5016 3322 5090 quinarius
3349 5032 3473 5073 non
3500 5034 3571 5073 ex
3592 5017 3821 5074 unitate
3851 5021 3908 5075 et
3954 5023 4203 5087 quater-

2532 5108 2725 5179 nario,
2754 5106 2862 5164 sed
2892 5110 3090 5181 potius
3121 5124 3193 5164 ex
3235 5109 3468 5166 binario
3517 5113 3574 5166 et
3626 5109 3887 5166 ternario
3946 5124 3961 5176 ;
4014 5110 4203 5184 idque

2533 5199 2866 5255 secundum
2887 5204 3186 5255 naturam.

2601 5292 2654 5344 2.
2686 5291 2766 5344 Ex
2804 5287 3028 5361 quibus
3071 5287 3358 5344 omnibus
3425 5286 3676 5344 efﬁcitur
3718 5288 3781 5343 in
3839 5288 4203 5361 qualitatem

2530 5378 2744 5435 cadere
2765 5378 3163 5435 intensionem
3196 5378 3702 5445 etremissionem,
3719 5378 3779 5433 in
3795 5379 4205 5457 quantitatem

2528 5485 2671 5525 vero
2697 5484 3039 5541 nunquam.
3067 5471 3268 5524 Posset
3289 5469 3471 5535 enim,
3515 5468 3564 5523 si
3596 5469 3713 5524 hoc
3764 5483 3974 5525 verum
4018 5476 4203 5537 esset,

2527 5574 2635 5633 per
2664 5559 3062 5617 intensionem
3088 5563 3145 5615 et
3183 5558 3607 5616 remissionem
3632 5558 4013 5631 quantitatis,
4069 5562 4205 5633 qui-

2523 5651 2735 5709 narius
2759 5666 2888 5707 esse
2918 5649 3338 5724 quaternarius
3362 5648 3658 5707 ternarias
3690 5654 3747 5705 et
3789 5650 4196 5725 septenarius,

2527 5742 2695 5818 quod
2723 5741 2903 5815 longe
2934 5740 3445 5802 adsurdissimum
3474 5743 3580 5803 est.
3620 5739 3736 5801 Par
3774 5738 4029 5815 quidem
4081 5757 4200 5800 nu-
