4444 6452
290 354 428 409 1329

317 564 419 617 ἐκεῖ
449 563 508 618 δὲ
533 569 720 635 ποσόν,
769 564 925 617 λαϐὸν
966 571 1148 640 χώραν
1202 566 1488 628 ἕπιτάσεως
1534 571 1622 619 καὶ
1679 565 1924 630 ἀνεσεως,

314 654 478 706 πολλὰ
532 657 697 729 ἔφερεν
755 653 926 707 ἄτοπα
987 675 999 688 ·
1053 653 1267 714 ἐποίησε
1343 658 1444 730 γὰρ
1525 660 1620 715 τὴν
1695 652 1930 706 «macra

316 739 520 796 ἓπτάδα
570 748 660 795 xui
713 740 878 806 ἑξάδα
936 747 1026 798 xui
1085 741 1334 818 τετράδα,
1395 749 1486 798 καὶ
1532 741 1748 820 τριάδα,
1803 744 1926 817 ὅπερ

315 833 504 884 ἁτοπον
530 837 620 884 καὶ¹
652 835 978 904 σοφιστικόν.
1024 840 1190 886 Τοῦτο
1241 837 1412 886 τοίνυν
1471 831 1554 886 ὃεῐ
1600 841 1729 886 νοεῖν
1788 835 1929 904 ἡμᾶς

314 925 398 974 καὶ
429 921 512 974 ἐπὶ
545 928 644 974 τῶν
697 922 956 995 ῥηθέντων
1008 922 1192 975 λευκοῦ
1249 929 1339 975 καὶ
1383 922 1592 994 μέλανος
1652 943 1664 956 ·
1722 923 1788 974 ru
1837 925 1925 994 μὲν

314 1013 441 1063 ποιά
491 1011 841 1078 ἀλλοιοῦνται,
887 1007 946 1064 δὲ
1021 1016 1185 1064 ποσὸν
1243 1009 1491 1064 οὐδέποτε
1545 1011 1835 1063 ἀλλοιοῦτοι
1909 1047 1923 1062 .

314 1097 437 1154 οὐδὲ
460 1104 558 1174 γὰρ
589 1100 824 1162 ἐπίτασις
851 1105 940 1152 καὶ
965 1100 1140 1163 ἀνισις
1198 1100 1245 1153 ἐν
1294 1110 1462 1172 ποσῷ,
1516 1101 1624 1152 ἀλλ’
1673 1109 1785 1153 ἴσον
1838 1120 1928 1187 καὶ

314 1189 516 1247 ἀνισον,
561 1190 623 1242 Εἰ
679 1193 768 1262 μεν
825 1196 910 1241 οῦν
971 1190 1065 1248 ὕλη
1124 1193 1191 1242 τὰ
1243 1193 1532 1264 πράγματα
1594 1191 1922 1274 Θεωροῦνται,

316 1287 424 1341 τοῖς
449 1285 590 1352 τρισὶ
642 1284 834 1352 πέρασι
883 1286 974 1330 τοῦ
1026 1287 1195 1332 ποσοῦ
1239 1280 1627 1354 περικλείεσθαι
1684 1282 1928 1354 θεωροῦν-

316 1389 405 1422 ται
461 1390 474 1402 ·
535 1369 595 1422 όὺ
642 1372 744 1441 γὰρ
799 1368 1072 1440 umquam
1127 1374 1184 1422 τό
1244 1379 1336 1422 τοῦ
1393 1369 1610 1444 ἀλεύρου
1670 1366 1924 1442 μεδίμνου

316 1462 481 1511 ποσόν
516 1463 589 1520 εὶς
609 1459 667 1509 το
699 1465 792 1518 τῆς
834 1462 1026 1518 σηπίας
1071 1460 1270 1510 κυάθου
1321 1458 1476 1530 μέλαν
1532 1461 1717 1520 ποσὸν,
1769 1456 1923 1529 ἀμει-

315 1547 404 1617 ψις
433 1543 484 1598 δ’
516 1545 708 1618 ἐγένετο
734 1548 950 1610 τούτων,
991 1553 1081 1600 καὶ
1128 1556 1190 1620 τῇ
1250 1546 1460 1620 ἀμείψει
1492 1545 1680 1605 συνέϐη
1718 1548 1920 1618 ὕφεσις,

316 1635 364 1688 ἐν
389 1635 514 1708 ἡλλη
567 1632 627 1688 δε
676 1639 906 1693 ποιότηπ
939 1640 1147 1697 ποίότης
1205 1636 1457 1690 meum
1510 1636 1658 1707 ἑτέρα
1706 1640 1922 1693 ποιήσει

314 1723 575 1792 ἐπίτασιν,
607 1725 712 1776 οἷον
751 1722 931 1797 ἄρτιος
965 1726 990 1776 ό
1042 1729 1300 1798 τέσσαρα,
1367 1725 1456 1776 καί
1503 1726 1529 1777 ό
1581 1721 1698 1790 δυο,
1748 1727 1838 1776 καὶ
1896 1728 1928 1776 ὅ

311 1817 401 1886 μεν
445 1814 714 1887 ἰσομερὴς,
766 1814 790 1864 ό
845 1809 903 1865 δε
959 1820 1255 1888 προμήκης.
1315 1813 1524 1868 ⁸Ἀνισοι
1578 1820 1704 1886 γοῦν
1745 1819 1835 1865 xui
1877 1813 1918 1866 εἰ
1991 1829 2032 1883 Β

310 1902 585 1968 ἐλωοῶσιν,
615 1899 826 1962 ἀλλοίως
849 1912 1066 1974 γεννῶσι
1091 1906 1235 1957 καὶὸ
1291 1901 1389 1956 δύο
1441 1908 1530 1956 καὶ
1585 1902 1609 1954 ὁ
1663 1906 1914 1976 τέσσαρα,

305 1997 395 2045 καὶ
419 1992 641 2065 ἀριειερθῇ
691 1993 782 2063 μὲν
849 1993 875 2043 ὁ
937 1992 1184 2066 ἰσομερὴς
1230 1994 1300 2056 είς
1357 1997 1442 2046 τὸν
1497 1997 1769 2067 προμήκη,
1827 1997 1916 2045 καὶ

304 2085 440 2134 κατά
476 2085 566 2154 μὲν
592 2089 742 2134 τοῦτο
807 2081 1009 2144 ἀλλοῖος
1052 2088 1351 2154 γενήσεται,
1410 2087 1688 2157 προμήκης
1736 2083 1838 2154 γὰρ
1903 2102 1916 2114 ·

304 2174 437 2225 κατά
469 2169 528 2226 δὲ
557 2176 615 2226 τό
679 2172 880 2246 ἀρτιον,
941 2171 1048 2224 οὔτ’
1097 2172 1246 2234 ἀλλος
1295 2176 1413 2225 οὔτε
1463 2171 1677 2232 ἀλλοῖος,
1738 2169 1912 2244 ἀρτιοι

303 2265 404 2335 ’γὰρ
437 2267 526 2314 καὶ
555 2264 605 2314 οἱ
639 2262 964 2322 συνελθόντες
994 2266 1085 2313 xui
1126 2263 1151 2313 6
1197 2262 1248 2325 ἐξ
1288 2265 1476 2328 αὐτῶν,
1533 2262 1667 2313 ὥστε
1717 2264 1773 2312 τὸ
1823 2263 1913 2332 μὲν

305 2371 453 2404 ποιον
508 2357 598 2405 καὶ
651 2353 907 2412 ἠλλοιώθη
970 2348 1150 2404 ἐνθαδί
1201 2355 1288 2403 καὶ
1339 2351 1574 2403 ἐπίτασιν
1631 2349 1798 2418 ἔλαϐε,
1855 2353 1913 2402 τὸ

311 2438 368 2494 δὲ
395 2444 556 2494 ποσόν
585 2441 680 2494 οὐκ
711 2440 968 2499 ἠλλοιώθη
994 2462 1006 2473 ·
1049 2439 1234 2503 πάντες
1263 2443 1364 2512 γὰρ
1405 2443 1464 2492 τό
1511 2440 1696 2491 οἰκεῖον
1752 2442 1913 2491 ποσόν

308 2530 691 2604 παρεφύλαξαν,
725 2531 748 2581 6
783 2527 880 2583 δύο
904 2533 962 2582 1'6
1004 2527 1122 2596 δὺο,
1175 2531 1200 2582 ὁ
1263 2535 1500 2604 τέσσαρα
1547 2533 1604 2580 1'6
1657 2533 1911 2602 τέσσαρα,

311 2625 399 2674 xui
443 2620 468 2672 ὁ
518 2620 569 2683 ἔξ
625 2624 682 2673 τὸ
732 2620 784 2683 ἐξ
842 2617 989 2686 εἶναι,
1048 2623 1105 2672 τό
1165 2616 1224 2672 δε
1281 2623 1428 2672 ποιόν
1496 2617 1750 2677 ἠλλοιώθη
1824 2622 1914 2670 καὶ

279 2839 479 2881 merus
511 2840 648 2880 cum
695 2822 915 2896 impari
963 2823 1334 2897 compositus
1365 2821 1932 2893 "nihilginusitatum

276 2915 595 2970 constituit.
636 2914 728 2970 Sic
750 2913 911 2970 enim
938 2913 1060 2968 duo
1090 2918 1227 2968 sunt
1257 2928 1496 2984 semper
1525 2913 1644 2968 duo
1674 2929 1686 2978 ;
1721 2915 1778 2966 et
1799 2909 1930 2976 tria,

274 3005 384 3060 tria
418 3023 430 3072 ;
459 3003 625 3076 quod
637 3008 728 3059 est
748 3003 1099 3076 quantitatis
1119 3003 1442 3075 proprium.
1459 3004 1608 3057 Nam
1631 3000 1694 3056 hi
1716 3015 1929 3056 nume-

270 3095 320 3150 ri
333 3092 1471 3166 permanseruutetiamsiaequalitatem'
1490 3089 1928 3164 etinmqualita-
1961 3082 2000 3136 C

271 3187 390 3239 tem
428 3183 816 3255 susceperint.
861 3183 976 3238 Sed
1006 3197 1144 3236 cum
1177 3181 1435 3254 qualitas
1465 3197 1605 3236 cum
1644 3179 1931 3252 qualitate

273 3273 608 3344 copulatur,
635 3271 860 3326 exsistit
915 3271 1102 3326 altera
1171 3270 1350 3326 mista
1400 3269 1679 3342 qualitas.
1731 3272 1930 3340 Neque

273 3363 431 3418 enim
465 3377 574 3434 par
621 3375 909 3416 numerus
939 3361 1104 3416 omni
1131 3377 1202 3416 ex
1242 3365 1408 3433 parte
1465 3359 1692 3415 exsistit
1735 3374 1931 3430 neque

274 3452 472 3524 impar
509 3451 612 3522 qui
641 3466 762 3506 non
785 3451 964 3506 etiam
1001 3451 1205 3522 aliqua
1231 3467 1303 3506 ex
1330 3454 1498 3522 parte
1529 3465 1657 3522 par.
1693 3450 1792 3504 Hic
1822 3449 1931 3516 igi-

276 3545 368 3598 tur
398 3543 486 3596 est
515 3540 869 3612 qualitatem
893 3540 1166 3595 remissio
1189 3544 1245 3594 et
1278 3539 1689 3594 commutatio.
1726 3537 1933 3593 Atillic

275 3630 605 3702 quantitate
625 3629 1021 3685 iutensionem
1047 3628 1535 3685 etremissionem
1569 3627 1932 3698 suscipiente

275 3719 463 3775 multa
494 3718 762 3774 absurda
790 3718 1177 3775 exsistebant.
1232 3721 1381 3774 Nam
1414 3734 1486 3773 ex
1544 3716 1644 3772 illa
1703 3715 1932 3772 ratione

273 3809 584 3883 quinarius
613 3811 741 3863 erat
807 3808 1198 3880 septenarius,
1268 3807 1558 3876 senarius,
1617 3809 1930 3878 quaterna-

269 3900 412 3966 rius,
447 3898 744 3953 ternarius
773 3898 938 3969 quod
961 3902 1047 3954 est
1075 3896 1408 3952 absurdum
1439 3899 1493 3952 et
1515 3895 1931 3966 sophisticum.

272 3987 393 4043 Hoc
425 3987 604 4056 igitur
635 3986 1020 4042 considerare
1039 4003 1153 4042 nos
1169 3991 1406 4058 oportet
1431 3985 1608 4040 etiam
1631 3985 1692 4040 in
1717 3983 1934 4056 praedi-

270 4077 399 4147 ctis,
434 4076 572 4132 albo
608 4075 832 4131 scilicet
862 4081 918 4132 et
946 4077 1143 4145 nigro.
1177 4079 1324 4131 Nam
1353 4074 1639 4147 qualitate
1683 4073 1936 4146 praedita

268 4166 571 4239 qualitatis
594 4165 1128 4221 commutationem
1185 4165 1526 4237 suscipiunt
1578 4164 1933 4230 Quantitatis

269 4272 406 4312 vero
424 4255 591 4311 nulla
607 4261 802 4327 potest
817 4271 945 4311 esse
963 4256 1262 4327 ejusmodi
1292 4254 1706 4325 commutatio,
1743 4270 1936 4326 quan-

270 4345 596 4417 doquidem
628 4345 689 4399 in
721 4345 1330 4417 quantitateintensio
1353 4351 1410 4400 et
1437 4345 1712 4399 remissio
1734 4343 1935 4400 locum

1139 351 1494 410 THEODORI
1533 351 1580 408 II
1618 349 1759 408 IMP.
1803 352 1893 408 DE
1931 350 2391 412 COMMUNIONE
2431 356 2780 413 NATURALI

317 479 496 550 ὕφεσις
547 483 672 547 γοῦν
725 474 946 528 ἐνταῦθα
989 484 1088 528 τῶν
1146 481 1437 535 ποιοτήτων
1481 481 1570 530 καὶ
1621 475 1926 540 ἀλλοίωσις,
1989 482 2033 530 Α
2094 473 2314 535 augmen

3551 364 3574 417 Ἰ
3587 367 3690 420 330

2375 498 2389 512 ο
2435 481 2460 530 ὁ
2519 484 2620 553 γὰρ
2679 486 2976 553 προμήκης,
3034 480 3200 532 λαξών
3274 486 3361 534 τόν
3458 485 3698 560 ίσοριερῂ,

2093 565 2308 636 ἤρειψεν
2374 568 2528 621 αὑτὸν
2586 569 2658 632 εἰς
2695 574 2753 622 τὸ
2807 574 3092 643 πρόμηκες,
3146 571 3190 623 εἰ
3239 568 3298 624 δὲ
3342 578 3431 624 καὶ
3505 578 3585 628 ὃτι
3666 579 3694 636 ἡ

2091 652 2252 726 αβγ
2301 664 2388 717 τῆς
2430 656 2466 729 β
2521 679 2554 730 γ
2612 658 2792 721 ἄνισος
2843 665 2932 712 καὶ
2994 658 3177 712 ἀλλοία
3229 668 3346 734 εἰπη
3417 682 3511 726 τις,
3569 664 3699 727 iam;

2089 745 2238 795 ἔσται
2269 744 2326 796 0'5
2361 741 2455 798 διὰ
2501 751 2593 805 τὴν
2642 748 2883 801 ἐπίτασιν
2942 750 2970 808 ἡ
3031 752 3126 806 τὴν
3175 751 3371 818 ἄνεσιν,
3431 750 3559 805 ἀλλά
3606 751 3699 808 δια

2088 834 2147 882 τὸ
2183 833 2360 904 μεῖζον
2387 839 2475 887 xui
2505 840 2562 887 1'6
2590 836 2798 890 ἔλαττον
2834 859 2846 872 ·
2878 845 3032 889 τοῦτο
3060 839 3159 909 γὰρ
3206 838 3264 889 οὑ
3323 847 3515 907 ποσου,
3569 841 3698 894 ἀλλά

2087 929 2180 972 τοῦ
2225 926 2354 996 πρὸς
2402 943 2473 990 τι,
2541 928 2610 987 ὡς
2665 933 2755 979 xui
2811 926 3172 1001 Ἀριστοτέλης
3235 929 3284 980 ἐν
3342 935 3699 1004 Κατηγορίαις

2089 1015 2269 1082 φησίν.
2324 1016 2456 1065 Οὔτε
2500 1017 2623 1087 γὰρ,
2676 1018 2808 1067 κατά
2855 1019 2942 1067 τόν
3001 1017 3161 1067 αὑτοῦ
3217 1015 3388 1087 λόγον,
3459 1017 3696 1082 ἐπίτασις

2087 1104 2177 1151 καὶ
2226 1099 2400 1164 ἄνεσις
2452 1110 2542 1154 τοῦ
2595 1111 2762 1155 ποσοῦ
2829 1107 2909 1156 ὅτι
2961 1112 3052 1166 τῆς
3102 1109 3394 1172 ποιότητος,
3456 1107 3574 1160 οὔτε
3639 1114 3696 1161 τὸ

2087 1192 2222 1260 μέγα
2272 1195 2361 1241 xui
2415 1195 2474 1242 τό
2504 1195 2689 1266 μικρὸν
2735 1195 2812 1244 ὃτι
2838 1200 2930 1245 τοῦ
2969 1197 3100 1267 πρός
3155 1214 3226 1261 τι,
3282 1190 3420 1246 ἴδιον
3490 1193 3549 1249 δὲ
3604 1206 3696 1249 τοῦ

2086 1276 2254 1330 ποσοῦ
2277 1283 2334 1330 τὸ
2366 1277 2543 1333 ἄνισον
2568 1285 2657 1332 xui
2684 1286 2741 1334 τὸ
2793 1279 2927 1352 ἴσον,
2985 1291 3138 1356 εὕρῃς
3187 1279 3246 1335 δὲ
3293 1289 3382 1335 καὶ
3426 1283 3473 1335 ἐν
3523 1285 3698 1347 ἄλλοις

2088 1367 2178 1420 εἶτ’
2208 1371 2446 1420 ἐπίτασιν
2479 1370 2569 1422 εἶτ’
2595 1371 2769 1423 ἄνεσιν
2796 1379 2888 1423 τοῦ
2915 1380 3087 1436 ποιου,
3140 1380 3230 1423 τοῦ
3285 1379 3453 1425 ποσοῦ
3506 1371 3564 1426 δὲ
3618 1372 3695 1427 ἀεὶ

2087 1459 2146 1508 τό
2171 1453 2304 1522 ἴσον,
2335 1461 2394 1510 τὸ
2429 1457 2626 1522 ἄνισον,
2657 1459 2791 1512 ὥστε
2816 1460 2993 1522 ἄνισος
3016 1464 3105 1511 xui
3145 1461 3170 1511 6
3228 1459 3281 1522 ἐξ
3332 1465 3421 1513 xui
3477 1462 3503 1512 6
3567 1459 3697 1515 δέκα

2086 1548 2221 1596 κατά
2241 1549 2299 1598 1'6
2331 1550 2514 1615 ποσὸν,
2539 1546 2734 1609 ἀλλοῖος
2766 1546 2825 1602 δὲ
2851 1552 2985 1600 κατά
3013 1552 3070 1600 1'6
3094 1552 3240 1600 ποιόν
3266 1569 3278 1582 ·
3321 1554 3413 1601 xui
3462 1547 3694 1612 όξώδους

2086 1639 2357 1692 ποιότητοι
2423 1633 2538 1694 ιῑδη
2602 1636 2764 1689 πολλά
2789 1638 2850 1689 οἷν
2881 1636 2941 1688 ἂν
3005 1637 3158 1709 εὕρῃς
3215 1636 3552 1709 ἐπιτεταμένα
3603 1644 3694 1691 xui

2087 1722 2331 1795 ὑφειμένα
2387 1731 2480 1794 τῷ,
2527 1733 2677 1795 ποσῷ
2756 1722 2804 1778 δ’
2887 1733 2968 1791 0'3,
3040 1724 3145 1776 ἀλλ’
3210 1722 3300 1777 ἶσα
3363 1731 3452 1778 xui
3510 1726 3689 1795 ἀνισα,

2087 1817 2179 1873 Τίς
2207 1809 2264 1866 δὲ
2295 1816 2359 1865 τὰ
2379 1819 2450 1886 μὴ
2485 1811 2700 1886 ὁμοειδῆ
2738 1820 3025 1890 συγκρίνει,
3069 1813 3196 1867 ἀλλά
3233 1817 3296 1867 τοί
3353 1813 3610 1888 inposui?)
3677 1837 3690 1850 -

2091 1907 2192 1955 Καὶ
2237 1907 2532 1976 συκομορέα
2594 1907 2792 1977 σμικρά
2841 1904 3044 1975 λεγεται
3093 1909 3181 1956 καὶ
3246 1905 3418 1976 μειξον
3495 1905 3692 1977 κλῆμα,

2087 1993 2222 2044 ὥστε
2247 1995 2382 2045 κατά
2426 1997 2484 2046 τὸ
2542 1993 2696 2045 αὐτὸν
2759 1998 2950 2064 χρόνον
3001 1996 3059 2046 τό
3114 1992 3240 2045 αὐτὸ
3292 2000 3512 2066 πρᾶγμα
3559 1999 3692 2067 μέγα

2077 2085 2168 2132 καὶ
2199 2085 2407 2155 μικρὸν,
2451 2085 2541 2134 καὶ
2591 2080 2814 2134 ἐναντίον
2873 2081 3000 2134 αὐτὸ
3057 2082 3128 2142 εἰς
3182 2080 3358 2150 ἑαυτὸ,
3417 2081 3538 2155 ὅπερ
3589 2092 3689 2135 τῶν

2079 2166 2368 2226 ἀδυνάτων.
2394 2173 2471 2224 Tu
2501 2175 2590 2245 μὲν
2625 2169 2711 2224 οὖν
2740 2173 2837 2224 τῶν
2869 2171 2918 2223 ἐν
2953 2174 3148 2244 εγεύσει
3203 2190 3260 2224 το
3320 2176 3412 2224 xui
3482 2173 3686 2245 ὁράσει,

2078 2261 2239 2333 ἤγουν
2289 2260 2630 2332 γλυκύτητος,
2685 2261 3026 2324 ἀλυκύτητος,
3100 2264 3434 2336 θερμότητος,
3480 2262 3691 2336 ψυχρὸ-

2077 2369 2252 2415 τητος,
2296 2350 2606 2413 λευκότητος
2664 2360 2768 2405 οῖον
2817 2357 2905 2404 xui
2958 2350 3191 2424 μέλανος,
3252 2349 3412 2412 ἀκόῆς
3465 2371 3520 2403 τε
3600 2357 3689 2404 xui

2080 2438 2232 2512 ἀρῆς,
2262 2444 2436 2512 τραχὺ
2460 2445 2549 2493 xui
2600 2440 2750 2510 λεῖον,
2811 2445 2902 2492 xui
2959 2442 3024 2492 τά
3072 2439 3120 2491 ἐν
3160 2439 3417 2512 ὀσφρήσει
3463 2436 3684 2498 δυσώδη

2078 2533 2168 2580 xui
2217 2525 2386 2587 εὐώδη
2443 2534 2532 2582 xui
2575 2534 2713 2602 μέσα
2767 2534 2856 2581 καὶ
2906 2524 3298 2590 ἀναποδείκτως
3351 2534 3380 2587 ἡ
3449 2527 3691 2601 ἐνάργεια

2080 2614 2235 2675 δηλοῖ
2260 2617 2338 2669 ὃτι
2369 2637 2461 2696 περ
2483 2626 2575 2672 τοῦ
2601 2625 2775 2688 ποιοῦ,
2803 2620 2989 2680 όποίως
3021 2614 3082 2671 δέ
3109 2622 3197 2670 xui
3249 2618 3316 2670 τά
3378 2625 3479 2671 τῶν
3541 2637 3690 2690 χρω..

2044 2821 2318 2892 partibus
2338 2827 2621 2880 constans
2654 2823 2715 2879 in
2748 2823 2934 2879 altera
2963 2827 3133 2895 parte
3168 2821 3501 2892 longiorem
3529 2836 3699 2876 com-

2044 2915 2300 2967 mutatus
2315 2911 2506 2968 fuerit.
2521 2913 2711 2985 Atque
2723 2912 2946 2968 idcirco
2961 2910 3272 2967 aliusmodi
3286 2910 3518 2977 evadet,
3533 2926 3701 2966 nem-

2045 3016 2119 3073 pe
2150 3001 2333 3058 altera
2359 3007 2528 3076 parte
2557 3002 2809 3074 longior,
2834 3001 2949 3058 Sed
2971 3002 3021 3057 si
3046 3002 3158 3058 hos
3183 3015 3469 3056 [nuneros
3497 3002 3705 3068 quate-

2046 3105 2160 3145 nus
2179 3095 2318 3146 sunt
2333 3106 2510 3164 pares
2530 3091 3097 3163 consideres,neque
3109 3089 3205 3146 alii
3219 3104 3414 3160 neque
3430 3087 3704 3143 aliusmo-

2044 3179 2540 3236 dievadent.Nam
2555 3179 2929 3252 quicopulati
2942 3179 3240 3235 suntinter
3254 3178 3550 3233 senumeri
3568 3181 3705 3233 sunt

2043 3284 2238 3340 pares,
2267 3273 2319 3324 et
2334 3269 2438 3342 qui
2459 3285 2532 3325 ex
2555 3269 2696 3341 ipsis
2711 3269 3084 3340 compositus
3097 3271 3205 3338 est,
3220 3273 3308 3323 est
3323 3282 3454 3340 par.
3475 3269 3704 3332 Quam-

2041 3357 2252 3413 obrem
2277 3358 2335 3412 in
2377 3358 2469 3413 his
2507 3358 2766 3431 qualitas
2804 3357 3052 3430 quidem
3115 3361 3489 3412 commutata
3526 3360 3618 3412 est
3649 3360 3706 3412 et

2040 3447 2440 3503 iutensionem
2481 3447 3086 3520 suscepit,quantitas
3115 3462 3256 3502 vero
3287 3461 3409 3502 non
3433 3448 3521 3502 est
3541 3460 3706 3501 com-

2043 3541 2289 3593 mutata.
2315 3539 2536 3594 Omnes
2569 3539 2728 3593 enim
2752 3553 2926 3593 suam
2957 3536 3354 3610 quantitatem
3385 3549 3705 3592 conserva-

2041 3631 2200 3695 runt,
2223 3628 2303 3683 ita
2328 3633 2392 3683 ut
2420 3627 2543 3684 duo
2565 3628 2684 3684 sint
2710 3628 2832 3684 duo
2865 3645 2878 3680 :
2920 3630 3701 3700 quatuor,quatuor,etsex,

2043 3733 2166 3773 sex.
2184 3722 2254 3772 At
2266 3717 2523 3790 qualitas
2536 3722 2906 3774 commutata
2919 3721 3009 3773 est
3021 3721 3078 3773 et
3090 3717 3343 3772 intensa.
3360 3715 3502 3771 Nam
3519 3715 3706 3772 altera

2043 3811 2210 3877 parte
2231 3805 2467 3876 longior
2489 3811 2872 3879 assumptum
2894 3822 3216 3862 numerum
3272 3821 3345 3860 ex
3367 3803 3704 3877 aequalibus

2041 3895 2314 3967 partibus
2343 3901 2737 3964 constantem,
2757 3897 2998 3952 mutavit
3021 3895 3082 3950 in
3096 3895 3279 3951 altera
3291 3900 3459 3968 parte
3473 3894 3706 3966 longio-

2042 4000 2171 4040 rem
2196 4001 2533 4042 numerum.
2568 3985 2738 4052 Quod
2761 3986 2808 4041 si
2822 3984 3361 4058 quisdicatlineam
3393 3999 3430 4040 a
3453 3984 3484 4038 ὁ
3509 3999 3540 4039 c
3561 3982 3708 4055 quia
3740 4052 3747 4058 I

2043 4080 2133 4130 est
2164 4075 2475 4148 inmqualis
2504 4075 2676 4132 lineae
2709 4076 2741 4131 ὁ
2759 4091 2790 4132 c
2811 4076 2992 4132 etiam
3018 4075 3142 4132 fore
3166 4074 3417 4132 fortasse
3439 4073 3707 4130 dissimi-

2042 4164 2162 4221 lem
2182 4183 2194 4232 ;
2210 4165 2648 4236 respondemus
2669 4166 2785 4220 hoc
2798 4180 2917 4220 non
2935 4165 3204 4220 accidere
3222 4169 3327 4219 aut
3346 4168 3591 4236 propter
3610 4163 3708 4218 in-

2045 4254 2380 4310 tensionem
2395 4254 3078 4321 autremissionem,sed
3093 4257 3332 4326 propter
3357 4252 3502 4308 illud
3541 4251 3709 4325 quod

2045 4349 2137 4399 est
2168 4344 2366 4414 majus
2387 4349 2441 4399 et
2473 4346 2675 4398 minus
2708 4361 2721 4410 ;
2751 4343 2918 4415 quod
2957 4343 3206 4414 quidem
3243 4358 3368 4396 non
3395 4342 3472 4398 ad
3504 4356 3708 4413 quan-

271 4450 394 4490 non
425 4434 673 4503 habent,
703 4434 807 4489 sed
830 4434 1061 4506 aequale
1091 4441 1148 4491 et
1175 4433 1494 4506 inaequale.
1535 4434 1592 4490 Si
1636 4433 1816 4503 igitur
1863 4449 1935 4489 ex
1974 4450 2013 4505 ί]
2047 4433 2300 4499 titatem,
2330 4434 2436 4488 sed
2487 4433 2566 4488 ad
2606 4432 2957 4488 relationem
3021 4433 3274 4504 pertinet
3313 4430 3710 4504 quemadmo-

272 4525 517 4580 materia
529 4540 623 4579 res
636 4524 940 4579 naturales
959 4523 1533 4593 eonsiderantur,his
1547 4523 1734 4578 tribus
1746 4539 1933 4596 quan-

271 4613 450 4669 titatis
478 4613 746 4668 terminis
768 4613 1180 4669 circumscribi
1207 4619 1262 4669 et
1290 4612 1565 4668 concludi
1588 4621 1933 4668 cernuntur.

271 4703 474 4775 Neque
513 4703 675 4758 enim
706 4704 1066 4759 commutari
1121 4704 1338 4776 poterit
1385 4702 1679 4758 medimni
1728 4703 1934 4758 farinae

269 4792 574 4866 quantitas
599 4793 659 4847 in
682 4793 1137 4864 cyathinigrum
1161 4793 1339 4866 sepiae
1368 4792 1726 4863 sanguinem
1750 4794 1936 4848 conti-

266 4883 460 4938 nentis
492 4882 911 4954 quantitatem,
946 4883 1051 4938 sed
1105 4884 1299 4956 potuit
1359 4882 1419 4936 in
1472 4881 1564 4936 his
1630 4881 1934 4954 qualitatis

264 4970 546 5028 exsistere
569 4970 773 5044 aliqua
786 4973 1199 5039 commutatio,
1218 4986 1406 5043 quam
1420 4970 1657 5043 quidem
1676 4987 1936 5026 commu-

259 5059 547 5115 tationem
571 5065 898 5115 consecuta
938 5059 1326 5116 estremissio
1367 5063 1422 5114 et
1445 5059 1720 5114 intensio.
1757 5063 1934 5116 Porro

257 5147 516 5221 qualitas
553 5147 740 5204 altera
779 5165 918 5204 cum
960 5149 1149 5205 altera
1203 5149 1485 5221 copulata
1535 5149 1932 5206 iutensionem

257 5236 492 5304 efﬁciet,
511 5243 571 5292 ut
586 5243 846 5309 quatuor
860 5245 945 5294 est
960 5256 1243 5295 numerus
1262 5255 1388 5311 par,
1411 5239 1667 5311 itemque
1679 5239 1820 5296 duo.
1834 5245 1932 5297 At-

253 5343 374 5401 que
400 5327 495 5383 ille
519 5329 766 5400 quidem
799 5346 871 5385 ex
898 5329 1238 5402 aequalibus
1259 5329 1538 5400 partibus
1565 5335 1816 5393 constat,
1839 5330 1932 5385 hic

256 5435 399 5474 vero
419 5419 603 5475 altera
629 5425 795 5492 parte
811 5422 1174 5492 estlongior.
1203 5423 1350 5478 Sunt
1374 5420 1554 5491 igitur
1580 5421 1909 5494 inaequales

259 5510 432 5575 Quod
463 5509 512 5564 si
535 5508 658 5566 duo
688 5511 748 5566 hi
781 5512 1017 5568 numeri
1045 5511 1308 5584 copulati
1336 5510 1571 5578 fuerint,
1604 5511 1928 5569 aliusmodi

262 5597 542 5656 evadent.
580 5599 1037 5673 Copulabuntur
1060 5601 1222 5657 enim
1278 5600 1549 5658 binarius
1595 5605 1653 5658 et
1689 5606 1923 5675 quater-

264 5687 795 5749 nariusnumerus.
826 5694 908 5748 Ac
934 5689 1481 5764 numerusquidem
1493 5706 1567 5749 ex
1590 5691 1933 5764 aequalibus

2045 4521 2194 4578 dum
2234 4524 2414 4578 etiam
2437 4521 2778 4578 Aristoteles
2809 4522 2868 4577 in
2898 4521 3220 4591 Categoriis
3249 4521 3443 4576 docet.
3469 4522 3534 4576 Ut
3555 4519 3708 4576 enim

2046 4612 2300 4668 intensio
2328 4618 2381 4667 et
2399 4612 2671 4668 remissio
2694 4628 2816 4668 non
2843 4612 3073 4667 ratione
3093 4610 3467 4683 quantitatis,
3487 4611 3593 4665 sed
3615 4624 3710 4664 ra-

2048 4703 2206 4758 tione
2230 4701 2531 4773 qualitatis
2561 4701 2741 4757 rebus
2771 4701 3072 4768 accidunt,
3105 4701 3188 4756 ita
3211 4700 3390 4756 etiam
3421 4715 3710 4771 magnum

2047 4797 2104 4848 et
2127 4807 2386 4864 parvum
2404 4807 2525 4847 non
2539 4791 2769 4848 ratione
2781 4791 3130 4864 quantitatis
3151 4789 3590 4862 autqualitatis,
3606 4788 3712 4844 sed

2045 4883 2276 4940 ratione
2305 4881 2611 4939 relationis
2639 4882 2821 4938 rebus
2861 4881 3162 4938 accidunt.
3233 4885 3307 4937 At
3361 4879 3712 4952 quantitatis

2046 4973 2280 5046 aequale
2301 4977 2356 5029 et
2381 4972 2679 5046 inaequale
2706 4973 3024 5046 proprium
3053 4976 3160 5028 est.
3195 4973 3258 5026 In
3287 4969 3418 5026 aliis
3466 4985 3713 5043 quoque

2047 5063 2227 5119 rebus
2259 5062 2741 5119 animadvertere
2765 5063 2964 5134 possis
2984 5061 3386 5117 iutensionem
3417 5064 3474 5116 et
3500 5059 3713 5115 remis-

2049 5153 2278 5208 sionem
2313 5167 2444 5208 esse
2474 5151 2796 5225 qualitatis,
2833 5151 3065 5224 aequale
3117 5165 3261 5206 vero
3311 5154 3366 5206 et
3416 5148 3714 5222 inaequale

2049 5259 2286 5314 semper
2316 5242 2394 5298 ad
2421 5243 2818 5314 quantitatem
2851 5241 3168 5313 pertinere.
3210 5241 3409 5306 Quare
3441 5239 3714 5296 senarius

2049 5337 2106 5388 et
2131 5332 2414 5387 denarius
2432 5347 2722 5387 numerus
2749 5336 2886 5386 sunt
2907 5329 3235 5402 inaequales
3257 5345 3331 5384 ex
3359 5329 3714 5400 quantitate,

2049 5420 2370 5478 dissimiles
2401 5437 2542 5477 vero
2565 5425 2703 5478 sunt
2754 5437 2827 5477 ex
2883 5419 3193 5494 qualitate.
3254 5421 3339 5474 Ac
3402 5418 3717 5475 odoriferte

2049 5511 2357 5584 qualitatis
2389 5511 2580 5569 multa
2651 5527 2873 5582 genera
2920 5510 3176 5583 reperire
3237 5509 3432 5583 possis
3484 5509 3720 5566 intensa

2051 5607 2106 5659 et
2135 5603 2393 5660 remissa
2415 5618 2488 5658 ex
2517 5601 2827 5675 qualitate,
2860 5600 3119 5674 aequalia
3139 5615 3283 5657 vero
3313 5603 3370 5656 et
3398 5598 3720 5672 inaequalia

2048 5707 2121 5752 ex
2159 5692 2517 5765 quantitate.
2546 5692 2688 5760 Quis
2712 5696 2918 5751 autem
2955 5695 3272 5766 comparat
3318 5690 3478 5750 inter
3525 5705 3590 5748 se
3617 5688 3722 5747 illa
