4444 6452
765 425 892 477 1331

2292 411 2644 468 ADDENDA.

4046 419 4188 472 1332

788 548 985 616 μάτων.
1020 539 1206 602 Οὐδεὶς
1249 545 1349 614 γάρ
1402 541 1563 614 ἐρωτᾷ
1615 541 1662 592 ἐν
1715 550 1786 611 τῷ
1849 547 2084 612 τριγώνῳ
2127 548 2198 608 τῷ
2239 534 2390 607 δείνῳ
2449 539 2496 590 Α
2554 555 2640 586 και
2668 539 3003 609 έπιφάσνειαν
3027 559 3116 591 και
3158 544 3381 611 στερεόν.
3445 544 3627 592 Σκόπει
3672 536 3731 591 δὲ
3783 542 3841 590 τὸ
3884 535 4158 610 διάφορον,

786 632 969 702 λευκῷ,
1002 638 1173 689 πόσην
1204 634 1264 682 οἷν
1323 633 1422 701 ἔχη
1487 636 1580 686 τὴν
1641 630 1926 686 λευκότητα
1980 631 2004 678 6
2064 628 2221 678 αὐτου
2275 624 2390 676 ἐπι-

789 723 970 793 φάνεια
993 723 1196 791 πρὸςτὸ
1232 716 1378 770 δεῖνα
1423 739 1434 750 ·
1489 722 1546 769 τό
1605 721 1707 790 ’γάρ
1759 722 1920 770 ποσόν
1969 725 2156 769 ποσοῦ.
2207 718 2275 766 T6
2332 709 2390 764 δὲ

787 811 1062 882 λευκότερα
1113 812 1298 860 τούτου
1356 808 1386 865 ἦ
1443 807 1634 859 ἐκείνου
1714 815 1804 859 τοῦ
1859 813 2109 879 τριγώνου
2182 806 2211 861 ἠ
2278 802 2389 854 ἐπι-

789 903 968 971 φάνεια
1003 897 1306 956 ἐπιτάσεως.
1333 905 1434 956 Τῆς
1481 902 1756 958 ποιότητος
1800 904 1925 966 γοῦν
1982 898 2010 952 ἡ
2065 894 2317 967 ἐρώτησις
2374 913 2386 924 ο

789 989 958 1047 ἄνεσις
996 989 1095 1058 κάρ
1117 992 1206 1037 καὶ
1239 985 1477 1046 ἐπίτασις
1529 994 1620 1036 τοῦ
1662 993 1833 1039 ποιοῦ.
1903 988 2025 1058 Περὶ
2078 980 2136 1034 δὲ
2186 991 2284 1033 τῶν
2342 980 2390 1032 ὲν

790 1078 994 1151 ἀριθμῷ
1023 1080 1310 1132 ποιοτήτων
1347 1079 1568 1147 εἴρηται.

859 1166 925 1236 γ’.
983 1164 1277 1235 Ἒγνωσται
1330 1160 1387 1215 δὲ
1440 1169 1530 1214 καὶ
1584 1171 1752 1214 ποσοῦ
1796 1166 1854 1213 1'6
1915 1170 2024 1213 ῖσον
2075 1161 2144 1220 εἰς
2202 1160 2393 1218 αὐτοὺς

788 1260 874 1306 καὶ
925 1258 982 1305 τό
1026 1253 1226 1312 ἄνισον,
1258 1256 1507 1312 ὡσαύτως
1538 1257 1627 1303 καὶ
1657 1260 1755 1302 τῶν
1803 1251 1851 1302 ἐν
1901 1259 1973 1320 τῷ
2023 1257 2228 1321 στερεῷ,
2286 1257 2384 1300 τῶν

791 1339 1092 1414 δὲμονάδων
1131 1347 1221 1392 καὶ
1280 1350 1372 1392 τοῦ
1439 1341 1544 1403 ἐνὸς
1601 1347 1690 1392 καὶ
1734 1349 1826 1400 τῆς
1891 1348 2141 1412 γραμμῆς
2193 1357 2247 1389 τε
2302 1357 2391 1387 και

791 1431 1088 1502 ἐπιφανείας
1119 1429 1282 1490 οὑτως
1310 1435 1516 1499 γνωστὴ
1571 1433 1599 1488 ἠ
1658 1433 1747 1500 μεν
1806 1431 1964 1494 μονάς
2026 1446 2392 1499 καταχρηστι-

789 1529 893 1577 κῶς
930 1519 1132 1589 λέγεται
1167 1539 1251 1568 και
1287 1521 1354 1571 ἔν.
1390 1519 1541 1570 Ἐστι
1574 1515 1632 1569 δε
1685 1523 1874 1589 κυρίως
1942 1519 2102 1587 μονάς
2153 1518 2183 1572 ὴ
2231 1521 2388 1574 νοητὴ

790 1628 880 1658 και
912 1611 1053 1666 εκτός
1079 1607 1172 1664 ὕλη
1186 1628 1224 1671 ς,
1251 1608 1313 1668 ἧς
1341 1603 1506 1666 οὐδείς
1533 1607 1592 1656 ἄν
1636 1607 1856 1676 ὲζετάση
1915 1612 2109 1656 ποσοῡν
2167 1624 2178 1635 ·
2240 1602 2391 1664 ἆὺλος

789 1698 888 1769 γάρ
918 1696 1208 1760 οὗσα,πῷς
1239 1699 1287 1746 εν
1319 1696 1483 1766 ἐκείνη
1542 1714 1703 1746 ποσόν
1753 1712 1766 1760 ;
1820 1700 1978 1764 Χυμα
2032 1700 2155 1762 γοῦν
2212 1695 2389 1748 νοητὸν

791 1788 846 1836 εκ
906 1787 1099 1844 ταύτης
1148 1782 1370 1856 ἀπείρων
1414 1780 1676 1854 μονάδων,
1734 1787 1948 1854 σχέσεις
2008 1777 2066 1832 δὲ
2116 1799 2242 1840 τινες
2297 1799 2386 1830 και

795 1869 1102 1944 συνδεσμοί,
1155 1872 1208 1934 ἐξ
1263 1872 1328 1922 ὧν
1381 1875 1439 1922 τὸ
1503 1869 1845 1944 διωρισμένον
1913 1877 2045 1924 ποσό
2105 1872 2286 1943 εὑρέθη
2343 1887 2395 1920 τε

791 1982 882 2013 και
913 1958 1197 2033 διώρισται
1232 1984 1243 1994 ·
1273 1965 1435 2012 ποσὸν
1475 1965 1564 2032 μεν
1632 1967 1680 2013 έν
1751 1961 1993 2033 ἀριθμοῖς
2051 1958 2394 2034 διωρισμένον

795 2050 1088 2116 συνέϐη,αἰ
1149 2055 1365 2122 σχέσεις
1438 2047 1497 2102 δέ
1554 2071 1643 2101 και
1691 2051 1892 2112 ἑνωσεις
1947 2071 2037 2102 και
2076 2053 2123 2101 οἱ
2182 2068 2395 2120 σχημα-

792 2144 1158 2211 τισμοίτοῡτο
1207 2135 1428 2192 ἔδωκαν.
1493 2142 1805 2213 Εὑρίσκεται
1869 2137 1926 2192 δε
1981 2159 2069 2190 και
2118 2143 2165 2190 ἐν
2220 2138 2397 2197 αὐτοῖς

791 2229 942 2280 τοῦτο
977 2250 989 2260 ·
1017 2231 1070 2279 αἱ
1144 2231 1232 2300 μὲν
1278 2231 1379 2301 γάρ
1436 2229 1689 2286 αἰσθηταί
1735 2226 1953 2300 μονάδες
2000 2228 2148 2279 ἄλλον
2207 2231 2397 2298 ἔχουσι

791 2319 962 2389 λόγον,
994 2318 1150 2370 αὗται
1185 2316 1242 2370 δέ
1271 2318 1420 2369 ἄλλον
1451 2340 1462 2350 ·
1498 2324 1545 2370 ἐν
1585 2322 1686 2392 γάρ
1719 2326 1833 2379 ταῖς
1865 2319 2144 2378 αἰσθηταῖς
2207 2319 2396 2388 μονάσι

789 2428 880 2458 και
905 2415 1020 2468 ταῖς
1053 2415 1263 2469 νοηταῖς
1303 2427 1392 2459 και
1422 2413 1665 2459 κοινωνία
1711 2428 1800 2459 και
1862 2404 2109 2482 διαφορά,
2167 2406 2245 2458 ὃτι
2293 2408 2395 2478 γάρ

791 2499 817 2548 6
848 2499 1128 2571 τριάκοντα
1177 2495 1231 2559 ἓξ
1275 2500 1591 2570 τετράγωνος
1623 2495 1839 2569 ἀριθμὸς
1869 2517 1958 2548 και
2004 2501 2052 2548 ἐν
2113 2496 2205 2568 ὕλῃ
2269 2497 2397 2547 θεω-

790 2588 1033 2660 ρούμενος
1074 2591 1285 2658 στερεός
1314 2590 1476 2651 ἐστιν,
1519 2589 1590 2648 ὡς
1636 2606 1726 2637 και
1773 2592 1822 2638 ἐν
1875 2591 1946 2658 μὴ
1995 2586 2089 2643 ὗλη
2141 2585 2327 2646 ἀληθές
2382 2605 2394 2616 °

791 2676 983 2746 ἔχουσι
1041 2672 1101 2727 δε
1137 2679 1227 2726 καὶ
1284 2677 1332 2726 οἱ
1382 2675 1536 2747 ἄμφω
1594 2695 1683 2727 και
1742 2680 1970 2747 στιγμὴν
2021 2695 2107 2726 κατ
2149 2678 2398 2748 ’γραμμὴν

765 2893 900 2949 quae
931 2893 1053 2933 non
1087 2884 1228 2934 sunt
1257 2879 1531 2950 ejusdem
1576 2878 1806 2947 formae,
1858 2879 1965 2934 sed
2015 2877 2254 2933 alterius
2306 2878 2334 2932 ?
2364 2879 2428 2933 Et

766 2982 1122 3037 sycomorca
1142 2983 1332 3039 parva
1351 2968 1652 3036 dicuntur,
1677 2969 1939 3040 itemque
1961 2968 2196 3039 palmes
2231 2967 2428 3036 major

766 3056 1000 3111 dicitur.
1030 3058 1224 3122 Quare
1256 3057 1472 3113 eodem
1492 3062 1762 3129 tempore
1791 3057 2001 3112 eadem
2054 3073 2148 3112 res
2201 3071 2427 3125 magna

765 3146 875 3200 erit
903 3151 955 3201 et
979 3162 1166 3218 parva
1189 3153 1245 3202 et
1274 3147 1386 3202 sibi
1417 3147 1715 3202 contraria
1745 3147 1897 3218 ipsa,
1947 3147 2113 3219 quod
2153 3161 2298 3201 sane
2321 3145 2425 3200 ﬁe-

2554 627 2633 675 ὀτι
2664 627 2688 676 6
2750 630 2798 678 έν
2851 628 2944 698 ὕλη
3004 630 3348 700 θεωρούμενος
3394 649 3483 680 και
3533 627 3868 699 ἀναλυόμενος
3921 631 3986 678 τά
4037 632 4164 701 τρία

2554 714 2668 782 ἔχει
2697 721 2811 774 τοῖς
2831 719 3038 787 μέρεσιν
3073 720 3160 767 ’ἔν
3191 720 3293 790 γάρ
3349 721 3407 768 τὸ
3459 721 3507 769 εν
3561 718 3831 775 αἰσθητοῖς
3890 717 3918 773 η
3980 718 4162 783 μονάς,

2552 804 2610 851 τό
2644 799 2702 853 δὲ
2732 803 2780 854 ἓν
2814 806 2926 874 ἔχει
2954 807 3018 857 τά
3046 811 3243 877 πέρατα
3271 809 3330 858 τὸ
3365 827 3398 857 α
3429 805 3464 878 β
3494 827 3548 876 γ,
3609 825 3698 857 και
3759 807 3889 877 ὁμοῦ
3949 801 4007 856 δε
4052 811 4167 864 τοῖς

2553 893 2732 960 μέρεσι
2756 892 3018 958 συνελθὸν,
3047 893 3159 964 ἔχει
3197 895 3344 946 πάλιν
3367 898 3425 946 τὸ
3493 915 3526 945 α
3589 892 3624 966 β
3682 915 3739 964 γ,
3789 913 3878 944 και
3931 895 3962 950 ἡ
4033 892 4166 963 λαμ-

2553 976 2804 1049 ϐανομένη
2846 984 3032 1032 τούτου
3065 983 3169 1033 οἷον
3194 988 3410 1054 γραμμὴ
3452 982 3567 1052 ἔχει
3601 986 3658 1033 1'6
3717 1002 3751 1032 α
3808 980 3844 1052 β
3889 1001 3921 1051 γ
3969 985 4015 1032 ἐν
4053 981 4166 1039 τοῖς

2555 1062 2912 1139 διωρισμένως
2940 1075 3185 1140 κειμένοις
3209 1090 3448 1142 σημειοις
3479 1073 3607 1128 αὐτῆ
3623 1093 3663 1139 ς,
3709 1090 3798 1120 και
3856 1071 3886 1126 ἠ
3951 1071 4168 1120 τεθεῖσα

2554 1159 2822 1225 ἐπιφανεια
2844 1161 2928 1208 τὸν
2959 1160 3113 1210 αὐτόν
3161 1165 3348 1231 τρόπον
3414 1165 3476 1211 ἐπ
3540 1165 3624 1211 επί
3684 1161 3888 1210 ἐκάστὼ
3959 1162 4167 1228 σημείῳ

2555 1241 2668 1313 ἔχει
2698 1250 2754 1295 τό
2786 1265 2818 1295 α
2841 1244 2876 1316 β
2907 1267 2961 1316 γ,
2991 1267 3080 1298 και
3120 1247 3231 1299 ὅλον
3258 1252 3315 1299 τό
3346 1253 3548 1320 στερεόν
3589 1249 3702 1318 ἔχει
3743 1252 3802 1298 τό
3833 1267 3894 1303 ,α
3951 1244 3986 1318 β
4054 1267 4087 1316 7
4150 1267 4162 1276 ·

2555 1330 2736 1390 ἐπειδὴ
2769 1338 2866 1407 γὰρ
2901 1334 2948 1386 ἐν
2985 1336 3080 1408 ὕλη
3113 1341 3293 1408 μονὰς,
3317 1340 3365 1388 ἓν
3411 1343 3571 1408 ἐστιν,
3631 1340 3695 1396 ὡς
3744 1356 3834 1387 και
3884 1339 4026 1388 θέων
4072 1354 4168 1385 και

2557 1420 2768 1472 Πλάτων
2835 1444 2924 1474 και
2971 1427 3280 1498 Πυθαγόρας
3341 1424 3531 1497 βοῶσι.
3588 1433 3656 1478 To
3718 1422 3777 1478 δὲ
3829 1428 3879 1476 ἕν
3933 1423 4048 1494 ἔχει
4108 1429 4168 1474 τό

2555 1530 2587 1559 α
2620 1508 2655 1580 β
2686 1531 2718 1579 γ
2752 1514 2878 1562 εζναι
2909 1512 3028 1581 ὕλη,
3064 1512 3166 1587 ἆρα
3208 1534 3362 1586 μόνας
3429 1514 3542 1586 ἔχει
3590 1520 3646 1566 τό
3709 1534 3742 1564 α
3791 1512 3826 1584 β
3884 1534 3942 1583 7,
3999 1521 4170 1563 ταυτα

2559 1594 2617 1648 δὲ
2643 1619 2732 1650 και
2757 1609 2828 1670 τῷ
2857 1611 3064 1674 στερεῷ,
3121 1623 3208 1654 και
3268 1612 3329 1675 τῇ
3391 1608 3678 1675 ἐπιφανείᾳ,
3746 1623 3836 1654 και
3880 1611 3940 1673 τῇ
3992 1622 4170 1676 γραμ-

2555 1695 2769 1757 μῇ,και
2818 1699 2890 1759 τῷ
2950 1697 3149 1762 σημείῳ
3201 1696 3350 1744 κοινά
3406 1714 3418 1726 ο
3477 1689 3600 1744 οὐδὲ
3658 1694 3759 1765 γάρ
3813 1693 3939 1763 ὑπερ
3998 1698 4172 1741 ταῦτα

2557 1774 2674 1828 οὐδ’
2709 1779 2808 1830 ὑπό
2855 1789 3039 1846 ταῦτα,
3100 1783 3246 1856 ἔτερα
3301 1787 3502 1857 πέρατα
3547 1781 3641 1834 κᾶν
3699 1786 3819 1833 ὅσον
3871 1782 3976 1832 οἷον
4035 1799 4089 1831 τε
4134 1780 4167 1836 ἦ

2558 1885 2615 1916 το
2647 1873 2836 1936 ποσὴν,
2865 1875 2922 1920 τό
2946 1867 2996 1922 δ’
3017 1870 3139 1922 ἄλλο
3169 1876 3355 1922 τούτου
3389 1893 3400 1904 ·
3454 1871 3626 1942 ἐκείνῳ
3678 1873 3742 1922 τά
3796 1873 3966 1922 πάντα
4016 1871 4172 1919 κοινά

2560 1953 2680 2028 ἄτερ
2708 1966 2799 2007 του
2826 1963 2874 2009 έν
2904 1965 3108 2031 μορίοις
3163 1969 3272 2022 τοῖς
3316 1960 3623 2031 ελαχίστοις
3675 1957 3952 2031 διαφόρου.
4029 1957 4171 2010 Πλά-

2559 2062 2647 2104 τος
2671 2047 2771 2120 ’γάρ
2799 2066 2887 2098 και
2934 2056 3103 2120 μῆκος
3149 2069 3238 2100 και
3298 2048 3463 2122 βάθος
3515 2069 3604 2100 και
3661 2053 3877 2120 γραμμὴ
3921 2068 4011 2098 και
4059 2051 4170 2098 ἑπι-

2561 2135 2760 2204 φάνεια,
2785 2155 2932 2188 κοινα
2961 2146 3023 2208 τῇ
3062 2140 3354 2208 ὁμοιότητι.
3386 2138 3540 2201 Τάξει
3564 2135 3621 2190 δε
3659 2138 3791 2195 πλὴν
3823 2157 3911 2188 και
3965 2142 4168 2199 νοήσει,

2560 2221 2670 2273 οὗθ’
2704 2224 2797 2281 ὕλη
2833 2222 2912 2293 δε,
2940 2225 3044 2277 ἀλλ’
3079 2224 3200 2278 αὐδ⁹
3233 2226 3387 2278 ἁῡλία
3415 2249 3427 2260 ο
3471 2234 3530 2279 τό
3559 2230 3648 2299 μὲν
3696 2230 3796 2301 γάρ
3859 2226 4052 2292 ἔνυλον,
4109 2229 4173 2276 τό

2563 2307 2622 2363 δὲ
2651 2312 2826 2382 ἄυλον,
2861 2321 3063 2386 σημείῳ
3096 2313 3155 2368 δε
3187 2316 3244 2368 οὐ
3275 2321 3420 2375 κοινὴ
3453 2319 3482 2374 ἡ
3517 2318 3756 2388 ὁμοιότης
3797 2315 3965 2366 αὐτῶν
4015 2336 4027 2346 -
4075 2321 4174 2364 τοῦ

2560 2403 2650 2471 μὲν
2675 2405 2776 2474 γάρ
2806 2402 2912 2465 ἑνός
2939 2408 2997 2455 τό
3032 2412 3244 2477 σημεῖον
3271 2409 3339 2467 ὡς
3369 2406 3417 2458 ἓν
3449 2405 3562 2477 ἔχει
3592 2410 3650 2456 τό
3679 2425 3712 2455 α
3768 2402 3803 2476 β
3830 2425 3862 2474 γ
3915 2425 3928 2436 ⁸

2560 2493 2661 2564 γάρ
2689 2491 2822 2543 τόὲν
2857 2514 2869 2525 ·
2903 2497 2962 2544 τό
3017 2490 3076 2545 δέ
3143 2493 3421 2566 ἀσώματον
3481 2499 3532 2546 ὅν
3593 2490 3913 2546 ἀδιάστατον
3968 2494 4174 2552 πάντη,

3990 2402 4174 2453 ὑλικόν

2561 2583 2719 2652 μονάς
2742 2577 2776 2633 δ
2780 2586 2801 2634 ξ
2830 2590 2982 2634 τοῦτο
3016 2604 3029 2615 υ
3059 2583 3172 2635 οὒτε
3196 2586 3296 2656 γάρ
3321 2592 3382 2656 τῇ
3415 2587 3602 2655 σχέσει
3631 2585 3716 2635 ὅτε
3746 2582 3804 2634 οὐ
3835 2586 3928 2633 σὺν
3997 2581 4175 2640 ἀλλοις

2563 2669 2939 2745 ἀπαριθμεῖται
2958 2677 3017 2723 τό
3052 2692 3086 2724 α
3127 2671 3225 2745 βγ
3255 2675 3390 2745 ἔχει,
3446 2676 3562 2725 οὔτε
3616 2676 3686 2735 ὡς
3740 2679 3834 2724 τοῦ
3891 2671 4065 2744 ἐτέρου
4109 2689 4174 2721 το

2535 2881 2678 2938 dam
2711 2889 2917 2940 suntet
2936 2885 3348 2956 copulationes
3365 2901 3436 2940 ex
3448 2884 3669 2958 quibus
3690 2885 3952 2940 discreta
3999 2897 4199 2954 quan-

2535 2972 2670 3027 titas
2704 2979 2874 3029 eruta
2904 2979 2993 3029 est
3043 2981 3100 3030 et
3155 2991 3441 3047 expressa
3499 2992 3512 3029 :
3586 2989 3729 3029 nam
3799 2973 4198 3045 quantitatem

2536 3061 2856 3118 discretam
2889 3062 2950 3117 in
2981 3063 3399 3118 numerisinde
3420 3062 3740 3131 habemus,
3771 3077 3955 3134 quam
3981 3059 4201 3115 habili-

2537 3155 2705 3216 tates,
2742 3151 3154 3224 copulationes
3212 3157 3268 3208 et
3305 3152 3696 3224 ﬁgurationes
3760 3155 4201 3223 propagarunt.

764 3235 812 3290 ri
848 3235 1012 3290 nullo
1044 3237 1228 3290 modo
1261 3241 1468 3307 potest.
1501 3238 1640 3300 Quae
1668 3236 1849 3301 igitur
1907 3235 1984 3291 ad
2036 3241 2339 3305 gustatum
2371 3240 2428 3290 et
2459 3227 2501 3284 C
2539 3242 2602 3293 ln
2640 3239 2734 3294 his
2773 3241 2932 3295 enim
2956 3239 3215 3296 discreta
3251 3241 3557 3312 quantitas
3594 3240 3904 3311 reperitur.
3930 3237 4204 3292 Unitates

765 3324 968 3378 visum
1001 3326 1317 3396 pertinent,
1348 3341 1568 3398 nempe
1607 3326 1883 3394 dulcedo,
1918 3326 2172 3395 salsedo,
2242 3325 2425 3392 calor,

767 3412 974 3482 frigus,
1013 3413 1252 3485 albedo,
1298 3415 1549 3486 nigredo
1585 3415 2039 3487 ;itemquequaa
2055 3415 2132 3470 ad
2151 3414 2428 3470 auditum

767 3509 823 3557 et
854 3507 1076 3557 tactum
1109 3503 1429 3574 pertinent,
1493 3520 1776 3576 asperum
1841 3510 1896 3559 et
1952 3504 2116 3570 leve;
2169 3503 2429 3575 denique

767 3608 903 3663 quae
943 3592 1022 3647 ad
1045 3592 1386 3658 odoratum,
1423 3593 1825 3663 graveolentia
1854 3599 1910 3649 et
1942 3593 2341 3658 beneolentia,
2374 3597 2430 3647 et

765 3682 983 3737 horum
1017 3683 1286 3737 omnium
1333 3683 1555 3751 media,
1615 3683 2060 3738 evidentissime
2110 3688 2167 3738 et
2219 3682 2430 3755 procul

768 3771 935 3825 omni
969 3771 1156 3826 dubio
1195 3771 1517 3843 qualitates
1544 3788 1675 3827 esse
1707 3776 2031 3827 cernuntur
2061 3777 2118 3827 et
2156 3772 2423 3842 judican.

769 3865 882 3914 tur.
919 3860 1438 3933 Consimiliterque
1467 3861 1566 3916 illa
1580 3877 1717 3933 quae
1748 3860 1824 3915 ad
1844 3861 2073 3916 colores
2113 3862 2426 3933 pertinent.

768 3951 956 4004 Nemo
994 3949 1154 4004 enim
1183 3951 1511 4018 interrogat
1548 3950 1623 4005 de
1659 3951 1772 4005 hoc
1827 3950 1921 4004 vel
1973 3949 2073 4005 illo
2131 3950 2431 4018 triangulo

768 4043 1060 4108 quantam
1094 4038 1436 4094 albedinem
1466 4040 1654 4111 ipsius
1682 4039 2026 4111 superﬁcies
2052 4039 2272 4096 habeat
2294 4056 2429 4096 cum

769 4127 950 4199 hujus
963 4128 1056 4183 vel
1069 4128 1224 4183 illius
1241 4130 1516 4199 trianguli
1534 4129 1847 4201 superﬁcie
1879 4135 2230 4201 comparata
2253 4146 2264 4193 ;
2291 4146 2431 4185 nam

769 4223 1066 4288 quantum
1097 4218 1174 4272 ad
1202 4219 1601 4291 quantitatem
1656 4218 1927 4290 pertinet.
1985 4225 2054 4273 At
2087 4235 2225 4273 cum
2249 4219 2432 4289 hujus

771 4306 1051 4376 trianguli
1079 4307 1458 4378 superﬁciem
1483 4308 1638 4362 illius
1680 4307 1995 4378 superﬁcie
2018 4308 2212 4378 magis
2230 4307 2433 4364 albam

772 4410 900 4449 esse
930 4395 1206 4461 dicimus,
1230 4396 1344 4451 hoc
1377 4397 1574 4469 ipsum
1610 4403 1701 4451 est
1742 4397 2111 4451 intensionis.
2175 4400 2251 4452 De
2281 4415 2433 4469 qua-

770 4484 932 4539 litate
964 4484 1143 4553 igitur
1181 4486 1565 4555 interrogatio
1604 4487 1928 4542 instituitur
1985 4487 2129 4558 quia
2181 4487 2434 4542 intensio

772 4579 829 4628 et
858 4575 1133 4630 remissio
1160 4581 1299 4630 sunt
1325 4576 1655 4647 qualitatis.
1686 4581 1874 4648 Atque
1903 4576 2030 4631 haec
2065 4577 2140 4632 de
2179 4577 2434 4649 qualita-

773 4662 935 4718 tibus
966 4679 1102 4734 quae
1137 4671 1278 4719 sunt
1305 4665 1362 4719 in
1391 4665 1656 4719 numeris
1679 4665 1841 4719 dicta
1865 4671 2023 4720 sunt.

845 4756 898 4807 3.
925 4752 1106 4807 Porro
1133 4753 1482 4824 quantitatis
1510 4753 1821 4826 aequalitas
1868 4760 1926 4809 et
1968 4755 2344 4826 inaequalitas
2372 4755 2433 4810 in

773 4841 918 4912 ipsis
943 4842 1211 4897 numeris
1234 4843 1552 4914 perspicua
1583 4850 1672 4898 est
1706 4861 1718 4898 :
1747 4843 2082 4916 eodemque
2141 4845 2325 4899 modo
2372 4845 2431 4898 in

775 4929 978 4985 solidis
1006 4931 1261 5002 alicujus
1293 4933 1560 4987 numeris
1604 4932 1904 4988 Unitatum
1955 4938 2176 4998 autem,
2233 4933 2430 4999 unius,

771 5021 964 5093 lineae,
994 5029 1050 5078 et
1076 5022 1389 5093 superﬁcie
1416 5023 1729 5096 aequalitas
1761 5028 1817 5078 et
1868 5024 2243 5096 inaequalitas
2272 5025 2434 5079 hunc

773 5113 832 5168 in
865 5112 1118 5167 modum
1154 5114 1442 5182 cognosci
1469 5119 1683 5186 potest.
1715 5117 1798 5168 Ac
1853 5115 2050 5168 unitas
2109 5114 2354 5186 quidem
2379 5120 2437 5170 et

776 5219 964 5257 unum
996 5218 1118 5258 non
1148 5203 1386 5274 proprie
1415 5209 1784 5275 usurpantur
1807 5209 1869 5259 ut
1892 5204 2054 5259 idem
2077 5203 2430 5272 signiﬁcent.

775 5293 976 5348 Unitas
1006 5299 1205 5348 autem
1241 5293 1482 5364 proprie
1511 5299 1598 5348 est
1617 5293 1735 5358 illa,
1759 5309 1895 5366 quae
1927 5293 2056 5348 sola
2083 5298 2281 5349 mente
2305 5310 2433 5366 per-

772 5383 887 5453 cipi
927 5387 1140 5453 potest,
1175 5389 1383 5455 estque
1423 5388 1590 5438 extra
1643 5382 1954 5438 materiam
1987 5383 2158 5453 cujus
2194 5385 2434 5454 quanti-

769 5478 955 5532 tatem
986 5489 1167 5528 nemo
1217 5473 1406 5544 possit
1469 5473 1897 5544 pervestigare.
1953 5475 2097 5527 Cum
2145 5474 2304 5528 enim
2364 5475 2436 5529 sit

771 5563 1035 5619 materiae
1075 5579 1288 5635 expers
1317 5607 1330 5631 ,
1356 5563 1668 5636 quomodo
1688 5563 1971 5634 suscipiet
1991 5564 2387 5635 quantitatem
2408 5566 2435 5620 ?

771 5657 922 5724 Ergo
934 5653 1546 5714 ﬂumeninﬁnitarum
1563 5653 1881 5718 unitatum,
1906 5653 2072 5725 quod
2096 5653 2224 5710 sola
2237 5660 2433 5710 mente

766 5743 994 5827 percipi
1004 5748 1218 5817 potest,
1235 5744 1314 5801 ab
1324 5744 1438 5800 hac
1455 5743 1590 5824 ipsa
1602 5759 1889 5811 manans,
1905 5742 2247 5802 habilitates
2267 5760 2434 5817 quaa-

2537 3328 2694 3384 enim
2737 3345 2874 3400 quae
2907 3329 3020 3384 sub
3059 3346 3304 3385 sensum
3344 3329 3756 3385 caduntaliam
3777 3327 4004 3383 habent
4026 3326 4198 3381 ratio-

2537 3433 2696 3472 nem.
2741 3420 2838 3472 Hae
2875 3434 3017 3474 vero
3039 3419 3296 3474 unitates
3335 3435 3471 3491 quae
3491 3418 3618 3474 sola
3636 3422 3833 3473 mente
3860 3415 4205 3489 percipiun-

2538 3511 2652 3574 tur,
2685 3507 2866 3562 aliam
2899 3523 3144 3580 quoque
3175 3507 3401 3564 habent
3427 3509 3721 3564 rationem
3767 3525 3780 3574 ;
3809 3521 3952 3561 nam
3986 3505 4047 3559 in
4071 3504 4204 3559 uni-

2536 3595 2757 3649 ta'tibus
2771 3601 2892 3651 tam
2906 3612 3043 3668 quae
3059 3597 3173 3651 sub
3189 3613 3432 3652 sensum
3452 3596 3874 3667 caduntquam
3901 3609 4041 3665 quae
4083 3593 4204 3646 sub

2537 3683 2900 3740 intellectum
2923 3691 3014 3741 est
3035 3687 3365 3742 communio
3379 3685 3799 3741 etdiﬂ'erentia.
3819 3687 4025 3739 Verum
4050 3683 4204 3736 enim

2537 3781 2626 3829 est
2650 3775 2888 3844 triginta
2929 3792 3050 3842 sex,
3088 3777 3454 3849 quadratum
3487 3791 3832 3840 numerum,
3865 3775 3988 3829 sive
4006 3777 4206 3827 mate-

2537 3864 2627 3919 ria
2658 3863 3069 3920 consideretur
3090 3866 3212 3920 sive
3236 3870 3404 3921 extra
3425 3865 3762 3927 materiam,
3783 3879 3916 3919 esse
3941 3861 4209 3916 solidum

2541 3969 2882 4008 numerum.
2919 3955 3112 4026 Atque
3144 3955 3328 4010 ambo
3363 3954 3916 4025 habentpunctum,
3956 3951 4210 4016 lineam,

2543 4042 2922 4113 superﬁciem
2936 4049 2992 4098 et
3003 4043 3382 4099 soliditatem.
3393 4043 3506 4100 Sed
3529 4041 3844 4098 considera
3856 4040 4213 4095 discrimen.

2544 4131 2716 4196 Quod
2763 4131 3047 4186 nimirum
3090 4132 3183 4186 ille
3249 4130 3585 4204 quadratus
3644 4146 3956 4198 numerus,
4001 4128 4107 4200 qui
4154 4128 4214 4183 in

2544 4220 2794 4274 materia
2833 4220 3250 4280 consideratur
3289 4227 3343 4276 et
3369 4222 3427 4276 in
3461 4221 3773 4276 materiam
3835 4217 4212 4284 dissolvitur,

2543 4309 2654 4364 tria
2692 4309 2914 4364 habeat
2944 4309 3253 4365 intervalla
3309 4327 3445 4365 cum
3505 4309 3779 4382 partibus
3841 4306 4211 4374 materiatis;

2543 4414 2686 4452 nam
2731 4399 2928 4453 unitas
2954 4406 3045 4454 est
3075 4415 3264 4454 unum
3300 4407 3645 4455 concretum
3681 4402 3982 4470 quatenus
4006 4396 4215 4450 unitas

2542 4488 2604 4542 in
2643 4487 2820 4542 rebus
2873 4488 2990 4543 sub
3048 4505 3293 4544 sensum
3361 4487 3716 4543 cadentibus
3769 4485 4210 4542 consideratur.

2544 4585 2720 4633 Porro
2751 4593 2938 4633 unum
2967 4577 3149 4634 habet
3179 4583 3297 4632 tres
3330 4578 3616 4633 terminos
3645 4593 3748 4632 seu
3786 4581 3903 4631 tres
3943 4574 4099 4628 ﬁnes
4148 4589 4209 4640 α,

2545 4668 2598 4735 b,
2613 4684 2671 4738 c,
2692 4673 2870 4738 atque
2884 4667 2992 4722 hoc
3007 4683 3196 4722 unum
3211 4684 3347 4723 cum
3364 4666 3634 4739 partibus
3647 4663 4213 4732 concretum,habet

2540 4772 2748 4812 rursus
2760 4773 2796 4810 υ.
2825 4757 2858 4811 b
2871 4772 2920 4812 c.
2940 4756 3200 4827 Ethujus
3215 4757 3391 4811 unius
3406 4755 3663 4811 concreti
3679 4759 3910 4825 sumpta
3922 4751 4213 4824 qumlibet

2539 4846 2699 4901 linea
2727 4846 2910 4901 liabet
2933 4861 2991 4914 α,
3017 4846 3070 4912 b,
3105 4861 3155 4912 c,
3196 4845 3379 4918 idque
3401 4845 3460 4900 in
3484 4844 3722 4917 punctis
3754 4842 3897 4915 ipsis
3925 4841 4211 4896 distincte

2541 4935 2770 5008 positis.
2799 4937 2864 4990 Et
2893 4935 3094 5007 posita
3124 4934 3472 5007 superﬁcies
3503 4932 3718 4989 eodem
3749 4931 3934 4987 modo
3965 4931 4026 4985 in
4056 4945 4210 4985 uno-

2541 5041 2785 5098 quoque
2820 5031 3042 5096 puncto
3085 5023 3268 5080 habet
3322 5039 3380 5093 a,
3450 5024 3505 5090 b,
3549 5039 3581 5080 c
3614 5041 3627 5092 ;
3656 5029 3713 5079 et
3771 5026 3963 5078 totum
4031 5019 4213 5076 deni-

2541 5131 2660 5187 que
2691 5114 2952 5169 solidum
2979 5113 3163 5170 habet
3192 5129 3249 5180 a,
3285 5115 3339 5184 ὁ,
3368 5131 3419 5169 ο.
3449 5113 3750 5180 Quoniam
3782 5116 3978 5167 autem
4004 5110 4213 5164 unitas

2544 5206 2711 5260 estin
2743 5205 3012 5269 materia,
3047 5221 3236 5260 unum
3277 5211 3364 5260 est
3415 5209 3788 5264 concretum.
3852 5205 3917 5255 ut
3975 5200 4209 5261 Theon,

2544 5294 2728 5363 Plato,
2756 5299 2810 5348 et
2850 5293 3222 5366 Pythagoras
3252 5293 3408 5349 clare
3446 5293 3683 5348 docent.
3743 5293 3938 5346 Unum
3998 5294 4213 5344 autem

2543 5385 2688 5456 quia
2728 5390 2815 5439 est
2844 5383 3224 5438 materiatum
3279 5383 3461 5438 habet
3495 5397 3554 5446 a,
3585 5382 3636 5451 ὁ,
3664 5397 3731 5447 c;
3802 5380 4000 5435 unitas
4061 5393 4213 5447 ergo

2543 5480 2820 5529 concreta
2859 5473 3041 5529 habet
3065 5473 3245 5528 etiam
3286 5489 3344 5542 a,
3374 5473 3428 5535 ὁ,
3455 5488 3486 5528 c
3514 5485 3535 5541 ,'
3612 5477 3793 5542 atque
3845 5469 3972 5523 haec
4030 5466 4213 5522 solidi

2545 5563 2878 5634 superﬁcie,
2909 5562 3099 5626 lineae,
3132 5561 3559 5633 etpunctisunt
3579 5558 3946 5615 communia.
4001 5559 4214 5628 Neque

2541 5653 2702 5708 enim
2743 5668 2926 5725 supra
2950 5658 3054 5708 aut
3084 5651 3238 5707 infra
3266 5656 3406 5706 sunt
3432 5650 3529 5706 alii
3559 5648 3821 5714 termini,
3891 5662 3996 5702 seu
4028 5648 4214 5712 ﬁnes,

2538 5746 3082 5822 quantumcunque
3093 5741 3581 5815 etqualecunque
3605 5738 3892 5811 sitipsum
3903 5741 4218 5812 quantum
