4444 6452
252 456 388 508 1333

1121 436 1477 494 THEODORI
1521 436 1563 489 11
1606 430 1741 484 1MP.
1784 426 1871 478 DE
1913 422 2368 479 COMMUNIONE
2407 426 2791 484 NATURALI.

3534 436 3668 488 1334

250 580 297 629 ἓν
328 580 383 627 τὸ
442 594 475 625 α
524 571 558 643 β
607 592 639 641 7
705 572 753 620 ἓν
797 567 908 619 ἐστι
964 568 1178 616 τούτων’
1240 562 1392 613 ciuica
1444 560 1566 632 γάρ·
1629 555 1761 603 ὥστε
1810 552 1897 598 καὶ
1929 552 2102 600 Ατων
2133 549 2246 598 κατ’
2326 551 2516 602 ἀνεσιν·
2573 557 2719 604 κοινά
2758 558 2859 625 γὰρ
2910 558 2974 604 tu
3026 559 3241 619 πέοατα,
3301 554 3542 616 ἐπίτασις
3609 554 3674 609 0'“;

1814 637 1831 643 -
2090 642 2093 643 ,
2191 638 2200 643 ,
3088 611 3096 627 ι

248 665 295 716 ἐν
361 663 597 735 ἀριθμοῖς
657 655 748 710 διὰ
794 675 944 707 τοντο
995 659 1090 725 μία
1173 654 1201 708 η
1268 655 1515 723 στέρησις
1578 664 1669 695 τον
1723 660 1755 690 u
1804 637 1896 709 ‘37

246 763 340 815 τῆς
379 757 582 823 πρώτης
646 742 873 819 μονάδος
922 740 1016 795 διὰ
1067 746 1124 793 τὸ
1184 740 1337 792 ἄυλον
1480 732 1603 788 οὐδε
1659 730 1898 785 ἐπίτασις

244 842 515 911 ἑπινοηθῇ,
551 833 673 889 οὐδὲ
726 837 921 898 ἄνεσις,
978 836 1282 901 πανταχοσε
1338 824 1396 878 δὲ
1449 825 1595 875 κοινὰ
1646 821 1712 869 τα
1742 814 1897 887 αβγ

243 932 367 997 εἰσὶ,
433 928 527 980 κᾶν
575 946 628 978 τε
686 926 734 976 ἐν
788 923 906 994 iulg,
957 922 1051 972 κᾶν
1094 938 1149 970 τε
1196 917 1244 969 ἐν
1305 915 1476 985 ἀυλία,
1537 909 1788 981 δέχονται
1842 900 1900 954 δε

240 1026 329 1072 καὶ
357 1019 490 1071 αὖτά
519 1016 576 1068 οὐ
633 1016 768 1065 κατά
816 1015 975 1063 ποσὸν
1033 1014 1125 1065 την
1182 1007 1420 1057 ἐπίτασιν
1474 1004 1501 1059 η
1560 1005 1652 1056 την
1708 996 1899 1055 ἄνεσιν,

241 1109 367 1160 ἁ).λά
386 1110 520 1159 κατά
550 1109 606 1157 τὸ
667 1106 836 1169 ποιὸν,
870 1105 937 1162 ὡς
980 1104 1068 1150 καὶ
1119 1100 1252 1148 κατά
1298 1099 1357 1145 τὸ
1406 1096 1567 1143 ποσόν
1620 1092 1675 1139 τὸ
1725 1085 1901 1135 ἄνισον

240 1204 329 1251 καὶ
359 1202 415 1250 τὸ
443 1198 577 1261 ἴσον,
634 1191 719 1245 διὸ
777 1200 867 1243 τοῦ
917 1209 1005 1262 μεν
1055 1187 1101 1238 ἐν
1165 1187 1256 1258 ὕλη
1311 1184 1603 1255 ἀριθμητου
1644 1178 1750 1237 ἐνὸς
1815 1179 1903 1225 καὶ

245 1293 273 1347 ἡ
338 1289 577 1346 σύνθεσις
653 1288 743 1334 καὶ
796 1284 825 1338 ἡ
884 1278 1143 1352 διαίρεσις
1201 1281 1290 1327 καὶ
1339 1276 1363 1325 ὸ
1411 1267 1906 1335 πολλαπὶασιασμὸς

246 1382 331 1428 καὶ
385 1374 546 1427 τᾶλλα
595 1368 878 1441 ἰδιώματα,
940 1367 997 1417 οὐ
1061 1368 1119 1415 τὸ
1192 1366 1239 1414 ἓν
1290 1370 1381 1419 τῆς
1434 1358 1561 1419 ὓλης
1610 1354 1903 1423 ἀποστερεῖ.

244 1464 415 1516 Ὅπου
450 1459 498 1514 δ’
531 1460 649 1527 ὑλη,
709 1458 813 1509 ἐκεῖ
858 1460 944 1506 καὶ
995 1459 1053 1505 τὸ
1110 1473 1142 1503 α
1209 1450 1243 1522 β
1284 1472 1335 1520 γ,
1380 1448 1473 1499 κᾶν
1531 1445 1576 1496 ἐν
1645 1443 1766 1513 ὅλῳ,
1813 1439 1906 1490 κᾶν

248 1555 297 1606 ἐν
363 1558 545 1624 μορίῳ,
604 1558 664 1607 τῆ
728 1544 785 1598 ὃε
835 1550 963 1617 μονη
1023 1537 1215 1614 μονάδι
1265 1540 1356 1590 οὐκ
1401 1541 1510 1588 ἔστι
1569 1536 1627 1585 τὸ
1677 1552 1710 1582 α
1768 1528 1801 1600 β
1851 1549 1904 1599 γ,

249 1644 404 1696 Ἐπὰν
467 1636 525 1691 δὲ
598 1641 723 1710 πρὸς
819 1629 1188 1702 συνδυασμοὺς
1250 1634 1339 1678 καὶ
1386 1626 1652 1681 συνθέσεις
1703 1625 1909 1673 κεκινῆ-

252 1733 375 1783 σθαι
418 1738 597 1786 νοῆται
642 1730 701 1778 τὸ
753 1727 822 1792 ἓν,
884 1730 955 1791 τῷ
1025 1718 1319 1771 συνε)θοντι
1365 1716 1569 1783 πάσχει
1632 1712 1721 1760 καὶ
1783 1706 1910 1761 αὐτη

250 1826 495 1891 σχήματι
547 1818 732 1883 πάθος,
816 1817 873 1865 τὸ
931 1811 1232 1882 μετρεῖσθαι
1301 1813 1471 1869 ποσῷ,
1534 1805 1624 1852 καὶ
1680 1798 1912 1849 νοεῖσθαι

253 1916 405 1977 ποιῷ.
435 1905 598 1956 Ὠστε
626 1905 743 1954 οὔτε
781 1900 828 1951 ἐν
885 1906 1072 1966 νοητῷ,
1135 1894 1360 1965 ἀριθμῷ,
1423 1893 1535 1941 οὔτε
1579 1886 1625 1937 ἐν
1677 1885 1913 1951 αἰσθητῷ
1956 1906 1995 1958 Β

247 2006 319 2067 τῷ
378 2002 526 2062 ποσῴ
596 1991 836 2048 ἐπίτασις
908 1984 1182 2057 συμϐαίνει
1264 1985 1353 2031 καὶ
1413 1978 1605 2041 ἄνεσις,
1664 1972 1791 2024 ἀλλά
1841 1979 1911 2040 τῷ

244 2094 398 2155 ποιῷ·
430 2079 611 2138 ἐπειδὴ
663 2084 751 2131 καὶ
843 2079 1043 2147 θατεροι
1109 2074 1208 2124 ὑπὸ
1252 2078 1351 2122 τῶν
1407 2088 1439 2119 α
1486 2065 1521 2138 β
1579 2086 1612 2135 ’γ
1661 2068 1915 2135 περατοῦν

248 2195 334 2227 ται
393 2174 648 2246 περάτων,
708 2168 803 2218 κάν
879 2166 928 2216 ἐν
988 2164 1143 2222 ὅλοις,
1222 2159 1315 2211 κᾶν
1369 2156 1417 2209 ἐν
1507 2158 1731 2227 μορίοις,
1796 2150 1916 2220 ἄτερ

250 2272 343 2324 τῆς
397 2279 608 2335 πρωτης
654 2262 741 2309 καὶ
787 2251 1112 2307 ἀδιαστάτου
1194 2244 1441 2321 μονάδος.
1499 2242 1578 2296 Ἐν
1636 2244 1736 2312 γὰρ
1804 2245 1918 2297 τοῖς

250 2359 449 2410 νοητοῖς
480 2349 721 2422 ἀριθμοῖς
761 2348 1034 2397 καὶαχαὶ
1094 2340 1128 2413 β
1185 2344 1275 2391 καὶ
1333 2358 1386 2407 γ,
1445 2338 1501 2386 τὸ
1564 2329 1614 2384 δ’
1643 2331 1769 2383 αὐτὸ
1828 2332 1919 2379 καὶ

251 2450 361 2504 τοῖς
397 2440 671 2500 αἰσθητοῖς
720 2436 839 2510 ἆτερ
890 2441 981 2492 τῆς
1040 2427 1368 2481 ἀδιαστάτου
1426 2426 1625 2483 ταύτης
1669 2415 1921 2491 μονάδος,

253 2530 398 2583 κᾶνό
425 2531 517 2601 μὲν
566 2535 665 2579 τῶν
712 2528 843 2576 ῖσων
902 2521 1081 2581 ἄνισος
1141 2517 1249 2569 κοτ’
1303 2515 1562 2583 ἐπίτασιν,
1617 2512 1643 2561 ὁ
1688 2505 1747 2561 δὲ
1801 2509 1919 2559 τού-

254 2821 447 2889 Atque
460 2813 561 2869 alii
578 2825 822 2884 quoque
835 2806 1027 2863 solido
1040 2805 1117 2860 ab
1128 2804 1243 2858 hoc
1266 2800 1365 2856 illa
1380 2798 1587 2855 omnia
1600 2798 1739 2848 sunt
1752 2807 1917 2847 com-

255 2904 465 2962 munia
481 2905 729 2972 excepto
743 2901 801 2953 in
817 2894 1089 2968 partibus
1108 2889 1372 2946 minimis
1385 2884 1727 2942 discrimine
1745 2901 1756 2947 ;
1774 2896 1918 2935 nam

252 2992 526 3054 latitudo,
555 2969 888 3058 longitudo,
946 2980 1219 3043 altitudo,
1277 2977 1538 3041 linea,et
1576 2969 1920 3043 superﬁcies

256 3087 396 3139 sunt
442 3077 829 3135 similitudine
889 3084 1263 3127 communes.
1319 3064 1431 3122 Sed
1462 3064 1507 3117 si
1568 3060 1839 3116 ordinem
1867 3061 1924 3111 et

255 3169 717 3227 intellectionem
764 3169 1019 3235 spectes,
1044 3173 1237 3229 neque
1269 3153 1595 3209 materiatae
1623 3154 1780 3213 sunt,
1814 3162 1922 3201 ne-

2006 657 2129 710 προς
2181 658 2566 713 αρτιοπεριττον
2648 645 3063 715 ἀρτιοπερίττου,
3130 648 3219 693 καὶ
3283 648 3414 716 πρὸς
3460 664 3668 696 πεοιττ-

2007 746 2180 799 αρτιον
2242 735 2623 801 περιτταρτίου.
2685 737 2775 781 καὶ
2844 735 2971 803 πρὸς
3048 731 3224 801 ἄρτιον
3300 731 3504 802 ἀρτίου,
3578 739 3668 786 καὶ

2007 821 2131 888 πρὸς
2212 820 2485 870 ασυνθετον
2547 818 2851 883 ἀσυνθέτου,
2925 824 3013 871 καὶ
3081 823 3249 871 κατα
3289 826 3405 881 τοὺς
3467 822 3669 884 ἄλλους.

2008 913 2170 958 Tauro
2207 902 2264 957 δὲ
2317 908 2374 957 οὐ
2427 914 2739 971 ποσότητος,
2801 907 2927 959 ἀλλά
2986 914 3282 970 ποιότητος.
3346 916 3445 963 Καὶ
3497 920 3672 964 ταυτα

2010 998 2097 1067 μὲν
2148 993 2234 1046 οὖν
2288 996 2397 1047 ἐστι
2437 1006 2535 1047 τὼν
2591 996 2843 1068 ἀριθμῶν,
2912 1006 3011 1048 τὼν
3063 1018 3117 1049 τε
3172 998 3221 1050 ἐν
3295 995 3387 1057 ὖλη
3437 1006 3525 1052 καὶ
3578 1001 3671 1053 ἀυ-

2010 1085 2114 1156 λίᾳ,
2172 1094 2421 1157 γραμμῆς
2487 1082 2544 1137 δὲ
2598 1091 2687 1137 καὶ
2749 1084 3040 1156 ἐπιφανείας
3094 1096 3280 1141 ταυτα.
3326 1087 3383 1140 Ἠ
3434 1094 3523 1161 μὲν
3580 1091 3674 1142 οὖν

2010 1179 2223 1245 γραμμὴ
2300 1177 2474 1233 ἄνισος
2538 1183 2600 1232 τῆ
2670 1174 2936 1246 ἐπιφανείᾳ
3030 1178 3163 1227 κατὰ
3272 1182 3455 1245 ποσὸν,
3541 1180 3669 1240 ἄλλη

2015 1260 2073 1315 δὲ

3030 1178 3163 1227 κατά
3272 1182 3455 1245 ποσὸν,

2170 1268 2258 1315 καὶ
2350 1262 2545 1314 ἀλλοία·
2612 1262 2942 1315 ἀπολείπεται
3028 1267 3130 1337 ’γὰρ
3215 1274 3315 1317 τῶν
3390 1278 3546 1341 τριῶν
3612 1275 3672 1323 τό

2016 1352 2051 1424 β
2096 1373 2149 1423 γ,
2229 1356 2257 1408 ἡ
2343 1348 2390 1403 δ’
2444 1354 2559 1423 ἔχει
2602 1355 2660 1403 τὸ
2708 1372 2740 1402 α
2805 1350 2863 1423 β,
2927 1351 3156 1404 λείπεται
3210 1350 3270 1406 δὲ
3319 1358 3378 1406 τὸ
3432 1377 3482 1427 γ,
3536 1359 3673 1412 ὥστε

2019 1442 2048 1497 ἢ
2134 1445 2222 1511 μεν
2275 1440 2525 1505 εὖςασσων,
2612 1443 2642 1497 ἠ
2723 1436 2780 1491 δὲ
2857 1440 3063 1511 μείξων.
3150 1444 3462 1499 Τεθήτωσαν
3545 1455 3671 1517 γοῦν

2017 1534 2045 1589 ἡ
2114 1552 2146 1583 α
2299 1552 2330 1601 γ
2398 1528 2431 1582 δ
2499 1551 2517 1583 ε
2576 1532 2607 1591 ς
2682 1530 2967 1602 ἐπιφάνεια,
3077 1534 3331 1595 ὡσαύτως
3424 1532 3484 1587 δὲ
3581 1542 3673 1590 καὶ

2019 1626 2047 1677 η
2094 1623 2145 1685 αἳ
2189 1618 2223 1691 β
2287 1641 2319 1689 γ
2380 1617 2413 1671 ὃ
2480 1619 2768 1690 ἐπιφάνεια,
2831 1622 3130 1678 τεθήτωσαν
3181 1618 3240 1673 δὲ
3287 1628 3377 1675 καὶ
3428 1627 3459 1681 ἠ
3511 1624 3671 1699 αβγ

3278 1765 3322 1812 Α

2126 2002 2775 2056 ΑΓ-’ψ-ιθ
3050 1988 3086 2036 Ζ

2121 2305 2772 2397 r|______lA
3029 2305 3168 2397 εχ
3440 2305 3557 2397 /r

2027 2786 2441 2854 remissio,sed
2474 2786 2535 2841 in
2561 2785 2845 2858 qualitate
2877 2803 2890 2839 :
2924 2783 3423 2857 quandoquidem
3445 2784 3681 2855 utrique

2029 2876 2263 2932 numeri
2285 2882 2341 2931 et
2373 2876 2432 2930 hi
2462 2876 2565 2947 qui
2615 2875 2727 2930 sub
2768 2891 3015 2930 sensum
3076 2874 3303 2929 cadunt
3344 2878 3402 2928 et
3452 2872 3535 2928 illi
3578 2872 3684 2945 qui

2031 2972 2227 3021 mente
2250 2965 2657 3037 percipiuntur
2702 2964 2969 3019 terminis
3001 2979 3037 3019 a
3068 2963 3097 3017 ὁ
3128 2979 3158 3017 c
3188 2962 3687 3017 circumscribun-

2032 3064 2128 3111 tur
2156 3063 2211 3110 et
2240 3055 2632 3109 terminantur
2659 3060 2785 3108 tam
2846 3070 2917 3108 ex
2960 3058 3082 3108 toto
3134 3067 3323 3124 quam
3366 3067 3441 3106 ex
3496 3057 3685 3123 parte,

2033 3150 2280 3216 excepta
2306 3144 2502 3214 prima
2528 3142 2749 3198 scilicet
2778 3142 2977 3197 omnis
3001 3140 3295 3197 intervalli
3319 3147 3560 3212 experte
3585 3141 3691 3196 uni

258 3276 377 3332 que
422 3270 669 3329 prorsus
719 3250 987 3308 materiei
1040 3251 1334 3318 expertes.
1398 3244 1517 3297 Hoc
1544 3239 1705 3295 enim
1737 3250 1925 3290 unum
1967 3235 2005 3285 (ὲ
2036 3240 2169 3290 tate.
2206 3232 2377 3297 Quod
2400 3232 2448 3286 si
2470 3232 2605 3303 quis
2635 3232 3032 3286 intensionem
3066 3235 3123 3285 et
3166 3230 3587 3285 remissionem
3612 3229 3691 3285 ab

261 3355 350 3406 est
380 3346 781 3406 materiatum,
834 3338 978 3395 illud
1001 3353 1142 3393 vero
1182 3333 1447 3389 materia
1486 3343 1718 3401 expers.
1744 3330 1814 3380 At
1843 3323 1928 3378 in-

261 3442 486 3513 puncto
538 3436 807 3506 ipsorum
861 3444 985 3484 non
1039 3431 1126 3480 est
1178 3420 1520 3479 communis
1575 3413 1923 3471 similitudo.

264 3534 412 3586 Nam
443 3542 515 3582 ex
541 3521 779 3595 punctis
810 3519 911 3575 illa
941 3533 1075 3590 quae
1108 3519 1248 3570 sunt
1277 3510 1455 3567 unius
1514 3504 1831 3567 materiati,
1866 3506 1932 3557 ut

262 3632 456 3674 unum
483 3613 711 3669 habent
745 3626 803 3675 a,
838 3609 891 3673 b,
921 3624 974 3675 ι’,
1006 3621 1194 3660 unum
1219 3602 1380 3657 enim
1407 3604 1494 3653 est
1526 3594 1929 3651 materiatum.

265 3704 439 3772 Quod
460 3718 602 3759 vero
628 3705 718 3755 est
756 3695 1024 3753 materiei
1081 3707 1294 3763 expers
1335 3703 1457 3743 non
1489 3685 1738 3740 omnino
1773 3685 1934 3736 caret

264 3791 613 3850 intervallis.
649 3791 769 3844 Hoc
794 3790 998 3843 autem
1027 3788 1115 3837 est
1145 3780 1343 3836 unitas
1381 3795 1393 3831 :
1420 3790 1616 3846 neque
1648 3772 1805 3826 enim
1829 3784 1935 3842 per

256 3883 630 3940 habilitatem
649 3877 827 3933 habet
849 3891 906 3940 a,
940 3876 989 3929 b.
1026 3889 1080 3935 c,
1113 3875 1215 3926 aut
1245 3870 1349 3929 ita,
1398 3873 1461 3921 ut
1509 3862 1759 3936 quando
1792 3874 1932 3914 cum

260 3974 390 4030 aliis
408 3972 760 4027 numeratur
808 3965 996 4020 habet
1028 3977 1087 4026 a,
1114 3960 1145 4014 b
1173 3975 1225 4015 ς.
1259 3959 1463 4028 Neque
1524 3955 1583 4007 in
1617 3952 1710 4006 his
1752 3956 1933 4003 mate-

264 4063 366 4118 riei
390 4057 735 4131 expertibus
790 4055 871 4109 ita
922 4066 1113 4107 unum
1160 4053 1270 4113 est,
1333 4052 1396 4099 ut
1480 4041 1628 4097 illud
1657 4038 1821 4112 quod
1851 4040 1941 4091 est

268 4150 513 4209 alterius
545 4162 755 4202 unum.
793 4145 987 4209 Quare
1042 4141 1103 4193 in
1156 4135 1421 4192 numeris
1480 4132 1618 4186 ideo
1682 4126 1939 4202 privatio

273 4240 465 4312 ipsius
493 4255 547 4305 a,
573 4236 626 4305 b,
660 4251 710 4297 ο,
745 4232 1043 4287 duntaxat
1071 4232 1159 4282 est
1211 4225 1423 4297 primae
1485 4220 1727 4275 unitatis
1762 4216 1944 4289 :quia

269 4331 399 4386 haec
427 4327 625 4381 unitas
662 4320 924 4377 materiei
982 4332 1197 4388 expers
1268 4317 1372 4368 est.
1428 4314 1484 4365 In
1544 4323 1668 4380 qua
1696 4306 1943 4378 quidem

276 4418 504 4473 unitate
535 4410 1003 4484 simplicineque
1024 4403 1280 4459 intensio
1306 4415 1502 4470 neque
1524 4396 1797 4451 remissio
1810 4408 1949 4464 pos-

278 4507 353 4561 sit
381 4502 641 4574 concipi.
664 4501 1092 4555 Verumtamen
1115 4504 1482 4564 quocunque
1510 4492 1562 4541 te
1584 4490 1797 4550 vertas,
1827 4484 1951 4536 sive

281 4593 343 4651 in
369 4593 619 4649 materia
650 4589 773 4644 sive
814 4592 978 4641 extra
1033 4581 1368 4647 materiam,
1428 4573 1774 4630 communia
1813 4577 1955 4625 sunt

283 4702 320 4743 a
358 4685 461 4747 bc,
488 4687 667 4752 atque
724 4675 1128 4732 intensionem
1177 4675 1233 4724 et
1284 4665 1703 4723 remissionem
1757 4660 1950 4715 susci-

286 4776 459 4848 piunt
483 4751 606 4827 non
630 4784 701 4823 ex
732 4765 1087 4837 quantitate,
1115 4759 1218 4815 sed
1249 4775 1319 4814 ex
1342 4755 1647 4828 qualitate,
1682 4758 1744 4807 ut
1775 4751 1949 4805 etiam

286 4842 359 4920 ex
380 4859 713 4934 quantitate
728 4852 961 4927 aequale
979 4857 1035 4906 et
1048 4846 1344 4919 inaequale
1365 4843 1716 4915 suscipiunt.
1735 4842 1925 4905 Quam
1938 4869 1955 4879 -

288 4953 497 5010 obrem
543 4945 920 5019 compositio,
976 4939 1193 4996 divisio
1260 4941 1317 4991 et
1370 4934 1501 4991 aliae
1556 4931 1956 5004 proprietates

288 5042 469 5100 unius
499 5041 560 5095 in
586 5035 840 5094 materia
867 5026 1286 5095 numerabilis,
1327 5026 1528 5098 ipsum
1550 5037 1740 5077 unum
1764 5024 1958 5075 mate-

2038 3322 2373 3395 aequalitate
2396 3319 2863 3392 etinaequalitate
2880 3335 3003 3375 non
3025 3319 3348 3387 discernat,
3370 3334 3494 3391 quo
3516 3324 3693 3391 pacto

2039 3412 2321 3472 diximus,
2350 3410 2579 3465 eveniet
2610 3415 2674 3464 ut
2704 3409 2778 3463 de
2801 3409 3041 3463 duobus
3067 3407 3406 3479 aequalibus
3434 3423 3591 3462 unus
3622 3423 3696 3462 ex

2039 3501 2370 3557 intensione
2399 3500 2471 3554 sit
2496 3498 2832 3569 inaequalis,
2876 3498 3024 3553 alter
3060 3513 3203 3553 vero
3225 3513 3299 3553 ex
3318 3496 3696 3552 remissione.

2040 3593 2403 3646 Communes
2434 3589 2593 3643 enim
2622 3592 2759 3641 sunt
2788 3586 3047 3642 termini.
3089 3589 3237 3642 Nam
3262 3590 3328 3642 ut
3356 3585 3535 3642 etiam
3556 3601 3700 3641 con-

2042 3682 2262 3736 cedunt
2280 3679 2383 3751 qui
2412 3682 2630 3733 nostrae
2664 3678 3018 3732 sententiam
3046 3676 3408 3732 contrariam
3438 3680 3699 3746 tuentur,

2043 3775 2129 3825 est
2158 3770 2415 3825 intensio
2441 3768 2501 3823 in
2532 3766 2771 3822 duobus
2798 3767 3066 3821 numeris
3108 3766 3259 3822 inter
3289 3781 3351 3821 se
3380 3780 3703 3837 compara-

2043 3862 2140 3925 tis,
2164 3874 2425 3931 quorum
2457 3863 2705 3927 uterque
2735 3860 2837 3910 aut
2861 3871 2932 3909 ex
2962 3855 3096 3927 pari
3124 3860 3305 3927 atque
3328 3855 3568 3926 impari,
3602 3858 3707 3911 aut

2045 3948 2356 4020 eximpari
2389 3963 2460 4002 ac
2489 3945 2621 4016 pari
2675 3949 2927 4013 constat,
2986 3948 3089 4000 aut
3143 3959 3406 4017 quorum
3454 3948 3706 4015 uterque

2046 4057 2159 4113 par
2188 4045 2298 4107 est,
2328 4044 2431 4094 aut
2488 4042 2735 4108 uterque
2786 4052 2909 4091 non
2954 4035 3346 4107 compositus.
3378 4035 3555 4107 Atqui
3592 4035 3710 4090 hoc

2050 4147 2171 4186 non
2190 4135 2277 4185 est
2301 4128 2673 4202 quantitatis,
2709 4127 2813 4181 sed
2856 4125 3180 4198 qualitatis.
3209 4130 3398 4197 Atque
3423 4125 3556 4180 haec
3582 4124 3712 4197 qui-

2054 4223 2192 4277 dem
2220 4221 2515 4292 pertinent
2540 4218 2618 4273 ad
2646 4232 2934 4273 numeros
2963 4221 3089 4272 tam
3146 4216 3490 4272 materiatos
3520 4230 3710 4288 quam

2056 4310 2319 4367 materiae
2342 4316 2632 4380 expertes,
2656 4307 2919 4377 itemque
2967 4305 3040 4360 ad
3074 4304 3294 4359 lineam
3327 4308 3385 4360 et
3408 4305 3486 4360 ad
3514 4318 3719 4376 super-

2057 4404 2275 4458 ﬁciem.
2302 4403 2435 4455 Esto
2464 4398 2642 4467 igitur
2691 4396 2849 4463 linea
2906 4393 3239 4466 superﬁciei
3286 4393 3600 4465 inaequalis
3647 4409 3719 4449 ex

2061 4492 2413 4565 quantitate.
2440 4491 2587 4543 Nam
2635 4492 2737 4543 aut
2780 4486 3038 4541 demitur
3084 4501 3144 4551 a,
3175 4489 3233 4539 et
3262 4489 3403 4539 tunc
3431 4484 3506 4538 de
3532 4482 3722 4539 tribus

2066 4584 2392 4654 supersunt
2422 4579 2454 4633 b
2481 4594 2511 4633 c
2545 4596 2558 4643 ;
2590 4582 2693 4631 aut
2738 4575 2998 4630 demitur
3044 4589 3094 4639 c,
3150 4580 3207 4629 et
3253 4578 3394 4629 tunc
3418 4573 3493 4629 de
3528 4573 3722 4628 tribus

2067 4674 2389 4743 supersunt
2417 4684 2455 4724 a
2486 4668 2539 4722 b.
2565 4669 2755 4731 Quare
2788 4665 2947 4720 linea
2996 4664 3235 4736 quidem
3258 4668 3350 4721 est
3377 4664 3596 4729 minor,
3627 4679 3726 4720 su-

2064 4760 2337 4834 perﬁcies
2362 4774 2501 4812 vero
2550 4756 2763 4827 major,
2828 4759 3004 4809 sunto
3056 4754 3237 4823 igitur
3264 4769 3303 4810 a
3337 4754 3370 4810 b
3396 4754 3486 4809 cd
3514 4768 3545 4810 e
3568 4754 3609 4823 Γ
3632 4769 3728 4809 su-

2064 4850 2357 4925 perﬁcies,
2391 4846 2607 4904 eodem
2631 4844 2817 4900 modo
2841 4859 2880 4900 a
2921 4844 2954 4899 ὁ
2977 4859 3008 4899 c
3065 4843 3124 4898 d.

293 5134 381 5188 ria
407 5143 532 5185 non
562 5125 844 5198 spoliant,
870 5137 1009 5177 cum
1031 5118 1137 5174 ubi
1167 5121 1259 5172 est
1286 5113 1541 5171 materia
1570 5110 1653 5166 ibi
1676 5110 1856 5165 etiam
1888 5108 1966 5162 sit

293 5237 331 5278 a
358 5221 437 5275 bc
462 5238 475 5285 ;
500 5222 557 5272 et
580 5217 641 5271 in
673 5217 798 5269 toto
819 5216 876 5267 et
904 5211 965 5265 in
1022 5212 1193 5281 parte
1225 5224 1238 5273 ;
1289 5210 1347 5259 at
1402 5201 1612 5257 unitati
1668 5199 1969 5254 duntaxat
2243 5209 2286 5261 Α
2303 5204 2906 5285 Γ--ἿΒ
3085 5228 3123 5279 F

296 5237 331 5278 α
358 5235 390 5275 0
409 5236 437 5273 ε
500 5235 557 5272 ΘΙ
581 5235 641 5271 ΙΠ
674 5235 798 5269 ιοιυ
819 5235 876 5267 ει
904 5235 965 5265 ιιι
1024 5235 1193 5281 parte
1226 5250 1238 5273 ,
1289 5235 1347 5259 αι
1405 5235 1563 5257 uuua
1578 5235 1612 5255 ιι
1668 5235 1969 5254 υιιυιαΔυ-ιν
2243 5235 2286 5261 Π
2862 5235 2906 5254 υ
3113 5235 3123 5240 ,

296 5325 333 5365 α
353 5310 429 5364 bc
449 5322 570 5363 non
600 5305 775 5359 inest.
827 5304 1006 5355 Porro
1056 5312 1195 5352 cum
1243 5292 1590 5361 intelligitur
1637 5289 1839 5343 unitas
1902 5290 1968 5342 ut
2303 5235 2315 5365 1
2843 5235 2854 5365 i
3085 5235 3168 5365 fr
3505 5235 3610 5365 ἸΒ

298 5395 691 5471 progrediens
735 5396 792 5446 et
847 5405 974 5445 sese
1006 5399 1369 5459 promovens
1401 5381 1479 5437 ad
1524 5378 1970 5450 copulationes.

299 5468 440 5545 iunc
471 5484 817 5541 affectiones
848 5479 976 5535 illas
1008 5475 1262 5547 suscipit
1318 5489 1471 5545 quas
1523 5468 1873 5540 compositae
1907 5468 1973 5522 ﬁ-

301 5593 464 5649 gurae
496 5573 796 5644 suscipere
829 5568 1044 5632 solent,
1109 5579 1330 5634 nempe
1361 5567 1425 5616 ut
1454 5557 1787 5631 quantitate
1814 5573 1977 5611 men-

307 5646 539 5723 suretur
569 5668 626 5719 et
660 5660 948 5734 qualitate
995 5654 1378 5724 intelligatur.
1427 5652 1619 5715 Quare
1668 5662 1864 5719 neque
1918 5646 1980 5701 in

307 5770 562 5813 numero
593 5751 692 5807 illo
718 5749 823 5823 qui
873 5752 1073 5803 mente
1109 5744 1242 5800 sola
1290 5740 1635 5814 percipitur,
1692 5753 1885 5808 neque
1921 5737 1983 5791 in

309 5845 643 5921 quantitate
670 5841 785 5897 sub
828 5852 1070 5895 sensum
1130 5834 1382 5891 cadente
1448 5831 1601 5886 inest
1650 5828 1907 5885 intensio
1932 5831 1989 5882 et
