4444 6452
753 403 891 461 i335

748 528 994 602 γραμμὴν
1061 520 1252 597 ὁμοίως

750 618 926 689 ὅτιπερ
996 615 1026 672 ἠ
1103 614 1322 686 γραμμή
1398 608 1633 662 λείπεται
1692 616 1793 662 τῶν
1852 609 1884 664 ϐ
1975 632 2029 683 γ,
2094 614 2124 670 ἡ
2205 608 2264 665 δέ
2319 613 2428 663 im.

752 708 933 779 φάνεια
987 723 1076 758 του
1128 701 1234 765 ἐνὸς
1286 710 1339 772 7'
1390 700 1578 774 μείζων
1648 708 1774 773 γοῦν
1831 703 1862 760 ἠ
1911 700 2180 776 ἐπιφάνεια
2246 705 2425 775 φύσει»

752 799 867 849 ἔστι
917 791 975 848 δὲ
1026 794 1056 852 ὴ
1131 790 1352 845 ἐλάττων
1440 794 1658 863 ’γραμμὴ
1750 791 1940 863 μείζων
2024 797 2113 845 καὶ
2176 792 2421 858 ἐλάττων,

754 885 878 956 ὃπιρ
936 883 1149 936 ἄτοπὸν.
1180 880 1262 935 Ἠ
1314 886 1439 952 γοῦν
1496 899 1530 931 α
1578 877 1614 951 β
1667 881 1922 952 γμείξων
1966 890 2060 943 τῆς
2113 879 2148 955 β
2214 902 2247 953 7
2309 881 2425 933 ὀνο-

755 973 1008 1048 μαζέσθω
1032 979 1155 1043 γοῦν
1185 970 1399 1044 μείζωνο
1433 970 1463 1027 ἦ
1496 965 1554 1021 δὲ
1595 987 1629 1020 α
1673 966 1709 1040 β
1749 990 1782 1042 7
1831 966 1865 1022 δ
1910 969 2142 1023 ἐλάσσων
2192 978 2282 1031 τῆς
2332 969 2423 1047 αβ

755 1085 791 1135 7
824 1059 858 1116 ὃ
889 1081 910 1115 ε
940 1062 991 1124 ζ·
1037 1059 1372 1133 ὀνομαζέσθω
1417 1063 1543 1129 γοῦν
1593 1057 1759 1117 ἐκείνη
1821 1057 2076 1128 ἐλάσσων,
2131 1063 2221 1112 καὶ
2280 1059 2419 1132 εὗρε·

761 1155 979 1211 θήσεται
1009 1152 1038 1209 ἠ
1066 1148 1156 1223 αβ
1186 1171 1221 1221 7
1259 1149 1479 1202 ἐλάττων
1532 1146 1668 1201 οὖσα
1704 1152 1790 1201 xui
1845 1149 2036 1221 μείζων
2112 1148 2161 1202 ἐν
2214 1157 2287 1220 τῷ
2337 1149 2427 1202 αὑ-

759 1249 833 1295 τῶ
912 1242 1112 1313 χρόνῳ.
1164 1239 1305 1291 Ἐπεὶ
1352 1239 1452 1310 ’γάρ
1498 1237 1529 1295 ἡ
1597 1234 1866 1308 ἐπιφάνεια
1910 1239 2101 1310 μείζων
2149 1246 2421 1313 γραμμῆς,

762 1333 875 1384 ἔστι
906 1326 964 1383 δὲ
994 1332 1082 1381 xui
1118 1329 1280 1385 ταύτῃ
1317 1329 1375 1379 τὸ
1408 1323 1520 1383 ἴσον
1557 1333 1645 1382 xui
1686 1325 1863 1379 ἄνισον
1921 1328 2055 1380 κατά
2100 1330 2158 1379 τὸ
2192 1331 2356 1380 ποσὸν
2386 1329 2415 1386 ἠ

764 1415 824 1473 δὲ
847 1422 1063 1492 γραμμὴ
1104 1415 1358 1485 ἐλάσσων,
1383 1418 1617 1493 ὑπάρχει
1649 1413 1707 1470 δὲ
1737 1420 1825 1468 xui
1872 1416 2002 1477 αὐτῆ
2068 1420 2126 1469 τὸ
2179 1414 2288 1470 ἴσον
2336 1421 2424 1470 xui

762 1508 963 1573 ἆῦισον,
999 1508 1255 1579 ’ὑπάρχει
1291 1502 1350 1559 δὲ
1389 1508 1419 1565 ἠ
1467 1526 1501 1559 α
1554 1506 1589 1580 β
1645 1527 1679 1577 7
1728 1507 1875 1564 πάση
1924 1514 2143 1580 γραμμῆ
2211 1507 2419 1579 μείζων,

763 1600 794 1657 ἠ
846 1594 906 1650 δί
954 1616 988 1649 α
1039 1594 1075 1668 β
1122 1616 1157 1668 7
1211 1591 1247 1648 ὃ
1293 1592 1561 1668 ἐπιφάνεια
1608 1597 1787 1656 πάσης
1834 1594 2053 1648 ἐλάττων
2111 1594 2421 1668 ἐπιφανείας,

765 1686 957 1744 ἔστινή
992 1704 1027 1738 α
1067 1682 1103 1757 β
1156 1704 1190 1756 7
1244 1680 1279 1737 δ
1324 1685 1517 1757 μείζων
1578 1693 1673 1747 τῆς
1732 1704 1766 1737 α
1813 1683 1849 1756 β
1879 1689 2019 1755 γκαί
2058 1683 2290 1738 ἐλάσσων
2330 1695 2426 1747 τῆς

766 1794 801 1829 α
837 1773 870 1828 6
913 1794 949 1847 7
1005 1769 1041 1828 δ
1082 1791 1106 1827 ε
1159 1770 1210 1841 ζ,
1253 1776 1342 1827 xui
1378 1775 1529 1827 ἔσται
1582 1772 1631 1827 ἐν
1675 1780 1748 1844 τῷ
1799 1771 1940 1844 αύτῳ
1996 1776 2174 1845 χρόνῳ
2232 1778 2424 1846 μείζων

2259 467 2261 469 λ
2298 392 2638 454 ADDENDA

1351 516 1411 574 δὶ
1489 520 1577 573 καὶ
1668 520 1698 579 ἡ
1788 519 1824 594 β
1890 542 1942 595 7.
1989 519 2322 599 Προεδιίχθη
2367 518 2427 581 δὲ
2463 530 2509 590 Α
2538 522 2627 573 καὶ
2657 517 2876 572 ἓλάττων
2915 522 3000 573 xui
3031 517 3235 573 ἐναντία
3265 519 3398 579 αὐτὴ
3429 519 3609 580 Euan}.
3665 520 3847 596 Τὸγάρ
3893 525 4069 594 μεῖζον
4117 530 4195 595 τῷ

4040 396 4187 457 1336

2538 608 2769 662 ἐλάττονι
2820 609 3039 662 ἐναντίον
3111 612 3176 671 ὡς
3252 609 3616 682 ἀντικείμενον,
3681 616 3906 682 Ὁμοίως
3986 608 4045 665 δὲ
4101 618 4195 665 καὶ

2537 701 2567 758 ἡ
2597 720 2630 753 u
2658 698 2695 772 β
2724 720 2757 771 7
2816 699 2963 752 ἐσται
2996 700 3186 772 μείζων
3233 708 3328 763 τῆς
3383 698 3419 771 β
3484 720 3518 772 7
3566 704 3655 752 xui
3699 702 3877 762 πάσης
3919 711 4193 774 γραμμῆς*

2538 798 2630 853 τῆς
2658 786 2717 842 δί
2765 809 2798 842 α
2853 789 2889 863 β
2928 810 2961 861 7
3014 786 3048 841 δ
3102 788 3317 841 ἐλάττων
3356 793 3445 842 xui
3500 790 3679 851 πάσης
3733 790 4047 863 ἐπιφανείας·
4101 798 4195 845 καὶ

2536 898 2686 933 εσται
2732 878 2862 937 αὐτὴ
2938 877 3119 939 ἑαυτῆς
3184 877 3405 930 ἐλάττων
3489 882 3579 938 xui
3632 878 3822 951 μείζων
3879 878 3950 932 ἐνὶ
3998 890 4191 954 καιρῷ.

2536 967 2786 1028 ὡσαύτως
2823 970 2913 1018 xui
2968 966 3173 1020 ἐναντία
3218 970 3344 1042 πρὸς
3384 966 3591 1025 ἑαυτήν·
3639 966 3859 1020 ἐναντίον
3916 970 4017 1043 γάρ
4076 973 4195 1023 ἔστι

2533 1059 2590 1108 τὸ
2612 1055 2833 1111 ἔλασσον
2882 1062 2954 1126 τῷ
3029 1060 3230 1127 μείζονι
3259 1077 3271 1089 ·
3314 1055 3433 1132 ὅπερ
3489 1055 3700 1123 ἄτοπον,
3728 1056 3883 1109 Ἀλλά
3937 1062 4040 1132 μὴν
4097 1059 4196 1111 οὐχ

2534 1147 2649 1199 ἔστι
2703 1152 2876 1200 τοῦτο.
2925 1151 3043 1209 Πῶς
3083 1148 3183 1220 ’γάρ
3228 1147 3342 1217 ἔχει
3379 1151 3585 1220 χώραν,
3637 1150 3728 1199 καί
3781 1143 3905 1200 οὗδὶ
3957 1146 4197 1210 ἑπίτασίς

2534 1238 2675 1288 ἐστιν
2707 1234 2736 1294 ἣ
2765 1233 2933 1294 ἄνεσις
2959 1233 3006 1287 ἑν
3026 1242 3174 1304 ποσῷ
3227 1252 3241 1301 ς
3278 1237 3354 1287 Τά
3414 1236 3509 1308 θάρ
3566 1240 3946 1308 συγκρινόμενα
4003 1236 4198 1309 ὀφείλει

2533 1329 2675 1397 ἔχειν
2702 1328 2760 1378 τὸ
2818 1322 3094 1398 ὁμοιειδές.
3143 1328 3363 1399 Γραμμὴ
3418 1332 3542 1397 ’γοῦν
3595 1330 3728 1401 πρὴς
3783 1332 4052 1399 γραμμὴν,
4102 1333 4197 1380 xui

2535 1415 2801 1488 ἐπιφάνεια
2860 1434 2991 1490 προς
3056 1414 3383 1487 ἐπιφάνειαν,
3455 1424 3544 1467 xui
3611 1418 3814 1489 στερεὸν
3880 1435 4005 1489 προς
4076 1436 4197 1470 στε-

2532 1524 2645 1581 ρεον
2700 1506 3179 1581 συγκρινεσθωσανο
3237 1524 3327 1556 και
3385 1506 3525 1556 ἔστιν
3580 1504 3629 1556 ἐν
3688 1508 3911 1575 ἐκείνοις,
3972 1506 4016 1558 εἰ
4065 1526 4198 1578 συγ-

2532 1598 2784 1671 κρίνοιντο
2832 1601 2904 1664 τῷ
2979 1596 3236 1665 ποσῷ,τὸ
3308 1590 3420 1646 ἶσον
3465 1597 3554 1645 καί
3620 1592 3822 1661 ἆνισον,
3894 1580 4091 1650 οῧκουν
4140 1592 4194 1651 δ’

2535 1683 2770 1745 ἕπὶτασις
2798 1682 2905 1736 οὖν’
2944 1682 3138 1750 ἄνεσις,
3163 1680 3268 1736 οἷον
3295 1686 3359 1744 ὡς
3380 1685 3463 1735 ἐπὶ
3491 1691 3590 1735 τῶν
3622 1685 3689 1744 ὡς
3717 1680 3800 1735 ἐπί
3856 1680 3989 1743 τῆδι
4052 1704 4203 1761 σχη-

3063 1774 3165 1848 ’γάρ

2535 1779 2734 1848 μάτων·
2807 1780 2956 1845 ποσῷ
3063 1774 3165 1848 γάρ
3262 1768 3354 1828 ἶσα
3419 1776 3509 1826 καί
3578 1770 3755 1824 ἆνισα·
3826 1773 3852 1827 ὁ
3929 1776 4031 1851 γάρ
4083 1779 4210 1851 τρία

1757 2009 1802 2045 ιι
1984 2010 2020 2044 οι
2219 2013 2259 2045 θ.

1752 2152 1789 2187 α
1968 2152 2011 2186 α
2219 2156 2254 2187 α
3235 2116 3268 2148 σι
3485 2112 3521 2151 α
3707 2114 3744 2147 α

1754 2303 1795 2336 α
1966 2302 2006 2336 α
2211 2304 2251 2337 α
3228 2270 3268 2304 α
3484 2267 3523 2304 οι
3706 2264 3744 2301 α

770 2565 844 2629 τῷ
900 2561 1022 2632 τρία
1086 2557 1219 2629 ἶσος,
1278 2570 1351 2635 τῷ
1408 2559 1467 2617 δί
1523 2562 1891 2628 ἐξ“ἆνισος·ὀ
1946 2563 2005 2621 δὲ
2055 2568 2107 2631 ἔξ
2144 2577 2215 2639 τῷ
2245 2568 2298 2631 ἓξ
2326 2569 2436 2629 ἶσος
2476 2569 2515 2623 Β
2546 2571 2686 2620 ἐννέα
2732 2565 2837 2635 σὸἷ,
2894 2578 2968 2640 τῷ
3049 2565 3108 2621 δὲ
3170 2565 3301 2622 δέκα
3356 2571 3555 2640 ἄνισος,
3614 2567 3742 2621 ἀλλά
3794 2571 3883 2620 καί
3943 2575 4016 2637 τῷ
4069 2568 4149 2629 ἐζ’
4196 2571 4223 2619 ὁ

768 2654 841 2719 τῷ
869 2643 928 2701 δὲ
948 2648 1088 2702 ἐννέά
1115 2649 1316 2725 ἄνισος,
1352 2651 1481 2708 ἀλλά
1534 2660 1624 2707 xui
1666 2674 1736 2728 τῳ
1784 2661 1925 2732 ’τρία⁸
1978 2659 2003 2711 ὁ
2053 2654 2112 2711 δὲ
2164 2656 2301 2711 ἐννέη
2358 2666 2427 2729 νῷ

2544 2654 2603 2710 δὲ
2635 2654 2762 2711 δίκα
2789 2655 2862 2729 τῷ
2905 2655 3037 2712 δέκα
3080 2655 3214 2726 ἶσος,
3272 2667 3346 2731 τῷ
3397 2662 3536 2711 ἐννέα
3586 2655 3645 2713 δὲ
3691 2659 3890 2725 ἄνισος,
3944 2656 4075 2710 ἀλλά
4124 2664 4223 2711 καὶ

1552 3002 1586 3033 α
3205 2979 3698 3016 ctua.

2289 3041 2776 3083 αασ.

1484 3114 1651 3145 αα
3200 3114 3694 3159 quot

1331 3316 1789 3352 Quae.
3198 3281 3687 3319 οιαα

1805 3366 1895 3402 ..ὁ

778 3497 914 3586 Esto
972 3544 1010 3587 α
1068 3545 1100 3586 c
1139 3529 1192 3588 d.
1228 3529 1406 3599 linea,
1453 3532 1716 3605 itemque
1772 3533 1805 3588 b
1855 3549 1906 3589 c.
1948 3534 2130 3591 Paulo
2177 3540 2315 3592 ante
2347 3536 2448 3593 de-
2484 3537 2525 3590 C
2562 3534 2747 3591 modo
2770 3535 2877 3591 erit
2935 3534 3047 3591 sibi
3109 3535 3408 3593 contraria

778 3622 1182 3678 monstratum
1204 3624 1291 3676 est
1313 3620 1435 3676 duo
1457 3620 1670 3677 abesse
1688 3638 1723 3678 a
1752 3622 1929 3685 linea,
1953 3640 2170 3697 nempe
2192 3626 2451 3682 latitudi-

781 3726 924 3766 nem
955 3714 1012 3765 et
1038 3708 1434 3779 altitudinem,
1461 3726 1651 3766 unum
1667 3728 1809 3768 vero
1832 3715 2450 3786 asuperticie,nempe

777 3798 1173 3859 altitudinem.
1196 3801 1274 3855 Ex
1292 3815 1415 3871 quo
1432 3799 1818 3871 intelligimus
1842 3810 2058 3858 natura
2075 3806 2450 3877 superﬁciem

775 3888 935 3949 linea
952 3888 1243 3960 majorem
1259 3904 1403 3955 esse,
1420 3889 1641 3945 lineam
1658 3907 1795 3946 vero
1811 3893 2125 3963 superficie
2149 3896 2448 3951 minorem

779 3994 931 4035 esse.
958 3976 1138 4050 Atqui
1158 3977 1371 4033 eadem
1405 3978 1748 4049 superﬁcies
1782 3982 1977 4051 major
2011 3988 2063 4037 et
2091 3982 2287 4038 minor
2318 4001 2450 4040 esse

778 4066 1127 4139 reperietur,
1147 4066 1313 4139 quod
1333 4066 1580 4139 quidem
1604 4068 1935 4125 absurdum
1963 4078 2067 4127 est.
2108 4074 2241 4128 Esto
2273 4073 2451 4142 igitur

780 4171 819 4212 a
852 4158 884 4212 b
905 4155 1108 4212 clinea
1130 4157 1323 4226 major
1355 4156 1587 4212 minore
1622 4162 1653 4211 ί)
1684 4174 1715 4214 c
1747 4158 2201 4232 appelleturque
2229 4166 2444 4233 major.

779 4248 847 4304 Et
874 4246 1220 4319 superﬁcies
1243 4261 1281 4302 a
1313 4246 1346 4301 ὁ
1376 4247 1418 4301 d
1470 4246 1700 4302 minore
1755 4249 2068 4319 superficie
2098 4252 2293 4321 major
2313 4268 2449 4325 quin

776 4340 922 4394 esta
947 4337 979 4393 ὁ
1010 4352 1041 4393 c
1065 4336 1106 4392 d
1127 4337 1245 4406 ef;
1279 4335 1514 4392 dicatur
1552 4353 1694 4407 ergo
1716 4388 1717 4391 η
1740 4355 1942 4394 mmor
1995 4341 2448 4412 (Zomperiemus

778 4442 967 4485 unam
994 4429 1051 4483 et
1080 4426 1377 4481 minorem
1401 4425 1721 4483 lineamab
1749 4428 2007 4484 ceodem
2034 4435 2301 4502 tempore
2322 4449 2448 4488 ma-

770 4518 968 4589 jorem
999 4520 1059 4573 et
1085 4516 1380 4571 minorem
1431 4531 1561 4571 esse
1592 4517 1887 4581 Quoniam
1923 4520 2270 4591 superﬁcies
2291 4521 2448 4578 linea

774 4606 973 4678 major
994 4610 1101 4673 est,
1127 4609 1183 4661 et
1202 4604 1547 4677 superficies
1567 4606 1901 4679 superﬁciei
1924 4608 2174 4681 aequalis
2195 4612 2450 4667 autiuae-

774 4695 973 4768 qualis
995 4712 1068 4751 ex
1080 4696 1413 4768 quantitate
1428 4693 1559 4750 dari
1591 4699 1788 4766 potest
1816 4716 1826 4755 :
1851 4704 2137 4769 praeterea
2154 4701 2447 4772 quoniam

771 4785 937 4843 linea
958 4784 1276 4859 superﬁcie
1324 4784 1526 4841 minor
1579 4790 1710 4842 est:
1767 4785 2016 4843 etlineaa
2057 4787 2215 4845 linea
2237 4804 2448 4864 aequa-

3468 3555 3481 3593 :
3545 3551 3689 3593 nam
3741 3535 3941 3592 minus
3988 3537 4079 3590 est
4106 3549 4244 3589 ma-

2557 3625 2673 3696 jori
2701 3626 3088 3695 contrarium,
3112 3625 3278 3698 quod
3308 3626 3555 3698 quidem
3606 3630 3695 3683 est
3718 3625 4076 3682 absurdum.
4114 3625 4243 3679 Sed

2562 3730 2708 3770 sane
2730 3715 2843 3770 hoc
2876 3730 2997 3770 non
3028 3720 3221 3787 potest
3278 3731 3429 3771 esse.
3465 3715 3782 3781 Quomodo
3809 3715 3969 3770 enim
3991 3713 4241 3769 admitti

2560 3804 2755 3876 possit
2778 3804 2805 3858 ‘?
2828 3808 3027 3877 Neque
3071 3804 3331 3860 intensio
3377 3811 3433 3861 et
3488 3805 3767 3860 remissio
3789 3804 3961 3860 estin
3988 3804 4241 3876 quanti-

2561 3898 2679 3950 tate
2709 3912 2719 3950 :
2756 3910 2901 3950 nam
2926 3911 3060 3967 quae
3079 3901 3509 3967 comparantur
3539 3898 3690 3950 inter
3713 3910 3775 3950 se
3809 3894 4043 3964 generis
4067 3894 4238 3965 ejus-

2560 3983 2699 4038 dem
2726 3984 2877 4039 inter
2907 3999 2968 4039 se
2991 3984 3212 4041 debent
3266 4000 3415 4039 esse.
3468 3986 3645 4040 Linea
3692 4000 3835 4055 ergo
3883 3999 4024 4039 cum
4047 3983 4233 4052 linea,

2561 4074 2904 4145 superﬁcies
2924 4090 3061 4129 cum
3083 4073 3417 4145 superficie,
3441 4073 3704 4129 solidum
3720 4090 3858 4129 cum
3878 4072 4076 4129 solido
4094 4088 4238 4129 con-

2560 4163 2783 4219 feratur
2817 4182 2829 4229 ;
2860 4163 2919 4218 in
2948 4163 3171 4235 quibus
3225 4163 3510 4218 omnibus
3539 4164 3589 4217 si
3613 4178 3685 4218 ex
3715 4162 4051 4235 quantitate
4084 4163 4243 4219 inter

2561 4269 2625 4308 se
2665 4258 3091 4324 comparentur
3146 4253 3299 4309 inest
3359 4252 3672 4325 aequalitas
3717 4257 3773 4308 et
3826 4253 4238 4324 inaaqualitas,

2558 4358 2679 4399 non
2704 4348 2904 4398 autem
2937 4342 3194 4397 intensio
3227 4347 3281 4397 et
3338 4341 3632 4408 remissio,
3667 4346 3726 4397 ut
3752 4341 4009 4413 exempli
4038 4345 4238 4411 gratia

2558 4431 2758 4487 videre
2796 4436 2886 4486 est
2914 4431 2973 4487 iu
3023 4431 3115 4487 his
3160 4432 3369 4499 figuris
3396 4448 3532 4504 qum
3588 4447 3659 4486 ex
3707 4434 4042 4503 quantitate
4095 4439 4242 4488 sunt

2558 4520 2820 4594 aequales
2874 4526 2929 4577 et
3004 4520 3315 4593 inaquales
3384 4536 3529 4576 nam
3587 4511 3845 4576 ternario
3934 4523 4239 4577 ternarius

2500 4675 2507 4683 .
2557 4626 2847 4665 numerus
2867 4614 2954 4664 est
2983 4609 3254 4681 aequalis,
3284 4608 3389 4664 sed
3413 4608 3647 4663 senario
3674 4608 3988 4680 inaequalis
4020 4627 4033 4676 ;
4068 4610 4235 4665 idem

2558 4701 2828 4756 senarius
2877 4701 3112 4755 senario
3202 4700 3305 4754 sed
3375 4699 3649 4771 aequalis,
3745 4701 4078 4755 novenario
4151 4701 4237 4757 in-

2558 4790 2809 4862 aequalis
2849 4795 3028 4862 atque
3080 4789 3259 4845 etiam
3305 4789 3583 4845 ternario.
3637 4788 3803 4843 Idem
3861 4791 4237 4845 novenarius

770 4876 843 4934 lis
872 4875 1003 4934 dari
1038 4881 1248 4949 potest,
1278 4880 1367 4931 est
1389 4881 1593 4933 autem
1610 4876 1805 4949 posita
1834 4876 2046 4935 lineaa
2075 4879 2157 4937 bc
2182 4881 2451 4954 qualibet
2480 4901 2525 4955 ο
2557 4880 2886 4935 novenario
2949 4878 3194 4951 aequalis
3262 4882 3368 4947 est,
3429 4876 3532 4932 sed
3604 4876 3856 4932 denario
3910 4878 4236 4950 inmqualis

769 4964 930 5023 linea
958 4967 1173 5038 major,
1218 4971 1275 5021 et
1305 4980 1342 5022 a
1377 4965 1409 5021 b
1440 4982 1472 5022 ε
1528 4965 1798 5038 qualibet
1860 4969 2175 5040 superficie
2216 4971 2437 5029 minor.

770 5054 1125 5129 Superﬁcics
1184 5071 1328 5125 ergo
1388 5070 1423 5110 α
1446 5057 1478 5108 b
1509 5072 1540 5109 ιι
1601 5056 1641 5110 d
1671 5056 1777 5112 erit
1842 5058 2037 5128 major
2094 5058 2253 5115 linea
2286 5076 2320 5117 a
2353 5062 2385 5115 b
2417 5078 2448 5117 c

770 5145 970 5201 minor
999 5144 1315 5217 superficie
1354 5158 1391 5199 a
1425 5144 1455 5198 ί)
1488 5159 1518 5199 c
1547 5145 1707 5215 def.
1733 5151 1923 5218 Atque
1956 5163 2077 5203 una
2109 5149 2446 5224 eademque

770 5235 1122 5310 superficies
1145 5234 1360 5290 eodem
1392 5238 1663 5307 tempore
1690 5236 1795 5291 erit
1828 5238 2022 5307 major
2050 5243 2105 5295 et
2132 5241 2345 5307 minor,
2376 5258 2446 5298 ac

765 5324 901 5399 ipsa
931 5323 1047 5380 sibi
1073 5323 1375 5380 contraria
1404 5340 1415 5389 ;
1468 5339 1613 5379 nam
1645 5324 1841 5396 majus
1874 5326 2092 5382 minori
2118 5330 2446 5401 opponitur

764 5418 833 5472 ut
862 5414 1254 5471 contrarium.
1288 5418 1369 5469 Ac
1397 5428 1433 5469 a
1485 5413 1517 5467 ἰ)
1545 5429 1576 5468 c
1616 5414 1866 5487 quidem
1926 5415 2086 5473 linea
2110 5418 2215 5474 erit
2248 5419 2445 5491 major

763 5504 924 5563 linea
973 5505 1003 5560 b
1034 5520 1066 5561 c
1086 5508 1143 5561 et
1172 5502 1441 5577 qualibet
1466 5502 1627 5560 linea
1656 5521 1668 5559 :
1698 5504 1897 5561 minor
1938 5522 2080 5563 vero
2128 5508 2443 5580 superficie

764 5611 806 5651 u
838 5595 871 5651 ὁ
896 5611 927 5651 c
958 5595 999 5651 d
1024 5598 1081 5651 et
1109 5592 1378 5668 qualibet
1432 5592 1749 5666 superﬁcie
1798 5611 1811 5650 :
1838 5600 2019 5669 atque
2067 5596 2202 5670 ipsa
2224 5615 2285 5655 se
2319 5616 2439 5657 uno

762 5684 1101 5760 eodemque
1128 5688 1397 5757 tempore
1416 5683 1617 5757 major
1640 5685 1749 5744 erit
1770 5689 1827 5744 et
1854 5685 2073 5757 minor,
2102 5688 2442 5764 eodemque

2559 4974 2738 5043 atque
2767 4969 2945 5025 etiam
2994 4984 3230 5023 senario
3266 4986 3277 5036 ;
3324 4968 3485 5023 idem
3539 4966 3822 5022 denarius
3841 4965 4093 5022 denario
4124 4985 4236 5024 nu-

2558 5076 2725 5117 mero
2745 5058 2994 5131 aequalis
3026 5062 3134 5125 est,
3169 5056 3272 5112 sed
3314 5058 3644 5112 novenario
3678 5055 4020 5128 inaequalis,
4047 5061 4239 5130 atque

2556 5151 2735 5207 etiam
2769 5147 3047 5203 undecim
3076 5162 3328 5202 numero
3362 5165 3373 5198 :
3410 5151 3589 5218 atque
3650 5146 3764 5200 hoc
3801 5144 3862 5199 in
3921 5144 4238 5203 infinitum

2555 5238 2807 5311 produci
2837 5242 3051 5309 potest.
3082 5240 3227 5292 Nam
3248 5233 3707 5306 semperhabita
3725 5232 3975 5305 aequalis
3998 5235 4239 5292 ratione

2554 5327 2851 5400 inaequale
2879 5326 3112 5381 dicitur.
3147 5328 3211 5379 Et
3233 5340 3422 5379 unum
3446 5339 3584 5378 cum
3612 5324 3819 5389 altero,
3838 5326 3901 5377 ut
3933 5337 4240 5393 magnum

2554 5434 2692 5474 cum
2718 5432 2903 5490 parvo
2933 5420 3132 5488 potest
3165 5412 3442 5469 conferri.
3479 5411 3738 5468 Intensio
3764 5426 3906 5467 vero
3933 5415 3988 5466 et
4021 5414 4241 5469 remis-

2554 5507 2642 5563 sio
2674 5507 2731 5562 iu
2764 5506 2908 5579 ipsis
2934 5506 3163 5562 ratione
3195 5502 3499 5576 qualitatis
3556 5501 3757 5557 locum
3816 5499 4067 5556 habent.
4108 5503 4240 5560 Ete-

2552 5598 2678 5654 nim
2700 5597 2814 5654 hac
2843 5595 3148 5653 rationein
3175 5594 3491 5668 superﬁcie
3534 5597 3717 5667 atque
3757 5592 3816 5649 in
3836 5590 3999 5649 linea
4021 5591 4235 5652 locum

2550 5687 2773 5746 habere
2799 5686 3097 5745 videntur.
3124 5686 3271 5742 Sunt
3292 5688 3493 5742 autem
3515 5682 3680 5742 aliud
3720 5688 3901 5756 atque
3931 5680 4107 5739 aliud
4129 5693 4233 5743 ra-
