4444 6452
246 402 382 460 1337

243 533 317 597 τῷ
375 520 577 579 ἕνδεκα.

244 618 344 688 γὰρ
390 618 515 687 πρὸς
548 609 660 665 ἶσόν
716 612 916 683 λέγεται
959 634 971 647 ·
1022 616 1133 670 ἔστι
1182 612 1240 668 δε
1285 619 1417 668 κατά
1471 620 1529 668 τό
1588 618 1763 687 μεῖζον
1819 622 1909 665 καί

245 704 454 760 ἔλαττον
500 702 791 774 λεγόμενον.
873 703 1141 766 Ἐπίτασις
1190 700 1247 757 ὃὶ
1301 710 1391 759 καὶ
1448 706 1624 766 ἄνεσις
1679 706 1909 775 φαίνεται

968 791 1126 853 αὐτῆς
1186 798 1275 847 καὶ
1393 797 1493 867 γὰρ
1618 792 1905 867 ἐπιφάνεια,

245 884 293 941 ἓν
348 878 406 936 δε
433 885 671 955 γραμμὴ,
706 879 828 932 ἄλλο
861 876 915 934 δ’
966 883 1077 933 ἔστι
1108 887 1197 935 καὶ
1227 883 1369 951 ἄλλο,
1428 886 1519 935 καὶ
1560 882 1654 935 ούκ
1692 880 1868 934 ἀλλοία
1892 918 1904 933 .

244 973 274 1030 η
307 978 431 1042 γοῦν
465 969 517 1033 ἐξ
564 979 657 1032 τῆς
705 974 825 1045 τρία
881 969 1117 1025 ἐπιτάσει
1175 974 1234 1025 τὸ
1289 969 1486 1024 ἀλλοῖον
1553 976 1685 1046 ἔχει,
1733 976 1820 1024 καὶ
1874 973 1903 1030 ἠ

245 1058 383 1113 ἐννέα
452 1068 541 1121 τῆς
598 1059 667 1125 ἓξ,
716 1064 805 1112 καὶ
853 1061 882 1118 ἡ
946 1056 1075 1113 δίκα
1127 1070 1223 1124 τῆς
1280 1060 1417 1115 ἐννέα
1471 1063 1500 1121 ἡ
1556 1070 1645 1122 τῆς
1702 1058 1905 1128 ἕνδεκα,

243 1154 520 1213 ποιότητος
543 1145 600 1201 δὲ
621 1153 793 1214 τοῦτο,
834 1148 961 1202 ἀλλά
1000 1146 1067 1209 δὴ
1100 1156 1189 1204 καὶ
1234 1154 1263 1210 ἡ
1300 1155 1390 1211 ῖση
1442 1156 1532 1204 καὶ
1588 1153 1767 1213 ἄνισος
1817 1158 1907 1213 τῆς

244 1258 278 1292 α
324 1238 359 1311 β
413 1260 470 1310 7,
524 1248 615 1299 τῆς
655 1237 763 1310 αβ
815 1259 848 1311 ’γ
918 1234 953 1291 δ
998 1244 1087 1292 καὶ
1140 1239 1175 1313 β
1230 1261 1263 1313 ’γ
1296 1242 1326 1299 η
1366 1239 1465 1313 αβ
1513 1240 1702 1307 εὐθεῖα,
1764 1244 1906 1293 ποιό-

240 1346 357 1386 τητι
415 1324 475 1380 δε
526 1325 702 1379 ἀλλοία
746 1334 837 1388 τῆς
881 1348 913 1379 α
964 1326 999 1400 β
1052 1328 1079 1387 ἡ
1137 1336 1233 1391 τῆς
1287 1328 1355 1453 βδ
1384 1334 1678 1392 ποιότητος.
1734 1336 1907 1404 Γραμο

922 1419 954 1453 Ἰ

922 1419 954 1471 'l

241 1516 344 1580 μῆς
375 1508 477 1581 γὰρ
518 1509 576 1559 τὸ
619 1506 739 1559 εὐθύ
796 1511 885 1559 καὶ
933 1510 1221 1582 περιφερὲς,
1257 1505 1549 1561 ίὸιαίτατον
1602 1528 1658 1561 σε
1713 1511 1909 1571 ταύτης

241 1601 301 1650 τό
357 1595 575 1658 ἀπλατές
626 1617 639 1631 ·
688 1596 743 1659 ὃς
787 1596 881 1649 ούκ
919 1595 967 1649 ἐν
1014 1596 1150 1669 ἄλλῳ
1194 1603 1293 1651 τινὶ
1349 1600 1705 1674 εὑρεθήσεται.
1747 1603 1911 1675 Πέρα-

241 1706 309 1739 τα
362 1683 421 1739 δε
451 1694 548 1749 τῆς
606 1688 697 1758 μεν
732 1684 1025 1759 ἐπιφανείας
1081 1693 1325 1762 γραμμαί
1378 1709 1390 1721 ·
1445 1691 1607 1741 εἶτουν
1660 1691 1717 1741 τό
1773 1710 1806 1741 α
1849 1688 1908 1762 β,

242 1774 337 1828 κᾶν
364 1778 455 1834 ἴση
497 1774 592 1827 κᾶν
632 1777 835 1841 ἄνισος,
866 1774 962 1827 κᾶν
1012 1777 1201 1849 μείζων
1270 1776 1363 1829 κᾶν
1422 1776 1641 1830 ἐλάττων
1676 1799 1687 1811 ·
1744 1798 1911 1851 γραμ-

243 1872 344 1938 μῆς
375 1861 434 1918 δε
463 1870 702 1939 στιγμαί.
745 1864 906 1921 Ὀλου
962 1862 1021 1919 δι
1050 1869 1108 1918 τὸ
1149 1886 1182 1918 α
1236 1865 1272 1939 β
1313 1888 1371 1939 γ,
1428 1867 1522 1919 κάν
1573 1868 1765 1939 μείζων
1817 1868 1910 1920 κᾶν

244 1953 496 2010 ἐλάττων.
528 1954 668 2009 Ἴσοι
696 1963 821 2027 γοῦν
851 1956 876 2007 ὁ
918 1960 1060 2031 τρία,
1086 1961 1176 2009 καὶ
1205 1975 1232 2009 ο
1276 1960 1419 2029 τρία,
1469 1958 1495 2008 6
1552 1956 1604 2020 ἐξ
1624 1961 1714 2009 καὶ
1767 1958 1792 2010 ὁ
1837 1958 1907 2028 ἓξ,

245 2044 271 2097 ὀ
315 2042 456 2097 ἐννέα
492 2048 583 2097 καὶ
627 2046 654 2097 6
702 2045 866 2111 ἐννέα,
912 2046 938 2097 6
988 2041 1119 2098 δέκα
1170 2050 1260 2098 καὶ
1303 2047 1329 2099 6
1387 2042 1519 2099 δέκα
1567 2060 1583 2076 ⁸
1630 2047 1805 2099 ἄνισοι
1852 2043 1913 2117 δὲ

239 2137 366 2208 πρὸς
419 2133 693 2210 ἐκατέρους
758 2136 895 2188 κατά
956 2138 1016 2188 τό
1079 2136 1257 2208 μεῖζον
1314 2140 1404 2189 καὶ
1462 2135 1672 2189 ἔλαττον
1711 2157 1723 2169 ·
1789 2138 1910 2212 ὅπερ

241 2222 381 2276 ἐστὶν
436 2222 549 2277 ἶσον
594 2230 683 2277 καὶ
729 2226 929 2279 οῖνισον.
1006 2230 1106 2279 Καὶ
1192 2226 1247 2277 αἰ
1324 2230 1566 2298 γραμμαὶ
1633 2227 1769 2278 κατά
1826 2229 1911 2278 τὸν

243 2313 399 2365 αὐτόν
460 2312 615 2385 λόγον
672 2312 783 2367 ἶσαι
837 2320 925 2367 καὶ
980 2314 1154 2367 ἄνισοι
1200 2335 1213 2348 ο

244 802 305 857 τῆ
319 814 339 854 ς
413 797 687 853 ποιότητος
796 792 864 856 ἓν,

1266 2317 1401 2367 κατά
1465 2317 1524 2367 τὸ
1575 2315 1754 2387 μεῖζον
1823 2320 1913 2368 καὶ

244 2404 471 2472 ἵλαττον,
536 2406 656 2479 ὅπερ
723 2403 862 2457 ἐστὶν
946 2402 1057 2457 ἶσον
1146 2410 1236 2457 καὶ
1318 2406 1517 2474 ἄνισον,
1594 2403 1777 2457 ἀλλοία
1854 2402 1912 2458 δὲ

243 2500 523 2555 ποιότητος
598 2490 826 2566 διαφορά
890 2493 1180 2567 ἐπιφάνεια,
1243 2498 1377 2547 κατὰ
1432 2498 1592 2547 ταυτό
1680 2491 1738 2548 δε
1824 2500 1913 2547 καὶ

244 2589 485 2659 γραμμή.
546 2584 685 2635 Ἐπεὶ
738 2590 865 2654 γοῦν
914 2589 1004 2635 καὶ
1060 2592 1274 2657 γραμδαῇ
1331 2588 1419 2636 καὶ
1470 2582 1762 2657 ἐπιφανείᾳ,
1822 2589 1912 2637 καὶ

249 2682 440 2748 στερεὼ
487 2678 577 2725 καὶ
637 2671 842 2746 ἀριθμῷ
902 2673 1140 2749 αἰσθητῷ
1191 2693 1245 2726 τε
1292 2679 1381 2727 καὶ
1443 2682 1612 2744 νοητῷ
1672 2679 1913 2733 ποιότητί

250 2762 294 2817 θ’
352 2764 599 2822 ὡσαύτως
644 2766 735 2813 καὶ
820 2766 971 2814 παντὶ
1023 2764 1295 2836 πράγματι
1382 2761 1744 2829 (ἐπακολουθεῖ
1812 2766 1912 2837 γὰρ

245 2853 452 2913 τούτοις
522 2871 611 2902 και
687 2856 896 2913 κίνησις
971 2872 1061 2903 και
1130 2857 1293 2924 φωνὴ,
1357 2851 1538 2914 ἰσότης
1598 2857 1769 2925 μέντοι
1825 2872 1914 2905 και

247 2944 413 3015 φωνὴ)
482 2941 663 3001 ἰσότης
733 2945 909 3013 μέντοι
959 2961 1049 2993 και
1100 2939 1348 3004 ἀνισότης
1388 2944 1524 2995 κατά
1560 2946 1745 3010 ποσὸν,
1794 2942 1913 2996 ἐπί-

1131 399 1486 459 THEODORI
1516 398 1563 457 ΙΙ
1594 400 1733 457 1MP.
1763 398 1854 456 DE
1892 396 2350 457 COMMUNIONE
2397 400 2773 459 NATURALI.

667 526 769 576 Καὶ
833 528 987 576 τοῦτο
1054 542 1189 577 κατα
1224 528 1283 578 τὸ
1331 527 1563 603 ἄπειρον.
1602 527 1671 578 T6
1729 526 1905 577 ἄνισον
1940 526 1985 577 Α
2020 545 2169 586 τασις
2201 521 2259 579 δὲ
2310 546 2399 578 και
2454 527 2629 591 ἄνεσις
2687 528 2820 580 κατά
2848 530 3015 595 ποιόν,
3056 548 3146 582 και
3201 537 3293 583 τοῦ
3337 534 3426 606 μὲν
3476 536 3532 587 τὸ
3581 537 3667 589 ἄλο

3528 412 3665 469 1338

2020 610 2096 677 lo,
2128 610 2301 665 τοῦδε
2340 617 2397 665 τό
2465 612 2681 681 ἀλλοῖον,
2747 616 2857 669 οὔθ’
2915 617 3098 679 ἓνωσις
3144 622 3259 672 οὔτε
3306 621 3667 687 αύτοποσότης

2019 709 2091 773 τῷ
2122 711 2269 773 ποσῷ
2319 704 2556 757 ἐπίτασιν
2590 703 2700 762 dam
2771 707 2800 764 ἡ
2855 707 3049 772 ἄνεσιν,
3098 712 3212 761 οὔτε
3266 714 3359 767 τὴν
3417 718 3669 771 ποιότητα

2021 790 2369 865 ἀποστερήσει
2431 794 2716 857 ἐπιτάσεως
2796 816 2887 848 και
2959 796 3194 865 ἀνέσεως,
3273 801 3393 871 ὅπερ
3443 810 3533 854 τοῦ
3584 802 3671 855 ἀλα

2017 880 2159 934 λοίου
2208 882 2321 935 ἐστί
2378 885 2450 954 (1)
2519 901 2532 939 :
2578 904 2668 937 και
2721 884 2831 938 ἐπεί
2882 888 2912 944 ἡ
2975 885 3210 948 ἐπίτασις
3266 907 3355 941 και
3412 892 3442 948 ἡ
3496 893 3669 952 ἄνεσις

2019 973 2077 1025 ού
2152 982 2244 1025 τον
2320 973 2496 1044 ἄλλου,
2555 974 2681 1027 ἀλλά
2736 984 2828 1029 τοῦ
2904 974 3126 1032 ἀλλοίου.
3195 983 3295 1031 Καί
3348 982 3405 1033 τό
3464 1001 3497 1033 α
3544 981 3579 1056 β
3635 1006 3669 1057 γ

2019 1058 2053 1115 δ
2105 1064 2420 1135 τετράγωνον
2474 1064 2567 1116 ούκ
2620 1067 2724 1141 ἄρα
2771 1064 2895 1118 ἄλλο
2951 1073 3041 1118 τοῦ
3081 1066 3118 1138 ψ
3177 1088 3209 1141 φ
3249 1090 3288 1120 ω
3343 1090 3385 1141 χ
3440 1066 3671 1146 διαφέρει

2019 1148 2077 1205 δε
2132 1161 2279 1223 ποσῷ
2336 1161 2408 1224 τῷ
2466 1153 2629 1227 ἀνίσῳ
2699 1163 2831 1208 ποιῶ
2888 1152 2946 1209 δε
2997 1166 3070 1227 τῷ
3118 1154 3322 1230 ἀλλοίῳ,
3392 1164 3555 1214 εἶτουν
3606 1173 3666 1230 τῇ

2017 1240 2247 1295 ἐπιτάσει
2280 1263 2369 1295 και
2405 1252 2465 1315 τῇ
2526 1243 2712 1307 ἀνέσει,
2791 1245 2885 1298 οὐκ
2938 1246 3060 1298 ἄλλο
3124 1256 3249 1315 γοῦν
3293 1247 3399 1300 ἀλλ’
3473 1251 3651 1305 αλλοῖο·

2791 1245 2885 1298 οὐκ
2938 1246 3060 1298 ἄλλο
3124 1256 3249 1318 γοῦν
3293 1247 3399 1300 ἀλλ’
3473 1251 3671 1305 αλλοῖον

2015 1342 2106 1388 τοῦ
2133 1333 2371 1408 μείζονος
2420 1337 2479 1385 τὸ
2531 1334 2773 1404 ἒλαπτον,
2825 1331 3069 1408 ὁμοειδὴς
3123 1334 3181 1390 δὲ
3237 1358 3327 1391 και
3380 1348 3475 1401 τῆς
3512 1341 3672 1405 αὐτῆς

2021 2307 2205 2372 ούσίας
2243 2329 2332 2362 και
2375 2314 2673 2382 ποιότητος,
2723 2317 2821 2366 Καί
2882 2314 3098 2385 Θυμικὸς
3141 2312 3245 2386 ἄρα
3291 2310 3320 2369 ἡ
3379 2314 3478 2371 πᾶς
3531 2307 3683 2363 ἄλλος

2020 2404 2150 2475 πρός
2207 2404 2294 2453 τὸν
2369 2398 2583 2475 ὁμοειδῆ
2667 2402 2761 2455 ούκ

2025 2510 2103 2543 σει
2172 2511 2263 2542 και
2308 2499 2369 2564 τῇ
2424 2493 2620 2565 ὑφέσει,
2674 2492 2717 2546 εἰ
2788 2489 3043 2565 διαφέρει.
3104 2496 3202 2545 Καί
3236 2488 3456 2562 ἐδείχθη
3523 2496 3687 2541 ταῦτα

2022 2583 2191 2641 καθὼς
2244 2577 2349 2633 ἔδει
2395 2579 2704 2653 δειχθῆναι.
2760 2586 2846 2635 Διὸ
2906 2582 2999 2635 ούκ
3060 2580 3207 2633 ἀλλον
3251 2584 3338 2633 τόν
3384 2582 3602 2652 θυμικὸν
3653 2578 3681 2637 ᾖ

2851 2402 3021 2469 ἄλλος,
3110 2400 3308 2463 ἀλλοῖος
3384 2408 3446 2474 τῇ
3506 2398 3684 2451 ἐπιτά-

2024 2668 2398 2743 ἐπιθυμητικόν
2452 2672 2478 2723 ὀ
2535 2676 2719 2746 κρίνων
2782 2668 3038 2744 διακρινεί
3085 2678 3176 2723 τοῦ
3247 2666 3541 2743 ὀμοειδούς,
3595 2664 3688 2721 διὰ

2022 2765 2114 2819 τὴν
2177 2760 2232 2813 ἐκ
2285 2764 2565 2824 ποιότητος
2609 2760 2783 2813 ἆνεσιν
2840 2763 2868 2821 ἢ
2950 2760 3208 2827 ἐπίτασιν,
3269 2759 3314 2812 εἰ
3367 2767 3440 2829 τῷ
3492 2760 3548 2811 ἐκ
3595 2764 3688 2809 τοῦ

2024 2858 2191 2903 ποσού
2268 2850 2510 2924 ἀπατηοῇ
2574 2855 2672 2923 ἴσῳ
2726 2871 2813 2903 και
2882 2850 3043 2922 ἀνίσῳ
3104 2852 3240 2902 κατά
3300 2850 3516 2909 τούτους
3568 2849 3687 2908 τοὺς

2024 2941 2206 3014 λόγους
2238 2963 2249 2975 ·
2292 2945 2405 3015 ἔχει
2459 2962 2549 2994 και
2596 2944 2697 3016 γὰρ
2749 2940 2937 3017 ἀκριϐῆ
3022 2944 3116 2999 τὴν
3172 2936 3463 3002 ἀπόδειξιν.
3515 2936 3689 2989 Οὕτω·

247 3118 408 3175 tione
455 3118 808 3192 quantitatis
868 3122 924 3175 et
984 3135 1108 3175 non
1168 3118 1508 3176 aliusmodi.
1563 3121 1913 3193 Superﬁcies
1950 3126 1990 3182 C
2031 3125 2227 3178 mente
2247 3121 2591 3193 percipitur,
2618 3119 2885 3193 qualitati
2916 3133 3161 3193 quoque
3190 3122 3369 3190 atque
3391 3116 3544 3173 adeo
3566 3115 3685 3171 eui-

248 3208 428 3278 igitur
459 3224 595 3281 quze
618 3224 720 3264 sex
747 3208 806 3264 in
835 3225 901 3265 se
927 3209 1341 3282 complectitur
1369 3210 1588 3266 additis
1620 3210 1805 3267 tribus
1836 3212 1919 3267 in-

250 3297 513 3353 tenditur
551 3303 607 3354 et
635 3302 1080 3355 commutatur:
1115 3302 1169 3355 et
1224 3315 1443 3355 novem
1505 3301 1920 3372 complectitur

249 3386 469 3443 additis
510 3404 631 3459 sex,
666 3388 995 3444 intenditur
1026 3392 1083 3445 et
1109 3389 1417 3444 dissimilis
1468 3390 1686 3456 evadit,
1740 3394 1919 3446 ltem-

249 3492 365 3549 que
396 3493 531 3549 quie
573 3477 783 3532 decem
843 3478 1257 3550 complectitur
1323 3479 1667 3550 superficies
1703 3480 1921 3535 additis

248 3582 466 3621 novem
499 3574 602 3622 aut
638 3567 915 3622 undecim
959 3566 1267 3622 dissimilis
1300 3568 1521 3623 evadit.
1554 3572 1672 3624 lloc
1720 3574 1920 3625 autem

252 3660 337 3711 est
369 3655 692 3727 qualitatis.
720 3657 893 3728 Atqui
922 3656 1079 3712 linea
1113 3662 1275 3713 recta
1301 3673 1336 3713 α
1370 3658 1401 3713 b
1430 3674 1460 3714 c
1490 3659 1737 3731 :equalis
1762 3666 1849 3715 est
1873 3665 1927 3715 et

249 3744 563 3816 inrequalis
592 3745 762 3800 lineis
788 3761 824 3801 a
874 3747 906 3801 ί)
938 3763 986 3813 c,
1015 3762 1051 3801 a
1103 3746 1133 3801 b
1165 3762 1195 3802 ι’
1227 3747 1286 3814 (l,
1323 3748 1355 3803 ὁ
1387 3764 1417 3803 c
1469 3761 1490 3817 ;
1532 3748 1637 3803 sed
1682 3755 1927 3822 propter

250 3835 600 3908 qualitatem
644 3841 731 3890 est
785 3836 1115 3891 dissimilis.
1177 3840 1326 3892 Nam
1404 3838 1575 3894 lineae
1611 3840 1725 3894 hoc
1786 3856 1925 3911 pro-

250 3925 450 3998 prium
490 3930 577 3981 est
608 3931 668 3981 ut
698 3926 769 3981 sit
801 3932 961 3981 recta
1001 3926 1091 3981 vel
1123 3926 1373 3999 obliqua
1404 3947 1415 3996 ;
1450 3930 1713 3985 maxime
1784 3946 1925 3984 vero

252 4015 585 4086 proprium,
622 4022 683 4071 ut
714 4016 785 4071 sit
820 4016 1150 4071 latitudinis
1190 4032 1404 4088 expers
1444 4035 1455 4072 :
1496 4034 1631 4091 quze
1679 4019 1925 4091 quidem

251 4105 587 4177 proprietas
642 4105 700 4159 in
743 4105 907 4161 nulla
983 4105 1100 4161 alia
1134 4122 1196 4160 re
1246 4108 1487 4179 reperiri
1544 4114 1756 4180 potest.
1798 4112 1929 4165 ’l'er-

253 4194 401 4250 mini
434 4210 576 4249 vero
606 4211 711 4250 seu
760 4195 911 4251 ﬁnes
952 4195 1285 4268 superﬁciei
1315 4204 1452 4253 sunt
1483 4198 1650 4254 lineae
1707 4204 1788 4267 ut,
1831 4216 1925 4255 ex-

2031 3212 2174 3268 libet
2200 3211 2286 3267 rei
2315 3211 2468 3266 inest
2494 3209 2807 3283 aequalitas
2842 3212 2896 3265 et
2924 3207 3300 3281 inaequalitas
3338 3222 3411 3263 ex
3455 3205 3691 3278 quanti-

2032 3305 2170 3371 tate,
2198 3300 2457 3356 intensio
2489 3315 2626 3355 vero
2658 3303 2714 3354 et
2743 3298 3013 3354 remissio
3052 3313 3125 3352 ex
3152 3296 3455 3368 qualitate,
3487 3312 3557 3351 ac
3587 3310 3694 3368 per

2033 3390 2199 3446 illam
2222 3390 2467 3462 quidem
2492 3389 2621 3444 alize
2652 3405 2750 3443 res
2781 3388 3081 3456 dicuntur,
3114 3402 3221 3459 per
3276 3387 3433 3441 hanc
3492 3389 3694 3441 autem

2034 3479 2395 3535 dissimiles:
2445 3484 2600 3533 certe
2654 3494 2850 3550 neque
2904 3477 3067 3543 unio,
3114 3492 3310 3549 neque
3368 3474 3692 3549 quantitas,

2034 3576 2263 3643 quanto
2296 3569 2472 3624 alicui
2512 3569 2912 3624 intensionem
2945 3572 3000 3621 et
3030 3566 3447 3622 remissionem
3478 3564 3645 3620 dabit
3678 3581 3691 3619 :

2034 3675 2229 3731 neque
2269 3674 2475 3713 rursus
2505 3658 2857 3730 qualitatem
2887 3656 3219 3712 intensione
3248 3660 3305 3711 et
3341 3654 3693 3711 remissione

2034 3748 2314 3821 privabit.
2370 3751 2435 3803 Et
2488 3747 2777 3819 quoniam
2830 3746 3089 3801 intensio
3150 3749 3208 3801 et
3248 3744 3520 3800 remissio
3572 3757 3694 3798 non

2038 3838 2202 3893 aliud
2235 3838 2499 3893 efﬁciunt
2532 3836 2637 3891 sed
2666 3835 3203 3891 dissimilitudinem
3239 3834 3516 3891 afferunt.
3540 3834 3697 3899 Qua-

2037 3927 2401 3998 drangulum
2432 3943 2573 3996 ergo
2603 3942 2637 3981 a
2671 3927 2698 3981 b
2728 3942 2757 3982 c
2779 3926 2819 3981 ιι
2844 3942 2965 3981 non
2997 3925 3105 3980 erit
3133 3924 3297 3980 aliud
3327 3940 3362 3979 a
3391 3922 3696 3996 quadran-

2038 4016 2178 4087 gulo
2206 4034 2244 4087 ῃ
2267 4034 2312 4073 .1:
2330 4034 2356 4072 ε
2380 4033 2434 4073 υ.
2460 4017 2738 4072 Different
2763 4020 2959 4071 autem
2987 4015 3137 4071 inter
3163 4031 3226 4069 se
3251 4030 3322 4070 ex
3344 4012 3696 4086 quantitatis

2037 4107 2460 4180 inaequalitate,
2497 4112 2552 4162 et
2583 4108 2629 4162 si
2651 4105 3004 4180 qualitatem
3038 4110 3267 4178 spectes
3292 4120 3365 4159 ex
3395 4102 3698 4160 dissimili-

2039 4198 2263 4261 tudine,
2298 4198 2411 4253 lioc
2443 4201 2530 4251 est
2561 4214 2632 4252 ex
2666 4197 3003 4252 intensione
3027 4200 3082 4251 et
3112 4195 3481 4250 remissione.
3509 4194 3698 4249 Minus

254 4283 429 4356 empti
457 4284 666 4353 gratia,
699 4284 859 4340 linea
902 4300 938 4341 a
974 4286 1027 4351 b,
1061 4288 1344 4358 quamvis
1401 4288 1648 4361 zequalis
1682 4294 1785 4343 aut
1843 4289 1926 4345 in-
1963 4302 2005 4355 ι)
2038 4304 2179 4359 ergo
2213 4287 2578 4357 triangulum
2613 4303 2733 4343 non
2757 4292 2844 4342 est
2868 4286 3029 4342 aliud
3059 4302 3094 4340 a
3122 4285 3370 4355 majore,
3401 4284 3502 4339 sed
3532 4283 3699 4338 dissi-

255 4373 525 4446 zequalis,
572 4374 769 4445 major
822 4381 923 4431 aut
978 4375 1191 4431 minor.
1257 4377 1446 4432 Linea:
1498 4394 1639 4433 vero
1692 4380 1928 4435 termini

256 4469 397 4519 sunt
455 4470 697 4535 puncta.
762 4466 964 4520 Totius
1014 4482 1157 4521 vero
1206 4481 1242 4521 a
1296 4468 1328 4522 Ι)
1395 4484 1446 4535 c,
1504 4467 1617 4523 hoc
1672 4474 1788 4523 tres
1838 4470 1926 4524 di-

256 4553 627 4617 mensiones,
652 4553 776 4609 sive
810 4559 999 4610 totum
1026 4554 1173 4610 illud
1199 4557 1407 4628 majus,
1463 4557 1585 4613 sive
1612 4558 1801 4613 minus
1830 4560 1923 4615 sit.

259 4642 532 4714 Aiqualia
563 4643 742 4714 igitur
767 4648 906 4698 sunt
938 4645 1047 4698 tria
1078 4650 1133 4699 et
1165 4646 1296 4713 tria,
1346 4662 1565 4702 novem
1598 4653 1650 4701 et
1681 4664 1925 4716 novem,

257 4734 466 4788 decem
515 4741 569 4786 et
632 4732 890 4801 decem;
931 4733 1264 4805 inrequales
1329 4742 1526 4790 autem
1590 4744 1728 4791 sunt
1777 4739 1928 4791 inter

257 4838 319 4877 se
369 4839 440 4877 ex
481 4824 731 4893 majoris
779 4828 835 4879 et
882 4824 1130 4879 minoris
1184 4826 1636 4898 comparatione
1690 4844 1702 4881 :
1759 4827 1925 4898 quod

257 4913 499 4985 proprie
567 4912 782 4967 dicitur
861 4930 990 4967 esse
1071 4914 1297 4985 aequale
1348 4920 1401 4969 et
1459 4914 1772 4987 inrequale.
1827 4918 1926 4971 Ea-

258 5003 397 5058 dem
426 5004 652 5059 ratione
683 5003 853 5058 lineze
887 5004 1154 5075 aequales
1207 5009 1263 5059 et
1313 5005 1645 5077 inaequales
1689 5021 1758 5061 ex
1801 5023 1927 5063 nia-

251 5093 399 5165 joris
438 5100 494 5148 et
522 5093 774 5148 minoris
806 5094 1259 5165 comparatione
1291 5094 1571 5149 dicuntur
1598 5112 1749 5150 esse.
1783 5098 1925 5161 Qua:

260 5180 507 5253 quidem
540 5198 682 5236 vera
727 5186 819 5236 est
858 5180 1215 5253 :equalitatis
1264 5188 1320 5237 et
1361 5184 1783 5254 inzequalitatis
1838 5202 1928 5242 ra-

260 5271 363 5326 tio.
413 5270 726 5326 Dissimilis
792 5286 931 5325 vero
989 5270 1204 5324 dicitur
1280 5272 1626 5344 superlicies
1684 5279 1929 5346 prOpter

261 5360 568 5434 qualitatis
624 5359 1040 5416 differentiam.
1105 5360 1449 5433 Eodemque
1509 5362 1692 5417 modo
1748 5363 1923 5420 linea.

266 5452 563 5518 Quoniam
625 5451 805 5521 igitur
882 5450 1074 5517 linere,
1128 5452 1483 5524 superﬁciei,
1546 5453 1757 5521 solido,
1817 5470 1926 5509 nu-

265 5557 433 5599 mero
473 5541 584 5597 sub
638 5556 886 5597 sensum
927 5540 1184 5611 cadenti,
1237 5542 1499 5615 itemque
1540 5559 1791 5599 numero
1824 5544 1927 5616 qui

2038 4378 2196 4433 mile.
2240 4379 2386 4433 Sunt
2440 4384 2638 4432 autem
2692 4376 2867 4430 unius
2912 4377 3142 4439 forma),
3196 4375 3375 4428 unius
3427 4374 3695 4428 essentia)

2038 4475 2089 4525 et
2118 4467 2434 4539 qualitatis.
2472 4467 2799 4521 Iracundus
2824 4467 3000 4535 igitur
3031 4463 3360 4536 etquilibet
3407 4464 3557 4518 alius
3609 4480 3699 4517 ra-

2038 4559 2194 4614 tione
2234 4557 2487 4626 alicujus
2509 4555 2833 4627 qualitatis,
2886 4572 3021 4627 quae
3055 4556 3127 4611 sit
3180 4554 3450 4625 ejusdem
3484 4551 3700 4624 speciei

2036 4652 2420 4719 comparatus
2446 4662 2578 4699 cum
2616 4646 2750 4710 alio,
2787 4661 2906 4699 non
2947 4646 3052 4700 erit
3083 4644 3233 4699 alius
3264 4644 3366 4700 sed
3397 4642 3701 4699 dissimilis

2035 4746 2277 4810 prOpter
2329 4736 2683 4791 intensionis
2739 4742 2794 4789 ct
2856 4734 3225 4790 remissionis
3272 4733 3691 4789 differentiam.

2035 4832 2223 4897 Atque
2262 4826 2389 4881 haec
2415 4824 2828 4880 demonstrata
2859 4828 2996 4879 sunt
3048 4829 3110 4879 ut
3139 4823 3404 4896 oportuit
3447 4822 3702 4878 demon-

2036 4915 2225 4970 strari.
2258 4914 2625 4979 Quambrem
2661 4929 2784 4969 non
2808 4913 2994 4969 alium
3018 4913 3378 4969 iracundum
3403 4916 3507 4969 aut
3536 4912 3699 4985 cupi—

2034 5004 2180 5061 dum
2212 5005 2477 5059 indicare
2500 5003 2680 5058 debet
2706 5003 2924 5076 aliquis
2950 5019 3089 5059 eum
3114 5004 3218 5076 qui
3242 5004 3436 5074 magis
3464 5007 3567 5059 aut
3592 5003 3700 5060 mi-

2033 5111 2147 5150 nus
2180 5100 2266 5150 est
2294 5092 2645 5159 iracundus,
2671 5094 2862 5161 magis
2894 5098 2997 5149 aut
3023 5094 3221 5148 minus
3254 5093 3528 5165 cupidus.
3557 5109 3698 5149 eum

2036 5184 2150 5239 sint
2180 5184 2447 5254 ejusdem
2483 5182 2721 5255 speciei.
2759 5185 2958 5255 Neque
3003 5182 3182 5240 debet
3232 5183 3428 5255 decipi
3466 5183 3704 5256 quanti-

2037 5275 2169 5329 tatis
2201 5274 2539 5346 tequalitate
2564 5279 2618 5328 et
2640 5273 3061 5345 inaequalitate.
3095 5274 3280 5330 [labet
3310 5277 3469 5329 enim
3502 5274 3562 5329 in
3606 5273 3702 5329 his

2037 5363 2416 5418 sermonibus
2457 5366 2805 5417 accuratam
2860 5362 3459 5420 demonstrationem.
3510 5364 3703 5435 Atque

2036 5452 2151 5509 hoc
2184 5453 2366 5509 modo
2400 5452 2644 5525 sapiens
2688 5452 3038 5508 observabit
3086 5452 3389 5509 naturales
3422 5452 3701 5509 animalis

2036 5544 2266 5599 ratione
2293 5542 2522 5615 praediti
2551 5541 3151 5614 communicationes,
3205 5546 3262 5599 et
3290 5558 3413 5615 quo
3458 5542 3701 5613 ingenio

342 5745 415 5817 (t)
444 5742 607 5819 Ὀπερ
638 5744 699 5799 ού
735 5751 829 5799 τοῦ
863 5742 1070 5800 mum.
1096 5748 1238 5806 iam;
1278 5749 1399 5806 Hoc
1427 5746 1663 5807 videtur
1694 5748 2056 5808 addititium.
