4444 6452
782 459 919 515 1339
2302 451 2537 510 ADDEN

2451 454 2659 511 ENDA.
4070 449 4206 505 1340

778 588 906 651 γοῦν
943 583 1035 643 τὰς
1083 579 1132 634 ἄν
1170 589 1233 639 τῆ
1290 583 1446 656 φύσει
1491 589 1760 645 κοινωνίας
1818 589 1909 635 τοῦ
1954 582 2168 653 λογικοῦ
2222 581 2359 641 ζώου
2411 582 2437 632 ὁ
2476 626 2522 679 Α
2552 578 2794 654 ενδότερα
2857 583 3019 644 οὕτως
3092 585 3252 653 ἔχειν.
3309 580 3430 633 Εἰσὶ
3485 581 3587 652 γὰρ
3648 586 3840 651 σημεῖα
3910 575 4072 628 πολλὰ
4128 575 4205 625 ἰα-

788 667 801 679 .
956 675 965 679 -
1539 672 1555 679 -
1649 673 1667 679 _
2036 677 2041 679 .
2283 668 2330 679 -_
2827 676 2834 679 .
3059 671 3073 679 .
3224 678 3239 679 ,,
3332 666 3352 679 ..
3394 666 3415 679 ..
3556 672 3564 679 .
3732 666 3777 679 ,..
3860 667 3885 679 -
3996 662 4043 679 .,

779 667 1084 743 ἕπιστήμων
1164 679 1478 746 παρατηρῶν
1538 672 1586 725 ἓν
1643 673 1863 725 ἕκαστον
1926 677 2198 743 γινώσκειν
2271 668 2436 723 δύνα-
2476 662 2522 679 “
2550 679 2702 743 τριχῇ
2755 676 2843 724 καὶ
2901 671 3241 743 φυσιολογικῇ
3320 666 3648 740 δεδηγμένον,
3724 666 3777 729 ἐξ
3852 667 3919 717 ὧν
3983 662 4207 716 δύναται

778 778 885 826 ται,
922 763 1094 822 καθὼς
1143 763 1257 833 ἔχει
1305 764 1503 833 φύσεως
1556 776 1572 791 ·
1632 768 1723 814 καὶ
1778 762 1873 814 οὐκ
1928 764 2173 834 ἁπατηθῇ
2227 760 2285 813 ἂν
2333 767 2438 813 πω·
2549 768 2676 811 νοεῑν
2741 763 2805 812 τὰ
2859 769 2958 812 τῶν
3007 760 3193 811 ὑλικών
3266 755 3570 811 διαθέσεων.
3648 762 3847 827 Ὥσπερ
3920 761 4043 825 γοῦν
4102 772 4210 803 τινι

776 866 920 915 ποτε,
968 847 1096 901 ἀλλὰ
1134 845 1393 923 διακρινιί
1430 853 1488 902 τό
1549 853 1702 922 φύσει
1757 858 1989 923 κρεῖττον
2047 854 2138 903 καὶ
2195 854 2254 902 τὸ
2300 851 2438 902 θέσιι
2548 845 2769 918 Audiqu
2849 848 2976 919 λίθῳ
3038 843 3205 907 τοῖςδε
3250 846 3444 918 λόγοις,
3514 844 3567 907 ἐξ
3632 843 3831 896 ἐκείνων
3883 845 3948 894 τὰ
4014 847 4213 912 σημεῖα

778 940 869 988 καὶ
928 934 1211 1010 ἐφαρμόσει
1268 937 1340 990 ἐνὶ
1421 938 1624 1010 ἑκάστῳ
1700 942 1759 990 τὸ
1838 938 2176 1007 κατάλληλον,
2253 933 2432 995 ἐπειδὴ
2546 937 2839 1009 λαμϐανων,
2921 934 3253 1009 δοκιμαζέτω
3296 937 3432 997 ὅπως
3519 933 3783 1005 ἁπελέγχῃ
3846 935 3913 984 τὰ
3969 934 4211 1002 κρυπτό-

777 1021 1223 1099 ἀποδεδειγμένας
1305 1029 1483 1089 πάσας
1538 1030 1652 1098 ἔχει
1723 1030 1819 1088 τὰς
1892 1033 2180 1089 κοινωνίας.
2235 1024 2435 1087 Μηδεὶς
2545 1048 2692 1100 μενοι,
2721 1033 2810 1078 καὶ
2848 1030 2907 1078 τὸ
2960 1027 3012 1077 ὃν
3068 1034 3156 1078 τοῦ
3204 1030 3276 1096 μὴ
3339 1028 3502 1090 ὄντος,
3554 1029 3643 1076 καὶ
3695 1025 3797 1075 ὅσα
3852 1022 3911 1073 ἂν
3958 1018 4213 1092 περείλη-

779 1110 839 1166 δὲ
885 1118 1049 1189 μέχρι
1096 1123 1189 1176 τῆς
1234 1116 1400 1187 ὅψεως
1458 1122 1646 1175 στήσει
1701 1122 1795 1175 τὴν
1868 1126 2082 1189 γνῶσιν,
2156 1120 2287 1169 ὦσνε
2348 1116 2430 1168 ἐκ·
2542 1136 2670 1169 πται
2703 1112 2780 1167 δι’
2830 1116 2955 1167 ὅλων
2986 1124 3084 1166 τῶν
3109 1114 3295 1185 λόγων,
3363 1110 3498 1165 διὀὶ
3539 1118 3628 1164 καὶ
3659 1113 3683 1163 ὁ
3720 1115 3912 1171 σκοπὸς
3976 1110 4045 1169 εἰς
4089 1109 4212 1181 ἀρι-

777 1209 869 1255 τοῦ
940 1210 1224 1277 χρώματος
1276 1213 1376 1256 τῶν
1438 1207 1773 1259 χαθεκάστων
1839 1205 2166 1276 ἀπατᾶσθαι,
2220 1211 2310 1258 καὶ
2364 1208 2431 1257 τὰ
2543 1225 2667 1258 στον
2698 1204 2842 1266 τέλος
2874 1204 3211 1279 ἐναρξάμενος
3265 1202 3408 1265 λήξει
3467 1198 3685 1273 δυναμει
3741 1209 3833 1253 τοῦ
3889 1205 4211 1275 κρείττονας’

774 1447 1017 1506 quaque
1035 1432 1236 1489 indole
1247 1434 1728 1508 unumquodque
1742 1435 2162 1507 sitpraaditum,
2181 1452 2430 1505 cognos-
2545 1440 2896 1499 monstrata,
2917 1451 2989 1489 ex
3010 1433 3232 1506 quibus
3250 1433 3596 1489 affectiones
3612 1448 3931 1504 corporeas
3948 1445 4212 1499 cognos-

773 1537 907 1578 cere
947 1522 1181 1594 poterit.
1223 1526 1423 1596 Neque
1462 1539 1734 1596 unquam
1783 1524 2277 1595 hullucinabitur,
2327 1525 2431 1580 sed
2544 1539 2675 1579 cere
2703 1539 3051 1595 possumus.
3086 1522 3327 1587 Quoties
3352 1522 3533 1591 igitur
3561 1538 3633 1578 ex
3662 1521 3774 1577 illis
3817 1520 4005 1589 signis
4043 1518 4213 1589 judi-

774 1610 1101 1679 distinguet
1120 1609 1270 1665 inter
1296 1610 1444 1666 illud
1476 1610 1644 1683 quod
1673 1616 1889 1667 natura
1931 1613 2313 1683 praestantius
2346 1616 2435 1668 est
2544 1629 2678 1668 care
2704 1613 2862 1668 volet
2882 1612 3122 1685 aliquis,
3146 1612 3237 1666 his
3262 1613 3478 1669 nostris
3508 1611 3889 1667 sermonibus
3910 1614 4208 1680 tanquam

772 1703 829 1754 et
848 1697 996 1754 illud
1054 1699 1221 1771 quod
1251 1704 1339 1755 est
1388 1701 1686 1772 positione
1731 1719 1743 1768 ;
1805 1706 1862 1756 et
1919 1702 2087 1772 quod
2118 1702 2433 1758 conveniet
2546 1702 2731 1773 Lydio
2768 1701 2967 1773 lapide
2997 1700 3213 1773 probet
3260 1700 3633 1771 conjecturas
3665 1715 3807 1754 suas
3853 1703 3919 1753 ut
3973 1712 4070 1752 res
4108 1712 4214 1751 oc-

773 1788 991 1861 cuique
1020 1788 1103 1843 rei
1125 1789 1630 1853 accommodabit,
1660 1790 2157 1863 quandoquidem
2184 1792 2433 1847 demon-
2542 1791 2731 1847 cultas
2760 1790 3115 1859 investigare
3147 1795 3203 1844 et
3232 1789 3291 1844 id
3313 1789 3479 1861 quod
3504 1804 3625 1843 non
3658 1793 3766 1854 est,
3808 1786 3887 1843 ab
3920 1802 3993 1841 eo
4035 1786 4213 1857 quod

774 1880 988 1933 stratas
1036 1877 1613 1933 communicationes
1641 1878 1944 1933 naturales
1995 1879 2198 1935 habet.
2244 1882 2429 1935 Nemo
2461 1901 2501 1954 Β
2541 1884 2630 1934 est
2659 1880 3020 1951 distinguere
3043 1878 3249 1950 possit.
3277 1877 3541 1948 Denique
3556 1876 4048 1946 notetdiligenter
4067 1889 4215 1945 qua

770 1980 915 2021 vero
944 1964 1005 2020 in
1059 1965 1187 2021 solo
1218 1969 1469 2037 aspectu
1495 1967 1842 2037 acquiescat
1868 1968 1949 2023 ita
1992 1974 2057 2023 ut
2104 1984 2176 2023 ex
2232 1969 2428 2024 colore
2540 1969 2634 2024 his
2658 1968 3035 2024 sermonibus
3061 1966 3359 2039 complexi
3381 1983 3611 2033 sumus,
3647 1981 3907 2038 quorum
3958 1979 4214 2035 scopus,

772 2053 1166 2121 singularium
1205 2054 1502 2123 judicans,
1547 2054 1607 2109 in
1646 2070 1909 2111 errorem
1949 2056 2288 2124 inducatur,
2322 2074 2429 2129 pu-
2540 2073 2681 2113 cum
2705 2058 2783 2113 ad
2805 2057 2989 2112 ﬁnem
3010 2057 3304 2128 optimum
3346 2055 3570 2120 tendat,
3604 2054 3837 2110 felicem
3865 2068 4115 2126 quoque
4154 2056 4217 2108 et

766 2146 968 2214 tetque
997 2158 1134 2214 quin
1164 2146 1304 2198 sunt
1323 2143 1482 2198 intus
1510 2144 1595 2199 ita
1623 2159 1685 2199 se
1714 2144 1956 2200 habere.
2000 2148 2243 2202 Exstant
2267 2146 2427 2201 enim
2539 2147 2839 2219 optimum
2856 2148 3077 2202 exitum
3098 2146 3481 2216 juvanteDeo
3505 2145 3741 2217 Optimo
3758 2144 4016 2200 Maximo
4034 2142 4215 2199 habi-

767 2231 941 2302 signa
962 2230 1156 2288 multa
1182 2231 1244 2288 in
1268 2232 1572 2289 medicina
1592 2236 1651 2289 et
1681 2234 1938 2290 naturali
1986 2236 2235 2292 scientia
2265 2252 2427 2292 com-
2536 2242 2708 2293 turus
2737 2242 2842 2292 est.

1487 2736 2337 2856 ΘΕΟΔΩΡΟΥ
2414 2741 2695 2854 ΤΟΥ
2769 2734 3454 2856 ΛΑΣΚΑΡΙ

1265 3034 1397 3081 ΤΟΥ
1450 3033 1605 3082 ΥῘΟΥ
1639 3035 1771 3082 ΤΟΥ
1812 3034 2133 3083 ΜΕΓΑΛΟΥ
2186 3035 2510 3083 ΒΑΣΙΛΕΩΣ
2569 3035 2784 3082 ΚΥΡΟΥ
2834 3035 3137 3083 ῙΩΛΝΝΟΥ
3191 3036 3322 3082 ΤΟΥ
3372 3032 3597 3083 ΔΟΥΚΑ

1728 3264 1945 3350 ΤΗΣ
2024 3263 2522 3351 ΦΥΣΙΚΗΣ
2609 3265 3229 3353 ΚΟΙΝΩΝΙΑΣ

2064 3535 2358 3600 ΔΟΓΟΣ
2396 3536 2866 3604 ΠΕΜΠΤΟΣ.

1694 4034 2459 4157 THEODOBI
2558 4038 3255 4161 LASCARIS

1535 4329 1695 4384 FlLll
1756 4330 1969 4386 SUMMl
2028 4331 2493 4388 IMPERATORIS
2553 4333 2795 4389 DOMlNl
2852 4334 3142 4389 JOANNIS
3203 4332 3408 4389 ΠΙ]οΕ

1437 4578 1622 4685 DE
1699 4577 1797 4685 Ν
1808 4571 2455 4687 ATURALI
2534 4580 3473 4690 COMMUNIONE

2012 4870 2380 4960 SERMO
2440 4878 2922 4973 QUINTUS

813 5380 885 5436 α’.
950 5383 1050 5433 Δύο
1091 5380 1195 5433 εἰσι
1251 5383 1318 5433 τὰ
1371 5380 1666 5454 ζητούμενα
1718 5381 1791 5443 εἰς
1838 5381 2088 5448 ἐξέτασιν,
2139 5384 2199 5433 *ὁ
2253 5384 2405 5454 φύσει
2437 5383 2476 5439 C
2515 5401 2659 5457 τερον
2739 5379 2827 5434 οὖν
2898 5382 3124 5457 ἀκριϐῶς
3209 5382 3725 5444 ἐπακολουθήσαντες
3800 5392 3864 5456 τῇ
3959 5384 4205 5449 ἐξετάσει

740 5490 796 5524 τι
829 5474 921 5525 καὶ
955 5473 1094 5524 θέσει
1160 5492 1173 5505 ο
1231 5471 1279 5523 ἓν
1335 5467 1394 5523 δὲ
1433 5473 1629 5523 τούτων
1680 5474 1851 5523 κοινὸν
1902 5474 1930 5530 ἡ
1991 5468 2243 5547 διαφορα.
2300 5478 2401 5524 no-
2513 5477 2678 5547 μέχρι
2718 5473 2999 5525 καὶαύτοῡ
3027 5470 3094 5530 δή
3156 5481 3247 5524 τοῦ
3304 5472 3519 5544 λογικοῦ
3576 5474 3712 5534 ζώού
3773 5482 3946 5526 ταῦτα
4005 5495 4184 5535 κατ-ην

816 5652 1009 5708 1.1)ι]ο
1023 5656 1312 5724 suntquae
1325 5650 1502 5707 nobis
1515 5651 1593 5707 ad
1606 5651 2085 5722 investigandum
2107 5650 2415 5723 proposita
2525 5653 2921 5724 estpositione
2947 5670 2959 5707 :
2981 5668 3236 5725 quorum
3262 5653 3525 5709 duorum
3548 5669 3873 5709 commune
3894 5654 4209 5727 quiddam

736 5743 1017 5811 fuerunt;
1052 5756 1272 5819 nempe
1295 5740 1444 5797 illud
1463 5741 1632 5818 quod
1661 5746 1981 5800 estnatura
2001 5747 2057 5799 et
2078 5741 2225 5798 illud
2248 5742 2414 5819 quod
2523 5748 2636 5813 est,
2667 5758 2886 5817 nempe
2920 5741 3280 5800 diﬂerentia.
3312 5744 3517 5799 Utrum
3567 5742 3747 5811 igitur
3781 5742 4208 5814 investigatio-
