4444 6452
248 437 380 491 1341

1114 433 1467 490 THEODORI
1506 432 1552 490 Ῑῐ
1591 436 1730 492 ῐΜΡ.
1769 435 1859 488 DE
1900 431 2353 488 COMNUNIONE
2394 432 2770 490 NATURALI.

3527 428 3665 482 1342

321 564 329 574 ν
560 557 603 574 κν
684 559 694 571 Ι
1003 561 1013 572 \
1086 559 1096 568 ο
1200 560 1208 571 1
1321 555 1342 574 ἢ
1414 564 1421 572 ο
1661 567 1677 574 ,.
1951 559 1966 574 Δ
2099 557 2106 567 '
2401 555 2422 568 ν
2588 555 2649 574 Ἀ
2910 556 2940 574 ’Ἇ
3146 559 3154 568 ‘
3204 554 3224 574 ν.
3308 552 3518 574 --..ἒ-1ᾉ.
3572 552 3606 574 -’

321 564 329 574 .
560 557 603 574 ς..
684 559 694 571 .
1003 561 1013 572 ι
1086 559 1096 568 .
1200 560 1208 571 .
1321 555 1342 574 κ
1414 564 1421 572 .
1661 567 1677 574 -
2099 557 2106 567 .
2401 555 2422 568 ν
2588 555 2606 568 .
2910 559 2920 571 ,
3146 559 3154 568 .
3213 554 3224 568 .
3474 558 3482 567 ,
3596 552 3606 566 ι

272 578 504 630 τησαμεν
551 575 900 622 εςετασαντες,
933 578 1022 608 και
1077 578 1104 614 η
1159 578 1248 628 μιν
1309 575 1569 630 οιαιρεσις
1617 579 1713 610 των
1772 577 1878 608 κοι-
1935 559 1983 608 Α
2041 575 2288 627 ρασαντες
2369 575 2534 628 ευρον.
2610 563 2746 608 Ωστε
2791 556 3020 628 μεγαλως
3073 573 3163 605 και
3203 573 3232 610 η
3302 549 3520 604 παιδεια
3567 571 3637 614 εις

271 656 367 697 νών
391 655 741 717 τοσαυταχῶς
799 649 1064 719 εὑρεθεῖσα
1117 644 1275 698 διεῖλε
1326 656 1423 698 τῶν
1475 651 1626 718 φύσει
1684 649 1748 697 τὰ
1803 649 1878 697 θέ-

275 755 373 801 σει,
429 744 490 806 τῇ
550 731 606 786 δὲ
669 743 800 806 τομῇ
859 733 1154 804 ἀναγκαίως
1213 739 1698 806 συναναφανεῖσαὴ
1757 732 1878 787 δια-

273 827 410 896 φορὰ
466 827 532 874 τὰ
586 830 854 897 κρείττονα
907 821 1242 885 ἐναπέὸειξεν.
1289 823 1442 894 Ἔχει
1509 821 1567 876 δὲ
1618 829 1880 896 κρείττονα

272 915 300 969 ἡ
333 916 488 984 φύσις
517 915 619 964 ὅσα
648 916 782 963 κατὰ
838 915 931 972 τὰς
988 911 1157 986 ἀρχὰς
1215 912 1551 964 ἐπακολουθεῖ
1592 930 1603 941 ·
1638 913 1766 982 λέγω
1822 909 1880 963 δὲ

275 1001 445 1073 ἀρχὰς
484 1007 601 1062 τοὺς
632 1006 840 1073 χυμούς
891 1006 1071 1054 καὶτὰ
1122 1008 1250 1075 μέρη
1307 1007 1372 1054 τὰ
1419 1013 1512 1064 τῆς
1546 1004 1733 1074 ψυχῆς
1789 1011 1879 1053 τοῦ

273 1090 489 1162 λογικοῦ
521 1092 678 1152 ζώου,
727 1088 906 1148 ἐπειδὴ
966 1090 1019 1142 ἐκ
1078 1101 1176 1142 τῶν
1239 1096 1482 1144 τοιούτων
1539 1096 1694 1163 σοφόν
1750 1092 1880 1151 ζῶον

276 1185 585 1232 συνέστακεν
647 1181 935 1252 ἄνθρωπος.
999 1185 1218 1253 Πότερον
1285 1177 1372 1232 οὖν
1416 1184 1480 1232 τὰ
1546 1183 1634 1252 μὲν
1679 1185 1766 1237 τὴν
1833 1178 1880 1230 ἐν

274 1273 539 1326 κοινότητι
596 1265 851 1342 διαφορὰν
937 1264 1156 1335 ἔδειξαν,
1228 1269 1389 1329 ἁπλᾶς
1454 1290 1598 1330 τινας
1649 1270 1879 1320 ὑποτιθέ-

273 1377 403 1429 μενα
441 1363 730 1427 κοινωνίας,
765 1363 855 1409 καὶ
915 1358 964 1410 ἐν
1004 1362 1220 1431 ἐπιτομῇ
1282 1363 1340 1411 τό
1400 1356 1647 1431 διάφορον
1705 1361 1880 1431 ἤθροι-

275 1465 392 1512 σαν,
469 1445 707 1518 σύμϐολα
794 1449 977 1518 θέμενοι
1031 1451 1124 1507 τὰς
1183 1452 1436 1518 συζύγίας
1507 1446 1880 1518 ἀμετακίνητα.

274 1535 341 1586 Ἦ
369 1537 470 1608 γὰρ
518 1535 742 1586 καθόλου
795 1535 908 1587 ἐστὶ
953 1542 1043 1587 καὶ
1103 1541 1297 1606 φυσικὴ
1356 1542 1613 1600 κοινωνία,
1665 1541 1754 1586 καὶ
1796 1535 1882 1586 εύ-

275 1625 371 1683 01);
400 1629 489 1674 καὶ
540 1622 735 1693 ἁγαθός
783 1622 922 1674 ἐστιν
963 1626 988 1674 6
1023 1630 1352 1685 συνεστακὼς
1383 1624 1434 1686 ἐξ
1473 1624 1655 1689 αὐτῆς,
1698 1626 1726 1682 ἦ
1782 1623 1884 1674 λεί-

271 1731 424 1763 πεται
455 1719 544 1763 τοῦ
572 1711 764 1762 τελείου
797 1719 949 1786 μέρος
998 1733 1068 1782 τι,
1108 1718 1197 1764 καὶ
1230 1715 1254 1764 6
1309 1713 1364 1764 ἐκ
1417 1717 1613 1773 ταύτης
1668 1713 1884 1764 λείποιτ’

275 1799 356 1853 ἄν.
393 1800 421 1857 ἣ
465 1804 623 1871 μέση,
675 1805 766 1852 καὶ
793 1799 1102 1866 ἀκολούθως,
1137 1803 1164 1859 ἦ
1198 1805 1333 1853 κατὰ
1362 1807 1420 1854 τὸ
1473 1811 1567 1862 τῆς
1613 1807 1884 1861 ποιότητος

274 1889 463 1960 μᾶλλον
509 1894 599 1940 καὶ
671 1890 844 1958 ἧττον,
907 1895 996 1941 και
1046 1893 1094 1941 οἱ
1159 1898 1458 1961 γεννώμενοι
1515 1899 1576 1962 τῇ
1641 1895 1885 1961 γενέσεως
1941 1917 1980 1970 Β

275 1977 420 2049 αἰτία
474 1976 954 2036 ἐπακολουθησωσι.
1021 1983 1121 2030 Καὶ
1178 1987 1380 2050 πρῶται
1434 1982 1523 2051 μὲν
1572 1976 1658 2030 οὖν
1718 1984 1884 2030 αιτίαι

275 2074 374 2118 τῶν
453 2075 752 2133 κοινωνιῶν,
836 2069 907 2128 ως
959 2070 1182 2140 εἴρηται,
1265 2067 1312 2117 ἐν
1367 2066 1656 2128 ἀνθρώποις
1716 2071 1884 2138 χυμοὶ

275 2160 365 2206 καὶ
401 2157 582 2227 θυμὸς,
632 2154 783 2226 λόγος
847 2160 938 2206 καὶ
996 2155 1267 2226 ἐπιθυμία,
1310 2160 1440 2228 μετὰ
1493 2153 1551 2208 δὲ
1613 2158 1804 2216 ταύτας
1850 2157 1880 2213 ἡ

269 2251 364 2303 τῆς
391 2240 659 2306 παιδείας.
707 2243 909 2317 Ὠσπερ
965 2247 1062 2318 γὰρ
1120 2244 1170 2296 ἐν
1231 2245 1322 2316 ὕλη
1375 2249 1434 2296 τό
1490 2241 1644 2315 εἶδος,
1697 2244 1745 2296 ἐν
1800 2243 1885 2295 ἀν-

271 2335 496 2406 θρώποις
548 2330 767 2385 παιδεία
826 2355 838 2367 ο
881 2338 1016 2387 ὥστε
1056 2334 1098 2386 εἰ
1137 2340 1209 2407 μὴ
1270 2334 1546 2392 ἀκηκοέναι
1582 2339 1700 2386 τινα
1746 2354 1884 2395 τινος

267 2424 401 2473 πάνυ
443 2426 532 2474 καί
585 2442 644 2493 γε
701 2425 854 2494 φύσιν
911 2427 1160 2497 χρηστὴν
1220 2427 1430 2494 ἔχοντα,
1489 2423 1582 2475 ούκ
1637 2426 1697 2474 ἄν
1765 2442 1883 2474 ποτε

266 2519 462 2582 γνῶσιν
492 2511 758 2584 εἰληχέναι
788 2531 870 2574 τις
900 2515 1042 2586 εἴπῃ.
1087 2511 1272 2565 Πολλοὶ
1325 2509 1384 2564 δὲ
1431 2517 1522 2564 καὶ
1571 2521 1722 2564 τοῦτο
1773 2531 1884 2564 πει-

241 2749 382 2790 nem
410 2735 571 2790 hanc
597 2740 874 2791 accurate
906 2736 1210 2806 persecuti
1232 2739 1541 2802 sumus,et
1556 2735 1761 2790 omnia
1781 2733 1910 2789 haec

241 2829 593 2894 perscrutatl
612 2823 688 2879 ad
708 2824 933 2880 animal
945 2825 1175 2880 ratione
1193 2824 1512 2896 praeditum
1525 2823 1790 2896 provecti
1805 2840 1908 2878 su-

243 2929 378 2967 mus
405 2913 650 2968 ‘?Utrum
666 2913 845 2968 etiam
867 2913 1085 2968 divisio
1099 2912 1718 2968 communicationum
1735 2913 1793 2966 in
1827 2916 1912 2967 tot

242 3015 463 3070 genera
492 3000 571 3055 ab
591 2999 703 3054 illis
733 3017 869 3072 quae
898 3007 1036 3056 sunt
1067 3000 1489 3072 positione,illa
1505 3016 1641 3071 quae
1656 3005 1909 3055 suntna-

241 3093 393 3153 tura,
420 3089 767 3161 separavit?
784 3092 990 3144 Utrum
1009 3091 1187 3144 etiam
1205 3089 1302 3144 illa
1317 3105 1453 3160 qua:
1474 3093 1614 3143 sunt
1627 3093 1910 3159 prtestano

240 3179 395 3233 tiora
416 3178 919 3234 commonstravit
947 3177 1283 3234 differentia
1312 3177 1413 3233 illa
1436 3193 1572 3249 quae
1605 3192 1726 3232 una
1771 3193 1908 3232 cum

241 3264 531 3320 divisione
561 3266 763 3322 statim
794 3267 1017 3322 exstitit
1042 3266 1071 3320 ?
1090 3266 1396 3321 Habentur
1417 3271 1616 3321 autem
1637 3266 1696 3320 in
1709 3281 1909 3320 rerum
1940 3269 1979 3322 (Ἰ

239 3360 458 3410 natura
469 3355 993 3426 prtestantiorailla
1009 3371 1390 3427 quascunque
1407 3355 1678 3426 proxime
1697 3355 1909 3426 princi-

239 3444 344 3516 pia
369 3444 501 3516 ipsa
535 3449 894 3516 sequuntur.
917 3445 1214 3516 Principia
1227 3461 1369 3501 vero
1387 3445 1521 3500 dico
1551 3445 1838 3500 humores
1855 3447 1910 3500 et

240 3539 443 3605 partes
465 3534 682 3590 animm
713 3534 870 3590 illius
902 3551 1039 3607 qua;
1079 3535 1306 3591 animal
1336 3535 1563 3591 ratione
1589 3535 1906 3607 praaditum

241 3623 1067 3696 constituit,quandoquidem
1087 3641 1160 3680 ex
1177 3624 1401 3680 talibus
1417 3630 1653 3680 constat
1670 3627 1908 3697 sapiens

239 3713 388 3768 illud
420 3713 667 3781 animal,
702 3729 921 3786 nempe
951 3714 1155 3769 homo.
1184 3716 1389 3769 Utrum
1439 3713 1613 3783 igitur
1654 3730 1690 3769 a
1731 3713 1908 3769 nobis

239 3803 657 3859 demonstrata
686 3812 774 3859 est
790 3804 852 3858 in
873 3803 1305 3859 communitate
1326 3819 1527 3859 rerum
1571 3803 1906 3860 differentia

238 3894 450 3966 positis
478 3894 849 3966 quibusdam
899 3893 1274 3964 simplicibus
1314 3894 1847 3950 communionibus
1877 3894 1906 3948 ?

239 3986 445 4040 Utrum
480 3983 663 4038 etiam
699 3982 1036 4039 differentia
1071 3983 1694 4038 communicationum
1719 3983 1907 4038 brevi-

234 4077 324 4127 ter
351 4076 408 4126 et
429 4087 637 4142 presse
677 4071 993 4143 perstricta
1043 4076 1131 4126 est
1159 4087 1230 4125 ac
1284 4071 1722 4142 comprehensa
1753 4071 1883 4142 posi

237 4161 312 4215 tis
343 4159 634 4231 symbolis
665 4160 1166 4232 conjugationum
1197 4158 1680 4214 immutabilibus
1725 4161 1754 4215 ?
1807 4159 1905 4214 Vel

239 4249 399 4304 enim
422 4254 515 4303 est
539 4249 833 4319 generalis
866 4254 922 4304 et
960 4247 1252 4304 naturalis
1304 4249 1677 4318 communio,
1728 4253 1908 4320 atque

239 4337 335 4393 ille
363 4337 468 4409 qui
497 4354 568 4393 ex
601 4337 714 4393 hac
743 4342 996 4403 constat,
1038 4343 1233 4392 rectus
1264 4343 1350 4392 est
1399 4345 1455 4392 et
1507 4336 1754 4408 probus,
1814 4337 1909 4392 vel

239 4427 406 4483 deest
453 4427 699 4498 aliquid.
741 4427 909 4500 quod
949 4427 1029 4482 ad
1085 4427 1507 4498 perfectionem
1565 4428 1906 4498 requiritur.

237 4519 430 4587 Atque
451 4515 532 4570 illi
553 4515 737 4570 deerit
762 4515 992 4587 aliquid
1036 4514 1142 4586 qui
1192 4530 1262 4568 ex
1311 4514 1426 4569 hac
1480 4515 1909 4570 communione

2041 651 2134 701 την
2180 645 2555 702 τιλειοποίησιν
2611 645 2977 717 συμϐάλλεται.
3009 643 3160 698 Ἐστι
3200 639 3258 694 δὲ
3312 645 3400 692 καὶ
3444 643 3473 698 ἡ
3521 661 3638 693 παι-

2043 730 2159 784 δεία
2192 730 2655 806 διάφορος-πᾶσα
2704 738 2801 808 γὰρ
2857 737 3090 802 μάθησις
3147 731 3219 791 εἰς
3266 734 3359 787 τὴν
3416 728 3639 780 καθόλου

2041 824 2305 891 ανάγεται,
2370 821 2686 873 ποικίλλεται
2743 825 2771 879 ἡ
2832 821 3051 873 καθόλου
3110 817 3167 871 δὲ
3232 815 3509 891 διαφόρως,
3571 817 3641 878 εἰς

2042 909 2368 981 φιλοσοφίαν,
2430 910 2500 971 εἰς
2559 915 2847 982 στρατείαν,
2899 910 2968 970 εἰς
3042 911 3308 971 ναυτικὴν,
3352 905 3422 966 εἰς
3487 907 3643 976 ύφανο

2040 1003 2210 1066 τικην,
2299 998 2368 1058 εἰς
2447 1004 2925 1070 χρυσοποιητικην,
3014 997 3084 1058 εἰς
3178 998 3501 1064 ποιμενικην,
3577 993 3642 1052 εἰς

2043 1086 2420 1158 ὀψαρτυτικήν.
2472 1087 2541 1147 εἰς
2591 1092 2884 1144 τεκτονικὴν
2927 1090 3010 1138 καὶ
3087 1084 3242 1136 πλείω
3293 1086 3486 1134 τούτων
3553 1102 3639 1134 πο-

2041 1174 2122 1227 λύ.
2193 1177 2244 1227 \i
2289 1179 2378 1245 μὲν
2432 1171 2517 1226 οὖν
2578 1184 2636 1246 τῇ
2693 1175 2939 1246 καθολικῇ
2989 1181 3331 1226 κοινωνοῦσαι
3388 1175 3457 1231 ὡς
3510 1171 3644 1230 εἰκὸς

2043 1265 2274 1336 ἄριστοι.
2330 1262 2483 1314 Ἐστι
2517 1261 2574 1315 δὲ
2604 1265 2735 1320 αὕτη
2769 1264 3045 1335 φιλοσοφία
3078 1282 3090 1294 ·
3132 1270 3326 1332 γνῶσις
3373 1263 3474 1331 γὰρ
3532 1263 3643 1310 ἐστι

2044 1361 2141 1402 τῶν
2173 1356 2324 1402 ὄντων
2420 1356 2540 1402 ὅντα
2584 1351 2743 1420 ἐστὶν,
2791 1355 2853 1412 ὡς
2898 1352 3028 1412 εἰκός
3085 1347 3142 1402 δὲ
3191 1350 3342 1419 λέγω,
3397 1349 3502 1418 οὐχ
3568 1350 3644 1399 ὅτι

2044 1443 2130 1490 τόν
2165 1445 2356 1491 σκυτέα
2405 1441 2718 1511 φιλοσοφεῖν,
2775 1439 2879 1491 ἀλλ’
2925 1443 3004 1491 ὅτι
3053 1441 3188 1490 κατά
3240 1437 3387 1508 λόγον
3436 1436 3644 1507 ἐργάζε-

2048 1530 2173 1578 σθαι
2225 1531 2290 1578 τὰ
2342 1528 2376 1578 ἁ
2410 1529 2790 1588 κατασκευάζει
2833 1525 3022 1579 πέδιλα
3073 1549 3084 1560 ο
3141 1531 3230 1576 καὶ
3283 1529 3368 1576 τὸν
3419 1527 3645 1595 ὑφάντην

2047 1636 2132 1666 και
2190 1620 2275 1667 τόν
2327 1615 2683 1689 ἀργυροκόπον
2731 1621 2861 1688 πρὸς
2925 1620 3018 1677 τὰς
3083 1619 3473 1687 μεταχειρίσεις
3540 1613 3646 1671 ἑνὸς

2047 1705 2267 1756 ἑκάστου
2321 1708 2454 1756 κατά
2519 1711 2603 1756 τόν
2653 1709 2811 1756 τύπον
2892 1707 3065 1758 αὑτόν.
3130 1710 3348 1774 Λέγεται
3400 1705 3500 1773 γὰρ
3558 1706 3648 1753 καὶ

2050 1797 2206 1864 σοφὸς
2273 1792 2616 1864 ἁρχιτέκτων,
2671 1795 2775 1864 ούχ
2826 1796 2905 1845 ὅτι
2963 1790 3022 1845 δέ
3078 1796 3138 1863 γέ
3209 1794 3278 1850 ὡς
3335 1789 3644 1862 φιλοσοφῶν,

2048 1880 2153 1932 ἀλλ’
2182 1884 2250 1942 ὡς
2297 1884 2375 1932 ὅτι
2415 1885 2548 1933 κατά
2598 1882 2747 1952 λόγον
2792 1886 2878 1933 τόν
2927 1888 3113 1956 πρίονα
3178 1884 3264 1932 καὶ
3304 1899 3388 1931 τον
3437 1879 3648 1931 πέλεκυν

2045 1978 2176 2022 κινεῖ
2225 1975 2355 2043 πρὸς
2414 1975 2507 2032 τὰς
2573 1970 2852 2042 οἰκοδομάς
2910 1993 2923 2004 ⁴

2044 2062 2174 2133 πρὸς
2203 2065 2326 2130 μίαν
2373 2059 2575 2130 ἑκάστῳ
2633 2062 2688 2111 αὶ
2740 2064 2924 2130 τέχναι
2969 2067 3063 2121 τῆς
3126 2057 3432 2130 φιλοσοφίας
3482 2052 3644 2110 ἰδέαν,

2981 1971 3262 2042 ἀνάγονται
3314 1972 3414 2042 γὰρ
3479 1975 3649 2020 πᾶσαι

2048 2151 2147 2200 Καὶ
2197 2149 2222 2199 ό
2274 2153 2571 2222 στρατηγὸς
2618 2147 2812 2209 πολλῆς
2895 2145 3064 2200 δεῖται
3136 2147 3436 2219 φιλοσοφίας
3484 2147 3532 2196 ἓν
3593 2163 3647 2196 τε

2047 2236 2277 2309 βουλαῖς,
2314 2241 2360 2289 ἓν
2396 2257 2448 2288 τε
2478 2242 2738 2311 κρίσεσίν,
2772 2240 2820 2288 ἓν
2871 2257 2925 2289 τε
2967 2236 3294 2310 παρατάξεσι
3345 2239 3434 2285 καὶ
3504 2253 3646 2304 σχη-

2044 2333 2330 2396 ματισμοῖς
2406 2325 2650 2397 πολέμου,
2727 2331 2816 2377 καὶ
2872 2330 3219 2397 ναυμαχίαις,
3301 2327 3391 2374 καὶ
3443 2322 3650 2396 πολιορ-

2043 2421 2203 2483 κίαις,
2232 2419 2321 2466 καὶ
2362 2413 2409 2466 ἐν
2458 2415 2632 2475 ἄλλαις
2680 2415 2891 2476 πολλαῖς
2947 2415 3170 2487 πράξεσι
3225 2414 3410 2487 ῥηταῖς
3457 2411 3502 2463 τ’
3560 2411 3650 2484 ἆῤ-

2041 2506 2243 2578 ῥήτοις.
2291 2503 2446 2576 Ἔχει
2475 2506 2578 2578 γάρ
2608 2506 2637 2562 ἠ
2674 2508 3027 2578 στρατεωτικὴ
3076 2508 3171 2563 τὴν
3224 2502 3349 2560 ὕλην
3402 2509 3502 2554 τῶν
3563 2500 3648 2575 έρ-

2016 2728 2216 2783 omnis
2257 2728 2416 2784 enim
2447 2727 2767 2799 disciplina
2796 2726 2877 2783 ad
2944 2726 3284 2798 generalem
3336 2730 3671 2781 revocatur.

2018 2818 2187 2874 Varie
2219 2823 2420 2873 autem
2447 2817 2919 2889 etmultipliciter
2947 2815 3342 2885 distribuitur,
3377 2815 3438 2870 in
3488 2815 3678 2886 philo-

2018 2915 2315 2986 sophiam,
2350 2915 2409 2968 in
2437 2914 2896 2985 imperatoriam,
2921 2915 2981 2968 in
2994 2912 3319 2978 nauticam,
3337 2912 3671 2979 textoriam,

2018 3003 2332 3057 auriﬁcum
2352 3008 2560 3068 artem,
2577 3002 2974 3074 pastoritiam,
2990 3001 3365 3069 culinariam,
3381 3000 3646 3057 fabrilem
3660 3045 3672 3066 ,

2017 3098 2075 3150 et
2097 3094 2157 3148 in
2179 3093 2366 3149 multo
2398 3093 2598 3165 plures
2627 3093 2812 3148 alias:
2857 3109 2992 3165 quae
3018 3092 3197 3162 igitur
3241 3108 3378 3147 cum
3412 3092 3676 3161 generali

2018 3182 2117 3238 illa
2147 3188 2288 3238 sunt
2313 3183 2776 3254 conjunctiores,
2810 3182 3020 3237 merito
3061 3181 3362 3237 habentur
3407 3181 3675 3254 optimas.

2020 3275 2117 3327 Est
2137 3277 2338 3326 autem
2369 3272 2470 3328 illa
2497 3271 2882 3344 philosophia
2901 3271 3115 3342 prima,
3150 3286 3286 3343 qua:
3317 3275 3404 3326 est
3450 3287 3674 3338 rerum,

2019 3367 2319 3433 quatenus
2360 3366 2518 3429 sunt,
2550 3360 2808 3430 cognitio
2841 3401 2853 3415 .
2890 3359 3031 3416 Dico
3060 3360 3272 3416 merito
3331 3375 3454 3415 non
3509 3361 3677 3432 quod

2020 3451 2354 3506 existimem
2382 3449 2702 3505 coriarium
2727 3449 3162 3521 phiiosophari,
3194 3448 3299 3504 sed
3325 3447 3490 3520 quod
3503 3463 3680 3522 opor-

2018 3544 2138 3594 teat
2159 3539 2501 3603 coriarium,
2538 3554 2674 3609 quae
2697 3537 2934 3593 conﬁcit
2963 3537 3390 3603 calceamenta,
3453 3553 3526 3592 ex
3588 3553 3680 3593 ra-

2018 3628 2176 3684 tione
2243 3626 2536 3684 conﬁcere
2567 3645 2580 3694 ;
2607 3627 2868 3698 itemque
2916 3631 3206 3683 textorem
3259 3631 3314 3682 et
3367 3626 3672 3684 auriﬁcem

2017 3715 2184 3786 fungi
2217 3717 2340 3771 suis
2353 3714 2705 3772 muneribus
2721 3720 2777 3770 et
2801 3719 3082 3787 prastare
3100 3731 3172 3770 ex
3185 3715 3380 3771 forma
3396 3716 3537 3772 artis
3552 3731 3678 3770 sum

2015 3821 2149 3878 quae
2161 3805 2382 3861 debent
2394 3806 2839 3877 praestare.Nam
2854 3803 3202 3861 architectus
3214 3819 3456 3876 quoque
3467 3804 3679 3860 dicitur

2017 3896 2260 3967 sapiens
2280 3910 2405 3950 non
2433 3893 2602 3966 quod
2631 3893 3114 3966 philosophetur,
3147 3893 3251 3949 sed
3277 3894 3442 3965 quod
3473 3910 3545 3948 ex
3584 3910 3675 3950 ra-

2019 3986 2174 4040 tione
2205 4000 2431 4040 serram
2463 3989 2519 4040 et
2544 3983 2800 4038 securim
2832 3987 3034 4039 movet
3089 3982 3166 4038 ad
3218 3982 3673 4039 aediﬁcandum.

2017 4075 2237 4130 Omnes
2267 4073 2426 4128 enim
2451 4078 2606 4128 artes
2639 4072 2717 4128 ad
2751 4088 2937 4127 unam
2983 4071 3349 4141 singularem
3409 4071 3676 4144 aliquam

2016 4162 2630 4235 philosophiazideam
2664 4161 3020 4217 referuntur.
3048 4163 3111 4217 Et
3149 4163 3475 4232 imperator
3517 4177 3678 4218 exer-

2018 4252 2166 4308 citus
2196 4267 2319 4306 non
2365 4251 2593 4322 vulgari
2631 4265 2785 4321 opus
2821 4249 3004 4306 habet
3044 4249 3427 4322 philosophia
3471 4250 3532 4305 in
3577 4249 3678 4306 de-

2017 4339 2470 4396 liberationibus
2502 4340 2636 4395 etin
2660 4339 2924 4408 judiciis,
2965 4339 3027 4394 in
3081 4340 3433 4395 orainandis
3484 4345 3540 4396 et
3592 4341 3678 4396 in-

2020 4431 2320 4486 struendis
2367 4430 2574 4501 copiis,
2629 4430 2687 4484 in
2749 4429 2970 4500 praeliis
3026 4429 3361 4495 navalibus,
3403 4431 3464 4485 in
3517 4430 3675 4486 obsi-

2018 4518 2300 4574 dionibus
2331 4517 2582 4590 aliisque
2615 4516 2956 4572 actionibus
3002 4518 3181 4588 vulgo
3227 4519 3383 4573 notis
3434 4525 3492 4574 et
3511 4519 3678 4589 igno-

239 4603 598 4660 constitutus
626 4604 801 4660 fuerit
836 4621 848 4658 :
878 4603 974 4659 vel
1004 4608 1090 4658 est
1114 4602 1336 4671 media,
1369 4607 1427 4657 et
1453 4603 1704 4674 proinde
1728 4603 1908 4659 medii
1946 4629 1986 4682 θ
2018 4608 2116 4664 tis.
2158 4608 2345 4663 Habet
2371 4608 2530 4662 enim
2587 4623 2684 4664 ars
2732 4606 3001 4662 militaris
3047 4607 3259 4662 silvam
3309 4625 3562 4680 operum
3622 4614 3680 4666 et

243 4694 436 4765 quiex
463 4694 578 4750 hac
634 4695 936 4750 constituti
999 4693 1242 4750 fuerint.
1292 4692 1393 4748 Vel
1444 4693 1730 4749 definitur
1788 4711 1910 4750 am-

241 4782 430 4854 pliore
453 4789 511 4839 et
535 4784 764 4840 minore
791 4783 1094 4856 qualitatis
1125 4782 1424 4854 portione.
1455 4786 1651 4854 Atque
1697 4800 1768 4838 ex
1793 4783 1909 4839 hac

241 4874 543 4928 constituti
562 4873 1003 4930 constitutionis
1021 4877 1253 4927 etortus
1268 4887 1516 4927 causam
1546 4878 1874 4944 sequentur
1893 4890 1905 4926 :

243 4976 315 5017 ac
343 4962 556 5033 primas
581 4962 829 5035 quidem
846 4977 1043 5017 causae
1061 4960 1658 5029 communionum,ut
1681 4961 1908 5017 dictum

244 5051 349 5120 esi,
377 5051 438 5106 in
461 5051 812 5108 hominibus
849 5057 988 5106 sunt
1013 5050 1322 5119 humores,
1347 5048 1602 5106 facultas
1620 5051 1906 5121 irascens,

243 5140 394 5196 ratio
457 5146 515 5196 et
562 5142 882 5214 cupiditas.
962 5144 1076 5196 Has
1121 5140 1512 5210 consequitur
1559 5141 1908 5197 eruditionis

243 5231 779 5288 communio.Nam
804 5230 1056 5286 eruditio
1082 5229 1142 5283 in
1166 5228 1516 5284 hominibus
1535 5229 1594 5284 id
1626 5235 1714 5285 est
1742 5231 1908 5302 quod

242 5318 304 5372 in
327 5323 578 5375 materia
603 5327 693 5376 est
731 5320 928 5376 forma
958 5337 971 5386 ;
1002 5319 1154 5375 adeo
1185 5323 1248 5372 ut
1305 5318 1408 5388 qui
1462 5318 1641 5373 etiam
1691 5327 1909 5374 natura

243 5408 473 5480 optima
505 5416 579 5481 sit
599 5414 904 5482 praeditus,
931 5409 1046 5464 nisi
1077 5409 1382 5473 doceatur,
1426 5423 1742 5479 nunquam
1772 5425 1904 5479 cog~

242 5497 530 5553 nitionem
551 5499 822 5571 aliquam
847 5500 922 5554 sit
951 5503 1381 5552 consecuturus
1402 5515 1419 5567 ;
1444 5496 1504 5551 id
1539 5498 1706 5569 quod
1735 5513 1906 5554 nemo

241 5601 366 5641 non
393 5587 695 5651 fatebitur,
730 5588 886 5644 Multi
909 5604 1052 5644 vero
1101 5587 1216 5642 hoc
1271 5587 1354 5642 ita
1410 5586 1631 5642 habere
1680 5589 1907 5660 experti

244 5682 401 5732 sunt.
443 5681 636 5743 Quare
710 5678 964 5735 eruditio
1023 5677 1101 5734 ab
1163 5676 1586 5749 perfectionem
1640 5679 1904 5736 hominis

241 5769 504 5826 maxime
533 5769 780 5829 confert.
839 5772 939 5828 Est
981 5773 1182 5826 autem
1242 5767 1495 5828 eruditio
1541 5770 1902 5847 multiplex:

2019 4697 2292 4767 subjecta
2321 4695 2654 4752 indeﬁnita.
2687 4698 2821 4751 Haec
2860 4696 3040 4766 igitur
3071 4697 3278 4752 omnia
3305 4697 3382 4752 ad
3413 4697 3678 4770 philoso-

2019 4786 2222 4858 phiam
2255 4789 2612 4841 revocantur
2644 4803 2656 4840 :
2691 4785 2824 4857 ipsa
2850 4801 2992 4841 vero
3023 4791 3109 4841 est
3139 4790 3432 4858 tanquam
3477 4787 3674 4843 erudi-

2019 4874 2194 4930 tionis
2223 4874 2434 4930 oculus
2458 4879 2516 4929 et
2539 4889 2853 4929 cacumen.
2922 4873 3198 4930 Distincte
3248 4875 3427 4945 igitur
3465 4875 3680 4931 docea-

2021 4981 2156 5020 mus
2176 4980 2462 5036 qutenam
2483 4968 2698 5021 natura
2719 4967 2992 5019 constent
3012 4970 3066 5020 et
3092 4980 3230 5036 quae
3253 4965 3551 5036 positione
3585 4981 3678 5034 ;ex

2018 5055 2244 5112 finibus
2275 5060 2477 5111 autem
2506 5054 2622 5110 hoc
2670 5054 2876 5125 ipsum
2916 5069 3280 5124 cognoscere
3324 5056 3676 5127 poterimus.

2022 5147 2190 5201 Fines
2214 5145 2396 5201 etiam
2445 5143 2806 5215 principium
2855 5147 2912 5198 et
2961 5159 3211 5199 causam
3263 5145 3554 5201 indicant.
3609 5147 3680 5202 Ut

2019 5235 2182 5290 enim
2212 5233 2522 5306 proportio
2551 5233 2813 5305 partium
2845 5232 3048 5288 circuli
3090 5234 3534 5306 etcomparatio
3547 5250 3678 5290 cum

2018 5323 2328 5379 elementis
2360 5322 2619 5378 ostendit
2657 5321 2829 5389 illud,
2854 5322 3020 5393 quod
3049 5328 3265 5378 natura
3313 5328 3566 5390 constat,
3622 5327 3681 5380 et

2017 5412 2160 5468 illud
2183 5414 2350 5484 quod
2381 5410 2696 5482 positione,
2723 5411 2987 5482 itemque
3014 5411 3325 5484 proportio
3352 5417 3409 5467 et
3428 5428 3676 5484 compa-

2016 5503 2165 5558 ratio
2204 5502 2530 5556 humorum
2577 5516 2713 5554 cum
2773 5500 2918 5571 ipsis
2962 5499 3270 5556 elementis
3320 5500 3470 5556 illud
3521 5501 3675 5557 idem

2016 5591 2307 5648 ostendit:
2341 5591 2422 5646 ita
2455 5589 2636 5645 etiam
2678 5590 3181 5646 communionum
3222 5591 3678 5662 conjugationes

2015 5681 2343 5739 ostendunt
2366 5679 2668 5737 naturales
2702 5679 2982 5736 animalis
3019 5681 3248 5737 ratione
3278 5681 3512 5754 praediti
3543 5698 3678 5753 pro-

2013 5770 2314 5849 prietates,
2339 5773 2398 5825 et
2431 5768 2743 5845 quomodo
2790 5767 2967 5825 bonae
3015 5773 3160 5826 eunt
3212 5775 3271 5827 et
3314 5769 3673 5844 laudabiles,
