4444 6452
754 403 892 461 1343

2296 402 2652 463 ADDENDA.

4039 406 4178 461 1344

776 534 979 601 γασιῶν
1040 530 1130 580 καὶ
1181 527 1245 581 τά
1334 527 1644 601 ὑποκείμενα
1716 528 1959 606 ἀόριστα.
2031 530 2209 584 Πάντα
2256 536 2380 601 γοῦν
2445 532 2492 586 Α
2547 529 2797 603 φθαρικὸν
2838 526 3077 586 ὶποίησεν
3106 528 3166 581 ἂν
3196 534 3349 582 τοῦτο
3383 527 3479 595 ;Ού
3533 530 3733 601 φύσεως
3791 524 3880 586 δή.
3940 528 4148 588 Ἐποίη-

1969 621 2098 677 αύτη
2142 617 2201 673 δὲ
2256 640 2383 671 παις⁸

783 704 925 769 δείας
967 706 1111 760 ἐστιν
1142 707 1245 759 οἷον
1302 706 1557 779 ὀφθαλμός
1587 713 1672 761 καὶ
1741 708 1993 787 ἀκρωρία.
2043 712 2387 783 Διαχωρίσω-

777 816 866 869 μεν
936 803 1062 867 γοῦν
1129 815 1245 847 τινα
1300 798 1492 848 τούτων
1566 800 1655 850 καὶ
1709 806 1808 850 τῶν
1866 798 2027 853 ἄλλων
2092 802 2240 870 φύσει
2295 800 2385 849 καί

778 904 893 937 τινα
953 887 1090 938 θέσει
1142 901 1155 915 ⁸
1206 886 1542 959 εὑρεθήσεται
1608 882 1667 938 δὲ
1718 895 1869 941 τοῦτο
1922 886 1975 939 ἐκ
2028 896 2123 940 τῶν
2173 886 2325 941 τελῶν
2368 907 2382 919 ·

1274 970 1547 1032 δηλοποιεῖ
1618 979 1713 1035 τὴν
1772 975 1968 1050 ἀρχήν.
2028 976 2226 1049 Ὠσπερ
2280 977 2381 1049 γάρ

778 1067 808 1124 ἡ
882 1069 974 1116 τοῦ
1039 1063 1229 1116 κύκλου
1293 1071 1459 1137 μερῶν
1534 1062 1782 1137 ἀναλογία
1837 1085 1967 1139 προς
2018 1068 2082 1118 τά
2143 1074 2385 1136 στοιχεῖα

777 625 944 671 ταὺτα
973 616 1045 681 εἰς
1071 621 1164 675 τήν
1220 615 1526 689 φιλοσοφίαν
1578 617 1853 691 ἀνάγονται
1894 641 1907 653 ·

776 976 843 1028 τά
895 976 994 1047 γάρ
1066 974 1181 1033 τελη

777 1156 836 1207 τὸ
867 1156 1018 1226 φύσει
1050 1149 1285 1206 δείκνυσι
1315 1156 1404 1205 καὶ
1433 1156 1490 1205 τὸ
1533 1156 1693 1221 θέσει,
1720 1160 1808 1208 καὶ
1836 1158 1864 1214 ἡ
1926 1160 2055 1230 πρὸς
2102 1156 2235 1208 αὐτά
2285 1164 2382 1207 τῶν

778 1250 967 1317 χυμῶν
1008 1244 1218 1315 ὁμοίως,
1250 1247 1341 1296 καὶ
1383 1245 1437 1295 αἱ
1501 1244 1755 1316 συζυγίαι
1806 1254 1905 1298 τῶν
1958 1254 2253 1312 κοινωνιῶν,
2295 1250 2384 1297 καὶ

779 1334 914 1385 κατά
944 1334 1027 1384 τόν
1056 1331 1209 1385 αὐτὸν
1239 1330 1390 1403 λόγον
1448 1334 1515 1385 τά
1570 1340 1664 1384 τού
1727 1333 1939 1406 λογικοῦ
1992 1335 2127 1395 ζὼου
2189 1335 2385 1406 φυσικά

784 1418 1067 1493 ἰδιώματα,
1121 1425 1210 1473 καὶ
1262 1428 1368 1481 πῶς
1424 1423 1512 1496 μεν
1558 1421 1731 1493 ἀγαθά
1803 1430 1913 1483 πῶς
1971 1419 2024 1474 δ’
2095 1421 2173 1489 οὒ,
2234 1422 2385 1473 ἅτινα

779 1509 969 1582 μᾶλλον
994 1516 1086 1562 τοῦ
1115 1510 1253 1562 θέσει
1282 1510 1310 1568 ή
1340 1516 1430 1563 τοῦ
1484 1512 1637 1581 φύσει
1682 1509 1818 1563 ἐστίν
1854 1532 1866 1545 ο
1902 1512 2036 1564 οὕτω
2073 1508 2137 1569 δή
2196 1516 2283 1563 καὶ
2337 1509 2384 1563 ἐν

780 1599 1103 1670 ἐπιστήμαις
1125 1603 1214 1651 καὶ
1245 1601 1459 1670 τέχναις
1499 1597 1727 1673 ἀναφανῇ
1781 1603 1839 1653 τὸ
1867 1602 2017 1673 φύσει
2072 1619 2125 1653 τε
2182 1604 2271 1652 καὶ
2325 1602 2381 1650 τὸ

783 1690 940 1744 θέσει.
983 1683 1127 1741 Εἰδέ
1164 1707 1243 1750 τις
1274 1685 1475 1763 ἀφορῶν
1516 1690 1594 1744 ὄὸι
1649 1690 1819 1743 πάντα
1874 1698 1967 1752 τῆς
2028 1692 2242 1761 φύσεως,
2297 1692 2386 1741 καὶ

780 1779 861 1830 ὅτι
920 1781 1070 1830 πᾶσα
1129 1781 1293 1849 τέχνη
1348 1785 1439 1839 τῆς
1496 1776 1807 1851 ἐπιστήμης,
1863 1784 1953 1832 καὶ
2014 1775 2106 1833 διά
2148 1786 2299 1832 τοῦτο
2353 1778 2381 1838 ή

778 1869 949 1921 πάντα
1022 1875 1113 1927 τῆς
1166 1868 1387 1938 φύσεως,
1462 1867 1491 1925 ἦ
1550 1865 1698 1923 οὐδὲν
1758 1868 1866 1920 ἐστι
1922 1870 2144 1941 φύσεως,
2203 1872 2293 1920 καὶ
2354 1867 2383 1928 ή

778 1958 947 2009 πάντα
996 1963 1091 2019 τῆς
1138 1954 1434 2029 ἐπιστήμης
1496 1957 1525 2016 ἣ
1589 1954 1712 2010 οὐδὲ
1766 1958 1814 2010 ἓν
1870 1956 2010 2010 ἐστιν
2068 1956 2385 2030 ἐπιστήμης,

778 2044 1054 2099 πλανᾶται.
1109 2041 1249 2098 Οὐδὲ
1302 2047 1403 2119 γάρ
1455 2045 1549 2109 ἔξω
1595 2054 1692 2109 τῆς
1741 2048 1941 2118 φύσεως
1995 2046 2151 2105 ἄλλην
2234 2048 2387 2118 φύσιν

784 2131 1076 2207 σπεύδομεν
1119 2130 1309 2203 δεῖξαι,
1336 2134 1463 2187 ἀλλά
1502 2137 1569 2187 τά
1597 2140 1669 2208 μή
1728 2138 1861 2189 κατά
1913 2138 2068 2209 φύσιν
2121 2140 2386 2208 γινόμενα.

782 2226 944 2279 εἵτουν
983 2226 1050 2276 τά
1088 2228 1159 2296 μὴ
1194 2222 1362 2285 καλῶς
1405 2229 1493 2277 καὶ
1525 2223 1829 2301 εἰλικρινῶς,
1880 2226 1985 2278 οἷον
2042 2229 2136 2283 τήν
2188 2226 2389 2297 μάχαι-

778 2332 874 2387 ραν
909 2314 935 2371 ἡ
972 2316 1126 2386 φύσις
1148 2313 1263 2385 εὗρέ
1291 2333 1342 2367 τι
1371 2321 1611 2387 πρᾶγμα,
1671 2321 1803 2366 κινεῖ
1841 2311 1899 2368 δὲ
1951 2335 2032 2376 τις
2078 2314 2238 2373 αὐτὴν
2290 2334 2390 2366 πα-

777 2403 1009 2478 ραλόγως
1043 2426 1055 2437 ε
1093 2398 1174 2478 ἆρ’
1224 2399 1310 2456 οὖν
1342 2402 1538 2475 ἀλόγως
1600 2407 1629 2463 ἡ
1674 2408 1826 2477 φύσις
1878 2405 1991 2479 εὗρε
2042 2409 2136 2463 τήν
2190 2406 2390 2477 μάχαι-

777 2511 872 2565 ραν
905 2509 917 2559 ;
949 2496 1173 2549 Οὔκουν.
1233 2492 1297 2546 Ἤ
1335 2495 1414 2546 ὅτι
1452 2498 1509 2546 τό
1568 2494 1757 2548 ἐσθίειν
1820 2497 1885 2546 τά
1932 2494 2043 2555 ζῶα
2091 2495 2304 2566 ἄριστον
2356 2498 2385 2554 ἠ

778 2583 930 2653 φύσις
972 2577 1134 2634 ἔδωκε
1178 2578 1321 2654 δόμα
1388 2598 1399 2611 ·
1459 2585 1515 2634 τὸ
1582 2586 1712 2656 πρὸς
1755 2587 1904 2656 κόρον
1964 2582 2153 2635 ἐσθίειν
2193 2583 2391 2655 εἰσάγει

780 2668 984 2743 βλάϐην
1020 2673 1091 2728 ’ἡ
1130 2673 1279 2743 φύσις
1334 2675 1391 2723 τὸ
1451 2669 1641 2724 ἐσθίειν
1699 2680 1802 2733 τοῖς
1862 2672 2012 2732 ζώοις
2062 2673 2134 2734 εἰς
2188 2671 2389 2745 βλάϐην

777 2758 940 2813 ἔδωκε
973 2780 988 2830 ;
1016 2767 1181 2813 Τοῦτο
1209 2758 1267 2818 δε
1298 2770 1402 2821 πῶς
1438 2778 1450 2829 ;
1495 2766 1597 2819 Καὶ
1664 2764 1763 2835 γάρ
1827 2764 2138 2814 συνιστάναι
2187 2761 2240 2825 ἐξ
2296 2762 2389 2814 ούκ

783 2854 926 2913 ὄντος
982 2853 1012 2909 ἠ
1065 2854 1219 2925 φύσις
1273 2847 1581 2907 σπεύδουσα
1642 2860 1752 2914 πῶς
1816 2854 1875 2904 τὸ
1951 2855 2081 2926 πρὸς
2131 2853 2389 2905 σύστασιν

2550 638 2607 671 σε
2638 615 2697 672 δὲ
2722 623 2779 670 τὸ
2812 617 3000 671 ἐσθίειν
3048 621 3078 676 ἡ
3136 620 3312 691 φύσις,
3343 618 3400 671 ού
3434 620 3715 692 φθαρτικὸν
3768 626 3867 670 τῶν
3899 638 4149 671 συνιστα-

2546 710 2706 779 μένων
2772 703 2869 760 διοί
2915 717 3130 783 τροφῆς,
3164 706 3290 759 ἀλλά
3319 707 3507 781 μᾶλλον
3556 711 3891 761 συστατικόν.
3944 715 4058 769 Πῶς
4093 705 4154 761 δὲ

2546 796 2835 849 πλεονεκτεῖ
2908 805 3020 859 τοῖς
3104 804 3345 870 φυσικοῖς
3425 793 3710 869 ἰδιώμασίν
3791 816 3867 859 τις
3942 804 4151 869 κρᾶσις,

2546 892 2635 939 καὶ
2674 886 2874 958 εἰσάγει
2904 889 2970 939 τὰ
3018 891 3089 959 μή
3137 890 3252 939 κατ’
3294 887 3491 939 εύθεῐαν
3526 890 3844 958 γιγνόμεναι,
3897 888 4020 951 οἷον,
4075 889 4155 939 ὅτι

3944 973 4153 1042 δέοῧς

2547 1064 2665 1119 Εἰσὶ
2730 1061 2790 1117 δέ
2833 1085 2965 1128 τινες
3012 1073 3189 1139 χεῖρες
3239 1070 3329 1117 καὶ
3383 1062 3728 1128 ἑξαδάκτυλοι
3762 1086 3774 1098 ο
3809 1070 3899 1117 καὶ
3946 1069 4004 1116 τὸ
4064 1068 4156 1136 μὲν

2545 979 2639 1033 τήν
2678 982 2837 1049 χεῖρα
2889 972 3182 1037 δακτύλους
3231 979 3373 1048 ἔχειν
3414 973 3496 1029 δεῖ
3552 978 3771 1048 φύσεως,
3834 975 3887 1038 ἓξ

2547 1156 2686 1227 ἔχειν
2726 1159 2819 1213 τήν
2848 1163 3008 1228 χεῖρα
3058 1152 3365 1220 δακτύλους,
3428 1157 3629 1227 φύσεως
3686 1172 3699 1184 ·
3753 1158 3809 1206 τό
3846 1151 3905 1206 δῖε
3946 1154 4159 1216 πλείους

2548 1247 2750 1315 φύσεως
2816 1248 2925 1316 μὲν,
2986 1243 3370 1316 ἀποτυχούσης
3423 1241 3481 1297 δὲ
3552 1251 3644 1295 τοῦ
3709 1250 3926 1298 σκοποῦ.
4000 1243 4159 1314 "Exn

2550 1329 2688 1384 διότι
2720 1337 2897 1385 καιτὸ
2954 1332 3283 1406 συμϐεϐηκός
3329 1352 3445 1385 τινα
3504 1328 3748 1405 δύναμιν.
3790 1331 3907 1406 ’Ἆρ’
3952 1328 4039 1384 οὖν
4091 1335 4161 1384 τὰ

2548 1420 2596 1473 ἐν
2655 1429 2717 1493 τῇ
2777 1424 2929 1493 φύσει
2974 1419 3147 1493 ἀγαθά
3182 1442 3194 1454 ι
3245 1425 3334 1473 καὶ
3393 1424 3464 1492 μὴ
3505 1419 3677 1490 ἀγαθά
3740 1437 3752 1450 ·
3812 1425 3901 1471 καὶ
3944 1422 4009 1471 τὰ
4066 1423 4159 1491 μὲν

2550 1508 2743 1580 ἀγαθὰ,
2779 1507 2889 1575 ἶσα,
2919 1512 2982 1562 τὰ
3028 1506 3086 1562 δὲ
3129 1513 3200 1582 μή
3236 1508 3411 1581 ἀγαθά
3462 1508 3576 1561 κατ’
3637 1507 3881 1580 ἐλλείψεις
3930 1507 4162 1581 ἐπισυμ-

2550 1598 2711 1652 ϐαίνει
2742 1619 2794 1652 τε
2834 1604 2922 1652 καὶ
2948 1598 3322 1672 πλεονασμούς.

2622 1688 2698 1763 β’.
2752 1697 2928 1742 Παντα
2957 1692 3046 1762 μεν
3096 1686 3183 1741 οὖν
3235 1687 3514 1759 ἀνάγονται
3562 1687 3630 1749 εἰς
3687 1692 3781 1746 τήν
3837 1690 4011 1759 φύσιν,
4070 1708 4164 1739 και

2550 1784 2698 1831 πάσα
2728 1780 2963 1850 μάθησις
2997 1778 3067 1839 εἰς
3114 1781 3208 1835 τὴν
3240 1775 3461 1829 καθόλου
3492 1772 3757 1847 παιδείαν,
3808 1776 3872 1837 ἧς
3922 1774 4064 1827 ἐστιν
4127 1778 4159 1834 ἠ

2552 1867 2850 1940 φιλοσοφία,
2905 1868 3008 1919 οἷον
3062 1866 3325 1939 ὀφθαλμός
3374 1870 3463 1918 καὶ
3517 1864 3795 1939 ἀκρώρεια,
3846 1864 4032 1917 Πολλοὶ
4102 1863 4165 1918 δὲ

2551 1962 2641 2009 καὶ
2679 1957 2987 2033 παραλόγως
3036 1956 3462 2028 συλλογιζόμενοι
3510 1954 3937 2027 ὑπολαμϐάνουσι
3988 1956 4055 2006 τά
4086 1958 4161 2027 μὴ

2553 2048 2686 2098 κατά
2736 2048 2909 2118 φύσιν.
2964 2044 3115 2099 Ἔστι
3172 2042 3229 2097 δὲ
3285 2044 3458 2105 αὐτοῖς
3501 2047 3560 2096 τὸ
3610 2042 4008 2115 συλλογίζεσθαι
4053 2063 4165 2095 ποι-

2552 2134 2801 2211 ραλόγως,
2872 2136 2952 2186 ὅτι
2998 2135 3063 2186 τά
3133 2138 3203 2205 μή
3258 2135 3393 2185 κατά
3455 2135 3610 2204 φύσιν
3681 2129 4162 2203 ὑπολαμϐάνουσιν.

2555 2224 2665 2276 Ούκ
2698 2226 2808 2276 ἔστι
2843 2221 2922 2291 δε,
2956 2225 3089 2275 κατά
3120 2226 3206 2275 τὸν
3236 2225 3354 2296 ἐμόν
3393 2221 3564 2293 λόγον,
3612 2221 3670 2274 ού
3712 2230 3806 2282 τῆς
3851 2223 4053 2293 φύσεως
4099 2223 4165 2274 τὸ

2553 2318 2624 2385 μή
2668 2316 2802 2365 κατά
2834 2317 3009 2385 φύσιν,
3081 2310 3207 2364 ἀλλά
3253 2315 3454 2385 φύσεως
3496 2313 3608 2383 μὲν,
3649 2310 4053 2383 πλημμελούσης
4102 2306 4166 2363 δὲ

2554 2406 2583 2464 ᾖ
2627 2404 2948 2480 ἀπορούσης.
2994 2408 3095 2456 Καὶ
3128 2406 3194 2455 τὰ
3250 2411 3340 2463 τῆς
3386 2398 3632 2463 παιδείας
3694 2403 3963 2463 ὡσαύτως.
4018 2401 4167 2453 Ἐπεὶ

2552 2498 2653 2567 γὰρ
2709 2499 2798 2546 καί
2837 2498 2967 2555 τινές
3010 2514 3138 2566 φασι
3178 2494 3271 2554 τὰς
3311 2492 3505 2552 οἰκείας
3550 2488 3843 2564 διακρίσεις
3898 2489 4166 2541 εύλολοῦν-

2552 2602 2652 2652 τες,
2683 2582 2898 2655 Ὀνόμος
2925 2580 3052 2648 εἶπε,
3082 2578 3220 2654 μηδὲ
3282 2586 3373 2639 τήν
3429 2588 3520 2633 τοῦ
3568 2584 3726 2652 νόμου
3782 2578 3963 2652 βίϐλον
4024 2575 4165 2631 ἰδόν-

2552 2691 2657 2741 τες,
2711 2676 2800 2724 καὶ
2838 2675 2896 2724 τὸ
2936 2676 3024 2745 μεν
3070 2673 3123 2735 ἐξ
3153 2670 3451 2743 ἐπιστήμης
3482 2671 3663 2743 όρμᾷν,
3718 2673 3842 2731 ἴσως
3900 2667 3980 2734 ἂν,
4047 2670 4165 2720 τού-

2551 2782 2659 2823 τοις
2690 2761 2966 2833 ἐγγίνεται,
3023 2764 3083 2814 τὸ
3137 2757 3195 2813 δὲ
3230 2766 3300 2832 μή
3336 2762 3471 2812 κατὰ
3510 2763 3632 2821 τοὺς
3681 2756 3974 2830 ἐπιστήμης
4003 2762 4164 2810 κανό-

2552 2872 2646 2915 νας
2688 2854 2924 2924 φάσκειν,
2990 2851 3048 2904 ού
3089 2849 3278 2911 τελείας
3352 2858 3444 2912 τῆς
3500 2847 3816 2921 ἐπιστήμης.
3881 2854 4047 2901 Τοῦτο
4101 2843 4165 2900 δὲ

750 3137 1062 3210 quomodo
1091 3136 1270 3193 etiam
1302 3152 1425 3193 non
1457 3135 1655 3203 bonae,
1697 3152 1833 3210 quae
1857 3136 1997 3192 item
2024 3136 2220 3207 magis
2250 3137 2409 3209 posi-
2447 3139 2487 3193 C
2518 3136 2770 3193 habeat?
2790 3139 3384 3195 Suntautemmanus
3398 3134 3832 3208 quaedamque;
3846 3133 4195 3190 sexbabent

751 3228 915 3283 tione
942 3230 1238 3295 constant,
1268 3242 1454 3298 quam
1494 3230 1744 3283 natura:
1775 3226 1858 3281 ita
1885 3225 2135 3282 etiamin
2150 3225 2409 3282 scientiis

750 3322 807 3373 et
827 3316 1445 3374 artibusluculentum
1503 3316 1744 3385 exsistit,
1789 3316 1955 3389 quod
2004 3320 2222 3372 natura
2273 3332 2412 3372 con-

751 3412 934 3463 statet
965 3406 1132 3479 quod
1154 3406 1470 3478 positione.
1498 3406 1669 3471 Quod
1700 3406 1894 3479 siquis
1910 3406 2155 3461 animad
2175 3409 2409 3461 vertens

749 3496 954 3552 omnia
976 3500 1349 3551 essenaturae
1379 3499 1436 3551 et
1461 3510 1707 3550 omnem
1749 3500 1938 3551 artem
2005 3495 2273 3550 revocari
2330 3495 2409 3550 ad

749 3584 1083 3651 scientiam,
1119 3589 1175 3639 et
1194 3584 1416 3639 idcirco
1431 3584 1884 3639 asseratomnia
1902 3599 2030 3639 esse
2045 3589 2291 3650 naturae,
2308 3588 2410 3639 aut

747 3672 896 3729 nihil
919 3689 1047 3729 esse
1079 3678 1327 3739 naturm,
1351 3673 1615 3745 itemque
1642 3678 1745 3729 aut
1781 3673 1927 3728 nihil
1956 3688 2084 3728 esse
2125 3673 2405 3727 scientiae:

747 3762 927 3832 longe
959 3762 1414 3835 fallitur.Neque
1456 3763 1617 3817 enim
1676 3767 1842 3819 extra
1890 3767 2170 3818 naturam
2225 3762 2409 3817 aliam

746 3858 1028 3909 naturam
1058 3851 1362 3921 volumus,
1386 3857 1489 3907 aut
1520 3868 1848 3924 possumus
1903 3852 2243 3919 ostendere,
2302 3851 2410 3906 sed

748 3958 883 4014 qum
914 3958 986 3997 ex
1005 3946 1219 3998 natura
1250 3957 1373 3999 non
1413 3942 1703 3998 exsistunt
1731 3942 1989 3997 dicimus
2019 3941 2119 3997 illa
2145 3958 2275 3997 esse
2304 3940 2409 3996 ab-

746 4032 1011 4099 ventitia,
1036 4032 1151 4087 hoc
1181 4035 1285 4102 est,
1311 4048 1447 4104 quas
1475 4047 1594 4087 non
1621 4032 1906 4103 praeclare
1929 4036 1986 4087 et
2013 4032 2240 4087 sincere
2283 4030 2408 4085 etii-

747 4122 986 4177 ciuntur
1021 4125 1105 4191 ut,
1164 4121 1423 4193 exempli
1481 4122 1691 4190 gratia,
1751 4126 1966 4177 natura
2033 4136 2141 4192 per
2225 4125 2412 4176 artem

749 4210 1148 4267 conformavit
1171 4226 1298 4266 rem
1328 4209 1620 4282 aliquam,
1649 4214 1714 4266 ut
1739 4211 2027 4283 gladium,
2061 4226 2183 4282 quo
2197 4209 2411 4282 aliquis

749 4302 930 4356 utitur
955 4305 1169 4373 praeter
1194 4299 1507 4369 rationem,
1552 4316 1629 4355 an
1649 4300 1870 4355 idcirco
1918 4305 2135 4355 natura
2200 4303 2413 4371 praeter

747 4392 1039 4447 rationem
1068 4388 1663 4460 galdiuminvenisse
1686 4390 1913 4444 dicetur
1957 4391 1984 4445 ‘?
2036 4392 2163 4445 Non
2218 4389 2409 4461 profe-

2520 3227 2758 3296 digitos,
2792 3242 2862 3282 ac
2892 3241 3123 3282 manun
3149 3225 3396 3298 quidem
3444 3240 3547 3280 sex
3568 3225 3792 3280 habere
3830 3224 4051 3293 digitos
4101 3228 4195 3279 est

2520 3320 2769 3383 naturae,
2803 3332 2909 3388 sep
2937 3316 3140 3388 plures
3162 3314 3387 3371 habere
3417 3319 3555 3370 tunc
3585 3314 3833 3383 contigit
3878 3329 4019 3368 cum
4079 3328 4194 3368 na-

2521 3412 2652 3463 tura
2679 3423 2931 3479 scopum
2972 3422 3095 3461 non
3117 3406 3519 3478 consequitur.
3546 3408 3695 3460 Nam
3730 3404 4063 3460 adventitia
4089 3404 4187 3459 vis

2520 3496 2848 3569 aliquando
2891 3495 3123 3568 aliquid
3180 3494 3415 3551 efﬁcere
3456 3498 3668 3567 potest.
3730 3496 3877 3550 Sunt
3910 3493 4093 3562 igitur
4129 3494 4195 3549 in

2517 3592 2735 3642 natura
2766 3586 2929 3642 bona
2956 3591 3153 3641 etnon
3202 3586 3383 3641 bona.
3410 3586 3493 3639 Ac
3541 3584 3705 3640 bona
3752 3584 3999 3656 quidem
4051 3588 4197 3638 sunt

2521 3693 2714 3748 aequa,
2740 3691 2861 3731 non
2893 3676 3057 3732 bona
3110 3691 3254 3731 vero
3285 3691 3356 3730 ex
3406 3674 3643 3730 defectu
3698 3678 3754 3729 et
3808 3672 4196 3730 abundantia

2519 3766 2723 3821 nolent
2754 3766 3055 3821 exsistere.

2594 3856 2807 3912 Omnia
2843 3856 3022 3925 igitur
3060 3856 3138 3911 ab
3184 3859 3464 3911 naturam
3483 3858 3865 3919 revocantur,
3900 3857 3958 3907 et
3988 3852 4196 3908 omnis

2521 3944 2840 4016 disciplina
2876 3944 2953 4001 ad
2987 3944 3330 4017 generalem
3359 3943 3750 4000 eruditionem
3790 3943 3963 4012 cujus
3998 3941 4198 4013 pbilo~

2522 4034 2736 4106 sophia
2752 4040 2839 4090 est
2857 4039 3153 4107 tanquam
3183 4033 3395 4090 oculus
3425 4039 3481 4089 et
3515 4046 3809 4088 cacumen
3843 4031 4024 4087 .Multi
4052 4047 4199 4087 vero

2519 4129 2728 4197 praeter
2745 4125 3040 4180 rationem
3071 4123 3417 4194 colligentes
3462 4122 3805 4178 existimant
3836 4136 3966 4176 esse
4031 4136 4199 4190 quae-

2521 4214 2663 4269 dam
2696 4229 2821 4269 non
2860 4218 3181 4269 exnatura.
3208 4211 3589 4270 Concludunt.
3617 4215 3820 4266 autem
3849 4213 4067 4282 praeter
4098 4226 4199 4265 ra-

2519 4304 2744 4359 tionem
2772 4319 2910 4359 cum
2939 4303 3142 4376 aliqua
3164 4318 3287 4358 non
3326 4317 3399 4357 ex
3429 4306 3645 4357 natura
3670 4316 3799 4357 esse
3821 4299 4198 4365 existimant,

2521 4393 2626 4448 sed
2657 4408 2792 4448 mea
2813 4393 3056 4466 quidem
3090 4393 3399 4457 sententia,
3426 4407 3562 4463 quae
3576 4406 3699 4447 non
3714 4395 3935 4445 suntex
3950 4393 4199 4458 natura,

748 4485 862 4536 cto.
889 4483 1007 4536 Aut
1030 4480 1174 4551 quia
1195 4495 1438 4535 sensum
1464 4479 1625 4534 hunc
1666 4480 1961 4550 Optimum
1987 4484 2204 4535 natura
2243 4478 2409 4533 dedi-
2444 4500 2486 4554 ο
2520 4482 2620 4539 illa
2649 4498 2771 4538 non
2803 4488 2943 4538 sunt
2964 4482 3221 4537 dicenda
3245 4497 3367 4537 non
3400 4496 3529 4536 esse
3556 4485 3811 4548 natura,
3847 4494 3989 4533 eum
4016 4483 4203 4533 natu-

749 4569 1178 4639 animantibus,
1213 4568 1377 4641 quod
1404 4568 1559 4623 vesci
1582 4572 1853 4641 oporteat
1885 4568 2077 4624 :vesci
2100 4571 2298 4624 autem
2333 4568 2411 4623 ad

748 4660 1081 4715 satietatem
1128 4662 1216 4713 est
1247 4658 1750 4724 incommodum;
1800 4673 1878 4713 an
1933 4657 2155 4713 idcirco
2196 4662 2412 4713 natura

747 4748 1159 4806 animantibus
1208 4746 1373 4803 dedit
1423 4752 1489 4802 ut
1542 4747 1929 4803 incommode
1981 4749 2412 4802 vescerentur?

746 4839 978 4896 Etenim
1001 4854 1141 4894 cum
1176 4843 1397 4893 natura
1442 4836 1819 4893 conformare
1884 4836 2189 4893 constituit
2246 4837 2411 4911 quod

745 4932 1031 4996 nonerat,
1084 4942 1206 4999 quo
1251 4931 1428 4998 pacto
1477 4926 1555 4983 ad
1614 4926 2177 4995 conformationem,
2241 4924 2409 4999 quod

744 5019 868 5075 vim
891 5016 1076 5073 habet
1104 5014 1510 5082 interimendi,
1538 5020 1774 5087 pararet
1805 5016 1832 5071 ?
1866 5014 1979 5071 Sed
1999 5030 2144 5071 sane
2158 5016 2411 5071 bocnon

746 5110 835 5164 est
870 5110 1121 5162 naturae.
1179 5105 1397 5160 Contra
1434 5104 1594 5158 vesci
1625 5102 1912 5158 animalia
1940 5102 2131 5159 voluit
2170 5106 2408 5169 natura,

744 5210 868 5252 non
882 5198 947 5250 ut
965 5194 1024 5249 in
1044 5192 1525 5248 interimerentur
1536 5190 1846 5255 animalia,
1861 5206 1996 5263 quae
2029 5195 2413 5247 vescerentur

745 5285 853 5342 sed
899 5284 1098 5357 potius
1148 5281 1363 5338 melius
1413 5282 1914 5337 constituerentur
1991 5286 2046 5337 et
2123 5281 2411 5336 corrobo-

743 5378 1036 5432 rarentur.
1092 5371 1207 5429 Sed
1255 5372 1360 5445 qui
1414 5371 1478 5426 tit
1531 5376 1592 5426 ut
1630 5386 1911 5427 excessus
1960 5371 2076 5427 sint
2130 5386 2413 5426 nonnun-

744 5478 933 5536 quam
965 5477 1036 5517 ex
1057 5477 1342 5535 perversa
1382 5460 1811 5532 temperatione
1857 5458 2227 5516 naturalium
2280 5476 2416 5533 pro-

744 5553 1093 5626 prietatum,
1122 5555 1179 5608 et
1206 5551 1397 5607 multa
1429 5567 1552 5607 non
1605 5555 1760 5607 recte
1799 5551 2119 5607 constituta
2168 5554 2223 5607 et
2279 5566 2417 5607 con-

744 5642 1012 5700 formata
1069 5642 1133 5698 iu
1193 5640 1393 5698 lucem
1452 5640 1729 5709 edantur,
1791 5644 1875 5709 ut,
1918 5640 2167 5714 exempli
2202 5641 2413 5712 gratia,

743 5729 863 5793 hoc
882 5735 1115 5791 naturae
1156 5736 1245 5791 est
1267 5736 1333 5790 ut
1350 5744 1572 5790 manus
1613 5730 1880 5804 quinque
1898 5730 2137 5803 digitos,
2163 5746 2286 5789 non
2311 5747 2419 5789 sex

2519 4589 2600 4628 rre
2647 4573 2780 4642 sint,
2839 4572 2944 4627 sed
2990 4572 3383 4637 abundantis,
3423 4575 3527 4626 aut
3576 4570 3782 4625 inedia
3830 4568 4197 4623 laborantis.

2521 4662 2683 4717 Idem
2706 4661 3101 4732 judicandum
3136 4664 3224 4715 est
3247 4659 3322 4714 de
3352 4658 3465 4714 illis
3496 4675 3633 4730 quae
3668 4657 3747 4713 ab
3790 4656 4202 4712 eruditionem

2518 4750 2836 4823 pertinent.
2862 4749 3159 4815 Quoniam
3180 4747 3341 4803 enim
3372 4747 3625 4820 quidam
3675 4762 3817 4801 suas
3861 4744 4201 4800 sententias

2520 4836 3189 4911 proferuntetlaudant,
3213 4837 3477 4891 dicentes
3499 4835 3695 4904 legem
3742 4834 3824 4889 ita
3844 4832 4061 4904 jubere
4093 4837 4203 4888 aut

2520 4928 2763 4994 dictare,
2799 4944 2937 4982 cum
2956 4925 3391 4983 tamenlibrum
3406 4924 3553 4994 legis
3570 4938 3888 4995 nunquam
3910 4921 4199 4991 viderint,

2518 5016 2648 5072 ﬁeri
2668 5018 2866 5089 potest
2894 5015 3210 5071 utinitium
3236 5030 3360 5086 quo
3382 5013 3706 5069 incitantur
3738 5010 3819 5066 ad
3865 5008 4202 5065 dicendam

2520 5104 2875 5160 sententiam
2901 5119 2938 5159 a
2967 5102 3214 5158 scientia
3244 5101 3696 5174 proﬁciscatur:
3731 5097 3835 5154 sed
3878 5096 4030 5153 illud
4063 5113 4203 5153 sen-

2519 5193 2627 5250 tire
2668 5197 2724 5250 et
2751 5193 2949 5248 dicere
2976 5208 3099 5248 non
3126 5208 3199 5247 ex
3226 5190 3485 5247 scientiae
3515 5188 3759 5259 regulis,
3792 5202 3916 5243 non
3948 5190 4041 5241 est
4093 5186 4206 5242 ho-

2520 5282 2698 5338 minis
2723 5282 2784 5337 in
2816 5281 3061 5337 scientia
3084 5280 3239 5336 bene
3269 5279 3593 5335 exercitati.
3646 5280 3767 5333 Hoc
3819 5280 4026 5331 autem
4079 5290 4205 5330 usu

2521 5373 2722 5428 venire
2748 5371 2938 5427 multis
2968 5370 3505 5435 animadvertimus,
3530 5383 3784 5440 quorum
3815 5381 3927 5421 nos
3958 5360 4204 5420 miseret

2523 5466 2579 5518 et
2608 5462 2691 5518 eis
2722 5462 2944 5518 idcirco
2970 5460 3300 5533 parcimus.
3327 5462 3459 5515 Haec
3491 5462 3693 5514 autem
3721 5472 3791 5511 eo
3820 5454 4111 5524 diximus,
4138 5458 4205 5509 ut

2524 5552 2918 5609 ostendamus
2952 5566 3063 5607 nos
3094 5549 3251 5606 nolle
3303 5547 3554 5605 alteram
3600 5546 3869 5619 quadam
3908 5548 4205 5600 naturam

2523 5641 2640 5698 hoc
2660 5644 2865 5697 nostro
2892 5642 3115 5712 scripto
3135 5653 3497 5712 proponere,
3526 5651 3666 5692 cum
3696 5639 3974 5691 naturam
3990 5637 4203 5705 ctqua:

2527 5748 2647 5790 usu
2671 5730 2874 5788 venire
2905 5729 3099 5789 solent
3129 5730 3192 5787 in
3222 5723 4045 5799 naturaextemperationum
4058 5737 4206 5796 pro-
