4444 6452
268 396 402 450 1345

262 516 504 576 πολλάκις
548 512 847 584 συμϐαίνειν
907 512 977 574 εἰς
1056 530 1200 572 τινας
1279 508 1502 584 εἴδομεν,
1577 508 1665 569 οὖς

263 607 619 678 οἰκτιζόμεθα,
672 600 766 656 ὃιά
813 610 966 655 τοῦτο
1021 602 1126 674 οὐχ
1169 602 1342 678 ἑτέραν
1393 605 1548 673 φύσιν
1607 592 1917 655 σπεύδοντες

267 693 454 762 δεῖξαι,
509 699 713 746 τουτονὶ
767 696 824 744 τό
882 687 1204 764 σπουδασμα
1280 699 1550 763 πονοῦμεν,
1628 686 1754 739 ἀλλά
1821 689 1916 742 τήν

266 789 418 858 φύσιν
461 788 552 836 καὶ
599 787 663 835 τὰ
708 780 754 833 ἐν
804 781 932 854 αὐτῇ
982 784 1113 832 κατα
1167 782 1398 855 κράσεων
1475 776 1741 836 ἰδιότητας
1813 772 1918 825 ἐπι-

268 873 640 947 συμϐαίνοντα.
672 870 821 923 ’Ἐστι
876 867 934 922 δέ
987 871 1155 923 πάντα
1204 869 1251 921 ἐν
1301 878 1361 941 τῇ
1420 871 1588 940 φύσει,
1636 869 1725 917 καὶ
1772 869 1920 915 πᾶσα

264 969 422 1036 τέχνη
448 962 495 1015 ἐν
549 961 837 1033 ἐπιστήμη·
905 964 1139 1034 Διαφέρει
1203 955 1260 1012 δὲ
1313 960 1340 1018 ἡ
1398 965 1522 1030 τιμῇ
1575 957 1602 1016 ἡ
1655 958 1917 1016 ποιότητι,

264 1056 293 1114 ἡ
333 1055 602 1125 συνηθείᾳ,
646 1052 675 1110 ἦ
736 1057 902 1102 ποσοῦ
956 1058 1052 1121 ῑσῳ
1111 1054 1201 1102 καὶ
1263 1057 1335 1120 τῷ
1385 1047 1567 1118 ἀνίσῳ,
1641 1045 1670 1103 ἡ
1755 1043 1922 1094 ἀνέσει

266 1147 355 1196 καὶ
405 1141 661 1209 ἐπιτάσει,
712 1144 799 1192 καὶ
847 1139 960 1191 κατ’
1012 1137 1197 1200 ἀλλους
1244 1137 1447 1209 λόγους,
1526 1131 1629 1187 οἷον

267 1236 354 1304 μεν
389 1232 621 1303 Κορίνθῳ
641 1233 700 1281 τό
761 1230 1036 1300 μουσικόν,
1093 1227 1354 1299 Θετταλίᾳ
1415 1223 1475 1278 δὲ

1706 1139 1924 1204 τιμᾶται

1529 1227 1584 1277 τό
1623 1224 1920 1296 ὑφαντικόν,

268 1324 296 1382 ἢ
348 1326 547 1393 Νικαία
599 1323 656 1373 τὸ
713 1319 1029 1391 φιλοσοφεῖν,
1078 1317 1387 1389 Φιλοσοφεῖα
1436 1313 1492 1368 δὲ
1576 1334 1634 1368 το
1713 1332 1927 1366 σκυτεν·

267 1414 428 1464 τικόν·
457 1415 534 1462 Τά
565 1412 653 1482 μεν
711 1408 798 1461 οὖν
857 1407 1120 1480 ἀμφότερα
1167 1403 1429 1475 παιδείας,
1495 1409 1592 1478 μία
1730 1403 1922 1458 ἑκάστη

269 1504 439 1572 τίμιον
467 1500 708 1551 οἵεταιτό
777 1498 802 1548 ὃ
856 1502 1003 1568 τιμᾷ.
1064 1501 1311 1553 Ποιότητι
1371 1491 1450 1560 δὲ,
1519 1497 1583 1554 ως
1644 1496 1702 1544 τό
1759 1491 1925 1562 γλυκὺ

269 1594 568 1655 ποιότητος,
634 1590 692 1639 τό
748 1585 936 1638 ἀλνκὸν
987 1590 1281 1645 ποιότητος.
1352 1585 1666 1655 Λιχνεύεται
1743 1578 1794 1633 δ’
1877 1578 1925 1632 ἐν

271 1679 439 1738 ἄλλοις
497 1681 552 1730 τό
609 1681 679 1749 μὴ
731 1682 838 1737 τοῖς
888 1673 1058 1736 ἄλλοις
1131 1673 1301 1743 ἐφετὸν
1384 1677 1455 1724 ὄν·

271 1776 367 1830 τῆς
393 1771 667 1826 ποιότητος
697 1767 869 1837 ἄμφω,
935 1765 1182 1836 συνηθείᾳ
1241 1759 1320 1829 ὃε,
1376 1765 1444 1823 ως
1500 1763 1725 1834 ὑφάντης
1773 1764 1926 1834 μέρος

275 1859 706 1931 ἰστοιργηματων
773 1853 948 1914 ἐθίσας
1017 1854 1267 1924 ὑφαίνειν,
1327 1848 1562 1925 ὃιαφέρεί
1635 1857 1726 1902 τοῦ
1829 1852 1929 1902 ἔτει

272 1967 358 2021 ρον
384 1949 704 2019 ὑφαίνοντος.
736 1942 863 2016 Ἱσῳ
904 1939 963 1996 δε
1007 1949 1097 1995 καὶ
1146 1941 1327 2014 ἀνίσῳ,
1387 1944 1458 2003 ως
1507 1940 1755 2012 Αἰγύπτῳ
1801 1960 1931 1993 παν-

273 2034 516 2090 τοδαπῶν
569 2034 768 2096 πλῆθος
851 2041 1083 2107 καρπῶν,
1146 2039 1259 2103 Κοῷ
1337 2027 1396 2084 δὲ
1473 2033 1656 2091 πάντες
1736 2034 1926 2105 καρποὶ

274 2130 384 2199 μὲν,
430 2125 525 2178 οὐκ
563 2123 608 2185 ἐς
645 2128 797 2176 τόσον
856 2119 915 2176 δε
957 2123 1092 2174 κατά
1147 2141 1206 2193 ’γε
1261 2125 1443 2186 ποσόν,
1497 2119 1628 2179 πλὴν
1692 2115 1749 2172 δὲ
1823 2120 1931 2171 ἶσοι

275 2215 368 2268 κάν
414 2211 634 2287 διαφέρῃ
686 2211 848 2284 ἀνίσῳ
897 2217 987 2264 καὶ
1041 2215 1161 2282 ἴσῳ,
1216 2209 1450 2263 ἐπιτάσει
1497 2207 1556 2262 δὲ
1598 2214 1687 2261 καὶ
1739 2207 1930 2278 ἀνέσει,

276 2306 344 2366 ὡς
423 2301 786 2376 Ἀριστοτέλης
861 2300 1149 2374 φιλοσοφεῖ,
1227 2298 1356 2352 ἀλλὰ

275 2389 426 2446 Ἐστι
469 2387 527 2444 δε
574 2392 603 2450 ὴ
656 2389 938 2463 φιλοσοφία
1016 2393 1255 2458 ποιότης,

1454 2305 1543 2351 καὶ
1625 2298 1928 2370 Σιμπλίκος,

1341 2384 1559 2460 δέχεται
1636 2384 1932 2440 δ’ἐπίτασιν

1799 2477 1936 2552 ”Αρα

273 2568 619 2644 Ἀριστοτέλει
687 2575 778 2622 καὶ
847 2569 1133 2642 Σιμπλικίῳ
1204 2570 1233 2627 ἡ
1288 2567 1571 2641 φιλοσοφία
1646 2567 1935 2641 φιλοσοφεῖ-

276 2486 366 2534 καὶ
415 2483 609 2548 ἄνεσιν,
669 2485 760 2533 καὶ
809 2480 924 2532 κατ’
975 2477 1212 2532 ἐπίτασίν
1257 2498 1310 2531 τε
1365 2483 1453 2530 καὶ
1520 2477 1715 2533 ἄνεσιν.

277 2681 386 2718 ται.
415 2664 594 2714 Πάντα
625 2659 714 2732 μέν
769 2659 856 2711 οὖν
913 2655 1007 2712 διὰ
1046 2666 1210 2712 ταῦτα
1259 2657 1587 2731 φιλοσοφίας,
1631 2662 1723 2710 καὶ
1766 2659 1938 2711 πάντα

281 2758 694 2826 σταρατηγικῆς,
724 2753 814 2802 καὶ
860 2751 1032 2802 πάντα
1095 2749 1392 2821 ὑφαντικῆς.
1449 2752 1540 2800 καὶ
1582 2749 1753 2801 πάντα
1801 2768 1936 2824 χρυ-

1166 385 1520 444 THEODORI
1559 380 1603 439 ll
1631 378 1765 438 1MP.
1799 378 1888 435 DE
1917 377 2379 445 COMMUNIONE
2418 390 2792 447 NATURALI.

1746 500 1994 577 φειδοῖΑ
2027 517 2288 585 σοχοείας,
2336 519 2421 567 καὶ
2485 517 2655 568 πάντα
2708 521 3026 582 τεκτονικῆς,
3111 531 3202 565 και
3291 514 3462 566 πάντα

2032 2216 2150 2284 περί
2189 2215 2282 2269 την
2341 2211 2621 2280 ὑφαντικήν
2655 2228 2668 2242 -

3540 392 3676 448 1346

3550 521 3676 586 μιᾶς

2027 601 2249 662 ἑκάστης
2281 605 2437 680 οὗπερ
2483 607 2641 658 ἔστιν.
2696 603 2854 658 ἐστίν.
2911 603 3064 675 Ἔχει
3124 599 3181 656 δε
3237 623 3326 655 και
3353 608 3445 661 την
3495 599 3678 676 διαφο-

2027 695 2120 766 ρὰν
2159 697 2292 746 κατά
2319 698 2406 756 τὰς
2455 704 2552 748 τῶν
2593 694 2640 747 ἐν
2688 693 2968 767 φιλοσοφία
3027 701 3352 766 κατηγοριῶν
3410 698 3678 754 κοινωνίας

2027 802 2117 834 και
2167 779 2473 846 διαστολάς·
2537 783 2813 855 ἀνάγονται
2872 779 2930 835 δὲ
2984 781 3051 844 εἰς
3109 787 3192 840 τὴν
3235 781 3439 851 οὐσίαν,
3503 784 3677 856 ὥσπερ

2029 872 2253 942 ἅπασαι,
2285 874 2419 926 οὕτω
2451 869 2518 930 δὴ
2563 893 2652 924 και
2698 872 2768 932 εἰς
2825 876 2918 930 την
2969 873 3124 943 φύσιν
3171 873 3237 923 τά
3288 869 3335 922 ἐν
3388 878 3448 943 τῇ
3506 874 3677 943 φύσει,

2028 959 2122 1012 κάν
2178 960 2522 1035 ἀποτυγχάνῃ
2582 968 2673 1013 τοῦ
2732 959 2869 1027 ὅλου,
2929 958 3023 1011 κάν
3078 963 3176 1031 ῖσῳ
3226 963 3355 1033 πρὸς
3405 964 3462 1011 τό
3548 962 3682 1011 κατά

2032 1054 2185 1122 φύσιν
2218 1057 2377 1124 τρέχῃ
2436 1050 2639 1125 ῥυθμῷ.
2690 1049 2944 1123 ’Υπάρχει
2994 1045 3052 1101 δὲ
3099 1051 3164 1101 τά
3213 1049 3327 1106 τέλη
3380 1051 3570 1102 τούτων
3616 1049 3683 1100 τά

2032 1144 2120 1212 μὲν
2148 1146 2385 1214 κρείττω,
2427 1144 2491 1192 τα
2542 1137 2601 1193 δὲ
2667 1145 2850 1215 χείρω.
2903 1137 3061 1191 Ὠστε
3109 1138 3167 1191 οὗ
3223 1141 3358 1191 κατά
3416 1143 3474 1191 τὸ
3533 1141 3684 1210 φύσει

2033 1235 2313 1302 κρίνονταν
2381 1230 2423 1282 εἰ
2513 1233 2610 1305 γαρ
2669 1228 2924 1304 ἐκρίνοντο
3004 1230 3136 1281 κατά
3213 1231 3390 1300 φύσιν,

2035 1318 2096 1371 ἀν
2142 1339 2228 1371 και
2282 1319 2540 1391 Θετταλία
2595 1321 2665 1380 ὡς
2723 1319 2953 1392 Κορίνθῳ

3473 1227 3684 1301 ἐτιμᾶτο

3029 1321 3085 1370 τό
3171 1322 3442 1389 μουσικόν·
3493 1315 3686 1389 ἑτι-ἆσαι

2035 1410 2135 1482 γάρ
2169 1409 2224 1460 αἱ
2282 1413 2574 1480 συμφωνίαι
2628 1411 2718 1459 καὶ
2765 1410 2820 1458 αι
2876 1405 3049 1469 τάξεις
3103 1415 3367 1478 μουσικῆς
3415 1406 3513 1459 εἰσι
3565 1407 3686 1458 Οςω-

2035 1502 2172 1570 ρίας.
2219 1496 2568 1568 Συμξάλλεται
2619 1492 2676 1548 δε
2739 1500 3014 1568 συμφωνία
3085 1515 3175 1547 και
3246 1494 3393 1557 τάξις
3466 1493 3544 1547 ἀεί
3615 1495 3688 1556 εἰς

2039 1586 2278 1659 οἰκισμόν
2352 1585 2544 1637 πόλεων
2622 1603 2675 1636 τε
2747 1603 2836 1636 και
2918 1589 3142 1656 κόσμον·
3215 1581 3394 1643 ἐπειδὴ
3473 1585 3687 1652 πόλεων,

1543 1671 1796 1746 ’Υπάρχει
1868 1666 1926 1723 δὲ
1966 1676 2009 1729 Β
2040 1675 2312 1746 ὖφαντικόν
2358 1670 2416 1726 δὲ
2473 1671 2531 1725 οὗ
2587 1677 2872 1731 συνίστησι
2919 1672 3086 1727 πόλιν.
3143 1675 3212 1725 Τό
3250 1675 3346 1744 μευ
3385 1673 3486 1747 γάρ
3549 1670 3688 1724 ἀναι-

2038 1766 2178 1838 ρεοεν
2246 1762 2502 1835 ἀφανίσει,
2559 1765 2615 1814 τὸ
2681 1757 2739 1814 δὲ
2809 1760 3106 1834 ἀφανισθὲν,
3177 1760 3270 1814 οὐκ
3329 1760 3572 1834 ἀφανίσει
3611 1762 3693 1814 ὅτι

2040 1855 2164 1906 αὐτό
2193 1853 2497 1924 ἠφάνισται·
2550 1853 2684 1904 ὥστε
2731 1855 2790 1903 τό
2840 1855 2929 1924 μεν
2985 1850 3286 1923 ἀναγκαῖον,
3336 1856 3394 1904 τό
3444 1847 3503 1905 δε
3555 1855 3691 1924 χρὴ·

2042 1962 2213 2015 σιμόν·
2267 1947 2617 2014 φυσικώτερον
2673 1936 2726 1992 δ’
2777 1942 2890 1992 ἔστι
2942 1943 3000 1993 τό
3045 1940 3324 2012 ἀναγκαῖον
3372 1939 3472 1993 ἀεί’
3542 1961 3695 2014 φυσιο

2038 2038 2258 2107 κὼτερον
2303 2033 2405 2102 ἄρα
2453 2050 2542 2082 και
2589 2032 2647 2081 τό
2693 2033 2947 2102 μουσικόν
2997 2037 3088 2082 τοῦ
3138 2032 3442 2102 ὑφαντικοῡ.
3513 2031 3573 2083 Εἰ
3635 2025 3695 2083 δέ

2040 2141 2122 2183 τις
2159 2121 2250 2173 οὐκ
2296 2117 2430 2188 οἶδε,
2483 2122 2535 2171 τί
2584 2119 2730 2182 τάξις
2790 2137 2880 2171 και
2935 2122 3228 2192 συμφωνία,
3281 2117 3559 2182 ἐξεταζέτω
3630 2121 3698 2173 τά

2713 2209 2925 2282 εὑρήσει
2993 2202 3052 2261 δε
3139 2226 3228 2260 και
3279 2212 3580 2281 συμφωνίαν
3645 2205 3693 2260 έν

2043 2301 2174 2372 αὐτῇ
2222 2299 2383 2352 οὖσαν
2430 2318 2520 2351 και
2563 2297 2728 2360 τάξιν.
2785 2305 2885 2351 Και
2935 2306 3088 2351 τοῦτο
3140 2294 3428 2372 πρόδηλον.
3469 2297 3544 2349 0'3
3595 2301 3697 2370 μήν

2045 2388 2124 2457 δὲ,
2152 2388 2279 2441 ἀλλά
2321 2408 2412 2441 και
2456 2393 2573 2461 περί
2622 2390 2710 2448 τάς
2761 2383 3044 2461 οἰκοδομάς
3104 2390 3238 2440 κατά
3290 2389 3377 2440 τὸν
3423 2386 3578 2439 αὐτόν
3615 2386 3700 2439 λό-

2043 2501 2154 2553 γον.
2214 2484 2315 2532 Καί
2374 2482 2677 2550 πανταχόσε
2731 2480 2790 2530 τό
2851 2472 2910 2530 δὲ
2962 2483 3057 2540 τῆς
3131 2476 3318 2540 τάξεως
3400 2482 3701 2552 τιμιώτερον

2045 2590 2135 2624 και
2185 2577 2279 2630 τῆς
2325 2572 2645 2641 συμφωνίας,
2697 2568 2778 2619 ὅτι
2838 2587 2927 2620 και
2985 2565 3139 2620 αὐτόν
3193 2565 3408 2641 οὐρανὸν
3456 2586 3546 2618 και
3602 2573 3702 2638 γῆν

2046 2680 2134 2713 και
2166 2661 2444 2731 σύμπαντα
2486 2661 2704 2730 κόσμον,
2762 2656 2890 2729 λέγω
2935 2653 3001 2714 δὴ
3071 2665 3171 2709 τῶν
3233 2655 3286 2719 ἐξ
3344 2655 3564 2730 οὖρανοῦ
3615 2675 3705 2708 και

2045 2759 2144 2825 γῆς
2188 2768 2279 2801 και
2345 2749 2546 2800 πάντων
2603 2755 2703 2800 τῶν
2757 2747 2844 2798 ὑπ’
2923 2745 3093 2799 αὐτῶν
3161 2750 3543 2819 περιεχομένων
3616 2762 3708 2798 και

279 2927 650 3002 prietatibus,
705 2930 1069 3000 pertractare
1105 2925 1606 2996 constituerimus,
1641 2927 1788 2982 Sunt
1841 2939 1942 2982 au-
1973 2915 2020 2969 Α
2054 2923 2367 2984 textoriam
2399 2928 2608 2994 artem,
2639 2939 2775 2997 qua:
2803 2927 2944 2981 sunt
2972 2924 3233 2982 textoriae
3251 2942 3268 2996 ;
3298 2929 3354 2980 et
3382 2923 3712 2981 omniailla

280 3022 402 3075 tem
431 3018 637 3074 omnia
664 3017 726 3073 in
750 3020 989 3087 natura,
1022 3021 1077 3072 et
1118 3016 1315 3072 omnis
1381 3031 1480 3072 ars
1531 3015 1643 3071 sub
1698 3015 1944 3072 scientia

282 3106 830 3180 comprehenditur.
863 3106 1150 3162 Differunt
1178 3111 1379 3162 autem
1402 3106 1552 3161 inter
1583 3121 1644 3162 se
1677 3111 1778 3161 aut
1798 3121 1942 3177 prie-

283 3198 522 3267 stantia,
557 3203 656 3253 aut
689 3197 976 3268 qualitate
998 3195 1551 3252 autconsuetudine
1566 3201 1670 3252 aut
1709 3196 1944 3268 quanti-

283 3285 419 3343 tatis
448 3285 792 3358 mqualitate
815 3290 917 3342 aut
941 3285 1346 3358 inaequalitate
1376 3285 1828 3342 autintensione
1842 3289 1946 3341 aut

283 3374 633 3431 remissione
675 3381 732 3430 et
757 3374 886 3431 aliis
913 3375 1268 3441 rationibus,
1299 3378 1364 3430 ut
1394 3374 1657 3431 Corinthi
1711 3373 1948 3430 musica

283 3463 346 3520 in
362 3465 549 3537 pretio
567 3464 841 3536 habetur,
861 3465 921 3520 in
933 3463 1236 3520 Thessalia
1250 3464 1516 3534 textoria,
1535 3464 1743 3520 Nicaeae
1758 3463 1947 3536 philo-

285 3553 522 3626 sophia,
550 3553 970 3625 Philadelphias
995 3554 1265 3610 coriaria.
1301 3556 1432 3609 Ηωο
1470 3553 1676 3610 omnia
1709 3553 1787 3609 ad
1818 3569 1948 3609 eru-

285 3643 575 3699 ditionem
595 3641 947 3714 referuntur,
986 3643 1093 3699 sed
1109 3659 1489 3715 unaquaeque
1513 3643 1724 3699 civitas
1755 3643 1946 3714 pretio

286 3732 542 3802 dignum
573 3737 740 3804 putat
768 3732 915 3788 illud
947 3733 1112 3805 quod
1144 3733 1204 3787 in
1237 3733 1640 3805 pretiohabet.
1661 3733 1950 3789 Ditl‘erunt

286 3823 469 3879 etiam
499 3823 806 3895 qualitate,
822 3823 956 3878 utid
968 3823 1135 3897 quod
1149 3822 1422 3879 estdulce
1437 3823 1744 3895 qualitatis
1767 3828 1878 3890 est,
1893 3829 1951 3880 et

286 3911 453 3984 quod
474 3916 561 3968 est
590 3911 817 3968 salsum
851 3919 941 3968 est
967 3929 1209 3985 quoque
1257 3912 1579 3985 qualitatis.
1652 3913 1766 3970 Sed
1821 3913 1950 3968 ﬁeri

286 4004 484 4073 potest
511 4006 576 4058 ut
601 4001 765 4073 quod
789 4001 952 4073 apud
978 4001 1301 4057 nonnullos
1321 4002 1382 4056 in
1405 4001 1630 4057 deliciis
1670 4002 1947 4072 habetur,

290 4089 368 4146 ab
401 4090 529 4146 aliis
550 4105 675 4146 non
705 4095 1041 4163 appetatur.
1071 4093 1400 4162 Utrumque
1431 4095 1634 4147 autem
1653 4091 1730 4147 ad
1757 4093 1950 4165 quali-

289 4183 470 4236 tatem
500 4180 751 4236 refertur
763 4180 1230 4236 consuetudines
1247 4180 1534 4236 diﬂ‘erunt
1555 4186 1615 4237 ut
1633 4185 1824 4238 textor
1847 4183 1953 4255 qui

290 4268 498 4325 solitus
525 4274 616 4326 est
637 4276 871 4343 partem
897 4270 1067 4342 pensi
1095 4271 1346 4341 alicujus
1377 4277 1702 4342 pertexere,
1759 4271 1956 4328 dillert

289 4359 368 4415 ab
399 4374 470 4414 eo
496 4360 600 4432 qui
631 4359 881 4415 alteram
912 4365 1354 4432 partemtexcre
1377 4361 1687 4416 consuevit
1718 4377 1956 4433 ;wqua—

287 4447 450 4503 litate
471 4453 526 4503 et
555 4447 980 4520 inaequalitate,
1017 4454 1080 4503 ut
1107 4447 1270 4521 apud
1296 4449 1606 4520 Aigyptios
1629 4455 1716 4505 est
1760 4450 1955 4505 abun-

291 4537 495 4594 dantia
521 4537 764 4608 frugum
797 4539 996 4594 omnis
1023 4539 1257 4610 generis
1291 4542 1348 4594 et
1404 4538 1730 4608 fructuum,
1792 4542 1957 4612 apud

293 4625 444 4681 Coos
475 4642 616 4682 vero
632 4626 1026 4699 suntquidem
1049 4626 1493 4698 omnisgeneris
1518 4627 1689 4698 fugas
1714 4635 1770 4684 et
1799 4629 1958 4697 truc-

292 4720 412 4782 tus,
427 4714 533 4770 sed
555 4731 678 4771 non
705 4720 870 4772 tanta
889 4721 976 4771 est
997 4716 1172 4788 copia
1187 4722 1415 4788 quanta
1430 4717 1598 4788 apud
1625 4719 1956 4790 rEgyptios.

294 4807 360 4862 Et
388 4805 667 4877 quamvis
707 4805 974 4861 similiter
1003 4805 1199 4861 omnis
1227 4806 1460 4875 generis
1494 4805 1694 4876 fruges
1725 4813 1781 4863 et
1801 4808 1958 4864 fruc-

293 4899 390 4951 tus
401 4894 568 4967 apud
581 4897 732 4952 Coos
744 4895 1397 4964 habeantur,difl‘erunt
1411 4901 1614 4952 tamen
1630 4897 1828 4969 {equal
1843 4903 1959 4955 tate

295 4988 354 5040 et
379 4983 783 5057 inaequalitate
805 5001 817 5040 :
839 4991 1128 5057 praeterea
1148 4985 1481 5042 intensione
1507 4991 1564 5042 et
1583 4986 1958 5057 remissione,

295 5078 361 5130 ut
398 5073 738 5130 Aristoteles
791 5074 1270 5148 philosophatur,
1325 5075 1668 5148 Simplicius
1717 5093 1962 5150 quoque

297 5163 783 5236 philosophatur.
836 5168 934 5221 Est
975 5169 1177 5221 autem
1249 5165 1638 5239 philosophia
1702 5167 1963 5240 qualitas

297 5270 436 5327 quae
466 5254 686 5327 sucipit
710 5255 1108 5313 intensionem
1141 5258 1652 5314 ctremissionem.
1687 5258 1965 5314 Aristote-

295 5343 385 5401 les
420 5359 562 5416 ergo
585 5349 641 5402 et
671 5345 1012 5418 Simplicius
1026 5350 1165 5402 sunt
1182 5346 1594 5420 philosophiet
1621 5347 1717 5403 ille
1743 5349 1962 5418 magis,

298 5433 396 5491 hic
415 5434 613 5490 minus
639 5435 1114 5509 philosophatur.
1171 5438 1258 5493 Ex
1299 5437 1523 5509 quibus
1579 5437 1967 5508 intelligimus

301 5523 622 5581 omniailla
638 5524 843 5582 referri
875 5527 1209 5583 etrevocari
1223 5525 1302 5582 ad
1333 5525 1801 5600 philosophiam,
1829 5544 1967 5601 qum

304 5620 445 5671 sunt
481 5614 882 5690 philosophiae
913 5635 926 5675 :
961 5623 1018 5674 et
1045 5617 1254 5674 omnia
1283 5617 1362 5673 ad
1382 5617 1834 5691 imperatoriam
1877 5635 1968 5676 ar-

304 5709 447 5776 tem,
471 5721 609 5780 quae
662 5712 803 5766 sunt
858 5706 1264 5782 imperatoriae
1308 5709 1498 5769 artis:
1533 5713 1590 5769 et
1635 5709 1844 5770 omnia
1891 5707 1971 5769 ad

2055 3017 2130 3073 ad
2151 3015 2469 3072 auriﬁcum
2483 3019 2690 3082 artem,
2713 3030 2847 3087 quae
2861 3015 3148 3071 suntartis
3167 3013 3483 3071 auriﬁcum
3502 3030 3514 3069 :
3541 3014 3711 3070 item-

2054 3123 2172 3179 que
2199 3121 2577 3178 quaecunque
2605 3109 2744 3160 sunt
2767 3104 2994 3160 fabrilis
3025 3105 3189 3176 artis,
3214 3104 3294 3162 ad
3318 3104 3591 3160 fabrilem
3623 3120 3711 3160 ar-

2055 3202 2174 3252 tem
2194 3212 2206 3250 :
2224 3196 2482 3268 denique
2505 3194 2716 3251 omnia
2739 3194 2818 3250 ad
2846 3210 3031 3251 unam
3055 3210 3362 3267 quamque
3393 3199 3604 3263 artem,
3634 3193 3714 3250 ad

2055 3302 2242 3359 quam
2279 3287 2596 3358 pertinent,
2621 3286 2906 3340 revocari.
2930 3284 3216 3341 Differunt
3236 3290 3437 3340 autem
3450 3301 3523 3340 ex
3548 3300 3712 3340 com-

2057 3374 2448 3432 munionibus
2479 3374 3032 3430 ctdistinctionibus
3054 3375 3492 3444 categoriarum
3507 3374 3716 3447 quaein

2057 3463 2441 3538 philosophia
2454 3463 2904 3520 traduntur:sed
2923 3469 2986 3520 ut
3001 3479 3210 3520 omnes
3223 3464 3300 3520 ad
3315 3463 3717 3520 substantiam

2058 3559 2435 3620 revocantur,
2466 3554 2549 3608 ita
2579 3553 2759 3610 etiam
2796 3569 2932 3626 quas
2973 3559 3112 3610 sunt
3162 3553 3226 3608 in
3284 3560 3523 3620 natura,
3590 3552 3718 3609 sive

2060 3643 2337 3699 aberrent
2350 3642 2678 3715 aliquando
2697 3659 2732 3699 a
2744 3649 2888 3707 toto,
2907 3643 3027 3699 sive
3048 3642 3332 3715 mquabili
3346 3643 3423 3700 ad
3437 3649 3719 3700 naturam

2061 3733 2464 3789 concinnitate
2498 3733 2783 3800 ferantur,
2813 3734 2891 3789 ad
2919 3737 3198 3788 naturam
3220 3734 3722 3790 omniarevocan-

2061 3827 2174 3878 tur.
2209 3825 2387 3878 Porro
2419 3837 2619 3877 rerum
2648 3823 3007 3879 naturalium
3033 3822 3184 3878 ﬁnes
3245 3822 3343 3879 alii
3397 3827 3537 3879 sunt
3575 3839 3724 3896 prte-

2063 3911 2396 3978 stantiores,
2431 3910 2530 3968 alii
2550 3927 2692 3968 vero
2721 3911 3051 3968 inferiores.
3079 3913 3273 3976 Quare
3319 3928 3444 3968 non
3497 3912 3724 3985 ubique

2063 4001 2342 4057 homines
2355 4017 2428 4056 ex
2451 4017 2521 4056 eo
2541 4001 2706 4074 quod
2720 4007 3035 4057 estnatura
3048 4000 3122 4056 de
3143 4000 3324 4056 rebus
3338 4000 3611 4072 judicare
3631 4018 3724 4058 so-

2063 4091 2156 4147 lcn
2169 4095 2204 4157 t;
2221 4107 2362 4147 nam
2377 4089 2422 4145 si
2429 4089 2450 4161 j
2464 4091 2973 4163 udicarent,aeque
2986 4090 3047 4145 in
3058 4090 3362 4148 Thessalia
3375 4107 3445 4148 ac
3459 4090 3724 4148 Corinthi

2065 4181 2298 4236 musica
2314 4180 2624 4236 coleretur:
2645 4196 2852 4236 omnes
2868 4181 3029 4236 enim
3045 4186 3725 4256 concentus,omnesque

2067 4270 2293 4327 ordinis
2307 4270 2565 4326 rationes
2577 4271 2654 4326 ad
2669 4271 2963 4326 musicam
2978 4271 3393 4326 tractationem
3407 4271 3723 4342 pertinent.

1996 4384 2035 4436 Β
2069 4364 2406 4417 Concentus
2437 4364 2638 4416 autem
2668 4366 2724 4416 et
2752 4359 2902 4416 ordo
2929 4359 3009 4415 ad
3038 4359 3388 4417 incolendas
3435 4361 3723 4428 civitates,

2070 4456 2249 4523 atque
2267 4449 2418 4506 adeo
2431 4449 2509 4506 ad
2523 4449 2809 4504 mundum
2827 4450 3168 4505 universum
3184 4449 3566 4507 incolendum
3583 4468 3730 4506 sem-

2069 4555 2177 4612 per
2206 4538 2454 4605 confert,
2489 4538 2594 4594 sed
2631 4555 2728 4593 ars
2753 4538 3005 4594 textoria
3035 4538 3333 4594 civitatem
3355 4555 3476 4595 non
3507 4540 3730 4596 consti-

2072 4629 2183 4686 tuit
2214 4627 2484 4685 :sublato
2507 4628 2660 4683 enim
2694 4633 3004 4690 concentu,
3041 4627 3207 4685 nulla
3224 4633 3311 4684 est
3329 4629 3555 4700 civitas,
3585 4629 3732 4702 quia

2072 4718 2347 4776 sublatus
2387 4722 2473 4774 est
2503 4718 2768 4774 musicus
2793 4724 3119 4775 concentus
3147 4736 3160 4774 :
3197 4717 3304 4774 sed
3330 4718 3446 4775 hoc
3470 4719 3729 4789 sublato,

2071 4826 2196 4866 non
2226 4824 2468 4865 necesse
2490 4813 2598 4875 est,
2629 4807 2774 4880 quia
2795 4807 3100 4865 sublatum
3133 4812 3220 4865 est
3239 4809 3471 4864 nullam
3499 4825 3631 4866 esse
3656 4810 3732 4866 ci-

2074 4903 2335 4958 vitatem.
2393 4901 2488 4955 Est
2539 4899 2719 4970 igitur
2786 4901 3023 4956 musica
3066 4902 3428 4968 necessaria,
3484 4901 3734 4960 textoria

2071 5007 2216 5049 vero
2246 4990 2426 5046 utilis.
2455 4989 2568 5047 Sed
2595 4989 2760 5062 quod
2789 4995 2876 5046 est
2896 4990 3319 5061 necessarium,
3349 5007 3589 5064 semper
3609 5009 3735 5050 ma-

2074 5082 2165 5152 gis
2194 5081 2272 5136 ad
2304 5085 2584 5136 naturam
2621 5079 2869 5135 accedit.
2905 5081 3100 5146 Quare
3139 5081 3374 5137 musica
3419 5081 3616 5152 magis
3656 5081 3737 5139 ad

2073 5174 2356 5227 naturam
2410 5169 2640 5225 accedit
2685 5185 2872 5242 quam
2932 5170 3203 5233 textoria,
3260 5171 3433 5237 Quod
3483 5171 3532 5227 si
3597 5173 3734 5244 quis

2073 5262 2310 5331 ignorat
2328 5259 2478 5331 quid
2500 5259 2573 5314 sit
2591 5259 2740 5315 ordo
2761 5265 2818 5316 et
2837 5264 3184 5327 concentus,
3211 5260 3306 5316 vel
3327 5261 3521 5333 ipsam
3550 5265 3739 5319 texto-

2074 5351 2227 5406 riam
2258 5355 2450 5405 artem
2472 5352 2766 5404 scrutetur
2799 5365 2811 5404 :
2854 5349 3186 5420 comperiet
3216 5349 3379 5406 enim
3409 5349 3571 5407 hanc
3601 5366 3740 5408 con-

2076 5444 2254 5496 centu
2275 5443 2330 5494 et
2358 5437 2568 5494 ordine
2593 5452 2796 5494 carere
2823 5453 2944 5495 non
2975 5454 3179 5510 posse.
3205 5444 3397 5512 Atque
3413 5439 3530 5497 hoc
3555 5439 3740 5497 omni-

2075 5527 2192 5586 bus
2223 5528 2613 5584 manifestum
2641 5527 2927 5593 est.Quin
2968 5529 3150 5586 etiam
3198 5529 3452 5586 aediﬁcia
3500 5533 3557 5587 et
3608 5530 3741 5586 reli-

2064 5635 2202 5692 _qua
2215 5618 2421 5675 omnia
2437 5616 2650 5675 eadem
2667 5617 2897 5674 ratione
2915 5617 3273 5675 consideret.
3287 5622 3578 5677 Praeterea
3590 5619 3741 5677 ordo

2081 5713 2140 5769 et
2160 5712 2484 5770 consentus
2506 5702 2731 5768 idcirco
2744 5707 2876 5770 aliis
2905 5707 3205 5770 exacuunt
3218 5703 3387 5785 quod
3404 5710 3608 5788 ipsum
3628 5721 3743 5769 cce-
