4444 6452
766 383 902 435 1347

2297 379 2538 435 ADDEN
2547 382 2660 434 DA.

4044 390 4071 443 1
4082 393 4186 446 348

763 505 1098 574 συνημμένων
1148 500 1220 562 εἰς
1278 505 1402 572 μίαν
1457 505 1789 573 συναρμογὴν
1844 505 2117 573 συμφωνία
2171 505 2260 552 καὶ
2323 503 2410 551 τὰ-
2446 505 2655 561 Ατιςῆ
2693 505 2936 576 συνηθείᾳ
2995 505 3024 562 ὴ
3086 509 3273 575 σχέσει
3336 506 3364 564 ὴ
3417 514 3528 568 ταῖς
3581 508 3775 582 ἑτέραις
3829 507 4180 584 ἱδιοτροπίαις

759 591 833 653 ξις
862 596 1097 643 κινιῖκαὶ
1132 595 1360 660 συνέχει,
1390 595 1479 641 xui
1539 593 1596 641 1'6
1648 589 1838 656 πλεῖον,
1888 591 1966 642 ὃτι
2032 597 2122 642 xui
2179 599 2251 660 τῷ
2311 596 2409 641 σω-

756 699 885 750 ματι
935 685 1208 750 συμφωνία
1249 678 1434 748 ψυχῆς
1488 683 1577 728 καὶ
1623 678 1771 748 ὖλης,
1844 683 1962 730 ἴσου
2045 684 2134 730 καὶ
2207 677 2405 742 ἀνίσου,

752 766 933 819 λευκοῦ
991 773 1079 818 καὶ
1125 767 1356 838 μέλανος,
1408 767 1575 827 εὐθέος
1642 772 1731 818 καὶ
1810 775 2132 841 περιφεροῦς,
2221 766 2407 837 ἐλαχί-

757 873 882 905 στου
941 859 1029 906 καὶ
1076 854 1325 924 μείζονος,
1381 857 1468 903 καὶ
1536 852 1698 903 ἄλλων
1789 862 1936 904 τινῶν
2028 850 2408 926 συνδραμοῦσα

752 952 815 1016 τῇ
848 940 1028 1013 τοιᾷδε
1056 943 1198 1005 τάξει
1234 951 1367 995 Θεοῦ
1423 938 1766 1016 δημιουργία,
1826 949 2006 1016 κρατεῖ
2057 948 2145 993 καὶ
2197 946 2406 1014 συνέχει

751 1033 845 1083 κᾶν
915 1030 1214 1107 διηρθρωσε
1279 1039 1475 1098 πρῶτον
1525 1036 1614 1081 καὶ
1677 1031 1838 1097 ἔταξε,
1896 1036 2065 1082 καίτοι
2120 1037 2209 1082 καὶ
2297 1039 2406 1093 τοῖς

751 1120 944 1181 ὑλικοῖς
1003 1126 1183 1194 μέρεσι
1242 1127 1439 1191 χυμοῖς
1482 1115 1540 1171 δὲ
1592 1119 1741 1190 λέγω,
1799 1118 2049 1190 ἀναλογία
2095 1126 2184 1171 καὶ
2239 1121 2401 1186 τάξις,

751 1207 878 1260 ἀλλὰ
907 1206 974 1266 δὴ
999 1214 1056 1259 1'6
1108 1210 1398 1279 θαυμάσιον
1455 1210 1533 1258 ὅτι
1585 1214 1673 1259 καὶ
1734 1208 1908 1268 αὐτοῖς
1955 1205 2021 1265 δὴ
2077 1216 2179 1267 τοῖς
2235 1208 2402 1279 ψυχι-

749 1306 861 1358 κοῖς
897 1302 1100 1370 μέρεσι,
1161 1295 1302 1357 τάξις
1361 1302 1450 1347 καὶ
1505 1301 1778 1366 συμφωνία
1832 1304 1924 1347 τοῦ
1978 1301 2049 1367 μὴ
2091 1303 2402 1371 κατεπαίρε-

751 1389 876 1438 σθαι
904 1395 1002 1437 τῶν
1035 1391 1163 1459 ὅρων
1195 1387 1222 1442 ὴ
1256 1385 1598 1437 ἐλαττοῦσθαι
1628 1389 1657 1442 ἤ
1695 1382 2025 1436 διαλύεσθαι.

816 1473 1085 1546 γ’·Ὠστε
1134 1471 1298 1531 οὐδὴν
1356 1474 1415 1525 οὐ
1471 1481 1565 1533 τῆς
1626 1476 1845 1544 φύσεως,
1899 1472 2026 1525 ἀλλά
2088 1476 2258 1525 πάντα
2309 1477 2397 1545 μὲν

745 1565 859 1635 ἔχει
921 1567 1048 1636 πρὸς
1096 1563 1278 1628 αὐτὴν,
1336 1565 1402 1613 τά
1438 1565 1527 1633 μὲν
1578 1567 1936 1634 γνησιωτέρως
2008 1566 2099 1620 τὴν
2185 1566 2394 1633 σχέσιν,

744 1657 812 1704 τὰ
867 1649 926 1704 δὲ
976 1653 1304 1727 πορρωτέρω·
1371 1651 1646 1722 ’Υφαντικὴ
1712 1654 1813 1723 γὰρ
1894 1650 2242 1723 συμϐάλλεται
2327 1653 2397 1714 εἱς

743 1747 837 1800 τὴν
865 1751 960 1802 τῆς
1008 1742 1270 1802 πολιτείας
1305 1746 1593 1802 κοινωνίαν,
1653 1740 1786 1798 πλὴν
1837 1739 1942 1791 ἀλλ’
1999 1740 2104 1810 οὐχ
2144 1743 2212 1802 ὡς
2267 1761 2396 1813 μου-

1789 862 1936 904 τινῶν

746 1837 891 1890 σικὴ·
943 1840 1027 1885 Δεῖ
1076 1829 1134 1883 δὲ
1181 1837 1252 1904 μὴ
1310 1830 1610 1883 ἀπατᾶσθαι
1661 1839 1731 1900 τῷ
1779 1832 1880 1882 ἔθει
1927 1833 2043 1882 τινὰ
2093 1836 2182 1882 xui
2236 1838 2393 1904 τιμᾷν
2431 1849 2472 1904 Β

740 1925 796 1972 τὸ
816 1926 887 1993 μὴ
916 1941 1121 1993 τιμιον.
1179 1917 1391 1977 Ἐπειδὴ
1452 1928 1509 1991 τῇ
1565 1927 1792 1991 μουσικῇ
1856 1919 2000 1981 τάξις
2050 1926 2139 1972 καὶ
2185 1940 2394 1992 συμφω-

740 2030 844 2076 νια,
882 2016 968 2062 xui
1025 2014 1089 2062 τὰ
1144 2013 1235 2082 μὲν
1301 2012 1470 2062 πάντα
1517 2009 1567 2060 ἐν
1617 2017 1892 2081 μουσικοῖς
1943 2009 2118 2080 λόγοις
2160 2011 2392 2082 ὑπάρχει

740 2099 790 2150 ἐν
840 2097 915 2160 οἷς
967 2105 1057 2152 καὶ
1111 2100 1256 2162 τάξις
1312 2105 1402 2150 xui
1455 2104 1747 2170 συμφωνίαο
1799 2100 2050 2170 ὑφαντικὴ
2137 2096 2196 2151 δὲ
2276 2099 2392 2152 οὐτε

737 2195 999 2262 μουσικὴν
1056 2189 1175 2247 ὅλην
1232 2190 1366 2261 ἔχει,
1419 2191 1534 2240 οὔτε
1590 2193 1691 2259 μὴν
1735 2188 1782 2239 ἐν
1840 2189 1929 2260 ὅλῃ
2009 2188 2168 2240 ἐστίν·
2258 2194 2391 2241 ὥστε

739 2283 1070 2351 φυσικωτέρα
1134 2281 1223 2350 μὲν
1276 2284 1529 2350 μουσικὴ,
1591 2275 1771 2336 ἐπειδὴ
1845 2281 1902 2329 το
1983 2279 2389 2350 καθολικώτερον

736 2369 967 2443 ὑπάρχει
995 2373 1085 2420 καὶ
1115 2373 1484 2441 φυσικώτερον,
1524 2371 1580 2419 τὸ
1641 2365 1700 2419 δὲ
1759 2387 2106 2440 φυσικωτερον
2163 2367 2385 2439 ἐξαναγ-

733 2477 831 2518 κης
883 2463 972 2509 καὶ
1020 2464 1341 2531 τιμιώτερον·
1399 2459 1427 2515 ὴ
1477 2461 1706 2529 μουσικὴ
1763 2457 2022 2530 ἐπιστήμη
2075 2457 2178 2531 ἆρα
2261 2461 2387 2508 ταύ-

735 2568 825 2608 της
877 2545 972 2600 διά
1018 2547 1186 2599 ταῦτα
1245 2551 1550 2622 τιμιωτέρα,
1604 2549 1700 2598 Δία
1751 2554 1903 2598 τοῦτο
1961 2551 2031 2604 μὴ
2099 2546 2388 2599 ἀπατάσθω

731 2727 882 2796 lum,
915 2731 1133 2782 terram
1165 2729 1223 2781 et
1250 2724 1551 2780 mundum
1568 2724 1932 2790 universum,
1952 2724 2068 2780 hoc
2092 2728 2386 2781 estrerum

733 2817 994 2872 omnium
1006 2830 1142 2886 quae
1165 2813 1314 2869 caelo
1340 2818 1397 2868 et
1422 2819 1577 2868 terra
1616 2813 2224 2884 comprehenduntur,
2249 2831 2387 2871 con-

732 2905 1000 2961 cordiam
1026 2909 1204 2975 atque
1235 2902 1709 2958 convenientiam
1742 2903 1989 2972 gignant
2020 2907 2076 2958 et
2125 2903 2382 2960 foveant.

731 2994 1028 3066 imprimis
1084 3007 1222 3047 vero
1282 2991 1343 3046 in
1401 3006 1648 3062 corpore
1701 2998 1775 3046 Slt
1849 2996 2174 3046 concentus
2257 2994 2384 3048 ani-

732 3100 846 3139 ma:
877 3089 933 3138 et
956 3087 1242 3138 materne.
1269 3080 1532 3151 Denique
1555 3080 1804 3153 azqualis
1826 3086 1882 3135 et
1902 3081 2236 3153 inaequalis,
2262 3082 2383 3138 albi

729 3179 785 3228 et
804 3173 977 3242 nigri,
1018 3171 1160 3226 recti
1185 3175 1241 3224 et
1291 3169 1665 3232 orbicularis,
1719 3169 1952 3224 minimi
2011 3176 2066 3225 et
2112 3172 2380 3242 majoris,
2416 3197 2458 3254 η

727 3262 1088 3334 quodetiam
1101 3260 1374 3316 omnium
1391 3259 1646 3315 aliarum
1677 3275 1877 3314 rerum
1900 3261 2380 3317 convenientiam

727 3350 942 3407 efﬁcax
969 3366 1152 3422 opera
1168 3350 1270 3404 Dei
1290 3364 1428 3403 cum
1451 3348 1752 3419 ejusmodi
1783 3348 1992 3404 ordine
2019 3365 2381 3405 concurrens

724 3442 904 3497 hodie
931 3441 1112 3496 etiam
1150 3439 1346 3494 foveat
1398 3444 1455 3493 et
1503 3439 1821 3508 contineat,
1886 3445 1942 3494 et
1985 3439 2045 3493 in
2087 3439 2381 3512 principia

725 3528 1187 3587 conformaverit
1229 3533 1285 3582 et
1335 3528 1721 3582 constituerit.
1769 3531 2058 3584 Praeterea
2116 3529 2380 3585 etiamin

724 3619 871 3692 ipsis
899 3618 1222 3675 materiatis
1242 3617 1541 3689 partibus,
1568 3632 1787 3688 nempe
1817 3617 1878 3671 in
1906 3618 2255 3673 humoribus
2291 3623 2378 3674 est

719 3708 995 3779 poportio
1021 3712 1077 3761 et
1105 3705 1276 3761 ordo.
1317 3704 1429 3760 Sed
1451 3705 1566 3760 hoc
1597 3705 1890 3776 imprimis
1967 3706 2236 3761 mirabile
2287 3713 2376 3762 est

715 3797 778 3852 in
809 3795 995 3852 animi
1025 3794 1296 3865 partibus
1334 3793 1609 3849 ordinem
1644 3795 1840 3848 inesse
1878 3800 1935 3848 et
1992 3800 2371 3861 concentum,

717 3889 976 3956 utoextra
1004 3883 1293 3938 terminos
1327 3899 1470 3937 suos
1521 3887 1577 3937 et
1622 3882 1771 3938 ﬁnes
1802 3897 1925 3938 non
1957 3883 2250 3940 excedant
2271 3890 2376 3940 aut

714 3974 1011 4030 decedant
1038 3977 1143 4028 aut
1171 3971 1594 4026 dissolvantur.

787 4068 845 4120 3.
885 4066 1078 4128 Quare
1109 4061 1254 4116 nihil
1280 4065 1367 4116 est
1404 4060 1569 4132 quod
1621 4059 1701 4116 ad
1764 4066 2043 4117 naturam
2083 4078 2204 4117 non
2228 4061 2372 4118 refe-

714 4159 899 4209 ratur.
917 4151 1204 4218 Quamvis
1224 4155 1422 4206 autem
1447 4153 1654 4206 omnia
1668 4156 1881 4207 natura
1897 4151 2033 4223 ipsa
2047 4153 2369 4222 contineat,

715 4249 856 4298 sunt
882 4248 1082 4297 tamen
1109 4241 1390 4311 quaedam
1418 4256 1553 4310 quae
1585 4241 1779 4309 magis
1811 4240 2137 4308 genuinam
2160 4241 2237 4296 ad
2268 4257 2370 4296 na-

714 4337 904 4388 turam
927 4330 1153 4387 habent
1173 4330 1545 4393 relationem,
1570 4329 1849 4401 quaedam
1873 4332 2044 4386 etiam
2075 4338 2215 4386 sunt
2235 4348 2372 4403 quae

711 4422 949 4492 longius
981 4436 1018 4476 a
1037 4424 1253 4475 natura
1281 4418 1522 4474 distant.
1553 4420 1822 4474 Textoria
1844 4422 2007 4477 enim
2033 4427 2124 4475 est
2192 4420 2373 4476 alicu-

704 4512 806 4583 jus
839 4528 986 4567 usus
1007 4511 1072 4565 in
1103 4524 1432 4565 communa
1457 4509 1732 4564 omnium
1761 4513 2063 4580 societate,
2097 4509 2204 4565 sed
2247 4526 2372 4566 non

2521 599 2619 640 τῶν
2659 591 2958 664 εἰρημένων,
2999 598 3087 644 καὶ
3155 593 3201 644 ἐν
3249 594 3434 666 ἑτέροις
3501 603 3720 650 τουτῶνὶ
3771 608 3871 650 τῶν
3945 596 4180 670 ἰδιωμά-

2518 697 2617 728 των
2652 675 2954 750 ἱδιώμασιν.
3018 681 3171 733 Ἔστι
3227 685 3326 756 γὰρ
3375 680 3858 757 διακεχωρισμένον
3910 690 3965 737 τὸ
4025 691 4179 756 φύσει

2517 774 2605 816 τοῦ
2662 769 2797 819 θέσει
2850 789 2901 820 τε
2950 774 3038 821 καὶ
3094 779 3183 821 τοῦ
3226 775 3430 843 κράσει.
3502 773 3757 846 ’Υπάρχει
3797 782 3922 845 γοῦν
4005 780 4179 846 τίμιον

2517 860 2711 926 Νικαίᾳ
2778 859 2836 907 τὸ
2876 857 3168 930 φιλόσοφον,
3248 856 3586 932 Φιλαδελφείᾳ
3673 867 3730 914 τὸ
3817 883 4171 917 σκυτευτικον.

2518 946 2616 994 Καὶ
2648 945 2841 1015 ὅτιμὲν
2903 946 2991 996 οὖν
3043 952 3130 997 καὶ
3186 950 3244 998 τὸ
3304 952 3636 1000 σκυτευτικὸν
3708 955 4011 1019 συνίστησι,
4069 957 4172 1003 πό-

2513 1029 2631 1089 λεως
2658 1037 2811 1105 μέρος
2851 1032 3010 1087 ἐστίν.
3069 1033 3223 1086 Ἐστι
3274 1032 3332 1088 δὲ
3387 1037 3549 1095 πολλὴ
3601 1045 3711 1090 τοῖν
3761 1036 3908 1091 δυοῖν
3956 1043 3986 1098 ὴ
4050 1037 4171 1092 δια-

2513 1122 2664 1193 φοράν
2697 1125 2751 1171 τὸ
2806 1124 2896 1192 μὲν
2933 1125 3033 1193 ’γὰρ
3093 1119 3331 1194 διαιροῦν
3387 1127 3566 1196 φύσεις
3615 1131 3701 1177 καὶ
3747 1127 3908 1191 ἑνοῦν,
3965 1132 4050 1179 xui
4085 1131 4156 1187 ὡς

2513 1209 2747 1259 ὁπωσοῦν
2814 1215 2885 1281 μὴ
2942 1210 3020 1262 ἐόν
3075 1231 3126 1262 τι
3178 1217 3327 1284 μέρος
3409 1212 3814 1288 ἀνέξερεύνητον,
3897 1217 4009 1290 εὗρε
4081 1223 4173 1268 καὶ

2509 1298 2603 1351 τὴν
2653 1303 3015 1364 σκυτευτικὴν,
3062 1301 3206 1372 ευρόν
3252 1297 3311 1352 δὲ
3369 1308 3720 1375 φυσιοτροπίᾳ
3794 1312 3855 1376 τῇ
3885 1308 4020 1356 κατά
4091 1305 4174 1355 λό-

2508 1403 2598 1453 γον
2655 1382 2951 1457 διήρθρωσε
3007 1386 3174 1452 τάξιν,
3237 1394 3545 1447 σκυτευτικὴ
3599 1388 3658 1443 δὲ
3732 1392 3849 1444 οὔτε
3921 1393 4172 1463 φυσιολο-

2507 1476 2727 1541 γὴσασα
2779 1470 2890 1546 εὗρε
2936 1480 3252 1540 τεκτονικὴν,
3320 1480 3437 1529 οὔτε
3487 1475 3737 1531 διελοῦσα
3773 1487 4163 1554 χρυσοχοείαν.

2507 1562 2660 1632 οῖμφω
2712 1565 2810 1636 γὰρ
2880 1563 3204 1635 φιλοσοφίας,
3264 1571 3352 1617 καὶ
3402 1567 3460 1618 οὗ
3560 1577 3921 1635 σκυτευτικῆς,
4004 1569 4173 1622 Ὠστε

2508 1659 2850 1712 σκυτευτικῆς
2878 1655 2968 1723 μὲν
3026 1651 3398 1724 ἀφανισθείσης
3446 1658 3595 1724 ἴσως,
3650 1657 3744 1708 οὐκ
3793 1657 3853 1708 ἀν
3911 1663 4038 1710 ποτέ
4087 1679 4174 1720 τις

2507 1741 2620 1810 εἰπη
2682 1738 2936 1812 ἐφθάρθαι
2991 1744 3083 1803 τὰς
3132 1743 3324 1802 πόλεις’
3396 1743 3674 1817 φιλοσοφία
3745 1743 3805 1798 δὲ
3880 1750 4016 1799 κατὰ
4106 1751 4170 1800 τὸ

3481 1835 3665 1905 φθορά.
3739 1831 3951 1892 Ἐπειδὴ
4013 1832 4073 1887 δὲ
4133 1838 4164 1893 ὴ

2501 1918 2695 1977 ταύτης
2743 1919 2908 1989 φθορὰ
2973 1926 3071 1968 τῶν
3137 1918 3378 1971 πλειόνων
3429 1919 3537 1972 ἐστὶ
3595 1923 3782 1994 φθορὰ,
3838 1922 4042 1994 ἀνάγκα
4083 1944 4166 1975 ιο-

2505 1829 2637 1878 πάνυ
2687 1828 2875 1899 μᾶλλον
2927 1829 3108 1899 ἕψεται
3182 1833 3385 1882 πάντων

2501 2009 2624 2078 τέρα
2661 2011 2748 2058 καὶ
2778 2011 3021 2080 κρείττων
3061 2006 3194 2061 ἐστί.

2574 2091 2640 2148 δ’.
2699 2101 2784 2147 Δεῖ
2825 2103 2950 2166 γοῦν
2995 2099 3095 2148 ἔθει
3142 2103 3214 2168 μὴ
3268 2096 3592 2150 ἀπατᾶσθαι·
3653 2096 3804 2152 οὐδὲν
3869 2104 3968 2175 ’γὰρ
4052 2097 4168 2154 διέ-

2502 2185 2667 2236 στειλε
2722 2189 2816 2242 τὴν
2884 2182 3040 2247 δόξαν
3093 2195 3193 2237 τῶν
3252 2187 3444 2240 πολεων
3502 2209 3554 2240 τι
3611 2193 3640 2247 ἦ
3709 2192 3840 2259 ἔθος,
3895 2195 3954 2241 1'6
3989 2187 4164 2243 δεινὸν

2501 2272 2684 2346 ἀρετῆς
2741 2279 2828 2326 καὶ
2888 2280 3072 2336 κακίας
3129 2280 3361 2348 ὄργανον.
3411 2279 3474 2328 Αἱ
3529 2282 3619 2350 μεν
3685 2279 3772 2331 οὖν
3833 2281 4008 2351 ἄμφω,
4072 2302 4163 2352 φι-

2498 2364 2716 2436 λοσοφία
2772 2370 2860 2416 καὶ
2889 2371 3221 2433 σκυτευτικὴ,
3280 2369 3499 2438 φύσεως,
3597 2366 3833 2442 διαφέρει
3931 2367 3988 2422 δε
4089 2379 4166 2441 τῷ

2499 2455 2764 2524 ἀναγκαίῳ
2793 2459 2882 2506 καὶ
2914 2463 2983 2524 τῷ
3023 2460 3093 2526 μὴ
3147 2455 3224 2508 ἀεὶ
3277 2455 3565 2528 ἀναγκαίῳ.
3631 2457 3751 2510 Ὀτι
3805 2456 3865 2511 δὲ
3932 2467 4159 2531 τιμᾶται

2497 2549 2558 2613 τῇ
2621 2546 2711 2614 μὲν
2766 2547 2822 2594 τὸ
2896 2544 3048 2613 (sic),
3107 2551 3168 2616 τῇ
3231 2540 3281 2596 δ’
3362 2549 3444 2611 οὗ,
3510 2548 3804 2608 συνηθείας·
3891 2550 4047 2621 ἄμφω
4103 2547 4166 2602 δέ

2497 2725 2664 2776 tates.
2701 2724 2798 2777 Est
2825 2721 2980 2776 enim
2996 2721 3336 2778 distinctum
3360 2726 3417 2778 et
3437 2729 3776 2796 separatum
3794 2725 3965 2790 illud,
3990 2726 4165 2799 quod

2495 2816 2712 2867 natura
2741 2817 2976 2867 constat
3004 2813 3082 2867 ab
3105 2828 3195 2879 eo,
3225 2813 3393 2885 quod
3424 2815 3719 2885 positione
3750 2819 3807 2870 et
3863 2820 4163 2887 tempera-

2498 2901 2653 2955 tione
2690 2906 2943 2957 constat.
3002 2901 3210 2957 Nicaaaa
3258 2903 3434 2972 igitur
3478 2903 3869 2975 philosophia
3921 2905 4155 2974 colitur,

2493 2989 2920 3060 Philadelphiaz
2955 3006 3051 3046 ars
3083 2991 3359 3047 coriaria.
3404 2993 3554 3047 Nam
3607 2997 3664 3047 et
3707 2992 3966 3049 coriaria
4011 2995 4159 3066 quia

2493 3083 2724 3148 partem
2755 3079 3010 3133 civitatis
3030 3078 3361 3151 aliquando
3384 3080 3708 3146 constituit,
3738 3082 3996 3137 civitatis
4011 3097 4158 3153 pars

2493 3167 2738 3222 dicetur.
2771 3169 2868 3221 Est
2911 3172 3112 3223 autem
3159 3183 3383 3238 magna
3429 3168 3753 3224 ambarum
3798 3168 4156 3224 facultatum

2491 3256 2864 3312 differentia:
2897 3273 3042 3312 nam
3081 3258 3248 3330 quod
3296 3259 3634 3314 universam
3682 3263 3963 3314 naturam
4023 3274 4157 3330 per-

2491 3352 2652 3402 meat
2680 3351 2735 3401 et
2773 3347 3032 3417 copulat,
3068 3353 3130 3402 ut
3177 3346 3274 3402 cui
3340 3347 3506 3403 nulla
3551 3363 3693 3418 pars
3754 3352 3843 3402 est
3895 3352 4155 3416 naturae,

2489 3451 2869 3506 quaecunque
2899 3435 3144 3490 tandem
3195 3436 3267 3491 sit
3323 3436 3915 3508 impervestigabilis,
3959 3441 4158 3492 artem

2491 3525 2806 3581 coriariam
2835 3527 3072 3597 reperit,
3105 3527 3409 3581 inventam
3440 3527 3637 3581 dende
3663 3526 3921 3582 naturali
3966 3526 4160 3581 modo

2487 3621 2648 3670 certa
2675 3616 2905 3670 ratione
2927 3615 3327 3671 conformavit
3352 3623 3409 3671 et
3440 3617 3760 3672 constituit.
3792 3623 3861 3672 At
3906 3632 4005 3671 ars
4059 3631 4160 3672 co-

2485 3705 2685 3775 riaria,
2719 3721 2915 3777 neque
2943 3706 2994 3759 vi
3026 3705 3318 3761 naturalis
3348 3706 3606 3761 scientiae
3637 3705 3910 3760 fabrilem
3934 3711 4160 3772 artem,

2485 3810 2681 3867 neque
2720 3796 2774 3848 vi
2829 3795 3224 3850 distinctionis
3269 3801 3459 3852 artem
3513 3795 3833 3852 auriﬁcum
3875 3798 4100 3868 reperit
4135 3816 4154 3869 ;

2485 3890 2738 3958 utraque
2760 3885 2920 3940 enim
2943 3890 3030 3940 est
3051 3885 3450 3958 philosophiae
3473 3890 3528 3941 et
3549 3901 3670 3941 non
3690 3886 3833 3941 artis
3854 3886 4157 3942 coriariaa.

2485 3977 2678 4040 Quare
2709 3974 2946 4030 sublata
2966 3974 3041 4030 de
3089 3975 3282 4030 medio
3335 3977 3609 4044 coriaria,
3665 3991 3845 4030 nemo
3894 3975 4154 4031 fortasse

2481 4065 2712 4131 dixerit,
2764 4064 3029 4120 civitates
3076 4064 3363 4120 interiisse
3411 4083 3426 4136 ;
3481 4065 3585 4120 sed
3630 4064 3678 4119 si
3761 4064 4156 4137 philosophia

2479 4152 2802 4219 tolleretur,
2837 4154 3035 4224 potius
3058 4155 3306 4210 omnino
3338 4159 3687 4226 sequeretur
3734 4154 4010 4209 omnium
4049 4170 4150 4210 re-

2481 4259 2617 4298 rum
2643 4243 2934 4298 interitus.
2965 4244 3260 4308 Quoniam
3283 4249 3484 4299 autem
3507 4244 3906 4316 philosophiae
3938 4244 4150 4300 interi-

2481 4335 2578 4388 tus
2626 4332 2889 4404 plurium
2921 4337 3008 4387 est
3054 4333 3337 4399 interitus,
3373 4333 3754 4405 philosophia
3801 4339 3894 4388 est
3948 4333 4152 4389 multo

2483 4424 2678 4491 magis
2702 4423 3068 4490 necessaria,
3091 4422 3402 4494 multoque
3445 4423 3878 4494 praestanstior.

2551 4515 2604 4566 4.
2637 4510 2976 4568 Cavendum
2997 4511 3173 4583 igitur
3193 4527 3268 4566 ne
3289 4513 3722 4568 consuetudine
3744 4511 4153 4584 decipiamur.

709 4603 856 4659 tanti
877 4600 1088 4674 quanti
1109 4605 1197 4655 est
1225 4599 1478 4654 musica.
1512 4599 1730 4654 Verum
1769 4599 2109 4655 cavendum
2156 4604 2244 4655 est
2295 4615 2370 4656 ne
2405 4610 2447 4662 D
2481 4599 2650 4656 Nulla
2678 4600 2839 4655 enim
2868 4600 2985 4656 alia
3005 4616 3096 4656 res
3134 4600 3332 4657 studia
3379 4601 3636 4669 diversa,
3689 4601 4154 4673 sententiasque

711 4708 817 4765 per
835 4688 1335 4747 consuetudinem
1357 4689 1417 4743 in
1430 4704 1694 4744 errorem
1714 4689 2098 4756 inducamur,
2130 4694 2188 4745 et
2202 4691 2370 4762 quod

707 4797 832 4837 non
858 4786 949 4836 est
973 4778 1316 4846 colendum,
1348 4778 1644 4835 colamus.
1669 4778 1968 4844 Quoniam
2004 4780 2165 4834 enim
2217 4780 2368 4836 ordo

705 4876 763 4927 et
793 4874 1122 4926 concentus
1145 4871 1296 4924 inest
1319 4868 1380 4922 in
1419 4869 1653 4923 musica
1675 4873 1730 4922 et
1759 4868 1966 4924 omnia
1996 4868 2239 4924 musicis
2274 4886 2368 4926 ra-

705 4961 969 5018 tionibus
995 4959 1377 5016 continentur
1395 4959 1456 5014 in
1479 4959 1702 5030 quibus
1736 4959 1890 5015 inest
1914 4960 2064 5016 ordo
2108 4966 2165 5016 et
2217 4977 2366 5017 con-

706 5056 914 5106 centus
943 5068 956 5116 ;
987 5049 1234 5105 textoria
1263 5053 1466 5104 autem
1496 5063 1693 5120 neque
1719 5050 2017 5105 musicam
2045 5055 2232 5106 totam
2262 5051 2364 5106 ha-

703 5141 823 5208 bet,
851 5155 1048 5211 neque
1065 5139 1126 5194 in
1157 5142 1278 5195 tota
1297 5142 1385 5193 est
1415 5138 1668 5209 musica,
1701 5138 1925 5194 idcirco
1951 5140 2183 5195 musica
2230 5155 2364 5212 pro-

703 5231 839 5303 pius
852 5230 930 5285 ad
943 5233 1223 5285 naturam
1236 5227 1486 5296 accedit,
1501 5228 1992 5301 quandoquidem
2007 5229 2242 5284 musica
2255 5234 2360 5292 est,

702 5321 899 5390 magis
926 5318 1285 5374 universalis
1302 5323 1359 5372 et
1381 5316 1581 5372 idinco
1604 5317 1949 5388 diligentius
1975 5318 2230 5375 colenda
2249 5323 2359 5389 est,

703 5417 760 5468 et
788 5411 1005 5481 majori
1028 5411 1089 5465 in
1113 5411 1305 5481 pretio
1325 5408 1612 5464 habenda
1640 5425 1826 5481 quam
1845 5413 2113 5466 textoria.
2141 5412 2361 5476 Quam-

700 5502 912 5559 obrem
941 5500 1460 5572 neminiimponat
1486 5504 1591 5554 aut
1629 5500 2003 5555 consuetudo
2055 5506 2160 5556 aut
2215 5500 2362 5556 rela-

697 5592 804 5662 tio,
831 5596 936 5648 aut
966 5590 1098 5648 aliae
1127 5605 1329 5646 rerum
1355 5604 1539 5662 supra
1568 5596 2184 5647 commemoratarum
2220 5606 2362 5664 pro-

694 5682 1004 5756 prietates,
1043 5683 1147 5738 aut
1169 5679 1432 5753 denique
1449 5679 1887 5752 proprietatum
1915 5680 2047 5738 aliae
2093 5681 2362 5755 proprie-

2479 4690 2750 4747 diversas
2782 4691 3034 4746 diversis
3087 4691 3427 4747 civitatibus
3477 4693 3696 4758 attulit,
3751 4707 3938 4764 quam
4003 4709 4157 4749 con-

2479 4782 2734 4837 suetudo
2762 4797 2898 4853 quae
2930 4784 3016 4836 est
3063 4781 3291 4837 virtutis
3345 4786 3401 4837 et
3461 4782 3584 4836 vitii
3641 4780 4152 4838 efﬁcacissimum

2474 4871 2960 4927 instrumentum.
2992 4870 3200 4926 Ambaa
3231 4871 3429 4941 igitur,
3456 4886 3718 4942 nemque
3753 4870 4156 4942 philosophia

2475 4968 2530 5018 et
2556 4978 2654 5016 ars
2691 4962 2944 5018 coriaria
2971 4965 3112 5015 sunt
3137 4967 3393 5030 naturae,
3427 4962 3532 5015 sed
3554 4959 3837 5015 differunt
3866 4974 3938 5015 eo
3971 4961 4153 5032 quod

2473 5051 2573 5106 illa
2605 5052 2680 5106 sit
2708 5051 3070 5117 necessaria,
3103 5051 3234 5106 haec
3264 5065 3406 5105 vero
3429 5065 3557 5105 non
3578 5050 3942 5104 necessaria-
3966 5050 4153 5113 Quod

2473 5145 2675 5196 autem
2699 5140 2829 5196 haec
2859 5139 3078 5195 alicubi
3129 5139 3362 5206 colitur,
3410 5138 3511 5194 illa
3543 5154 3682 5194 vero
3735 5137 3959 5193 alicubi
4014 5152 4152 5194 non

2473 5229 2703 5298 colitur,
2749 5235 2838 5286 est
2892 5229 3400 5296 consuedudinis;
3451 5227 3647 5284 amba:
3696 5227 3875 5292 enim,
3915 5241 4151 5300 nempe

2472 5320 2859 5392 philosophia
2889 5325 2946 5375 et
2971 5335 3069 5375 ars
3097 5319 3350 5375 coriaria
3380 5323 3521 5374 sunt
3538 5322 3786 5374 naturai.
3823 5316 3939 5373 Sed
3969 5317 4031 5372 in
4068 5319 4152 5374 ci-

2471 5410 2756 5466 vitatibus
2779 5409 3076 5477 coluntur,
3099 5415 3278 5481 prout
3303 5408 3549 5464 interior
3576 5407 3840 5464 incitatio
3871 5412 3928 5462 et
3976 5407 4152 5463 incli-

2471 5501 2634 5556 natio
2657 5504 2744 5556 est
2765 5499 2961 5570 magis
2984 5498 3294 5566 naturalis,
3328 5502 3435 5554 aut
3457 5514 3494 5554 a
3513 5498 3948 5570 temperatione
4002 5513 4148 5569 pro-

2469 5590 2646 5646 fecta.
2677 5593 2900 5646 Natura
2926 5589 3086 5644 enim
3117 5603 3330 5645 omnes
3351 5588 3686 5661 comparati
3717 5593 3858 5643 sunt
3877 5587 3960 5643 ad
4009 5588 4153 5655 phi-

2467 5678 2803 5753 losophiam
2831 5683 2938 5737 aut
2960 5677 3042 5736 ad
3070 5678 3384 5736 coriariam
3403 5683 3606 5736 artem.
3627 5677 3743 5734 Sed
3752 5676 3882 5733 ﬁeri
3900 5679 4148 5750 nequit.
