4444 6452
257 439 395 493 1349

1125 433 1477 491 THEODORI
1522 429 1567 485 Il
1608 430 1741 483 1MP.
1788 425 1876 479 DE
1916 422 2376 478 COMMUNIONE
2416 422 2797 480 NATURALI.

3532 432 3668 487 i350

279 571 369 622 τῆς
405 565 625 633 φύσεως,
676 564 807 611 κατὰ
868 564 1222 631 φυσικωτέραν
1268 559 1432 628 ὁρμήν
1501 552 1557 606 δὲ
1606 559 1693 603 καὶ
1726 568 1882 600 κατα·
1939 546 1984 597 Α
2043 549 2136 601 τήν
2192 541 2466 617 διαφορὰν,
2531 548 2697 596 πάντα
2745 542 2803 597 δὲ
2850 545 3139 617 ἐπιστήμης
3176 547 3205 580 ³.
3259 559 3489 603 κοινωνεῖ
3538 574 3641 628 γαρ

280 654 506 725 κράσεως
600 652 766 721 ὁρμήν
854 656 969 707 ταῖς
1022 649 1202 700 πολεσι
1270 654 1551 717 τιμώμενα.
1612 644 1882 711 Ῐιεφυκασι

276 743 378 812 γὰρ
464 736 684 810 δυνάμει
742 741 928 795 πάντες
998 737 1267 805 φιλοσοφοι
1330 738 1357 791 ὴ
1421 736 1600 790 πάντες
1657 735 1878 787 σκυτεῖς,

279 825 534 879 ἀδύνατον
568 824 626 879 δὲ
664 830 722 877 τὸ
752 830 887 877 κατὰ
941 829 1093 876 ποιὰν
1132 820 1438 880 οιανδήτινα
1494 827 1681 891 κρᾶσιν
1747 836 1880 888 κρα-

280 918 359 967 θὲν
417 912 615 989 ῥᾳδίως
676 914 1039 971 ἀλλοιωθῆναι.
1104 914 1228 964 Κατ’
1274 912 1459 969 αὐτοὺς
1518 906 1575 961 δὲ
1622 911 1740 966 τοὺς
1790 905 1880 955 λο-

275 1024 401 1073 γους
448 1009 538 1056 xui
590 1008 885 1075 στρατηγία
945 1007 1034 1053 καὶ
1089 1002 1347 1071 ἐλαχίστη
1432 1003 1590 1069 τέχνη
1664 996 1788 1051 άλλη
1847 995 1876 1051 ἡ

277 1096 559 1165 σύγκρισις
589 1095 725 1143 κατά
762 1100 941 1164 χεῖρον
1007 1092 1141 1141 οὖσα
1205 1095 1295 1139 καὶ
1352 1095 1604 1163 κρεῖττον,
1657 1082 1759 1136 οἷον
1788 1085 1881 1143 τὰς

274 1185 363 1253 μὲν
408 1181 580 1242 πόλεις
625 1186 715 1232 καὶ
775 1183 842 1231 τὰ
892 1180 1009 1236 ἔθνη
1071 1182 1127 1230 τὸ
1198 1178 1568 1249 στρατιωτικὸν
1617 1173 1879 1245 φυλάττει,

272 1275 330 1322 τὸ
375 1274 669 1342 ποιμενικὸν
702 1266 759 1320 δὲ
790 1269 894 1339 οὐχ
945 1269 1129 1328 οὕτως.
1185 1266 1374 1319 Πολλαὶ
1428 1268 1529 1336 γὰρ
1578 1268 1648 1335 μή
1699 1280 1881 1318 κτηνο-

274 1368 563 1432 τροφουσαι
616 1359 752 1418 ζῶσι
806 1362 897 1408 xui
950 1359 1193 1428 μένουσιν
1246 1376 1257 1387 ·
1313 1350 1435 1405 οὐδὲ
1488 1358 1584 1420 μία
1628 1348 1685 1402 δὲ
1740 1348 1879 1401 ἔστιν

277 1445 643 1518 ἀστράτευτος,
698 1447 802 1498 οἷον
892 1444 1144 1502 Μιλήσιοι
1200 1443 1258 1495 οὐ
1326 1441 1590 1513 βουκόλοι,
1646 1442 1878 1511 ἔμπειροι

276 1533 335 1589 δὲ
416 1541 736 1607 ναυμαχίας,
808 1538 899 1586 xui
972 1538 1159 1607 μυρίαι
1230 1532 1397 1590 πόλεις
1461 1532 1644 1601 ἕτεραι.
1718 1526 1879 1580 Ὠστε

276 1629 544 1683 σκόπησον
575 1626 601 1676 ὁ
641 1621 943 1695 διακρίνων.
991 1621 1050 1673 Ἠ
1108 1624 1197 1691 μεν
1245 1624 1345 1693 γάρ
1404 1619 1645 1671 πλειόνων
1706 1613 1876 1668 δεῖται

270 1712 433 1784 λόγων
500 1713 822 1784 φιλοσοφίας,
883 1716 972 1762 xui
1024 1709 1267 1762 πλειονων
1320 1709 1756 1778 ἐπιτυγχάνουσα
1794 1708 1870 1763 εἵη

267 1801 327 1853 ἂν
367 1804 472 1854 οἷον
516 1806 605 1853 xui
667 1804 998 1873 φυσικωτέρα
1052 1806 1142 1850 καὶ
1198 1802 1458 1871 τιμωτέρα
1502 1796 1698 1848 πολλῶν
1750 1792 1871 1847 δεο-

263 1896 387 1963 μένη
454 1891 762 1963 φιλοσοφίας
824 1895 1025 1962 τρόπων
1083 1893 1173 1940 καὶ
1222 1886 1439 1946 πολλοὺς
1479 1889 1705 1957 ἔχουσα,
1756 1880 1869 1936 δεῖ-

260 2000 347 2031 ται
388 1976 447 2032 δὲ
489 1985 579 2031 xui
622 1982 651 2037 η
708 1978 856 2048 άλλη,
900 1978 1031 2035 πλὴν
1090 1975 1196 2027 ἀλλ’
1247 1976 1351 2047 οὐχ
1392 1976 1571 2039 οὕτως,
1626 1976 1760 2026 ὥστε
1813 1976 1869 2024 τὸ

258 2072 384 2140 πρὸς
436 2072 529 2126 τὴν
614 2068 911 2137 ἐπιστήμην
991 2065 1283 2127 πλησιάζον
1327 2072 1509 2116 πασῶν
1568 2062 1869 2134 ἐπιστημῶν

258 2163 348 2209 καὶ
422 2166 620 2227 τεχνῶν
689 2158 922 2228 ὑπάρχει
995 2160 1082 2206 καὶ
1149 2159 1472 2225 τιμιώτερον.
1527 2155 1584 2205 Ei
1640 2155 1730 2223 μὲν
1780 2151 1868 2202 οὖν

259 2245 461 2308 ἀνάξεις
518 2248 708 2313 πάντα,
768 2246 1007 2316 εὑρήσεις
1062 2244 1122 2294 ἀν
1175 2243 1426 2305 ἐξετάσων
1481 2243 1546 2302 εἰς
1612 2247 1705 2298 τήν
1744 2242 1868 2292 καθ-

262 2336 379 2388 όλου
412 2332 679 2401 παιδείαν,
709 2337 779 2393 ῶς
805 2337 1030 2408 εἴρηται,
1065 2332 1375 2403 ἁναγομενα.

335 2424 385 2479 ε’.
420 2426 655 2475 Μάταιον
697 2420 756 2475 δὲ
814 2422 861 2475 ἓν
919 2423 1137 2475 ἕκαστον
1196 2420 1470 2486 ἐξετάζειν,
1522 2420 1631 2472 ἀλλ’
1684 2422 1738 2471 ἔκ
1794 2439 1869 2471 τι-

262 2534 358 2564 νων
386 2515 557 2565 πάντα
604 2520 754 2567 νοεῖν.
796 2508 969 2584 Ἴδης
1029 2508 1087 2563 δε
1143 2512 1315 2562 πάντα
1368 2510 1665 2581 ἐπιστήμης
1724 2515 1866 2578 ὄντα,

263 2608 566 2675 τιμιώτερα,
621 2601 922 2675 ἀτιμότερα,
979 2605 1164 2672 χείρω,
1205 2604 1442 2673 κρείττω,
1502 2605 1590 2651 καὶ
1647 2602 1783 2651 κατὰ
1809 2602 1868 2650 τὸ

265 2689 377 2743 ἶσον
430 2696 519 2743 καὶ
575 2694 634 2742 τὸ
691 2692 891 2755 ἄνισον,
946 2690 976 2747 ἡ
1032 2689 1270 2741 ἐπιτάσει
1322 2694 1411 2741 καὶ
1469 2687 1639 2741 ἀνέσει
1676 2692 1869 2761 ἔχοντα

233 2928 297 2979 ut
322 2923 488 2996 quod
518 2921 724 2993 aliqua
750 2920 1181 2986 temperatione
1229 2917 1549 2990 praeditum
1589 2922 1695 2983 est,
1722 2918 1892 2975 facile

231 3012 598 3068 immutetur.
642 3009 863 3065 Eodem
896 3008 1079 3063 modo
1115 3024 1213 3062 ars
1263 3008 1650 3078 imperatoria
1691 3013 1749 3065 et
1786 3010 1895 3064 mi-

229 3102 397 3156 nima
428 3117 524 3156 ars
556 3099 944 3156 conferuntur
967 3098 1117 3152 inter
1150 3112 1235 3160 se,
1260 3113 1331 3151 ex
1354 3112 1447 3163 eo,
1479 3097 1643 3169 quod
1669 3097 1796 3153 haec
1818 3099 1894 3153 sit

230 3189 491 3254 inferior,
515 3189 617 3244 illa
640 3187 1035 3259 praestantior.
1080 3188 1150 3242 Ut
1171 3202 1268 3241 ars
1318 3185 1583 3240 militaris
1628 3186 1895 3242 civitates

1936 1894 1974 1946 Β

229 3286 286 3334 et
315 3284 519 3349 gentes
555 3281 894 3345 conservat,
929 3275 1035 3330 sed
1053 3291 1151 3330 ars
1202 3274 1509 3346 pastoritia
1539 3291 1657 3329 non
1698 3276 1839 3331 item
1878 3294 1891 3343 ;
1930 3312 1968 3365 Ο

232 3369 437 3423 multa;
467 3368 627 3423 enim
675 3368 941 3421 civitates
1001 3364 1325 3435 multaeque
1364 3365 1638 3419 nationes
1693 3372 1896 3421 carent

232 3458 519 3514 armentis
541 3462 597 3512 et
625 3455 925 3525 gregibus,
976 3470 1113 3507 cum
1142 3459 1344 3508 tamen
1384 3469 1505 3513 non
1538 3461 1781 3509 careant
1812 3471 1895 3510 re-

232 3547 347 3602 bus
377 3547 453 3602 ad
476 3547 697 3601 victum
713 3544 1091 3609 necessariis,
1122 3549 1183 3597 ut
1209 3544 1401 3598 vivere
1424 3549 1480 3598 et
1505 3544 1563 3598 in
1596 3560 1709 3599 suo
1740 3549 1895 3600 statu

232 3652 587 3708 permanere
612 3638 865 3707 possint.
896 3633 1009 3689 Sed
1036 3632 1273 3687 militari
1304 3638 1427 3687 arte
1474 3632 1638 3688 nulla
1689 3633 1896 3690 civitas

234 3741 437 3781 carere
463 3729 697 3796 potest:
727 3729 791 3778 ut
821 3721 985 3792 apud
1016 3722 1270 3777 Milesios
1302 3737 1425 3776 non
1448 3727 1587 3777 sunt
1626 3722 1893 3789 bubulci,

233 3814 338 3885 qui
363 3819 564 3869 tamen
612 3812 844 3868 navalis
878 3810 1096 3866 militiae
1114 3815 1253 3865 sunt
1299 3810 1667 3881 peritissimi.
1724 3812 1895 3882 Ejus-

233 3903 399 3958 modi
432 3901 678 3957 inﬁnitae
739 3905 876 3955 sunt
930 3900 1195 3955 civitates
1270 3898 1420 3956 aliae.
1487 3901 1895 3964 Quamobrem

229 3993 502 4048 distincte
556 3990 891 4047 considera.
946 3993 1081 4044 Esse
1129 3990 1287 4044 enim
1334 3990 1542 4045 civitas
1593 3990 1896 4060 ejusmodi

225 4086 473 4154 postest,
494 4097 632 4153 quae
672 4080 948 4151 pluribus
972 4078 1368 4152 philosophiae
1420 4079 1703 4134 institutis
1736 4095 1891 4151 opus

223 4171 407 4227 habet
435 4176 490 4225 et
518 4170 791 4243 pluribus
824 4170 1093 4224 abundet
1117 4185 1129 4222 :
1154 4173 1332 4239 atque
1364 4168 1663 4237 ejusmodi
1686 4169 1894 4223 civitas

225 4277 361 4333 quae
391 4261 665 4333 pluribus
688 4259 1088 4331 philosophiae
1122 4258 1392 4329 partibus
1419 4275 1573 4329 opus
1604 4259 1805 4324 habet,
1838 4263 1893 4314 et

227 4350 499 4422 pluribus
525 4349 817 4415 abundat,
875 4347 1068 4417 magis
1109 4363 1181 4401 ex
1241 4346 1474 4415 legibus
1518 4352 1745 4402 natura;
1802 4349 1895 4406 est

228 4440 568 4506 constituta,
591 4436 848 4509 ideoque
873 4440 1263 4507 prmstantior.
1294 4438 1432 4490 Esse
1463 4436 1643 4491 etiam
1682 4437 1891 4492 civitas

231 4529 350 4585 alia
374 4529 669 4599 ejusmodi
697 4532 911 4599 potest,
936 4541 1072 4597 quae
1096 4525 1476 4597 philosophia
1494 4525 1760 4597 quidem,
1788 4526 1893 4581 sed

230 4634 353 4675 non
376 4632 656 4691 peraeque
689 4621 869 4688 atque
888 4614 987 4670 illa
1005 4616 1276 4686 superior
1296 4630 1451 4686 opus
1471 4614 1670 4671 habet.
1699 4618 1892 4680 Quare

229 4707 397 4781 quod
414 4708 491 4763 ad
514 4706 824 4762 scientiam
847 4705 1042 4776 magis
1068 4704 1295 4760 accedit
1315 4705 1589 4760 omnium
1622 4705 1891 4761 scientia-

229 4814 386 4859 rum,
422 4796 651 4852 exsistit
675 4797 853 4850 etiam
883 4794 1289 4867 praestantius.
1332 4793 1505 4859 Quod
1537 4794 1586 4848 si
1614 4795 1891 4851 scruteris

228 4886 454 4952 omnia,
488 4885 819 4956 comperies
858 4882 938 4938 ad
986 4882 1326 4953 generalem
1357 4883 1773 4956 eruditionem,
1826 4889 1891 4940 ut

226 4975 449 5031 dictum
479 4981 584 5040 est,
618 4990 750 5030 esse
777 4972 1135 5028 revocanda.

297 5072 353 5122 5.
395 5064 510 5121 Sed
550 5063 786 5134 singula
830 5062 1079 5118 scrutari
1124 5062 1184 5117 in
1223 5062 1542 5134 priesentia
1598 5078 1888 5136 superva-

221 5172 405 5212 cuum
430 5160 618 5220 esset;
653 5170 723 5208 ex
743 5151 1115 5225 quibusdam
1134 5152 1312 5221 igitur
1340 5152 1727 5223 intelligenda
1748 5157 1887 5209 sunt

218 5247 450 5319 reliqua
477 5245 704 5301 omnia.
732 5244 937 5308 Porro,
961 5242 1061 5298 illa
1092 5242 1299 5298 omnia
1315 5244 1733 5314 praestantiora
1758 5258 1887 5298 esse

218 5335 574 5408 comperies,
619 5350 757 5406 quin
811 5337 950 5387 sunt
1001 5331 1262 5387 scientiae
1298 5332 1673 5403 ;comperies
1703 5333 1882 5389 etiam

220 5422 409 5479 multa
462 5439 591 5480 esse
651 5422 899 5478 scientia
948 5421 1179 5487 viliora,
1242 5422 1534 5477 nonnulla
1579 5422 1884 5479 nonnullis

218 5514 635 5583 praestantiora
666 5517 722 5567 et
748 5511 1032 5567 inferiora
1061 5527 1134 5567 ex
1175 5510 1514 5584 aequalitate
1540 5516 1597 5568 et
1622 5513 1886 5584 inaequa-

224 5600 421 5667 litate;
456 5603 790 5658 intensione
821 5606 878 5657 et
906 5601 1258 5656 remissione
1277 5602 1427 5656 inter
1467 5617 1531 5656 se
1587 5600 1884 5658 distincta.

231 5693 373 5758 Quae
403 5698 603 5749 tamen
648 5692 857 5748 omnia
908 5692 983 5747 ad
1026 5690 1337 5747 scientiam
1381 5690 1697 5763 pertinent.
1738 5694 1887 5747 Nam

222 5782 502 5855 quodam
528 5781 979 5840 communionis
1007 5778 1248 5838 vinculo
1267 5795 1411 5837 cum
1456 5779 1724 5852 generali
1758 5796 1889 5838 cru-

1931 4668 1970 4721 D

2044 640 2113 693 εἰς
2153 638 2246 689 τήν
2302 631 2547 685 παιδείαν
2605 635 2789 686 άπασα
2835 640 3017 705 τέχνη,
3078 640 3146 697 ὡς
3200 640 3248 689 ἓν
3304 656 3406 690 τινι
3453 644 3641 714 κέντρῳ

2042 720 2251 786 κύκλου,
2288 721 2360 781 εἰς
2411 722 2436 771 ὃ
2484 728 2652 773 πᾶσαι
2718 728 3100 794 προπίπτουσιν
3158 727 3212 775 ui
3260 724 3314 776 ἐκ
3362 735 3452 786 τῆς
3499 748 3642 801 περι-

2043 814 2244 879 φερείας
2329 810 2689 881 εὶσερχὸμεναι
2743 811 2955 865 εὐθεῖαι.
3020 812 3173 865 Ἀλλὰ
3229 820 3318 866 καὶ
3375 824 3436 887 τῇ
3490 820 3641 888 φύσει

2040 903 2188 948 πᾶσα
2224 903 2414 971 κρᾶσις
2453 898 2652 950 ἑνοῦται
2695 900 2879 973 κράσει
2932 904 3066 952 κατὰ
3117 904 3203 952 τὸν
3261 904 3417 955 αὐτὸν
3465 904 3635 977 λόγον,

2045 990 2130 1037 καὶ
2184 986 2277 1037 οὐκ
2323 990 2437 1039 ἔστι
2485 1006 2535 1038 τι
2588 991 2644 1039 τὸ
2689 994 2759 1059 μή
2817 990 3035 1059 φύσεως,
3102 994 3191 1042 καὶ
3244 990 3337 1042 οὐκ
3402 995 3514 1045 ἔστι
3559 1014 3639 1057 τις

2041 1077 2201 1144 τέχνη
2233 1079 2305 1145 μή
2351 1072 2487 1127 οὖσα
2536 1072 2803 1141 παιδείας,
2854 1078 2968 1148 ἔχει
3034 1074 3093 1129 δε
3136 1081 3205 1139 ὡς
3256 1086 3404 1132 πᾶσα
3450 1088 3641 1153 κρᾶσις

2040 1169 2307 1215 κοινωνίαν
2353 1170 2441 1216 xui
2493 1161 2778 1223 διαστολὴν
2822 1164 2877 1217 ἐκ
2930 1169 3183 1239 κράσεων,
3234 1169 3369 1220 οὕτω
3420 1166 3487 1229 δὴ
3547 1176 3639 1226 καὶ

2041 1253 2123 1303 ἐπὶ
2188 1261 2286 1303 τῶν
2363 1261 2560 1323 τεχνῶν
2602 1258 2866 1305 κοινωνίαι
2920 1259 3011 1306 καὶ
3056 1251 3334 1309 διαστολαί
3389 1279 3402 1291 ·
3448 1258 3638 1330 μᾶλλον

2038 1343 2139 1412 γὰρ
2192 1346 2523 1412 ναυμαχικὸν
2582 1345 2822 1412 συγγενὲς
2871 1350 2963 1395 τοῦ
3019 1345 3234 1395 ἱππικοῦ
3265 1345 3295 1403 ἦ
3338 1347 3635 1417 ὑφαντικὼ,

2038 1434 2128 1481 καὶ
2198 1430 2544 1500 χαλκευτικῆς
2614 1433 2644 1487 ἡ
2732 1430 3011 1502 μεταλλική
3066 1432 3096 1490 ἦ
3156 1440 3455 1505 ποιμενική,
3547 1444 3638 1490 καὶ

2039 1517 2201 1567 ἄλλων
2227 1517 2397 1573 ἄλλαι.
2424 1525 2589 1570 Τοῦτο
2620 1515 2678 1570 δε
2734 1525 2824 1570 καὶ
2890 1518 2973 1571 ἐπὶ
3024 1527 3120 1580 τῆς
3168 1524 3361 1592 φύσεως
3407 1528 3633 1592 νοητίον,

2037 1608 2106 1666 ὡς
2188 1611 2277 1657 καὶ
2357 1605 2405 1657 ἐν
2466 1615 2582 1668 ταῖς
2622 1615 2813 1679 χυμῶν
2860 1608 3065 1679 μίξεσιν
3121 1611 3326 1681 εἴρηται
3380 1617 3471 1664 xui
3520 1621 3639 1675 ταῖς

2034 1704 2133 1746 τῶν
2159 1700 2457 1766 στοιχείων.
2499 1694 2655 1767 Ἐχει
2711 1693 2771 1748 δε
2826 1703 2928 1748 πᾶν
2982 1701 3014 1748 ὅ
3065 1717 3117 1748 τι
3167 1702 3225 1750 τὸ
3282 1703 3504 1771 φύσεως,
3568 1705 3638 1765 ὡς

2034 1786 2254 1853 εἴρηται,
2314 1788 2616 1855 συμφωνίαν
2670 1789 2761 1836 καὶ
2809 1788 3017 1855 σχέσιν.
3070 1791 3347 1858 Συμφωνία
3398 1792 3500 1863 γὰρ
3548 1796 3637 1843 xui

2034 1877 2223 1942 σχέσις
2261 1877 2457 1944 κόσμον
2482 1878 2572 1925 καὶ
2605 1872 2752 1924 πόλιν
2804 1878 2895 1926 καὶ
2949 1878 3128 1946 κώμην
3175 1880 3265 1927 xui
3317 1874 3456 1929 οἶκον
3514 1897 3638 1930 συν-

2030 1965 2239 2018 ἔστησε.
2295 1967 2394 2014 Καὶ
2446 1964 2500 2013 αἱ
2575 1964 2666 2033 μὲν
2722 1964 2859 2013 κατὰ
2911 1966 3167 2034 φυσικοὺς
3220 1964 3404 2036 λόγους
3465 1970 3638 2037 γιγνό-

2026 2069 2175 2121 μεναι
2207 2052 2498 2121 συνάγουσι
2667 2070 2786 2102 τινα
2837 2047 3151 2125 διῃρημένα,
3196 2053 3329 2111 πλήν
3386 2052 3493 2107 ἀλλ’
3541 2056 3637 2108 οὐκ

2028 2137 2213 2209 ὀρθῶς,
2256 2139 2362 2190 οἷον
2417 2158 2493 2198 τις
2547 2140 2728 2209 οἶρχων
2782 2137 2875 2213 έρᾴ
2920 2146 3014 2202 τῆς
3054 2149 3355 2212 ποιμενικῆς
3411 2162 3426 2176 ·
3480 2152 3636 2197 τοῦτο

2026 2233 2213 2299 κρᾶσις
2246 2248 2258 2259 ·
2289 2233 2378 2278 xui
2400 2229 2479 2277 ὅτι
2508 2230 2597 2298 μὲν
2636 2228 2665 2284 ἠ
2729 2230 2885 2299 φύσις
2929 2233 3203 2300 ποιμενικὴ
3260 2226 3443 2299 ἔδειξε,
3492 2236 3637 2306 παρὰ

2026 2324 2122 2375 τῆς
2177 2312 2447 2377 παιδείας.
2514 2314 2666 2368 Ἔστι
2717 2318 2777 2367 τὸ
2832 2319 2923 2387 μεν
2976 2315 3224 2390 ἐρώμενον
3282 2323 3521 2390 φυσικὸν,
3575 2321 3635 2374 οὐ

2028 2411 2258 2473 φυσικῶς
2290 2400 2349 2455 δὲ
2374 2403 2399 2455 ὃ
2428 2402 2553 2476 ἐρῶν
2585 2402 2678 2477 ἇρᾲ
2709 2425 2721 2436 ·
2756 2406 2979 2478 ἄρχοντι
3009 2408 3110 2479 γὰρ
3151 2411 3203 2457 τί
3256 2411 3427 2460 κοινὸν
3456 2410 3487 2467 ἡ
3520 2429 3636 2462 ποι·-

2026 2496 2204 2563 μενική
2239 2507 2254 2556 ς
2285 2492 2412 2565 Ἐρᾷ
2468 2488 2526 2544 δὲ
2580 2497 2669 2543 xui
2723 2491 3028 2564 φιλοσοφίας
3075 2495 3264 2566 ἔτερος,
3324 2504 3477 2548 τοῦτο
3544 2519 3635 2570 φυ-

2029 2585 2176 2632 σικὸν
2227 2582 2396 2650 ὄντως,
2456 2584 2568 2633 ἔστι
2614 2576 2672 2632 δὲ
2739 2587 2827 2633 xui
2884 2585 3019 2634 κατὰ
3070 2590 3279 2655 κρᾶσιν.
3341 2584 3478 2638 Ἐκεῖ
3532 2590 3634 2661 γὰρ

2025 2677 2209 2745 κρᾶσις
2238 2669 2470 2743 ἀρχικῆς
2524 2675 2611 2722 xui
2658 2680 2983 2742 ποιμενικῆς,
3038 2669 3222 2726 ἐνθάδε
3287 2670 3347 2727 δε
3403 2673 3637 2748 ἀρχικῆς

2002 2919 2225 2974 ditione
2251 2919 2637 2989 conjungitur
2656 2919 2855 2975 omnis
2871 2919 3142 2991 ars,fnon
3164 2936 3339 2977 secus
3383 2927 3565 2996 atque
3601 2924 3663 2980 in

2002 3013 2205 3063 centro
2238 3006 2441 3063 circuli
2475 3008 2843 3064 conveniunt
2861 3023 3073 3063 omnes
3104 3008 3277 3065 linere
3325 3016 3500 3067 rectae
3524 3027 3664 3084 qua

2002 3114 2039 3153 a
2087 3098 2589 3152 circumcurrente
2647 3097 2807 3153 linea
2863 3097 3060 3154 ductas
3115 3104 3271 3155 sunt.
3324 3100 3664 3165 Quinetiam

2001 3187 2200 3241 omnis
2256 3186 2607 3258 temperatio
2650 3186 2705 3241 vi
2759 3192 2991 3243 naturas
3042 3203 3183 3243 cum
3232 3189 3664 3262 temperatione

2002 3275 2216 3332 eadem
2246 3276 2474 3331 ratione
2529 3275 2863 3347 copulatur.
2908 3278 3109 3348 Neque
3167 3278 3507 3350 quidquam
3552 3284 3661 3336 est.

2002 3365 2169 3437 quod
2197 3381 2319 3420 non
2356 3365 2691 3425 sitnaturze.
2723 3380 2920 3431 neque
2958 3365 3080 3422 ulla
3126 3371 3215 3422 est
3242 3382 3340 3422 ars
3377 3383 3514 3439 quin
3538 3383 3664 3425 non

2003 3454 2078 3508 sit
2099 3453 2471 3509 eruditionis.
2514 3455 2579 3509 Et
2606 3458 2671 3509 ut
2694 3453 2892 3509 omnis
2920 3455 3267 3526 temperatio
3291 3457 3667 3514 communio-

2003 3558 2144 3597 nem
2177 3558 2248 3598 ac
2278 3542 2718 3597 distinctionem
2758 3558 2831 3598 ex
2883 3543 3417 3615 temperationibus
3455 3546 3663 3617 habet,

2004 3632 2084 3688 ita
2113 3633 2292 3688 etiam
2334 3638 2491 3688 artes
2539 3634 2988 3703 conjunguntur
3036 3636 3188 3689 inter
3244 3650 3307 3691 se
3354 3640 3412 3691 et
3447 3636 3663 3693 distin-

2004 3727 2244 3789 guntur.
2286 3723 2437 3776 Nam
2475 3720 2697 3776 militiae
2742 3720 2972 3777 navalis
3001 3738 3101 3777 ars
3157 3722 3269 3777 arti
3321 3724 3664 3781 tractando-

2004 3826 2139 3865 rum
2159 3825 2455 3882 equorum
2480 3810 2673 3879 magis
2698 3814 2787 3865 est
2813 3815 3075 3880 cognata
3119 3825 3307 3882 quam
3336 3826 3436 3867 ars
3478 3817 3665 3870 texto—

2003 3899 2091 3954 ria
2119 3917 2135 3969 ς
2169 3905 2224 3953 θῖ
2254 3914 2352 3953 ars
2381 3898 2678 3954 metallica
2697 3899 2919 3955 aeraria
2938 3899 3048 3954 arti
3077 3901 3273 3970 magis
3298 3904 3389 3957 est
3405 3905 3666 3972 cognata

2002 4004 2191 4060 quam
2213 3988 2546 4060 pastoritia,
2578 3987 2780 4044 etaliis
2814 3986 2958 4044 aliae.
2996 3990 3114 4044 Hoc
3139 3995 3342 4045 autem
3389 3990 3573 4047 etiam
3601 3991 3664 4047 in

2003 4082 2220 4133 natura
2240 4076 2747 4133 considerandum
2777 4082 2889 4145 est,
2916 4081 2981 4132 ut
3001 4076 3065 4133 in
3117 4076 3444 4134 humorum
3473 4084 3529 4135 et
3552 4079 3666 4137 ele-

2002 4172 2346 4222 mentorum
2407 4166 2870 4221 admistionibus
2930 4167 3160 4222 dictum
3211 4171 3322 4223 est.
3373 4169 3665 4226 Caeterum

2002 4255 2300 4328 quidquid
2330 4261 2418 4311 est
2440 4256 2501 4310 in
2523 4260 2741 4311 natura
2760 4254 2946 4311 habet
2971 4260 3335 4312 concentum
3352 4261 3407 4313 et
3431 4257 3667 4315 relatio-

2002 4360 2163 4410 nem,
2186 4344 2709 4418 quemadmodum
2738 4344 2965 4400 dictum
2984 4350 3075 4401 est
3102 4360 3116 4411 ;
3149 4352 3477 4403 concentus
3502 4347 3666 4403 enim

2003 4439 2060 4490 et
2088 4434 2294 4490 relatio
2326 4434 2645 4499 mundum,
2674 4433 2987 4499 civitatem,
3018 4434 3222 4491 vicum
3271 4440 3327 4491 et
3370 4435 3665 4493 familiam

2005 4524 2331 4579 constituit.
2359 4528 2439 4578 Ac
2469 4522 2932 4596 temperationes
2952 4524 3201 4596 quidem
3230 4540 3368 4597 quas
3399 4540 3471 4581 ex
3492 4535 3666 4583 natu-

2003 4612 2231 4669 ralibus
2258 4611 2592 4669 rationibus
2630 4612 2921 4668 exsistunt
2961 4611 3246 4685 quaedam
3284 4613 3540 4671 invicem
3578 4614 3666 4672 di-

2003 4706 2132 4759 visa
2162 4702 2467 4774 copulant,
2498 4701 2607 4757 sed
2638 4718 2798 4773 saepe
2827 4717 2951 4757 non
2971 4706 3150 4771 recte,
3180 4702 3366 4759 veluti
3395 4719 3534 4760 cum
3562 4704 3667 4761 ali-

2000 4792 2136 4865 quis
2156 4792 2484 4864 imperator
2506 4791 2647 4847 artis
2668 4790 2992 4863 pastoritia
3040 4791 3349 4848 studiosus
3392 4798 3521 4849 est:
3549 4793 3667 4851 hoc

2000 4884 2160 4938 enim
2192 4887 2281 4937 est
2314 4881 2665 4953 temperatio
2698 4900 2711 4949 ;
2746 4897 2815 4937 ac
2862 4880 3013 4937 illud
3041 4880 3290 4953 quidem
3335 4882 3415 4939 ab
3472 4883 3668 4940 erudi-

2000 4972 2159 5027 tione
2188 4970 2457 5027 manavit
2486 4970 2651 5043 quod
2682 4974 2900 5026 natura
2928 4974 3121 5027 artem
3148 4971 3526 5043 pastoritiam
3549 4972 3668 5029 ho-

1999 5060 2264 5117 minibus
2304 5060 2888 5117 commonstraverit.
2930 5060 3099 5126 Quod
3159 5060 3339 5130 igitur
3387 5060 3500 5117 tale
3552 5065 3664 5132 est,

1998 5151 2270 5207 naturale
2295 5151 2542 5223 quidem
2563 5154 2650 5205 est
2684 5170 2698 5205 :
2732 5148 2838 5205 sed
2866 5150 2972 5222 qui
3009 5149 3110 5205 illo
3158 5150 3356 5207 studio
3407 5150 3664 5222 ducitur,

1998 5245 2278 5296 naturam
2302 5240 2574 5312 proxime
2604 5254 2727 5295 non
2751 5244 3039 5312 sequitur.
3065 5242 3215 5296 Nam
3238 5255 3336 5296 ars
3354 5240 3668 5312 pastoritia

1994 5330 2057 5385 in
2081 5330 2444 5401 imperatore
2493 5332 2580 5385 est
2625 5328 2854 5401 aliquid
2911 5328 3248 5385 sordidum.
3305 5328 3464 5386 Alter
3519 5345 3667 5388 vero

1997 5418 2394 5492 philosophiae
2410 5418 2717 5475 studiosus
2736 5421 3029 5491 est,atque
3041 5418 3156 5474 hoc
3167 5434 3377 5475 revera
3392 5423 3483 5475 est
3494 5424 3667 5475 natu-

1998 5509 2141 5565 rale.
2175 5509 2340 5564 Istud
2361 5510 2543 5565 etiam
2554 5525 2628 5564 ex
2644 5509 3073 5580 temperatione
3085 5507 3334 5565 exsistit.
3360 5508 3481 5564 Illic
3504 5509 3667 5566 enim

1998 5605 2089 5655 est
2120 5599 2471 5671 temperatio
2501 5597 3062 5669 artisimperatoriee
3107 5603 3165 5654 et
3220 5598 3524 5671 pastoria,
3568 5598 3668 5655 hic

1998 5694 2202 5746 autem
2216 5688 2615 5762 imperatoriae
2627 5693 2684 5743 et
2694 5686 3147 5760 philosophica.
3167 5688 3473 5761 Numquid
3488 5687 3670 5760 igitur

1995 5780 2115 5839 hoc
2163 5779 2415 5854 quidem
2449 5778 2860 5837 necessarium
2906 5782 3018 5851 est,
3070 5776 3223 5837 illud
3268 5793 3411 5837 vero
3444 5776 3559 5836 vile
3608 5781 3669 5840 et
