4444 6452
736 402 866 462 1351

768 616 826 671 δὲ
879 619 1067 691 φαῦλον
1101 639 1115 687 ;
1145 623 1339 694 Τοίγαρ
1398 624 1449 672 τί
1495 620 1845 694 συμϐάλλεται
1902 622 2103 700 ἀρχικῇ
2149 629 2208 677 τὸ
2262 646 2376 679 ποι-

765 712 968 779 μενικὸν
1025 724 1038 775 ;
1094 710 1190 760 Διά
1250 716 1399 761 τοῦτο
1482 716 1570 762 καὶ
1625 715 1713 763 τὸν
1768 716 1926 786 σοφὸν
1983 714 2185 767 Φίλωνα
2236 735 2373 779 τινες

767 797 1012 869 ἔσκωψαν
1042 802 1159 859 τοὺς
1220 796 1446 871 ἀγαθοὺς
1492 806 1738 874 ποιμένας
1797 802 2028 876 ἀγαθοὺς
2084 804 2214 857 εἶναι
2269 806 2377 879 βα-

766 886 927 949 σιλεῖς
957 886 1184 944 εἰπόντα.
1216 893 1353 946 Φησὶ
1384 886 1443 941 δε
1474 894 1561 942 καὶ
1604 892 1629 943 ὁ
1678 898 1905 954 ποιητὴς
1964 898 2207 967 ποιμένας
2251 894 2377 949 λαοῦ

761 979 879 1037 τοὺς
932 973 1193 1049 βασιλεῖς,
1244 977 1303 1030 οὗ
1363 979 1742 1052 φυσιολογικῶς
1806 979 1865 1035 δὲ
1912 988 2002 1035 καὶ
2064 981 2377 1038 ἀποδεικτι-

761 1071 886 1135 κῶς,
940 1065 1070 1117 ἀλλᾶ
1140 1068 1430 1141 ῥητορικῶς
1485 1074 1575 1122 xui
1628 1068 1738 1123 αῖον
1794 1073 2109 1134 ὑποθετικῶς
2166 1080 2256 1127 καὶ
2311 1083 2373 1148 τῇ

762 1151 915 1227 ἀδείᾳ
968 1163 1032 1228 τῇ
1084 1163 1180 1217 τῆς
1230 1162 1488 1219 ποιήσεως
1517 1156 1895 1235 ’παράδειγμα
1945 1165 2045 1236 γὰρ
2094 1172 2247 1216 τοῦτο
2304 1168 2378 1216 τί-

764 1245 912 1310 θησι,
940 1249 1031 1298 καὶ
1058 1245 1164 1318 οὐχ
1193 1249 1259 1309 ὡς
1292 1247 1372 1299 ὃτι
1413 1243 1499 1301 δεῖ
1548 1254 1767 1323 ποιμένα
1833 1252 1963 1305 εἶναι
2008 1256 2093 1305 τὸν
2151 1251 2378 1326 βασιλέα

759 1338 1031 1407 ποιμνίων,
1090 1333 1197 1387 ἀλλ’
1255 1337 1333 1388 ὅτι
1405 1338 1511 1389 οἷον
1560 1345 1755 1413 ποιμήν
1814 1337 1955 1393 ἔστιν
2025 1344 2050 1393 ὁ
2103 1340 2373 1416 βασιλεύς,

758 1424 951 1482 Τίθησι
982 1420 1041 1476 δε
1066 1428 1166 1476 xm.)
1191 1427 1374 1497 μάχας
1407 1424 1696 1501 βατράχων
1722 1434 1811 1481 καὶ
1867 1438 2031 1503 μυῶν,
2075 1433 2262 1504 ἡρῴων
2290 1432 2377 1485 αν-

761 1508 899 1585 δρῶν
952 1509 1251 1586 ὑπόδειγμα
1304 1516 1602 1586 σαφηνίζων
1647 1521 1778 1592 πρὸς
1825 1524 1942 1580 τοὺς
2004 1519 2366 1594 ὀλιγωτέρους.

758 1602 1032 1675 Νομιζέτω
1120 1599 1180 1655 δέ
1249 1622 1331 1664 τις
1408 1607 1495 1656 τὸν
1575 1606 1916 1681 Τρωξάρταον
2012 1608 2375 1682 Ἀγαμέμνονα

756 1695 843 1743 τὸν
927 1688 985 1744 δε
1044 1696 1357 1764 φυσίγνατον
1436 1697 1691 1768 Πρίαμον,
1754 1704 1906 1750 τοῦτο
1952 1706 2049 1750 τῶν
2106 1698 2352 1765 ἀσθενῶν,

758 1782 872 1833 ἔστι
915 1776 974 1833 δε
1030 1789 1102 1852 τῷ
1158 1790 1298 1854 σοφῷ
1353 1780 1569 1857 Ὀμήρῳ
1625 1788 1821 1848 σκοπὸς
1876 1785 2097 1839 έπαινείν
2154 1786 2366 1861 ἀρετὴν,

761 1866 848 1922 διὸ
878 1874 967 1922 καὶ
1004 1875 1178 1923 πᾶσαν
1210 1879 1401 1942 γνῶσιν
1438 1876 1564 1943 πρὸς
1616 1881 1769 1926 τοῦτο
1815 1871 1908 1927 διὰ
1962 1884 2115 1929 τοῦτο
2174 1877 2371 1950 αἰχμα-

757 1957 987 2019 λωτίζει.
1045 1963 1247 2033 Ποιμήν
1311 1962 1399 2033 μεν
1458 1957 1545 2013 οὖν
1588 1963 1861 2037 προϐάτων
1916 1966 1945 2024 ἡ
2005 1965 2187 2040 ἐτέρων
2245 1966 2371 2039 ἁγε-

756 2047 853 2103 λῶν
884 2045 1054 2110 οὐδεὶς
1098 2052 1300 2125 ἄρχων,
1351 2050 1446 2102 κᾶν
1496 2053 1649 2115 ὅσους
1708 2058 1933 2128 χόρτους
1988 2054 2159 2126 ἀγέλος
2215 2058 2316 2129 ἔχῃ
2354 2080 2366 2094 ·

758 2138 1031 2211 φιλόσοφος
1079 2135 1137 2191 δὲ
1211 2140 1277 2191 ὢν
1357 2143 1615 2217 μακάριός
1682 2141 1816 2214 ἐστι,
1864 2142 1958 2195 κᾶν
2015 2148 2159 2196 οἴκου
2212 2144 2371 2216 ψιλοῦ

755 2233 906 2301 μόνον
932 2229 1101 2301 ἄρχῃ.
1145 2233 1247 2281 Καὶ
1296 2233 1397 2303 γὰρ
1453 2227 1677 2303 οὐδεμία
1730 2236 1811 2293 τίς
1864 2229 1973 2284 ἐστι
2031 2242 2231 2304 γνῶσις
2293 2242 2367 2304 τῷ

757 2317 937 2377 ἀληθεῖ
1026 2314 1498 2392 διαδιδράσκουσα
1573 2319 1854 2393 φιλοσόφῳ.
1912 2318 2235 2395 ’Υποδειγμα
2311 2320 2370 2376 δὲ

754 2411 813 2461 τὸ
850 2409 1004 2483 ῥηθεν
1050 2415 1220 2461 τοῦτο.
1275 2411 1420 2461 Μετὰ
1482 2405 1541 2462 δε
1607 2417 1759 2461 τοῦτο
1812 2412 2077 2484 μυριαττα
2135 2410 2365 2485 ἐχόμενα

752 2502 937 2552 τούτου
998 2498 1130 2557 πλήν
1188 2505 1521 2573 φυσικώτερα
1578 2504 1667 2551 xui
1717 2504 1788 2572 μὴ
1845 2504 2062 2572 φυσικὰ,
2118 2502 2271 2555 οἱς-ινα
2318 2506 2366 2555 ἕν

752 2609 863 2642 τισι
937 2593 1226 2651 κοινωνίαις
1311 2590 1612 2655 ὑποπίπτει,
1692 2588 1741 2641 έν
1812 2599 1884 2661 τῷ
1966 2591 2104 2663 ἄλλῳ
2152 2597 2242 2644 καὶ
2292 2601 2365 2663 τῷ

754 2677 939 2750 ἀλλοίῳ
972 2699 985 2712 ο
1038 2677 1133 2730 κᾶν
1175 2680 1322 2752 ἔτερα
1369 2681 1493 2752 γὰρ,
1544 2676 1638 2729 κᾶν
1693 2678 1909 2755 ἑτεροῖα,
1971 2686 2090 2755 περὶ
2146 2685 2205 2733 τὸ
2259 2686 2367 2734 κέν-

751 2788 871 2845 τρον
902 2771 1215 2841 συνάγονται
1245 2771 1271 2824 ὅ
1298 2769 1438 2824 ἐστιν
1469 2770 1497 2828 ἡ
1524 2768 1747 2823 καθόλου
1777 2767 2013 2827 παιδεία.

722 2954 1046 3025 indignum
1082 2942 1110 2999 7
1130 2960 1274 3002 nam
1298 2944 1447 3018 quid
1477 2946 1557 3003 ad
1586 2946 2035 3020 imperatoriam
2080 2949 2394 3021 pastoritia

722 3041 1002 3103 confert?
1034 3038 1258 3096 Idcirco
1287 3037 1538 3111 quidam
1560 3037 1889 3094 illudebant
1910 3038 2244 3111 sapientem
2265 3041 2393 3097 Phi-

718 3136 922 3193 Ionem
992 3129 1158 3203 quod
1207 3128 1401 3184 bonos
1459 3132 1729 3199 pastores
1795 3128 1990 3184 bonos
2042 3145 2212 3199 reges
2262 3146 2390 3185 esse

716 3223 989 3280 dixisset.
1032 3222 1095 3275 Et
1124 3224 1300 3289 poeta
1321 3232 1492 3287 reges
1523 3217 1730 3288 populi
1774 3224 2049 3290 pastores
2100 3219 2387 3291 appellat,

716 3328 843 3369 non
873 3327 944 3366 ex
975 3306 1233 3365 naturali
1262 3306 1509 3362 scientia
1535 3310 1592 3361 et
1617 3305 1889 3362 doctrina
1918 3307 2032 3362 hoc
2056 3308 2385 3379 proferens,

2257 399 2615 473 ADDENDA.

729 535 819 583 xui
860 528 1187 602 φιλοσοφίας.
1250 532 1474 605 Πότερον
1534 528 1623 584 οὖν
1681 535 1740 585 τὸ
1797 536 1886 607 μὶν
1952 533 2259 607 ἀναγκαῖον,
2319 542 2376 590 τὸ
2430 544 2477 597 Α

2628 543 2694 607 ς’.
2746 550 2841 601 Καὶ
2888 549 2943 601 αἱ
2995 549 3085 621 μὲν
3125 547 3411 621 ἐπιστῆμαι
3476 553 3567 602 καὶ
3633 552 3843 621 τέχναι,
3900 549 4059 611 οὕτως
4088 553 4157 613 ὡς

2541 638 2743 710 εἴρηται
2801 639 3011 709 έχουσι,
3069 637 3163 690 κᾶν
3217 640 3338 691 ὅσον
3404 658 3484 701 τις
3542 642 3665 714 φέρῃ
3726 636 3783 691 δὲ
3835 647 3946 702 τοῖς
3984 643 4155 714 πραγ-

2539 729 2674 798 μασί
2727 744 2841 778 τινα
2893 726 3067 802 ἑτέραν
3151 726 3405 797 ἐξέτασιν,
3472 725 3577 779 ἀλλ’
3647 727 3726 780 ἀεὶ
3780 730 3991 803 εὑρήσει
4044 748 4157 781 κοι-

2539 818 2723 875 νωνίας
2790 819 2879 867 καὶ
2930 812 3215 882 διαζύξεις,
3282 823 3396 878 ταῖς
3447 819 3680 888 τέχναις.
3738 820 3887 887 Λέγω
3941 813 4021 884 δὲ,
4083 819 4156 879 ὡς

2538 905 2629 963 τὰς
2668 903 2959 977 εἰρημένας,
3022 905 3209 977 εὑρήσι
3249 901 3299 957 δ’
3350 903 3429 958 ἀεὶ
3484 910 3575 957 καὶ
3629 906 3824 971 πασας,
3880 904 3975 957 κᾶν
4037 924 4157 958 κοι-

2538 1000 2693 1065 νωνῇ,
2752 991 2846 1045 κᾶν
2901 992 2960 1046 οὗ
3012 1002 3256 1067 κοινωνῇ,
3313 999 3440 1067 μίαν
3506 993 3733 1051 ἑκάστην
3805 1002 4155 1048 κοινωνοῦσαν

2540 1080 2728 1156 ἑκαστῃ
2819 1087 2936 1158 περὶ
3024 1088 3116 1142 τὴν
3193 1082 3488 1156 ἐπιστήμην
3568 1104 3582 1117 ο
3644 1082 3830 1137 ἐκεῖθεν
3881 1086 3984 1158 γὰρ
4039 1082 4157 1136 ἐστι

2538 1176 2687 1223 πᾶσα
2724 1173 2875 1225 οἱονεὶ
2921 1173 2951 1230 ἡ
3013 1169 3262 1234 παιδείας
3317 1169 3455 1241 ἰδέα,
3509 1177 3601 1225 καὶ
3648 1173 3703 1225 αἱ
3761 1174 3974 1245 κράσεις
4016 1175 4158 1226 κατὰ

2540 1264 2628 1312 τὸν
2705 1260 2858 1314 αὑτὸν
2947 1260 3097 1334 λόγον
3170 1280 3187 1295 ο
3246 1263 3417 1315 πᾶσαι
3500 1265 3619 1335 γὰρ,
3679 1265 3742 1322 ὡς
3789 1264 4013 1335 εἴρηται,
4062 1266 4157 1315 καὶ

2540 1357 2846 1401 κοινωνοῦσι
2893 1354 2983 1402 xui
3040 1346 3439 1402 διαστέλλονται
3483 1353 3613 1424 πρὸς
3665 1348 3846 1412 αὐτάς.
3905 1355 4035 1423 Περὶ
4091 1346 4155 1403 δὲ

2541 1442 2634 1495 τὴν
2694 1441 2848 1509 φύσιν
2930 1443 3077 1496 κοινὴ
3135 1446 3233 1490 τῶν
3286 1437 3412 1490 ὅλων
3467 1437 3610 1490 ἐστὶν
3662 1438 3691 1496 ἡ
3758 1437 4059 1500 συνελευσις
4117 1441 4149 1497 ἧ

2540 1523 2650 1577 ἐστι
2729 1532 2988 1583 κοινωνία,
3071 1531 3307 1598 Γίγνεται
3382 1522 3440 1579 δε
3498 1534 3651 1579 τοῦτο
3719 1532 3808 1579 καὶ
3858 1526 4004 1579 πόλει
4061 1531 4155 1579 καὶ

2538 1618 2741 1685 κόσμῳ,
2774 1619 2864 1666 καὶ
2920 1620 3069 1687 κώμῃ
3130 1619 3219 1667 καὶ
3283 1618 3427 1685 οῖκῳ,
3482 1614 3610 1666 αλλα
3667 1611 3735 1673 δὴ
3796 1619 3888 1667 xui
3948 1614 4150 1687 ἀτόμῳ.

2537 1708 2751 1775 Τριχῶς
2780 1706 2881 1777 γὰρ
2913 1711 3145 1756 κοινωνεῖ
3182 1707 3242 1755 τὸ
3299 1703 3507 1774 λογικὸν
3571 1706 3721 1766 ζῶον,
3779 1704 3806 1762 ἡ
3867 1707 3968 1777 γὰρ
4023 1707 4152 1777 κρά-

2540 1792 2674 1850 σειὴ
2737 1795 2890 1864 φύσει
2936 1791 2966 1850 ἣ
3025 1789 3261 1865 παιδεία.
3325 1798 3425 1845 Καὶ
3475 1800 3572 1855 τῆς
3626 1796 3716 1865 μεν
3772 1798 3997 1859 φυσικῆς
4042 1812 4154 1846 κοι-

2536 1885 2800 1933 νωνίακαὶ
2826 1878 3045 1935 παιδεία
3070 1880 3200 1949 έστὶ,
3260 1888 3323 1954 τῇ
3380 1876 3438 1933 δε
3496 1882 3682 1953 κράσει
3738 1880 3831 1931 οὐκ
3878 1878 3960 1931 ἀεὶ
4018 1898 4152 1931 παι-

2538 1966 2656 2022 δεια
2683 1968 2841 2037 ἐστὶν,
2876 1970 2920 2023 εἰ
2979 1974 3051 2043 μὴ
3106 1972 3244 2022 κατὰ
3304 1974 3425 2030 τους
3468 1970 3767 2045 εἰρημένους
3808 1968 4014 2040 λόγους,
4066 1970 4152 2019 ὅτι

2536 2064 2685 2111 πᾶσα
2714 2058 2929 2121 ὁντότης
2956 2063 3173 2132 φύσεως,
3202 2058 3297 2111 κᾶν
3365 2056 3537 2130 ἀγαθὴ
3592 2057 3686 2111 κᾶν
3732 2057 3812 2127 οὗ,
3863 2064 3949 2110 καὶ
3997 2064 4153 2109 πᾶσα

2533 2153 2693 2220 τέχνη
2724 2147 3017 2222 ἐπιστήμης
3047 2152 3317 2215 ὡσαύτως,
3374 2154 3465 2201 καὶ
3513 2150 3591 2200 ὅτι
3645 2147 3842 2201 ἐκεῖθεν
3895 2150 4009 2219 ἔχει
4051 2152 4151 2205 τὴν

2534 2238 2733 2291 ἕνωσιν.
2768 2242 2868 2290 Καὶ
2898 2246 2960 2311 τῇ
3029 2240 3119 2310 μὲν
3174 2234 3260 2289 οὖν
3311 2244 3504 2310 φυσικῇ
3558 2242 3820 2308 κοινωνία,
3880 2238 3947 2298 ὡς
4008 2238 4150 2309 εἰρη-

3116 2326 3195 2380 ἀεὶ
3264 2330 3353 2379 καὶ
3428 2323 3669 2381 παιδεία.
3731 2330 3974 2379 Κοινωνεί
4040 2328 4148 2397 γάρ

3371 2438 3383 2450 ·
3427 2420 3508 2477 τίς
3561 2412 3620 2468 δὲ
3673 2417 3699 2473 ἡ
3773 2414 4151 2487 μεσολαϐοῠσα

2531 2345 2640 2394 ται,
2700 2326 3019 2399 πεπλεγμένη

2532 2421 2622 2468 xui
2696 2415 2920 2477 κλέπτης
3000 2418 3065 2468 τά
3131 2415 3320 2473 κλέπτη

2531 2502 2796 2569 παιδείας
2840 2506 2994 2560 Ἀλλά
3045 2511 3135 2558 xui
3178 2510 3369 2559 τέκτων
3426 2510 3644 2571 τέκτονι,
3701 2514 3856 2557 τοῦτο
3914 2501 3973 2557 δε
4020 2505 4151 2579 κρά-

2535 2614 2683 2662 σεως,
2738 2598 2802 2655 ὡς
2856 2600 2946 2647 xui
2994 2599 3052 2647 τὸ
3108 2597 3233 2651 ἄνω.
3285 2600 3523 2669 Διαφέρει
3580 2591 3639 2647 δε
3690 2596 3771 2647 ὃτι
3819 2598 3877 2646 τὸ
3926 2597 4019 2667 μὲν
4068 2613 4149 2655 τις

2532 2688 2685 2756 φύσις
2729 2690 2819 2736 καί
2867 2704 2946 2747 τις
3012 2682 3232 2738 παιδεία
3289 2687 3496 2760 ἔκρασε,
3544 2687 3601 2736 τὸ
3653 2679 3712 2736 δε
3766 2682 3881 2735 οὗτε
3917 2686 4145 2755 φύσεως,

2530 2778 2645 2826 οὔτε
2739 2771 2998 2836 παιδείας.
3093 2772 3228 2831 υνδε
3289 2777 3391 2849 γάρ
3442 2779 3539 2847 μία
3601 2776 3774 2847 φύσις,
3842 2775 3871 2832 ἡ
3924 2770 4151 2826 παιδεία

2504 2952 2818 3009 muniones
2849 2957 2906 3009 et
2933 2952 3341 3010 distinctiones
3365 2952 3426 3009 in
3467 2951 3713 3009 artibus.
3764 2951 3906 3008 Dico
3964 2956 4172 3009 autem

2501 3049 2952 3115 comperturum
3022 3042 3191 3099 illum
3252 3058 3465 3099 omnes
3513 3046 3668 3098 artes
3713 3042 4169 3097 communionis

2498 3132 2740 3188 vinculo
2780 3133 3052 3188 connecti
3093 3137 3149 3188 et
3204 3132 3283 3188 ad
3332 3131 3643 3187 scientiam
3692 3132 3981 3198 revocari,
4045 3132 4171 3185 sive

2498 3222 2648 3277 inter
2679 3222 2842 3294 ipsas
2880 3222 2952 3277 sit
2993 3221 3271 3293 proxima
3297 3226 3353 3277 et
3399 3221 3739 3276 necessaria
3793 3221 4168 3290 communio,

2499 3312 2623 3367 sive
2651 3327 2769 3367 non
2808 3311 2901 3381 sit,
2934 3315 2997 3366 ut
3026 3311 3087 3366 in
3119 3310 3529 3382 superioribus
3560 3310 3841 3365 diximus.
3877 3312 4029 3366 Nam
4064 3328 4170 3365 su-

718 3401 826 3458 sed
846 3399 1134 3456 rhetorice
1160 3400 1217 3453 et
1253 3394 1434 3452 veluti
1464 3395 1866 3467 hypothetice,
1923 3401 2102 3468 atque
2152 3414 2223 3452 ex
2249 3413 2364 3470 poe
2428 3404 2466 3458 C
2496 3417 2708 3473 premo.
2736 3401 3093 3457 illascientia
3114 3400 3529 3473 complectitur
3544 3416 3791 3457 omnem
3809 3400 4167 3456 eruditionis

714 3491 833 3548 tica
850 3487 1088 3546 licentia
1120 3505 1133 3556 ;
1167 3487 1281 3541 hoc
1307 3484 1467 3540 enim
1516 3489 1812 3557 tanquam
1867 3486 2213 3558 exemplum
2247 3503 2385 3558 pro-

716 3579 906 3653 ponit,
932 3592 1055 3633 non
1082 3574 1250 3649 quod
1280 3578 1551 3646 oporteat
1580 3590 1781 3644 regem
1806 3590 1933 3630 esse
1965 3577 2159 3645 gregis
2188 3582 2387 3648 pasto-

714 3686 866 3739 rem,
892 3667 997 3724 sed
1018 3664 1186 3739 quod
1205 3680 1311 3720 rex
1340 3664 1413 3718 sit
1440 3662 1617 3718 veluti
1652 3669 1873 3735 pastor.
1901 3665 2187 3736 Proponit
2204 3665 2384 3721 etiam

712 3769 1007 3816 ranarum
1038 3760 1094 3811 et
1122 3754 1388 3810 murium
1421 3768 1680 3825 pugnas,
1701 3753 1953 3809 heroum
1974 3770 2111 3809 cum
2130 3755 2384 3810 homini-

712 3848 830 3905 bus
858 3843 1242 3902 inferioribus
1272 3858 1511 3915 pugnas
1533 3842 1611 3898 ob
1653 3842 1860 3898 oculos
1890 3859 2143 3916 ponens.
2177 3845 2381 3915 Fingat

711 3940 915 3994 autem
936 3934 1155 4007 aliquis
1181 3934 1532 3988 Troxartum
1590 3948 1718 3987 esse
1765 3938 2283 4003 Agamemnonem
2326 3942 2383 3991 et

710 4025 1193 4100 Physignathum
1214 4038 1344 4078 esse
1360 4021 1661 4078 Priamum
1686 4039 1698 4089 ;
1724 4023 1891 4093 quod
1918 4024 2166 4095 quidem
2186 4041 2383 4081 exem-

707 4117 880 4191 plum
910 4120 997 4172 est
1026 4112 1488 4170 imbecilliorum
1541 4111 1880 4167 hominum.
1917 4116 2013 4168 Est
2056 4120 2257 4170 autem
2291 4131 2381 4171 sa-

710 4205 900 4279 pienti
931 4204 1190 4260 Homero
1217 4218 1441 4274 scopus
1469 4201 1814 4273 propositus
1846 4207 1909 4257 ut
1946 4203 2223 4258 virtutem
2258 4203 2382 4259 lau-

709 4295 833 4361 det,
900 4299 957 4350 et
1003 4293 1227 4349 idcirco
1273 4306 1517 4347 omnem
1560 4290 1964 4362 cognitionem
2013 4294 2064 4347 ei
2116 4293 2378 4364 subjicit.

708 4385 914 4443 Nullus
934 4383 1115 4455 igitur
1145 4383 1469 4454 imperator
1500 4386 1586 4436 est
1618 4382 1919 4452 pecudum
1955 4388 2055 4438 aut
2098 4383 2273 4437 ullius
2300 4382 2380 4438 a1-

707 4475 888 4532 terius
920 4472 1119 4543 gregis
1138 4476 1364 4544 pastor,
1395 4470 1631 4526 etiamsi
1683 4476 1831 4542 quot
1868 4471 2088 4527 herbas
2128 4477 2215 4528 tot
2253 4488 2380 4544 gre-

706 4581 812 4637 ges
836 4561 1060 4620 habeat
1090 4580 1103 4630 ;
1136 4559 1243 4616 sed
1263 4560 1590 4633 imperator
1616 4559 1710 4615 ille
1740 4561 1843 4633 qui
1871 4566 1959 4617 est
1981 4562 2379 4634 philosophus

709 4658 798 4711 est
817 4653 1053 4720 beatus,
1075 4650 1313 4707 etiamsi
1338 4648 1579 4705 familiae
1596 4649 1773 4705 alicui
1794 4649 2089 4706 duntaxat
2105 4651 2375 4725 imperet.

2494 3490 2718 3557 ideam,
2744 3496 2809 3546 ut
2828 3491 3009 3547 etiam
3026 3496 3240 3547 natura
3262 3490 3679 3562 complectitur
3701 3490 4170 3561 temperationes

2494 3598 2566 3637 ex
2598 3580 2811 3637 eadem
2848 3580 3093 3636 ratione.
3146 3581 3366 3635 Omnes
3414 3580 3596 3644 enim,
3652 3584 3713 3634 ut
3760 3578 3992 3634 dictum
4052 3588 4165 3647 est,

2492 3673 2644 3728 inter
2662 3688 2722 3725 se
2740 3670 3167 3726 communione
3192 3670 3325 3740 conj
3338 3676 3643 3740 unguntur
3658 3675 3762 3724 aut
3776 3668 4163 3739 distinguun-

2493 3760 2752 3815 turinter
2773 3776 2837 3815 se
2867 3776 2879 3825 ;
2909 3759 3009 3815 sed
3038 3759 3115 3815 ad
3134 3762 3415 3814 naturam
3439 3759 3841 3813 communiter
3863 3759 4167 3815 universa:

2492 3849 2952 3920 temperationes
2976 3852 3355 3914 revocantur,
3389 3864 3523 3920 quae
3578 3863 3640 3903 es
3680 3848 3955 3919 ipsarum
4006 3848 4164 3903 inter

2492 3953 2554 3993 se
2584 3938 2954 3993 communio.
2989 3936 3111 3992 Hoc
3141 3936 3319 3993 etiam
3351 3936 3412 3991 in
3453 3936 3708 4003 civitate,
3738 3934 3990 4006 mundo,
4026 3936 4166 3993 vico

2490 4026 2798 4082 familiain
2826 4026 3134 4081 individuo
3180 4025 3453 4097 quolibet
3492 4024 3975 4080 animadvertere
4027 4041 4166 4097 pos-

2489 4132 2717 4170 sumus.
2753 4115 2984 4187 Triplex
3006 4115 3165 4170 enim
3184 4115 3532 4169 communio
3555 4113 3616 4168 in
3640 4113 3887 4168 animali
3909 4114 4166 4170 rationis

2488 4204 2775 4276 participe
2807 4205 3083 4269 cernitur,
3110 4206 3214 4259 aut
3242 4203 3404 4257 enim
3433 4203 3881 4274 temperationis
3914 4208 4019 4259 aut
4046 4219 4163 4260 na-

2471 4299 2634 4349 turae
2666 4298 2769 4349 aut
2793 4292 3161 4349 eruditionis.
3196 4297 3276 4347 Ac
3308 4292 3368 4346 in
3406 4291 3666 4347 naturali
3715 4291 3961 4363 quidem
3990 4308 4163 4349 com-

2488 4384 2771 4439 munione
2790 4383 3041 4439 eruditio
3058 4399 3301 4456 quoque
3318 4382 3489 4448 inest,
3512 4382 3614 4436 sed
3642 4382 3703 4439 in
3722 4382 4163 4454 temperatione

2486 4489 2609 4529 non
2623 4473 3021 4545 semperinest
3034 4471 3306 4541 eruditio,
3327 4470 3439 4526 nisi
3454 4471 3599 4526 forte
3613 4486 3682 4525 ex
3696 4470 3809 4525 illis
3822 4472 4165 4527 rationibus

2486 4579 2640 4637 quas
2666 4562 2992 4634 attulimus,
3018 4577 3236 4634 nempe
3266 4559 3433 4633 quod
3462 4560 3661 4615 omnis
3699 4560 3932 4625 entitas,
3979 4567 4042 4617 ut
4084 4561 4165 4617 ita

2486 4654 2705 4725 dicam,
2733 4654 3078 4718 sitnaturze,
3104 4651 3226 4706 sive
3252 4650 3415 4705 bona
3447 4649 3539 4716 sit,
3568 4650 3691 4704 sive
3722 4665 3843 4704 non
3880 4648 4084 4718 bona;
4106 4657 4165 4708 et

707 4741 879 4800 Nulla
900 4741 1063 4797 enim
1097 4744 1185 4795 est
1206 4737 1467 4809 cognitio
1498 4754 1633 4810 quae
1681 4754 1890 4829 verum
1943 4738 2377 4813 philosophum
2412 4776 2452 4829 ο
2486 4742 2861 4815 quodomnis
2878 4740 3065 4797 arsad
3081 4740 3392 4796 scientiam
3408 4737 3922 4794 referatureodem
3942 4740 4158 4807 modo,

707 4833 919 4905 fugiat.
951 4834 1071 4886 Hoc
1102 4833 1305 4886 autem
1337 4830 1479 4884 satis
1518 4828 1834 4901 perspicue
1888 4829 2002 4885 illis
2030 4847 2166 4903 quae
2220 4831 2378 4888 dicta

708 4928 849 4981 sunt
877 4938 915 4979 a.
958 4920 1136 4977 nobis
1180 4919 1541 4977 ostenditur.
1574 4922 2038 4993 Consequuntur
2057 4920 2273 4978 deinde
2292 4922 2376 4978 in—

705 5028 963 5071 numera
992 5010 1110 5068 alia
1138 5026 1275 5083 quae
1296 5009 1517 5082 partim
1544 5008 1621 5065 ad
1640 5016 1917 5066 naturam
1939 5012 2187 5084 propius
2209 5027 2377 5069 acce-

707 5103 881 5169 dunt,
941 5101 1163 5175 partim
1225 5099 1467 5171 longius
1522 5106 1754 5156 remota
1811 5107 1972 5159 sunt.
2036 5102 2376 5174 Suscipiunt

708 5198 912 5252 autem
932 5190 1237 5265 quasdam
1267 5188 1713 5247 communionis
1742 5192 2022 5261 rationes,
2055 5208 2125 5247 ex
2152 5191 2373 5265 quibus

708 5284 839 5343 alia;
867 5298 963 5340 res
991 5288 1171 5354 atque
1202 5279 1525 5336 dissimiles
1569 5278 1928 5352 efficiuntur,
1961 5280 2063 5337 sed
2108 5282 2230 5338 sive
2257 5282 2374 5341 sint

707 5375 839 5433 aliae
898 5372 1024 5430 sive
1063 5370 1301 5427 dissiles
1362 5370 1423 5427 in
1472 5374 1675 5427 centro
1723 5387 1937 5428 omnes
1984 5371 2369 5443 conveniunt,

706 5462 877 5539 quod
896 5461 1145 5537 quidem
1176 5465 1448 5519 centrum
1478 5466 1568 5519 est
1597 5460 1950 5519 universalis
1971 5461 2247 5519 eruditio.

780 5559 835 5613 6.
870 5556 953 5610 Ac
984 5552 1245 5609 scientiae
1274 5552 1523 5625 quidem
1553 5557 1609 5609 et
1633 5556 1788 5609 artes
1831 5552 1915 5610 ita
1948 5569 2009 5608 se
2038 5551 2263 5610 habent
2287 5551 2373 5609 uti

706 5643 991 5725 diximus,
1016 5648 1073 5702 et
1099 5643 1162 5701 in
1182 5658 1613 5717 quamcunque
1652 5647 1886 5717 partem
1940 5658 2005 5700 se
2060 5648 2252 5701 vertat
2276 5643 2373 5700 ille

706 5734 815 5813 Qui
831 5747 932 5799 res
959 5733 1267 5798 naturales
1288 5735 1627 5809 investigat,
1662 5751 1901 5810 semper
1923 5734 2177 5809 reperiet
2206 5749 2373 5797 com-

2486 4832 2727 4905 etquod
2754 4848 2827 4887 ex
2855 4831 2967 4887 illis
2988 4830 3479 4886 communionem
3504 4829 3655 4883 inter
3679 4844 3741 4883 se
3763 4829 4158 4885 constituant.

2486 4922 2750 4979 Naturali
2776 4938 2918 4991 ergo
2941 4919 3354 4977 communioni
3371 4934 3608 4990 semper
3639 4933 3879 4974 annexa
3904 4924 3998 4973 est
4024 4935 4159 4974 eru-

2484 5012 2649 5083 ditio,
2687 5011 3012 5067 utidictum
3043 5015 3132 5066 est
3164 5027 3175 5065 :
3209 5007 3314 5063 sed
3337 5008 3840 5080 temperationum
3881 5023 4162 5064 commu-

2482 5102 2781 5159 nioninon
2796 5115 3031 5173 semper
3043 5114 3281 5155 annexa
3295 5097 3674 5153 esteruditio.
3693 5100 3839 5153 Nam
3855 5099 4014 5153 fures
4027 5096 4159 5155 duo

2481 5192 2634 5248 inter
2665 5207 2729 5247 se
2758 5189 3185 5247 communione
3216 5189 3657 5253 consociantur,
3703 5203 3988 5260 quasnam
4010 5203 4159 5244 vero

2482 5281 3017 5355 potestinteripsos
3030 5278 3379 5335 eruditionis
3392 5277 3755 5333 intercedere
3767 5276 4161 5335 communio?

2483 5375 2791 5437 Praeterea,
2832 5370 3001 5427 faber
3050 5385 3191 5426 cum
3254 5367 3429 5425 fabro
3475 5367 3969 5424 communionem
4018 5367 4154 5439 init,

2481 5440 2662 5535 atque
2690 5461 2805 5517 hoc
2854 5465 2943 5517 est
2990 5457 3463 5532 temperationis,
3520 5455 4045 5529 quemadmodum
4099 5463 4160 5514 et

2479 5550 2626 5607 illud
2648 5550 2946 5625 superius.
2977 5549 3263 5605 Differunt
3293 5553 3493 5604 autem
3517 5562 3589 5603 eo
3607 5546 3775 5620 quod
3796 5546 3909 5603 hoc
3928 5551 4158 5605 natura

2480 5642 2764 5717 quaedam
2786 5647 2843 5700 et
2870 5640 3125 5698 eruditio
3170 5638 3457 5713 quaedam
3512 5637 3957 5712 temperaverit,
3998 5637 4157 5695 illud

2478 5748 2625 5795 vero
2661 5747 2859 5807 neque
2906 5731 2981 5792 sit
3026 5734 3278 5803 naturae,
3323 5744 3523 5804 neque
3552 5727 3928 5789 eruditionis.
3972 5727 4157 5791 Nulla
