4444 6452
208 428 350 490 1353

1100 430 1474 501 ἸἮΕΟΒΟΗΙ
1500 442 1552 500 II
1584 442 1724 502 IMP.
1755 444 1845 500 DE
1876 436 2331 508 COMMUNIONE
2371 454 2743 515 NATURALI.

3502 460 3644 520 1354

231 561 357 630 πρός
417 556 610 653 φθορόιν
701 563 1037 653 συσκευαζει,
1120 564 1163 653 εἰ
1228 570 1299 637 μὴ
1350 568 1660 642 παραλόγως
1712 564 1833 621 ἀδι-
1893 572 1940 625 Α
1996 579 2066 630 πῆ
2107 571 2166 627 δε
2192 571 2365 631 δοῦσα
2414 576 2758 653 δυνάμει,πῆ
2818 575 2876 632 δὲ
2927 581 3016 631 καὶ
3078 578 3352 652 ἐντελεχῶς
3407 582 3467 635 οῦ
3524 590 3625 636 πᾶ-

231 653 397 698 κεῖται
450 649 594 719 παρὰ
671 657 770 700 τῶν
854 647 1053 704 ἀδικεῖν
1116 651 1402 711 ἑθελοντων.

231 740 471 787 κοινωνία
517 733 734 789 παιδεία
813 736 913 808 ἀεὶ,

1486 664 1556 711 Φυ
1566 662 1687 717 σική
1776 654 1809 710 δ
1814 662 1835 710 ὲ

994 744 1092 794 εἴτε
1144 754 1381 817 μερικῶς,
1442 748 1506 807 ὡς
1552 754 1662 809 τοῖς
1714 750 1834 798 τέκ-

232 842 398 893 τοσιν,
453 822 633 884 ἐπειδὴ
708 831 799 879 καὶ
873 836 1194 907 μερικωτέρα
1270 833 1436 887 ἐκεῖσε
1527 837 1557 893 ἡ
1639 841 1831 907 φυσικὴ

238 917 450 985 σχέσις,
506 917 607 967 εἴτε
653 914 958 989 καθολικῶς,
1007 919 1071 980 ὡς
1124 918 1317 993 ἀγαθὸς
1372 927 1671 1000 προαιρέσει
1730 944 1839 978 κοι-

234 1009 380 1055 νωνεῖ
406 1007 556 1056 παντὶ
600 1001 800 1076 ἀγαθῷ·
855 1010 1009 1061 τόῦτο
1062 1012 1161 1085 γὰρ
1219 1009 1478 1074 παιδείας.
1550 1014 1625 1066 Ού
1690 1013 1838 1086 λέγο-

235 1108 324 1161 μεν
357 1086 415 1143 δε
445 1091 620 1163 ὂτιπερ
649 1097 704 1155 ὅς
756 1093 849 1147 ούκ
906 1091 1017 1149 οἵδε
1062 1095 1308 1153 παιδείαν
1366 1101 1424 1154 ού
1474 1111 1703 1156 κοινωνεῖ
1759 1100 1837 1167 οἷς

232 1187 462 1233 κοινωνεῖ
499 1180 810 1255 φιλοσόφως,
844 1182 950 1238 ἁλλ’
1010 1190 1089 1240 ὅτι
1148 1190 1174 1241 ό
1226 1190 1389 1252 καλῶς
1454 1193 1692 1265 πράττων
1752 1213 1836 1265 φι-

229 1265 454 1342 λοσοφεί.
507 1277 673 1325 Τοῦτο
757 1269 817 1327 δε
863 1278 921 1328 τό
992 1276 1161 1341 καλῶς
1228 1281 1468 1355 πράττειν
1532 1286 1620 1335 τόν
1680 1299 1838 1358 στρα-

228 1361 410 1431 τηγὸν,
440 1360 469 1419 ἦ
513 1365 600 1414 τόν
631 1363 889 1436 ἄρχοντα,
938 1366 967 1425 ἣ
996 1370 1083 1420 τόν
1135 1375 1400 1441 τεχνίτην,
1456 1371 1485 1430 ἡ
1540 1376 1626 1425 τόν
1694 1372 1836 1445 φίλον

228 1446 531 1521 φιλοσοφίας
568 1455 659 1503 καὶ
705 1457 894 1525 σοφίας
923 1452 1055 1507 ἔστί⁸
1110 1464 1277 1510 ταῦτα
1329 1463 1429 1532 γὰρ
1499 1458 1837 1535 ἀπηχηματα

225 1535 330 1588 οἷον
383 1545 478 1600 τῆς
534 1546 745 1612 πρώτης
799 1539 959 1597 ἐστιν.
1027 1541 1266 1619 Οὐδεμία
1316 1552 1417 1622 γὰρ
1474 1552 1724 1622 μάθησις,
1793 1551 1837 1604 εἰ

225 1627 298 1712 μὴ
355 1623 410 1678 ἐκ
461 1634 912 1703 προϋπαρχούσης
966 1639 1225 1704 γνώσεως,
1272 1633 1493 1710 ούδεμία
1531 1636 1590 1692 δὲ
1643 1648 1838 1712 γνῶσις

227 1708 397 1785 ἀγαθὴ
450 1717 570 1790 ἄτερ
613 1715 860 1783 παιδείας
928 1726 1061 1784 τινὸς
1126 1729 1329 1798 μέρους·
1388 1734 1693 1801 πανταχόσε
1734 1732 1835 1804 γάρ

229 1799 343 1855 ἔστι
378 1808 467 1858 καὶ
512 1815 706 1877 γνῶσις
748 1815 838 1862 καὶ
884 1808 1120 1884 παιδεία,
1186 1816 1375 1886 ἔχουσι
1439 1814 1496 1871 δὲ
1538 1799 1839 1878 ἆλληλένδε-

228 1907 315 1943 τον
344 1897 439 1951 τὴν
498 1895 567 1958 εἰς
623 1899 688 1949 τὰ
738 1902 1026 1973 πράγματα
1078 1903 1391 1977 κατάληψιν.
1453 1912 1553 1960 Καὶ
1600 1917 1700 1962 ποῦ
1752 1913 1841 1982 μὲν

231 1982 344 2033 ἔστι
397 1985 465 2035 τὰ
540 1992 628 2046 τῆς
717 1984 965 2051 παιδείας
1046 1996 1277 2064 γνωστὰ,
1328 2002 1427 2047 ποῦ
1484 1992 1542 2050 δὲ
1599 1999 1844 2071 οἰγνωστα

231 2071 337 2123 οἷον
368 2070 449 2124 ὃτι
500 2081 820 2148 στρατηγίαν
876 2098 952 2140 τις
1009 2078 1376 2157 παιδευόμενος
1442 2084 1701 2160 ἀναγκαῖα
1756 2096 1845 2144 καὶ

231 2156 554 2233 ἐνδεχόμενα
582 2163 873 2235 καὶψευδῆ
916 2166 1223 2224 παιδεύεται
1279 2156 1581 2245 γινώσκειν,
1641 2184 1731 2232 καὶ
1781 2186 1847 2236 τὰ

230 2250 321 2319 μὲν
387 2248 526 2313 ὃπως
578 2252 839 2327 ἐκφεύγειν
879 2260 945 2309 τὰ
998 2255 1057 2311 δὲ
1116 2280 1390 2331 γινωσκειν
1436 2271 1524 2318 καὶ
1576 2272 1822 2342 πράττειν

230 2337 365 2395 ἦὸτι
429 2343 591 2403 οὕτως
650 2340 733 2396 δεῖ
780 2345 1068 2422 πολιορκεῖν
1106 2350 1134 2407 ἦ
1184 2363 1515 2429 κατοχυροῦν
1696 2332 1846 2433 φρούῖ

227 2444 318 2499 ρια
356 2435 445 2482 καὶ
503 2435 637 2485 κατὰ
674 2438 791 2495 τοὺς
853 2436 1036 2501 οῦλους
1092 2438 1299 2511 λόγους,
1348 2450 1512 2498 Τοῦτο
1570 2441 1628 2499 δὲ
1687 2469 1848 2526 μερος

230 2519 342 2610 ἐστὶ
392 2519 717 2595 φιλοσοφίας.
777 2523 834 2579 Ἠ
887 2530 989 2601 γὰρ
1046 2532 1198 2602 φύσις
1246 2537 1340 2591 τὴν
1412 2519 1709 2610 ἐπιστήμην
1754 2519 1849 2593 ,δι’

229 2605 346 2660 ὅλου
369 2617 460 2662 τοῦ
498 2611 707 2685 λογικοῦ
736 2615 871 2676 ξὼου
902 2613 1187 2695 διέσπειρε,
1232 2629 1303 2681 πῆ
1367 2628 1456 2696 μὲν
1505 2635 1847 2703 τεχνώσασα,

203 2810 363 2870 enim
393 2820 607 2874 natura
627 2824 730 2875 aut
756 2821 1009 2879 eruditio
1029 2823 1255 2897 aliquid
1289 2826 1863 2891 adinteritumcom-

204 2908 401 2973 parat,
432 2906 553 2961 nisi
590 2908 739 2964 forte
778 2916 993 2982 prater
1030 2914 1323 2973 rationem
1352 2918 1571 2988 injuria
1612 2923 1867 2981 afficitur

208 2991 286 3048 ab
316 2992 429 3049 illis
464 2996 565 3068 qui
594 2996 871 3069 injuriam
900 3000 1115 3059 inferre
1176 3005 1406 3063 volunt.
1440 3010 1585 3066 Atin
1609 3013 1868 3071 naturali

208 3086 634 3143 communione
665 3105 903 3162 semper
952 3092 1104 3149 inest
1128 3095 1399 3169 eruditio,
1435 3098 1556 3155 sive
1579 3101 1639 3157 in
1675 3110 1863 3176 parte,

208 3180 274 3228 ut
299 3190 437 3229 cum
494 3176 643 3233 fabri
702 3181 854 3235 inter
891 3197 953 3236 se
993 3186 1485 3244 communionem
1521 3193 1870 3250 constiuunt

1908 1920 1948 1975 Β
2003 1916 2138 1965 κατά
2216 1919 2425 1987 κρᾶσιν,

2000 679 2115 731 σαν,
2145 662 2274 717 ἀλλὰ
2310 672 2484 741 μέρος,
2518 669 2649 727 πλὴν
2695 668 2746 730 ἐξ
2798 667 2920 729 ὁλης
2969 668 3058 719 καί
3104 677 3275 725 τοῦτο.
3330 676 3434 723 Κάν
3482 680 3614 742 γοῦν

1996 753 2142 804 καὶὸ
2176 761 2473 829 στρατηγὸς
2514 758 2607 810 οὐκ
2664 754 2776 810 οἶδε
2802 761 2894 816 τὴν
2949 759 3264 831 ἐπιστήμην,
3323 758 3428 811 ἀλλ’
3475 764 3614 834 εἴπερ

1998 844 2134 893 κατὰ
2174 848 2291 905 τούς
2374 844 2578 908 ἀληθεῖς
2659 849 2875 922 πράττει
2921 850 3134 917 τύπους,
3206 847 3475 922 φιλοσοφεῖ
3523 850 3618 902 κοίν

2000 926 2297 1001 ἀγνώστωςο
2326 935 2438 987 ἔστι
2497 932 2555 988 δι
2607 943 2761 988 τοῦτο
2831 937 3130 1008 θῦμοσόφου
3185 932 3400 1011 ἀνδρὸς,
3463 938 3620 991 αύτό-

2000 1030 2140 1091 φυὼς
2195 1026 2253 1075 τὸ
2304 1023 2458 1076 καλὸν
2509 1024 2736 1097 κάγαθόν
2798 1028 3161 1096 γινώσκοντος,
3220 1024 3353 1085 πλὴν
3419 1021 3479 1079 δὲ
3525 1031 3615 1079 καὶ

2000 1107 2308 1183 ἁκούσματά
2367 1132 2485 1166 τινα
2561 1117 2808 1186 σχόντος,
2864 1109 3069 1176 ἀδήλως
3117 1116 3208 1187 μεν
3259 1114 3325 1175 εἰς
3372 1118 3458 1167 τὸν
3501 1122 3620 1168 νοῦν

2000 1197 2310 1255 εἰσελθόντα.
2355 1204 2624 1274 Πεφύκασι
2671 1204 2773 1276 γάρ
2833 1221 2950 1254 τινα
3005 1201 3345 1275 εἰσέρχεσθαι
3402 1202 3620 1275 φιλοσο,

2000 1292 2119 1359 φίας
2168 1289 2238 1350 εἰς
2285 1293 2371 1342 τόν
2418 1296 2535 1342 νοῦν
2584 1289 2760 1363 λόγια,
2815 1289 3065 1363 λεγόμενα
3116 1293 3208 1364 μεν
3266 1293 3330 1353 ὠς
3382 1294 3616 1375 τύχοιεν,

2000 1372 2263 1449 δεχομενα
2323 1376 2380 1432 δε
2436 1378 2530 1431 κᾶν
2580 1377 2830 1450 ἀτέχνως,
2887 1378 3015 1431 ἀλλά
3061 1381 3262 1451 φύσεως
3323 1372 3621 1456 εἰλικρινείᾲ

2000 1475 2247 1536 φυσικῶς.
2305 1472 2546 1531 Δεκτικός
2601 1470 2704 1542 γάρ
2740 1467 2766 1521 ὀ
2821 1474 2961 1535 νοῦς,
3021 1467 3117 1520 κοῖν
3175 1467 3234 1521 ού
3284 1472 3417 1542 πρός
3466 1469 3621 1522 αὐτόν

1999 1553 2191 1626 ἔχοντα
2220 1576 2299 1620 τις
2324 1563 2506 1610 τοῦτόν
2549 1576 2595 1609 τι
2662 1557 2811 1631 λέγῃ.
2872 1562 2978 1616 Τὴν
3043 1562 3269 1629 φυσικὴν
3325 1562 3451 1630 γοῦν
3503 1578 3622 1612 κοι-

1999 1650 2181 1696 νωνίαν
2221 1651 2311 1699 καὶ
2388 1642 2607 1700 παιδεία
2686 1646 2745 1698 ού
2799 1645 3015 1698 λέλοιπε·
3100 1650 3193 1705 τὴν
3245 1647 3379 1699 κατά
3433 1653 3623 1722 κρᾶσιν

2003 1729 2080 1803 δὲ,
2138 1736 2221 1787 ότέ
2266 1738 2357 1808 μὲν
2414 1737 2497 1788 ότέ
2554 1732 2602 1788 δ’
2663 1734 2745 1793 ού.
2790 1732 3034 1789 Κοινωνεῖ
3082 1736 3172 1807 μεν
3199 1734 3287 1788 οὖν
3316 1741 3419 1797 πᾶς
3466 1736 3624 1790 παντὶ

2004 1832 2237 1894 φυσικῶς
2297 1843 2351 1877 τε
2424 1830 2513 1877 καὶ
2567 1825 2703 1877 κατά
2767 1830 2974 1899 κρᾶσιν.
3037 1822 3191 1877 Ἐστι
3240 1821 3300 1877 δε
3349 1829 3438 1877 καὶ
3495 1825 3623 1878 ὅπου

2509 1919 2599 1967 καί
2663 1933 2716 1966 τι
2783 1916 3096 1986 καταφύσιν,
3162 1912 3253 1965 καὶ
3311 1912 3439 1966 ὃπου
3490 1914 3626 1967 κατοὲ

2007 2006 2161 2076 φύσιν
2195 2008 2284 2055 καί
2338 2023 2391 2055 τι
2436 2006 2570 2056 κατά
2614 2009 2823 2078 κρᾶσιν.
2900 2004 3215 2076 Εὑρίσκεταε
3273 1999 3331 2056 δὲ
3387 2011 3473 2056 ῦτι
3532 2010 3624 2056 τοῦ

2007 2091 2197 2165 μᾶλλον
2250 2097 2607 2168 φυσικωτέραν
2687 2096 2896 2165 ἔχοντος
2957 2098 3048 2150 τὴν
3122 2097 3391 2145 κοινωνίαν
3440 2097 3530 2145 καὶ
3592 2095 3621 2150 ἠ

2010 2180 2196 2234 ἐνοῦσα
2248 2188 2437 2255 κρᾶσις
2503 2182 2643 2253 αύτῷ
2710 2181 2935 2253 ἔλλογος,
2993 2188 3085 2233 τοῦ
3136 2178 3193 2234 δὲ
3255 2184 3389 2233 κατά
3436 2187 3626 2257 κρᾶσιν

2010 2273 2199 2345 μᾶλλον
2230 2278 2319 2324 καὶ
2352 2268 2554 2345 ἧξοῦσα
2592 2271 2755 2324 ἐκεῐσέ
2785 2290 2865 2334 τις
2924 2276 3118 2344 φυσικὴ
3182 2268 3403 2344 δύναμις
3446 2268 3625 2324 διαλε-

2010 2361 2198 2434 λυμένη
2264 2360 2376 2414 ἐστὶ
2443 2367 2533 2414 καὶ
2602 2359 2939 2436 ἀλλορῤεπὴς·
2984 2365 3073 2413 καὶ
3138 2359 3289 2412 τοῦτο
3342 2365 3622 2435 γνώριμον.

2014 2450 2202 2505 Ταῦτα
2296 2448 2353 2504 δε
2453 2449 2659 2503 δέονται
2757 2451 2931 2524 ἐτέρας
3045 2448 3407 2522 διασφησεως,
3493 2451 3627 2502 ὥστε

2015 2537 2185 2605 δείξαι
2232 2539 2332 2594 κάκ
2382 2544 2592 2608 ταύτης,
2661 2549 2765 2601 πῶς
2814 2544 2927 2593 ἔστι
2984 2543 3040 2593 τὸ
3098 2547 3348 2615 κρεῖττον·
3407 2542 3519 2593 ἔστι
3569 2536 3628 2594 δε

2014 2634 2169 2690 αὕτη.

2453 2449 2659 2503 δέονται
2757 2451 2931 2522 ἐτέρας
3045 2447 3407 2522 διασφησεως,

1975 2838 2084 2895 tim
2114 2836 2295 2894 etiam
2317 2837 2375 2891 vi
2397 2839 2453 2891 et
2480 2838 2776 2909 potestate
2824 2832 3081 2904 dederit,
3145 2833 3197 2891 si
3225 2849 3349 2891 non
3371 2829 3650 2892 absolute

1976 2928 2345 2992 universum,
2370 2931 2434 2982 at
2464 2931 2619 2981 certe
2655 2925 3190 2997 partemaliquam,
3232 2942 3369 2998 qua
3400 2925 3651 2997 quidem

1975 3034 2118 3092 pars
2143 3016 2219 3073 de
2242 3021 2364 3073 tota
2394 3016 2595 3072 excisa
2620 3021 2727 3072 est.
2793 3015 3081 3081 Quamvis
3132 3015 3312 3086 igitur
3337 3015 3463 3071 dux
3482 3030 3649 3071 exer-

1978 3108 2129 3164 citus
2162 3105 2476 3163 scientiam
2526 3105 2779 3177 ignoret,
2825 3110 3244 3161 verumtamen
3277 3121 3351 3161 ex
3380 3104 3536 3161 veris
3560 3105 3648 3160 in-

1977 3195 2440 3252 formationibus
2494 3210 2681 3265 agens
2734 3194 3214 3268 philosophatur,
3270 3193 3526 3256 etiamsi,
3583 3198 3650 3250 ut

205 3262 725 3356 (quandoquidem
740 3268 1167 3327 hacnaturalis
1182 3274 1412 3343 relatio,
1438 3294 1573 3350 qua
1603 3287 1693 3337 est
1719 3282 1869 3338 inter
1904 3272 1942 3323 U
1978 3286 2122 3355 dixi,
2150 3286 2408 3341 nescius.
2444 3262 2561 3340 Est.
2593 3262 2795 3340 autem
2825 3283 2942 3339 hoc
2975 3262 3107 3339 -viri
3153 3283 3503 3356 philosophi
3540 3283 3645 3356 qui

203 3351 431 3444 fabros,
463 3360 549 3412 est
578 3356 906 3430 aliquando
930 3363 1122 3432 magis
1148 3382 1160 3431 ;
1189 3366 1584 3440 particularis)
1618 3372 1742 3427 sive
1772 3388 1867 3444 ge-

199 3443 497 3512 neraliter,
527 3453 591 3502 ut
614 3464 753 3503 cum
794 3449 1011 3522 aliquis
1041 3451 1117 3508 de
1172 3454 1439 3512 instituto
1468 3457 1669 3515 bonus
1701 3477 1866 3517 com-

198 3534 552 3591 munionem
568 3539 871 3595 constituit
888 3557 1021 3596 cum
1036 3545 1203 3599 omni
1214 3545 1377 3602 bono
1391 3548 1706 3623 proboque
1720 3552 1864 3608 viro.

198 3624 320 3679 Hoc
350 3625 511 3680 enim
531 3627 1009 3685 esteruditionis.
1032 3634 1211 3690 Porro
1231 3647 1352 3690 non
1375 3652 1672 3709 negamus
1695 3639 1866 3699 illum

196 3713 304 3783 qui
330 3730 452 3803 non
472 3720 559 3771 est
577 3716 865 3787 eruditus,
883 3721 1242 3794 participare
1259 3726 1653 3785 eruditionem
1676 3746 1864 3803 quam

198 3802 522 3876 participat
558 3820 629 3861 ex
660 3806 1065 3881 philosophia.
1108 3815 1235 3869 lmo
1258 3814 1454 3872 virum
1493 3816 1661 3874 illum
1692 3802 1865 3891 cujus

200 3893 468 3949 actiones
504 3894 772 3951 honesta
803 3903 859 3953 et
909 3899 1218 3969 praclara
1270 3909 1408 3961 sunt
1447 3905 1864 3981 philosophari

204 3984 534 4041 asserimus
569 4000 583 4052 ;
613 4001 759 4042 nam
783 3992 849 4043 ut
873 3988 1201 4062 imperator
1221 3998 1325 4049 aut
1350 3993 1474 4051 dux
1500 4001 1605 4053 aut
1631 3999 1864 4055 amicus

205 4073 413 4130 omnia
434 4090 507 4130 ex
527 4074 738 4131 virtute
759 4080 816 4133 et
836 4076 1144 4136 honestate
1167 4087 1326 4152 agat,
1350 4084 1612 4159 itemque
1628 4088 1860 4159 artifex,

201 4163 357 4219 istuc
386 4163 786 4237 philosophia
816 4171 872 4222 et
896 4167 1201 4240 sapientia
1223 4176 1315 4228 est
1347 4189 1359 4228 :
1386 4173 1515 4230 hac
1533 4176 1693 4233 enim
1725 4183 1865 4235 sunt

205 4252 385 4308 veluti
415 4252 626 4325 primae
658 4254 964 4326 sapientia
998 4259 1283 4330 quadam
1310 4262 1512 4320 relata
1542 4264 1862 4337 imagines.

204 4340 377 4398 Nulla
397 4345 558 4397 enim
582 4342 868 4415 diciplina
915 4351 1027 4416 est,
1084 4364 1221 4420 qua
1243 4366 1366 4407 non
1391 4368 1463 4408 ex
1488 4356 1864 4426 pracedente

204 4431 546 4502 cognitione
562 4432 831 4489 exsistat.
853 4435 1055 4503 Porro,
1072 4437 1237 4494 nulla
1257 4442 1519 4511 cognitio
1540 4443 1705 4501 bona
1725 4462 1863 4518 qua

204 4520 280 4577 sit
298 4520 552 4591 alicujus
574 4521 924 4579 eruditionis
952 4540 1166 4598 expers
1202 4546 1215 4595 ;
1248 4544 1391 4586 nam
1423 4530 1601 4602 longe
1625 4533 1864 4606 lateque

1980 3391 2090 3431 sua
2117 3379 2329 3447 sponte
2359 3374 2525 3446 quod
2547 3373 2869 3429 honestum
2888 3372 3185 3429 etbonum
3208 3378 3295 3428 est
3311 3372 3643 3442 cognoscit.

1977 3468 2093 3522 Nec
2132 3462 2260 3520 fieri
2291 3480 2474 3536 posse
2501 3479 2796 3534 negamus
2828 3469 2893 3519 ut
2916 3462 3201 3536 quadam
3234 3462 3541 3519 auditione
3563 3462 3646 3519 ita

1976 3554 2307 3628 perceperit
2336 3554 2550 3626 aliquis
2576 3558 2641 3610 ut
2692 3553 2790 3609 vix
2844 3552 2905 3608 in
2972 3552 3247 3608 animum
3285 3569 3467 3608 suum
3498 3552 3643 3607 irre-

1975 3645 2173 3716 psisse
2194 3644 2293 3699 illa
2315 3643 2705 3717 persenserit;
2727 3646 2986 3715 possunt
3011 3642 3172 3698 enim
3193 3641 3479 3714 quadam
3511 3640 3641 3714 phi-

1973 3731 2290 3805 losophica
2344 3736 2647 3804 pracepta
2700 3731 2772 3785 ’in
2860 3736 3125 3786 mentem
3190 3729 3457 3796 inﬂuere,
3499 3745 3637 3802 qua

1974 3826 2196 3878 temere
2217 3821 2463 3894 quidem
2494 3822 2573 3876 ab
2590 3820 2794 3893 aliquo
2823 3822 3215 3892 pronuntiata
3244 3824 3403 3887 sunt,
3440 3819 3639 3877 sedab

1974 3912 2252 3969 audiente
2293 3909 2528 3967 etiamsi
2550 3925 2675 3966 non
2705 3909 2780 3965 de
2812 3909 3110 3966 industria
3125 3914 3185 3966 at
3204 3914 3433 3966 natura
3463 3908 3638 3966 boni-

1973 4005 2091 4057 tate
2121 4005 2399 4072 suscepta
2422 4003 2591 4069 sunt;
2620 4014 2764 4054 nam
2794 4012 2867 4053 ex
2896 4002 3119 4055 natura
3147 4013 3322 4054 mens
3344 3996 3640 4071 quidlibet

1973 4089 2275 4163 suscipere
2313 4094 2529 4161 potest,
2553 4088 2832 4161 quamvis
2860 4104 2996 4160 qua
3030 4087 3500 4161 pronuntiantur
3524 4105 3632 4145 au-

1973 4180 2189 4236 dientis
2201 4183 2258 4235 et
2271 4178 2649 4251 suscipientis
2661 4193 2840 4234 causa
2852 4193 2976 4233 non
2988 4178 3284 4233 dicantur.
3302 4178 3635 4234 Naturalem

1921 4300 1924 4303 λ
1973 4285 2117 4341 ergo
2158 4269 2650 4325 communionem
2685 4266 2939 4324 eruditio
2978 4282 3103 4324 non
3141 4266 3424 4324 deseruit.
3464 4270 3637 4325 Com-

1974 4359 2328 4415 munionem
2349 4374 2491 4413 vero
2542 4356 2729 4424 illam,
2778 4372 2915 4430 qua
2966 4361 3055 4413 est
3083 4372 3153 4412 ex
3202 4357 3635 4428 temperatione

1973 4448 2276 4504 interdum
2333 4447 2600 4520 quidem,
2652 4446 2953 4502 interdum
2993 4461 3131 4502 vero
3168 4461 3294 4502 non
3323 4445 3585 4503 deseruit
3619 4464 3633 4516 ;

1973 4552 2121 4592 nam
2181 4551 2393 4591 omnes
2451 4534 2905 4591 communicant
2960 4532 3114 4589 inter
3164 4550 3227 4589 se
3283 4549 3357 4589 ex
3419 4539 3637 4591 natura

202 4626 312 4683 per
357 4611 564 4667 omnia
617 4613 876 4683 cognitio
917 4620 973 4670 et
1023 4617 1277 4675 eruditio
1325 4620 1766 4680 diffunduntur.
1798 4628 1867 4682 Et
1901 4632 1944 4687 D
1975 4632 2031 4684 et
2057 4624 2509 4699 temperatione.
2556 4625 2739 4680 Porro
2767 4640 2881 4679 usu
2947 4623 3111 4680 venit
3135 4622 3460 4692 interdum,
3489 4625 3635 4681 utin

204 4715 492 4756 connexa
518 4705 660 4757 sunt
690 4702 840 4757 inter
862 4720 923 4760 se
970 4720 1173 4762 rerum
1197 4710 1664 4783 cognitiones_ac
1702 4730 1863 4770 com-

201 4790 747 4863 prehensiones.Ac
764 4792 826 4847 in
843 4793 1214 4864 quidusdam
1238 4797 1418 4855 rebus
1443 4804 1726 4871 cognosci
1755 4820 1863 4877 po-

203 4884 343 4937 sunt
362 4878 533 4936 facile
549 4878 649 4936 illa
660 4897 794 4953 qua
815 4889 953 4938 sunt
968 4885 1337 4959 eruditionis,
1353 4898 1561 4947 contra
1582 4908 1864 4950 nonnun-

202 4986 394 5043 quam
415 4971 701 5041 cognosci
721 4979 1056 5044 nequeunt:
1073 4982 1138 5031 ut
1155 4976 1203 5032 si
1219 4978 1355 5050 quis
1372 4981 1640 5039 eruditur
1658 4983 1719 5039 in
1739 4989 1863 5041 arte

201 5059 463 5117 ducendi
476 5063 823 5128 exercitum,
836 5062 921 5119 ita
932 5064 1199 5122 eruditur
1212 5074 1274 5124 ut
1290 5068 1861 5145 discatnecessaria,

202 5155 261 5206 et
278 5149 378 5205 illa
405 5166 543 5223 qua
567 5166 683 5205 usu
711 5152 913 5207 venire
935 5161 1206 5225 possunt,
1240 5157 1514 5232 adeoque
1550 5178 1686 5235 qua
1709 5163 1864 5221 falsa

202 5244 343 5295 sunt
361 5239 424 5295 in
442 5240 557 5296 hac
576 5238 912 5313 disciplina,
932 5242 1062 5300 hac
1082 5245 1330 5316 quidem
1349 5252 1411 5304 ut
1429 5250 1589 5316 vitet,
1609 5251 1709 5308 illa
1721 5270 1862 5310 vero

203 5334 270 5386 ut
293 5334 621 5401 cognoscat
662 5336 716 5385 et
759 5336 1120 5404 exsequatur
1148 5352 1166 5406 ς
1208 5338 1457 5411 utquod
1494 5344 1865 5412 oporteatita

202 5419 483 5478 obsidere
497 5419 695 5488 urbes,
723 5428 827 5477 aut
845 5427 1305 5495 propugnacula
1322 5430 1557 5486 munire
1580 5437 1636 5487 et
1651 5439 1866 5492 catera

204 5525 279 5567 ex
307 5510 520 5566 iisdem
548 5509 907 5567 rationibus.
941 5516 1061 5570 Hoc
1099 5524 1299 5573 autem
1321 5520 1401 5575 ad
1418 5520 1865 5596 philosophiam

206 5605 427 5675 utpars
492 5600 760 5659 refertur.
820 5605 973 5660 Nam
1021 5610 1239 5665 natura
1302 5610 1616 5669 scientiam
1640 5613 1704 5669 in
1744 5622 1866 5673 toto

206 5690 455 5750 animali
478 5691 727 5749 rationis
757 5694 1045 5768 participe
1066 5696 1503 5780 disseminavit,
1534 5703 1617 5761 ita
1642 5708 1706 5762 ut
1733 5721 1869 5779 par-

208 5780 316 5843 tim
369 5782 682 5842 scientiam
773 5784 837 5841 in
908 5783 1155 5845 homine
1214 5788 1508 5855 fabricata
1558 5792 1650 5863 sit,
1722 5812 1869 5871 par-

620 5885 870 5947 Ρετειοε..
910 5888 1017 5949 Gn.
1048 5882 1201 5950 CXL.

1974 4715 2198 4789 quibus
2246 4713 2598 4787 temperatio
2647 4712 2983 4784 superiores
3006 4718 3204 4785 partes
3226 4718 3282 4770 et
3300 4713 3547 4780 obtinet,
3574 4714 3636 4770 in

1973 4807 2087 4863 illis
2127 4806 2297 4862 locus
2330 4805 2545 4877 aliquis
2578 4808 2811 4860 natura
2840 4804 3214 4876 relinquatur
3243 4809 3299 4859 et
3324 4804 3384 4860 in
3410 4804 3636 4877 quibus

1976 4896 2311 4968 superiores
2359 4900 2559 4966 partes
2592 4893 2821 4949 obtinet
2849 4899 3085 4961 natura,
3129 4893 3188 4948 in
3238 4892 3351 4949 illis
3390 4909 3636 4966 quoque

1975 4984 2392 5057 temperationi
2423 4982 2591 5039 locus
2622 4982 2837 5054 aliquis
2866 4983 3490 5054 relinquatur.Verum
3513 4999 3635 5055 quo

1974 5073 2111 5147 quis
2128 5074 2323 5143 magis
2343 5070 2677 5128 naturalem
2697 5072 3408 5137 habetcommunionem,
3423 5088 3494 5129 eo
3512 5089 3638 5129 ine-

1973 5164 2088 5219 lius
2115 5163 2498 5220 constitutam
2522 5166 2580 5217 et
2612 5162 3017 5234 compositam
3048 5160 3233 5217 habet
3260 5164 3639 5234 temperatio-

1973 5255 2505 5323 nem.Coutra,quo
2519 5248 2706 5320 magis
2740 5266 2811 5305 ex
2852 5251 3271 5322 temperatione
3301 5252 3637 5308 communio

1977 5348 2214 5401 constat
2241 5358 2311 5399 eo
2334 5340 2528 5413 magis
2549 5341 2642 5396 vis
2678 5340 2967 5396 naturalis
2993 5345 3174 5413 atque
3213 5340 3487 5413 facultas,
3516 5357 3641 5414 qua

1976 5434 2254 5510 praditta
2292 5438 2401 5495 est,
2427 5431 2726 5488 imbecilla
2764 5437 2821 5487 et
2845 5431 2923 5487 ad
2959 5430 3147 5497 aliud,
3174 5447 3362 5504 quam
3388 5449 3498 5505 par
3530 5439 3638 5501 est,

1978 5523 2259 5600 proclivis
2290 5529 2397 5592 est,
2430 5522 2595 5595 quod
2626 5522 2807 5578 etiam
2848 5526 3061 5578 notum
3093 5526 3202 5578 est.
3238 5524 3352 5579 Sed
3371 5522 3501 5579 hac
3523 5524 3643 5579 alia

1977 5614 2380 5673 declaratione
2408 5628 2562 5685 opus
2577 5610 2803 5668 habent
2825 5615 2889 5668 ut
2908 5611 3302 5668 ostendamus
3316 5612 3496 5669 etiam
3518 5630 3555 5685 q
3566 5629 3644 5668 uo

1979 5710 2156 5782 pacto
2227 5720 2302 5761 ex
2326 5702 2460 5776 1hac
2514 5700 2943 5760 communione
2983 5702 3380 5761 constituatur
3415 5702 3646 5777 aliquid

1980 5794 2382 5872 praestantius.
2423 5791 2756 5857 Declaratio
2793 5796 3001 5855 autem
3036 5792 3169 5852 hac
3206 5798 3320 5853 ost.

2770 5911 2777 5916 '
3107 5894 3208 5953 43.
