4444 6452
848 449 985 510 1855

2387 460 2620 516 ΑΒΒΕΝ
2630 462 2740 514 DA.

4137 468 4280 520 1256

933 571 977 631 ξ
1033 571 1368 644 Ἀλέξανδρος
1418 579 1508 647 μεν
1583 579 1929 651 Ἀριστοτελει
1984 596 2232 653 κοινωνεῖ,
2288 589 2467 658 Ἑρμοο
2527 584 2573 636 Α
2633 589 2883 636 καὶκατὰ
2915 590 3088 656 φύσιν,
3132 583 3310 643 ἐπειδὴ
3368 589 3447 638 ὅτι
3510 594 3597 639 καὶ
3655 592 3703 640 οἱ
3751 593 3936 651 πάντες
4000 589 4248 651 παιδείας

857 663 990 728 γένει
1058 656 1117 713 δὲ
1191 664 1425 736 Μάρκος·
1505 665 1785 742 ἀμφότεροι
1857 682 1981 743 γοῦν
2061 676 2298 747 βασιλεῖς
2347 656 2465 725 άαι

861 752 1033 818 σοφοὶ,
1083 755 1172 800 καὶ
1232 753 1280 801 οἱ
1361 753 1517 822 φίλοι,
1571 754 1813 819 παιδείας
1875 771 2079 832 μεστοὶ,
2157 762 2465 836 διαφέρουσι

858 831 918 887 δέ
944 856 1021 906 γε·
1060 835 1254 899 Μηδεὶς
1305 836 1363 892 δὲ
1394 840 1636 902 ἁπατηθῆ
1707 853 1778 918 μὴ
1826 831 2067 911 παιδείας
2108 831 2284 924 φίλους
2310 831 2463 903 ,εἶναι

853 928 974 985 τοὺς
999 924 1258 996 βασιλεῖς,
1291 929 1385 979 κοῖν
1449 933 1474 982 ὁ
1523 935 1613 1002 μὲν
1669 943 1763 995 τῆς
1831 935 2142 1011 ἀκροτάτης,
2193 943 2216 992 ό
2268 938 2325 992 δὲ
2373 950 2462 999 τῆς

853 1012 982 1102 πολὺ
1035 1017 1226 1075 ταύτης
1273 1014 1691 1092 ὑποδεεστέρας·
1751 1024 1853 1077 εἰσὶ
1921 1032 2021 1102 γάρ
2090 1032 2242 1101 ἄμφω
2323 1030 2462 1100 φιλο-

851 1099 993 1172 λόγοι
1047 1103 1458 1177 καὶφιλολὸγιοι.
1513 1115 1849 1180 προσκείσθω
1910 1099 2132 1169 δὲ’καὶῗ
2162 1099 2219 1169 τὸ
2264 1099 2457 1188 λόγιον

852 1190 997 1260 εἶχον
1050 1194 1148 1266 γάρ
1235 1198 1322 1246 καὶ
1382 1203 1536 1248 τοῦτο
1589 1203 1723 1252 κατά
1774 1201 1904 1254 πολὺ
1951 1209 2080 1262 αὕτη
2140 1209 2168 1263 ἡ
2221 1211 2462 1258 κόινωνία

851 1285 1070 1350 φυσικὴ,
1129 1283 1245 1352 ἔχει
1276 1279 1335 1336 δὲ
1384 1289 1442 1336 τὸ
1493 1292 1779 1356 κρεῖττονῆ
1841 1296 2039 1354 ταύτης
2081 1292 2306 1367 διαφορά
2362 1295 2461 1356 κάξ

850 1371 1134 1431 επιτάσεως
1173 1377 1262 1423 καὶ
1312 1381 1403 1425 τοῦ
1460 1373 1712 1448 ἐτεροίου.’
1775 1380 1834 1432 Ὀ
1889 1386 1978 1453 μὲν
2032 1387 2131 1456 γάρ
2189 1385 2461 1456 φιλόσοφος

847 1462 937 1509 καὶ
959 1456 1134 1531 ῥήτωρ
1163 1462 1254 1511 καῖ
1272 1467 1372 1512 πᾶν
1397 1462 1537 1530 ἄλλο,
1573 1467 1599 1516 ό
1653 1463 1712 1517 δε
1758 1468 1933 1543 ῥήτωρ
1987 1476 2075 1523 καὶ
2142 1473 2457 1545 πολυίστωρ.

849 1545 1270 1619 Ἐπίτασιςγοῦν
1321 1548 1368 1600 ἓν
1419 1559 1492 1621 τῷ
1551 1552 1645 1616 ἐνὶ,
1689 1556 1852 1608 πολλά
1904 1565 2033 1633 μέρη
2074 1562 2112 1611 ὠ
2161 1566 2248 1613 καὶ
2293 1563 2463 1614 πάντα

845 1635 1045 1705 ἔχοντι,
1074 1641 1164 1687 καὶ
1204 1644 1309 1688 οῖον
1351 1643 1446 1696 τὴν
1495 1640 1614 1699 ὅλην
1666 1649 1925 1703 ποιότητα
1955 1691 1969 1716 ,
2031 1647 2317 1720 ἑτεροιότης
2379 1649 2457 1715 δὲ,

845 1721 926 1773 ὃτι
955 1727 1045 1775 καὶ
1074 1727 1138 1776 τά
1157 1729 1287 1797 μέρη
1313 1725 1492 1781 ἀλλοῖα
1522 1729 1645 1782 ὂντα
1694 1735 1804 1804 ἔχει
1848 1743 2175 1807 συναγαγὼν,
2229 1739 2462 1811 ὑπάρχει

845 1806 906 1863 δε
957 1817 1048 1864 καὶ
1117 1811 1457 1888 Ἀλεξάνδρου
1528 1819 1791 1891 ὑπηρεσία
1833 1829 1922 1875 καὶ
1980 1806 2228 1896 βασιλεία
2250 1806 2462 1900 ῥήτορες

839 1902 1178 1994 καΞΜοίρκοῦ
1209 1904 1500 1977 φιλόσοφοι.
1533 1909 1657 1982 Ἐρα
1712 1907 1770 1962 δὲ
1825 1914 1850 1962 ό
1890 1917 1979 1984 μὲν
2041 1913 2455 1994 Ἀριστοτέλους⁹
2522 1928 2560 1982 Β

840 1990 866 2040 ό
899 1985 958 2042 δὲ
1013 1992 1353 2065 Ἑρμογένους
1397 1994 1585 2066 ἀγαθοὶ
1650 2007 1774 2069 γοῦν
1824 2003 2034 2065 πάντες.
2094 2011 2247 2075 Ἔχει
2308 2003 2367 2058 δὲ

841 2081 1091 2154 ἀναλογία
1147 2085 1217 2147 εἰς
1291 2087 1473 2147 αὐτοὺς
1550 2089 1741 2148 πολλὴν
1821 2099 1913 2151 τὴν
1998 2095 2179 2166 ἰσχυν·
2233 2100 2301 2156 ὡς
2353 2100 2454 2170 γάρ

1529 2177 1822 2251 Ἑρμογένει
1916 2182 2301 2257 Ἀριστοτέλης,
2392 2190 2455 2246 ὡς

1325 2265 1659 2337 Ἀριστοτέλη
1673 2288 1710 2338 ς,
1811 2268 2148 2345 Ἀλέξανδρος
2234 2278 2450 2348 Μάρκῳ·

837 2351 907 2409 ὡς
961 2350 1064 2423 ἄρα
1124 2351 1402 2425 φιλοσοφία
1461 2355 1740 2430 ῥητορικῇ,
1817 2358 2157 2433 Ἀλέξανδρος
2226 2367 2451 2434 Μάρκῳ,

834 2436 1108 2511 Ἐστιμὲν
1165 2441 1252 2492 οὖν
1311 2445 1340 2499 ἡ
1403 2440 1631 2516 διαφορὰ
1686 2447 1780 2498 οὐκ
1841 2448 2016 2511 ἄλλοις
2084 2450 2276 2521 λόγοις,
2340 2452 2451 2502 ἄλλ’

839 2171 1116 2244 φιλοσοφία
1168 2175 1444 2249 ῥητορικῆ,

839 2255 889 2311 δ’
946 2259 1234 2333 Ἑρμογένει

835 2528 1078 2594 ἀλλοίοις,
1139 2528 1318 2589 ἐπειδὴ
1376 2538 1589 2596 ποιότης
1670 2541 1746 2597 τίς
1792 2537 1933 2589 ἐστιν
1987 2541 2016 2596 ἠ
2077 2542 2298 2592 καθόλου
2343 2541 2450 2593 ἐπι-

839 2622 1036 2689 στήμη.
1078 2617 1135 2670 Ἦ
1178 2628 1299 2690 γοῦν
1358 2620 1599 2684 ἐπίτασις
1655 2630 1741 2677 καὶ
1800 2628 1974 2688 ἄνεσις
2030 2633 2086 2680 τὸ
2145 2637 2447 2704 τιμιώτερον

833 2707 995 2777 ἔφερε,
1066 2710 1245 2768 πάντες
1313 2705 1372 2761 δὲ
1426 2717 1515 2763 και
1580 2719 1750 2765 πᾶσαι
1806 2715 2191 2787 καλοκαγαθίας
2234 2725 2442 2790 μεσταί.

830 2792 984 2847 Ἐστι
1016 2792 1075 2848 δὲ
1117 2800 1322 2859 τούτοις
1378 2801 1408 2857 ἡ
1468 2806 1709 2854 κοινωνία
1771 2809 1861 2856 καὶ
1915 2809 2050 2857 κατὰ
2097 2815 2284 2880 κρᾶσιν
2342 2807 2445 2861 οῖον

875 2941 930 2993 7.
961 2937 1295 2996 Alexander
1324 2941 1571 3013 quidem
1593 2960 1733 2999 cum
1759 2947 2068 3003 Aristotele
2091 2951 2466 3005 communio-

803 3042 944 3082 nem
967 3030 1295 3098 constituit,
1319 3036 1376 3085 et
1403 3048 1542 3087 cum
1567 3035 1936 3104 Hermogene
1973 3040 2201 3093 Marcus
2231 3056 2243 3105 ;
2279 3040 2464 3094 ambo

803 3115 984 3184 igitur
1009 3122 1149 3174 sunt
1186 3134 1357 3189 reges
1417 3125 1472 3176 et
1519 3121 1702 3177 ambo
1734 3125 2034 3194 sapientes
2070 3145 2081 3191 ;
2133 3127 2316 3183 ambo
2382 3128 2466 3183 illi
2499 3109 2539 3162 (ἶ

802 3220 974 3275 reges
999 3207 1350 3262 eruditionis
1391 3215 1529 3264 sunt
1567 3212 1821 3267 studiosi
1848 3221 1903 3268 et
1925 3215 2109 3270 ambo
2139 3217 2462 3288 sapientes.

805 3309 878 3348 ac
937 3294 1019 3349 illi
1074 3295 1318 3366 quidem
1387 3313 1527 3353 cum
1566 3300 1788 3371 quibus
1851 3303 2175 3358 amicitiam
2244 3307 2463 3360 consti-

805 3385 1000 3444 tuunt.
1043 3385 1374 3441 eruditione
1432 3388 1767 3457 abundant,
1836 3391 1917 3447 ita
1955 3398 2157 3448 tamen
2191 3400 2256 3449 ut
2285 3395 2464 3449 unius

805 3472 1060 3528 eruditio
1126 3472 1206 3528 ab
1263 3474 1505 3530 alterius
1551 3477 1884 3534 eruditione
1950 3481 2210 3538 differat.
2280 3487 2464 3538 Nemo

805 3577 944 3617 vero
983 3578 1180 3617 errore
1219 3563 1506 3636 deceptus
1527 3571 1704 3635 neget
1737 3584 1908 3638 reges
1948 3585 2075 3625 esse
2116 3572 2464 3627 eruditionis

804 3650 1126 3708 studiosos.
1157 3653 1441 3718 Quamvis
1453 3655 1613 3710 enim
1635 3655 1971 3713 Alexander
1984 3676 2280 3730 suprema
2307 3661 2463 3716 illius

801 3741 1223 3813 philosophia,
1258 3745 1488 3799 Marcus
1517 3751 1718 3801 autem
1733 3747 2081 3804 eruditionis
2110 3751 2298 3806 multo
2321 3751 2462 3807 infe-

799 3830 974 3886 rioris
997 3832 1070 3886 sit
1095 3830 1419 3900 studiosus,
1451 3833 1636 3889 ambo
1660 3839 1859 3891 tamen
1887 3837 2202 3893 meliorum
2246 3840 2463 3896 littera-

797 3936 936 3976 rum
963 3924 1019 3976 et
1044 3921 1395 3993 eloquentia
1428 3929 1570 3978 sunt
1596 3940 1891 3997 perquam
1913 3927 2183 3983 studiosi.
2220 3929 2461 3984 Addidi-

796 4026 937 4065 mus
964 4011 1180 4066 ambos
1218 4010 1573 4084 eloquentia
1640 4029 1882 4087 quoque
1917 4015 2093 4072 fuisse
2135 4018 2455 4074 studiosos.

796 4103 1041 4171 Magnos
1070 4101 1230 4157 enim
1249 4118 1311 4157 in
1328 4118 1400 4158 ea
1428 4117 1782 4174 progressus
1805 4105 2086 4162 fecerant.
2120 4114 2310 4180 Atque
2329 4109 2458 4165 hac

796 4197 885 4247 est
921 4191 1209 4248 naturalis
1266 4193 1634 4264 communio,
1696 4195 1868 4266 cujus
1899 4197 2236 4254 differentia
2274 4199 2458 4256 habet

795 4282 1208 4353 prastantiam
1236 4287 1293 4337 et
1322 4282 1734 4339 excellentiam
1757 4301 1830 4340 ex
1859 4286 2192 4343 intensione
2215 4295 2268 4343 et
2288 4290 2458 4345 dissi-

792 4369 1145 4426 militudinis
1197 4372 1426 4427 ratione
1478 4389 1491 4438 ;
1521 4388 1664 4427 nam
1691 4390 1847 4429 unus
1876 4375 2271 4448 philosophus
2294 4388 2382 4434 est
2402 4385 2459 4434 et

2630 675 2873 745 ὑπῆρχον
2895 684 3074 735 κοινῶς
3127 677 3206 725 ὅτι
3255 672 3311 726 δὲ
3358 681 3446 726 καὶ
3504 685 3598 737 τῆς
3643 684 3929 749 κρείττονος
3977 685 4066 731 καὶ
4123 684 4246 731 ὅσον

2628 770 2720 820 τῆς
2781 768 3068 833 κρείττονος
3153 770 3240 814 καὶ
3307 784 3685 836 φυσικωτερας.
3744 765 3997 839 ’Υπάρχει
4049 765 4107 819 δε
4157 777 4246 818 καὶ

2626 856 2761 918 Τίτῳ
2807 850 3142 909 Ἀπολλώνιος
3205 852 3364 922 φίλος,
3427 853 3729 923 Ἰάμϐλιχός
3788 862 3874 906 καὶ
3927 860 4240 926 Πορφυριος,

2626 943 2796 1010 Νέρων
2851 935 2908 990 δὲ
2984 945 3071 990 καὶ
3125 940 3410 1014 αὖλητῆρες
3489 947 3576 992 καὶ
3628 942 3922 1012 αὐλητριαι.
4000 950 4097 996 Καὶ
4167 946 4244 996 ὁτι

2623 1031 2711 1097 μεν
2739 1033 2826 1078 καὶ
2857 1030 2886 1084 ἡ
2921 1026 3019 1078 τῶν
3077 1025 3278 1102 ἀνδρῶν
3334 1029 3613 1101 φιλοσοφία
3661 1039 3756 1092 τῆς
3812 1035 4030 1102 φύσεως,
4091 1036 4239 1090 καὶὴ

2624 1115 2916 1186 ἐμπνευστὴ
2976 1122 3135 1188 τέχνη
3225 1126 3319 1178 τῆς
3381 1119 3576 1189 φεᾶσεῶς
3625 1119 3756 1173 ἐστι.
3821 1120 4120 1191 Παραλογον
4185 1119 4244 1172 δε

2623 1204 2804 1266 ὀλικῶς
2857 1214 3112 1257 κοινωνεῖν
3193 1211 3279 1257 τὸν
3327 1208 3587 1280 ἄρχονται
3641 1215 3756 1268 ταῖς
3803 1205 3981 1278 ᾠδαῖς
4043 1209 4239 1260 ἐκλελυ.

2621 1298 2775 1365 μένης
2837 1297 2938 1368 γὰρ
3001 1303 3153 1346 τοῦτο
3233 1300 3322 1346 καὶ
3380 1294 3781 1367 ἐκτεθηλυμένης
3860 1297 3971 1348 ἐστὶ
4025 1298 4237 1368 ψυχῆς·

2623 1381 2799 1452 φίλους
2832 1379 2882 1433 δ’
2915 1385 3054 1453 ἔχειν
3094 1391 3214 1443 τοῦς
3276 1381 3522 1454 βασιλέας
3583 1390 3790 1456 σοφοὺς,
3853 1388 4094 1457 ἄριστον.
4155 1387 4238 1443 Ὠ,

2621 1478 2743 1540 γοῦν
2800 1474 2866 1522 τὰ
2950 1469 3151 1543 ἀνδρῶν
3235 1472 3352 1529 τέλη
3429 1477 3557 1545 πρὸς
3632 1477 3698 1524 τὰ
3772 1482 3872 1524 τῶν
3945 1475 4241 1547 αὐλητριῶν

2621 1563 2711 1609 καὶ
2761 1559 3085 1631 αὐλητηρων,
3147 1561 3312 1620 οὕτως
3362 1566 3452 1612 καὶ
3514 1557 3663 1612 οὖτοι
3712 1565 3835 1635 πρὸς
3896 1566 4109 1624 ταύτας·
4179 1567 4243 1622 ὡς

2625 1643 2682 1698 δὲ
2718 1645 2860 1699 οὖτοι
2890 1654 3020 1721 προς
3062 1652 3275 1718 ταύτας,
3317 1654 3407 1700 καὶ
3457 1652 3655 1711 Τῖτοςό
3715 1660 3813 1701 τῶν
3872 1661 4042 1723 σοφῶν
4096 1652 4244 1722 φίλος

2624 1740 2750 1808 πρὸς
2776 1741 2862 1788 τόν
2888 1741 3316 1808 γυναικωνιτικὸν
3376 1743 3600 1810 Νέρωνα.
3657 1739 3739 1798 Ὠς
3797 1741 3900 1812 ἄρα
3952 1741 4238 1812 φιλοσοφία

2627 1845 2752 1898 προς
2803 1829 2868 1877 τὰ
2942 1835 3036 1886 τῆς
3092 1835 3353 1897 μουσικῆς
3428 1825 3808 1898 ἀποπτῶματα,
3887 1830 4022 1879 οὕτω
4080 1834 4168 1880 καὶ
4219 1831 4244 1880 ό

2626 1919 2777 1986 σοφὸς
2816 1922 2968 1974 Τῖτος
3034 1921 3163 1988 πρός
3212 1919 3298 1966 τόν
3359 1917 3580 1987 ἄσεμνον
3629 1923 3860 1989 Νερωνα.
3920 1923 4055 1970 Φασί
4107 1938 4244 1979 τινες

2623 1999 2683 2055 δέ
2735 2023 2858 2055 ποτε
2914 2011 3066 2056 Τῖτον
3141 2001 3386 2068 ἀκοῦσαι,
3473 2001 3630 2056 τούδε

2622 2093 2873 2143 ἵστασθαι
2925 2098 3042 2162 περὶ
3107 2095 3195 2151 τὰς
3247 2092 3413 2154 πύλας
3460 2093 3618 2144 αὐτοῦ
3674 2097 3832 2154 οὔσας
3889 2093 4240 2166 ἐσαλισμένας

2620 2179 2925 2251 βασιλικῶς,
2980 2187 3066 2231 καὶ
3121 2184 3294 2252 φάναι·
3349 2184 3409 2233 Αἱ
3464 2181 3581 2252 ἐμαὶ
3647 2185 3801 2253 θύραι
3856 2189 3990 2234 πᾶσι
4054 2192 4237 2254 σοφοῖς

2619 2270 3076 2342 ἀνεῳγμεναιεισι,
3132 2279 3222 2321 τοῦ
3272 2271 3377 2330 ἑνός
3429 2277 3547 2344 περὶ
3601 2282 3697 2322 τῶν
3745 2269 3840 2323 δύο
3899 2272 4067 2323 αὐτῶν
4128 2295 4233 2343 μη-

3721 2009 3841 2066 τούς
3927 2005 4242 2077 φιλοσόφους

2615 2364 2863 2420 νύσαντος
2913 2366 2998 2410 καὶ
3086 2360 3325 2411 εἰσελθεῖν
3436 2361 3623 2422 αὐτοὺς
3707 2361 3749 2412 εἰ
3814 2361 4031 2434 ἀρεστόν
4086 2362 4232 2430 αὐτῷ

2615 2448 2981 2519 ἐρωτήσαντος.
3047 2455 3216 2522 Νέρων
3275 2445 3332 2499 δὲ
3401 2454 3706 2520 στεφόμενος
3761 2446 3988 2509 ἀναιδῶς
4037 2448 4122 2500 ἐπὶ
4174 2455 4228 2500 τό

2615 2538 2824 2607 θέατρον
2878 2538 3112 2608 ἁσέμνως
3177 2535 3365 2608 ἐλήρει.
3442 2538 3502 2590 Αἰ
3573 2547 3671 2588 τῶν
3753 2538 3870 2588 κατ’
3924 2537 4228 2608 ἐπιστήμην

2611 2631 2872 2677 κοινωνίαι
2929 2632 3015 2676 καὶ
3092 2627 3196 2676 οἶον
3276 2633 3646 2697 φυσικῶτεραι·
3763 2628 3846 2700 ἄρ’
3937 2623 4022 2677 οὖν
4094 2627 4226 2677 πολὺ

2609 2721 3029 2786 τιμιώτεραικαὶ
3057 2719 3316 2788 κρείττους
3378 2723 3476 2765 τῶν
3526 2719 3659 2766 κατὰ
3708 2723 3895 2786 κρᾶσιν
3952 2722 4040 2766 καὶ
4099 2715 4221 2766 αλο-

2606 2808 2863 2877 γωτέρων,
2893 2806 2956 2863 ῶς
2977 2809 3065 2854 καὶ
3090 2807 3145 2854 τό
3169 2813 3268 2854 τῶν
3325 2803 3596 2875 ἀρχόντων
3658 2801 3819 2866 εὸειξε
3849 2804 4009 2864 τέλος.

2581 2944 2919 3010 dissimiles,
2990 2945 3490 3017 quandoquidem
3532 2946 3826 3014 generalis
3868 2947 4120 3000 scientia
4165 2953 4253 3000 est

2579 3035 2840 3106 qualitas
2871 3035 3175 3106 quadam.
3221 3035 3479 3089 lntensio
3505 3050 3647 3104 ergo
3671 3042 3724 3089 et
3748 3035 4021 3089 remissio
4040 3034 4220 3089 etl‘ece

2577 3131 2716 3178 runt
2733 3130 2792 3178 ut
2820 3124 3047 3195 aliquid
3062 3126 3439 3196 prastantius
3461 3125 3790 3180 exsisteret.
3807 3127 4029 3180 Omnes
4044 3134 4250 3179 autem

2577 3212 2677 3281 illi,
2728 3219 2783 3267 et
2841 3229 3052 3268 omnes
3119 3213 3230 3267 illa
3292 3213 3548 3268 scientia
3581 3213 3792 3267 virtute
3862 3221 3916 3268 et
3946 3215 4250 3283 probitate

2579 3302 2910 3357 abundant.
2949 3305 3126 3357 Porro
3149 3302 3478 3356 intercessit
3501 3301 3611 3355 illis
3636 3303 3985 3356 communio
4011 3322 4073 3356 νει
4103 3310 4252 3356 tem-

2577 3392 2902 3462 peratione,
2939 3389 3462 3461 quemadmodum
3493 3391 3672 3444 etiam
3713 3407 3784 3445 ex
3826 3396 4064 3454 natura,
4100 3395 4249 3462 quia

2574 3495 2785 3534 omnes
2838 3479 3047 3534 eruditi
3082 3479 3357 3544 fuerunt;
3417 3479 3520 3532 sed
3551 3486 3851 3549 quatenus
3890 3484 4246 3550 temperatio

2572 3569 2813 3624 illorum
2854 3569 2931 3624 ad
2967 3569 3442 3639 prastantiorein
3475 3569 3870 3623 eruditionem
3913 3569 4243 3635 ferebatur,

2573 3673 2643 3713 eo
2672 3658 2863 3727 magis
2908 3657 3194 3712 naturalis
3245 3656 3373 3711 fuit.
3400 3656 3797 3712 Consimiliter
3817 3658 3975 3712 Titus
3994 3658 4241 3729 Apollo—

2574 3749 2760 3811 nium,
2817 3747 3219 3801 Jamblichum
3281 3751 3336 3799 et
3360 3746 3759 3816 Porphyrium
3801 3747 4046 3817 amavit,
4086 3751 4241 3802 Nero

2572 3851 2714 3890 vero
2747 3834 3015 3890 tibicines
3055 3840 3112 3888 et
3141 3833 3434 3888 tibicinas.
3487 3836 3549 3889 Et
3587 3835 3730 3905 quia
3760 3835 4022 3889 virorum
4047 3836 4246 3906 philo-

2572 3926 2783 3995 sophia
2841 3924 2916 3979 ad
2979 3929 3256 3977 naturam
3311 3923 3579 3988 refertur,
3614 3924 3792 3978 etiam
3840 3940 3936 3978 ars
3980 3924 4240 3980 inﬂandi

2573 4014 2747 4068 tibias
2768 4013 2846 4068 ad
2870 4018 3148 4067 naturam
3168 4011 3549 4079 refertur,sed
3573 4013 3685 4067 hoc
3703 4017 3916 4084 prater
3937 4014 4243 4069 rationem

2570 4109 2634 4158 ut
2660 4103 2988 4174 imperator
3014 4119 3074 4156 se
3101 4107 3288 4156 totum
3321 4102 3632 4156 cantilenis
3656 4103 3871 4166 tradat,
3918 4102 4034 4158 hoc
4073 4105 4243 4158 enim

2568 4191 2836 4246 dissoluti
2860 4190 3261 4245 eteﬂ'eminati
3295 4195 3382 4244 est
3431 4191 3616 4268 animi
3652 4190 3792 4256 ;sed
3817 4206 3986 4260 reges
4002 4193 4246 4262 sapien-

2567 4285 2693 4335 tum
2752 4281 3015 4335 virorum
3071 4283 3345 4334 amantes
3404 4295 3552 4346 esse,
3608 4295 3703 4332 res
3764 4281 3995 4351 optima
4045 4281 4245 4335 maxi-

2567 4385 2783 4440 meque
2809 4368 3147 4423 laudabilis.
3180 4370 3246 4423 Ut
3269 4367 3446 4437 igitur
3474 4384 3534 4422 se
3549 4367 4055 4424 habentvirorum
4084 4370 4243 4424 fines

790 4459 993 4516 rhetor
1016 4465 1072 4515 et
1097 4460 1448 4516 omniscius.
1485 4460 1634 4517 alter
1671 4479 1813 4518 vero
1837 4471 1924 4518 est
1952 4465 2152 4521 rhetor
2174 4472 2231 4522 et
2253 4467 2453 4523 multa
2492 4467 2532 4518 Ι)
2566 4459 2644 4514 ad
2673 4460 2824 4513 ﬁnes
2857 4458 3166 4513 tibicinum
3202 4463 3256 4512 et
3278 4457 3686 4522 tibicinarum,
3721 4457 3802 4512 ita
3841 4473 4090 4529 quoque
4110 4459 4239 4513 duo

789 4547 1060 4604 lectionis
1088 4549 1197 4604 vir.
1235 4552 1332 4604 Est
1355 4549 1534 4619 igitur
1552 4551 1612 4606 in
1647 4567 1768 4607 uno
1792 4553 2066 4624 intensio,
2101 4557 2244 4627 quia
2265 4556 2454 4627 philo-

790 4638 1020 4710 sophia
1046 4637 1265 4693 multas
1297 4643 1517 4710 partes,
1561 4644 1739 4711 atque
1765 4641 1918 4697 adeo
1948 4659 2161 4698 omnes
2194 4643 2376 4701 habet
2397 4652 2454 4701 et

787 4727 970 4800 quasi
997 4732 1182 4782 totam
1221 4727 1384 4783 illam
1416 4727 1768 4800 qualitatem
1802 4730 2016 4787 induit.
2063 4732 2358 4788 Praterea
2379 4750 2451 4791 ex

785 4817 1017 4873 ratione
1034 4817 1534 4872 dissimilitudinis
1553 4817 1885 4876 discrimen
1901 4821 2262 4892 assignatur,
2283 4823 2448 4895 quod

785 4905 1128 4962 Aristoteles
1143 4922 1356 4961 omnes
1378 4906 1776 4979 philosophia
1799 4914 1996 4980 partes
2009 4925 2231 4982 easque
2254 4913 2446 4968 varias

785 5000 844 5051 et
868 4994 1192 5052 dissimiles
1215 4994 1394 5051 simul
1417 4995 1693 5052 collectas
1711 4999 2181 5069 comprehensas
2202 4999 2445 5059 habeat.

781 5086 873 5140 Ac
884 5084 1220 5141 Alexander
1239 5083 1488 5158 quidem
1512 5085 1774 5141 inﬁnitos
1798 5102 1972 5158 pane
1985 5088 2247 5144 famulos
2265 5089 2445 5147 habet

782 5179 948 5230 etest
971 5190 1095 5240 rex,
1137 5174 1321 5230 habet
1347 5189 1593 5246 quoque
1624 5174 2037 5248 philosophos.
2072 5179 2300 5234 Marcus
2343 5196 2444 5235 au-

780 5268 903 5320 tem
942 5268 1031 5319 est
1059 5263 1324 5320 similiter
1360 5264 1688 5335 imperator
1715 5271 1770 5320 et
1806 5266 2072 5322 rhetores
2097 5267 2297 5323 habet.
2343 5269 2442 5325 llle

777 5353 1030 5426 quidem
1059 5352 1433 5409 Aristotelem
1466 5358 1649 5425 amat,
1701 5354 1796 5410 hic
1819 5371 1960 5410 vero
1979 5358 2439 5427 Hermogenem.

779 5443 931 5499 Sunt
977 5442 1160 5513 igitur
1203 5458 1415 5499 omnes
1452 5442 1514 5498 hi
1544 5443 1697 5499 inter
1737 5459 1800 5500 se
1849 5445 2043 5517 probi.
2079 5445 2239 5501 Valet
2260 5447 2438 5503 etiam

774 5533 1111 5604 propositio
1127 5534 1188 5587 in
1214 5533 1309 5589 his
1333 5532 1680 5605 plurimum.
1708 5535 1776 5589 Ut
1795 5536 1953 5589 enim
1971 5535 2354 5608 philosophia
2376 5555 2437 5594 se

773 5621 958 5678 habet
989 5621 1067 5678 ad
1098 5627 1286 5678 artem
1330 5621 1591 5689 dicendi,
1650 5623 1730 5678 ita
1776 5639 1840 5679 se
1888 5625 2071 5681 habet
2098 5626 2436 5682 Aristoteles

773 5710 854 5766 ad
894 5713 1332 5780 Hermogenem
1370 5715 1427 5765 et
1489 5709 1826 5768 Alexander
1876 5712 1955 5768 ad
1994 5716 2278 5773 Marcum.
2339 5717 2437 5772 Est

767 5799 950 5873 igitur
986 5799 1328 5859 differentia
1361 5814 1488 5858 non
1507 5800 1674 5873 quod
1696 5800 1828 5867 alia
1849 5802 1967 5860 sint
1993 5804 2280 5877 rationes,
2322 5804 2432 5868 sed

2564 4551 2672 4605 viri
2703 4566 2764 4604 se
2782 4548 3006 4603 habent
3030 4547 3104 4602 ad
3147 4547 3418 4602 tibicines
3451 4552 3506 4602 et
3547 4547 3822 4602 tibicinas
3859 4566 3872 4613 ;
3915 4552 3969 4602 et
4032 4555 4096 4602 ut
4122 4548 4238 4603 viri

2563 4656 2626 4695 se
2652 4637 2979 4693 habent'ad
3003 4637 3150 4691 ﬁnes
3178 4652 3339 4702 suos,
3386 4636 3466 4691 ita
3509 4637 3688 4691 etiam
3730 4653 3790 4692 se
3814 4637 4042 4692 habent
4068 4639 4239 4692 Titus

2522 4713 2524 4716 r
2562 4728 2902 4800 sapientum
2929 4727 3231 4781 studiosus
3251 4725 3327 4779 ad
3355 4724 3716 4780 dissolutum
3735 4731 3791 4781 et
3809 4724 4235 4783 eﬂ‘eminatum

2560 4824 2851 4876 Neronem
2890 4836 2902 4884 ;
2937 4823 2991 4872 et
3021 4822 3081 4872 ut
3109 4816 3494 4888 phiIOSOphia
3533 4833 3594 4871 se
3625 4817 3808 4872 habet
3838 4816 3916 4872 ad
3962 4819 4235 4875 musices

2559 4909 2938 4982 quisquilias.
2992 4907 3073 4961 ita
3120 4906 3298 4960 etiam
3347 4905 3586 4977 sapiens
3631 4907 3787 4961 Titus
3816 4922 3876 4960 se
3916 4906 4107 4962 habet
4155 4908 4234 4964 ad

2556 4995 2910 5052 illaudatum
2936 4998 3235 5050 Nerorem.
3258 4997 3436 5050 Porro
3459 5011 3597 5050 cum
3632 4995 4044 5050 renuntiatum
4073 5005 4234 5053 esset

2558 5085 2688 5140 Tito
2706 5084 3098 5157 philosophos
3117 5083 3246 5139 illos
3271 5100 3379 5156 pro
3401 5083 3630 5139 foribus
3654 5088 3807 5139 stare
3838 5085 4034 5152 (erant
4063 5088 4231 5141 enim

2555 5174 2710 5229 fores
2746 5175 2908 5244 regio
2932 5189 3096 5228 more
3119 5173 3374 5229 occlusa
3405 5179 3460 5228 et
3493 5172 3809 5244 obserata)
3829 5173 3934 5228 uni
3955 5174 4229 5245 philoso-

2552 5265 2812 5336 phorum
2861 5263 3099 5319 illorum
3131 5262 3436 5332 iudicanti,
3472 5269 3537 5318 ut
3558 5263 3607 5318 si
3637 5261 3897 5334 placeret
3931 5263 4237 5321 intromit-

2553 5358 2831 5418 terentur,
2865 5352 3056 5408 Titum
3116 5351 3502 5423 respondisse
3557 5351 3874 5423 perhibent
3912 5352 4178 5424 quidam
4215 5373 4227 5421 ;

2549 5441 2703 5508 volo,
2737 5442 2921 5514 inqui,
2949 5457 3114 5496 meas
3157 5439 3314 5496 fores
3364 5440 3648 5496 omnibus
3676 5440 4060 5513 philosophis
4095 5459 4229 5499 esse

2548 5537 2773 5604 aperta.
2815 5537 2884 5585 At
2926 5533 3075 5586 Nero
3124 5529 3506 5601 impudenter
3555 5545 3779 5584 corona
3802 5529 4130 5587 redimitus
4165 5535 4223 5587 in

2545 5626 2872 5694 conspectu
2888 5620 3095 5676 theatri
3111 5619 3357 5691 turpiter
3371 5618 3617 5675 saltavit.
3638 5626 3848 5674 Annon
3865 5620 4044 5689 igitur
4064 5637 4225 5678 com-

2543 5713 2863 5768 muniones
2881 5728 3016 5783 qua
3049 5727 3120 5766 ex
3135 5710 3380 5765 scientia
3401 5711 3700 5764 exsistunt
3722 5710 3917 5779 magis
3935 5717 4086 5766 sunt
4117 5729 4223 5769 na-

2544 5801 2762 5860 turales
2773 5801 3086 5874 multoque
3111 5798 3618 5872 majoreinpretio
3629 5798 3915 5856 habendo
3931 5799 3963 5856 7
3986 5803 4221 5860 Annon
