4444 6452
227 422 360 476 1357

1098 413 1453 471 THEODORI
1495 415 1541 467 ll
1578 414 1712 469 1MP.
1757 409 1847 465 DE
1884 410 2342 469 COMMUNIONE
2382 412 2749 468 NATURALI.

3502 414 3643 468 1358

323 540 386 599 η’.
415 546 484 593 T6
521 544 610 611 μεν
650 537 737 591 οὖν
769 541 921 610 φύσει
974 538 1051 591 ἀεὶ
1112 547 1203 591 τοῦ
1272 540 1409 591 θέσει
1474 543 1563 589 καὶ
1619 544 1848 608 κρεῖττον
1904 539 1954 590 Α
2014 537 2296 607 καταλήγει
2324 543 2380 588 τό
2427 540 2612 588 τούτου
2639 533 2927 607 σπονδσμα
2961 542 3126 608 ’τιμᾲ
3186 533 3243 588 δὲ
3284 536 3308 587 ὁ
3356 540 3444 608 μὲν
3493 543 3611 598 τοὺς

253 635 340 681 καὶ
395 648 722 702 τιμιώτερον,
795 628 839 679 εἰ
890 632 959 698 μή
1010 647 1090 687 τις
1151 626 1559 697 παραλογίζεται
1605 626 1670 676 τά
1722 626 1848 696 πρά-

256 738 448 788 γματα,
481 724 571 768 καὶ
617 721 790 787 γένους
844 716 873 773 ἡ
943 712 1193 786 πατρίδος
1255 715 1283 771 ἡ
1352 722 1581 772 τεκοντος
1627 713 1853 782 εὐγενείᾳ

259 806 584 877 ἀπατώμενος
632 804 958 875 παραλόγους
1014 812 1150 855 ποιεῖ
1218 805 1307 863 τάς
1351 808 1616 861 κοινωνίας
1670 802 1850 855 αὐτου.

260 902 398 948 Ιιᾱσι
465 897 567 965 γάρ
633 901 738 954 τοῖς
797 900 975 963 σοφοῖς
1026 898 1259 952 καὶτοῖς
1306 900 1468 961 σοφῶς
1532 893 1853 962 πράττουσιν

260 984 435 1054 ἀρεταὶ
500 988 590 1034 καὶ
658 981 767 1053 βίος
851 980 1189 1045 έλετάξονται,
1250 982 1277 1037 η
1340 978 1537 1039 ἀληθὴς
1600 984 1684 1029 καὶ
1745 979 1856 1028 θεία

260 1072 499 1140 εὐγένεια.
524 1074 599 1122 Τά
622 1068 671 1122 δ’
695 1070 823 1121 ἄλλα
851 1072 987 1122 θέσει
1036 1074 1124 1119 καὶ
1172 1067 1346 1142 πόρρω
1385 1088 1474 1119 του
1534 1070 1683 1139 φύσει
1734 1072 1857 1116 οντα

260 1163 734 1233 παραθεωροῦνται,
754 1156 1081 1211 Διδάσκουσι
1101 1160 1202 1230 γάρ
1230 1163 1318 1209 καὶ
1341 1160 1388 1208 οὶ
1410 1162 1524 1216 τοὺς
1548 1156 1750 1226 ἀγῶκας
1767 1160 1855 1205 καὶ

259 1254 323 1301 τά
351 1249 574 1324 βραϐεῖα
604 1257 871 1308 ποιουντες
899 1252 988 1298 καὶ
1016 1243 1249 1306 διδόντες
1280 1252 1373 1302 την
1404 1250 1571 1313 νικὴν,
1603 1250 1689 1296 καὶ
1715 1246 1762 1295 οἱ
1792 1245 1857 1294 τά

266 1344 539 1409 συμπόσια
557 1337 815 1395 τελοῦντες
835 1355 928 1392 την
959 1354 1124 1390 νικην.
1167 1333 1287 1386 Ὀτι
1314 1336 1402 1403 μεν
1435 1329 1521 1383 οὖν
1548 1332 1641 1383 οὐκ
1660 1334 1767 1383 ἶσοι
1787 1339 1857 1400 τῷ

262 1431 393 1495 γένει
423 1429 467 1477 εἷ
488 1445 541 1477 τε
566 1427 616 1476 οὶ
637 1424 909 1482 ἀθλοῦντες
934 1425 1087 1492 εἰσιν,
1111 1426 1206 1473 εἶτε
1223 1421 1271 1472 οἰ
1292 1426 1541 1485 πίνοντες,
1556 1417 1820 1493 πρόδηλον
1842 1441 1855 1451 ·

267 1513 373 1567 ἶσοι
402 1511 460 1566 δὲ
490 1522 552 1585 τῇ
580 1520 731 1584 τιμῇ,
756 1515 889 1563 ὥστε
915 1506 1087 1569 οὐδεὶς
1108 1508 1167 1559 ἂν
1188 1508 1423 1578 ληψηται
1442 1512 1500 1559 τὸ
1522 1512 1698 1580 γέρας,
1722 1508 1766 1560 εἰ
1786 1512 1856 1579 μη

265 1606 289 1655 6
318 1608 546 1659 νικήσων
577 1607 660 1653 καὶ
701 1608 850 1672 μονος
889 1601 1022 1650 κατά
1051 1617 1102 1650 τε
1150 1600 1215 1648 τά
1265 1592 1396 1649 ἆθλα
1433 1602 1522 1648 καὶ
1561 1601 1647 1647 τὸν
1684 1602 1857 1650 πότον.

270 1695 517 1751 Κοινωνός
548 1688 607 1743 δε
635 1699 734 1742 τῶν
759 1688 1047 1741 ἀθλούντων
1075 1688 1099 1738 6
1127 1694 1423 1760 κορυφαῖος,
1456 1691 1545 1737 καὶ
1573 1695 1670 1737 τῶν
1696 1690 1864 1736 πινόν-

264 1801 363 1833 των
393 1782 419 1832 ὀ
450 1780 618 1831 αὐτῶν
661 1782 861 1853 ἔφορος,
899 1779 962 1837 ὡς
996 1779 1175 1850 ἔφορος
1204 1781 1293 1827 καὶ
1326 1778 1427 1846 γάρ
1476 1778 1671 1826 τούτων
1702 1773 1860 1826 ἐστίν.

262 1865 494 1944 Ἀρόὗν
516 1870 736 1921 ἑνταυθα
790 1871 875 1917 καὶ
931 1867 1120 1939 κρᾶσις
1161 1884 1215 1917 τε
1252 1884 1343 1915 και
1383 1860 1623 1932 παιδεία,
1675 1868 1765 1914 καὶ
1806 1861 1866 1913 οὗ
1920 1879 1963 1933 Β
2027 1872 2096 1939 μὴ
2171 1867 2422 1929 ἐξετάζων
2483 1888 2494 1899 ·

262 1963 349 2031 μεν
375 1958 759 2031 φυσικωτέραη
792 1960 933 2021 νίκη,
966 1954 1024 2006 οὗ
1081 1950 1139 2006 δὲ
1198 1955 1334 2005 θέσει
1380 1958 1470 2004 καὶ
1507 1957 1680 2024 μόνον.
1740 1959 1869 2012 Ταῖς

263 2048 572 2121 ἀμφοτέραις
612 2042 671 2098 δε
698 2049 889 2119 κρᾶσίς
948 2042 1079 2109 ἔστι,
1135 2047 1225 2094 καὶ
1264 2050 1326 2114 τῇ
1388 2046 1476 2115 μὲν
1526 2044 1653 2114 μέθη
1712 2039 1863 2114 τριϐὴ

266 2136 592 2208 ἀλογωτάτη,
612 2144 673 2207 τῇ
704 2131 763 2187 δε
794 2132 1013 2191 ἀθλήσει
1049 2129 1272 2185 παιδεία
1316 2151 1394 2193 τις
1419 2152 1433 2164 ο
1465 2134 1620 2203 φύσιν
1663 2133 1761 2203 γάρ
1810 2132 1869 2181 τὸ

270 2226 420 2279 αθλον
480 2232 737 2278 συνιστών
782 2222 1220 2295 φιλοτιμούρενος,
1279 2228 1431 2272 τοῦτο
1484 2224 1796 2277 συνίστησιν
1854 2235 1865 2247 ·

271 2316 374 2369 ἐκεῖ
396 2316 498 2389 γάρ
532 2316 717 2386 μάχης
754 2314 899 2385 ἔργα,
935 2307 1144 2375 δίσκος,
1187 2307 1418 2380 δίαυλος,
1482 2313 1690 2379 πυγμὴ,
1731 2308 1868 2365 πάλη

272 2410 362 2457 καὶ
398 2403 559 2469 ἅλμα,
600 2407 842 2476 γρήσιμα
888 2401 1077 2465 πάντα,
1124 2402 1359 2470 πολιτείᾳ
1404 2402 1494 2449 καὶ
1554 2404 1737 2469 κόσμῳ
1784 2402 1875 2449 καὶ

278 2492 381 2567 βίῳ
457 2491 708 2564 ὠφέλιμα,
764 2488 859 2541 κᾶν
916 2491 994 2546 ε’ίη
1049 2486 1105 2539 ἐκ
1160 2496 1259 2539 τῶν
1307 2490 1554 2539 τοιούτων
1606 2506 1682 2546 τις
1733 2486 1874 2556 αὑτῲ

276 2580 545 2642 ηδονή.“0
577 2578 635 2633 δὲ
682 2574 1128 2651 Σαρδαναπάλειος
1176 2582 1265 2629 καὶ
1316 2580 1656 2637 Διονυσιακὰς
1704 2576 1878 2649 έφορος

275 2677 426 2743 μόνον
475 2675 571 2729 τὴν
627 2668 815 2740 οἷλογον
872 2663 1068 2725 ἡδονήν
1125 2664 1347 2739 βλέπων,
1413 2666 1483 2727 εἰς
1536 2662 1687 2717 οὐδὲν
1738 2664 1879 2727 τελος

249 2882 387 2934 sunt
414 2873 859 2949 praestantiores
881 2870 1529 2927 communicationibus
1550 2869 1662 2924 illis
1679 2886 1813 2942 quae
1830 2886 1903 2926 ex

250 2964 695 3039 temperatione,
725 2977 848 3017 non
877 2977 949 3016 ex
973 2960 1203 3016 ratione
1240 2960 1553 3023 exsistunt,
1602 2965 1667 3015 ut
1721 2962 1901 3017 etiam

248 3058 508 3112 duorum
537 3053 773 3108 illorum
806 3051 1233 3122 imperatorum
1255 3048 1407 3103 ﬁnes
1426 3050 1798 3105 ostendunt?

2014 622 2444 689 ἀολουντας,οὸ“ὲ
2484 630 2597 683 τους
2647 630 2898 684 πίνοντας.
2956 630 3011 676 τὸ
3066 630 3153 696 μεν
3192 634 3393 697 πρώτον
3451 647 3612 697 φυσι-

2014 718 2254 783 κώτερον,
2324 718 2381 764 το
2441 710 2489 763 δ’
2535 714 2757 764 ὕστατον
2806 712 3096 783 ἀτιμοῖ-τον.
3150 714 3258 764 Οὐκ
3323 716 3461 765 ἔστιν
3515 718 3615 786 ἆρα

2015 808 2105 851 του
2154 804 2289 853 ὑέσει
2335 806 2390 852 τὸ
2458 804 2609 872 φύσει
2666 809 2944 875 κρεῖττον;
2991 806 3088 853 Καὶ
3141 806 3264 871 μὴν,
3323 809 3419 861 πᾶς
3474 806 3614 875 εἴπῃ,

2018 893 2128 960 ἔχει
2172 893 2269 961 γάρ
2318 889 2507 946 πολλὴν
2577 895 2669 947 τὴν
2748 888 3011 947 ἀλήθειαν.
3070 890 3188 941 Εἰσὶ
3244 887 3302 941 δὲ
3356 896 3443 941 καὶ
3490 891 3619 942 ἄλλα

2014 981 2149 1041 τινά,
2181 987 2288 1039 πώς
2323 982 2413 1049 μὲν
2444 977 2724 1049 ἐξεχόμενα
2754 982 2969 1045 τούτων,
3010 986 3119 1038 πῶς
3163 975 3221 1030 δε
3284 975 3613 1052 διαφέροντα,

2018 1072 2306 1138 στρατῦγία
2351 1088 2362 1099 ο
2397 1070 2525 1137 μετά
2570 1063 2629 1118 δὲ
2697 1067 2922 1139 ἰατρικὴ,
2972 1069 3329 1140 φιλάνθρωπος
3381 1072 3479 1140 γάρ
3530 1075 3617 1119 και

2016 1156 2161 1218 αὐλῇ,
2215 1161 2366 1213 Κοινὴ
2427 1152 2484 1206 δὲ
2532 1161 2812 1227 γεωργικὴ.
2878 1161 2977 1208 Καὶ
3021 1162 3113 1213 τὴν
3166 1161 3255 1228 μὲν
3303 1163 3616 1231 γεωργικὴν,

2017 1245 2059 1296 εἰ
2084 1247 2217 1295 κατά
2247 1244 2593 1305 τουςάληθεῖς
2622 1263 2701 1304 τις
2744 1240 2833 1315 ἴδη
2887 1244 3091 1314 λογους,
3161 1250 3357 1316 μεστὴν
3413 1248 3626 1320 εὑρήσει

2017 1329 2277 1392 παιδείας.
2302 1338 2386 1389 Μὴ
2420 1337 2603 1383 σκόπει
2670 1328 2729 1383 δε
2782 1335 2861 1383 ὅτι
2908 1332 3002 1383 οὐκ
3052 1330 3163 1384 οἶδε
3206 1338 3324 1395 τοὺς
3376 1334 3561 1405 λόγους
3595 1338 3620 1386 6

2018 1425 2264 1493 γεωργὸς,
2297 1420 2422 1472 ἀλλά
2446 1426 2627 1472 σκόπει
2659 1425 2738 1471 ὅτι
2771 1424 2904 1471 κατά
2930 1421 3078 1491 λόγον
3128 1423 3156 1478 ὴ
3212 1427 3371 1493 τέχνη
3403 1430 3621 1493 γίνεται.

2018 1510 2219 1581 Ὠσπερ
2286 1511 2385 1583 γάρ
2441 1530 2528 1560 και
2581 1509 2923 1583 κυϐερνητικὴ
2998 1510 3053 1561 έϐ
3104 1519 3195 1571 τῆς
3253 1519 3465 1584 πρώτης
3512 1516 3624 1583 ἔχει

2022 1603 2086 1651 τά
2166 1607 2378 1671 σημεῖα,
2459 1599 2550 1650 οὐκ
2627 1596 2739 1651 οἶδε
2798 1596 2857 1651 δε
2911 1600 3043 1660 ὃπως
3095 1606 3319 1671 γίνοιντο
3356 1612 3557 1654 ταυυτα
3598 1606 3623 1654 6

2023 1685 2367 1761 κυδερνήτης,
2427 1689 2587 1748 οὕτως
2636 1695 2725 1740 καὶ
2778 1690 2803 1739 6
2858 1693 3101 1761 γεωργὸς,
3170 1689 3223 1741 ἐκ
3277 1699 3372 1752 τῆς
3414 1697 3627 1765 πρώτης

2026 1782 2161 1849 ἔχων
2216 1781 2309 1839 τας
2372 1779 2440 1837 ὡς
2498 1777 2635 1837 εἰκὸς
2683 1778 2897 1851 πράξεις
2949 1775 3351 1850 δεδιδαγμένος,
3416 1784 3629 1855 πράττει

2554 1863 3046 1939 ἀποδεικτικοῐςγὰρ
3120 1868 3295 1938 λόγοις
3360 1876 3449 1922 καὶ
3507 1869 3628 1922 ἀνα-

2026 1968 2228 2025 γκαίοις
2259 1958 2287 2013 ἡ
2322 1962 2499 2027 πρώτη
2546 1955 2731 2017 συνῆξε
2758 1959 2950 2014 ταύτην
3005 1961 3099 2014 τὴν
3142 1961 3354 2028 τέχνην.
3416 1957 3626 2017 Ἐπειδὴ

2028 2049 2085 2097 τὸ
2138 2044 2334 2105 πλῆθος
2415 2044 2575 2101 αὐτὴν
2633 2043 2947 2117 ἐργάζεσθαι
2993 2045 3191 2117 ἔμελλεν
3246 2047 3633 2120 ὁμολογούμενα

2032 2132 2090 2187 δε
2110 2154 2227 2186 τινα
2257 2130 2502 2205 δόγματα
2529 2130 2848 2205 παραδοῦσα
2894 2142 2996 2195 τοῖς
3040 2141 3285 2209 πρώτοις,
3345 2141 3470 2210 πρὸς
3519 2145 3635 2199 τοὺς

2032 2223 2211 2296 ἐφεξῆς
2256 2231 2424 2274 ταυτα
2495 2218 2871 2294 μεταδίδονται
2937 2224 3072 2297 ἄχρι
3127 2232 3215 2275 νῦν
3266 2223 3636 2288 ἀϐασανίστως

2031 2318 2120 2363 καὶ
2152 2310 2518 2374 ἀνοξετάστως.
2561 2317 2831 2383 Μαρτυρεῖ
2862 2308 2920 2363 δὲ
2950 2317 3040 2363 καὶ
3096 2314 3121 2363 6
3176 2319 3394 2374 ποιητὴς
3461 2314 3635 2367 Ἠσίο-

2036 2398 2148 2467 δος,
2180 2402 2260 2452 ὅτι
2292 2419 2381 2473 περ
2439 2407 2532 2461 τῆς
2578 2405 2790 2471 πρώτης
2842 2400 2870 2457 ἡ
2931 2401 3185 2472 θεωργική
3241 2400 3382 2452 ἐστιν
3431 2406 3495 2463 ὡς
3546 2409 3636 2455 καὶ

2037 2496 2205 2541 πᾶσαι
2257 2510 2269 2521 ·
2313 2488 2538 2551 ἐξετάζει
2597 2490 2698 2561 γὰρ
2756 2494 2845 2540 καὶ
2897 2493 3113 2561 καιροὺς
3165 2494 3254 2541 καὶ
3302 2495 3493 2553 τόπους
3548 2498 3639 2545 καὶ

2035 2577 2216 2649 λόγους
2246 2583 2335 2629 καὶ
2386 2579 2689 2651 πράγματα,
2741 2582 2830 2629 καὶ
2873 2575 3118 2639 ἐξετάσας
3176 2579 3281 2631 οῖον
3338 2577 3639 2653 παράδοσίν

2038 2687 2156 2720 τινα
2228 2674 2454 2719 ποιεῖται
2525 2666 2905 2739 εὐγενεστέραν.
2986 2672 3087 2719 Καὶ
3162 2676 3316 2720 τοῦτο
3389 2665 3482 2721 διὰ
3545 2674 3641 2727 τὴν

2012 2878 2106 2927 tur
2123 2877 2176 2926 et
2198 2871 2255 2926 in
2285 2870 2417 2926 aliis
2446 2869 2626 2925 rebus
2664 2869 3007 2942 reipublicm
3039 2870 3270 2928 mundo
3317 2878 3496 2946 atque
3534 2875 3669 2930 vitae

2013 2960 2256 3017 utilibus
2276 2976 2347 3015 ex
2368 2960 2591 3032 quibus
2607 2958 2885 3029 voluptas
2905 2960 3157 3016 honesta
3172 2962 3457 3032 quaedam
3487 2963 3672 3019 exsis-

2015 3051 2096 3104 tit.
2132 3054 2200 3104 At
2235 3064 2455 3120 praeses
2481 3046 2575 3102 ille
2618 3047 3090 3119 Fardanapalius
3118 3054 3175 3104 et
3207 3050 3524 3106 Bacchicus
3567 3068 3673 3108 vo-

319 3150 372 3201 8.
397 3141 569 3209 Quod
589 3141 770 3232 igitur
784 3144 1001 3194 natura
1016 3142 1248 3193 constat
1270 3153 1496 3209 semper
1512 3144 1601 3192 est
1627 3144 1905 3206 praestan-
1940 3178 1980 3232 Ο
2012 3139 2291 3210 luptatem
2306 3136 2553 3192 rationis
2566 3143 2857 3208 expertem
2873 3136 3290 3193 duntaxatsibi
3303 3154 3669 3211 proponens,

247 3235 363 3291 tius
375 3230 683 3300 etdignius
698 3244 767 3283 eo
780 3229 944 3299 quod
958 3227 1248 3298 positione
1262 3226 1631 3286 constat.nisi
1655 3226 1799 3281 forte
1814 3227 1907 3282 ali-

251 3323 385 3395 quis
398 3321 602 3376 fucum
618 3316 1004 3373 rebusfacere
1018 3315 1153 3370 velit
1166 3322 1222 3370 et
1242 3315 1495 3384 generis,
1512 3316 1717 3389 patriae
1734 3322 1789 3371 et
1802 3332 1907 3388 pa-

251 3417 488 3467 rentum
499 3406 804 3463 nobilitate
815 3404 1341 3475 deceptas,pr&3ter
1352 3404 1637 3459 rationem
1649 3420 1841 3459 comm
1852 3421 1912 3459 u-

253 3500 453 3556 nicare
475 3496 664 3552 soleat
688 3514 700 3562 ;
734 3510 878 3550 nam
892 3493 1130 3548 virtutes
1152 3499 1208 3547 et
1231 3492 1352 3547 vita
1366 3493 1615 3547 honesta
1629 3494 1911 3548 omnibus

257 3586 629 3661 sapientibus
647 3591 704 3639 et
729 3583 1025 3655 sapienter
1043 3580 1358 3651 agentibus
1380 3581 1679 3637 habentur
1704 3588 1760 3637 et
1777 3589 1913 3637 sunt

255 3694 396 3733 vera
425 3693 494 3732 ac
516 3674 720 3730 divina
742 3670 1041 3727 nobilitas.
1060 3670 1185 3726 Alia
1208 3686 1348 3725 vero
1370 3671 1576 3726 omnia
1604 3670 1913 3740 negligun-

256 3774 352 3823 tur
380 3762 769 3838 sapientibus,
798 3760 1083 3832 nulloque
1112 3759 1173 3814 in
1205 3759 1392 3830 pretio
1422 3758 1741 3827 habentur,
1776 3776 1913 3831 quae

256 3855 545 3912 nimirum
568 3850 861 3924 positione
888 3852 1185 3912 constant,
1209 3853 1266 3903 et
1292 3847 1371 3903 ab
1402 3864 1472 3903 eo
1502 3847 1669 3920 quod
1699 3854 1916 3903 natura

256 3947 493 4001 constat
510 3938 860 4009 longissime
874 3937 1097 3993 distant
1114 3954 1128 4004 ;
1147 3952 1290 3992 nam
1306 3937 1411 4008 qui
1432 3937 1760 3993 certamina
1777 3953 1911 3992 con-

256 4034 505 4090 stituunt
533 4034 589 4086 et
612 4029 864 4102 prtemia
895 4031 1239 4098 proponunt
1276 4026 1495 4082 docent
1521 4027 1828 4082 victoriam
1859 4032 1916 4083 et

253 4123 357 4197 qui
378 4123 441 4177 in
462 4117 751 4176 conviviis
776 4115 1044 4189 potando
1062 4120 1289 4171 certant
1314 4115 1626 4171 victoriam
1649 4115 1759 4171 sibi
1778 4132 1914 4189 pro-

254 4214 508 4285 ponunt.
532 4205 701 4273 Quod
724 4210 925 4260 autem
957 4218 1080 4258 non
1103 4202 1220 4258 sint
1248 4218 1464 4273 genere
1491 4203 1758 4276 aequales
1790 4211 1914 4259 tum

254 4295 691 4357 exercitationis
715 4308 900 4349 causa
929 4298 1241 4363 certantes,
1273 4300 1400 4348 tum
1432 4293 1607 4348 etiam
1642 4299 1917 4365 potantes

253 4391 405 4446 inter
424 4400 638 4443 omnes
656 4387 918 4439 constat:
935 4380 1041 4436 sed
1058 4381 1322 4453 mquales
1342 4382 1743 4453 suntpraemio
1755 4380 1918 4455 quod

260 4477 461 4535 nullus
481 4474 799 4548 praemium
830 4470 1107 4542 accipiat,
1141 4470 1253 4524 nisi
1284 4468 1448 4525 solus
1479 4469 1574 4525 ille
1602 4470 1707 4543 qui
1740 4471 1923 4525 victor

258 4567 434 4624 fuerit
462 4565 582 4620 sive
598 4564 658 4618 in
677 4559 1102 4617 certaminibus
1135 4559 1260 4615 sive
1276 4560 1337 4614 in
1352 4558 1920 4632 compotationibus.

261 4657 412 4713 Acin
428 4651 854 4711 certaminibus
876 4648 1122 4722 quidem
1143 4649 1530 4722 quiprinceps
1552 4655 1640 4704 est
1655 4665 1927 4710 commu-

257 4748 501 4804 nionem
514 4742 765 4799 instituti
788 4756 927 4795 cum
939 4739 1306 4795 certantibus
1335 4739 1439 4795 init
1452 4746 1509 4794 et
1520 4756 1657 4795 cum
1671 4741 1925 4811 potanti-

257 4838 374 4894 bus
384 4836 655 4908 ipsorum
669 4846 892 4903 praeses
910 4848 923 4898 ;
940 4844 1081 4885 nam
1098 4828 1337 4884 illorum
1350 4830 1629 4901 princeps
1640 4833 1728 4884 est
1746 4834 1806 4884 ut
1819 4830 1924 4885 ho-

256 4942 394 4984 rum
410 4938 651 4997 preses.
676 4925 891 4975 Annon
911 4918 1091 4989 igitur
1115 4918 1211 4973 hic
1233 4925 1319 4974 est
1340 4919 1690 4991 temperatio
1716 4924 1772 4975 et
1796 4935 1923 4973 eru-

257 5016 402 5072 ditio
414 5016 443 5071 ?
457 5016 655 5084 thuo
670 5009 862 5080 magis
875 5009 953 5065 ad
968 5013 1244 5064 naturam
1259 5008 1487 5065 accedit
1516 5009 1574 5064 in
1591 5007 1916 5063 certamini-

255 5106 374 5163 bus
386 5102 634 5161 victoria
645 5116 717 5156 eo
728 5098 1266 5172 praestantiorﬂuo
1281 5104 1483 5155 autem
1496 5098 1689 5169 magis
1702 5098 1922 5154 consti-

254 5196 483 5253 tutione
511 5195 747 5247 constat
774 5188 878 5244 illa
904 5189 963 5243 in
996 5188 1545 5260 compotationibus
1585 5188 1824 5243 victoria
1852 5203 1923 5244 eo

255 5281 598 5355 ignobilior.
615 5282 794 5335 Porro
806 5277 866 5333 in
880 5276 1182 5333 ambabus
1198 5276 1458 5332 victoriis
1470 5276 1620 5332 inest
1635 5281 1750 5331 tem
1761 5291 1924 5347 pera-

258 5374 343 5430 tio
374 5389 388 5440 ;
421 5388 491 5428 ac
518 5370 577 5425 in
606 5366 956 5424 temulentia
976 5371 1214 5439 tempus
1237 5372 1449 5439 praeter
1479 5383 1721 5422 omnem
1746 5366 1922 5421 ratio-

258 5478 402 5519 nein
422 5458 687 5533 ponitur,
707 5456 767 5511 in
789 5456 1215 5512 certaminibus
1232 5471 1373 5511 vero
1390 5460 1478 5510 est
1493 5455 1777 5528 quaedam
1794 5471 1923 5510 eru-

264 5550 583 5611 ditioznam
600 5547 701 5618 qui
722 5545 1040 5618 priemium
1058 5545 1401 5601 certaminis
1421 5545 1728 5600 constituit
1753 5550 1922 5600 natu-

264 5640 375 5700 rali
399 5644 454 5698 et
474 5635 765 5696 laudabili
796 5634 994 5691 studio
1025 5634 1264 5702 ductus,
1298 5634 1442 5690 illud
1483 5634 1808 5691 constituit.
1840 5634 1923 5691 lbi

267 5730 435 5789 enim
458 5729 646 5795 disco,
678 5742 880 5793 cursu,
906 5740 1117 5799 pugna
1141 5730 1199 5781 et
1226 5725 1387 5783 lucta
1415 5741 1629 5783 omnes
1660 5740 1935 5781 exercen-

2016 3228 2089 3281 ail
2124 3225 2357 3281 nullum
2375 3226 2555 3279 ﬁnem
2578 3225 2900 3280 honestum
2923 3224 3361 3283 etlaudabilem
3382 3231 3673 3300 pervenit.

2017 3324 2097 3370 Ac
2118 3314 2212 3370 ille
2243 3314 2489 3386 quidem
2521 3320 2810 3369 certantes
2848 3314 3078 3370 honore
3135 3315 3336 3384 afﬁcit,
3397 3318 3494 3373 hic
3534 3334 3675 3375 vero

2020 3412 2315 3477 potantes.
2341 3407 2406 3460 Et
2439 3403 2583 3458 illud
2610 3403 2858 3475 quidem
2908 3406 3103 3473 magis
3146 3406 3225 3461 ad
3269 3414 3552 3464 naturam
3575 3425 3673 3464 ac-

2019 3494 2169 3560 cedi,
2203 3492 2361 3549 istud
2379 3509 2515 3548 vero
2542 3498 2910 3564 postremum
2939 3499 3026 3549 est
3046 3495 3478 3566 turpissimum.
3512 3500 3677 3553 Nun-

2018 3584 2164 3656 quid
2211 3583 2389 3651 igitur
2466 3581 2631 3654 quod
2692 3587 2908 3638 natura
2964 3590 3194 3640 constat
3260 3591 3346 3641 est
3396 3593 3679 3658 praestan-

2021 3676 2136 3727 tius
2167 3687 2238 3726 eo
2268 3670 2430 3743 quod
2456 3670 2747 3742 positione
2769 3671 2797 3725 ?
2828 3674 2991 3728 Certe
3014 3674 3405 3746 compellente
3434 3678 3677 3733 veritate

2020 3760 2267 3834 quilibet
2319 3759 2619 3815 fatebitur.
2678 3762 2826 3816 Sunt
2874 3767 3075 3817 autem
3124 3764 3304 3819 etiam
3352 3764 3471 3820 alia
3517 3783 3678 3839 quae-

2022 3851 2164 3906 dam
2196 3865 2330 3922 qua:
2366 3850 2586 3921 partim
2615 3865 2755 3904 cum
2785 3850 2877 3905 his
2936 3851 3254 3919 cohaerent,
3324 3857 3540 3925 partim
3600 3856 3679 3913 ab

2020 3939 2231 3995 iisdem
2265 3936 2567 3994 differunt.
2614 3940 2679 3994 Ut
2704 3954 2802 3994 ars
2855 3939 3111 3995 ducendi
3176 3943 3501 4000 exercitum
3555 3946 3681 4017 pri-

2021 4045 2136 4084 mae
2168 4027 2642 4084 architectonicas
2673 4033 2759 4082 est
2787 4029 3081 4100 proxima.
3116 4030 3338 4086 Deinde
3361 4034 3679 4091 medicina.

2023 4121 2172 4173 Nam
2203 4117 2327 4172 haec
2355 4131 2599 4188 quoque
2633 4116 2909 4172 homines
2939 4117 3268 4189 plurimum
3289 4120 3481 4191 juvat.
3515 4126 3681 4193 Agri-

2023 4207 2255 4262 cultura
2278 4222 2418 4261 vero
2440 4207 2910 4261 estcommunis.
2931 4208 3013 4262 Ac
3035 4208 3084 4262 si
3101 4210 3237 4280 quis
3255 4211 3683 4282 agriculturam

2024 4313 2096 4351 ex
2125 4295 2281 4351 veris
2318 4294 2648 4350 rationibus
2678 4295 3036 4366 consideret,
3067 4297 3309 4369 plenam
3339 4302 3684 4359 eruditionis

2026 4402 2158 4441 esse
2198 4384 2542 4456 comperiet.
2590 4386 2772 4440 Nemo
2824 4400 2965 4441 vero
2996 4385 3336 4443 oﬂendatur
3392 4406 3462 4445 eo
3518 4392 3687 4461 quod

2031 4474 2295 4544 agricola
2324 4474 2582 4528 rationes
2604 4488 2727 4528 non
2754 4473 2917 4529 novit
2941 4493 2953 4542 ;
2980 4475 3027 4529 is
3052 4478 3250 4546 potius
3293 4484 3481 4534 artem
3537 4482 3690 4551 agri-

2032 4563 2279 4619 cultum
2301 4578 2371 4617 ex
2390 4562 2618 4618 ratione
2638 4562 2919 4618 exsistere
2938 4563 3252 4634 diligenter
3269 4573 3449 4624 notet.
3475 4572 3690 4635 Quem-

2032 4651 2366 4711 admodum
2393 4652 2554 4706 enim
2584 4667 2679 4706 ars
2709 4651 3118 4721 gubernanda;
3171 4656 3343 4711 navis
3378 4658 3690 4730 signorum

2034 4742 2435 4813 cognitionem
2463 4756 2499 4795 a
2534 4740 2731 4813 prima
2762 4742 3011 4814 accepit,
3053 4760 3312 4816 quorum
3362 4751 3562 4804 tamen
3600 4767 3693 4808 ra-

2032 4833 2258 4888 tionem
2283 4829 2531 4885 reddere
2579 4829 2805 4902 nequit,
2836 4831 2916 4886 ita
2942 4832 3122 4887 etiam
3154 4835 3419 4903 agricola
3441 4854 3477 4893 a
3498 4840 3695 4910 prima

2032 4921 2133 4977 illa
2163 4920 2425 4985 scientia,
2458 4925 2520 4974 ut
2570 4924 2662 4974 est
2690 4935 2953 4991 necesse,
2996 4920 3330 4980 doctrinam
3390 4928 3694 4985 actionum

2032 5011 2260 5083 accepit
2288 5026 2300 5063 :
2334 5009 2456 5078 agit
2480 5014 2680 5063 autem
2700 5009 2957 5064 rationes
2984 5026 3105 5066 non
3136 5012 3522 5083 investigans.
3546 5017 3697 5075 Nam

2032 5100 2229 5173 prima
2259 5098 2507 5153 scientia
2536 5098 2886 5153 certissimis
2919 5104 2976 5155 et
3006 5100 3336 5157 verissimis
3366 5106 3699 5164 conclusio-

2031 5188 2210 5243 nibus
2272 5187 2430 5243 hanc
2480 5192 2671 5242 artem
2724 5187 2976 5243 confecit
3034 5188 3182 5246 Cum
3233 5198 3435 5249 autem
3485 5194 3700 5267 vulgus

2030 5277 2188 5332 hanc
2228 5280 2417 5332 artem
2474 5290 2747 5330 exercere
2810 5276 2996 5347 vellet,
3062 5280 3367 5337 sententiae
3415 5283 3702 5354 quaedam

2032 5367 2109 5423 ab
2131 5366 2417 5422 omnibus
2445 5371 2720 5437 receptae,
2746 5364 2824 5420 ab
2850 5365 2948 5421 illa
2980 5368 3173 5439 prima
3221 5371 3468 5427 scientia
3526 5385 3709 5445 quasi

2030 5472 2137 5529 per
2164 5471 2382 5511 manus
2417 5454 2648 5510 traditae
2677 5461 2732 5509 et
2767 5454 2847 5509 ad
2869 5462 3141 5527 posteros
3163 5468 3515 5532 propagatae
3543 5470 3703 5536 sunt,

2034 5562 2285 5618 quarum
2301 5544 2538 5617 quidem
2562 5546 2981 5600 sententiarum
3009 5547 3269 5603 rationes
3296 5565 3466 5605 nemo
3489 5559 3711 5611 scruta-

2042 5638 2427 5693 tur.Testatur
2442 5634 2620 5689 etiam
2637 5633 2925 5689 Hesiodus
2940 5642 3118 5707 poeta
3130 5643 3320 5694 artem
3335 5641 3712 5712 agriculturae

2043 5731 2111 5782 ut
2147 5731 2205 5782 et
2223 5741 2436 5782 omnes
2456 5729 2635 5794 artes,
2666 5739 2703 5779 a
2729 5724 2925 5797 prima
2953 5724 3058 5783 ilta
3089 5727 3342 5788 scientia
3384 5746 3671 5791 manasse
3696 5752 3714 5804 ;
