4444 6452
826 425 961 481 1359
2339 412 2574 471 ADDEN

2471 412 2697 473 DENDA.
4102 418 4226 475 i360

821 549 1089 619 ὑπόθεσιν,
1126 567 1216 599 και
1245 564 1363 618 περι
1392 562 1481 617 μεν
1509 543 1702 603 ταύτης
1737 541 1791 604 ἐς
1842 544 2014 597 τόσον.
2073 541 2307 612 Εἵπωμεν
2362 536 2421 591 δὲ
2478 542 2525 594 Α
2585 544 2940 613 φυσικωτέραν
3010 547 3198 617 κρᾶσιν
3272 544 3515 594 κοινωνία
3568 544 3658 593 καὶ
3743 540 3935 613 μᾶλλον
4026 544 4194 614 αγαθή

820 642 939 710 περὶ
973 638 1040 687 ὧν
1072 637 1460 707 ύπεσχέθημεν.
2584 636 2676 691 τῆς
2696 633 2849 702 μόνον
2879 633 3011 683 κατὰ
3037 637 3225 704 κρᾶσιν
3253 636 3344 683 καὶ
3376 632 3537 685 θέσιν.
3577 628 3716 682 Ἴσοι
3770 632 3872 703 γὰρ
3940 637 4001 702 τῇ
4073 638 4193 702 τιμῇ

893 723 1286 798 η’,Στρατηγία
1319 725 1408 794 μὲν
1447 718 1534 773 οὖν
1582 724 1743 793 τέχνη
1796 718 1927 777 καλὴ
1976 723 2062 771 καὶ
2124 721 2417 793 πρωτίστη,
2582 715 2748 788 οὗτοι,
2819 720 2928 772 ἐπεὶ
3009 719 3269 793 βασιλεῖς,
3339 718 3442 771 ἀλλ’
3495 721 3519 771 6
3586 723 3675 791 μεν
3728 720 4055 792 μεγαλοφυης
4113 729 4197 777 καὶ

818 817 1161 884 χρυσοχοίκὴ
1197 809 1256 863 δὲ
1284 814 1518 884 περιττή.
1549 815 1790 862 Κοινωνεί
1819 805 1878 860 δὲ
1930 814 2096 878 Κῦρος
2151 808 2241 877 μὲν
2304 822 2422 855 παι⁸
2581 807 2913 879 μεγαλοφυὼν
2933 813 3193 871 κοινωνὸς,
3236 812 3261 861 6
3317 805 3376 861 δὲ
3423 813 3700 883 μικρόνους
3747 814 3837 861 καὶ
3881 808 4196 866 κωπηλικῶν

820 897 938 973 δείᾳ
966 910 1038 971 τῷ
1062 901 1234 971 οἰκείῳ
1267 901 1620 974 στρατεύματι
1678 893 1953 950 διδάσκων
2003 895 2129 948 αύτὸ
2171 897 2227 946 τὸ
2282 892 2419 944 λιτὸν
2581 901 2822 958 κοινωνός
2854 917 2867 931 ·
2903 897 3204 971 ὠνόμασται
3233 899 3334 970 γὰρ
3391 916 3514 949 ποτε
3572 901 3660 948 καὶ
3711 900 3963 971 Τραῑανός
4019 900 4188 968 πατὴρ

816 996 906 1043 καὶ
978 994 1104 1064 πρὸς
1149 991 1391 1063 περιττὰς
1437 986 1711 1058 ἀπέριττον
1775 990 2024 1058 χρήσεις.
2088 990 2310 1058 Κροῖσος
2360 977 2418 1032 δὲ
2583 980 2677 1037 διὰ
2701 989 2759 1037 τὸ
2791 984 3005 1057 ἀγαθὸν,
3040 991 3212 1059 Νέρων
3237 982 3297 1039 δὲ
3347 988 3544 1061 θηρίον,
3592 985 3787 1057 Ξέρξης
3844 982 3903 1039 δὲ
3941 984 4192 1050 κάπηλος,

816 1078 1098 1132 Πακτωλοῦ
1125 1079 1276 1153 ῥύσει
1312 1076 1470 1130 πολὺν
1523 1078 1878 1150 συναθροίσας
1930 1076 2159 1148 χρυσὸν,
2193 1078 2419 1124 ποιεῖται
2581 1074 2661 1126 ὅτι
2736 1077 2865 1147 ἄγαν
2914 1079 2963 1127 ἐν
3013 1084 3085 1146 τῷ
3169 1078 3262 1137 τὰς
3339 1078 3515 1146 φύσεις
3582 1074 3888 1133 καπηλεύειν
3950 1076 4195 1127 ἑθεοττοίει

813 1172 944 1241 πρὸς
972 1173 1318 1243 χρυσοχόους
1347 1169 1437 1227 τὰς
1478 1170 1762 1231 κοινωνίας,
1797 1161 1890 1216 διὰ
1926 1167 2009 1216 τὸν
2059 1163 2417 1235 μακαρισμὸν,
2582 1163 2757 1231 αὑτὸν,
2827 1162 3115 1225 πλατάνους
3178 1166 3586 1227 κατασκευάζων
3652 1169 3860 1237 χρυσᾶς
3917 1162 4193 1235 εύφυλλού·

813 1253 971 1329 οὗπερ
994 1257 1087 1309 ούκ
1136 1256 1329 1319 ἠξιώθη
1365 1253 1459 1306 κᾶν
1492 1256 1635 1328 παρὰ
1692 1252 1929 1319 Σόλωνος,
1984 1258 2221 1326 χρυσοῦς
2277 1268 2419 1310 τινας
2583 1271 2695 1320 σας,
2745 1254 2774 1312 ἢ
2854 1253 3044 1327 μᾶλλον
3123 1257 3215 1306 σύν
3293 1252 3433 1323 αύτῷ
3498 1254 3690 1324 τάχιον
3758 1251 4191 1327 φυλλοῤῥοούσαςο

810 1341 1065 1418 τρίποδας
1105 1344 1511 1404 κατασκευάζων
1570 1347 1660 1395 καὶ
1725 1342 1990 1402 πλίνθους.
2053 1346 2249 1414 Κρᾶσις
2308 1333 2415 1396 ἤδη
2578 1341 2737 1395 ’Ὼστε
2819 1342 2945 1394 αύτό
3021 1344 3156 1395 θέσει
3230 1343 3344 1394 τινα
3402 1344 3596 1393 τούτων
3655 1342 3685 1400 ἡ
3734 1341 3913 1416 ἑτέρων
3971 1344 4063 1392 καί
4114 1360 4192 1393 τοι

814 1436 1016 1495 τούτοις
1053 1453 1145 1485 και
1185 1438 1447 1485 κονωνίᾰ·
1480 1437 1571 1484 καὶ
1628 1433 1657 1490 ἡ
1717 1434 1808 1503 μὲν
1867 1433 2215 1502 φυσικωτέρα,
2276 1428 2306 1485 ἡ
2366 1419 2419 1480 δ’
2581 1436 2779 1506 μυρίων
2822 1434 2977 1483 ὄντων
3052 1427 3291 1498 ἐδόξασε,
3360 1428 3454 1481 κᾶν
3508 1426 3788 1493 ἐδοξάζετο
3836 1431 3995 1498 θέσει,
4064 1428 4191 1480 ἀλλὰ

810 1522 937 1580 άλλη
962 1522 1011 1583 ἐς
1048 1527 1201 1575 τόσον
1257 1520 1471 1594 βασιλεῖ
1526 1519 1775 1594 ἀπρεπής.
1831 1522 1900 1572 T6
1954 1520 2046 1591 μὲν
2102 1521 2203 1590 γὰρ
2259 1513 2416 1569 διδά-
2579 1523 2637 1572 τὸ
2667 1522 2838 1592 φύσει,
2870 1521 2991 1593 ὅπερ
3033 1524 3122 1571 καὶ
3161 1524 3332 1591 τίμιον
3388 1523 3477 1571 καὶ
3529 1523 3723 1592 κυρίως
3778 1522 3864 1570 καὶ
3920 1514 4191 1571 ἰδιαίτατα

812 1631 954 1665 σκειν
983 1616 1041 1664 1'6
1078 1613 1377 1686 στράτευμα
1404 1615 1491 1663 τὸν
1545 1610 1769 1683 βασιλέα
1816 1613 2091 1685 καρτερίας
2122 1603 2418 1679 ὑπόδειγμα
2578 1614 2909 1682 τιμιώτατον.
2971 1609 3096 1683 Ἐρᾴ
3152 1605 3211 1661 δὲ
3257 1613 3348 1660 καὶ
3415 1606 3675 1680 βασιλεως
3753 1608 3982 1679 ὑφάντης
4032 1614 4187 1660 τοῦτο

811 1700 988 1753 ἑαυτὸν
1019 1697 1323 1754 δεικνύοντα
1370 1699 1671 1773 φιλόσοφον.
1729 1702 1954 1751 Βασιλέα
2007 1700 2110 1770 γὰρ
2161 1696 2219 1749 ού
2266 1696 2413 1763 λαοῦ,
2580 1702 2834 1770 φυσικόν·
2865 1696 3112 1770 ἀνάγεται
3167 1700 3268 1772 γὰρ
3327 1700 3386 1749 τὸ
3445 1696 3721 1769 ἐλάχιστον
3768 1700 3895 1771 πρὸς
3940 1700 3999 1749 τὸ
4050 1695 4186 1765 ὅλον,

809 1788 939 1842 ἀλλὰ
971 1794 1065 1842 σὺν
1089 1793 1256 1861 τούτῳ
1300 1794 1391 1842 καὶ
1443 1797 1543 1841 τῶν
1594 1790 1772 1841 παθῶν
1826 1788 1981 1840 αὐτὸν
2035 1783 2299 1839 δείκνυσιν
2329 1785 2418 1849 ’ἐξ
2580 1792 2668 1840 καὶ
2700 1786 2951 1860 βασιλεύς
2991 1783 3312 1859 ἀποδέχεται
3365 1784 3622 1849 λιθοξόον.
3677 1791 3841 1839 Τοῦτο
3898 1784 4189 1858 φιλάνθρω-

808 1879 868 1930 οὗ
928 1881 1208 1949 συνάγεται
1262 1879 1342 1930 ὅτι
1399 1876 1635 1950 βασιλεῖς
1691 1878 1869 1930 παθῶν
1925 1880 2042 1937 τούς
2104 1877 2205 1928 ύπό
2257 1882 2416 1947 χεῖρα
2482 1885 2523 1941 Β
2578 1896 2673 1930 πον
2711 1898 2723 1910 ·
2760 1882 2895 1950 φέρει
2925 1879 3026 1950 γὰρ
3065 1880 3124 1928 1'6
3177 1875 3291 1928 ὅλον
3336 1878 3403 1928 τὰ
3436 1879 3590 1950 μέρη.
3659 1880 3928 1933 Σκόπησον
3994 1871 4056 1927 δὲ
4108 1877 4191 1927 ὅτι

806 1974 969 2019 ποιεῖν
1023 1965 1199 2022 ἐθέλει.
1249 1965 1317 2019 Ὢ
1368 1974 1460 2019 τοῦ
1505 1973 1845 2040 μακαρισμοῦ
1880 1964 1984 2019 !T6
2048 1961 2106 2018 δὲ
2157 1962 2415 2039 τρίποδας
2580 1967 2761 2040 ἔλλογα
2787 1975 2990 2020 ταῦτα·
3022 1966 3115 2019 ούκ
3168 1963 3308 2019 εἷπον
3360 1970 3461 2041 γὰρ
3516 1968 3597 2019 ὅτι
3643 1972 3876 2018 κοινωνεῖ
3928 1963 4193 2038 βασιλέως

805 2057 1211 2118 κατασκευάζειν
1271 2064 1513 2128 χρυσοῦς
1550 2061 1638 2108 καὶ
1681 2054 1920 2116 πλίνθους
1960 2059 2050 2107 καὶ
2080 2053 2195 2114 ὅλας
2224 2053 2413 2126 λαμίας
2579 2060 2823 2131 ὑφάντης,
2852 2056 2955 2109 ἀλλ’
2993 2058 3074 2110 ὄτι
3117 2055 3229 2129 ἐρᾷ,
3285 2055 3390 2109 ἀλλ’
3442 2053 3566 2109 οὐδὲ
3616 2055 3868 2129 βασιλεὺς
3906 2063 3999 2109 τοῦ
4051 2056 4192 2108 λιθο-

804 2152 1035 2219 χρυσοῦ,
1120 2145 1462 2216 ὑφασμάτων,
1541 2147 1824 2218 μαργάρων
1924 2142 2203 2217 ἐμπιπλᾴν,
2292 2146 2415 2195 οὔτε
2580 2148 2698 2211 ξόου
2756 2147 2863 2200 ἀλλ’
2913 2143 3236 2219 ἀποδέχεται
3283 2148 3414 2199 ὥστε
3469 2149 3527 2198 1'6
3610 2142 3999 2217 ἀποδέχεσθαι,
4053 2149 4193 2206 τινος

804 2233 986 2285 ἑαυτὸν
1018 2232 1243 2306 βασιλέα
1274 2230 1537 2286 δείκνυσιν
1569 2235 1594 2286 ὁ
1654 2241 1806 2286 τοῦτο
1858 2242 2038 2304 ποιῶν,
2087 2236 2202 2285 οὔτε
2256 2230 2414 2305 βασι·
2577 2236 2689 2290 ἐστι
2744 2241 2833 2289 καὶ
2905 2236 3009 2307 οὐχ
3067 2236 3185 2296 ὅλης
3259 2243 3351 2296 τῆς
3408 2240 3688 2296 κοινωνίας.
3748 2233 3917 2287 Ὅπου
3975 2236 4079 2307 γὰρ
4132 2238 4190 2286 τὸ

801 2321 918 2382 λεας
944 2329 1062 2374 ποεῖ
1082 2328 1203 2384 τοὺς
1262 2320 1719 2395 βασιλευομένους,
1775 2331 1957 2375 πασῶν
2005 2319 2208 2380 ἡδονῶν
2267 2318 2327 2374 δέ
2354 2340 2413 2392 γε
2576 2328 2872 2378 κοινωνικὸν
2954 2326 3114 2396 ὄνομα
3192 2331 3380 2390 κεῖται,
3460 2327 3554 2383 τὴν
3632 2331 3729 2376 τῶν
3808 2325 4190 2375 κοινωνούντων

800 2415 889 2462 καὶ
917 2410 1148 2482 μάλιστα
1178 2406 1418 2473 δούλους.
1453 2410 1596 2464 Ἵσθι
1628 2408 1688 2463 δὲ
1734 2416 1824 2464 καὶ
1877 2414 1935 2463 τό
1977 2410 2116 2471 τὲλος
2168 2419 2267 2462 τῶν
2314 2411 2411 2483 ἀμ·
2577 2411 2849 2475 δηλοποιεῖ
2913 2417 3234 2487 συμφωνίαν,
3314 2419 3555 2473 Τοιοῦτος
3623 2414 3725 2487 γάρ
3798 2410 3911 2465 ἔστι
3968 2412 4192 2475 ἕκαστος

799 2503 1039 2572 φοτέρων,
1097 2503 1287 2552 πιστὸν
1350 2500 1416 2561 εἰς
1470 2496 1738 2563 ἀπόδειξιν
1804 2501 1830 2553 ὃ
1887 2506 1977 2553 καὶ
2023 2497 2311 2574 πρόδηλον.
2350 2500 2408 2552 Ὀ
2574 2502 2754 2577 οἷσπερ
2794 2501 2978 2563 ἣδεται
3006 2504 3190 2570 ξυνὼν,
3223 2504 3291 2565 ὡς
3317 2507 3407 2555 καὶ
3456 2505 3515 2554 τὸ
3571 2501 3712 2573 φίλος
3748 2505 3801 2553 τί
3851 2499 3994 2554 ἐστιν
4034 2501 4190 2563 ἄλλος

795 2591 886 2658 μὲν
916 2591 1014 2662 γὰρ
1045 2588 1100 2640 ἐκ
1129 2596 1321 2663 μικροῦ
1348 2594 1506 2661 μέγας
1534 2586 1628 2642 δ’ιά
1648 2593 1705 2642 τό
1748 2589 1953 2661 ἔλλογον
1986 2588 2086 2642 ἀπὸ
2126 2592 2355 2664 περάτων
2390 2610 2403 2623 '
2572 2595 2729 2656 αὐτός
2784 2615 2796 2628 ι
2838 2600 3066 2646 κοινωνεί
3114 2596 3203 2665 μὲν
3265 2594 3364 2664 γὰρ
3418 2598 3525 2653 τοῖς
3584 2592 3801 2662 ὁμοίοις,
3856 2586 4188 2661 ἀποδέχεται

793 2679 888 2739 ἕως
914 2680 1148 2752 περάτων
1210 2698 1222 2712 ο
1276 2680 1301 2731 ὁ
1361 2675 1421 2731 δε
1478 2676 1697 2741 ἰδιώτης
1737 2684 1827 2732 καὶ
1879 2681 2118 2751 ἄχρυσος
2164 2684 2254 2732 καὶ
2302 2677 2404 2732 ἀπὸ
2573 2679 2631 2736 δὲ
2658 2688 2748 2735 καί
2775 2702 2897 2736 ποτε
2925 2685 2991 2735 τὰ
3045 2686 3116 2755 μὴ
3169 2683 3324 2755 ὅμοιά
3368 2700 3470 2750 τις,
3526 2680 3631 2732 οἷον
3692 2680 3847 2732 ἶππον
3897 2679 3927 2739 ἦ
3969 2678 4101 2752 βοῦν
4154 2681 4184 2738 ἡ

790 2768 1025 2842 περάτων
1097 2771 1187 2820 καὶ
1244 2768 1478 2842 περάτων
1532 2769 1623 2831 ἕως
1686 2776 1935 2842 στιγμῆς,
2000 2769 2136 2829 ᾧστε
2188 2770 2218 2827 ἡ
2267 2771 2405 2822 κατά
2570 2780 2721 2830 κῦνα.
2756 2768 2949 2835 Ούδεὶς
2973 2773 3074 2846 γὰρ
3115 2776 3348 2823 κοινωνεῖ
3403 2771 3543 2839 ἵππῳ
3594 2772 3716 2840 τινὶ,
3772 2772 3862 2820 καὶ
3919 2763 4092 2828 οὐδεὶς
4127 2765 4187 2819 ού

786 2988 933 3028 nam
963 2976 1257 3044 tempora,
1275 2972 1459 3044 locos,
1478 2974 1760 3043 rationes,
1778 2979 1836 3030 et
1859 2990 1953 3030 res
1984 2978 2296 3039 scrutatur,
2317 2976 2444 3049 qui-
2485 2976 2526 3029 C
2556 2976 2703 3033 alter
2726 2991 2868 3033 vero
2899 2991 2935 3031 a
2963 2973 3081 3030 ﬁne
3104 2977 3161 3030 et
3180 2974 3301 3030 ﬁne
3326 2987 3523 3046 usque
3545 2972 3623 3029 ad
3644 2975 3936 3045 punctum
3970 2988 3983 3026 :
4027 2969 4220 3027 idiota

782 3061 900 3118 bus
936 3062 1305 3132 investigatis
1341 3063 1679 3119 doctrinam
1717 3064 2052 3135 quamdam
2087 3064 2444 3122 nobiliorem
2554 3070 2611 3121 et
2639 3065 2770 3121 auri
2808 3080 3021 3137 expers
3046 3064 3250 3119 evasit.
3287 3064 3481 3128 Quare
3530 3061 3879 3117 communio
3926 3059 4029 3117 illa
4078 3076 4220 3133 quae

782 3152 982 3208 tradit.
1003 3152 1197 3208 Hocin
1218 3153 1887 3226 praesentiaexemplum
1913 3154 2443 3227 proponerevolui-
2551 3158 2641 3209 est
2696 3169 2769 3209 ex
2838 3152 3267 3224 temperatione
3336 3148 3612 3215 naturali,
3668 3147 3858 3205 multo
3905 3148 4125 3205 melior
4163 3152 4223 3204 et

778 3257 938 3298 mus.
959 3245 1040 3296 Ac
1060 3240 1135 3297 de
1155 3240 1517 3310 agricultura
1538 3242 1785 3315 quidem
1809 3243 2125 3299 hactenus.
2163 3244 2439 3299 Dicamus
2547 3242 2927 3315 praestantior
2974 3244 3063 3296 est
3109 3256 3201 3307 ea,
3234 3255 3371 3311 quae
3411 3244 3501 3294 est
3553 3253 3626 3293 ex
3681 3237 4121 3310 temperatione
4161 3242 4221 3293 et

776 3345 921 3386 vero
938 3329 1013 3386 de
1036 3330 1168 3398 illis,
1191 3330 1266 3385 de
1287 3330 1509 3402 quibus
1529 3347 1641 3387 nos
1659 3332 1921 3387 dicturos
1942 3331 2185 3404 polliciti
2205 3349 2434 3389 sumus.
2547 3331 2989 3388 constitutione.
3018 3334 3166 3386 Nam
3183 3344 3353 3400 reges
3378 3328 3470 3383 isti
3493 3328 3721 3383 honore
3750 3332 3890 3382 sunt
3919 3326 4217 3399 aequales.

849 3423 899 3474 8.
925 3425 1032 3474 Ars
1061 3418 1239 3489 igitur
1267 3419 1526 3475 ducendi
1580 3421 1902 3477 exercitum
1953 3421 2206 3478 honesta
2243 3426 2336 3478 est
2382 3428 2439 3479 et
2547 3420 2661 3477 Sed
2689 3436 2842 3476 unus
2860 3425 2951 3476 est
2979 3418 3404 3490 magnanimus
3422 3434 3492 3473 ac
3508 3417 3693 3483 fortis,
3715 3416 4218 3485 etmaguonimo-

775 3507 1085 3580 prteclara,
1140 3513 1199 3565 at
1248 3524 1346 3564 ars
1395 3508 1712 3565 auriﬁcum
1760 3515 1849 3565 est
1892 3510 2215 3582 superﬂua.
2251 3510 2434 3568 Porro
2543 3526 2677 3565 rum
2698 3526 2769 3567 ac
2788 3510 3029 3566 fortium
3050 3507 3460 3575 socius;alter
3479 3522 3621 3562 vero
3642 3512 3731 3561 est
3751 3506 3995 3575 angusti
4017 3506 4214 3562 animi

774 3598 962 3668 Cyrus
994 3613 1132 3653 cum
1165 3613 1276 3653 suo
1305 3598 1566 3653 exercitu
1596 3598 1944 3654 eruditionis
1982 3604 2210 3655 ratione
2265 3615 2430 3656 com-
2541 3603 2599 3655 et
2627 3616 2975 3672 cauponum
3014 3599 3232 3654 socius.
3258 3600 3321 3652 Et
3349 3596 3641 3667 Trajanus
3670 3595 3816 3651 olim
3860 3595 4212 3667 appellatus

770 3686 1060 3753 municat,
1087 3686 1527 3758 docensipsam
1553 3686 1954 3756 frugalitatem
1980 3686 2120 3742 etin
2172 3702 2288 3741 usu
2326 3702 2430 3741 su-
2539 3692 2627 3744 est
2671 3694 2838 3760 pater
2874 3692 3118 3760 propter
3182 3687 3533 3750 bonitatem,
3576 3688 3726 3740 Nero
3782 3679 3928 3750 fera,
3988 3686 4211 3739 Xerxes

769 3775 1003 3846 perﬂuo
1024 3774 1524 3831 moderationem.
1550 3777 1785 3832 Croesus
1824 3781 2047 3841 autem,
2090 3792 2161 3832 ex
2194 3774 2429 3831 Pactolo
2538 3793 2758 3849 caupo,
2802 3777 3095 3849 quoniam
3140 3779 3389 3831 naturas
3443 3788 3644 3828 rerum
3689 3771 4103 3844 cauponando
4146 3788 4212 3828 se

770 3879 997 3933 magna
1027 3864 1081 3919 vi
1120 3864 1251 3919 auri
1282 3863 1548 3930 collecta,
1601 3865 1905 3921 constituit
1934 3866 2428 3921 communionem
2539 3869 2657 3922 Deo
2679 3882 2887 3939 parem
2922 3865 3168 3921 reddere
3189 3864 3430 3921 volebat
3463 3881 3475 3919 :
3506 3878 3640 3917 cum
3675 3861 3953 3933 platanos
3985 3878 4215 3919 aureas

770 3969 909 4008 cum
936 3952 1309 4021 auriﬁcibus,
1341 3954 1455 4009 hoc
1478 3952 1662 4009 modo
1702 3952 1950 4010 beatum
1995 3971 2057 4010 se
2086 3954 2213 4010 fore
2238 3954 2430 4011 exisli-
2538 3954 2650 4009 sibi
2708 3954 3115 4010 conficiendas
3188 3956 3424 4009 curaret
3472 3949 3803 4006 virentibus
3860 3949 4038 4018 foliis,
4102 3968 4216 4008 seu

767 4058 968 4099 mans.
999 4044 1129 4108 Qua
1175 4047 1379 4099 tamen
1437 4042 1739 4110 beatitate,
1788 4059 1977 4115 quam
2026 4043 2310 4117 sperabat
2363 4060 2428 4101 se
2537 4044 2733 4117 potius
2754 4061 2892 4101 cum
2924 4045 3057 4117 ipso
3088 4043 3284 4100 ﬂuxis.
3307 4044 3503 4107 Quare
3523 4040 3689 4111 illud,
3721 4039 3889 4113 quod
3909 4041 4215 4097 constitu-

766 4137 1253 4198 consecuturum,
1287 4148 1324 4188 ο.
1355 4131 1569 4188 Solone
1594 4132 1814 4203 dignus
1842 4148 1967 4189 non
1996 4138 2084 4189 est
2100 4133 2424 4204 judicatus,
2537 4134 2696 4191 tione
2728 4140 2962 4191 constat
2982 4140 3261 4191 neutrum
3292 4132 3531 4188 illorum
3560 4147 3797 4202 regum,
3840 4147 4039 4202 neque
4064 4132 4220 4189 alio-

768 4237 907 4275 cum
932 4220 1193 4293 tripodes
1233 4220 1535 4293 quosdam
1560 4236 1776 4277 aureos
1824 4226 1880 4278 et
1928 4221 2143 4278 lateres
2180 4239 2425 4295 quoque
2533 4240 2669 4279 rum
2700 4223 3017 4280 hominum
3064 4222 3344 4296 quamvis
3389 4220 3779 4286 inﬁnitorum,
3824 4236 4218 4294 quemquam

765 4325 983 4364 aureos
1017 4309 1129 4365 sibi
1151 4309 1557 4366 conﬁciendos
1578 4314 1831 4366 curaret.
1877 4311 2170 4382 Estigitur
2198 4312 2259 4367 in
2294 4329 2423 4368 am-
2459 4337 2503 4391 D
2534 4313 2863 4384 gloriosum
2894 4313 3173 4370 reddidit.
3218 4312 3332 4369 Sed
3381 4311 3477 4366 fac
3522 4309 3851 4381 gloriosum
3893 4310 4072 4366 reddi
4104 4312 4216 4368 ali-

761 4399 962 4455 bobus
984 4400 1333 4472 temperatio
1346 4416 1415 4456 ac
1434 4400 1919 4471 communicatio,
1946 4416 2016 4456 ac
2039 4418 2159 4458 una
2182 4402 2421 4474 quidem
2531 4419 2713 4475 quem
2736 4419 2807 4459 eo
2832 4403 3000 4476 quod
3027 4401 3319 4475 positione
3346 4404 3579 4456 constat
3604 4398 3792 4455 multo
3833 4399 4031 4469 magis
4056 4416 4215 4458 sane

762 4490 960 4560 magis
986 4491 1058 4545 ad
1080 4495 1360 4546 naturam
1390 4490 1639 4553 accedit,
1689 4491 1873 4547 altera
1904 4508 2040 4548 vero
2074 4508 2278 4563 regem
2298 4510 2422 4551 non
2530 4507 2602 4547 eo
2627 4491 2794 4566 quod
2832 4497 3050 4549 natura
3087 4497 3175 4548 est
3203 4496 3259 4547 et
3300 4493 3555 4559 constat,
3609 4487 3777 4561 quod
3824 4503 3950 4544 non
3998 4489 4212 4548 solum

762 4580 953 4637 decet.
982 4583 1078 4636 Est
1102 4581 1263 4636 enim
1302 4581 1459 4651 regis
1492 4580 1706 4637 docere
1761 4582 2085 4639 exercitum
2116 4587 2421 4641 continen-
2528 4580 2757 4638 honore
2782 4580 3037 4653 dignum
3063 4585 3171 4646 est,
3201 4579 3307 4636 sed
3329 4579 3509 4636 etiam
3538 4579 3601 4634 in
3636 4577 3844 4650 primis
3890 4578 4208 4653 longeque

760 4670 908 4725 tiam
934 4676 989 4725 et
1011 4669 1457 4737 abstinentiam,
1499 4670 1764 4742 seipsum
1822 4670 2110 4728 exhibens
2164 4673 2422 4745 philoso-
2524 4671 3201 4742 dignissimum.’l‘extor
3224 4675 3424 4727 autem
3448 4673 3614 4726 amat
3632 4670 4207 4740 regemznimirum

760 4759 974 4830 phum.
1004 4762 1152 4814 Nam
1180 4775 1304 4816 non
1333 4759 1532 4815 solum
1561 4759 1769 4831 populi
1817 4776 2018 4830 regem
2080 4762 2188 4817 sed
2238 4764 2420 4820 etiam
2527 4758 2642 4816 hoc
2673 4766 2761 4817 est
2790 4760 3080 4827 naturale,
3114 4776 3253 4816 cum
3276 4757 3443 4824 illud,
3497 4758 3666 4830 quod
3715 4762 3803 4813 est
3840 4758 4203 4831 minimum,

759 4848 1279 4921 perturbationum
1311 4866 1374 4906 se
1394 4849 1654 4905 ostendit
1678 4866 1691 4917 ;
1711 4865 1784 4905 ex
1804 4865 1925 4922 quo
1950 4849 2016 4907 ﬁt
2044 4850 2248 4923 ipsum
2270 4853 2420 4910 velle
2528 4849 2605 4906 ad
2628 4853 2819 4906 totum
2867 4850 3179 4906 referatur.
3208 4851 3322 4905 Rex
3372 4863 3616 4921 quoque
3644 4846 3974 4919 lapicidam
4005 4852 4208 4906 susci-

758 4954 1001 5009 quoque
1020 4954 1162 4994 suos
1182 4938 1397 4994 milites
1423 4937 1944 5011 perturbationum
1960 4956 2132 5010 reges
2150 4941 2409 5000 efﬁcere.
2526 4940 2632 5012 pit,
2652 4940 2936 4996 nimirum
2954 4940 3070 4996 hoc
3091 4939 3429 4995 humanum
3451 4942 3559 4993 est.
3586 4939 3736 4992 Nam
3776 4942 3968 4994 totum
3990 4946 4208 5012 partes

758 5029 801 5083 Ο
834 5043 1040 5083 veram
1063 5028 1407 5085 beatitatem
1438 5028 1450 5084 Ξ
1492 5029 1674 5100 Atqui
1703 5029 1966 5101 tripodes
1985 5030 2275 5088 etlateres
2308 5049 2415 5090 au-
2527 5046 2668 5086 suas
2697 5046 2820 5087 non
2851 5029 3074 5101 abjicit.
3103 5028 3426 5085 Considera
3463 5042 3606 5083 vero
3644 5042 3834 5099 quam
3866 5026 4023 5085 bene
4066 5030 4212 5088 haec

754 5132 890 5173 reos
910 5116 1069 5185 facit,
1102 5123 1157 5174 et
1185 5118 1497 5175 conclavia
1523 5119 1655 5190 ipsa
1697 5119 1861 5175 omni
1901 5135 1974 5175 ex
2021 5126 2191 5192 parte
2242 5140 2411 5194 auro,
2524 5136 2663 5175 cum
2691 5120 2922 5177 ratione
2951 5118 3268 5192 quadrent.
3292 5120 3420 5174 Non
3449 5116 3571 5173 dixi
3602 5121 3891 5173 textorem
3913 5135 4212 5179 commu-

754 5207 999 5263 texturis
1028 5211 1085 5263 et
1124 5207 1448 5264 unionibus
1479 5207 1739 5280 complet
1773 5226 1785 5264 :
1818 5224 1941 5265 non
1964 5208 2087 5282 ipse
2115 5228 2177 5268 se
2210 5228 2414 5285 regem
2521 5211 2767 5267 nionem
2794 5208 3149 5265 constituere
3174 5223 3312 5263 cum
3338 5222 3498 5277 rege,
3532 5205 3640 5263 sed
3678 5221 3882 5277 regem
3932 5212 4136 5267 amari
4170 5229 4215 5271 a

752 5297 1036 5367 ostendit,
1066 5314 1263 5370 neque
1292 5298 1398 5371 qui
1426 5297 1543 5354 hoc
1560 5298 1862 5355 facitillos
1914 5316 2069 5372 quos
2126 5302 2277 5373 regit
2316 5319 2414 5360 re-
2523 5305 2765 5357 textore.
2794 5302 2994 5371 Neque
3023 5314 3128 5353 rex
3147 5295 3473 5370 lapicidam
3522 5311 3728 5352 amore
3777 5300 4211 5375 prosequitur,

753 5402 858 5457 ges
895 5387 1094 5457 efﬁcit,
1125 5405 1264 5444 cum
1295 5387 1847 5460 perturbationibus
1890 5395 1946 5446 et
2000 5390 2412 5465 voluptatibus
2520 5389 2626 5446 sed
2646 5387 3227 5462 suscipitduntaxat.
3257 5387 3453 5452 Quare
3502 5384 3806 5457 suscipere
3855 5392 3946 5443 est
3983 5388 4215 5463 aliquo

748 5476 1094 5548 turpissime
1150 5478 1430 5534 serviant.
1500 5479 1684 5535 Porro
1755 5478 2077 5535 amborum
2125 5481 2261 5538 ﬁnis
2322 5483 2409 5541 fa-
2517 5474 4213 5551 modononpenitusetomninocommunicare.Ubienim

750 5564 968 5621 cillime
1011 5567 1241 5624 ostendi
1290 5572 1503 5641 potest,
1552 5573 1607 5624 et
1662 5568 1890 5624 nemini
1942 5573 2030 5626 est
2087 5570 2404 5629 obscurus.
2516 5568 2961 5629 communionis
3042 5582 3267 5625 nomen
3320 5564 3601 5637 fauditur,
3661 5571 3993 5623 concentus
4035 5569 4213 5631 inter

754 5657 915 5712 Unus
940 5657 1101 5714 enim
1132 5674 1203 5714 ex
1232 5674 1420 5731 parvo
1446 5673 1704 5728 magnus
1729 5657 1940 5726 evasit,
1980 5675 2017 5716 a
2062 5663 2180 5718 ﬂue
2211 5678 2407 5736 usque
2515 5661 2944 5720 communione
2975 5659 3218 5732 junctos
3263 5655 3621 5714 declaratur.
3686 5655 3839 5713 Talis
3876 5659 4052 5719 enim
4107 5670 4209 5724 est

744 5744 1053 5820 adﬁnem,
1073 5748 1258 5823 idque
1282 5764 1390 5823 per
1431 5748 1816 5823 prudentiam
1853 5752 1911 5809 et
1967 5752 2329 5825 sapientiam
2387 5771 2402 5809 :
2514 5751 2954 5826 unusquisque,
2985 5748 3197 5824 quales
3226 5751 3366 5806 sunt
3402 5761 3545 5805 cum
3587 5744 3812 5820 quibus
3854 5755 4101 5814 versari
4128 5756 4206 5818 ii-
