4444 6452
263 439 389 493 1361

282 562 513 613 κοίνωνεῖ
551 558 804 635 ἀνθρώπῳ
844 564 944 612 τινί
981 580 993 594 ’

284 648 537 722 ἀνθρωπῳ
567 654 688 715 τινὶ,
732 648 839 700 ἀλλ’
872 646 1235 720 ἀποδέχεσθαι
1281 651 1385 701 οἷον
1425 668 1500 709 τις
1559 652 1885 722 στρατιώτης

284 735 609 809 ἀποδέχεται
670 737 904 809 ὑέλοψον,
946 738 1004 789 οὐ
1044 746 1275 790 κοινωνεῖ
1325 735 1384 791 δέ
1422 758 1433 770 ·
1481 742 1773 809 στρατιώτῃ
1827 731 1886 788 δέ

282 847 384 879 τινι
414 834 664 897 κοινωνεῖ,
707 828 847 898 ἵππῳ
888 824 967 896 δε,
1020 828 1048 886 ἢ
1091 827 1238 899 λίθῳ,
1272 828 1300 886 ἦ
1332 847 1604 901 μαργαρῳ,
1657 827 1686 884 ἢ
1732 824 1885 896 ἑτέρῳ

281 921 384 969 τινὶ
440 916 499 968 οὗ
544 924 792 983 κοινωνεῖ,
857 924 1087 969 κοινωνεί
1118 913 1175 969 δὲ
1220 922 1308 969 xui
1346 924 1463 979 ταῖς
1513 922 1727 989 τροφαῖς
1794 909 1885 965 δια

282 1010 376 1065 την
405 1008 684 1061 σύστασιν.
714 1012 878 1059 Τοῦτο
906 1003 965 1059 δι
991 1010 1160 1059 κοινὸν
1208 1010 1318 1079 μὲν,
1382 1009 1493 1078 ἔχει
1543 1003 1601 1058 δὲ
1652 1024 1741 1056 και
1771 1023 1886 1056 τινα

285 1092 540 1170 διαφοράν
570 1116 583 1131 ο
615 1096 759 1148 ἄλλοι
796 1098 898 1170 γὰρ
938 1096 1114 1160 ἄλλοις,
1148 1101 1237 1148 καὶ
1289 1096 1441 1156 ἄλλας
1480 1096 1663 1167 ἕτεροι,
1717 1090 1887 1155 οὐδεὶς

285 1181 344 1237 δὲ
382 1184 439 1237 οὗ
497 1192 725 1238 κοινωνεὶ
777 1194 971 1258 τροφῆς
1028 1186 1057 1243 ἦ
1112 1182 1451 1257 ἀποδέχεται.
1522 1185 1763 1258 Ἐναργὶς
1828 1178 1886 1235 δὲ

283 1278 372 1325 καὶ
403 1272 457 1325 ἔκ
495 1282 595 1326 τῶν
644 1282 865 1346 τροφῶν,
924 1276 1004 1326 ὅτι
1042 1280 1130 1325 xui
1190 1276 1339 1346 φύσις
1395 1278 1485 1325 καὶ
1543 1279 1752 1347 κρᾶσις,
1796 1276 1886 1323 καὶ

282 1366 566 1436 τιμιωτέρα
631 1365 661 1420 ἡ
716 1366 872 1435 φύσις
917 1371 1011 1425 τῆς
1062 1365 1290 1435 κράσεως
1345 1380 1358 1394 ’
1417 1362 1483 1423 εἲς
1534 1381 1585 1414 τι
1648 1363 1750 1434 γὰρ
1799 1364 1887 1412 καὶ

286 1459 499 1525 τροφαῖς
538 1453 567 1509 ἡ
633 1448 861 1527 διαφορὰ
916 1457 1004 1504 xui
1052 1454 1101 1504 ἓν
1150 1470 1281 1515 τισι,
1333 1454 1427 1512 τὰς
1480 1448 1539 1503 δί
1568 1453 1741 1510 κοινὰς
1799 1454 1885 1501 καὶ

286 1543 641 1613 φυσικωτέρας
698 1542 745 1592 οἱ
803 1540 991 1613 μᾶλλον
1050 1543 1338 1613 αἱροῦνται.
1425 1540 1577 1610 ’Ἐχει
1653 1541 1743 1611 μὶν
1800 1534 1887 1590 οὖν

284 1630 422 1681 κατά
470 1631 659 1696 πάντα,
722 1631 793 1691 ὡς
840 1625 1086 1700 ἐδείχθη,
1146 1633 1204 1681 τὸ
1262 1632 1412 1701 φύσει
1463 1636 1554 1680 τοῦ
1610 1630 1745 1680 θέσει
1794 1632 1887 1685 τὴν

287 1719 555 1792 ὑπεροχὴν
592 1739 604 1751 ο
642 1726 873 1770 κοινωνεῖ
912 1714 971 1770 δε
996 1723 1085 1770 καὶ
1126 1719 1285 1791 ἰατρῷ
1332 1719 1357 1769 ὁ
1417 1715 1681 1789 βασιλεὺς,
1735 1724 1888 1769 τοῦτο

284 1808 504 1877 φυσικὸν
550 1811 640 1858 καὶ
693 1806 1048 1881 φιλάνθρωπον
1092 1827 1104 1840 ·
1159 1813 1291 1879 τρεῖς
1327 1808 1427 1881 γὰρ
1486 1809 1749 1858 κοινωνίαι
1815 1813 1887 1875 τῷ

280 1896 503 1967 ἄρχοντι
541 1892 947 1968 ἁρμοδιώτατοι,
982 1895 1277 1967 φιλοσοφία,
1352 1900 1619 1969 στρατεία,
1676 1894 1883 1967 ἰατρικὴ

279 1986 410 2057 μετὰ
439 1993 537 2037 τῶν
581 1981 880 2057 ἰδιωμάτων
912 1984 1103 2053 αὐτῶν,
1135 1989 1225 2037 xui
1264 1994 1355 2045 τῆς
1393 1987 1482 2056 μὲν
1513 1989 1656 2055 μιᾶς,
1708 1991 1889 2045 κοινῆς

277 2076 443 2134 οὔσης
470 2078 561 2126 καὶ
601 2070 886 2134 διεπούσης
924 2076 1095 2126 πάντα
1150 2074 1453 2145 πολλαχῶς,
1512 2075 1579 2135 ὡς
1640 2070 1725 2125 δεῖ
1767 2092 1882 2125 κοι-

802 2160 1036 2236 διασαφὴ
1049 2183 1227 2226 σαντες
1314 2166 1537 2235 εἴπομεν.

274 2252 373 2325 γάρ
428 2249 541 2303 ἐστι
596 2260 778 2303 πασῶν
841 2256 931 2303 καὶ
995 2254 1198 2303 πάντων
1247 2252 1403 2319 αὕτη,
1451 2255 1539 2302 καὶ
1586 2246 1679 2302 διὰ
1732 2258 1883 2303 τοῦτο

275 2171 448 2216 νωνεῖν
515 2166 701 2237 ταύτῃ,
802 2166 1227 2236 διασαφήσαντες
1314 2166 1537 2235 εἷπομεν.
1626 2168 1885 2235 Σωτηριος

278 2336 363 2391 δεῖ
390 2346 646 2393 κοινωνεῖν
676 2342 841 2413 ταύτῃ
884 2343 971 2392 τὸν
1001 2342 1257 2415 ἄρχοντα,
1319 2336 1497 2397 ὶπειδη
1559 2344 1733 2413 σωτὴρ
1793 2345 1883 2392 xui

278 2426 595 2501 ἔπιμελητής
627 2427 817 2499 ψυχῶν
874 2433 963 2481 xui
1005 2430 1259 2501 σωμάτων
1290 2427 1422 2495 ἐστὶ,
1489 2437 1585 2479 τῶν
1619 2424 1767 2480 ὃνοῖν
1800 2426 1879 2493 δε,

278 2519 347 2579 ὡς
408 2520 539 2589 μετὰ
597 2520 794 2575 ταύτην
873 2520 1125 2589 σωμάτων
1196 2518 1363 2569 οὐσῶν
1433 2521 1720 2589 σωτηρίων,
1802 2519 1882 2569 ἐπὶ

280 2606 480 2681 μείζονι
528 2610 613 2658 καὶ
672 2606 902 2660 ὶλάττονι
966 2612 1158 2682 τροπῳ.
1201 2613 1257 2660 ἸΙ
1322 2610 1411 2679 μὲν
1467 2609 1568 2680 γὰρ
1622 2614 1713 2658 τοῦ
1763 2604 1879 2658 ὅλον

254 2836 403 2893 bens
429 2837 610 2895 solet:
655 2838 803 2912 quid
832 2838 994 2895 enim
1025 2842 1117 2895 est
1138 2837 1303 2894 aliud
1354 2838 1584 2893 amicus
1614 2853 1800 2910 quam
1835 2836 1915 2893 al-

1154 436 1507 493 THEODORI
1537 436 1582 491 Il
1613 432 1754 491 IMP.
1791 431 1881 486 DE
1911 427 2369 489 COMMUNIONF.
2400 434 2773 492 NATURALI.

1056 561 1165 613 ἔστι
1204 557 1263 613 δε
1329 580 1430 613 τινι
1495 564 1565 632 μὴ
1627 563 1881 610 κοινωνεῖν
1945 557 1991 610 Α
2052 557 2187 616 ζωον
2243 556 2405 628 φύλαξ
2459 558 2753 632 ανθρώπου,
2809 558 2834 615 ἡ
2906 554 2964 609 δὲ
3010 558 3152 630 παρὰ
3212 559 3380 628 μέρος.
3448 546 3650 631 Ἰητρὸς

3542 437 3676 491 1362

2048 646 2149 717 γὰρ
2178 643 2304 716 ἀνὴρ
2332 645 2528 697 πολλῶν
2560 644 2797 707 ἀντάξιος
2828 644 3010 709 mw,
3048 648 3164 717 περὶ
3220 640 3278 695 δε
3324 656 3646 717 στρατηγοῦ,

2051 735 2122 793 εἷς
2151 738 2351 806 μυρίοι,
2386 731 2628 791 δηλονότι
2660 736 2727 796 εἷς
2760 737 2943 794 πάντες
2977 752 2987 762 ·
3019 733 3076 785 οὐ
3129 736 3230 805 γὰρ
3287 732 3391 786 εἷπε
3447 740 3646 808 μύριοι,

2051 819 2177 872 ἀλλὰ
2207 826 2406 896 μυρίοι,
2456 829 2610 875 τοῦτο
2668 819 2727 875 δε
2757 826 2814 873 τὸ
2864 823 3051 882 πάντες
3098 817 3269 878 δηλοῖ.
3316 829 3502 895 [lpum
3558 826 3647 895 μιν

2050 906 2133 962 οὖν
2195 913 2223 969 η
2278 916 2629 984 στρατιωτικὴ
2708 912 2768 973 ἧς
2839 909 2951 963 ἐστι
3006 917 3095 962 xui
3135 909 3186 973 ἐξ
3237 911 3300 971 ἧς
3355 914 3498 983 παρά
3554 920 3649 973 τῆς

2048 1005 2260 1075 πρώτης
2289 1006 2377 1052 καὶ
2407 1002 2432 1053 ὀ
2464 1004 2611 1073 φύσει
2654 1003 2969 1072 στρατηγὸς,
3030 996 3272 1073 δευτέραν
3314 997 3372 1052 δὲ
3417 1006 3649 1071 κρίνομεν

2047 1094 2140 1148 τὴν
2200 1090 2460 1163 ἰατρικὴν,
2516 1092 2647 1163 μετά
2723 1087 2780 1142 δι
2833 1093 3024 1150 ταύτας
3099 1089 3157 1141 οὐ
3220 1098 3474 1142 κοινωνεῖν
3542 1088 3650 1143 δεῖν

2051 1186 2167 1239 ταῖς
2211 1179 2393 1241 ἄλλαις
2461 1181 2549 1230 τὸν
2601 1180 2837 1253 ἄρχοντα
2914 1178 3122 1248 λέγομεν
3183 1176 3291 1228 ἀλλ’
3339 1178 3649 1250 οἰκονομεῖν,

2052 1266 2347 1319 ἐπιτάσσων
2402 1270 2574 1339 ὥσπερ
2651 1266 2702 1329 ἐξ
2803 1266 3083 1341 ἀκρωρείας
3162 1270 3301 1328 τινος
3364 1269 3651 1339 καθήμενος

2052 1357 2186 1417 ὅπως
2238 1356 2351 1408 κατ’
2404 1355 2699 1428 ἐπιστήμην
2754 1360 2841 1407 xui
2908 1374 3063 1427 φυσιν
3110 1357 3168 1406 τὸ
3220 1361 3320 1406 πᾶν
3379 1352 3648 1417 διέπηται,

2051 1450 2141 1497 xui
2179 1450 2291 1518 περὶ
2349 1448 2439 1517 μεν
2496 1438 2587 1497 τοῦ
2628 1450 2831 1515 πρώτου
2888 1454 3072 1509 ταντα,
3124 1452 3224 1495 τῶν
3266 1441 3315 1496 δ’
3370 1444 3534 1495 (mm
3589 1448 3654 1496 ru

2054 1534 2276 1606 ἑπόμενα
2350 1539 2439 1586 xui
2500 1536 2620 1586 ὅσον
2675 1536 2738 1585 τὰ
2803 1533 3005 1603 ἔλλογα.
3092 1537 3291 1605 Χρῄζει
3329 1535 3430 1607 γὰρ
3498 1539 3587 1586 xui
3626 1536 3652 1586 6

2051 1623 2332 1695 ἐλάχιστος
2385 1622 2676 1694 βλάναυσὸς
2753 1642 2889 1683 τινος
2949 1622 3303 1693 λογικότητος.
3378 1622 3470 1684 ‘0;
3528 1630 3652 1694 γοῦν

2054 1714 2233 1783 οὕτως,
2276 1716 2343 1773 ὡς
2374 1716 2597 1784 εἴρηται,
2648 1710 2893 1784 βιοτεύει,
2958 1714 3214 1785 μακάριος
3265 1712 3319 1772 ὃς
3350 1708 3400 1763 δ’
3431 1716 3488 1763 ον
3520 1719 3653 1783 φαῦ-

2050 1801 2150 1862 λος.
2175 1802 2317 1854 Ἐπεὶ
2351 1798 2409 1853 δὲ
2438 1805 2744 1872 πανταχόσε
2799 1804 2857 1852 τὸ
2890 1803 3037 1873 φύσει
3076 1808 3169 1851 τοῦ
3234 1802 3370 1852 Θέσει
3422 1808 3652 1873 κρεῖττον

2052 1892 2231 1962 εὑρέθη
2266 1888 2319 1942 ἐκ
2352 1892 2553 1942 πάντων
2604 1898 2701 1941 τῶν
2756 1888 2803 1941 ἐν
2859 1898 2930 1959 τῷ
2998 1892 3177 1961 κὸσμω
3232 1893 3409 1955 ὄντων,
3467 1886 3653 1961 μηδεὶς

2052 1978 2342 2032 ἀπατάσθω
2403 1986 2559 2051 τιμᾲν
2604 1983 2661 2031 τὸ
2709 1984 2779 2050 μὴ
2842 1984 3013 2049 τίμιον
3068 1980 3096 2036 ἠ
3154 1986 3409 2030 κοινωνεῖν
3458 1978 3598 2048 αὐτῷ
3637 2000 3649 2012 ·

2048 2074 2144 2142 μία
2172 2070 2274 2143 γάρ
2308 2068 2448 2121 ἐστιν
2488 2070 2517 2127 ἦ
2573 2067 2765 2128 ωηθὺς
2817 2068 3042 2137 εὐγένεια
3080 2072 3169 2119 xui
3198 2071 3323 2139 τιμὴ
3380 2066 3427 2119 ἐν
3482 2066 3652 2139 ἐμψύ-

2048 2178 2167 2230 χοις
2213 2177 2267 2210 τε
2343 2162 2432 2210 xui
2485 2156 2718 2228 ἀψύχοις
2771 2160 2819 2209 ἓν
2866 2156 3090 2228 λογικοῖς
3150 2162 3239 2208 καὶ
3302 2155 3507 2227 ἀλόγοις
3564 2163 3653 2209 xui

2045 2254 2224 2318 πᾶσιν,
2266 2248 2293 2305 ἡ
2348 2249 2499 2318 φύσει
2539 2246 2783 2316 εὐγένεια,
2835 2251 2925 2298 xui
2986 2250 3083 2317 μία
3136 2250 3378 2297 κοινωνία
3435 2248 3464 2303 η
3520 2250 3653 2297 κατα

2045 2340 2197 2409 φύσιν
2238 2341 2328 2387 xui
2396 2338 2516 2387 ὅσον
2570 2339 2699 2409 πρὸς
2755 2335 3070 2407 ἐπιστήμην,
3142 2338 3195 2386 αἱ
3241 2331 3291 2386 δ’
3344 2334 3497 2386 ἄλλαι
3560 2334 3653 2386 οὐκ

2042 2427 2262 2496 ἀγαθαί.
2358 2432 2535 2478 Ταῦτα
2602 2434 2726 2495 γοῦν
2778 2424 3127 2493 ἐξετάσαντες,
3188 2432 3391 2498 πρῶτον
3448 2428 3652 2495 εἴπομεν

2043 2514 2194 2566 ἂκαὶ
2225 2511 2594 2587 κεφαλαιωδῶς
2627 2512 2821 2587 ἀπάρτι
2880 2512 2927 2565 ὲν
2985 2516 3113 2585 ἕκτῳ
3168 2514 3301 2585 λόγῳ
3355 2510 3654 2573 ὃηλωποιὴ-

2046 2624 2226 2666 σαντες
2256 2610 2346 2663 τὴν
2372 2608 2730 2679 πραγματείαν
2760 2603 3037 2676 ἐντελεχῶς
3069 2603 3413 2677 ἀπολύσομεν.

2021 2841 2193 2901 artes,
2209 2853 2344 2911 quae
2363 2853 2499 2893 cum
2520 2836 2617 2892 illa
2636 2836 3245 2909 supremahominum
3265 2852 3521 2910 corpora
3535 2852 3678 2893 cou-

252 2929 337 2982 ter
359 2926 485 2999 ipse
508 2929 536 2984 ‘?
566 2930 714 2984 Nam
756 2927 982 2984 similes
1028 2944 1167 2984 cum
1226 2926 1519 2983 similibus
1575 2927 1917 2983 societatem
2021 2932 2280 2997 servant,
2312 2926 2493 2999 idque
2522 2927 2750 2998 majore
2772 2931 2827 2982 et
2855 2927 3081 2982 minore
3141 2927 3325 2982 modo
3358 2946 3369 2983 :
3407 2942 3529 2981 una
3550 2927 3679 2999 qui-

249 3018 582 3074 consituere
610 3018 1179 3092 solent.Atsuscipit
1200 3034 1322 3074 non
1355 3017 1570 3073 similia
1589 3017 1917 3090 aliquando
2018 3016 2157 3072 dem
2201 3021 2289 3072 est
2362 3021 2563 3072 custos
2614 3016 2795 3072 totius
2848 3015 3108 3072 hominis
3144 3035 3154 3071 :
3191 3016 3375 3072 altera
3414 3032 3557 3072 vero
3606 3031 3679 3072 ex

246 3106 485 3179 aliquis,
509 3111 573 3162 ut
598 3122 845 3180 equum,
862 3108 1100 3175 bovem,
1125 3124 1367 3164 canem:
1392 3122 1569 3163 nemo
1596 3107 1753 3163 enim
1777 3124 1915 3163 cum
1941 3158 1979 3180 η
2019 3110 2197 3178 parte.
2231 3110 2402 3173 Nam,
2435 3111 2500 3163 ut
2530 3106 2610 3162 ait
2647 3107 2959 3175 Homerus,
2993 3106 3078 3161 vir
3151 3106 3420 3161 medicus
3474 3104 3676 3161 multis

248 3158 485 3179 ---Ἰηη
516 3158 572 3162 _-
603 3158 1100 3180 -1___,_-.-_,
1130 3158 1367 3164 -_---_-
1392 3158 1562 3163 __-_-
1601 3158 1753 3163 νὼ*
1782 3158 1915 3163 -__

244 3210 403 3267 equo
431 3196 920 3253 communionem
968 3197 1242 3253 instituit.
1293 3198 1355 3251 lit
1376 3195 1577 3252 nullus
1606 3211 1724 3251 non
1758 3212 1917 3251 com-
1941 3158 1980 3214 Ο

242 3286 721 3343 munioneminit
742 3302 879 3342 cum
914 3286 1119 3360 aliquo
1154 3286 1420 3343 homine.
1458 3288 1573 3341 Usu
1599 3290 1800 3341 autem
1825 3302 1916 3341 ve-

240 3374 328 3429 nit
351 3373 703 3446 aliquando,
738 3379 803 3431 ut
820 3375 1004 3431 homo
1027 3391 1167 3431 cum
1230 3374 1433 3447 aliquo
1472 3374 1715 3430 homine
1746 3390 1912 3429 com-

243 3463 592 3519 munionem
622 3479 743 3520 non
772 3464 951 3531 ineat,
985 3464 1092 3520 sed
1120 3480 1259 3520 eum
1313 3464 1621 3536 suscipiat,
1655 3469 1719 3520 ut
1746 3463 1914 3519 miles

243 3550 460 3624 aliquis
498 3552 900 3625 hyeldopsum
935 3553 1199 3626 suscipit,
1235 3552 1340 3608 sed
1366 3568 1487 3608 non
1539 3554 1912 3609 communio-

242 3656 383 3696 nem
405 3641 512 3697 init
547 3659 559 3697 :
589 3646 802 3697 atcum
828 3641 1009 3698 milite
1034 3642 1236 3715 aliquo
1269 3642 1759 3697 communionem
1784 3642 1908 3711 init,

242 3747 382 3787 cum
404 3747 562 3804 equo
590 3747 729 3787 vero
760 3737 864 3788 aut
892 3731 1116 3805 lapide,
1161 3737 1263 3788 aut
1304 3731 1524 3787 unione
1578 3736 1680 3786 aut
1710 3731 1913 3803 aliqua

241 3820 616 3891 ejusmodire
642 3837 764 3877 non
782 3820 885 3877 init
908 3822 1400 3877 communionem
1425 3820 1907 3877 autsocietatem'

241 3909 555 3978 Praeterea,
586 3925 726 3966 cum
757 3909 1058 3966 alimentis
1110 3910 1604 3965 communionem
1632 3908 1737 3964 init
1770 3926 1911 3981 pro-

240 4003 370 4071 pter
393 3998 662 4071 corporis
694 3998 1205 4069 constitutionem,
1242 3998 1347 4054 sed
1378 4004 1469 4053 est
1520 3997 1766 4071 aliquod
1820 3997 1907 4053 di-

238 4087 517 4143 scrimen.
551 4087 661 4143 Alii
686 4088 846 4144 enim
878 4087 1029 4143 alios
1062 4086 1174 4143 sibi
1211 4088 1377 4143 cibos
1427 4092 1657 4159 optant.
1720 4090 1906 4143 Nemo

236 4191 375 4233 vero
402 4191 523 4232 non
537 4177 860 4250 participat
879 4177 1253 4248 alimentum,
1275 4181 1380 4232 aut
1400 4176 1596 4248 ipsum
1620 4178 1864 4249 suscipit
1888 4197 1900 4247 ;

236 4269 419 4339 atque
445 4281 516 4321 ex
547 4266 843 4357 alimentis
866 4265 1199 4337 intelligunt
1234 4282 1450 4357 omnes
1468 4282 1597 4322 esse
1623 4272 1902 4323 naturam
1931 4304 1972 4357 ο

233 4360 291 4410 et
314 4355 837 4427 temperationem:
866 4372 936 4411 ac
972 4361 1252 4411 naturam
1309 4355 1556 4428 quidem
1606 4360 1903 4428 tempera-

232 4444 392 4500 tione
425 4460 553 4500 esse
575 4446 1069 4518 praestantiorem.
1106 4448 1251 4501 Nam
1284 4445 1609 4501 discrimen
1660 4445 1901 4501 alimen-

232 4536 432 4589 torum
457 4534 533 4589 ad
554 4534 816 4607 aliquem
848 4534 1034 4591 ﬁnem
1061 4538 1287 4608 spectat
1324 4539 1381 4591 et
1418 4535 1477 4591 in
1532 4535 1899 4607 quibusdam

234 4622 525 4679 consistit.
562 4624 917 4680 Communia
948 4631 1151 4681 autem
1195 4629 1251 4680 et
1275 4625 1468 4694 magis
1494 4624 1573 4679 ad
1618 4629 1901 4681 naturam

233 4711 581 4768 accedentia
610 4712 908 4769 elementa
930 4714 1232 4785 sapientes
1258 4713 1372 4769 sibi
1405 4714 1599 4785 potius
1652 4714 1897 4784 eligunt.

235 4802 474 4859 Excellit
501 4802 679 4873 igitur
710 4804 771 4859 in
798 4804 1086 4859 omnibus
1124 4803 1274 4859 illud
1305 4803 1473 4875 quod
1500 4808 1712 4859 natura
1737 4810 1821 4859 est
1845 4808 1900 4861 et

232 4892 716 4964 praestateiquod
741 4898 827 4948 est
858 4893 1173 4965 positione.
1207 4892 1389 4949 Porro
1410 4908 1482 4949 ex
1499 4909 1741 4966 quoque
1760 4909 1898 4950 cum

230 4980 469 5038 medico
484 4982 975 5037 communionem
997 4981 1127 5039 init.
1140 4983 1277 5037 Tres
1292 4983 1450 5037 enim
1467 4986 1607 5038 sunt
1624 4999 1891 5039 commu-

226 5069 556 5127 nicationes
575 5072 920 5144 imperatori
938 5072 1606 5137 accommodatissimas,
1632 5073 1889 5146 philoso-

219 5160 385 5234 phia,
414 5160 643 5228 militia,
687 5161 985 5218 medicina
1009 5178 1147 5218 cum
1181 5162 1303 5218 suis
1346 5178 1603 5235 quaeque
1626 5163 1887 5236 proprie-

219 5249 466 5307 tatibus.
508 5254 588 5306 Ac
613 5266 725 5306 nos
746 5250 995 5325 quidem
1062 5252 1206 5308 satis
1263 5250 1705 5309 declaravimus
1761 5269 1884 5326 quo

213 5343 394 5412 pacto
412 5338 603 5395 multis
626 5339 827 5397 modis
850 5341 1345 5397 communionem
1370 5341 1532 5398 illam
1555 5346 1609 5397 et
1631 5358 1737 5415 per
1757 5358 1883 5400 om-

212 5427 316 5484 nia
344 5433 755 5499 permeantem
784 5430 1092 5486 scientiam
1136 5431 1491 5503 participare
1526 5431 1875 5488 debeamus.

211 5520 348 5590 Ipsa
362 5516 522 5573 enim
545 5522 634 5573 est
656 5518 931 5575 omnium
956 5519 1341 5576 scientiarum
1376 5526 1432 5577 et
1473 5521 1746 5576 omnium
1776 5522 1880 5578 ho-

213 5606 450 5663 minum
472 5609 899 5678 conservatrix,
928 5610 1102 5681 cujus
1129 5615 1472 5683 compotem
1490 5615 1723 5683 oportet
1751 5627 1881 5670 esse

214 5696 662 5770 imperatorem,
681 5700 1183 5774 quandoquidem
1214 5700 1559 5758 animorum
1590 5706 1647 5759 et
1675 5718 1884 5776 corpo-

214 5783 356 5848 rum
378 5780 469 5848 est
494 5794 760 5849 servator
780 5793 837 5849 et
855 5795 1115 5850 curator.
1156 5780 1305 5849 Cum
1359 5794 1561 5850 autem
1610 5786 1747 5851 dum
1768 5794 1885 5853 sint

2019 3194 2150 3251 aliis
2181 3200 2442 3268 praestat.
2476 3196 2623 3251 Cum
2660 3200 2857 3252 autem
2886 3195 2959 3251 de
2987 3194 3139 3250 duce
3179 3195 3472 3251 exercitus
3533 3195 3676 3263 agit.

2018 3286 2204 3352 L'nus,
2232 3286 2445 3359 inquit,
2473 3290 2562 3342 est
2585 3287 2773 3342 instar
2802 3284 3355 3350 innumerabilium,
3390 3284 3676 3340 nimirum

2016 3380 2104 3431 est
2156 3392 2313 3430 unus
2369 3391 2841 3448 omnes:neque
2883 3375 3043 3431 enim
3100 3374 3248 3430 dixit
3304 3377 3506 3447 μύριοι,
3568 3374 3676 3429 sed

2015 3468 2213 3538 μυρίοι.
2241 3464 2410 3531 Quod
2443 3465 2586 3521 satis
2628 3464 2971 3535 intelligitur
3021 3480 3091 3519 ex
3154 3479 3223 3519 co
3285 3462 3671 3535 quod-dicit,

2015 3570 2248 3609 omnes.
2283 3560 2388 3609 Ars
2411 3555 2589 3624 igitur
2613 3554 2879 3609 militaris
2898 3558 2988 3608 est
3010 3554 3205 3626 prima
3227 3567 3414 3625 quam
3456 3550 3674 3608 deinde

2014 3650 2467 3716 consequuntur
2512 3644 2791 3716 reliquce:
2852 3648 2908 3698 et
2967 3644 3069 3716 qui
3133 3648 3347 3699 natura
3408 3647 3536 3698 cst:
3581 3658 3673 3698 se-

2015 3732 2282 3787 cundum
2315 3749 2453 3788 vero
2475 3732 2553 3787 ab
2585 3732 2682 3787 illa
2724 3731 3085 3787 medicinam
3146 3746 3276 3786 esse
3322 3730 3669 3801 judicamus

2013 3837 2150 3877 cum
2173 3821 2321 3889 aliis,
2350 3839 2485 3896 quae
2517 3826 2966 3895 consequuntur
2987 3820 3475 3878 communionem
3508 3820 3670 3875 inere

2010 3927 2133 3968 non
2160 3913 2336 3969 debet
2360 3913 2701 3985 imperator,
2733 3912 2834 3967 sed
2858 3910 2987 3966 illas
3014 3926 3218 3981 regere
3262 3915 3555 3983 tanquam
3596 3925 3667 3964 ex

2010 4006 2133 4057 arte
2164 4003 2433 4075 quadam
2461 4002 2791 4074 imperans,
2841 4006 2903 4057 ut
2948 4002 3155 4057 omnia
3185 4016 3258 4056 ex
3318 3999 3566 4056 scientia
3614 4005 3668 4055 et

2008 4097 2221 4148 natura
2250 4091 2602 4147 efﬁciantur.
2637 4094 2717 4147 Ac
2747 4092 2820 4146 de
2858 4091 3055 4164 prima
3118 4090 3364 4162 quidem
3421 4089 3670 4145 scientia

2005 4180 2134 4237 haec
2165 4181 2323 4237 dicta
2341 4182 2475 4237 sint.
2506 4181 2641 4236 Alia:
2664 4197 2801 4236 vero
2823 4184 3278 4252 consequuntur
3317 4194 3439 4251 quo
3472 4178 3664 4247 magis

2005 4286 2142 4326 cum
2162 4271 2390 4326 ratione
2417 4269 2800 4326 conveniunt.
2831 4272 2980 4326 Nam
3039 4284 3136 4323 ars
3167 4266 3261 4322 vel
3292 4268 3543 4324 minima
3573 4283 3664 4322 se-

2004 4359 2272 4415 dentaria
2303 4360 2547 4416 rationis
2594 4375 2707 4432 ope
2740 4358 2984 4427 indiget.
3019 4358 3130 4423 Qui
3177 4358 3354 4427 igitur
3396 4357 3477 4412 ita
3526 4357 3665 4413 vivit

2004 4450 2092 4519 (ut
2120 4448 2346 4504 dictum
2378 4450 2489 4514 est)
2511 4448 2725 4505 beatus
2756 4455 2843 4503 est
2874 4467 2885 4503 :
2912 4447 3013 4519 qui
3046 4446 3231 4516 aliter,
3262 4447 3457 4501 miser.
3501 4448 3661 4511 Quo-

2000 4540 2163 4593 niam
2197 4543 2397 4593 autem
2429 4556 2499 4593 cx
2531 4538 2815 4593 omnibus
2844 4554 2980 4611 quas
3036 4538 3094 4592 in
3144 4536 3424 4591 universo
3479 4536 3662 4593 modo

2003 4632 2133 4684 sunt
2156 4628 2301 4684 illud
2325 4628 2490 4702 quod
2518 4634 2732 4685 natura
2745 4633 2979 4685 constat
3006 4626 3385 4701 praestantius
3409 4643 3563 4693 esse,
3590 4644 3660 4682 eo

2000 4719 2164 4792 quod
2189 4719 2483 4791 positione
2528 4722 2782 4787 constat,
2836 4722 3214 4790 compertum
3245 4722 3367 4772 est:
3396 4732 3576 4772 nemo
3598 4716 3660 4772 in

2000 4825 2261 4864 errorem
2293 4808 2612 4864 inducatur
2636 4814 2696 4863 ut
2720 4807 2876 4863 colat
2900 4806 3067 4873 illud,
3102 4806 3265 4881 quod
3308 4822 3429 4861 non
3451 4811 3537 4862 est
3564 4823 3658 4862 co-

1997 4896 2265 4963 lendum,
2297 4896 2566 4969 illudque
2595 4896 2928 4969 participct.
2968 4899 3093 4952 Una
3124 4897 3284 4951 enim
3315 4911 3453 4951 vera
3491 4896 3659 4952 nobi-

1997 4986 2130 5043 litas
2147 4991 2254 5054 est,
2278 5002 2571 5059 verusque
2596 4987 2790 5041 honor
2813 4986 2868 5041 in
2891 4984 3170 5041 animatis
3198 4991 3255 5041 et
3288 4986 3655 5055 inanimatis,

1996 5076 2054 5131 in
2085 5076 2312 5132 ratione
2339 5075 2607 5147 praeditis
2634 5080 2689 5131 et
2716 5075 2966 5131 rationis
3007 5075 3375 5147 expertibus,
3436 5092 3656 5148 nempe

1994 5165 2093 5222 illa
2119 5165 2399 5222 nobilitas
2432 5180 2567 5238 quae
2586 5171 2802 5221 natura
2831 5169 3086 5231 constat,
3117 5169 3174 5221 et
3225 5181 3345 5221 una
3386 5180 3657 5222 commu-

1992 5255 2210 5312 nicatio
2242 5260 2349 5322 est,
2372 5269 2581 5327 nempe
2603 5254 2702 5310 illa
2731 5270 2868 5327 quas
2896 5270 2969 5311 ex
3047 5258 3263 5312 natura
3310 5259 3397 5311 est
3429 5274 3441 5315 :
3471 5255 3655 5329 idque

1990 5350 2289 5419 quatenus
2315 5344 2392 5400 ad
2424 5344 2731 5400 scientiam
2788 5344 3128 5417 requiritur,
3178 5344 3308 5401 alite
3364 5360 3508 5401 vero
3531 5362 3653 5402 non

1991 5440 2130 5492 sunt
2158 5435 2355 5491 home.
2390 5437 2523 5491 Haec
2550 5435 2729 5506 igitur
2750 5435 3013 5508 primum
3046 5434 3655 5506 anobisinvestigata

1991 5525 2299 5582 attulimus
2327 5542 2460 5598 quae
2511 5526 2860 5583 summatim
2914 5525 2973 5581 in
3017 5532 3185 5581 sexto
3245 5540 3524 5582 sermone
3567 5543 3655 5582 se-

1990 5616 2194 5690 quenti
2228 5616 2545 5689 complexi,
2572 5617 2988 5674 tractationem
3024 5617 3181 5675 hanc
3226 5617 3511 5675 omnibus
3541 5634 3653 5674 nu-

1993 5706 2173 5764 meris
2196 5706 2546 5765 absolutam
2566 5706 2916 5765 reddemus.
