4444 6452
771 408 901 462 1363

2289 409 2647 465 ADDENDA.

4038 416 4182 471 1364

989 668 2226 848 ΘΕΟΔΩΡΟΥ
2334 676 2780 850 ΤΟΥ
2880 680 3920 852 ΛΑΣΚΑΡΙ

1449 944 1580 990 ΤΟΥ
1614 944 1771 991 ΥῘΟΥ
1807 945 2123 992 ΜΕΓΑΛΟΥ
2160 945 2481 993 ΒΑΣΙΛΕΩΣ
2522 946 2735 994 ΚΥΡΟΥ
2768 948 3071 996 ΙΩΑΝΝΟΥ
3104 950 3235 996 ΤΟΥ
3272 948 3486 997 ΔΟΥΚΑ

1464 1104 1774 1216 ΤΗΣ
1858 1103 2543 1219 ΦΥΣΙΚΗΣ
2622 1104 3484 1222 ΚΟΙΝΩΝΙΑΣ

2013 1347 2406 1435 ΛΟΓΟΣ

2518 1347 2929 1433 ΕΚΤΟΣ.

1483 1712 2453 1852 ΤΗΕΟΒΟΒΙ
2514 1711 3466 1850 LASCARIS

1588 1950 1744 2006 FILII
1786 1950 2006 2005 SUMMI
2042 1951 2514 2008 IMPERATORIS
2552 1952 2796 2010 DOMINI
2834 1950 3125 2008 JOANNIS
3164 1950 3366 2007 DUCzE

1239 2118 1464 2224 DE
1568 2118 2446 2228 NATURALI
2560 2118 3687 2230 COMMUNIONE

2075 2315 2398 2405 SEBMO
2470 2315 2882 2406 SEXTUS.

868 2670 1174 2741 Ἀναγκαῖαι
1202 2673 1292 2721 καὶ
1321 2677 1524 2741 πρῶται
1579 2672 1783 2722 πάντων
1839 2673 1998 2742 φὺσις
2048 2674 2133 2722 καὶ
2174 2670 2397 2729 ἐπιστή-
2454 2675 2500 2725 Α
2560 2691 2639 2731 τις
2670 2668 2723 2723 εὖ
2752 2691 2812 2743 ’γε
2842 2675 3039 2743 φύσεως
3087 2672 3176 2738 ὢν,
3210 2671 3253 2724 εἰ
3310 2676 3381 2743 μή
3409 2691 3491 2723 τοι
3528 2676 3617 2723 καὶ
3653 2671 3950 2743 ἐπιστήμην
3980 2672 4012 2730 ἣ
4070 2675 4167 2743 μέ-

793 2778 866 2831 μη
907 2779 918 2790 ·
954 2765 1015 2830 τῇ
1049 2760 1139 2830 μὲν
1171 2760 1269 2830 γὰρ
1306 2760 1587 2829 συνάγεται
1617 2765 1764 2810 πᾶσα
1789 2766 1998 2827 κρᾶσις,
2162 2756 2221 2811 δὲ
2250 2766 2398 2811 πᾶσα

792 2843 1013 2900 παιδεία
1053 2867 1066 2879 ο
1100 2847 1184 2908 αἷς
1216 2844 1329 2898 ἐστι
1358 2850 1417 2898 τὸ
1450 2850 1601 2918 φύσει
1629 2866 1683 2898 τε
1722 2851 1811 2899 καὶ
1837 2846 1896 2898 τό
1948 2849 2103 2900 θέσει.
2137 2851 2288 2919 Λέγω
2339 2845 2398 2900 δε

794 2939 948 3008 φύσει
976 2942 1078 2987 πᾶν
1131 2937 1156 2987 ὃ
1204 2955 1255 2986 τι
1308 2935 1480 3005 καλὸν,
1533 2938 1671 2988 θέσει
1731 2933 1789 2989 δὲ
1827 2940 1885 2987 τὸ
1934 2933 2194 2989 δεικτικὸν
2237 2936 2396 2988 καλοῦ

792 3029 977 3097 καὶμὴ
1011 3023 1170 3076 καλοῦ
1197 3028 1286 3076 καὶ
1310 3031 1495 3079 κακοῦ.
1556 3029 1777 3098 Πότερον
1844 3021 1930 3077 οὖν
1969 3030 2027 3077 τὸ
2077 3029 2224 3099 φύσει
2274 3024 2395 3078 πολ-

789 3111 968 3185 λαχῶς
1013 3120 1105 3164 τοῦ
1156 3114 1293 3165 θέσει
1342 3109 1659 3185 ἀποδειχθὲν
1710 3120 2010 3189 τιμιώτερον
2099 3111 2395 3173 δηλοποιεῖν

791 3204 871 3255 ὅτι
900 3205 1069 3255 καὶτὸ
1108 3202 1221 3254 κατ’
1252 3201 1547 3275 ἐπιστήμην
1595 3210 1686 3255 τοῦ
1736 3206 1873 3255 κατὰ
1924 3208 2116 3276 τέχνην
2166 3207 2276 3257 ἐστὶ
2310 3224 2394 3256 τι-

789 3296 1086 3364 μιώτερον;
1132 3289 1217 3350 Ὠς
1262 3293 1363 3364 γὰρ
1404 3291 1474 3353 εἰς
1519 3294 1673 3363 φύσιν
1730 3298 1939 3365 κρᾶσις,
1991 3293 2126 3345 οὕτω
2180 3290 2248 3351 δή
2303 3296 2394 3343 καὶ

791 3379 861 3441 εἰς
920 3378 1215 3451 ἐπιστήμην
1264 3383 1446 3450 τέχνη,
1524 3384 1612 3431 καὶ
1685 3384 1753 3441 ὡς
1828 3385 2111 3457 τιμιωτέρα
2161 3384 2395 3454 κράσεως

2228 3493 2239 3503 ·
2304 3467 2397 3523 διὰ

787 3564 940 3609 τοῦτο
986 3562 1076 3609 καὶ
1128 3560 1187 3608 τὸ
1240 3556 1356 3608 κατ’
1396 3556 1690 3629 ἐπιστήμην
1733 3564 2033 3631 γιγνόμενον
2090 3566 2395 3635 τιμιώτερόν

791 3471 966 3541 φύσις,
1027 3468 1162 3520 οὕτω
1218 3473 1501 3541 τιμιωτέρα
1551 3473 1745 3541 τέχνης
1801 3472 1830 3528 ἡ
1884 3469 2149 3543 ἐπιστήμη

790 3645 906 3698 ἔστι
936 3653 1027 3698 τοῦ
1066 3648 1201 3697 κατὰ
1257 3650 1448 3717 τέχνην
1500 3652 1825 3720 γιγνομένου,
1882 3652 1949 3708 ὡς
2004 3653 2094 3700 καὶ
2146 3652 2203 3701 τὸ
2260 3651 2395 3701 κατὰ

790 3738 945 3807 φύσιν
989 3742 1080 3786 τοῦ
1120 3737 1256 3786 κατὰ
1293 3742 1501 3809 κρᾶσιν.
1538 3743 1621 3788 Δεῖ
1670 3745 1795 3807 ’γοῦν
1849 3735 1941 3789 διὰ
1995 3746 2159 3790 ταῦτα
2216 3737 2395 3813 ἀρετῆς

788 3830 1043 3876 κοινωνεῖν
1077 3845 1089 3856 ·
1120 3831 1273 3876 τοῦτο
1326 3827 1424 3899 γὰρ
1479 3830 1653 3898 μίγμα
1691 3831 1779 3877 καὶ
1829 3825 2123 3899 ἐπιστήμης
2173 3833 2263 3879 καὶ
2304 3830 2391 3899 φύε

792 3933 938 3974 σεως.
979 3918 1151 3965 Δεῐται
1194 3915 1295 3988 ’γὰρ
1351 3915 1483 3973 αὕτη
1552 3924 1651 3966 τῶν
1714 3914 2011 3988 ἀμφοτέρων
2060 3938 2071 3950 ⁸
2115 3918 2237 3969 ὅσον
2289 3918 2391 3991 γάρ

2558 2780 2644 2833 ρος
2690 2766 2779 2812 καὶ
2836 2762 2939 2813 οἷον
3022 2759 3291 2832 ἀπήχημα
3342 2763 3532 2820 ταύτης
3610 2763 3745 2831 ἔχει,
3786 2760 3880 2812 οὐκ
3932 2762 3994 2812 ἄν
4042 2780 4169 2813 ποτε

2560 2848 2746 2923 ἀρετήν
2778 2849 3060 2923 ἐργάσεται
3100 2848 3181 2914 ἃν,
3210 2850 3383 2921 ὥσπερ
3426 2845 3548 2902 οὐδὲ
3586 2850 3612 2901 ὀ
3657 2853 3809 2921 μόνον
3868 2848 4168 2920 ἐπιστήμης

2560 2932 2812 3001 ἀκούσας,
2879 2938 2971 2990 οὐκ
3046 2941 3159 3010 ἔχει
3230 2935 3288 2990 δὲ
3367 2941 3522 3010 φύσιν
3584 2938 3858 3010 ἐργάσεται
3934 2936 4158 3008 ἀγαθόν.

2558 3024 2843 3079 Ἀδύνατον
2899 3023 2958 3079 δὲ
3010 3025 3305 3099 ἐπιστήμην
3359 3022 3552 3079 εἰδέναι
3602 3030 3720 3078 τινὰ
3776 3026 3945 3087 καλῶς
3995 3025 4169 3097 κάγα-

2561 3118 2679 3183 θῶς,
2710 3116 2753 3168 εἰ
2800 3121 2871 3188 μὴ
2905 3120 2994 3168 καὶ
3049 3120 3202 3187 φύσιν
3256 3118 3369 3187 ἔχει
3422 3117 3555 3168 πάνυ
3594 3122 3864 3189 χρηστήν.
3929 3114 4163 3168 ’Υποϐά-

2561 3206 2659 3277 θρα
2695 3207 2784 3277 μὲν
2844 3200 2930 3257 οὖν
2984 3204 3097 3256 ἔστι
3130 3207 3280 3276 φύσις
3325 3209 3415 3255 καὶ
3470 3205 3576 3256 οἷον
3619 3203 3736 3262 ὕλη,
3779 3203 4042 3275 ἐπιστήμη
4107 3200 4170 3256 δέ

2558 3290 2698 3354 εἶδος
2769 3294 2873 3345 οἷον
2956 3297 3047 3344 καὶ
3119 3295 3379 3365 ἕκφανσις.
3432 3291 3632 3367 Ὠσπερ
3698 3296 3800 3367 γὰρ
3852 3296 3942 3344 καὶ
3988 3292 4170 3352 λίθους

2558 3379 2876 3456 ἀδιαφόρους
2936 3390 3006 3452 τῷ
3063 3386 3308 3454 σχήματι
3384 3380 3639 3454 βλέπομεν
3689 3386 3778 3433 καὶ
3808 3378 3861 3433 εὖ
3912 3400 3970 3453 γε
4021 3380 4168 3453 μάλα

2558 3470 2758 3545 ἐτέρους
2811 3467 3090 3544 μονοειδῶς
3164 3469 3674 3543 ἑσχηματισμένους,
3740 3475 3831 3522 καὶ
3896 3466 4170 3544 διακρίνο-

2555 3580 2644 3631 μεν
2697 3562 2833 3622 ὅπως
2888 3560 3051 3613 ἐκεῖσε
3114 3562 3173 3611 τὸ
3241 3556 3379 3621 εἶδος
3457 3564 3550 3617 τήν
3616 3558 3743 3617 ὕλην
3802 3559 3865 3631 ἐμ

2554 3650 2584 3707 ἦ
2619 3651 2755 3721 φυτά
2804 3649 2833 3707 ἦ
2885 3649 3033 3723 ἕτερά
3064 3668 3201 3713 τινα,
3242 3649 3377 3700 οὕτω
3414 3645 3481 3706 δή
3523 3652 3613 3701 καὶ
3660 3652 3781 3710 τοὺς
3840 3646 3993 3720 βίους
4043 3643 4167 3699 δια-

2553 3743 2743 3811 κρίνειν
2828 3733 3114 3809 δυνάμεθα.
3194 3738 3287 3789 εἶθ’
3354 3737 3517 3799 οὕτως
3598 3741 3683 3789 καὶ
3742 3743 3999 3789 κοινωνεῖν
4052 3743 4171 3797 τοῖς

2556 3825 2768 3900 βιοῦσιν
2803 3849 2815 3859 ·
2858 3826 2930 3888 εἰς
2958 3829 3060 3900 γὰρ
3113 3829 3179 3878 τὰ
3223 3822 3531 3899 σφαιροειδῆ
3588 3827 3618 3885 ἦ
3673 3831 3971 3900 τετράγωνα
4022 3832 4170 3897 σχή-

2553 3936 2694 3989 ματα
2756 3919 2948 3989 ἔχοντα
2988 3923 3201 3988 νοοῦμεν
3277 3917 3355 3968 ὅτι
3418 3913 3625 3987 ἆγαθῶς
3682 3915 3848 3967 ἐκεῖσε
3898 3918 3956 3966 τὸ
4026 3911 4172 3975 εἶδος

833 4092 1118 4147 Omnium
1153 4108 1352 4148 rerum
1394 4093 1656 4149 maxime
1699 4095 2051 4150 necessariae
2094 4100 2149 4150 et
2208 4096 2415 4167 primae
2446 4095 2489 4148 B
2524 4095 2599 4150 tis
2621 4110 2755 4151 esse
2781 4094 3102 4167 participes
3134 4113 3147 4161 ;
3179 4093 3309 4149 haec
3338 4093 3497 4149 enim
3542 4100 3634 4148 est
3660 4098 3891 4149 natura:
3914 4097 3966 4147 et
3999 4093 4189 4148 scien»

759 4184 1134 4237 suntnatura
1171 4187 1227 4236 et
1256 4182 1536 4249 scientia;
1570 4182 1646 4238 ad
1679 4183 1839 4238 illam
1864 4185 2020 4239 enim
2055 4184 2251 4239 omnis
2274 4189 2416 4239 tem-

759 4269 987 4341 paratio
1017 4275 1351 4337 revocatur,
1378 4271 1454 4326 ad
1476 4271 1632 4326 hanc
1657 4272 1853 4327 omnis
1876 4272 2127 4327 eruditio
2154 4291 2165 4327 :
2191 4272 2414 4344 quibus

755 4357 972 4414 deinde
1002 4359 1156 4414 inest
1183 4358 1327 4414 illud
1358 4360 1518 4432 quod
1568 4367 1781 4416 natura
1830 4367 1919 4417 est
1971 4368 2024 4417 et
2082 4368 2313 4417 constat
2359 4367 2415 4416 et

754 4447 922 4519 quod
940 4447 1253 4519 positione.
1286 4449 1455 4514 Quod
1480 4455 1695 4505 natura
1720 4456 1953 4506 constat
1972 4450 2115 4505 illud
2150 4450 2410 4523 appello,

754 4536 1164 4609 quodcunque
1177 4538 1495 4593 honestum
1510 4544 1663 4594 estet
1676 4538 1796 4594 bon
1808 4540 2105 4606 um.Quod
2121 4540 2413 4612 positione

755 4631 994 4682 constat
1023 4626 1167 4681 illud
1190 4626 1448 4699 appello,
1468 4628 1632 4699 quod
1658 4630 1973 4685 honestum
1999 4636 2055 4686 et
2082 4646 2201 4685 non
2232 4631 2413 4685 hone-

753 4722 911 4771 stum
935 4719 1115 4788 atque
1135 4715 1361 4771 malum
1396 4722 1727 4789 susscipere
1750 4725 1960 4790 potest.
1996 4722 2202 4775 Utrum
2234 4721 2414 4786 igitur

750 4804 917 4878 quod
940 4810 1155 4859 natura
1172 4811 1407 4861 constat
1431 4808 1812 4879 praestantius
1831 4824 1961 4863 esse
1982 4825 2072 4875 eo,
2117 4809 2281 4880 quod
2308 4826 2411 4881 po-

752 4892 966 4948 sitione
996 4893 1199 4948 multis
1234 4894 1431 4948 modis
1471 4894 1951 4951 demonstratum
2002 4902 2092 4952 est
2119 4898 2334 4964 ?Quod
2365 4898 2412 4953 si

750 4999 961 5039 verum
994 4989 1080 5039 est
1102 4984 1488 5040 manifestum
1524 4985 1649 5052 erit,
1695 4986 1842 5041 illud
1891 4988 2057 5060 quod
2102 5005 2173 5043 ex
2227 4988 2412 5044 scien-

751 5072 832 5128 tia
867 5088 938 5128 eo
959 5072 1124 5145 quod
1152 5078 1239 5128 est
1266 5090 1338 5129 ex
1361 5081 1507 5139 arte,
1536 5090 1667 5129 esse
1702 5077 2101 5147 praestantius.
2139 5078 2204 5132 Ut
2248 5077 2407 5133 enim

750 5163 1104 5234 temperatio
1136 5178 1197 5217 se
1221 5162 1401 5218 habet
1428 5163 1505 5219 ad
1565 5169 1843 5220 naturam
1869 5183 1880 5220 :
1916 5166 1996 5221 ita
2037 5182 2281 5238 quoque
2313 5184 2409 5222 ars

2525 4184 2618 4239 tite
2632 4184 2932 4241 admistio.
2954 4187 3171 4240 Natura
3188 4183 3348 4238 enim
3375 4189 3648 4256 utraque,
3668 4199 3885 4255 nemqe
3903 4182 4123 4237 virtute
4137 4187 4198 4237 et

2526 4273 2767 4328 scientia
2805 4277 2955 4341 eget.
2991 4275 3133 4328 Nam
3156 4288 3278 4344 quo
3314 4272 3531 4345 aliquis
3552 4276 3639 4327 est
3661 4277 3875 4327 natura
3903 4270 4193 4340 feliciora,

2523 4363 2634 4418 nisi
2658 4363 2965 4418 scientiam
2990 4362 3366 4417 autscientiae
3389 4366 3638 4433 partem.
3669 4361 3973 4432 autipsius
3996 4360 4195 4415 scien-

2522 4451 2617 4506 tiae
2635 4450 2961 4520 imaginem
2975 4450 3309 4522 quamdam
3322 4449 3563 4518 habeat,
3579 4448 3725 4504 nihil
3739 4463 4006 4520 unquam
4023 4456 4169 4520 pote

2522 4542 2593 4596 rit
2616 4558 2686 4596 ex
2710 4541 2921 4596 virtute
2947 4556 3144 4609 agere,
3176 4540 3442 4596 utetiam
3504 4539 3608 4612 qui
3665 4538 3981 4595 scientiam
4035 4538 4195 4593 dun-

2522 4636 2685 4688 taxat
2733 4631 3016 4704 percepit,
3089 4646 3199 4685 nec
3254 4629 3436 4686 habet
3488 4634 3789 4697 naturam,
3836 4627 3981 4684 boni
4042 4628 4197 4683 nihil

2522 4724 2804 4792 praestare
2866 4724 3079 4793 potest.
3143 4719 3286 4774 Fieri
3332 4725 3532 4774 autem
3585 4718 3791 4791 nequit
3854 4722 3917 4771 ut
3967 4716 4195 4790 aliquis

2518 4809 2673 4865 bene
2703 4815 2756 4864 et
2786 4808 3165 4864 laudabiliter
3185 4808 3496 4863 scientiam
3528 4811 3742 4877 teneat,
3790 4805 3903 4860 nisi
3967 4812 4193 4861 natura

2520 4898 2770 4954 omnino
2802 4898 2960 4953 bona
2995 4898 3069 4953 sit
3093 4897 3407 4970 praeditus.
3445 4896 3861 4965 Naturaigitur
3877 4893 4194 4951 velutfun-

2520 4989 2875 5044 damentum
2906 4993 2963 5043 et
3001 4988 3289 5051 materia;
3336 4986 3582 5042 scientia
3620 5000 3763 5040 vero
3786 4990 3874 5040 est
3901 4984 4103 5041 forma
4133 4992 4192 5041 et

2518 5080 2695 5133 veluti
2726 5077 3062 5152 patefactio.
3105 5076 3350 5133 Utenim
3373 5074 3605 5147 lapides
3641 5075 3836 5146 ﬁgura
3865 5090 3988 5151 non
4017 5074 4190 5132 diﬂ‘e-

2518 5174 2713 5222 rentes
2734 5167 3038 5221 cernimus
3078 5168 3132 5220 et
3163 5165 3311 5220 alios
3350 5163 3669 5219 artiﬁciose
3709 5168 3767 5218 et
3807 5162 4192 5220 uniformiter

750 5267 812 5305 se
843 5250 1026 5307 habet
1057 5252 1130 5306 ad
1155 5251 1488 5309 scientiam.
1522 5255 1587 5308 Et
1616 5257 1679 5308 ut
1706 5259 1917 5310 natura
1974 5260 2062 5310 est
2114 5261 2407 5328 tempera-
2444 5239 2483 5293 (ἶ
2517 5255 2831 5325 ﬁguratos,
2857 5261 3037 5327 atque
3058 5252 3458 5319 discernimus
3486 5268 3611 5324 quo
3641 5258 3816 5325 pacto
3843 5250 3961 5307 illic
3985 5250 4191 5309 forma

750 5340 906 5396 tione
939 5342 1334 5413 prtestantior,
1377 5342 1459 5397 ita
1484 5344 1663 5398 etiam
1697 5343 1946 5399 scientia
1973 5350 2062 5400 est
2088 5351 2211 5400 arte
2262 5362 2408 5417 pras-

748 5430 1018 5486 stantior.
1048 5430 1455 5496 Quamobrem
1483 5430 1624 5487 illud
1665 5433 1829 5505 quod
1864 5449 1932 5489 ex
1964 5434 2207 5489 scientia
2235 5435 2410 5490 efﬁci—

746 5526 843 5575 tur
864 5520 1249 5591 praestantius
1293 5525 1381 5576 est
1423 5536 1494 5576 eo
1538 5522 1702 5594 quod
1760 5538 1829 5578 ex
1889 5529 2012 5579 arte
2052 5522 2324 5591 efﬁcitur,
2349 5530 2411 5580 ut

746 5610 925 5665 etiam
949 5608 1093 5665 illud
1135 5609 1299 5682 quod
1328 5615 1419 5665 est
1474 5626 1542 5666 ex
1573 5626 1788 5668 natura
1828 5614 2208 5685 praestantius
2230 5621 2408 5670 esteo

743 5699 910 5773 quod
944 5705 1122 5757 estex
1142 5700 1592 5779 temperatione.
1620 5702 1815 5780 Quare
1849 5708 2209 5775 oportetnos
2231 5704 2405 5767 virtu-

2517 5344 2830 5400 materiam
2908 5342 3271 5411 informavit,
3344 5348 3471 5397 tum
3517 5341 3776 5414 plantas,
3816 5346 3938 5396 tum
4000 5342 4189 5399 etiam

2517 5434 2800 5506 quaelibet
2839 5433 2975 5490 alia.
3007 5433 3089 5489 ita
3115 5448 3360 5505 quoque
3400 5430 3634 5487 vivendi
3691 5446 3911 5501 genera
3954 5430 4189 5489 discer-

2518 5540 2658 5580 nere
2682 5540 3041 5597 possumus:
3072 5520 3288 5577 deinde
3322 5538 3459 5577 cum
3517 5521 3633 5577 hoc
3690 5528 3794 5575 aut
3852 5520 3954 5575 illo
3996 5521 4191 5579 modo

2517 5614 2857 5669 viventibus
2894 5611 3388 5668 communionem
3410 5610 3654 5666 habere.
3680 5612 3827 5667 Cum
3849 5610 4015 5665 enim
4058 5614 4194 5668 ani-

2514 5703 2953 5768 madvertimus
2984 5702 3245 5763 formam
3262 5700 3425 5759 illam
3447 5700 3522 5757 de
3545 5700 3810 5757 bonitate
3834 5698 4194 5778 praedicari;
