  <div class='ocr_page' id='page_1' title='image "/cluster/home/n/w/nwhite01/storage/ocr_20150623/140/nnc1.0046979905/698.png"; bbox 0 0 4444 6452; ppageno 0'>
   <div class='ocr_carea' id='block_1_1' title="bbox 244 434 377 490">
    <p class='ocr_par' dir='ltr' id='par_1_1' title="bbox 244 434 377 490">
     <span class='ocr_line' id='line_1_1' title="bbox 244 434 377 490; baseline 0 -2"><span class='ocrx_word' id='word_1_1' title='bbox 244 434 377 490; x_wconf 76' lang='grc'><strong>1365</strong></span> 
     </span>
    </p>
   </div>
   <div class='ocr_carea' id='block_1_2' title="bbox 1103 417 2782 484">
    <p class='ocr_par' dir='ltr' id='par_1_2' title="bbox 1103 417 2782 484">
     <span class='ocr_line' id='line_1_2' title="bbox 1103 417 2782 484; baseline -0.001 0"><span class='ocrx_word' id='word_1_2' title='bbox 1103 425 1459 484; x_wconf 80' lang='lat' dir='ltr'>THEODORI</span> <span class='ocrx_word' id='word_1_3' title='bbox 1496 427 1541 478; x_wconf 89' lang='lat' dir='ltr'>ll</span> <span class='ocrx_word' id='word_1_4' title='bbox 1581 420 1725 476; x_wconf 86' lang='lat' dir='ltr'>IMP.</span> <span class='ocrx_word' id='word_1_5' title='bbox 1769 419 1859 473; x_wconf 82' lang='lat' dir='ltr'>DE</span> <span class='ocrx_word' id='word_1_6' title='bbox 1901 417 2363 479; x_wconf 75' lang='lat' dir='ltr'>COMMUNIONE</span> <span class='ocrx_word' id='word_1_7' title='bbox 2400 426 2782 483; x_wconf 79' lang='lat' dir='ltr'>NATURALI.</span> 
     </span>
    </p>
   </div>
   <div class='ocr_carea' id='block_1_3' title="bbox 3522 424 3661 485">
    <p class='ocr_par' dir='ltr' id='par_1_3' title="bbox 3522 424 3661 485">
     <span class='ocr_line' id='line_1_3' title="bbox 3522 424 3661 485; baseline 0.029 -3"><span class='ocrx_word' id='word_1_8' title='bbox 3522 424 3661 485; x_wconf 76' lang='grc'>1366</span> 
     </span>
    </p>
   </div>
   <div class='ocr_carea' id='block_1_4' title="bbox 266 544 3636 628">
    <p class='ocr_par' dir='ltr' id='par_1_4' title="bbox 266 544 3636 628">
     <span class='ocr_line' id='line_1_4' title="bbox 266 544 3636 628; baseline -0.009 -19"><span class='ocrx_word' id='word_1_9' title='bbox 266 561 557 628; x_wconf 69' lang='grc' dir='ltr'>ἑμόρᾳωσεν</span> <span class='ocrx_word' id='word_1_10' title='bbox 615 556 643 613; x_wconf 75' lang='grc' dir='ltr'>ἢ</span> <span class='ocrx_word' id='word_1_11' title='bbox 698 558 765 606; x_wconf 83' lang='grc' dir='ltr'>τὰ</span> <span class='ocrx_word' id='word_1_12' title='bbox 812 557 1063 625; x_wconf 75' lang='grc' dir='ltr'>τρίγωνα,</span> <span class='ocrx_word' id='word_1_13' title='bbox 1118 551 1371 622; x_wconf 80' lang='grc' dir='ltr'>ἐξαίρετον</span> <span class='ocrx_word' id='word_1_14' title='bbox 1429 544 1487 599; x_wconf 77' lang='grc' dir='ltr'>δε</span> <span class='ocrx_word' id='word_1_15' title='bbox 1535 550 1591 597; x_wconf 87' lang='grc' dir='ltr'>τὸ</span> <span class='ocrx_word' id='word_1_16' title='bbox 1660 554 1866 617; x_wconf 74' lang='grc' dir='ltr'>πρῶτον</span> <span class='ocrx_word' id='word_1_17' title='bbox 1932 552 1977 596; x_wconf 75' lang='grc' dir='ltr'>Α</span> <span class='ocrx_word' id='word_1_18' title='bbox 2032 562 2127 604; x_wconf 78' lang='grc' dir='ltr'>τως</span> <span class='ocrx_word' id='word_1_19' title='bbox 2186 548 2331 615; x_wconf 57' lang='grc' dir='ltr'>αὑτὸ,</span> <span class='ocrx_word' id='word_1_20' title='bbox 2393 553 2526 601; x_wconf 72' lang='grc' dir='ltr'>ἔστω</span> <span class='ocrx_word' id='word_1_21' title='bbox 2580 554 2637 601; x_wconf 74' lang='grc' dir='ltr'><em>τὸ</em></span> <span class='ocrx_word' id='word_1_22' title='bbox 2694 556 2796 602; x_wconf 75' lang='grc' dir='ltr'><strong>ΑΒ</strong></span> <span class='ocrx_word' id='word_1_23' title='bbox 2829 555 2865 601; x_wconf 85' lang='grc' dir='ltr'>Γ</span> <span class='ocrx_word' id='word_1_24' title='bbox 2905 553 3299 622; x_wconf 46' lang='grc' dir='ltr'>Δτετράγωνονν</span> <span class='ocrx_word' id='word_1_25' title='bbox 3362 547 3636 625; x_wconf 62' lang='grc' dir='ltr'>διάμετροι</span> 
     </span>
    </p>
   </div>
   <div class='ocr_carea' id='block_1_5' title="bbox 265 628 1867 710">
    <p class='ocr_par' dir='ltr' id='par_1_5' title="bbox 265 628 1867 710">
     <span class='ocr_line' id='line_1_5' title="bbox 265 628 1867 710; baseline -0.009 -13"><span class='ocrx_word' id='word_1_26' title='bbox 265 653 353 697; x_wconf 77' lang='grc' dir='ltr'>καὶ</span> <span class='ocrx_word' id='word_1_27' title='bbox 384 642 487 696; x_wconf 80' lang='grc' dir='ltr'>οἷον</span> <span class='ocrx_word' id='word_1_28' title='bbox 519 645 639 700; x_wconf 72' lang='grc' dir='ltr'>ὅλην</span> <span class='ocrx_word' id='word_1_29' title='bbox 668 649 761 699; x_wconf 74' lang='grc' dir='ltr'>τὴν</span> <span class='ocrx_word' id='word_1_30' title='bbox 786 651 874 693; x_wconf 70' lang='grc' dir='ltr'>τοῦ</span> <span class='ocrx_word' id='word_1_31' title='bbox 916 638 1083 700; x_wconf 77' lang='grc' dir='ltr'>εἴδους</span> <span class='ocrx_word' id='word_1_32' title='bbox 1138 645 1257 710; x_wconf 62' lang='grc' dir='ltr'>ἔχον</span> <span class='ocrx_word' id='word_1_33' title='bbox 1320 640 1479 707; x_wconf 61' lang='grc' dir='ltr'>ἰσχύν</span> <span class='ocrx_word' id='word_1_34' title='bbox 1529 656 1539 667; x_wconf 92' lang='grc'><strong>·</strong></span> <span class='ocrx_word' id='word_1_35' title='bbox 1593 631 1771 690; x_wconf 74' lang='grc' dir='ltr'>ἐπειδὴ</span> <span class='ocrx_word' id='word_1_36' title='bbox 1810 628 1867 683; x_wconf 77' lang='grc' dir='ltr'>δε</span> 
     </span>
    </p>
   </div>
   <div class='ocr_carea' id='block_1_6' title="bbox 266 722 1865 800">
    <p class='ocr_par' dir='ltr' id='par_1_6' title="bbox 266 722 1865 800">
     <span class='ocr_line' id='line_1_6' title="bbox 266 722 1865 800; baseline -0.01 -15"><span class='ocrx_word' id='word_1_37' title='bbox 266 741 411 785; x_wconf 80' lang='grc' dir='ltr'>πᾶσα</span> <span class='ocrx_word' id='word_1_38' title='bbox 480 735 507 788; x_wconf 72' lang='grc' dir='ltr'>ἡ</span> <span class='ocrx_word' id='word_1_39' title='bbox 570 733 727 782; x_wconf 68' lang='grc' dir='ltr'>αὐτου</span> <span class='ocrx_word' id='word_1_40' title='bbox 774 730 1041 800; x_wconf 69' lang='grc' dir='ltr'>ἐπιφάνεια</span> <span class='ocrx_word' id='word_1_41' title='bbox 1104 733 1229 800; x_wconf 62' lang='grc' dir='ltr'>πρὸς</span> <span class='ocrx_word' id='word_1_42' title='bbox 1313 730 1367 777; x_wconf 73' lang='grc' dir='ltr'>τό</span> <span class='ocrx_word' id='word_1_43' title='bbox 1410 729 1611 795; x_wconf 77' lang='grc' dir='ltr'>κέντρον</span> <span class='ocrx_word' id='word_1_44' title='bbox 1650 722 1677 778; x_wconf 78' lang='grc' dir='ltr'><em>ὴ</em></span> <span class='ocrx_word' id='word_1_45' title='bbox 1735 724 1865 793; x_wconf 78' lang='grc' dir='ltr'>πρὸς</span> 
     </span>
    </p>
   </div>
   <div class='ocr_carea' id='block_1_7' title="bbox 267 812 1867 891">
    <p class='ocr_par' dir='ltr' id='par_1_7' title="bbox 267 812 1867 891">
     <span class='ocr_line' id='line_1_7' title="bbox 267 812 1867 891; baseline -0.009 -18"><span class='ocrx_word' id='word_1_46' title='bbox 267 828 417 891; x_wconf 74' lang='grc' dir='ltr'>ὄγκον</span> <span class='ocrx_word' id='word_1_47' title='bbox 449 822 619 883; x_wconf 80' lang='grc' dir='ltr'>ἐξισου</span> <span class='ocrx_word' id='word_1_48' title='bbox 650 818 930 890; x_wconf 59' lang='grc' dir='ltr'>ἐκδέχεται</span> <span class='ocrx_word' id='word_1_49' title='bbox 983 818 1153 887; x_wconf 53' lang='lat' dir='ltr'>lci-{nu</span> <span class='ocrx_word' id='word_1_50' title='bbox 1184 819 1211 874; x_wconf 77' lang='grc' dir='ltr'><em>ὴ</em></span> <span class='ocrx_word' id='word_1_51' title='bbox 1250 817 1509 871; x_wconf 73' lang='grc' dir='ltr'>ἐπίτασιν.</span> <span class='ocrx_word' id='word_1_52' title='bbox 1562 812 1654 862; x_wconf 58' lang='grc' dir='ltr'>οὐκ</span> <span class='ocrx_word' id='word_1_53' title='bbox 1693 813 1867 861; x_wconf 81' lang='grc' dir='ltr'>οἱνισοι</span> 
     </span>
    </p>
   </div>
   <div class='ocr_carea' id='block_1_8' title="bbox 268 903 1868 982">
    <p class='ocr_par' dir='ltr' id='par_1_8' title="bbox 268 903 1868 982">
     <span class='ocr_line' id='line_1_8' title="bbox 268 903 1868 982; baseline -0.009 -19"><span class='ocrx_word' id='word_1_54' title='bbox 268 910 541 982; x_wconf 68' lang='grc' dir='ltr'>συμϐῶσιν</span> <span class='ocrx_word' id='word_1_55' title='bbox 568 910 759 961; x_wconf 69' lang='grc' dir='ltr'>εὐθεῖαι</span> <span class='ocrx_word' id='word_1_56' title='bbox 788 912 840 959; x_wconf 85' lang='grc' dir='ltr'>αι</span> <span class='ocrx_word' id='word_1_57' title='bbox 887 910 1015 981; x_wconf 82' lang='grc' dir='ltr'>πρὸς</span> <span class='ocrx_word' id='word_1_58' title='bbox 1054 911 1112 958; x_wconf 80' lang='grc' dir='ltr'>τὸ</span> <span class='ocrx_word' id='word_1_59' title='bbox 1170 911 1375 977; x_wconf 78' lang='grc' dir='ltr'>κέντρον</span> <span class='ocrx_word' id='word_1_60' title='bbox 1422 903 1724 975; x_wconf 73' lang='grc' dir='ltr'>ἐρχόμεναι,</span> <span class='ocrx_word' id='word_1_61' title='bbox 1754 903 1868 950; x_wconf 70' lang='grc' dir='ltr'>οὔτε</span> 
     </span>
    </p>
   </div>
   <div class='ocr_carea' id='block_1_9' title="bbox 266 990 1869 1073">
    <p class='ocr_par' dir='ltr' id='par_1_9' title="bbox 266 990 1869 1073">
     <span class='ocr_line' id='line_1_9' title="bbox 266 990 1869 1073; baseline -0.008 -22"><span class='ocrx_word' id='word_1_62' title='bbox 266 1007 367 1073; x_wconf 69' lang='grc' dir='ltr'>μὴν</span> <span class='ocrx_word' id='word_1_63' title='bbox 399 1003 453 1051; x_wconf 80' lang='grc' dir='ltr'>αι</span> <span class='ocrx_word' id='word_1_64' title='bbox 482 1004 607 1073; x_wconf 86' lang='grc' dir='ltr'>πρὸς</span> <span class='ocrx_word' id='word_1_65' title='bbox 636 1003 723 1050; x_wconf 84' lang='grc' dir='ltr'>τὸν</span> <span class='ocrx_word' id='word_1_66' title='bbox 759 999 912 1068; x_wconf 73' lang='grc' dir='ltr'>ὁγκον</span> <span class='ocrx_word' id='word_1_67' title='bbox 967 1001 1251 1067; x_wconf 73' lang='grc' dir='ltr'>τεινάμεναι</span> <span class='ocrx_word' id='word_1_68' title='bbox 1305 990 1397 1044; x_wconf 81' lang='grc' dir='ltr'>διὰ</span> <span class='ocrx_word' id='word_1_69' title='bbox 1445 996 1536 1049; x_wconf 83' lang='grc' dir='ltr'>τὴν</span> <span class='ocrx_word' id='word_1_70' title='bbox 1586 991 1869 1061; x_wconf 73' lang='grc' dir='ltr'>πρόσθεσιν</span> 
     </span>
    </p>
   </div>
   <div class='ocr_carea' id='block_1_10' title="bbox 270 1078 1870 1158">
    <p class='ocr_par' dir='ltr' id='par_1_10' title="bbox 270 1078 1870 1158">
     <span class='ocr_line' id='line_1_10' title="bbox 270 1078 1870 1158; baseline -0.008 -18"><span class='ocrx_word' id='word_1_71' title='bbox 270 1091 414 1146; x_wconf 73' lang='grc' dir='ltr'>ἦτὴν</span> <span class='ocrx_word' id='word_1_72' title='bbox 445 1089 631 1158; x_wconf 71' lang='grc' dir='ltr'>λεῖψιν,</span> <span class='ocrx_word' id='word_1_73' title='bbox 665 1088 773 1138; x_wconf 72' lang='grc' dir='ltr'>αλλ’</span> <span class='ocrx_word' id='word_1_74' title='bbox 826 1084 937 1138; x_wconf 82' lang='grc' dir='ltr'>ἶσαι</span> <span class='ocrx_word' id='word_1_75' title='bbox 975 1085 1216 1144; x_wconf 52' lang='lat' dir='ltr'>amni;</span> <span class='ocrx_word' id='word_1_76' title='bbox 1267 1087 1526 1154; x_wconf 76' lang='grc' dir='ltr'>μένουσιν.</span> <span class='ocrx_word' id='word_1_77' title='bbox 1577 1078 1728 1130; x_wconf 69' lang='grc' dir='ltr'>Ἀλλὰ</span> <span class='ocrx_word' id='word_1_78' title='bbox 1781 1082 1870 1128; x_wconf 73' lang='grc' dir='ltr'>καὶ</span> 
     </span>
    </p>
   </div>
   <div class='ocr_carea' id='block_1_11' title="bbox 266 1166 1869 1248">
    <p class='ocr_par' dir='ltr' id='par_1_11' title="bbox 266 1166 1869 1248">
     <span class='ocr_line' id='line_1_11' title="bbox 266 1166 1869 1248; baseline -0.009 -19"><span class='ocrx_word' id='word_1_79' title='bbox 266 1184 411 1229; x_wconf 75' lang='grc' dir='ltr'>πάσα</span> <span class='ocrx_word' id='word_1_80' title='bbox 450 1175 731 1248; x_wconf 75' lang='grc' dir='ltr'>διάμετρος</span> <span class='ocrx_word' id='word_1_81' title='bbox 770 1179 1112 1248; x_wconf 77' lang='grc' dir='ltr'>περαιουμένη</span> <span class='ocrx_word' id='word_1_82' title='bbox 1177 1169 1270 1224; x_wconf 83' lang='grc' dir='ltr'>διὰ</span> <span class='ocrx_word' id='word_1_83' title='bbox 1335 1178 1424 1222; x_wconf 81' lang='grc' dir='ltr'>του</span> <span class='ocrx_word' id='word_1_84' title='bbox 1464 1174 1674 1241; x_wconf 81' lang='grc' dir='ltr'>κέντρου</span> <span class='ocrx_word' id='word_1_85' title='bbox 1707 1166 1869 1217; x_wconf 67' lang='grc' dir='ltr'>αὐτου</span> 
     </span>
    </p>
   </div>
   <div class='ocr_carea' id='block_1_12' title="bbox 266 1254 1870 1325">
    <p class='ocr_par' dir='ltr' id='par_1_12' title="bbox 266 1254 1870 1325">
     <span class='ocr_line' id='line_1_12' title="bbox 266 1254 1870 1325; baseline -0.007 -10"><span class='ocrx_word' id='word_1_86' title='bbox 266 1269 354 1322; x_wconf 68' lang='lat' dir='ltr'>itm</span> <span class='ocrx_word' id='word_1_87' title='bbox 400 1273 487 1317; x_wconf 88' lang='grc' dir='ltr'>ταῐ</span> <span class='ocrx_word' id='word_1_88' title='bbox 562 1268 755 1325; x_wconf 81' lang='grc' dir='ltr'>πάσαις</span> <span class='ocrx_word' id='word_1_89' title='bbox 808 1264 939 1319; x_wconf 81' lang='grc' dir='ltr'>ἐστὶ,</span> <span class='ocrx_word' id='word_1_90' title='bbox 1004 1262 1098 1313; x_wconf 78' lang='grc' dir='ltr'>κᾶν</span> <span class='ocrx_word' id='word_1_91' title='bbox 1144 1270 1235 1313; x_wconf 87' lang='grc' dir='ltr'>του</span> <span class='ocrx_word' id='word_1_92' title='bbox 1296 1258 1580 1318; x_wconf 77' lang='grc' dir='ltr'>ἐλάττονος,</span> <span class='ocrx_word' id='word_1_93' title='bbox 1632 1254 1726 1305; x_wconf 74' lang='grc' dir='ltr'>κᾶν</span> <span class='ocrx_word' id='word_1_94' title='bbox 1779 1262 1870 1305; x_wconf 74' lang='grc' dir='ltr'>τοῦ</span> 
     </span>
    </p>
   </div>
   <div class='ocr_carea' id='block_1_13' title="bbox 264 1346 1870 1426">
    <p class='ocr_par' dir='ltr' id='par_1_13' title="bbox 264 1346 1870 1426">
     <span class='ocr_line' id='line_1_13' title="bbox 264 1346 1870 1426; baseline -0.01 -19"><span class='ocrx_word' id='word_1_95' title='bbox 264 1359 513 1425; x_wconf 71' lang='grc' dir='ltr'>μείζονος.</span> <span class='ocrx_word' id='word_1_96' title='bbox 553 1361 754 1426; x_wconf 78' lang='grc' dir='ltr'>Ιιρὼτος</span> <span class='ocrx_word' id='word_1_97' title='bbox 785 1357 874 1424; x_wconf 72' lang='grc' dir='ltr'>μὲν</span> <span class='ocrx_word' id='word_1_98' title='bbox 897 1349 983 1403; x_wconf 80' lang='grc' dir='ltr'>οὖν</span> <span class='ocrx_word' id='word_1_99' title='bbox 1049 1356 1106 1402; x_wconf 88' lang='lat'>1&#39;6</span> <span class='ocrx_word' id='word_1_100' title='bbox 1138 1346 1278 1408; x_wconf 87' lang='grc' dir='ltr'>εἶδος</span> <span class='ocrx_word' id='word_1_101' title='bbox 1323 1349 1458 1398; x_wconf 79' lang='grc' dir='ltr'>κατα</span> <span class='ocrx_word' id='word_1_102' title='bbox 1503 1346 1650 1395; x_wconf 81' lang='grc' dir='ltr'>ποιὸν</span> <span class='ocrx_word' id='word_1_103' title='bbox 1704 1361 1870 1414; x_wconf 82' lang='grc' dir='ltr'>κρειτ-</span> 
     </span>
    </p>
   </div>
   <div class='ocr_carea' id='block_1_14' title="bbox 264 1428 1870 1514">
    <p class='ocr_par' dir='ltr' id='par_1_14' title="bbox 264 1428 1870 1514">
     <span class='ocr_line' id='line_1_14' title="bbox 264 1428 1870 1514; baseline -0.009 -19"><span class='ocrx_word' id='word_1_104' title='bbox 264 1450 423 1503; x_wconf 84' lang='grc' dir='ltr'>τόνως</span> <span class='ocrx_word' id='word_1_105' title='bbox 496 1449 591 1500; x_wconf 76' lang='grc' dir='ltr'>τὴν</span> <span class='ocrx_word' id='word_1_106' title='bbox 669 1450 892 1514; x_wconf 78' lang='grc' dir='ltr'>σφαῖραν</span> <span class='ocrx_word' id='word_1_107' title='bbox 950 1440 1237 1511; x_wconf 71' lang='grc' dir='ltr'>ἐμόρφωσε,</span> <span class='ocrx_word' id='word_1_108' title='bbox 1299 1433 1553 1506; x_wconf 75' lang='grc' dir='ltr'>δευτέρως</span> <span class='ocrx_word' id='word_1_109' title='bbox 1599 1428 1657 1483; x_wconf 81' lang='grc' dir='ltr'>δέ</span> <span class='ocrx_word' id='word_1_110' title='bbox 1708 1450 1767 1502; x_wconf 75' lang='grc' dir='ltr'>γε</span> <span class='ocrx_word' id='word_1_111' title='bbox 1813 1435 1870 1481; x_wconf 87' lang='grc' dir='ltr'>το</span> 
     </span>
    </p>
   </div>
   <div class='ocr_carea' id='block_1_15' title="bbox 265 1524 1871 1602">
    <p class='ocr_par' dir='ltr' id='par_1_15' title="bbox 265 1524 1871 1602">
     <span class='ocr_line' id='line_1_15' title="bbox 265 1524 1871 1602; baseline -0.009 -20"><span class='ocrx_word' id='word_1_112' title='bbox 265 1534 606 1602; x_wconf 70' lang='grc' dir='ltr'>τετράγωνον,</span> <span class='ocrx_word' id='word_1_113' title='bbox 637 1528 868 1602; x_wconf 70' lang='grc' dir='ltr'>διαφέρει</span> <span class='ocrx_word' id='word_1_114' title='bbox 894 1528 951 1581; x_wconf 76' lang='grc' dir='ltr'>δὲ</span> <span class='ocrx_word' id='word_1_115' title='bbox 1009 1531 1088 1581; x_wconf 85' lang='grc' dir='ltr'>ὅτι</span> <span class='ocrx_word' id='word_1_116' title='bbox 1142 1531 1199 1579; x_wconf 89' lang='grc' dir='ltr'>τὸ</span> <span class='ocrx_word' id='word_1_117' title='bbox 1268 1529 1357 1597; x_wconf 79' lang='grc' dir='ltr'>μὲν</span> <span class='ocrx_word' id='word_1_118' title='bbox 1414 1524 1494 1574; x_wconf 74' lang='grc' dir='ltr'>ἀεὶ</span> <span class='ocrx_word' id='word_1_119' title='bbox 1543 1527 1631 1572; x_wconf 80' lang='grc' dir='ltr'>καὶ</span> <span class='ocrx_word' id='word_1_120' title='bbox 1682 1538 1871 1571; x_wconf 89' lang='grc' dir='ltr'>παντα-</span> 
     </span>
    </p>
   </div>
   <div class='ocr_carea' id='block_1_16' title="bbox 264 1612 1871 1691">
    <p class='ocr_par' dir='ltr' id='par_1_16' title="bbox 264 1612 1871 1691">
     <span class='ocr_line' id='line_1_16' title="bbox 264 1612 1871 1691; baseline -0.009 -21"><span class='ocrx_word' id='word_1_121' title='bbox 264 1621 442 1688; x_wconf 79' lang='grc' dir='ltr'>χόθεν,</span> <span class='ocrx_word' id='word_1_122' title='bbox 507 1620 597 1679; x_wconf 67' lang='grc' dir='ltr'>ταῖς</span> <span class='ocrx_word' id='word_1_123' title='bbox 663 1639 716 1672; x_wconf 86' lang='grc' dir='ltr'>τε</span> <span class='ocrx_word' id='word_1_124' title='bbox 775 1616 1083 1691; x_wconf 79' lang='grc' dir='ltr'>διαμέτρους</span> <span class='ocrx_word' id='word_1_125' title='bbox 1130 1620 1224 1676; x_wconf 81' lang='grc' dir='ltr'>τας</span> <span class='ocrx_word' id='word_1_126' title='bbox 1280 1633 1334 1665; x_wconf 89' lang='grc' dir='ltr'>τε</span> <span class='ocrx_word' id='word_1_127' title='bbox 1390 1614 1520 1684; x_wconf 84' lang='grc' dir='ltr'>πρὸς</span> <span class='ocrx_word' id='word_1_128' title='bbox 1560 1614 1617 1660; x_wconf 82' lang='grc' dir='ltr'>τὸ</span> <span class='ocrx_word' id='word_1_129' title='bbox 1666 1612 1871 1681; x_wconf 81' lang='grc' dir='ltr'>κέντρον</span> 
     </span>
    </p>
   </div>
   <div class='ocr_carea' id='block_1_17' title="bbox 270 1692 1871 1780">
    <p class='ocr_par' dir='ltr' id='par_1_17' title="bbox 270 1692 1871 1780">
     <span class='ocr_line' id='line_1_17' title="bbox 270 1692 1871 1780; baseline -0.007 -24"><span class='ocrx_word' id='word_1_130' title='bbox 270 1706 640 1779; x_wconf 79' lang='grc' dir='ltr'>εἰσερχομένοις</span> <span class='ocrx_word' id='word_1_131' title='bbox 690 1711 961 1780; x_wconf 70' lang='grc' dir='ltr'>γραμμὰς,</span> <span class='ocrx_word' id='word_1_132' title='bbox 1018 1704 1197 1757; x_wconf 73' lang='grc' dir='ltr'>διόλου</span> <span class='ocrx_word' id='word_1_133' title='bbox 1268 1706 1406 1775; x_wconf 75' lang='grc' dir='ltr'>φέρει</span> <span class='ocrx_word' id='word_1_134' title='bbox 1462 1699 1658 1761; x_wconf 81' lang='grc' dir='ltr'>ἐξίσου,</span> <span class='ocrx_word' id='word_1_135' title='bbox 1710 1699 1766 1746; x_wconf 89' lang='grc' dir='ltr'>τὸ</span> <span class='ocrx_word' id='word_1_136' title='bbox 1813 1692 1871 1747; x_wconf 78' lang='grc' dir='ltr'>δὲ</span> 
     </span>
    </p>
   </div>
   <div class='ocr_carea' id='block_1_18' title="bbox 263 1784 1866 1869">
    <p class='ocr_par' dir='ltr' id='par_1_18' title="bbox 263 1784 1866 1869">
     <span class='ocr_line' id='line_1_18' title="bbox 263 1784 1866 1869; baseline -0.007 -22"><span class='ocrx_word' id='word_1_137' title='bbox 263 1797 327 1845; x_wconf 79' lang='grc' dir='ltr'>τὰ</span> <span class='ocrx_word' id='word_1_138' title='bbox 357 1798 446 1865; x_wconf 72' lang='grc' dir='ltr'>μὲν</span> <span class='ocrx_word' id='word_1_139' title='bbox 501 1801 630 1869; x_wconf 75' lang='grc' dir='ltr'>μέρη</span> <span class='ocrx_word' id='word_1_140' title='bbox 692 1794 783 1849; x_wconf 88' lang='grc' dir='ltr'>ἶσα</span> <span class='ocrx_word' id='word_1_141' title='bbox 821 1800 935 1868; x_wconf 81' lang='grc' dir='ltr'>ἔχει</span> <span class='ocrx_word' id='word_1_142' title='bbox 981 1800 1091 1858; x_wconf 77' lang='grc' dir='ltr'>καὶ,</span> <span class='ocrx_word' id='word_1_143' title='bbox 1144 1794 1186 1845; x_wconf 85' lang='grc' dir='ltr'>εἰ</span> <span class='ocrx_word' id='word_1_144' title='bbox 1237 1795 1491 1862; x_wconf 79' lang='grc' dir='ltr'>τέμνοιτο,</span> <span class='ocrx_word' id='word_1_145' title='bbox 1550 1786 1577 1843; x_wconf 77' lang='grc' dir='ltr'>ἡ</span> <span class='ocrx_word' id='word_1_146' title='bbox 1635 1784 1866 1849; x_wconf 69' lang='grc' dir='ltr'>αὔξοιτο,</span> 
     </span>
    </p>
   </div>
   <div class='ocr_carea' id='block_1_19' title="bbox 569 1936 1580 2939">
    <p class='ocr_par' dir='ltr' id='par_1_19' title="bbox 578 1941 1571 2934">
     <span class='ocr_line' id='line_1_19' title="bbox 578 1941 1571 2934; baseline 0.012 -500"><span class='ocrx_word' id='word_1_147' title='bbox 578 1941 1571 2934; x_wconf 48' lang='lat'>(3</span> 
     </span>
     <span class='ocr_line' id='line_1_20' title="bbox 613 2282 1563 2821; baseline -0.039 4"><span class='ocrx_word' id='word_1_148' title='bbox 632 2282 1332 2821; x_wconf 35' lang='lat' dir='ltr'>si”</span> <span class='ocrx_word' id='word_1_149' title='bbox 1350 2450 1563 2780; x_wconf 75' lang='grc' dir='ltr'>ι</span> 
     </span>
    </p>
   </div>
   <div class='ocr_carea' id='block_1_20' title="bbox 252 2994 1857 3069">
    <p class='ocr_par' dir='ltr' id='par_1_20' title="bbox 252 2994 1857 3069">
     <span class='ocr_line' id='line_1_21' title="bbox 252 2994 1857 3069; baseline -0.004 -17"><span class='ocrx_word' id='word_1_150' title='bbox 252 3001 341 3053; x_wconf 81' lang='grc' dir='ltr'>ἱσα</span> <span class='ocrx_word' id='word_1_151' title='bbox 392 3009 481 3055; x_wconf 82' lang='grc' dir='ltr'>καὶ</span> <span class='ocrx_word' id='word_1_152' title='bbox 520 3003 669 3054; x_wconf 60' lang='lat' dir='ltr'>milva</span> <span class='ocrx_word' id='word_1_153' title='bbox 722 3003 836 3069; x_wconf 72' lang='grc' dir='ltr'>ἔχει</span> <span class='ocrx_word' id='word_1_154' title='bbox 874 3002 937 3049; x_wconf 76' lang='grc' dir='ltr'>τα</span> <span class='ocrx_word' id='word_1_155' title='bbox 1003 3003 1157 3069; x_wconf 78' lang='grc' dir='ltr'>μέρη,</span> <span class='ocrx_word' id='word_1_156' title='bbox 1218 2997 1350 3054; x_wconf 78' lang='grc' dir='ltr'>πλην</span> <span class='ocrx_word' id='word_1_157' title='bbox 1400 3000 1488 3057; x_wconf 81' lang='grc' dir='ltr'>τὰς</span> <span class='ocrx_word' id='word_1_158' title='bbox 1544 2994 1857 3069; x_wconf 75' lang='grc' dir='ltr'>διαμέτρους</span> 
     </span>
    </p>
   </div>
   <div class='ocr_carea' id='block_1_21' title="bbox 249 3079 1852 3164">
    <p class='ocr_par' dir='ltr' id='par_1_21' title="bbox 249 3079 1852 3164">
     <span class='ocr_line' id='line_1_22' title="bbox 249 3079 1852 3164; baseline -0.003 -25"><span class='ocrx_word' id='word_1_159' title='bbox 249 3089 459 3152; x_wconf 77' lang='grc' dir='ltr'>ἀνίσους</span> <span class='ocrx_word' id='word_1_160' title='bbox 491 3094 620 3164; x_wconf 80' lang='grc' dir='ltr'>πρὸς</span> <span class='ocrx_word' id='word_1_161' title='bbox 658 3092 715 3139; x_wconf 87' lang='grc' dir='ltr'>τὸ</span> <span class='ocrx_word' id='word_1_162' title='bbox 755 3092 961 3159; x_wconf 80' lang='grc' dir='ltr'>κέντρον</span> <span class='ocrx_word' id='word_1_163' title='bbox 1001 3089 1115 3157; x_wconf 73' lang='grc' dir='ltr'>ἔχει</span> <span class='ocrx_word' id='word_1_164' title='bbox 1170 3106 1223 3137; x_wconf 73' lang='grc' dir='ltr'>τε</span> <span class='ocrx_word' id='word_1_165' title='bbox 1282 3091 1370 3136; x_wconf 80' lang='grc' dir='ltr'>καὶ</span> <span class='ocrx_word' id='word_1_166' title='bbox 1424 3089 1592 3145; x_wconf 81' lang='grc' dir='ltr'>ἴσους.</span> <span class='ocrx_word' id='word_1_167' title='bbox 1640 3079 1852 3140; x_wconf 74' lang='grc' dir='ltr'>Ἐπειδὴ</span> 
     </span>
    </p>
   </div>
   <div class='ocr_carea' id='block_1_22' title="bbox 244 3172 1854 3252">
    <p class='ocr_par' dir='ltr' id='par_1_22' title="bbox 244 3172 1854 3252">
     <span class='ocr_line' id='line_1_23' title="bbox 244 3172 1854 3252; baseline -0.005 -22"><span class='ocrx_word' id='word_1_168' title='bbox 244 3182 344 3252; x_wconf 75' lang='grc' dir='ltr'>γὰρ</span> <span class='ocrx_word' id='word_1_169' title='bbox 426 3180 481 3229; x_wconf 80' lang='grc' dir='ltr'>αἱ</span> <span class='ocrx_word' id='word_1_170' title='bbox 548 3182 637 3250; x_wconf 76' lang='grc' dir='ltr'>μὲν</span> <span class='ocrx_word' id='word_1_171' title='bbox 689 3178 1148 3247; x_wconf 80' lang='grc' dir='ltr'>σχηματισθεῖσαι</span> <span class='ocrx_word' id='word_1_172' title='bbox 1206 3172 1318 3226; x_wconf 87' lang='grc' dir='ltr'>ἶσον</span> <span class='ocrx_word' id='word_1_173' title='bbox 1374 3174 1497 3226; x_wconf 69' lang='grc' dir='ltr'>αὐτὸ</span> <span class='ocrx_word' id='word_1_174' title='bbox 1555 3178 1645 3225; x_wconf 79' lang='grc' dir='ltr'>καὶ</span> <span class='ocrx_word' id='word_1_175' title='bbox 1704 3172 1854 3224; x_wconf 68' lang='grc' dir='ltr'>πάλιν</span> 
     </span>
    </p>
   </div>
   <div class='ocr_carea' id='block_1_23' title="bbox 242 3258 1849 3333">
    <p class='ocr_par' dir='ltr' id='par_1_23' title="bbox 242 3258 1849 3333">
     <span class='ocr_line' id='line_1_24' title="bbox 242 3258 1849 3333; baseline -0.004 -16"><span class='ocrx_word' id='word_1_176' title='bbox 242 3276 503 3333; x_wconf 77' lang='grc' dir='ltr'>ποιοῦσιν,</span> <span class='ocrx_word' id='word_1_177' title='bbox 535 3270 590 3318; x_wconf 80' lang='grc' dir='ltr'>αἱ</span> <span class='ocrx_word' id='word_1_178' title='bbox 623 3263 681 3318; x_wconf 73' lang='grc' dir='ltr'>δὲ</span> <span class='ocrx_word' id='word_1_179' title='bbox 713 3268 899 3316; x_wconf 73' lang='grc' dir='ltr'>τούτου</span> <span class='ocrx_word' id='word_1_180' title='bbox 943 3261 1242 3328; x_wconf 71' lang='grc' dir='ltr'>διπλάσιον,</span> <span class='ocrx_word' id='word_1_181' title='bbox 1302 3260 1468 3325; x_wconf 83' lang='grc' dir='ltr'>δεῖξαι</span> <span class='ocrx_word' id='word_1_182' title='bbox 1521 3259 1580 3314; x_wconf 75' lang='grc' dir='ltr'>δὲ</span> <span class='ocrx_word' id='word_1_183' title='bbox 1630 3258 1709 3314; x_wconf 87' lang='grc' dir='ltr'>δεῖ</span> <span class='ocrx_word' id='word_1_184' title='bbox 1762 3262 1849 3312; x_wconf 77' lang='grc' dir='ltr'>οῦ-</span> 
     </span>
    </p>
   </div>
   <div class='ocr_carea' id='block_1_24' title="bbox 212 3440 1868 3512">
    <p class='ocr_par' dir='ltr' id='par_1_24' title="bbox 212 3440 1868 3512">
     <span class='ocr_line' id='line_1_25' title="bbox 212 3440 1868 3512; baseline -0.004 -14"><span class='ocrx_word' id='word_1_185' title='bbox 212 3444 380 3512; x_wconf 88' lang='lat' dir='ltr'>dam,</span> <span class='ocrx_word' id='word_1_186' title='bbox 398 3444 759 3500; x_wconf 80' lang='lat' dir='ltr'>informasse</span> <span class='ocrx_word' id='word_1_187' title='bbox 774 3442 1080 3511; x_wconf 80' lang='lat' dir='ltr'>globosas,</span> <span class='ocrx_word' id='word_1_188' title='bbox 1098 3441 1519 3511; x_wconf 77' lang='lat' dir='ltr'>triangulares,</span> <span class='ocrx_word' id='word_1_189' title='bbox 1545 3446 1598 3495; x_wconf 91' lang='lat' dir='ltr'>et</span> <span class='ocrx_word' id='word_1_190' title='bbox 1612 3440 1868 3511; x_wconf 85' lang='lat' dir='ltr'>quadra-</span> 
     </span>
    </p>
   </div>
   <div class='ocr_carea' id='block_1_25' title="bbox 212 3526 1866 3602">
    <p class='ocr_par' dir='ltr' id='par_1_25' title="bbox 212 3526 1866 3602">
     <span class='ocr_line' id='line_1_26' title="bbox 212 3526 1866 3602; baseline -0.003 -16"><span class='ocrx_word' id='word_1_191' title='bbox 212 3536 301 3587; x_wconf 91' lang='lat' dir='ltr'>tas</span> <span class='ocrx_word' id='word_1_192' title='bbox 340 3533 585 3602; x_wconf 83' lang='lat' dir='ltr'>ﬁguras,</span> <span class='ocrx_word' id='word_1_193' title='bbox 621 3539 739 3587; x_wconf 86' lang='lat' dir='ltr'>tum</span> <span class='ocrx_word' id='word_1_194' title='bbox 768 3531 910 3585; x_wconf 89' lang='lat' dir='ltr'>illud</span> <span class='ocrx_word' id='word_1_195' title='bbox 944 3532 1002 3585; x_wconf 89' lang='lat' dir='ltr'>in</span> <span class='ocrx_word' id='word_1_196' title='bbox 1022 3536 1280 3584; x_wconf 86' lang='lat' dir='ltr'>mentem</span> <span class='ocrx_word' id='word_1_197' title='bbox 1314 3545 1669 3583; x_wconf 82' lang='lat' dir='ltr'>revocamus</span> <span class='ocrx_word' id='word_1_198' title='bbox 1702 3526 1866 3598; x_wconf 90' lang='lat' dir='ltr'>quod</span> 
     </span>
    </p>
   </div>
   <div class='ocr_carea' id='block_1_26' title="bbox 211 3616 1869 3691">
    <p class='ocr_par' dir='ltr' id='par_1_26' title="bbox 211 3616 1869 3691">
     <span class='ocr_line' id='line_1_27' title="bbox 211 3616 1869 3691; baseline -0.003 -16"><span class='ocrx_word' id='word_1_199' title='bbox 211 3621 495 3676; x_wconf 82' lang='lat' dir='ltr'>diximus.</span> <span class='ocrx_word' id='word_1_200' title='bbox 533 3624 627 3676; x_wconf 87' lang='lat' dir='ltr'>Est</span> <span class='ocrx_word' id='word_1_201' title='bbox 659 3629 859 3675; x_wconf 89' lang='lat' dir='ltr'>autem</span> <span class='ocrx_word' id='word_1_202' title='bbox 910 3620 1105 3691; x_wconf 90' lang='lat' dir='ltr'>prima</span> <span class='ocrx_word' id='word_1_203' title='bbox 1166 3618 1267 3673; x_wconf 90' lang='lat' dir='ltr'>illa</span> <span class='ocrx_word' id='word_1_204' title='bbox 1339 3618 1535 3685; x_wconf 81' lang='lat' dir='ltr'>ﬁgura</span> <span class='ocrx_word' id='word_1_205' title='bbox 1579 3616 1869 3687; x_wconf 76' lang='lat' dir='ltr'>sphaerica</span> 
     </span>
    </p>
   </div>
   <div class='ocr_carea' id='block_1_27' title="bbox 210 3705 1866 3781">
    <p class='ocr_par' dir='ltr' id='par_1_27' title="bbox 210 3705 1866 3781">
     <span class='ocr_line' id='line_1_28' title="bbox 210 3705 1866 3781; baseline -0.002 -17"><span class='ocrx_word' id='word_1_206' title='bbox 210 3710 725 3781; x_wconf 43' lang='lat' dir='ltr'>praestantissima,</span> <span class='ocrx_word' id='word_1_207' title='bbox 752 3724 887 3781; x_wconf 70' lang='lat' dir='ltr'>quae</span> <span class='ocrx_word' id='word_1_208' title='bbox 916 3708 1092 3762; x_wconf 83' lang='lat' dir='ltr'>veluti</span> <span class='ocrx_word' id='word_1_209' title='bbox 1122 3713 1308 3762; x_wconf 88' lang='lat' dir='ltr'>totam</span> <span class='ocrx_word' id='word_1_210' title='bbox 1340 3706 1550 3761; x_wconf 69' lang='lat' dir='ltr'>formae</span> <span class='ocrx_word' id='word_1_211' title='bbox 1577 3706 1697 3760; x_wconf 86' lang='lat' dir='ltr'>vim</span> <span class='ocrx_word' id='word_1_212' title='bbox 1715 3705 1866 3760; x_wconf 85' lang='lat' dir='ltr'>obti-</span> 
     </span>
    </p>
   </div>
   <div class='ocr_carea' id='block_1_28' title="bbox 211 3794 1869 3868">
    <p class='ocr_par' dir='ltr' id='par_1_28' title="bbox 211 3794 1869 3868">
     <span class='ocr_line' id='line_1_29' title="bbox 211 3794 1869 3868; baseline -0.003 -14"><span class='ocrx_word' id='word_1_213' title='bbox 211 3804 327 3854; x_wconf 85' lang='lat' dir='ltr'>net.</span> <span class='ocrx_word' id='word_1_214' title='bbox 364 3800 659 3864; x_wconf 84' lang='lat' dir='ltr'>Quoniam</span> <span class='ocrx_word' id='word_1_215' title='bbox 685 3800 845 3853; x_wconf 88' lang='lat' dir='ltr'>enim</span> <span class='ocrx_word' id='word_1_216' title='bbox 873 3803 994 3852; x_wconf 88' lang='lat' dir='ltr'>tota</span> <span class='ocrx_word' id='word_1_217' title='bbox 1023 3796 1214 3868; x_wconf 82' lang='lat' dir='ltr'>ipsius</span> <span class='ocrx_word' id='word_1_218' title='bbox 1247 3794 1596 3867; x_wconf 87' lang='lat' dir='ltr'>superﬁcies</span> <span class='ocrx_word' id='word_1_219' title='bbox 1626 3795 1704 3850; x_wconf 90' lang='lat' dir='ltr'>ad</span> <span class='ocrx_word' id='word_1_220' title='bbox 1727 3810 1869 3850; x_wconf 91' lang='lat' dir='ltr'>cen-</span> 
     </span>
    </p>
   </div>
   <div class='ocr_carea' id='block_1_29' title="bbox 212 3885 1871 3957">
    <p class='ocr_par' dir='ltr' id='par_1_29' title="bbox 212 3885 1871 3957">
     <span class='ocr_line' id='line_1_30' title="bbox 212 3885 1871 3957; baseline -0.003 -14"><span class='ocrx_word' id='word_1_221' title='bbox 212 3894 391 3951; x_wconf 89' lang='lat' dir='ltr'>trum,</span> <span class='ocrx_word' id='word_1_222' title='bbox 420 3894 472 3943; x_wconf 90' lang='lat' dir='ltr'>et</span> <span class='ocrx_word' id='word_1_223' title='bbox 510 3888 586 3943; x_wconf 90' lang='lat' dir='ltr'>ad</span> <span class='ocrx_word' id='word_1_224' title='bbox 638 3886 858 3942; x_wconf 92' lang='lat' dir='ltr'>molem</span> <span class='ocrx_word' id='word_1_225' title='bbox 918 3891 1005 3940; x_wconf 88' lang='lat' dir='ltr'>est</span> <span class='ocrx_word' id='word_1_226' title='bbox 1062 3885 1367 3957; x_wconf 65' lang='lat' dir='ltr'>aequaliter</span> <span class='ocrx_word' id='word_1_227' title='bbox 1425 3886 1759 3955; x_wconf 87' lang='lat' dir='ltr'>composita</span> <span class='ocrx_word' id='word_1_228' title='bbox 1816 3890 1871 3939; x_wconf 90' lang='lat' dir='ltr'>et</span> 
     </span>
    </p>
   </div>
   <div class='ocr_carea' id='block_1_30' title="bbox 210 3974 1867 4048">
    <p class='ocr_par' dir='ltr' id='par_1_30' title="bbox 210 3974 1867 4048">
     <span class='ocr_line' id='line_1_31' title="bbox 210 3974 1867 4048; baseline -0.003 -16"><span class='ocrx_word' id='word_1_229' title='bbox 210 3977 518 4048; x_wconf 69' lang='lat' dir='ltr'>aequaliter</span> <span class='ocrx_word' id='word_1_230' title='bbox 549 3977 802 4048; x_wconf 86' lang='lat' dir='ltr'>suscipit</span> <span class='ocrx_word' id='word_1_231' title='bbox 850 3975 1319 4030; x_wconf 89' lang='lat' dir='ltr'>subtractionem</span> <span class='ocrx_word' id='word_1_232' title='bbox 1374 3983 1429 4029; x_wconf 87' lang='lat' dir='ltr'>et</span> <span class='ocrx_word' id='word_1_233' title='bbox 1475 3974 1867 4029; x_wconf 89' lang='lat' dir='ltr'>additionem.</span> 
     </span>
    </p>
   </div>
   <div class='ocr_carea' id='block_1_31' title="bbox 214 4063 1869 4135">
    <p class='ocr_par' dir='ltr' id='par_1_31' title="bbox 214 4063 1869 4135">
     <span class='ocr_line' id='line_1_32' title="bbox 214 4063 1869 4135; baseline -0.002 -14"><span class='ocrx_word' id='word_1_234' title='bbox 214 4083 358 4122; x_wconf 85' lang='lat' dir='ltr'>sane</span> <span class='ocrx_word' id='word_1_235' title='bbox 388 4074 561 4121; x_wconf 68' lang='lat' dir='ltr'>rectae</span> <span class='ocrx_word' id='word_1_236' title='bbox 588 4066 779 4131; x_wconf 70' lang='lat' dir='ltr'>lineae,</span> <span class='ocrx_word' id='word_1_237' title='bbox 809 4082 944 4135; x_wconf 63' lang='lat' dir='ltr'>qute</span> <span class='ocrx_word' id='word_1_238' title='bbox 976 4064 1053 4119; x_wconf 91' lang='lat' dir='ltr'>ad</span> <span class='ocrx_word' id='word_1_239' title='bbox 1096 4071 1367 4119; x_wconf 85' lang='lat' dir='ltr'>centrum</span> <span class='ocrx_word' id='word_1_240' title='bbox 1384 4063 1751 4129; x_wconf 90' lang='lat' dir='ltr'>deferuntur,</span> <span class='ocrx_word' id='word_1_241' title='bbox 1787 4063 1869 4117; x_wconf 87' lang='lat' dir='ltr'>in-</span> 
     </span>
    </p>
   </div>
   <div class='ocr_carea' id='block_1_32' title="bbox 210 4152 1870 4227">
    <p class='ocr_par' dir='ltr' id='par_1_32' title="bbox 210 4152 1870 4227">
     <span class='ocr_line' id='line_1_33' title="bbox 210 4152 1870 4227; baseline -0.002 -18"><span class='ocrx_word' id='word_1_242' title='bbox 210 4156 475 4227; x_wconf 78' lang='lat' dir='ltr'>aequales</span> <span class='ocrx_word' id='word_1_243' title='bbox 496 4171 625 4210; x_wconf 88' lang='lat' dir='ltr'>esse</span> <span class='ocrx_word' id='word_1_244' title='bbox 646 4171 767 4210; x_wconf 90' lang='lat' dir='ltr'>non</span> <span class='ocrx_word' id='word_1_245' title='bbox 797 4161 1096 4226; x_wconf 89' lang='lat' dir='ltr'>poterunt,</span> <span class='ocrx_word' id='word_1_246' title='bbox 1131 4169 1327 4225; x_wconf 89' lang='lat' dir='ltr'>neque</span> <span class='ocrx_word' id='word_1_247' title='bbox 1359 4154 1538 4208; x_wconf 89' lang='lat' dir='ltr'>etiam</span> <span class='ocrx_word' id='word_1_248' title='bbox 1573 4152 1687 4207; x_wconf 67' lang='lat' dir='ltr'>illae</span> <span class='ocrx_word' id='word_1_249' title='bbox 1732 4168 1870 4223; x_wconf 64' lang='lat' dir='ltr'>qum</span> 
     </span>
    </p>
   </div>
   <div class='ocr_carea' id='block_1_33' title="bbox 210 4240 1868 4305">
    <p class='ocr_par' dir='ltr' id='par_1_33' title="bbox 210 4240 1868 4305">
     <span class='ocr_line' id='line_1_34' title="bbox 210 4240 1868 4305; baseline -0.002 -6"><span class='ocrx_word' id='word_1_250' title='bbox 210 4245 287 4299; x_wconf 85' lang='lat' dir='ltr'>ad</span> <span class='ocrx_word' id='word_1_251' title='bbox 322 4245 542 4299; x_wconf 88' lang='lat' dir='ltr'>molem</span> <span class='ocrx_word' id='word_1_252' title='bbox 573 4245 845 4303; x_wconf 84' lang='lat' dir='ltr'>tendunt.</span> <span class='ocrx_word' id='word_1_253' title='bbox 890 4243 1011 4297; x_wconf 89' lang='lat' dir='ltr'>sive</span> <span class='ocrx_word' id='word_1_254' title='bbox 1043 4242 1235 4297; x_wconf 85' lang='lat' dir='ltr'>addas</span> <span class='ocrx_word' id='word_1_255' title='bbox 1268 4242 1391 4296; x_wconf 90' lang='lat' dir='ltr'>sive</span> <span class='ocrx_word' id='word_1_256' title='bbox 1449 4241 1705 4305; x_wconf 87' lang='lat' dir='ltr'>adimas,</span> <span class='ocrx_word' id='word_1_257' title='bbox 1765 4240 1868 4295; x_wconf 91' lang='lat' dir='ltr'>sed</span> 
     </span>
    </p>
   </div>
   <div class='ocr_carea' id='block_1_34' title="bbox 209 4330 1872 4404">
    <p class='ocr_par' dir='ltr' id='par_1_34' title="bbox 209 4330 1872 4404">
     <span class='ocr_line' id='line_1_35' title="bbox 209 4330 1872 4404; baseline -0.002 -16"><span class='ocrx_word' id='word_1_258' title='bbox 209 4334 473 4404; x_wconf 66' lang='lat' dir='ltr'>aequales</span> <span class='ocrx_word' id='word_1_259' title='bbox 497 4334 654 4388; x_wconf 89' lang='lat' dir='ltr'>inter</span> <span class='ocrx_word' id='word_1_260' title='bbox 678 4349 737 4387; x_wconf 91' lang='lat' dir='ltr'>se</span> <span class='ocrx_word' id='word_1_261' title='bbox 767 4331 1121 4387; x_wconf 85' lang='lat' dir='ltr'>manebunt.</span> <span class='ocrx_word' id='word_1_262' title='bbox 1152 4331 1304 4396; x_wconf 91' lang='lat' dir='ltr'>Quin</span> <span class='ocrx_word' id='word_1_263' title='bbox 1333 4330 1511 4386; x_wconf 90' lang='lat' dir='ltr'>etiam</span> <span class='ocrx_word' id='word_1_264' title='bbox 1536 4330 1872 4385; x_wconf 83' lang='lat' dir='ltr'>omnisdia-</span> 
     </span>
    </p>
   </div>
   <div class='ocr_carea' id='block_1_35' title="bbox 206 4419 1867 4491">
    <p class='ocr_par' dir='ltr' id='par_1_35' title="bbox 206 4419 1867 4491">
     <span class='ocr_line' id='line_1_36' title="bbox 206 4419 1867 4491; baseline -0.001 -16"><span class='ocrx_word' id='word_1_265' title='bbox 206 4420 584 4476; x_wconf 87' lang='lat' dir='ltr'>meterducta</span> <span class='ocrx_word' id='word_1_266' title='bbox 607 4436 713 4491; x_wconf 91' lang='lat' dir='ltr'>per</span> <span class='ocrx_word' id='word_1_267' title='bbox 739 4419 1235 4491; x_wconf 84' lang='lat' dir='ltr'>centrumipsius,</span> <span class='ocrx_word' id='word_1_268' title='bbox 1277 4419 1635 4490; x_wconf 69' lang='lat' dir='ltr'>esttequalis</span> <span class='ocrx_word' id='word_1_269' title='bbox 1674 4420 1867 4474; x_wconf 89' lang='lat' dir='ltr'>omni-</span> 
     </span>
    </p>
   </div>
   <div class='ocr_carea' id='block_1_36' title="bbox 202 4506 1947 4577">
    <p class='ocr_par' dir='ltr' id='par_1_36' title="bbox 202 4506 1947 4577">
     <span class='ocr_line' id='line_1_37' title="bbox 202 4506 1947 4577; baseline -0.004 -13"><span class='ocrx_word' id='word_1_270' title='bbox 202 4510 317 4564; x_wconf 85' lang='lat' dir='ltr'>bus</span> <span class='ocrx_word' id='word_1_271' title='bbox 345 4509 672 4577; x_wconf 88' lang='lat' dir='ltr'>diametris,</span> <span class='ocrx_word' id='word_1_272' title='bbox 702 4509 903 4565; x_wconf 88' lang='lat' dir='ltr'>tumin</span> <span class='ocrx_word' id='word_1_273' title='bbox 938 4509 1189 4575; x_wconf 90' lang='lat' dir='ltr'>minore,</span> <span class='ocrx_word' id='word_1_274' title='bbox 1218 4514 1345 4563; x_wconf 87' lang='lat' dir='ltr'>tum</span> <span class='ocrx_word' id='word_1_275' title='bbox 1395 4510 1574 4563; x_wconf 89' lang='lat' dir='ltr'>etiam</span> <span class='ocrx_word' id='word_1_276' title='bbox 1629 4511 1687 4563; x_wconf 87' lang='lat' dir='ltr'>in</span> <span class='ocrx_word' id='word_1_277' title='bbox 1747 4525 1870 4565; x_wconf 87' lang='lat' dir='ltr'>ma-</span> <span class='ocrx_word' id='word_1_278' title='bbox 1903 4506 1947 4557; x_wconf 92' lang='lat' dir='ltr'><strong>D</strong></span> 
     </span>
    </p>
   </div>
   <div class='ocr_carea' id='block_1_37' title="bbox 198 4596 1867 4671">
    <p class='ocr_par' dir='ltr' id='par_1_37' title="bbox 198 4596 1867 4671">
     <span class='ocr_line' id='line_1_38' title="bbox 198 4596 1867 4671; baseline -0.001 -16"><span class='ocrx_word' id='word_1_279' title='bbox 198 4600 329 4671; x_wconf 90' lang='lat' dir='ltr'>jore</span> <span class='ocrx_word' id='word_1_280' title='bbox 352 4599 552 4668; x_wconf 75' lang='lat' dir='ltr'>globo.</span> <span class='ocrx_word' id='word_1_281' title='bbox 578 4600 840 4653; x_wconf 84' lang='lat' dir='ltr'>Primum</span> <span class='ocrx_word' id='word_1_282' title='bbox 874 4598 1051 4667; x_wconf 83' lang='lat' dir='ltr'>igitur</span> <span class='ocrx_word' id='word_1_283' title='bbox 1076 4596 1272 4653; x_wconf 89' lang='lat' dir='ltr'>forma</span> <span class='ocrx_word' id='word_1_284' title='bbox 1299 4614 1369 4652; x_wconf 83' lang='lat' dir='ltr'>ex</span> <span class='ocrx_word' id='word_1_285' title='bbox 1400 4598 1684 4669; x_wconf 89' lang='lat' dir='ltr'>qualitate</span> <span class='ocrx_word' id='word_1_286' title='bbox 1712 4614 1867 4669; x_wconf 70' lang='lat' dir='ltr'>prte-</span> 
     </span>
    </p>
   </div>
   <div class='ocr_carea' id='block_1_38' title="bbox 203 4686 1864 4757">
    <p class='ocr_par' dir='ltr' id='par_1_38' title="bbox 203 4686 1864 4757">
     <span class='ocr_line' id='line_1_39' title="bbox 203 4686 1864 4757; baseline 0 -14"><span class='ocrx_word' id='word_1_287' title='bbox 203 4690 459 4743; x_wconf 83' lang='lat' dir='ltr'>stantius</span> <span class='ocrx_word' id='word_1_288' title='bbox 494 4687 743 4757; x_wconf 80' lang='lat' dir='ltr'>globum</span> <span class='ocrx_word' id='word_1_289' title='bbox 763 4687 1124 4742; x_wconf 82' lang='lat' dir='ltr'>informavit.</span> <span class='ocrx_word' id='word_1_290' title='bbox 1158 4687 1432 4742; x_wconf 87' lang='lat' dir='ltr'>Secundo</span> <span class='ocrx_word' id='word_1_291' title='bbox 1455 4686 1589 4741; x_wconf 88' lang='lat' dir='ltr'>loco</span> <span class='ocrx_word' id='word_1_292' title='bbox 1606 4687 1864 4757; x_wconf 88' lang='lat' dir='ltr'>quadra-</span> 
     </span>
    </p>
   </div>
   <div class='ocr_carea' id='block_1_39' title="bbox 209 4777 1863 4848">
    <p class='ocr_par' dir='ltr' id='par_1_39' title="bbox 209 4777 1863 4848">
     <span class='ocr_line' id='line_1_40' title="bbox 209 4777 1863 4848; baseline 0 -16"><span class='ocrx_word' id='word_1_293' title='bbox 209 4785 355 4833; x_wconf 89' lang='lat' dir='ltr'>tum.</span> <span class='ocrx_word' id='word_1_294' title='bbox 390 4778 678 4832; x_wconf 75' lang='lat' dir='ltr'>Differunt</span> <span class='ocrx_word' id='word_1_295' title='bbox 712 4784 913 4831; x_wconf 88' lang='lat' dir='ltr'>autem</span> <span class='ocrx_word' id='word_1_296' title='bbox 940 4777 1093 4831; x_wconf 89' lang='lat' dir='ltr'>inter</span> <span class='ocrx_word' id='word_1_297' title='bbox 1121 4792 1204 4844; x_wconf 90' lang='lat' dir='ltr'>se,</span> <span class='ocrx_word' id='word_1_298' title='bbox 1237 4777 1401 4848; x_wconf 88' lang='lat' dir='ltr'>quod</span> <span class='ocrx_word' id='word_1_299' title='bbox 1432 4778 1670 4848; x_wconf 83' lang='lat' dir='ltr'>sphaera</span> <span class='ocrx_word' id='word_1_300' title='bbox 1699 4778 1863 4832; x_wconf 89' lang='lat' dir='ltr'>omni</span> 
     </span>
    </p>
   </div>
   <div class='ocr_carea' id='block_1_40' title="bbox 204 4866 1863 4937">
    <p class='ocr_par' dir='ltr' id='par_1_40' title="bbox 204 4866 1863 4937">
     <span class='ocr_line' id='line_1_41' title="bbox 204 4866 1863 4937; baseline 0 -15"><span class='ocrx_word' id='word_1_301' title='bbox 204 4883 277 4922; x_wconf 78' lang='lat' dir='ltr'>ex</span> <span class='ocrx_word' id='word_1_302' title='bbox 308 4874 473 4937; x_wconf 87' lang='lat' dir='ltr'>parte</span> <span class='ocrx_word' id='word_1_303' title='bbox 507 4869 836 4922; x_wconf 80' lang='lat' dir='ltr'>diametros</span> <span class='ocrx_word' id='word_1_304' title='bbox 871 4875 926 4921; x_wconf 87' lang='lat' dir='ltr'>et</span> <span class='ocrx_word' id='word_1_305' title='bbox 954 4866 1030 4920; x_wconf 83' lang='lat' dir='ltr'>ad</span> <span class='ocrx_word' id='word_1_306' title='bbox 1085 4873 1356 4921; x_wconf 80' lang='lat' dir='ltr'>centrum</span> <span class='ocrx_word' id='word_1_307' title='bbox 1413 4867 1627 4921; x_wconf 76' lang='lat' dir='ltr'>ductas</span> <span class='ocrx_word' id='word_1_308' title='bbox 1679 4868 1863 4923; x_wconf 89' lang='lat' dir='ltr'>lineas</span> 
     </span>
    </p>
   </div>
   <div class='ocr_carea' id='block_1_41' title="bbox 202 4957 1862 5028">
    <p class='ocr_par' dir='ltr' id='par_1_41' title="bbox 202 4957 1862 5028">
     <span class='ocr_line' id='line_1_42' title="bbox 202 4957 1862 5028; baseline 0.001 -16"><span class='ocrx_word' id='word_1_309' title='bbox 202 4957 737 5028; x_wconf 66' lang='lat' dir='ltr'>habeataequalcs.</span> <span class='ocrx_word' id='word_1_310' title='bbox 809 4957 1178 5021; x_wconf 77' lang='lat' dir='ltr'>Quadratum</span> <span class='ocrx_word' id='word_1_311' title='bbox 1250 4973 1387 5011; x_wconf 88' lang='lat' dir='ltr'>vero</span> <span class='ocrx_word' id='word_1_312' title='bbox 1438 4964 1637 5028; x_wconf 88' lang='lat' dir='ltr'>partes</span> <span class='ocrx_word' id='word_1_313' title='bbox 1683 4958 1862 5013; x_wconf 86' lang='lat' dir='ltr'>habet</span> 
     </span>
    </p>
   </div>
   <div class='ocr_carea' id='block_1_42' title="bbox 204 5047 1855 5117">
    <p class='ocr_par' dir='ltr' id='par_1_42' title="bbox 204 5047 1855 5117">
     <span class='ocr_line' id='line_1_43' title="bbox 204 5047 1855 5117; baseline 0 -16"><span class='ocrx_word' id='word_1_314' title='bbox 204 5047 467 5117; x_wconf 65' lang='lat' dir='ltr'>mquales</span> <span class='ocrx_word' id='word_1_315' title='bbox 496 5059 551 5100; x_wconf 84' lang='lat' dir='ltr'>et</span> <span class='ocrx_word' id='word_1_316' title='bbox 601 5047 726 5101; x_wconf 81' lang='lat' dir='ltr'>sive</span> <span class='ocrx_word' id='word_1_317' title='bbox 761 5051 1131 5099; x_wconf 81' lang='lat' dir='ltr'>seceturswe</span> <span class='ocrx_word' id='word_1_318' title='bbox 1156 5047 1550 5100; x_wconf 59' lang='lat' dir='ltr'>accretionem</span> <span class='ocrx_word' id='word_1_319' title='bbox 1570 5048 1855 5117; x_wconf 84' lang='lat' dir='ltr'>suscipiat</span> 
     </span>
    </p>
   </div>
   <div class='ocr_carea' id='block_1_43' title="bbox 203 5134 1856 5206">
    <p class='ocr_par' dir='ltr' id='par_1_43' title="bbox 203 5134 1856 5206">
     <span class='ocr_line' id='line_1_44' title="bbox 203 5134 1856 5206; baseline 0 -17"><span class='ocrx_word' id='word_1_320' title='bbox 203 5134 463 5205; x_wconf 65' lang='lat' dir='ltr'>aequales</span> <span class='ocrx_word' id='word_1_321' title='bbox 497 5152 703 5190; x_wconf 82' lang='lat' dir='ltr'>rursus</span> <span class='ocrx_word' id='word_1_322' title='bbox 744 5134 924 5189; x_wconf 86' lang='lat' dir='ltr'>habet</span> <span class='ocrx_word' id='word_1_323' title='bbox 989 5140 1185 5204; x_wconf 85' lang='lat' dir='ltr'>partes</span> <span class='ocrx_word' id='word_1_324' title='bbox 1241 5137 1502 5206; x_wconf 82' lang='lat' dir='ltr'>exceptis</span> <span class='ocrx_word' id='word_1_325' title='bbox 1553 5135 1856 5191; x_wconf 84' lang='lat' dir='ltr'>diametris</span> 
     </span>
    </p>
   </div>
   <div class='ocr_carea' id='block_1_44' title="bbox 200 5223 1856 5295">
    <p class='ocr_par' dir='ltr' id='par_1_44' title="bbox 200 5223 1856 5295">
     <span class='ocr_line' id='line_1_45' title="bbox 200 5223 1856 5295; baseline 0.002 -19"><span class='ocrx_word' id='word_1_326' title='bbox 200 5240 353 5295; x_wconf 88' lang='lat' dir='ltr'>quos</span> <span class='ocrx_word' id='word_1_327' title='bbox 382 5241 489 5295; x_wconf 88' lang='lat' dir='ltr'>per</span> <span class='ocrx_word' id='word_1_328' title='bbox 515 5232 784 5279; x_wconf 82' lang='lat' dir='ltr'>centrum</span> <span class='ocrx_word' id='word_1_329' title='bbox 819 5225 1031 5279; x_wconf 85' lang='lat' dir='ltr'>ductas</span> <span class='ocrx_word' id='word_1_330' title='bbox 1082 5223 1292 5293; x_wconf 82' lang='lat' dir='ltr'>partim</span> <span class='ocrx_word' id='word_1_331' title='bbox 1346 5224 1608 5295; x_wconf 66' lang='lat' dir='ltr'>aequales</span> <span class='ocrx_word' id='word_1_332' title='bbox 1656 5225 1856 5295; x_wconf 86' lang='lat' dir='ltr'>habet,</span> 
     </span>
    </p>
   </div>
   <div class='ocr_carea' id='block_1_45' title="bbox 197 5313 1859 5385">
    <p class='ocr_par' dir='ltr' id='par_1_45' title="bbox 197 5313 1859 5385">
     <span class='ocr_line' id='line_1_46' title="bbox 197 5313 1859 5385; baseline 0.002 -18"><span class='ocrx_word' id='word_1_333' title='bbox 197 5314 412 5384; x_wconf 86' lang='lat' dir='ltr'>partim</span> <span class='ocrx_word' id='word_1_334' title='bbox 474 5313 825 5385; x_wconf 71' lang='lat' dir='ltr'>inaequales.</span> <span class='ocrx_word' id='word_1_335' title='bbox 882 5314 1383 5384; x_wconf 81' lang='lat' dir='ltr'>quandoquidem</span> <span class='ocrx_word' id='word_1_336' title='bbox 1436 5329 1507 5368; x_wconf 77' lang='lat' dir='ltr'>ex</span> <span class='ocrx_word' id='word_1_337' title='bbox 1553 5314 1859 5371; x_wconf 82' lang='lat' dir='ltr'>diametris</span> 
     </span>
    </p>
   </div>
   <div class='ocr_carea' id='block_1_46' title="bbox 193 5400 1857 5475">
    <p class='ocr_par' dir='ltr' id='par_1_46' title="bbox 193 5400 1857 5475">
     <span class='ocr_line' id='line_1_47' title="bbox 193 5400 1857 5475; baseline 0.004 -20"><span class='ocrx_word' id='word_1_338' title='bbox 193 5400 627 5473; x_wconf 84' lang='lat' dir='ltr'>quadratorum</span> <span class='ocrx_word' id='word_1_339' title='bbox 655 5402 940 5473; x_wconf 75' lang='lat' dir='ltr'>quaedam</span> <span class='ocrx_word' id='word_1_340' title='bbox 976 5401 1031 5455; x_wconf 89' lang='lat' dir='ltr'>iu</span> <span class='ocrx_word' id='word_1_341' title='bbox 1066 5401 1293 5467; x_wconf 70' lang='lat' dir='ltr'>ﬁguras</span> <span class='ocrx_word' id='word_1_342' title='bbox 1336 5402 1592 5457; x_wconf 72' lang='lat' dir='ltr'>redactae</span> <span class='ocrx_word' id='word_1_343' title='bbox 1627 5406 1857 5475; x_wconf 66' lang='lat' dir='ltr'>aequale</span> 
     </span>
    </p>
   </div>
   <div class='ocr_carea' id='block_1_47' title="bbox 195 5490 1856 5564">
    <p class='ocr_par' dir='ltr' id='par_1_47' title="bbox 195 5490 1856 5564">
     <span class='ocr_line' id='line_1_48' title="bbox 195 5490 1856 5564; baseline 0.003 -19"><span class='ocrx_word' id='word_1_344' title='bbox 195 5492 554 5564; x_wconf 86' lang='lat' dir='ltr'>quadratum</span> <span class='ocrx_word' id='word_1_345' title='bbox 575 5509 778 5546; x_wconf 81' lang='lat' dir='ltr'>rursus</span> <span class='ocrx_word' id='word_1_346' title='bbox 790 5490 1077 5555; x_wconf 76' lang='lat' dir='ltr'>efﬁciunt,</span> <span class='ocrx_word' id='word_1_347' title='bbox 1094 5490 1223 5546; x_wconf 67' lang='lat' dir='ltr'>alia:</span> <span class='ocrx_word' id='word_1_348' title='bbox 1242 5508 1380 5546; x_wconf 88' lang='lat' dir='ltr'>vero</span> <span class='ocrx_word' id='word_1_349' title='bbox 1393 5492 1668 5562; x_wconf 88' lang='lat' dir='ltr'>duplum.</span> <span class='ocrx_word' id='word_1_350' title='bbox 1687 5500 1856 5559; x_wconf 87' lang='lat' dir='ltr'>Quod</span> 
     </span>
    </p>
   </div>
   <div class='ocr_carea' id='block_1_48' title="bbox 196 5582 1858 5655">
    <p class='ocr_par' dir='ltr' id='par_1_48' title="bbox 196 5582 1858 5655">
     <span class='ocr_line' id='line_1_49' title="bbox 196 5582 1858 5655; baseline 0.004 -20"><span class='ocrx_word' id='word_1_351' title='bbox 196 5582 309 5636; x_wconf 89' lang='lat' dir='ltr'>hoc</span> <span class='ocrx_word' id='word_1_352' title='bbox 340 5583 521 5637; x_wconf 83' lang='lat' dir='ltr'>modo</span> <span class='ocrx_word' id='word_1_353' title='bbox 552 5583 1093 5637; x_wconf 83' lang='lat' dir='ltr'>demonstrandum</span> <span class='ocrx_word' id='word_1_354' title='bbox 1112 5590 1217 5636; x_wconf 82' lang='lat' dir='ltr'>est.</span> <span class='ocrx_word' id='word_1_355' title='bbox 1256 5584 1578 5637; x_wconf 67' lang='lat' dir='ltr'>listoABCl)</span> <span class='ocrx_word' id='word_1_356' title='bbox 1604 5586 1858 5655; x_wconf 82' lang='lat' dir='ltr'>quadra-</span> 
     </span>
    </p>
   </div>
   <div class='ocr_carea' id='block_1_49' title="bbox 196 5671 1857 5741">
    <p class='ocr_par' dir='ltr' id='par_1_49' title="bbox 196 5671 1857 5741">
     <span class='ocr_line' id='line_1_50' title="bbox 196 5671 1857 5741; baseline 0.003 -16"><span class='ocrx_word' id='word_1_357' title='bbox 196 5678 345 5733; x_wconf 78' lang='lat' dir='ltr'>tum,</span> <span class='ocrx_word' id='word_1_358' title='bbox 378 5671 652 5726; x_wconf 84' lang='lat' dir='ltr'>diametri</span> <span class='ocrx_word' id='word_1_359' title='bbox 685 5687 821 5727; x_wconf 86' lang='lat' dir='ltr'>vero</span> <span class='ocrx_word' id='word_1_360' title='bbox 852 5672 974 5726; x_wconf 88' lang='lat' dir='ltr'>duo</span> <span class='ocrx_word' id='word_1_361' title='bbox 1009 5672 1113 5734; x_wconf 79' lang='lat' dir='ltr'>BC,</span> <span class='ocrx_word' id='word_1_362' title='bbox 1142 5671 1233 5725; x_wconf 81' lang='grc' dir='ltr'>ΝΟ</span> <span class='ocrx_word' id='word_1_363' title='bbox 1255 5687 1387 5741; x_wconf 82' lang='lat' dir='ltr'>quae</span> <span class='ocrx_word' id='word_1_364' title='bbox 1415 5682 1615 5728; x_wconf 83' lang='lat' dir='ltr'>scceut</span> <span class='ocrx_word' id='word_1_365' title='bbox 1640 5676 1698 5729; x_wconf 90' lang='lat' dir='ltr'>in</span> <span class='ocrx_word' id='word_1_366' title='bbox 1722 5692 1857 5730; x_wconf 82' lang='lat' dir='ltr'>cen-</span> 
     </span>
    </p>
   </div>
   <div class='ocr_carea' id='block_1_50' title="bbox 196 5760 1857 5833">
    <p class='ocr_par' dir='ltr' id='par_1_50' title="bbox 196 5760 1857 5833">
     <span class='ocr_line' id='line_1_51' title="bbox 196 5760 1857 5833; baseline 0.003 -17"><span class='ocrx_word' id='word_1_367' title='bbox 196 5765 287 5816; x_wconf 88' lang='lat' dir='ltr'>tro</span> <span class='ocrx_word' id='word_1_368' title='bbox 324 5760 383 5814; x_wconf 78' lang='grc' dir='ltr'>Ι).</span> <span class='ocrx_word' id='word_1_369' title='bbox 416 5764 627 5817; x_wconf 88' lang='lat' dir='ltr'>Totum</span> <span class='ocrx_word' id='word_1_370' title='bbox 658 5761 1026 5833; x_wconf 89' lang='lat' dir='ltr'>quadratum</span> <span class='ocrx_word' id='word_1_371' title='bbox 1058 5760 1117 5815; x_wconf 90' lang='lat' dir='ltr'>in</span> <span class='ocrx_word' id='word_1_372' title='bbox 1157 5760 1281 5815; x_wconf 88' lang='lat' dir='ltr'>duo</span> <span class='ocrx_word' id='word_1_373' title='bbox 1313 5763 1571 5833; x_wconf 89' lang='lat' dir='ltr'>trapesia</span> <span class='ocrx_word' id='word_1_374' title='bbox 1608 5764 1857 5820; x_wconf 88' lang='lat' dir='ltr'>eodem-</span> 
     </span>
    </p>
   </div>
   <div class='ocr_carea' id='block_1_51' title="bbox 2034 629 3637 710">
    <p class='ocr_par' dir='ltr' id='par_1_51' title="bbox 2034 629 3637 710">
     <span class='ocr_line' id='line_1_52' title="bbox 2034 629 3637 710; baseline 0.005 -27"><span class='ocrx_word' id='word_1_375' title='bbox 2034 629 2092 684; x_wconf 74' lang='grc' dir='ltr'>δὲ</span> <span class='ocrx_word' id='word_1_376' title='bbox 2116 636 2143 690; x_wconf 73' lang='grc' dir='ltr'><strong>ἡ</strong></span> <span class='ocrx_word' id='word_1_377' title='bbox 2179 643 2211 686; x_wconf 83' lang='grc' dir='ltr'>Β</span> <span class='ocrx_word' id='word_1_378' title='bbox 2236 643 2269 687; x_wconf 89' lang='grc' dir='ltr'><strong><em>Γ</em></strong></span> <span class='ocrx_word' id='word_1_379' title='bbox 2300 643 2344 688; x_wconf 88' lang='grc' dir='ltr'><strong>Ν</strong></span> <span class='ocrx_word' id='word_1_380' title='bbox 2374 647 2419 689; x_wconf 76' lang='grc' dir='ltr'>Ω.</span> <span class='ocrx_word' id='word_1_381' title='bbox 2449 644 2693 710; x_wconf 79' lang='grc' dir='ltr'>τέμνουσι</span> <span class='ocrx_word' id='word_1_382' title='bbox 2723 635 2780 690; x_wconf 74' lang='grc' dir='ltr'>δὲ</span> <span class='ocrx_word' id='word_1_383' title='bbox 2824 641 3233 708; x_wconf 73' lang='grc' dir='ltr'>συζευγνύμεναι</span> <span class='ocrx_word' id='word_1_384' title='bbox 3294 639 3450 689; x_wconf 72' lang='grc' dir='ltr'>αὗται</span> <span class='ocrx_word' id='word_1_385' title='bbox 3502 643 3637 691; x_wconf 83' lang='grc' dir='ltr'>κατὰ</span> 
     </span>
    </p>
   </div>
   <div class='ocr_carea' id='block_1_52' title="bbox 2032 722 3634 801">
    <p class='ocr_par' dir='ltr' id='par_1_52' title="bbox 2032 722 3634 801">
     <span class='ocr_line' id='line_1_53' title="bbox 2032 722 3634 801; baseline 0.004 -29"><span class='ocrx_word' id='word_1_386' title='bbox 2032 726 2085 772; x_wconf 81' lang='grc' dir='ltr'>το</span> <span class='ocrx_word' id='word_1_387' title='bbox 2135 732 2340 797; x_wconf 78' lang='grc' dir='ltr'>κέντρον</span> <span class='ocrx_word' id='word_1_388' title='bbox 2371 731 2500 778; x_wconf 78' lang='grc' dir='ltr'>Χτο</span> <span class='ocrx_word' id='word_1_389' title='bbox 2547 726 2657 778; x_wconf 82' lang='grc' dir='ltr'>ὁ)ον</span> <span class='ocrx_word' id='word_1_390' title='bbox 2710 730 2776 787; x_wconf 80' lang='grc' dir='ltr'>εἷς</span> <span class='ocrx_word' id='word_1_391' title='bbox 2821 745 2873 778; x_wconf 88' lang='grc' dir='ltr'>τε</span> <span class='ocrx_word' id='word_1_392' title='bbox 2928 722 3022 777; x_wconf 74' lang='grc' dir='ltr'>δύο</span> <span class='ocrx_word' id='word_1_393' title='bbox 3074 727 3331 797; x_wconf 79' lang='grc' dir='ltr'>τραπέζια</span> <span class='ocrx_word' id='word_1_394' title='bbox 3386 732 3475 778; x_wconf 79' lang='grc' dir='ltr'>καὶ</span> <span class='ocrx_word' id='word_1_395' title='bbox 3527 734 3634 801; x_wconf 85' lang='grc' dir='ltr'>τρί-</span> 
     </span>
    </p>
   </div>
   <div class='ocr_carea' id='block_1_53' title="bbox 2030 812 3636 879">
    <p class='ocr_par' dir='ltr' id='par_1_53' title="bbox 2030 812 3636 879">
     <span class='ocr_line' id='line_1_54' title="bbox 2030 812 3636 879; baseline 0.004 -17"><span class='ocrx_word' id='word_1_396' title='bbox 2030 830 2171 879; x_wconf 71' lang='grc' dir='ltr'>γωνα</span> <span class='ocrx_word' id='word_1_397' title='bbox 2248 813 2291 864; x_wconf 82' lang='grc' dir='ltr'>θ’</span> <span class='ocrx_word' id='word_1_398' title='bbox 2365 817 2615 875; x_wconf 81' lang='grc' dir='ltr'>ὡσαύτως</span> <span class='ocrx_word' id='word_1_399' title='bbox 2685 812 2803 879; x_wconf 79' lang='grc' dir='ltr'>δύο,</span> <span class='ocrx_word' id='word_1_400' title='bbox 2842 814 3173 872; x_wconf 75' lang='grc' dir='ltr'>ἐκϐεϐλήσθω</span> <span class='ocrx_word' id='word_1_401' title='bbox 3206 816 3235 871; x_wconf 79' lang='grc' dir='ltr'><strong>ἠ</strong></span> <span class='ocrx_word' id='word_1_402' title='bbox 3269 821 3314 867; x_wconf 89' lang='grc' dir='ltr'><strong>Ν</strong></span> <span class='ocrx_word' id='word_1_403' title='bbox 3348 822 3384 867; x_wconf 82' lang='grc' dir='ltr'><strong>Α</strong></span> <span class='ocrx_word' id='word_1_404' title='bbox 3419 817 3512 877; x_wconf 80' lang='grc' dir='ltr'>ἕως</span> <span class='ocrx_word' id='word_1_405' title='bbox 3540 824 3636 876; x_wconf 84' lang='grc' dir='ltr'>τῆς</span> 
     </span>
    </p>
   </div>
   <div class='ocr_carea' id='block_1_54' title="bbox 2034 898 3636 964">
    <p class='ocr_par' dir='ltr' id='par_1_54' title="bbox 2034 898 3636 964">
     <span class='ocr_line' id='line_1_55' title="bbox 2034 898 3636 964; baseline 0.004 -15"><span class='ocrx_word' id='word_1_406' title='bbox 2034 905 2064 949; x_wconf 83' lang='grc' dir='ltr'>Σ</span> <span class='ocrx_word' id='word_1_407' title='bbox 2100 920 2111 931; x_wconf 75' lang='grc' dir='ltr'>ο</span> <span class='ocrx_word' id='word_1_408' title='bbox 2146 903 2277 951; x_wconf 82' lang='grc' dir='ltr'>ἔστω</span> <span class='ocrx_word' id='word_1_409' title='bbox 2310 898 2368 953; x_wconf 68' lang='grc' dir='ltr'>δὲ</span> <span class='ocrx_word' id='word_1_410' title='bbox 2394 904 2513 964; x_wconf 65' lang='grc' dir='ltr'>ιζ»ςή</span> <span class='ocrx_word' id='word_1_411' title='bbox 2550 909 2591 954; x_wconf 90' lang='grc' dir='ltr'><strong>Ν</strong></span> <span class='ocrx_word' id='word_1_412' title='bbox 2634 911 2672 957; x_wconf 83' lang='grc' dir='ltr'><strong>Α</strong></span> <span class='ocrx_word' id='word_1_413' title='bbox 2706 906 2733 961; x_wconf 72' lang='grc' dir='ltr'>ἡ</span> <span class='ocrx_word' id='word_1_414' title='bbox 2782 911 2807 956; x_wconf 67' lang='grc' dir='ltr'><strong>Α</strong></span> <span class='ocrx_word' id='word_1_415' title='bbox 2839 911 2870 955; x_wconf 89' lang='grc' dir='ltr'>Σ</span> <span class='ocrx_word' id='word_1_416' title='bbox 2911 923 2922 936; x_wconf 91' lang='grc'><strong>·</strong></span> <span class='ocrx_word' id='word_1_417' title='bbox 2958 902 3287 959; x_wconf 69' lang='grc' dir='ltr'>ἐκϐεϐλήσθω</span> <span class='ocrx_word' id='word_1_418' title='bbox 3317 899 3376 954; x_wconf 75' lang='grc' dir='ltr'>δε</span> <span class='ocrx_word' id='word_1_419' title='bbox 3406 909 3495 955; x_wconf 82' lang='grc' dir='ltr'>καὶ</span> <span class='ocrx_word' id='word_1_420' title='bbox 3526 906 3555 961; x_wconf 83' lang='grc' dir='ltr'><strong>ἠ</strong></span> <span class='ocrx_word' id='word_1_421' title='bbox 3589 912 3636 955; x_wconf 86' lang='grc' dir='ltr'>Ω</span> 
     </span>
    </p>
   </div>
   <div class='ocr_carea' id='block_1_55' title="bbox 2034 988 3633 1064">
    <p class='ocr_par' dir='ltr' id='par_1_55' title="bbox 2034 988 3633 1064">
     <span class='ocr_line' id='line_1_56' title="bbox 2034 988 3633 1064; baseline 0.004 -26"><span class='ocrx_word' id='word_1_422' title='bbox 2034 993 2071 1039; x_wconf 90' lang='grc' dir='ltr'>Γ</span> <span class='ocrx_word' id='word_1_423' title='bbox 2096 994 2183 1040; x_wconf 79' lang='grc' dir='ltr'>καὶ</span> <span class='ocrx_word' id='word_1_424' title='bbox 2241 993 2269 1048; x_wconf 73' lang='grc' dir='ltr'>ἡ</span> <span class='ocrx_word' id='word_1_425' title='bbox 2303 997 2338 1041; x_wconf 84' lang='grc' dir='ltr'><strong><em>Γ</em></strong></span> <span class='ocrx_word' id='word_1_426' title='bbox 2368 998 2413 1044; x_wconf 83' lang='grc' dir='ltr'><strong><em>Ψ</em></strong></span> <span class='ocrx_word' id='word_1_427' title='bbox 2449 995 2567 1053; x_wconf 81' lang='grc' dir='ltr'>ὼςή</span> <span class='ocrx_word' id='word_1_428' title='bbox 2606 1000 2643 1045; x_wconf 84' lang='grc' dir='ltr'>Α</span> <span class='ocrx_word' id='word_1_429' title='bbox 2674 999 2709 1045; x_wconf 87' lang='grc' dir='ltr'><strong><em>Γ</em></strong></span> <span class='ocrx_word' id='word_1_430' title='bbox 2738 1014 2751 1025; x_wconf 89' lang='grc'><strong>·</strong></span> <span class='ocrx_word' id='word_1_431' title='bbox 2781 990 3103 1064; x_wconf 79' lang='grc' dir='ltr'>ἀχθὴτωσαν</span> <span class='ocrx_word' id='word_1_432' title='bbox 3170 988 3229 1044; x_wconf 72' lang='grc' dir='ltr'>δὲ</span> <span class='ocrx_word' id='word_1_433' title='bbox 3273 997 3361 1044; x_wconf 82' lang='grc' dir='ltr'>καὶ</span> <span class='ocrx_word' id='word_1_434' title='bbox 3410 992 3510 1045; x_wconf 78' lang='grc' dir='ltr'>ἀπὸ</span> <span class='ocrx_word' id='word_1_435' title='bbox 3541 1002 3633 1045; x_wconf 82' lang='grc' dir='ltr'>τοῦ</span> 
     </span>
    </p>
   </div>
   <div class='ocr_carea' id='block_1_56' title="bbox 2032 1078 3633 1153">
    <p class='ocr_par' dir='ltr' id='par_1_56' title="bbox 2032 1078 3633 1153">
     <span class='ocr_line' id='line_1_57' title="bbox 2032 1078 3633 1153; baseline 0.004 -24"><span class='ocrx_word' id='word_1_436' title='bbox 2032 1084 2242 1152; x_wconf 73' lang='grc' dir='ltr'>κέντρου</span> <span class='ocrx_word' id='word_1_437' title='bbox 2284 1080 2475 1132; x_wconf 73' lang='grc' dir='ltr'>εὐθεῖαι</span> <span class='ocrx_word' id='word_1_438' title='bbox 2527 1086 2658 1153; x_wconf 86' lang='grc' dir='ltr'>πρὸς</span> <span class='ocrx_word' id='word_1_439' title='bbox 2706 1085 2772 1133; x_wconf 82' lang='grc' dir='ltr'>τὰ</span> <span class='ocrx_word' id='word_1_440' title='bbox 2803 1090 2847 1134; x_wconf 79' lang='grc' dir='ltr'>Θ</span> <span class='ocrx_word' id='word_1_441' title='bbox 2878 1086 3041 1134; x_wconf 80' lang='grc' dir='ltr'>Μκαὶ</span> <span class='ocrx_word' id='word_1_442' title='bbox 3102 1078 3251 1143; x_wconf 82' lang='grc' dir='ltr'>αὖθις</span> <span class='ocrx_word' id='word_1_443' title='bbox 3306 1080 3633 1139; x_wconf 72' lang='grc' dir='ltr'>ἕκϐεϐλήσθω</span> 
     </span>
    </p>
   </div>
   <div class='ocr_carea' id='block_1_57' title="bbox 2164 1244 3517 2367">
    <p class='ocr_par' dir='ltr' id='par_1_57' title="bbox 2168 1249 3513 2294">
     <span class='ocr_line' id='line_1_58' title="bbox 2168 1249 3513 2294; baseline 0 -160"><span class='ocrx_word' id='word_1_444' title='bbox 2168 1249 3513 2294; x_wconf 62' lang='grc' dir='ltr'><strong>ι</strong></span> 
     </span>
    </p>
   </div>
   <div class='ocr_carea' id='block_1_58' title="bbox 2021 2452 3628 2528">
    <p class='ocr_par' dir='ltr' id='par_1_58' title="bbox 2021 2452 3628 2528">
     <span class='ocr_line' id='line_1_59' title="bbox 2021 2452 3628 2528; baseline 0.002 -23"><span class='ocrx_word' id='word_1_445' title='bbox 2021 2453 2051 2508; x_wconf 79' lang='grc' dir='ltr'>ἡ</span> <span class='ocrx_word' id='word_1_446' title='bbox 2088 2460 2134 2505; x_wconf 88' lang='grc' dir='ltr'>Θ</span> <span class='ocrx_word' id='word_1_447' title='bbox 2165 2452 2257 2513; x_wconf 81' lang='grc' dir='ltr'>ἓως</span> <span class='ocrx_word' id='word_1_448' title='bbox 2276 2460 2373 2514; x_wconf 85' lang='grc' dir='ltr'>τῆς</span> <span class='ocrx_word' id='word_1_449' title='bbox 2402 2460 2434 2504; x_wconf 89' lang='grc' dir='ltr'>Σ</span> <span class='ocrx_word' id='word_1_450' title='bbox 2464 2454 2532 2515; x_wconf 86' lang='grc' dir='ltr'>ὡς</span> <span class='ocrx_word' id='word_1_451' title='bbox 2570 2455 2629 2505; x_wconf 91' lang='grc' dir='ltr'>τὸ</span> <span class='ocrx_word' id='word_1_452' title='bbox 2657 2459 2703 2505; x_wconf 86' lang='grc' dir='ltr'>Θ</span> <span class='ocrx_word' id='word_1_453' title='bbox 2733 2456 2824 2505; x_wconf 79' lang='grc' dir='ltr'>καὶ</span> <span class='ocrx_word' id='word_1_454' title='bbox 2870 2456 2930 2505; x_wconf 86' lang='grc' dir='ltr'>τὸ</span> <span class='ocrx_word' id='word_1_455' title='bbox 2987 2458 3260 2528; x_wconf 80' lang='grc' dir='ltr'>κέντρονΧ</span> <span class='ocrx_word' id='word_1_456' title='bbox 3290 2454 3515 2527; x_wconf 79' lang='grc' dir='ltr'>ἀχθήτω</span> <span class='ocrx_word' id='word_1_457' title='bbox 3568 2453 3628 2509; x_wconf 70' lang='grc' dir='ltr'>δὲ</span> 
     </span>
    </p>
   </div>
   <div class='ocr_carea' id='block_1_59' title="bbox 2020 2542 3628 2617">
    <p class='ocr_par' dir='ltr' id='par_1_59' title="bbox 2020 2542 3628 2617">
     <span class='ocr_line' id='line_1_60' title="bbox 2020 2542 3628 2617; baseline 0.004 -25"><span class='ocrx_word' id='word_1_458' title='bbox 2020 2546 2108 2594; x_wconf 77' lang='grc' dir='ltr'>καὶ</span> <span class='ocrx_word' id='word_1_459' title='bbox 2138 2545 2169 2599; x_wconf 82' lang='grc' dir='ltr'>ἡ</span> <span class='ocrx_word' id='word_1_460' title='bbox 2203 2550 2236 2594; x_wconf 89' lang='grc' dir='ltr'>Σ</span> <span class='ocrx_word' id='word_1_461' title='bbox 2266 2544 2421 2604; x_wconf 79' lang='grc' dir='ltr'>Ρέως</span> <span class='ocrx_word' id='word_1_462' title='bbox 2445 2550 2535 2603; x_wconf 84' lang='grc' dir='ltr'>τῆς</span> <span class='ocrx_word' id='word_1_463' title='bbox 2592 2549 2639 2596; x_wconf 85' lang='grc' dir='ltr'>Ψ</span> <span class='ocrx_word' id='word_1_464' title='bbox 2692 2562 2784 2604; x_wconf 77' lang='grc' dir='ltr'>χας</span> <span class='ocrx_word' id='word_1_465' title='bbox 2832 2545 2946 2595; x_wconf 80' lang='grc' dir='ltr'>ἔστι</span> <span class='ocrx_word' id='word_1_466' title='bbox 3006 2547 3065 2596; x_wconf 89' lang='grc' dir='ltr'>τὸ</span> <span class='ocrx_word' id='word_1_467' title='bbox 3114 2553 3212 2606; x_wconf 83' lang='grc' dir='ltr'>τῆς</span> <span class='ocrx_word' id='word_1_468' title='bbox 3256 2551 3301 2597; x_wconf 87' lang='grc' dir='ltr'><strong>Ν</strong></span> <span class='ocrx_word' id='word_1_469' title='bbox 3332 2553 3378 2597; x_wconf 86' lang='grc' dir='ltr'>Ω</span> <span class='ocrx_word' id='word_1_470' title='bbox 3435 2542 3628 2617; x_wconf 74' lang='grc' dir='ltr'>διαμέ-</span> 
     </span>
    </p>
   </div>
   <div class='ocr_carea' id='block_1_60' title="bbox 2018 2631 3624 2709">
    <p class='ocr_par' dir='ltr' id='par_1_60' title="bbox 2018 2631 3624 2709">
     <span class='ocr_line' id='line_1_61' title="bbox 2018 2631 3624 2709; baseline 0.002 -27"><span class='ocrx_word' id='word_1_471' title='bbox 2018 2651 2165 2705; x_wconf 87' lang='grc' dir='ltr'>τρου,</span> <span class='ocrx_word' id='word_1_472' title='bbox 2218 2635 2336 2692; x_wconf 79' lang='grc' dir='ltr'>ἴσας</span> <span class='ocrx_word' id='word_1_473' title='bbox 2393 2635 2517 2703; x_wconf 82' lang='grc' dir='ltr'>ἔχον</span> <span class='ocrx_word' id='word_1_474' title='bbox 2566 2634 2884 2705; x_wconf 72' lang='grc' dir='ltr'>τετράγωνον</span> <span class='ocrx_word' id='word_1_475' title='bbox 2931 2633 3021 2694; x_wconf 80' lang='grc' dir='ltr'>τὰς</span> <span class='ocrx_word' id='word_1_476' title='bbox 3076 2632 3298 2709; x_wconf 78' lang='grc' dir='ltr'>πλευρὰς</span> <span class='ocrx_word' id='word_1_477' title='bbox 3330 2631 3441 2686; x_wconf 82' lang='grc' dir='ltr'>ἴσον</span> <span class='ocrx_word' id='word_1_478' title='bbox 3487 2644 3558 2705; x_wconf 78' lang='grc' dir='ltr'>τῷ</span> <span class='ocrx_word' id='word_1_479' title='bbox 3586 2640 3624 2686; x_wconf 85' lang='grc' dir='ltr'><strong>Α</strong></span> 
     </span>
    </p>
   </div>
   <div class='ocr_carea' id='block_1_61' title="bbox 2022 2719 3628 2795">
    <p class='ocr_par' dir='ltr' id='par_1_61' title="bbox 2022 2719 3628 2795">
     <span class='ocr_line' id='line_1_62' title="bbox 2022 2719 3628 2795; baseline 0.002 -21"><span class='ocrx_word' id='word_1_480' title='bbox 2022 2728 2115 2774; x_wconf 88' lang='grc' dir='ltr'><strong>ΒΓ</strong></span> <span class='ocrx_word' id='word_1_481' title='bbox 2153 2725 2533 2794; x_wconf 72' lang='grc' dir='ltr'>Δτετρασγώνῳ.</span> <span class='ocrx_word' id='word_1_482' title='bbox 2600 2719 2689 2783; x_wconf 82' lang='grc' dir='ltr'>Ὠς</span> <span class='ocrx_word' id='word_1_483' title='bbox 2774 2724 2874 2795; x_wconf 77' lang='grc' dir='ltr'>γὰρ</span> <span class='ocrx_word' id='word_1_484' title='bbox 2950 2726 3108 2794; x_wconf 84' lang='grc' dir='ltr'>μέσον</span> <span class='ocrx_word' id='word_1_485' title='bbox 3194 2731 3289 2786; x_wconf 82' lang='grc' dir='ltr'>τῆς</span> <span class='ocrx_word' id='word_1_486' title='bbox 3344 2727 3547 2777; x_wconf 86' lang='grc' dir='ltr'>ΝΩτὸ</span> <span class='ocrx_word' id='word_1_487' title='bbox 3578 2731 3628 2778; x_wconf 80' lang='grc' dir='ltr'>Χ</span> 
     </span>
    </p>
   </div>
   <div class='ocr_carea' id='block_1_62' title="bbox 2017 2807 3625 2884">
    <p class='ocr_par' dir='ltr' id='par_1_62' title="bbox 2017 2807 3625 2884">
     <span class='ocr_line' id='line_1_63' title="bbox 2017 2807 3625 2884; baseline 0.001 -21"><span class='ocrx_word' id='word_1_488' title='bbox 2017 2816 2245 2883; x_wconf 75' lang='grc' dir='ltr'>κέντρον,</span> <span class='ocrx_word' id='word_1_489' title='bbox 2300 2812 2460 2870; x_wconf 69' lang='grc' dir='ltr'>οὕτως</span> <span class='ocrx_word' id='word_1_490' title='bbox 2514 2807 2582 2867; x_wconf 79' lang='grc' dir='ltr'>δὴ</span> <span class='ocrx_word' id='word_1_491' title='bbox 2641 2814 2729 2862; x_wconf 80' lang='grc' dir='ltr'>καὶ</span> <span class='ocrx_word' id='word_1_492' title='bbox 2781 2819 2876 2870; x_wconf 88' lang='grc' dir='ltr'>τῆς</span> <span class='ocrx_word' id='word_1_493' title='bbox 2933 2815 3220 2884; x_wconf 82' lang='grc' dir='ltr'>ΒΑμέσον</span> <span class='ocrx_word' id='word_1_494' title='bbox 3277 2815 3625 2866; x_wconf 83' lang='grc' dir='ltr'>τόΝὼσαύ-</span> 
     </span>
    </p>
   </div>
   <div class='ocr_carea' id='block_1_63' title="bbox 2019 2896 3623 2965">
    <p class='ocr_par' dir='ltr' id='par_1_63' title="bbox 2019 2896 3623 2965">
     <span class='ocr_line' id='line_1_64' title="bbox 2019 2896 3623 2965; baseline 0.002 -14"><span class='ocrx_word' id='word_1_495' title='bbox 2019 2920 2119 2960; x_wconf 88' lang='grc' dir='ltr'>τως</span> <span class='ocrx_word' id='word_1_496' title='bbox 2141 2896 2199 2951; x_wconf 76' lang='grc' dir='ltr'>δε</span> <span class='ocrx_word' id='word_1_497' title='bbox 2229 2903 2317 2950; x_wconf 81' lang='grc' dir='ltr'>καὶ</span> <span class='ocrx_word' id='word_1_498' title='bbox 2342 2906 2436 2959; x_wconf 81' lang='grc' dir='ltr'>τῆς</span> <span class='ocrx_word' id='word_1_499' title='bbox 2465 2906 2498 2949; x_wconf 84' lang='grc' dir='ltr'>Δ</span> <span class='ocrx_word' id='word_1_500' title='bbox 2527 2904 2563 2950; x_wconf 88' lang='grc' dir='ltr'>Γ</span> <span class='ocrx_word' id='word_1_501' title='bbox 2590 2903 2648 2950; x_wconf 92' lang='lat'>1&#39;6</span> <span class='ocrx_word' id='word_1_502' title='bbox 2687 2906 2752 2965; x_wconf 88' lang='grc' dir='ltr'>Ω,</span> <span class='ocrx_word' id='word_1_503' title='bbox 2803 2898 2929 2951; x_wconf 70' lang='grc' dir='ltr'>αὶλὰ</span> <span class='ocrx_word' id='word_1_504' title='bbox 2966 2906 3056 2952; x_wconf 82' lang='grc' dir='ltr'>καὶ</span> <span class='ocrx_word' id='word_1_505' title='bbox 3111 2909 3203 2962; x_wconf 79' lang='grc' dir='ltr'>τῆς</span> <span class='ocrx_word' id='word_1_506' title='bbox 3234 2907 3270 2952; x_wconf 91' lang='grc' dir='ltr'><strong>Γ</strong></span> <span class='ocrx_word' id='word_1_507' title='bbox 3296 2906 3343 2955; x_wconf 89' lang='grc' dir='ltr'><strong>Α</strong></span> <span class='ocrx_word' id='word_1_508' title='bbox 3374 2905 3432 2954; x_wconf 88' lang='grc' dir='ltr'>τὸ</span> <span class='ocrx_word' id='word_1_509' title='bbox 3464 2910 3510 2955; x_wconf 88' lang='grc' dir='ltr'><strong>Θ</strong></span> <span class='ocrx_word' id='word_1_510' title='bbox 3532 2908 3623 2955; x_wconf 79' lang='grc' dir='ltr'>καὶ</span> 
     </span>
    </p>
   </div>
   <div class='ocr_carea' id='block_1_64' title="bbox 2018 2984 3625 3061">
    <p class='ocr_par' dir='ltr' id='par_1_64' title="bbox 2018 2984 3625 3061">
     <span class='ocr_line' id='line_1_65' title="bbox 2018 2984 3625 3061; baseline 0.003 -22"><span class='ocrx_word' id='word_1_511' title='bbox 2018 2998 2108 3048; x_wconf 75' lang='grc' dir='ltr'>τῆς</span> <span class='ocrx_word' id='word_1_512' title='bbox 2140 2996 2174 3039; x_wconf 91' lang='grc' dir='ltr'><strong>Β</strong></span> <span class='ocrx_word' id='word_1_513' title='bbox 2201 2996 2234 3038; x_wconf 87' lang='grc' dir='ltr'>Δ</span> <span class='ocrx_word' id='word_1_514' title='bbox 2267 2992 2323 3039; x_wconf 86' lang='grc' dir='ltr'>τὸ</span> <span class='ocrx_word' id='word_1_515' title='bbox 2354 2994 2427 3043; x_wconf 90' lang='grc' dir='ltr'><strong>Μ.</strong></span> <span class='ocrx_word' id='word_1_516' title='bbox 2486 2988 2627 3039; x_wconf 82' lang='grc' dir='ltr'>Ἐπεὶ</span> <span class='ocrx_word' id='word_1_517' title='bbox 2683 2984 2884 3041; x_wconf 70' lang='grc' dir='ltr'>δὶτὸΜ</span> <span class='ocrx_word' id='word_1_518' title='bbox 2917 2996 2963 3041; x_wconf 85' lang='grc' dir='ltr'><strong>Χ</strong></span> <span class='ocrx_word' id='word_1_519' title='bbox 3018 2986 3296 3061; x_wconf 81' lang='grc' dir='ltr'>διάστημα</span> <span class='ocrx_word' id='word_1_520' title='bbox 3349 2988 3461 3043; x_wconf 83' lang='grc' dir='ltr'>ἶσόν</span> <span class='ocrx_word' id='word_1_521' title='bbox 3510 2990 3625 3044; x_wconf 75' lang='grc' dir='ltr'>ἔστι</span> 
     </span>
    </p>
   </div>
   <div class='ocr_carea' id='block_1_65' title="bbox 2017 3072 3622 3151">
    <p class='ocr_par' dir='ltr' id='par_1_65' title="bbox 2017 3072 3622 3151">
     <span class='ocr_line' id='line_1_66' title="bbox 2017 3072 3622 3151; baseline 0.002 -23"><span class='ocrx_word' id='word_1_522' title='bbox 2017 3085 2088 3146; x_wconf 82' lang='grc' dir='ltr'>τῷ</span> <span class='ocrx_word' id='word_1_523' title='bbox 2122 3084 2166 3131; x_wconf 83' lang='grc' dir='ltr'>Χ</span> <span class='ocrx_word' id='word_1_524' title='bbox 2197 3084 2242 3127; x_wconf 89' lang='grc' dir='ltr'><strong>Θ</strong></span> <span class='ocrx_word' id='word_1_525' title='bbox 2270 3082 2359 3127; x_wconf 81' lang='grc' dir='ltr'>καὶ</span> <span class='ocrx_word' id='word_1_526' title='bbox 2384 3078 2443 3126; x_wconf 85' lang='grc' dir='ltr'>τὸ</span> <span class='ocrx_word' id='word_1_527' title='bbox 2476 3083 2521 3128; x_wconf 86' lang='grc' dir='ltr'>Θ</span> <span class='ocrx_word' id='word_1_528' title='bbox 2549 3083 2584 3127; x_wconf 84' lang='grc' dir='ltr'>Ρ</span> <span class='ocrx_word' id='word_1_529' title='bbox 2621 3072 2733 3128; x_wconf 84' lang='grc' dir='ltr'>ἶσόν</span> <span class='ocrx_word' id='word_1_530' title='bbox 2764 3074 2875 3128; x_wconf 78' lang='grc' dir='ltr'>ἐστι</span> <span class='ocrx_word' id='word_1_531' title='bbox 2903 3084 2974 3146; x_wconf 84' lang='grc' dir='ltr'>τῷ</span> <span class='ocrx_word' id='word_1_532' title='bbox 3007 3085 3053 3131; x_wconf 80' lang='grc' dir='ltr'>Χ</span> <span class='ocrx_word' id='word_1_533' title='bbox 3082 3085 3134 3131; x_wconf 85' lang='grc' dir='ltr'><strong>Μ</strong></span> <span class='ocrx_word' id='word_1_534' title='bbox 3165 3081 3232 3131; x_wconf 85' lang='grc' dir='ltr'>τὰ</span> <span class='ocrx_word' id='word_1_535' title='bbox 3261 3074 3320 3131; x_wconf 65' lang='grc' dir='ltr'>δὲ</span> <span class='ocrx_word' id='word_1_536' title='bbox 3365 3087 3436 3149; x_wconf 83' lang='grc' dir='ltr'>τῷ</span> <span class='ocrx_word' id='word_1_537' title='bbox 3480 3078 3622 3151; x_wconf 80' lang='grc' dir='ltr'>αὐτῷ</span> 
     </span>
    </p>
   </div>
   <div class='ocr_carea' id='block_1_66' title="bbox 2020 3162 3621 3240">
    <p class='ocr_par' dir='ltr' id='par_1_66' title="bbox 2020 3162 3621 3240">
     <span class='ocr_line' id='line_1_67' title="bbox 2020 3162 3621 3240; baseline 0.004 -23"><span class='ocrx_word' id='word_1_538' title='bbox 2020 3164 2110 3219; x_wconf 82' lang='grc' dir='ltr'>ἶσα</span> <span class='ocrx_word' id='word_1_539' title='bbox 2146 3171 2236 3217; x_wconf 77' lang='grc' dir='ltr'>καὶ</span> <span class='ocrx_word' id='word_1_540' title='bbox 2267 3164 2501 3224; x_wconf 77' lang='grc' dir='ltr'>ἀλλήλοις</span> <span class='ocrx_word' id='word_1_541' title='bbox 2528 3162 2620 3216; x_wconf 77' lang='grc' dir='ltr'>ἶσά</span> <span class='ocrx_word' id='word_1_542' title='bbox 2649 3164 2780 3236; x_wconf 77' lang='grc' dir='ltr'>ἐστι,</span> <span class='ocrx_word' id='word_1_543' title='bbox 2815 3172 2905 3218; x_wconf 75' lang='grc' dir='ltr'>καὶ</span> <span class='ocrx_word' id='word_1_544' title='bbox 2933 3169 3000 3219; x_wconf 81' lang='grc' dir='ltr'>τὰ</span> <span class='ocrx_word' id='word_1_545' title='bbox 3027 3169 3131 3240; x_wconf 80' lang='grc' dir='ltr'>ἄρα</span> <span class='ocrx_word' id='word_1_546' title='bbox 3166 3174 3219 3221; x_wconf 83' lang='grc' dir='ltr'><strong>Μ</strong></span> <span class='ocrx_word' id='word_1_547' title='bbox 3248 3176 3316 3231; x_wconf 82' lang='grc' dir='ltr'>Χ,</span> <span class='ocrx_word' id='word_1_548' title='bbox 3339 3175 3389 3223; x_wconf 80' lang='grc' dir='ltr'>Χ</span> <span class='ocrx_word' id='word_1_549' title='bbox 3418 3176 3485 3235; x_wconf 87' lang='grc' dir='ltr'><strong>Θ,</strong></span> <span class='ocrx_word' id='word_1_550' title='bbox 3518 3173 3558 3223; x_wconf 86' lang='grc' dir='ltr'>Θ</span> <span class='ocrx_word' id='word_1_551' title='bbox 3585 3176 3621 3222; x_wconf 87' lang='lat' dir='ltr'><strong>P</strong></span> 
     </span>
    </p>
   </div>
   <div class='ocr_carea' id='block_1_67' title="bbox 2017 3250 3621 3334">
    <p class='ocr_par' dir='ltr' id='par_1_67' title="bbox 2017 3250 3621 3334">
     <span class='ocr_line' id='line_1_68' title="bbox 2017 3250 3621 3334; baseline 0 -25"><span class='ocrx_word' id='word_1_552' title='bbox 2017 3254 2364 3328; x_wconf 78' lang='grc' dir='ltr'>διαστήματα</span> <span class='ocrx_word' id='word_1_553' title='bbox 2392 3250 2487 3307; x_wconf 88' lang='grc' dir='ltr'>ἶσα</span> <span class='ocrx_word' id='word_1_554' title='bbox 2516 3254 2758 3317; x_wconf 65' lang='grc' dir='ltr'>αλλήλοις</span> <span class='ocrx_word' id='word_1_555' title='bbox 2813 3253 2923 3308; x_wconf 78' lang='grc' dir='ltr'>ἐστὶ</span> <span class='ocrx_word' id='word_1_556' title='bbox 2949 3262 3061 3322; x_wconf 74' lang='grc' dir='ltr'>καὶ,</span> <span class='ocrx_word' id='word_1_557' title='bbox 3100 3255 3185 3309; x_wconf 69' lang='grc' dir='ltr'>ἐπὶ</span> <span class='ocrx_word' id='word_1_558' title='bbox 3220 3260 3279 3309; x_wconf 87' lang='grc' dir='ltr'>τὸ</span> <span class='ocrx_word' id='word_1_559' title='bbox 3331 3263 3382 3312; x_wconf 80' lang='grc' dir='ltr'>Χ</span> <span class='ocrx_word' id='word_1_560' title='bbox 3413 3261 3621 3334; x_wconf 72' lang='grc' dir='ltr'>κέντρον</span> 
     </span>
    </p>
   </div>
   <div class='ocr_carea' id='block_1_68' title="bbox 1979 3433 3640 3509">
    <p class='ocr_par' dir='ltr' id='par_1_68' title="bbox 1979 3433 3640 3509">
     <span class='ocr_line' id='line_1_69' title="bbox 1979 3433 3640 3509; baseline 0.001 -19"><span class='ocrx_word' id='word_1_561' title='bbox 1979 3450 2099 3507; x_wconf 92' lang='lat' dir='ltr'>que</span> <span class='ocrx_word' id='word_1_562' title='bbox 2130 3433 2304 3489; x_wconf 92' lang='lat' dir='ltr'>modo</span> <span class='ocrx_word' id='word_1_563' title='bbox 2335 3433 2395 3488; x_wconf 90' lang='lat' dir='ltr'>in</span> <span class='ocrx_word' id='word_1_564' title='bbox 2426 3433 2549 3488; x_wconf 92' lang='lat' dir='ltr'>duo</span> <span class='ocrx_word' id='word_1_565' title='bbox 2592 3434 2909 3505; x_wconf 79' lang='lat' dir='ltr'>triangula.</span> <span class='ocrx_word' id='word_1_566' title='bbox 2935 3434 3114 3491; x_wconf 82' lang='lat' dir='ltr'>Linea</span> <span class='ocrx_word' id='word_1_567' title='bbox 3145 3440 3347 3491; x_wconf 90' lang='lat' dir='ltr'>autem</span> <span class='ocrx_word' id='word_1_568' title='bbox 3378 3438 3473 3491; x_wconf 82' lang='lat' dir='ltr'>NA</span> <span class='ocrx_word' id='word_1_569' title='bbox 3500 3450 3640 3509; x_wconf 91' lang='lat' dir='ltr'>pro-</span> 
     </span>
    </p>
   </div>
   <div class='ocr_carea' id='block_1_69' title="bbox 1980 3523 3639 3595">
    <p class='ocr_par' dir='ltr' id='par_1_69' title="bbox 1980 3523 3639 3595">
     <span class='ocr_line' id='line_1_70' title="bbox 1980 3523 3639 3595; baseline 0.001 -15"><span class='ocrx_word' id='word_1_570' title='bbox 1980 3524 2234 3580; x_wconf 89' lang='lat' dir='ltr'>ducatur</span> <span class='ocrx_word' id='word_1_571' title='bbox 2266 3539 2454 3595; x_wconf 88' lang='lat' dir='ltr'>usque</span> <span class='ocrx_word' id='word_1_572' title='bbox 2482 3525 2547 3588; x_wconf 94' lang='lat' dir='ltr'>Q.</span> <span class='ocrx_word' id='word_1_573' title='bbox 2576 3525 2710 3579; x_wconf 85' lang='lat' dir='ltr'>Esto</span> <span class='ocrx_word' id='word_1_574' title='bbox 2732 3529 2935 3579; x_wconf 87' lang='lat' dir='ltr'>autem</span> <span class='ocrx_word' id='word_1_575' title='bbox 2967 3524 3125 3581; x_wconf 90' lang='lat' dir='ltr'>linea</span> <span class='ocrx_word' id='word_1_576' title='bbox 3152 3526 3248 3591; x_wconf 74' lang='grc' dir='ltr'>ΑΟ</span> <span class='ocrx_word' id='word_1_577' title='bbox 3262 3523 3497 3582; x_wconf 90' lang='lat' dir='ltr'>utlinea</span> <span class='ocrx_word' id='word_1_578' title='bbox 3525 3529 3639 3582; x_wconf 80' lang='lat' dir='ltr'>NA.</span> 
     </span>
    </p>
   </div>
   <div class='ocr_carea' id='block_1_70' title="bbox 2107 3662 3502 4796">
    <p class='ocr_par' dir='ltr' id='par_1_70' title="bbox 2111 3667 3498 4723">
     <span class='ocr_line' id='line_1_71' title="bbox 2111 3667 3498 4723; baseline 0.022 -505"><span class='ocrx_word' id='word_1_579' title='bbox 2111 3667 3498 4723; x_wconf 45' lang='grc' dir='ltr'><strong>ἑκ</strong></span> 
     </span>
    </p>
   </div>
   <div class='ocr_carea' id='block_1_71' title="bbox 1974 4877 3633 4951">
    <p class='ocr_par' dir='ltr' id='par_1_71' title="bbox 1974 4877 3633 4951">
     <span class='ocr_line' id='line_1_72' title="bbox 1974 4877 3633 4951; baseline 0.003 -21"><span class='ocrx_word' id='word_1_580' title='bbox 1974 4878 2340 4933; x_wconf 77' lang='lat' dir='ltr'>Producatur</span> <span class='ocrx_word' id='word_1_581' title='bbox 2366 4893 2612 4949; x_wconf 90' lang='lat' dir='ltr'>quoque</span> <span class='ocrx_word' id='word_1_582' title='bbox 2633 4877 2793 4934; x_wconf 90' lang='lat' dir='ltr'>linea</span> <span class='ocrx_word' id='word_1_583' title='bbox 2818 4879 2908 4935; x_wconf 89' lang='lat' dir='ltr'>OC</span> <span class='ocrx_word' id='word_1_584' title='bbox 2938 4894 3130 4951; x_wconf 87' lang='lat' dir='ltr'>usque</span> <span class='ocrx_word' id='word_1_585' title='bbox 3176 4879 3255 4936; x_wconf 90' lang='lat' dir='ltr'>ad</span> <span class='ocrx_word' id='word_1_586' title='bbox 3313 4880 3351 4936; x_wconf 92' lang='lat' dir='ltr'>S</span> <span class='ocrx_word' id='word_1_587' title='bbox 3406 4882 3465 4935; x_wconf 91' lang='lat' dir='ltr'>et</span> <span class='ocrx_word' id='word_1_588' title='bbox 3501 4882 3633 4935; x_wconf 87' lang='lat' dir='ltr'>esto</span> 
     </span>
    </p>
   </div>
   <div class='ocr_carea' id='block_1_72' title="bbox 1970 4966 3631 5025">
    <p class='ocr_par' dir='ltr' id='par_1_72' title="bbox 1970 4966 3631 5025">
     <span class='ocr_line' id='line_1_73' title="bbox 1970 4966 3631 5025; baseline 0.002 -5"><span class='ocrx_word' id='word_1_589' title='bbox 1970 4966 2130 5021; x_wconf 86' lang='lat' dir='ltr'>linea</span> <span class='ocrx_word' id='word_1_590' title='bbox 2156 4968 2236 5023; x_wconf 90' lang='lat' dir='ltr'>CS</span> <span class='ocrx_word' id='word_1_591' title='bbox 2273 4973 2333 5022; x_wconf 89' lang='lat' dir='ltr'>ut</span> <span class='ocrx_word' id='word_1_592' title='bbox 2360 4967 2520 5023; x_wconf 88' lang='lat' dir='ltr'>linea</span> <span class='ocrx_word' id='word_1_593' title='bbox 2564 4966 2673 5023; x_wconf 90' lang='lat' dir='ltr'>0C.</span> <span class='ocrx_word' id='word_1_594' title='bbox 2720 4971 3010 5025; x_wconf 74' lang='lat' dir='ltr'>Praeterea</span> <span class='ocrx_word' id='word_1_595' title='bbox 3092 4968 3395 5025; x_wconf 88' lang='lat' dir='ltr'>ducantur</span> <span class='ocrx_word' id='word_1_596' title='bbox 3452 4969 3631 5024; x_wconf 66' lang='lat' dir='ltr'>linem</span> 
     </span>
    </p>
   </div>
   <div class='ocr_carea' id='block_1_73' title="bbox 1968 5056 3628 5130">
    <p class='ocr_par' dir='ltr' id='par_1_73' title="bbox 1968 5056 3628 5130">
     <span class='ocr_line' id='line_1_74' title="bbox 1968 5056 3628 5130; baseline 0.002 -20"><span class='ocrx_word' id='word_1_597' title='bbox 1968 5060 2143 5110; x_wconf 84' lang='lat' dir='ltr'>rectae</span> <span class='ocrx_word' id='word_1_598' title='bbox 2166 5072 2202 5111; x_wconf 94' lang='lat' dir='ltr'>a</span> <span class='ocrx_word' id='word_1_599' title='bbox 2226 5061 2429 5111; x_wconf 88' lang='lat' dir='ltr'>centro</span> <span class='ocrx_word' id='word_1_600' title='bbox 2452 5056 2530 5112; x_wconf 88' lang='lat' dir='ltr'>ad</span> <span class='ocrx_word' id='word_1_601' title='bbox 2553 5059 2594 5111; x_wconf 91' lang='lat' dir='ltr'><strong>T</strong></span> <span class='ocrx_word' id='word_1_602' title='bbox 2614 5059 2764 5125; x_wconf 82' lang='lat' dir='ltr'>etM,</span> <span class='ocrx_word' id='word_1_603' title='bbox 2791 5072 2865 5113; x_wconf 90' lang='lat' dir='ltr'>ac</span> <span class='ocrx_word' id='word_1_604' title='bbox 2889 5072 3100 5114; x_wconf 88' lang='lat' dir='ltr'>rursus</span> <span class='ocrx_word' id='word_1_605' title='bbox 3154 5060 3197 5114; x_wconf 89' lang='lat' dir='ltr'>T</span> <span class='ocrx_word' id='word_1_606' title='bbox 3252 5057 3628 5130; x_wconf 85' lang='lat' dir='ltr'>producatur</span> 
     </span>
    </p>
   </div>
   <div class='ocr_carea' id='block_1_74' title="bbox 1968 5145 3634 5220">
    <p class='ocr_par' dir='ltr' id='par_1_74' title="bbox 1968 5145 3634 5220">
     <span class='ocr_line' id='line_1_75' title="bbox 1968 5145 3634 5220; baseline 0.003 -21"><span class='ocrx_word' id='word_1_607' title='bbox 1968 5160 2165 5216; x_wconf 89' lang='lat' dir='ltr'>usque</span> <span class='ocrx_word' id='word_1_608' title='bbox 2191 5145 2271 5200; x_wconf 90' lang='lat' dir='ltr'>ad</span> <span class='ocrx_word' id='word_1_609' title='bbox 2299 5148 2343 5201; x_wconf 77' lang='grc' dir='ltr'><strong>Η</strong></span> <span class='ocrx_word' id='word_1_610' title='bbox 2374 5145 2602 5217; x_wconf 89' lang='lat' dir='ltr'>:sitque</span> <span class='ocrx_word' id='word_1_611' title='bbox 2624 5151 2896 5202; x_wconf 89' lang='lat' dir='ltr'>centrum</span> <span class='ocrx_word' id='word_1_612' title='bbox 2923 5147 2964 5201; x_wconf 86' lang='lat' dir='ltr'>P</span> <span class='ocrx_word' id='word_1_613' title='bbox 2990 5152 3057 5202; x_wconf 92' lang='lat' dir='ltr'>ut</span> <span class='ocrx_word' id='word_1_614' title='bbox 3076 5151 3348 5204; x_wconf 88' lang='lat' dir='ltr'>centrum</span> <span class='ocrx_word' id='word_1_615' title='bbox 3377 5150 3419 5203; x_wconf 90' lang='lat' dir='ltr'><strong>T</strong></span> <span class='ocrx_word' id='word_1_616' title='bbox 3444 5165 3456 5202; x_wconf 91' lang='lat'><strong>:</strong></span> <span class='ocrx_word' id='word_1_617' title='bbox 3480 5162 3634 5220; x_wconf 87' lang='lat' dir='ltr'>pro-</span> 
     </span>
    </p>
   </div>
   <div class='ocr_carea' id='block_1_75' title="bbox 1967 5232 3633 5309">
    <p class='ocr_par' dir='ltr' id='par_1_75' title="bbox 1967 5232 3633 5309">
     <span class='ocr_line' id='line_1_76' title="bbox 1967 5232 3633 5309; baseline 0.002 -21"><span class='ocrx_word' id='word_1_618' title='bbox 1967 5232 2224 5288; x_wconf 90' lang='lat' dir='ltr'>ducatur</span> <span class='ocrx_word' id='word_1_619' title='bbox 2242 5233 2427 5289; x_wconf 89' lang='lat' dir='ltr'>etiam</span> <span class='ocrx_word' id='word_1_620' title='bbox 2451 5233 2609 5291; x_wconf 91' lang='lat' dir='ltr'>linea</span> <span class='ocrx_word' id='word_1_621' title='bbox 2638 5235 2734 5300; x_wconf 81' lang='lat' dir='ltr'>QR</span> <span class='ocrx_word' id='word_1_622' title='bbox 2764 5250 2952 5307; x_wconf 87' lang='lat' dir='ltr'>usque</span> <span class='ocrx_word' id='word_1_623' title='bbox 2990 5235 3072 5292; x_wconf 87' lang='lat' dir='ltr'>ad</span> <span class='ocrx_word' id='word_1_624' title='bbox 3101 5236 3138 5289; x_wconf 92' lang='lat' dir='ltr'>S</span> <span class='ocrx_word' id='word_1_625' title='bbox 3189 5253 3203 5291; x_wconf 90' lang='lat'><strong>:</strong></span> <span class='ocrx_word' id='word_1_626' title='bbox 3264 5236 3633 5309; x_wconf 89' lang='lat' dir='ltr'>quadratum</span> 
     </span>
    </p>
   </div>
   <div class='ocr_carea' id='block_1_76' title="bbox 1968 5322 3632 5398">
    <p class='ocr_par' dir='ltr' id='par_1_76' title="bbox 1968 5322 3632 5398">
     <span class='ocr_line' id='line_1_77' title="bbox 1968 5322 3632 5398; baseline 0.004 -22"><span class='ocrx_word' id='word_1_627' title='bbox 1968 5322 2242 5379; x_wconf 88' lang='lat' dir='ltr'>diametri</span> <span class='ocrx_word' id='word_1_628' title='bbox 2280 5323 2371 5379; x_wconf 86' lang='lat' dir='ltr'>NO</span> <span class='ocrx_word' id='word_1_629' title='bbox 2402 5323 2591 5379; x_wconf 88' lang='lat' dir='ltr'>latera</span> <span class='ocrx_word' id='word_1_630' title='bbox 2634 5324 2893 5396; x_wconf 69' lang='lat' dir='ltr'>aequalia</span> <span class='ocrx_word' id='word_1_631' title='bbox 2941 5324 3176 5382; x_wconf 86' lang='lat' dir='ltr'>habens</span> <span class='ocrx_word' id='word_1_632' title='bbox 3232 5326 3342 5383; x_wconf 91' lang='lat' dir='ltr'>erit</span> <span class='ocrx_word' id='word_1_633' title='bbox 3397 5325 3632 5398; x_wconf 74' lang='lat' dir='ltr'>aequale</span> 
     </span>
    </p>
   </div>
   <div class='ocr_carea' id='block_1_77' title="bbox 1968 5410 3633 5481">
    <p class='ocr_par' dir='ltr' id='par_1_77' title="bbox 1968 5410 3633 5481">
     <span class='ocr_line' id='line_1_78' title="bbox 1968 5410 3633 5481; baseline 0.004 -16"><span class='ocrx_word' id='word_1_634' title='bbox 1968 5410 2267 5481; x_wconf 90' lang='lat' dir='ltr'>quadrato</span> <span class='ocrx_word' id='word_1_635' title='bbox 2297 5410 2505 5468; x_wconf 86' lang='lat' dir='ltr'>ABCD.</span> <span class='ocrx_word' id='word_1_636' title='bbox 2536 5414 2605 5467; x_wconf 93' lang='lat' dir='ltr'>Ut</span> <span class='ocrx_word' id='word_1_637' title='bbox 2634 5412 2795 5468; x_wconf 91' lang='lat' dir='ltr'>enim</span> <span class='ocrx_word' id='word_1_638' title='bbox 2822 5412 3101 5470; x_wconf 87' lang='lat' dir='ltr'>diametri</span> <span class='ocrx_word' id='word_1_639' title='bbox 3126 5416 3220 5471; x_wconf 87' lang='lat' dir='ltr'>NO</span> <span class='ocrx_word' id='word_1_640' title='bbox 3238 5420 3509 5471; x_wconf 88' lang='lat' dir='ltr'>centrum</span> <span class='ocrx_word' id='word_1_641' title='bbox 3543 5420 3633 5471; x_wconf 85' lang='lat' dir='ltr'>est</span> 
     </span>
    </p>
   </div>
   <div class='ocr_carea' id='block_1_78' title="bbox 1971 5500 3632 5577">
    <p class='ocr_par' dir='ltr' id='par_1_78' title="bbox 1971 5500 3632 5577">
     <span class='ocr_line' id='line_1_79' title="bbox 1971 5500 3632 5577; baseline 0.003 -23"><span class='ocrx_word' id='word_1_642' title='bbox 1971 5502 2031 5568; x_wconf 88' lang='lat' dir='ltr'>P,</span> <span class='ocrx_word' id='word_1_643' title='bbox 2071 5501 2152 5555; x_wconf 90' lang='lat' dir='ltr'>ita</span> <span class='ocrx_word' id='word_1_644' title='bbox 2176 5502 2356 5556; x_wconf 88' lang='lat' dir='ltr'>etiam</span> <span class='ocrx_word' id='word_1_645' title='bbox 2386 5500 2559 5557; x_wconf 73' lang='lat' dir='ltr'>linete</span> <span class='ocrx_word' id='word_1_646' title='bbox 2582 5504 2670 5557; x_wconf 85' lang='lat' dir='ltr'>BA</span> <span class='ocrx_word' id='word_1_647' title='bbox 2682 5501 3009 5560; x_wconf 86' lang='lat' dir='ltr'>mediumN</span> <span class='ocrx_word' id='word_1_648' title='bbox 3046 5521 3059 5559; x_wconf 91' lang='lat'><strong>:</strong></span> <span class='ocrx_word' id='word_1_649' title='bbox 3084 5504 3422 5577; x_wconf 90' lang='lat' dir='ltr'>eodemque</span> <span class='ocrx_word' id='word_1_650' title='bbox 3446 5502 3632 5560; x_wconf 89' lang='lat' dir='ltr'>modo</span> 
     </span>
    </p>
   </div>
   <div class='ocr_carea' id='block_1_79' title="bbox 1969 5587 3632 5650">
    <p class='ocr_par' dir='ltr' id='par_1_79' title="bbox 1969 5587 3632 5650">
     <span class='ocr_line' id='line_1_80' title="bbox 1969 5587 3632 5650; baseline 0.003 -7"><span class='ocrx_word' id='word_1_651' title='bbox 1969 5587 2140 5643; x_wconf 85' lang='lat' dir='ltr'>lineae</span> <span class='ocrx_word' id='word_1_652' title='bbox 2175 5591 2261 5644; x_wconf 86' lang='lat' dir='ltr'>DC</span> <span class='ocrx_word' id='word_1_653' title='bbox 2290 5589 2559 5645; x_wconf 87' lang='lat' dir='ltr'>medium</span> <span class='ocrx_word' id='word_1_654' title='bbox 2591 5596 2682 5646; x_wconf 91' lang='lat' dir='ltr'>est</span> <span class='ocrx_word' id='word_1_655' title='bbox 2713 5592 2778 5647; x_wconf 93' lang='grc' dir='ltr'>Ο.</span> <span class='ocrx_word' id='word_1_656' title='bbox 2812 5594 3101 5649; x_wconf 74' lang='lat' dir='ltr'>Praeterea</span> <span class='ocrx_word' id='word_1_657' title='bbox 3124 5592 3298 5649; x_wconf 63' lang='lat' dir='ltr'>lineae</span> <span class='ocrx_word' id='word_1_658' title='bbox 3363 5595 3455 5650; x_wconf 83' lang='lat' dir='ltr'>CA</span> <span class='ocrx_word' id='word_1_659' title='bbox 3508 5608 3632 5648; x_wconf 86' lang='lat' dir='ltr'>me-</span> 
     </span>
    </p>
   </div>
   <div class='ocr_carea' id='block_1_80' title="bbox 1970 5677 3632 5748">
    <p class='ocr_par' dir='ltr' id='par_1_80' title="bbox 1970 5677 3632 5748">
     <span class='ocr_line' id='line_1_81' title="bbox 1970 5677 3632 5748; baseline 0.002 -15"><span class='ocrx_word' id='word_1_660' title='bbox 1970 5677 2137 5733; x_wconf 89' lang='lat' dir='ltr'>dium</span> <span class='ocrx_word' id='word_1_661' title='bbox 2168 5684 2257 5734; x_wconf 91' lang='lat' dir='ltr'>est</span> <span class='ocrx_word' id='word_1_662' title='bbox 2280 5680 2339 5745; x_wconf 92' lang='lat' dir='ltr'>T,</span> <span class='ocrx_word' id='word_1_663' title='bbox 2359 5684 2417 5734; x_wconf 92' lang='lat' dir='ltr'>et</span> <span class='ocrx_word' id='word_1_664' title='bbox 2444 5678 2615 5735; x_wconf 74' lang='lat' dir='ltr'>lineae</span> <span class='ocrx_word' id='word_1_665' title='bbox 2646 5681 2733 5735; x_wconf 90' lang='lat' dir='ltr'>BD</span> <span class='ocrx_word' id='word_1_666' title='bbox 2767 5680 3038 5737; x_wconf 89' lang='lat' dir='ltr'>medium</span> <span class='ocrx_word' id='word_1_667' title='bbox 3069 5687 3158 5739; x_wconf 91' lang='lat' dir='ltr'>est</span> <span class='ocrx_word' id='word_1_668' title='bbox 3202 5685 3271 5740; x_wconf 80' lang='grc' dir='ltr'>Μ.</span> <span class='ocrx_word' id='word_1_669' title='bbox 3331 5682 3632 5748; x_wconf 86' lang='lat' dir='ltr'>Quoniam</span> 
     </span>
    </p>
   </div>
   <div class='ocr_carea' id='block_1_81' title="bbox 1970 5768 3633 5844">
    <p class='ocr_par' dir='ltr' id='par_1_81' title="bbox 1970 5768 3633 5844">
     <span class='ocr_line' id='line_1_82' title="bbox 1970 5768 3633 5844; baseline 0.004 -21"><span class='ocrx_word' id='word_1_670' title='bbox 1970 5772 2172 5824; x_wconf 90' lang='lat' dir='ltr'>autem</span> <span class='ocrx_word' id='word_1_671' title='bbox 2201 5768 2581 5825; x_wconf 88' lang='lat' dir='ltr'>intervallum</span> <span class='ocrx_word' id='word_1_672' title='bbox 2610 5768 2779 5842; x_wconf 86' lang='lat' dir='ltr'>quod</span> <span class='ocrx_word' id='word_1_673' title='bbox 2814 5775 2904 5828; x_wconf 90' lang='lat' dir='ltr'>est</span> <span class='ocrx_word' id='word_1_674' title='bbox 2939 5771 3092 5830; x_wconf 90' lang='lat' dir='ltr'>inter</span> <span class='ocrx_word' id='word_1_675' title='bbox 3116 5774 3166 5829; x_wconf 78' lang='grc' dir='ltr'><strong>Μ</strong></span> <span class='ocrx_word' id='word_1_676' title='bbox 3201 5777 3260 5831; x_wconf 89' lang='lat' dir='ltr'>et</span> <span class='ocrx_word' id='word_1_677' title='bbox 3306 5778 3344 5824; x_wconf 87' lang='lat' dir='ltr'><strong>P</strong></span> <span class='ocrx_word' id='word_1_678' title='bbox 3399 5770 3633 5844; x_wconf 69' lang='lat' dir='ltr'>aequale</span> 
     </span>
    </p>
   </div>
  </div>
