4444 6452
772 423 916 483 1367

2303 416 2659 477 ΑΒΒΕΝΒΑ.

4056 426 4194 481 1368

792 549 907 606 εστὶ
945 554 1037 603 τοῦ
1075 547 1182 604 ΑΒ
1212 553 1249 601 Γ
1272 550 1307 600 Δ
1350 547 1691 622 τετραγώνου,
1744 545 1804 598 οὗ
1854 542 2127 621 διάμετροι
2186 547 2241 598 αἱ
2285 553 2329 599 Ν
2355 554 2401 598 Ω.
2455 548 2502 599 Α
2565 541 2692 595 ἀλλά
2721 546 2809 595 xui
2842 541 2941 596 ἀπό
2980 551 3078 608 τῆς
3117 550 3154 598 Γ
3183 544 3265 599 ἐπὶ
3299 548 3393 605 τὴν
3425 552 3545 599 Καῖ
3587 548 3831 618 τέμνουσι
3882 550 4100 603 κατὰτὸ
4133 556 4170 604 Δ

792 646 845 695 Μ
877 644 916 693 Θ
972 642 1083 691 ἔστι
1141 634 1199 690 δὲ
1250 633 1593 707 διαστήματα
1653 636 1745 688 ἶσα
1802 644 1861 708 τῇ
1928 644 1977 689 Μ
2011 644 2077 697 Χ,
2112 642 2159 689 Χ
2191 642 2257 703 Θ,
2292 643 2335 688 Θ
2363 643 2399 689 P

792 731 1090 799 αναγκαίως
1140 731 1231 779 καὶ
1276 728 1333 779 τὸ
1375 734 1420 777 Θ
1473 730 1677 797 κέντρον
1736 723 1849 777 ἐστὶ
1914 732 2005 777 τοῦ
2032 732 2076 777 Ν
2106 731 2153 777 Ω
2181 731 2227 779 Ψ
2258 728 2398 777 Σκαὶ

793 815 901 870 imi
927 818 996 876 ὡς
1051 818 1182 886 πρὸς
1228 818 1286 866 τὸ
1310 822 1356 868 Χ
1377 816 1435 866 τὸ
1470 820 1507 866 Α
1539 820 1573 865 Β
1602 820 1636 864 Γ
1666 819 1701 865 Δ
1731 811 1892 881 ἐστὶν,
1948 812 2073 865 ὰ).λά
2124 819 2213 866 καὶ
2269 816 2326 866 τὸ
2354 821 2400 866 Ν

792 913 1004 970 Ω,ΩΘ
1059 910 1148 957 xui
1207 908 1333 979 πρός
1386 907 1443 955 τό
1494 910 1539 955 Θ
1598 906 1656 955 τό
1705 904 1821 959 ΝΩ.
1847 910 1892 956 Ψ
1917 910 1971 971 Σ,
2021 902 2149 955 ἀλλὰ
2202 907 2259 955 τό
2292 910 2330 956 Α
2364 909 2400 955 Γ

790 1002 838 1048 Χ
870 1002 927 1059 Ρ,
960 999 1049 1046 xui
1077 997 1134 1046 τό
1166 995 1208 1048 Ν
1239 1000 1271 1045 Σ
1298 999 1343 1046 ‘i'
1362 999 1428 1059 Ω,
1457 992 1561 1066 ἄρα
1589 994 1905 1063 τετράγωνον
1947 996 2005 1044 τό
2063 994 2117 1044 ἐκ
2169 998 2259 1052 τῆς
2283 999 2327 1044 Ν
2355 1000 2403 1043 Ω

796 1079 1082 1156 διαμέτρου
1139 1084 1467 1146 συνεστακός,
1505 1079 1617 1133 ἶσόν
1671 1080 1785 1132 ἐστι
1836 1088 1909 1150 τῷ
1965 1082 2012 1134 Α
2035 1087 2071 1134 Β
2101 1086 2193 1134 ΓΔ
2225 1100 2402 1153 τετρα-

787 1179 937 1245 γώνῳ
964 1192 976 1205 ·
1002 1172 1069 1223 ὧν
1107 1173 1207 1243 γὰρ
1243 1168 1334 1222 ἶσα
1362 1172 1428 1223 τὰ
1472 1173 1623 1243 μέρη,
1682 1172 1769 1220 καὶ
1812 1165 1902 1220 ἷσά
1957 1171 2123 1221 ταύτά
2167 1169 2294 1223 ἐστι.
2331 1173 2400 1223 T6

793 1264 898 1336 ἄρα
948 1269 1045 1323 τῆς
1102 1260 1159 1312 ἐκ
1210 1267 1307 1320 τῆς
1353 1267 1602 1331 γραμμῆς
1632 1256 1995 1329 ἁρχομένηςΝ
2032 1266 2079 1311 Ω
2114 1256 2399 1333 διαμέτρου

791 1351 1131 1423 τετράγωνον,
1185 1350 1304 1409 ἴσοις
1341 1349 1465 1417 ἔχον
1504 1346 1749 1420 πλευρὰς,
1789 1344 1901 1399 ἶσόν
1929 1346 2040 1398 ἐστι
2068 1355 2137 1417 τῷ
2163 1356 2199 1400 Α
2235 1355 2270 1400 Β
2300 1354 2337 1399 Γ
2367 1354 2400 1400 Δ

791 1442 1097 1511 τετραγώνῳ
1121 1436 1276 1510 οὗπέρ
1317 1434 1431 1487 ἔστι
1492 1431 1825 1506 διάμετροςὴ
1864 1442 1995 1491 ΝΩ,
2032 1440 2130 1487 καὶ
2179 1433 2398 1507 ἐδείχθη

788 1529 918 1599 παρ’
939 1528 1085 1599 ἡμῶν
1115 1532 1269 1578 τοῦτο
1308 1526 1478 1584 καθὼς
1510 1520 1635 1578 ἔδει.
1699 1525 2057 1595 Δειχθήσεται
2104 1521 2163 1578 δὲ
2206 1530 2296 1578 καὶ
2346 1528 2402 1577 τό

789 1612 1091 1669 διπλάσιον.
1124 1620 1273 1666 Ἐστι
1315 1609 1373 1665 δε
1415 1611 1574 1668 οὕτως
1599 1633 1611 1645 ’

860 1702 930 1777 β’.
980 1703 1040 1758 Ἠ
1124 1709 1217 1755 τοῦ
1287 1707 1613 1775 τετραγώνου
1702 1698 1984 1774 διάμετρος
2037 1707 2210 1775 τρισὶν
2262 1705 2406 1765 ἴσαις

786 1796 946 1867 ταύτῃ
1024 1792 1388 1862 συζευχθείσα
1446 1790 1667 1851 εὐθείαις
1746 1787 2026 1843 διπλάσιον
2075 1797 2287 1849 ποιήσει
2332 1811 2409 1845 τε-

1156 1884 1215 1935 οὖ
1272 1880 1385 1934 ἐστι
1439 1876 1746 1953 διάμετμος.
1813 1887 1893 1934 Δεὶ
1968 1878 2035 1939 δὴ
2096 1878 2267 1945 δεῖξαι
2333 1872 2409 1935 ὅτι

786 1888 1068 1959 τράγωνον,

789 1975 921 2033 αὕτη
976 1976 1007 2032 ἠ
1076 1969 1359 2045 διάμετρος
1432 1975 1602 2044 τρισὶν
1677 1974 1815 2031 ἴσαις
1883 1973 2047 2044 ταύτῃ
2109 1974 2413 2024 συντεθεῖσα

790 2063 1055 2138 πλευραῖς,
1092 2057 1372 2114 διπλάσιον
1425 2064 1637 2116 ποιήσει
1682 2061 2001 2130 τετράγωνον
2034 2068 2124 2111 τοῦ
2185 2060 2245 2112 οὗ
2293 2059 2412 2113 ἐστι

794 2150 1091 2227 διάμετρος.
1176 2151 1453 2225 Γεγράφθω
1537 2153 1592 2200 τὸ
1644 2154 1683 2202 Α
1714 2156 1749 2201 Β
1780 2155 1816 2201 Γ
1847 2156 1881 2202 Δ
1926 2151 2263 2223 τετράγωνον,
2328 2156 2417 2204 καὶ

800 2242 1025 2314 ἁχθήτω
1079 2236 1361 2313 διάμετρος
1399 2239 1428 2296 ἠ
1459 2245 1495 2290 Β
1528 2244 1673 2290 I‘xui
1723 2242 1938 2297 ποιήσει
1994 2240 2149 2310 ὅμοια
2192 2242 2256 2291 τα
2286 2246 2322 2291 Β
2351 2246 2412 2296 Δ,

798 2338 835 2385 Γ
867 2337 928 2397 Α,
964 2337 1000 2383 Β
1030 2336 1086 2384 Γ.
1145 2328 1337 2399 ’Ἤχθω
1384 2325 1484 2379 ἀπό
1565 2336 1658 2389 τῆς
1709 2334 1804 2380 ΒΓ
1849 2324 2133 2401 διαμέτρου
2194 2333 2414 2401 γραμμὴ

799 2420 971 2475 εὐθεῖα
1024 2418 1108 2472 ἐπὶ
1158 2422 1250 2476 τὴν
1284 2420 1438 2474 Κῖση
1489 2419 1676 2488 ταύτῃ,
1731 2419 1978 2478 ὡσαύτως
2025 2422 2115 2473 καὶ
2171 2417 2271 2470 ἀπο
2328 2427 2424 2483 της

801 2510 885 2563 ἐπὶ
942 2514 1036 2568 τὴν
1088 2514 1133 2562 Λ
1195 2510 1284 2568 ἴση
1319 2510 1509 2579 ταύτῃ,
1549 2506 1678 2559 σῦλα
1736 2504 1800 2565 δὴ
1845 2512 1933 2559 xui
1989 2506 2090 2560 ἀπὸ
2140 2516 2236 2572 τῆς
2266 2514 2311 2562 Λ
2340 2507 2423 2561 ἐπὶ

800 2604 892 2658 την
928 2605 965 2651 Γ
992 2601 1129 2652 κατὰ
1153 2602 1239 2650 τὸν
1297 2596 1448 2650 αὐτόν
1501 2596 1673 2668 λόγον,
1729 2602 1818 2648 xui
1855 2595 1957 2650 ἀπὸ
2006 2606 2102 2659 τῆς
2137 2602 2174 2649 Γ
2219 2596 2301 2649 ἐπὶ
2330 2602 2423 2656 τὴν

806 2697 861 2754 Β,
896 2690 1169 2762 τετμήσθω
1202 2683 1261 2739 δε
1287 2689 1420 2739 κατὰ
1459 2683 1743 2759 διαμέτρου
1792 2690 1849 2739 τό
1900 2685 1954 2738 ἐκ
1998 2690 2194 2739 τούτων
2242 2688 2424 2760 τετρά-

805 2798 967 2855 γωνον
1001 2779 1195 2850 ,ἤχθω
1215 2783 1342 2851 γοῦν
1372 2774 1473 2831 ἀπὸ
1533 2784 1631 2840 τῆς
1687 2783 1723 2828 Β
1766 2774 1849 2830 ἐπὶ
1893 2780 1987 2835 τὴν
2036 2782 2074 2830 Α
2118 2772 2421 2851 διάμετρος,

784 3066 873 3121 est
895 3062 1207 3122 intervallo
1237 3062 1404 3137 quod
1424 3067 1513 3119 est
1544 3062 1698 3119 inter
1723 3062 1838 3131 PT,
1898 3062 2005 3119 erit
2067 3078 2312 3137 quoque
2358 3066 2447 3121 TR

786 3152 1017 3227 aequale
1043 3152 1157 3226 ipsi
1181 3152 1298 3209 PM.
1318 3152 1496 3225 Atqui
1518 3168 1656 3225 quae
1670 3151 1864 3209 eidem
1879 3157 2016 3208 sunt
2028 3153 2305 3226 aequalia,
2349 3153 2450 3209 illa

788 3246 928 3299 sunt
957 3243 1107 3298 inter
1139 3257 1203 3298 se
1235 3241 1512 3316 aequalia.
1559 3241 1752 3303 Quare
1814 3241 2127 3298 intervalla
2186 3244 2295 3314 MP,
2347 3245 2449 3310 PT,

787 3336 895 3400 TR,
925 3331 1179 3405 aequalia
1210 3332 1364 3388 inter
1384 3347 1446 3387 se
1470 3335 1660 3387 erunt.
1695 3334 1761 3388 Et
1789 3332 2081 3404 quoniam
2112 3334 2151 3388 P
2182 3338 2269 3389 est
2318 3349 2449 3389 cen-

790 3386 950 3482 ξιῖιῖώ
981 3386 1511 3496 ᾇυᾷάιιειίἈΒρι),
1571 3386 1757 3493 cujus
1795 3386 2079 3479 eaea;
2113 3386 2271 3479 elidi
2327 3386 2451 3489 n6,
2488 3386 2527 3442 C
2565 3386 2777 3478 e61)";
2829 3386 2916 3477 at

794 3516 911 3583 MT,
946 3516 1087 3570 sunt
1114 3516 1317 3568 autem
1347 3510 1657 3568 intervalla
1693 3514 1804 3579 MP,
1866 3513 1969 3575 ΡΤ,
2025 3515 2131 3579 TR,
2197 3513 2454 3586 aequalia

794 3604 945 3661 inter
974 3617 1056 3667 se,
1086 3601 1425 3657 necessario
1464 3603 1785 3656 Tcentrum
1802 3601 2217 3674 eritquadradi
2244 3604 2449 3669 NOSQ.

796 3696 861 3749 Et
892 3692 1182 3767 quoniam
1233 3696 1297 3747 ut
1358 3707 1418 3746 se
1476 3691 1659 3747 habet
1716 3693 1900 3749 ABCD
1954 3692 2320 3764 quadratum
2378 3694 2455 3749 ad

798 3799 975 3839 suum
1018 3785 1287 3836 centrum
1318 3783 1357 3836 P
1391 3799 1403 3836 :
1437 3784 1494 3837 et
1515 3785 1801 3853 praeterea
1855 3782 1967 3845 ΝΟ,
2022 3783 2111 3838 ΜΤ
2176 3782 2254 3838 ad
2294 3782 2456 3840 idem

799 3876 1072 3929 centrum
1106 3889 1116 3926 :
1151 3870 1233 3926 ita
1258 3885 1501 3943 quoque
1535 3872 1714 3935 NOSQ
1748 3885 1811 3925 se
1842 3870 2024 3926 habet
2071 3870 2146 3926 ad
2196 3875 2256 3942 Τ,
2314 3889 2456 3929 cen-

799 3968 958 4020 trum
989 3979 1000 4018 :
1027 3966 1083 4017 et
1108 3964 1395 4033 praeterea
1418 3962 1527 4025 AC,
1564 3963 1647 4015 PR
1681 3978 1691 4014 :
1732 3961 2099 4032 quadratum
2145 3978 2286 4034 ergo
2340 3966 2455 4031 NQ,

802 4055 909 4121 SO,
936 4051 1103 4125 quod
1134 4067 1204 4107 ex
1237 4050 1531 4106 diametro
1564 4051 1655 4106 ΝΟ
1685 4051 2074 4106 constitutum
2104 4058 2193 4107 est
2229 4054 2459 4126 aequale

799 4142 1099 4217 quadrato
1128 4142 1327 4197 ABCD.
1359 4142 1627 4206 Quorum
1653 4142 1814 4195 enim
1854 4146 2051 4213 partes
2083 4148 2227 4198 eunt
2253 4159 2459 4216 aequa-

797 4233 903 4300 les,
936 4236 992 4288 et
1020 4247 1091 4288 ea
1113 4230 1264 4287 inter
1291 4246 1351 4285 se
1382 4229 1658 4301 aequalia.
1692 4230 2061 4295 Quadratum
2114 4247 2256 4301 ergo
2297 4232 2462 4305 quod

797 4339 872 4379 ex
901 4321 1197 4377 diametro
1228 4320 1343 4385 NO,
1369 4323 1662 4390 tanquam
1694 4318 1853 4375 linea
1894 4319 2119 4389 initiati,
2156 4321 2465 4377 constitui-

798 4417 912 4482 tur,
939 4411 1127 4467 latera
1157 4408 1418 4482 aequalia
1447 4408 1699 4474 habens,
1748 4414 1836 4464 est
1882 4410 2113 4481 zequale
2163 4412 2463 4483 quadrato

797 4504 1002 4567 ABCD,
1038 4500 1211 4570 cujus
1241 4498 1534 4555 diameter
1573 4502 1661 4553 est
1698 4501 1811 4554 ΝΟ.
1845 4503 2035 4571 Atque
2066 4502 2180 4556 hoc
2222 4516 2257 4557 a
2287 4501 2463 4557 nobis

796 4591 1277 4647 demonstratum
1309 4591 1397 4642 est
1428 4592 1489 4642 ut
1514 4592 1604 4642 est
1624 4590 1689 4643 ut
1718 4589 1996 4659 oportuit.
2027 4591 2464 4646 Demonstrabi-

796 4685 892 4737 tur
926 4680 1191 4737 etiamex
1210 4675 2265 4750 alteradiametroduplumquadrati
2312 4679 2463 4736 effici

794 4770 957 4827 hunc
988 4770 1050 4825 in
1089 4767 1365 4823 modum.

864 4866 920 4917 2.
945 4858 1233 4929 Quadrati
1274 4858 1567 4913 diametcr
1597 4855 1779 4912 tribus
1838 4857 1951 4912 sibi
1994 4858 2330 4931 mqualibus
2378 4876 2463 4916 re—

792 4954 899 5010 ctis
929 4950 1231 5024 copulata,
1262 4947 1477 5004 efﬁciet
1503 4946 1802 5020 quadrati,
1836 4948 2009 5018 cujus
2043 4953 2134 5004 est
2166 4949 2464 5007 diameter

792 5041 1073 5115 duplum.
1108 5037 1571 5111 Oportetautem
1599 5034 2010 5091 demonstrare
2066 5036 2223 5093 hanc
2266 5038 2461 5111 ipsam

792 5132 1157 5187 diametrum
1189 5128 1303 5182 hac
1334 5125 1565 5181 ratione
1592 5140 1730 5179 cum
1764 5124 2100 5197 mqualibus
2132 5127 2247 5183 sibi
2273 5128 2461 5187 lateri-

789 5221 957 5278 ribus
984 5218 1389 5289 conjunctam,
1416 5212 1765 5271 eﬂ’ccturam
1787 5213 2041 5287 duplum
2068 5217 2349 5288 quadrati
2388 5218 2461 5274 il-

788 5310 904 5367 lius
924 5309 1100 5381 cujus
1130 5311 1219 5363 est
1245 5305 1558 5361 diameter.
1603 5302 1981 5360 Describatur
2007 5311 2047 5358 A
2075 5306 2167 5361 BC
2222 5310 2261 5361 υ
2306 5324 2458 5381 qua-

788 5399 1055 5456 dratum.
1088 5399 1349 5453 Ducatur
1379 5392 1669 5449 diameter
1702 5395 1739 5448 Β
1772 5395 1810 5449 C
1882 5397 1937 5448 et
1977 5392 2193 5451 eﬂiciat
2242 5396 2459 5454 similia

793 5490 992 5545 BDCA.
1066 5488 1326 5542 Ducatur
1406 5481 1484 5538 ab
1567 5481 1782 5537 eadem
1836 5482 1920 5537 BC
1963 5482 2257 5541 diametro
2300 5486 2458 5543 linea

787 5582 952 5636 recta
982 5578 1041 5634 in
1074 5578 1118 5632 K
1145 5592 1283 5649 quae
1313 5573 1386 5630 sit
1428 5573 1542 5645 ipsi
1599 5572 1893 5628 diametro
1913 5574 2188 5647 aequalis.
2232 5577 2455 5633 Eodem

787 5666 1130 5726 modoKin
1190 5667 1229 5721 Ι,
1283 5679 1420 5738 quae
1491 5662 1566 5719 sit
1614 5660 1697 5718 illi
1746 5662 2019 5734 aequalis.
2070 5670 2360 5737 praeterea
2414 5666 2454 5721 L

787 5761 850 5818 in
877 5760 919 5814 C
941 5757 1157 5818 eadem
1186 5756 1437 5826 ratione,
1464 5757 1521 5812 et
1551 5768 1589 5811 a
1622 5754 1662 5811 C
1684 5751 1746 5811 in
1768 5754 1812 5808 Β
1836 5762 1849 5810 :
1879 5760 2113 5813 secetur
2142 5771 2286 5815 vero
2327 5758 2454 5816 dia-

2562 636 2767 705 χέντρον
2797 631 3036 695 ἀλλήλας.
3059 635 3118 688 Εἰ
3151 636 3254 707 ἄρα
3276 642 3313 687 Γ
3344 642 3380 689 Β
3406 644 3464 707 τῇ
3500 642 3536 691 Β
3568 643 3605 689 Κ
3630 640 3720 694 ἴση
3753 635 3845 695 ὶση
3879 637 4045 701 ἐστὶν,
4073 640 4171 691 ὑπο

2564 725 2722 795 άρχει
2754 719 2813 775 δὲ
2854 721 3011 794 βάσις
3049 731 3137 776 τοὺ
3167 731 3201 776 Β
3232 730 3271 776 Γ
3296 732 3330 779 Δ
3386 731 3661 796 τριγώνου,
3712 731 3801 779 xui
3858 729 3887 784 ἡ
3924 734 3959 779 Β
3992 734 4032 780 Κ
4066 726 4169 799 βά-

2566 830 2646 873 σις
2680 810 2794 864 ἐστὶ
2825 819 2915 864 τοῦ
2945 819 2979 865 Δ
3012 820 3053 865 Κ
3088 819 3123 865 Β
3160 819 3435 886 τριγώνου,
3470 819 3557 866 xui
3609 817 3639 873 ἡ
3700 816 3803 887 ἄρα
3830 821 3867 867 Γ
3888 824 3921 868 Δ
3948 815 4168 890 πλευρα,

2563 903 2655 957 ἴση
2685 898 2794 952 ἐστὶ
2823 908 2884 972 τῇ
2920 908 2956 953 Β
2986 907 3020 953 Δ
3053 906 3142 954 xui
3170 908 3211 955 Κ
3243 910 3277 956 Δ
3304 906 3396 960 ἴση
3456 901 3568 955 ἐστὶ
3612 911 3673 974 τῇ
3701 910 3734 957 Δ
3757 910 3792 955 Β
3816 903 4033 979 πλευρᾷ,
4077 911 4170 958 xui

2563 991 2593 1047 ἡ
2624 995 2660 1042 Β
2683 997 2717 1042 Δ
2743 992 2833 1047 ἴση
2868 988 2978 1042 ἐστὶ
3009 999 3069 1062 τῇ
3114 997 3151 1043 Γ
3181 998 3234 1044 Δ.
3269 991 3364 1045 Ὧν
3419 988 3478 1045 δε
3518 995 3571 1045 αἱ
3617 992 3835 1067 πλευραὶ
3895 992 4029 1061 ἶσαι,
4078 999 4171 1047 xui

2562 1080 2617 1130 ui
2647 1077 2834 1150 βάσεις
2865 1076 2997 1144 ἶσαι,
3034 1077 3147 1132 ἶσαι
3194 1086 3283 1134 xui
3328 1083 3382 1133 αἱ
3438 1086 3656 1153 γωνίαιι
3687 1083 3754 1133 ὧν
3811 1084 3912 1157 γάρ
3965 1081 4057 1136 ἶσα
4103 1087 4175 1136 τὰ

2564 1171 2715 1241 μέρη,
2775 1173 2864 1221 xui
2916 1176 3082 1221 ταῦτα
3118 1171 3210 1222 ἶσά
3240 1172 3374 1227 ἑστι.
3432 1178 3515 1241 Τῷ
3566 1172 3730 1244 ἄραΓ
3761 1178 3797 1225 Β
3843 1179 3878 1226 Δ
3932 1178 4173 1247 τριγώνῳ

2566 1254 2677 1309 ἶσόν
2709 1255 2898 1309 ἔστιτὸ
2926 1264 2962 1309 Β
2996 1264 3037 1311 Κ
3067 1265 3102 1311 Δ
3156 1263 3423 1332 τρίγωνον.
3474 1258 3615 1313 Ἐπεὶ
3652 1268 3777 1330 γοῦν
3826 1264 3885 1313 τό
3915 1268 3951 1313 Β
3976 1267 4013 1314 Δ
4058 1258 4175 1314 ἴσον

2566 1344 2677 1398 ἔστι
2706 1354 2777 1415 τῷ
2806 1351 2843 1397 Γ
2875 1352 2910 1397 Β
2936 1354 2970 1398 Δ
2999 1353 3252 1417 τριγώνῳ,
3304 1351 3415 1401 ἔστι
3465 1344 3524 1401 δὲ
3577 1351 3744 1421 ἣμισυ
3806 1356 3896 1401 τοῦ
3929 1355 3969 1401 Δ
4012 1356 4047 1401 Β
4069 1355 4107 1402 Γ
4139 1355 4176 1403 Δ

2566 1439 2889 1508 τετραγώνου
2936 1442 3110 1500 τοῦτο,
3158 1441 3246 1488 xui
3284 1440 3342 1488 τό
3374 1443 3408 1488 Δ
3432 1444 3466 1488 Β
3499 1444 3534 1488 Γ
3561 1439 3600 1487 ὡ
3632 1443 3878 1511 τρίγωνον
3916 1446 4005 1491 τοῦ
4057 1445 4095 1491 Β
4139 1444 4177 1490 Γ

2569 1527 3034 1592 Λκτετραγώνου
3094 1524 3207 1575 ἶσόν
3266 1522 3379 1576 ἐστι
3434 1533 3506 1594 τῷ
3567 1532 3604 1578 Α
3639 1531 3732 1577 ΓΒ
3760 1532 4014 1600 τριγώνῳ.
4071 1530 4175 1579 Καὶ

2568 1609 2675 1663 ἐπεὶ
2747 1618 2838 1662 τοῦ
2905 1614 2994 1682 μεν
3042 1617 3078 1663 Β
3111 1618 3153 1665 Κ
3185 1618 3227 1664 Λ
3257 1618 3294 1664 Γ
3335 1619 3657 1687 τετραγώνου
3726 1618 3778 1665 τί
3838 1618 3879 1669 Κ
3907 1622 3942 1667 Δ
3972 1621 4009 1666 Β
4065 1619 4176 1688 τρί-

2567 1718 2728 1769 γωνον
2809 1702 3051 1771 τέταρτόν
3127 1698 3263 1752 ἐστιν
3298 1721 3311 1735 ο
3342 1702 3574 1773 ὑπάρχει
3614 1698 3673 1754 δε
3735 1699 3846 1755 ἶσον
3923 1712 3993 1773 τῷ
4016 1709 4053 1755 Β
4081 1709 4122 1755 Γ
4144 1710 4180 1755 Δ

2570 1792 2869 1860 τετραγώνῳ
2922 1792 3012 1840 xui
3067 1793 3123 1841 τό
3163 1796 3198 1842 Δ
3232 1796 3267 1841 Β
3295 1796 3352 1844 Γ.
3416 1789 3554 1865 Ἀρα
3590 1793 3838 1863 τετάρτου
3869 1800 3959 1844 τοῦ
3990 1799 4025 1844 Β
4066 1798 4110 1845 Κ
4135 1797 4179 1844 Λ

2470 1890 2514 1947 B
2573 1884 2610 1930 Γ
2649 1884 2970 1949 τετραγώνου
3026 1881 3137 1931 ἶσόν
3186 1879 3301 1932 ἐστι
3340 1888 3409 1951 τῷ
3441 1887 3477 1933 Β
3503 1888 3538 1933 Β
3567 1887 3612 1934 Λ
3645 1887 3683 1934 Γ
3704 1888 3933 1955 τριγώνῳ
3985 1892 4059 1953 τῷ
4089 1890 4186 1935 τοῦ

2572 1968 2613 2024 Α
2646 1974 2682 2019 Β
2712 1973 2749 2020 Γ
2775 1975 2809 2020 Δ
2840 1970 3039 2039 ἡμίσει.
3085 1968 3224 2022 Ἐπεὶ
3252 1976 3377 2040 γοῦν
3408 1972 3472 2022 τὰ
3507 1978 3597 2023 τοῦ
3647 1977 3682 2023 Β
3715 1978 3755 2024 Κ
3780 1978 3819 2024 Λ
3848 1977 3884 2023 Γ
3911 1968 4008 2024 δύο
4034 1976 4190 2025 τέταο

2574 2077 2674 2131 ρτα
2704 2058 2797 2109 ἵσά
2837 2058 2936 2110 εἰσι
2986 2066 3097 2120 τοῖς
3144 2055 3300 2111 δυσὶν
3367 2061 3587 2130 ἡμίσεσι
3618 2067 3708 2112 τοῦ
3737 2065 3773 2111 Α
3802 2067 3837 2112 Β
3868 2066 3903 2113 Γ
3934 2068 3967 2113 Δ
3990 2061 4049 2113 οὗ
4073 2061 4192 2115 ἐστι

2582 2143 2908 2221 διάμετροςὴ
2946 2153 2983 2199 Γ
3014 2154 3068 2210 Β,
3110 2153 3199 2200 xui
3228 2154 3341 2201 16B
3372 2155 3413 2202 Κ
3446 2155 3491 2203 Λ
3526 2155 3561 2201 Γ
3594 2146 3875 2202 διπλάσιόν
3931 2149 4041 2203 ἔστι
4085 2159 4182 2204 τοῦ

2583 2243 2621 2291 Α
2654 2244 2688 2288 Β
2718 2243 2753 2288 Γ
2784 2242 2819 2289 Δ
2850 2258 2860 2269 ·
2896 2236 2921 2287 ὃ
2946 2239 3045 2310 γὰρ
3079 2238 3138 2289 οὗ
3178 2234 3288 2290 ἶσον
3326 2238 3514 2309 ἣμισυ,
3557 2243 3614 2291 τό
3646 2238 3759 2292 ὅλον
3791 2240 3952 2292 αὐτοῦ
3994 2237 4192 2292 διπλά-

2585 2347 2696 2379 σιον
2750 2348 2761 2361 ·
2815 2328 2842 2385 η
2901 2329 3004 2401 ἄρα
3054 2335 3143 2380 τοῦ
3202 2334 3524 2402 τετραγώνου
3572 2337 3671 2381 τών
3741 2338 3941 2401 γωνιῶν
4001 2327 4194 2403 διάμε-

2583 2436 2701 2489 τρος
2758 2423 3080 2491 τετραγώνου
3149 2419 3354 2469 τεθεῖσα
3425 2417 3622 2493 πλευρὰ
3705 2414 3986 2472 διπλάσιον
4063 2420 4194 2471 αὐτὸ

2586 2514 2743 2570 ποιεῖ,
2793 2514 2884 2558 τοῦ
2937 2507 3092 2579 οὗπέρ
3144 2506 3260 2559 ἐστι
3331 2503 3633 2581 διάμετρος,
3685 2507 3805 2583 ὅπερ
3861 2505 3965 2563 ἔδει
4014 2505 4192 2572 δεῖξαι

2656 2595 2721 2667 γ’.
2775 2597 2897 2668 Οὐχ
2972 2597 3134 2658 οὕτως
3193 2593 3251 2649 δὲ
3324 2602 3413 2649 καὶ
3466 2606 3563 2659 τῆς
3614 2602 3855 2672 σφαίρας,
3929 2597 4039 2651 ἀλλ’
4108 2598 4199 2650 οἱλ-

2585 2684 2702 2755 λως,
2746 2690 2835 2737 xui
2866 2682 2959 2738 διὰ
2995 2692 3148 2737 τοῦτο
3200 2686 3303 2758 ἆρα
3353 2682 3769 2762 μονοειδεστερον
3836 2692 3894 2738 τό
3949 2687 4201 2749 κυκλικός

2591 2784 2783 2849 σχῆμα
2835 2783 2922 2829 τοῦ
2970 2780 3293 2849 τετραγώνου
3351 2795 3405 2830 τε
3442 2780 3531 2829 xui
3590 2776 3841 2853 ἰσοτερον.
3900 2777 4037 2831 Ἐκεῖ
4092 2780 4198 2853 γὰρ

2560 3061 2766 3120 metris
2803 3062 3170 3136 quadratum
3195 3062 3371 3119 exhis
3390 3063 3804 3120 constitutum.
3822 3066 4086 3121 Ducatur
4107 3064 4234 3136 igi-

2560 3157 2657 3209 tur
2687 3168 2722 3209 a
2765 3154 2802 3208 B
2836 3153 2896 3209 in
2930 3155 2967 3209 L
2992 3152 3282 3209 diameter
3310 3171 3322 3209 :
3355 3157 3701 3226 praetereaA
3750 3156 3789 3210 C
3825 3154 3888 3210 in
3942 3155 4149 3227 Kqua:
4173 3155 4238 3211 in

2562 3247 2765 3299 centro
2800 3246 2840 3299 D
2892 3258 3020 3299 sese
3101 3247 3311 3299 mutuo
3357 3248 3575 3299 secent.
3632 3244 3688 3301 Si
3729 3243 3908 3313 igitur
3961 3246 4001 3300 C
4056 3248 4096 3299 Β
4141 3249 4242 3301 est

2564 3331 2812 3405 aequalis
2843 3331 3013 3388 lineae
3041 3334 3079 3387 B
3110 3332 3182 3397 K,
3209 3337 3297 3388 est
3326 3338 3527 3388 autem
3555 3333 3690 3405 ipsa
3727 3333 3888 3389 basis
3942 3333 4235 3404 trianguli

3029 3437 3274 3495 quoque
3352 3424 3390 3477 Β
3440 3421 3667 3480 Kbasis
3727 3422 4005 3491 trianguli
4062 3425 4229 3478 DKB.

2566 3514 2718 3583 Ergo
2742 3510 2899 3567 latus
2935 3510 3023 3567 CD
3044 3516 3132 3567 est
3170 3510 3403 3584 aequale
3451 3510 3619 3567 lateri
3682 3514 3766 3567 BD
3815 3518 3872 3567 et
3919 3511 4080 3567 latus
4142 3513 4245 3568 ΚΟ

2565 3601 2907 3673 estmquale
2933 3600 3099 3657 lateri
3134 3604 3325 3670 BD,et
3367 3600 3522 3657 latus
3574 3603 3659 3657 BD
3721 3606 3809 3657 est
3854 3600 4092 3674 aequale
4162 3601 4248 3659 la-

2569 3690 3072 3756 teriCDQnorum
3114 3706 3256 3746 vero
3294 3690 3483 3746 latera
3543 3696 3681 3746 sunt
3731 3690 3987 3763 aequalia
4027 3694 4086 3746 et
4130 3690 4245 3747 ba-

2568 3794 2660 3835 ses
2694 3785 2833 3835 sunt
2860 3779 3145 3852 aequales,
3196 3779 3402 3850 anguli
3467 3796 3712 3852 quoque
3768 3784 3909 3835 sunt
3950 3779 4247 3852 aequales,

2569 3872 2833 3935 Quorum
2868 3871 3025 3925 enim
3059 3876 3261 3942 partes
3292 3875 3433 3926 sunt
3464 3870 3729 3943 aequales
3769 3875 3825 3925 et
3850 3869 3949 3925 illa
3990 3886 4247 3943 quoque

2570 3959 2721 4015 inter
2788 3974 2849 4015 se
2894 3963 3031 4015 sunt
3112 3959 3372 4032 aequalia
3458 3963 3608 4031 Ergo
3691 3958 3991 4029 triangulo
4038 3961 4153 4016 CB
4203 3962 4248 4015 D

2571 4048 2800 4122 aequale
2832 4055 2919 4105 est
2949 4049 3319 4120 triangulum
3380 4049 3424 4104 B
3479 4053 3521 4107 K
3573 4053 3640 4105 υ.
3701 4050 4000 4115 Quoniam
4058 4049 4253 4119 igitur

2573 4138 2935 4209 triangulum
2971 4142 3007 4194 Β
3049 4142 3094 4195 Κ
3119 4142 3160 4195 D
3193 4144 3279 4195 est
3302 4139 3533 4212 aequale
3564 4138 3866 4209 triangulo
3900 4138 3939 4193 C
3968 4138 4006 4190 Β
4037 4141 4105 4194 D.
4155 4143 4257 4195 Est

2574 4234 2774 4284 autem
2802 4228 3121 4284 dimidium
3147 4229 3429 4301 quadrati
3458 4231 3503 4283 A
3536 4230 3575 4285 Β
3635 4229 3677 4282 C
3728 4229 3789 4283 D.
3851 4227 4253 4297 Triangulum

2574 4333 2816 4391 quoque
2838 4320 2881 4373 D
2907 4320 2944 4373 Β
2971 4319 3010 4374 C
3035 4318 3314 4390 quadrati
3336 4321 3374 4373 Β
3401 4321 3441 4375 C
3472 4320 3509 4374 L
3540 4320 3583 4374 K
3643 4322 3731 4374 est
3764 4317 4001 4390 aequale
4048 4318 4261 4373 triam«

2576 4408 2716 4478 gulo
2745 4413 2782 4464 Α
2812 4412 2850 4466 C
2877 4412 2932 4476 Β,
2973 4412 3038 4466 Et
3061 4410 3352 4481 quoniam
3408 4409 3686 4483 quadrati
3732 4408 3984 4481 quidem
4019 4409 4059 4461 Β
4086 4411 4129 4465 C
4150 4411 4189 4464 L
4210 4410 4257 4464 Κ

2576 4498 2940 4566 triangulum
2966 4500 3010 4553 K
3055 4501 3095 4553 Ι)
3119 4499 3160 4550 Β
3192 4499 3360 4554 tertia
3384 4514 3523 4570 pars
3555 4503 3981 4566 est,estautem
4010 4496 4255 4569 aequale

2576 4587 3006 4657 trianguloAB
3061 4590 3099 4643 C
3150 4591 3211 4644 D.
3274 4590 3497 4653 Quarta
3550 4604 3689 4660 pars
3758 4602 3901 4655 ergo
3957 4587 4254 4657 quadrati

2580 4678 2676 4731 ΒΚ
2710 4680 2747 4732 1,
2781 4679 2999 4748 Qqua:
3053 4683 3144 4732 est
3212 4680 3253 4733 Ι)
3292 4680 3327 4732 Β
3377 4680 3437 4745 C,
3482 4682 3569 4731 est
3623 4676 3871 4748 mqualis
3939 4677 4252 4746 triangulo

2574 4769 2777 4833 ΑΒΕ,
2828 4767 2992 4839 quod
3049 4771 3136 4823 est
3192 4767 3509 4822 dimidium
3571 4766 3847 4838 quadrati
3907 4770 3947 4819 Α
4003 4768 4041 4819 Β
4082 4768 4124 4821 C
4183 4771 4249 4821 ι).

2576 4857 2871 4921 Quoniam
2913 4856 3091 4925 igitur
3117 4856 3253 4913 duae
3277 4862 3507 4927 quarta:
3555 4860 3753 4926 partes
3808 4853 4093 4925 quadrati
4154 4855 4248 4911 ΒΚ

2576 4950 2615 5003 L
2642 4950 2700 5013 C,
2734 4952 2873 5001 sunt
2898 4946 3162 5018 aequales
3188 4945 3430 5001 duabus
3459 4946 3723 4999 dimidiis
3747 4942 4022 5016 partibus
4090 4960 4249 5015 qua-

2572 5036 2725 5092 drati
2758 5039 2803 5089 A
2836 5037 2878 5089 B
2902 5039 2941 5092 C
2976 5039 3017 5092 l)
3048 5036 3221 5106 cujus
3250 5040 3339 5091 est
3388 5034 3678 5091 diameter
3736 5036 3776 5090 (Ζ
3828 5035 3885 5097 Β,
3938 5031 4252 5102 colligitur

2576 5128 2612 5181 Β
2634 5127 2681 5180 Κ
2714 5128 2751 5181 L
2780 5128 2818 5181 C
2856 5142 2984 5181 esse
3006 5124 3259 5198 duplum
3288 5124 3567 5198 quadrati
3593 5129 3628 5179 Α
3673 5126 3708 5178 Β
3734 5124 3773 5178 C
3807 5124 4038 5177 D.Nam
4064 5123 4251 5193 cujus

2571 5216 2881 5273 dimidium
2904 5214 3238 5288 estmquale
3265 5214 3431 5269 alteri
3461 5215 3585 5280 toti,
3607 5218 3797 5268 totum
3825 5210 3984 5267 illius
4008 5211 4256 5268 dimidii

2570 5311 2661 5361 est
2691 5304 2930 5361 alterius
2960 5304 3235 5376 duplum.
3271 5306 3468 5370 Quare
3522 5302 3814 5358 diameter
3869 5299 4254 5369 angulorum

2569 5396 2847 5470 quadrati
2877 5395 3034 5452 facta
3060 5394 3339 5467 quadrati
3364 5394 3519 5450 latus
3543 5392 3801 5465 duplum
3850 5389 4034 5446 efﬁcit
4089 5391 4256 5447 illius

2568 5487 2743 5559 cujus
2772 5490 2857 5541 est
2886 5484 3383 5557 diameter,quod
3412 5481 4149 5556 oportuitdemonstrare.

2641 5582 2692 5633 3.
2714 5578 2826 5633 Sed
2855 5576 2915 5631 in
2946 5574 3183 5648 sphaera
3197 5572 3557 5641 nonita,sed
3580 5572 3748 5629 aliter
3779 5586 3841 5625 se
3877 5585 3975 5625 res
4005 5569 4205 5626 habet
4242 5589 4255 5626 :

2567 5670 2749 5739 atque
2778 5664 2914 5722 ideo
2936 5665 3133 5737 ﬁgura
3153 5662 3460 5720 circularis
3480 5666 3569 5719 est
3596 5660 3789 5732 magis
3838 5658 4178 5717 uniformis
4200 5666 4261 5717 et

2560 5757 2764 5829 magis
2784 5755 3055 5830 aequalis,
3088 5760 3279 5828 quam
3310 5752 3702 5824 triangulum;
3736 5753 3886 5809 Nam
3906 5748 3971 5807 in
4017 5750 4258 5808 circulo
