4444 6452
255 435 389 493 1369

1139 438 1491 499 THEODORI
1528 441 1573 498 ll
1612 439 1749 499 IMP.
1791 440 1882 497 DE
1921 439 2378 501 COMMUNIONE
2416 443 2793 503 NATURALI.

3529 452 3665 506 1370

279 573 369 625 καὶ
394 566 446 619 αἱ
471 559 745 634 διάμετροι
775 562 864 612 καὶ
898 559 951 612 αῖ
1007 563 1136 634 πρὸς
1186 567 1245 617 τὸ
1289 570 1493 639 κέντρον
1539 566 1730 625 εὐθεῖαι
1792 570 1880 618 καὶ
1939 568 1985 621 Α
2044 586 2133 619 και
2159 566 2393 624 ἁπάντων
2420 573 2613 628 τούτων
2660 575 2811 648 πέρας
2862 572 2919 623 τὸ
2968 577 3039 630 Χ.
3090 572 3167 624 Τὰ
3218 579 3341 644 γοῦν
3397 579 3485 625 τοῦ
3537 580 3573 626 Β
3630 580 3666 628 Γ

278 658 306 717 ἠ
368 654 421 708 ἐκ
463 660 554 706 τοῦ
612 655 824 723 κέντρου
883 649 977 701 κᾶν
1041 649 1369 721 ἐλαττῶνται,
1425 657 1518 708 κᾶν
1580 656 1732 729 αὑξῃ,
1804 654 1881 710 ἀεὶ

281 741 391 800 ἶσαί
421 745 543 808 εἱσι,
577 743 633 792 τὸ
668 736 726 797 δὴ
748 740 1066 811 τετράγωνον
1097 745 1231 795 κατὰ
1258 745 1347 804 τὰς
1403 741 1717 817 διαμέτρους
1774 744 1880 816 οὐχ

277 835 435 893 οὑτως
465 834 597 903 ἔχει.
639 828 697 881 ’Π
755 830 855 899 γὰρ
913 847 966 879 εκ
1011 839 1101 891 τῆς
1151 841 1399 904 γραμμῆς
1455 834 1710 906 ληφθεῖσα
1763 830 1880 885 διά-

276 941 456 995 μετρος
503 921 712 974 τιθεῖσα
765 917 961 992 πλευρὰ
1016 916 1127 971 ἴσον
1183 929 1255 992 τῷ
1310 918 1369 974 οὗ
1421 922 1532 977 ἔστι
1608 920 1883 998 διάμετρος

276 1014 411 1069 ποιεῖ
438 1009 829 1083 τετράγωνον,ἠ
883 1004 942 1061 δὲ
995 1014 1189 1082 κυρίως
1248 1008 1523 1087 διάμετρος
1581 1015 1609 1072 ἡ
1671 1013 1725 1067 ἐκ
1781 1020 1882 1065 τῶν

275 1109 474 1173 γωνιῶν
534 1105 671 1151 ποιεῖ
713 1094 1015 1152 διπλάσιον.
1068 1102 1210 1153 Εἴπω
1260 1097 1319 1154 δὲ
1370 1106 1459 1154 καὶ
1529 1101 1672 1166 ἄλλο,
1751 1104 1882 1166 ὅπως

279 1186 437 1253 δείξω
469 1191 549 1245 ὅτι
573 1193 632 1242 τὸ
665 1183 806 1250 εἶδος
836 1191 1142 1260 κρειττόνως
1178 1209 1236 1242 το
1280 1190 1522 1243 κυκλικὸν
1580 1188 1882 1250 sidoniam

281 1287 472 1351 σχῆμα
491 1285 582 1333 τοῦ
612 1283 935 1352 τετραγώνου
993 1282 1082 1329 καὶ
1140 1281 1343 1333 πάντων
1398 1284 1526 1354 πρὸς
1575 1284 1633 1333 τὸ
1689 1277 1879 1346 gaza"

278 1370 356 1425 ὅτι
393 1370 453 1420 τὰ
473 1374 565 1423 τοῦ
595 1365 785 1421 κύκλου
829 1368 959 1439 μέρη
1007 1366 1213 1420 ἅπαντα
1253 1365 1345 1421 ἶσα
1396 1372 1521 1440 πρὸς
1568 1372 1626 1421 τὸ
1676 1373 1881 1444 κέντρον

277 1457 547 1511 καὶαὑτοῦ
578 1461 900 1528 τετραγώνου
929 1476 940 1489 ι
970 1452 1053 1508 δεῖ
1091 1452 1150 1509 δί
1218 1461 1412 1529 τέμνειν
1480 1455 1573 1510 διὰ
1623 1465 1723 1511 τῶν
1792 1455 1885 1511 δια

277 1550 475 1621 μέτρων
497 1545 668 1597 αὐτῶν
699 1549 788 1597 καὶ
813 1540 982 1610 δεῖξαι
1008 1545 1085 1597 ὃτι
1117 1546 1210 1597 ἴσοι
1252 1549 1319 1599 τὰ
1372 1551 1500 1619 μέρη
1551 1550 1721 1600 πάντα
1783 1547 1882 1599 αὖο-

277 1642 388 1689 τοῦ.
422 1634 641 1688 ’Ἐστωό
673 1639 769 1686 ΒΓ
827 1633 1034 1699 κύκλος,
1092 1638 1300 1707 κέντρον
1355 1632 1414 1688 δὲ
1465 1638 1650 1688 τούτου
1706 1638 1763 1688 τὸ
1814 1643 1882 1691 Χ.

276 1729 623 1796 Διαστήματα
650 1719 708 1775 δὲ
737 1725 794 1776 τὸ
820 1729 858 1776 Α
888 1728 925 1774 Γ
964 1729 1000 1775 Β
1030 1728 1065 1776 Δ
1103 1728 1192 1776 καὶ
1218 1724 1375 1794 ἣγθω
1407 1723 1506 1777 ἀπὸ
1533 1733 1627 1787 τῆς
1693 1730 1731 1778 Α
1788 1744 1883 1778 πι-

276 1816 564 1887 ρατουμένη
596 1812 766 1864 εὐθεῖα
823 1811 907 1863 ἐπὶ
969 1815 1060 1869 τὴν
1120 1818 1158 1864 Γ
1206 1810 1299 1866 διὰ
1365 1821 1456 1866 τοῦ
1514 1822 1582 1879 Χ,
1634 1815 1884 1876 ὡσαύτως

276 1921 367 1954 και
388 1900 489 1953 ἀπὸ
518 1909 611 1962 τῆς
656 1909 690 1953 Δ
748 1899 831 1952 επὶ
883 1908 974 1961 τῆς
1028 1907 1063 1953 Β
1104 1902 1160 1952 αἱ
1205 1900 1309 1954 εἱσι
1361 1910 1452 1955 τοῦ
1498 1909 1532 1954 Β
1583 1908 1620 1954 Γ
1692 1902 1882 1954 κύκλου

278 1988 571 2066 διάρετροι.
615 1994 816 2064 Κέντρῳ
853 1985 911 2041 δὲ
941 1989 1094 2041 πάλιν
1134 1998 1205 2061 τῷ
1263 1998 1317 2060 Β,
1368 1991 1554 2054 κύκλος
1605 1993 1884 2065 ’γεγράφθω

277 2082 303 2133 ὁ
332 2088 378 2133 Ν
402 2087 466 2149 Π,
501 2076 780 2154 διάμετρος
807 2076 864 2131 δὲ
890 2081 919 2139 ἡ
958 2086 1001 2133 Χ
1036 2086 1098 2144 Ν,
1127 2080 1274 2154 ἑτέρα
1302 2077 1359 2133 δὲ
1396 2082 1426 2138 ἡ
1486 2088 1524 2135 Φ
1571 2088 1633 2139 ll.
1694 2080 1885 2134 Ὡσαύ-

276 2190 372 2231 τως
403 2166 462 2222 δὲ
491 2173 680 2243 κέντρῳ
712 2176 783 2238 τῷ
808 2175 842 2221 Δ
882 2168 1068 2230 κύκλος
1088 2171 1366 2243 γεγράφθω
1442 2172 1467 2222 ὁ
1524 2178 1571 2224 Χ
1630 2178 1695 2235 Θ,
1757 2166 1884 2223 διοί-

276 2278 456 2334 μετρος
496 2255 609 2315 diti)
657 2265 794 2321 ΛΘ,
830 2254 1055 2331 ἕτεραδὲ
1114 2260 1143 2316 ἡ
1197 2266 1232 2310 Ρ
1287 2267 1353 2314 Χ.
1408 2265 1508 2313 Καὶ
1568 2260 1718 2321 αὖθις
1774 2264 1886 2312 κέν-

276 2368 379 2420 τρῳ
402 2356 472 2418 τῷ
505 2354 562 2415 Γ,
594 2348 781 2408 κύκλος
807 2349 1116 2419 γεγράρφθω
1156 2348 1181 2399 ὁ
1216 2354 1255 2401 Π
1289 2355 1362 2413 Μ,
1398 2344 1675 2423 διάμετρος
1730 2345 1789 2401 δὲ
1848 2350 1877 2407 ἡ

274 2445 320 2491 Χ
353 2444 425 2506 Μ,
461 2441 549 2488 καὶ
580 2434 704 2494 «ait;
739 2438 767 2493 ἡ
806 2444 850 2489 Θ
885 2443 944 2490 II.
984 2441 1081 2489 Καὶ
1122 2436 1275 2489 πάλιν
1314 2442 1505 2513 κέντρῳ
1546 2448 1616 2509 τῷ
1680 2445 1739 2504 Α,
1797 2442 1882 2490 κό-

274 2526 394 2588 κλος
421 2526 755 2599 γεγράφθωό
817 2529 855 2577 Φ
918 2533 983 2591 Χ,
1050 2522 1333 2601 διάμετρος
1373 2524 1432 2580 de
1485 2529 1514 2586 ἡ
1577 2535 1615 2581 Ε
1671 2536 1738 2598 Χ,
1792 2531 1883 2579 καὶ

275 2616 423 2689 ἑτέρα
465 2616 495 2672 ἡ
550 2620 593 2667 Α
671 2620 732 2670 Φ.
819 2618 964 2685 Λέγω
1043 2622 1169 2686 γοῦν
1239 2617 1318 2668 ὅτι
1386 2619 1452 2669 τὰ
1511 2625 1608 2669 τῶν
1682 2624 1772 2669 τοῦ
1849 2622 1883 2667 Β

276 2710 312 2757 Γ
374 2703 564 2756 κύκλου
622 2707 821 2777 πέρατα
898 2700 1191 2777 διαμέτρων
1270 2712 1305 2759 Β
1391 2711 1427 2758 Γ
1532 2713 1566 2759 Δ
1649 2714 1688 2759 Α
1774 2709 1883 2759 κέν·

272 2812 372 2868 τρα
404 2793 515 2846 ἐστὶ
540 2801 639 2847 τῶν
670 2799 707 2846 Φ
741 2800 780 2845 Ν
817 2799 855 2846 ll
891 2800 931 2845 Il
972 2800 1022 2846 Μ
1048 2802 1092 2845 Θ
1124 2802 1169 2848 Θ
1212 2802 1245 2847 Ρ
1281 2802 1323 2848 Λ
1366 2801 1413 2849 Λ
1464 2801 1500 2848 Ε
1562 2801 1601 2849 Φ
1658 2795 1879 2865 κύκλων,

248 2917 524 2974 diametri
571 2921 628 2973 et
690 2916 860 2972 linem
913 2921 1087 2973 rectae
1142 2918 1219 2975 ad
1258 2925 1532 2976 centrum
1592 2921 1815 2986 ductae,
1864 2923 1922 2977 et

247 3024 385 3081 quae
418 3024 454 3065 a
483 3012 686 3064 centro
730 3007 1053 3074 ducuntur,
1117 3010 1237 3064 sive
1294 3011 1492 3066 minor
1542 3012 1667 3067 sive
1724 3012 1923 3083 major

247 3098 353 3153 ﬁet
403 3096 683 3163 circulus,
737 3112 974 3169 semper
1052 3101 1190 3153 sunt
1255 3099 1547 3172 aequales.
1626 3104 1697 3157 At
1765 3116 1917 3173 qua-

246 3186 486 3242 dratum
521 3185 752 3242 ratione
802 3185 1236 3243 diametrorum
1282 3204 1404 3244 non
1462 3190 1544 3245 ita
1594 3205 1655 3246 se
1705 3189 1910 3247 habet.

246 3278 398 3332 Nam
421 3279 664 3345 sumpta
685 3274 782 3330 illa
800 3290 938 3346 quae
962 3280 1051 3331 est
1074 3276 1370 3333 linearum
1387 3278 1922 3336 rationediameter

246 3370 301 3421 et
322 3365 477 3421 latus
500 3364 710 3420 effecta
738 3364 971 3437 aequale
996 3366 1369 3438 quadratum
1395 3366 1573 3424 efficit
1594 3368 1724 3439 ejus
1746 3370 1923 3439 cujus
1955 3351 1994 3405 (ἶ

247 3460 337 3510 est
373 3454 682 3510 diameter.
740 3458 811 3509 Αι
856 3469 990 3526 quae
1041 3456 1281 3527 proprie
1340 3457 1561 3513 dicitur
1609 3458 1921 3524 diameter,

247 3558 468 3614 nempe
498 3542 859 3612 angulorum
902 3544 1130 3599 ratione
1186 3545 1346 3601 dicta
1400 3545 1693 3601 diameter
1745 3546 1924 3602 efﬁcit

247 3631 528 3705 quadrati
558 3631 835 3701 duplum.
864 3631 1142 3688 Dicamus
1165 3634 1346 3690 etiam
1371 3634 1539 3691 aliud
1563 3639 1625 3690 ut
1646 3634 1923 3691 ostenda-

249 3737 386 3776 mus
418 3721 673 3776 tormam
699 3719 1061 3777 circularem
1090 3724 1532 3794 praetentiorem
1581 3739 1713 3779 esse
1767 3740 1921 3796 qua-

250 3810 424 3866 drato
452 3810 660 3866 etaliis
684 3810 1055 3881 quibuslibet
1080 3813 1309 3881 ﬁguris.
1353 3813 1441 3868 Ad
1477 3812 1922 3869 ostendendum

251 3914 464 3955 omnes
493 3901 693 3957 circuli
724 3906 925 3973 partes
955 3901 1220 3971 aequales
1245 3917 1377 3956 esse
1400 3902 1479 3957 ad
1504 3907 1773 3957 centrum
1798 3917 1922 3957 non

250 3993 451 4045 autem
482 3991 761 4062 quadrati
790 3995 988 4063 partes
1034 4008 1047 4056 ;
1109 3995 1344 4062 Oportet
1390 4006 1592 4047 secare
1632 3992 1923 4047 circulum

251 4078 558 4135 diametris
584 4080 748 4152 ipsis.
777 4084 909 4135 Esto
939 4083 975 4134 Β
1034 4082 1073 4134 C
1122 4081 1404 4146 circulus,
1456 4086 1728 4137 centrum
1781 4097 1923 4137 vero

250 4168 432 4239 hujus
459 4170 610 4224 sitX.
650 4169 965 4226 Intervalla
994 4185 1133 4225 vero
1162 4170 1280 4224 sint
1320 4178 1363 4224 Α
1392 4173 1432 4227 C
1467 4174 1504 4226 Β
1548 4174 1612 4228 D.
1665 4175 1923 4225 Ducatur

248 4257 409 4315 linea
439 4258 583 4315 abA
614 4275 721 4332 per
762 4263 803 4316 Χ
847 4276 981 4332 quae
1029 4260 1382 4315 tcrminetur
1428 4262 1488 4315 in
1531 4264 1569 4317 C
1624 4277 1635 4316 :
1703 4261 1919 4316 eodem

253 4348 437 4405 modo
459 4364 495 4405 a
526 4353 749 4421 puncto
786 4351 825 4403 Β
848 4349 907 4403 in
934 4355 1224 4420 punctum
1258 4350 1300 4401 Β
1330 4349 1586 4405 ducatur
1611 4350 1796 4405 altera
1852 4350 1921 4405 li-

254 4453 389 4505 nea,
437 4437 672 4511 sintque
705 4437 901 4493 ambae
948 4436 1219 4492 diametri
1253 4438 1457 4493 circuli
1496 4439 1536 4490 Β
1587 4440 1646 4493 C.
1692 4441 1919 4493 Rursus

252 4528 477 4583 circum
508 4532 782 4583 centrum
820 4528 856 4581 B
884 4526 1140 4583 circulus
1158 4526 1518 4582 describitur
1543 4530 1585 4583 N
1618 4530 1658 4582 K
1688 4546 1700 4595 ;
1727 4528 1919 4599 sitque

252 4632 376 4672 una
397 4617 687 4672 diameter
714 4619 751 4671 Χ
778 4619 843 4683 Ν,
879 4616 1063 4670 altera
1086 4632 1227 4671 vero
1255 4618 1293 4670 ll
1330 4616 1398 4669 K.
1455 4616 1677 4671 Eodem
1738 4617 1918 4672 modo

2074 797 3559 2179 πη

2413 1483 3489 2171 {‘19

2047 2344 2238 2400 κύκλου
2264 2348 2462 2416 πέρατα
2487 2352 2584 2397 τῶν
2620 2340 2914 2417 διαμέτρων
2958 2348 2993 2396 Β
3051 2347 3088 2393 Γ
3142 2346 3177 2397 Δ
3211 2345 3247 2393 Α
3300 2344 3483 2412 κέντρα
3536 2344 3649 2394 ἐστὶ

2046 2444 2144 2487 τῶν
2178 2434 2356 2508 ἐτέρων
2384 2433 2601 2500 κύκλων,
2636 2436 2695 2486 τὸ
2724 2429 2782 2486 δὲ
2822 2440 2868 2487 Χ
2931 2435 3087 2505 πέρας
3135 2431 3321 2485 αὐτῶν.
3386 2431 3535 2486 Ἐπεί
3595 2428 3653 2486 δὲ

2047 2529 2202 2599 πέρας
2240 2530 2456 2576 τὼνΒΡ
2498 2530 2534 2576 Γ
2578 2530 2612 2577 Δ
2672 2528 2711 2575 Α
2769 2525 2988 2596 κέντρων
3037 2521 3149 2574 ἐστί
3206 2524 3263 2573 τὸ
3320 2528 3365 2575 Χ
3420 2521 3652 2594 ὑπάρχει

2050 2610 2108 2669 δί
2145 2614 2202 2665 τό
2265 2621 2364 2665 τῶν
2430 2615 2659 2686 ἡμίσεων
2723 2611 2887 2663 αὐτῶν
2961 2607 3276 2685 διαμέτρων,
3354 2608 3652 2681 ἀναγκαίως

2048 2705 2281 2776 ὑπάρχει
2320 2723 2410 2755 και
2440 2705 2505 2754 τὰ
2560 2708 2605 2755 Ν
2676 2709 2726 2755 Μ
2774 2708 2810 2755 Ρ
2858 2708 2894 2754 Ε
2944 2704 3142 2773 πέρατα
3186 2708 3283 2751 τῶν
3340 2697 3483 2759 ἐκτὸς
3534 2700 3655 2771 ἡμι-

2048 2793 2486 2866 κυκλίωνήμίσεα
2523 2799 2624 2845 τῶν
2664 2798 2709 2845 Ν
2766 2799 2815 2846 Χ
2879 2797 2930 2845 Μ
2997 2795 3045 2844 Χ
3108 2796 3144 2843 Ρ
3210 2796 3259 2842 Χ
3314 2785 3652 2862 διαμέτρων·

2030 2919 2326 2985 Quoniam
2354 2921 2554 2975 autem
2580 2917 2870 2975 terminus
2903 2915 3335 2973 diametrorum
3365 2916 3405 2970 Β
3435 2915 3496 2983 C,
3526 2916 3569 2969 D
3637 2916 3685 2971 Α

2135 3124 3607 4498 ε

2198 3816 3537 4494 199!

2028 4613 2409 4666 estcentrum
2440 4612 2498 4666 X.
2536 4614 2626 4667 Est
2656 4616 2862 4667 aulam
2893 4610 3072 4667 etiam
3104 4613 3376 4665 centrum
3408 4607 3691 4663 dimidia-

254 4705 479 4759 circum
507 4712 779 4759 centrum
808 4706 848 4757 D
872 4703 1247 4758 describatur
1270 4704 1527 4758 circulus
1557 4706 1594 4758 Χ
1621 4707 1661 4759 Τ
1687 4721 1699 4760 :
1726 4705 1918 4776 sitque
1956 4713 1996 4765 D
2026 4715 2159 4754 rum
2183 4699 2639 4760 diametrorum.
2676 4700 3011 4756 necessario
3039 4715 3283 4772 quoque
3312 4702 3353 4755 N
3378 4701 3485 4755 ΜΒ
3514 4700 3550 4752 Ε
3575 4696 3681 4770 qui

257 4809 378 4849 una
409 4793 699 4848 diameter
735 4796 769 4847 Ι,
800 4794 861 4858 Τ,
881 4791 1067 4846 altara
1103 4806 1241 4846 vero
1273 4795 1312 4847 Β
1376 4794 1433 4846 Χ.
1491 4796 1743 4848 Rursum
1803 4796 1915 4848 cir-

257 4900 397 4939 cum
428 4889 700 4938 centrum
732 4886 772 4937 C
804 4882 1062 4937 circulus
1106 4882 1483 4938 describatur
1538 4886 1656 4950 ΚΜ,
1724 4886 1918 4956 sitque

256 4972 556 5027 diametur
586 4988 708 5027 una
733 4971 779 5025 X
802 4974 870 5037 Μ,
914 4970 1099 5026 altera
1132 4987 1271 5027 vero
1302 4972 1419 5027 ΤΚ.
1451 4974 1517 5027 Et
1540 4989 1749 5028 rursus
1806 4977 1917 5028 cir-

256 5078 394 5117 cum
422 5067 694 5117 centrum
735 5063 782 5113 A
815 5059 1071 5115 circulus
1094 5058 1471 5116 describatur
1504 5061 1546 5115 II
1600 5064 1661 5129 Χ,
1723 5062 1919 5134 sitque

256 5150 547 5207 diameter
587 5166 710 5205 una
739 5151 778 5203 Ε
804 5151 861 5219 Χ,
893 5149 1079 5205 altera
1106 5165 1243 5204 vero
1278 5152 1314 5205 L
1340 5150 1409 5206 Η.
1446 5151 1584 5205 Dico
1624 5151 1805 5219 igitur
1859 5152 1918 5207 in

256 5240 478 5296 circulo
508 5242 544 5294 Β
569 5242 607 5295 C
629 5239 774 5294 lines
798 5253 905 5293 seu
925 5239 1211 5293 terminos
1233 5239 1667 5295 diametrorum
1700 5256 1920 5313 nempe

262 5331 299 5383 Β
332 5329 371 5383 C
412 5330 453 5381 D
486 5333 529 5383 A
562 5342 695 5383 esse
721 5330 923 5382 centra
945 5326 1303 5382 circulorum
1334 5329 1375 5383 ll
1412 5331 1451 5382 Ν
1487 5328 1609 5393 Κ,Κ
1658 5330 1707 5385 Μ
1753 5328 1820 5398 Τ,
1881 5331 1921 5385 Τ

259 5420 303 5473 Β
338 5418 396 5487 L,
432 5419 470 5472 L
500 5419 537 5472 E
570 5419 636 5484 Η,
669 5420 727 5472 et
754 5415 973 5471 horum
1027 5415 1301 5471 omnium
1364 5421 1637 5472 centrum
1678 5432 1811 5473 esse
1860 5420 1919 5485 X,

261 5506 675 5563 Extremitates
706 5519 849 5575 ergo
875 5504 1309 5561 diametrorum
1332 5521 1456 5577 qrae
1485 5510 1625 5562 sunt
1648 5508 1687 5562 Β
1720 5508 1759 5562 C
1801 5510 1843 5561 υ
1876 5512 1921 5562 Α

259 5597 321 5653 in
362 5595 584 5651 circulo
618 5597 655 5650 Β
683 5594 746 5652 C.
780 5598 918 5650 sunt
947 5593 1203 5650 aliorum
1253 5594 1614 5652 circulorum
1662 5600 1796 5652 cent
1863 5614 1919 5664 a,

263 5685 637 5745 Circulorum
665 5699 807 5742 vero
836 5684 1093 5741 istorum
1123 5684 1399 5741 omnium
1426 5686 1719 5744 terminus
1751 5690 1841 5744 est
1859 5687 1919 5743 Χ.

334 5810 417 5886 (1)
442 5813 630 5870 Locus
658 5812 721 5869 in
747 5812 951 5870 Greca
978 5801 1309 5871 mendosus
1348 5815 1455 5871 est;

2026 4794 2163 4844 sunt
2197 4789 2428 4844 termini
2459 4806 2563 4844 seu
2591 4789 2994 4846 extremitates
3030 4789 3389 4844 exteriorum
3425 4786 3690 4842 semiciro

2028 4877 2299 4933 culorum
2333 4884 2474 4934 sunt
2502 4879 2767 4935 dimidiae
2795 4884 2995 4951 partes
3024 4878 3459 4935 diametrorum
3484 4880 3526 4932 N
3554 4880 3616 4943 Χ,
3642 4879 3691 4932 Μ

2028 4968 2103 5036 Χ,
2125 4970 2240 5024 EX.
2273 4969 2567 5033 Quoniam
2588 4974 2789 5025 autem
2830 4971 2870 5024 Χ
2904 4971 2941 5022 Β
2967 4972 3058 5024 est
3086 4967 3339 5024 dimidia
3396 4966 3693 5022 diameter

2027 5055 2510 5125 integrredimetri
2534 5060 2623 5114 DX
2641 5061 2696 5124 Β,
2712 5057 3204 5131 quandoquidem
3220 5057 3403 5128 hujus
3422 5060 3689 5112 centrum

2027 5151 2117 5201 est
2145 5149 2207 5213 Χ,
2242 5149 2280 5201 Β
2314 5150 2351 5203 Χ
2376 5162 2620 5220 quoque
2660 5148 2768 5202 erit
2796 5146 3050 5202 dimidia
3096 5145 3388 5201 diameter
3444 5145 3693 5217 integras

2027 5234 2303 5292 diametri
2322 5240 2363 5293 N
2390 5238 2449 5301 X,
2485 5237 2542 5292 in
2562 5236 2782 5292 circulo
2798 5238 2839 5291 N
2858 5238 2922 5294 H.
2938 5236 3231 5302 Quoniam
3248 5236 3409 5291 enim
3424 5235 3627 5292 circuli
3647 5238 3693 5291 A

2032 5331 2073 5379 K
2092 5330 2361 5381 centrum
2383 5331 2471 5381 est
2498 5329 2807 5398 Bquorum
2823 5342 2963 5382 vero
2980 5324 3232 5381 dimidia
3254 5328 3393 5381 sunt
3410 5323 3692 5398 aequalia,

2032 5420 2151 5472 tota
2181 5415 2334 5471 inter
2346 5430 2664 5489 sequoque
2684 5415 3093 5489 suntmqualia
3110 5431 3122 5470 :
3141 5430 3285 5471 sane
3300 5413 3578 5471 diametri
3601 5414 3693 5471 in-

2030 5510 2117 5562 ter
2146 5521 2207 5561 se
2236 5511 2408 5563 erunt
2433 5505 2728 5579 aequales(
2742 5506 2811 5578 1).
2832 5506 3054 5563 Eadem
3074 5505 3223 5562 ratio
3237 5508 3326 5561 est
3346 5505 3526 5561 etiam
3545 5505 3694 5561 alia-

2029 5610 2163 5651 rum
2198 5595 2631 5652 diametrorum
2661 5597 2719 5651 in
2751 5594 2882 5652 aliis
2913 5594 3169 5651 circulis.
3223 5596 3375 5650 Nam
3415 5593 3696 5650 diametri

2029 5683 2276 5757 integrae
2306 5688 2347 5742 Χ
2376 5687 2426 5741 Μ
2457 5684 2709 5743 dimidia
2744 5700 2888 5758 pars
2916 5687 3009 5742 est
3034 5686 3075 5741 Χ
3102 5682 3164 5740 E.
3194 5683 3495 5751 Quoniam
3522 5683 3685 5742 enim
