4444 6452
768 458 901 516 1371

2293 454 2647 513 ADDENDA.

4043 472 4186 523 1372

795 589 974 651 ἐπειδὴ
1019 589 1079 645 δέ
1112 601 1201 652 τῆς
1260 601 1353 644 τοῦ
1406 599 1442 644 Β
1500 599 1520 646 Ῑ
1590 595 1782 648 κύκλου
1836 594 2118 671 διαμέτρου
2178 603 2212 648 Δ
2260 601 2305 647 χ
2356 597 2393 640 Β
2450 582 2500 634 Α
2560 586 2902 653 περαιουμένη
2934 604 2944 614 ·
2989 582 3145 636 Ἀλλά
3194 604 3282 635 και
3325 587 3385 636 οἶν
3446 592 3727 648 συστήσεις
3783 598 4005 664 σφαῖραν
4064 593 4156 649 ἴση

794 683 962 752 ἥμισύ
995 682 1135 733 ἐστιν
1176 685 1205 739 ἡ
1257 689 1304 734 Χ
1350 690 1382 733 Β
1430 680 1610 740 ἐπειδὴ
1672 690 1872 759 κέντρον
1929 688 2039 739 ἐστί
2093 688 2278 737 τούτου
2334 686 2391 732 τὸ

794 778 858 840 Χ,
894 774 1031 828 καιὴ
1065 778 1175 824 ΒΧ
1240 772 1405 844 ἥμισύ
1456 772 1566 824 ἐστι
1626 782 1721 836 τῆς
1773 783 1817 827 Ν
1871 782 1919 827 Χ
1965 774 2250 846 διαμέτρου
2304 780 2391 822 τού

790 867 836 912 Ν
878 866 917 911 Η
946 861 1136 912 κύκλου
1169 882 1180 893 ο
1225 858 1405 919 ἐπειδὴ
1434 866 1534 935 γὰρ
1558 867 1789 936 ὑπάρχει
1841 867 2026 915 τούτου
2076 867 2279 934 κέντρον
2333 864 2390 911 τὸ

790 955 827 1000 Β
855 949 921 998 ὧν
954 945 1013 1000 δὲ
1036 947 1125 1000 ἶσα
1152 953 1216 1000 τὰ
1242 952 1437 1017 ἡμίσεα
1461 972 1549 1003 και
1584 956 1648 1005 τὰ
1688 953 1779 1005 ὅλα
1801 950 1892 1004 ἰσά
1942 953 2075 1017 ἐστι,
2122 954 2257 1002 κατά
2305 953 2391 1000 τὸν

792 1037 946 1088 αὐτὸν
980 1034 1037 1089 δὲ
1067 1037 1216 1107 λόγον
1241 1058 1330 1089 και
1352 1039 1434 1091 ἐπί
1464 1050 1561 1091 τῶν
1587 1041 1747 1093 ἄλλων
1776 1063 1787 1074 ·
1823 1049 1918 1101 τῆς
1937 1044 2038 1113 ’γὰρ
2075 1048 2112 1093 Α
2136 1048 2181 1093 Χ
2210 1046 2246 1091 Γ
2274 1036 2391 1090 δια-

790 1130 977 1200 μέτρου
1008 1133 1099 1177 τού
1124 1133 1160 1178 Β
1188 1133 1224 1178 Γ
1252 1128 1442 1179 κύκλου
1466 1132 1630 1201 ἧμισύ
1658 1130 1800 1182 ἐστιν
1826 1132 1855 1187 ἠ
1885 1135 1933 1181 Χ
1961 1136 1998 1181 Γ
2050 1125 2226 1185 ἐπειδὴ
2275 1131 2391 1179 κεν-

790 1232 910 1287 τρον
932 1213 1043 1265 ἐστί
1068 1216 1254 1265 τούτου
1285 1219 1341 1265 τὸ
1368 1221 1417 1267 Χ
1446 1236 1535 1268 και
1564 1219 1593 1275 ἡ
1632 1224 1667 1268 Γ
1687 1226 1733 1271 Χ
1756 1220 1922 1288 ἣμισύ
1947 1216 2058 1268 ἐστι
2083 1223 2177 1276 τῆς
2214 1223 2262 1267 Μ
2297 1221 2314 1267 I
2344 1222 2390 1267 X

792 1298 1075 1374 διαμέτρου
1106 1310 1197 1353 τού
1229 1310 1268 1355 Η
1304 1310 1354 1356 Μ
1407 1305 1598 1357 κύκλου
1633 1328 1645 1339 -
1697 1302 1873 1363 ἐπειδὴ
1927 1308 2159 1378 ὑπάρχει
2206 1307 2390 1355 τούτου

788 1394 995 1463 κέντρον
1022 1394 1081 1441 τὸ
1114 1396 1151 1442 Γ
1192 1412 1205 1423 ·
1238 1392 1304 1441 ὧν
1333 1387 1392 1444 δὲ
1413 1393 1506 1444 ἶσα
1548 1397 1615 1445 τὰ
1644 1396 1862 1465 ἡμίσεα,
1903 1414 1993 1444 και
2046 1396 2111 1444 τὰ
2162 1393 2253 1444 ὅλα
2299 1400 2393 1443 ἰσα

790 1478 947 1530 ἐστίν.
1021 1477 1290 1541 Ὡσαύτως
1350 1500 1441 1531 και
1496 1490 1591 1542 τῆς
1641 1489 1676 1533 Β
1726 1488 1772 1533 Χ
1834 1491 1868 1534 Δ
1947 1478 2228 1553 διαμέτρου
2300 1489 2391 1531 τού

791 1566 1148 1624 ΒΓκύκλουὴ
1206 1574 1253 1618 Χ
1315 1575 1349 1620 Δ
1394 1573 1562 1640 ἥμισύ
1614 1570 1725 1622 ἐστι
1777 1579 1872 1630 τῆς
1923 1576 1960 1623 Φ
2015 1576 2058 1621 Χ
2105 1567 2390 1640 διαμέτρου

788 1662 879 1705 τού
912 1662 959 1707 Χ
991 1662 1036 1707 Θ
1075 1654 1285 1720 κύκλου,
1326 1654 1506 1714 ἐπειδὴ
1541 1662 1747 1730 κέντρον
1775 1661 1888 1709 ἔστί
1928 1662 2115 1709 τούτου
2172 1661 2231 1708 τὸ
2284 1665 2319 1708 Δ
2377 1678 2387 1688 ·

790 1744 857 1793 ὧν
881 1740 939 1795 δὲ
971 1741 1061 1795 ἶσα
1092 1747 1155 1794 τὰ
1175 1746 1394 1815 ἡμίσεα,
1423 1752 1512 1798 καί
1560 1750 1627 1798 τὰ
1689 1746 1781 1799 ὅλα
1838 1748 1931 1798 ἶσά
1982 1747 2142 1799 ἐστιν.
2196 1746 2390 1797 Ὠσαύ-

787 1851 887 1892 τως
911 1828 970 1883 δὲ
999 1851 1089 1882 και
1118 1839 1277 1893 τῆςΓ
1315 1840 1363 1885 Χ
1426 1843 1456 1887 Α
1518 1832 1803 1908 διαμέτρου
1865 1846 1957 1887 του
2017 1842 2050 1887 Β
2116 1841 2153 1887 Γ
2202 1834 2391 1885 κύκλου

787 1922 818 1978 ἠ
849 1926 958 1973 ΧΑ
992 1920 1159 1984 ἣμισύ
1209 1921 1372 1990 ἐστιν,
1420 1921 1601 1981 ἐπειδὴ
1658 1930 1865 1999 κέντρον
1915 1924 2027 1975 ἐστί
2083 1926 2267 1975 τούτου
2333 1926 2391 1973 τὸ
2452 1927 2490 1980 Β

786 2017 836 2063 Χ
865 2029 954 2061 και
983 2012 1013 2067 ἠ
1058 2017 1097 2063 Α
1130 2016 1177 2062 Χ
1246 2010 1413 2081 ἢμισύ
1464 2014 1576 2063 ἔστι
1634 2021 1730 2074 τῆς
1778 2019 1812 2064 Ε
1862 2020 1909 2066 Χ
1968 2009 2253 2083 διαμέτρου
2302 2019 2394 2063 τού

788 2105 826 2151 Φ
854 2106 900 2151 Χ
930 2098 1144 2167 κύκλου,
1178 2096 1356 2157 ἐπειδὴ
1389 2104 1595 2172 κέντρον
1642 2102 1755 2153 ἐστί
1802 2104 1987 2153 τούτου
2028 2105 2085 2153 τὸ
2170 2108 2209 2153 Α
2268 2122 2280 2132 -
2332 2101 2398 2150 ὧν

788 2184 847 2238 δὲ
876 2189 943 2237 τὰ
979 2189 1175 2257 ἡμίσεα
1204 2189 1315 2253 ἴσα,
1378 2209 1466 2240 και
1500 2192 1567 2240 τὰ
1622 2190 1715 2241 ὁλα
1769 2187 1860 2241 ἶσά
1909 2190 2021 2241 ἐστι
2074 2209 2164 2239 και
2207 2192 2236 2245 η
2297 2188 2399 2262 ἂρα

785 2280 901 2327 ΝΧ
967 2271 1244 2347 διάμετρος
1287 2284 1347 2348 τῇ
1399 2284 1435 2329 Β
1484 2286 1518 2329 Δ
1574 2280 1663 2335 ῖση
1717 2278 1851 2337 ἐστί,
1919 2298 2007 2329 και
2051 2280 2080 2335 ἡ
2132 2280 2178 2333 Μ
2236 2282 2282 2328 Χ
2332 2284 2393 2348 τῇ

786 2362 1801 2438 ΛΓάλλακαιηΦΧτῇΒΔκαιή
1856 2374 2078 2438 ΕΧτῇ
2135 2373 2173 2419 Α
2225 2369 2398 2417 Γκαί

784 2453 1002 2527 ἑκατέρα
1029 2461 1091 2524 τῇ
1126 2453 1343 2526 ἑκατέρα
1372 2455 1489 2507 ἴσαί
1522 2456 1623 2507 εἰσι
1656 2478 1666 2488 ·
1701 2458 1766 2506 τά
1789 2458 1891 2529 γάρ
1960 2464 2031 2525 τῷ
2083 2455 2221 2525 αύτῷ
2279 2453 2392 2518 ἶσα,

782 2562 873 2594 και
912 2541 1150 2604 ἀλληλοις
1176 2540 1267 2595 ἶσά
1315 2544 1446 2609 ἐστι,
1494 2564 1583 2596 και
1612 2545 1679 2595 ὧν
1718 2547 1783 2596 τά
1841 2550 1969 2619 μέρη
2020 2541 2131 2605 ἶσα,
2196 2565 2286 2595 και
2329 2546 2394 2595 τά

783 2631 877 2683 ὅλα
914 2627 1007 2701 ἷσά
1032 2632 1145 2683 ἐστι
1174 2638 1275 2684 Και
1297 2642 1396 2684 τῶν
1413 2632 1515 2707 ἆρα
1539 2636 1665 2686 ἰσων
1717 2631 2064 2707 διαμέτρωνοὶ
2110 2636 2157 2685 οἱ
2210 2633 2389 2685 κύκλοι

783 2717 893 2772 ἶσοί
942 2724 1069 2785 εἰσι,
1118 2740 1208 2772 και
1262 2724 1431 2773 πάντα
1487 2725 1551 2774 τά
1618 2731 1708 2775 τοῦ
1765 2723 1956 2774 κύκλου
2024 2726 2225 2795 πέρατα
2298 2718 2391 2773 ἷσά

783 2810 944 2863 ἐστιν.
972 2808 1111 2861 Ἐπεί
1139 2807 1197 2862 δὲ
1223 2830 1312 2862 και
1355 2812 1421 2863 τά
1467 2821 1560 2874 τῆς
1615 2818 1841 2887 σφαίρας
1893 2817 2091 2886 πέρατα
2137 2809 2389 2882 δέχονται

780 2901 899 2958 τούς
965 2898 1155 2961 αύτούς
1205 2900 1422 2961 κύκλους
1479 2921 1568 2952 και
1623 2906 1841 2975 πέρατα,
1884 2902 1951 2952 ὧν
2012 2903 2203 2975 θάτερα
2244 2903 2388 2953 θατέ-

780 3008 903 3063 ρους
965 3009 1055 3040 και
1107 2992 1242 3041 κατά
1290 2999 1377 3050 τῆς
1437 2996 1664 3064 σφαίρας
1710 2996 1839 3065 μέρη
1891 2994 2061 3043 πάντα
2107 2988 2199 3042 ἶσά
2250 2990 2382 3051 ἐστι,

1906 3083 2097 3139 ταύτης

780 3098 871 3129 και
930 3084 1079 3131 πᾶσα
1145 3082 1337 3140 ταύτης
1403 3076 1683 3153 διάμετρος
1734 3089 1806 3150 τῷ
1906 3083 2097 3139 ταύτης
2192 3084 2384 3150 κέντρῳ

2556 668 2744 739 ἐστίτῇ
2774 670 2836 729 ἧς
2877 671 2988 721 ἐστι
3024 668 3327 743 διάμετρος,
3367 694 3455 724 και
3521 675 3545 726 ὁ
3593 685 3785 748 σχῆμα
3840 685 4161 736 ποιήσουσιν

2556 758 2609 807 αἱ
2640 766 2728 817 τῆς
2758 755 3038 831 διαμέτρου
3076 761 3266 812 εὐθεῖαι
3318 766 3481 834 ταύτῃ
3544 761 3655 816 ἴσον
3705 766 3831 832 ἐστι,
3888 771 4023 820 καθά
4088 767 4157 826 δὴ

2555 865 2643 896 και
2668 855 2759 897 τοῦ
2789 848 2979 899 κύκλου
3017 870 3027 881 -
3055 855 3381 907 συνέστησαν
3411 856 3511 923 γάρ
3540 856 3591 903 αἱ
3623 862 3668 906 Θ
3730 862 3766 907 Γ
3835 864 3874 908 ll
3921 864 3959 910 Φ
4022 866 4055 909 Β
4113 866 4156 911 Π

2557 942 2598 987 Λ
2636 941 2669 985 Α
2713 941 2751 987 Φ
2792 944 2837 987 Θ
2869 944 2903 988 Δ
2938 944 2977 989 Λ
3020 946 3119 988 τῶν
3160 940 3357 990 κύκλων
3391 937 3663 1014 διάμετροι
3712 949 3769 996 τὸ
3826 952 3863 997 Φ
3924 953 3963 998 Η
4016 954 4061 998 Θ
4114 956 4157 999 Λ

2554 1042 2890 1095 τετράγωνον,
2928 1034 3077 1077 τοῦτο
3110 1023 3167 1078 δε
3205 1033 3493 1085 ποιήσουσι
3541 1051 3630 1082 και
3680 1036 3734 1085 αἱ
3788 1044 3878 1095 τῆς
3935 1041 4169 1108 σφαίρας

2556 1109 2829 1185 διάμετροι
2852 1115 2972 1185 ὅπερ
3007 1111 3114 1165 ἔδει
3142 1111 3331 1177 δεῖξαι.

2627 1196 2698 1253 δ’.
2728 1208 2894 1253 Τοῦτο
2914 1198 2974 1253 δέ
2998 1203 3102 1273 ούχ
3130 1212 3250 1276 εύρη
3282 1224 3357 1265 τις
3388 1206 3461 1267 εἰς
3491 1214 3663 1259 πᾶσαν
3684 1216 3935 1281 γραμμὴν
3961 1232 4051 1263 και
4100 1215 4163 1263 τὸ

2553 1292 2655 1359 μὴν
2682 1296 2773 1339 τού
2822 1296 3142 1361 τετραγώνου
3190 1291 3280 1351 τὰς
3338 1290 3430 1345 δια
3476 1303 3567 1347 τού
3607 1301 3770 1367 μέσου
3812 1318 3903 1350 και
3950 1304 4164 1373 κέντρου

2554 1376 2903 1446 ἠγμένας,και
2934 1378 3085 1440 αὖθις
3115 1384 3240 1451 πρὸς
3271 1386 3327 1433 τό
3369 1378 3540 1445 δεῖξαι
3594 1386 3673 1435 ὅτι
3742 1390 3859 1438 οὔτε
3918 1389 4030 1439 ἶσον
4087 1399 4165 1459 τῷ

2554 1470 2855 1537 τετραγώνῳ
2906 1474 3053 1518 πᾶσα
3114 1465 3395 1541 διάμετρος
3459 1469 3553 1523 διὰ
3624 1482 3715 1524 τού
3788 1479 3999 1548 κέντρου
4073 1498 4167 1530 και

4046 1570 4168 1619 οὔτε

2555 1642 2722 1713 ἕτερον
2755 1642 2866 1692 ἴσον
2898 1663 2985 1693 και
3007 1651 3076 1712 τῷ
3104 1645 3279 1714 αύτῷ·
3340 1643 3421 1698 δεῖ
3473 1655 3595 1718 γοῦν
3655 1648 3863 1710 ἀνίσους
3921 1651 4013 1713 τὰς
4070 1664 4168 1706 τοῦ

2554 1556 2715 1624 μέσου
2775 1554 2990 1623 ἠγμένη,
3052 1561 3109 1607 τὸ
3158 1557 3283 1608 αὐτὸ
3331 1567 3472 1611 ποιεῖ
3519 1557 3577 1611 οὗ
3660 1558 3956 1637 διάμετρος,

2556 1736 2879 1800 τετραγώνου
2910 1728 3077 1793 δεῖξαι
3101 1729 3414 1807 διαμέτρους
3436 1755 3523 1787 και
3557 1735 3622 1787 τὰ
3680 1737 3733 1789 ἐκ
3773 1741 3967 1791 τούτων
4023 1750 4164 1812 γινο-

2649 1826 4039 2893 Ξ,

2548 3015 2675 3065 μενα
2772 3002 3031 3068 σχήματα
3125 2997 3225 3049 εἶτε
3325 2998 3550 3059 κύκλους
3643 2998 3738 3051 εἶτε
3838 3001 4160 3072 τετράγωνα.

2544 3084 2716 3137 Ἧστω
2743 3106 2799 3137 το
2833 3094 2865 3137 Α
2908 3093 2942 3138 Β
2969 3093 3003 3137 Γ
3032 3095 3086 3150 Δ,
3119 3084 3517 3159 προαπεδείχθη
3565 3090 3643 3139 ὅτι
3687 3090 3717 3145 ἡ
3791 3094 3828 3139 Β
3868 3093 3907 3139 Γ
3971 3086 4169 3158 διαμο-

752 3264 956 3320 circuli
978 3266 1024 3319 K
1045 3266 1093 3320 M
1121 3268 1392 3319 centrum
1422 3269 1513 3318 est
1550 3266 1611 3332 C,
1642 3264 1890 3329 integrze
1944 3263 2217 3318 diametri
2272 3264 2321 3317 M
2374 3263 2413 3316 Χ
2452 3262 2491 3316 C
2523 3261 2623 3316 illa
2648 3261 2878 3316 ratione
2910 3262 3491 3333 cequalisdiametris
3509 3265 3762 3319 utetiam
3786 3264 4064 3319 diametri
4080 3266 4192 3319 cir-

751 3353 1007 3408 dimidia
1032 3368 1176 3424 pars
1208 3353 1316 3407 erit
1349 3355 1388 3407 C
1423 3354 1461 3407 Χ
1492 3353 1551 3407 in
1612 3353 1833 3408 circulo
1885 3355 1927 3408 K
1987 3355 2052 3415 Μ,
2113 3351 2409 3417 Quoniam

750 3442 912 3497 enim
942 3441 1124 3511 hujus
1156 3440 1357 3496 circuli
1393 3446 1665 3495 centrum
1708 3443 1857 3497 estC
1888 3459 1900 3495 :
1951 3456 2213 3512 quorum
2272 3454 2412 3493 vero

750 3530 1001 3585 dimidia
1031 3535 1169 3584 sunt
1191 3529 1469 3601 aequalia,
1496 3535 1622 3585 tota
1642 3531 1800 3585 enim
1820 3535 1959 3585 sunt
1975 3528 2254 3599 aequalia.
2275 3533 2409 3593 etc,

749 3619 1063 3674 utdictum
1094 3623 1199 3683 est,
1226 3618 1300 3673 de
1331 3618 1687 3674 diametroB
1731 3622 1767 3673 Χ
1804 3622 1845 3674 D
1880 3619 1940 3673 in
1986 3617 2206 3673 circulo
2261 3620 2296 3670 B
2349 3622 2407 3672 G.

749 3707 975 3762 Eodem
1005 3706 1190 3762 modo
1224 3710 1264 3762 X
1290 3710 1331 3761 D
1362 3713 1449 3761 est
1477 3707 1728 3763 dimidia
1762 3724 1902 3779 pars
1925 3708 2169 3776 integrae
2187 3706 2412 3761 diame-

746 3796 819 3851 tri
842 3796 1042 3851 circuli
1070 3798 1165 3850 XT
1193 3798 1257 3852 Β.
1296 3798 1563 3861 Quorum
1590 3812 1729 3851 vero
1758 3796 2008 3851 dimidia
2031 3801 2170 3850 sunt
2218 3811 2411 3866 aequa-

747 3884 848 3953 lia,
880 3890 971 3940 etc
999 3888 1063 3940 Et
1092 3886 1217 3940 utC
1259 3887 1298 3939 Χ
1348 3888 1393 3938 Α
1449 3886 1693 3955 integrte
1752 3885 2029 3940 diametri
2075 3886 2133 3939 in
2187 3884 2409 3939 circulo

748 3976 788 4028 Β
819 3976 859 4030 C
891 3973 1141 4030 dimidia
1181 3989 1322 4045 pars
1366 3979 1455 4029 est
1497 3978 1535 4030 Χ
1594 3980 1659 4039 Α,
1716 3974 2214 4046 quandoquidem
2272 3989 2409 4028 cen-

745 4060 905 4119 trum
934 4064 1117 4134 hujus
1146 4064 1349 4119 circuli
1372 4070 1463 4119 est
1486 4067 1543 4132 Χ,
1568 4064 1647 4119 ita
1678 4064 1738 4119 in
1771 4063 1993 4119 circulo
2021 4079 2264 4135 quoque
2286 4066 2324 4117 H
2372 4066 2407 4117 Χ

744 4154 855 4209 erit
882 4159 927 4207 Α
957 4155 996 4208 Χ
1035 4153 1287 4208 dimidia
1317 4170 1456 4225 pars
1483 4155 1727 4223 integrae
1768 4154 2044 4208 diametri
2073 4156 2109 4207 E
2140 4155 2195 4206 Χ.
2243 4155 2405 4217 Quo.-

744 4259 880 4299 rum
909 4248 1111 4298 autem
1137 4242 1388 4297 dimidia
1407 4248 1543 4297 sunt
1574 4243 1831 4314 a>qualia
1853 4242 2106 4301 interse.
2124 4248 2247 4297 tota
2261 4258 2405 4313 quo-

745 4347 864 4403 que
891 4336 1029 4386 sunt
1048 4331 1321 4403 aequalia.
1364 4333 1553 4395 Quare
1582 4331 1874 4385 diameter
1906 4334 1946 4386 N
1994 4334 2031 4385 Χ
2074 4331 2179 4385 erit
2207 4348 2403 4401 requa-

742 4420 814 4476 lis
836 4420 1131 4476 diametro
1150 4420 1189 4473 Β
1215 4421 1256 4473 Ι)
1280 4425 1336 4474 et
1355 4420 1645 4474 diameter
1670 4422 1717 4473 Μ
1754 4422 1792 4473 Χ
1822 4420 1931 4474 erit
1980 4419 2228 4491 mqualis
2282 4419 2404 4474 dia-

745 4513 995 4565 metroA
1026 4506 1085 4562 C.
1116 4509 1403 4563 Praeterea
1458 4507 1752 4563 diameter
1794 4511 1837 4562 Β
1894 4511 1933 4563 Χ
2003 4510 2109 4563 erit
2154 4508 2403 4579 aequalis

743 4598 1038 4653 diametro
1069 4599 1110 4650 D
1140 4602 1196 4663 B,
1231 4605 1288 4652 et
1311 4598 1605 4652 diameter
1650 4600 1688 4651 E
1748 4601 1785 4651 Χ
1840 4597 2107 4652 similiter
2152 4597 2401 4667 tequalis
2433 4612 2479 4664 ι)

743 4687 1038 4744 diametro
1065 4692 1110 4743 Α
1138 4689 1195 4753 C,
1229 4692 1286 4743 et
1307 4687 1520 4757 singuli
1548 4687 1794 4756 singulis
1810 4688 2072 4758 aequales
2086 4694 2241 4742 sunt.
2260 4690 2401 4753 Quae

744 4777 905 4832 enim
926 4776 1121 4832 eidem
1156 4783 1296 4831 sunt
1324 4776 1603 4848 aequalia,
1637 4777 1787 4831 inter
1827 4792 1889 4830 se
1944 4782 2085 4832 sunt
2123 4777 2399 4847 aequalia.

741 4867 807 4920 Et
834 4881 1095 4937 quorum
1142 4870 1340 4937 partes
1384 4871 1524 4919 sunt
1567 4866 1833 4937 aequales
1882 4867 2115 4934 integra
2158 4881 2403 4937 quoque

741 4954 897 5010 inter
934 4971 997 5009 se
1020 4962 1163 5010 sunt
1184 4953 1460 5026 zequalia.
1489 4954 1699 5009 Circuli
1738 4970 1881 5024 ergo
1911 4954 2237 5026 aequalium
2279 4957 2403 5011 dia-

740 5048 1068 5099 metrorum
1099 5048 1239 5099 sunt
1260 5043 1546 5115 aequales,
1580 5049 1637 5098 et
1664 5059 1876 5098 omnes
1907 5043 2109 5099 circuli
2130 5046 2403 5099 extremi-

738 5138 893 5188 tates
919 5138 1062 5188 sunt
1082 5133 1237 5189 inter
1250 5148 1309 5187 se
1326 5132 1915 5204 mquaJes,Quoniam
1931 5139 2131 5188 autem
2149 5134 2401 5205 sphaera:

743 5227 1149 5278 extremitates
1208 5222 1456 5277 eosdem
1503 5222 1758 5277 circulos
1816 5223 2081 5294 capiunt,
2138 5240 2401 5295 quorum

739 5312 1086 5381 singillatim
1116 5316 1317 5384 partes
1337 5313 1489 5367 inter
1502 5328 1562 5366 se
1578 5312 2014 5383 suntaequales,
2029 5328 2237 5367 eorum
2254 5329 2400 5385 quo-

737 5416 857 5472 que
884 5417 1096 5458 omnes
1127 5402 1303 5457 simul
1327 5408 1528 5473 partes
1560 5402 2014 5473 eruntaequales
2041 5409 2096 5456 et
2119 5403 2401 5473 quzelibet

736 5491 921 5562 hujus
972 5492 1262 5547 diameter
1319 5492 1432 5546 illis
1488 5497 1693 5546 centro
1748 5490 2182 5545 terminabitur.
2246 5494 2396 5557 Quin

740 5582 923 5638 etiam
955 5582 1001 5635 si
1030 5582 2103 5653 sphaeramconstituas,erataequalis
2122 5582 2396 5653 sphaerae,

737 5672 911 5741 cujns
927 5671 1218 5727 diameter
1248 5676 1335 5724 est
1359 5669 1631 5741 aequalis,
1658 5675 1715 5724 et
1746 5684 1932 5740 quam
1968 5669 2221 5735 tiguram
2265 5671 2396 5726 efﬁ-

736 5761 896 5819 cient
923 5766 1098 5817 rectae
1124 5760 1381 5816 diametr
1410 5759 1622 5829 ilineze,
1661 5774 1730 5814 ea
1755 5759 1888 5829 ipsa
1914 5758 2110 5827 ﬁgura
2159 5760 2268 5815 erit
2324 5777 2395 5817 ex

2522 3350 2793 3405 culorum
2820 3358 2988 3405 erant
3020 3351 3305 3423 :equales.
3336 3355 3482 3408 Nam
3512 3352 3872 3407 circulorum
3905 3354 4187 3408 diametri

2521 3440 2763 3495 fuerunt
2791 3441 2984 3507 TCK,
3020 3444 3060 3495 Η
3098 3448 3131 3492 Β
3164 3444 3205 3496 Κ
3240 3442 3321 3509 ,L
3345 3445 3483 3508 All,
3517 3446 3558 3497 Τ
3588 3445 3631 3497 [)
3658 3442 3719 3507 L,
3753 3458 3826 3497 ex
3854 3442 4083 3514 quibus
4119 3444 4189 3498 ﬁt

2522 3529 2889 3602 quadratum
2914 3532 2953 3583 ll
2989 3533 3034 3585 K
3068 3533 3104 3585 L
3128 3534 3189 3587 Τ.
3224 3534 3341 3586 Hoc
3367 3538 3568 3587 autem
3609 3531 3877 3587 efﬁciunt
3925 3532 4186 3604 sphaerae

2522 3618 2819 3684 diametri,
2845 3618 3012 3690 quod
3035 3620 3298 3689 oportuit
3316 3620 3752 3675 demonstrare.

2594 3708 2644 3761 4,
2676 3709 2793 3761 Hoc
2818 3713 3017 3761 autem
3050 3708 3214 3779 quod
3245 3708 3305 3762 in
3337 3708 3559 3763 circulo
3605 3709 4007 3776 ostendimus,
4050 3724 4178 3765 non

2521 3795 2680 3851 cadit
2704 3796 2765 3849 in
2797 3812 3041 3851 omnem
3062 3796 3280 3851 lineam
3304 3797 3606 3868 quadrati,
3632 3798 4184 3869 etomnequadrati

2522 3891 2924 3955 segmentum,
2944 3902 3078 3957 quae
3094 3902 3199 3956 per
3211 3888 3477 3941 medium
3494 3893 3833 3942 etcentrum
3846 3886 4184 3944 ducuntur.

2519 3977 2713 4046 Atque
2739 3976 2853 4029 hoc
2883 3975 3042 4030 idem
3061 3975 3216 4030 valet
3246 3976 3323 4031 ad
3351 3976 3761 4047 probandum,
3784 3991 3907 4031 non
3930 3992 4184 4033 omnem

2518 4064 2793 4135 quadrati
2813 4063 3175 4119 diametrum
3188 4071 3576 4135 porcentrum
3590 4070 3644 4120 et
3658 4064 3916 4121 medium
3931 4065 4187 4122 ductam

2517 4154 2675 4208 idem
2706 4154 3073 4224 quadratum
3088 4153 3321 4209 efﬁcere
3344 4171 3482 4209 cum
3496 4170 3566 4209 eo
3579 4155 3754 4224 cujus
3766 4160 3854 4210 est
3866 4155 4185 4223 diameter,

2515 4258 2712 4314 neque
2736 4257 2982 4297 omnem
2995 4243 3651 4313 quadratidiametrum
3668 4244 3919 4299 alterum
3940 4244 4189 4302 efﬁcere

2514 4332 2879 4403 quadratum
2912 4332 3141 4403 aequale
3164 4332 3215 4387 ei
3245 4334 3419 4401 cujus
3442 4338 3527 4387 est
3574 4333 3883 4388 diameter.
3934 4334 4193 4406 Oportet

2645 4533 2690 4607 ρ

2502 5670 2681 5740 igitur
2701 5668 3015 5726 ostendere
3035 5668 3364 5741 inaequales
3376 5684 3505 5724 esse
3520 5669 3798 5741 quadrati
3819 5669 4189 5729 diametros:

2500 5778 2629 5818 esse
2656 5776 2898 5836 quoque
2923 5759 3252 5833 inaequales
3287 5761 3530 5831 liguras,
3552 5776 3688 5831 quae
3719 5775 3789 5814 ex
3823 5760 3917 5815 liis
3980 5762 4187 5818 couti-
