4444 6452
243 442 263 492 1
273 438 376 494 3⁸73

1144 431 1493 488 THEODORI
1523 429 1569 482 ll
1600 428 1743 484 IMP.
1774 427 1862 482 DE
1890 425 2349 483 COMMUNIONE
2376 425 2752 480 NATURALI.

3515 422 3651 476 1374

262 580 382 634 τρος
419 563 707 616 συνέστησε
737 561 795 610 τὸ
845 562 950 609 ΒΚ
984 563 1026 608 Λ
1077 562 1114 607 Γ
1162 557 1500 628 τετράγωνον,
1559 552 1619 603 οὗ
1672 550 1867 622 πλευρά
1923 568 1967 616 Α
2027 554 2232 620 κέντρον
2282 552 2338 599 16
2379 557 2424 602 X
2475 553 2634 608 οὕτως
2663 553 2752 599 καὶ
2813 555 2902 599 τοῦ
2951 553 2997 599 Ν
3033 553 3081 598 Ω
3128 551 3164 596 Γ
3209 548 3248 597 Ξ
3302 550 3623 618 τετραγώνου

262 655 484 720 γέγονεν.
518 647 672 719 Ἐχει
699 644 758 700 δε
789 650 848 698 16
880 650 991 718 μεν,
1027 652 1065 697 Α
1127 652 1161 696 Β
1207 650 1242 696 Γ
1293 651 1326 694 Δ
1373 640 1468 694 δύο
1523 646 1750 710 τρίγωνα
1805 640 1867 689 τά

266 745 300 788 Δ
335 743 430 788 ΒΓ
477 741 534 788 τὸ
582 734 640 787 δὲ
696 741 732 786 Β
775 742 814 788 K
862 741 905 786 Λ
939 740 976 784 Γ
1017 755 1028 766 ο
1067 737 1298 804 τέσσαρα
1354 729 1444 782 ἴσα
1487 737 1594 790 τοῖς
1635 725 1760 780 δυσὶ
1808 731 1865 778 16

265 829 987 878 ΔΒΚΔΛΚΔΓΛΔΓ
1026 829 1080 886 Β,
1129 818 1280 874 οὔδε
1341 823 1406 872 τά
1456 814 1712 889 τεταρδύο
1759 823 1867 876 τοῖς

264 933 399 975 τινος
434 911 593 965 δυσὶν
649 915 897 984 ἡμίσεσιν
951 907 1062 974 ἴσα,
1115 914 1173 961 16
1233 909 1344 961 ὅλον
1404 905 1682 959 διπλάσιόν
1731 905 1867 956 ἐστιν

267 1003 449 1070 αὐτοῦ,
496 1009 586 1053 τοῦ
637 1007 674 1052 Α
733 1008 768 1052 Β
799 1007 834 1052 Γ
888 1007 922 1052 Δ
979 1020 992 1032 ·
1023 999 1125 1070 ἄρα
1153 1003 1210 1050 τὸ
1272 1005 1308 1049 Β
1365 1003 1404 1049 Κ
1449 1004 1490 1048 Λ
1534 1001 1570 1046 Γ
1616 995 1868 1066 τετράγω-

265 1109 346 1141 νον
401 1087 682 1141 διπλάσιον
721 1088 882 1142 ἔστιν.
940 1088 997 1138 Ἠ
1065 1089 1169 1157 ἄρα
1229 1093 1320 1136 τοῦ
1401 1089 1724 1156 τετραγώνου
1769 1089 1868 1132 τῶν

263 1187 461 1249 γωνιῶν
525 1175 800 1251 διάμετρος
876 1173 1156 1228 διπλάσιον
1216 1175 1375 1225 αὐτοῦ
1423 1177 1732 1228 συνίστησιν
1792 1167 1869 1220 ἀεὶ

262 1269 602 1339 τετράγωνον,
693 1268 815 1339 ὅπερ
879 1262 988 1316 ἔδει
1075 1260 1262 1325 δεῖξαι.
1358 1263 1609 1313 Δεικνύειν
1673 1256 1730 1310 δε
1790 1254 1872 1308 δεῖ

265 1354 681 1426 ὁμολογουμένως
756 1357 822 1406 τὰ
906 1349 1316 1422 ἀποδειχθέντα.
1403 1356 1488 1401 Δεῖ
1537 1355 1658 1419 γοῦν
1701 1343 1870 1407 δεῖξαι

265 1445 346 1494 ὃτι
376 1448 466 1495 καὶ
505 1445 535 1499 ἠ
595 1450 641 1496 Ν
685 1449 732 1494 Ω
785 1439 1065 1514 διάμετρος
1121 1449 1220 1491 τῶν
1278 1439 1484 1491 εὐθειῶν
1532 1444 1624 1488 τοῦ
1668 1441 1704 1486 Α
1754 1442 1789 1486 Β
1837 1441 1869 1484 Δ

265 1537 609 1606 τετραγώνου,
672 1535 994 1604 τετραγώνου
1049 1549 1102 1582 τε
1161 1531 1310 1580 θεῖσα
1361 1527 1557 1600 πλευρὰ
1610 1523 1721 1576 ἴσον
1782 1527 1871 1573 καὶ

265 1621 419 1672 πάλιν
456 1620 583 1671 αὐτὸ
635 1626 772 1671 ποιεῖ
803 1619 957 1692 οὗπέρ
1007 1617 1119 1668 ἐστι
1161 1614 1458 1688 διάμετρος.
1507 1617 1650 1666 Ἐπεὶ
1701 1616 1870 1662 τοίνυν

270 1713 425 1781 μέσον
455 1717 556 1760 τῶν
610 1708 684 1780 ἐφ’
720 1708 956 1780 ἑκάτερον
1006 1706 1253 1776 ἀνάλογον
1286 1703 1397 1756 ἐστι
1443 1708 1501 1754 16
1557 1709 1603 1754 N
1640 1709 1728 1760 τῆς
1766 1707 1801 1751 Β
1834 1707 1870 1752 Α

272 1799 514 1870 πλευρᾶς,
569 1805 661 1849 τοῦ
713 1804 748 1848 Α
783 1804 819 1849 Β
851 1803 951 1848 ΓΔ
1004 1815 1347 1868 τετραγώνου,
1416 1797 1528 1845 ἔστι
1582 1788 1640 1843 δὲ
1693 1794 1781 1840 καὶ
1838 1789 1868 1844 ἡ

271 1893 318 1939 Ν
348 1890 497 1944 Σῖση
671 1893 710 1940 Α
751 1892 806 1953 Β,
840 1888 909 1946 ὡς
939 1881 1258 1955 ἀπεδείχθη,
1291 1888 1378 1934 καὶ
1421 1884 1450 1939 ἡ
1491 1889 1529 1934 Α
1580 1885 1712 1951 μέση
1752 1877 1872 1928 ἀνά-

268 1976 417 2049 λογος
443 1975 556 2027 ἐστι
577 1983 673 2037 τῆς
703 1982 736 2027 Σ
765 1981 828 2028 Ν.
883 1974 1015 2026 Ἐπεὶ
1051 1969 1110 2025 δὲ
1159 1980 1253 2033 τῆς
1283 1979 1327 2024 Ν
1373 1967 1656 2042 διαμέτρου
1714 1971 1874 2038 πέρας

267 2065 383 2117 έστὶ
422 2067 478 2116 τὸ
510 2071 558 2116 Ω
582 2071 676 2116 τοῦ
715 2071 752 2116 Α
785 2071 822 2116 Β
849 2070 886 2115 Γ
915 2069 948 2114 Δ
989 2069 1333 2136 τετραγώνου,
1379 2064 1491 2112 ἔστι
1559 2055 1618 2110 δὲ
1673 2062 1872 2128 πέρατα

264 2161 361 2215 τῆς
395 2161 434 2206 Α
469 2159 505 2205 Β
550 2153 773 2225 πλευρᾶς
825 2153 854 2210 ἡ
913 2157 950 2203 Γ
1018 2159 1070 2221 Δ,
1131 2155 1221 2202 καὶ
1278 2152 1307 2208 ἡ
1354 2157 1401 2200 Ω
1443 2153 1575 2220 μέση
1623 2145 1868 2214 ἀνάλογος

265 2241 375 2294 ἔστι
403 2250 465 2314 τῇ
510 2250 544 2294 Δ
586 2247 641 2296 Γ.
683 2247 783 2294 Καὶ
814 2241 920 2293 ἐπεὶ
987 2237 1045 2291 δὲ
1093 2241 1123 2297 ἡ
1170 2245 1208 2292 Α
1238 2243 1396 2309 γωνία
1430 2242 1563 2309 μέση
1624 2233 1871 2304 ἀνάλογος

266 2332 466 2404 έστιτῇ
519 2338 562 2384 Ν
593 2331 870 2402 Σπλευρᾷ,
929 2334 1018 2382 καὶ
1054 2331 1082 2387 ἠ
1142 2333 1369 2399 Γγωνία
1429 2331 1562 2398 μέση
1625 2323 1871 2394 ἀνάλογος

268 2420 382 2474 ἐστι
411 2429 473 2494 τῇ
506 2428 552 2473 Ω
582 2427 617 2473 Ρ
655 2423 852 2494 πλευρᾷ
897 2441 910 2452 ο
943 2427 1054 2482 τοῖς
1077 2423 1176 2493 γὰρ
1207 2422 1340 2478 ἴσοις
1380 2414 1472 2468 ἶσα
1499 2416 1866 2489 προστεθέντα,

267 2512 435 2562 πάντα
476 2507 566 2562 ἶσά
605 2509 742 2562 ἔστιν
785 2531 796 2543 ·
832 2509 939 2561 ἐπεὶ
998 2507 1056 2562 δὲ
1105 2516 1166 2580 τῇ
1224 2515 1269 2560 Ν
1315 2514 1362 2559 Ω
1413 2503 1678 2577 διαμέτρῳ
1735 2507 1867 2573 μέση

272 2598 519 2670 ἀνάλογος
547 2598 687 2651 ἔστιν
725 2601 756 2657 ἡ
791 2607 837 2652 Χ
869 2601 937 2660 ὡς
961 2606 1054 2650 τοῦ
1105 2605 1144 2652 Α
1191 2604 1226 2650 Β
1252 2603 1288 2649 Γ
1337 2604 1371 2648 Δ
1419 2600 1652 2668 κέντρου,
1701 2594 1869 2663 ὑπάρ-

271 2709 360 2760 χει
392 2685 501 2746 δὶή
530 2695 576 2740 Ν
606 2696 651 2740 Ω
679 2697 740 2760 τῇ
777 2691 824 2741 Α
855 2695 890 2739 Β
917 2691 1032 2750 ἴση,
1067 2687 1195 2738 ἀλλά
1227 2683 1294 2743 δὴ
1351 2685 1439 2736 καὶ
1469 2692 1530 2756 τῇ
1567 2691 1600 2735 Δ
1633 2689 1668 2734 Γ
1717 2680 1872 2752 ἀναγ-

271 2783 433 2830 καίως
477 2783 566 2829 καὶ
593 2782 650 2829 τὸ
693 2786 738 2830 Θ
769 2782 958 2850 κέντρῳ
990 2779 1102 2828 ἐστι
1131 2785 1222 2828 τοῦ
1254 2783 1296 2828 Ν
1326 2783 1372 2826 Ω
1403 2780 1438 2825 Γ
1470 2782 1501 2825 Σ
1531 2778 1871 2844 τετραγώνου,

272 2863 453 2923 ἐπειδὴ
485 2869 542 2918 τὸ
576 2873 613 2918 Α
677 2872 810 2937 μέση
869 2865 1115 2935 ἀνάλογος
1145 2869 1256 2917 ἐστι
1290 2873 1351 2936 τῇ
1406 2871 1446 2916 Ν
1483 2871 1513 2914 Σ
1544 2863 1760 2931 πλευρᾷ.
1790 2859 1873 2918 Ὠς

269 2958 370 3028 γὰρ
401 2963 493 3007 τοῦ
549 2962 582 3006 Α
623 2962 658 3007 Β
686 2962 723 3007 Γ
754 2963 787 3007 Δ
819 2962 1140 3027 τετραγώνου
1173 2957 1201 3012 ἡ
1245 2962 1289 3006 Ν
1336 2960 1409 3014 Ως
1477 2949 1776 3023 διάμετρος,
1810 2949 1874 3009 ἧς

1929 1915 1968 1968 Β

2031 635 2304 710 διάμετρος
2335 638 2393 697 ἧς
2432 637 2546 688 ἐστι
2584 641 2788 708 κέντρον
2819 640 2876 687 τὸ
2909 643 2974 687 Θ.
3007 635 3096 695 Ὠς
3137 636 3238 706 γὰρ
3265 635 3295 690 ἡ
3353 640 3403 685 Μ
3465 641 3510 685 Θ
3562 641 3622 704 τῇ

2027 727 2822 797 ΩΝἴση,οὖτωκαὶηΧΨτῇ
2863 727 3115 777 ΑΓοκαὶ
3146 724 3626 793 ὡςὴΑΓτῇΝΣ

2028 819 2143 882 ἴση,
2176 816 2339 876 οὕτως
2365 820 2453 866 καὶ
2479 817 2507 871 ἡ
2539 822 2585 866 Ω
2614 821 2652 867 Φ
2683 823 2743 886 τῇ
2775 822 2807 866 Σ
2841 821 2874 865 Ρ
2897 819 2985 864 καὶ
3013 815 3041 870 ἠ
3076 820 3123 865 Χ
3151 817 3197 864 Ψ
3217 809 3318 884 ἆρα
3345 813 3534 881 ὁμοίως
3560 819 3621 882 τῇ

2031 911 2075 954 Θ
2105 911 2176 957 M.
2211 904 2352 955 Ἐπεὶ
2385 907 2483 976 γὰρ
2516 906 2544 961 ἡ
2591 912 2626 956 Δ
2682 910 2718 955 Β
2747 907 2837 960 ἴση
2871 901 2982 954 έστὶ
3020 909 3080 972 τῇ
3128 907 3173 952 Ν
3200 907 3231 952 Σ
3264 898 3389 950 ἀλλὰ
3417 905 3505 950 καὶ
3561 907 3622 970 τῇ

2031 1000 2067 1045 Β
2094 1000 2148 1059 Δ,
2177 999 2267 1044 καὶ
2299 996 2327 1049 ἡ
2356 1000 2390 1044 Β
2418 1002 2451 1045 Δ
2477 997 2567 1050 ἴση
2597 992 2710 1044 ἐστὶ
2742 1001 2802 1064 τῇ
2833 1000 2867 1044 Δ
2896 997 2951 1056 Γ,
2983 994 3071 1041 καὶ
3098 992 3126 1046 ἡ
3157 997 3192 1041 Δ
3232 994 3269 1039 Γ
3297 991 3388 1045 ἴση
3418 988 3526 1040 ἐστὶ
3561 997 3622 1059 τῇ

2031 1088 2068 1134 Γ
2096 1085 2160 1148 Α,
2186 1088 2274 1133 καὶ
2298 1085 2326 1139 ἡ
2355 1089 2388 1134 Γ
2411 1087 2562 1139 Λῖση
2587 1081 2697 1134 ἐστὶ
2719 1089 2780 1152 τῇ
2814 1089 2850 1134 Δ
2881 1088 2934 1143 Β,
2963 1099 3053 1130 και
3084 1078 3126 1130 εἰ
3145 1084 3299 1137 τῆςΑ
3331 1079 3628 1136 Βῖσηςποὲ-

2033 1191 2146 1232 σαις
2173 1171 2311 1223 ἐστίν
2338 1175 2366 1229 ἡ
2396 1179 2477 1224 ΝΣ
2503 1175 2593 1228 ἴση
2623 1173 2814 1229 πάσαις
2841 1169 2952 1220 έστί
2976 1175 3090 1227 ταῖς
3112 1170 3254 1227 ἴσαις
3284 1165 3437 1237 αὐτῇ.
3468 1165 3628 1218 Πάλιν

2031 1260 2211 1318 ἐπειδὴ
2248 1263 2277 1318 ἠ
2313 1269 2357 1313 Ν
2389 1269 2419 1312 Σ
2471 1265 2563 1316 ἴση
2598 1260 2709 1311 ἐστί
2747 1267 2808 1330 τῇ
2875 1265 2915 1312 Α
2967 1263 3003 1308 Β
3032 1255 3158 1306 ἀλλὰ
3188 1274 3277 1305 και
3306 1256 3335 1311 ἡ
3371 1261 3402 1304 Σ
3460 1261 3497 1306 Φ
3535 1257 3626 1310 ἴση

2417 1384 3287 2011 :

2034 2073 2148 2119 ἐστί
2186 2077 2247 2140 τῇ
2313 2076 2348 2122 Ρ
2379 2077 2443 2134 Ω,
2495 2073 2642 2128 καιὴ
2678 2077 2713 2122 Ρ
2777 2076 2824 2120 Ω
2851 2072 2944 2126 ἴση
3004 2069 3119 2120 ἔστί
3156 2075 3218 2138 τῇ
3253 2073 3300 2117 Ω
3348 2070 3414 2132 Ν,
3455 2079 3545 2111 και
3598 2059 3628 2114 ἠ

2034 2164 2079 2209 Ν
2108 2165 2155 2208 Ω
2191 2161 2282 2216 ἴση
2315 2158 2513 2232 ἐστίτῇ
2546 2167 2593 2212 Ν
2637 2166 2668 2211 Σ
2700 2162 2743 2210 εἰ
2783 2166 2873 2219 τῆς
2920 2163 2963 2210 Ν
3021 2164 3052 2208 Σ
3107 2159 3200 2212 ἴση
3250 2154 3365 2206 έστί
3415 2152 3630 2214 πάσαις,

2033 2248 2063 2304 ἠ
2122 2252 2159 2296 Α
2213 2254 2248 2298 Β
2276 2250 2366 2304 ἴση
2402 2247 2512 2300 ἐστί
2571 2256 2685 2309 ταῖς
2732 2251 2878 2308 ἴσαις
2931 2246 3084 2317 αὐτῇ.
3130 2248 3232 2298 Καί
3289 2242 3399 2294 ἐπεί
3439 2241 3493 2290 αἱ
3540 2243 3631 2288 τοῦ

2035 2341 2068 2386 Α
2109 2343 2144 2387 Β
2189 2342 2288 2388 ΓΔ
2354 2343 2676 2409 τετραγώνου
2733 2335 2949 2408 πλευραί
3005 2329 3117 2386 ἷσαί
3201 2332 3303 2384 εἰσι
3378 2335 3493 2389 ταῖς
3540 2333 3632 2378 τοῦ

2033 2433 2074 2478 Ν
2105 2434 2136 2477 Σ
2167 2433 2289 2495 ΡΩ,
2327 2445 2415 2477 και
2470 2434 2633 2477 ταῦτα
2689 2422 2778 2476 ἶσοί
2845 2423 2974 2478 ἐστι.
3021 2425 3099 2475 Τὰ
3149 2424 3249 2493 γὰρ
3292 2416 3384 2471 ἶσα
3427 2418 3635 2469 τεθέντα

2033 2518 2185 2574 ἴσοις,
2224 2519 2387 2566 πάντα
2414 2512 2506 2566 ἶσοὶ
2543 2513 2675 2578 ἐστι,
2731 2533 2819 2564 και
2851 2513 2916 2562 ὧν
2958 2509 3051 2563 ἶσα
3078 2514 3143 2563 τὰ
3169 2514 3296 2584 μέρη
3350 2528 3439 2558 και
3468 2512 3635 2558 ταῦτα

2036 2603 2125 2657 ἶσά
2156 2604 2409 2672 ἐστι,και
2463 2607 2517 2656 αἱ
2570 2601 2846 2676 διάμετροι
2892 2602 3056 2654 αὐτῶν
3096 2597 3210 2652 ἶσαί
3266 2598 3370 2651 εἰσι
3424 2616 3515 2648 και
3570 2597 3636 2646 τὰ

2033 2699 2215 2767 κέντρα
2252 2695 2420 2745 αὐτῶν
2445 2698 2594 2754 ἴσους
2625 2697 2815 2764 ἔχουσι
2864 2697 3074 2750 τόπους,
3129 2710 3215 2740 και
3253 2692 3311 2739 τὸ
3343 2695 3390 2740 Χ
3445 2687 3548 2757 ἄρα
3589 2692 3634 2736 Θ

2037 2784 2101 2843 εἰς
2176 2785 2228 2834 ὅν
2267 2784 2372 2835 εἰσι
2429 2787 2635 2855 κέντρα,
2686 2802 2776 2833 και
2830 2790 2998 2833 ταῦτα
3055 2779 3146 2832 ἶσα
3202 2778 3362 2831 ἐστιν.
3417 2783 3474 2828 Ἠ
3533 2778 3636 2846 ἄρα

2032 2880 2123 2924 τοῦ
2177 2878 2498 2946 τετραγώνου
2555 2868 2834 2943 διάμετρος
2889 2873 2918 2928 ἠ
2975 2869 3030 2921 ἐκ
3078 2877 3168 2928 τῆς
3219 2867 3458 2940 πλευρᾶς,
3523 2863 3634 2917 ἶσον

2035 2971 2105 3022 τῷ
2137 2961 2195 3013 οὗ
2259 2959 2319 3019 ἧν
2385 2967 2724 3034 τετραγώνου,
2785 2962 2905 3034 ὅπερ
2969 2957 3075 3012 ἔδει
3117 2955 3281 3020 δεῖξαι
3329 2978 3342 2990 ·
3397 2976 3486 3007 και
3524 2955 3632 3006 έπεί

244 3178 499 3239 ciuntur,
525 3177 647 3231 sive
667 3177 782 3232 sint
813 3175 1036 3240 circuli,
1068 3177 1190 3230 sive
1209 3175 1526 3247 quadrata.
1558 3176 1690 3227 Esto
1722 3177 1765 3225 Α
1799 3172 1836 3222 Β
1859 3170 1896 3222 C
1935 3172 1974 3226 C
2008 3166 2110 3220 dia
2130 3163 2597 3236 proportionalis
2627 3163 2903 3218 diametri
2930 3165 2972 3217 N
3005 3163 3070 3220 Ο.
3097 3167 3154 3216 et
3183 3165 3271 3215 est
3313 3159 3513 3215 media
3565 3157 3666 3213 illa

246 3269 287 3321 D
313 3267 699 3338 quadratum,
735 3282 920 3337 supra
941 3271 1246 3320 ostensum
1280 3271 1368 3319 est
1396 3267 1431 3318 Β
1460 3265 1498 3319 C
1537 3263 1897 3316 diametrum
2009 3254 2349 3326 quadratiA
2381 3257 2417 3306 Β
2441 3256 2479 3306 (ἶ
2501 3254 2544 3305 Ι)
2569 3258 2860 3307 centrum.
2903 3254 3002 3306 Est
3059 3256 3258 3306 autem
3321 3252 3363 3304 N
3407 3251 3450 3304 0
3509 3247 3666 3302 linea

244 3356 618 3410 constituisse
651 3357 687 3408 Β
719 3356 767 3408 Κ
795 3357 830 3408 L
871 3355 909 3409 C
932 3353 1317 3425 quadratum,
1368 3355 1541 3420 cujus
1585 3351 1738 3406 latus
1770 3349 1900 3419 ipsa

242 3445 533 3500 diameter
544 3444 754 3498 eﬁecta
768 3449 877 3504 est,
896 3443 1087 3498 Habet
1101 3449 1299 3497 autem
1329 3441 1693 3514 quadratum
1712 3437 1897 3491 ΑΒαο

242 3531 364 3586 duo
382 3532 700 3604 triangula,
721 3548 938 3604 nempe
965 3533 1006 3585 ι)
1036 3535 1072 3586 Β
1096 3534 1206 3587 Cet
1223 3533 1268 3585 A
1293 3535 1331 3586 Β
1353 3533 1410 3586 C.
1437 3536 1506 3586 At
1535 3529 1897 3602 quadratum

242 3622 282 3674 Β
312 3622 356 3675 Κ
394 3624 429 3674 L
470 3622 507 3675 C
541 3621 720 3676 habet
751 3628 1009 3693 quatuor
1039 3620 1338 3690 triangula
1369 3619 1647 3692 aqualia.
1681 3630 1900 3686 nempe

241 3711 284 3763 D
312 3712 347 3762 Β
379 3709 448 3775 Κ,
484 3710 527 3761 D
554 3712 590 3764 L
621 3712 684 3778 K,
740 3713 781 3764 D
833 3713 872 3765 C
923 3712 980 3778 L,
1007 3709 1052 3763 D
1093 3712 1132 3766 C
1167 3712 1222 3764 Β.
1271 3710 1536 3774 Quorum
1594 3708 1716 3761 duo
1762 3709 1900 3758 sunt

239 3797 500 3869 aqualia
520 3797 760 3852 duobus
790 3797 902 3852 illis
923 3813 1060 3870 qua
1082 3797 1223 3852 illud
1244 3798 1516 3869 superius
1535 3795 1898 3867 quadratum

237 3887 626 3942 constituunt.
657 3887 836 3957 Cujus
862 3903 1006 3942 vero
1027 3893 1287 3958 quatuor
1314 3891 1512 3958 partes
1536 3891 1673 3939 sunt
1699 3890 1896 3942 tanta.

236 3976 526 4032 utharum
551 3977 686 4031 dua
700 3976 940 4032 duabus
954 3975 1217 4032 dimidiis
1229 3975 1503 4047 partibus
1517 3975 1770 4042 alicujus
1785 3972 1902 4028 sint

237 4067 525 4136 aquales.
543 4071 700 4121 certe
717 4070 905 4122 totum
926 4065 1071 4121 illud
1093 4071 1185 4120 est
1207 4065 1457 4136 duplum
1483 4064 1682 4134 hujus.
1708 4064 1899 4128 Quare

237 4153 604 4225 quadratum
629 4157 667 4208 Β
699 4156 743 4210 Κ
775 4156 810 4208 L
842 4155 882 4206 C
911 4154 1274 4226 estduplum
1317 4154 1596 4226 quadrati
1627 4161 1672 4208 Α
1695 4153 1736 4204 Β
1768 4153 1806 4206 C
1830 4152 1896 4206 D.

239 4244 539 4298 Dinmeter
584 4259 727 4313 ergo
786 4243 1141 4313 angulorum
1183 4243 1460 4315 quadrati
1511 4242 1762 4313 duplum
1810 4242 1897 4312 ip-

237 4333 363 4387 sius
389 4332 665 4404 quadrati
696 4333 1000 4388 constituit
1027 4333 1410 4404 quadratum,
1439 4333 1602 4403 quod
1635 4332 1898 4402 oportuit

237 4421 673 4476 demonstrare.
690 4424 928 4493 Oportet
951 4427 1151 4477 autem
1168 4422 1279 4476 hoc
1295 4424 1490 4492 ipsum
1505 4437 1576 4476 ex
1606 4421 1894 4475 confessis

2008 3344 2257 3415 aqualis
2280 3341 2448 3396 linea
2473 3347 2513 3395 A
2547 3345 2602 3402 Β,
2627 3347 2681 3395 et
2713 3347 3001 3412 praterea
3031 3340 3200 3394 linea
3237 3341 3278 3391 D
3312 3340 3368 3400 C,
3395 3353 3662 3392 necessa-

2441 3474 2457 3504 ι
2677 3472 2720 3518 Λ
2928 3461 2971 3512 Ν
3176 3462 3214 3515 Β

2409 3530 3220 4015 μη.

2437 4034 2469 4088 5
2497 4016 2572 4026 ’”
2691 4032 2726 4086 ε
2803 4019 3032 4085 ’κ’οῃ
3191 4033 3234 4083 D

2007 4155 2095 4209 rio
2116 4157 2157 4209 T
2181 4159 2448 4210 centrum
2474 4154 2582 4210 erit
2610 4152 2886 4226 quadrati
2914 4154 2955 4206 Ν
2982 4152 3024 4206 0
3067 4152 3101 4205 S
3152 4150 3218 4213 Q.
3264 4150 3332 4203 Ut
3364 4145 3522 4201 enim
3552 4146 3593 4198 Ν
3619 4143 3663 4198 0

2007 4249 2096 4298 est
2126 4243 2418 4299 diameter
2439 4243 2714 4314 quadrati
2748 4248 2791 4296 Α
2825 4243 2862 4295 Β
2895 4242 3015 4303 CD,
3054 4238 3226 4308 cujus
3272 4241 3541 4291 centrum
3577 4239 3666 4288 est

2007 4336 2045 4387 P
2075 4350 2086 4386 :
2113 4335 2191 4388 ita
2217 4334 2520 4405 quoqueA
2553 4334 2591 4387 C
2624 4338 2709 4386 est
2749 4331 3034 4385 diameter
3084 4326 3358 4399 quadreti
3383 4329 3424 4381 Ν
3451 4326 3493 4380 Ο
3525 4325 3559 4379 S
3594 4325 3662 4391 Q,

2005 4424 2177 4494 cujus
2207 4431 2470 4477 centrum
2498 4425 2658 4477 estT.
2693 4424 2759 4476 Ut
2789 4421 2947 4474 enim
2973 4423 3018 4475 Μ
3046 4422 3086 4473 Τ
3117 4418 3272 4472 linea
3306 4421 3392 4470 est
3417 4413 3666 4486 aqualis

236 4510 608 4581 apertissime
633 4510 960 4567 declarare.
1017 4511 1560 4565 Demonstrandum
1592 4515 1680 4564 est
1719 4510 1896 4576 igitur
1929 4529 1969 4582 ι)
2003 4512 2173 4567 linea
2206 4512 2329 4577 ΝΟ,
2350 4513 2429 4567 ita
2450 4528 2694 4583 quoque
2721 4511 2759 4563 P
2786 4507 3201 4580 Restaqualis
3238 4506 3411 4560 linea
3441 4510 3487 4559 Α
3515 4507 3574 4559 C.
3602 4505 3666 4559 Et

234 4601 401 4672 quod
427 4601 719 4655 diameter
747 4605 1045 4655 rectarum
1076 4599 1370 4655 linearum
1404 4602 1443 4654 Ν
1501 4601 1564 4667 Ο,
1616 4600 1894 4671 quadrati

234 4695 278 4744 Α
313 4691 350 4744 Β
375 4692 414 4745 C
444 4692 506 4754 D,
541 4689 588 4744 si
619 4688 894 4744 ﬂatlatus
925 4689 1290 4760 quadratum
1307 4688 1538 4760 aquale
1571 4689 1895 4744 constituat

235 4779 286 4834 ei
317 4778 642 4850 quadrato,
666 4779 841 4849 cujus
869 4783 956 4833 est
983 4777 1294 4833 diameter.
1348 4779 1645 4844 Quoniam
1691 4784 1891 4832 autem

232 4872 276 4926 N
309 4875 398 4924 est
416 4867 684 4923 medium
710 4868 986 4939 utrinque
1016 4867 1462 4939 proportionale
1481 4867 1678 4922 lateris
1701 4877 1742 4922 Α
1771 4869 1808 4920 Β
1834 4869 1893 4922 in

232 4958 531 5031 quadrato
564 4963 604 5012 A
631 4960 669 5013 Β
689 4960 728 5014 C
763 4961 825 5013 D.
853 4960 1164 5014 Estautem
1189 4960 1228 5012 N
1256 4959 1299 5022 Q
1323 4957 1759 5029 aqualislinea
1784 4961 1892 5023 AB,

231 5053 300 5103 ut
314 5048 479 5120 prius
499 5047 977 5103 demonstratum
999 5052 1110 5114 est,
1127 5063 1272 5101 sane
1292 5051 1335 5100 A
1356 5047 1620 5102 medium
1640 5047 1894 5102 alterum

232 5135 682 5208 proportionale
732 5138 842 5190 erit
923 5135 1096 5190 linea
1137 5137 1181 5200 Q
1230 5139 1296 5190 Ν.
1352 5137 1649 5201 Quoniam
1693 5144 1890 5192 autem

233 5226 510 5281 diametri
541 5229 582 5281 N
612 5225 891 5297 quadrati
920 5230 964 5279 Α
1007 5227 1046 5279 Β
1098 5226 1136 5278 C
1177 5227 1239 5289 ι),
1299 5225 1586 5279 terminus
1636 5232 1722 5280 est
1777 5228 1820 5281 0
1878 5246 1890 5281 :

233 5321 375 5372 sunt
395 5320 594 5370 autem
619 5318 658 5369 t3
690 5315 989 5369 Dtermini
1029 5315 1230 5369 lateris
1274 5322 1319 5369 A
1354 5317 1410 5382 Β,
1462 5316 1571 5370 erit
1618 5317 1660 5371 0
1696 5317 1889 5370 simili-

232 5411 318 5461 ter
340 5405 608 5460 medium
631 5403 1080 5476 proportionale
1103 5404 1300 5459 lateris
1337 5408 1374 5459 D
1398 5406 1459 5459 Ο.
1499 5407 1561 5459 Et
1600 5406 1892 5477 quoniam

230 5493 493 5564 angulus
545 5494 780 5549 medius
863 5499 908 5548 Α
975 5498 1065 5548 est
1136 5495 1642 5565 proportionnalis
1693 5495 1894 5550 lateris

229 5588 271 5640 N
307 5586 373 5652 Ο,
415 5583 673 5652 angulus
731 5599 975 5654 quoque
1029 5584 1068 5638 C
1122 5584 1228 5638 erit
1278 5584 1514 5638 medius
1561 5586 1893 5657 proportio-

227 5674 380 5731 nalis
401 5673 567 5728 lateri
589 5674 632 5728 0
652 5675 708 5728 S.
737 5673 1088 5745 Equalibus
1111 5674 1268 5728 enim
1294 5674 1553 5746 aequalia
1582 5673 1630 5728 si
1660 5675 1892 5731 addan-

228 5770 322 5820 tur
342 5764 548 5819 omnia
573 5768 712 5818 sunt
739 5761 1015 5835 aqualia.
1051 5762 1349 5830 Quoniam
1380 5769 1583 5820 autem
1607 5767 1644 5818 P
1661 5769 1750 5820 est
1770 5782 1893 5821 me-

2005 4609 2066 4657 ut
2085 4607 2130 4657 A
2157 4603 2200 4654 Β
2231 4609 2322 4656 est
2351 4601 2599 4673 aqualis
2623 4601 2792 4655 linea
2817 4602 2856 4654 Ν
2884 4600 2927 4664 Q
2955 4617 2966 4652 :
3003 4598 3084 4652 ita
3103 4611 3346 4669 quoque
3393 4595 3551 4649 linea
3580 4596 3664 4649 OS

2002 4697 2089 4747 est
2109 4690 2357 4763 aqualis
2380 4691 2548 4745 linea
2571 4692 2613 4754 Q
2655 4692 2710 4746 S.
2757 4690 2933 4744 Linea
2981 4703 3122 4755 ergo
3148 4690 3186 4741 P
3226 4689 3381 4741 Best
3416 4683 3666 4755 aqualis

2002 4781 2172 4836 linea
2203 4785 2244 4837 T
2277 4784 2347 4837 M.
2391 4784 2538 4835 Cum
2571 4780 2729 4835 enim
2765 4778 2924 4834 linea
2955 4780 3000 4830 A
3036 4781 3066 4832 I'.
3113 4779 3185 4831 sit
3215 4774 3465 4848 aqualis
3493 4774 3664 4830 linea

2003 4874 2045 4927 N
2080 4873 2123 4936 Q
2172 4878 2352 4942 atque
2395 4871 2572 4925 etiam
2613 4869 2783 4924 linea
2831 4868 2871 4921 Β
2924 4871 2987 4932 D,
3033 4867 3189 4922 linea
3233 4880 3478 4937 quoque
3521 4866 3558 4918 Β
3624 4866 3664 4918 D

2004 4962 2110 5016 erit
2134 4961 2384 5032 aqualis
2413 4959 2583 5014 linea
2609 4963 2648 5014 Ο
2674 4962 2736 5027 C,
2767 4964 2822 5014 et
2850 4958 3004 5012 linea
3037 4958 3081 5008 1)
3120 4960 3158 5011 C
3202 4955 3452 5027 aqualis
3497 4955 3665 5010 linea

2006 5052 2045 5106 C
2076 5055 2141 5118 Α,
2171 5055 2228 5105 et
2257 5048 2412 5104 linea
2434 5049 2472 5101 C
2513 5052 2557 5101 A
2588 5047 3025 5118 aqualislinea
3047 5051 3087 5101 Α
3115 5049 3170 5099 Β.
3229 5043 3400 5110 Quod
3442 5044 3488 5098 si
3511 5043 3667 5100 linea

2004 5139 2048 5193 N
2111 5141 2154 5204 Q
2207 5138 2377 5193 linea
2441 5146 2488 5192 Α
2551 5137 2591 5189 Β
2646 5142 2732 5191 est
2781 5136 3052 5208 aqualis,
3110 5134 3359 5207 aqualis
3412 5139 3498 5188 est
3541 5150 3665 5189 om-

2003 5229 2183 5283 nibus
2206 5228 2342 5282 huic
2363 5226 2717 5298 aqualibus.
2748 5228 2973 5280 Rursus
3004 5224 3296 5296 quoniam
3351 5223 3509 5278 linea
3549 5226 3589 5278 Ν
3625 5226 3665 5278 G

2004 5325 2091 5372 est
2120 5316 2370 5389 aqualis
2402 5316 2569 5370 lineae
2622 5321 2664 5368 Α
2716 5318 2751 5369 Β
2803 5331 2815 5380 ;
2863 5322 3154 5386 praterea
3204 5313 3362 5368 linea
3411 5314 3453 5377 Q
3505 5315 3540 5368 S
3581 5316 3669 5367 est

2004 5407 2258 5480 aqualis
2284 5407 2453 5461 linea
2493 5407 2529 5459 S
2557 5407 2625 5474 0,
2649 5411 2704 5460 et
2736 5407 2770 5459 S
2805 5407 2847 5460 0
2896 5403 3145 5476 aqualis
3176 5409 3267 5459 est
3307 5403 3478 5458 linea
3532 5403 3575 5457 0
3623 5405 3662 5457 Ν

2005 5505 2061 5552 et
2086 5498 2237 5552 linea
2263 5499 2305 5552 Ο
2332 5500 2371 5550 Ν
2402 5495 2653 5566 aqualis
2692 5500 2780 5550 est
2819 5494 2990 5549 linea
3036 5497 3075 5549 Ν
3107 5496 3187 5559 Q:
3231 5494 3274 5548 si
3323 5493 3481 5548 linea
3533 5498 3578 5548 Α
3632 5496 3668 5547 Β

2004 5589 2254 5660 aqualis
2284 5593 2375 5640 est
2398 5587 2565 5640 linea
2591 5588 2630 5640 N
2676 5587 2742 5651 Q,
2773 5591 2834 5640 ut
2860 5590 2948 5640 est
3003 5584 3251 5656 aqualis
3306 5590 3393 5639 est
3423 5600 3670 5655 quoque

2003 5678 2288 5734 omnibus
2323 5683 2380 5733 et
2407 5675 2658 5748 aqualis
2681 5675 2966 5730 omnibus
3031 5675 3144 5746 ipsi
3201 5673 3558 5745 aqualibus.
3606 5675 3669 5728 Et

2001 5767 2293 5842 quoniam
2313 5765 2500 5822 latera
2519 5763 2797 5840 quadrati
2816 5769 2863 5820 Α
2887 5767 2922 5819 Β
2946 5766 2985 5820 C
3017 5763 3063 5819 Ι)
3091 5768 3229 5820 sunt
3244 5761 3504 5838 aqualia
3527 5761 3666 5819 late—
