4444 6452
269 423 403 483 1377

297 553 383 603 τὸν
415 554 529 601 ΠΘ
558 542 906 620 προσελάϐετο
960 543 1146 597 κύκλόν
1198 544 1246 597 ἓν
1299 544 1451 616 ἑαυτῇ
1512 540 1891 617 περιγράψασα

295 644 363 701 ὡς
383 640 565 690 τούτου
594 632 892 709 διάμέτρος,
921 636 950 695 ἡ
978 632 1036 688 δι
1084 642 1129 689 Ν
1177 643 1224 688 Ω.
1270 632 1333 698 ἧς
1385 639 1473 687 καὶ
1520 634 1682 695 αὐτῆς
1732 636 1888 704 μέσον

293 732 352 780 τὸ
392 729 547 781 Χτὸν
576 732 615 778 Τ
647 732 696 778 Μ
731 742 742 754 ·
775 724 882 776 ἐπεὶ
910 743 1081 777 τοινυν
1128 726 1158 783 ἠ
1214 731 1251 776 Β
1291 730 1328 777 Γ
1380 720 1657 776 διπλάσιον
1705 722 1891 794 τετρά-

271 825 454 888 ’γωνον
480 821 636 882 ττοιεῖ⁷
665 813 725 865 οὗ
756 812 865 865 ἐστι
887 809 1183 886 διάμετρος,
1235 816 1293 866 τὸ
1340 815 1442 885 γὰρ
1493 810 1592 863 ἀπὸ
1650 819 1745 873 τῆς
1799 816 1890 861 τοῦ

294 910 615 980 τετραγώνου
674 899 959 975 διαμέτρου
1016 906 1343 976 καταγραφὲν
1410 903 1726 973 τετράγωνον
1810 895 1891 951 δι-

292 992 659 1060 πλάσιονὲστὶ,
685 999 777 1045 τού
803 992 863 1044 οὗ
885 992 997 1045 ἐστι
1016 989 1295 1067 διάμετρος
1320 994 1349 1051 ἡ
1374 999 1526 1045 τοῦτο
1551 995 1889 1059 συστήσασα,

293 1086 324 1143 ἡ
384 1080 443 1138 δὲ
489 1082 612 1158 παρ’
662 1083 805 1154 ἡμῶν
852 1080 1205 1155 ὀνομαζομένη
1257 1078 1531 1155 διάμετρος
1589 1080 1679 1139 ὶση
1758 1079 1893 1133 οὖσα

1417 1321 1469 1372 ά

840 1510 880 1564 Π
1496 1528 1543 1579 e

919 1750 1028 1815 As.

294 2067 410 2115 οὔτε
434 2066 603 2115 πᾶσαι
631 2060 847 2135 πλευραὶ
886 2059 1115 2112 τεθεῖσαί
1181 2063 1295 2110 ῖσον
1334 2058 1500 2128 τούτῳ
1552 2063 1765 2109 ποιοῦσι
1812 2073 1893 2107 τε·

290 2154 573 2226 τρὰγωνον,
631 2150 748 2203 οὒτε
794 2156 966 2202 πᾶσαι
1026 2152 1097 2220 μὴ
1156 2143 1287 2220 ἴσον³
1348 2147 1465 2199 οὔτε
1536 2152 1706 2199 πᾶσαι
1768 2148 1892 2198 ἴσων

290 2239 487 2293 κύκλων
534 2242 765 2313 ὑπάρχει
816 2235 1109 2313 διάμετροιο
1170 2240 1304 2289 κατά
1343 2239 1429 2289 τὸν
1483 2236 1638 2289 αὐτὸν
1697 2231 1756 2288 δὲ
1811 2234 1892 2286 λό-

288 2348 380 2401 γον
408 2326 530 2383 οὐδὲ
558 2336 781 2403 σφαῖραν
844 2334 1013 2381 πᾶσαι
1047 2327 1165 2385 ὶσην
1211 2329 1473 2397 ποίούσιν,
1529 2324 1659 2378 ἀλλὰ
1698 2326 1752 2377 αἱ
1801 2327 1891 2397 μεν

288 2419 521 2492 μείζονα,
556 2422 611 2472 αἱ
638 2416 697 2472 δὲ
718 2417 983 2487 ἐλάττονα,
1031 2413 1211 2475 ἐπειδὴ
1280 2420 1371 2469 καὶ
1425 2417 1456 2475 ἠ
1514 2422 1610 2479 τῆς
1668 2419 1893 2489 σφαίρας

288 2511 425 2561 κατὰ
478 2508 701 2570 κύκλους
758 2512 898 2561 ἐστὶν
955 2508 1242 2579 ἐπιφάνεια,
1276 2506 1307 2564 ἧ
1355 2524 1409 2558 τε
1451 2506 1622 2558 θεῖσαι
1666 2507 1721 2557 αἱ
1800 2512 1892 2557 τοῦ

286 2604 612 2672 τετραγώνου
671 2594 946 2672 διάμετροι
1013 2596 1285 2656 ἐλαττουας
1350 2598 1437 2646 καὶ
1486 2595 1731 2667 μείζονας
1779 2613 1893 2647 ποι-

289 2692 485 2746 ἠσουσι
514 2691 739 2763 σφαίρας
774 2689 842 2748 ὡς
871 2690 960 2739 καὶ
981 2684 1219 2753 κύκλους,
1254 2683 1387 2737 ὥστε
1414 2682 1521 2755 ούχ
1568 2687 1637 2746 ὡς
1689 2683 1755 2745 εἰς
1807 2689 1892 2737 τόν

291 2775 479 2828 κύκλον
500 2780 590 2829 καὶ
617 2778 712 2835 τὴν
743 2782 967 2849 σφαῖραν
994 2778 1051 2827 τό
1083 2769 1219 2835 εἶδος
1258 2769 1563 2832 εἰδοποίησε
1608 2777 1702 2833 τὴν
1744 2771 1891 2844 ύλην,

289 2864 453 2927 οὕτως
490 2868 581 2919 καὶ
607 2865 675 2928 εἰς
700 2864 844 2932 αύτο,
885 2867 1003 2918 οὔτε
1042 2866 1115 2926 εἰς
1170 2866 1219 2917 ἓν
1280 2862 1465 2938 ἕτερον’
1529 2865 1594 2916 τά
1639 2865 1741 2936 γάρ
1799 2871 1892 2917 τοῦ

1165 420 1519 479 THEODORI
1548 419 1593 474 ll
1623 419 1756 474 IMP.
1791 412 1879 472 DE
1908 414 2360 474 COMMUNIONE
2392 418 2761 475 NATURALI.

3545 416 3681 474 1378

2052 539 2267 613 πλευρά,
2297 543 2409 595 ἶσον
2429 546 2518 596 καὶ
2547 542 2870 616 καταγράφει
2895 542 3207 617 τετράγωνον
3249 536 3308 593 οὗ
3363 543 3477 593 ἐστι
3536 537 3653 593 διά-

2051 649 2236 705 μετρος
2262 636 2322 684 τό
2354 628 2412 685 δι
2444 628 2721 685 διπλασιον
2741 639 2833 685 τοῦ
2860 633 3092 704 ἡμίσεως
3120 630 3314 703 μεῖξον,
3344 649 3433 683 και
3464 629 3519 692 ὃς
3545 631 3651 703 οἶρα

2051 719 2240 783 κύκλος
2267 721 2626 797 συμπεριλαϐη
2658 726 2752 781 τὴν
2774 722 2986 796 μείζονα
3013 717 3047 774 δ
3055 738 3293 795 ιαμετρον
3340 719 3409 781 εἰς
3461 719 3656 772 οἰκείαν

2054 806 2353 885 διαμετρον,
2386 810 2437 874 ἐξ
2465 810 2695 884 ἀναγκης
2724 812 2910 885 μείζων
2959 814 3073 863 ἐστί
3121 816 3213 862 τοῦ
3269 813 3363 867 τὴν
3413 807 3657 861 ελαττονα

2055 898 2526 972 συμπεριλαϐὀντος
2569 899 2634 961 εἰς
2678 904 2869 952 οικείαν
2908 895 3187 973 διάμετρον
3220 915 3232 928 ·
3276 898 3302 949 ὁ
3363 894 3467 971 ἆρα
3516 904 3558 949 Π
3610 904 3655 949 Θ

2052 988 2255 1059 κύκλος,
2284 988 2309 1039 ὁ
2339 993 2430 1046 τὴν
2458 995 2493 1041 Β
2524 994 2561 1042 Γ
2588 988 2776 1056 λαϐὼν,
2819 989 3010 1062 μείζων
3057 991 3169 1041 ἐστί
3221 995 3312 1039 τοῦ
3365 990 3459 1045 τὴν
3510 992 3555 1038 Ν
3611 992 3659 1037 Ω.

2055 1075 2300 1140 λαϐόντος
2351 1084 2393 1131 Τ
2444 1085 2515 1134 Μ.
2563 1080 2628 1131 Ai
2679 1078 2783 1152 ἄρα
2833 1086 2924 1131 τοῦ
3000 1082 3318 1153 τετραγώνου
3383 1072 3657 1148 διαμετροι

2695 1245 2749 1298 Ν

2702 1906 2752 1960 Ω

2054 2054 2245 2109 κύκλου
2277 2058 2406 2130 μέρη
2442 2052 2535 2107 ἶσα
2553 2072 2857 2120 παντα,και
2906 2054 3009 2106 ὅσα
3061 2052 3121 2106 ἂν
3168 2060 3387 2107 ποιῶσιν
3437 2060 3493 2112 αἱ
3540 2060 3661 2110 τού.

2053 2149 2145 2199 τοῦ
2177 2142 2469 2219 διαμετροι,
2507 2140 2598 2197 ἶσα
2637 2146 2795 2211 ἐστιν,
2834 2144 2904 2205 ὡς
2940 2140 3181 2216 ἐδείχθη,
3239 2148 3294 2199 αἱ
3343 2144 3403 2201 δὲ
3444 2157 3537 2202 τοῦ
3588 2169 3667 2202 τε.

2055 2241 2324 2309 τραγώνου
2347 2237 2464 2287 οὔτε
2487 2233 2626 2285 αύτῶ
2682 2239 2793 2285 ῖσον
2844 2238 3015 2286 πᾶσαι
3060 2242 3300 2289 ποιοῦσιν
3344 2237 3369 2289 ὃ
3422 2247 3664 2292 ποιοῦσιν

2056 2326 2174 2377 ού⁹τε
2194 2329 2262 2398 μὴ
2291 2322 2424 2390 ἴσον,
2459 2322 2568 2375 ἀλλ’
2599 2324 2653 2375 αὶ
2683 2324 2773 2395 μὲν
2800 2318 2933 2389 ἶσον,
2970 2323 3024 2375 αἱ
3060 2319 3120 2376 δὲ
3177 2324 3270 2376 ούκ
3313 2334 3445 2383 ῖσον.
3501 2336 3665 2381 Tauro

2058 2410 2117 2467 δὲ
2146 2434 2236 2466 και
2269 2414 2336 2476 εἰς
2361 2414 2523 2486 ἕτερα,
2558 2414 2725 2473 καθὼς
2758 2410 2805 2463 ἐν
2863 2413 2967 2473 τοῖς
3023 2412 3231 2476 κύκλοις
3298 2412 3543 2489 ἐδείχθη.
3596 2422 3667 2471 Τὸ

2056 2504 2161 2577 ἄρα
2191 2500 2331 2566 εῖδος
2369 2507 2670 2577 κρειττόνως
2726 2506 2819 2560 τὴν
2869 2500 2997 2560 ὓλην
3065 2510 3287 2577 σφαῖραν
3345 2511 3431 2559 καὶ
3480 2506 3667 2559 κύκλον

2056 2596 2087 2654 ἡ
2144 2596 2463 2669 τετράγωνον
2512 2590 2842 2663 εἰδοποίησε,
2891 2596 2981 2645 καὶ
3037 2589 3261 2666 ἐδείχθη
3331 2598 3499 2658 καθὼς
3559 2593 3669 2652 ἔδει

2056 2691 2210 2738 τοῦτο
2251 2680 2553 2757 δειχθῆναι.
2596 2690 2762 2737 Τοῦτο
2787 2679 2846 2736 δε
2874 2688 2964 2736 καὶ
3022 2681 3107 2737 ἐπὶ
3154 2692 3246 2737 τοῦ
3293 2693 3545 2762 τριγώνου
3579 2696 3670 2743 καὶ

2057 2775 2282 2829 πάντων.
2322 2780 2475 2827 Ἐστι
2503 2769 2562 2826 δε
2600 2771 2783 2834 οὕτως.
2822 2774 2877 2825 αἱ
2928 2779 3021 2824 τοῦ
3082 2779 3336 2847 τριγώνου
3394 2772 3671 2853 διάμετροι

2059 2866 2114 2917 αἱ
2140 2862 2195 2917 ἐκ
2218 2871 2310 2917 τού
2340 2867 2549 2937 κέντρου
2603 2867 2689 2917 καὶ
2739 2866 2902 2937 μέσου
2973 2859 3338 2939 διερχόμεναι,
3380 2867 3424 2920 εἰ
3469 2871 3667 2923 τεθώσι

264 3044 602 3111 terminata,
625 3044 789 3117 ipsas
820 3042 1064 3117 copulat
1083 3044 1149 3099 ut
1186 3043 1225 3098 Β
1253 3042 1312 3109 C,
1341 3040 1604 3099 maxime
1630 3057 1773 3099 vero
1788 3058 1926 3117 pro-
1957 3045 1997 3102 C
2035 3042 2352 3114 diametro,
2383 3041 2638 3117 duplum
2668 3045 2761 3099 est
2785 3040 2939 3098 illius
2958 3042 3238 3117 quadrati
3275 3044 3445 3118 cujus
3464 3052 3551 3104 est
3579 3048 3703 3107 dia-

262 3135 396 3209 pria
422 3140 481 3192 et
502 3134 654 3191 inter
682 3148 895 3190 omnes
929 3131 1145 3205 prima,
1172 3135 1235 3186 ut
1253 3134 1294 3187 X
1322 3133 1383 3197 T,
1412 3147 1548 3205 qua:
1594 3136 1682 3188 est
1728 3148 1927 3205 aequa-

264 3224 336 3281 lis
364 3223 648 3281 omnibus
685 3222 996 3278 diametris
1019 3218 1223 3276 circuli
1272 3219 1451 3290 illius,
1488 3220 1659 3292 cujus
1688 3226 1777 3277 est
1805 3222 1929 3279 dia-

266 3318 470 3370 meter.
506 3312 645 3369 Dico
702 3311 881 3381 igitur
939 3309 1296 3367 diametrum
1326 3309 1370 3363 Β
1424 3311 1484 3379 C,
1544 3310 1715 3381 cujus
1763 3313 1804 3366 X
1842 3314 1931 3367 est

265 3402 535 3460 medium
566 3400 855 3458 circulum
887 3403 925 3455 P
964 3398 1007 3453 T
1069 3398 1594 3471 circumscriptum
1633 3400 1927 3471 majorem

267 3507 579 3549 assumere
610 3489 831 3547 circulo
858 3491 900 3545 T
923 3491 993 3559 Μ,
1013 3504 1196 3561 quem
1236 3488 1488 3545 assumit
1509 3488 1791 3545 diameter
1817 3492 1858 3545 N
1885 3492 1928 3547 Ο

268 3581 444 3653 cujus
464 3580 733 3637 medium
753 3577 959 3635 itidem
985 3581 1074 3634 est
1101 3579 1153 3632 ll.
1192 3576 1490 3643 Quoniam
1514 3577 1693 3648 igitur
1708 3578 1931 3636 diame-

268 3681 355 3732 ter
377 3671 746 3746 quadratum
775 3668 1079 3726 constituit
1106 3666 1363 3740 duplum
1416 3667 1592 3739 illius,
1645 3670 1818 3739 cujus
1847 3675 1938 3727 est

283 3766 566 3829 aameter
596 3761 763 3833 (nam
787 3757 1151 3832 quadratum
1180 3756 1543 3829 descriptum
1571 3773 1608 3814 a
1657 3759 1938 3831 quadrati

1405 3989 1464 4047 θ

938 4472 988 4520 '1

2035 3138 2223 3191 meter
2246 3148 2319 3189 ex
2356 3149 2482 3206 qua
2505 3131 2782 3189 effectum
2808 3130 2938 3200 est).
2993 3133 3066 3189 At
3109 3131 3209 3189 illa
3251 3133 3547 3193 diamater
3564 3153 3701 3211 quae

2037 3223 2214 3280 nobis
2246 3222 2461 3278 dicitur
2488 3221 2731 3296 aaqualis
2773 3221 2942 3278 lateri
2981 3220 3261 3295 quadrati
3318 3223 3432 3280 illis
3462 3226 3591 3297 ejus
3617 3234 3705 3285 est

2038 3312 2346 3384 diameter,
2402 3311 2769 3385 quadratum
2833 3311 3137 3367 constituit
3202 3313 3435 3385 aequale
3480 3314 3562 3372 illi
3601 3333 3703 3373 cus
3788 3390 3791 3391 ν

2036 3403 2137 3475 jus
2205 3407 2293 3458 est
2362 3402 2671 3458 diameter.
2732 3400 2910 3474 Atqui
2977 3400 3235 3474 duplum
3303 3408 3392 3461 est
3451 3405 3704 3465 dimidio

2041 3492 2269 3565 majus.
2307 3490 2572 3548 Circulus
2624 3506 2789 3562 ergo,
2840 3489 2944 3563 qui
2985 3490 3283 3563 majorem
3339 3493 3705 3555 diametrum

2044 3580 2503 3654 comprehendit
2523 3584 2580 3638 et
2601 3579 2719 3636 sibi
2736 3579 3179 3650 accommodat,
3210 3585 3547 3643 necessario
3578 3604 3704 3645 ma~

2041 3671 2138 3744 jor
2175 3674 2264 3729 est
2295 3670 2516 3727 circulo
2560 3670 2661 3727 illo
2715 3670 2821 3743 qui
2872 3669 3169 3726 minorem
3224 3675 3703 3747 comprehendit,

2047 3765 2105 3819 et
2134 3761 2246 3818 sibi
2267 3759 2689 3818 accommodat
2711 3760 3095 3817 diametrum.
3126 3761 3390 3820 Circulus
3446 3780 3589 3838 ergo
3610 3769 3650 3824 P
3665 3770 3707 3824 T

2982 4020 3029 4064 0

2457 4428 2523 4489 4

273 4684 694 4757 quimajorem
716 4685 1171 4758 comprehendit
1186 4686 1552 4744 diametrum
1584 4691 1628 4742 Α
1652 4689 1714 4755 Β,
1736 4685 1933 4757 major
1963 4689 2005 4743 D
2042 4687 2493 4757 etquzecunque
2547 4685 2816 4745 efﬁciunt
2870 4687 3074 4745 circuli
3130 4688 3407 4746 diametri
3454 4689 3713 4762 aequalia

275 4781 368 4833 est
405 4774 628 4832 circulo
655 4778 695 4831 P
720 4778 788 4845 Μ,
821 4776 924 4849 qui
956 4779 999 4833 N
1033 4778 1077 4834 Ο
1135 4779 1432 4835 minorem
1482 4778 1755 4835 assumit.
1805 4778 1937 4833 Non

275 4881 487 4923 omnes
517 4880 659 4936 ergo
704 4865 984 4922 diametri
1027 4868 1463 4941 quadratorum
1494 4868 1681 4925 latera
1714 4867 1937 4923 effectae

276 4954 704 5029 tequaliaquad
713 4961 840 5011 rata
858 4954 1137 5027 efﬁciunt,
1153 4973 1349 5030 neque
1362 4974 1575 5015 omnes
1591 4958 1935 5029 inaequalia,

275 5062 472 5120 neque
502 5060 713 5101 omnes
738 5045 1065 5119 aequalium
1087 5047 1447 5104 circulorum
1466 5051 1603 5105 sunt
1621 5045 1892 5103 diametri
1916 5069 1934 5121 ς

276 5154 349 5195 ex
378 5135 594 5192 eadem
622 5134 852 5190 ratione
882 5150 1004 5191 non
1039 5151 1250 5192 omnes
1285 5138 1591 5209 sphaeram
1640 5134 1938 5209 aequalem

277 5227 564 5291 efﬁciunt,
599 5222 705 5279 sed
732 5225 950 5295 partim
972 5225 1289 5296 majorem,
1346 5226 1567 5299 partim
1614 5225 1932 5281 minorem.

278 5314 577 5384 Quoniam
607 5317 810 5369 autem
868 5313 1118 5386 sphaerae
1162 5315 1511 5388 superﬁcies
1571 5332 1644 5371 ex
1699 5313 1937 5372 circulis

279 5408 516 5466 constat
551 5402 830 5459 diametri
861 5403 1298 5475 quadratorum
1347 5404 1582 5462 circulis
1602 5420 1941 5461 accommoo

277 5497 454 5567 datm,
477 5493 741 5564 majores
764 5496 823 5548 et
851 5493 1114 5549 minores
1146 5493 1414 5567 sphaeras
1440 5494 1709 5551 efﬁciunt
1736 5499 1802 5551 ut
1829 5495 1938 5551 cir-

280 5585 467 5643 culos.
500 5584 694 5649 Quare
720 5596 843 5637 non
898 5581 983 5639 ita
1030 5581 1228 5641 forma
1279 5584 1598 5642 materiam
1655 5583 1860 5641 circuli
1883 5588 1942 5642 et

279 5676 532 5751 sphaerae
552 5671 919 5741 informavit,
932 5676 1000 5729 ut
1018 5672 1132 5731 sibi
1153 5678 1211 5731 et
1238 5673 1369 5732 aliis
1398 5673 1610 5746 ﬁguris
1624 5673 1937 5743 haberent,

279 5764 449 5842 quod
458 5760 868 5826 habentium
877 5762 1078 5823 circuli
1091 5769 1296 5838 partes
1307 5768 1661 5828 suntonmes
1676 5763 1942 5840 aequales

2046 4777 2206 4841 sunt,
2233 4778 2297 4829 ut
2312 4773 2798 4833 demonstratum
2819 4781 2925 4833 est.
2946 4783 3017 4835 At
3041 4794 3164 4835 non
3196 4795 3409 4835 omnes
3431 4779 3712 4852 quadrati

2048 4862 2325 4919 diametri
2341 4864 2575 4936 aequale
2592 4865 2758 4937 quod
2775 4865 3025 4936 faciunt,
3048 4868 3413 4941 quadratum
3426 4868 3711 4926 reddunt-

2046 4967 2245 5025 neque
2279 4952 2578 5025 inaequale
2611 4953 2716 5010 sed
2746 4954 2966 5025 partim
3002 4957 3253 5029 aequale,
3295 4957 3516 5030 partim
3574 4957 3715 5015 inte-

2048 5040 2249 5114 quale.
2279 5049 2470 5114 Atque
2484 5042 2643 5099 hanc
2665 5059 2841 5100 suam
2868 5045 3294 5118 proprietatem
3322 5047 3453 5103 aliis
3469 5063 3714 5120 quoque

2048 5132 2258 5203 ﬁguris
2274 5133 2746 5203 communicant,
2760 5139 2827 5190 ut
2844 5135 2901 5190 in
2921 5135 3158 5191 circulis
3178 5136 3513 5208 majoribus
3531 5142 3589 5194 et
3604 5138 3713 5194 mi-

2049 5222 2301 5279 noribus
2320 5221 2798 5279 demonstratum
2828 5229 2938 5281 est.
2975 5227 3187 5283 Forma
3214 5242 3358 5296 ergo
3398 5226 3713 5284 materiam

2051 5313 2209 5384 globi
2244 5318 2301 5369 et
2320 5312 2523 5369 circuli
2545 5314 2943 5385 prcestantiori
2960 5315 3167 5385 modo,
3191 5333 3379 5389 quam
3396 5318 3715 5374 materiam

2050 5402 2332 5477 quadrati
2356 5402 2718 5459 informavit.
2743 5407 2934 5476 Atque
2956 5404 3071 5461 hoc
3118 5408 3601 5463 demonstratum
3623 5411 3716 5464 est

2051 5509 2122 5549 eo
2148 5491 2354 5562 modo,
2379 5509 2503 5565 quo
2518 5492 3064 5550 demonstrandum
3086 5494 3214 5553 fuit.
3248 5497 3421 5562 Quod
3438 5497 3618 5553 etiam
3651 5497 3715 5553 in

2050 5583 2351 5654 triangulo
2371 5581 2678 5639 observari
2700 5586 2895 5655 potest
2924 5588 2980 5640 et
3010 5582 3071 5641 in
3096 5586 3383 5643 omnibus
3400 5585 3534 5643 aliis
3556 5586 3715 5658 ﬁgué

2050 5674 2154 5733 ris.
2185 5679 2267 5731 Ac
2290 5674 2453 5731 hunc
2480 5672 2544 5729 in
2572 5670 2826 5731 modum
2855 5672 3418 5750 demonstratratur,
3475 5693 3613 5751 qua:
3641 5692 3718 5734 ex

2052 5768 2257 5829 centro
2275 5780 2382 5840 per
2394 5761 2672 5831 medium
2690 5761 2996 5828 ducuntur
3013 5764 3295 5841 trianguli
3313 5766 3612 5838 diametri,
3646 5766 3720 5826 si-
