4444 6452
765 363 905 420 1379

2288 360 2648 422 ADDENDA.

4037 365 4174 423 1380

793 484 1088 560 διάμετροι,
1145 487 1390 559 μείζονας
1442 492 1532 538 καὶ
1587 486 1857 548 ἐλάττονας
1924 493 2212 546 ποιήσουσι
2303 508 2391 539 κυ-
2451 491 2496 540 Λ
2551 492 2762 559 κέντρῳ,
2795 487 2980 548 κύκλος
3010 489 3332 560 γεγράφθωὸ
3373 494 3416 540 II
3449 484 3844 560 Θδιασκήματι
3886 498 3959 559 τῷ
4011 497 4051 542 Α
4114 497 4149 540 Β

790 575 960 641 κλους,
996 575 1124 626 ἀλλά
1162 580 1251 627 καὶ
1304 581 1565 649 τριγώνων
1625 576 1669 626 εἰ
1720 578 1912 628 τεθῶσι
1969 569 2208 649 πλευραὶ,
2272 581 2389 647 μεί-

793 664 918 724 ζονα
982 668 1069 715 καὶ
1129 663 1374 715 ἐλάττονα
1411 669 1699 721 ποιήσουσι
1752 669 1994 736 τρίγωνα,
2042 668 2096 717 αἱ
2155 661 2212 717 δὲ
2296 673 2389 716 τοῦ

789 752 980 804 κύκλου
1021 750 1076 803 έκ
1114 760 1205 802 τού
1245 756 1431 824 κυρίως
1478 757 1688 824 κέντρου
1745 758 1834 804 καὶ
1891 759 2054 825 μέσου
2107 750 2386 825 διερχομέ-

789 861 873 892 ναι
911 847 1000 892 καὶ
1040 841 1261 901 κύκλους
1313 843 1480 905 ἴσους,
1533 841 1576 891 εἰ
1634 842 1846 907 τεθῶσι,
1893 849 2202 910 ποιήσουσι,
2261 841 2388 893 ἀλλὰ

789 935 877 980 καὶ
907 937 1008 982 πᾶν
1030 929 1150 980 ἄλλο
1183 939 1394 1000 σχῆμα.
1431 937 1513 981 Δεῖ
1543 937 1664 1000 γοῦν
1683 934 1833 991 ἴσους
1862 928 2030 993 δεῖξαι
2047 937 2168 992 τοὺς
2197 927 2385 982 τούσδι

788 1022 910 1079 τούς
938 1018 1173 1084 κύκλους,
1203 1023 1291 1069 καὶ
1312 1022 1368 1069 τὸ
1399 1017 1454 1068 ἐκ
1484 1027 1581 1069 τὼν
1634 1016 1923 1093 διαμέτρων
1978 1019 2142 1071 αὐτῶν
2200 1025 2382 1092 τρίγω-

787 1125 888 1158 νον·
919 1105 1028 1159 εἶτα
1058 1109 1135 1158 ὅτι
1164 1105 1269 1176 οὐχ
1291 1105 1454 1166 οὓτως
1481 1112 1570 1158 καὶ
1601 1105 1683 1157 ἐπὶ
1735 1116 1827 1158 τού
1886 1115 2136 1180 τριγώνου
2210 1118 2284 1178 τῷ
2340 1115 2383 1161 Ν

2551 582 2737 646 καὶτῷ
2772 586 2809 630 Α
2843 582 3052 650 κέντρῳ,
3093 577 3278 636 κύκλος
3315 578 3594 650 γεγράφθῳ
3651 579 3676 628 ὀ
3734 584 3771 629 Γ
3825 586 3867 630 Η
3927 575 4150 635 διαστή-

2549 671 2842 735 ματιτῴΕ
2882 672 2923 717 Ν
2979 670 3069 716 καὶ
3133 673 3202 734 τῷ
3263 672 3295 715 Β
3351 670 3560 738 κέντρῳ,
3631 665 3816 725 κύκλος
3871 669 4149 739 γεγράφθω

2549 757 2576 811 ή
2611 761 2641 804 Σ
2675 760 2719 806 Λ
2761 750 3090 825 διαστήματι
3149 762 3220 823 τῷ
3278 761 3324 806 Χ
3382 760 3426 805 Ν
3491 762 3560 822 τῷ
3626 759 3645 806 l
3697 758 3907 827 κέντρῳ,
3961 755 4151 816 κύκλος

2553 843 2822 914 γεγράφθω
2857 843 2881 892 ὁ
2913 849 2951 893 Ζ
2983 847 3002 893 Ι
3042 838 3371 913 διαστήματι
3401 849 3473 910 τῷ
3505 849 3549 895 Ψ
3601 849 3646 893 Ν
3686 847 3775 894 καὶ
3815 852 3886 911 τῲ
3944 851 3982 894 Υ
4039 848 4149 894 κέν-

2545 951 2670 1003 τρῳ,
2711 931 2895 991 κύκλος
2933 932 3208 1002 γεγράφθω
3249 932 3273 981 ὁ
3312 938 3350 981 Ζ
3402 937 3442 982 Κ
3484 927 3813 1001 διαστήματι
3868 940 3939 1000 τῷ
3978 939 4027 983 Ω
4081 938 4145 984 Ν’

2546 1023 2600 1070 αἱ
2624 1028 2748 1089 γουν
2789 1028 2828 1071 Α
2873 1027 2908 1070 Β
2945 1026 2982 1071 Ε
3019 1025 3064 1071 Ν
3107 1026 3151 1072 Χ
3180 1025 3223 1070 Ν
3266 1026 3312 1070 Ω
3342 1026 3385 1071 Ν
3427 1025 3471 1071 Ψ
3508 1026 3551 1070 Ν
3595 1016 3870 1090 διάμετροι
3911 1021 4014 1072 εἰσι
4053 1028 4148 1070 τῶν

2548 1115 2588 1160 [Ι
2631 1117 2675 1160 Θ
2717 1116 2766 1161 Μ
2809 1115 2849 1159 Il
2893 1115 2925 1159 Σ
2966 1113 3009 1159 Λ
3050 1115 3087 1158 Ζ
3130 1115 3170 1160 Κ
3209 1115 3247 1158 Ζ
3287 1115 3327 1159 Τ
3363 1107 3582 1171 κύκλων,
3627 1107 3841 1180 ἑκατέρα
3880 1107 4145 1179 ἐκατέρου,

1473 1225 3440 1861 ῩΥΔ

773 2745 905 2794 κατὰ
928 2745 1022 2798 τήν
1046 2748 1148 2791 τῶν
1177 2741 1451 2808 στοιχείων
1494 2737 1655 2787 θέσιν.
1695 2740 1780 2794 Ὠς
1799 2735 1903 2808 ἄρα
1933 2741 2026 2785 τοῦ
2078 2741 2121 2786 II
2170 2738 2376 2809 κέντρον
2433 2735 2477 2789 Β
2538 2735 2699 2787 αύτοϋ
2740 2731 3044 2807 διαμέτρου,
3084 2740 3174 2788 καὶ
3230 2745 3323 2789 τοῦ
3375 2745 3408 2789 Σ
3465 2743 3510 2790 Λ
3569 2741 3776 2811 κέντρον
3981 2742 4041 2790 τό
4117 2746 4154 2791 Β

772 2836 831 2884 τὸ
868 2839 915 2884 Ν
945 2835 1033 2883 καὶ
1065 2833 1265 2901 πέρατα
1292 2835 1386 2887 τῆς
1435 2825 1598 2876 αὐτοῦ
1657 2820 1941 2897 διαμέτρου
1985 2827 2044 2875 τὸ
2101 2830 2139 2876 Α
2208 2830 2244 2875 Β
2291 2827 2374 2875 οὔ·

771 2942 873 2984 τως
901 2925 1102 2973 καὶτοῦ
1128 2924 1163 2970 Α
1189 2924 1230 2969 Η
1253 2921 1459 2988 κέντρον
1486 2918 1544 2965 τὸ
1579 2919 1617 2964 Α
1649 2919 1850 2985 πέρατα
1889 2909 1948 2964 δὲ
1987 2916 2044 2964 τὸ
2099 2919 2136 2964 Ε
2183 2920 2228 2966 Ν
2284 2921 2374 2972 τῆς

743 3018 990 3091 quidem
1008 3014 1242 3071 circulis
1257 3009 2127 3078 accommandantur,majores
2139 3016 2193 3064 et
2209 3010 2397 3064 mino-

742 3125 838 3164 res
851 3101 1400 3163 efﬁciuntcirculos.
1418 3103 1715 3167 Praeterea,
1745 3098 1793 3152 si
1817 3097 2248 3166 triangulorum
2264 3097 2395 3154 dia-

743 3197 916 3253 metri
945 3196 1132 3250 latera
1161 3191 1619 3247 constituantur,
1651 3188 1884 3256 majora
1941 3192 2120 3258 atque
2163 3189 2398 3242 minora

743 3286 1005 3342 efﬁcient
1050 3278 1366 3350 triangula.
1410 3279 1483 3330 At
1525 3275 1730 3331 circuli
1785 3275 2057 3331 diametri
2115 3292 2250 3347 quae
2295 3292 2400 3348 per

743 3376 1011 3432 medium
1028 3377 1296 3428 centrum
1314 3366 1552 3439 proprie
1565 3364 1788 3420 dictum
1808 3365 2128 3428 ducuntur,
2145 3366 2397 3420 circulos

744 3464 1006 3537 aquales
1036 3474 1272 3531 semper
1292 3454 1578 3520 efﬁciunt,
1599 3459 1778 3526 atque
1830 3454 2011 3509 etiam
2067 3455 2401 3526 quamlibet

743 3554 926 3611 aliam
953 3552 1209 3621 ﬁguram
1237 3544 1552 3617 aqualem.
1621 3544 1863 3614 Oportet
1910 3543 2090 3612 igitur
2135 3545 2399 3614 aequales

744 3642 997 3700 circulos
1017 3642 1128 3696 hos
1143 3639 1556 3694 demonstrare
1577 3631 1792 3687 etillud
1811 3633 1976 3705 quod
1999 3649 2072 3688 ex
2091 3633 2400 3690 diametris

2537 2827 2735 2894 πέρατα
2775 2820 2834 2875 δὲ
2871 2832 2962 2884 τῆς
3001 2824 3162 2876 αὐτοῦ
3203 2822 3488 2900 διαμέτρου
3545 2830 3604 2877 τὸ
3666 2833 3711 2878 Χ
3766 2833 3831 2892 Ν,
3895 2829 4150 2887 ὡσαύτως

2538 2918 2627 2963 καὶ
2661 2920 2752 2964 τοῦ
2789 2919 2826 2963 Ζ
2863 2919 2902 2963 Τ
2941 2917 3146 2984 κέντρον
3182 2916 3272 2983 μὲν
3306 2918 3364 2965 τὸ
3403 2920 3421 2967 Ι
3479 2919 3677 2987 πέρατα
3716 2911 3775 2967 δὲ
3830 2923 3927 2977 τῆς
3987 2916 4160 2967 αὐτοῦ

2507 3009 2778 3080 ipsorum
2810 3011 3186 3066 constituitur
3215 3012 3598 3082 triangulum,
3623 3012 3839 3068 deinde
3866 3014 4165 3070 nonidem

2506 3098 2729 3154 habere
2751 3097 2946 3153 locum
2977 3099 3037 3153 in
3054 3100 3375 3169 triangula.
3402 3102 3612 3157 Centro
3629 3104 3694 3170 N,
3723 3102 4035 3158 intervallo
4058 3109 4103 3157 Α
4129 3105 4169 3157 Β

2507 3187 2762 3242 circulus
2794 3189 2837 3251 Q
2859 3190 2921 3253 H,
2946 3187 3318 3243 describatur
3342 3205 3355 3252 ;
3379 3190 3517 3245 item
3555 3196 3758 3246 centro
3782 3193 3850 3259 A,
3875 3191 4168 3247 interval-

2507 3277 2565 3332 lo
2588 3279 2626 3332 E
2654 3281 2720 3347 N,
2758 3278 3012 3332 circulus
3053 3277 3425 3334 describatur
3467 3281 3506 3334 C
3539 3282 3622 3344 G;
3681 3279 3824 3336 item
3871 3287 4078 3336 centro
4116 3284 4154 3336 Β

2509 3365 2818 3421 intervallo
2841 3369 2882 3421 Y
2906 3369 2970 3435 N,
2995 3366 3253 3421 circulus
3276 3368 3652 3424 describatur
3673 3370 3706 3425 S
3741 3369 3783 3422 L
3817 3387 3830 3436 ;
3874 3370 4016 3425 item
4039 3387 4180 3425 cen-

2511 3462 2600 3510 tro
2633 3458 2670 3515 l.
2706 3455 3058 3510 intervallol
3089 3460 3129 3510 Ν
3157 3456 3414 3511 circulus
3465 3457 3840 3514 describatur
3867 3461 3905 3514 Ρ
3925 3462 4002 3524 Τ;
4036 3460 4180 3514 item

2511 3550 2713 3600 centro
2737 3546 2799 3606 U,
2824 3545 3136 3600 intervallo
3165 3547 3292 3601 FFU
3325 3546 3581 3601 circulus
3614 3548 3993 3603 describatur
4026 3552 4069 3605 Ο
4106 3551 4176 3604 Κ.

2511 3634 2792 3690 Diametri
2814 3634 2990 3705 igitur
3015 3640 3059 3687 A
3092 3637 3131 3689 Β
3154 3636 3196 3688 Ε
3219 3638 3261 3690 Ν
3294 3637 3332 3690 Y
3359 3638 3402 3691 N
3426 3638 3465 3691 F
3497 3638 3535 3691 F
3575 3641 3618 3693 Ν
3640 3641 3677 3693 Ζ
3705 3640 3746 3693 Ν
3806 3638 4179 3694 circulorum

1433 3755 3457 4322 ργ

737 5315 844 5380 0H
866 5314 974 5370 MG
999 5313 1034 5369 S
1066 5313 1104 5367 L
1131 5311 1174 5367 Ο
1197 5311 1242 5365 Κ
1270 5311 1369 5366 FT
1415 5304 1667 5378 singulae
1717 5316 1963 5358 suorum
2032 5298 2390 5355 circulorum
2427 5294 2466 5348 C
2505 5295 2539 5350 S
2567 5297 2622 5360 L,
2652 5301 2709 5352 et
2763 5298 2998 5353 termini
3059 5297 3333 5353 diametri
3395 5311 3615 5368 nempe
3675 5296 3761 5349 ΥΝ
3792 5292 3909 5358 ;ita
3987 5291 4183 5346 etiam

737 5409 893 5459 sunt.
925 5404 986 5456 Et
1016 5416 1087 5456 ex
1125 5399 1334 5456 ordine
1380 5397 1812 5452 elementorum
1868 5388 2266 5445 collocanturr
2324 5389 2393 5444 Ut

734 5493 914 5564 igitur
945 5507 1008 5547 se
1037 5491 1218 5547 habet
1247 5493 1517 5545 centrum
1549 5487 1592 5540 N
1615 5481 1816 5539 circuli
1840 5482 1884 5546 Ο
1909 5480 1977 5545 Η,
2010 5480 2090 5535 ita
2130 5480 2307 5534 etiam
2330 5493 2392 5534 se

733 5583 964 5640 habent
977 5581 1206 5638 termini
1219 5579 1481 5651 ejusdem
1495 5573 2003 5642 diametri,nempe
2021 5569 2390 5626 intervallum

734 5677 784 5730 Α
811 5675 855 5728 Β
881 5690 895 5741 ;
924 5674 1007 5730 ita
1031 5672 1211 5729 etiam
1241 5674 1286 5725 Α
1315 5676 1585 5726 centrum
1609 5663 1814 5722 circuli
1851 5663 1901 5721 ll
1932 5664 1996 5728 G,
2048 5668 2105 5718 et
2158 5659 2395 5717 termini

732 5762 1012 5826 diametri
1025 5761 1221 5838 ipsius
1253 5763 1296 5818 Ε
1323 5761 1368 5818 N
1400 5777 1414 5832 ;
1452 5759 1538 5817 ita
1563 5756 1747 5815 etiam
1783 5754 1829 5811 B
1877 5757 2150 5812 centrum
2191 5750 2394 5808 circuli

2503 5391 2812 5443 centruml
2844 5387 3044 5443 circuli
3071 5390 3108 5443 F
3137 5390 3198 5456 T,
3232 5392 3288 5443 et
3345 5386 3584 5443 termini
3611 5381 3880 5440 diemetri
3948 5396 4181 5453 nempe

2504 5477 2884 5534 intervallum
2909 5481 2944 5533 Ζ
2967 5479 3034 5547 Ν,
3061 5479 3142 5533 ita
3166 5493 3410 5550 quoque
3434 5479 3475 5532 Ν
3500 5479 3769 5531 centrum
3793 5470 4000 5527 circuli
4029 5471 4078 5526 Ο
4105 5469 4176 5534 Κ,

2504 5576 2560 5624 et
2580 5567 2808 5624 termini
2833 5568 3025 5640 ipsius
3047 5566 3579 5638 diametri,nempe
3602 5561 3987 5619 intervallum
4009 5561 4170 5615 FF‘N.

2503 5665 2654 5720 Nam
2677 5658 2880 5716 temini
2901 5658 3105 5714 circuli
3146 5660 3189 5724 Ο
3259 5658 3303 5713 Η
3344 5662 3484 5713 sunt
3530 5660 3733 5711 centra
3798 5650 4177 5709 circulorum

2503 5751 2898 5813 MGSLFT
2952 5750 2997 5806 Ο
3055 5749 3124 5804 Κ.
3168 5746 3468 5815 Quoniam
3526 5745 3708 5817 igitur
3742 5740 3987 5801 termini
4041 5741 4182 5798 dia-
