4444 6452
260 434 389 489 1381

1151 430 1511 488 THEODORI
1542 429 1588 482 ΙΙ
1620 429 1759 483 IMP.
1794 425 1885 480 DE
1919 425 2374 487 COMMUNIONE
2404 432 2780 489 NATUBALI.

3531 433 3670 490 i382

284 555 586 628 διαμέτρου,
616 557 675 607 τὸ
724 561 767 608 Ψ
818 560 863 606 Ν
915 560 1005 605 καὶ
1058 562 1148 606 τοῦ
1202 563 1240 606 Ζ
1274 561 1313 607 Κ
1346 559 1549 625 κέντρον
1595 557 1683 624 μὲν
1736 554 1794 601 τὸ
1846 557 1884 601 Υ
1939 554 1986 604 Α
2046 553 2371 620 ΒΑκέντρον
2398 564 2520 609 τοΝ
2566 558 2695 612 αλλά
2744 560 2832 606 καὶ
2890 558 2948 605 τὸ
3004 560 3037 605 Γ
3080 561 3111 604 Α
3179 562 3218 606 Υ
3274 561 3309 606 Α
3376 554 3465 607 ἶσά
3530 556 3643 608 ἐστι

283 665 483 719 πέρατα
514 641 572 696 δί
596 652 690 703 τῆς
723 643 882 694 αὐτοῦ
915 640 1200 716 διαμέτρου
1230 648 1287 693 τὸ
1324 650 1371 693 Ω
1396 649 1456 694 Ν.
1486 645 1563 693 Τὰ
1595 644 1695 712 γὰρ
1735 646 1774 691 ll
1837 645 1882 690 Θ

285 740 483 807 πέρατα
508 738 693 805 κέντρα
723 730 835 782 ἐστὶ
866 740 964 782 των
996 734 1042 786 Μ
1077 738 1114 783 ΙΙ
1141 740 1170 783 Σ
1227 738 1268 783 Λ
1302 738 1338 781 Ζ
1395 738 1433 782 Τ
1495 733 1532 782 Ξ
1576 736 1615 781 Κ
1656 729 1877 779 κύκλων,

290 824 429 873 Ἐπεὶ
481 828 606 890 γοῦν
664 824 727 870 τὰ
787 827 876 870 τοῦ
939 826 977 870 Π
1058 827 1101 871 Θ
1183 828 1279 869 τῶν
1336 815 1629 890 διαμέτρων
1688 821 1885 889 πέρατα

290 906 1016 981 ΑΒΥΟΙΔκέντραέστὶ
1065 915 1242 960 τωνΜ
1295 914 1332 959 Η
1397 914 1427 958 Σ
1478 913 1519 959 Λ
1570 911 1608 958 Ξ
1665 912 1703 957 Κ
1759 913 1884 957 ΖΤ

287 999 505 1065 κύκλων,
547 1003 605 1049 τὸ
640 995 696 1049 δε
736 1001 940 1069 κέντρον
999 1002 1155 1067 μέσον
1214 996 1328 1047 ἐστὶ
1385 1002 1476 1046 τού
1520 994 1709 1045 κύκλου
1758 996 1887 1067 πρὸς

290 1087 315 1136 6
343 1106 510 1137 πασαι
537 1088 592 1136 αἱ
639 1091 1071 1156 προσπίπτουσαι
1103 1086 1295 1137 εύθεῑαι
1320 1083 1373 1134 ἐκ
1430 1092 1523 1143 τῆς
1578 1086 1761 1134 τούτου
1802 1102 1885 1134 πε-

290 1179 546 1249 ριφερείας
578 1171 691 1225 ἶσαι
726 1172 970 1232 ἀλλήλαις
1006 1173 1159 1240 εἰσὶν,
1191 1177 1253 1231 ως
1299 1176 1355 1223 τὸ
1410 1179 1453 1224 Ν
1508 1174 1610 1243 οἱρα
1652 1176 1779 1242 πρὸς
1828 1173 1886 1221 τὸ

293 1270 443 1315 Βκαὶ
499 1283 554 1314 το
588 1266 779 1335 Χπρὸς
836 1266 893 1313 τὸ
951 1269 984 1313 Β
1037 1271 1135 1312 τῶν
1200 1264 1301 1332 ’γὰρ
1370 1261 1618 1331 ἑκατέρων
1684 1264 1887 1329 κέντρον

291 1358 408 1404 τὸΒ
450 1355 519 1414 ως
558 1358 645 1403 καὶ
704 1360 801 1402 τῶν
859 1359 897 1403 Α
956 1357 992 1402 Β
1047 1356 1251 1424 κέντρον
1308 1355 1366 1401 τὸ
1418 1357 1461 1402 Ν
1512 1348 1637 1400 ἀ).λὰ
1694 1355 1781 1400 καὶ
1830 1352 1887 1399 τὸ

293 1449 328 1494 Ρ
362 1447 537 1501 ΒΙΒ,
589 1439 678 1492 ῖσά
717 1439 827 1491 ἐστι
872 1446 982 1500 τοῖς
1033 1446 1077 1491 Ν
1130 1446 1164 1490 Β
1217 1447 1260 1491 Χ
1324 1445 1360 1490 Β
1393 1460 1404 1471 ·
1457 1444 1660 1510 κέντρον
1726 1441 1892 1488 κοινὸι

292 1533 393 1603 γάρ
424 1534 483 1581 τὸ
512 1537 564 1582 Β.
598 1530 654 1581 ἸΙ
684 1529 787 1602 ἆρα
816 1536 851 1580 Ρ
881 1526 1157 1601 διάμετρος
1212 1536 1303 1578 τον
1358 1536 1389 1579 Σ
1452 1535 1495 1579 Λ
1554 1526 1743 1577 κύκλου
1799 1529 1886 1582 ἰση

291 1617 404 1670 ἐστὶ
442 1627 503 1690 τῇ
540 1626 585 1671 Χ
617 1625 660 1670 Ν
690 1619 851 1669 αὐτοῦ
885 1614 1167 1689 διαμέτρῳ·
1222 1615 1287 1667 ὧν
1342 1618 1440 1689 γάρ
1488 1612 1601 1667 ἶσαι
1651 1616 1714 1665 τά
1769 1616 1889 1685 ἡμί-

292 1727 403 1772 σεα,
460 1712 550 1758 καὶ
579 1709 642 1757 τά
689 1706 780 1757 ὅλα
807 1702 898 1756 ἷσά
948 1706 1075 1766 ἐστι,
1107 1708 1237 1755 κατά
1268 1709 1353 1755 τὸν
1409 1704 1564 1754 αὐτὸν
1612 1703 1777 1773 λογον·
1822 1707 1889 1763 ως

286 1794 388 1865 ἆρα
416 1800 545 1847 τὸΝ
586 1798 713 1866 πρὸς
742 1800 797 1845 r6
853 1800 871 1846 Ι
917 1813 1005 1845 και
1060 1797 1118 1844 τὸ
1166 1800 1208 1846 Ψ
1255 1798 1383 1865 πρὸς
1430 1797 1486 1843 1'6
1540 1798 1576 1845 Ι·
1634 1812 1731 1842 των
1787 1811 1885 1865 γαρ

284 1886 531 1954 ἑκατέρων
585 1888 789 1956 κέντρον
820 1887 878 1933 τὸ
924 1888 941 1934 Ι
999 1884 1063 1941 ως
1117 1888 1204 1932 καὶ
1265 1890 1362 1931 των
1396 1886 1479 1932 ΔΙ
1522 1886 1727 1952 κέντρον
1753 1884 1810 1930 τὸ
1842 1887 1883 1931 Ν

280 1971 408 2023 ἀλλά
439 1979 528 2023 καὶ
557 1972 614 2023 τό
643 1978 677 2023 Β
708 1977 725 2023 l
762 1977 850 2024 ΦΙ
890 1969 981 2022 ἶσά
1043 1970 1157 2021 ἐστι
1202 1978 1303 2029 τοῖς
1350 1976 1394 2021 Ν
1445 1975 1462 2021 l
1524 1976 1564 2022 Ψ
1606 1975 1622 2020 l
1685 1975 1885 2041 κίντρον

280 2065 447 2112 κοινὸν
476 2062 576 2134 γάρ
609 2064 667 2110 τὸ
698 2066 717 2112 Ι
752 2063 778 2117 ἡ
816 2061 918 2132 ἄρα
954 2066 986 2110 Β
1053 2065 1091 2111 Φ
1147 2055 1427 2130 διάμετρος
1478 2066 1567 2109 τοῦ
1615 2065 1651 2108 Ζ
1704 2064 1742 2108 Τ
1796 2060 1884 2107 κύ-

280 2150 423 2220 κλου,
461 2153 547 2206 ἱση
582 2149 697 2201 ἐστὶ
728 2157 789 2219 τῇ
824 2156 867 2202 Ψ
902 2155 943 2200 Ν
978 2148 1134 2199 αὐτοῦ
1179 2144 1463 2218 διαμέτρῳυ
1515 2144 1583 2196 ὧν
1644 2150 1743 2219 γάρ
1798 2144 1889 2198 ἶσα

279 2242 344 2290 τά
366 2241 581 2310 ἡμίσεα,
616 2244 705 2289 καὶ
771 2241 835 2288 τά
903 2236 995 2288 ὅλα
1048 2235 1139 2287 ῖσά
1198 2236 1355 2289 ἐστιν.
1410 2235 1673 2294 Ὡσαύτως
1719 2231 1777 2287 δὲ
1820 2238 1889 2295 ὡς

280 2334 337 2379 το
358 2335 402 2380 Ν
432 2332 563 2401 πρὸς
592 2330 648 2378 τὸ
680 2335 720 2379 Υ
751 2332 839 2378 καὶ
871 2330 929 2377 τὸ
956 2334 1003 2377 Ω.
1032 2328 1161 2399 πρὸς
1217 2329 1275 2376 1'6
1322 2333 1359 2377 Υ
1414 2333 1514 2375 τῶν
1557 2327 1659 2397 ’γάρ
1712 2324 1885 2376 ἐκατέ-

284 2437 383 2489 ρων
409 2420 615 2488 κέντρον
641 2419 699 2466 1'6
756 2423 795 2467 Υ
847 2418 911 2474 ὡς
955 2418 1043 2465 καὶ
1094 2421 1185 2465 τοῦ
1246 2422 1284 2465 Υ
1352 2420 1395 2466 Ψ
1452 2417 1656 2483 κέντρον
1712 2417 1770 2464 1'6
1818 2420 1886 2466 Ν.

289 2504 441 2557 Ἀλλά
471 2509 560 2555 καὶ
594 2508 650 2555 τὸ
676 2510 712 2555 Α
750 2512 787 2555 Υ
818 2509 899 2555 ΦΥ
930 2504 1021 2554 ῖσά
1044 2500 1158 2553 ἐστι
1188 2510 1297 2562 τοῖς
1354 2508 1393 2554 Ν
1464 2510 1499 2553 Υ
1564 2510 1610 2552 Ω.
1666 2509 1721 2552 Υ·
1781 2505 1883 2553 γέν-

285 2612 404 2667 τρον
437 2596 604 2644 κοινὸν
649 2596 751 2665 γὰρ
804 2596 861 2643 τὸ
912 2599 971 2647 Υ.
1032 2590 1089 2642 Ἠ
1140 2589 1243 2663 ἆρα
1301 2594 1347 2643 Α
1389 2597 1426 2643 Φ
1481 2586 1761 2663 διάμετρος
1798 2598 1888 2642 τοῦ

284 2686 322 2735 Ξ
355 2689 395 2735 Κ
426 2682 638 2741 κύκλου,
670 2684 758 2737 ἰση
801 2680 912 2732 ἐστὶ
962 2688 1022 2751 τῇ
1083 2690 1130 2730 Ω
1177 2686 1222 2731 Ν
1273 2680 1429 2730 αὐτου
1485 2676 1769 2751 διαμέτρῳο
1823 2680 1888 2729 ὧν

284 2772 384 2843 γάρ
408 2773 473 2822 τά
504 2772 700 2841 ἡμίσεα
730 2766 953 2834 ἶσα,καὶ
1018 2770 1079 2820 τά
1132 2767 1225 2819 ὁλα
1274 2766 1366 2819 ἷσά
1418 2766 1553 2833 ἐστι,
1610 2770 1741 2818 κατά
1801 2772 1887 2819 τὸν

284 2860 440 2911 αὑτὸν
465 2858 638 2930 λόγον·
670 2858 757 2919 Ὠς
785 2858 887 2931 ἆρα
908 2861 965 2909 1'6
992 2865 1031 2910 Υ
1059 2860 1190 2928 πρὸς
1218 2861 1274 2908 1'6
1334 2862 1378 2911 Α
1432 2862 1519 2909 καὶ
1577 2861 1635 2908 τὸ
1690 2864 1727 2909 Ε
1765 2860 1890 2924 πρὸς

284 2952 342 3000 τὸ
375 2956 415 3001 Α
445 2956 545 3000 τῶν
589 2951 691 3021 γὰρ
741 2947 989 3018 ἑκατέρων
1043 2951 1247 3020 κέντρον
1295 2949 1353 2997 τὸ
1410 2951 1448 2997 Α
1519 2949 1587 3006 ὡς
1644 2951 1733 2997 καὶ
1791 2955 1889 2998 τῶν

255 3149 582 3199 metrorum
614 3142 816 3198 circuli
848 3143 891 3207 Ο
924 3144 987 3211 Η,
1013 3146 1151 3196 sunt
1184 3145 1225 3195 Ο
1260 3143 1297 3194 Β
1326 3142 1367 3195 U
1395 3141 1438 3205 Ο
1474 3140 1493 3193 Ι
1525 3145 1571 3195 Α
1604 3158 1616 3207 ;
1651 3145 1707 3195 et
1736 3140 1917 3196 inhis

2040 649 2219 702 τοῖςΝ
2252 650 2350 697 ΑΕ
2403 654 2463 698 Α·
2522 650 2727 718 κέντρον
2776 649 2945 695 κοινὸν
3004 646 3101 715 γάρ
3150 648 3206 695 τὸ
3276 650 3336 697 Α.
3386 644 3396 659 ⁸
3451 651 3491 696 Η
3543 645 3644 717 ἆρα

2044 736 2139 781 ΓΥ
2170 728 2448 806 διάμετρος
2470 742 2558 785 τού
2590 740 2639 785 Μ
2674 733 2941 785 Ηνκύκλου
2966 735 3054 789 ῖση
3099 732 3209 784 ἐστὶ
3261 741 3322 803 τῇ
3374 740 3410 785 Ε
3461 740 3501 785 Ν
3544 734 3643 785 αυ-

2042 827 2134 869 τοῦ
2174 816 2457 895 διαμέτρῳ.
2519 821 2584 873 ὧν
2636 824 2737 893 γάρ
2794 825 2857 872 τά
2897 826 3095 892 ἡμίσεα
3148 819 3257 889 ἶσα,
3308 827 3398 873 καὶ
3445 827 3509 873 τά
3553 823 3645 875 ὅλα

2046 910 2136 958 ἰσά
2164 909 2317 960 ἐστιν·
2352 913 2493 963 Ἐπεὶ
2519 919 2641 980 γοῦν
2672 912 2701 967 ἡ
2767 916 2801 961 Γ
2844 918 2882 961 Υ
2940 913 3033 966 ἴση
3091 908 3202 961 ἐστὶ
3248 919 3312 982 κῇ
3366 918 3405 962 Ε
3450 919 3492 963 Ν
3552 917 3641 963 καὶ

2045 1000 3068 1069 ἡᾹΒτῇΝΧκαὶὴΡΙτῇΒΦκαι
3118 1000 3145 1055 ἡ
3210 1005 3255 1051 Ψ
3312 1006 3356 1049 Ν
3410 1008 3471 1071 τῇ
3530 1006 3547 1053 Ι
3609 1007 3642 1051 Δ

2047 1089 2833 1159 καὶὴΩΝτῇΥΟκαὶὴΦ
2898 1092 2935 1137 Α
2999 1095 3061 1157 τῇ
3123 1095 3162 1137 Υ
3214 1093 3250 1138 Γ
3302 1092 3391 1138 καὶ
3446 1088 3638 1145 ἑκάστη

2047 1172 2239 1231 ἑκάστη
2270 1178 2360 1231 ἰση
2388 1176 2518 1237 ἐστὶ,
2547 1177 2613 1226 τά
2660 1178 2763 1246 ’γάρ
2793 1182 2864 1243 τῲ
2910 1174 3052 1244 αὐτῷ
3107 1172 3217 1233 ἶσα,
3268 1180 3358 1227 καὶ
3408 1174 3644 1238 ἀλλήλοις

2050 1258 2140 1312 ἶσά
2168 1261 2398 1316 ἐστικαὶ
2442 1266 2490 1315 οἱ
2536 1270 2651 1316 ΠΘ
2697 1270 2727 1314 Σ
2786 1271 2829 1314 Λ
2884 1270 2921 1313 Ζ
2972 1270 3012 1315 Τ
3062 1266 3101 1315 Ξ
3154 1269 3191 1315 Κ
3248 1271 3298 1315 Μ
3350 1270 3392 1315 Η
3441 1266 3641 1333 κύκλοι,

2050 1348 2156 1402 ἶσοί
2176 1352 2327 1402 εἰσιν·
2358 1353 2425 1402 ὧν
2449 1356 2550 1422 ⁸γάρ
2573 1353 2629 1402 αἱ
2673 1348 2948 1423 διάμετροι
2999 1349 3132 1417 ἶσαι,
3188 1357 3277 1403 καὶ
3339 1361 3506 1405 ταῦτα
3554 1352 3645 1407 ῖσά

2050 1437 2208 1489 ἐστιν·
2244 1443 2293 1491 οί
2320 1439 2422 1511 ἆρα
2452 1440 2631 1491 κύκλοι
2663 1443 2845 1499 πάντες
2869 1436 2974 1491 ἶσοί
3013 1440 3134 1503 εἱσι,
3195 1446 3284 1491 καὶ
3332 1446 3390 1492 τὸ
3443 1440 3497 1493 ἐκ
3544 1451 3645 1494 τῶν

2051 1523 2340 1600 διαμέτρων
2394 1538 2561 1579 αυτὼν
2622 1533 2940 1588 συνεστακός
2994 1532 3241 1601 τρίγωνον
3292 1527 3403 1581 ἴσον
3482 1530 3645 1589 ἐστιν.

2047 1615 2103 1667 ἸΙ
2156 1624 2279 1686 γοῦν
2324 1624 2362 1669 Α
2418 1623 2452 1667 Β
2501 1613 2783 1690 διάμετρος
2822 1625 2914 1667 τού
2972 1623 3010 1668 l1
3065 1624 3109 1667 Θ
3159 1618 3349 1669 κύκλου
3407 1624 3501 1676 τὴν
3554 1623 3643 1677 ἳση

2047 1707 2213 1775 ταύτῃ
2256 1702 2534 1776 διάμέτρον
2589 1712 2627 1758 Α
2684 1711 2722 1757 Φ
2780 1713 2874 1756 τοῦ
2919 1712 2957 1756 Ζ
3001 1711 3041 1757 Κ
3090 1706 3280 1757 κύκλου
3329 1707 3647 1779 προσλαϐέτε

2047 1793 2290 1865 πλευράν,
2323 1798 2568 1850 καὶαῦτη
2591 1798 2679 1853 τὴς
2726 1800 2763 1846 Φ
2822 1800 2859 1844 Β
2912 1790 3191 1867 διάμετρον
3241 1803 3332 1846 τού
3384 1802 3423 1846 Ζ
3480 1799 3513 1851 Γ
3555 1801 3647 1848 κύ-

1941 1890 1986 1942 B
2047 1880 2169 1932 κ).ου
2196 1882 2439 1953 πλευράν,
2468 1888 2558 1934 καὶ
2589 1888 2837 1939 συστήτω
2862 1886 2919 1932 1'6
2953 1888 2990 1933 Α
3026 1890 3058 1933 Β
3113 1888 3151 1935 Φ
3206 1888 3469 1954 τρίγωνον.
3530 1886 3648 1937 Ἐπι

2046 1977 2216 2021 τοίνυν
2251 1968 2361 2022 ἶσαί
2424 1972 2554 2023 εἰσιν
2600 1974 2653 2023 αἱ
2713 1968 3004 2042 διάμετροι,
3072 1975 3139 2032 ως
3198 1968 3442 2043 ἐδείχθη,
3503 1973 3646 2025 ἀνοι-

2046 2063 2243 2127 ’γκαίως
2272 2064 2359 2110 καὶ
2412 2064 2469 2109 τὸ
2511 2058 2567 2110 ἐκ
2625 2063 2820 2111 τούτων
2878 2064 3191 2119 συνεπακός
3247 2066 3520 2133 τρίγωνον,
3563 2065 3647 2115 ἰσὸ

2046 2146 2261 2217 πλευρόν
2292 2154 2405 2198 εστι
2436 2168 2525 2199 και
2559 2148 2848 2218 ἰσογώνιον,
2877 2152 2934 2199 τὸ
2985 2148 3087 2221 ἄρα
3140 2150 3183 2201 Α
3235 2155 3271 2200 Β
3318 2155 3357 2202 Φ
3400 2155 3648 2222 τρίγωνον

2050 2231 2160 2286 ἶσον
2218 2240 2377 2306 ἐστιν,
2438 2233 2617 2293 ἐπειδὴ
2673 2236 2975 2309 ἰσόπλευρόν
3029 2241 3140 2289 ἐστι
3190 2257 3280 2289 και
3356 2239 3644 2308 ἰσογώνιον.

2050 2326 2113 2376 Ai
2170 2324 2271 2395 ἄρα
2320 2333 2411 2376 τού
2463 2325 2654 2376 κύκλου
2710 2323 2985 2397 διάμετροι
3036 2330 3090 2376 ἐκ
3133 2334 3223 2377 τού
3277 2332 3487 2401 κέντρου
3560 2347 3650 2379 και

2050 2417 2209 2474 μέσου
2231 2415 2453 2485 ἠγμέναι
2500 2411 2589 2465 ἴσα
2653 2422 2869 2466 ποιοῦσι
2924 2420 3202 2486 σχήματα,
3264 2412 3447 2473 ἐπειδὴ
3504 2423 3651 2468 πᾶσα

2050 2503 2210 2554 αὐτου
2238 2500 2514 2576 διάμετρος
2555 2505 2643 2561 ἰση
2686 2503 2816 2569 ἐστὶ,
2849 2500 2943 2555 διὰ
2988 2512 3139 2554 τοῦτο
3192 2511 3281 2556 καὶ
3331 2511 3435 2557 πᾶν
3489 2506 3651 2558 αὐτοῦ

2048 2596 2202 2664 μέρος
2230 2596 2355 2664 πρὸς
2393 2596 2450 2644 τὸ
2509 2597 2712 2664 κέντρον
2767 2589 2877 2643 ἶσον
2922 2600 3028 2652 τοῖς
3080 2592 3256 2652 ἄλλοις
3320 2594 3481 2658 αὐτοῦ
3540 2594 3653 2647 ἐστι

2048 2685 2248 2753 μέρεσι,
2280 2684 2450 2743 καθώς
2478 2678 2797 2752 ἀπεδείχθη.
2824 2681 2988 2733 Τοῦτο
3034 2678 3092 2733 δὴ
3146 2682 3240 2733 ούκ
3290 2682 3377 2735 ἐπὶ
3422 2687 3512 2735 τοῦ
3539 2703 3653 2757 τρι-

2047 2771 2311 2839 γώνου,αἱ
2343 2773 2443 2841 ’γὰρ
2472 2773 2657 2821 τούτου
2704 2769 2922 2841 πλευραὶ
2974 2769 3068 2821 οὐκ
3122 2766 3235 2821 ἴσον
3290 2779 3507 2823 ποιοῦσι
3563 2781 3655 2832 τῆς

2052 2857 2211 2909 αὑτοῦ
2253 2854 2538 2930 διαμέτρου
2598 2864 2688 2910 καὶ
2740 2861 2959 2910 καθέτου
3018 2858 3202 2911 κύκλον
3279 2860 3307 2918 ἦ
3376 2865 3650 2933 τρίγωνον

2050 2956 2141 2998 του
2171 2950 2268 3019 γὰρ
2296 2947 2485 2999 κύκλου
2514 2950 2541 3006 ἠ
2579 2944 2853 3021 διάμετρος
2910 2953 3085 3021 τρίτον
3149 2946 3262 2999 ἐστὶ
3317 2957 3413 3010 τῆς
3468 2952 3654 3002 τούτου

2023 3142 2299 3214 aqualia,
2343 3146 2397 3196 et
2432 3145 2555 3197 tota
2576 3141 2708 3212 ipsa
2734 3142 3474 3215 suntaqualia.Quoniam
3503 3145 3683 3215 igitur

256 3237 397 3287 sunt
420 3237 625 3287 contra
657 3231 1017 3286 circulorum
1047 3232 1092 3285 Μ
1126 3232 1167 3285 G
1198 3234 1232 3285 S
1268 3232 1303 3284 L
1326 3232 1369 3285 Ο
1400 3230 1449 3281 Κ
1482 3230 1523 3282 F
1549 3232 1613 3298 T;
1646 3235 1916 3285 centrum
1956 3248 1994 3301 ρ
2026 3232 2323 3286 diametur
2349 3233 2388 3286 C
2422 3232 2463 3285 U
2498 3236 2586 3284 est
2624 3230 2873 3301 aequalis
2899 3231 3193 3287 diametro
3228 3235 3265 3286 E
3296 3235 3360 3302 Ν,
3393 3233 3685 3289 diameter

257 3326 458 3376 autem
482 3326 570 3375 est
602 3321 869 3375 medium
902 3320 1104 3374 circuli
1137 3318 1214 3373 ad
1237 3318 1402 3389 quod
1434 3318 1628 3373 ducta
1651 3334 1863 3374 omnes
1885 3335 1920 3374 a

260 3409 739 3464 circumferentia
768 3408 939 3464 linea
967 3415 1106 3463 sunt
1136 3408 1286 3462 inter
1350 3423 1410 3461 se
1455 3407 1721 3478 aquales
1770 3426 1782 3462 :
1856 3413 1922 3463 ut

260 3500 439 3565 igitur
461 3502 501 3553 Ν
528 3514 589 3553 se
620 3498 803 3553 habet
832 3498 908 3552 ad
935 3500 991 3561 Β,
1024 3497 1108 3552 ita
1138 3497 1318 3551 etiam
1354 3498 1391 3550 Y
1419 3512 1478 3550 se
1513 3496 1692 3551 habet
1724 3497 1798 3553 ad
1836 3500 1872 3552 Β
1906 3513 1918 3551 :

262 3589 573 3661 utriusque
604 3589 763 3643 enim
791 3601 1059 3643 centrum
1101 3594 1191 3641 est
1222 3588 1281 3651 Β,
1320 3592 1381 3641 ut
1410 3586 1587 3641 etiam
1642 3588 1922 3642 termino—

261 3693 398 3733 rum
424 3682 471 3732 Α
504 3680 562 3745 Β,
590 3685 862 3733 centrum
885 3682 971 3731 est
996 3680 1058 3731 N.
1085 3676 1257 3746 Atqui
1284 3678 1325 3730 R
1344 3677 1401 3739 Β,
1438 3677 1525 3743 lB,
1551 3682 1685 3730 sunt
1724 3692 1926 3746 aqua-

260 3767 343 3822 lia
364 3767 512 3838 ipsis
540 3770 581 3821 N
614 3769 671 3833 Β,
705 3768 746 3820 Υ
783 3768 840 3821 Β.
877 3768 1028 3819 Nam
1054 3765 1096 3816 Β
1124 3770 1395 3818 centrum
1440 3771 1527 3818 est
1576 3779 1920 3831 commune,

264 3856 559 3911 Diameter
588 3871 732 3925 ergo
760 3857 804 3910 R
832 3856 872 3920 Ι,
908 3853 1112 3909 circuli
1146 3855 1180 3909 S
1208 3856 1263 3913 L.
1299 3859 1390 3907 est
1415 3854 1666 3925 aqualis
1697 3854 1924 3909 diame-

260 3949 349 4000 tro
405 3946 444 3999 Y
494 3947 559 4013 Ν,
622 3945 890 4010 Quorum
948 3943 1111 3997 enim
1165 3942 1431 3997 dimidia
1513 3948 1711 4013 partes
1784 3950 1924 3998 sunt

256 4033 544 4105 aquales,
577 4033 710 4105 ipsa
741 4038 864 4087 tota
896 4038 1035 4086 sunt
1057 4031 1335 4103 aqualia.
1368 4032 1671 4087 Exeadem
1694 4034 1924 4089 ratione

259 4127 324 4177 ut
349 4138 410 4177 se
437 4121 681 4177 habetN
728 4121 806 4176 ad
864 4124 904 4189 l,
953 4120 1035 4176 ita
1077 4120 1257 4175 etiam
1312 4122 1348 4175 Ζ
1411 4120 1489 4175 ad
1548 4122 1566 4173 l
1615 4120 1923 4193 utriusque

259 4211 422 4266 enim
452 4216 722 4265 centrum
762 4215 853 4265 est
883 4213 921 4263 l.
951 4212 1074 4264 Non
1111 4224 1284 4263 secus
1307 4215 1486 4280 atque
1524 4211 1917 4265 terminorum

261 4302 306 4366 Ο
337 4304 354 4354 1
383 4304 654 4355 centrum
686 4306 775 4354 est
803 4302 866 4354 N.
898 4298 1076 4370 Atqui
1122 4298 1163 4351 Β
1223 4298 1241 4351 Ι
1289 4302 1326 4352 Χ
1384 4298 1403 4351 1
1460 4299 1719 4370 aqualia
1787 4306 1926 4354 sunt

262 4389 376 4444 illis
402 4392 443 4443 N
478 4389 497 4443 ι
528 4392 565 4444 Ζ
596 4391 616 4442 l
651 4404 663 4454 ;
694 4403 829 4443 nam
860 4390 1214 4441 [commune
1236 4394 1500 4441 centrum
1514 4392 1621 4443 est.
1643 4388 1926 4444 Diameter

266 4494 407 4547 ergo
440 4480 478 4533 Β
521 4480 580 4546 Χ,
611 4476 814 4532 circuli
845 4479 883 4532 F
912 4479 973 4545 T,
1005 4475 1254 4548 aqualis
1295 4482 1383 4530 est
1428 4476 1722 4532 diametro
1760 4484 1799 4528 Ζ
1859 4481 1924 4535 Ν.

2026 3320 2207 3375 etiam
2234 3323 2280 3372 A
2314 3322 2349 3373 Β
2370 3320 2478 3374 erit
2507 3318 2755 3391 aqualis
2784 3319 3078 3375 diametro
3106 3323 3147 3375 Ν
3178 3323 3239 3391 Υ,
3268 3327 3323 3376 et
3366 3324 3410 3376 Β
3484 3326 3499 3376 l
3550 3322 3682 3378 dia-

2029 3415 2215 3463 meter
2244 3407 2492 3480 aqualis
2547 3408 2843 3462 diametro
2902 3411 2938 3461 Β
2988 3410 3048 3474 Χ,
3097 3415 3153 3464 et
3204 3409 3497 3465 diameter
3550 3412 3589 3463 Z
3639 3414 3681 3466 N

2029 3497 2277 3569 aqualis
2298 3497 2394 3552 dia
2411 3502 2590 3553 metro
2622 3499 2640 3549 l
2683 3498 2749 3566 Ο,
2791 3501 2847 3551 et
2875 3496 3164 3553 diameter
3198 3500 3281 3554 FF
3332 3503 3372 3554 N
3434 3500 3684 3572 aqualis

2030 3587 2322 3642 diametro
2355 3587 2395 3641 U
2421 3587 2463 3638 D
2497 3605 2509 3653 ;
2538 3592 2595 3641 et
2615 3585 2962 3641 diameterx
3000 3594 3039 3641 Α
3080 3587 3330 3658 aqualis
3389 3589 3684 3645 diametro

2033 3678 2074 3731 U
2107 3677 2145 3731 C
2168 3693 2181 3743 ;
2206 3675 2466 3746 denique
2490 3674 2738 3744 singula
2760 3674 3009 3744 singulis
3044 3682 3185 3730 sunt
3211 3678 3476 3749 aquales
3502 3697 3515 3746 ;
3540 3693 3685 3734 nam

2031 3781 2167 3837 qua
2206 3763 2401 3819 eidem
2437 3769 2575 3818 sunt
2600 3762 2970 3835 aqualiailla
2989 3764 3142 3819 inter
3158 3782 3220 3821 se
3251 3768 3686 3839 suntaqualia.

2032 3856 2095 3908 Et
2127 3854 2169 3918 Ο
2213 3854 2260 3906 Η
2285 3855 2319 3909 S
2350 3854 2391 3906 L
2421 3851 2521 3907 FT
2553 3853 2595 3907 Ο
2624 3855 2741 3908 ΚΜ
2799 3854 2841 3908 G
2898 3858 3040 3908 sunt
3078 3854 3359 3925 aequales,
3420 3856 3623 3911 circuli
3672 3875 3686 3926 ;

2029 3958 2173 3999 nam
2196 3942 2426 4011 ﬁgura,
2456 3957 2717 4013 quarum
2747 3941 3023 3997 diametri
3054 3948 3191 3998 sunt
3219 3944 3508 4017 aquales,
3538 3945 3689 4018 ipsa

2029 4032 2181 4086 inter
2198 4048 2259 4086 se
2294 4036 2433 4086 sunt
2466 4030 2730 4103 aquales
2776 4049 2788 4099 ;
2821 4037 2878 4087 et
2906 4031 3071 4104 quod
3091 4047 3165 4087 ex
3194 4032 3340 4105 ipsis
3385 4034 3691 4091 diametris

2030 4120 2409 4177 constituitur
2440 4119 2806 4190 triangulum
2831 4114 3062 4193 aquale
3093 4128 3200 4178 est.
3226 4123 3523 4180 Diameter
3547 4139 3690 4196 ergo

2031 4214 2077 4263 A
2118 4212 2179 4277 Β,
2214 4209 2419 4265 circuli
2450 4211 2491 4265 G
2516 4210 2562 4263 H
2583 4216 2849 4265 assumat
2869 4210 3159 4282 aqualem
3182 4212 3294 4267 sibi
3334 4213 3691 4270 diametrum

2033 4304 2079 4353 A
2117 4301 2153 4354 Χ
2189 4298 2388 4354 circuli
2426 4299 2468 4355 Ο
2491 4299 2543 4352 Κ
2569 4317 2582 4365 ;
2611 4302 2668 4353 et
2686 4298 2821 4370 ipsa
2852 4304 3123 4355 assumat
3147 4300 3511 4357 diametrum
3546 4303 3601 4356 X
3650 4302 3693 4354 Β

2034 4388 2296 4444 circuliF
2321 4390 2379 4443 T.
2422 4390 2707 4461 Fiantque
2754 4387 2943 4444 latera
2988 4395 3045 4444 et
3088 4391 3485 4447 constituatur
3514 4391 3693 4447 trian-

2034 4478 2241 4548 gulum
2273 4483 2315 4532 A
2354 4484 2392 4535 C
2415 4481 2475 4534 Χ.
2501 4478 2798 4543 Quoniam
2814 4478 2998 4547 igitur
3012 4478 3279 4550 aquales
3305 4487 3442 4536 sunt
3468 4481 3693 4537 diame-

268 4570 535 4633 Quorum
560 4568 721 4622 enim
741 4565 1009 4622 dimidia
1034 4570 1232 4637 partes
1264 4566 1700 4638 suntaquales,
1728 4574 1782 4623 et
1803 4572 1927 4623 tota
1963 4593 2005 4646 ι)
2036 4568 2126 4637 tri,
2142 4568 2697 4623 utdemonstratum
2730 4573 2839 4635 est,
2870 4568 3214 4624 necessario
3234 4569 3598 4639 triangulum
3622 4586 3696 4627 ex

264 4657 397 4728 ipsa
418 4654 846 4728 suntaqualia.
875 4654 1088 4710 Eodem
1120 4654 1296 4709 modo
1322 4658 1439 4709 utN
1465 4671 1527 4709 se
1550 4655 1732 4711 habet
1755 4656 1831 4711 ad
1860 4659 1923 4723 U,

266 4746 349 4802 ita
370 4746 549 4802 etiam
572 4746 653 4801 FF
680 4744 759 4800 ad
786 4747 855 4811 U;
880 4743 1188 4816 utriusque
1206 4744 1366 4799 enim
1399 4745 1631 4800 termini
1654 4750 1926 4801 centrum

267 4840 354 4891 est
386 4837 452 4903 U,
478 4840 545 4889 ut
574 4838 615 4890 Ν
651 4853 664 4892 :
700 4839 969 4889 centrum
999 4837 1088 4888 est
1114 4833 1505 4889 terminorum
1540 4836 1581 4889 U
1634 4837 1695 4889 Ι).
1748 4835 1927 4907 Atqui

262 4930 309 4979 Α
343 4926 385 4979 U
420 4925 461 4977 Χ
493 4925 535 4979 U
560 4927 697 4978 sunt
722 4921 981 4994 aqualia
1002 4921 1127 4977 istis
1160 4924 1201 4976 Ν
1239 4924 1279 4977 U
1335 4924 1378 4978 U
1427 4924 1526 4978 FF.
1578 4925 1727 4979 Nam
1788 4940 1926 4979 cen-

262 5019 422 5070 trum
464 5026 787 5069 commune
819 5016 905 5067 est
934 5013 999 5067 U.
1038 5011 1333 5067 Diameter
1364 5027 1507 5081 ergo
1546 5014 1592 5065 Α
1633 5015 1675 5069 Χ
1724 5013 1928 5070 circuli

262 5105 306 5159 Ο
331 5105 375 5158 Κ
403 5101 658 5174 aqualis
690 5108 778 5157 est
802 5100 1098 5157 diametro
1128 5101 1323 5172 ipsius
1382 5103 1462 5156 FF
1523 5104 1586 5156 Ν.
1658 5104 1927 5167 Quorum

258 5194 419 5249 enim
444 5191 698 5247 dimidia
733 5195 871 5245 sunt
884 5189 1164 5261 aequalia,
1184 5195 1308 5245 tota
1329 5190 1461 5262 ipsa
1485 5196 1625 5246 sunt
1648 5192 1924 5263 aqualia,

257 5285 342 5337 Ex
364 5280 580 5337 eadem
603 5281 835 5336 ratione
872 5286 935 5334 ut
968 5296 1032 5334 se
1061 5278 1246 5335 habet
1275 5282 1317 5335 Ν
1360 5279 1437 5333 ad
1478 5284 1548 5347 A,
1577 5282 1661 5336 ita
1682 5282 1858 5337 etiam
1888 5285 1928 5336 E

256 5371 337 5428 ad
371 5376 416 5425 Α
438 5390 455 5444 ;
484 5372 792 5443 utriusque
814 5370 969 5425 enim
997 5376 1264 5425 centrum
1286 5375 1374 5425 est
1403 5376 1469 5426 A.
1496 5372 1623 5426 Non
1643 5387 1813 5427 secus
1845 5379 1925 5429 at-

258 5477 377 5533 que
395 5461 789 5516 terminorum
809 5462 845 5514 B
878 5463 942 5530 Α,
971 5465 1239 5514 centrum
1266 5463 1355 5514 est
1382 5463 1445 5515 Ν.
1464 5460 1643 5531 Atqui
1662 5464 1700 5518 ι]
1725 5464 1770 5514 Α
1802 5464 1924 5533 UA,

265 5551 525 5624 aqualia
550 5550 832 5605 suntistis
862 5553 901 5604 Ν
932 5555 973 5603 Α
1007 5550 1048 5604 U
1080 5555 1154 5616 A;
1176 5564 1310 5605 nam
1328 5554 1592 5605 centrum
1618 5566 1927 5608 commune

270 5646 363 5697 est
388 5643 458 5695 A.
500 5640 798 5695 Diameter
822 5654 965 5708 ergo
999 5640 1038 5693 C
1069 5640 1133 5702 U,
1168 5639 1368 5694 circuli
1392 5642 1441 5696 Μ
1473 5642 1532 5709 C,
1560 5641 1811 5713 aqualis
1842 5646 1928 5697 est

270 5731 467 5805 ipsius
519 5729 812 5785 diametro
844 5733 883 5784 Β
912 5730 954 5784 Ν
991 5744 1006 5794 ;
1036 5743 1297 5801 quorum
1337 5728 1499 5786 enim
1523 5729 1775 5786 dimidia
1788 5736 1929 5789 sunt

2036 4657 2124 4711 his
2156 4656 2546 4712 constitutum
2585 4662 2673 4712 est
2695 4654 3110 4728 aquilaterum
3137 4662 3195 4713 et
3213 4658 3694 4730 aquiangulum.

2037 4745 2319 4800 Diametri
2352 4760 2495 4814 ergo
2526 4762 2599 4801 ex
2617 4750 2821 4801 centro
2859 4761 2930 4801 ex
2984 4745 3186 4803 medio
3212 4748 3407 4803 ducta
3431 4748 3697 4820 aquales

2036 4835 2405 4890 constituunt
2432 4835 2681 4906 ﬁguras,
2718 4835 3220 4908 quandoquidem
3258 4838 3456 4893 omnis
3495 4838 3699 4895 circuli

2035 4924 2320 4980 diameter
2340 4930 2427 4979 est
2457 4923 2971 4997 aqualis;idcirco
2983 4926 3443 4999 quilibetipsius
3469 4943 3610 5000 pars
3637 4928 3699 4984 in

2036 5019 2304 5069 centrum
2338 5029 2701 5070 concurrens
2726 5013 2973 5085 reliquis
3000 5015 3275 5087 partibus
3299 5022 3388 5072 est
3423 5016 3696 5090 aqualis,

2038 5108 2103 5158 ut
2132 5119 2318 5175 supra
2339 5103 2821 5159 demonstratum
2851 5110 2961 5159 est.
2996 5109 3067 5160 At
3126 5104 3243 5161 hoc
3298 5107 3361 5161 in
3400 5106 3700 5179 triangula

2035 5192 2238 5248 locum
2270 5209 2393 5249 non
2414 5192 2600 5249 habet
2634 5208 2647 5259 ;
2678 5208 2821 5248 nam
2843 5192 3033 5265 ipsius
3054 5193 3242 5250 latera
3272 5211 3395 5252 non
3436 5195 3704 5252 eﬁiciunt

2036 5281 2348 5350 circulum,
2400 5287 2505 5338 aut
2556 5281 2925 5352 triangulum
2973 5283 3207 5356 aquale
3251 5285 3552 5357 triangulo
3599 5290 3705 5342 aut

2036 5370 2257 5427 circulo
2288 5372 2391 5444 qui
2445 5388 2517 5426 ex
2568 5371 2757 5443 ipsius
2814 5371 3109 5429 diametro
3162 5374 3493 5445 conﬁcitur,
3556 5391 3701 5431 nam

2036 5459 2329 5516 diameter
2367 5459 2573 5515 circuli
2595 5464 2649 5514 et
2674 5460 2844 5516 tertia
2870 5476 3011 5533 pars
3069 5462 3493 5518 circumducta
3532 5462 3704 5519 linea

2035 5566 2223 5622 quam
2266 5551 2313 5605 si
2339 5552 2473 5623 quis
2496 5555 2766 5606 assumat
2786 5556 2845 5606 et
2869 5550 3176 5621 adhibeat,
3203 5554 3706 5611 utsecetcircum-

2038 5640 2346 5697 ferentiam
2373 5640 2597 5710 circuli,
2624 5646 2739 5696 tres
2774 5640 3037 5713 aquales
3052 5642 3551 5700 diametrolineas
3583 5644 3707 5706 eﬂi-

2042 5732 2176 5803 ciet;
2208 5748 2393 5805 quam
2425 5731 2674 5805 quidem
2696 5730 2887 5788 lineas
2906 5731 2955 5787 si
2974 5732 3112 5805 quis
3142 5739 3207 5790 ut
3260 5733 3447 5791 latera
3494 5739 3703 5807 ponat,
