4444 6452
781 407 915 471 1383
2305 394 2536 468 ADDEN

2438 395 2658 468 iENDA.
4055 406 4193 477 issi

804 539 1148 613 πιριφερείας,
1185 534 1244 593 ἣν
1301 553 1382 596 τις
1432 533 1476 586 εἰ
1512 531 1641 607 λάϐῃ
1701 536 1792 586 καὶ
1851 540 1914 606 τῇ
1976 528 2239 608 διαμέτρῳ
2297 535 2400 596 θεὶς
2455 538 2502 591 Α
2563 556 2667 608 τος,
2689 545 2842 593 τοῡΑ
2911 548 2946 594 Β
3004 548 3042 595 Γ
3087 545 3365 614 τριγώνου,
3413 535 3692 616 διάμετρος
3759 537 3816 594 δι
3876 550 3967 594 τοῦ
4022 550 4064 596 Π
4131 551 4164 596 Σ

803 634 964 700 τεμεῖ,
1021 631 1156 700 τρεῖς
1209 624 1328 684 ἴσας
1393 624 1555 694 ταύτῃ
1626 627 1837 680 ποιήσει
1893 621 1950 682 ἃς
2017 623 2122 685 θεὶς
2176 622 2402 696 πλευρὰς
2563 626 2777 697 κύκλου,
2818 632 2926 687 ἤτω
2956 629 3150 703 πλευρὰ
3181 638 3272 682 τοῦ
3331 634 3370 680 Γ
3430 635 3473 681 Η
3526 637 3571 682 Θ
3639 635 3918 701 τριγώνου,
3977 635 4069 682 καὶ
4132 632 4163 688 ἡ

807 716 1079 787 ἰσογώνιον
1138 717 1227 765 καὶ
1286 710 1588 785 ἰσόπλευρον
1652 717 1860 770 ποιήσει
1908 716 2176 784 τρίγωνον,
2243 712 2287 764 εἰ
2345 708 2403 764 δὴ
2563 723 2655 768 τοῦ
2695 717 3024 771 ΜΦκύκλου
3083 715 3378 792 διάμετρος,
3439 717 3630 792 πλευρὰ
3688 714 3747 770 δὲ
3806 726 3897 770 τοῦ
3950 725 3989 772 Α
4041 726 4076 771 Β
4131 725 4169 770 Γ

803 809 938 879 τρείς
1024 801 1342 875 διαμέτρους
1405 800 1679 868 κυκλώσει,
1733 805 1905 875 τρίτον
1960 797 2018 854 δὲ
2093 805 2402 875 περιμέτρου
2565 810 2836 879 τριγώνου,
2871 807 2976 867 iam
3037 806 3234 884 πλευρὰ
3281 814 3373 860 τοῦ
3427 812 3466 860 Α
3521 814 3558 859 Β
3603 814 3651 860 Ω
3701 813 3969 882 τριγώνον.
4022 808 4169 861 Ἐπεὶ

807 896 959 953 θήσει
999 889 1298 966 διάμετρον,
1351 891 1377 943 ὁ
1436 889 1595 953 αὐτὸς
1641 895 1730 942 καὶ
1781 890 1933 943 πάλιν
1990 889 2179 952 κύκλος
2249 895 2403 962 γενή-

806 1002 972 1038 σεται.

875 1089 928 1146 ι’.
969 1088 1092 1161 Ούχ
1118 1087 1276 1148 οὕτως
1308 1083 1368 1140 δὲ
1407 1084 1491 1139 ἐπὶ
1538 1092 1632 1139 τοῦ
1661 1090 1937 1161 τριγώνου·
1980 1085 2039 1138 ού
2069 1087 2171 1159 γὰρ
2202 1088 2261 1138 τό
2295 1089 2407 1158 τρί-

801 1198 889 1233 τον
918 1185 1009 1240 τςῆ
1044 1177 1204 1231 αὐτοῦ
1242 1180 1552 1251 περιμέτρου
1592 1175 1622 1234 ἦ
1683 1177 1902 1228 καθέτου
1968 1182 2080 1228 ἶσον
2141 1183 2203 1247 τῇ
2248 1174 2408 1227 αὑτοῦ

804 1265 1094 1342 διαμέτρῳ,
1149 1265 1278 1318 ἀλλὰ
1315 1265 1514 1338 μεῖζον,
1557 1264 1693 1316 ὥστε
1742 1269 1959 1337 μείζονα
2021 1269 2111 1317 καὶ
2165 1263 2411 1317 ἐλάττονα

802 1362 893 1410 καὶ
914 1356 1098 1409 κύκλον
1124 1360 1213 1407 καὶ
1243 1358 1492 1428 τρίγωνον
1523 1357 1842 1411 ποιήσουσιν
1883 1356 1938 1406 αἱ
1995 1356 2182 1406 τούτου
2249 1353 2406 1407 πλευ-

801 1451 892 1520 ραί
921 1462 975 1498 τι
1004 1450 1095 1498 καὶ
1126 1446 1155 1502 ἡ
1201 1440 1484 1516 διάμετρος
1508 1448 1598 1494 καὶ
1629 1445 1657 1500 ἡ
1701 1445 1936 1504 κάθετοςο
1981 1445 2092 1495 ἔστι
2141 1440 2200 1495 δὲ
2257 1451 2409 1495 τοῦτο

800 1545 895 1598 τῆς
956 1533 1284 1599 ἀνισότητος,
1341 1535 1430 1584 καὶ
1471 1535 1590 1606 περὶ
1629 1534 1717 1604 μὲν
1769 1540 1868 1584 τῶν
1929 1532 2090 1584 ἄλλων
2147 1537 2410 1604 τριγώνων

801 1621 980 1687 οὐδεὶς
1029 1624 1098 1684 εἰς
1155 1617 1426 1684 ἀπόδειξιν
1491 1620 1663 1692 λόγος·
1734 1620 1955 1695 ἐναργὴς
2011 1622 2110 1694 γὰρ
2170 1622 2199 1678 ἡ
2301 1622 2409 1689 θεα,

802 1710 908 1767 οἷον
938 1720 1029 1766 τοῦ
1079 1710 1398 1775 ἰσοσκελοῦς,
1464 1717 1557 1762 τού
1617 1709 1922 1782 ὁξυγωνίου,
1990 1716 2083 1762 τοῦ
2137 1707 2412 1782 ἀμϐλυγω-

802 1804 995 1875 νίου,ἡ
1058 1796 1329 1863 ἀπόδειξις
1387 1795 1446 1851 δὲ
1500 1804 1774 1872 χρήσιμός
1834 1797 1949 1851 ἐστι
1989 1794 2274 1870 δειχθῆναι
2326 1798 2411 1851 ἐπὶ

801 1901 899 1948 τού
961 1892 1290 1965 ἰσοπλεύρου.
1365 1888 1516 1942 Ἐστι
1574 1885 1633 1941 δέ
1686 1892 1841 1948 αὕτη·
1894 1889 1924 1946 ἠ
1989 1895 2082 1940 τοῦ
2158 1893 2409 1963 τριγώνου
2465 1888 2510 1941 Β

803 1984 1001 2054 πλευρὰ
1023 1985 1114 2034 καὶ
1143 1983 1173 2039 ἡ
1219 1975 1495 2054 διὰμετρος
1531 1979 1560 2036 ἠ
1598 1975 1694 2031 διὰ
1748 1985 1841 2030 τοῦ
1900 1981 2111 2050 κέντρου
2179 1981 2269 2029 καὶ
2321 1979 2410 2050 μὲ-

804 2093 898 2127 σου
940 2074 1138 2145 ἠγμένη
1185 2075 1275 2122 καὶ
1323 2072 1352 2128 ἡ
1403 2071 1634 2137 κάθετος,
1694 2067 1788 2120 οὐκ
1829 2069 1976 2129 ἱσους
2030 2066 2248 2128 κύκλους
2297 2084 2411 2118 ποι-

802 2170 972 2231 οῦσιν,
1007 2160 1113 2214 ἀλλ’
1143 2159 1379 2221 ἀνὶσους,
1415 2157 1522 2209 ἀλλ’
1548 2154 1671 2210 οὐδὲ
1701 2161 1931 2229 τρίγωνα
1987 2152 2081 2208 ἶσα
2125 2163 2197 2225 τῷ
2242 2154 2403 2224 αὐτῷ’

803 2248 890 2304 δεῖ
936 2247 996 2303 δί
1054 2254 1300 2322 τρίγωνον
1356 2252 1441 2299 καὶ
1496 2247 1683 2299 κύκλον
1750 2254 2280 2319 σχηματογραφῆσαι
2318 2248 2407 2296 καὶ

802 2340 978 2402 δεῖξαι
1007 2337 1216 2398 ἀνίσους
1243 2335 1465 2398 κύκλους
1493 2339 1610 2397 τοὺς
1641 2333 1696 2387 ἐκ
1735 2343 1830 2396 τῆς
1853 2334 2075 2407 πλευρᾶς
2139 2341 2231 2385 τού
2296 2352 2407 2405 τρι-

799 2438 969 2505 γώνου
1004 2433 1305 2502 γινομένους
1328 2432 1417 2478 καὶ
1458 2434 1548 2487 τῆς
1617 2422 1902 2499 διαμέτρου
1969 2430 2060 2477 καὶ
2108 2433 2199 2486 τῆς
2257 2425 2406 2477 καθέ-

798 2542 911 2590 του,
941 2525 1144 2591 τῷΑΒ
1196 2524 1233 2570 Γ
1280 2517 1534 2591 τριγώνῳ·
1596 2513 1784 2576 κύκλος
1834 2515 2114 2589 γεγράφθω
2172 2515 2197 2565 ὀ
2257 2520 2307 2566 Μ
2366 2520 2404 2566 Φ

799 2617 991 2684 κέντρῳ
1014 2612 1073 2662 τὸ
1115 2607 1163 2662 Κ
1201 2611 1291 2658 καὶ
1319 2613 1380 2677 τῇ
1410 2609 1446 2657 Β
1486 2611 1522 2657 Ε
1579 2600 1864 2679 διαμέτρῳ,
1922 2605 1948 2655 ὁ
2006 2611 2054 2657 Χ
2112 2609 2151 2656 Α
2212 2606 2404 2677 κέντρῳ

2810 1037 3828 1909 ΑΒ

2583 1017 4154 2574 η

798 2705 854 2755 τὸ
877 2703 1032 2754 Νκαὶ
1051 2705 1114 2770 τῇ
1146 2703 1188 2748 Π
1220 2700 1258 2747 Γ
1287 2697 1507 2765 καθέτῳ,
1539 2693 1565 2744 ὁ
1598 2699 1641 2744 ῘῘ
1675 2699 1707 2745 Σ
1738 2697 1929 2768 κέντρῳ
1986 2695 2044 2744 τὸ
2100 2699 2135 2745 Ρ
2201 2693 2231 2750 ἡ
2302 2693 2406 2766 ἄρα
2565 2707 2736 2757 τοίνυν
2767 2705 2796 2762 ἠ
2830 2699 3107 2776 διάμετρος
3136 2704 3307 2775 τρίτον
3347 2698 3457 2754 ἐστι
3515 2709 3610 2762 τῆς
3675 2699 3800 2763 ὅλης
3844 2707 3937 2754 τοῦ
3976 2697 4173 2753 κύκλου

799 2795 840 2842 Α
874 2797 910 2842 Β
961 2786 1177 2861 πλευράν
1224 2787 1357 2837 ἔστω
1404 2789 1496 2835 τοῦ
1534 2788 1585 2834 Μ
1625 2787 1663 2834 Φ
1729 2778 2024 2868 διάμετρος»
2053 2787 2145 2833 τοῦ
2195 2787 2236 2834 Α
2301 2787 2338 2833 Β
2368 2785 2406 2832 Γ
2567 2799 2904 2868 περιφερείας,
2928 2795 3160 2867 ὑπάρχει
3193 2787 3252 2844 δὲ
3291 2793 3320 2850 ἡ
3368 2798 3468 2844 AB
3527 2789 3809 2866 διαμετρος
3859 2799 3949 2843 τοῦ
4019 2797 4072 2844 Μ
4136 2797 4173 2844 Φ

798 2883 1053 2954 τριγώνου
1091 2879 1182 2927 καὶ
1215 2877 1304 2925 τόῡ
1347 2879 1391 2926 Χ
1423 2878 1460 2923 Γ
1487 2871 1677 2923 κύκλον
1719 2867 2000 2945 διάμετρος
2043 2874 2074 2931 ἡ
2134 2879 2171 2925 Β
2218 2878 2256 2925 Ε
2299 2875 2404 2930 ἤτω
2566 2883 2778 2950 κύκλου,
2811 2889 2901 2936 καὶ
2939 2882 3134 2956 πλευρὰ
3166 2888 3259 2934 τοῦ
3313 2887 3353 2936 Α
3412 2889 3447 2933 Β
3495 2887 3532 2934 Γ
3582 2887 3838 2954 τριγώνου
3893 2887 3982 2933 καὶ
4031 2884 4174 2932 ἔστιν

796 2968 1128 3041 πλενράντοῡ
1169 2966 1620 3036 ΕΒΖτρογὼνου
1669 2958 1797 3012 ἀλλά
1848 2965 1938 3013 καὶ
2001 2963 2030 3020 ἡ
2086 2969 2127 3013 Η
2177 2967 2214 3014 Γ
2251 2962 2402 3013 meo“
2467 3035 2499 3045 Α
2568 2972 2621 3036 ἐξ
2673 2971 2899 3045 ἀνάγκης
2966 2978 3055 3025 καὶ
3107 2974 3291 3024 τούτου
3355 2976 3548 3044 τρίτον·
3609 2968 3790 3029 ἐπειδὴ
3874 2973 3922 3022 ἐν
3981 2969 4176 3041 ἑτέραις

769 3035 1137 3137 triangulum
1167 3058 1861 3131 eﬂicietzequiangulum
1894 3063 1951 3114 et
1983 3060 2422 3132 sequilaterum,
2460 3035 2499 3091 (ἶ

2460 3035 2499 3091 C
2537 3035 2622 3127 ter
2658 3035 2860 3127 autem
2887 3070 3093 3126 circuit
3123 3072 3166 3136 Ο
3199 3071 3255 3138 S,
3290 3070 3362 3124 sit
3387 3035 3555 3125 latus
3608 3068 3888 3138 trianguli
3941 3069 3982 3122 C
4137 3069 4203 3123 ll.

769 3157 938 3233 (Ιαοά
958 3156 1007 3211 εί
1034 3153 1140 3226 (Ini
1166 3158 1284 3208 “es
1323 3149 1650 3204 diame‘ros
1686 3148 1744 3203 in
1801 3147 2089 3203 Circu‘um
2130 3153 2423 3221 τοιηυετιι-
2541 3160 2761 3216 Eodem
2792 3160 2975 3216 modo
3007 3159 3300 3214 diameter
3325 3158 3528 3214 circuli
3554 3160 3601 3212 M
3637 3160 3678 3213 U
3707 3173 3844 3229 quae
3872 3157 4090 3212 eadem
4119 3161 4206 3211 est

769 3248 1003 3306 tertiam
1030 3247 1262 3316 partem
1282 3236 1774 3294 circumferentia;
1815 3246 2001 3308 ponat
2047 3237 2249 3293 circuli
2304 3237 2427 3294 dia-

2535 3249 2690 3305 latus
2722 3249 3001 3318 trianguli
3031 3253 3075 3302 A
3103 3250 3195 3303 BC
3228 3247 3302 3302 sit
3327 3246 3483 3303 latus
3515 3245 3796 3317 trianguli
3822 3251 3866 3302 Α
3896 3247 4007 3301 BO.
4045 3247 4205 3310 Quo-

769 3341 1049 3402 metrum,
1082 3330 1244 3387 idem
1268 3343 1474 3384 rursus
1496 3325 1708 3381 redib“
1749 3325 2023 3381 οίΡουῙυεο
2537 3338 2702 3393 niam
2733 3337 2912 3406 igitur
2959 3335 3248 3391 diameter
3298 3341 3383 3390 est
3436 3334 3606 3390 tertia
3657 3349 3801 3406 pars
3847 3333 4028 3388 totius
4085 3333 4204 3387 cir-

840 3431 893 3482 5-
927 3426 1001 3478 At
1037 3421 1199 3477 idem
1238 3418 1352 3473 hoc
1381 3431 1506 3471 non
1554 3414 1736 3470 habet
1758 3414 1959 3471 locum
2009 3416 2070 3470 in
2105 3415 2426 3487 ῐτὶθοευιο,
2539 3425 3168 3482 cumcurrentislineae
3200 3423 3422 3490 circuli,
3449 3428 3752 3479 estautem
3783 3429 3827 3478 A
3851 3421 4206 3477 Bdiameter

767 3532 914 3573 nam
935 3512 1108 3570 tertia.
1125 3525 1266 3582 pars
1293 3505 1595 3579 perimetri
1622 3510 1726 3560 aut
1765 3504 1923 3562 linea
1982 3508 2430 3579 perpendicula-
2540 3515 2742 3572 circuli
2771 3517 2820 3571 Μ
2848 3516 2912 3586 Η,
2942 3519 2998 3571 et
3045 3513 3200 3571 latus
3230 3512 3509 3585 trianguli
3541 3514 3590 3566 Α
3613 3512 3656 3565 Β
3688 3513 3757 3578 C;
3814 3515 3903 3567 est
3953 3526 4207 3584 quoque

768 3605 849 3660 ris
869 3600 1102 3675 aequale
1125 3596 1489 3667 triangulum
1518 3595 1568 3650 ei
1591 3595 1758 3667 quod
1787 3595 1854 3651 tit
1883 3612 1956 3650 ex
1993 3596 2184 3668 ipsius
2207 3597 2428 3653 diame-

769 3700 859 3752 tro
881 3709 1004 3750 non
1025 3689 1414 3752 constituunt,
1441 3686 1549 3741 sed
1580 3686 1800 3756 majus.
1821 3688 2013 3751 Quare
2056 3689 2349 3758 majorem
2375 3693 2433 3744 et

769 3783 1050 3839 minorem
1083 3776 1365 3835 circulum
1403 3774 1689 3846 :itemque
1717 3774 1908 3844 majus
1934 3790 2004 3830 ac
2034 3776 2230 3830 minus
2254 3777 2433 3832 trian-

769 3871 974 3944 gulum
990 3870 1176 3925 latera
1197 3864 1392 3937 ipsius
1409 3861 1687 3931 efficient,
1705 3861 1960 3934 itemque
1981 3862 2273 3920 diameter
2299 3870 2353 3921 et
2370 3865 2434 3920 li-

766 3977 883 4018 nea
912 3952 1447 4033 perpendicularis.
1475 3954 1574 4007 Est
1614 3955 1816 4007 autem
1847 3951 1961 4006 hoc
1990 3953 2432 4025 inaequalitatis.

761 4055 845 4107 Ac
875 4049 950 4106 de
972 4047 1106 4105 aliis
1121 4043 1372 4118 quidem
1394 4039 1703 4110 triangulis
1727 4055 1849 4095 non
1877 4045 1969 4096 est
1996 4041 2164 4113 quod
2185 4042 2434 4100 demon-

765 4139 1112 4196 strationem
1125 4135 1503 4191 instituamus
1520 4147 1532 4196 ;
1551 4133 1750 4202 potest
1766 4130 1924 4185 enim
1938 4130 2240 4188 evidenter
2256 4134 2437 4188 anim-

765 4227 997 4286 adverti
1020 4227 1079 4282 in
1093 4221 1394 4293 triangulo
1407 4235 1644 4276 crurum
1662 4219 2003 4291 aequalium,
2024 4219 2082 4275 in
2100 4227 2434 4292 acutangu-

761 4320 823 4376 lo
845 4315 1143 4387 triangulo
1173 4313 1416 4369 obtuso.
1440 4309 1554 4366 Sed
1578 4324 1776 4381 operae
1799 4309 2056 4380 pretium
2078 4315 2166 4367 est
2186 4311 2436 4369 demon-

765 4413 952 4466 strare
982 4407 1044 4462 in
1085 4400 1383 4473 triangulo
1415 4398 2023 4472 mqualiumlaterum.
2060 4403 2435 4460 Demonstra-

763 4498 844 4554 tio
870 4500 1072 4553 autem
1103 4494 1163 4550 in
1201 4493 1365 4548 hunc
1391 4488 1642 4546 modum
1671 4488 2004 4545 conficitur.
2041 4493 2216 4547 Latus
2256 4493 2436 4549 trian-

764 4587 890 4660 guli
920 4591 977 4643 et
1006 4585 1322 4652 diameter,
1371 4596 1509 4653 quas
1563 4594 1669 4651 per
1721 4583 1992 4635 centrum
2041 4597 2111 4637 ac
2165 4583 2433 4640 medium

763 4677 948 4734 ducta
973 4679 1083 4742 est,
1126 4677 1183 4729 et
1237 4668 1755 4745 perpendicularis
1812 4669 1970 4725 linea
2008 4686 2132 4727 non
2170 4665 2435 4731 efﬁciunt

764 4765 1023 4838 aequales
1039 4761 1319 4830 circulos,
1346 4759 1451 4814 sed
1472 4757 1830 4830 inaequales,
1869 4759 1994 4815 imo
2028 4776 2224 4833 neque
2251 4763 2436 4818 trian-

764 4855 909 4928 gula
955 4853 1153 4910 eidem
1195 4848 1456 4921 aequalia
1494 4846 1750 4901 etﬁciun.
1798 4850 2038 4920 Oportet
2097 4850 2436 4910 describere

764 4943 1048 5016 trianguli
1078 4947 1134 4998 et
1165 4938 1367 4997 circuli
1405 4937 1660 5008 ﬁguram
1708 4953 1779 4994 ac
1813 4939 2125 4995 ostendere
2166 4941 2435 5015 insequa-

761 5035 852 5092 les
879 5049 1012 5090 esse
1053 5029 1310 5087 circulos
1342 5027 1448 5100 qui
1500 5041 1572 5082 ex
1621 5027 1806 5084 latere
1845 5029 2087 5100 tringuli
2111 5030 2433 5102 [diametro

765 5141 837 5182 ac
865 5123 1024 5180 linea
1045 5115 1533 5194 perpendiculari
1572 5115 1931 5174 efﬁciuntur.

836 5215 901 5270 in
928 5211 1228 5282 triangula
1251 5213 1298 5264 Α
1326 5207 1370 5262 Β
1403 5208 1444 5264 C
1473 5206 1734 5262 circulus
1763 5208 1812 5264 Μ
1834 5209 1877 5265 U
1901 5208 2292 5285 describatur,
2333 5215 2430 5272 sit-

763 5321 884 5380 que
914 5307 1189 5361 centrum
1221 5302 1283 5356 G.
1316 5299 1587 5371 Itemque
1639 5297 1866 5354 circum
1895 5299 2257 5359 diametrum
2328 5308 2366 5360 Β
2393 5309 2430 5361 Ιεέ

765 5394 1023 5454 circulus
1053 5396 1094 5451 Χ
1129 5394 1166 5449 L
1190 5391 1446 5448 ducatur
1478 5391 1672 5498 sitque
1723 5393 1994 5447 centrum
2036 5395 2102 5449 N.
2163 5397 2429 5469 Itemque

2537 5412 2880 5472 necessario
2894 5412 3407 5471 circumcurrentis
3423 5413 3597 5470 lineae
3611 5413 3782 5471 tertia
3810 5428 3976 5487 pars.
4002 5415 4209 5480 Quan-

765 5489 993 5546 circum
1024 5479 1587 5557 perpendicularem
1617 5476 1842 5535 lineam
1873 5481 1912 5537 C
1939 5484 1999 5552 C,
2031 5483 2292 5543 circulus
2323 5489 2367 5554 Ο
2393 5489 2429 5542 S

2537 5501 2868 5576 doquidem
2897 5505 2960 5560 in
2987 5505 3118 5561 aliis
3143 5503 3479 5578 aequalibus
3509 5476 3959 5561 lateribus.hoc
3996 5476 4209 5578 ipsum

765 5572 1804 5670 ἀθεοτίξξθιίυξν*δίᾟυῖθθηίιξυω,ἢ
1843 5571 2034 5670 PEth
2085 5592 2230 5670 9’80
2286 5581 2332 5634 Α
2386 5582 2430 5635 Β
2535 5571 2721 5649 hauet
2742 5571 3275 5668 locum.quoniain
3301 5597 3406 5651 AB
3460 5597 3500 5652 C
3557 5593 3789 5668 perﬁcit
3825 5571 4210 5667 triangulum

767 5666 1009 5738 tringuli
1029 5670 1076 5722 Α
1103 5668 1146 5724 B
1165 5667 1204 5721 C
1242 5663 1318 5760 sit
1354 5660 1649 5760 diameter
1678 5660 1950 5760 circuli]!
1977 5665 2020 5722 U
2050 5671 2108 5724 et
2140 5669 2431 5730 diameter

2535 5685 2583 5737 Α
2615 5684 2655 5738 Β
2682 5684 2742 5753 C,
2760 5660 3104 5744 necessario
3121 5690 3166 5742 A
3197 5686 3241 5741 Β
3263 5660 3732 5744 άὶαωοιθιιἸεῑιιε
3755 5660 4213 5758 ασοοωξωεῇο-

767 5760 810 5850 Β
839 5757 883 5813 Ε
904 5755 1107 5814 circuli
1197 5753 1247 5850 _L
1275 5751 1349 5850 sit
1367 5749 1525 5850 {aliis
1547 5749 1787 5850 triligilli
1817 5753 1860 5808 E
1887 5756 1979 5850 ΠΒ-
2114 5760 2431 5850 ,Ρι-ωιοτθα
2534 5786 2667 5831 rem
2694 5749 2988 5835 circulum
3016 5776 3380 5836 constituent
3427 5790 3620 5850 quam
3668 5773 3789 5833 sint
3841 5774 3926 5832 illi
3972 5749 4210 5847 circuli,

767 5849 813 5908 G
842 5849 884 5908 C
919 5840 1434 5923 perpendicularis
1459 5839 1621 5904 linea
1643 5839 1928 5916 trianguli
1949 5847 2000 5906 Δ
2023 5843 2069 5903 Β
2098 5848 2156 5924 C,
2206 5852 2430 5920 diame.

2533 5862 2644 5938 qui
2670 5863 2900 5929 circum
2928 5865 3210 5945 trianguli
3235 5839 3802 5948 perpendich
3823 5864 4081 5942 lineam,
4103 5839 4213 5932 aut

2624 3723 4113 5283 ρ

2665 4740 3755 5346 4,;4,
3796 4790 4163 5090 ,ρ
