4444 6452
225 427 358 483 1385

247 567 388 610 ισαις

249 634 541 707 ἀναγκαίως
575 639 599 693 ἡ
643 645 732 687 του
777 644 812 688 Α
838 642 873 687 Β
911 642 946 688 Γ
980 642 1014 686 Α
1055 643 1090 687 Β
1139 633 1420 710 διάμετρος
1477 639 1682 688 τεθεῖσα
1734 641 1851 708 μεί-

250 729 372 788 ζονα
444 725 629 776 κύκλον
696 729 985 781 συνέστησε
1030 733 1136 786 τοῖς
1182 734 1273 776 τού
1323 731 1575 798 τριγώνου
1631 727 1850 777 καθέτου

246 819 334 866 καὶ
395 810 680 886 διαμέτρου
751 817 1236 886 συσταθπσομένοις
1309 815 1512 874 κύκλοις
1576 819 1662 865 τὸν
1690 820 1738 866 Μ
1773 821 1848 867 ψ’

247 900 353 955 ἐπεὶ
421 899 480 955 δὲ
510 904 538 960 ἠ
576 908 612 954 Γ
643 909 683 955 ll
715 905 929 965 κάθετος
983 903 1074 955 ούκ
1133 907 1222 961 ’ίση
1277 911 1337 973 τῇ
1371 910 1407 956 Α
1443 910 1476 954 Β
1503 903 1700 977 πλευρᾴ
1737 901 1850 954 κατ’

244 990 472 1056 ἥαττον,
528 994 639 1044 ἔστι
721 989 779 1044 δὲ
843 996 932 1044 καὶ
987 992 1118 1050 αὕτη
1178 989 1450 1066 διάμετρος
1496 1001 1587 1044 τοῦ
1625 999 1666 1045 Π
1700 1000 1731 1044 Σ
1765 994 1854 1044 κύ-

245 1080 391 1150 κλου,
429 1080 717 1152 ἀναγκαίως
770 1080 881 1133 ἐστὶ
931 1086 1019 1133 καὶ
1067 1082 1299 1142 ὁκύκλος
1360 1083 1418 1133 οὗ
1492 1083 1622 1139 αὕτη
1674 1078 1853 1154 διάμε-

245 1187 366 1241 τρος
423 1176 463 1221 Π
494 1177 547 1234 Σ,
598 1169 712 1222 κατ’
768 1171 977 1221 ἥαττον
1035 1173 1212 1230 οἰνισος
1263 1178 1333 1239 τῷ
1383 1175 1498 1223 ΜΦ
1557 1170 1747 1241 κύκλῳ,
1793 1170 1852 1223 οὗ

250 1255 525 1334 διάμετρος
583 1261 612 1316 ἡ
668 1265 790 1324 ΑΒ,
868 1264 954 1311 καὶ
1029 1264 1086 1312 τὸ
1148 1262 1462 1334 α’ραΓΜΘ
1508 1266 1751 1333 τρίγωνον
1826 1259 1851 1311 ὁ

249 1348 278 1406 ἡ
316 1354 350 1398 Α
386 1350 656 1408 Γκάθιτος
741 1353 830 1399 καὶ
912 1345 1209 1421 διάμετρος,
1271 1357 1362 1400 τού
1396 1357 1431 1401 Α
1469 1355 1503 1401 Β
1537 1355 1572 1400 Γ
1598 1354 1850 1421 τριγώνου

250 1442 339 1489 καὶ
371 1445 462 1489 τού
517 1443 558 1489 Π
589 1444 620 1489 Σ
653 1435 866 1505 κύκλου,
925 1437 1118 1509 πλευρα
1170 1443 1442 1509 γεναμένη,
1514 1441 1850 1504 συνέστησεν,

251 1529 428 1580 οῖνισόν
470 1526 600 1595 ἐστι,
651 1526 765 1578 κατ’
814 1527 1018 1578 ἔλαττον
1074 1522 1132 1579 δε
1189 1536 1278 1579 τον
1314 1535 1349 1580 Α
1386 1535 1420 1580 Β
1459 1534 1495 1580 Γ
1547 1536 1800 1602 τριγώνου
1836 1550 1848 1564 ι

251 1618 304 1667 αἱ
359 1619 456 1689 γαρ
509 1615 723 1687 πλευραὶ
771 1616 1135 1667 ὑποτείνουσαι
1195 1615 1437 1680 ἀλλήλας,
1489 1617 1697 1688 μεὶζους
1739 1617 1854 1669 ἐαυ-

248 1705 333 1761 τας
364 1710 453 1761 τῆς
505 1699 788 1776 διαμέτρου
838 1709 926 1756 καὶ
983 1707 1201 1756 καθέτου
1256 1713 1468 1756 ποιούσι
1525 1704 1699 1774 πάλιν,
1745 1705 1855 1766 ἐπεὶ

250 1791 278 1847 ἡ
312 1797 461 1842 Βτού
515 1802 558 1846 Λ
601 1797 636 1844 Γ
689 1800 944 1866 τριγώνου
998 1795 1090 1846 ούκ
1147 1797 1238 1851 ἴση
1292 1802 1352 1866 τῇ
1417 1795 1601 1846 ἑαυτοῦ
1660 1795 1856 1867 πλευρᾲ

248 1883 284 1930 Β
316 1884 352 1931 Γ
407 1882 548 1932 ἔστιν
641 1882 768 1933 ὅπου
828 1880 887 1933 ἀν
934 1886 1159 1955 περάσῃ,
1224 1883 1268 1935 εἰ
1314 1887 1443 1954 μήτι
1486 1887 1621 1935 κατά
1678 1888 1733 1935 τὸ
1764 1891 1799 1936 Γ
1829 1887 1854 1937 6

249 1965 362 2020 ἐστι
433 1973 590 2041 πέρας
665 1978 759 2031 τῆς
824 1977 858 2022 Β
899 1977 935 2023 Γ
1000 1972 1243 2045 πλευρᾶς,
1303 1978 1390 2023 καὶ
1442 1980 1714 2044 γενήσεται
1766 1980 1853 2027 καὶ

251 2055 380 2115 αὕτη
429 2058 645 2133 πλευρὰ,
705 2061 730 2111 ὃ
794 2079 847 2112 τε
907 2066 996 2113 καὶ
1049 2081 1137 2113 του
1195 2069 1290 2122 τῆς
1336 2058 1619 2137 διαμέτρου
1646 2062 1848 2136 ἀποστῇ

250 2143 517 2218 ὀνόματος,
552 2149 750 2210 οἷνισος,
801 2150 913 2201 κατ’
953 2149 1159 2202 ὒαττον
1218 2149 1328 2203 ἐστι
1353 2160 1446 2212 τῆς
1478 2158 1512 2202 Β
1554 2159 1584 2204 Σ
1610 2152 1851 2224 πλευρᾶς,

252 2235 483 2308 ὑπάρχει
512 2233 570 2289 δὲ
601 2239 631 2294 ἡ
679 2237 804 2296 αύτὴ
849 2244 938 2291 καὶ
991 2247 1083 2291 τού
1123 2247 1164 2293 Χ
1202 2245 1246 2293 Λ
1300 2240 1490 2292 κύκλου
1552 2238 1853 2314 διάμετρος,

256 2322 551 2396 ἀναγκαίως
603 2332 693 2378 καὶ
743 2329 768 2378 6
835 2336 878 2380 Χ
913 2336 956 2381 Δ
1014 2329 1198 2389 κύκλος
1256 2331 1433 2390 οἶνισος
1479 2331 1594 2382 κατ’
1649 2332 1855 2384 ἔλαττον

258 2413 367 2467 ἐστι
423 2426 493 2486 τῷ
523 2423 573 2468 Μ
605 2424 642 2470 Φ
665 2417 836 2489 κύκλῳ
893 2418 954 2470 οὗ
1004 2415 1285 2492 διάμετρος
1311 2421 1339 2478 ἡ
1375 2427 1411 2474 Α
1446 2427 1482 2472 Β
1507 2443 1517 2453 ·
1549 2422 1578 2478 ἡ
1630 2425 1730 2493 γὰρ
1763 2428 1798 2473 Β
1823 2426 1859 2474 Γ

257 2507 347 2564 ἴση
420 2509 578 2580 ταύτῃ
645 2505 778 2576 ἔστι,
855 2513 945 2560 καὶ
1030 2513 1086 2560 τὸ
1150 2511 1254 2582 ἄρα
1286 2517 1443 2562 ΕΒΖ
1487 2515 1734 2585 τρίγωνον
1766 2511 1791 2563 ὁ
1825 2512 1854 2569 ἠ

257 2600 400 2653 κοινὴ
460 2592 757 2669 διάμετρος,
806 2605 898 2648 τού
940 2604 978 2650 Α
1013 2597 1055 2650 Β
1088 2604 1124 2650 Γ
1151 2605 1404 2672 τριγώνου
1462 2606 1551 2652 καὶ
1603 2609 1694 2652 τού
1735 2608 1782 2655 Χ
1815 2605 1860 2653 Λ

257 2684 447 2737 κύκλου
518 2686 711 2760 πλευρά
768 2691 1039 2758 γεναμένη,
1120 2692 1436 2747 συνέστησεν
1494 2691 1672 2742 οἰνισον
1725 2689 1858 2760 ἐστι,

258 2774 372 2826 κατ’
414 2773 623 2826 ἔλαττον
653 2771 731 2843 δὲ,
763 2784 835 2845 τῷ
867 2781 913 2832 Α
945 2783 979 2827 Β
1005 2782 1043 2828 Γ
1073 2783 1307 2851 τριγώνῳ
1366 2778 1537 2830 ’πάλιν
1584 2775 1642 2832 δὲ
1671 2781 1700 2838 ἡ
1746 2777 1862 2832 διοί-

260 2883 440 2938 μετρος
488 2872 580 2916 τοῦ
619 2871 669 2917 Μ
701 2864 913 2934 κύκλου,
973 2862 1151 2924 ἐπειδὴ
1209 2872 1295 2919 καὶ
1349 2868 1544 2939 πλευρά
1601 2867 1714 2921 ἐστι
1773 2877 1862 2922 τοῦ

257 2957 357 3010 AB
389 2960 426 3006 Γ
478 2960 753 3028 τριγώνου,
807 2959 899 3018 τὰς
960 2962 995 3008 Β
1025 2963 1133 3010 ΩΑ
1163 2965 1211 3009 Ω
1253 2957 1476 3034 πλευρὰς
1521 2963 1642 3021 ἴσας
1696 2962 1859 3034 ταύτῃ

1107 421 1462 479 THEODORI
1499 421 1546 478 Il
1584 419 1719 478 IMP.
1763 422 1852 478 DE
1893 421 2352 479 COMMUNIONE
2390 420 2766 479 THEODORI.

473 548 634 620 ταύτῃ
686 553 723 601 Α
758 553 793 599 Β
825 551 862 599 Γ
909 545 1184 620 ἀπαρτίζει
1237 552 1294 599 τὸ
1354 552 1603 621 τρίγωνον
1654 557 1695 602 Α
1729 553 1848 615 ΒΓ,
1909 545 1952 598 Α
2017 546 2269 610 λαϐοῦσα,
2330 547 2382 611 ἐξ
2434 547 2663 618 ἀνάγκης
2722 553 2793 615 τῷ
2851 543 2910 598 οὗ
2965 545 3178 618 πλευρὰ,
3239 543 3351 598 ἴσον
3404 543 3619 604 ἐποίησε

3506 421 3643 478 1386

2013 640 2258 707 τρίγωνον
2302 644 2374 705 τῷ
2447 643 2479 688 Α
2511 643 2629 692 ΒΩ.
2663 640 2760 687 Καὶ
2806 633 2912 686 ἐπεὶ
2966 639 3136 685 τοίνυν
3192 635 3220 691 ἡ
3268 640 3305 686 Α
3334 639 3368 684 Β
3423 633 3619 706 πλευρὰ

2014 725 2203 794 μειζών
2234 723 2347 776 ἐστὶ
2392 732 2485 786 τῆς
2516 729 2615 774 ΒΓ
2668 723 2799 793 (sic)
2855 719 3139 796 διαμέτρου
3200 726 3289 772 καὶ
3342 722 3474 779 αὕτη
3527 730 3618 782 τῆς

2017 819 2057 864 Η
2092 818 2128 864 Γ
2184 815 2419 879 καθέτου,
2490 813 2737 870 ἐπίστησι
2813 809 2892 878 δὲ,
2979 813 3007 868 ἡ
3061 815 3151 882 μὲν
3199 817 3237 863 Α
3271 816 3308 862 Γ
3359 814 3446 862 τὸν
3478 818 3525 863 Μ
3555 818 3615 878 Φ,

2016 901 2043 957 ἡ
2078 897 2202 953 (il-:13
2231 901 2274 954 Ε
2301 905 2386 953 τὸν
2416 907 2462 953 Χ
2489 906 2554 968 Λ,
2588 903 2615 959 ἡ
2661 896 2718 953 δὲ
2750 906 2789 952 ll
2825 905 2861 952 Γ
2888 903 2972 952 τὸν
3006 905 3046 952 ll
3076 907 3132 967 Σ,
3168 897 3461 970 ἀναγκαίως
3489 905 3538 952 Μ
3579 903 3617 952 Φ

2014 993 2204 1062 μείζων
2231 991 2342 1044 ἐστὶ
2382 1000 2472 1044 τού
2509 999 2553 1045 Χ
2587 997 2656 1059 Λ,
2687 991 2826 1043 καὶό
2863 996 2902 1043 Κ
2943 997 2977 1042 Δ
3000 997 3091 1041 τού
3125 996 3165 1041 ll
3199 996 3250 1053 Σ,
3304 990 3478 1059 ¹καθὼς
3528 993 3621 1041 καὶ

2015 1081 2076 1142 ἃς
2132 1080 2511 1155 προσελάϐοντο
2576 1083 2767 1152 ἔχουσι
2807 1077 3136 1152 ὃιαμὲτρους,
3177 1083 3266 1130 καὶ
3322 1079 3387 1129 τὰ
3443 1077 3616 1152 ἆραΑ

2015 1175 2052 1222 Β
2093 1175 2128 1222 Γ
2162 1177 2196 1224 Ε
2227 1177 2261 1222 Β
2286 1177 2323 1222 Ζ
2357 1177 2390 1222 Γ
2420 1177 2458 1222 ll
2493 1179 2537 1223 Θ
2564 1176 2784 1242 τρίγωνα
2836 1169 2996 1229 οὕτως
3043 1171 3260 1239 ἔχουσιν
3289 1186 3302 1201 ο
3333 1170 3402 1228 ὡς
3449 1171 3550 1240 γὰρ
3592 1168 3619 1218 6

2015 1265 2126 1313 ΜΦ
2154 1265 2278 1336 πρὸς
2307 1265 2457 1314 τὸνΧ
2494 1265 2646 1313 Λκαὶ
2678 1262 2742 1312 τὰ
2771 1264 2926 1312 ΑΒΓ
2983 1262 3108 1332 πρὸς
3141 1262 3198 1310 τὸ
3239 1265 3274 1310 Β
3307 1263 3342 1310 Ε
3372 1263 3431 1324 Ζ,
3465 1260 3529 1319 ὡς
3561 1255 3621 1310 δὲ

2016 1350 2185 1402 ὁΧΛ
2232 1353 2359 1424 πρὸς
2417 1353 2504 1402 τὸν
2539 1353 2746 1413 ΙΙΣ,τό
2781 1354 2947 1400 ΒΕΖ
2992 1352 3120 1422 πρὸς
3167 1351 3226 1400 τὸ
3285 1353 3390 1400 ΓΗ
3432 1349 3618 1408 Θοὼς

2017 1440 2119 1510 οῐρα
2144 1440 2334 1510 μείζων
2363 1441 2387 1490 6
2421 1446 2469 1491 M
2503 1445 2540 1490 ψ
2570 1446 2666 1490 τών
2695 1445 2740 1491 Χ
2773 1443 2814 1490 Λ
2843 1444 2881 1488 l1
2926 1445 2978 1498 Σ,
3013 1437 3147 1488 ούτω
3204 1440 3293 1488 καὶ
3345 1441 3402 1488 τὸ
3439 1443 3475 1490 Α
3517 1443 3553 1488 Β
3584 1440 3622 1488 Γ

2017 1535 2115 1578 τῶν
2151 1534 2310 1580 ΒΕΖ
2342 1533 2378 1580 Γ
2411 1535 2450 1580 Β
2485 1535 2550 1592 Θ,
2585 1546 2736 1599 μονον
2770 1523 2828 1578 δὲ
2878 1525 2990 1578 ἶσον
3033 1535 3104 1596 τῷ
3137 1533 3175 1580 Α
3207 1533 3242 1578 Β
3273 1531 3309 1578 Γ
3334 1529 3391 1578 τὸ
3425 1533 3463 1578 Α
3490 1532 3525 1577 Β
3552 1532 3617 1578 Ω.

2015 1616 2082 1670 Αἱ
2165 1626 2256 1668 τού
2335 1624 2585 1691 τριγώνου
2659 1618 2762 1689 ἄρα
2813 1615 3030 1690 πλευραὶ
3074 1619 3163 1667 καὶ
3219 1611 3496 1690 διάμετρος
3531 1619 3622 1667 καὶ

2017 1706 2246 1772 κάθετος,
2323 1707 2418 1758 ούκ
2499 1708 2640 1765 ἱσους
2688 1705 2903 1764 κύκλους
2965 1706 2994 1762 ἡ
3056 1707 3122 1756 τα
3177 1707 3404 1778 τρίγωνα
3453 1706 3623 1756 πάντα

2016 1802 2249 1856 ποιοῦσι,
2308 1798 2442 1847 κατα
2501 1798 2556 1847 τὸ
2619 1798 2823 1868 κέντρον
2873 1798 2962 1846 καὶ
3020 1797 3176 1866 μέσον
3224 1795 3622 1867 περατούμεναι,

2017 1885 2137 1957 όπερ
2162 1881 2267 1936 ἔδει
2300 1881 2487 1946 δεῖξαι.

2091 1974 2156 2039 ς’.
2211 1978 2341 2048 Πρὸς
2414 1977 2614 2035 τούτοις
2661 1970 2718 2026 δὲ
2782 1975 3019 2044 συγγενὲς
3071 1981 3168 2024 τῶν
3229 1970 3511 2046 λεγομένων
3556 1975 3626 2034 ὡς

2018 2063 2296 2134 ἀναγκαῖον
2342 2068 2575 2136 κρίνομεν
2619 2060 2788 2125 δεῖξαι
2831 2065 3002 2135 ὅτιπερ
3034 2068 3135 2114 πᾶν
3189 2067 3435 2136 τρίγωνον
3474 2066 3531 2114 τὸ
3570 2061 3625 2113 ἐκ

2023 2162 2116 2216 τῆς
2178 2162 2268 2205 τού
2351 2153 2541 2205 κύκλου
2611 2148 2895 2226 διαμέτρου
2953 2155 3304 2224 καταγραφὲν,
3358 2155 3416 2204 τὸ
3458 2152 3625 2224 ἣμισυ

2019 2240 2246 2316 ἐμϐαδὸν
2277 2242 2498 2314 περιέξει
2533 2241 2689 2314 οὗπερ
2736 2242 2848 2313 ἔχει
2905 2237 3185 2313 διάμετρον
3239 2240 3430 2292 κύκλου
3476 2241 3627 2293 πλευ·

2018 2329 2280 2408 ραν,ὃὸ“ὴ
2319 2332 2507 2403 εύγενὶς
2542 2332 2773 2403 ὑπάρχει
2833 2332 3076 2405 θεώρημα
3136 2333 3266 2406 πρὸς
3329 2333 3385 2382 τὸ
3455 2327 3628 2392 δεῖξαι

2021 2424 2097 2474 ὅτι
2158 2423 2182 2473 6
2235 2421 2420 2482 κύκλος
2481 2417 2773 2472 διπλασίων
2848 2421 2960 2471 ἐστὶ
3008 2427 3100 2471 τοῦ
3159 2417 3260 2471 ἀπὸ
3319 2426 3413 2480 τῆς
3466 2420 3627 2471 αύτοῦ

2024 2509 2308 2584 διαμέτρου
2357 2513 2771 2585 καταγραφέντος
2821 2514 3072 2584 τριγώνου
3155 2507 3480 2584 ἰσοπλεύρου·
3547 2515 3630 2561 Δεῖ

2024 2599 2083 2654 δὲ
2140 2601 2326 2653 κύκλον
2365 2600 2592 2676 γράψαι,
2647 2604 2738 2651 καὶ
2787 2597 2960 2651 λαϐεῖν
3000 2602 3094 2657 τὴν
3139 2598 3300 2650 αὐτοῦ
3351 2595 3629 2673 διάμετρον

2023 2696 2113 2743 καὶ
2142 2697 2396 2764 τριγώνου
2423 2692 2584 2742 θεῖναι
2621 2688 2864 2762 πλευρὰν,
2909 2693 2996 2740 καὶ
3055 2695 3324 2746 συστῆσαι
3368 2687 3512 2750 αύτὸ,
3542 2692 3632 2741 καὶ

2027 2777 2197 2843 δεῖξαι
2223 2781 2302 2832 ὅτι
2325 2775 2605 2839 διπλάσιος
2660 2776 2799 2830 ἐστιν
2856 2777 3018 2830 ἀύτού
3066 2778 3092 2830 6
3139 2776 3346 2843 κύκλος,
3403 2776 3463 2829 οὗ
3521 2778 3634 2849 ἔχει

2029 2867 2308 2945 διάμετρον
2355 2868 2577 2943 πλευρὰν
2636 2875 2674 2938 ῷ
2736 2873 2756 2921 I
2809 2871 3000 2942 κέντρῳ
3055 2886 3069 2900 ο
3115 2866 3303 2928 κύκλος
3355 2867 3634 2941 γεγράφθω

2029 2961 2054 3012 6
2087 2966 2130 3013 Π
2159 2967 2204 3014 Θ
2237 2955 2574 3030 διαστήμασι
2617 2976 2728 3020 τοις
2778 2963 2818 3010 Α
2841 2962 2876 3008 Β
2907 2963 2946 3008 Τ
2967 2963 3014 3009 Ω
3035 2961 3078 3009 ΙΙ
3109 2962 3158 3010 Χ
3183 2975 3195 2990 ο
3232 2953 3635 3028 ἔπιζεύχθωσαν

233 3129 592 3190 diametrum
614 3133 961 3192 ductalinea
991 3135 1348 3196 efﬁciuntur.
1369 3135 1665 3204 Quoniam
1689 3144 1890 3198 autem
1930 3136 1969 3193 C
2001 3143 2045 3196 Α
2071 3141 2110 3196 Β
2142 3137 2430 3196 circulum
2470 3138 2520 3192 Μ
2576 3137 2643 3201 U,
2686 3133 2978 3192 diameter
3021 3150 3163 3191 vero
3210 3135 3248 3191 Β
3279 3136 3321 3190 Ε
3373 3133 3664 3193 circulum

232 3221 389 3279 linea
414 3225 927 3296 perpendicularis
950 3231 992 3283 (ὲ
1021 3229 1060 3285 C
1083 3242 1206 3283 non
1229 3235 1314 3284 est
1344 3229 1592 3302 aequalis
1632 3230 1747 3302 ipsi
1776 3233 1888 3300 ΑΒ,

233 3315 322 3370 est
349 3316 552 3370 autem
582 3313 871 3371 diameter
893 3316 1162 3383 circuliQ
1203 3318 1258 3385 S,
1310 3318 1652 3376 necessario
1711 3321 1894 3376 circu-

233 3402 470 3473 lusQS,
541 3403 712 3475 cujus
762 3409 849 3462 est
922 3407 1054 3478 ipsa
1111 3407 1424 3474 diameter,
1457 3408 1564 3464 erit
1603 3410 1800 3465 minor
1837 3414 1895 3466 et

232 3491 546 3565 inaequalis
575 3493 863 3550 circuloM
885 3496 950 3560 U,
979 3496 1152 3567 cujus
1194 3496 1484 3554 diameter
1509 3502 1596 3554 est
1624 3499 1738 3553 AB.
1773 3497 1892 3554 Tri-

234 3582 524 3653 angulum
551 3597 692 3653 ergo
722 3584 767 3637 G
799 3587 840 3640 Β
867 3584 927 3652 C,
979 3587 1151 3658 cujus
1183 3587 1343 3643 linea
1381 3588 1894 3660 perpendicularis

233 3677 386 3729 estA
417 3673 474 3738 C,
495 3678 552 3729 et
579 3673 870 3730 diameter
886 3675 1164 3746 trianguli
1189 3681 1232 3732 Α
1267 3681 1304 3732 Β
1340 3679 1378 3731 C
1405 3683 1460 3734 et
1512 3678 1715 3734 circuli
1757 3681 1800 3745 Ο
1836 3681 1892 3745 S,

234 3761 444 3818 effecta
465 3761 642 3829 latus,
659 3765 960 3820 censtituit
977 3765 1340 3835 triangulum
1355 3767 1670 3840 inaequale,
1705 3774 1760 3824 et
1785 3768 1895 3824 mi-

233 3868 349 3908 nus
378 3852 675 3921 triangulo
695 3856 743 3908 A
776 3855 813 3907 Β
833 3857 891 3910 C.
909 3857 1055 3911 Nam
1083 3871 1218 3928 quae
1233 3856 1419 3913 latera
1437 3858 1710 3913 substern
1724 3864 1899 3914 untur

235 3940 351 3996 sibi
377 3941 630 3996 invicem
659 3942 790 4014 ipsa
821 3942 1054 4013 majora
1103 3960 1164 4000 se
1224 3941 1487 4002 efficiunt
1519 3945 1813 4002 diametro
1845 3952 1901 4003 ct

233 4030 391 4087 linea
411 4032 905 4104 perpendiculari.
939 4036 1162 4112 Rursus
1202 4035 1491 4106 quoniam
1544 4038 1581 4090 Β
1621 4036 1901 4105 trianguli

237 4123 284 4175 A
313 4121 349 4175 Β
379 4123 418 4177 C
440 4137 562 4176 non
591 4135 661 4176 eo
681 4137 871 4194 usque
892 4123 1266 4194 protenditur
1299 4130 1361 4178 ut
1382 4125 1453 4180 sit
1479 4125 1707 4197 aequale
1735 4126 1901 4181 lateri

237 4211 361 4281 BC,
388 4210 618 4266 eritubi
667 4213 1031 4284 tcrminetur,
1081 4213 1128 4268 si
1186 4214 1394 4269 nonin
1434 4215 1472 4269 C
1528 4216 1896 4283 terminatur,

239 4299 342 4371 qui
373 4303 460 4354 est
489 4299 782 4354 terminus
822 4299 1019 4356 lateris
1052 4301 1092 4353 Β
1143 4304 1204 4358 C.
1260 4302 1701 4358 Terminabitur
1759 4319 1901 4374 ergo

237 4390 296 4446 in
340 4391 400 4455 E,
434 4392 489 4443 et
527 4389 627 4445 tiet
655 4389 832 4456 latus,
877 4389 1178 4462 siquidem
1222 4406 1444 4447 nomen
1485 4393 1757 4449 diametri
1781 4410 1898 4449 non

235 4477 506 4543 retineat,
550 4478 775 4549 eritque
817 4478 1129 4550 inaequalis
1179 4485 1235 4535 et
1284 4480 1479 4536 minor
1518 4480 1700 4536 latere
1755 4485 1793 4536 Β
1843 4485 1900 4538 (1.
1937 4503 1979 4556 ι)

238 4567 336 4621 Est
364 4572 564 4621 autem
600 4569 636 4620 Β
675 4569 713 4621 Ε
745 4567 1035 4623 diameter
1065 4569 1268 4624 circuli
1331 4571 1370 4624 X
1422 4572 1458 4625 L
1498 4585 1511 4635 ;
1561 4571 1902 4627 necessario

237 4655 418 4725 igitur
447 4655 704 4712 circulus
734 4659 773 4713 X
811 4658 852 4711 L
873 4659 982 4714 erit
1017 4659 1334 4732 inaequalis
1366 4666 1422 4716 et
1453 4661 1649 4716 minor
1680 4661 1902 4717 circulo

241 4749 290 4803 Μ
320 4747 363 4802 U
394 4745 568 4816 cujus
598 4745 888 4802 diameter
905 4753 992 4804 est
1021 4750 1067 4802 Α
1123 4750 1161 4803 Β
1191 4766 1204 4816 ;
1247 4764 1389 4805 nam
1420 4749 1578 4806 linea
1619 4753 1656 4805 Β
1699 4753 1737 4808 C
1765 4751 1903 4808 huic

241 4835 493 4908 aequalis
515 4841 620 4904 est,
651 4841 708 4892 et
731 4837 1098 4908 triangulum
1128 4839 1308 4909 igitur
1338 4842 1376 4894 Ε
1405 4842 1443 4895 Β
1485 4843 1522 4895 F
1560 4841 1727 4912 quod
1778 4841 1905 4897 dia-

241 4931 430 4982 meter
454 4925 715 4982 circuliX
746 4929 782 4982 L
812 4927 969 4982 latus
1026 4927 1241 4984 effecta
1283 4930 1588 4985 constituit
1631 4934 1721 4985 est
1772 4930 1906 4986 inae-

241 5015 422 5089 quale
445 5019 502 5071 et
531 5016 729 5072 minus
769 5017 1061 5087 triangulo
1093 5021 1140 5072 A
1165 5021 1202 5073 Β
1230 5019 1292 5076 C.
1347 5021 1570 5075 Rursus
1617 5019 1907 5075 diameter

243 5105 519 5162 circuliM
581 5108 643 5174 U,
695 5108 987 5180 quoniam
1038 5107 1218 5164 etiam
1274 5109 1433 5165 latus
1478 5114 1570 5165 est
1625 5109 1908 5182 trianguli

245 5201 291 5252 Α
323 5198 360 5251 Β
378 5197 436 5263 C,
459 5198 788 5269 assumptis
811 5197 1102 5254 lateribus
1129 5201 1166 5254 Β
1189 5200 1255 5266 Ο,
1277 5203 1322 5255 Α
1341 5200 1406 5265 0,
1425 5199 1786 5271 aequalibus,
1804 5217 1908 5256 ne-

243 5284 500 5341 cessario
531 5285 834 5342 constituit
863 5285 1231 5357 triangulum
1290 5289 1338 5342 A
1371 5291 1409 5343 Β
1465 5290 1530 5356 O,
1591 5289 1823 5363 aequale
1855 5290 1909 5347 ei

243 5373 419 5446 cujus
444 5379 532 5431 est
559 5373 715 5432 latus
739 5381 786 5432 A
817 5378 875 5434 Β.
909 5379 974 5432 Et
1021 5377 1310 5450 quoniam
1333 5377 1488 5435 latus
1533 5381 1579 5433 A
1633 5380 1674 5432 Β
1711 5380 1910 5451 majus

244 5469 337 5522 est
356 5463 649 5522 diametro
673 5467 710 5521 Β
737 5467 798 5531 Ε,
832 5471 889 5523 et
920 5466 1121 5539 ipsum
1152 5472 1244 5524 est
1299 5483 1544 5542 quoque
1601 5469 1801 5541 majus
1848 5469 1910 5525 li-

244 5569 363 5613 nea
383 5555 862 5629 perpendiculari
893 5557 934 5613 G
968 5559 1026 5629 C,
1057 5557 1362 5615 constituit
1391 5562 1594 5616 autem
1623 5559 1914 5618 diameter

2003 3230 2125 3295 XL,
2180 3227 2792 3298 rursusjdiameterG
2826 3228 2865 3282 C
2900 3224 3194 3281 circulum
3245 3226 3288 3291 Ο
3347 3226 3384 3280 S
3443 3241 3458 3281 :
3509 3229 3666 3282 certe

1999 3335 2109 3393 pro
2128 3318 2356 3375 ratione
2370 3316 2803 3372 diametrorum
2817 3315 3116 3385 triangula
3129 3321 3171 3370 A
3188 3317 3225 3369 Β
3242 3315 3333 3370 CE
3364 3317 3403 3370 Β
3421 3317 3461 3372 F
3485 3316 3523 3370 C
3545 3318 3586 3371 G
3621 3314 3666 3369 Η

2004 3425 2066 3464 se
2091 3407 2430 3464 habebunt.
2478 3407 2544 3461 Ut
2570 3408 2729 3462 enim
2757 3421 2822 3462 se
2875 3404 3060 3462 habet
3115 3407 3164 3461 Μ
3212 3404 3358 3462 Uad
3407 3405 3449 3461 X
3480 3407 3540 3472 L,
3586 3405 3670 3462 ita

2003 3499 2179 3556 etiam
2207 3495 2569 3568 triangulum
2603 3500 2641 3550 A
2672 3497 2709 3550 Β
2729 3498 2766 3552 C
2789 3493 2867 3550 ad
2897 3493 3260 3565 triangulum
3287 3496 3322 3550 Β
3350 3496 3391 3549 Ε
3414 3496 3453 3551 F
3478 3509 3492 3550 :
3527 3498 3583 3551 et
3604 3498 3672 3552 ut

2004 3604 2066 3644 se
2087 3584 2540 3642 liabctcirculus
2571 3585 2611 3639 X
2640 3586 2677 3640 L
2709 3583 2788 3640 ad
2817 3583 3106 3640 circulum
3152 3585 3196 3650 Q
3245 3584 3301 3651 S,
3358 3583 3440 3641 ita
3487 3583 3669 3641 etiam

2005 3677 2368 3749 triangulum
2403 3679 2440 3730 Β
2473 3678 2512 3730 Ε
2543 3677 2579 3731 F
2619 3674 2699 3731 ad
2719 3673 3084 3746 triangulum
3129 3677 3169 3731 C
3201 3675 3242 3731 G
3293 3676 3358 3730 Η.
3405 3676 3476 3730 Ut
3529 3689 3670 3746 ergo

2005 3767 2201 3838 major
2223 3770 2314 3822 est
2365 3764 2622 3821 circulus
2657 3766 2706 3819 M
2739 3766 2782 3820 U
2810 3763 3043 3820 circulis
3068 3766 3108 3820 X
3133 3766 3170 3819 L
3193 3766 3237 3829 Ο
3261 3765 3317 3830 S,
3348 3763 3432 3820 ita
3486 3763 3672 3821 etiam

2009 3855 2373 3927 triangulum
2400 3860 2445 3911 Α
2473 3857 2509 3909 Β
2538 3857 2577 3911 C
2607 3854 2804 3925 majus
2829 3853 3246 3924 esttriangulis
3274 3856 3311 3907 Β
3333 3856 3371 3909 Ε
3395 3856 3454 3924 F,
3474 3855 3513 3911 C
3537 3855 3580 3910 G
3599 3854 3668 3911 Η.

2008 3946 2213 4001 Solum
2243 3960 2385 4000 vero
2418 3943 2782 4012 triangulum
2814 3949 2857 3998 Λ
2883 3946 2920 3998 Β
2941 3943 2982 3997 C
3011 3947 3099 3999 est
3127 3942 3672 4016 aequaletriangulo

2009 4037 2200 4092 ΑΒΟ.
2251 4032 2550 4104 Trianguli
2577 4049 2719 4104 ergo
2747 4033 2932 4089 latera
2963 4038 3020 4089 et
3066 4033 3360 4089 diameter
3414 4038 3470 4090 et
3514 4033 3675 4092 linea

2009 4123 2521 4197 perpendicularis
2542 4139 2659 4178 non
2681 4139 2892 4178 omnes
2906 4122 3160 4178 circulos
3190 4122 3454 4195 aequales
3475 4139 3674 4196 neque

2011 4214 2216 4270 omnia
2249 4212 2546 4280 triangula
2575 4214 2612 4266 Ε
2645 4211 2902 4285 aequalia
2925 4211 3208 4275 efﬁciunt,
3229 4227 3367 4267 cum
3406 4228 3513 4283 per
3543 4229 3677 4269 cen-

2011 4308 2170 4359 trum
2199 4303 2541 4359 etmedium
2564 4301 2867 4357 ducuntur
2925 4317 2996 4356 ac
3043 4301 3459 4370 terminantur,
3509 4301 3676 4374 quod

2013 4393 2276 4464 oportuit
2299 4390 2634 4446 ostendere.

2084 4486 2135 4536 6.
2167 4485 2454 4536 Praeterea
2479 4481 2557 4551 (t)
2587 4495 2782 4552 operae
2821 4479 3077 4552 pretium
3119 4478 3534 4536 existimamus
3585 4497 3680 4538 os-

2013 4569 2412 4626 tendereillud
2435 4569 2600 4642 quod
2633 4573 3061 4638 cognatumest
3084 4568 3302 4642 iisquae
3333 4569 3674 4643 suntdicta,

2013 4674 2232 4731 nempe
2259 4672 2438 4712 omne
2471 4657 2837 4726 triangulum
2891 4673 2963 4712 ex
3016 4656 3308 4713 diametro
3351 4658 3555 4714 circuli
3581 4658 3683 4715 de-

2014 4749 2302 4820 scriptum
2324 4745 2644 4802 dimidium
2685 4746 2947 4819 spatium
2987 4747 3493 4819 comprehendere
3549 4748 3682 4819 ejus

2015 4835 2295 4908 trianguli
2327 4835 2492 4908 quod
2514 4835 2696 4891 habet
2716 4850 2823 4907 pro
2847 4835 3050 4905 latere,
3070 4835 3273 4891 circuli
3291 4836 3680 4906 diametrum,

2015 4926 2181 5001 quod
2205 4941 2349 4981 sane
2379 4925 2688 4981 theorema
2715 4925 2914 4981 nobile
2936 4928 3045 4992 est,
3069 4930 3124 4981 et
3150 4925 3684 4982 accommodatum

2016 5017 2095 5074 ad
2135 5014 2580 5073 ostendendum
2619 5012 2910 5070 circulum
2949 5013 3174 5087 duplex
3231 5031 3362 5071 esse
3401 5014 3686 5086 trianguli

2017 5107 2342 5180 aequalium
2397 5104 2653 5162 laterum
2709 5121 2747 5161 a
2799 5105 3086 5162 subtensa
3124 5104 3328 5161 circuli
3388 5105 3686 5162 diametro

2018 5198 2317 5271 descripti.
2380 5197 2620 5270 Oportet
2663 5195 2844 5266 igitur
2891 5194 3182 5252 circulum
3243 5195 3582 5252 describere
3629 5199 3688 5253 et

2019 5304 2328 5346 assumere
2354 5287 2544 5359 ipsius
2566 5285 2949 5353 diametrum,
2980 5299 3051 5342 ac
3067 5301 3290 5359 ponere
3305 5285 3502 5358 ipsam
3523 5289 3590 5342 ut
3611 5286 3689 5343 sit

2019 5377 2304 5449 trianguli
2342 5377 2520 5446 latus,
2544 5381 2601 5434 et
2644 5377 2972 5434 constructi
3027 5375 3312 5446 trianguli
3368 5375 3688 5432 ostendere

2022 5468 2313 5527 circulum
2336 5483 2468 5524 esse
2498 5466 2775 5539 duplum,
2801 5466 2975 5538 cujus
3037 5465 3406 5538 triangulum
3451 5480 3562 5539 pro
3593 5464 3689 5523 la-

2023 5563 2144 5618 tere
2173 5559 2356 5617 habet
2381 5557 2764 5615 diametrum.
2793 5557 2860 5613 In
2884 5559 3133 5614 centro!
3173 5554 3432 5614 circulus
3466 5555 3691 5617 scriba-

321 5734 401 5810 (l)
442 5738 576 5797 Haec
605 5754 803 5814 usque
844 5737 923 5798 ad
953 5755 1124 5799 num.
1152 5742 1184 5798 7
1216 5756 1340 5802 non
1362 5744 1510 5817 puto
1540 5754 1675 5803 esse
1701 5739 1894 5819 ipsius
1926 5740 2208 5804 auctoris.
2241 5739 2386 5800 Vide
2411 5735 2848 5802 Praefationem.

503 5861 750 5926 Punon.
792 5866 895 5929 Gn.
933 5866 1081 5932 CXL.

3117 5865 3191 5926 44
