4444 6452
808 350 942 405 1387

2330 342 2567 396 ADDEN
2574 339 2687 395 DA.

4085 356 4111 405 1
4122 353 4229 409 388

830 476 999 524 τοίνυν
1049 470 1080 527 ἠ
1113 473 1217 521 ΤΗ
1246 473 1288 519 Η
1316 475 1353 521 Β
1382 472 1552 520 ΒΩΩ.
1579 470 1697 519 ΧΧ
1726 472 1765 518 Α
1801 469 1848 520 Α
1872 472 1912 517 Τ
1949 486 1959 496 ·
2003 464 2429 523 ἐκϐεϐλήσθωσαν
2491 468 2537 517 Α
2594 471 2660 528 Χ,
2694 469 2760 516 τὰ
2776 468 2967 538 ἡμίσεα
2997 471 3164 523 αὐτῶν
3197 480 3279 526 BI
3312 481 3353 525 Η
3386 477 3527 526 Ιῖσα
3576 473 3713 541 ἐστὶ,
3765 480 3853 526 καὶ
3900 479 3931 533 ἡ
3970 483 4004 527 Β
4028 483 4067 527 Η
4104 483 4197 533 ἴση

830 556 892 613 δὲ
915 561 971 613 αἰ
1000 565 1041 613 Δ
1071 563 1111 611 Τ
1143 563 1180 609 Β
1216 561 1260 608 H
1287 556 1379 619 ἕως
1400 559 1494 613 τὴν
1522 560 1578 622 Δ,
1640 558 1730 606 καὶ
1787 555 2178 613 συσταθήσεται
2221 558 2280 607 τὸ
2320 561 2359 607 Α
2394 562 2429 607 Β

1455 1715 1904 2069 η

821 2234 859 2281 Δ
909 2232 1159 2304 τρίγωνον
1214 2228 1540 2305 ἰσόπλευρον,
1602 2229 1893 2300 ἰσογώνιον,
1947 2230 2089 2283 Ἐπεὶ
2135 2232 2235 2302 γὰρ
2288 2233 2351 2290 ὡς
2389 2231 2419 2287 ὴ

820 2321 1006 2389 Ιμέση
1040 2316 1154 2370 ἐστὶ
1207 2326 1303 2380 τῆς
1338 2324 1379 2371 Α
1448 2323 1507 2387 Β,
1560 2318 1728 2379 οὕτως
1780 2324 1869 2370 καὶ
1915 2321 1945 2376 ἠ
1976 2324 2079 2371 HT
2134 2322 2268 2389 μέση
2323 2326 2422 2369 τῶν

813 2408 1153 2465 ΔΔΒΔοή
1213 2409 1576 2480 γάρΑΙῖση
1635 2406 1748 2459 ἐστὶ
1798 2409 2001 2479 τῇΙΤ,
2051 2404 2230 2465 ἐπειδὴ
2300 2414 2425 2459 ΤΩ

809 2499 905 2555 ἴση
929 2494 1043 2549 ἐστὶ
1067 2503 1130 2569 τῇ
1156 2503 1197 2551 Α
1221 2503 1277 2565 Β,
1312 2496 1421 2549 ἐπεὶ
1449 2493 1507 2549 δὲ
1557 2500 1615 2549 τὸ
1675 2502 1695 2550 Ι
1750 2501 1906 2569 μέσον
1955 2496 2066 2549 ἐστὶ
2118 2505 2209 2557 τῆς
2229 2516 2283 2548 τε
2311 2503 2350 2550 Α
2386 2503 2423 2548 Β

809 2590 901 2639 καὶ
930 2593 1026 2647 τῆς
1049 2592 1090 2638 Τ
1115 2592 1182 2655 Ω,
1213 2587 1278 2638 τά
1325 2587 1525 2658 ἡμίσεα
1564 2585 1731 2637 αὐτῶν
1760 2593 1801 2639 Α
1834 2590 1917 2638 ΙΤ
1950 2591 1969 2638 Ι
2000 2588 2095 2637 ἶσα
2152 2586 2282 2649 ἐστὶ,
2330 2590 2421 2637 καὶ

809 2678 841 2736 ἡ
876 2677 1099 2733 ΔΤῖση
1130 2672 1245 2726 ἐστὶ
1290 2680 1490 2746 τῇΙΤ,
1534 2671 1714 2732 ἐπειδὴ
1773 2677 1865 2732 ἴση
1914 2673 2025 2726 ἐστὶ
2061 2682 2123 2747 τῇ
2181 2677 2352 2733 ΑΒή
2386 2683 2421 2727 Δ

810 2774 873 2834 Δ,
900 2765 1035 2822 καὶή
1061 2771 1101 2817 Δ
1124 2766 1273 2823 Δῖση
1297 2763 1412 2816 ἐστὶ
1469 2771 1530 2836 τῇ
1558 2769 1597 2815 Α
1630 2770 1668 2816 Β
1713 2769 1803 2815 καὶ
1859 2771 1920 2836 τῇ
1952 2770 2046 2817 ΒΔ
2074 2786 2087 2798 ο
2144 2768 2279 2817 κατὰ
2333 2769 2419 2816 τὸν

808 2856 961 2909 αὐτὸν
984 2849 1043 2906 δί
1071 2852 1222 2924 λόγον
1250 2859 1341 2906 καὶ
1371 2855 1401 2912 ἡ
1425 2859 1462 2905 Β
1486 2858 1507 2906 Ι
1528 2856 1620 2911 ἴση
1645 2852 1758 2905 ἐστὶ
1783 2861 1844 2926 τῇ
1880 2858 1901 2905 Ι
1925 2860 1990 2923 Η,
2015 2851 2198 2913 ἐπειδὴ
2236 2857 2266 2913 ἡ
2306 2863 2351 2909 Χ
2377 2863 2418 2908 Η

806 2951 899 3005 ἴση
931 2940 1457 3015 ἓστὶτῇΒΑοὲπιὶ
1507 2938 1567 2995 δὲ
1596 2946 1897 3015 τὸΙμέσον
1948 2948 2061 2995 ιστὶ
2113 2951 2337 3005 τῆςΒΑ
2373 2952 2415 2997 Η

2593 551 2701 606 ἐστὶ
2732 564 2792 627 τῇ
2826 564 2934 623 IH,
2966 558 3145 620 ἐπειδὴ
3192 566 3283 620 ἴση
3341 561 3456 614 ἐστὶ
3512 570 3574 633 τῇ
3614 569 3649 613 Β
3679 570 3716 615 Α
3746 565 3773 620 ἡ
3809 573 3844 615 Δ
3874 570 3932 633 Β,
3980 570 4069 616 καὶ
4100 569 4130 623 ἡ
4165 572 4202 617 Β

2592 647 2748 701 Δῖση
2786 644 2896 697 ἐστὶ
2942 655 3129 719 τῇΒᾹ
3196 654 3283 701 καὶ
3324 652 3638 722 τῇΑΔ.Τά
3690 657 4200 720 γουνΛΤΙΒΗΙ

2590 733 2818 799 τρίγωνα
2860 727 2949 782 ἶσά
3000 732 3101 783 εἰσι
3140 739 3229 785 καὶ
3285 733 3565 807 ἰσόπλευρα
3621 738 3710 785 καὶ
3766 734 4048 805 ἰσογώνια·
4084 736 4199 786 ἑπι-

2591 817 2904 887 ζεύχθωσαν
2928 816 2987 872 δὲ
3023 830 3190 873 ταῦτα
3230 819 3323 873 διὰ
3375 830 3469 882 τῆς
3497 828 3537 873 Τ
3564 828 3629 883 Η,
3662 828 3750 874 καὶ
3803 826 4202 881 συσταθήσεται

2590 908 2647 956 τὸ
2679 912 2718 957 Τ
2747 914 2788 959 Η
2816 910 3105 981 Ιτρίγωνον
3137 911 3247 962 ἰσον
3277 910 3445 971 αὐτοῖς
3480 931 3491 943 ·
3518 908 3634 962 ἶσαι
3668 914 3769 983 γὰρ
3820 920 3958 985 τρεῖς
4002 913 4203 965 εύθεῐαι

2590 991 2991 1066 ἐπιζευχθεῖσαι
3024 996 3075 1060 ἐξ
3097 997 3329 1069 ἀνάγκης
3390 998 3693 1071 ἰσόπλευρον
3750 1006 4041 1058 ποιήσουσι
4080 1006 4205 1073 τρί-

2588 1102 2750 1154 γωνον
2784 1105 2795 1117 ·
2827 1087 2881 1135 αἱ
2937 1089 3037 1158 γὰρ
3096 1088 3458 1139 ὑποτείνουσαι
3540 1093 3578 1139 Α
3610 1094 3648 1138 Τ
3690 1094 3726 1138 Β
3757 1094 3798 1139 Η
3857 1092 3923 1139 τὰ
3971 1096 4011 1142 Δ
4041 1096 4082 1141 Τ
4114 1095 4132 1142 Ι
4166 1097 4203 1142 Β

2592 1178 2632 1223 Η
2666 1178 2686 1225 Ι
2740 1178 2986 1246 τρίγωνα,
3042 1173 3155 1226 ῖσαί
3214 1176 3343 1227 εἰσιν
3391 1175 3445 1236 ἐξ
3497 1172 3728 1245 ἀνάγκης
3766 1184 3827 1247 τῇ
3863 1183 3902 1228 Τ
3934 1184 3974 1229 Η
4001 1178 4206 1250 πλευρᾴ

2588 1268 2681 1311 τοῦ
2713 1268 2754 1312 Η
2782 1268 2861 1314 TI
2894 1270 3171 1336 τριγώνου,
3230 1258 3411 1320 ἐπειδὴ
3464 1264 3596 1320 αὕτη
3666 1262 3970 1324 ἐπέζευκται
4010 1275 4072 1338 τῇ
4108 1273 4151 1317 Τ
4179 1267 4201 1319 Ι

2591 1354 2677 1400 HI
2739 1352 2874 1400 κατὰ
2942 1352 3008 1401 τὰ
3063 1354 3201 1422 μέσα
3249 1359 3350 1401 τῶν
3399 1356 3440 1403 Α
3472 1358 3507 1402 Δ
3539 1357 3575 1402 Β
3607 1358 3641 1401 Δ
3688 1351 3919 1423 πλευρῶν
3961 1361 4119 1405 τούΔ
4164 1359 4203 1404 Β

2589 1444 2625 1489 Δ
2707 1443 2981 1511 τριγώνου,

2590 1521 2703 1576 ἶσόν
2788 1524 2897 1577 ἐστι
2947 1533 3051 1586 τοῖς
3107 1535 3147 1579 Α
3177 1533 3217 1579 Τ
3245 1532 3265 1580 Ι
3307 1532 3403 1579 BH
3436 1532 3456 1579 Ι
3483 1532 3770 1600 τριγώνοις,
3793 1533 3883 1581 καὶ
3930 1533 3987 1581 τὸ
4018 1537 4059 1582 Τ
4088 1537 4131 1582 Η
4163 1539 4201 1582 Δ

3068 1443 3159 1490 καὶ
3261 1437 3369 1489 ἐπεὶ
3459 1446 3581 1509 γούν
3666 1444 3725 1490 τὸ
3765 1446 3805 1492 Τ
3829 1446 3913 1493 ΙΙΙ
3945 1446 4201 1514 τρίγωνον

2588 1616 2837 1687 τρίγωνον
2869 1610 2979 1665 ἶσον
3006 1617 3209 1675 τούτοις
3248 1619 3380 1669 στίν.
3430 1613 3571 1666 Ἐπεὶ
3608 1617 3710 1689 γὰρ
3764 1619 3901 1667 κατὰ
3948 1619 4016 1667 τὰ
4056 1622 4203 1689 μὲσα

2587 1710 2687 1751 τῶν
2733 1708 2773 1755 Δ
2806 1708 2841 1754 Δ
2881 1708 2973 1754 ΒΔ
3023 1702 3252 1775 πλευρῶν
3301 1710 3393 1754 τού
3433 1708 3534 1754 ΑΒ
3560 1709 3595 1755 Δ
3640 1710 3898 1778 τριγώνου
3942 1706 3972 1763 ἡ
4033 1705 4201 1757 αὐτοῦ

2591 1787 2751 1861 βάσις
2809 1789 2924 1842 ἐστὶ
2962 1793 3004 1847 Τ
3035 1798 3074 1844 Η
3123 1792 3211 1850 ἰση
3253 1798 3370 1853 ταῖς
3412 1793 3451 1844 Τ
3484 1796 3619 1844 ΙΗΙ
3686 1792 3929 1865 πλευραῖς
3972 1801 4129 1847 τοῦΤ
4158 1801 4202 1847 Η

2588 1882 2894 1949 Ιτριγώνου
2930 1899 2942 1912 ο
2981 1879 3049 1930 ὧν
3086 1884 3187 1954 γὰρ
3246 1882 3313 1931 τὰ
3366 1882 3535 1952 ἠμιση
3585 1877 3679 1931 ἶσα
3734 1886 3823 1932 καὶ
3874 1885 3943 1933 τὰ
3996 1882 4090 1934 ὅλα
4109 1880 4206 1934 ἶσα

2587 1963 2727 2017 ἐστιν
2758 1986 2771 1998 ’
2796 1964 2903 2018 ἐπεὶ
2977 1971 3149 2018 τοίνυν
3210 1969 3277 2018 τὰ
3324 1965 3371 2018 ἐν
3398 1975 3471 2037 τῷ
3494 1974 3534 2020 Α
3563 1973 3648 2020 ΒΔ
3695 1974 3927 2040 τριγώνῳ
3968 1974 4209 2043 τρίγωνα

2585 2058 2820 2128 τέσσαρα
2867 2056 3473 2108 ΑΤΙΒΗΙΤΗΙΤ
3514 2061 3614 2108 ΗΔ
3667 2054 3757 2108 ἷσοί
3814 2056 3938 2119 εἰσι,
4007 2062 4209 2110 καὶτὰ

2587 2142 2943 2213 ἐντῷΑΒΓ
2990 2149 3245 2216 τριγώνῳ,
3298 2149 4208 2220 ΔΧῙΒΩΙΩΧΙΩΧΓτρί-

2585 2251 2727 2301 γώνα
2760 2236 2994 2303 τέσσαρα
3021 2228 3113 2283 ἶσα
3142 2238 3231 2284 καὶ
3270 2236 3401 2307 πρὸς
3445 2231 3576 2283 αύτὰ
3604 2238 3694 2285 καὶ
3745 2232 3985 2296 αλλήλοις
4040 2236 4203 2305 εἰσὶν,

2587 2317 2766 2378 ἐπειδὴ
2795 2330 2887 2372 του
2921 2327 2962 2373 Π
2988 2328 3033 2373 Θ
3089 2321 3279 2372 κύκλου
3325 2323 3351 2378 ὁ
3399 2327 3434 2372 Α
3475 2327 3511 2373 Β
3557 2317 3839 2394 διάμετρος
3900 2328 4045 2381 κοινή
4083 2332 4204 2375 εστι

2586 2409 2781 2483 πλευρὰ
2807 2417 2906 2460 τῶν
2956 2409 3205 2484 ἑκατέρων
3258 2409 3596 2482 ἰσοπλεύρων,
3656 2412 3941 2481 ἰσογωνίων
4003 2421 4202 2487 τριγώ-

2585 2518 2681 2548 νων
2733 2503 2770 2549 Α
2796 2504 2831 2549 Β
2872 2505 2906 2550 Δ
2935 2505 3033 2551 ΑΒ
3065 2504 3101 2550 Γ
3139 2518 3163 2531 ·’
3194 2498 3228 2549 ἃ
3264 2495 3323 2551 δὲ
3364 2495 3456 2549 ἶσά
3536 2498 3668 2564 ἐστι,
3714 2506 3803 2551 καὶ
3850 2504 3918 2551 τὰ
3973 2506 4204 2574 τέταρτα

2584 2589 2777 2638 τούτων
2806 2588 2899 2639 ἶσά
2930 2588 3044 2639 ἐστι
3065 2609 3077 2620 ·
3110 2587 3241 2659 λέγω
3266 2588 3388 2659 γοῦν
3446 2586 3526 2639 ὃτι
3558 2587 3692 2639 ὀκτώ
3750 2589 3855 2640 εἰσι
3910 2592 3978 2640 τὰ
4006 2589 4052 2641 ἐν
4086 2587 4204 2651 τοῖς

2586 2673 2715 2727 δυσί
2741 2683 3010 2748 τριγώνοις
3039 2680 3233 2737 ἴσοιςΑ
3268 2683 3303 2728 Β
3335 2684 3369 2728 Δ
3410 2683 3448 2727 Α
3483 2682 3571 2728 ΒΓ
3620 2682 3868 2749 τρίγωνα,
3915 2679 3983 2729 ὧν
4036 2682 4105 2730 τὰ
4145 2680 4202 2742 ἓξ

2587 2767 3675 2819 ΑΤΙΤΗΙΗΒΙΒΩΙΩΧΙΧΑΙ
3762 2771 3822 2818 τὸ
3904 2776 3996 2819 τοῦ
4076 2776 4203 2822 ΠΘ

2583 2860 2772 2906 κύκλου
2820 2852 3047 2927 ἐμϐαδὸν
3086 2860 3344 2926 περιέχει,
3401 2855 3632 2907 λείπεται
3683 2852 3742 2907 δὲ
3786 2864 3879 2907 τοῦ
3939 2865 3985 2910 Χ
4012 2865 4061 2909 Ω
4093 2864 4131 2910 Γ
4158 2865 4205 2910 Τ

2586 2946 4208 3017 ΗΔ’τὰγουνΑΤΤΗΗΒΒΩΩΧΧΑτμήματατὰ

776 3079 874 3131 tur
892 3072 937 3137 Q
968 3071 1033 3135 Η,
1089 3066 1325 3139 sintque
1371 3066 1687 3123 intervalla.
1714 3072 1761 3123 A
1788 3069 1850 3132 Β,
1871 3074 1912 3119 Τ
1932 3068 1996 3138 0,
2032 3069 2075 3124 G
2094 3071 2157 3124 X.
2184 3069 2447 3126 Connec-
2485 3073 2524 3128 C
2553 3068 2832 3124 estlinea
2852 3071 2891 3123 Β
2914 3072 2981 3123 Α.
3017 3069 3317 3133 Quoniam
3341 3075 3542 3123 autem
3574 3072 3594 3123 Ι
3618 3067 3888 3124 medium
3927 3076 4017 3126 est
4043 3070 4239 3128 linea-

775 3166 982 3223 tantur
1008 3156 1191 3228 igitur
1211 3154 1259 3209 Τ
1279 3158 1344 3227 G,
1364 3157 1407 3212 G
1424 3156 1489 3223 B,
1510 3158 1549 3212 B
1573 3156 1641 3227 0,
1666 3156 1710 3212 0
1730 3158 1793 3221 χ,
1836 3157 1879 3211 x
1924 3161 1991 3227 A,
2036 3162 2077 3212 A
2126 3160 2187 3214 Τ.
2220 3160 2442 3215 Produ-

1422 3397 1858 3733 θ

1153 3380 2046 4736 ..

767 4860 984 4915 cantur
1010 4873 1155 4917 vero
1174 4864 1222 4917 A
1241 4862 1303 4931 Τ,
1338 4862 1375 4917 Β
1402 4863 1467 4927 G,
1500 4875 1695 4933 usque
1728 4859 1807 4916 ad
1838 4862 1903 4916 D.
1939 4862 2003 4916 Et
2043 4857 2434 4915 constituetur

764 4951 815 5003 Α
836 4950 876 5003 Β
898 4950 943 5004 Ι)
964 4948 1335 5021 triangulum
1351 4949 1681 5023 aqualium
1695 4949 1953 5007 laterum
1974 4953 2032 5006 et
2043 4946 2428 5018 angulorum:

766 5037 1061 5110 quoniam
1088 5039 1248 5095 enim
1265 5044 1331 5095 ut
1351 5043 1372 5095 Ι
1398 5038 1774 5095 estmedium
1792 5037 1967 5094 linea
1987 5042 2032 5093 Α
2058 5039 2117 5107 Β,
2140 5036 2221 5091 ita
2250 5034 2431 5089 etiam

766 5130 869 5186 TG
901 5135 1044 5185 sunt
1088 5130 1292 5188 media
1340 5130 1639 5187 linearum
1664 5134 1713 5183 A
1743 5132 1787 5186 D
1813 5133 1851 5185 B
1871 5132 1915 5186 D
1934 5148 1953 5202 ;
1975 5144 2121 5185 nam
2149 5127 2309 5182 linea
2335 5130 2383 5180 A
2413 5126 2431 5178 Ι

763 5219 1018 5293 aqualis
1047 5225 1138 5278 est
1176 5220 1351 5278 linea
1391 5225 1436 5296 l_
1460 5223 1519 5293 T,
1581 5219 2083 5293 quandoquidem
2119 5217 2280 5274 linea
2315 5218 2357 5271 T
2388 5216 2431 5271 Ο

763 5314 858 5366 est
884 5313 1014 5366 tum
1044 5309 1219 5368 linea
1249 5316 1297 5367 Α
1321 5313 1378 5379 Β,
1428 5314 1558 5367 tum
1608 5309 1791 5366 etiam
1827 5309 2003 5366 linea
2059 5310 2100 5364 Τ
2122 5308 2188 5372 Ο,
2231 5303 2432 5361 media

761 5399 1038 5472 ipsorum
1058 5405 1104 5456 Α
1131 5403 1176 5457 ΙΙ
1199 5403 1241 5457 Τ
1273 5405 1449 5457 erunt
1467 5399 1747 5473 aqualia,
1775 5405 1831 5456 et
1854 5398 2147 5472 quoniam
2179 5393 2429 5468 aqualis

762 5494 853 5546 est
878 5489 1040 5546 linea
1064 5492 1108 5546 Ι)
1126 5496 1171 5547 Α
1196 5495 1254 5547 et
1269 5490 1429 5547 linea
1450 5499 1493 5545 Α
1525 5492 1565 5545 Β
1594 5508 1607 5558 ;
1642 5494 1699 5546 et
1719 5489 1880 5545 linea
1907 5495 1955 5544 A
1986 5491 2029 5544 D
2060 5480 2309 5560 aqualis
2340 5488 2429 5540 est

757 5578 932 5636 linea
961 5586 1008 5637 Α
1028 5581 1071 5635 Β
1093 5588 1150 5638 et
1174 5584 1218 5637 Β
1241 5585 1282 5639 D
1311 5599 1323 5649 ;
1348 5599 1422 5639 ex
1441 5582 1657 5639 eadem
1685 5582 1916 5637 ratione
1944 5579 2104 5635 linea
2127 5578 2202 5633 BI
2224 5592 2427 5649 aqua-

739 5668 830 5750 lis
868 5676 957 5727 est
972 5671 1140 5729 linea
1171 5673 1192 5728 Ι
1224 5676 1290 5743 G,
1311 5671 1813 5746 quandoquidem
1840 5672 1883 5727 Χ
1909 5671 1952 5727 G
1991 5668 2152 5726 linea
2172 5665 2422 5740 aqualis

2551 3175 2687 3213 rum
2725 3160 2921 3225 BA,G
2966 3160 3025 3227 Χ,
3086 3158 3352 3213 dimidia
3412 3164 3612 3230 partes
3666 3160 3940 3230 ipsorum
3990 3162 4099 3227 BI,
4148 3162 4237 3218 Gl

2550 3245 2817 3319 aquales
2844 3251 3037 3301 erunt.
3073 3248 3137 3301 Et
3155 3245 3315 3301 linea
3340 3247 3379 3300 Β
3404 3246 3447 3301 G
3474 3244 3723 3317 aqualis
3747 3246 3856 3301 erit
3903 3246 4079 3303 linea
4107 3249 4127 3301 Ι
4159 3251 4231 3319 G,

2548 3335 3049 3408 quandoquidem
3073 3334 3247 3390 linea
3276 3338 3319 3390 Ι)
3344 3337 3383 3389 Β
3402 3334 3653 3407 aqualis
3675 3341 3767 3390 est
3794 3334 3967 3391 linea
4000 3340 4037 3391 Β
4071 3346 4140 3407 Α,
4172 3345 4239 3394 et

2546 3426 2706 3483 linea
2747 3428 2786 3481 Β
2816 3426 2862 3477 D
2909 3424 3159 3497 aqualis
3218 3429 3305 3479 est
3361 3423 3534 3479 linea
3593 3426 3630 3478 Β
3658 3430 3706 3478 Α
3750 3429 3807 3479 et
3846 3423 4020 3480 linea
4084 3428 4228 3483 ΑΙ).

2546 3512 2868 3585 Triangula
2891 3528 3033 3583 ergo
3072 3514 3176 3567 AT
3206 3515 3226 3566 Ι
3256 3514 3293 3566 Β
3318 3514 3358 3568 G
3383 3515 3400 3568 l
3424 3517 3562 3566 sunt
3592 3511 3853 3584 aqualia
3888 3514 4233 3585 aqualium

2552 3603 2807 3659 laterum
2856 3608 2913 3658 et
2958 3600 3286 3673 aqualium
3331 3599 3716 3669 angulorum.
3776 3601 4234 3660 Connectantur

2545 3693 2675 3748 hac
2698 3708 2806 3764 per
2832 3690 3053 3747 lineam
3102 3692 3142 3746 Τ
3185 3691 3250 3759 G,
3295 3695 3353 3745 et
3408 3694 3789 3744 construetur
3842 3691 4231 3761 triangulum

2545 3784 2586 3838 T
2613 3784 2656 3837 G
2674 3786 2720 3846 Ι,
2747 3780 2980 3853 aquale
3001 3778 3147 3851 ipsis
3175 3796 3189 3846 ;
3218 3794 3363 3834 nam
3391 3783 3507 3833 tres
3526 3784 3703 3835 recta
3724 3778 3896 3834 linea
3947 3782 4233 3853 aquales

2546 3888 2835 3929 connexa
2885 3870 3224 3926 necessario
3268 3868 3535 3924 efﬁciunt
3584 3869 3913 3941 aqualium
3954 3870 4233 3929 laterum

2547 3961 2910 4034 triangulum
2943 4003 2957 4028 ,
2984 3975 3129 4015 nam
3165 3958 3588 4015 subte’ndentia
3630 3958 3819 4014 latera
3856 3961 3959 4014 AT
3983 3961 4027 4013 Β
4062 3965 4109 4019 G
4134 3965 4239 4019 tri-

2545 4051 2907 4124 angulorum
2939 4052 3045 4105 AT
3074 4053 3115 4115 Ι,
3141 4050 3183 4102 Β
3210 4049 3253 4104 G
3285 4053 3327 4116 Ι,
3366 4047 3711 4104 necessario
3768 4054 3909 4103 sunt
3953 4052 4240 4122 aqualia

2544 4142 2769 4198 lateriT
2791 4142 2833 4197 G
2857 4138 3140 4209 trianguli
3173 4140 3216 4194 G
3241 4140 3281 4194 T
3313 4141 3355 4206 Ι,
3380 4136 3883 4209 quandoquidem
3908 4136 4075 4194 latus
4108 4143 4241 4198 hoc

2545 4246 2888 4287 connexum
2920 4233 3011 4284 est
3032 4244 3172 4283 cum
3192 4226 3366 4281 lineis
3390 4228 3431 4281 T
3452 4229 3493 4293 Ι,
3528 4226 3570 4281 G
3600 4228 3641 4291 Ι,
3674 4240 3783 4296 per
3803 4227 4008 4282 media
4028 4227 4245 4287 latera

2545 4324 2595 4374 Α
2621 4322 2689 4385 D,
2713 4321 2752 4374 Β
2776 4321 2819 4374 Ι)
2841 4315 3125 4386 trianguli
3143 4321 3191 4371 A
3218 4317 3257 4369 Β
3282 4317 3325 4369 Ι)
3360 4333 3373 4383 ;
3406 4314 3699 4386 quoniam
3734 4313 3913 4382 igitur
3944 4316 4244 4389 triangu-

2473 4431 2517 4484 ο
2545 4409 2672 4465 lum
2699 4411 2740 4465 T
2779 4409 2822 4464 G
2844 4405 3115 4478 Iaquale
3137 4409 3230 4459 est
3271 4402 3586 4473 triangulis
3626 4406 3675 4458 A
3701 4404 3743 4458 Τ
3767 4404 3789 4457 Ι
3818 4405 3860 4458 Β
3890 4405 3933 4459 G
3966 4408 4005 4472 Ι,
4040 4408 4246 4466 trian-

2546 4498 2758 4570 gulum
2792 4511 3036 4569 quoque
3066 4497 3107 4550 T
3137 4495 3179 4551 G
3214 4496 3255 4549 D
3288 4492 3403 4548 illis
3431 4492 3541 4547 erit
3586 4492 3818 4564 aquale
3860 4508 3873 4558 ;
3916 4498 4243 4565 quoniam

2544 4590 2705 4644 enim
2716 4586 2884 4642 basis
2896 4584 3088 4657 ipsius
3099 4582 3357 4639 estcirca
3374 4581 3578 4637 media
3597 4580 3842 4637 lateraA
3858 4582 3904 4635 D
3916 4582 3962 4636 B
3978 4585 4021 4638 D
4040 4586 4245 4644 trian-

2544 4676 2669 4748 guli
2689 4679 2736 4729 A
2769 4676 2812 4727 Β
2852 4677 2917 4740 Ι),
2941 4674 3050 4730 erit
3076 4671 3328 4745 aqualis
3356 4670 3644 4727 lateribus
3678 4672 3719 4726 T
3750 4673 3769 4724 Ι
3798 4672 3843 4726 G
3875 4674 3894 4726 Ι
3922 4672 4242 4745 trianguli

2542 4769 2583 4823 T
2609 4768 2649 4823 G
2672 4768 2693 4821 Ι
2719 4784 2732 4835 ;
2764 4779 3027 4837 quorum
3048 4764 3211 4818 enim
3232 4760 3484 4817 dimidia
3513 4764 3655 4815 sunt
3682 4759 3959 4831 aqualia,
3992 4769 4055 4818 et
4085 4765 4247 4837 ipsa

2542 4860 2668 4913 tota
2704 4858 2844 4910 sunt
2870 4852 3148 4925 aqualia.
3192 4850 3491 4916 Quoniam
3524 4850 3704 4920 igitur
3749 4856 4014 4921 quatuor
4036 4854 4247 4912 trian-

2543 4946 2687 5016 gula
2722 4943 2865 5000 ΑΤΙ
2904 4943 3265 4998 BGlTGI
3304 4940 3481 4997 TGD
3548 4939 3611 4995 in
3655 4939 3956 5011 triangula
4005 4944 4246 5000 ABD

2543 5040 2684 5092 sunt
2710 5051 2801 5107 aq
2813 5032 2994 5103 ualia,
3014 5031 3319 5102 triangula
3345 5045 3591 5103 quoque
3610 5036 3871 5102 quatuor
3887 5037 3935 5085 Α
3955 5030 4040 5086 ΧΙ
4066 5034 4122 5089 Β
4150 5038 4203 5094 0
4226 5044 4249 5091 Ι

2544 5127 2587 5182 0
2616 5128 2658 5181 X
2690 5129 2708 5180 l
2764 5125 2807 5180 Ο
2838 5126 2879 5179 Χ
2900 5123 2957 5193 C,
2991 5122 3052 5177 in
3100 5120 3404 5191 triangulo
3453 5126 3494 5173 A
3521 5121 3558 5174 Β
3582 5120 3639 5189 C,
3704 5123 3876 5174 erunt
3946 5120 4125 5180 inter
4181 5145 4253 5185 se

2542 5213 2823 5287 aqualia,
2877 5210 3381 5284 quandoquidem
3449 5208 3743 5265 diameter
3803 5210 3913 5263 AB
4009 5213 4253 5275 circuli

2542 5304 2583 5359 G
2608 5305 2651 5358 H
2682 5307 2769 5358 est
2808 5315 3132 5356 commune
3158 5299 3315 5354 latus
3352 5297 3666 5371 utriusque
3695 5296 3980 5367 trianguli
4004 5316 4251 5376 aqua-

2535 5392 2685 5449 lium
2703 5390 3065 5460 angulorum
3083 5393 3140 5444 et
3153 5387 3482 5461 aqualium
3512 5386 3790 5454 laterum,
3804 5401 4033 5460 nempe
4053 5399 4112 5449 Α
4127 5394 4181 5448 Β
4204 5399 4250 5453 ι)

2535 5481 2688 5539 ABG
2717 5500 2730 5549 ;
2763 5496 2900 5553 qua
2920 5494 3063 5534 vero
3114 5476 3375 5550 aqualia
3436 5480 3597 5542 sunt,
3626 5480 3683 5531 et
3722 5480 3956 5547 quarta
4008 5490 4249 5551 partes

2531 5573 2809 5646 ipsorum
2831 5573 2971 5624 sunt
2999 5568 3284 5640 aquales.
3320 5566 3460 5622 Dico
3489 5565 3669 5637 igitur
3693 5570 3829 5620 octo
3860 5580 3993 5621 esse
4027 5574 4242 5632 trian-

2531 5657 2676 5735 gula
2700 5661 2764 5717 in
2779 5658 3023 5715 duobus
3053 5655 3366 5727 triangulis
3395 5654 3732 5728 aqualibus
3759 5655 3865 5710 AB
3896 5656 3944 5711 D
3978 5660 4033 5713 Α
4076 5663 4131 5718 Β
4168 5667 4239 5739 C,
