4444 6452
228 420 363 475 1389

1112 420 1465 478 THEODORI
1502 420 1548 474 II
1589 421 1722 475 IMP.
1766 420 1855 474 DE
1893 418 2353 477 COMMUNIONE
2390 424 2762 481 NATURALI.

3504 434 3640 487 1390

249 540 305 593 ἐκ
335 550 431 603 τῆς
477 550 566 592 τού
615 542 804 592 κύκλου
850 548 1167 613 περιφερείας
1218 550 1306 593 και
1388 552 1486 593 τών
1529 552 1626 594 τών
1667 560 1852 615 τριγω-
1911 548 1957 595 Α
2015 548 2146 613 τομή
2180 547 2312 594 ἔστω
2368 542 2460 595 διὰ
2519 555 2608 596 τού
2653 552 2814 617 μέσον
2867 553 2955 599 καὶ
2998 554 3210 620 κέντρου
3273 554 3392 603 κατ’
3449 555 3643 605 εὐθεῖα

249 650 344 680 νων
374 630 602 702 πλευρῶν
631 636 873 700 γινόμενα
903 633 1136 682 εστωσαν
1186 635 1279 682 ἶσα
1317 638 1420 691 τοῖς
1480 628 1607 682 δυσὶ
1662 636 1850 703 τριγώ-

249 725 404 778 νοιςΤ
438 725 475 769 Η
508 725 543 768 Δ
574 725 615 770 Χ
646 724 693 768 Ω
723 724 781 771 Γ.
810 718 965 772 Δηλοί
1010 722 1111 791 γὰρ
1170 720 1297 770 αύτό
1345 724 1429 769 καὶ
1487 721 1515 775 ἡ
1579 720 1847 775 αἴσθησις.

249 810 317 857 T6
347 806 443 878 γὰρ
470 813 509 859 Τ
544 813 581 857 Η
615 815 796 877 τμῆμα
824 816 914 857 τού
948 814 987 858 Il
1019 815 1064 859 Θ
1112 807 1301 858 κύκλου
1360 811 1417 858 τό
1451 814 1486 857 Α
1519 814 1608 859 ΤΒ
1649 814 1689 857 Η
1720 810 1851 857 κατά

247 914 303 965 γε
328 902 599 952 ποσότητα
649 894 943 964 προσλαϐόν
1011 894 1371 969 ἀναπληρώσει
1424 898 1481 945 τὸ
1529 915 1618 946 του
1663 902 1702 946 Τ
1736 902 1774 947 Il
1810 902 1852 946 Α

246 992 503 1056 τριγώνου
536 982 782 1054 ἐμϐαδον.
808 983 1075 1044 Ὡσαύτως
1106 990 1195 1035 καὶ
1254 988 1310 1035 τὸ
1338 992 1383 1037 Χ
1438 992 1484 1035 Ω.
1527 992 1708 1054 τμῆμα
1763 992 1854 1034 του

248 1072 406 1123 αύτου
442 1079 478 1123 tl
504 1078 543 1124 Θ
574 1071 762 1122 κύκλου
794 1076 859 1122 τὰ
883 1079 921 1125 Α
974 1080 1017 1125 Χ
1081 1078 1115 1123 Β
1166 1080 1213 1123 Ω
1267 1078 1519 1143 τμήματα
1561 1070 1853 1143 προσλαϐόν

249 1159 609 1233 ἀναπληρώσει
642 1180 699 1211 το
729 1170 820 1211 του
854 1168 897 1212 Χ
945 1168 991 1211 Ω.
1048 1166 1084 1211 Γ
1126 1168 1379 1229 τριγώνου
1434 1156 1682 1231 ἐμϐαὸονο
1756 1156 1854 1218 δη-

246 1248 561 1321 λοποιείγαρ
593 1258 745 1301 τούτο
776 1254 863 1299 καὶ
893 1250 921 1305 ἡ
973 1248 1089 1317 ὄψις
1142 1250 1296 1306 αὐτη.
1351 1254 1451 1300 Καὶ
1510 1250 1639 1318 ὁμου
1694 1251 1758 1299 τὰ
1807 1247 1853 1299 ἐν

246 1344 317 1405 τῳ
345 1333 557 1407 ἐμϐαδῳ
638 1345 729 1389 τού
788 1343 829 1388 Π
899 1344 944 1388 Θ
986 1336 1177 1387 κύκλου
1239 1355 1583 1409 περιεχόμενα
1634 1342 1857 1407 τρίγωνα

248 1426 401 1495 ὀκτώ,
462 1423 782 1500 τπραδικώς
848 1433 951 1484 τοῖς
1003 1422 1132 1477 δυσὶ
1197 1432 1380 1495 γώνοις
1432 1432 1469 1476 Α
1522 1432 1613 1476 ΒΔ
1646 1433 1683 1478 Α
1742 1432 1776 1476 Β
1822 1432 1857 1476 Γ

246 1515 575 1588 ὑπάρχον-ἀ’
607 1512 886 1566 διπλάσιον
918 1516 1023 1585 ἀρα
1040 1517 1099 1564 τὸ
1137 1523 1227 1564 τού
1263 1520 1302 1564 Π
1369 1522 1414 1565 Θ
1464 1513 1654 1564 κύκλου
1698 1512 1855 1584 ἐμϐα-

249 1597 361 1659 δόν,
396 1621 487 1652 του
520 1609 559 1654 Α
628 1609 664 1654 Β
723 1609 757 1651 Δ
815 1607 1089 1673 τριγώνου,
1146 1601 1212 1650 ὧν
1272 1603 1325 1650 αἱ
1375 1605 1675 1672 περίμετροι
1720 1602 1854 1665 ἶσαι,

248 1686 426 1747 ἐπειδη
478 1693 732 1762 τεττάρων
824 1690 871 1739 ἐν
954 1688 1024 1740 ἐνὶ
1082 1688 1283 1759 ἑκάστῳ
1367 1693 1567 1760 μείζονι
1624 1696 1857 1760 τριγώνῳ

248 1778 402 1830 ὀντων
451 1784 734 1852 τριγώνων·
795 1781 907 1849 ἔχει
959 1786 1084 1848 γοῦν
1139 1779 1163 1827 6
1212 1777 1399 1837 κύκλος
1452 1780 1643 1828 καὶτὰ
1701 1783 1855 1828 οκτώ.

247 1866 343 1928 ’ος
399 1869 504 1940 ἄρα
548 1866 735 1927 κύκλος
800 1863 963 1918 δώσει
1022 1862 1301 1938 διάμετρον
1349 1871 1439 1917 καὶ
1498 1871 1747 1923 συντήσει
1803 1864 1858 1917 ἐκ

243 1959 438 2017 ταύτης
497 1956 800 2027 ἰσόπλευρον
885 1955 1156 2025 ἰσογώνιον
1234 1960 1500 2028 τρίγωνον,
1575 1952 1858 2017 διπλάσιος

243 2048 430 2097 τούτου
463 2044 597 2111 ἐστὶ,
629 2047 817 2104 καθωςο
852 2040 958 2096 ἔδει
1004 2040 1193 2105 δεῖξαι.
1247 2048 1346 2095 Καὶ
1401 2052 1567 2095 ταῦτα
1624 2046 1714 2115 μεν
1770 2048 1857 2115 μί-

242 2154 341 2206 χρι
360 2130 517 2185 τούδε
551 2175 564 2199 ,
598 2134 623 2184 ὀ
656 2130 715 2185 δε
778 2133 929 2204 λόγος
983 2130 1325 2205 ὼαδραμέτω
1375 2132 1529 2184 πάλιν
1585 2132 1747 2203 λέγειν
1792 2135 1857 2184 τὰ

241 2236 360 2304 περὶ
426 2240 524 2282 τῶν
598 2234 726 2282 ἴσων
795 2236 885 2282 καὶ
971 2229 1160 2281 ἁνίσὼν
1221 2239 1321 2280 τών
1382 2226 1511 2281 εῖδει
1562 2233 1854 2301 σχημάτων

244 2321 737 2391 σχηματισθέντῳν,
858 2322 940 2370 ίνα
1027 2324 1085 2370 τὸ
1162 2318 1493 2391 παρεμπεσὸν
1609 2320 1856 2390 θεώρημα

242 2408 585 2478 καταλείψας,
618 2412 743 2478 πρὸς
800 2412 888 2459 τόν
933 2412 1126 2459 σκοπὸν
1185 2404 1468 2478 βάδιῆται,
1503 2409 1528 2458 ὃ
1567 2413 1655 2458 καὶ
1697 2414 1853 2478 γενη-

244 2517 406 2551 σεται.

314 2586 581 2647 ξ.Τοίνυν
624 2586 683 2637 ού
729 2592 880 2658 μόνον
936 2595 1009 2656 τῷ
1063 2585 1235 2656 κύκλῳ
1288 2591 1377 2637 καὶ
1424 2594 1486 2643 τῆ
1551 2590 1747 2658 σφαίρᾳ
1764 2592 1853 2638 καὶ

240 2682 475 2750 τριγώνῳ
495 2680 585 2727 καὶ
613 2680 915 2749 τετραγώνῳ
960 2679 1192 2746 γίγνεται
1232 2676 1261 2732 η
1321 2673 1481 2745 ἐξοχὴ
1539 2684 1629 2725 τού
1661 2674 1852 2726 κύκλού

240 2768 369 2833 πρὸς
398 2768 457 2815 τὸ
486 2766 651 2821 πάντη
685 2762 817 2829 ἴσον,
847 2763 975 2815 ἀλλὰ
1025 2769 1181 2815 παντὶ
1234 2768 1479 2835 σχήματι
1524 2767 1850 2835 γραφομένῳ,

241 2848 443 2911 Μηδεὶς
470 2848 720 2924 δ’ἁλόγως
750 2857 905 2925 τίμνη
938 2856 1024 2903 τὸν
1074 2851 1260 2903 κύκλον
1323 2853 1352 2911 ἦ
1387 2851 1585 2919 τὀἷλλα,
1654 2851 1763 2903 αλλ’
1816 2854 1847 2909 ἡ

2014 631 2241 702 οὶμώσα,
2303 633 2362 682 ἶν’
2448 633 2607 695 οὑτως
2663 643 2761 697 πᾶς
2824 641 3052 707 περάτων
3120 640 3336 705 εὐθεῖαν,
3393 660 3611 710 σχημα-

2016 730 2245 792 τογραφῆ
2311 724 2443 772 κατὰ
2514 722 2678 792 λόγον.
2761 730 2882 796 Περι
2939 722 2995 776 ὃε
3047 738 3144 776 τών
3194 730 3384 798 τόμέων
3442 726 3613 790 οὐδεὶς

2015 807 2157 877 λόγος
2197 814 2328 867 νυνὶ,
2388 814 2561 880 ὅτιπερ
2622 808 2743 863 ούὸἐ
2803 818 2991 873 σκοπός
3047 818 3114 875 εις
3164 816 3310 879 αὐτὸ,
3365 816 3471 867 ἀλλ’
3534 819 3615 869 ὅτι

2018 906 2119 955 πώς
2176 901 2232 947 τὸ
2286 894 2423 959 εῑὸος
2488 897 2534 948 ἐν
2581 902 2792 950 ἑκαστον
2880 899 3237 972 ἐγνώμάτευσε
3321 909 3614 975 σχημάτων

2016 981 2195 1053 ἐτέρων
2218 981 2554 1057 ὃιαχωρίσαν
2597 990 2887 1058 σχημάτων
2927 989 3072 1043 αὐτο.
3105 997 3255 1042 Ἔστι
3315 989 3373 1044 δὲ
3422 1000 3615 1066 πρώτι-

2019 1090 2135 1121 στον
2167 1077 2254 1123 καὶ
2282 1072 2741 1145 οἰκλινέστατονμ)
2784 1086 2974 1146 σχῆμα
3011 1080 3035 1128 ό
3094 1079 3300 1142 κύκλος,
3328 1078 3400 1131 δι’
3436 1082 3495 1132 οὗ
3528 1086 3615 1133 καί

2018 1162 2046 1215 ἡ
2084 1167 2279 1231 σφαῖρα
2334 1168 2662 1228 συνίσταται,
2707 1167 2835 1233 μετὰ
2866 1161 2921 1215 δε
2952 1170 3008 1216 τό
3052 1169 3384 1238 τετράγωνον,
3410 1177 3519 1220 εἶτα
3556 1174 3615 1220 τὸ

2020 1248 2319 1321 ἰσόπλευρον
2346 1256 2615 1323 τρίγωνον,
2659 1258 2747 1303 καί
2778 1253 2892 1305 οὔτε
2942 1253 3233 1326 κύλινδρος,
3264 1260 3380 1309 οὔτε
3436 1267 3615 1326 κῶνος,

2018 1337 2131 1388 ούτε
2182 1337 2443 1402 πλαίσιον,
2508 1344 2623 1391 οὔτε
2683 1347 2907 1412 πυραμίς
2974 1346 3036 1402 ώς
3090 1344 3243 1409 αὐτοὶ,
3289 1346 3447 1396 οἰνισα
3491 1348 3615 1419 γάρ,

2018 1425 2206 1496 μᾶλλον
2236 1445 2327 1476 του
2376 1436 2694 1500 τετραγώνου
2748 1436 2836 1480 καί
2885 1440 2975 1481 τού
3034 1438 3286 1504 τριγώνου
3336 1442 3459 1484 οἷον·
3507 1436 3619 1505 ἔχει

2020 1512 2077 1567 δέ
2135 1520 2224 1566 καί
2298 1519 2345 1567 ἓν
2417 1519 2633 1568 ἑκαστον
2702 1528 2893 1589 σχῆμα
3004 1528 3159 1573 παντί
3252 1520 3507 1596 διαφοράν
3555 1533 3615 1582 τῆ

2021 1605 2226 1659 ἰσότητι
2266 1608 2353 1654 καὶ
2381 1604 2673 1662 ἐοισότητι.
2736 1606 2877 1658 ’Ὁσα
2936 1628 3060 1679 γουν
3114 1613 3330 1679 ἔχουσιν
3389 1611 3621 1686 ἰσοτέραν

2018 1698 2111 1749 την
2142 1696 2301 1759 οίσιν,
2362 1692 2529 1745 ἐκεῖνα
2587 1700 2673 1745 καὶ
2750 1704 3056 1767 κρειττόνως
3112 1702 3255 1772 παρά
3305 1709 3396 1750 τού
3452 1698 3624 1762 εἰδούς

2019 1777 2450 1838 εἱδοποιήοησαν,
2510 1790 2592 1852 Τῷ
2646 1786 2735 1854 μεν
2794 1781 2880 1835 οὖν
2942 1786 3114 1856 κύκλῳ
3158 1794 3247 1839 καὶ
3317 1797 3376 1846 τῆ
3429 1796 3625 1864 σφαίρᾳ

2018 1876 2120 1930 πας
2179 1868 2239 1920 ὄιν
2300 1870 2615 1942 ὁμολογηση,
2686 1875 2860 1945 ὅτιπερ
2916 1871 3065 1925 ούὸεν
3122 1881 3350 1950 ἱσότερόν
3408 1878 3549 1942 όίλλο,
3592 1879 3620 1936 ἢ

2020 1960 2250 2023 ωσαυτὰ,
2302 1969 2400 2011 τών
2476 1956 2533 2011 δε
2600 1960 2763 2012 ἄλλων
2819 1965 3021 2014 πάντων
3077 1969 3101 2014 6
3159 1969 3247 2035 μὲν
3302 1966 3418 2037 ἐμός
3473 1966 3625 2037 λόγος

2021 2045 2277 2121 διακρίνει
2339 2052 2397 2099 τό
2480 2051 2797 2120 τετράγωνον
2850 2056 2938 2101 καὶ
2982 2056 3039 2102 τό
3093 2052 3393 2125 ἰσόπλευρον
3437 2060 3623 2125 τρίγω-

2018 2156 2121 2203 νον,
2163 2137 2257 2187 οὐκ
2287 2140 2405 2188 οἰνευ
2436 2146 2585 2187 τινών
2653 2134 2711 2189 δὲ
2765 2139 2904 2190 τουτ’
2978 2140 3104 2191 αύτό
3160 2141 3338 2192 αἰτιῶν
3391 2142 3621 2213 λέγομεν,

2020 2224 2125 2276 ἀλλ’
2176 2228 2256 2277 ὁτι
2309 2230 2397 2277 καὶ
2460 2224 2761 2294 ἀναγκαῖον·
2823 2227 2867 2279 εἰ
2942 2225 3001 2280 δέ
3041 2229 3184 2303 παρά
3234 2235 3320 2281 τὸν
3379 2234 3623 2306 ἡμέτερον

2020 2319 2213 2366 σκοπὸν
2239 2314 2401 2374 άλλως
2431 2334 2539 2374 πως
2562 2314 2689 2388 ἁνήρ
2716 2336 2795 2377 τις
2848 2318 2968 2390 εὖρη
3017 2317 3139 2369 ἄλλο
3200 2319 3446 2393 Ῐσότερον,
3512 2324 3624 2391 λά-

2016 2425 2099 2479 ρις
2123 2410 2211 2455 καὶ
2237 2407 2402 2475 τούτῳ
2430 2404 2611 2470 πολλὴ,
2678 2412 2993 2478 συγγνώμην
3044 2404 3102 2459 δὲ
3158 2413 3246 2459 καὶ
3299 2411 3444 2481 ἡμεῖς
3493 2409 3626 2472 ἐξαι-

2016 2495 2243 2563 τούμεθα
2286 2495 2364 2544 ότι
2417 2494 2544 2544 αὐτὸ
2629 2495 2807 2545 ἄνισον
2854 2494 3064 2567 λέγομεν
3129 2505 3200 2565 τῷ
3242 2496 3438 2549 ἁκλινεῖ
3489 2501 3619 2569 ἴσον,

2017 2581 2143 2633 ἀλλά
2176 2586 2269 2638 τὴν
2293 2587 2447 2653 τιμὴν
2566 2586 2666 2652 ἴσῳ
2696 2582 3070 2655 ἀφοσιούμεθα.
3120 2584 3295 2638 ’Ἐστω
3326 2590 3383 2638 δε
3437 2588 3479 2638 εἰ
3530 2593 3621 2658 μὴ,

2015 2672 2082 2731 ὡς
2113 2673 2137 2722 6
2166 2672 2411 2743 ἡμέτερος
2432 2669 2578 2741 λόγος
2597 2674 2816 2742 εἴρηκεν,
2874 2670 2979 2722 ἀλλ’
3033 2676 3101 2734 ὡς
3148 2675 3173 2724 6
3232 2680 3445 2739 εκείνου,
3494 2682 3619 2747 τιμὴ

2014 2760 2136 2829 τῴὁ
2176 2763 2373 2833 εἴρηκεν
2433 2779 2599 2827 ουτος,
2651 2758 2999 2830 συμϐάλλεταί
3057 2758 3116 2813 δὲ
3168 2767 3258 2814 καὶ
3308 2765 3332 2813 ὁ
3382 2766 3622 2838 ἡμέτερος

2015 2850 2081 2909 εἰς
2120 2853 2205 2900 τόν
2251 2848 2433 2919 αύτού,
2506 2854 2587 2900 ότι
2634 2853 2691 2900 τὸ
2717 2846 2827 2900 ἶσον
2878 2855 3181 2922 κρειττόνως
3229 2856 3288 2903 τὸ
3346 2850 3486 2916 εἶδος
3530 2862 3621 2906 τού

216 3049 483 3107 quorum
506 3046 612 3085 sex
644 3032 749 3085 AT
771 3032 788 3083 Ι
814 3030 855 3084 Τ
882 3030 923 3085 G
960 3027 979 3081 Ι
1014 3029 1055 3084 G
1090 3030 1127 3083 Β
1160 3030 1179 3081 1
1212 3030 1249 3082 Β
1286 3028 1329 3084 0
1371 3032 1384 3082 l
1416 3028 1459 3083 0
1508 3030 1549 3084 Χ
1602 3031 1616 3082 l
1673 3030 1711 3082 X
1756 3033 1800 3081 Α
1848 3028 1870 3084 1
1902 3025 1942 3080 C
1981 3028 2201 3079 temere
2227 3030 2383 3079 secet
2414 3024 2706 3081 circulum
2737 3032 2839 3082 aut
2859 3025 3006 3084 alias
3032 3028 3278 3099 ﬁguras,
3322 3028 3427 3083 sed
3461 3028 3645 3084 sectio

218 3122 479 3195 spatium
512 3118 713 3175 circuli
748 3120 792 3181 Q
828 3116 1515 3190 Hcomprehendunt(2).
1543 3118 1874 3188 Supersunt
1980 3112 2086 3168 ﬁat
2116 3128 2221 3184 per
2251 3112 2519 3167 medium
2545 3117 2602 3167 et
2630 3120 2923 3185 centrum,
2955 3117 3037 3172 ita
3060 3123 3118 3173 ut
3151 3117 3211 3173 in
3242 3124 3466 3173 rectum
3501 3134 3639 3190 pro-

219 3217 420 3267 autem
452 3212 493 3264 X
524 3210 654 3268 ΟΒ,
705 3209 746 3261 Τ
785 3208 825 3262 G
880 3207 947 3260 0.
992 3208 1313 3277 Segmenta
1355 3205 1533 3273 igitur
1579 3210 1624 3258 Α
1653 3206 1693 3259 Τ
1743 3206 1781 3259 Τ
1830 3205 1872 3259 G
1983 3202 2157 3257 cedat
2186 3207 2247 3256 ut
2271 3202 2386 3256 hoc
2417 3202 2600 3257 modo
2622 3205 2823 3259 omnis
2846 3204 3103 3260 circulus
3134 3223 3206 3261 ex
3250 3207 3479 3262 ratione
3537 3208 3639 3262 de-

219 3302 259 3357 G
294 3300 337 3351 B
370 3301 407 3353 B
438 3300 481 3353 0
514 3296 558 3351 0
580 3298 619 3351 X
652 3297 692 3350 Χ
742 3296 808 3357 Α,
860 3309 999 3365 quas
1037 3309 1109 3348 ex
1167 3294 1669 3347 circumcurrente
1717 3291 1874 3347 linea
1984 3290 2282 3346 scribatur
2312 3289 2506 3346 ductis
2540 3297 2699 3347 recta
2725 3292 2896 3349 lineis
2920 3294 2996 3349 ad
3050 3296 3358 3350 terminos.
3394 3295 3508 3351 Sed
3571 3296 3645 3351 de

219 3386 420 3443 circuli
460 3389 517 3440 et
570 3382 856 3439 lateribus
914 3381 1350 3451 triangulorum
1395 3382 1705 3450 exsistunt,
1758 3382 1875 3436 sint
1983 3380 2310 3435 sectoribus
2338 3396 2499 3434 nunc
2529 3395 2650 3435 non
2699 3388 2787 3436 est
2843 3382 3013 3438 nobis
3065 3400 3262 3438 sermo
3318 3384 3644 3450 institutus,

218 3474 480 3548 aequalia
509 3472 753 3528 duobus
784 3470 1093 3540 triangulis
1113 3472 1153 3524 T
1183 3472 1224 3526 G
1267 3471 1329 3536 D,
1360 3472 1400 3525 X
1429 3471 1550 3525 0C.
1578 3472 1696 3524 lloc
1713 3472 1871 3524 enim
1982 3469 2229 3541 quando
2252 3485 2447 3541 neque
2503 3486 2724 3541 scopus
2768 3471 2863 3527 hic
2903 3472 3078 3528 nobis
3141 3480 3228 3528 est
3272 3474 3638 3545 propositus,

219 3568 347 3639 ipse
373 3580 583 3620 sensus
612 3563 997 3617 demonstrat.
1058 3563 1206 3616 Nam
1266 3562 1307 3614 T
1359 3562 1423 3627 G,
1493 3567 1872 3629 segmentum
1983 3557 3643 3634 cumostendereconstituerimusquomodounaquaeque

219 3654 421 3713 circuli
454 3654 498 3718 Q
522 3652 586 3721 ll,
606 3658 918 3721 assumpta
939 3650 1271 3721 quantitate
1286 3654 1331 3702 A
1351 3650 1396 3702 Τ
1423 3652 1458 3703 Β
1473 3651 1535 3713 G,
1551 3648 1874 3716 complebit
1984 3647 2175 3702 forma
2195 3664 2683 3720 unamquamque
2701 3649 2955 3720 ﬁguram
2974 3650 3405 3720 informavit,ut
3417 3652 3494 3706 ab
3510 3651 3641 3706 aliis

220 3743 484 3817 spatium
505 3739 844 3809 trianguliT
871 3737 1232 3794 GD.Eodem
1277 3738 1453 3793 modo
1494 3744 1869 3805 segmentum
1983 3737 2191 3805 ﬁguris
2208 3744 2609 3807 separaretur.
2645 3740 2738 3792 Est
2769 3744 2970 3794 autem
3023 3740 3218 3811 prima
3267 3746 3321 3795 et
3367 3740 3641 3795 omnium

221 3836 261 3889 Χ
289 3835 332 3889 0
358 3830 630 3902 ejusdem
649 3827 849 3884 circuli
883 3828 925 3892 Ο
962 3830 1025 3891 Η,
1051 3828 1380 3898 assumptis
1408 3827 1731 3896 segmentis
1755 3831 1799 3879 A
1835 3828 1874 3880 X
1986 3827 2246 3881 maxime
2268 3825 2544 3881 ordinata
2574 3825 2767 3897 ﬁgura
2799 3828 3076 3886 circulus.
3095 3845 3163 3883 ex
3178 3844 3301 3900 quo
3319 3829 3499 3884 etiam
3514 3828 3641 3897 glo-

224 3918 943 3991 BO,complebitspatium
960 3916 1237 3985 trianguli
1254 3917 1349 3971 X0
1366 3919 1578 3972 C.Nam
1594 3922 1872 3986 aspectus
1985 3913 2097 3968 bus
2127 3920 2378 3983 constat,
2409 3914 2625 3970 deinde
2647 3916 3032 3987 quadratum,
3058 3917 3277 3971 deinde
3304 3918 3639 3987 triangulus

220 4012 350 4083 ipse
379 4009 494 4063 hoc
533 4007 928 4062 demonstrat.
951 4004 1664 4075 Ettriangulaigiturocto
1693 4004 1872 4058 simul
1984 4003 2308 4074 aequalium
2334 4002 2584 4058 laterum
2620 4022 2636 4074 ;
2668 4020 2863 4076 nequc
2883 4004 3190 4077 cylindrus
3219 4022 3413 4078 neque
3430 4022 3639 4074 conus,

222 4095 732 4169 comprehensain
758 4094 952 4166 spatio
965 4093 1224 4158 circuliQ
1243 4096 1305 4160 H,
1330 4109 1590 4164 quorum
1614 4099 1875 4163 quatuor
1987 4108 2180 4165 neque
2214 4092 2445 4163 prisma
2475 4108 2671 4165 neque
2696 4094 2958 4165 pyramis
2982 4099 3120 4149 sunt
3146 4093 3467 4165 ejusmodi,
3498 4110 3642 4150 nam

222 4184 593 4257 triangulum
616 4188 958 4254 utrumque,
984 4182 1182 4252 majus
1203 4197 1421 4253 nempe
1452 4188 1497 4236 Α
1527 4184 1562 4235 Β
1608 4184 1649 4236 D
1681 4187 1725 4235 Α
1769 4183 1806 4235 Β
1838 4180 1876 4234 C
1986 4183 2180 4252 magis
2213 4181 2542 4253 inaequales
2567 4190 2707 4237 sunt
2728 4198 2916 4254 quam
2947 4183 3316 4256 quadratum
3362 4190 3419 4239 et
3467 4185 3646 4239 trian-

222 4274 610 4343 constituunt,
640 4271 900 4342 spatium
949 4270 1153 4325 circuli
1210 4270 1621 4341 complebunt.
1682 4272 1875 4335 Quare
1987 4271 2216 4339 gulum,
2244 4276 2302 4326 ut
2338 4286 2717 4343 unaquaeque
2749 4271 2945 4341 ﬁgura
2968 4272 3321 4328 discernitur
3347 4273 3426 4328 ab
3458 4273 3646 4329 altera

228 4365 490 4438 spatium
516 4361 715 4417 circuli
745 4363 788 4426 Ο
811 4363 850 4415 H
888 4360 1142 4432 duplum
1167 4367 1254 4415 est
1277 4360 1557 4429 trianguli
1588 4367 1631 4414 Α
1682 4362 1717 4413 Β
1770 4362 1808 4415 C
1860 4374 1874 4424 ;
1909 4387 1950 4438 ι)
1986 4359 2323 4432 aequalitate
2354 4359 2848 4432 etinaequalitate.
2872 4362 3645 4433 Quaecunqueigitursitum

223 4471 367 4511 nam
408 4450 608 4507 circuli
631 4456 686 4505 et
734 4449 1053 4505 amborum
1105 4449 1538 4518 triangulorum
1582 4448 1879 4520 perimetri
1987 4449 2213 4505 habent
2238 4447 2712 4519 aequabiliorem,
2755 4449 2855 4506 illa
2903 4457 3039 4505 sunt
3088 4451 3521 4521 praestantiora,
3584 4457 3649 4507 ut

224 4548 365 4599 sunt
386 4541 831 4612 mquales,cum
853 4544 1115 4610 quatuor
1140 4538 1255 4593 sint
1277 4538 1573 4607 triangula
1618 4538 1678 4592 in
1722 4542 1878 4591 utro-
1989 4540 2169 4594 etiam
2192 4537 2331 4593 talia
2369 4538 2447 4592 ab
2494 4538 2627 4610 ipsa
2674 4538 2870 4595 forma
2926 4539 3135 4595 effecta
3184 4545 3340 4595 sunt.
3393 4540 3647 4605 Quilibet

222 4649 344 4706 que
375 4629 695 4701 triangula.
726 4627 1105 4697 Habetigitur
1122 4627 1527 4683 circulusocto
1541 4626 1838 4696 triangula
1864 4644 1876 4691 ;
1988 4628 2165 4698 igitur
2192 4626 2471 4682 fatebitur
2500 4627 2649 4682 nihil
2675 4629 2869 4699 magis
2895 4628 3125 4700 aequale
3158 4644 3287 4684 esse
3326 4612 3511 4700 quam
3541 4632 3653 4685 cir-

223 4722 330 4795 qui
368 4720 543 4789 igitur
563 4717 821 4774 circulus
840 4715 1247 4789 suppeditabit
1267 4716 1626 4772 diametrum
1656 4732 1728 4771 ex
1758 4731 1881 4787 qua
1991 4720 2197 4771 culum
2216 4720 2272 4770 et
2303 4716 2628 4787 sphaeram,
2654 4716 2732 4772 ab
2754 4716 2883 4771 aliis
2923 4723 3124 4773 autem
3172 4718 3457 4774 omnibus
3516 4734 3651 4773 meo

225 4814 606 4867 construatur
626 4805 994 4876 triangulum
1016 4805 1607 4877 aequaliumlaterum
1626 4811 1881 4874 etangu-
1988 4805 2215 4877 judicio
2269 4805 2690 4860 discernuntur
2736 4805 3107 4878 quadratum
3162 4813 3219 4862 et
3284 4807 3654 4876 triangulum

224 4898 681 4969 lorum,duplus
695 4901 782 4952 est
800 4896 986 4968 ipsius
1000 4895 1489 4968 trianguli;quod
1509 4893 1885 4966 oportuitde-
1995 4893 2316 4967 aequalium
2346 4892 2602 4949 laterum
2648 4894 2814 4966 quod
2847 4910 2967 4949 non
2992 4894 3224 4968 absque
3256 4896 3484 4951 ratione
3512 4896 3656 4951 dici-

226 4995 581 5047 monstrare.
598 4988 787 5058 Atque
800 4986 929 5040 haec
942 4985 1190 5056 quidem
1203 4985 1725 5041 hactenus.0ratio
1746 5000 1884 5040 vero
1996 5000 2155 5047 mus;
2185 4984 2306 5037 imo
2328 4988 2419 5037 est
2444 4982 2558 5038 hoc
2584 4983 3197 5049 necessarium.Quod
3217 4985 3263 5039 si
3286 4985 3420 5056 quis
3442 4990 3658 5057 praeter

225 5082 556 5135 revertatur
594 5075 672 5130 ad
687 5073 1222 5147 prnpositumillud
1238 5073 1886 5145 deﬁgurisimparibus
1996 5073 2142 5129 illud
2169 5077 2444 5127 nostrum
2468 5073 2852 5145 pr0positum
2876 5074 3132 5144 reperiat
3165 5073 3345 5128 alium
3398 5073 3659 5143 ﬁguram

226 5168 421 5224 forma
441 5163 777 5238 aequalibus
797 5168 855 5219 et
876 5163 1278 5234 inaequalibus
1297 5162 1576 5219 utrelicto
1591 5170 1704 5218 hoc
1728 5162 1887 5219 theo-
1999 5162 2221 5217 circulo
2246 5160 2442 5231 magis
2474 5160 2792 5232 aequalem,
2820 5160 2900 5215 illi
2920 5176 3210 5231 magnam
3253 5162 3510 5230 gratiam
3559 5162 3661 5217 ha-

225 5260 454 5313 remate
475 5252 643 5327 quod
669 5252 860 5308 obiter
890 5251 1097 5307 incidit
1120 5252 1197 5307 ad
1216 5268 1468 5325 scopum
1487 5252 1742 5308 festinet.
1999 5250 2181 5307 bituri
2212 5266 2441 5305 sumus.
2467 5250 2713 5306 Veniam
2728 5257 2927 5306 autem
2944 5267 3054 5306 nos
3068 5251 3468 5323 deprecamur
3492 5251 3661 5323 quod

298 5352 352 5401 7.
385 5348 511 5401 Non
526 5340 1738 5414 estigiturcirculusduntaxataequalitate
1771 5342 1891 5396 exi-
2003 5356 2296 5411 negemus
2320 5339 2681 5412 inaequalem
2714 5339 2971 5409 ﬁguram
2988 5356 3115 5395 esse
3149 5341 3439 5397 ordinatae
3455 5340 3663 5409 figuras

228 5437 844 5506 miussupraomnem
882 5432 1143 5502 ﬁguram
1159 5431 1697 5505 aequalem,verum
1713 5431 1889 5486 etiam
2006 5430 2288 5502 aaqualern
2328 5445 2466 5483 cum
2494 5433 2823 5501 praesertim
2842 5429 2955 5484 hoc
2980 5431 3160 5485 modo
3181 5429 3323 5484 illud
3358 5428 3523 5500 quod
3580 5434 3665 5483 est

229 5541 415 5599 supra
435 5539 680 5580 omnem
710 5520 969 5592 ﬁguram
997 5538 1133 5594 quae
1148 5521 1725 5578 describitur.Nemo
1752 5538 1892 5577 vero
2009 5519 2240 5591 aequale
2261 5517 2546 5589 inaequali
2570 5517 2983 5589 praat'eramus.
3017 5519 3130 5575 Sed
3156 5524 3281 5574 esto
3313 5518 3517 5590 aliqua
3548 5517 3668 5573 alia

299 5674 381 5750 (l)
419 5679 721 5750 Τεταγμένα
748 5678 1011 5750 σ’χῂματα
1034 5673 1118 5750 ab
1141 5679 1382 5750 auctore
1413 5672 1794 5750 appellantur
1813 5672 2054 5725 ἀκλινίστ

1545 5672 1794 5750 ellautur
1813 5672 2179 5725 ἀκλινίστατα.
2218 5669 2360 5725 Vide
2389 5668 2765 5725 Aristotelem
2797 5670 2993 5742 primo
3022 5672 3104 5727 De
3133 5672 3300 5727 casto.

298 5746 380 5841 (2)
419 5750 634 5821 Αἴτημα
662 5746 777 5799 lia»
801 5747 981 5809 εὔηθες
1013 5751 1078 5802 ut
1105 5746 1368 5819 loquitur
1398 5747 1764 5803 Aristoteles.
