4444 6452
821 426 950 481 1591

2352 423 2708 483 ADDENDA.

4095 433 4235 487 i392

826 557 1009 610 ἀνίσου
1059 550 1395 610 εἰδοποιῆσαι
1464 552 1670 624 φάσκει·
1727 547 1899 613 οὐδεὶς
1948 552 2050 627 γὰρ
2103 568 2197 609 επη
2250 553 2433 625 ὄπιπερ
2491 556 2539 608 Α
2595 550 2804 623 ἀγαθῶν
2833 557 2923 626 μέν
2952 553 3158 627 πλήρης
3193 552 3341 626 γαῖα,
3402 556 3461 607 τό
3503 549 3547 608 τ’
3602 548 3663 607 ἂν
3716 544 3919 629 πλήρης
3988 550 4205 627 δ’ῦγρά.

825 651 884 698 τό
922 645 1098 697 ἀνισον
1164 660 1464 716 κρειττονως
1521 637 1825 699 εἰδοποίησε
1849 644 1906 694 τό
1939 638 2100 710 εἶδος,
2160 640 2203 693 εἰ
2245 644 2316 713 μή
2380 658 2433 691 τι

826 732 1270 807 παραλογίζηται.

896 822 960 880 η’.
996 826 1213 893 Δέγομεν
1236 818 1324 871 οὖν
1355 817 1437 871 ότε
1463 819 1634 891 ὥσπερ
1658 822 1706 871 ἓν
1755 819 1848 877 ῦλη
1908 822 1966 871 τό
2024 815 2183 881 εἶδος,
2240 816 2287 870 ἐν
2333 817 2431 889 φύ-

828 930 908 965 σει
933 907 1171 973 παιδεία,
1194 913 1282 960 καὶ
1314 910 1488 980 ὥσπερ
1518 908 1543 960 ὃ
1578 916 1768 981 σχῆμα
1838 908 2069 983 ἰσότερον
2134 910 2433 982 κρειττόνως

823 1003 968 1077 παρὰ
992 1008 1084 1053 τοῦ
1116 994 1623 1059 είδουςείὃοποιὴθη
1686 1005 1779 1051 τοῦ
1835 1003 1903 1071 μὴ
1966 999 2171 1057 ἰσότητι
2192 1001 2290 1069 ἴσῳ
2343 996 2432 1048 αῦ-

822 1099 938 1160 τοῦ,
970 1092 1129 1150 οῦτώς
1192 1088 1331 1145 καὶή
1395 1089 1596 1160 φύσιςὴ
1650 1086 2007 1161 ῥυθμισθεῖσα
2061 1084 2279 1140 παιδεία
2341 1090 2431 1139 καὶ

823 1178 927 1234 οἷον
976 1176 1369 1235 εἰδοποιηθεῖσα
1434 1181 1673 1251 κρείττων
1745 1176 1856 1230 ἕστί
1916 1186 2006 1237 τῆς
2057 1179 2127 1250 μὴ
2184 1170 2428 1229 παιδείαν

825 1273 1085 1343 σχούσης.
1120 1265 1274 1339 Ἔχει
1300 1262 1359 1319 δε
1387 1264 1579 1328 πλάτός
1600 1265 1728 1318 πολὺ
1754 1275 1850 1328 τῆς
1868 1269 2112 1338 σχούσης
2144 1267 2172 1324 ἡ
2201 1262 2429 1339 διαφορὰ

823 1361 904 1412 ὅτι
923 1363 1003 1421 τὶς
1033 1361 1122 1431 μεν
1153 1360 1307 1429 φύσις
1333 1357 1489 1427 ἴσχεν
1507 1354 1627 1413 ὃλην
1653 1352 1917 1421 παιδείαν,
1975 1359 2055 1417 τὶς
2120 1351 2179 1406 δὲ
2235 1358 2425 1427 ἣμισυ,

821 1453 893 1510 τὶς
916 1444 975 1501 δε
1006 1447 1125 1505 ὃλην
1165 1446 1308 1520 παρά
1360 1460 1413 1497 τε
1474 1443 1621 1515 ἕτερα
1687 1441 1747 1496 δέ
1801 1442 1937 1496 κατὰ
1986 1440 2260 1517 βαθμίδας
2300 1439 2426 1513 οἷον,

822 1539 911 1598 ἕως
940 1545 1035 1599 τῆς
1060 1540 1238 1608 μέσον,
1270 1539 1358 1585 καὶ
1420 1531 1475 1584 ἐκ
1536 1536 1720 1585 τούτου
1747 1534 1841 1594 ἕως
1896 1538 1987 1585 τοῦ
2063 1541 2157 1593 τῆς
2187 1528 2429 1590 παίὸείας

821 1629 957 1679 κατά
988 1629 1075 1678 τόν
1093 1624 1247 1676 αὐτόν
1271 1622 1442 1693 λόγον,
1476 1622 1732 1694 ἐσχάτου,
1767 1622 1795 1681 ἡ
1842 1618 1901 1675 δὲ
1946 1625 2018 1695 μὴ
2079 1626 2296 1692 σχοῦσα
2347 1623 2428 1671 τέ-

820 1714 952 1785 λεον,
1006 1713 1292 1787 ἀτιμοτάτη
1356 1710 1540 1767 τελεον.
1608 1717 1757 1783 Τρεῖς
1816 1719 1941 1783 γοῦν
1991 1710 2265 1783 εἰρήκαμεν
2320 1727 2430 1761 κοι-

820 1809 1004 1867 νωνίας
1037 1806 1359 1876 πρωτίστας,
1410 1808 1481 1870 τῷ
1538 1801 1761 1873 ἄρχοντι
1812 1806 2068 1852 κοινωνεῖν
2121 1797 2182 1860 ἃς
2225 1800 2428 1871 εἱπομεν

820 1902 919 1945 τῶν
949 1889 1000 1945 δ’
1041 1891 1205 1944 ἄλλων
1247 1883 1602 1963 ἐπιμελεῖσθαι
1646 1891 1768 1950 ὅσας
1816 1886 1885 1948 δὴ
1946 1898 2018 1959 τῷ
2076 1892 2232 1959 κοὶνῳ
2294 1906 2429 1960 συμ-

821 1980 1132 2054 ϐαλλομένας
1200 1982 1316 2055 όρᾲ,
1382 1981 1450 2040 εἷς
1508 1996 1562 2031 τε
1618 1982 1879 2032 σύστασιν
1958 1983 2049 2029 καὶ
2134 1977 2428 2049 εὐμάρειαν,

818 2076 941 2134 τοὺς
967 2067 1026 2124 δὲ
1056 2072 1186 2143 μετὰ
1212 2073 1296 2121 τόν
1319 2076 1522 2143 πρῶτον
1578 2075 1650 2138 τῷ
1702 2074 1890 2141 πρώτῳ
1945 2068 2257 2141 ὁμοιοῦσθαι
2314 2068 2431 2141 ὁρί-

820 2160 995 2232 ζομενθ
1045 2160 1088 2212 εἰ
1140 2161 1241 2231 γὰρ
1300 2156 1484 2218 ἓκεῖνος
1527 2165 1759 2210 κοινωνεῖ
1806 2164 1911 2219 τοῖς
1974 2163 2213 2229 φυσικοῖς
2271 2159 2433 2208 τεκαὶ

820 2244 1255 2320 πεπαιδευμένοις
1283 2244 1480 2318 λόγοις,
1531 2246 1675 2299 οὗτοι
1726 2243 1785 2299 δι
1831 2250 1952 2309 τοὺς
2016 2240 2177 2298 αὑτοῦ
2228 2245 2430 2318 λόγους,

819 2339 992 2413 ὥσπερ
1044 2338 1185 2398 τινὰς
1256 2339 1458 2409 μορφὰς
1505 2336 1730 2410 αἴροντες
1792 2334 1863 2398 εἰς
1912 2333 2162 2397 ἀλλήλους
2218 2343 2433 2388 ποιοῦσι

816 2429 910 2491 τὰς
939 2430 1224 2493 κοινωνίας,
1267 2421 1419 2478 οὐδέν
1471 2422 1613 2478 ἐστιν
1681 2424 1824 2495 ἄλλο,
1866 2427 1895 2485 ἣ
1953 2426 2033 2478 ὅτι
2072 2425 2218 2479 κατὰ
2274 2428 2431 2499 φύσιν

817 2536 909 2571 και
945 2511 1192 2571 παιδείαν
1249 2521 1481 2569 κοινωνεῖ
1530 2523 1603 2587 τῷ
1660 2524 1835 2587 κοινῷ.
1888 2521 2035 2577 Πόση
2096 2514 2146 2572 δ’
2204 2516 2330 2570 αὐτὸ
2379 2536 2433 2571 τι

819 2606 1036 2680 ὠφελῑια
1082 2610 1283 2680 κόσμου
1338 2606 1529 2657 όποταν
1586 2604 1740 2677 λόγος
1789 2609 1879 2679 μὲν
1938 2605 2112 2682 ὀρίζη,
2163 2609 2320 2681 φύσις
2372 2602 2432 2660 δι

817 2699 1047 2773 πράττη,
1075 2700 1165 2749 καὶ
1190 2699 1248 2749 τό
1287 2698 1358 2769 μή
1391 2694 1547 2767 λόγου
1591 2699 1681 2748 καὶ
1730 2698 1951 2770 φύσεως,
2000 2696 2175 2773 πόρρω
2224 2696 2420 2770 βαίνει,

794 2872 990 2943 figura
1014 2876 1230 2947 praeter
1247 2871 1547 2930 cireulum
1569 2872 1833 2931 maxime
1863 2872 2134 2932 omnium
2158 2875 2457 2933 ordinata.

2594 637 2807 700 Ἐπειδὴ
2860 640 2919 696 δὲ
2967 644 3060 696 οὐκ
3113 646 3227 696 ἔστι
3268 662 3422 696 τουτο
3475 643 3657 718 εὑρεῖν,
3717 648 3933 717 χείρους
3993 646 4095 716 γὰρ
4156 645 4205 695 οἱ

2591 728 2820 797 πλείόυς,
2881 732 3001 794 τοῦς
3091 731 3337 805 ὁρισμοὺς
3379 735 3469 804 μεν
3547 733 3693 805 ἡμεῖς
3778 732 4206 807 ἀναγεγράφαμεν

2591 823 2680 870 καὶ
2736 822 2829 878 τήν
2881 820 3121 879 ἀλήθεια)
3172 823 3399 893 εἴπομεν,
3468 819 3633 893 ἕράτω
3691 817 3750 874 δὲ
3794 823 3819 873 ό
3870 820 4200 894 βουλόμενος,

2590 909 2639 959 οἱ
2666 903 2717 960 δ’
2750 908 2891 962 αλλοι
2923 914 2985 971 ως
3015 916 3102 962 και
3132 908 3403 983 βούλοιντό
3448 906 3901 985 διατρεχέτωσαν.
3943 906 4087 962 Οἶδα
4144 906 4204 962 δι

2590 995 2776 1065 καλῶς,
2805 997 2885 1050 ὃτι
2910 1005 3009 1061 πᾶς
3042 1002 3176 1071 ἔχων
3228 1006 3345 1051 νοῦν
3398 999 3491 1051 οὔκ
3545 1002 3605 1051 οἱν
3649 1018 3772 1052 ποτε
3838 998 4041 1057 ἀποστῆ
4102 1007 4205 1051 τῶν

2589 1092 2791 1159 τρόπων
2838 1097 2937 1141 τὼν
3009 1092 3306 1163 εἰρημένων,
3360 1091 3450 1142 ᾶτε
3498 1089 3800 1162 φιλοσοφίας
3860 1095 3949 1142 καὶ
4018 1094 4208 1161 σοφίας

2589 1173 3015 1252 ἔγχαραττόντων
3046 1182 3138 1240 τὰς
3168 1175 3343 1245 ὁδοὺς,
3404 1177 3503 1250 ἐγὼ
3558 1175 3637 1247 δὲ,
3689 1177 3782 1231 κᾶν
3838 1180 3864 1232 ὀ
3908 1178 4067 1239 πολὺς
4121 1179 4210 1230 ἄν·

2591 1267 2791 1341 θρωπος
2851 1266 3215 1341 ἀπαρέσκηται
3278 1271 3336 1319 τό
3402 1266 3577 1335 καλόν,
3660 1271 3845 1319 οὔκουν
3899 1265 4204 1320 ὑποσταλῶν

2589 1353 2695 1407 ἀλλ’
2722 1355 3076 1417 ἀνυποστόλως
3107 1356 3232 1431 ἕρῶν
3259 1361 3349 1408 καὶ
3372 1352 3525 1418 αὖθις
3552 1357 3854 1431 εἶρήσομαι.

2664 1442 2724 1499 θ’.
2753 1448 2863 1498 Λύο
2891 1453 3017 1516 γοῦν
3049 1442 3171 1498 οἶδα
3202 1443 3335 1498 εἶναί
3384 1448 3538 1517 φύσιν
3595 1450 3684 1497 καὶ
3740 1448 3799 1497 τό
3850 1443 4205 1518 συμϐεϐηκός,

2588 1537 2758 1586 καὶτὸ
2800 1539 2889 1607 μὲν
2920 1537 3121 1607 φύσεως
3159 1536 3362 1606 ποίημά
3395 1532 3508 1586 ἐστι
3536 1539 3624 1587 καὶ
3686 1533 3799 1586 λίαν
3858 1533 3987 1601 ἐστὶ,
4033 1537 4092 1586 τό
4146 1530 4208 1587 δι

2588 1630 2679 1675 τοῦ
2714 1622 3098 1695 συμϐεϐῆκότος
3142 1626 3279 1675 κατὰ
3330 1630 3518 1697 κρᾶσιν
3578 1627 3730 1697 μόνον
3784 1628 4035 1695 γίγνεται·
4089 1624 4209 1675 ἔστι

2591 1708 2649 1764 δε
2682 1709 2921 1764 δεκτικόν
2943 1719 3133 1788 κρᾶσις
3163 1712 3324 1765 καλοῦ
3382 1718 3471 1765 καὶ
3536 1718 3606 1785 μή
3660 1712 3819 1765 καλοῦ
3880 1718 3969 1765 καὶ
4016 1720 4210 1781 κακοῦ,

2590 1804 2772 1862 ὡςκαὶ
2803 1805 2861 1854 τό
2900 1800 3251 1875 συμϐεϐηκός,
3300 1821 3424 1867 οιον,
3481 1802 3560 1855 ὃτι
3603 1822 3679 1863 τις
3726 1808 4053 1877 στρατιώτης
4103 1819 4216 1854 κοι-

2588 1896 2735 1943 νωνεῖ
2758 1909 2880 1960 τινι,
2934 1897 3087 1943 τοῦτό
3110 1897 3319 1965 κρᾶσις·
3376 1890 3420 1944 εἰ
3470 1894 3559 1964 μεν
3611 1891 3699 1943 οὖν
3754 1889 3935 1963 ἀγαθῲ
3982 1898 4223 1944 κοινωνεῖ

2591 1998 2752 2052 τεχνη
2786 1984 2875 2032 καὶ
2905 1982 3078 2051 φύσει,
3108 1982 3137 2039 ἠ
3171 1986 3357 2053 κρᾶσις
3385 1976 3493 2039 ἤδη
3544 1979 3703 2033 καλοῦ
3760 1976 3999 2050 δεκτικὴ,
4057 1980 4103 2032 εἰ
4155 1976 4218 2033 δι

2592 2074 2663 2141 μὴ
2692 2069 2831 2140 καλῷ
2879 2078 2940 2129 τῆ
2974 2088 3137 2141 τεχνη
3194 2074 3282 2122 καὶ
3335 2077 3396 2143 τῇ
3467 2071 3642 2142 φύσει,
3695 2075 3764 2132 ὡς
3815 2074 4008 2142 πέφυκε
4056 2077 4217 2122 τοῦτο

2592 2155 3174 2231 γενέσθαι,ἀλ.λ“ἁπλώς
3214 2161 3340 2229 dim,
3399 2159 3428 2217 ἡ
3488 2164 3678 2233 κρᾶσις
3729 2154 3939 2216 δεκτικὴ
3998 2162 4069 2231 μὴ
4120 2178 4219 2210 κα-

2593 2246 2704 2299 λόῦο

2594 2344 2783 2412 κρᾶσις
2835 2334 3049 2396 δεκτικὴ
3107 2345 3197 2390 τοῦ
3263 2345 3450 2403 κακοῦ,
3504 2339 3532 2395 ἡ
3582 2339 3688 2413 ἄρα
3740 2343 3933 2412 κρᾶσις
3986 2333 4209 2395 δεκτικὴ

2594 2427 2775 2495 καλοῦ,
2807 2431 2898 2479 καὶ
2923 2431 2994 2500 μὴ
3017 2425 3178 2479 καλοῦ
3225 2432 3314 2479 καὶ
3371 2434 3558 2484 κακοῦ.
3590 2434 3680 2489 Τις
3723 2430 3813 2499 μεν
3875 2422 3963 2479 οὖν
4012 2433 4214 2500 κρᾶσις

2781 2247 2823 2299 εἰ
2872 2244 2931 2300 δι
2982 2251 3217 2319 κακίστῳ
3264 2247 3396 2299 κατά
3449 2266 3502 2299 τε
3570 2250 3725 2319 φύσιν
3778 2252 3868 2299 καὶ
3925 2250 4145 2319 τέχνην,
4179 2249 4212 2304 ἡ

2594 2515 2642 2569 ἓν
2673 2519 2844 2590 φύσει,
2900 2521 2991 2570 καὶ
3042 2521 3123 2578 τίς
3181 2519 3331 2589 φύσίς
3394 2516 3443 2569 ἐν
3498 2519 3703 2592 κράσει,
3762 2515 3817 2568 αἱ
3872 2515 4213 2579 ἑξισαζονται

2594 2606 2661 2668 εἰς
2714 2606 2839 2660 αῦτό
2882 2608 2949 2675 ;ἠ
3019 2608 3120 2681 γὰρ
3188 2606 3387 2678 ἀγαθοῦ
3455 2605 3636 2678 ἀγαθῷ
3673 2610 3936 2672 κοινωνία,
3986 2612 4209 2679 κρᾶσις,

2594 2695 2721 2751 ἀλλὰ
2748 2697 2885 2749 κατὰ
2921 2698 3095 2768 φύσιν·
3144 2696 3193 2749 ἓν
3246 2699 3409 2756 ταῦτη
3441 2704 3567 2769 γοῦν
3622 2701 3683 2755 τὴ
3751 2694 3936 2770 κράσει
3987 2715 4078 2747 και
4130 2715 4209 2757 τις

2569 2874 2731 2932 tione
2770 2891 2900 2931 esse
2929 2874 3209 2948 positam,
3252 2873 3351 2930 vix
3391 2877 3593 2931 autem
3623 2872 3742 2930 dici
3780 2874 3992 2947 possit,
4034 2889 4241 2948 quan-

796 2964 1017 3020 Verum
1053 2979 1127 3019 ne
1157 2962 1241 3020 sic
1278 2964 1528 3038 quidem
1561 2969 1764 3021 noster
1793 2981 1992 3022 sermo
2014 2966 2237 3023 inutilis
2263 2966 2455 3024 fuerit.
2498 2986 2538 3042 ο
2570 2969 2696 3021 tum
2738 2963 3161 3036 adjumentum
3193 2962 3757 3020 societalihumanas
3816 2963 4150 3034 aﬂ'erretur,
4187 2966 4245 3022 si

792 3068 915 3126 quo
929 3068 1347 3110 asseveramus
1365 3054 1726 3127 aequalitatis
1748 3055 2008 3113 formam
2024 3056 2457 3129 intequalitatis

793 3139 991 3198 forma
1005 3158 1140 3199 esse
1155 3145 1634 3215 praestantiorem
1668 3159 1680 3211 ;
1705 3160 1886 3202 nemo
1900 3145 2061 3202 enim
2079 3144 2290 3202 dixerit
2311 3146 2448 3203 inas-

793 3230 1100 3304 qualitatis
1134 3232 1395 3290 formam
1420 3233 1780 3307 (equalitatis
1806 3235 2002 3292 forma
2023 3252 2155 3292 esse
2170 3242 2457 3309 praestan-

793 3321 1023 3392 tiorem,
1058 3320 1170 3377 nisi
1201 3321 1381 3379 rebus
1421 3323 1640 3380 fucum
1670 3323 1933 3397 aliquem
1966 3324 2161 3382 faciat.

865 3410 918 3466 8.
954 3410 1214 3467 Dicimus
1228 3411 1406 3483 igitur
1427 3412 1693 3470 formam
1712 3414 1769 3469 in
1783 3414 2034 3471 materia
2057 3414 2121 3470 id
2147 3414 2457 3489 essequod

794 3498 963 3556 estin
989 3504 1208 3557 natura
1233 3500 1489 3558 eruditio
1524 3507 1620 3571 ;et
1658 3507 1723 3559 ut
1768 3503 1965 3574 ﬁgura
2016 3505 2283 3561 maxime
2331 3521 2457 3562 om-

792 3589 962 3646 nium
977 3590 1225 3663 tequalis
1238 3590 1497 3649 formam
1509 3595 1689 3649 nacta
1699 3596 1785 3649 est
1797 3594 2069 3649 omnium
2082 3596 2455 3667 praestantis-

796 3678 1035 3745 simam,
1063 3680 1143 3737 ita
1167 3680 1347 3737 etiam
1376 3686 1594 3739 natura
1624 3682 1955 3739 eruditione
1977 3688 2193 3740 ornata
2217 3688 2271 3741 et
2302 3700 2452 3758 qua-

796 3768 846 3823 si
872 3762 1197 3827 informata
1226 3772 1609 3842 praestantior
1637 3776 1726 3829 est
1753 3787 1825 3828 ea
1850 3788 1986 3845 quas
2014 3772 2346 3830 eruditione
2360 3789 2454 3830 ca-

794 3861 902 3913 ret.
935 3857 1048 3913 Sed
1076 3874 1371 3930 magnum
1405 3876 1651 3933 quoque
1717 3860 1911 3917 latum
1994 3861 2316 3918 discrimen
2366 3878 2451 3919 re-

792 3945 1019 4019 peritur
1054 3946 1117 4004 in
1143 3954 1361 4006 natura
1375 3949 1772 4006 eruditionem
1788 3950 2067 4022 habente,
2098 3952 2264 4024 quod
2290 3968 2453 4025 qure-

792 4034 937 4091 dam
968 4040 1185 4093 natura
1215 4038 1563 4095 universam
1591 4039 1989 4096 eruditionem
2022 4040 2263 4111 habeat,
2292 4058 2453 4114 quas-

792 4122 937 4181 dam
975 4140 1119 4182 vero
1136 4125 1438 4199 simplam,
1455 4127 1736 4201 quaedam
1752 4145 1959 4185 rursus
1974 4130 2317 4187 universam
2344 4131 2455 4188 ali-

793 4213 966 4285 cujus
978 4214 1187 4287 partis,
1201 4215 1387 4274 altera
1398 4232 1539 4274 vero
1552 4220 1631 4274 ab
1645 4217 1871 4274 intimis
1884 4218 1961 4275 ad
1977 4220 2245 4276 medium
2260 4237 2453 4294 usque

2569 3054 2721 3110 ratio
2752 3052 3165 3126 praescriberet
3190 3057 3246 3108 et
3275 3056 3493 3108 natura
3532 3056 3755 3123 ageret,
3791 3057 3847 3109 et
3873 3054 3921 3109 si
3951 3055 4245 3112 aratione

2569 3158 2641 3200 ac
2671 3148 2886 3200 natura
2915 3158 3232 3216 nunquam
3248 3141 3711 3198 declinaremus.
3740 3143 3897 3198 Tunc
3924 3142 4090 3199 enim
4121 3142 4242 3199 bo-

2567 3248 2788 3289 norum
2816 3231 2989 3288 tellus
3002 3236 3159 3288 esset
3175 3230 3355 3304 plena
3372 3235 3425 3287 et
3442 3246 3603 3287 mare
3618 3230 3867 3303 plenum
3900 3249 3912 3299 ;
3936 3232 4245 3305 quoniam

2568 3326 2769 3380 autem
2791 3322 2908 3378 hoc
2938 3336 3062 3377 non
3092 3325 3290 3394 potest
3308 3320 3557 3377 inveniri
3580 3327 3743 3389 (nam
3769 3321 4246 3394 etimperfectio-

2565 3427 2659 3469 res
2700 3416 2755 3468 et
2783 3410 2986 3485 plures
3025 3410 3491 3483 temperationes
3545 3410 3996 3483 descripsimus,
4028 3412 4117 3469 ita
4172 3417 4247 3469 ut

2564 3501 2625 3557 id
2664 3501 2828 3575 quod
2860 3517 3073 3558 verum
3092 3506 3177 3557 est
3198 3499 3567 3570 dixerimus),
3590 3505 3796 3556 nostra
3830 3500 4245 3574 amplectatur

2563 3591 2670 3664 qui
2694 3590 2874 3658 volet;
2906 3590 3005 3647 alii
3034 3606 3178 3647 vero
3243 3606 3315 3647 ea
3387 3590 3665 3647 insistant
3702 3591 3801 3647 via
3852 3606 3989 3664 quas
4029 3593 4242 3664 magis

2562 3680 2708 3753 ipsis
2747 3680 3057 3753 placuerit,
3091 3695 3447 3753 quanquam
3481 3681 3606 3736 scio
3636 3679 3969 3753 quemlibet
4020 3687 4239 3739 mente

2563 3768 2879 3841 praeditum
2919 3784 3237 3842 nunquam
3273 3768 3680 3825 discessurum
3703 3768 3960 3825 amodis
4010 3786 4235 3843 supra-

2562 3858 2841 3927 dictis,eo
2870 3858 3037 3932 quod
3058 3858 3119 3915 in
3143 3874 3340 3915 veram
3381 3856 3777 3931 philosophiae
3810 3862 3869 3913 et
3912 3859 4237 3931 sapientiae

2560 3950 2715 4007 viam
2746 3949 3149 4007 introducant.
3176 3951 3296 4020 Ego
3321 3964 3460 4005 vero
3492 3948 3725 4005 etiamsi
3747 3947 3917 4004 multi
3946 3949 4242 4008 homines

2562 4038 2945 4097 offendantur
2966 4052 3284 4111 nunquam
3314 4036 3607 4094 dubitabo
3626 4037 3687 4093 id
3710 4036 3876 4111 quod
3897 4054 4116 4095 verum
4151 4046 4246 4098 est

2564 4130 2786 4198 dicere,
2806 4128 2987 4202 idque
3012 4144 3220 4183 rursus
3239 4131 3530 4200 repetam.

2636 4221 2687 4274 9.
2722 4220 2850 4274 Duo
2880 4231 3010 4273 esse
3036 4221 3197 4273 certo
3237 4216 3360 4273 scio
3402 4220 3681 4273 naturam
3708 4220 3766 4273 et
3791 4215 4075 4273 accidens
4108 4234 4124 4284 ;
4171 4235 4251 4277 ac

792 4303 1064 4361 ascendit
1087 4308 1147 4361 et
1175 4306 1428 4363 amedio
1451 4322 1641 4380 usque
1671 4308 1751 4364 ad
1780 4309 2453 4367 eruditionem.Eadem-
2492 4344 2534 4399 ο
2566 4313 2798 4365 natura:
2828 4306 3077 4399 quidem
3104 4322 3258 4399 opus
3287 4305 3647 4399 prteclarum
3673 4310 3780 4399 est,
3814 4312 3875 4363 at
3901 4307 4249 4399 accidentis

791 4394 1535 4469 querationenaturaquae
1559 4396 1638 4453 ad
1666 4397 1945 4454 ultimum
1975 4415 2163 4473 usque
2194 4400 2454 4471 gradum

791 4482 1125 4540 descendit.
1169 4486 1313 4550 Quae
1339 4501 1477 4542 vero
1521 4486 1758 4543 tandem
1809 4487 2076 4561 omnino
2123 4489 2455 4546 eruditione

793 4577 977 4641 caret,
1003 4577 1095 4631 est
1115 4574 1378 4631 maxime
1420 4576 1695 4633 omnium
1734 4576 2038 4647 ignobilis.
2062 4579 2456 4651 Diximusigi-

793 4665 1018 4719 turtres
1049 4664 1796 4737 essecommunicationes,
1829 4666 2056 4739 primas
2070 4667 2455 4741 scilicetquas

791 4749 1019 4808 habere
1032 4753 1378 4810 societatem
1391 4756 1950 4812 etcommunionem
1966 4773 2106 4813 cum
2136 4758 2263 4815 viro
2290 4758 2453 4831 prin-

795 4842 927 4914 cipe
968 4842 1251 4900 diximus.
1281 4843 1433 4901 Alite
1472 4860 1617 4902 vero
1642 4844 1724 4902 ita
1751 4851 1889 4903 sunt
1917 4846 1979 4903 in
2008 4848 2200 4921 pretio
2229 4848 2456 4906 haben-

793 4930 912 5000 das,
943 4936 1124 5004 prout
1152 4931 1468 4990 conferunt
1486 4933 1565 4991 ad
1594 4949 1983 4993 communem
2013 4936 2178 4994 illam
2208 4937 2455 4995 societa-

790 5024 934 5091 tem,
964 5018 1089 5077 sive
1118 5021 1198 5078 ad
1229 5022 1739 5093 constitutionem,
1791 5025 1909 5082 sive
1988 5026 2067 5083 ad
2123 5027 2452 5085 faciliorem

788 5109 1089 5168 rationem
1110 5112 1464 5184 pertineant.
1526 5110 1663 5170 lllos
1712 5114 1965 5187 proinde
2021 5116 2126 5189 qui
2186 5118 2454 5191 primum

787 5199 960 5257 illum
980 5199 1240 5271 gradum
1253 5206 1678 5276 assequuntur,
1696 5204 1895 5276 primo
1908 5204 2132 5263 similes
2158 5223 2290 5265 esse
2312 5207 2452 5264 dici-

788 5305 927 5347 mus
948 5290 1054 5363 (l).
1076 5292 1225 5348 Nam
1248 5292 1296 5348 si
1314 5292 1654 5365 primusille
1667 5295 1967 5369 particeps
1985 5302 2070 5353 est
2084 5297 2451 5356 naturalium

786 5384 847 5438 et
877 5379 1273 5439 eruditiorum
1303 5397 1676 5451 sermonum,
1708 5384 1769 5440 hi
1798 5386 2058 5443 rationes
2110 5386 2269 5444 illius
2326 5393 2452 5446 tan-

784 5484 975 5544 quam
1000 5469 1223 5528 formas
1258 5471 1561 5545 quasdam
1593 5473 2453 5548 suscipientescommunicant

784 5554 941 5617 inter
963 5575 1049 5618 se.
1080 5562 1251 5628 Quod
1283 5562 1432 5619 nihil
1456 5563 1621 5620 aliud
1668 5569 1756 5621 est
1818 5581 2007 5639 quam
2061 5583 2450 5627 communem

780 5648 948 5710 illam
988 5651 1601 5712 communicationem
1634 5652 1697 5711 in
1747 5660 1964 5715 natura
2022 5662 2080 5717 et
2134 5658 2197 5716 in
2254 5659 2449 5718 erudi~

2567 4414 2638 4453 ex
2670 4396 3099 4470 temperatione
3130 4397 3379 4453 exsistit.
3400 4396 3777 4468 Temperatio
3805 4411 3948 4452 vero
3970 4402 4109 4454 tum
4132 4398 4248 4457 bo.

2566 4502 2713 4542 num
2744 4490 2871 4541 tum
2904 4486 3085 4542 etiam
3131 4483 3361 4542 malum
3412 4485 3713 4557 suscipere
3761 4489 3978 4557 potest,
4028 4492 4248 4559 potest

2565 4592 2810 4650 quoque
2836 4575 3135 4633 accidens.
3169 4577 3238 4631 Ut
3270 4574 3318 4630 si
3339 4574 3512 4631 miles
3544 4591 3683 4631 cum
3715 4574 3918 4648 aliquo
3947 4591 4245 4635 commu-

2565 4667 2812 4722 nionem
2831 4665 3011 4731 ineat,
3024 4663 3352 4736 hocipsum
3366 4666 3453 4721 est
3468 4664 3820 4737 temperatio
3848 4678 3861 4731 ;
3892 4665 3944 4720 si
3973 4666 4245 4738 quidem

2564 4755 2745 4826 igitur
2772 4754 2936 4811 bono
2963 4769 3025 4810 se
3038 4752 3352 4825 adjungat,
3383 4747 3829 4826 propter-artem
3856 4757 3913 4810 et
3936 4759 4245 4816 naturam

2564 4844 2909 4919 temperatio
2922 4843 3143 4900 bonum
3161 4843 3526 4917 suscipit;sin
3539 4842 3683 4899 boni
3698 4842 3997 4917 particeps
4011 4860 4095 4902 ex
4109 4852 4245 4906 arte

2564 4949 2687 4991 non
2702 4938 2811 5004 est,
2824 4950 2897 4991 ex
2909 4938 3126 4991 natura
3136 4948 3276 4991 vero
3288 4936 3483 5006 potest
3500 4932 3771 5001 esse,hoc
3783 4933 3928 4990 estsi
3944 4933 4245 4996 absolute

2565 5027 2656 5082 est
2678 5022 2741 5080 id
2768 5023 2935 5098 quod
2963 5026 3073 5092 est,
3102 5020 3407 5095 ejusmodi
3432 5022 3783 5096 temperatio
3811 5021 4053 5081 bonum
4096 5044 4251 5084 sus-

2565 5114 2762 5187 cipere
2792 5117 3008 5187 potest.
3036 5113 3136 5169 Sin
3168 5129 3242 5170 ex
3266 5116 3486 5169 natura
3515 5116 3572 5168 et
3597 5128 3670 5169 ex
3684 5116 3809 5169 arte
3843 5113 4250 5188 improbissi-

2563 5221 2701 5261 mus
2728 5208 2815 5262 est
2835 5204 3069 5279 aliquis,
3100 5202 3232 5276 cjus
3256 5202 3611 5277 temperatio
3663 5202 3895 5261 malum
3941 5210 4251 5283 suscepit.

2564 5296 2756 5362 Quare
2786 5293 3138 5369 temperatio
3168 5307 3306 5366 quas
3337 5292 3573 5349 bonum
3604 5297 3660 5349 et
3684 5307 3807 5350 non
3833 5293 4079 5353 bonum
4112 5316 4254 5356 sus-

2564 5385 2760 5459 cipere
2790 5382 3252 5459 potest.malum
3265 5397 3511 5457 quoque
3537 5383 4091 5458 potestsuscipere.
4116 5392 4254 5457 Quo

2562 5482 2742 5551 pacto
2769 5478 2949 5550 igitur
2978 5476 3333 5550 temperatio
3364 5479 3451 5531 est
3480 5474 3543 5531 in
3574 5480 3793 5533 natura
3839 5481 3896 5533 et
3944 5494 4080 5551 quo
4150 5498 4261 5556 pa-

2564 5574 2660 5626 cto
2690 5566 3079 5627 naturaestin
3100 5565 3535 5640 temperatione
3564 5564 3828 5640 ?Nempe
3854 5582 3999 5625 cum
4031 5572 4253 5631 amba:

2566 5659 2749 5718 simul
2758 5658 2821 5718 in
2834 5658 3051 5720 eodem
3062 5660 3382 5733 aquantur
3396 5670 3566 5730 ;nam
3587 5655 3737 5718 boni
3747 5673 3889 5718 cum
3901 5656 4083 5721 bono
4108 5679 4250 5725 com

764 5782 767 5783 '
851 5775 937 5853 (1)
972 5776 1116 5838 Vide
1153 5779 1446 5841 Thomam
1471 5782 1560 5841 De
1585 5788 1721 5841 ente
1748 5786 1806 5843 et
1831 5782 2199 5846 Averrhoem
2228 5784 2292 5845 in
2323 5785 2773 5861 Hetaphystcts.
