4444 6452
246 439 383 496 1393

1127 432 1482 490 THEODORI
1522 437 1567 491 ll
1606 435 1743 490 IMP.
1787 435 1877 490 DE
1917 433 2374 491 COMMUNIONE
2413 435 2782 492 NATURALI.

3532 443 3667 496 1394

271 564 445 633 φύσις,
491 556 642 612 καὶέν
691 560 853 631 τάύτη
907 565 967 630 τῇ
1031 577 1182 630 φύσει
1233 562 1321 610 καὶ
1373 564 1558 633 κρᾶσις
1618 557 1872 616 κατάλλη-
1933 559 1976 614 Α
2034 575 2120 628 τῃ,
2168 561 2251 609 ἶνα
2279 559 2335 619 ὃς
2383 558 2476 611 ούκ
2517 561 2628 630 ἔχει
2675 559 2788 612 κατ’
2841 556 3040 613 εύοεῖαν
3094 564 3188 618 τὴν
3245 562 3509 634 σύμπηξιν
3553 583 3641 614 και

267 649 355 711 λος
383 648 712 706 καταλλήλων
742 652 832 700 καὶ
875 650 933 700 τὸ
993 647 1121 718 ὸμού
1179 651 1422 718 φυσικόν,
1475 651 1554 710 τίς
1605 644 1665 700 δε
1717 650 1872 707 κακὸς

269 747 412 810 κακῷ
433 745 681 802 κοινωνεῖ,
709 743 898 809 κρᾶσις
959 744 1105 808 γούν,
1143 735 1248 787 ἀλλ’
1285 736 1344 788 ού
1392 739 1544 808 φύσις
1595 735 1753 805 ἐστὶν,
1812 735 1870 787 ού

268 825 398 898 λέγω
430 823 488 880 δὲ
517 825 728 880 ὅτιὶστὶ
758 830 846 878 καὶ
875 829 998 896 τιμή
1061 833 1156 887 τῆς
1215 827 1440 897 φύσεως,
1495 824 1622 877 ἀλλὰ
1672 828 1871 896 φύσεως

270 919 360 989 μεν
390 921 479 968 καὶ
507 918 573 969 τὰ
600 917 849 987 κάκιστα,
883 913 1285 987 πλημμελούσης
1344 911 1402 967 δὲ
1439 933 1499 985 γε
1546 918 1576 973 ἣ
1647 912 1873 987 ἀπορού-

275 1007 676 1069 σης,ἓνθα.καὶ
726 1007 784 1056 τό
835 1001 1160 1077 συμϐεϐηκὸς
1214 1010 1502 1077 προχωρεῖ·
1562 1005 1717 1075 φύσις
1769 1005 1870 1077 γὰρ

271 1100 360 1146 καὶ
415 1094 691 1166 φιλόσοφος
743 1091 1157 1165 ἐπιτυγχάνουσι
1208 1103 1307 1144 τῶν
1377 1093 1574 1145 οὶκειων
1667 1100 1872 1146 σκοπῶν

271 1191 371 1235 τῶν
418 1183 569 1236 τελῶν
618 1185 752 1234 κατὰ
795 1180 852 1234 τό
906 1181 1117 1254 μᾶλλον,
1179 1180 1454 1253 συμϐαίνει
1531 1177 1590 1234 δε
1674 1179 1873 1252 συμϐε-

274 1270 458 1330 ϐηκότι
505 1275 562 1324 τό
589 1277 884 1346 χρήσιμον,
917 1270 974 1323 ού
1023 1275 1124 1342 μήν
1180 1267 1247 1330 δή
1295 1274 1353 1322 τό
1416 1269 1718 1341 ἀναγκαῖον,
1768 1266 1874 1322 οἷον

272 1360 445 1433 ὥσπερ
498 1360 644 1414 λίθου
702 1361 976 1433 τμηθέντος
1037 1364 1126 1412 καὶ
1179 1362 1246 1420 ὡς
1340 1362 1497 1431 ἔτυχε
1574 1362 1871 1432 φερομένου,

271 1446 382 1502 εἶτα
413 1451 625 1510 στάντος
667 1449 721 1512 ἐξ
765 1447 1060 1520 ἀνωμαλίας
1103 1453 1286 1515 τόπον,
1342 1449 1369 1508 η
1427 1450 1506 1500 ὃτι
1561 1456 1656 1508 τῆς
1715 1453 1872 1520 φορᾶς

271 1539 547 1598 στάθείσης
574 1544 670 1598 τῆς
706 1539 955 1598 κινούσης
1007 1535 1184 1600 αύτὸν,
1247 1536 1316 1598 εἰς
1377 1531 1638 1607 καθέδραν
1687 1534 1872 1594 ἐπιτη-

271 1623 415 1680 δείου
459 1645 508 1679 τε
545 1645 834 1698 γεγονοτος,
874 1625 968 1678 ούκ
1007 1627 1111 1698 ἄρα
1148 1628 1348 1697 φύσεως
1415 1632 1569 1677 τοῦτο
1638 1623 1776 1676 ἔστιν
1839 1624 1868 1683 ἡ

269 1715 570 1788 ἀναγκαῖον,
599 1715 729 1767 άλλά
791 1712 1173 1786 συμϐεϐηκότος
1234 1719 1322 1766 καὶ
1376 1719 1672 1786 χρήσιμον,
1739 1714 1873 1765 ὥστε

269 1804 510 1880 ὁρίζομεν
562 1811 814 1877 φυσικῶς,
872 1805 936 1855 τά
979 1811 1076 1866 τῆς
1114 1806 1317 1875 φύσεως
1374 1807 1644 1864 ποιήματα
1710 1800 1875 1854 οἰκεῖα

269 1899 359 1946 καὶ
381 1892 574 1964 ἀγαθὰ,
599 1895 665 1945 τὰ
690 1889 749 1945 δὲ
796 1893 1032 1966 κράσεως
1085 1911 1139 1945 τε
1191 1896 1279 1944 καὶ
1337 1889 1742 1963 συμϐεϐηκότος,
1810 1893 1874 1953 ὡς

270 1985 360 2054 μὶν
391 1984 454 2043 ὡς
482 1977 532 2034 δ’
557 1981 638 2048 ού,
686 1982 930 2053 τιθεμεθα
973 1985 1062 2034 καὶ
1107 1983 1302 2038 ταύτην
1363 1977 1520 2043 δοξαν
1577 1981 1656 2032 ὅτι
1704 1981 1876 2033 πάντα

272 2079 365 2134 τῆς
396 2073 598 2143 φύσεως
635 2069 729 2123 κᾶν
756 2075 973 2144 κρείττω
999 2069 1092 2122 κάν
1124 2074 1311 2144 χείρω.
1349 2071 1568 2144 Εἰρηται
1591 2064 1650 2121 δὲ
1680 2069 1760 2120 ὃτι
1809 2070 1876 2121 τά

272 2164 361 2234 μεν
391 2161 612 2226 ἄτακτα,
644 2158 963 2220 ἀσθενούσης
992 2160 1021 2219 ἡ
1064 2158 1493 2231 πλημμελούσης,
1554 2160 1620 2210 τὰ
1679 2153 1714 2211 δ
1737 2155 1873 2229 ἀγα-

275 2251 342 2303 θά
391 2251 730 2321 ὑγιαινούσης
768 2268 822 2302 τε
872 2253 962 2301 καὶ
1014 2247 1282 2309 ἀληθινῆς·
1334 2257 1516 2301 τοῦτον
1592 2253 1716 2318 γοῦν
1789 2250 1874 2299 τὸν

272 2343 460 2414 τρόπον
491 2341 644 2410 φύσις
677 2334 869 2391 ἰδοῦσα
893 2342 978 2390 καὶ
1004 2339 1083 2391 ὅτι
1114 2342 1328 2413 τρεπτόν
1387 2336 1499 2390 ἐστι
1556 2340 1615 2389 τὸ
1676 2338 1875 2398 ταύτης

273 2427 373 2481 ἀπὸ
406 2436 540 2482 Θεοῦ
571 2425 968 2502 δημιούργημα,
1002 2431 1060 2480 τὸ
1095 2431 1250 2500 σοφόν
1300 2423 1367 2485 δή
1419 2427 1549 2498 λέγω
1607 2426 1736 2488 ζῶον
1786 2428 1874 2478 τόν

271 2519 558 2593 ἄνθρωπον,
615 2521 707 2570 καὶ
764 2519 842 2570 ὅτι
893 2521 982 2570 καὶ
1053 2517 1183 2576 αύτή
1268 2515 1630 2588 ἀποτυγχάνει
1701 2523 1873 2583 τινῶν,

271 2606 556 2679 ἐπεμελήθη
597 2606 739 2660 τοῦτ’
787 2605 950 2668 αύτῆς
1002 2613 1226 2680 καρποῦ,
1281 2605 1566 2663 καλλίστην
1615 2609 1704 2656 καὶ
1761 2602 1874 2675 ἀρί-

274 2715 402 2754 στην
442 2693 564 2749 ὀδόν
622 2695 907 2771 ἐξευρούσα
942 2701 1035 2755 τήν
1075 2700 1391 2768 ἐπιστήμην·
1435 2699 1543 2748 ἐπεὶ
1585 2689 1643 2746 δὲ
1705 2695 1870 2766 ταύτῃ

270 2791 331 2857 τῇ
375 2788 527 2857 φύσει
566 2789 656 2838 καὶ
694 2791 900 2859 κρᾶσις,
962 2781 1118 2838 διεῖλε
1164 2787 1359 2842 ταύτην
1411 2783 1478 2845 εἰς
1525 2786 1731 2856 τέχνας,
1785 2800 1876 2834 και

272 2876 468 2937 ταύτας
499 2873 726 2947 συνῆψεν
784 2874 913 2948 αύτῇ
975 2879 1148 2951 ὥσπερ
1201 2893 1290 2927 και
1339 2876 1430 2935 τὰς
1485 2875 1696 2949 κράσεις
1752 2870 1872 2925 ἑαυ-

251 3053 602 3120 municatio,
637 3052 988 3125 temperatio
1013 3055 1120 3122 est,
1155 3050 1262 3107 sed
1292 3066 1366 3107 ex
1385 3053 1621 3107 natura.
1673 3051 1738 3104 In
1791 3047 1908 3104 hac

252 3141 432 3212 igitur
456 3142 890 3215 temperatione
922 3146 1011 3197 est
1037 3139 1324 3214 quaedam
1346 3145 1582 3210 natura,
1611 3142 1667 3196 et
1687 3139 1746 3194 in
1793 3137 1909 3193 hac

253 3236 472 3289 natura
500 3236 592 3289 est
624 3232 906 3305 quaedam
929 3231 1301 3303 temperatio.
1334 3229 1738 3301 Ambaeigitur
1757 3228 1910 3284 inter

253 3337 380 3378 sese
409 3322 833 3378 consociantur
863 3325 920 3377 et
950 3319 1131 3376 simul
1159 3319 1389 3393 aliquid
1423 3318 1696 3376 naturale
1730 3317 1912 3374 conti-

253 3410 421 3467 citur.
462 3413 687 3467 Rursus
737 3411 934 3466 malus
979 3426 1119 3466 cum
1173 3409 1335 3465 malo
1366 3408 1761 3464 consociatur.
1814 3409 1914 3463 Est

251 3499 430 3570 igitur
453 3499 829 3572 temperatio,
860 3498 968 3555 sed
995 3513 1118 3555 non
1141 3503 1376 3554 natura.
1393 3497 1520 3553 Non
1535 3497 1670 3554 dico
1683 3495 1913 3568 aliquid

248 3605 382 3647 esse
413 3589 582 3663 quod
606 3605 729 3646 non
753 3589 828 3645 sit
853 3594 1079 3646 naturae
1110 3605 1123 3644 :
1153 3605 1294 3645 nam
1308 3587 1912 3660 etpessimaquseque

249 3685 387 3737 sunt
415 3685 642 3736 naturis
670 3679 940 3752 quidem,
974 3679 1081 3735 sed
1101 3678 1474 3736 abundantia
1521 3682 1625 3735 aut
1677 3675 1914 3734 defectu

244 3769 592 3826 laborantis.
621 3774 814 3843 Atque
840 3774 983 3826 tunc
1005 3768 1283 3825 accidens
1303 3767 1496 3826 locum
1515 3767 1698 3823 habet
1729 3784 1742 3836 ;
1767 3781 1913 3822 nam

248 3863 467 3916 natura
493 3863 549 3916 et
568 3858 964 3932 philosophus
998 3873 1253 3930 scopum
1280 3857 1394 3913 sibi
1426 3856 1795 3930 propositum
1825 3861 1912 3912 at-

252 3947 680 4021 tinguntidque
694 3947 1043 4020 plurimum.
1062 3946 1362 4016 Contingit
1375 3951 1566 4003 autem
1583 3945 1913 4019 aliquando

255 4041 320 4094 ut
348 4038 548 4111 ipsum
574 4037 853 4095 accidens
881 4037 1134 4108 situtile,
1168 4041 1234 4093 ut
1277 4037 1328 4093 si
1362 4052 1580 4094 saxum
1619 4036 1692 4092 sit
1764 4036 1915 4092 exci-

258 4143 393 4184 sum
424 4131 479 4184 et
504 4132 725 4185 temere
752 4127 994 4190 feratur,
1035 4127 1230 4199 sitque
1255 4126 1424 4182 locus
1466 4125 1802 4199 inmqualis,
1861 4129 1919 4182 et

260 4216 313 4273 si
351 4217 556 4289 aliquo
585 4216 771 4273 modo
799 4216 1230 4274 labefactatum
1261 4216 1336 4272 sit
1365 4231 1436 4271 ex
1466 4215 1760 4272 concitato
1787 4231 1917 4271 mo-

261 4311 344 4370 tu,
386 4305 614 4379 ﬁatque
652 4311 796 4379 apta
835 4306 1143 4372 cathedra,
1203 4306 1319 4362 hoc
1365 4320 1488 4362 non
1542 4308 1630 4362 est
1671 4309 1916 4377 natura,

262 4400 366 4452 aut
384 4395 813 4452 necessarium.
840 4395 964 4463 sed,
989 4394 1520 4467 accidentis,quod
1548 4398 1750 4450 tamen
1786 4395 1923 4451 utile

2036 646 2094 698 ού
2148 646 2316 707 καλῶς
2369 652 2652 710 πίπηκται,
2717 657 2822 709 τοῖς
2886 657 2982 709 τῆς
3062 646 3301 710 παιδείας
3380 649 3642 722 aper/mm

2039 737 2273 807 θεσμοῖς,
2335 756 2423 788 και
2464 739 2533 798 εἰς
2584 739 2642 789 τὸ
2712 735 2898 798 ἐντελες
2964 736 3200 810 βιοτεύη.
3267 738 3400 790 ’Λλλ’
3453 741 3637 810 οἶμοιε

2036 826 2085 876 οἱ
2117 823 2320 886 πλείους
2359 827 2416 876 τὸ
2441 821 2609 898 δῶρον
2663 827 3041 897 μυσάττονται,
3088 828 3137 878 οἱ
3190 822 3242 879 δ’
3287 827 3641 898 ἀγχινούστα-

2035 932 2116 965 τοι
2183 932 2272 964 και
2338 918 2529 986 κυρίως
2587 913 2644 966 ἐκ
2694 917 2895 986 γύσεως
2940 913 3266 975 ἀσπάζονται
3335 915 3497 977 καλῶς
3553 936 3642 969 και

2037 1001 2267 1072 ἀγαθῶς,
2329 1021 2418 1053 και
2482 1006 2576 1060 τήν
2661 1001 2716 1055 ἐκ
2783 1007 2966 1056 τούτου
3021 1003 3262 1076 ὠφελειαν
3319 1000 3641 1059 διαδιδόασι

2038 1087 2442 1164 διασπείρουσιν
2474 1091 2546 1154 εἰς
2570 1095 2686 1153 τοὺς
2717 1090 3092 1164 ἀτημελήτους.

2109 1177 2158 1233 ι’.
2200 1183 2426 1251 Λέγομεν
2447 1187 2572 1251 γοῦν
2601 1176 2696 1233 διά
2741 1191 2908 1234 ταυτα
2949 1182 3117 1234 πάντα
3167 1182 3248 1234 ὅτι
3313 1182 3467 1234 καλόν
3529 1181 3642 1236 ἔστι

2036 1288 2126 1320 και
2177 1267 2567 1340 ὠφελιμώτατον
2625 1277 2880 1324 κοινωνεῖν
2939 1271 3158 1324 ἕκαστον
3198 1279 3295 1323 τῶν
3357 1269 3640 1345 ἀνθρώπων

2037 1356 2336 1429 φιλοσοφία·
2371 1358 2513 1429 ὁμὲν
2543 1360 2646 1431 γὰρ
2696 1355 3000 1420 παιδευθείς
3061 1361 3198 1431 ἔχων
3254 1379 3344 1412 και
3409 1369 3637 1414 κοινωνεὶ

2037 1447 2062 1498 ό
2104 1441 2155 1498 δ’
2182 1445 2260 1511 ού,
2300 1445 2394 1498 κάν
2427 1451 2732 1500 κοινωνείτω
2774 1455 2972 1520 σοφοῖς,
3010 1448 3074 1500 ἶν’
3106 1447 3292 1502 ἐκεῖθεν
3351 1451 3449 1522 ἔχη
3507 1449 3642 1523 ὠφέ-

2035 1532 2194 1586 λειαν·
2228 1537 2428 1606 εἴρηται
2454 1538 2555 1608 γὰρ
2607 1536 2688 1587 ὃτι
2754 1543 2923 1608 Σοφών
2993 1538 3151 1610 θύρας
3207 1535 3427 1610 ἔκτριϐε,
3483 1537 3643 1590 πλονο

2040 1627 2164 1674 σίων
2194 1619 2251 1676 δε
2279 1622 2486 1689 ού,νόει
2531 1621 2589 1676 δε
2639 1626 2795 1696 θύρας
2851 1627 2918 1677 τὰ
2973 1625 3154 1697 χείλη,
3209 1645 3300 1677 και
3347 1627 3426 1679 ὅτι
3476 1635 3644 1698 σοφῶν

2039 1707 2210 1763 ἵνατά
2236 1709 2423 1784 ἀρετῆς
2455 1709 2650 1784 ἀκούῃς
2697 1715 2866 1784 λόγια,
2908 1715 3062 1766 ἅτινα
3120 1712 3390 1786 βελτιούσι
3433 1714 3642 1786 ψυχήν,

2035 1803 2094 1852 τό
2141 1799 2402 1853 πλουσίων
2448 1798 2506 1854 δὲ
2561 1800 2641 1868 οὗ,
2692 1801 2777 1854 ἶνα
2840 1807 2910 1873 μή
2977 1799 3156 1856 διόλου
3199 1808 3318 1878 περί
3366 1812 3454 1865 τῆς
3517 1802 3644 1866 ύλης

2036 1887 2227 1942 ἐκείνου
2273 1889 2523 1961 λέγοντος,
2581 1893 2861 1963 καταχθής
2892 1892 2990 1945 ὑπὸ
3030 1901 3130 1963 γῆν
3191 1911 3281 1944 και
3357 1891 3646 1964 βελτιώσης

2036 1982 2124 2050 μὲν
2150 1978 2295 2046 ὓλην,
2329 1976 2677 2050 ἀτιμάσῃςδέ
2736 1999 2795 2052 γε
2852 1983 2910 2033 τό
2967 1984 3161 2056 νοερόν.
3217 1987 3322 2048 Δεῖ,
3380 1977 3462 2034 δεῖ
3518 1989 3644 2053 γοῦν

2036 2088 2126 2121 και
2151 2069 2443 2142 φιλοσοφεῖν
2501 2090 2590 2122 και
2637 2078 2893 2124 κοινωνεῖν
2952 2070 3278 2144 φιλοσόφοις,
3324 2078 3406 2123 ῖνα
3451 2091 3541 2124 και
3585 2077 3644 2125 τό

2037 2159 2201 2211 Γνῶθι
2249 2162 2436 2211 σαυτόν
2497 2157 2718 2231 ἔχωμεν,
2807 2179 2894 2212 και
2980 2160 3166 2234 ἀρετήν
3230 2162 3492 2234 κτώμεθα,
3555 2180 3646 2214 και

2037 2248 2241 2300 πάντων
2290 2249 2539 2320 ἡγώμεθα
2578 2268 2667 2300 και
2705 2251 2774 2311 ὡς
2815 2249 3037 2322 ἑπόμενα
3064 2253 3285 2323 ἔχωμεν·
3345 2255 3503 2323 σοφίᾳ
3540 2253 3642 2324 γὰρ

2038 2355 2128 2388 και
2174 2339 2306 2398 eae;
2356 2335 2409 2399 ἐξ
2456 2337 2550 2389 ούκ
2603 2340 2745 2399 ὄντος
2783 2341 2842 2391 τὸ
2871 2345 2973 2392 πᾶν
3012 2339 3263 2410 συμπήξα
3501 2339 3645 2402 ἔταξε

2038 2445 2129 2478 και
2163 2432 2320 2498 σοφίᾳ
2345 2435 2496 2492 κινεῖ,
2522 2447 2612 2479 και
2641 2427 2787 2480 λύσει
2815 2448 2902 2480 και
2936 2428 3208 2482 ἀλλοιώσει
3270 2437 3418 2482 τοῦτο
3472 2449 3645 2501 κρειτ-

2037 2535 2191 2576 τονως
2250 2520 2409 2589 σοφίᾳ
2469 2518 2550 2569 ὅτι
2606 2536 2697 2569 και
2741 2516 3006 2590 βούλεται,
3053 2525 3230 2572 Ταῦτα
3275 2522 3365 2592 μὲν
3417 2515 3506 2572 οὖν
3557 2539 3647 2571 και

2037 2606 2188 2677 ἡμεῖς
2233 2624 2322 2658 και
2367 2610 2433 2659 τὰ
2475 2605 2634 2659 πλείω
2693 2608 2889 2660 τούτων
2941 2627 3031 2660 και
3077 2609 3249 2661 πάντα
3296 2605 3391 2661 διὰ
3465 2612 3648 2681 σοφίας

2036 2695 2346 2767 πεπράχθαι
2403 2699 2462 2748 τὸ
2520 2702 2668 2750 Θεῖον
2718 2701 3015 2766 νοήσαντες,
3065 2717 3156 2751 και
3201 2697 3296 2751 ούκ
3356 2697 3522 2760 ἄλλως
3587 2701 3647 2752 τό

2037 2780 2232 2853 ἀγαθόν
2264 2787 2313 2836 ἐν
2339 2789 2446 2845 τοῖς
2471 2791 2592 2838 οῦσι
2630 2781 2987 2858 διακρίναντες
3031 2792 3182 2853 εῖναι,
3223 2787 3252 2846 ἡ
3313 2781 3405 2838 διὰ
3464 2790 3648 2858 σοφίας

2036 2890 2127 2924 και
2180 2875 2493 2946 ἐπιστήμης,
2579 2873 2736 2936 αὐτὰς
2819 2875 3198 2949 ἠγαπήσαμεν,
3280 2873 3647 2948 ἀγαπήσαντες

2019 3049 2505 3121 temperationes,
2530 3066 2603 3108 ex
2625 3051 2839 3109 eadem
2860 3051 3090 3109 ratione
3109 3052 3423 3110 scientiam
3438 3051 3498 3109 in
3518 3056 3676 3109 artes

2019 3137 2344 3208 distribuit,
2391 3143 2669 3213 artesque
2707 3157 2849 3198 cum
2892 3141 3140 3199 scientia
3186 3142 3456 3215 perinde,
3495 3147 3676 3214 atque

2020 3227 2479 3300 temperationes
2501 3245 2706 3285 secum
2731 3231 3121 3290 consociavit.
3139 3233 3209 3288 Ut
3236 3231 3398 3304 quod
3424 3246 3546 3287 non
3566 3231 3676 3287 ha-

2020 3315 2205 3383 beret,
2237 3318 2520 3389 quamvis
2551 3318 2611 3374 ia
2629 3324 2790 3375 recta
2811 3321 3330 3390 coagmentatione
3356 3319 3676 3385 habentur,

2022 3421 2128 3461 seu
2150 3405 2348 3478 potius
2370 3408 2536 3480 quod
2553 3423 2674 3464 non
2690 3415 2847 3466 recte
2870 3415 3360 3480 coagmentatum
3390 3413 3568 3475 esset,
3595 3409 3683 3465 in-

2023 3495 2235 3552 stitutis
2261 3495 2613 3553 eruditionis
2643 3503 3139 3570 compensaretur
3157 3499 3234 3556 ad
3254 3497 3512 3572 perfecte
3540 3497 3681 3555 bea-

2024 3588 2200 3657 teque
2223 3585 2572 3642 vivendum.
2603 3587 2717 3644 Sed
2749 3587 2902 3660 proh
2926 3587 3100 3644 dolor
3123 3589 3135 3644 ι
3169 3588 3437 3662 plerique
3457 3587 3680 3644 donum

2022 3675 2138 3731 hoc
2165 3673 2678 3747 abominantur,et
2701 3678 2804 3750 qui
2836 3677 3078 3748 ingenio
3107 3676 3678 3752 reliquisexcellunt,

2020 3762 2254 3820 bonum
2300 3764 2417 3821 hoc
2465 3765 2908 3839 amplectuntur
2949 3766 3196 3840 quidem
3240 3769 3306 3824 ut
3344 3766 3535 3834 decet,
3577 3765 3684 3822 sed

2022 3853 2169 3911 tanti
2197 3853 2342 3910 boni
2372 3853 2633 3912 fructum
2668 3857 3122 3914 communicant
3146 3872 3286 3914 cum
3322 3856 3551 3928 ignavis
3579 3855 3684 3914 ho.

2023 3942 2312 4000 minibus.

2097 4033 2357 4089 Dicimus
2377 4033 2554 4107 igitur
2582 4037 2640 4092 et
2659 4050 2731 4092 ex
2762 4035 2874 4091 illis
2893 4035 3181 4092 omnibus
3222 4051 3358 4110 qum
3401 4035 3686 4105 diximus,

2026 4121 2362 4195 colligimus
2382 4124 2741 4196 praeclarum
2763 4140 2896 4181 esse
2925 4129 2983 4182 et
3001 4124 3159 4194 utile,
3183 4126 3235 4182 si
3267 4126 3687 4200 unusquisque

2027 4212 2343 4268 hominum
2378 4213 2774 4286 philosophiae
2800 4214 2872 4270 sit
2896 4215 3217 4288 particeps;
3249 4230 3394 4272 nam
3420 4215 3524 4289 qui
3554 4231 3688 4271 eru-

2031 4301 2189 4358 ditus
2203 4306 2307 4366 est,
2332 4307 2389 4359 et
2410 4302 2657 4359 scientia
2673 4303 3134 4375 prteditus,cum
3164 4303 3297 4360 aliis
3326 4305 3557 4361 bonum
3575 4304 3691 4360 hoc

2034 4391 2448 4449 communicat
2479 4411 2492 4461 ;
2520 4392 2624 4464 qui
2647 4409 2785 4449 vero
2811 4393 3069 4450 scientia:
3099 4398 3190 4450 est
3215 4409 3450 4466 expers,
3475 4393 3693 4464 abjun~

262 4491 375 4542 est.
405 4488 598 4552 Quare
614 4490 841 4543 natura»,
858 4459 1044 4558 opera
1059 4459 1924 4552 naturaliterdeﬁnimusmcm-
1955 4459 2000 4516 D
2037 4487 2138 4554 gat
2161 4497 2221 4536 se
2250 4459 2624 4554 sapientib-us
2653 4501 2670 4554 ;
2704 4497 2849 4538 nam
2875 4482 3016 4538 inde
3046 4459 3415 4556 magnopere
3440 4459 3696 4556 quilibet

261 4590 338 4649 pe
368 4591 504 4649 quae
535 4591 571 4632 a
597 4579 812 4632 natura
841 4574 1107 4648 profecta
1137 4578 1278 4631 sunt
1306 4573 1494 4631 bona.
1527 4578 1598 4632 At
1627 4579 1924 4649 tempera-

263 4665 442 4723 tionis
464 4670 521 4722 et
541 4664 864 4722 accidentis
885 4680 1072 4738 opera
1092 4664 1312 4737 partim
1332 4667 1471 4720 sunt
1495 4663 1680 4732 bona,
1705 4665 1924 4737 partim

264 4770 388 4814 non
418 4758 574 4812 sunt.
603 4755 928 4812 Statuimus
950 4769 1198 4828 quoque
1227 4753 1430 4810 omnia
1456 4769 1587 4810 esse
1605 4759 1835 4810 naturae
1855 4754 1928 4810 si-

265 4860 334 4902 ve
360 4845 778 4919 prmstantiora
807 4845 929 4901 sive
975 4844 1092 4902 sint
1123 4843 1361 4902 viliora.
1411 4843 1680 4900 Diximus
1723 4848 1927 4902 autem

265 4934 367 4993 illa
386 4951 521 5010 quas
545 4939 756 5009 printer
793 4935 1069 4992 ordinem
1087 4934 1398 5002 exsistunt,
1425 4937 1656 4991 naturai
1680 4933 1927 5009 quidem

267 5040 416 5093 esse,
439 5025 545 5082 sed
565 5023 893 5082 deﬁcientis
909 5028 1015 5082 aut
1033 5023 1425 5090 abundantis,
1451 5022 1614 5082 bona
1635 5040 1774 5082 vero
1800 5038 1928 5081 esse

267 5119 496 5173 naturae
512 5115 762 5173 valentis
784 5119 841 5173 et
862 5115 1131 5173 sincerae.
1164 5115 1314 5171 Cum
1337 5114 1514 5185 igitur
1534 5119 1751 5172 natura
1772 5115 1930 5171 hanc

269 5206 564 5263 rationem
598 5206 772 5278 quasi
814 5204 1146 5278 perciperet
1190 5203 1539 5276 videretque
1582 5219 1736 5277 opus
1783 5203 1931 5260 illud

272 5313 450 5354 suum
489 5297 1078 5370 praestantissimum,
1112 5294 1276 5368 quod
1306 5311 1342 5352 a
1377 5294 1497 5351 Deo
1545 5295 1746 5358 habet,
1802 5311 1932 5352 esse

270 5386 528 5444 flexibile
578 5391 635 5443 et
675 5385 972 5454 versatile,
1025 5384 1291 5455 intelligo
1337 5384 1577 5458 sapiens
1614 5384 1762 5441 illud
1810 5385 1934 5441 ani-

270 5476 410 5548 mal,
437 5491 656 5549 nempe
684 5475 1016 5542 hominem,
1053 5475 1412 5548 sentiretque
1444 5491 1506 5530 se
1539 5491 1718 5531 suum
1750 5475 1933 5532 tinem

273 5583 518 5640 semper
537 5582 661 5624 non
682 5567 988 5638 consequi,
1013 5566 1296 5622 nimirum
1316 5564 1406 5620 sui
1427 5563 1581 5621 fetus
1603 5580 1811 5621 curam
1834 5581 1934 5636 ge-

272 5655 906 5730 rens,pulcherrimam
923 5660 979 5712 et
996 5654 1291 5728 optimam
1311 5655 1494 5721 viam,
1511 5655 1822 5713 scientiam
1841 5670 1936 5712 ex-

275 5746 577 5818 cogitavit.
646 5745 948 5814 Quoniam
983 5748 1187 5804 autem
1227 5743 1288 5802 in
1327 5748 1547 5802 natura
1580 5748 1720 5802 sunt
1755 5743 1939 5802 etiam

2031 4571 2229 4646 juvari
2251 4576 2466 4646 potest.
2500 4573 2564 4628 Et
2583 4572 2825 4643 sapiens
2852 4572 3183 4646 quemlibet
3223 4571 3496 4630 hortatur
3535 4573 3696 4630 hunc

2036 4665 2098 4721 in
2130 4665 2405 4719 modum:
2422 4663 2561 4719 Tere
2579 4661 2790 4718 limina
2812 4662 3176 4735 sapientum,
3195 4678 3317 4718 non
3334 4662 3700 4730 divitum,in-

2037 4752 2484 4824 telligelimina,
2519 4751 2683 4808 labia
2703 4752 3063 4826 sapientum,
3099 4757 3165 4809 ut
3193 4752 3473 4809 institutis
3514 4753 3700 4809 virtu-

2036 4845 2113 4903 tis
2138 4843 2433 4914 abundcs,
2475 4859 2613 4917 quae
2645 4843 2918 4900 animum
2948 4843 3260 4901 meliorem
3289 4843 3552 4900 reddunt
3585 4861 3603 4914 ;
3643 4846 3705 4902 at

2039 4935 2294 4993 divitum
2322 4933 2533 4990 limina
2579 4939 2764 4991 terere
2809 4933 2950 5002 noli,
3001 4949 3077 4991 ne
3119 4933 3269 4991 forte
3313 4933 3560 4991 divitem
3590 4949 3704 4990 au-

2039 5025 2174 5084 dias
2217 5025 2294 5082 de
2347 5022 2532 5081 rebus
2571 5024 2900 5080 matcriatis
2955 5028 3255 5095 agentem,
3333 5029 3514 5098 atque
3588 5023 3705 5082 hoc

2041 5114 2231 5174 modo
2262 5112 2376 5170 sub
2407 5116 2625 5170 terram
2653 5112 3012 5184 detrudaris,
3032 5129 3103 5171 ac
3124 5114 3440 5171 materiam
3455 5111 3706 5187 quidem

2043 5203 2350 5261 meliorem
2382 5201 2602 5258 reddas
2651 5207 2708 5258 et
2755 5201 3106 5273 auctiorem,
3163 5201 3520 5276 particulam
3570 5217 3710 5258 vero

2042 5292 2445 5363 intelligentiae
2490 5308 2772 5365 capacem
2837 5291 3132 5349 dedecore
3193 5291 3442 5349 afﬁcias.
3468 5293 3714 5364 Oportet

2042 5383 2223 5454 igitur
2249 5382 2684 5455 philosophari,
2716 5385 2773 5437 et
2803 5398 2942 5438 cum
2963 5381 3343 5456 philosophis
3375 5379 3620 5450 versari,
3648 5383 3716 5436 ut

2044 5473 2192 5530 illud
2208 5473 2395 5529 Nosce
2415 5472 2668 5541 teipsum
2695 5476 3030 5542 teneamus,
3053 5475 3112 5528 et
3152 5471 3366 5529 virtute
3384 5469 3618 5544 praediti
3643 5469 3717 5525 si-

2046 5579 2206 5632 mus,
2234 5568 2297 5620 ut
2321 5563 2501 5620 etiam
2517 5561 2990 5619 omniumduces
3006 5562 3220 5632 simus,
3257 5577 3490 5636 nosque
3510 5560 3719 5617 omnia

2047 5671 2085 5712 a
2109 5657 2276 5724 tergo
2306 5656 2612 5725 sequatur.
2637 5650 2786 5709 Nam
2831 5651 3126 5725 sapientia
3175 5655 3329 5708 Deus
3368 5655 3559 5708 totum
3601 5649 3718 5706 hoc

2049 5743 2402 5800 universum
2422 5742 2726 5800 constituit
2754 5746 2812 5800 et
2839 5741 3158 5814 ordinavit,
3191 5741 3492 5814 sapientia
3516 5745 3717 5799 movet
