4444 6452
771 407 905 460 1395

2286 405 2642 460 ΑΟΒΕΝΟΑ.

4054 397 4191 450 1396

798 527 857 580 δὲ
915 531 1272 601 ὴρευνήσαμὲν
1321 535 1682 601 ἐρευνήσαντες
1742 528 1803 581 δὲ
1857 530 2087 602 εὖρομεν,
2172 531 2396 602 εὑρόντες
2453 530 2498 580 Α
2561 528 2683 596 ἡμὶν
2716 522 2958 581 διενοήθη
3003 526 3223 596 ἐγράφη,
3267 522 3532 593 εὐχόμεθα
3603 516 3662 571 δὲ
3725 521 3790 569 τὰ
3855 521 3944 588 μὲν
3995 521 4166 588 κρείτο

798 607 878 675 δὲ,
919 614 957 659 ὦ
998 607 1257 667 ἡδύτητος
1298 615 1559 670 τοσαύτης
1627 611 1637 663 !
1701 611 1881 669 ὀλικώς
1951 611 2394 680 συνεζεύχθημεν,

794 698 1067 768 λυθείημεν
1097 695 1154 748 δὲ
1195 698 1286 748 οὐκ
1318 697 1377 747 ἂν
1415 717 1534 749 ποτε
1560 697 1612 759 ἐξ
1643 699 1828 764 αὐτῶν,
1887 707 1929 750 εἴ
1989 705 2058 766 μὴ
2118 704 2207 749 καὶ
2257 699 2396 750 εὐσε-

796 785 936 846 ϐείας
972 785 1264 856 )υθείημεν.
1319 785 1581 843 Καλλίστη
1622 794 1746 856 γοῦν
1802 791 2041 837 κοινωνία
2099 785 2394 856 φιλοσοφία,

795 879 880 924 καὶ
919 879 1154 925 κοινωνοὶ
1188 874 1236 924 οὶ
1265 879 1510 946 τρόφιμοι
1547 882 1641 934 τῆς
1677 871 1945 937 παιδείας,
1986 881 2074 926 καὶ
2114 877 2229 925 ὅσοι
2268 877 2400 926 κατὰ

794 966 851 1014 τὸ
895 959 1116 1014 δυνατὸν
1165 963 1342 1023 αὐτοῖς
1382 962 1576 1020 ἐκείνην
1615 965 1964 1031 ασπάζονται,
2009 967 2056 1015 οἱ
2096 960 2154 1015 δὲ
2189 968 2258 1034 μὴ
2298 983 2399 1015 τοι·

795 1059 940 1102 οῦτοι
983 1049 1260 1124 Οηριώδεις
1302 1058 1390 1103 καὶ
1431 1051 1783 1110 ἀκοινώνητοι.
1823 1061 2003 1106 Ταῦτα
2051 1058 2141 1124 μέν
2181 1053 2288 1120 οὖν,
2331 1057 2397 1114 ὡς

2559 634 2631 666 τω
2695 616 2887 664 τούτων
2952 615 3152 684 μαθεῖν,
3221 615 3286 662 τὰ
3375 608 3432 662 δε
3547 615 3760 682 χείρονα
3851 605 4162 676 ἀποφυγεῖν·

2559 702 2683 754 ἐπὰν
2726 699 2785 753 δὲ
2835 710 2926 760 τῆς
2996 705 3189 774 σαρκὸς
3253 701 3400 750 λύσιν
3462 703 3742 768 σχοίημεν,
3782 695 4164 765 καταμάθωμεν

2561 792 2603 843 εἰ
2642 794 2753 842 ἔστι
2790 794 2857 840 τὰ
2894 799 2987 850 τῆς
3027 789 3334 861 φιλοσοφίας
3389 793 3657 861 κρείττονα
3720 794 3818 835 τῶν
3886 792 3981 841 τῆς
4049 780 4166 831 ἀλο-

3547 615 3664 682 χείρ
3672 628 3722 659 ον
3729 628 3760 658 α

2561 884 2699 950 φίας⁸
2759 887 2845 929 νῦν
2903 876 2962 930 δε
3020 881 3348 950 γεγράφαμεν
3401 880 3470 937 ὡς
3527 875 3844 946 ἐγνώκειμεν,
3913 872 3956 922 εὶ
4039 875 4167 929 τέως

2560 973 2648 1018 καὶ
2673 975 2734 1038 τῇ
2769 975 2868 1018 τῶν
2902 976 3070 1038 σοφῶν
3102 973 3351 1038 αρέσουσι
3385 969 3586 1037 γνώμῃ,
3620 960 3706 1016 διο
3755 967 3845 1013 καὶ
3888 965 3981 1018 τὴν
4039 978 4168 1028 συγ-

2560 1061 2774 1127 γνώμην
2806 1056 3107 1127 αἰτούμεθα.

771 1281 978 1336 omnia
1009 1298 1021 1345 ;
1051 1281 1208 1335 idem
1240 1282 1424 1336 solvet
1448 1286 1504 1336 et
1524 1282 1924 1337 commutabit
1951 1283 2065 1338 hoc
2089 1283 2428 1338 universum
2460 1290 2502 1338 A
2543 1289 2637 1337 tur
2666 1283 3048 1354 phiIOSOphia
3076 1284 3480 1354 pulcherrima
3509 1280 3781 1336 omnium
3822 1278 4201 1337 communio.

771 1371 831 1424 in
852 1370 1064 1425 melius
1096 1371 1308 1425 eadem
1338 1371 1629 1441 sapientia
1651 1388 1789 1425 cum
1835 1372 2006 1426 volet.
2051 1373 2198 1426 Cum
2249 1372 2427 1440 igitur

770 1459 900 1513 haec
945 1463 1003 1513 et
1053 1459 1140 1512 his
1196 1458 1369 1530 plura
1417 1475 1527 1513 nos
1567 1460 2204 1523 animadverteremus,
2249 1467 2426 1533 atque

772 1546 925 1602 adeo
949 1547 1154 1602 omnia
1186 1546 1650 1614 intelligeremus
1700 1564 1734 1601 a
1778 1549 2131 1618 praepotenti
2178 1551 2428 1604 Numine

773 1650 881 1706 per
906 1635 1264 1705 sapientiam
1293 1651 1420 1689 esse
1451 1636 1741 1690 fabricata
1774 1654 1785 1689 :
1813 1652 2006 1707 neque
2048 1636 2164 1690 alia
2203 1637 2430 1692 ratione

775 1724 1006 1778 bonum
1051 1724 1112 1778 in
1164 1725 1344 1778 rebus
1383 1741 1536 1788 esse,
1575 1741 1758 1796 quam
1806 1741 1911 1796 per
1969 1726 2325 1797 sapientiam
2377 1733 2434 1782 et

775 1812 1187 1879 scientiam,in
1211 1819 1464 1885 utraque
1487 1813 1863 1884 acquiescere
1885 1812 2278 1882 voluimus,et
2295 1831 2432 1870 cum

774 1901 836 1955 in
867 1905 1120 1972 utraque
1151 1903 1527 1973 acquiescere
1567 1902 1879 1961 vellemus,
1921 1901 2433 1967 investigavimus.

773 1990 1193 2057 investigatam
1223 1997 1541 2062 utramque
1560 1992 1913 2062 reperimus,
1941 1993 2172 2064 utrique
2190 2000 2436 2064 repertae

778 2077 837 2148 (0
865 2078 1283 2135 admirabilem
1308 2082 1662 2136 suavitatem
1689 2081 1722 2143 !)
1755 2086 1908 2134 totos
1933 2097 2045 2135 nos
2078 2082 2354 2136 dedimus
2384 2088 2441 2137 et

778 2165 1190 2236 adjunx1mus.
1223 2186 1416 2241 neque
1453 2185 1718 2241 unquam
1749 2169 1826 2222 ab
1855 2178 2106 2240 utraque
2137 2171 2440 2239 disjunge-

778 2271 936 2322 mur,
966 2257 1075 2311 nisi
1102 2258 1250 2313 forte
1283 2276 1318 2314 a
1340 2260 1555 2330 pietate
1577 2258 1840 2328 disjungi
1866 2260 2188 2329 possimus.
2211 2263 2309 2314 Est
2332 2261 2439 2329 igi-

2535 1379 2589 1427 et
2610 1373 2961 1427 eruditionis
2985 1373 3661 1444 alumni,etquicunque
3684 1385 3792 1440 pro
3818 1367 4044 1421 viribus
4069 1366 4202 1436 phi-

2536 1461 2875 1533 losophiam
2902 1462 3362 1533 amplectuntur,
3384 1459 3782 1533 pulcherrime
3819 1457 4094 1510 omnium
4116 1455 4202 1507 in-

2538 1557 2623 1604 ter
2685 1563 2746 1602 se
2791 1551 3264 1607 communicant.
3302 1548 3471 1610 Quod
3532 1549 3580 1602 si
3642 1545 3824 1616 aliqui
3877 1559 4000 1597 non
4049 1547 4204 1596 tales

2538 1639 2933 1709 reperiuntur,
2984 1637 3088 1692 feri
3139 1645 3276 1693 sunt
3320 1644 3374 1693 et
3443 1635 3780 1692 inhumani.
3823 1635 3949 1687 Haec
4015 1631 4202 1699 igitur

2540 1732 2718 1799 prout
2747 1725 3148 1781 intelleximus
3174 1727 3394 1798 scripta
3424 1731 3563 1780 sunt
3593 1741 3629 1778 a
3658 1721 3852 1777 nobis.
3881 1721 4208 1774 Hortamur

2543 1820 2744 1870 autem
2775 1830 2988 1869 omnes
3023 1821 3086 1869 ut
3119 1815 3367 1870 meliora
3391 1813 3640 1886 quidem
3665 1811 3759 1866 his
3790 1809 4043 1872 discant,
4101 1806 4205 1860 sed

2544 1904 2752 1975 pejora
2783 1904 2977 1958 vitent.
3011 1903 3338 1975 Postquam
3368 1919 3508 1958 vero
3531 1901 3608 1956 ab
3639 1901 3755 1955 hac
3773 1912 3950 1952 carne
3969 1895 4212 1950 liberati

2545 1991 2853 2052 fuerimus,
2877 1991 3132 2062 perfecte
3146 2007 3584 2061 cognoscemus
3603 2005 3679 2045 an
3705 1985 4089 2059 philosophia
4136 1985 4215 2037 sit

2545 2079 2883 2151 insipientia
2896 2082 3293 2150 prmstantior.
3314 2084 3478 2137 Nunc
3503 2095 3641 2133 vero
3659 2075 4010 2146 scripsimus
4030 2079 4214 2142 prout

2549 2170 2855 2237 cognitum
2887 2168 3237 2232 habuimus.
3266 2171 3312 2224 si
3341 2169 3488 2225 forte
3519 2165 3893 2239 sapientibus
3943 2162 4214 2228 cogitata

2551 2264 2758 2314 nostra
2771 2258 3004 2328 placere
3019 2273 3511 2337 possent,idcimo
3530 2265 3769 2322 veniam
3783 2259 4208 2330 deprecamur.
