4444 6452
772 400 910 458 1399
2107 397 2486 457 NICEPRORI

2384 400 2486 457 )Rl
2527 399 2814 456 CHUMNI.
4000 404 4139 459 1400

770 528 966 606 serius
995 521 1254 606 decimus
1276 522 1381 606 (a),
1408 524 1583 606 .A‘pud
1612 524 1919 606 Labbeum
1952 524 2453 606 pagzn295.hBibl.
2483 540 2650 606 novae
2676 539 2810 606 mss.
2844 536 2954 605 pro
2980 522 3680 606 Nath‘aneelist‘tirommi
3700 526 3943 606 nomine
3968 543 4143 606 rapo:

774 593 999 678 nedum
1036 593 1293 678 Chumni
1318 593 1421 649 ubi
1442 593 1561 677 .hos
1594 593 2023 678 opusculorum
2056 594 2217 678 illius
2245 595 2445 678 titulos
2470 595 2645 677 refert
2679 614 2690 650 :
2726 597 2810 678 De
2836 593 3049 662 primis
3086 602 3139 650 et
3163 595 3534 678 simplicibus
3563 599 3927 678 corporibus.
3970 593 4145 678 _Nihil

773 666 1240 741 inferiusterra,
1274 680 1406 741 cum
1428 668 1559 741 ipsa
1598 666 1675 741 sit
1720 668 1783 741 in
1827 667 2039 741 medio.
2072 667 2272 741 Neque
2301 669 2617 741 materiam
2650 673 2800 741 ante
2831 681 3107 741 corpora,
3138 682 3327 737 neque
3350 670 3568 736 species
3589 666 3707 725 sive
3736 671 3897 726 ideas
3918 671 4147 741 absque

777 737 1147 805 corporibus,
1194 737 1296 792 sed
1356 740 1550 793 omnia
1600 739 1803 794 simul.
1865 738 2313 793 Antirrheticus
2372 739 2659 793 adversus
2722 738 3031 793 Plotinum
3086 754 3099 803 ;
3169 741 3404 794 animos
3460 756 3577 795 non
3632 742 3805 809 prius
3861 737 4149 797 exsistere

776 823 957 881 quam
1008 822 1281 877 corpora.
1333 811 1418 864 De
1468 810 1666 865 anima
1721 810 2019 864 nutritiva
2078 814 2129 864 et
2189 810 2490 864 sensitiva.
2550 810 2683 865 Non
2739 823 2862 866 esse
2917 809 3297 879 impossibile,
3367 826 3554 881 neque
3600 819 3825 880 praeter
3880 814 4148 867 rationes

772 879 1082 953 physicas.
1119 894 1324 953 aquas
1391 895 1511 935 esse
1562 895 1749 947 supra
1803 881 1997 953 caelos.
2056 881 2143 953 De
2191 894 2343 941 aere.
2397 887 2450 935 et
2499 894 2687 949 quare
2736 895 2868 953 cum
2908 880 2982 933 sit
3032 887 3258 953 natura
3313 879 3569 948 calidus,
3616 890 3813 939 tamen
3844 899 3976 938 cum
4017 885 4150 953 agi-

781 956 972 1018 tatur,
1032 951 1298 1020 frigidus
1367 953 1662 1006 sentiatur
1723 958 1776 1007 et
1828 952 1901 1006 de
1943 951 2243 1020 grandine
2286 957 2341 1008 et
2403 952 2611 1007 ventis.
2678 951 2978 1006 Adversus
3028 952 3306 1022 antiquos
3365 952 3749 1021 philosophos
3808 955 3881 1009 de
3941 951 4145 1010 eodem

780 1028 1157 1090 argumento.
1223 1023 1297 1076 In
1361 1022 1587 1078 Christi
1647 1024 2261 1091 trans/igurationem.
2330 1022 2593 1089 Sanctia,
2652 1022 2893 1078 Natalis
2957 1022 3199 1077 Domini
3262 1025 3480 1091 feriam
3544 1040 3662 1078 non
3730 1031 3964 1080 tantum
4023 1041 4148 1080 uno

782 1093 895 1156 die,
947 1092 1049 1166 sed
1104 1108 1212 1161 per
1274 1095 1453 1148 totum
1512 1110 1765 1149 mensem
1837 1094 2132 1149 celebrari
2189 1093 2417 1150 debere.
2481 1093 2961 1166 Symbuleuticus
3013 1094 3085 1148 de
3124 1096 3374 1166 justitia
3435 1095 3517 1149 ad
3571 1097 4143 1166 Thessalonicenses,

782 1171 837 1220 et
884 1164 1048 1218 urbis
1111 1167 1460 1219 encomium.
1514 1166 1614 1220 Em
1660 1167 2034 1234 imperatoris
2087 1167 2345 1232 decreto,
2395 1170 2457 1219 ut
2481 1165 2718 1234 judices
2755 1165 3167 1232 jurejurando
3217 1165 3561 1234 obligentur
3591 1166 3913 1222 admunus
3940 1164 4156 1224 sancte

782 1235 1141 1291 obeundum.
1174 1236 1525 1291 Encomium
1553 1237 1635 1291 ad
1664 1238 2101 1303 imperatorem.
2126 1235 2377 1301 Querela
2410 1237 2696 1292 adversus
2723 1236 3057 1304 Niphonem
3084 1235 3155 1289 ob
3176 1237 3334 1290 male
3363 1237 3848 1293 administratam
3872 1242 4151 1306 patriar-

785 1307 997 1362 chatus
1050 1308 1144 1360 sui
1165 1308 1561 1374 provinciam.
1589 1307 1794 1362 Oratio
1821 1307 2095 1375 funebris
2120 1308 2182 1360 in
2218 1308 2622 1373 Theoleptum,
2654 1307 3097 1374 metropolitani
3130 1307 3579 1377 Philadelphia:
3607 1310 3954 1377 Con/'utatio
3978 1311 4147 1365 Lati-

780 1393 995 1433 norum
1027 1378 1321 1446 dogmatis
1351 1378 1423 1434 de
1445 1379 1815 1448 processione
1836 1378 2099 1450 Spiritus
2129 1377 2190 1450 δ.
2206 1380 2641 1450 Testamentum
2675 1377 3019 1450 valetudine
3048 1375 3248 1450 adhuc
3270 1382 3451 1444 firma
3480 1381 3690 1435 melius
3721 1375 3901 1450 quam
3927 1397 4150 1450 urgen-

786 1454 841 1503 te
870 1450 1069 1503 morbo
1121 1450 1413 1503 ordinari.
1448 1450 1539 1504 Ad
1558 1451 1885 1518 episcopum
1915 1448 2361 1518 Philadelphia
2392 1449 2463 1503 de
2494 1448 2791 1503 miraculo
2818 1450 2877 1501 in
2922 1447 3111 1503 Cana.
3133 1449 3229 1501 Ad
3258 1450 3517 1504 eumdem
3550 1450 3621 1505 de
3649 1447 3935 1517 peiilione
3956 1447 4150 1507 Elz'sei

786 1519 860 1591 ab
886 1519 1047 1575 Elia.
1081 1519 1177 1573 Ad
1205 1520 1397 1589 ﬁliam
1454 1522 1892 1589 imperatricem
1946 1520 2019 1575 de
2036 1521 2228 1591 ipsius
2254 1521 2560 1575 viduitate.
2612 1520 2707 1573 Ad
2764 1522 3171 1587 imperatorem
3219 1519 3292 1574 de
3328 1520 3490 1573 obitu
3549 1521 3821 1589 Despotce
3849 1523 3967 1591 ﬁlii
3992 1525 4146 1591 ejus,

788 1590 1132 1647 Consolatio
1163 1592 1227 1645 in
1271 1592 1618 1647 calamitate
1645 1593 1843 1646 amici.
1876 1592 1962 1645 De
1988 1590 2285 1646 charilate
2313 1605 2455 1659 erga
2485 1592 2851 1658 proximum,
2884 1596 2936 1645 et
2964 1591 3163 1645 omnia
3194 1591 3591 1661 relinquenda
3627 1599 3690 1646 ut
3715 1590 4027 1648 Christum
4063 1610 4147 1648 se-

786 1677 1064 1732 quamur,
1099 1667 1151 1717 et
1177 1662 1248 1716 de
1306 1662 1706 1718 benedictione
1752 1670 2265 1733 paterna.quam
2315 1662 2611 1728 surripuit
2639 1662 2843 1725 Jac-ob,
2885 1661 3172 1733 suadente
3202 1667 3410 1716 matre.
3453 1663 3915 1733 Chrysobullum
3966 1680 4154 1733 super

786 1731 1049 1806 guadam
1078 1735 1957 1806 consultationeimperatricis.
1991 1732 2455 1806 Chrysobullum
2485 1733 2566 1787 ad
2592 1734 2814 1806 cralem
2845 1731 3189 1806 Serrice.|_De
3217 1731 3681 1806 reconciliandis
3708 1737 4016 1790 monachis
4040 1731 4158 1806 iqui

786 1802 1146 1876 defecerant,
1180 1804 1656 1873 chrysobullum.
1716 1807 1800 1860 De
1822 1805 2057 1873 judicio
2090 1804 2430 1859 adhibendo
2461 1810 2513 1859 et
2547 1804 2814 1876 eligendo
2846 1818 3059 1876 genere
3080 1802 3337 1876 dicendi.
3371 1805 3456 1858 De
3484 1805 3575 1859 his
3596 1806 3701 1875 qui
3723 1807 3925 1876 iniquo
3948 1802 4154 1861 animo

781 1875 1063 1945 ferebant
1088 1876 1248 1946 quod
1268 1877 1531 1931 rhetores
1562 1877 1848 1946 quosdam
1909 1876 2215 1942 imperitos
2243 1876 2687 1945 objurgaverat.
2721 1874 3189 1946 Chrysobullum
3224 1875 3297 1929 de
3328 1876 3545 1931 unione
3574 1874 3919 1932 monasterii
3946 1879 4008 1932 in
4041 1878 4159 1933 Ga-

790 1948 932 2003 lesio
959 1952 1013 2002 et
1044 1944 1112 2002 SI
1155 1944 1646 2003 Resurrectionis.
1681 1948 1973 2016 Epistolte
1998 1962 2198 2002 CLxxu.
2235 1944 2591 2017 PosseVinus
2625 1950 2867 2001 testatur
2890 1945 2953 2017 id
2977 1944 3258 2017 Vaticana
3287 1953 3519 2001 exstare
3552 1947 3861 2017 Nicephori
3895 1949 4159 2003 Chumni

788 2019 865 2092 de
890 2019 1180 2082 oratione,
1203 2019 1438 2092 judicio
1502 2024 1556 2074 el
1579 2021 1944 2092 operatione,
2000 2018 2157 2092 quid
2199 2034 2273 2092 exp
2302 2017 2385 2092 eis
2423 2016 2725 2092 amplecti,
2758 2016 2901 2092 quid
2935 2016 3142 2092 fugere
3168 2016 3393 2073 deceat.
3426 2020 3605 2074 Fuere
3653 2019 3833 2075 etiam
3867 2019 4162 2092 Georgius

791 2089 1123 2157 Chumnus,
1152 2086 1216 2146 eti
1237 2090 1502 2145 Joannes
1560 2086 1872 2146 Chumnus
1902 2096 1957 2145 et
2008 2086 2273 2146 Michael
2306 2086 2636 2157 Chumnus,
2665 2087 2738 2143 de
2769 2086 2985 2161 quibus
3006 2087 3165 2143 alibi.

788 2187 959 2243 Vind.
996 2192 1082 2242 67.
1121 2189 1180 2241 V.
1210 2186 1488 2242 Lambec.
1524 2189 1752 2243 Comm.
1792 2190 1926 2254 Vill,
1958 2203 2018 2257 p.
2056 2187 2191 2258 1069
2220 2191 2274 2242 et
2310 2190 2444 2242 1072
2555 2256 2567 2258 _
2630 2184 3380 2258 [NicephorusApelastus,
3405 2186 4165 2258 episcopuscivitatisBele-

789 2275 881 2333 sq.
923 2290 994 2300 -—
1020 2259 1688 2333 Nicephoricujusdam
1739 2256 2019 2333 praetoris
2065 2256 2440 2333 alloquium;
2552 2256 3113 2333 bu’gd.in_tine__cod
3139 2256 3926 2333 Coisl.72,_quicontinetlo.
3978 2261 4166 2333 Chry-

784 2327 901 2387 inb.
951 2336 1042 2390 Τίς
1093 2329 1301 2388 λαλήσει
1357 2327 1456 2390 τὰς-
1500 2327 1826 2396 δυναστείας,
1876 2331 1937 2385 in
1992 2331 2123 2385 cod.
2186 2327 2274 2384 {3|
2341 2332 2443 2384 Ba-

2410 2360 2443 2384 .-
2554 2328 2803 2384 sostomi
2819 2328 3129 2401 homiliam
3142 2332 3207 2401 88
3232 2346 3313 2395 ,se
3332 2327 3682 2401 scriptorem
3698 2331 3942 2398 codicis,
3965 2348 4001 2388 ο.
4020 2327 4165 2389 6380

784 2417 942 2483 rocc.
970 2404 1166 2483 paron.
1199 2402 1259 2456 in
1290 2417 1412 2483 quo
1434 2401 1569 2483 cod.
1603 2409 1741 2459 sunt
1764 2417 2005 2477 quoque
2037 2401 2209 2476 plura
2230 2416 2439 2478 opusc.
2553 2401 2636 2471 (h.
2673 2416 2723 2457 e.
2758 2416 2919 2458 anno
2943 2399 3154 2457 Christi
3184 2402 3343 2472 1072)
3373 2399 3558 2458 fuisse
3589 2402 3922 2477 proﬁtetur.
3950 2405 4161 2483 than]

786 2474 1027 2548 Niceph.
1072 2473 1435 2533 Blemmidte.
1496 2476 1667 2532 HARL.

861 2904 2245 3081 ΝΙΚΗΦΟΡΟΥ
2345 2905 2793 3082 ΤΟΥ
2939 2906 4103 3087 ΧΟΥΜΝΟΥ

2084 3210 2230 3295 AN
2236 3207 2860 3299 ΤΙΘΕΤΙΚΟΣ

1168 3422 1589 3542 ΗΡΟΣ
1747 3420 2582 3544 ΠΑΩΤΙΝΟΝ
2734 3428 3104 3544 ΠΕΡΙ
3183 3430 3716 3544 ΨΥΧΗΣ

1534 3894 1669 4035 Ν
1682 3895 2587 4036 IGEPHORI
2690 3898 3369 4040 CHUMN
3384 3900 3440 4038 Ι

2104 4192 2902 4280 ANTITHETICUS

1266 4409 2038 4520 ADVERSUS
2114 4411 2874 4526 PLOTINUM
2948 4414 3131 4523 DE
3212 4414 3708 4523 ANIMA.

770 4651 777 4656 ’
876 4643 1026 4720 (Sub
1055 4644 1299 4705 nomine
1338 4645 1721 4703 Nathanaelis
1762 4646 2044 4702 monachi
2085 4650 2280 4704 Graece
2319 4648 2506 4705 edidit
2534 4649 2688 4705 Frid.
2726 4650 3042 4705 Creuzerus
3070 4650 3206 4720 post
3245 4646 3453 4703 Plotini
3482 4646 3702 4702 librum
3737 4647 3819 4704 De
3845 4647 4127 4717 pulchri-

1382 4736 1608 4806 tudine,
1652 4736 2077 4810 Heidelbergea,
2125 4738 2279 4796 1814.
2322 4739 2876 4813 Interpretationem
2912 4742 3185 4796 nostram
3223 4736 3616 4809 addidimus).

2330 5098 2663 5155 MONITUM.

883 5308 1188 5367 Fabricius
1214 5308 1372 5365 Bibl.
1407 5309 1509 5365 Gr.
1552 5308 1673 5366 vol.
1701 5311 1765 5381 V,
1795 5313 2005 5381 p.688,
2049 5313 2170 5365 not.
2197 5326 2267 5379 αι,
2303 5309 2396 5366 ed.
2430 5310 2613 5376 Har1.,
2656 5309 2904 5366 edoctus
2933 5326 2967 5365 a
3015 5307 3330 5365 Lambecio
3379 5305 3644 5376 Catalog.
3696 5304 3824 5361 bibl
3859 5308 4007 5363 Caes.
4068 5310 4206 5366 Vin-

808 5399 955 5459 dob.
978 5398 1082 5455 lib.
1108 5397 1212 5469 νη,
1255 5414 1313 5471 p.
1347 5400 1448 5455 553
1470 5398 1716 5469 Kollar.,
1759 5398 1935 5456 refert
1968 5405 2202 5455 exstare
2234 5400 2291 5455 in
2325 5400 2703 5456 bibliotheca;
2756 5398 3231 5455 Vindobonensis
3286 5400 3433 5453 Caes.
3496 5395 3700 5451 codice
3755 5395 4030 5453 libellum
4074 5399 4203 5455 ine-

752 5530 753 5533 η
810 5491 1002 5547 ditum
1036 5489 1481 5562 Anonymi.qui
1520 5489 1921 5546 inscribatur:
1958 5490 2303 5552 Ἀντιθετιχὸς
2341 5493 2507 5564 πρὸς]

2447 5510 2467 5551 ς
2496 5490 2772 5543 Πλωτῑνον.
2808 5490 2942 5561 Ejus
2973 5485 3247 5560 opusculi
3298 5484 3722 5558 apographum
3774 5485 3921 5540 mihi
3954 5489 4200 5557 roganti

809 5584 1237 5654 procuraverat
1264 5580 1614 5636 Hartmanni
1652 5580 1770 5636 mei
1796 5580 1856 5635 in
1888 5579 2018 5636 aliis
2047 5596 2289 5653 quoque
2314 5580 2495 5636 rebus
2517 5584 2829 5653 perspecta
2854 5577 3152 5635 voluntas.
3176 5578 3381 5648 Itaque
3413 5574 3659 5630 tractavi
3696 5574 3757 5629 in
3803 5575 4119 5646 manibus,
4146 5588 4203 5635 et

810 5669 1155 5727 Plotinianis
1176 5684 1315 5725 cum
1347 5670 1650 5725 sententiis
1672 5675 1797 5725 tum
1822 5670 2014 5726 verbis
2044 5686 2150 5743 per
2179 5670 2591 5727 Annotationis
2620 5669 3131 5741 opportunitatem
3158 5664 3425 5733 adhibui,
3444 5679 3592 5720 usus
3619 5663 3733 5719 hac
3762 5664 3895 5737 ipsa
3917 5666 4195 5737 appella-

802 5760 972 5818 tione
995 5760 1321 5830 Anonymi,
1356 5760 1519 5831 quod
1547 5760 2003 5817 Vindobonensc
2033 5761 2281 5832 quidem
2313 5761 2535 5816 lemma
2583 5758 2731 5816 nihil
2781 5763 3061 5832 praeterea
3094 5755 3414 5813 meutionis
3447 5752 3796 5811 contineret.
3837 5755 3981 5810 Sero
4008 5754 4203 5832 didici
