4444 6452
772 355 911 411 1403
2118 355 2491 411 NICEPHORI

2378 356 2491 411 0R1
2530 358 2767 414 CHUMN
3992 355 4133 412 1404

773 477 900 533 tulo
929 494 943 530 :
974 476 1365 552 Ἀντιρῥητικὸς
1394 482 1521 552 πρὸς
1548 481 1615 531 τὰ
1640 480 1946 555 Ἱεροκλέους
1971 482 2051 553 (7)
2084 498 2097 547 ;
2130 496 2221 547 ac,
2253 481 2303 535 si
2334 486 2528 536 extren

2380 486 2614 536 [tremas
2654 482 2838 537 astatis
2884 480 3161 554 exempla
3194 478 3413 552 quaeris
3441 493 3579 550 quae
3633 476 3997 548 Nicephorus
4023 491 4135 547 pa—

772 564 1033 621 triarcha
1062 565 1407 637 Cpolitanus
1430 568 1691 640 itemque
1713 570 2003 641 Gregoras
2027 569 2316 624 adversus
2332 569 2749 626 dissentientes
2772 570 3159 626 commentati
3193 573 3355 632 sunt,
3383 583 3455 624 ea
3474 566 4001 622 Antirrheticorum
4024 580 4136 619 no-

774 654 935 708 mine
970 652 1206 722 singula
1236 654 1614 727 appellantur
1643 658 1742 727 (8).
1774 659 1905 712 Jam
1926 674 2063 712 cum
2087 657 2311 713 Labbei
2341 673 2583 730 quoque
2609 659 2845 714 codices
2870 658 3241 714 Antirrhetici
3270 657 3332 712 in
3363 656 3478 713 hoc
3506 655 3640 727 ipso
3666 653 3865 709 libello
3895 654 4140 709 titulum

772 757 899 815 prin
938 758 1000 797 se
1029 746 1241 813 terant,
1274 744 1555 813 equidem
1586 745 1749 801 hunc
1778 762 1889 819 pro
1915 748 2145 803 veriore
2173 746 2511 802 habuerim.
2544 750 2763 803 Mutare
2785 747 2971 813 nolui,
3006 751 3213 820 utpote
3254 750 3567 802 secuturus
3598 759 3732 799 sum
3790 741 4140 814 exemplum

774 830 1236 887 Vindobonense
1276 836 1334 887 et
1370 830 1750 888 Vaticanum.

844 919 1016 984 Quod
1045 919 1493 991 disceptationis
1514 923 1829 978 materiam
1859 924 2087 991 attinet,
2114 940 2248 980 eam
2290 923 2753 996 suppeditarunt
2774 924 2902 980 bini
2932 923 3230 996 imprimis
3264 921 3399 978 libri
3452 920 3787 987 Plotiniani,
3830 919 3979 975 alter
4014 925 4145 993 Περὶ

770 1014 861 1059 τοῦ
897 1006 1168 1079 εἰληχότος
1198 1010 1334 1081 ἡμᾶς
1364 1006 1399 1061 δ
1403 1011 1715 1083 αἱμονος,άθ
1738 1014 1910 1081 genio
1937 1029 2043 1069 nos
2068 1015 2304 1084 sortito;
2332 1014 2482 1067 Enn.
2511 1028 2525 1067 l

2391 1028 2482 1067 1n.
2511 1027 2595 1081 ιιι,
2627 1016 2680 1080 4,
2705 1030 2769 1086 p.
2810 1017 2914 1068 284
2944 1021 2989 1068 Α
3018 1030 3031 1077 ;
3060 1013 3207 1069 alter
3236 1016 3362 1087 Περὶ
3400 1010 3627 1083 ἀπορίῶν
3649 1009 3853 1081 ψυχῆς,
3904 1009 3977 1064 de
4022 1008 4146 1064 du~

775 1096 880 1151 biis
906 1098 1144 1159 animae,
1181 1098 1329 1152 Enn.
1361 1114 1438 1164 iv,
1472 1103 1528 1163 3,
1553 1115 1614 1169 p.
1647 1102 1950 1169 38l—389,
1984 1101 2206 1173 quibus
2257 1100 2525 1155 Plotinus
2583 1118 2756 1157 suam
2812 1101 3172 1157 sententiam
3195 1101 3269 1156 de
3308 1098 3816 1171 metempsychosi
3865 1097 4145 1169 exponit.

725 1216 730 1223 -
775 1185 879 1241 Cui
908 1200 1047 1240 eum
1079 1184 1513 1258 philosophum
1544 1187 1764 1244 favisse
1791 1189 2004 1245 diserte
2044 1193 2291 1245 testatur
2323 1189 2689 1257 Augustinus
2729 1191 2818 1245 De
2855 1193 2966 1246 civ.
2996 1191 3124 1258 Dei,
3153 1206 3213 1256 χ,
3239 1192 3329 1250 30,
3356 1204 3416 1260 p.
3444 1190 3548 1243 266
3578 1192 3646 1242 A.
3678 1187 3763 1242 Ita
3791 1186 3952 1241 enim
3980 1185 4082 1240 ille
4116 1201 4133 1238 :

774 1271 1129 1329 «Platonem
1151 1274 1386 1330 animas
1408 1274 1724 1331 hominum
1752 1284 1891 1349 post
1913 1283 2168 1333 mortem
2190 1277 2411 1332 revolvi
2433 1293 2628 1349 usque
2653 1278 2731 1333 ad
2752 1294 3008 1351 corpora
3033 1278 3360 1333 bestiarum
3379 1275 3707 1347 scripsisse,
3733 1274 4145 1330 certissimum

774 1365 885 1416 est.
920 1363 1081 1417 Hanc
1099 1362 1452 1418 sententiam
1481 1364 1792 1437 Porphyrii
1821 1366 2031 1422 doctor
2062 1365 2252 1421 tenuit
2280 1366 2564 1433 Plotinus,
2596 1366 2930 1438 Porphyrio
2958 1371 3162 1421 tamen
3181 1366 3317 1437 jure
3341 1363 3665 1436 displicuit.
3691 1385 3719 1413 ››
3743 1363 3871 1428 Quo
3900 1361 3976 1417 de
4006 1362 4149 1417 loco

773 1451 1019 1505 consule
1049 1451 1344 1521 Wyttenb.
1368 1453 1450 1507 ad
1478 1452 1790 1523 Phaedon,
1813 1471 1873 1527 p.
1902 1455 2029 1523 211,
2063 1459 2120 1509 et
2143 1454 2299 1510 adde
2330 1470 2465 1526 quae
2490 1454 2650 1511 idem
2674 1454 2749 1510 de
2765 1456 2881 1511 hoc
2913 1454 3416 1526 philosophorum
3442 1451 3663 1523 placito
3694 1450 3935 1522 copiose
3965 1464 4154 1521 expo-

777 1537 911 1592 suit.
938 1541 1086 1593 Nam
1108 1537 1186 1593 ad
1218 1538 1579 1596 Phaedonem
1606 1547 1878 1613 spectant
1907 1543 2290 1615 potissimum
2320 1542 2449 1597 haec
2473 1542 2607 1615 ipsa
2631 1542 2779 1615 (vid.
2815 1559 2875 1614 p.
2897 1546 2986 1601 42.
3014 1545 3082 1597 90
3131 1556 3265 1613 sqq.
3306 1540 3401 1596 ed.
3461 1541 3694 1612 Wytt.);
3732 1544 3935 1593 tamen
3966 1541 4023 1592 et
4048 1536 4154 1592 alii

774 1624 1030 1681 Platonis
1050 1625 1273 1696 dialogi
1295 1627 1622 1685 adhibendi
1656 1636 1818 1700 sunt,
1846 1647 1906 1685 v.
1937 1647 1986 1686 c.
2010 1631 2050 1686 ii
2080 1630 2303 1703 quibus
2333 1630 2640 1687 decretum
2668 1630 2999 1703 ἀναμνήσεως
3030 1628 3599 1702 pertractatur.lllud
3619 1627 3847 1683 addam
3868 1642 3941 1682 ex
3959 1630 4154 1682 Ama-

774 1713 836 1769 tii
868 1713 1131 1781 schedia,
1163 1714 1436 1772 videlicet
1464 1717 1708 1788 reperiri
1729 1718 1791 1773 in
1824 1718 1958 1783 cod,
1979 1721 2101 1775 Vat.
2131 1734 2191 1773 n.
2216 1720 2319 1773 U2
2340 1718 2612 1789 ejusdem
2644 1720 2979 1793 Nicephori,
3018 1719 3103 1774 uti
3139 1703 3389 1790 quidem
3425 1716 3657 1772 videtur
3708 1716 3929 1788 (neque
3975 1715 4144 1770 enim

773 1801 1034 1858 auctoris
1058 1817 1281 1858 nomen
1300 1804 1525 1875 habet),
1554 1806 1884 1862 consimilis
1915 1808 2253 1877 argumenti
2282 1806 2609 1877 dialogum,
2631 1824 2755 1881 quo
2776 1808 2924 1864 illud
2952 1808 3259 1863 decretum
3290 1806 3551 1862 Platonis
3594 1804 3670 1859 de
3709 1804 3915 1860 anima
3936 1804 4144 1875 impu-

774 1894 994 1961 gnatur
1022 1894 1088 1946 ut
1112 1896 1363 1964 apparet
1379 1907 1449 1947 ex
1462 1893 1555 1948 his
1588 1911 1600 1948 :
1625 1892 1777 1947 Ἐστι
1803 1900 1973 1947 τοίνυν
2002 1903 2204 1970 πρῶτον
2231 1898 2343 1967 μὲν,
2372 1896 2435 1947 οὗ
2464 1916 2529 1969 μο

2393 1896 2435 1947 ιῦ
2464 1916 2554 1969 μοι
2586 1893 2733 1949 δοκεῖ
2787 1897 3020 1969 μάλιστα
3061 1894 3320 1968 (Πλάτων)
3365 1898 3574 1968 χαίρειν
3628 1901 3690 1965 τῇ
3737 1894 3935 1965 εὑρέσει
3988 1912 4002 1926 ο
4065 1892 4148 1943 ὅτι

774 1981 936 2031 οἴεται
984 1999 1076 2030 και
1124 1984 1247 2055 πρὶν
1287 1988 1543 2034 κοινωνεῖν
1592 1991 1818 2055 σώματι⁹
1878 1988 1971 2042 τὴν
2016 1984 2203 2056 ψυχὴν
2266 1982 2397 2037 εἶναι
2465 2006 2479 2018 ο
2545 1982 2784 2061 δεύτερον
2861 1982 2940 2051 δὲ,
2988 1987 3068 2037 ὅτι
3140 1981 3250 2036 δέοι
3298 1987 3357 2035 τὸ
3415 1984 3517 2044 ζῶν
3566 1980 3622 2033 ἐκ
3667 1983 3941 2042 τεθνε-ὖτος
3997 1983 4151 2041 ὄντος

776 2068 874 2141 ζῇν
938 2090 951 2102 ·
1012 2070 1188 2121 ἔπειτα
1237 2068 1394 2140 λέγων
1440 2069 1578 2138 ἑξῆς,
1635 2071 1717 2124 ὃτι
1761 2076 1922 2144 τὺχοί
1988 2092 2237 2125 εκαστον·
2268 2074 2347 2126 ὁτι
2401 2093 2456 2127 τε
2512 2072 2560 2126 ἓν
2622 2081 2823 2149 φρουρᾷ
2857 2094 2959 2127 τινι
3012 2072 3164 2146 ἐσμέν
3194 2091 3325 2125 ’και
3378 2071 3608 2143 ἀνάγκην
3657 2072 3810 2140 εἶναι,
3853 2070 3920 2131 εἰς
3979 2069 4152 2121 πολλὰ

772 2166 1096 2234 μεταχωρεῖν
1152 2165 1389 2231 σώματα,
1441 2162 1613 2233 ὥσπερ
1659 2158 1804 2236 ὕδωρ
1853 2161 1907 2225 ἐξ
1950 2161 2137 2234 ἀγγεῖα
2203 2162 2270 2223 εἰς
2337 2161 2533 2234 ἀγγέων
2595 2163 2980 2239 μεταρῥέουσαν
3042 2185 3054 2197 ·
3116 2162 3230 2235 ἐμόι
3282 2169 3408 2233 γοῦν
3468 2157 3614 2213 δοκεῖ
3663 2179 3783 2233 περι
3834 2154 3927 2211 τοῦ
3974 2166 4154 2231 προεῖ-

775 2267 861 2299 ναι
892 2244 1000 2300 δεῖν
1028 2252 1122 2305 τὴν
1168 2248 1394 2308 ζὴτησιν
1450 2253 1698 2323 πρότερον
1739 2254 2093 2309 ποιήσασθαι.
2149 2250 2323 2304 ’Ἐοικε
2376 2248 2435 2304 δὲ
2483 2260 2556 2322 τῷ
2613 2250 2801 2323 τοιῷδε
2867 2252 3101 2325 μάλιστα
3156 2250 3464 2325 ἐπιχειρεῖν,
3517 2253 3576 2301 τὸ
3616 2250 3770 2321 φάναι
3817 2255 3971 2299 τοῦτο
4020 2244 4157 2299 εἶναι

776 2339 857 2389 ὅτι
884 2357 965 2399 τις
992 2338 1153 2410 μάθοι
1183 2336 1602 2409 ἀναμνησθῆναι.
1635 2340 1806 2405 Quod
1824 2339 2126 2413 reliquum
2157 2346 2269 2409 est,
2302 2340 2386 2396 uti
2408 2356 2531 2412 pro:

2408 2341 2688 2412 proxima
2726 2358 2762 2399 a
2783 2341 3011 2397 Plotino
3032 2346 3207 2397 astate
3261 2339 3429 2395 illum
3451 2339 3585 2410 ejus
3630 2337 3703 2394 de
3726 2338 3899 2408 genio
3925 2335 4157 2392 librum

776 2426 1136 2483 memoravit
1171 2426 1530 2483 Ammianus
1564 2428 1936 2485 Marcellinus
1964 2429 2064 2501 (9),
2099 2429 2183 2484 sic
2215 2434 2481 2485 extremo
2497 2445 2744 2503 quoque
2786 2430 3248 2502 Byzantinorum
3300 2443 3430 2483 aevo
3475 2426 3607 2483 haec
3659 2425 3869 2482 Plotini
3914 2425 4161 2481 decreta

774 2515 1038 2573 necdum
1063 2516 1303 2588 penitus
1322 2515 1673 2587 exolevisse,
1697 2533 2008 2590 unumque
2034 2518 2130 2573 hic
2164 2517 2545 2575 Nathanaelis
2570 2520 2999 2575 Antirrheticus
3021 2518 3272 2574 edocere
3305 2516 3544 2589 poterit.

852 2692 1273 2776 (7)_Qlea_rius,
1301 2693 1361 2750 in
1417 2693 1557 2776 edit.
1608 2694 1966 2763 Philostrati,
2017 2696 2440 2753 Animadvers.
2553 2692 4161 2776 adﬁmmianlumnuperascripsitVfiagneruspaglé‘lg.

778 2761 1022 2822 Eusebii
1063 2765 1306 2828 librum,
1331 2780 1391 2833 p.
1423 2768 1547 2820 428.
1954 2761 1958 2763 ’
2556 2787 2585 2816 ‹‹
2628 2768 2772 2822 Vivit
2794 2768 3054 2822 Plotinus
3076 2761 3215 2821 saéc.
3242 2782 3305 2821 ιιι
3329 2770 3385 2819 et
3415 2761 3521 2819 'Liv
3573 2762 3758 2817 libros
3787 2761 4046 2833 reliquit,
4084 2761 4163 2816 de

851 2780 1021 2822 Iseon
1063 2780 1391 2890 uorum,
1423 2780 1547 2820 ηδ.
2556 2787 2585 2816 ‹‹
2632 2780 3054 2822 vmtmotinus
3076 2782 3215 2821 saec.
3242 2782 3305 2821 ιιι
3329 2780 3385 2819 et
3431 2780 3521 2819 LIV
3573 2780 3758 2817 unros
3787 2780 4046 2833 reliquit,
4084 2780 4163 2816 ae

949 2836 1199 2920 fabricii
1234 2836 1310 2891 Bi
1353 2837 1392 2891 ι.
1421 2836 1689 2920 G_r.__vol.
1723 2837 1830 2904 Vll,
1864 2853 1927 2920 p.
1985 2842 2240 2920 (its-333.
2277 2838 2442 2920 μίξει.
2556 2838 2913 2920 quibusnon
2927 2836 3707 2920 superstesestnisiisquem
3730 2838 4169 2920 gommemorat

850 2900 1069 2989 Lib.
1092 2923 1216 2989 .1351,
1252 2924 1385 2989 cap.
1414 2911 1508 2989 μ,
1534 2913 1588 2989 ξ’.
1620 2900 1991 2989 Loc‘umjam
2026 2909 2316 2989 indicavit
2346 2912 2447 2989 Fa:
2560 2900 2605 2965 1:.

2404 2926 2447 2989 ιτ
2560 2900 3036 2989 Lindenbrogius
3075 2909 3383 2989 (nimirum
3423 2900 3566 2977 Περί
3583 2914 3676 2956 τοι)
3706 2904 3800 2958 sil.
3829 2906 3923 2976 ἠμ.
3958 2900 4040 2973 δ.)
4075 2926 4097 2951 ι
4146 2920 4159 2958 :

778 2978 1005 3035 bricius
1033 2979 1111 3034 ad
1140 2978 1450 3053 Porphyrii
1491 2980 1676 3036 vitam
1708 2978 1953 3052 Plotini,
1982 2996 2115 3054 cap.
2150 2985 2237 3037 24.
2276 2981 2449 3047 Quod
2559 2988 2899 3053 concoquat
2926 2980 3029 3053 qui
3060 2985 3271 3052 potest,
3304 2993 3416 3048 ego
3455 2992 3577 3032 non
3594 2992 3867 3049 possum.

1580 3298 2349 3390 ΑΝΤΙΘΕΤΙΚΟΣ.
2408 3299 2700 3386 ΠΡΟΣ
2766 3297 3347 3386 ΠΔΩΤΙΝΟΝ

2252 3510 2403 3559 ΠΕΡΙ
2443 3510 2690 3559 ΨΥΧΗΣ.

1635 3824 2442 3910 ANTITHETIGUS
2513 3825 2627 3912 IN
2688 3826 3289 3909 PLOTINUM.

2237 4026 2357 4090 DE
2397 4026 2703 4089 ΑΝΙΜΑ.

775 4347 1184 4404 Antithetieus
1200 4348 1486 4404 adversus
1505 4348 1844 4416 Plotinum;
1867 4349 2102 4405 animas
2134 4364 2253 4404 non
2269 4348 2441 4418 prius
2471 4352 2518 4404 A

2414 4364 2441 4403 s
2471 4352 2518 4404 Α
2554 4347 2900 4408 Ἀντιθετικος
2994 4352 3121 4422 πρὸς
3219 4348 3475 4400 Πλωτῖνον
3530 4349 3544 4382 ¹
3606 4368 3620 4381 ⁸
3694 4346 3775 4399 ὃτι
3841 4351 3976 4419 μήτε
4061 4355 4168 4398 τῶν

850 4440 1323 4509 exsisterequam
1337 4453 1614 4507 corpora,
1629 4453 1819 4509 neque
1840 4454 1915 4495 ea:
1925 4439 2062 4494 aliis
2080 4440 2346 4508 migrare
2376 4440 2440 4493 in

2415 4454 2440 4493 νι
2627 4441 2882 4510 σωμάτων
2980 4440 3394 4512 πρυπάρχουσιν
3466 4439 3520 4489 αἱ
3590 4436 3792 4508 ψυχαί,
3872 4442 4005 4508 μήτε
4116 4436 4170 4497 ἐξ

851 4529 998 4597 alia,
1028 4530 1132 4584 sed
1154 4544 1345 4600 neque
1375 4530 1435 4583 in
1471 4528 1661 4583 brutis
1694 4536 1944 4585 mentem
1992 4530 2199 4593 inesse,
2250 4542 2443 4599 neque

2413 4542 2443 4583 e
2625 4528 2806 4599 ἐτέρων
2872 4530 2893 4563 ²
2936 4536 3339 4601 μεταχωροῦσιν
3393 4527 3460 4587 εἰς
3525 4526 3694 4599 ἔτερα,
3768 4524 3876 4577 ἀλλ’
3929 4521 4048 4577 οὐδ’
4116 4528 4168 4577 ἓν

852 4634 1121 4689 unquam
1147 4619 1426 4688 futuram
1447 4632 1585 4674 esse.
1605 4619 1816 4672 Multis
1847 4623 2044 4673 autem
2075 4618 2443 4674 demonstra-

2412 4634 2443 4671 l-
2622 4625 2731 4678 τοῖς
2782 4616 2992 4687 ἀλόγοις
3038 4618 3198 4669 ἔστι³
3245 4624 3382 4687 νοῦς,
3474 4612 3588 4667 οὐδ’
3659 4611 3717 4667 οὖ
3790 4620 3994 4686 μήποτε
4081 4618 4167 4683 γέ-

853 4706 1111 4762 tionibus
1142 4706 1339 4761 utitur
1368 4708 1655 4763 adversus
1706 4707 1886 4772 illud,
1942 4707 2188 4763 notitias
2241 4721 2445 4776 nempe

2415 4721 2445 4761 e
2623 4726 2780 4761 νοιτο.
2861 4706 3087 4777 Πογλαῖς
3145 4703 3203 4758 δὲ
3259 4726 3349 4757 και
3429 4713 3537 4766 τοῖς
3605 4700 3908 4766 ἀποδείξεσι
3964 4707 4168 4774 κέχρη-

850 4796 1293 4853 recordationes
1324 4810 1493 4852 esse:
1520 4811 1596 4852 ex
1625 4812 1743 4867 quo
1799 4797 2075 4866 dogmate
2133 4802 2258 4851 tum
2306 4796 2444 4850 Pto-

2415 4816 2444 4841 ι-
2625 4814 2711 4846 ται
2751 4799 2876 4869 πρὸς
2959 4795 3115 4847 έκεῖνο
3165 4796 3184 4828 ⁸
3257 4793 3516 4856 ἀπαντῶν,
3594 4797 3652 4845 τὸ
3727 4796 3822 4853 τὰς
3871 4791 4170 4863 ἐπιστήμας

852 4888 1001 4956 tino,
1045 4892 1169 4941 tum
1213 4892 1356 4941 ante
1410 4901 1541 4942 eum
1590 4886 1833 4942 Platoni
1892 4886 2311 4953 conﬁrmatum
2361 4890 2444 4941 est

2414 4890 2444 4939 τι
2628 4884 2933 4956 ἀναμνήσεις
2988 4881 3115 4936 εἶναι
3167 4907 3178 4917 -
3234 4883 3287 4947 ἐξ
3341 4885 3401 4935 οὗ
3455 4880 3522 4941 δὴ
3585 4879 3853 4955 δόγματος
3891 4880 4034 4951 αὐτῷ
4096 4891 4169 4951 τῷ

851 4980 1083 5033 animas
1103 4977 1277 5045 prius
1308 4991 1426 5031 esse
1455 4990 1636 5046 quam
1667 4990 1942 5042 Corpora.
1968 4975 2047 5029 Et
2078 4975 2150 5030 de
2180 4989 2446 5030 resurre-

2418 4991 2446 5023 ι-
2631 4974 2881 5045 ΠΙιωτ-ίνῲ
2952 4994 3041 5025 και
3114 4977 3215 5047 πρὸ
3322 4973 3483 5025 αὐτοῦ
3565 4972 3802 5025 Πλάτωνι
3850 4973 4173 5023 κατεσκευα-

850 5068 1046 5123 ctione
1099 5080 1416 5134 corporum
1448 5070 1823 5120 mortuorum
1877 5065 2166 5134 disputat,
2200 5079 2448 5135 eamque

2417 5080 2448 5120 e
2629 5082 2751 5115 σται
2834 5066 2941 5128 πρὸ
3008 5071 3105 5114 τῶν
3176 5066 3431 5135 σωμάτων
3494 5066 3583 5123 τὰς
3652 5061 3839 5133 ψυχὰς
3866 5058 4043 5112 εἶναι·
4078 5081 4172 5112 και

848 5155 1105 5213 ostendit
1125 5154 1401 5224 pluribus
1431 5154 1669 5226 quidem
1703 5156 2094 5224 argumentis,
2114 5161 2166 5210 et
2199 5169 2273 5210 ex
2302 5154 2444 5223 ipsis

2419 5170 2444 5209 s
2624 5160 2743 5226 περί
2822 5151 3071 5226 ἐγέρσεως
3182 5154 3437 5223 σωμάτων
3525 5153 3811 5203 τεθνεώτων
3917 5147 4174 5219 ἀγωνίξια

846 5245 1124 5301 Platonis
1136 5245 1209 5300 de
1220 5246 1566 5300 animarum
1590 5244 2006 5299 reviviscentia
2018 5245 2443 5313 propositioni-

2415 5273 2443 5285 -
2624 5262 2731 5309 ται,
2802 5262 2892 5293 και
2976 5238 3216 5294 δείκνυσι
3266 5244 3462 5299 ταύτην
3491 5239 3673 5302 ἄλλαις
3733 5236 3800 5297 δὴ
3853 5237 4115 5308 ἀνάγκαις
4157 5261 4170 5272 ·

849 5336 973 5403 bus,
1019 5340 1074 5391 et
1103 5334 1392 5390 bonorum
1431 5348 1662 5403 semper
1690 5334 2058 5389 manentium
2091 5333 2440 5402 fruitionem

2418 5350 2440 5389 ri
2623 5336 2714 5383 καί
2797 5333 2848 5404 γ’
2930 5331 2982 5395 ἐξ
3034 5331 3203 5383 αὐτῶν
3250 5339 3350 5383 τῶν
3392 5336 3485 5383 τοῦ
3536 5329 3803 5389 Πλάτωνος
3864 5332 4124 5401 περὶτοῦ
4152 5329 4173 5361 ⁵

2177 5476 2404 5545 Variae
2451 5474 2804 5543 lectiones.

849 5624 864 5658 ¹
897 5624 1023 5679 Vat.
1045 5627 1138 5674 τοῦ
1172 5621 1475 5693 σοφωτάτου
1506 5618 1591 5696 ἐπί
1619 5627 1711 5672 τοῦ
1737 5619 2029 5696 κανικλείου
2081 5619 2275 5675 Ἀντιθ.
2302 5639 2394 5696 πρ.
2457 5618 2553 5677 Ill.

2457 5618 2553 5677 Πλ.
2616 5618 2699 5677 Cf.
2757 5622 3007 5675 Promm.
3087 5620 3108 5654 ²
3148 5617 3275 5691 μὼν⁹
3332 5616 3501 5669 αὐτῶν
3552 5615 3693 5672 cod.
3760 5615 3889 5671 Vat.
3968 5614 3992 5647 ³
4026 5611 4178 5668 ἐστίν

774 5694 908 5754 Vat.
987 5695 1009 5729 ⁸
1038 5696 1170 5770 πρὸς
1195 5692 1343 5747 ἐκεῖν’
1366 5694 1493 5750 Vat.
1570 5692 1594 5727 ⁸
1614 5698 1708 5745 τοῦ
1747 5692 1949 5749 omisit
1988 5694 2115 5750 Vat.
