4444 6452
287 432 307 482 1
318 430 421 483 405

284 553 376 610 τὰς
464 550 651 622 ψυχὰς
715 550 1137 604 ἁναϐιῶσκεσθαι

283 638 467 690 λαυσιν
558 635 821 690 δείκνυσιν
920 639 997 692 ἀεὶ

1203 572 1218 587 ⁸
1280 555 1484 617 θέσεων,

1102 645 1352 712 μενόντων
1471 640 1676 710 ἀγαθῶν
1796 638 1884 683 καὶ

284 726 496 777 κόλασιν
560 726 751 797 ψυχῶν
818 729 947 799 όμοῦ
1013 730 1033 761 ’⁷
1113 734 1201 779 καὶ
1284 732 1535 801 σωμάτων
1621 721 1885 797 μηδέποτε

287 814 572 885 λήγουσαν.

356 903 425 956 α’.
460 903 603 973 Ἐμοὶ
650 907 707 954 τό
760 906 922 977 παρόν
979 901 1327 977 σπούδασμα,
1359 910 1483 980 πρὸς
1512 905 1763 958 Πλωτίνον
1795 906 1883 952 καὶ

283 994 400 1052 τούς
432 990 623 1043 ἐκείνου
654 997 772 1065 περὶ
804 992 1064 1064 ἀφθάρτου
1118 994 1300 1065 ψυχῆς
1360 994 1565 1065 λόγους.
1631 998 1729 1044 Καὶ
1781 993 1881 1063 γὰρ

286 1080 367 1130 ὅτι
390 1084 479 1151 μεν
520 1082 545 1131 ό
584 1080 633 1132 έν
683 1084 807 1153 ἡμῖν
852 1089 968 1142 νοῦς
1018 1083 1234 1147 ἁπλοῦς,
1292 1088 1382 1135 καὶ
1451 1082 1745 1145 ἁσύνθετος,
1796 1085 1885 1130 καὶ

285 1168 401 1219 καθ’
433 1167 613 1219 ἑαυτὸν
644 1170 893 1240 ὑφεστὼς,
929 1175 1018 1222 καὶ
1076 1172 1214 1231 ζωὴν
1267 1170 1315 1223 έν
1367 1171 1531 1241 ἑαυτῷ
1583 1172 1740 1240 ἔχων,
1797 1172 1885 1219 καί

285 1274 345 1325 γε
396 1275 637 1329 κρειττων
684 1259 861 1319 πάσης
942 1261 1137 1332 φθορᾶς
1212 1265 1301 1311 xui
1373 1264 1562 1320 παντός
1652 1258 1884 1328 ὀλέθρου,

285 1352 435 1397 τοῦτο
474 1344 693 1416 κάκείνῳ
744 1352 832 1398 καὶ
890 1356 953 1417 τῇ
1014 1347 1231 1419 ἀληθείᾳ
1278 1348 1438 1421 κάμοὶ
1492 1346 1653 1413 δοκεῖ,
1714 1352 1803 1399 καὶ
1843 1346 1886 1398 εἰ

286 1453 367 1496 τις
417 1435 580 1505 ἕτερος
641 1434 805 1508 ὀρθῶς
857 1433 1097 1508 βούλοιτο
1154 1446 1387 1501 σκοπεῖν,
1459 1439 1549 1488 καί
1626 1456 1684 1506 γε
1757 1439 1887 1509 πρὸς

284 1529 386 1575 πᾶν
414 1520 675 1580 δήπουθεν
728 1524 878 1585 εὐθὺς
933 1527 1068 1577 θεῖτο
1125 1530 1261 1595 (l0),
1318 1532 1376 1580 τό
1441 1546 1497 1597 γε
1552 1530 1677 1600 πρὸς
1732 1532 1884 1576 τοῦτο

287 1615 455 1683 φέρον,
510 1616 600 1663 καὶ
647 1619 753 1671 τοῖς
818 1612 1078 1665 Πλωτίνου
1127 1614 1297 1684 λόγοις
1352 1616 1521 1675 καλῶς
1613 1610 1885 1665 ἀποδεδειο

283 1704 485 1770 γμένον.
522 1706 636 1760 Πῶς
661 1702 763 1772 γὰρ
806 1700 826 1735 ³
880 1706 970 1753 καὶ
1033 1703 1109 1759 εἴη
1170 1701 1225 1754 ἐκ
1285 1706 1566 1763 συνθέσεως
1606 1710 1743 1767 νοῦς,
1795 1707 1884 1754 καὶ

283 1786 339 1838 ix
364 1807 514 1839 τινων
541 1796 707 1862 μερῶν
737 1794 1012 1840 συνιόντων
1047 1806 1061 1855 ;
1094 1794 1137 1842 εἰ
1174 1794 1263 1862 μεν
1311 1811 1409 1863 γαρ
1464 1791 1515 1853 ἐξ
1553 1791 1620 1841 ὧν
1672 1792 1881 1841 πάνταθ

1482 426 1649 482 Αῡν.
1686 417 2038 476 PLOTINUM
2078 417 2169 471 DE
2206 418 2443 477 ΑΝῙΜΑ.

3503 423 3640 475 1406

1578 554 1667 601 καὶ
1756 544 1888 595 ἀπὸ·
1924 547 1965 593 Α
1997 543 2247 597 ostendit
2265 548 2675 602 elanimarum
2697 548 2946 602 simulet
2976 560 3292 614 corporum
3329 558 3638 615 nunquam

1992 631 2310 697 ﬁniturum
2340 636 2725 703 supplicium.

2068 905 2113 955 1.
2150 905 2211 956 In
2249 902 2363 957 hac
2390 918 2524 959 mea
2547 901 2957 958 lucubratione
2988 901 3281 956 Plotinum
3324 902 3382 954 et
3409 898 3538 969 ejus
3569 898 3644 954 de

1992 990 2424 1063 incorruptibili
2453 992 2656 1047 anima
2692 992 2994 1048 doctrinas
3015 989 3275 1045 refellere
3303 988 3638 1059 aggredior.

1995 1082 2221 1136 Etenim
2260 1082 2425 1152 quod
2456 1082 2515 1137 in
2546 1082 2721 1137 nobis
2748 1082 2819 1136 sit
2839 1096 3010 1136 mens
3038 1080 3293 1151 simplex
3326 1083 3382 1133 et
3420 1078 3642 1133 incom-

1995 1170 2214 1240 posita,
2248 1171 2371 1226 etin
2396 1188 2458 1225 se
2490 1172 2840 1236 subsistens,
2874 1172 3175 1241 vitamque
3207 1169 3267 1223 in
3299 1184 3360 1222 se
3387 1167 3642 1233 habens,

1995 1263 2052 1312 et
2071 1259 2270 1312 omnis
2300 1260 2699 1331 corruptionis
2721 1265 2777 1312 et
2809 1258 3075 1313 interitus
3101 1256 3302 1312 nescia
3336 1273 3349 1321 ;
3381 1254 3441 1308 id
3464 1258 3520 1308 et
3561 1252 3645 1307 illi

1995 1353 2050 1400 et
2076 1363 2218 1401 sane
2248 1348 2391 1402 mihi
2416 1363 2660 1419 quoque
2694 1346 2948 1414 videtur,
2976 1352 3033 1400 et
3056 1345 3102 1399 si
3129 1344 3262 1411 quis
3293 1342 3444 1398 alius
3487 1346 3644 1397 recte

1994 1433 2293 1505 inquirere
2342 1434 2497 1496 velit,
2552 1440 2608 1489 et
2652 1440 2916 1489 mentem
2979 1434 3275 1488 sinceram
3358 1429 3645 1485 adhibere

1994 1522 2085 1577 his
2134 1524 2416 1578 omnibus
2482 1540 2617 1595 quae
2681 1522 2889 1577 Plotini
2946 1521 3231 1592 operibus
3310 1518 3463 1573 bene
3546 1516 3646 1572 de-

1994 1617 2425 1667 monstrantur.
2468 1611 2784 1677 Quomodo
2807 1612 2966 1666 enim
2986 1609 3325 1681 composita
3346 1622 3519 1662 mens
3558 1621 3647 1661 es-

1993 1705 2080 1755 set
2108 1701 2134 1753 ?
2154 1700 2378 1772 quibus
2392 1700 2665 1771 partibus
2688 1698 3211 1769 congredientibus
3242 1696 3270 1751 ?
3303 1696 3360 1751 Si
3385 1695 3547 1750 enim
3571 1710 3645 1750 ex

1992 1788 2062 1844 iis
2093 1788 2314 1859 quibus
2340 1789 2546 1843 omnia
2567 1792 2865 1857 constant,
2883 1786 3238 1858 corporibus
3267 1782 3646 1855 simplicibus

284 1871 332 1924 έν
392 1876 649 1943 συνθέσει,
710 1874 883 1926 ἁπλῶν
948 1880 1101 1928 ὄντων
1169 1881 1422 1949 σωμάτων
1484 1882 1573 1930 καὶ
1643 1883 1878 1951 πρῶτων,
1921 1896 1960 1950 Β
1994 1892 2039 1933 ἃς

1921 1896 1960 1950 Β
1994 1892 2064 1933 ac
2080 1877 2290 1949 primis
2322 1876 2465 1932 :sed
2492 1893 2560 1932 ex
2581 1877 2672 1931 his
2703 1876 2936 1931 nullum
2959 1875 3199 1947 cogitat.
3227 1876 3407 1927 Porro
3435 1886 3508 1926 ex
3521 1885 3644 1926 non

284 1961 394 2013 ἀλλ’
437 1962 582 2015 ούθεν
635 1965 831 2015 τούτῶν
885 1972 1009 2019 νοεῖ.
1066 1965 1150 2018 Ἐκ
1202 1974 1327 2035 γοῦν
1382 1965 1610 2024 ἀνοήτων
1657 1975 1766 2027 πῶς
1824 1964 1884 2017 ἂν

282 2057 373 2104 καὶ
405 2053 451 2087 ¹⁰
475 2056 671 2123 γένοιτο
692 2072 829 2118 νους,
865 2055 894 2112 ἦ
926 2063 1035 2115 πῶς
1076 2053 1136 2105 ἂν
1185 2056 1252 2106 ὧν
1300 2064 1467 2108 ταῦτα
1527 2052 1734 2128 οὐδαμῆ
1796 2055 1885 2107 ού-

283 2137 467 2212 δαμῶς
522 2140 715 2211 ἐφίεται
770 2140 912 2213 (11),
982 2151 1082 2194 τῶν
1139 2152 1335 2201 νοητῶν
1395 2144 1523 2216 λέγω
1598 2149 1687 2195 καὶ
1758 2145 1885 2218 ύπερ

280 2237 465 2296 ταῦτα,
515 2230 665 2291 οὗτος
717 2228 769 2292 ἐξ
824 2230 993 2282 αύτῶν
1041 2238 1398 2305 γεγενημένος,
1476 2232 1745 2304 ἐφικέσθαι
1825 2232 1885 2284 ἆν

283 2314 530 2375 δυνηθείη
574 2335 589 2383 ;
630 2318 673 2370 εἰ
704 2315 755 2370 δ’
818 2319 979 2371 ἄλλων
1038 2331 1187 2372 τινῶν
1226 2324 1368 2395 παρὰ
1407 2331 1574 2373 ταῦτα
1631 2324 1885 2393 σωμάτων

283 2406 686 2479 συμπλακέντων
728 2406 878 2468 ζῶσα
914 2413 1003 2460 καὶ
1058 2418 1252 2461 νοοῦσα
1532 2416 1779 2474 συνέστη,
1842 2411 1887 2462 εἰ

282 2498 373 2567 μεν
430 2500 746 2569 παχυτέρων
799 2501 887 2548 καὶ
943 2494 1327 2573 ὑλωδεστέρων,
1390 2498 1500 2551 ἀλλ’
1555 2502 1746 2552 οῖτοπον
1832 2499 1886 2551 ἐκ

280 2592 381 2636 τῶν
440 2587 480 2619 ¹¹
542 2604 787 2636 τοιούτων
838 2593 956 2637 νοῦν
1015 2589 1345 2639 συνεστάναιι
1405 2592 1495 2640 καὶ
1568 2587 1642 2641 ἔτι
1698 2588 1886 2661 μᾶλλον

282 2673 343 2726 ἂν
408 2671 707 2731 ἀνοηταίνοι
765 2677 879 2744 (12)
926 2674 1081 2746 ψυχὴ
1136 2680 1307 2751 νοερὰ,
1363 2676 1581 2751 ἀμοίρου
1664 2698 1887 2739 νοησεως

283 2764 463 2824 πάσης
494 2765 537 2797 ¹²
568 2761 728 2823 ούσης
765 2770 858 2823 τῆς
895 2759 1015 2823 ὖλης
1066 2768 1156 2816 xui
1221 2774 1310 2825 τῆς
1376 2763 1595 2819 τοιᾶσδε
1659 2767 1887 2839 μάλιστα

283 2856 516 2922 παχείας
544 2851 691 2913 ύλης·
727 2851 769 2903 εἰ
797 2848 848 2903 δ’
888 2850 941 2915 ἐξ
968 2850 1328 2927 ἁπλουστέρων
1366 2874 1447 2925 γε,
1489 2860 1578 2907 καὶ
1626 2854 1661 2907 ἃ
1715 2859 1779 2907 τὰ
1840 2858 1885 2891 ¹³

282 2948 465 3012 πρῶτα
492 2945 710 3011 πέφυκεν
737 2942 806 3000 ὡς
837 2937 905 2998 δὴ
940 2943 984 2975 ¹⁴
1015 2940 1184 3015 ἀρχαὶ
1236 2952 1336 2994 τῶν
1390 2943 1575 3013 ἄλλων,
1626 2943 1732 2996 ἀλλ’
1792 2946 1886 2997 ούκ

284 3031 425 3080 ἔστιν
465 3024 580 3080 οὐδ’
644 3030 807 3103 εὑρεῖν
866 3032 1005 3082 ἔστιν
1066 3030 1393 3105 ἁπλούστερα
1441 3030 1703 3106 οὐδαμῶς,
1769 3033 1885 3087 οὐδ’

283 3117 334 3170 έν
359 3117 543 3178 αὐταῖς
600 3116 843 3178 ἐπινοίαις
890 3127 988 3170 τῶν
1046 3122 1313 3193 τεσσάρων
1367 3120 1420 3184 ἐξ
1473 3122 1540 3173 ὧν
1601 3120 1668 3181 δὴ
1726 3125 1888 3177 τοῖλλα

1994 1965 2395 2036 cogitantibus
2424 1964 2736 2037 quomodo
2766 1979 2938 2019 mens
2968 1962 3151 2027 ﬁeret,
3185 1966 3288 2017 aut
3341 1959 3647 2033 quomodo

1996 2056 2071 2109 ad
2087 2071 2155 2110 ea
2168 2072 2304 2127 qua:
2323 2071 2638 2127 nunquam
2651 2054 2747 2111 illa
2761 2058 3067 2125 appetunt,
3083 2049 3475 2121 intelligibilia
3486 2049 3645 2118 dico,

1995 2160 2066 2199 ac
2105 2145 2282 2199 etiam
2312 2160 2493 2215 supra
2514 2144 2633 2209 illa,
2663 2160 2801 2197 cum
2825 2144 2958 2214 ipsa
2983 2142 3144 2197 exiis
3174 2141 3267 2209 sit,
3298 2142 3503 2211 posset
3552 2153 3648 2193 as-

1998 2248 2241 2300 surgere
2258 2233 2285 2287 ?
2301 2234 2355 2288 Si
2369 2248 2510 2287 vero
2529 2248 2598 2287 ex
2622 2232 2751 2287 aliis
2766 2231 3121 2303 corporibus
3145 2227 3648 2285 connexitvivens

1996 2328 2053 2377 et
2083 2322 2355 2391 cogitans
2394 2323 2598 2378 anima
2628 2322 2934 2386 consistat,
2967 2319 3266 2392 siquidem
3298 2334 3370 2373 ea
3394 2316 3649 2373 crassio-

1994 2410 2084 2466 ria
2110 2418 2165 2465 et
2196 2410 2620 2477 faeculentiora,
2669 2410 3003 2467 absurdum
3058 2412 3146 2464 est
3204 2407 3423 2463 talibus
3480 2419 3649 2461 men-

1996 2504 2115 2554 tem
2138 2506 2429 2556 constare.
2460 2503 2544 2555 Ac
2561 2500 2756 2569 magis
2777 2501 2957 2555 etiam
3008 2498 3304 2569 desiperet
3337 2511 3509 2551 mens
3560 2496 3649 2549 in-

1995 2588 2230 2644 tellectu
2257 2588 2680 2660 prmdita,cum
2712 2590 2785 2644 sit
2814 2588 3011 2644 omnis
3038 2578 3414 2656 cegitationis
3435 2599 3649 2656 expers

1997 2678 2249 2733 materia
2274 2683 2331 2734 et
2354 2678 2651 2750 imprimis
2666 2677 2818 2734 adeo
2840 2692 3060 2733 crassa.
3088 2676 3146 2731 Si
3173 2680 3375 2730 autem
3407 2690 3479 2729 ex
3510 2673 3649 2727 sim-

1994 2766 2340 2839 plicioribus
2370 2774 2426 2822 et
2455 2768 2525 2821 iis
2552 2783 2687 2839 qum
2732 2768 2927 2839 prima
2973 2770 3114 2821 nata
3166 2768 3304 2819 sunt
3358 2768 3651 2833 tanquam

1997 2855 2252 2913 aliorum
2279 2856 2574 2928 principia
2603 2876 2616 2923 ;
2651 2856 2753 2911 sed
2779 2871 2900 2911 non
2920 2861 3058 2911 sunt
3088 2870 3196 2909 nec
3226 2851 3474 2907 inveniri
3507 2866 3651 2923 pos-

1999 2953 2139 3002 sunt
2164 2945 2529 3016 simpliciora
2557 2961 2753 3016 neque
2782 2945 2916 3015 ipsa
2945 2942 3401 3013 imaginatione,
3463 2954 3650 3011 quam

1995 3041 2256 3108 quatuor
2284 3034 2504 3107 quibus
2534 3036 2737 3089 omnia
2766 3038 2998 3089 caetera.
3045 3035 3111 3088 Et
3168 3046 3314 3086 sane
3354 3042 3549 3102 neque
3579 3042 3655 3082 ex

1998 3124 2250 3181 materia
2279 3131 2334 3180 et
2359 3124 2555 3180 forma
2584 3122 2986 3195 compositum
3017 3120 3249 3193 aliquid
3284 3125 3372 3175 est
3396 3134 3567 3174 mens
3599 3121 3657 3173 et

286 3208 455 3258 πάντα
487 3207 552 3241 ¹⁵ο
587 3211 672 3257 xui
706 3212 810 3279 μὴν
841 3203 958 3258 ουδ’
989 3205 1043 3269 ἕξ
1086 3208 1210 3271 ὕλης
1262 3206 1523 3267 δήπουθεν
1577 3218 1665 3264 καὶ
1712 3210 1887 3276 εἱδους
1919 3245 1959 3297 C
1997 3230 2037 3286 q

1919 3245 1959 3297 ρ
1997 3230 2132 3286 qua:
2164 3214 2498 3269 secundum
2529 3213 2726 3285 ipsam
2764 3216 2855 3267 est
2884 3212 3108 3279 anima,
3137 3210 3217 3266 ita
3240 3214 3302 3265 ut
3348 3209 3482 3281 ipsa
3530 3221 3653 3262 non

204 3348 209 3357 ,
288 3296 531 3348 σύνθετον
556 3299 677 3357 νόῦς
728 3301 817 3347 καὶ
864 3295 1019 3367 ψυχὴ
1075 3299 1104 3355 ἠ
1155 3300 1291 3349 κατὰ
1351 3308 1551 3363 τοῦτον,
1599 3305 1669 3362 ὡς
1726 3302 1760 3354 ἆ
1816 3299 1884 3361 δὴ

284 3404 374 3435 και
425 3387 556 3442 αῦτη
627 3388 697 3456 μὴ
754 3382 809 3447 ἐξ
854 3384 1027 3436 ἁπλῶν
1077 3388 1341 3449 σύνθετον,
1414 3386 1608 3441 ἁπλοῦν
1676 3388 1726 3443 δ’
1809 3395 1885 3450 εἴη

288 3480 460 3545 σῶμα,
496 3475 782 3535 συνθέσεως
829 3473 987 3536 ἄλλης
1038 3474 1447 3547 ἀπηλλαγμένον.
1508 3477 1641 3531 Ἀλλ’
1701 3480 1743 3533 εἰ
1798 3502 1889 3534 και

283 3568 459 3630 τοῦτο,
494 3562 612 3614 οὔτέ
637 3566 731 3619 τὴν
756 3562 881 3620 ὓλην
910 3566 1023 3615 ἔστι
1054 3561 1345 3636 δυναμένην
1375 3573 1504 3619 νοεῖν
1533 3570 1729 3621 τιθέναι
1752 3571 1886 3643 (13),

283 3655 477 3723 μέχρις
497 3649 557 3701 ἂν
578 3650 705 3702 αύτὸ
736 3647 801 3709 δὴ
832 3652 986 3704 τοῦτο
1008 3655 1083 3710 εἴη
1143 3673 1233 3705 και
1285 3660 1437 3726 μόνον
1492 3655 1613 3725 ὓλη,
1674 3661 1790 3711 οὔτε
1829 3665 1888 3713 τό

286 3735 427 3801 εἶδος
473 3740 600 3791 αύτὸ
660 3736 728 3798 δὴ
772 3748 927 3792 τοῦτο
983 3761 1073 3793 και
1127 3748 1280 3815 μόνον
1326 3745 1669 3818 θεωρούμενον
1725 3746 1887 3815 εἶδος,

285 3829 417 3881 ὥστε
443 3849 534 3880 και
555 3826 707 3891 αὖθις
733 3828 786 3892 ἐξ
822 3828 1051 3887 ἀνοήτων
1118 3830 1177 3882 ἆν
1238 3840 1357 3894 νοῦς
1413 3836 1515 3890 εἴη’
1572 3834 1597 3886 ὃ
1644 3832 1711 3895 δὴ
1753 3848 1890 3911 πρῶ-

284 3937 370 3969 τον
404 3919 470 3978 ὡς
509 3920 701 3971 ἄτοπον
760 3921 790 3977 ἦ
853 3939 944 3971 και
1009 3921 1163 3971 ᾶνουν
1226 3922 1383 3973 εἰπεῖν
1445 3924 1715 3997 ἑφύγομεν,
1790 3935 1889 3982 Και

281 4010 451 4058 τοίνυν
503 4008 659 4079 ψυχὴ
712 4008 862 4068 ζῶσα
905 4028 995 4060 και
1052 4012 1222 4084 νοερὰ,
1282 4009 1423 4063 ούσω
1471 4009 1538 4069 δὴ
1584 4035 1673 4066 και
1738 4026 1891 4075 σῶμα

279 4101 382 4148 πᾶν
404 4099 573 4169 φεύγει
606 4101 739 4149 ὥστε
767 4097 909 4149 τοῦτ’
974 4099 1123 4169 εἶναι,
1185 4119 1276 4151 και
1322 4106 1496 4152 πᾶσαν
1538 4106 1713 4175 φεύγει
1772 4110 1887 4158 σύν-

283 4185 424 4238 θεσιν
464 4185 589 4237 ὥστ’
630 4185 683 4249 ἐξ
735 4186 900 4248 αύτῆς
956 4184 1109 4243 εἶναι.
1146 4193 1245 4241 Καί
1311 4193 1419 4262 μὴν
1484 4210 1575 4243 και
1645 4193 1910 4259 Πλωτίνος

2000 3302 2371 3376 simplicibus
2402 3306 2821 3373 componatur,
2850 3300 2958 3355 sed
2991 3315 3209 3371 corpus
3258 3297 3512 3370 simplex
3559 3296 3652 3363 sit,

1999 3390 2149 3447 alius
2193 3389 2641 3462 compositionis
2680 3404 2916 3461 expers.
2979 3387 3093 3443 Sed
3140 3388 3202 3442 in
3272 3387 3387 3441 hac
3460 3385 3655 3458 hypo-

2000 3480 2173 3551 thesi,
2200 3496 2394 3551 neque
2421 3480 2733 3535 materiam
2767 3484 2831 3534 ut
2860 3476 3163 3547 cogitandi
3187 3491 3476 3548 capacem
3517 3488 3657 3545 sup-

1998 3586 2223 3644 ponere
2252 3569 2405 3635 licet,
2446 3568 2720 3641 quandiu
2768 3567 2914 3623 nihil
2953 3566 3067 3623 nisi
3101 3566 3240 3638 ipsa
3298 3564 3548 3621 materia
3600 3567 3659 3619 et

2001 3660 2385 3716 solummodo
2398 3657 2649 3714 materia
2670 3657 2775 3723 sit;
2808 3672 3003 3728 neque
3016 3658 3209 3711 forma
3229 3660 3335 3722 est,
3364 3669 3500 3725 quas
3530 3666 3657 3708 non

2000 3750 2114 3805 nisi
2146 3748 2340 3803 forma
2365 3752 2419 3802 et
2450 3745 2833 3803 solummodo
2854 3744 3049 3800 forma
3068 3744 3147 3800 ad
3194 3740 3656 3814 contemplatio-

1999 3855 2139 3895 nem
2172 3837 2493 3909 pertinens.
2530 3836 2607 3891 ita
2638 3841 2700 3890 ut
2726 3850 2794 3890 ent
2826 3849 2948 3889 non
2979 3831 3447 3903 intelligentibus
3478 3846 3654 3885 mens

2000 3930 2121 3983 ﬁat.
2152 3926 2324 3992 Quod
2355 3940 2500 3981 sane
2522 3926 2784 3997 primum
2818 3927 2881 3978 ut
2919 3922 3254 3979 absurdum
3286 3926 3344 3977 et
3400 3920 3653 3976 demens

2000 4017 2195 4072 dicere
2222 4015 2571 4087 refugimus.
2595 4015 2660 4069 Et
2682 4013 2859 4084 igitur
2884 4012 3314 4069 animavivens
3366 4026 3436 4065 ac
3491 4009 3653 4079 cogi-

2000 4111 2134 4162 tans
2154 4104 2363 4177 procul
2376 4103 2546 4159 abest
2561 4109 2625 4159 ut
2637 4104 2709 4159 sit
2737 4118 2957 4175 corpus
2996 4101 3334 4174 quoddam,
3364 4104 3422 4157 et
3447 4099 3656 4173 procul

2000 4197 2175 4251 abest
2201 4198 2266 4249 ut
2290 4192 2560 4266 quadam
2597 4192 3031 4265 compositione
3044 4190 3485 4248 eﬂormetur.Et
3506 4204 3653 4246 sane

1666 4318 1889 4388 Variae
1938 4319 2293 4388 lectiones.

353 4450 376 4485 ⁸
401 4449 851 4534 ἁναϐιώσεσεσθαι
871 4452 1085 4534 νῇράετ
1108 4474 1162 4506 τε
1190 4454 1333 4534 add.
1523 4459 1781 4534 fuv‘add.
1807 4464 1913 4519 Vat
1934 4465 1954 4497 9
1976 4483 2066 4515 και
2084 4482 2108 4513 τ

1892 4468 1913 4518 ι
1934 4465 1954 4497 ⁹
1976 4483 2066 4515 και
2084 4466 2152 4513 τὰ
2176 4463 2330 4534 Αοιπρι
2355 4461 2527 4511 πάντα
2545 4462 2611 4534 τᾲ
2636 4458 2685 4534 έν
2716 4478 2775 4534 ρ’.
2805 4460 2932 4515 Vat.
2965 4459 3010 4493 ¹⁰
3032 4478 3121 4509 και
3141 4456 3310 4513 abest
3332 4473 3371 4513 a
3415 4457 3549 4513 Vat.
3608 4459 3646 4489 ”

277 4530 378 4574 τῶν
396 4536 515 4579 non
548 4531 635 4580 est
658 4525 718 4579 in
748 4523 873 4587 Vat,
911 4526 954 4561 ³³
978 4527 1159 4588 πάσης
1182 4532 1332 4584 νοήσ.
1368 4529 1495 4585 Vat.
1532 4531 1575 4563 “
1601 4528 1637 4581 ἂ
1666 4527 1734 4589 δὴ
1768 4536 1892 4590 Vat.
1931 4537 1975 4570 ³⁵
2006 4554 2032 4585 τ

1085 4544 1159 4588 ἠς
1182 4532 1332 4584 νοήσ.
1368 4529 1495 4585 Vat.
1532 4531 1575 4563 “
1601 4528 1637 4581 ἂ
1666 4527 1734 4589 δὴ
1768 4536 1892 4590 Vat.
1931 4537 1975 4570 ⁸³
2006 4535 2106 4585 τῶν
2136 4565 2207 4575 --
2239 4532 2410 4584 πάντα
2441 4532 2686 4587 omnisit
2715 4532 2840 4586 Vat.

1860 4641 2077 4708 Notae.

347 4746 459 4816 (10)
482 4747 573 4827 Sic
589 4748 771 4827 etiam
798 4748 1091 4827 inﬂatio.”
1112 4749 1227 4805 nisi
1243 4748 1396 4827 forte
1428 4751 1635 4807 vitium
1663 4754 1885 4819 subest.
1921 4763 1963 4816 D
2000 4757 2129 4826 ipsa
2158 4756 2377 4826 species
2396 4754 2478 4827 psit
2507 4754 2870 4811 solummodo
2892 4754 3123 4827 species
3154 4754 3231 4810 ad
3265 4754 3653 4827 contempla-

280 4824 345 4892 _ut
393 4818 682 4892 scriptum
722 4818 897 4874 fuerit
924 4822 1067 4892 παρὰ
1110 4826 1210 4872 πᾶν
1252 4852 1325 4861 --
1374 4823 1509 4875 θεῖτο
1561 4842 1573 4890 ;
1630 4828 1891 4883 tenenda

276 4888 653 4945 locutio'est.
711 4892 791 4945 Ex
823 4888 1218 4947 Demosthene
1280 4893 1523 4949 advers.
1563 4888 1883 4954 ’Aristocr.

278 4963 384 5045 66f
410 4960 664 5045 laudant
694 4964 1117 5045 grammatici:
1149 4968 1281 5045 πρὸς
1308 4969 1367 5016 τὸ
1410 4966 1580 5027 καλῶς
1629 4967 1752 5039 ἕχον
1809 4975 1882 5021 τί·

280 5035 487 5090 εσθαίθ.
522 5034 813 5097 Ouocirca
859 5034 941 5089 nil
977 5034 1223 5091 mutavi.

347 5106 461 5174 (11)
484 5104 797 5175 Ἐφικνεῖται
824 5104 885 5159 in
908 5106 1185 5173 margine
1206 5111 1261 5161 et
1278 5106 1359 5161 sic
1382 5108 1507 5162 Vat.
1529 5115 1705 5164 recte.

351 5178 464 5253 (l2)
491 5175 1039 5253 Platonicum._Vi_d.
1066 5177 1289 5253 Phileb.
1332 5195 1371 5248 p
1413 5251 1423 5253 _
1461 5183 1535 5253 1:27
1566 5180 1629 5243 d,
1680 5182 1883 5253 Steph.

327 5246 469 5303 .211
518 5248 641 5318 Bip.
687 5246 930 5319 Epistol.
964 5251 1025 5303 ΧΙ
1056 5248 1164 5304 ﬁn.
1259 5292 1270 5305 .
1333 5246 1436 5304 169
1476 5250 1603 5322 Bip.
1648 5246 1875 5309 Julian.

330 5323 438 5373 rat.
474 5317 720 5375 “p.57.
756 5322 820 5373 Ill
887 5319 981 5373 1H
1042 5265 1368 5375 Snanﬁem.
1428 5331 1481 5375 et
1530 5322 1713 5375 huius
1760 5334 1875 5375 not.

330 5317 519 5393 rat._ll
548 5317 820 5393 p’._57.'l_ll
855 5319 981 5393 _1_t_t
1024 5317 1395 5393 _Spanhem._
1428 5331 1481 5375 et
1530 5317 1713 5393 liujus
1759 5334 1880 5381 not.

278 5389 357 5467 ad
376 5388 1105 5467 Ari_st0ph._S‘cho_l.Nubb'.
1131 5394 1257 5459 486,
1286 5391 1425 5447 coll.
1450 5388 1779 5467 interprett.
1806 5397 1886 5452 ad

277 5460 535 5531 Mesych.
573 5460 610 5523 1,
645 5464 749 5516 386
773 5460 995 5517 Albert.

350 5533 461 5604 (13)
492 5534 693 5608 Neque
727 5532 977 5588 materia
1026 5532 1173 5608 poni
1225 5538 1423 5608 potest
1481 5540 1773 5608 tanquam
1812 5555 1884 5595 ea

276 5602 415 5687 qua;
427 5602 901 5687 cogita_requeat,
930 5602 1201 5687 quandiu
1226 5602 1634 5687 (squousque
1660 5611 1748 5665 nil
1768 5613 1885 5666 nisi

275 5676 407 5755 ipsa
423 5676 676 5755 materia
688 5682 741 5731 et
764 5676 1132 5755 solummodo
1147 5676 1487 5755 materiasit
1513 5676 1739 5753 :heque
1751 5698 1879 5755 spe-

277 5746 397 5808 cies
431 5746 1036 5831 (tanquamcogitans
1066 5749 1586 5825 potestponi)quae
1614 5746 1736 5810 n'on
1766 5746 1886 5811 nisi

2002 4825 2222 4883 tionem
2256 4826 2580 4899 pertinens.
2621 4848 2746 4899 »_——
2774 4826 3119 4881 Tenendum
3162 4825 3354 4899 rarius
3408 4832 3496 4877 xui
3534 4825 3651 4882 'ad-

1993 4899 2219 4969 jectum
2257 4897 2542 4953 iformulaa
2600 4897 2726 4949 αύτό
2783 4906 2937 4949 τοῦτο
2999 4917 3171 4970 μονον.
3227 4897 3388 4952 Plato
3469 4900 3652 4970 Gorg.

1998 4965 2055 5042 ζ).
2095 4973 2195 5026 182
2224 4988 2236 5024 :
2267 4970 2387 5021 Ὀτι
2416 4977 2509 5022 εῐεν
2540 4975 2891 5041 παρασκευαὶ,
2953 4965 3007 5021 αἱ
3059 4974 3147 5041 μὲν
3188 4973 3375 5042 μέχρις
3432 4965 3652 5042 ἠὸξονῆθς,

1997 5040 2125 5094 αὐτὸ
2174 5050 2327 5113 τοῦτο
2386 5047 2537 5113 μόνον
2590 5040 3118 5113 παρασκευάζουσαι.
3173 5040 3385 5113 Elian.
3452 5040 3517 5097 V.
3571 5042 3650 5095 Η.

1997 5115 2086 5180 ΙΙΙ,
2134 5118 2194 5167 17
2255 5131 2266 5167 :
2306 5108 2394 5164 Ἦ⁷
2426 5112 2552 5185 αύτὸ
2591 5108 2745 5185 τοῦτο
2807 5117 2959 5185 μόνον
3001 5118 3093 5169 τὴν
3161 5108 3397 5163 διάνοιαν
3464 5114 3653 5183 ἀγαθοὶ

1994 5189 2277 5256 γενόμενοι.
2317 5187 2395 5239 De
2427 5183 2679 5238 solemni
2709 5182 2967 5238 formula
2999 5184 3129 5256 vid.
3152 5182 3443 5256 Toup.ad
3498 5182 3654 5239 Lon-

1996 5254 2123 5325 gini
2152 5258 2366 5324 Fragg.
2396 5257 2461 5319 V,
2495 5272 2553 5326 p.
2587 5257 2690 5310 396
2722 5272 2737 5319 ;
2772 5256 3023 5310 Fischer.
3060 5254 3134 5309 ad
3163 5254 3422 5326 zEschin.
3478 5271 3527 5307 s.
3596 5272 3653 5312 ν.

1996 5324 2174 5400 αὐτὸς,
2206 5327 2409 5400 ibique
2427 5324 2645 5400 ila‘udd.
2680 5326 2830 5400 Add.
2860 5325 3138 5400 Schaefer.
3164 5324 3244 5400 ad
3280 5326 3486 5383 Lamb.
3522 5328 3651 5382 Bos.

1994 5399 2215 5467 Ellips.
2249 5396 2467 5470 p.'368,
2503 5398 2635 5453 coll.
2693 5397 2994 5453 Heindorf.
3055 5396 3151 5470 ad
3182 5398 3363 5467 Gorg.
3423 5402 3464 5470 1.
3508 5402 3547 5452 1.
3582 5403 3657 5470 _et

1995 5475 2114 5525 Ast.
2150 5470 2228 5526 ad
2251 5468 2488 5526 _Platon.
2513 5471 2691 5541 Legg.
2728 5487 2787 5541 p.
2822 5471 2911 5524 '27.
2937 5468 3329 5541 lnsigniorem
3361 5469 3540 5538 igitur
3572 5468 3656 5525 fe-

1996 5543 2075 5597 cit
2101 5540 2429 5598 Nathanael
2458 5542 2518 5596 h.
2551 5540 3068 5597 Labundantiam
3105 5556 3230 5612 qua
3249 5540 3529 5612 adjicitur
3596 5541 3657 5597 in

1996 5613 2396 5685 eailocutione
2422 5618 2575 5685 μόνον
2607 5630 2620 5669 :
2657 5629 2735 5670 an
2780 5611 3229 5683 elegantiorem,
3257 5612 3385 5685 ipse
3421 5611 3656 5682 viderit,

1995 5684 2156 5813 intra
2186 5689 2389 5741 tamen
2416 5682 2805 5755 communem
2823 5682 3146 5741 locutionis
3180 5682 3432 5741 modum
3462 5685 3657 5759 sequi-

2018 5772 2108 5813 ur.

2018 5772 2108 5813 ur.
