4444 6452
810 436 943 490 1407
2137 427 2507 491 NICEPHORI
2547 427 2565 481 (

2415 427 2507 484 )RI
2547 427 2827 485 CHUMNI.
4027 436 4170 490 1408

805 562 862 613 et
889 555 1167 624 Plotinus,
1192 558 1247 613 et
1279 555 1328 612 si
1349 557 1486 630 quis
1517 573 1657 615 cum
1687 557 1787 616 illo
1818 562 1955 616 ante
1985 558 2152 616 illum
2183 555 2276 612 vel
2333 557 2470 627 post
2499 555 2544 608 Α

2418 555 2544 608 stA
2578 556 2665 603 καὶ
2695 555 2838 614 εἴτις
2868 553 2978 626 μετ’
3018 551 3209 606 ἐκείνου
3269 553 3314 591 ίδ
3367 557 3467 628 πρό
3529 555 3687 607 αὐτοῦ
3753 557 3782 615 ἢ
3852 557 3962 630 μετ’
4017 558 4173 610 αὐτὸν

803 648 973 704 illum
1002 652 1157 702 recte
1185 651 1242 702 et
1278 647 1526 720 pulchre
1555 649 1686 720 ejus
1718 655 1997 705 naturam
2026 648 2462 718 cognoverunt,

2424 648 2462 709 t,
2580 640 2744 715 ὀρθῶς
2793 648 2881 694 καὶ
2964 643 3132 705 καλῶς
3208 643 3503 714 ἐπέγνωσαν
3588 649 3682 702 τὴν
3770 645 3932 708 αὐτῆς
3994 651 4170 719 φύσιν,

804 735 1139 806 simplicem
1170 751 1304 792 eam
1338 736 1588 792 scientes
1620 743 1672 793 et
1696 753 1892 810 neque
1934 736 2269 792 secundum
2333 749 2463 787 cor-

2423 749 2463 786 _‘-
2580 729 2746 789 ἁπλῆν
2777 734 2971 789 ταύτην
3014 729 3231 803 εἰδότες,
3280 738 3366 784 καὶ
3420 730 3586 805 μηδὲν
3648 739 3778 805 μήτε
3831 739 3961 787 κατὰ
4023 744 4178 807 σῶμα

803 840 918 898 pus
959 839 1153 898 neque
1186 825 1517 882 secundum
1549 826 2045 898 compositionem
2065 841 2197 881 eam
2228 837 2358 880 esse
2381 820 2468 876 di-

2425 820 2468 876 i-
2577 825 2709 891 μήτε
2734 823 2867 872 κατὰ
2902 823 3140 874 σύνθεσιν
3171 822 3352 890 οὖσαν,
3378 823 3499 874 ἄλλο
3532 819 3590 875 δέ
3618 843 3667 875 τι
3697 827 3839 898 παρὰ
3891 833 4056 877 ταῦτα
4106 826 4174 893 ¹⁷,

804 917 1025 980 centes,
1066 913 1170 969 sed
1200 913 1362 971 aliud
1395 919 1602 986 praeter
1619 914 1922 988 illa,quod
1955 914 2185 972 nullam
2202 911 2463 968 dissolu-

2422 928 2463 966 ι-
2574 907 2723 960 λύσιν
2788 905 3053 982 μηδεμίαν
3097 916 3228 982 μήτε
3270 913 3462 986 φθορὰν
3522 909 3985 985 χαταδεδεγμένον.
4055 914 4177 966 Ὀτι

803 1003 1020 1061 tionem
1045 1006 1147 1058 aut
1198 1005 1641 1077 corruptionem
1701 1005 1965 1077 recipiat.
2039 1002 2212 1070 Quod
2262 1005 2460 1058 autem

2420 1015 2460 1054 ιι
2576 993 2626 1049 δ’
2682 997 2843 1059 αύτὰς
2898 1001 3092 1060 ταύτας
3149 999 3209 1062 ἃς
3277 1003 3463 1072 ἔφημεν
3520 1001 3724 1072 ψυχὰς,
3811 999 4175 1077 προδημιουρ-

804 1091 1050 1148 easdem
1082 1108 1234 1164 quas
1285 1092 1550 1148 diximus
1601 1093 1836 1151 animas
1879 1096 2039 1149 creat
2109 1096 2165 1148 et
2219 1089 2463 1145 suscitat

2416 1091 2463 1143 1t
2572 1095 2655 1159 γεῖ
2707 1090 2818 1157 (14)
2877 1094 2964 1142 καὶ
3025 1099 3326 1164 προῦφιστᾳ
3378 1100 3477 1143 τῶν
3544 1095 3817 1164 σωμάτων,
3895 1099 3984 1146 καὶ
4065 1096 4171 1144 ἀνω

803 1185 938 1238 ante
957 1196 1211 1254 corpora
1225 1185 1280 1236 et
1309 1197 1553 1238 sursum
1583 1182 1749 1254 ponit
1779 1185 1835 1236 et
1859 1182 2054 1255 primo
2087 1185 2142 1238 et
2177 1179 2286 1236 soli
2309 1177 2459 1235 εχει-

2417 1177 2459 1232 ἰ-
2571 1178 2753 1235 τίθησι
2783 1183 2871 1231 καὶ
2906 1186 2997 1231 τοῦ
3022 1185 3228 1251 πρῶτον
3275 1179 3482 1244 ἐξάπτει
3530 1186 3619 1233 καὶ
3679 1185 3832 1240 μόνου
3889 1182 4032 1243 ὄντος
4081 1187 4172 1233 καὶ

803 1269 994 1335 stenti,
1029 1269 1209 1325 etuni
1253 1269 1360 1326 soli
1393 1275 1449 1325 et
1475 1270 1726 1326 immoto
1748 1274 2009 1342 coaptat,
2044 1285 2113 1325 ac
2170 1268 2310 1325 inde
2359 1281 2459 1321 eas

2420 1281 2459 1321 ιε
2572 1265 2678 1331 ἐνὸς
2712 1271 2869 1337 μόνον
2917 1272 3005 1320 καὶ
3044 1267 3290 1326 ἀκινήτου
3347 1272 3509 1336 ὄντος,
3560 1269 3652 1322 εἶτ’
3709 1270 3896 1324 ἐκεῖθεν
3952 1271 4175 1342 ἁποσπᾳ

801 1358 1117 1424 abstrahit,
1140 1357 1423 1429 etdejicit,
1445 1363 1499 1416 et
1523 1359 1582 1415 in
1607 1358 2120 1431 corporaiuspellit
2152 1362 2307 1424 ,etcx
2331 1355 2459 1410 aliis

2412 1355 2459 1410 is
2570 1359 2658 1408 καὶ
2691 1353 2870 1427 βάλλει
2901 1358 3041 1408 κάτω
3094 1362 3181 1409 καὶ
3231 1358 3355 1411 ὠθεῖ
3395 1357 3478 1411 ἐπὶ
3529 1365 3766 1430 σώματα,
3823 1365 3911 1412 καὶ
3965 1358 4017 1423 ἐξ
4064 1359 4167 1411 ἐτέ-

801 1446 862 1504 in
893 1446 1009 1503 alia
1033 1447 1362 1503 transvehit
1392 1452 1447 1503 et
1493 1462 1564 1503 ex
1596 1448 1948 1504 melioribus
1970 1446 2299 1519 etsibiipsis
2324 1459 2459 1517 pro-

2422 1460 2459 1498 )-
2568 1462 2670 1518 ρων
2726 1443 2792 1504 εἰς
2838 1443 2981 1517 ἕτερα
3026 1444 3298 1516 ἐμϐιϐάζει
3359 1447 3489 1517 (15),
3544 1452 3634 1500 καὶ
3697 1448 3740 1484 ¹⁸
3793 1447 3845 1511 ἐξ
3897 1447 4177 1519 ἀμεινόνων

801 1535 944 1608 priis
975 1535 1032 1591 in
1061 1535 1264 1607 pejora
1287 1551 1482 1608 neque
1508 1536 1653 1609 ipsis
1702 1535 2142 1604 convenientia,
2198 1539 2254 1591 et
2309 1532 2460 1590 mul-

2422 1532 2460 1588 Ι-
2569 1536 2658 1584 καὶ
2707 1538 2935 1603 γνησίων
3007 1534 3187 1596 αύταῖς
3259 1535 3447 1607 μᾶλλον
3501 1534 3576 1587 ἐπὶ
3636 1541 3798 1612 χείρω
3865 1541 3951 1589 καὶ
4011 1539 4177 1611 μηθὲν

801 1627 928 1680 tum
953 1624 1071 1680 huc
1129 1624 1265 1681 illuc
1322 1626 1528 1695 vagari
1575 1641 1676 1683 eas
1721 1626 1912 1698 jubet,
1975 1629 2031 1681 et
2074 1624 2284 1694 gravia
2331 1623 2458 1678 haec

2429 1639 2458 1677 c
2570 1623 2791 1683 ταύταις
2848 1629 3200 1692 προσήκοντα,
3261 1644 3350 1677 και
3405 1623 3594 1682 πολλήν
3649 1646 3763 1678 τινα
3823 1627 4005 1682 τίθησι
4081 1630 4178 1683 τὴν

800 1727 873 1770 ex
903 1712 1204 1770 dementia
1228 1713 1450 1786 patitur
1471 1713 1662 1770 multa
1693 1715 1965 1785 cogitans
1997 1729 2168 1770 mens
2193 1728 2326 1785 quas
2349 1727 2459 1767 nec

2427 1727 2459 1767 ο
2570 1710 2772 1767 πλάνην
2806 1709 2995 1779 αὐτῶν,
3049 1717 3138 1764 καὶ
3190 1714 3256 1764 τὰ
3315 1709 3456 1765 δεινὰ
3501 1721 3665 1766 ταῦτα
3711 1713 3765 1777 ἐξ
3821 1713 3992 1774 ἀνοίας
4041 1715 4068 1766 ὁ
4116 1719 4181 1766 τα

799 1817 1045 1877 prorsus
1074 1802 1458 1873 intelligentia
1497 1804 1725 1861 carenti
1773 1804 1993 1859 animae
2051 1802 2352 1869 accidunt,
2395 1801 2458 1856 id

2424 1801 2458 1856 d
2573 1799 2740 1852 πολλὰ
2781 1809 2975 1873 φρονῶν
3028 1804 3231 1874 πάσχει
3279 1811 3412 1871 νοῦς,
3463 1801 3497 1855 ἀ
3542 1800 3681 1875 μηδε
3718 1812 3779 1876 τῇ
3844 1805 4179 1857 παντάπασιν

799 1906 944 1948 sane
982 1890 1341 1948 erubescens
1390 1891 1580 1948 fateor
1635 1907 1758 1948 non
1802 1893 1956 1949 bene
2010 1908 2046 1948 a
2101 1891 2264 1947 bono
2323 1889 2454 1947 Plo-
2487 1908 2531 1961 Β

2422 1915 2454 1936 ι-
2487 1908 2531 1961 Β
2577 1886 2923 1962 ἁλογῳψυχῇ
2961 1889 3256 1962 συμϐαίνει,
3293 1899 3441 1944 τοῦτο
3473 1889 3540 1949 δὴ
3583 1896 3672 1944 καὶ
3713 1892 4039 1965 αἰσχύνομαι
4103 1902 4177 1962 τῷ

799 1980 922 2036 tino
953 1979 1318 2038 aﬂirmatum
1350 1996 1499 2037 esse.
1532 1981 1630 2037 Vel
1663 1981 1864 2054 aliqua
1897 1997 1969 2037 ex
2003 1980 2356 2036 necessitate
2378 1980 2454 2035 ad

2421 1980 2454 2035 d
2571 1976 2710 2048 καλῳ
2769 1977 3012 2050 Πλωτίνῳ
3058 1983 3128 2051 μὴ
3181 1979 3350 2041 καλῶς
3403 1977 3738 2053 δεδογμένον.
3794 1980 3861 2034 Ἦ
3916 1987 4066 2041 ποίας
4123 1982 4176 2044 ἑξ

797 2069 859 2128 id
880 2069 1162 2126 doctrinae
1193 2070 1339 2126 abiit
1368 2076 1423 2126 et
1467 2070 1528 2126 id
1567 2071 1762 2127 dicere
1814 2069 2110 2136 sustinuit,
2161 2086 2232 2125 eo
2290 2069 2455 2144 quod

2422 2069 2455 2124 d
2570 2064 2798 2138 ἀνάγκης
2829 2071 2960 2140 πρὸς
2989 2069 3129 2121 τοῦθ’
3182 2069 3273 2126 ἧκε
3322 2077 3412 2121 τοῦ
3474 2072 3517 2106 ³9
3579 2067 3862 2142 δόγματος,
3922 2076 4012 2123 καὶ
4044 2070 4177 2123 ι)πέ-

796 2174 919 2217 non
949 2159 1116 2215 aliter
1147 2161 1264 2216 vim
1287 2161 1547 2230 effugere
1569 2164 1774 2233 posset
1819 2165 1872 2215 et
1926 2158 2275 2215 difﬁcultate
2328 2174 2456 2214 sese

2415 2175 2456 2214 :e
2569 2174 2667 2212 στη
2702 2152 2910 2210 τοσόνδ’
2943 2156 3119 2220 εἰπεῖν,
3147 2162 3217 2229 μὴ
3268 2161 3402 2230 ἔχων
3455 2157 3618 2221 ἄλλως
3671 2167 3847 2233 φυγεῖν
3888 2164 3980 2218 τὴν
4021 2158 4170 2232 βίαν,

788 2249 1092 2320 expedire.
1124 2249 1180 2306 Si
1239 2250 1397 2306 enim
1424 2249 1586 2322 quia,
1618 2253 1901 2307 nascente
1925 2249 2130 2305 anima
2153 2263 2274 2303 una
2304 2264 2452 2304 cum

2417 2264 2452 2304 [ι
2566 2249 2655 2296 καὶ
2688 2244 2804 2316 ὁμὴ
2840 2246 2900 2303 ἦν
2943 2246 3081 2316 αὐτῷ
3129 2249 3523 2320 παραιτεῖσθαι.
3580 2248 3645 2303 Εἰ
3696 2251 3785 2320 μὲν
3842 2251 3940 2320 γὰρ
3991 2251 4072 2302 ὅτι
4122 2250 4172 2285 ³ο

789 2338 928 2393 vitae
960 2337 1461 2410 participantibus
1484 2338 1857 2411 corporibus,
1889 2337 2103 2393 accidit
2138 2343 2200 2392 ut
2221 2353 2359 2392 cum
2387 2335 2455 2392 iis

2409 2335 2455 2391 is
2565 2337 2880 2406 γεννωμένης
2911 2333 3069 2407 αὐτῇς
3111 2331 3178 2392 δὴ
3239 2337 3436 2398 ταύτης
3483 2343 3572 2396 τῆς
3619 2335 3826 2408 ψυχῆς,
3886 2337 3996 2409 ἅμα
4050 2344 4163 2398 τοῖς

789 2426 1154 2484 dissolvatur
1182 2432 1239 2484 et
1275 2428 1727 2500 corruptionem
1786 2426 2024 2496 subeat,
2068 2431 2126 2482 et
2170 2426 2451 2498 quamvis

2425 2441 2451 2479 s
2568 2422 2706 2484 ζωῆς
2750 2428 3036 2495 μετέχουσι
3100 2430 3333 2495 σώμασι,
3393 2425 3666 2494 συμϐαίνει
3749 2431 3836 2479 καὶ
3902 2446 4175 2498 συγκατα-

788 2515 1164 2582 immortalis,
1192 2532 1316 2573 non
1345 2516 1704 2573 immortalis
1733 2516 1804 2572 sit
1835 2532 1848 2582 ;
1876 2514 1937 2571 id
1981 2531 2177 2589 neque
2236 2531 2308 2571 ea
2353 2529 2456 2586 pa-

2422 2535 2456 2570 ι-
2566 2510 2781 2565 λύεσθαι
2829 2517 3023 2569 ταύτην
3081 2513 3258 2576 αὐτοῖς
3307 2519 3395 2567 καὶ
3459 2517 3652 2590 φθορὰν
3707 2517 3995 2589 ὑπομένειν,
4083 2535 4177 2567 και

790 2605 1039 2676 tiuntur,
1058 2605 1355 2662 elementa
1373 2621 1591 2678 nempe
1607 2605 1807 2678 prima
1824 2620 1892 2661 ac
1909 2604 2204 2676 simplicia
2232 2603 2456 2675 quibus

2429 2621 2456 2658 s
2566 2608 2692 2673 γοῦν
2755 2602 2875 2674 ὅπερ
2926 2600 3086 2669 ἐστίν,
3138 2603 3232 2655 οῦκ
3287 2605 3427 2656 ἔστιν
3487 2602 3761 2671 ἀθάνατος,
3826 2603 3954 2656 ἀλλὰ
4019 2612 4178 2657 τοῦτο

790 2699 1004 2751 cetera
1025 2711 1282 2768 corpora
1303 2699 1602 2751 constant.
1625 2697 2073 2751 Manentautem
2088 2698 2144 2748 et
2171 2692 2455 2750 transmi-

2435 2722 2455 2734 ο
2566 2686 2690 2744 ούδε
2719 2692 2762 2726 ²¹
2789 2690 2923 2743 αύτά
2952 2699 3117 2743 ταῦτα
3145 2694 3371 2764 πάσχει,
3404 2695 3470 2744 τὰ
3499 2691 3550 2756 ἐξ
3597 2694 3664 2744 ὧν
3728 2690 3970 2752 δηλονότι
4031 2700 4179 2767 πρῶ.

794 2785 1030 2856 grantia
1058 2785 1119 2842 in
1145 2784 1275 2840 aliis
1317 2784 1673 2840 subsistunt.
1735 2784 2012 2849 Quonam
2054 2787 2278 2848 autem,
2333 2797 2460 2838 cor-

2420 2797 2460 2836 r-
2567 2799 2667 2832 των
2705 2800 2795 2833 και
2836 2780 3006 2832 ἁπλῶν
3057 2783 3214 2833 ὀντων
3266 2784 3332 2834 τὰ
3384 2782 3540 2835 λοίπὰ
3589 2788 3808 2855 σώματα
3880 2785 4175 2854 σύγκειται.

789 2889 937 2946 pore
966 2889 1035 2929 ac
1065 2873 1187 2929 vita
1213 2873 1441 2943 solutis,
1468 2872 1595 2929 abit
1625 2889 1836 2929 eorum
1904 2871 2388 2944 unumquodque
2432 2873 2460 2927 ‘?

2432 2873 2460 2927 ‘I
2568 2872 2718 2923 Μένει
2764 2865 2822 2923 δὲ
2878 2889 2967 2921 και
3015 2878 3430 2945 μεταχωροῦντα
3485 2870 3535 2924 ἐν
3591 2871 3766 2934 ἄλλοις
3808 2874 4012 2930 ἔστηκε.
4077 2879 4180 2924 Ποῖ

789 2962 878 3018 Ad
910 2962 1059 3018 illud
1092 2977 1237 3019 sane
1260 2961 1423 3035 quod
1456 2961 1601 3034 ipsis
1620 2961 1936 3034 proprium
1973 2967 2029 3017 et
2054 2975 2460 3030 congenerum

2422 2975 2460 3014 n
2572 2955 2630 3011 δὲ
2686 2960 2733 2994 ³³
2777 2965 2868 3011 τοῦ
2915 2965 3156 3032 σώματος
3209 2980 3298 3013 και
3363 2969 3458 3023 τῆς
3509 2962 3644 3022 ζωῆς
3710 2961 3956 3023 λυθείσης
4004 2971 4177 3036 χωρεῖ

789 3058 898 3122 est,
927 3056 983 3108 et
1010 3051 1089 3108 ad
1119 3051 1285 3124 quod
1308 3050 1496 3107 tendit
1527 3052 1586 3106 in
1633 3055 1970 3124 composito
2021 3066 2271 3123 corpore
2321 3064 2461 3104 con-

2422 3065 2461 3104 ι·
2570 3051 2763 3100 τούτων
2800 3051 3016 3102 ἑκαστον
3051 3068 3063 3118 ;
3094 3049 3257 3109 Εἰςτὸ
3317 3049 3500 3103 οἰκεῖον
3551 3047 3794 3108 δηλονότι
3837 3071 3925 3103 και
3982 3071 4177 3122 συγγε-

790 3140 1271 3207 stitutum.Quod
1297 3145 1497 3197 autem
1525 3140 1671 3197 illud
1702 3139 1999 3196 desiderat
2029 3145 2085 3196 et
2115 3154 2354 3212 scmper
2381 3137 2461 3197 ad

2422 3137 2461 3193 d
2570 3140 2663 3201 νες,
2693 3158 2782 3191 και
2822 3139 2882 3191 οὗ
2923 3135 2990 3197 δὴ
3047 3138 3240 3212 ἐφίεται
3296 3142 3506 3211 γεγονὸς
3567 3139 3613 3191 ἐν
3661 3149 3735 3208 τῷ
3782 3142 4007 3211 συνθέτῳ
4069 3147 4177 3192 σώ-

789 3230 933 3287 illud
956 3233 1183 3328 spectat
1206 3234 1262 3285 et
1303 3229 1515 3328 tendit,
1568 3229 1955 3328 manifestum
1999 3233 2106 3298 est,
2157 3227 2459 3328 siquidem
2491 3273 2532 3328 Ο

2421 3243 2459 3282 n
2491 3273 2532 3328 Ο
2569 3246 2716 3300 ματι·
2749 3226 2872 3280 Ὀτι
2901 3225 2950 3280 δ’
2991 3226 3186 3300 ἐφίεται
3234 3249 3324 3281 και
3376 3227 3454 3281 ἀεί
3511 3233 3643 3303 πρὸς
3703 3238 3854 3282 τοῦτο
3879 3229 4060 3302 βλέπει
4084 3250 4176 3282 και

793 3324 850 3377 et
880 3319 1217 3376 viventibus
1245 3319 1443 3376 adhuc
1472 3319 1846 3392 corporibus,
1875 3319 2094 3376 ditlluit
2143 3336 2212 3377 ac
2265 3317 2457 3374 etfun-
2494 3314 2532 3328 ⁹

2431 3349 2457 3361 -
2494 3314 2532 3328 υ
2567 3320 2660 3375 τὴν
2692 3318 2856 3392 ὁρμὴν
2896 3318 3009 3389 ἔχει
3050 3314 3229 3385 δῆλον,
3280 3315 3386 3370 ἐπεί
3412 3337 3501 3370 και
3559 3318 3762 3378 ζώντων
3814 3321 3885 3371 ἔτι
3936 3326 4038 3370 τῶν
4074 3338 4181 3370 σω·-

789 3413 970 3482 ditur,
993 3417 1049 3468 et
1077 3411 1154 3469 ad
1179 3427 1608 3481 congenerum,
1640 3417 1705 3467 ut
1726 3412 2006 3481 diximus,
2062 3411 2206 3477 abit,
2265 3410 2452 3467 artelo

2426 3426 2452 3466 ο
2566 3425 2742 3479 ματων
2769 3406 2958 3479 ῥεῖκαι
3017 3405 3254 3478 ἐκχεῖται
3309 3407 3476 3458 αὐτῶν
3521 3412 3611 3459 καὶ
3669 3411 3799 3480 πρὸς
3845 3410 3871 3461 ὅ
3930 3404 3997 3465 δὴ
4045 3412 4181 3478 γνή-

788 3501 1060 3572 ejusdem
1087 3502 1319 3572 generis
1349 3501 1644 3558 elemento
1663 3502 1723 3557 in
1751 3502 1881 3573 ejus
1907 3500 2107 3557 locum
2129 3500 2452 3557 succeden-

2432 3527 2452 3539 -
2567 3515 2680 3548 σιον
2721 3499 2791 3558 ὡς
2839 3496 2886 3531 ³⁸
2930 3497 3120 3569 ἔφημεν
3174 3498 3403 3563 ἄπεισιν,
3447 3496 3619 3571 ἐτέρου
3680 3494 3831 3559 αὖθις
3902 3498 4185 3568 ὁμογενοῦς

785 3595 863 3659 te,
896 3591 1170 3647 etlocum
1195 3591 1356 3647 hunc
1389 3590 1778 3664 adimplente,
1812 3591 1895 3647 ita
1927 3595 1990 3646 ut
2035 3590 2219 3662 hujus
2268 3589 2452 3662 parti-

2430 3619 2452 3630 -
2567 3583 2934 3654 ἁντεισιόντος,
2965 3606 3056 3638 και
3127 3605 3213 3638 τον
3262 3585 3453 3638 ἐκείνου
3503 3591 3660 3638 τόπον
3713 3587 4050 3660 πληροῦντος,
4114 3589 4185 3649 ὡς

788 3680 996 3752 cipans
1023 3680 1247 3738 animal
1283 3684 1653 3753 permaneat,
1680 3678 2083 3752 quoadusque
2132 3679 2331 3738 vivere
2385 3694 2455 3734 ac

2427 3694 2455 3734 c
2567 3673 2627 3726 ἂν
2661 3671 2728 3732 δὴ
2764 3678 2942 3728 καιτὸ
2995 3679 3215 3748 μετέχον
3275 3675 3435 3728 αὐτοῦ
3490 3675 3620 3736 ζῶον
3688 3680 3810 3748 μένῃ
3873 3677 3920 3711 ³⁸
3979 3681 4182 3749 μέχρις

787 3773 1045 3826 mortem
1070 3769 1329 3842 effugere
1351 3769 1557 3841 possit.
1587 3770 1642 3826 Si
1675 3768 1856 3838 igitur
1887 3767 1948 3824 id
1997 3768 2079 3825 ita
2134 3783 2195 3824 se
2247 3767 2451 3834 habet,

2438 3809 2451 3834 ,
2565 3766 2684 3818 ὅτου
2747 3784 2835 3816 και
2882 3767 3074 3837 πέφυκε
3139 3765 3236 3837 ζῇν
3279 3785 3368 3818 και
3427 3768 3630 3837 φεύγειν
3684 3768 3772 3817 τὸν
3827 3767 4072 3818 θάνατον.
4121 3766 4184 3819 Εἰ

788 3859 1038 3916 omnino
1069 3864 1272 3916 autem
1303 3859 1386 3915 sic
1417 3862 1474 3914 et
1503 3857 1800 3930 simplicia
1833 3873 2089 3930 corpora
2109 3858 2170 3914 in
2209 3873 2456 3929 compo-

2431 3887 2456 3899 -
2561 3861 2687 3924 γοῦν
2723 3854 2864 3906 τοῦθ’
2915 3855 3075 3914 οὑτως
3129 3855 3262 3926 ἔχει,
3320 3856 3526 3915 πάντως
3570 3850 3622 3905 δ’
3676 3862 3838 3916 οῦτως
3869 3856 3915 3889 ³⁵
3972 3874 4066 3906 και
4117 3857 4186 3907 τά

791 3948 918 4004 sitis
939 3947 1260 4005 constituta
1284 3947 1425 4006 inde
1457 3946 1654 4004 soluta
1683 3963 1924 4003 rursum
1959 3951 2205 4004 manent
2257 3962 2453 4020 neque

2424 3962 2453 4002 ρ,
2562 3951 2661 3994 τῶν
2719 3941 2890 3994 ἁπλῶν
2963 3945 3215 4015 σωμάτων
3296 3942 3344 3994 ἐν
3404 3941 3511 4006 τοῖς
3574 3945 3836 4005 συνθέτοις
3897 3947 4179 4014 γενόμενα,

787 4041 1253 4108 corrumpuntur
1283 4053 1296 4103 ;
1328 4035 1478 4109 quid
1505 4035 1874 4107 obstatquiu
1907 4035 2150 4092 animus
2192 4035 2294 4108 qui
2350 4050 2452 4091 na-

2418 4055 2452 4091 ι-
2563 4029 2656 4086 εἶτ’
2705 4031 2893 4086 ἐκεῖθεν
2931 4031 3148 4087 λυθέντα
3207 4029 3353 4094 αὖθις
3406 4035 3540 4106 μένει
3587 4053 3677 4085 και
3725 4033 3784 4086 ού
3835 4029 4173 4107 διέφθαρται·

787 4129 922 4183 tura
950 4124 1098 4182 nihil
1120 4125 1359 4197 patitur,
1405 4141 1542 4181 cum
1583 4124 1653 4181 iis
1701 4123 2045 4181 viventibus
2096 4124 2450 4196 corporibus

2415 4141 2450 4178 .s
2561 4127 2612 4175 τί
2659 4121 2843 4176 κωλύει
2903 4142 2992 4175 και
3040 4126 3125 4175 τὸν
3177 4121 3349 4181 ἀπαθῆ
3416 4127 3510 4182 τήν
3559 4123 3743 4176 οὐσίαν
3785 4131 3920 4194 νοῦν,
3985 4124 4170 4185 αὐτοῖς

786 4220 985 4282 natus,
1011 4219 1074 4270 ut
1103 4214 1299 4287 primo
1334 4213 1628 4285 principio
1671 4229 1740 4271 ac
1773 4214 2024 4269 creatori
2083 4213 2281 4269 visum
2342 4217 2448 4280 est,
2513 4204 2516 4206 ’

2416 4217 2448 4280 t,
2513 4204 2516 4206 ⁷
2563 4208 2630 4270 δὴ
2683 4214 2885 4272 τούτοις
2941 4232 3032 4264 και
3080 4213 3455 4284 συγγενηθέντα
3521 4219 3631 4275 τοῖς
3701 4214 3833 4274 ζῶσι
3900 4219 4171 4284 σώμασιν,

787 4303 1004 4360 deinde
1034 4304 1183 4376 ipsis
1216 4303 1466 4369 solutus,
1500 4302 1967 4376 iucorruptibilis
1998 4308 2056 4358 et
2093 4302 2452 4359 immortalis

2423 4319 2452 4358 s
2561 4303 2630 4363 ὡς
2678 4309 2749 4372 τῷ
2804 4307 2991 4375 πρώτῳ
3065 4302 3216 4372 αἰτίῳ
3272 4321 3362 4353 και
3435 4298 3745 4374 δημιουργῷ
3799 4299 3992 4367 ἔδοξεν,
4078 4302 4172 4356 εἶτ’

787 4397 1085 4450 maneat?
1118 4393 1174 4451 Si
1204 4393 1266 4449 id
1297 4397 1498 4450 autem
1545 4392 1722 4460 nolis,
1770 4393 2056 4449 nimirum
2113 4391 2451 4449 immortale

2421 4408 2451 4448 e
2561 4390 2726 4443 αύτῶν
2767 4389 3107 4458 ἀπολυθέντα,
3144 4393 3406 4464 ἄφθαρτον
3446 4396 3611 4463 μένειν
3659 4411 3748 4443 και
3802 4391 4090 4466 ἀνώλεθρον
4157 4411 4172 4460 ς

790 4484 966 4540 simul
1007 4500 1145 4540 cum
1169 4483 1422 4553 mortali,
1459 4487 1514 4538 et
1546 4481 1998 4556 incorruptibile
2055 4499 2196 4538 cum
2247 4498 2452 4537 corru-

2418 4511 2452 4536 ,ο
2562 4485 2621 4534 Ei
2649 4477 2707 4535 δὲ
2741 4489 2893 4534 τοῦτο
2922 4485 2993 4554 μὴ
3027 4481 3199 4548 θέλεις,
3231 4480 3340 4553 ἅμα
3373 4477 3618 4539 δηλονότι
3672 4501 3728 4533 το
3783 4481 4036 4535 ἀθανάτου
4097 4491 4173 4553 τῷ

788 4573 978 4645 ptibili
1002 4573 1061 4628 in
1103 4573 1296 4629 vitam
1326 4571 1567 4639 adduci,
1602 4573 1789 4628 ethoc
1821 4572 2034 4628 timens
2059 4572 2219 4629 hanc
2249 4587 2321 4627 ex
2352 4587 2451 4627 ne-

2423 4602 2451 4621 ;-
2564 4572 2732 4641 θνητῷ
2793 4590 2882 4623 και
2938 4579 3009 4643 τῷ
3059 4573 3269 4644 φθαρτῷ
3325 4573 3385 4623 τὸ
3446 4572 3709 4642 ἄφθαρτον
3750 4569 3833 4623 ἐπί
3918 4576 3973 4624 τὸ
4041 4571 4178 4624 εἶναι

787 4662 1271 4732 cessitatelegem
1287 4661 1539 4718 adducis
1563 4662 1832 4718 animam
1871 4661 2106 4734 corpori
2137 4661 2451 4734 prteexsis-
2483 4655 2525 4711 D

2431 4692 2451 4703 -
2483 4655 2525 4711 Ι)
2561 4662 2805 4732 ἄγεσθαι,
2853 4680 2943 4712 και
3000 4668 3150 4713 τοῦτο
3204 4659 3514 4733 φοϐούμενος
3574 4662 3768 4718 ταύτην
3821 4664 3876 4724 έζ
3943 4659 4179 4734 ἀνῆκας

787 4757 905 4809 tere
936 4758 992 4808 et
1021 4768 1152 4808 eam
1174 4768 1245 4809 ex
1271 4767 1335 4806 se
1365 4751 1691 4807 solavitam
1705 4750 1925 4807 habere
1954 4750 2303 4823 dicis,cujus
2321 4767 2450 4807 cor-

2426 4781 2450 4795 .
2560 4752 2712 4813 τίθης
2755 4750 2947 4819 αἰτίαν,
2989 4749 3175 4822 ψυχὴν
3233 4751 3620 4823 προϋφεστάναι
3679 4757 3915 4824 σώματος
3943 4753 4009 4824 ιε,
4088 4773 4181 4804 χαι

788 4859 902 4915 pus
934 4843 1234 4915 particeps
1265 4840 1466 4911 efﬁcit,
1496 4839 1571 4899 de
1595 4841 1710 4898 hoc
1736 4841 1864 4913 jam
1885 4841 2226 4906 accuratius
2257 4841 2452 4916 inqui.

2420 4841 2452 4897 ἱ.
2561 4839 2722 4898 αὐτὴν
2778 4836 2846 4898 δὴ
2910 4841 3106 4898 ταύτην
3172 4842 3333 4912 μόνην
3392 4837 3477 4912 ἀφ’
3526 4841 3711 4900 ἑαυτῆς
3782 4839 3944 4912 λέγεις
4032 4843 4175 4904 ζωήν

784 4947 913 4990 rere
939 4931 1225 4990 conabor.

2561 4932 2726 5001 ἔχειν,
2760 4925 2822 4991 ἧς
2853 4925 2921 4988 δὴ
2957 4949 3046 4982 και
3069 4935 3176 4990 τοῖς
3197 4935 3410 4999 σώμασι
3440 4924 3796 5001 μίταδίδωσι,
3849 4933 3979 5005 πρὸς
4027 4931 4178 4984 τοῦτ’

2561 5019 2684 5073 αύτό
2708 5018 2946 5073 ἀπαντῶν
2975 5021 3236 5074 πυθέσθαι
3262 5021 3310 5058 ³⁷
3353 5017 3632 5094 βούλομαι.

2185 5143 2410 5214 Variae
2457 5141 2810 5212 lectiones.

855 5291 900 5328 ¹⁶
923 5290 1036 5344 κατ’
1067 5289 1256 5360 ἐκεξδον
1279 5288 1412 5345 Vat.
1495 5287 1535 5322 ¹⁷
1569 5289 1701 5360 {ni}!
1734 5286 1874 5344 add.
1914 5289 2037 5344 Vat.
2121 5289 2165 5360 is
2196 5291 2283 5340 καὶ
2314 5287 2485 5343 abest
2514 5302 2550 5343 8.
2585 5289 2610 5342 Ἢ

2424 5291 2485 5343 :st
2514 5302 2550 5343 a
2585 5288 2712 5342 Vat.
2794 5288 2837 5322 ⁸ο
2880 5293 2972 5338 τοῦ
3005 5285 3233 5343 abesta
3267 5288 3417 5360 Vat.
3497 5287 3546 5321 ³ο
3603 5287 3718 5360 ᾇτον
3767 5286 3945 5360 Vind.
4003 5304 4179 5345 men-

779 5364 926 5420 dose
1003 5363 1046 5398 ²¹
1090 5357 1207 5415 οὐδ’
1239 5363 1363 5416 Vat.
1443 5361 1491 5395 ⁸³
1519 5354 1588 5418 πῆ
1627 5356 1686 5412 δὲ
1716 5361 1839 5417 Vat.
1922 5361 1969 5398 ³³
2001 5363 2070 5422 ὡς
2101 5359 2270 5418 deest
2298 5360 2358 5414 in
2391 5361 2516 5414 Vat.

2428 5361 2516 5414 ’at.
2546 5363 2724 5417 recte.
2803 5359 2850 5394 ³⁸
2882 5362 3024 5431 μένοι
3052 5360 3177 5431 Vat.
3261 5359 3307 5394 ³⁵
3342 5360 3457 5430 ἔχει
3491 5387 3563 5405 ν-ο
3595 5354 3646 5412 δ’
3682 5360 3840 5423 οὕτως
3868 5359 4102 5419 absunt
4146 5379 4183 5420 a

781 5438 906 5492 Vat.
984 5435 1032 5470 ²⁰
1062 5441 1151 5488 τοῦ
1195 5452 1248 5488 σ.
1281 5435 1406 5489 Vat.
1486 5433 1529 5467 ³⁷
1566 5432 1821 5493 αὑτὸς-η-
1851 5433 2139 5508 προθεσθαι
2182 5431 2380 5501 Vind.,
2413 5447 2536 5487 cun:

1522 5433 1529 5466 ί
1566 5432 1729 5493 αὐτὸς,
1751 5463 1821 5477 η-
1851 5433 2139 5508 προθεσθαι
2182 5431 2380 5501 Vind.,
2413 5447 2550 5487 cum
2583 5452 2612 5483 υ
2640 5446 2827 5504 supra
2849 5430 3004 5505 προθ.
3035 5430 3277 5503 scripto.

2386 5559 2594 5625 Notae.

853 5706 1110 5776 (14)Hoc
1145 5700 1331 5776 verbo
1367 5698 1652 5776 augenda
1683 5696 2059 5776 s_unt_lexica.
2117 5774 2157 5776 Η
2226 5772 2241 5776 _
2291 5756 2323 5765 ,,
2431 5771 2445 5776 _
2561 5682 3127 5776 corpoi'etanquam
3169 5699 3452 5772 navicula
3470 5699 4189 5776 metaphoras.Deve1-bo

853 5771 959 5847 (15)
1005 5775 1100 5833 Vel
1144 5775 1259 5832 hoc
1315 5773 1499 5847 verbo
1557 5773 1748 5847 tangit
1806 5773 2057 5829 fortasse
2114 5771 2450 5847 Nathanael
2560 5771 3045 5830 vidiGatack‘od
3077 5773 3254 5830 Marc.
3281 5773 3561 5830 Antoniu.
3595 5771 3654 5845 κζ
3682 5776 3732 5840 8,
3764 5789 3821 5846 p.
3867 5771 3999 5831 359.

780 5844 1290 5923 philosophorum
1311 5845 1385 5904 de
1399 5844 1652 5904 humida
1664 5860 1992 5917 corporum
2007 5851 2240 5914 natura,
2262 5845 2356 5904 vel
2375 5845 2450 5902 de
