4444 6452
290 423 425 482 1409

289 656 371 690 σιν
400 654 414 703 ;
447 638 611 699 αὐτῆς
642 635 857 705 ἐκείνης,
889 638 918 696 ἡ
955 634 1021 695 δὴ
1047 641 1135 690 καὶ
1175 645 1236 710 τῇ
1280 638 1327 672 ³⁸
1359 637 1511 709 ψυχῇ
1558 634 1650 690 διὰ
1696 639 1885 696 παντὸς

285 731 376 779 καὶ
414 726 610 787 ἄλυπος
650 727 697 762 ³9
754 728 1012 794 σύνεστιν,
1053 727 1082 785 ἦ
1131 725 1302 800 ἑτέραν
1355 732 1498 797 παρα
1554 729 1749 784 ταύτην
1798 726 1883 776 λί-

284 834 389 887 γεις
421 812 550 867 εἶναι
580 819 674 873 τὴν
713 812 765 865 ἐκ
795 813 981 885 ψυχῆς
1040 812 1457 886 μιταδιδομένην
1506 824 1578 886 τῷ
1630 822 1834 885 σώματι
1868 829 1882 880 ;

286 903 345 957 Εἰ
384 907 475 975 μιν
500 906 600 975 γαρ
634 910 723 963 τῆς
771 903 960 963 οἰκείας
996 903 1131 964 ζωῆς
1192 905 1219 961 ἡ
1281 903 1435 975 ψυχή
1499 899 1881 975 μεταδίδωσιν,

288 992 545 1047 ἀθανάτου
601 996 798 1055 ταύτης
866 998 1047 1061 οὔσης,
1108 992 1191 1047 δεῖ
1243 1000 1333 1047 καὶ
1393 997 1458 1047 τα
1518 998 1886 1067 μετεσχηκότα

290 1089 505 1157 σώματα
537 1087 622 1136 τόν
667 1087 781 1135 ἴσον
812 1089 1002 1157 χρόνον
1034 1085 1129 1157 ζῇν
1168 1105 1257 1136 και
1289 1081 1459 1137 ἀίδιον
1510 1101 1523 1114 ⁸
1577 1084 1620 1136 εἰ
1652 1080 1701 1135 δ’
1755 1083 1883 1139 αλλη

286 1176 374 1245 μὶν
399 1173 583 1245 ψυχῆς
639 1176 767 1242 ζωὴ,
802 1173 928 1230 α’λλη
986 1169 1035 1225 δ’
1105 1173 1273 1234 ἁπλῶς
1304 1174 1449 1234 ζώων
1496 1174 1566 1241 ³ο,
1594 1192 1683 1224 και
1708 1173 1736 1230 ἡ
1796 1174 1885 1243 μιν

287 1262 450 1314 αὐτῶν
522 1264 711 1314 τούτων
760 1263 927 1335 φθορᾷ
993 1264 1350 1328 συνέζευκται,
1410 1262 1594 1333 ψυχῆς
1661 1257 1719 1313 δὲ
1780 1261 1884 1321 ζωὴ

289 1352 453 1409 πάντη
523 1349 822 1424 ἀνώλεθρος,
870 1359 981 1412 πῶς
1030 1351 1055 1402 ὁ
1099 1356 1169 1420 μὴ
1229 1353 1367 1403 ἔστιν
1422 1352 1551 1424 αὐτῇ
1603 1359 1666 1423 τῇ
1727 1349 1881 1422 ψυχῇ

289 1439 429 1501 ζωῆς
485 1435 644 1506 εἶδος,
691 1440 915 1512 φθαρτόν
971 1448 1198 1512 χορηγεῖ
1267 1448 1377 1501 τοίς
1431 1455 1728 1512 cmuciatu;
1786 1443 1886 1491 Καί

287 1533 389 1600 μήν
434 1528 478 1579 εἰ
526 1547 615 1579 και
662 1535 814 1579 τοῦτο
898 1524 1141 1593 δύναται,
1202 1527 1358 1601 ψυχὴ
1414 1528 1683 1591 ἀθανατως
1738 1529 1887 1588 ζῶσα

288 1617 518 1690 φθαρτῆς
565 1612 693 1667 εἶναι
744 1612 989 1673 δηλονότι
1030 1622 1277 1675 ποιητικὴ
1341 1618 1475 1677 ζωῆς
1503 1618 1573 1686 ³³,
1604 1622 1744 1677 τίνος
1773 1618 1885 1687 χά-

282 1723 364 1776 ριν
392 1703 472 1756 ἐπί
505 1707 817 1777 τὰσώματα
873 1714 1151 1771 κατιοῦσα,
1213 1708 1305 1764 ἧκε
1359 1703 1408 1758 δ’
1464 1708 1596 1759 ὥστε
1641 1725 1730 1757 και
1792 1709 1884 1777 ζῇν

283 1792 417 1845 αὐτά
444 1801 667 1852 ποιῆσαι
697 1813 786 1845 και
841 1803 1132 1866 κοσμῆσαι,
1168 1795 1225 1847 0-3
1266 1803 1355 1847 τοῦ
1383 1801 1670 1870 κρείττονος
1714 1791 1882 1854 εἴδους

278 1882 486 1954 ψυχῆς,
509 1891 602 1936 τοῦ
653 1880 712 1936 δι
754 1902 990 1958 χειρονος
1038 1881 1372 1957 μιτέδωκιν;
1428 1885 1510 1944 ἣτ’
1554 1887 1657 1959 ἄρα
1714 1887 1880 1957 φθόνῳ
1912 1907 1955 1961 Β

277 1974 482 2033 πάντως
539 1974 688 2046 ἐρεῖς,
748 1974 777 2031 ἦ
830 1974 911 2025 ὅτι
964 1974 1021 2025 ου
1085 1977 1143 2026 τό
1200 1982 1433 2048 κρεῖττον
1501 1994 1589 2025 και
1651 1976 1878 2046 ἄμεινον,

276 2058 437 2113 έκεῖνο
465 2057 524 2114 δὲ
554 2060 745 2133 μᾶλλον
770 2064 829 2114 τὸ
893 2062 941 2098 ³⁸
998 2083 1087 2115 και
1122 2062 1335 2137 ἀχρεῖον
1393 2060 1678 2121 δεδύνηται
1710 2084 1723 2098 ο
1772 2062 1880 2115 ἀλλ’

277 2150 320 2201 εί
366 2153 425 2202 τό
479 2148 704 2224 πρῶτον,
756 2160 862 2212 πῶς
928 2151 989 2203 ἂν
1039 2156 1139 2217 εἰη,
1190 2151 1395 2225 ἀγαθῆς
1464 2156 1659 2215 ταύτης
1714 2156 1882 2215 οὔσης

275 2258 366 2291 και
418 2238 592 2310 ἀγαθά
658 2259 775 2292 τινα
826 2241 1023 2313 πρᾶξαι
1092 2241 1497 2316 βεϐουλημένης,
1539 2247 1657 2319 περί
1712 2241 1746 2295 ἃ
1792 2263 1881 2295 και

281 2330 643 2403 προεθυμήθη,
698 2329 792 2381 οὐκ
854 2330 905 2393 ἐξ
967 2330 1195 2403 ἀνάγκης
1265 2330 1330 2391 δή
1388 2353 1525 2394 τινος
1577 2339 1667 2386 καὶ
1735 2332 1877 2405 βίας,

278 2416 387 2470 ἀλλ’
420 2420 554 2471 ὥστε
596 2418 743 2471 ταῦτ’
775 2416 829 2471 εὖ
867 2421 915 2455 ³³
953 2429 1177 2480 ποιῆσαι
1246 2428 1335 2474 καὶ
1402 2423 1636 2489 ζωώσαι,
1703 2426 1881 2495 φθονε-

284 2516 383 2582 ρῶς
451 2516 601 2581 σχεῖν
664 2513 753 2561 καὶ
812 2513 906 2568 τὴν
973 2513 1167 2563 τούτων
1231 2519 1399 2584 τεμεῖν
1472 2517 1561 2564 καὶ
1629 2522 1884 2566 στενῶς-αι

282 2595 421 2656 ζωήν
455 2612 469 2664 ;
513 2596 556 2649 si
588 2593 640 2649 δ’
680 2598 758 2649 ὅτι
798 2597 892 2650 οὐκ
946 2595 1006 2657 ἧν
1043 2600 1202 2662 αὐτῆς
1241 2609 1331 2663 τῆς
1384 2600 1567 2673 ψυχῆς
1623 2605 1882 2656 ἀθανάτου

280 2690 370 2737 καὶ
409 2684 489 2738 ἀεὶ
547 2686 721 2747 ζώσης
782 2691 874 2746 τὴν
927 2692 1048 2747 ἴσην
1114 2695 1203 2743 καὶ
1262 2700 1366 2753 τοῖς
1423 2693 1596 2754 ἀλλοις
1656 2693 1886 2767 ἁρμόσαι

283 2774 447 2840 ζωὴν,
495 2779 679 2828 σκόπει
709 2777 905 2848 μήποτ’
934 2779 1040 2850 οὐχ
1105 2778 1336 2853 ἁρμόζον
1382 2786 1471 2834 καὶ
1517 2782 1660 2835 τοῦθ’
1701 2786 1886 2856 ὁμοίως

278 2866 353 2921 εἵη
419 2868 539 2939 περὶ
618 2868 816 2927 ταύτης
892 2866 1069 2922 εἰπεῖν.
1123 2869 1182 2921 Εἰ
1237 2874 1337 2943 γὰρ
1414 2877 1486 2944 μή
1547 2881 1638 2925 τοῦ
1696 2874 1885 2926 οἰκείου

277 2956 469 3023 πέφυκε
523 2950 870 3026 μεταδιδόναι
919 2957 987 3023 ³⁸,
1048 2965 1157 3020 πῶς
1209 2964 1401 3032 πέφυκε
1447 2969 1539 3014 τοῦ
1594 2961 1885 3053 ἀλλοτρίου,

278 3042 360 3094 ἶνα
397 3046 469 3115 μὴ
529 3051 621 3095 τοῦ
671 3042 901 3097 ἐναντίου
962 3045 1111 3119 λέγω,
1156 3050 1294 3123 εἰπερ
1346 3047 1414 3108 δὴ
1477 3050 1679 3104 ἐναντία
1719 3042 1887 3130 φθαρλ

280 3133 368 3182 τόν
398 3136 487 3185 καὶ
537 3133 818 3209 ἄφθαρτον,
887 3136 1143 3189 ἀθάνατον
1174 3143 1261 3191 καὶ
1314 3140 1533 3209 Θνητόν;
1580 3147 1643 3195 Τί
1684 3141 1743 3196 δὲ
1798 3166 1887 3198 και

275 3228 478 3291 γνοῦσα
509 3229 617 3284 τοῖς
652 3225 741 3295 μὲν
792 3223 963 3297 ὀλίγον
995 3226 1042 3261 ³⁵
1074 3232 1266 3302 χρόνον
1307 3227 1586 3305 ἀπεμέρισε
1617 3241 1707 3285 τοῦ
1767 3235 1861 3308 ζῇν

277 3316 387 3371 τοῖς
419 3306 477 3362 δὴ
527 3309 728 3380 πλείω,
774 3313 834 3366 Εἰ
890 3316 981 3387 μὲν
1034 3318 1131 3390 γὰρ
1194 3320 1318 3392 πρὸς
1374 3317 1555 3394 ἀρετὴν
1616 3320 1887 3395 βλέπουσα

273 3417 364 3449 και
415 3403 601 3451 κακίαν
641 3400 776 3453 οὕτω
842 3398 909 3461 δὴ
961 3409 1051 3457 καὶ
1111 3408 1169 3458 τό
1217 3407 1312 3479 ζῇν
1368 3417 1547 3481 μετρεῖ
1599 3413 1729 3483 (16),
1776 3422 1885 3477 τοῖς

274 3490 365 3560 μεν
394 3487 475 3540 ἶνα
510 3487 666 3542 πλείω
723 3494 1105 3567 κατορθώσωσι
1167 3497 1231 3548 τὰ
1297 3494 1486 3570 βελτίω
1536 3509 1883 3577 “ri-pompoqu-

273 3596 382 3639 νοις
406 3581 495 3630 καὶ
551 3578 708 3631 πλείω
764 3585 994 3654 νέμουσα
1048 3588 1136 3642 τήν
1189 3585 1347 3651 ζωὴν,
1399 3597 1499 3640 τῶν
1540 3586 1590 3643 δ’
1647 3593 1729 3645 ἵνα
1776 3614 1881 3668 τρε-

274 3669 477 3739 χόντων
522 3666 603 3719 ἐπὶ
658 3670 724 3720 τὰ
789 3675 955 3744 χείρω
1006 3672 1145 3746 κόψῃ
1201 3679 1287 3727 τόν
1346 3673 1561 3753 δρόμον,
1614 3686 1886 3737 κόπτουσα

275 3760 365 3808 καὶ
393 3760 506 3823 (17)
553 3760 642 3809 τόν
682 3766 773 3810 τοῦ
806 3765 1000 3835 χρόνου
1027 3770 1118 3824 τῆς
1150 3764 1290 3826 ζωῆς
1343 3762 1538 3842 δρόμον
1586 3771 1654 3837 ³⁸,
1688 3775 1883 3825 τούτων

275 3863 330 3897 τε
386 3843 632 3898 κάκείνων
683 3844 822 3899 ἰδίαν
863 3852 1037 3925 ὥσπερ
1119 3857 1208 3905 καὶ
1264 3861 1433 3928 χωρὶς
1500 3854 1738 3912 διάθεσιν
1794 3868 1883 3915 καὶ

275 3936 484 3991 κίνησιν
522 3937 666 4009 παρὰ
703 3944 794 3995 τῆς
823 3938 866 3971 ³⁷
896 3938 1084 4011 ψυχῆς
1137 3939 1361 4013 ἐχόντων
1393 3965 1405 3978 ο
1437 3944 1542 3997 ἀλλ’
1598 3945 1706 4006 ἤδη
1759 3952 1884 4026 ὁρῶ-

276 4041 367 4094 μεν
406 4022 627 4084 πολλοὺς
664 4028 754 4097 μὲν
812 4035 911 4079 τῶν
966 4038 1137 4081 κακῶν
1186 4037 1275 4085 καὶ
1321 4036 1455 4086 πάνυ
1495 4055 1545 4088 τι
1607 4039 1653 4073 ³⁸
1689 4049 1879 4109 κακῶν,

274 4114 409 4163 πάνυ
437 4131 488 4163 τι
518 4113 642 4154 39-35
668 4119 758 4168 καὶ
792 4116 1007 4183 ζῶντας,
1073 4118 1290 4184 πολλους
1346 4120 1396 4175 δ’
1429 4123 1582 4198 ἀρετῇ
1639 4148 1882 4201 προσκει-

273 4203 477 4273 μένους,
534 4200 582 4254 ἐν
639 4202 842 4277 βραχεῖ
872 4226 974 4258 τινι
1030 4214 1206 4282 χρόνῳ
1245 4211 1354 4284 ἅμα
1403 4233 1456 4266 τε
1504 4224 1595 4268 τοῦ
1650 4219 1745 4291 ζῇν
1794 4225 1884 4273 καὶ

272 4298 365 4350 τῆς
407 4295 525 4365 περὶ
580 4294 647 4344 τά
715 4293 850 4347 καλὰ
916 4294 1157 4359 σπουδῆς
1224 4308 1599 4375 πεπαυμένους.
1655 4306 1883 4380 Ὁρὼμεν

275 4375 334 4431 δὲ
369 4380 412 4414 ³⁷
444 4384 534 4432 καὶ
560 4385 676 4443 τοὺς
705 4388 864 4455 μήπω
902 4384 1111 4449 ἡλικίας
1166 4388 1483 4464 ἁψαμένους,
1527 4400 1645 4467 περὶ
1698 4394 1883 4471 ἀρετῆς

275 4465 426 4520 οὐδὲν
453 4474 584 4541 μήτε
608 4478 793 4533 κακίας
850 4471 1056 4537 εἰδότας
1097 4477 1165 4544 ³⁸,
1236 4478 1415 4553 αωρως
1464 4484 1596 4535 οὕτω
1655 4496 1745 4538 τοῦ
1787 4489 1882 4563 ζῇν

274 4555 575 4627 έκστάντας,
623 4564 759 4614 καὶό
810 4562 957 4633 λόγος
1014 4565 1279 4620 κάνταῦθα
1325 4574 1456 4632 τίνος
1515 4574 1678 4641 ἕνεκα,
1735 4577 1878 4631 εἰκό-

1492 423 1657 479 ADV.
1682 419 2031 479 PLOTINUM
2060 422 2149 480 DE
2177 424 2431 489 ANIMA;

358 547 434 621 β’·
467 551 611 608 Τίνος
654 548 843 607 ταύτης
875 564 933 607 ης
972 566 1069 620 φῃς
1103 547 1242 610 ζωῆς
1292 548 1321 605 ἡ
1372 547 1527 619 ψυχὴ
1588 543 1884 620 μεταδίδω-
1920 552 1965 604 Α

1868 3280 1882 3305 ’
1918 3277 1956 3333 C

3512 436 3648 493 1410

2071 549 2433 614 Quaenam
2463 558 2550 609 est
2579 551 2703 609 haec
2750 552 2873 610 vita
2920 554 3113 625 cujus,
3159 559 3224 612 ut
3247 555 3416 628 dicis,
3444 560 3648 617 anima

1996 652 2214 710 corpus
2244 641 2422 698 efficit
2450 643 2747 715 particeps
2774 643 2999 699 ?lllane
3020 650 3109 700 est
3133 660 3265 717 quae
3289 647 3502 703 animae
3533 650 3648 721 ipsi

1997 743 2233 800 semper
2254 737 2308 786 et
2338 733 2561 788 doloris
2593 749 2806 805 expers
2858 734 3031 799 inest,
3066 750 3143 790 an
3175 736 3356 792 aliam
3383 753 3518 794 esse
3560 740 3649 795 di-

1996 816 2081 871 cis
2109 834 2243 874 eam
2278 837 2464 893 quam
2510 822 2714 879 anima
2746 824 2982 896 corpori
3039 824 3217 880 tradit
3245 826 3272 879 ’ἶ
3305 828 3362 883 Si
3393 830 3647 900 proprias

1998 905 2109 961 sibi
2144 908 2274 963 vitae
2300 909 2504 965 anima
2535 926 2754 983 corpus
2782 911 2965 967 efficit
3012 914 3490 986 particeps,cum
3511 917 3648 989 ipsa

1998 994 2073 1048 sit
2109 996 2482 1069 immortalis,
2527 1005 2762 1072 oportet
2815 1006 2873 1057 et
2929 1003 3345 1074 participantia
3393 1021 3648 1078 corpora

1996 1082 2154 1138 idem
2189 1090 2423 1157 tempus
2444 1094 2500 1142 et
2527 1089 2587 1143 in
2621 1093 2911 1144 aeternum
2951 1091 3171 1146 vivere.
3213 1092 3268 1146 Si
3300 1101 3497 1149 autem
3530 1096 3648 1153 alia

1997 1178 2083 1227 est
2113 1173 2328 1227 animae
2355 1176 2491 1246 vita,
2534 1182 2588 1231 et
2646 1176 2762 1232 alia
2817 1178 3166 1249 simpliciter
3222 1182 3642 1251 animantium,

1998 1276 2065 1316 ac
2102 1278 2169 1316 ea
2208 1264 2453 1333 quidem
2494 1265 2892 1322 animantium
2953 1270 3317 1340 corruptioni
3356 1272 3645 1344 subjacet,

1996 1349 2213 1405 animre
2252 1367 2391 1407 vero
2424 1354 2541 1409 vita
2570 1354 2819 1411 omnino
2868 1360 2959 1411 est
2982 1356 3465 1430 incorruptibilis,
3494 1378 3646 1433 quo-

1996 1439 2179 1492 modo
2200 1455 2332 1510 quae
2366 1457 2485 1496 non
2535 1446 2623 1497 est
2666 1444 2885 1499 animae
2942 1445 3071 1500 vitae
3122 1446 3336 1515 forma,
3360 1465 3495 1505 eam
3522 1466 3646 1505 cor-

1994 1527 2337 1598 ruptibilem
2366 1531 2721 1601 corporibus
2740 1532 3011 1603 praebet?
3052 1535 3184 1590 Etsi
3201 1535 3260 1591 id
3274 1552 3516 1609 quoque
3538 1555 3647 1610 po-

1997 1620 2127 1683 test,
2148 1618 2195 1671 si
2221 1618 2378 1674 valet
2399 1621 2601 1676 anima
2625 1621 2949 1677 immortali
2966 1624 3084 1679 vita
3098 1626 3343 1695 praedita
3360 1629 3649 1700 corrupti-

1996 1704 2174 1760 bilem
2197 1707 2380 1763 vitam
2399 1710 2867 1776 communicare,
2897 1728 3083 1784 quare
3105 1714 3182 1768 ad
3206 1730 3457 1787 corpora
3474 1718 3649 1773 deve-

1996 1793 2188 1849 niens.
2212 1795 2450 1852 devenit
2480 1803 2678 1854 autem
2711 1805 2775 1855 ut
2797 1815 2868 1855 ea
2921 1801 3116 1857 vivere
3160 1802 3338 1859 faciat
3369 1811 3424 1862 et
3454 1813 3646 1876 ornet,

1996 1897 2115 1938 non
2144 1883 2403 1940 melioris
2434 1886 2648 1941 animae
2664 1888 2997 1955 formae,sed
3015 1891 3309 1948 inferioris
3324 1909 3395 1950 ea
3416 1897 3624 1967 partici

1993 1972 2198 2041 pantia
2222 1972 2460 2030 effec1t?
2494 1978 2607 2031 Aut
2630 1976 2859 2033 invidia
2884 1980 3134 2035 omnino
3162 1980 3345 2047 dices,
3374 1989 3476 2040 aut
3506 1987 3651 2057 quia

1991 2075 2112 2115 non
2145 2062 2343 2132 majus
2372 2067 2424 2117 te
2448 2063 2681 2133 melius,
2720 2066 2824 2121 sed
2855 2065 3002 2122 illud
3043 2068 3243 2125 minus
3267 2075 3323 2126 et
3348 2073 3519 2144 pejus
3547 2090 3652 2145 po-

1992 2147 2119 2202 tuit.
2164 2150 2277 2203 Sed
2310 2149 2570 2222 siprius,
2618 2153 2928 2223 quomodo
2986 2152 3053 2210 ﬁt
3115 2161 3178 2212 ut
3233 2158 3457 2229 anima,
3509 2177 3650 2219 cum

1990 2236 2151 2292 bona
2173 2237 2248 2292 sit
2278 2242 2335 2293 et
2367 2238 2593 2312 aliquid
2623 2240 2768 2297 boni
2814 2248 3096 2314 praestare
3155 2247 3293 2303 velit
3322 2248 3392 2304 iis
3421 2250 3482 2305 in
3512 2266 3647 2323 quae

1992 2324 2257 2381 studium
2284 2327 2487 2395 habet,
2518 2345 2638 2385 non
2663 2346 2734 2387 ex
2773 2333 3125 2390 necessitate
3152 2340 3207 2391 et
3236 2337 3314 2405 vi,
3341 2338 3547 2395 invida
3577 2341 3651 2396 sit

1992 2415 2343 2487 earuimque
2367 2417 2552 2473 vitam
2584 2424 2741 2475 secet
2760 2435 2829 2475 ac
2848 2422 3083 2479 minuat
3111 2424 3137 2479 ?
3160 2425 3217 2480 Si
3249 2433 3471 2495 autem,
3504 2430 3650 2501 quia

1993 2518 2115 2558 non
2146 2510 2341 2576 potest
2389 2507 2595 2563 anima
2661 2514 2717 2564 et
2781 2508 3136 2567 immortalis
3203 2519 3256 2570 et
3297 2530 3535 2589 semper
3562 2518 3647 2573 vi-

1993 2608 2161 2664 vens,
2202 2595 2497 2667 aequalem
2542 2602 2599 2653 et
2655 2597 2785 2654 aliis
2844 2602 3029 2657 vitam
3086 2603 3457 2676 dispensare,
3511 2608 3649 2665 vide

1996 2696 2070 2737 ne
2097 2698 2218 2738 non
2244 2700 2580 2755 congruum
2612 2687 2686 2743 sit
2737 2687 2852 2744 hoc
2877 2689 2952 2745 de
2990 2690 3091 2747 illa
3143 2693 3357 2751 dicere.
3391 2696 3449 2752 Si
3488 2698 3649 2755 enim

1994 2774 2308 2845 proprium
2323 2776 2744 2833 transfundere
2758 2785 3037 2851 nequeat,
3055 2785 3367 2853 quomodo
3382 2788 3572 2857 possit
3587 2789 3649 2844 id

1996 2862 2227 2917 tradere
2251 2864 2416 2935 quod
2439 2865 2551 2937 ipsi
2576 2870 2928 2924 extraneum
2955 2875 3059 2941 est,
3088 2885 3163 2927 ne
3193 2872 3392 2930 dicam
3418 2880 3650 2935 contra-

1995 2952 2172 3019 rium,
2237 2954 2538 3025 siquidem
2592 2958 2894 3014 contraria
2961 2966 3102 3016 sunt
3161 2966 3542 3036 corruptibile
3594 2973 3653 3025 et

1996 3041 2469 3115 incorruptidile,
2493 3045 2829 3103 immortale
2853 3052 2909 3104 et
2938 3050 3188 3107 mortale
3212 3053 3239 3108 ‘2
3262 3055 3416 3119 Quid
3448 3063 3650 3115 autem

1997 3132 2265 3203 cogitans
2293 3132 2422 3189 aliis
2443 3134 2691 3207 quidem
2706 3142 3217 3213 parvumtempus
3238 3144 3493 3212 vivendi,
3518 3147 3648 3204 aliis

1996 3219 2233 3291 longius
2256 3221 2626 3295 impertivit?
2656 3227 2710 3283 Si
2733 3226 2892 3282 enim
2924 3228 3003 3284 ad
3030 3230 3310 3288 virtutem
3340 3235 3654 3294 attendens

1997 3315 2053 3365 et
2075 3310 2365 3367 malitiam
2396 3312 2477 3368 ita
2502 3314 2681 3371 vitam
2716 3316 2955 3372 metitur
2975 3318 3104 3374 aliis
3125 3320 3370 3392 quidem
3400 3325 3654 3384 meliora

1997 3398 2377 3472 eligentibus,
2400 3418 2522 3475 quo
2554 3403 2728 3476 plura
2757 3411 2913 3462 recte
2937 3406 3179 3475 faciant,
3201 3410 3533 3481 longiorem
3554 3416 3654 3471 tri-

1993 3490 2188 3547 buens
2219 3492 2425 3560 vitam,
2446 3493 2702 3551 aliorum
2725 3500 2926 3553 autem
2954 3498 3031 3553 ad
3062 3499 3271 3571 pejora
3286 3505 3652 3562 currentium

1996 3586 2060 3637 ut
2091 3597 2333 3639 cursum
2356 3590 2532 3650 secet,
2562 3600 2773 3642 secans
2803 3592 2860 3642 et
2897 3587 3032 3644 vitte
3067 3593 3351 3663 temporis
3381 3609 3647 3663 cursum,

1994 3669 2085 3725 his
2110 3676 2164 3727 et
2202 3672 2314 3728 illis
2343 3675 2652 3746 propriam
2677 3678 2853 3749 quasi
2904 3694 2975 3734 ac
3019 3686 3360 3751 separatam
3391 3684 3652 3757 disposi-

1996 3760 2213 3817 tionem
2232 3767 2289 3818 et
2309 3768 2538 3819 motum
2556 3764 2713 3822 ultra
2742 3767 2959 3822 animae
2987 3774 3222 3825 motum
3242 3771 3607 3831 habentibus
3635 3790 3648 3843 ;

1989 3848 2118 3920 jam
2155 3851 2426 3908 videmus
2455 3854 2678 3910 multos
2728 3856 2974 3928 quidem
3026 3858 3321 3917 malorum
3368 3868 3424 3919 et
3470 3866 3651 3921 etiam

1995 3940 2418 4011 pessimorum,
2467 3942 2570 3998 diu
2653 3944 2937 4001 viveutes.
3000 3947 3220 4004 multos
3263 3966 3406 4008 vero
3450 3954 3651 4012 virtuti

1995 4027 2389 4098 adhaerentes,
2431 4037 2567 4103 post
2610 4032 2790 4090 breve
2834 4039 3075 4107 tempus
3122 4044 3178 4094 et
3223 4042 3343 4097 vita
3400 4042 3652 4102 simulet

1992 4116 2137 4173 boni
2186 4119 2384 4175 studio
2441 4128 2766 4181 cessantes.
2848 4124 3130 4182 Videmus
3178 4132 3381 4187 autem
3436 4137 3491 4188 et
3548 4149 3652 4191 eos

1993 4208 2097 4280 qui
2129 4208 2404 4265 nondum
2426 4210 2897 4269 adolescentiam
2928 4217 3197 4287 attigere,
3241 4218 3315 4275 de
3340 4220 3554 4278 virtute
3580 4239 3653 4281 ac

1995 4296 2221 4352 malitia
2251 4298 2396 4354 nihil
2421 4301 2695 4368 scientes,
2729 4308 3086 4375 praemature
3125 4307 3209 4363 ita
3231 4323 3261 4362 e
3283 4310 3402 4366 vita
3433 4327 3653 4369 exeun-

1994 4389 2081 4441 tes
2119 4401 2131 4451 ;
2167 4392 2346 4459 atque
2368 4387 2450 4443 ibi
2478 4390 2630 4446 ratio
2654 4407 2777 4463 qua
2824 4391 2898 4447 de
2942 4409 3122 4451 causa
3166 4397 3412 4454 minime
3441 4400 3654 4459 infaili-

1992 4472 2128 4529 bilis
2145 4480 2250 4531 est.
2286 4478 2573 4535 Virtutem
2600 4485 2801 4537 autem
2846 4483 2939 4538 vel
2984 4485 3271 4543 malitiam
3298 4490 3489 4546 utrius
3519 4509 3652 4550 esse

1994 4563 2289 4634 dicemus,
2323 4568 2534 4623 animae
2567 4585 2644 4625 an
2672 4572 2940 4644 corporis
2975 4576 3158 4640 ;Sunt
3178 4577 3521 4652 amborum,
3550 4587 3657 4640 aut

274 4666 374 4709 τως
406 4650 477 4717 as,
511 4651 684 4708 ἥκιστ’
713 4650 966 4725 ἀσφαλής.
1000 4653 1166 4719 Ὀλως
1197 4653 1247 4709 δ’
1297 4657 1476 4733 ἀρετὴν
1506 4662 1534 4722 ἧ
1596 4664 1641 4699 ⁸³
1695 4673 1880 4721 κακίαν
1912 4665 1956 4719 D
1998 4668 2029 4709 ιι

1912 4665 1956 4719 ι)
1998 4653 2441 4713 uniustantum.
2466 4658 2576 4714 Sed
2600 4659 2646 4715 si
2661 4662 2857 4725 unius,
2873 4668 3012 4719 sunt
3027 4666 3242 4721 animae
3259 4675 3450 4739 erunt,
3471 4650 3654 4746 siqui-

275 4741 411 4798 τίνος
442 4736 502 4789 ἆν
561 4736 690 4791 εἶναι
731 4747 951 4815 φαίημεν
1002 4746 1069 4811 ¹⁸¹,
1102 4745 1285 4819 ψυχῆς
1316 4749 1345 4807 ἦ
1383 4756 1624 4823 σώματος
1656 4771 1670 4822 ἲ
1705 4755 1733 4815 ἦ
1780 4760 1880 4833 ’ΪὰΡ

277 4822 486 4899 ἀμφοῖν,
517 4827 546 4887 ἦ
590 4827 699 4892 ἐνὸς
751 4827 925 4889 δηπου
979 4836 1192 4891 τούτων.
1248 4836 1381 4890 Ἀλλ’
1426 4839 1535 4904 ἐνὸς
1574 4842 1712 4921 εἴπερ
1765 4843 1878 4921 εἷεν,

1996 4742 2135 4800 dem
2166 4744 2382 4803 etinde
2404 4762 2617 4804 omnes
2652 4750 2729 4806 ad
2756 4750 2989 4809 bonum
3020 4759 3075 4810 et
3094 4755 3321 4813 malum
3346 4742 3568 4829 motus,
3596 4764 3655 4821 Si

1997 4849 2137 4891 vero
2165 4836 2507 4907 amborum,
2538 4844 2595 4897 et
2621 4840 2703 4898 ita
2723 4842 2937 4899 animae
2968 4845 3166 4917 potius
3184 4852 3357 4907 erunt
3376 4867 3509 4925 quae
3530 4868 3657 4912 cor-

1637 4960 1861 5032 Variae
1908 4965 2259 5040 lectiones.

344 5059 392 5095 ’⁸
449 5068 510 5134 τῇ
578 5078 702 5119 non
759 5068 852 5122 est
900 5064 961 5122 in
991 5067 1116 5125 Vat.

273 5129 447 5188 ἧττον.
485 5129 493 5134 ⁷
527 5135 575 5169 ³³
607 5136 777 5192 Vind.
821 5138 879 5190 οὗ
912 5138 1091 5198 male.

271 5206 367 5277 τὴν
399 5213 490 5265 τῆς
515 5205 577 5277 ψ.
624 5209 745 5264 Vat.
778 5215 956 5267 recte.

270 5275 318 5310 39
348 5277 513 5329 εἵνεκα
528 5275 752 5348 εἰκότος,
789 5283 913 5338 Vat.

1195 5072 1242 5105 ³9
1266 5070 1485 5137 ἄλλυτος
1517 5075 1641 5133 Vat.

1169 5142 1217 5215 ἶν’
1239 5142 1559 5215 μεταδοῦναι
1585 5150 1711 5207 Vat.

1034 5212 1082 5246 ⁸⁸
1116 5212 1287 5271 Vind.
1346 5220 1482 5269 πάνυ
1527 5239 1627 5275 τοι.

994 5284 1040 5318 ⁴⁰
1072 5290 1162 5337 καὶ
1193 5288 1318 5344 Vat.
1400 5292 1442 5325 ¹⁸¹
1480 5300 1663 5366 φαῖμεν
1699 5297 1824 5355 Vat,

1723 5080 1770 5115 ³ο
1795 5082 1977 5158 Δγὶῑιᾴ.
2016 5087 2163 5158 ζῶον,
2196 5088 2373 5148 male.

1793 5154 1840 5189 ³⁸
1872 5157 2041 5213 Vind.
2082 5154 2258 5225 πλείω,
2301 5162 2481 5220 male.

1708 5224 1840 5266 39-35
1901 5228 2073 5286 Vind.
2111 5224 2251 5285 πάνυ
2303 5254 2405 5294 τοι.

2454 5092 2497 5129 δι
2530 5092 2825 5169 cei-agnon
2846 5095 3029 5156 habet
3056 5100 3182 5157 Vat.
3261 5103 3308 5138 ³³
3339 5102 3473 5165 fort.
3506 5106 3650 5169 add.

2559 5166 2609 5248 εξ
2671 5168 3156 5248 suprascriptum
3192 5180 3422 5248 πρόμον.
3500 5180 3544 5215 ³⁷
3591 5166 3651 5239 πξ

2484 5236 2529 5271 ³⁷
2564 5233 2623 5290 δὲ
2677 5229 2847 5298 abest
2892 5258 2930 5299 a
2984 5229 3105 5302 Vat.
3186 5229 3479 5314 33.53%.“
3525 5229 3652 5311 Viti:

1859 5417 2076 5489 Notze.

341 5512 451 5582 (16)
482 5513 782 5605 Apodosis
814 5515 1022 5605 incipit
1050 5520 1307 5605 θίγοι-δίε
1339 5521 1446 5605 ῥὰλξ
1486 5522 1599 5605 ἤδη.
1659 5530 1879 5605 ὁρῶμεν,

268 5585 336 5711 ξι
355 5585 576 5714 seetpius
592 5589 651 5643 in
668 5587 783 5644 hoc
800 5585 1022 5663 scripto
1046 5590 1173 5645 ἀλλὰ
1195 5595 1451 5667 apodosi
1471 5585 1779 5661 ordienda:
1796 5585 1883 5662 in:

304 5670 425 5713 ervn
460 5699 473 5713 .

343 5728 457 5802 (t7)
481 5728 646 5789 Idem
675 5731 1094 5823 Nathanael'in
1122 5737 1356 5813 epistol.
1388 5756 1507 5802 ms.
1548 5759 1651 5827 ap.
1682 5747 1879 5809 Villoi-

1993 5553 2125 5606 son,
2152 5539 2466 5635 Analogia“.
2522 5543 2668 5632 'Grr.
2701 5560 2764 5620 p.
2794 5550 2881 5635 ‘72
2918 5564 2932 5605 :
2993 5550 3063 5635 ,Εἰ
3108 5556 3338 5635 Χριστὸν
3362 5557 3653 5635 -ὀρῶιτρέτ

1991 5627 2132 5705 ἕεις,
2183 5613 2374 5705 ,καλωκς
2442 5613 2812 5705 τρέχεις,”καὶ
2870 5613 3307 5705 εςτᾱττωθπὼ
3350 5613 3654 5705 δρόμονθεί.

1992 5682 2048 5734 6':
2098 5687 2226 5811 πςός
2274 5685 2396 5743 ἀλλο
2462 5682 2814 5746 τίσει-εὕδων
2868 5692 3098 5770 βλέποις,
3160 5698 3270 5763 ιίκῆ
3330 5682 3653 5778 uituli—cinis

1994 5772 2127 5809 σπιυ
2171 5776 2261 5820 ιις.
