4444 6452
786 405 914 461 1411

2130 398 2501 456 NICEPHORI
2532 362 2793 458 cutim!

4002 409 4145 464 1412

781 543 928 601 pore
953 530 1019 581 ut
1036 523 1304 597 quodam
1321 523 1504 578 utitur
1526 539 1757 592 organo
1785 543 1798 591 ;
1821 525 1900 579 ita
1931 529 1994 579 ut
2034 523 2085 578 si
2109 522 2338 576 virtutis
2365 536 2436 576 ac
2473 529 2512 574 Α

2388 536 2436 576 Lc
2473 529 2512 574 Α
2545 522 2732 594 ψυχῆς
2761 526 2821 577 ἂν
2872 525 2987 596 εἷεν,
3041 529 3150 581 ἐπεὶ
3212 528 3444 582 κάκεῖθεν
3497 532 3551 580 αἱ
3591 534 3703 601 περὶ
3751 533 3816 581 τὰ
3872 530 4006 581 καλά
4053 537 4143 582 καὶ

781 616 926 672 boni
962 629 1134 670 amor
1165 628 1301 667 eam
1332 616 1546 677 teneat,
1570 613 1735 683 quod
1762 629 1868 684 per
1898 629 2118 684 corpus
2149 612 2208 665 in
2231 615 2432 664 actum

780 705 1011 765 transit.
1042 717 1234 772 neque
1300 716 1520 770 corpus
1561 701 1823 772 deponet
1870 702 2033 772 quod
2067 707 2122 755 et
2160 712 2431 753 amorem

781 800 836 848 et
868 791 1136 848 studium
1169 805 1343 843 suum
1373 787 1652 859 explebit.
1695 789 1857 843 Idem
1885 790 1991 844 erit
2021 787 2344 843 dicendum
2376 790 2432 838 et

781 884 855 939 de
882 883 1084 939 anima
1101 896 1234 951 quae
1251 879 1556 950 pejoribus
1587 878 1836 934 laetatur.
1869 879 2016 944 Quid
2051 879 2255 933 volens
2287 874 2432 928 illud

779 972 945 1043 quod
977 969 1087 1023 sibi
1121 969 1285 1038 prius
1313 967 1779 1021 instrumentum
1812 974 1954 1032 erat,
1993 974 2323 1038 aptumque
2353 961 2431 1017 ad

778 1060 840 1114 id
862 1057 1027 1131 quod
1059 1055 1318 1119 volebat,
1350 1054 1637 1125 despiciet
1662 1055 1688 1108 ἱ)
1711 1057 1893 1126 Cujus
1909 1062 2109 1110 autem
2137 1057 2217 1108 rei
2249 1067 2431 1107 causa

778 1148 922 1203 illud
947 1162 1053 1218 pro
1078 1144 1278 1216 pejore
1305 1143 1718 1209 commutabit,
1761 1145 1944 1216 idque
1974 1161 2083 1216 pro
2113 1143 2248 1208 alio,
2284 1140 2430 1195 nihil

779 1236 1044 1296 meliore,
1068 1235 1191 1287 imo
1220 1247 1359 1286 vero
1382 1232 1736 1302 plerumque
1779 1233 1992 1292 inutili,
2035 1232 2334 1303 siquidem
2358 1246 2432 1284 ex

777 1326 1093 1381 hominum
1137 1319 1494 1392 corporibus
1542 1321 1896 1376 animalium
1944 1322 2210 1376 induitur
2239 1326 2295 1373 et
2321 1320 2429 1373 cir-

779 1413 1098 1468 cumdatur
1126 1416 1362 1475 natura,
1387 1415 1525 1462 etex
1546 1409 1616 1462 iis
1642 1425 1884 1464 rursum
1910 1410 1985 1464 ad
2015 1410 2253 1480 plantas
2282 1407 2427 1469 abit,

777 1509 833 1557 et
860 1502 954 1556 his
985 1499 1300 1568 colligatur
1325 1497 1576 1550 vinculis
1593 1499 1946 1553 arctioribus
1964 1515 2150 1570 quam
2174 1497 2234 1550 in
2265 1497 2430 1566 prio-

773 1591 943 1646 ribus
998 1593 1188 1649 erant,
1234 1592 1524 1656 tanquam
1579 1585 1638 1639 in
1669 1587 1739 1640 iis
1795 1587 2061 1641 radicata
2108 1601 2230 1640 non
2249 1583 2430 1638 habet

774 1677 1086 1751 quomodo
1124 1675 1262 1730 inde
1301 1673 1471 1728 facile
1516 1679 1707 1741 exeat,
1752 1681 1888 1746 post
1941 1674 2194 1742 longum
2225 1683 2428 1728 autem

773 1774 1014 1838 tempus
1036 1769 1093 1820 et
1116 1763 1213 1818 vix
1233 1760 1599 1831 liberabitur,
1643 1763 1848 1817 nescio
1914 1763 2062 1835 quid
2104 1761 2316 1816 melius
2367 1760 2428 1814 in

2545 613 2712 682 φαυλα
2742 623 2910 667 πᾶσαι
2948 624 3181 678 κινήσεις
3214 639 3224 650 ·
3269 619 3311 669 εἰ
3349 615 3399 670 δ’
3455 618 3663 689 ἀμφοὶν,
3728 625 3816 670 xui
3856 620 3990 670 οὑτω
4041 619 4142 688 ψυ-

2542 710 2651 769 χῆς
2693 703 2881 773 μᾶλλον
2922 704 2981 755 ἂν
3023 703 3114 757 εἶεν
3174 706 3375 779 ὀργάνῳ
3429 703 3496 763 δή
3535 726 3636 756 τινι
3675 715 3746 774 τῷ
3821 712 4023 777 σώματι
4062 726 4144 758 κε-

2541 796 2809 861 χρημένης
2850 795 2962 862 (88)
3000 814 3011 826 ο
3043 795 3168 845 ὥστ’
3208 796 3294 845 εἶτ’
3338 797 3383 828 ⁸³
3449 798 3574 866 ἔρως
3620 795 3780 851 αὐτὴν
3839 793 4021 868 ἀρετῆς
4051 800 4144 846 xui

2542 898 2632 928 του
2660 880 2817 932 καλοῦ
2858 887 3093 953 κατέχει,
3123 892 3214 934 του
3252 903 3308 953 γε
3358 881 3599 940 δηλονότι
3631 881 3725 935 διὰ
3779 891 4020 955 σώματος
4074 885 4144 944 εἰς

2540 968 2728 1040 πρᾶξιν
2771 970 2952 1031 ἰόντος,
2987 991 3076 1022 και
3118 974 3164 1005 ⁴³
3194 972 3288 1022 οὐκ
3318 971 3575 1029 ἀποθήσει
3604 976 3662 1023 τό
3720 981 3889 1043 σῶμα,
3948 970 4022 1024 δι’
4082 973 4143 1024 οὗ

2540 1061 2629 1106 καὶ
2690 1059 2735 1090 ⁸⁸
2790 1062 2874 1108 τὸν
2932 1063 3097 1132 ἔρωτα
3166 1066 3254 1111 καὶ
3320 1066 3413 1116 τὴν
3490 1060 3770 1131 ἐπιθυμίαν
3828 1059 4140 1116 ἐκπλήσσει.

2541 1144 2676 1195 Αὐτὸ
2719 1142 2776 1197 δὲ
2807 1148 2945 1197 τοῦτ’
2979 1150 3090 1198 ἔστι
3123 1151 3277 1218 φάναι
3327 1153 3416 1199 xui
3473 1155 3590 1220 περὶ
3633 1149 3841 1219 ψυχῆς,
3884 1157 3988 1208 τοῖς
4027 1153 4146 1218 χεί-

2538 1252 2685 1302 ροσιν
2717 1231 3026 1305 ενηδομένης
3069 1251 3085 1266 ⁸
3129 1237 3157 1292 ἡ
3199 1240 3248 1286 τί
3297 1242 3386 1287 xui
3420 1235 3729 1307 βουλομένη,
3799 1245 3889 1287 τοῦ
3928 1242 4146 1308 πρώτως

2538 1327 2809 1390 γεγονότος
2849 1324 3093 1395 ὀργάνου,
3149 1320 3324 1385 δεξιοῦ
3366 1343 3424 1394 γε
3464 1328 3607 1385 ὄντος
3632 1328 3762 1397 πρὸς
3791 1326 3824 1374 ἃ
3869 1323 4140 1395 βούλεται,

2539 1415 2894 1480 περιφονὴσει,
2956 1416 3091 1472 τίνος
3136 1409 3195 1463 δὲ
3245 1414 3404 1463 ἕνεκεν
3465 1420 3555 1463 xui
3613 1412 3979 1473 ἀνταλλάξεται
4018 1409 4146 1464 τόδε

2538 1504 2630 1547 τοῦ
2670 1503 2927 1567 χείρονος,
2968 1498 3174 1550 κάκεῖνο
3223 1502 3268 1534 ⁸⁵
3304 1497 3352 1551 δ’
3389 1500 3582 1573 ἐτέρου,
3650 1497 3816 1572 μηδὲν
3869 1505 3957 1571 μὲν
4015 1500 4143 1571 βελ-

2538 1589 2724 1651 τίονος,
2763 1587 2931 1655 πολλῷ
2965 1584 3022 1638 δέ
3085 1608 3185 1639 τινι
3233 1594 3322 1640 xui
3363 1588 3688 1640 ἐπιπλεῖστον
3756 1588 3997 1662 ἀχρείου,
4044 1589 4144 1658 εἰγ⁹

2539 1671 2592 1723 ἐκ
2663 1677 2915 1744 σωμάτων
2968 1680 3058 1746 μεν
3101 1678 3382 1750 ἀνθρώπων
3435 1679 3626 1752 θηρίων
3708 1683 4149 1749 μεταμφιέννυται

2537 1767 2627 1813 καὶ
2693 1765 3010 1835 περιτίθεται
3069 1768 3243 1835 φύσιν,
3305 1764 3357 1816 ἐκ
3426 1762 3485 1817 δὲ
3566 1769 3761 1817 τούτων
3844 1763 3995 1827 αὖθις
4059 1765 4150 1816 ἐπὶ

773 1854 994 1911 talibus
1015 1866 1261 1906 versans
1282 1855 1550 1919 operata,
1592 1850 1714 1904 sive
1764 1849 1910 1906 boni
1944 1865 2148 1905 amore
2178 1854 2427 1913 retenta,
2464 1865 2506 1918 Β

2393 1865 2427 1913 ι,
2464 1865 2506 1918 Β
2541 1851 2673 1920 φυτὰ
2710 1859 2895 1924 χωρεῖ,
2942 1856 3029 1902 καὶ
3085 1857 3282 1912 τούτοις
3322 1851 3592 1906 συνδεῖται
3633 1851 3850 1926 δεσμοῖς
3905 1856 4148 1925 μείζοσιν

773 1944 897 1999 sive
928 1940 1156 1996 malum
1206 1945 1309 1994 aut
1361 1936 1523 1992 mala
1577 1937 1918 2008 praeferens.
1974 1942 2038 1994 Et
2072 1954 2216 1993 sane
2247 1937 2432 1991 altera

772 2033 986 2089 anima:
1016 2028 1213 2084 forma
1236 2026 1424 2081 ﬂuxui
1446 2031 1500 2080 et
1525 2028 1897 2098 corruptioni
1929 2027 2193 2082 serviens
2222 2026 2281 2080 in
2310 2041 2435 2096 qua

771 2122 1046 2182 vivimus,
1061 2117 1247 2174 altera
1264 2122 1456 2170 autem
1471 2116 1710 2187 proprie
1726 2132 1797 2170 ea
1810 2123 1898 2171 est
1910 2116 2238 2172 secundum
2252 2130 2433 2186 quam

769 2212 1019 2267 honeste
1039 2207 1390 2262 uthomines
1411 2206 1667 2258 vivimus
1686 2211 1764 2271 ;et
1792 2206 1933 2260 inde
1952 2206 2368 2260 manifestum:
2389 2199 2436 2257 si

771 2299 931 2355 enim
954 2303 1079 2353 tota
1106 2299 1314 2350 nostra
1347 2294 1469 2348 vita
1499 2293 1576 2348 ab
1591 2294 1721 2365 ipsa
1749 2300 1949 2348 mente
1979 2311 2049 2349 ac
2080 2310 2150 2348 ea
2180 2310 2316 2364 qua;
2347 2308 2435 2346 se-

772 2389 1041 2444 cundum
1076 2391 1340 2440 mentem
1392 2387 1482 2437 est
1536 2385 1743 2437 anima
1792 2383 2036 2453 pendet,
2072 2381 2231 2436 unde
2262 2381 2439 2436 nobis

770 2483 1012 2545 mortes,
1049 2491 1187 2530 cum
1239 2487 1413 2526 mens
1457 2487 1578 2526 non
1633 2472 1895 2542 patiatur
1926 2487 1996 2526 ac
2029 2471 2260 2525 sincera
2291 2473 2440 2534 sitet

770 2571 906 2621 ante
933 2570 1210 2620 nostrum
1261 2560 1486 2616 animal
1520 2566 1574 2614 et
1602 2561 1662 2613 in
1719 2560 1852 2630 ipso
1911 2560 2156 2615 animali
2217 2566 2274 2614 et
2303 2564 2440 2629 post

769 2655 898 2726 ejus
924 2651 1378 2709 dissolutionem
1428 2655 1651 2720 perstet
1684 2649 1711 2702 ?
1761 2650 1948 2712 Unde,
1972 2650 2120 2704 dum
2144 2649 2308 2720 apud
2325 2665 2436 2703 nos

771 2750 861 2798 est
885 2760 956 2798 ac
987 2745 1194 2796 manet
1218 2755 1288 2794 ac
1311 2737 1498 2792 vitam
1520 2743 1791 2792 nostram
1822 2739 2124 2792 continere
2149 2743 2341 2808 potest
2367 2753 2436 2792 ac

770 2832 918 2898 vult,
938 2831 1155 2886 accidit
1179 2834 1242 2883 ut
1269 2825 1436 2898 apud
1469 2841 1578 2880 nos
1636 2826 1752 2880 alia
1791 2827 2124 2880 moriantur
2151 2843 2221 2881 ac
2251 2827 2433 2881 vitam

770 2922 1118 2982 amittant,et
1132 2918 1250 2973 alia
1261 2916 1515 2971 viventia
1526 2917 1838 2970 maneant?
1851 2914 2171 2986 Oportebat
2183 2917 2331 2968 enim
2345 2914 2434 2969 vel

770 3011 1022 3069 omnino
1048 3024 1161 3064 nos
1194 3006 1417 3068 vivere,
1443 3010 1643 3059 mente
1661 3004 1846 3058 vitam
1864 3009 2187 3075 praestante
2214 3020 2284 3058 ac
2297 3020 2434 3058 con-

770 3102 991 3157 tinente
1018 3097 1166 3170 quin
1189 3094 1416 3166 aliquid
1434 3094 1717 3164 patiatur,
1741 3091 2092 3148 velomnino
2107 3094 2431 3164 corrumpi.

769 3207 841 3247 ea
861 3206 972 3244 nos
1003 3187 1376 3256 relinquente
1401 3189 1458 3238 et
1477 3182 1758 3237 abeunte.
1789 3184 1918 3236 Non
1940 3183 2100 3237 enim
2127 3181 2278 3252 licet,
2311 3197 2433 3237 non
2469 3223 2508 3276 Ο

766 3280 904 3335 licet
927 3277 1124 3332 dicere
1151 3289 1285 3329 eam
1318 3271 1576 3326 divisam
1616 3287 1770 3338 esse,
1813 3287 1883 3325 ac
1914 3271 2235 3326 discissam
2258 3272 2318 3325 in
2350 3271 2432 3325 di-

768 3384 970 3425 versas
993 3365 1262 3436 corporis
1283 3366 1482 3433 partes
1501 3376 1570 3415 ac
1591 3361 1673 3414 ita
1691 3375 1792 3415 eas
1807 3360 2212 3415 viviﬁcantem
2234 3380 2251 3428 ;
2274 3360 2432 3415 unde

766 3457 979 3514 abierit
1005 3456 1064 3509 in
1085 3454 1351 3523 seipsam
1379 3454 1698 3511 coarctata,
1716 3465 1787 3503 ea
1819 3455 2058 3504 mortua
2075 3448 2427 3520 relinquere,

767 3548 839 3603 iis
864 3551 1066 3602 autem
1121 3543 1182 3596 in
1225 3539 1449 3612 quibus
1497 3538 1895 3604 immanserit,
1941 3537 2126 3592 vitam
2184 3554 2429 3609 quoque

767 3633 1144 3708 protendere.
1178 3629 1439 3700 Simplex
1470 3626 1631 3682 enim
1662 3643 1732 3682 ac
1764 3642 1961 3698 neque
1993 3627 2426 3694 magnitudinis

765 3738 964 3795 neque
995 3718 1260 3790 corporis
1314 3716 1633 3787 particeps,
1669 3714 1981 3785 quomodo
2010 3713 2427 3768 divideretur?

766 3812 921 3879 Quid
952 3817 1156 3864 autem
1178 3805 1430 3878 patiens,
1465 3803 1856 3874 impassibilis
1881 3809 1937 3857 et
1969 3802 2345 3857 lDlelSlblliS
2371 3809 2428 3857 et

763 3903 1029 3975 partium
1051 3913 1284 3969 expers,
1305 3895 1381 3949 ad
1407 3894 1844 3948 contractiones
1871 3893 2424 3964 etcomprehensio-

765 4009 872 4049 nes
921 3989 1065 4055 abit,
1116 4000 1312 4057 neque
1352 3983 1494 4038 idin
1557 3999 1620 4037 se
1661 3988 1784 4037 tota
1827 3982 2066 4053 patitur,
2093 3999 2199 4053 per
2227 3989 2424 4052 partes

762 4098 906 4138 vero
931 4095 1086 4152 quas
1113 4073 1676 4132 habebatcmortuis
1697 4072 1960 4140 corporis
1975 4072 2247 4143 partibus
2277 4073 2422 4126 ada-

762 4177 963 4245 ptatas
993 4170 1020 4223 ?
1055 4165 1168 4222 Sed
1197 4162 1536 4219 absurdum
1572 4162 1696 4215 haec
1728 4161 1990 4229 cogitare
2023 4177 2092 4215 ac
2123 4161 2318 4215 dicere
2349 4162 2424 4216 de

764 4267 962 4318 mente
984 4257 1247 4330 partium
1303 4251 1525 4323 experti
1563 4256 1621 4305 et
1659 4266 1904 4320 prorsus
1928 4250 2310 4320 impassibili.
2347 4253 2423 4306 De

761 4367 834 4407 ea
863 4354 1062 4404 autem
1093 4359 1282 4415 quam
1303 4340 1585 4403 diximus,
1608 4338 1771 4392 fluxa
1801 4339 2005 4393 anima
2043 4343 2100 4392 et
2125 4340 2423 4409 corrupti-

759 4439 864 4496 bili
886 4435 1030 4492 nihil
1060 4435 1377 4503 repugnat,
1400 4428 1692 4500 quoniam
1722 4427 1847 4481 haec
1879 4425 2184 4493 dividitur,
2222 4433 2278 4481 et
2311 4428 2424 4482 hoc
2458 4449 2502 4503 ο
2541 4429 2748 4490 ἀπαθὴς

758 4529 943 4587 modo
986 4539 1198 4581 omnes
1218 4520 1483 4591 corporis
1515 4523 1714 4590 partes
1735 4516 1982 4581 invadit,
2020 4518 2232 4589 spiritu
2262 4534 2424 4589 quo-

761 4619 908 4676 dam
958 4613 1111 4671 vitali
1153 4615 1346 4678 vecta,
1393 4614 1450 4664 et
1491 4623 1616 4663 una
1655 4623 1796 4662 cum
1836 4622 1908 4662 eo
1947 4606 2214 4678 undique
2241 4623 2423 4678 pene-

2541 1940 2570 1998 ἠ
2614 1939 2664 1990 ἐν
2714 1948 2818 2000 τοῖς
2858 1943 3100 2015 πρόσθεν,
3153 1951 3243 1994 xui
3297 1945 3470 2018 ὥσπερ
3526 1943 3574 1995 ἐν
3630 1944 3807 2005 αὐτοῖς
3859 1945 4152 2018 ῥιζωθεῐσα

2541 2028 2635 2080 οὐκ
2661 2032 2774 2100 ἔχει
2804 2031 2942 2091 ὅπως
2988 2028 3184 2103 ῥᾳδίως
3248 2031 3435 2084 ἐκεῖθεν
3488 2031 3808 2107 ἐκχωρήσει,
3871 2040 4048 2106 χρόνῳ
4092 2031 4153 2085 δὲ

2544 2128 2728 2192 μακρῷ
2787 2137 2891 2170 τινι
2943 2126 3031 2171 xui
3097 2120 3244 2191 μόλις
3314 2120 3715 2187 ἀπαλλάττεται,
3794 2121 3889 2172 οὐκ
3947 2120 4074 2174 οἶδα
4104 2127 4156 2173 τί

2545 2206 2693 2258 πλέον
2734 2206 2781 2257 ἐν
2835 2216 2942 2269 τοῖς
3008 2214 3263 2268 τοιούτοις
3313 2215 3558 2281 γενομένη
3603 2208 3855 2283 δράσασα
3909 2212 4064 2262 καλὸν
4123 2216 4151 2268 ἡ

2546 2295 2597 2364 γ’
2620 2298 2767 2359 ἔρωτι
2806 2296 2964 2348 καλου
3023 2296 3340 2369 ἑνισχημένη
3386 2299 3416 2356 ἡ
3459 2304 3616 2350 κακόν
3668 2301 3696 2357 ᾖ
3752 2302 3888 2350 κακά
3942 2301 4156 2372 προελο-

2547 2390 2670 2456 μένη
2707 2407 2718 2416 ·
2754 2390 2842 2436 xui
2898 2391 3001 2456 μην
3055 2389 3101 2421 ‘5
3160 2388 3281 2438 ῶλο
3325 2392 3414 2458 μεν
3468 2388 3658 2459 ψυχῆς
3703 2385 3861 2459 εἶδος,
4069 2395 4160 2440 xui

2549 2476 2715 2547 φθορᾲ
2747 2471 2989 2527 δουλευον
3025 2475 3073 2526 ἐν
3218 2474 3283 2534 δὴ
3341 2479 3507 2548 ζῶμεν
3567 2480 3635 2545 ⁸⁷,
3689 2478 3813 2529 ἄλλο
3855 2476 3913 2530 δε
3961 2486 4161 2552 κυρίως

2546 2563 2663 2614 καθ’
2718 2564 2742 2614 ὃ
2800 2561 2853 2615 εὖ
2911 2565 3051 2636 μάλα
3114 2571 3203 2616 xui
3263 2567 3427 2626 καλῶς
3483 2569 3747 2641 ἄνθρωποι
3815 2568 4000 2640 ζῶμεν,
4061 2574 4155 2620 xui

2545 2648 2648 2703 ὧδε
2681 2649 2836 2710 δῆλον
2873 2675 2884 2685 ·
2920 2653 2962 2704 εἰ
2991 2657 3092 2726 γὰρ
3145 2660 3203 2705 τὸ
3259 2655 3353 2726 ζῇν
3411 2658 3556 2726 ἡμῶν
3596 2656 3709 2707 ὅλον
3750 2657 3909 2708 αὐτου
3965 2666 4055 2708 νου
4106 2659 4153 2692 ⁸⁸

2544 2746 2634 2791 καὶ
2668 2750 2761 2801 τῆς
2801 2744 2913 2792 κατ’
2967 2742 3123 2793 αὐτόν
3180 2743 3362 2813 ψυχῆς
3416 2744 3657 2812 ἐξῆπται,
3716 2747 3868 2796 πόθεν
3912 2748 4036 2816 ημῖν
4105 2748 4157 2797 οἱ

2547 2831 2776 2893 θάνατοι,
2839 2829 3073 2892 ἀπαθοῦς
3134 2828 3292 2883 τοῦδε
3342 2838 3432 2884 xui
3507 2832 3773 2906 ἀκηράτου
3832 2839 3921 2885 xui
3960 2839 4061 2908 πρὸ
4106 2838 4153 2870 ⁸⁵

2545 2925 2638 2967 τοὺ
2690 2919 2808 2969 καθ’
2841 2919 2976 2988 ἡμᾶς
3043 2922 3177 2980 ζώου
3217 2925 3306 2971 xui
3357 2919 3404 2970 ἐν
3464 2920 3604 2991 αὐτῷ
3661 2918 3729 2978 δὴ
3780 2929 3852 2990 τῷ
3916 2923 4033 2992 ζὼῳ
4065 2929 4158 2973 xui

2545 3008 2675 3076 μετά
2713 3014 2865 3057 τουτο
2895 3005 3042 3058 λυθὲν
3116 3010 3442 3067 καθεστωτος
3482 3025 3495 3072 ;
3535 3010 3688 3060 πόθεν
3736 3014 3827 3060 καί
3875 3009 3996 3083 παρ’
4029 3013 4159 3082 ἡμῖν

2545 3099 2687 3154 ὄντος
2750 3099 2841 3146 καὶ
2906 3099 3143 3166 μάνοντος
3199 3101 3289 3147 καί
3348 3117 3408 3167 γε
3481 3103 3575 3154 τὴν
3636 3101 3772 3158 ζωὴν
3819 3100 3964 3169 ἡμῶν
4027 3099 4157 3150 ὅλων

2546 3188 2784 3253 συνέχειν
2829 3189 2919 3235 xui
2975 3181 3330 3257 δεδυνημένου
3391 3191 3480 3237 xui
3529 3185 3932 3257 βεϐουλημένου,
3971 3192 4033 3238 τὰ
4066 3193 4158 3258 μεν

2544 3273 2688 3342 ἡμῶν
2719 3274 2860 3322 ἐστιν
2901 3274 2983 3324 ὅτε
3025 3278 3115 3324 xui
3147 3275 3194 3307 ⁵ο
3247 3282 3539 3348 νεκροῠται,
3592 3279 3682 3325 xui
3731 3279 3790 3325 τό
3859 3276 3954 3346 ζῇν
3997 3275 4158 3327 ἀπόλ-

2541 3360 2682 3430 λυσι,
2735 3365 2800 3412 τά
2840 3359 2898 3414 δὲ
2960 3367 3097 3433 μένει
3125 3364 3332 3429 Curru;
3363 3361 3510 3416 Ἔδει
3539 3367 3640 3439 γάρ
3674 3365 3703 3422 ᾖ
3734 3369 3791 3416 τό
3846 3365 3957 3416 ὅλον
4015 3369 4160 3437 ἡμᾶς

2543 3451 2660 3521 ζῇν,
2702 3450 2862 3501 αὐτου
2914 3470 2971 3521 γε
3029 3460 3120 3502 τοῦ
3171 3457 3264 3509 τὴν
3325 3453 3464 3512 ζωὴν
3521 3455 3564 3487 ⁵¹
3623 3460 4024 3526 παρεσχηκότος
4061 3460 4156 3505 xui

2543 3544 2856 3609 συνέχοντος
2902 3538 3068 3612 μηδεν
3117 3544 3452 3611 πεπονθότος,
3495 3544 3522 3600 ἦ
3589 3547 3646 3594 τό
3706 3543 3819 3594 ὅλον
3873 3543 4155 3616 ἐφθάρθαι,

2539 3627 2827 3688 ἐκλιπόντος
2863 3625 3106 3686 δηλονότι
3178 3627 3328 3682 τουδε
3374 3636 3464 3682 καὶ
3523 3630 4008 3706 ἀποκεχωρηκοτος.
4075 3634 4154 3684 Οὐ

2537 3719 2637 3790 γὰρ
2674 3721 2837 3786 ἔστιν,
2879 3719 2969 3768 οὐκ
3014 3720 3155 3770 ἔστιν
3195 3715 3310 3770 οὐδ’
3369 3729 3527 3771 εκεῖνο
3585 3724 3790 3782 πάντως
3842 3723 4019 3786 εἰπεῖν,
4085 3727 4154 3784 ὡς

2535 3811 2869 3879 μεμέρισται,
2927 3812 3016 3857 καὶ
3085 3808 3402 3878 σχιζόμενος
3477 3814 3595 3882 περὶ
3659 3814 3722 3860 τὰ
3761 3818 3852 3860 του
3912 3817 4157 3879 σώματος

2534 3914 2695 3968 μόρια
2740 3915 2829 3946 και
2861 3896 2996 3946 οὕτω
3047 3892 3113 3953 δὴ
3153 3905 3318 3947 ταυτα
3383 3901 3553 3958 ζῶντα
3581 3907 3742 3949 ποιῶν
3781 3901 3806 3949 ο
3851 3908 3988 3962 νους,
4040 3901 4157 3951 ὅθεν

2535 3988 2626 4055 μὲν
2680 3983 2739 4034 ἂν
2788 3984 2952 4035 αὐτῶν
3013 3983 3352 4058 ἀναχωρήσει
3403 3987 3450 4028 ⁵⁸
3503 3987 3576 4049 εἰς
3635 3987 3813 4038 ἑαυτὸν
3849 3988 4161 4049 συσταλεὶς,

2531 4092 2619 4122 και
2675 4077 2828 4146 νεκρά
2885 4070 2952 4130 δὴ
3011 4082 3176 4124 ταυτα
3262 4074 3580 4144 καταλειπει,
3659 4078 3731 4136 οἷς
3819 4073 3869 4127 δ’
3925 4076 4160 4148 ἐμμένει,

2533 4165 2746 4222 τούτοις
2791 4180 2847 4231 γε
2894 4158 3068 4218 δήπου
3133 4183 3223 4213 και
3296 4167 3352 4214 τὸ
3410 4165 3505 4235 ζῇν
3571 4170 3875 4238 παραμένει.
3935 4165 4164 4226 Ἀπλους

2536 4253 2637 4322 γὰρ
2682 4254 2748 4300 ὧν
2781 4271 2870 4301 και
2908 4256 2979 4322 μη
3038 4254 3284 4322 μεγέθους
3339 4259 3472 4324 μήτε
3517 4249 3584 4311 δὴ
3637 4260 3875 4325 σώματος
3918 4260 4162 4325 μετέχων

2535 4337 2787 4412 μηδενός,
2830 4349 2938 4401 πῶς
2998 4339 3056 4391 ἆν
3104 4361 3194 4392 και
3242 4344 3558 4415 μερισθείη;
3611 4348 3660 4394 τί
3714 4339 3773 4394 δε
3811 4363 3901 4394 και
3958 4346 4168 4410 παθών,

2851 4431 2935 4499 19)
2987 4450 3074 4481 και
3143 4427 3443 4502 ἀδιαίρετος
3490 4451 3580 4482 και
3635 4431 3823 4504 ἀμερὴς
3895 4433 3982 4501 ὢν,
4081 4432 4169 4484 ἐπι

2542 4520 2868 4588 συναιρέσεις
2925 4537 3015 4568 και
3074 4518 3328 4579 συνολκάς
3381 4519 3493 4580 ἡξει
3548 4520 3617 4586 ⁵³,
3687 4539 3775 4570 και
3830 4516 3953 4570 οὐδε
3997 4528 4161 4572 τοῦτο

2538 4608 2703 4666 πάθος
2756 4605 2878 4656 καθ’
2935 4605 3048 4657 ὅλον
3114 4607 3296 4658 ἑαυτὸν
3349 4610 3486 4658 κατὰ
3534 4605 3593 4660 δὲ
3653 4612 3807 4682 μέρη,
3864 4609 3898 4659 ἃ
3939 4605 4005 4666 δὴ
4067 4623 4165 4661 και

2145 4731 2367 4798 Variae
2417 4731 2774 4800 lectiones.

834 4891 882 4924 ι²
928 4883 1025 4954 εῖγ’
1055 4883 1180 4954 Vat.
1261 4878 1308 4954 f3
1338 4895 1447 4954 _xui
1485 4875 1661 4954 abest
1706 4889 1743 4929 a
1790 4875 1915 4954 Vat.

760 4965 888 5017 vat.
968 4946 1010 4989 ἔτ
1034 4951 1204 5007 Vind.
1249 4946 1504 5020 δείξομεν,
1543 4946 1727 5020 male.
1802 4946 1860 5020 _‘3
1889 4949 2001 5020 γρὸς
2030 4947 2161 5001 vat-

763 5016 1084 5101 "uvuxwpiz
1097 5043 1182 5077 σοι
1207 5021 1338 5078 Vat.
1395 5016 1464 5054 ’⁵³
1494 5018 1664 5074 Vind.
1694 5016 1851 5073 male
1873 5017 1994 5080 ἔξει.

1995 4875 2043 4906 ιι
2091 4894 2181 4925 και
2231 4875 2403 4929 abest
2456 4890 2493 4929 a
2546 4875 2679 4931 Vat.

2241 4948 2288 4980 ‘9
2320 4949 2445 5020 πρὸς
2499 4948 2622 5002 Vat.

3651 4879 3697 4912 ιθ
3745 4879 3822 4927 ὅτι
3871 4877 4030 4932 adde
4084 4894 4160 4932 ex

3580 4949 3626 4983 δι
3680 4969 3770 4999 και
3821 4949 3963 5004 add.
4024 4951 4155 5004 Vat.

2757 4876 2804 4909 ‘5
2856 4873 3092 4927 κάκείνου
3145 4875 3338 4940 Vind.,
3393 4875 3570 4932 male.

2702 4947 2752 4982 ⁸ο
2799 4967 2888 4998 και
2914 4963 3036 5002 non
3066 4952 3340 5017 agnoscn
3378 4949 3501 5001 Vat.

2368 5143 2587 5210 Notae.

837 5304 948 5371 (18)
976 5292 1219 5354 Michael
1241 5289 1581 5373 Psellus‘pe
1638 5288 1925 5373 omni/far.
1954 5287 2260 5373 ‘doctrir‘iq
2286 5291 2426 5373 sect.

763 5357 853 5440 28;
899 5357 954 5443 pl.
981 5373 1049 5424 60
1084 5374 1230 5443 εΤων
1257 5363 1380 5436 παρ’
1419 5359 1648 5443 Ἰ-ξλλησι,
1698 5367 1877 5443 σοφῶν,
1909 5363 2001 5415 τὴν
2051 5357 2237 5442 ψυχὴν
2279 5357 2431 5443 iliu-

763 5431 863 5500 των
900 5431 994 5515 μὲν
1051 5445 1140 5490 καὶ
1199 5431 1566 5509 Ἀριστοτέλης
1625 5433 1694 5515 (ἐς
1747 5434 1948 5515 οργάνερ
2007 5435 2136 5500 φασὶ
2187 5431 2434 5515 χρησθῃι

762 5528 836 5589 τῷ
872 5501 1098 5586 σώματι.
1128 5541 1197 5549 -
1237 5501 1582 5594 Sequuntur
1622 5501 2185 5582 Peripateticorum,
2228 5501 2432 5556 Clean-

763 5575 882 5648 this
903 5574 1215 5654 ipsiusque
1244 5574 1456 5654 Plotini
1476 5574 1717 5654 placita.

1019 5660 1082 5708 Τί
1116 5641 1214 5725 ’-ς
1272 5641 1738 5725 παθῲνᾞιπαθρς.
1811 5644 1984 5725 Ludit
2012 5645 2073 5724 in
2136 5641 2434 5725 vocabulo

769 5715 1033 5804 gemino.
1060 5726 1165 5782 111a
1185 5720 1449 5805 formula
1466 5724 1517 5770 τί
1565 5720 1744 5805 «una?»
1807 5715 2436 5805 utiturlips'eflotﬂinus

974 5803 1082 5858 L38
1138 5800 1180 5854 Β
1227 5797 1349 5856 :Ti
1393 5794 1494 5867 γὰρ
1548 5792 1729 5846 παθών
1780 5807 1862 5852 τις
1912 5792 2044 5868 πρὸς
2084 5792 2236 5841 ἄλλον
2285 5792 2433 5861 ἔχει,

762 5820 909 5879 Ρὸεο

2583 5283 2705 5340 uod
2724 5289 2947 5338 tentare
2965 5301 3086 5340 non
3109 5284 3372 5341 debebat
3391 5285 3696 5341 Villoison.
3715 5287 3990 5344 Anecdd.
4012 5288 4164 5342 Grr.

2542 5355 2608 5416 ll.
2639 5372 2697 5425 p.
2726 5355 3265 5429 2,35,1icetPIatoni
3307 5357 3588 5429 frequens
3616 5358 3689 5412 sit
3729 5358 3832 5413 illa
3862 5366 4077 5422 altera,
4113 5366 4166 5412 ri

2538 5430 2737 5500 μαθων.
2760 5427 3148 5500 VidJacpbs.
3173 5427 3802 5484 Additthnimadvv.
3829 5430 3910 5485 ad
3931 5431 4168 5486 Athan.

2541 5497 2601 5570 ι).
2657 5499 2968 5572 327,_ibiq.
3009 5497 3259 5572 laudatt.
3318 5500 3484 5555 Wolf.
3531 5500 3608 5555 ad
3644 5501 3946 5556 Demosth.
3995 5505 4165 5572 Lept.

2541 5569 2602 5642 p.
2621 5572 2745 5643 348;
2768 5569 2987 5643 Heusd.
3008 5571 3064 5625 in
3083 5571 3589 5643 Specim.Platon.
3607 5587 3668 5643 p.
3688 5572 3774 5626 57.
3796 5572 3959 5628 Adde
3986 5569 4169 5629 Hein-

2543 5641 2696 5716 dorf.
2719 5641 2796 5696 ad
2827 5643 3100 5716 Euthyd.
3127 5642 3356 5716 Platon.
3384 5659 3446 5716 p.
3477 5641 3693 5712 339,'et
3719 5644 4057 5700 Hermann.
4093 5647 4170 5702 ad

2542 5714 2734 5783 Viger.
2769 5728 2832 5785 p.
2865 5718 2971 5770 759
2991 5714 3088 5771 ed.
3117 5715 3352 5775 noviss.
