4444 6452
261 431 394 485 1413

1465 412 1625 467 Αῡν.
1660 398 2013 463 PLOTINUM
2053 405 2141 459 DE
2172 407 2411 462 ΑΝΙΜΑ.

3478 404 3617 459 1414

259 553 398 623 εἶχεν
473 547 830 621 ἐνηρμοσμένα
905 548 1015 600 τοῖς
1075 540 1373 611 νεκρωθείσι
1456 542 1547 586 τοῦ
1623 538 1859 602 σωματος
1890 530 1938 579 Α
1970 531 2014 579 tr

1890 530 1938 579 Α
1970 531 2132 581 trans
2162 529 2714 602 vivenscorpus,ibi
2744 529 2947 584 ﬁnitur
2963 530 3064 583 ubi
3096 527 3306 583 etillud
3326 525 3617 582 cessat.Si

261 644 467 713 μέρεσιν
520 653 534 701 ;
596 632 728 685 Ἀλλ’
792 630 981 682 ἄτοπον
1039 636 1207 680 ταῦτα
1289 631 1405 699 περί
1491 629 1583 673 τοῦ
1641 618 1861 692 ἀμεροῦς

261 706 349 779 νοῦ
417 727 465 759 ⁵⁸
515 742 605 773 και
664 721 996 771 παντάπασιν
1040 715 1267 773 ἀπαθοῦς
1326 732 1415 763 και
1486 706 1861 778 ὑπολαμϐάνειν

263 835 354 866 και
390 814 549 882 λέγειν
580 827 591 839 ·
639 812 757 881 περί
816 803 864 857 δ’
920 806 980 865 ἧς
1028 806 1213 875 ἔφημεν
1261 803 1485 875 ρευστῆς
1543 797 1728 867 ψυχῆς
1777 814 1864 844 και

266 905 515 976 φθαρτῆς,
558 894 708 949 οὐδὲν
762 894 994 956 ἀπεικός,
1045 894 1152 943 ἐπεί
1212 910 1298 941 και
1342 894 1652 961 μεμέρισται
1708 883 1864 945 αὕτη,

265 998 354 1043 καὶ
419 996 602 1041 τοῦτον
656 983 723 1042 δὴ
775 987 861 1034 τόν
916 986 1103 1054 τρόπον
1151 982 1318 1031 πάντα
1388 979 1563 1049 φθάνει
1639 976 1701 1024 τά
1778 978 1868 1021 τοῦ

269 1086 515 1151 σώματος
566 1080 741 1147 μόρια,
789 1074 1041 1141 πνεύματι
1115 1064 1180 1126 δη
1238 1086 1337 1118 τινι
1399 1066 1603 1131 ζωτικῷ
1664 1079 1719 1131 γε
1767 1063 1871 1109 ἄντι

270 1168 621 1239 ἐποχουμένη,
663 1182 753 1213 και
806 1162 934 1231 μετά
971 1161 1155 1209 τούτου
1208 1153 1556 1207 διαϐαίνουσα
1607 1157 1697 1199 τοῦ
1749 1148 1873 1207 ζῶν-

270 1236 401 1315 τοςρ
436 1236 677 1323 σωματος
725 1256 997 1317 πανταχῆ,
1056 1247 1158 1297 ἐκεῖ
1195 1240 1261 1300 δὴ
1299 1244 1345 1277 ⁵⁸
1378 1244 1631 1314 περαίνει,
1662 1238 1782 1287 ὁποι
1826 1236 1874 1269 ⁵⁸

273 1342 340 1401 δὴ
383 1364 472 1394 και
502 1350 654 1393 τοῦτο
687 1340 1043 1409 συμπεραίνει.
1080 1333 1138 1385 Εἰ
1165 1330 1223 1384 δὲ
1262 1352 1312 1383 τι
1346 1332 1505 1382 πάθοι
1552 1336 1651 1379 τῶν
1687 1332 1874 1397 μερῶν,

272 1453 361 1484 και
393 1436 451 1483 τό
496 1449 555 1500 γε
602 1429 768 1487 πάθος
815 1430 908 1481 τήν
940 1442 990 1474 τε
1042 1429 1134 1473 τοῦ
1191 1422 1477 1489 πνεύματος
1521 1435 1725 1472 κινησιν
1790 1431 1878 1462 και

272 1527 367 1579 τὴν
398 1519 588 1571 αῦτόσε
635 1517 678 1550 ⁵⁷
712 1523 803 1573 τῆς
844 1511 1028 1582 ψυχῆς
1061 1514 1247 1567 στήσοι
1297 1505 1564 1574 διάϐασιν,
1624 1508 1774 1554 τοῦτο
1823 1517 1880 1569 γε

274 1630 365 1661 και
420 1611 744 1679 νενέκρωται,
806 1609 897 1653 τοῦ
956 1605 1044 1657 τήν
1102 1598 1238 1658 ζωὴν
1294 1595 1503 1654 ἐνιέντος
1558 1592 1880 1660 ἀπολειφθὲν,

276 1718 366 1750 και
415 1700 486 1768 μὴ
548 1690 831 1763 δυνάμενον
883 1691 960 1740 ἔτι
1027 1690 1264 1758 μετέχειν
1319 1684 1478 1736 αὑτοῦ
1527 1702 1538 1713 ·
1589 1679 1683 1731 κᾶν
1743 1674 1801 1730 δέ
1831 1676 1883 1768 γΪ

278 1785 355 1837 ἐπ’
408 1764 533 1836 αὐτὸ
586 1785 739 1855 μέρος
788 1786 879 1830 τοῦ
945 1782 1181 1847 σώματος
1246 1774 1319 1824 ἱόν
1374 1770 1527 1843 βάλοι
1554 1773 1611 1821 τό
1670 1764 1884 1825 πάθοςὸ

282 1871 349 1932 δὴ
379 1893 468 1924 και
488 1876 581 1929 τὴν
611 1869 787 1943 ἀρχὴν
820 1869 968 1938 ἴσχει
1002 1885 1014 1896 -
1038 1871 1188 1915 τοῦτο
1244 1858 1292 1913 δ’
1327 1858 1456 1913 εἶναι
1485 1860 1535 1893 ⁵³
1578 1860 1636 1908 τό
1685 1863 1887 1925 πνεῦμα

281 1970 375 2022 τῆς
430 1942 653 2021 ζωτικῆς
706 1956 759 2007 ὃν
814 1954 997 2025 ψυχῆς
1074 1956 1278 2022 ὄχημα,
1339 1949 1491 2008 εὐθὺς
1535 1966 1624 1997 και
1679 1948 1737 1996 τό
1791 1942 1887 2013 ζῇν

284 2050 396 2104 ὅλον
455 2050 642 2121 φθαρὶν
696 2048 975 2107 πέπαυται,
1036 2043 1232 2099 ταύτης
1270 2034 1336 2095 δὴ
1393 2046 1489 2097 τῆς
1538 2036 1677 2095 ζωῆς
1730 2034 1889 2104 φθαρ-

284 2149 380 2200 τῆς
425 2141 610 2202 οὔσης,
670 2137 739 2196 ὡς
787 2132 1076 2203 ὑπεθέμεθα
1131 2149 1221 2180 και
1265 2124 1371 2185 ἤδη
1427 2122 1696 2178 δέδεικται
1748 2142 1760 2154 ·
1802 2140 1892 2171 και

283 2232 456 2280 τοίνυν
493 2226 551 2277 οῦ
609 2225 744 2275 κατὰ
790 2229 907 2272 νοῦν
974 2217 1146 2279 ἀπλῶς
1219 2220 1402 2287 ζῶμεν,
1475 2212 1601 2265 ἀλλά
1664 2218 1893 2268 νοοῦντες

284 2316 338 2369 εὖ
407 2316 594 2387 ζῶμεν.
636 2319 741 2373 Τῆς
784 2306 843 2362 δὲ
900 2310 1230 2380 φθειρομένης
1295 2305 1481 2375 ψυχῆς
1516 2304 1563 2337 ⁵9
1592 2303 1705 2352 ἔστι
1772 2296 1895 2369 μᾶλ-

284 2405 369 2457 λον
458 2403 615 2455 εἰπεῖν
670 2404 761 2451 καὶ
828 2403 921 2455 τὴν
1003 2398 1337 2467 φθειρομένην
1396 2390 1523 2443 εἶναι
1576 2391 1624 2425 ⁶⁰
1700 2390 1895 2443 ταύτην

289 2495 428 2555 ζωήν
461 2510 471 2520 ·
505 2498 624 2552 νοῦς
664 2486 723 2541 δὲ
752 2492 842 2540 καὶ
890 2490 919 2544 ἡ
977 2488 1112 2537 κατά
1165 2491 1343 2535 τοῦτον
1410 2481 1564 2552 ψυχὴ
1621 2483 1710 2529 καὶ
1762 2478 1895 2541 ζωὴ,

1740 2568 1901 2641 ἡρμο-

292 2674 462 2742 σμένῳ
520 2677 593 2739 τῷ
639 2673 865 2738 σώματι,
925 2667 1285 2736 παραμένουσι
1344 2676 1679 2716 συνεστωσης
1717 2655 1895 2719 αὐτῆς,

288 2586 553 2654 πεφυκότα
626 2581 936 2652 παραμένειν
1002 2570 1160 2630 τήνδε
1248 2576 1341 2628 τὴν
1400 2572 1648 2641 ἀρμονίαν

292 2760 545 2818 λυθείσης
604 2754 663 2808 δὲ
710 2760 798 2807 καὶ
859 2753 1016 2813 αὐτὸς
1066 2750 1344 2802 ἀπολυεται
1400 2750 1469 2815 ⁸⁸,
1524 2747 1683 2818 μηθὲν
1723 2745 1900 2795 παθὼν

293 2848 563 2918 ἀκήρατος
596 2864 677 2905 τις
704 2848 795 2895 καὶ
829 2841 1034 2901 ἀπαθὴς
1074 2841 1163 2908 ὢν,
1213 2843 1303 2889 καὶ
1336 2837 1507 2888 οῦκέτι
1566 2838 1692 2906 πρὸς
1755 2834 1903 2905 ἔτερα

296 2934 593 3009 μεταϐαίνει
651 2941 750 2984 τῶν
820 2931 1073 3002 σωμάτων
1133 2928 1243 2979 οὔθ’
1298 2928 1514 2997 ὁμογενῆ
1580 2932 1653 2993 τῷ
1714 2927 1902 2993 πρώτῳ

295 3029 385 3076 καὶ
433 3020 492 3075 οὗ
538 3021 885 3093 ἐξεφοίτησεν,
952 3021 1070 3070 οὔτε
1129 3019 1260 3088 πρός
1313 3016 1460 3087 ἕτερα
1510 3015 1702 3085 θηρίων
1753 3017 1903 3062 τινῶν

297 3117 387 3163 καὶ
441 3109 661 3180 ἀλόγων,
716 3112 805 3159 καὶ
860 3103 1083 3179 μηδαμῆ
1160 3106 1325 3174 τούτῳ
1379 3106 1767 3175 προσηκόντων.
1828 3097 1904 3149 Οὐ

1970 631 2093 686 qua
2110 633 2247 672 vero
2262 634 2401 689 pars
2420 621 2697 690 patiatur,
2716 618 3040 690 passioque
3054 617 3293 689 spiritus
3306 622 3537 671 motum
3563 618 3621 669 et

1973 705 2192 759 animae
2208 707 2676 776 permeationem
2694 707 2879 776 sistat,
2899 722 2969 760 ea
2982 723 3123 777 pars
3154 708 3456 763 emoritur.
3482 718 3620 757 cum

1974 808 2107 847 eam
2130 794 2263 848 vitae
2282 795 2641 867 principium
2660 794 3056 867 derelinquat,
3083 809 3275 865 neque
3299 792 3489 865 possit
3510 792 3620 845 hu-

1970 883 2066 953 jus
2094 883 2392 954 particeps
2423 899 2578 938 esse.
2614 885 3085 954 Siautemipsam
3103 884 3369 954 corporis
3394 887 3625 953 partem

1979 971 2245 1025 vulneret
2274 971 2477 1042 passio
2503 987 2639 1043 quae
2672 972 3075 1043 principatum
3103 977 3261 1026 tenet
3312 986 3479 1036 ;cum
3530 970 3627 1024 hic

1982 1060 2224 1130 spiritus
2256 1061 2329 1115 sit
2352 1060 2571 1115 animae
2610 1060 2807 1115 vitalis
2824 1060 3187 1122 vehiculum,
3212 1061 3414 1116 statim
3432 1060 3629 1115 omnis

1982 1148 2102 1203 vita
2141 1154 2421 1220 corrupta
2449 1149 2652 1204 finitur
2680 1167 2693 1215 ;
2717 1151 3008 1221 quoniam
3036 1150 3165 1205 haac
3192 1152 3313 1206 vita
3336 1150 3630 1223 corrupti—

1983 1236 2118 1292 bilis
2146 1243 2254 1306 est,
2287 1243 2347 1292 ut
2365 1238 2795 1309 supposuimus
2813 1244 2869 1293 et
2882 1239 3007 1309 jam
3022 1239 3500 1295 demonstratum
3520 1244 3627 1293 est.

1988 1328 2053 1380 Et
2068 1325 2243 1393 igitur
2256 1341 2375 1379 non
2392 1325 2735 1397 simpliciter
2748 1327 3081 1381 secundum
3096 1336 3347 1383 mentem
3361 1328 3633 1391 vivimus,

1988 1413 2091 1468 sed
2110 1416 2435 1482 cogitantes
2455 1414 2608 1469 bene
2620 1415 2900 1469 vivimus.
2920 1417 3104 1486 Hujus
3122 1422 3321 1472 autem
3341 1422 3635 1488 corruptae

1989 1504 2208 1556 animas
2231 1501 2446 1558 melius
2465 1508 2553 1557 est
2576 1503 2771 1557 dicere
2793 1509 2849 1558 et
2869 1510 3211 1575 corruptam
3234 1520 3364 1560 esse
3384 1505 3543 1560 hanc
3559 1505 3641 1559 vi-

1993 1594 2148 1655 tam;
2183 1605 2353 1644 mens
2378 1606 2521 1645 vero
2550 1596 2604 1645 et
2634 1607 2768 1663 quae
2800 1592 3132 1648 secundum
3158 1609 3294 1649 eam
3325 1598 3411 1648 est
3437 1593 3643 1649 anima.

1992 1693 2061 1733 ac
2084 1678 2223 1745 vita,
2263 1694 2402 1732 cum
2429 1678 2686 1734 debeant
2709 1696 2847 1734 cum
2864 1695 3112 1752 corpore
3134 1681 3470 1736 secundum
3485 1680 3643 1736 hanc

1994 1766 2378 1820 harmoniam
2401 1766 2759 1822 concinnato
2784 1770 3150 1836 conversari,
3174 1774 3550 1841 permanent,
3575 1785 3646 1825 ea

1929 1870 1967 1921 Β
1995 1854 2269 1919 durante,
2303 1854 2495 1910 soluta
2522 1860 2722 1911 autem
2763 1861 2819 1911 et
2845 1857 2976 1928 ipsa
3015 1874 3185 1913 mens
3217 1857 3646 1927 solvitur,nihil

1997 1944 2250 2015 patiens,
2284 1943 2585 2016 siquidem
2617 1945 2872 2017 simplex
2893 1952 2949 2001 et
2972 1948 3367 2019 impassibilis
3393 1954 3499 2016 est,
3537 1964 3648 2005 nec

1993 2034 2122 2104 jam
2139 2033 2217 2088 ad
2235 2032 2352 2088 alia
2375 2035 2758 2103 transmigrat
2778 2042 3055 2107 corporat
3080 2053 3273 2110 neque
3295 2040 3489 2110 primo
3513 2055 3649 2095 con-

2001 2137 2221 2191 genera
2232 2137 2305 2176 ex
2317 2138 2438 2194 quo
2452 2138 2691 2192 egressa
2703 2129 2807 2193 est,
2828 2139 3023 2197 neque
3037 2126 3116 2181 ad
3129 2127 3244 2183 alia
3256 2128 3651 2199 quorumdam

2002 2209 2353 2265 animalium
2378 2217 2435 2265 et
2454 2211 2952 2267 irrationabilium
2970 2219 3027 2269 et
3047 2215 3211 2271 nullo
3233 2216 3418 2271 modo
3440 2218 3491 2271 ci
3508 2232 3651 2272 con-

2002 2299 2391 2354 venientium.
2432 2302 2556 2354 Non
2581 2301 2740 2355 enim
2782 2300 2966 2356 ullum
3000 2320 3072 2358 ex
3110 2304 3203 2359 his
3243 2310 3407 2360 amat
3433 2323 3447 2371 ;
3473 2310 3530 2361 et
3547 2320 3654 2361 cur

2006 2394 2252 2457 amaret,
2288 2405 2426 2443 cum
2448 2388 2681 2444 nullum
2702 2406 2773 2444 ex
2795 2391 2892 2445 his
2919 2407 3114 2463 neque
3137 2392 3211 2449 ad
3235 2395 3523 2449 virtutum
3555 2410 3654 2450 ne-

2006 2493 2124 2549 que
2164 2476 2242 2532 ad
2282 2477 2575 2533 malitiam
2613 2478 3099 2535 deceatmentem
3122 2498 3257 2553 quae
3279 2484 3373 2538 his
3408 2484 3657 2556 disposi-

2008 2565 2268 2620 tionibus
2299 2566 2575 2638 adaptari
2604 2568 2744 2624 velit
2772 2569 2799 2622 ?
2830 2570 2981 2634 Quid
3012 2571 3172 2626 enim
3206 2574 3430 2644 proprii
3457 2579 3660 2643 ageret

2008 2670 2201 2724 mens,
2241 2654 2319 2711 ad
2335 2657 2823 2712 irrationabilium
2847 2664 3123 2715 naturam
3158 2660 3463 2733 depressa,
3495 2679 3565 2719 ac
3598 2664 3659 2720 in

2008 2742 2109 2798 illa
2132 2742 2357 2811 degens
2398 2761 2411 2809 ;
2443 2744 2814 2816 impossibile
2858 2751 2946 2801 est
3009 2763 3307 2818 organum
3345 2752 3660 2823 quoddam

2010 2832 2172 2903 aqud
2215 2832 2313 2888 illa
2351 2833 2623 2900 inveniri,
2658 2834 2736 2889 ab
2767 2835 2972 2891 anima
2988 2843 3249 2893 mentem
3282 2844 3339 2895 et
3368 2840 3662 2896 rationem

2011 2920 2291 2989 habente,
2314 2922 2480 2993 quod
2504 2922 2868 2978 voluntatem
2886 2924 3153 2995 adjuvet.
3177 2926 3266 2981 Ad
3286 2928 3528 2999 plantas
3560 2946 3665 2985 au-

2012 3016 2132 3065 tem
2172 3011 2484 3081 quomodo
2523 3011 2713 3066 abiret
2739 3014 2768 3069 7
2806 3016 2958 3068 Num
2991 3019 3054 3069 ut
3084 3029 3186 3070 eas
3212 3017 3436 3073 nutriat
3484 3024 3541 3073 et
3560 3034 3641 3074 au

2015 3103 2150 3169 geat
2178 3099 2206 3153 ‘I
2219 3099 2322 3154 sed
2337 3100 2550 3155 harum
2569 3100 2785 3155 nullius
2802 3106 2889 3156 est
2901 3102 3201 3175 particeps
3232 3120 3427 3177 neque
3446 3123 3665 3163 amans

297 3203 397 3272 γὰρ
432 3198 523 3271 ἐρᾷ
558 3201 754 3249 τούτων
800 3192 1005 3254 οὐδενός
1063 3208 1077 3223 ’
1115 3194 1146 3251 ἦ
1199 3197 1339 3253 τίνος
1384 3192 1544 3243 ἕνεκεν
1601 3194 1733 3261 μήτε
1782 3190 1907 3260 πρὸς
1946 3230 1988 3286 C
2016 3204 2052 3243 a

1946 3230 1988 3286 Ο
2016 3188 2222 3243 anima.
2251 3188 2681 3257 magnitudinis
2724 3205 2937 3261 expers
2996 3196 3053 3245 et
3105 3193 3457 3264 intelligens.
3504 3195 3668 3252 Unde

300 3288 509 3361 ἀρετὴν,
562 3293 692 3359 μήτε
742 3288 871 3359 πρὸς
914 3287 1101 3334 κακίαν
1154 3281 1484 3353 ἁρμοζόντων
1551 3278 1719 3329 αὐτῶν
1775 3275 1909 3349 βου-

301 3377 497 3449 λομένῳ
556 3379 679 3446 περὶ
730 3376 821 3433 τὰς
878 3368 1140 3429 διαθέσεις
1189 3372 1383 3430 ταύτας
1434 3368 1807 3442 ἁρμόζεσθαι,
1846 3367 1910 3416 Τί

302 3468 405 3539 γὰρ
470 3463 530 3516 ἂν
591 3464 777 3515 οἰκεῖον
842 3466 933 3513 καὶ
985 3459 1176 3533 πράξοι
1228 3466 1366 3524 νοῦς,
1422 3456 1619 3527 ἀλόγων
1676 3458 1911 3527 εμπεσὼν

308 3557 479 3626 φύσει,
543 3557 633 3604 καὶ
698 3552 862 3623 ταύτῃ
930 3545 1378 3620 ἐνδιαιτώμενος;
1431 3546 1543 3598 Οὐκ
1607 3547 1748 3596 ἔστιν
1802 3538 1913 3594 οὐδ’

308 3643 529 3715 ὀργάνου
558 3644 694 3700 τινός
731 3645 915 3711 τυχεῖν
971 3637 1022 3699 ἐξ
1062 3636 1250 3702 αὐτῶν,
1302 3635 1490 3707 ψυχῆς
1533 3642 1651 3685 νοῦν
1685 3633 1914 3703 ἐχούσης

309 3736 398 3783 καὶ
427 3731 598 3800 λόγον,
642 3728 1112 3800 ἐξυπηρετουμένου
1147 3724 1499 3797 βουλημασιν.
1530 3725 1651 3774 Ἐπὶ
1683 3718 1741 3773 δε
1781 3723 1917 3792 φυτὰ

312 3829 420 3880 πῶς
450 3818 509 3870 ἂν
539 3824 628 3870 καὶ
651 3816 887 3889 ἀφίκοιτο
919 3833 932 3881 ;
972 3816 1000 3872 ἡ
1046 3816 1127 3865 ἵνα
1168 3813 1331 3886 θρέψῃ
1380 3812 1496 3882 (21)
1547 3817 1636 3862 καὶ
1667 3809 1872 3881 αὐξήσῃ
1901 3825 1915 3875 ;

311 3908 449 3962 Ἀλλ’
497 3904 709 3968 οὐδενός
747 3908 939 3958 τούτων
980 3905 1097 3955 οὔτε
1127 3907 1357 3974 μετέχει,
1386 3902 1495 3953 οὔτ’
1548 3903 1687 3951 ἔστιν
1728 3898 1917 3970 ἐρῶσα,

310 3998 467 4069 ψυχὴ
503 3997 753 4069 ἀμεγέθης
783 4000 873 4047 καὶ
904 3995 1076 4067 νοερά.
1133 3994 1292 4045 Πόθεν
1330 3988 1389 4043 δὲ
1451 3997 1629 4063 φυτοῖς
1682 3990 1920 4063 ἑτέρωθεν

312 4091 371 4139 τό
400 4088 496 4159 ζῇν
530 4084 727 4153 ;”Αλλο
774 4084 958 4155 ψυχῆς
987 4081 1140 4135 πάλιν
1162 4078 1299 4141 εἶδος
1352 4090 1525 4146 τοῦτο,
1582 4075 1747 4151 μηδὲν
1788 4097 1921 4149 συμ-

315 4175 509 4240 ϐαίνον,
549 4172 688 4247 μηδὲ
716 4177 922 4243 ταυτὸν,
970 4172 1092 4244 μήτ’
1126 4172 1519 4242 αἰσθανομένοις
1558 4170 1685 4230 ὅλως
1745 4170 1919 4233 ζώοις,

314 4272 444 4339 μήτε
482 4269 848 4337 μετεσχηκόσι
874 4282 1012 4321 νοός,
1071 4267 1171 4314 Καὶ
1204 4269 1330 4332 γοῦν
1382 4260 1425 4311 εἰ
1466 4258 1643 4331 βούλει
1693 4259 1765 4320 εἰς
1804 4262 1926 4331 τρία

314 4363 483 4407 ταῦτα
522 4352 788 4406 διελέσθαι
828 4351 1033 4423 ψυχὴν,
1070 4358 1243 4403 πᾶσαν
1298 4354 1387 4401 καὶ
1439 4349 1599 4416 ζωὴν,
1658 4355 1775 4399 νοῦν
1827 4344 1923 4405 δη-

315 4444 489 4496 λονότι
517 4448 608 4494 καὶ
647 4444 898 4500 αἴσθησιν
938 4445 1028 4492 καὶ
1058 4445 1152 4498 τήν
1184 4442 1444 4514 ὁρωμένην
1489 4436 1537 4489 ἐν
1577 4444 1687 4498 τοῖς
1725 4444 1924 4508 φυτοῖς,

318 4532 486 4608 ὀρθῶς
538 4530 598 4583 ἂν
670 4528 882 4592 ὃιέλοις.
954 4533 1053 4582 Καὶ
1103 4537 1283 4581 τοῦτον
1346 4530 1461 4599 ἔχει
1513 4530 1599 4578 τόν
1651 4544 1841 4599 τρόπον
1903 4526 1929 4576 ὁ

317 4626 433 4697 περὶ
463 4621 652 4693 ψυχῆς
688 4620 841 4691 λόγος
869 4625 991 4679 πᾶς.
1032 4616 1188 4671 Ἐστι
1228 4614 1279 4669 δ’
1319 4613 1470 4669 οὐδὲν
1533 4612 1722 4681 δεινὸν,
1755 4618 1928 4690 ὥσπερ

319 4715 411 4763 καὶ
441 4712 489 4745 ⁶²
526 4717 860 4762 κοινωνοῦσιν
918 4706 1163 4769 ἀλλήλαις
1210 4711 1298 4758 καὶ
1337 4713 1429 4757 τοῦ
1487 4704 1648 4756 αὐτοῦ
1700 4723 1931 4777 συμμετ-

321 4805 515 4872 έχουσι
563 4799 748 4871 ψυχῆς
809 4798 1080 4869 ὀνόματος,
1123 4796 1258 4848 οῦτω
1314 4792 1382 4853 δὴ
1438 4800 1529 4846 καὶ
1585 4814 1792 4867 πρωτην
1843 4798 1933 4846 καὶ

323 4886 568 4962 δευτέραν
630 4894 719 4940 καὶ
773 4893 957 4961 τρίτην
1013 4888 1205 4946 ταύτας
1295 4892 1426 4937 νοεῖν
1463 4904 1477 4917 ·
1511 4889 1601 4936 καὶ
1687 4887 1777 4943 τὰς
1843 4887 1933 4955 μεν

2017 3281 2218 3331 autem
2237 3276 2459 3347 plantis
2495 3277 2609 3332 vita
2636 3278 2664 3331 ‘2
2688 3276 2820 3332 Alia
2858 3276 2958 3333 illa
2995 3279 3214 3335 anima:
3264 3284 3514 3354 species,
3544 3301 3668 3341 non

2018 3364 2252 3431 eadem,
2284 3380 2481 3436 neque
2511 3366 2870 3421 conveniens
2910 3372 3013 3423 aut
3051 3370 3442 3427 sentientibus
3468 3374 3675 3431 anima

2019 3453 2177 3509 libus
2209 3459 2313 3509 aut
2340 3454 2978 3527 mentisparticipibus.
3010 3462 3199 3530 Atque
3228 3460 3408 3530 igitur
3428 3463 3479 3518 si
3502 3463 3591 3519 vis
3614 3465 3674 3520 in

2021 3548 2129 3599 tria
2153 3543 2255 3598 illa
2292 3543 2557 3599 dividere
2579 3559 2822 3599 omnem
2851 3546 3118 3602 animam
3137 3563 3207 3603 ac
3227 3550 3435 3620 vitam,
3456 3567 3678 3626 nempe

2023 3638 2305 3702 mentem,
2337 3648 2583 3688 sensum
2595 3634 2903 3706 vitamque
2916 3651 3049 3691 eam
3068 3652 3202 3708 quae
3222 3640 3284 3694 in
3300 3640 3521 3712 plantis
3557 3645 3681 3699 ani-

2024 3722 2433 3792 madvertitur,
2470 3729 2627 3777 recte
2644 3722 2894 3778 divides.
2916 3727 2981 3779 Et
3006 3725 3167 3782 hunc
3221 3729 3474 3786 modum
3496 3731 3683 3789 habet

2026 3810 2225 3866 omnis
2264 3810 2339 3865 de
2406 3810 2612 3867 anima
2673 3812 2883 3867 oratio.
2942 3815 3143 3885 Neque
3198 3816 3417 3873 mirum
3478 3821 3679 3885 estsi,

2028 3899 2551 3972 quemadmodum
2583 3900 2735 3955 inter
2775 3917 2838 3956 se
2878 3905 3349 3977 communicant,
3383 3913 3440 3963 et
3465 3909 3683 3965 animae

2029 4004 2254 4044 nomen
2286 3989 2692 4056 unaretinent,
2717 3990 2799 4045 ita
2827 3996 2883 4046 et
2897 3991 3159 4062 primam
3180 3997 3586 4053 etsecundam
3613 4015 3687 4056 ac

2030 4080 2262 4134 tertiam
2292 4094 2393 4134 eas
2414 4079 2746 4148 cogitemus
2778 4095 2792 4146 ;
2821 4086 2878 4135 et
2915 4080 3062 4137 alias
3097 4083 3346 4154 quidem
3416 4087 3570 4143 inter
3626 4105 3689 4146 se

2032 4167 2379 4223 immediate
2410 4169 2881 4236 communicare,
2914 4170 3064 4225 alias
3102 4188 3245 4228 vero
3288 4174 3551 4233 mediate
3584 4194 3691 4250 per

2034 4273 2137 4313 eas
2172 4272 2310 4329 quae
2346 4256 2526 4326 longe
2553 4262 2691 4312 sunt
2729 4272 2927 4331 neque
2953 4260 3094 4331 ipsis
3112 4264 3423 4333 proximae.
3474 4267 3692 4324 Anima

2035 4347 2197 4401 enim
2236 4344 2588 4416 intelligens,
2614 4347 2811 4417 prima
2836 4364 2850 4414 ;
2883 4364 3005 4404 non
3036 4355 3240 4406 autem
3269 4367 3340 4407 eo
3360 4353 3497 4425 ipso
3525 4357 3695 4428 quod

2037 4435 2241 4492 anima
2278 4439 2367 4490 est
2393 4452 2407 4501 ;
2432 4434 2733 4507 siquidem
2765 4437 3103 4493 secundum
3132 4438 3249 4495 hoc
3274 4456 3398 4497 non
3442 4443 3697 4502 aliama-

2040 4525 2153 4594 gis,
2183 4524 2300 4580 alia
2329 4524 2561 4591 minus;
2577 4539 2789 4579 omnes
2814 4526 2975 4581 enim
2997 4527 3303 4600 aequaliter
3323 4533 3538 4587 animae
3557 4541 3699 4592 sunt

2041 4613 2149 4669 sed
2187 4612 2332 4686 quia
2361 4612 2613 4684 simplex
2643 4619 2735 4669 est
2764 4620 2819 4670 et
2848 4631 3088 4688 semper
3114 4619 3260 4674 vivit
3281 4624 3338 4675 et
3381 4622 3604 4692 cogitat
3625 4641 3699 4681 ac

2041 4706 2296 4775 pertinet
2324 4702 2401 4757 ad
2439 4702 2708 4774 primum
2729 4704 3086 4775 principium
3126 4712 3183 4763 et
3228 4715 3478 4766 naturas
3521 4728 3592 4768 ac
3612 4714 3701 4769 in-

2042 4792 2309 4849 tellectus
2338 4792 2442 4865 qui
2468 4792 2624 4848 circa
2654 4792 2801 4849 illud
2822 4800 2981 4850 sunt.
3027 4798 3338 4854 Secundus
3394 4807 3595 4858 autem
3613 4811 3703 4862 est

2046 4898 2262 4938 sensus
2293 4888 2349 4937 et
2378 4898 2512 4954 quae
2538 4882 2873 4938 secundum
2901 4900 3042 4941 cum
3064 4892 3151 4943 est
3206 4889 3433 4960 anima,
3479 4898 3628 4964 quia,
3647 4903 3704 4955 et

1706 5010 1933 5077 Variae
1980 5009 2331 5077 lectiones.

325 5135 375 5169 δι
394 5137 508 5195 νοός
546 5134 674 5189 Vat.
751 5132 799 5166 ⁵⁵
842 5126 902 5183 δὲ
936 5132 1063 5185 Vat.
1140 5130 1189 5164 ⁸⁸
1247 5130 1348 5187 ὅπη
1390 5128 1521 5185 Vat.

326 5206 375 5241 ⁸ο
414 5205 601 5262 omiss
625 5204 689 5260 in
717 5202 889 5259 Vind.
966 5203 1011 5237 δι
1046 5200 1355 5254 ἀπολέλυται
1388 5201 1517 5257 Vat.

1596 5128 1645 5162 ⁵⁷
1677 5127 1837 5189 αὐτῆς
1867 5129 1973 5182 Vat
1988 5170 2001 5183 .

1597 5202 1645 5236 ⁶²
1676 5204 1767 5252 καὶ
1796 5198 1971 5256 abest
1990 5214 2027 5255 a
2064 5200 2193 5255 Vat.

2086 5127 2134 5162 ⁸³
2188 5128 2302 5199 ἔχει
2348 5132 2461 5195 τοῦ,
2488 5129 2548 5179 τὸ
2604 5122 2654 5178 δ’
2695 5122 2826 5180 εἶναι
2875 5130 3001 5185 Vat.
3033 5130 3083 5165 ⁸⁸
3117 5130 3289 5188 Vind.
3331 5133 3492 5191 male
3544 5135 3705 5200 ζωῆς.

1922 5323 2143 5391 Notae.

406 5454 520 5525 (20)
550 5455 629 5509 De
660 5452 900 5525 ὀχήματι
928 5450 1115 5525 ψυχῆς
1158 5451 1279 5525 vid.
1308 5449 1833 5525 Wyttenbach._ad_
1848 5449 1990 5506 Plat.

968 5521 1217 5579 asterum
1264 5521 1778 5578 hic‘Nathanaelis
1820 5521 1992 5577 locus

333 5524 627 5583 Phaedon.
655 5540 715 5596 p.
752 5524 876 5596 3177.

333 5595 703 5669 depravatu’s
734 5595 989 5651 videtur.

408 5664 524 5738 (2t)
555 5670 954 5740 Conjunctum
983 5682 1124 5740 cum
1157 5666 1342 5736 hujus
1370 5664 1486 5721 loci
1516 5669 1873 5740 argumento
1903 5670 1995 5721 est

336 5736 609 5813 lepidum
628 5736 857 5795 dictum
872 5738 1089 5795 Plotini
1105 5740 1271 5810 apud
1286 5740 1581 5794 Joannem
1593 5736 1995 5810 Philoponum

2104 5449 2165 5535 inn
2188 5448 2479 5535 Aristotel.
2500 5450 2580 5507 De
2598 5450 2841 5535 Anima,
2864 5451 2907 5535 Ι,
2933 5467 2987 5507 a.
3007 5456 3146 5535 _2,_a,
3166 5453 3227 5521 b,
3252 5455 3515 5535 indeque
3540 5463 3708 5535 apud

2107 5522 2352 5598 Suidam
2387 5522 2462 5598 II»,
2518 5539 2577 5593 p.
2640 5525 2785 5598 354_:
2816 5527 2907 5598 Διό
2935 5530 3023 5598 καὶ
3065 5527 3211 5588 θείως
3251 5522 3493 5598 (ἀστείως
3546 5522 3711 5592 εἶιίά,

2103 5592 2397 5678 probante
2421 5592 2695 5678 Ku‘stero)
2742 5594 2855 5678 λίαν
2887 5596 2912 5646 ό
2954 5592 3439 5678 Π·λωτξινος.ἐῖπεν,-
3473 5592 3543 5667 ὡς
3599 5608 3715 5659 ὅσοι

2102 5666 2344 5750 ἐμμανῶς
2371 5669 2531 5751 ,κατα
2603 5669 2719 5749 τὰις³
2763 5667 3072 5751 θρεπτικαί
3102 5666 3355 5745 δυνάμεις
3400 5666 3716 5751 ίὶνεργοῦσιν

2103 5733 2247 5791 οῦτοι
2271 5733 2576 5791 κινδυνεῦον
2584 5757 2666 5791 σιν
2697 5733 3189 5814 ἀπόδενδρωθῆναι.
