4444 6452
824 399 958 460 1413
2014 486 2017 489 Α
2169 393 2541 460 NICEPHORI
2571 410 2579 453 t

2425 393 2541 459 ORI
2571 398 2834 460 CHUMNI
4045 417 4180 474 1416

819 528 1080 599 primam
1111 526 1267 598 capit
1293 530 1349 583 ct
1374 525 1426 583 ei
1456 526 1609 583 uniri
1638 532 1835 600 potest
1873 533 1929 587 et
1982 529 2380 597 commisceri,
2414 532 2470 583 et
2501 530 2546 582 Α

2425 532 2470 583 at
2501 530 2546 582 Α
2580 526 2783 599 ἀμέσως
2831 528 3059 588 ἀλλήλων
3086 538 3360 598 κοινωνεῖν,
3406 533 3492 593 τὰς
3546 529 3605 586 δὲ
3654 529 3748 587 διὰ
3803 545 3901 589 τῶν
3941 538 3989 591 ἐν
4034 546 4180 612 μέσω

818 631 957 671 cum
997 632 1067 671 ea
1097 616 1349 688 operari.
1384 618 1572 672 Tertia
1592 633 1732 674 vero
1772 624 1859 675 est
1889 619 2170 692 ponenda
2198 636 2331 691 quae
2356 633 2468 671 nu-

2419 633 2468 670 1-
2577 626 2675 667 τῶν
2720 617 2895 692 πορρω
2946 640 3035 671 και
3084 623 3205 673 ὅσαι
3248 626 3350 693 μὴν
3399 622 3704 693 ἐγγιζουσιν
3759 626 3958 688 αὑταῖς.
4017 635 4174 701 Ψυχὴ

816 706 1065 761 tritionis
1096 704 1478 761 solummodo
1506 711 1593 762 est
1618 723 1831 780 capax.
1860 710 1915 765 Si
1935 715 2137 765 autem
2163 715 2219 764 et
2251 722 2468 762 sensus

2422 723 2468 761 is
2575 708 2664 775 μὲν
2720 712 2822 780 γαρ
2873 712 3021 780 νοερά
3089 717 3291 785 πρώτη,
3366 712 3459 763 οὐκ
3523 712 3647 764 αὐτὸ
3699 711 3756 767 δὲ
3803 725 3973 784 τοῦτο,
4026 724 4083 771 τὸ
4130 721 4177 755 ⁵³

816 798 873 850 et
901 794 2465 870 hujusquaetantumnutritestaliquidintermedium,

2420 812 2465 860 1,
2576 791 2702 845 εἶναι
2760 795 2936 867 ψυχή.
2974 799 3111 851 Ἐπει
3164 802 3298 851 κατά
3349 820 3407 872 γε
3463 810 3613 853 τούτο
3638 802 3740 874 οὐχ
3772 806 3800 862 η
3836 809 3925 876 μὲν
3954 807 4175 879 μᾶλλον,

812 882 1227 955 imperfectum
1267 884 1513 956 quidem
1541 890 1628 941 est
1656 886 1860 958 quoad
1896 903 2141 942 sensum
2173 891 2463 957 etparum

2421 900 2463 938 n
2574 884 2603 940 η
2640 880 2691 934 δ’
2742 885 2892 942 ἧττον
2928 905 2939 915 '
2968 894 3137 939 πᾶσαι
3189 891 3287 963 γὰρ
3343 889 3478 952 ἐξίου
3509 889 3687 961 ψυχαί
3729 910 3740 922 ·
3776 892 3883 945 ἀλλ’
3922 897 4002 947 ὅτι
4042 895 4176 954 ἀκή-

811 970 993 1041 hujus
1022 971 1275 1038 habens,
1308 971 1606 1045 reliquum
1635 990 1813 1030 omne
1843 979 1930 1030 est
1954 975 2127 1046 juxta
2169 975 2405 1047 plantas
2448 987 2462 1037 ;

2448 987 2462 1037 ;
2570 990 2747 1045 ρατος,
2781 993 2869 1025 και
2898 972 2978 1027 ἀεί
3013 976 3075 1047 ζῇ
3125 997 3213 1028 και
3267 982 3368 1029 νοεί
3406 997 3494 1029 και
3523 985 3754 1050 γνησίως
3794 985 3905 1054 ἔχει
3932 988 4057 1057 πρὸς
4116 989 4174 1037 τό

810 1064 990 1133 atque
1028 1061 1109 1117 ita
1138 1062 1557 1118 intermedium
1590 1064 1945 1120 nonnullam
1970 1064 2461 1120 communionem

2422 1078 2461 1116 n
2571 1070 2772 1133 πρῶτον
2800 1066 2986 1131 αἴτιον,
3014 1070 3104 1117 καί
3155 1086 3214 1134 γε
3260 1069 3348 1127 τὰς
3402 1073 3520 1141 περί
3586 1069 3709 1121 αὐτὸ
3742 1072 3789 1105 ⁵⁸
3848 1076 4029 1143 φύσεις
4085 1094 4177 1126 και

809 1164 937 1205 esse
969 1149 1111 1206 facit
1146 1150 1297 1206 inter
1324 1151 1695 1208 sensibilium
1725 1159 2004 1209 naturam
2037 1160 2095 1209 et
2126 1154 2309 1209 vitam
2354 1167 2463 1206 nu-

2421 1167 2463 1206 1-
2569 1152 2764 1221 νοερας.
2852 1157 3072 1228 Δεντέρα
3146 1150 3197 1206 δ’
3264 1158 3512 1217 αἰσθησις
3571 1178 3659 1209 και
3712 1160 3740 1216 ἡ
3799 1164 3931 1213 κατά
3978 1165 4176 1221 ταύτην

808 1240 1080 1295 tritorum
1108 1244 1339 1295 tantum
1369 1246 1425 1295 et
1451 1242 1868 1298 crescentium.
1910 1244 1991 1299 Sit
2038 1242 2214 1311 igitur
2244 1239 2461 1296 etillud

2422 1239 2461 1295 d
2569 1238 2746 1311 ψυχὴ,
2790 1240 2876 1294 ira
2909 1240 2976 1301 δὴ
3005 1264 3094 1295 και
3126 1239 3339 1303 δεκτικὴ
3376 1247 3421 1281 ⁵³
3471 1254 3563 1307 τῆς
3614 1254 3837 1323 πρώτης,
3894 1271 3983 1303 και
4015 1249 4176 1306 δυνα-

805 1334 862 1384 et
889 1329 1122 1384 dicatur
1160 1335 1378 1399 quartae
1410 1330 1621 1386 animae
1643 1333 1889 1403 species.
1920 1335 2002 1387 Ac
2033 1333 2208 1403 igitur
2239 1330 2323 1386 sic
2344 1330 2461 1386 alia

2416 1346 2461 1385 ,a,
2567 1332 2691 1399 μένη
2750 1334 3149 1402 συμμίγνυσθαι
3236 1337 3421 1407 ταύτῃ,
3489 1354 3577 1386 και
3663 1342 4171 1412 σννανακεκροὶσθαι,

806 1418 1010 1473 anima
1040 1418 1117 1473 ab
1148 1418 1265 1474 alia
1286 1418 1654 1491 dependens,
1682 1436 1835 1492 quae,
1889 1438 2028 1476 cum
2089 1437 2327 1475 sursum
2365 1420 2456 1487 sit,

2420 1424 2456 1487 ι,
2567 1420 2655 1468 καὶ
2710 1418 2821 1489 μετ’
2856 1419 3019 1480 αὐτῆς
3067 1420 3305 1496 ἐνεργεῖν.
3359 1427 3551 1497 Τρίτην
3611 1421 3670 1477 δί
3724 1427 3910 1495 θετέον,
3969 1439 4172 1501 τροφῶν

798 1504 878 1562 ad
893 1506 1167 1563 inﬁmam
1183 1506 1489 1562 descendit
1517 1524 1588 1564 ea
1615 1510 1760 1563 serie
1801 1510 1980 1579 hujus
2008 1509 2459 1581 participatione

2411 1523 2459 1562 ιθ
2565 1512 2717 1576 μόνον
2773 1506 3136 1568 ἀντιληπτικὴν
3166 1511 3300 1580 (2'2).
3336 1512 3391 1564 Εἰ
3424 1509 3484 1564 δέ
3508 1533 3566 1584 γε
3612 1521 3701 1565 καὶ
3740 1516 4037 1579 αἰσθήσεως
4078 1524 4166 1570 καί

803 1601 859 1651 et
884 1596 1328 1659 communione.
1364 1601 1419 1651 et
1450 1612 1520 1651 ea
1545 1613 1750 1651 rursus
1780 1613 1851 1652 ex
1898 1598 2175 1653 inferiore
2222 1596 2356 1651 loco
2379 1596 2456 1651 ad

2418 1596 2456 1651 d
2567 1594 2723 1655 αύτῆς
2757 1593 2822 1653 δη
2866 1601 3061 1660 ταύτης
3099 1608 3192 1659 τῆς
3240 1601 3515 1671 θρεπτικῆς
3565 1605 3703 1654 ἔστιν
3767 1606 3932 1677 ἕτερον
3986 1612 4168 1677 μέσον,

801 1685 1061 1756 primam
1087 1684 1373 1748 ascendit,
1408 1684 1619 1740 mediis
1669 1685 2005 1756 adhaerens,
2071 1701 2175 1758 per
2234 1700 2455 1757 easque

2413 1700 2455 1739 Le
2566 1682 2728 1745 ἀτελὲς
2778 1688 2866 1757 μὲν
2919 1691 3011 1744 τὴν
3074 1690 3323 1745 αἴσθησιν
3363 1696 3451 1741 καὶ
3498 1690 3666 1761 ὀλίγον
3714 1692 3869 1751 αὐτῆς
3926 1702 4168 1766 μετέχον,

802 1790 1044 1829 sursum
1075 1773 1217 1843 lata,
1241 1774 1323 1829 ita
1349 1779 1411 1830 ut
1429 1774 1625 1829 omnis
1651 1774 1747 1829 hic
1793 1775 2058 1830 mundus
2116 1780 2319 1830 motus
2385 1790 2455 1829 ac

2414 1790 2455 1829 ,c
2563 1777 2620 1825 τὸ
2677 1770 2735 1826 δὲ
2782 1774 2959 1827 λοιπὸν
3008 1776 3054 1811 ⁶⁶
3112 1776 3247 1828 ἁπαν
3306 1782 3439 1830 κατα
3469 1782 3533 1831 τα
3561 1783 3695 1851 φυτά
3727 1800 3738 1811 ·
3768 1788 3856 1834 καὶ
3906 1785 4055 1836 οὓτω
4100 1782 4169 1842 δὴ

798 1864 928 1919 vitae
954 1864 1273 1936 particeps,
1306 1863 1416 1919 sibi
1438 1864 1558 1935 ipsi
1590 1865 1988 1935 consentiens,
2018 1880 2261 1920 sursum
2295 1866 2453 1937 aspi-
2490 1878 2533 1931 Β

2421 1866 2453 1917 ἰ·
2490 1874 2851 1936 Βμεσιτεύον,
2925 1864 3019 1917 οὐκ
3101 1864 3441 1925 ἀκοινώνητον
3508 1870 3758 1931 παντελῶς
3832 1869 3958 1923 εἶναι
4033 1882 4176 1925 ποιεῖ

799 1955 934 2023 ciat,
961 1953 1208 2009 minime
1236 1968 1271 2008 a
1302 1953 1497 2024 prima
1528 1968 1714 2009 causa
1729 1960 2043 2026 separatus
2072 1970 2267 2026 neque
2294 1954 2452 2009 illius

2425 1971 2452 2009 s
2561 1957 2655 2011 τὴν
2713 1962 2812 2004 τῶν
2853 1953 3235 2027 αἰσθανομένων
3300 1959 3453 2027 φύσιν
3498 1962 3628 2031 πρὸς
3675 1964 3767 2017 την
3822 1958 3869 2011 ἐν
3905 1968 4009 2021 τοῖς
4056 1982 4176 2037 τρε-

794 2059 1065 2100 amorem
1096 2042 1335 2098 solvens
1370 2058 1566 2115 neque
1597 2042 1913 2114 impetum,
1982 2044 2268 2099 omnibus
2321 2045 2450 2115 ejus

2417 2062 2450 2099 ,ε
2564 2046 2795 2114 φομένοις
2847 2048 2999 2115 μόνον
3066 2049 3156 2096 καὶ
3222 2044 3587 2118 αὐξανομένοις
3650 2051 3806 2110 ζωὴν.
3871 2049 4045 2102 Ἔστω
4102 2049 4172 2109 δὴ

796 2132 1070 2206 partibus
1106 2132 1264 2188 hanc
1295 2132 1555 2204 primam
1588 2147 1842 2189 causam
1866 2150 1935 2190 ac
1968 2134 2142 2189 unice
2165 2132 2449 2190 exsisten-

2417 2164 2449 2189 ,-
2562 2128 2648 2184 οὖν
2689 2137 2969 2185 καὶτοῦτο
3027 2138 3116 2186 καὶ
3173 2132 3397 2204 λεγέσθω
3459 2141 3695 2195 τέταρτον
3750 2136 3886 2199 εἶδος
3937 2139 4128 2211 ψυχῆς
4159 2161 4172 2174 ·

797 2226 917 2278 tem
938 2221 1403 2295 requirentibus.

2562 2228 2651 2274 καὶ
2689 2230 2813 2294 ’γοῦν
2854 2222 2988 2274 οὑτω
3026 2221 3180 2294 ψυχὴ
3230 2222 3417 2295 ψυχῆς
3473 2225 3627 2286 οῐλλης
3680 2226 3806 2285 άλλη
3860 2248 4172 2303 προσηρτη-

794 2316 918 2384 μένη
972 2313 1039 2378 (⁸⁷,
1101 2313 1129 2369 ἦ
1189 2330 1242 2363 τε
1294 2312 1398 2363 ἄνω
1436 2312 1669 2363 κάτεισιν
1729 2309 1811 2363 ἐπὶ
1866 2315 1959 2370 την
2013 2311 2271 2374 παντελῶς
2330 2313 2491 2381 κάτω,
2548 2321 2609 2385 τῇ
2652 2320 2751 2363 τῶν
2810 2310 2989 2383 ἐφεξῆς
3040 2312 3237 2383 μεθέξει
3289 2318 3377 2365 καὶ
3421 2320 3679 2387 κοινωνίᾳ,
3746 2321 3834 2369 καὶ
3880 2318 4007 2377 αὕτη
4064 2322 4171 2372 πά-

792 2401 871 2454 λιν
924 2397 990 2453 αὖ
1048 2402 1271 2453 κάτωθεν
1344 2402 1540 2453 ἄνεισιν
1607 2399 1692 2454 ἐπὶ
1751 2405 1844 2459 τὴν
1894 2406 2124 2474 πρωτην,
2188 2400 2470 2474 ἑξαφθεῑσα
2525 2411 2623 2455 τῶν
2682 2403 2854 2474 μέσων
2910 2406 2999 2453 καὶ
3058 2397 3131 2453 δι’
3191 2401 3357 2453 αὐτῶν
3415 2406 3609 2456 τούτων
3668 2403 4025 2477 ἀνενεχθεῖσα,
4098 2412 4170 2472 ὡς

794 2491 855 2544 ἆν
917 2488 984 2550 δὴ
1045 2496 1134 2543 καὶ
1194 2492 1219 2542 ό
1285 2497 1389 2553 πᾶς
1454 2496 1650 2563 κόσμος
1702 2487 1849 2553 οὗτος
1914 2497 2003 2543 καὶ
2050 2497 2296 2553 κινήσεως
2367 2498 2457 2545 καὶ
2529 2492 2664 2553 ζωῆς
2716 2495 2969 2563 μετέχων,
3029 2494 3295 2544 συννεύσει
3344 2496 3472 2566 πρὸς
3530 2494 3710 2547 ἑαυτὸν
3762 2497 3866 2549 ἄνω
3924 2494 3990 2557 δὴ
4050 2498 4172 2571 βλέ-

791 2601 877 2635 πει
937 2582 982 2616 sa
1022 2588 1120 2643 τῆς
1164 2585 1372 2655 πρώτης
1419 2580 1593 2643 αἰτίας
1650 2577 1893 2652 οὐδαμῶς
1952 2579 2262 2655 ἀπερρωγὼς
2313 2580 2447 2653 (23),
2510 2578 2633 2633 ούδέ
2686 2584 2770 2632 τόν
2831 2582 2877 2615 ⁶⁹
2923 2585 3051 2653 πρὸς
3101 2581 3252 2632 αὐτόν
3311 2580 3359 2633 ἐν
3407 2579 3579 2635 οὐδενὶ
3654 2586 3950 2647 καταλύσας
3998 2590 4171 2663 ἔρωτα

791 2668 913 2725 οὐδὲ
965 2690 1024 2742 γε
1077 2675 1170 2729 τὴν
1225 2672 1415 2743 ἔφεσιν,
1485 2670 1690 2722 πάντων
1728 2678 1827 2722 τῶν
1893 2672 2140 2722 τοιούτων
2210 2678 2377 2745 μερῶν
2442 2668 2633 2723 ἐκείνου
2701 2666 2769 2729 δὴ
2817 2678 2908 2723 τοῦ
2964 2677 3173 2744 πρῶτον
3231 2676 3320 2724 καὶ
3366 2677 3517 2745 μόνον
3576 2677 3719 2736 ὄντος
3767 2674 4035 2749 ἐφιεμένων
4092 2680 4167 2734 7°.

860 2766 910 2817 3.
944 2764 1022 2817 De
1048 2760 1253 2816 anima
1281 2759 1527 2832 quidem
1554 2765 1611 2815 et
1629 2761 1760 2831 ejus
1801 2759 2117 2833 speciebus
2168 2761 2311 2816 satis
2358 2759 2445 2817 di-

2411 2760 2445 2815 i-
2622 2760 2696 2831 γ’,
2744 2759 2819 2812 Ού
2854 2764 2957 2833 μὴν
3011 2758 3138 2812 ἀλλὰ
3190 2766 3308 2834 περὶ
3360 2762 3549 2835 ψυχῆς
3600 2768 3690 2836 μεν
3747 2771 3837 2818 καὶ
3889 2774 3985 2818 τῶν
4033 2771 4166 2820 ταύ-

787 2857 950 2908 ctum
972 2837 1060 2905 est
1092 2855 1187 2916 ;et
1212 2849 1375 2921 quod
1404 2849 1519 2904 alia
1541 2849 1788 2922 quidem
1850 2853 1940 2905 est
1995 2848 2335 2920 intelligens
2388 2853 2446 2905 et

2413 2853 2446 2904 et
2552 2868 2642 2911 της
2672 2846 2823 2902 εἱδῶν
2857 2853 3060 2923 εἴρηται
3108 2867 3121 2880 ’
3155 2856 3244 2903 καὶ
3273 2853 3353 2903 ὅτι
3418 2856 3475 2904 τὸ
3528 2855 3619 2925 μεν
3686 2854 3855 2907 αὐτῶν
3894 2860 4068 2930 νοερὸν
4111 2858 4168 2909 ὃν

789 2939 1045 3012 simplex
1075 2944 1131 2995 et
1159 2938 1547 3005 immortalis;
1581 2938 1711 2995 aliae
1734 2954 1875 2994 vero
1910 2939 2348 3011 compositione
2366 2938 2444 2993 ef-

2412 2938 2444 2993 Γ·
2551 2943 2640 2991 καὶ
2692 2937 2882 2991 ἁπλοῦν
2945 2938 3059 2992 ἐστι
3110 2945 3200 2993 καὶ
3249 2938 3503 2994 ἀθάνατον
3541 2944 3612 3012 ⁷³,
3665 2946 3736 2995 τὰ
3776 2941 3827 2997 δ’
3866 2942 3921 2996 ἐκ
3972 2949 4167 3000 συνθέ-

785 3029 952 3087 fectaa
981 3032 1037 3085 et
1063 3028 1433 3100 corruptioni
1472 3032 1527 3083 et
1546 3027 1730 3083 tiuxui
1751 3032 1808 3084 et
1838 3027 2212 3084 dissolutioni
2240 3028 2443 3098 subje-

2414 3056 2443 3069 -
2554 3047 2681 3089 σεως
2745 3033 3009 3100 γεγονότα,
3090 3034 3179 3081 καὶ
3243 3031 3411 3103 φθορᾷ
3468 3036 3557 3084 καὶ
3636 3033 3812 3106 ῥεύσει
3870 3038 3960 3085 καὶ
4010 3033 4166 3088 λύσει

785 3125 893 3176 ctze
920 3122 1072 3209 sunt
1105 3122 1431 3189 ;praeterea
1455 3118 1984 3209 quod'mens,quae
2008 3116 2444 3209 inanimaliho-
2477 3154 2515 3209 C

2409 3136 2444 3169 ι-
2477 3154 2515 3209 C
2553 3113 2784 3170 δουλεύει
2817 3135 2829 3149 ·
2864 3121 2938 3171 ἔτι
2974 3115 3032 3170 δὲ
3060 3122 3149 3170 καὶ
3175 3120 3252 3171 ὅτι
3294 3124 3425 3192 μήτε
3464 3122 3488 3171 ὁ
3539 3123 3586 3173 ἓν
3639 3130 3712 3192 τῷ
3762 3122 3877 3194 ζῶῳ
3938 3131 4029 3175 τοῦ
4078 3123 4164 3175 αν-

784 3208 966 3265 minis
996 3211 1164 3278 parte
1195 3210 1440 3273 est,non
1456 3205 1801 3276 praeexstitit
1822 3206 1936 3278 ipsi
1966 3206 2211 3262 animali
2244 3222 2440 3279 neque
2486 3205 2513 3209 ⁷

2409 3222 2440 3262 e
2486 3205 2513 3209 ⁷
2554 3208 2760 3281 θρώπου
2830 3215 2944 3268 νούς
2992 3207 3320 3283 προϋπῆρξεν
3376 3208 3536 3261 αὑτοῦ
3597 3218 3690 3263 τοῦ
3735 3212 3783 3246 ’⁷³
3852 3211 4009 3283 ζῶον,
4074 3218 4160 3266 καὶ

782 3296 1009 3355 animal
1029 3294 1323 3367 illudiipsi
1346 3295 1583 3361 animae,
1619 3294 1723 3350 sed
1747 3294 1929 3350 ambo
1954 3295 2135 3350 simul
2157 3295 2215 3352 Si
2236 3300 2440 3351 autem

2404 3312 2440 3350 [ι
2549 3299 2958 3368 προϋφέστηκεν,
3027 3301 3150 3367 μήτε
3234 3300 3291 3348 τὸ
3367 3297 3497 3357 ζῶον
3563 3294 3687 3350 τόδε
3737 3306 3827 3351 τοῦ
3874 3309 3983 3370 νοῦ,
4047 3299 4159 3353 ἀλλ’

780 3403 854 3445 ex
876 3402 998 3443 uno
1033 3390 1091 3443 et
1126 3385 1340 3441 eodem
1368 3384 1657 3457 principio
1686 3400 1756 3440 ac
1795 3390 1964 3440 motu
1996 3384 2149 3441 nolis
2186 3384 2438 3441 mortale

2407 3401 2438 3441 e
2549 3384 2680 3456 ὁμοῦ
2727 3392 2913 3437 ταῦτα.
2965 3384 3025 3437 Εἰ
3087 3381 3137 3436 δ’
3187 3382 3242 3436 ἐκ
3290 3390 3413 3456 μιᾶς
3462 3390 3552 3438 καὶ
3610 3396 3705 3449 τῆς
3758 3386 3925 3449 αὐτῆς
3976 3388 4161 3461 ἀρχῆς

782 3477 960 3533 simul
984 3482 1041 3532 et
1070 3474 1409 3531 immortale
1440 3473 1601 3530 facta
1632 3490 1780 3544 esse,
1809 3473 1911 3529 sed
1929 3490 1999 3529 ex
2013 3474 2439 3531 duobusalter-

2405 3490 2439 3515 ·-
2547 3492 2636 3524 και
2690 3479 2940 3533 κινήσεως
2997 3478 3066 3546 μὴ
3121 3472 3299 3545 βούλει
3349 3476 3533 3533 θνητόν
3609 3477 3720 3549 ἅμα
3757 3496 3847 3529 και
3898 3479 4160 3531 ἀθάνατον

778 3572 980 3622 utrum
994 3562 1527 3634 admittendumﬁit
1540 3562 1633 3618 vel
1645 3569 1901 3618 mentem
1920 3564 2330 3634 praeexsistere
2344 3563 2438 3620 vel

2407 3563 2438 3619 ει
2545 3565 2859 3633 γεγενῆσθαι
2918 3564 2986 3632 ⁷³,
3046 3562 3174 3615 ἀλλά
3224 3572 3321 3615 τῶν
3376 3558 3473 3616 δύο
3524 3566 3753 3639 Θάτερον,
3808 3568 3836 3625 ἦ
3884 3572 4162 3641 προϋπάρ-

776 3670 901 3711 non
928 3654 990 3709 in
1022 3653 1270 3709 animali
1293 3652 1528 3708 mortali
1548 3668 1677 3707 esse
1705 3653 2130 3723 (oportetenim
2148 3654 2437 3723 corrupti-

2407 3656 2437 3709 ί-
2544 3670 2662 3722 χειν
2702 3648 2945 3710 δηλονότι
2983 3655 3070 3704 τὸν
3109 3661 3225 3704 νοῦν
3266 3654 3294 3712 ἢ
3343 3650 3474 3725 μηδ’
3527 3652 3574 3705 ἐν
3614 3658 3729 3726 ζωφ
3790 3657 3957 3727 θνητῷ
4025 3655 4162 3709 εἶναι

771 3744 907 3801 bilis
933 3742 1098 3799 aliud
1137 3742 1498 3815 principium
1521 3742 1825 3815 aliamque
1857 3758 2129 3811 causam,
2180 3743 2433 3799 alteram

2404 3759 2433 3799 [ι
2543 3737 2651 3813 (δεῖ
2679 3743 2779 3816 ’γὰρ
2844 3749 2935 3793 τού
2993 3744 3083 3814 μὲν
3138 3744 3367 3814 φθαρτοῦ
3407 3741 3563 3800 ἀλλην
3616 3741 3793 3818 ἀρχὴν
3842 3765 3932 3796 και
3982 3746 4159 3798 αἰτίαν

770 3848 914 3890 vero
946 3848 1075 3889 esse
1114 3831 1623 3903 incorruptibilis),
1678 3832 2005 3887 dicendum
2048 3836 2137 3887 est
2186 3832 2339 3887 etde
2360 3848 2431 3889 eo

2402 3848 2431 3889 ο
2542 3825 2689 3901 εἶναι,
2726 3830 2898 3905 ἑτέραν
2940 3827 2988 3883 δ’
3019 3828 3270 3889 εἶναιτὴν
3324 3833 3415 3883 τού
3466 3830 3779 3906 ἀφθάρτου),
3835 3833 4036 3887 λεκτέον
4093 3835 4157 3886 ἂν

767 3922 917 3997 quid
934 3922 1114 3978 nobis
1139 3921 1430 3977 videatur.
1467 3921 1723 3976 Herbam
1742 3921 2014 3977 videmus
2036 3926 2093 3976 et
2122 3921 2429 3977 calamum

2403 3938 2429 3977 α
2540 3921 2664 3993 ἡμῖν
2745 3924 2821 3979 εἴη
2911 3941 3001 3973 και
3070 3925 3189 3995 περί
3254 3925 3439 3974 τούτου
3497 3926 3615 3995 τόγε
3691 3920 3902 3981 δοκοῦν,
3972 3925 4158 3985 Χλόην

767 4018 826 4069 ct
854 4012 1224 4069 frumentum
1242 4030 1254 4079 ;
1272 4010 1378 4066 sed
1401 4026 1595 4083 neque
1609 4010 1799 4067 herba
1812 4011 2083 4067 calamus
2098 4018 2205 4079 est,
2231 4027 2428 4085 neque

2401 4029 2428 4069 θ
2539 4013 2734 4086 ὁρῶμεν
2770 4030 2859 4062 και
2902 4011 3141 4083 καλάμην
3180 4030 3270 4063 και
3318 4019 3461 4063 σῖτον
3492 4029 3504 4041 ·
3540 4016 3660 4064 οὔτε
3710 4009 3761 4065 δ’
3790 4016 3821 4072 ἡ
3885 4014 4023 4086 χλόη
4059 4036 4156 4067 και

766 4104 1043 4161 calamus
1074 4102 1460 4157 frumentum.
1491 4101 1697 4156 Utrum
1732 4100 1912 4169 igitur
1939 4101 2307 4156 frumentum
2338 4106 2429 4157 est

2410 4106 2429 4157 ι
2536 4100 2698 4173 λάμη,
2758 4100 2867 4153 οὔθ’
2922 4103 2951 4159 ἡ
3013 4100 3219 4172 καλάμη
3261 4105 3400 4163 σῖτός
3444 4123 3456 4135 σ
3516 4106 3729 4175 πότερον
3786 4099 3873 4155 οὖν
3928 4106 3954 4155 ὀ
4001 4114 4156 4167 σῖτος

764 4196 902 4249 ante
926 4191 1253 4260 calamum,
1297 4194 1402 4245 aut
1432 4191 1706 4245 calamus
1723 4195 1859 4245 ante
1884 4190 2160 4263 herbam.
2182 4206 2261 4245 an
2295 4190 2425 4245 haec

2395 4206 2425 4245 c
2535 4194 2635 4265 πρὸ
2684 4199 2774 4251 τῆς
2810 4189 3049 4262 καλάμης
3078 4192 3199 4259 “,7:
3245 4192 3274 4249 ἡ
3314 4191 3521 4264 καλάμη
3580 4196 3681 4266 πρὸ
3730 4200 3824 4255 τῆς
3868 4193 4061 4265 χλόης,
4115 4197 4146 4254 ἡ

762 4280 990 4336 simul?
1005 4280 1061 4336 Si
1079 4280 1237 4334 enim
1254 4277 1622 4333 frumentum
1634 4284 1770 4333 ante
1785 4284 2020 4347 caetera,
2040 4279 2199 4333 unde
2222 4284 2422 4334 ortum

2398 4296 2422 4334 1
2535 4281 2664 4353 ὁμοῦ
2691 4287 2878 4348 ταῦτα,
2911 4300 3000 4331 και
3028 4279 3167 4351 χλόη
3197 4301 3286 4331 και
3324 4280 3532 4353 καλάμη
3565 4300 3655 4332 και
3706 4289 3884 4349 σῖτος;
3935 4283 3995 4336 Ei
4055 4287 4153 4356 μὲν

760 4374 871 4437 est,
886 4375 941 4424 et
956 4385 1028 4425 ex
1042 4384 1161 4440 qua
1178 4367 1293 4423 alia
1314 4382 1499 4423 causa
1518 4371 1574 4422 et
1595 4366 1889 4439 principio
1911 4383 2098 4439 quam
2114 4384 2185 4423 ex
2207 4368 2421 4424 iisdem

2399 4385 2421 4424 1
2532 4372 2633 4442 γὰρ
2666 4371 2691 4421 ὁ
2742 4377 2887 4430 σῖτος
2941 4373 3041 4443 πρὸ
3098 4378 3195 4421 τῶν
3252 4369 3463 4436 λοιπῶν,
3518 4373 3672 4423 πόθεν
3712 4377 3994 4444 γενόμενος,
4056 4394 4154 4426 και

758 4458 920 4515 unde
949 4457 1050 4513 illa
1077 4459 1105 4513 ἱ)
1132 4456 1187 4513 Si
1237 4462 1439 4512 autem
1480 4454 1581 4511 illa
1612 4462 1748 4511 ante
1792 4455 2181 4525 frumentum,
2232 4472 2419 4529 quam
2454 4521 2490 4535 η

2394 4473 2419 4512 3
2454 4521 2490 4535 η
2532 4459 2587 4512 ἐκ
2626 4463 2780 4521 ποίας
2837 4459 2989 4520 ἆλλης
3048 4458 3223 4535 ἀρχῆς
3263 4480 3353 4512 και
3396 4462 3566 4521 αἰτίας
3615 4462 3643 4519 ἦ
3682 4462 3737 4524 ἐξ
3788 4463 3855 4513 ὧν
3900 4462 4074 4515 ἐκεῖνα
4132 4482 4149 4532 ς

758 4549 940 4606 aliam
966 4547 1233 4604 habuere
1264 4562 1512 4602 causam
1534 4546 1836 4601 diversam
1872 4546 1949 4602 ab
1968 4546 2067 4602 illa
2118 4521 2270 4620 quae.
2302 4547 2419 4603 fru-
2450 4521 2493 4575 θ

2400 4580 2419 4588 -
2450 4521 2493 4575 Β
2531 4549 2574 4603 εἰ
2606 4546 2655 4601 δ’
2698 4550 2832 4601 αύτὰ
2858 4557 3026 4601 ταῦτα
3078 4554 3177 4624 πρὸ
3226 4557 3317 4602 τοῦ
3379 4554 3549 4620 σίτου,
3611 4555 3764 4603 ποίαν
3805 4551 3961 4609 ἀλλην
4012 4555 4152 4624 ἔσχε

756 4643 1031 4695 mentum
1054 4635 1341 4709 produxit
1368 4637 1395 4691 ?
1427 4651 1497 4691 ac
1531 4651 1650 4691 uno
1672 4634 1880 4702 verbo,
1902 4636 1949 4690 si
1968 4651 2093 4691 non
2122 4636 2242 4703 illa,
2266 4652 2419 4709 quo-

2398 4668 2419 4677 -
2527 4643 2619 4697 τήν
2707 4638 2899 4707 αἰτίαν,
2964 4638 3133 4712 ἑτέραν
3224 4634 3384 4691 οὖσαν
3438 4647 3534 4701 τῆς
3588 4644 3998 4713 προενεγκούσης
4054 4646 4149 4693 τόν

754 4728 942 4785 modo
968 4727 1166 4784 istud?
1200 4742 1271 4782 ex
1287 4725 1571 4781 illisenim
1586 4730 1703 4792 est;
1734 4724 1784 4780 si
1810 4741 1953 4781 vero
1973 4726 2240 4794 nonhoc,
2269 4743 2417 4799 quo-

2402 4758 2417 4768 -
2532 4736 2673 4781 σῖτον
2729 4746 2864 4792 ςκαι
2914 4727 3116 4788 ὄλωςεί
3170 4732 3241 4800 μή
3296 4728 3483 4797 ἐκεῖνα,
3533 4737 3640 4790 πῶς
3672 4730 3864 4796 οὖτος;
3916 4730 3970 4792 ἐξ
4014 4730 4149 4783 ἐκεί-

754 4817 941 4875 modo
978 4816 1080 4873 illa
1099 4817 1127 4873 ξ)
1151 4818 1232 4871 Ex
1260 4815 1377 4872 hoc
1408 4816 1569 4871 enim
1595 4818 1755 4872 sunt.
1784 4817 1851 4871 Et
1871 4815 2201 4872 ambohaac
2237 4816 2417 4872 simul

2398 4816 2417 4872 1
2526 4838 2623 4870 νων
2668 4819 2771 4893 γάρ
2825 4838 2837 4851 ο
2880 4817 2923 4870 εἰ
2955 4813 3013 4871 δὲ
3079 4821 3150 4890 μὴ
3206 4813 3376 4885 οὗτος,
3436 4826 3547 4880 πῶς
3604 4826 3815 4885 mata;
3868 4818 3926 4881 ἐξ
3976 4818 4146 4872 αὐτοῦ

750 4908 1051 4975 videmus,
1084 4905 1455 4963 frumentum
1486 4909 1622 4962 ante
1644 4904 1745 4961 illa
1771 4908 1827 4962 et
1851 4904 1952 4962 illa
1983 4910 2120 4962 ante
2149 4905 2412 4962 frumen-

2390 4937 2412 4950 -
2526 4909 2625 4982 γάρ
2656 4928 2669 4941 ·
2703 4927 2794 4959 και
2832 4906 2985 4981 ἄμφω
3036 4904 3104 4967 δὴ
3158 4915 3326 4961 ταῦτα
3380 4916 3696 4986 συνορῶμεν,
3742 4913 3829 4961 τόν
3879 4928 3942 4982 γε
3994 4916 4145 4963 σῖτον

2168 5021 2388 5092 Variae
2435 5023 2789 5093 lectiones.

822 5161 870 5197 ⁸⁸
896 5162 953 5213 τὸ
980 5159 1141 5216 deest
1162 5157 1222 5215 in
1253 5158 1406 5225 Vat,
1447 5156 1650 5230 male._
1703 5157 1751 5192 ’⁵⁸
1783 5156 2092 5230 περίμαύτοῦ
2124 5159 2251 5214 Vat.
2330 5160 2377 5195 ⁸⁵
2407 5159 2492 5217 sic
2524 5161 2572 5215 V

2407 5159 2492 5217 sic
2524 5161 2658 5217 Vat.
2689 5158 2867 5216 Vind.
2902 5158 3059 5217 male
3092 5155 3353 5219 δεικτικὴ.
3430 5161 3479 5197 ⁶⁶
3527 5180 3616 5213 και
3654 5163 3713 5213 τὸ
3752 5159 3931 5214 λοιπὸν
3959 5159 4142 5217 Vind.

750 5230 793 5271 ⁸⁷
860 5236 1300 5312 προσηρτημένης
1345 5230 1471 5312 Vat.
1533 5228 1751 5312 male._
1790 5228 2241 5312 cs-_P):iﬁ0t.nv&t.
2321 5232 2367 5312 δέ)
2418 5240 2490 5303 τῷ

2418 5240 2490 5303 τῷ
2543 5234 2692 5312 v9},
2746 5232 2795 5267 7°
2854 5233 2939 5312 ύττ’
2996 5233 3187 5312 ἐκείνου
3241 5252 3330 5285 και
3387 5238 3740 5312 συνεχομένην
3789 5232 3958 5289 addit
4007 5235 4142 5312 Vni.

750 5308 795 5341 τι
824 5300 916 5358 καὶ
940 5336 1009 5346 -
1038 5300 1294 5379 ἆθᾴνατον
1326 5301 1483 5379 male
1523 5300 1759 5379 exsulat
1789 5316 1821 5379 e
1853 5300 1978 5379 V_a_t.
2012 5372 2027 5379 _
2057 5303 2106 5338 “¹²
2146 5310 2238 5355 τοῦ
2302 5300 2474 5361 abest
2500 5323 2505 5357 ε

2387 5300 2538 5361 esta
2593 5305 2743 5369 Vat.,
2802 5304 2979 5361 male.
3058 5306 3107 5339 ⁷³
3160 5324 3251 5357 και
3315 5313 3470 5379 σῶμα
3508 5300 3604 5358 36a".
3652 5304 3932 5379 ἀσώματον
3991 5305 4142 5361 add.

746 5380 874 5436 Vat.
953 5379 1000 5414 ⁷⁸
1024 5377 1237 5431 οὔθ’·-
1263 5372 1506 5448 καλάμης
1536 5372 1757 5431 (ἰθευεῖ
1788 5372 1850 5431 in
1881 5372 2054 5432 Vind.

2340 5491 2558 5562 Notae.

816 5622 930 5696 (22)
961 5621 1051 5696 Ad
1079 5619 1210 5677 hinc
1248 5618 1669 5696 etAsequentia
1697 5617 1969 5696 adhiberi
2002 5621 2195 5696 potest
2237 5617 2405 5696 locus

2385 5635 2405 5676 Β
2588 5620 2703 5690 (23)
2736 5619 2813 5696 Ῐᾷ-
2846 5624 2937 5696 ρει
2995 5618 3408 5696 ἀπεσχισμένος.
3460 5620 3596 5696 Vid.
3647 5618 3814 5696 Suid.
3859 5619 3924 5678 in
3971 5636 4053 5696 ν.-
4091 5620 4140 5692 Ῑ,

743 5691 1266 5781 ξη.ῬΙιωιζνρ.οβΡ.
1314 5693 1385 5748 25
1440 5691 1538 5781 ξιξ
1575 5691 1725 5765 ψυχή
1779 5694 1928 5748 πάσι
1986 5691 2177 5755 vianti;
2229 5692 2405 5767 ἐπιμιη

2392 5722 2405 5735 -
2513 5707 2582 5781 p.
2622 5691 3604 5781 gilii,.ibiq._Gregorii'Naxianzeni
3645 5694 3799 5766 haec,
3853 5702 3949 5757 τῆς
3978 5692 4147 5769 φίλης

742 5763 907 5825 λεῐται
944 5774 1039 5825 τοῦ
1068 5763 1311 5840 ἀψύχου,
1343 5784 1395 5832 ιε.
1438 5781 1490 5821 τ.
1508 5763 1556 5822 λ.
1650 5763 1657 5765 “
2318 5763 2329 5767 ⁷
2514 5763 2825 5843 ἆπερῥωγὼς
2857 5763 3136 5841 ᾱυζυγιας.
