4434 6452
197 413 324 466 1421

1578 399 1740 452 ADV.
1782 396 2148 461 PLOTINUM.

3423 415 3564 470 14ῗὲ

194 543 327 596 νοῦς,
383 531 646 601 ἐπιστήμη
707 529 767 580 ἂν
824 536 912 581 καὶ
961 529 1007 580 ἐν
1070 533 1265 588 τούτοις
1314 533 1412 592 εἰη,
1469 531 1558 576 καὶ
1608 539 1797 593 γεωμε-
1833 529 1874 580 Α
1905 528 1945 597 jl

1833 529 1874 580 Α
1905 528 2134 597 justum
2174 543 2229 589 et
2259 537 2574 607 injustum,
2605 539 2835 594 bonum
2877 544 2932 592 et
2981 537 3206 592 malum
3255 543 3564 591 noscerent

196 630 331 692 τρεῖν
380 621 438 671 ἀν
519 623 595 676 εἰη
653 627 818 670 ταῦτα
874 639 961 670 και
1016 619 1252 691 ἀριθμεῖν
1301 624 1389 667 καὶ
1449 612 1652 667 δίκαιον
1708 617 1796 660 καῖ

195 708 380 760 οἰδικον
410 715 498 759 καὶ
529 707 684 758 καλὸν
737 714 825 756 καί
881 707 1068 776 φαῦλον
1117 704 1308 757 ειδέναι
1360 709 1517 762 κύνας
1575 707 1659 750 καὶ
1713 719 1792 767 ’,ει

197 800 379 870 ρανους
414 802 520 847 ικαὶ
593 800 892 866 μύρμηκας,
961 801 1049 845 και
1106 799 1168 845 τά
1246 795 1401 844 λοιπά
1456 802 1552 842 των
1610 791 1750 848 ζωων
1783 807 1793 817 ·

199 893 286 938 καὶ
335 891 384 936 τί
433 889 522 956 μὲν
573 889 814 954 γραμμή.
863 889 913 934 τί
967 881 1024 935 δε
1081 890 1292 942 σημεῖον
1343 879 1533 933 ειδέναι
1568 901 1579 911 ·
1610 883 1696 928 καί
1742 896 1799 944 γε

200 981 320 1036 τους
413 979 531 1046 περὶ
605 980 862 1042 τριγώνων
937 993 1026 1022 και
1093 978 1420 1044 τετραγώνων
1508 968 1799 1039 φιλοσοφεῖν

199 1064 403 1132 λόγους.
475 1061 637 1113 ἄλλων
687 1058 753 1117 δή
808 1080 958 1111 τινων
1011 1061 1179 1111 αὐτῶν
1237 1059 1284 1109 ἐν
1343 1059 1661 1127 ἐπιστήμαις
1726 1057 1799 1104 ον-

200 1172 317 1219 των,
353 1156 441 1202 καὶ
463 1149 624 1200 οἰλλων
663 1157 758 1199 τῶν
815 1150 926 1199 κατ’
982 1151 1232 1204 αἰσθησιν
1286 1149 1460 1202 όντων.
1500 1151 1597 1197 Καὶ
1642 1142 1801 1194 πολλὰ

202 1239 270 1298 δὴ
352 1260 470 1292 τινα
550 1235 995 1310 πολυπραγμονεῖν
1077 1240 1250 1297 αυτοῖς
1308 1241 1508 1306 γένοιτο
1555 1239 1673 1306 περὶ
1725 1251 1801 1284 τε·

195 1332 586 1405 τραρωνισμοῦς
644 1329 757 1396 (30)
818 1327 1018 1377 κύκλων
1069 1331 1158 1376 καὶ
1213 1330 1332 1396 περὶ
1385 1322 1605 1394 ἀστέρας
1635 1319 1687 1373 δ’
1741 1321 1800 1372 ἀν

201 1423 379 1489 σφίσιν
433 1418 480 1451 9⁸
548 1421 744 1487 γένοιτο
803 1419 1103 1485 κεχηνέναι,
1175 1421 1364 1484 τροφῆς
1414 1412 1797 1484 ὡλιγὼρηκόσι,

197 1512 286 1558 καὶ
316 1513 408 1557 τοῦ
430 1503 636 1576 βλέπειν
683 1505 825 1554 κάτω
878 1504 1014 1570 (31),
1064 1507 1153 1553 καὶ
1205 1496 1461 1560 συνόδους
1515 1499 1682 1549 αὐτῶν
1714 1501 1802 1547 καὶ

199 1595 540 1657 ἀποστάσεις,
565 1598 655 1644 καὶ
680 1595 747 1643 τά
776 1591 1003 1643 ἐντεῦθεν
1074 1588 1427 1662 συμϐαίνοντα
1479 1593 1548 1657 μή
1603 1585 1801 1655 ἀγνοεῖν

200 1683 406 1751 ἐθέλειν,
441 1679 570 1738 μηδ’
610 1677 674 1732 αὖ
751 1684 794 1732 εἶ
846 1699 898 1730 τι
956 1680 1123 1750 ἕτερον
1183 1680 1229 1712 9°
1297 1682 1413 1750 περὶ
1463 1678 1657 1746 φύσεως
1714 1693 1803 1724 και

201 1781 300 1822 των
355 1769 463 1842 μετ’
518 1769 680 1826 αὐτὴν
712 1771 736 1836 ,ί
772 1767 1041 1837 ἐξεύρηται
1090 1776 1162 1836 τῷ
1187 1771 1208 1803 τ
1238 1772 1326 1816 καὶ
1380 1763 1540 1834 λόγῳ.
1601 1767 1699 1815 Καὶ
1732 1759 1798 1818 δὴ

202 1856 355 1911 τόνδε
405 1863 492 1910 τὸν
540 1859 689 1926 λόγον
742 1858 764 1889 ³
811 1856 1021 1907 Πλάτων
1086 1857 1111 1905 ό
1161 1859 1324 1925 μέγας
1398 1858 1487 1902 καὶ
1552 1851 1802 1910 Ηλωτὶνος

205 1948 355 2002 οὐδὲν
426 1949 485 2000 ἂν
575 1946 669 2000 εἶεν
735 1956 898 1998 κυνῶν
946 1952 1035 1998 καὶ
1107 1947 1332 2018 γεράνων
1381 1949 1470 1995 καὶ
1525 1948 1805 2014 μυρμήκων

208 2037 588 2109 διενηνοχότες.
653 2044 769 2096 Πῶς
845 2031 903 2086 δε
983 2040 1072 2085 καὶ
1135 2039 1354 2105 φαίημεν
1417 2032 1464 2083 ἐν
1517 2032 1667 2089 αὐτος
1717 2032 1808 2090 τάς

205 2127 500 2198 ἐπιστήμας
567 2125 882 2197 ἀναμνήσεις
952 2120 1082 2175 εἶναι
1133 2127 1310 2194 μνήμη
1379 2127 1508 2193 μόνη
1546 2123 1808 2192 κεχρημέ-

205 2244 335 2291 νοις,
377 2222 668 2294 ἀνάμνησιν
708 2218 756 2272 δ’
816 2219 889 2271 ἐπ’
939 2215 1189 2289 οὐδεμίαν
1249 2216 1528 2288 ἀφικέσθαι
1588 2213 1809 2286 δυναμέ-

203 2316 487 2377 νοις;τίνι
556 2307 604 2362 δ’
663 2309 832 2360 αὐτῶν
890 2313 980 2358 καὶ
1036 2308 1302 2377 ἄνθρωπος
1345 2305 1404 2355 ἂν
1470 2303 1731 2359 ἀποσταίη
1768 2305 1807 2366 ³,

204 2405 396 2471 καὶμὴ
435 2399 564 2470 οὐχὶ
592 2402 780 2450 ταυτὸν
809 2398 830 2430 ⁵
878 2397 955 2454 εἰη
1007 2392 1153 2455 οὗτός
1207 2414 1260 2446 τε
1314 2397 1542 2457 κάκεῖνα,
1607 2394 1809 2444 πάντων

205 2499 304 2542 τῶν
341 2489 496 2540 αὐτὸν
547 2488 824 2561 ὀριζόντων
873 2505 926 2537 τε
979 2487 1000 2519 ⁶
1053 2490 1143 2536 καὶ
1199 2484 1576 2557 γνωριζόντων,
1637 2480 1810 2533 κάκεί-

201 2599 305 2638 νοις
356 2583 427 2649 μὴ
488 2581 784 2649 προσόντων
816 2593 828 2641 ;
862 2581 972 2627 Νοῦ
997 2577 1086 2646 μὲν
1124 2576 1226 2645 γὰρ
1270 2569 1507 2624 δεκτικόν
1555 2577 1642 2623 καὶ
1694 2569 1810 2621 ἐπι-

206 2673 418 2740 στήμης
457 2666 609 2718 αὐτὸν
673 2661 739 2721 δή
801 2671 954 2735 μόνον
1001 2667 1089 2714 τόν
1147 2664 1413 2734 ἄνθρωπον
1467 2663 1758 2736 όριζόμενοί
1792 2661 1809 2692 ’¹

204 2775 366 2828 φαμεν
439 2752 588 2819 εἶναι,
676 2753 884 2822 λογικὸν
951 2755 1094 2818 ὄντα,
1145 2756 1234 2801 καὶ
1282 2753 1448 2820 τούτῳ
1508 2746 1811 2822 διαιροῦμεν

203 2853 305 2896 τῶν
336 2844 500 2896 ἄλλων
535 2864 547 2876 ο
581 2842 623 2894 εἰ
659 2838 716 2893 δε
761 2845 832 2912 μὴ
875 2843 1068 2892 τούτων
1126 2840 1394 2912 ἄνθρωπος
1459 2844 1629 2910 μόνος,
1685 2837 1810 2888 αλλά

210 2939 302 2985 καὶ
330 2935 395 2984 τὰ
415 2926 798 3002 ἄλογαδοὺδὲν
845 2930 996 2987 ἧττον
1048 2932 1163 2988 νοὸς
1212 2927 1443 3000 μετέχει,
1503 2931 1591 2978 καὶ
1655 2925 1812 2995 λόγου

209 3020 271 3073 ἆν
333 3025 602 3094 μετέχοιεν
661 3019 888 3080 εἰκότως,
959 3017 1001 3068 εἰ
1052 3022 1141 3068 καὶ
1184 3021 1255 3089 μη
1305 3015 1451 3078 ἐκτός
1488 3034 1548 3086 γε
1599 3035 1813 3088 προχω-

209 3120 440 3186 ροῦντος,
497 3109 603 3160 ἀλλ’
658 3109 832 3169 αὐτοῖς
889 3106 1104 3176 ἐνόντος,
1152 3111 1242 3158 καὶ
1291 3109 1366 3162 εἰη
1427 3105 1486 3156 ἂν
1539 3106 1696 3164 οὕτως
1728 3105 1813 3155 οὐ·

213 3197 398 3272 δαμῶς
426 3202 624 3258 ἣκιστα
646 3194 888 3270 διαφέρον
936 3195 1142 3266 λογικὸν
1167 3192 1378 3264 ἀλόγου,
1447 3200 1538 3245 καὶ
1589 3213 1648 3264 γε
1695 3201 1813 3244 νοῦν

210 3293 298 3341 τόν
376 3289 559 3360 μεν,εἶ
615 3305 775 3358 φαμεν
829 3285 938 3356 μετ’
997 3282 1291 3355 ἐπιστήμης
1356 3280 1503 3350 εἶναι,
1556 3288 1645 3334 καὶ
1691 3285 1812 3332 ταυ-

211 3397 305 3434 την
328 3377 380 3439 ἐξ
400 3376 558 3427 αὐτοῦ
599 3371 748 3440 εἶναι,
788 3378 878 3425 καὶ
908 3375 934 3424 ό
993 3371 1041 3424 ἐν
1088 3375 1212 3444 ἡμῖν
1268 3379 1383 3431 νοῦς
1441 3374 1579 3423 ἔστιν
1641 3371 1810 3434 οὗτος,

206 3471 294 3519 τόν
339 3464 389 3518 δ’
447 3465 630 3535 ἐντοῖς
668 3463 868 3522 λοιποῖς
919 3466 1072 3524 ζώοις
1127 3462 1249 3532 μήτ’
1302 3459 1384 3531 ἀφ’
1441 3462 1624 3512 ἑαυτοῦ
1685 3469 1814 3512 νοεῖν

208 3553 344 3627 μηδ’
385 3557 679 3624 ἐπιστήμης
731 3550 966 3604 δεκτικὸν
1014 3548 1276 3622 μηδεμιᾶς
1342 3551 1574 3620 λέγοιμεν
1661 3547 1810 3608 εἶναι,

209 3642 512 3717 διαιροῦμεν
539 3643 599 3693 ἀν
652 3642 834 3704 οὕτως,
891 3646 975 3691 καὶ
1018 3649 1134 3691 νοῦν
1181 3642 1200 3672 9
1253 3642 1338 3690 τόν
1373 3643 1461 3700 μὲν
1503 3636 1680 3690 εἰδότα
1724 3643 1810 3689 καὶ

207 3731 530 3806 δημιουργόν
584 3731 875 3801 ἐπιστήμης
918 3729 1150 3799 λέγοιμεν
1183 3727 1262 3786 ἀν,
1319 3731 1404 3779 τόν
1456 3724 1512 3780 δε
1562 3725 1693 3800 μηδ’
1727 3726 1815 3782 ὑπ’

208 3823 368 3874 αὐτοῦ
411 3817 758 3891 δεδυνημένον
812 3821 855 3854 ¹⁰
903 3827 996 3869 τοῦ
1044 3819 1092 3888 γ’
1149 3815 1493 3888 ἐπισταμένου
1537 3815 1817 3869 πεπαιδευ-

212 3913 360 3978 σθαι,
395 3915 527 3982 μήτε
578 3904 931 3978 δεδιδάχθαι,
993 3911 1082 3957 καὶ
1129 3909 1205 3962 εἴη
1239 3905 1299 3956 οἷν
1354 3907 1379 3956 ό
1430 3915 1659 3966 τοιοῦτος
1701 3916 1820 3968 νοῦς

212 4000 370 4052 εἰπεῖν
429 4000 604 4060 ἄνους,
671 4002 760 4048 καὶ
820 3996 965 4048 πάντ’

211 4107 348 4140 νοιτο
381 4088 518 4158 (32),
557 4092 647 4138 καὶ
705 4085 905 4145 ἀτόπως
963 4084 1082 4146 ἕξει,
1143 4087 1246 4153 εἰγε
1302 4083 1452 4154 λόγον
1491 4089 1580 4157 μὲν
1639 4087 1822 4158 ἄλογον

218 4181 445 4248 θείημεν,
486 4184 603 4227 νοῦν
645 4172 696 4226 δ’
737 4177 911 4227 οἰνουν.
967 4173 1114 4227 Ἀλλ’
1179 4173 1306 4224 ἰτέον
1358 4173 1444 4224 ἐπὶ
1487 4179 1545 4225 τὸ
1600 4195 1824 4247 πρωτον,

1053 3995 1113 4046 ἂν
1183 3996 1287 4045 ἄνω
1363 4001 1452 4047 καὶ
1513 3998 1652 4047 κάτω
1733 4003 1818 4068 γέ-

214 4264 331 4324 ὂδή
366 4271 454 4318 καὶ
499 4266 747 4326 ζητητέον
797 4265 921 4335 ἡμῖν
981 4265 1166 4334 ἔφαμεν
1219 4265 1258 4297 ¹¹
1315 4261 1461 4326 εἶναι,
1523 4267 1655 4325 ὅπως
1712 4266 1825 4318 ποτ’

218 4355 480 4427 ἐπιστήμη
527 4351 769 4412 δηλονότι
825 4361 933 4414 τοῖς
978 4348 1145 4424 μηδὲν
1198 4348 1460 4424 μηδαμῶς
1504 4360 1620 4428 περὶ
1668 4356 1826 4416 αὐτῆς

216 4441 580 4497 εἰδόσινὲστιν
607 4442 924 4514 ἐγγινομένη.
984 4443 1142 4511 Τάχα
1191 4446 1314 4514 γὰρ,
1377 4442 1535 4514 εἰμὴ
1597 4443 1649 4505 ἐξ
1711 4445 1828 4496 ἀνα-

1910 636 2110 685 canes,
2144 625 2408 692 ciconiae,
2435 629 2694 682 formicze
2725 635 2781 679 et
2805 633 3014 680 czetera
3040 625 3348 679 animalia.
3377 629 3437 678 Et
3459 627 3563 678 sci-

1910 718 2036 763 rent
2069 713 2210 780 quid
2238 714 2309 767 sit
2341 715 2495 769 linea
2511 722 2562 769 et
2588 715 2730 786 quid
2757 716 3015 781 signum:
3039 719 3093 766 et
3115 714 3468 766 tlissm‘t‘l'i'ttl
3492 713 3565 766 de

1912 799 2222 859 triangulis
2245 809 2299 856 et
2321 804 2393 856 de
2416 805 2749 875 quadratis,
2776 804 2832 857 in
2854 803 3072 873 quibus
3099 801 3294 855 aliain
3323 804 3566 854 scientia

1912 888 2307 954 continentur,
2355 893 2474 946 alia
2519 892 2797 946 sensibus
2830 891 3164 958 subjacent.
3218 893 3274 943 l-Jt
3311 890 3561 943 multum

1911 976 2278 1045 inquirerent
2298 980 2369 1034 de
2393 982 2762 1051 quadratura
2775 980 3059 1042 circuli,ct
3079 979 3152 1032 de
3177 978 3355 1032 stellis
3381 978 3568 1032 multa

1912 1065 2142 1119 curiose
2188 1067 2634 1137 investigarent,
2675 1069 2876 1123 cibum
2928 1067 3324 1138 dedignantes
3387 1067 3566 1121 infra-

1913 1168 2029 1222 que
2076 1164 2340 1226 spectare
2405 1156 2696 1223 nolentes,
2737 1172 3066 1226 earumque
3116 1171 3473 1222 congressus
3516 1160 3572 1210 et

1912 1241 2299 1312 defectiones,
2332 1252 2389 1299 et
2418 1262 2487 1300 ea
2517 1262 2654 1316 quas
2694 1245 2832 1300 inde
2864 1245 3142 1299 accidunt
3165 1245 3440 1311 ignorare
3470 1260 3570 1298 no-

1911 1331 2118 1398 lentes,
2153 1349 2342 1405 neque
2370 1335 2417 1388 si
2443 1335 2588 1406 quid
2617 1334 2774 1389 aliud
2806 1333 2880 1388 de
2905 1340 3117 1388 natura
3145 1341 3198 1386 et
3229 1334 3296 1386 iis
3318 1349 3452 1403 quae
3472 1349 3570 1386 su-

1917 1436 2025 1488 pra
2042 1428 2318 1477 naturam
2345 1433 2500 1489 sunt,
2525 1423 2988 1492 inveniri'possit
3010 1429 3206 1476 mente
3229 1428 3285 1475 et
3323 1422 3570 1475 ratione.

1915 1513 2105 1580 Atque
2138 1512 2471 1566 secundum
2499 1512 2558 1566 id
2588 1527 2846 1579 magnus
2878 1510 2972 1565 ille
3007 1512 3167 1564 Plato
3208 1517 3264 1565 et
3314 1509 3573 1564 Plotinus

1914 1599 2058 1652 nihil
2088 1615 2122 1652 a
2149 1601 2401 1654 canibus
2441 1606 2497 1655 et
2529 1601 2778 1670 gruibus
2822 1606 2875 1653 et
2929 1599 3192 1654 formicis
3245 1598 3569 1653 ditt'errent.

1915 1689 2230 1751 Quomodo
2260 1695 2458 1744 autem
2481 1690 2814 1745 diceremus
2855 1690 2914 1744 in
2953 1690 3022 1743 iis
3068 1689 3344 1744 scientias
3387 1705 3577 1744 recor-

1914 1776 2183 1831 dationes
2213 1793 2360 1846 esse,
2405 1795 2540 1832 cum
2583 1778 2711 1832 sola
2751 1779 3042 1832 memoria
3084 1784 3345 1837 utantur.
3379 1793 3576 1848 neque

1917 1864 1993 1919 ad
2027 1865 2208 1920 ullam
2239 1867 2716 1922 recordationem
2749 1866 3084 1937 pertingere
3108 1865 3341 1936 pOssint
3365 1869 3392 1920 ?
3428 1871 3577 1930 Quo-

1920 1954 2101 2008 modo
2133 1956 2208 2008 ad
2229 1954 2340 2009 illis
2371 1955 2556 2010 homo
2584 1955 3047 2019 distingueretur
3074 1969 3268 2024 neque
3313 1970 3500 2008 unum
3524 1960 3580 2008 et

1918 2044 2078 2098 idem
2156 2061 2288 2098 cum
2348 2045 2418 2098 iis
2503 2052 2676 2111 esset,
2733 2047 2776 2098 si
2837 2043 3129 2114 quidquid
3176 2059 3314 2096 eum
3372 2044 3581 2098 definit

1921 2149 1989 2187 ac
2017 2134 2336 2198 constituit,
2359 2133 2438 2188 ab
2469 2133 2598 2188 tllos
2645 2148 2888 2204 quoque
2930 2131 3251 2202 pertineret
3305 2133 3332 2186 ?
3380 2132 3580 2186 Mentis

1922 2237 2208 2292 capacem
2238 2228 2294 2276 et
2325 2223 2581 2276 scientiae
2624 2221 2816 2275 solum
2865 2220 3172 2275 hominem
3228 2221 3578 2275 definientes

1923 2327 2054 2365 esse
2110 2311 2366 2366 dicimus
2427 2310 2865 2375 rationabilem,
2921 2315 2977 2364 et
3032 2325 3103 2364 eo
3162 2309 3240 2364 ab
3317 2310 3445 2364 aliis
3513 2312 3578 2366 il-

1921 2399 2046 2454 lum
2081 2400 2455 2468 sejungimus
2492 2417 2505 2466 ;
2534 2399 2581 2452 si
2604 2406 2803 2454 autem
2824 2413 2946 2452 non
2972 2399 3152 2452 modo
3174 2398 3379 2456 homo.
3400 2399 3502 2452 sed
3525 2405 3582 2454 et

1922 2488 2354 2543 irrationabilia
2382 2488 2594 2542 mentis
2627 2487 2939 2558 participia
2961 2492 3180 2553 essent,
3204 2493 3261 2541 et
3286 2487 3576 2542 rationem

1926 2577 2137 2630 merito
2164 2577 2604 2648 participarent:
2637 2591 2755 2630 non
2775 2575 3024 2646 quidem
3061 2581 3228 2630 extra
3254 2577 3580 2646 proceden-

1923 2671 2063 2731 tem,
2104 2665 2207 2718 sed
2239 2666 2297 2720 in
2327 2665 2397 2720 iis
2429 2665 2833 2729 exsistentem;
2856 2669 3035 2735 atque
3061 2663 3142 2718 ita
3158 2679 3280 2718 non
3315 2664 3583 2720 differret

1919 2754 2273 2808 rationabile
2303 2754 2381 2808 ab
2411 2753 2821 2820 irrationabili,
2865 2753 2971 2806 etsi
3016 2757 3276 2807 mentem
3331 2753 3580 2808 alteram

1922 2859 2051 2897 esse
2082 2843 2418 2897 diceremus
2441 2859 2580 2897 cum
2607 2841 2850 2896 scientia
2889 2856 3144 2912 eamque
3176 2841 3484 2897 scientiam
3511 2859 3581 2897 ex

1923 2936 2141 2996 mente,
2175 2938 2231 2985 et
2261 2947 2425 2985 mens
2455 2930 2630 2986 nobis
2659 2931 2856 2999 inest;
2900 2930 3147 2984 alteram
3183 2936 3383 2984 autem
3417 2947 3580 2985 men-

1924 3025 2041 3074 tem
2055 3021 2389 3074 diceremus
2407 3021 2465 3074 in
2479 3020 2708 3075 caeteris
2723 3018 3086 3074 animalibus
3100 3033 3231 3072 esse
3260 3035 3453 3090 neque
3474 3036 3580 3091 per

1924 3127 1983 3163 se
1999 3109 2260 3176 cogitare
2278 3109 2573 3164 valentem
2591 3123 2784 3180 neque
2798 3107 3060 3162 scientiae
3077 3109 3583 3178 capacem,etdivi

1852 3216 1891 3267 C
1922 3198 2315 3252 deremusita.
2343 3197 2792 3268 diceremusque
2811 3202 3062 3250 mentem
3078 3212 3206 3249 esse
3223 3196 3510 3251 scientem
3527 3204 3586 3251 et

1923 3288 2180 3342 scientiae
2209 3288 2582 3351 ettectricem,
2621 3288 2867 3340 alteram
2901 3291 3123 3350 autem,
3152 3301 3288 3355 quae
3322 3302 3440 3341 non
3473 3303 3578 3357 p0-

1924 3383 2033 3430 test
2062 3379 2139 3430 ab
2170 3377 2300 3448 ipsa
2331 3376 2550 3430 sciente
2571 3375 2770 3430 doceri
2815 3390 3011 3445 neque
3053 3374 3284 3434 instrui.
3335 3381 3392 3430 et
3438 3375 3588 3430 foret

1925 3466 2055 3520 talis
2087 3466 2454 3536 mensqnasi
2483 3481 2713 3531 amens,
2753 3470 2806 3518 et
2856 3463 3061 3518 omnia
3118 3480 3341 3535 susque
3390 3465 3586 3536 deque

1923 3561 2231 3609 ruerentet
2250 3555 2498 3610 ridicula
2517 3569 2953 3625 promeremus,
2979 3552 3276 3622 siquidem
3303 3555 3585 3608 rationem

1923 3643 2322 3698 irrationalem
2341 3647 2978 3715 poneremus,mentem
2993 3657 3131 3695 vero
3146 3645 3586 3698 amentem.Sed

1927 3734 2001 3787 ad
2030 3735 2291 3803 primum
2318 3733 2585 3787 eundum
2617 3732 2782 3804 quod
2806 3730 2981 3786 nobis
3004 3730 3430 3801 inquirendum
3457 3751 3588 3788 esse

1927 3824 2212 3887 diximus,
2238 3823 2547 3892 quomodo
2580 3823 2822 3876 scientia
2857 3820 2915 3874 in
2944 3819 3012 3872 iis
3056 3821 3156 3890 qui
3197 3822 3269 3875 de
3321 3841 3391 3877 ca
3443 3824 3589 3877 nihil

1928 3917 2242 3976 noverunt,
2273 3904 2636 3967 elformetur.
2679 3915 2842 3966 Forte
2873 3909 3057 3979 enim,
3091 3913 3201 3966 nisi
3227 3928 3293 3965 ex
3318 3913 3590 3968 recorda-

1933 4001 2107 4064 tione,
2143 4015 2264 4054 non
2295 3999 2538 4054 aliunde
2558 4017 2685 4056 esse
2709 4002 3029 4060 videretur.
3055 4005 3109 4059 Si
3129 4003 3306 4070 igitur
3345 4002 3593 4055 scientia

1933 4091 2077 4145 nihil
2098 4090 2257 4145 aliud
2291 4096 2379 4146 est
2401 4108 2585 4162 quam
2619 4109 2829 4148 eorum
2855 4110 2991 4166 quae
3017 4095 3183 4167 prius
3208 4093 3425 4148 animus
3450 4099 3594 4148 nota

1934 4186 2091 4244 sunt,
2121 4180 2473 4247 recordatio,
2502 4187 2557 4235 et
2584 4183 2940 4253 priusquam
2973 4185 3179 4239 anima
3235 4182 3593 4255 corporibus

1935 4270 2101 4324 unita
2132 4270 2247 4332 sit;
2288 4271 2352 4334 si,
2408 4277 2733 4342 postquam
2787 4274 2953 4328 unita
3007 4279 3094 4328 est
3148 4278 3201 4328 et
3242 4271 3594 4343 corporibus

1935 4360 2270 4418 commista.
2304 4361 2595 4416 memoria
2610 4361 3089 4432 quodammodo,
3125 4360 3425 4432 simulque
3455 4377 3593 4414 cum

1937 4466 2007 4503 ea
2082 4448 2340 4503 scientiae
2419 4450 2678 4518 cognitio
2731 4450 3030 4519 abigatur,
3079 4449 3297 4506 deinde
3351 4465 3594 4504 rursum

217 4540 470 4606 μνήσεως,
540 4529 829 4604 οὐδαμόθεν
911 4529 970 4581 ἂν
1051 4529 1259 4581 ἄλλοθεν
1329 4528 1522 4592 δόξειεν
1578 4529 1705 4585 εἶναι
1738 4557 1749 4566 ·
1787 4536 1829 4587 εἰ
1865 4567 1906 4619 D
1938 4555 1968 4593 a

1865 4538 2012 4619 Dad
2082 4554 2216 4592 eam
2266 4539 2471 4595 anima
2531 4540 2738 4596 redeat
2789 4539 3150 4596 memoriam
3209 4546 3266 4595 et
3337 4540 3595 4595 scientiae

1581 4675 1806 4744 Varim
1858 4679 2208 4747 lectiones.

292 4793 338 4828 9°
371 4792 542 4852 αὐτοῖς
567 4791 734 4846 addit
752 4792 879 4845 Vat.

216 4872 340 4936 γοῦν
371 4860 521 4916 τόνδε
539 4859 607 4921 δὴ
633 4883 678 4916 τ.
713 4862 760 4915 λ.
791 4862 924 4916 Vat.

957 4792 1014 4864 99,
1037 4785 1166 4864 μηδ’
1190 4790 1250 4864 ᾆν
1283 4794 1327 4842 εἷ
1356 4810 1432 4864 τις
1457 4792 1623 4864 ἕτερον
1659 4797 1782 4849 Vat.

1003 4861 1149 4915 3’Sic
1190 4862 1320 4916 Vat.
1353 4861 1622 4922 ἀποστάλη
1656 4865 1830 4920 Vind.

1867 4799 1876 4828 '
1910 4798 2149 4869 καὶυπερ
2176 4797 2336 4854 αὐτὴν
2369 4797 2537 4853 addit
2585 4801 2736 4866 Vat.,
2792 4799 2964 4854 bene.

1909 4868 1930 4901 ⁵
1983 4869 2141 4919 ταύτὸ
2203 4871 2326 4919 Vat.
2407 4871 2427 4902 ὓ
2477 4888 2530 4919 τε
2589 4870 2759 4919 abest
2818 4887 2853 4919 a
2906 4873 2964 4919 Vi

1909 4875 1930 4901 ⁵
1983 4875 2141 4920 ταύτὸ
2203 4875 2326 4924 Vat.

3043 4802 3064 4833 ²
3123 4803 3200 4850 νοὶ
3261 4801 3387 4853 Vat.
3467 4800 3600 4849 ³και

2407 4871 2427 4902 δ
2477 4888 2530 4920 τε
2589 4870 2759 4925 abest
2818 4887 2853 4925 a
2906 4873 3030 4924 Vat.
3109 4873 3126 4903 τ
3185 4872 3339 4922 αυτόν
3393 4867 3459 4926 δὴ
3510 4877 3600 4921 καὶ

218 4932 800 5013 μονον-ὁριζόμενοιτον
831 4936 1100 5006 ἄνθρωπον
1120 4935 1242 4987 Vat.
1322 4935 1341 4967 ⁸
1376 4932 1499 4986 sic";
1542 4942 1612 5008 μὴ
1683 4949 1850 4990 ταυτα
1903 4941 2020 4994 οἰνθ.
2065 4963 2121 5013 μ,
2180 4940 2308 4992 ἀλλά
2363 4946 2412 4992 τί
2485 4960 2545 5012 γε
2605 4947 2696 4993 καὶ
2756 4942 2923 5013 ἄλογα
2975 4943 3098 4997 Vat.
3179 4945 3199 4976 9
3243 4961 3356 5002 νους
3427 4942 3594 4996 Vind.

224 4993 270 5043 3°
301 4993 656 5079 δεδῦνήμένου
694 5006 817 5061 Vai.
899 4993 938 5039 ‘i
969 5007 1157 5076 ἔφημεν
1190 5007 1313 5059 val.-

1786 5125 2004 5191 Notae.

290 5250 402 5316 (30)
426 5247 823 5320 Nequeenim
850 5262 935 5320 ea
957 5251 1132 5320 aetate
1192 5245 1292 5302 illa
1333 5248 1408 5303 de
1446 5249 1821 5320 quadratura

218 5320 424 5394 circuli
445 5317 696 5392 quiestio
713 5319 1003 5394 exstincta
1055 5317 1180 5380 fuit,
1212 5335 1347 5394 quas
1381 5317 1711 5394 antiquitus
1739 5327 1824 5377 tot

218 5390 508 5464 praeclara
535 5390 779 5460 ingenia
828 5395 1193 5445 exercuerat.
1239 5390 1821 5453 Quorum'virorum

219 5478 513 5532 magnum
537 5477 868 5534 sanequam
893 5476 1214 5534 numerum
1236 5471 1504 5518 recenset
1522 5465 1821 5521 Gerardus

219 5535 460 5590 Vossius
497 5535 585 5591 De
614 5533 874 5590 scientiis
911 5533 1350 5589 mathematicis
1381 5551 1514 5606 cap.
1553 5540 1636 5592 t6.
1670 5537 1698 5608 §
1733 5540 1820 5601 36,

269 5649 282 5660 .
317 5623 400 5661 m.
435 5610 524 5661 72.

435 5622 828 5750 Piatonicum.
857 5674 1306 5750 Caeterumhuic
1337 5677 1725 5750 disputationi
1751 5695 1825 5735 ne

219 5747 486 5825 ἄπιστήμῃ
518 5755 628 5806 cet.
653 5748 876 5806 adhibe
897 5747 1270 5805 Aristotelem
1289 5749 1354 5805 in
1381 5747 1530 5814 ΕὶΙι,
1585 5751 1824 5808 Nicom.

1933 5265 2070 5320 cap.
2100 5251 2150 5311 6,
2186 5264 2246 5317 p.
2277 5248 2380 5303 105
2415 5261 2550 5320 sqq.
2581 5245 2742 5320 Sylb.

2004 5317 2117 5384 (ii-2)
2194 5327 2233 5374 I.
2269 5335 2320 5372 e.
2381 5317 2872 5387 confizderentur,
2939 5317 3467 5385 perturbarentur,
3543 5326 3605 5372 ut

1934 5394 2163 5464 passim
2179 5389 2695 5464 usurpantoptimi
2721 5388 2965 5464 quique.
2996 5389 3106 5464 sed
3132 5388 3388 5464 formula
3437 5389 3600 5464 varie

1936 5459 2186 5520 tractata
2209 5459 2552 5533 etpiuribus
2581 5459 2936 5533 verbisaddi
2969 5460 3165 5533 solita.
3198 5460 3316 5533 vid.
3338 5461 3600 5532 Zenoph.

1937 5537 2157 5604 Cyrop.
2189 5535 2234 5593 Ι,
2270 5531 2321 5598 3,
2352 5533 2382 5585 4
2413 5551 2425 5599 ;
2463 5531 2924 5604 ιλιιοῆειηὶΤιξιηοη
2955 5573 2966 5586 .
2993 5531 3054 5586 d.
3084 5536 3154 5587 94
3183 5551 3195 5592 ;
3235 5531 3602 5587 Vitanaact.

1938 5602 2004 5662 96
2058 5607 2177 5677 Bip.
2226 5605 2484 5677 Platon,
2533 5603 2706 5677 Gorg.
2769 5602 2937 5677 §76§t
2972 5613 3110 5677 ⁸(με
3155 5608 3286 5677 482,
3369 5621 3428 5675 p.
3503 5608 3604 5659 11Ξὶ

1939 5673 2150 5734 Ηεὶηᾱ.
2192 5676 2232 5744 ),
2259 5674 2684 5748 ἰὸὶᾳηιῖὶηάοὶε.
2718 5679 2774 5728 et
2804 5673 2990 5730 Heind
3036 5673 3052 5741 7;
3085 5673 3383 5732 Phaedoni
3406 5691 3464 5748 p.
3517 5679 3605 5740 96,

1951 5753 2051 5806 172
2082 5765 2207 5822 seq.
2250 5747 2464 5805 Heind.
2513 5747 2822 5818 huiusque
2842 5751 2969 5802 not.
