  <div class='ocr_page' id='page_1' title='image "/cluster/home/n/w/nwhite01/storage/ocr_20150623/140/nnc1.0046979905/727.png"; bbox 0 0 4434 6452; ppageno 0'>
   <div class='ocr_carea' id='block_1_1' title="bbox 790 431 930 482">
    <p class='ocr_par' dir='ltr' id='par_1_1' title="bbox 790 431 930 482">
     <span class='ocr_line' id='line_1_1' title="bbox 790 431 930 482; baseline -0.007 0"><span class='ocrx_word' id='word_1_1' title='bbox 790 433 807 482; x_wconf 77' lang='grc'><strong>1</strong></span> <span class='ocrx_word' id='word_1_2' title='bbox 827 431 930 482; x_wconf 82' lang='grc'>423</span> 
     </span>
    </p>
   </div>
   <div class='ocr_carea' id='block_1_2' title="bbox 2126 411 2820 471">
    <p class='ocr_par' dir='ltr' id='par_1_2' title="bbox 2126 411 2820 471">
     <span class='ocr_line' id='line_1_2' title="bbox 2126 411 2820 471; baseline -0.007 0"><span class='ocrx_word' id='word_1_3' title='bbox 2126 413 2495 471; x_wconf 78' lang='lat' dir='ltr'>NICEPHORI</span> <span class='ocrx_word' id='word_1_4' title='bbox 2536 411 2820 467; x_wconf 72' lang='lat' dir='ltr'>CHUMNI.</span> 
     </span>
    </p>
   </div>
   <div class='ocr_carea' id='block_1_3' title="bbox 4025 409 4168 464">
    <p class='ocr_par' dir='ltr' id='par_1_3' title="bbox 4025 409 4168 464">
     <span class='ocr_line' id='line_1_3' title="bbox 4025 409 4168 464; baseline 0 0"><span class='ocrx_word' id='word_1_5' title='bbox 4025 409 4168 464; x_wconf 63' lang='grc'><strong>1424</strong></span> 
     </span>
    </p>
   </div>
   <div class='ocr_carea' id='block_1_4' title="bbox 781 526 2532 613">
    <p class='ocr_par' dir='ltr' id='par_1_4' title="bbox 781 538 2513 613">
     <span class='ocr_line' id='line_1_4' title="bbox 781 538 2513 613; baseline -0.009 -8"><span class='ocrx_word' id='word_1_6' title='bbox 781 547 1282 613; x_wconf 86' lang='lat' dir='ltr'>recordationem,</span> <span class='ocrx_word' id='word_1_7' title='bbox 1319 544 1380 600; x_wconf 94' lang='lat' dir='ltr'>id</span> <span class='ocrx_word' id='word_1_8' title='bbox 1394 543 1807 600; x_wconf 86' lang='lat' dir='ltr'>essetﬁrmum</span> <span class='ocrx_word' id='word_1_9' title='bbox 1828 546 1884 599; x_wconf 90' lang='lat' dir='ltr'>et</span> <span class='ocrx_word' id='word_1_10' title='bbox 1903 541 2152 599; x_wconf 89' lang='lat' dir='ltr'>omnino</span> <span class='ocrx_word' id='word_1_11' title='bbox 2181 538 2438 596; x_wconf 81' lang='lat' dir='ltr'>celebra-</span> <span class='ocrx_word' id='word_1_12' title='bbox 2467 541 2513 590; x_wconf 83' lang='lat' dir='ltr'><strong>A</strong></span> 
     </span>
    </p>
   </div>
   <div class='ocr_carea' id='block_1_5' title="bbox 2414 526 4165 613">
    <p class='ocr_par' dir='ltr' id='par_1_5' title="bbox 2414 526 4165 606">
     <span class='ocr_line' id='line_1_5' title="bbox 2414 526 4165 606; baseline -0.002 -20"><span class='ocrx_word' id='word_1_13' title='bbox 2414 541 2669 606; x_wconf 41' lang='lat' dir='ltr'>.«Ayofm</span> <span class='ocrx_word' id='word_1_14' title='bbox 2728 533 2992 604; x_wconf 77' lang='grc' dir='ltr'>ἐπιστήμη</span> <span class='ocrx_word' id='word_1_15' title='bbox 3075 526 3240 602; x_wconf 67' lang='grc' dir='ltr'><strong>μηδὲν</strong></span> <span class='ocrx_word' id='word_1_16' title='bbox 3294 531 3506 605; x_wconf 64' lang='grc' dir='ltr'><strong>ἔτερον,</strong></span> <span class='ocrx_word' id='word_1_17' title='bbox 3566 530 3860 604; x_wconf 78' lang='grc' dir='ltr'><strong>ἀνάμνησις</strong></span> <span class='ocrx_word' id='word_1_18' title='bbox 3926 529 3984 585; x_wconf 73' lang='grc' dir='ltr'>δὲ</span> <span class='ocrx_word' id='word_1_19' title='bbox 4059 541 4165 584; x_wconf 85' lang='grc' dir='ltr'>τῶν</span> 
     </span>
    </p>
   </div>
   <div class='ocr_carea' id='block_1_6' title="bbox 780 630 2437 698">
    <p class='ocr_par' dir='ltr' id='par_1_6' title="bbox 780 630 2437 698">
     <span class='ocr_line' id='line_1_6' title="bbox 780 630 2437 698; baseline -0.007 -5"><span class='ocrx_word' id='word_1_20' title='bbox 780 642 908 693; x_wconf 91' lang='lat' dir='ltr'>tum</span> <span class='ocrx_word' id='word_1_21' title='bbox 933 641 988 692; x_wconf 90' lang='lat' dir='ltr'>et</span> <span class='ocrx_word' id='word_1_22' title='bbox 1022 634 1290 691; x_wconf 84' lang='lat' dir='ltr'>validum</span> <span class='ocrx_word' id='word_1_23' title='bbox 1321 632 1401 689; x_wconf 90' lang='lat' dir='ltr'>ad</span> <span class='ocrx_word' id='word_1_24' title='bbox 1443 633 1559 689; x_wconf 88' lang='lat' dir='ltr'>hoc</span> <span class='ocrx_word' id='word_1_25' title='bbox 1608 630 2172 694; x_wconf 85' lang='lat' dir='ltr'>demonstrandum,</span> <span class='ocrx_word' id='word_1_26' title='bbox 2219 641 2437 698; x_wconf 90' lang='lat' dir='ltr'>nempe</span> 
     </span>
    </p>
   </div>
   <div class='ocr_carea' id='block_1_7' title="bbox 781 714 2437 796">
    <p class='ocr_par' dir='ltr' id='par_1_7' title="bbox 781 714 2437 796">
     <span class='ocr_line' id='line_1_7' title="bbox 781 714 2437 796; baseline -0.007 -16"><span class='ocrx_word' id='word_1_27' title='bbox 781 726 1017 781; x_wconf 85' lang='lat' dir='ltr'>animas</span> <span class='ocrx_word' id='word_1_28' title='bbox 1037 722 1394 796; x_wconf 83' lang='lat' dir='ltr'>corporibus</span> <span class='ocrx_word' id='word_1_29' title='bbox 1417 720 1861 794; x_wconf 76' lang='lat' dir='ltr'>praeexstitisse.</span> <span class='ocrx_word' id='word_1_30' title='bbox 1921 718 2036 776; x_wconf 92' lang='lat' dir='ltr'>Sed</span> <span class='ocrx_word' id='word_1_31' title='bbox 2049 733 2171 774; x_wconf 91' lang='lat' dir='ltr'>non</span> <span class='ocrx_word' id='word_1_32' title='bbox 2188 714 2437 773; x_wconf 85' lang='lat' dir='ltr'>omnino</span> 
     </span>
    </p>
   </div>
   <div class='ocr_carea' id='block_1_8' title="bbox 781 802 2434 882">
    <p class='ocr_par' dir='ltr' id='par_1_8' title="bbox 781 802 2434 882">
     <span class='ocr_line' id='line_1_8' title="bbox 781 802 2434 882; baseline -0.008 -13"><span class='ocrx_word' id='word_1_33' title='bbox 781 814 920 869; x_wconf 85' lang='lat' dir='ltr'>huic</span> <span class='ocrx_word' id='word_1_34' title='bbox 951 811 1404 876; x_wconf 73' lang='lat' dir='ltr'>adhzerendum,</span> <span class='ocrx_word' id='word_1_35' title='bbox 1435 817 1722 882; x_wconf 80' lang='lat' dir='ltr'>tanquam</span> <span class='ocrx_word' id='word_1_36' title='bbox 1763 807 1910 864; x_wconf 84' lang='lat' dir='ltr'>nihil</span> <span class='ocrx_word' id='word_1_37' title='bbox 1943 805 2170 880; x_wconf 90' lang='lat' dir='ltr'>opponi</span> <span class='ocrx_word' id='word_1_38' title='bbox 2227 802 2434 877; x_wconf 88' lang='lat' dir='ltr'>possit.</span> 
     </span>
    </p>
   </div>
   <div class='ocr_carea' id='block_1_9' title="bbox 785 892 2438 969">
    <p class='ocr_par' dir='ltr' id='par_1_9' title="bbox 785 892 2438 969">
     <span class='ocr_line' id='line_1_9' title="bbox 785 892 2438 969; baseline -0.007 -12"><span class='ocrx_word' id='word_1_39' title='bbox 785 905 950 958; x_wconf 85' lang='lat' dir='ltr'>Forte</span> <span class='ocrx_word' id='word_1_40' title='bbox 981 900 1140 956; x_wconf 90' lang='lat' dir='ltr'>enim</span> <span class='ocrx_word' id='word_1_41' title='bbox 1190 897 1363 954; x_wconf 84' lang='lat' dir='ltr'>nobis</span> <span class='ocrx_word' id='word_1_42' title='bbox 1415 898 1717 953; x_wconf 82' lang='lat' dir='ltr'>diversum</span> <span class='ocrx_word' id='word_1_43' title='bbox 1768 893 2266 969; x_wconf 89' lang='lat' dir='ltr'>supponentibus,</span> <span class='ocrx_word' id='word_1_44' title='bbox 2316 892 2438 946; x_wconf 89' lang='lat' dir='ltr'>imo</span> 
     </span>
    </p>
   </div>
   <div class='ocr_carea' id='block_1_10' title="bbox 782 971 2440 1037">
    <p class='ocr_par' dir='ltr' id='par_1_10' title="bbox 782 971 2440 1037">
     <span class='ocr_line' id='line_1_10' title="bbox 782 971 2440 1037; baseline -0.007 -2"><span class='ocrx_word' id='word_1_45' title='bbox 782 998 924 1036; x_wconf 87' lang='lat' dir='ltr'>vero</span> <span class='ocrx_word' id='word_1_46' title='bbox 938 980 1303 1037; x_wconf 87' lang='lat' dir='ltr'>contrarium</span> <span class='ocrx_word' id='word_1_47' title='bbox 1329 978 1483 1034; x_wconf 88' lang='lat' dir='ltr'>bene</span> <span class='ocrx_word' id='word_1_48' title='bbox 1502 977 1862 1033; x_wconf 88' lang='lat' dir='ltr'>succederet.</span> <span class='ocrx_word' id='word_1_49' title='bbox 1885 978 2029 1032; x_wconf 88' lang='lat' dir='ltr'>Cum</span> <span class='ocrx_word' id='word_1_50' title='bbox 2053 975 2212 1030; x_wconf 91' lang='lat' dir='ltr'>enim</span> <span class='ocrx_word' id='word_1_51' title='bbox 2235 971 2440 1027; x_wconf 85' lang='lat' dir='ltr'>anima</span> 
     </span>
    </p>
   </div>
   <div class='ocr_carea' id='block_1_11' title="bbox 784 1063 2440 1138">
    <p class='ocr_par' dir='ltr' id='par_1_11' title="bbox 784 1063 2440 1138">
     <span class='ocr_line' id='line_1_11' title="bbox 784 1063 2440 1138; baseline -0.009 -12"><span class='ocrx_word' id='word_1_52' title='bbox 784 1071 860 1126; x_wconf 85' lang='lat' dir='ltr'>sit</span> <span class='ocrx_word' id='word_1_53' title='bbox 886 1068 1241 1126; x_wconf 77' lang='lat' dir='ltr'>immortalis</span> <span class='ocrx_word' id='word_1_54' title='bbox 1273 1083 1342 1122; x_wconf 89' lang='lat' dir='ltr'>ac</span> <span class='ocrx_word' id='word_1_55' title='bbox 1369 1082 1606 1138; x_wconf 85' lang='lat' dir='ltr'>semper</span> <span class='ocrx_word' id='word_1_56' title='bbox 1635 1069 1967 1131; x_wconf 87' lang='lat' dir='ltr'>moveatur,</span> <span class='ocrx_word' id='word_1_57' title='bbox 1997 1063 2045 1119; x_wconf 90' lang='lat' dir='ltr'>si</span> <span class='ocrx_word' id='word_1_58' title='bbox 2071 1063 2202 1134; x_wconf 87' lang='lat' dir='ltr'>ejus</span> <span class='ocrx_word' id='word_1_59' title='bbox 2240 1064 2440 1116; x_wconf 88' lang='lat' dir='ltr'>motus</span> 
     </span>
    </p>
   </div>
   <div class='ocr_carea' id='block_1_12' title="bbox 783 1147 2442 1232">
    <p class='ocr_par' dir='ltr' id='par_1_12' title="bbox 783 1147 2442 1232">
     <span class='ocr_line' id='line_1_12' title="bbox 783 1147 2442 1232; baseline -0.007 -18"><span class='ocrx_word' id='word_1_60' title='bbox 783 1166 838 1216; x_wconf 86' lang='lat' dir='ltr'>et</span> <span class='ocrx_word' id='word_1_61' title='bbox 863 1159 1240 1232; x_wconf 82' lang='lat' dir='ltr'>operationes</span> <span class='ocrx_word' id='word_1_62' title='bbox 1260 1155 1628 1212; x_wconf 87' lang='lat' dir='ltr'>immortales</span> <span class='ocrx_word' id='word_1_63' title='bbox 1650 1155 2000 1226; x_wconf 82' lang='lat' dir='ltr'>cogitemus,</span> <span class='ocrx_word' id='word_1_64' title='bbox 2024 1158 2178 1208; x_wconf 89' lang='lat' dir='ltr'>recte</span> <span class='ocrx_word' id='word_1_65' title='bbox 2223 1147 2442 1220; x_wconf 85' lang='lat' dir='ltr'>cogita-</span> 
     </span>
    </p>
   </div>
   <div class='ocr_carea' id='block_1_13' title="bbox 782 1235 2441 1316">
    <p class='ocr_par' dir='ltr' id='par_1_13' title="bbox 782 1235 2441 1316">
     <span class='ocr_line' id='line_1_13' title="bbox 782 1235 2441 1316; baseline -0.008 -12"><span class='ocrx_word' id='word_1_66' title='bbox 782 1248 1003 1304; x_wconf 84' lang='lat' dir='ltr'>bimus.</span> <span class='ocrx_word' id='word_1_67' title='bbox 1031 1245 1182 1311; x_wconf 85' lang='lat' dir='ltr'>Quid</span> <span class='ocrx_word' id='word_1_68' title='bbox 1201 1245 1378 1314; x_wconf 86' lang='lat' dir='ltr'>igitur</span> <span class='ocrx_word' id='word_1_69' title='bbox 1399 1249 1424 1298; x_wconf 74' lang='lat'>.9</span> <span class='ocrx_word' id='word_1_70' title='bbox 1445 1260 1555 1300; x_wconf 92' lang='lat' dir='ltr'>nos</span> <span class='ocrx_word' id='word_1_71' title='bbox 1576 1259 1799 1316; x_wconf 90' lang='lat' dir='ltr'>ponere</span> <span class='ocrx_word' id='word_1_72' title='bbox 1821 1242 1910 1298; x_wconf 91' lang='lat' dir='ltr'>vis</span> <span class='ocrx_word' id='word_1_73' title='bbox 1931 1240 2240 1296; x_wconf 86' lang='lat' dir='ltr'>scientiam</span> <span class='ocrx_word' id='word_1_74' title='bbox 2259 1235 2441 1292; x_wconf 85' lang='lat' dir='ltr'>facul-</span> 
     </span>
    </p>
   </div>
   <div class='ocr_carea' id='block_1_14' title="bbox 784 1324 2443 1396">
    <p class='ocr_par' dir='ltr' id='par_1_14' title="bbox 784 1324 2443 1396">
     <span class='ocr_line' id='line_1_14' title="bbox 784 1324 2443 1396; baseline -0.008 -3"><span class='ocrx_word' id='word_1_75' title='bbox 784 1343 963 1392; x_wconf 84' lang='lat' dir='ltr'>tatem</span> <span class='ocrx_word' id='word_1_76' title='bbox 990 1337 1204 1391; x_wconf 82' lang='lat' dir='ltr'>animae</span> <span class='ocrx_word' id='word_1_77' title='bbox 1229 1334 1438 1389; x_wconf 90' lang='lat' dir='ltr'>essein</span> <span class='ocrx_word' id='word_1_78' title='bbox 1463 1349 1535 1389; x_wconf 91' lang='lat' dir='ltr'>ea</span> <span class='ocrx_word' id='word_1_79' title='bbox 1564 1334 1643 1389; x_wconf 87' lang='lat' dir='ltr'>ab</span> <span class='ocrx_word' id='word_1_80' title='bbox 1683 1332 1848 1388; x_wconf 89' lang='lat' dir='ltr'>initio</span> <span class='ocrx_word' id='word_1_81' title='bbox 1892 1331 2291 1396; x_wconf 85' lang='lat' dir='ltr'>exsistentem,</span> <span class='ocrx_word' id='word_1_82' title='bbox 2349 1324 2443 1381; x_wconf 86' lang='lat' dir='ltr'>vel</span> 
     </span>
    </p>
   </div>
   <div class='ocr_carea' id='block_1_15' title="bbox 785 1417 2440 1496">
    <p class='ocr_par' dir='ltr' id='par_1_15' title="bbox 785 1417 2440 1496">
     <span class='ocr_line' id='line_1_15' title="bbox 785 1417 2440 1496; baseline -0.007 -15"><span class='ocrx_word' id='word_1_83' title='bbox 785 1425 1012 1496; x_wconf 86' lang='lat' dir='ltr'>aliquid</span> <span class='ocrx_word' id='word_1_84' title='bbox 1040 1423 1204 1479; x_wconf 89' lang='lat' dir='ltr'>aliud</span> <span class='ocrx_word' id='word_1_85' title='bbox 1232 1422 1343 1494; x_wconf 88' lang='lat' dir='ltr'>ipsi</span> <span class='ocrx_word' id='word_1_86' title='bbox 1372 1428 1580 1493; x_wconf 90' lang='lat' dir='ltr'>postea</span> <span class='ocrx_word' id='word_1_87' title='bbox 1611 1420 1904 1487; x_wconf 89' lang='lat' dir='ltr'>additum,</span> <span class='ocrx_word' id='word_1_88' title='bbox 1940 1419 2045 1474; x_wconf 86' lang='lat' dir='ltr'>sed</span> <span class='ocrx_word' id='word_1_89' title='bbox 2086 1417 2440 1489; x_wconf 89' lang='lat' dir='ltr'>priusquam</span> 
     </span>
    </p>
   </div>
   <div class='ocr_carea' id='block_1_16' title="bbox 784 1507 2445 1584">
    <p class='ocr_par' dir='ltr' id='par_1_16' title="bbox 784 1507 2445 1584">
     <span class='ocr_line' id='line_1_16' title="bbox 784 1507 2445 1584; baseline -0.007 -15"><span class='ocrx_word' id='word_1_90' title='bbox 784 1513 1020 1584; x_wconf 87' lang='lat' dir='ltr'>corpori</span> <span class='ocrx_word' id='word_1_91' title='bbox 1047 1512 1288 1567; x_wconf 91' lang='lat' dir='ltr'>uniatur</span> <span class='ocrx_word' id='word_1_92' title='bbox 1314 1511 1341 1566; x_wconf 80' lang='lat' dir='ltr'>‘I</span> <span class='ocrx_word' id='word_1_93' title='bbox 1373 1513 1435 1565; x_wconf 80' lang='lat' dir='ltr'>Et</span> <span class='ocrx_word' id='word_1_94' title='bbox 1461 1510 1610 1582; x_wconf 87' lang='lat' dir='ltr'>quid</span> <span class='ocrx_word' id='word_1_95' title='bbox 1654 1510 1769 1565; x_wconf 90' lang='lat' dir='ltr'>hoc</span> <span class='ocrx_word' id='word_1_96' title='bbox 1826 1507 1991 1564; x_wconf 86' lang='lat' dir='ltr'>aliud</span> <span class='ocrx_word' id='word_1_97' title='bbox 2039 1513 2193 1563; x_wconf 87' lang='lat' dir='ltr'>esset</span> <span class='ocrx_word' id='word_1_98' title='bbox 2233 1508 2445 1576; x_wconf 79' lang='lat' dir='ltr'>praeter</span> 
     </span>
    </p>
   </div>
   <div class='ocr_carea' id='block_1_17' title="bbox 785 1593 2445 1674">
    <p class='ocr_par' dir='ltr' id='par_1_17' title="bbox 785 1593 2445 1674">
     <span class='ocr_line' id='line_1_17' title="bbox 785 1593 2445 1674; baseline -0.007 -16"><span class='ocrx_word' id='word_1_99' title='bbox 785 1602 1229 1674; x_wconf 84' lang='lat' dir='ltr'>cogitationem,</span> <span class='ocrx_word' id='word_1_100' title='bbox 1263 1606 1319 1656; x_wconf 91' lang='lat' dir='ltr'>et</span> <span class='ocrx_word' id='word_1_101' title='bbox 1347 1600 1506 1655; x_wconf 91' lang='lat' dir='ltr'>unde</span> <span class='ocrx_word' id='word_1_102' title='bbox 1561 1597 2012 1671; x_wconf 82' lang='lat' dir='ltr'>superveniens,</span> <span class='ocrx_word' id='word_1_103' title='bbox 2053 1611 2188 1652; x_wconf 89' lang='lat' dir='ltr'>cum</span> <span class='ocrx_word' id='word_1_104' title='bbox 2238 1593 2445 1649; x_wconf 88' lang='lat' dir='ltr'>anima</span> 
     </span>
    </p>
   </div>
   <div class='ocr_carea' id='block_1_18' title="bbox 785 1684 2446 1765">
    <p class='ocr_par' dir='ltr' id='par_1_18' title="bbox 785 1684 2446 1765">
     <span class='ocr_line' id='line_1_18' title="bbox 785 1684 2446 1765; baseline -0.008 -17"><span class='ocrx_word' id='word_1_105' title='bbox 785 1691 1046 1765; x_wconf 84' lang='lat' dir='ltr'>perfecta</span> <span class='ocrx_word' id='word_1_106' title='bbox 1071 1690 1141 1746; x_wconf 82' lang='lat' dir='ltr'>sit</span> <span class='ocrx_word' id='word_1_107' title='bbox 1171 1694 1227 1744; x_wconf 91' lang='lat' dir='ltr'>et</span> <span class='ocrx_word' id='word_1_108' title='bbox 1254 1688 1529 1762; x_wconf 72' lang='lat' dir='ltr'>perfecta:</span> <span class='ocrx_word' id='word_1_109' title='bbox 1559 1687 1675 1743; x_wconf 90' lang='lat' dir='ltr'>sint</span> <span class='ocrx_word' id='word_1_110' title='bbox 1717 1687 1846 1758; x_wconf 91' lang='lat' dir='ltr'>ejus</span> <span class='ocrx_word' id='word_1_111' title='bbox 1885 1684 2194 1741; x_wconf 84' lang='lat' dir='ltr'>facultates</span> <span class='ocrx_word' id='word_1_112' title='bbox 2225 1687 2281 1736; x_wconf 90' lang='lat' dir='ltr'>et</span> <span class='ocrx_word' id='word_1_113' title='bbox 2319 1694 2446 1736; x_wconf 91' lang='lat' dir='ltr'>mo-</span> 
     </span>
    </p>
   </div>
   <div class='ocr_carea' id='block_1_19' title="bbox 785 1769 2445 1849">
    <p class='ocr_par' dir='ltr' id='par_1_19' title="bbox 785 1769 2445 1849">
     <span class='ocr_line' id='line_1_19' title="bbox 785 1769 2445 1849; baseline -0.008 -14"><span class='ocrx_word' id='word_1_114' title='bbox 785 1785 878 1835; x_wconf 89' lang='lat' dir='ltr'>tus</span> <span class='ocrx_word' id='word_1_115' title='bbox 901 1781 929 1836; x_wconf 87' lang='lat'>?</span> <span class='ocrx_word' id='word_1_116' title='bbox 959 1777 1073 1834; x_wconf 89' lang='lat' dir='ltr'>Sed</span> <span class='ocrx_word' id='word_1_117' title='bbox 1097 1776 1245 1832; x_wconf 85' lang='lat' dir='ltr'>nihil</span> <span class='ocrx_word' id='word_1_118' title='bbox 1274 1777 1491 1849; x_wconf 88' lang='lat' dir='ltr'>poteris</span> <span class='ocrx_word' id='word_1_119' title='bbox 1521 1776 1717 1832; x_wconf 88' lang='lat' dir='ltr'>dicere</span> <span class='ocrx_word' id='word_1_120' title='bbox 1744 1789 1938 1847; x_wconf 88' lang='lat' dir='ltr'>neque</span> <span class='ocrx_word' id='word_1_121' title='bbox 1977 1771 2312 1845; x_wconf 87' lang='lat' dir='ltr'>quidquam</span> <span class='ocrx_word' id='word_1_122' title='bbox 2342 1769 2445 1824; x_wconf 89' lang='lat' dir='ltr'>de-</span> 
     </span>
    </p>
   </div>
   <div class='ocr_carea' id='block_1_20' title="bbox 785 1861 2536 1944">
    <p class='ocr_par' dir='ltr' id='par_1_20' title="bbox 785 1861 2518 1944">
     <span class='ocr_line' id='line_1_20' title="bbox 785 1861 2518 1944; baseline -0.009 -18"><span class='ocrx_word' id='word_1_123' title='bbox 785 1868 1220 1926; x_wconf 89' lang='lat' dir='ltr'>monstrare.Si</span> <span class='ocrx_word' id='word_1_124' title='bbox 1259 1867 1419 1923; x_wconf 92' lang='lat' dir='ltr'>enim</span> <span class='ocrx_word' id='word_1_125' title='bbox 1459 1865 1737 1937; x_wconf 80' lang='lat' dir='ltr'>cogitatio</span> <span class='ocrx_word' id='word_1_126' title='bbox 1787 1864 2039 1920; x_wconf 85' lang='lat' dir='ltr'>facultas</span> <span class='ocrx_word' id='word_1_127' title='bbox 2080 1861 2296 1917; x_wconf 63' lang='lat' dir='ltr'>animae</span> <span class='ocrx_word' id='word_1_128' title='bbox 2336 1861 2439 1928; x_wconf 88' lang='lat' dir='ltr'>est,</span> <span class='ocrx_word' id='word_1_129' title='bbox 2475 1888 2518 1944; x_wconf 72' lang='grc' dir='ltr'>Β</span> 
     </span>
    </p>
   </div>
   <div class='ocr_carea' id='block_1_21' title="bbox 2180 1861 3931 1944">
    <p class='ocr_par' dir='ltr' id='par_1_21' title="bbox 2183 1861 3931 1944">
     <span class='ocr_line' id='line_1_21' title="bbox 2183 1861 3931 1944; baseline 0.001 -27"><span class='ocrx_word' id='word_1_130' title='bbox 2183 1877 2296 1915; x_wconf 75' lang='grc' dir='ltr'><strong>ωδε</strong></span> <span class='ocrx_word' id='word_1_131' title='bbox 2336 1861 2439 1928; x_wconf 68' lang='lat' dir='ltr'>eSt,</span> <span class='ocrx_word' id='word_1_132' title='bbox 2475 1888 2518 1944; x_wconf 73' lang='grc' dir='ltr'>Β</span> <span class='ocrx_word' id='word_1_133' title='bbox 2555 1869 2693 1938; x_wconf 81' lang='grc' dir='ltr'><strong>εἴπερ</strong></span> <span class='ocrx_word' id='word_1_134' title='bbox 2763 1872 2960 1938; x_wconf 78' lang='grc' dir='ltr'>νοοῖμεν</span> <span class='ocrx_word' id='word_1_135' title='bbox 3038 1867 3105 1936; x_wconf 85' lang='grc'>¹⁸,</span> <span class='ocrx_word' id='word_1_136' title='bbox 3185 1866 3349 1939; x_wconf 80' lang='grc' dir='ltr'><em>ὀρθῶς</em></span> <span class='ocrx_word' id='word_1_137' title='bbox 3413 1866 3474 1917; x_wconf 83' lang='grc' dir='ltr'><strong>ἂν</strong></span> <span class='ocrx_word' id='word_1_138' title='bbox 3541 1868 3764 1939; x_wconf 79' lang='grc' dir='ltr'>νοοῖμεν.</span> <span class='ocrx_word' id='word_1_139' title='bbox 3868 1869 3931 1922; x_wconf 90' lang='grc' dir='ltr'><strong>Τί</strong></span> 
     </span>
    </p>
   </div>
   <div class='ocr_carea' id='block_1_22' title="bbox 786 1951 2440 2028">
    <p class='ocr_par' dir='ltr' id='par_1_22' title="bbox 786 1951 2440 2028">
     <span class='ocr_line' id='line_1_22' title="bbox 786 1951 2440 2028; baseline -0.008 -14"><span class='ocrx_word' id='word_1_140' title='bbox 786 1973 999 2014; x_wconf 88' lang='lat' dir='ltr'>omnes</span> <span class='ocrx_word' id='word_1_141' title='bbox 1040 1965 1240 2014; x_wconf 89' lang='lat' dir='ltr'>autem</span> <span class='ocrx_word' id='word_1_142' title='bbox 1281 1956 1519 2026; x_wconf 75' lang='lat' dir='ltr'>animae,</span> <span class='ocrx_word' id='word_1_143' title='bbox 1562 1971 1698 2028; x_wconf 80' lang='lat' dir='ltr'>quae</span> <span class='ocrx_word' id='word_1_144' title='bbox 1750 1968 1990 2025; x_wconf 89' lang='lat' dir='ltr'>semper</span> <span class='ocrx_word' id='word_1_145' title='bbox 2027 1952 2086 2007; x_wconf 91' lang='lat' dir='ltr'>in</span> <span class='ocrx_word' id='word_1_146' title='bbox 2127 1953 2296 2005; x_wconf 90' lang='lat' dir='ltr'>motu</span> <span class='ocrx_word' id='word_1_147' title='bbox 2335 1951 2440 2012; x_wconf 87' lang='lat' dir='ltr'>est,</span> 
     </span>
    </p>
   </div>
   <div class='ocr_carea' id='block_1_23' title="bbox 786 2035 2445 2114">
    <p class='ocr_par' dir='ltr' id='par_1_23' title="bbox 786 2035 2445 2114">
     <span class='ocr_line' id='line_1_23' title="bbox 786 2035 2445 2114; baseline -0.008 -11"><span class='ocrx_word' id='word_1_148' title='bbox 786 2046 1097 2103; x_wconf 86' lang='lat' dir='ltr'>facultates</span> <span class='ocrx_word' id='word_1_149' title='bbox 1129 2045 1495 2100; x_wconf 87' lang='lat' dir='ltr'>immortales</span> <span class='ocrx_word' id='word_1_150' title='bbox 1528 2048 1690 2114; x_wconf 87' lang='lat' dir='ltr'>sunt,</span> <span class='ocrx_word' id='word_1_151' title='bbox 1724 2043 1972 2098; x_wconf 76' lang='lat' dir='ltr'>scientia</span> <span class='ocrx_word' id='word_1_152' title='bbox 2001 2056 2135 2113; x_wconf 72' lang='lat' dir='ltr'>quae</span> <span class='ocrx_word' id='word_1_153' title='bbox 2166 2042 2259 2094; x_wconf 90' lang='lat' dir='ltr'>est</span> <span class='ocrx_word' id='word_1_154' title='bbox 2289 2035 2445 2107; x_wconf 87' lang='lat' dir='ltr'>cogi-</span> 
     </span>
    </p>
   </div>
   <div class='ocr_carea' id='block_1_24' title="bbox 789 2133 2446 2207">
    <p class='ocr_par' dir='ltr' id='par_1_24' title="bbox 789 2133 2446 2207">
     <span class='ocr_line' id='line_1_24' title="bbox 789 2133 2446 2207; baseline -0.008 -15"><span class='ocrx_word' id='word_1_155' title='bbox 789 2137 953 2204; x_wconf 91' lang='lat' dir='ltr'>tatio,</span> <span class='ocrx_word' id='word_1_156' title='bbox 989 2139 1044 2191; x_wconf 89' lang='lat' dir='ltr'>et.</span> <span class='ocrx_word' id='word_1_157' title='bbox 1072 2136 1209 2207; x_wconf 90' lang='lat' dir='ltr'>ipsa</span> <span class='ocrx_word' id='word_1_158' title='bbox 1240 2134 1459 2190; x_wconf 78' lang='lat' dir='ltr'>animae</span> <span class='ocrx_word' id='word_1_159' title='bbox 1490 2133 1744 2189; x_wconf 84' lang='lat' dir='ltr'>facultas</span> <span class='ocrx_word' id='word_1_160' title='bbox 1777 2133 1887 2188; x_wconf 90' lang='lat' dir='ltr'>erit</span> <span class='ocrx_word' id='word_1_161' title='bbox 1918 2148 1930 2186; x_wconf 90' lang='lat'><strong>:</strong></span> <span class='ocrx_word' id='word_1_162' title='bbox 1959 2146 2082 2186; x_wconf 91' lang='lat' dir='ltr'>non</span> <span class='ocrx_word' id='word_1_163' title='bbox 2121 2141 2446 2201; x_wconf 84' lang='lat' dir='ltr'>possumus</span> 
     </span>
    </p>
   </div>
   <div class='ocr_carea' id='block_1_25' title="bbox 791 2215 2449 2297">
    <p class='ocr_par' dir='ltr' id='par_1_25' title="bbox 791 2215 2449 2297">
     <span class='ocr_line' id='line_1_25' title="bbox 791 2215 2449 2297; baseline -0.008 -15"><span class='ocrx_word' id='word_1_164' title='bbox 791 2242 934 2282; x_wconf 92' lang='lat' dir='ltr'>vero</span> <span class='ocrx_word' id='word_1_165' title='bbox 966 2239 1215 2297; x_wconf 89' lang='lat' dir='ltr'>prorsus</span> <span class='ocrx_word' id='word_1_166' title='bbox 1242 2239 1376 2279; x_wconf 86' lang='lat' dir='ltr'>eam</span> <span class='ocrx_word' id='word_1_167' title='bbox 1409 2222 1648 2279; x_wconf 86' lang='lat' dir='ltr'>credere</span> <span class='ocrx_word' id='word_1_168' title='bbox 1677 2221 1979 2278; x_wconf 88' lang='lat' dir='ltr'>oblivione</span> <span class='ocrx_word' id='word_1_169' title='bbox 2008 2215 2449 2288; x_wconf 90' lang='lat' dir='ltr'>corrumpi,ne-</span> 
     </span>
    </p>
   </div>
   <div class='ocr_carea' id='block_1_26' title="bbox 794 2303 2449 2388">
    <p class='ocr_par' dir='ltr' id='par_1_26' title="bbox 794 2303 2449 2388">
     <span class='ocr_line' id='line_1_26' title="bbox 794 2303 2449 2388; baseline -0.008 -17"><span class='ocrx_word' id='word_1_170' title='bbox 794 2330 912 2388; x_wconf 88' lang='lat' dir='ltr'>que</span> <span class='ocrx_word' id='word_1_171' title='bbox 943 2329 1184 2369; x_wconf 90' lang='lat' dir='ltr'>rursum</span> <span class='ocrx_word' id='word_1_172' title='bbox 1215 2318 1559 2385; x_wconf 87' lang='lat' dir='ltr'>corruptam</span> <span class='ocrx_word' id='word_1_173' title='bbox 1584 2316 1639 2367; x_wconf 91' lang='lat' dir='ltr'>et</span> <span class='ocrx_word' id='word_1_174' title='bbox 1676 2316 2014 2367; x_wconf 85' lang='lat' dir='ltr'>emortuam</span> <span class='ocrx_word' id='word_1_175' title='bbox 2038 2309 2240 2364; x_wconf 87' lang='lat' dir='ltr'>denuo</span> <span class='ocrx_word' id='word_1_176' title='bbox 2271 2303 2449 2378; x_wconf 89' lang='lat' dir='ltr'>quasi</span> 
     </span>
    </p>
   </div>
   <div class='ocr_carea' id='block_1_27' title="bbox 791 2392 2448 2474">
    <p class='ocr_par' dir='ltr' id='par_1_27' title="bbox 791 2392 2448 2474">
     <span class='ocr_line' id='line_1_27' title="bbox 791 2392 2448 2474; baseline -0.008 -14"><span class='ocrx_word' id='word_1_177' title='bbox 791 2402 1170 2460; x_wconf 89' lang='lat' dir='ltr'>reviviscere.</span> <span class='ocrx_word' id='word_1_178' title='bbox 1191 2401 1417 2457; x_wconf 82' lang='lat' dir='ltr'>Etenim</span> <span class='ocrx_word' id='word_1_179' title='bbox 1439 2416 1634 2474; x_wconf 88' lang='lat' dir='ltr'>neque</span> <span class='ocrx_word' id='word_1_180' title='bbox 1657 2401 1861 2456; x_wconf 90' lang='lat' dir='ltr'>anima</span> <span class='ocrx_word' id='word_1_181' title='bbox 1885 2398 1944 2454; x_wconf 91' lang='lat' dir='ltr'>in</span> <span class='ocrx_word' id='word_1_182' title='bbox 1968 2396 2095 2453; x_wconf 91' lang='lat' dir='ltr'>aliis</span> <span class='ocrx_word' id='word_1_183' title='bbox 2117 2392 2448 2465; x_wconf 89' lang='lat' dir='ltr'>curruptio-</span> 
     </span>
    </p>
   </div>
   <div class='ocr_carea' id='block_1_28' title="bbox 787 2482 2447 2565">
    <p class='ocr_par' dir='ltr' id='par_1_28' title="bbox 787 2482 2447 2565">
     <span class='ocr_line' id='line_1_28' title="bbox 787 2482 2447 2565; baseline -0.008 -16"><span class='ocrx_word' id='word_1_184' title='bbox 787 2509 925 2549; x_wconf 87' lang='lat' dir='ltr'>nem</span> <span class='ocrx_word' id='word_1_185' title='bbox 953 2509 1136 2565; x_wconf 90' lang='lat' dir='ltr'>passa</span> <span class='ocrx_word' id='word_1_186' title='bbox 1165 2497 1254 2547; x_wconf 88' lang='lat' dir='ltr'>est</span> <span class='ocrx_word' id='word_1_187' title='bbox 1289 2506 1487 2563; x_wconf 90' lang='lat' dir='ltr'>neque</span> <span class='ocrx_word' id='word_1_188' title='bbox 1518 2506 1790 2562; x_wconf 89' lang='lat' dir='ltr'>unquam</span> <span class='ocrx_word' id='word_1_189' title='bbox 1829 2489 2106 2561; x_wconf 89' lang='lat' dir='ltr'>patietur.</span> <span class='ocrx_word' id='word_1_190' title='bbox 2133 2488 2213 2541; x_wconf 85' lang='lat' dir='ltr'>Ex</span> <span class='ocrx_word' id='word_1_191' title='bbox 2240 2485 2310 2540; x_wconf 90' lang='lat' dir='ltr'>iis</span> <span class='ocrx_word' id='word_1_192' title='bbox 2344 2482 2447 2552; x_wconf 89' lang='lat' dir='ltr'>igi-</span> 
     </span>
    </p>
   </div>
   <div class='ocr_carea' id='block_1_29' title="bbox 787 2574 2448 2654">
    <p class='ocr_par' dir='ltr' id='par_1_29' title="bbox 787 2574 2448 2654">
     <span class='ocr_line' id='line_1_29' title="bbox 787 2574 2448 2654; baseline -0.007 -16"><span class='ocrx_word' id='word_1_193' title='bbox 787 2587 883 2638; x_wconf 88' lang='lat' dir='ltr'>tur</span> <span class='ocrx_word' id='word_1_194' title='bbox 910 2598 1045 2654; x_wconf 66' lang='lat' dir='ltr'>quae</span> <span class='ocrx_word' id='word_1_195' title='bbox 1085 2585 1148 2636; x_wconf 86' lang='lat' dir='ltr'>tu</span> <span class='ocrx_word' id='word_1_196' title='bbox 1179 2579 1496 2652; x_wconf 89' lang='lat' dir='ltr'>supponis,</span> <span class='ocrx_word' id='word_1_197' title='bbox 1539 2585 1596 2635; x_wconf 88' lang='lat' dir='ltr'>et</span> <span class='ocrx_word' id='word_1_198' title='bbox 1630 2579 1693 2635; x_wconf 91' lang='lat' dir='ltr'>id</span> <span class='ocrx_word' id='word_1_199' title='bbox 1726 2577 2067 2635; x_wconf 89' lang='lat' dir='ltr'>necessario</span> <span class='ocrx_word' id='word_1_200' title='bbox 2107 2574 2343 2641; x_wconf 90' lang='lat' dir='ltr'>accidit,</span> <span class='ocrx_word' id='word_1_201' title='bbox 2376 2588 2448 2627; x_wconf 85' lang='lat' dir='ltr'>ex</span> 
     </span>
    </p>
   </div>
   <div class='ocr_carea' id='block_1_30' title="bbox 789 2662 2447 2743">
    <p class='ocr_par' dir='ltr' id='par_1_30' title="bbox 789 2662 2447 2743">
     <span class='ocr_line' id='line_1_30' title="bbox 789 2662 2447 2743; baseline -0.007 -16"><span class='ocrx_word' id='word_1_202' title='bbox 789 2687 930 2743; x_wconf 66' lang='lat' dir='ltr'>quae</span> <span class='ocrx_word' id='word_1_203' title='bbox 969 2671 1150 2742; x_wconf 90' lang='lat' dir='ltr'>hujus</span> <span class='ocrx_word' id='word_1_204' title='bbox 1193 2669 1448 2726; x_wconf 85' lang='lat' dir='ltr'>facultas</span> <span class='ocrx_word' id='word_1_205' title='bbox 1488 2667 1843 2736; x_wconf 81' lang='lat' dir='ltr'>siteﬂluere,</span> <span class='ocrx_word' id='word_1_206' title='bbox 1890 2682 2085 2740; x_wconf 90' lang='lat' dir='ltr'>neque</span> <span class='ocrx_word' id='word_1_207' title='bbox 2135 2662 2447 2720; x_wconf 89' lang='lat' dir='ltr'>scientiam</span> 
     </span>
    </p>
   </div>
   <div class='ocr_carea' id='block_1_31' title="bbox 789 2754 2449 2830">
    <p class='ocr_par' dir='ltr' id='par_1_31' title="bbox 789 2754 2449 2830">
     <span class='ocr_line' id='line_1_31' title="bbox 789 2754 2449 2830; baseline -0.007 -13"><span class='ocrx_word' id='word_1_208' title='bbox 789 2765 1042 2817; x_wconf 88' lang='lat' dir='ltr'>stratum</span> <span class='ocrx_word' id='word_1_209' title='bbox 1074 2759 1200 2824; x_wconf 89' lang='lat' dir='ltr'>erit,</span> <span class='ocrx_word' id='word_1_210' title='bbox 1243 2773 1462 2830; x_wconf 89' lang='lat' dir='ltr'>nempe</span> <span class='ocrx_word' id='word_1_211' title='bbox 1501 2759 1729 2814; x_wconf 90' lang='lat' dir='ltr'>nullam</span> <span class='ocrx_word' id='word_1_212' title='bbox 1771 2757 1984 2813; x_wconf 70' lang='lat' dir='ltr'>animae</span> <span class='ocrx_word' id='word_1_213' title='bbox 2023 2754 2449 2826; x_wconf 83' lang='lat' dir='ltr'>cogitationem</span> 
     </span>
    </p>
   </div>
   <div class='ocr_carea' id='block_1_32' title="bbox 787 2842 2449 2922">
    <p class='ocr_par' dir='ltr' id='par_1_32' title="bbox 787 2842 2449 2922">
     <span class='ocr_line' id='line_1_32' title="bbox 787 2842 2449 2922; baseline -0.007 -16"><span class='ocrx_word' id='word_1_214' title='bbox 787 2867 924 2922; x_wconf 68' lang='lat' dir='ltr'>quae</span> <span class='ocrx_word' id='word_1_215' title='bbox 964 2849 1144 2919; x_wconf 77' lang='lat' dir='ltr'>hujus</span> <span class='ocrx_word' id='word_1_216' title='bbox 1182 2848 1437 2904; x_wconf 85' lang='lat' dir='ltr'>facultas</span> <span class='ocrx_word' id='word_1_217' title='bbox 1479 2848 1552 2904; x_wconf 87' lang='lat' dir='ltr'>sit</span> <span class='ocrx_word' id='word_1_218' title='bbox 1589 2847 1850 2910; x_wconf 79' lang='lat' dir='ltr'>efﬂuere,</span> <span class='ocrx_word' id='word_1_219' title='bbox 1892 2861 2087 2917; x_wconf 90' lang='lat' dir='ltr'>neque</span> <span class='ocrx_word' id='word_1_220' title='bbox 2141 2842 2449 2898; x_wconf 92' lang='lat' dir='ltr'>scientiam</span> 
     </span>
    </p>
   </div>
   <div class='ocr_carea' id='block_1_33' title="bbox 787 2932 2452 3012">
    <p class='ocr_par' dir='ltr' id='par_1_33' title="bbox 787 2932 2452 3012">
     <span class='ocr_line' id='line_1_33' title="bbox 787 2932 2452 3012; baseline -0.005 -17"><span class='ocrx_word' id='word_1_221' title='bbox 787 2940 984 3012; x_wconf 88' lang='lat' dir='ltr'>ipsam</span> <span class='ocrx_word' id='word_1_222' title='bbox 1007 2937 1247 2993; x_wconf 79' lang='lat' dir='ltr'>efﬂuere</span> <span class='ocrx_word' id='word_1_223' title='bbox 1274 2943 1330 2992; x_wconf 73' lang='lat' dir='ltr'>et</span> <span class='ocrx_word' id='word_1_224' title='bbox 1357 2937 1683 3010; x_wconf 90' lang='lat' dir='ltr'>corrumpi.</span> <span class='ocrx_word' id='word_1_225' title='bbox 1724 2935 1839 2993; x_wconf 92' lang='lat' dir='ltr'>Sed</span> <span class='ocrx_word' id='word_1_226' title='bbox 1869 2951 2061 3006; x_wconf 90' lang='lat' dir='ltr'>neque</span> <span class='ocrx_word' id='word_1_227' title='bbox 2095 2932 2274 2988; x_wconf 93' lang='lat' dir='ltr'>modo</span> <span class='ocrx_word' id='word_1_228' title='bbox 2300 2932 2452 2986; x_wconf 89' lang='lat' dir='ltr'>inest</span> 
     </span>
    </p>
   </div>
   <div class='ocr_carea' id='block_1_34' title="bbox 786 3018 2448 3096">
    <p class='ocr_par' dir='ltr' id='par_1_34' title="bbox 786 3018 2448 3096">
     <span class='ocr_line' id='line_1_34' title="bbox 786 3018 2448 3096; baseline -0.006 -13"><span class='ocrx_word' id='word_1_229' title='bbox 786 3028 1028 3094; x_wconf 65' lang='lat' dir='ltr'>animae,</span> <span class='ocrx_word' id='word_1_230' title='bbox 1068 3025 1252 3082; x_wconf 88' lang='lat' dir='ltr'>modo</span> <span class='ocrx_word' id='word_1_231' title='bbox 1292 3041 1414 3081; x_wconf 89' lang='lat' dir='ltr'>non</span> <span class='ocrx_word' id='word_1_232' title='bbox 1453 3026 1605 3081; x_wconf 83' lang='lat' dir='ltr'>inest</span> <span class='ocrx_word' id='word_1_233' title='bbox 1646 3043 1658 3081; x_wconf 91' lang='lat'>:</span> <span class='ocrx_word' id='word_1_234' title='bbox 1721 3023 1932 3096; x_wconf 85' lang='lat' dir='ltr'>reliqui</span> <span class='ocrx_word' id='word_1_235' title='bbox 1972 3022 2132 3077; x_wconf 88' lang='lat' dir='ltr'>enim</span> <span class='ocrx_word' id='word_1_236' title='bbox 2171 3018 2448 3076; x_wconf 88' lang='lat' dir='ltr'>animalis</span> 
     </span>
    </p>
   </div>
   <div class='ocr_carea' id='block_1_35' title="bbox 785 3109 2446 3188">
    <p class='ocr_par' dir='ltr' id='par_1_35' title="bbox 785 3109 2446 3188">
     <span class='ocr_line' id='line_1_35' title="bbox 785 3109 2446 3188; baseline -0.005 -17"><span class='ocrx_word' id='word_1_237' title='bbox 785 3115 1098 3188; x_wconf 88' lang='lat' dir='ltr'>proprium</span> <span class='ocrx_word' id='word_1_238' title='bbox 1111 3119 1405 3186; x_wconf 80' lang='lat' dir='ltr'>estcapax</span> <span class='ocrx_word' id='word_1_239' title='bbox 1422 3112 1842 3178; x_wconf 65' lang='lat' dir='ltr'>scientiazﬁeri,</span> <span class='ocrx_word' id='word_1_240' title='bbox 1872 3110 2076 3167; x_wconf 90' lang='lat' dir='ltr'>anima</span> <span class='ocrx_word' id='word_1_241' title='bbox 2093 3109 2446 3164; x_wconf 88' lang='lat' dir='ltr'>immittente</span> 
     </span>
    </p>
   </div>
   <div class='ocr_carea' id='block_1_36' title="bbox 786 3199 2444 3274">
    <p class='ocr_par' dir='ltr' id='par_1_36' title="bbox 786 3199 2444 3274">
     <span class='ocr_line' id='line_1_36' title="bbox 786 3199 2444 3274; baseline -0.005 -15"><span class='ocrx_word' id='word_1_242' title='bbox 786 3221 856 3260; x_wconf 87' lang='lat' dir='ltr'>ac</span> <span class='ocrx_word' id='word_1_243' title='bbox 881 3205 1166 3268; x_wconf 89' lang='lat' dir='ltr'>donante,</span> <span class='ocrx_word' id='word_1_244' title='bbox 1198 3218 1562 3274; x_wconf 90' lang='lat' dir='ltr'>rursumque</span> <span class='ocrx_word' id='word_1_245' title='bbox 1597 3200 1910 3257; x_wconf 88' lang='lat' dir='ltr'>scientiam</span> <span class='ocrx_word' id='word_1_246' title='bbox 1941 3199 2209 3254; x_wconf 91' lang='lat' dir='ltr'>amittere</span> <span class='ocrx_word' id='word_1_247' title='bbox 2241 3202 2444 3252; x_wconf 89' lang='lat' dir='ltr'>etrur—</span> 
     </span>
    </p>
   </div>
   <div class='ocr_carea' id='block_1_37' title="bbox 786 3284 2446 3364">
    <p class='ocr_par' dir='ltr' id='par_1_37' title="bbox 786 3284 2446 3364">
     <span class='ocr_line' id='line_1_37' title="bbox 786 3284 2446 3364; baseline -0.005 -15"><span class='ocrx_word' id='word_1_248' title='bbox 786 3309 923 3349; x_wconf 88' lang='lat' dir='ltr'>sum</span> <span class='ocrx_word' id='word_1_249' title='bbox 953 3291 1214 3364; x_wconf 87' lang='lat' dir='ltr'>recipere</span> <span class='ocrx_word' id='word_1_250' title='bbox 1253 3307 1323 3346; x_wconf 91' lang='lat' dir='ltr'>ac</span> <span class='ocrx_word' id='word_1_251' title='bbox 1351 3307 1593 3346; x_wconf 89' lang='lat' dir='ltr'>rursum</span> <span class='ocrx_word' id='word_1_252' title='bbox 1623 3289 1858 3362; x_wconf 90' lang='lat' dir='ltr'>absque</span> <span class='ocrx_word' id='word_1_253' title='bbox 1889 3305 1962 3345; x_wconf 87' lang='lat' dir='ltr'>ea</span> <span class='ocrx_word' id='word_1_254' title='bbox 2001 3302 2267 3353; x_wconf 89' lang='lat' dir='ltr'>manere,</span> <span class='ocrx_word' id='word_1_255' title='bbox 2300 3290 2356 3342; x_wconf 90' lang='lat' dir='ltr'>et</span> <span class='ocrx_word' id='word_1_256' title='bbox 2383 3284 2446 3340; x_wconf 89' lang='lat' dir='ltr'>id</span> 
     </span>
    </p>
   </div>
   <div class='ocr_carea' id='block_1_38' title="bbox 787 3373 2446 3454">
    <p class='ocr_par' dir='ltr' id='par_1_38' title="bbox 787 3373 2446 3454">
     <span class='ocr_line' id='line_1_38' title="bbox 787 3373 2446 3454; baseline -0.007 -16"><span class='ocrx_word' id='word_1_257' title='bbox 787 3397 1013 3454; x_wconf 66' lang='lat' dir='ltr'>saepius</span> <span class='ocrx_word' id='word_1_258' title='bbox 1039 3397 1052 3447; x_wconf 92' lang='lat'><strong>;</strong></span> <span class='ocrx_word' id='word_1_259' title='bbox 1078 3379 1243 3452; x_wconf 91' lang='lat' dir='ltr'>quod</span> <span class='ocrx_word' id='word_1_260' title='bbox 1275 3381 1394 3452; x_wconf 87' lang='lat' dir='ltr'>pati</span> <span class='ocrx_word' id='word_1_261' title='bbox 1422 3386 1477 3436; x_wconf 90' lang='lat' dir='ltr'>et</span> <span class='ocrx_word' id='word_1_262' title='bbox 1503 3396 1728 3452; x_wconf 81' lang='lat' dir='ltr'>aquam</span> <span class='ocrx_word' id='word_1_263' title='bbox 1750 3378 2051 3447; x_wconf 89' lang='lat' dir='ltr'>videmus,</span> <span class='ocrx_word' id='word_1_264' title='bbox 2072 3392 2207 3448; x_wconf 77' lang='lat' dir='ltr'>quae</span> <span class='ocrx_word' id='word_1_265' title='bbox 2230 3373 2446 3443; x_wconf 88' lang='lat' dir='ltr'>frigida</span> 
     </span>
    </p>
   </div>
   <div class='ocr_carea' id='block_1_39' title="bbox 785 3462 2447 3542">
    <p class='ocr_par' dir='ltr' id='par_1_39' title="bbox 785 3462 2447 3542">
     <span class='ocr_line' id='line_1_39' title="bbox 785 3462 2447 3542; baseline -0.005 -16"><span class='ocrx_word' id='word_1_266' title='bbox 785 3475 891 3542; x_wconf 88' lang='lat' dir='ltr'>est,</span> <span class='ocrx_word' id='word_1_267' title='bbox 934 3469 1151 3526; x_wconf 86' lang='lat' dir='ltr'>deinde</span> <span class='ocrx_word' id='word_1_268' title='bbox 1191 3469 1499 3536; x_wconf 87' lang='lat' dir='ltr'>calefacta,</span> <span class='ocrx_word' id='word_1_269' title='bbox 1531 3484 1771 3524; x_wconf 90' lang='lat' dir='ltr'>rursum</span> <span class='ocrx_word' id='word_1_270' title='bbox 1805 3467 1969 3540; x_wconf 89' lang='lat' dir='ltr'>quod</span> <span class='ocrx_word' id='word_1_271' title='bbox 2025 3470 2170 3529; x_wconf 89' lang='lat' dir='ltr'>erat,</span> <span class='ocrx_word' id='word_1_272' title='bbox 2229 3462 2447 3534; x_wconf 88' lang='lat' dir='ltr'>frigida</span> 
     </span>
    </p>
   </div>
   <div class='ocr_carea' id='block_1_40' title="bbox 781 3551 2447 3628">
    <p class='ocr_par' dir='ltr' id='par_1_40' title="bbox 781 3551 2447 3628">
     <span class='ocr_line' id='line_1_40' title="bbox 781 3551 2447 3628; baseline -0.006 -13"><span class='ocrx_word' id='word_1_273' title='bbox 781 3559 851 3615; x_wconf 89' lang='lat' dir='ltr'>ﬁt</span> <span class='ocrx_word' id='word_1_274' title='bbox 881 3573 894 3624; x_wconf 94' lang='lat'>;</span> <span class='ocrx_word' id='word_1_275' title='bbox 927 3557 1132 3614; x_wconf 88' lang='lat' dir='ltr'>anima</span> <span class='ocrx_word' id='word_1_276' title='bbox 1160 3572 1298 3612; x_wconf 90' lang='lat' dir='ltr'>vero</span> <span class='ocrx_word' id='word_1_277' title='bbox 1319 3555 1524 3628; x_wconf 90' lang='lat' dir='ltr'>quoad</span> <span class='ocrx_word' id='word_1_278' title='bbox 1565 3557 1873 3612; x_wconf 87' lang='lat' dir='ltr'>scientiam</span> <span class='ocrx_word' id='word_1_279' title='bbox 1905 3570 1976 3610; x_wconf 90' lang='lat' dir='ltr'>ac</span> <span class='ocrx_word' id='word_1_280' title='bbox 2007 3560 2269 3610; x_wconf 91' lang='lat' dir='ltr'>mentem</span> <span class='ocrx_word' id='word_1_281' title='bbox 2301 3551 2447 3608; x_wconf 88' lang='lat' dir='ltr'>nihil</span> 
     </span>
    </p>
   </div>
   <div class='ocr_carea' id='block_1_41' title="bbox 783 3643 2442 3720">
    <p class='ocr_par' dir='ltr' id='par_1_41' title="bbox 783 3643 2442 3720">
     <span class='ocr_line' id='line_1_41' title="bbox 783 3643 2442 3720; baseline -0.004 -16"><span class='ocrx_word' id='word_1_282' title='bbox 783 3647 898 3704; x_wconf 90' lang='lat' dir='ltr'>tale</span> <span class='ocrx_word' id='word_1_283' title='bbox 969 3647 1213 3720; x_wconf 89' lang='lat' dir='ltr'>patitur,</span> <span class='ocrx_word' id='word_1_284' title='bbox 1271 3647 1416 3718; x_wconf 88' lang='lat' dir='ltr'>quia</span> <span class='ocrx_word' id='word_1_285' title='bbox 1460 3661 1656 3719; x_wconf 90' lang='lat' dir='ltr'>neque</span> <span class='ocrx_word' id='word_1_286' title='bbox 1703 3644 1908 3717; x_wconf 90' lang='lat' dir='ltr'>quoad</span> <span class='ocrx_word' id='word_1_287' title='bbox 1959 3647 2139 3700; x_wconf 87' lang='lat' dir='ltr'>vitam</span> <span class='ocrx_word' id='word_1_288' title='bbox 2201 3643 2442 3715; x_wconf 89' lang='lat' dir='ltr'>patitur.</span> 
     </span>
    </p>
   </div>
   <div class='ocr_carea' id='block_1_42' title="bbox 781 3734 2446 3794">
    <p class='ocr_par' dir='ltr' id='par_1_42' title="bbox 781 3734 2446 3794">
     <span class='ocr_line' id='line_1_42' title="bbox 781 3734 2446 3794; baseline -0.004 0"><span class='ocrx_word' id='word_1_289' title='bbox 781 3741 917 3794; x_wconf 67' lang='lat' dir='ltr'>Haec</span> <span class='ocrx_word' id='word_1_290' title='bbox 961 3737 1122 3793; x_wconf 88' lang='lat' dir='ltr'>enim</span> <span class='ocrx_word' id='word_1_291' title='bbox 1150 3737 1273 3792; x_wconf 89' lang='lat' dir='ltr'>duo</span> <span class='ocrx_word' id='word_1_292' title='bbox 1313 3735 1660 3792; x_wconf 88' lang='lat' dir='ltr'>essentiales</span> <span class='ocrx_word' id='word_1_293' title='bbox 1700 3735 1915 3790; x_wconf 69' lang='lat' dir='ltr'>animae</span> <span class='ocrx_word' id='word_1_294' title='bbox 1954 3734 2265 3790; x_wconf 87' lang='lat' dir='ltr'>facultates</span> <span class='ocrx_word' id='word_1_295' title='bbox 2306 3737 2446 3788; x_wconf 90' lang='lat' dir='ltr'>sunt</span> 
     </span>
    </p>
   </div>
   <div class='ocr_carea' id='block_1_43' title="bbox 782 3823 2441 3896">
    <p class='ocr_par' dir='ltr' id='par_1_43' title="bbox 782 3823 2441 3896">
     <span class='ocr_line' id='line_1_43' title="bbox 782 3823 2441 3896; baseline -0.003 -13"><span class='ocrx_word' id='word_1_296' title='bbox 782 3827 1050 3883; x_wconf 90' lang='lat' dir='ltr'>similiter</span> <span class='ocrx_word' id='word_1_297' title='bbox 1076 3841 1148 3882; x_wconf 92' lang='lat' dir='ltr'>ac</span> <span class='ocrx_word' id='word_1_298' title='bbox 1179 3825 1488 3895; x_wconf 85' lang='lat' dir='ltr'>habentes,</span> <span class='ocrx_word' id='word_1_299' title='bbox 1533 3824 1730 3880; x_wconf 87' lang='lat' dir='ltr'>vivere</span> <span class='ocrx_word' id='word_1_300' title='bbox 1774 3840 1992 3896; x_wconf 88' lang='lat' dir='ltr'>nempe</span> <span class='ocrx_word' id='word_1_301' title='bbox 2056 3827 2112 3879; x_wconf 90' lang='lat' dir='ltr'>et</span> <span class='ocrx_word' id='word_1_302' title='bbox 2159 3823 2441 3892; x_wconf 83' lang='lat' dir='ltr'>cogitare,</span> 
     </span>
    </p>
   </div>
   <div class='ocr_carea' id='block_1_44' title="bbox 781 3912 2442 3988">
    <p class='ocr_par' dir='ltr' id='par_1_44' title="bbox 781 3912 2442 3988">
     <span class='ocr_line' id='line_1_44' title="bbox 781 3912 2442 3988; baseline -0.003 -16"><span class='ocrx_word' id='word_1_303' title='bbox 781 3913 1310 3988; x_wconf 86' lang='lat' dir='ltr'>quemadmodum</span> <span class='ocrx_word' id='word_1_304' title='bbox 1334 3913 1490 3983; x_wconf 81' lang='lat' dir='ltr'>ignis</span> <span class='ocrx_word' id='word_1_305' title='bbox 1513 3913 1824 3986; x_wconf 90' lang='lat' dir='ltr'>proprium</span> <span class='ocrx_word' id='word_1_306' title='bbox 1848 3919 1937 3968; x_wconf 88' lang='lat' dir='ltr'>est</span> <span class='ocrx_word' id='word_1_307' title='bbox 1957 3928 2127 3968; x_wconf 83' lang='lat' dir='ltr'>urere</span> <span class='ocrx_word' id='word_1_308' title='bbox 2150 3918 2205 3968; x_wconf 89' lang='lat' dir='ltr'>et</span> <span class='ocrx_word' id='word_1_309' title='bbox 2224 3912 2442 3982; x_wconf 91' lang='lat' dir='ltr'>lucere,</span> 
     </span>
    </p>
   </div>
   <div class='ocr_carea' id='block_1_45' title="bbox 781 4002 2440 4076">
    <p class='ocr_par' dir='ltr' id='par_1_45' title="bbox 781 4002 2440 4076">
     <span class='ocr_line' id='line_1_45' title="bbox 781 4002 2440 4076; baseline -0.004 -14"><span class='ocrx_word' id='word_1_310' title='bbox 781 4011 840 4062; x_wconf 89' lang='lat' dir='ltr'>et</span> <span class='ocrx_word' id='word_1_311' title='bbox 878 4005 1027 4061; x_wconf 88' lang='lat' dir='ltr'>nihil</span> <span class='ocrx_word' id='word_1_312' title='bbox 1067 4005 1285 4060; x_wconf 88' lang='lat' dir='ltr'>horum</span> <span class='ocrx_word' id='word_1_313' title='bbox 1334 4004 1568 4072; x_wconf 87' lang='lat' dir='ltr'>amittit,</span> <span class='ocrx_word' id='word_1_314' title='bbox 1615 4003 1890 4076; x_wconf 90' lang='lat' dir='ltr'>quandiu</span> <span class='ocrx_word' id='word_1_315' title='bbox 1943 4002 2098 4074; x_wconf 88' lang='lat' dir='ltr'>ignis</span> <span class='ocrx_word' id='word_1_316' title='bbox 2152 4008 2440 4058; x_wconf 88' lang='lat' dir='ltr'>remanet.</span> 
     </span>
    </p>
   </div>
   <div class='ocr_carea' id='block_1_46' title="bbox 781 4089 2440 4166">
    <p class='ocr_par' dir='ltr' id='par_1_46' title="bbox 781 4089 2440 4166">
     <span class='ocr_line' id='line_1_46' title="bbox 781 4089 2440 4166; baseline -0.002 -17"><span class='ocrx_word' id='word_1_317' title='bbox 781 4097 985 4166; x_wconf 86' lang='lat' dir='ltr'>Neque</span> <span class='ocrx_word' id='word_1_318' title='bbox 1031 4092 1166 4148; x_wconf 70' lang='lat' dir='ltr'>vita:</span> <span class='ocrx_word' id='word_1_319' title='bbox 1195 4091 1379 4163; x_wconf 86' lang='lat' dir='ltr'>hujus</span> <span class='ocrx_word' id='word_1_320' title='bbox 1401 4090 1526 4148; x_wconf 89' lang='lat' dir='ltr'>ulla</span> <span class='ocrx_word' id='word_1_321' title='bbox 1554 4089 1960 4162; x_wconf 87' lang='lat' dir='ltr'>estcorruptio</span> <span class='ocrx_word' id='word_1_322' title='bbox 1990 4105 2182 4162; x_wconf 90' lang='lat' dir='ltr'>neque</span> <span class='ocrx_word' id='word_1_323' title='bbox 2205 4089 2440 4146; x_wconf 91' lang='lat' dir='ltr'>mentis.</span> 
     </span>
    </p>
   </div>
   <div class='ocr_carea' id='block_1_47' title="bbox 783 4178 2444 4253">
    <p class='ocr_par' dir='ltr' id='par_1_47' title="bbox 783 4178 2444 4253">
     <span class='ocr_line' id='line_1_47' title="bbox 783 4178 2444 4253; baseline -0.002 -16"><span class='ocrx_word' id='word_1_324' title='bbox 783 4180 1231 4253; x_wconf 86' lang='lat' dir='ltr'>Corruptionem</span> <span class='ocrx_word' id='word_1_325' title='bbox 1264 4182 1466 4236; x_wconf 90' lang='lat' dir='ltr'>autem</span> <span class='ocrx_word' id='word_1_326' title='bbox 1505 4179 1764 4235; x_wconf 73' lang='lat' dir='ltr'>scientiae</span> <span class='ocrx_word' id='word_1_327' title='bbox 1814 4183 1870 4234; x_wconf 90' lang='lat' dir='ltr'>et</span> <span class='ocrx_word' id='word_1_328' title='bbox 1920 4193 2056 4251; x_wconf 77' lang='lat' dir='ltr'>quae</span> <span class='ocrx_word' id='word_1_329' title='bbox 2109 4178 2444 4234; x_wconf 89' lang='lat' dir='ltr'>secundum</span> 
     </span>
    </p>
   </div>
   <div class='ocr_carea' id='block_1_48' title="bbox 779 4267 2443 4341">
    <p class='ocr_par' dir='ltr' id='par_1_48' title="bbox 779 4267 2443 4341">
     <span class='ocr_line' id='line_1_48' title="bbox 779 4267 2443 4341; baseline -0.001 -15"><span class='ocrx_word' id='word_1_330' title='bbox 779 4286 918 4328; x_wconf 87' lang='lat' dir='ltr'>eam</span> <span class='ocrx_word' id='word_1_331' title='bbox 957 4277 1047 4326; x_wconf 71' lang='lat' dir='ltr'>est</span> <span class='ocrx_word' id='word_1_332' title='bbox 1080 4269 1388 4326; x_wconf 74' lang='lat' dir='ltr'>memoriae</span> <span class='ocrx_word' id='word_1_333' title='bbox 1423 4273 1478 4324; x_wconf 88' lang='lat' dir='ltr'>et</span> <span class='ocrx_word' id='word_1_334' title='bbox 1511 4267 1889 4339; x_wconf 84' lang='lat' dir='ltr'>cogitationis</span> <span class='ocrx_word' id='word_1_335' title='bbox 1908 4284 2246 4341; x_wconf 88' lang='lat' dir='ltr'>supponere</span> <span class='ocrx_word' id='word_1_336' title='bbox 2269 4273 2325 4324; x_wconf 92' lang='lat' dir='ltr'>et</span> <span class='ocrx_word' id='word_1_337' title='bbox 2345 4283 2443 4324; x_wconf 93' lang='lat' dir='ltr'>co-</span> 
     </span>
    </p>
   </div>
   <div class='ocr_carea' id='block_1_49' title="bbox 781 4359 2443 4434">
    <p class='ocr_par' dir='ltr' id='par_1_49' title="bbox 781 4359 2443 4434">
     <span class='ocr_line' id='line_1_49' title="bbox 781 4359 2443 4434; baseline -0.002 -16"><span class='ocrx_word' id='word_1_338' title='bbox 781 4361 969 4434; x_wconf 86' lang='lat' dir='ltr'>gitare</span> <span class='ocrx_word' id='word_1_339' title='bbox 996 4359 1174 4417; x_wconf 90' lang='lat' dir='ltr'>nobis</span> <span class='ocrx_word' id='word_1_340' title='bbox 1201 4360 1316 4418; x_wconf 90' lang='lat' dir='ltr'>hoc</span> <span class='ocrx_word' id='word_1_341' title='bbox 1347 4359 1531 4416; x_wconf 92' lang='lat' dir='ltr'>modo</span> <span class='ocrx_word' id='word_1_342' title='bbox 1561 4375 1683 4415; x_wconf 91' lang='lat' dir='ltr'>non</span> <span class='ocrx_word' id='word_1_343' title='bbox 1704 4359 1839 4416; x_wconf 89' lang='lat' dir='ltr'>licet</span> <span class='ocrx_word' id='word_1_344' title='bbox 1869 4377 1881 4428; x_wconf 93' lang='lat'><strong>;</strong></span> <span class='ocrx_word' id='word_1_345' title='bbox 1914 4375 2035 4414; x_wconf 90' lang='lat' dir='ltr'>non</span> <span class='ocrx_word' id='word_1_346' title='bbox 2070 4359 2203 4414; x_wconf 93' lang='lat' dir='ltr'>licet</span> <span class='ocrx_word' id='word_1_347' title='bbox 2240 4359 2443 4432; x_wconf 88' lang='lat' dir='ltr'>utique</span> 
     </span>
    </p>
   </div>
   <div class='ocr_carea' id='block_1_50' title="bbox 782 4448 2442 4524">
    <p class='ocr_par' dir='ltr' id='par_1_50' title="bbox 782 4448 2442 4524">
     <span class='ocr_line' id='line_1_50' title="bbox 782 4448 2442 4524; baseline -0.002 -17"><span class='ocrx_word' id='word_1_348' title='bbox 782 4466 1126 4524; x_wconf 88' lang='lat' dir='ltr'>supponere</span> <span class='ocrx_word' id='word_1_349' title='bbox 1151 4466 1222 4507; x_wconf 87' lang='lat' dir='ltr'>ac</span> <span class='ocrx_word' id='word_1_350' title='bbox 1251 4451 1514 4521; x_wconf 85' lang='lat' dir='ltr'>cogitare</span> <span class='ocrx_word' id='word_1_351' title='bbox 1550 4453 1812 4506; x_wconf 89' lang='lat' dir='ltr'>mentem</span> <span class='ocrx_word' id='word_1_352' title='bbox 1845 4448 2169 4521; x_wconf 90' lang='lat' dir='ltr'>corrumpi.</span> <span class='ocrx_word' id='word_1_353' title='bbox 2205 4451 2301 4505; x_wconf 88' lang='lat' dir='ltr'>Est</span> <span class='ocrx_word' id='word_1_354' title='bbox 2329 4449 2442 4518; x_wconf 86' lang='lat' dir='ltr'>igi-</span> 
     </span>
    </p>
   </div>
   <div class='ocr_carea' id='block_1_51' title="bbox 781 4539 2443 4614">
    <p class='ocr_par' dir='ltr' id='par_1_51' title="bbox 781 4539 2443 4614">
     <span class='ocr_line' id='line_1_51' title="bbox 781 4539 2443 4614; baseline -0.002 -15"><span class='ocrx_word' id='word_1_355' title='bbox 781 4545 880 4600; x_wconf 88' lang='lat' dir='ltr'>tur</span> <span class='ocrx_word' id='word_1_356' title='bbox 908 4557 1147 4614; x_wconf 86' lang='lat' dir='ltr'>semper</span> <span class='ocrx_word' id='word_1_357' title='bbox 1175 4541 1234 4596; x_wconf 93' lang='lat' dir='ltr'>in</span> <span class='ocrx_word' id='word_1_358' title='bbox 1271 4541 1475 4597; x_wconf 88' lang='lat' dir='ltr'>anima</span> <span class='ocrx_word' id='word_1_359' title='bbox 1507 4539 1754 4596; x_wconf 88' lang='lat' dir='ltr'>scientia</span> <span class='ocrx_word' id='word_1_360' title='bbox 1769 4539 1968 4596; x_wconf 84' lang='lat' dir='ltr'>omnis</span> <span class='ocrx_word' id='word_1_361' title='bbox 1990 4546 2046 4596; x_wconf 90' lang='lat' dir='ltr'>et</span> <span class='ocrx_word' id='word_1_362' title='bbox 2068 4556 2206 4612; x_wconf 66' lang='lat' dir='ltr'>qum</span> <span class='ocrx_word' id='word_1_363' title='bbox 2229 4555 2443 4596; x_wconf 81' lang='lat' dir='ltr'>secun-</span> 
     </span>
    </p>
   </div>
   <div class='ocr_carea' id='block_1_52' title="bbox 781 4630 1949 4700">
    <p class='ocr_par' dir='ltr' id='par_1_52' title="bbox 781 4630 1949 4700">
     <span class='ocr_line' id='line_1_52' title="bbox 781 4630 1949 4700; baseline -0.002 -12"><span class='ocrx_word' id='word_1_364' title='bbox 781 4632 932 4688; x_wconf 90' lang='lat' dir='ltr'>dum</span> <span class='ocrx_word' id='word_1_365' title='bbox 962 4647 1099 4688; x_wconf 90' lang='lat' dir='ltr'>eam</span> <span class='ocrx_word' id='word_1_366' title='bbox 1121 4635 1210 4688; x_wconf 90' lang='lat' dir='ltr'>est</span> <span class='ocrx_word' id='word_1_367' title='bbox 1242 4632 1534 4688; x_wconf 88' lang='lat' dir='ltr'>memoria</span> <span class='ocrx_word' id='word_1_368' title='bbox 1563 4635 1620 4686; x_wconf 89' lang='lat' dir='ltr'>et</span> <span class='ocrx_word' id='word_1_369' title='bbox 1645 4630 1949 4700; x_wconf 85' lang='lat' dir='ltr'>cogitatio.</span> 
     </span>
    </p>
   </div>
   <div class='ocr_carea' id='block_1_53' title="bbox 782 4718 2816 4795">
    <p class='ocr_par' dir='ltr' id='par_1_53' title="bbox 782 4718 2816 4795">
     <span class='ocr_line' id='line_1_53' title="bbox 782 4718 2816 4795; baseline 0 -21"><span class='ocrx_word' id='word_1_370' title='bbox 782 4726 1083 4795; x_wconf 78' lang='grc' dir='ltr'><strong>γειαίτνες</strong></span> <span class='ocrx_word' id='word_1_371' title='bbox 1113 4718 1366 4781; x_wconf 69' lang='grc' dir='ltr'><strong>οὐτωὸεις</strong></span> <span class='ocrx_word' id='word_1_372' title='bbox 1407 4721 1596 4792; x_wconf 61' lang='grc' dir='ltr'><strong>ψυχῆς</strong></span> <span class='ocrx_word' id='word_1_373' title='bbox 1645 4740 1735 4772; x_wconf 85' lang='grc' dir='ltr'>και</span> <span class='ocrx_word' id='word_1_374' title='bbox 1780 4722 1969 4792; x_wconf 75' lang='grc' dir='ltr'><strong>ὁμοίως</strong></span> <span class='ocrx_word' id='word_1_375' title='bbox 2046 4723 2292 4791; x_wconf 77' lang='grc' dir='ltr'><strong>ἔχουσαι,</strong></span> <span class='ocrx_word' id='word_1_376' title='bbox 2349 4724 2442 4795; x_wconf 70' lang='grc' dir='ltr'><strong>ζῇν</strong></span> <span class='ocrx_word' id='word_1_377' title='bbox 2498 4719 2672 4782; x_wconf 78' lang='grc' dir='ltr'><strong>δήπου</strong></span> <span class='ocrx_word' id='word_1_378' title='bbox 2726 4743 2816 4776; x_wconf 86' lang='grc' dir='ltr'>και</span> 
     </span>
    </p>
   </div>
   <div class='ocr_carea' id='block_1_54' title="bbox 2545 618 4164 695">
    <p class='ocr_par' dir='ltr' id='par_1_54' title="bbox 2545 618 4164 695">
     <span class='ocr_line' id='line_1_54' title="bbox 2545 618 4164 695; baseline -0.002 -20"><span class='ocrx_word' id='word_1_379' title='bbox 2545 625 2795 695; x_wconf 86' lang='grc' dir='ltr'><strong>πρότερον</strong></span> <span class='ocrx_word' id='word_1_380' title='bbox 2853 623 2942 692; x_wconf 71' lang='grc' dir='ltr'>μὲν</span> <span class='ocrx_word' id='word_1_381' title='bbox 3022 618 3350 692; x_wconf 74' lang='grc' dir='ltr'>ἐγνωσμένων</span> <span class='ocrx_word' id='word_1_382' title='bbox 3397 619 3579 693; x_wconf 70' lang='grc' dir='ltr'><strong>ψυχῇ,</strong></span> <span class='ocrx_word' id='word_1_383' title='bbox 3632 625 3721 673; x_wconf 85' lang='grc' dir='ltr'>καὶ</span> <span class='ocrx_word' id='word_1_384' title='bbox 3777 627 3898 694; x_wconf 82' lang='grc' dir='ltr'><strong>πρὶν</strong></span> <span class='ocrx_word' id='word_1_385' title='bbox 3958 622 3986 678; x_wconf 85' lang='grc' dir='ltr'>ή</span> <span class='ocrx_word' id='word_1_386' title='bbox 4038 623 4164 672; x_wconf 78' lang='grc' dir='ltr'>ταὺ-</span> 
     </span>
    </p>
   </div>
   <div class='ocr_carea' id='block_1_55' title="bbox 2547 707 4166 781">
    <p class='ocr_par' dir='ltr' id='par_1_55' title="bbox 2547 707 4166 781">
     <span class='ocr_line' id='line_1_55' title="bbox 2547 707 4166 781; baseline -0.002 -18"><span class='ocrx_word' id='word_1_387' title='bbox 2547 731 2641 768; x_wconf 88' lang='grc' dir='ltr'>την</span> <span class='ocrx_word' id='word_1_388' title='bbox 2700 712 2745 746; x_wconf 71' lang='lat'>”</span> <span class='ocrx_word' id='word_1_389' title='bbox 2776 709 2961 762; x_wconf 85' lang='grc' dir='ltr'><strong>ἐνεῖναι</strong></span> <span class='ocrx_word' id='word_1_390' title='bbox 3001 716 3106 770; x_wconf 86' lang='grc' dir='ltr'><strong>τοῖς</strong></span> <span class='ocrx_word' id='word_1_391' title='bbox 3157 714 3418 781; x_wconf 80' lang='grc' dir='ltr'><strong>σώμασιν,</strong></span> <span class='ocrx_word' id='word_1_392' title='bbox 3476 707 3639 762; x_wconf 81' lang='grc' dir='ltr'><strong>ἐπεὶδ⁹</strong></span> <span class='ocrx_word' id='word_1_393' title='bbox 3689 709 3872 762; x_wconf 78' lang='grc' dir='ltr'><strong>ἐνεῖται</strong></span> <span class='ocrx_word' id='word_1_394' title='bbox 3919 714 4010 761; x_wconf 82' lang='grc' dir='ltr'>καὶ</span> <span class='ocrx_word' id='word_1_395' title='bbox 4044 712 4166 763; x_wconf 85' lang='grc' dir='ltr'><strong>τού-</strong></span> 
     </span>
    </p>
   </div>
   <div class='ocr_carea' id='block_1_56' title="bbox 2548 797 4160 873">
    <p class='ocr_par' dir='ltr' id='par_1_56' title="bbox 2548 797 4160 873">
     <span class='ocr_line' id='line_1_56' title="bbox 2548 797 4160 873; baseline -0.001 -21"><span class='ocrx_word' id='word_1_396' title='bbox 2548 820 2656 862; x_wconf 84' lang='grc' dir='ltr'>τοις</span> <span class='ocrx_word' id='word_1_397' title='bbox 2714 803 3099 873; x_wconf 79' lang='grc' dir='ltr'><strong>συμπέφυρται,</strong></span> <span class='ocrx_word' id='word_1_398' title='bbox 3177 805 3273 858; x_wconf 82' lang='grc' dir='ltr'><strong>τῆς</strong></span> <span class='ocrx_word' id='word_1_399' title='bbox 3327 802 3534 870; x_wconf 78' lang='grc' dir='ltr'><strong>μνήμης</strong></span> <span class='ocrx_word' id='word_1_400' title='bbox 3578 801 3751 871; x_wconf 84' lang='grc' dir='ltr'><strong>ὥσπερ</strong></span> <span class='ocrx_word' id='word_1_401' title='bbox 3808 797 4160 872; x_wconf 82' lang='grc' dir='ltr'><strong>ἐκτριϐείσης,</strong></span> 
     </span>
    </p>
   </div>
   <div class='ocr_carea' id='block_1_57' title="bbox 2548 885 4163 962">
    <p class='ocr_par' dir='ltr' id='par_1_57' title="bbox 2548 885 4163 962">
     <span class='ocr_line' id='line_1_57' title="bbox 2548 885 4163 962; baseline -0.001 -21"><span class='ocrx_word' id='word_1_402' title='bbox 2548 894 2638 941; x_wconf 86' lang='grc' dir='ltr'>καὶ</span> <span class='ocrx_word' id='word_1_403' title='bbox 2692 891 2722 946; x_wconf 83' lang='grc' dir='ltr'>ἡ</span> <span class='ocrx_word' id='word_1_404' title='bbox 2803 897 2896 949; x_wconf 85' lang='grc' dir='ltr'><strong>τῆς</strong></span> <span class='ocrx_word' id='word_1_405' title='bbox 2948 889 3246 958; x_wconf 75' lang='grc' dir='ltr'>ἐπιστήμης</span> <span class='ocrx_word' id='word_1_406' title='bbox 3301 891 3727 962; x_wconf 83' lang='grc' dir='ltr'><strong>συνεκτέτριπται</strong></span> <span class='ocrx_word' id='word_1_407' title='bbox 3775 896 3993 959; x_wconf 86' lang='grc' dir='ltr'><strong>γνῶσις,</strong></span> <span class='ocrx_word' id='word_1_408' title='bbox 4065 885 4163 940; x_wconf 85' lang='grc' dir='ltr'><strong>εἰτ’</strong></span> 
     </span>
    </p>
   </div>
   <div class='ocr_carea' id='block_1_58' title="bbox 2550 974 4163 1050">
    <p class='ocr_par' dir='ltr' id='par_1_58' title="bbox 2550 974 4163 1050">
     <span class='ocr_line' id='line_1_58' title="bbox 2550 974 4163 1050; baseline -0.001 -20"><span class='ocrx_word' id='word_1_409' title='bbox 2550 974 2701 1039; x_wconf 82' lang='grc' dir='ltr'><strong>αὖθις</strong></span> <span class='ocrx_word' id='word_1_410' title='bbox 2723 975 2802 1029; x_wconf 82' lang='grc' dir='ltr'><strong>ἐπ’</strong></span> <span class='ocrx_word' id='word_1_411' title='bbox 2836 977 2998 1034; x_wconf 66' lang='grc' dir='ltr'><strong>αὐτὴν</strong></span> <span class='ocrx_word' id='word_1_412' title='bbox 3036 975 3192 1048; x_wconf 64' lang='grc' dir='ltr'><strong>ψυχή</strong></span> <span class='ocrx_word' id='word_1_413' title='bbox 3241 975 3393 1027; x_wconf 76' lang='grc' dir='ltr'><strong>πάλιν</strong></span> <span class='ocrx_word' id='word_1_414' title='bbox 3429 979 3544 1034; x_wconf 78' lang='grc' dir='ltr'><strong>ἣκει</strong></span> <span class='ocrx_word' id='word_1_415' title='bbox 3585 981 3678 1035; x_wconf 89' lang='grc' dir='ltr'>τήν</span> <span class='ocrx_word' id='word_1_416' title='bbox 3724 995 3777 1029; x_wconf 89' lang='grc' dir='ltr'>τε</span> <span class='ocrx_word' id='word_1_417' title='bbox 3815 996 4024 1050; x_wconf 85' lang='grc' dir='ltr'><strong>μνήμην</strong></span> <span class='ocrx_word' id='word_1_418' title='bbox 4069 996 4163 1028; x_wconf 86' lang='grc' dir='ltr'>και</span> 
     </span>
    </p>
   </div>
   <div class='ocr_carea' id='block_1_59' title="bbox 2550 1063 4162 1138">
    <p class='ocr_par' dir='ltr' id='par_1_59' title="bbox 2550 1063 4162 1138">
     <span class='ocr_line' id='line_1_59' title="bbox 2550 1063 4162 1138; baseline 0 -20"><span class='ocrx_word' id='word_1_419' title='bbox 2550 1071 2642 1125; x_wconf 77' lang='grc' dir='ltr'>τήν</span> <span class='ocrx_word' id='word_1_420' title='bbox 2695 1076 2785 1128; x_wconf 75' lang='grc' dir='ltr'><strong>τῆς</strong></span> <span class='ocrx_word' id='word_1_421' title='bbox 2849 1064 3146 1138; x_wconf 74' lang='grc' dir='ltr'><strong>ἐπιστήμης</strong></span> <span class='ocrx_word' id='word_1_422' title='bbox 3197 1063 3490 1137; x_wconf 74' lang='grc' dir='ltr'><strong>ἀνάμνησιν</strong></span> <span class='ocrx_word' id='word_1_423' title='bbox 3544 1067 3612 1133; x_wconf 74' lang='grc'><strong>³³,</strong></span> <span class='ocrx_word' id='word_1_424' title='bbox 3662 1067 3806 1118; x_wconf 79' lang='grc' dir='ltr'><strong>τοῦτ’</strong></span> <span class='ocrx_word' id='word_1_425' title='bbox 3857 1065 3919 1118; x_wconf 82' lang='grc' dir='ltr'><strong>ἂν</strong></span> <span class='ocrx_word' id='word_1_426' title='bbox 3975 1070 4053 1124; x_wconf 83' lang='grc' dir='ltr'><strong>εἴη</strong></span> <span class='ocrx_word' id='word_1_427' title='bbox 4101 1069 4162 1118; x_wconf 85' lang='grc' dir='ltr'>τό</span> 
     </span>
    </p>
   </div>
   <div class='ocr_carea' id='block_1_60' title="bbox 2549 1154 4165 1229">
    <p class='ocr_par' dir='ltr' id='par_1_60' title="bbox 2549 1154 4165 1229">
     <span class='ocr_line' id='line_1_60' title="bbox 2549 1154 4165 1229; baseline -0.001 -21"><span class='ocrx_word' id='word_1_428' title='bbox 2549 1175 2639 1208; x_wconf 87' lang='grc' dir='ltr'>και</span> <span class='ocrx_word' id='word_1_429' title='bbox 2689 1163 2918 1226; x_wconf 86' lang='grc' dir='ltr'><strong>γενναῖον</strong></span> <span class='ocrx_word' id='word_1_430' title='bbox 2967 1175 3056 1206; x_wconf 86' lang='grc' dir='ltr'>και</span> <span class='ocrx_word' id='word_1_431' title='bbox 3105 1157 3240 1207; x_wconf 77' lang='grc' dir='ltr'><strong>πάνυ</strong></span> <span class='ocrx_word' id='word_1_432' title='bbox 3268 1156 3386 1206; x_wconf 72' lang='lat' dir='ltr'>rt“</span> <span class='ocrx_word' id='word_1_433' title='bbox 3418 1154 3790 1229; x_wconf 82' lang='grc' dir='ltr'><strong>θρυλλούμενον</strong></span> <span class='ocrx_word' id='word_1_434' title='bbox 3856 1173 3947 1207; x_wconf 86' lang='grc' dir='ltr'>και</span> <span class='ocrx_word' id='word_1_435' title='bbox 3993 1155 4165 1226; x_wconf 79' lang='grc' dir='ltr'><strong>ἰσχυ-</strong></span> 
     </span>
    </p>
   </div>
   <div class='ocr_carea' id='block_1_61' title="bbox 2549 1239 4164 1320">
    <p class='ocr_par' dir='ltr' id='par_1_61' title="bbox 2549 1239 4164 1320">
     <span class='ocr_line' id='line_1_61' title="bbox 2549 1239 4164 1320; baseline -0.001 -24"><span class='ocrx_word' id='word_1_436' title='bbox 2549 1249 2638 1320; x_wconf 87' lang='grc' dir='ltr'>ρόν</span> <span class='ocrx_word' id='word_1_437' title='bbox 2670 1243 2736 1304; x_wconf 84' lang='grc' dir='ltr'>εἰς</span> <span class='ocrx_word' id='word_1_438' title='bbox 2757 1239 3026 1306; x_wconf 59' lang='grc' dir='ltr'><strong>ἀπόδειξιν</strong></span> <span class='ocrx_word' id='word_1_439' title='bbox 3066 1251 3157 1295; x_wconf 82' lang='grc' dir='ltr'><strong>τοῦ</strong></span> <span class='ocrx_word' id='word_1_440' title='bbox 3210 1245 3634 1317; x_wconf 72' lang='grc' dir='ltr'><strong>προϋσφεστάναι</strong></span> <span class='ocrx_word' id='word_1_441' title='bbox 3686 1246 3780 1305; x_wconf 79' lang='grc' dir='ltr'>τὰς</span> <span class='ocrx_word' id='word_1_442' title='bbox 3819 1243 4002 1315; x_wconf 73' lang='grc' dir='ltr'><strong>ψυχὰς</strong></span> <span class='ocrx_word' id='word_1_443' title='bbox 4059 1252 4164 1295; x_wconf 85' lang='grc' dir='ltr'>τῶν</span> 
     </span>
    </p>
   </div>
   <div class='ocr_carea' id='block_1_62' title="bbox 2556 1331 4161 1407">
    <p class='ocr_par' dir='ltr' id='par_1_62' title="bbox 2556 1331 4161 1407">
     <span class='ocr_line' id='line_1_62' title="bbox 2556 1331 4161 1407; baseline 0.001 -22"><span class='ocrx_word' id='word_1_444' title='bbox 2556 1335 2831 1405; x_wconf 76' lang='grc' dir='ltr'><strong>σωμάτων.</strong></span> <span class='ocrx_word' id='word_1_445' title='bbox 2865 1332 3000 1385; x_wconf 83' lang='grc' dir='ltr'><strong>Ἀλλ’</strong></span> <span class='ocrx_word' id='word_1_446' title='bbox 3027 1331 3085 1383; x_wconf 68' lang='grc' dir='ltr'>οὐ</span> <span class='ocrx_word' id='word_1_447' title='bbox 3134 1333 3268 1383; x_wconf 79' lang='grc' dir='ltr'><strong>πάνυ</strong></span> <span class='ocrx_word' id='word_1_448' title='bbox 3319 1351 3372 1384; x_wconf 92' lang='grc' dir='ltr'>τι</span> <span class='ocrx_word' id='word_1_449' title='bbox 3419 1335 3587 1403; x_wconf 77' lang='grc' dir='ltr'><strong>τούτῳ</strong></span> <span class='ocrx_word' id='word_1_450' title='bbox 3642 1351 3702 1403; x_wconf 87' lang='grc' dir='ltr'>γε</span> <span class='ocrx_word' id='word_1_451' title='bbox 3748 1337 4060 1407; x_wconf 76' lang='grc' dir='ltr'><strong>προσεκτέον</strong></span> <span class='ocrx_word' id='word_1_452' title='bbox 4090 1333 4161 1386; x_wconf 71' lang='grc'>³⁵.</span> 
     </span>
    </p>
   </div>
   <div class='ocr_carea' id='block_1_63' title="bbox 2553 1417 4160 1494">
    <p class='ocr_par' dir='ltr' id='par_1_63' title="bbox 2553 1417 4160 1494">
     <span class='ocr_line' id='line_1_63' title="bbox 2553 1417 4160 1494; baseline 0.001 -21"><span class='ocrx_word' id='word_1_453' title='bbox 2553 1424 2618 1482; x_wconf 84' lang='grc' dir='ltr'><strong>ὡς</strong></span> <span class='ocrx_word' id='word_1_454' title='bbox 2676 1418 2940 1494; x_wconf 72' lang='grc' dir='ltr'><strong>μηδεμιᾶς</strong></span> <span class='ocrx_word' id='word_1_455' title='bbox 3010 1418 3252 1478; x_wconf 75' lang='grc' dir='ltr'><strong>δηλονότι</strong></span> <span class='ocrx_word' id='word_1_456' title='bbox 3315 1417 3578 1494; x_wconf 69' lang='grc' dir='ltr'><strong>μηδαμῶς</strong></span> <span class='ocrx_word' id='word_1_457' title='bbox 3634 1421 3935 1483; x_wconf 73' lang='grc' dir='ltr'>ἀντιθέσεως</span> <span class='ocrx_word' id='word_1_458' title='bbox 3975 1425 4160 1481; x_wconf 68' lang='grc' dir='ltr'><strong>οὔσης.</strong></span> 
     </span>
    </p>
   </div>
   <div class='ocr_carea' id='block_1_64' title="bbox 2552 1508 4162 1584">
    <p class='ocr_par' dir='ltr' id='par_1_64' title="bbox 2552 1508 4162 1584">
     <span class='ocr_line' id='line_1_64' title="bbox 2552 1508 4162 1584; baseline -0.002 -20"><span class='ocrx_word' id='word_1_459' title='bbox 2552 1512 2713 1582; x_wconf 74' lang='grc' dir='ltr'>Τάχα</span> <span class='ocrx_word' id='word_1_460' title='bbox 2763 1513 2862 1584; x_wconf 80' lang='grc' dir='ltr'>γὰρ</span> <span class='ocrx_word' id='word_1_461' title='bbox 2932 1511 2993 1561; x_wconf 81' lang='grc' dir='ltr'><strong>ἄν</strong></span> <span class='ocrx_word' id='word_1_462' title='bbox 3041 1528 3093 1561; x_wconf 90' lang='grc' dir='ltr'>τι</span> <span class='ocrx_word' id='word_1_463' title='bbox 3144 1528 3235 1561; x_wconf 90' lang='grc' dir='ltr'>και</span> <span class='ocrx_word' id='word_1_464' title='bbox 3284 1508 3483 1562; x_wconf 80' lang='grc' dir='ltr'><strong>ἀλλοῖον</strong></span> <span class='ocrx_word' id='word_1_465' title='bbox 3530 1510 3655 1582; x_wconf 75' lang='grc' dir='ltr'><strong>ἡμῖν</strong></span> <span class='ocrx_word' id='word_1_466' title='bbox 3711 1511 3756 1546; x_wconf 82' lang='grc'>¹⁶</span> <span class='ocrx_word' id='word_1_467' title='bbox 3808 1511 4162 1581; x_wconf 73' lang='grc' dir='ltr'>ὑποθεμένοις,</span> 
     </span>
    </p>
   </div>
   <div class='ocr_carea' id='block_1_65' title="bbox 2553 1597 4162 1670">
    <p class='ocr_par' dir='ltr' id='par_1_65' title="bbox 2553 1597 4162 1670">
     <span class='ocr_line' id='line_1_65' title="bbox 2553 1597 4162 1670; baseline -0.001 -20"><span class='ocrx_word' id='word_1_468' title='bbox 2553 1616 2644 1650; x_wconf 86' lang='grc' dir='ltr'>και</span> <span class='ocrx_word' id='word_1_469' title='bbox 2701 1599 2808 1669; x_wconf 89' lang='grc' dir='ltr'><strong>τόγ’</strong></span> <span class='ocrx_word' id='word_1_470' title='bbox 2872 1597 3116 1668; x_wconf 85' lang='grc' dir='ltr'><strong>ἐναντίον,</strong></span> <span class='ocrx_word' id='word_1_471' title='bbox 3181 1597 3342 1670; x_wconf 70' lang='grc' dir='ltr'><strong>ὀρθῶς</strong></span> <span class='ocrx_word' id='word_1_472' title='bbox 3389 1597 3569 1656; x_wconf 71' lang='grc' dir='ltr'><strong>ἐκϐαίη</strong></span> <span class='ocrx_word' id='word_1_473' title='bbox 3623 1600 3689 1634; x_wconf 74' lang='grc' dir='ltr'>¹⁷ο</span> <span class='ocrx_word' id='word_1_474' title='bbox 3746 1597 4002 1651; x_wconf 75' lang='grc' dir='ltr'>ἀθανάτου</span> <span class='ocrx_word' id='word_1_475' title='bbox 4055 1600 4162 1670; x_wconf 69' lang='grc' dir='ltr'>γὰρ</span> 
     </span>
    </p>
   </div>
   <div class='ocr_carea' id='block_1_66' title="bbox 2553 1685 4165 1761">
    <p class='ocr_par' dir='ltr' id='par_1_66' title="bbox 2553 1685 4165 1761">
     <span class='ocr_line' id='line_1_66' title="bbox 2553 1685 4165 1761; baseline -0.001 -21"><span class='ocrx_word' id='word_1_476' title='bbox 2553 1693 2645 1748; x_wconf 81' lang='grc' dir='ltr'><strong>τῆς</strong></span> <span class='ocrx_word' id='word_1_477' title='bbox 2674 1685 2862 1758; x_wconf 62' lang='grc' dir='ltr'><strong>ψυχῆς</strong></span> <span class='ocrx_word' id='word_1_478' title='bbox 2892 1686 3054 1749; x_wconf 70' lang='grc' dir='ltr'><strong>οῢσης</strong></span> <span class='ocrx_word' id='word_1_479' title='bbox 3077 1706 3165 1738; x_wconf 90' lang='grc' dir='ltr'>και</span> <span class='ocrx_word' id='word_1_480' title='bbox 3206 1685 3284 1739; x_wconf 84' lang='grc' dir='ltr'>ἀεί</span> <span class='ocrx_word' id='word_1_481' title='bbox 3340 1691 3641 1761; x_wconf 74' lang='grc' dir='ltr'><strong>κινουμένης</strong></span> <span class='ocrx_word' id='word_1_482' title='bbox 3683 1688 3816 1758; x_wconf 88' lang='grc'><strong>(33),</strong></span> <span class='ocrx_word' id='word_1_483' title='bbox 3869 1687 4165 1748; x_wconf 83' lang='grc' dir='ltr'><strong>ἀθανατους</strong></span> 
     </span>
    </p>
   </div>
   <div class='ocr_carea' id='block_1_67' title="bbox 2555 1773 4167 1851">
    <p class='ocr_par' dir='ltr' id='par_1_67' title="bbox 2555 1773 4167 1851">
     <span class='ocr_line' id='line_1_67' title="bbox 2555 1773 4167 1851; baseline -0.001 -21"><span class='ocrx_word' id='word_1_484' title='bbox 2555 1773 2622 1835; x_wconf 79' lang='grc' dir='ltr'><strong>δή</strong></span> <span class='ocrx_word' id='word_1_485' title='bbox 2698 1796 2838 1838; x_wconf 89' lang='grc' dir='ltr'><strong>τινας</strong></span> <span class='ocrx_word' id='word_1_486' title='bbox 2920 1796 3010 1829; x_wconf 88' lang='grc' dir='ltr'>και</span> <span class='ocrx_word' id='word_1_487' title='bbox 3088 1779 3182 1838; x_wconf 85' lang='grc' dir='ltr'>τὰς</span> <span class='ocrx_word' id='word_1_488' title='bbox 3259 1783 3491 1839; x_wconf 76' lang='grc' dir='ltr'><strong>κινήσεις</strong></span> <span class='ocrx_word' id='word_1_489' title='bbox 3557 1797 3647 1830; x_wconf 87' lang='grc' dir='ltr'>και</span> <span class='ocrx_word' id='word_1_490' title='bbox 3695 1776 3943 1851; x_wconf 72' lang='grc' dir='ltr'>ἐνεργείας</span> <span class='ocrx_word' id='word_1_491' title='bbox 3999 1778 4167 1839; x_wconf 72' lang='grc' dir='ltr'><strong>αὐτῆς</strong></span> 
     </span>
    </p>
   </div>
   <div class='ocr_carea' id='block_1_68' title="bbox 4033 1873 4165 1937">
    <p class='ocr_par' dir='ltr' id='par_1_68' title="bbox 4033 1873 4165 1937">
     <span class='ocr_line' id='line_1_68' title="bbox 4033 1873 4165 1937; baseline -0.015 -19"><span class='ocrx_word' id='word_1_492' title='bbox 4033 1873 4165 1937; x_wconf 76' lang='grc' dir='ltr'><strong>γοῦν</strong></span> 
     </span>
    </p>
   </div>
   <div class='ocr_carea' id='block_1_69' title="bbox 2555 1953 4164 2028">
    <p class='ocr_par' dir='ltr' id='par_1_69' title="bbox 2555 1953 4164 2028">
     <span class='ocr_line' id='line_1_69' title="bbox 2555 1953 4164 2028; baseline 0 -22"><span class='ocrx_word' id='word_1_493' title='bbox 2555 1954 2846 2027; x_wconf 80' lang='grc' dir='ltr'><strong>ἐπιστήμην</strong></span> <span class='ocrx_word' id='word_1_494' title='bbox 2944 1956 3083 2027; x_wconf 75' lang='grc' dir='ltr'><strong>ἡμᾶς</strong></span> <span class='ocrx_word' id='word_1_495' title='bbox 3179 1973 3268 2007; x_wconf 86' lang='grc' dir='ltr'>και</span> <span class='ocrx_word' id='word_1_496' title='bbox 3342 1953 3518 2027; x_wconf 82' lang='grc' dir='ltr'><strong>βούλει</strong></span> <span class='ocrx_word' id='word_1_497' title='bbox 3616 1957 3814 2008; x_wconf 78' lang='grc' dir='ltr'><strong>τιθέναι</strong></span> <span class='ocrx_word' id='word_1_498' title='bbox 3901 1953 4164 2028; x_wconf 70' lang='grc' dir='ltr'><strong>ἐνέργειαν</strong></span> 
     </span>
    </p>
   </div>
   <div class='ocr_carea' id='block_1_70' title="bbox 2553 2042 4165 2117">
    <p class='ocr_par' dir='ltr' id='par_1_70' title="bbox 2553 2042 4165 2117">
     <span class='ocr_line' id='line_1_70' title="bbox 2553 2042 4165 2117; baseline -0.001 -21"><span class='ocrx_word' id='word_1_499' title='bbox 2553 2043 2736 2116; x_wconf 75' lang='grc' dir='ltr'><strong>ψυχῆς</strong></span> <span class='ocrx_word' id='word_1_500' title='bbox 2761 2047 3030 2116; x_wconf 77' lang='grc' dir='ltr'><strong>καιταύτη</strong></span> <span class='ocrx_word' id='word_1_501' title='bbox 3087 2042 3140 2108; x_wconf 81' lang='grc' dir='ltr'><strong>ἐξ</strong></span> <span class='ocrx_word' id='word_1_502' title='bbox 3194 2044 3367 2117; x_wconf 77' lang='grc' dir='ltr'><strong>ἀρχῆς</strong></span> <span class='ocrx_word' id='word_1_503' title='bbox 3415 2043 3647 2112; x_wconf 78' lang='grc' dir='ltr'><strong>ἐνοῦσαν,</strong></span> <span class='ocrx_word' id='word_1_504' title='bbox 3694 2045 3724 2103; x_wconf 76' lang='grc' dir='ltr'><strong>ἦ</strong></span> <span class='ocrx_word' id='word_1_505' title='bbox 3785 2042 3906 2096; x_wconf 79' lang='grc' dir='ltr'><strong>ἄλλο</strong></span> <span class='ocrx_word' id='word_1_506' title='bbox 3963 2063 4015 2095; x_wconf 93' lang='grc' dir='ltr'>τι</span> <span class='ocrx_word' id='word_1_507' title='bbox 4069 2063 4165 2096; x_wconf 86' lang='grc' dir='ltr'>και</span> 
     </span>
    </p>
   </div>
   <div class='ocr_carea' id='block_1_71' title="bbox 3773 2129 4166 2206">
    <p class='ocr_par' dir='ltr' id='par_1_71' title="bbox 3773 2129 4166 2206">
     <span class='ocr_line' id='line_1_71' title="bbox 3773 2129 4166 2206; baseline -0.005 -20"><span class='ocrx_word' id='word_1_508' title='bbox 3773 2138 4023 2206; x_wconf 85' lang='grc' dir='ltr'><strong>πρότερον</strong></span> <span class='ocrx_word' id='word_1_509' title='bbox 4101 2129 4166 2184; x_wconf 74' lang='grc' dir='ltr'>δὲ</span> 
     </span>
    </p>
   </div>
   <div class='ocr_carea' id='block_1_72' title="bbox 2555 2221 4164 2295">
    <p class='ocr_par' dir='ltr' id='par_1_72' title="bbox 2555 2221 4164 2295">
     <span class='ocr_line' id='line_1_72' title="bbox 2555 2221 4164 2295; baseline 0 -21"><span class='ocrx_word' id='word_1_510' title='bbox 2555 2229 2647 2275; x_wconf 77' lang='grc' dir='ltr'><strong>τοῦ</strong></span> <span class='ocrx_word' id='word_1_511' title='bbox 2677 2226 2872 2280; x_wconf 81' lang='grc' dir='ltr'><strong>ταύτην</strong></span> <span class='ocrx_word' id='word_1_512' title='bbox 2901 2221 3200 2294; x_wconf 77' lang='grc' dir='ltr'><strong>ἐγγενέσθαι</strong></span> <span class='ocrx_word' id='word_1_513' title='bbox 3247 2231 3320 2294; x_wconf 83' lang='grc' dir='ltr'><strong>τῷ</strong></span> <span class='ocrx_word' id='word_1_514' title='bbox 3371 2231 3578 2295; x_wconf 86' lang='grc' dir='ltr'><strong>σωματι</strong></span> <span class='ocrx_word' id='word_1_515' title='bbox 3625 2239 3639 2290; x_wconf 89' lang='lat'><strong>;</strong></span> <span class='ocrx_word' id='word_1_516' title='bbox 3685 2229 3785 2275; x_wconf 72' lang='grc' dir='ltr'><strong>Και</strong></span> <span class='ocrx_word' id='word_1_517' title='bbox 3808 2227 3861 2275; x_wconf 87' lang='grc' dir='ltr'>τί</span> <span class='ocrx_word' id='word_1_518' title='bbox 3907 2238 3969 2293; x_wconf 82' lang='grc' dir='ltr'>γε</span> <span class='ocrx_word' id='word_1_519' title='bbox 4014 2223 4164 2274; x_wconf 76' lang='grc' dir='ltr'><strong>τοῦθ’</strong></span> 
     </span>
    </p>
   </div>
   <div class='ocr_carea' id='block_1_73' title="bbox 2556 2311 4165 2384">
    <p class='ocr_par' dir='ltr' id='par_1_73' title="bbox 2556 2311 4165 2384">
     <span class='ocr_line' id='line_1_73' title="bbox 2556 2311 4165 2384; baseline -0.002 -20"><span class='ocrx_word' id='word_1_520' title='bbox 2556 2312 2723 2384; x_wconf 81' lang='grc' dir='ltr'><strong>ἕτερον</strong></span> <span class='ocrx_word' id='word_1_521' title='bbox 2797 2313 2943 2384; x_wconf 81' lang='grc' dir='ltr'><strong>παρὰ</strong></span> <span class='ocrx_word' id='word_1_522' title='bbox 3008 2315 3101 2370; x_wconf 87' lang='grc' dir='ltr'>τήν</span> <span class='ocrx_word' id='word_1_523' title='bbox 3165 2317 3348 2370; x_wconf 83' lang='grc' dir='ltr'><strong>νόησιν</strong></span> <span class='ocrx_word' id='word_1_524' title='bbox 3427 2311 3764 2377; x_wconf 73' lang='grc' dir='ltr'><strong>ὑποληπτέον,</strong></span> <span class='ocrx_word' id='word_1_525' title='bbox 3849 2331 3939 2363; x_wconf 88' lang='grc' dir='ltr'>και</span> <span class='ocrx_word' id='word_1_526' title='bbox 4005 2313 4165 2364; x_wconf 84' lang='grc' dir='ltr'><strong>πόθεν</strong></span> 
     </span>
    </p>
   </div>
   <div class='ocr_carea' id='block_1_74' title="bbox 2557 2399 4166 2474">
    <p class='ocr_par' dir='ltr' id='par_1_74' title="bbox 2557 2399 4166 2474">
     <span class='ocr_line' id='line_1_74' title="bbox 2557 2399 4166 2474; baseline -0.002 -21"><span class='ocrx_word' id='word_1_527' title='bbox 2557 2400 2783 2453; x_wconf 85' lang='grc' dir='ltr'><strong>ἐπεισιὸν</strong></span> <span class='ocrx_word' id='word_1_528' title='bbox 2840 2400 3070 2468; x_wconf 81' lang='grc' dir='ltr'><strong>ἄλλοθεν,</strong></span> <span class='ocrx_word' id='word_1_529' title='bbox 3124 2401 3317 2464; x_wconf 84' lang='grc' dir='ltr'><strong>τελείας</strong></span> <span class='ocrx_word' id='word_1_530' title='bbox 3368 2409 3460 2462; x_wconf 84' lang='grc' dir='ltr'><strong>τῆς</strong></span> <span class='ocrx_word' id='word_1_531' title='bbox 3497 2399 3686 2474; x_wconf 64' lang='grc' dir='ltr'><strong>ψυχῆς</strong></span> <span class='ocrx_word' id='word_1_532' title='bbox 3733 2402 3912 2469; x_wconf 73' lang='grc' dir='ltr'><strong>οὔσης,</strong></span> <span class='ocrx_word' id='word_1_533' title='bbox 3961 2399 4166 2452; x_wconf 79' lang='grc' dir='ltr'><strong>τελείων</strong></span> 
     </span>
    </p>
   </div>
   <div class='ocr_carea' id='block_1_75' title="bbox 2555 2132 3689 2208">
    <p class='ocr_par' dir='ltr' id='par_1_75' title="bbox 2555 2132 3689 2208">
     <span class='ocr_line' id='line_1_75' title="bbox 2555 2132 3689 2208; baseline -0.001 -23"><span class='ocrx_word' id='word_1_534' title='bbox 2555 2132 2770 2208; x_wconf 79' lang='grc' dir='ltr'><strong>ὕστερον</strong></span> <span class='ocrx_word' id='word_1_535' title='bbox 2817 2137 2906 2199; x_wconf 73' lang='grc' dir='ltr'>μὲν</span> <span class='ocrx_word' id='word_1_536' title='bbox 2964 2133 3103 2204; x_wconf 67' lang='grc' dir='ltr'>αὑτῴ</span> <span class='ocrx_word' id='word_1_537' title='bbox 3194 2138 3689 2208; x_wconf 57' lang='grc' dir='ltr'><strong>προσγηενημένον,</strong></span> 
     </span>
    </p>
   </div>
   <div class='ocr_carea' id='block_1_76' title="bbox 2556 2487 4167 2565">
    <p class='ocr_par' dir='ltr' id='par_1_76' title="bbox 2556 2487 4167 2565">
     <span class='ocr_line' id='line_1_76' title="bbox 2556 2487 4167 2565; baseline -0.001 -22"><span class='ocrx_word' id='word_1_538' title='bbox 2556 2510 2647 2544; x_wconf 88' lang='grc' dir='ltr'>και</span> <span class='ocrx_word' id='word_1_539' title='bbox 2675 2499 2772 2543; x_wconf 89' lang='grc' dir='ltr'><strong>τῶν</strong></span> <span class='ocrx_word' id='word_1_540' title='bbox 2821 2489 3075 2565; x_wconf 72' lang='grc' dir='ltr'><strong>ἐνεργειῶν</strong></span> <span class='ocrx_word' id='word_1_541' title='bbox 3129 2492 3288 2553; x_wconf 74' lang='grc' dir='ltr'><strong>αὐτῆς</strong></span> <span class='ocrx_word' id='word_1_542' title='bbox 3339 2511 3428 2544; x_wconf 87' lang='grc' dir='ltr'>και</span> <span class='ocrx_word' id='word_1_543' title='bbox 3485 2508 3768 2558; x_wconf 88' lang='grc' dir='ltr'><strong>κινησεως;</strong></span> <span class='ocrx_word' id='word_1_544' title='bbox 3816 2490 3952 2545; x_wconf 82' lang='grc' dir='ltr'><strong>Ἀλλ’</strong></span> <span class='ocrx_word' id='word_1_545' title='bbox 4007 2487 4167 2543; x_wconf 72' lang='grc' dir='ltr'><strong>οὐδὲν</strong></span> 
     </span>
    </p>
   </div>
   <div class='ocr_carea' id='block_1_77' title="bbox 3175 2577 4165 2654">
    <p class='ocr_par' dir='ltr' id='par_1_77' title="bbox 3175 2577 4165 2654">
     <span class='ocr_line' id='line_1_77' title="bbox 3175 2577 4165 2654; baseline -0.003 -21"><span class='ocrx_word' id='word_1_546' title='bbox 3175 2577 3287 2633; x_wconf 75' lang='grc' dir='ltr'>οὐδ’</span> <span class='ocrx_word' id='word_1_547' title='bbox 3343 2581 3403 2632; x_wconf 83' lang='grc' dir='ltr'><strong>ἂν</strong></span> <span class='ocrx_word' id='word_1_548' title='bbox 3454 2577 3780 2643; x_wconf 74' lang='grc' dir='ltr'><strong>ἀποδείξαις.</strong></span> <span class='ocrx_word' id='word_1_549' title='bbox 3837 2580 3898 2634; x_wconf 84' lang='grc' dir='ltr'>Εἰ</span> <span class='ocrx_word' id='word_1_550' title='bbox 3947 2582 4052 2654; x_wconf 80' lang='grc' dir='ltr'>γὰρ</span> <span class='ocrx_word' id='word_1_551' title='bbox 4113 2581 4165 2615; x_wconf 80' lang='grc'>¹⁹</span> 
     </span>
    </p>
   </div>
   <div class='ocr_carea' id='block_1_78' title="bbox 2558 2666 4166 2746">
    <p class='ocr_par' dir='ltr' id='par_1_78' title="bbox 2558 2666 4166 2746">
     <span class='ocr_line' id='line_1_78' title="bbox 2558 2666 4166 2746; baseline -0.001 -24"><span class='ocrx_word' id='word_1_552' title='bbox 2558 2674 2740 2732; x_wconf 84' lang='grc' dir='ltr'><strong>νόησις</strong></span> <span class='ocrx_word' id='word_1_553' title='bbox 2809 2671 2899 2742; x_wconf 72' lang='grc' dir='ltr'>μὲν</span> <span class='ocrx_word' id='word_1_554' title='bbox 2968 2673 3194 2746; x_wconf 84' lang='grc' dir='ltr'><strong>ἐνέργεια</strong></span> <span class='ocrx_word' id='word_1_555' title='bbox 3262 2670 3467 2742; x_wconf 76' lang='grc' dir='ltr'><strong>ψυχῆς,</strong></span> <span class='ocrx_word' id='word_1_556' title='bbox 3556 2677 3724 2723; x_wconf 72' lang='grc' dir='ltr'><strong>πᾶσαι</strong></span> <span class='ocrx_word' id='word_1_557' title='bbox 3795 2666 3850 2723; x_wconf 86' lang='grc' dir='ltr'>δ’</span> <span class='ocrx_word' id='word_1_558' title='bbox 3914 2669 4166 2743; x_wconf 79' lang='grc' dir='ltr'><strong>ἐνέργειαι</strong></span> 
     </span>
    </p>
   </div>
   <div class='ocr_carea' id='block_1_79' title="bbox 2558 2756 4168 2834">
    <p class='ocr_par' dir='ltr' id='par_1_79' title="bbox 2558 2756 4168 2834">
     <span class='ocr_line' id='line_1_79' title="bbox 2558 2756 4168 2834; baseline -0.001 -23"><span class='ocrx_word' id='word_1_559' title='bbox 2558 2758 2741 2831; x_wconf 75' lang='grc' dir='ltr'><strong>ψυχῆς</strong></span> <span class='ocrx_word' id='word_1_560' title='bbox 2769 2757 2850 2811; x_wconf 80' lang='grc' dir='ltr'><strong>ἀεί</strong></span> <span class='ocrx_word' id='word_1_561' title='bbox 2878 2764 3179 2832; x_wconf 82' lang='grc' dir='ltr'><strong>κινουμένης</strong></span> <span class='ocrx_word' id='word_1_562' title='bbox 3232 2757 3501 2827; x_wconf 74' lang='grc' dir='ltr'><strong>ἀθάνατοι,</strong></span> <span class='ocrx_word' id='word_1_563' title='bbox 3548 2762 3814 2834; x_wconf 76' lang='grc' dir='ltr'><strong>ἐπιστήμη</strong></span> <span class='ocrx_word' id='word_1_564' title='bbox 3871 2756 3930 2812; x_wconf 70' lang='grc' dir='ltr'>δὲ</span> <span class='ocrx_word' id='word_1_565' title='bbox 3979 2764 4168 2819; x_wconf 85' lang='grc' dir='ltr'><strong>νόησις</strong></span> 
     </span>
    </p>
   </div>
   <div class='ocr_carea' id='block_1_80' title="bbox 2559 2844 4172 2922">
    <p class='ocr_par' dir='ltr' id='par_1_80' title="bbox 2559 2844 4172 2922">
     <span class='ocr_line' id='line_1_80' title="bbox 2559 2844 4172 2922; baseline -0.001 -22"><span class='ocrx_word' id='word_1_566' title='bbox 2559 2855 2714 2915; x_wconf 70' lang='grc' dir='ltr'><strong>οὖσα,</strong></span> <span class='ocrx_word' id='word_1_567' title='bbox 2765 2849 2976 2910; x_wconf 82' lang='grc' dir='ltr'><strong>εἰκότως</strong></span> <span class='ocrx_word' id='word_1_568' title='bbox 3023 2847 3084 2900; x_wconf 78' lang='grc' dir='ltr'><strong>ἂν</strong></span> <span class='ocrx_word' id='word_1_569' title='bbox 3140 2869 3229 2900; x_wconf 86' lang='grc' dir='ltr'>και</span> <span class='ocrx_word' id='word_1_570' title='bbox 3285 2847 3510 2922; x_wconf 73' lang='grc' dir='ltr'><strong>ἐνέργεια</strong></span> <span class='ocrx_word' id='word_1_571' title='bbox 3559 2848 3743 2920; x_wconf 73' lang='grc' dir='ltr'><strong>ψυχῆς</strong></span> <span class='ocrx_word' id='word_1_572' title='bbox 3798 2852 3876 2906; x_wconf 83' lang='grc' dir='ltr'><strong>εἵη</strong></span> <span class='ocrx_word' id='word_1_573' title='bbox 3911 2869 3924 2882; x_wconf 89' lang='grc'>·</span> <span class='ocrx_word' id='word_1_574' title='bbox 3955 2847 4014 2900; x_wconf 71' lang='grc' dir='ltr'>οὐ</span> <span class='ocrx_word' id='word_1_575' title='bbox 4079 2844 4172 2900; x_wconf 83' lang='grc' dir='ltr'><strong>δεῖ</strong></span> 
     </span>
    </p>
   </div>
   <div class='ocr_carea' id='block_1_81' title="bbox 2560 2933 4165 3010">
    <p class='ocr_par' dir='ltr' id='par_1_81' title="bbox 2560 2933 4165 3010">
     <span class='ocr_line' id='line_1_81' title="bbox 2560 2933 4165 3010; baseline -0.001 -20"><span class='ocrx_word' id='word_1_576' title='bbox 2560 2933 2619 2990; x_wconf 72' lang='grc' dir='ltr'>δὲ</span> <span class='ocrx_word' id='word_1_577' title='bbox 2699 2937 2748 2972; x_wconf 77' lang='grc' dir='ltr'>³ο</span> <span class='ocrx_word' id='word_1_578' title='bbox 2836 2937 3041 2999; x_wconf 79' lang='grc' dir='ltr'><strong>πάντως</strong></span> <span class='ocrx_word' id='word_1_579' title='bbox 3126 2939 3260 3009; x_wconf 80' lang='grc' dir='ltr'><strong>ἡμᾶς</strong></span> <span class='ocrx_word' id='word_1_580' title='bbox 3351 2935 3476 2990; x_wconf 73' lang='grc' dir='ltr'>οὐδέ</span> <span class='ocrx_word' id='word_1_581' title='bbox 3522 2940 3718 2996; x_wconf 82' lang='grc' dir='ltr'><strong>ταύτην</strong></span> <span class='ocrx_word' id='word_1_582' title='bbox 3775 2937 4004 3010; x_wconf 77' lang='grc' dir='ltr'><strong>νομίζειν</strong></span> <span class='ocrx_word' id='word_1_583' title='bbox 4058 2937 4165 2988; x_wconf 75' lang='grc' dir='ltr'>ὑπὸ</span> 
     </span>
    </p>
   </div>
   <div class='ocr_carea' id='block_1_82' title="bbox 2557 2580 3093 2652">
    <p class='ocr_par' dir='ltr' id='par_1_82' title="bbox 2557 2580 3093 2652">
     <span class='ocr_line' id='line_1_82' title="bbox 2557 2580 3093 2652; baseline 0.002 -21"><span class='ocrx_word' id='word_1_584' title='bbox 2557 2580 2619 2632; x_wconf 81' lang='grc' dir='ltr'><strong>ἂν</strong></span> <span class='ocrx_word' id='word_1_585' title='bbox 2693 2582 2846 2652; x_wconf 80' lang='grc' dir='ltr'><strong>ἔχοις</strong></span> <span class='ocrx_word' id='word_1_586' title='bbox 2915 2580 3093 2648; x_wconf 85' lang='grc' dir='ltr'><strong>εἰπεῖν,</strong></span> 
     </span>
    </p>
   </div>
   <div class='ocr_carea' id='block_1_83' title="bbox 2557 3023 4168 3101">
    <p class='ocr_par' dir='ltr' id='par_1_83' title="bbox 2557 3023 4168 3101">
     <span class='ocr_line' id='line_1_83' title="bbox 2557 3023 4168 3101; baseline -0.002 -21"><span class='ocrx_word' id='word_1_587' title='bbox 2557 3027 2707 3093; x_wconf 85' lang='grc' dir='ltr'><strong>λήθη,</strong></span> <span class='ocrx_word' id='word_1_588' title='bbox 2742 3024 3020 3099; x_wconf 76' lang='grc' dir='ltr'><strong>ἐφθάρθαι,</strong></span> <span class='ocrx_word' id='word_1_589' title='bbox 3078 3023 3180 3078; x_wconf 72' lang='grc' dir='ltr'>οὐδ</span> <span class='ocrx_word' id='word_1_590' title='bbox 3237 3026 3305 3078; x_wconf 74' lang='grc' dir='ltr'><strong>αὖ</strong></span> <span class='ocrx_word' id='word_1_591' title='bbox 3363 3028 3647 3101; x_wconf 62' lang='grc' dir='ltr'><strong>φθαρεῖσαν</strong></span> <span class='ocrx_word' id='word_1_592' title='bbox 3700 3047 3791 3079; x_wconf 88' lang='grc' dir='ltr'>και</span> <span class='ocrx_word' id='word_1_593' title='bbox 3846 3025 4168 3079; x_wconf 70' lang='grc' dir='ltr'><strong>ἐκλιποῦσαν</strong></span> 
     </span>
    </p>
   </div>
   <div class='ocr_carea' id='block_1_84' title="bbox 2557 3112 4163 3189">
    <p class='ocr_par' dir='ltr' id='par_1_84' title="bbox 2557 3112 4163 3189">
     <span class='ocr_line' id='line_1_84' title="bbox 2557 3112 4163 3189; baseline 0 -24"><span class='ocrx_word' id='word_1_594' title='bbox 2557 3116 2708 3176; x_wconf 76' lang='grc' dir='ltr'><strong>αὐθις</strong></span> <span class='ocrx_word' id='word_1_595' title='bbox 2773 3113 2946 3189; x_wconf 80' lang='grc' dir='ltr'><strong>ὥσπερ</strong></span> <span class='ocrx_word' id='word_1_596' title='bbox 3024 3113 3384 3181; x_wconf 74' lang='grc' dir='ltr'><strong>ἁναϐιὼσκειν,</strong></span> <span class='ocrx_word' id='word_1_597' title='bbox 3471 3115 3580 3168; x_wconf 79' lang='grc' dir='ltr'><strong>ἐπεί</strong></span> <span class='ocrx_word' id='word_1_598' title='bbox 3649 3112 3790 3188; x_wconf 75' lang='grc' dir='ltr'><strong>μηδὲ</strong></span> <span class='ocrx_word' id='word_1_599' title='bbox 3873 3117 3918 3151; x_wconf 82' lang='grc'>²¹</span> <span class='ocrx_word' id='word_1_600' title='bbox 3999 3113 4163 3185; x_wconf 75' lang='grc' dir='ltr'>ψυχὴ</span> 
     </span>
    </p>
   </div>
   <div class='ocr_carea' id='block_1_85' title="bbox 2554 3199 4167 3278">
    <p class='ocr_par' dir='ltr' id='par_1_85' title="bbox 2554 3199 4167 3278">
     <span class='ocr_line' id='line_1_85' title="bbox 2554 3199 4167 3278; baseline 0 -24"><span class='ocrx_word' id='word_1_601' title='bbox 2554 3202 2694 3255; x_wconf 81' lang='grc' dir='ltr'><strong>τοῦτ’</strong></span> <span class='ocrx_word' id='word_1_602' title='bbox 2749 3199 2798 3254; x_wconf 83' lang='grc' dir='ltr'>ἐν</span> <span class='ocrx_word' id='word_1_603' title='bbox 2866 3204 3038 3266; x_wconf 74' lang='grc' dir='ltr'><strong>ἄλλοις</strong></span> <span class='ocrx_word' id='word_1_604' title='bbox 3087 3205 3278 3278; x_wconf 76' lang='grc' dir='ltr'><strong>φθορὰν</strong></span> <span class='ocrx_word' id='word_1_605' title='bbox 3322 3205 3504 3257; x_wconf 84' lang='grc' dir='ltr'><strong>ἔπαθεν</strong></span> <span class='ocrx_word' id='word_1_606' title='bbox 3535 3200 3650 3256; x_wconf 71' lang='grc' dir='ltr'>οὐδ’</span> <span class='ocrx_word' id='word_1_607' title='bbox 3693 3203 3752 3256; x_wconf 78' lang='grc' dir='ltr'>οὐ</span> <span class='ocrx_word' id='word_1_608' title='bbox 3800 3207 4002 3276; x_wconf 83' lang='grc' dir='ltr'><strong>μήποτε</strong></span> <span class='ocrx_word' id='word_1_609' title='bbox 4058 3205 4167 3254; x_wconf 82' lang='grc' dir='ltr'><strong>ποί-</strong></span> 
     </span>
    </p>
   </div>
   <div class='ocr_carea' id='block_1_86' title="bbox 2558 3289 4168 3366">
    <p class='ocr_par' dir='ltr' id='par_1_86' title="bbox 2558 3289 4168 3366">
     <span class='ocr_line' id='line_1_86' title="bbox 2558 3289 4168 3366; baseline -0.001 -23"><span class='ocrx_word' id='word_1_610' title='bbox 2558 3293 2619 3364; x_wconf 80' lang='grc' dir='ltr'><strong>θῃ</strong></span> <span class='ocrx_word' id='word_1_611' title='bbox 2671 3294 2741 3348; x_wconf 82' lang='grc'>²².</span> <span class='ocrx_word' id='word_1_612' title='bbox 2805 3295 2894 3348; x_wconf 84' lang='grc' dir='ltr'><strong>Ἐκ</strong></span> <span class='ocrx_word' id='word_1_613' title='bbox 2933 3296 3023 3366; x_wconf 73' lang='grc' dir='ltr'><strong>μὲν</strong></span> <span class='ocrx_word' id='word_1_614' title='bbox 3076 3289 3164 3344; x_wconf 78' lang='grc' dir='ltr'>οὖν</span> <span class='ocrx_word' id='word_1_615' title='bbox 3209 3292 3276 3343; x_wconf 84' lang='grc' dir='ltr'><strong>ὧν</strong></span> <span class='ocrx_word' id='word_1_616' title='bbox 3332 3291 3489 3353; x_wconf 75' lang='grc' dir='ltr'><strong>αὐτὸς</strong></span> <span class='ocrx_word' id='word_1_617' title='bbox 3553 3294 3828 3356; x_wconf 80' lang='grc' dir='ltr'><strong>ὑποτίθης,</strong></span> <span class='ocrx_word' id='word_1_618' title='bbox 3882 3311 3969 3343; x_wconf 82' lang='grc' dir='ltr'>και</span> <span class='ocrx_word' id='word_1_619' title='bbox 4021 3290 4168 3343; x_wconf 79' lang='grc' dir='ltr'><strong>τοῦτ’</strong></span> 
     </span>
    </p>
   </div>
   <div class='ocr_carea' id='block_1_87' title="bbox 2556 3378 4168 3454">
    <p class='ocr_par' dir='ltr' id='par_1_87' title="bbox 2556 3378 4168 3454">
     <span class='ocr_line' id='line_1_87' title="bbox 2556 3378 4168 3454; baseline -0.001 -22"><span class='ocrx_word' id='word_1_620' title='bbox 2556 3383 2698 3432; x_wconf 67' lang='grc' dir='ltr'><strong>ἐστίν</strong></span> <span class='ocrx_word' id='word_1_621' title='bbox 2728 3381 2782 3446; x_wconf 84' lang='grc' dir='ltr'>ἐξ</span> <span class='ocrx_word' id='word_1_622' title='bbox 2809 3381 3039 3454; x_wconf 79' lang='grc' dir='ltr'><strong>ἀνάγκης</strong></span> <span class='ocrx_word' id='word_1_623' title='bbox 3081 3380 3388 3454; x_wconf 71' lang='grc' dir='ltr'><strong>συμϐαῖνον,</strong></span> <span class='ocrx_word' id='word_1_624' title='bbox 3445 3380 3501 3432; x_wconf 89' lang='grc' dir='ltr'>ἐκ</span> <span class='ocrx_word' id='word_1_625' title='bbox 3547 3378 3598 3433; x_wconf 73' lang='grc' dir='ltr'>δ’</span> <span class='ocrx_word' id='word_1_626' title='bbox 3652 3379 3719 3433; x_wconf 84' lang='grc' dir='ltr'><strong>ὧν</strong></span> <span class='ocrx_word' id='word_1_627' title='bbox 3774 3384 3921 3454; x_wconf 79' lang='grc' dir='ltr'><strong>ἡμεῖς</strong></span> <span class='ocrx_word' id='word_1_628' title='bbox 3974 3398 4168 3452; x_wconf 70' lang='grc' dir='ltr'><strong>φαμεν,</strong></span> 
     </span>
    </p>
   </div>
   <div class='ocr_carea' id='block_1_88' title="bbox 2556 3466 4169 3544">
    <p class='ocr_par' dir='ltr' id='par_1_88' title="bbox 2556 3466 4169 3544">
     <span class='ocr_line' id='line_1_88' title="bbox 2556 3466 4169 3544; baseline -0.001 -22"><span class='ocrx_word' id='word_1_629' title='bbox 2556 3469 2714 3524; x_wconf 86' lang='grc' dir='ltr'><strong>ἐκεῖνο</strong></span> <span class='ocrx_word' id='word_1_630' title='bbox 2743 3472 2936 3544; x_wconf 82' lang='grc' dir='ltr'><strong>μᾶλλον</strong></span> <span class='ocrx_word' id='word_1_631' title='bbox 2975 3472 3035 3524; x_wconf 81' lang='grc' dir='ltr'><strong>οἷν</strong></span> <span class='ocrx_word' id='word_1_632' title='bbox 3090 3475 3167 3528; x_wconf 85' lang='grc' dir='ltr'>εἰη</span> <span class='ocrx_word' id='word_1_633' title='bbox 3209 3467 3264 3523; x_wconf 81' lang='grc' dir='ltr'><strong>εὖ</strong></span> <span class='ocrx_word' id='word_1_634' title='bbox 3297 3471 3439 3542; x_wconf 79' lang='grc' dir='ltr'><strong>μάλα</strong></span> <span class='ocrx_word' id='word_1_635' title='bbox 3488 3491 3577 3523; x_wconf 91' lang='grc' dir='ltr'>και</span> <span class='ocrx_word' id='word_1_636' title='bbox 3630 3471 3795 3534; x_wconf 86' lang='grc' dir='ltr'><strong>καλῶς</strong></span> <span class='ocrx_word' id='word_1_637' title='bbox 3850 3466 4169 3541; x_wconf 77' lang='grc' dir='ltr'><strong>ἀποδεδειγο</strong></span> 
     </span>
    </p>
   </div>
   <div class='ocr_carea' id='block_1_89' title="bbox 2555 3557 4171 3633">
    <p class='ocr_par' dir='ltr' id='par_1_89' title="bbox 2555 3557 4171 3633">
     <span class='ocr_line' id='line_1_89' title="bbox 2555 3557 4171 3633; baseline -0.001 -20"><span class='ocrx_word' id='word_1_638' title='bbox 2555 3564 2726 3632; x_wconf 84' lang='grc' dir='ltr'><strong>μένον,</strong></span> <span class='ocrx_word' id='word_1_639' title='bbox 2749 3567 2877 3633; x_wconf 86' lang='grc' dir='ltr'><strong>μήτε</strong></span> <span class='ocrx_word' id='word_1_640' title='bbox 2923 3557 3167 3618; x_wconf 79' lang='grc' dir='ltr'><strong>δηλονότι</strong></span> <span class='ocrx_word' id='word_1_641' title='bbox 3220 3557 3486 3633; x_wconf 75' lang='grc' dir='ltr'><strong>μηδεμίαν</strong></span> <span class='ocrx_word' id='word_1_642' title='bbox 3539 3565 3722 3619; x_wconf 80' lang='grc' dir='ltr'><strong>νόησιν</strong></span> <span class='ocrx_word' id='word_1_643' title='bbox 3769 3559 3953 3632; x_wconf 69' lang='grc' dir='ltr'><strong>ψυχῆς</strong></span> <span class='ocrx_word' id='word_1_644' title='bbox 3998 3568 4171 3611; x_wconf 76' lang='grc' dir='ltr'><strong>οὖσαν</strong></span> 
     </span>
    </p>
   </div>
   <div class='ocr_carea' id='block_1_90' title="bbox 2554 3647 3762 3726">
    <p class='ocr_par' dir='ltr' id='par_1_90' title="bbox 2554 3647 3762 3726">
     <span class='ocr_line' id='line_1_90' title="bbox 2554 3647 3762 3726; baseline -0.001 -24"><span class='ocrx_word' id='word_1_645' title='bbox 2554 3648 2808 3726; x_wconf 85' lang='grc' dir='ltr'><strong>ἐνέργειαν</strong></span> <span class='ocrx_word' id='word_1_646' title='bbox 2905 3649 3065 3710; x_wconf 75' lang='grc' dir='ltr'><strong>αὐτῆς</strong></span> <span class='ocrx_word' id='word_1_647' title='bbox 3174 3647 3550 3725; x_wconf 79' lang='grc' dir='ltr'><strong>ἁπερῥυηκέναι</strong></span> <span class='ocrx_word' id='word_1_648' title='bbox 3638 3649 3762 3721; x_wconf 81' lang='grc' dir='ltr'><strong>μήτ’</strong></span> 
     </span>
    </p>
   </div>
   <div class='ocr_carea' id='block_1_91' title="bbox 2558 3740 3505 3816">
    <p class='ocr_par' dir='ltr' id='par_1_91' title="bbox 2558 3740 3505 3816">
     <span class='ocr_line' id='line_1_91' title="bbox 2558 3740 3505 3816; baseline 0 -24"><span class='ocrx_word' id='word_1_649' title='bbox 2558 3740 2983 3816; x_wconf 74' lang='grc' dir='ltr'><strong>συναποῤῥυῆναι</strong></span> <span class='ocrx_word' id='word_1_650' title='bbox 3048 3740 3096 3775; x_wconf 72' lang='grc'>³³</span> <span class='ocrx_word' id='word_1_651' title='bbox 3149 3743 3314 3813; x_wconf 71' lang='grc' dir='ltr'><strong>ταύτῃ</strong></span> <span class='ocrx_word' id='word_1_652' title='bbox 3415 3759 3505 3792; x_wconf 89' lang='grc' dir='ltr'>και</span> 
     </span>
    </p>
   </div>
   <div class='ocr_carea' id='block_1_92' title="bbox 2905 3648 4171 3721">
    <p class='ocr_par' dir='ltr' id='par_1_92' title="bbox 2905 3648 4171 3721">
     <span class='ocr_line' id='line_1_92' title="bbox 2905 3648 4171 3721; baseline -0.002 -19"><span class='ocrx_word' id='word_1_653' title='bbox 2905 3649 3065 3710; x_wconf 75' lang='grc' dir='ltr'><strong>αὐτῆς</strong></span> <span class='ocrx_word' id='word_1_654' title='bbox 3174 3648 3550 3721; x_wconf 79' lang='grc' dir='ltr'><strong>ἁπερῥυηκέναι</strong></span> <span class='ocrx_word' id='word_1_655' title='bbox 3638 3649 3762 3721; x_wconf 81' lang='grc' dir='ltr'><strong>μήτ’</strong></span> <span class='ocrx_word' id='word_1_656' title='bbox 3863 3648 4171 3721; x_wconf 75' lang='grc' dir='ltr'><strong>ἐπιστήμην</strong></span> 
     </span>
    </p>
   </div>
   <div class='ocr_carea' id='block_1_93' title="bbox 3609 3735 4171 3812">
    <p class='ocr_par' dir='ltr' id='par_1_93' title="bbox 3609 3735 4171 3812">
     <span class='ocr_line' id='line_1_93' title="bbox 3609 3735 4171 3812; baseline -0.007 -20"><span class='ocrx_word' id='word_1_657' title='bbox 3609 3735 3909 3812; x_wconf 72' lang='grc' dir='ltr'><strong>διεφάρθαι.</strong></span> <span class='ocrx_word' id='word_1_658' title='bbox 4025 3737 4171 3792; x_wconf 83' lang='grc' dir='ltr'><strong>Ἀλλ’</strong></span> 
     </span>
    </p>
   </div>
   <div class='ocr_carea' id='block_1_94' title="bbox 2555 3823 4170 3902">
    <p class='ocr_par' dir='ltr' id='par_1_94' title="bbox 2555 3823 4170 3902">
     <span class='ocr_line' id='line_1_94' title="bbox 2555 3823 4170 3902; baseline -0.001 -23"><span class='ocrx_word' id='word_1_659' title='bbox 2555 3824 2679 3880; x_wconf 75' lang='grc' dir='ltr'>οὐδὲ</span> <span class='ocrx_word' id='word_1_660' title='bbox 2711 3831 2831 3881; x_wconf 76' lang='grc' dir='ltr'><strong>ποτε</strong></span> <span class='ocrx_word' id='word_1_661' title='bbox 2851 3833 2941 3902; x_wconf 84' lang='grc' dir='ltr'>μέν</span> <span class='ocrx_word' id='word_1_662' title='bbox 2963 3827 3145 3881; x_wconf 81' lang='grc' dir='ltr'><strong>ἐνεῖναι</strong></span> <span class='ocrx_word' id='word_1_663' title='bbox 3175 3837 3236 3901; x_wconf 74' lang='grc' dir='ltr'><strong>τῇ</strong></span> <span class='ocrx_word' id='word_1_664' title='bbox 3284 3827 3463 3901; x_wconf 66' lang='grc' dir='ltr'><strong>ψυχῇ,</strong></span> <span class='ocrx_word' id='word_1_665' title='bbox 3508 3831 3632 3881; x_wconf 70' lang='grc' dir='ltr'><strong>ποτε</strong></span> <span class='ocrx_word' id='word_1_666' title='bbox 3701 3824 3759 3880; x_wconf 74' lang='grc' dir='ltr'><strong>δε</strong></span> <span class='ocrx_word' id='word_1_667' title='bbox 3824 3833 3894 3900; x_wconf 80' lang='grc' dir='ltr'>μή</span> <span class='ocrx_word' id='word_1_668' title='bbox 3946 3823 4081 3880; x_wconf 83' lang='grc' dir='ltr'><strong>εἶναι</strong></span> <span class='ocrx_word' id='word_1_669' title='bbox 4155 3846 4170 3860; x_wconf 91' lang='grc'><strong>·</strong></span> 
     </span>
    </p>
   </div>
   <div class='ocr_carea' id='block_1_95' title="bbox 2553 3914 4176 3992">
    <p class='ocr_par' dir='ltr' id='par_1_95' title="bbox 2553 3914 4176 3992">
     <span class='ocr_line' id='line_1_95' title="bbox 2553 3914 4176 3992; baseline 0 -24"><span class='ocrx_word' id='word_1_670' title='bbox 2553 3925 2645 3970; x_wconf 79' lang='grc' dir='ltr'>τοῦ</span> <span class='ocrx_word' id='word_1_671' title='bbox 2665 3916 2847 3970; x_wconf 77' lang='grc' dir='ltr'><strong>λοιποῦ</strong></span> <span class='ocrx_word' id='word_1_672' title='bbox 2899 3921 3000 3992; x_wconf 82' lang='grc' dir='ltr'><strong>γὰρ</strong></span> <span class='ocrx_word' id='word_1_673' title='bbox 3045 3919 3182 3978; x_wconf 78' lang='grc' dir='ltr'><strong>ξὼου</strong></span> <span class='ocrx_word' id='word_1_674' title='bbox 3241 3925 3395 3969; x_wconf 74' lang='grc' dir='ltr'><strong>τοῦτο</strong></span> <span class='ocrx_word' id='word_1_675' title='bbox 3443 3914 3686 3970; x_wconf 78' lang='grc' dir='ltr'><strong>δεκτικόν</strong></span> <span class='ocrx_word' id='word_1_676' title='bbox 3739 3920 3829 3990; x_wconf 67' lang='grc' dir='ltr'>μὲν</span> <span class='ocrx_word' id='word_1_677' title='bbox 3877 3915 4176 3989; x_wconf 82' lang='grc' dir='ltr'><strong>ἐπιετήμης</strong></span> 
     </span>
    </p>
   </div>
   <div class='ocr_carea' id='block_1_96' title="bbox 2555 4002 4170 4080">
    <p class='ocr_par' dir='ltr' id='par_1_96' title="bbox 2555 4002 4170 4080">
     <span class='ocr_line' id='line_1_96' title="bbox 2555 4002 4170 4080; baseline -0.001 -21"><span class='ocrx_word' id='word_1_678' title='bbox 2555 4006 2681 4060; x_wconf 79' lang='grc' dir='ltr'>αὐτό</span> <span class='ocrx_word' id='word_1_679' title='bbox 2711 4009 3042 4080; x_wconf 84' lang='grc' dir='ltr'><strong>γεγενῆσθαι,</strong></span> <span class='ocrx_word' id='word_1_680' title='bbox 3062 4016 3152 4068; x_wconf 80' lang='grc' dir='ltr'><strong>τῆς</strong></span> <span class='ocrx_word' id='word_1_681' title='bbox 3174 4006 3362 4079; x_wconf 72' lang='grc' dir='ltr'><strong>ψυχῆς</strong></span> <span class='ocrx_word' id='word_1_682' title='bbox 3401 4005 3621 4069; x_wconf 81' lang='grc' dir='ltr'><strong>ἐνιείσης</strong></span> <span class='ocrx_word' id='word_1_683' title='bbox 3674 4025 3764 4058; x_wconf 89' lang='grc' dir='ltr'>και</span> <span class='ocrx_word' id='word_1_684' title='bbox 3810 4002 4170 4078; x_wconf 72' lang='grc' dir='ltr'><strong>μεταδούσης,</strong></span> 
     </span>
    </p>
   </div>
   <div class='ocr_carea' id='block_1_97' title="bbox 2554 4091 4174 4159">
    <p class='ocr_par' dir='ltr' id='par_1_97' title="bbox 2554 4091 4174 4159">
     <span class='ocr_line' id='line_1_97' title="bbox 2554 4091 4174 4159; baseline -0.001 -11"><span class='ocrx_word' id='word_1_685' title='bbox 2554 4092 2705 4159; x_wconf 77' lang='grc' dir='ltr'><strong>αὖθις</strong></span> <span class='ocrx_word' id='word_1_686' title='bbox 2772 4093 2824 4149; x_wconf 79' lang='grc' dir='ltr'>δ’</span> <span class='ocrx_word' id='word_1_687' title='bbox 2893 4115 2993 4149; x_wconf 88' lang='grc' dir='ltr'>απο</span> <span class='ocrx_word' id='word_1_688' title='bbox 3030 4096 3280 4149; x_wconf 61' lang='grc' dir='ltr'><strong>ϐαλέσθαι</strong></span> <span class='ocrx_word' id='word_1_689' title='bbox 3356 4098 3404 4132; x_wconf 71' lang='grc'>³⁸</span> <span class='ocrx_word' id='word_1_690' title='bbox 3492 4095 3843 4149; x_wconf 74' lang='grc' dir='ltr'><strong>ἀναϐαλέσθαι</strong></span> <span class='ocrx_word' id='word_1_691' title='bbox 3899 4114 3953 4148; x_wconf 86' lang='grc' dir='ltr'>τε</span> <span class='ocrx_word' id='word_1_692' title='bbox 4012 4091 4174 4156; x_wconf 80' lang='grc' dir='ltr'><strong>αὖθις</strong></span> 
     </span>
    </p>
   </div>
   <div class='ocr_carea' id='block_1_98' title="bbox 2554 4184 4172 4262">
    <p class='ocr_par' dir='ltr' id='par_1_98' title="bbox 2554 4184 4172 4262">
     <span class='ocr_line' id='line_1_98' title="bbox 2554 4184 4172 4262; baseline -0.002 -23"><span class='ocrx_word' id='word_1_693' title='bbox 2554 4205 2644 4239; x_wconf 85' lang='grc' dir='ltr'>και</span> <span class='ocrx_word' id='word_1_694' title='bbox 2664 4192 2834 4262; x_wconf 86' lang='grc' dir='ltr'><strong>χωρίς</strong></span> <span class='ocrx_word' id='word_1_695' title='bbox 2855 4187 3020 4249; x_wconf 76' lang='grc' dir='ltr'><strong>αὐτῆς</strong></span> <span class='ocrx_word' id='word_1_696' title='bbox 3067 4187 3216 4248; x_wconf 82' lang='grc' dir='ltr'><strong>αὖθις</strong></span> <span class='ocrx_word' id='word_1_697' title='bbox 3273 4194 3462 4260; x_wconf 84' lang='grc' dir='ltr'><strong>μεῖναι,</strong></span> <span class='ocrx_word' id='word_1_698' title='bbox 3521 4207 3612 4239; x_wconf 86' lang='grc' dir='ltr'>και</span> <span class='ocrx_word' id='word_1_699' title='bbox 3659 4205 3813 4240; x_wconf 87' lang='grc' dir='ltr'><strong>τουτο</strong></span> <span class='ocrx_word' id='word_1_700' title='bbox 3864 4184 4121 4246; x_wconf 75' lang='grc' dir='ltr'><strong>πολλάκις</strong></span> <span class='ocrx_word' id='word_1_701' title='bbox 4157 4206 4172 4218; x_wconf 87' lang='grc'><strong>·</strong></span> 
     </span>
    </p>
   </div>
   <div class='ocr_carea' id='block_1_99' title="bbox 2553 4271 4174 4348">
    <p class='ocr_par' dir='ltr' id='par_1_99' title="bbox 2553 4271 4174 4348">
     <span class='ocr_line' id='line_1_99' title="bbox 2553 4271 4174 4348; baseline -0.001 -20"><span class='ocrx_word' id='word_1_702' title='bbox 2553 4274 2579 4328; x_wconf 88' lang='grc' dir='ltr'>ὃ</span> <span class='ocrx_word' id='word_1_703' title='bbox 2631 4271 2698 4335; x_wconf 82' lang='grc' dir='ltr'><strong>δή</strong></span> <span class='ocrx_word' id='word_1_704' title='bbox 2748 4278 2910 4337; x_wconf 84' lang='grc' dir='ltr'><strong>πάθος</strong></span> <span class='ocrx_word' id='word_1_705' title='bbox 2962 4280 3053 4329; x_wconf 75' lang='grc' dir='ltr'><strong>καὶ</strong></span> <span class='ocrx_word' id='word_1_706' title='bbox 3110 4279 3194 4329; x_wconf 85' lang='grc' dir='ltr'>ἐπὶ</span> <span class='ocrx_word' id='word_1_707' title='bbox 3241 4284 3330 4329; x_wconf 76' lang='grc' dir='ltr'>του</span> <span class='ocrx_word' id='word_1_708' title='bbox 3380 4278 3427 4312; x_wconf 79' lang='grc'>³⁵</span> <span class='ocrx_word' id='word_1_709' title='bbox 3495 4272 3691 4337; x_wconf 78' lang='grc' dir='ltr'><strong>ὕδατος</strong></span> <span class='ocrx_word' id='word_1_710' title='bbox 3767 4277 3981 4348; x_wconf 84' lang='grc' dir='ltr'><strong>ὁρῶμεν,</strong></span> <span class='ocrx_word' id='word_1_711' title='bbox 4056 4273 4174 4343; x_wconf 73' lang='grc' dir='ltr'>ψυ-</span> 
     </span>
    </p>
   </div>
   <div class='ocr_carea' id='block_1_100' title="bbox 2552 4350 4178 4439">
    <p class='ocr_par' dir='ltr' id='par_1_100' title="bbox 2552 4350 4178 4439">
     <span class='ocr_line' id='line_1_100' title="bbox 2552 4350 4178 4439; baseline -0.001 -22"><span class='ocrx_word' id='word_1_712' title='bbox 2552 4364 2688 4439; x_wconf 75' lang='grc' dir='ltr'>ψροῡ</span> <span class='ocrx_word' id='word_1_713' title='bbox 2765 4369 2854 4438; x_wconf 66' lang='grc' dir='ltr'>μὲν</span> <span class='ocrx_word' id='word_1_714' title='bbox 2936 4369 3098 4437; x_wconf 79' lang='grc' dir='ltr'><strong>ὄντος,</strong></span> <span class='ocrx_word' id='word_1_715' title='bbox 3177 4364 3231 4418; x_wconf 86' lang='grc' dir='ltr'>ἐκ</span> <span class='ocrx_word' id='word_1_716' title='bbox 3285 4362 3345 4418; x_wconf 74' lang='grc' dir='ltr'>δὲ</span> <span class='ocrx_word' id='word_1_717' title='bbox 3397 4369 3562 4438; x_wconf 86' lang='grc' dir='ltr'><strong>πυρός</strong></span> <span class='ocrx_word' id='word_1_718' title='bbox 3613 4367 4016 4439; x_wconf 77' lang='grc' dir='ltr'><strong>θερμαινομένου</strong></span> <span class='ocrx_word' id='word_1_719' title='bbox 4074 4350 4178 4416; x_wconf 74' lang='grc' dir='ltr'><strong>εἶθ’</strong></span> 
     </span>
    </p>
   </div>
   <div class='ocr_carea' id='block_1_101' title="bbox 2554 4449 4175 4529">
    <p class='ocr_par' dir='ltr' id='par_1_101' title="bbox 2554 4449 4175 4529">
     <span class='ocr_line' id='line_1_101' title="bbox 2554 4449 4175 4529; baseline -0.002 -22"><span class='ocrx_word' id='word_1_720' title='bbox 2554 4455 2676 4529; x_wconf 87' lang='grc' dir='ltr'><strong>ὅπερ</strong></span> <span class='ocrx_word' id='word_1_721' title='bbox 2733 4450 2794 4514; x_wconf 82' lang='grc' dir='ltr'><strong>ἧν</strong></span> <span class='ocrx_word' id='word_1_722' title='bbox 2846 4455 2999 4507; x_wconf 77' lang='grc' dir='ltr'><strong>πάλιν</strong></span> <span class='ocrx_word' id='word_1_723' title='bbox 3046 4454 3264 4529; x_wconf 69' lang='grc' dir='ltr'>ψυχροῦ</span> <span class='ocrx_word' id='word_1_724' title='bbox 3316 4460 3589 4526; x_wconf 84' lang='grc' dir='ltr'><strong>γεγονότος</strong></span> <span class='ocrx_word' id='word_1_725' title='bbox 3639 4474 3652 4488; x_wconf 87' lang='grc'><strong>·</strong></span> <span class='ocrx_word' id='word_1_726' title='bbox 3715 4453 3871 4525; x_wconf 72' lang='grc' dir='ltr'><strong>ψυχή</strong></span> <span class='ocrx_word' id='word_1_727' title='bbox 3940 4449 3998 4506; x_wconf 65' lang='grc' dir='ltr'><strong>δε</strong></span> <span class='ocrx_word' id='word_1_728' title='bbox 4049 4453 4175 4504; x_wconf 73' lang='grc' dir='ltr'><strong>κατ’</strong></span> 
     </span>
    </p>
   </div>
   <div class='ocr_carea' id='block_1_102' title="bbox 2555 4541 4179 4617">
    <p class='ocr_par' dir='ltr' id='par_1_102' title="bbox 2555 4541 4179 4617">
     <span class='ocr_line' id='line_1_102' title="bbox 2555 4541 4179 4617; baseline -0.001 -21"><span class='ocrx_word' id='word_1_729' title='bbox 2555 4542 2853 4617; x_wconf 83' lang='grc' dir='ltr'><strong>ἐπιστήμην</strong></span> <span class='ocrx_word' id='word_1_730' title='bbox 2918 4564 3007 4597; x_wconf 89' lang='grc' dir='ltr'>και</span> <span class='ocrx_word' id='word_1_731' title='bbox 3076 4551 3192 4596; x_wconf 78' lang='grc' dir='ltr'><strong>νοῦν</strong></span> <span class='ocrx_word' id='word_1_732' title='bbox 3269 4541 3420 4597; x_wconf 67' lang='grc' dir='ltr'><strong>οὐδὲν</strong></span> <span class='ocrx_word' id='word_1_733' title='bbox 3460 4553 3522 4603; x_wconf 82' lang='grc' dir='ltr'><strong>ἣν</strong></span> <span class='ocrx_word' id='word_1_734' title='bbox 3571 4551 3803 4596; x_wconf 82' lang='grc' dir='ltr'><strong>τοῖοῡτον</strong></span> <span class='ocrx_word' id='word_1_735' title='bbox 3843 4543 4024 4613; x_wconf 67' lang='grc' dir='ltr'><strong>πάθοι,</strong></span> <span class='ocrx_word' id='word_1_736' title='bbox 4088 4544 4179 4594; x_wconf 82' lang='grc' dir='ltr'><strong>ὅτι</strong></span> 
     </span>
    </p>
   </div>
   <div class='ocr_carea' id='block_1_103' title="bbox 2556 4630 4179 4707">
    <p class='ocr_par' dir='ltr' id='par_1_103' title="bbox 2556 4630 4179 4707">
     <span class='ocr_line' id='line_1_103' title="bbox 2556 4630 4179 4707; baseline -0.002 -21"><span class='ocrx_word' id='word_1_737' title='bbox 2556 4631 2694 4707; x_wconf 71' lang='grc' dir='ltr'><strong>μηδὲ</strong></span> <span class='ocrx_word' id='word_1_738' title='bbox 2714 4636 2852 4687; x_wconf 83' lang='grc' dir='ltr'><strong>κατὰ</strong></span> <span class='ocrx_word' id='word_1_739' title='bbox 2879 4636 2935 4686; x_wconf 90' lang='grc' dir='ltr'><strong>τὸ</strong></span> <span class='ocrx_word' id='word_1_740' title='bbox 2984 4633 3080 4706; x_wconf 77' lang='grc' dir='ltr'>ζῇν</span> <span class='ocrx_word' id='word_1_741' title='bbox 3120 4635 3343 4704; x_wconf 79' lang='grc' dir='ltr'><strong>πάσχει.</strong></span> <span class='ocrx_word' id='word_1_742' title='bbox 3398 4633 3586 4707; x_wconf 73' lang='grc' dir='ltr'><strong>’Λμφω</strong></span> <span class='ocrx_word' id='word_1_743' title='bbox 3643 4636 3742 4705; x_wconf 83' lang='grc' dir='ltr'><strong>γὰρ</strong></span> <span class='ocrx_word' id='word_1_744' title='bbox 3799 4636 3986 4698; x_wconf 67' lang='grc' dir='ltr'><strong>ταῦτα,</strong></span> <span class='ocrx_word' id='word_1_745' title='bbox 4037 4630 4179 4705; x_wconf 52' lang='lat' dir='ltr'>Euip-</span> 
     </span>
    </p>
   </div>
   <div class='ocr_carea' id='block_1_104' title="bbox 2908 4720 4176 4796">
    <p class='ocr_par' dir='ltr' id='par_1_104' title="bbox 2908 4720 4176 4796">
     <span class='ocr_line' id='line_1_104' title="bbox 2908 4720 4176 4796; baseline -0.002 -22"><span class='ocrx_word' id='word_1_746' title='bbox 2908 4731 3061 4794; x_wconf 82' lang='grc' dir='ltr'><strong>νοεὶν,</strong></span> <span class='ocrx_word' id='word_1_747' title='bbox 3151 4724 3216 4784; x_wconf 80' lang='grc' dir='ltr'><strong>ὡς</strong></span> <span class='ocrx_word' id='word_1_748' title='bbox 3304 4743 3393 4775; x_wconf 88' lang='grc' dir='ltr'>και</span> <span class='ocrx_word' id='word_1_749' title='bbox 3477 4730 3569 4775; x_wconf 74' lang='grc' dir='ltr'>τοῦ</span> <span class='ocrx_word' id='word_1_750' title='bbox 3615 4725 3780 4796; x_wconf 88' lang='grc' dir='ltr'><strong>πυρὸς</strong></span> <span class='ocrx_word' id='word_1_751' title='bbox 3837 4726 3896 4773; x_wconf 87' lang='grc' dir='ltr'>τό</span> <span class='ocrx_word' id='word_1_752' title='bbox 3960 4720 4176 4792; x_wconf 73' lang='grc' dir='ltr'><strong>φλέγειν</strong></span> 
     </span>
    </p>
   </div>
   <div class='ocr_carea' id='block_1_105' title="bbox 782 4805 4176 4887">
    <p class='ocr_par' dir='ltr' id='par_1_105' title="bbox 782 4805 4176 4887">
     <span class='ocr_line' id='line_1_105' title="bbox 782 4805 4176 4887; baseline -0.001 -24"><span class='ocrx_word' id='word_1_753' title='bbox 782 4811 916 4884; x_wconf 84' lang='grc' dir='ltr'><strong>ὁμοῦ</strong></span> <span class='ocrx_word' id='word_1_754' title='bbox 945 4829 1034 4863; x_wconf 86' lang='grc' dir='ltr'>και</span> <span class='ocrx_word' id='word_1_755' title='bbox 1083 4812 1143 4864; x_wconf 86' lang='grc' dir='ltr'><strong>τὸ</strong></span> <span class='ocrx_word' id='word_1_756' title='bbox 1204 4811 1252 4846; x_wconf 80' lang='grc'>²⁶</span> <span class='ocrx_word' id='word_1_757' title='bbox 1296 4809 1556 4883; x_wconf 66' lang='grc' dir='ltr'><strong>φωτίζειν,</strong></span> <span class='ocrx_word' id='word_1_758' title='bbox 1619 4829 1710 4863; x_wconf 87' lang='grc' dir='ltr'>και</span> <span class='ocrx_word' id='word_1_759' title='bbox 1751 4806 1903 4862; x_wconf 62' lang='grc' dir='ltr'><strong>οὐδέν</strong></span> <span class='ocrx_word' id='word_1_760' title='bbox 1961 4813 2155 4862; x_wconf 71' lang='grc' dir='ltr'><strong>τούτων</strong></span> <span class='ocrx_word' id='word_1_761' title='bbox 2215 4809 2492 4881; x_wconf 81' lang='grc' dir='ltr'><strong>ἀπόλλυσι,</strong></span> <span class='ocrx_word' id='word_1_762' title='bbox 2528 4820 2633 4887; x_wconf 84' lang='grc' dir='ltr'><strong>πῦρ</strong></span> <span class='ocrx_word' id='word_1_763' title='bbox 2689 4808 2864 4870; x_wconf 78' lang='grc' dir='ltr'><strong>δήπου</strong></span> <span class='ocrx_word' id='word_1_764' title='bbox 2896 4817 3063 4885; x_wconf 81' lang='grc' dir='ltr'><strong>μένον.</strong></span> <span class='ocrx_word' id='word_1_765' title='bbox 3121 4811 3246 4865; x_wconf 72' lang='grc' dir='ltr'>Οὕτ’</span> <span class='ocrx_word' id='word_1_766' title='bbox 3299 4812 3388 4864; x_wconf 81' lang='grc' dir='ltr'><strong>ὀῦν</strong></span> <span class='ocrx_word' id='word_1_767' title='bbox 3435 4811 3573 4874; x_wconf 81' lang='grc' dir='ltr'><strong>ζωῆς</strong></span> <span class='ocrx_word' id='word_1_768' title='bbox 3617 4814 3806 4872; x_wconf 82' lang='grc' dir='ltr'><strong>ταύτης</strong></span> <span class='ocrx_word' id='word_1_769' title='bbox 3843 4811 3959 4862; x_wconf 83' lang='grc' dir='ltr'><strong>κατ’</strong></span> <span class='ocrx_word' id='word_1_770' title='bbox 4015 4805 4176 4861; x_wconf 61' lang='grc' dir='ltr'><strong>οὗτῒεν</strong></span> 
     </span>
    </p>
   </div>
   <div class='ocr_carea' id='block_1_106' title="bbox 781 4896 4178 4978">
    <p class='ocr_par' dir='ltr' id='par_1_106' title="bbox 781 4896 4178 4978">
     <span class='ocr_line' id='line_1_106' title="bbox 781 4896 4178 4978; baseline -0.001 -23"><span class='ocrx_word' id='word_1_771' title='bbox 781 4898 1010 4976; x_wconf 66' lang='grc' dir='ltr'><strong>οὐδεμία</strong></span> <span class='ocrx_word' id='word_1_772' title='bbox 1052 4901 1239 4978; x_wconf 68' lang='grc' dir='ltr'><strong>φθορὰ,</strong></span> <span class='ocrx_word' id='word_1_773' title='bbox 1320 4901 1437 4954; x_wconf 78' lang='grc' dir='ltr'><strong>οὗτε</strong></span> <span class='ocrx_word' id='word_1_774' title='bbox 1502 4908 1590 4954; x_wconf 69' lang='grc' dir='ltr'><strong>νοῦ</strong></span> <span class='ocrx_word' id='word_1_775' title='bbox 1673 4901 1743 4953; x_wconf 73' lang='grc'>³⁷.</span> <span class='ocrx_word' id='word_1_776' title='bbox 1811 4901 2010 4974; x_wconf 58' lang='lat' dir='ltr'>saepe»</span> <span class='ocrx_word' id='word_1_777' title='bbox 2067 4896 2128 4954; x_wconf 79' lang='grc' dir='ltr'>δέ</span> <span class='ocrx_word' id='word_1_778' title='bbox 2178 4900 2298 4953; x_wconf 81' lang='grc' dir='ltr'><strong>ποθ’</strong></span> <span class='ocrx_word' id='word_1_779' title='bbox 2327 4903 2469 4975; x_wconf 73' lang='grc' dir='ltr'><strong>ἡμᾶς</strong></span> <span class='ocrx_word' id='word_1_780' title='bbox 2547 4900 2840 4977; x_wconf 81' lang='grc' dir='ltr'><strong>ἐπιστήμη.</strong></span> <span class='ocrx_word' id='word_1_781' title='bbox 2875 4921 2966 4956; x_wconf 85' lang='grc' dir='ltr'>και</span> <span class='ocrx_word' id='word_1_782' title='bbox 3046 4906 3253 4976; x_wconf 85' lang='grc' dir='ltr'><strong>μνήμης</strong></span> <span class='ocrx_word' id='word_1_783' title='bbox 3295 4909 3385 4963; x_wconf 82' lang='grc' dir='ltr'><strong>τῆς</strong></span> <span class='ocrx_word' id='word_1_784' title='bbox 3424 4900 3540 4954; x_wconf 87' lang='grc' dir='ltr'><strong>κατ’</strong></span> <span class='ocrx_word' id='word_1_785' title='bbox 3603 4901 3766 4961; x_wconf 67' lang='grc' dir='ltr'><strong>αὐτήν</strong></span> <span class='ocrx_word' id='word_1_786' title='bbox 3807 4920 3895 4953; x_wconf 87' lang='grc' dir='ltr'>και</span> <span class='ocrx_word' id='word_1_787' title='bbox 3946 4905 4178 4959; x_wconf 79' lang='grc' dir='ltr'><strong>νοήσεως</strong></span> 
     </span>
    </p>
   </div>
   <div class='ocr_carea' id='block_1_107' title="bbox 2152 5025 2778 5098">
    <p class='ocr_par' dir='ltr' id='par_1_107' title="bbox 2152 5025 2778 5098">
     <span class='ocr_line' id='line_1_107' title="bbox 2152 5025 2778 5098; baseline 0.002 -1"><span class='ocrx_word' id='word_1_788' title='bbox 2152 5025 2377 5097; x_wconf 73' lang='lat' dir='ltr'>Variae</span> <span class='ocrx_word' id='word_1_789' title='bbox 2423 5027 2778 5098; x_wconf 85' lang='lat' dir='ltr'>lectiones.</span> 
     </span>
    </p>
   </div>
   <div class='ocr_carea' id='block_1_108' title="bbox 1944 5169 3695 5243">
    <p class='ocr_par' dir='ltr' id='par_1_108' title="bbox 1944 5169 3612 5243">
     <span class='ocr_line' id='line_1_108' title="bbox 1944 5169 3612 5243; baseline 0.001 -19"><span class='ocrx_word' id='word_1_790' title='bbox 1944 5171 2105 5243; x_wconf 70' lang='grc' dir='ltr'><strong>αὐτὴν</strong></span> <span class='ocrx_word' id='word_1_791' title='bbox 2154 5169 2341 5242; x_wconf 64' lang='grc' dir='ltr'><strong>ψυχήν</strong></span> <span class='ocrx_word' id='word_1_792' title='bbox 2389 5190 2503 5225; x_wconf 81' lang='grc' dir='ltr'><strong>ακει</strong></span> <span class='ocrx_word' id='word_1_793' title='bbox 2561 5173 2694 5230; x_wconf 68' lang='lat' dir='ltr'>Vat.</span> <span class='ocrx_word' id='word_1_794' title='bbox 2756 5169 3231 5243; x_wconf 43' lang='lat' dir='ltr'>Emathiis-,5qu</span> <span class='ocrx_word' id='word_1_795' title='bbox 3258 5174 3381 5224; x_wconf 81' lang='grc' dir='ltr'><strong>εἴκει</strong></span> <span class='ocrx_word' id='word_1_796' title='bbox 3440 5169 3612 5228; x_wconf 73' lang='lat' dir='ltr'>Vind.</span> 
     </span>
    </p>
   </div>
   <div class='ocr_carea' id='block_1_109' title="bbox 2427 5169 4178 5243">
    <p class='ocr_par' dir='ltr' id='par_1_109' title="bbox 2427 5169 4178 5243">
     <span class='ocr_line' id='line_1_109' title="bbox 2427 5169 4178 5243; baseline 0.001 -18"><span class='ocrx_word' id='word_1_797' title='bbox 2427 5192 2503 5225; x_wconf 81' lang='grc' dir='ltr'>κει</span> <span class='ocrx_word' id='word_1_798' title='bbox 2561 5173 2694 5230; x_wconf 68' lang='lat' dir='ltr'>Vat.</span> <span class='ocrx_word' id='word_1_799' title='bbox 2756 5169 3047 5243; x_wconf 15' lang='grc' dir='ltr'><strong>ἐπ’ίαύτὴν</strong></span> <span class='ocrx_word' id='word_1_800' title='bbox 3077 5170 3231 5243; x_wconf 68' lang='grc' dir='ltr'><strong>ψυχή</strong></span> <span class='ocrx_word' id='word_1_801' title='bbox 3258 5174 3381 5224; x_wconf 81' lang='grc' dir='ltr'><strong>εἴκει</strong></span> <span class='ocrx_word' id='word_1_802' title='bbox 3440 5169 3612 5228; x_wconf 73' lang='lat' dir='ltr'>Vind.</span> <span class='ocrx_word' id='word_1_803' title='bbox 3695 5171 3739 5206; x_wconf 71' lang='grc'>³⁸</span> <span class='ocrx_word' id='word_1_804' title='bbox 3788 5188 3868 5222; x_wconf 85' lang='grc' dir='ltr'>τοι</span> <span class='ocrx_word' id='word_1_805' title='bbox 3913 5169 4088 5226; x_wconf 84' lang='lat' dir='ltr'>Vind.</span> <span class='ocrx_word' id='word_1_806' title='bbox 4116 5174 4178 5226; x_wconf 87' lang='lat' dir='ltr'>et</span> 
     </span>
    </p>
   </div>
   <div class='ocr_carea' id='block_1_110' title="bbox 789 5242 2540 5318">
    <p class='ocr_par' dir='ltr' id='par_1_110' title="bbox 789 5242 2540 5318">
     <span class='ocr_line' id='line_1_110' title="bbox 789 5242 2540 5318; baseline -0.001 -16"><span class='ocrx_word' id='word_1_807' title='bbox 789 5243 1287 5318; x_wconf 83' lang='lat' dir='ltr'>sic_proximeid.</span> <span class='ocrx_word' id='word_1_808' title='bbox 1343 5245 1424 5318; x_wconf 44' lang='grc' dir='ltr'>ἕξ</span> <span class='ocrx_word' id='word_1_809' title='bbox 1450 5264 1535 5297; x_wconf 88' lang='grc' dir='ltr'>και</span> <span class='ocrx_word' id='word_1_810' title='bbox 1591 5261 1750 5317; x_wconf 87' lang='grc' dir='ltr'><strong>προσ.</strong></span> <span class='ocrx_word' id='word_1_811' title='bbox 1803 5243 1949 5318; x_wconf 31' lang='lat' dir='ltr'>‘Vat.</span> <span class='ocrx_word' id='word_1_812' title='bbox 2010 5242 2073 5318; x_wconf 73' lang='lat'>_‘°</span> <span class='ocrx_word' id='word_1_813' title='bbox 2124 5243 2411 5318; x_wconf 16' lang='grc' dir='ltr'><strong>εἱλλαςίὴμ.</strong></span> <span class='ocrx_word' id='word_1_814' title='bbox 2472 5247 2540 5318; x_wconf 60' lang='grc' dir='ltr'><strong>γε</strong></span> 
     </span>
    </p>
   </div>
   <div class='ocr_carea' id='block_1_111' title="bbox 2422 5242 4173 5318">
    <p class='ocr_par' dir='ltr' id='par_1_111' title="bbox 2472 5242 4173 5318">
     <span class='ocr_line' id='line_1_111' title="bbox 2472 5242 4173 5318; baseline -0.001 -18"><span class='ocrx_word' id='word_1_815' title='bbox 2472 5247 2602 5318; x_wconf 23' lang='grc' dir='ltr'><strong>Υᾶᾳί.</strong></span> <span class='ocrx_word' id='word_1_816' title='bbox 2771 5242 2962 5318; x_wconf 71' lang='grc' dir='ltr'><strong>ἐκϐάλῃ</strong></span> <span class='ocrx_word' id='word_1_817' title='bbox 3013 5242 3310 5318; x_wconf 39' lang='grc' dir='ltr'>νὶῐιάζῌη</span> <span class='ocrx_word' id='word_1_818' title='bbox 3334 5250 3546 5318; x_wconf 71' lang='grc' dir='ltr'><strong>νοοῦμεν</strong></span> <span class='ocrx_word' id='word_1_819' title='bbox 3615 5245 3740 5318; x_wconf 75' lang='lat' dir='ltr'>Vat.</span> <span class='ocrx_word' id='word_1_820' title='bbox 3820 5244 3864 5278; x_wconf 81' lang='grc'>¹⁹</span> <span class='ocrx_word' id='word_1_821' title='bbox 3886 5249 4015 5312; x_wconf 76' lang='grc' dir='ltr'><strong>γοῦν</strong></span> <span class='ocrx_word' id='word_1_822' title='bbox 4043 5244 4173 5298; x_wconf 78' lang='lat' dir='ltr'>Vat.</span> 
     </span>
    </p>
   </div>
   <div class='ocr_carea' id='block_1_112' title="bbox 787 5311 2538 5389">
    <p class='ocr_par' dir='ltr' id='par_1_112' title="bbox 787 5311 2538 5389">
     <span class='ocr_line' id='line_1_112' title="bbox 787 5311 2538 5389; baseline -0.002 -19"><span class='ocrx_word' id='word_1_823' title='bbox 787 5317 839 5353; x_wconf 78' lang='grc' dir='ltr'>³ο</span> <span class='ocrx_word' id='word_1_824' title='bbox 873 5311 933 5370; x_wconf 69' lang='grc' dir='ltr'><strong>δί</strong></span> <span class='ocrx_word' id='word_1_825' title='bbox 961 5332 1086 5374; x_wconf 89' lang='lat' dir='ltr'>non</span> <span class='ocrx_word' id='word_1_826' title='bbox 1109 5316 1381 5389; x_wconf 85' lang='lat' dir='ltr'>agnoscit</span> <span class='ocrx_word' id='word_1_827' title='bbox 1406 5315 1534 5389; x_wconf 68' lang='lat' dir='ltr'>vat.</span> <span class='ocrx_word' id='word_1_828' title='bbox 1613 5311 1658 5389; x_wconf 52' lang='grc' dir='ltr'>τε</span> <span class='ocrx_word' id='word_1_829' title='bbox 1683 5320 1754 5388; x_wconf 81' lang='grc' dir='ltr'><strong>μὴ</strong></span> <span class='ocrx_word' id='word_1_830' title='bbox 1791 5311 1848 5368; x_wconf 75' lang='grc' dir='ltr'>δὲ</span> <span class='ocrx_word' id='word_1_831' title='bbox 1878 5315 2067 5389; x_wconf 62' lang='grc' dir='ltr'>γὶιιιι.Δ</span> <span class='ocrx_word' id='word_1_832' title='bbox 2125 5316 2173 5389; x_wconf 62' lang='grc' dir='ltr'><strong><em>’ξ</em></strong></span> <span class='ocrx_word' id='word_1_833' title='bbox 2203 5311 2363 5368; x_wconf 72' lang='grc' dir='ltr'><strong>πάθοι</strong></span> <span class='ocrx_word' id='word_1_834' title='bbox 2419 5315 2538 5371; x_wconf 55' lang='lat' dir='ltr'>Vini</span> 
     </span>
    </p>
   </div>
   <div class='ocr_carea' id='block_1_113' title="bbox 2428 5311 4179 5389">
    <p class='ocr_par' dir='ltr' id='par_1_113' title="bbox 2428 5311 4179 5389">
     <span class='ocr_line' id='line_1_113' title="bbox 2428 5311 4179 5389; baseline 0.012 -18"><span class='ocrx_word' id='word_1_835' title='bbox 2428 5315 2591 5371; x_wconf 67' lang='lat' dir='ltr'>Vind.</span> <span class='ocrx_word' id='word_1_836' title='bbox 2669 5314 2720 5389; x_wconf 48' lang='lat'>23</span> <span class='ocrx_word' id='word_1_837' title='bbox 2757 5315 2873 5389; x_wconf 17' lang='lat' dir='ltr'>iSic</span> <span class='ocrx_word' id='word_1_838' title='bbox 2900 5315 3035 5371; x_wconf 83' lang='lat' dir='ltr'>Vat.</span> <span class='ocrx_word' id='word_1_839' title='bbox 3096 5319 3153 5372; x_wconf 92' lang='lat' dir='ltr'>et</span> <span class='ocrx_word' id='word_1_840' title='bbox 3204 5315 3378 5370; x_wconf 82' lang='lat' dir='ltr'>Vind.</span> <span class='ocrx_word' id='word_1_841' title='bbox 3445 5311 3664 5389; x_wconf 56' lang='lat' dir='ltr'>marg,</span> <span class='ocrx_word' id='word_1_842' title='bbox 3713 5311 3992 5389; x_wconf 60' lang='lat' dir='ltr'>in__textu</span> <span class='ocrx_word' id='word_1_843' title='bbox 4042 5333 4179 5389; x_wconf 60' lang='grc' dir='ltr'>Ξυν-</span> 
     </span>
    </p>
   </div>
   <div class='ocr_carea' id='block_1_114' title="bbox 791 5386 2542 5466">
    <p class='ocr_par' dir='ltr' id='par_1_114' title="bbox 791 5386 2542 5466">
     <span class='ocr_line' id='line_1_114' title="bbox 791 5386 2542 5466; baseline -0.001 -21"><span class='ocrx_word' id='word_1_844' title='bbox 791 5386 1192 5466; x_wconf 71' lang='grc' dir='ltr'><strong>επορρυηκεναῖ.</strong></span> <span class='ocrx_word' id='word_1_845' title='bbox 1267 5387 1316 5427; x_wconf 66' lang='grc'>³⁸</span> <span class='ocrx_word' id='word_1_846' title='bbox 1339 5386 1653 5443; x_wconf 76' lang='grc' dir='ltr'><strong>ἀποϐαλέσθ¹</strong></span> <span class='ocrx_word' id='word_1_847' title='bbox 1683 5386 1808 5444; x_wconf 83' lang='lat' dir='ltr'>Vat.</span> <span class='ocrx_word' id='word_1_848' title='bbox 1887 5388 1935 5424; x_wconf 77' lang='grc'>³⁵</span> <span class='ocrx_word' id='word_1_849' title='bbox 1961 5386 2279 5444; x_wconf 89' lang='lat' dir='ltr'>articulum</span> <span class='ocrx_word' id='word_1_850' title='bbox 2300 5402 2424 5444; x_wconf 89' lang='lat' dir='ltr'>non</span> <span class='ocrx_word' id='word_1_851' title='bbox 2455 5403 2542 5459; x_wconf 71' lang='lat' dir='ltr'>agi</span> 
     </span>
    </p>
   </div>
   <div class='ocr_carea' id='block_1_115' title="bbox 2428 5386 4179 5466">
    <p class='ocr_par' dir='ltr' id='par_1_115' title="bbox 2455 5386 4179 5459">
     <span class='ocr_line' id='line_1_115' title="bbox 2455 5386 4179 5459; baseline -0.001 -16"><span class='ocrx_word' id='word_1_852' title='bbox 2455 5387 2731 5459; x_wconf 83' lang='lat' dir='ltr'>agnoscit</span> <span class='ocrx_word' id='word_1_853' title='bbox 2753 5388 2881 5446; x_wconf 82' lang='lat' dir='ltr'>Vat.</span> <span class='ocrx_word' id='word_1_854' title='bbox 2958 5389 3087 5440; x_wconf 80' lang='grc' dir='ltr'>²⁶τὸ</span> <span class='ocrx_word' id='word_1_855' title='bbox 3142 5401 3269 5445; x_wconf 88' lang='lat' dir='ltr'>non</span> <span class='ocrx_word' id='word_1_856' title='bbox 3325 5390 3414 5444; x_wconf 85' lang='lat' dir='ltr'>est</span> <span class='ocrx_word' id='word_1_857' title='bbox 3467 5386 3530 5443; x_wconf 91' lang='lat' dir='ltr'>in</span> <span class='ocrx_word' id='word_1_858' title='bbox 3561 5388 3684 5443; x_wconf 79' lang='lat' dir='ltr'>Vat.</span> <span class='ocrx_word' id='word_1_859' title='bbox 3763 5386 3808 5422; x_wconf 71' lang='grc'>²²</span> <span class='ocrx_word' id='word_1_860' title='bbox 3877 5389 3996 5447; x_wconf 82' lang='grc' dir='ltr'><strong>νοὸς</strong></span> <span class='ocrx_word' id='word_1_861' title='bbox 4042 5387 4179 5442; x_wconf 83' lang='lat' dir='ltr'>Vat.</span> 
     </span>
    </p>
   </div>
   <div class='ocr_carea' id='block_1_116' title="bbox 2367 5513 2587 5583">
    <p class='ocr_par' dir='ltr' id='par_1_116' title="bbox 2367 5513 2587 5583">
     <span class='ocr_line' id='line_1_116' title="bbox 2367 5513 2587 5583; baseline -0.005 -1"><span class='ocrx_word' id='word_1_862' title='bbox 2367 5513 2587 5583; x_wconf 74' lang='lat' dir='ltr'>Notas.</span> 
     </span>
    </p>
   </div>
   <div class='ocr_carea' id='block_1_117' title="bbox 863 5656 2452 5734">
    <p class='ocr_par' dir='ltr' id='par_1_117' title="bbox 863 5656 2452 5734">
     <span class='ocr_line' id='line_1_117' title="bbox 863 5656 2452 5734; baseline -0.003 -14"><span class='ocrx_word' id='word_1_863' title='bbox 863 5662 975 5734; x_wconf 78' lang='lat'>(33)</span> <span class='ocrx_word' id='word_1_864' title='bbox 1017 5660 1410 5730; x_wconf 86' lang='lat' dir='ltr'>Platonicum,</span> <span class='ocrx_word' id='word_1_865' title='bbox 1461 5674 1533 5718; x_wconf 82' lang='lat' dir='ltr'>ex</span> <span class='ocrx_word' id='word_1_866' title='bbox 1565 5656 2020 5734; x_wconf 71' lang='lat' dir='ltr'>Phwdro._Vid.</span> <span class='ocrx_word' id='word_1_867' title='bbox 2063 5659 2348 5734; x_wconf 8' lang='lat' dir='ltr'>gpag._2_i_5</span> <span class='ocrx_word' id='word_1_868' title='bbox 2393 5659 2452 5727; x_wconf 91' lang='lat' dir='ltr'>C,</span> 
     </span>
    </p>
   </div>
   <div class='ocr_carea' id='block_1_118' title="bbox 866 5731 2451 5809">
    <p class='ocr_par' dir='ltr' id='par_1_118' title="bbox 866 5731 2451 5809">
     <span class='ocr_line' id='line_1_118' title="bbox 866 5731 2451 5809; baseline -0.004 -15"><span class='ocrx_word' id='word_1_869' title='bbox 866 5742 926 5794; x_wconf 59' lang='lat' dir='ltr'>et</span> <span class='ocrx_word' id='word_1_870' title='bbox 958 5731 1337 5809; x_wconf 38' lang='lat' dir='ltr'>‘Heind.ibiq.</span> <span class='ocrx_word' id='word_1_871' title='bbox 1367 5735 1695 5809; x_wconf 82' lang='lat' dir='ltr'>interprett.</span> <span class='ocrx_word' id='word_1_872' title='bbox 1729 5731 1898 5792; x_wconf 87' lang='lat' dir='ltr'>Conf.</span> <span class='ocrx_word' id='word_1_873' title='bbox 1929 5731 2134 5791; x_wconf 86' lang='lat' dir='ltr'>Davis.</span> <span class='ocrx_word' id='word_1_874' title='bbox 2166 5731 2245 5790; x_wconf 86' lang='lat' dir='ltr'>ab</span> <span class='ocrx_word' id='word_1_875' title='bbox 2272 5731 2451 5790; x_wconf 88' lang='lat' dir='ltr'>Cicer.</span> 
     </span>
    </p>
   </div>
   <div class='ocr_carea' id='block_1_119' title="bbox 863 5168 1882 5232">
    <p class='ocr_par' dir='ltr' id='par_1_119' title="bbox 863 5168 1882 5232">
     <span class='ocr_line' id='line_1_119' title="bbox 863 5168 1882 5232; baseline -0.002 -7"><span class='ocrx_word' id='word_1_876' title='bbox 863 5169 911 5209; x_wconf 77' lang='grc'>¹²</span> <span class='ocrx_word' id='word_1_877' title='bbox 963 5172 1160 5232; x_wconf 80' lang='grc' dir='ltr'><strong>ταύτην</strong></span> <span class='ocrx_word' id='word_1_878' title='bbox 1221 5169 1394 5229; x_wconf 88' lang='lat' dir='ltr'>omis.</span> <span class='ocrx_word' id='word_1_879' title='bbox 1473 5173 1600 5229; x_wconf 86' lang='lat' dir='ltr'>Vat.</span> <span class='ocrx_word' id='word_1_880' title='bbox 1682 5172 1726 5207; x_wconf 85' lang='grc'>¹³</span> <span class='ocrx_word' id='word_1_881' title='bbox 1805 5168 1882 5223; x_wconf 84' lang='grc' dir='ltr'><strong>ἐπ’</strong></span> 
     </span>
    </p>
   </div>
   <div class='ocr_carea' id='block_1_120' title="bbox 2573 5653 4188 5730">
    <p class='ocr_par' dir='ltr' id='par_1_120' title="bbox 2573 5653 4188 5730">
     <span class='ocr_line' id='line_1_120' title="bbox 2573 5653 4188 5730; baseline 0.001 -16"><span class='ocrx_word' id='word_1_882' title='bbox 2573 5656 2816 5714; x_wconf 84' lang='lat' dir='ltr'>Tuscul.</span> <span class='ocrx_word' id='word_1_883' title='bbox 2839 5656 3008 5730; x_wconf 73' lang='lat' dir='ltr'>Disp.</span> <span class='ocrx_word' id='word_1_884' title='bbox 3042 5659 3093 5728; x_wconf 79' lang='grc'>1,</span> <span class='ocrx_word' id='word_1_885' title='bbox 3112 5657 3207 5730; x_wconf 75' lang='lat'>23,</span> <span class='ocrx_word' id='word_1_886' title='bbox 3228 5660 3293 5730; x_wconf 86' lang='lat' dir='ltr'>et</span> <span class='ocrx_word' id='word_1_887' title='bbox 3321 5653 3739 5730; x_wconf 76' lang='lat' dir='ltr'>Wyttenbach.</span> <span class='ocrx_word' id='word_1_888' title='bbox 3766 5655 3847 5714; x_wconf 88' lang='lat' dir='ltr'>De</span> <span class='ocrx_word' id='word_1_889' title='bbox 3868 5654 4044 5728; x_wconf 82' lang='lat' dir='ltr'>plac.</span> <span class='ocrx_word' id='word_1_890' title='bbox 4070 5656 4188 5715; x_wconf 79' lang='lat' dir='ltr'>im-</span> 
     </span>
    </p>
   </div>
   <div class='ocr_carea' id='block_1_121' title="bbox 2565 5727 3699 5804">
    <p class='ocr_par' dir='ltr' id='par_1_121' title="bbox 2565 5727 3699 5804">
     <span class='ocr_line' id='line_1_121' title="bbox 2565 5727 3699 5804; baseline -0.003 -15"><span class='ocrx_word' id='word_1_891' title='bbox 2565 5731 2811 5790; x_wconf 78' lang='lat' dir='ltr'>mortal.</span> <span class='ocrx_word' id='word_1_892' title='bbox 2833 5727 3021 5791; x_wconf 73' lang='lat' dir='ltr'>anim.</span> <span class='ocrx_word' id='word_1_893' title='bbox 3052 5727 3135 5790; x_wconf 83' lang='lat' dir='ltr'>ad</span> <span class='ocrx_word' id='word_1_894' title='bbox 3160 5727 3444 5789; x_wconf 64' lang='lat' dir='ltr'>Phaedon.</span> <span class='ocrx_word' id='word_1_895' title='bbox 3474 5745 3538 5804; x_wconf 72' lang='grc' dir='ltr'>ρ.</span> <span class='ocrx_word' id='word_1_896' title='bbox 3577 5744 3699 5788; x_wconf 81' lang='lat' dir='ltr'>nx.</span> 
     </span>
    </p>
   </div>
  </div>
