4434 6452
253 412 386 468 M25
1473 407 1634 464 ADV.
1677 406 2004 465 PLOTINUI

1855 406 2024 465 INUM
2065 408 2155 467 DE
2209 413 2433 470 ΑΝΙΜΑ
3473 417 3606 469 1426

247 536 643 607 ὑποτιθεμένους
694 532 723 592 ἦ
772 531 1086 601 ἐννοοῦντας,
1143 532 1235 586 οὐκ
1300 535 1411 587 ἔστι
1479 539 1658 588 τοῦτον
1734 533 1821 584 τὸν
1905 536 2094 606 τρόπον
2162 557 2174 570 ο
2231 543 2360 610 μήτι
2425 557 2484 610 γε
2543 541 2631 590 καὶ
2687 539 2771 590 τὸν
2828 543 2944 590 νοῦν
3006 538 3305 609 φθείρεσθαι
3369 539 3606 590 τίθεσθαι

245 629 335 677 καὶ
363 630 514 687 νοεῖν,
538 621 716 675 Ἐστιν
751 617 838 674 οὖν
879 619 956 674 ἀεὶ
985 626 1073 674 καὶ
1113 619 1377 692 ἐπιστήμη
1420 627 1566 673 πᾶσα
1586 626 1674 674 καὶ
1706 623 1732 678 ἡ
1763 619 1878 672 κατ’
1909 621 2070 681 αὑτήν
2091 631 2268 697 μνήμη
2301 632 2389 682 καὶ
2419 631 2599 690 νόησις
2629 625 2677 679 ἐν
2705 626 2883 698 dux-5.

321 711 387 776 ς’,
437 714 638 764 Τούτου
699 706 753 762 δ’
804 713 946 770 ὄντος
993 715 1084 762 xui
1129 707 1594 783 ἀποδεδειγμένου,
1635 709 1754 762 οὔτε
1793 712 1848 761 τὸ
1881 712 1926 764 Α
2032 717 2072 767 6η

1881 712 1926 764 Α
2032 717 2084 770 6.
2127 716 2268 780 Quae
2301 732 2428 771 cum
2460 716 2689 780 itasint,
2721 715 3269 770 utdemonstratum
3287 720 3607 788 est,ncquc

250 801 714 874 ἀναμιμήσκεσθαι
789 819 882 856 την
957 799 1145 871 ψυχήν
1226 803 1367 852 ἔστιν
1424 796 1686 871 οὐδαμῶς,
1735 807 1852 851 ούτε
1959 816 2001 856 rt

1959 803 2258 859 recordari
2284 805 2552 862 animam
2609 804 3050 860 admittendum
3100 808 3188 858 est
3233 819 3429 876 neque
3473 821 3607 860 eam

243 895 301 943 τὸ
330 890 714 962 προϋφεστάναι
745 891 940 946 ταύτην
988 896 1080 941 τοῦ
1134 889 1270 950 ζώου
1323 895 1414 943 τοῦ
1463 894 1851 962 μετεσχηκοτος
1961 904 1994 945 a

1961 890 2206 948 animali
2232 909 2366 950 eam
2407 893 2728 950 continenti
2757 892 3178 964 prreexsistere.
3206 893 3374 947 Unde
3407 900 3607 948 autem

246 980 407 1043 αὐτῆς
459 999 472 1013 ο
527 979 680 1032 πόθεν
736 973 786 1030 δ’
835 980 1073 1053 ἑτέρωθεν
1151 980 1275 1050 ἡμῖν
1345 980 1392 1014 ³⁸
1454 977 1750 1030 ἀπαντῶσιν
1796 982 1851 1032 αἱ
1960 994 1996 1034 o

1960 987 2281 1038 occurrunt
2321 983 2578 1038 scientias
2599 982 2775 1038 nobis
2805 982 2968 1054 prius
3030 981 3177 1036 nihil
3234 981 3609 1039 scientibus?

246 1070 294 1104 ⁰⁹
372 1067 663 1139 ἐπιστῆμαι
742 1062 908 1138 μηδεν
992 1071 1237 1142 πρότερον
1305 1073 1419 1141 περὶ
1503 1067 1669 1120 αὐτῶν
1717 1063 1853 1119 εἰδό-
1964 1070 1997 1124 L'

1964 1070 2032 1124 Ut
2062 1070 2206 1126 mihi
2265 1071 2520 1137 videtur,
2571 1071 3091 1144 quemadmodum
3141 1077 3222 1135 tu,
3279 1071 3609 1126 animarum

247 1174 386 1223 σινς
438 1157 584 1228 Ἐμοὶ
659 1152 851 1225 δοκεῖν,
925 1157 1002 1208 ὅτι
1060 1160 1235 1228 ὡσπερ
1289 1161 1354 1209 σύ
1408 1153 1853 1230 προὸημιουργῶν
1961 1174 1998 1231 p

1961 1160 2500 1231 prmexsistentiam
2533 1160 2779 1226 docens,
2801 1175 2902 1214 eas
2915 1175 3036 1215 non
3051 1159 3431 1215 scientiarum
3445 1160 3611 1226 igna-

149 1307 153 1310 η
243 1247 336 1307 τὰς
394 1244 580 1315 ψυχὰς
658 1253 758 1296 τῶν
815 1247 1066 1316 σωμάτων
1122 1245 1383 1317 λέγειςμὴ
1447 1245 1666 1316 ἀμαθεῖς
1720 1240 1855 1316 μηδ’

1963 1264 2061 1304 ras
2091 1249 2259 1317 dicis,
2312 1253 2420 1307 sed
2477 1251 2767 1323 quoniam
2829 1251 2943 1306 vita
3005 1249 3263 1321 perfecta
3311 1255 3365 1305 et
3419 1255 3613 1306 mente

243 1333 414 1387 αὐτῶν
492 1341 592 1386 τῶν
674 1331 974 1405 ἐπιστημῶν
1059 1331 1208 1403 εἶναι,
1290 1333 1392 1386 ἀλλ’
1484 1333 1532 1387 ἐν
1613 1335 1718 1406 ζωῇ
1778 1349 1856 1386 τε’
1963 1353 1994 1410 p

1963 1338 2225 1410 perfecta
2263 1340 2526 1411 prreditaa
2559 1340 2693 1405 sint,
2737 1339 3029 1412 perfectas
3073 1353 3315 1410 quoque
3368 1354 3496 1394 esse
3523 1355 3617 1395 co-

243 1421 355 1494 λείᾳ
437 1422 486 1456 ³ο
550 1420 720 1492 τελείῳ
803 1418 862 1474 δι
946 1428 1035 1475 καὶ
1094 1430 1164 1492 νῷ
1231 1424 1274 1458 ³¹
1329 1423 1598 1491 τελούσας,
1663 1422 1854 1483 τελείας
1963 1440 1994 1494 g

1963 1427 2245 1494 gitatione
2272 1444 2342 1482 ac
2370 1428 2636 1491 scientia,
2664 1428 2744 1484 ita
2800 1427 2948 1483 mihi
2996 1426 3481 1482 demonstratum
3530 1431 3618 1484 est

246 1508 394 1577 εἶναι,
478 1518 566 1565 καὶ
641 1513 688 1547 ³³
767 1516 950 1570 νόησιν
1059 1519 1234 1566 πᾶσαν
1335 1519 1424 1566 καὶ
1530 1512 1848 1584 ἐπιστήμην,
1960 1529 1997 1570 c.

1960 1529 2062 1570 eas
2091 1517 2373 1571 connasci
2441 1523 2498 1572 et
2554 1516 2814 1588 incipere
2889 1531 3011 1571 una
3063 1531 3201 1570 cum
3250 1515 3615 1571 animalibus

245 1601 379 1652 οὕτω
411 1597 478 1659 δή
531 1599 690 1673 κάμοὶ
741 1597 1182 1674 ἀποδεδειγμένου
1243 1601 1660 1674 συγγεγένῆσοαι
1720 1609 1847 1653 ταυ-
1957 1617 1996 1673 q

1957 1617 2090 1673 quae
2118 1619 2220 1659 eas
2251 1605 2574 1678 accipiunt,
2623 1611 2840 1660 etcum
2892 1603 3283 1659 nihilominus
3345 1605 3618 1675 perfectas

244 1708 339 1750 τας
383 1695 473 1742 καὶ
529 1692 889 1764 συνυπάρχειν
943 1698 1052 1753 τοῖς
1119 1695 1406 1762 μετεχουσι
1458 1692 1630 1759 ζώοις,
1697 1687 1846 1742 οὐδὲν
1957 1694 1995 1747 si

1957 1694 2073 1747 sint
2105 1693 2226 1749 vita
2257 1709 2327 1750 ac
2354 1699 2573 1762 mente,
2621 1693 2703 1749 ita
2759 1691 3052 1765 perfectas
3097 1707 3224 1747 esse
3278 1692 3522 1750 scientia
3565 1699 3621 1750 et

245 1778 455 1832 ἔλαττον
496 1779 695 1840 ταλείας
755 1781 913 1840 οὔσας
969 1779 1106 1840 ζωήν
1155 1785 1243 1832 xui
1295 1788 1433 1846 νοῦν,
1480 1779 1674 1840 τελείας
1718 1776 1847 1832 εἶναι
1955 1795 1996 1836 οε

1955 1781 2314 1850 cognitione.
2347 1786 2464 1838 Aut
2486 1796 2675 1854 quare
2703 1796 2825 1836 non
2869 1780 3030 1836 idita
3081 1784 3235 1835 esset
3255 1782 3282 1835 ?
3327 1781 3614 1836 Profecto:

245 1873 335 1920 xui
397 1873 490 1927 τὴν
571 1869 864 1941 ἐπιστήμην
907 1871 955 1904 ³³
1005 1875 1093 1922 καὶ
1136 1875 1229 1928 τήν
1299 1880 1492 1941 γνῶσιν
1547 1871 1707 1932 αὐτῆς
1775 1872 1843 1925 ³³.
1956 1885 1994 1924 u

1956 1875 2019 1925 ut
2056 1870 2291 1942 opinor,
2326 1887 2521 1943 neque
2548 1875 2613 1926 tu
2638 1869 3004 1926 contrarium
3031 1867 3281 1938 diceres,
3303 1884 3500 1940 neque
3513 1868 3618 1925 de-

244 1958 310 2012 Ὶι
369 1963 507 2021 τίνος
563 1960 721 2012 ἕνεκεν
769 1959 874 2031 οὐχ
934 1961 1152 2026 ούτως;
1211 1961 1345 2014 Ἀλλ’
1414 1957 1624 2024 οὐδενὸς
1678 1959 1846 2034 οἶμαι,
1956 1975 1995 2019 ι]

1956 1964 2350 2019 monstrares.
2369 1961 2565 2015 Restat
2587 1959 2767 2028 igitur
2781 1969 2864 2025 ut,
2883 1957 3407 2030 quemadmodum
3427 1957 3621 2030 ipsum

277 2044 362 2101 ,ηδ’
421 2048 461 2080 α.
575 2052 584 2064 ι
729 2053 739 2066 ο
881 2045 968 2080 ,ρκ’
1024 2048 1042 2066 ο
1199 2050 1238 2066 ,ν
1477 2057 1486 2067 ι
1534 2071 1551 2080 ι
1749 2057 1759 2068 ι
1996 2066 1997 2070 η

246 2069 304 2102 ολ
415 2069 475 2100 αν
528 2068 594 2100 συ
648 2068 804 2122 φαιης
851 2063 942 2101 om
1019 2070 1079 2101 αν
1129 2047 1344 2112 δειςαις.
1396 2057 1640 2104 Λειπιται
1679 2071 1848 2104 τοινυν
1883 2059 1925 2110 Β
1957 2064 1993 2105 8.

1883 2059 1925 2110 Β
1957 2048 2183 2105 animal
2211 2048 2368 2104 hanc
2414 2047 2840 2118 intelligentem
2887 2047 3157 2102 animam
3220 2046 3532 2102 continens
3563 2054 3621 2102 et

248 2140 422 2211 ὥσπερ
488 2137 615 2190 αύτό
695 2141 754 2190 τὸ
847 2138 978 2199 ζῶον
1065 2141 1130 2191 τὰ
1189 2145 1368 2213 νοερᾶς
1422 2144 1619 2203 ταύτης
1665 2141 1850 2212 ψυχῆς
1961 2155 1999 2193 St

1961 2136 2263 2203 sensibile,
2292 2137 2440 2193 nihil
2472 2142 2672 2194 tamen
2737 2134 3066 2208 perfectum
3123 2151 3229 2207 per
3286 2135 3398 2190 hos
3457 2136 3622 2208 ipsos

246 2230 490 2299 μετέχον,
587 2227 884 2289 αἰσθήσεως
957 2227 1010 2278 ὃν
1095 2232 1244 2297 ζῶον,
1316 2225 1466 2281 οὐδὲν
1523 2233 1612 2301 μεν
1668 2229 1852 2282 τέλειον
1961 2243 1997 2281 ει

1961 2242 2176 2282 sensus
2230 2230 2534 2298 operatur,
2631 2224 2906 2282 nondum
2973 2223 3248 2297 perfectis
3332 2237 3623 2280 sensuum

246 2317 384 2367 κατὰ
459 2317 654 2373 ταύτην
734 2319 828 2374 τὴν
921 2318 1174 2374 αἴσθησιν
1253 2316 1461 2390 ἐνεργεῖ,
1543 2323 1700 2388 μήπω
1754 2327 1852 2370 τῶν
1961 2332 1996 2371 0

1961 2317 2236 2384 organis;
2257 2321 2581 2388 postquam
2603 2321 2805 2370 autem
2821 2313 2897 2369 ad
2913 2313 3343 2385 perfectionem
3361 2311 3624 2368 adducta

250 2405 572 2461 αἰσθητικῶν
686 2403 915 2476 ὁργάνων
993 2404 1377 2478 τετελεσμένων,
1486 2409 1853 2479 προαχθέντων
1963 2422 2001 2460 sl

1963 2410 2121 2476 sunt,
2156 2410 2295 2460 tunc
2316 2405 2588 2460 omnium
2611 2419 2747 2475 quze
2793 2402 3127 2458 secundum
3179 2416 3421 2456 sensum
3485 2406 3625 2456 sunt

251 2488 300 2544 δ’
335 2492 402 2552 εἰς
431 2500 585 2544 τούτο
623 2491 818 2558 τέλους,
881 2493 985 2546 τότ’
1031 2492 1144 2546 ἐστὶ
1209 2499 1298 2546 καὶ
1351 2499 1536 2555 παντὸς
1597 2503 1688 2546 τού
1740 2479 1852 2548 κατ’
1963 2510 2002 2549 οε

1963 2509 2158 2566 capax
2195 2499 2302 2561 est,
2336 2494 2418 2549 ita
2458 2499 2515 2549 et
2544 2509 2714 2549 mens
2756 2493 2833 2548 ab
2880 2491 3047 2548 initio
3078 2491 3346 2548 immista
3375 2495 3431 2546 et
3476 2506 3621 2546 cou-

252 2583 505 2639 αἴσθησιν
537 2579 922 2648 ἁντιληπτεκόν,
953 2583 1087 2634 οὕτω
1128 2578 1196 2640 δὴ
1257 2587 1346 2634 xui
1403 2592 1540 2652 νούν,
1593 2583 1645 2646 ἐξ
1698 2585 1856 2644 αύτής
1965 2584 2003 2640 ft

1965 2584 2099 2640 fusa
2125 2600 2263 2639 cum
2295 2583 2571 2640 sensibus
2637 2587 2696 2639 et
2747 2597 3018 2655 corpore,
3071 2581 3178 2637 etsi
3238 2580 3498 2652 perfecta
3553 2580 3626 2636 sit

250 2669 428 2744 ἀρχῆς
477 2668 884 2743 ἀναμεμιγμένον
962 2677 1052 2723 καὶ
1112 2676 1616 2747 συνανακεκραμένον
1670 2673 1855 2732 αἰσθή-
1964 2689 2001 2730 ri

1964 2673 2210 2746 reliquis
2233 2678 2291 2730 et
2327 2675 2460 2745 ipsa
2485 2672 2752 2738 scientia,
2805 2670 3079 2744 perfectis
3137 2675 3338 2726 tamen
3378 2669 3621 2740 organis

245 2777 323 2813 σει
371 2763 461 2811 xui
536 2766 756 2832 σώματι,
839 2764 929 2812 καὶ
995 2759 1182 2813 τέλειον
1232 2762 1356 2813 ὀντα
1419 2763 1534 2813 κατ’
1596 2761 1726 2814 οἶλλα
1769 2757 1858 2814 καὶ
1968 2779 1996 2818 e

1968 2768 2139 2833 egeat
2164 2777 2270 2835 per
2299 2779 2436 2835 quae
2458 2761 2636 2818 simul
2676 2777 2814 2816 cum
2847 2775 3103 2832 corpore
3143 2758 3418 2814 ostendat
3447 2773 3621 2814 suam

244 2849 404 2905 αύτήν
476 2853 570 2907 τήν
658 2847 976 2921 ἐπιστήμην,
1048 2848 1248 2902 τελείων
1320 2846 1530 2904 δεῖσθαι
1605 2856 1695 2904 καὶ
1760 2859 1860 2907 τῶν
1969 2851 1995 2908 i1

1969 2851 2027 2908 in
2057 2853 2189 2924 ipsa
2221 2851 2468 2908 scientia
2521 2851 2799 2906 virtutem
2859 2854 2915 2905 et
2975 2847 3329 2905 efﬁcaciam.
3386 2848 3625 2917 Organa

245 2937 497 3011 ὀργάνων,
551 2933 623 2990 δι’
676 2959 744 2989 ων
798 2938 858 2989 ἂν
913 2943 1001 2990 καὶ
1057 2941 1186 3010 μετά
1245 2944 1486 3011 σώματος
1553 2936 1716 3003 δείξοι
1767 2945 1862 3031 ’τὴν
1970 2957 1996 2997 ι]

1970 2945 2173 2997 autem
2201 2941 2273 2996 iis
2302 2940 2684 2996 inservientia
2704 2954 2839 3010 quae
2856 2937 3094 3007 longius
3117 2937 3195 2994 ab
3216 2936 3420 2992 anima
3442 2939 3621 3006 stant,

240 3026 288 3079 ἐν
369 3027 553 3089 αύταίς
609 3027 922 3100 ἐπιστήμαις
976 3025 1198 3100 δύναμιν
1261 3029 1428 3081 ἀὐτοῦ
1487 3032 1533 3066 ³⁵
1579 3036 1668 3083 xui
1725 3024 1864 3105 ivip:
1971 3047 1991 3086 ε

1971 3035 2110 3086 sunt
2138 3045 2348 3086 sensus
2382 3033 2438 3084 et
2465 3027 2826 3101 phantasia;
2853 3043 2990 3098 quae
3025 3030 3224 3082 autem
3252 3025 3368 3097 ipsi
3403 3024 3621 3080 animm

249 3134 416 3186 γειαν,
505 3115 746 3191 Ὄργανα
826 3113 876 3169 δ’
955 3116 1038 3170 ἐπὶ
1112 3120 1325 3180 ταύταις
1391 3117 1484 3171 εἶεν
1541 3119 1602 3171 ἄν
1649 3120 1859 3201 ψυχῆς,
1970 3135 2000 3175 a

1970 3119 2287 3175 adhaerent
2327 3124 2386 3174 et
2418 3117 2896 3190 praecedentibus
2928 3116 3108 3171 mista
3129 3119 3286 3178 sunt,
3344 3114 3621 3184 cogitatio

238 3204 541 3280 πορῥώτερα
601 3209 716 3278 μεν,
786 3207 1040 3269 αἰσθησις
1099 3211 1190 3260 καὶ
1259 3209 1285 3265 ἢ
1347 3206 1399 3270 ἐξ
1449 3207 1613 3270 αὐτῆς
1670 3229 1862 3281 φαντα-
1967 3223 1989 3264 ε

1967 3213 2024 3264 et
2069 3208 2296 3280 opinio.
2355 3206 2594 3263 Talibus
2681 3205 2925 3276 organis
2964 3220 3135 3260 mens
3202 3203 3513 3259 scientiam
3559 3202 3621 3258 in

242 3300 354 3361 σία,
435 3296 595 3356 αύτῆς
668 3297 716 3332 ³⁸
803 3291 850 3347 δ’
928 3295 1073 3357 εύθύς
1145 3296 1405 3369 ἐξημμένα
1497 3299 1762 3358 κάκείναις
1806 3301 1849 3332 ³⁷
1964 3313 1993 3352 c

1964 3296 2325 3369 corporibus
2351 3300 2652 3368 operatur,
2699 3300 2755 3350 et
2809 3299 2965 3350 recte
3017 3292 3262 3366 quidem
3318 3297 3617 3364 operatur,

240 3387 422 3455 μικτὰ,
480 3381 689 3437 διάνοια
735 3389 827 3437 xui
882 3381 1033 3448 δόξα.
1097 3389 1243 3439 Μετὰ
1299 3395 1399 3438 τῶν
1449 3389 1693 3439 τοιούτων
1741 3396 1991 3467 νούςαε]

1881 3407 1924 3467 C
1964 3386 2214 3458 quando
2257 3390 2414 3441 recte
2441 3401 2503 3440 se
2532 3383 2756 3440 habent
2781 3383 2880 3439 illa
2906 3399 3137 3452 organa
3187 3400 3201 3449 ;
3241 3381 3389 3437 nihil
3421 3386 3621 3437 autem

240 3470 534 3544 ἐπιστήμας
588 3471 636 3525 ἐν
703 3481 813 3535 τοῖς
872 3479 1111 3545 σώμασιν
1203 3472 1393 3547 ἐνεργεῖ
1447 3495 1460 3508 ·
1518 3479 1608 3526 xui
1663 3474 1856 3549 ἐνεργεῖ
1963 3491 1991 3530 e

1963 3475 2220 3545 excellit,
2248 3474 2355 3529 ubi
2389 3490 2459 3530 ea
2479 3490 2599 3529 non
2658 3472 2966 3528 excellunt.
3013 3471 3177 3527 linde
3228 3472 3296 3527 ﬁt
3350 3475 3414 3526 ut
3454 3470 3619 3526 nullo

237 3566 328 3633 μὲν
383 3560 457 3626 εὖ,
515 3562 683 3624 καλῶς
757 3559 823 3620 δή
875 3568 966 3615 xui
1021 3571 1121 3615 τῶν
1185 3565 1418 3638 ὁργάνων
1474 3564 1669 3616 τούτων
1728 3569 1852 3636 ἐχον
1961 3580 1988 3618 e

1961 3569 2206 3619 externo
2239 3562 2461 3618 auxilio
2488 3563 2772 3632 indigeat,
2803 3563 2907 3617 sed
2936 3560 3047 3616 sibi
3074 3561 3204 3633 ipsa
3240 3560 3516 3625 sufﬁciat,
3541 3558 3618 3614 ah

235 3671 336 3703 των
365 3652 413 3686 ³³
443 3672 456 3685 ·
488 3649 640 3704 ούδεν
683 3648 738 3704 δ⁴
790 3653 1028 3725 ἄριστον,
1077 3660 1170 3704 τοῦ
1224 3651 1439 3725 ἀρίστου
1477 3672 1535 3724 γε
1577 3659 1666 3706 καὶ
1733 3657 1847 3706 τού.
1961 3669 1986 3708 C

1961 3653 2244 3708 omnibus
2273 3652 2602 3708 obstaculis
2625 3668 2800 3724 quast
2857 3666 3170 3720 emergens
3221 3667 3232 3704 :
3291 3649 3617 3721 aliquando

233 3759 333 3792 των
360 3739 792 3813 ἀπολειπομένων.
833 3743 1007 3814 Ταύτῃ
1061 3761 1142 3793 τοι
1197 3746 1287 3793 xui
1325 3745 1470 3794 ἔστιν
1526 3741 1574 3794 ἐν
1632 3744 1710 3803 οἷς
1760 3746 1850 3813 μὲν
1961 3758 1984 3798 8

1961 3746 2160 3798 autem
2191 3747 2436 3798 externo
2461 3742 2685 3797 auxilio
2723 3740 2969 3811 indiget,
3025 3755 3142 3795 non
3205 3739 3371 3811 quod
3431 3738 3617 3794 oblita

236 3826 444 3892 οὐδενὸς
523 3838 622 3882 τῶν
702 3827 1035 3902 βοηθούντων
1105 3830 1252 3891 ἐκτὸς
1303 3827 1493 3897 δεῖται,
1542 3830 1649 3882 ἀλλ’
1694 3832 1852 3894 αὐτὸς
1960 3849 1987 3885 s

1960 3833 2035 3888 sit
2063 3848 2271 3886 eorum
2303 3848 2438 3904 quae
2459 3831 2624 3902 prius
2660 3835 2926 3898 noverat,
2951 3829 3054 3884 sed
3097 3835 3158 3884 ut
3187 3832 3320 3884 ante
3343 3844 3404 3883 se
3463 3829 3616 3900 plas-

235 3919 485 3993 ἀποχρῶν
547 3917 687 3970 ἐστιν
745 3919 936 3988 ἑαυτῷ,
993 3927 1087 3972 τοῦ
1165 3919 1604 3993 ἐπιπροσθούντος
1658 3926 1849 3982 παντὸς
1960 3937 1986 3976 Ε

1960 3924 2192 3976 matum
2224 3920 2372 3976 illud
2397 3920 2564 3992 quod
2595 3935 2731 3976 eam
2766 3919 2962 3974 carnis
2987 3918 3254 3974 crassitie
3284 3917 3616 3972 circumdat

237 4013 410 4084 ὥσπερ
461 4007 734 4080 ἀνακύψας
793 4030 806 4042 ο
881 4008 929 4061 ἐν
987 4011 1063 4071 οἷς
1121 4006 1179 4062 δε
1227 4015 1316 4062 xui
1377 4018 1469 4062 τού
1526 4009 1849 4084 βοηθοῦντος
1958 4026 1988 4065 e

1958 4014 2015 4066 et
2038 4010 2350 4065 materiam
2379 4009 2760 4065 commistam
2788 4007 2958 4064 facile
2984 4007 3182 4063 valeat
3229 4007 3503 4075 frangere
3543 4023 3612 4060 ac

239 4099 418 4161 ἔξωθεν
465 4095 654 4159 δεῖται,
720 4101 826 4171 οὐχ
871 4102 937 4159 ὡς
999 4098 1398 4172 ἐπιλελησμένος
1444 4108 1543 4152 τῶν
1591 4120 1847 4175 προεγνω-
1955 4101 1990 4156 d

1955 4101 2278 4173 deponere,
2297 4099 2885 4172 etquemadmodum
2905 4099 3060 4168 ignis
3075 4097 3442 4171 quibusdam
3457 4113 3615 4152 cras-

243 4191 442 4239 σαένων
471 4187 614 4258 αύτῷ
655 4183 847 4252 δεῖται,
891 4188 1002 4240 αλλ’
1059 4187 1193 4241 ὥστε
1245 4192 1303 4241 τὸ
1361 4188 1691 4264 προπλασθὲν
1744 4195 1845 4241 πᾶν
1957 4193 1994 4246 si

1957 4191 2214 4247 sioribus
2262 4191 2587 4259 involutus,
2640 4196 2884 4246 externo
2932 4191 3072 4255 ictu,
3131 4188 3501 4257 effringantur,
3558 4192 3615 4243 et

237 4283 327 4329 xui
381 4280 608 4352 κρύπτον
664 4277 820 4340 αύτὸς
885 4281 1079 4350 σαρκὸς
1127 4281 1294 4351 πάχει
1343 4280 1391 4315 ³³
1445 4284 1534 4332 xui
1588 4280 1714 4342 ύλης
1756 4301 1844 4353 μι-
1954 4283 1988 4338 il

1954 4281 2099 4338 illud
2121 4281 2410 4337 noscendi
2437 4281 2640 4336 lumen
2677 4279 2839 4353 quod
2864 4280 2924 4335 in
2955 4296 3026 4335 ea
3063 4284 3171 4347 est,
3214 4284 3511 4349 quantam
3558 4284 3613 4334 et

231 4372 389 4438 γέντα
445 4363 738 4425 δυνηθῆναι
790 4369 965 4442 ῥᾷστα
1015 4368 1172 4442 ῥῆξαι
1240 4373 1329 4420 καὶ
1395 4367 1703 4433 ἀποθέσθαι,
1754 4375 1844 4422 καὶ
1952 4388 1982 4444 q

1952 4371 2195 4444 qualem
2219 4369 2526 4426 scientiam
2547 4369 2879 4441 adimplere
2900 4369 3112 4441 possit,
3127 4367 3422 4423 ostendat.
3449 4367 3605 4433 ldeo,

230 4458 464 4530 καθάπερ
514 4463 616 4530 πῦρ
691 4461 904 4528 σώμασι
971 4453 1039 4514 δὴ
1099 4477 1238 4510 τισιν
1284 4456 1562 4530 ἐμφαλεύον
1609 4462 1844 4530 παχντέ-
1952 4477 1981 4515 ι]

1952 4466 2014 4515 ut
2039 4460 2323 4528 diximus,
2353 4459 2983 4530 sensusetphantasim
3001 4473 3073 4512 ex
3105 4473 3176 4512 eo
3207 4457 3605 4528 procedentis,

229 4564 343 4618 ροις
401 4553 464 4618 τῇ
526 4547 671 4606 ἐκτὸς
719 4545 892 4618 πληγῇ
956 4545 1257 4618 ἐκραγῆναι,
1330 4553 1420 4600 καὶ
1477 4552 1535 4600 τὸ
1593 4547 1642 4600 ἐν
1699 4549 1840 4618 αύτῷ
1952 4567 1977 4603 s

1952 4549 2128 4604 simul
2149 4553 2204 4605 et
2231 4548 2605 4618 cogitationis
2623 4563 2693 4603 ac
2708 4547 3028 4619 opinionis,
3059 4546 3137 4602 ad
3166 4546 3393 4601 entium
3422 4545 3607 4600 scien-

227 4637 516 4706 γνωστικὸν
599 4643 704 4707 φῶς
787 4636 908 4688 ὅσον
978 4639 1065 4686 καὶ
1117 4634 1242 4702 οἷον,
1305 4634 1601 4709 ἐπιστήμην
1662 4642 1839 4690 πᾶσαν
1950 4638 1978 4694 ti

1950 4637 2093 4694 tiam
2125 4637 2687 4709 cogitationemque,
2720 4651 2836 4708 ope
2862 4636 3129 4704 indigere
3152 4635 3406 4702 videtur,
3447 4650 3603 4706 quae,

227 4722 457 4797 πληροῦν
489 4720 679 4786 δεῖξαι.
711 4725 806 4776 ,ιιά
844 4731 998 4776 τοῦτο
1051 4729 1139 4776 καὶ
1180 4725 1246 4776 ὧν
1305 4727 1492 4798 ἔφημεν
1542 4726 1838 4790 αἰσθήσεώς
1869 4765 1914 4818 D
1947 4745 1978 4783 ι]

1869 4765 1914 4818 D
1947 4733 2013 4784 ut
2048 4728 2129 4784 ita
2151 4727 2370 4795 dicam,
2425 4741 2560 4782 eam
2610 4725 2824 4781 feriunt
2881 4724 3132 4780 materia
3179 4723 3512 4779 involutam
3551 4728 3609 4778 et

227 4832 282 4866 τε
306 4819 506 4874 καὶτῆς
533 4812 584 4876 ἐξ
615 4814 778 4876 αύτῆς
836 4819 1126 4886 φαντασίας
1175 4814 1286 4888 ἅμα
1336 4813 1395 4868 δὲ
1459 4821 1549 4868 καὶ
1605 4813 1836 4879 διανοίας
1869 4810 1908 4818 ”
1945 4833 1976 4872 e

1869 4810 1908 4818 '
1945 4816 2291 4886 effringunt,
2325 4813 2530 4886 etejus
2560 4813 2755 4869 lucem
2805 4813 2885 4868 ad
2925 4813 3184 4868 scientiae
3239 4810 3605 4884 contempla-

226 4907 315 4954 xui
345 4899 527 4971 δόξης,
556 4907 686 4978 πρὸς
714 4907 808 4962 τήν
848 4911 947 4956 τῶν
1002 4905 1158 4956 ὀντων
1213 4904 1509 4978 ἐπιστήμην
1561 4910 1650 4958 καὶ
1701 4916 1835 4979 γνῶ·
1943 4907 1977 4964 ti

1943 4907 2167 4964 tionem
2190 4904 2762 4975 meditationemquc
2809 4906 3084 4959 evocant.
3118 4900 3280 4966 Inde,
3311 4917 3447 4956 mea
3470 4899 3603 4973 qui-

229 5011 332 5059 σιν,
364 4990 412 5043 ἐν
443 4996 603 5065 χρείᾳ
646 4989 819 5051 δήπου
874 4995 1138 5054 καθεστώς
1179 4999 1431 5066 φαίνεται,
1489 4995 1832 5054 πλησσόντων
1941 4997 1978 5052 d

1941 4997 2080 5052 dem
2121 4994 2434 5056 sententia,
2468 4993 2730 5049 scientiae
2770 4991 3030 5063 cognitio
3092 4990 3271 5047 nobis
3336 4989 3600 5046 advenit.

225 5083 400 5157 ὥσπερ
472 5081 630 5134 αὐτὸν
710 5080 1120 5158 ἐγκεκρυμμένον
1181 5091 1241 5157 τῇ
1309 5085 1404 5158 ύλῃ
1457 5090 1548 5137 καὶ
1603 5083 1832 5161 ἀπορρη-
1939 5103 1976 5185 It

1939 5085 2081 5185 Inde
2108 5100 2280 5140 mens
2305 5099 2438 5140 eam
2463 5098 2601 5139 cum
2625 5097 2876 5154 corpore
2904 5082 3126 5152 cogitat
3151 5085 3208 5137 et
3229 5079 3444 5136 rationi
3467 5093 3601 5135 eam

1627 5317 1845 5385 Vat-ire
1895 5315 2204 5384 lections.

289 5589 337 5625 ³⁸
363 5591 592 5662 ὑστέρως
621 5590 790 5648 addit
807 5593 931 5647 Vat.
1011 5593 1058 5627 ’9
1087 5594 1142 5645 ui
1166 5591 1334 5650 abest
1361 5610 1397 5650 8.
1428 5595 1553 5652 Vat.
1630 5595 1678 5630 ³ο
1718 5595 1922 5657 τελείως
1948 5595 2040 5652 Vir

1844 5599 1922 5657 ἷως
1948 5595 2126 5652 Vind.
2203 5596 2245 5631 ³⁸
2287 5596 2365 5647 voi‘
2395 5595 2522 5652 Vat.
2600 5593 2647 5628 ³³
2702 5594 2839 5646 κατὰ
2886 5591 3072 5649 Vind.
3158 5591 3206 5662 3?
3255 5594 3347 5643 xui
3400 5589 3595 5652 τελείας

214 5658 344 5734 {iam
421 5658 514 5734 την
573 5661 746 5719 ἐπιστ.
798 5665 921 5720 Vat.
999 5665 1046 5699 3"
1113 5666 1248 5717 αὐτὰ
1297 5665 1465 5722 Vind.
1543 5667 1589 5700 ³³
1650 5667 1812 5720 αὐτοῦ
1871 5683 1965 5724 n01

1871 5683 1996 5725 non
2053 5673 2144 5724 est
2199 5668 2262 5723 in
2317 5669 2437 5724 Vat.
2516 5668 2563 5701 π
2624 5663 2785 5718 αὐτοῦ
2842 5665 2970 5722 Vat.
3048 5665 3090 5699 ³⁷
3147 5661 3406 5725 κάκείνοις
3462 5664 3591 5734 ναι,

221 5733 268 5767 ³⁸
295 5741 395 5786 τῶν
428 5731 488 5787 δε
516 5742 616 5787 τῶν
637 5733 866 5810 ὁργάνων
896 5733 1122 5807 ἐχόντων
1151 5739 1278 5794 Vat.
1356 5738 1402 5774 39
1435 5738 1588 5809 πάχη
1618 5739 1788 5796 Vind.
