4434 6452
800 405 821 455 1
840 406 942 457 427

2145 404 2516 460 NICEPHORI
2558 404 2843 459 CHUMNI.

4033 412 4049 461 1
4064 410 4173 460 428

804 526 996 582 tradit.
1020 541 1213 597 neque
1231 532 1321 580 est
1354 525 1451 580 illa
1473 527 1823 587 recordatio.
1859 544 2053 600 neque
2076 528 2275 583 oblitae
2294 543 2457 581 men-
2492 531 2537 580 Α

2423 548 2457 580 ι·
2492 531 2537 580 Α
2567 529 2811 595 γνὺντων,
2843 532 2933 578 καί
2957 548 3012 598 γε
3043 534 3130 585 τὴν
3158 528 3210 590 ἐξ
3240 528 3399 579 αὐτοῦ
3441 536 3629 598 ψαῦσιν
3659 531 3769 595 (34)
3830 528 3914 580 ἐπὶ
3968 534 4060 585 τὴν
4122 531 4174 563 ⁸ο

806 616 866 679 ti,
898 615 1228 669 secundum
1265 620 1520 668 vestram
1565 618 1947 683 sententiam,
1982 616 2337 687 supervenit.
2398 616 2462 668 Et

807 705 888 757 sic
917 703 1091 771 igitur
1128 702 1471 757 confutatur
1509 708 1565 757 et
1585 703 1953 759 solviturilla
1984 705 2207 775 opinio.
2244 719 2459 773 nempe

805 791 1110 845 scientiam
1136 807 1261 845 esse
1285 791 1759 846 recordationem
1785 792 2086 847 etanimas
2104 791 2457 862 corporibus

803 880 1335 950 przeexistere,quae
1357 879 1499 933 nihil
1529 886 1663 934 ante
1679 896 1929 951 corpora
1954 881 2074 935 ullo
2103 880 2283 935 modo
2301 884 2457 934 sunt.

2569 622 2663 674 τῆς
2717 615 3013 686 ἐπιστήμην
3076 618 3190 668 θέαν
3247 622 3335 668 καὶ
3387 622 3701 672 κατανόησιν
3764 616 4173 688 ἐκκαλουμένων.

2572 704 2847 768 Ἐντεῦθεν,
2902 706 3036 756 κατά
3105 726 3163 775 γε
3215 710 3300 756 τὸν
3349 705 3468 776 ἐμὸν
3493 705 3664 773 λόγον.
3697 705 3992 777 ἐπιστήμης
4049 710 4177 779 ἡμῖν

3537 802 3653 855 νοῦς
3727 800 3816 846 καὶ
3884 805 4009 847 νοῶν
4059 796 4178 848 ἐστι

2570 790 2825 861 ἐγγίνεται
2900 803 3109 863 γνῶσις.
3197 794 3454 846 Ἐντεῦθεν

2569 883 2699 950 μετά
2749 888 2989 953 σώματος
3045 886 3260 948 ταύτην,
3318 889 3406 934 καὶ
3454 880 3771 954 μεταδιδοὺς
3833 884 3986 955 λόγῳ,
4048 887 4176 955 μήτ’

806 966 1141 1039 ἀναμνήσεῶς
1225 968 1387 1029 αὐτῆς
1470 971 1648 1033 οὔσης,
1706 970 1827 1040 μήτ’
1880 968 2255 1040 ἐπιλελησμένῳ
2316 970 2356 1002 ¹⁰¹
2418 976 2506 1037 νώ,
2555 972 2687 1021 κατά
2762 990 2817 1040 γε
2882 975 2967 1022 τὸν
3027 973 3166 1043 ὐμων
3221 971 3391 1042 λογον,
3440 971 3789 1042 ἐγγινομένης.
3858 979 3957 1024 Καὶ
4000 980 4179 1025 τοίνυν

804 1057 937 1108 οὕτω
1013 1076 1072 1126 γε
1159 1063 1247 1108 καὶ
1316 1053 1679 1127 ὃιελὴλεγκται
1737 1062 1821 1108 καὶ
1864 1058 2069 1110 λέλυται
2136 1062 2192 1109 τό
2249 1076 2303 1108 τε
2362 1059 2448 1116 τάς
2502 1055 2792 1129 ἑπιστὴμας
2850 1058 3158 1132 ἀναμνήσεις
3206 1058 3353 1129 εἶναι,
3395 1068 3483 1113 καὶ
3521 1064 3579 1112 τὸ
3609 1064 3697 1121 τὰς
3722 1062 4025 1137 ψυχὰςπρὸ
4075 1074 4179 1113 των

807 1148 1059 1216 σωμάτων
1081 1150 1209 1216 μήτι
1239 1164 1297 1215 γε
1326 1142 1588 1217 μηδαμῶς
1609 1150 1784 1215 οὔσας,
1819 1148 2047 1216 νομίζειν
2080 1143 2225 1198 εἶναι.

875 1238 930 1286 7.
966 1234 1098 1287 Ηεεο
1136 1232 1383 1304 quidem
1414 1233 1488 1287 de
1523 1234 1751 1299 origine
1801 1240 1859 1289 et
1909 1233 2463 1305 incorruptibilitate

802 1322 1013 1377 animae
1029 1321 1185 1376 dicta
1204 1327 1338 1375 sunt
1356 1327 1406 1375 et
1422 1322 1847 1391 demonstrata;
1874 1323 2465 1392 demonstratumque

806 1426 926 1464 una
965 1416 1050 1463 est
1081 1410 1315 1463 animas
1355 1426 1474 1464 non
1516 1411 1927 1481 prmexsistere
1954 1411 2330 1481 corporibus,
2363 1426 2463 1463 ne-

804 1514 922 1569 que
944 1514 1015 1551 ex
1045 1497 1242 1551 aliisin
1270 1497 1387 1551 alia
1411 1499 1997 1566 migrare.0uoniam
2024 1504 2220 1553 autem
2262 1499 2463 1552 anima

805 1603 1055 1657 corpore
1088 1586 1282 1641 soluta
1330 1591 1535 1641 manet
1572 1604 1765 1659 neque
1800 1588 2223 1658 corrumpitur.
2270 1588 2462 1658 inqui-

805 1676 1059 1730 rendum
1111 1675 1287 1729 nobis
1324 1684 1431 1740 est,
1487 1676 1634 1746 quid
1690 1693 1795 1747 per
1841 1693 1901 1731 se
1937 1677 2065 1731 sola
2135 1684 2341 1731 actura
2390 1676 2463 1729 sit

806 1770 861 1819 et
886 1780 1164 1835 passura,
1188 1764 1785 1835 etquomodoipsum
1816 1782 1991 1819 suum
2011 1766 2461 1819 esseincolume
2494 1772 2531 1823 Β

807 1858 1137 1912 servatura.
1168 1860 1224 1908 et
1262 1854 1490 1921 integra
1522 1854 1772 1908 omnino
1803 1854 2005 1908 sitnon
2033 1855 2215 1908 modo
2252 1870 2461 1908 secun—

805 1940 952 1995 dum
979 1956 1151 1995 suam
1184 1942 1528 2003 essentiam,
1560 1940 1662 1995 sed
1693 1947 1749 1995 et
1783 1941 2115 1996 secundum
2152 1941 2463 1996 facultates

808 2046 947 2083 cum
965 2034 1021 2083 et
1045 2029 1157 2083 hoc
1173 2029 1467 2083 habeatur
1488 2029 1625 2083 finis
1650 2036 1879 2084 naturae
1899 2030 2030 2100 ejus
2054 2045 2123 2083 ac
2145 2029 2461 2084 creationis

800 2123 886 2181 ut,
913 2116 1137 2172 animal
1168 2116 1519 2172 rationabile
1559 2118 1867 2183 exsistens,
1927 2118 2260 2172 secundum
2329 2133 2461 2171 sen-

803 2223 935 2261 sum
968 2210 1026 2260 et
1057 2205 1426 2260 voluntatem
1465 2206 1626 2260 vivat
1655 2223 1723 2261 ac
1752 2213 2046 2277 operetur.
2098 2210 2243 2262 Cum
2302 2206 2462 2261 enim

800 2294 1023 2365 duplex
1073 2295 1143 2348 sit
1196 2293 1658 2365 incorruptibilis
1712 2298 1767 2348 et
1831 2293 2164 2363 intelligens
2226 2302 2459 2355 natura,

801 2389 858 2438 et
886 2383 1074 2438 altera
1105 2382 1350 2454 quidem
1404 2398 1643 2454 semper
1695 2398 1803 2454 per
1870 2400 1931 2437 se
1991 2383 2298 2445 subsistat,
2356 2398 2460 2437 ne-

800 2490 917 2546 que
948 2473 1064 2528 ullo
1088 2473 1270 2528 modo
1292 2490 1429 2528 cum
1481 2473 1834 2545 corporibus
1894 2474 2154 2540 uniatur,
2213 2474 2459 2528 miscea-

801 2569 896 2617 tur
908 2568 1012 2617 aut
1031 2562 1454 2627 confundatur,
1478 2579 1663 2634 quam
1678 2563 2115 2619 dmmoniacam
2134 2579 2240 2618 vos
2267 2563 2462 2619 dicitis

809 2650 1320 2723 concedimusque
1335 2668 1445 2705 nos
1469 2652 1724 2723 primam
1772 2657 1991 2706 sortem
2014 2667 2201 2723 prope
2234 2655 2464 2707 Creato-

805 2758 931 2796 rem
957 2756 1194 2812 semper
1207 2741 1624 2795 commorandi
1648 2758 1718 2796 ac
1741 2741 2141 2796 conversandi
2163 2742 2459 2811 amisisse,

799 2846 936 2885 mea
960 2830 1207 2900 quidem
1260 2830 1575 2895 sententia,
1652 2830 1757 2885 etsi
1816 2830 1987 2885 vobis
2059 2846 2179 2884 non
2204 2829 2458 2901 placeat,

799 2918 861 2973 id
934 2917 1080 2972 nihil
1126 2918 1391 2972 inﬁrmat
1438 2923 1673 2973 nostros
1758 2926 2010 2973 conatus
2064 2934 2132 2973 ac
2191 2924 2457 2974 nostram

800 3007 1397 3063 demonstrationem.
1426 3009 1722 3073 Quoniam
1738 3008 2024 3077 igiturilla
2041 3024 2222 3063 omne
2238 3024 2458 3079 corpus

799 3113 870 3151 ac
897 3112 1108 3151 omnes
1140 3112 1355 3151 sensus
1396 3095 1566 3164 fugit,
1608 3096 1792 3151 altera
1859 3102 2059 3151 autem
2121 3096 2456 3151 secundum

796 3186 909 3241 has
942 3186 1180 3239 animas
1202 3185 1379 3240 simul
1400 3201 1536 3240 cum
1561 3186 1914 3256 corporibus
1936 3190 2219 3240 nascatur
2235 3192 2292 3240 et
2319 3201 2455 3240 cum

800 3275 870 3329 iis
906 3275 1139 3328 misceri
1172 3273 1580 3345 confundique
1604 3274 1798 3335 debet,
1848 3290 2043 3346 neque
2105 3274 2224 3328 ullo
2275 3274 2456 3329 modo

799 3379 1051 3435 corpora
1065 3364 1276 3431 renuit,
1302 3379 1422 3417 non
1440 3368 1631 3433 potest
1652 3363 1766 3417 dici
1794 3363 1953 3417 illam
1986 3379 2204 3434 corpus
2229 3364 2455 3417 induis—

801 3469 883 3513 se.
916 3468 1109 3522 neque
1132 3452 1288 3506 hanc
1320 3466 1567 3522 corpore
1597 3450 1911 3506 liberatam
1951 3468 2103 3517 esse,
2132 3452 2193 3507 id
2220 3467 2460 3523 semper

799 3540 1127 3609 fugientem
1159 3546 1216 3594 et
1254 3540 1332 3594 ab
1362 3556 1434 3594 eo
1458 3539 1637 3608 longe
1680 3540 2022 3603 abeuntem,
2055 3556 2175 3594 non
2207 3541 2331 3595 ﬁeri
2359 3557 2456 3611 po-

801 3629 1003 3683 testob
1017 3629 1237 3683 dictam
1255 3628 1543 3683 rationem
1558 3644 1691 3683 eam
1716 3644 1837 3683 non
1862 3645 2096 3682 servare
2112 3629 2169 3683 id
2194 3631 2266 3683 ad
2292 3631 2457 3699 quod

800 3724 940 3774 nata
972 3717 1205 3773 est.Sed
1236 3718 1287 3772 ei
1326 3733 1482 3788 opus
1504 3724 1588 3772 est
1603 3733 1853 3787 corpore
1874 3718 1933 3771 in
1948 3733 2297 3789 quoomnes
2317 3735 2458 3772 suos

803 3813 969 3862 actus
983 3806 1349 3878 operabitur.
1366 3808 1527 3877 Opus
1543 3812 1631 3860 est
1657 3807 1707 3859 ei
1733 3822 1981 3877 corpore
2009 3822 2273 3877 quocum
2298 3808 2459 3877 pejo-

800 3914 867 3953 ra
882 3896 973 3951 vel
991 3896 1235 3951 meliora
1251 3896 1525 3967 patietur,
1548 3901 1725 3966 prout
1748 3896 2023 3951 virtutem
2049 3902 2151 3951 aut
2171 3897 2461 3952 malitiam

801 3985 1207 4058 properaverit
1235 3985 1465 4056 Operari
1518 3990 1621 4043 :et
1680 3984 2014 4039 secundum
2064 4001 2167 4038 vos
2218 4001 2462 4057 quoque

803 4077 929 4130 sive
959 4076 1018 4130 in
1049 4074 1321 4130 felicitate
1339 4074 1667 4129 viventium
1700 4075 1905 4129 anima
1934 4075 2054 4133 ﬁet.
2108 4082 2212 4130 aut
2255 4092 2463 4130 severa

804 4164 1158 4234 experietur,
1184 4180 1320 4217 cum
1378 4163 1555 4217 bonis
1606 4163 1850 4233 quidem
1918 4164 2133 4218 animis
2190 4164 2459 4233 meliora,

808 4252 985 4307 malis
1018 4258 1217 4306 autem
1254 4252 1462 4323 pejora
1488 4258 1880 4318 reserventur,
1909 4258 2113 4307 nostra
2171 4268 2240 4305 ac
2270 4259 2465 4306 vestra

804 4341 1122 4407 sententia,
1165 4347 1219 4395 et
1258 4356 1546 4394 maerores
1572 4356 1641 4394 ac
1672 4340 1915 4395 delicias
1972 4346 2029 4395 et
2084 4357 2465 4412 quaecunque

803 4430 922 4485 alia
950 4445 1069 4484 non
1120 4430 1339 4484 animae
1378 4428 1563 4483 solius
1617 4435 1719 4484 aut
1794 4430 1979 4484 solius
2030 4431 2315 4500 corporis.
2360 4429 2465 4483 sed

803 4518 1129 4574 amborum
1150 4534 1280 4572 esse
1298 4517 1576 4572 dicimus.
1598 4517 1709 4574 Sed
1733 4518 2003 4572 nondum
2030 4518 2107 4573 ad
2139 4518 2199 4572 id
2220 4518 2464 4572 deveni-

802 4624 942 4664 mus
970 4626 988 4677 ;
1024 4606 1413 4661 solummodo
1443 4613 1642 4661 autem
1684 4606 1798 4661 hoc
1820 4606 2300 4662 demonstratum
2356 4612 2463 4669 est,

802 4711 1023 4767 nempe
1053 4696 1320 4751 animam
1348 4694 1582 4766 corpori
1636 4696 1943 4768 compingi
1984 4702 2221 4759 natura,
2272 4710 2468 4766 neque

2649 1234 2711 1294 ζ’.
2766 1236 2841 1287 Οὐ
2913 1242 3015 1307 μὴν
3079 1236 3205 1288 ἀλλά
3256 1247 3424 1289 ταῦτα
3475 1240 3563 1309 μὲν
3620 1243 3737 1311 περὶ
3788 1244 4029 1309 γενέσεως
4086 1245 4182 1291 καὶ

2576 1322 2873 1396 ἀφθαρσίας
2897 1326 3085 1397 ψυχῆς
3128 1330 3330 1398 εἰρηται
3382 1332 3467 1377 καὶ
3522 1324 3810 1395 δέδεικται,
3868 1326 4183 1381 συναποδει-

2574 1416 2791 1482 χθέντος
2846 1414 2955 1485 ἅμα
2998 1423 3085 1466 και
3148 1426 3239 1466 τοι)
3295 1422 3419 1487 μήτε
3470 1421 3568 1488 πρὸ
3623 1426 3721 1467 τῶν
3774 1420 4027 1487 σωμάτων
4082 1420 4183 1478 τὰς

2570 1501 2755 1570 ψυχάς
2827 1504 3127 1573 ὑφεστάναι..
3183 1504 3306 1574 μήτ’
3364 1504 3531 1554 αὐτῶν
3585 1502 3638 1564 ἐξ
3696 1504 3875 1577 ἐτέρων
3929 1505 4179 1575 μεταϐαί-

2571 1607 2671 1639 νειν
2699 1590 2769 1650 εἰς
2800 1591 2845 1624 ⁵³
2872 1591 3038 1661 ἕτερα.
3070 1592 3211 1643 Ἐπεὶ
3270 1588 3328 1643 δὲ
3375 1591 3530 1662 ψυχὴ
3580 1591 3798 1643 λυθεῖσα
3852 1601 3943 1643 τοῦ
4000 1601 4183 1664 σωμα-

2572 1695 2652 1735 τος
2718 1682 2855 1748 μένει
2911 1684 2999 1730 καὶ
3048 1680 3105 1730 οὐ
3161 1676 3491 1751 διέφθαρται,
3559 1680 3993 1753 προσεξεταοτέον
4050 1686 4181 1752 ἡμῖν

2570 1764 2630 1815 ἆν
2654 1769 2752 1829 εἴη,
2785 1772 2874 1817 καὶ
2906 1772 2958 1818 τί
2992 1765 3209 1829 δήποτε,
3255 1768 3371 1819 καθ’
3430 1768 3617 1825 ἑαυτὴν
3675 1773 3939 1839 γενομένη,
3988 1766 4184 1842 δράσει

2570 1860 2659 1905 καὶ
2690 1861 2945 1919 πείσεται,
2979 1862 3067 1908 καὶ
3098 1866 3207 1917 πῶς
3233 1857 3359 1908 αὐτὸ
3398 1854 3465 1913 δὴ
3526 1865 3679 1909 τοῦτο
3731 1861 3789 1908 τὸ
3838 1860 3967 1909 εἶναι
4019 1858 4181 1927 ψυχὴ

2574 1949 2874 2015 περισώσει,
2904 1950 2993 1995 καὶ
3048 1948 3105 1996 τὸ
3158 1945 3271 1997 ὅλον
3338 1944 3598 2019 ἀκήρατος
3649 1945 3766 2012 (35)
3818 1953 3907 1997 καὶ
3958 1952 4029 2016 μή
4087 1954 4187 2000 τὴν

2573 2033 2755 2083 οὐσίαν
2804 2038 2976 2103 μόνον,
3032 2032 3159 2085 ἀλλά
3218 2039 3307 2086 καὶ
3366 2034 3529 2091 αὐτὴν
3589 2031 3851 2091 δηπουθεν
3904 2040 3996 2091 τὴν
4048 2034 4186 2105 ἐνέρ-

2571 2139 2737 2189 γειαν,
2780 2121 2896 2173 ἐποὶ
2920 2142 3008 2173 και
3043 2130 3197 2174 τοῦτο
3245 2123 3385 2182 τέλος
3438 2128 3533 2179 τὴν
3594 2122 3706 2173 κατ’
3761 2123 3924 2180 αὐτὴν
3979 2126 4185 2194 φύσεως

2572 2215 2660 2283 καὶ
2701 2207 3055 2281 δημιουργίας
3106 2217 3424 2283 νενόμισται,
3484 2212 3615 2271 ζῶον
3672 2208 3916 2268 δηλονοτι
3972 2212 4188 2282 λογικὸν

2573 2277 2811 2367 διοικεῖν,
2861 2300 2968 2351 κοτ’
3028 2302 3281 2358 αἴσθησιν
3334 2305 3421 2352 καὶ
3477 2305 3783 2372 προαίρεσιν
3825 2306 3915 2351 καὶ
3948 2304 4048 2362 ζων
4090 2308 4187 2351 καὶ

2570 2390 2887 2458 κινούμενον.
2952 2396 3139 2448 Διττῆς
3207 2391 3306 2462 γὰρ
3385 2391 3566 2449 πάσης
3612 2396 3705 2449 τῆς
3765 2387 4032 2462 ἀφθάρτου
4087 2394 4187 2441 καὶ

2570 2484 2761 2537 νοητῆς
2817 2480 3017 2547 φύσεως
3098 2478 3282 2540 οὖσης,
3338 2482 3427 2529 καὶ
3482 2486 3578 2539 τῆς
3634 2480 3722 2549 μὲν
3768 2476 3846 2529 ἀεὶ
3896 2479 4012 2529 καθ’
4055 2478 4187 2530 ἐαυ-

2570 2569 2666 2620 τὴν
2714 2566 3024 2635 ὑφεστώσης
3102 2566 3168 2631 ",
3246 2571 3335 2616 καὶ
3382 2570 3504 2637 μήτι
3560 2568 3614 2617 θέ
3665 2562 3923 2637 μηδαμῶς
3970 2570 4189 2617 συνιού-

2574 2671 2673 2713 σης
2703 2653 2775 2713 εὶς
2827 2656 3008 2705 ἓνῶσιν
3058 2658 3145 2704 καὶ
3201 2654 3342 2725 μίξιν
3394 2658 3483 2705 καὶ
3539 2660 3726 2727 κρᾶσιν
3778 2658 4055 2727 σῷμάτων,
4119 2656 4187 2713 ἣν

2573 2738 2639 2799 δὴ
2669 2747 2759 2793 καὶ
2820 2739 3099 2814 δαιμονίαν
3148 2744 3296 2813 ὑμεῖς
3352 2762 3473 2813 φατε
3523 2748 3609 2794 καὶ
3660 2746 3809 2815 ἡμεῖς
3868 2754 4190 2817 συγχωρού-

3127 2836 3220 2892 της
3270 2837 3478 2905 πρώτης
3543 2836 3731 2902 μοίρας
3774 2841 3869 2893 τῆς
3912 2840 4030 2907 περὶ
4084 2854 4188 2885 τον

2575 2916 2900 2992 δημιουργὸν
2941 2920 3021 2972 ἀεὶ
3069 2924 3323 2992 μενούσης
3370 2925 3459 2972 καὶ
3524 2926 3888 2994 στρεφομένης.
3942 2927 4079 2974 κατά
4127 2944 4193 2994 γε

2572 3003 2661 3051 τὸν
2701 2999 2820 3071 ἐμὸν
2860 3002 2905 3034 ⁴⁸
2955 3000 3124 3070 λόγον,
3175 3000 3271 3051 κᾶν
3338 3002 3460 3072 ὑμῖν
3518 3007 3590 3071 μὴ
3652 2998 3924 3067 δέδοκται,
3983 3008 4076 3054 καί
4127 3024 4193 3073 γε

2570 3088 2710 3139 τοῦτ’
2748 3087 2888 3140 ἐστίν
2951 3086 3100 3140 οὐδὲν
3162 3092 3295 3155 πρὸς
3336 3094 3428 3146 τὴν
3485 3097 3572 3139 νῦν
3630 3094 3883 3163 ταράττον
3943 3089 4192 3149 σπουδήν

2568 3198 2657 3228 και
2698 3174 2985 3240 ἀπόδειξιν.

2574 2848 2662 2901 μέν
2743 2828 2843 2881 ἀπο
2852 2837 3048 2882 στᾶσαν

3059 3178 3284 3237 Ἐκείνης
3341 3188 3466 3248 γουν
3516 3184 3615 3229 πᾶν
3675 3188 3826 3250 σῶμα
3876 3181 3923 3214 ⁸⁵
3973 3186 4195 3251 φευγού-

2569 3286 2666 3327 σης
2730 3287 2821 3318 και
2877 3274 3055 3318 πᾶσαν
3107 3269 3380 3331 αῖσθησιν,
3438 3274 3533 3328 τῆς
3586 3264 3634 3319 δ’
3678 3268 3848 3340 ἐτέρας
3902 3289 3990 3320 και
4050 3274 4195 3321 κατὰ

2569 3359 2763 3416 ταύτας
2797 3353 2863 3413 δὴ
2906 3360 2971 3407 τὰ
3009 3356 3191 3426 ψυχὰς
3221 3358 3350 3426 ὁμοῦ
3391 3364 3499 3416 τοῖς
3559 3362 3771 3427 σώμασι
3821 3364 4194 3430 γεγενημένηςς

2568 3465 2657 3496 και
2714 3447 3089 3517 συμμεμιχθαι
3151 3445 3357 3505 τούτοις
3414 3465 3503 3495 και
3558 3450 4047 3521 συνανακεκράσθαι
4101 3468 4194 3500 πε-

2573 3539 2802 3605 φυκυίας
2856 3535 2923 3599 ⁸⁸,
2978 3554 3068 3585 και
3121 3530 3386 3605 μηδαμῶς
3431 3533 3608 3591 ἣκιστ’
3660 3534 4071 3607 ἀπανάινομὲνης
4125 3540 4197 3589 τὰ

2577 3630 2799 3694 σώματα
2849 3624 2917 3691 ‘7,
2982 3623 3093 3673 οὔτ’
3142 3622 3339 3679 ἐκείνην
3400 3625 3822 3693 σεσωματῶσθαί
3878 3626 3991 3676 ποτ’
4044 3628 4195 3676 ἔστιν

2570 3713 2752 3781 εἰπεῖν,
2798 3714 2915 3764 οὐτε
2968 3715 3161 3769 ταύτην
3213 3719 3306 3763 τοῦ
3358 3718 3599 3783 σώματος
3655 3712 4045 3784 ἀπαλλαγεῖσαν
4099 3735 4199 3766 και

2570 3802 2711 3853 τοῦτ’
2769 3800 2846 3853 ἀεί
2921 3804 3174 3871 εύγουσαν
3258 3821 3348 3852 και
3402 3799 3867 3875 ἀποστρεφονένην,
3928 3803 4024 3854 οὐκ
4074 3808 4199 3856 ἔστι

2570 3890 2691 3941 καθ’
2724 3890 2776 3941 ὃν
2827 3886 2895 3946 δὴ
2950 3909 3039 3940 και
3080 3890 3126 3924 ’⁸⁸
3178 3893 3356 3960 γέγονε
3408 3888 3580 3959 λογον,
3625 3910 3714 3941 και
3752 3896 3879 3963 πρὸς
3910 3892 3935 3942 ὃ
3981 3889 4053 3949 δὴ
4102 3900 4196 3945 πέο

2574 3999 2749 4052 φυκεν,
2834 3979 2891 4030 οὐ
2940 3982 3030 4049 μὲν
3081 3974 3168 4029 οὖν
3221 3982 3527 4033 σεσωκέναι.
3578 3978 3733 4031 Ἀλλά
3777 3977 3861 4031 δεῖ
3903 4000 3963 4051 γε
4018 3986 4193 4054 ταύτῃ

2577 4076 2835 4139 σώματος,
2879 4070 2927 4118 ἐν
3075 4063 3141 4123 δὴ
3185 4069 3275 4116 και
3321 4070 3562 4137 γενομένη
3620 4073 3723 4118 πᾶν
3776 4072 3834 4119 τὸ
3869 4071 3983 4119 κατ’
4023 4070 4199 4127 αὐτὴν

2572 4156 2777 4229 πράξει.
2816 4163 2901 4207 Δεῖ
2928 4175 3017 4206 xm
3060 4155 3171 4225 μεθ’
3225 4153 3344 4205 ὅτου
3397 4157 3463 4204 τὰ
3527 4160 3693 4227 χείρω
3749 4163 3986 4209 πείσεται
4030 4160 4061 4216 ἡ
4129 4165 4199 4211 τὰ

2576 4244 2784 4318 βελτίω,
2850 4247 2919 4305 ὡς
2985 4244 3133 4307 ἔφθη,
3191 4239 3435 4299 δηλονότι
3493 4242 3679 4315 ἀρετὴν
3735 4246 3764 4303 ἦ
3817 4251 4005 4298 κακίαν
4060 4254 4202 4321 μετὰ

2576 4338 2762 4387 τούτου
2813 4337 3226 4407 κατειργασμένη
3281 4333 3349 4398 ⁴⁹,
3409 4352 3500 4383 και
3566 4334 3594 4390 ἡ
3657 4344 3756 4385 τῶν
3813 4332 4113 4393 ἠδυνοντων
4147 4338 4201 4390 ἐν

2580 4423 2866 4475 ἀπολαύσει
2886 4442 2973 4474 και
3006 4423 3121 4473 καθ’
3155 4422 3285 4491 ὑμᾶς
3312 4421 3360 4454 ⁸ο
3416 4425 3637 4489 γένοιτο,
3702 4424 3731 4481 ἡ
3792 4433 3892 4475 τῶν
3947 4430 4200 4497 σκυθρωο

2579 4522 2688 4566 πῶν
2718 4513 3013 4583 πειραθείη,
3049 4529 3138 4561 και
3190 4512 3476 4561 ποιούντων
3521 4519 3715 4577 κακῶς,
3775 4511 3885 4565 ἐπεί
3933 4534 4024 4566 και
4078 4526 4204 4577 ταῖς

2578 4606 2667 4675 μὲν
2733 4601 2953 4672 ἀγαθαῖς
3023 4608 3121 4652 τῶν
3202 4598 3394 4669 ψυχῶν
3452 4597 3663 4671 ἀμείνω,
3727 4610 3834 4663 ταῖς
3892 4599 3951 4655 δε
4009 4615 4205 4666 κακαῖς

2580 4692 2893 4744 ἀποκεῖσθαι
2923 4692 2989 4740 τὰ
3039 4693 3229 4752 κακίω,
3275 4686 3395 4739 καθ’
3424 4690 3557 4759 ημᾶς
3608 4708 3665 4760 γε
3710 4710 3801 4742 και
3848 4693 3970 4764 ὑμῖν
4001 4695 4047 4728 ει
4113 4692 4204 4747 δέ-

2189 4869 2416 4937 Variae
2465 4867 2821 4935 lectiones.

871 5018 918 5051 ‘°
949 5019 1035 5068 τὸν
1068 5013 1245 5069 Vind.
1325 5015 1366 5047 "
1393 5011 1799 5070 ἐπιλελησιιένων
1831 5015 1955 5069 Vat.

800 5090 923 5143 Vat.
1003 5088 1050 5121 ⁸⁸
1077 5106 1163 5137 και
1194 5104 1311 5156 πεφ.
1339 5087 1464 5140 Vat.

800 5162 925 5216 Vat.
1003 5161 1044 5193 ⁵¹
1088 5161 1213 5230 ἡμῖν
1237 5159 1362 5212 Vat.

2034 5014 2080 5047 ⁸³
2109 5011 2183 5084 ἐφ’
2215 5012 2380 5067 Vind.

2460 5011 2509 5045 ‘3
2547 5030 2600 5067 κ.
2628 5008 2670 5067 ἐ.
2715 5014 2804 5082 ὑφ.
2861 5008 2940 5063 ἀεί
2994 5014 3117 5067 Vat.

1542 5086 1679 5136 “2-5:
1710 5089 1846 5157 σώμ.
1906 5085 2076 5139 abest
2128 5082 2163 5138 a
2210 5086 2317 5139 Vat
2394 5084 2438 5117 ⁵⁸
2508 5102 2599 5133 και
2657 5082 2821 5137 deest
2880 5086 2932 5137 in
2992 5085 3116 5139 Vat.

3197 5013 3245 5046 “
3302 5013 3546 5084 ἡμτερον
3592 5012 3717 5066 Vat.
3799 5012 3843 5044 “
3887 5020 4045 5083 σῶμα
4095 5021 4205 5065 πᾶν

3196 5085 3243 5119 δ’
3286 5086 3714 5157 κατεργασαμένη
3764 5084 3889 5137 Vat.
3971 5084 4021 5117 ⁵ο
4056 5085 4205 5155 ἡμᾶς

2383 5278 2604 5346 Notae.

868 5427 983 5496 (34)
1024 5424 1296 5480 Proxime
1339 5423 1570 5496 dixerat
1625 5427 1913 5494 γνωστικὴν
1986 5432 2109 5495 φώς.
2170 5425 2331 5496 Eam_
2370 5438 2467 5476 co-

803 5493 1134 5568 gnoscendi
1166 5502 1221 5553 et
1241 5496 1419 5568 quasi
1439 5493 1675 5550 lucendi
1697 5493 1999 5562 actionem
2021 5511 2190 5568 nunc
2205 5493 2469 5568 declarat

795 5563 941 5625 voce
974 5563 1382 5641 Alexandrinis
1410 5567 1739 5641 interprett.
1805 5569 2068 5639 propria.
2118 5565 2259 5641 iVid.
2310 5564 2455 5619 Biel.

799 5644 964 5698 Thes.
998 5658 1076 5705 iii,
1106 5638 1314 5711 p.536,
1342 5637 1485 5693 ibid.
1518 5637 1743 5711 Cyrilli
1774 5637 2092 5711 [Jeae.ms.'i
2118 5640 2306 5692 Brem.
2333 5656 2463 5709 φαυ-

798 5734 901 5780 σιν,
934 5722 1059 5788 φῶς,
1089 5716 1297 5788 φέγγος,
1326 5726 1462 5784 qum
1483 5710 1699 5766 eadem
1728 5711 1910 5770 habet
1954 5710 2118 5767 Suid.
2177 5710 2238 5764 in
2293 5725 2456 5764 voce.

2579 5424 2840 5494 Zonaras
2871 5428 3073 5476 autem
3102 5422 3171 5475 L.
3193 5420 3297 5475 Gr.
3327 5436 3386 5492 p.
3418 5422 3572 5486 1796,
3608 5428 3819 5492 φαῡσις,
3874 5421 4041 5492 αὐγὴ.
4088 5423 4211 5494 φάσκ’

2576 5513 2691 5581 γος,
2733 5493 3067 5581 λαμπροτης.

2647 5566 2762 5634 (35)
2799 5562 3109 5638 Ἀκήρατος,
3153 5562 3663 5638 ᾳυοᾴγίδῃιορθτε
3703 5562 4051 5635 frequentat
4087 5568 4208 5620 Na»

2575 5635 2838 5708 thanael,
2878 5635 2986 5690 nec
3019 5636 3245 5708 Platoni
3279 5635 3607 5705 displicuit.
3643 5637 3829 5691 Locos
3873 5638 4213 5708 suppedita

2572 5707 2967 5780 Bubukenius
2996 5708 3079 5764 ad
3110 5706 3284 5779 Tim,
3314 5722 3375 5778 p.
3415 5712 3501 5764 17.
