4434 6452
807 408 939 467 1431

2169 404 2547 467 NICEPHORI
2572 403 2840 465 CHUMNI

4039 415 4181 473 1422

803 537 914 601 est,
945 530 1172 589 factum
1214 529 1308 587 sit.
1367 531 1436 588 Et
1480 530 1729 605 quidem
1781 531 1949 590 Plato
2001 532 2261 607 priorem
2329 546 2459 588 sen-
2489 532 2536 588 Α

2431 561 2459 587 .-
2489 532 2536 588 Α
2572 533 2716 598 σθαι,
2751 529 2844 586 εἷθ’
2872 534 2995 606 ὅπερ
3023 535 3136 588 ἔστι
3158 538 3329 607 γέγονε
3358 535 3534 608 μεῖζον
3566 535 3614 571 ⁶⁰
3644 554 3657 569 ο
3680 553 3769 588 και
3797 538 4182 609 μήνκαιαύτός

803 621 1051 678 tentiam
1084 634 1438 693 supponens
1477 636 1598 677 non
1639 637 1713 678 ex
1766 622 1950 679 altero
1990 622 2220 678 minore
2261 620 2458 691 majus

802 710 1027 769 factum
1058 725 1191 767 esse
1246 708 1500 766 alterum
1552 710 1716 778 dixit,
1775 712 2065 783 quoniam
2124 712 2206 767 ita
2262 711 2458 767 homi-

803 816 952 858 num
983 799 1285 870 generatio
1314 814 1437 855 non
1468 804 1645 858 esset.
1695 801 2008 868 Quomodo
2055 802 2216 857 enim
2266 804 2463 873 potest

803 890 941 961 dici,
975 890 1159 947 altero
1188 890 1626 946 incrementum
1692 894 1796 947 aut
1851 892 2296 964 corruptionem
2352 906 2460 962 pa-

802 980 1002 1046 tiente,
1062 978 1229 1052 quod
1285 978 1431 1034 illud
1473 994 1692 1051 passus
1771 985 1882 1050 est,
1961 980 2075 1036 hoc
2143 980 2204 1035 in
2277 979 2461 1035 altero

804 1067 1030 1125 factum
1053 1083 1184 1123 esse
1211 1067 1239 1125 ?
1264 1070 1450 1138 Maius
1477 1068 1636 1122 enim
1661 1084 1789 1123 esse
1816 1084 1886 1123 ac
1907 1070 2107 1125 minus
2138 1084 2288 1135 esse,
2316 1067 2461 1123 illud

807 1172 952 1214 sane
983 1161 1039 1213 et
1063 1154 1247 1223 aliud,
1281 1170 1403 1211 non
1426 1160 1624 1211 autem
1659 1162 1747 1212 est
1778 1157 1937 1213 aliud
1972 1162 2029 1213 et
2081 1157 2243 1213 aliud
2294 1156 2354 1212 id
2401 1157 2462 1212 in

805 1261 927 1319 quo
957 1245 1086 1301 haec
1112 1244 1280 1300 fiunt.
1315 1249 1505 1317 Atque
1537 1245 1716 1314 igitur
1746 1246 1819 1301 de
1851 1262 2065 1302 somno
2092 1262 2161 1302 ac
2212 1244 2412 1316 vigilia
2446 1262 2459 1311 ;

805 1334 910 1407 qui
941 1349 1099 1389 nunc
1130 1332 1369 1400 dormit,
1410 1333 1506 1389 ille
1546 1334 1794 1390 omnino
1826 1334 2147 1405 evigilabit.
2178 1337 2245 1389 Et
2290 1348 2462 1403 gene-

805 1423 1068 1481 rationes
1100 1422 1359 1478 duorum
1384 1423 1821 1478 contrariorum
1851 1430 2025 1494 sunt;
2054 1438 2175 1478 non
2205 1423 2359 1477 alius
2376 1426 2466 1478 est

806 1510 912 1583 qui
941 1510 1243 1566 obdormit
1275 1516 1455 1583 atque
1479 1510 1565 1566 ita
1591 1526 1806 1567 somno
1837 1512 2146 1584 premitur,
2207 1516 2265 1566 et
2312 1510 2464 1565 alius

802 1601 907 1674 qui
939 1600 1197 1670 evigilat,
1232 1601 1336 1656 sed
1368 1600 1530 1656 idem
1561 1601 1690 1657 haec
1724 1601 1868 1657 duo.
1906 1605 2298 1657 Etmortuum
2331 1616 2462 1656 esse

803 1688 1062 1746 dicimur
1088 1705 1226 1745 eum
1265 1690 1370 1761 qui
1428 1690 1592 1762 prius
1634 1690 1873 1746 vivebat
1924 1707 1938 1755 ;
1990 1696 2046 1745 et
2096 1706 2169 1746 ex
2226 1695 2463 1746 mortuo

802 1777 1156 1835 reviviscere
1186 1777 1417 1833 nullum
1450 1777 1656 1844 alium,
1720 1779 1824 1835 sed
1869 1778 2041 1833 illum
2111 1779 2309 1850 ipsum
2362 1780 2464 1851 qui

2572 619 2781 673 Πλάτων
2812 620 2859 673 ἐν
2889 620 2952 696 τῇ
2987 625 3230 677 ὑποθέσει
3257 628 3316 677 τὸ
3349 629 3593 698 πρότερον
3624 626 3723 685 θεις
3777 624 3871 679 οὐκ
3935 626 3990 689 ἐξ
4037 626 4187 679 ἐλάτ-

2569 729 2713 772 τονος
2739 710 2912 783 ἑτέρου
2936 708 3002 770 δή
3041 732 3173 773 τινος
3222 717 3383 781 ὄντος,
3431 716 3600 786 ἕτερον
3661 716 3817 785 ἔφησε
3874 715 4051 786 μεῖξον
4098 734 4184 787 γε·

2569 801 2770 864 νέσθαι,
2808 798 2916 853 ἐπεί
2959 799 3092 852 οὕτω
3148 821 3205 873 γε
3240 798 3364 854 οὐδὲ
3414 805 3615 873 γένεσις
3667 801 3946 875 ἀνθρώπων
4000 806 4045 839 ⁶¹
4084 804 4183 856 οὐκ

2571 887 2632 939 ἄν
2654 890 2753 945 εἰη.
2788 894 2903 950 Hm;
2930 892 3031 963 γὰρ
3051 890 3194 943 ἐστιν
3221 890 3391 964 ἐτέρου
3418 892 3723 962 πάσχοντος
3745 891 3967 953 αὔξησιν
3997 894 4027 951 ᾖ
4064 894 4183 965 φθί-

2574 995 2679 1045 σιν,
2705 982 2737 1030 o'
2772 974 2839 1036 δὴ
2868 981 3113 1032 πέπονθεν
3153 977 3331 1045 ἐκεῖνο,
3365 980 3507 1033 τοῦτ’
3564 979 3612 1031 ἐν
3664 981 3815 1055 ἑτέρῳ
3862 983 4183 1052 γεγενῆσθαι

2569 1064 2731 1137 λέγειν
2774 1083 2788 1134 ;
2820 1068 2996 1138 μεῖξον
3020 1069 3066 1103 ⁶²
3096 1071 3198 1141 γὰρ
3233 1066 3361 1122 εἶναι
3398 1089 3486 1122 και
3512 1068 3718 1122 ἔλαττον
3746 1067 3893 1136 εἶναι,
3917 1071 4039 1124 ἄλλο
4071 1068 4181 1129 δὴ·

2570 1158 2759 1209 πουθεν
2790 1157 3016 1210 καιᾶλλο
3039 1158 3131 1210 οὐκ
3163 1158 3285 1211 ἄλλο
3319 1156 3377 1212 δὲ
3397 1180 3487 1212 και
3513 1159 3634 1212 ἄλλο
3657 1160 3703 1195 ⁸³
3743 1161 3815 1232 ἐφ’
3928 1158 3993 1219 δὴ
4054 1167 4183 1233 γίγ-

2572 1264 2712 1298 νεται
2740 1254 2907 1298 ταῦτα
2936 1268 2947 1280 ο
2983 1267 3071 1299 και
3110 1253 3280 1300 τοίνυν
3314 1248 3398 1300 ἐπί
3422 1257 3513 1301 τοῦ
3560 1245 3832 1301 καθεύδειν
3890 1270 3979 1301 και
4026 1253 4186 1324 ἑυγρη-

2572 1338 2799 1407 ⁹γορένειι,
2831 1335 2884 1397 ὃς
2924 1338 2985 1386 ἄν
3013 1336 3101 1387 νῦν
3131 1334 3381 1390 καθεύδοι
3408 1340 3477 1406 ⁵⁵,
3507 1338 3651 1398 οὗτος
3679 1334 3853 1394 δήπου
3882 1358 3971 1391 και
4022 1338 4185 1410 ἐγρη-

2573 1427 2738 1495 γορὼς
2788 1424 2937 1476 ἔσται
2994 1444 3083 1477 και
3134 1428 3187 1477 αἱ
3231 1430 3451 1497 γενέσεις
3505 1424 3652 1479 δυοῖν
3733 1429 3898 1479 όντοιν
3974 1432 4185 1481 τούτοιν

2575 1511 2841 1578 ἐναντίοιν,
2871 1513 2963 1565 οὐκ
3012 1513 3166 1565 ἄλλου
3226 1518 3361 1575 τινὸς
3425 1522 3518 1567 τοῦ
3571 1512 4059 1589 καταδαρθάνοντος
4102 1522 4187 1570 ὃν·

2573 1619 2679 1662 τος.
2713 1621 2802 1653 χαι
2842 1600 2975 1653 οὕτω
3030 1600 3389 1673 καθεύδοντος,
3452 1604 3621 1676 ἔτερος
3680 1604 4015 1675 ἀνεγείρεται,
4072 1605 4185 1659 ἀλλ’

2576 1690 2602 1740 ό
2629 1689 2780 1752 αύτός
2804 1699 2971 1744 ταῦτα

2577 1778 2748 1841 ζῶντα

3030 1713 3043 1725 ο
3095 1712 3185 1744 και
3235 1695 3533 1751 τεθνηκέναι
3582 1696 3742 1766 φαμεν
3794 1698 3878 1746 τὸν
3932 1699 4188 1769 πρότερον

2801 1801 2814 1814 ·
2863 1779 2916 1831 ἐκ
2970 1777 3028 1834 δε
3078 1789 3167 1833 τοῦ
3215 1784 3489 1845 τεθνεῶτας
3538 1781 3921 1837 ἀναϐιώκεσθαι
3990 1781 4187 1837 οὐδένα

804 1872 1079 1924 mortuus
1108 1866 1321 1936 fuerat,
1348 1867 1872 1940 quemadmodum
1899 1868 1972 1924 de
2001 1867 2339 1923 dormiente
2365 1870 2467 1940 qui
2501 1883 2540 1937 Β

2452 1870 2540 1937 iB
2579 1876 2679 1921 τῶν
2736 1868 2920 1937 ἄλλων,
2955 1870 3110 1922 αύτόν
3159 1867 3209 1923 δ’
3266 1870 3453 1924 ἐκεῖνον
3506 1874 3591 1924 τόν
3635 1875 3921 1930 τεθνηκότα
3967 1874 4016 1909 ⁶⁵
4059 1876 4198 1927 κατά

802 1972 1048 2014 rursum
1078 1955 1340 2027 evigilat.
1374 1958 1440 2012 Et
1497 1956 1578 2013 sic
1631 1972 1662 2011 e
1713 1957 1929 2013 minori
1989 1962 2293 2012 crescente
2346 1973 2471 2013 ma-

799 2047 901 2118 jus
924 2045 1195 2101 eﬂ‘ectum
1230 2050 1342 2103 est.
1365 2048 1572 2101 Nonne
1595 2046 1678 2101 sic
1735 2061 1808 2101 ea
1861 2062 1922 2101 se
1977 2046 2201 2102 habent
2248 2046 2276 2101 ?
2335 2047 2473 2102 Om-

805 2135 951 2191 nino
993 2134 1097 2191 sic.
1123 2133 1265 2189 Vide
1295 2134 1476 2204 igitur
1526 2138 1583 2190 et
1630 2134 1946 2191 considera
2009 2135 2155 2208 quid
2201 2135 2476 2191 dicamus

804 2224 1115 2280 hominem
1160 2239 1308 2279 esse.
1368 2223 1605 2280 Animal
1658 2224 1901 2281 mortale
1955 2224 2226 2288 omnino,
2287 2225 2475 2291 dices,

818 2319 1025 2370 mente
1052 2317 1109 2369 et
1130 2313 1362 2369 ratione
1417 2313 1741 2385 animaque
1772 2313 2045 2370 rationali
2084 2314 2486 2387 praeditum,et

806 2402 1110 2475 duplicem
1138 2418 1276 2458 eum
1308 2418 1441 2458 esse
1498 2402 1781 2473 dicimus,
1845 2419 1916 2459 ex
1972 2403 2214 2459 duobus
2265 2420 2455 2460 unum

2581 1976 2638 2029 γε
2682 1954 2924 2015 δηλονότι
2975 1962 3063 2011 τὸν
3113 1957 3456 2024 καθεύδοντα,
3511 1980 3601 2013 και
3648 1958 3794 2023 αὖθις
3876 1962 4207 2037 ἀνεγειρόμε-

2584 2066 2685 2101 νον.
2773 2054 2873 2100 Και
2939 2051 2997 2100 τό
3054 2048 3107 2111 ἐξ
3173 2049 3437 2110 ἐλάττονος
3487 2050 3833 2123 αὐξανομένου
3897 2058 4203 2125 γιγνόμενον

2588 2140 2762 2210 μεῖζον
2789 2139 2859 2192 εὖ.
2886 2136 2953 2190 Ἠ
2981 2137 3085 2210 οὐχ
3116 2139 3249 2191 οὕτω
3287 2146 3453 2191 ταῦτα
3487 2156 3500 2207 ;
3548 2142 3755 2202 πάντως
3835 2142 4021 2204 οὕτως.
4068 2141 4209 2214 Ἐχε

2590 2223 2658 2283 δὴ
2692 2246 2781 2278 και
2810 2231 3012 2294 σιόπει,
3042 2231 3094 2280 τί
3122 2231 3247 2281 ποτέ
3279 2248 3439 2300 φαμεν
3489 2228 3759 2284 ἄνθρωπον
3810 2227 3941 2282 εἶναι
3987 2248 4001 2295 ;
4066 2239 4211 2283 Ζῶον

2592 2316 2776 2373 θνητόν
2837 2318 3061 2383 πάντως,
3119 2316 3262 2390 ἐρεῖς,
3310 2324 3397 2369 νοῦ
3438 2337 3527 2370 και
3583 2318 3743 2390 λόγου
3800 2339 3886 2371 και
3933 2327 4026 2381 τῆς
4093 2321 4215 2373 κατ’

2596 2404 2748 2457 αὐτόν
2779 2404 2971 2477 ψυχῆς
3030 2410 3275 2478 μετέχον,
3338 2426 3427 2458 και
3490 2404 3707 2460 διπλοῦν
3768 2409 3811 2444 ⁸⁷
3871 2409 4025 2460 αὐτόν
4083 2407 4218 2463 εἷναί

807 2496 864 2550 et
897 2474 1370 2564 icorruptibilem
1421 2496 1477 2548 et
1534 2492 2072 2565 incorruptibilem,
2127 2474 2480 2567 corruptibi:

804 2580 923 2637 lem
983 2596 1250 2652 corpore,
1310 2581 1827 2654 incorruptibilem
1877 2582 2105 2649 anima,
2152 2598 2287 2654 quae
2352 2598 2480 2655 per-

807 2675 1015 2727 manet
1043 2676 1100 2727 et
1125 2685 1444 2743 nunquam
1473 2669 1844 2726 dissolvitur.
1873 2672 2018 2728 Cum
2065 2687 2229 2727 unus
2287 2672 2481 2745 specie

805 2760 993 2817 homo
1057 2760 1148 2826 sit,
1220 2759 1609 2816 multifariam
1668 2759 1904 2816 divisus
1964 2766 2073 2817 est.
2127 2763 2192 2817 Et
2250 2765 2338 2817 est
2393 2765 2480 2817 to-

808 2854 903 2904 tus
924 2849 985 2905 in
1004 2864 1394 2921 unaquaque,
1422 2848 1482 2904 in
1501 2854 1800 2921 quotquot
1829 2849 2144 2906 individua
2183 2849 2481 2907 dividatur

809 2953 882 2995 ac
956 2941 1321 3008 segregetur,
1383 2941 1441 2993 et
1520 2938 1790 3008 quolibet
1874 2938 2257 2994 individuum
2326 2939 2481 3011 pari-

811 3031 899 3083 tcr
928 3029 1017 3081 est
1046 3030 1258 3095 totum,
1281 3041 1404 3099 qua
1433 3025 1618 3082 homo
1650 3030 1759 3082 est.
1795 3026 1903 3083 Sed
1941 3027 2166 3099 species
2223 3026 2473 3099 quidem

810 3115 1029 3172 cadam
1060 3131 1298 3187 semper
1328 3120 1531 3171 manet
1563 3131 1632 3171 ac
1659 3131 1896 3188 semper
1946 3114 2264 3171 incolumis
2296 3133 2308 3171 :
2368 3131 2478 3172 cae-

2468 3146 2478 3156 -
2591 3125 2729 3193 γετὸ
2761 3124 2851 3194 μὲν
2889 3119 3027 3185 εἶδος
3095 3122 3142 3175 ἰν
3217 3132 3389 3194 ταυτῷ
3451 3128 3591 3196 μένει
3656 3144 3745 3176 και
3798 3124 3898 3178 αἰεί
3941 3127 3987 3161 τ’
4047 3131 4219 3180 σέσω-

809 3209 938 3261 tera
950 3220 1093 3260 vero
1107 3220 1228 3259 non
1244 3204 1453 3260 eodem
1472 3205 1677 3273 modo,
1701 3205 1803 3259 sed
1826 3204 2158 3277 quomodo,
2177 3204 2483 3260 docebunt
2524 3240 2560 3297 ρ

2464 3209 2483 3260 t
2524 3240 2563 3297 C
2595 3231 2737 3278 σται,
2765 3208 2911 3264 τὰδ’
2944 3214 3002 3265 οὗ
3049 3216 3134 3265 τόν
3174 3214 3236 3248 ’⁷³
3291 3213 3404 3267 ἶσον
3454 3216 3567 3285 ἔχει
3610 3218 3821 3287 τρόπον,
3894 3215 4000 3268 ἀλλ’
4068 3220 4215 3281 ὅπως

809 3310 946 3367 quae
978 3300 1332 3366 sequuntur,
1364 3299 1556 3366 Atque
1586 3294 1705 3350 huc
1743 3294 2100 3349 devenimus
2147 3294 2331 3367 idque
2389 3294 2479 3350 di-

811 3383 959 3439 cturi
992 3400 1221 3439 sumus.

881 3475 933 3526 9.
968 3474 1114 3528 Cum
1146 3471 1351 3536 anima
1379 3476 1435 3527 et
1458 3487 1709 3544 corpore
1733 3471 1919 3527 homo
1946 3476 2195 3537 constet,
2222 3489 2291 3528 ac
2317 3489 2476 3529 mor-

811 3559 942 3615 talis
975 3561 1051 3615 sit
1080 3562 1501 3633 unusquisque
1533 3577 1603 3616 ac
1625 3562 2037 3616 dissolutionis
2070 3579 2281 3633 capax,
2325 3563 2477 3618 dici-

809 3665 948 3705 mus
987 3650 1147 3705 hunc
1180 3656 1235 3705 et
1264 3651 1418 3705 mori
1471 3666 1540 3705 ac
1595 3652 1778 3705 vitam
1831 3666 2134 3706 resumere
2197 3669 2210 3718 ;
2273 3652 2478 3724 quoad

810 3740 1078 3794 animam
1128 3738 1376 3811 quidem
1418 3756 1555 3811 quae
1607 3745 1696 3795 est
1740 3739 2117 3810 immortalis,
2190 3757 2310 3796 non
2391 3741 2477 3797 di-

810 3844 1017 3883 cemus
1043 3844 1183 3883 eum
1216 3830 1364 3883 mori
1392 3845 1593 3901 posse,
1649 3829 1939 3901 quoniam
2010 3846 2080 3885 ea
2130 3846 2325 3903 neque
2373 3847 2477 3903 ρος

809 3922 921 3973 test
950 3918 1125 3985 mori,
1158 3933 1353 3989 neque
1386 3918 1755 3974 reviviscere.
1779 3920 1857 3972 Ex
1888 3924 2076 3973 morte
2105 3921 2263 3974 enim
2293 3920 2479 3975 oritur

809 4008 932 4063 vita
966 4012 1115 4063 etex
1168 4012 1429 4077 mortuo,
1478 4013 1539 4063 ut
1592 4007 1733 4063 dicit
1775 4008 1953 4074 Plato,
2018 4014 2075 4064 et
2129 4010 2255 4081 jam
2311 4026 2478 4065 mon-

810 4102 1062 4153 stratum
1097 4102 1204 4154 est.
1229 4098 1443 4152 Anima
1475 4102 1677 4153 autem
1704 4112 1824 4152 non
1850 4099 2162 4167 moriente,
2188 4115 2309 4154 non
2328 4100 2477 4155 veri-

809 4186 1000 4244 simile
1031 4192 1338 4259 estneque
1362 4194 1558 4258 potest
1583 4187 1699 4242 dici
1730 4203 1864 4243 eam
1888 4188 2263 4244 reviviscere.
2295 4190 2476 4260 Cujus

808 4292 951 4349 ergo
1004 4276 1064 4332 id
1114 4282 1196 4332 est
1251 4279 1278 4332 ‘2
1341 4276 1602 4349 Reliqute
1648 4277 1870 4333 scilicet
1922 4277 2184 4334 hominis
2268 4281 2474 4351 partis,

805 4381 1027 4439 nempe
1052 4366 1311 4439 quodin
1332 4382 1403 4422 eo
1426 4374 1534 4433 est,
1599 4366 1875 4421 animalis
1932 4383 2001 4423 ac
2064 4368 2357 4440 corporis.
2412 4371 2476 4425 Et

808 4471 879 4511 ex
905 4454 1004 4512 illo
1043 4461 1282 4511 mortuo
1314 4471 1436 4511 non
1463 4455 1625 4511 aliud
1655 4471 1802 4511 sane
1828 4472 2050 4526 corpus
2091 4473 2286 4529 neque
2318 4458 2471 4514 alius

805 4544 991 4601 homo
1042 4544 1370 4613 reviviscet,
1423 4543 1528 4600 sed
1582 4544 1631 4599 is
1681 4545 1785 4616 qui
1843 4546 2008 4617 prius
2061 4552 2188 4603 erat
2268 4547 2470 4602 vivens

803 4638 862 4690 et
902 4632 1122 4690 deinde
1174 4638 1449 4692 mortuus
1509 4638 1620 4690 est.
1675 4636 1740 4690 Et
1797 4650 1934 4690 cum
2011 4651 2133 4709 quo
2217 4652 2467 4707 corpore

803 4730 1079 4781 mortuus
1127 4729 1214 4779 est
1269 4722 1688 4794 viviﬁcaliitur,
1759 4723 1904 4796 quia
1976 4740 2048 4780 ex
2132 4724 2468 4782 dormiente

2198 4832 2419 4900 Variae
2466 4833 2819 4902 lectiones.

877 4958 976 5017 ⁸θῆ
1034 4956 1259 5032 αύτό-
1300 4960 1480 5031 μεῖζον
1542 4956 1802 5025 neglexit
1835 4960 1961 5032 Vat.
2039 4959 2083 4994 ⁶¹
2144 4957 2311 5010 αὐτῶν
2362 4960 2483 5032 Vat.
2564 4960 2611 4995 ⁶²

2462 4976 2483 5013 ξ.
2564 4960 2611 4995 ⁸³
2664 4959 2898 5032 μείζονος
2946 4960 3068 5032 Vat.
3098 4959 3198 5032 ut”
3232 4958 3346 5032 o5):
3383 4989 3471 5032 _--—
3505 4956 3661 5032 enim
3684 4957 3904 5032 desunt
3953 4957 4019 5014 in
4077 4960 4213 5015 Vat.

802 5032 849 5102 5“
874 5028 1119 5083 καθεύδει
1154 5028 1309 5085 Vat.‘
1356 5032 1402 5065 δῖ’
1433 5032 1685 5082 τεθνεῶτα
1716 5032 1834 5085 Vat.
1916 5031 1964 5066 ⁵⁸
1988 5049 2078 5082 και
2107 5034 2194 5102 τόν
2241 5062 2307 5070 --
2336 5031 2493 5102 μείξω

2464 5052 2493 5081 ω
2553 5028 2681 5102 Vat,
2760 5033 2802 5066 ⁸⁷
2858 5028 3043 5102 διπλον
3097 5029 3269 5085 Vind.
3351 5030 3398 5065 ⁸⁸
3450 5050 3539 5083 και
3588 5029 3779 5086 addit.
3836 5030 3959 5084 Vat.
4044 5032 4093 5066 ⁸9
4154 5036 4215 5083 τό

806 5099 857 5155 δ’
890 5102 1145 5173 αὖτήνμ.
1180 5105 1306 5158 Vat.
1383 5103 1433 5136 ⁷ο
1458 5122 1548 5173 και
1597 5102 1765 5173 addit
1815 5104 1933 5156 Vat.
2013 5104 2057 5137 ⁷⁸
2121 5100 2199 5153 ἀεί
2259 5099 2377 5158 Vat.
2456 5104 2504 5137 τε

2467 5104 2504 5137 ῖε
2562 5099 2615 5154 δ’
2682 5102 2837 5154 αὐτόν
2878 5101 3050 5157 Vind.
3127 5103 3177 5136 73
3243 5104 3487 5154 σύνθετον
3550 5103 3681 5158 Vat.
3756 5102 3806 5135 τε
3863 5108 4022 5154 τοῦτο
4082 5105 4218 5160 Vat.

801 5176 852 5210 75
885 5181 1069 5247 φαῖμεν
1090 5170 1226 5247 ’νειμ
1303 5174 1351 5210 ’⁷⁸
1381 5170 1778 5247 καταδεὸέχθαι
1837 5176 1959 5247 Vat.
2036 5175 2080 5207 ’Π
2114 5173 2222 5226 ἐπεί
2273 5205 2345 5214 --
2385 5176 2552 5247 ξθνὴσ)

2464 5178 2643 5232 ἡσκειν
2705 5175 2930 5231 adsunt
2979 5190 3019 5230 a
3068 5172 3236 5230 Vind.
3316 5174 3366 5209 τε
3412 5181 3477 5226 an)
3522 5193 3581 5231 π.
3640 5187 3763 5228 non
3809 5178 3901 5229 est
3950 5174 4018 5230 in
4077 5175 4214 5231 Vat.

802 5248 853 5283 ἰθ
884 5245 1170 5302 ἐιαιθᾱόίῐ
1199 5248 1328 5303 Vat.
1414 5247 1462 5281 ⁸ο
1491 5254 1584 5298 τοὺ
1618 5262 1736 5303 non
1764 5245 1947 5302 habet
1969 5247 2092 5302 Vat.
2175 5248 2215 5281 9'
2242 5265 2303 5316 ’γε
2324 5245 2512 5302 addit.
2566 5249 2687 5302 Vat.

2391 5353 2611 5421 Notae.

2569 5478 2805 5535 variant
2834 5478 3016 5535 codd.
3059 5494 3211 5533 mss.
3251 5476 3381 5534 Vid.
3452 5475 3798 5534 Griesbach.
3838 5476 3920 5549 7N.
3982 5477 4087 5549 T.)
4152 5484 4212 5536 et

2568 5551 3105 5607 Alexandrinorum
3118 5550 3368 5623 interpr.
3407 5566 3563 5623 quos
3578 5550 3675 5623 ille
3690 5548 3935 5623 assidue
3956 5548 4221 5623 tradas-

2595 2514 2758 2567 φαμεν
2783 2496 2853 2562 ⁵⁸,
2898 2495 2953 2547 ἐκ
3020 2492 3167 2547 δυοῖν
3212 2498 3317 2563 ἕνα,
3374 2516 3462 2549 και
3528 2499 3753 2571 φθαρτόν
3797 2495 3865 2556 δὴ
3943 2519 4061 2551 τινα
4121 2520 4219 2552 και

2601 2583 2885 2658 ἄφθαρτον,
2926 2589 2984 2637 τό
3012 2588 3103 2658 μὲν
3143 2589 3201 2638 τό
3248 2594 3419 2659 σῶμα,
3456 2590 3514 2639 τό
3574 2583 3625 2640 δ’
3680 2588 3841 2646 αὑτήν
3887 2593 3981 2648 τὴν
4031 2589 4216 2661 μένου·

2595 2692 2691 2726 σαν
2722 2676 2768 2710 ⁶⁰
2800 2694 2889 2725 και
2915 2679 3044 2747 μήτι
3071 2694 3130 2747 γε
3183 2675 3432 2749 λυομένην
3496 2675 3705 2748 ψυχὴν.
3743 2678 3829 2740 Εἷς
3892 2674 3951 2731 δὲ
4002 2699 4093 2731 και
4152 2684 4215 2733 τό

4108 2776 4217 2822 Kal.

2593 2854 2734 2906 ἔστιν
2758 2852 2867 2914 ὅλος
2898 2852 2945 2905 ἐν
2972 2856 3197 2926 ἑκάστῳ,
3231 2854 3303 2927 ἐφ’
3374 2854 3462 2917 οὓς
3521 2852 3588 2913 δὴ
3666 2857 3715 2891 ⁷ο
3778 2855 4000 2929 ἀτόμους
4053 2857 4216 2921 ὄντας

2595 2759 2738 2824 εἶδος
2791 2763 2857 2814 ὢν
2923 2762 3213 2836 ἄνθρωπος,
3299 2765 3369 2827 εἰς
3453 2765 3611 2818 πλείω
3689 2771 4021 2840 μεμέρισται.

2596 2937 2884 3016 διαιρεῖται
2923 2963 3013 2995 και
3064 2948 3321 3014 τέμνεται,
3388 2964 3478 2996 και
3542 2945 3761 3007 ἕκαστος
3824 2948 3992 2999 αὐτῶν
4055 2944 4215 3010 αὖθις

2593 3030 2707 3083 ὅλον
2735 3033 2873 3085 ἐστίν
2904 3034 2930 3084 ὅ
2966 3053 3017 3085 τι
3049 3029 3117 3092 δὴ
3177 3053 3266 3085 και
3317 3037 3535 3106 πέφυκεν
3594 3034 3885 3108 ἄνθρωπος.
3953 3036 4095 3095 Πλὴν
4130 3040 4216 3090 ὅτι

2590 3309 2684 3353 τοῦ
2711 3300 2891 3373 ἑφεξῆς
2931 3300 2991 3353 ἂν
3049 3301 3125 3360 εἴη
3180 3301 3357 3373 λόγου.
3414 3307 3513 3356 Καί
3556 3306 3687 3377 πρὸς
3735 3304 3879 3357 τοῦθ’
3949 3308 4065 3365 ἣκει
4122 3326 4221 3359 και

2592 3398 2719 3461 γοῦν
2745 3391 3028 3465 εἰρήσεται.

2668 3479 2729 3533 θ’.
2763 3478 2905 3532 Ἐπεί
2929 3482 3031 3554 γὰρ
3092 3480 3145 3533 ἐκ
3193 3480 3380 3553 ψυχῆς
3432 3502 3521 3533 και
3572 3486 3813 3554 σώματος
3867 3485 4114 3546 σύνθετος
4165 3487 4219 3521 ⁷³

2590 3570 2886 3643 ἄνθρωπος,
2919 3589 3008 3621 και
3061 3572 3242 3631 θνητός
3299 3571 3510 3631 ἕκαστος
3558 3592 3647 3623 και
3703 3572 3853 3623 λύσιν
3904 3570 4217 3645 δεχόμενος,

2591 3661 2751 3730 φαμὲν
2788 3655 2845 3710 δὲ
2876 3666 3057 3711 τοῦτον
3115 3660 3163 3693 ⁷⁸
3213 3680 3303 3711 και
3353 3662 3594 3717 Θνήσκειν
3642 3681 3731 3712 και
3778 3661 3932 3712 πάλιν
3985 3660 4219 3715 ἀναϐιώ-

2591 3749 2831 3811 σκεσθαι,
2864 3751 2999 3800 κατά
3026 3751 3115 3820 μὲν
3164 3753 3259 3807 τὴν
3312 3748 3497 3821 ψυχὴν
3565 3748 3818 3801 ἀθάνατον
3873 3750 4058 3817 οὖσαν,
4122 3754 4222 3805 οὐκ

2589 3836 2649 3887 ἄν
2686 3842 2909 3908 φαίημεν
2939 3838 2988 3872 ⁷⁵
3035 3839 3151 3890 ούτε
3200 3839 3415 3890 θάνατον
3460 3836 3861 3911 καταδέχεσθαι
3915 3842 3964 3875 ⁷⁸
4028 3861 4041 3873 ο
4103 3842 4222 3894 ἐπεί

2588 3923 2720 3999 μηδ’
2751 3928 2862 3979 ἔστι
2898 3928 3140 3984 θνήσκειν
3164 3927 3331 3985 αὐτὴν
3372 3929 3416 3963 77
3452 3929 3558 3980 οὔτ’
3585 3924 3649 3980 αὖ
3678 3928 3832 3981 πάλιν
3880 3930 3929 3964 ’⁷⁸
3982 3928 4220 3983 ἀναϐιώ-

2592 4018 2858 4068 σκεσθαι·
2897 4016 2951 4069 ἐκ
3004 4037 3106 4089 γαρ
3171 4025 3262 4069 τοῦ
3337 4019 3577 4069 τεθνάναι
3634 4026 3809 4083 τοῦτο,
3868 4038 3957 4070 και
4012 4039 4075 4089 γε
4124 4028 4223 4073 τοῦ

2588 4106 2881 4174 τεθνεῶτος,
2906 4107 3035 4158 καθὸ
3067 4102 3133 4164 δὴ
3160 4108 3209 4141 79
3261 4106 3473 4159 Πλάτων
3526 4112 3676 4179 φησί,
3734 4128 3823 4159 και
3872 4103 3978 4165 ἢδη
4042 4105 4224 4162 δέδει-

2587 4214 2727 4249 κται,
2764 4202 2956 4266 Ψυχῆς
2985 4191 3043 4247 δὲ
3069 4200 3140 4267 μὴ
3177 4197 3533 4259 θνησκούσης,
3566 4196 3659 4249 οὐκ
3682 4198 3823 4249 ἔστιν
3871 4196 3929 4249 ού
3979 4200 4075 4268 μὲν
4134 4196 4225 4251 οὖν

2587 4284 2725 4344 εἰκός
2775 4287 2992 4355 ταύτην⁵
3049 4281 3172 4337 οὐδὲ
3229 4285 3391 4357 λέγεῖν
3447 4283 3889 4341 ἀναϐιώσκεσθαι,
3951 4290 4108 4348 Τίνος
4169 4285 4229 4341 δὲ

2585 4381 2739 4425 τοῦτο
2766 4390 2779 4441 ;
2805 4380 2896 4425 τοῦ
2927 4372 3113 4425 λοιποῦ
3147 4372 3420 4448 ἀνθρώπου
3452 4394 3541 4426 και
3565 4394 3621 4446 γε
3660 4376 3774 4445 (38)
3829 4382 3919 4426 του
3974 4375 4026 4427 ἐν
4077 4376 4227 4447 αύτῷ

2590 4465 2723 4525 ζωου
2756 4483 2847 4514 και
2880 4468 3137 4536 σώματος.
3176 4469 3275 4515 Και
3328 4463 3381 4525 ἐξ
3434 4463 3593 4515 αὐτοῦ
3644 4482 3704 4536 γε
3747 4472 3838 4515 τού
3893 4465 3941 4498 ⁸ο
4010 4466 4229 4517 τεθνεῶο

2585 4571 2671 4614 τος
2726 4552 2819 4604 οὐκ
2879 4552 3000 4604 ἄλλο
3053 4549 3227 4610 δήπου
3279 4560 3432 4624 σῶμα
3499 4549 3614 4605 οὐδ’
3690 4551 3859 4627 ἔτερος
3941 4552 4225 4613 ζωώσεται

2583 4642 2873 4715 ἄνθρωπος,
2932 4640 3038 4692 ἀλλ’
3097 4641 3147 4701 ὃς
3190 4642 3251 4698 ἦν
3304 4645 3551 4715 πρότερον
3613 4641 3738 4709 ζῶν,
3796 4639 3905 4693 εἶτα
3973 4644 4219 4700 τὲθνηκξ.

2587 4735 2686 4782 Καί
2751 4731 2862 4802 μεθ’
2910 4727 2967 4782 οὗ
3001 4726 3067 4789 δὴ
3124 4732 3335 4788 τεθνηκε
3396 4735 3660 4804 σώματος,
3720 4733 3852 4803 μετὰ
3910 4734 4107 4784 τούτου
4172 4733 4223 4768 ³⁸

875 5481 986 5553 (38)
1038 5480 1231 5538 Semel
1281 5479 1590 5553 monitum
1629 5478 1764 5535 volo
1816 5479 1980 5552 quod
2036 5478 2459 5553 eruditioribus

800 5551 925 5611 non
952 5553 1279 5609 obscurum
1311 5558 1418 5625 est,
1450 5551 1597 5607 illud
1626 5557 1715 5604 καὶ
1752 5551 1851 5623 γε,
1882 5567 2006 5625 quo
2040 5551 2311 5625 imiriﬁce
2363 5551 2462 5625 de-

798 5628 1050 5682 lectatur
1079 5624 1424 5695 Nathanael,
1461 5625 1544 5679 sic
1568 5625 1844 5695 junctum
1875 5623 1973 5679 vix
1997 5624 2177 5679 aliam
2200 5623 2459 5679 auctori-

800 5702 983 5754 tatem
1027 5697 1248 5753 habere
1290 5712 1477 5768 quam
1540 5698 1708 5751 Lucae
1765 5696 2292 5768 evangelista-xm,
2340 5699 2405 5750 42
2441 5710 2454 5760 ;

731 5794 733 5797 ί
800 5774 924 5825 Act.
954 5773 1148 5841 apost,
1176 5784 1234 5840 ιι,
1272 5767 1335 5824 18
1392 5768 1769 5840 (quanquam
1798 5768 1913 5823 hoc
1959 5767 2092 5824 loco
2149 5767 2460 5837 insigniter

2572 5640 2636 5679 se
2649 5623 3128 5679 videtur.Horum
3146 5619 3312 5678 locos
3325 5619 3626 5691 congessit
3644 5620 3855 5691 Bielius
3869 5619 3932 5676 in
3953 5621 4137 5689 Thes,
4158 5643 4213 5678 ιι.

2569 5710 2631 5767 p.
2664 5700 2754 5759 91,
2786 5695 2889 5750 ubi
2931 5694 3181 5765 Cyrillus
3205 5688 3471 5767 explicat
3513 5697 3731 5766 προσέτι
3782 5688 3865 5747 δὲ.
3934 5688 4212 5763 Hesvch,

2569 5764 2623 5833 ῐι,
2658 5782 2717 5838 p.
2751 5768 2871 5835 108,
2906 5764 3330 5838 interpretatur
3359 5764 3555 5820 mimi.
