4434 6452
271 434 406 493 1433

1447 428 1618 492 Αῡν.
1657 424 2013 488 PLOTINUM
2049 428 2140 487 DE
2178 431 2420 492 ANIMA.

3492 440 3629 498 1434

268 563 355 612 καὶ
377 559 768 627 ζωώσεται,ὃ’τι
797 559 868 633 μὴ
893 559 940 595 ⁸¹
999 555 1049 614 δ’
1098 560 1156 614 in
1207 564 1298 614 τοῦ
1358 555 1704 621 καθεύδοντος
1760 557 1865 610 ἕτε-
1897 555 1945 607 Α

1983 568 2099 612 non
2147 557 2331 617 alium
2379 560 2652 621 suscitari
2696 561 2975 629 dicimu,
3027 577 3224 638 neque
3270 561 3434 622 aliud
3495 580 3625 622 ma-

266 669 354 722 ρον
427 649 637 721 λέγομεν
713 650 1074 724 ἐγρηγορέναι,
1149 646 1279 722 μηδ’
1333 649 1454 702 ἄλλο
1500 649 1676 721 μεῖζον
1732 651 1862 718 γίνε-

271 741 396 794 σθαι
433 737 504 804 ⁸³,
538 739 566 796 ἦ
598 738 704 808 ὅγε
741 742 986 811 πρότερον
1039 742 1305 810 τυγχάνον
1355 747 1416 800 ἢν
1481 737 1708 792 ἔλαττον.
1773 737 1870 788 Καὶ

265 834 390 900 γοῦν
421 825 474 889 ἐξ
491 825 658 879 αὐτῶν
690 822 758 885 δὴ
792 828 839 862 ⁸⁸
893 835 992 880 τῶν
1046 835 1138 880 τοῦ
1196 827 1465 889 Πλάτωνος
1521 829 1706 879 θέσεων
1736 824 1870 877 οὕτω

269 912 454 974 δήκαὶ
506 911 792 982 δέδεικται,
841 917 905 968 τά
955 935 1008 969 τι
1063 915 1190 968 ἄλλα
1242 915 1445 968 ἐναντία
1501 919 1622 967 ὄντα
1661 914 1714 966 ἐκ
1771 921 1870 966 τῶν

269 1003 507 1058 ἕναντίων
557 1006 812 1074 γίνεσθαι,
873 1008 963 1056 καὶ
1054 1009 1176 1066 τοὺς
1267 1007 1542 1065 τεθνεῶτας
1607 1001 1759 1066 αὖθίς
1818 1022 1873 1058 τε

268 1091 688 1146 ἁναϐιώσκεσθαι
732 1098 821 1145 καὶ
871 1089 1016 1154 αὖθις
1073 1098 1166 1166 ζῇν
1229 1091 1446 1156 οὐδένας
1493 1093 1678 1157 ἄλλους
1724 1096 1874 1156 ὄντας

267 1185 298 1242 ἠ
333 1183 520 1244 αὐτοὺς
553 1178 620 1239 δὴ
651 1184 885 1250 τούτους,
943 1186 1068 1243 τοὺς
1123 1188 1212 1236 καὶ
1245 1189 1490 1257 πρότερον
1524 1183 1737 1248 ζῶντας,
1773 1181 1872 1234 αύ-

265 1279 380 1333 ταῖς
410 1269 477 1329 δὴ
513 1274 729 1332 ταύταις
770 1271 903 1341 λέγω
955 1273 1002 1307 ⁸⁵
1041 1280 1154 1332 ταῖς
1218 1272 1442 1344 ψυχαῖς,
1493 1277 1582 1324 καὶ
1611 1271 1790 1333 αὐτοῖς
1817 1290 1874 1342 γε

265 1369 374 1422 τοῖς
399 1361 446 1395 ⁸⁵
494 1366 703 1430 σώμασι
767 1381 778 1393 ·
829 1366 920 1413 καὶ
984 1369 1165 1414 τοῦτον
1223 1359 1289 1421 δή
1346 1366 1432 1416 τὸν
1483 1362 1724 1433 τρόπονὸ
1771 1366 1871 1422 πᾶς

267 1451 534 1524 ἄνθρωπος
563 1459 636 1520 τῷ
675 1455 892 1522 τεχνίτῃ
950 1450 1088 1522 λογῳ
1135 1456 1223 1503 καὶ
1292 1448 1600 1523 δημιουργῷ
1644 1458 1785 1522 σοφῷ
1815 1469 1873 1519 γε

267 1537 375 1591 ὂντι
419 1540 829 1604 πεισωθήσεται,
893 1543 984 1592 καὶ
1051 1538 1110 1592 ού
1170 1535 1503 1592 διαπεσεῖται
1555 1537 1672 1590 κατ’
1721 1534 1871 1590 οὐδὲν

271 1630 467 1680 τούτων
498 1627 542 1661 ⁸⁷
573 1634 673 1679 τῶν
697 1635 888 1701 μερῶν,
921 1633 1010 1680 καὶ
1066 1627 1214 1680 πλέον
1257 1628 1474 1701 ὑπάρξει
1523 1631 1553 1686 ἤ
1611 1627 1743 1679 αὐτὰ
1801 1623 1868 1685 δὴ

266 1723 435 1769 ταῦτα
460 1718 529 1769 τὰ
563 1716 680 1768 κατ’
709 1715 923 1790 οὐρανὸν
974 1721 1213 1788 σώματα,
1281 1722 1370 1768 καὶ
1425 1718 1544 1788 ὑμῖν
1586 1735 1646 1787 γε
1698 1712 1870 1782 ἀίδια,

268 1806 359 1860 οἶτε
391 1802 460 1864 δὴ
483 1811 573 1858 καὶ
597 1805 829 1869 πλείονος
865 1805 913 1858 ἐν
949 1806 995 1841 ⁸⁸
1023 1813 1084 1878 τῇ
1154 1805 1272 1859 κατ’
1339 1805 1492 1858 αὐτὸν
1554 1801 1876 1877 δημιουργίᾳ

1973 644 2072 713 jus
2119 646 2244 702 ﬁeri
2285 664 2468 721 quam
2518 651 2573 708 id
2631 653 2794 723 quod
2860 653 3025 725 prius
3073 654 3272 708 minus
3331 657 3474 709 erat.
3534 659 3626 711 At-

1979 748 2095 805 que
2137 736 2315 805 igitur
2358 754 2428 794 ex
2485 739 2628 812 ipsis
2682 742 2942 798 Platonis
3003 741 3311 815 principiis
3375 742 3457 798 ita
3517 743 3626 800 de-

1979 830 2380 882 monstratum
2440 831 2547 895 est,
2614 828 2730 886 alia
2807 846 2942 902 quae
3005 831 3303 887 contraria
3363 835 3503 888 sunt
3560 847 3627 889 ex

1982 915 2290 971 contrariis
2330 917 2478 984 ﬁeri,
2530 925 2586 977 et
2624 923 2892 976 mortuos
2957 935 3268 990 resurgere
3290 935 3359 976 ac
3385 936 3627 979 rursum

1981 1001 2180 1058 vivere
2251 1007 2446 1063 nullos
2505 1009 2654 1066 alios
2707 1010 2823 1066 nisi
2861 1024 2964 1065 eos
3021 1009 3127 1082 qui
3152 1010 3318 1081 prius
3347 1010 3630 1066 vivebant

1981 1104 2120 1145 cum
2169 1093 2383 1150 iisdem
2435 1097 2652 1156 animis
2709 1102 2764 1153 et
2811 1097 3188 1170 corporibus.
3246 1102 3436 1172 Atque
3515 1100 3628 1156 hoc

1981 1179 2165 1235 modo
2204 1184 2422 1259 omnis;
2444 1185 2627 1242 homo
2676 1186 2755 1244 ab
2782 1187 2991 1244 artiﬁci
3029 1187 3256 1243 ratione
3283 1203 3352 1242 ac
3375 1188 3630 1260 sapienti

1984 1269 2256 1325 Creatore
2283 1275 2614 1330 servabitur
2648 1295 2661 1342 ;
2686 1291 2878 1348 neque
2901 1275 3128 1332 excidet
3158 1275 3279 1332 ulla
3301 1292 3411 1332 sua
3440 1279 3628 1348 parte,

1983 1358 2040 1410 et
2065 1357 2257 1426 magis
2282 1361 2732 1434 exsistetquam
2781 1378 2853 1418 ea
2898 1362 3030 1434 ipsa
3060 1378 3195 1434 quae
3217 1362 3278 1418 in
3311 1362 3460 1418 cmlo
3492 1367 3631 1418 sunt

1983 1457 2237 1515 corpora
2252 1452 2308 1503 et
2327 1451 2539 1506 avobis
2558 1453 2924 1524 sempiterna
2939 1451 3255 1523 habentur,
3280 1452 3502 1524 quippe
3524 1451 3631 1523 qui

1985 1548 2108 1591 suae
2153 1539 2468 1596 creationis
2493 1541 2682 1609 gratia
2729 1539 3140 1597 admirabilior
3195 1540 3290 1606 sit,
3335 1539 3631 1597 visibilem

1983 1633 2320 1684 creaturam
2361 1632 2418 1684 et
2456 1628 2815 1685 invisibilem
2871 1629 2929 1686 in
2958 1645 3145 1685 unum
3195 1628 3547 1685 coadunans
3577 1632 3635 1685 et

1982 1719 2133 1776 inter
2155 1717 2336 1773 ambo
2359 1717 2588 1773 medius
2608 1723 2790 1789 stans,
2815 1717 3342 1790 tertius,tanquam
3365 1717 3631 1775 mundus

1987 1807 2285 1864 sensibilis
2310 1812 2366 1863 et
2418 1806 2821 1876 intelligibilis,
2841 1807 2996 1864 infra
3033 1823 3287 1865 manens
3311 1813 3367 1864 et
3390 1823 3632 1864 rursum

267 1898 436 1968 γέμων
474 1902 567 1947 τοῦ
621 1897 906 1967 θαύματος,
967 1897 1158 1968 ὁρατὴν
1193 1900 1362 1947 κτίσιν
1387 1914 1441 1948 τε
1498 1895 1544 1929 ⁸9
1590 1899 1678 1946 καὶ
1723 1892 1876 1967 ἀόρα·
1908 1907 1946 1959 Β

1987 1897 2238 1953 tendens
2261 1901 2317 1952 et
2337 1896 2678 1952 coelestibus
2709 1912 3092 1962 conversans,
3121 1901 3176 1953 et
3201 1897 3420 1968 majus,
3445 1913 3633 1968 quam

268 2001 355 2035 τον
382 1982 455 2044 εἰς
497 1982 546 2035 ἓν
602 1986 858 2054 συνάγων,
909 1987 997 2035 καὶ
1047 1987 1207 2055 μέσος
1275 1985 1469 2036 τούτων
1529 1981 1704 2047 ἑστὼς,
1763 1985 1874 2054 τρί-

268 2092 370 2144 τος,
450 2075 670 2145 ὡσπερεὶ
743 2092 936 2145 κοσμος
1011 2072 1265 2134 αἰσθητός
1344 2091 1397 2126 τε
1463 2077 1552 2124 καὶ
1610 2074 1877 2144 νοούμενος

270 2163 411 2215 κάτω
437 2166 598 2234 μένων
623 2167 713 2213 καὶ
743 2163 848 2214 ἄνω
875 2164 1097 2234 φθάνων,
1151 2166 1240 2214 καὶ
1295 2169 1401 2222 τοῖς
1451 2163 1706 2234 ούρανίοις
1761 2180 1879 2215 συν-

1987 1985 2105 2057 illa,
2127 1985 2481 2041 miraculum
2506 1985 2812 2041 exsistens.
2841 1986 3029 2042 Omne
3042 1985 3202 2042 enim
3215 2001 3434 2058 corpus
3455 1985 3634 2042 ﬂuxas

1988 2080 2214 2132 natura:
2232 2091 2363 2131 esse
2387 2090 2506 2131 non
2522 2075 2704 2131 modo
2727 2074 2857 2130 aliis
2876 2076 2980 2148 qui
3019 2075 3093 2130 de
3111 2079 3328 2132 natura
3341 2075 3633 2131 disserue-

1985 2169 2144 2230 runt,
2177 2163 2282 2220 sed
2317 2169 2372 2221 et
2430 2163 2659 2222 Platoni
2702 2163 2955 2232 videtur,
3007 2164 3158 2221 etde
3183 2163 3517 2222 caelestibus
3555 2165 3638 2222 ita

271 2254 360 2320 ὼν,
423 2257 512 2304 καὶ
559 2251 736 2322 μεῖξον
804 2252 832 2310 ἢ
882 2250 1049 2303 ἐκεῖνα
1107 2252 1281 2322 θαῦμα
1330 2251 1479 2312 οὗτος
1537 2252 1585 2286 9°
1629 2253 1877 2322 γνωριζὸσ

1989 2253 2305 2310 aestimavit
2345 2257 2402 2308 et
2450 2252 2636 2309 solem
2686 2269 2757 2308 ac
2783 2253 2981 2309 stellas
3015 2268 3252 2325 semper
3282 2253 3563 2311 exsistere
3581 2257 3639 2310 et

1988 2357 2232 2399 manere
2279 2341 2441 2398 dicit.
2503 2341 2560 2398 Si
2605 2341 2786 2412 igitur
2814 2357 2886 2398 ea
2916 2358 3170 2414 corpora
3209 2343 3439 2398 caduca
3478 2347 3636 2412 sunt,

1989 2436 2047 2488 et
2100 2431 2236 2488 licet
2273 2431 2505 2487 caduca
2544 2431 2660 2487 sint
2697 2435 2898 2487 tamen
2939 2437 3226 2504 perpetuo
3261 2436 3637 2504 permanent,

1989 2524 2097 2578 etsi
2124 2537 2247 2577 non
2268 2521 2330 2578 in
2372 2521 2586 2578 iisdem
2640 2522 3012 2590 substantiis,
3061 2521 3384 2578 immortali
3438 2522 3642 2578 anima

1991 2608 2325 2666 secundum
2344 2625 2454 2664 vos
2479 2608 2834 2678 gubernata,
2855 2608 2999 2682 quid
3019 2608 3270 2682 impedit
3288 2609 3436 2681 quin
3456 2609 3641 2666 homo

1990 2697 2323 2756 dissolutus
2344 2702 2398 2754 et
2428 2698 2717 2770 dilapsus,
2743 2697 2959 2754 deinde
2988 2697 3123 2754 inid
3145 2697 3311 2770 quod
3332 2697 3496 2770 prius
3517 2702 3644 2754 erat

1991 2793 2181 2856 coeat,
2211 2788 2295 2844 ita
2318 2791 2386 2843 ut
2415 2786 2934 2860 quemadmodum
2959 2788 3092 2859 ipsa
3119 2789 3326 2844 anima
3352 2791 3643 2860 perpetuo

1991 2883 2196 2935 manet
2221 2879 2306 2934 ita
2331 2882 2388 2934 et
2414 2893 2662 2950 corpore
2693 2882 3062 2947 permaneat,
3109 2892 3248 2934 cum
3287 2876 3421 2949 ipsa
3441 2875 3647 2932 anima

1993 2970 2067 3025 sit
2106 2967 2594 3040 incorruptibilis,
2647 2982 2846 3040 neque
2902 2967 3092 3040 possit
3133 2966 3195 3023 in
3227 2965 3346 3023 alio
3395 2981 3644 3038 corpore

273 3051 494 3106 λυθέντα
545 3070 600 3105 τε
669 3053 717 3087 9³
780 3072 869 3104 και
910 3051 1116 3126 ῥυέντα,
1185 3051 1274 3106 εἶτ’
1331 3050 1482 3116 αὖθις
1535 3053 1610 3127 ἐφ’
1657 3056 1778 3130 ὅπερ
1817 3056 1880 3112 ἦν

1991 3058 2192 3114 vivere
2213 3073 2410 3130 neque
2437 3056 2671 3129 operari
2705 3072 2776 3112 ea
2801 3073 2932 3129 quae
2971 3072 3110 3113 cum
3135 3071 3385 3130 corpore
3411 3054 3647 3126 operari

267 3147 370 3194 πᾶν
412 3145 676 3206 συνιόντα,
719 3143 853 3194 ὥστε
882 3147 971 3194 καὶ
999 3142 1290 3214 αἰεὶ,μένειν
1320 3143 1448 3215 αὐτῇ
1485 3139 1553 3201 δὴ
1607 3151 1668 3216 τῇ
1724 3143 1877 3217 ψυχῇ

1992 3147 2217 3204 debet?
2244 3147 2360 3204 Nisi
2387 3147 2545 3202 enim
2568 3148 2650 3202 ita
2676 3146 3090 3217 sit,non,quod
3109 3144 3646 3213 diximus,omnino

265 3235 354 3282 καὶ
410 3230 550 3300 αύτῷ
616 3237 686 3300 τῷ
735 3237 938 3302 σώματι
993 3229 1245 3294 ἀθάνατος
1315 3229 1602 3304 διαμεῖναι,
1653 3242 1742 3294 τῆς
1781 3233 1884 3304 ψυ·
1914 3265 1952 3320 C

1993 3237 2226 3310 absque
2281 3236 2661 3308 corruptione
2716 3236 2842 3303 erit,
2871 3235 3000 3306 ejus
3039 3250 3162 3290 una
3200 3250 3339 3291 cum
3397 3249 3646 3306 corpore

259 3326 371 3390 χῆς
409 3319 574 3381 αὐτῆς
615 3318 881 3392 ἀφθάρτου
929 3340 985 3391 γε
1042 3323 1229 3383 οὔσης,
1295 3325 1384 3374 καὶ
1441 3327 1512 3394 μὴ
1570 3328 1878 3396 πεφυκυίας,
1928 3318 1942 3320 “

1993 3325 2339 3398 operatione
2376 3329 2656 3397 corrupta
2686 3339 2822 3397 quae
2862 3323 2942 3380 ad
2970 3323 3166 3397 ipsam
3195 3327 3413 3380 natura
3470 3322 3648 3394 perti-

263 3409 385 3480 μήτ⁹
425 3405 473 3459 ἐν
513 3407 649 3479 ἄλλῳ
705 3411 980 3479 γίγνεσθαι
1037 3415 1265 3482 σώματι,
1325 3412 1448 3482 μήτ’
1497 3411 1716 3484 ἐνεργεῖν
1783 3414 1884 3466 ὅσα

1991 3419 2110 3471 net.
2134 3419 2410 3470 Attamen
2460 3417 2518 3469 et
2573 3413 2734 3470 Plato
2764 3414 3000 3470 animas
3037 3412 3266 3486 absque
3296 3410 3647 3484 corporibus

264 3493 332 3555 δὴ
362 3517 453 3548 και
483 3502 674 3568 πέφυκε
705 3501 835 3569 μετὰ
877 3504 1112 3570 σώματος
1173 3495 1346 3573 δρᾲνε
1381 3499 1441 3553 Εἰ
1482 3503 1591 3572 χαρ
1639 3507 1711 3574 μὴ
1759 3511 1881 3555 τοῦ-

1994 3505 2185 3576 punit,
2217 3520 2319 3559 eas
2338 3518 2554 3575 nempe
2585 3519 2722 3575 quas
2751 3503 2813 3558 in
2853 3503 2968 3558 hac
2991 3503 3117 3558 vita
3146 3501 3315 3558 male:
3343 3505 3400 3556 et
3427 3501 3648 3573 impro-

259 3605 339 3646 το,
372 3585 467 3636 οὐκ
501 3585 561 3636 ἆν
615 3587 735 3659 ὅπερ
792 3590 978 3659 ἔγημεν
1040 3585 1139 3640 add
1187 3589 1316 3660 αὐτῇ
1379 3593 1437 3640 τὸ
1505 3597 1606 3642 πᾶν
1666 3592 1882 3665 ὑπάρξει

1993 3594 2085 3648 bas
2105 3593 2362 3648 fuerunt.
2396 3595 2460 3647 Et
2491 3607 2573 3646 eae
2603 3606 2796 3662 poenae
2825 3597 2962 3646 sunt
2985 3591 3149 3647 ﬂuvii
3181 3592 3435 3662 Cocytus
3461 3595 3518 3644 et
3539 3592 3648 3662 Py-

1992 3681 2403 3754 riphlegethon
2415 3685 2538 3751 ,atq
2548 3696 2618 3735 ue
2631 3679 2933 3736 horrenda
2945 3680 3170 3736 ﬂuenta
3182 3695 3252 3734 ex
3267 3682 3510 3735 Tartaro
3524 3693 3650 3733 sur-

1993 3789 2125 3828 sum
2149 3777 2204 3828 et
2225 3769 2806 3839 deorsumlabentia,
2831 3773 2887 3825 et
2908 3785 3132 3838 magno
3150 3768 3376 3841 impetu
3390 3767 3646 3834 ruentia,

1991 3877 2186 3934 neque
2227 3860 2580 3916 Acherontis
2625 3860 2827 3916 lacum
2864 3859 3111 3915 transire
3159 3858 3437 3926 sinentia,
3469 3872 3545 3912 ne
3571 3856 3643 3912 iis

1991 3966 2144 4022 quos
2164 3950 2382 4020 injuria
2413 3949 2713 4020 prosecuti
2735 3952 2893 4013 sunt,
2923 3946 3232 4003 benevolis
3255 3947 3339 4002 uti
3367 3953 3544 4019 atque
3566 3945 3648 4001 ita

1991 4055 2237 4112 pmnam
2268 4039 2472 4108 fugere
2518 4039 2768 4112 possint.
2832 4041 2953 4109 Ego
2999 4043 3198 4094 autem
3225 4037 3421 4109 primo
3443 4035 3646 4092 nescio

1989 4130 2138 4200 quid
2161 4129 2418 4184 essentia
2449 4127 2838 4200 iinpassibilis
2883 4127 3088 4184 anima
3111 4130 3432 4199 pateretur,
3454 4126 3518 4181 in
3538 4128 3651 4182 ﬂu-

1990 4220 2117 4276 vios
2136 4217 2430 4286 incidens,
2465 4216 2588 4271 sive
2615 4217 2816 4286 ignem
2856 4216 3184 4284 volventes,
3209 4215 3332 4270 sive
3356 4214 3521 4270 aliud
3541 4229 3648 4285 pu-

1989 4309 2159 4364 niens
2209 4304 2596 4362 elementum.
2621 4304 2937 4370 Quomodo
2997 4309 3196 4359 autem
3228 4308 3286 4358 et
3324 4302 3644 4358 verticibus

1989 4397 2351 4452 ﬂuentorum
2377 4394 2515 4450 inde
2538 4393 2868 4449 salientium
2895 4391 3177 4457 cohibita,
3205 4390 3343 4446 etiis
3363 4396 3641 4462 tanquam

1988 4483 2424 4540 inevitabilibus
2447 4482 2695 4538 vinculis
2739 4481 2980 4550 illigata,
3012 4497 3150 4534 cum
3190 4479 3260 4534 iis
3293 4478 3567 4536 volvatur
3592 4483 3649 4536 et

1987 4577 2386 4637 convertatur,
2420 4587 2614 4642 neque
2633 4570 2841 4642 possit,
2881 4568 3281 4640 utpiscis,alio
3309 4567 3561 4623 transire
3591 4572 3649 4624 et

1988 4664 2263 4720 enatare?
2291 4659 2866 4717 Deindehomicidas
2888 4658 3220 4714 etmmchos
3247 4656 3646 4728 etparricidas

1987 4759 2039 4808 et
2054 4752 2376 4822 sacrilegos
2389 4751 2446 4805 in
2462 4749 2674 4804 eadem
2687 4747 2912 4804 ﬂuenta
2929 4747 3187 4819 projicit.
3215 4746 3502 4819 thuidni
3518 4747 3646 4818 qui-

1983 4842 2240 4898 buscum
2274 4837 3044 4914 peccaveruntcorporibus
3075 4852 3215 4893 cum
3240 4836 3312 4892 iis
3335 4840 3391 4892 et
3410 4851 3511 4893 eas
3537 4851 3646 4906 pu-

271 2358 435 2412 μενος.
521 2347 675 2412 Σῶμα
728 2344 817 2412 μεν
873 2343 974 2414 γὰρ
1043 2347 1144 2392 πᾶν
1197 2342 1422 2416 ῥευστῆς
1480 2337 1607 2393 εἶναι
1656 2342 1873 2412 φύσεως,

267 2428 324 2481 ού
393 2436 503 2490 τοῖς
577 2428 752 2489 ἄλλοις
814 2434 965 2500 μόνον
1021 2437 1126 2490 τοῖς
1175 2434 1294 2502 περὶ
1346 2432 1546 2500 φύσεως
1591 2429 1874 2501 εἰρηκόσιν,

264 2517 392 2570 ἀλλὰ
427 2524 515 2570 καὶ
578 2518 717 2588 αύτῷ
774 2515 921 2572 δοκεῖ
977 2518 1232 2580 Πλάτωνι,
1289 2524 1377 2571 καὶ
1427 2524 1545 2592 περὶ
1597 2528 1694 2572 τῶν
1721 2520 1877 2594 ούρα-

265 2613 384 2660 νίων
415 2608 578 2668 οὕτως
607 2610 651 2642 ⁹¹
723 2607 936 2678 ἐπέγνω,
980 2614 1072 2660 καὶ
1127 2608 1268 2666 ἣλιον
1312 2609 1412 2662 αἰεὶ
1462 2611 1736 2681 γίγνεσθαι
1792 2614 1880 2663 καὶ

271 2695 497 2772 ἀστέρας
517 2701 646 2768 φησί
677 2701 766 2749 καὶ
798 2702 963 2769 μένειν
995 2698 1096 2750 αἰεί
1124 2698 1260 2770 (39).
1302 2697 1364 2750 Εἰ
1392 2705 1517 2770 γοῦν
1571 2703 1659 2751 καὶ
1714 2717 1882 2751 ταυτα

267 2792 368 2836 τῶν
402 2775 657 2856 σωμάτων
676 2786 757 2859 ῥεῖ
793 2790 882 2837 καὶ
927 2785 1107 2860 ῥέοντα
1162 2786 1204 2838 εἰ
1260 2790 1348 2839 καὶ
1409 2791 1479 2859 μὴ
1534 2784 1584 2838 ἐν
1635 2793 1743 2849 τοῖς
1789 2785 1880 2838 αύ-

269 2880 397 2938 τοῖς,
431 2872 524 2925 ἀλλ
566 2875 700 2946 ὅμως
757 2870 850 2926 διὰ
907 2878 1096 2937 παντὸς
1155 2877 1388 2942 ἔστηκεν,
1439 2873 1678 2947 ἀθανάτῳ
1721 2875 1876 2947 ψυχῇ

275 2963 393 3015 καθ’
423 2965 558 3035 ὑμᾶς
590 2959 928 3036 διοικούμενα
982 2965 1050 3030 9’,
1103 2968 1155 3018 τί
1193 2964 1380 3018 κωλύει
1453 2984 1542 3018 και
1614 2967 1882 3038 ἄνθρωπον

261 3670 400 3744 δίχα
465 3676 673 3748 φθορᾶς,
731 3684 820 3735 τῆς
868 3683 998 3746 μετά
1073 3683 1313 3749 σώματος
1363 3676 1612 3749 ἐνεργείας
1672 3682 1882 3754 φθαρεί-

262 3782 366 3825 σης
397 3763 552 3835 αὐτῇ,
600 3764 628 3820 ἧ
688 3761 754 3822 δὴ
812 3769 975 3836 ταύτῃ
1031 3786 1120 3818 και
1179 3771 1309 3819 κατὰ
1361 3771 1516 3840 φύσιν
1574 3774 1878 3842 πρόσεστιν,

259 3851 334 3904 Οὐ
355 3857 459 3923 μὴν
492 3851 621 3903 ἀλλα
663 3858 751 3905 καὶ
781 3850 918 3925 δίχα
947 3858 1201 3927 σωμάτων
1252 3855 1463 3918 κολάζει
1503 3857 1714 3910 Πλάτων
1768 3859 1877 3929 ψυ-

256 3942 385 4012 χὰς,
418 3940 614 4012 φαύλας
661 3938 728 3999 δή
763 3962 902 4003 τινας
953 3942 1000 3994 ἐν
1053 3941 1189 4014 τῷδε
1238 3953 1307 4014 τῷ
1364 3944 1466 4018 βίῳ
1505 3949 1552 3981 9‘
1609 3954 1879 4020 γεγενημέ-

258 4049 371 4096 νας,
405 4034 498 4082 καὶ
528 4033 756 4103 πονηράς
813 4053 824 4064 ·
875 4037 962 4084 καὶ
1023 4035 1053 4091 ἡ
1110 4033 1346 4101 κόλασις,
1414 4042 1642 4108 ποταμοὶ
1705 4043 1880 4090 Κωκυ-

255 4123 336 4171 τοὶ
376 4121 512 4189 (40),
603 4124 694 4171 καὶ
753 4120 1234 4194 Πυριφλεγέθοντες,
1291 4128 1381 4176 καὶ
1429 4123 1621 4198 φοϐερὰ
1677 4127 1879 4201 ῥεύμα-

256 4225 322 4260 τα
373 4209 426 4258 ἐκ
505 4210 768 4281 ταρτάρου
818 4211 922 4260 ἅνω
985 4229 1074 4262 και
1122 4215 1262 4263 κάτω
1307 4217 1523 4284 φέροντα
1570 4219 1660 4266 καὶ
1713 4234 1878 4266 κατα-

261 4295 488 4368 σύροντα
538 4304 654 4358 ταῖς
734 4302 901 4364 ὁκαῖς,
949 4303 1037 4350 καὶ
1085 4296 1215 4371 μηδ’
1269 4299 1509 4358 ἐπιϐῆναι
1551 4301 1733 4374 λίμνης
1789 4311 1880 4363 τῆς

257 4381 609 4458 ’Λχερουσίας
677 4384 858 4453 ἐῶντα,
940 4387 1090 4440 κακεῖ
1152 4388 1350 4462 πρᾶξαι
1405 4399 1512 4451 τοῖς
1565 4391 1652 4442 ὑπ’
1709 4392 1877 4444 αὐτῶν

256 4468 598 4544 ἠδικημένοις
656 4476 887 4545 εὐμενέσι
960 4480 1298 4548 χρήσασθαι,
1378 4484 1468 4531 καὶ
1508 4479 1642 4532 οὕτω
1701 4489 1878 4553 φυγεῖν

255 4563 316 4612 τὸ
350 4558 698 4623 κοδάζεσθαι.
730 4564 859 4635 Ἐγώ
888 4562 946 4617 δὲ
1012 4575 1213 4640 πρῶτον
1269 4571 1358 4640 μεν
1402 4569 1496 4620 οὐκ
1537 4566 1680 4636 οῖδα,
1736 4575 1787 4623 τί
1819 4571 1878 4624 ἂν

501 4619 515 4623 ⁷
791 4619 804 4635 Ι
1051 4619 1059 4640 ί
1269 4622 1276 4640 l
1319 4619 1323 4620 ν
1409 4619 1419 4620 7
1443 4619 1447 4620 7
1469 4619 1473 4620 7
1543 4619 1554 4621 _
1571 4619 1608 4622 V7
1632 4619 1680 4636 777
1744 4619 1754 4622 '
1772 4619 1785 4623 —
1820 4619 1850 4624 vv

256 4649 457 4714 ἀπαθὴς
487 4658 580 4712 τὴν
638 4655 820 4706 οὐσίαν
877 4657 1038 4708 πάθοι
1084 4660 1130 4692 νδ
1183 4657 1364 4729 ψυχὴ,
1412 4669 1666 4731 ποταμοῖς
1721 4661 1877 4733 ἐμπε-
1912 4619 1952 4671 D

257 4749 428 4793 σοῦσα
453 4745 520 4813 9⁸,
571 4744 662 4796 εἶτ’
712 4743 767 4796 ἐκ
811 4746 976 4818 πυρὸς
1015 4745 1247 4820 ῥέουσιν,
1301 4749 1393 4800 εἴτ’
1426 4748 1478 4812 ἐξ
1517 4750 1672 4802 ἄλλου
1722 4751 1877 4804 κολά-

255 4829 434 4894 ζοντος
457 4833 524 4888 97.
571 4838 686 4894 Πῶς
733 4830 907 4887 δὲκαὶ
957 4831 1125 4897 διναις
1185 4836 1455 4912 ῥευμάτων
1507 4841 1617 4892 ὅθεν
1677 4838 1874 4900 δήποθ’

1645 4967 1869 5035 Variae
1917 4967 2274 5035 lectiones.

1717 5076 1763 5110 at
1816 5078 2010 5128 τούτων
2071 5075 2238 5132 addit
2294 5075 2421 5128 Vat.

1665 5148 1712 5181 ⁸ο
1740 5167 1792 5200 τι
1824 5164 1944 5202 non
1979 5152 2066 5203 est
2088 5150 2148 5202 in
2183 5149 2305 5201 Vat.
2385 5145 2434 5179 9°
2465 5144 2598 5196 οὕτω
2624 5163 2682 5214 γε
2711 5145 2834 5197 Vat.

1613 5219 1659 5252 9"
1714 5218 1762 5270 ἐν
1810 5229 1879 5289 τῷ
1921 5217 2050 5291 τῇδε
2110 5217 2211 5292 βίῳ
2277 5221 2397 5273 Vat.
2477 5218 2523 5250 '3
2581 5217 2722 5279 πάθη
2781 5217 2904 5270 Vat.

326 5063 374 5099 ⁸³
397 5066 486 5146 μὲν
769 5068 836 5146 13
874 5071 1149 5146 γίγνεσθαι
1201 5072 1326 5146 νει.
1354 5075 1442 5146 _ut
1499 5090 1636 5146 saep.

252 5135 423 5192 abest
452 5153 488 5192 a
518 5139 687 5193 Vind.
768 5139 811 5174 ⁸⁷
842 5135 1027 5192 τούτου
1061 5144 1181 5198 Vat.
1259 5143 1305 5176 ⁸⁸
1347 5142 1428 5195 ἐπὶ
1463 5147 1584 5200 Vat.

253 5203 574 5279 διηκούμενα
605 5211 771 5266 Vind.
851 5212 898 5246 ⁹³
928 5231 980 5264 τε
1025 5229 1146 5267 non
1191 5220 1278 5268 est
1315 5215 1377 5271 in
1412 5219 1531 5272 Vat.

256 5279 433 5335 male.
513 5281 556 5317 9"
594 5281 760 5346 ἄλλως
780 5283 1097 5346 κολάζοντας
1125 5286 1294 5340 Vind.

2499 5072 2546 5106 ⁸⁵
2608 5071 2740 5142 λέγω
2796 5086 2917 5126 non
2974 5069 3168 5126 estin
3231 5072 3362 5142 vat.
3439 5069 3487 5106 3°
3535 5072 3647 5122 τοῖί

2914 5145 2956 5177 ⁹¹
2990 5146 3139 5202 ὅντως
3171 5141 3339 5196 Vind.
3419 5143 3472 5177 9³
3504 5143 3648 5212 ἡμᾶς

2984 5216 3033 5249 9⁸⁵
3105 5213 3407 5286 ἐμπεζοῡσα
3471 5213 3644 5270 Vind-

1807 5381 2023 5448 Notae.

329 5477 552 5565 (391m
577 5478 692 5536 hac
727 5482 1070 5565 aeternitate
1107 5483 1187 5565 cf.
1251 5485 1549 5556 Wyttenb.
1604 5488 1774 5559 Disp.
1796 5489 1867 5545 de
1979 5487 2086 5565 13/1,
2119 5504 2178 5561 p.
2236 5485 2483 5565 Heind.;
2538 5486 2624 5542 De
2656 5483 2913 5565 ﬁepubl.
2967 5499 3008 5539 x
3039 5498 3128 5565 .p.
3157 5487 3303 5565 ‘6111
3337 5497 3506 5565 seqq.
3546 5483 3634 5565 Lp.

251 5547 940 5634 quf’ff-jnlptorfal.”art
969 5556 1250 5634 lfhaedon.
1284 5547 1341 5628 p'.
1376 5573 1495 5634 x_Xll
1529 5573 1673 5634 seq._
1700 5547 1726 5634 ξ
1779 5631 1788 5634 _
1978 5547 2075 5617 3.321
2122 5547 2310 5634 ‘seqq.
2361 5547 2506 5634 Bip‘;
2536 5574 2626 5634 ip.
2652 5547 2767 5634 303'_
2797 5571 2974 5634 seqq.
3021 5547 3172 5634 Αέῐι)
3206 5547 3640 5634 ς-ᾆέεφὶιίῐῖολδδ·

329 5618 445 5702 (40)
467 5620 554 5702 D_e_
577 5623 670 5702 his
692 5625 890 5702 ﬂuviis
919 5618 1592 5702 inferorum‘poenisque
1615 5618 1740 5688 ‘vid.
1776 5631 1867 5687 in-
1979 5638 2133 5688 erat.
2160 5618 2504 5701 Amico/1.3,
2533 5618 2706 5702 21,1).
2753 5631 2851 5684 166
2879 5618 3050 5700 ἑέᾳει,
3083 5618 3178 5682 θεῖ.
3211 5618 3478 5702 Fischer.
3515 5626 3648 5682 Plu-

302 5693 464 5780 rimis
498 5693 1110 5780 Platon.'_l?ha‘2§ion.,‘
1148 5714 1218 5780 p._
1249 5693 1375 5777 1'12,
1419 5693 1628 5780 Steph.
1664 5705 1765 5780 (ιν)ζ
1797 5705 1866 5758 89
1978 5704 2168 5760 tarch.
2226 5705 2330 5759 De.
2383 5693 2560 5772 SKN,
2587 5693 2661 5756 νῖ
2705 5716 2764 5773 p.
2809 5703 2922 5756 I62.
2964 5693 3170 5772 seqq,
3208 5698 3355 5755 ibid.
3389 5698 3649 5771 interprr

312 5763 460 5834 ’ytt.,
494 5781 552 5838 p.
582 5770 686 5822 21:2
720 5769 968 5840 Ileind.),
1002 5763 1351 5842 collfGorg.’
1386 5763 1536 5829 sect:
1570 5778 1632 5830 81
1669 5763 1868 5844 {Cra-

1978 5704 2168 5760 tarch.
