4434 6452
785 401 923 460 1439
2114 392 2489 458 NICEPHORI
2525 398 2536 447 t

2395 392 2489 453 )RI
2525 394 2812 455 CHUMNI.
4011 414 4146 468 1440

782 523 1066 597 precibus
1093 537 1230 581 cum
1258 521 1448 581 multo
1465 523 1675 582 timore
1698 524 2071 595 ﬂagitabam,
2104 527 2169 579 ut
2198 521 2432 580 nullum
2463 524 2498 577 Α

2393 537 2432 578 n
2463 524 2498 577 Α
2542 522 2623 582 θος
2670 524 2816 595 ἡμῶν
2878 545 2968 580 και
3019 530 3077 582 τὸ
3126 537 3220 593 τῆς
3274 529 3557 602 ἐπιθυμίας
3615 530 3844 607 σφοδρὸν
3890 533 4144 598 ίξεζήτει.

782 614 964 685 hujus
990 614 1119 669 vitae
1150 613 1451 670 malorum
1483 630 1757 687 unquam
1788 615 1894 670 tibi
1924 616 2281 679 occurreret,
2335 626 2433 667 ne-

2394 626 2433 667 3-
2545 610 2767 667 Κάκεῖνα
2788 611 3137 683 δ’ἒνπάσαις
3179 622 3316 693 ἦμην
3371 629 3483 682 ταῖς
3538 622 3759 685 ἱκεσίαις
3810 628 3904 677 σὺν
3970 625 4145 695 πολλῷ

783 718 900 774 que
914 717 1183 774 unquam
1198 706 1371 760 tuum
1385 703 1657 758 animum
1670 702 1875 760 dolore
1895 719 2161 759 mersum
2175 701 2431 756 viderem

2397 718 2431 753 τι
2540 708 2613 771 τῷ
2646 699 2749 755 δέει
2787 713 3144 779 πεποιημένος,
3208 706 3375 782 μηδέν
3429 730 3512 763 σοι
3559 708 3824 783 μηδέποτε
3880 711 4148 786 μηδαμῶς

783 806 977 863 neque
1007 790 1261 861 gemitus
1275 806 1345 847 ex
1362 791 2038 865 adversisinfaustisque
2051 791 2231 847 rebus
2268 794 2432 845 ortos

2397 806 2432 844 is
2544 801 2869 847 συναντῶσαι
2912 805 3011 848 τῶν
3042 797 3089 850 ἐν
3144 806 3216 868 τῷ
3267 798 3370 872 βίῳ
3422 803 3586 871 τούτῳ
3646 797 3950 876 δυσχερῶν,
4003 800 4148 874 μηδε

778 880 1071 945 audirem,
1095 880 1143 935 si
1173 895 1297 952 qua
1337 881 1792 953 supervenirent
1815 882 2072 938 adversa
2092 896 2163 938 ac
2223 879 2430 946 tristia,

2395 895 2430 946 ι,
2540 885 2919 961 γενέσθαιμοι
2965 883 3232 959 μηδέποτε
3304 885 3630 961 ὁδυνωμίνης
3710 891 3992 944 αἰσθέσθαι
4048 902 4146 954 τῆς

782 984 978 1041 neque
1007 968 1308 1042 lacrymas
1339 985 1411 1029 ex
1440 969 1558 1026 tuis
1585 970 1769 1025 oculis
1801 970 2052 1027 ﬂuentes
2104 984 2431 1036 cernerem,

2396 984 2431 1036 ι,
2544 969 2644 1023 σῆς
2681 960 2928 1037 καρδίας.
2951 963 3091 1037 μηδὲ
3141 973 3428 1041 στεναγμὸν
3478 960 3703 1022 ἀκοῦσαι
3750 968 3806 1022 ἐκ
3868 972 4147 1044 συντριϐῆς

780 1073 978 1130 neque
1004 1073 1323 1114 maerorem
1355 1062 1459 1115 aut
1493 1059 1787 1117 tristitiam
1846 1062 2174 1131 aspicerem
2221 1059 2283 1115 in
2331 1062 2433 1113 tuo

2397 1073 2433 1113 ο
2540 1055 2733 1115 ταύτης
2824 1053 3243 1130 ἀναπεμπόμενον
3298 1079 3387 1111 και
3468 1065 3836 1131 στενοχωρίας,
3912 1065 4147 1115 ίπείσπε-

781 1145 966 1212 vultu,
1002 1149 1124 1202 tam
1155 1146 1425 1219 pulchro,
1450 1150 1573 1203 tam
1621 1146 1850 1213 festivo,
1885 1164 2032 1220 pace
2063 1152 2120 1204 et
2146 1146 2431 1204 omnibus

2403 1162 2431 1200 ς
2544 1145 2721 1203 σὸντος
2770 1146 2906 1205 τινὸς
2950 1153 3051 1198 τῶν
3105 1145 3443 1200 ἰκθλιϐὁντων
3518 1168 3610 1200 και
3673 1148 3838 1209 λύπης
3887 1150 4147 1223 προξένων

780 1235 986 1304 gratiis
1014 1235 1246 1291 referto.
1292 1238 1357 1291 Et
1380 1237 1580 1308 optavi
1604 1237 1800 1309 potius
1826 1242 1882 1292 et
1923 1236 2171 1293 omnino
2229 1236 2432 1307 optavi

2396 1236 2432 1291 τί
2542 1232 2691 1305 αὐτῇ,
2744 1230 2884 1305 μηδέ
2946 1254 3006 1306 γε
3056 1232 3284 1310 δάκρυον
3346 1236 3540 1309 βλέψαι
3607 1246 3705 1291 τῶν
3774 1246 3877 1291 σῶν
3926 1240 4147 1310 ἐκχυθὲν

780 1327 839 1379 et
875 1323 1151 1379 ardenter
1172 1323 1469 1397 postulavi
1502 1330 1564 1380 ut
1592 1325 1758 1397 prius
1790 1326 2056 1381 animam
2108 1328 2298 1381 morte
2354 1323 2435 1380 ef-

2397 1323 2435 1378 f-
2542 1321 2836 1393 ὀφθαλμῶν,
2896 1321 3035 1395 μηδὲ
3089 1328 3508 1400 σκυθρωπὸτητά
3557 1347 3673 1379 τινα
3725 1324 3959 1380 κατιδεῖν
4010 1333 4148 1400 μήτε

778 1412 985 1468 ﬂarem
1012 1414 1091 1485 (et
1111 1412 1302 1469 dulcis
1324 1413 1468 1469 mihi
1499 1429 1570 1470 ea
1598 1429 1761 1470 mors
1786 1414 2032 1485 fuisset),
2063 1430 2251 1487 quam
2273 1413 2431 1470 cala-

2401 1443 2431 1468 ,.
2540 1415 2822 1482 κατήφειαν
2876 1410 2958 1465 ἐπὶ
3007 1421 3100 1465 τοῦ
3177 1422 3272 1467 σοῦ
3318 1414 3477 1467 καλου
3539 1421 3628 1468 καὶ
3707 1418 3900 1489 ὡραίου
3981 1435 4152 1488 προσ-

778 1502 1047 1558 mitatem
1080 1500 1347 1574 aliquam
1370 1502 1909 1560 animadverterem
1931 1507 2034 1560 tuo
2065 1502 2231 1559 cordi
2270 1501 2434 1559 dolo-

2395 1517 2434 1558 )-
2541 1504 2703 1564 ώπου,
2760 1503 2849 1552 καὶ
2902 1501 3130 1572 γαλήνης
3176 1508 3263 1556 καὶ
3316 1513 3497 1557 πασῶν
3558 1508 3803 1576 νέμοντος
3884 1509 4146 1579 χαρίτων,

779 1606 873 1646 res
899 1589 1271 1659 efferentem,
1984 1640 1987 1643 .

2544 1593 2645 1641 Καὶ
2683 1590 2944 1659 ἠγάπησα
2998 1590 3209 1663 μᾶλλον,
3272 1597 3362 1647 καὶ
3417 1596 3551 1647 πάνυ
3610 1612 3660 1647 τι
3716 1594 3993 1664 ἠγάπησα,
4055 1596 4151 1646 καὶ

782 1681 979 1753 θερμῶς
1041 1676 1345 1752 ἐπηυξάμην
1406 1681 1605 1752 θανάτῳ
1655 1685 1899 1755 πρότερον
1966 1684 2060 1739 τὴν
2113 1680 2299 1752 ψυχὴν
2359 1677 2733 1746 ἁποϐαλέσθαι,
2800 1684 2885 1731 xai
2961 1677 3021 1738 ἦν
3109 1683 3171 1733 ἄν
3262 1702 3353 1755 μοι
3445 1687 3535 1736 καὶ
3616 1684 3804 1755 γλυκὺς
3882 1682 4063 1744 ἐκεῖνος
4123 1684 4151 1734 ὁ

781 1769 1017 1837 θάνατος,
1059 1769 1089 1828 ἦ
1125 1764 1439 1841 δυσχερείας
1458 1773 1595 1833 τινὸς
1621 1770 1693 1832 εἰς
1723 1772 1975 1827 αἰσθησιν
2005 1769 2161 1822 ἐλθεῖν
2192 1770 2341 1842 ἄλγος
2367 1768 2714 1844 προξενούσης
2742 1776 2804 1842 τῇ
2842 1777 2905 1841 σῇ
2964 1767 3182 1845 καρδίᾳ.

851 1859 983 1913 Ηεθο
1013 1857 1220 1913 omnia
1250 1862 1307 1914 et
1341 1861 1530 1914 mater
1575 1862 1678 1915 tua
1731 1858 2050 1915 ineffabilis
2097 1857 2433 1918 dilectionis

2408 1875 2433 1912 s
2617 1864 2752 1910 Ὀσα
2783 1855 2842 1910 δὲ
2872 1864 2960 1911 καὶ
2991 1857 3075 1912 οἶα
3124 1866 3372 1936 μήτηρων
3426 1861 3648 1934 φίλτρων
3703 1861 3939 1937 ἀρρήτων
3987 1864 4151 1934 ὑπερ-

778 1961 1026 2005 excessu
1062 1949 1352 2018 perpetuo
1405 1946 1509 2002 tibi
1558 1947 1899 2020 peroptavit
1946 1946 2435 2019 efﬂagitavitque,

2398 1961 2435 2014 Ξ,
2544 1946 2719 2009 ϐολαῖς
2759 1946 2837 2001 ἀεὶ
2898 1944 3151 2003 διετέλεσε
3206 1956 3324 2023 περὶ
3369 1953 3426 2004 σε
3477 1949 3861 2016 σπουδάζουσα
3923 1955 4014 2004 καί
4065 1952 4149 2004 ἐν-

777 2040 965 2092 totam
1003 2036 1273 2092 animam
1299 2036 1638 2108 effundens,
1696 2041 1885 2094 totum
1942 2036 2335 2107 desiderium,
2380 2041 2437 2095 te

2399 2052 2437 2092 ,e
2544 2031 2870 2108 δεικνυμένη,
2935 2042 3029 2096 τὴν
3084 2039 3205 2098 ὅλην
3271 2038 3506 2112 ἐκχέασα
3588 2041 3796 2113 ψυχήν,
3872 2044 3958 2094 τὸν
4032 2040 4150 2092 ὅλον

777 2125 926 2182 lacte
956 2126 1242 2193 nutriens,
1275 2125 1609 2199 fovensque
1671 2126 2064 2200 amplexibus,
2098 2138 2155 2185 et
2184 2127 2247 2183 in
2278 2126 2436 2183 ulnis

2400 2144 2436 2183 ,Β
2542 2127 2719 2187 πόθον,
2752 2131 2841 2178 καὶ
2870 2128 3216 2200 γαλουχοῦσά
3267 2149 3323 2182 σε
3380 2135 3469 2183 καὶ
3514 2136 3990 2206 περιπτυσσομένη,
4052 2134 4151 2181 καὶ

776 2214 992 2285 ferens,
1006 2230 1200 2288 neque
1216 2216 1514 2272 sustinens
1526 2216 1616 2272 vel
1630 2216 1941 2290 paululum
1965 2232 2001 2273 a
2025 2220 2080 2273 te
2118 2216 2393 2273 recedere
2421 2216 2433 2273 Ξ

2421 2216 2433 2273 Ξ
2544 2216 2772 2287 φέρουσα
2829 2212 2922 2268 δια
2971 2221 3165 2280 παντὸς
3230 2216 3278 2269 ἐν
3345 2217 3617 2290 ἀγκάλαις,
3671 2225 3762 2273 καὶ
3826 2216 3963 2291 μηδὲ
4011 2221 4154 2270 κατά

778 2305 1015 2369 Quoties
1046 2310 1247 2360 autem
1288 2303 1382 2361 die
1422 2309 1727 2377 noctuque
1756 2305 1994 2361 divinas
2034 2304 2194 2361 mdes
2245 2303 2437 2375 petiit,

2403 2308 2437 2374 Ι;,
2541 2306 2728 2377 μικρὸν
2770 2302 3062 2365 ἀποστῆναι
3109 2314 3206 2370 τῆς
3268 2315 3361 2368 σῆς
3407 2310 3520 2369 θέας
3578 2306 3841 2381 μηδαμῶς
3898 2307 4154 2379 ἀνεχομέ-

779 2392 959 2448 nudis
989 2392 1248 2465 pedibus
1282 2392 1567 2449 incedens
1594 2397 2129 2467 paupertatemque
2157 2392 2438 2463 induens,

2403 2411 2438 2463 I,
2541 2412 2603 2451 νη
2642 2394 2653 2448 Ξ
2687 2395 2839 2455 ὅσους
2917 2391 2977 2447 δὲ
3036 2399 3280 2457 καὶτοὺς
3338 2393 3564 2471 δρόμους
3613 2401 3889 2473 ἡμερινὸύς
3938 2417 3991 2449 τε
4058 2403 4154 2449 καὶ

776 2485 833 2538 et
861 2481 938 2538 ad
968 2497 1153 2554 puras
1183 2482 1678 2555 venerandasque
1716 2484 2013 2554 imagines
2044 2483 2351 2549 festinans,
2381 2488 2439 2540 et

2400 2488 2439 2540 ,ι
2540 2487 2867 2556 νυκτερινοὺς
2930 2487 3073 2559 παρά
3142 2488 3265 2547 τοὺς
3354 2487 3521 2548 θείους
3594 2491 3875 2539 κατέτείνεν
3954 2485 4151 2551 οἴκους,

777 2576 915 2628 ante
943 2586 1046 2628 eas
1076 2587 1283 2645 preces
1306 2571 1706 2644 ardentesque
1730 2572 2200 2646 supplicationes
2214 2588 2283 2629 ex
2303 2588 2438 2645 pro-

2403 2591 2438 2628 ιο
2539 2580 2752 2644 γυμνοῖς
2778 2581 2888 2635 τοῖς
2937 2578 3065 2626 ποσὶ
3108 2575 3237 2647 πεζῇ
3304 2572 3616 2648 βαδίζουσα
3675 2580 3764 2628 καὶ
3824 2575 4154 2649 προσταλαι-

774 2660 963 2718 fundo
993 2665 1050 2716 et
1073 2661 1305 2718 ardenti
1335 2660 1514 2721 corde
1545 2661 1791 2730 faciens,
1853 2663 2189 2737 eademque
2250 2678 2287 2721 a
2316 2664 2435 2719 Deo

2403 2679 2435 2719 ο
2538 2670 2812 2734 πωροῡσα,
2855 2668 2941 2715 καί
2981 2683 3041 2734 γε
3086 2665 3357 2735 φθάνουσα
3403 2669 3528 2740 πρὸς
3572 2668 3661 2726 τὰς
3710 2664 4003 2740 ἀχράντους
4058 2670 4154 2715 καὶ

774 2749 1087 2826 postulans
1134 2750 1147 2806 ε
2540 2754 2731 2814 σεπτας
2773 2752 2988 2820 είκὸνας,
3040 2758 3130 2807 καὶ
3180 2756 3371 2807 τούτων
3421 2755 3729 2828 ἐπίπροσθεν
3811 2757 3905 2816 τὰς
3978 2754 4157 2825 εὐχὰς

2537 2844 2626 2892 καὶ
2677 2843 2865 2914 θερμὰς
2913 2848 3195 2916 ποιουμένη
3252 2848 3346 2907 τας
3396 2847 3596 2907 ἱκεσίας
3652 2844 3706 2897 ἐκ
3751 2843 3946 2917 βάθους
4019 2863 4157 2919 καρο

2538 2926 2656 2992 δίας
2684 2933 2919 2998 ζεούσης,
2954 2931 3166 2985 κάκεῖνα
3190 2936 3316 3008 πρὸς
3350 2934 3483 2988 Θεοῦ
3510 2932 3845 2994 ἐκζητοῦσαέ

846 3019 999 3084 Quot
1024 3020 1081 3073 et
1117 3020 1344 3091 quanta
1374 3018 1532 3075 Deus
1574 3018 1701 3091 ipse
1727 3018 1910 3091 bona,
1940 3020 2179 3077 nostras
2222 3034 2431 3093 preces

2403 3037 2431 3078 s
2608 3025 2725 3072 Οσα
2775 3016 2842 3079 δὴ
2888 3026 2979 3073 καὶ
3047 3025 3177 3085 Θεὸς
3243 3022 3396 3085 αὐτὸς
3489 3020 3661 3094 ἀγαθὰ
3748 3021 3967 3095 μεγάλα,
4060 3024 4153 3071 καὶ

776 3108 1145 3180 superantia,
1167 3107 1272 3164 tibi
1304 3107 1482 3164 nullis
1504 3107 1941 3180 comparabilis.
1966 3107 2346 3166 abundanter
2374 3112 2431 3167 et

2411 3112 2431 3167 ι
2534 3108 2916 3184 ὑπερϐάλλοντα
2994 3116 3169 3163 πᾶσαν
3222 3113 3474 3187 ἡμετέραν
3560 3111 3744 3183 εὐχὴν,
3816 3109 4159 3182 ἁπαράμιλλοὶ

774 3195 1307 3253 amantercontulit
1329 3197 1342 3254 t
1366 3196 1657 3253 Eximiam
1678 3212 1897 3270 nempe
1920 3196 2137 3253 animm
2163 3197 2344 3254 simul
2374 3202 2431 3255 et
2463 3219 2502 3275 ρ

2409 3202 2431 3255 t
2463 3219 2502 3275 ρ
2534 3216 2619 3253 σοι
2657 3198 2920 3261 πλουσίως
2949 3205 3039 3253 καὶ
3088 3200 3365 3274 φίλοτίμως
3418 3206 3718 3275 παρέσχετο
3794 3204 4115 3273 χορηγήσας
4143 3204 4156 3259 ε

772 3286 1039 3357 corporis
1088 3284 1619 3358 pulchritudinem,
1663 3285 1845 3341 divini
1882 3286 2108 3341 timoris
2156 3302 2425 3354 sensum,

2412 3330 2425 3354 ,
2532 3287 2712 3349 κάλλος
2742 3290 2994 3364 ὑπερφυὲς
3021 3289 3204 3361 ψυχῆς
3253 3292 3383 3363 ὁμοῦ
3428 3310 3481 3343 τε
3541 3296 3631 3343 καὶ
3709 3295 3967 3362 σώματος,
4033 3306 4163 3339 συν-

770 3374 1199 3431 mandatorum
1240 3375 1450 3431 Christi
1475 3374 1981 3441 observationem,
2007 3391 2237 3433 morum
2260 3376 2428 3448 puri-

2408 3407 2428 3417 -
2536 3379 2761 3435 αίσθησι
2829 3380 2966 3431 θείου
3037 3377 3217 3451 φόϐου,
3292 3377 3501 3430 ἐντολῶν
3582 3375 3821 3451 Χριστοῦ
3901 3396 4159 3450 τηρησιν,

770 3467 973 3530 tatem,
998 3468 1055 3519 et
1079 3463 1377 3537 quidquid
1390 3464 1969 3536 estpulcherrimum
1985 3464 2224 3537 aliaque
2247 3464 2433 3521 vincit

2411 3468 2433 3521 t
2536 3470 2861 3539 κοσμιότητα
2900 3468 3079 3535 ἤθους,
3137 3474 3224 3521 καὶ
3296 3474 3397 3520 πᾶν
3450 3469 3532 3520 ὅτι
3587 3468 3881 3535 κάλλιστον,
3935 3471 4027 3518 καὶ
4080 3485 4161 3517 νι-

768 3553 951 3620 bona,
982 3554 1029 3609 si
1061 3570 1201 3610 cum
1231 3554 1417 3613 hocce
1457 3554 1859 3611 conferantur.

2536 3563 2639 3608 κῶν
2666 3558 2832 3631 ἕτερον
2859 3556 2994 3608 ἅπαν
3024 3561 3082 3609 τό
3112 3560 3243 3631 πρὸς
3268 3565 3418 3610 τοῦτο
3463 3556 3933 3632 παραϐαλλόμενον.

856 3644 1836 3718 Qumconspicienteslaetabamur
1872 3644 2102 3719 nosfqui
2133 3649 2187 3702 te
2216 3660 2436 3718 genue—
2613 3650 2711 3698 Καὶ
2757 3654 2924 3698 ταῦτα
2990 3648 3206 3719 ὁρῶντες
3283 3646 3562 3722 ἐχαίρομεν
3656 3650 3705 3701 οἱ
3783 3651 3838 3700 σε
3921 3650 4163 3708 τεκόντες

767 3747 997 3799 ramus,
1025 3737 1082 3789 et
1109 3733 1567 3790 exsultabamus
1589 3734 1794 3790 laetitia
1825 3734 2073 3806 perfusi,
2100 3750 2172 3791 ac
2197 3742 2247 3791 te
2306 3751 2429 3791 non

2412 3751 2429 3791 ι
2539 3735 2705 3807 ἡμεῖς,
2752 3741 2850 3805 καὶ⁵
2889 3737 3059 3788 πάντα
3103 3744 3413 3810 σκιρτῶντες
3465 3734 3591 3807 ἦμεν
3666 3741 3755 3788 καὶ
3835 3735 4163 3807 ἀγαλλιῶμε-

767 3821 952 3879 modo
983 3822 1331 3895 putavimus
1365 3823 1596 3892 generis
1626 3824 1815 3879 nostri
1861 3823 2045 3879 decus
2094 3829 2151 3881 et
2181 3824 2427 3894 gloriam

2411 3840 2427 3880 ι
2538 3845 2638 3893 νοι,
2668 3831 2758 3877 καὶ
2788 3830 2945 3899 τιμὴν
2966 3832 3055 3878 καὶ
3093 3830 3229 3899 μέγα
3286 3827 3430 3889 κλέος
3472 3832 3561 3879 καὶ
3612 3823 3770 3890 δοξαν
3820 3834 3911 3878 τοῦ
3969 3845 4162 3896 γενους

763 3910 909 3979 fore,
942 3911 1048 3966 sed
1078 3916 1134 3967 et
1162 3911 1413 3967 firmiter
1433 3913 2188 3983 exspectavimus,rursum
2219 3928 2430 3969 omnes

2409 3930 2430 3968 3
2539 3915 2684 3985 ἡμῶν
2731 3914 2825 3967 οὐκ
2911 3913 3218 3987 ἐνομίσαμεν
3305 3919 3479 3987 μόνον,
3563 3914 3691 3967 ἀλλὰ
3756 3920 3844 3967 καὶ
3924 3913 4160 3985 βεϐαίως

765 4015 903 4072 spes
930 4006 1169 4055 nostras
1202 4001 1263 4057 in
1314 4003 1432 4057 Deo
1500 4006 1814 4073 ponentes,
1862 4006 1919 4057 et
1974 4002 2037 4058 in
2098 4002 2427 4074 purissima

2411 4019 2427 4061 ι
2538 4001 3141 4077 προσεδοκήσαμεν,ἐπὶ
3199 4008 3329 4058 Θεὸν
3397 4006 3551 4067 αὖθις
3615 4007 3813 4077 θέμενοι
3878 4008 3971 4066 τὰς
4032 4004 4162 4066 ὅλας

764 4089 1263 4164 sanctissimaque
1294 4095 1351 4146 et
1382 4090 1771 4147 immaculata
1801 4092 1933 4163 ejus
1965 4091 2278 4148 Genitrice.

2538 4090 2753 4156 ἐλπίδας
2809 4100 2898 4147 καὶ
2948 4098 3039 4153 τὴν
3094 4094 3249 4146 αὑτὸν
3303 4097 3684 4168 παναχράντως
3743 4099 3831 4147 καὶ
3899 4102 4160 4166 παναμῶ-

2537 4203 2647 4256 μως
2674 4187 2761 4236 καὶ
2786 4185 3189 4259 πανυπεράγνως
3214 4192 3485 4239 τεκοῦσαν.

834 4272 1035 4342 Neque
1063 4285 1175 4327 nos
1202 4284 1275 4326 ea
1299 4286 1435 4343 spes
1464 4273 1521 4326 et
1546 4270 1712 4327 bona
1752 4270 1855 4327 illa
1898 4286 1967 4327 ac
2034 4270 2289 4345 pulchra
2331 4285 2431 4327 ex-

2408 4298 2431 4313 -
2612 4278 2712 4325 Καὶ
2768 4281 2869 4325 τῶν
2932 4268 3155 4325 ἐλπίδων
3208 4276 3403 4325 τούτων
3448 4278 3538 4327 καὶ
3584 4282 3673 4334 τῆς
3720 4280 3971 4345 χμηστῆς
4024 4275 4158 4325 ταύ-

762 4359 1017 4431 pectatio
1046 4359 1393 4417 fefellerunt.
1433 4363 1763 4433 Postquam
1787 4361 1947 4417 enirn
1983 4361 2062 4417 ad
2111 4361 2226 4416 hoc
2279 4364 2427 4415 tem-

2412 4392 2427 4400 -
2538 4380 2634 4423 της
2672 4366 2763 4414 καὶ
2818 4361 2982 4422 καλῆς
3048 4358 3377 4437 προσδοκίας
3402 4363 3460 4415 οὐ
3517 4358 3923 4433 διεψεύσθημεν.
3987 4362 4163 4413 Ἐπει·

761 4464 876 4520 pus
896 4453 952 4504 et
983 4448 1061 4505 ad
1115 4449 1273 4505 hanc
1315 4454 1576 4515 tetatem,
1637 4465 1774 4521 qum
1830 4450 2057 4521 nuptiis
2124 4448 2425 4519 convenit,

2410 4492 2425 4519 ,
2539 4446 2605 4508 δή
2639 4454 2739 4525 γὰρ
2771 4456 2862 4503 καὶ
2914 4454 3041 4527 πρὸς
3082 4456 3270 4524 χρόνον
3327 4456 3417 4504 καὶ
3482 4451 3691 4509 ἡλικίαν
3739 4452 3855 4511 ἧκες
3916 4449 4158 4522 ἀμόζ⁰ν“

762 4539 1109 4610 pervenisti,
1141 4540 1356 4595 excitat
1396 4542 1548 4595 Deus
1579 4554 1716 4595 eum
1744 4540 1848 4611 qui
1880 4555 1987 4613 per
2012 4540 2217 4612 ipsum
2250 4540 2425 4595 mise-

2408 4570 2425 4579 -
2537 4559 2632 4593 σαν
2692 4541 2867 4612 γάμῳ,
2914 4548 3043 4592 κινεῖ
3099 4544 3225 4601 Θεὸς
3275 4544 3362 4593 τὸν
3422 4536 3497 4593 δι’
3537 4540 3699 4592 αὐτοῦ
3777 4539 4159 4612 φιλανθρώπως

760 4627 1071 4684 ricorditer
1108 4628 1285 4683 nobis
1318 4629 1595 4700 imperat,
1625 4632 1681 4684 et
1719 4629 1957 4701 accipit,
1992 4634 2047 4684 et
2072 4629 2244 4699 erigit
2272 4634 2322 4685 te
2347 4628 2425 4684 ad
2458 4624 2500 4677 D

2408 4624 2500 4683 Η)
2536 4631 2681 4702 ἡμῶν
2756 4628 3107 4701 βασιλεύοντα
3190 4629 3285 4701 (1),
3373 4634 3463 4682 καὶ
3533 4627 3993 4705 προσλαμϐάνεται
4062 4635 4159 4682 καὶ

761 4716 1219 4787 magnitudinis,
1247 4717 1495 4774 honoris
1536 4722 1591 4773 et
1635 4717 1839 4787 glorue
1898 4717 2204 4786 fastigium
2254 4716 2423 4773 illud.

2408 4758 2423 4773 .
2537 4716 2716 4789 ἀνάγει
2762 4737 2819 4771 σε
2870 4721 3120 4790 μεγέθους
3177 4722 3309 4793 πρὸς
3362 4718 3514 4789 ὕψος,
3569 4726 3724 4791 τιμῆς
3803 4738 3893 4770 και
3961 4714 4159 4785 δοξης,

760 4804 929 4877 quod
968 4819 1163 4878 neque
1195 4806 1254 4860 in
1276 4807 1427 4862 votis
1448 4805 1673 4862 habere
1690 4821 1887 4879 neque
1932 4809 2131 4861 mente
2163 4805 2423 4876 cogitare

2405 4821 2423 4860 3
2535 4804 2595 4870 ἧς
2623 4810 2770 4881 ἡμεῖς
2800 4804 2914 4861 οὐδ’
2947 4808 2995 4859 ὶν
3044 4808 3232 4880 εὐχαῖς
3289 4810 3453 4862 θεῖναι
3496 4808 3590 4860 οὐκ
3642 4807 3704 4860 ἂν
3763 4806 4156 4881 ἐθάρρησαμεν,

762 4894 893 4950 ausi
922 4910 1162 4951 eramus
1191 4896 1327 4961 Quas
1340 4895 1556 4951 deinde
1570 4898 1773 4951 secuta
1803 4896 1988 4951 sunt?
2013 4898 2128 4951 Nos
2150 4894 2419 4968 quidem,

2404 4936 2419 4963 ,
2531 4894 2650 4951 οὐδ’
2702 4896 2762 4949 ἂν
2816 4898 2882 4958 εἰς
2938 4905 3057 4950 νοῦν
3108 4896 3417 4970 ἕϐαλὸμεθα.
3474 4900 3551 4951 Τά
3590 4894 3643 4950 δ’
3719 4896 3900 4970 ἑφεξῆς
3980 4916 4154 4965 τινας

761 4985 1093 5043 nescientes
1121 4990 1419 5060 quantum
1462 4984 1568 5041 tibi
1626 4984 1861 5044 bonum
1915 4989 2419 5058 superventurum

2403 5002 2419 5042 Ι
2527 4991 2699 5059 Ἥμιῖς
2747 4989 2861 5059 μὶν,
2906 4984 3073 5061 μηδὲν
3133 4984 3329 5049 εἰδότες
3387 4994 3480 5041 τοῦ
3544 4986 3628 5039 ἐπί
3696 4994 3788 5039 τοῦ
3842 4991 3985 5048 ὀντος
4060 4988 4154 5059 (2)

760 5080 936 5142 esset,
968 5074 1116 5132 alias
1156 5075 1259 5131 tibi
1287 5076 1531 5148 nuptias
1556 5074 1953 5149 parabamus,
1985 5091 2123 5148 quae
2171 5075 2419 5133 minime

2404 5090 2419 5131 Ξ
2530 5077 2693 5131 καλοῦ
2740 5097 2830 5129 και
2877 5083 3247 5153 συμφέροντος,
3305 5082 3436 5151 πρὸς
3508 5078 3714 5151 ἑτέρους
3789 5079 4155 5150 ἡτοιμάζομεν

760 5172 896 5222 tuos
926 5166 1056 5238 pios
1098 5174 1299 5222 mores
1344 5169 1633 5238 tuamque
1703 5165 2091 5237 purissimam
2150 5165 2420 5221 animam

2398 5180 2420 5220 1
2529 5170 2749 5239 γάμους,
2801 5163 2968 5239 μηδὲν
3022 5175 3127 5228 τοῖς
3182 5174 3297 5228 σοῖς
3344 5166 3601 5239 θεοφιλέσι
3648 5170 3869 5241 τρόποις
3928 5186 4024 5218 και
4082 5176 4149 5240 τῇ

757 5255 1056 5313 decebant
1088 5274 1100 5323 ;
1127 5255 1512 5312 utmanifeste
1543 5254 1679 5311 ﬁnis
1694 5254 1987 5323 ostendit;
2015 5255 2420 5327 apparuitque

2403 5269 2420 5310 Ξ
2530 5258 2871 5329 καθαρωτάτη
2932 5255 3301 5318 συντελοῦντας
3361 5255 3541 5329 ψυχῇ,
3629 5258 3695 5316 ὡς
3772 5264 3998 5330 φανερῶς
4062 5255 4154 5309 ἐπί

759 5362 831 5402 ex
861 5361 983 5419 quo
1013 5344 1341 5417 praecipitio
1380 5360 1451 5401 ac
1490 5344 1775 5401 barathro
1807 5343 2135 5416 providens
2182 5346 2336 5400 Deus
2368 5347 2422 5400 te

2405 5358 2422 5399 Ξ
2529 5347 2622 5399 τοῦ
2660 5344 2834 5407 τελους
2890 5352 2978 5397 νῦν
3044 5344 3256 5418 ἐξεφάνη
3316 5344 3400 5418 ἀφ’
3461 5342 3570 5399 οἵου
3618 5352 3853 5421 κρημνοῦ
3905 5364 4000 5397 και
4048 5344 4156 5419 βα.

756 5436 1115 5500 liberaverit,
1159 5451 1233 5491 ex
1270 5451 1393 5509 qua
1443 5435 1647 5499 domo,
1704 5436 1870 5491 omni
1926 5434 2293 5509 turpitudine
2351 5449 2423 5490 ac

2404 5449 2423 5489 3
2530 5438 2730 5510 ράθρου
2772 5437 2902 5496 Θεὸς
2943 5432 3201 5511 προειδὼς
3256 5434 3472 5498 ἐξείλετο
3523 5454 3600 5505 σε,
3667 5437 3779 5487 οἱον
3836 5455 3927 5487 και
3975 5439 4155 5505 οἴκου,

756 5527 1059 5601 impietate
1080 5525 1280 5599 plena.
1314 5528 1375 5583 Et
1398 5526 1631 5583 subruit
1659 5528 1801 5583 tunc
1831 5530 1888 5583 et
1913 5525 2081 5583 irrita
2105 5524 2424 5584 facitvana

2405 5539 2424 5582 ι
2532 5528 2713 5586 πάσης
2743 5523 2956 5597 ἀνομίας
2984 5528 3231 5597 γέμοντος
3286 5544 3375 5578 και
3426 5521 3764 5586 δυσσεϐείας.
3822 5529 3925 5578 Καί
3988 5526 4156 5596 σφάλ-

828 5708 901 5779 (1)
944 5708 1375 5780 Imperato‘rem
1401 5704 1833 5764 Andronicum;

1608 5704 1833 5763 nicum;
2605 5702 2687 5778 (2)
2716 5704 2956 5773 Forsan,
2988 5709 3081 5757 τοῦ
3112 5701 3357 5766 ἐπιόντος.
