4434 6452
215 447 336 500 liii

207 562 368 622 λειδὴ
412 567 501 614 καὶ
558 565 809 632 καταργεῖ
883 561 997 611 τότε
1045 560 1134 620 τὰς
1179 561 1404 630 ματαίας
1463 553 1652 627 βουλὰς
1717 552 1805 602 καί
1836 549 1881 602 Α

215 648 452 712 σπουδὰς
513 650 680 720 ἡμῶν,
741 653 831 700 καὶ
906 647 1269 721 περιφυλάττει
1357 665 1446 697 και
1526 640 1809 714 περισώζει

213 745 300 794 καὶ
342 740 616 811 ἑξαιρεῑταί
647 755 703 788 σε
729 744 820 788 τού
859 734 1090 809 ὀλεθρίου
1128 733 1320 788 ἐκείνου
1393 739 1578 788 κακοῦ.
1636 729 1811 800 Ἰ-ιμεὶς

217 826 287 894 δ’»
329 830 448 901 ὅπερ
508 828 714 897 ἔφημεν,
771 821 936 896 μηδὲν
991 819 1186 887 εἰδότες
1243 831 1338 884 τῆς
1399 830 1490 874 τού
1547 820 1810 890 εὐεργέτου

217 924 345 970 Θεοῦ
396 919 640 990 προνοίας
703 918 792 965 καὶ
849 920 939 974 τῆς
994 917 1120 987 πρὸς
1178 917 1236 965 τὸ
1293 919 1519 987 κρεῖττον
1600 903 1813 978 ἐμϐιϐά-

223 1025 342 1066 σεως
419 1012 584 1076 σοφῆς
682 1003 1000 1074 οἰκονομίας,
1078 1003 1433 1076 ἡσχάλλομεν,
1532 1005 1812 1076 ἠνιώμεθα,

222 1094 570 1167 ἀπελιγόμιθα
595 1097 686 1150 τὴν
743 1093 902 1160 ζωὴν,
943 1094 1010 1153 ὡς
1077 1092 1300 1165 μέγοίλου
1379 1091 1445 1151 δὴ
1507 1112 1643 1155 τινος
1699 1091 1813 1147 ὃια-

221 1189 496 1259 μαρτόντες
567 1182 723 1234 καλοῦ
772 1185 1064 1234 τούναντίον
1122 1180 1205 1235 ἐπὶ
1262 1191 1357 1244 τῆς
1407 1181 1648 1245 ἀληθείας
1729 1189 1817 1236 δν-

219 1275 323 1340 τὸς,
370 1272 463 1323 κάν
504 1272 653 1342 ἡμεῖς
692 1272 990 1340 imae-ipsa.

295 1366 391 1413 Καὶ
447 1359 576 1430 λέγω
641 1357 707 1416 ὃη
766 1356 936 1410 ταῦτα
987 1365 1076 1411 καὶ
1130 1358 1354 1412 ἀνακινώ
1419 1365 1542 1433 πρὸς
1587 1367 1817 1434 μνήμην,

221 1453 288 1512 ὡς
317 1455 374 1502 αν
403 1447 470 1507 δὴ
513 1455 601 1500 καὶ
640 1453 732 1506 τὴν
775 1454 872 1505 σὴν
903 1447 950 1500 ἐν
989 1448 1188 1521 γαλήνῃ
1241 1456 1563 1507 καταστήσω
1611 1452 1818 1523 ψυχὴν,

221 1539 589 1608 ἀνενεγκούσαν
643 1537 694 1589 ἐκ
759 1545 850 1589 τοῦ
917 1538 1144 1609 μεγάλου
1223 1537 1482 1601 κλύδωνος
1564 1547 1654 1594 καὶ
1730 1552 1823 1606 της

220 1627 410 1688 πολλῆς
483 1633 725 1699 ταραχῆς
793 1632 892 1676 τῶν
970 1623 1348 1685 ἐπικλυζόντων
1392 1636 1601 1699 συχνῶν
1654 1633 1823 1703 κυμά-

221 1735 338 1780 των,
392 1719 481 1766 καὶ
548 1712 872 1786 βυθιζόντων
937 1716 1134 1770 ταύτην
1182 1723 1381 1787 πικρῶν
1442 1715 1705 1788 λογισμῶν
1757 1721 1823 1782 ὡς

227 1806 297 1864 εἰς
327 1802 599 1863 θαλάσσης
638 1801 822 1873 βάθος,
869 1801 936 1861 εἰς
989 1801 1153 1873 βυθόν
1211 1799 1420 1870 ὀδύνης,
1475 1803 1522 1856 ἐν
1576 1807 1614 1876 ᾧ
1668 1815 1825 1868 κατή-

225 1911 378 1964 γαγεν
432 1895 570 1963 ημᾶς
632 1895 685 1944 τὸ
745 1890 1057 1962 ὑπερϐάλλον
1106 1895 1317 1963 μέγεθος
1397 1903 1485 1956 τῆς
1567 1895 1825 1972 ἀφορήτου
1865 1896 1904 1951 Β

229 1984 425 2043 ταύτης
491 1986 782 2053 συμφορᾶς,
831 1984 930 2033 Καὶ
999 1977 1110 2041 δέος
1177 2001 1378 2052 μηποτε
1428 1986 1555 2056 οὐχί
1594 1996 1691 2038 τῶν
1726 2009 1826 2041 σω-

233 2073 405 2143 μάτων
459 2077 742 2142 πνιγμονὴν
796 2072 966 2142 μόνον,
1033 2069 1158 2121 ἀλλὰ
1223 2092 1311 2124 και
1374 2075 1539 2125 αὐτῶν
1625 2077 1829 2151 ὀλεθρον

233 2161 590 2231 ύποσταίημεν
616 2168 715 2210 τῶν
770 2160 983 2231 ψυχῶν.
1039 2158 1126 2211 Ἱν’
1178 2157 1264 2212 οὖν
1314 2165 1372 2213 τὸ
1426 2163 1554 2215 πολύ
1613 2186 1700 2218 και
1745 2173 1830 2239 μὶ-

232 2269 304 2321 γα
330 2259 489 2302 τοῦτο
521 2254 775 2320 νέφοςκαι
811 2253 904 2306 τὴν
969 2247 1184 2319 βαθεῖαν
1248 2248 1434 2320 ἀχλύν,
1496 2273 1584 2306 και
1653 2262 1834 2309 σκοτό-

234 2358 418 2410 μαιναν
450 2343 542 2396 τὴν
570 2336 621 2389 ἐκ
646 2338 739 2389 τοῦ
779 2339 975 2398 πάθους
1036 2338 1378 2410 ἐπιχυθεῖσαν
1429 2343 1574 2413 ἡμῖν,
1626 2342 1680 2395 ἐκ
1740 2355 1836 2407 τῆς

237 2436 336 2490 σῆς
399 2426 711 2499 ἀποτινάξης
757 2425 1004 2501 καρδίας,
1063 2447 1151 2478 και
1212 2425 1499 2502 ὃιαϐλέ-ᾇης
1577 2439 1706 2506 πρός
1779 2441 1835 2489 τὸ

233 2521 366 2589 μέγα
393 2516 615 2588 πέλαγος
653 2525 752 2568 τῶν
815 2517 1093 2588 οἰκτιρμῶν
1144 2523 1234 2568 τοῦ
1282 2521 1348 2570 τα
1396 2525 1530 2573 κατα
1589 2527 1645 2575 σὲ
1699 2525 1837 2577 οἱκο-

234 2615 510 2677 νομούντος
597 2625 961 2677 συμφερόντως
1040 2613 1277 2679 Σωτῆρος
1371 2617 1625 2682 Χριστοῦ,
1745 2611 1840 2668 διὰ

236 2703 389 2747 τοῦτο
419 2699 510 2746 καὶ
569 2699 688 2756 τούς
749 2700 1010 2767 παρόντας
1080 2703 1332 2768 ποιοῦμαι
1401 2697 1582 2769 λόγους
1628 2721 1714 2754 και
1775 2704 1842 2765 εἰς

238 2785 520 2856 ἐνθύμησιν
584 2785 697 2854 άγω
745 2788 834 2836 και
891 2789 1098 2856 μνημην
1156 2788 1221 2837 τὰ
1307 2787 1630 2860 προλαϐόντα
1712 2793 1839 2868 ὑπὲρ

242 2876 412 2927 πάντα
435 2881 552 2925 νούν
574 2876 719 2945 ἡμῶν
746 2877 874 2948 πρός
896 2875 1191 2947 εὐεργεσίαν
1221 2882 1551 2948 γεγενημένα,

314 2961 618 3036 Προσϐἡναι
659 2959 718 3014 δέ
756 2982 846 3014 και
883 2971 990 3024 τοῖς
1022 2962 1196 3034 ἐφεξῆς
1227 2962 1485 3038 βούλομαι
1514 2972 1604 3040 μεν
1647 2991 1660 3004 ·

243 3052 484 3126 ράττεται
547 3047 605 3103 δέ
643 3041 754 3123 ¹μου
802 3071 892 3103 και
970 3053 1222 3105 κλονεῖται
1275 3073 1366 3106 και

1706 2990 1842 3025 σπα-

1471 3062 1845 3132 σνντράττεται

245 3142 276 3197 ἡ
318 3137 536 3213 καρδία,
561 3159 650 3191 και
677 3139 736 3192 ού
763 3137 990 3212 δύναμαι
1055 3146 1298 3213 κατέχειν
1356 3144 1532 3216 αὐτὴν,
1580 3147 1631 3209 ἐς
1684 3149 1846 3222 βάθος

245 3229 411 3290 αὐτῆς
439 3231 847 3300 καθικνουμένης
911 3250 1000 3282 και
1061 3234 1237 3302 συχνὰ
1301 3237 1583 3298 κεντούσης
1648 3247 1742 3301 τῆς
1793 3241 1846 3293 ἐκ
1884 3255 1922 3310 C

245 3326 338 3369 τοῦ
368 3319 565 3378 πάθους
597 3315 765 3378 δεινῆς
795 3319 1069 3391 ρομραίας.
1107 3324 1205 3372 Καί
1236 3321 1329 3373 οὐκ
1407 3320 1529 3376 οἶδα
1592 3331 1644 3378 τί
1716 3333 1846 3402 πρά-

246 3406 336 3475 ξω,
393 3415 485 3459 τού
510 3410 600 3478 μὲν
629 3412 963 3479 προκειμένου
1038 3417 1236 3461 σκοποῦ
1276 3414 1401 3483 πρὸς
1447 3413 1630 3484 λόγους
1683 3418 1850 3470 ﬁxo-J-

243 3515 328 3557 τος
349 3495 723 3567 παρακλήσεως
789 3517 878 3548 και
926 3501 1284 3570 παραμυθίας,
1336 3509 1429 3562 τῆς
1482 3499 1540 3556 δὲ
1605 3525 1661 3575 γε
1717 3527 1848 3580 συμ.

243 3591 403 3658 φορᾶς
461 3585 648 3636 ἐκεῖθεν
704 3585 1055 3646 καθελκούσης
1098 3606 1187 3638 και
1236 3592 1362 3662 πρὸς

240 3675 470 3746 οἰμωγὰς
511 3671 741 3743 ἀγούσης
779 3694 869 3726 και
896 3672 1136 3749 δακρύων
1175 3680 1369 3747 πηγάς,

312 3761 380 3814 Ὣ.
421 3762 558 3816 Σοῖον
588 3766 687 3837 γὰρ
722 3769 912 3826 σκότος
950 3769 1135 3840 πικρόν
1185 3771 1316 3827 -τούς
1386 3766 1536 3840 ἐμούς
1602 3770 1853 3846 ἐκάλυψεν

1459 3593 1676 3664 θρήνους
1760 3617 1849 3649 και

252 3851 572 3924 ὀφθαλμούς,
617 3849 916 3924 δριμύσσον
954 3858 1022 3916 ὡς
1074 3853 1128 3906 ἐκ
1187 3865 1385 3908 καπνοῦ
1444 3863 1857 3936 τηγανιζομὲνης

248 3939 496 4016 καρδίας,
548 3961 638 3994 και
696 3943 843 4005 ὅλους
905 3941 1276 4017 ὲκὸιοιζόμενον
1325 3956 1546 4001 κενῶσαι
1593 3971 1682 4004 και
1731 3955 1858 4028 ῥυῆ-

250 4051 337 4084 ναι
375 4040 598 4090 ποιῆσαι
635 4031 758 4084 Σοῖα
795 4033 1020 4104 ὑπέμενα
1049 4053 1138 4086 και
1170 4031 1297 4086 ἰδεῖν
1346 4056 1432 4088 και
1484 4037 1730 4110 ἀκοῦσαι,

1836 4064 1861 4097 ο

253 4121 407 4180 τάλας
458 4119 556 4191 ἐγὼ
603 4119 614 4173 !
677 4122 789 4183 οῑας
837 4120 1080 4194 ἀγγελίας
1140 4127 1259 4197 περί
1306 4133 1420 4192 σου,
1498 4129 1741 4205 θύγατερ,
1813 4135 1867 4198 ἐν

262 4209 523 4271 ἕστὼσαις
554 4205 807 4272 δέξασθαι
837 4215 987 4283 φρεσί
1029 4211 1042 4267 l

336 4301 592 4351 Δέσποινα
639 4319 761 4371 μου,
816 4302 875 4352 τὸ
939 4309 1038 4372 φῶς
1093 4309 1194 4353 τῶν
1249 4300 1379 4375 ἐμῶν
1471 4305 1736 4380 ὀμμάτων,
1834 4313 1863 4370 ἡ

261 4387 563 4459 γλυκυτάτη
598 4388 738 4459 ἅψις,
769 4394 828 4442 τό
855 4389 1244 4463 ἐρασμιώτατον
1266 4393 1470 4463 κάλλος,
1529 4399 1556 4454 ὴ
1619 4403 1747 4471 μόνη
1819 4399 1867 4452 ἐν

263 4482 396 4529 πᾶσι
456 4484 562 4536 τοῖς
621 4481 743 4552 πρίν
789 4477 1152 4551 ἐπερχομένοις
1220 4483 1549 4554 σκυθρωποῖς
1631 4492 1868 4560 παρήγο-

263 4585 348 4639 ρος
375 4563 487 4637 ἐμοί
526 4585 614 4616 και
644 4565 964 4638 παραψυχὴ,
1004 4576 1108 4628 πῶς
1143 4569 1218 4620 ἔτι
1283 4589 1372 4621 και
1430 4571 1462 4630 ζ

263 4675 355 4707 και
385 4654 479 4706 οὐκ
519 4654 669 4715 εὐθὺς
706 4660 880 4729 νεκρὸς
930 4655 1116 4726 ἐφάνην
1185 4661 1317 4730 μετὰ
1368 4664 1461 4718 τὴν
1528 4668 1624 4720 σην
1670 4669 1866 4722 ταύτην

271 4746 624 4817 θανατηφόρον
679 4743 791 4816 ἐμοί
841 4747 1160 4820 συμφόράν;
1243 4751 1318 4800 οἷν
1403 4753 1712 4825 προέπεμῲά

268 4853 359 4886 και
398 4835 509 4885 οῖαν
537 4830 860 4907 ὑποδέξομαι
901 4833 912 4888 Σ

1810 4774 1866 4807 σε

941 4837 1077 4909 εἰπερ
1118 4838 1222 4909 άρα
1241 4857 1330 4889 και
1371 4834 1670 4914 δυνήσομαι
1703 4849 1870 4918 μέχρι

271 4926 458 4976 τούτου
493 4931 817 4997 καρτερῆσαι
868 4944 956 4975 και
1006 4926 1121 4997 ζῇν.
1171 4932 1412 4994 Κρεῐττον
1467 4926 1529 4988 ἦν
1587 4930 1701 5004 ἐμοί
1756 4935 1870 4988 σϐε-

277 5015 468 5070 σθῆναι
505 5015 592 5064 τόν
615 5013 726 5065 ὅλον
791 5013 934 5072 ἡλιον
967 5015 995 5073 ἡ
1052 5019 1146 5074 τὴν
1205 5023 1379 5070 πᾶσαν
1447 5021 1632 5092 ὅρασιν
1677 5022 1874 5079 ἀποϐα-

273 5102 478 5170 λέσθαι,
521 5100 624 5160 ἧέν
654 5105 868 5175 τοιούτῳ
930 5101 1166 5158 κατιδεῖν
1238 5126 1296 5159 σε
1354 5108 1675 5180 ζορωθεῖσαν
1737 5120 1878 5187 σχή-

277 5211 426 5266 ματι,
459 5190 634 5244 ὁποῖον
694 5189 761 5251 δή
834 5211 891 5246 σε
951 5214 1040 5246 και
1105 5192 1314 5249 ἐνέδυσε
1365 5218 1454 5250 και
1506 5201 1770 5274 περιέϐαλε
1818 5209 1877 5259 τὸ

277 5282 406 5338 πολὺ
429 5301 518 5334 και
548 5286 684 5354 μέγα
702 5282 897 5344 πλῆθος
918 5293 1016 5335 τῶν
1061 5284 1191 5358 ἐμῶν
1234 5290 1517 5361 αμαρτιῶν,

353 5369 485 5423 Ἀλλ’
519 5372 697 5444 ἱναμή
739 5369 787 5422 ἐν
821 5380 930 5435 τοῖς
993 5377 1244 5438 τοιούτοις
1289 5381 1553 5449 μηκύνων,
1616 5380 1730 5435 ἀντί
1779 5404 1880 5439 πα-

280 5460 623 5534 ρακόλούντος
673 5481 760 5513 και
816 5463 1082 5534 κουφίζειν
1136 5471 1454 5539 πειρωμένου
1539 5479 1637 5523 τῶν
1715 5473 1882 5546 ἀλγει-

281 5557 399 5617 νῶν,
431 5553 657 5623 γένωμαί
700 5567 784 5603 σοι
843 5548 1195 5628 σφοδροτέραν
1251 5557 1442 5628 μᾶλλον
1501 5557 1738 5616 ἀνάπτων
1790 5569 1884 5624 τὴν

285 5640 451 5713 φλόγα
487 5661 577 5693 και
614 5645 731 5702 τοὺς
779 5640 1040 5719 ἄνθρακας
1097 5644 1312 5700 ἐκκαίων
1371 5657 1462 5702 τοῦ
1521 5654 1719 5716 πάθους
1794 5674 1885 5709 και

284 5740 374 5792 τῆς
414 5737 700 5809 συμφορᾶς,
722 5740 893 5787 ταῦτα
956 5737 1044 5807 μὲν
1100 5735 1148 5788 ἐν
1205 5745 1278 5810 τῷ
1327 5748 1413 5792 νῦν
1476 5744 1583 5796 ὄντι
1644 5750 1884 5817 σιγήσειν

1283 429 1511 491 SERMO
1532 420 2107 487 CONSOLATORIUS
2123 427 2220 482 AD
2238 429 2490 489 FlLlAM.

3441 429 3570 483 1442

1918 554 2121 607 nostra
2146 555 2411 622 consilia,
2435 559 2492 611 et
2520 550 2782 609 custodit
2810 555 2865 607 te
2891 553 2948 606 et
2999 554 3192 606 servat
3242 554 3297 606 et
3338 549 3567 614 liberat,

1922 643 1978 693 et
2007 655 2042 694 a
2081 642 2240 697 malo
2267 644 2366 699 illo
2387 649 2442 698 te
2467 641 2657 714 eripit.
2693 643 2808 696 Nos
2838 653 3002 705 vero,
3042 643 3104 693 ut
3132 637 3272 705 dixi,
3295 637 3572 693 benevoli

1921 727 2024 783 Dei
2065 731 2502 799 providentiam
2532 731 2788 800 ejusque
2838 727 3169 799 sapientem
3212 725 3291 781 ad
3349 724 3576 797 aliquid

1923 817 2134 872 melius
2157 818 2260 874 tibi
2290 823 2630 876 tendentem
2649 817 3015 873 voluntatem
3045 812 3577 885 ignorantes.dole-

1923 905 2164 975 bamus,
2197 911 2615 977 gemebamus,
2666 907 2850 962 vitam
2909 904 3350 976 rejiciebamus,
3402 901 3578 974 quasi

1926 1011 2218 1066 magnum
2242 997 2466 1069 aliquid
2500 996 2730 1052 bonum
2772 995 3212 1062 amisissemus,
3235 992 3380 1049 dum
3404 993 3580 1064 plane

1928 1086 2295 1142 contrarium
2330 1086 2590 1143 eveniret
2619 1084 2794 1142 nobis
2823 1084 3248 1141 nescientibus.

2002 1353 2218 1410 Ethmc
2242 1354 2400 1417 dico,
2455 1357 2515 1411 et
2571 1353 2628 1409 in
2677 1353 3033 1410 memoriam
3061 1348 3304 1419 reduco,
3360 1353 3426 1409 ut
3474 1357 3588 1408 tua:

1931 1444 2148 1498 animae
2201 1442 2687 1514 tranquillitatem
2730 1443 3002 1509 reddam,
3058 1457 3314 1514 eamque
3361 1458 3432 1498 ex
3480 1443 3588 1498 hac

1933 1546 2157 1599 magna
2189 1536 2539 1602 tempestate
2568 1547 2636 1586 ac
2663 1547 2885 1601 magno
2907 1530 3257 1586 irruentium
3303 1537 3588 1602 perpetuo

1933 1619 2223 1675 ﬂuctuum
2260 1619 2516 1674 tumultu
2546 1620 2816 1692 eripiam,
2849 1625 2906 1676 et
2933 1636 3004 1675 ex
3031 1620 3251 1676 amaris
3276 1620 3436 1675 hisee
3463 1635 3592 1675 sen-

1936 1708 2101 1763 sibus
2128 1708 2233 1780 qui
2264 1724 2398 1762 eam
2429 1715 2718 1780 tanquam
2759 1709 2818 1764 in
2874 1708 3237 1780 profundum
3286 1724 3472 1776 mare,
3530 1708 3591 1763 in

1937 1796 2158 1852 doloris
2187 1811 2407 1868 nempe
2456 1797 2750 1868 abyssum
2786 1797 3163 1866 demergunt,
3204 1797 3266 1852 in
3313 1812 3497 1868 quam
3539 1801 3596 1853 et

1939 1901 2047 1941 nos
2079 1885 2329 1940 deduxit
2358 1886 2712 1941 calamitatis
2740 1885 2919 1956 hujus
2950 1886 3338 1942 intolerandae
3369 1887 3592 1942 nimius

1940 1990 2245 2030 excessus.
2277 1976 2477 2030 Timeo
2500 1975 2659 2030 enim
2682 1991 2755 2030 ne
2779 1980 3009 2031 tantum
3025 1991 3346 2046 corporum
3371 1981 3598 2032 nostro-

1941 2081 2072 2120 rum
2101 2069 2376 2131 mortem,
2403 2063 2508 2118 sed
2531 2069 2586 2118 et
2607 2064 2876 2136 ipsarum
2900 2065 3240 2120 animarum
3272 2066 3596 2137 perniciem

1942 2154 2440 2208 incurramus.Ut
2472 2152 2653 2220 igitur
2677 2153 2834 2208 hanc
2889 2168 3174 2223 magnam
3234 2153 3476 2220 nubem,
3543 2159 3600 2210 et

1944 2242 2280 2314 profundas
2313 2243 2424 2297 has
2449 2242 2744 2309 tenebras,
2777 2246 2832 2298 et
2861 2248 3098 2298 noctem
3125 2244 3282 2300 hanc
3305 2259 3375 2298 ex
3396 2243 3602 2300 dolore

1945 2332 2119 2387 nobis
2169 2332 2552 2404 superfusam
2615 2349 2685 2388 ex
2732 2336 2834 2388 tuo
2884 2333 3062 2389 corde
3119 2333 3372 2406 dissipes
3419 2339 3476 2389 et
3523 2333 3604 2389 ad

1946 2421 2095 2477 illud
2151 2422 2577 2478 misericordiae
2622 2422 2940 2478 Salvatoris
2997 2424 3204 2480 Christi
3267 2440 3452 2494 mare,
3501 2423 3604 2496 qui

1948 2514 2153 2569 omnia
2174 2513 2351 2568 nobis
2383 2513 2702 2568 utilissima
2729 2514 3028 2584 provides,
3063 2515 3343 2588 aspicias,
3373 2515 3519 2586 ideo
3550 2520 3607 2571 et

1947 2607 2304 2675 praesentem
2338 2618 2670 2658 sermonem
2722 2603 2982 2675 profero,
3039 2611 3094 2660 et
3130 2606 3192 2661 in
3250 2605 3606 2661 memoriam

1951 2691 2488 2764 cogitationemque
2536 2707 2609 2748 ea
2645 2708 2784 2764 quae
2843 2699 3296 2765 praecesserunt,
3361 2695 3608 2764 reduco,

1953 2796 2088 2853 quae
2111 2781 2263 2837 ultra
2279 2795 2447 2852 spem
2470 2781 2547 2837 ab
2571 2787 2841 2838 nostram
2871 2783 3183 2840 utilitatem
3233 2784 3391 2840 facta
3438 2787 3602 2840 sunt.

2013 2957 2306 3015 Accedere
2334 2965 2533 3015 autem
2556 2959 2635 3016 ad
2669 2975 2740 3016 ea
2761 2976 2897 3032 quae
2921 2965 3121 3018 secuta
3153 2961 3476 3027 sunl,volo;
3508 2961 3614 3018 sed

1957 3047 2244 3103 scinditur
2297 3054 2354 3104 et
2384 3049 2660 3118 agitatur,
2694 3054 2747 3105 et
2770 3051 3160 3107 conturbatur
3185 3068 3307 3119 cor,
3335 3067 3444 3107 nec
3469 3052 3616 3108 illud

1957 3135 2257 3192 continere
2281 3137 2466 3203 valeo,
2491 3138 2711 3193 cumin
2751 3140 2879 3208 ejus
2919 3139 3288 3212 profundum
3332 3142 3508 3197 intret
3561 3145 3619 3196 et

1957 3228 2240 3281 continuo
2320 3226 2468 3281 illud
2538 3226 2849 3297 transﬁgat
2912 3229 3079 3284 dirus
3149 3228 3373 3285 doloris
3436 3230 3619 3301 hujus

1959 3313 2218 3382 gladius.
2249 3317 2366 3370 Nec
2398 3315 2520 3371 scio
2542 3316 2688 3388 quid
2714 3316 2978 3372 facturus
3006 3319 3138 3382 sim,
3184 3318 3332 3374 dum
3370 3335 3444 3374 ex
3501 3335 3622 3376 una

1958 3409 2127 3475 parte
2179 3403 2260 3458 ad
2330 3405 2622 3460 intentum
2671 3405 3023 3461 hei-talionis
3078 3406 3622 3481 eonsolationisque

1968 3493 2349 3564 propositum
2380 3494 2666 3560 attrahor,
2711 3500 2768 3550 et
2804 3510 2877 3550 ex
2907 3495 3092 3551 altera
3130 3495 3440 3552 calamitas
3480 3497 3623 3553 inde

1961 3597 2058 3636 me
2087 3582 2334 3637 retrahit
2361 3587 2418 3638 et
2447 3583 2523 3638 ad
2553 3583 2834 3652 gemitus,
2857 3583 3217 3652 etlamenta,
3243 3590 3299 3641 et
3324 3584 3621 3658 lacryma-

1960 3685 2098 3725 rum
2125 3669 2320 3726 fontes
2353 3670 2616 3727 abducit.

2037 3762 2080 3816 Ο
2116 3761 2414 3833 lquantze,
2457 3777 2640 3833 quam
2692 3778 2918 3819 amarae
2950 3763 3208 3820 tenebrae
3231 3780 3399 3821 meos
3421 3765 3626 3822 oculos

1966 3848 2348 3906 velaverunt!
2401 3857 2566 3920 ortae,
2602 3856 2668 3907 ut
2720 3852 2800 3908 ita
2847 3853 3066 3920 dicam,
3132 3869 3204 3908 ex
3256 3854 3384 3910 frixi
3432 3854 3630 3910 cordis

1970 3937 2157 4005 fumo,
2191 3945 2247 3996 et
2266 3955 2368 3995 eos
2391 3956 2603 3996 manes
2626 3957 2697 3997 ac
2720 3947 2990 3998 mortuos
3014 3942 3336 3999 efﬁcientes
3362 3943 3373 3998 l
3401 3949 3632 4016 quanta

1974 4027 2229 4084 sustinui
2255 4032 2312 4085 et
2338 4029 2596 4086 videndo
2634 4034 2691 4086 et
2743 4030 3068 4100 audiendo,
3118 4047 3154 4088 o
3213 4048 3325 4103 ego
3371 4032 3573 4088 infelix
3616 4033 3630 4088 Ξ

1977 4117 2120 4182 Quae
2157 4117 2232 4173 de
2265 4123 2317 4174 te
2376 4120 2606 4184 nuntia,
2657 4135 2694 4176 ο
2746 4119 2890 4190 ﬁlia,
2939 4121 3187 4177 ﬁrmiter
3245 4125 3303 4178 et
3355 4127 3635 4179 constan-

1978 4210 2063 4262 ter
2095 4207 2352 4262 sustinui
2387 4207 2399 4262 l

2034 4299 2287 4354 Domina
2314 4315 2752 4366 mea,meorum
2783 4300 3098 4358 oculorum
3127 4301 3638 4372 lumen,dulcissi-

1978 4401 2146 4442 mum
2170 4388 2602 4460 spectaculum,
2629 4389 3064 4448 amabilissima
3085 4391 3638 4464 pulchritudo.quie

1979 4477 2107 4532 sola
2124 4478 2184 4533 in
2207 4479 2662 4550 superveniente
2687 4480 2916 4536 tristitia
2930 4497 3025 4536 me
3044 4481 3338 4536 solabaris
3352 4487 3408 4538 et
3425 4483 3640 4538 excita-

1430 4571 1504 4630 ζῶ
1557 4593 1646 4626 και
1710 4581 1862 4647 πνέω,
1898 4606 1941 4661 D
1975 4565 2109 4635 bas,
2148 4568 2460 4638 quomodo
2489 4567 2691 4624 adhuc
2722 4569 2857 4624 vivo
2888 4579 2947 4625 et.
2975 4570 3160 4643 spiro,
3205 4585 3401 4642 neque
3441 4571 3642 4627 statim

1977 4661 2251 4711 mortuus
2285 4674 2418 4713 sum
2459 4663 2594 4730 post
2653 4658 3022 4716 mortiferam
3083 4659 3241 4716 hanc
3297 4661 3443 4716 mihi
3486 4661 3644 4717 cala--

1977 4746 2247 4802 mitatem
2278 4747 2305 4802 ?
2337 4747 2586 4812 Qualem
2611 4753 2668 4804 te
2708 4748 2929 4814 dimisi,
2965 4754 3019 4804 et
3051 4749 3296 4820 qualem
3327 4733 3640 4822 recipiam!

1978 4837 2026 4890 si
2052 4839 2252 4891 tamen
2279 4853 2470 4909 usque
2502 4837 2581 4893 ad
2605 4837 2668 4892 id
2692 4839 2975 4910 temporis
3013 4840 3306 4896 sustinere
3337 4856 3409 4896 ac
3445 4842 3646 4898 vivere

1979 4925 2228 4996 possim.
2260 4927 2458 4982 Potius
2491 4927 2640 4983 mihi
2673 4932 2800 4983 erat
2821 4928 3120 4998 exstingui
3146 4934 3339 4985 totum
3371 4930 3558 4986 solem
3591 4933 3650 4988 et

1983 5029 2226 5070 omnem
2251 5015 2449 5071 visum
2473 5017 2757 5086 abjicere,
2781 5033 2970 5089 quam
2988 5018 3045 5072 in
3072 5019 3176 5075 tali
3191 5024 3244 5075 te
3258 5019 3466 5077 habitu
3483 5021 3649 5076 obte-

1984 5102 2299 5161 nebratam
2327 5105 2548 5176 videre,
2578 5106 2742 5178 quali
2792 5106 3004 5163 induta
3053 5124 3118 5163 es
3173 5113 3231 5165 et
3278 5108 3652 5166 circumdata

1986 5199 2232 5266 propter
2261 5211 2535 5251 meorum
2561 5201 2947 5267 peccatorum
2985 5195 3456 5256 multitudinem.

2059 5373 2274 5443 Sed,ne
2314 5375 2492 5432 tantis
2530 5374 2996 5443 immorans,tibi
3029 5375 3446 5436 ardentionem
3476 5380 3650 5438 ﬂam-

1991 5478 2159 5519 mam
2175 5464 2524 5533 accendam,
2538 5465 2954 5539 carbonesque
2967 5465 3190 5524 doloris
3207 5473 3264 5525 et
3291 5467 3651 5528 calamitatis

1994 5553 2265 5626 excitem,
2300 5555 2529 5612 nedum
2575 5560 2630 5612 te
2685 5555 2968 5614 adhorter
3020 5561 3077 5615 et
3128 5559 3426 5617 consolari
3475 5561 3653 5629 nitar,

1994 5641 2124 5700 haec
2151 5643 2694 5718 impraesentiarum
2717 5645 2886 5703 silere
2912 5646 3102 5719 decet,
3135 5653 3190 5710 et
3218 5650 3352 5710 aliis
3378 5651 3658 5726 relinquo

1997 5730 2280 5792 funebres
2309 5737 2573 5810 hymnos
2602 5741 2660 5797 et
2691 5737 3016 5798 orationes.

290 5841 382 5897 μοι
410 5818 572 5894 δοκῶ,
606 5823 674 5888 εἰς
702 5822 907 5901 ἑτέρους
937 5821 996 5883 δὲ
1025 5829 1362 5905 παραπεμψω
1391 5829 1579 5906 λόγους
1605 5831 1876 5911 μονῳδιῶν
1897 5857 1988 5895 και
2016 5828 2214 5901 θρήνων
2244 5825 2548 5904 577W“?in-
