4434 6452
760 472 897 525 1443
1967 448 2352 508 NICEPHORI
2377 447 2638 504 CHUMNI
3986 437 4124 491 H44-

828 595 914 647 Tu
973 595 1197 655 autem,
1272 581 1622 655 imperatrix
1672 593 1827 643 mea,
1893 574 2246 630 dulcissima
2305 571 2407 625 lux
2441 577 2486 625 A

2370 588 2407 625 Χ
2441 577 2486 625 Α
2598 572 2665 621 Σὺ
2729 566 2809 636 δὲ,
2856 567 3153 641 βασίλισσά
3204 587 3325 638 μου,
3369 564 3691 635 γλυκύτατον
3757 560 3878 631 ἐμόν
3923 567 4049 629 φῶς,
4090 559 4121 615 ἡ

759 696 916 746 mea,
935 694 1072 750 qua:
1096 689 1409 744 nunquam
1437 672 1562 725 sine
1578 665 2020 731 magmdoloris
2033 662 2250 718 atfectu
2302 676 2414 715 nos

2377 677 2414 713 ιε
2522 653 2787 727 μηδέποτε
2848 656 3057 716 ἀπαθῶς
3108 655 3443 725 ἀνασχομένη
3508 670 3596 702 και
3661 646 3885 720 μεγάλης
3955 666 4128 717 χωρίς

2539 745 2584 750 ξ,
3100 749 3104 750 γ
3611 749 3614 750 ν
3707 736 3757 750 ..ι
3789 746 3801 750 _
3925 741 3945 750 _
4038 734 4094 750 λ,

759 770 948 824 tristes
971 782 1041 821 ac
1071 763 1365 819 demissos
1395 758 1592 813 videre
1638 762 1739 811 aut
1785 754 2085 823 lacrymas
2153 766 2223 803 ex
2277 763 2414 802 ocu-

2375 763 2414 800 ι-
2526 745 2715 807 ὀδύνης
2777 753 3030 817 στυγνοὺς
3086 749 3220 817 ἡμᾶς
3271 764 3360 795 και
3405 749 3651 811 κατηφείς
3703 736 3850 805 ἰδεῖν,
3920 741 3949 793 ἧ
4025 734 4126 787 δά-

757 857 827 912 lis
858 855 1074 910 nostris
1106 852 1358 907 ﬂuentes
1404 848 1670 917 aspicere
1702 842 2051 909 sustinuisti,
2087 839 2220 893 vide
2254 852 2414 891 nunc

2373 852 2414 889 lC
2523 856 2677 907 κρυον
2750 846 2847 886 τῶν
2914 837 3168 906 ἡμετέρων
3245 833 3460 884 ἐκπεσόν
3513 828 3806 899 ὀφθαλμῶν,
3870 822 3951 876 ἴδε
4034 831 4124 872 νῦν

760 951 990 1018 quanta
1031 942 1332 1014 patiamur
1382 956 1395 1004 ;
1437 935 1573 990 vide
1606 932 1801 987 cordis
1832 931 2017 985 nostri
2042 925 2413 983 insolabilem

2376 941 2413 978 n
2524 924 2679 975 ὁποῖα
2713 926 3012 994 πάσχομεν,
3045 943 3134 973 και
3164 926 3256 979 τὴν
3314 920 3726 990 ἀπαραμύθητον
3791 911 3981 969 ὀδύνην
4043 908 4127 963 ἱδε

760 1034 1049 1090 dolorem.
1075 1038 1129 1085 et
1145 1031 1271 1099 jam
1292 1026 1466 1081 nobis
1490 1026 1567 1077 sis
1588 1023 1717 1093 ipsa
1737 1018 2097 1075 consolatrix
2114 1012 2411 1074 miranda,

2371 1028 2411 1074 1,
2523 1022 2616 1072 τῆς
2646 1010 2866 1085 καρδίας
2900 1015 3065 1083 ἡμῶν,
3118 1031 3206 1061 και
3262 1017 3412 1079 γενοῦ
3463 1006 3557 1057 κὰν
3610 1009 3773 1074 τούτῳ
3842 1005 4122 1073 θαυμαστὴ

760 1118 1282 1193 quemadmodum
1315 1122 1371 1169 et
1400 1113 1515 1167 alia
1545 1111 1751 1166 omnia
1798 1124 1929 1179 quae
1978 1107 2133 1160 circa
2178 1110 2229 1158 te
2279 1108 2416 1155 sunt

2375 1108 2416 1154 ιι
2522 1121 2598 1159 τις
2659 1106 2979 1173 ﬁci-907090;,
3041 1102 3106 1158 ως
3161 1118 3250 1149 και
3300 1096 3461 1148 τοίλλα
3513 1096 3684 1145 πάντα
3739 1095 3920 1149 πάντες
4001 1090 4126 1139 θαυ-

761 1225 971 1264 omnes
1003 1206 1271 1261 miratur.
1330 1200 1481 1256 Nihil
1529 1199 1686 1254 enim
1738 1213 1809 1251 ex
1860 1195 1989 1250 aliis
2043 1192 2412 1257 hominibus,

2380 1210 2412 1257 ;,
2524 1193 2757 1262 μάςουσι
2796 1193 2862 1241 τα
2897 1192 3029 1239 κατὰ
3073 1192 3129 1239 σέ
3163 1209 3174 1219 ·
3207 1186 3313 1237 ἐπεί
3345 1181 3474 1256 μηδ’
3503 1186 3641 1234 ἔστιν
3672 1179 3845 1247 ἀλλος,
3885 1181 3955 1238 ὼς
4006 1178 4131 1232 ἔπος

762 1305 826 1352 ut
855 1298 939 1351 ita
962 1296 1179 1349 dicam.
1206 1307 1318 1346 nos
1348 1295 1540 1360 potest
1571 1285 1864 1341 consolari
1890 1288 1947 1336 et
1986 1281 2267 1343 mulcere,
2304 1280 2414 1332 nisi

2379 1280 2414 1331 si
2525 1279 2700 1341 εἰπεῖν,
2751 1276 2798 1328 ἐν
2859 1276 3144 1348 ἀνθρώποις
3208 1280 3394 1347 τρόπος
3454 1278 3589 1343 ημᾶς
3655 1266 3938 1339 δυνάμενος
4032 1284 4130 1315 πα-

763 1392 824 1442 tu
846 1386 993 1456 ipsis
1032 1381 1316 1453 operibus
1353 1378 1651 1447 rebusque
1696 1372 1977 1427 ostendas
2028 1376 2080 1424 te
2129 1383 2413 1437 generose

2385 1383 2413 1421 e
2523 1367 2940 1437 ραμυθὴσασθαι
2996 1385 3086 1414 και
3140 1361 3524 1432 παρακαλέσαι,
3579 1359 3624 1410 εἰ
3668 1362 3739 1427 μὴ
3790 1359 3855 1407 σὺ
3939 1351 4136 1414 δείξεις

762 1490 896 1529 eam
930 1472 1078 1526 ferre
1110 1486 1179 1523 ac
1211 1468 1500 1522 sustinere
1530 1463 1930 1518 calamitatem
1988 1474 2123 1530 quae
2172 1462 2415 1528 propter

2388 1471 2415 1508 ι’
2524 1456 2701 1513 αὐτοῖς
2730 1458 2897 1527 ἑργοις
2938 1473 3027 1504 και
3074 1456 3371 1524 πράγμασι,
3432 1469 3521 1499 και
3578 1450 3649 1518 μή
3695 1448 3901 1520 ῥήμασι
3955 1448 4139 1513 μόνοις

763 1568 819 1619 te
847 1561 1023 1617 nobis
1056 1565 1143 1613 est
1167 1554 1576 1612 intolerabilis.

2522 1563 2611 1593 και
2673 1543 2868 1613 λόγοις,
2923 1545 3003 1593 ὅτι
3061 1546 3303 1611 γενναίως
3350 1557 3439 1589 και
3494 1543 3757 1608 καρτερείς
3794 1553 3885 1583 και
3955 1533 4144 1600 όποφέ-

2522 1652 2631 1705 ρεις
2690 1634 2852 1688 αὐτὴν
2912 1628 2979 1687 δὴ
3040 1632 3256 1693 ταύτην,
3304 1632 3397 1684 τὴν
3462 1624 3555 1678 διὰ
3633 1627 3711 1690 σὲ,
3777 1622 4144 1673 ἀνυπόστατον

2524 1723 2667 1791 ἡμῖν,
2705 1720 2993 1791 συμφοράν.

838 1829 1059 1895 Magna
1084 1824 1244 1880 enim
1275 1821 1374 1877 illa
1403 1825 1494 1875 est
1523 1824 1579 1873 et
1610 1817 1762 1872 ultra
1803 1813 2084 1886 quamvis
2112 1811 2415 1881 cogitatio-

2395 1842 2415 1850 -
2599 1808 2766 1866 [Ιολλῆ
2802 1812 2891 1879 μὲν
2924 1808 3055 1863 αὕτη
3097 1827 3187 1858 και
3240 1804 3438 1878 μεγάλη
3501 1822 3593 1853 και
3648 1799 3937 1871 ὑπερϐολῆς
4003 1796 4142 1847 ἁπά-

770 1933 909 1973 nem
936 1916 1059 1983 ;sed
1082 1920 1135 1968 et
1159 1910 1349 1967 multa
1372 1915 1489 1963 tuae
1512 1907 1727 1962 animae
1749 1904 1841 1958 vis
1863 1903 2205 1958 christiana.
2229 1900 2418 1955 multa
2454 1915 2495 1966 Β

2387 1914 2418 1953 3.
2454 1915 2495 1966 Β
2530 1918 2626 1957 σης
2660 1900 2893 1948 ἐπέκεινα
2920 1917 2932 1929 ο
2974 1895 3101 1947 ἀλλά
3131 1916 3221 1946 και
3276 1894 3437 1953 πολὺς
3499 1894 3525 1942 ὁ
3578 1898 3673 1950 τῆς
3724 1897 3822 1947 σῆς
3875 1904 4138 1960 χριστια-

770 1972 827 2061 et
856 2006 1044 2077 pietas
1076 2008 1177 2056 tua
1207 2014 1402 2071 neque
1432 1996 1553 2051 ulla
1582 1995 1809 2049 ratione
1858 1993 2073 2049 minor.
2131 1989 2315 2044 multa
2364 1993 2421 2043 et

2389 1993 2421 2043 τι
2529 1990 2709 2057 νισμός
2764 1986 2967 2055 ψυχῆς,
3037 1985 3195 2040 πολλὴ
3256 2003 3344 2035 και
3406 1983 3437 2039 ἡ
3498 1978 3735 2032 εὐλάϐεια
3808 1997 3897 2027 και
3956 1972 4140 2046 μηδε-

770 2062 995 2163 magna
1025 2100 1127 2145 tua
1176 2091 1235 2144 in
1277 2062 1464 2142 ljeum
1518 2084 1759 2138 ﬁducia.
1820 2083 2051 2146 Quanta
2090 2086 2147 2134 et
2207 2078 2419 2149 qualis,

2387 2095 2419 2142 ;,
2531 2080 2655 2145 μίαν
2702 2073 2988 2146 ὑπερϐολὴν
3071 2071 3446 2135 ἀπολείπουσα,
3504 2067 3664 2124 πολλὴ
3760 2084 3850 2116 και
3934 2062 4138 2134 μεγάλη

769 2200 955 2255 quam
976 2181 1153 2235 ﬁrma
1179 2183 1235 2233 et
1259 2193 1468 2232 secura
1495 2181 1597 2230 tua
1618 2174 1677 2227 in
1705 2170 2147 2226 sanctissimam
2167 2168 2296 2238 ejus
2315 2170 2422 2222 Ma-

2391 2188 2422 2221 ι·
2534 2184 2622 2214 και
2652 2164 2680 2218 ἡ
2724 2166 2852 2236 πρὸς
2898 2166 3026 2214 Θεὸν
3083 2162 3416 2219 πεποίθησις.
3479 2156 3617 2213 ’Ὁση
3680 2152 3739 2207 δε
3782 2174 3871 2204 και
3920 2152 4008 2203 οἱα
4056 2152 4142 2218 (1)

765 2278 914 2327 trem
940 2286 1077 2341 spes
1103 2268 1114 2321 !
1145 2271 1336 2333 Potes,
1375 2265 1423 2318 si
1444 2263 1612 2328 velis,
1640 2260 1858 2315 multas
1877 2259 2024 2313 alias
2046 2270 2424 2326 magnasque

2394 2270 2424 2308 e
2538 2250 2727 2324 βεϐαία
2756 2271 2846 2301 και
2916 2249 3150 2321 ἀσφαλὴς
3199 2269 3288 2300 και
3332 2250 3361 2305 η
3422 2250 3557 2319 πρὸς
3613 2250 3701 2301 τὴν
3748 2245 4144 2312 πανυπέραγνον

764 2360 1025 2426 cogitare
1056 2361 1113 2411 et
1136 2359 1411 2427 reputare
1441 2367 1660 2407 causas
1713 2346 2072 2404 Benefactori
2125 2352 2182 2399 et
2229 2344 2425 2398 Salva-

2396 2372 2425 2396 ,-
2536 2341 2695 2391 αυτου
2717 2344 2918 2413 μητέρα
2975 2338 3119 2399 ἐλπίς
3153 2339 3163 2391 l
3196 2344 3398 2407 Ἔχεις,
3445 2335 3488 2387 εἰ
3542 2332 3741 2406 βούλει,
3795 2350 3885 2381 και
3948 2328 4147 2387 πολλὰς

766 2416 873 2504 tori
918 2447 1149 2501 Christo
1202 2416 1427 2513 gratias
1487 2439 1705 2511 agendi
1768 2452 2026 2508 eumque
2085 2432 2421 2488 conﬁtendi.

2396 2432 2421 2485 i.
2537 2429 2714 2502 ἐτέρας
2779 2448 2868 2479 και
2917 2428 3143 2499 μεγάλας
3197 2427 3267 2487 εἰς
3314 2432 3430 2476 νοῦν
3487 2421 3746 2495 βαλέσθαι
3809 2439 3900 2470 και
3952 2416 4147 2469 ἀναλο-

767 2537 1021 2593 simulet
1054 2534 1268 2589 solatia
1312 2537 1365 2585 et
1428 2527 1869 2601 perfectissima
1925 2524 2229 2591 refrigeria
2271 2522 2426 2576 acci-

2402 2552 2426 2561 -
2538 2519 2793 2589 φίσασθαι
2834 2519 2925 2578 τὰς
2980 2515 3217 2587 ἀφορμὰς
3281 2518 3403 2587 πρὸς
3445 2512 3795 2584 εὐχαριστίαν
3843 2527 3933 2558 και
3991 2504 4148 2556 ἀνθο-

765 2624 988 2697 piendi.
1024 2621 1269 2677 Multum
1296 2624 1464 2691 potes
1494 2622 1551 2671 et
1582 2616 1641 2670 in
1674 2616 1803 2685 ejus
1840 2610 2247 2666 misericordia
2286 2608 2430 2663 inef-

2398 2608 2430 2661 Γ-
2539 2606 2827 2678 μολόγησιν
2884 2606 3040 2657 αὐτου
3087 2613 3179 2656 τοῦ
3230 2603 3501 2677 εὐεργέτου
3556 2619 3647 2651 και
3702 2606 3934 2671 σωτῆρος
4010 2603 4149 2665 Χρι-

765 2682 928 2769 iabili
955 2716 1010 2766 et
1040 2682 1425 2764 inenarrabili
1457 2682 1778 2760 conﬁdere.
1828 2705 1970 2756 Ecce
2014 2699 2119 2754 tibi
2159 2698 2426 2770 optimus

2401 2714 2426 2749 s
2541 2704 2688 2759 στου,
2724 2695 2833 2767 ἅμα
2856 2692 2915 2747 δε
2958 2715 3047 2746 και
3111 2698 3241 2767 πρὸς
3292 2691 3629 2764 παραμυθίαν
3681 2691 3779 2744 σὴν
3826 2705 3916 2735 και
3958 2682 4152 2735 τελεω-

768 2818 837 2856 ac
870 2800 1173 2872 piissimus
1200 2796 1551 2866 imperator.
1577 2807 1712 2847 ecce
1747 2790 2010 2862 piissima
2052 2793 2108 2843 et
2146 2786 2431 2841 amantis-

2403 2816 2431 2833 ν·
2541 2789 2703 2841 τάτην
2768 2784 3123 2859 παράκλησιν,
3190 2782 3367 2853 Ἔχεις
3455 2800 3545 2831 και
3639 2775 3902 2850 θαρρῆσαι
3981 2772 4154 2823 πολλὰ

767 2891 922 2944 sima
955 2892 1206 2943 Domtna
1234 2890 1290 2938 et
1319 2881 1695 2954 imperatrix,
1719 2878 2117 2947 nostra,vices
2146 2875 2333 2948 patris
2361 2890 2430 2928 ac

2404 2890 2430 2928 c
2539 2895 2629 2926 και
2658 2873 2856 2945 μεγάλα
2919 2876 3003 2925 ἐπὶ
3059 2881 3132 2923 τῶ
3188 2872 3310 2923 ἐλέει
3383 2890 3473 2921 και
3536 2873 3643 2928 τοῖς
3710 2865 3998 2936 ἀφράστοις
4056 2881 4155 2912 και

766 2979 975 3035 matris
1000 2991 1145 3045 erga
1175 2981 1228 3029 te
1268 2948 1502 3044 geru—nt,
1558 2977 1615 3025 et
1671 2969 1775 3024 tibi
1830 2985 1890 3022 se
1945 2971 2249 3039 praestant,
2301 2969 2431 3017 tan-

2411 2994 2431 3002 -
2543 2958 2942 3032 ἀνεκδιηγητοις
2995 2962 3285 3033 οἱκτιρμοῖς
3336 2958 3519 3010 αὐτόῦ.
3574 2952 3718 3008 Ἰδού
3766 2972 3850 3031 σοι
3906 2971 3995 3002 και
4044 2948 4154 3021 βα-

768 3084 956 3140 quam
985 3066 1098 3137 ipsi
1122 3070 1178 3119 te
1216 3061 1589 3130 genuissent.
1625 3059 1709 3113 lta
1750 3073 1996 3112 omnem
2045 3055 2107 3109 in
2143 3060 2195 3109 te
2250 3068 2429 3107 suam

2403 3068 2429 3105 [1
2544 3049 2717 3112 σιλεὺς
2771 3053 2796 3101 ό
2855 3051 3341 3122 φιλανθρωπότατος
3393 3049 3597 3100 πάντων
3652 3063 3743 3095 και
3804 3041 4154 3114 φιλοχριστό-

770 3172 977 3212 curam
1002 3152 1380 3224 impendunt.

2541 3158 2712 3204 τατος,
2762 3136 2879 3191 ἰδοὺ
2911 3160 3002 3191 και
3038 3142 3067 3197 ἡ
3120 3143 3204 3191 τὸν
3258 3137 3372 3190 ἴσον
3424 3140 3613 3210 τρόπον
3692 3131 4150 3204 φιλοχριστοτάτη

770 3266 860 3298 και
901 3243 1314 3315 συμπαθεστάτη
1336 3235 1587 3290 δέσποινα
1605 3255 1695 3288 και
1719 3233 1933 3307 βασιλὶς
1963 3233 2128 3304 ὴμῶν,
2185 3229 2295 3281 ἀντι
2320 3231 2517 3301 πατρὸς
2538 3229 2604 3278 τὰ
2632 3231 2801 3279 πάντα
2833 3249 2922 3280 και
2946 3232 3166 3303 μητρός,
3194 3247 3284 3279 και
3302 3229 3533 3297 γίνονταί
3562 3241 3645 3274 σοι
3668 3240 3759 3272 και
3809 3221 3874 3278 ὡς
3912 3222 4155 3287 γνησίως

768 3346 1022 3400 τεκόντες.
1064 3340 1214 3389 Οὕτω
1242 3331 1275 3386 δ
1280 3339 1309 3392 ὴ
1339 3354 1429 3385 και
1458 3340 1625 3385 πᾱσον
1656 3328 1910 3403 φροντίδα
1948 3338 2046 3381 τῶν
2078 3330 2211 3379 κατὰ
2244 3330 2299 3378 σε
2320 3331 2609 3378 ποιοῦνται.

843 3432 964 3497 Ego
985 3398 1158 3489 vero,
1191 3431 1247 3479 et
1272 3440 1405 3496 quae
1434 3429 1487 3477 te
1520 3398 1725 3491 genuit
1774 3426 1983 3483 mater,
2012 3423 2068 3472 et
2094 3418 2300 3472 fratres
2329 3415 2433 3470 tui.
2480 3414 2519 3467 C

2407 3432 2433 3470 l.
2480 3414 2519 3467 C
2622 3420 2737 3483 Εγώ
2770 3411 2848 3477 δὲ,
2893 3435 2983 3466 και
3039 3417 3065 3472 ἡ
3117 3415 3419 3484 γεννήσασα
3483 3430 3541 3462 σε
3592 3414 3786 3481 μήτηρ,
3841 3424 3933 3455 και
3994 3398 4158 3453 ἁδελ-

771 3492 920 3575 illud
946 3523 1001 3571 et
1031 3492 1312 3568 volumus
1342 3519 1399 3567 et
1419 3526 1656 3582 semper
1686 3525 1830 3579 erga
1859 3515 1913 3562 te
1945 3509 2168 3562 erimus
2191 3503 2357 3577 quod
2381 3504 2439 3556 et

2416 3504 2439 3553 ὶ
2551 3510 2635 3575 φοί
2660 3506 2759 3571 (2),
2784 3509 2944 3556 ἐκεῖνο
2971 3524 3059 3555 και
3089 3502 3386 3575 βουλόμεθα
3431 3519 3522 3551 και
3579 3495 3673 3549 διὰ
3727 3496 3919 3554 παντὸς
3989 3492 4163 3563 ὑπάρ-

774 3610 907 3679 ipsa
929 3605 1091 3660 voles
1114 3609 1169 3657 et
1191 3602 1412 3673 cupies,
1442 3608 1545 3655 aut
1566 3598 1732 3670 quod
1768 3604 1846 3660 tu,
1873 3602 2165 3667 tanquam
2191 3595 2440 3649 domina

2413 3610 2440 3649 Ξ
2553 3602 2700 3673 ξομεν
2749 3606 2875 3675 πρὸς
2954 3605 3010 3654 σε
3055 3603 3176 3653 ὅσον
3234 3600 3293 3650 ἂν
3354 3603 3441 3650 καὶ
3499 3596 3625 3652 αὑτὴ
3692 3591 4004 3666 βουληθείης
4066 3593 4164 3638 καὶ

769 3695 1040 3767 jusseris,
1073 3699 1125 3747 et
1160 3697 1211 3746 te
1234 3690 1702 3745 circumdantes.
1728 3695 1789 3740 ut
1848 3686 2099 3757 quidam
2152 3684 2325 3748 servi,
2356 3685 2416 3737 in

2552 3689 2875 3760 ἀγαπήσαις,
2922 3693 2950 3747 ἡ
2984 3695 3095 3755 καὶ,
3139 3692 3203 3748 ως
3247 3693 3423 3761 κυρία,
3480 3683 3832 3759 προστάξαις,
3895 3683 3985 3729 καὶ
4069 3680 4168 3726 χὺ-

775 3785 1061 3841 omnibus
1110 3780 1212 3835 tibi
1290 3777 1645 3833 omnimodo
1699 3776 1916 3830 servire
1970 3774 2438 3851 festinabimus;

2425 3804 2438 3851 ;
2551 3780 2654 3849 κλῳ
2686 3786 2802 3850 περὶ
2864 3782 2919 3831 σε
2981 3784 3313 3852 στρεφόμενοι
3371 3780 3470 3844 αεὶ,
3520 3776 3588 3834 ὼς
3630 3768 3811 3824 δοῦλοι
3870 3764 3937 3824 δὴ
4008 3785 4167 3831 τινες,

776 3872 1043 3943 nihilque
1063 3885 1260 3924 eorum
1285 3868 1563 3939 quaeipsa
1588 3864 1864 3930 volueris,
1884 3880 2005 3918 non
2031 3862 2441 3927 fiet,dummo-

2419 3893 2441 3902 -
2551 3872 2721 3921 πάντα
2746 3874 2835 3920 καὶ
2903 3865 3275 3937 σπουδάσομὲν
3350 3864 3405 3916 ἐκ
3462 3866 3656 3922 παντὸς
3714 3862 3910 3932 τρόπου
3962 3856 4170 3927 προθύ-

776 3963 856 4018 do
881 3977 993 4017 nos
1018 3958 1249 4014 efﬁcere
1290 3954 1678 4027 potuerimus.
1710 3953 1977 4008 Concede
2006 3958 2233 4006 tantum
2266 3950 2441 4005 nobis

2417 3967 2441 4003 5
2552 3980 2663 4031 μως
2729 3961 3046 4031 θεραπεῦσαι
3111 3978 3122 3989 ·
3174 3961 3265 4007 καὶ
3320 3951 3469 4006 οὐδὲν
3522 3947 3771 4021 οὐδαμῶς
3827 3949 3975 3999 ἔσται
4058 3952 4168 3994 τῶν

778 4057 844 4106 ut
872 4048 1039 4104 omni
1070 4045 1302 4102 tristitia
1331 4060 1401 4098 ac
1445 4042 1808 4097 demissione
1849 4046 2152 4113 expertem
2211 4038 2440 4093 vultum

2419 4055 2440 4093 1
2554 4057 2656 4099 σῶν
2715 4047 3011 4120 θελημάτων
3069 4045 3358 4111 ἀτέλεστον,
3416 4043 3561 4115 ἡμῶν
3644 4038 3905 4109 ἐκπηροῡν
3998 4030 4170 4086 δυνα-

780 4146 947 4194 tuum
970 4139 1331 4202 intueamur,
1367 4139 1531 4187 tuam
1564 4130 2008 4185 festivissimam
2041 4130 2320 4196 formam,
2352 4144 2440 4183 se-

2420 4159 2440 4168 ·
2552 4142 2738 4208 μένων.
2775 4142 2940 4189 Μόνον
2970 4132 3127 4188 δίδου
3195 4137 3320 4206 ἡμῖν
3392 4132 3538 4190 ἐκτός
3610 4131 3791 4187 πάσης
3840 4125 4165 4196 σκυθρωπό-

777 4226 1124 4283 rcnissimos
1172 4229 1229 4277 et
1257 4220 1672 4275 ornatissimos
1702 4225 1838 4274 tuos
1873 4234 2089 4279 mores,
2141 4223 2275 4272 tuos
2315 4216 2441 4271 dul—

2413 4220 2441 4270 l'
2550 4246 2702 4286 τητος
2751 4232 2839 4277 καὶ
2895 4229 3178 4296 κατηφείας
3226 4226 3284 4274 τό
3330 4225 3419 4273 σὸν
3447 4219 3623 4293 ἐνορᾷν
3671 4222 3972 4289 πρόσωπον,
4061 4216 4164 4267 τήν

780 4316 1056 4374 cissim0s
1083 4320 1139 4368 et
1168 4328 1373 4366 amore
1398 4310 1495 4364 Dei
1528 4309 1738 4381 plenos
1768 4309 1975 4363 oculos
2004 4326 2015 4364 :
2049 4308 2142 4363 fac
2166 4314 2227 4362 ut
2246 4308 2440 4363 videa-

2413 4332 2440 4359 .'
2555 4318 2651 4371 σὴν
2714 4316 3038 4387 ὡραιοτάτην
3094 4316 3317 4386 μορφὴν,
3367 4313 3425 4361 τὸ
3473 4307 3821 4378 γαληνότατον
3890 4320 3982 4351 και
4068 4318 4164 4350 x0-

780 4423 917 4462 mus
980 4402 1349 4457 subridentia
1400 4405 1501 4453 tua
1555 4398 1717 4452 labia
1760 4416 1773 4464 ;
1840 4403 1894 4452 et
1946 4398 2110 4468 quod
2175 4404 2444 4470 superest

2415 4404 2444 4453 Lt
2555 4411 2845 4475 σμιωτατον
2888 4400 3029 4471 ἦθος,
3069 4404 3189 4460 τοὺς
3236 4398 3596 4469 γλυκυτάτους
3651 4399 3742 4444 καὶ
3800 4389 3956 4463 φόϐου
4022 4396 4166 4441 Θεοῦ

780 4499 1018 4563 tempus
1045 4505 1225 4545 omne
1256 4488 1433 4542 nobis
1465 4502 1587 4541 non
1616 4502 1893 4540 amarum
1935 4486 2060 4539 erit.
2102 4488 2218 4540 Hoc
2260 4487 2441 4542 modo

2419 4504 2441 4542 )
2550 4498 2804 4565 γέμοντας
2834 4491 3170 4564 ὀφθαλμούς·
3227 4486 3320 4549 δός
3371 4492 3461 4538 καὶ
3517 4479 3905 4555 ὑπομειδιῶντα
3958 4482 4027 4530 τα
4092 4480 4170 4529 σά

779 4582 957 4639 nobis
978 4594 1223 4635 omnem
1242 4582 1407 4632 tuam
1430 4591 1573 4644 erga
1588 4590 1699 4629 nos
1720 4573 2443 4644 caritatemjdilcctionem-

2421 4607 2443 4615 -
2552 4584 2705 4654 χείλη
2738 4580 3011 4634 κατιδεῖνο
3069 4584 3157 4631 καὶ
3220 4585 3311 4630 τοῦ
3362 4577 3546 4628 λοιποῦ
3602 4576 3627 4623 ό
3685 4577 3789 4632 πᾶς
3830 4571 3954 4641 ἡμῖν
4008 4571 4169 4619 ἔσται

780 4688 899 4745 que
930 4667 1181 4725 ostende
1210 4683 1224 4733 ;
1255 4668 1370 4722 hoc
1400 4665 1584 4720 modo
1616 4669 1895 4735 parentes
1928 4670 2063 4718 tuos
2092 4663 2269 4719 solari
2302 4666 2441 4721 velis

2417 4685 2441 4721 S
2551 4678 2745 4746 χρόνος
2786 4668 2937 4724 οὐδὲν
2982 4666 3254 4743 ὀδυνηρὸς.
3308 4668 3391 4719 Ἐν
3448 4667 3612 4734 τούτῳ
3677 4670 3749 4732 τῷ
3802 4664 3977 4731 τρόπῳ
4065 4662 4168 4712 τήν

779 4774 1034 4832 reapse;
1066 4759 1180 4812 hoc
1207 4754 1389 4810 modo
1419 4759 1635 4809 nostrae
1692 4755 1950 4824 propriae
2004 4753 2129 4807 vitae
2170 4755 2442 4810 auxiliari
2475 4779 2517 4830 υ

2419 4755 2442 4809 ’ί
2475 4779 2517 4830 υ
2554 4762 2676 4820 ὃλην
2711 4766 2830 4837 περὶ
2862 4763 3001 4833 ἡμᾶς
3035 4755 3202 4819 δεῖξον
3234 4755 3441 4827 ἀγάπην
3482 4758 3579 4809 σην
3614 4755 3703 4802 καὶ
3750 4752 3979 4819 στοργήν
4042 4767 4055 4778 ο
4118 4746 4170 4797 ἐν

782 4866 973 4907 cures.
1004 4848 1179 4902 Vides
1220 4845 1380 4900 enim
1412 4848 1478 4898 ut
1510 4859 1631 4914 prae
1664 4841 1871 4897 dolore
1902 4841 2265 4898 dissolvatur
2313 4844 2441 4914 jam

2421 4862 2441 4901 1
2554 4856 2721 4924 τούτῳ
2770 4854 2885 4910 τοὺς
2928 4869 2984 4901 σε
3035 4853 3278 4908 τεκόντας
3332 4840 3827 4919 παραμυθήσασθαι
3882 4856 3975 4887 και
4026 4834 4172 4907 βου-

785 4958 855 4998 ac
884 4938 1129 5003 deﬂuat,
1159 4940 1215 4991 et
1243 4935 1320 4991 ad
1354 4934 1655 4989 interitum
1688 4933 1989 4988 decurrat.

2555 4941 2741 4999 λὴθητι
2772 4961 2861 4992 και
2910 4937 3105 5011 πρᾶξον
3147 4957 3159 4968 ·
3221 4935 3269 4986 ἐν
3322 4935 3486 5003 τοὺτῳ
3538 4925 3837 4982 σπούδασοι
3893 4930 3985 4976 καὶ
4033 4923 4172 4996 βοη-

787 5034 949 5090 θῆσαι
978 5036 1039 5100 τῇ
1074 5028 1301 5099 ἡμετέρᾳ
1333 5024 1465 5095 ζωῇ,
1495 5024 1652 5095 Ὀρᾶς
1682 5024 1891 5096 καὶγὰρ
1925 5024 2064 5082 ὅπως
2093 5023 2192 5073 ὑπὸ
2220 5030 2311 5074 τοῦ
2336 5028 2531 5090 πάθους
2567 5030 2799 5083 ἐκλύεται
2869 5026 2977 5087 ἤδη
3027 5030 3113 5078 καὶ
3159 5022 3418 5098 υπορρίει,
3474 5026 3561 5073 καὶ
3616 5018 3981 5086 καθυπάγεται
4029 5018 4175 5085 πρὸς

786 5120 1005 5193 φθοράν,

860 5192 974 5263 Lex
1002 5211 1146 5262 este
1173 5203 1338 5259 caelis
1363 5219 1399 5258 a
1434 5205 1552 5257 Deo
1603 5202 1745 5257 data
1789 5217 1858 5257 ac
1912 5201 2090 5256 simul
2147 5202 2437 5272 humana,

2424 5247 2437 5272 ,
2627 5216 2797 5283 Νόμός
2837 5208 3025 5261 ἄνωθεν
3083 5209 3175 5257 καὶ
3225 5200 3499 5274 δεδομένος
3554 5200 3699 5271 παρὰ
3756 5192 3889 5249 Θεοῦ
3941 5199 4033 5245 καὶ
4082 5192 4175 5243 ἀν-

787 5296 964 5353 utﬁlii
983 5292 1667 5365 adimpleantquidquid
1682 5290 1975 5346 voluerint
1992 5297 2293 5363 parentes,
2325 5293 2444 5349 sive

2425 5308 2444 5349 Ξ
2558 5304 2833 5374 Ορωπινος,
2864 5300 3034 5351 πάντα
3063 5300 3153 5347 καὶ
3206 5294 3373 5366 μικρὰ
3427 5295 3516 5342 και
3559 5289 3745 5361 μείζω,
3799 5288 3902 5336 ὅσα
3945 5280 4016 5339 δὴ
4074 5290 4176 5335 καὶ

786 5401 1105 5457 magnum,
1139 5384 1265 5439 sive
1286 5398 1565 5455 parvum.
1599 5384 1664 5436 Et
1691 5381 1873 5452 hujus
1916 5380 2063 5450 legis
2104 5381 2446 5438 observatio

2427 5396 2446 5437 3
2557 5373 2835 5465 βούλονται
2864 5391 3100 5461 πατέρες,
3150 5382 3365 5457 ὀφείλειν
3411 5381 3489 5453 (3)
3545 5374 3741 5436 παῖδας
3780 5379 3897 5435 τοὺς
3960 5373 4015 5435 ἐξ
4076 5373 4178 5424 αὖ·

862 5583 943 5656 (1)
972 5581 1168 5639 Malim
1199 5578 1304 5650 οἶα,
1336 5576 1735 5635 adverbialier
1763 5594 1874 5650 pro
1902 5581 1972 5639 ὡς
2021 5576 2231 5651 βεϐαία,
2264 5594 2446 5650 quam
2596 5644 2609 5656 ‘

2427 5594 2446 5636 ι
2596 5573 2715 5656 “(3).
2757 5573 2932 5627 Deest
2985 5567 3191 5623 forsan
3240 5561 3497 5619 verbum
3558 5558 3825 5631 πράττειν,
3891 5558 4000 5609 aut
4052 5551 4178 5607 tale

785 5644 986 5726 ﬁrin'a.
1291 5644 1301 5650 ⁷
1502 5723 1511 5732 _
1763 5644 1783 5650 ’
2021 5644 2031 5651 ’
2273 5644 2287 5650 ’
2556 5644 2741 5702 aliud.

862 5728 939 5800 (2)
961 5729 1186 5783 Horum
1223 5739 1385 5780 unus
1429 5722 1820 5779 fuitJoannes
1861 5721 2192 5779 Chumnus.
