4434 6452
822 422 958 479 1647

822 632 951 689 lum
982 630 1396 699 contirmante,
1428 632 1778 702 permaneat
1832 628 2104 701 quandiu
2131 628 2191 683 in
2214 628 2327 685 hac
2357 628 2479 684 vita

822 720 1064 778 durabit
1092 719 1415 776 hominum
1458 733 1668 788 genus.

894 900 1021 954 Haec
1048 901 1249 953 autem
1274 895 1481 953 omnia
1522 897 1722 951 utrum
1751 892 1853 951 tibi
1884 893 2129 950 tristitiae
2156 908 2227 950 ac
2255 892 2478 950 doloris

824 1002 1041 1044 causas
1063 985 1341 1055 afferunt,
1364 1000 1443 1041 an
1463 984 1686 1041 multas
1706 989 1760 1040 et
1782 999 2039 1053 magnas
2058 982 2384 1053 gratiarum
2400 980 2479 1039 ad

825 1079 1014 1133 Deum
1034 1076 1299 1134 actiones
1319 1076 1569 1147 ejusque
1592 1072 2031 1131 confessionem
2055 1075 2077 1127 ’ἲ
2103 1074 2161 1128 ld
2185 1073 2478 1144 posterius

825 1166 1094 1224 omnino.
1121 1168 1349 1233 Nonne,
1377 1168 1443 1220 ut
1489 1163 1678 1229 decet,
1731 1162 2133 1235 rependemus
2180 1162 2314 1235 ipsi,
2356 1177 2481 1218 una

824 1256 1045 1326 gratias
1100 1259 1367 1325 agentes,
1409 1253 1522 1326 ipsi
1569 1254 1820 1325 inquam
1875 1255 1933 1307 et
1970 1252 2311 1323 purissimae
2350 1252 2478 1321 ejus

825 1344 1007 1411 Matri,
1024 1344 1198 1414 cujus
1215 1343 1570 1410 interventu,
1594 1357 1781 1413 supra
1794 1355 2039 1396 omnem
2061 1340 2474 1409 cogitationem

824 1439 1117 1499 nostram,
1147 1446 1331 1502 supra
1396 1444 1640 1486 omnem
1682 1446 1930 1485 sensum
1978 1435 2272 1493 nostrum,
2336 1428 2479 1484 talia

823 1521 1149 1594 providens
1184 1523 1337 1575 Deus
1391 1520 1687 1590 sapienter
1738 1518 1937 1587 dirigit
1976 1518 2054 1573 ad
2105 1534 2266 1585 eum,
2295 1532 2478 1589 quem

824 1612 933 1666 scit
962 1610 1109 1682 ipse,
1133 1610 1337 1673 tinem,
1393 1608 1584 1663 dolori
1642 1608 1805 1662 omni
1852 1612 1907 1661 et
1938 1607 2182 1662 tristitia:
2215 1606 2478 1678 superio-

819 1714 949 1755 rem
979 1698 1006 1753 ?
1035 1698 1329 1763 Quoniam
1361 1712 1481 1751 non
1505 1695 1855 1767 corporibus
1910 1694 2293 1751 solummodo
2315 1695 2478 1761 ;vivi-

821 1804 959 1843 mus
980 1787 1274 1851 homines,
1292 1787 1396 1841 sed
1419 1792 1473 1841 et
1494 1784 1933 1840 immortalibus
1957 1784 2192 1849 animis,
2210 1790 2266 1839 et
2289 1783 2478 1839 multo

2160 409 2539 471 NICEPHORI
2570 410 2833 471 CHUMNI

820 545 968 601 dem
997 541 1272 599 assecuta
1302 538 1377 597 sit
1406 536 1557 605 Quid
1598 536 1844 612 quidem
1882 538 2077 595 honor
2101 538 2226 606 tibi,
2260 541 2378 595 Deo
2404 537 2477 594 il-
2511 541 2555 593 A

1750 553 1844 595 em
1882 538 2077 595 honor
2101 538 2226 606 tibi,
2260 541 2378 595 Deo
2404 537 2477 594 il‘
2511 541 2555 593 Α
2585 553 2711 613 omn
2761 562 2860 607 τῶν
2908 551 3124 607 ἀπασῶν
3169 550 3498 624 ἀπηνέγκατο

4058 415 4080 467 1
4090 411 4201 467 448

3556 570 3569 586 ο
3616 552 3738 626 ὅπερ
3827 546 3893 609 δὴ
3961 570 4045 603 σοι
4102 559 4198 603 τοῦ

2588 650 2720 696 Θεοῦ
2796 663 2885 695 και
2936 643 3289 716 βεϐαιοῦντος,
3362 645 3673 716 παραμείνοι
3754 643 3919 713 μέχρι
3980 643 4194 703 παντὸς,

2586 736 2773 805 μέχρις
2808 731 2867 784 ἂν
2922 728 3162 792 δηλονότι
3209 752 3298 784 και
3355 736 3499 803 γένος
3554 728 3834 804 ἀνθρώπων
3885 733 4200 803 παραμείνασι

2589 817 2723 890 τῷδε
2749 830 2819 892 τῷ
2852 820 2975 893 βίῳ.

2656 916 2835 963 Ταῦτα
2902 908 2960 964 δὲ
3018 911 3188 963 πάντα
3219 914 3428 985 πότερον
3484 908 3654 971 λύπης
3718 909 3830 980 ἔχει
3894 925 3976 959 σοι
4006 905 4202 979 μᾶλλον

2587 1018 2677 1050 και
2721 995 2909 1060 ὀδύνης
2970 998 3228 1075 ἀφορμὰς,
3305 1001 3332 1057 ἡ
3387 998 3577 1056 πολλὴν
3654 1018 3742 1049 και
3800 996 4031 1069 μεγάλην
4104 998 4200 1052 τήν

2590 1085 2790 1159 ὀφειλὴν
2864 1088 3214 1162 εὐχαριστίας
3304 1088 3514 1148 ἀπάσης
3580 1106 3670 1139 και
3749 1085 4203 1157 ἀιϐομολογὴσεως

2589 1179 2712 1249 πρὸς
2740 1180 2867 1230 Θεὸν
2898 1193 2910 1243 ;
2944 1178 2973 1236 ἧ
3007 1185 3158 1231 τοῦτο
3190 1178 3408 1237 πάντως.
3458 1179 3560 1229 Καί
3615 1175 3707 1228 ούκ
3769 1174 3828 1227 ἀν
3884 1176 4004 1227 ὅσον
4063 1174 4201 1235 εἰκὸς

2590 1263 2931 1338 ἀποτίσαιμεν
2990 1266 3425 1341 εύχαριστούντες
3483 1264 3646 1334 αύτῷ,
3698 1262 3807 1337 οἶμα
3866 1260 3917 1316 δ’
3968 1262 4196 1336 εὐχαρι-

2592 1362 2833 1416 στοῦντες
2862 1375 2952 1408 και
2981 1362 3042 1428 τῇ
3096 1358 3474 1429 πανυπεράγνῳ
3502 1357 3683 1406 τούτου
3749 1356 3932 1426 μητρί,
3993 1352 4053 1411 ἧς
4084 1358 4202 1411 ταῖς

2589 1449 2877 1515 μεσιτείαις
2939 1445 3065 1517 ὑπὲρ
3126 1447 3296 1496 πάντα
3361 1450 3479 1495 νοῦν
3539 1444 3704 1515 ἡμῶν,
3762 1440 3887 1513 ὑπὲρ
3944 1442 4202 1497 αῖσϐησιν

2589 1538 2782 1603 πᾶσαν,
2831 1534 2896 1584 τὰ
2952 1541 3169 1584 τοιαῦτα
3217 1536 3347 1591 Θεὸς
3393 1530 3670 1602 οἰκονομῶν
3698 1531 3813 1600 ἄγει
3872 1537 4044 1600 σοφῶς
4074 1530 4203 1599 πρὸς

2591 1619 2616 1671 ὃ
2676 1640 2764 1671 και
2814 1620 3003 1692 μᾶλλον
3084 1621 3268 1679 ἐκεῖνος
3319 1617 3429 1672 οἶδε
3523 1619 3685 1687 τέλος,
3744 1615 3937 1678 ὀδύνης
3990 1616 4203 1676 ἀπάσης

2590 1728 2679 1761 και
2715 1708 2882 1771 λύπης
2913 1710 3158 1781 ἀνώτερον
3195 1727 3208 1776 ;
3242 1706 3457 1763 Ἐπειδὴ
3509 1710 3607 1780 γὰρ
3664 1707 3720 1759 ού
3786 1712 3998 1777 σώμασι
4042 1711 4204 1776 μόνον

2592 1799 2759 1869 ζῶμεν
2804 1801 3089 1872 ἄνθρωποι,
3141 1797 3267 1849 ἀλλά
3325 1818 3412 1849 και
3469 1796 3678 1868 ψυχαῖς
3744 1794 4042 1859 ἀθανάτοις,
4114 1812 4207 1845 και

822 1876 1018 1945 magis
1039 1875 1256 1931 animis
1287 1890 1474 1946 quam
1504 1873 1870 1945 corruptioni
1903 1872 2180 1928 obnoxiis
2219 1872 2471 1944 corpori-
2508 1888 2552 1944 Β

2453 1906 2471 1926 ι’
2508 1888 2552 1944 Β
2590 1888 2758 1958 πολλῷ
2808 1885 2865 1940 δὲ
2917 1889 3106 1959 μᾶλλον
3143 1888 3347 1959 ψυχαῖς
3378 1888 3407 1947 ἡ
3472 1894 3683 1959 σώμασι
3737 1887 4111 1957 φθειρομένοις,
4157 1881 4204 1933 οἱ

822 1965 961 2029 bus,
982 1965 1083 2036 qui
1118 1979 1262 2019 sane
1291 1968 1453 2019 recta
1480 1964 1579 2017 Dei
1602 1962 1939 2031 cognitione
1966 1962 2133 2032 digni
2160 1961 2349 2017 habiti
2381 1979 2478 2017 su-

824 2071 961 2111 mus
992 2058 1049 2109 et
1069 2069 1279 2109 secura
1316 2052 1377 2108 in
1419 2052 1648 2109 Christo
1685 2054 1823 2107 Jesu
1853 2050 1992 2118 ﬁde,
2032 2067 2362 2122 sumusque
2402 2051 2481 2107 ad

829 2160 1143 2217 nunquam
1170 2142 1412 2198 ﬁnitura
1426 2141 1588 2197 bona
1605 2141 1819 2207 vocati,
1842 2147 2118 2212 recteque
2141 2142 2201 2196 in
2225 2156 2482 2209 praesen-

830 2234 987 2290 tibus
1007 2233 1133 2287 istis
1162 2238 1215 2288 et
1246 2232 1417 2287 vanis
1446 2230 1743 2303 ﬂuxisque
1774 2246 1842 2285 ac
1860 2229 2484 2297 transeuntibus,nihil

831 2322 1000 2378 solidi
1039 2338 1111 2378 ac
1164 2321 1324 2376 ﬁrmi
1380 2320 1742 2376 habentibus
1796 2319 2144 2391 probamur.
2207 2319 2263 2375 Si
2306 2320 2485 2388 igitur

831 2411 1103 2481 generosi
1122 2410 1457 2477 videamur,
1474 2409 1743 2464 animose
1767 2408 2183 2481 probationem
2206 2408 2482 2475 ferentes,

833 2500 1011 2556 simul
1039 2504 1094 2555 et
1121 2499 1183 2554 in
1210 2498 1493 2554 omnibus
1523 2498 1746 2568 gratias
1774 2502 2018 2566 agentes
2048 2512 2183 2568 quae
2211 2501 2330 2553 Deo
2362 2496 2487 2569 pla-

832 2594 1082 2644 cuerunt
1111 2604 1182 2643 ac
1207 2586 1383 2643 nobis
1397 2591 1858 2641 eveneruntnon
1889 2585 2184 2657 simplicia
2213 2586 2312 2642 illa
2346 2592 2485 2642 tunc

832 2677 1327 2748 recipiemus,pro
1348 2674 1789 2731 calamitatibus
1812 2689 1967 2745 quas
1996 2691 2133 2729 cum
2155 2676 2485 2745 gratiarum

834 2765 1064 2822 actione
1095 2765 1569 2828 sustinuerimus,
1590 2763 1697 2819 sed
1729 2769 1785 2819 et
1807 2763 2486 2836 multiplicia,majorem

831 2856 1109 2911 ultimam
1151 2853 1633 2909 benedictionem
1689 2852 2024 2909 obtinentes
2079 2870 2263 2925 quam
2326 2854 2487 2926 prior

834 2949 979 3011 erat,
1022 2943 1545 3015 quemadmodum
1576 2946 1633 2996 et
1672 2956 1997 3011 generosus
2045 2942 2139 2997 ille
2199 2943 2304 3012 vir,
2340 2948 2397 2997 et
2424 2942 2486 2998 in

833 3032 1119 3090 omnibus
1150 3031 1555 3103 undequaque
1583 3031 1992 3086 accidentibus
2020 3030 2484 3103 calamitatibus,

834 3129 891 3180 et
919 3124 983 3178 in
1008 3122 1293 3178 omnibus
1333 3119 1640 3176 tentatoris
1703 3119 1963 3175 artiﬁciis
2012 3121 2484 3192 imperturbatus

834 3212 1060 3268 mansit
1087 3210 1221 3267 Job.
1280 3232 1307 3259 ››
1354 3213 1565 3264 Euntes
1608 3208 1797 3274 ibant,
1845 3209 2057 3279 inquit,
2126 3215 2182 3265 et
2237 3209 2483 3279 ﬂebant,

835 3303 1134 3358 mittentes
1186 3298 1418 3354 semina
1457 3314 1602 3365 sua;
1632 3319 1651 3345 ι
1688 3302 1779 3352 et:
1816 3319 1843 3346 »
1880 3300 1957 3353 De
1989 3304 2246 3365 mortuo,
2270 3300 2484 3371 inquit,

833 3391 990 3460 luge.
1023 3411 1050 3439 υ
1085 3391 1150 3443 Et
1202 3403 1448 3442 rursum
1483 3404 1495 3441 :
1532 3408 1558 3437 ››
1607 3390 1847 3458 Propter
1890 3393 2208 3459 mortuum,
2247 3389 2487 3444 effunde

832 3480 1157 3552 lacrymas,
1222 3481 1278 3532 et
1340 3475 1471 3530 dira
1523 3476 1777 3546 patiens,
1840 3477 2034 3549 incipe
2071 3476 2485 3533 lamentum.»

834 3574 1109 3625 Attamen
1124 3566 1255 3621 utin
1270 3563 1559 3637 patientia
1581 3569 1787 3619 nostra
1810 3566 2230 3636 possideamus
2254 3568 2488 3624 animas

834 3668 1073 3715 nostras
1109 3654 1328 3711 clamat.
1349 3653 1614 3709 Christus
1677 3653 1960 3725 Salvator,
1992 3658 2215 3712 clamat
2238 3663 2293 3712 et
2315 3664 2488 3714 testa-

835 3752 930 3803 tur
958 3764 969 3813 ;
993 3761 1179 3818 quam
1201 3744 1553 3816 patientiam
1576 3757 1687 3811 ego
1718 3743 1963 3798 mistum
1993 3743 2274 3817 lacrymis
2306 3753 2361 3802 et
2386 3748 2488 3803 ﬂc-

833 3836 994 3893 tibus
1022 3849 1227 3889 semen
1257 3849 1425 3898 voco,
1451 3838 1514 3887 ut
1534 3838 1589 3887 et
1618 3848 1827 3887 eorum
1854 3833 1955 3903 qui
1988 3840 2204 3890 terram
2226 3843 2483 3901 versant,

833 3924 1119 3999 patientia
1174 3922 1483 3979 laboribus
1526 3920 1727 3976 multis
1780 3924 2195 3996 sudorumque
2227 3925 2489 3981 fontibus

835 4016 1138 4072 mistaest.
1166 4012 1325 4067 Etibi
1356 4012 1560 4083 plures
1628 4011 1709 4066 illi
1772 4014 2084 4086 manipuli,
2145 4032 2298 4087 quos
2350 4033 2488 4073 cum

832 4104 1035 4161 laetitia
1061 4123 1081 4152 ι
1119 4108 1175 4157 et
1205 4100 1597 4157 exsultatione
1631 4106 1932 4171 portantes
1968 4105 2235 4170 veniunt,
2274 4127 2292 4153 ι
2328 4122 2489 4162 vana

834 4193 1081 4267 quidem
1153 4190 1402 4246 materia
1475 4190 1826 4246 conculcata
1872 4197 1928 4247 et
1990 4192 2228 4263 abjecta
2297 4214 2309 4262 ;
2372 4196 2489 4251 illic

830 4298 996 4350 vero,
1028 4281 1069 4336 ii
1104 4280 1368 4335 universi
1402 4278 1629 4334 fructus
1655 4296 1685 4334 e
1743 4280 2028 4350 patientia
2080 4284 2210 4351 orti,
2277 4284 2489 4340 sinceri

835 4373 994 4436 sunt,
1041 4367 1270 4423 horreis
1327 4367 1670 4423 cmlestibUS
1720 4369 1968 4437 collecti,
2023 4388 2337 4444 nunquam
2379 4374 2488 4429 im-

832 4459 1043 4531 pensi:
1078 4462 1135 4515 et
1163 4459 1254 4514 his
1281 4460 1342 4513 in
1374 4458 1542 4513 terris
1568 4462 1785 4515 multas
1836 4461 2005 4517 atl‘ert
2043 4469 2098 4518 et
2128 4481 2385 4534 magnas
2418 4482 2490 4520 ex

832 4550 953 4605 Deo
975 4548 1304 4617 mercedes,
1334 4548 1438 4619 qui
1470 4548 1540 4602 iis
1563 4549 1668 4620 qui
1725 4566 1933 4606 amara
1962 4553 2269 4624 patiuntur
2304 4576 2330 4604 ››
2365 4572 2489 4611 sac-

833 4653 937 4694 cos
973 4637 1262 4709 dirumpit
1295 4652 1520 4709 eosque
1559 4638 1760 4694 laetitia
1781 4641 2134 4707 circumdat,
2178 4651 2234 4699 et
2262 4644 2491 4701 luctum

834 4742 1046 4782 eorum
1092 4726 1155 4781 in
1212 4725 1505 4797 gaudium
1565 4732 1871 4784 convertit.
1941 4731 2251 4788 nCredens
2291 4740 2492 4790 autem

835 4816 1026 4872 David
1054 4837 1081 4865 ››
1111 4815 1174 4871 in
1214 4821 1370 4871 terra
1396 4831 1636 4887 semper
1666 4817 1992 4874 viventium
2017 4821 2217 4877 videre
2247 4822 2431 4890 bona,
2464 4844 2493 4873 ››

836 4904 980 4962 nihil
1008 4904 1173 4962 aliud
1195 4905 1395 4961 statim
1453 4910 1509 4961 et
1535 4905 1614 4962 ad
1665 4923 1729 4963 se
1761 4922 2085 4965 conversus
2133 4911 2294 4984 dicit,
2334 4912 2491 4969 nisi:

844 5017 864 5044 ι
897 4997 1181 5068 Exspecta
1231 4994 1880 5060 Dominun,etviriliter
1920 5014 2050 5069 age,
2103 5006 2157 5057 et
2202 5003 2497 5059 conforte-

838 5087 932 5140 tur
958 5099 1061 5140 cor
1090 5088 1261 5140 tuum
1296 5100 1309 5153 ;
1336 5105 1363 5133 ››
1396 5099 1467 5139 eo
1483 5084 1907 5156 quodbeatum
1923 5087 2070 5144 illud
2084 5092 2498 5162 spectaculum

839 5174 1079 5232 nonnisi
1110 5190 1183 5232 ex
1221 5174 1506 5247 patientia
1538 5174 1644 5231 tibi
1705 5184 1983 5236 occurrat
2016 5194 2086 5236 ac
2125 5179 2250 5239 ﬁat.

912 5390 995 5534 (ι)
1035 5391 1254 5473 Psalm.
1296 5406 1451 5458 cxxv,
1485 5394 1539 5448 6.

938 5468 970 5517 2
1018 5463 1245 5520 Strach.
1287 5480 1415 5525 χχιι,
1448 5465 1534 5520 ti.

938 5463 989 5525 2)
1018 5463 1245 5520 Sirach.
1287 5480 1415 5525 χχιι,
1448 5465 1534 5520 ti.

915 5540 989 5606 (3)
1018 5536 1242 5591 Sirach.
1277 5553 1511 5606 xxxvm,
1558 5540 1640 5604 16,
1683 5552 1822 5595 cum
1858 5540 2160 5599 varietate.

917 5608 992 5674 (4)
1016 5608 1283 5664 Christus
1339 5614 1504 5683 aqud
1564 5610 1931 5683 Lucamixm,
1970 5619 2031 5671 10
2056 5632 2069 5673 :
2097 5614 2143 5669 ἐν
2167 5624 2228 5683 τῇ
2264 5619 2494 5683 irrogavit

844 5673 988 5755 ὑμῷν
1027 5682 1299 5755 κτήσασθε
1323 5673 1417 5742 rei;-
1442 5680 1625 5755 ψυχὰς
1656 5673 1818 5755 ὑμωνῖ
1916 5673 1929 5683 ’
2202 5673 2222 5690 ’ἡ
2365 5673 2375 5691 ⁸
2469 5677 2479 5692 ’

916 5749 995 5825 (5)
1057 5751 1211 5814 Psal.
1248 5769 1399 5822 XXIX,
1454 5749 1594 5827 ill";
1677 5749 1932 5832 ἔστιτί-θοις
1986 5761 2074 5814 τὸν
2131 5764 2346 5817 κοπετὸν
2402 5783 2498 5839 μον

2594 5404 2677 5465 ἐἰς
2723 5406 2899 5481 χαρὰν
2957 5402 3071 5477 ἐμοί
3135 5420 3148 5435 ⁸

2591 1996 2650 2048 γε
2720 1979 3031 2048 θεογνωσίας
3085 1979 3266 2048 ύγιοῡς
3329 1976 3604 2048 ἠξιωμένοι
3658 1994 3746 2026 και
3796 1972 4062 2045 ἀσφαλοῦς
4106 1980 4206 2031 τῆς

2593 2064 2640 2117 ἐν
2690 2073 2906 2139 Χριστῷ
2983 2072 3144 2124 ἰησού
3220 2070 3463 2134 πίστεως,
3539 2068 3669 2138 πρὸς
3734 2062 3899 2115 ἐκεῖνα
3979 2080 4209 2134 μετακα-

2594 2154 2832 2227 λούμενοι
2882 2156 2947 2207 τά
2995 2152 3260 2228 μηδέποτε
3316 2154 3543 2224 λήγοντα
3601 2152 3794 2224 ἀγαθὰ,
3851 2150 4060 2211 εἰκότως
4117 2168 4207 2201 και

2596 2241 2991 2317 ὃοκιμαζόμεθα
3024 2243 3071 2295 ἐν
3123 2251 3234 2305 τοῖς
3284 2251 3509 2314 παροῦσι
3573 2244 3775 2303 τούτοις
3820 2260 3909 2292 και
3963 2243 4209 2311 ματαίοις

2595 2353 2684 2384 και
2743 2333 2924 2406 ῥέουσι
2976 2352 3064 2384 και
3134 2336 3569 2406 παρερχομένοις,
3624 2350 3713 2382 και
3772 2326 3937 2402 μηδὲν
3990 2327 4208 2400 βέϐαιον

2595 2418 2734 2493 μηδὲ
2777 2423 3032 2493 στάσιμον
3091 2422 3335 2492 ἔχουσιν.
3398 2419 3496 2474 ’Ἂν
3539 2426 3661 2491 γοῦν
3715 2438 3804 2470 και
3861 2424 4087 2489 γενναῖοι
4137 2413 4207 2473 δή

2596 2530 2723 2571 τινες
2805 2520 3037 2583 φανῶμεν
3118 2511 3364 2582 εὐψυχῶς
3412 2514 3640 2584 φέροντες
3701 2513 3794 2565 τὴν
3860 2504 4209 2579 δοκιμασίαν.

2596 2600 2705 2673 οἶμα
2735 2596 2793 2653 δὲ
2832 2620 2921 2652 και
2952 2599 3034 2652 ἐπὶ
3083 2606 3242 2652 πᾶσιν
3294 2599 3730 2673 εὐχαριστοῦντες
3784 2604 3894 2658 τοίς
3932 2604 4004 2666 τῷ
4052 2593 4213 2648 δοκι-

2598 2692 2817 2763 μάζοντι
2895 2698 3011 2760 Θεῷ
3072 2686 3409 2761 δεδογμένοις
3475 2708 3564 2739 και
3634 2690 3759 2760 ἡμῖν
3824 2685 4212 2758 ἐπενηγμένοις,

2597 2779 2703 2850 οὐχ
2757 2778 2895 2831 ἁπλᾶ
2981 2782 3132 2850 μόνον
3189 2776 3618 2849 ἀπολαμϐάνομεν
3677 2775 3962 2837 κάνταῦθα,
3999 2774 4113 2826 ἀνθ’
4144 2775 4213 2825 ὧν

2598 2868 2876 2939 πληγέντες
2959 2866 3293 2941 εὐχαρίστως
3396 2865 3833 2940 ἐκαρτερήσαμεν,
3922 2863 4051 2915 ἀλλὰ
4122 2883 4217 2915 και

2596 2956 2885 3023 πολλαπλᾶ,
2952 2957 3191 3028 μείζονος
3266 2963 3362 3017 τῆς
3436 2956 3664 3015 ὑστάτης
3734 2954 3966 3023 εὐλογίας
3999 2970 4217 3023 επιτυγ-

2596 3049 2840 3117 χάνοντες
2892 3046 3048 3106 ἣτῆς
3105 3051 3335 3120 πρώτης,
3386 3046 3453 3104 ὡς
3503 3063 3593 3095 και
3665 3044 3690 3094 ό
3742 3050 3971 3114 γενναῖος
4021 3040 4215 3102 ἐκεῖνος

2598 3155 2688 3187 και
2744 3133 2791 3186 ἐν
2845 3136 3044 3195 πάσαις
3118 3142 3233 3194 ταῖς
3317 3136 3715 3205 συμπεσούσαις
3792 3138 4107 3203 συμφοραῖς,
4164 3130 4214 3182 ἐν

2521 3246 2560 3303 C
2598 3231 2759 3285 πᾶσις
2790 3231 2900 3285 τοῖς
2955 3231 3046 3275 τοῦ
3090 3224 3425 3298 πειράζοντος
3480 3229 3866 3294 μηχανήμασιν
3925 3219 4215 3271 ἀκατάσει-

2602 3334 2723 3376 στος
2773 3317 2955 3385 ἔτυχεν
3012 3311 3149 3367 Ἰωϐ.
3198 3335 3225 3363 ‹‹
3286 3317 3625 3385 Πορευόμενοι
3692 3313 3769 3382 (1)
3822 3309 4148 3383 ἐπορεύοντο,
4190 3330 4217 3359 ››

2602 3408 2754 3476 φησί,
2798 3425 2826 3453 ‹‹
2870 3423 2959 3455 και
3016 3401 3240 3470 ἔκλαιον,
3329 3399 3604 3474 βάλλοντες
3676 3402 3741 3452 τὰ
3807 3404 4083 3475 σπέρματα
4124 3398 4217 3450 αύ-

2599 3500 2701 3546 τών
2735 3513 2747 3527 -
2775 3514 2803 3543 »
2835 3497 2946 3561 καὶ,
2983 3512 3013 3543 α
3056 3492 3173 3544 Ἐπὶ
3328 3499 3509 3563 νεκρῶ,
3554 3513 3581 3540 ››
3614 3496 3768 3563 φησι,
3811 3511 3838 3538 ‹‹
3870 3488 4101 3541 κλαῦσον
4130 3505 4144 3517 ·
4190 3510 4212 3537 ι

2600 3587 2690 3635 καὶ
2766 3580 2936 3646 αὖθις,
2999 3603 3027 3630 ‹‹
3095 3582 3210 3634 Ἐπὶ
3254 3589 3416 3653 νεκρῷ
3477 3582 3741 3651 κατάγαγε
3819 3576 4046 3651 δάκρυα,
4125 3581 4219 3629 καὶ

2604 3669 2749 3723 δεινά
2778 3673 3003 3742 πάσχων
3035 3669 3242 3742 ἕναρξαι
3303 3672 3492 3744 ὑρήνου
3551 3670 3665 3739 (3)·
3719 3690 3746 3717 ››
3804 3668 3862 3719 οὐ
3924 3671 4028 3739 μὴν
4085 3664 4221 3718 ἀλλά

2600 3764 2691 3812 καὶ
2767 3758 2815 3811 ἐν
2873 3768 2935 3832 τῇ
3016 3760 3245 3830 ὑπομονῇ
3312 3760 3457 3829 ἡμῶν
3534 3758 3830 3814 κτήσασθαι
3873 3759 3965 3817 τὰς
4022 3756 4215 3825 ψυχας

2602 3850 2747 3921 ἡμῶν
2786 3850 2865 3919 (4)
2917 3852 3141 3921 Χριστὸς
3191 3850 3215 3898 ό
3273 3852 3446 3920 Σωτὴρ
3487 3846 3650 3918 ἐμϐοᾷ
3714 3851 3802 3897 καὶ
3852 3842 4218 3918 διαμαρτύρε-

2600 3958 2705 4009 ται²
2750 3938 3074 4009 ἣὺπομονήν
3132 3934 3229 4007 ἐγὼ
3280 3942 3465 4008 μικτόν
3516 3955 3650 4008 φημι
3710 3939 3919 4007 σπέρμα
3976 3931 4218 4005 δάκρυσι

2600 4032 2691 4079 καὶ
2725 4025 3030 4098 κλαυθμοῖς,
3113 4028 3181 4086 ὡς
3237 4044 3327 4077 και
3392 4044 3458 4077 τα
3497 4033 3595 4076 τῶν
3650 4028 3767 4099 περὶ
3824 4026 3915 4081 τήν
3960 4030 4061 4094 γῆν
4114 4042 4220 4074 πο-

2600 4118 2820 4168 νούντων
2856 4116 3020 4188 μικρά
3083 4110 3340 4166 δάκνουσι
3391 4119 3567 4174 πόνοις
3608 4117 3697 4164 καὶ
3767 4109 4001 4180 ἱδρώτων
4048 4132 4219 4184 κρου-

2601 4214 2722 4266 νοῖς.
2750 4203 2910 4257 Κάκεῖ
2938 4208 3027 4276 μὲν
3055 4207 3112 4255 τό
3144 4203 3293 4256 πλέον
3360 4212 3459 4255 τῶν
3516 4199 3856 4277 δραγμάτων,
3917 4200 3950 4252 ἃ
3996 4198 4063 4259 δή
4125 4207 4219 4253 καὶ

2602 4298 2732 4367 μετά
2789 4301 2965 4368 χαρᾶς
3041 4296 3271 4363 αῖροντες
3341 4296 3588 4367 ἔρχονται
3666 4296 3755 4343 καὶ
3830 4290 4217 4362 ἀγαλλιάσεως,

2602 4383 2817 4457 ἀχρεῖον
2845 4389 2933 4435 καὶ
2979 4383 3071 4440 ύλη
3116 4385 3279 4456 πυρὸς
3330 4383 3697 4439 καταπατηθεν
3746 4386 3834 4432 καὶ
3885 4379 4173 4454 ἀπορριφέν
4204 4400 4218 4414 ·

2604 4472 2824 4525 ἐνταύθα
2858 4469 2915 4524 δὲ
2946 4476 3000 4523 τό
3033 4471 3086 4523 ἐκ
3118 4480 3207 4531 τῆς
3252 4472 3517 4543 ὑπομονῆς
3572 4470 3706 4536 ὅλον,
3758 4469 4023 4540 ἀκήρατος
4079 4489 4223 4542 καρ-

2604 4566 2716 4632 πός,
2789 4561 3078 4622 ἀποθήκαις
3140 4561 3401 4631 οὐρανίαις
3479 4561 3922 4633 Θησαυριζόμενον
3975 4564 4065 4610 καὶ
4117 4580 4223 4631 μη-

2607 4649 2787 4724 δαμῶς
2818 4649 3084 4724 μηδέποτε
3138 4647 3524 4721 δαπανώμενον,
3593 4648 3862 4701 κάνταῦθα
3898 4645 3955 4700 δὲ
4022 4648 4222 4709 πολλὰς

2604 4740 2658 4793 ἐκ
2700 4748 2835 4794 Θεοῦ
2896 4746 2985 4793 καὶ
3051 4739 3275 4812 μεγάλας
3329 4738 3655 4811 ἐφελκόμενον
3677 4742 3762 4798 τὰς
3816 4736 4060 4809 ἀμοιϐὰς,
4125 4746 4221 4789 τού

2604 4835 2695 4882 καὶ
2754 4826 3168 4904 ὃιαρρήσσοντος
3215 4832 3336 4889 τοὺς
3406 4830 3633 4889 σάκκους
3690 4835 3797 4888 τοῖς
3849 4828 4015 4898 πικρά
4072 4828 4224 4879 πάσ-

2609 4939 2795 4993 χουσι,
2878 4924 2966 4971 καὶ
3040 4919 3474 4994 περιζωννύοντος
3550 4916 3889 4990 εὐφροσύνην,
3958 4920 4049 4968 καὶ
4132 4920 4223 4968 τόν

2608 5013 2823 5062 κοπετὸν
2879 5012 3183 5083 στρέφοντος
3222 5008 3289 5068 εἰς
3337 5009 3512 5083 χαράν
3570 5010 3673 5078 (5).
3724 5007 3990 5059 Πιστεύων
4035 5002 4097 5058 δὲ
4130 5011 4223 5058 καὶ

2610 5094 2779 5153 Δαυὶδ
2822 5097 2870 5150 ἐν
2918 5106 2985 5171 γῇ
3031 5107 3130 5151 τῶν
3179 5094 3257 5150 ἀεὶ
3307 5098 3512 5158 ζώντων
3584 5092 3711 5149 ἰδεῖν
3768 5099 3835 5148 τὰ
3888 5094 4062 5167 ἀγαθά
4114 5096 4221 5168 (6),

2610 5186 2761 5242 ούδὶν
2800 5189 2968 5264 ἕτερον
3034 5188 3181 5249 εὐθὺς
3237 5192 3327 5241 καὶ
3378 5190 3507 5263 πρὸς
3565 5188 3622 5239 σε
3668 5189 3914 5261 στραφεὶς
3962 5184 4128 5257 λέγει,
4190 5186 4220 5245 ἦ

3218 5402 3500 5477 διέρρηξας
3556 5404 3643 5455 τόν
3694 5401 3885 5453 σάκκον
3941 5420 4064 5473 μου,
4135 5406 4228 5455 καὶ

2609 5476 2928 5552 περιέςωσάς
2967 5476 3028 5549 με
3062 5476 3407 5552 εὐφροσύνην.

2680 5542 3208 5621 (6)Ρεᾶ1ώ.χιῖι,
3254 5552 3336 5614 13,
3400 5546 3909 5621 iizmaﬂﬁw_ro§
3968 5542 4102 5597 ἰδεῖν
4165 5548 4234 5599 τε

2609 5616 2789 5693 ἀγαγά
2848 5625 3040 5697 κυρίου
3134 5616 3199 5672 ἐν
3236 5628 3301 5693 γῇ
3393 5621 3618 5681 ζωντων.
3667 5649 3737 5658 -
3779 5616 4081 5697 ’Υπόμξινον
4143 5624 4232 5671 τόν

2611 5688 2801 5769 Κύριον
2836 5714 2850 5727 ο
2883 5688 3158 5769 ἀνδρίζου,
3184 5688 3287 5745 καῖ’
3330 5692 3700 5767 κραταιούσθω
3750 5691 3780 5751 ἡ
3834 5688 4041 5764 καρδία
4108 5712 4233 5759 σου,

2608 5770 2697 5824 καὶ
2729 5768 3001 5844 ὑπόμεινον
3030 5770 3116 5821 τὸν
3149 5768 3360 5841 Κύριον.
