4434 6452
214 406 334 462 1449
1241 399 1467 458 8ΕῆΜο
1509 394 1965 456 CONSOLATOR

1807 394 2082 454 lTORIUS
2120 399 2213 454 AD
2253 399 2508 456 FlLlAM.
3423 401 3558 456 1450

214 532 280 581 ὅτι
304 530 571 597 ὑπόμεινον
603 526 687 578 τὸν
722 525 930 598 Κύριον,
959 529 1047 577 καὶ
1075 521 1349 599 ἀνδρίζου,
1381 523 1468 576 xui
1502 519 1772 594 ἀνδρίζου,
1805 525 1894 571 καὶ
1924 526 2288 593 κραταιούσθω
2320 526 2347 582 η
2381 518 2580 595 καρδία
2607 541 2724 590 σου,
2789 522 2858 582 ὡς
2907 527 3002 582 τῆς
3061 524 3324 596 μακαρίας
3371 521 3561 585 ἐκείνης

219 621 322 677 θέας
348 612 635 686 οὐδαμόθεν
664 614 898 686 ἑτέρωθεν
933 617 960 672 η
995 633 1046 665 εκ
1078 622 1166 674 τῆς
1189 616 1446 685 ὑπομονῆς
1476 617 1567 664 xui
1607 609 1922 669 ἀπαντώσης
1950 616 2038 662 καὶ
2060 618 2419 685 γεγενημένης.

283 703 575 764 ’Ἐκλαυσας
606 711 730 773 γοῦν
770 708 859 754 καὶ
917 706 982 754 σύ
1043 702 1242 774 μεγάλα
1287 708 1377 754 καὶ
1445 701 1665 773 περιττὰ
1720 700 1886 752 καὶΛ
1991 700 2034 754 Ε

1838 700 1886 752 Α
1991 699 2222 757 Flevisti
2251 701 2448 770 igitur,
2483 704 2541 756 et
2578 703 2640 756 tu
2679 698 2898 756 multas
2940 703 2996 756 et
3017 699 3232 756 nimias
3263 701 3564 774 lacrymas

221 796 472 865 ποταμούς
558 789 798 865 δακρύων
856 797 1184 863 κατήνεγκες,
1263 791 1477 850 πολλοὺς
1546 793 1635 861 μὲν
1722 790 1812 838 καὶ
1918 791 1972 843 et

1918 791 1976 843 et
2002 787 2412 861 lacrymarum
2453 789 2646 845 fontes
2674 788 2938 855 emisisti,
2995 789 3212 845 multas
3233 791 3479 862 quidem
3511 795 3568 846 et

228 886 452 954 πρὸτῆς
517 886 801 954 συμφορᾶς,
853 880 1066 941 πολλοὺς
1117 886 1204 933 καὶ
1253 879 1299 931 ἐν
1345 881 1483 950 αὐτῷ
1542 887 1614 950 τῷ
1660 878 1811 929 πάθει
1920 893 1979 932 at

1920 882 2054 932 ante
2085 877 2508 934 calamitatem.
2559 877 2777 933 multas
2801 893 2942 932 vero
2982 882 3037 933 et
3082 879 3141 933 in
3184 879 3316 950 ipso
3363 878 3569 936 dolore

225 977 304 1024 xui
349 978 410 1042 τῇ
475 975 739 1041 συμφορᾷ,
792 969 1004 1030 πολλούς
1047 974 1136 1021 καὶ
1190 973 1320 1042 μετα
1371 974 1464 1027 τὴν
1521 969 1808 1041 συμφορὰν,
1921 971 1976 1021 et

1921 971 1977 1021 et
2006 966 2364 1034 calamitate,
2392 967 2609 1022 multas
2635 972 2690 1022 et
2721 970 2860 1039 post
2911 966 3333 1032 calamitatem,
3385 974 3569 1024 totum

229 1061 340 1118 ὃλην
369 1063 462 1115 την
495 1055 719 1132 καρδίαν
760 1055 986 1111 ἐνδουσα
1032 1067 1092 1130 τῇ
1152 1059 1302 1130 φλογὶ
1341 1063 1531 1129 καὶτῲ
1582 1059 1814 1108 καύσωνι
1923 1059 1980 1110 tu

1923 1059 2092 1110 tuum
2123 1071 2226 1112 cor
2251 1056 2514 1112 ﬂammae
2542 1061 2598 1112 et
2650 1056 2772 1126 igni
2833 1059 2889 1112 et
2940 1058 3380 1129 consumptioni
3433 1057 3573 1113 inde

226 1154 307 1202 xui
335 1155 407 1219 τῲ
440 1146 492 1209 ἐξ
521 1146 681 1200 αὐτοῦ
723 1157 985 1221 μαρασμῷ
1022 1169 1032 1180 ·
1092 1144 1258 1210 δεῖξον
1323 1147 1499 1200 λοιπὸν
1555 1147 1668 1199 κατ’
1703 1149 1815 1196 ῖσον
1925 1159 1977 1199 Ol

1925 1149 2065 1200 ortae
2085 1143 2328 1200 tradens
2359 1163 2371 1212 ;
2397 1143 2642 1200 ostende
2668 1161 2826 1201 nunc
2859 1160 2981 1200 non
3021 1147 3314 1201 minorem
3343 1147 3573 1218 patien-

227 1243 397 1312 μέτρον
483 1241 571 1288 καὶ
647 1241 705 1289 τὸ
777 1246 866 1297 τῆς
930 1239 1209 1308 ὑπομονῆς,
1268 1241 1356 1288 καὶ
1410 1245 1626 1308 Χριστῴ
1667 1242 1816 1286 τούτο
1927 1233 1978 1288 ti;

1927 1233 2090 1299 tiam,
2133 1248 2390 1306 eamque
2419 1234 2646 1290 Christo
2662 1233 2896 1305 jubenti
2928 1250 2997 1290 ac
3028 1235 3295 1306 poscenti
3325 1236 3578 1291 immola

225 1331 607 1402 προστάσσοντι
661 1331 752 1378 καὶ
825 1327 1067 1387 ζητούντι
1138 1328 1293 1378 θϋσον
1345 1330 1434 1378 καὶ
1492 1330 1819 1399 καρποφόρη-
1928 1325 1976 1377 et

1928 1325 1986 1377 et
2011 1321 2182 1387 offer,
2207 1327 2266 1377 et
2306 1321 2419 1377 hac
2460 1322 2589 1391 lege
2628 1322 2869 1394 posside
2923 1323 3188 1379 animam
3247 1329 3412 1379 tuam
3447 1323 3578 1390 ;fac

229 1436 331 1484 σου,
372 1422 460 1469 καὶ
505 1424 565 1490 τῇ
628 1414 798 1487 ἐντολῇ
851 1418 1012 1487 ταύτῃ
1064 1422 1257 1472 κτῆσαι
1314 1420 1406 1473 τὴν
1466 1420 1562 1473 σὴν
1613 1413 1820 1484 ψυχὴν,
1930 1419 1980 1466 ω

1930 1416 2115 1466 utnos
2128 1427 2370 1484 quoque
2388 1411 2622 1467 animas
2636 1418 2870 1468 nostras
2887 1413 3315 1484 possideamus
3334 1430 3346 1477 ;
3364 1429 3500 1486 quae
3519 1414 3582 1468 in

226 1507 523 1562 κτήσασθαι
583 1500 641 1556 δὲ
692 1508 782 1554 καὶ
840 1504 980 1574 ἡμᾶς
1023 1505 1116 1564 τὰς
1173 1505 1316 1575 ἡμῶν
1370 1503 1585 1575 πρᾶξον,
1639 1498 1824 1553 κινδυ-
1933 1515 1977 1556 ει

1933 1515 2004 1556 eo
2033 1505 2172 1556 sunt
2201 1505 2266 1556 ut
2295 1516 2417 1571 pra:
2446 1501 2678 1556 tristitia
2698 1500 3057 1571 dejiciantur
3089 1518 3158 1558 ac
3189 1501 3492 1571 deficiant,
3512 1518 3583 1558 eo

228 1597 471 1654 νευούσας
520 1589 625 1651 ἤδη
718 1597 806 1644 καὶ
877 1594 1236 1649 καταποθῆναι
1323 1598 1411 1643 καὶ
1486 1590 1828 1643 ἐκλελοιπέναι
1935 1606 1975 1661 q

1935 1588 2100 1661 quod
2126 1604 2247 1645 non
2271 1589 2510 1645 aliunde
2532 1589 2901 1659 refrigerium
2933 1595 2988 1646 et
3037 1589 3305 1647 solamen
3355 1591 3588 1663 possint

232 1691 342 1744 ταῖς
376 1681 625 1753 ἀθυμίαις
661 1689 731 1751 τῷ
796 1677 1100 1752 μηδαμόθεν
1150 1680 1356 1732 ἄλλοθεν
1402 1678 1684 1750 ἀναψυχὴν
1741 1685 1830 1731 καὶ
1941 1694 1983 1734 ειη

1941 1678 2230 1750 accipere,
2261 1678 2372 1733 nisi
2406 1682 2487 1740 tu,
2530 1683 2632 1734 tua
2659 1678 2877 1735 eximia
2925 1679 3141 1751 pietate
3169 1684 3225 1736 et
3287 1680 3347 1735 in
3400 1679 3589 1736 Deum

237 1771 564 1844 παράκλησιν
607 1766 868 1822 δύνασθαι
927 1766 1201 1834 δέξασθαι,
1273 1769 1316 1821 εἰ
1371 1773 1439 1840 μη
1493 1773 1576 1834 σὺ,
1634 1768 1834 1826 ἐκνικη-
1943 1768 1988 1823 ίὶι

1943 1767 2184 1838 ﬁducia,
2216 1768 2512 1839 simulque
2536 1775 2636 1824 tuo
2685 1785 2978 1840 generoso
3032 1785 3101 1825 ac
3158 1771 3334 1824 ﬁrmo
3387 1770 3591 1825 animo

245 1879 382 1913 σασα
406 1867 522 1922 ταῖς
547 1869 641 1920 της
689 1858 953 1920 εὐλαϐείας
1019 1857 1321 1930 ὑπερϐολαῖς
1381 1863 1470 1910 καὶ
1519 1864 1646 1932 πρὸς
1707 1863 1835 1912 Θεόν
1945 1857 1996 1912 vi

1945 1857 2209 1921 vincens,
2243 1857 2490 1930 teipsam
2518 1858 2805 1928 majorem
2837 1874 2905 1914 ac
2929 1858 3230 1914 fortiorem
3249 1874 3472 1928 magno
3494 1858 3592 1914 illo

243 1951 632 2015 πεποιθήσεσιν,
689 1947 798 2020 ἅμα
861 1945 918 1999 δε
960 1953 1050 2000 καὶ
1103 1957 1172 2017 τῷ
1229 1953 1438 2019 γενναίῳ
1477 1953 1566 2000 καὶ
1607 1950 1840 2023 σταθερῷ
1949 1945 1994 2001 (Ιι

1949 1945 2152 2001 dolore
2168 1951 2432 2017 pl‘tESteS,
2447 1963 2517 2001 ac
2529 1945 2888 2012 calamitate,
2903 1964 3038 2019 quae
3058 1963 3168 2002 nos
3190 1952 3344 2003 totos
3378 1948 3598 2020 premit

244 2046 332 2091 τού
365 2044 710 2111 φρονήματος,
761 2042 977 2109 κρείττω
1047 2041 1267 2094 σεαυτὴν
1309 2034 1497 2100 δείξεις
1552 2044 1641 2090 καὶ
1689 2039 1841 2110 ύπερ-
1869 2051 1913 2103 Β
1953 2052 1995 2092 al

1869 2051 1913 2103 Β
1953 2052 2022 2092 ac
2048 2035 2264 2106 dejicit.
2286 2036 2475 2091 Ethoc
2491 2036 2695 2102 modo,
2718 2040 2798 2106 tu,
2819 2037 3026 2108 quaein
3042 2037 3324 2092 omnibus
3343 2037 3601 2092 admira—

246 2130 345 2179 άνω
433 2131 702 2199 γενομένην
778 2135 867 2178 του
946 2126 1172 2198 μεγάλου
1243 2124 1398 2179 τοῦδε
1472 2128 1671 2190 πάθους
1755 2132 1844 2179 καὶ
1955 2127 1992 2181 li

1955 2127 2174 2181 tionem
2192 2140 2411 2194 moves,
2425 2125 2505 2179 sis
2518 2125 2694 2180 nobis
2709 2125 3059 2181 admiranda
3073 2125 3455 2193 consolatrix,
3481 2141 3601 2180 non

245 2226 333 2278 τῆς
364 2216 512 2278 ὅλους
586 2217 720 2287 ἡμᾶς
798 2221 1190 2290 χειρωσαμένης
1267 2220 1351 2267 καὶ
1439 2219 1847 2287 κατενεγκούσης
1955 2233 1991 2270 V’

1955 2214 2154 2270 verbis
2172 2215 2352 2269 modo
2369 2230 2437 2269 ac
2452 2215 2834 2286 argumentis,
2851 2215 2954 2269 sed
2969 2214 3316 2286 etoperibus
3331 2213 3472 2287 ipsis
3486 2230 3609 2270 ma-

249 2312 531 2380 συμφορας.
568 2311 667 2357 Καὶ
708 2312 886 2356 τουτον
945 2302 1011 2362 δη
1065 2308 1150 2356 τόν
1205 2310 1413 2379 τρόπον,
1471 2309 1498 2363 η
1561 2309 1624 2357 τὰ
1680 2307 1850 2357 πάντα
1958 2321 1996 2360 n

1958 2305 2237 2360 nite-stum
2271 2303 2496 2358 faciens
2525 2310 2577 2360 te
2597 2321 2632 2359 a
2658 2308 2772 2360 l)eo
2786 2305 3108 2377 perfectam
3133 2305 3608 2361 consolationem

251 2397 521 2467 θαυμασία
562 2397 648 2463 σὺ,
704 2399 793 2445 καὶ
849 2394 1124 2465 θαυμαστὴ
1181 2399 1472 2468 παρηγορος
1524 2396 1647 2466 ημῖν
1697 2414 1850 2446 κατα·
1961 2411 2002 2451 ἃ

1961 2394 2288 2466 accepisse,
2303 2394 2459 2449 hanc
2473 2410 2762 2464 magnam
2776 2395 3124 2466 patientiam
3138 2400 3195 2451 et
3210 2395 3367 2450 hanc
3395 2395 3613 2450 miram

249 2487 549 2554 σταίης,μὴ
570 2482 775 2554 ῥήμασι
815 2488 986 2553 μόνοις
1043 2487 1132 2533 xui
1181 2481 1373 2553 λόγοις,
1449 2482 1575 2534 ἀλλα
1633 2488 1721 2535 καὶ
1776 2485 1854 2555 ἔρ·
1965 2502 1992 2539 S

1965 2482 2372 2539 sufferentiam
2398 2483 2685 2541 induisse.
2728 2487 2842 2540 Has
2877 2484 2956 2540 ad
2983 2489 3057 2552 te,
3086 2485 3434 2556 imperatrix
3452 2500 3611 2552 mea,

251 2592 362 2645 γοις
423 2571 602 2634 αύτοίς
669 2575 880 2645 φανερόν
942 2573 1148 2624 τιθεῖσα
1205 2574 1281 2623 ὃτι
1339 2577 1426 2624 καὶ
1469 2573 1854 2646 παρεκαλέσατο
1965 2590 2002 2646 p

1965 2572 2326 2646 preces,haac
2338 2577 2476 2628 vota
2491 2572 2671 2639 mitto;
2687 2573 2815 2629 haec
2829 2573 3031 2644 accipe
3044 2573 3399 2645 libensque
3418 2573 3617 2630 omnia

245 2667 334 2715 xui
385 2663 568 2724 τελέως
650 2661 1041 2735 παρεκαλέσατὸ
1127 2681 1186 2714 σε
1259 2666 1408 2730 Θεὸς,
1495 2671 1588 2724 τῆς
1629 2663 1857 2735 μεγάλης
1967 2680 1996 2719 v

1967 2663 2058 2719 vis
2081 2667 2136 2718 et
2175 2677 2462 2734 properas
2499 2662 2851 2734 parentibus
2883 2662 2995 2718 tuis
3027 2667 3196 2733 grata
3228 2663 3440 2718 facere.
3512 2665 3620 2717 Ne-

247 2756 436 2814 ταύτης
484 2755 750 2825 ὑπομονῆς
829 2752 1182 2824 ἀμειψάμενος
1243 2757 1334 2805 καὶ
1401 2761 1492 2814 τῆς
1555 2756 1861 2826 θαυμαστῆς
1968 2769 1998 2825 q

1968 2769 2086 2825 que
2107 2752 2404 2824 despicias
2427 2768 2586 2808 nunc
2618 2752 2817 2824 (quam
2845 2752 3123 2808 ardenter
3150 2752 3362 2819 vides),
3397 2751 3623 2824 suppli-

253 2847 548 2917 καρτερίας.
616 2844 821 2899 Ταύτην
907 2840 1006 2911 ἐγω
1059 2860 1162 2904 σοι,
1240 2840 1536 2913 βασίλισσα
1596 2862 1714 2914 μου,
1770 2847 1862 2900 την
1973 2860 2003 2899 c

1973 2847 2206 2899 cantem
2236 2847 2465 2914 patrem
2491 2848 2680 2910 tuum,
2713 2843 2816 2915 qui
2855 2858 2976 2898 non
2997 2842 3372 2899 aliterrivere
3406 2846 3619 2915 potest,

256 2928 462 2998 δέησιν,
533 2932 724 2988 ταύτην
803 2931 1056 3004 προσάγω
1124 2935 1218 2988 τὴν
1304 2934 1527 2997 ῖκεσίαν,
1579 2936 1669 2984 καὶ
1716 2927 1865 2994 δέξαι
1973 2949 2007 3005 q

1973 2948 2162 3005 quam
2194 2931 2242 2986 si
2271 2931 2347 2986 de
2379 2935 2435 2988 te
2458 2930 2704 2987 laetit'era
2725 2932 2934 2988 nuntia
2965 2932 3237 3004 accipiat,
3263 2948 3398 3004 quae
3421 2947 3625 2988 amare

258 3023 556 3088 πεισθεῖσα,
594 3021 623 3078 ἠ
658 3025 747 3072 καὶ
781 3022 843 3071 τὰ
872 3021 1040 3072 πάντα
1079 3024 1168 3072 καὶ
1228 3018 1516 3092 βουλομένη
1563 3026 1652 3073 xui
1702 3041 1865 3074 σπου·
1977 3026 2009 3077 ὶι

1977 3026 2166 3077 totum
2192 3035 2295 3076 cor
2320 3019 2737 3092 perturbantes
2759 3019 3239 3093 etdiscerpantes
3266 3024 3324 3076 et
3351 3019 3625 3076 occiden-

261 3108 506 3172 δάζουσα
574 3118 684 3172 τοῖς
753 3113 809 3162 σε
857 3118 1094 3162 τεκοῦσιν
1147 3112 1271 3182 ημῖν
1323 3112 1565 3182 πράττειν
1615 3131 1870 3186 κεχαρισ-
1979 3115 2012 3167 tt

1979 3115 2065 3167 tes
2091 3109 2483 3179 cogitationes
2520 3109 2844 3166 mulceant.
2874 3113 3008 3166 Haec
3037 3109 3248 3179 facias,
3278 3113 3332 3165 et
3355 3109 3555 3165 adhuc
3582 3107 3633 3164 si

259 3205 406 3273 μένα.
452 3205 552 3253 Καὶ
600 3203 671 3272 μὴ
730 3195 965 3272 παρίδης
1013 3195 1144 3270 μηδ’
1200 3197 1248 3250 ἐν
1310 3207 1418 3262 τοῖς
1471 3209 1704 3274 παροῦσι
1755 3203 1868 3277 θερ-
1978 3217 2010 3254 V

1978 3198 2203 3267 valeas,
2233 3198 2325 3254 his
2356 3198 2548 3270 plura,
2565 3198 2626 3254 in
2639 3205 2912 3255 nostrum
2940 3198 3212 3255 solamen
3243 3219 3258 3267 ;
3283 3198 3458 3254 ettibi
3480 3201 3634 3254 Deus

261 3299 390 3362 μῶς,
475 3290 595 3361 ὁρᾷς
691 3285 740 3340 δ’
800 3290 1011 3352 ὁπόσον,
1071 3290 1470 3341 καθικετεύοντα
1521 3293 1608 3342 τόν
1648 3295 1866 3365 πατέρα,
1917 3356 1946 3365 Α
1980 3288 2012 3344 il

1917 3356 1946 3365 Α
1980 3288 2041 3344 in
2063 3288 2179 3344 hoc
2207 3287 2440 3345 mundo
2483 3304 2694 3344 curam
2752 3293 2811 3345 et
2856 3304 3100 3344 omnem
3155 3287 3636 3344 misericordiam

257 3384 348 3430 xui
389 3374 651 3450 μηδαμῶς
699 3377 872 3449 ἑτέρως
931 3379 1125 3434 ἣκιστα
1175 3373 1456 3449 δυνάμενον
1512 3378 1685 3450 ζῇν,ἢ
1718 3379 1869 3431 εύθυ-
1910 3356 2008 3450 Cp

1910 3356 2286 3450 Ceprmstabit
2316 3377 2574 3450 :quippe
2604 3377 2708 3450 qui
2731 3377 3280 3434 misericordiarum
3327 3381 3499 3450 pater
3542 3376 3635 3433 sit.

257 3472 482 3540 μοτέρας
511 3465 760 3538 ἀγγελίας
800 3463 1082 3538 δεχόμενον
1136 3472 1252 3541 περὶ
1308 3476 1422 3536 σοῦ,
1491 3473 1581 3520 καὶ
1629 3476 1728 3521 τῶν
1782 3476 1869 3520 νύν
1980 3472 2008 3523 Α

1980 3472 2062 3523 Ac
2091 3466 2307 3522 deinde
2328 3467 2389 3522 in
2418 3466 2582 3522 caelis
2615 3467 2720 3522 tibi
2741 3467 3183 3523 indesinentem
3221 3466 3386 3522 illam
3413 3471 3470 3522 et
3494 3466 3640 3522 inef-

257 3563 458 3630 πικρως
485 3555 842 3630 θορυϐούντων
872 3561 962 3608 καὶ
1019 3560 1112 3614 τὴν
1163 3556 1284 3615 ὅλην
1342 3553 1566 3630 καρδίαν
1628 3579 1871 3635 σπαρατ-
1983 3557 2006 3612 f

1983 3556 2226 3612 fahilem
2257 3556 2516 3613 laetitiam
2548 3557 2854 3628 largietur,
2894 3557 3323 3614 interveniente
3383 3562 3440 3612 et
3467 3557 3645 3612 inter-

256 3650 448 3698 τουτων
497 3652 586 3698 xui
643 3649 957 3718 νεκρούντων
1021 3646 1380 3717 κουφιζούσας
1437 3646 1726 3719 λογισπῶν.
1769 3654 1874 3702 Ναὶ
1983 3663 2007 3703 c

1983 3647 2231 3703 cedente
2262 3649 2587 3720 purissima
2607 3653 2665 3705 et
2717 3649 3098 3706 sanctissima
3148 3653 3205 3704 et
3252 3647 3646 3705 immaculata

254 3743 440 3804 ταῦτα,
472 3741 561 3787 καὶ
583 3739 676 3788 εἴτι
708 3735 854 3787 πλέον
888 3731 1042 3807 δύνῃ,
1092 3734 1288 3806 πρᾶξον
1317 3735 1387 3798 εἰς
1448 3735 1574 3809 ἐμὴν
1624 3758 1868 3813 παραμν-
1985 3753 2094 3792 sua
2133 3739 2334 3794 Matre.

260 3828 396 3890 θίαν,
439 3831 527 3877 xui
595 3829 722 3888 Θεὸς
772 3827 919 3878 ἔσται
959 3843 1044 3876 σοι
1099 3823 1366 3877 κάνταῦθα
1424 3823 1666 3898 κηδεμὼν
1715 3833 1805 3880 καὶ
1853 3830 2088 3901 χορηγός
2120 3824 2287 3888 ἐλέους
2315 3831 2524 3894 παντὸς,
2554 3829 2579 3881 ὁ
2611 3833 2700 3882 καὶ
2729 3836 2828 3881 τῶν
2857 3827 3094 3903 ἀρρήτων
3123 3831 3293 3901 πατὴρ
3329 3827 3639 3900 οἰκτιρμῶν.

268 3914 345 3967 Ού
377 3919 480 3986 μὴν
512 3913 757 3966 ἀλλὰκαὶ
788 3913 836 3965 ἐν
866 3921 976 3974 τοῖς
1015 3913 1270 3987 οὐρανίοις
1329 3915 1477 3966 ἔσται
1546 3935 1630 3968 σοι
1684 3919 2014 3992 πρυτανεύων
2073 3921 2161 3968 καὶ
2201 3921 2547 3991 χαριζόμενος
2598 3922 2687 3976 τὴν
2757 3917 3108 3992 ἀνέκφραστον
3167 3917 3361 3974 ἐκείνην
3411 3924 3500 3968 καὶ
3548 3935 3654 3989 μη-

270 4000 457 4057 δέποτε
523 4000 688 4078 μηδὲν
759 4008 915 4077 πέρας
995 4005 1225 4075 ἔχουσαν
1296 4003 1635 4078 εὐφροσύνην,
1708 4006 2097 4081 πρεσϐευούσης
2161 4013 2250 4062 καὶ
2325 4011 2707 4081 μεσιτευούσης
2784 4013 2916 4082 πρὸς
2994 4015 3147 4062 τοῦτο
3208 4016 3300 4070 τῆς
3348 4008 3656 4081 παναχράν-

272 4113 366 4147 του
389 4098 478 4148 καὶ
508 4100 829 4168 παναμὼμου
860 4098 950 4147 καὶ
977 4095 1375 4170 πανυπεραγνόυ
1397 4099 1612 4171 Μητρός
1632 4095 1814 4155 αὐτοῦ.

783 5746 1037 5810 Ριτιοῐ..
1079 5747 1182 5810 Gn.
1219 5744 1375 5810 CXL.

3273 5753 3342 5814 46
