4434 6452
245 411 373 462 1453

307 525 533 584 Μέλειὸ’
592 523 741 578 οὐδὲν
795 533 892 574 των
950 527 1212 580 τοιούτων,
1282 520 1396 574 οὐδ’
1455 524 1724 594 ανορωπου
1780 520 1900 589 γἈ

241 619 420 680 εινεκα,
454 626 524 686 τῳ
557 624 670 682 (θεῷ
704 636 713 646 ·
750 634 847 664 των
881 609 927 663 δ’
982 612 1274 682 αναγκαίων
1324 619 1428 670 τοῖς
1487 615 1614 672 ζωσι
1670 611 1827 681 μέλει,

252 705 426 779 ἀρτον,
463 709 620 776 φημὶ,
653 708 741 754 καὶ
772 698 966 760 ὓδατος
993 722 1003 732 ·
1036 706 1124 751 καὶ
1181 697 1274 751 δια
1324 719 1474 751 τουτο
1520 704 1608 749 καὶ
1639 702 1695 749 τό
1745 701 1832 768 μεν

242 796 360 865 ἡμῖν
390 792 575 844 ἄπονον
617 790 726 863 ἅμα
772 796 859 841 και
919 789 1133 860 ἀγθονον
1193 808 1206 821 ο
1260 787 1412 858 ἄρτον
1463 783 1512 837 δ’
1549 785 1736 836 έσὺίειν

246 879 446 953 ιὸρωτι,
513 881 706 932 ἐκείνου
775 897 1089 952 πρόσταγμα
1141 878 1237 945 (1),
1315 873 1407 927 διὰ
1486 878 1571 926 τόν
1639 877 1835 944 καρπον

245 974 459 1034 παντως,
495 967 551 1020 οὗ
593 968 859 1019 τρίχαλον
919 971 1014 1036 (21,
1065 975 1159 1026 τῆς
1212 968 1348 1037 ὠρας
1405 970 1492 1015 καὶ
1543 971 1631 1021 τῆς
1692 961 1835 1033 βρω-

248 1080 370 1120 σεως
425 1061 721 1117 ἡττηθέντες
796 1062 884 1107 καὶ
966 1064 1062 1105 των
1139 1054 1504 1124 ἐντεταλμένων
1570 1051 1837 1122 ὠλιγωρη-

245 1155 399 1211 κότες,
429 1152 768 1219 μετέσχομεν.

316 1238 389 1286 0')
441 1243 542 1307 μὴν
603 1235 730 1285 ἀλλὰ
778 1253 955 1284 τουτον
1005 1229 1070 1288 δή
1127 1236 1210 1284 τόν
1258 1237 1442 1300 τρόπον
1499 1231 1684 1280 τούτου
1751 1233 1838 1278 καὶ

247 1323 521 1384 ὃοκονντος
573 1324 725 1375 πλείω
781 1329 870 1373 καὶ
921 1320 1110 1392 ἀμείνω
1185 1320 1334 1388 λόγον
1421 1321 1583 1388 ἔχειν,
1670 1316 1840 1366 πλεῖον

245 1417 379 1484 ἔχειν
406 1419 494 1464 καὶ
517 1409 802 1483 παίδευμα,
864 1411 1198 1480 σωγροσύνης
1249 1409 1412 1459 εῑνεκα
1477 1410 1564 1456 καὶ
1622 1423 1712 1455 του
1766 1407 1835 1474 μὴ

246 1509 473 1575 ασέμνως
528 1508 616 1552 καὶ
675 1503 886 1560 ασωτως
947 1498 1118 1566 βιουν,
1179 1517 1268 1548 τον
1321 1516 1376 1566 γε
1432 1492 1673 1551 δηλονότι
1755 1496 1839 1543 τόν

244 1591 373 1644 οἶνον
405 1589 548 1664 ὓδωρ
581 1591 890 1661 γεγενῆσθαι
931 1590 958 1644 ἡ
1007 1592 1064 1638 τό
1118 1583 1259 1658 ὕδωρ
1317 1585 1387 1642 εἰς
1432 1581 1564 1635 οἶνον
1619 1580 1842 1652 μεταεαο

243 1681 362 1746 λεῖν,
411 1685 459 1730 τί
514 1682 591 1732 ὅτι
634 1682 715 1750 (3)
777 1683 846 1748 μὴ
899 1681 957 1728 τό
1019 1684 1222 1748 πρῶτον
1276 1682 1365 1724 και
1423 1672 1649 1743 ἀμεινον,
1711 1666 1840 1741 μηδ’

246 1764 756 1840 ἕτερονῑσως,ἐπὶὸε
815 1775 905 1817 τοῦ
960 1761 1201 1834 δευτέρου
1249 1767 1304 1812 τό
1360 1763 1534 1831 θαὺμα
1593 1763 1650 1810 τό
1697 1755 1840 1830 ὕδωρ

1232 401 1320 454 DE
1350 399 1704 456 MIRACULO
1732 399 1798 451 IN
1828 401 2010 452 CAiVA
2048 403 2295 459 FACTU.

3459 411 3589 463 1434

2015 524 2163 578 Nihil
2196 543 2337 582 vero
2382 529 2492 584 tale
2547 546 2704 584 cura)
2732 535 2821 584 est
2851 531 2989 589 Deo.
3046 529 3309 584 hominis
3357 547 3540 586 causa
3574 548 3587 591 ;

1941 615 2414 672 necessariorum
2443 625 2641 672 autem
2678 618 2788 689 ipsi
2820 635 2964 672 cura
2985 624 3076 671 est
3099 634 3207 688 pro
3233 619 3587 682 viventibus,

1943 699 2132 767 panis.
2164 701 2434 772 inquam.
2489 713 2542 759 et
2570 721 2762 775 aqme.
2802 708 2864 759 Et
2929 705 3062 758 ideo
3111 721 3295 758 unum
3345 706 3588 776 quidem

1945 788 2117 842 nobis
2169 792 2354 846 otium
2414 794 2684 848 abundat
2734 813 2745 856 ;
2812 811 3028 865 panem
3086 810 3227 847 vero
3287 795 3340 847 in
3376 796 3592 849 sudore

1947 878 2334 948 manducare,
2387 884 2482 936 Dei
2539 883 2888 937 mandatum
2920 890 3027 940 est.
3063 891 3303 954 propter
3333 884 3593 938 fructum

1949 967 2111 1022 illum
2133 979 2668 1044 venustum,quem
2689 981 2999 1027 venustate
3032 989 3099 1026 ac
3128 973 3267 1039 gula
3289 974 3418 1028 victi
3448 992 3596 1045 pras-

1949 1065 2375 1130 ceptorumque
2419 1062 2784 1129 negligentes
2814 1062 3208 1116 comedimus.

2020 1239 2289 1290 Attamen
2336 1237 2449 1291 hoc
2503 1239 2686 1292 modo
2718 1238 2938 1292 eumid
2971 1237 3275 1292 meliorem
3330 1239 3601 1294 videatur

1950 1323 2362 1396 majoremque
2389 1327 2680 1382 rationem
2739 1327 2974 1391 habere,
3018 1327 3270 1398 plusque
3299 1332 3601 1383 continere

1949 1409 2230 1465 doctrinae
2260 1420 2501 1485 propter
2553 1414 2907 1486 sapientiam
2963 1431 3032 1469 ac
3087 1417 3271 1469 vitam
3305 1416 3599 1484 frugalem

1950 1499 2867 1574 continentemque,nempeeum
2891 1503 3097 1558 melius
3114 1503 3382 1558 videatur
3398 1504 3602 1558 vinum

1951 1586 2006 1640 in
2033 1602 2253 1658 aquam
2288 1591 2435 1644 verti
2465 1607 2650 1662 quam
2702 1608 2926 1662 aquam
2967 1592 3024 1646 in
3061 1607 3265 1645 vmum
3303 1608 3314 1654 ;
3344 1592 3487 1663 quid
3517 1601 3606 1649 est

1951 1677 2112 1736 quod
2143 1694 2262 1732 non
2288 1680 2452 1750 prius
2476 1695 2543 1734 ac
2566 1679 2777 1734 melius
2807 1685 2908 1734 aut
2929 1686 3229 1741 neutrum,
3265 1680 3368 1733 sed
3395 1696 3602 1735 secun-

1951 1765 2344 1837 dum,nempe
2370 1783 2594 1838 aquam
2627 1767 2985 1822 miraculum
3016 1769 3388 1836 converterit,
3421 1767 3594 1828 bene.

247 1861 357 1909 ἔστι
396 1863 726 1929 μεταποιοϋν,
755 1860 844 1905 καὶ
876 1862 928 1905 εὐ
959 1859 1047 1904 καὶ
1086 1851 1271 1911 καλως,
1323 1851 1461 1900 καθά
1523 1845 1588 1906 an
1637 1853 1725 1898 καὶ
1791 1845 1838 1896 ἐν
1884 1869 1926 1922 Β
1957 1870 1994 1907 ιι

1884 1869 1926 1922 Β
1957 1859 2019 1907 ut
2047 1855 2105 1906 in
2147 1856 2389 1910 exordio
2421 1857 2703 1918 diximus.
2763 1857 3035 1927 inquiris.
3075 1857 3188 1910 Sed
3227 1858 3361 1928 quis
3394 1858 3604 1911 melius

248 1952 542 2021 προοιμίοις
592 1945 850 2018 εἰρηκότες
898 1942 1068 2014 ἐσμεν,
1139 1941 1292 2002 αὐτὸς
1363 1938 1671 2000 ἐπιστήσας,
1757 1941 1843 1987 τόν

248 2037 393 2106 λόγον
442 2034 720 2095 ἐζήτησας.
793 2032 946 2084 Ἀλλα
1010 2039 1104 2082 σου
1171 2029 1358 2101 μᾶλλον
1434 2032 1512 2087 τίς
1586 2025 1643 2076 ἀν
1757 2029 1846 2076 καὶ

252 2119 658 2196 ἐπισκεψάμενος
739 2127 828 2173 καὶ
893 2119 1427 2190 πολυπραγμονὴσας,
1510 2115 1711 2188 ἐφεύροι
1785 2113 1845 2163 ἂν

251 2210 512 2288 ὀρθο›ς,οὖ
543 2209 738 2285 καρδία
779 2214 868 2283 μεν
916 2211 1122 2280 καθαρὰ
1161 2207 1250 2258 καὶ
1303 2208 1478 2280 όρωσα
1531 2209 1679 2269 Θεὸν,
1728 2199 1846 2255 δια-

249 2303 493 2375 λογισμοὶ
535 2299 654 2353 ὃέξν
692 2301 820 2372 αὐτῇ
891 2296 1251 2356 ἀναϐαίνοντες
1295 2294 1372 2347 ἐπ’
1421 2294 1606 2346 ἐκεῖνον
1668 2292 1847 2366 ἀκραι-

252 2403 379 2465 φνως
413 2389 749 2444 διαϐαίνουσι
781 2395 868 2440 καὶ
904 2390 968 2439 τὰ
1026 2385 1217 2437 ἐκείνου
1279 2387 1570 2456 θαυμάσια,
1619 2382 1749 2434 ὥστε
1792 2401 1848 2432 σε

250 2487 336 2534 καὶ
375 2484 506 2552 μετα
544 2489 635 2531 του
684 2480 979 2548 Πνεύματος
1031 2479 1170 2546 ἔχειν
1215 2472 1461 2545 ἀσφαλῶς
1509 2473 1716 2545 ἐρευνᾲν
1783 2471 1848 2521 τα

248 2581 338 2623 του
367 2573 664 2642 Πνενματος
694 2587 707 2635 ;
740 2568 872 2619 Ἐπεὶ
918 2561 975 2616 δὲ
1018 2584 1108 2615 και
1155 2564 1302 2634 ἡμεῖν
1370 2559 1497 2632 ἐρεῖν
1555 2563 1611 2612 τό
1659 2556 1848 2611 δοκοῦν

249 2659 550 2734 ἐπέτρεψας.
612 2656 843 2730 ἐροῦμεν,
897 2661 968 2723 τῷ
1022 2661 1096 2722 σῷ
1170 2655 1426 2723 πνεύματι
1487 2655 1576 2701 καὶ
1795 2647 1849 2710 ἐξ

250 2749 373 2801 αὐτο
383 2757 407 2800 ὑ
433 2748 594 2822 θαρρὴ
606 2765 757 2798 σαντε
767 2765 786 2804 ς
815 2746 924 2816 χάρ
934 2763 1025 2799 ιτι,

320 2843 418 2890 Δύο
443 2837 610 2888 ταῦτα
631 2834 700 2906 ἐφ’
733 2829 948 2892 ὕδατος,
1007 2835 1064 2882 τό
1116 2833 1204 2901 μὲν
1255 2836 1455 2900 πρῶτον
1509 2836 1608 2878 τών
1663 2825 1844 2890 ἄλλων,

251 2932 307 2980 τό
341 2925 390 2979 δ’
419 2930 645 2996 ἔσχατον
695 2943 792 2974 των
845 2921 1006 2972 αλλων
1063 2939 1150 2969 και
1205 2916 1288 2969 ἐπί
1338 2936 1588 2988 σταυρόν,
1655 2918 1848 2988 ὀρωμεν

254 3021 493 3087 θαύματα
513 3017 827 3086 γεγενημένα
868 3033 878 3042 ·
927 3030 1017 3062 και
1064 3014 1122 3060 τό
1176 3012 1265 3080 μὲν
1331 3015 1550 3080 πρῶτον,
1599 3005 1724 3056 αὐτὸ
1779 3002 1846 3062 ὃὴ

251 3115 403 3158 τουτο
425 3110 482 3157 τό
511 3104 556 3156 ἐν
583 3109 724 3156 Κανᾶ
749 3121 839 3153 και
897 3099 945 3150 ἐν
996 3100 1169 3170 γάμῳ,
1218 3098 1270 3148 ὃν
1309 3093 1376 3154 δὴ
1432 3115 1522 3146 και
1578 3091 1850 3156 διεξιόντες

1954 1959 2139 2014 quam
2173 1949 2232 1998 tu
2261 1949 2317 1999 et
2373 1946 2692 2016 exquirens
2721 1962 2790 2000 ac
2843 1946 3098 2000 multum
3129 1945 3413 2000 laborans
3453 1953 3607 2000 recte

1955 2032 2263 2098 inveniret,
2301 2032 2472 2102 cujus
2505 2049 2606 2088 eor
2664 2049 2883 2103 purum
2915 2039 3002 2088 est
3029 2049 3099 2088 ac
3151 2036 3335 2087 Deum
3367 2033 3603 2100 videns,

1955 2119 2250 2190 cujusque
2281 2122 2674 2189 cogitationes
2697 2121 2776 2176 ad
2829 2137 2967 2176 eum
3018 2121 3409 2176 ascendentes
3433 2121 3607 2192 plene

1956 2209 2110 2263 illius
2143 2211 2420 2264 miranda
2479 2217 2808 2281 penetrant,
2839 2212 2917 2266 ita
2959 2217 3102 2266 utet
3140 2227 3277 2265 eum
3307 2211 3516 2282 spiritu
3540 2227 3612 2265 ea

1956 2314 2091 2368 quas
2124 2305 2260 2352 sunt
2292 2299 2540 2369 Spiritus
2561 2299 2762 2354 valeas
2790 2305 3120 2371 penetrare.
3151 2299 3447 2364 Quoniam
3469 2315 3610 2354 vero

1958 2401 2068 2438 nos
2093 2390 2154 2440 ut
2181 2391 2446 2441 nostram
2465 2387 2818 2442 sententiam
2854 2385 3188 2442 diceremus
3231 2387 3498 2443 hortatus
3525 2402 3606 2456 es,

1957 2474 2227 2529 dicemus
2258 2480 2358 2530 tuo
2390 2476 2619 2547 spiritui
2649 2482 2705 2531 et
2734 2477 2808 2546 ei,
2835 2493 2971 2547 quas
2998 2492 3070 2532 ex
3105 2477 3237 2548 ipso
3267 2481 3360 2532 est
3397 2475 3609 2545 gratia,

1959 2563 2347 2619 conﬁdentes.

2032 2831 2162 2883 Haec
2180 2829 2302 2885 duo
2321 2833 2615 2885 miracula
2633 2831 2692 2885 in
2711 2847 2872 2902 aqua
2907 2831 3066 2886 facta
3104 2831 3400 2899 videmus,
3422 2846 3612 2886 unum

1959 2919 2204 2989 quidem
2234 2935 2495 2990 primum
2514 2920 2788 2974 omnium
2815 2927 3186 2987 caeterorum,
3219 2920 3473 2974 alterum
3505 2936 3612 2976 au-

1963 3014 2079 3062 tem
2115 3008 2393 3063 ultimum
2433 3008 2713 3077 aliorum,
2762 3016 2818 3065 et
2866 3013 2924 3064 in
2974 3025 3169 3065 cruce.
3228 3013 3292 3064 Et
3349 3010 3615 3082 primum

1959 3096 2206 3168 quidem
2256 3096 2399 3151 illud
2453 3103 2540 3152 est
2591 3097 2757 3169 quod
2805 3098 2865 3152 in
2918 3101 3081 3154 Cana
3137 3105 3196 3154 et
3239 3099 3299 3153 in
3365 3099 3612 3170 nuptiis,

254 3195 445 3266 ἐσμεν·
479 3193 562 3244 ἐπί
618 3188 675 3243 ὃε
723 3197 812 3240 του
873 3195 1104 3259 σταυροῦ
1161 3180 1303 3257 ὕδωρ
1345 3185 1460 3257 ρυεν
1516 3182 1569 3233 ἐκ
1613 3191 1708 3244 τῆς
1757 3191 1848 3234 του
1895 3202 1996 3271 Cq

1895 3185 2124 3271 Cquod
2187 3201 2348 3240 nunc
2409 3185 3044 3258 explanamus;aqua
3107 3178 3250 3242 vero
3316 3187 3376 3242 in
3436 3203 3613 3242 cruce

252 3295 486 3358 Σωτῆρος
533 3282 755 3352 πλευρᾶς
807 3279 902 3344 (In),
959 3274 1333 3347 μεταϐαλόντος
1395 3273 1460 3332 εἰς
1531 3281 1684 3323 τουτο
1759 3280 1850 3323 του

251 3379 424 3429 θεικου
484 3374 703 3444 αἵματος
756 3366 829 3418 ἐπ’
890 3365 1120 3436 ἐσχάτου
1201 3373 1299 3414 των
1399 3362 1696 3432 θαυμάτων,
1783 3364 1850 3422 ὡς

247 3466 332 3518 ἐπὶ
358 3472 448 3517 τόν
477 3468 686 3536 πρώτου
739 3461 973 3531 Χριστός
1024 3455 1176 3515 αὐτὸς
1231 3453 1302 3514 εἰς
1356 3458 1489 3504 οἶνόν
1534 3461 1687 3504 τουτο
1734 3471 1850 3524 μετ-

246 3554 413 3606 ἐϐαλε.

319 3648 421 3697 Καί
471 3639 618 3713 οἶμαι
669 3638 737 3698 εἰς
773 3655 962 3688 ταυτον
1015 3634 1142 3686 ἰέναι
1220 3633 1374 3705 ἄμφω
1453 3638 1524 3682 τω
1595 3632 1846 3701 θαύματε,

239 3741 376 3786 τότε
413 3740 616 3806 πρωτον
666 3732 723 3778 τό
783 3726 828 3776 τ’
882 3727 1128 3795 ἔσχατον.
1189 3718 1325 3774 Ἐκεῖ
1371 3724 1458 3791 μὲν
1506 3723 1606 3792 γὰρ
1657 3722 1847 3791 γάμος,

241 3843 334 3875 και
359 3827 488 3892 τιμᾲ
504 3826 682 3870 τουτον
707 3819 836 3875 Θεὸς
1012 3814 1092 3863 ὅτι
1129 3831 1219 3862 και
1270 3815 1438 3882 τίμιος
1477 3810 1550 3878 (6)
1612 3831 1622 3841 ·
1679 3813 1852 3879 τίμιος

245 3909 304 3965 δὲ
337 3920 436 3962 τῶν
484 3907 536 3970 ἐξ
589 3906 745 3958 αὐτου
809 3898 1014 3955 παίδων
1076 3902 1262 3965 εἰνεκα,
1322 3899 1412 3960 οὓς
1468 3919 1558 3950 και
1608 3898 1851 3950 εἰσποιεῖ-

243 4022 332 4054 ται
383 4001 609 4071 Χριστὸς
660 4014 750 4046 και
800 3995 1006 4065 Πατέρα
1082 3989 1250 4041 αὐτῶν
1321 3991 1450 4040 εἶναι
1505 3988 1639 4059 λέγει
1724 3995 1852 4040 Θεον

243 4094 450 4161 πατέρα
493 4090 580 4139 τὸν
640 4080 798 4148 ὶὸιον,
859 4100 948 4132 και
987 4082 1264 4152 προτρέπει
1309 4096 1369 4148 γε
1447 4079 1582 4128 κατά
1660 4079 1854 4134 ταύτην

249 4185 346 4239 τὴν
408 4182 596 4250 σχέσιν
668 4173 969 4245 ἀνθρώπους
1029 4173 1176 4229 ὄντας
1247 4167 1437 4238 τολμᾷν
1515 4167 1857 4218 ἐπικαλεσϐαι

253 4270 427 4322 αὐτόν.
464 4272 593 4319 Πότε
627 4261 676 4316 δ’
704 4262 853 4314 αὐτοί
910 4267 1063 4311 τοῦτο
1111 4260 1234 4322 εἱσι,
1294 4277 1382 4308 και
1425 4256 1542 4309 πότ’
1584 4255 1859 4308 ἐπικαλού·

1799 4343 1859 4365 '5!

1787 4367 1842 4397 οι

1783 4438 1860 4506 (7)

257 4538 412 4590 αὐτόν
471 4536 694 4606 Χριστόν
745 4530 856 4582 ὅλον
907 4530 1168 4602 φορέσωσι
1234 4523 1536 4586 διαιωνίζον
1613 4546 1704 4577 και
1768 4525 1860 4596 ἁφ-

254 4378 398 4431 μενοι
462 4359 693 4427 γνησίως
760 4352 928 4412 εἰσίν;
991 4348 1250 4404 Ὀπηνίκα
1281 4344 1522 4404 δηλονότι
1598 4367 1687 4397 και

255 4446 453 4508 ὓδατος
512 4465 602 4496 και
663 4443 961 4511 Ηνεύματος
1027 4434 1172 4497 αὖθις
1274 4435 1689 4507 ἀναγεννηθέντες

261 4630 448 4699 θαρτον
481 4619 700 4692 ἓνὸυμα.
759 4623 822 4669 Τί
881 4617 1097 4680 iam-ev;
1155 4617 1185 4672 ἡ
1245 4618 1335 4686 μεν
1362 4622 1453 4665 του
1501 4613 1864 4686 βαπτίσματος

257 4719 405 4784 πηγὴ
439 4710 572 4769 δήλη
604 4709 655 4771 ἐξ
685 4710 860 4769 ἧςκαι
887 4710 944 4756 τό
992 4704 1368 4775 ἀναγεννᾶσθαι
1423 4705 1548 4774 ἡμῖν
1609 4724 1621 4735 ’
1685 4707 1743 4754 τό
1808 4700 1866 4754 δε

260 4811 352 4856 τοῦ
408 4804 704 4871 Πνεύματος
759 4795 958 4867 ἀφανὲς,
1019 4813 1107 4844 και
1165 4799 1269 4853 τοὶς
1320 4791 1563 4852 ἀπίστοις
1619 4792 1677 4843 οὐ
1730 4794 1866 4844 πάνυ

259 4914 313 4945 τι
358 4910 540 4944 πιστόν
589 4885 670 4939 ὅτι
731 4893 967 4938 τοο-αντα
1021 4883 1253 4956 ὑπερφυῆ
1311 4902 1400 4933 και
1449 4882 1651 4953 μεγήλα
1729 4882 1867 4933 ἔστιν

261 4980 407 5055 ὕδωρ
449 4976 817 5050 δεδυνημένον·
872 4974 946 5026 Οὐ
1011 4976 1111 5045 γὰρ
1155 4974 1319 5044 όρωσι
1376 4976 1434 5024 τὸ
1475 4979 1702 5044 Πνεῦμα,
1757 4992 1868 5036 και,

339 5211 647 5284 (1)Genes.
689 5224 768 5263 Ill.
794 5207 877 5272 19,
920 5206 1003 5258 Ἐν
1065 5201 1251 5277 ἱδρῶτι
1297 5210 1394 5256 τοῦ
1451 5209 1736 5276 προσώπου
1777 5222 1870 5254 σου

267 5283 409 5359 φάγῃ
450 5287 538 5336 τόν
582 5283 734 5352 ἄρτον
792 5298 906 5330 σου.

340 5350 414 5425 (‘1)
447 5357 535 5409 An
567 5350 660 5405 τόν
707 5359 872 5425 κακον
929 5350 956 5403 ‘.’

483 5423 839 5499 Vernaculc,
877 5421 984 5475 sed
1015 5417 1545 5499 negligentissime,
1575 5421 1876 5488 pourquoi

267 5492 412 5572 σαεξ
437 5499 668 5553 Veteres
689 5493 973 5572 dicebant
1011 5492 1222 5572 potius
1270 5495 1350 5542 ὅτι
1379 5510 1451 5544 τι,

345 5572 683 5643 (4)]03008.
714 5582 836 5645 Χιξ,
863 5569 932 5645 3-1]:
960 5581 972 5618 :
1005 5560 1088 5623 Εἷς
1113 5569 1562 5645 τωνίστραῖιωτώι
1582 5560 1756 5645 λόγχῃ
1788 5565 1877 5612 αύ-

268 5632 365 5696 του
394 5646 488 5700 τήν
517 5640 741 5713 πλευρὰν
788 5636 950 5701 ἓνυξε,
991 5656 1081 5687 και
1155 5632 1306 5694 εὐθὺς
1348 5632 1552 5696 ἐξῆλθεν
1607 5632 1739 5704 αἷμα
1787 5653 1878 5685 και

272 5713 442 5788 ὕδωρ,

1900 4573 1940 4624 1)

1961 3274 2151 3329 effusa
2191 3290 2263 3328 ex
2306 3274 2628 3329 Salvatoris
2687 3273 2885 3336 latere.
2936 3275 3146 3330 ultimo
3205 3275 3495 3330 miraculo
3552 3277 3613 3330 in

1961 3378 2183 3432 aquam
2237 3378 2524 3416 converso
2573 3362 2778 3417 divino
2827 3363 3140 3431 sanguine,
3191 3370 3255 3418 ut
3302 3365 3362 3419 in
3415 3363 3614 3436 primo

1961 3451 2223 3506 Christus
2245 3452 2375 3522 ipse
2405 3453 2464 3506 in
2483 3451 2688 3506 vinum
2720 3452 3024 3507 convertit.

2030 3634 2218 3700 Atque
2257 3629 2473 3701 opinor
2508 3628 2585 3684 ad
2613 3628 2773 3684 idem
2800 3628 2986 3684 ambo
3014 3628 3309 3684 miracula
3347 3629 3612 3697 tendere,

1959 3718 2223 3788 primum
2255 3735 2325 3773 ac
2363 3718 2662 3775 ultimum.
2706 3719 2790 3772 lbi
2822 3719 2981 3773 enim
3014 3719 3260 3790 nuptiae,
3294 3724 3352 3774 et
3378 3735 3482 3774 eas
3511 3719 3615 3774 ho-

1960 3815 2136 3862 norat
2151 3811 2320 3872 Deus,
2334 3809 2479 3878 quia
2492 3823 2639 3862 sane
2652 3807 3020 3862 honorandae
3035 3814 3174 3861 sunt
3200 3823 3212 3871 ;
3243 3808 3615 3864 honorandae

1961 3903 2162 3952 autem
2181 3905 2336 3966 sunt,
2353 3897 2688 3952 futurorum
2703 3897 2964 3952 filiorum
2982 3913 3187 3967 causa,
3201 3914 3356 3970 quos
3369 3897 3622 3971 adoptat

1964 3987 2244 4056 Christus,
2281 4003 2349 4041 ac
2396 3990 2623 4042 Patrem
2666 4002 2874 4041 eorum
2916 4003 3048 4041 esse
3097 3985 3239 4041 dicit
3288 3990 3474 4042 Deum
3518 4003 3621 4059 pa-

1965 4082 2111 4130 trem
2143 4092 2342 4140 suum,
2403 4081 2458 4130 et
2505 4075 2781 4130 homines
2821 4075 3024 4130 incitat
3067 4082 3133 4130 ut
3173 4092 3312 4130 eum
3345 4077 3622 4131 invocare

1967 4165 2298 4220 secundum
2317 4165 2474 4219 hanc
2487 4163 2839 4219 relationem
2853 4164 3132 4219 audeant.
3151 4164 3406 4228 Quando
3422 4170 3622 4220 autem

1967 4253 2025 4308 id
2053 4260 2210 4323 sunt,
2231 4261 2285 4309 et
2306 4252 2554 4324 quando
2572 4269 2710 4307 eum
2742 4252 3000 4321 legitime
3026 4253 3355 4309 invocant?
3373 4254 3626 4318 Quando

1972 4359 2117 4398 sane
2160 4360 2264 4413 per
2313 4359 2536 4415 aquam
2589 4358 2658 4397 ac
2699 4342 2982 4413 Spiritum
3042 4343 3372 4410 regenerati
3424 4345 3627 4397 Jesum

1973 4433 2272 4487 Christum
2306 4437 2494 4486 totum
2518 4431 3162 4502 feruntsempiternum
3183 4437 3241 4485 et
3270 4431 3630 4503 incorrupti-

1974 4522 2088 4577 bile
2111 4521 2558 4576 vestimentum.
2593 4520 2746 4585 Quid
2777 4519 3039 4591 denique
3062 4517 3088 4571 ?
3123 4522 3272 4575 Fons
3303 4521 3631 4592 baptisma-

1975 4611 2048 4666 tis
2073 4611 2421 4666 manifestus
2455 4615 2639 4665 estex
2672 4626 2796 4681 quo
2845 4624 3294 4678 regeneramur.
3327 4610 3500 4675 Quod
3530 4627 3631 4666 au-

1978 4706 2096 4754 tem
2126 4706 2216 4754 est
2257 4699 2523 4770 spiritus,
2570 4698 2864 4752 invisibile
2911 4706 3018 4764 est,
3053 4704 3109 4752 et
3156 4697 3507 4754 inﬁdelibus
3531 4701 3638 4754 mi-

1981 4790 2140 4844 nime
2163 4788 2444 4843 credibile
2471 4793 2558 4842 est
2580 4792 2661 4842 tot
2682 4793 2739 4842 et
2763 4792 2931 4842 tanta
2953 4802 3139 4858 supra
3160 4793 3430 4842 naturam
3459 4804 3638 4859 posse

1981 4895 2205 4950 aquam
2224 4877 2475 4933 efﬁcere.
2502 4879 2628 4932 Non
2647 4877 2807 4931 enim
2832 4876 3033 4930 vident
3067 4876 3374 4947 Spiritum,
3407 4884 3462 4932 et
3494 4879 3640 4950 quia

1982 4986 2120 5024 eum
2142 4983 2264 5024 non
2282 4967 2508 5033 vident,
2537 4982 2734 5038 neque
2751 4964 3087 5034 intelligunt
3103 4967 3639 5023 commutationem

2056 5204 2132 5273 (5)
2191 5201 2508 5268 Gregorius
2575 5203 2710 5256 Naz.
2770 5199 2904 5273 Ora.
2960 5214 3048 5264 XL,
3101 5213 3163 5269 p.
3225 5202 3645 5271 648εΜιμήσο-

1983 5295 2080 5347 μαι
2140 5279 2368 5346 Χριστόν
2409 5317 2421 5329 ,
2481 5315 2493 5329 .
2549 5313 2562 5326 .
2611 5276 2659 5331 ός
2726 5275 2815 5322 καὶ
2879 5272 3268 5343 θαυματουργεί
3337 5274 3487 5343 γάμῳ
3557 5277 3646 5322 καὶ

1985 5353 2114 5418 τιμᾶ
2156 5349 2413 5415 συζυγίαν
2450 5348 2738 5417 παρουσίᾳ.
3493 5347 3498 5354 “

2059 5420 2135 5485 (6)
2177 5414 2360 5490 Epist.
2419 5414 2724 5471 ad'Hebr.
2788 5429 2902 5477 XIII,
2965 5415 2998 5468 4
3029 5429 3042 5467 :
3075 5419 3262 5485 Τίμιος
3314 5416 3338 5466 ό
3390 5417 3561 5486 γάμος
3601 5414 3648 5465 ἐν

1986 5509 2137 5542 πασι.

2059 5565 2139 5627 (7)
2197 5563 2413 5616 Joann.
2469 5574 2548 5623 ιιι,
2603 5562 2631 5612 5
2666 5557 2825 5630 :_’E;r).v
2877 5559 2946 5613 αὴ
3009 5560 3358 5630 τις-γεννηθῇ
3417 5556 3469 5619 ἐξ
3521 5553 3652 5630 Scia:-

1987 5625 2073 5694 τος
2126 5638 2216 5684 καὶ
2267 5635 2576 5703 πνευματος,
2633 5628 2691 5680 οὐ
2737 5625 2963 5682 δύναται
3004 5625 3252 5682 εἰσελθεῖν
3301 5625 3369 5690 εἷς
3422 5635 3518 5688 τήν
3559 5627 3656 5701 βα-

1993 5705 2188 5758 σιλείαν
2215 5712 2308 5757 τοῦ
2348 5710 2515 5759 Θεου.
