4434 6452
818 412 950 468 1455
2163 407 2535 467 NICEPHORI
2560 415 2569 461 t

2423 409 2535 467 0R1
2560 407 2819 468 CHUMNI
4034 418 4174 476 1456

813 534 1062 607 aquzein
1079 533 1268 589 illum.
1294 531 1593 590 Convertit
1620 531 1800 602 igitur
1827 547 1899 588 ac
1922 531 2306 589 transformat
2331 548 2465 589 eam
2494 537 2541 590 A

2424 550 2465 589 n
2494 537 2541 590 A
2576 536 2657 588 ὅτι
2690 540 2762 608 μὴ
2806 537 2997 610 ὁρῶσιν
3024 538 3124 609 (1),
3153 534 3270 591 οὐδ’
3299 537 3635 591 αἰσθάνονται
3661 546 3755 602 τῆς
3798 537 3848 603 ἔς
3899 540 4027 594 αὐτὸ
4080 550 4175 596 τοῦ

810 622 874 677 in
900 623 1107 678 vinum
1138 622 1426 691 Christus,
1460 626 1526 676 ut
1556 620 1899 676 credibilem
1922 620 2140 677 efﬁciat
2165 621 2291 692 ejus
2322 636 2465 678 con-

2426 639 2465 678 ι-
2576 620 2771 685 ὓδατος
2844 625 3128 697 μεταϐολῆς
3188 646 3278 678 και
3354 632 3763 698 μεταποιήσεως.
3857 630 4177 684 ΜεταϐαὯιι

810 711 1147 767 versionem
1198 709 1260 766 in
1298 709 1599 781 Spiritum,
1653 724 1724 765 ac
1748 708 1928 765 simul
1958 714 2023 765 ut
2054 725 2127 766 ex
2156 710 2379 782 nuptiis
2410 714 2468 766 et

2423 714 2468 766 3t
2574 720 2699 784 ⁹γοῦν
2721 732 2811 765 και
2839 715 3154 787 μεθίστησιν
3176 714 3249 777 εἰς
3268 712 3401 767 οἶνον
3451 722 3605 769 τοῦτο
3652 721 3896 787 Χριστὸς,
3966 720 4051 771 ἱνα
4105 717 4174 777 δὴ

809 800 1010 867 genita
1032 804 1246 857 natura
1273 798 1589 855 confirmet
1612 798 2125 872 incorruptibilem
2153 814 2466 870 regenera-

2431 820 2466 857 ι·
2575 820 2664 853 και
2714 805 2808 859 τὴν
2853 804 2903 864 ἐς
2954 803 3081 855 αὐτὸ
3139 806 3197 855 τὸ
3248 810 3456 876 Πνεῦμα
3500 802 3789 875 μεταϐολὴν
3849 808 4034 858 τούτου
4092 826 4182 857 πι-

811 887 1053 944 tionem.
2578 896 2871 957 στώσηται,
2902 911 2991 943 και
3039 893 3151 964 οἶμα
3227 896 3320 950 τὴν
3361 900 3449 953 τῆς
3514 890 3568 943 ἐκ
3612 894 3785 965 ’γάμου
3859 914 3947 946 xut
3998 914 4181 966 γεννηο

2575 987 2664 1039 τῆς
2696 982 2894 1051 φύσεως
2941 983 3071 1056 πρὸς
3124 984 3212 1039 τὴν
3265 982 3525 1055 οἴγθαρτον
3568 987 3904 1041 πιστώσηται
3957 982 4180 1055 ἀναγέν-

2573 1084 2749 1123 νησιν.

881 1156 1020 1213 Ideo
1053 1159 1109 1212 et
1134 1154 1195 1211 in
1225 1170 1400 1212 cruce
1423 1170 1493 1211 ex
1511 1153 1716 1211 divino
1736 1153 1916 1211 latere
1943 1154 2187 1225 sanguis
2204 1158 2261 1211 et
2280 1170 2461 1227 aqua,

2429 1172 2461 1223 ι,
2647 1161 2742 1205 Δια
2797 1162 2950 1209 τοῦτο
3000 1176 3090 1208 και
3146 1154 3229 1209 ἐπί
3280 1165 3371 1210 τοῦ
3439 1165 3668 1231 σταυροῦ
3747 1156 3801 1210 ἐκ
3874 1167 3965 1220 τῆς
4034 1162 4180 1223 θείας

808 1246 952 1317 quia
970 1245 1097 1301 haec
1119 1244 1302 1301 ambo
1322 1245 1605 1314 Christus,
1630 1261 1702 1300 ex
1722 1259 1876 1316 puro
1894 1243 2159 1313 virgineo
2172 1244 2465 1314 sanguine

2434 1260 2465 1300 e
2574 1241 2797 1319 πλευρᾶς
2835 1245 2967 1317 αἷμα
3021 1250 3110 1297 καὶ
3172 1242 3315 1320 ὕδωρ
3365 1248 3471 1317 (2),
3525 1248 3605 1299 ὅτι
3661 1251 3750 1299 καὶ
3801 1249 3955 1320 ἄμφω
4008 1258 4182 1303 ταῦτα

808 1350 948 1391 caro
973 1334 1166 1390 factus
1189 1341 1245 1390 et
1283 1350 1443 1407 aqua
1489 1333 1847 1406 baptizatus,
1877 1338 1934 1389 et
1952 1333 2170 1390 balneo
2201 1333 2461 1401 ablutus,

2431 1350 2461 1401 ς,
2577 1337 2823 1407 Χριστὸς,
2866 1331 2918 1395 ἐξ
2962 1332 3129 1405 ἁγνῶν
3188 1336 3507 1406 παρθινικών
3593 1336 3823 1408 αἱμάτων
3907 1343 4182 1409 γενόμενος

809 1440 930 1481 non
960 1424 1051 1480 sui
1085 1439 1292 1495 causa,
1328 1423 1437 1480 sed
1482 1439 1591 1496 pro
1624 1422 1799 1479 totius
1827 1422 2038 1479 mundi
2071 1423 2327 1495 piaculo.

2576 1421 2729 1496 σάρξ,
2790 1427 2879 1473 xui
2926 1419 3083 1475 ὕδατι
3128 1421 3460 1495 βαπτισθεὶς,
3522 1429 3611 1476 xui
3649 1424 3862 1499 λουτρὸν
3918 1425 4181 1499 λουσάμε-

2573 1530 2677 1579 νος,
2727 1510 2832 1582 οὐχ
2882 1511 3066 1563 ἑαυτου
3120 1514 3301 1586 χάριν,
3360 1510 3488 1565 ἀλλὰ
3559 1517 3748 1574 παντὸς
3812 1522 3904 1567 τοῦ
3973 1520 4182 1587 κόσμου

2573 1600 2860 1672 καθάρσιον
2873 1641 2885 1655 .

879 1693 1013 1747 Haec
1046 1706 1157 1747 nos
1189 1688 1265 1745 de
1284 1688 1481 1762 primo
1502 1687 1776 1745 omnium
1801 1687 2125 1746 Salvatoris
2150 1687 2461 1745 miraculo-

2431 1708 2461 1740 ν·
2646 1690 2827 1749 Οὕτως
2880 1688 3030 1760 ἡμεῖς
3078 1686 3228 1756 ἐσμεν
3279 1694 3395 1763 περὶ
3448 1689 3540 1742 τοῦ
3584 1695 3792 1762 πρώτου
3849 1699 3948 1743 τῶν
4015 1691 4182 1743 ἀλλων

804 1795 940 1836 rum
958 1779 1242 1835 novimus
1272 1797 1284 1847 ;
1319 1778 1443 1833 haec
1468 1777 1543 1833 de
1577 1777 1788 1833 ultimo
1818 1781 1875 1834 et
1894 1778 1953 1833 in
1983 1793 2158 1833 cruce
2199 1782 2458 1849 peracto.

2433 1796 2458 1831 ι.
2572 1779 2774 1829 πάντων
2803 1784 2895 1829 τοῦ
2954 1784 3186 1849 Σωτῆρος
3248 1775 3587 1849 ἐπεγνωκότες
3628 1781 3892 1852 θαύματος
3944 1801 3956 1814 ·
4018 1780 4184 1841 οὕτως

806 1868 875 1925 Ει
902 1885 1041 1924 cum
1068 1884 1231 1941 aqua
1259 1867 1468 1922 vinum
1498 1866 1655 1922 facta
1680 1866 1774 1935 sit,
1811 1870 1867 1923 et
1892 1882 2099 1921 rursus
2127 1866 2375 1938 sanguis
2400 1865 2460 1922 in
2489 1886 2527 1941 Β

2432 1882 2460 1921 [1
2489 1886 2527 1941 Β
2573 1864 2656 1918 ἐπὶ
2685 1873 2777 1919 τοῦ
2808 1865 3041 1937 ἐσχάτου
3069 1872 3159 1919 xui
3192 1866 3275 1920 ἐπὶ
3312 1875 3403 1921 τοῦ
3457 1876 3705 1943 σταυροῦ.
3771 1875 3870 1923 Καὶ
3923 1871 4037 1942 ἅμα
4086 1877 4183 1922 τοῦ

806 1974 1031 2031 aquam
1092 1973 1300 2013 versus
1331 1957 1423 2023 sit,
1456 1955 1603 2012 nihil
1626 1956 1971 2012 incredibile
1996 1962 2085 2012 est
2105 1956 2313 2012 vinum
2337 1956 2464 2012 fieri

2436 1956 2464 2012 'i
2572 1958 2662 2028 μὶν
2692 1952 2885 2017 ὕδατος
2917 1958 3075 2022 οἴνου,
3133 1959 3355 2029 αἵματος
3421 1953 3473 2009 δ’
3528 1954 3680 2021 αὖθις
3729 1955 3925 2021 ὕδατος
3972 1978 4187 2031 γεγενη-

803 2048 1005 2119 ipsum
1048 2046 1407 2117 sanguinem
1464 2045 1646 2116 hujus
1699 2044 1805 2117 qui
1860 2045 2001 2102 talia
2053 2045 2297 2117 perfecit
2349 2044 2462 2100 mi-

2436 2075 2462 2088 -
2572 2049 2756 2115 μένων,
2784 2041 2935 2097 οὐδὲν
2965 2047 3213 2111 ἄπιστον,
3253 2050 3325 2117 μὴ
3355 2046 3483 2118 οὐχὶ
3512 2051 3601 2099 καὶ
3656 2044 3788 2099 οἶνον
3847 2046 3975 2100 αὐτὸ
4033 2048 4183 2101 τοῦθ’

804 2136 1029 2202 racula,
1054 2141 1389 2193 extremum
1420 2134 1596 2191 nobis
1624 2138 1681 2190 et
1706 2134 1966 2191 salutare
2024 2136 2376 2207 mysterium
2408 2139 2465 2191 et

2432 2139 2465 2191 :t
2573 2136 2707 2206 αἷμα
2736 2141 2827 2186 τοῦ
2852 2137 2918 2186 τὰ
2960 2142 3179 2187 τοιαῦτα
3212 2136 3732 2210 θαυματουργοῦντος
3781 2139 4025 2208 γενέσθαι
4072 2142 4183 2209 (3),

805 2225 1053 2283 calicem
1090 2240 1271 2298 quem
1321 2225 1468 2297 ipse,
1528 2224 1801 2280 Ecclesiae
1847 2224 2030 2295 hujus
2062 2224 2463 2280 immaculata

2433 2243 2463 2279 θ
2572 2228 2628 2276 τὸ
2665 2222 2951 2275 τελευταῖον
2992 2220 3165 2282 δήπου
3218 2228 3509 2299 μυστήριον
3566 2230 3657 2277 καὶ
3721 2227 3845 2298 ἡμῖν
3891 2246 3948 2298 γε
4007 2233 4184 2284 σωτή-

805 2330 992 2389 quam
1014 2313 1125 2370 sibi
1153 2313 1466 2386 acquisivit
1495 2328 1778 2384 sponsus,
1801 2329 1873 2369 ex
1895 2313 2143 2386 perenni
2172 2314 2333 2370 fonte
2355 2314 2464 2369 mi-

2435 2342 2464 2368 _-
2572 2332 2705 2388 ριον,
2772 2317 2861 2365 καὶ
2903 2320 3025 2385 γοῦν
3076 2321 3318 2387 κρατῆρα
3378 2313 3431 2366 ὃν
3490 2314 3659 2381 αὐτὸς,
3718 2316 3743 2367 ὁ
3798 2320 3887 2367 καὶ
3950 2322 4041 2376 τῆς
4122 2316 4186 2377 ἧς

806 2409 950 2472 scet,
990 2403 1126 2459 vitae
1153 2407 1407 2474 aeternze,
1433 2401 1503 2457 iis
1534 2402 1636 2474 qui
1681 2402 2062 2474 participant,
2096 2402 2337 2474 pignus.
2381 2406 2465 2458 Ita

2436 2418 2465 2458 ξι
2576 2399 2799 2454 ἀσπίλου
2848 2400 3156 2465 Ἐκκλησίας
3212 2404 3439 2475 ἠγάγετο
3504 2408 3725 2477 νυμφίος
3791 2404 3879 2469 ὧν,
3958 2403 4014 2467 ἐξ
4098 2404 4187 2456 ἀε-

806 2495 946 2551 utin
977 2495 1092 2550 hoc
1109 2509 1232 2548 uno
1250 2491 1416 2565 quod
1436 2493 1497 2548 in
1521 2494 1681 2549 Cana
1727 2492 1952 2549 factum
1982 2497 2092 2561 est,
2114 2508 2237 2549 non
2268 2492 2464 2549 solum

2433 2508 2464 2548 α
2573 2510 2697 2544 ναου
2755 2498 2932 2563 πηγῆς
2996 2498 3168 2564 κιρνᾷ,
3234 2495 3371 2554 ζωῆς
3432 2492 3637 2545 αἰωνίου
3689 2500 3799 2555 τοίς
3891 2496 4184 2566 μετέχουσι

806 2583 1063 2639 aliorum
1113 2582 1327 2654 primo,
1382 2585 1439 2638 et
1504 2581 1632 2637 solo
1677 2580 1737 2636 in
1792 2580 1909 2637 hoc
1975 2597 2212 2652 genere,
2273 2586 2465 2639 totam

2435 2597 2465 2637 [ι
2573 2577 3085 2653 χορηγόν.⁶Ωστ-’ἐν
3115 2580 3188 2633 ἑνί
3231 2584 3398 2652 τούτῳ
3439 2588 3509 2652 τῷ
3565 2578 3613 2633 ἐν
3672 2587 3834 2649 Κανᾶ,
3902 2586 3973 2656 μὴ
4026 2588 4186 2655 μόνον

806 2687 935 2728 esse
960 2670 1435 2727 demonstratam
1458 2669 1668 2726 salutis
1708 2674 1927 2727 nostra;
1954 2671 2235 2727 virtutem
2256 2670 2467 2727 ﬁdem-

2436 2699 2467 2725 ,-
2574 2675 2762 2743 πρώτῳ
2787 2678 2884 2721 τῶν
2946 2669 3129 2738 ἄλλων,
3182 2670 3313 2722 ά).λὰ
3360 2676 3451 2723 xui
3508 2674 3647 2742 μόνῳ
3704 2690 3763 2742 γε
3823 2675 3947 2737 ὄντι,
4006 2679 4187 2725 πᾶσαν

805 2776 925 2834 que
955 2758 1142 2817 solide
1173 2758 1520 2817 stabilitam.

2576 2761 2721 2831 ἡμῶν
2772 2754 3163 2830 ἀποδεδεῖχθαι
3219 2763 3311 2818 τὴν
3360 2767 3459 2821 τῆς
3516 2764 3781 2833 σωτηρίας
3854 2760 4014 2833 ἰσχὺν
4096 2766 4189 2815 xui

2579 2846 2791 2921 στερῥὰν
2816 2850 2910 2905 τὴν
2934 2851 3114 2899 πίστιν
3133 2842 3465 2920 ἐνιδρύσθαι.

877 2941 958 2994 Tu
990 2942 1193 2994 autem
1224 2936 1274 2992 si
1302 2934 1452 3009 quid
1482 2935 1777 2993 excelsius
1816 2936 2053 2993 noveris
2083 2940 2140 2993 et
2165 2936 2461 3005 docueris,

2439 2957 2461 3005 ;,
2648 2940 2714 2987 Σὺ
2764 2931 2824 2988 δε
2873 2935 2899 2987 ὃ
2948 2955 3000 2987 τι
3048 2935 3108 2988 ἂν
3161 2936 3283 2988 ἄλλο
3328 2942 3417 2988 xui
3464 2940 3644 3008 γνοίης
3706 2936 4025 3012 ὑψηλότερον
4096 2944 4190 2992 xui

806 3032 1013 3100 utpote
1035 3026 1140 3099 qui
1167 3025 1269 3081 Dei
1303 3025 1805 3093 miracula,hocce
1836 3030 1893 3082 et
1921 3030 2134 3082 caetera
2162 3025 2466 3093 bene,imo

2443 3041 2466 3082 3
2579 3020 2843 3093 διδάξαις,
2926 3022 3015 3077 ἆτι
3067 3030 3157 3078 xui
3218 3032 3351 3079 Θεοῦ
3401 3033 3501 3078 τῶν
3552 3028 3829 3099 θαυμάτων
3894 3030 4084 3080 τούτου
4138 3047 4194 3081 τι

805 3116 1022 3174 melius
1052 3119 1366 3188 penetrare
1394 3115 1621 3183 valeas,
1647 3115 1789 3171 huic
1814 3120 1871 3172 et
1901 3130 2013 3171 nos
2050 3120 2318 3172 mentem
2358 3114 2464 3172 ad-

2444 3144 2464 3155 -
2577 3117 2794 3165 καὶτῶν
2834 3112 3020 3181 ἄλλων,
3061 3116 3112 3175 ὶς
3166 3115 3230 3165 τὰ
3277 3113 3513 3186 μα’)ιστα
3570 3119 3660 3167 xui
3712 3113 3863 3176 πλέος
3914 3114 4194 3189 ἐφικέσθαι

805 3205 1102 3273 bibentes,
1122 3208 1234 3261 tuae
1274 3203 1536 3261 scientiae
1556 3204 1877 3277 participes
1905 3204 2149 3261 erimus.
2508 3240 2549 3296 ρ

2508 3240 2549 3296 C
2581 3199 2946 3276 δεδυνημένος,
2973 3207 3142 3276 τούτῳ
3170 3200 3235 3264 δὴ
3265 3209 3356 3257 xui
3387 3204 3535 3258 αὐτοὶ
3563 3209 3651 3258 τὸν
3704 3213 3823 3259 νοῦν
3878 3214 4191 3281 προσσχόν-

2580 3312 2657 3354 τες
2688 3294 2785 3365 (4),
2816 3296 3001 3347 τούτου
3029 3294 3089 3346 οἶν
3122 3298 3210 3347 xui
3243 3296 3537 3366 γενοίμεθα.

885 3492 963 3561 (1)
1026 3492 1240 3547 Joann.
1307 3506 1413 3563 ιιι)
1448 3493 1480 3546 8
1516 3506 1528 3545 :
1560 3492 1629 3563 Ἰξό
1678 3495 1918 3563 πνεῦμα,-
1944 3492 2087 3563 (ὅπου
2143 3489 2294 3563 θιᾌει,
2334 3499 2469 3562 πνεῖ,

2364 3499 2469 3562 νεῖ,
2653 3491 2733 3560 (2)
2755 3488 3006 3547 Videtur
3024 3489 3313 3563 excidisse
3340 3490 3597 3563 verbum
3640 3490 3844 3548 forsan
3876 3491 4115 3556 ἐξῆλθεν.

811 3559 903 3615 και
966 3567 1060 3620 τήν
1124 3566 1293 3634 φωνήν
1355 3561 1517 3634 αὐτοῦ
1575 3559 1813 3622 ἁκούιιςί
1844 3561 1955 3634 ἀλλ’
2003 3562 2095 3614 οὐκ
2134 3559 2284 3623 οἶδας
2320 3559 2471 3617 πόθεν

2247 3559 2284 3623 ις
2320 3559 2471 3617 πόθεν
2654 3565 2731 3634 (3)
2768 3563 2999 3634 Scilicet
3041 3562 3103 3618 in
3149 3562 3533 3634 Eucharistiae
3597 3570 3998 3620 sacramento.

815 3582 903 3615 και
966 3567 1060 3620 τήν
1124 3566 1293 3634 φωνήν
1355 3565 1517 3614 αὐτοῦ
1575 3565 1802 3622 ἀκούεις’
1844 3565 1955 3614 ἀλλ’
2003 3565 2095 3614 οὐκ
2134 3565 2283 3623 οἶδας
2320 3566 2471 3617 πόὓιν

815 3635 1032 3708 ἔρχεται
1084 3642 1343 3709 ξιαιμποῦ
1402 3633 1611 3706 ὑπάγειν
1673 3636 1836 3695 οὕτως
1893 3632 2007 3685 ἐστί
2062 3640 2166 3696 πᾶς
2221 3638 2252 3685 ὅ
2285 3653 2469 3706 γεγεν-

2320 3566 2471 3617 mm.
2654 3566 2708 3627 (3
2768 3565 2999 3619 Scilicet
3041 3565 3103 3618 in
3149 3565 3533 3619 Eucharistiae
3597 3570 3999 3620 sacramento.

2291 3653 2469 3706 γιγιν-
2651 3565 2733 3707 (4)
2764 3632 2849 3689 Cf.
2882 3634 3069 3690 Baehr.
3113 3633 3191 3691 ad
3231 3634 3503 3691 llerodot.
3546 3638 3587 3692 t.
3633 3638 3671 3705 I,
3711 3651 3818 3709 pp.
3858 3639 4042 3703 8,926.

814 3701 1032 3779 νἠμὲνος
1071 3702 1145 3758 δι’
1194 3701 1405 3765 ὕδατος.

812 3828 3469 3858 w

2135 4016 2368 4108 ΤΟΥ
2469 4014 2859 4109 ΑΥΤΟΥ

2214 4228 2385 4279 ΠΡΟΣ
2417 4231 2553 4279 TON
2584 4230 2804 4278 ΑΥΤΟΝ

891 4388 1006 4446 Ἐπὶ
1068 4400 1128 4451 τῆ
1202 4396 1333 4467 πρὸς
1392 4393 1479 4444 τὸν
1556 4390 1731 4445 Ἠλὶαν
1796 4391 2004 4451 αἰτήσει
2070 4400 2164 4446 τοῦ
2231 4389 2535 4448 Ἐλισσαίου
2604 4398 2695 4446 καὶ
2781 4402 2891 4456 τοῖς
2987 4392 3105 4447 κατ’
3204 4392 3367 4453 αὐτὴν
3445 4388 3855 4471 διηπορημένοις
3922 4415 3934 4430 ·
4002 4401 4137 4471 πρὸς

1364 4501 1569 4545 τουτοις
1608 4478 1668 4535 δὲ
1705 4486 1795 4534 καὶ
1828 4484 1903 4535 ἔτι
1930 4481 2089 4535 πλείω
2118 4502 2172 4536 εκ
2201 4491 2302 4555 τῷν
2334 4482 2677 4557 Euris/dimi
2705 4487 2794 4537 xui
2820 4485 3113 4558 ἠπορηνται
3151 4488 3238 4538 xui
3276 4482 3513 4537 λελυνται
3543 4489 3583 4543 ⁸.

1565 4803 2330 4929 EJUSDEM
2414 4805 2645 4930 AD
2735 4805 3454 4932 EUMDEM

816 5050 888 5107 In
906 5050 1258 5123 petitionem
1269 5049 1479 5109 Eliswi
1498 5052 1579 5109 ad
1590 5050 1788 5110 Etiam
1811 5058 1865 5110 et
1893 5052 1956 5109 in
1978 5052 2162 5111 dubia
2184 5069 2317 5126 qum
2336 5054 2410 5112 de
2428 5056 2540 5112 illa
2557 5060 3017 5127 proponuntur;
3034 5056 3472 5127 insuperplura
3494 5068 3567 5113 ac
3583 5056 3820 5126 majora
3840 5070 3916 5113 ea:
3928 5055 4215 5132 Evange-

1526 5140 1539 5152 '
1892 5142 1987 5199 (iis
2018 5143 2081 5201 in
2106 5143 2357 5202 dubium
2388 5148 2600 5207 vocata
2630 5150 2773 5202 sunt
2799 5160 2872 5203 ac
2901 5146 3120 5202 soluta.

2473 5273 2543 5286 -ο

886 5368 1058 5426 Prius
1082 5367 1332 5442 quidem
1361 5367 1629 5427 habebat
1670 5384 1768 5427 me
1790 5365 1985 5439 timor,
2010 5386 2209 5444 neque
2229 5368 2325 5427 ille
2346 5386 2480 5444 par-

2464 5399 2480 5411 -
2664 5370 2794 5446 Εἶχε
2851 5374 2943 5446 μὲν
2991 5369 3079 5444 ἕμὶ
3131 5374 3220 5425 καὶ
3283 5375 3531 5447 πρότερον
3590 5372 3667 5447 (1)
3736 5368 3907 5444 φόϐος,
3958 5375 4053 5426 xui
4084 5370 4215 5427 οὐδὲ

813 5474 952 5532 vus,
983 5475 1058 5517 ne
1110 5460 1285 5517 nimis
1332 5459 1535 5518 audax
1564 5459 1767 5519 videre
1800 5462 1849 5519 si
1902 5478 2105 5520 sacras
2145 5461 2481 5536 Scripturas

2464 5479 2481 5519 Β
2591 5465 2781 5538 μικρὸς
2845 5454 2907 5522 ἦν
2964 5458 3130 5533 οὗτος,
3197 5465 3269 5536 μὴ
3335 5466 3389 5516 τί
3452 5482 3513 5536 γε
3578 5461 3793 5536 τολμᾷν,
3835 5460 3921 5517 ἐπὶ
4000 5467 4215 5538 Γραφὰς

885 5640 1217 5716 {Ecodice
1256 5641 1423 5714 regio
1448 5645 1611 5710 2105,
1638 5657 1779 5716 pag.
1804 5642 1931 5711 266,
1962 5646 2015 5700 2.

887 5713 966 5785 (1)
992 5715 1217 5775 Forsan
1239 5713 1381 5774 cum
1406 5715 1480 5775 de
1505 5713 1799 5777 miraculo
1823 5715 1982 5777 facto
2004 5716 2069 5776 in
2096 5718 2259 5777 Cana
2286 5713 2647 5791 inquireret;
2677 5714 2773 5776 vel
2798 5714 3097 5777 sententia
3116 5714 3177 5775 in
3200 5730 3419 5790 genere
3444 5713 3701 5790 prolata.
