4434 6452
286 411 418 465 14ὕ7

286 534 423 594 una;
452 532 613 597 ἰοντα,
644 532 714 594 εἰς
748 532 913 606 βάθος
944 536 971 593 ἦ
1046 535 1111 596 εἰς
1165 537 1297 608 ὕψος
1346 543 1541 591 τούτων
1598 537 1879 608 πειρᾶσθαι
1908 535 1957 588 Α

286 622 430 687 ἰέναι,
463 618 592 693 μηδ’
616 621 890 689 ἐξετάζειν,
924 627 1054 696 μήθ’
1100 628 1201 678 ὅσα
1258 633 1327 699 μὴ
1393 625 1493 695 δεῖ,
1547 628 1671 699 μηθ’
1722 627 1755 677 ἁ
1805 629 1875 696 μὴ

279 714 412 764 πάνυ
466 730 517 762 τι
570 709 810 783 ἀσφαλες,
863 710 1003 785 μηδὲ
1077 734 1135 785 γε
1203 716 1670 789 πολυπραγμονεῖν,
1749 710 1879 785 μηδ’

285 798 388 852 οῖον
436 801 718 873 γυμνάζειν
785 821 871 853 και
948 799 1253 875 δοκιμάζειν
1330 804 1511 858 ἐθελειν
1597 809 1682 857 τον
1764 810 1879 855 νουν

285 887 333 941 ἓν
376 896 484 949 τοῖς
547 888 865 963 ἀποκρύφοις
930 891 1117 955 αὐτῶν,
1185 893 1291 946 ἐπεί
1346 891 1486 966 μηδὲ
1534 914 1695 946 πασιν
1744 891 1879 964 ἁγεῖ-

1794 1001 1881 1033 και

285 997 373 1031 ται
435 986 603 1032 ταυτα
650 1000 738 1031 και
786 982 885 1033 ὅσα
944 988 1035 1034 τοῦ
1090 987 1404 1055 Πνεύματος,
1468 984 1571 1035 ἀλλ’
1656 982 1728 1043 οἷς

198 1064 207 1071 ”
283 1068 564 1120 τουτέστί
602 1065 898 1141 δεδομένον,
946 1067 1277 1130 δεδυνῆσθαν
1330 1070 1572 1131 δηλονότι
1628 1081 1726 1125 τῶν
1786 1068 1879 1122 δε-

288 1152 323 1208 δ
327 1175 422 1227 ογμ
432 1160 550 1208 ἐνων

664 1156 980 1229 ἐφικνεῖσθαι

287 1247 566 1315 Πνευματι·
617 1264 705 1297 και
771 1250 829 1298 τὸ
905 1255 998 1307 τῆς
1078 1250 1215 1309 θείας

1082 1179 1171 1211 και
1269 1162 1527 1233 ὑπηγορευ
1532 1165 1692 1232 μένων
1806 1165 1878 1227 τῷ

1292 1257 1428 1320 parari
1442 1270 1462 1310 ς
1530 1252 1655 1322 πρὸς
1737 1246 1876 1299 τοῦτ’

286 1334 432 1404 οἶμαι
486 1333 676 1405 μᾶλλον
738 1334 924 1407 φέρειν,
956 1358 981 1384 ι(
1012 1336 1275 1410 Ἐρευνάτε
1310 1339 1382 1407 (Ι)
1432 1341 1519 1398 τὰς
1573 1339 1795 1411 Γραφάςο
1851 1357 1878 1385 ν)

281 1425 522 1474 τουτέστι
583 1427 651 1495 μὴ
727 1428 857 1496 πρὸς
912 1428 1108 1486 πάντας
1182 1424 1309 1479 εἶναι
1397 1432 1490 1485 τὴν
1565 1428 1877 1500 προτροπὴν,

279 1509 408 1562 ἀλλά
459 1530 509 1563 τι
554 1515 677 1586 πρὸς
717 1511 957 1582 ἐκείνους,
998 1515 1075 1575 οἷς
1125 1534 1211 1566 και
1276 1518 1332 1566 τό
1412 1517 1666 1588 εὑρίσκειν
1740 1514 1878 1566 ἐστίν

281 1602 345 1661 ὡς
397 1602 562 1672 ὀρθῶς
644 1602 781 1655 ἔστιν
848 1601 896 1654 ἐν
976 1603 1177 1669 αὑταῖς,
1258 1605 1667 1678 κεκαθαρμένους
1733 1603 1880 1662 ὅλους

281 1708 371 1740 και
394 1698 546 1761 σῶμα
570 1710 658 1741 και
686 1690 917 1761 γλῶτταν
975 1711 1064 1744 και
1112 1692 1297 1763 ψυχὴν
1345 1712 1434 1744 και
1478 1689 1736 1757 διάνοιαν,
1790 1710 1879 1742 και

282 1785 406 1849 γοῦν
450 1782 534 1831 τὸν
585 1783 773 1854 τρόπον
821 1787 1001 1832 τοῦτον
1056 1777 1457 1853 δεδυνημένους,
1530 1786 1696 1855 χωρίς
1788 1799 1879 1837 κη-

284 1863 639 1940 λῖδος,φωτός
696 1866 824 1921 εἶναι
868 1876 961 1922 τοῦ
1019 1871 1155 1922 θείου
1218 1866 1509 1936 δεκτικοὺς,
1559 1890 1647 1921 και
1688 1868 1881 1921 ἀποκα-
1919 1897 1957 1951 Β

285 1955 483 2026 λύψεων
531 1977 621 2009 και
676 1964 918 2029 μυήσεων
979 1958 1306 2031 ὑψηλοτέρων
1392 1966 1483 2011 τοῦ
1560 1958 1676 2011 καθ’
1747 1960 1881 2030 ἡμᾶς

284 2052 372 2097 νοῦ
399 2066 487 2098 και
516 2054 611 2108 τῆς
654 2047 767 2099 κατ’
813 2047 967 2100 αὑτὸν
1030 2048 1221 2119 ἰσχύος
1263 2068 1351 2100 και
1400 2052 1615 2119 φύσεως.
1678 2047 1737 2101 Εἰ
1778 2049 1879 2119 γὰρ

284 2132 521 2206 ἀνάγνοις
575 2140 762 2211 χερσίν
837 2137 895 2188 ου
977 2138 1121 2208 θέμις
1193 2146 1293 2189 τῶν
1378 2138 1545 2208 ἁγνῶν
1627 2138 1884 2190 ἅπτεσθαι

284 2245 372 2277 και
418 2228 680 2295 καθαρῶν,
736 2227 765 2285 ἧ
820 2246 920 2279 που
986 2227 1115 2279 πολὺ
1165 2247 1252 2279 και
1332 2227 1570 2279 πλεῖστον
1632 2228 1751 2279 ὅσον
1827 2231 1883 2279 τὸ

285 2311 401 2376 δέος
451 2322 568 2366 νοῦν
616 2319 685 2387 μὴ
732 2318 1109 2390 κεκαθαρμένον
1164 2312 1301 2387 μηδὲ
1357 2313 1594 2369 διάνοιαν
1673 2315 1886 2387 ἐμϐιϐά-

285 2404 389 2465 ζειν
438 2402 723 2477 βιάζεσθαί
778 2425 868 2457 και
917 2407 1248 2480 προσχωρεῖν
1301 2426 1389 2457 και
1446 2404 1549 2457 οἷον
1623 2424 1885 2476 συμπαρε-

281 2495 575 2547 κτείνεσθαι
622 2500 729 2556 τοῖς
795 2495 1199 2569 ὑπερκειμένοις,
1260 2515 1349 2547 και
1407 2491 1573 2566 μηδὲν
1634 2492 1883 2566 ἄφικτοῖς,

282 2587 361 2637 ὅτι
409 2588 480 2655 μὴ
532 2582 640 2655 μετ’
694 2582 1007 2656 ἀκραιφνοῦς
1076 2583 1309 2656 ἁγισμοί)
1368 2589 1457 2637 καὶ
1541 2584 1604 2645 ἧς
1681 2583 1885 2656 εἰπομεν

280 2672 474 2734 τελείας
514 2674 681 2744 καθάρ
692 2691 834 2733 σεως.

355 2761 430 2813 Οὐ
484 2765 586 2833 μὴν
629 2759 761 2829 ἀλλ’,
830 2757 1012 2819 ἐπειδὴ
1075 2766 1201 2814 Θεοῦ
1286 2765 1377 2814 καὶ
1458 2768 1623 2814 ταῦτα
1702 2765 1885 2833 φωναὶ,

289 2873 307 2899 ι
341 2850 553 2907 Ζητεῖτε
581 2851 683 2919 (2),
730 2854 819 2902 καὶ
883 2852 1145 2922 εὑρήσετε,
1201 2852 1409 2922 κρούετε
1464 2855 1554 2903 καὶ
1614 2848 1888 2921 ἀνοιγήσε-

282 2958 387 3001 ται,
440 2961 468 2989 ››
522 2944 775 3011 πρόσιμεν
838 2944 927 2991 καὶ
984 2939 1155 3006 αὐτοὶ,
1220 2941 1493 3001 ζητοῦντες
1552 2940 1734 3014 εὑρεῖν.
1790 2943 1889 2991 Καὶ

284 3030 535 3103 κρουομεν
602 3024 669 3085 δὴ
730 3036 931 3101 πρῶτον
987 3031 1073 3081 τὸν
1130 3036 1267 3092 νοῦν,
1327 3028 1451 3081 ὥστ’
1518 3027 1567 3081 ἓν
1643 3035 1885 3103 προσοχῇ

285 3125 619 3192 γρηγορῆσαι
670 3122 759 3169 καὶ
814 3122 1124 3170 ταπεινώσει
1175 3122 1265 3170 καὶ
1323 3116 1569 3190 συντριϐῇ
1640 3114 1885 3191 καρδίας·

288 3205 377 3258 εἶτ’
432 3205 588 3257 αὐτὸν
628 3206 819 3277 ἄγομεν
876 3204 963 3258 ἐπὶ
1024 3208 1114 3267 τὰς
1178 3204 1511 3277 ὶγκλειούσας
1556 3206 1722 3267 πύλας
1798 3210 1888 3258 καὶ

285 3296 378 3356 τὰς
416 3292 715 3366 ἐπικρύψεις
772 3293 939 3346 αὐτῶν
986 3302 1085 3346 τῶν
1127 3296 1271 3347 Θείων
1335 3300 1567 3367 Γραφὼν,
1633 3293 1891 3367 βάλλοντα

285 3385 375 3454 μὲν
403 3380 453 3444 ἐς
474 3382 650 3452 αὐτὰς,
712 3382 804 3434 οὐκ
870 3380 1077 3453 ἀφόϐως
1134 3379 1212 3453 δὲ,
1268 3388 1357 3435 καὶ
1404 3390 1529 3454 γουν
1590 3386 1721 3455 μετὰ
1764 3382 1889 3435 πολ-

283 3471 373 3523 λοῦ
412 3491 547 3533 τινος
593 3478 685 3523 τοῦ
739 3467 885 3532 δέους
945 3472 1205 3532 ζητοῦντα
1249 3473 1477 3547 ⁸όαγῆναι
1540 3475 1731 3532 ταύτας
1812 3470 1890 3543 ἐφ’

284 3562 458 3611 ἰκανὸν
505 3564 593 3611 καὶ
651 3559 1041 3630 ὑπανοιχοῆναι
1103 3560 1265 3629 αὐτῷ,
1323 3564 1412 3613 καί
1470 3556 1538 3619 δὴ
1621 3565 1888 3633 γενόμενον

1781 3647 1887 3700 ἀλλ’

282 3739 402 3790 ὅσον
432 3737 493 3788 οἶν
553 3742 643 3789 καὶ
692 3732 1006 3808 διδαχθείη,
1049 3740 1118 3798 ὡς
1171 3739 1271 3790 ὑπὸ
1324 3740 1768 3810 παραπετάσματι
1816 3746 1889 3808 τῷ

281 3649 422 3711 ἐντὸς
476 3644 641 3721 μηδὲν
698 3644 836 3700 ἴδιον
884 3653 1021 3720 μὼτε
1076 3657 1263 3706 νοῆσαι
1310 3648 1435 3721 μήτ’
1508 3648 1685 3720 εἰπεῖν,

280 3830 562 3899 φαινομένῳ
613 3830 962 3901 κρυπτόμενον
1018 3831 1107 3878 καὶ
1168 3832 1239 3898 μή
1292 3829 1427 3879 πάνυ
1487 3846 1537 3878 τι
1594 3823 1754 3885 δῆλον
1834 3826 1888 3878 ὃν

280 3923 390 3977 τοῖς
418 3912 647 3975 πολλοῖς.

353 4004 429 4059 Οὐ
458 4008 560 4077 μὴν
591 4002 721 4070 ἀλλ’,
764 4002 870 4057 ἐπέὶ
918 4005 1064 4057 ταῦτ’
1112 4004 1288 4079 ἀρχὴν
1350 4013 1450 4058 τῶν
1519 4004 1696 4078 ἐφεξῆς
1764 4004 1887 4058 υπο-

285 4097 511 4167 Θεμένοις
573 4094 658 4147 ἐπὶ
729 4096 934 4156 τουτοις
1004 4094 1165 4157 ουτως
1250 4097 1440 4165 ἔχουσι
1516 4099 1605 4147 καὶ
1681 4093 1887 4169 Θαρρεῖν

282 4187 407 4258 ἡμῖν
471 4187 685 4250 ἔπεισιν,
746 4182 826 4235 ἐπ’
893 4183 1020 4236 αὐτὸ
1074 4189 1163 4236 καὶ
1223 4180 1290 4243 δὴ
1348 4184 1526 4236 λοιπὸν
1587 4184 1797 4257 ηκομεν,
1863 4186 1887 4237 ὁ

284 4271 352 4333 δὴ
405 4281 493 4326 νῦν
556 4278 646 4326 καὶ
704 4273 979 4336 ζητοῦντές
1034 4272 1207 4346 ἐσμεν,
1256 4272 1409 4326 Ἐστι
1460 4270 1519 4326 δέ
1573 4281 1726 4326 τοῦτο
1784 4278 1884 4340 τί;

280 4367 350 4418 Τὸ
397 4366 535 4417 κατὰ
591 4366 677 4415 τὸν
728 4362 903 4415 Ἠλίαν
963 4369 1052 4415 καὶ
1119 4362 1434 4430 Ἐλισσαῖον,
1506 4364 1543 4433 ᾧ
1625 4359 1887 4421 δήπουθεν

283 4454 356 4508 ἐνί
401 4473 461 4525 γε
513 4457 620 4505 ἄντι
671 4458 760 4505 καὶ
805 4451 983 4525 ἀπόρῳ
1031 4451 1187 4504 πλείω
1232 4457 1322 4504 καὶ
1371 4453 1535 4524 μείζω
1626 4456 1885 4527 συνεισέρ-

280 4564 459 4618 χεται,
488 4552 583 4605 τῆς
613 4541 774 4604 αὐτῆς
830 4540 953 4595 ὄντα
999 4547 1087 4594 καὶ
1140 4550 1307 4595 ταῦτα
1360 4540 1568 4615 ἐρεύνης
1622 4546 1714 4594 καὶ
1763 4540 1887 4595 ἀπο-

281 4641 419 4710 ρίας.

351 4726 555 4777 Ἀκούει
608 4724 697 4795 μὲν
749 4723 850 4794 γὰρ
911 4720 1087 4781 ἸΙλίας
1167 4726 1300 4774 Θεοῦ
1372 4720 1635 4795 εἰρηκότος
1716 4719 1886 4774 Ἐλισ-

285 4822 431 4868 σαῖον
489 4816 678 4886 χρίσαι
743 4809 850 4863 ἀντ’
910 4810 1070 4862 αὐτοῦ
1126 4809 1195 4872 εἰς
1260 4815 1532 4885 προφήτην
1617 4810 1717 4880 (3),

280 4908 447 4977 χρίει.
504 4898 607 4955 Εἶτ’
661 4901 814 4972 ἄμφω
868 4901 951 4951 ἐπὶ
1006 4902 1091 4951 τόν
1142 4895 1411 4971 Ἰορδάνην
1478 4899 1655 4967 ἰόντες,
1709 4897 1885 4961 Ἢλίας

282 4993 438 5046 αὐτὸν
462 4990 695 5053 πατάξας
727 4997 789 5062 τῇ
822 4988 1035 5063 μηλωτῇ
1086 4992 1255 5061 τέμνει
1310 4988 1413 5061 (4),
1484 4993 1574 5041 καὶ
1637 4986 1884 5061 βαίνουσι

283 5080 377 5136 διὰ
434 5082 611 5155 ξηράςν
671 5088 769 5133 τῶν
826 5080 1093 5153 ῥευμάτων
1153 5079 1329 5139 αὑτοῖς
1377 5080 1880 5153 ὑποκέχωρηκὸτων.

1167 4726 1300 4774 Θεοῦ
1372 4720 1635 4795 εἰρηκότος

1796 4816 1885 4863 καὶ

280 5177 401 5226 Ἐπὶ
439 5170 497 5226 δε
551 5174 718 5242 τούτῳ
770 5170 947 5230 ’Πλίας
1011 5168 1265 5244 ἐπιτρέπει
1329 5170 1625 5223 Ἐλισσαῖον
1678 5174 1736 5221 τὸ
1791 5167 1883 5222 δο-

280 5271 402 5316 κοῦν
471 5262 609 5333 αὐτῷ
672 5259 910 5325 αἰτῆσαι,
962 5262 1029 5321 ὡς
1091 5264 1180 5311 xui
1242 5258 1480 5332 ἐσόμενον
1555 5259 1713 5329 αὐτῷ,
1792 5279 1883 5311 του

280 5353 457 5406 Ἠλιοῦ
487 5349 1049 5426 (5)πεποιηκότος.⁸0
1110 5344 1167 5403 δῖε
1234 5354 1290 5402 το
1348 5348 1427 5401 ἐπ’
1491 5351 1663 5421 ἐκείνῳ
1732 5358 1881 5402 πνεῦ-

352 5603 435 5674 (1)
462 5604 630 5674 Joan.
663 5616 713 5667 v,
748 5603 833 5655 39.

376 5680 429 5745 2)
457 5673 653 5730 Matth.
690 5688 785 5739 vn,
826 5676 878 5725 7.

376 5680 429 5745 2)
457 5679 653 5730 Matth.
690 5688 785 5739 vn,
826 5679 878 5725 7.

351 5679 427 5823 E3)
461 5748 526 5801 ΙΙΙ
556 5748 696 5815 Reg.
733 5758 847 5808 χιχ,
878 5748 932 5800 7.

1382 414 1471 470 DE
1510 411 1868 469 PFTITIONE
1911 409 2155 464 ELIS.i-Il
2195 412 2288 465 AD
2329 411 2558 467 ΕῌΑΜ.

3518 423 3646 474 1438

1990 532 2211 603 legens,
2237 550 2445 593 earum
2465 535 2935 609 profunditatem
2960 537 3050 593 vel
3068 538 3445 596 altitudinem
3468 557 3645 613 pene-

1990 626 2141 676 trare
2174 626 2547 690 tentarem,et
2574 624 2620 679 si
2653 624 3018 697 inquirerem
3050 644 3122 683 ea
3147 644 3285 699 quae
3318 644 3439 685 non
3470 648 3645 701 opor-

1991 714 2087 777 tet,
2105 715 2359 782 autquze
2383 728 2502 768 non
2528 729 2804 769 securum
2829 720 2916 769 est
2941 715 3260 787 inquirere,
3298 722 3355 772 et
3378 719 3425 772 si
3459 719 3644 774 nimio

1989 800 2201 855 ardore
2224 801 2420 857 studio
2446 802 2879 869 incumberem,
2913 810 2970 859 et
3011 806 3056 860 si
3108 810 3391 874 exerceri,
3450 814 3506 862 et
3549 824 3647 863 cx-

1989 887 2225 960 plorare
2252 890 2463 946 vellem
2494 907 2703 948 eorum
2755 898 3015 949 mentem
3066 910 3199 965 quae
3258 895 3318 949 in
3373 896 3443 950 iis
3503 897 3646 952 abs-

1989 976 2348 1042 condantur.
2374 996 2511 1036 cum
2534 996 2654 1037 non
2674 982 2958 1037 omnibus
2981 982 3157 1037 detur
3178 998 3248 1037 ea
3275 988 3329 1037 et
3350 984 3647 1056 quidquid

1987 1067 2377 1138 estaSpiritu
2405 1075 2635 1135 sancto,
2687 1070 2792 1126 sed
2844 1072 2915 1125 iis
2968 1074 3200 1126 tantum
3254 1072 3475 1143 quibus
3533 1074 3645 1129 da-

1988 1158 2114 1210 tum
2146 1160 2251 1220 est,
2284 1162 2592 1227 penetrare
2621 1174 2797 1230 posse
2828 1164 2885 1215 et
2912 1158 3237 1225 intelligere
3277 1159 3570 1229 dogmata
3611 1178 3647 1218 a

1991 1243 2209 1315 Spiritu
2243 1250 2448 1301 sancto
2479 1248 2821 1318 praedicata.
2851 1252 2931 1303 Ac
2964 1248 3015 1302 is
3048 1252 3138 1302 est
3170 1263 3387 1303 sensus
3426 1249 3645 1306 divinas

1987 1332 2168 1402 hujus
2199 1333 2362 1389 vocis
2390 1352 2401 1389 :
2436 1360 2459 1384 «ι
2496 1337 2850 1392 Scrutamini
2883 1336 3237 1407 Scripturas;
3270 1360 3296 1386 ››
3330 1353 3401 1393 ea
3431 1339 3647 1394 exhor-

1990 1421 2131 1476 tatio
2154 1438 2274 1477 non
2306 1423 2382 1479 ad
2410 1440 2617 1481 omnes
2665 1425 2935 1496 pertinet,
2990 1425 3096 1480 sed
3140 1426 3218 1481 ad
3267 1442 3369 1481 eos
3414 1433 3647 1483 tantum

1988 1510 2210 1582 quibus
2236 1510 2371 1567 licet
2395 1518 2547 1569 recte
2579 1514 2841 1569 invenire
2870 1530 3005 1585 quae
3032 1514 3091 1568 in
3124 1516 3207 1568 eis
3246 1516 3643 1582 continentur,

1990 1598 2280 1653 mundum
2305 1599 2668 1656 habentibus
2695 1617 2912 1673 corpus
2934 1606 2987 1656 et
3013 1601 3283 1670 linguam
3308 1608 3363 1657 et
3387 1605 3645 1660 animam

1990 1687 2508 1755 etcogitationem,
2544 1695 2725 1760 atque
2766 1690 2866 1753 ita,
2901 1704 3042 1744 cum
3084 1694 3211 1744 sine
3241 1691 3480 1746 macula
3512 1693 3645 1756 sint,

1989 1775 2205 1830 divinae
2244 1777 2392 1832 lucis
2420 1777 2771 1849 capacibus,
2807 1794 2877 1835 ac
2908 1778 3340 1834 revelationum
3374 1780 3650 1836 initiatio-

1990 1880 2258 1937 numque
2282 1872 2487 1921 nostra
2508 1872 2707 1922 mente
2733 1882 2801 1922 ac
2831 1868 2882 1921 vi
2907 1872 2962 1922 et
2987 1872 3203 1922 natura
3231 1868 3649 1924 excelsiorum.

1994 1953 2049 2009 Si
2076 1954 2234 2009 enim
2264 1954 2594 2010 immundis
2641 1956 2924 2010 manibus
2973 1970 3097 2011 non
3136 1956 3271 2011 licet
3320 1962 3530 2013 sancta
3580 1974 3651 2013 ac

1992 2057 2148 2114 pura
2170 2048 2433 2113 tangere,
2466 2060 2610 2099 sane
2640 2044 3159 2116 quamplurimum
3193 2044 3534 2101 timendum
3565 2052 3655 2103 est

1992 2146 2067 2187 ne
2097 2147 2268 2187 mens
2301 2137 2404 2188 aut
2429 2132 2709 2203 cogitatio
2740 2149 2862 2189 non
2886 2132 3179 2188 mundata
3206 2139 3469 2206 nequeat
3488 2136 3653 2192 adire

1994 2224 2051 2275 et
2080 2220 2367 2276 accedere
2397 2236 2468 2276 ac
2497 2223 2806 2292 pervenire
2838 2222 2916 2276 ad
2949 2237 3019 2277 ea
3057 2238 3193 2293 quae
3234 2238 3419 2293 supra
3456 2223 3653 2293 ipsam

1993 2315 2323 2375 versentur,
2366 2326 2563 2383 neque
2604 2312 2901 2382 penetrari
2940 2311 3199 2376 valeant,
3234 2311 3360 2367 sine
3391 2314 3652 2383 perfecto

1994 2399 2093 2455 illo
2138 2401 2396 2457 candore
2426 2400 2829 2475 perfectaque,
2853 2416 3038 2475 quam
3060 2401 3341 2469 diximus,
3374 2402 3653 2475 purifica-

1997 2489 2175 2548 tione.

2069 2752 2344 2805 Attamen
2377 2748 2669 2821 quoniam
2702 2748 2799 2803 Dei
2840 2748 2932 2803 hae
2971 2764 3213 2821 quoque
3258 2764 3437 2805 voces
3469 2754 3609 2808 sunt
3640 2768 3654 2807 :

2002 2860 2029 2889 ιι
2054 2838 2324 2904 Quaerite,
2357 2843 2411 2895 et
2444 2838 2780 2908 invenietis,
2809 2837 3136 2910 pulsate,et
3161 2838 3477 2911 aperietur,
3509 2861 3537 2889 »
3560 2857 3657 2897 ac-

1999 2928 2270 2986 cedimus
2304 2931 2361 2983 et
2389 2942 2520 2993 nos,
2550 2933 2886 2999 quaerentes
2920 2931 2983 2983 ut
3009 2928 3416 2984 inveniamus.
3445 2930 3658 3002 Etpul-

2002 3034 2208 3075 samus
2234 3018 2496 3089 primum
2520 3021 2804 3085 mentem,
2844 3016 2926 3072 ita
2966 3021 3030 3072 ut
3058 3017 3117 3072 in
3150 3017 3475 3074 attentione
3510 3019 3657 3089 \igi-

1997 3108 2191 3164 lemus
2213 3106 2623 3163 ethumilitate
2654 3123 2723 3163 ac
2746 3106 3097 3163 contritione
3129 3106 3325 3163 cordis
3379 3124 3392 3174 ;
3440 3108 3659 3166 deinde

1998 3198 2192 3270 ipsam
2224 3196 2501 3252 ducimus
2525 3195 2604 3252 ad
2657 3200 2859 3269 portas
2899 3195 3243 3252 claudentes
3292 3201 3350 3252 et
3399 3197 3662 3253 celantes

1999 3286 2235 3341 divinas
2269 3285 2623 3356 Scripturas,
2657 3300 2758 3341 eas
2808 3284 3056 3357 quidem
3112 3284 3477 3356 pulsantem,
3533 3302 3659 3343 non

1998 3375 2231 3447 absque
2251 3374 2481 3439 timore,
2514 3380 2571 3429 et
2600 3390 2738 3429 cum
2783 3374 3049 3430 maximo
3106 3384 3271 3429 metu
3318 3375 3660 3446 cupientem

1998 3480 2099 3521 eas
2125 3465 2319 3532 frangi
2351 3463 2711 3519 sufﬁcienter
2738 3478 2809 3520 ac
2831 3464 3067 3534 aperiri,
3103 3467 3178 3532 et,
3206 3463 3456 3536 quando
3500 3470 3663 3520 intus

1997 3553 2192 3621 fuerit,
2225 3551 2372 3607 nihil
2404 3552 2611 3623 privati
2655 3557 2758 3608 aut
2809 3552 3073 3621 cogitare
3128 3560 3231 3608 aut
3281 3552 3499 3624 dicere,
3554 3553 3661 3610 sed

1997 3648 2293 3715 quantum
2327 3642 2468 3697 satis
2501 3644 2611 3697 erit
2660 3648 2721 3696 ut
2766 3642 3072 3708 doceatur,
3119 3647 3413 3716 tanquam
3464 3647 3659 3715 tapete

1998 3732 2314 3805 perspicuo
2350 3730 2611 3787 velatum
2633 3746 2828 3803 neque
2852 3730 3216 3787 multitudini
3247 3732 3655 3789 manifestum.

2068 4002 2364 4066 Attamen,
2398 3998 2693 4073 quoniam
2723 3998 2852 4055 haec
2882 3997 3244 4071 principium
3272 4014 3482 4055 eorum
3521 4014 3659 4071 quae

1997 4093 2273 4145 secutura
2312 4095 2467 4161 sunt,
2498 4088 2954 4161 supposuimus,
2989 4087 3204 4160 hisque
3230 4103 3292 4144 se
3322 4089 3405 4145 ita
3430 4088 3658 4146 haben-

1998 4179 2173 4250 tibus,
2208 4178 2494 4234 tiduciam
2526 4178 2749 4233 habere
2790 4176 2967 4232 nobis
3013 4177 3166 4241 licet,
3200 4176 3280 4232 ad
3318 4176 3382 4233 id
3416 4177 3661 4235 tandem

1996 4269 2290 4339 venimus,
2325 4267 2491 4340 quod
2524 4282 2684 4322 nune
2713 4281 2976 4338 quaerere
3002 4265 3317 4322 debemus.
3364 4267 3516 4332 Quid
3547 4284 3655 4323 au-

1996 4360 2115 4414 tem
2138 4357 2282 4412 illud
2310 4363 2397 4413 est
2426 4357 2453 4412 ?
2481 4356 2650 4420 Quod
2677 4356 2750 4412 ad
2783 4355 2971 4411 Eliam
3003 4362 3057 4411 et
3099 4355 3375 4412 Elisaeum
3410 4360 3660 4429 spectat,

1995 4463 2186 4503 unum
2217 4447 2461 4520 quidem
2480 4461 2549 4502 ac
2571 4444 2828 4516 difﬁcile,
2858 4445 2953 4500 cui
2975 4444 3148 4517 plura
3168 4450 3223 4502 et
3259 4446 3497 4517 majora
3518 4463 3660 4504 con-

1990 4536 2351 4606 junguntur,
2384 4552 2520 4609 quin
2541 4534 2754 4591 eodem
2780 4537 2959 4605 egent
2987 4534 3289 4604 examine,
3320 4550 3431 4592 nec
3454 4535 3657 4593 minus

1923 4611 1969 4665 Ῑ)
1997 4627 2265 4684 difﬁcilia
2304 4626 2601 4683 videntur.

2068 4716 2247 4772 Audit
2275 4716 2436 4771 enim
2490 4714 2640 4771 Elias
2686 4716 2874 4770 Deum
2926 4714 3223 4771 dicentem
3277 4718 3343 4772 ut
3381 4715 3657 4773 Elisaeum

1995 4807 2127 4864 loco
2160 4804 2347 4879 ipsius
2376 4804 2437 4860 in
2466 4803 2825 4877 prophetam
2853 4807 3043 4874 ungat
3081 4819 3093 4869 ;
3130 4807 3187 4860 et
3209 4804 3396 4874 ungit.
3430 4804 3652 4861 Deinde

1996 4896 2179 4955 ambo
2205 4895 2284 4951 ad
2306 4893 2628 4951 Jordanem
2652 4892 3069 4965 procedentes,
3104 4892 3256 4950 Elias
3281 4892 3509 4950 flumen
3532 4894 3659 4967 pal-

1993 4986 2072 5043 lio
2103 4985 2344 5059 pelliceo
2375 4981 2713 5055 percutiens
2734 4980 2964 5045 dividit,
2991 4986 3047 5037 et
3084 4998 3191 5055 per
3226 4982 3456 5038 siccum
3495 4984 3651 5039 ince-

1994 5076 2166 5146 dunt,
2200 5073 2480 5130 fluctibus
2510 5072 2579 5128 iis
2609 5070 3060 5128 obedientibus.
3100 5071 3324 5128 Deinde
3367 5071 3519 5129 Elias
3551 5073 3662 5128 Eli-

1996 5183 2118 5223 szeo
2148 5164 2517 5238 permittitut
2542 5179 2577 5217 a
2608 5178 2672 5217 se
2698 5161 2996 5234 quidquid
3028 5161 3337 5234 placuerit,
3372 5162 3654 5235 postulet,

1994 5263 2289 5329 tanquam
2318 5254 2433 5326 ipsi
2464 5251 2833 5321 adfuturum,
2873 5250 3164 5308 efﬁciente
3209 5251 3350 5308 Elia.
3392 5252 3488 5309 llle
3519 5269 3661 5309 vero

1994 5345 2316 5421 postulavit
2346 5348 2409 5400 ut
2438 5342 2681 5415 spiritus
2713 5340 2849 5397 Elite
2872 5340 3095 5414 duplex
3118 5357 3299 5415 super
3326 5342 3532 5416 ipsum
3554 5342 3656 5399 fie-

2069 5598 2142 5667 (4)
2182 5598 2249 5651 lV
2278 5598 2413 5666 Reg.
2444 5610 2505 5661 ιι,
2543 5595 2601 5649 8.

2064 5664 2146 5740 (5)
2188 5668 2276 5726 Ob
2313 5664 2484 5728 ἰιλίας
2522 5664 2739 5722 melius
2765 5672 2858 5719 τοο
2886 5664 3085 5723 Ἡλίου.
