4434 6452
776 430 913 485 1459

772 641 1141 713 postulatum
1168 644 1312 703 erat,
1344 638 1446 694 sed
1474 656 1593 694 non
1622 641 1874 695 omnino
1924 655 2121 710 neque
2167 654 2426 710 semper.

777 730 889 785 Sed
920 752 948 779 κ
978 730 1035 785 Si
1062 728 1281 783 videris
1312 744 1425 795 me,
1481 729 1692 799 inquit,
1738 729 1988 800 quando
2043 728 2215 783 tollar
2272 742 2307 781 a
2350 733 2426 791 te,

774 817 880 872 erit
911 816 1012 870 tibi
1042 816 1124 870 ita
1166 819 1229 869 ut
1284 814 1616 885 postulasti.
1680 838 1701 863 ι
1757 818 1819 870 Ει
1871 815 2146 870 abierunt
2198 818 2427 886 postea.

774 908 1096 977 Postquam
1146 909 1344 959 autem
1404 904 1621 967 abiere,
1676 905 1915 959 Eliseeus
1966 920 2206 959 currum
2252 902 2427 972 ignis,

775 994 1005 1066 aspicit,
1032 994 1092 1047 in
1124 1008 1315 1063 eoque
1336 993 1519 1048 Etiam
1550 993 1751 1048 statim
1779 1001 2017 1065 raptum
2050 998 2228 1063 atque
2269 990 2432 1046 abla-

775 1088 923 1138 tum.
954 1084 1020 1135 Et
1049 1086 1372 1152 postquam
1404 1081 1465 1136 id
1501 1081 1667 1146 vidit,
1699 1088 1754 1136 et
1780 1083 1838 1136 in
1864 1082 2048 1153 petita
2080 1080 2270 1147 gratia
2295 1095 2433 1133 con-

774 1171 922 1239 ﬁdit,
950 1171 1146 1225 statim
1170 1185 1496 1224 conversus
1521 1171 1595 1224 ad
1621 1171 1964 1233 Jordanem,
1986 1169 2165 1239 pallio
2186 1168 2432 1240 pelliceo

777 1266 835 1316 et
862 1261 991 1331 ipse
1036 1258 1258 1313 ﬂumen
1300 1260 1571 1328 percutit.
1609 1259 1751 1313 Illud
1785 1265 1983 1313 autem
2022 1260 2267 1313 minime
2296 1257 2435 1311 obe-

776 1347 863 1403 dit
892 1362 1086 1419 neque
1116 1345 1359 1400 ﬁnditur
1391 1362 1585 1417 neque
1617 1347 1900 1401 dividitur
1933 1352 1996 1400 ut
2022 1346 2207 1417 prius,
2236 1360 2432 1415 neque

779 1450 1005 1489 Siccum
1029 1432 1132 1488 dat
1160 1432 1367 1487 Elisaao
1390 1433 1554 1503 apud
1582 1434 1778 1504 ipsum
1811 1433 2009 1487 videre
2041 1433 2431 1486 auttransire.

780 1525 845 1577 Et
873 1521 1188 1593 propheta,
1222 1537 1361 1575 cum
1398 1526 1674 1575 maereret
1704 1522 1869 1593 quod
1900 1537 2020 1575 non
2059 1520 2241 1574 modo
2311 1536 2429 1574 non

777 1609 1099 1680 duplicem,
1129 1613 1193 1663 ut
1224 1609 1647 1679 postulaverat,
1679 1610 1783 1663 sed
1827 1625 1901 1663 ne
1940 1608 2274 1679 simplicem
2306 1608 2435 1679 qui-

778 1697 919 1753 dem
945 1697 1218 1769 spiritum
1269 1697 1621 1767 accepisset,
1672 1702 1852 1770 atque
1899 1698 2056 1765 ignei
2117 1712 2327 1751 currus
2381 1701 2437 1750 et

781 1786 916 1841 Elim
957 1784 1325 1840 ascensionis
1357 1790 1653 1855 spectator
1683 1785 1907 1840 factus:
1943 1790 1999 1840 et
2030 1784 2278 1856 pallium
2310 1785 2436 1854 qui-

776 1872 917 1931 dem
938 1872 1250 1945 pelliceum
1279 1872 1461 1929 idem.
1482 1872 1832 1928 etJordanis
1858 1874 2017 1928 idem
2047 1878 2104 1927 et
2134 1874 2191 1926 in
2220 1872 2433 1927 iisdem
2467 1893 2509 1947 Β

779 1962 1096 2027 ﬂuctibus;
1148 1960 1361 2016 divisio
1410 1968 1611 2016 autem
1666 1961 1831 2016 nulla
1875 1978 2070 2033 neque
2103 1962 2312 2016 eadem
2369 1976 2439 2015 ac

778 2051 947 2123 prius
970 2049 1450 2121 separatio.Quid
1473 2050 1690 2105 deinde
1724 2050 1752 2103 εν
1770 2052 1911 2105 Hinc
1934 2066 2139 2104 rursus
2164 2050 2238 2105 ad
2259 2049 2435 2103 Etiam

780 2140 1021 2194 vertitur
1050 2146 1106 2192 et
1137 2137 1295 2197 illius
1320 2141 1505 2194 Deum
1546 2138 1784 2193 invocat
1827 2157 1839 2193 :
1883 2139 1940 2193 in
1983 2140 2095 2193 hac
2136 2152 2310 2209 prece
2340 2155 2440 2191 au-

780 2234 899 2283 tem
919 2228 1241 2283 Jordanem
1264 2245 1504 2282 rursum
1530 2230 1801 2299 percutit,
1828 2234 1885 2283 et
1906 2234 2069 2283 secat
2093 2228 2438 2297 verberans,

781 2320 839 2371 et
859 2315 1026 2370 illum
1048 2320 1341 2387 tanquam
1364 2333 1468 2388 per
1486 2317 1705 2372 siccam
1736 2320 1948 2371 terram
1974 2317 2201 2382 transit,
2244 2331 2439 2387 neque

782 2405 976 2472 magis
1007 2420 1201 2475 neque
1229 2405 1428 2459 minus
1456 2421 1645 2476 quam
1676 2404 1827 2459 Elias
1887 2411 1941 2460 et
1990 2405 2119 2474 ejus
2171 2405 2435 2475 spiritus,

782 2493 975 2548 sciens
1000 2493 1130 2561 jam
1160 2508 1220 2547 se
1246 2495 1458 2549 eadem
1489 2510 1689 2565 posse.

2126 425 2492 481 NICEPHORI
2531 422 2797 478 CHUMNI

774 558 879 607 ret.
917 555 980 607 Et
1005 549 1242 605 difﬁcile
1272 550 1516 621 quidem
1552 550 1876 606 arbitratus
1927 555 2015 605 est
2063 549 2216 604 Elias
2264 548 2427 619 quod
2459 552 2501 603 Α

2201 566 2216 603 5
2264 548 2427 619 quod
2459 552 2501 603 Α
2542 567 2615 612 μα
2666 546 2745 597 ἐπ’
2805 546 2965 613 αὐτῷ,
3021 546 3263 615 γενέσθαι
3315 542 3506 595 δισσὸν
3556 543 3773 595 αἰτεῖται
3850 543 3952 609 (ll.

4002 423 4141 474 1460

4037 549 4142 595 Καὶ

2542 635 2767 707 σκληρόν
2822 635 2997 694 Ἠλίας
3040 638 3098 685 τὸ
3148 634 3353 690 αἰτηθὲν
3409 634 3631 703 νομίζει,
3672 632 3777 683 ἀλλ’
3844 632 3904 683 οὐ
3981 635 4144 683 καθά-

2538 723 2664 786 παξ,
2698 719 2821 774 οὐδὲ
2886 726 3050 794 μέχρι
3114 726 3325 782 παντὸς·
3384 720 3512 785 ἀλλ’,
3578 742 3606 769 ιι
3648 720 3762 773 Ἐὰν
3803 717 3927 792 ἳδης
3973 740 4053 792 με,
4112 740 4141 770 ι

4041 815 4146 861 Καὶ

2538 899 2775 972 ἀπῄεσαν
2860 898 3001 949 ταυτ’
3069 899 3312 959 εἰπόντες.
3366 900 3505 950 Ἐπεὶ
3562 894 3612 949 δ’
3665 896 3919 969 ἀπῄεσαν,
3969 897 4146 949 Ἐλισ-

2540 817 2721 871 φησὶν,
2766 809 3268 881 ἀναλαμϐανόμενον,
3317 812 3464 861 ἔσται
3523 828 3607 861 σοι
3672 808 3850 870 οὓτως.
3918 831 3944 857 η

2542 996 2686 1047 σαῖος
2739 987 2883 1061 άρμα
2932 990 3098 1059 πυρὸς
3157 985 3352 1057 βλέπει.
3413 985 3495 1038 ἐπὶ
3568 983 3627 1038 δὲ
3699 990 3885 1037 τούτου
3961 986 4146 1038 Ἠλίαν

3654 1080 3755 1127 Καὶ
3830 1077 3909 1126 ὅτι
3994 1075 4146 1126 ταῦτ’

3980 1160 4144 1223 δῆτα,

2543 1256 2785 1325 στραφεὶς
2853 1250 2935 1302 ἐπὶ
3002 1254 3091 1302 τὸν
3153 1247 3446 1323 Ἰορδάνην,
3511 1259 3573 1321 τῇ
3644 1251 3855 1323 μηλωτῇ
3902 1256 3992 1301 καὶ
4053 1251 4147 1301 ar)-

2540 1076 2693 1136 εὐθὺς
2745 1076 3043 1147 ἁρπαγέντα
3094 1080 3364 1145 φερόμενον
3443 1077 3567 1128 ἄνω.

2541 1161 2646 1216 εἶδε
2696 1170 2783 1215 καὶ
2827 1163 3140 1237 τεθάρῥηκεν
3189 1160 3295 1221 ἤδη
3375 1169 3468 1221 τὴν
3538 1165 3721 1236 χάριν,
3792 1169 3882 1214 καὶ

2540 1343 2628 1399 τὸς
2652 1341 2934 1391 πάτάσσευ
2970 1341 2995 1389 ο
3034 1335 3084 1389 δ’
3138 1339 3242 1408 οὐχ
3301 1341 3497 1391 ὑπείκει
3563 1340 3662 1407 (2),
3711 1336 3835 1390 οὐδὲ
3895 1342 4149 1408 σχίζεται

2541 1430 2610 1487 ὡς
2663 1432 2720 1479 τὸ
2777 1436 2977 1501 πρῶτον
3035 1424 3158 1478 οὐδὲ
3216 1425 3521 1499 διαιρεῖται,
3580 1424 3703 1479 οὐδὲ
3758 1427 3913 1500 ξηρὸν
3990 1424 4148 1478 οὐδὲν

2543 1512 2770 1566 δίδωσιν
2799 1514 2847 1566 ἐν
2906 1515 3073 1584 ἑαυτῴ
3116 1534 3232 1566 ουτε
3287 1513 3481 1587 βλέψαι
3530 1519 3615 1566 τὸν
3664 1515 3979 1573 Ἐλισσαῖον,
4034 1514 4152 1565 οὒτ’

2542 1603 2624 1655 ἐπι
2647 1623 2831 1655 τουτου
2859 1602 3041 1675 βῆναι.
3099 1609 3199 1655 Καὶ
3249 1604 3273 1653 ο
3325 1608 3599 1676 προφήτης
3652 1602 3699 1653 ἐν
3749 1602 3962 1673 ἀπορία,
4022 1602 4149 1675 ὅπερ

2542 1693 2707 1764 ᾖτησε
2730 1697 2820 1743 καὶ
2887 1688 2953 1748 δὴ
3012 1690 3183 1743 λαϐεῖν
3251 1695 3464 1760 ἤκουσε,
3521 1696 3591 1763 μὴ
3658 1690 3740 1743 ὁτι
3790 1711 3849 1761 ’γε
3903 1688 4150 1755 διπλοῦν,

2544 1780 2650 1832 ἀλλ’
2716 1778 2830 1832 οὐδ’
2894 1780 3087 1831 ἁπλοῦν
3148 1786 3398 1851 ευρηκώς,
3484 1799 3657 1831 καιτοι
3742 1788 3833 1831 τοῦ
3926 1785 4153 1853 πυρίνου

2544 1868 2775 1940 ἅρματος
2808 1873 2897 1919 καὶ
2957 1876 3053 1928 τῆς
3108 1876 3198 1918 τοῦ
3255 1868 3430 1919 Ἠλιοὺ
3478 1865 3668 1919 ἀνόδου
3740 1869 3918 1927 θεατὴς
3995 1886 4153 1936 γεγε-

2549 1960 2892 2027 νημένοςοκαὶ
2938 1958 2968 2013 η
3022 1960 3111 2028 μὲν
3158 1956 3367 2027 μηλωτὴ
3425 1958 3454 2013 ἡ
3511 1957 3665 2016 αὑτὴ,
3725 1962 3817 2008 καὶ
3876 1952 4154 2030 Ἰορδάνης

2548 2047 2573 2096 ὁ
2618 2046 2795 2112 αὐτὸς,
2861 2051 2951 2096 καὶ
3000 2046 3221 2118 ῥείθροις
3260 2045 3411 2107 αὖθις
3442 2045 3617 2105 ἐντοῖς
3688 2048 3892 2106 αὐτοῖς·
3970 2047 4001 2102 ἠ
4090 2042 4152 2096 δε

2548 2130 2809 2205 διαίρεσις
2840 2136 3035 2191 ἣκιστα
3057 2133 3166 2185 οὗθ’
3199 2136 3229 2191 ἠ
3282 2139 3412 2205 τομὴ
3468 2137 3604 2185 κατά
3654 2137 3712 2185 τὸ
3756 2142 3960 2206 πρῶτον
4026 2130 4156 2185 οὑδέ

2545 2242 2605 2293 ’γε
2654 2220 2914 2279 δήπουθεν
2958 2224 2988 2279 ἡ
3037 2223 3195 2279 αὐτή.
3250 2229 3312 2275 Τί
3363 2224 3931 2297 λοιπόηἘπιστρίφει
4000 2224 4154 2282 αὖθις

2546 2316 2672 2386 πρὸς
2710 2311 2909 2375 Ἠλίαν,
2965 2318 3055 2363 καὶ
3112 2316 3199 2364 τὸν
3248 2312 3440 2364 ἐκείνου
3485 2312 3806 2365 ἐπικαλεῖται
3860 2318 4007 2365 Θεον-
4068 2312 4156 2363 ἐπί

2549 2398 2608 2453 δὲ
2638 2410 2709 2471 τῷ
2738 2402 2935 2475 ῥήματι
2983 2404 3148 2471 τούτῷ
3188 2406 3273 2453 τὸν
3340 2398 3613 2473 Ἰορδάνην
3668 2402 3814 2461 αὖθις
3860 2404 4156 2465 πατάσσει,

2547 2491 2879 2563 καιρὴγνυσι
2918 2490 3167 2553 πατάξας,
3200 2510 3289 2542 και
3336 2494 3405 2551 ὡς
3469 2490 3555 2543 ἐπί
3607 2491 3770 2565 ξηρᾶς
3817 2491 3979 2542 αὑτοῦ
4034 2487 4160 2541 δια-

782 2580 962 2637 ϐαίνει,
1019 2580 1078 2632 οὐ
1144 2580 1292 2632 πλέον
1340 2578 1463 2634 οὐδὲ
1538 2582 1737 2653 μεῖζον,
1804 2580 1909 2632 ἀλλ’
1970 2586 2088 2633 ὅσον
2148 2580 2326 2641 Ἠλίας
2383 2599 2471 2630 και
2534 2581 2593 2629 τὸ
2654 2579 2847 2629 ἐκείνου
2900 2586 3121 2650 πνεῦμα,
3159 2582 3311 2649 γνοὺς
3379 2576 3508 2630 εἶναι
3546 2599 3637 2630 και
3693 2580 3846 2638 αὐτὸς
3912 2574 4021 2636 ἤδη
4068 2574 4159 2629 δε-

783 2666 1088 2741 δυγημίνος.

854 2849 921 2902 Et
944 2849 1072 2904 haec
1096 2849 1341 2921 quidem
1360 2850 1441 2906 ita
1474 2865 1535 2905 se
1560 2850 1917 2905 habuerunt.
1940 2850 2024 2905 tbi
2057 2854 2257 2904 autem
2277 2864 2439 2920 quie-

779 2935 928 2991 ritur
987 2943 1045 2993 et
1119 2937 1264 2992 illud
1313 2956 1326 2992 :
1384 2941 1577 3003 Quare
1627 2954 1747 2993 non
1798 2938 2037 3001 obvius,
2096 2937 2199 2993 sed
2249 2938 2435 2991 durus

779 3024 933 3080 Elias
965 3025 1151 3081 Etisaai
1177 3026 1564 3098 postulationi
1585 3028 1856 3091 occurrit,
1887 3032 2174 3099 tanquam
2218 3025 2439 3081 invidia

779 3118 948 3169 actus
972 3129 1168 3187 neque
1204 3117 1434 3187 patiens
1475 3132 1537 3171 se
1578 3117 1776 3171 minus
1816 3116 2035 3171 habere
2071 3132 2259 3188 quam
2299 3131 2437 3169 eum

776 3204 881 3274 qui
912 3202 992 3258 ad
1022 3205 1153 3275 ipso
1193 3213 1405 3259 unctus
1426 3211 1552 3261 erat
1588 3206 1615 3260 ?
1646 3206 1932 3271 Quaeritur
1962 3212 2185 3272 autem,
2219 3212 2273 3259 et
2315 3219 2437 3259 ma-
2471 3238 2510 3290 Ο

777 3292 937 3348 xima
965 3292 1316 3349 ditficuttate
1349 3294 1622 3349 abundat
1644 3294 1810 3357 illud,
1838 3294 2005 3366 quod
2038 3295 2189 3350 Elias
2218 3294 2272 3348 in
2301 3310 2438 3348 ocu-

776 3379 849 3435 lis
871 3380 1062 3436 ΕΠεωὶ
1083 3398 1325 3437 currum
1348 3383 1637 3439 ascendat
1657 3389 1713 3438 et
1734 3400 1972 3437 sursum
1995 3388 2211 3447 currat,
2235 3383 2417 3437 Jorda

775 3470 869 3524 nis
898 3485 1038 3524 vero
1066 3469 1144 3543 ab
1174 3470 1295 3526 Elia
1323 3471 1552 3525 divisus
1582 3472 1787 3527 Elisazo
1815 3471 2072 3533 resistat,
2118 3487 2313 3543 neque
2344 3486 2437 3525 ce-

776 3555 902 3624 dat,
937 3573 1131 3628 neqiie
1162 3558 1407 3614 obediat
1440 3576 1451 3613 :
1485 3564 1541 3614 et
1569 3560 1698 3614 haec
1739 3566 1879 3614 sunt
1917 3560 2157 3631 spiritus
2195 3558 2298 3630 qui
2341 3575 2440 3613 su-

775 3660 882 3717 per
912 3645 1083 3702 illum
1105 3654 1250 3715 erat,
1276 3652 1332 3702 et
1345 3648 1519 3718 juxta
1542 3663 1747 3719 preces
1774 3648 1981 3709 Elisaai,
2011 3647 2237 3710 duplex
2260 3664 2440 3719 super

776 3732 1051 3788 Elisaaum
1089 3734 1281 3790 factus
1342 3741 1486 3791 erat.
1552 3738 1681 3791 Non
1733 3736 1893 3790 enim
1952 3735 2260 3790 verisimile
2313 3742 2438 3791 erat

776 3822 1096 3877 mentitum
1128 3840 1257 3878 esse
1301 3824 1508 3889 Etiam,
1551 3840 1746 3896 neque
1786 3825 2114 3897 quisquam
2145 3824 2203 3878 id
2241 3824 2437 3879 dicere

776 3909 1046 3969 auderet.
1089 3912 1201 3967 Sed
1233 3912 1381 3984 quid
1410 3913 1439 3967 ‘?

849 4018 961 4074 Sed
988 4020 1263 4074 nondum
1295 4020 1429 4075 hoc.
1468 4020 1582 4077 Sed
1624 4021 1699 4075 de
1724 4021 1919 4093 priore
1951 4021 2130 4076 credo
2165 4026 2439 4093 oportere

775 4124 886 4163 nos
915 4108 1084 4179 prius
1116 4108 1302 4180 loqui.

847 4216 1123 4279 Queritiir
1149 4233 1217 4271 ac
1253 4216 1505 4272 moleste
1534 4216 1642 4272 fert
1681 4222 1736 4271 et
1784 4217 1946 4271 dolet
1988 4218 2160 4278 Elias,
2191 4218 2439 4289 quando

775 4302 1019 4358 Etisaius
1064 4305 1372 4359 contendit
1391 4305 1557 4376 quod
1583 4306 1899 4374 ignorabat
1922 4306 2015 4360 ille
2043 4322 2111 4360 ac
2136 4306 2439 4361 nesciebat

777 4393 911 4448 Elia:
942 4393 1235 4464 spiritum.
1272 4395 1597 4465 Oportebat
1625 4396 1782 4450 enim
1806 4402 1865 4451 ut
1897 4396 1989 4450 ille
2011 4412 2131 4450 non
2155 4412 2291 4450 eum
2322 4398 2438 4467 spi-

775 4484 979 4547 ritum,
1024 4499 1218 4554 neque
1252 4500 1386 4538 eum
1416 4484 1718 4556 duplicem
1753 4484 2099 4556 pOstularet.
2144 4488 2307 4540 Nunc
2335 4501 2437 4540 au-

774 4576 891 4626 tem
921 4570 1082 4625 idem
1113 4577 1204 4626 est
1229 4588 1298 4627 ac
1332 4573 1379 4627 si
1411 4574 1545 4641 quis
1578 4574 1773 4628 sciens
1810 4574 2154 4629 divitiarum
2199 4574 2439 4629 thesau-
2466 4590 2509 4645 υ

2386 4592 2439 4629 1.
2466 4590 2509 4645 υ
2548 4569 2671 4621 αὐτὸ
2706 4570 2957 4629 ζητῆσαι.
3002 4577 3108 4623 Νῦν
3142 4568 3190 4623 δ’
3223 4571 3335 4624 ἐστὶ
3384 4575 3593 4633 ταυτὸν,
3661 4572 3833 4639 ὥσπερ
3894 4573 3955 4624 ἂν
4010 4578 4137 4635 εἴτις

770 4675 868 4715 ros
899 4676 1025 4714 esse
1053 4663 1215 4731 apud
1249 4661 1533 4733 aliquem,
1575 4663 1885 4717 thesauros
1937 4663 2181 4735 quidem
2240 4666 2431 4728 sciret,

772 4764 1094 4803 numerum
1129 4766 1268 4805 vero
1299 4753 1571 4820 nesciret,
1607 4752 1711 4807 sed
1746 4754 2006 4807 minores
2028 4769 2132 4807 eos
2165 4769 2233 4808 ac
2265 4753 2435 4807 dimi-

770 4836 905 4892 dios
962 4841 1233 4901 credens,
1291 4840 1560 4912 duplices
1615 4858 1716 4896 eos
1775 4846 1996 4912 peteret
2056 4862 2069 4906 ς
2129 4849 2307 4913 atque
2357 4843 2435 4896 ita

769 4942 1071 4998 qurerens,
1103 4943 1205 4982 eos
1227 4929 1412 4999 ipsos,
1448 4938 1500 4986 et
1538 4947 1732 5002 neque
1756 4932 1827 4986 iis
1860 4931 2061 5002 plures
2087 4930 2433 5002 postularet.

844 5108 985 5173 Quis
1015 5108 1173 5163 enim
1208 5108 1403 5179 major
1426 5108 1669 5180 spiritus
1709 5124 1779 5163 ac
1814 5108 1901 5163 vis
1960 5108 2017 5163 in
2075 5109 2431 5180 prOphetam

767 5195 935 5252 ﬁeret
958 5214 1146 5269 quam
1170 5214 1348 5270 posse
1383 5215 1523 5254 voce
1556 5215 1779 5271 aquam
1829 5199 1887 5253 in
1938 5198 2101 5253 caelis
2160 5214 2431 5253 coercere

769 5303 840 5343 ac
873 5288 1160 5358 stabilire,
1221 5295 1277 5344 et
1316 5306 1553 5344 sursum
1594 5306 1859 5356 manere,
1901 5307 2037 5345 cum
2088 5296 2288 5345 tamen
2329 5305 2431 5344 na-

769 5382 902 5433 tura
932 5384 1191 5451 nequeat
1213 5381 1344 5449 cogi
1373 5395 1443 5435 ac
1464 5396 1728 5441 manere,
1753 5386 1809 5435 et
1836 5396 1941 5451 per
1970 5381 2433 5435 determinatum

770 5472 1034 5540 tempus.
1062 5484 1197 5523 eam
1231 5485 1586 5525 coacervare
1619 5470 1699 5525 ita
1721 5476 1784 5524 ut
1814 5486 1956 5525 voce
1995 5486 2233 5525 rursum
2263 5484 2434 5524 ruere

843 5686 919 5749 (ι)
960 5683 1025 5737 ιν
1056 5684 1194 5751 Reg.
1230 5699 1286 5752 ιι,
1319 5683 1354 5737 9
1386 5700 1398 5737 :
1436 5689 1536 5736 Και
1568 5690 1701 5736 εἶπεν
1739 5682 1963 5737 Ἐλισαῖε
1988 5706 2000 5719 ·
2050 5687 2320 5744 Γενηθήτω
2360 5681 2431 5747 δή

706 5814 709 5815 ν
770 5748 936 5807 διπλᾶ
972 5756 1021 5806 ἓν
1050 5748 1306 5827 πνεῦματί
1347 5774 1443 5809 σου
1470 5755 1549 5807 ἐπ’
1578 5754 1685 5828 ἐμέ.

2629 2851 2729 2898 Καί
2782 2854 2944 2898 ταῦτα
2990 2849 3081 2917 μεν
3119 2851 3303 2908 ὀῡτως.
3352 2846 3607 2899 Ἐνταῦθα
3654 2844 3715 2899 δὲ
3765 2847 4000 2907 ζητεῖται
4064 2850 4159 2917 μὲν

2550 2933 2777 3000 κάκεῖνο,
2811 2939 2863 2986 τί
2893 2935 2969 2986 ὁτι
3028 2939 3099 3006 μὴ
3159 2940 3445 3006 προσηνὴς,
3510 2934 3639 2986 ἀλλά
3694 2935 3918 3009 σκληρὸς
3976 2935 4159 2994 Ἠλίας

2552 3022 2633 3074 ἐπι
2684 3028 2775 3080 τὴν
2836 3031 2927 3074 τοῦ
2986 3022 3287 3075 Ἐλισσαίου
3353 3026 3565 3081 αἴτησιν
3643 3023 3865 3093 ἀπαντᾷ,
3922 3026 3994 3084 ὡς
4050 3023 4157 3074 ὑπὸ

2551 3113 2737 3182 φθόνου
2767 3107 2941 3168 δήπου
2958 3131 3014 3182 γε
3053 3114 3273 3182 ἠγμένος
3313 3117 3403 3164 καὶ
3454 3117 3525 3183 μὴ
3581 3112 3889 3183 ἀνεχόμενος
3939 3112 4155 3163 ἔλαττον

2551 3203 2691 3270 ἔχειν
2717 3208 2808 3251 τοῦ
2867 3200 2955 3251 ὑπ’
3012 3201 3173 3252 αὐτοῦ
3218 3202 3550 3275 χρισθέντος.
3609 3198 3851 3259 Ζητεῖται
3914 3198 3995 3269 δὲ,
4061 3207 4157 3253 καὶ

2550 3288 2790 3348 πλείστης
2847 3291 2976 3348 ὅσης
3027 3292 3141 3341 ἔστι
3196 3294 3417 3360 μετέχον
3472 3298 3567 3351 τῆς
3628 3289 3869 3364 ἀπορίας,
3933 3295 4025 3341 καὶ
4095 3294 4156 3341 τὸ

2550 3378 2726 3429 Ἠλίαν
2756 3382 2845 3449 μεν
2884 3377 2932 3429 ἐν
2963 3378 3144 3448 ὄψεσιν
3200 3378 3501 3431 Ἐλισσαίου
3553 3378 3629 3451 ἐφ’
3696 3380 3925 3454 ἅρματος
3988 3379 4158 3451 βῆναι

2547 3471 2635 3517 καὶ
2674 3464 2892 3539 δραμεῖν
2929 3466 3053 3532 ἀνω,
3111 3464 3380 3539 Ἰορδάνην
3430 3464 3482 3520 δ’
3534 3469 3623 3520 ὑπ’
3676 3470 3834 3521 αὐτοῦ
3887 3472 4161 3541 τμηθέντα

2546 3560 2676 3628 πρὸς
2756 3552 3051 3608 Ἐλισσαῖον
3144 3556 3398 3627 ἀντέχειν,
3483 3563 3573 3609 καὶ
3653 3559 3779 3629 μηθ’
3852 3560 4160 3629 ὑποχωρεῖν

2548 3648 2679 3715 μήτε
2708 3646 3060 3708 καθυπείκειν,
3131 3649 3219 3695 καὶ
3265 3653 3433 3696 ταῦτα
3484 3654 3576 3697 τοῦ
3633 3646 3711 3698 ἐπ’
3770 3646 3943 3717 ἐκείνῳ
4002 3666 4159 3698 πνευ-

3144 3556 3398 3627 ἀντέχειν,

2549 3752 2730 3803 ματος,
2759 3736 2895 3785 κατὰ
2933 3737 2990 3785 τὸ
3023 3730 3212 3785 δοκοῦν
3253 3733 3554 3804 Ἐλισσαίῷ,
3616 3732 3805 3787 διπλοῦ
3859 3736 3945 3787 ἐπὶ
3986 3740 4160 3807 τούτῳ

2546 3826 2907 3893 γεγενημένου·
2976 3822 3035 3873 οὐ
3085 3826 3183 3896 γάρ
3250 3819 3310 3880 ἦν
3372 3819 3507 3885 εἷκος
3573 3824 3876 3894 ψεύσασθαι
3946 3825 4157 3889 Ἠλίαν,

2548 3907 2665 3962 οὐδ’
2688 3907 2866 3973 οὐδεὶς
2895 3911 2954 3962 ἀν
2995 3915 3149 3965 εἴποι.
3183 3911 3340 3963 Ἀλλά
3369 3917 3419 3963 τί
3455 3931 3467 3979 ;

2625 4017 2777 4069 1Αλλά
2832 4024 2989 4089 μήπω
3053 4026 3228 4070 τοῦτο·
3295 4018 3421 4070 ἀλλά
3468 4024 3585 4092 περὶ
3640 4027 3732 4072 τοῦ
3788 4026 4000 4092 πρώτου
4065 4023 4163 4074 καὶ

2550 4114 2749 4178 χρῆναι
2780 4126 2928 4177 οιμαι
2951 4105 3077 4179 ἐρεῖν
3107 4109 3245 4178 ἡμᾶς
3286 4116 3487 4179 πρῶτον

2622 4219 2960 4285 Δυσχεραίνει
3021 4218 3109 4264 καὶ
3181 4210 3577 4285 δυσανασχετεῖ
3650 4236 3739 4267 και
3812 4216 4163 4289 σκληρυνεται

2552 4302 2747 4363 Ἠλίας,
2782 4306 3131 4374 αἰτησαμένόν
3164 4311 3254 4353 τοῦ
3310 4303 3633 4371 Ἐλισσαίου,
3703 4308 3782 4357 ὅτι
3841 4302 3907 4361 δὴ
3954 4305 4161 4358 cinaedm

2548 4391 2609 4448 ἦν
2658 4392 2805 4453 οὗτος
2864 4396 3065 4464 καὶμὴ
3118 4396 3173 4443 τὸ
3236 4398 3337 4443 πᾶν
3404 4391 3558 4454 εἰδὼς
3603 4403 3693 4445 του
3762 4396 3876 4445 κατ’
3963 4394 4161 4448 ἐκεῖνον

2545 4483 2851 4552 πνεύματος·
2906 4478 3012 4533 ἔδει
3066 4477 3125 4533 δε
3178 4481 3236 4532 οὗ
3295 4492 3445 4534 τουτο
3503 4479 3625 4535 οὐδὲ
3680 4480 3897 4535 διπλοῦν
3994 4489 4161 4537 αῧτόν

4142 4620 4159 4644 9

2545 4661 2668 4732 παρ’
2728 4661 2881 4733 ἑτέρῳ
2944 4664 3236 4732 χρημάτών
3293 4665 3589 4737 θησαυροῡς
3647 4660 3816 4727 εἰδως,
3865 4668 3985 4723 τους
4063 4670 4161 4736 μεν

2548 4750 2847 4820 θησαυροὺς
2879 4746 3017 4822 ᾔδει,
3051 4753 3135 4800 τὸν
3169 4747 3221 4802 δ’
3261 4751 3479 4823 ἀριθμὸν
3511 4752 3604 4802 οὐκ
3636 4748 3773 4824 ᾔδει,
3818 4750 3946 4820 ἀλλ’,
4003 4753 4160 4805 ἐλάτ-

2545 4858 2662 4899 τους
2683 4844 2771 4890 καὶ
2801 4842 2921 4900 τούς
2951 4842 3161 4911 ἡμίσεις
3218 4837 3339 4901 ῖσώς
3394 4845 3640 4913 νομίζων,
3691 4838 3905 4902 διπλοῦς
3958 4844 4160 4906 αὐτοὺς

2544 4927 2897 4989 ἐζήτειοοῦτω
2942 4925 3000 4980 δε
3059 4929 3249 4995 ζητῶν,
3321 4931 3509 4993 αὐτοὺς
3568 4930 3809 4995 ἐκείνους,
3875 4936 3966 4983 καὶ
4019 4933 4159 5005 οὐχὶ

2542 5026 2641 5067 τῶν
2670 5018 2825 5070 ὀντων
2848 5018 3072 5085 πλείονε,
3106 5018 3300 5079 ἐζήτει.

2613 5112 2676 5159 Τί
2698 5111 2799 5180 γὰρ
2833 5106 2893 5158 ἂν
2928 5108 3077 5159 πλέον
3147 5114 3232 5160 καὶ
3290 5114 3488 5180 γένοιτο
3545 5109 3627 5161 ἐπὶ
3687 5116 3927 5183 προφήτῃ
4002 5118 4165 5165 πνεύ-

2541 5217 2697 5270 ματος
2726 5203 2813 5248 καὶ
2840 5198 3047 5267 ἰσχύος,
3110 5201 3139 5255 ἦ
3202 5194 3345 5272 ὕδωρ
3414 5202 3503 5270 μὲν
3558 5198 3605 5249 ἐν
3660 5200 3899 5271 οὐρανοῖς
3943 5201 4159 5275 γλώττῃ

2545 5284 2874 5345 δεδυνῆσθαι
2941 5282 3176 5344 πεδῆσαι
3242 5289 3320 5355 (3)
3386 5293 3475 5340 καὶ
3533 5285 3770 5361 ἱδρύσαι,
3824 5295 3911 5341 καὶ
3983 5296 4165 5362 μένειν

2543 5377 2646 5428 civi.»
2705 5381 2775 5447 μὴ
2834 5379 3060 5447 πεφυκὸς
3098 5372 3361 5449 καρτερεῖν
3430 5376 3729 5448 βιάσασθαι
3796 5380 3884 5429 κάὶ
3960 5385 4163 5450 μένειν,

2542 5472 2630 5518 καὶ
2661 5474 2949 5517 τοσούστον
2990 5464 3073 5517 ἐπὶ
3106 5472 3320 5539 χρόνον,
3384 5467 3471 5518 εἴτ’
3532 5466 3737 5541 ἀθρόον,
3778 5470 3912 5520 ὥστε
3959 5471 4169 5543 ῥυῆναι

2611 5684 2684 5753 (2)
2718 5683 2783 5735 ιν
2810 5684 2950 5752 Reg.
2978 5698 3038 5747 ii,
3081 5684 3165 5736 14.

2616 5755 2691 5824 (3)
2725 5758 2795 5811 ιιι
2829 5754 2969 5826 Reg.
3000 5769 3131 5821 imi,
3161 5769 3319 5809 xvui.
