4434 6452
281 432 409 486 1461

276 562 336 625 τῇ
405 553 606 626 γλώττῃ
668 559 819 616 αὖθις
873 561 1062 629 πρᾶξαι
1129 566 1216 610 και
1281 564 1414 610 κατὰ
1466 569 1562 628 γῆς
1613 559 1959 626 ἐκλυσαλιπὶ
1999 571 2027 608 ρ

1474 569 1562 628 ίᾶς
1613 559 1843 626 ἐκέ-ῥεια
1873 578 1882 587 ·
1915 560 1959 608 Α
1999 571 2129 608 eam
2159 557 2366 625 jubeat
2403 566 2455 612 et
2518 561 2574 613 in
2625 564 2841 612 terram
2892 557 3160 610 eti'undat
3215 576 3225 612 :

277 662 376 714 πυρ
438 639 486 694 δ’
578 647 766 696 ἀνωθεν
816 646 1028 698 έλκυσαι
1103 652 1266 708 κατω,
1323 669 1477 700 τοπον
1537 649 1639 715 ουί.
1696 665 1882 716 ετειοον,

279 732 431 783 αὑτὸν
491 730 688 804 τῖ’έχον
719 741 804 786 τὸν
844 739 968 794 ανω,
1020 739 1103 788 ἐπὶ.
1164 735 1222 789 δέ
1275 741 1475 794 ωὑησεν
1534 740 1616 788 ἐπι
1678 738 1886 800 ουσίαν,

277 821 338 872 ου
375 828 528 892 μόνον
577 824 760 889 αυτὴν,
828 825 956 876 αλλὰ
1020 831 1108 877 καὶ
1191 823 1335 899 ὕδωρ
1416 830 1536 899 ὅπερ
1590 826 1665 876 ἐπ’
1723 825 1886 881 αυτὴν

281 908 445 973 ἔϐαλε,
497 916 586 962 καὶ
641 915 809 964 πάντα
871 917 938 964 τα
989 919 1106 985 περὶ
1156 915 1333 984 αὐτὴν9
1393 915 1622 966 ἀνάλωσε
1668 913 1888 983 συμφλε-

283 997 533 1065 ξας(1);
586 1003 792 1060 Πάντως
842 998 900 1053 δὲ
962 999 1084 1054 ουδὲ
1143 1013 1298 1054 τουτο
1343 1007 1548 1075 μικρὸν,
1607 1006 1688 1054 ὅτι
1745 1004 1888 1071 αρτῳ

283 1083 590 1156 βραχείκαὶ
637 1085 796 1140 ὕδατι
842 1088 1040 1162 βραχεῖ
1097 1095 1183 1142 καὶ
1222 1099 1282 1160 τῇ
1337 1088 1557 1162 δυνάμει
1608 1099 1701 1150 τῆς
1751 1089 1886 1160 βρώ-

286 1192 414 1234 σεως
509 1178 700 1237 ταύτης
759 1180 1149 1250 τισσαράκοντα
1224 1183 1421 1253 ἡμέρας
1492 1181 1742 1253 ἐπορεύθη
1798 1184 1886 1229 καὶ

281 1265 700 1336 τεσσαρακοντας
761 1270 946 1326 νύκτας
1003 1269 1100 1335 (2).
1165 1269 1317 1320 Ἀλλά
1367 1288 1420 1319 τι
1467 1274 1556 1319 καὶ
1612 1268 1681 1326 εἰς
1727 1269 1886 1336 Σαραο

281 1352 386 1420 φθα
430 1352 506 1418 (3)
555 1354 667 1418 ἧκε,
733 1360 820 1405 καὶ
878 1356 936 1410 ἣν
977 1359 1172 1412 ἤκουσε
1238 1363 1433 1428 χήραν,
1492 1352 1698 1418 ἐπειδὴ,
1763 1355 1884 1426 παρ’

277 1439 407 1511 αὐτῇ
467 1446 755 1512 γενόμενος,
829 1445 954 1514 παρ’
1020 1444 1148 1515 αὐτῇ
1205 1441 1377 1501 δήπου
1431 1450 1520 1496 καὶ
1551 1446 1611 1501 ἧν
1684 1450 1884 1500 σκηνω-

279 1546 391 1594 σας,
423 1529 520 1601 ὅρα
540 1549 630 1600 μοι
695 1531 844 1582 κακεῐ
893 1536 1010 1582 τίνα
1064 1537 1147 1582 καὶ
1211 1535 1310 1584 ὅσα
1363 1539 1451 1584 καὶ
1507 1534 1593 1584 οἶα
1637 1534 1702 1582 τὰ
1765 1535 1883 1582 Θαυ-

275 1636 417 1687 ματα
450 1638 462 1649 -
495 1622 555 1669 τὸ
602 1625 720 1691 περὶ
772 1626 864 1678 τὴν
923 1617 1110 1694 υὸρίαν
1163 1630 1251 1674 του
1306 1621 1524 1692 ἀλεύρου
1579 1626 1883 1692 κενουμένην

275 1709 364 1756 καὶ
411 1711 613 1776 μήποτε
663 1708 959 1773 λείπουσαν,
1029 1710 1138 1760 αλλ’
1192 1711 1292 1762 αἰεὶ
1344 1710 1701 1782 πληρουμένην
1751 1731 1762 1741 ·
1826 1714 1883 1760 τὸ

275 1799 392 1866 περὶ
448 1797 533 1844 τὸν
615 1795 860 1864 καφοίκην
909 1806 998 1849 του
1063 1797 1233 1848 ελαίου
1297 1801 1546 1858 ὡσαύτως
1611 1801 1732 1868 ἕχον
1781 1798 1879 1862 (4).

276 1889 394 1933 Ὀτι
443 1879 503 1934 δὲ
573 1887 663 1934 καὶ
732 1888 906 1956 νεκρὸν
982 1890 1066 1936 τον
1124 1895 1220 1946 τῆς

280 1970 453 2032 Ἠλίας
512 1975 688 2047 ἤγειρε
734 1979 834 2041 (ἓν),
895 1978 944 2025 τί
991 1994 1066 2034 τις
1132 1975 1189 2026 ἀν
1242 1981 1364 2045 pair,
1427 1979 1612 2026 τουτου
1657 1976 1880 2046 μεῖζον;

279 2065 388 2110 Τῶν
458 2065 626 2111 τοίνυν
687 2065 931 2113 τοιούτων
1008 2068 1089 2113 καὶ
1168 2083 1258 2114 του
1339 2064 1660 2135 ένεργονντος
1725 2072 1886 2114 ταυτα

281 2151 566 2218 πνεύματος
595 2153 653 2200 τὸ
709 2147 925 2202 διπλοῦν
972 2156 1023 2202 τί
1071 2151 1184 2203 ποτ’
1216 2153 1276 2202 ᾱιν
1328 2158 1528 2222 γένοιτο
1580 2159 1669 2204 καὶ
1723 2155 1882 2218 ὅσον;

283 2235 440 2306 Ἀλλ’,
471 2258 498 2285 ‹‹
567 2237 686 2289 Ἐὰν
724 2235 850 2311 ἴδῃς
903 2258 986 2310 με,
1036 2262 1063 2288 ››
1103 2246 1262 2311 φησιν
1326 2247 1430 2310 (6),
1461 2265 1486 2288 u
1530 2239 1884 2311 ἀναλαμϐανό-

278 2344 446 2395 μενον,
479 2348 506 2373 ››
533 2323 732 2396 σχεδὸν
764 2335 915 2379 τοῦτο
953 2328 1108 2398 λέγων
1139 2351 1150 2361 ·
1192 2353 1210 2376 α
1267 2329 1409 2381 Ἐπεὶ
1465 2335 1532 2399 μὴ
1591 2333 1754 2380 ταυτα
1802 2349 1884 2381 σοι

277 2412 631 2485 ἀποχρώντως
677 2412 808 2487 μηδ’
862 2416 1043 2478 ἰκανως
1102 2421 1213 2488 ἔχει
1261 2423 1385 2489 προς
1473 2415 1738 2479 ἀποδειξιν
1796 2426 1884 2469 του

274 2501 323 2552 ἐν
373 2502 486 2574 ἐμοὶ
557 2507 862 2576 πνευματος,
953 2505 1061 2556 ἀλλ’
1137 2507 1229 2557 ουκ
1283 2510 1355 2558 ἔτι
1405 2511 1492 2559 καὶ
1556 2509 1654 2558 υπὸ
1723 2513 1886 2578 πυρὸς

272 2591 504 2662 ἅρματος
556 2591 852 2664 ἁρπαγέντα
917 2613 979 2665 με
1045 2599 1134 2646 καὶ
1196 2594 1576 2666 λαμϐανόμενον
1628 2598 1705 2665 (7)
1762 2593 1886 2646 iam

273 2682 397 2746 οἶνω,
449 2681 544 2732 ουκ
595 2681 655 2731 ἆν
707 2682 856 2734 πλέον
906 2691 993 2734 του
1053 2684 1100 2734 ἐν
1170 2684 1287 2755 ἐμοὶ
1355 2687 1500 2744 οντος
1553 2690 1642 2736 καὶ
1709 2685 1886 2756 μεῖζον

277 2773 392 2820 οὔτε
438 2775 671 2831 νομίσοις
718 2772 825 2821 οὔτ’
873 2768 998 2822 εἶναι
1098 2776 1240 2843 παρα
1295 2777 1379 2824 σοὶ
1463 2774 1736 2837 ζητήσοις,

1385 440 1471 491 DF.
1513 434 1866 490 PliTl'l‘lONl".
1909 432 2155 486 ELIS.‘EI
2200 437 2290 487 ΑΙ)
2336 437 2565 489 I-I|.|.\.\l.

3521 437 3651 487 14032

3287 558 3483 615 ignem
3513 575 3648 612 wro

1996 645 2072 696 ab
2096 645 2216 700 ulto
2265 649 2582 706 attrahere.
2638 664 2756 701 nou
2818 645 3000 699 alium
3037 645 3355 700 habentem
3425 647 3645 706 locum.

1996 734 2292 789 uisiillum
2315 739 2684 807 superiorem
2721 754 2733 798 ;
2769 741 3090 806 postquam
3107 742 3305 789 autem
3321 751 3455 788 eum
3480 737 3534 789 iu
3559 738 3646 790 vi-

1996 825 2239 877 ctimam
2288 825 2506 893 injecit,
2560 841 2680 881 non
2730 823 2912 878 modo
2959 839 3117 888 eam,
3171 823 3274 877 sed
3313 830 3372 878 et
3397 840 3645 894 aquam,

1993 926 2178 980 quam
2201 912 2258 965 in
2292 913 2489 982 ipsam
2522 912 2736 968 infudit
2766 917 2820 965 et
2852 911 3056 965 omnia
3085 926 3222 981 quae
3262 912 3420 966 circa
3446 913 3645 982 ipsam

1993 1005 2180 1064 erant,
2203 1003 2553 1071 complexus
2575 1009 2661 1056 est
2691 1018 2759 1056 ac
2800 999 3083 1055 incendit.
3113 1002 3311 1069 Neque
3333 1000 3478 1054 illud
3515 1017 3643 1070 par-

1992 1103 2134 1140 vum
2163 1093 2250 1142 est
2277 1089 2443 1158 quod
2469 1089 2686 1156 exiguo
2708 1103 2884 1159 pane,
2918 1103 2986 1142 ac
3014 1087 3232 1154 exigna
3262 1102 3422 1158 aqua
3445 1093 3503 1142 et
3527 1088 3646 1144 cibi

1993 1173 2172 1244 hujus
2213 1177 2424 1231 virtute
2450 1177 2853 1249 quadraginta
2881 1175 3010 1230 dies
3039 1175 3281 1229 incessit
3302 1181 3358 1230 et
3385 1176 3648 1246 quadra-

1993 1263 2156 1326 ginta
2187 1270 2412 1328 noctes.
2470 1265 2609 1320 Dein
2637 1265 2794 1319 venit
2823 1264 2886 1318 in
2911 1262 3261 1334 Sarephtha,
3291 1267 3348 1318 et
3366 1264 3530 1335 apud
3558 1266 3644 1319 vi-

1991 1350 2176 1405 duam
2199 1351 2534 1406 diversatus
2565 1364 2652 1408 est
2681 1350 3034 1423 aliquandiu
3075 1351 3214 1405 Vide
3244 1356 3384 1406 tunc
3413 1368 3549 1423 quia
3590 1359 3646 1408 et

1989 1445 2219 1509 quanta
2266 1447 2323 1495 et
2367 1446 2514 1512 quot
2559 1440 2869 1497 miracula.
2910 1439 3051 1494 Vide
3106 1438 3389 1509 bydriam
3437 1439 3643 1496 farinae

1991 1527 2780 1601 vacuefactametnunquam
2793 1527 3297 1590 deﬁcientem,sed
3311 1543 3538 1599 semper
3557 1545 3644 1584 re-

1989 1615 2200 1686 pletam
2234 1636 2247 1680 ;
2280 1617 2391 1671 olei
2410 1619 2540 1673 vide
2553 1619 2724 1686 lagen
2733 1635 2822 1672 am
2837 1617 3030 1672 eodem
3047 1615 3220 1670 modo
3233 1631 3294 1670 se
3306 1616 3643 1674 habentem.

1992 1703 2163 1768 Quod
2195 1705 2468 1773 ejusdem
2499 1706 2693 1760 vidum
2726 1710 3032 1760 mortuum
3060 1703 3253 1758 tilium
3283 1703 3435 1758 Elias
3461 1705 3645 1759 susci-

1992 1792 2220 1856 taverit,
2252 1791 2401 1861 quid
2443 1793 2558 1847 hoc
2585 1793 2785 1862 majus
2815 1791 3110 1846 diceretur
3160 1789 3188 1843 ?
3223 1791 3436 1845 Eorum
3467 1791 3647 1859 igitur

1274 1887 1431 1946 αὐτῆς
1484 1894 1656 1958 χήρας
1715 1884 1886 1938 παιδα
1914 1901 1954 1951 Β
1993 1879 2196 1933 talium
2241 1882 2671 1953 operantisque
2715 1881 2855 1936 talia
2888 1881 3025 1951 Spir;

1914 1901 1954 1951 Β
1993 1879 2196 1933 talium
2241 1882 2671 1953 operantisque
2715 1881 2855 1936 talia
2888 1881 3158 1951 Spiritus,
3181 1878 3437 1950 duplum
3467 1882 3644 1951 quale

1991 1973 2046 2022 et
2083 1975 2380 2039 quantum
2438 1971 2631 2025 esset!
2668 1969 2802 2034 Sed,
2846 1992 2873 2020 cc
2923 1970 2980 2024 Si
3023 1967 3244 2022 videris
3287 1984 3403 2032 me,
3429 1969 3644 2041 inquit,

1992 2072 2228 2111 sursum
2260 2057 2531 2114 ablatum
2559 2077 2569 2112 :
2607 2083 2634 2107 »
2665 2058 2836 2130 quasi
2867 2058 3107 2112 diceret:
3144 2079 3171 2104 ››
3200 2057 3496 2121 Quoniam
3519 2058 3648 2114 haec

1991 2162 2113 2201 non
2146 2146 2249 2201 tibi
2280 2147 2582 2202 sutliciunt
2614 2153 2676 2203 ut
2731 2149 3174 2202 demonstretur
3219 2145 3418 2217 qualis
3439 2147 3513 2202 sit
3541 2149 3647 2218 qui

1991 2236 2048 2290 in
2083 2252 2176 2290 me
2203 2241 2294 2290 est
2331 2237 2592 2308 spiritus,
2637 2235 2742 2291 sed
2787 2235 2992 2290 videns
3032 2250 3129 2289 me
3154 2239 3396 2305 raptum
3435 2240 3491 2290 et
3521 2251 3648 2290 sur—

1992 2341 2123 2378 sum
2159 2324 2429 2380 ablatum
2476 2341 2671 2396 neque
2714 2324 2848 2396 plus
2888 2339 3075 2395 quam
3108 2324 3168 2378 in
3211 2338 3306 2378 me
3337 2327 3424 2379 est
3453 2339 3649 2395 neque

1993 2415 2189 2482 majus
2211 2430 2337 2467 esse
2369 2414 2593 2472 credes.
2618 2429 2811 2485 neque
2835 2411 2999 2484 apud
3031 2419 3084 2466 te
3114 2413 3314 2480 majus
3337 2428 3466 2467 esse
3506 2428 3648 2468 con-

1993 2503 2284 2572 cupisces,
2321 2502 2518 2572 majus
2559 2518 2631 2555 ex
2661 2502 2791 2572 ipso
2822 2501 2957 2554 visu
2986 2499 3135 2555 illud
3162 2501 3357 2555 sciens
3385 2504 3442 2554 et
3472 2501 3651 2570 igitur

1992 2591 2238 2644 edoctus
2263 2607 2450 2662 quam
2486 2591 2650 2662 prius
2676 2589 3016 2645 credideras
3047 2593 3103 2644 et
3153 2589 3325 2659 cujus
3357 2588 3653 2646 desiderio

1996 2680 2314 2735 tenebaris.
2357 2702 2379 2728 ›ι

1809 2773 1952 2824 πλέον
2003 2773 2206 2830 παντως
2259 2775 2349 2819 καὶ
2407 2775 2557 2839 γνονς
2627 2768 2678 2830 ἐξ
2728 2769 2890 2838 οψεως
2944 2768 3104 2827 αὐτῆς
3165 2775 3318 2819 τοῦτο
3379 2774 3468 2820 καὶ
3529 2778 3654 2840 γοῦν

274 2853 555 2928 διδαχοεις
584 2868 673 2910 του
695 2867 780 2910 νῦν
812 2866 894 2911 σοὶ
916 2866 1004 2912 καὶ
1025 2862 1364 2933 νομιζομένου
1405 2882 1492 2914 και
1532 2872 1623 2914 του
1660 2882 1719 2932 γε
1746 2867 1872 2935 πρὸς
1904 2866 1996 2918 τὴν
2027 2864 2235 2915 αἰτησιν
2263 2860 2380 2908 κατ’
2400 2859 2561 2916 αυτὴν
2603 2858 2912 2930 ἐρχομένου.

348 2980 688 3033 Ἀλλὰταυτα
717 2985 806 3053 μὲν
861 2983 935 3054 ἐφ’
984 2983 1060 3045 οἷς
1111 2990 1200 3035 καὶ
1257 2991 1374 3057 περὶ
1443 3005 1544 3036 των
1601 2989 1736 3036 κατά
1795 2989 1880 3036 τὸν

276 3069 450 3121 Ἠλίαν
507 3075 597 3121 καὶ
646 3071 944 3122 Ἐλισσαῖον
1011 3069 1395 3146 ὃιηπορηκοτες
1457 3073 1607 3144 ἐσμέν
1641 3075 1883 3143 ὀλογος

2069 2985 2179 3039 Sed
2221 2999 2291 3038 ea
2333 2983 2580 3055 quidem
2623 2987 2761 3036 sunt
2799 2983 2860 3036 in
2895 2981 3117 3052 quibus
3153 2981 3524 3052 ambigimus
3579 2983 3653 3038 de

1999 3073 2118 3128 Elia
2146 3079 2202 3127 et
2225 3072 2452 3127 Elisueo.
2489 3075 2695 3127 Sermo
2723 3076 2924 3126 autem
2954 3069 3033 3127 ad
3065 3069 3186 3126 alia
3207 3071 3442 3141 majora
3469 3077 3527 3127 et
3558 3087 3656 3126 ex-

277 3155 336 3210 δὲ
387 3161 677 3230 προαχθεὶς
731 3161 806 3231 ἐφ’
855 3162 1004 3234 ἕτερα
1049 3163 1212 3233 μείζω
1252 3169 1342 3214 καὶ
1405 3163 1717 3236 ὑψηλοτέρα,
1762 3165 1880 3233 εχο-
1925 3203 1963 3254 C
1995 3180 2024 3216 c

1925 3203 1963 3254 ϐ
1995 3163 2242 3217 celsiora
2263 3161 2578 3229 adductus,
2597 3160 3075 3232 praecedentibus
3091 3165 3292 3215 tamen
3307 3161 3440 3231 conj
3450 3166 3651 3231 uncta,

275 3266 404 3318 μενοι
433 3256 532 3298 τῶν
563 3247 892 3319 λελεγμένων,
925 3252 1059 3320 ἄγει.

351 3341 450 3388 Καὶ
517 3339 620 3408 γὰρ
698 3338 747 3387 ἐν
825 3346 929 3398 τοῖς
987 3339 1596 3411 Εὐαγγελίοιςλοῖγγελος
1653 3348 1884 3412 φαίνεται

270 3433 343 3494 τῷ
372 3430 624 3498 Ζαχαρία
661 3447 672 3458 ’
705 3432 794 3477 καὶ
853 3423 920 3484 δὴ
981 3435 1153 3498 φανεὶς
1208 3448 1296 3480 και
1349 3435 1465 3501 περί
1507 3427 1696 3490 παιδος
1744 3431 1884 3500 αυτῲ

268 3521 361 3564 τοῦ
423 3513 660 3567 Ἰωάννου
738 3515 1210 3587 εὐαγγελιζόμενος,
1265 3542 1292 3567 ‹‹
1347 3518 1529 3570 Ἔσται
1618 3524 1801 3590 μέγας.
1860 3542 1884 3567 ιδ

269 3606 394 3672 φησί
487 3606 586 3670 (8),
655 3626 674 3652 ε
736 3609 823 3655 καὶ
883 3605 1036 3664 αυτὸς
1100 3605 1148 3656 ἐν
1203 3610 1456 3677 πνεύματι
1521 3612 1610 3660 καὶ
1665 3605 1884 3677 ὃυνιὶμει

272 3691 638 3761 προελεύσεται
715 3692 913 3758 Ἠλιου,
979 3717 998 3741 ι
1059 3700 1159 3746 Καὶ
1223 3701 1407 3747 σκόπει
1460 3716 1551 3767 μοι
1616 3697 1884 3748 κανταυθα

264 3784 323 3832 τὸ
345 3784 479 3832 κατὰ
501 3785 586 3832 τὸν
626 3782 800 3834 Ἠλίαν
830 3785 950 3834 ὅσον
983 3789 1072 3835 καὶ
1112 3787 1215 3835 οἷον
1281 3789 1412 3855 μέγα
1464 3791 1554 3837 καὶ
1615 3792 1880 3856 μέγιστον,

271 3866 495 3940 μηδενὸς
531 3869 670 3930 ὄντος
727 3872 903 3932 οἰλλου,
958 3878 1088 3944 μήτε
1146 3874 1375 3934 πλείονος
1433 3880 1565 3944 μήτε
1623 3879 1877 3945 μείζονος.

271 3960 404 4010 ὥστε
451 3967 606 4011 τοῦτο
677 3967 794 4032 περὶ
860 3971 952 4012 του
1039 3960 1233 4024 παιδὸς
1309 3964 1750 4034 εὐαγγελίσασθαι
1812 3974 1883 4033 τῷ

275 4053 542 4120 Ζαχαρία.

346 4135 615 4190 Σκοπειὸὲ
643 4159 730 4190 και
785 4137 968 4210 αὖχις,
1016 4146 1252 4214 Χριστοῦ
1307 4150 1423 4202 ταῖς
1477 4152 1667 4213 φωναῖς
1727 4163 1880 4214 προσ-

275 4232 422 4296 σχὼν
449 4232 546 4295 (9),
583 4233 816 4301 Χριστου
850 4238 941 4280 του
970 4238 1122 4289 Θεον,
1157 4240 1248 4282 του
1279 4252 1367 4282 και
1428 4229 1498 4284 δι’
1559 4232 1779 4302 ἀγγέλου
1819 4235 1882 4283 τὰ

277 4319 519 4388 ειρημένα
590 4317 925 4378 λελαληκότος
1005 4341 1016 4352 ·
1099 4342 1124 4369 ‹‹
1212 4321 1321 4372 Οὐκ
1375 4321 1670 4392 ἐγήγερται,
1727 4345 1752 4369 ››
1802 4324 1879 4374 λέ-

273 4424 353 4474 γει
415 4407 542 4474 (10),
597 4430 622 4454 ‹‹
683 4408 874 4478 μείζων
930 4408 978 4459 ἐν
1040 4413 1298 4478 γεννητοῖς
1336 4431 1595 4480 γυναικων
1643 4412 1880 4463 Ἰωάννου

273 4501 365 4544 τοῦ
404 4500 699 4546 Βαπτιστοί
755 4518 766 4528 ·
805 4519 831 4542 ››
891 4506 982 4548 του
1030 4503 1180 4549 ποίου
1231 4503 1414 4550 τουτου
1447 4516 1460 4561 ς
1492 4509 1582 4550 του
1632 4499 1679 4550 ἐν
1732 4507 1879 4553 πνευ-

271 4602 399 4652 ματι
451 4588 540 4634 καὶ
602 4580 820 4655 δυνάμει
869 4585 1048 4637 Ἠλιοὺ
1103 4586 1353 4648 ἐλθόντος.
1405 4587 1558 4638 Ἀλλα
1612 4588 1879 4643 κάνταῦθα

271 4674 330 4720 τὸ
389 4670 675 4742 συμϐαῖνον
723 4675 935 4746 ἄπορον,
989 4675 1115 4745 οὐχί
1157 4681 1342 4749 μικρὸν
1397 4681 1616 4736 πάντως,
1663 4679 1719 4729 Ei
1775 4685 1875 4750 γὰρ

729 4771 828 4812 τὼν
903 4763 1091 4813 λοιπῶν

271 4759 296 4808 ὁ
358 4765 654 4820 Βαπτιστὴς
729 4771 828 4812 τὼν
903 4763 1091 4813 λοιπῶν
1173 4766 1378 4814 πάντων
1461 4785 1550 4816 και
1600 4787 1876 4838 προφητυιν

269 4848 481 4918 μείζων,
541 4853 593 4900 τί
646 4850 772 4920 οὐχί
834 4871 921 4902 και
977 4851 1023 4903 ἐν
1082 4856 1282 4924 μείζονι
1341 4857 1616 4924 πνεύματι,
1666 4855 1781 4909 οὐδ’
1827 4860 1874 4910 ἐν

337 5027 415 5102 (1)
466 5029 537 5102 lli
595 5029 733 5095 Reg.
795 5044 949 5102 37m.
1011 5034 1098 5084 38.
1156 5061 1227 5070 ——
1279 5033 1500 5086 Forsan
1558 5036 1873 5102 συμφλέξαν,

271 5096 618 5217 IamSt-301:0:
669 5092 756 5150 διαι
797 5098 942 5151 ἔϐαλε
995 5122 1005 5133 ·
1065 5102 1238 5169 ignis,
1297 5111 1398 5175 πυρ
1453 5089 1685 5158 ἀνάλωῇυέ
1744 5089 1871 5180 σίνμξ

271 5188 302 5217 ω
337 5187 470 5217 scas-

269 5187 470 5237 φλεςαν.

340 5241 418 5306 (2)
465 5242 529 5293 Ill
580 5243 717 5304 Reg.
761 5257 880 5296 Xix.
923 5247 973 5297 ϐ.
1017 5248 1068 5298 8.

339 5317 412 5389 (ἐξ)
566 5315 702 5389 BER.
746 5329 877 5374 XVII,
920 5322 950 5368 9
979 5331 990 5367 :
1022 5318 1242 5387 πορεύου
1276 5316 1346 5376 εἰς
1378 5322 1630 5389 Σαρεπτα,

339 5385 416 5452 (4)
458 5385 522 5436 ΙΙΙ
567 5385 706 5451 Reg.
750 5401 882 5450 xvu,
926 5387 1010 5439 16.

342 5453 512 5520 (5)1"
557 5457 701 5520 Reg.
751 5471 888 5516 xvn,
933 5459 1021 5510 17.

339 5525 420 5592 (6)
463 5529 525 5580 IV
568 5525 710 5590 Reg.
755 5543 814 5585 ιι.
864 5532 946 5583 10.

339 5542 393 5592 (ο
463 5542 516 5580 ιν
568 5542 710 5590 neg.
755 5543 814 5585 ιι,
864 5542 946 5583 tu.

339 5542 874 5678 (ῖίιιθεθῐνὶῳίθνβ
917 5598 1416 5673 ἀναλαμϐανόμενον.
1472 5605 1698 5660 Excidit
1724 5622 1873 5678 prie-

265 5667 504 5737 positio,
535 5670 701 5740 quod
732 5669 855 5725 fieri
888 5678 1074 5728 amat.

1996 3267 2107 3306 nos
2133 3251 2318 3306 ducit.

2061 3340 2290 3395 Etenim
2311 3341 2372 3395 in
2401 3338 2736 3410 Evangeliis
2767 3338 3020 3407 angelus
3052 3342 3306 3409 apparet
3328 3339 3650 3408 Zachariae;

1994 3435 2049 3484 et
2079 3436 2402 3501 postquam
2444 3428 2726 3500 apparuit
2763 3433 2819 3482 et
2849 3427 2922 3482 de
2960 3426 3084 3482 tilio
3103 3429 3330 3482 Joanne
3358 3429 3654 3500 propheti-

1994 3536 2134 3574 zans
2169 3537 2180 3572 :
2219 3519 2352 3582 Erit,
2378 3519 2592 3588 inquit,
2645 3532 2924 3585 magnus,
2977 3523 3034 3572 et
3087 3517 3214 3588 ipse
3265 3517 3547 3589 procedet
3591 3519 3652 3574 in

1996 3609 2207 3678 spiritu
2257 3613 2314 3662 et
2379 3607 2591 3662 virtute
2653 3606 2804 3661 Elim.
2862 3607 2926 3661 Et
2968 3606 3061 3660 hic
3112 3606 3293 3661 etiam
3339 3607 3654 3663 considera

1995 3706 2288 3769 quantum
2319 3703 2377 3752 et
2402 3713 2590 3768 quam
2645 3697 2949 3751 excelsum
2995 3702 3053 3750 et
3092 3695 3350 3751 sublime
3381 3697 3455 3751 sit
3482 3697 3651 3768 quod

1995 3788 2070 3842 ad
2108 3787 2289 3842 Ellam
2323 3792 2569 3857 spectat,
2601 3803 2737 3841 cum
2758 3785 2903 3840 nihil
2929 3785 2998 3840 sit
3030 3785 3194 3840 aliud
3212 3801 3409 3856 neque
3435 3786 3651 3841 celsius

1996 3893 2184 3947 neque
2217 3877 2416 3945 majus
2462 3875 2628 3946 quod
2669 3876 2744 3930 de
2771 3875 2892 3930 tilio
2918 3875 3218 3930 Zachariaa
3260 3875 3650 3942 evangelizari

1995 3967 2205 4035 possit.

2066 4144 2393 4199 Considera
2423 4149 2480 4198 et
2506 4159 2765 4207 rursum,
2800 4142 3012 4200 Christi
3042 4142 3296 4198 vocibus
3336 4143 3650 4198 attendens

1993 4234 2206 4288 Christi
2274 4233 2391 4295 Dei,
2432 4249 2536 4304 per
2575 4233 2856 4299 angelum
2903 4237 3046 4287 nota
3084 4231 3184 4287 illa
3223 4232 3411 4287 verba
3440 4231 3650 4288 dicen-

1994 4324 2105 4378 tis:
2149 4347 2165 4367 -
2200 4326 2320 4376 Non
2383 4324 2653 4390 surrexit,
2727 4322 2940 4392 inquit,
2991 4321 3187 4390 major
3262 4321 3413 4375 inter
3473 4326 3648 4377 natos

1995 4413 2311 4466 mulierum
2372 4415 2598 4466 Joanne
2656 4411 2942 4481 Baptista.
2974 4433 2998 4457 ››
3029 4410 3232 4475 Qualis
3287 4415 3414 4464 erat
3475 4413 3651 4466 Joan-

1993 4501 2236 4554 nes‘PIn
2292 4501 2498 4572 spiritu
2576 4506 2632 4555 et
2676 4502 2889 4554 virtute
2966 4499 3100 4554 Elim
3139 4503 3397 4554 venerat.
3460 4504 3649 4570 Atque

1937 4558 1961 4609 )
1990 4591 2153 4662 quod
2174 4591 2268 4644 hic
2295 4558 2570 4654 occurrit,
2594 4605 2715 4644 non
2739 4595 2898 4643 caret
2919 4588 3286 4650 difﬁcultate,
3311 4603 3506 4660 neque
3522 4558 3652 4643 olm-

1991 4680 2132 4732 nino
2165 4695 2417 4748 parvum
2437 4684 2548 4733 est.
2575 4678 2630 4731 Si
2649 4678 2809 4732 enim
2827 4677 3090 4748 Baptista
3111 4677 3341 4730 cmteris
3363 4677 3648 4731 omnibus

1989 4768 2075 4820 vel
2117 4767 2424 4838 prophetis
2448 4768 2641 4837 major
2662 4772 2772 4833 est,
2794 4765 2942 4837 quid
2978 4770 3066 4820 est
3086 4765 3253 4838 quod
3279 4781 3402 4820 non
3426 4766 3485 4820 in
3514 4782 3647 4822 ma—

1983 4859 2110 4923 jore
2140 4857 2372 4927 spiritu.
2398 4872 2590 4928 neque
2614 4871 2673 4910 in
2702 4855 2930 4925 majore
2960 4854 3193 4918 virtute,
3219 4855 3323 4909 sed
3348 4855 3408 4910 in
3431 4853 3647 4910 iisdem

2056 5038 2134 5164 i
2672 5121 2876 5178 supra.
2922 5103 3006 5158 Nil
3048 5103 3409 5178 mutandum
3439 5103 3498 5158 in
3524 5103 3643 5178 hoc

1986 5187 2243 5232 auctore.
2280 5176 2714 5232 Grammaticus
2745 5177 2988 5230 Bachm.
3023 5176 3247 5230 Anecd.
3275 5181 3312 5246 t.
3344 5178 3407 5236 ll,
3434 5176 3646 5246 p.369,

1987 5252 2063 5303 ait
2119 5255 2354 5320 προσχες

2158 5255 2354 5322 ροντχες
2414 5266 2571 5322 esse
2617 5250 2962 5322 Atticorum.
3017 5247 3197 5322 idque
3263 5243 3645 5322 0635mm

1991 5319 2163 5375 Ideni
2199 5322 2373 5375 tradit
2413 5321 2764 5375 scholiasles
2809 5320 2866 5374 in
2910 5319 3069 5374 Pauli
3121 5319 3320 5374 Silent.
3352 5319 3642 5373 Thermas

1984 5409 2036 5447 v.
2111 5398 2309 5464 12_:T0
2355 5412 2585 5464 προσχες
2646 5389 2738 5464 διὰ
2798 5389 2895 5442 δὺο
2964 5409 3036 5442 σσ
3099 5389 3276 5464 ὤφειλε
3348 5391 3645 5464 γραφεσθαι

1994 5461 2201 5480 .,.\_

1985 5483 2092 5515 επέι
2159 5481 2216 5516 οε

1985 5555 2032 5586 εν
2097 5556 2147 5590 σ.

2297 5461 2597 5535 κακ-αφωνον
2681 5463 2875 5533 ἐγένετο
2967 5461 3157 5524 οὕτως
3246 5461 3524 5514 ἀποϐάλλει
3585 5465 3644 5514 τὸ

2055 5611 2166 5676 (10)
2203 5608 2399 5664 Matth.
2434 5625 2504 5676 χι,
2542 5609 2628 5662 ll.
