4434 6452
784 393 921 451 1463

2102 401 2536 463 NICEPHEORI
2576 401 2836 461 CHUMNI

4019 404 4159 458 1464

785 534 856 576 ac
875 518 1002 592 ipse
1026 515 1178 575 Elias
1208 519 1236 575 ‘i
1265 522 1377 577 Aut
1404 523 1713 594 quomodo
1744 525 1979 584 salvum
2011 528 2119 585 erit
2136 528 2282 585 illud
2314 544 2437 585 ma-
2472 578 2474 583 ι

2357 544 2437 584 Ia-
2472 531 2520 584 Α
2550 526 2741 580 πλείονι
2763 523 3004 600 δυνάμει,
3074 526 3184 580 ἀλλ’
3225 525 3274 579 ἐν
3328 532 3437 589 τοῖς
3495 527 3670 586 αὐτοῖς
3717 544 3807 577 και
3873 528 4015 588 ἶσοις
4045 511 4163 583 ἣκει

779 608 881 680 jus
912 623 1095 679 quam
1142 609 1308 681 apud
1362 609 1574 681 Eliam,
1623 614 1671 669 si
1694 614 1844 672 Elias
1883 617 2030 673 nihil
2062 618 2283 687 minus,
2333 617 2438 673 sed

782 697 946 754 idem
958 697 1233 754 habuerit
1255 700 1282 754 ?
1313 700 1453 766 Quis
1468 706 1667 758 autem
1688 704 2138 778 minorquidem
2159 708 2436 781 Baptista,

786 788 984 861 major
1012 803 1155 845 vero
1184 787 1284 847 illo
1318 789 1377 846 in
1399 806 1585 867 regno
1612 792 1899 851 ccelorum
1924 798 1952 853 ?

862 1059 975 1116 Sed
999 1061 1201 1133 accipe
1230 1061 1395 1134 prius
1422 1078 1457 1118 a
1477 1078 1573 1119 me
1594 1079 1729 1136 quae
1749 1065 1914 1137 prius
1944 1070 1999 1121 et
2020 1066 2097 1121 ab
2128 1067 2342 1135 angelo
2360 1065 2445 1124 di-

783 1150 887 1203 cta
916 1155 1072 1205 sunt.
1107 1172 1133 1201 ‹‹
1166 1153 1477 1208 Convertet
1499 1153 1681 1213 enim,
1715 1155 1907 1226 inquit
1935 1156 2009 1210 de
2039 1155 2447 1225 Joanne,mul-

790 1242 885 1293 tos
930 1239 1004 1294 de
1048 1240 1183 1295 ﬁliis
1229 1242 1403 1297 Israel
1448 1243 1525 1298 ad
1573 1244 1889 1300 Dominum
1930 1248 2113 1301 Deum
2154 1247 2445 1318 ipsorum.

794 1328 1015 1383 Deinde
1043 1328 1211 1385 addit
1240 1346 1252 1384 :
1278 1352 1307 1380 ››
1332 1334 1397 1385 Et
1417 1332 1543 1403 ipse
1574 1334 1869 1404 praecedet
1900 1334 1958 1389 in
2004 1335 2213 1406 spiritu
2245 1340 2301 1391 et
2329 1336 2449 1390 vir—

792 1420 916 1471 tute
946 1416 1102 1473 Elite.
1138 1440 1166 1467 »
1200 1419 1548 1477 Averterant
1594 1422 1754 1476 enim
1807 1428 1945 1477 tunc
1973 1424 2075 1478 filii
2110 1423 2294 1479 lsarel
2325 1423 2452 1479 vul-

795 1508 925 1560 tum
959 1510 1016 1562 et
1049 1507 1233 1563 corda
1270 1524 1478 1564 eorum
1512 1525 1547 1565 a
1578 1509 1724 1566 facie
1753 1510 1855 1567 Dei
1882 1531 1896 1581 ;
1939 1518 2273 1568 averterant
2312 1512 2451 1568 inde

797 1597 853 1648 et
879 1600 1293 1651 converterant
1325 1597 1402 1651 ad
1429 1597 1584 1665 Baal,
1618 1603 1672 1654 et
1698 1600 1895 1671 ipsum
1927 1600 2355 1671 sequebantur,
2397 1606 2452 1657 et

798 1683 1003 1739 omnia
1029 1684 1156 1739 haec
1201 1701 1337 1757 quae
1369 1690 1425 1741 et
1449 1686 1708 1743 historiae
1735 1693 1790 1743 et
1820 1688 1953 1743 libri
1998 1689 2281 1753 referunt,
2303 1705 2451 1745 con-

796 1774 890 1827 tra
915 1771 1126 1828 altaria
1166 1773 1286 1839 Dei,
1314 1780 1523 1830 contra
1568 1777 1696 1847 ejus
1745 1777 2107 1841 sacerdotes,
2149 1779 2453 1834 dirissima

798 1858 955 1916 facta
1007 1865 1164 1916 sunt.
1207 1861 1285 1918 De
1306 1861 1418 1918 illis
1457 1863 1731 1919 irascitur
1760 1865 1936 1931 Elias,
1977 1872 2033 1921 et
2066 1867 2227 1921 mala
2265 1866 2366 1922 illa
2392 1866 2453 1921 in

799 1964 902 2004 eos
942 1949 1045 2022 qui
1078 1949 1346 2007 fecerunt
1375 1953 1679 2021 convertit,
1717 1954 1851 2009 etin
1874 1955 2199 2026 prophetas
2232 1970 2453 2026 oppro-

797 2037 998 2093 brium
1040 2043 1096 2095 et
1142 2039 1203 2094 in
1248 2041 1591 2097 sacerdotes
1628 2042 2124 2112 indignationem,
2168 2049 2223 2100 et
2243 2044 2457 2099 liberat

800 2128 977 2183 Israel
996 2144 1067 2183 ex
1090 2145 1201 2185 suo
1229 2146 1446 2197 errore,
1480 2135 1536 2185 et
1560 2131 1636 2186 ad
1661 2135 1847 2188 Deum
1868 2149 2114 2189 rursum
2144 2132 2453 2189 convertit.

799 2216 902 2272 Illo
932 2218 1109 2287 igitur
1157 2220 1385 2290 spiritu,
1414 2220 1513 2275 illa
1544 2221 1754 2277 virtute
1782 2238 1935 2294 opus
1965 2228 2111 2289 erat,
2140 2228 2205 2278 ut
2236 2223 2455 2278 multos

798 2305 1061 2361 ﬁliorum
1098 2308 1274 2364 Israel
1316 2313 1671 2381 conveteret,
1709 2316 1765 2365 et
1795 2311 1847 2366 ei
1896 2311 2233 2367 submissos
2268 2310 2460 2367 salva-

800 2399 907 2450 ret.
943 2398 1009 2451 Et
1058 2395 1206 2452 illud
1258 2403 1362 2469 est,
1405 2399 1621 2471 opinor
1672 2418 1744 2454 :»
1785 2400 1849 2455 in
1891 2401 2102 2473 spiritu
2152 2405 2206 2456 et
2245 2400 2458 2455 virtute

800 2484 938 2541 Elim
987 2491 1273 2542 venturus
1322 2493 1430 2543 est.
1488 2510 1510 2538 ι

800 2577 1067 2629 κάνταῦθα
1124 2584 1215 2634 τῆν
1305 2574 1570 2651 δυνάμεως
1648 2576 1776 2647 ἔδει,
1852 2578 2068 2642 πολλοὺς
2160 2586 2261 2631 τῶν

2549 624 2620 676 τῷ
2652 616 2873 683 Ἠλιού;
2915 619 2944 676 ἡ
3008 637 3119 677 πως
3177 618 3599 691 περισωθήσεται
3656 618 3714 666 τὸ
3770 615 3946 687 μεῖζον
3996 613 4163 685 αὐτῷ,

2548 712 2640 759 τοῦ
2660 706 2839 758 Ἠλιοῦ
2878 702 3045 778 μηδὲν
3099 707 3253 764 ἧττον
3314 702 3445 777 μηδ’
3510 704 3742 770 ἔλαττον,
3790 704 3919 755 ἀλλὰ
3974 708 4165 755 ταυτὸν

2551 794 2889 866 ἓσχηκότος;
2930 801 3017 856 Τίς
3068 792 3127 849 δε
3189 814 3276 846 και
3336 796 3362 846 6
3420 799 3721 867 μικρότερος
3776 796 3865 865 μὲν
3911 800 4003 846 τοῦ
4065 800 4165 845 Βα-

2550 893 2796 953 πτιστοῦ,
2829 884 3019 957 μείζων
3038 880 3277 937 δἀύτοῦ
3327 882 3376 935 ἓν
3434 891 3495 955 τῇ
3556 881 3803 956 βασιλείᾳ
3859 891 3959 935 τῶν
4013 882 4170 957 ούρα-

2551 977 2808 1045 νῶν(1);

2629 1062 2744 1116 Αλλ’
2800 1063 2965 1116 ἕκεῖνά
3034 1082 3124 1135 μοι
3180 1064 3470 1137 πρῶτα,τὰ
3507 1082 3598 1113 και
3652 1063 3797 1136 παρὰ
3831 1067 3923 1114 τοῦ
4014 1059 4174 1131 ἀγγέ-

2557 1151 2647 1204 λου
2710 1160 2910 1227 πρῶτα,
2965 1152 3108 1208 λάϐε.
3151 1174 3178 1201 ‹‹
3234 1151 3561 1224 Ἐπιστρέψει
3624 1174 3644 1200 ι
3703 1153 3827 1224 γὰρ,
3887 1154 4006 1224 περί
4072 1158 4168 1202 τοῦ

2559 1243 2793 1295 Ἰωάννου
2827 1247 2956 1312 φησί
3011 1243 3111 1311 (2),
3176 1261 3203 1289 ‹‹
3234 1240 3453 1300 πολλοὺς
3506 1250 3604 1291 τῶν
3664 1242 3787 1291 υἱῶν
3841 1238 4054 1310 Ἰσραὴλ
4086 1236 4172 1289 ἐπὶ

2564 1333 2753 1403 Κύριον
2780 1334 2868 1381 τὸν
2908 1334 3035 1383 Θεὸν
3077 1330 3243 1381 αὐτῶν
3274 1351 3285 1361 ·
3346 1352 3372 1378 ››
3425 1326 3514 1381 εἶτ’
3566 1329 3747 1400 ἐπάγει
3794 1349 3807 1361 ο
3854 1350 3874 1375 α
3929 1334 4032 1379 Και
4082 1325 4172 1376 αύ-

2563 1424 2651 1482 τός
2688 1419 3052 1492 προελεύσεται
3089 1418 3136 1471 ἐν
3178 1421 3433 1490 πνεύματι
3482 1417 3657 1469 Ἠλιοῦ
3723 1436 3810 1468 και
3865 1414 4110 1487 δυνάμει.
4147 1437 4174 1462 ι)

2563 1507 2923 1580 Ἀπέστρεψαν
2955 1512 3045 1579 μὲν
3076 1510 3165 1579 μὲν
3184 1510 3283 1579 ’γὰρ
3315 1526 3404 1557 και
3432 1525 3548 1558 τοτε
3602 1505 3652 1557 οἱ
3700 1514 3791 1557 τοῦ
3846 1503 4063 1577 Ἰσραὴλ
4118 1505 4178 1554 τὸ

2562 1602 2841 1669 πρόσωπον
2910 1616 2997 1647 και
3046 1599 3135 1656 τὰς
3191 1593 3418 1669 καρδίας
3494 1593 3661 1645 αὐτῶν
3721 1593 3844 1656 ἀπὸ,
3882 1598 4173 1665 προσώπου

2565 1694 2697 1738 Θεοῦ
2775 1705 2787 1719 ·
2872 1683 3203 1756 ἀπέστρεψαν
3286 1686 3473 1735 ἐκεῖθεν
3548 1703 3636 1733 και
3714 1680 4033 1754 ἐπέστρεψαν
4092 1678 4181 1730 ἐπί

2565 1774 2723 1843 Βάαλ,
2764 1794 2852 1825 και
2902 1775 3071 1825 ὀπίσω
3126 1774 3283 1825 αὐτοῦ
3329 1772 3693 1831 ἠκολούθησαν
3739 1772 3835 1841 (3),
3884 1790 3973 1821 και
4023 1768 4182 1821 πάντ’

2566 1868 2750 1933 ἐκεῖνα,
2805 1864 2906 1915 ὅσα
2962 1882 3051 1914 και
3104 1864 3331 1936 ἱστορίαι
3389 1881 3478 1913 και
3520 1860 3695 1933 βίϐλοι
3750 1864 3982 1934 φέρουσι,
4041 1859 4184 1909 κατὰ

2569 1954 2961 2026 θυσιαστηρίων
2998 1958 3156 2015 Θεοῦ,
3208 1952 3343 2002 κατὰ
3389 1958 3484 2002 τῶν
3546 1952 3715 2020 ἱερέων
3773 1948 3953 2015 αὐτοῦ,
4012 1944 4186 2000 δεινό-

2564 2060 2699 2093 τατα
2725 2040 3074 2115 κατεπράχθη
3106 2039 3181 2109 (4)
3219 2060 3232 2072 ·
3271 2038 3422 2101 ζηλοῖ
3448 2034 3497 2090 δ’
3527 2037 3611 2089 ἐπί
3638 2039 3837 2097 τούτοις
3868 2036 4045 2098 Ἠλίας
4082 2038 4180 2104 (5),

2568 2152 2656 2184 και
2729 2135 2935 2205 στρέφει
3023 2132 3089 2182 τὰ
3147 2132 3283 2181 κακὰ
3329 2136 3497 2180 ταῦτα
3560 2130 3695 2179 κατὰ
3761 2136 3858 2179 τῶν
3904 2130 4183 2200 πεπραχό-

2566 2240 2667 2273 των
2738 2222 2815 2288 (6)
2871 2240 2960 2271 και
3025 2227 3123 2271 τῶν
3174 2238 3233 2289 γε
3307 2226 3583 2292 προφητῶν
3643 2224 3736 2279 τῆς
3790 2216 4054 2287 αἰσχύνης
4110 2218 4182 2285 (7)

2568 2329 2657 2361 και
2739 2311 2906 2381 ἱερέων
2994 2316 3093 2360 τῶν
3164 2308 3652 2379 προσοχθισμάτων
3719 2306 3818 2375 (8),
3860 2324 3948 2355 και
3998 2304 4185 2377 ῥύεται

2569 2403 2655 2450 τὸν
2722 2397 2929 2472 Ἰσραὴλ
3000 2396 3056 2449 ἐκ
3135 2404 3223 2456 τῆς
3302 2396 3517 2457 πλάνης,
3587 2414 3677 2447 και
3728 2394 3811 2446 ἐπὶ
3861 2397 3989 2447 Θεὸν
4036 2390 4189 2453 αὖθις

2574 2493 2801 2563 στρέφει.
2856 2489 3084 2539 Ἐκείνου
3146 2506 3235 2537 και
3278 2493 3403 2557 γοῦν
3465 2492 3556 2536 τοῦ
3614 2486 3923 2554 πνεύματος,
3987 2481 4187 2544 ἐκείνης

2357 2581 2481 2631 υἱῶν
2562 2577 2774 2652 Ἰσραὴλ
2846 2578 2979 2628 ὥστε
3035 2579 3121 2628 τὸν
3175 2579 3474 2632 Βαπτιστην
3532 2578 3617 2627 ὲπί
3677 2576 3805 2626 Θεὸν
3848 2572 4033 2632 αύτούς
4088 2571 4192 2623 έπ-

807 2666 1051 2738 στρέψαι,
1124 2687 1213 2719 και
1281 2668 1368 2720 ὑπ’
1436 2668 1577 2741 αύτῷ
1641 2689 1697 2741 γε
1769 2672 1981 2731 τούτους
2050 2671 2337 2725 σεσῶσθαι.
2389 2676 2489 2723 Και
2537 2668 2675 2720 τοῦτ’
2724 2666 2879 2738 ἐστίν,
2932 2662 3100 2737 οἶμαι,
3166 2668 3225 2717 τὸ
3248 2668 3295 2717 ἐν
3371 2666 3626 2737 πνεύματι
3674 2662 3830 2715 αὑτὸν
3880 2661 4190 2715 ἐλεύσεσθαι

802 2774 893 2807 και
914 2764 976 2828 τῇ
1010 2755 1141 2829 αύτῇ
1184 2764 1257 2827 τῷ
1287 2756 1461 2810 Ἠλιοῦ
1486 2754 1725 2831 δυνάμει.

877 2846 1157 2916 Superest
1200 2846 1765 2913 demonstrandum,
1811 2853 1867 2905 et
1912 2848 2061 2921 quid
2126 2848 2467 2921 praeterea?

804 2935 1116 3008 quomodo
1142 2936 1342 3008 major
1378 2941 1466 2992 est
1494 2940 1773 3009 Baptista.
1819 2942 1899 2994 Eo
1928 2939 2063 3011 ipso
2101 2938 2465 3010 baptismate

804 3024 971 3098 quod
998 3025 1259 3097 perfecto
1281 3026 1340 3081 in
1363 3026 1591 3083 Christo
1617 3026 2044 3099 perfectionem
2067 3028 2380 3095 antecedit,
2409 3032 2467 3084 et

804 3113 1100 3186 populum
1147 3113 1261 3186 ipsi
1309 3119 1624 3186 praeparat,
1654 3131 1777 3171 non
1801 3118 1984 3171 modo
2006 3132 2079 3171 ex
2100 3116 2235 3171 ﬁliis
2263 3116 2463 3185 Israel,

806 3203 909 3257 sed
949 3218 1022 3257 ex
1101 3203 1265 3258 omni
1304 3204 1543 3259 natione
1614 3220 1828 3273 genere
1880 3205 2198 3260 hominum
2232 3219 2467 3277 ;neque

804 3292 953 3347 illud
983 3291 1188 3353 modo,
1225 3292 1330 3347 sed
1358 3292 1522 3365 quod
1547 3297 1604 3349 et
1644 3294 1909 3349 Christus
1937 3294 2015 3349 ad
2046 3294 2250 3365 ipsum
2281 3294 2462 3364 venit,

808 3386 882 3452 et,
911 3381 1197 3438 inclinato
1232 3383 1448 3454 capite,
1492 3382 1799 3456 baptisma
1830 3384 2058 3456 recipit,
2094 3384 2189 3439 ille
2211 3384 2337 3454 ipse
2365 3383 2469 3455 qui

809 3486 1004 3541 agnus
1036 3472 1137 3527 Dei
1163 3476 1269 3534 est,
1289 3477 1347 3528 et
1386 3473 1594 3529 omnia
1623 3474 1836 3529 mundi
1868 3479 2114 3546 peccata
2139 3472 2308 3539 tollit,
2332 3473 2467 3528 etin

806 3562 1173 3634 baptismate
1204 3562 1480 3634 purificat
1512 3582 1525 3630 ;
1557 3564 1686 3636 ipse
1710 3568 1799 3620 est
1853 3565 2117 3619 Christus
2138 3565 2242 3636 qui
2274 3564 2469 3620 minor

806 3651 1057 3724 quidem
1089 3651 1319 3707 Joanne
1372 3657 1707 3725 reputaius,
1761 3654 1956 3723 major
1991 3659 2190 3709 tamen
2230 3654 2330 3709 illo
2356 3658 2467 3710 est.

808 3742 1037 3797 Etenim
1066 3741 1126 3795 in
1160 3740 1327 3796 omni
1375 3740 1758 3814 baptismate,
1787 3758 1925 3797 cum
1978 3742 2145 3798 aliud
2177 3743 2253 3798 ad
2276 3743 2470 3815 bapti-

808 3835 1042 3887 zantem
1073 3831 1386 3901 pertineat,
1414 3830 1698 3903 aliudque
1722 3831 1799 3885 ad
1828 3831 2218 3903 baptizatum,
2246 3833 2351 3904 qui
2368 3834 2471 3888 ba-

807 3920 993 3992 ptizat
1020 3919 1321 3991 baptizato
1370 3920 1567 3990 major
1613 3935 1741 3975 esse
1780 3919 2029 3976 videtur.
2082 3921 2196 3977 Sed
2225 3937 2348 3977 non
2369 3937 2469 3977 eo-

807 4011 949 4067 dem
980 4010 1165 4066 modo
1213 4012 1286 4065 de
1313 4010 1546 4066 Christo
1593 4014 1702 4075 est,
1738 4027 1876 4065 cum
1928 4014 2080 4067 Deus
2104 4012 2197 4081 sit,
2227 4019 2283 4068 et
2309 4028 2472 4085 aqua

806 4101 1212 4172 baptizantem
1240 4101 1501 4173 baptizet
1526 4101 1757 4171 spiritu,
1792 4100 1918 4156 sine
1949 4117 2072 4173 quo
2101 4101 2467 4173 baptismate

805 4207 931 4248 non
982 4191 1119 4247 licet
1143 4191 1203 4247 in
1236 4207 1493 4261 regnum
1522 4191 1809 4247 caelorum
1839 4191 2101 4248 introire.
2130 4193 2315 4263 Hujus
2335 4208 2468 4265 per-

806 4280 942 4337 fecti
970 4280 1349 4354 baptismatis
1371 4285 1427 4336 et
1442 4283 1705 4337 Joannes
1725 4280 1789 4336 tit
1807 4281 2121 4353 particeps.
2153 4284 2469 4349 Quomodo

808 4374 1011 4428 autem
1033 4371 1061 4426 ‘?
1092 4373 1267 4429 Manu
1289 4370 1533 4443 quidem
1592 4369 1983 4442 purissimum
2010 4378 2191 4444 caput
2220 4373 2280 4427 in
2309 4388 2471 4445 aqua

882 4550 960 4620 (l)
1015 4549 1209 4637 11181111.
1262 4565 1338 4635 xI,
1394 4549 1449 4603 11
1562 4549 1623 4599 Ὀ
1666 4544 1724 4635 δε
1764 4552 2068 4634 μικρότερος
2106 4552 2173 4637 ἱεντ
2214 4558 2275 4623 τῇ
2314 4549 2471 4637 βασι·
2508 4583 2549 4637 D

806 4622 1360 4696 λεία-τῶν-ούρ-ανῶν
1418 4624 1606 4696 μείζων
1665 4624 1827 4696 αὐτοῦ
1900 4622 2088 4696 ,ἐστ-ιν.
2252 4622 2469 4694 expli-

808 4692 1008 4749 cando
1035 4692 1259 4749 difﬁcili
1288 4692 1425 4758 hoc,
1458 4692 1562 4747 sed
1585 4692 1858 4763 mystico,
1897 4692 2173 4763 Evangeli
2204 4692 2469 4760 loco,_re-

807 4764 1195 4838 tutandisque
1233 4763 1643 4838 quorumdam
1674 4763 1980 4838 sententiis
2022 4780 2253 4838 suaque
2286 4782 2469 4837 expo-

807 4836 1029 4918 nenda,
1053 4833 1325 4893 versatur
1373 4835 1537 4891 Phot.
1583 4833 1763 4908 Epist.
1801 4837 1919 4899 135,
1954 4833 2472 4907 (ῙυοεΙέεδίυιιΗὶ-

809 4923 1125 4978 gntsszma.

883 4980 960 5051 (2)
1000 4982 1138 5039 Luc.
1184 4997 1220 5045 ι,
1252 4984 1334 5050 16,

882 5053 961 5122 (3)
1006 5054 1076 5108 ΙΙΙ
1136 5055 1283 5120 Reg.
1325 5064 1486 5119 XVIII,
1540 5054 1623 5115 18,
1685 5053 1797 5122 2i:
1838 5054 1937 5102 Καί
1994 5051 2129 5102 εἶπεν
2184 5052 2459 5109 Ἠλιοῦ...

810 5120 1127 5196 Ἐπορεύθης
1209 5128 1379 5176 ὀπίσω
1439 5130 1541 5175 τῶν
1635 5120 1933 5196 Βααλίμ...
2006 5124 2214 5196 εὶ-ἔστι
2282 5126 2469 5191 Κύριος

809 5195 836 5247 6
899 5190 1047 5260 Θεὸς,
1134 5197 1416 5271 πορεύεσθε
1468 5198 1639 5246 ὀπίσω
1704 5190 1893 5245 αὐτοῦ’
1975 5193 2018 5246 εὶ
2058 5190 2116 5245 δὲ
2158 5195 2315 5263 Βάαλ,
2362 5190 2469 5248 ίπο-

808 5269 1019 5340 ρεύεσθε
1045 5268 1215 5321 ὀπίσω
1254 5269 1433 5320 αὐτοῦ.

878 5340 957 5411 (4)
1020 5341 1084 5397 lll
1152 5343 1291 5409 Reg.
1359 5356 1476 5403 XIX,
1550 5340 1651 5393 10:
1688 5336 2065 5411 Ἐ’γκοτέλιπόν
2113 5357 2170 5390 σε
2253 5338 2303 5391 οἱ
2369 5340 2471 5390 υἱοὶ

809 5408 1043 5482 Ἰσραήλ,
1106 5415 1172 5465 τὰ
1230 5408 1586 5483 θυσιαστήριά
1645 5408 1759 5461 σου(
1806 5408 2143 5480 κατέσκαψαν
2196 5416 2285 5464 καὶ
2351 5415 2472 5472 τοῦς

808 5491 1075 5556 προφήτας
1109 5504 1202 5536 σον
1232 5482 1530 5536 ἀπέκτειναν
1564 5482 1611 5533 ἐν
1648 5483 1883 5555 ῥομφαία

882 5553 956 5627 (ὃ)
1013 5560 1079 5612 ΙΙΙ
1148 5560 1285 5625 Reg.
1354 5572 1475 5622 XIX,
1544 5559 1606 5611 10
1632 5553 1773 5609 {Kal
1839 5555 1973 5606 εἶπεν
2040 5553 2234 5607 Ἠλιοῦι
2294 5554 2469 5614 Ζηλῶν

810 5624 1049 5686 ἐζήλωκα
1077 5638 1148 5699 τῷ
1193 5624 1365 5702 κυρίῳ
1400 5628 1804 5702 παντοκράτορι.

1673 5678 1812 5751 Ἰδού
1870 5696 1971 5768 ἐγὼ
2048 5700 2224 5773 int/:7!)
2269 5701 2355 5755 ἐπὶ
2412 5703 2468 5752 σέ

807 5770 965 5830 κακάζ
1007 5771 1205 5829 Verba
1244 5776 1383 5828 sum
1425 5770 1582 5827 Elim.

2650 2850 2898 2899 Λείπεται
2926 2841 3096 2907 δεῖξαι
3142 2874 3213 2885 —
3264 2863 3354 2895 και
3406 2847 3458 2895 τί
3518 2842 3697 2894 λοιπόν
3728 2860 3835 2910 ;-
3887 2837 3960 2893 δι’
4018 2840 4045 2892 ὁ
4096 2860 4187 2892 και

2576 2936 2767 3009 μείζων
2824 2936 2963 2987 ἐστίν
3012 2936 3038 2986 6
3087 2936 3403 2993 Βαπτιστής·
3467 2932 3594 2984 αὐτὸ
3657 2929 3715 2984 δὲ
3758 2931 3900 2983 τοῦτ’
3950 2933 4065 2983 ἔστι
4127 2934 4185 2983 τὸ

2578 3025 2882 3100 βάπτισμα,
2913 3022 3212 3100 πρόδρομον
3238 3024 3291 3075 ὃν
3322 3031 3415 3076 τοῦ
3445 3022 3636 3076 τελείου
3688 3041 3777 3074 και
3836 3020 3883 3073 ἐν
3934 3028 4183 3094 Χριστῷ,

2575 3135 2664 3167 και
2712 3114 2831 3167 λαόν
2874 3114 3151 3187 ἑτοιμάςον
3190 3116 3670 3185 κατεσκευασμένον
3724 3110 3886 3180 αὐτῷ,
3962 3110 4058 3161 ούκ
4130 3109 4186 3161 ἐκ

2575 3201 2780 3258 παίδων
2830 3204 3038 3276 Ἰσραὴλ
3090 3207 3264 3276 μόνον,
3325 3201 3452 3254 ἀλλὰ
3499 3221 3589 3253 και
3640 3203 3835 3262 παντὸς
3886 3199 3940 3262 ἐξ
3998 3202 4181 3262 ἔθνους

2575 3298 2665 3346 καὶ
2693 3297 2872 3364 ’γένους
2922 3291 3201 3366 ἀνθρώπων
3257 3294 3468 3358 παντὸς,
3529 3310 3620 3342 και
3673 3288 3733 3341 ού
3781 3295 3934 3341 τοῦτο
3988 3284 4047 3341 δε
4094 3291 4191 3359 μό-

2575 3402 2677 3435 νον·
2714 3382 2819 3434 ἀλλ’
2870 3384 2950 3434 ὅτι
2994 3402 3081 3433 και
3143 3384 3376 3455 Χριστὸς
3424 3383 3552 3455 πρὸς
3605 3378 3759 3429 αὐτὸν
3807 3379 4023 3452 ἔρχεται
4071 3397 4189 3441 και,

2577 3472 2749 3533 κλίνας
2822 3476 2917 3530 τὴν
2992 3475 3237 3546 κορυφὴν,
3314 3474 3373 3522 τὸ
3459 3468 3743 3542 βάπτισμα
3802 3463 4188 3538 καταδέχεται·

2580 3562 2905 3623 αύτὸςοῦτος
2953 3562 2978 3612 6
3032 3580 3122 3611 και
3163 3559 3318 3631 ἀμνὸς
3366 3560 3432 3609 ὠν
3486 3566 3577 3610 τοῦ
3629 3564 3760 3611 Θεοῦ
3819 3576 3910 3609 και
3950 3561 4048 3614 τὴν
4098 3564 4195 3608 τοῦ

2578 3654 2780 3724 κόσμου

2580 3738 2627 3791 ἐν
2658 3747 2730 3791 τῶ
2754 3738 3110 3812 βαπτίσματι,
3168 3733 3319 3797 οὗτός
3359 3735 3473 3788 ἔστι
3516 3737 3743 3809 Χριστὸς
3783 3735 3809 3786 6
3861 3753 3951 3785 και
4003 3736 4197 3808 μικρὸ-

2880 3656 3052 3702 πᾶσαν
3137 3652 3295 3722 αἴρων
3373 3647 3631 3722 ἁμαρτίαν
3722 3648 3822 3718 (9),
3924 3647 4198 3719 καθαίρων

2578 3847 2723 3898 τερος
2775 3832 2865 3900 μεν
2927 3834 3017 3880 τοῦ
3053 3833 3348 3879 Βαπτιστοῦ
3388 3826 3720 3897 νομιζόμενος
3783 3826 3873 3875 καὶ
3926 3822 4082 3882 αὖθις
4127 3828 4197 3873 ῶν

2579 3918 2788 3989 μείζων.
2836 3922 2937 3970 Καί
2986 3918 3088 3990 γὰρ
3140 3915 3226 3968 ἐπί
3274 3917 3462 3974 παντὸς
3514 3922 3605 3966 τοῦ
3662 3911 4054 3985 βαπτίσματος,
4098 3920 4195 3963 τοῦ

2579 4008 2669 4078 μὲν
2700 4006 2769 4068 εἰς
2803 4006 3099 4063 Βαπτιστην
3146 4003 3428 4069 τελοῦντος,
3480 4010 3572 4054 τοῦ
3626 3998 3677 4054 δ’
3732 4001 3804 4061 εἰς
3851 3999 4189 4073 βαπτιζόμε-

2578 4115 2679 4166 νον,
2716 4098 2829 4167 ὅγε
2871 4094 3144 4169 βαπτιζων
3205 4101 3296 4146 τοῦ
3352 4092 3741 4166 βαπτιζομένου
3795 4090 3988 4163 μείζων
4051 4086 4191 4142 εἶναι

2581 4182 2876 4239 δοκεῖ-ἀλλ’
2917 4184 3023 4256 ούχ
3054 4183 3213 4244 οὕτως
3262 4182 3345 4235 ἐπί
3395 4189 3656 4255 Χριστοῦ,
3713 4187 3848 4234 Θεοῦ
3900 4183 4045 4241 ὄντος
4096 4199 4192 4231 και

2578 4281 2664 4331 τὸν
2734 4276 3061 4350 βαπτίζοντα
3111 4272 3271 4328 ύδατι
3320 4273 3676 4346 βαπτίζοντος
3720 4290 3976 4344 πνευματι
4041 4270 4187 4343 (10),

2579 4365 2638 4420 οὗ
2671 4364 2739 4426 δη
2771 4369 3061 4439 πνεύματος
3085 4385 3175 4417 και
3204 4368 3372 4438 χωρίς
3412 4363 3507 4416 οὐκ
3564 4365 3703 4415 ἔστιν
3756 4357 3871 4414 οὐδ’
3937 4359 4192 4414 εἰσελθεῖν

2653 4550 2730 4619 (7)
2785 4549 2851 4602 111
2904 4550 3045 4615 Reg.
3102 4561 3253 4610 XVIII,
3326 4548 3564 4599 ἓὸεΚαί
3628 4539 3761 4595 εἶπεν
3844 4540 4021 4593 Ἠλιοῦ
4084 4548 4195 4601 τοῖς

2580 4618 2874 4694 προφήταις
2905 4630 2963 4678 τῆ
2980 4641 3000 4681 ς
3025 4618 3258 4689 αἰσχύνη
3272 4638 3311 4679 ς.

2758 4692 2831 4747 ΙΙΙ
2854 4694 2991 4759 Reg.
3018 4684 3224 4763 “1,32
3253 4707 3263 4743 :
3294 4692 3394 4741 Καί
3448 4690 3639 4744 ἔστησε
3691 4684 3943 4763 (Achab)
4005 4686 4198 4763 θυσια-

2583 4757 2795 4838 στήριον
2836 4770 2905 4833 τῷ
2942 4757 3081 4814 Βάαλ
3112 4760 3158 4812 ἐν
3214 4764 3338 4831 οἴκῳ
3392 4768 3491 4810 τῶν
3560 4758 4050 4838 προσοχθισματων
4101 4757 4198 4806 αύ-

2580 4827 3034 4890 τοῦίΙὺίάίΧγιιι
3078 4836 3145 4888 ‘29
3201 4848 3213 4887 ;
3265 4827 3365 4884 καί
3415 4827 3658 4887 ἐλάλησεν
3723 4827 3899 4880 Ἠλιοῦ
3957 4829 3984 4877 6
4056 4834 4199 4879 Θεσσ

2582 4907 2725 4967 ϐίτης
2773 4909 2898 4977 πρὸς
2959 4910 3080 4965 τοὺς
3145 4909 3411 4977 προφήτας
3495 4910 3595 4953 τῶν
3675 4901 4193 4977 προσοχθισμάτων.

2583 4961 2821 5065 βμὶδᾶέ
2849 4961 2921 5061 ill.
2961 4961 3193 5065 Μελξίόμ
3233 4961 3723 5059 ’11ροσοχθίσματά
3757 4961 3885 5065 γὰρ’
3910 4961 4000 5055 καὶ
4060 4967 4197 5065 βδε-

2579 5050 2824 5122 λύγματα
2869 5052 2934 5102 τὰ
3012 5044 3204 5101 εἴδωλα
3259 5044 3663 5118 προσαγορεύειν
3709 5044 3909 5122 ¹εἴωθεν
3960 5044 3991 5099 ἡ
4060 5048 4101 5093 Γ
4104 5062 4201 5122 ρρι-

2582 5106 2840 5195 φὴίΎὶἀθ
2873 5120 2956 5175 ibi
2980 5123 3204 5183 Ernest,
3243 5106 3307 5173 in
3346 5106 3537 5173 Glossi
3570 5114 3755 5171 sacris
3785 5131 3844 5187 p.
3899 5117 3987 5184 89,
4053 5106 4195 5169 coll.

2626 5209 2720 5250 a2.
2762 5196 2878 5249 H9.

2826 5209 2841 5229 ι

2579 5209 2916 5334 Ρᾶἕύίἐὲίὶ.
2941 5282 2977 5329 I,
3008 5266 3075 5317 29
3100 5280 3112 5317 :
3138 5262 3196 5313 Ὀ
3224 5260 3385 5333 ἀμνὸς
3432 5267 3525 5312 τοῦ
3574 5265 3730 5334 Θεοῦ,
3783 5259 3809 5308 6
3834 5328 3844 5334 _
3880 5259 4041 5334 αἴρων
4098 5261 4197 5314 τήν

2584 5328 2844 5412 ἁμαρτίαν
2874 5328 3435 5412 τοῦκοσμουίνὲιδὺᾳ
3482 5335 3619 5412 sunt
3678 5328 3978 5412 B‘apiistm,
4052 5344 4197 5383 cum

2584 5402 2663 5465 ad
2692 5402 2829 5463 eum
2867 5402 3174 5462 accederet
3198 5406 3375 5460 Jesus
3404 5402 3824 5475 baptizandus.

2655 5482 2767 5551 (l0)
2800 5480 3129 5552 Matthxi",
3180 5478 3235 5531 11
3286 5495 3299 5533 :
3354 5471 3506 5552 Ἐγὼ.⁷
3544 5480 3633 5547 μὲν
3680 5471 3925 5552 βαπτίζω
3964 5472 4107 5552 ὑμᾶς
4154 5471 4204 5523 ἐι

2582 5546 2759 5605 ὕδατι
2799 5592 2861 5609 ...
2916 5552 2942 5603 6
2994 5546 3053 5603 δὲ
3106 5548 3276 5601 ὀπίσω
3337 5568 3438 5620 μου
3478 5546 3753 5620 ξρχομενος
3813 5546 4207 5620 ,ἰσχυρότερος

2579 5628 2680 5697 μού
2739 5623 2878 5676 ἐστιν
3059 5621 3216 5681 αὐτὸς
3272 5614 3408 5692 ὑμᾶς
3471 5614 3721 5692 βαπτισει
3806 5614 3853 5667 ἓν
3929 5614 4207 5687 Πνεῦματι

2580 5692 2709 5771 ἆγίῳ
2738 5716 2828 5749 και
2846 5700 2997 5769 πυρί.
3030 5692 3119 5751 Cf.
3157 5695 3293 5749 L'uc.
3322 5707 3405 5760 III,
3438 5695 3521 5747 l6;
