4434 6452
783 439 922 494 146⁸1

2130 435 2501 493 NICEPHORI
2538 437 2800 494 CHUMNI

4006 442 4146 495 1468

779 573 1019 614 morum
1040 557 1294 622 videtur,
1329 557 1377 612 si
1403 557 1611 624 homo,
1629 561 1690 613 in
1707 558 1841 630 ipsa
1855 557 2063 614 ultima
2091 558 2185 613 die
2211 561 2428 615 consti-

2493 559 2860 633 λέπιστρέφιιν
2917 559 3068 624 αὖθις
3122 563 3190 622 εἰς
3241 566 3492 634 μερίμνας
3544 569 3634 612 xui
3677 565 3922 623 τοιαύτας
3979 561 4154 632 ἀσχο-

779 651 961 712 tutus,
975 662 1098 702 non
1106 647 1235 717 jam
1247 662 1450 703 omnes
1467 647 1650 702 rebus
1670 647 2041 703 terrestribus
2055 648 2429 704 adhaerentes

779 737 1171 806 cogitationes
1203 736 1490 806 rejecerit,
1515 736 1642 803 sed,
1665 737 1884 801 adhuc,
1927 737 2002 791 de
2050 740 2433 808 propriorum

776 825 1080 881 bonorum
1107 823 1593 895 cogitationibus,
1626 825 1748 880 imo
1787 840 1930 880 vero
1958 825 2033 879 de
2056 826 2230 880 bonis
2285 826 2432 897 ipsis

779 912 1064 968 sollicitus
1103 911 1196 980 sit,
1228 917 1651 984 convertatque
1678 928 1739 968 se
1766 912 1846 968 ad
1871 928 1941 968 ea
1960 929 2097 985 quae
2120 913 2432 969 mundana

781 1004 942 1070 sunt,
969 1000 1117 1056 dum
1144 1000 1223 1056 ad
1252 1001 1369 1056 alia
1393 1001 1523 1071 jam
1553 1008 1822 1067 vocatur,
1882 1003 2156 1057 nesciens
2177 1003 2237 1057 in
2270 1019 2432 1075 quaa-

777 1105 941 1154 nam,
985 1093 1186 1145 utrum
1220 1089 1282 1144 in
1307 1089 1602 1159 jucunda,
1634 1105 1714 1145 an
1739 1090 1799 1145 in
1833 1090 2042 1156 tristia,
2088 1095 2146 1146 et
2190 1107 2326 1162 quae
2369 1092 2430 1146 in

779 1184 1071 1233 internum
1103 1177 1543 1249 protenduntur
1572 1197 1584 1246 ;
1616 1194 1810 1251 neque
1841 1178 1919 1234 ad
1948 1178 2092 1234 illud
2112 1185 2346 1235 tantum
2375 1184 2432 1236 et

778 1271 1124 1322 constanter
1149 1267 1422 1338 aspiciat,
1445 1283 1588 1338 quo,
1622 1267 1827 1323 anima
1867 1267 2060 1323 soluta
2085 1283 2122 1323 a
2159 1284 2428 1338 corpore,

778 1355 858 1411 ab
887 1355 1244 1410 ducentibus
1260 1355 1718 1411 transmittenda
1731 1356 2127 1420 est,nesciens
2150 1357 2431 1427 quisnam

776 1443 972 1514 ipsam
998 1449 1352 1514 accepturus
1392 1444 1467 1498 sit
1524 1443 1717 1510 locus,
1772 1450 1972 1499 utrum
2026 1444 2298 1516 supplicii
2353 1460 2431 1500 an

776 1532 992 1602 quietis
1021 1533 1048 1586 ‘?
1089 1534 1250 1587 Hanc
1317 1547 1497 1604 porro
1543 1531 1882 1587 doctrinam
1940 1538 1998 1587 et
2052 1533 2430 1604 disciplinam

775 1619 1098 1688 habemus,
1123 1627 1188 1675 ut
1215 1626 1572 1692 praesentem
1602 1621 1808 1684 vitam,
1843 1622 2050 1676 mortis
2099 1622 2431 1676 meditatio—

775 1723 915 1763 nem
948 1708 1274 1776 faciamus,
1294 1724 1431 1779 quaa
1460 1708 1614 1763 bene
1637 1708 1904 1763 futurum
1936 1709 2225 1764 saeculum
2253 1710 2430 1765 nobis

774 1796 1138 1867 praeparabit
1173 1801 1229 1851 et
1260 1796 1578 1851 commode
1636 1813 1747 1851 nos
1795 1797 1933 1851 huic
1986 1798 2319 1868 adaptabit.
2369 1800 2434 1852 Et

773 1882 932 1938 beati
960 1884 1065 1955 qui
1093 1884 1187 1938 his
1215 1883 1658 1939 hortationibus
1700 1888 1887 1939 totam
1936 1889 2196 1939 mentem
2255 1885 2432 1940 adhi-

772 1974 1007 2037 bentes,
1037 1977 1225 2028 totam
1264 1971 1445 2027 vitam
1472 1971 1544 2026 iis
1566 1971 1934 2037 submittere,
1958 1988 2096 2028 cum
2127 1973 2321 2045 iisque
2344 1973 2428 2027 vi-

771 2077 906 2117 vere
936 2067 1250 2117 conantur.

772 2151 1175 2220 ποιείσθαι
1245 2155 1344 2202 Καὶ
1419 2152 1671 2224 μακάριοι
1737 2169 1794 2219 γε
1844 2152 1892 2200 οἱ
1959 2153 2122 2221 ταύτῃ
2177 2159 2438 2221 νουνεχῶς

2540 650 2656 710 λίας
2702 647 2867 720 μηδὲν
2935 651 3065 723 αύτῇ
3115 654 3492 724 προσηκούσας
3535 671 3547 682 ·
3591 651 3616 702 ὁ
3646 647 3712 707 δή
3758 670 3848 722 μοι
3895 655 3985 703 καὶ
4009 653 4149 701 πάνυ

2541 758 2593 789 τι
2642 741 2925 809 θαυμάζειν
3008 743 3225 803 ἔπεισιν,
3278 739 3322 791 εἰ
3369 741 3657 810 ἄνθρωπος,
3717 738 3768 791 έν
3818 739 3949 810 αύτῇ
4004 743 4153 809 γενό-

2540 845 2685 898 μενος
2740 835 2802 896 τῇ
2864 830 3136 901 ὑστεραίᾳ,
3226 828 3354 898 οὐχὶ
3401 833 3491 880 καὶ
3554 830 3748 888 πάντας
3805 827 3953 886 εὐθὺς
4026 831 4155 888 τοὺς

2540 922 2651 976 τοῖς
2741 923 2994 990 παροῦσιν
3080 916 3409 988 ἐνεχομένους
3494 915 3750 969 ἀπόλλυσι
3837 915 4151 986 λογισμοὺς,

2543 1001 2670 1070 ἀλλ’,
2731 1007 2807 1057 ἔτι
2860 1012 2976 1066 ταῖς
3044 1010 3162 1077 περὶ
3216 1013 3318 1056 τῶν
3409 1009 3707 1079 προσόντων
3773 1023 4059 1076 φροντίσιν,
4120 1005 4150 1061 ἡ

2541 1092 2729 1163 μᾶλλον
2813 1095 2881 1144 ὧν
2960 1091 3095 1165 εἶχε,
3181 1098 3595 1165 συνεσχημένος,
3677 1098 3994 1164 επιστροφην
4035 1112 4156 1144 τινα

2540 1189 2640 1232 τῶν
2678 1181 2728 1232 ἐν
2770 1189 2842 1251 τῷ
2895 1181 2996 1254 βίῳ
3026 1190 3272 1247 ποιεῖται,
3318 1182 3369 1234 ἐν
3412 1181 3584 1241 ὀᾶλοις
3634 1177 3702 1239 δή
3745 1200 3856 1232 τισι
3916 1199 4154 1252 μετακα-

2539 1268 2802 1340 λούμενος,
2863 1271 2956 1322 οὐκ
3013 1267 3168 1331 εἰδὼς
3203 1267 3257 1322 δ’
3313 1269 3362 1322 ἐν
3419 1272 3564 1334 οἵοις,
3622 1265 3780 1327 ἡδέσι
3842 1266 4086 1326 δηλονότι
4120 1269 4150 1326 ἡ

3562 1360 3698 1428 ὅμως
3759 1362 4154 1431 παρατεινομέ-

2494 1341 2519 1358 ο

2543 1359 2892 1429 σκυθρωποῖς,
2968 1359 3020 1419 ἐς
3093 1357 3377 1431 ἀπέραντον
3433 1355 3484 1410 δ’

2540 1464 2664 1510 νοις,
2732 1443 2854 1498 οὐδὲ
2921 1450 3049 1520 πρός
3114 1446 3274 1498 ἐκεῖνο
3327 1451 3480 1519 μόνον
3528 1446 3784 1504 παντελῶς
3837 1443 4156 1518 ἀνεπιστρό-

2543 1553 2644 1604 φως
2667 1533 2866 1605 βλέπει,
2903 1537 3021 1586 ὅποι
3071 1532 3336 1601 δηλονότι,
3395 1534 3613 1586 λυθεῖσα
3671 1541 3761 1585 τοῦ
3818 1539 4077 1605 σώματος,
4121 1535 4152 1591 η

2541 1622 2696 1692 ψυχὴ
2730 1628 3021 1693 μετασταίη
3073 1625 3174 1675 ὑπὸ
3228 1632 3328 1674 τῶν
3379 1622 3604 1693 ἀγόντων
3672 1622 4005 1685 ὒκυσθείσα,
4059 1627 4155 1672 καὶ

2541 1718 2684 1770 ποῖος
2748 1711 2910 1768 αὐτὴν
2989 1708 3327 1782 μεταδέξεται
3397 1719 3596 1783 χῶρος,
3641 1710 3872 1771 κολάζων
3931 1711 3960 1767 ἡ
4032 1709 4158 1760 ἀνα-

2542 1802 2742 1852 παύων.
2811 1799 3040 1871 ’Ἐχομεν
3099 1797 3159 1852 δὲ
3222 1805 3308 1851 καὶ
3389 1802 3580 1856 ταύτην
3645 1801 3844 1858 πάντως
3904 1795 4158 1850 παιδείαν

2543 1892 2631 1939 καὶ
2683 1890 2978 1953 νουθεσίαν,
3026 1891 3161 1940 πάνυ
3209 1908 3258 1940 τι
3333 1891 3390 1940 τὸ
3461 1887 3640 1960 μέλλον
3721 1889 3847 1960 ἡμῖν
3939 1883 3993 1939 εὖ
4059 1893 4157 1938 καὶ

2542 1976 2710 2037 καλῶς
2749 1976 3122 2049 οἰκονομοῦσαν
3189 1984 3278 2028 xui
3343 1977 3764 2049 καταρτίζουσαν
3816 1979 3947 2049 πρὸς
3997 1983 4157 2028 τοῦτο

2545 2070 2925 2136 συμφερόντως,
2977 2065 3190 2137 μελέτην
3239 2065 3342 2118 αἰεὶ
3401 2067 3620 2116 θανάτου
3707 2068 3793 2115 τὸν
3845 2061 3975 2136 τῇδε
4035 2062 4159 2135 βίον

2493 2158 2819 2224 προσχόντες
2859 2154 2938 2224 (‘2)
2995 2162 3057 2224 τῇ
3117 2155 3382 2224 νουθεσίᾳ,
3437 2158 3526 2204 καὶ
3572 2157 3666 2210 τὴν
3725 2150 3947 2203 ἐνταῦθα
4001 2151 4159 2204 πολι-

770 2243 910 2292 τείαν
942 2239 1062 2298 ὃλην
1089 2235 1481 2298 σπουδάσαντες
1521 2239 1812 2290 ὑποθέσθαι
1843 2246 1904 2310 τῇ
1930 2243 2252 2310 παραινέσει,
2285 2243 2375 2290 καὶ
2396 2241 2559 2312 ταύτῃ
2597 2245 2851 2302 συζῆσαι.

843 2327 1096 2393 Quando
1127 2333 1327 2382 autem
1359 2327 1492 2398 quis
1522 2344 1625 2381 eas
1679 2328 1742 2382 in
1797 2326 2096 2382 oblivione
2142 2327 2426 2399 posuerit,

769 2422 1147 2489 mortemque
1198 2416 1394 2488 ipsam
1446 2422 1737 2488 tanquam
1788 2416 1924 2471 vitae
1983 2417 2165 2487 hujus
2228 2433 2430 2471 rerum

768 2505 1226 2561 meditationem
1257 2505 1479 2574 fecerit,
1513 2505 1605 2560 his
1640 2504 2163 2560 adhortationibus
2195 2510 2430 2560 contra—

769 2593 996 2660 dicens,
1023 2608 1141 2653 me,
1177 2598 1238 2647 ut
1265 2591 1565 2655 dicebam,
1590 2591 1684 2646 ille
1711 2591 1772 2644 in
1816 2591 2315 2662 stupefactionem
2345 2592 2430 2646 in-

763 2681 907 2751 jicit,
951 2696 1088 2735 cum
1119 2680 1236 2734 hoc
1263 2679 1447 2734 modo
1476 2679 1700 2734 ultimis
1713 2679 1927 2734 diebus
1958 2685 2013 2734 et
2041 2679 2104 2734 in
2133 2681 2268 2751 ipso
2311 2679 2430 2734 ﬁne

768 2773 988 2824 utatur.
1024 2769 1252 2823 Etenim
1284 2768 1332 2822 si
1361 2768 1534 2834 velis,
1565 2768 1713 2822 dum
1733 2771 1865 2836 jam
1896 2773 1953 2822 te
1978 2768 2191 2839 pungit
2242 2784 2426 2832 mors,

767 2861 1124 2914 testamenta
1153 2856 1468 2921 conﬁcere,
1496 2855 1738 2911 aliunde
1773 2871 1916 2911 vero
1949 2872 2072 2911 non
2096 2857 2360 2912 sustines
2393 2873 2430 2912 a

765 2947 943 3002 bonis
973 2946 1266 3015 decidere,
1311 2946 1523 3017 quidni
1555 2961 1734 3000 omne
1761 2945 1896 3000 vitae
1928 2949 2169 3017 tempus
2218 2945 2429 3000 mortis

772 3039 1010 3106 tempus
1042 3039 1304 3106 reputes,
1335 3039 1393 3089 et
1421 3034 1781 3106 priusquam
1795 3049 1933 3089 vere
1963 3032 2102 3088 ﬁnis
2123 3034 2427 3101 adveniat,

767 3123 846 3179 ad
876 3125 1075 3196 ipsum
1099 3123 1448 3195 respiciens,
1478 3122 1706 3178 scribas
1737 3122 1765 3174 ?

841 3389 1072 3445 Etenim
1103 3405 1198 3444 res
1223 3390 1305 3444 ita
1335 3404 1397 3443 se
1433 3389 1614 3446 habet
1648 3407 1661 3444 :
1700 3405 1840 3444 cum
1871 3389 1998 3444 nati
2047 3389 2235 3444 simus
2276 3404 2434 3445 mor-

768 3479 937 3545 tales,
971 3496 1094 3534 una
1119 3479 1441 3535 nobiscum
1473 3479 1735 3549 gignitur
1765 3495 1900 3552 quae
1929 3479 2115 3534 vitam
2156 3478 2435 3533 dissolvit

769 3568 1071 3639 corruptio
1099 3573 1156 3624 et
1183 3568 1403 3622 ﬂuxus.
1434 3571 1499 3622 Et
1530 3584 1674 3622 sane
1705 3568 1880 3624 nobis
1902 3568 1962 3622 in
1997 3569 2158 3623 viam
2186 3573 2242 3622 et
2297 3568 2431 3622 vitae

767 3672 1016 3712 cursum
1046 3656 1446 3711 incidentibus
1476 3673 1598 3711 non
1629 3656 1812 3712 modo
1843 3657 1977 3712 licet
2008 3655 2085 3711 ab
2111 3657 2277 3712 initio
2297 3672 2436 3711 con-

771 3751 997 3800 stanter
1025 3746 1502 3801 animadvertere
1530 3762 1714 3816 quem
1744 3746 1820 3800 ad
1847 3745 2031 3800 finem
2062 3745 2433 3816 requiescere

767 3833 1121 3903 debeamus,
1156 3835 1258 3889 sed
1264 3838 1396 3904 jam
1413 3835 1472 3888 in
1499 3834 1591 3888 his
1613 3851 1747 3906 quae
1764 3839 2144 3906 praetereunt,
2161 3833 2432 3904 aspicere

772 3940 1100 3995 possumus
1147 3924 1494 3994 adjunctam
1553 3923 2020 3995 corruptionem.
2083 3923 2212 3978 Vita
2272 3922 2431 3977 enim

768 4019 976 4069 nostra
1002 4019 1297 4085 tanquam
1330 4014 1391 4068 in
1419 4013 1680 4083 vestigiis
1710 4019 1834 4068 tota
1881 4013 2119 4081 incedit,
2153 4017 2210 4067 et
2269 4028 2433 4067 mors

770 4118 1092 4159 accurrens
1121 4118 1191 4158 ac
1219 4102 1512 4157 comitans
1544 4103 1602 4156 id
1635 4103 1801 4173 quod
1840 4102 1961 4157 vita
1985 4106 2285 4157 transacta
2304 4100 2434 4156 reli-

769 4194 918 4265 quit,
952 4192 1010 4247 id
1034 4193 1233 4247 statim
1260 4191 1475 4262 accipit
1501 4191 2096 4262 comprehenditque,
2141 4197 2196 4246 et
2239 4190 2432 4246 omni-

768 4283 884 4338 bus
940 4283 1075 4336 vitae
1129 4281 1402 4354 partibus
1449 4281 1776 4335 ﬂuentibus
1861 4281 2431 4352 transeuntibusque

770 4371 1126 4434 occidimur,
1149 4387 1407 4442 quicque
1446 4371 1574 4440 jam
1606 4371 1784 4425 morti
1814 4370 2196 4440 adjiciuntur.
2229 4372 2314 4424 Ita
2343 4375 2426 4438 ut,

770 4463 818 4516 si
851 4477 1014 4517 mors
1045 4467 1098 4516 te
1155 4461 1218 4514 in
1272 4461 1548 4514 timorem
1603 4460 1900 4529 injiciens,
1960 4459 2174 4514 ultima
2226 4459 2325 4514 die
2375 4464 2428 4514 te

770 4555 1198 4606 testamentum
1238 4549 1533 4604 coniicere
1564 4549 1741 4612 cogit.
1768 4549 1979 4620 quidni
2020 4555 2076 4604 et
2101 4549 2298 4604 hodie.
2326 4547 2428 4603 illa

2493 4547 2510 4599 )
2540 4570 2611 4620 τω
2655 4553 3138 4621 προσγιγνομένοις,

767 4644 1058 4708 regnante
1109 4643 1187 4704 (et
1245 4643 1474 4709 quanta
1524 4638 1849 4709 possideat,
1911 4638 2161 4692 omnino
2217 4637 2427 4706 vides),

768 4731 1127 4783 testamenta
1142 4727 1373 4786 scribis,
1394 4742 1614 4798 corpus
1628 4726 1872 4798 quidem
1890 4726 2160 4781 validum
2173 4725 2426 4788 habens,

768 4820 968 4872 mente
984 4831 1123 4871 vero
1135 4815 1410 4892 nondum
1425 4814 1687 4870 violento
1707 4815 1922 4869 morbo
1944 4814 2204 4879 turbata,
2236 4830 2429 4886 neque

768 4922 840 4962 ea
856 4903 1215 4974 cogitatione
1230 4920 1368 4958 cum
1384 4903 1704 4959 formidine
1718 4903 1993 4974 agitatus,
2012 4903 2180 4975 quod
2210 4919 2430 4975 nempe

761 4995 893 5065 jam
923 4993 1194 5049 moreris.

768 5089 1018 5158 κραταιᾶς

766 5193 858 5231 νην
889 5190 902 5240 ;

835 5318 914 5387 (1)
968 5313 1194 5387 Gobilis
1257 5318 1345 5370 est
1400 5314 1694 5370 Ciceronis
1737 5313 1906 5369 locus
1956 5315 2126 5387 Tusc.
2203 5329 2268 5387 ι,
2316 5318 2421 5387 30:

768 5409 795 5436 «
829 5384 973 5443 Teta
1002 5386 1502 5458 philosophorum
1535 5387 1781 5458 vita,ut
1829 5387 1910 5440 ait
1967 5385 2127 5458 idem
2185 5384 2422 5458 (Elato),

765 5456 1194 5514 commentatio
1226 5459 1551 5512 mortisest.
1588 5479 1615 5505 »
1631 5457 1775 5512 Vide
1803 5457 2124 5528 \Vyttenb.
2157 5456 2236 5512 ad
2267 5458 2428 5512 Phae-

764 5531 911 5586 don.
942 5546 999 5601 p.
1031 5533 1157 5598 207,
1191 5536 1247 5584 et
1276 5529 1337 5583 in
1369 5528 1616 5584 Philom.
1654 5535 1692 5584 t.
1751 5529 1843 5594 Ill,
1913 5545 1971 5598 p.
2024 5531 2110 5583 96.
2170 5531 2430 5601 Joannes

766 5599 1009 5658 Climac.
1070 5618 1128 5674 Ρ.
1205 5605 1474 5674 145εᾉΚαί
1515 5603 1713 5674 ηθανμα
1758 5602 1946 5674 ῥντως,
2020 5609 2126 5659 πῶς
2158 5620 2262 5674 ,και
2324 5599 2430 5652 Ἐλ-

762 5673 909 5735 ληνές
958 5693 1010 5725 τι
1066 5670 1296 5724 τοιοῦτον
1355 5670 1859 5744 ἐφθέγξαντό,γέπεί
1935 5691 2024 5722 και
2100 5672 2432 5744 φιλο-σοφίαν,

703 5799 707 5802 ,
762 5753 916 5798 τοῦτο
969 5744 1098 5798 εἶναι
1196 5742 1488 5815 οριζονται,
1594 5743 1826 5816 μεχέτην
1859 5742 2142 5814 θανάτου
2205 5742 2435 5799 Seneca

2465 3182 2506 3237 C

2611 2329 2771 2381 ”Οταν
2832 2328 2891 2382 δέ
2956 2351 3036 2392 τις
3088 2335 3159 2401 μὴ
3211 2336 3364 2402 μόνον
3426 2332 3624 2389 ταύτης
3702 2328 4160 2401 κατωλιγωρηκὼς

2541 2423 2742 2490 φανείη,
2788 2418 2916 2470 ἀλλὰ
2962 2424 3051 2471 καὶ
3102 2422 3190 2470 τόν
3251 2420 3467 2471 θάνατον
3507 2418 3718 2490 μελέτην
3765 2420 3955 2469 ὡσανεὶ
3995 2419 4160 2474 τιθῆ-

2540 2526 2628 2558 ται
2679 2509 2756 2574 «3)
2805 2515 2904 2557 τῶν
2962 2506 3010 2558 ἐν
3066 2505 3168 2578 βίῳ
3226 2509 3567 2580 πραγμάτων,
3634 2509 3766 2580 πρὸς
3857 2505 4160 2556 τούναντίον

2541 2593 2796 2653 παντελῶς
2853 2602 2944 2645 τοῦ
3028 2594 3460 2667 παραγγελματος
3548 2596 3708 2660 ἥκων,
3776 2596 3970 2664 ἔμοιγε,
4030 2595 4160 2664 ὅπερ

2541 2685 2684 2753 ἔφην,
2719 2683 2776 2734 ού
2830 2682 3006 2756 πόρρω
3050 2685 3311 2754 θαύματος
3340 2684 3364 2733 ό
3405 2689 3660 2747 τοιοῦτος,
3715 2689 3896 2733 τοῦτον
3953 2678 4024 2738 δὴ
4067 2686 4161 2732 τόν

2540 2776 2728 2844 τρόπον
2781 2779 2885 2832 τοῖς
2935 2773 3180 2832 ὑστάτοις
3254 2778 3343 2822 xui
3386 2779 3448 2842 τῇ
3532 2770 3738 2842 τελευτῇ
3809 2774 4160 2842 κεχρημένος.

2543 2865 2644 2912 Καὶ
2715 2862 2841 2933 γὰρ,
2913 2861 2955 2912 εἰ
3017 2859 3213 2932 βούλει,
3263 2863 3533 2921 νύττοντός
3608 2878 3665 2910 σε
3741 2867 3833 2910 τοῦ
3906 2861 4160 2928 θανάτου,

3200 2947 3366 3008 ἄλλως
3448 2945 3483 3000 δ
3487 2949 3500 2967 ’

2541 3037 2806 3089 ἐκπίπτειν
2867 3045 2965 3087 τῶν
3019 3043 3339 3110 προσόντων,
3398 3041 3450 3088 τί
3516 3041 3588 3108 μὴ
3657 3041 3748 3087 καὶ
3821 3037 3990 3088 πάντα
4072 3056 4165 3087 τόν

2538 2952 2752 3022 γράφειν
2836 2945 3113 3015 διαθήκας,
3200 2947 3366 3008 ἄλλως
3448 2945 3500 3000 δ’
3566 2947 3660 2999 οὐκ
3734 2947 3896 3019 ἀνέχῃ
3982 2944 4164 2998 δοκεῖν

2544 3127 2681 3186 ζωῆς
2706 3130 2897 3198 χρόνον
2956 3129 3178 3178 θανάτου
3210 3131 3402 3200 χρόνον
3428 3145 3487 3197 γε
3517 3125 3732 3197 λογίζῃ,
3787 3130 3897 3194 καὶ,
3965 3131 4093 3198 πρὶν
4129 3127 4158 3183 ἡ

2542 3217 2786 3284 καθαρῶς
2843 3219 2902 3266 τό
2955 3215 3098 3276 τέλος
3177 3213 3476 3286 ἀφικέσθαι,
3536 3217 3664 3287 πρὸς
3743 3215 3868 3265 αύτὸ
3941 3216 4167 3287 γράφεις

2546 3303 2748 3375 βλέπων
2781 3321 2794 3367 ;

2617 3397 2718 3445 Καὶ
2772 3395 2874 3466 γὰρ
2932 3392 3093 3453 οὕτως
3154 3394 3268 3462 ἔχει
3303 3413 3314 3423 ·
3368 3393 3570 3450 θνητοῖς
3629 3392 3755 3462 ἡμῖν
3813 3410 3873 3460 γε
3909 3399 4168 3464 γεννωμέ-

2542 3502 2648 3542 νοις
2708 3485 3139 3533 συναποτίκτεταί
3196 3501 3307 3542 πως
3370 3487 3459 3533 καὶ
3523 3483 3552 3538 η
3615 3485 3710 3538 τὴν
3794 3481 3934 3540 ζωὴν
3994 3481 4167 3539 αὐτὴν

2542 3571 2741 3622 λύουσα
2797 3573 2965 3644 φθορὰ
3016 3575 3104 3621 καὶ
3165 3570 3366 3643 ῥεῦσις,
3422 3575 3521 3622 Καί
3577 3589 3637 3640 γε
3692 3573 3837 3643 παρά
3886 3574 3982 3627 τὴν
4034 3568 4166 3622 ὀδόν

2544 3660 2831 3732 ἐμπεσοῦσι
2862 3663 3066 3711 καὶτὸν
3123 3656 3319 3730 δρόμον
3363 3668 3455 3710 τοῦ
3525 3658 3646 3730 βίου
3680 3664 3749 3724 μὴ
3804 3663 3956 3730 μόνον
4015 3662 4165 3710 ἔστιν

2543 3752 2668 3821 ημῖν
2729 3749 2781 3810 ἐξ
2839 3748 3014 3822 ἀρχῆς
3072 3747 3369 3808 ἀπταίστως
3427 3747 3602 3818 ἐνορᾲν
3668 3752 3794 3821 πρὸς
3845 3749 3870 3799 ὃ
3921 3744 3990 3804 δη
4064 3755 4163 3800 καὶ

2543 3840 2951 3910 καταπάυσομεν
2991 3837 3154 3903 τέλος,
3190 3835 3295 3888 ἀλλ’
3329 3834 3436 3894 ἤδη
3469 3841 3559 3888 καὶ
3616 3836 3665 3888 ἐν
3722 3846 3831 3896 τοῖς
3854 3838 3972 3889 καθ’
4014 3840 4161 3911 ὥραν

2545 3929 2734 3998 ζῶμεν,
2785 3929 2833 3978 ἐν
2908 3928 3116 3987 τούτοις
3172 3929 3286 3978 ἔστι
3341 3932 3562 3999 συνορᾷν
3620 3931 3709 3978 καὶ
3773 3931 3866 3983 τὴν
3957 3929 4164 4000 φθορὰν

2544 4017 2695 4076 εὐθὺς
2736 4015 3156 4089 παρεζευγμένην
3220 4035 3231 4046 ·
3285 4016 3352 4075 ὡς
3395 4018 3496 4087 γὰρ
3552 4013 3600 4066 ἐν
3635 4017 3815 4085 ἵχνεσί
3860 4034 3973 4066 τισι
4024 4014 4162 4086 βαι-

2541 4108 2736 4167 νούσης
2821 4111 2916 4166 τῆς
2984 4105 3124 4165 ζωῆς
3172 4106 3316 4175 ημῶν
3371 4103 3584 4162 ἁπάσης
3628 4109 3718 4156 καὶ
3772 4112 3862 4156 τοῦ
3928 4107 4163 4157 θανάτου

2540 4196 2885 4268 παραθέοντος
2945 4197 3033 4244 καὶ
3116 4201 3705 4267 συμπαρομαρτοῦντος,
3774 4195 3894 4265 ὅπερ
3982 4193 4160 4252 ἐκείνη

2539 4292 2741 4357 παρῆκε
2789 4280 3047 4348 διαϐᾶσα,
3096 4284 3239 4334 τοῦτ’
3296 4283 3448 4342 εὐθὺς
3525 4283 3676 4342 αὐτὸς
3740 4279 4165 4354 μεταδεξάμενος

2539 4372 2727 4443 ύφεῖλε,
2761 4377 2849 4422 καὶ
2889 4374 3240 4444 νενεκρὼμεθα
3278 4370 3462 4423 λοιπόν
3517 4378 3650 4423 πᾶσι
3705 4379 3812 4431 τοῖς
3867 4379 3963 4432 τῆς
4018 4377 4166 4434 ζωῆς

2541 4465 2721 4535 μέρεσι
2759 4461 2940 4534 ῥέουσι
2970 4466 3058 4511 xui
3108 4465 3542 4532 παρερχομένοις,
3594 4465 3685 4511 καί
3751 4479 3810 4530 γε
3862 4469 3933 4530 τῷ
4005 4463 4166 4513 θανά-

3217 4548 3370 4600 ”ί).στ’
3381 4588 3394 4609 ,

2542 4635 2908 4709 δεδιττόμενος
2951 4639 3032 4689 ἐπὶ
3072 4646 3167 4698 τῆς
3221 4637 3516 4697 τελευταίας
3581 4636 3825 4709 βιάζεται
3883 4634 4165 4695 διαθηκῶν

3473 4552 3612 4620 εἰπερ
3682 4550 3707 4599 ό
3782 4551 4004 4610 θάνατός
4105 4571 4165 4602 σε

2540 4730 2860 4798 μεμνῆσθαι,
2920 4732 2970 4778 τί
3023 4732 3093 4798 μὴ
3128 4731 3218 4778 καὶ
3249 4731 3344 4784 τὴν
3386 4732 3630 4800 σήμερον,
3692 4723 4167 4789 ἐνδυναστεύοντος

2538 4819 2726 4868 τούτου
2789 4820 2898 4886 (και
2959 4814 3161 4888 βλέπεις
3219 4817 3427 4876 πάντως
3481 4817 3675 4867 ὁπόσον
3754 4814 4164 4887 ἐγκαταλαμϐά-

2537 4904 2652 4977 τη),
2701 4907 2917 4978 γράφεις

2538 5000 2630 5044 τοῦ
2672 4999 2932 5065 σώματος,
2976 4999 3046 5064 μή
3117 5013 3198 5044 πω
3241 4989 3300 5045 δε
3357 4997 3441 5044 τόν
3503 4999 3620 5044 νοῦν
3685 4989 4063 5065 διεφθαρμένος
4106 4995 4164 5046 ἐκ

2997 4907 3090 4964 τὰς
3148 4901 3426 4967 διαθηκας,
3500 4903 3795 4978 ἐρρωμένως
3843 4907 3933 4975 μεν
4017 4909 4165 4975 ἔχων

1110 5083 1504 5141 κατασεισάσης
1591 5085 1772 5151 νόσου,
1851 5078 1990 5154 μηδὲ
2051 5087 2145 5139 τὴν
2232 5079 2467 5134 διάνοιαν
2519 5082 2767 5154 οὐμενοῦν
2822 5084 2922 5135 ύπό
2974 5079 3124 5144 δέους
3181 5085 3320 5154 ἔχων
3375 5085 3456 5134 ὅτι
3509 5085 3749 5142 θνήσκεις
3795 5083 4165 5156 τεθορυϐημέ-

2611 5314 2788 5385 Epist.
2807 5317 2876 5369 26
2903 5333 2915 5368 :
2938 5337 2965 5363 ‹‹
2995 5313 3276 5369 Meditare
3291 5318 3566 5368 mortem.
3587 5335 3614 5362 ››
3635 5312 3798 5368 Adde
3823 5311 4171 5383 Diogenem

2540 5386 2718 5457 Epist.
2765 5389 2824 5440 tO
2856 5387 2962 5440 init
3009 5387 3068 5439 in
3103 5386 3445 5457 Notit._7Mssi.
3481 5390 3522 5442 t.
3551 5386 3608 5439 Χ.

2614 5458 2905 5526 (2)Codex
2931 5459 3014 5511 sic
3044 5474 3056 5521 ;
3092 5456 3200 5510 sed
3239 5455 3384 5511 olim
3414 5456 3524 5511 fuit
3551 5460 3930 5529 προσσχόντες,
3979 5458 4171 5517 Conf.

2539 5534 2663 5582 not.
2698 5533 2750 5594 9,
2775 5530 2887 5583 col.
2927 5530 3082 5585 t386.

2613 5600 2690 5669 (3)
2723 5601 3013 5673 Relinqup
3075 5601 3197 5651 ὅταν
3255 5603 3433 5672 φανείη
3487 5603 3575 5650 καὶ
3607 5601 3840 5673 τιθῆται,
3883 5615 4028 5655 cum
4068 5603 4172 5658 Vi-

2541 5669 2801 5797 fleantur
2829 5669 3020 5728 sic'ab
3051 5669 3293 5728 auctore
3323 5673 3477 5744 ipso,
3545 5686 3665 5726 non
3697 5687 3727 5727 θ
3770 5671 4043 5738 librario,
4078 5689 4176 5730 re-

2563 5758 2616 5797 ic
2645 5759 2700 5797 a.

2563 5743 2700 5800 icta.
