4434 6452
294 413 432 466 1469

1711 404 2237 462 TESTAMENTUM.

3516 407 3652 459 1470

366 536 488 586 Οἶον
527 536 624 605 γὰρ
658 528 726 590 δη
773 538 863 583 xui
907 541 1080 593 τοῦτο,
1137 535 1258 584 ὅταν
1300 552 1521 606 πυρετος
1578 534 1758 604 λάιψος
1817 533 1889 598 (1)
1923 535 1964 584 Α
2076 531 2117 594 0

1923 535 1964 584 Α
2076 531 2375 594 Quidnam
2433 535 2673 603 patieris
2721 531 2971 605 quando
3044 533 3097 583 te
3155 529 3415 584 adurens
3472 527 3651 581 febris

294 623 636 694 ἀναφλεχθεὶς
725 619 937 690 ἐκτηκη,
1011 627 1224 695 κρείττω
1307 627 1394 672 καὶ
1451 623 1635 694 ἰατρῶν
1701 625 1892 688 τέχνης

292 717 381 763 καὶ
413 714 586 771 πάσης
619 708 772 770 ἀλλης
815 718 1063 780 μηχανῆς
1089 719 1180 767 την
1235 712 1405 781 ακμην
1447 714 1602 780 έχων,
1659 717 1747 759 και
1801 712 1892 764 την

293 803 485 874 φθορὰν
540 804 629 851 καὶ
671 799 820 850 λύσιν
877 800 1318 871 κατεργαζομενος
1387 799 1619 868 εὐτόνως,
1693 801 1782 848 καί
1835 815 1893 866 γε

289 893 377 940 τόν
418 885 613 959 δεσμόν
644 887 919 960 παραλύων
946 891 1031 938 τὸν
1071 897 1161 948 τῆς
1191 887 1378 958 ψυχῆς
1435 893 1524 938 καὶ
1567 894 1656 938 τοῦ
1708 893 1891 956 σωμα-

291 998 392 1043 τος,
425 978 452 1034 ἡ
487 980 607 1027 ὅταν
684 977 832 1048 ῥῖγος
876 974 1231 1048 ἐπεισυρῆσαν
1287 981 1374 1026 τόν
1445 976 1557 1026 ὅλον
1636 973 1888 1044 συγκλονῇ

294 1069 591 1136 σωματικὸν
649 1069 822 1134 ὄγκον,
885 1069 975 1115 xui
1042 1067 1106 1116 τά
1152 1067 1338 1116 τούτου
1378 1065 1578 1136 πέρατά
1632 1062 1888 1132 καταλαμ-

291 1152 418 1226 ϐάνῃ
496 1156 797 1225 νεκροποιόν
869 1151 1066 1223 ψύχος,
1143 1160 1235 1204 τού
1325 1153 1549 1212 ζωτικοῦ
1605 1154 1894 1221 πνεύματος

295 1241 698 1312 συστελλομένου
779 1245 867 1291 καὶ
945 1240 1042 1312 βίᾳ
1088 1246 1206 1313 περὶ
1263 1245 1356 1298 τήν
1408 1236 1632 1314 καρδίαν
1684 1237 1891 1308 ἀναχω-

289 1337 522 1402 ροῦντος,
574 1327 684 1380 εἶτα
751 1334 984 1399 προσιών
1041 1348 1118 1390 τις
1180 1325 1488 1400 διαλέγηται
1541 1333 1657 1399 περὶ
1719 1346 1891 1397 γραμ-

1143 1160 1235 1204 τού

290 1420 464 1489 μάτων
517 1422 612 1474 τὴν
653 1416 836 1467 ουσίαν
893 1417 1342 1489 καταμεριζόντων
1413 1420 1501 1467 καὶ
1582 1414 1890 1466 ἀποταττόν-

288 1526 388 1558 των
427 1506 646 1579 κλήρους
695 1513 799 1564 τοῖς
858 1507 932 1556 ἔτι
993 1514 1064 1575 τῷ
1133 1504 1233 1577 βίω
1288 1509 1690 1578 περιεσομένοις,
1746 1505 1890 1554 καὶό

289 1598 378 1667 μὲν
403 1602 571 1645 ταῦτα
600 1592 948 1665 συμϐουλεύῃ,
1009 1596 1033 1644 ὁ
1085 1591 1162 1658 δε,
1210 1613 1339 1665 προς
1385 1599 1476 1648 την
1529 1592 1686 1649 ἀκοην
1741 1591 1890 1652 εὐθυς

287 1685 583 1754 παταχθεὶς
647 1678 823 1741 δεινῶς
887 1687 979 1738 τὴν
1019 1678 1264 1756 καρδίαν,
1319 1681 1496 1733 ἑαυτὸν
1545 1689 1634 1740 τῆς
1689 1686 1890 1754 μακράς

288 1772 484 1832 πλάνης
534 1776 625 1822 xui
677 1780 772 1832 τῆς
824 1771 1016 1831 πολλῆς
1079 1774 1274 1831 ἐκείνης
1328 1777 1678 1841 ματαιότητος
1735 1770 1888 1820 ταλα-

286 1865 426 1932 νίζη,
459 1861 544 1931 ὑφ’
577 1861 635 1921 ἧς
665 1860 835 1930 ἠγνόει
864 1864 950 1910 τὸν
1009 1865 1177 1910 πάντα
1225 1868 1319 1920 τῆς
1377 1860 1517 1920 ζωῆς
1567 1864 1756 1929 χρόνον
1797 1877 1888 1908 κα-

286 1949 637 2020 τειλημμένος,
703 1953 791 1999 καὶ
866 1945 1114 2020 διελέγχη
1163 1945 1231 2006 δὴ
1307 1955 1422 2000 τότε
1482 1967 1540 1999 το
1618 1953 1888 2018 παρεστὼς

288 2042 470 2109 αῖφνης
523 2046 619 2098 τῆς
676 2035 934 2098 ἀπλανοῦς
1025 2039 1415 2096 συναισθήσεως
1466 2041 1582 2096 τοὺς
1652 2037 1887 2107 μόχθους

286 2125 509 2186 ἐκείνους
563 2131 653 2177 xui
719 2133 893 2177 πᾶσαν
971 2125 1109 2195 αύτῲ
1164 2131 1258 2182 την
1326 2129 1577 2198 προτέραν
1647 2121 1885 2180 σπουδὴν

285 2215 394 2273 εἰκῆ
465 2220 554 2266 xui
599 2217 767 2286 μάτην
821 2213 1204 2271 ἐκπεπονῆσθαι
1249 2218 1335 2265 καὶ
1400 2219 1530 2288 πρὸς
1567 2211 1716 2265 οὐδὲν
1766 2217 1884 2284 ὄφε-

285 2303 370 2364 λος
417 2303 715 2361 ἀπαντῆσαι
766 2321 780 2369 ;
827 2305 946 2354 ὅταν
1028 2322 1150 2373 γουν
1223 2311 1411 2368 ταυτα,
1483 2308 1572 2352 καὶ
1630 2305 1884 2362 τοιούτοις

285 2391 714 2463 ἐνασχολουμένῳ
744 2389 879 2462 τῷδε
921 2389 1024 2451 τοῖς
1075 2391 1345 2462 λογισμοῖς
1410 2393 1884 2462 προσεπιτιθῶνται

283 2487 498 2532 καὶτῶν
550 2486 780 2552 γνησίων
831 2480 962 2532 εἰσὶν
1014 2479 1190 2532 οἱκαὶ
1247 2489 1344 2531 τῶν
1390 2480 1560 2546 ξένων,
1607 2481 1674 2542 0i,
1725 2483 1882 2549 χρέος

283 2571 458 2643 ὥσπερ
548 2569 725 2631 αὐτοῖς
807 2569 1035 2640 ἀνάγκης
1104 2568 1159 2631 ἐξ
1212 2568 1422 2628 ἀπάσης
1500 2567 1879 2640 ἐπωφλημένον,

283 2664 539 2732 χρήματα
604 2658 794 2710 ἐκείνου
871 2663 959 2708 καὶ
1015 2660 1300 2731 πράγματα
1373 2653 1638 2708 διαλαϐεῖν
1725 2655 1881 2715 ἐκζη-

282 2755 507 2811 τουντες,
557 2753 644 2798 καί
681 2767 740 2818 γε
787 2745 1093 2819 βιαζόμενοι
1149 2748 1578 2818 συμμερίσασθαι
1621 2747 1714 2806 τὰς
1763 2749 1886 2802 κτη-

287 2854 412 2902 σεις,
447 2838 553 2888 οἷον
607 2833 674 2893 δὴ
727 2841 815 2887 καὶ
868 2835 1151 2902 τοῦτο;’0
1205 2837 1292 2906 μὲν
1349 2837 1447 2908 γάρ
1504 2830 1697 2908 διαιρεῖ
1753 2837 1885 2884 κατά

283 2930 376 2982 τήν
440 2925 653 2990 οἰκείαν,
708 2925 765 2976 ού
803 2929 905 2996 μὴν
961 2920 1018 2976 δὲ
1076 2927 1209 2975 κατά
1269 2927 1362 2980 τήν
1403 2921 1600 2974 ἐκείνων
1663 2921 1881 2974 ἑκάστου

285 3011 532 3070 ϐούλησιν
590 3011 713 3066 ούδέ
769 3033 828 3084 γε
883 3016 1019 3064 κατὰ
1073 3017 1160 3069 την
1223 3011 1488 3068 ἄπληστον
1549 3012 1737 3082 ἔφεσιν·
1794 3017 1883 3061 xui

285 3101 435 3155 αὐτοὶ
500 3103 678 3155 λοιπόν
747 3100 1267 3173 δυσανασχετούντες
1329 3099 1736 3173 ἀποστρέφονται
1787 3104 1881 3157 τὴν

283 3193 466 3263 χάριν,
495 3193 520 3242 ό
561 3195 649 3262 μεν
702 3190 851 3243 πλέον
905 3190 1228 3262 εἰσπράττων
1279 3189 1306 3246 ἦ
1369 3190 1490 3239 ὁσον
1529 3187 1714 3249 ἐκεῖνος
1755 3193 1883 3240 ἐκων

283 3287 413 3331 εἰναι
466 3276 712 3344 δίδωσιν,
768 3281 794 3330 ό
850 3276 908 3330 δὲ
969 3283 1062 3336 τὴν
1114 3281 1234 3335 ἴσην
1285 3285 1472 3349 μοῖραν
1519 3275 1882 3349 δυσχεραίνων

282 3367 373 3419 καὶ
441 3372 510 3440 μὴ
558 3370 692 3420 πάνυ
740 3387 793 3419 τι
853 3363 1316 3437 καταδεδεγμένοςο
1383 3368 1522 3418 ἔστιν
1587 3371 1640 3427 ὅς
1705 3370 1882 3418 καὶτὸ

1351 3460 1440 3506 καὶ
1509 3457 1538 3512 ἡ
1624 3460 1884 3528 πρόφασις

1910 3251 1950 3303 C

281 3459 494 3528 νεμηθεν
567 3457 679 3509 ὅλον
758 3456 1014 3509 ἀπείπατο
1079 3455 1273 3522 τελέως,

281 3546 538 3620 εύπρεπης
594 3552 683 3597 xui
731 3550 788 3597 το
843 3543 1113 3616 δικαίωμα
1173 3552 1427 3615 γενναῖον·
1459 3567 1485 3593 ››
1538 3544 1705 3614 πολλῷ
1780 3547 1891 3619 γαρ

281 3635 470 3701 πλεῖον,
545 3658 564 3684 ι
629 3640 781 3707 φησί,
846 3657 872 3684 n
936 3639 1177 3706 νομίσας,
1249 3631 1486 3706 βεϐαίαις
1553 3638 1601 3685 ἐν
1679 3633 1881 3685 ἐλπίσιν

2003 626 2330 688 consumet,
2359 621 2720 677 medicorum
2755 627 2878 676 arte
2910 625 2968 674 et
2998 618 3116 672 alia
3143 617 3355 688 quavis
3381 616 3648 678 validior,

2003 722 2072 760 ac
2101 707 2381 763 violenter
2419 711 2861 782 corruptionem
2892 706 3470 776 dissolutionemque
3514 719 3651 776 cpe-

2001 795 2248 862 rabitur,
2285 797 2590 870 solvetque
2622 799 2840 854 animae
2861 800 2918 850 et
2967 793 3235 866 corporis
3293 793 3597 848 vinculum
3633 809 3647 857 ;

2002 890 2106 938 aut
2143 885 2390 954 quando
2414 888 2598 958 frigus
2623 886 2844 942 sensim
2887 882 3218 955 procedens
3256 896 3500 936 omnem
3531 881 3651 948 agi—

2002 970 2150 1026 tabit
2179 975 2442 1043 corporis
2469 974 2710 1039 molem,
2734 978 3151 1042 extremasque
3173 974 3365 1040 partes
3390 984 3651 1039 occupa-

2000 1057 2087 1112 bit
2115 1060 2476 1133 ubicumque
2506 1069 2757 1117 mortem
2781 1061 2974 1115 ferens
3008 1057 3292 1130 ;quando
3339 1057 3652 1112 viviticans

2003 1147 2244 1217 spiritus
2275 1150 2642 1204 coercebitur
2671 1155 2728 1203 et
2752 1149 2810 1202 in
2840 1163 2942 1201 cor
2969 1145 3213 1200 tandem
3270 1145 3524 1211 recedet,
3580 1161 3650 1199 ac

2002 1235 2217 1290 deinde
2243 1237 2455 1308 aliquis
2484 1237 2800 1301 accedens,
2851 1241 3049 1290 tecum
3085 1239 3222 1303 aget
3249 1233 3324 1288 de
3367 1232 3651 1288 codicillis

2001 1323 2165 1378 bona
2195 1329 2297 1378 tua
2327 1324 2730 1379 dividentibus
2749 1323 3246 1393 hereditatesque
3274 1325 3408 1375 tuas
3439 1320 3508 1374 iis
3546 1320 3652 1391 qui

2002 1418 2353 1482 supererunt
2386 1412 2859 1480 assignantibus,
2894 1417 3097 1483 tuque,
3121 1410 3316 1464 statim
3339 1424 3409 1463 ac
3440 1407 3650 1462 audie-

2000 1499 2078 1552 ris
2111 1501 2288 1555 corde
2315 1502 2694 1556 vehementer
2717 1499 3014 1563 turbatus,
3067 1499 3326 1570 teipsum
3384 1512 3421 1551 a
3470 1496 3651 1565 longo

2001 1603 2194 1642 errore
2226 1595 2282 1643 et
2310 1595 2600 1660 perpetua
2627 1589 2725 1643 illa
2751 1588 3009 1642 vanitate
3056 1592 3303 1655 avertes,
3362 1600 3486 1657 qua
3530 1589 3654 1640 tota

2000 1677 2120 1730 vita
2145 1677 2428 1748 deceptus
2456 1693 2519 1730 es
2548 1677 2840 1736 nesciens,
2908 1674 3398 1746 convincerisque
3451 1673 3651 1727 statim

2000 1769 2159 1819 certo
2186 1765 2481 1819 intellectu
2525 1781 2733 1820 omnes
2785 1764 2918 1819 illos
2976 1763 3213 1819 labores
3283 1777 3650 1832 omnemque

1918 1901 1960 1952 Β
1997 1853 2255 1923 priorem
2292 1870 2497 1908 curam
2531 1870 2681 1908 vane
2723 1854 3059 1924 impensam
3102 1852 3281 1906 fuisse
3312 1866 3420 1905 nec
3478 1850 3650 1920 quid-

1996 1958 2180 2013 quam
2211 1942 2348 1996 utile
2372 1942 2656 1996 habuisse
2688 1942 2715 1995 ‘?
2737 1940 3321 2008 Quandoheecigitur
3335 1939 3428 2005 agi
3451 1953 3648 2008 cmpe-

1997 2033 2128 2102 rint,
2163 2039 2216 2086 et
2247 2031 2496 2104 quando
2522 2032 2604 2086 illi
2640 2032 2855 2086 talibus
2886 2036 3179 2102 occupato
3223 2028 3648 2101 supervenient

1995 2121 2085 2175 vel
2115 2122 2398 2190 extranei,
2446 2123 2550 2194 qui
2581 2127 2869 2192 tanquam
2893 2137 2962 2175 ex
3016 2119 3362 2174 necessitate
3413 2117 3648 2172 debitas

1995 2209 2151 2264 illius
2174 2226 2266 2264 res
2297 2226 2366 2264 ac
2391 2210 2630 2265 divitias
2658 2225 2788 2264 com
2801 2209 3165 2280 prehendere
3188 2207 3469 2272 nitantur,
3503 2222 3644 2278 pro-

1995 2299 2244 2370 priaque
2276 2299 2461 2369 ipsius
2487 2299 2650 2353 bona
2677 2299 2788 2353 sibi
2826 2298 2971 2370 ipsis
3001 2296 3357 2352 distribuere
3404 2299 3644 2364 cogant,

1993 2387 2138 2460 quid
2204 2387 2343 2443 inde
2415 2387 2664 2442 evenit?
2722 2388 2825 2442 Hic
2891 2386 3052 2441 enim
3117 2384 3324 2440 dividit
3379 2400 3487 2457 pro
3533 2400 3645 2439 sua

1995 2476 2316 2545 voluntate,
2373 2493 2493 2531 non
2524 2477 2694 2547 juxta
2717 2476 3192 2547 uniuscujusque
3230 2489 3440 2529 eorum
3465 2473 3644 2529 benev

1992 2565 2298 2638 placitum,
2341 2582 2534 2638 neque
2578 2567 2750 2636 juxta
2823 2566 3184 2636 inexpletam
3234 2563 3642 2636 cupiditatem.

1995 2657 2060 2709 Et
2090 2653 2171 2708 illi
2195 2654 2575 2726 indignantes
2603 2654 2857 2723 gratiam
2899 2657 3178 2722 renuunt,
3211 2651 3364 2707 alius
3395 2651 3644 2724 quidem

1992 2743 2168 2814 plura
2195 2748 2548 2814 exspectans
2578 2758 2762 2815 quam
2789 2759 2924 2814 quae
2953 2741 3047 2797 ille
3074 2741 3282 2796 volens
3332 2756 3402 2796 ac
3448 2739 3643 2795 libens

1991 2832 2383 2896 tradit;alius
2418 2848 2551 2887 vere
2596 2831 2890 2903 aequalem
2947 2835 3176 2886 tantum
3231 2830 3345 2884 sibi
3409 2834 3643 2901 partem

1991 2921 2203 2976 donari
2235 2937 2357 2976 non
2399 2920 2528 2986 fert,
2578 2937 2687 2975 nec
2727 2923 2993 2992 seipsum
3023 2936 3146 2974 non
3177 2919 3311 2990 plus
3352 2918 3640 2990 accipere.

1993 3011 2089 3064 Est
2109 3010 2212 3082 qui
2241 3016 2433 3065 totum
2482 3009 2648 3081 quod
2697 3009 2810 3081 ipsi
2853 3024 3210 3064 concessum
3257 3012 3345 3063 est
3395 3008 3640 3078 rejiciat,

1992 3104 2467 3171 praetextumque
2494 3098 2820 3154 decendem
2844 3099 3062 3171 jusque
3093 3112 3453 3167 generosum
3477 3097 3644 3153 adhi-

1991 3187 2217 3242 beat:«
2257 3189 2432 3243 Multo
2486 3189 2739 3258 majora,
2794 3187 3004 3258 inquit,
3073 3185 3516 3258 exspectabam,
3589 3191 3646 3242 et

1991 3277 2167 3332 ﬁrma
2197 3294 2302 3348 spe
2360 3277 2608 3332 nitebar.
2648 3299 2668 3325 ι
2707 3276 2820 3332 Sed
2887 3282 3110 3344 tamen,
3209 3291 3356 3330 num
3409 3280 3646 3347 tempus

1993 3367 2070 3420 ad
2101 3366 2364 3421 lamenta
2422 3381 2491 3420 ac
2557 3365 2812 3435 gemitus
2879 3364 3106 3433 invitat,
3179 3363 3276 3418 alii
3345 3379 3416 3418 eo
3477 3363 3644 3435 quod

1993 3472 2109 3510 non
2141 3455 2210 3510 iis
2248 3471 2359 3527 pro
2414 3460 2610 3510 mente
2657 3453 3004 3509 successerit
3047 3454 3106 3508 in
3147 3468 3386 3524 pugnas
3421 3454 3642 3524 saepius

1993 3545 2235 3611 abeunt,
2269 3544 2570 3616 lacrymas
2601 3543 2992 3616 doloremque
3024 3543 3379 3611 omittentes,
3422 3541 3644 3598 doloris

1992 3638 2253 3705 tempus,
2277 3633 2414 3688 belli
2443 3650 2512 3688 ac
2540 3633 2731 3688 litium
2764 3638 3000 3704 tempus
3033 3631 3446 3702 designantes.

277 3731 544 3807 ἐθάρρουν·
579 3755 599 3781 ε
635 3733 694 3784 ού
740 3737 842 3804 μην
891 3731 1038 3798 ἀλλά,
1087 3751 1177 3782 και
1230 3738 1320 3782 τοῦ
1369 3738 1554 3802 καιροῦ
1606 3730 1887 3792 καλοῦντος
1933 3735 2063 3804 πρὸς
2109 3732 2341 3803 οἰμωγὰς
2408 3750 2497 3781 και
2553 3732 2793 3804 θρήνους,
2857 3734 2906 3781 οί
2957 3726 3037 3796 δὲ,
3086 3748 3299 3800 γνωμης
3354 3726 3641 3800 ἀπληστίᾳ,

278 3818 488 3893 δάκρυα
541 3823 710 3873 πάντα
751 3841 842 3872 και
886 3825 942 3872 τό
996 3821 1193 3872 πενθεῖν
1245 3821 1634 3893 παρωσάμενοι,
1695 3823 1743 3880 ἐς
1801 3821 1983 3891 μάχας
2038 3819 2284 3880 πολλάκις
2323 3839 2412 3871 και
2448 3823 2574 3892 πρός
2603 3817 2850 3879 ἀλλήλους
2890 3827 3154 3891 χωροῦσι,
3187 3823 3276 3869 τόν
3321 3825 3414 3868 τοῦ
3443 3820 3643 3880 πάθους

276 3914 458 3983 καιρόν
488 3908 659 3985 ἐριδος
685 3915 872 3962 ὡσανεί
902 3912 1080 3983 καιρὸν
1110 3929 1200 3960 και
1229 3909 1453 3981 πολέμου
1488 3910 1726 3970 τιθέντες.

352 4007 451 4053 Και
504 4004 570 4052 τὰ
655 4001 880 4052 ἐντεῦθεν
947 3999 1216 4070 τίνα;Ὀ,
1309 4003 1499 4070 τρόπον
1560 4001 1612 4048 ό’ν
1670 4002 1879 4070 ἔφημεν,

277 4094 689 4162 κατηπειγμένος
754 4093 883 4162 πρός
961 4091 1055 4146 τὴν
1122 4083 1401 4159 ἐκδημίαν,
1495 4089 1562 4138 τὰ
1619 4093 1708 4158 μὲν
1768 4095 1883 4148 ταῖς

274 4183 476 4230 ἐκείνων
533 4181 824 4249 χαυνωθείς
889 4197 978 4227 και
1044 4176 1408 4248 μαλακισθείς,
1484 4177 1595 4247 ἅμα
1662 4172 1719 4227 δε
1791 4196 1879 4226 και

273 4269 515 4340 καθυφείς
601 4267 972 4337 λογομαχίαις,
1036 4267 1101 4315 τὰ
1191 4261 1250 4316 δὲ
1316 4263 1628 4335 βουλόμενος
1696 4263 1878 4315 ἑαυτὸν

275 4354 586 4426 ἀπαλλάξαι,
646 4355 1089 4426 ἀπαλλαττόμενον
1147 4350 1254 4410 ἤδη
1321 4361 1409 4404 τού
1463 4353 1599 4416 ϐίον,
1655 4373 1743 4403 και
1783 4361 1877 4413 τῆς

271 4449 491 4497 έκτόπου
537 4448 733 4505 ταύτης
781 4449 1023 4516 ἐπηρείας
1077 4462 1167 4493 και
1217 4447 1335 4514 περί
1383 4441 1537 4493 αὐτόν
1578 4462 1630 4492 τε
1676 4462 1764 4491 και
1817 4446 1873 4492 τό

271 4531 443 4585 δίκιον
519 4533 914 4605 ἀγνωμοσύνης,
985 4530 1124 4602 ἀφείς
1191 4534 1256 4582 τα
1337 4533 1471 4582 κατά
1549 4538 1757 4602 γνώμην
1824 4535 1872 4580 ἐν

271 4619 553 4684 διαθήκαις
595 4625 827 4696 γράφειν,
883 4624 1071 4694 γράφει
1137 4623 1202 4671 τα
1229 4628 1324 4680 τῆς
1374 4616 1702 4692 τυραννίδος.
1750 4616 1873 4670 Ιίῖτα

269 4716 336 4764 τα
379 4715 664 4786 γράμματα
711 4713 1005 4765 τελευταίαν
1058 4716 1185 4782 φασί
1245 4709 1499 4781 βούλησιν
1555 4731 1642 4761 και
1697 4708 1872 4766 ἀκίνη-

269 4807 354 4854 τόν
392 4823 508 4854 τινα
557 4799 838 4865 διαθήκην,
899 4821 988 4852 και
1039 4803 1107 4859 ως
1182 4800 1378 4861 ἔξεστιν
1431 4796 1606 4850 οὐδενί
1676 4798 1873 4850 ἀθετεῖν

267 4912 358 4944 και
402 4901 730 4965 παραποιείν·
785 4911 876 4942 και
933 4897 1151 4941 τοιαῦτα
1199 4891 1247 4939 οῖ
1300 4887 1611 4960 ϐιασάμενοι
1671 4888 1873 4959 ἰσχυρά

266 5001 358 5032 και
413 4989 622 5053 γενναῖα
690 4987 799 5040 τοῖς
857 4983 1217 5054 ἀπροαιρέτοις
1284 4998 1373 5028 και
1440 4983 1873 5050 κατηναγκασμέ-

267 5091 375 5132 νοις
432 5070 860 5141 ἐπιψηφίζονται.

342 5161 480 5214 Ἀλλ’

266 5253 461 5321 τρόπον
520 5247 814 5321 δοκιμάσας
868 5253 916 5300 έν

264 5339 406 5393 τοῦτ’
431 5337 539 5399 ἤδη
569 5360 658 5391 και
687 5343 771 5391 ἐπί
795 5345 900 5398 τοῖς
939 5336 1162 5409 ἐμαυτοῦ
1196 5336 1390 5409 πράξω.
1419 5339 1486 5387 Τό
1521 5332 1580 5387 δέ
1609 5340 1721 5386 ἐστι
1751 5336 1826 5407 (2)
1860 5357 1872 5402 ;

575 5161 669 5213 οὐκ
757 5165 855 5229 ἐγω
922 5161 1102 5218 οὕτως·
1164 5155 1292 5222 ἀλλ’,
1373 5161 1494 5227 ὅπερ
1563 5161 1618 5208 ἐκ
1683 5159 1874 5217 παντὸς

965 5255 1068 5308 τοῖς
1125 5249 1378 5305 τοιούτοις
1436 5247 1652 5318 ἄριστον
1693 5249 1874 5316 ἔγνων,

337 5438 467 5498 Νύν,
509 5432 591 5482 ὅτε
628 5436 784 5481 νόσου
839 5424 1003 5500 μηδὲν
1058 5425 1278 5498 ἐνοχλεῖ,
1329 5434 1436 5483 νῦν,
1469 5429 1549 5476 ὅτε
1597 5430 1665 5496 μὴ
1718 5445 1874 5476 κατα-

339 5541 418 5606 (Ι)
450 5538 594 5595 Cod.
626 5537 834 5610 λαῦρος.

339 5601 414 5681 (2)
447 5612 537 5668 Sic
568 5601 776 5667 codex.
813 5611 1035 5664 Forsan
1062 5602 1206 5659 Τίδέ
1231 5609 1382 5672 ἐστι;
1416 5601 1538 5657 τόδε
1566 5601 1625 5656 δέ
1651 5623 1763 5656 εστι
1789 5610 1869 5666 τίς

2066 4001 2128 4053 Et
2157 4015 2292 4070 quae
2324 4003 2536 4071 postea
2560 4004 2895 4070 sequuntur
2918 3999 2946 4053 ?
2977 3997 3109 4062 Qui,
3137 4013 3260 4068 quo
3291 3996 3474 4052 modo
3491 3996 3642 4052 dixi-

1993 4103 2148 4146 mus.
2181 4087 2258 4142 ad
2289 4093 2536 4141 mortem
2571 4087 2651 4141 ita
2681 4085 2978 4141 adductus
3007 4091 3113 4150 est,
3142 4102 3350 4141 eorum
3393 4085 3642 4156 quidem

1988 4177 2160 4230 vanis
2192 4177 2569 4231 sermonibus
2600 4175 2941 4230 debilitatus
2967 4191 3036 4229 ac
3071 4175 3332 4229 mollitus
3356 4181 3406 4228 et
3430 4175 3642 4230 subac-

1989 4270 2102 4332 tus,
2145 4265 2553 4336 seipsum-jam
2594 4264 2714 4318 vita
2747 4263 3084 4327 liberatum,
3151 4263 3353 4318 volens
3397 4279 3642 4335 quoque

1986 4353 2238 4409 liberare
2279 4353 2586 4409 abinsana
2612 4352 3072 4412 hacinsolentia.
3097 4352 3292 4406 nonin
3318 4356 3640 4407 testamen-

1986 4444 2058 4496 tis
2077 4459 2184 4514 pro
2198 4443 2363 4498 libitu
2379 4443 2659 4515 disponit,
2679 4443 2778 4497 sed
2793 4443 2965 4511 juxta
2981 4458 3209 4497 meram
3234 4441 3638 4512 tyrannidem.

1989 4533 2208 4586 Deinde
2229 4531 2480 4586 codicilli
2502 4531 2773 4586 ultimam
2804 4530 3397 4585 diuuntvuluntatem
3429 4536 3486 4584 et
3533 4530 3637 4584 im-

1987 4622 2202 4677 mobile
2237 4622 2549 4694 quoddam
2589 4626 3041 4684 testamentum,
3086 4625 3141 4674 et
3179 4619 3291 4674 tale
3324 4625 3387 4674 ut.
3413 4621 3639 4675 nemini

1987 4710 2158 4765 liceat
2187 4711 2331 4765 illud
2359 4717 2693 4765 avertereet
2721 4709 3291 4764 contemnere.Talia
3321 4709 3639 4778 igiturjus-

1986 4805 2186 4853 serunt
2227 4799 2374 4867 fieri,
2400 4805 2456 4853 et
2485 4798 2682 4853 valida
2709 4814 2778 4852 ac
2805 4804 2934 4852 rata
2974 4798 3303 4852 decernunt
3324 4813 3459 4868 quae
3517 4813 3640 4853 non

1983 4888 2333 4953 voluntarie,
2367 4887 2472 4943 sed
2499 4891 2702 4942 coacte
2742 4886 2899 4943 facta
2931 4891 3088 4944 sunt.

2055 5159 2182 5212 Non
2214 5157 2317 5219 ita,
2351 5171 2484 5224 ego.
2514 5154 2685 5221 Quod
2717 5153 3070 5209 omnimodo
3101 5153 3397 5225 optimum
3427 5155 3640 5211 essein

1984 5246 2205 5302 talibus
2236 5249 2514 5318 expertus
2541 5261 2696 5308 sum,
2726 5243 2784 5298 id
2801 5244 2928 5315 jam
2975 5243 3035 5298 in
3083 5243 3338 5315 propriis
3395 5243 3636 5300 faciam.

1985 5337 2138 5402 Quid
2172 5341 2370 5391 autem
2399 5335 2542 5390 illud
2576 5339 2666 5390 est
2697 5334 2724 5388 ?

2057 5429 2244 5495 Nunc,
2278 5443 2414 5482 cum
2437 5425 2638 5481 nullus
2661 5441 2756 5480 me
2783 5423 3318 5497 impeditmorbus,
3348 5441 3487 5480 cum
3517 5441 3640 5481 non
