4434 6452
798 425 924 478 lli-7i

2122 416 2498 477 NICEPHORI
2537 416 2823 475 CHUMNI.

4020 427 4163 482 1472

794 545 855 602 in
893 545 1044 602 lecto
1074 545 1302 603 solutus
1328 548 1638 617 recumbo,
1660 564 1857 623 neque
1874 549 1949 606 de
1968 548 2091 604 vita
2114 562 2239 603 non
2261 545 2444 602 modo
2485 544 2531 598 Α

2415 559 2444 600 o
2485 541 2689 598 Αλύων
2756 542 2840 596 ἐπί
2888 542 3059 606 κλίνης
3117 543 3243 613 εἰπέ,
3307 541 3446 617 μηδὲ
3506 548 3618 620 περί
3669 548 3824 616 ζωῆς,
3881 554 3952 621 μὴ
4011 555 4166 621 μόνον

792 634 1082 689 incertum
1112 639 1201 690 est
1228 649 1377 690 num
1415 636 1596 707 hujus
1626 636 1824 693 futura
1856 637 1930 693 sit
1994 635 2255 691 crastina
2297 632 2446 698 dies,

796 722 903 777 sed
923 723 1051 793 jam
1078 726 1135 778 et
1162 723 1236 779 de
1265 723 1555 780 hodierna
1577 724 1857 781 differunt
1881 726 2033 781 inter
2063 740 2125 779 se
2166 721 2452 778 mediciet

794 814 1086 882 pugnant,
1128 810 1274 867 dum
1305 812 1405 868 alii
1427 813 1702 885 spiritum
1746 829 1942 887 usque
2004 812 2083 870 ad
2131 824 2448 883 vesperam

795 899 1018 955 iturum
1048 915 1179 955 esse
1210 902 1604 971 contandunt,
1631 903 1730 959 alii
1768 918 1910 960 vero
1923 903 2321 959 circasextam
2348 901 2451 955 aut

795 1002 1022 1043 nonam
1046 992 1151 1045 aut
1177 1005 1363 1063 quam
1414 990 1597 1046 aliam
1648 1006 1721 1047 ex
1752 996 1877 1048 arte
1930 995 2031 1047 aut
2108 986 2451 1060 ignorantia

798 1080 1134 1133 statuerunt
1169 1077 1408 1143 horam,
1447 1078 1899 1135 dissolvendam
1917 1095 2047 1134 esse
2071 1078 2339 1134 animam
2362 1075 2447 1130 di-

796 1168 939 1219 cunt
968 1169 1080 1221 eta
1118 1181 1366 1239 corpore
1389 1173 1737 1240 erupturam
1767 1186 1779 1224 :
1804 1185 1943 1224 cum
1983 1166 2133 1223 nihil
2185 1165 2309 1222 veri
2348 1168 2451 1220 aut

797 1253 1096 1309 manifesti
1127 1255 1271 1327 ipsis
1283 1255 1618 1312 dicentibus
1633 1262 1689 1313 et
1714 1256 2158 1313 affirmantibus
2180 1257 2446 1327 apparet,

795 1355 992 1413 neque
1030 1358 1271 1399 rursum
1328 1345 2015 1417 interrogantibus;sed
2060 1359 2201 1400 cum
2258 1344 2449 1397 totum

796 1445 1014 1501 corpus
1041 1432 1215 1503 valet,
1263 1434 1545 1506 valetque
1597 1435 1749 1490 ratio
1797 1434 2041 1507 propria
2096 1431 2331 1505 operari
2395 1432 2453 1484 et

794 1524 950 1574 recte
982 1519 1317 1578 discernere
1347 1541 1359 1591 ;
1384 1539 1545 1579 nunc
1576 1540 1714 1579 cum
1741 1538 1920 1579 nemo
1948 1538 2044 1578 me
2111 1520 2313 1577 turbat
2351 1521 2452 1573 aut

796 1609 997 1677 agitat,
1036 1613 1213 1665 statui
1232 1615 1659 1668 testamentum
1673 1628 1878 1668 meum
1906 1610 2220 1677 conficere,
2236 1612 2293 1663 et
2314 1621 2451 1662 con-

794 1695 1015 1755 fectum
1046 1702 1153 1770 est,
1180 1698 1326 1757 nihil
1353 1701 1541 1757 coacti
1590 1705 1694 1757 aut
1746 1699 2072 1756 inconsulti
2116 1695 2451 1754 continens.

868 1972 934 2025 Et
961 1969 1256 2041 optimum
1285 1973 1376 2026 est
1412 1969 1558 2026 illud
1599 1969 1847 2025 omnino
1876 1970 1933 2024 et
1964 1965 2256 2023 universis
2287 1963 2453 2037 apud

792 2074 1005 2115 omnes
1026 2058 1260 2130 judices
1285 2060 1607 2125 sententiis,
1626 2063 1985 2131 etquantum
2012 2056 2155 2112 mihi
2203 2054 2451 2126 quidem

793 2150 1047 2217 videtur,
1065 2150 1229 2222 apud
1258 2149 1520 2222 reliquos
1535 2150 1714 2205 etiam
1727 2148 2252 2205 homines.0mnes
2291 2143 2451 2201 enim

792 2239 955 2309 leges
987 2243 1043 2295 et
1070 2240 1442 2309 legislatores
1466 2240 1527 2295 id
1558 2244 1695 2295 ante
1725 2238 1953 2303 omnia,
2000 2242 2065 2293 ut
2124 2236 2205 2292 ita
2229 2234 2449 2301 dicam,

794 2329 1053 2385 examini
1086 2329 1425 2401 subjiciunt,
1462 2333 1517 2385 et
1575 2344 1764 2401 quam
1813 2327 2147 2383 maximam
2200 2325 2280 2379 rei
2337 2324 2453 2379 hu-

788 2418 888 2488 jus
944 2418 1240 2474 rationem
1288 2418 1533 2484 habent,
1606 2421 1968 2473 testamenta
2056 2415 2239 2470 fuisse
2304 2428 2452 2469 con-

794 2507 968 2572 fecta,
993 2507 1140 2563 dum
1179 2508 1475 2563 testatoris
1502 2522 1673 2562 mens
1710 2507 1772 2562 in
1833 2506 2106 2571 sanitate,
2162 2508 2453 2575 tanquam

793 2598 855 2653 in
886 2597 1077 2652 solido
1098 2596 1516 2666 fundamento,
1550 2595 1811 2652 stabilita
1841 2599 1985 2650 erat.
2017 2595 2099 2649 Ac
2139 2592 2293 2648 bene
2319 2591 2451 2663 qui-

793 2686 934 2741 dem
982 2685 1044 2741 id
1106 2690 1467 2741 curaverunt
1525 2684 1753 2756 legiferi
1803 2688 1861 2739 et
1910 2682 2163 2755 judices,
2229 2680 2454 2753 quippe

792 2775 960 2848 quod
992 2775 1397 2846 justissimum
1469 2775 1746 2831 omnium
1794 2772 1885 2828 sit.
1947 2774 2017 2827 Ut
2072 2786 2104 2826 e
2157 2768 2454 2826 contrario

794 2864 1051 2936 impium
1064 2880 1315 2937 prorsus
1330 2868 1437 2932 est,
1468 2864 1518 2919 si
1530 2864 1667 2937 quis
1686 2860 1913 2936 aliquid
1927 2864 2174 2917 econtra
2212 2857 2456 2915 violenti

793 2953 1099 3009 adhibeat.

867 3043 923 3098 Si
952 3042 1129 3112 igitur
1147 3043 1277 3099 haec
1300 3043 1378 3098 ita
1428 3057 1491 3098 se
1540 3040 1767 3098 habent
1820 3041 1909 3111 (ac
1955 3053 2202 3112 prorsus
2254 3036 2335 3093 ita
2391 3051 2453 3091 se

792 3132 1058 3202 habent).
1105 3132 1505 3205 quandonam
1553 3132 1750 3200 magis
1799 3130 1969 3185 decet
2035 3127 2451 3184 examinantes

2560 631 2895 704 ἀμφίϐολοςὴ
2959 633 3137 709 αύριον
3193 634 3237 687 εἰ
3279 638 3474 696 ταύτης
3531 637 3698 700 ἔσται,
3752 634 3862 687 ἀλλ’
3917 633 4024 695 ἤδη
4073 660 4165 691 και

2557 740 2676 797 περι
2728 730 2822 783 τῆς
2872 727 3116 796 σήμερον,
3175 723 3343 796 ἰατροί
3397 720 3732 796 διαφέρονται
3780 745 3869 777 και
3928 727 4168 799 ζυγομα-

2557 817 2770 882 χοῦσιν,
2826 808 2882 862 οἵ
2931 812 3020 883 μὲν
3089 808 3156 870 δὴ
3208 832 3297 864 και
3359 815 3485 884 πρὸς
3549 813 3767 888 ἑσπέραν
3850 814 3990 878 ἦξειν
4073 838 4167 869 και

2560 899 2793 974 ἀρκέσειν
2838 903 2927 963 τὰς
2979 900 3236 964 ἀναπνοὰς
3286 902 3703 975 φιλονεικοῦντες,
3777 906 3826 956 οἱ
3898 903 3957 959 δὲ
4040 912 4165 980 περί

2560 990 2711 1047 ἕκτην
2770 991 2799 1049 ἣ
2857 988 3161 1060 ἐννάτην,ἡ
3220 992 3402 1051 ἥντινα
3449 990 3501 1043 ἐκ
3563 1001 3658 1054 τῆς
3706 996 3893 1065 τέχνης
3961 995 3991 1054 ἡ
4066 1004 4167 1058 τῆς

2561 1077 2788 1151 ἀμαθίας
2809 1084 3231 1145 κᾶτεσκόπησαν,
3297 1080 3432 1155 ὥραν
3481 1080 3702 1140 λυθῆναί
3754 1103 3882 1154 φασι
3928 1089 4024 1142 την
4061 1085 4168 1155 xpu-

2560 1171 2667 1239 χὴν
2709 1175 2802 1220 τοῦ
2880 1175 3121 1242 σώματος
3170 1168 3567 1245 ἀπορῥογεῖσαν,
3626 1176 3858 1242 γδωστὸν
3912 1170 3960 1225 δ’
4012 1171 4167 1226 οὐδὲν

2560 1260 2644 1309 ἐπί
2675 1265 2765 1309 τοῦ
2824 1261 2963 1320 ὄντος
3012 1255 3137 1311 οὐδὲ
3193 1256 3351 1317 δῆλον
3396 1260 3503 1312 οὔτ’
3561 1259 3731 1321 αὐτοῖς
3789 1268 3898 1321 τοῖς
3950 1262 4167 1333 λέγουσι

2560 1364 2648 1396 και
2694 1345 2807 1397 λίαν
2874 1346 3317 1420 ἰσχυριζομένοις,
3384 1347 3492 1400 οὔτ’
3552 1348 3617 1400 αὖ
3695 1356 3801 1410 τοῖς
3870 1353 4169 1424 πυθανομέ-

2558 1453 2680 1494 νοιςο
2743 1432 2851 1485 ἀλλ’
2895 1435 3087 1488 εύεκτεῖ
3132 1439 3222 1507 μὲν
3273 1436 3384 1488 ὅλον
3434 1439 3492 1488 τὸ
3546 1446 3717 1509 σῶμα,
3777 1441 3949 1514 κύριοι
3996 1436 4047 1492 δ’
4120 1443 4170 1492 οἰ

2557 1521 2802 1595 λογισμοί
2852 1521 2983 1598 δρᾴν
3023 1528 3082 1576 τὸ
3133 1524 3325 1577 ἑαυτῶν
3375 1546 3465 1577 και
3517 1525 3683 1599 ὀρθῶς
3747 1532 3956 1602 κρίνεινυ
4051 1536 4169 1593 νῦν,

2560 1613 2641 1664 ὅτε
2688 1619 2875 1679 ταῦτα,
2926 1610 3155 1685 μηδενὸς
3209 1618 3351 1675 ὄντος
3399 1620 3492 1666 τοῦ
3546 1617 3881 1687 ταράττοντος
3930 1637 4021 1668 και
4081 1620 4173 1669 θο-

2558 1699 2853 1775 ρυϐοῦντος,
2890 1697 2997 1753 δεῖν
3021 1704 3174 1773 ἔγνων
3214 1700 3571 1773 ἀπειργάσθαι
3615 1723 3705 1775 μοι
3757 1710 3852 1762 τὴν
3908 1702 4173 1764 διαθήκην

2558 1790 2673 1860 (και
2731 1787 3127 1863 ἀπείργασται),
3203 1786 3368 1863 μηδὲν
3412 1790 3586 1864 βίαιον
3653 1799 3716 1864 τῇ
3796 1792 3951 1866 ψυχῇ
4034 1791 4172 1866 μηδ’

2486 1883 2531 1937 Β
2562 1875 2752 1936 ἀϐούλη
2761 1898 2843 1931 τον
2875 1882 3002 1951 ἔχου
3012 1899 3126 1934 σαν.

2634 1971 2734 2020 Καὶ
2782 1968 3061 2042 κράτιστόν
3106 1987 3165 2039 γε
3212 1974 3365 2021 τοῦτο
3411 1970 3614 2030 πάντως
3670 1989 3763 2022 και
3826 1973 3971 2046 παρά
4043 1992 4169 2047 κρι-

2560 2061 2670 2114 ταῖς
2725 2060 2857 2107 πᾶσι
2912 2054 3105 2126 ψήφοις
3147 2053 3395 2123 ἀπάσαις,
3484 2076 3574 2107 και
3653 2056 3776 2130 παρ’
3850 2056 4163 2131 ἀνθρώπων,

2560 2145 2732 2215 ἔμοιγε
2771 2140 2961 2211 δοκεῖν,
3016 2152 3125 2206 τοῖς
3170 2144 3365 2205 λοιποῖς
3411 2145 3629 2200 ἅπασιν.
3669 2146 3865 2199 Αὐτίκα
3912 2150 4011 2221 γὰρ
4073 2168 4169 2199 και

2560 2236 2709 2304 νόμοι
2759 2234 2941 2293 πάντες
2988 2253 3079 2285 και
3132 2236 3404 2306 νομοθέται
3450 2235 3616 2300 τοῦθ’,
3672 2237 3741 2297 ὡς
3792 2237 3909 2295 ἔπος
3984 2236 4171 2303 εἰπεῖν,

2561 2325 2661 2396 πρὸ
2713 2324 2901 2382 παντὸς
2948 2322 3102 2374 ἄλλου
3159 2318 3596 2390 διασκοποῦνται,
3656 2329 3775 2398 περί
3832 2327 4022 2377 τούτου
4078 2346 4173 2376 και

2561 2414 2647 2463 τὸν
2677 2410 2788 2463 ὅλον
2840 2418 3110 2463 ποιοῦνται
3161 2410 3330 2482 λόγον,
3396 2413 3474 2465 ἐπ’
3528 2410 3839 2485 ἀκραιφνοῦς
3882 2433 4017 2474 τινος
4072 2424 4174 2477 τῆς

2561 2508 2652 2552 τοῦ
2698 2502 3065 2561 συντάττοντος
3116 2507 3349 2574 γνώμης,
3400 2504 3465 2561 ὡς
3524 2502 3603 2553 ἐπ’
3675 2500 3936 2575 ἀσφαλοῦς
4012 2524 4175 2571 τινος,

2564 2584 2818 2663 ἱδρῦσθαι
2856 2592 2919 2642 τὰ
2941 2586 3297 2661 διατάγματα.
3359 2595 3459 2643 Καί
3520 2590 3689 2653 καλῶς
3745 2611 3805 2661 γε
3857 2599 4011 2643 τοῦτο
4078 2596 4178 2644 σὺν

2561 2684 2671 2739 τοῖς
2712 2681 3015 2751 νομοθέταις
3068 2698 3157 2731 και
3205 2687 3310 2740 τοῖς
3360 2675 3646 2741 δικασταῖς
3706 2677 4175 2749 δνεσπούδασται,

2563 2767 2649 2819 ἅτε
2702 2762 2770 2824 δὴ
2824 2786 2913 2818 και
2972 2763 3178 2820 δίκαιον
3226 2767 3281 2819 ὃν
3332 2770 3519 2828 παντὸς
3555 2766 3766 2839 μᾶλλον·
3820 2771 3890 2830 ὡς
3965 2769 4180 2821 τούναν-

2561 2859 2669 2909 τίον
2707 2855 2961 2918 παντελῶς
3019 2855 3246 2928 ἀνόσιον,
3299 2860 3343 2909 εἲ
3393 2876 3445 2909 τι
3505 2853 3749 2914 δηλονότι
3808 2860 3952 2931 παρά
4012 2866 4176 2911 τοῦτο

2564 2952 2841 3021 κραταιοῦν
2866 2964 2943 3006 τις
2976 2944 3241 3018 βιάζεται.

2632 3035 2692 3088 Εἰ
2764 3042 2889 3105 γοῦν
2958 3036 3083 3087 τονθ
3162 3034 3325 3096 οὕτως
3367 3036 3502 3106 (ἔχει
3575 3030 3637 3087 δέ
3715 3036 3965 3105 πάντως),

2561 3122 2752 3194 μᾶλλον
2776 3123 2906 3184 εἰκός
2944 3127 3056 3176 ἐστι
3109 3130 3213 3184 τοῖς
3257 3124 3567 3186 έξοτάζουσι
3610 3129 3729 3197 περί
3783 3132 3883 3175 τῶν
3940 3144 4178 3198 γεγραμ-

4048 3040 4179 3090 πότε

792 3222 975 3278 ﬁdem
1008 3222 1243 3295 scriptis
1274 3222 1556 3278 arhibere
1582 3221 1847 3286 firmam,
1890 3233 2087 3290 neque
2148 3216 2451 3282 dubitare,
2482 3242 2523 3298 ε

2439 3242 2523 3298 ,C
2562 3216 2721 3286 μένων
2794 3211 3013 3284 βεϐαίας
3064 3212 3295 3285 ἀφῖχθαι
3341 3214 3433 3274 τὰς
3479 3216 3703 3280 πίστεις,
3769 3218 3859 3265 καί
3910 3211 4179 3286 μηδαμῶς

791 3328 978 3385 quam
1007 3329 1146 3368 cum
1178 3311 1513 3367 ambulanti
1543 3327 1616 3367 ac
1661 3309 1879 3365 valenti
1926 3313 1981 3363 et
2034 3308 2157 3363 vim
2205 3304 2453 3361 habenti

790 3401 1088 3474 quidquid
1114 3400 1419 3471 agendum
1453 3398 1777 3470 sit,agenti,
1811 3414 1881 3454 ac
1923 3397 2026 3453 toti
2055 3397 2116 3452 in
2152 3411 2215 3451 se
2274 3399 2333 3451 et
2391 3395 2452 3450 in

791 3490 914 3546 suis
944 3490 1403 3561 cogitationibus
1433 3489 1590 3545 bene
1619 3486 1935 3560 disposito,
1966 3502 2103 3559 quae
2160 3482 2275 3557 ipsi
2322 3483 2453 3539 visa

791 3585 952 3649 sunt,
984 3580 1322 3652 composita
1342 3579 1506 3634 fuere
1535 3580 1563 3634 ?
1595 3581 1661 3633 Et
1692 3593 1838 3633 sane
1892 3576 1992 3648 qui
2054 3574 2116 3629 in
2173 3573 2452 3629 extremis

790 3674 1145 3725 testamenta
1173 3674 1387 3724 curant
1437 3667 1899 3737 conﬁciuntque,
1944 3662 2093 3719 illud
2141 3667 2198 3717 et
2241 3665 2454 3719 curant

790 3763 926 3814 ante
957 3757 1075 3813 alia
1103 3773 1290 3830 quam
1304 3756 1568 3812 maxime
1585 3755 1901 3811 ostendere
1927 3766 2067 3808 eum
2088 3765 2313 3823 nempe
2351 3765 2453 3806 va-

786 3847 978 3903 lidum
1005 3847 1186 3903 fuisse
1216 3862 1356 3902 cum
1377 3849 1737 3902 testamenta
1766 3841 2039 3906 confecit,
2082 3841 2190 3896 etsi
2243 3855 2453 3897 revera

787 3941 989 3993 mente
1021 3952 1091 3992 ac
1114 3935 1322 4006 lingua
1377 3933 1697 4000 defecerit;
1750 3931 1927 4004 quasi
1982 3928 2129 3985 nihil
2200 3929 2451 3986 omnino

737 4030 741 4035 '
786 4025 1290 4098 praetendentibus
1320 4028 1677 4081 testamenta
1705 4021 2159 4088 auxiliarentur,
2194 4018 2243 4075 si
2301 4017 2451 4091 quid

789 4115 1089 4188 ejusmodi
1117 4114 1387 4171 defuerit.

860 4294 1022 4351 Habe
1056 4294 1235 4365 igitur
1285 4295 1342 4349 et
1376 4292 1506 4349 haec
1558 4291 1719 4347 circa
1776 4305 1892 4346 ea:
1928 4291 1985 4344 et
2042 4285 2449 4344 animadverte

788 4390 1053 4442 mentem
1081 4388 1137 4438 et
1163 4380 1722 4453 linguamvalentis,
1743 4383 1799 4434 et
1818 4375 2166 4448 aegrotantis
2194 4373 2447 4444 robusti,

786 4480 844 4532 et
870 4472 1156 4530 membris
1186 4470 1537 4531 deficientis,
1558 4469 1764 4538 vigore
1810 4465 2122 4522 dissoluto.
2176 4464 2451 4520 Eximina

788 4569 844 4621 et
873 4562 1295 4633 cogitationem
1326 4557 1949 4631 minimeimpeditam
2007 4559 2064 4611 et
2110 4555 2268 4610 circa
2314 4569 2449 4626 pro-

785 4654 948 4727 prios
979 4656 1179 4708 motus
1207 4650 1464 4706 liberam
1495 4663 1690 4720 neque
1736 4646 1859 4702 ullo
1899 4644 2115 4701 morbo
2163 4643 2450 4715 agitatam

787 4748 845 4800 et
871 4756 1239 4815 perversam,
1274 4744 1330 4795 et
1354 4736 1760 4806 aegrotationis
1794 4734 2061 4807 pondere
2094 4749 2164 4789 ac
2210 4738 2450 4805 torpore

786 4834 1049 4889 vinctam
1082 4849 1095 4886 ε
1130 4834 1188 4885 ct
1206 4828 1407 4884 adhuc
1436 4842 1625 4899 quam
1655 4824 1923 4880 maximo
1937 4821 2449 4880 timorelaboran-

786 4927 904 4979 tem
935 4921 1204 4977 animam
1239 4922 1296 4973 et
1324 4916 1497 4972 valde
1532 4914 1859 4979 turbatam,
1894 4913 2023 4983 jam
2071 4927 2136 4967 se
2197 4909 2449 4967 dissolvi

787 5011 1158 5075 sentientem,
1190 5012 1250 5063 et
1277 5022 1313 5063 a
1342 5003 1621 5061 sensibus
1668 5002 2050 5059 recedentem
2093 5013 2448 5072 organaque

784 5099 1244 5172 relinquentem,
1268 5096 1369 5151 vix
1389 5109 1537 5151 voce
1550 5093 1944 5166 respirantem
1971 5107 2041 5147 ac
2076 5091 2445 5163 loquentem,

785 5196 842 5249 et
873 5191 921 5246 si
964 5189 1166 5245 minus
1187 5187 1443 5243 obscure
1458 5183 1873 5255 etinterruptis
1896 5181 2121 5252 verbis,
2149 5181 2258 5237 sed
2280 5195 2447 5253 pror-

786 5298 890 5338 sus
921 5280 1168 5336 invitam
1199 5280 1564 5333 etcoactam.
1598 5276 1731 5328 Haec
1753 5275 1955 5344 itaque
1988 5271 2402 5327 animadverte
2430 5287 2443 5326 :

785 5377 842 5429 et
865 5370 983 5427 nisi
1002 5368 1148 5425 velis
1167 5366 1414 5423 veritate
1465 5362 1715 5432 oﬂ‘endi,
1775 5361 1898 5418 vim
1946 5361 2135 5417 tribue
2192 5360 2263 5417 iis
2311 5376 2446 5432 quae

784 5459 1101 5519 manifeste
1122 5472 1195 5512 ex
1215 5455 1449 5512 entibus
1461 5468 1669 5509 revera
1693 5455 1751 5507 et
1795 5450 2231 5523 apparentibus
2255 5449 2445 5507 stabi-

787 5554 1008 5610 liuntur
1045 5568 1059 5619 ;
1090 5549 1476 5617 etomnes,tu
1493 5559 1637 5602 sane
1665 5541 1972 5613 legislator
2001 5546 2058 5600 et
2074 5546 2235 5599 recto
2270 5546 2445 5599 utens

2561 3302 2750 3362 αύτούς
2829 3300 3184 3374 ἀμφιϐάλλειν,
3266 3302 3296 3360 ἦ
3362 3303 3483 3354 ὅταν
3544 3302 3833 3373 ὑγιαίνοντι
3878 3323 3969 3354 και
4016 3300 4182 3375 βαδί-

2563 3391 2725 3457 ζοντι,
2784 3410 2874 3442 και
2930 3391 3042 3461 μετ’
3094 3390 3287 3462 ἰσχύος
3340 3393 3551 3462 σύμπαν
3609 3393 3666 3443 τὸ
3716 3395 3972 3464 πρακτέον
4028 3394 4184 3444 καθι-

2563 3485 2691 3550 στᾷν
2722 3482 2917 3551 ἔχοντι,
2967 3500 3058 3532 και
3099 3479 3196 3552 ὅλῳ
3231 3499 3291 3551 γε
3320 3487 3392 3549 τῷ
3456 3475 3797 3552 διατιθεμένῳ
3846 3480 4036 3533 ἑαυτοῦ
4090 3501 4186 3533 και

2557 3578 2655 3621 τῶν
2728 3568 2993 3642 λογισμῶν
3077 3568 3209 3634 ὃντι,
3262 3570 3516 3625 τάττηται
3585 3570 3653 3621 τὰ
3705 3565 4021 3641 δεδογμένα·
4081 3577 4189 3623 Rau

2559 3662 2662 3729 μὴν
2720 3659 2769 3709 οἱ
2811 3662 2859 3710 έν
2908 3665 3015 3719 τοῖς
3064 3657 3377 3719 τελευταίοις
3426 3654 3766 3710 απουδασταί
3814 3678 3905 3710 και
3948 3678 4189 3732 συγγρα·

2561 3753 2664 3819 φεῖς
2725 3754 2825 3799 τῶν
2914 3749 3315 3818 συνταγμάτων,
3411 3753 3563 3799 τοῦτο
3644 3767 3734 3799 και
3803 3743 4189 3808 σπουδάζουσι

2559 3835 2748 3909 μᾶλλον
2800 3840 2901 3908 πρὸ
2946 3844 3046 3887 τῶν
3086 3835 3251 3887 ἄλλων
3300 3832 3585 3901 δεικνύναι,
3638 3834 3930 3911 ἐρρωμένως
3985 3839 4190 3907 ἔχοντα

2559 3928 2646 3977 τὸν
2706 3924 3027 3977 καταλύοντα
3099 3926 3214 3986 νοὸς
3275 3943 3365 3976 και
3424 3924 3663 3995 γλώττης
3722 3926 3877 3996 ἷχθαι
3926 3930 4030 3999 πρὸ
4085 3929 4187 3988 τὰς

2560 4010 2841 4080 διαθήκας,
2903 4015 2966 4075 ὡς
3014 4020 3107 4066 τοῦ
3161 4016 3222 4085 γέ
3274 4032 3413 4075 τινος
3462 4016 3658 4066 τούτων
3706 4014 3865 4075 αὑτὰς
3918 4012 4187 4068 ἀπολελεῖ-

2559 4106 2685 4178 φθαι
2740 4100 2907 4177 μηδὲν
2984 4099 3114 4155 εἶναι
3158 4109 3431 4165 ποιοῦντος
3496 4103 3608 4164 τοῖς
3649 4108 4063 4177 προῖσχομένοις
4123 4106 4187 4165 ᾖ·

2557 4212 2717 4246 κιστα
2747 4193 2815 4254 εἰς
2847 4196 3185 4265 συμμαχίαν.

2627 4281 2761 4355 Ἔχε
2784 4282 2862 4353 (1)
2906 4278 2973 4340 δὴ
2998 4285 3168 4334 τοίνυν
3205 4284 3325 4356 περί
3367 4287 3535 4333 ταῦτα
3584 4301 3675 4334 και
3708 4286 3793 4353 σὺ,
3843 4302 3935 4334 και
3992 4288 4187 4338 σκόπει

2556 4379 2674 4425 νοῦν
2746 4391 2837 4423 και
2886 4370 3120 4443 γλῶτταν
3175 4371 3495 4441 ὑγιαίνοντος
3532 4374 3591 4423 τὸ
3636 4371 3770 4441 ὅλον,
3822 4392 3914 4424 και
3958 4392 4187 4427 κατανο-

2559 4468 2794 4529 σοῦντος,
2877 4460 3276 4534 εὐρωστούντος,
3330 4480 3420 4512 και
3470 4463 3534 4512 τὰ
3596 4460 3723 4532 μελη
3806 4457 4187 4516 δίαπεπτωκὸο

2556 4570 2664 4620 τος,
2740 4557 2831 4603 τοῦ
2880 4549 3121 4622 ψυχικοῦ
3177 4552 3327 4601 τόνου
3348 4548 3789 4622 παραλελυμένου-
3852 4555 4045 4605 Σκόπει
4092 4573 4187 4626 μοι

2556 4662 2647 4695 και
2708 4638 2943 4694 διάνοιαν
3019 4638 3280 4691 ἀκώλυτον
3362 4641 3668 4692 παντάπασι
3756 4639 3847 4693 κάι
3907 4640 4187 4718 ἐλευθέραν

2556 4735 2674 4805 περί
2738 4733 2827 4792 τὰς
2883 4726 3026 4791 ἰδίας
3070 4734 3322 4799 κινήσεις,
3373 4726 3541 4802 μηδὲν
3570 4730 3659 4782 ὑπ’
3701 4727 3911 4793 οὐδενὸς
3977 4735 4186 4795 πάθους

2556 4817 2814 4893 μηδαμῶς
2872 4818 3217 4892 σαλευομένην
3290 4837 3381 4870 και
3418 4822 3878 4892 περιτρεπομένην,
3934 4840 4031 4873 και
4093 4830 4185 4875 νο-

2558 4930 2653 4964 σου
2714 4905 3078 4981 πεπεδημένην
3144 4906 3408 4982 βαρύτητι
3485 4928 3576 4960 και
3636 4911 3791 4982 νείκη.
3857 4908 3975 4963 Ἔτι
4005 4906 4068 4964 δε
4093 4932 4189 4965 και

2553 5004 2646 5059 τὴν
2672 5000 2771 5052 ύπό
2805 4995 2959 5061 δέους
2996 5000 3073 5051 ὅτι
3108 4997 3353 5051 πλείστου
3404 4996 3710 5069 ἀγωνιῶσαν
3761 5003 3946 5052 σκόπει
3994 5000 4187 5072 ψυχήν

2554 5110 2642 5142 και
2727 5087 2867 5161 μάλα
2946 5106 2995 5139 τι
3069 5085 3509 5159 τεθορυϐημένην,
3593 5086 3841 5145 αἰσθονην
3908 5083 4022 5145 ἤδη
4094 5097 4188 5149 τῆς

2553 5179 2769 5247 λύσεως,
2852 5197 2941 5228 και
3022 5184 3121 5228 τῶν
3186 5178 3275 5248 μὲν
3345 5175 3706 5248 αἰσθητηρίων
3788 5175 4187 5250 ἀναχῶροῦσαν

2553 5289 2642 5322 και
2704 5265 3165 5341 ἀπορῥηγνυμένην
3226 5264 3479 5337 ὁργάνων,
3543 5272 3650 5326 τοῖς
3707 5261 3768 5318 δέ

2553 5358 2726 5430 ὀλίγον
2797 5356 3116 5430 ἐμπνέουσαν
3180 5374 3271 5407 και
3344 5358 3662 5426 ένηχοῦσαν,
3732 5374 3851 5424 και,
3911 5355 4077 5429 εἰμή
4131 5362 4189 5410 τὸ

2553 5448 2703 5503 πλέον
2773 5448 2983 5518 ἄσημον
3060 5464 3152 5497 και
3221 5448 3702 5517 παρακεκομμένον,
3773 5442 3882 5497 ἀλλ’

2555 5539 2669 5593 ὅλον
2709 5537 3062 5613 ἀποτρόπαιον
3121 5555 3212 5587 και
3270 5539 3791 5609 κατηναγκασμένον.
3853 5538 4045 5590 Σκόπει
4116 5535 4187 5596 δὴ

3861 5276 4188 5338 φωνητικοῖς

3968 5443 4060 5498 οὖν
4131 5452 4190 5501 τὸ

854 5767 939 5840 (1)
968 5768 1158 5833 Quem
1182 5760 1501 5836 compellet
1528 5759 1734 5818 nescio
1762 5775 1776 5826 ;
1818 5773 1892 5816 ex
1919 5758 2309 5831 sequentibus
2337 5758 2764 5832 imperatorem
2794 5752 3044 5828 adloqui
3066 5751 3358 5826 suspicari
3388 5765 3524 5824 quis
3552 5750 3789 5825 poterit.
