4434 6452
264 421 281 473 1
294 415 395 473 473
1666 406 1751 461 ΤΕ
1759 404 2015 461 STAMEIV

1866 405 2189 463 LMENTUM.
3484 413 3617 467 1474

259 548 422 592 ταῦτα
455 558 469 571 ο
494 539 603 603 καὶ,
627 537 669 587 εἰ
689 554 748 605 γε
787 538 856 606 μή
927 532 1102 606 βούλει
1159 532 1505 607 λυμαίνεσθαι
1555 536 1668 593 ταῖς
1724 528 1855 587 ἄλη·
1887 533 1931 584 Α
1956 528 2010 601 jl‘

1887 533 1931 584 A
1956 528 2207 601 judicio,
2280 532 2426 604 jube
2499 534 2731 591 validos
2808 537 2866 591 et
2922 550 3167 607 corpore
3228 550 3300 591 ac
3366 537 3618 593 sanitate

259 630 437 696 θείαις,
495 622 589 686 δὸς
653 628 712 675 τὸ
774 626 960 695 κράτος
1024 631 1128 685 τοῖς
1182 629 1271 675 καὶ
1323 618 1595 697 προδήλως
1646 619 1703 671 ἐκ
1760 626 1856 670 τών
1967 634 2010 674 ι’(

1967 618 2247 675 robustos
2286 636 2407 678 non
2437 638 2581 679 vero
2606 623 3020 694 frangentibus
3051 638 3121 679 ac
3156 623 3620 680 dissolventibus

257 718 407 768 όντων
472 719 560 765 καὶ
637 715 949 784 φαινομένων
1004 717 1448 784 κραταιουμένοις,
1497 714 1585 761 καὶ
1637 708 1854 770 πάντας,
1970 723 2008 762 II

1970 708 2194 763 morbis
2209 708 2548 767 laborantes
2564 717 2620 768 et
2643 713 3284 781 agitatos,testamenta
3306 712 3620 770 coniicere.

259 806 357 876 ὅγε
398 801 605 864 δίκαιος
652 806 712 855 σο
768 804 1045 873 νομοθέτης
1101 805 1190 854 καὶ
1246 809 1344 853 τῶν
1398 802 1562 873 ὀρθῶν
1612 814 1859 869 μεταποι-
1970 802 2010 852 Α

1970 802 2050 853 Ac
2080 798 2259 854 simul
2283 800 2589 869 judicibus
2614 804 2774 871 juste
2805 802 3064 873 praecipe
3096 806 3160 856 ut
3189 801 3411 858 talibus
3442 806 3624 859 testa-

260 897 468 965 ούμενος
551 892 759 963 ψήφων,
843 892 995 943 τάττε
1027 890 1285 962 ἰσχυρούς
1316 893 1460 949 ὄντας
1491 892 1579 939 καί
1606 886 1862 957 ἀκμαίους
1973 904 2011 943 n

1973 887 2188 943 mentis
2229 890 2557 959 praesertim
2597 890 2944 947 adhaereant
2990 905 3061 946 ac
3109 905 3172 946 se
3193 894 3347 947 totos
3399 891 3627 963 impen-

262 982 306 1035 ἐν
380 982 529 1055 ῥώμη
600 986 842 1051 σώματος
895 984 984 1031 καὶ
1045 980 1265 1051 ὑγείαις,
1324 977 1451 1029 ἀλλα
1502 981 1573 1049 μὴ
1628 993 1861 1026 καταπα·
1973 973 2011 1029 d

1973 973 2136 1041 dant,
2160 977 2403 1033 minime
2431 980 2725 1036 rationem
2748 979 3026 1035 eamdem
3049 994 3259 1035 eorum
3281 996 3416 1052 quae
3460 981 3628 1037 aliter

262 1070 536 1131 λαιούσαις
625 1073 797 1130 νόσοις
850 1077 938 1120 καί
998 1067 1394 1141 παραλυούσαις
1442 1073 1535 1117 τοῦ
1586 1065 1680 1136 ζῇν
1731 1063 1865 1135 ἀγωο
1974 1063 2013 1120 ﬁ

1974 1063 2146 1132 ﬁunt,
2177 1065 2488 1123 habentes.
2516 1070 2677 1123 Hanc
2700 1068 2893 1140 legem
2917 1068 3093 1136 feras,
3114 1068 3269 1124 bene
3288 1069 3626 1135 consulens,

262 1167 467 1218 νιώντας
534 1162 622 1210 καὶ
711 1161 1186 1229 κατατεινομίνους,
1247 1152 1515 1213 διαθηκῶν
1546 1155 1863 1226 μεμνῆσθαι.
1975 1169 2013 1210 Θ

1975 1157 2030 1210 et
2055 1168 2177 1210 non
2206 1154 2389 1211 modo
2416 1156 2731 1227 justitiam,
2762 1156 2867 1212 sed
2898 1156 3281 1213 etutilitatem
3311 1157 3629 1214 intendens

270 1253 367 1301 Καὶ
404 1247 515 1320 ἅμα
562 1244 841 1308 δικασταῖς
891 1243 1107 1306 ἐνδίκως
1165 1244 1403 1319 ἐπίτρεπε
1453 1250 1566 1303 τοῖς
1616 1245 1868 1303 τοιούτοις
1978 1248 2021 1298 ιι

1529 1251 1566 1303 ῖς
1616 1245 1868 1303 τοιούτοις
1978 1248 2104 1298 tum
2136 1244 2453 1312 testatoris,
2491 1249 2617 1300 tum
2647 1245 2961 1301 haeredum
2993 1246 3280 1318 ipsorum.

268 1336 452 1409 μάλλον
527 1342 626 1387 τών
708 1331 1081 1406 διαταγμάτων
1157 1337 1501 1408 προσανέχειν
1572 1336 1660 1383 καὶ
1735 1330 1877 1391 ὅλους
1953 1331 2165 1393 ἑαυτούς
2241 1331 2511 1404 ἐπινέμειν,
2598 1342 2696 1385 τῶν
2801 1334 2983 1408 ἑτέρως
3039 1341 3349 1408 γιγνομένων
3417 1342 3487 1409 μὴ
3548 1341 3633 1389 τὸν

268 1444 379 1493 ἴσον
427 1424 578 1495 λογον
636 1428 832 1481 ἣκιστα
886 1428 1282 1495 πεποιημένους.
1339 1429 1519 1474 Ταῦτα
1564 1416 1627 1479 δὴ
1694 1422 1980 1492 νομοθέτει,
2046 1420 2214 1483 καλὼς
2288 1420 2683 1494 ἐπεσκεμμένος,
2739 1429 2828 1475 καὶ
2887 1432 2978 1475 τοῦ
3038 1421 3246 1477 δικαίου
3331 1430 3402 1497 μὴ
3459 1432 3633 1498 μόνον,

270 1513 394 1565 ἀλλά
458 1533 509 1565 τι
593 1517 682 1565 καὶ
745 1520 837 1565 τού
912 1516 1262 1586 συμφέροντος
1327 1520 1398 1580 τῷ
1483 1529 1537 1562 τε
1612 1505 2012 1582 κληροδοτοῦντι
2078 1517 2168 1563 καὶ
2256 1518 2358 1570 τοῖς
2405 1511 2931 1586 κληρονομοῦσιν,ώς
2983 1514 3132 1583 εἰκὸς,
3188 1517 3635 1588 προμηθούμενος,

342 1611 457 1663 Ila);
541 1610 633 1654 του
709 1607 1059 1674 συμφέροντος
1131 1618 1142 1655 :
1220 1610 1423 1674 πρῶτον
1492 1602 1580 1671 μεν
1638 1602 1718 1651 ὅτι
1767 1603 1948 1653 κατ’Β
2049 1604 2093 1668 Q

1911 1603 1948 1653 B
2049 1599 2365 1668 Quomodo
2397 1600 2627 1657 utilitati
2658 1602 3124 1667 consules?Quia
3154 1604 3403 1660 omnino
3431 1605 3635 1675 libere,

273 1690 509 1754 ἐξουσίαν
534 1698 731 1760 πᾶσαν,
787 1694 908 1764 ὅπερ
968 1692 1113 1762 ἔφην,
1156 1686 1322 1761 μηδὲν
1377 1687 1563 1748 ἐκεῖνος
1614 1685 1878 1759 βιασθεὶς,
1991 1706 2024 1745 u

1991 1694 2054 1745 ut
2075 1688 2372 1754 dicebam,
2404 1704 2601 1761 neque
2630 1696 2894 1755 coactus,
2924 1706 3120 1763 neque
3153 1692 3271 1748 ullo
3301 1693 3485 1750 modo
3520 1697 3640 1766 agi-

274 1777 401 1852 μηδ’
433 1780 517 1832 ὑπ’
545 1777 754 1841 οὐδενὸς
792 1782 930 1850 ἔχων
994 1783 1433 1852 σπαρασσομένην
1485 1782 1578 1835 τὴν
1633 1774 1879 1849 καρδίαν,
1991 1782 2025 1835 ιε

1991 1782 2181 1835 tatum
2220 1792 2321 1832 cor
2359 1776 2575 1843 ferens,
2610 1778 2716 1835 sed
2745 1779 2993 1835 libenter
3022 1796 3092 1836 ac
3120 1780 3322 1849 libere,
3361 1798 3497 1854 quae
3526 1784 3644 1855 ipsi

277 1870 381 1922 ἀλλ’
435 1868 619 1929 ἀνέτως
674 1870 916 1940 πράττων
982 1872 1073 1920 καὶ
1129 1867 1402 1941 ἐλευθέρως
1449 1871 1515 1918 τα
1568 1862 1878 1937 δεδογμένα,
1991 1866 2028 1922 b

1991 1866 2150 1922 bona
2178 1865 2455 1920 videntur
2484 1866 2727 1935 faciens,
2765 1867 2949 1923 scitet
3009 1866 3273 1924 dividere
3321 1876 3377 1926 et
3422 1887 3643 1942 procu-

276 1957 387 2012 οἶδε
452 1964 539 2011 καὶ
581 1954 801 2031 διαιρεῖν
852 1963 940 2010 καὶ
993 1960 1325 2031 πρυτανεύειν
1373 1961 1738 2029 προσηκόντως
1794 1960 1883 2007 καὶ
1991 1972 2027 2011 r.

1991 1970 2125 2011 rare
2159 1955 2598 2019 convenienter,
2632 1955 2928 2028 quidquid
2960 1957 3097 2013 utile
3126 1958 3233 2016 erit
3254 1964 3380 2015 tum
3402 1961 3644 2031 viventi,

278 2051 343 2110 ὡς
420 2049 558 2118 αὐτῷ
638 2053 871 2100 συνοίσει
952 2052 1040 2098 καὶ
1118 2048 1272 2107 ζὼδτι
1347 2051 1435 2098 καὶ
1501 2044 1880 2117 ἀποιχομένῳ·
1993 2050 2029 2101 tl

1993 2050 2121 2101 tum
2142 2042 2423 2100 defuncto
2456 2062 2468 2110 ;
2502 2044 2717 2100 deinde
2731 2045 2875 2117 quia
2901 2046 3006 2118 qui
3032 2052 3232 2118 partes
3263 2048 3645 2120 obtinuerint,

276 2138 437 2191 ἔπειθ’
465 2140 544 2189 ὅτι
574 2142 661 2190 καὶ
690 2140 737 2189 οἱ
771 2140 864 2198 τὰς
891 2132 1107 2209 μερίδας
1145 2135 1491 2208 λαγχάνοντες
1544 2131 1694 2187 οὐδὲν
1745 2134 1886 2204 αὐτῷ
1996 2150 2027 2191 ι]

1996 2148 2190 2205 neque
2215 2132 2275 2188 in
2298 2132 2495 2205 ipsum
2546 2133 2778 2189 infenso
2831 2135 3035 2191 animo
3093 2142 3286 2207 erunt,
3336 2154 3533 2212 neque
3599 2140 3652 2195 ei

279 2226 699 2302 προσκόψουσιν,
742 2223 857 2278 ουδ’
904 2225 1156 2297 ἐπαχθεῖς
1208 2244 1340 2286 τινες
1394 2228 1599 2277 ἔσονται
1652 2227 1740 2275 καὶ
1793 2222 1889 2295 βα·
1998 2223 2030 2279 i1

1998 2223 2325 2295 importuni
2356 2227 2411 2277 et
2440 2221 2693 2293 molesti,
2725 2239 2849 2279 una
2874 2239 3012 2280 cum
3054 2225 3269 2282 morbo
3326 2244 3466 2283 eum
3522 2245 3653 2301 pre-

279 2324 403 2389 ρείς,
482 2318 920 2388 συνεπιτιθέμενοι
990 2318 1121 2386 μετά
1183 2322 1274 2375 τῆς
1334 2318 1512 2381 νόσου,
1571 2318 1661 2365 καί
1715 2315 1889 2384 γετὸν
2000 2330 2030 2369 n

2000 2318 2249 2381 mentes,
2282 2312 2552 2383 etipsum
2568 2312 2926 2369 calamitatis
2958 2318 3192 2387 tempus
3223 2318 3567 2389 cupiditatis
3600 2324 3655 2376 et

281 2415 371 2466 τῆς
441 2408 795 2479 περιστάσεως
870 2408 1051 2478 καιρὸν
1139 2407 1269 2476 πρὸς
1313 2408 1405 2462 τὴν
1469 2403 1754 2465 πλεονεξίαν
1804 2406 1892 2453 καὶ
2002 2418 2032 2457 n

2002 2400 2179 2457 malas
2215 2400 2556 2457 ambitionis
2580 2402 2956 2459 auxiliarium
2976 2404 3326 2462 adhibentes
3356 2426 3368 2475 ;
3394 2407 3498 2463 sed
3520 2424 3658 2463 con-

287 2501 453 2553 κακην
528 2494 806 2567 ἐπιθυμίαν
872 2493 1355 2567 προσλαμϐάνοντες
1409 2496 1716 2565 σύμμαχον,
1769 2491 1896 2543 ἀλλά
2004 2496 2038 2547 t1

2004 2490 2237 2547 tributis
2265 2491 2525 2546 contenti
2580 2496 2772 2558 erunt,
2829 2491 2984 2548 bene
3038 2494 3291 2551 scientes
3347 2496 3495 2552 nihil
3547 2497 3659 2554 sibi

287 2585 565 2660 στέρξουσι
617 2593 723 2644 τοῖς
790 2586 1080 2657 νεμηθεῖσι,
1145 2592 1321 2655 σαφῶς
1379 2579 1573 2645 εἰδότες
1625 2584 1691 2643 ως
1747 2578 1896 2634 οὐδὲν
2005 2580 2038 2653 i]

2005 2580 2150 2653 ipsis
2175 2579 2436 2651 amplius
2464 2578 2756 2648 futurum,
2812 2581 2863 2636 si
2914 2581 3039 2637 vim
3087 2582 3437 2653 adhibeant,
3493 2585 3662 2642 simul

287 2676 467 2737 αὐτοῖς
544 2675 795 2747 αυμενοῦν
871 2678 1019 2727 ἔσται
1076 2673 1224 2727 πλέον
1289 2672 1646 2746 βιασαμένοις,
1692 2673 1802 2744 ἅμα
1842 2669 1900 2724 δὲ
2008 2687 2038 2725 v

2008 2684 2147 2725 vero
2176 2672 2507 2724 metuentes
2537 2684 2611 2725 ne
2654 2669 2733 2726 ab
2792 2670 3078 2726 omnibus
3136 2672 3554 2745 destituantur,
3614 2676 3665 2731 si

288 2771 377 2819 καὶ
440 2761 673 2827 δεδιότες
732 2769 802 2837 μὴ
854 2772 945 2816 τοῦ
999 2767 1187 2824 παντὸς
1243 2762 1591 2822 ἐκστήσονται
1622 2758 1903 2815 διαπεσόν-
2011 2760 2039 2815 il

2011 2760 2278 2829 ingratos
2309 2773 2370 2814 se
2400 2773 2512 2830 pro
2543 2758 2799 2829 gratuito
2832 2759 3071 2816 donatis
3129 2763 3467 2821 ostendant.
3515 2764 3668 2821 Licet

290 2874 391 2922 τες,
443 2858 763 2927 οχαριστίαν
823 2852 906 2906 ἐπὶ
971 2860 1082 2914 τοῖς
1140 2849 1337 2926 δωρεὰν
1398 2856 1591 2912 ἥκουσι
1635 2870 1905 2919 καταγνω-
2014 2863 2041 2904 e

2014 2848 2175 2904 enim
2206 2847 2405 2904 statim
2433 2847 2599 2903 aliud
2632 2851 3059 2906 testamentum
3090 2851 3401 2923 conﬁcere,
3432 2858 3488 2909 et
3512 2870 3583 2910 ex
3597 2869 3667 2911 eo

294 2946 509 3004 σθεντες.
574 2943 782 3006 Ἔξεστι
871 2945 971 3017 γὰρ
1036 2942 1186 3004 εὐθύς
1278 2946 1368 2994 καὶ
1442 2938 1978 3022 ἐπιδιατάττεσθαις⁴
2016 2954 2045 2996 0

1939 2967 1978 3022 ρ
2016 2938 2264 2996 omnino
2287 2938 2554 3007 ingratos
2576 2937 2911 3006 excludere,
2938 2940 3118 3011 gratis
3140 2958 3281 2998 vero
3302 2943 3668 3000 immobilem

292 3038 381 3087 καὶ
451 3040 547 3095 τῆς
612 3029 879 3094 διαθήκης
934 3032 1190 3092 παντελῶς
1242 3035 1333 3084 τοὺ
1393 3030 1691 3103 ἀγνώμονας
1749 3028 1908 3104 ἐξορί-
2020 3045 2043 3083 ε

2020 3032 2279 3084 statuere
2309 3026 2699 3083 donationem
2733 3043 2745 3093 ;
2774 3028 2997 3100 quibus
3022 3033 3077 3085 et
3124 3032 3373 3088 contulit
3423 3034 3671 3090 omnino

302 3123 430 3190 ζειν,
498 3128 608 3183 τοῖς
690 3118 739 3173 δ’
825 3121 1236 3193 εὐγνωμονοῦσιν
1319 3122 1689 3193 ἀμετακίνητον
1744 3126 1908 3172 ποιεῖν
2019 3134 2053 3175 a

2019 3117 2249 3189 absque
2278 3116 2377 3172 lite
2409 3131 2478 3172 ac
2502 3117 2909 3173 controversia
2940 3122 2997 3175 et
3043 3125 3179 3176 ante
3236 3122 3557 3180 tribunalia
3604 3139 3674 3180 ac

297 3211 511 3264 έστάναι
543 3216 638 3269 τὴν
664 3213 826 3284 χάριν
861 3230 874 3243 ·
916 3210 994 3272 οἷς
1059 3216 1149 3263 καὶ
1207 3215 1487 3281 συνήνεγκε
1545 3211 1767 3275 πάντως,
1800 3229 1911 3281 χω·
2020 3222 2048 3263 8

2020 3206 2351 3278 adjudices
2397 3205 2693 3270 citatione,
2735 3208 3063 3278 praestituto
3115 3209 3211 3265 die
3267 3210 3677 3268 haereditatem

296 3305 378 3373 ρὶς
410 3297 583 3373 ἔριδος
611 3299 824 3360 ἀπάσης
852 3304 942 3351 καὶ
976 3300 1285 3372 φιλονεικίας
1331 3303 1421 3351 καί
1473 3307 1564 3360 τῆς
1622 3299 1707 3351 ἐπὶ
1763 3294 1913 3350 δικα-
2022 3312 2047 3352 a

2022 3294 2470 3367 accipientibus,
2494 3293 2684 3351 multo
2705 3300 2843 3352 ante
2864 3295 3266 3372 distributam,
3286 3306 3449 3372 tunc,
3473 3305 3538 3358 ut
3555 3301 3677 3358 dis-

301 3394 495 3464 στηρια
569 3394 659 3441 καὶ
742 3385 999 3450 δικαστὰς
1075 3389 1273 3455 ἕλξεως,
1350 3386 1685 3461 ἀπειληφὸσιν
1744 3385 1792 3439 ἓν
1846 3394 1907 3459 τῇ
2022 3390 2052 3441 ἴ]

1375 3387 1685 3461 maneam
1744 3385 1792 3439 ἓν
1846 3394 1907 3459 τῇ
2022 3385 2294 3441 tributori
2324 3384 2568 3457 placuit,
2598 3400 2700 3441 eas
2728 3401 2868 3442 suas
2899 3386 3126 3445 fecisse.

298 3482 597 3554 προθεσμίᾳ
665 3481 783 3540 τούς
844 3479 1092 3555 κλήρους,
1158 3478 1328 3549 πολλῷ
1409 3482 1499 3551 μεν
1564 3480 1808 3552 πρότερον
1886 3474 2372 3548 ἀπονενεμημένους,
2454 3478 2571 3528 τότε
2625 3470 2698 3545 δ’,
2759 3478 2828 3539 ὡς
2878 3472 3026 3540 ἔδοξε
3068 3485 3141 3549 τῷ
3200 3474 3445 3551 διελόντι,
3500 3484 3681 3554 σφίσιν

302 3568 480 3630 αὐτοῖς
516 3569 725 3627 εἰσποιη
735 3570 925 3629 θέντας.

376 3662 476 3711 Καὶ
504 3663 674 3710 τοίνυν
707 3655 865 3721 δόξαν
916 3657 1338 3731 μεγαλοψυχίας,
1397 3657 1509 3731 οἶμα
1561 3651 1621 3710 δε
1658 3660 1748 3709 καὶ
1778 3654 1915 3730 φιλο·
2096 3656 2127 3709 Α

2096 3656 2289 3727 Atque
2319 3653 2498 3724 igitur
2539 3653 3053 3724 magnanimitatis
3118 3661 3174 3714 et
3215 3657 3463 3716 honoris
3513 3664 3571 3717 et
3625 3660 3686 3717 in

307 3760 489 3830 τιμίας
539 3760 629 3809 καὶ
680 3764 777 3819 τῆς
829 3761 949 3831 περὶ
1003 3759 1062 3809 τὸ
1115 3760 1367 3832 παρέχειν
1427 3754 1737 3829 ἐλευθερίας,
1796 3759 1918 3807 πότε
2026 3744 2058 3801 d

2026 3744 2230 3801 dando
2250 3742 2621 3800 liberalitatis
2645 3744 2990 3814 Opinionem
3014 3745 3129 3802 sibi
3151 3749 3422 3821 acquiret
3444 3750 3687 3821 justius,

305 3854 495 3928 μᾶλλον
555 3850 778 3917 δικαίως
836 3856 1113 3907 ἀποίσεταί
1167 3874 1261 3924 τις,
1312 3854 1366 3907 ἐκ
1426 3861 1524 3906 των
1569 3852 1776 3906 ἐνόντων
1829 3856 1919 3905 καὶ
2029 3851 2055 3889 5

2029 3835 2077 3889 si
2108 3850 2180 3889 ex
2208 3834 2291 3889 eis
2322 3849 2458 3906 quae
2488 3832 2601 3905 ipsi
2630 3832 2887 3889 liberum
2920 3840 3009 3891 est
3044 3835 3187 3891 dare
3228 3843 3284 3893 et
3321 3838 3546 3911 quibus
3577 3838 3692 3895 frui

303 3952 370 4004 ὧν
426 3950 699 4006 ἀπολαύειν
756 3955 871 4025 ἔχει
943 3948 1113 4005 δοκῶν
1173 3950 1462 4024 ἀπονέμειν,
1526 3951 1554 4009 ᾖ
1616 3959 1713 4002 τῶν
1782 3949 1924 4003 ἀλλο-
2028 3941 2054 3997 Ῐ

2028 3927 2244 3997 potest,
2267 3923 2411 3979 dare
2431 3923 2688 3992 videtur,
2720 3938 2906 3996 quam
2940 3924 2988 3979 si
3018 3924 3132 3997 ipsi
3157 3927 3285 3997 jam
3310 3933 3555 3985 externa
3585 3935 3639 3985 et
3660 3945 3692 3986 e

303 4055 460 4105 τοίων
515 4048 855 4105 μεταδιδούς.
933 4056 1025 4105 καὶ
1076 4051 1142 4104 ὧν
1195 4052 1335 4104 οἴκων
1414 4046 1676 4103 ἐκπίπτειν
1730 4053 1923 4102 νενὸαι-
2031 4030 2054 4085 ς

2031 4012 2253 4085 quibus
2284 4011 2558 4068 excidere
2575 4011 2756 4069 invite
2780 4012 3056 4069 creditur.
3082 4016 3309 4072 Etenim
3332 4016 3391 4072 in
3414 4019 3694 4074 extremis

334 4071 460 4126 ριων
512 4071 855 4124 μεταοιοους,
933 4072 1025 4105 και
1076 4073 1142 4104 ων
1195 4072 1335 4104 ακων
1414 4071 1676 4103 εκπιπτειν
1730 4071 1923 4122 νενομι-
2051 4071 2089 4112 ⁸,
2144 4103 2153 4112 ,
2401 4102 2431 4112 η
3295 4071 3347 4115 2"
3380 4071 3389 4072 ί
3425 4071 3691 4074 '“""—"

334 4169 430 4181 mn
484 4149 730 4181 MM":
808 4153 904 4181 πη,
952 4152 1053 4181 m,”
1125 4148 1170 4181 ,Ι
1239 4157 1348 4181 υτ,
1404 4148 1712 4181 damn.”
1764 4144 1925 4181 HW,”
2033 4102 2181 4158 nihil
2210 4117 2435 4175 proprii
2461 4117 2667 4158 secum
2698 4101 2847 4158 ferre
2884 4103 3112 4173 valens,
3149 4106 3557 4181 omnibusque
3593 4108 3696 4165 de-

2034 4192 2523 4264 nudatus,eaque
2544 4192 2942 4249 distribuendi
2964 4210 3156 4267 capax
3182 4197 3357 4268 quasi
3379 4213 3697 4271 nunquam

1960 4306 2003 4359 D
2039 4282 2117 4339 ad
2140 4298 2199 4337 se
2222 4282 2665 4354 pertinuissent,
2685 4281 2793 4337 etsi
2819 4284 3023 4338 omnia
3040 4285 3421 4357 cupientibus
3442 4287 3697 4357 cederet,

2039 4387 2163 4428 non
2199 4370 2393 4442 magis
2420 4371 2664 4443 propria
2686 4370 2915 4427 donare
2935 4372 3191 4444 videtur,
3223 4390 3411 4447 quam
3445 4376 3643 4433 aliena
3684 4396 3698 4443 ;

2040 4477 2178 4534 quae
2208 4460 2368 4515 enim
2396 4460 2522 4531 jam
2554 4474 2677 4516 non
2706 4458 2864 4515 valet
2915 4462 3237 4529 continere,
3285 4462 3519 4521 dimisit.
3573 4469 3703 4522 Non

316 4543 414 4598 κᾶν
482 4546 653 4597 πάντα
712 4551 923 4617 προοῖτο
981 4551 1091 4606 τοῖς
1141 4542 1496 4617 βουλομένοις,
1551 4538 1702 4595 οὐδὲν
1745 4541 1934 4615 μᾶλλον
2044 4566 2067 4606 ε

2044 4549 2206 4606 enim
2245 4552 2385 4605 tunc
2440 4547 2536 4604 vel
2584 4547 3059 4620 generosissimis
3107 4557 3378 4609 remanet
3419 4553 3576 4609 ullus
3625 4553 3705 4610 ad

322 4637 488 4690 οἰκεῖα
519 4630 723 4693 δοκεῖῆ
766 4636 893 4687 νόθα
943 4634 1406 4707 καταχαρίζεσθαι
1440 4652 1453 4667 ·
1486 4632 1521 4684 ἃ
1562 4636 1664 4707 γὰρ
1725 4636 1795 4705 μὴ
1856 4629 1938 4685 δε-
2046 4657 2073 4714 Ῑ

2046 4638 2431 4714 praesentium
2487 4636 2799 4710 quodlibet
2852 4638 3122 4696 affectus.
3182 4643 3497 4707 Quomodo
3545 4643 3707 4700 enim

325 4727 549 4790 δύνηται
573 4734 835 4804 κατέχειν,
900 4734 1113 4805 μεθῆκε.
1168 4736 1269 4785 Καὶ
1324 4739 1450 4804 γοῦν
1494 4727 1611 4783 οὐδ’
1662 4732 1774 4783 ἔστι
1827 4734 1939 4782 τότε
2046 4747 2075 4786 r

2046 4732 2382 4786 remaneret
2407 4728 2434 4783 ?
2460 4727 2684 4792 Quibus
2710 4727 2839 4798 jam
2869 4744 2991 4784 non
3020 4729 3205 4786 modo
3259 4731 3605 4789 divitiarum
3636 4750 3707 4790 ac

324 4818 451 4875 ούδέ
493 4841 549 4893 γε
586 4829 695 4884 τοῖς
748 4821 1160 4895 ἐμπαθεστάτοις
1221 4824 1353 4897 πρὸς
1410 4817 1561 4874 οὐδὲν
1604 4828 1704 4873 τῶν
1752 4839 1941 4895 παρον-
2050 4835 2075 4876 C

2050 4834 2256 4892 opum,
2286 4816 2393 4873 sed
2419 4821 2476 4873 et
2497 4818 2763 4889 corporis
2793 4817 3103 4875 dissolutio
3157 4820 3224 4876 ﬁt
3279 4825 3335 4878 et
3384 4822 3706 4895 depositio.

324 4930 425 4964 των
482 4907 706 4984 οὐδεμία
761 4914 1095 4985 προσπάθεια
1149 4932 1162 4945 ο
1219 4919 1325 4971 πῶς
1372 4914 1473 4985 γάρ
1511 4928 1523 4976 ς
1558 4906 1633 4973 οἷς
1698 4905 1805 4968 ἠδη
1868 4914 1937 4982 μὴ
2050 4909 2075 4965 1,

2050 4909 2273 4965 ldcirco
2332 4922 2457 4963 non
2517 4907 2735 4963 ardent
2781 4907 2886 4980 qui
2929 4907 3095 4965 bona
3149 4910 3277 4981 ejus
3352 4913 3707 4985 percipiunt,

326 5004 480 5074 μόνον
537 5003 816 5074 κτημάτων
883 5007 973 5055 καὶ
1026 5019 1366 5076 πραγμάτων,
1429 4998 1556 5053 ἀλλά
1591 5019 1643 5053 τι
1706 5004 1795 5051 καὶ
1851 5006 1943 5051 τοῦ
2051 4998 2077 5053 ἱ]

2051 4997 2135 5053 illi
2167 4996 2387 5067 gratias
2414 5010 2590 5065 agere
2616 4996 2865 5069 ejusque
2904 4996 3253 5054 meminisse
3282 5016 3299 5070 ;
3362 5000 3468 5057 sed
3513 5001 3591 5058 ab
3649 5000 3713 5057 id

330 5096 569 5164 σώματος
649 5090 796 5153 λύσις
861 5096 951 5144 καὶ
1013 5090 1259 5154 ἀπόθεσις
1327 5093 1587 5163 γίγνεταί.
1655 5092 1751 5143 Διά
1795 5096 1943 5142 τοῦτο
2052 5103 2081 5143 ι]

2052 5086 2293 5143 mellem
2324 5083 2650 5141 ostendunt
2676 5089 2965 5151 mentem,
2988 5100 3059 5143 eo
3085 5086 3251 5159 quod
3272 5087 3389 5159 ille,
3445 5106 3585 5147 cum
3616 5106 3711 5148 sa-

328 5186 418 5234 καὶ
440 5178 564 5234 οὐδὲ
597 5182 777 5256 θερμοί
812 5188 943 5245 τινες
1004 5183 1133 5236 εἰσιν
1182 5184 1231 5234 οἰ
1278 5189 1379 5233 τῶν
1438 5179 1629 5234 ἐκείνου
1687 5180 1942 5253 μεταλαγ⁴
2053 5193 2079 5232 ιῖ

2053 5177 2235 5232 nitate
2266 5174 2558 5231 frueretur
2583 5178 2640 5230 et
2664 5173 2911 5238 deliciis,
2942 5190 3067 5232 non
3100 5178 3391 5249 statuerit,
3442 5195 3519 5237 ne
3571 5181 3716 5238 scri-

328 5273 579 5344 χάνοντες
626 5271 891 5343 ὁμολογεῖν
932 5272 1099 5344 fui-:in
1166 5275 1257 5323 xui.
1314 5273 1448 5322 πάνυ
1532 5290 1583 5323 τι
1632 5274 1726 5328 τὴν
1775 5272 1936 5344 χάριν
2064 5282 2079 5338 ]

1645 5274 1726 5328 τὴν
1775 5272 1936 5344 χάριν
2064 5270 2167 5338 pto
2202 5264 2470 5337 quidem,
2502 5264 2664 5321 bona
2696 5280 2807 5320 sna
2838 5265 2986 5334 ipsis
3020 5265 3396 5325 distribuere.

331 5358 773 5433 ἀπομνημονεύειν
834 5382 846 5395 ο
902 5360 1008 5414 ἀλλ’
1103 5359 1427 5434 ἀμϐλυτέραν
1502 5362 1691 5413 ὡσανεὶ
1766 5364 1892 5433 προς
1959 5364 2112 5410 τοῦτο
2207 5351 2503 5408 δείκνυνται
2572 5358 2663 5412 τὴν
2729 5359 2961 5428 γνώμην,
3023 5352 3099 5428 ἐφ’
3166 5364 3241 5421 οἷς
3300 5358 3473 5422 αὐτοῖς
3530 5358 3717 5425 ἐκεῖνος

330 5451 579 5523 ὑγιαίνων
668 5456 759 5505 καὶ
812 5460 1016 5529 τρυφῶν
1086 5446 1219 5525 μηδ’
1280 5450 1453 5504 ἔϐαλεν
1530 5450 1601 5514 εἰς
1670 5457 1810 5519 νοῦν,
1892 5444 2021 5522 μηδ’
2106 5447 2226 5499 ὅσον
2294 5444 2341 5499 ἐν
2408 5451 2655 5521 γραφαῖς,
2707 5452 2808 5497 τῶν
2867 5449 3169 5522 προσόντων
3236 5445 3368 5521 μηδ’
3428 5452 3713 5507 ὁποσονοῦν

332 5538 631 5614 ἀπονεῖμαι.

408 5637 509 5684 Και
561 5634 677 5707 περὶ
722 5631 912 5706 ψυχῆς
990 5630 1050 5686 δὲ
1099 5632 1280 5693 ἥντινα
1332 5635 1446 5686 τότε
1489 5634 1641 5706 μνίαν
1698 5634 1789 5684 καὶ
1839 5637 1940 5683 τῶν
2123 5629 2159 5684 Ε

2123 5629 2190 5686 Et
2238 5627 2313 5685 de
2358 5626 2585 5698 anima,
2640 5642 2831 5701 quam
2858 5642 3022 5685 nunc
3067 5642 3301 5701 eorum,
3334 5648 3470 5706 quae
3523 5633 3720 5709 ipsam

336 5714 591 5795 δεομένων
648 5730 874 5779 ποιεῖται
950 5719 1162 5797 βοηθεῖν
1238 5716 1367 5798 αὐτῇ
1447 5714 1811 5796 δεδυνημένων
1868 5740 1942 5776 νε-
2050 5736 2087 5780 a

2050 5719 2339 5793 adjuvare
2361 5721 2606 5796 queant,
2670 5720 3040 5788 mentionem
3091 5720 3252 5799 facit,
3312 5738 3473 5799 eam,
3518 5730 3587 5793 ut
3639 5728 3723 5789 ita

310 4169 434 4204 σται
484 4149 750 4213 καθάπαξ.
808 4153 908 4204 Καὶ
952 4152 1054 4225 γὰρ
1123 4148 1170 4202 ἐν
1239 4157 1348 4212 τοῖς
1404 4148 1712 4209 τελευταίοις
1760 4144 1925 4221 μηδὲν

309 4257 412 4302 τῶν
486 4244 631 4301 ἰδίων
684 4250 821 4320 ἔχων
900 4248 1013 4321 μεθ’
1098 4247 1283 4302 ἑαυτοῦ
1360 4251 1551 4323 φέρέιν,
1610 4249 1815 4300 πάντων
1880 4241 1927 4297 δ“

314 4349 642 4419 ἀπωσμένος,
696 4351 788 4399 καί
848 4354 1099 4399 τοσοῦτον
1163 4342 1446 4419 δυνάμενος
1513 4344 1681 4397 αὐτῶν
1737 4362 1933 4417 συμμε-

312 4452 488 4519 τέχειν
546 4447 666 4499 ὅσον
746 4450 837 4499 καὶ
914 4454 1014 4498 τῶν
1088 4442 1353 4518 μηδέποτε
1419 4447 1930 4517 προσγεγενημένων,
