4434 6452
782 395 918 448 1475

2111 387 2487 449 NICEPHORI
2526 389 2808 447 CHUMNI.

4005 407 4142 459 1476

775 517 973 572 dicam
1001 527 1304 573 mortuam
1334 521 1392 572 et
1411 517 1651 573 inanem
1678 519 1837 584 facit,
1870 532 2066 589 neque
2094 516 2216 571 ullo
2243 530 2367 570 moc

2391 528 2427 566 ο
2464 519 2509 568 Α
2540 516 2665 585 κράν
2693 533 2807 565 τινα
2845 521 3057 585 ταύτην,
3118 523 3188 582 ὡς
3240 522 3417 584 εἰπεῖν,
3472 528 3562 574 xui
3630 522 3824 596 ἀκερδῆ
3888 536 4139 581 ποιεῖται.

775 610 894 662 Deo
926 612 1180 676 gratam,
1214 622 1352 661 cum
1385 621 1578 678 neque
1609 606 1703 661 lex
1735 612 1902 661 vetus
1924 605 2145 661 infirmi
2199 602 2425 675 aliquid

772 700 875 750 aut
920 697 1171 750 emortui
1223 696 1283 749 in
1331 696 1690 749 sacriﬁcium
1746 694 2075 750 adhiberet.
2127 693 2423 758 Quoniam

771 784 930 838 enim
960 784 1018 838 id
1050 786 1212 855 quod
1240 782 1505 851 offertur,
1538 784 1720 838 vitam
1746 799 2059 854 nunquam
2091 789 2421 835 cessantem

766 874 1311 928 remunerationem
1328 872 1530 942 habet,
1547 873 1858 943 quomodo
1872 873 2051 926 inane
2067 870 2380 925 otferretur
2395 872 2422 921 Ὺ

764 963 1074 1034 quomodo
1104 969 1160 1017 et
1185 961 1685 1028 abominandum,
1716 966 1779 1016 ut
1814 962 1931 1030 jam
1985 961 2190 1016 mortis
2243 958 2420 1029 parti-

762 1067 905 1122 ceps
930 1050 955 1102 ?

812 1144 877 1196 Et
908 1156 1054 1196 sane
1079 1140 1191 1195 etsi
1221 1140 1357 1211 quis
1387 1140 1627 1211 plurimi
1648 1139 1868 1194 faceret
1896 1144 2186 1211 tanquam
2215 1138 2415 1191 viven-

759 1230 843 1285 tia
859 1234 1089 1284 mortuo
1102 1230 1263 1283 dona
1275 1244 1603 1289 remanere,
1620 1243 1815 1298 neque
1840 1243 2085 1298 prorsus
2098 1225 2412 1295 corrumpi,

757 1333 830 1373 eo
867 1318 1032 1389 quod
1067 1332 1189 1372 non
1212 1333 1320 1388 pro
1344 1323 1609 1388 tempore
1636 1332 1831 1387 neque
1862 1315 2107 1386 quando
2161 1315 2413 1381 (lignum

758 1410 904 1470 erat,
928 1406 1035 1461 sed
1066 1411 1129 1461 ut
1149 1406 1229 1460 ita
1255 1405 1478 1473 dicam,
1502 1406 1820 1459 morticina
1872 1403 2027 1458 facta
2076 1404 2211 1469 sint,
2262 1420 2413 1474 quo-

754 1495 920 1550 niam
942 1494 1011 1549 iis
1050 1510 1160 1566 pro
1191 1494 1397 1548 anima
1428 1499 1664 1565 tempus
1694 1493 1862 1547 adest
1914 1496 2002 1561 (ut
2042 1491 2409 1562 quibusdam

2539 608 2627 652 καί
2649 621 2709 671 γε
2737 625 2805 673 μη
2846 610 3199 673 παντάπασιν,
3252 608 3365 680 ἐμοὶ
3424 607 3614 677 δοκεῖν,
3665 619 3777 682 Θεῷ
3812 623 4136 686 κεχαρισμέ-

2533 708 2645 751 νην,
2700 694 2776 742 ότι
2841 691 3024 763 μηδ“ό
3063 696 3226 747 πάλαι
3291 703 3447 767 νόμος
3501 698 3769 771 ἄρρωστον
3823 699 3973 753 οὐδέν
4019 702 4141 755 οὐδ’

2532 779 2725 829 άπνουν
2810 784 2888 850 (1)
2971 780 3088 853 ἦγεν
3142 786 3211 845 εις
3273 788 3478 841 θυσίαν.
3534 793 3685 848 Ζωῆς
3737 793 3837 861 γάρ
3893 797 3961 860 μή
4012 811 4140 843 ποτε

2530 870 2791 936 ληγούσης
2833 876 2889 921 τό
2945 880 3409 945 προσενηνεγμένον
3465 873 3787 947 ἀνταλλαγήν
3841 881 3987 949 ἔχον,
4030 891 4139 940 πῶς

2527 954 2587 1003 ἀν
2656 965 2867 1029 αχρεῐον
2933 966 3021 1011 καὶ
3082 965 3437 1032 ανενεχθείη;
3497 972 3605 1025 πῶς
3684 985 3773 1016 και
3820 964 4137 1039 βδελυκτον,

2524 1050 2829 1116 νεκροτητος
2855 1053 3075 1119 μετέχον
3118 1069 3130 1116 ;

2598 1131 2797 1202 Ἀμέλει
2826 1154 2905 1185 τοι
2945 1156 3034 1187 και
3085 1141 3129 1189 εἴ
3184 1159 3259 1199 τις
3310 1147 3509 1191 ποιοῖτο
3566 1147 3682 1212 περί
3728 1142 3972 1195 πλείστου
4034 1146 4136 1204 ζῶ-

2526 1236 2617 1278 σας
2670 1224 2827 1274 ῶσαεί
2917 1244 3007 1275 και
3054 1229 3291 1277 τεθνεῶτι
3367 1231 3458 1287 τας
3503 1226 3697 1302 δωρεὰς
3750 1231 3891 1281 αὑτῶ
3957 1238 4133 1303 μένειν

2522 1325 2612 1357 και
2662 1316 2733 1379 μη
2785 1315 3091 1364 παντάπασί
3155 1334 3214 1385 γε
3260 1312 3592 1390 διεφθάρθαι,
3648 1319 3737 1370 ἇτε
3792 1316 3859 1377 δὴ
3912 1340 4001 1372 και
4054 1328 4129 1393 μή

2522 1400 2653 1447 κατὰ
2709 1404 2889 1473 καιρόν
2963 1421 3052 1453 και
3102 1404 3177 1453 ὅτ’
3228 1403 3359 1463 εἰκός
3414 1402 3513 1473 ἧν,
3561 1407 3878 1478 θνησιμαίας
3930 1406 4004 1477 δ’,
4061 1414 4134 1472 ῶς

2522 1489 2699 1551 ειπεὶν,
2728 1495 3056 1561 γιγνομένας,
3111 1491 3223 1542 αντί
3277 1493 3460 1562 ψυχῆς
3508 1495 3647 1553 ὄντος
3700 1503 3809 1555 τοῖς
3846 1500 4132 1569 πράγμασι

752 1584 971 1650 visum,
1001 1588 1055 1637 et
1088 1582 1232 1636 mihi
1262 1598 1507 1654 quoque
1539 1580 1813 1649 videtur),
1841 1596 1979 1634 cum
1999 1579 2200 1634 adhuc
2238 1596 2367 1633 men

2384 1597 2410 1634 s
2520 1582 2611 1624 τοῦ
2675 1586 2881 1649 καιροῦ,
2960 1581 3024 1639 ὦς
3099 1599 3239 1631 τισιν
3284 1579 3426 1643 ἔδοξε
3482 1581 3642 1654 κάμοί
3696 1582 3960 1648 συνδοκεῖ,
4017 1607 4131 1648 νόος

752 1676 807 1727 et
838 1687 1058 1743 corpus
1086 1671 1300 1725 robore
1335 1687 1405 1725 ac
1432 1670 1683 1724 sanitate
1704 1668 1936 1729 ﬂorent,
1958 1669 2035 1722 ad
2060 1674 2411 1723 testamenta

750 1760 1020 1814 eundum
1048 1766 1157 1825 est,
1194 1764 1248 1813 et
1273 1759 1438 1813 bona
1467 1756 1813 1824 dividenda,
1846 1760 1903 1811 et
1945 1756 2168 1827 quibus
2190 1756 2403 1826 placet,

748 1848 1157 1913 concedenda,
1193 1864 1262 1903 eo
1294 1846 1459 1918 quod
1499 1846 1603 1917 qui
1642 1846 1703 1900 in
1734 1845 2012 1899 extremis
2052 1844 2367 1899 constituti]

2384 1861 2406 1897 s
2438 1861 2476 1915 Β
2520 1836 2804 1914 διαιρετέον
2842 1848 2932 1905 τὰς
2973 1846 3237 1916 ὑπάρξεις,
3310 1852 3399 1898 καὶ
3453 1855 3880 1920 προσαρμοστέον
3935 1854 4013 1912 οἷς
4062 1852 4126 1903 ἆν

746 1938 910 1993 bona
945 1937 1173 2002 dividit,
1207 1935 1437 1990 nullam
1471 1935 1581 1989 sibi
1618 1951 1654 1989 a
1710 1933 1947 1987 nemine
2001 1933 2245 1987 honoris
2304 1948 2367 1986 at

2388 1938 2407 1987 t
2515 1938 2734 2000 αιροῖτο,
2789 1934 2852 1992 ὡς
2923 1942 3013 1984 τοῦ
3065 1953 3121 2003 γε
3174 1938 3305 2008 πρὸς
3353 1943 3459 1995 τοῖς
3533 1940 3785 2008 εσχάτοις
3842 1938 4125 2012 ἀφιγμένον

745 2026 949 2096 gratiae
977 2024 1413 2079 confessionem
1442 2021 1724 2077 vindicat.
1752 2021 1863 2075 Sed
1886 2021 2085 2075 adhuc
2116 2021 2367 2088 gratiore

2384 2038 2403 2074 5
2513 2020 2606 2079 τας
2628 2015 2885 2091 διανομὰς
2945 2018 3266 2084 σπουδάζειν
3311 2022 3623 2097 ἐμπαρέχειν
3673 2024 3922 2098 οὐδεμίαν
3981 2030 4123 2099 αὖτῴ

742 2114 884 2170 facit
921 2130 1025 2170 eos
1048 2130 1151 2185 qui
1178 2114 1237 2167 in
1279 2112 1653 2166 haereditates
1682 2110 1931 2164 veniunt
1960 2114 2013 2164 et
2044 2111 2211 2181 parvi
2242 2118 2367 2163 sunt

2387 2152 2400 2175 ,
2510 2106 2632 2178 παρ’
2689 2105 2894 2169 οῦδενός
2939 2112 3154 2180 ἔχοντος
3210 2115 3328 2163 οὔτε
3385 2113 3679 2185 φιλοτιμίας
3726 2117 3841 2167 οὐτε
3898 2119 4124 2191 χάριτος

742 2220 864 2275 quo
877 2203 1100 2258 diutius
1121 2202 1455 2271 etlongiore
1481 2204 1748 2271 tempore
1776 2208 2071 2253 noverunt
2104 2204 2400 2269 quantum

741 2293 893 2348 lucri
923 2292 1135 2348 facturi
1165 2292 1282 2346 sint
1310 2306 1417 2362 per
1449 2304 1552 2343 eos
1572 2288 1677 2359 qui
1703 2293 1840 2342 ante
1880 2304 1941 2341 se
1963 2292 2395 2358 perceperunt;

741 2398 938 2455 neque
973 2383 1034 2436 in
1066 2381 1208 2447 ﬁne,
1243 2380 1354 2435 etsi
1385 2380 1586 2433 minus
1626 2376 1922 2432 desiderio
1971 2380 2027 2430 et
2078 2376 2397 2448 cupiditate

739 2472 1008 2527 ferantur
1028 2478 1131 2526 aut
1160 2470 1404 2539 indigne
1422 2474 1476 2523 et
1512 2482 1668 2535 aegre
1700 2466 2136 2521 sustinent.aut
2167 2466 2227 2519 in
2258 2482 2395 2522 con-

737 2561 1047 2616 cedentem
1089 2559 1510 2627 indignantur,
1541 2562 1599 2610 et
1657 2571 1767 2627 pro
1798 2554 1982 2618 gratis
2038 2554 2171 2609 irati
2220 2556 2390 2611 ﬁunt.

736 2651 867 2706 Abit
884 2666 1027 2705 vero
1049 2654 1105 2704 et
1120 2649 1374 2719 emigrat
1397 2644 1751 2718 tranquillus
1774 2644 1877 2715 qui
1895 2643 2166 2708 moritur,
2188 2646 2393 2715 quoad

732 2740 865 2795 illos
887 2739 1120 2799 saltem,
1136 2752 1333 2809 neque
1354 2734 1432 2790 ab
1457 2734 1576 2789 ullo
1598 2733 1867 2805 quolibet
1889 2731 2073 2787 modo
2096 2733 2388 2788 turbatur.

732 2832 956 2884 Etsane
1011 2827 1379 2900 quicumque
1420 2840 1558 2879 cum
1616 2838 1688 2877 eo
1744 2822 2046 2891 conjuncti
2100 2829 2239 2877 sunt
2288 2824 2390 2879 toti

728 2918 915 2989 hujus
938 2917 1122 2972 solius
1156 2914 1441 2985 temporis
1465 2928 1534 2967 ac
1554 2912 1638 2966 rei
1658 2918 1815 2977 sunt,
1840 2910 2143 2982 soliusque
2165 2910 2388 2965 abeun-

728 3008 802 3063 tis
835 3023 905 3062 ac
936 3005 1206 3062 defuncti
1228 3004 1411 3074 hujus
1450 3018 1631 3073 quem
1666 3005 1895 3068 amant,
1928 3000 2274 3067 meminere,
2317 3017 2387 3055 ac

2520 1662 2660 1733 αὐτῷ
2738 1684 2827 1716 και
2906 1674 3145 1738 σώματος
3224 1676 3571 1742 τετονωμένῶν
3655 1693 3746 1723 και
3826 1673 3975 1746 ῥώμῃ
4035 1695 4129 1727 και

2517 1750 2713 1819 ῦγείαις
2758 1756 3115 1826 ακμαζόντων,
3187 1757 3312 1809 ἰτέον
3382 1763 3509 1833 πρὸς
3563 1763 3650 1820 τὰς
3699 1757 3975 1825 διαθήκας,
4033 1784 4132 1817 και

2511 2195 2807 2266 ὁμολογίαν.
2878 2197 2991 2250 Ἔτι
3079 2219 3132 2251 τε
3204 2206 3293 2251 καὶ
3368 2201 3516 2253 πλέον
3600 2203 3918 2275 εῦγνῶμενας
3979 2215 4125 2258 ποιεῖ

2508 2288 2630 2345 τοὺς
2678 2286 2743 2345 εἰς
2782 2290 2902 2347 τοῦς
2940 2288 3165 2361 κλήρους
3222 2289 3557 2363 ἐρχομένους,
3616 2296 3705 2343 καὶ
3755 2298 3977 2366 μικροὺς
4022 2296 4119 2346 αῦ-

2506 2376 2622 2433 τους
2696 2379 2866 2444 ὄντας,
2917 2381 2974 2427 τό
3024 2378 3283 2451 πόρρωθει
3340 2378 3516 2440 αὐτοῖς
3582 2384 3994 2453 προσεθισθῆναι
4023 2392 4119 2436 καὶ

2503 2460 2695 2513 πλείονι
2753 2472 2824 2514 τῶ
2904 2469 3098 2537 χρόνῳ,
3178 2472 3277 2516 πᾶν
3330 2468 3451 2517 ὅσον
3496 2465 3840 2540 κερδανοῦσιν
3898 2469 3953 2521 ἐκ
4013 2482 4117 2523 τῶν

2503 2552 2882 2624 προειληφότων
2921 2556 3112 2606 ἄνωθεν
3161 2554 3513 2627 ἐπεγνωκότας
3548 2578 3559 2589 ·
3617 2563 3707 2611 xui
3762 2556 3913 2611 οὐδέν
3980 2562 4117 2613 εἰσιν

2504 2642 2586 2691 ἐπι
2630 2642 2819 2711 τέλους,
2907 2643 3001 2694 κᾶν
3050 2644 3258 2696 ἔλαττον
3322 2646 3679 2719 ἁποφέρωνται
3753 2658 3848 2709 τῆς
3897 2649 4116 2721 ὀρέξεως

2502 2735 2591 2780 καὶ
2639 2738 2733 2792 τῆς
2816 2734 3111 2804 ἐπιθυμίας,
3197 2738 3313 2785 οὔτε
3413 2732 3930 2808 δυσανασχετοῦντες
4020 2746 4115 2793 xui

2500 2817 2920 2888 χαλεπαίνοντες,
3010 2822 3116 2873 οὔτ’
3174 2820 3237 2873 αὖ
3312 2833 3618 2895 νεμεσῶντες
3664 2834 3733 2895 τῲ
3782 2836 4114 2901 χορηγοῦντι

2499 2928 2583 2959 και
2624 2908 2729 2960 ἀντ’
2784 2910 3113 2981 εῦχαρίστων
3171 2918 3467 2984 γιγνόμενοι
3520 2914 3739 2988 ὀργίλοι.
3794 2916 4009 2968 ’Ἄπεισι
4049 2918 4113 2970 δὲ

2497 3003 2587 3050 καὶ
2619 3000 2644 3049 ό
2676 3004 2768 3056 τὴν
2800 2996 3058 3071 ἐκδημίαν
3094 3001 3419 3073 στελλόμενος
3468 3002 3715 3077 ἀτρέμας,
3758 3011 3815 3057 τό
3859 3025 3918 3075 γε
3974 3014 4113 3059 κατα

725 3096 801 3151 de
826 3097 956 3167 ejus
988 3100 1176 3150 morte
1207 3092 1431 3154 dolent,
1479 3090 1555 3145 ad
1606 3088 1751 3143 illud
1806 3105 1995 3143 unum
2052 3095 2367 3160 spectante:

2384 3126 2386 3137 ν
2494 3093 2733 3156 τούτους,
2797 3093 2940 3162 παρά
3005 3088 3228 3162 μηδενός
3294 3089 3460 3163 μηδεν
3526 3094 3950 3168 τεθορυϐημένος.
4005 3102 4111 3149 Καὶ

723 3201 921 3257 neque
948 3184 1126 3239 ullius
1156 3182 1397 3237 alterius
1428 3181 1512 3235 rei
1542 3180 1838 3233 rationem
1865 3178 2158 3233 habentes
2191 3194 2367 3249 nequi

2414 3194 2455 3247 ρ
2494 3184 2665 3229 τοίνυν
2713 3181 2899 3239 πάντες
2971 3182 3020 3230 οἰ
3079 3185 3337 3242 συνιόντες
3378 3182 3538 3233 αὐτοῦ
3581 3179 3649 3240 δὴ
3705 3188 3892 3235 τοῦτου
3941 3192 4110 3256 μόνου

721 3274 1059 3346 quidquam
1085 3271 1249 3327 aliud
1280 3269 1608 3338 cogitantes
1640 3266 1805 3339 quod
1832 3266 2101 3321 dolorem
2131 3283 2201 3322 ac
2232 3283 2367 3338 praei

2492 3272 2581 3318 xui
2624 3272 2887 3337 γίγνονται
2945 3278 3037 3319 τοῦ
3091 3274 3343 3342 παρόντος
3397 3279 3582 3343 καιροῦ
3630 3278 3720 3324 καὶ
3776 3281 3868 3324 τοῦ
3933 3276 4109 3347 πράγ-

724 3368 955 3418 sentem
975 3366 1199 3417 statum
1228 3360 1480 3414 deceret.

2489 3374 2668 3426 ματος,
2711 3360 2801 3423 xui
2848 3364 2938 3407 τοῦ
2995 3363 3397 3429 χωρισμοῦκαὶ
3448 3366 3542 3419 τῆς
3598 3360 3955 3429 ὑποχωήσεως
4010 3372 4111 3415 τοῦ

2384 3448 2513 3516 πρὸς
2573 3441 2722 3496 οὐδὲν
2786 3445 2907 3495 αλλο
2960 3444 3253 3517 βλέποντες,
3308 3444 3447 3518 μηδὲ
3493 3453 3610 3521 περὶ
3660 3446 3883 3520 μηδενός
3922 3450 4105 3522 ἐτέρου

718 3454 1062 3522 ποθουμένου,
1157 3454 1247 3499 καὶ⁹
1324 3454 1415 3498 τοῦ
1495 3465 1551 3516 γε
1636 3444 1716 3496 ἐπ’
1802 3444 1957 3494 αὐτόν
2034 3446 2269 3515 πένθους,

717 3545 1017 3612 ποιούμενοι
1093 3541 1178 3589 τὸν
1253 3536 1404 3607 λόγον
1474 3540 1563 3585 καὶ
1627 3537 1716 3593 τὰς
1783 3536 2008 3605 στροφὰς
2063 3541 2161 3583 τῶν
2217 3542 2478 3606 λογισμῶν
2529 3537 2739 3604 ἔχοντες
2793 3538 2903 3585 οὔτι
2957 3554 3017 3604 γε
3082 3540 3442 3606 προσήκοντος
3493 3546 3566 3607 τῷ
3626 3540 3782 3590 πάθει
3845 3545 3936 3591 xui
3990 3549 4106 3603 τοῖς

716 3632 1015 3702 ὁρωμένοις.

785 3719 1027 3790 Absque
1058 3715 1244 3771 dubio
1268 3714 1462 3787 quivis
1486 3728 1625 3767 eum
1652 3710 1999 3781 laudat,qui
2024 3711 2367 3782 priusquam

2557 3711 2761 3783 Ἀμέλει
2829 3731 2910 3762 τοι
2977 3718 3066 3763 καὶ
3137 3720 3240 3775 πᾶς
3293 3733 3368 3773 τις
3414 3713 3642 3787 ἐπῄνησε
3696 3720 3781 3767 τόν
3832 3718 3970 3768 οὕτω
4032 3723 4107 3770 τὰ

713 3807 852 3862 finis
879 3806 1182 3873 adveniat,
1215 3804 1293 3858 ad
1325 3802 1468 3856 illud
1501 3800 1733 3872 aspicit,
1763 3804 1920 3854 recte
1952 3815 2091 3854 sane
2120 3815 2188 3854 ac
2224 3800 2374 3854 bene

711 3896 1066 3967 dispositus.
1104 3893 1307 3949 Laudo
1337 3897 1392 3946 et
1425 3907 1537 3960 ego
1560 3895 1616 3945 et
1661 3888 1796 3960 plus
1844 3904 2032 3960 quam
2087 3887 2209 3951 alii,
2262 3904 2374 3943 nec

710 3986 828 4042 alio
850 3984 1035 4041 modo
1071 3987 1345 4055 oportere
1368 3979 1545 4035 statui
1584 3979 1660 4033 de
1691 3978 1842 4033 meis
1899 3994 2007 4048 pro
2063 3977 2371 4033 voluntate

707 4074 1047 4146 disponere.
1075 4074 1141 4127 Et
1168 4072 1251 4125 sic
1282 4069 1558 4141 dispono.

2483 3800 2599 3850 καθ’
2660 3800 2860 3865 ἑαυτὸν,
2922 3806 3042 3875 πρὶν
3097 3807 3152 3853 τό
3201 3802 3344 3863 τέλος
3402 3802 3701 3875 ἀφικέσθαι,
3755 3810 3887 3879 πρός
3940 3816 4102 3859 τοῦτο

2482 3887 2745 3962 πόρρωθεν
2826 3887 3104 3956 ἀπιδόντα,
3174 3887 3227 3943 εὖ
3284 3912 3343 3962 γε
3396 3898 3485 3945 xui
3550 3894 3715 3954 καλῶς
3767 3891 4101 3967 διαθέμενον.

2484 3976 2732 4029 Ἐπαινῶν
2766 3975 2824 4030 δὲ
2846 3977 2992 4050 κάγω
3035 3984 3124 4030 καὶ
3171 3978 3319 4032 πλέον
3359 3988 3459 4031 τῶν
3526 3982 3709 4051 ἄλλων,
3764 3983 3870 4055 οὐχ
3923 3985 4103 4058 ἕτερον

2481 4066 2512 4124 ἢ
2544 4075 2721 4118 τοῦτον
2754 4063 2821 4125 δὴ
2856 4072 2941 4119 τόν
2964 4073 3152 4140 τρόπον
3206 4066 3314 4121 δεῖν
3371 4072 3526 4140 ἔγνων
3570 4074 3637 4123 τὰ
3691 4075 3825 4124 κατά
3877 4078 4103 4145 γνώμην

2479 4156 2563 4206 ἐπὶ
2586 4165 2695 4218 τοῖς
2718 4157 2859 4229 ἐμοῖς
2886 4158 3131 4209 ἐκθέσθαι
3165 4179 3176 4190 ·
3215 4164 3303 4210 καὶ
3338 4155 3662 4233 διεκτέθημι,

2553 4251 2653 4298 Καὶ
2678 4252 2850 4297 τοίνυν
2881 4255 3030 4299 τοῦτο
3056 4256 3256 4322 πρῶτον
3306 4250 3504 4310 πάντας
3561 4246 3753 4302 εἰδέναι
3809 4256 3899 4303 xui
3954 4255 4100 4305 πάνυ

2476 4354 2527 4385 τι
2568 4335 2730 4410 ὀρθῶς
2764 4332 2956 4388 εἰδέναι
3023 4336 3339 4408 βουλόμεθα,
3398 4341 3515 4399 τούς
3576 4359 3630 4390 τε
3685 4348 3773 4391 νῦν
3834 4347 4104 4413 παρόντας

2476 4433 2547 4495 τῷ
2589 4422 2913 4497 διατάγματι
2958 4432 3048 4478 xui
3096 4432 3212 4487 τοὺς
3267 4436 3339 4497 τῷ
3382 4434 3560 4499 χρόνῳ
3618 4429 3836 4501 ὕστερον
3876 4450 4101 4484 συνεσο-

2474 4534 2674 4585 μένους,
2734 4518 2798 4577 ὡς
2850 4512 3002 4568 οὐδὲν
3060 4519 3205 4589 ἡμεῖς
3253 4516 3306 4579 ἐξ
3350 4514 3587 4585 ἀδικίας,
3641 4521 3761 4571 ὅσον
3808 4518 3890 4572 ἐπὶ
3955 4528 4096 4592 μνή-

2473 4624 2573 4674 μης
2615 4608 2751 4673 ἣκει,
2829 4605 3033 4667 ἑαυτοῖς
3089 4609 3339 4679 σύνισμεν
3386 4610 3717 4680 πανταχόθεν
3777 4607 4098 4671 ἐξετάζουσι

2472 4699 2562 4744 xui
2604 4692 3012 4765 βασανίζουσιν,
3051 4695 3295 4767 οὐμενοῦν
3344 4696 3417 4758 εἰς
3466 4700 3778 4771 προσθήκην
3828 4704 3914 4749 έπι
3977 4707 4097 4761 τοῖς

3393 4785 3597 4847 πολλοῖς
3703 4786 3874 4851 οὖσιν,
3974 4787 4096 4838 οἱχ-

780 4252 959 4322 lgitur
1009 4249 1071 4305 id
1132 4250 1395 4321 primum
1437 4262 1649 4301 omnes
1693 4246 1841 4300 scire
1913 4262 1981 4301 ac
2019 4246 2174 4301 bene
2219 4245 2366 4300 scire
2405 4288 2446 4340 Β

703 4341 1012 4406 volumus,
1054 4345 1111 4394 et
1138 4339 1241 4410 qui
1282 4353 1441 4392 nunc
1478 4352 1613 4390 meo
1647 4340 2005 4390 testamento
2033 4335 2274 4399 adsunt,
2311 4340 2367 4389 et

700 4432 806 4505 qui
836 4431 1035 4485 futuro
1064 4428 1207 4483 illud
1230 4432 1498 4498 tempore
1522 4424 1738 4494 legent,
1788 4440 1899 4479 nos
1957 4423 2101 4478 nihil
2151 4440 2221 4479 ex
2274 4425 2364 4479 in-

697 4521 946 4593 justitia,
979 4524 1278 4591 quantum
1325 4516 1387 4570 in
1449 4514 1806 4570 memoriam
1864 4514 2037 4582 redit,
2091 4514 2364 4569 conscios

700 4628 833 4668 esse
858 4616 993 4683 post
1042 4614 1349 4665 maturum
1403 4620 1656 4660 examen
1714 4603 2130 4676 laboremque,
2185 4603 2363 4659 bonis

698 4702 923 4757 nostris
944 4698 1421 4768 addidisse,quae
1450 4694 1637 4749 multa
1663 4693 1931 4759 sunt,l)ei
1954 4693 2364 4749 misericordia

699 4807 770 4846 ac
798 4786 1402 4860 dono;frequentibus
1428 4800 1672 4856 quoque
1696 4783 1880 4853 hujus
1901 4782 2230 4847 beneﬁciis,
2257 4783 2361 4855 qui

696 4881 877 4937 nobis
910 4896 1048 4935 cum
1077 4879 1283 4933 divina
1315 4876 1625 4931 sanctitate
1656 4873 1931 4945 imperat.
1964 4876 2188 4944 Neque,
2222 4889 2361 4929 cum

694 4971 883 5044 ipsius
911 4966 1324 5025 misericordia
1362 4964 1694 5037 plurimum
1740 4977 1918 5035 posse
1965 4961 2076 5016 visi
2126 4978 2358 5031 sumus,

693 5076 876 5116 nemo
907 5063 996 5115 est
1029 5057 1194 5113 exiis
1217 5054 1322 5128 qui
1349 5059 1570 5109 nostrae
1611 5052 1887 5123 potestati
1922 5050 2172 5121 subjecti
2198 5058 2355 5124 sunt,

694 5150 798 5223 qui
826 5149 1119 5205 violentas
1141 5149 1247 5201 aut
1272 5142 1618 5215 tyrannicas
1650 5146 1754 5197 aut
1794 5139 2106 5209 aﬂigentes
2138 5156 2357 5195 manus

690 5245 928 5295 nostras
954 5240 1232 5307 expertus
1272 5232 1365 5298 sit,
1380 5228 1859 5299 ingemueritque
1900 5244 1936 5283 a
1975 5227 2150 5282 nobis
2184 5229 2357 5299 quid-

690 5344 878 5401 quam
903 5324 1047 5381 mali
1073 5336 1421 5396 perpessus.
1454 5321 1654 5389 Neque
1672 5322 2095 5372 extraneorum
2127 5316 2355 5387 cupidi-

690 5424 806 5476 tate
827 5432 898 5474 ac
918 5413 1250 5472 mutatione
1264 5411 1528 5466 minores
1548 5407 1661 5463 visi
1683 5423 1911 5463 sumus.
1930 5406 2068 5462 Ideo
2081 5405 2353 5462 nihilnos

2473 4790 2763 4855 προσοῦσιν
2880 4780 3266 4852 ἐσπουδακόσι,

2472 4879 2673 4944 τιρμοῖς
2705 4879 2838 4924 Θεοῦ
2864 4877 2953 4925 καὶ
2987 4878 3292 4945 χορηγίαις,
3327 4878 3403 4926 ἔτι
3426 4871 3485 4926 δὲ
3514 4879 3604 4926 καὶ
3665 4883 3885 4947 συχναῖς
3942 4896 4095 4928 τισιν

2471 4960 2724 5021 εῦποιίαις
2771 4969 2862 5013 τοῦ
2923 4962 3166 5034 θεοφιλῶς
3237 4964 3382 5035 ἡμῶν
3463 4969 3551 5016 καὶ
3613 4966 3777 5026 ὁσίως
3827 4974 4094 5037 κρατοῦν-

2469 5070 2557 5110 τος
2798 5048 2930 5103 Οὐδ’
2997 5050 3178 5111 ἐπειδὴ
3231 5059 3321 5105 καὶ
3399 5050 3729 5113 δεδυνῆσθαι
3802 5056 3889 5107 ὑπ’
3944 5056 4095 5128 αὐτῷ

2469 5138 2691 5191 ἐλεοῦντι
2755 5140 2995 5193 πλεῖστον
3071 5139 3342 5214 ἐδόξαμεν,
3395 5141 3595 5204 οὐδένες
3639 5153 3738 5196 τῶν
3796 5143 4092 5216 ἀνθρώπων

2468 5238 2563 5289 τῆς
2584 5231 2830 5304 ἡμετέρας
2860 5250 3046 5306 χειρας
3096 5237 3187 5284 καὶ
3227 5229 3515 5305 δύναμεως,
3574 5237 3692 5287 οὔτέ
3729 5237 3866 5295 τινὸς
3896 5232 4094 5305 βίαίας

2466 5322 2556 5370 καὶ
2608 5329 2918 5392 τυραννικῆς
2990 5321 3096 5372 οὔτ’
3164 5320 3509 5384 ἐκθλιϐούσης
3574 5320 3819 5395 οὐδαμῶς
3874 5322 4089 5395 ἐπειρά-

2470 5410 2656 5476 θησαν,
2687 5405 2803 5461 οὐδ’
2831 5408 3157 5474 ἐπεστέναξεν
3212 5408 3384 5472 οὐδεὶς
3436 5411 3516 5465 ἐπ’
3575 5410 3749 5465 οὐδενὶ
3805 5422 3909 5465 τῶν
3967 5412 4093 5465 ἑαυ-

779 5654 835 5721 1)
858 5653 939 5707 De
959 5638 1772 5721 conditionibushostiarum
1802 5638 1865 5693 in
1902 5642 2100 5694 vetere
2124 5636 2257 5708 lege
2288 5637 2408 5694 vid.
2443 5636 2624 5709 Levit,
2656 5654 2708 5695 c.
2737 5654 2873 5696 χχιι.

779 5654 835 5721 1)
858 5653 939 5707 De
959 5652 1408 5705 conditionibus
1437 5652 1545 5698 nos

756 5652 835 5796 i2)
871 5716 1277 5794 Imperatoris,
1301 5712 1545 5773 scilicet.
