4434 6452
279 438 408 489 1477
1687 433 1728 485 Τ
1740 432 2030 487 ESTAMEP

1884 432 2222 489 \MENTUM.
3501 443 3635 494 1478

274 577 384 614 τον.
431 565 604 617 κακῶς
657 559 726 616 ὡς
763 558 1028 616 πεπονθως
1081 557 1162 626 υῳ’
1216 559 1380 625 ἡμῶν.
1451 553 1590 606 υνδε
1637 574 1694 624 γε
1771 575 1867 602 των
1903 557 1945 606 Α
1981 554 2019 608 (ἰ

1903 557 1945 606 Α
1981 554 2198 610 debere
2222 559 2479 613 dicimus
2526 574 2718 627 neque
2759 559 3088 629 quidquam
3115 565 3216 614 aut
3250 560 3500 631 simplex
3536 568 3639 616 aut

274 646 550 717 ἀλλοτρίων
604 645 883 714 ἐπιθυμίας
972 641 1221 713 οὐδεμιας
1311 651 1398 694 καὶ
1482 649 1870 715 μεταποιήσεως
1980 658 2025 695 II

1980 646 2292 714 multiplex
2331 647 2578 700 reddere
2601 647 2775 700 nobis
2828 646 3137 703 incumbit.
3175 650 3637 719 utsyeophantis

276 735 462 794 ἥττους
491 734 761 803 ἐφάνημεν.
795 733 887 784 Δια
951 740 1100 783 τουτο
1160 740 1246 782 και
1298 733 1510 802 ογείλειν
1567 729 1716 782 οὐδέν
1778 751 1865 801 φα-
1980 745 2027 784 ἂι

1980 732 2189 786 accidit
2227 740 2281 786 et
2312 734 2382 788 iis
2409 735 2513 805 qui
2540 735 2829 789 violenter
2851 740 2906 786 ct
2937 735 3151 803 injuste
3185 734 3410 805 aliquid
3439 737 3636 791 abstu-

273 841 360 892 μεν
388 822 497 872 οὐθ’
539 823 730 872 ἁπλουν
770 825 886 872 οὔτε
941 821 1262 871 πολλαπλουν
1321 823 1400 888 (1)
1448 817 1755 874 ἀποδουναι,
1806 823 1869 877 ὼς
1979 817 2024 873 Ie

1979 817 2194 876 lerunt.
2223 822 2519 890 lnjustitia
2539 824 2697 877 enim
2723 823 2894 877 nobis
2913 822 3052 877 odio
3073 823 3206 894 plus
3236 840 3420 894 quam
3447 825 3639 896 quod-

273 916 756 979 συκοφαντήσαντες
794 911 821 966 ἡ
1072 914 1160 959 καὶ
1229 917 1466 979 πονηρῶς
1551 906 1866 978 ἀφελόμενοι,
1977 907 2024 962 li,

1977 907 2116 962 libet
2167 910 2293 977 fuit,
2320 917 2376 964 et
2392 911 2688 982 quidquid
2721 927 2789 966 ex
2819 928 2890 966 ea
2911 912 3114 972 oritur,
3158 913 3635 969 abominandum

275 1003 470 1060 ΙΙαντὸς
497 1002 598 1072 γαρ
627 999 815 1069 μᾶλλον
863 1003 922 1048 τό
976 995 1178 1048 ἀδικεῖν
1219 996 1412 1067 ἐχθρόν
1473 999 1597 1066 ἡμῖν
1642 1001 1694 1046 ἄν
1751 992 1870 1046 δια·
1979 1011 2026 1048 ῐιι

1979 997 2154 1049 nobis
2187 997 2314 1065 fuit,
2348 1006 2409 1053 ut
2444 1001 2743 1054 funestum
2774 1006 2828 1054 et
2859 999 3086 1054 hostile.
3123 1001 3248 1055 Imo
3279 1007 3333 1056 et
3357 1001 3484 1056 aliis
3501 1019 3639 1057 con-

272 1095 518 1160 ςκερόντως
557 1088 917 1158 iuni-Omna
973 1092 1073 1137 πᾶν
1124 1089 1182 1136 τὸ
1242 1086 1295 1147 ἐξ
1351 1085 1509 1136 αὐτον
1575 1083 1866 1153 ἐϐδελύχθη
1981 1083 2023 1137 Si

1981 1083 2112 1138 silia
2133 1086 2591 1159 dedimus,quos
2607 1088 2859 1144 decebat
2876 1105 2987 1142 nos
3016 1090 3388 1145 consulentes
3408 1092 3635 1158 audire;

273 1180 342 1236 ως
369 1175 622 1249 βλαϐερόν
647 1180 735 1226 καὶ
769 1175 1032 1245 πολέμιον.
1090 1181 1187 1226 Καὶ
1245 1179 1341 1244 μὴν
1389 1179 1478 1224 καὶ
1537 1181 1641 1232 τοῖς
1700 1172 1871 1231 ἄλλοις
1980 1179 2024 1226 ΘΙ

1980 1178 2038 1226 et
2083 1173 2423 1245 frequentes
2471 1193 2508 1232 a
2548 1177 2721 1232 nobis
2753 1178 2826 1232 de
2874 1177 2942 1231 iis
2990 1179 3288 1233 orationes
3319 1179 3637 1235 elaboratae

275 1261 613 1336 διεγενόμεθα
666 1263 1123 1334 συμϐουλεύοντες,
1188 1258 1277 1322 οὖς
1333 1267 1422 1312 καὶ
1468 1269 1731 1332 προσῆκον
1811 1257 1870 1316 ἦν
1986 1277 2026 1315 Si

1986 1262 2460 1324 sunt,hortantes
2502 1269 2566 1319 ut
2601 1265 2895 1334 justitiam
2927 1266 3384 1337 amplectantur,
3412 1268 3641 1337 injusti-

276 1355 420 1423 ἡμῶν
477 1351 930 1410 συμϐουλευόντων
987 1353 1192 1402 ακουιιν
1263 1371 1274 1383 ·
1327 1354 1415 1401 καὶ
1476 1355 1667 1419 συχνοί
1741 1368 1872 1408 τινες
1981 1350 2021 1404 ti

1263 1371 1274 1383 -
1327 1354 1415 1401 καὶ
1476 1355 1667 1419 συχνοί
1741 1368 1872 1408 τινες
1981 1350 2124 1405 tiam
2158 1367 2296 1407 vero
2325 1353 2680 1408 omnimodo
2715 1353 2961 1421 fugiant.

276 1441 359 1492 ἐπι
421 1444 616 1499 τουτοις
680 1444 802 1511 ημῖν
858 1440 1001 1508 λογοι
1063 1439 1470 1500 ἐξεπονηθησαν,
1533 1442 1878 1509 προσανέχειν
1953 1439 2044 1509 μέν
2113 1438 2189 1490 ἀεὶ
2257 1437 2637 1506 δικαιοσύναις,
2711 1446 2907 1513 φεύγειν
2969 1439 3019 1494 δ’
3079 1446 3133 1494 ἐκ
3182 1449 3367 1503 παντὸς
3446 1451 3637 1518 τρόπον

275 1537 370 1585 την
404 1526 642 1585 ἀδικίαν,

347 1623 438 1668 Δια
463 1637 616 1668 τουτο
638 1637 727 1667 και
768 1619 1140 1686 παραιτεῖσθαι
1171 1625 1256 1667 νυν
1285 1617 1377 1666 οὐκ
1409 1612 1512 1667 οἷδ’
1571 1616 1649 1665 ὃτι
1710 1611 1792 1665 δεῖ
1844 1615 1871 1670 ἡ
2057 1618 2098 1679 Q

2057 1618 2428 1689 Quapropter
2465 1635 2582 1674 non
2615 1620 2794 1675 credo
2835 1621 2977 1675 mihi
3025 1621 3471 1692 implorandam
3510 1639 3639 1678 esse

271 1725 362 1756 και
426 1711 543 1776 περί
604 1714 917 1776 συγγνωμης
974 1703 1202 1770 δεῖσθαι,
1238 1706 1566 1775 ἐγνωσμένων
1612 1701 1678 1760 δή
1729 1722 1877 1753 τινων
1986 1719 2022 1757 a

1986 1709 2088 1758 aut
2103 1705 2400 1762 orandam
2421 1709 2678 1776 veniam,
2693 1725 2833 1763 cum
2851 1709 3026 1763 nobis
3051 1715 3401 1766 succurrant
3421 1727 3556 1782 quae
3581 1711 3638 1766 in

273 1803 396 1866 ημῖν
423 1796 598 1858 όντων,
626 1815 725 1845 των
769 1814 828 1864 γε
876 1815 1000 1866 προς
1047 1794 1350 1865 ἀνθρώπους
1406 1813 1493 1844 και
1551 1795 1688 1844 κακὰ
1753 1794 1877 1862 ημῖν
1910 1827 1954 1880 Β
1986 1792 2024 1846 h

1910 1827 1954 1880 Β
1986 1792 2263 1849 homines
2284 1797 2386 1867 qui
2410 1797 2584 1852 malis
2602 1800 2949 1869 permagnis
2965 1814 3074 1852 nos
3085 1800 3426 1869 opprimere
3440 1800 3639 1855 volue-

273 1883 474 1954 μεγάλα
531 1881 741 1955 σφόδρα
810 1882 1158 1954 βουληθέντας
1209 1881 1373 1942 καλὼς
1449 1881 1874 1954 ἐξειργασμένων.
1985 1896 2024 1934 r1

1985 1883 2300 1947 runt,bene
2315 1885 2634 1952 egerimus.
2654 1886 2799 1941 Mihi
2813 1887 2971 1941 enim
2986 1886 3197 1941 accidit
3210 1893 3272 1941 ut
3286 1887 3447 1942 multi
3465 1888 3636 1943 valde

275 1971 464 2029 Συνέϐη
497 1976 599 2044 γαρ
661 1971 775 2043 ἐμοί
829 1975 974 2045 παρὰ
1020 1971 1216 2023 πολλων
1273 1991 1361 2022 και
1422 1980 1572 2022 τουτο
1627 1976 1758 2042 μέγα
1807 1967 1872 2026 δη
1985 1980 2026 2023 e‘

1985 1974 2041 2024 et
2073 1970 2396 2040 plurimum
2431 1975 2762 2038 nocuerint,
2836 1975 2968 2031 dira
3041 1975 3269 2030 invidia
3321 1975 3637 2037 sollicitati,

272 2083 362 2114 και
419 2068 667 2133 μέγιστον
734 2065 997 2134 ἐπηρείας,
1085 2063 1301 2133 χαλεπῴ
1394 2081 1496 2113 τινι
1583 2060 1876 2132 βληθέντων
1985 2074 2023 2113 n

1985 2074 2180 2128 neque
2213 2059 2334 2116 ulla
2362 2061 2477 2117 alia
2513 2063 2765 2118 rationis
2805 2064 3030 2135 aliquid
3073 2066 3418 2136 praeferente
3458 2081 3642 2122 causa

274 2153 468 2220 φθονῳ,
498 2151 548 2212 ἐξ
572 2149 819 2221 οὐδεμιᾶς
852 2149 901 2202 δ’
934 2151 1093 2210 ὧλης
1139 2147 1385 2222 οὐδαμῶς
1437 2149 1586 2221 λογον
1646 2150 1876 2220 ἐχούσης
1986 2148 2025 2202 it

1986 2147 2250 2218 impulsi.
2279 2151 2388 2205 Pro
2419 2151 2643 2222 quibus
2671 2158 2728 2207 et
2759 2159 2900 2208 tunc
2940 2152 3219 2208 dicebam
3278 2170 3292 2207 :
3350 2174 3377 2202 ‹‹
3438 2154 3526 2210 Sis
3572 2154 3642 2209 iis

271 2241 442 2299 αἰτίας
471 2246 814 2311 κεκινημένων
848 2262 860 2272 ·
895 2243 1021 2313 υπέρ
1054 2239 1122 2290 ὧν
1151 2261 1239 2291 και
1259 2242 1366 2292 τότ’
1425 2243 1568 2311 ἔφην,
1630 2262 1656 2288 ι(
1707 2240 1876 2299 Ἰλέως
1986 2251 2022 2290 n

1986 2236 2345 2301 misericors,
2381 2240 2650 2305 Domine,
2684 2264 2710 2290 ››
2739 2246 2793 2295 et
2847 2256 3006 2296 nunc
3058 2241 3194 2296 dico
3252 2259 3264 2307 ;
3323 2245 3640 2313 Nunquam

273 2329 454 2388 αὐτοῖς
497 2331 625 2395 εἴης,
662 2332 841 2399 Κύριε,
873 2351 900 2377 ”
956 2349 1043 2378 καί
1089 2339 1176 2379 νυν
1231 2326 1289 2380 δέ
1352 2349 1505 2399 φημί»
1576 2350 1595 2374 ⁸
1651 2348 1740 2378 καί
1784 2337 1880 2387 τῆς
1987 2324 2024 2378 il

1987 2324 2140 2379 iram
2182 2331 2348 2381 tuam
2390 2329 2794 2399 experiantur,
2836 2329 3165 2385 bonitatem
3205 2345 3347 2385 vero
3387 2330 3548 2386 illam
3589 2337 3644 2388 et

273 2416 430 2488 ὀργῆς
498 2426 592 2469 σου
651 2415 930 2489 μηδαμῶς,
998 2427 1090 2478 τῆς
1156 2415 1206 2468 δ’
1273 2416 1355 2468 ἔπι
1422 2423 1583 2468 πᾶσιν
1663 2419 1739 2477 οἷς
1823 2417 1877 2467 iv
1989 2431 2024 2468 n

1989 2414 2464 2471 misericordiam
2495 2419 2776 2486 sentiant,
2808 2435 2995 2490 quam
3026 2421 3087 2473 in
3119 2435 3330 2474 omnes
3360 2419 3458 2475 illa
3489 2420 3643 2476 indi-

273 2502 469 2558 δέοιντο
514 2513 884 2578 χρηστότητος
931 2514 1110 2578 πεῖραν
1157 2505 1357 2557 λάϐοιεν
1419 2527 1507 2557 και
1592 2506 1874 2578 οιλανθρω-
1990 2520 2024 2571 g

1990 2509 2195 2571 gentes
2226 2505 2504 2573 effundis,
2533 2523 2728 2578 neque
2756 2514 2984 2564 statuas
3032 2508 3144 2563 illis
3193 2513 3296 2564 aut
3353 2509 3488 2574 hoc,
3545 2515 3645 2564 aut

271 2601 417 2661 πίας,
450 2616 539 2646 και
603 2603 672 2666 μη
746 2601 968 2656 στησκις
1028 2596 1207 2655 αὐτοῖς
1274 2601 1403 2665 μήτε
1477 2599 1694 2662 ταύτην,
1760 2595 1877 2666 μηθ’
1990 2608 2022 2646 a

1990 2592 2172 2662 aliud,
2215 2595 2622 2667 quodcunque
2662 2597 2722 2651 in
2753 2597 3036 2652 cordibus
3066 2614 3276 2653 eorum
3313 2597 3644 2666 inoleverit,

275 2684 449 2755 ἑτέραν
508 2686 816 2755 ισχυσασαν
871 2684 918 2735 ἐν
972 2681 1220 2750 καρδίαις
1275 2686 1458 2749 αὑτων,
1516 2684 1793 2754 ἁμαρτίαν.
1851 2707 1878 2731 ››
1991 2687 2328 2752 peccatum.
2373 2707 2399 2732 »

345 2780 461 2832 Τοῖς
494 2773 774 2844 βασιλευσι
817 2770 1054 2843 δἠμων,
1088 2773 1131 2824 εί
1160 2793 1247 2824 και
1296 2778 1365 2844 μη
1419 2779 1518 2823 πᾶν
1581 2778 1699 2823 ὅσον
1755 2773 1882 2832 εἰκός
2069 2774 2096 2824 ll

2069 2771 2532 2840 lmperatoribus
2559 2788 2697 2827 vero
2736 2775 2972 2836 nostris,
3020 2775 3127 2830 etsi
3174 2791 3296 2830 non
3347 2779 3645 2846 quantum

286 2865 348 2918 ἦν
407 2883 495 2913 και
563 2867 688 2936 πρὸς
715 2867 873 2936 χρέος
915 2859 1120 2914 δίκαιον
1169 2864 1293 2920 ἧκον
1349 2863 1696 2935 ἀποχρώντως
1751 2861 1882 2914 r2170-
1988 2860 2037 2928 jl

1988 2860 2220 2928 justum
2255 2866 2380 2913 erat
2409 2876 2479 2914 ac
2521 2859 2818 2928 deditum,
2857 2861 3216 2916 sufficienter
3253 2863 3647 2917 reddidimus.

279 2948 587 3022 δεδωκαμεν
608 2948 761 3020 (οὐδὲ
789 2954 890 3023 γὰρ
925 2948 1139 3015 ἧν,οὖτ’
1185 2954 1294 3003 ἔστι
1353 2956 1478 3024 πρὸς
1535 2955 1624 3011 τὰς
1682 2953 1886 3024 εὖεργε-
1993 2978 2030 2986 -

1993 2978 2063 2986 -
2088 2949 2216 3001 Non
2249 2948 2407 3002 enim
2439 2947 2653 3004 licebat
2683 2965 2882 3013 neque
2909 2951 3041 3005 licet
3067 2950 3369 3006 beneﬁciis
3398 2955 3650 3022 (quanta

281 3045 398 3100 σίας
429 3040 605 3114 (ορατε
642 3037 690 3091 δ’
725 3041 887 3100 αὐτας
915 3042 1130 3103 ὁπόσαι,
1154 3061 1244 3091 και
1269 3044 1362 3100 τας
1388 3039 1672 3113 ὑπερϐολὰς
1733 3042 1885 3112 όροὶτε
1995 3051 2026 3090 e

1995 3036 2154 3090 enim
2193 3035 2312 3090 sint
2336 3043 2392 3090 et
2418 3042 2566 3107 quot
2596 3053 2850 3092 numero
2891 3039 3150 3107 videtis),
3193 3040 3374 3109 digne
3404 3056 3651 3112 respon-

274 3138 368 3180 τοῦ
400 3131 666 3200 μεγέθους)
695 3133 752 3180 τό
789 3132 961 3181 ἱκανόν
1019 3128 1318 3194 ἐκπλῆσαι),
1381 3129 1508 3180 αλλὰ
1564 3149 1624 3200 γε
1671 3133 1728 3181 τό
1786 3136 1885 3182 πᾶν
1918 3179 1956 3233 C
1999 3123 2025 3178 ό

1918 3179 1956 3233 C
1999 3123 2158 3179 dere.
2191 3125 2302 3180 Sed
2328 3131 2648 3196 quantum,
2680 3127 2967 3198 quodque
2996 3128 3321 3194 valuimus,
3345 3129 3406 3183 id
3425 3145 3498 3184 ex
3527 3134 3653 3187 tota

278 3221 472 3270 ὁπόσον
503 3220 608 3270 οἷόν
649 3237 702 3269 τε
733 3219 794 3275 ἦν
817 3218 868 3278 ἐς
919 3218 1160 3270 πλεῖστον
1218 3217 1270 3280 ἐξ
1323 3218 1444 3278 ὅλης
1508 3218 1717 3290 ψυχῆς,
1766 3219 1888 3279 ὅλης
1919 3214 1956 3233 υ
1997 3232 2029 3269 a

1919 3214 1956 3233 ν
1997 3214 2221 3279 anima,
2253 3220 2376 3269 toto
2405 3214 2586 3270 corde
2647 3231 2716 3270 ac
2774 3222 2974 3272 mente
3026 3217 3449 3283 reddidimus;
3505 3224 3561 3272 et
3605 3220 3652 3274 si

276 3327 370 3358 και
405 3304 632 3380 καρδίας
659 3327 748 3357 και
781 3303 1037 3370 διανοίας,
1073 3303 1394 3358 ἀποδέδωκα
1423 3327 1534 3378 μεν,
1580 3328 1669 3358 και
1718 3309 1761 3359 εἰ
1819 3313 1888 3378 μὴ
1997 3320 2027 3356 Ι]

1997 3303 2198 3356 minus
2228 3303 2394 3374 quod
2420 3303 2674 3371 dignum
2705 3310 2851 3371 erat,
2885 3310 3192 3360 assecutus
3224 3323 3379 3374 sum,
3416 3322 3540 3362 non
3570 3312 3652 3364 ta-

275 3404 368 3455 τῆς
428 3396 586 3457 αξίας
616 3395 972 3467 ἐφικνούμενον
1020 3397 1199 3465 (τουτο
1252 3399 1354 3468 γὰρ
1432 3400 1622 3457 παντὸς
1698 3397 1888 3467 μᾶλλον
1997 3407 2026 3445 Π

1997 3406 2137 3446 men
2167 3407 2304 3446 mea
2343 3391 2642 3448 voluntate
2680 3392 2892 3448 defeci.
2936 3394 2992 3449 Si
3030 3394 3179 3466 quid
3218 3399 3275 3450 et
3313 3396 3651 3466 profuimur

280 3481 565 3554 ἀδύνατον)
615 3484 746 3536 ἀλλὰ
801 3494 897 3546 τῆς
955 3487 1204 3556 ἡμετέρας
1263 3484 1355 3535 ουκ
1432 3483 1657 3536 ἐλλεῖπον
1733 3481 1888 3536 δυνά·
1998 3497 2029 3535 e

1998 3497 2070 3535 ex
2099 3486 2221 3537 toto
2251 3481 2465 3536 ardore
2497 3482 2751 3552 publicis
2778 3483 2956 3538 rebus
2985 3488 3042 3539 et
3070 3484 3148 3539 ad
3179 3484 3454 3540 omnium
3493 3486 3653 3542 utili-

281 3593 436 3644 μεως.
490 3574 553 3626 Εἰ
619 3571 679 3625 δὲ
730 3594 779 3624 τι
831 3593 921 3624 και
985 3579 1454 3644 σὐνεισηνέγκαμεν
1503 3573 1556 3624 ἐκ
1613 3582 1704 3635 τῆς
1757 3579 1888 3626 πάνυ
1997 3576 2032 3625 tt

1997 3576 2178 3625 tatem
2206 3571 2660 3641 pertinentibus,
2690 3572 3064 3644 sapientibus
3095 3573 3476 3645 imperatoris
3513 3590 3654 3630 con-

276 3666 475 3723 ταυτης
504 3665 796 3736 προθυμίας
823 3662 870 3723 ἐς
892 3666 956 3714 τὰ
1031 3671 1175 3721 κοινῆ
1232 3668 1483 3736 χρήσιμα
1537 3683 1628 3714 και
1682 3661 1889 3720 πανδη-
2000 3676 2027 3712 s

2000 3659 2144 3714 siliis
2171 3660 2596 3730 sententiisque
2646 3676 2767 3716 non
2817 3661 2996 3716 nimis
3041 3662 3256 3732 ignave
3311 3663 3652 3729 servientes,

279 3771 376 3823 μον
407 3757 502 3809 τὴν
547 3751 844 3803 λυστέλειαν
908 3752 1123 3822 ἔχοντα,
1160 3759 1297 3812 ,ταῖς
1347 3760 1534 3822 σοφαῖς
1595 3761 1686 3804 τοῦ
1735 3751 1891 3823 βασι-
1998 3761 2030 3800 Il

1998 3761 2119 3802 non
2145 3762 2350 3802 meum
2379 3754 2468 3802 est
2496 3747 2558 3802 id
2589 3747 2804 3814 dicere,
2840 3748 2946 3803 sed
2979 3749 3108 3820 ejus
3138 3750 3243 3822 qui
3303 3765 3418 3806 nos
3474 3751 3547 3807 ad
3596 3751 3657 3806 id

279 3841 403 3903 λέως
436 3841 903 3913 ἐξυπηρετουμενοι
951 3846 1022 3912 μὴ
1084 3841 1199 3892 λίαν
1255 3840 1476 3912 ἀγεννῶς
1536 3840 1748 3912 βουλαῖς
1804 3862 1893 3892 και
2000 3852 2030 3891 Π

2000 3837 2266 3891 muneris
2295 3835 2594 3907 ofﬁciique
2624 3838 3039 3907 assumpserit.
3075 3839 3139 3893 Id
3169 3844 3227 3893 et
3256 3838 3532 3909 relinquo
3563 3839 3661 3895 di-

279 3931 652 4003 μννέ›μαις,ουκ
692 3931 814 4002 ἐμὸν
868 3933 928 3982 ἄν
978 3935 1054 3988 εἴη
1115 3931 1298 4000 λέγειν,
1358 3939 1450 3982 του
1519 3927 1569 3982 δ’
1633 3934 1893 4003 ἐγκρίναν-
2001 3941 2030 3979 c

2001 3925 2260 3980 cendum
2288 3931 2344 3980 et
2364 3924 2817 3995 affirmandum,
2865 3926 3096 3983 veritati
3159 3928 3298 3999 ipsi,
3340 3945 3477 4000 quas
3529 3929 3665 4000 plus

279 4040 365 4080 τος
395 4020 467 4080 εἰς
497 4028 654 4071 τοῦτο
682 4025 870 4092 μοίρας
917 4040 1001 4070 και
1059 4017 1331 4082 διακονίας
1381 4022 1521 4092 ἡμᾶς
1592 4037 1603 4048 ·
1663 4025 1894 4094 παρίημι
2002 4031 2030 4086 q

2002 4031 2189 4086 quam
2220 4015 2525 4070 calumnia
2550 4023 2654 4070 aut
2682 4017 3082 4088 sycophantia
3109 4023 3214 4072 aut
3251 4017 3477 4074 invidia
3506 4018 3666 4076 valet

280 4130 369 4161 και
428 4109 556 4182 αὐτῇ
615 4118 676 4181 τῇ
737 4109 956 4181 ἀληθεία
1012 4109 1174 4181 λέγειν
1362 4129 1452 4160 και
1529 4115 1892 4182 παρισταυειν,
2003 4122 2031 4160 c

2003 4105 2342 4176 clariusque
2373 4104 2611 4171 clamat,
2640 4106 2865 4178 quippe
2902 4123 3039 4178 quae
3079 4108 3286 4163 omnia
3321 4108 3560 4174 robore,
3603 4115 3669 4165 ut

283 4195 538 4259 διαϐολῆς
589 4217 678 4249 και
730 4203 1079 4270 συκοφαντίας
1129 4219 1218 4249 και
1258 4200 1446 4269 φθόνον
1507 4203 1700 4260 παντὸς
1775 4218 1895 4269 γεν-
2003 4211 2034 4250 Ι]

2003 4195 2150 4250 mihi
2175 4194 2427 4260 videtur,
2460 4200 2699 4266 superet
2723 4197 2960 4252 veritas.
2996 4196 3078 4252 lta
3107 4202 3188 4267 ut,
3225 4197 3271 4251 si
3302 4198 3438 4269 quis
3491 4203 3549 4253 et
3606 4200 3665 4254 in

279 4291 549 4362 ναιοτὲραν
591 4292 686 4345 τὴν
749 4287 908 4358 ἰσχὺν
959 4287 1160 4359 ἐχούση
1195 4307 1281 4338 και
1315 4289 1408 4344 τὴν
1452 4292 1621 4358 φωνὴν
1703 4287 1897 4358 ὑψηλο-
2003 4299 2030 4339 Il

2003 4299 2115 4339 nos
2143 4283 2434 4348 viventes,
2463 4283 2599 4338 etin
2631 4299 2742 4339 nos
2791 4291 3062 4340 mortuos
3125 4285 3347 4341 frustra
3397 4303 3468 4342 ac
3537 4287 3665 4342 sine

279 4382 450 4450 τέραν,
486 4373 672 4434 ἐπειδὴ
717 4396 808 4428 και
859 4379 1064 4429 πάντων
1112 4376 1484 4450 ἰσχυρότερον,
1533 4376 1646 4448 ἐμοί
1701 4373 1892 4442 δοκεῖν,
2003 4389 2030 4427 e

2003 4373 2164 4428 exitu
2191 4371 2369 4427 vellet
2391 4372 2716 4444 insurgere,
2742 4373 2888 4428 nihil
2911 4373 3172 4445 amplius
3220 4374 3300 4429 illi
3349 4375 3468 4444 ﬁet,
3529 4392 3669 4431 cum

285 4468 316 4523 ἡ
351 4465 568 4522 ἀλήθεια
754 4487 766 4497 ·
823 4466 1046 4524 ὥστ’,δῖ
1087 4485 1166 4515 τις
1209 4485 1298 4515 και
1353 4465 1536 4526 ζῶσιν,
1591 4465 1631 4516 εί
1681 4485 1760 4519 τις
1805 4486 1896 4516 και
2003 4479 2032 4518 1'

2003 4478 2098 4518 res
2137 4462 2301 4533 ipsa),
2343 4466 2400 4516 et
2422 4477 2542 4516 una
2571 4463 2675 4532 qui
2699 4479 2800 4517 eas
2827 4462 3125 4534 profunde
3155 4463 3498 4533 intelligunt
3507 4465 3667 4534 judi-

284 4557 578 4624 τεθνεῶσιν,
645 4553 755 4611 εἰκῆ
811 4560 902 4606 καί
963 4557 1129 4624 μάτην
1177 4557 1302 4626 ημῖν
1357 4555 1659 4627 ἐπηρεάζειν
1715 4554 1891 4622 ἐθέλει,
2007 4569 2035 4607 c

2007 4557 2286 4623 eantque,
2356 4556 2563 4606 contra
2605 4551 2954 4607 reclament.
3017 4574 3046 4600 «
3091 4554 3302 4608 Μυεοω
3359 4553 3669 4625 putridum

285 4640 438 4696 οὐδὲν
495 4643 635 4695 αὐτὼ
693 4643 842 4695 πλέον
899 4647 1065 4702 ἔσται,
1128 4653 1228 4694 τῶν
1283 4647 1596 4716 πραγμάτων
1654 4643 1764 4710 ἅμα
1837 4641 1896 4696 δὲ
2004 4657 2034 4696 l‘

2004 4640 2268 4696 reddunt
2295 4639 2519 4706 oleum,
2557 4663 2577 4687 ι»
2611 4639 2754 4695 dicit
2785 4641 3047 4712 sapiens.
3078 4643 3143 4695 Et
3173 4641 3443 4713 pluchra,
3503 4642 3665 4698 volet

285 4753 377 4784 και
440 4741 538 4783 τῶν
603 4732 690 4783 ἐπί
741 4736 945 4794 τουτοις
997 4732 1198 4803 βαθέως
1256 4737 1526 4784 συνιέντων
1589 4752 1678 4783 και
1733 4734 1897 4805 ὀρθῶς
2006 4747 2036 4801 q

2006 4729 2256 4801 quidem
2276 4728 2524 4793 invidia,
2551 4743 2674 4783 non
2692 4729 2909 4799 poterit
2927 4744 3070 4784 vero
3095 4746 3480 4802 corrumpere
3502 4732 3667 4803 apud

288 4819 502 4874 εἰδότων
528 4825 736 4892 κρίνειν,
803 4820 1237 4873 ἀντεπιϐοώντων.
1305 4846 1329 4867 ιι
1400 4829 1564 4873 Maia:
1622 4829 1896 4890 σαπριον-
2009 4835 2039 4874 e

2009 4835 2111 4874 eos
2132 4818 2235 4887 qui
2260 4817 2487 4887 judicio
2516 4818 2782 4887 gaudent
2805 4824 2862 4874 et
2894 4819 3050 4888 juste
3107 4819 3310 4876 volent
3366 4821 3667 4893 inquirere

291 4932 376 4964 σιν
434 4911 624 4964 ἔλαιον.
683 4933 712 4960 ››
775 4915 932 4982 φησίν
973 4913 998 4962 6
1051 4912 1224 4984 εἰπὼν*
1259 4910 1357 4983 (4),
1416 4930 1508 4963 και
1561 4915 1625 4962 τα
1674 4910 1808 4962 καλα
1872 4912 1898 4961 6
2008 4924 2040 4965 e

683 4933 712 4960 υ
775 4915 932 4982 φησίν
973 4913 998 4962 6
1051 4912 1224 4984 εἰπὼν*
1259 4910 1357 4983 (4),
1416 4930 1508 4963 και
1561 4915 1625 4962 τα
1674 4910 1808 4962 καλα
1872 4912 1898 4961 6
2008 4915 2066 4965 et
2091 4908 2385 4979 judicare.

289 5003 470 5072 φθονος
494 4998 812 5071 βουλήσεται
837 5005 914 5069 (ὅ)
948 5005 1059 5071 μεν,
1112 5000 1172 5052 ου
1240 4997 1521 5057 δυνήσεται
1589 4997 1648 5052 δὲ
1712 5003 1858 5068 παρὰ
1918 5005 2023 5058 τοῖς
2096 5006 2213 5050 νοῦν
2279 5000 2472 5068 ἔχουσι
2543 5015 2634 5048 και
2703 4993 2921 5058 δικαίως
2981 4997 3233 5062 ἐξετάξειν
3298 5019 3390 5052 και
3456 4996 3670 5072 διαιτᾴν

290 5094 621 5164 αἱρουμένοις
633 5131 646 5144 .
1983 5158 1985 5160 η

364 5179 440 5230 Οὐ
497 5183 600 5250 μὴν
640 5177 771 5246 ἀλλ’,
824 5183 906 5230 ἵνα
953 5185 1023 5251 μη
1067 5184 1185 5252 περί
1246 5181 1432 5231 τούτου
1489 5178 1655 5230 πολλὰ
1736 5179 1900 5250 λέγειν
2079 5180 2115 5230 Α

2079 5180 2375 5243 Attamen,
2404 5189 2481 5230 ne
2501 5190 2662 5241 cum,
2698 5173 2774 5230 de
2794 5191 2865 5230 eo
2888 5175 3078 5232 multa
3097 5176 3294 5233 dicere
3325 5177 3652 5249 possimus,

292 5272 526 5340 ἔχοντες,
567 5287 658 5318 και
726 5271 896 5320 πάντα
951 5269 1176 5330 καθεξῆς
1214 5273 1522 5340 πειρώμενοι
1559 5267 1744 5338 λέγειν,
1796 5267 1900 5320 ἐτέ-
2009 5283 2043 5320 S‘

2009 5267 2056 5322 si
2079 5264 2315 5335 singula
2338 5263 2536 5320 dicere
2575 5269 2958 5333 tentaremus,
3021 5266 3206 5323 aliam
3261 5268 3423 5324 viam
3478 5283 3668 5340 quam

368 5395 441 5463 (1)
464 5393 670 5447 Vetere
699 5393 827 5468 lege
859 5395 1156 5468 sancitum
1188 5399 1315 5447 erat
1345 5398 1423 5459 ut,
1457 5409 1566 5463 pro
1624 5399 1899 5464 surrepto
2011 5392 2119 5468 E11;

2011 5392 2234 5465 ἰσχυρὸν
2276 5389 2412 5442 ἐστιν
2480 5387 2718 5451 ἀλήθεια,
2774 5391 2909 5443 ὥστε
2945 5393 3147 5444 πάντων
3200 5390 3494 5468 ἐπικρατεῖν
3562 5402 3661 5445 τῶν

294 5461 450 5522 bove
464 5461 892 5536 uno,quinque
906 5464 1314 5529 redderentur,
1333 5461 1750 5536 quatuoroves
1788 5461 1898 5536 pro
2007 5463 2045 5515 ἀ·

915 5464 1314 5529 redderentur,
1333 5461 1750 5536 quatuoroves
1788 5461 1898 5536 pro
2007 5461 2341 5536 ἀνθρωπίνων
2380 5461 2666 5532 λογισμῶν.

297 5553 440 5594 una.
462 5533 810 5591 Exodequ
837 5541 858 5590 1
1352 5533 1373 5536 “
1789 5533 1806 5536 “

837 5541 858 5590 1
1352 5533 1373 5536 “
1789 5533 1806 5536 “
2073 5533 2152 5603 (4)
2182 5533 2399 5590 Eccles.
2431 5550 2490 5599 x,
2529 5539 2572 5587 l.

395 5613 449 5666 2)
477 5615 566 5682 At}
598 5607 816 5682 excidit
843 5615 996 5659 τοῦτο
1019 5613 1046 5662 ?
1190 5678 1227 5682 __
1395 5678 1413 5682 _
1458 5679 1468 5682 _
1557 5680 1580 5682 A
1707 5678 1722 5682 _
1796 5678 1829 5682 __
1856 5679 1892 5682 __
2035 5681 2038 5682 ν
2075 5610 2146 5682 (5)

2035 5681 2038 5682 ν
2075 5610 2273 5682 (5)-ᾼη
2307 5603 2704 5682 repetendum
2745 5605 3018 5682 σαπρίςειν
3044 5607 3250 5664 animo
3278 5608 3307 5663 ‘?
3360 5608 3460 5682 vix
3500 5613 3669 5682 puto.

397 5682 452 5753 3)
520 5678 743 5753 Veritas
806 5684 1115 5753 παγκρατὴς
1170 5678 1352 5753 dicta_
1387 5678 1499 5753 fuit
1555 5678 1896 5753 Bacchylidi
2003 5675 2148 5753 Exci'

2003 5675 2577 5753 Excidisseverbum
2603 5675 2887 5746 videtur;
2927 5675 3216 5752 ἀμαυροῦν,
3263 5679 3433 5737 verbi
3461 5675 3667 5748 causa,

304 5748 470 5809 StOb.
496 5750 584 5818 tit,
610 5755 667 5805 7.
713 5748 1020 5808 Esch'in'es
1070 5756 1272 5809 orator
1316 5750 1464 5807 ibid.
1523 5754 1588 5806 16
1645 5769 1657 5809 :
1720 5748 1898 5812 Οὕτως
2006 5750 2204 5808 simile
2236 5748 2424 5808 aliud.
