4434 6452
822 398 960 455 1479

2172 383 2542 445 NICEPHORI
2568 380 2832 440 CHUMNI

4044 400 4183 455 1480

820 520 1192 594 propositam
1218 532 1625 591 sequeremur,
1659 516 1787 574 haac
1808 530 2027 573 censeo
2055 512 2203 571 mihi
2224 509 2472 569 omnino
2505 515 2549 566 Α

2430 523 2472 565 ,ο
2505 515 2549 566 Α
2585 525 2679 594 ραν
2732 518 2823 569 τῆς
2880 516 3220 584 προκειμένης
3272 516 3445 586 εἴημεν
3508 519 3803 588 τραπέντες,
3856 526 4025 573 ταῦτα
4087 525 4181 593 μὲν

821 610 1153 667 omittenda
1174 625 1244 665 ac
1269 610 1387 664 Deo
1401 607 1877 680 conﬁdendaqui
1887 606 2093 663 omnia
2108 603 2335 659 novitet
2349 614 2473 655 ma-

821 699 1040 755 nifesta
1072 703 1128 755 et
1159 698 1441 768 obscura,
1480 701 1806 753 etmanum
1827 694 2057 751 veritati
2098 691 2346 767 porrigit
2374 703 2473 743 ne-

819 804 937 860 que
965 787 1103 843 sinit
1132 802 1269 844 eam
1301 801 1745 858 aquocumque
1794 784 1951 840 vinci
1982 788 2083 841 aut
2113 776 2473 837 conculcari.

819 875 1133 949 Reliquum
1167 879 1256 933 est
1279 880 1343 933 ut
1363 875 1439 934 ad
1458 875 1835 948 propositum
1856 874 2100 930 redeam
2119 870 2303 943 idque
2335 880 2473 923 con-

817 964 1041 1023 ﬁciam.

890 1142 1248 1201 Volebamus
1260 1143 1437 1215 igitur
1448 1142 1611 1201 bona
1622 1146 1828 1199 nostra
1844 1141 2161 1214 disponere
2177 1140 2473 1195 nostram-

818 1247 937 1306 que
962 1233 1037 1289 de
1063 1233 1134 1288 iis
1158 1232 1523 1289 voluntatem
1550 1231 1898 1288 statuere.ld
1920 1226 2469 1303 igiturperﬁcimus,

818 1323 1198 1395 propositum
1221 1327 1500 1378 nostrum
1534 1321 1953 1394 adimplentes.

901 1501 967 1556 Et
998 1514 1069 1556 ea
1098 1502 1410 1555 estnostra
1432 1498 1734 1568 voluntas,
1765 1501 1830 1553 ut
1849 1511 2028 1569 super
2070 1493 2353 1550 omnibus
2372 1490 2476 1547 bo-

817 1587 909 1643 nis
940 1587 1184 1654 nostris,
1228 1589 1364 1643 vitae
1395 1592 1615 1643 nostrae
1656 1587 1821 1643 socia
1850 1591 1906 1642 et
1935 1599 2136 1641 comes
2163 1582 2241 1639 ad
2292 1581 2475 1651 hujus

818 1676 952 1731 vitae
982 1676 1323 1732 felicitatem
1372 1676 1449 1732 ab
1505 1676 1637 1748 ipso
1716 1677 1834 1731 Deo
1897 1672 2190 1731 conformi
2236 1684 2477 1726 mecum

816 1765 1024 1821 anima
1053 1770 1286 1837 parata,
1316 1765 1734 1833 constituatur,
1761 1769 1817 1819 et
1846 1768 1912 1818 ut
1937 1766 2073 1818 ante
2105 1760 2222 1816 alia
2259 1759 2475 1815 anima:

2586 592 2725 648 δοκὼ
2755 618 2845 671 μοι
2872 600 3122 662 παντελὼς
3152 610 3427 675 παρήσειν,
3478 610 3566 658 καὶ
3630 627 3689 677 γε
3744 617 3816 678 τῷ
3884 620 3995 680 Θεῷ
4062 592 4185 684 θαρ-

2581 686 2745 760 ρῆσαι
2812 690 2960 742 πάντ’
3026 688 3187 744 εἰδότι
3256 699 3346 745 καὶ
3393 699 3584 767 φανέρα
3626 704 3714 749 καὶ
3818 697 4006 769 ἀφανῆ,
4087 707 4183 752 καὶ

2579 784 2740 850 χεῖρα
2808 779 3038 852 όρέγοντι
3086 789 3146 853 τῇ
3210 780 3425 856 ἀληθείᾳ
3476 789 3566 835 καὶ
3640 783 3806 857 μηδὲν
3859 791 4015 839 ταύτν
4090 789 4183 841 ὑπ’

2582 861 2793 928 ούὸενὸς
2818 874 2951 939 μήτε
3003 872 3309 942 κρατεῖσθαι
3371 878 3503 944 μήτε
3559 878 3973 929 καταπατείσθαι
4041 896 4183 948 συγ-

2581 963 2844 1027 χωρούντι
2886 976 2899 989 ·
2942 956 3119 1009 λοιπὸν
3165 955 3215 1012 δ’
3282 959 3342 1012 ἆν
3409 960 3485 1020 εἱη
3538 966 3667 1037 πρὸς
3723 968 3782 1016 τό
3847 970 4180 1040 προκείμενον

2580 1040 2839 1097 ἐπανιέναι
2864 1051 2953 1099 καὶ
2979 1049 3044 1099 τὰ
3066 1057 3157 1108 τῆς
3182 1051 3473 1123 προθέσεως
3505 1059 3890 1126 συμπεραίνειν,

2654 1138 2847 1197 Σκοπὸς
2873 1142 2997 1207 γοῦν
3020 1137 3080 1194 ἦν
3135 1139 3260 1209 ἡμῖν
3325 1144 3438 1214 περὶ
3503 1150 3601 1193 τῶν
3656 1145 3995 1217 ὑπαρχόντων
4050 1142 4183 1198 δια-

2585 1222 2767 1275 θέσθαι
2815 1228 2903 1277 καὶ
2959 1229 3052 1283 τὴν
3098 1224 3145 1277 ἐν
3193 1230 3393 1289 τούτοις
3446 1232 3695 1303 ἡμετέραν
3750 1240 3960 1305 γνωμην
4019 1231 4185 1291 εὔδη-

2582 1310 2666 1362 λον
2701 1313 2881 1368 θεῖναι.
2923 1318 3101 1366 Τοίνυν
3143 1321 3232 1368 καὶ
3258 1324 3672 1392 συμπεραίνομεν
3730 1317 3861 1387 ἠδη,
3917 1326 4001 1375 τόν
4058 1342 4186 1376 σκο-

2581 1403 2677 1452 πόν
2710 1400 3014 1473 πληροῦντες
3039 1404 3115 1476 (1)

2658 1494 2758 1541 Καὶ
2791 1488 3089 1561 βουλήσεως
3120 1497 3279 1555 οὕτως
3314 1496 3521 1568 ἔχομεν,
3565 1495 3650 1551 ἰπὶ
3705 1505 3840 1552 πᾶσι
3892 1507 4005 1563 τοῖς
4062 1498 4190 1553 οὖσι

2586 1580 2679 1634 τὴν
2701 1586 2793 1629 του
2826 1577 2948 1651 βίου
3008 1588 3268 1635 κοινωνόν.
3308 1582 3385 1634 ἐπ’
3444 1581 3751 1658 εύδαιμονιᾳ
3810 1591 3995 1641 τούτου
4054 1594 4191 1663 πρός

2584 1666 2888 1740 ὁμοψυχίαν
2954 1668 3008 1721 ἐκ
3056 1676 3182 1724 Θεοῦ
3263 1679 3684 1749 συνηρμσμένην,
3775 1682 3957 1749 κυρίαν
4036 1682 4192 1731 καθε-

2588 1756 2794 1821 στάναι,
2849 1760 2938 1809 καὶ
2992 1776 3051 1828 γε
3103 1762 3204 1831 πρό
3260 1768 3359 1811 τῶν
3418 1761 3578 1813 ἀλλων
3635 1770 3727 1823 τῆς
3780 1762 3906 1835 ἐμῆς
3995 1764 4190 1836 ψυχῆς

814 1870 967 1912 meae
998 1871 1204 1911 curam
1231 1855 1471 1924 habeat,
1502 1853 1798 1927 quidquid
1823 1852 2184 1909 conveniens
2224 1852 2333 1921 est,
2366 1863 2477 1921 pro
2508 1846 2551 1898 Β

2441 1846 2551 1905 οΒ
2589 1840 2843 1917 φροντίδα
2917 1849 3259 1913 πεποιῆσθαι,
3334 1856 3434 1901 πᾶν
3500 1852 3593 1903 ὃσο
3672 1857 3970 1925 γιγνόμενόν
4043 1854 4188 1906 ἐστιν

816 1960 889 2001 ea
912 1949 1180 2001 statuens
1200 1960 1395 2016 neque
1426 1942 1827 1999 sollicitudine
1857 1958 1993 2014 quae
2043 1940 2155 2012 ipsi
2203 1938 2473 2003 debetur,

812 2032 1076 2090 inferior.
1112 2036 1178 2089 Et
1196 2049 1340 2088 sane
1367 2033 1585 2088 animae
1607 2048 1755 2087 meae
1784 2032 2048 2087 studium
2086 2025 2477 2085 habentilice-

812 2121 901 2181 bit
927 2122 1178 2181 omnino
1201 2122 1495 2197 quidquid
1513 2121 1630 2196 ipsi
1655 2120 1952 2179 videbitur
1993 2136 2066 2178 ex
2102 2117 2254 2176 meis
2302 2115 2481 2175 bonis

813 2213 1181 2285 impendere,
1199 2230 1395 2285 neque
1418 2214 1600 2268 ullam
1624 2214 1917 2268 rationem
1935 2212 2008 2267 de
2030 2209 2322 2282 impensis
2343 2208 2476 2262 red-

814 2303 976 2359 dere.
1018 2303 1303 2360 autdeiis
1329 2319 1467 2376 quae
1511 2303 1712 2372 egerit.
1770 2305 1837 2357 Et
1881 2301 2017 2357 ﬁliis
2064 2299 2470 2356 haereditatem

814 2394 1123 2467 praestabit
1152 2399 1209 2450 et
1230 2394 1359 2449 aliis
1381 2409 1597 2463 genere
1622 2393 1995 2466 propinquis.
2023 2394 2090 2448 Et
2106 2391 2289 2447 servis
2319 2390 2472 2447 bene

814 2484 1006 2550 faciet,
1041 2488 1097 2539 et
1131 2484 1246 2539 alia
1268 2484 1473 2540 omnia
1498 2500 1608 2556 pro
1634 2489 1925 2556 potestate
1942 2483 2137 2549 faciet,
2170 2487 2235 2537 ut
2290 2497 2326 2537 a
2367 2498 2473 2540 no-

812 2573 907 2629 bis
928 2573 1191 2646 plurima
1220 2588 1431 2630 eorum
1470 2572 1762 2638 dicentur,
1803 2578 1862 2629 et
1908 2572 2070 2629 dictu
2117 2572 2315 2644 magis
2372 2587 2474 2629 ne-

813 2664 1079 2720 cessaria
1109 2678 1215 2736 per
1241 2667 1437 2735 partes
1454 2667 1850 2735 exponentur.

884 2938 1060 2990 Porro
1082 2930 1231 2987 mihi
1258 2930 1342 2987 sic
1362 2930 1583 2987 volenti
1609 2946 1680 2988 ac
1708 2930 2049 3004 disponenti
2079 2929 2245 2988 nulla
2272 2929 2471 2988 obstat

810 3022 907 3079 lex
939 3025 1045 3077 aut
1074 3020 1426 3090 refragatur,
1457 3036 1652 3093 neque
1677 3019 2029 3076 contradicit
2062 3038 2074 3089 ;
2099 3020 2204 3076 sed
2232 3036 2466 3088 omnes,

811 3114 878 3167 ut
898 3111 981 3167 ita
1008 3110 1232 3178 dicam,
1257 3114 1386 3165 tum
1412 3108 1652 3179 divinae,
1677 3114 1803 3165 tum
1824 3109 2109 3165 humana:
2128 3109 2290 3179 leges
2311 3108 2389 3165 ad
2405 3108 2467 3164 id

2585 1932 2711 2006 ὑπὲρ
2780 1934 2945 1997 αύτῆς
3008 1936 3245 2008 θεοφιλῶς
3317 1941 3673 2012 πράττουσαν,
3751 1947 3840 1994 καὶ
3911 1952 4000 2003 τῆς
4066 1949 4188 2017 περὶ

2586 2027 2781 2083 ταύτην
2855 2024 3140 2099 ἐπιμελείας
3206 2028 3300 2081 ούκ
3382 2028 3823 2103 ἀπαλλατομένην,
3907 2039 4006 2086 Καὶ
4079 2039 4187 2107 μὴν

2590 2113 2639 2166 ἐν
2666 2119 2831 2187 τούτῳ
2861 2120 2955 2174 την
2989 2114 3227 2176 σπουδὴν
3255 2122 3455 2193 ἐχούσῃ
3500 2120 3703 2183 ἐξέσται
3754 2125 3917 2194 ταύτῃ
3979 2127 4191 2186 πάντως

2584 2209 2673 2257 καὶ
2738 2209 2794 2257 τό
2850 2202 3039 2258 δοκοῦν
3104 2210 3313 2279 σύμπαν
3359 2207 3413 2260 ἐκ
3459 2218 3556 2261 τῶν
3605 2214 3925 2283 πραγμάτων
3983 2211 4191 2264 ἀναλῶ-

2588 2314 2697 2361 σαι,
2736 2291 2875 2367 μηδὲ
2928 2315 3029 2348 τινι
3084 2305 3183 2349 τῶν
3252 2296 3488 2350 ἁπάντων
3536 2295 3799 2372 μηδαμῶς
3848 2300 3998 2371 λόγον
4067 2304 4193 2354 ὑπέ-

2583 2387 2785 2457 χούση,
2823 2390 2954 2457 μήτε
2994 2394 3092 2447 τῆς
3148 2382 3408 2458 δαπάνης,
3463 2394 3595 2460 μήτε
3647 2398 3746 2442 τὼν
3799 2395 4191 2464 πραττομένων.

2587 2480 2687 2527 Καὶ
2722 2481 2876 2529 παισὶ
2909 2476 3134 2551 κλήρους
3162 2483 3464 2553 χορηγήσει
3501 2484 3591 2531 καὶ
3642 2487 3750 2542 τοῖς
3802 2486 4034 2552 γνησίως
4101 2483 4193 2533 0E).-

2581 2564 2682 2627 λως
2702 2568 2894 2637 ἔχουσι
2933 2569 3063 2639 πρός
3092 2571 3256 2637 γένος.
3295 2572 3394 2619 Καὶ
3432 2567 3635 2631 οἰκέτας
3666 2570 3720 2621 εὖ
3785 2576 4018 2628 ποιήσει.
4089 2576 4196 2624 Καὶ

2581 2654 2742 2706 τᾶλλα
2799 2657 2970 2708 πάντα
3017 2656 3203 2730 πράξει
3261 2656 3373 2708 κατ’
3433 2658 3692 2728 ἐξουσιαν,
3748 2661 3818 2721 ὡς
3896 2665 3986 2711 καὶ
4061 2662 4194 2731 ἡμῖν

2582 2742 2847 2815 εἰρήσεται
2912 2747 2979 2797 τὰ
3043 2744 3202 2796 πλείω
3264 2748 3459 2798 τούτων
3499 2752 3589 2799 καὶ
3661 2746 3852 2819 μᾶλλον
3926 2746 4194 2820 ἀναγκαῖα

2580 2830 2832 2904 λεχθῆναι
2865 2836 3000 2886 κατὰ
3024 2838 3179 2908 μέρος
3216 2833 3501 2891 ἐκτεθέντα.

2652 2924 2811 2995 Ἀτάρ
2854 2922 2968 2995 ἐμοὶ
3008 2924 3143 2976 ούτω
3193 2922 3577 2998 βεϐουλημένῳ,
3632 2925 3743 2998 ἅμα
3796 2923 3854 2979 δε
3920 2931 4010 2980 καὶ
4067 2922 4193 2980 δια-

2578 3014 2847 3086 τιθεμένῳ,
2889 3011 3215 3071 ἀντιτίθησιν
3266 3010 3435 3075 οὐδεὶς
3484 3017 3688 3077 πάντως
3744 3012 3857 3068 οὐδ’
3910 3015 4191 3087 ἁντεπάγει

2580 3112 2681 3154 τῶν
2712 3106 2903 3175 νόμων,
2930 3102 3177 3176 ούμενούν
3215 3100 3331 3155 οὐδ’
3365 3103 3617 3176 ἀντιλέγει
3676 3125 3689 3138 ο
3740 3104 3869 3157 ἀλλὰ
3896 3111 3987 3157 καὶ
4028 3108 4188 3175 θεῖος,

812 3199 995 3255 simul
1018 3199 1233 3265 ferunt,
1264 3198 1410 3254 mihi
1436 3214 1654 3270 nempe
1684 3203 1749 3255 ut
1774 3197 1949 3254 liceat
1986 3198 2061 3254 de
2098 3199 2248 3255 meis
2274 3198 2467 3254 facere
2503 3204 2542 3261 C

2437 3213 2467 3253 e
2503 3204 2542 3261 α
2579 3196 2642 3254 ὡς
2670 3193 2846 3258 εἰπεῖν,
2894 3192 3027 3253 ἄπας
3094 3195 3285 3265 θεσμὸς
3335 3199 3424 3247 καὶ
3480 3195 3802 3267 ἀνθρωπινος
3856 3199 3982 3268 πρός
4041 3198 4188 3250 τοῦθ’

809 3286 1107 3361 quidquid
1129 3286 1284 3342 volo.
1310 3289 1393 3342 Ac
1415 3286 1593 3341 simul
1615 3286 1760 3359 quid
1772 3287 1991 3358 justius
2013 3292 2382 3359 esset,quam
2404 3293 2472 3344 ut

810 3393 882 3433 ea
905 3392 1043 3448 quae
1064 3376 1270 3432 omnia
1285 3390 1419 3447 quae
1442 3381 1679 3443 egomet
1701 3376 1849 3447 ipse,
1878 3376 2213 3448 participat,
2244 3393 2341 3433 me
2372 3377 2470 3434 de-

808 3466 1035 3532 functo,
1081 3480 1264 3537 super
1302 3465 1374 3521 iis
1404 3464 1580 3521 bonis
1617 3465 2033 3535 constituatur,
2073 3467 2299 3540 quippe
2333 3483 2470 3540 quae

808 3554 957 3611 nihil
984 3555 1187 3610 minus
1225 3570 1410 3627 quam
1442 3554 1590 3626 ipse,
1612 3554 1691 3610 ad
1722 3570 1793 3611 ea
1822 3570 2073 3626 operam
2107 3556 2472 3613 contulerit?

810 3644 1067 3715 Contigit
1089 3644 1250 3701 enim
1280 3644 1479 3710 nobis,
1514 3649 1568 3699 et
1599 3645 1821 3700 mirum
1855 3645 1915 3700 in
1946 3646 2197 3702 modum
2228 3647 2472 3717 contigit

809 3734 1058 3791 domum
1107 3734 1430 3804 adaugere,
1485 3749 1608 3789 non
1648 3734 1834 3790 modo
1878 3734 2161 3792 metendo
2194 3736 2301 3791 ubi
2348 3752 2470 3792 non

804 3824 1342 3895 seminaveramus,
1358 3829 1416 3881 et
1439 3824 1778 3893 colligendo
1792 3825 1953 3881 unde
1966 3824 2369 3897 disperseram
2378 3843 2468 3896 us,

804 3919 861 3971 et
891 3913 1375 3971 benedictionem
1407 3928 1531 3969 non
1564 3913 1750 3970 modo
1781 3913 1860 3970 ab
1917 3914 2346 3971 accedentibus
2376 3931 2470 3972 ac-

804 4003 1104 4076 cipiendo,
1139 4003 1245 4059 sed
1274 4006 1331 4059 et
1360 4002 1439 4058 ab
1464 4002 1535 4057 iis
1562 4002 1668 4074 qui
1688 4009 2032 4059 nostrorum
2055 4005 2277 4060 conscii
2299 4009 2471 4061 erant

803 4096 861 4149 et
897 4092 1073 4149 nobis
1098 4107 1457 4165 prosperum
1480 4107 1827 4148 successum
1855 4098 1913 4149 et
1933 4092 2050 4149 alia
2072 4093 2237 4150 bona
2260 4109 2466 4166 preca-

799 4183 1025 4240 bantur
1049 4203 1062 4251 ;
1089 4186 1244 4255 (quae
1262 4182 1392 4239 sola
1405 4181 1557 4239 ratio
1579 4198 1759 4252 agros
1772 4182 1919 4239 solet
1942 4183 2195 4255 pingues
2216 4184 2465 4242 reddere

801 4278 858 4330 et
877 4273 1104 4329 fructus
1130 4272 1481 4345 producere,
1516 4276 1575 4327 et
1613 4272 1828 4327 uberes
1874 4272 2098 4328 reditus
2157 4277 2214 4328 et
2267 4273 2466 4329 abun-

800 4364 1072 4421 dantiam
1100 4361 1486 4427 aiferre;dum
1510 4362 1817 4419 contraria
1835 4362 1989 4418 ratio
2016 4362 2189 4417 valde
2210 4378 2281 4418 ac
2306 4364 2465 4433 juste

800 4452 1059 4522 abradit,
1092 4456 1150 4509 et
1179 4468 1376 4525 neque
1406 4468 1684 4520 manum,
1716 4467 1914 4524 neque
1937 4452 2136 4508 sinum
2176 4452 2466 4526 adimplet

2579 3282 2708 3353 ὁμοῦ
2777 3286 3045 3355 φέρουσιν,
3107 3280 3301 3345 ἐξεῖκαί
3348 3303 3440 3355 μοι
3502 3291 3666 3336 ποιεῖν
3727 3282 3811 3336 ἐπὶ
3868 3292 3977 3345 τοῖς
4044 3284 4193 3357 ἐμοῖς

2578 3377 2679 3424 πᾶν
2712 3372 2832 3423 ὅσον
2858 3370 3137 3444 βούλομαι.
3166 3370 3308 3445 Ἅμα
3357 3370 3418 3426 δε
3465 3378 3554 3425 καὶ
3608 3369 3815 3425 δίκαιον
3863 3379 3916 3426 τί
3963 3374 4026 3426 ἂν
4094 3381 4192 3446 γέ-

2578 3480 2716 3514 νοιτο
2776 3464 2964 3513 τούτου
3007 3480 3066 3533 γε
3118 3461 3329 3533 μᾶλλον,
3374 3463 3403 3521 ἦ
3474 3466 3568 3521 τὴν
3619 3466 3823 3515 πάντων
3904 3466 3971 3515 ὧν
4031 3465 4192 3527 αὐτὸς

2580 3555 2787 3624 μέτέχω
2844 3555 2931 3604 καὶ
2976 3554 3171 3609 ταύτην
3223 3552 3276 3615 ἐξ
3321 3553 3438 3604 ἰσου
3518 3557 3853 3624 μετέχουσιν,

2580 3637 2745 3713 μηδὲν
2811 3641 2965 3699 ἧττον
3020 3640 3191 3692 αἰτίαν
3244 3640 3584 3713 γεγενημένην
3633 3639 3762 3714 μηδ’
3831 3642 4040 3694 ἔλαττον
4122 3647 4195 3706 εἰς

2579 3737 2745 3783 ταῦτα
2775 3728 3190 3802 συμϐαλομένην,
3224 3728 3300 3781 ἐπ’
3334 3729 3512 3792 αὐτοῖς
3571 3733 3796 3797 τούτοις,
3852 3732 3979 3803 ἐμοῦ
4038 3733 4197 3795 ὑπεξ-

2582 3821 2763 3887 ιόντος,
2830 3824 2920 3871 καὶ
2975 3819 3221 3882 καθάπαξ
3270 3818 3708 3890 ἐγκαταστῆναι;
3783 3819 4009 3891 Ἐγένετο
4082 3824 4191 3893 γὰρ

2580 3910 2726 3981 ἡμῖν,
2770 3912 2859 3960 καὶ
2884 3909 3019 3960 πάνυ
3059 3927 3111 3960 τι
3132 3908 3301 3968 καλῶς
3356 3906 3569 3979 ἐγένετο,
3632 3910 3719 3960 τὸν
3777 3909 3916 3961 οἷκον
3961 3906 4197 3972 ἐπαυξή-

3935 3554 4026 3607 ᾱιτε
4101 3562 4197 3607 καὶ

2582 4018 2693 4067 σαι,
2728 3998 2821 4051 ούκ
2848 4000 2901 4050 ἐκ
2935 4006 3026 4050 τοῦ
3062 3997 3280 4072 θερίζειν
3309 4001 3462 4070 μόνον
3503 4000 3630 4050 ὅπου
3706 4003 3796 4049 καὶ
3850 3996 4192 4071 ἐσπείραμεν,

2577 4093 2662 4141 καὶ
2720 4091 2957 4160 συνάγειν
3011 4089 3122 4139 ὅθεν
3172 4084 3617 4161 διεσκορπίσαμεν
3668 4088 3767 4158 (2),
3815 4091 3905 4140 καὶ
3957 4106 4021 4160 γε
4091 4094 4192 4148 τήν

2577 4179 2813 4251 εὐλογίαν
2842 4182 2914 4250 μὴ
2962 4181 3115 4249 μόνον
3170 4175 3225 4228 ἐκ
3271 4184 3372 4228 τῶν
3432 4181 3743 4251 παριόντων,
3804 4175 3931 4229 ἀλλά
3986 4196 4037 4229 τι
4096 4184 4191 4231 καὶ

2575 4278 2673 4322 τῶν
2704 4262 3015 4321 συνειδότων
3060 4268 3264 4319 πάντων
3325 4271 3415 4319 καὶ
3470 4271 3564 4325 τήν
3623 4266 3859 4324 εύθηνίαν
3910 4267 4036 4339 ἡμῖν
4095 4274 4190 4321 καὶ

2574 4358 2735 4411 τὰλλα
2796 4367 2896 4410 τῶν
2950 4356 3160 4428 ἀγαθῶν
3212 4361 3626 4429 συνευχομένων,
3680 4359 4018 4431 καρποῦσθαι
4050 4378 4066 4392 ·
4132 4362 4190 4422 ὃς

2576 4446 2643 4507 δὴ
2670 4453 2759 4501 καὶ
2789 4452 2945 4520 μόνος
2973 4450 3164 4522 τρόπος
3194 4444 3419 4521 ἀρούρας
3452 4442 3564 4499 οἶδε
3615 4451 3835 4499 πιαίνειν
3894 4452 3986 4500 καὶ
4052 4468 4191 4525 acap-

799 4543 1069 4599 metentis
1099 4547 1157 4598 et
1177 4541 1531 4614 colligentis;
1563 4560 1576 4611 ;
1610 4541 1717 4597 sed
1755 4546 1813 4596 et
1839 4541 2030 4597 ﬁrmis
2066 4541 2379 4599 laboribus
2408 4548 2464 4600 et
2496 4564 2538 4618 ι)

2444 4543 2697 4618 tomb;
2772 4538 3049 4613 ἐκτρέφειν,
3117 4541 3207 4589 καὶ
3285 4540 3546 4608 γεννιαίας
3592 4538 3683 4596 τὰς
3756 4533 4021 4598 ἐπιδόσεις
4094 4545 4191 4592 καὶ

800 4632 1062 4689 consiliis
1087 4631 1331 4703 optimae
1351 4631 1535 4702 hujus
1588 4646 1659 4687 ac
1705 4629 2000 4686 mirandae
2059 4631 2282 4687 uxoris.
2333 4634 2462 4689 Non

797 4721 861 4779 id
873 4721 1129 4779 dicendo
1147 4720 1457 4789 erubesco,
1480 4719 1769 4777 veritated
1781 4720 2064 4777 omnibus
2076 4736 2458 4794 praeponens.

798 4812 981 4870 Nobis
1010 4811 1347 4868 vitaﬂoruit
1373 4826 1445 4867 ac
1483 4810 1765 4868 multum.
1797 4814 2217 4883 quantumque
2246 4812 2463 4870 licebat

796 4901 1084 4976 profudit,
1118 4900 1248 4958 aliis
1278 4916 1351 4956 ex
1373 4915 1497 4957 non
1524 4899 1861 4956 minoribus
1890 4899 2090 4968 initiis,
2145 4900 2270 4959 imo
2317 4918 2460 4961 vero

798 5008 872 5049 ex
900 4990 1259 5064 majoribus,
1290 5005 1413 5047 non
1443 4988 1658 5047 eadem
1694 4989 1949 5063 adeptis.

796 5081 1023 5157 ἀρίστης
1087 5084 1279 5143 ταύτης
1344 5084 1435 5134 καὶ
1505 5076 1812 5154 θαυμαστῆς
1887 5081 2174 5155 ὁμοζύγου.
2234 5081 2309 5135 Ou’
2376 5084 2475 5159 γὰρ
2567 5083 2903 5154 ασχυνοίμην
2964 5077 3147 5150 λέγων,
3210 5079 3398 5139 παντὸς
3458 5076 3649 5149 μᾶλλον
3722 5084 3992 5152 προτιμῶν

870 5264 952 5336 (l)
986 5263 1080 5321 Sic
1107 5260 1429 5336 vernacule
1469 5283 1499 5313 «
1540 5261 1926 5336 remplissant
1971 5262 2026 5319 le
2074 5262 2206 5321 but.
2273 5283 2301 5315 »
2355 5263 2469 5321 Sed

797 5334 903 5409 qui
934 5334 1247 5407 diligenter
1279 5334 1551 5409 scribunt
1581 5334 1760 5391 talem
1790 5336 2076 5409 loquendi
2100 5336 2354 5392 modum
2382 5337 2467 5392 fu-

799 5408 989 5479 giunt,
1048 5409 1220 5479 cujus
1261 5408 1614 5480 metaphora
1656 5412 1742 5462 est
1794 5408 2199 5480 inconcinna;
2247 5421 2467 5480 scopus

800 5478 962 5537 enim
993 5478 1275 5551 tangitur,
1311 5478 1741 5551 nonimplctur
1777 5497 1788 5545 ;
1825 5478 1902 5534 ad
1920 5495 2174 5551 scopum
2197 5478 2465 5551 perveni-

799 5569 959 5622 mus,
990 5550 1130 5609 eum
1162 5568 1284 5608 non
1328 5550 1674 5622 implemus.
1702 5551 1869 5622 Sunt
1916 5550 2116 5607 tamen
2175 5550 2269 5607 vel
2317 5552 2465 5607 boni

802 5626 1123 5698 scriptores
1151 5624 1255 5697 qui
1295 5622 1376 5679 ad
1400 5621 1561 5698 hunc
1591 5621 1859 5698 lapidem
1878 5622 2282 5698 impegcrunt,
2300 5623 2464 5679 aliud

801 5692 1047 5772 agentes
1076 5692 1363 5772 profecto,
1394 5692 1671 5772 Possem,
1695 5694 1743 5749 si
1771 5692 1867 5750 his
1908 5692 2107 5772 essent
2134 5695 2230 5752 hic
2267 5694 2459 5765 locus,

800 5766 1023 5843 Harpii,
1076 5766 1509 5842 'Campofortii,
1564 5767 1839 5827 vivorum
1891 5768 2071 5829 etiam
2129 5782 2461 5841 eorumque

2572 4634 2689 4691 τοὺς
2739 4628 3099 4701 πλεονασμοὺς
3152 4626 3423 4701 εἰσφέρειν,
3483 4630 3550 4689 ὡς
3620 4633 3712 4679 τοῦ
3798 4625 4025 4680 ἐναντίου
4131 4649 4193 4701 γε

2571 4723 2766 4781 παντός
2819 4726 2872 4771 εὗ
2925 4716 3067 4790 μάλα
3115 4720 3205 4769 καὶ
3265 4712 3490 4779 δικαίως
3544 4716 4033 4789 καταξηραίνοντος,
4096 4725 4191 4771 καὶ

2572 4816 2700 4882 μήτε
2736 4812 2831 4867 τὴν
2897 4815 3057 4882 χεῖρα
3107 4810 3239 4879 μήτε
3292 4809 3379 4859 τὸν
3441 4804 3629 4859 κόλπον
3688 4805 4003 4879 πληρούντος
4091 4815 4191 4860 τοῦ

2574 4900 2865 4975 θερίζοντος
2899 4901 2989 4950 καὶ
3017 4898 3332 4968 συνάγοντος
3361 4917 3373 4929 ·
3406 4894 3535 4948 ἀλλὰ
3584 4915 3637 4948 τι
3689 4901 3780 4949 καὶ
3826 4904 3944 4959 ταῖς
3994 4896 4191 4961 καλαῖς

2572 4989 2909 5064 φιλοπονίαις,
2961 4986 3073 5060 οἶμα
3130 4983 3189 5040 δὲ
3236 4989 3326 5039 καὶ
3373 4990 3661 5061 περινοίαις
3714 4987 3784 5058 (3)
3846 4995 3941 5048 τῆς
4026 4988 4189 5041 πάντ’

4091 5083 4192 5139 τὴν

2577 5259 3204 5319 excellentissimorum
3216 5256 3552 5328 hominum,
3567 5255 3837 5330 exempla
3848 5257 3909 5314 in
3921 5257 4193 5317 medium

2576 5337 3041 5479 plgflilrgspectu
3068 5403 3145 5461 ad
3172 5402 3300 5479 haec
3331 5402 3515 5479 verba
3569 5400 3823 5479 Matthaei
3851 5417 3992 5467 xxv,
4041 5404 4117 5459 2;
4178 5421 4191 5458 ε

2576 5472 2799 5553 Σκληρός
2838 5472 2883 5531 si
2912 5479 3202 5553 ἅνθρωπος,
3238 5474 3454 5549 θερίζων
3490 5476 3618 5527 ὅπου
3660 5474 3753 5526 οὐκ
3792 5476 4062 5548 ἔσπειρας,
4100 5484 4195 5529 καὶ

2578 5545 2812 5623 συνάγων
2835 5553 2945 5604 ὅθεν
2974 5545 3031 5602 οὖ
3061 5545 3463 5627 διεσκόρπισας.
3782 5617 3792 5627 _

2570 5619 2735 5754 29(13é
2749 5623 2915 5683 Conf.
2951 5620 3169 5679 similia
3199 5619 3366 5693 apud
3389 5620 3630 5691 Gregor.
3659 5619 3935 5690 Nazianz,
3968 5623 4007 5677 t.
4043 5619 4091 5691 Ι,
4130 5636 4196 5695 p.
