4434 6452
260 413 387 474 1681

1655 405 2200 470 TESTAMENTUM.

3486 416 3622 473 “82

257 540 514 598 ἀλήθειανο
549 535 879 593 ἐνευθήνησεν
910 534 1054 605 ἡμῶν
1085 533 1110 585 ὁ
1143 532 1259 606 βίος
1279 538 1368 587 καὶ
1397 533 1634 587 πλεῖστον
1664 534 1734 594 εἰς
1764 536 1885 586 ὅσον
1914 535 2018 586 οἷόν
2045 556 2098 588 τε
2131 533 2189 594 ἦν
2220 534 2270 598 ἐς
2326 539 2390 589 τά
2430 537 2660 610 μάλιστα
2730 537 2945 611 προῆκε,
3000 543 3098 586 τῶν
3165 534 3349 606 ἄλλων,
3405 537 3498 589 οὐκ
3568 537 3624 600 ἐξ

257 627 528 680 ἐλαττόνων
554 633 654 675 τῶν
684 621 945 696 ἀφορμῶν,
979 621 1106 673 ἀλλα
1132 641 1192 693 γε
1217 629 1306 675 καὶ
1337 622 1506 693 πολλῶ
1529 623 1799 694 μειζόνων,
1825 622 1883 673 οὗ
1916 626 1981 674 τά
2009 622 2102 676 ἱσα
2127 644 2358 683 κατακτη
2371 633 2620 699 σαμένῶν.

329 717 459 786 Ἐγὼ
523 717 612 785 μιν
678 716 779 784 γαρ
847 711 960 762 ὄιον
1033 710 1252 782 ἐμαυτόν
1325 708 1535 770 ἐπιδοὺς
1593 719 1702 771 τοῖς
1761 717 1857 762 του
1885 716 1930 766 Α

254 812 568 880 κρατοῦντος
636 799 952 871 κελεύσμασι
1013 805 1102 851 καὶ
1181 808 1295 861 ταῖς
1352 801 1478 872 ὑπὲρ
1530 809 1629 851 τῶν
1678 807 1858 852 κοινῶν

259 894 576 968 πραγμάτων
633 888 928 960 ἀσχολίαις.
996 886 1122 961 ἦγον
1192 887 1398 961 οὐδαμῆ
1481 889 1681 962 σχολὴν
1759 898 1858 940 τῶν

257 982 373 1034 κατ’
438 979 577 1033 οἰκον
631 977 1034 1050 ἐπιστρέφεσθαι
1097 984 1187 1030 καὶ
1241 977 1677 1052 προσαναλίσκιιν
1743 981 1859 1030 τοὺ-

258 1088 369 1131 τοις
395 1086 579 1128 πονους
617 1072 706 1118 καὶ
747 1062 1042 1140 φροντίδας·
1097 1067 1226 1124 αὕτη
1289 1063 1346 1118 δε
1394 1070 1451 1118 τό
1513 1067 1702 1127 ἑαυτῆς
1747 1066 1858 1119 ὅλον

257 1156 535 1230 πληροῦσα
571 1159 660 1206 καὶ
703 1157 762 1205 τὸ
816 1153 934 1226 ἐμὸν
985 1153 1092 1206 ἀντ’
1151 1154 1276 1226 ἐμοῦ
1343 1161 1712 1228 συνεισέφερεν.
1774 1155 1860 1218 Ἐξ

260 1247 319 1298 οὗ
351 1243 418 1302 δὴ
452 1249 523 1317 μὴ
566 1249 718 1315 μόνον
741 1239 892 1295 οὐδὲν
943 1251 1040 1295 τῶν
1108 1248 1282 1309 ὄντων,
1333 1246 1448 1296 όποι
1502 1250 1571 1316 μὴ
1629 1253 1861 1316 προσῆκε

262 1331 525 1407 διαρρυὲν,
561 1331 922 1404 παραπώλετο,
964 1330 1090 1384 ἀλλά
1131 1351 1179 1383 τι
1237 1337 1326 1385 καὶ
1383 1329 1637 1405 πρόσοδοι
1693 1337 1855 1406 ταύτῃ

260 1429 349 1474 καὶ
378 1427 631 1494 πορισμοί
683 1423 738 1472 ὲκ
792 1417 1012 1472 δικαίων
1071 1430 1170 1472 τῶν
1222 1426 1426 1494 τρόπων
1484 1421 1857 1489 ἐπενοήθησαν,

261 1531 349 1563 και
390 1513 622 1584 περισσά
675 1519 748 1578 τῷ
804 1513 928 1579 οἰκῳ
995 1513 1127 1582 μετά
1183 1509 1369 1570 πολλῆς
1424 1518 1514 1570 τῆς
1566 1516 1683 1583 περί
1741 1515 1861 1573 τοὺς

260 1606 483 1662 ⁴ι’ένητας
534 1598 947 1669 εὐσπλαγχνίας,
1008 1598 1196 1650 πολλου
1263 1618 1350 1650 και
1409 1608 1500 1651 τοῦ
1567 1601 1860 1672 περιαλγείν

259 1707 349 1740 και
379 1696 488 1750 τοῖς
531 1683 872 1758 δυστυχοῦσι
931 1688 1221 1758 συμπαθῶς
1279 1687 1720 1759 ἐπικαμπτεσθαι,
1771 1693 1860 1741 καί

259 1794 319 1846 γε
375 1773 688 1848 διαφέροντα
762 1783 859 1826 τῶν
929 1775 1091 1825 ἀλλων
1171 1779 1462 1846 γεγένηται,
1527 1796 1616 1827 και
1694 1777 1864 1848 πολλῶ

261 1864 450 1936 μαλλον
494 1865 753 1932 ἐπαινετὰ,
827 1865 854 1920 η
917 1866 1048 1914 κατά
1121 1867 1214 1920 τὴν
1289 1865 1597 1935 θαυμαστὴν
1651 1864 1864 1933 ἐκείνην,

261 1973 352 2005 και
389 1958 567 2024 μόναις
592 1960 707 2012 ταῖς
750 1960 841 2003 τον
898 1952 1220 2024 Σολομῶντος
1276 1958 1503 2024 σοφίαις,
1556 1951 1763 2026 οὐδαμῆ
1815 1952 1863 2007 δ’

261 2041 442 2109 ἄλλως,
501 2040 860 2116 ἐξευρημένην,
919 2043 980 2099 ἡν
1036 2039 1134 2111 ἐγὼ
1185 2051 1546 2116 σμικροπρεπῆ
1598 2061 1714 2095 τινα
1779 2064 1866 2096 και
1899 2066 1937 2121 Β

261 2136 678 2204 χειρωνακτικην
748 2130 935 2200 μαλλον
997 2131 1214 2202 νομίζω,
1267 2135 1396 2205 πρὸς
1451 2134 1707 2203 ἄτρακτον
1774 2136 1867 2197 τας

556 2216 861 2292 ἐρείδουσαν
972 2237 1060 2270 και
1152 2219 1411 2272 ταλασιῶν

260 2228 445 2295 χεῖρας
556 2221 861 2292 ἐρείδουσαν
972 2237 1060 2270 και
1152 2221 1411 2272 ταλασιῶν
1527 2221 1864 2294 ἐπιμελουμέ-

2033 715 2152 782 Ego
2191 714 2434 786 quidem
2452 720 2640 771 totum
2669 711 3157 784 meimperatoris
3169 711 3358 783 jussis
3381 712 3621 768 tradens

1967 805 2024 856 et
2040 817 2148 873 pro
2168 802 2476 875 republica
2489 802 2821 869 laboribus,
2839 817 3155 873 nunquam
3169 802 3340 858 omisi
3358 801 3620 874 propriis

1966 889 2312 947 incumbere
2363 891 2555 965 iisque
2606 907 2825 964 operas
2857 890 3367 962 cogitationesque
3393 891 3627 962 impen-

1967 978 2125 1035 dere.
2145 980 2247 1036 Illa
2260 995 2420 1050 vero,
2435 981 2730 1054 quidquid
2744 979 2821 1035 ad
2841 994 2902 1034 se
2924 980 3264 1051 pertineret,
3280 979 3623 1050 adimplens

1967 1067 2050 1136 id,
2090 1069 2256 1141 quod
2287 1071 2364 1126 ad
2383 1086 2478 1126 me
2501 1074 2792 1142 spectaret
2813 1085 2923 1142 pro
2946 1085 3041 1123 me
3065 1068 3426 1124 conferebat.
3461 1067 3626 1123 Unde

1968 1173 2091 1215 non
2124 1160 2306 1216 modo
2326 1160 2472 1216 nihil
2501 1159 2801 1216 bonorum
2825 1158 3074 1214 eilluens
3103 1174 3224 1230 quo
3242 1174 3363 1215 non
3395 1162 3628 1231 oporte-

1968 1247 2091 1316 bat,
2148 1247 2485 1320 pcriit:sed
2534 1253 2592 1304 et
2645 1247 2870 1304 reditus
2919 1251 2976 1302 et
3031 1246 3254 1302 fructus
3320 1263 3393 1302 ex
3445 1246 3628 1316 justis

1968 1336 2300 1392 rationibus
2325 1337 2640 1409 excogitati
2661 1341 2818 1406 sunt,
2836 1340 2892 1392 et
2910 1335 3120 1392 domni
3144 1335 3472 1407 superflua,
3490 1350 3629 1390 cum

1969 1424 2158 1481 multa
2197 1441 2340 1496 erga
2367 1441 2660 1498 pauperes
2710 1424 3454 1495 misericordia,multaque
3487 1439 3632 1492 erga.

1971 1513 2234 1570 infelices
2265 1515 2684 1587 compassione
2707 1519 2764 1569 ct
2796 1514 3096 1569 atl'ectu.ct
3127 1513 3258 1568 aliis
3289 1511 3633 1584 praestantia

1970 1619 2275 1660 accessere
2305 1612 2362 1660 et
2389 1603 2577 1659 multo
2600 1603 2815 1672 magis,
2849 1601 3025 1658 laude
3047 1602 3231 1671 digna
3262 1617 3449 1673 quam
3488 1616 3626 1672 qua:

1971 1691 2184 1748 mulier
2206 1692 2310 1747 illa
2342 1692 2639 1757 miranda,
2669 1691 2797 1747 sola
2816 1690 3150 1747 Salomonis
3173 1690 3486 1762 sapientia,
3509 1704 3633 1744 non

1972 1787 2172 1835 autem
2199 1781 2461 1849 aliunde,
2488 1780 2749 1845 inventa,
2773 1783 2984 1851 (quam
3005 1794 3116 1847 ego
3137 1778 3486 1834 illiberalem
3508 1777 3635 1850 opi~

1971 1869 2143 1925 ticem
2159 1869 2356 1943 potius
2370 1871 2628 1939 censeo),
2654 1870 2730 1925 ad
2753 1869 2955 1924 fusum
2986 1884 3202 1924 manus
3221 1869 3553 1924 admovens
3570 1871 3630 1924 et

1972 1957 2177 2014 laneas
2200 1964 2392 2014 vestes
2451 1958 2795 2024 conficiens,
2835 1963 2890 2012 ct
2914 1957 2972 2011 in
2994 1957 3147 2013 lanis
3173 1973 3242 2012 ac
3269 1956 3633 2012 vestimentis

1976 2064 2047 2104 ac
2093 2047 2435 2119 duplicibus
2487 2047 2765 2114 lacernis,
2814 2052 2871 2102 et
2896 2046 3058 2102 victu
3079 2051 3136 2101 et
3161 2045 3632 2102 domesticorum

1976 2137 2200 2192 mensis
2218 2153 2288 2192 ac
2308 2135 2527 2192 talibus
2553 2136 2827 2192 virtutem
2846 2139 2900 2190 et
2922 2135 3201 2192 ardorem
3233 2141 3290 2192 ct
3316 2133 3638 2208 magnani-

1977 2227 2244 2282 mitatem
2297 2225 2577 2283 ostendit.

261 2328 374 2375 νην,
397 2328 486 2360 και
514 2313 632 2382 περί
660 2311 773 2382 ἔρια
797 2327 886 2360 και
917 2310 1230 2382 ἱματισμοὺς
1259 2329 1348 2361 και
1380 2306 1575 2373 δισσας
1607 2311 1846 2383 χλαίνας,
1888 2333 1976 2367 και
2005 2320 2250 2387 σιτηγίας
2272 2335 2361 2366 και
2401 2315 2663 2388 τραπέζας
2725 2313 2934 2366 οἰκετῶν
2985 2315 3082 2385 (ί),
3137 2333 3224 2366 και
3278 2322 3516 2381 τοιαὺτα,
3577 2315 3636 2366 τὸ

264 2401 505 2451 σύντονον
526 2415 616 2450 και
649 2394 939 2450 σπουδαῖον
969 2418 1058 2450 και
1089 2398 1406 2471 μεγαλοφυὲς
1447 2396 1745 2455 δεικνύσαν.

335 2485 470 2540 Ἀλλ’
545 2488 668 2560 ὅπερ
743 2491 887 2558 ἔφην,
958 2493 1060 2539 τίνι
1133 2487 1324 2560 μαλλον
1395 2488 1722 2563 ἐπιτρεπτέον
1804 2491 1865 2544 ἀν

264 2577 341 2634 εἰη
371 2575 480 2649 μετ’
513 2576 599 2648 ἐμὲ
655 2578 718 2628 τά
771 2575 887 2629 κατ’
962 2577 1048 2648 ἐμὲ
1096 2596 1186 2628 και
1244 2580 1488 2650 ἡμέτερα,
1548 2581 1592 2632 εἰ
1645 2586 1716 2654 μὴ
1777 2602 1866 2634 και

264 2671 442 2739 παρὼν
498 2667 594 2737 ᾖγε
675 2673 842 2717 ταυτα
922 2665 1292 2738 ἐπιτετράφθαι
1342 2665 1451 2720 ὃεὶν
1527 2673 1705 2741 ἔγνων,
1779 2690 1867 2724 και

267 2755 657 2827 ἐπιτέτραπται.
716 2753 858 2812 Δῧτη
922 2775 1012 2806 και
1082 2756 1244 2818 καλῶς
1306 2757 1414 2828 οἶμα
1473 2778 1564 2810 και
1623 2760 1870 2833 θεοφιλῶς

1735 2851 1868 2903 ἐλευ-

264 2933 439 3004 θερίαν
475 2939 568 2984 τοῡ
601 2928 732 3006 δρᾲν
760 2936 896 2984 κατά
935 2931 1192 3004 βούλησιν
1247 2933 1556 3006 ἀνέγκλητον
1613 2939 1869 3000 παντελῶς

263 2844 618 2916 οἰκονομήσει,
684 2848 778 2900 την
842 2843 924 2896 ἐπί
984 2843 1148 2896 πᾶσιν
1235 2845 1472 2908 ἐξουσίαν
1560 2867 1648 2901 και

259 3040 350 3073 και
370 3026 584 3094 κρείττω
625 3017 976 3095 δικαστηρίου
1013 3027 1204 3085 παντὸς
1240 3026 1464 3094 ἔχουσα,
1525 3026 1673 3080 πάντ’
1739 3027 1868 3081 ἐσεῖ-

261 3125 350 3161 ται
414 3113 774 3182 συμφερόντως
827 3110 938 3182 ἅμα
993 3128 1081 3162 και
1146 3118 1380 3184 κοσμίως
1445 3111 1864 3187 διαπραξαμένη.

263 3202 364 3250 Καί
399 3202 520 3258 τοὺς
555 3198 798 3273 κλήρους,
857 3202 988 3273 πρὸς
1046 3202 1140 3258 την
1209 3200 1335 3273 ἐμὴν
1396 3203 1570 3277 ὁρῶσα
1633 3211 1866 3278 γνώμην,

263 3290 426 3347 οὕτως
460 3287 750 3361 παρέξεται.

339 3382 547 3448 Πρῶτον
577 3380 668 3448 μὲν
695 3376 782 3428 οὖν
812 3377 938 3449 ὑπὲρ
975 3385 1065 3438 τῆς
1105 3377 1252 3450 ἐμῆς,
1319 3383 1439 3452 ὅπερ
1513 3384 1657 3454 ἔφην,
1729 3383 1870 3456 φιλοο
1901 3358 1940 3413 C

258 3471 480 3524 πονήσει
500 3465 705 3537 ψυχῆς.
752 3471 850 3519 Καὶ
909 3475 1003 3528 τῆς
1058 3468 1354 3539 φιλοπονίας
1409 3474 1557 3523 ἔσται
1609 3477 1668 3524 τό
1730 3483 1868 3548 πρῶ-

259 3572 367 3607 τον·
420 3561 480 3626 τῇ
537 3564 628 3607 τοῦ
692 3564 825 3608 θεοῦ
870 3562 1052 3630 μητρί.
1108 3562 1240 3632 πρὸς
1297 3561 1357 3616 ἣν
1416 3580 1504 3612 και
1570 3562 1616 3614 ἐν
1671 3562 1866 3626 κοιλίας

260 3643 534 3718 ἐπερρίφην
587 3649 804 3718 μητρὸς,
861 3665 948 3697 και
1004 3648 1064 3704 ἣν
1114 3655 1205 3698 τοῦ
1265 3647 1388 3720 βίον
1472 3655 1660 3712 παντὸς
1745 3672 1869 3726 κρα-

259 3736 413 3784 ταιάν
488 3737 684 3791 σκέπην
744 3735 951 3802 ἐθέμην,
1120 3732 1186 3794 δὴ

1279 3743 1368 3790 καὶ
1463 3745 1784 3813 προσεκπνεὺ
1793 3761 1868 3794 σω

261 3817 432 3882 ἡδέως
494 3841 552 3874 το
600 3831 803 3894 πνεῦμα
855 3843 1146 3896 προέμενος,
1205 3832 1367 3898 κακία
1403 3831 1492 3900 μὲν
1546 3848 1688 3903 παση
1778 3836 1869 3883 καὶ

259 3931 485 3986 πονηριᾳ
512 3909 850 3973 δεδουλενκὸς
895 3919 1074 3966 πίστιν
1142 3912 1194 3967 δ’
1246 3919 1384 3988 ὅμως
1431 3920 1589 3992 ὀρθὴν
1641 3926 1727 3972 καὶ
1776 3927 1868 3979 την

262 4001 597 4072 εὖαγγελικήν
641 4003 952 4076 περισῶζον,
1009 4010 1098 4056 καὶ
1158 4001 1251 4057 δια
1313 4011 1509 4066 ταύτην
1571 4015 1731 4080 μόνην
1781 4015 1868 4062 καὶ

261 4092 355 4152 τάς
391 4090 440 4142 ἐν
467 4099 537 4160 τῷ
571 4089 674 4162 βίῳ
716 4097 990 4164 γενομένας
1043 4091 1342 4165 ἀντιλήψεις
1402 4097 1643 4171 θαρροῦν,
1703 4096 1868 4170 μηδὲν

262 4176 504 4252 ἐμποδῶν
561 4187 658 4242 τῆς
714 4191 810 4233 τῶν
871 4181 1002 4254 ἐμῶν
1053 4188 1252 4256 τρόπων
1329 4191 1670 4258 γεγενημένης
1745 4209 1870 4260 φαυ-

260 4267 497 4333 λότητος,
529 4273 690 4342 ταύτῃ
721 4267 815 4336 δὴ,
847 4277 935 4322 καὶ
983 4267 1077 4323 δια
1125 4277 1320 4330 ταύτην
1385 4285 1447 4347 τῇ
1507 4275 1863 4351 ἀνατεθειμένη

259 4361 426 4431 ταυτῃ
458 4367 586 4431 μονῇ
621 4364 708 4411 καὶ
733 4359 854 4433 παρ’
885 4363 1031 4432 ημῶν
1091 4361 1143 4424 ἐξ
1201 4363 1368 4416 αὐτῶν
1431 4361 1680 4439 ἱδρυμένη
1732 4387 1869 4442 κρη-

259 4444 452 4512 πίδων,
495 4453 728 4522 χρυσίου
773 4453 1077 4520 νομίσματα
1117 4492 1130 4504 .
1172 4489 1187 4506 .
1232 4493 1246 4508 .
1291 4494 1304 4506 .
1350 4494 1365 4510 .
1405 4457 1736 4507 καθοσιῶσαι
1765 4459 1864 4526 (‘2).

259 4539 428 4608 ταύτῃ
465 4543 555 4589 καὶ
607 4541 694 4589 τόν
753 4537 871 4610 ἐμόν
928 4558 1067 4610 χουν
1118 4542 1414 4616 προσρῖψαι
1472 4550 1561 4596 καὶ
1612 4543 1868 4618 βόρϐορον

258 4629 320 4678 τό
348 4629 536 4700 μιαρὸν
578 4635 752 4699 σῶμα,
793 4633 883 4680 καὶ
931 4628 1133 4700 κρύψαι
1181 4635 1240 4682 τό
1297 4630 1589 4706 ἀκάθαρτον
1640 4643 1712 4706 τῷ
1776 4655 1868 4687 κα-

263 4717 407 4789 θαρῴ
437 4713 616 4789 ἐδάφει
645 4725 737 4768 τοῦ
766 4720 924 4792 ἱεροῦ,
953 4716 1120 4791 μηδὲν
1148 4725 1239 4792 μὲν
1269 4724 1455 4774 τούτου
1521 4720 1652 4796 μηδ’
1705 4727 1869 4779 οῐπτε-
1903 4713 1948 4767 D

265 4807 392 4859 σθαι
421 4815 709 4877 προσῆκον,
739 4809 819 4858 ὅτι
867 4805 1007 4880 μηδὲ
1070 4812 1275 4882 θεμιτόν
1332 4809 1625 4888 ἀκάθαρτον
1683 4814 1868 4886 ἐγγὺς-

265 4896 394 4948 ἰέναι
441 4898 542 4948 τῶν
597 4898 858 4969 καθαρῶν,
911 4903 1000 4950 καὶ
1061 4895 1154 4951 διὰ
1202 4908 1356 4954 τοῦτο
1417 4906 1623 4977 μακρὰν
1683 4903 1868 4964 ἀπελη-

261 4982 459 5038 λασθαι
492 4984 682 5058 μᾶλλον
715 4983 941 5054 δίκαιον,
993 4993 1080 5040 καὶ
1143 4988 1366 5052 ἐξῶσθαι
1422 4998 1513 5045 καὶ
1555 4992 1868 5070 ἀπερρίφθαι

264 5071 480 5148 ἀχρεῖον
537 5071 586 5125 ἐν
641 5072 874 5148 ἀχρείοις
939 5082 1029 5130 καὶ
1082 5075 1302 5150 βέϐηλον
1351 5078 1399 5131 ἐν
1451 5079 1714 5152 βεϐηλοις.
1770 5087 1869 5136 Καὶ

263 5165 335 5222 ὡς
401 5165 476 5234 (3)
527 5161 629 5216 ἐκεῖ
691 5161 749 5217 δε
796 5171 1025 5238 κείμενον
1088 5165 1402 5222 ἀνακαλεσαι
1481 5175 1565 5237 σὺ,
1644 5174 1870 5245 πάναγνε

261 5253 501 5327 παρθένε,
543 5258 633 5306 καὶ
690 5263 850 5328 μῆτερ
895 5264 987 5308 τοῦ
1044 5261 1174 5333 πρός
1221 5258 1444 5320 ζήτησιν
1497 5259 1727 5325 ἐλθόντος
1780 5271 1870 5316 τοῦ

339 5451 416 5523 (1)
455 5451 624 5509 Prov.
663 5469 829 5536 XXXI,
863 5458 926 5511 10
963 5472 980 5536 Ξ
1023 5461 1279 5536 ΓυναῖκαΔ
1303 5453 1546 5536 ἀνδρείαν
1585 5466 1665 5522 τίς
1725 5463 1872 5536 capi.

266 5541 388 5594 σει;
417 5563 430 5578 .
476 5565 490 5578 .
537 5563 550 5579 .
589 5531 891 5602 μηρυομένη
956 5531 1070 5598 ἔρια
1113 5536 1202 5583 καὶ
1265 5530 1422 5598 λίνον,
1491 5531 1730 5591 ἐποίησεν
1781 5530 1872 5587 ἐῦ-

262 5614 507 5668 χρηστον
547 5605 669 5674 ταῖς.
724 5605 916 5674 χερσὶν
973 5602 1132 5663 αὐτῆς
1175 5644 1187 5657 .
1233 5646 1245 5658 .
1291 5643 1306 5658 .
1347 5608 1437 5657 καὶ
1486 5603 1762 5660 ἀνίσταται
1817 5606 1874 5659 ἐκ

263 5667 462 5753 νυκτῶν
492 5675 583 5722 καὶ
612 5667 1077 5748 ἔδωκε’βρώματα
1131 5683 1204 5746 τῷ
1261 5678 1386 5749 οἱκῳ
1441 5682 1528 5732 καὶ
1583 5681 1712 5753 ἔργα
1759 5687 1872 5746 ταῖς

267 5741 595 5817 θεραπαίναι.

587 5833 831 5894 ΡΑτιιοι..
873 5837 974 5897 Gn.
1016 5837 1165 5898 CXL.

2049 2494 2180 2558 Sed,
2216 2498 2281 2550 ut
2317 2492 2614 2559 dicebam,
2654 2492 2896 2549 cuinam
2928 2497 3062 2565 post
3093 2508 3188 2548 me
3239 2492 3436 2566 potius
3477 2507 3638 2547 com‘

1976 2583 2328 2640 mendarem
2359 2599 2496 2656 quae
2527 2583 2605 2638 ad
2645 2598 2741 2639 me
2763 2584 3060 2656 pertinent
3089 2597 3157 2638 ac
3188 2587 3412 2646 nostra,
3439 2581 3552 2637 nisi
3583 2586 3641 2638 et

1976 2672 2340 2745 praesensilli
2388 2672 2802 2728 commendari
2847 2676 3121 2743 oportere
3163 2671 3501 2727 statuissem
3537 2689 3549 2726 :
3579 2675 3635 2726 et

1977 2761 2059 2818 illi
2088 2761 2512 2817 commendata
2542 2766 2700 2816 sunt.
2726 2759 2826 2816 Illa
2852 2761 3012 2816 enim
3034 2765 3089 2815 et
3116 2759 3265 2816 bene
3290 2765 3345 2815 ct
3365 2758 3640 2830 religiose

1979 2849 2440 2916 administrabit,
2463 2855 2520 2906 et
2551 2866 2688 2904 cum
2720 2849 2782 2904 in
2809 2849 3013 2905 omnia
3035 2854 3410 2920 potestatem,
3444 2853 3497 2903 et
3528 2862 3639 2920 pro

1977 2938 2282 2994 voluntate
2307 2937 2524 3007 agendi
2552 2937 2888 2993 immunem
2910 2937 3243 2993 libertatem
3267 2942 3321 2992 et
3347 2935 3515 2991 omni
3538 2936 3641 2991 tri-

1977 3027 2186 3083 hunali
2222 3027 2511 3098 majorem
2543 3026 2821 3082 habitura
2843 3031 2949 3097 est,
2983 3025 3188 3082 omnia
3219 3023 3642 3081 convenienter

1979 3123 2033 3174 et
2055 3118 2234 3188 digne
2257 3122 2519 3189 peraget.
2548 3119 2613 3172 Et
2658 3117 3036 3173 haareditates
3085 3116 3163 3173 ad
3211 3131 3412 3173 meam
3453 3119 3642 3172 atten-

1979 3207 2129 3264 dens
2179 3213 2465 3278 mentem,
2516 3207 2597 3264 ita
2645 3205 3105 3264 administrabit.

2049 3386 2244 3442 Primo
2284 3385 2530 3460 quidem
2583 3385 2658 3441 de
2700 3401 2837 3442 mea
2858 3384 3083 3449 anima,
3112 3389 3177 3440 ut
3204 3382 3346 3450 dixi,
3391 3382 3643 3441 sollicita

1978 3476 2104 3532 erit.
2134 3478 2214 3532 Ea
2252 3478 2383 3548 ejus
2412 3476 2608 3548 prima
2639 3491 2783 3531 cura
2814 3474 2906 3543 sit,
2931 3474 3029 3530 Dei
3057 3473 3343 3543 genitrici,
3374 3472 3433 3528 in
3465 3473 3641 3544 cujus

1980 3567 2198 3630 sinum,
2260 3565 2399 3620 inde
2447 3582 2478 3621 e
2516 3570 2722 3620 ventre
2767 3563 2997 3633 matris,
3036 3563 3341 3635 projectus
3396 3579 3552 3632 sum,
3587 3567 3646 3618 et

1978 3671 2164 3727 quam
2197 3655 2326 3710 vitae
2357 3656 2556 3711 omnis
2587 3653 2853 3710 validam
2887 3653 3302 3725 protectricem
3329 3651 3638 3724 proposui,

1977 3745 2071 3799 cui
2087 3744 2351 3816 spiritum
2371 3743 2815 3813 commendans,
2837 3743 3007 3798 lzetus
3028 3741 3378 3814 cxspirabo;
3407 3741 3646 3813 quispi-

1977 3833 2297 3899 ritus,licet
2317 3833 2481 3888 omni
2499 3833 2736 3888 malitiae
2753 3847 2821 3887 ac
2843 3831 3121 3903 parvitati
3137 3830 3424 3895 servierit,
3455 3829 3641 3886 fidem

1980 3927 2178 3978 tamen
2202 3939 2405 3977 veram
2439 3926 2494 3976 et
2525 3920 2937 3990 evangelicum
2969 3919 3247 3984 servavit,
3282 3921 3338 3974 et
3366 3933 3472 3990 pcr
3506 3935 3643 3975 eam

1981 4011 2176 4067 solum
2210 4028 2279 4067 ac
2311 4015 2555 4082 propter
2589 4027 2693 4067 eas
2719 4027 2855 4082 qum
2883 4010 2943 4064 in
2964 4009 3106 4077 vita,
3140 4009 3361 4080 gratias
3392 4008 3640 4079 accepit,

1978 4100 2248 4166 conlidit,
2284 4115 2403 4155 non
2436 4100 2710 4154 obstante
2732 4114 2969 4154 morum
3003 4113 3276 4152 meorum
3303 4096 3563 4160 miseria,
3585 4096 3644 4152 Ei

1980 4198 2037 4248 et
2068 4195 2313 4263 pr0ptcr
2338 4205 2471 4245 eam
2501 4187 2609 4243 soli
2637 4187 2860 4260 templo
2883 4204 2918 4243 a
2957 4186 3136 4243 nobis
3166 4203 3202 4242 a
3229 4185 3638 4240 fundamentis

1978 4286 2193 4344 erecto,
2212 4293 2725 4334 aureosnummos
2927 4291 3298 4332 consecrare.
3321 4277 3436 4330 lloc
3453 4291 3641 4347 prope

1978 4369 2271 4442 templum
2301 4367 2440 4423 volo
2487 4383 2657 4422 meos
2707 4366 2935 4423 cineres
2985 4371 3042 4421 et
3084 4365 3301 4428 lutum,
3350 4364 3643 4420 miserum

1977 4461 2093 4516 hoc
2120 4475 2337 4530 corpus
2369 4457 2610 4528 deponi,
2637 4462 2690 4512 et
2710 4457 3018 4528 impurum
3040 4470 3194 4527 puro
3213 4453 3418 4524 templi
3438 4453 3644 4510 limine

1979 4547 2293 4614 abscondi,
2322 4547 2487 4618 quod
2517 4546 2700 4601 limen
2727 4545 2873 4601 nihil
2896 4551 3098 4600 tamen
3121 4547 3365 4611 tangere
3379 4542 3640 4610 deberet,

1979 4655 2050 4695 eo
2079 4638 2246 4712 quod
2268 4635 2435 4692 nefas
2469 4635 2894 4709 sitquidquam
2919 4634 3140 4706 impuri
3162 4633 3327 4706 quod
3343 4632 3643 4688 mundum

1979 4735 2065 4785 est
2091 4736 2357 4799 tangere,
2391 4731 2446 4784 et
2479 4725 2709 4796 justum
2741 4729 2894 4781 esset
2931 4740 3137 4780 meum
3189 4739 3408 4796 corpus
3463 4722 3644 4792 longe

1979 4820 2142 4892 rejici
2173 4824 2231 4875 et
2261 4815 2476 4890 expelli
2495 4815 2748 4872 inanein
2774 4815 2978 4871 inania
2999 4820 3055 4872 et
3082 4814 3404 4886 profanum
3425 4813 3487 4868 in
3509 4829 3644 4885 pro-

1981 4910 2140 4966 fana.
2157 4907 2387 4965 Etutibi
2403 4907 2613 4978 jacens
2634 4921 2855 4978 corpus
2872 4920 3114 4962 revoces
3140 4910 3219 4975 tu,
3253 4905 3646 4961 Immaculata

1980 4997 2178 5070 Virgo,
2199 5002 2458 5054 etmatcr
2488 4995 2648 5051 illius
2678 5010 2781 5068 qui
2807 5011 2944 5051 eum
2963 4995 3069 5068 qui
3102 4998 3404 5051 erraverat
3426 4994 3645 5066 quaesi-

1980 5092 2109 5145 tum
2142 5088 2322 5144 venit.
2359 5101 2499 5142 eum
2529 5086 2633 5158 qui
2662 5084 2947 5141 omnibus
2972 5084 3164 5157 culpis
3190 5089 3244 5139 et
3275 5082 3450 5139 malis
3484 5082 3646 5139 dela‘

1979 5194 2127 5251 psus
2151 5181 2296 5246 erat,
2321 5181 2378 5233 et
2402 5176 2507 5249 qui
2530 5191 2748 5232 manus
2771 5175 2832 5231 in
2853 5190 3028 5231 cruce
3051 5173 3400 5239 tetenderat,
3430 5189 3553 5230 non
3580 5179 3645 5230 ut

1981 5266 2302 5327 attraheret
2329 5271 2386 5325 et
2411 5269 2721 5324 revocaret
2762 5270 2820 5323 et
2867 5263 3126 5323 salvaret
3150 5264 3347 5337 justos
3387 5268 3641 5336 tantum,

2055 5467 2134 5541 (2)
2183 5467 2470 5525 Relictam
2531 5471 2624 5524 est
2671 5467 2767 5523 hic
2823 5473 2886 5523 ut
2934 5471 2989 5522 et
3041 5465 3198 5522 infra
3261 5481 3380 5520 non
3437 5463 3645 5519 semel.

1983 5541 2246 5613 spatium
2267 5556 2552 5610 vacuum,
2583 5555 2707 5612 quo
2730 5555 3120 5596 nummorum
3152 5554 3460 5602 numerus,
3496 5553 3647 5613 nou-

1981 5609 2208 5741 d'uriniya
2248 5609 2542 5670 testatore'
2595 5609 2972 5677 constitutus,
3027 5617 3236 5683 postea
3291 5615 3494 5682 posset
3555 5609 3646 5662 in‘

1983 5701 2079 5742 scr
2147 5702 2185 5742 ι.

1983 5701 2185 5742 εοτωι.

2052 5753 2132 5833 (3)
2195 5755 2419 5829 Codex,
2463 5757 2551 5823 ὡς.
3290 5845 3326 5906 4

3329 5849 3363 5902 7
