4434 6452
859 394 994 451 usa
2196 385 2570 449 NICEPHORI
2614 383 2880 443 cauum
4074 394 4218 472 μεθ

853 517 959 571 sed
1007 521 1070 572 ut
1097 531 1309 572 omnes
1337 533 1369 572 e
1402 533 1586 573 manu
1611 519 1859 587 maligni
1903 520 2156 591 eriperet
2184 524 2240 572 et
2270 514 2501 571 nullum
2538 514 2584 563 Α

2465 530 2501 567 n
2538 514 2584 563 Α
2614 510 2953 572 πλανηθέντος
3015 513 3096 582 (1)
3152 534 3241 566 και
3310 534 3504 575 πασαις
3589 516 3869 587 ἁμαρτίαις
3940 535 4029 567 και
4112 524 4216 575 τοῖς

853 620 1063 660 eorum
1090 605 1194 676 qui
1225 606 1302 660 ad
1335 605 1524 677 ipsius
1554 607 1884 677 imaginem
1916 608 2050 663 facti
2082 610 2252 663 erant
2281 605 2509 659 amitte-

2464 618 2509 656 ε-
2618 603 2870 669 εσχάτοις
2938 610 3117 663 κακοῖς
3173 603 3720 673 έγκατολισθησαντος
3767 603 4092 675 πλάσματος,
4126 611 4215 656 καί

851 697 960 747 ret.
992 696 1076 747 lta
1101 707 1245 747 sane
1275 692 1391 747 hoc
1418 698 1718 749 terrenum
1751 710 1969 766 corpus
1998 700 2086 749 tot
2113 691 2505 749 immunditiis

2466 705 2505 743 IS
2615 708 2673 757 γε
2703 692 2796 749 τὰς
2834 697 3021 762 χεῖρας
3049 696 3299 751 τείναντος
3330 697 3378 743 ἐν
3426 701 3657 763 σταυρῷ,
3719 692 3823 763 οὐχ
3883 695 3965 743 ἱνα
4018 689 4086 749 δη
4128 713 4217 744 και

849 785 1199 852 corruptum
1224 781 1486 836 advoces
1514 788 1571 837 et
1590 785 1860 839 animam
1887 784 1959 838 iis
1981 786 2152 855 (quot
2180 788 2236 837 et
2260 778 2505 851 quantis

2465 779 2505 831 is
2616 775 2867 849 ἀνελκύση
2928 798 3017 829 και
3067 777 3451 837 ἀνακαλίσηται
3509 799 3598 831 και
3670 786 3818 852 σώσῃ
3886 786 4073 851 μόνους
4132 778 4216 831 δι-

848 868 964 923 scis
1010 869 1167 941 ipsa)
1210 869 1576 925 maculatam
1617 871 1875 940 benigne
1920 873 2182 943 accipias
2229 878 2284 924 et
2311 882 2500 928 cures,

2466 883 2500 928 ς,
2614 870 2789 924 καίους
2866 886 2955 917 και
3025 872 3144 927 τοὺς
3220 868 3372 924 ἧττον
3448 870 3816 940 ἡμαρτηκότας
3853 910 3866 932 ,
3936 868 4042 919 αλλ’
4134 873 4217 919 ἵνα

846 971 1043 1028 neque
1070 963 1304 1013 avertas
1328 974 1363 1013 a
1390 974 1577 1030 puero
1609 965 1710 1014 tuo
1731 965 1843 1014 tute
1864 960 2248 1031 protectionis
2270 956 2502 1011 vultum

2461 972 2502 1009 ῃ
2612 957 2803 1013 πάντας
2862 974 2917 1006 εκ
2963 960 3145 1026 χειρός
3197 956 3412 1028 ἁρπάσῃ
3479 966 3571 1007 του
3626 964 3878 1029 πονηροῦ,
3945 976 4035 1007 και
4111 967 4212 1007 τών

844 1045 1189 1102 salutarem.
1204 1047 1527 1116 Oportebat
1544 1048 1699 1101 enim
1720 1064 1828 1104 nos
1841 1065 1978 1103 cum
1994 1065 2064 1103 eo
2083 1059 2331 1118 corpore
2354 1060 2501 1116 quo-

2465 1062 2501 1097 ι-
2612 1045 2746 1093 κατα
2766 1047 2858 1099 τὴν
2907 1040 3047 1094 ἰδίαν
3110 1044 3282 1095 εἰκόνα
3328 1049 3674 1115 γεγενημένων
3723 1041 3966 1116 οὐδαμῶς
4025 1042 4216 1097 οὐδένα

843 1149 981 1188 cum
1002 1134 1306 1189 reformati
1328 1151 1538 1190 sumus
1568 1136 1775 1192 Christi
1798 1138 2111 1208 sanguine.
2144 1143 2267 1192 tota
2294 1136 2415 1190 vita
2440 1134 2499 1187 in

2462 1149 2499 1187 n
2612 1131 2876 1203 ζημιωθῇ.
2928 1137 3055 1197 Ναί,
3103 1152 3193 1183 και
3240 1136 3327 1183 τόν
3378 1140 3491 1193 ταῖς
3575 1131 3824 1192 ἀσωτίαις
3894 1137 4014 1204 ἐμόν
4084 1136 4213 1204 φθα-

842 1226 947 1277 tua
976 1222 1160 1277 domo
1210 1223 1419 1293 projici
1468 1224 1668 1295 (idque
1708 1240 1821 1280 nos
1870 1227 2095 1296 optime
2123 1224 2448 1281 docuisset)
2483 1242 2494 1288 ;

2483 1242 2494 1288 ;
2608 1224 2759 1289 ρίντα
2818 1228 2951 1291 χούν
3018 1219 3353 1284 ἀνακάλεσαι,
3401 1241 3491 1271 και
3557 1226 3652 1278 τὸν
3734 1221 3921 1292 ψυχὴν
3986 1225 4207 1283 ταύταις

840 1310 1129 1380 quoniam
1153 1326 1294 1365 vero
1342 1310 1692 1383 decipientis
1718 1319 1775 1368 et
1802 1313 2126 1368 occidentis
2180 1312 2417 1367 fallacia
2442 1317 2498 1365 et

2462 1317 2498 1365 at
2607 1314 3011 1379 κατεστιγμίνην
3057 1312 3196 1381 (ὁρᾷς
3265 1312 3477 1379 ὁπόσον)
3559 1310 3774 1381 εὐμενῶς
3846 1316 4047 1381 πρόσου
4121 1331 4213 1361 και

839 1396 980 1453 dolo
1028 1403 1085 1453 et
1104 1414 1293 1469 prava
1320 1398 1606 1455 electione
1649 1402 1853 1456 anima
1887 1401 1966 1456 ad
2006 1402 2269 1456 divinam
2298 1406 2497 1455 creata

2454 1416 2497 1453 ,ἃ
2609 1398 2777 1462 ἴασαι,
2801 1416 2890 1448 και
2928 1402 2998 1468 μὴ
3061 1396 3395 1469 ἀποστρίψης
3454 1396 3554 1450 ἀπὸ
3611 1406 3701 1449 τοῦ
3749 1394 3945 1460 παιδος
3994 1418 4089 1451 σου
4145 1404 4205 1450 τό

836 1485 1164 1556 imaginem
1193 1487 1254 1542 in
1295 1489 1556 1542 tentoriis
1582 1496 1966 1560 peccatorum
1991 1490 2199 1545 maluit
2216 1489 2365 1543 illud
2391 1489 2494 1543 ha-

2455 1505 2494 1543 ι-
2603 1493 2691 1545 τῆς
2781 1493 2879 1546 σῆς
2975 1490 3267 1547 ἐπισκοπῆς
3369 1492 3798 1559 κοσμοσωτὴριον
3904 1492 4206 1559 πρόσωπον.

835 1573 1026 1630 bitare
1047 1574 1345 1645 (fetidum
1366 1576 1483 1632 hoc
1529 1580 1848 1633 tentorium
1876 1579 2052 1650 dico),
2092 1586 2149 1633 et
2176 1579 2378 1633 adhuc
2412 1579 2491 1632 vi-

2458 1579 2491 1632 i-
2604 1572 2750 1628 ”Εδει
2775 1578 2865 1647 μεν
2896 1575 2997 1648 γὰρ
3032 1578 3172 1646 ἡμᾶς
3228 1577 3340 1647 μεθ’
3405 1577 3466 1628 οὗ
3519 1596 3606 1628 και
3659 1575 4055 1648 ἀνεπλάσθημεν
4105 1588 4209 1628 σω-

834 1662 984 1718 dens
1009 1664 1173 1735 quod
1196 1664 1361 1719 omni
1390 1665 1735 1737 impuritate
1763 1666 2125 1739 replebatur,
2148 1683 2308 1722 nunc
2329 1682 2492 1721 mor-

2462 1695 2492 1708 -
2603 1683 2763 1735 ματος
2815 1665 3006 1735 αἰμασι
3065 1666 3220 1726 θείοις
3270 1672 3506 1737 Χριστοῦ
3572 1664 3879 1726 ἐκλέξασθαι
3953 1665 4213 1739 παραῤῥι-

833 1756 1003 1807 tuum
1042 1752 1267 1808 dimisit
1320 1754 1575 1809 maculis
1637 1754 1883 1827 plenum
1927 1762 1983 1811 et
2034 1757 2368 1828 projectum
2424 1756 2485 1810 in

2459 1771 2485 1810 [ι
2603 1754 2848 1804 πτεῖσθαι
2868 1752 3058 1824 μᾶλλον
3091 1749 3185 1805 διὰ
3223 1751 3348 1825 βίον
3377 1756 3569 1813 παντὸς
3594 1758 3643 1805 ἐν
3673 1756 3798 1823 οἴκῳ
3844 1762 3916 1823 τῷ
3972 1763 4047 1823 σῴ
4094 1760 4210 1823 (και

830 1840 1064 1897 delubri
1090 1843 1173 1897 tui
1203 1841 1406 1897 limen.
1432 1845 1514 1898 Tu
1543 1848 1744 1899 autem
1770 1844 2054 1913 benigna,
2072 1845 2488 1900 etmisericors
2512 1874 2552 1926 Β

2457 1862 2488 1898 ελ
2512 1874 2552 1926 Β
2606 1844 2745 1912 εἶχεν
2774 1840 2835 1892 ἆν
2879 1844 3002 1913 ημῖν
3053 1850 3207 1893 τοῦτο
3254 1841 3471 1913 καλῶς).
3502 1846 3611 1894 ἐπεί
3664 1839 3724 1894 δέ
3776 1850 3888 1902 τοῖς
3938 1851 4031 1893 τοῦ
4075 1842 4208 1894 απα-

829 1934 887 1984 et
908 1929 1299 2001 compatiens,
1324 1936 1601 2003 etpreces
1618 1932 1971 1995 exaudiens,
2000 1932 2331 1987 immundae
2352 1933 2481 1987 ani-

2460 1963 2481 1971 -
2597 1940 2787 1992 τώντος
2840 1950 2929 1981 και
2988 1936 3276 1991 κτείνοντος
3354 1935 3673 2002 έμπαιγμοῐς
3744 1950 3834 1982 και
3909 1940 4204 2002 μηχαναῖς,

826 2033 941 2072 ma:
964 2022 1021 2073 et
1043 2018 1279 2089 corpori
1311 2018 1649 2089 indulgeas,
1698 2035 1834 2092 quae
1874 2021 2150 2091 pessimis
2175 2021 2481 2076 desideriis

2457 2039 2481 2073 s
2597 2025 2686 2071 xui
2727 2038 2787 2090 γε
2839 2021 3095 2093 μοχθηρᾷ
3148 2027 3210 2090 τῇ
3265 2025 3589 2092 προαιρέσει,
3647 2022 3677 2076 ἠ
3728 2023 3859 2092 πρός
3912 2024 4004 2077 τὴν
4066 2022 4208 2072 θείαν

826 2110 883 2160 et
895 2105 1298 2177 voluptatibus
1318 2107 1561 2176 indigne
1584 2108 1849 2177 indignis
1866 2112 2210 2174 servierunt,
2232 2115 2288 2164 et
2305 2100 2477 2165 totam

2459 2128 2477 2162 τι
2596 2108 2768 2161 εἰκόνα
2817 2104 3279 2180 δημιουργηθεῖσα
3330 2108 3485 2178 ψυχὴ
3544 2113 3853 2179 σκηνώματι
3910 2109 4210 2181 ἁμαρτωλῷ

823 2210 1025 2249 meam
1054 2200 1273 2250 terram
1305 2210 1339 2250 a
1372 2197 1642 2267 pessimo
1666 2197 1841 2251 Belial
1868 2204 1925 2253 et
1956 2199 2214 2269 peccatis
2242 2198 2478 2253 concul-

2460 2229 2478 2237 -
2595 2197 2784 2269 μᾶλλον
2814 2199 3089 2266 ἣγαπησεν
3131 2195 3625 2267 ὶγκατοικεῖν(αὐτό
3682 2194 3749 2254 δη
3804 2197 3936 2268 λέγω
3993 2202 4052 2249 τό
4103 2195 4207 2250 δυ-

820 2287 1019 2337 catam
1053 2283 1376 2338 sanctuarii
1405 2284 1487 2338 tui
1527 2289 1696 2339 terrae
1730 2285 1981 2340 misceas
2010 2291 2065 2340 et
2094 2285 2273 2356 hujus
2310 2293 2477 2341 terrae

2458 2303 2477 2341 Ξ
2599 2282 2764 2347 σώδες
2798 2290 3031 2355 σκῆνος),
3063 2291 3151 2337 xui
3182 2288 3254 2337 ἔτι
3317 2284 3442 2345 ζῶν,
3493 2285 3580 2337 ἁτε
3630 2281 3697 2342 δὴ
3753 2290 3844 2337 καὶ
3890 2287 4071 2345 πάσης
4114 2291 4209 2356 γί-

817 2370 1032 2425 virtute
1085 2370 1606 2437 salves;animam
1658 2388 1819 2436 vero,
1870 2389 2237 2445 quocunque
2289 2375 2472 2441 voles,

2459 2417 2472 2441 ,
2596 2393 2690 2445 μον
2731 2371 3078 2446 ἀκαθαρσίας,
3132 2381 3220 2424 νύν
3278 2369 3382 2425 ὧδε
3437 2376 3613 2444 νεκρόν
3676 2372 3842 2445 ἀφῆκε
3899 2376 4210 2445 στιγμάτων

817 2463 920 2514 tuo
960 2460 1120 2531 apud
1169 2459 1375 2515 Filium
1423 2462 1759 2517 interventu
1805 2461 2079 2531 (ﬂectitur
2125 2464 2285 2517 enim
2333 2470 2387 2519 et
2421 2470 2471 2519 te

2460 2481 2471 2519 ξ
2594 2467 2752 2534 γέμον
2810 2466 2898 2513 xui
2964 2460 3263 2535 ἐρριμμένον
3350 2460 3426 2513 ἐπ’
3513 2458 3737 2532 ἐδάφους
3814 2464 4211 2533 τεμενισμάτων

814 2548 1275 2603 intercedentem
1319 2549 1603 2619 exaudit).
1646 2551 1821 2619 longe
1843 2566 1878 2605 a
1908 2557 2198 2622 perpetuo
2220 2568 2467 2607 manen-

2455 2585 2467 2595 -
2596 2560 2695 2603 τῶν
2756 2560 2878 2602 σῶν·
2939 2555 3004 2601 σύ
3039 2546 3098 2602 δε
3154 2553 3353 2610 πάντως
3406 2550 3638 2621 εὐμενὴς,
3686 2553 3989 2622 συμπαθὴς,
4039 2550 4206 2618 ἰλεως,

814 2638 974 2693 tibus
1001 2637 1274 2707 ﬂagellis,
1304 2655 1373 2695 ac
1404 2641 1639 2695 aeternis
1672 2641 1977 2713 suppliciis
2008 2643 2225 2699 mittas.

2597 2662 2686 2693 και
2740 2644 3098 2713 γοργέπήκοος
3148 2644 3278 2713 πρός
3328 2643 3552 2705 ἱκεσίας,
3622 2646 3711 2691 καὶ
3774 2639 4212 2710 σπλαγχνίσθητι

812 2732 985 2778 τοίνυν
1014 2726 1099 2778 ἐπὶ
1129 2725 1314 2799 ἀσώτῳ
1344 2728 1497 2800 ψυχῇ
1532 2736 1619 2780 xui
1645 2736 1868 2800 σώματι,
1899 2737 1989 2782 καί
2018 2751 2076 2801 γε
2100 2739 2214 2792 ταῖς
2245 2736 2526 2793 κακίσταις
2546 2730 2849 2801 ἐπιθυμίαις
2876 2733 2964 2779 καὶ
2993 2724 3208 2788 ἡδοναῖς
3264 2727 3473 2787 ἀτόποις
3527 2727 3755 2789 ἐκτόπως
3810 2724 4212 2789 δεδουλευκόσι,

811 2820 902 2867 καὶ
926 2820 1018 2874 τὴν
1050 2814 1176 2887 ἐμὴν
1205 2824 1303 2887 γῆν
1331 2817 1451 2875 ὃλην
1477 2826 1548 2887 τῷ
1573 2827 1782 2890 πονηρῷ
1808 2819 1987 2891 Βελίαρ
2019 2826 2104 2871 καὶ
2136 2828 2244 2879 ταῖς
2274 2821 2446 2892 αμαρτ
2459 2840 2517 2874 ια
2542 2841 2587 2882 ις
2621 2822 3121 2889 καταπεπατημένην
3150 2825 3209 2887 τῇ
3243 2826 3334 2868 τού
3358 2819 3494 2889 ἱεροῦ
3546 2817 3695 2887 μίξον
3744 2823 3836 2887 γῇ,
3890 2822 3979 2867 xui
4030 2826 4211 2867 σώσον

809 2924 870 2976 γε
896 2913 958 2976 τῇ
988 2908 1187 2967 ταύτης
1209 2902 1449 2979 δυνάμειο
1478 2912 1573 2965 τὴν
1599 2904 1657 2959 δὲ
1684 2907 1891 2978 ψυχὴν,
1928 2910 2045 2960 ὁποι
2069 2913 2132 2960 σὺ
2166 2908 2364 2981 βούλει,
2396 2930 2460 2961 τα
2482 2930 2521 2973 ες
2548 2913 2672 2981 πρὸς
2702 2912 2788 2958 τόν
2819 2908 2929 2957 υἱόν
2956 2911 3240 2976 μεσιτείαις
3268 2908 3518 2975 (πείθεται
3533 2908 3656 2978 γὰρ,
3688 2924 3777 2955 και
3806 2902 4212 2976 πρεσϐευούσης

811 2994 1026 3066 ετοίμως
1056 2994 1341 3065 ἐπακούει),
1369 2996 1546 3071 πόρρω
1566 3016 1665 3048 που
1704 3000 1883 3058 πάσης
1915 2997 2016 3050 αἰεὶ
2045 3004 2305 3070 μενούσης
2338 3002 2597 3070 μάστιγος
2634 3002 2723 3047 καὶ
2756 2994 3158 3066 βασανιζούσης
3184 2993 3418 3045 ἀθάνατα
3442 2994 3665 3065 πέμψον-

878 3085 1477 3155 Attamen,quoniam
1502 3102 1574 3141 ea
1602 3088 1854 3157 (oportet
1884 3094 1939 3141 et
1962 3103 2121 3142 nunc
2157 3094 2212 3143 et
2243 3104 2480 3159 semper

2457 3105 2480 3143 r
2663 3084 2738 3136 Οὐ
2778 3087 2880 3155 μὴν
2917 3081 3051 3151 ἀλλ’,
3112 3079 3289 3140 ἐπειδὴ
3356 3091 3543 3149 ταῦτα,
3588 3079 3705 3134 δεον
3773 3081 3827 3132 ὃν
3888 3084 3936 3133 ἓν
4001 3101 4061 3151 γε
4133 3091 4208 3152 τῷ

811 3177 1011 3242 orare)
1034 3178 1089 3228 te
1117 3174 1448 3244 oravimus,
1482 3179 1539 3230 et
1562 3191 1635 3230 ex
1655 3176 1725 3230 iis
1745 3175 2018 3247 plurimis
2047 3176 2481 3232 beneﬁciorum

2448 3194 2481 3232 [ι
2590 3192 2808 3245 παρόντι
2862 3177 2951 3224 καὶ
2995 3168 3090 3223 διὰ
3142 3175 3334 3233 παντὸς
3390 3174 3650 3237 ἱκετεύειν,
3730 3172 4199 3241 καθικετεύσαμεν,

809 3261 1114 3316 miraculis
1154 3278 1290 3333 quae
1349 3279 1454 3334 per
1509 3270 1695 3319 Vitam
1748 3266 1973 3336 experti
2032 3282 2261 3332 sumus,
2313 3271 2367 3320 et
2406 3265 2481 3321 de

2455 3283 2481 3321 θ
2590 3262 2691 3313 κάκ
2721 3270 2819 3313 τῶν
2851 3260 2899 3311 ἐν
2932 3256 3070 3329 τῷδε
3121 3270 3192 3330 τῷ
3254 3258 3354 3330 βίῳ
3395 3262 3509 3332 περὶ
3561 3261 3700 3331 ἡμᾶς
3752 3258 4006 3310 πλείστων
4063 3264 4206 3311 ὅσων

814 3350 1029 3405 futuris
1047 3351 1355 3423 possimus
1380 3351 1704 3419 conﬁdere,
1744 3369 1939 3425 neque
1962 3353 2036 3408 de
2060 3354 2248 3410 salute
2277 3362 2483 3409 nostra

2456 3371 2483 3409 ε,
2588 3354 2936 3421 γεγενημένων
2991 3348 3039 3400 ἐν
3098 3349 3419 3421 εὐεργεσίαις
3479 3350 3756 3419 θαυμάτων
3833 3350 4021 3418 ἔχομεν
4113 3354 4207 3399 καὶ

815 3437 1158 3510 desperare,
1176 3441 1450 3511 permitte
1475 3457 1637 3497 nunc
1664 3442 1854 3497 nostri
1876 3442 2244 3498 valedictorii
2261 3459 2480 3499 sermo-

2454 3468 2480 3491 ›-
2592 3444 2707 3512 περὶ
2750 3448 2850 3490 τών
2915 3436 3193 3493 μελλόντων
3254 3436 3478 3510 θαρρεῖν,
3537 3443 3627 3488 καὶ
3682 3445 3782 3488 τῶν
3839 3440 3968 3509 πρός
4019 3456 4205 3494 σωτη-

809 3527 903 3582 nis
934 3543 1005 3584 ac
1027 3530 1367 3585 testamenti
1390 3530 1619 3603 reliqua
1658 3531 1978 3587 conﬁcere.
2523 3518 2560 3572 C

2523 3518 2706 3600 δρίαν
2757 3527 2850 3578 οὐκ
2906 3524 3283 3597 ἀπογινώσκειν
3341 3522 3589 3592 ἐλπίδων,
3648 3530 3763 3597 φέρε
3812 3522 3881 3583 δὴ
3937 3544 4029 3577 και
4090 3534 4208 3588 τοῖς

2591 3616 2711 3679 ἑξῆς
2745 3615 3050 3689 προσϐὠμεν
3079 3624 3174 3666 τοῦ
3226 3619 3610 3686 συντακτηρίου
3669 3619 3759 3666 καὶ
3807 3610 4204 3686 διατάγματος.

886 3798 1038 3865 Quid
1068 3798 1248 3870 igitur
1280 3798 1309 3857 ?
1338 3798 1807 3872 Imperatoribus
1838 3801 2026 3856 nostri
2047 3800 2355 3873 quimulta
2384 3802 2483 3857 de-

2465 3846 2483 3853 -
2665 3804 2727 3852 Τί
2778 3798 3076 3871 γούνςτοίς
3127 3796 3269 3871 ἐμοῖς
3318 3792 3600 3870 βασιλεῦσι
3657 3796 3820 3850 πολλὰ
3904 3793 4209 3849 δεδωκόσιν

811 3886 975 3957 dere,
1006 3888 1143 3944 licet
1162 3889 1311 3944 nihil
1334 3890 1594 3945 invicem
1615 3890 2214 3963 reddidimus,neque
2234 3892 2483 3947 reddere

2458 3908 2483 3946 e
2595 3888 2702 3941 ἐπεὶ
2733 3886 2899 3960 μηδεν
2946 3887 3180 3951 ἀντάξιον
3242 3884 3603 3957 ἀπεδώκαμεν,
3647 3889 3753 3939 οὐτ’
3818 3890 4010 3959 ἔχομεν
4071 3885 4209 3939 ἀπο-

809 3994 1162 4049 possumus,
1204 3979 1437 4034 etiamsi
1488 3984 1677 4034 totam
1710 3988 1968 4034 manum‘
2003 3979 2247 4050 plenam
2274 3981 2487 4036 affera-

2459 4012 2487 4033 ,ο
2598 3976 2802 4043 δοῦναι,
2840 3977 2933 4029 κᾶν
2961 3978 3080 4035 ὃλην
3139 3982 3234 4034 τὴν
3282 3985 3442 4048 χεῖρα
3497 3981 3862 4048 προσοὶσωμεν
3909 3995 4210 4047 γεμουσαν,

813 4083 970 4138 mus,
1004 4068 1315 4123 nuncideo
1331 4068 1581 4123 omnino
1604 4068 1778 4123 nobis
1800 4068 2202 4124 deﬁciendum
2239 4086 2487 4142 essepu-

2466 4097 2487 4106 -
2598 4067 2970 4138 ἀπολειφθῆναι
3002 4063 3097 4117 διὰ
3144 4074 3298 4117 τούτο
3359 4062 3467 4117 δεῖν
3529 4063 3658 4117 εἶναι
3710 4072 3799 4116 xui
3849 4074 3941 4116 τού
4013 4070 4213 4125 παντός

812 4156 1076 4211 tabimus
1107 4158 1135 4213 ?
1160 4157 1273 4213 Sed
1296 4158 1554 4229 improbi
1572 4173 1819 4228 prorsus
1834 4174 1903 4212 ac
1930 4159 2150 4227 ingrati
2178 4160 2388 4215 merito
2401 4162 2477 4216 d1-

2467 4195 2477 4200 -
2596 4153 3098 4228 ἡγησομεθα;ἰιλλὰ
3154 4159 3371 4227 πονηροί
3418 4173 3551 4215 τινες
3618 4155 3818 4213 πάντως
3890 4158 3981 4204 καὶ
4041 4152 4215 4224 ἀγνώ-

813 4246 1311 4312 ceremur.Unde,
1344 4246 1452 4300 etsi
1478 4246 1681 4301 minus
1723 4247 1973 4315 dignum
2020 4247 2094 4302 sit
2120 4247 2487 4320 decensque,

2470 4293 2487 4318 ,
2595 4265 2738 4317 μονες
2780 4242 3001 4305 δίκαίως
3041 4242 3348 4315 ἀκούσομεν.
3411 4242 3562 4295 Ὀθεν
3622 4243 3665 4295 εἰ
3718 4248 3807 4294 καὶ
3863 4248 3933 4313 μή
3990 4261 4043 4293 τι
4102 4240 4215 4295 οἷον

813 4335 920 4389 sed
954 4340 1154 4391 tamen
1203 4335 1783 4407 quomodocumque
1806 4336 2185 4391 reddendum
2210 4348 2319 4404 est,
2349 4354 2484 4407 gra-

2463 4371 2484 4380 -
2594 4341 2683 4388 xui
2742 4334 3051 4407 αξιόχρεων,
3103 4332 3212 4383 ἀλλ’
3263 4328 3546 4384 ἀποδοτέον
3605 4333 3907 4397 ὁποσονοῦν,
3970 4328 4212 4403 δείγμα-

811 4422 1076 4478 titudinis
1096 4423 1483 4479 ostendenda:
1512 4440 1717 4487 causa,
1739 4439 1955 4479 aureos
1983 4440 2267 4481 nummos
2427 4430 2485 4482 et

2448 4430 2485 4481 ιι
2592 4444 2679 4485 τος
2702 4423 3095 4494 εὐγνωμοσύνης
3134 4423 3575 4493 ἔνεκεν,χρυσίου
3625 4424 3927 4491 νομίσματα
3959 4462 3973 4473 .
4034 4463 4044 4473 .
4110 4464 4124 4474 .
4186 4464 4199 4475 .

811 4526 883 4566 ex
921 4527 1092 4584 aequo
1121 4511 1273 4567 inter
1298 4515 1527 4567 Patrem
1560 4518 1616 4567 et
1645 4512 2155 4584 imperatorem,et
2190 4513 2399 4571 Filium
2430 4522 2483 4571 et

2458 4522 2483 4567 χι
2603 4555 2616 4567 .
2676 4557 2686 4567 .
2747 4554 2759 4565 .
2817 4554 2829 4566 .
2890 4554 2901 4565 .
2938 4515 3029 4562 καὶ
3070 4506 3354 4582 διαιρετέον
3381 4507 3433 4571 ἐξ
3457 4512 3576 4560 ῖσου
3606 4516 3678 4578 τῷ
3716 4527 3771 4559 τε
3794 4513 3954 4581 πατρὶ
3980 4514 4075 4561 καὶ
4108 4507 4209 4581 βα-

808 4599 1235 4672 imperatorem
1289 4600 1597 4655 dividendi
1652 4606 1811 4658 sunt.

2597 4601 2748 4666 σιλες,
2780 4620 2871 4652 και
2900 4609 2971 4670 τῷ
3002 4600 3119 4669 υἱῷ,
3143 4603 3233 4650 xui
3265 4596 3477 4671 βασιλεῖ
3502 4602 3598 4664 (2).

883 4692 1095 4745 Postea
1110 4705 1329 4761 pueros
1347 4695 1606 4755 nostros,
1625 4694 1685 4745 tu
1709 4706 1845 4761 quae
1862 4690 2239 4746 interomnes
2258 4697 2483 4749 matres
2568 4751 2579 4761 ,

2457 4711 2483 4748 s
2568 4751 2579 4761 .
2665 4694 2809 4743 Μετὰ
2837 4698 3007 4755 τοῦτο,
3059 4685 3258 4750 παῖδας
3303 4690 3469 4759 ημῶν,
3525 4689 3555 4745 ἠ
3608 4686 3846 4759 φιλόπαις
3901 4692 3967 4739 σὺ
4012 4698 4208 4740 πασῶν

810 4778 965 4835 ﬁlios
1022 4785 1155 4834 tuos
1198 4778 1421 4849 diligis,
1464 4779 1802 4841 considera,
1845 4780 1892 4833 si
1934 4778 2181 4851 quidem
2221 4788 2484 4853 quatuor

2457 4800 2484 4839 r
2591 4780 2782 4852 μᾶλλον
2830 4785 3028 4851 μήτηρ,
3098 4776 3400 4847 ἐπίσκεψαι,
3451 4779 3502 4828 οἳ
3559 4773 3627 4833 δὴ
3684 4781 3771 4828 καὶ
3819 4782 4062 4851 τέτταρες
4112 4782 4208 4849 μὲν

810 4868 986 4924 nobis
1015 4868 1119 4923 ﬁlii
1153 4874 1309 4939 sunt,
1354 4872 1411 4923 et
1440 4868 1577 4923 duae
1607 4868 1769 4926 tilias.
2517 4860 2558 4912 Ι)

2517 4860 2558 4912 D
2592 4872 2715 4942 ἡμῖν
2747 4872 2872 4935 υἱοὶ,
2908 4870 3181 4939 θυγατέρες
3218 4863 3277 4919 δε
3303 4862 3401 4918 δύο
3429 4869 3750 4937 γεγένηνται.

885 4960 948 5013 Et
976 4974 1185 5013 earum
1226 4958 1507 5030 primam,
1558 4973 1845 5029 sponsam
1891 4960 2007 5014 Deo
2043 4959 2317 5014 omnium
2352 4976 2457 5029 reg

2664 4964 2763 5011 Καὶ
2792 4961 2987 5009 τούτων
3018 4962 3111 5014 τὴν
3152 4962 3381 5028 πρώτην,
3415 4958 3617 5027 νύμφην
3675 4962 3789 5026 Θεῷ
3850 4964 3922 5025 τῷ
3983 4953 4211 5027 βασιλεῖ

811 5048 1097 5104 libentem
1132 5046 1325 5103 libens
1360 5045 1678 5101 offerentes
1712 5047 2161 5118 conjunximus.
2200 5048 2475 5105 Utinuam

2451 5068 2475 5105 1
2585 5050 2788 5100 πάντων
2878 5046 3098 5099 ἑκοῦσαν
3173 5045 3373 5106 ἑκόντες
3463 5049 3705 5117 φέροντες
3804 5045 4202 5118 ἑνηρμοσαμεν.

811 5137 1019 5194 divino
1042 5136 1143 5193 illo
1170 5136 1453 5207 conjugio
1470 5152 1540 5192 ac
1564 5136 1832 5193 thalamo
1849 5152 2188 5209 numquam
2210 5137 2472 5208 decidat,

2458 5184 2472 5208 ,
2587 5143 2685 5191 Καὶ
2734 5141 2931 5208 γίνοιτο
2982 5138 3177 5193 ταύτην
3232 5140 3365 5205 μήτε
3420 5142 3511 5185 τοῦ
3567 5142 3836 5206 νυμφῶνος
3892 5140 4022 5205 μήτε
4103 5144 4202 5197 τῆς

810 5242 1009 5301 neque
1021 5226 1073 5297 ej
1084 5243 1150 5281 us
1164 5225 1550 5299 splendorem
1563 5225 1797 5282 amittat
1830 5224 1842 5280 Ξ
1873 5226 2046 5292 Quod
2060 5233 2260 5283 autem
2274 5243 2467 5300 perse-

2448 5258 2467 5267 η-
2584 5229 2721 5289 θείας
2775 5221 3053 5285 παστάδος
3112 5224 3411 5289 ἀποπεσεῖν,
3475 5227 3609 5295 μήτε
3658 5231 3754 5285 τῆς
3809 5222 4003 5275 ἐκεῖθεν
4057 5223 4199 5297 λαμ-

885 5555 959 5630 (l)
994 5558 1285 5635 Respectu
1317 5550 1392 5616 ad
1421 5550 1773 5632 parabolam
1805 5551 1949 5635 boni
1985 5559 2246 5635 pastoris
2268 5552 2465 5635 Matth.
2580 5560 2636 5635 τὰ

2440 5586 2465 5619 ι,
2580 5560 2644 5635 τὰ
2711 5556 2803 5635 ὅρη
2890 5548 3178 5632 πορευθεὶς,
3268 5550 3416 5620 ζητεῖ
3486 5548 3544 5607 τό
3620 5544 4191 5626 πλανώμενονςῧοῐιί.

810 5643 973 5709 ινλιιι,
1008 5634 1299 5709 ⁵12
1360 5637 1575 5709 γίνηταί
1634 5653 1735 5685 τινι
1776 5633 2052 5709 Δἀνθρώπῳ
2117 5637 2165 5709 ρ’
2231 5634 2470 5706 πρόϐατα

2231 5634 2470 5706 πρόϐατα
2580 5633 2928 5709 Lu_c.'xv,_4.
3007 5702 3018 5709 _
3133 5702 3160 5709 Δ
3251 5701 3260 5709 _
3343 5700 3352 5709 ,
3426 5704 3436 5709 _
3487 5701 3499 5709 _
3584 5698 3601 5709 ,
3727 5698 3737 5707 .
3848 5698 3867 5709 .
3966 5697 3975 5706 .

810 5707 899 5755 xui
968 5703 1203 5773 πλανηθῇ
1265 5707 1313 5755 ἓν
1368 5698 1429 5765 ’ἐξ
1486 5706 1671 5773 αὐτῶν,
1731 5698 1903 5777 οὐχὶ,¹
1944 5698 2083 5779 ἀφεὶς
2117 5698 2194 5760 ’τὰ
2250 5698 2329 5768 ἥδ
2384 5711 2468 5761 ἐπι

2384 5711 2468 5761 ἐπι
2653 5706 2726 5773 (2)
2755 5698 3096 5759 Andronico
3130 5700 3355 5758 Seniori
3386 5704 3444 5755 et
3469 5698 3816 5755 Andronico
3840 5698 4098 5766 Juniori,
