4434 6452
275 415 411 468 1488

1672 411 2205 471 TESTAMENTUM.

3487 415 3632 471 1486

266 539 545 609 πρότητος.
594 534 680 596 Ὠς
733 537 822 605 μὲν
884 529 972 585 οὖν
1017 538 1105 586 καὶ
1155 539 1595 606 συμπαραμείνοι,
1653 540 1740 586 καί
1799 531 1864 585 δι’
1901 542 1937 589 .\
1980 552 2017 587 Vt

1901 542 1937 589 .\
1980 544 2249 592 vexatura
2280 537 2352 593 sit
2380 543 2436 594 et
2460 539 2519 593 in
2551 542 2839 593 aeternum
2864 551 3003 591 cum
3031 550 3259 607 sponso
3312 538 3633 609 conjuncta

268 628 452 686 αιωνος
501 625 645 675 ἔσται
724 630 796 690 τῳ
870 628 1070 692 νυμφίῳ
1132 618 1501 693 συνδεδεμένη,
1557 619 1721 693 μηδὲν
1780 621 1867 673 λυ-

272 711 419 765 θεῖσα
476 720 565 771 τῆς
629 710 822 762 ἐκείνου
882 707 1254 781 φαιδρότητος,
1304 707 1502 762 δίδωσι
1553 710 1754 783 θαρρεῖν
1780 717 1869 761 xui

268 809 372 861 τοῖς
431 806 775 871 φαινομένοις,
834 798 954 855 ὅλην
1000 804 1093 855 την
1158 800 1342 870 ψυχὴν
1397 798 1663 860 ἐξόπισθεν
1716 799 1869 849 αὐτόν

268 892 614 961 πορευομένην
677 889 844 952 θεῖσα,
921 893 1010 937 καί
1078 891 1170 943 τὴν
1233 883 1455 959 καρδίαν
1505 887 1625 943 ὀλην
1692 883 1872 945 δεινως

266 986 338 1028 τω
370 979 512 1045 πόθῳ
548 974 867 1047 βεϐλημένην
904 980 993 1025 xui
1044 980 1363 1046 τετρωμένην
1424 974 1665 1045 ἀσφαλῶς
1732 975 1872 1044 uir?)

264 1065 731 1139 προσκολλησασα,
807 1069 896 1114 καί
970 1083 1028 1132 γε
1117 1072 1211 1124 τῆς
1264 1062 1454 1115 ἐκείνου
1515 1060 1689 1126 δεξιάς
1737 1063 1871 1114 αντιο

265 1152 651 1223 λαμϐανομένης
691 1150 948 1222 ἐξημμένη
1016 1156 1103 1202 καὶ
1159 1155 1283 1223 πρὸς
1319 1156 1411 1207 τὴν
1469 1150 1515 1203 ἐν
1562 1152 1701 1220 αὐτῷ
1754 1170 1873 1221 χει-

698 1244 1050 1292 κατάπαυσιν.
1134 1242 1306 1310 Ταύτῃ

264 1245 606 1314 ραγωγούσης
698 1244 1050 1292 κατάπαυσιν.
1134 1242 1306 1310 Ταύτῃ
1395 1259 1475 1290 τοι
1561 1246 1649 1291 καὶ
1726 1240 1877 1311 ὀλίγα

262 1334 427 1401 ταύτῃ
484 1326 697 1400 δεομένη
780 1337 878 1378 τῶν
932 1329 1093 1389 κάτω,
1155 1330 1235 1378 ὀτι
1281 1333 1351 1398 μὴ
1429 1334 1517 1379 xui
1562 1333 1728 1399 μόνων
1777 1338 1874 1379 τῶν

266 1418 559 1487 ἀναγκαίων
614 1424 675 1486 τῇ

334 1511 438 1563 Τήν
470 1504 595 1576 ἐμὴν
635 1504 886 1575 μεγάλαις
932 1507 1021 1574 μὲν
1073 1511 1206 1555 Θεόυ
1256 1500 1498 1576 δωρεαῖς,
1560 1503 1869 1576 ὑπερϐολαῖς

266 1591 325 1646 δέ
359 1612 499 1645 τισιν
539 1592 818 1665 οἰκτιρμῶν
857 1600 948 1642 τού
1004 1587 1076 1643 δι’
1127 1592 1287 1642 αύτου
1345 1590 1728 1663 βασιλεύοντος,
1791 1592 1867 1644 εύ-

265 1679 682 1752 δαιμονεστάτην
719 1684 802 1730 xui
862 1680 1252 1750 εὐτυχεστάτην
1298 1678 1620 1751 βασίλισσαν
1689 1683 1785 1750 (1),
1840 1682 1865 1732 ὀ

1980 623 2176 679 futura
2216 626 2308 691 sit,
2330 642 2524 698 neque
2554 641 2822 698 unquam
2849 625 3008 679 huuc
3031 623 3412 695 splendorem
3452 627 3632 681 amis-

1979 726 2139 775 sura,
2164 714 2526 769 conﬁdimus
2557 730 2628 769 ex
2662 715 2753 768 his
2792 728 2927 783 quae
2964 710 3234 766 videmus
3270 719 3425 769 :tota
3474 715 3633 770 enim

1981 801 2185 854 anima
2224 808 2358 872 post
2389 802 2556 857 Illum
2580 802 2778 865 currit,
2813 807 2869 855 et
2892 807 3081 855 totum
3110 816 3211 854 cor
3244 802 3394 855 miro
3425 819 3631 858 amore

1982 889 2320 958 perculsum
2352 897 2407 945 et
2443 890 2817 945 vulneratum
2850 890 3115 943 firmiter.
3156 887 3230 941 llli
3274 889 3524 958 adunat,
3579 897 3634 946 et

1982 977 2110 1046 ejus
2141 977 2394 1033 dexterae
2425 986 2719 1049 protensm
2766 977 3052 1041 adhaeret,
3084 993 3219 1047 quae
3254 979 3328 1032 ad
3373 979 3634 1048 quietem

1982 1071 2268 1121 wternam
2301 1067 2497 1138 ipsam
2530 1068 2718 1121 ducit.
2756 1066 2899 1121 Huic
2927 1080 3071 1119 sane
3112 1066 3319 1136 paucis
3345 1067 3634 1135 indigenti

1983 1154 2172 1224 iisque
2205 1156 2345 1209 solis
2375 1172 2511 1228 quas
2553 1154 2919 1226 corruptibili
2978 1154 3069 1209 isti
3129 1155 3256 1208 vita:
3299 1157 3636 1212 necessaria.

1985 1250 2142 1307 sunt,
2173 1260 2362 1313 pauca
2387 1249 2445 1299 et
2470 1260 2580 1298 nos
2594 1242 3186 1315 relinquimus,quod
3218 1242 3637 1299 nobisvidetur

1985 1328 2256 1386 sufﬁcere
2286 1332 2705 1387 concedentes.

767 1418 1066 1489 φθειρομένη
1133 1416 1261 1486 ζωῇ,
1316 1416 1463 1486 ὀλίγα
1528 1423 1616 1467 xui
1679 1419 1826 1486 ἡμεῖς
1878 1415 2321 1489 ἀπεμερισάμεθα,
2380 1425 2437 1471 τό
2511 1417 2668 1481 δόξαν
2729 1421 2900 1470 ίκανόν
2960 1421 3143 1480 ἱκανῶς
3203 1425 3622 1493 χορηγήσαντες.

2049 1510 2255 1571 Meam,
2290 1509 2387 1562 Dei
2417 1509 2664 1578 quidem
2680 1508 2862 1572 dono,
2882 1507 3065 1562 nimia
3092 1513 3292 1562 autem
3328 1510 3628 1581 Hujusqui

1978 1611 2081 1664 per
2113 1599 2297 1649 Deum
2330 1597 2607 1667 imperat,
2632 1595 3063 1659 misericordia,
3081 1595 3515 1651 faustissimam
3555 1597 3639 1652 fe-

1974 1683 2445 1755 licissimamque
2486 1683 2947 1753 imperatricem,
2982 1683 3109 1753 ipse
3136 1682 3478 1753 imperator,
3550 1683 3633 1738 sic

263 1771 415 1830 αύτός
448 1769 715 1841 βασιλεὺς,
748 1770 880 1820 οὕτω
908 1787 997 1819 του
1039 1777 1170 1821 Θεοῦ
1225 1774 1535 1830 κινήσαντος
1598 1778 1687 1821 καί
1709 1767 1865 1832 δοξαν
1898 1773 1938 1824 Β
1978 1773 2014 1825 U

1898 1773 1938 1824 Β
1978 1773 2095 1825 Deo
2128 1778 2405 1827 movente
2422 1772 2589 1843 quod
2612 1771 2725 1827 sibi
2738 1771 3016 1844 placeret,
3038 1785 3331 1841 sponsam
3350 1771 3450 1825 uni
3484 1770 3631 1825 ﬁlio-

260 1861 423 1930 αύτῷ,
473 1863 676 1930 νύμφην
723 1859 797 1930 ἐφ’
948 1855 1015 1916 δὴ
1068 1864 1157 1911 xui
1183 1859 1339 1911 είλετο
1397 1869 1495 1911 τῶν
1546 1863 1691 1912 υὶέων
1740 1862 1867 1931 ἠγά-

258 1969 397 2019 γετο,
442 1948 640 2022 ἀρίστῳ
698 1950 763 1999 τὰ
792 1950 960 1999 πάντα
989 1954 1077 1999 xui
1117 1947 1376 2019 καλλίστῳ
1426 1954 1521 2016 l2).
1586 1955 1683 2002 Καὶ
1720 1951 1865 2020 ὑμεῖς

259 2041 411 2109 ὀρατε
448 2041 653 2097 πάντως
708 2042 797 2088 xui
854 2036 973 2106 μετέ
1040 2034 1324 2098 ἐκπλήξεως
1373 2040 1562 2089 ὡσανεὶ
1592 2044 1685 2095 την
1721 2058 1863 2109 χρη-

261 2133 492 2184 στότητα
568 2135 667 2176 τῶν
732 2130 934 2196 τρόπων
1008 2126 1318 2196 θαυμάζετε,
1387 2130 1449 2187 ἧς
1487 2134 1602 2187 ταῖς
1657 2146 1863 2199 περιου-

260 2230 399 2283 σίαις
431 2229 519 2275 καὶ
549 2226 636 2274 τόν
668 2222 786 2293 ἐμὸν
823 2222 935 2273 ὂλον
998 2225 1158 2273 πόθον
1221 2227 1346 2293 πρὸς
1403 2222 1582 2275 ἐαυτὸν
1647 2224 1866 2286 ἑλκύσας

256 2312 342 2383 ἐμὲ
391 2321 613 2363 κενώσαι
674 2315 969 2367 πεποίηκεν.
1032 2310 1191 2374 Ἀλλ’,
1268 2312 1306 2360 ὦ
1361 2331 1449 2381 μοι
1502 2318 1567 2363 σύ
1610 2314 1861 2370 καλλίστη

255 2403 489 2470 συζυγία
523 2399 574 2461 ἐξ
605 2400 916 2473 ἀμφωτέρων
948 2408 1048 2450 τὼν
1082 2408 1239 2469 γενῶν
1304 2398 1506 2472 ἀνδρῶν
1537 2407 1623 2452 καὶ
1687 2422 1867 2471 γυναι-

254 2498 357 2540 κῶν
419 2490 532 2540 κατ’
589 2487 800 2558 ἐκλογήν
866 2489 896 2544 η
960 2507 1248 2559 ρμοσμενη,
1308 2495 1397 2540 xui
1452 2492 1861 2561 θαυμασιωτάτη

258 2578 489 2652 ξυνωρὶς,
516 2584 587 2649 μὴ
632 2585 731 2628 τῶν
764 2575 927 2627 ἄλλων
962 2577 1166 2627 πάντων
1225 2581 1375 2647 μόνον
1408 2576 1540 2648 ἐμοὶ,
1591 2579 1718 2631 ἀλλὰ
1778 2600 1865 2632 και

258 2667 428 2727 αὐτῆς
469 2669 834 2737 προτιμωμένη
878 2672 1039 2724 πνοῆς
1074 2670 1159 2716 καὶ
1189 2666 1343 2733 ζωῆς,
1377 2675 1471 2718 σου
1509 2669 1687 2741 χάριν’
1717 2674 1806 2720 xui
1840 2670 1864 2720 0

260 2757 478 2815 θάνατος
510 2753 623 2825 ἐμοὶ
657 2755 1049 2825 μνηυόνεμθεὶς,
1081 2757 1214 2825 μετὰ
1276 2759 1394 2816 τοὺς
1448 2762 1686 2829 πρώτους
1741 2756 1868 2809 ἐκεί-

255 2863 374 2905 νους
402 2849 493 2895 καὶ
534 2842 786 2914 μεγάλους
818 2841 1027 2912 φόϐους,
1064 2846 1141 2894 ἐτι
1208 2840 1589 2919 δηκτικώτερος
1639 2851 1727 2897 καὶ
1778 2866 1865 2897 πι-

254 2940 499 3008 κρότερος
528 2939 783 3004 γίγνεται,
816 2935 896 2983 ότι
918 2952 976 2984 σε
1023 2932 1117 2983 οὐκ
1156 2934 1222 2985 ἔτ’
1257 2933 1455 3007 ὄψομαι
1502 2942 1598 3005 (3),
1655 2933 1793 3005 οὐδ’,
1825 2940 1869 2988 εἰ

255 3028 308 3075 τί
346 3042 403 3093 γε
431 3021 525 3073 κᾶν
556 3030 734 3092 τοῖςιεν
765 3018 899 3091 ᾁδου
937 3025 1149 3093 φρικτόν
1175 3028 1264 3074 καὶ
1318 3021 1479 3085 ἀηδὲς
1538 3024 1750 3095 (μᾶλλον
1786 3021 1864 3091 δὲ,

1976 1874 2108 1913 rum
2136 1876 2305 1930 quem
2338 1859 2542 1925 voluit,
2564 1860 2793 1930 optimo
2825 1875 2896 1914 ac
2915 1859 3319 1931 pulcherrimo
3349 1859 3543 1925 elegit.
3568 1861 3634 1913 Et

1974 1963 2081 2000 vos
2113 1947 2305 2002 Videte
2334 1949 2583 2003 omnino
2608 1953 2665 2002 et
2692 1963 2829 2002 cum
2861 1953 3101 2017 stupore
3127 1962 3364 2000 morum
3391 1946 3631 2002 bonita-

1975 2042 2092 2091 tem
2132 2037 2534 2101 admiremini,
2568 2037 2739 2107 cujus
2757 2042 3428 2091 excessutotummeum
3468 2051 3633 2091 amo-

1975 2141 2099 2179 rem
2133 2124 2210 2179 ad
2244 2142 2303 2179 se
2327 2126 2566 2179 attraxit
2598 2131 2653 2179 et
2675 2124 2979 2195 corripuit.
3038 2122 3173 2189 Sed,
3215 2138 3251 2176 o
3310 2122 3632 2194 pulcherri-

1975 2229 2143 2267 mum
2168 2213 2518 2282 conjugium
2552 2228 2622 2267 ex
2656 2218 2909 2283 utroque
2943 2227 3089 2266 sexu
3120 2211 3384 2265 virorum
3415 2226 3487 2265 ac
3508 2227 3638 2265 mu-

1973 2302 2185 2355 lierum
2219 2301 2454 2371 egregie
2475 2301 2820 2363 formatum,
2837 2298 3335 2355 etadmirandum
3358 2315 3488 2369 par,
3513 2315 3632 2353 non

1974 2391 2158 2444 modo
2184 2390 2312 2445 aliis
2344 2390 2629 2445 omnibus
2655 2406 2691 2445 a
2721 2405 2817 2444 me
2847 2393 3186 2460 praelatum,
3234 2388 3339 2443 sed
3398 2394 3455 2443 et
3498 2404 3635 2443 meo

1977 2481 2204 2550 spiritui
2237 2495 2307 2534 ac
2342 2480 2496 2548 vita},
2536 2479 2619 2533 tui
2651 2494 2836 2533 causa
2866 2494 3029 2532 mors
3066 2493 3203 2549 quae
3241 2477 3385 2531 mihi
3442 2476 3636 2531 immi-

1974 2581 2095 2635 net,
2127 2575 2265 2639 post
2294 2567 2524 2638 primus
2565 2566 2696 2622 illos
2742 2581 3120 2637 magnosque
3150 2565 3412 2633 timores,
3472 2581 3634 2620 mor-

1974 2657 2180 2711 dacior
2228 2657 2601 2727 amariorque
2641 2656 2725 2724 lit,
2780 2670 2850 2709 eo
2889 2654 3054 2726 quod
3098 2659 3149 2709 te
3194 2669 3316 2708 non
3366 2654 3495 2724 jam
3549 2654 3630 2708 vi-

1975 2746 2153 2811 debo,
2185 2760 2399 2816 neque,
2435 2747 2482 2798 si
2530 2744 2677 2815 quid
2733 2744 2794 2798 in
2844 2743 3049 2798 inferis
3091 2742 3373 2798 horrendi
3424 2758 3495 2798 ac
3549 2743 3635 2797 fu-

1976 2834 2227 2888 nestisit
2281 2833 2428 2902 (imo
2489 2849 2627 2888 vero
2685 2848 2808 2889 non
2882 2848 3068 2886 unum
3134 2836 3402 2897 tantum;
3461 2836 3638 2886 erunt

1976 2937 2139 2988 vero,
2171 2921 2294 2976 scio
2338 2921 2640 2993 equidem,
2698 2920 2889 2976 multa
2941 2936 3012 2976 ac
3062 2920 3193 2975 dira
3258 2919 3320 2974 in
3376 2935 3479 2975 eos
3531 2920 3638 2991 qui

1976 3010 2069 3065 his
2100 3012 2162 3065 in
2237 3011 2405 3066 terris
2461 3009 2619 3065 male
2684 3009 2977 3078 vixerint),
3078 3014 3139 3062 tu
3214 3007 3331 3063 sub
3424 3007 3634 3063 oculos

256 3113 363 3183 οὐχ
389 3113 436 3164 ἓν
468 3120 622 3164 τούτο
643 3114 848 3163 ἔσονται
879 3107 960 3178 δὲ,
994 3107 1137 3178 οῖδα,
1166 3112 1328 3165 πολλά
1357 3119 1447 3167 καὶ
1476 3114 1685 3185 χαλεπὰ
1710 3116 1869 3177 ἀξίως
1904 3120 1943 3173 C
1979 3116 2007 3151 ν

1904 3120 1943 3173 C
1979 3100 2239 3169 veniens,
2282 3099 2342 3153 id
2374 3098 2715 3169 dissipabis,
2744 3102 2847 3153 aut
2873 3097 3100 3152 leviora
3125 3096 3306 3152 facies
3328 3096 3456 3151 haec
3501 3096 3635 3151 tris-

257 3202 330 3262 εἰς
364 3197 521 3257 δίκην
554 3209 654 3251 τῶν
697 3199 934 3250 ἐνταυθοῖ
969 3209 1141 3261 κακὼς
1197 3203 1559 3274 Βεειωμένων),
1619 3209 1683 3255 σὺ
1740 3208 1870 3275 πρὸς

258 3293 375 3342 θέαν
418 3289 571 3340 ἰοῦσα
624 3284 913 3352 διαλύσεις,
969 3289 998 3345 ἡ
1068 3294 1125 3339 τό
1178 3309 1237 3359 γε
1291 3288 1525 3364 δευτερον
1587 3297 1872 3365 κουφότερα

255 3384 499 3437 ποιήσεις
524 3380 591 3428 τὰ
624 3380 822 3447 στυγνα
860 3384 1026 3427 ταύτα
1053 3382 1143 3428 καὶ
1175 3381 1484 3451 σκυθρωπὰ,
1547 3384 1615 3441 ὡς
1655 3381 1702 3432 ἐν
1766 3390 1870 3441 τοῖς

257 3475 487 3539 παροῦσι
538 3472 710 3517 πᾶσαν
768 3464 820 3526 ἐξ
896 3464 1117 3538 ἀνιαρῶν
1177 3467 1532 3540 συμϐαμάτων
1607 3475 1869 3541 κουφίςεις

255 3562 346 3607 xui
399 3554 575 3616 τελέως
633 3553 855 3627 ἐξαίρεις
906 3560 1120 3626 πικρίαν
1176 3562 1329 3627 μόνον
1380 3560 1599 3629 ὀφθεῖσα
1631 3580 1642 3592 ·
1686 3564 1774 3610 καί
1812 3578 1871 3631 γε

258 3643 502 3717 βρασμὸν
532 3642 847 3701 καταπαύεις
871 3640 1100 3715 καρδίας
1149 3644 1426 3710 σϐεννυσα,
1471 3653 1558 3699 καὶ
1602 3649 1870 3721 θραυσμόν

258 3735 573 3805 θεραπεύεις,
635 3738 724 3783 καὶ
782 3736 1039 3803 κοιμίζεις
1104 3732 1292 3805 ψυχῆς
1344 3739 1725 3809 παθαινομένης
1783 3743 1872 3789 xui

254 3823 519 3893 λογισμῶν
571 3822 832 3891 τάραχον.
881 3826 943 3872 Τί
1005 3829 1097 3873 τοῦ
1148 3830 1243 3874 σού
1290 3834 1574 3898 χωρισμού
1623 3830 1752 3900 πρὸς
1788 3832 1871 3877 κό-

254 3911 408 3963 λασιν
496 3906 917 3982 δραστικώτερον
963 3928 975 3975 ;
1028 3920 1133 3971 πῶς
1191 3916 1340 3981 οῖσω,
1401 3919 1520 3975 τοὺς
1578 3914 1871 3987 ὀφθαλμούς

256 4003 453 4071 μύσας,
516 3997 705 4069 μᾶλλον
778 3994 829 4050 δ’
903 3998 1047 4059 ὅλους
1104 3999 1419 4074 ἐῤῥυηκότας
1469 4002 1869 4085 ἀποϐαλόμενος’

255 4092 317 4141 τό
374 4094 464 4140 σόν
522 4086 707 4149 κάλλος
758 4093 848 4139 καὶ
895 4093 952 4140 τὸ
993 4087 1082 4140 τοῦ
1142 4098 1424 4164 προσώπου
1477 4094 1626 4153 οἶνθος
1683 4100 1771 4146 xui
1814 4098 1872 4145 τό

258 4188 357 4239 τῆς
414 4184 615 4249 μορφῆς
668 4179 856 4249 ὡραῖον
894 4176 1106 4230 ἀθέατον
1147 4198 1159 4243 ς
1199 4186 1288 4242 Τίς
1338 4180 1450 4233 ἀνθ’
1490 4184 1630 4254 ὑμῶν
1667 4181 1714 4233 ἐν
1761 4184 1867 4254 ὁμι-

258 4267 398 4325 λίαις
446 4264 641 4317 ἐσεῖταί
706 4265 997 4335 γλυκαίνων
1046 4273 1136 4319 καὶ
1202 4273 1563 4340 στυγνάζοντα
1637 4291 1872 4343 παρακα-

258 4355 359 4407 λῶν
432 4359 523 4405 καὶ
582 4356 1066 4426 παραμυθούμενος,
1110 4364 1181 4426 τῷ
1242 4368 1507 4432 χωρισμῷ
1544 4360 1571 4418 ῆ
1612 4365 1702 4412 καὶ
1759 4369 1874 4421 ταῖς

1978 3189 2060 3242 tia
2087 3203 2157 3242 ac
2179 3186 2500 3253 horrenda,
2544 3193 2606 3241 ut
2638 3202 2819 3252 nunc,
2849 3185 2951 3240 ubi
2984 3201 3267 3257 appares,
3296 3201 3541 3240 omnem
3564 3202 3635 3240 ex

1981 3276 2211 3330 miseris
2260 3274 2574 3330 eventibus
2659 3279 2856 3329 ortum
2910 3289 3227 3329 maerorem
3284 3272 3523 3344 mitigas
3566 3288 3638 3329 ac

1979 3364 2228 3419 omnino
2261 3363 2497 3433 aufers;
2532 3368 2588 3417 et
2616 3378 2759 3417 sane
2792 3362 2988 3417 cordis
3015 3367 3216 3417 motus
3249 3361 3424 3415 sedas
3455 3366 3513 3416 et
3542 3377 3638 3416 ex-

1981 3454 2253 3523 stinguis,
2286 3458 2344 3508 et
2367 3453 2609 3508 vulnera
2633 3450 3151 3521 sanas,etaﬂ1ictaa
3179 3453 3397 3507 anima:
3419 3451 3641 3521 cogita-

1984 3546 2102 3598 tion
2113 3558 2334 3614 umque
2349 3542 2671 3597 tumultum
2686 3541 2860 3598 lenis.
2877 3542 3045 3606 Quod
3059 3540 3268 3595 durius
3283 3540 3639 3613 supplicium

1980 3650 2168 3707 quam
2200 3641 2311 3689 ate
2344 3634 2611 3706 separari
2648 3634 2674 3687 ?
2705 3632 3019 3697 Quomodo
3071 3633 3425 3700 sustineam,
3482 3637 3640 3704 post-

1981 3740 2166 3796 quam
2198 3724 2403 3779 oculos
2417 3723 2706 3791 clausero,
2733 3723 2856 3776 imo
2897 3737 3035 3777 vero
3072 3727 3224 3777 totos
3257 3737 3358 3776 eos
3387 3720 3642 3776 eﬂluxos

1982 3814 2261 3875 amisero,
2286 3819 2450 3868 tuam
2478 3811 2985 3885 pulchritudinem
3010 3810 3273 3866 etvultus
3306 3812 3390 3866 tui
3429 3811 3639 3866 ﬂorem

1983 3899 2868 3974 tuzequefortunaesplendorem
2878 3899 2999 3970 jam
3045 3899 3573 3970 noncontemplari
3616 3902 3644 3953 ?

1984 3992 2126 4056 Quis
2180 4005 2290 4062 pro
2322 3990 2517 4055 vobis,
2562 3989 2775 4044 mediis
2803 3989 2860 4044 in
2895 3988 3139 4043 coetibus
3166 3987 3271 4043 erit
3325 3987 3554 4043 leniens
3587 3996 3644 4043 et

1984 4078 2272 4135 afﬂictum
2308 4078 2630 4134 consolans
2662 4077 3640 4148 etadhortansvestriseparatione

1984 4177 2039 4223 et
2071 4169 2281 4223 futurae
2310 4168 2443 4223 vitae
2474 4169 2669 4238 pmnis
2702 4166 3125 4222 vulneratum?
3155 4164 3348 4222 Eheu!
3373 4182 3467 4221 me
3487 4170 3644 4235 teget

1983 4258 2178 4327 gravis
2207 4258 2382 4329 lapis,
2424 4260 2480 4312 et
2511 4254 2774 4311 tumulus
2803 4271 2897 4310 me
2927 4255 3153 4327 operiet
3192 4273 3205 4322 ;
3239 4260 3296 4310 et
3333 4271 3470 4309 cum
3531 4272 3641 4310 vos

1983 4363 2188 4403 amore
2212 4346 2372 4400 ducti
2405 4346 2720 4415 accedetis,
2747 4350 2801 4400 ct
2830 4343 2992 4399 dulci
3028 4360 3169 4400 voce
3217 4349 3447 4416 patrem
3476 4360 3639 4399 com-

260 4443 426 4495 ἐκεῖσε
479 4442 724 4513 μάστιξιν
807 4440 1129 4516 ὀδυνώμενον
1169 4463 1181 4512 ;
1223 4450 1401 4518 Οἰμοι,
1481 4450 1562 4499 ὁτι
1597 4468 1659 4519 με
1729 4449 1873 4510 λίθος
1909 4465 1951 4516 υ
1984 4453 2011 4508 F

1909 4465 1951 4516 υ
1984 4436 2304 4508 pellabitis,
2329 4450 2441 4505 ego
2490 4435 2638 4490 cinis
2698 4434 2896 4489 inanis
2938 4437 2995 4489 et
3041 4449 3181 4489 ossa
3233 4432 3399 4488 omni
3462 4448 3639 4488 carne

259 4532 484 4603 καλύψει
520 4530 688 4604 βαρύς
732 4537 822 4584 καὶ
879 4536 1035 4604 τάφος
1088 4536 1400 4609 συγκρύψει,
1473 4543 1586 4602 xui,
1624 4539 1765 4610 ύμών
1803 4548 1874 4609 τῷ

261 4620 456 4693 φίλτρῳ
536 4625 877 4692 κεκινημένων
940 4629 1029 4675 xui
1081 4631 1422 4697 προσιόντων,
1492 4632 1583 4679 καὶ
1666 4637 1874 4700 γοεραῖς

262 4706 451 4782 φωναῖς
503 4708 925 4783 ἀνακαλουμένων
989 4718 1075 4764 τὸν
1133 4720 1351 4784 πατέρα,
1389 4720 1529 4777 κόνις
1591 4717 1659 4767 ὢν
1726 4724 1869 4790 κωφὴ

258 4804 351 4851 καὶ
408 4799 539 4851 ὀστᾶ
625 4804 757 4871 μόνα
853 4807 1221 4875 γεγυμνωμένα
1300 4807 1475 4866 πάσης
1538 4824 1729 4878 σαρκος
1784 4812 1873 4859 καὶ

262 4890 575 4949 αίσθὸσεως,
616 4890 640 4940 ὀ
674 4892 740 4941 τὰ
781 4889 946 4942 πολλὰ
983 4900 1070 4943 νυν
1098 4892 1196 4963 ἐγὼ
1264 4893 1450 4960 λαλῶν,
1488 4891 1696 4967 οὐδαμῆ
1759 4900 1875 4949 οὔτε

260 4986 552 5048 τῆςφωνῆς
620 4980 761 5050 υμῶν
821 4983 937 5031 οὔτε
992 4989 1081 5040 τῆς
1143 4982 1322 5044 λαλιᾶς
1379 4982 1568 5035 ἐπαίων
1630 4988 1873 5055 γνωσθη-

262 5086 424 5138 σομαι
466 5066 479 5120 l
530 5067 683 5119 Ἀλλὰ
735 5073 966 5141 περιττὸν
1021 5074 1148 5133 ἴσως
1185 5072 1268 5125 ἐπὶ
1320 5081 1428 5135 τοῖς
1481 5093 1732 5136 τοιούτοις
1775 5095 1876 5148 μη,

330 5371 413 5451 (1)
467 5379 797 5457 Annotator
821 5377 1295 5457 recentissimus,
1335 5393 1517 5457 quem
1554 5378 1866 5440 Boivinum

260 5465 393 5506 esse
434 5452 728 5523 suspicor.
761 5452 839 5509 ad
876 5454 1213 5524 marginem
1266 5452 1488 5511 codicis
1524 5474 1535 5522 ;
1576 5478 1603 5504 α
1640 5460 1864 5523 lrenen,

309 5538 401 5576 uae
444 5531 651 5601 postea
705 5525 949 5601 hiulogia
1006 5527 1320 5583 nominata
1377 5532 1480 5582 est.
1519 5548 1546 5576 ››
1578 5530 1871 5601 Nupserat

297 5594 480 5649 canni
518 5594 880 5665 Paleeologo.

343 5666 419 5734 (2)
443 5664 994 5744 [demannotatorz
1029 5692 1054 5720 ‹‹
1101 5667 1380 5727 Nondum
1416 5669 1619 5744 itaque
1654 5669 1885 5728 obierat

269 5738 531 5808 Despota
559 5738 814 5797 Chumni
842 5755 1045 5812 gener.
1084 5763 1106 5792 ι

1983 4526 2213 4581 nudata
2242 4529 2299 4580 et
2328 4541 2531 4591 sensu,
2565 4540 2676 4594 ego
2702 4524 2807 4596 qui
2832 4539 2994 4578 nunc
3049 4529 3134 4578 tot
3178 4521 3363 4577 verba
3412 4523 3638 4589 emitto,

1982 4630 2177 4686 neque
2198 4630 2408 4669 vocem
2436 4618 2718 4667 vestram.
2740 4627 2935 4682 neque
2954 4616 3178 4665 vestros
3208 4625 3515 4665 sermones
3533 4625 3641 4665 au-

1982 4702 2147 4758 diam
2182 4701 2323 4757 !Sed
2356 4702 2579 4757 forsam
2614 4706 2702 4755 est
2755 4699 3129 4772 superﬂuum
3182 4698 3496 4753 sictalibus
3531 4700 3641 4753 im-

1983 4790 2229 4857 morari,
2261 4790 2551 4861 quoniam
2579 4788 2674 4843 hic
2708 4804 2904 4860 neque
2932 4795 3143 4842 cantus
3172 4792 3264 4842 est
3294 4803 3489 4859 neque
3526 4793 3642 4843 tra-

1984 4879 2316 4951 gmdia,sed
2333 4879 2462 4933 sola
2483 4879 2687 4933 mortis
2702 4893 2855 4932 mem
2865 4877 3073 4946 oria,et
3088 4883 3148 4931 ut
3162 4877 3369 4948 paucis
3382 4876 3639 4944 dicatur,

1987 4976 2046 5024 ut
2078 4986 2201 5023 rem
2232 4974 2588 5039 praesentem
2608 4967 2793 5036 decet,
2810 4982 2947 5038 qum
2963 4966 3244 5022 humana;
3260 4971 3489 5020 naturae
3506 4971 3645 5022 sunt

1983 5057 2350 5123 necessario,
2381 5062 2445 5111 ut
2475 5060 2611 5128 pote
2635 5054 2888 5125 mortali,
2915 5055 3130 5110 vincta.
3166 5054 3331 5109 Unde
3360 5059 3417 5109 et
3445 5052 3523 5109 ab
3546 5053 3640 5110 his

1982 5147 2290 5213 recedens,
2309 5146 2523 5216 longos
2554 5160 2748 5202 annos
2775 5144 3277 5214 vivas,etlteteris,
3301 5149 3359 5200 et
3384 5143 3644 5199 exsultes

2050 5383 2126 5454 (3)
2163 5378 2399 5454 Similes
2430 5376 2732 5452 querelas,
2778 5380 2842 5431 ut
2872 5374 3253 5454 phiIQSOphis
3283 5380 3339 5431 et
3368 5372 3643 5454 christiaf

1980 5446 2072 5510 nis
2112 5446 2556 5523 'iudignasfac
2613 5463 2859 5523 prorsus
2912 5446 3278 5523 indecoras,
3342 5447 3645 5523 vituperat

1979 5529 2238 5582 Joannes
2266 5519 2501 5594 Chryst.
2549 5519 2742 5594 Eclog.
2777 5535 2837 5591 p.
2898 5522 3002 5574 229
3051 5538 3062 5574 :
3111 5519 3171 5571 Εἰ
3223 5521 3324 5592 γὰρ
3372 5522 3643 5594 ἐπίστευον

1993 5599 2073 5650 ὅτι
2122 5599 2147 5649 ὀ
2208 5587 2573 5653 τετελεύτηκὼς
2638 5587 2711 5644 ού*
2774 5587 3322 5658 τετεκεύτηκεννξηξ
3397 5589 3493 5642 οὐκ
3584 5587 3645 5639 ἃν

1992 5673 2237 5729 τοιαύτας
2303 5668 2504 5740 ἀφῆκαν
2550 5667 2719 5737 φωνὰς
2794 5662 3042 5723 ἀπιστίας
3112 5665 3394 5735 γεμούσας,
3435 5684 3465 5713 ‹‹
3538 5660 3645 5713 ού-

1993 5746 2106 5795 έκτι
2146 5760 2203 5794 σε
2230 5739 2448 5812 ὄψομαι.
2481 5759 2513 5790 ιο
