4434 6452
834 395 973 454 4487

833 536 1029 593 neque
1067 519 1403 592 quidquam
1449 518 1610 576 triste
1664 535 1934 593 unquam
1983 520 2330 593 experiaris,
2368 518 2492 574 Deo

831 608 985 664 inter
1012 623 1303 680 prospera
1336 608 1523 663 vitam
1548 613 1803 664 vestram
1831 610 2083 665 ducente
2114 614 2169 665 et
2229 610 2490 663 sinceras

832 694 1069 750 divitias
1094 698 1435 764 praestante,
1464 694 1612 751 dum
1685 712 1791 751 vos
1837 695 2386 769 irreprehensibiles
2428 694 2490 750 in

833 782 1138 838 mandatis
1167 782 1492 854 acjustitiis
1545 784 1675 853 ejus
1722 785 2137 851 ambulabitis,
2191 790 2249 840 et
2298 784 2358 839 in
2416 782 2488 837 iis

831 872 1140 943 praeceptis
1177 886 1314 943 quae
1354 871 1575 926 semitis
1609 872 1823 928 nostris
1868 872 2070 929 lumen
2133 872 2376 929 faciunt.
2426 875 2489 927 in

830 959 1056 1031 quibus
1087 964 1143 1014 et
1166 959 1383 1028 jugiter
1406 959 1711 1015 adluerere
1740 965 1797 1017 et
1827 976 2142 1034 nunquam
2189 960 2488 1017 declinare

831 1052 935 1101 aut
966 1048 1531 1120 transgredi,neque
1554 1049 1736 1121 pedes
1782 1051 1860 1104 ad
1887 1048 2483 1122 lapidemolfendere,

829 1134 1045 1190 duram
1060 1151 1277 1207 nempe
1296 1142 1352 1191 et
1381 1139 1674 1208 optimam
1711 1138 2139 1195 conscientiam
2170 1137 2485 1194 laedentem

829 1238 897 1277 ex
940 1228 1115 1278 acuto
1147 1230 1203 1278 et
1240 1223 1803 1281 infructuosocorde
1821 1231 2013 1281 ortam
2042 1226 2486 1295 cogitationem,

828 1315 1091 1366 vestrum
1130 1317 1218 1366 est
1254 1312 1669 1387 gratissimum
1702 1329 1855 1385 opus
1878 1319 1933 1369 et
1958 1316 2232 1370 omnium
2269 1314 2488 1383 linguis

824 1400 1620 1473 jactatum,mirandumque
1635 1403 1978 1458 estomnino
1992 1410 2199 1459 votum
2212 1408 2485 1458 vestrum.

830 1490 895 1543 Et
914 1488 1091 1557 igitur
1120 1503 1230 1544 nos
1255 1504 1373 1544 non
1392 1489 1589 1545 solum
1609 1495 1797 1545 totum
1837 1506 2106 1547 amorem
2150 1496 2422 1547 nostrum
2437 1495 2493 1547 et

830 1576 1225 1641 desiderium,
1254 1577 1357 1631 sed
1389 1593 1601 1633 omnes
1626 1577 1746 1633 fere
1803 1580 2041 1634 divitias
2083 1580 2493 1651 impertiemur

835 1679 945 1719 nec
964 1670 1284 1719 vestrorum
1298 1664 1623 1737 quidquam
1639 1665 1809 1721 vobis
1825 1666 2045 1734 deerit;
2067 1668 2491 1740 quodcumque

826 1758 1027 1808 autem
1060 1753 1154 1809 vel
1185 1754 1505 1809 minimum
1526 1760 1765 1810 amatre
1784 1756 2105 1828 accipietis,
2122 1756 2271 1811 illud
2284 1756 2490 1812 scitote

825 1841 908 1897 ita
933 1841 1081 1897 mihi
1114 1841 1311 1897 visum
1335 1847 1391 1897 et
1416 1842 1589 1913 juxta
1604 1859 1803 1899 meam
1826 1844 2196 1901 voluntatem
2237 1844 2484 1901 factum.

824 1926 940 1987 εἰδη
951 1950 1032 1982 σιν
1105 1932 1363 2004 θραύοντα
1450 1931 1702 2004 λογισμόν

2182 390 2547 452 NICEPHORI
2587 388 2877 451 CHUMNI.

4070 391 4206 447 1488

2600 520 2787 585 κύνειν,
2818 517 2928 571 ἐπεὶ
2969 515 3109 591 μηδὲ
3162 513 3402 591 μονῳδία
3426 518 3490 568 τὰ
3520 519 3751 589 παρόντα
3805 519 3891 566 xui
3935 512 4212 589 τραγῳὸια

2600 611 2685 657 καὶ
2740 609 2922 681 θρῆνος
2984 607 3270 678 ἐπιτάφιος,
3325 611 3504 678 μνήμη
3539 601 3597 656 δε
3627 608 3758 675 μόνη
3794 605 4041 668 θανάτου,
4095 610 4207 673 καὶ,

2600 696 2668 755 ὡς
2703 697 2750 746 ἓν
2783 694 3021 768 βραχέσι
3048 697 3199 768 φάναι
3232 699 3323 747 καὶ
3352 694 3576 745 καθόσον
3614 697 3873 765 προσήκει
3918 700 3992 763 τῷ
4044 691 4207 762 λόγῳ,

2598 782 2664 833 τά
2690 780 2741 843 ἐξ
2781 780 3006 854 ἀνάγκης
3050 792 3112 855 τῇ
3147 781 3438 857 ἀνθρωπίνῃ
3497 784 3670 853 φύσει,
3729 781 3887 851 θνητῇ
3936 798 3995 849 γι
4048 783 4209 848 οὔσῃ,

2597 874 3007 944 παρεζευγμένα.
3078 870 3232 924 ’Ὀθεν
3303 874 3415 938 καὶ,
3486 868 3731 940 ἀφέμενος
3791 871 4003 932 τούτων,
4070 868 4211 937 ζῴης

2598 957 2648 1019 ἐς
2673 964 2930 1031 μήκιστα,
2983 965 3140 1033 φημὶ,
3192 978 3397 1034 χρόνων
3451 962 3721 1030 μηκίστων
3768 961 3859 1009 καὶ
3906 960 4211 1028 συνευφραί-

2596 1051 2702 1098 νοιό
2739 1066 2799 1119 γε
2854 1053 2944 1100 xui
2995 1048 3357 1119 συναγαλλοιο,
3400 1051 3491 1097 καὶ
3532 1044 3711 1105 λάϐοις
3765 1041 4031 1117 μηδεμίαν
4099 1063 4209 1115 μη-

2599 1132 2783 1188 δέποτε
2862 1144 3043 1211 πεῖραν
3122 1132 3345 1208 μηδενός
3415 1143 3516 1186 τῶν
3579 1134 3897 1198 λυπούντων,
3949 1138 4075 1185 Θεοῦ
4118 1127 4212 1183 διὰ

2597 1232 2696 1276 τῶν
2728 1224 3078 1300 εὖθυμοτέρων
3106 1223 3185 1277 ἀεὶ
3235 1228 3321 1276 τόν
3354 1221 3472 1296 βίον
3515 1224 3636 1293 ὑμῖν
3693 1224 3907 1293 ἄγοντος
3950 1225 4039 1272 καὶ
4090 1240 4212 1292 τρν-

2600 1317 2697 1385 φὴν
2754 1312 3007 1388 ἀκραιφνῆ
3067 1320 3451 1387 χορηγοῦντος,
3521 1309 3809 1382 ἀμέμπτοις
3869 1309 3920 1361 ἐν
3972 1316 4085 1369 ταῖς
4137 1307 4211 1359 ἑνο

2599 1401 2773 1463 τολαῐς
2848 1403 3007 1454 αὑτοῦ
3070 1407 3161 1454 καὶ
3222 1407 3333 1461 τοῖς
3383 1396 3725 1471 δικαιώμοσι,
3786 1402 3877 1449 καὶ⁹
3933 1405 4036 1457 τοῖς
4094 1404 4210 1457 ταῖς

2599 1488 2799 1563 τρίϐοις
2845 1492 2989 1563 ὑμῶν
3057 1499 3166 1562 φῶς
3217 1489 3497 1562 ἐμποιοῦσι
3554 1488 3935 1560 προστάγμασι
3986 1486 4061 1556 (1)
4122 1490 4213 1536 καὶ

2602 1582 2731 1653 πρὸς
2783 1579 2935 1631 αὐτόν
2991 1580 3151 1651 ὀρθῶς
3209 1574 3487 1648 ὁδηγοῦσι,
3560 1575 3918 1648 πορευομένοις
3951 1591 3962 1602 ’
3993 1575 4068 1635 οἷς
4122 1577 4214 1623 καί

2598 1670 2655 1719 τό
2722 1666 2949 1740 ἐμμένειν
3022 1666 3119 1734 ἀεὶ,
3209 1672 3298 1719 καὶ
3354 1662 3579 1738 μηδαμῆ
3667 1663 4022 1736 παρεκκλίνειν
4069 1658 4213 1733 μηδε

2600 1758 3007 1829 παρενηνέχθαι,
3056 1752 3195 1829 μηδέ
3252 1759 3374 1816 τοῦς
3435 1751 3601 1814 πόδας
3645 1757 3842 1811 ἣκιστα
3882 1755 4014 1826 πρὸς
4064 1751 4211 1803 λίθον

2604 1841 2755 1907 δόξαι
2783 1850 3109 1919 προσκόχαι,
3145 1844 3368 1918 σκληρόν
3393 1848 3524 1902 ἴσως
3580 1847 3668 1894 καὶ
3717 1846 3813 1899 τὴν
3864 1840 4026 1899 καλὴν
4088 1860 4211 1892 συν-

1805 1932 1859 1995 ἑξ
1922 1933 2252 2007 ἀκροστόμου
2326 1940 2413 1986 καὶ
2500 1931 2737 2007 ἀκάρπου
2783 1930 3005 2006 καρδίας
3067 1936 3166 2003 (2),
3230 1936 3377 2007 ἔργον
3433 1933 3574 2003 ὑμῶν
3623 1928 3879 2003 ἐπιμελὲς,
3936 1934 4027 1982 καὶ
4090 1935 4211 1990 ταῖς

836 2018 1074 2071 ἁπάντων
1150 2024 1376 2092 κείμενον
1439 2020 1709 2091 γλώσσαις
1792 2026 1881 2073 καὶ
1965 2025 2099 2074 πάνυ
2178 2044 2223 2075 τι
2279 2023 2671 2095 θαυμαζόμενον
2746 2020 3093 2096 σπούδασμα,
3147 2027 3247 2076 Καὶ
3302 2028 3428 2093 γοῦν
3486 2022 3635 2092 ἡμεῖς
3685 2020 3807 2091 ὑμῖν
3860 2019 3919 2071 οὐ
3979 2021 4037 2070 τὸ
4106 2024 4212 2070 πᾶν

835 2109 988 2179 ἔσμεν
1018 2111 1171 2179 μόνον
1230 2108 1437 2183 φίλτρον
1494 2114 1583 2161 καὶ
1632 2111 1792 2162 πόθον
1835 2114 1920 2162 τόν
1974 2110 2106 2178 ὅλον,
2172 2110 2299 2163 ἀλλα
2344 2131 2394 2163 τι
2441 2117 2531 2164 καὶ
2583 2115 2669 2165 τὸν
2720 2112 2832 2164 ὅλον
2880 2109 3079 2184 σχεδόν
3132 2110 3353 2163 πλοῦτον
3396 2115 3731 2177 κενώσαντες,
3792 2112 3882 2160 καὶ
3946 2104 4052 2159 δέει
4109 2115 4212 2158 τὼν

834 2198 1090 2269 ὑμετέρων
1184 2197 1305 2269 ὑμῖν
1388 2194 1600 2259 οὐδενός
1685 2202 1759 2250 ἔτι
1833 2219 1845 2233 ·

833 2290 922 2337 καὶ
954 2288 1085 2337 κατὰ
1113 2291 1326 2357 γνώμην
1350 2292 1703 2360 γεγενημένον.

902 2372 987 2429 Tu
1014 2375 1314 2430 veromihi
1338 2374 1597 2432 ﬁliorum
1620 2377 2040 2449 primogenite,
2071 2394 2221 2436 meae
2262 2378 2490 2436 deliciae
2523 2380 2566 2433 Β

819 2478 1145 2535 meumque
1160 2472 1581 2521 ornamentum
1592 2482 1763 2535 ,meae
1778 2466 1981 2537 gloriae
1995 2467 2310 2540 splendida
2322 2485 2488 2525 coro-

816 2567 918 2615 na,
952 2551 1147 2607 dulcis
1175 2558 1231 2609 et
1259 2553 1509 2610 omnino
1537 2555 1741 2611 suavis
1778 2562 2141 2628 aspectus,et
2161 2557 2337 2613 totius
2361 2558 2487 2613 ani-

817 2656 933 2695 mae
962 2657 1112 2697 meae
1161 2642 1483 2715 cordisque
1536 2643 1873 2701 ineffabiles
1914 2662 2152 2702 amores
2193 2646 2482 2716 excitans,

813 2729 950 2785 vide
974 2735 1030 2786 et
1056 2730 1447 2804 alonginquo
1471 2737 1527 2789 et
1550 2733 1681 2803 jam
1712 2749 1874 2790 nunc
1894 2736 1999 2807 qui
2036 2741 2175 2807 post
2214 2736 2480 2791 metutu-

812 2834 918 2873 rus
947 2820 1029 2874 sis
1058 2824 1114 2875 et
1153 2827 1438 2893 quantus,
1472 2828 1677 2891 gratus
1719 2838 1937 2895 nempe
1965 2830 2018 2880 et
2047 2840 2286 2897 semper
2302 2824 2478 2880 matri

812 2905 1060 2963 obedire
1087 2914 1333 2979 paratus
1362 2915 1418 2963 et
1456 2908 1648 2964 facere
1679 2925 1816 2982 quae
1848 2911 1960 2983 ipsi
2006 2912 2339 2985 placuerint
2388 2912 2477 2983 ip-

812 3012 1066 3069 samque
1095 2997 1379 3068 juverint,
1410 2997 1607 3067 legem
1640 2999 1738 3055 Dei
1759 2999 2115 3056 observans.
2142 3001 2292 3057 Nihil
2312 3002 2473 3057 enim

815 3089 1104 3155 praestare
1128 3090 1300 3156 potes
1332 3085 1497 3156 quod
1528 3087 1708 3157 digne
1740 3088 1871 3158 ejus
1903 3088 2230 3159 doloribus,
2265 3094 2473 3146 cumte

810 3175 1034 3243 genuit,
1063 3175 1318 3245 autejus
1349 3176 1680 3241 curis,cum
1706 3177 1971 3245 tealeret,
2002 3184 2106 3235 aut
2129 3178 2280 3247 aliis,
2306 3195 2471 3251 quae-

808 3279 1047 3336 cunque
1086 3264 1323 3332 fuerint,
1364 3265 1668 3322 beneﬁciis
1714 3269 2097 3341 respondeat,
2149 3270 2382 3326 etiamsi
2414 3274 2469 3327 te

809 3358 999 3409 totum
1025 3353 1367 3426 impendas,
1392 3356 1700 3429 vitamque
1717 3357 2069 3429 profundas.
2103 3359 2254 3425 Quid
2268 3360 2424 3415 enim
2440 3359 2468 3415 ?

810 3442 891 3509 Si,
921 3443 1086 3515 quod
1117 3445 1416 3517 accepisti,
1451 3446 1802 3513 reddideris,
1842 3449 2109 3519 corporis
2154 3449 2214 3504 in
2252 3453 2465 3505 mater-

805 3531 898 3587 nis
928 3532 1260 3588 visceribus
1302 3534 1747 3604 formationem,
1776 3536 2072 3610 simulque
2091 3538 2463 3593 animiecum

803 3620 904 3677 illo
936 3622 1449 3692 conjunctionem,
1473 3629 1530 3680 et
1558 3641 1696 3679 cum
1721 3626 1897 3681 tantis
1925 3626 2235 3682 doloribus
2257 3626 2463 3683 nativi-

1940 2203 2126 2274 μικρὸν
2174 2196 2224 2252 δ’
2288 2202 2409 2252 ὅσον
2468 2205 2597 2275 πρὸς
2656 2204 2852 2275 μητρός
2898 2200 3147 2271 λήψεσθε,
3199 2199 3339 2252 τοῦτ’
3391 2202 3505 2250 ἴστε
3554 2202 3644 2249 καὶ
3710 2195 3824 2269 ἐμοὶ
3895 2192 4213 2267 δεδογμένον

2675 2382 2739 2429 Σὺ
2772 2375 2831 2430 δέ
2853 2396 2944 2450 μοι
2971 2384 3072 2429 τῶν
3102 2378 3251 2429 υἱέων
3289 2376 3314 2427 ό
3342 2382 3543 2451 πρῶτος
3586 2374 3682 2444 (3),
3742 2375 3802 2424 τὸ
3854 2370 3972 2444 ἐμόν
4027 2370 4212 2445 ἕντρύ-

2603 2486 2749 2540 φημα
2786 2471 2876 2519 καὶ
2937 2465 3303 2537 καλλώπισμα,
3374 2465 3399 2515 ό
3449 2472 3539 2524 τῆς
3578 2462 3707 2534 ἐμῆς
3734 2465 4047 2533 καυχήσεως
4073 2459 4211 2532 λαμ·

2598 2559 2728 2629 πρὸς
2780 2558 3028 2627 στέφανος
3104 2552 3208 2625 (4),
3268 2554 3296 2610 ἠ
3354 2552 3571 2623 γλυκεῖα
3633 2555 3723 2602 καὶ
3788 2551 4061 2624 κατάκρως
4126 2550 4211 2619 (5)

2598 2643 2855 2716 θέλγουσα
2884 2643 3114 2719 ἐρατεινὴ
3147 2641 3289 2712 ὄψις,
3329 2645 3419 2692 καὶ
3493 2647 3586 2701 τῆς
3636 2638 3763 2711 ἐμῆς
3812 2638 3932 2700 ὅλης
3988 2637 4206 2709 ψυχῆςι

2592 2730 2814 2806 καρδίας
2858 2732 3001 2802 ὅλης,
3058 2738 3300 2807 στοργαῖς
3353 2728 3595 2804 ἀρρήτοις
3636 2727 3683 2790 ές
3743 2726 3908 2800 βάθος
3965 2725 4210 2798 ἐφικνου-

2589 2827 2736 2893 μένη,
2770 2827 2952 2875 σκόπει
2992 2840 3082 2893 μοι
3119 2825 3208 2872 καὶ
3260 2821 3517 2894 μακρόθεν
3576 2823 3665 2869 xui
3719 2816 3774 2869 ἐκ
3826 2825 3927 2868 τῶν
3983 2824 4073 2867 νῦν
4128 2822 4210 2877 τίς

2588 2911 2647 2963 ἀν
2680 2917 2768 2965 καὶ
2806 2912 2915 2985 μετ’
2939 2911 3028 2983 ἐμὲ
3075 2914 3245 2982 γένοιο
3292 2929 3382 2961 και
3440 2911 3579 2975 ὅσος,
3634 2906 3908 2979 εὐγνώμων
3942 2907 4054 2979 οἶμα
4112 2911 4209 2959 xui

2584 3004 2848 3075 πρόθυμος
2877 3004 3047 3054 πάντα
3075 3002 3406 3053 καθυπείκειν
3471 3002 3651 3072 μητρὶ,
3710 3002 3799 3050 καὶ
3861 2997 3983 3069 φίλα
4033 2999 4207 3071 πράτ-

2581 3111 2683 3144 τειν
2758 3091 2889 3163 αὐτῇ
2951 3094 3041 3143 καὶ
3098 3093 3480 3163 κεχαρισμένα,
3564 3094 3698 3139 Θεοῦ
3789 3094 3955 3139 ταῦτα
4021 3091 4203 3158 νόμοις

2582 3180 2986 3253 κεκελευσμένος.
3069 3176 3249 3251 Ἔχεις
3313 3180 3414 3251 γὰρ
3489 3173 3639 3229 οὐδὲν
3726 3178 3899 3228 ἱκανόν
3947 3175 4201 3247 οὐμενοῦν

2581 3267 2698 3323 οὐδ’
2722 3270 2889 3341 ἄξιον,
2932 3273 3047 3322 οὔτε
3077 3276 3178 3321 τὼν
3217 3266 3303 3321 ἐπὶ
3333 3271 3418 3319 σοὶ
3457 3262 3677 3335 ὠδίνων,
3733 3266 3850 3317 οὔτε
3915 3272 4015 3316 τῶν
4069 3284 4201 3339 τρο-

2580 3364 2749 3431 φείων,
2781 3362 2898 3411 οὔτε
2928 3367 3026 3410 τῶν
3068 3357 3233 3409 ἄλλων
3273 3357 3340 3407 ὧν
3398 3356 3585 3427 ἔτυχες
3650 3352 3842 3420 καλῶν,
3909 3352 4197 3420 ἐκπλῆσαι,

2576 3447 2672 3500 κᾶν
2714 3452 2927 3501 σεαυτόν
2953 3447 3067 3500 ὅλον
3120 3450 3281 3520 πρόῃ,
3325 3446 3466 3507 ζωῆς
3522 3443 3871 3518 ὀλιγωρήσας.
3929 3448 3994 3495 Τί
4048 3446 4195 3519 γαρς

2575 3538 2639 3604 εὶ,
2699 3540 2820 3612 ὅπερ
2881 3537 3108 3609 εἴληφας,
3174 3531 3409 3605 ἀποδῷς,
3505 3530 3772 3606 σύμπηξιν
3833 3538 4075 3604 σώματος
4146 3532 4198 3585 ἓν

2576 3626 2901 3699 σπλάγχνοις
2978 3616 3278 3700 μητρικοῖς,
3376 3624 3487 3696 ἅμα
3554 3619 3614 3675 δι
3682 3627 3773 3675 xui
3823 3621 4012 3694 ψυχῆς
4056 3626 4198 3695 πρὸς

803 3716 1004 3774 tatem,
1036 3711 1229 3785 inquit
1264 3713 1394 3780 Jul),
1423 3719 1480 3769 et
1509 3730 1887 3788 quaecunque
1915 3715 2034 3772 alia
2065 3715 2165 3772 tibi
2191 3717 2461 3773 nutriun-
2494 3737 2533 3791 ρ

2439 3745 2461 3759 ο
2494 3737 2533 3791 C
2570 3724 2724 3769 τοῦτο
2774 3712 2992 3789 δεσμόν,
3072 3719 3163 3767 καὶ
3224 3718 3316 3767 σὺν
3370 3714 3563 3786 μόχθῳ
3611 3716 3872 3784 γέννησιν,
3934 3710 4052 3765 Ἰὼϐ
4108 3712 4190 3765 λέ-

802 3800 881 3857 do
915 3817 986 3857 ac
1016 3801 1379 3872 adaugendo
1402 3810 1747 3867 evenerunt,
1782 3810 1837 3861 et
1868 3805 1946 3861 ad
1978 3805 2039 3861 id
2078 3806 2267 3861 aetatis
2305 3805 2461 3863 elato

802 3895 1095 3962 (Occurrat
1123 3898 1323 3948 autem
1354 3897 1411 3949 et
1440 3892 1621 3963 longa
1642 3893 1899 3968 felixque
1934 3894 2229 3965 senectus,
2280 3902 2345 3953 ut
2404 3901 2461 3953 et

798 3997 993 4049 mens,
1019 3980 1191 4051 juxta
1220 3996 1427 4053 preces
1454 3988 1711 4050 nostras,
1745 3984 1847 4040 tibi
1878 3985 2133 4041 occurrit
2158 3986 2459 4058 profunda

799 4070 1087 4141 etgravis,
1104 4070 1398 4143 quidquid
1412 4077 1578 4129 tuam
1592 4077 1826 4130 aetatem
1841 4078 2028 4143 decet,
2078 4081 2457 4145 transgresso

797 4167 854 4217 et
895 4159 1143 4215 senilem
1178 4160 1544 4217 intellectum
1592 4162 1930 4236 dignasque
1982 4180 2124 4220 sene
2148 4166 2456 4236 cogitatio-

796 4263 902 4308 nes
927 4251 985 4306 in
1012 4249 1263 4321 juvenili
1295 4250 1473 4307 corde
1525 4254 1814 4325 ponenti).
1865 4254 1921 4311 Si
1971 4254 2152 4325 igitur
2210 4260 2267 4312 et
2304 4255 2455 4311 exis-

796 4341 1061 4403 tentiam,
1088 4344 1142 4395 et
1164 4355 1301 4413 quze
1323 4340 1541 4396 deinde
1570 4341 1674 4398 tibi
1703 4349 2031 4400 evenerunt
2076 4344 2239 4402 bona
2265 4360 2302 4401 a
2327 4361 2453 4402 ma-

794 4437 900 4493 tre.
934 4447 1006 4487 ex
1034 4429 1164 4502 ejus
1213 4431 1370 4486 curis
1425 4437 1481 4487 et
1523 4432 1804 4504 precibus
1853 4436 2158 4507 accepisti,
2199 4436 2346 4507 quid
2396 4441 2452 4492 et

791 4526 1088 4594 quantum
1121 4536 1231 4591 pro
1262 4521 1353 4576 bis
1379 4521 1661 4577 omnibus
1693 4528 1806 4579 ate
1828 4525 1998 4579 reddi
2030 4530 2351 4597 oporteret,
2386 4530 2451 4581 ut

790 4608 1088 4683 quidquid
1117 4609 1287 4665 decet
1306 4616 1409 4665 ate
1442 4610 1743 4666 redditum
1759 4611 1943 4669 fuisse
1966 4614 2239 4671 videatur
2263 4616 2275 4670 l
2303 4617 2449 4671 Cum

789 4717 911 4758 non
927 4700 1142 4773 possis,
1159 4700 1238 4756 da
1250 4706 1545 4772 quantum
1562 4709 1751 4773 potes,
1768 4702 2058 4760 honorem
2074 4721 2293 4779 nempe
2316 4706 2447 4762 abs~

788 4807 907 4864 que
939 4805 1241 4856 mensura,
1262 4789 1366 4845 sed
1386 4790 1657 4861 quodam
1672 4806 1923 4848 excessu
1937 4795 2393 4867 superadditum
2431 4810 2444 4862 ;

787 4894 912 4952 quo
944 4875 1127 4949 magis
1158 4879 1321 4935 enim
1350 4878 1543 4950 dabis,
1575 4895 1645 4935 eo
1697 4881 1899 4951 majus
1945 4882 2179 4939 lucrum
2239 4883 2444 4941 facies.

786 4969 1023 5026 Reddas
1050 4968 1228 5025 matri
1249 4968 1548 5041 quidquid
1566 4968 1642 5025 ad
1663 4986 1759 5027 me
1771 4972 2043 5046 pertinet,
2064 4980 2119 5032 et
2145 4974 2447 5049 quidquid

887 5168 932 5235 t)
965 5165 1132 5223 Conf.
1166 5163 1382 5221 Psalm.
1416 5181 1612 5222 cxvm.
1640 5166 1742 5224 105

854 5166 932 5308 (2)
965 5239 1165 5293 Sinon
1196 5241 1355 5292 totus
1414 5244 1571 5295 esset
1624 5238 1742 5295 Chu

880 5242 932 5307 2)
965 5239 1165 5293 Sinon
1196 5241 1355 5292 totus
1414 5244 1571 5295 esset
1624 5238 1953 5297 Chummus
2006 5242 2065 5299 in
2118 5242 2443 5302 Bibliorum

782 5308 1143 5391 imitatione,
1163 5324 1350 5381 quam
1371 5314 1428 5391 et
1447 5308 1761 5391 hic‘inesse
1784 5312 1863 5391 ob
1896 5313 2266 5391 adjectivum
2285 5318 2441 5391 ἀκρο-

780 5388 952 5460 τόμον.
980 5380 1304 5460 s_uspic9r,_
1335 5380 1447 5460 ob.
1481 5380 1753 5460 alterum
1805 5380 2042 5460 ῥιχάρττόν
2103 5380 2442 5460 suspicarer

778 5450 1117 5531 meminisse
1154 5450 1453 5531 (Escbylei
1484 5452 1755 5531 versiculi
1802 5456 1863 5531 i_n
1908 5450 2442 5531 'Septemtﬁebana

777 5528 852 5582 de
874 5524 1524 5600 AmphiaraozBuBaiuv
1578 5524 1740 5579 άλοκα
1802 5524 1895 5581 δ’ιά
1963 5524 2138 5604 φρενὸς
2199 5534 2439 5608 καρποῦ-

820 5619 947 5661 ενος.

776 5621 1232 5746 θ’(ἕῖιοᾳῃηθε,
1271 5672 1438 5746 puto,
1477 5668 1811 5746 phumnus,
1850 5670 1955 5746 qui
1990 5674 2100 5746 fuit
2132 5675 2436 5734 cubicula-

696 5782 698 5784 τ
771 5739 921 5807 rius.
992 5742 1136 5799 lluic
1176 5739 1589 5817 parentavisse
1650 5743 1786 5803 vide
1838 5739 2080 5822 N’iceph.
2141 5750 2436 5823 Gregoras

2569 3824 2648 3878 γει
2678 3808 2781 3877 (6),
2808 3810 2899 3857 καὶ
2930 3804 3090 3857 τᾶλλα
3118 3804 3220 3857 ὅσα
3276 3802 3497 3865 καθεξῆς
3558 3800 3617 3863 ἀς
3670 3799 3939 3859 ἀπήντησε
3998 3820 4188 3874 τρεφο-

2569 3900 2703 3968 μένῳ
2727 3901 2816 3948 καὶ
2848 3894 3168 3967 αὖξανεμένῳ
3202 3898 3293 3945 καὶ
3358 3895 3489 3963 πρὸς
3548 3891 3693 3943 τοῦθ’
3743 3890 3953 3952 ἡλικίας
4008 3891 4186 3955 καλῶς

2569 3984 2838 4042 ἐληλακότι
2868 3983 3185 4056 (ἀπαντήσοι
3236 3978 3296 4035 δε
3356 3985 3446 4043 καὶ
3500 3988 3665 4055 γῆρας
3707 3978 3844 4052 βαθὺ
3883 3984 3971 4033 xui
4033 3988 4180 4054 πῖον,

2568 4078 2637 4136 ὡς
2660 4079 2749 4127 καὶ
2778 4082 2917 4142 νοῦς,
2940 4075 3075 4125 κατά
3122 4074 3217 4132 τὰς
3265 4071 3431 4142 εὐχὰς
3480 4072 3649 4142 ἡμῶν,
3692 4067 3961 4128 ἀπήντησε
4004 4067 4184 4141 βαθὺς

2565 4168 2654 4215 καὶ
2720 4164 2918 4229 πολιός,
3001 4166 3192 4224 παντὸς
3262 4159 3640 4233 προανακυψεις
3706 4166 3798 4211 τοῦ
3859 4167 3931 4229 τῷ
3989 4164 4179 4232 χρόνῳ

2563 4260 2931 4326 προσήκοντος,
2983 4258 3072 4305 xui
3132 4250 3481 4323 πρεσϐυτικὴν
3544 4252 3751 4302 σύνεσιν
3808 4247 3856 4300 έν
3908 4253 4176 4324 νεαζούση

2564 4346 2665 4404 θεὶς
2688 4340 2887 4418 καρδία
2925 4348 3014 4395 καὶ
3064 4343 3319 4416 γηραιοὺς
3373 4339 3683 4411 λογισμούς)
3717 4358 3729 4371 ·
3764 4337 3806 4391 εἰ
3862 4339 4033 4390 τοίνυν
4084 4345 4180 4392 καὶ

2561 4436 2627 4485 τὰ
2655 4436 2836 4509 πρῶτά
2867 4450 2952 4485 σοι
2980 4438 3072 4483 τοῦ
3120 4427 3249 4483 εἶναι
3277 4431 3422 4502 παρὰ
3477 4432 3692 4501 μητρός,
3761 4432 3849 4479 καὶ
3906 4430 3972 4479 τὰ
4021 4431 4183 4482 καθε-

2562 4522 2654 4585 ξῆς
2685 4520 2743 4575 δὲ
2768 4528 2858 4575 xui
2896 4529 2988 4574 τοῦ
3029 4517 3081 4574 εὖ
3114 4517 3243 4572 εἶναι
3290 4522 3355 4571 τα
3408 4522 3499 4591 μεν
3558 4516 3866 4589 έπιμελςιαις
3921 4518 4176 4585 συνῆλθε,

2558 4616 2625 4665 τὰ
2656 4610 2707 4665 δ’
2732 4612 2913 4685 εὐχαῖς
2939 4618 3238 4685 μητρικαῐς,
3292 4614 3341 4661 τὶ
3381 4607 3441 4659 ἂν
3496 4612 3587 4660 καὶ
3634 4609 3755 4660 ὅσον
3793 4607 3918 4681 ὑπὲρ
3961 4627 4176 4659 παντων

2557 4722 2753 4755 τουτων
2776 4698 3009 4762 ἀποδοὺς
3048 4707 3148 4753 πᾶν
3179 4701 3300 4752 ὅσον
3339 4706 3607 4773 προσῆκον
3639 4701 3848 4769 φανείης
3876 4694 3937 4748 ἆν
3977 4694 4178 4750 ἀποδε-

2558 4790 2741 4855 δωκώς
2771 4809 2784 4859 ;
2823 4791 2964 4845 Ἐπεὶ
3005 4787 3063 4843 δε
3102 4793 3174 4862 μὴ
3218 4791 3379 4861 ἔχεις,
3406 4784 3499 4849 δός
3529 4789 3648 4839 ὅσον
3688 4789 3849 4859 ἔχεις,
3880 4790 4043 4858 τιμήν
4074 4790 4173 4846 τήν

2555 4887 2628 4956 μὴ
2660 4885 2793 4935 κατὰ
2854 4886 3059 4956 μέτρον,
3113 4878 3220 4932 ἀλλ’
3292 4876 3600 4952 ὑπερϐολαῖς
3660 4895 3771 4930 τισι
3819 4895 4173 4951 προσενηνεγ-

2556 4978 2711 5048 μένην
2741 4994 2754 5007 ·
2788 4974 2909 5026 ὅσον
2939 4973 3040 5045 γὰρ
3072 4972 3133 5023 ἄν
3161 4967 3348 5030 δώσεις
3406 4969 3485 5041 (7)
3532 4967 3703 5039 πλέον,
3766 4974 4015 5019 τοσοῦτον
4078 4975 4174 5021 καὶ

2554 5172 2845 5238 oratione,
2876 5170 3048 5243 cujus
3104 5167 3329 5225 lemma
3380 5164 3623 5240 protulit
3662 5163 3969 5222 Fabricius
4010 5165 4167 5222 Bibl.

2554 5248 2647 5303 Gr.
2680 5262 2717 5300 ι.
2754 5244 2869 5303 VII.
2903 5260 2963 5303 ι).
2997 5245 3121 5298 645.

2625 5260 3393 5388 (4))ὶίὶἓέιῐῗίινοὲὲωίηὶεεο
3445 5308 3771 5388 verborum
3819 5307 4170 5388 Salomonis

2551 5385 2719 5445 Prov.
2782 5403 2920 5456 xvii,
2962 5391 2993 5442 6
3058 5399 3071 5440 :
3132 5385 3377 5455 Στέφανος
3432 5386 3685 5454 γερόντων
3743 5397 3895 5433 τικνα
3947 5386 4166 5451 τέκνων,

2550 5463 2811 5533 καύχημα
2832 5455 2891 5512 δὲ
2908 5455 3103 5533 τέκνων
3142 5458 3360 5529 πατέρες
3389 5456 3577 5533 αὑτων.

2622 5516 2697 5605 (3')
2719 5516 2789 5588 id
2824 5516 3303 5605 adverbiume‘s't
3322 5516 3355 5584 e
3388 5524 3740 5583 rarissimis.

2619 5601 2701 5680 (6)
2730 5609 2816 5680 ᾼΙ]
2848 5602 2985 5660 Job.
3008 5617 3143 5680 _x1v,
3184 5604 3206 5654 1
3235 5601 3338 5680 ⁸2⁸.
3560 5668 3592 5680 η
3623 5665 3655 5680 ,ι
3836 5672 3847 5680 _
3938 5667 3950 5679 .

2618 5665 2696 5748 (7)
2730 5678 2878 5748 Puto
2908 5665 3217 5748 scripsisse
3272 5665 3443 5748 δῴνῃς
3477 5665 3973 5748 ;nihil__mutavi,
4016 5684 4167 5729 cum

2544 5730 2704 5809 esset
2722 5730 2876 5809 inter
2901 5730 3057 5807 duas
3084 5743 3282 5805 malas
3313 5730 3598 5806 lectiones
3639 5730 4011 5816 eligendum.
